{
  "id": "gen9championsvgc2026regma-2581053884",
  "format": "[Gen 9 Champions] VGC 2026 Reg M-A",
  "players": [
    "My_Dewgong_is_long",
    "RadiantBlue4552"
  ],
  "log": "|j|\u2606My_Dewgong_is_long\n|j|\u203dRadiantBlue4552\n|t:|1775955504\n|gametype|doubles\n|player|p1|My_Dewgong_is_long|plasmagrunt|1000\n|player|p2|RadiantBlue4552|266|1000\n|gen|9\n|tier|[Gen 9 Champions] VGC 2026 Reg M-A\n|rated|\n|rule|Species Clause: Limit one of each Pok\u00e9mon\n|rule|Item Clause: Limit 1 of each item\n|clearpoke\n|poke|p1|Palafin, L50, F|\n|poke|p1|Gengar, L50, M|\n|poke|p1|Hippowdon, L50, M|\n|poke|p1|Kingambit, L50, F|\n|poke|p1|Goodra, L50, M|\n|poke|p1|Mimikyu, L50, F|\n|poke|p2|Snorlax, L50, F|\n|poke|p2|Sableye, L50, F|\n|poke|p2|Farigiraf, L50, F|\n|poke|p2|Maushold-Four, L50|\n|poke|p2|Gengar, L50, M|\n|poke|p2|Pelipper, L50, F|\n|teampreview|4\n|inactive|Battle timer is ON: inactive players will automatically lose when time's up. (requested by RadiantBlue4552)\nRadiantBlue4552 rejected open team sheets.\n|\n|t:|1775955535\n|teamsize|p1|4\n|teamsize|p2|4\n|start\n|switch|p1a: Gengar|Gengar, L50, M|100/100\n|switch|p1b: Mimikyu|Mimikyu, L50, F|100/100\n|switch|p2a: Snorlax|Snorlax, L50, F|100/100\n|switch|p2b: Sableye|Sableye, L50, F|100/100\n|turn|1\n|\n|t:|1775955560\n|move|p2b: Sableye|Skill Swap|p2a: Snorlax\n|-activate|p2b: Sableye|Skill Swap|||[of] p2a: Snorlax\n|move|p2a: Snorlax|Amnesia|p2a: Snorlax\n|-boost|p2a: Snorlax|spd|2\n|move|p1a: Gengar|Toxic Spikes|p2a: Snorlax\n|-sidestart|p2: RadiantBlue4552|move: Toxic Spikes\n|move|p1b: Mimikyu|Swords Dance|p1b: Mimikyu\n|-boost|p1b: Mimikyu|atk|2\n|\n|upkeep\n|turn|2\n|\n|t:|1775955581\n|move|p2a: Snorlax|Curse|p2a: Snorlax\n|-unboost|p2a: Snorlax|spe|1\n|-boost|p2a: Snorlax|atk|1\n|-boost|p2a: Snorlax|def|1\n|move|p1a: Gengar|Shadow Ball|p2b: Sableye\n|-damage|p2b: Sableye|50/100\n|-enditem|p2b: Sableye|Sitrus Berry|[eat]\n|-heal|p2b: Sableye|75/100|[from] item: Sitrus Berry\n|move|p1b: Mimikyu|Play Rough|p2a: Snorlax\n|-damage|p2a: Snorlax|68/100\n|move|p2b: Sableye|Will-O-Wisp|p1b: Mimikyu|[miss]\n|-miss|p2b: Sableye|p1b: Mimikyu\n|\n|upkeep\n|turn|3\n|\n|t:|1775955605\n|move|p2a: Snorlax|Curse|p2a: Snorlax\n|-unboost|p2a: Snorlax|spe|1\n|-boost|p2a: Snorlax|atk|1\n|-boost|p2a: Snorlax|def|1\n|move|p1a: Gengar|Thunderbolt|p2a: Snorlax\n|-damage|p2a: Snorlax|59/100\n|-status|p2a: Snorlax|par\n|-enditem|p2a: Snorlax|Lum Berry|[eat]\n|-curestatus|p2a: Snorlax|par|[msg]\n|move|p1b: Mimikyu|Play Rough|p2b: Sableye\n|-supereffective|p2b: Sableye|1\n|-damage|p2b: Sableye|0 fnt\n|faint|p2b: Sableye\n|\n|upkeep\n|\n|t:|1775955619\n|switch|p2b: Maushold|Maushold-Four, L50|100/100\n|-status|p2b: Maushold|psn\n|turn|4\n|\n|t:|1775955632\n|switch|p1a: Palafin|Palafin, L50, F, shiny|100/100\n|move|p2b: Maushold|Protect|p2b: Maushold\n|-singleturn|p2b: Maushold|Protect\n|move|p2a: Snorlax|Curse|p2a: Snorlax\n|-unboost|p2a: Snorlax|spe|1\n|-boost|p2a: Snorlax|atk|1\n|-boost|p2a: Snorlax|def|1\n|move|p1b: Mimikyu|Swords Dance|p1b: Mimikyu\n|-boost|p1b: Mimikyu|atk|2\n|\n|-damage|p2b: Maushold|88/100 psn|[from] psn\n|upkeep\n|turn|5\n|inactive|RadiantBlue4552 has 30 seconds left.\n|\n|t:|1775955667\n|switch|p1b: Gengar|Gengar, L50, M|100/100\n|move|p2b: Maushold|Follow Me|p2b: Maushold\n|-singleturn|p2b: Maushold|move: Follow Me\n|move|p2a: Snorlax|Amnesia|p2a: Snorlax\n|-boost|p2a: Snorlax|spd|2\n|move|p1a: Palafin|Flip Turn|p2b: Maushold\n|-damage|p2b: Maushold|60/100 psn\n|\n|t:|1775955676\n|detailschange|p1a: Palafin|Palafin-Hero, L50, F, shiny\n|switch|p1a: Mimikyu|Mimikyu, L50, F|100/100|[from] Flip Turn\n|\n|-damage|p2b: Maushold|48/100 psn|[from] psn\n|upkeep\n|turn|6\n|\n|t:|1775955696\n|switch|p1a: Palafin|Palafin-Hero, L50, F, shiny|100/100\n|-activate|p1a: Palafin|ability: Zero to Hero\n|move|p2b: Maushold|Protect|p2b: Maushold\n|-singleturn|p2b: Maushold|Protect\n|move|p2a: Snorlax|Curse|p2a: Snorlax\n|-unboost|p2a: Snorlax|spe|1\n|-boost|p2a: Snorlax|atk|1\n|-boost|p2a: Snorlax|def|1\n|move|p1b: Gengar|Thunderbolt|p2a: Snorlax\n|-damage|p2a: Snorlax|54/100\n|\n|-damage|p2b: Maushold|36/100 psn|[from] psn\n|upkeep\n|turn|7\n|\n|t:|1775955719\n|move|p2b: Maushold|Follow Me|p2b: Maushold\n|-singleturn|p2b: Maushold|move: Follow Me\n|move|p2a: Snorlax|Curse|p2a: Snorlax\n|-unboost|p2a: Snorlax|spe|1\n|-boost|p2a: Snorlax|atk|1\n|-boost|p2a: Snorlax|def|1\n|move|p1b: Gengar|Thunderbolt|p2b: Maushold\n|-damage|p2b: Maushold|11/100 psn\n|move|p1a: Palafin|Wave Crash|p2b: Maushold\n|-damage|p2b: Maushold|0 fnt\n|faint|p2b: Maushold\n|-damage|p1a: Palafin|97/100|[from] Recoil\n|\n|upkeep\n|\n|t:|1775955732\n|switch|p2b: Farigiraf|Farigiraf, L50, F|100/100\n|-status|p2b: Farigiraf|psn\n|turn|8\n|\n|t:|1775955744\n|move|p2a: Snorlax|Rest|p2a: Snorlax\n|-status|p2a: Snorlax|slp|[from] move: Rest\n|-heal|p2a: Snorlax|100/100 slp|[silent]\n|move|p1b: Gengar|Thunderbolt|p2b: Farigiraf\n|-damage|p2b: Farigiraf|81/100 psn\n|move|p1a: Palafin|Wave Crash|p2a: Snorlax\n|-damage|p2a: Snorlax|83/100 slp\n|-damage|p1a: Palafin|88/100|[from] Recoil\n|move|p2b: Farigiraf|Psych Up|p2a: Snorlax\n|-copyboost|p2b: Farigiraf|p2a: Snorlax|[from] move: Psych Up\n|\n|-heal|p2b: Farigiraf|87/100 psn|[from] item: Leftovers\n|-damage|p2b: Farigiraf|75/100 psn|[from] psn\n|upkeep\n|turn|9\n|inactive|My_Dewgong_is_long has 30 seconds left.\n|\n|t:|1775955770\n|move|p1b: Gengar|Thunderbolt|p2b: Farigiraf\n|-damage|p2b: Farigiraf|67/100 psn\n|move|p1a: Palafin|Wave Crash|p2b: Farigiraf\n|-damage|p2b: Farigiraf|39/100 psn\n|-damage|p1a: Palafin|76/100|[from] Recoil\n|move|p2b: Farigiraf|Stored Power|p1b: Gengar\n|-supereffective|p1b: Gengar|1\n|-enditem|p1b: Gengar|Focus Sash\n|-damage|p1b: Gengar|1/100\n|cant|p2a: Snorlax|slp\n|\n|-heal|p2b: Farigiraf|45/100 psn|[from] item: Leftovers\n|-damage|p2b: Farigiraf|33/100 psn|[from] psn\n|upkeep\n|turn|10\n|inactive|My_Dewgong_is_long has 30 seconds left.\n|\n|t:|1775955795\n|move|p1b: Gengar|Destiny Bond|p1b: Gengar\n|-singlemove|p1b: Gengar|Destiny Bond\n|move|p1a: Palafin|Wave Crash|p2b: Farigiraf\n|-damage|p2b: Farigiraf|3/100 psn\n|-damage|p1a: Palafin|63/100|[from] Recoil\n|move|p2b: Farigiraf|Wish|p2b: Farigiraf\n|cant|p2a: Snorlax|slp\n|\n|-heal|p2b: Farigiraf|9/100 psn|[from] item: Leftovers\n|-damage|p2b: Farigiraf|0 fnt|[from] psn\n|faint|p2b: Farigiraf\n|upkeep\n|turn|11\n|\n|t:|1775955817\n|switch|p1b: Kingambit|Kingambit, L50, F|100/100\n|move|p1a: Palafin|Wave Crash|p2a: Snorlax\n|-damage|p2a: Snorlax|65/100 slp\n|-damage|p1a: Palafin|54/100|[from] Recoil\n|-curestatus|p2a: Snorlax|slp|[msg]\n|move|p2a: Snorlax|Body Press|p1a: Palafin\n|-damage|p1a: Palafin|0 fnt\n|faint|p1a: Palafin\n|\n|upkeep\n|\n|t:|1775955830\n|switch|p1a: Mimikyu|Mimikyu, L50, F|100/100\n|turn|12\n|\n|t:|1775955850\n|move|p1a: Mimikyu|Swords Dance|p1a: Mimikyu\n|-boost|p1a: Mimikyu|atk|2\n|move|p1b: Kingambit|Kowtow Cleave|p2a: Snorlax\n|-damage|p2a: Snorlax|54/100\n|move|p2a: Snorlax|Body Press|p1b: Kingambit\n|-supereffective|p1b: Kingambit|2\n|-damage|p1b: Kingambit|0 fnt\n|faint|p1b: Kingambit\n|-end|p1b: Kingambit|fallenundefined|[silent]\n|\n|upkeep\n|\n|t:|1775955859\n|switch|p1b: Gengar|Gengar, L50, M|1/100\n|turn|13\n|\n|t:|1775955873\n|move|p2a: Snorlax|Curse|p2a: Snorlax\n|-unboost|p2a: Snorlax|spe|1\n|-boost|p2a: Snorlax|atk|1\n|-boost|p2a: Snorlax|def|1\n|move|p1b: Gengar|Destiny Bond|p1b: Gengar\n|-singlemove|p1b: Gengar|Destiny Bond\n|move|p1a: Mimikyu|Play Rough|p2a: Snorlax\n|-damage|p2a: Snorlax|41/100\n|\n|upkeep\n|turn|14\n|inactive|My_Dewgong_is_long has 30 seconds left.\n|\n|t:|1775955908\n|move|p2a: Snorlax|Amnesia|p2a: Snorlax\n|-boost|p2a: Snorlax|spd|2\n|move|p1b: Gengar|Destiny Bond||[still]\n|-fail|p1b: Gengar\n|move|p1a: Mimikyu|Play Rough|p2a: Snorlax\n|-damage|p2a: Snorlax|30/100\n|\n|upkeep\n|turn|15\n|\n|t:|1775955919\n|move|p2a: Snorlax|Rest|p2a: Snorlax\n|-status|p2a: Snorlax|slp|[from] move: Rest\n|-heal|p2a: Snorlax|100/100 slp|[silent]\n|move|p1b: Gengar|Destiny Bond|p1b: Gengar\n|-singlemove|p1b: Gengar|Destiny Bond\n|move|p1a: Mimikyu|Swords Dance|p1a: Mimikyu\n|-boost|p1a: Mimikyu|atk|2\n|\n|upkeep\n|turn|16\n|\n|t:|1775955931\n|move|p1b: Gengar|Thunderbolt|p2a: Snorlax\n|-damage|p2a: Snorlax|96/100 slp\n|move|p1a: Mimikyu|Swords Dance|p1a: Mimikyu\n|-boost|p1a: Mimikyu|atk|2\n|cant|p2a: Snorlax|slp\n|\n|upkeep\n|turn|17\n|inactive|My_Dewgong_is_long has 30 seconds left.\n|\n|t:|1775955961\n|move|p1b: Gengar|Thunderbolt|p2a: Snorlax\n|-damage|p2a: Snorlax|91/100 slp\n|move|p1a: Mimikyu|Play Rough|p2a: Snorlax\n|-damage|p2a: Snorlax|70/100 slp\n|cant|p2a: Snorlax|slp\n|\n|upkeep\n|turn|18\n|\n|t:|1775955972\n|-curestatus|p2a: Snorlax|slp|[msg]\n|move|p2a: Snorlax|Curse|p2a: Snorlax\n|move|p1b: Gengar|Thunderbolt|p2a: Snorlax\n|-damage|p2a: Snorlax|65/100\n|move|p1a: Mimikyu|Play Rough|p2a: Snorlax\n|-damage|p2a: Snorlax|43/100\n|-unboost|p2a: Snorlax|atk|1\n|\n|upkeep\n|turn|19\n|inactive|My_Dewgong_is_long has 30 seconds left.\n|\n|t:|1775955998\n|move|p2a: Snorlax|Curse|p2a: Snorlax\n|-boost|p2a: Snorlax|atk|1\n|move|p1b: Gengar|Destiny Bond|p1b: Gengar\n|-singlemove|p1b: Gengar|Destiny Bond\n|move|p1a: Mimikyu|Play Rough|p2a: Snorlax\n|-damage|p2a: Snorlax|18/100\n|\n|upkeep\n|turn|20\n|\n|t:|1775956011\n|move|p2a: Snorlax|Rest|p2a: Snorlax\n|-status|p2a: Snorlax|slp|[from] move: Rest\n|-heal|p2a: Snorlax|100/100 slp|[silent]\n|move|p1b: Gengar|Thunderbolt|p2a: Snorlax\n|-damage|p2a: Snorlax|96/100 slp\n|move|p1a: Mimikyu|Play Rough|p2a: Snorlax\n|-damage|p2a: Snorlax|72/100 slp\n|\n|upkeep\n|turn|21\n|inactive|My_Dewgong_is_long has 30 seconds left.\n|\n|t:|1775956043\n|cant|p2a: Snorlax|slp\n|move|p1b: Gengar|Thunderbolt|p2a: Snorlax\n|-damage|p2a: Snorlax|68/100 slp\n|move|p1a: Mimikyu|Swords Dance|p1a: Mimikyu\n|-boost|p1a: Mimikyu|atk|0\n|\n|upkeep\n|turn|22\n|inactive|My_Dewgong_is_long has 30 seconds left this turn.\n|inactive|My_Dewgong_is_long has 20 seconds left.\n|inactive|My_Dewgong_is_long has 15 seconds left.\n|inactive|My_Dewgong_is_long has 10 seconds left.\n|inactive|My_Dewgong_is_long has 5 seconds left.\n|\n|t:|1775956072\n|cant|p2a: Snorlax|slp\n|move|p1b: Gengar|Thunderbolt|p2a: Snorlax\n|-damage|p2a: Snorlax|63/100 slp\n|move|p1a: Mimikyu|Play Rough|p2a: Snorlax\n|-damage|p2a: Snorlax|41/100 slp\n|\n|upkeep\n|turn|23\n|inactive|My_Dewgong_is_long has 5 seconds left this turn.\n|-message|My_Dewgong_is_long lost due to inactivity.\n|\n|win|RadiantBlue4552\n|raw|My_Dewgong_is_long's rating: 1000 &rarr; <strong>1000</strong><br />(+0 for losing)\n|raw|RadiantBlue4552's rating: 1000 &rarr; <strong>1040</strong><br />(+40 for winning)\n",
  "uploadtime": 1775956085,
  "views": 11,
  "formatid": "gen9championsvgc2026regma",
  "rating": 1000,
  "private": 0,
  "password": null
}