{
  "id": "gen9championsvgc2026regma-2583557811",
  "format": "[Gen 9 Champions] VGC 2026 Reg M-A",
  "players": [
    "vnunesp12",
    "Mig2007"
  ],
  "log": "|j|\u2606vnunesp12\n|j|\u2606Mig2007\n|t:|1776183185\n|gametype|doubles\n|player|p1|vnunesp12|red|1114\n|player|p2|Mig2007|266|1055\n|gen|9\n|tier|[Gen 9 Champions] VGC 2026 Reg M-A\n|rated|\n|rule|Species Clause: Limit one of each Pok\u00e9mon\n|rule|Item Clause: Limit 1 of each item\n|clearpoke\n|poke|p1|Froslass, L50, F|\n|poke|p1|Ninetales-Alola, L50, M|\n|poke|p1|Sneasler, L50, F|\n|poke|p1|Kingambit, L50, F|\n|poke|p1|Garchomp, L50, M|\n|poke|p1|Talonflame, L50, F|\n|poke|p2|Glimmora, L50, F|\n|poke|p2|Liepard, L50, F|\n|poke|p2|Ninetales-Alola, L50, F|\n|poke|p2|Toxicroak, L50, F|\n|poke|p2|Infernape, L50, F|\n|poke|p2|Rotom-Wash, L50|\n|teampreview|4\n|inactive|Battle timer is ON: inactive players will automatically lose when time's up. (requested by vnunesp12)\n|inactive|vnunesp12 has 60 seconds left.\n|\n|t:|1776183260\n|teamsize|p1|4\n|teamsize|p2|4\n|start\n|switch|p1a: Pulga|Sneasler, L50, F|100/100\n|switch|p1b: Willian Jos\u00e9|Garchomp, L50, M|100/100\n|switch|p2a: Infernape|Infernape, L50, F, shiny|100/100\n|switch|p2b: Rotom|Rotom-Wash, L50|100/100\n|turn|1\n|\n|t:|1776183290\n|move|p1a: Pulga|Fake Out|p2b: Rotom\n|-damage|p2b: Rotom|80/100\n|move|p1b: Willian Jos\u00e9|Earth Power|p2a: Infernape\n|-supereffective|p2a: Infernape|1\n|-damage|p2a: Infernape|33/100\n|cant|p2b: Rotom|flinch\n|move|p2a: Infernape|Aura Sphere|p1b: Willian Jos\u00e9\n|-damage|p1b: Willian Jos\u00e9|52/100\n|\n|upkeep\n|turn|2\n|\n|t:|1776183308\n|move|p1b: Willian Jos\u00e9|Earth Power|p2a: Infernape\n|-supereffective|p2a: Infernape|1\n|-damage|p2a: Infernape|0 fnt\n|faint|p2a: Infernape\n|move|p2b: Rotom|Hydro Pump|p1b: Willian Jos\u00e9\n|-damage|p1b: Willian Jos\u00e9|0 fnt\n|faint|p1b: Willian Jos\u00e9\n|move|p1a: Pulga|Close Combat|p2b: Rotom\n|-damage|p2b: Rotom|0 fnt\n|-unboost|p1a: Pulga|def|1\n|-unboost|p1a: Pulga|spd|1\n|faint|p2b: Rotom\n|-enditem|p1a: Pulga|White Herb\n|-clearnegativeboost|p1a: Pulga|[silent]\n|\n|upkeep\n|\n|t:|1776183326\n|switch|p2a: Glimmora|Glimmora, L50, F|100/100\n|switch|p1b: Oliveira|Talonflame, L50, F|100/100\n|switch|p2b: Ninetales|Ninetales-Alola, L50, F, shiny|100/100\n|-weather|Snowscape|[from] ability: Snow Warning|[of] p2b: Ninetales\n|turn|3\n|\n|t:|1776183343\n|move|p2a: Glimmora|Spiky Shield|p2a: Glimmora\n|-singleturn|p2a: Glimmora|move: Protect\n|move|p1b: Oliveira|Tailwind|p1b: Oliveira\n|-sidestart|p1: vnunesp12|move: Tailwind\n|move|p1a: Pulga|Dire Claw|p2b: Ninetales\n|-supereffective|p2b: Ninetales|1\n|-damage|p2b: Ninetales|22/100\n|-status|p2b: Ninetales|par\n|move|p2b: Ninetales|Aurora Veil|p2b: Ninetales\n|-sidestart|p2: Mig2007|move: Aurora Veil\n|\n|-weather|Snowscape|[upkeep]\n|upkeep\n|turn|4\n|\n|t:|1776183366\n|detailschange|p2a: Glimmora|Glimmora-Mega, L50, F\n|-mega|p2a: Glimmora|Glimmora|Glimmoranite\n|move|p1a: Pulga|Dire Claw|p2b: Ninetales\n|-supereffective|p2b: Ninetales|1\n|-damage|p2b: Ninetales|0 fnt\n|faint|p2b: Ninetales\n|move|p1b: Oliveira|Will-O-Wisp|p2a: Glimmora\n|-status|p2a: Glimmora|brn\n|move|p2a: Glimmora|Sludge Bomb|p1a: Pulga\n|-resisted|p1a: Pulga|1\n|-damage|p1a: Pulga|53/100\n|\n|-weather|Snowscape|[upkeep]\n|-damage|p2a: Glimmora|94/100 brn|[from] brn\n|upkeep\n|turn|5\n|inactive|vnunesp12 has 30 seconds left.\n|\n|t:|1776183392\n|move|p1b: Oliveira|Brave Bird|p2a: Glimmora\n|-resisted|p2a: Glimmora|1\n|-damage|p2a: Glimmora|82/100 brn\n|-damage|p1b: Oliveira|97/100|[from] Recoil\n|move|p1a: Pulga|Dire Claw|p2a: Glimmora\n|-resisted|p2a: Glimmora|2\n|-damage|p2a: Glimmora|74/100 brn\n|move|p2a: Glimmora|Sludge Bomb|p1a: Pulga\n|-resisted|p1a: Pulga|1\n|-damage|p1a: Pulga|1/100\n|\n|-weather|Snowscape|[upkeep]\n|-damage|p2a: Glimmora|67/100 brn|[from] brn\n|upkeep\n|turn|6\n|inactive|vnunesp12 has 30 seconds left.\n|\n|t:|1776183418\n|move|p1b: Oliveira|Protect|p1b: Oliveira\n|-singleturn|p1b: Oliveira|Protect\n|move|p2a: Glimmora|Spiky Shield|p2a: Glimmora\n|-singleturn|p2a: Glimmora|move: Protect\n|move|p1a: Pulga|Close Combat|p2a: Glimmora\n|-activate|p2a: Glimmora|move: Protect\n|-damage|p1a: Pulga|0 fnt|[from] Spiky Shield|[of] p2a: Glimmora\n|faint|p1a: Pulga\n|\n|-weather|Snowscape|[upkeep]\n|-damage|p2a: Glimmora|61/100 brn|[from] brn\n|-sideend|p1: vnunesp12|move: Tailwind\n|upkeep\n|\n|t:|1776183432\n|switch|p1a: Everaldo|Froslass, L50, F|100/100\n|turn|7\n|\n|t:|1776183443\n|detailschange|p1a: Everaldo|Froslass-Mega, L50, F\n|-mega|p1a: Everaldo|Froslass|Froslassite\n|move|p1b: Oliveira|Tailwind|p1b: Oliveira\n|-sidestart|p1: vnunesp12|move: Tailwind\n|move|p1a: Everaldo|Shadow Ball|p2a: Glimmora\n|-damage|p2a: Glimmora|24/100 brn\n|move|p2a: Glimmora|Power Gem|p1a: Everaldo\n|-supereffective|p1a: Everaldo|1\n|-damage|p1a: Everaldo|0 fnt\n|faint|p1a: Everaldo\n|\n|-weather|none\n|-damage|p2a: Glimmora|17/100 brn|[from] brn\n|-sideend|p2: Mig2007|move: Aurora Veil\n|upkeep\n|turn|8\n|\n|t:|1776183461\n|move|p1b: Oliveira|Brave Bird|p2a: Glimmora\n|-resisted|p2a: Glimmora|1\n|-damage|p2a: Glimmora|0 fnt\n|faint|p2a: Glimmora\n|-damage|p1b: Oliveira|92/100|[from] Recoil\n|\n|win|vnunesp12\n|raw|vnunesp12's rating: 1114 &rarr; <strong>1135</strong><br />(+21 for winning)\n|raw|Mig2007's rating: 1055 &rarr; <strong>1040</strong><br />(-15 for losing)\n|l|\u2606Mig2007\n|player|p2|\n",
  "uploadtime": 1776183478,
  "views": 20,
  "formatid": "gen9championsvgc2026regma",
  "rating": 1040,
  "private": 0,
  "password": null
}