{
  "id": "gen9championsvgc2026regma-2588923844",
  "format": "[Gen 9 Champions] VGC 2026 Reg M-A",
  "players": [
    "Leivin",
    "miseria010"
  ],
  "log": "|j|\u2606Leivin\n|j|\u2606miseria010\n|t:|1776686316\n|gametype|doubles\n|player|p1|Leivin|1|1283\n|player|p2|miseria010|unknown|1373\n|gen|9\n|tier|[Gen 9 Champions] VGC 2026 Reg M-A\n|rated|\n|rule|Species Clause: Limit one of each Pok\u00e9mon\n|rule|Item Clause: Limit 1 of each item\n|clearpoke\n|poke|p1|Archaludon, L50, M|\n|poke|p1|Basculegion, L50, M|\n|poke|p1|Pelipper, L50, F|\n|poke|p1|Incineroar, L50, F|\n|poke|p1|Dragonite, L50, M|\n|poke|p1|Sinistcha, L50|\n|poke|p2|Charizard, L50, M, shiny|\n|poke|p2|Venusaur, L50, M|\n|poke|p2|Whimsicott, L50, F|\n|poke|p2|Incineroar, L50, M, shiny|\n|poke|p2|Garchomp, L50, M|\n|poke|p2|Conkeldurr, L50, M|\n|teampreview|4\n|inactive|Battle timer is ON: inactive players will automatically lose when time's up. (requested by Leivin)\n|inactive|Leivin has 60 seconds left.\n|\n|t:|1776686370\n|teamsize|p1|4\n|teamsize|p2|4\n|start\n|switch|p1a: Dragonite|Dragonite, L50, M|100/100\n|switch|p1b: Pelipper|Pelipper, L50, F|100/100\n|switch|p2a: Charizard|Charizard, L50, M, shiny|100/100\n|switch|p2b: Whimsicott|Whimsicott, L50, F|100/100\n|-weather|RainDance|[from] ability: Drizzle|[of] p1b: Pelipper\n|turn|1\n|inactive|Leivin has 30 seconds left.\n|\n|t:|1776686410\n|detailschange|p2a: Charizard|Charizard-Mega-Y, L50, M, shiny\n|-mega|p2a: Charizard|Charizard|Charizardite Y\n|-weather|SunnyDay|[from] ability: Drought|[of] p2a: Charizard\n|detailschange|p1a: Dragonite|Dragonite-Mega, L50, M\n|-mega|p1a: Dragonite|Dragonite|Dragoninite\n|move|p2b: Whimsicott|Moonblast|p1b: Pelipper\n|-crit|p1b: Pelipper\n|-damage|p1b: Pelipper|4/100\n|move|p2a: Charizard|Heat Wave|p1b: Pelipper|[spread] p1a,p1b\n|-resisted|p1a: Dragonite|1\n|-resisted|p1b: Pelipper|1\n|-damage|p1a: Dragonite|86/100\n|-damage|p1b: Pelipper|0 fnt\n|faint|p1b: Pelipper\n|move|p1a: Dragonite|Dragon Pulse|p2a: Charizard\n|-damage|p2a: Charizard|43/100\n|\n|-weather|SunnyDay|[upkeep]\n|upkeep\n|\n|t:|1776686422\n|switch|p1b: Incineroar|Incineroar, L50, F|100/100\n|-ability|p1b: Incineroar|Intimidate|boost\n|-unboost|p2a: Charizard|atk|1\n|-unboost|p2b: Whimsicott|atk|1\n|turn|2\n|inactive|Leivin has 30 seconds left.\n|\n|t:|1776686450\n|move|p2b: Whimsicott|Protect|p2b: Whimsicott\n|-singleturn|p2b: Whimsicott|Protect\n|move|p2a: Charizard|Protect|p2a: Charizard\n|-singleturn|p2a: Charizard|Protect\n|move|p1b: Incineroar|Fake Out|p2b: Whimsicott\n|-activate|p2b: Whimsicott|move: Protect\n|move|p1a: Dragonite|Dragon Pulse|p2a: Charizard\n|-activate|p2a: Charizard|move: Protect\n|\n|-weather|SunnyDay|[upkeep]\n|upkeep\n|turn|3\n|inactive|Leivin has 30 seconds left.\n|inactive|Leivin has 20 seconds left.\n|\n|t:|1776686489\n|switch|p2a: Venusaur|Venusaur, L50, M|100/100\n|move|p2b: Whimsicott|Tailwind|p2b: Whimsicott\n|-sidestart|p2: miseria010|move: Tailwind\n|move|p1a: Dragonite|Dragon Pulse|p2a: Venusaur\n|-damage|p2a: Venusaur|39/100\n|move|p1b: Incineroar|Flare Blitz|p2b: Whimsicott\n|-supereffective|p2b: Whimsicott|1\n|-enditem|p2b: Whimsicott|Focus Sash\n|-damage|p2b: Whimsicott|1/100\n|-damage|p1b: Incineroar|77/100|[from] Recoil\n|\n|-weather|SunnyDay|[upkeep]\n|-heal|p2a: Venusaur|45/100|[from] item: Leftovers\n|upkeep\n|turn|4\n|\n|t:|1776686511\n|move|p2b: Whimsicott|Protect|p2b: Whimsicott\n|-singleturn|p2b: Whimsicott|Protect\n|move|p2a: Venusaur|Sleep Powder|p1a: Dragonite\n|-status|p1a: Dragonite|slp|[from] move: Sleep Powder\n|cant|p1a: Dragonite|slp\n|move|p1b: Incineroar|Darkest Lariat|p2b: Whimsicott\n|-activate|p2b: Whimsicott|move: Protect\n|\n|-weather|SunnyDay|[upkeep]\n|-heal|p2a: Venusaur|51/100|[from] item: Leftovers\n|upkeep\n|turn|5\n|\n|t:|1776686527\n|move|p2a: Venusaur|Sludge Bomb|p1a: Dragonite\n|-damage|p1a: Dragonite|49/100 slp\n|move|p2b: Whimsicott|Moonblast|p1a: Dragonite\n|-supereffective|p1a: Dragonite|1\n|-damage|p1a: Dragonite|0 fnt\n|faint|p1a: Dragonite\n|move|p1b: Incineroar|Darkest Lariat|p2b: Whimsicott\n|-resisted|p2b: Whimsicott|1\n|-damage|p2b: Whimsicott|0 fnt\n|faint|p2b: Whimsicott\n|\n|-weather|none\n|-heal|p2a: Venusaur|57/100|[from] item: Leftovers\n|upkeep\n|\n|t:|1776686541\n|switch|p2b: Charizard|Charizard-Mega-Y, L50, M, shiny|43/100\n|switch|p1a: Basculegion|Basculegion, L50, M|100/100\n|-weather|SunnyDay|[from] ability: Drought|[of] p2b: Charizard\n|turn|6\n|\n|t:|1776686566\n|move|p2a: Venusaur|Sleep Powder|p1b: Incineroar|[miss]\n|-miss|p2a: Venusaur|p1b: Incineroar\n|move|p2b: Charizard|Solar Beam||[still]\n|-prepare|p2b: Charizard|Solar Beam\n|-anim|p2b: Charizard|Solar Beam|p1a: Basculegion\n|-supereffective|p1a: Basculegion|1\n|-damage|p1a: Basculegion|0 fnt\n|faint|p1a: Basculegion\n|move|p1b: Incineroar|Flare Blitz|p2a: Venusaur\n|-supereffective|p2a: Venusaur|1\n|-damage|p2a: Venusaur|0 fnt\n|faint|p2a: Venusaur\n|-damage|p1b: Incineroar|61/100|[from] Recoil\n|\n|-weather|SunnyDay|[upkeep]\n|-sideend|p2: miseria010|move: Tailwind\n|upkeep\n|\n|t:|1776686581\n|switch|p2a: Conkeldurr|Conkeldurr, L50, M|100/100\n|turn|7\n|\n|t:|1776686587\n|move|p2b: Charizard|Flamethrower|p1b: Incineroar\n|-resisted|p1b: Incineroar|1\n|-damage|p1b: Incineroar|18/100\n|-enditem|p1b: Incineroar|Sitrus Berry|[eat]\n|-heal|p1b: Incineroar|43/100|[from] item: Sitrus Berry\n|move|p1b: Incineroar|Flare Blitz|p2a: Conkeldurr\n|-damage|p2a: Conkeldurr|12/100\n|-damage|p1b: Incineroar|10/100|[from] Recoil\n|move|p2a: Conkeldurr|Drain Punch|p1b: Incineroar\n|-supereffective|p1b: Incineroar|1\n|-damage|p1b: Incineroar|0 fnt\n|-heal|p2a: Conkeldurr|17/100|[from] drain|[of] p1b: Incineroar\n|faint|p1b: Incineroar\n|\n|win|miseria010\n|raw|Leivin's rating: 1283 &rarr; <strong>1264</strong><br />(-19 for losing)\n|raw|miseria010's rating: 1373 &rarr; <strong>1388</strong><br />(+15 for winning)\n|l|\u2606Leivin\n|player|p1|\n",
  "uploadtime": 1776686603,
  "views": 8,
  "formatid": "gen9championsvgc2026regma",
  "rating": 1264,
  "private": 0,
  "password": null
}