{
  "id": "gen9championsvgc2026regma-2588026965",
  "format": "[Gen 9 Champions] VGC 2026 Reg M-A",
  "players": [
    "Tania Irochi",
    "lol7402"
  ],
  "log": "|j|\u2606Tania Irochi\n|j|\u2606lol7402\n|t:|1776594876\n|gametype|doubles\n|player|p1|Tania Irochi|lady-gen6|1070\n|player|p2|lol7402|n|1066\n|gen|9\n|tier|[Gen 9 Champions] VGC 2026 Reg M-A\n|rated|\n|rule|Species Clause: Limit one of each Pok\u00e9mon\n|rule|Item Clause: Limit 1 of each item\n|clearpoke\n|poke|p1|Meganium, L50, F|\n|poke|p1|Pelipper, L50, M|\n|poke|p1|Archaludon, L50, F|\n|poke|p1|Beartic, L50, F|\n|poke|p1|Garchomp, L50, F|\n|poke|p1|Klefki, L50, M|\n|poke|p2|Arcanine-Hisui, L50, F|\n|poke|p2|Zoroark-Hisui, L50, F|\n|poke|p2|Scizor, L50, F|\n|poke|p2|Milotic, L50, F|\n|poke|p2|Gallade, L50, M|\n|poke|p2|Whimsicott, L50, F|\n|teampreview|4\nTania Irochi rejected open team sheets.\n|inactive|Battle timer is ON: inactive players will automatically lose when time's up. (requested by Tania Irochi)\n|\n|t:|1776594910\n|teamsize|p1|4\n|teamsize|p2|4\n|start\n|switch|p1a: Pelipper|Pelipper, L50, M|100/100\n|switch|p1b: Garchomp|Garchomp, L50, F|100/100\n|switch|p2a: Gallade|Gallade, L50, M|100/100\n|switch|p2b: Whimsicott|Whimsicott, L50, F|100/100\n|-weather|RainDance|[from] ability: Drizzle|[of] p1a: Pelipper\n|turn|1\n|inactive|lol7402 has 30 seconds left.\n|\n|t:|1776594936\n|detailschange|p2a: Gallade|Gallade-Mega, L50, M\n|-mega|p2a: Gallade|Gallade|Galladite\n|move|p1b: Garchomp|Protect|p1b: Garchomp\n|-singleturn|p1b: Garchomp|Protect\n|move|p2b: Whimsicott|Tailwind|p2b: Whimsicott\n|-sidestart|p2: lol7402|move: Tailwind\n|move|p2a: Gallade|Psycho Cut|p1a: Pelipper\n|-damage|p1a: Pelipper|63/100\n|move|p1a: Pelipper|Tailwind|p1a: Pelipper\n|-sidestart|p1: Tania Irochi|move: Tailwind\n|\n|-weather|RainDance|[upkeep]\n|upkeep\n|turn|2\n|\n|t:|1776594952\n|move|p2a: Gallade|Protect|p2a: Gallade\n|-singleturn|p2a: Gallade|Protect\n|move|p2b: Whimsicott|Moonblast|p1b: Garchomp\n|-supereffective|p1b: Garchomp|1\n|-damage|p1b: Garchomp|35/100\n|move|p1b: Garchomp|Earthquake|p2b: Whimsicott|[spread] p2b\n|-activate|p2a: Gallade|move: Protect\n|-immune|p1a: Pelipper\n|-resisted|p2b: Whimsicott|1\n|-damage|p2b: Whimsicott|78/100\n|move|p1a: Pelipper|Hurricane|p2a: Gallade\n|-activate|p2a: Gallade|move: Protect\n|\n|-weather|RainDance|[upkeep]\n|upkeep\n|turn|3\n|\n|t:|1776594975\n|move|p1b: Garchomp|Protect|p1b: Garchomp\n|-singleturn|p1b: Garchomp|Protect\n|move|p2b: Whimsicott|Moonblast|p1a: Pelipper\n|-damage|p1a: Pelipper|20/100\n|-unboost|p1a: Pelipper|spa|1\n|move|p2a: Gallade|Psycho Cut|p1a: Pelipper\n|-damage|p1a: Pelipper|0 fnt\n|faint|p1a: Pelipper\n|\n|-weather|RainDance|[upkeep]\n|upkeep\n|\n|t:|1776594983\n|switch|p1a: Beartic|Beartic, L50, F|100/100\n|turn|4\n|\n|t:|1776594993\n|move|p1a: Beartic|Icicle Crash|p2b: Whimsicott\n|-supereffective|p2b: Whimsicott|1\n|-damage|p2b: Whimsicott|0 fnt\n|faint|p2b: Whimsicott\n|move|p2a: Gallade|Close Combat|p1a: Beartic\n|-supereffective|p1a: Beartic|1\n|-damage|p1a: Beartic|0 fnt\n|-unboost|p2a: Gallade|def|1\n|-unboost|p2a: Gallade|spd|1\n|faint|p1a: Beartic\n|move|p1b: Garchomp|Dragon Claw|p2a: Gallade\n|-damage|p2a: Gallade|19/100\n|\n|-weather|RainDance|[upkeep]\n|-sideend|p2: lol7402|move: Tailwind\n|-sideend|p1: Tania Irochi|move: Tailwind\n|upkeep\n|\n|t:|1776595005\n|switch|p2b: Milotic|Milotic, L50, F|100/100\n|switch|p1a: Meganium|Meganium, L50, F|100/100\n|turn|5\n|\n|t:|1776595016\n|switch|p2b: Scizor|Scizor, L50, F|100/100\n|detailschange|p1a: Meganium|Meganium-Mega, L50, F\n|-mega|p1a: Meganium|Meganium|Meganiumite\n|move|p2a: Gallade|Protect|p2a: Gallade\n|-singleturn|p2a: Gallade|Protect\n|move|p1b: Garchomp|Earthquake|p2b: Scizor|[spread] p1a,p2b\n|-activate|p2a: Gallade|move: Protect\n|-resisted|p1a: Meganium|1\n|-damage|p1a: Meganium|83/100\n|-damage|p2b: Scizor|53/100\n|move|p1a: Meganium|Dazzling Gleam|p2a: Gallade|[spread] p2b\n|-activate|p2a: Gallade|move: Protect\n|-resisted|p2b: Scizor|1\n|-crit|p2b: Scizor\n|-damage|p2b: Scizor|15/100\n|\n|-weather|none\n|upkeep\n|turn|6\n|inactive|lol7402 has 30 seconds left.\n|inactive|lol7402 has 20 seconds left.\n|inactive|lol7402 has 15 seconds left.\n|\n|t:|1776595060\n|move|p2b: Scizor|Protect|p2b: Scizor\n|-singleturn|p2b: Scizor|Protect\n|move|p1a: Meganium|Protect|p1a: Meganium\n|-singleturn|p1a: Meganium|Protect\n|move|p2a: Gallade|Psycho Cut|p1a: Meganium\n|-activate|p1a: Meganium|move: Protect\n|move|p1b: Garchomp|Earthquake|p2a: Gallade|[spread] p2a\n|-activate|p1a: Meganium|move: Protect\n|-activate|p2b: Scizor|move: Protect\n|-damage|p2a: Gallade|0 fnt\n|faint|p2a: Gallade\n|\n|upkeep\n|\n|t:|1776595065\n|switch|p2a: Milotic|Milotic, L50, F|100/100\n|turn|7\n|\n|t:|1776595075\n|move|p2b: Scizor|Bullet Punch|p1a: Meganium\n|-supereffective|p1a: Meganium|1\n|-damage|p1a: Meganium|25/100\n|move|p1b: Garchomp|Earthquake|p2a: Milotic|[spread] p1a,p2a,p2b\n|-resisted|p1a: Meganium|1\n|-damage|p1a: Meganium|10/100\n|-damage|p2a: Milotic|60/100\n|-damage|p2b: Scizor|0 fnt\n|faint|p2b: Scizor\n|move|p2a: Milotic|Ice Beam|p1b: Garchomp\n|-supereffective|p1b: Garchomp|2\n|-damage|p1b: Garchomp|0 fnt\n|faint|p1b: Garchomp\n|move|p1a: Meganium|Solar Beam||[still]\n|-prepare|p1a: Meganium|Solar Beam\n|-activate|p1a: Meganium|ability: Mega Sol\n|-anim|p1a: Meganium|Solar Beam|p2a: Milotic\n|-supereffective|p2a: Milotic|1\n|-damage|p2a: Milotic|0 fnt\n|faint|p2a: Milotic\n|\n|win|Tania Irochi\n|raw|Tania Irochi's rating: 1070 &rarr; <strong>1099</strong><br />(+29 for winning)\n|raw|lol7402's rating: 1066 &rarr; <strong>1046</strong><br />(-20 for losing)\n|c|\u2606Tania Irochi|gg\n|c|\u2606lol7402|gg\n|l|\u2606lol7402\n|player|p2|\n",
  "uploadtime": 1776595093,
  "views": 10,
  "formatid": "gen9championsvgc2026regma",
  "rating": 1046,
  "private": 0,
  "password": null
}