{
  "id": "gen9championsvgc2026regma-2586667269",
  "format": "[Gen 9 Champions] VGC 2026 Reg M-A",
  "players": [
    "He sits 2 pee",
    "catpotatt"
  ],
  "log": "|j|\u2606He sits 2 pee\n|j|\u2606catpotatt\n|t:|1776450599\n|gametype|doubles\n|player|p1|He sits 2 pee|1|1363\n|player|p2|catpotatt|roxie|1353\n|gen|9\n|tier|[Gen 9 Champions] VGC 2026 Reg M-A\n|rated|\n|rule|Species Clause: Limit one of each Pok\u00e9mon\n|rule|Item Clause: Limit 1 of each item\n|clearpoke\n|poke|p1|Archaludon, L50, M|\n|poke|p1|Pelipper, L50, F|\n|poke|p1|Farigiraf, L50, F|\n|poke|p1|Sinistcha, L50|\n|poke|p1|Basculegion, L50, M|\n|poke|p1|Drampa, L50, F|\n|poke|p2|Skarmory, L50, M|\n|poke|p2|Sneasler, L50, F|\n|poke|p2|Sinistcha, L50|\n|poke|p2|Incineroar, L50, M|\n|poke|p2|Rotom-Wash, L50|\n|poke|p2|Kingambit, L50, F|\n|teampreview|4\nHe sits 2 pee has agreed to open team sheets.\n|inactive|Battle timer is ON: inactive players will automatically lose when time's up. (requested by He sits 2 pee)\n|\n|t:|1776450656\n|teamsize|p1|4\n|teamsize|p2|4\n|start\n|switch|p1a: Archaludon|Archaludon, L50, M|100/100\n|switch|p1b: Farigiraf|Farigiraf, L50, F|100/100\n|switch|p2a: Rotom|Rotom-Wash, L50|100/100\n|switch|p2b: Kingambit|Kingambit, L50, F|100/100\n|turn|1\n|inactive|He sits 2 pee has 30 seconds left.\n|inactive|catpotatt has 30 seconds left.\n|\n|t:|1776450688\n|move|p2a: Rotom|Volt Switch|p1b: Farigiraf\n|-damage|p1b: Farigiraf|76/100\n|\n|t:|1776450693\n|switch|p2a: Skarmory|Skarmory, L50, M|100/100|[from] Volt Switch\n|move|p1a: Archaludon|Aura Sphere|p2b: Kingambit\n|-supereffective|p2b: Kingambit|2\n|-enditem|p2b: Kingambit|Focus Sash\n|-damage|p2b: Kingambit|1/100\n|move|p2b: Kingambit|Kowtow Cleave|p1b: Farigiraf\n|-supereffective|p1b: Farigiraf|1\n|-damage|p1b: Farigiraf|0 fnt\n|faint|p1b: Farigiraf\n|\n|upkeep\n|\n|t:|1776450711\n|switch|p1b: Pelipper|Pelipper, L50, F|100/100\n|-weather|RainDance|[from] ability: Drizzle|[of] p1b: Pelipper\n|turn|2\n|inactive|catpotatt has 30 seconds left.\n|inactive|catpotatt has 20 seconds left.\n|\n|t:|1776450749\n|detailschange|p2a: Skarmory|Skarmory-Mega, L50, M\n|-mega|p2a: Skarmory|Skarmory|Skarmorite\n|move|p2a: Skarmory|Protect|p2a: Skarmory\n|-singleturn|p2a: Skarmory|Protect\n|move|p2b: Kingambit|Sucker Punch||[still]\n|-fail|p2b: Kingambit\n|move|p1a: Archaludon|Electro Shot||[still]\n|-prepare|p1a: Archaludon|Electro Shot\n|-boost|p1a: Archaludon|spa|1\n|-anim|p1a: Archaludon|Electro Shot|p2a: Skarmory\n|-activate|p2a: Skarmory|move: Protect\n|move|p1b: Pelipper|Tailwind|p1b: Pelipper\n|-sidestart|p1: He sits 2 pee|move: Tailwind\n|\n|-weather|RainDance|[upkeep]\n|upkeep\n|turn|3\n|inactive|He sits 2 pee has 30 seconds left.\n|inactive|He sits 2 pee has 20 seconds left.\n|inactive|He sits 2 pee has 15 seconds left.\n|inactive|He sits 2 pee has 10 seconds left.\n|\n|t:|1776450794\n|move|p2b: Kingambit|Sucker Punch|p1b: Pelipper\n|-damage|p1b: Pelipper|57/100\n|move|p1a: Archaludon|Electro Shot||[still]\n|-prepare|p1a: Archaludon|Electro Shot\n|-boost|p1a: Archaludon|spa|1\n|-anim|p1a: Archaludon|Electro Shot|p2b: Kingambit\n|-damage|p2b: Kingambit|0 fnt\n|faint|p2b: Kingambit\n|move|p1b: Pelipper|Weather Ball|p2a: Skarmory\n|-damage|p2a: Skarmory|33/100\n|move|p2a: Skarmory|Brave Bird|p1b: Pelipper\n|-damage|p1b: Pelipper|0 fnt\n|faint|p1b: Pelipper\n|-damage|p2a: Skarmory|13/100|[from] Recoil\n|\n|-weather|RainDance|[upkeep]\n|upkeep\n|\n|t:|1776450813\n|switch|p2b: Rotom|Rotom-Wash, L50|100/100\n|switch|p1b: Drampa|Drampa, L50, F|100/100\n|turn|4\n|inactive|He sits 2 pee has 30 seconds left.\n|inactive|He sits 2 pee has 20 seconds left.\n|inactive|He sits 2 pee has 15 seconds left.\n|inactive|He sits 2 pee has 10 seconds left.\n|inactive|catpotatt has 30 seconds left.\n|inactive|He sits 2 pee has 5 seconds left.\n|\n|t:|1776450866\n|move|p2b: Rotom|Electroweb|p1b: Drampa|[spread] p1a,p1b\n|-resisted|p1a: Archaludon|1\n|-resisted|p1b: Drampa|1\n|-damage|p1a: Archaludon|90/100\n|-damage|p1b: Drampa|89/100\n|-unboost|p1a: Archaludon|spe|1\n|-unboost|p1b: Drampa|spe|1\n|move|p2a: Skarmory|Drill Run|p1a: Archaludon\n|-supereffective|p1a: Archaludon|1\n|-damage|p1a: Archaludon|44/100\n|move|p1a: Archaludon|Electro Shot||[still]\n|-prepare|p1a: Archaludon|Electro Shot\n|-boost|p1a: Archaludon|spa|1\n|-anim|p1a: Archaludon|Electro Shot|p2b: Rotom\n|-damage|p2b: Rotom|0 fnt\n|faint|p2b: Rotom\n|move|p1b: Drampa|Dragon Pulse|p2a: Skarmory\n|-resisted|p2a: Skarmory|1\n|-damage|p2a: Skarmory|0 fnt\n|faint|p2a: Skarmory\n|\n|-weather|RainDance|[upkeep]\n|upkeep\n|\n|t:|1776450876\n|switch|p2b: Sneasler|Sneasler, L50, F|100/100\n|turn|5\n|\n|t:|1776450886\n|detailschange|p1b: Drampa|Drampa-Mega, L50, F\n|-mega|p1b: Drampa|Drampa|Drampanite\n|move|p2b: Sneasler|Protect|p2b: Sneasler\n|-singleturn|p2b: Sneasler|Protect\n|move|p1a: Archaludon|Electro Shot||[still]\n|-prepare|p1a: Archaludon|Electro Shot\n|-boost|p1a: Archaludon|spa|1\n|-anim|p1a: Archaludon|Electro Shot|p2b: Sneasler\n|-activate|p2b: Sneasler|move: Protect\n|move|p1b: Drampa|Earth Power|p2b: Sneasler\n|-activate|p2b: Sneasler|move: Protect\n|\n|-weather|RainDance|[upkeep]\n|-sideend|p1: He sits 2 pee|move: Tailwind\n|upkeep\n|turn|6\n|\n|t:|1776450892\n|move|p2b: Sneasler|Close Combat|p1a: Archaludon\n|-supereffective|p1a: Archaludon|1\n|-enditem|p1a: Archaludon|Chople Berry|[eat]\n|-enditem|p1a: Archaludon|Chople Berry|[weaken]\n|-damage|p1a: Archaludon|0 fnt\n|-unboost|p2b: Sneasler|def|1\n|-unboost|p2b: Sneasler|spd|1\n|faint|p1a: Archaludon\n|-enditem|p2b: Sneasler|White Herb\n|-clearnegativeboost|p2b: Sneasler|[silent]\n|move|p1b: Drampa|Earth Power|p2b: Sneasler\n|-supereffective|p2b: Sneasler|1\n|-damage|p2b: Sneasler|0 fnt\n|faint|p2b: Sneasler\n|\n|win|He sits 2 pee\n|raw|He sits 2 pee's rating: 1363 &rarr; <strong>1382</strong><br />(+19 for winning)\n|raw|catpotatt's rating: 1353 &rarr; <strong>1334</strong><br />(-19 for losing)\n|c|\u2606catpotatt|gg\n",
  "uploadtime": 1776450898,
  "views": 42,
  "formatid": "gen9championsvgc2026regma",
  "rating": 1334,
  "private": 0,
  "password": null
}