{
  "id": "gen9championsvgc2026regma-2580692586",
  "format": "[Gen 9 Champions] VGC 2026 Reg M-A",
  "players": [
    "tttt333",
    "syn001"
  ],
  "log": "|j|\u2606tttt333\n|j|\u2606syn001\n|t:|1775924730\n|gametype|doubles\n|player|p1|tttt333|170|1000\n|player|p2|syn001|cynthia-gen4|1000\n|gen|9\n|tier|[Gen 9 Champions] VGC 2026 Reg M-A\n|rated|\n|rule|Species Clause: Limit one of each Pok\u00e9mon\n|rule|Item Clause: Limit 1 of each item\n|clearpoke\n|poke|p1|Venusaur, L50, M|\n|poke|p1|Archaludon, L50, F|\n|poke|p1|Farigiraf, L50, F|\n|poke|p1|Garchomp, L50, F|\n|poke|p1|Clefable, L50, M|\n|poke|p1|Arcanine, L50, F|\n|poke|p2|Charizard, L50, M|\n|poke|p2|Whimsicott, L50, F|\n|poke|p2|Venusaur, L50, M|\n|poke|p2|Aerodactyl, L50, M|\n|poke|p2|Tinkaton, L50, F|\n|poke|p2|Basculegion, L50, M|\n|teampreview|4\n|\n|t:|1775924799\n|teamsize|p1|4\n|teamsize|p2|4\n|start\n|switch|p1a: Venusaur|Venusaur, L50, M|100/100\n|switch|p1b: Clefable|Clefable, L50, M|100/100\n|switch|p2a: Charizard|Charizard, L50, M, shiny|100/100\n|switch|p2b: Tinkaton|Tinkaton, L50, F|100/100\n|turn|1\n|inactive|Battle timer is ON: inactive players will automatically lose when time's up. (requested by tttt333)\n|\n|t:|1775924824\n|switch|p1b: Farigiraf|Farigiraf, L50, F|100/100\n|detailschange|p1a: Venusaur|Venusaur-Mega, L50, M\n|-mega|p1a: Venusaur|Venusaur|Venusaurite\n|move|p2b: Tinkaton|Fake Out||[still]\n|cant|p1b: Farigiraf|ability: Armor Tail|Fake Out|[of] p2b: Tinkaton\n|move|p2a: Charizard|Air Slash|p1a: Venusaur|[miss]\n|-miss|p2a: Charizard|p1a: Venusaur\n|move|p1a: Venusaur|Leech Seed|p2b: Tinkaton\n|-start|p2b: Tinkaton|move: Leech Seed\n|\n|-damage|p2b: Tinkaton|88/100|[from] Leech Seed|[of] p1a: Venusaur\n|upkeep\n|turn|2\n|inactive|syn001 has 30 seconds left.\n|inactive|syn001 has 20 seconds left.\n|\n|t:|1775924861\n|detailschange|p2a: Charizard|Charizard-Mega-Y, L50, M, shiny\n|-mega|p2a: Charizard|Charizard|Charizardite Y\n|-weather|SunnyDay|[from] ability: Drought|[of] p2a: Charizard\n|move|p2a: Charizard|Heat Wave|p1b: Farigiraf|[spread] p1a,p1b\n|-supereffective|p1a: Venusaur|1\n|-damage|p1a: Venusaur|56/100\n|-damage|p1b: Farigiraf|49/100\n|move|p2b: Tinkaton|Knock Off|p1b: Farigiraf\n|-supereffective|p1b: Farigiraf|1\n|-enditem|p1b: Farigiraf|Colbur Berry|[eat]\n|-enditem|p1b: Farigiraf|Colbur Berry|[weaken]\n|-damage|p1b: Farigiraf|32/100\n|move|p1a: Venusaur|Leech Seed|p2a: Charizard\n|-start|p2a: Charizard|move: Leech Seed\n|move|p1b: Farigiraf|Trick Room|p1b: Farigiraf\n|-fieldstart|move: Trick Room|[of] p1b: Farigiraf\n|\n|-weather|SunnyDay|[upkeep]\n|-damage|p2b: Tinkaton|76/100|[from] Leech Seed|[of] p1a: Venusaur\n|-heal|p1a: Venusaur|66/100|[silent]\n|-damage|p2a: Charizard|88/100|[from] Leech Seed|[of] p1a: Venusaur\n|-heal|p1a: Venusaur|76/100|[silent]\n|upkeep\n|turn|3\n|inactive|tttt333 has 30 seconds left.\n|inactive|syn001 has 30 seconds left.\n|inactive|syn001 has 20 seconds left.\n|\n|t:|1775924897\n|move|p1b: Farigiraf|Hyper Voice|p2b: Tinkaton|[spread] p2a,p2b\n|-resisted|p2b: Tinkaton|1\n|-damage|p2a: Charizard|62/100\n|-damage|p2b: Tinkaton|65/100\n|move|p1a: Venusaur|Leech Seed||[still]\n|-fail|p1a: Venusaur\n|move|p2b: Tinkaton|Gigaton Hammer|p1a: Venusaur\n|-damage|p1a: Venusaur|37/100\n|move|p2a: Charizard|Air Slash|p1a: Venusaur\n|-supereffective|p1a: Venusaur|1\n|-damage|p1a: Venusaur|0 fnt\n|faint|p1a: Venusaur\n|\n|-weather|SunnyDay|[upkeep]\n|upkeep\n|\n|t:|1775924910\n|switch|p1a: Garchomp|Garchomp, L50, F|100/100\n|turn|4\n|\n|t:|1775924918\n|move|p2a: Charizard|Protect|p2a: Charizard\n|-singleturn|p2a: Charizard|Protect\n|move|p1b: Farigiraf|Thunder Wave|p2a: Charizard\n|-activate|p2a: Charizard|move: Protect\n|move|p1a: Garchomp|Rock Slide|p2b: Tinkaton|[spread] \n|-activate|p2a: Charizard|move: Protect\n|-miss|p1a: Garchomp|p2b: Tinkaton\n|move|p2b: Tinkaton|Play Rough|p1a: Garchomp\n|-supereffective|p1a: Garchomp|1\n|-damage|p1a: Garchomp|52/100\n|\n|-weather|SunnyDay|[upkeep]\n|-damage|p2b: Tinkaton|53/100|[from] Leech Seed|[of] p1a: Garchomp\n|-heal|p1a: Garchomp|61/100|[silent]\n|-damage|p2a: Charizard|50/100|[from] Leech Seed|[of] p1a: Garchomp\n|-heal|p1a: Garchomp|70/100|[silent]\n|upkeep\n|turn|5\n|inactive|syn001 has 30 seconds left.\n|inactive|syn001 has 20 seconds left.\n|inactive|syn001 has 15 seconds left.\n|inactive|syn001 has 10 seconds left.\n|\n|t:|1775924963\n|switch|p2a: Venusaur|Venusaur, L50, M|100/100\n|move|p1b: Farigiraf|Hyper Voice|p2a: Venusaur|[spread] p2a,p2b\n|-resisted|p2b: Tinkaton|1\n|-damage|p2a: Venusaur|74/100\n|-damage|p2b: Tinkaton|41/100\n|move|p1a: Garchomp|Rock Slide|p2b: Tinkaton|[spread] p2a,p2b\n|-resisted|p2b: Tinkaton|1\n|-damage|p2a: Venusaur|51/100\n|-damage|p2b: Tinkaton|30/100\n|move|p2b: Tinkaton|Knock Off|p1a: Garchomp\n|-damage|p1a: Garchomp|54/100\n|-enditem|p1a: Garchomp|Yache Berry|[from] move: Knock Off|[of] p2b: Tinkaton\n|\n|-weather|SunnyDay|[upkeep]\n|-heal|p2a: Venusaur|57/100|[from] item: Leftovers\n|-damage|p2b: Tinkaton|18/100|[from] Leech Seed|[of] p1a: Garchomp\n|-heal|p1a: Garchomp|63/100|[silent]\n|upkeep\n|turn|6\n|inactive|syn001 has 30 seconds left.\n|\n|t:|1775924995\n|switch|p2b: Basculegion|Basculegion, L50, M|100/100\n|move|p1b: Farigiraf|Thunder Wave|p2a: Venusaur\n|-status|p2a: Venusaur|par\n|move|p1a: Garchomp|Earthquake|p2b: Basculegion|[spread] p1b,p2a,p2b\n|-damage|p1b: Farigiraf|0 fnt\n|-damage|p2a: Venusaur|13/100 par\n|-damage|p2b: Basculegion|48/100\n|faint|p1b: Farigiraf\n|move|p2a: Venusaur|Sleep Powder|p1a: Garchomp\n|-status|p1a: Garchomp|slp|[from] move: Sleep Powder\n|\n|-weather|none\n|-heal|p2a: Venusaur|19/100 par|[from] item: Leftovers\n|-fieldend|move: Trick Room\n|upkeep\n|\n|t:|1775925005\n|switch|p1b: Clefable|Clefable, L50, M|100/100\n|turn|7\n|inactive|syn001 has 30 seconds left.\n|\n|t:|1775925036\n|move|p2b: Basculegion|Flip Turn|p1a: Garchomp\n|-damage|p1a: Garchomp|31/100 slp\n|\n|t:|1775925039\n|switch|p2b: Charizard|Charizard-Mega-Y, L50, M, shiny|50/100|[from] Flip Turn\n|-weather|SunnyDay|[from] ability: Drought|[of] p2b: Charizard\n|move|p2a: Venusaur|Sludge Bomb|p1b: Clefable\n|-supereffective|p1b: Clefable|1\n|-damage|p1b: Clefable|31/100\n|cant|p1a: Garchomp|slp\n|move|p1b: Clefable|Moonblast|p2b: Charizard\n|-resisted|p2b: Charizard|1\n|-damage|p2b: Charizard|34/100\n|\n|-weather|SunnyDay|[upkeep]\n|-heal|p2a: Venusaur|25/100 par|[from] item: Leftovers\n|upkeep\n|turn|8\n|-message|tttt333 forfeited.\n|\n|win|syn001\n|raw|tttt333's rating: 1000 &rarr; <strong>1000</strong><br />(+0 for losing)\n|raw|syn001's rating: 1000 &rarr; <strong>1040</strong><br />(+40 for winning)\n|l|\u2606tttt333\n|player|p1|\n",
  "uploadtime": 1775925052,
  "views": 12,
  "formatid": "gen9championsvgc2026regma",
  "rating": 1000,
  "private": 0,
  "password": null
}