{
  "id": "gen9championsvgc2026regma-2580700050",
  "format": "[Gen 9 Champions] VGC 2026 Reg M-A",
  "players": [
    "jukasinjakudo",
    "klay30"
  ],
  "log": "|j|\u2606jukasinjakudo\n|j|\u2606klay30\n|t:|1775925337\n|gametype|doubles\n|player|p1|jukasinjakudo|n|1166\n|player|p2|klay30|265|1208\n|gen|9\n|tier|[Gen 9 Champions] VGC 2026 Reg M-A\n|rated|\n|rule|Species Clause: Limit one of each Pok\u00e9mon\n|rule|Item Clause: Limit 1 of each item\n|clearpoke\n|poke|p1|Pelipper, L50, M|\n|poke|p1|Archaludon, L50, F|\n|poke|p1|Dragonite, L50, F|\n|poke|p1|Incineroar, L50, F|\n|poke|p1|Kingambit, L50, F|\n|poke|p1|Milotic, L50, M|\n|poke|p2|Glimmora, L50, F|\n|poke|p2|Starmie, L50|\n|poke|p2|Rotom-Heat, L50|\n|poke|p2|Sinistcha-Masterpiece, L50|\n|poke|p2|Sylveon, L50, F|\n|poke|p2|Weavile, L50, F|\n|teampreview|4\n|inactive|Battle timer is ON: inactive players will automatically lose when time's up. (requested by klay30)\n|inactive|jukasinjakudo has 60 seconds left.\n|\n|t:|1775925374\n|teamsize|p1|4\n|teamsize|p2|4\n|start\n|switch|p1a: Incineroar|Incineroar, L50, F|100/100\n|switch|p1b: Archaludon|Archaludon, L50, F|100/100\n|switch|p2a: Sylveon|Sylveon, L50, F|100/100\n|switch|p2b: Rotom|Rotom-Heat, L50|100/100\n|-ability|p1a: Incineroar|Intimidate|boost\n|-unboost|p2a: Sylveon|atk|1\n|-unboost|p2b: Rotom|atk|1\n|turn|1\n|inactive|jukasinjakudo has 30 seconds left.\n|\n|t:|1775925408\n|move|p2a: Sylveon|Protect|p2a: Sylveon\n|-singleturn|p2a: Sylveon|Protect\n|move|p1a: Incineroar|Fake Out|p2a: Sylveon\n|-activate|p2a: Sylveon|move: Protect\n|move|p1b: Archaludon|Flash Cannon|p2a: Sylveon\n|-activate|p2a: Sylveon|move: Protect\n|move|p2b: Rotom|Thunderbolt|p1a: Incineroar\n|-damage|p1a: Incineroar|70/100\n|\n|upkeep\n|turn|2\n|\n|t:|1775925433\n|move|p1b: Archaludon|Protect|p1b: Archaludon\n|-singleturn|p1b: Archaludon|Protect\n|move|p2b: Rotom|Thunderbolt|p1a: Incineroar\n|-damage|p1a: Incineroar|36/100\n|move|p2a: Sylveon|Hyper Beam|p1b: Archaludon\n|-activate|p1b: Archaludon|move: Protect\n|move|p1a: Incineroar|Parting Shot|p2a: Sylveon\n|-unboost|p2a: Sylveon|atk|1\n|-unboost|p2a: Sylveon|spa|1\n|\n|t:|1775925443\n|switch|p1a: Pelipper|Pelipper, L50, M|100/100|[from] Parting Shot\n|-weather|RainDance|[from] ability: Drizzle|[of] p1a: Pelipper\n|\n|-weather|RainDance|[upkeep]\n|upkeep\n|turn|3\n|\n|t:|1775925454\n|move|p1a: Pelipper|Tailwind|p1a: Pelipper\n|-sidestart|p1: jukasinjakudo|move: Tailwind\n|move|p1b: Archaludon|Electro Shot||[still]\n|-prepare|p1b: Archaludon|Electro Shot\n|-boost|p1b: Archaludon|spa|1\n|-anim|p1b: Archaludon|Electro Shot|p2a: Sylveon\n|-damage|p2a: Sylveon|49/100\n|move|p2b: Rotom|Thunderbolt|p1a: Pelipper\n|-supereffective|p1a: Pelipper|2\n|-enditem|p1a: Pelipper|Focus Sash\n|-damage|p1a: Pelipper|1/100\n|move|p2a: Sylveon|Hyper Voice|p1b: Archaludon|[spread] p1a,p1b\n|-damage|p1a: Pelipper|0 fnt\n|-damage|p1b: Archaludon|57/100\n|-ability|p1b: Archaludon|Stamina|boost\n|-boost|p1b: Archaludon|def|1\n|faint|p1a: Pelipper\n|\n|-weather|RainDance|[upkeep]\n|upkeep\n|\n|t:|1775925467\n|switch|p1a: Dragonite|Dragonite, L50, F|100/100\n|turn|4\n|\n|t:|1775925489\n|detailschange|p1a: Dragonite|Dragonite-Mega, L50, F\n|-mega|p1a: Dragonite|Dragonite|Dragoninite\n|move|p2b: Rotom|Protect|p2b: Rotom\n|-singleturn|p2b: Rotom|Protect\n|move|p2a: Sylveon|Protect|p2a: Sylveon\n|-singleturn|p2a: Sylveon|Protect\n|move|p1a: Dragonite|Hurricane|p2a: Sylveon\n|-activate|p2a: Sylveon|move: Protect\n|move|p1b: Archaludon|Electro Shot||[still]\n|-prepare|p1b: Archaludon|Electro Shot\n|-boost|p1b: Archaludon|spa|1\n|-anim|p1b: Archaludon|Electro Shot|p2b: Rotom\n|-activate|p2b: Rotom|move: Protect\n|\n|-weather|RainDance|[upkeep]\n|upkeep\n|turn|5\n|\n|t:|1775925500\n|move|p1a: Dragonite|Hurricane|p2a: Sylveon\n|-damage|p2a: Sylveon|0 fnt\n|faint|p2a: Sylveon\n|move|p1b: Archaludon|Electro Shot||[still]\n|-prepare|p1b: Archaludon|Electro Shot\n|-boost|p1b: Archaludon|spa|1\n|-anim|p1b: Archaludon|Electro Shot|p2b: Rotom\n|-resisted|p2b: Rotom|1\n|-damage|p2b: Rotom|39/100\n|-enditem|p2b: Rotom|Sitrus Berry|[eat]\n|-heal|p2b: Rotom|64/100|[from] item: Sitrus Berry\n|move|p2b: Rotom|Thunderbolt|p1a: Dragonite\n|-damage|p1a: Dragonite|84/100\n|\n|-weather|RainDance|[upkeep]\n|upkeep\n|\n|t:|1775925506\n|switch|p2a: Weavile|Weavile, L50, F|100/100\n|turn|6\n|\n|t:|1775925520\n|move|p1a: Dragonite|Protect|p1a: Dragonite\n|-singleturn|p1a: Dragonite|Protect\n|move|p2a: Weavile|Protect|p2a: Weavile\n|-singleturn|p2a: Weavile|Protect\n|move|p1b: Archaludon|Electro Shot||[still]\n|-prepare|p1b: Archaludon|Electro Shot\n|-boost|p1b: Archaludon|spa|1\n|-anim|p1b: Archaludon|Electro Shot|p2a: Weavile\n|-activate|p2a: Weavile|move: Protect\n|move|p2b: Rotom|Thunderbolt|p1b: Archaludon\n|-resisted|p1b: Archaludon|1\n|-damage|p1b: Archaludon|31/100\n|-ability|p1b: Archaludon|Stamina|boost\n|-boost|p1b: Archaludon|def|1\n|\n|-weather|none\n|-sideend|p1: jukasinjakudo|move: Tailwind\n|upkeep\n|turn|7\n|inactive|klay30 has 30 seconds left.\n|inactive|jukasinjakudo has 30 seconds left.\n|\n|t:|1775925553\n|switch|p1a: Incineroar|Incineroar, L50, F|36/100\n|-ability|p1a: Incineroar|Intimidate|boost\n|-unboost|p2a: Weavile|atk|1\n|-unboost|p2b: Rotom|atk|1\n|move|p1b: Archaludon|Protect|p1b: Archaludon\n|-singleturn|p1b: Archaludon|Protect\n|move|p2a: Weavile|Knock Off|p1b: Archaludon\n|-activate|p1b: Archaludon|move: Protect\n|move|p2b: Rotom|Thunderbolt|p1b: Archaludon\n|-activate|p1b: Archaludon|move: Protect\n|\n|upkeep\n|turn|8\n|\n|t:|1775925570\n|move|p2a: Weavile|Protect|p2a: Weavile\n|-singleturn|p2a: Weavile|Protect\n|move|p1a: Incineroar|Fake Out|p2a: Weavile\n|-activate|p2a: Weavile|move: Protect\n|move|p1b: Archaludon|Draco Meteor|p2b: Rotom\n|-damage|p2b: Rotom|0 fnt\n|-unboost|p1b: Archaludon|spa|2\n|faint|p2b: Rotom\n|\n|upkeep\n|\n|t:|1775925573\n|switch|p2b: Starmie|Starmie, L50|100/100\n|turn|9\n|\n|t:|1775925595\n|switch|p1a: Dragonite|Dragonite-Mega, L50, F|84/100\n|detailschange|p2b: Starmie|Starmie-Mega, L50\n|-mega|p2b: Starmie|Starmie|Starminite\n|move|p2a: Weavile|Knock Off|p1b: Archaludon\n|-damage|p1b: Archaludon|20/100\n|-ability|p1b: Archaludon|Stamina|boost\n|-boost|p1b: Archaludon|def|1\n|-enditem|p1b: Archaludon|Shuca Berry|[from] move: Knock Off|[of] p2a: Weavile\n|move|p2b: Starmie|Liquidation|p1b: Archaludon\n|-resisted|p1b: Archaludon|1\n|-damage|p1b: Archaludon|7/100\n|-unboost|p1b: Archaludon|def|1\n|-ability|p1b: Archaludon|Stamina|boost\n|-boost|p1b: Archaludon|def|1\n|move|p1b: Archaludon|Draco Meteor|p2b: Starmie\n|-damage|p2b: Starmie|0 fnt\n|-unboost|p1b: Archaludon|spa|2\n|faint|p2b: Starmie\n|\n|upkeep\n|turn|10\n|-message|klay30 forfeited.\n|\n|win|jukasinjakudo\n|raw|jukasinjakudo's rating: 1166 &rarr; <strong>1194</strong><br />(+28 for winning)\n|raw|klay30's rating: 1208 &rarr; <strong>1180</strong><br />(-28 for losing)\n|l|\u2606klay30\n|player|p2|\n",
  "uploadtime": 1775925619,
  "views": 20,
  "formatid": "gen9championsvgc2026regma",
  "rating": 1180,
  "private": 0,
  "password": null
}