{
  "id": "gen9championsvgc2026regma-2586884033",
  "format": "[Gen 9 Champions] VGC 2026 Reg M-A",
  "players": [
    "coaldude1654",
    "KitsuNET"
  ],
  "log": "|j|\u2606coaldude1654\n|j|\u2606KitsuNET\n|t:|1776468354\n|gametype|doubles\n|player|p1|coaldude1654|red|1000\n|player|p2|KitsuNET|265|1003\n|gen|9\n|tier|[Gen 9 Champions] VGC 2026 Reg M-A\n|rated|\n|rule|Species Clause: Limit one of each Pok\u00e9mon\n|rule|Item Clause: Limit 1 of each item\n|clearpoke\n|poke|p1|Victreebel, L50, M|\n|poke|p1|Sneasler, L50, M|\n|poke|p1|Ninetales-Alola, L50, M|\n|poke|p1|Incineroar, L50, M|\n|poke|p1|Garchomp, L50, F|\n|poke|p1|Milotic, L50, M|\n|poke|p2|Meowscarada, L50, M|\n|poke|p2|Espathra, L50, F|\n|poke|p2|Tinkaton, L50, F|\n|poke|p2|Incineroar, L50, M|\n|poke|p2|Sinistcha, L50|\n|poke|p2|Toxapex, L50, F|\n|teampreview|4\n|inactive|Battle timer is ON: inactive players will automatically lose when time's up. (requested by coaldude1654)\ncoaldude1654 has agreed to open team sheets.\nKitsuNET rejected open team sheets.\n|\n|t:|1776468377\n|teamsize|p1|4\n|teamsize|p2|4\n|start\n|switch|p1a: Victreebel|Victreebel, L50, M|100/100\n|switch|p1b: Sneasler|Sneasler, L50, M|100/100\n|switch|p2a: Incineroar|Incineroar, L50, M|100/100\n|switch|p2b: Sinistcha|Sinistcha, L50|100/100\n|-ability|p2a: Incineroar|Intimidate|boost\n|-unboost|p1a: Victreebel|atk|1\n|-unboost|p1b: Sneasler|atk|1\n|-enditem|p1b: Sneasler|White Herb\n|-clearnegativeboost|p1b: Sneasler|[silent]\n|turn|1\n|\n|t:|1776468397\n|detailschange|p1a: Victreebel|Victreebel-Mega, L50, M\n|-mega|p1a: Victreebel|Victreebel|Victreebelite\n|move|p1b: Sneasler|Fake Out|p2a: Incineroar\n|-damage|p2a: Incineroar|89/100\n|cant|p2a: Incineroar|flinch\n|move|p1a: Victreebel|Strength Sap|p2a: Incineroar\n|-unboost|p2a: Incineroar|atk|1\n|move|p2b: Sinistcha|Trick Room|p2b: Sinistcha\n|-fieldstart|move: Trick Room|[of] p2b: Sinistcha\n|\n|upkeep\n|turn|2\n|\n|t:|1776468417\n|move|p2a: Incineroar|Parting Shot|p1b: Sneasler\n|-unboost|p1b: Sneasler|atk|1\n|-unboost|p1b: Sneasler|spa|1\n|\n|t:|1776468422\n|switch|p2a: Tinkaton|Tinkaton, L50, F|100/100|[from] Parting Shot\n|move|p2b: Sinistcha|Strength Sap|p1b: Sneasler\n|-unboost|p1b: Sneasler|atk|1\n|move|p1a: Victreebel|Acid Spray|p2b: Sinistcha\n|-damage|p2b: Sinistcha|85/100\n|-unboost|p2b: Sinistcha|spd|2\n|move|p1b: Sneasler|Close Combat|p2a: Tinkaton\n|-damage|p2a: Tinkaton|61/100\n|-unboost|p1b: Sneasler|def|1\n|-unboost|p1b: Sneasler|spd|1\n|\n|-heal|p2b: Sinistcha|91/100|[from] item: Leftovers\n|upkeep\n|turn|3\n|\n|t:|1776468446\n|switch|p2b: Incineroar|Incineroar, L50, M|89/100\n|-ability|p2b: Incineroar|Intimidate|boost\n|-unboost|p1a: Victreebel|atk|1\n|-unboost|p1b: Sneasler|atk|1\n|move|p2a: Tinkaton|Fake Out|p1b: Sneasler\n|-damage|p1b: Sneasler|75/100\n|move|p1a: Victreebel|Strength Sap|p2a: Tinkaton\n|-unboost|p2a: Tinkaton|atk|1\n|cant|p1b: Sneasler|flinch\n|\n|upkeep\n|turn|4\n|\n|t:|1776468470\n|move|p2b: Incineroar|Parting Shot|p1b: Sneasler\n|-unboost|p1b: Sneasler|atk|1\n|-unboost|p1b: Sneasler|spa|1\n|\n|t:|1776468473\n|switch|p2b: Sinistcha|Sinistcha, L50|91/100|[from] Parting Shot\n|-heal|p2a: Tinkaton|86/100|[from] ability: Hospitality|[of] p2b: Sinistcha\n|move|p1a: Victreebel|Acid Spray|p2b: Sinistcha\n|-damage|p2b: Sinistcha|75/100\n|-unboost|p2b: Sinistcha|spd|2\n|move|p2a: Tinkaton|Gigaton Hammer|p1a: Victreebel\n|-damage|p1a: Victreebel|52/100\n|move|p1b: Sneasler|Close Combat|p2b: Sinistcha\n|-immune|p2b: Sinistcha\n|\n|-heal|p2b: Sinistcha|80/100|[from] item: Leftovers\n|upkeep\n|turn|5\n|\n|t:|1776468494\n|switch|p2a: Toxapex|Toxapex, L50, F|100/100\n|move|p1a: Victreebel|Strength Sap|p2a: Toxapex\n|-unboost|p2a: Toxapex|atk|1\n|-heal|p1a: Victreebel|97/100\n|move|p2b: Sinistcha|Matcha Gotcha|p1a: Victreebel|[spread] p1a,p1b\n|-resisted|p1a: Victreebel|2\n|-resisted|p1b: Sneasler|1\n|-damage|p1a: Victreebel|92/100\n|-heal|p2b: Sinistcha|83/100|[from] drain|[of] p1a: Victreebel\n|-damage|p1b: Sneasler|50/100\n|-heal|p2b: Sinistcha|94/100|[from] drain|[of] p1b: Sneasler\n|-status|p1b: Sneasler|brn\n|move|p1b: Sneasler|Close Combat|p2a: Toxapex\n|-resisted|p2a: Toxapex|1\n|-damage|p2a: Toxapex|96/100\n|-unboost|p1b: Sneasler|def|1\n|-unboost|p1b: Sneasler|spd|1\n|\n|-heal|p2b: Sinistcha|99/100|[from] item: Leftovers\n|-damage|p1b: Sneasler|44/100 brn|[from] brn\n|-fieldend|move: Trick Room\n|upkeep\n|turn|6\n|inactive|coaldude1654 has 30 seconds left.\n|\n|t:|1776468526\n|switch|p1b: Ninetales|Ninetales-Alola, L50, M|100/100\n|-weather|Snowscape|[from] ability: Snow Warning|[of] p1b: Ninetales\n|move|p2a: Toxapex|Baneful Bunker|p2a: Toxapex\n|-singleturn|p2a: Toxapex|move: Protect\n|move|p1a: Victreebel|Giga Drain|p2a: Toxapex\n|-activate|p2a: Toxapex|move: Protect\n|move|p2b: Sinistcha|Trick Room|p2b: Sinistcha\n|-fieldstart|move: Trick Room|[of] p2b: Sinistcha\n|\n|-weather|Snowscape|[upkeep]\n|-heal|p2b: Sinistcha|100/100|[from] item: Leftovers\n|upkeep\n|turn|7\n|inactive|coaldude1654 has 30 seconds left.\n|\n|t:|1776468551\n|switch|p2b: Tinkaton|Tinkaton, L50, F|86/100\n|move|p2a: Toxapex|Infestation|p1a: Victreebel\n|-damage|p1a: Victreebel|90/100\n|-activate|p1a: Victreebel|move: Infestation|[of] p2a: Toxapex\n|move|p1a: Victreebel|Acid Spray|p2b: Tinkaton\n|-immune|p2b: Tinkaton\n|move|p1b: Ninetales|Aurora Veil|p1b: Ninetales\n|-sidestart|p1: coaldude1654|move: Aurora Veil\n|\n|-weather|Snowscape|[upkeep]\n|-damage|p1a: Victreebel|78/100|[from] move: Infestation|[partiallytrapped]\n|upkeep\n|turn|8\n|\n|t:|1776468566\n|switch|p2a: Incineroar|Incineroar, L50, M|89/100\n|-ability|p2a: Incineroar|Intimidate|boost\n|-unboost|p1a: Victreebel|atk|1\n|-unboost|p1b: Ninetales|atk|1\n|move|p1a: Victreebel|Strength Sap|p2b: Tinkaton\n|-unboost|p2b: Tinkaton|atk|1\n|-heal|p1a: Victreebel|100/100\n|move|p2b: Tinkaton|Gigaton Hammer|p1b: Ninetales\n|-supereffective|p1b: Ninetales|2\n|-enditem|p1b: Ninetales|Focus Sash\n|-damage|p1b: Ninetales|1/100\n|move|p1b: Ninetales|Freeze-Dry|p2a: Incineroar\n|-resisted|p2a: Incineroar|1\n|-damage|p2a: Incineroar|77/100\n|\n|-weather|Snowscape|[upkeep]\n|-end|p1a: Victreebel|Infestation|[partiallytrapped]|[silent]\n|upkeep\n|turn|9\n|\n|t:|1776468589\n|move|p2a: Incineroar|Fake Out|p1b: Ninetales\n|-damage|p1b: Ninetales|0 fnt\n|faint|p1b: Ninetales\n|move|p1a: Victreebel|Strength Sap|p2b: Tinkaton\n|-unboost|p2b: Tinkaton|atk|1\n|move|p2b: Tinkaton|Knock Off|p1a: Victreebel\n|-damage|p1a: Victreebel|96/100\n|\n|-weather|Snowscape|[upkeep]\n|upkeep\n|\n|t:|1776468599\n|switch|p1b: Garchomp|Garchomp, L50, F|100/100\n|turn|10\n|c|\u2606KitsuNET|i adore mega victreebels design so much it genuinelky breaks my heart that this thing does so little compared to other megas\n|\n|t:|1776468620\n|move|p1a: Victreebel|Protect|p1a: Victreebel\n|-singleturn|p1a: Victreebel|Protect\n|move|p2a: Incineroar|Parting Shot|p1b: Garchomp\n|-unboost|p1b: Garchomp|atk|1\n|-unboost|p1b: Garchomp|spa|1\n|\n|t:|1776468626\n|switch|p2a: Sinistcha|Sinistcha, L50|100/100|[from] Parting Shot\n|-heal|p2b: Tinkaton|100/100|[from] ability: Hospitality|[of] p2a: Sinistcha\n|move|p2b: Tinkaton|Play Rough|p1b: Garchomp\n|-supereffective|p1b: Garchomp|1\n|-damage|p1b: Garchomp|79/100\n|-damage|p2b: Tinkaton|88/100|[from] ability: Rough Skin|[of] p1b: Garchomp\n|move|p1b: Garchomp|Earthquake|p2a: Sinistcha|[spread] p2a,p2b\n|-activate|p1a: Victreebel|move: Protect\n|-resisted|p2a: Sinistcha|1\n|-supereffective|p2b: Tinkaton|1\n|-damage|p2a: Sinistcha|89/100\n|-damage|p2b: Tinkaton|35/100\n|\n|-weather|none\n|-heal|p2a: Sinistcha|95/100|[from] item: Leftovers\n|-fieldend|move: Trick Room\n|upkeep\n|turn|11\n|inactive|coaldude1654 has 30 seconds left.\n|\n|t:|1776468652\n|switch|p2b: Toxapex|Toxapex, L50, F|100/100\n|move|p1b: Garchomp|Earthquake|p2b: Toxapex|[spread] p1a,p2a,p2b\n|-resisted|p2a: Sinistcha|1\n|-supereffective|p2b: Toxapex|1\n|-damage|p1a: Victreebel|75/100\n|-damage|p2a: Sinistcha|83/100\n|-damage|p2b: Toxapex|61/100\n|move|p1a: Victreebel|Acid Spray|p2a: Sinistcha\n|-damage|p2a: Sinistcha|69/100\n|-unboost|p2a: Sinistcha|spd|2\n|move|p2a: Sinistcha|Trick Room|p2a: Sinistcha\n|-fieldstart|move: Trick Room|[of] p2a: Sinistcha\n|\n|-heal|p2a: Sinistcha|75/100|[from] item: Leftovers\n|-sideend|p1: coaldude1654|move: Aurora Veil\n|upkeep\n|turn|12\n|\n|t:|1776468672\n|switch|p1b: Sneasler|Sneasler, L50, M|44/100 brn\n|move|p2b: Toxapex|Baneful Bunker|p2b: Toxapex\n|-singleturn|p2b: Toxapex|move: Protect\n|move|p1a: Victreebel|Acid Spray|p2a: Sinistcha\n|-damage|p2a: Sinistcha|46/100\n|-unboost|p2a: Sinistcha|spd|2\n|move|p2a: Sinistcha|Strength Sap|p1b: Sneasler\n|-unboost|p1b: Sneasler|atk|1\n|-heal|p2a: Sinistcha|100/100\n|\n|-damage|p1b: Sneasler|39/100 brn|[from] brn\n|upkeep\n|turn|13\n|inactive|KitsuNET has 30 seconds left.\n|\n|t:|1776468699\n|move|p2b: Toxapex|Infestation|p1a: Victreebel\n|-damage|p1a: Victreebel|73/100\n|-activate|p1a: Victreebel|move: Infestation|[of] p2b: Toxapex\n|move|p2a: Sinistcha|Matcha Gotcha|p1b: Sneasler|[spread] p1a,p1b\n|-resisted|p1a: Victreebel|2\n|-resisted|p1b: Sneasler|1\n|-damage|p1a: Victreebel|69/100\n|-damage|p1b: Sneasler|23/100 brn\n|move|p1a: Victreebel|Giga Drain|p2b: Toxapex\n|-damage|p2b: Toxapex|34/100\n|-heal|p1a: Victreebel|79/100|[from] drain|[of] p2b: Toxapex\n|-enditem|p2b: Toxapex|Sitrus Berry|[eat]\n|-heal|p2b: Toxapex|59/100|[from] item: Sitrus Berry\n|move|p1b: Sneasler|Dire Claw|p2a: Sinistcha\n|-damage|p2a: Sinistcha|85/100\n|\n|-heal|p2a: Sinistcha|91/100|[from] item: Leftovers\n|-damage|p1b: Sneasler|17/100 brn|[from] brn\n|-damage|p1a: Victreebel|67/100|[from] move: Infestation|[partiallytrapped]\n|upkeep\n|turn|14\n|inactive|coaldude1654 has 30 seconds left.\n|inactive|coaldude1654 has 20 seconds left.\n|\n|t:|1776468735\n|move|p2b: Toxapex|Baneful Bunker|p2b: Toxapex\n|-singleturn|p2b: Toxapex|move: Protect\n|move|p2a: Sinistcha|Matcha Gotcha|p1a: Victreebel|[spread] p1a,p1b\n|-resisted|p1a: Victreebel|2\n|-resisted|p1b: Sneasler|1\n|-damage|p1a: Victreebel|63/100\n|-heal|p2a: Sinistcha|93/100|[from] drain|[of] p1a: Victreebel\n|-damage|p1b: Sneasler|0 fnt\n|-heal|p2a: Sinistcha|100/100|[from] drain|[of] p1b: Sneasler\n|-status|p1a: Victreebel|brn\n|faint|p1b: Sneasler\n|move|p1a: Victreebel|Acid Spray|p2a: Sinistcha\n|-damage|p2a: Sinistcha|59/100\n|-unboost|p2a: Sinistcha|spd|2\n|\n|-heal|p2a: Sinistcha|64/100|[from] item: Leftovers\n|-damage|p1a: Victreebel|57/100 brn|[from] brn\n|-damage|p1a: Victreebel|45/100 brn|[from] move: Infestation|[partiallytrapped]\n|upkeep\n|\n|t:|1776468753\n|switch|p1b: Garchomp|Garchomp, L50, F|79/100\n|turn|15\n|\n|t:|1776468763\n|move|p2b: Toxapex|Recover|p2b: Toxapex\n|-heal|p2b: Toxapex|100/100\n|move|p1a: Victreebel|Giga Drain|p2b: Toxapex\n|-damage|p2b: Toxapex|74/100\n|-heal|p1a: Victreebel|55/100 brn|[from] drain|[of] p2b: Toxapex\n|move|p2a: Sinistcha|Strength Sap|p1b: Garchomp\n|-unboost|p1b: Garchomp|atk|1\n|-heal|p2a: Sinistcha|100/100\n|move|p1b: Garchomp|Earthquake|p2b: Toxapex|[spread] p1a,p2a,p2b\n|-resisted|p2a: Sinistcha|1\n|-supereffective|p2b: Toxapex|1\n|-damage|p1a: Victreebel|25/100 brn\n|-damage|p2a: Sinistcha|88/100\n|-damage|p2b: Toxapex|29/100\n|\n|-heal|p2a: Sinistcha|94/100|[from] item: Leftovers\n|-damage|p1a: Victreebel|19/100 brn|[from] brn\n|-damage|p1a: Victreebel|7/100 brn|[from] move: Infestation|[partiallytrapped]\n|-fieldend|move: Trick Room\n|upkeep\n|turn|16\n|-message|coaldude1654 forfeited.\n|\n|win|KitsuNET\n|raw|coaldude1654's rating: 1000 &rarr; <strong>1000</strong><br />(+0 for losing)\n|raw|KitsuNET's rating: 1003 &rarr; <strong>1042</strong><br />(+39 for winning)\n|l|\u2606coaldude1654\n|player|p1|\n",
  "uploadtime": 1776468779,
  "views": 21,
  "formatid": "gen9championsvgc2026regma",
  "rating": 1000,
  "private": 0,
  "password": null
}