{
  "id": "gen9championsvgc2026regma-2588491383",
  "format": "[Gen 9 Champions] VGC 2026 Reg M-A",
  "players": [
    "FEESHPEESH",
    "tealpens2"
  ],
  "log": "|j|\u2606FEESHPEESH\n|j|\u2606tealpens2\n|t:|1776638336\n|gametype|doubles\n|player|p1|FEESHPEESH|fisherman-gen4|1092\n|player|p2|tealpens2|266|1185\n|gen|9\n|tier|[Gen 9 Champions] VGC 2026 Reg M-A\n|rated|\n|rule|Species Clause: Limit one of each Pok\u00e9mon\n|rule|Item Clause: Limit 1 of each item\n|clearpoke\n|poke|p1|Incineroar, L50, M|\n|poke|p1|Tyranitar, L50, F|\n|poke|p1|Farigiraf, L50, F|\n|poke|p1|Sinistcha, L50|\n|poke|p1|Goodra-Hisui, L50, M|\n|poke|p1|Aggron, L50, M|\n|poke|p2|Tyranitar, L50, M|\n|poke|p2|Garchomp, L50, M|\n|poke|p2|Aerodactyl, L50, M|\n|poke|p2|Rotom-Wash, L50|\n|poke|p2|Sinistcha, L50|\n|poke|p2|Sneasler, L50, F|\n|teampreview|4\n|inactive|Battle timer is ON: inactive players will automatically lose when time's up. (requested by FEESHPEESH)\n|\n|t:|1776638391\n|teamsize|p1|4\n|teamsize|p2|4\n|start\n|switch|p1a: Farigiraf|Farigiraf, L50, F|100/100\n|switch|p1b: Tyranitar|Tyranitar, L50, F|100/100\n|switch|p2a: Sneasler|Sneasler, L50, F|100/100\n|switch|p2b: Rotom|Rotom-Wash, L50|100/100\n|-weather|Sandstorm|[from] ability: Sand Stream|[of] p1b: Tyranitar\n|turn|1\n|inactive|tealpens2 has 30 seconds left.\n|inactive|tealpens2 has 20 seconds left.\n|inactive|tealpens2 has 15 seconds left.\n|inactive|tealpens2 has 10 seconds left.\n|inactive|tealpens2 has 5 seconds left.\n|\n|t:|1776638444\n|switch|p1b: Sinistcha|Sinistcha, L50|100/100\n|move|p2b: Rotom|Hydro Pump|p1a: Farigiraf|[miss]\n|-miss|p2b: Rotom|p1a: Farigiraf\n|move|p2a: Sneasler|Dire Claw|p1a: Farigiraf\n|-damage|p1a: Farigiraf|50/100\n|move|p1a: Farigiraf|Psychic|p2a: Sneasler\n|-supereffective|p2a: Sneasler|2\n|-damage|p2a: Sneasler|0 fnt\n|faint|p2a: Sneasler\n|\n|-weather|Sandstorm|[upkeep]\n|-damage|p2b: Rotom|94/100|[from] Sandstorm\n|-damage|p1a: Farigiraf|44/100|[from] Sandstorm\n|-damage|p1b: Sinistcha|95/100|[from] Sandstorm\n|upkeep\n|\n|t:|1776638460\n|switch|p2a: Tyranitar|Tyranitar, L50, M|100/100\n|turn|2\n|\n|t:|1776638481\n|detailschange|p2a: Tyranitar|Tyranitar-Mega, L50, M\n|-mega|p2a: Tyranitar|Tyranitar|Tyranitarite\n|move|p1b: Sinistcha|Rage Powder|p1b: Sinistcha\n|-singleturn|p1b: Sinistcha|move: Rage Powder\n|move|p2b: Rotom|Hydro Pump|p1b: Sinistcha\n|-resisted|p1b: Sinistcha|1\n|-damage|p1b: Sinistcha|66/100\n|move|p2a: Tyranitar|Knock Off|p1b: Sinistcha\n|-supereffective|p1b: Sinistcha|1\n|-damage|p1b: Sinistcha|0 fnt\n|-enditem|p1b: Sinistcha|Focus Sash|[from] move: Knock Off|[of] p2a: Tyranitar\n|faint|p1b: Sinistcha\n|move|p1a: Farigiraf|Amnesia|p1a: Farigiraf\n|-boost|p1a: Farigiraf|spd|2\n|\n|-weather|Sandstorm|[upkeep]\n|-damage|p2b: Rotom|88/100|[from] Sandstorm\n|-damage|p1a: Farigiraf|38/100|[from] Sandstorm\n|upkeep\n|\n|t:|1776638497\n|switch|p1b: Tyranitar|Tyranitar, L50, F|100/100\n|turn|3\n|\n|t:|1776638510\n|move|p2b: Rotom|Hydro Pump|p1b: Tyranitar\n|-supereffective|p1b: Tyranitar|1\n|-damage|p1b: Tyranitar|33/100\n|move|p1b: Tyranitar|Rock Slide|p2b: Rotom|[spread] p2a,p2b\n|-damage|p2a: Tyranitar|78/100\n|-damage|p2b: Rotom|52/100\n|move|p2a: Tyranitar|Knock Off|p1a: Farigiraf\n|-supereffective|p1a: Farigiraf|1\n|-damage|p1a: Farigiraf|0 fnt\n|-enditem|p1a: Farigiraf|Silk Scarf|[from] move: Knock Off|[of] p2a: Tyranitar\n|faint|p1a: Farigiraf\n|\n|-weather|Sandstorm|[upkeep]\n|-damage|p2b: Rotom|46/100|[from] Sandstorm\n|upkeep\n|\n|t:|1776638519\n|switch|p1a: Aggron|Aggron, L50, M|100/100\n|turn|4\n|inactive|tealpens2 has 30 seconds left.\n|inactive|tealpens2 has 20 seconds left.\n|\n|t:|1776638559\n|detailschange|p1a: Aggron|Aggron-Mega, L50, M\n|-mega|p1a: Aggron|Aggron|Aggronite\n|move|p2b: Rotom|Hydro Pump|p1a: Aggron\n|-damage|p1a: Aggron|43/100\n|move|p1b: Tyranitar|Rock Slide|p2a: Tyranitar|[spread] p2a,p2b\n|-damage|p2a: Tyranitar|58/100\n|-damage|p2b: Rotom|7/100\n|cant|p2a: Tyranitar|flinch\n|move|p1a: Aggron|Body Press|p2a: Tyranitar\n|-supereffective|p2a: Tyranitar|2\n|-damage|p2a: Tyranitar|0 fnt\n|faint|p2a: Tyranitar\n|\n|-weather|Sandstorm|[upkeep]\n|-damage|p2b: Rotom|1/100|[from] Sandstorm\n|upkeep\n|\n|t:|1776638572\n|switch|p2a: Sinistcha|Sinistcha, L50|100/100\n|-heal|p2b: Rotom|26/100|[from] ability: Hospitality|[of] p2a: Sinistcha\n|turn|5\n|\n|t:|1776638585\n|move|p1a: Aggron|Protect|p1a: Aggron\n|-singleturn|p1a: Aggron|Protect\n|move|p2b: Rotom|Hydro Pump|p1a: Aggron\n|-activate|p1a: Aggron|move: Protect\n|move|p1b: Tyranitar|Rock Slide|p2a: Sinistcha|[spread] p2a,p2b\n|-damage|p2a: Sinistcha|75/100\n|-damage|p2b: Rotom|0 fnt\n|faint|p2b: Rotom\n|move|p2a: Sinistcha|Matcha Gotcha|p1a: Aggron|[spread] p1b\n|-activate|p1a: Aggron|move: Protect\n|-supereffective|p1b: Tyranitar|1\n|-damage|p1b: Tyranitar|0 fnt\n|-heal|p2a: Sinistcha|91/100|[from] drain|[of] p1b: Tyranitar\n|faint|p1b: Tyranitar\n|\n|-weather|none\n|upkeep\n|turn|6\n|\n|t:|1776638604\n|move|p2a: Sinistcha|Matcha Gotcha|p1a: Aggron\n|-resisted|p1a: Aggron|1\n|-damage|p1a: Aggron|25/100\n|-heal|p2a: Sinistcha|99/100|[from] drain|[of] p1a: Aggron\n|move|p1a: Aggron|Heavy Slam|p2a: Sinistcha\n|-damage|p2a: Sinistcha|56/100\n|\n|upkeep\n|turn|7\n|\n|t:|1776638625\n|move|p2a: Sinistcha|Matcha Gotcha|p1a: Aggron|[miss]\n|-miss|p2a: Sinistcha|p1a: Aggron\n|move|p1a: Aggron|Heavy Slam|p2a: Sinistcha\n|-damage|p2a: Sinistcha|15/100\n|-enditem|p2a: Sinistcha|Sitrus Berry|[eat]\n|-heal|p2a: Sinistcha|40/100|[from] item: Sitrus Berry\n|\n|upkeep\n|turn|8\n|\n|t:|1776638638\n|move|p2a: Sinistcha|Matcha Gotcha|p1a: Aggron\n|-resisted|p1a: Aggron|1\n|-damage|p1a: Aggron|8/100\n|-heal|p2a: Sinistcha|48/100|[from] drain|[of] p1a: Aggron\n|move|p1a: Aggron|Heavy Slam|p2a: Sinistcha\n|-damage|p2a: Sinistcha|2/100\n|\n|upkeep\n|turn|9\n|\n|t:|1776638649\n|move|p1a: Aggron|Protect|p1a: Aggron\n|-singleturn|p1a: Aggron|Protect\n|move|p2a: Sinistcha|Matcha Gotcha|p1a: Aggron\n|-activate|p1a: Aggron|move: Protect\n|\n|upkeep\n|turn|10\n|\n|t:|1776638658\n|move|p2a: Sinistcha|Matcha Gotcha|p1a: Aggron\n|-resisted|p1a: Aggron|1\n|-damage|p1a: Aggron|0 fnt\n|-heal|p2a: Sinistcha|5/100|[from] drain|[of] p1a: Aggron\n|faint|p1a: Aggron\n|\n|win|tealpens2\n|raw|FEESHPEESH's rating: 1092 &rarr; <strong>1074</strong><br />(-18 for losing)\n|raw|tealpens2's rating: 1185 &rarr; <strong>1203</strong><br />(+18 for winning)\n|c|\u2606tealpens2|almost\n|c|\u2606tealpens2|thabk god\n",
  "uploadtime": 1776638682,
  "views": 14,
  "formatid": "gen9championsvgc2026regma",
  "rating": 1074,
  "private": 0,
  "password": null
}