{
  "id": "gen9championsvgc2026regma-2588204820",
  "format": "[Gen 9 Champions] VGC 2026 Reg M-A",
  "players": [
    "HirotoHondasVoice",
    "lynnax"
  ],
  "log": "|j|\u2606HirotoHondasVoice\n|j|\u2606lynnax\n|t:|1776614215\n|gametype|doubles\n|player|p1|HirotoHondasVoice|1|1074\n|player|p2|lynnax|266|1163\n|gen|9\n|tier|[Gen 9 Champions] VGC 2026 Reg M-A\n|rated|\n|rule|Species Clause: Limit one of each Pok\u00e9mon\n|rule|Item Clause: Limit 1 of each item\n|clearpoke\n|poke|p1|Mamoswine, L50, M|\n|poke|p1|Chimecho, L50, M|\n|poke|p1|Tsareena, L50, F|\n|poke|p1|Rotom-Heat, L50|\n|poke|p1|Dragapult, L50, F|\n|poke|p1|Gyarados, L50, F|\n|poke|p2|Incineroar, L50, F|\n|poke|p2|Sneasler, L50, M|\n|poke|p2|Sinistcha-Masterpiece, L50|\n|poke|p2|Froslass, L50, F|\n|poke|p2|Ninetales-Alola, L50, F|\n|poke|p2|Kingambit, L50, M|\n|teampreview|4\nHirotoHondasVoice has agreed to open team sheets.\n|\n|t:|1776614248\n|teamsize|p1|4\n|teamsize|p2|4\n|start\n|switch|p1a: Dragapult|Dragapult, L50, F|100/100\n|switch|p1b: Chimecho|Chimecho, L50, M|100/100\n|switch|p2a: Sneasler|Sneasler, L50, M|100/100\n|switch|p2b: Kingambit|Kingambit, L50, M|100/100\n|turn|1\n|\n|t:|1776614303\n|detailschange|p1b: Chimecho|Chimecho-Mega, L50, M\n|-mega|p1b: Chimecho|Chimecho|Chimechite\n|move|p1b: Chimecho|Helping Hand|p1a: Dragapult\n|-singleturn|p1a: Dragapult|Helping Hand|[of] p1b: Chimecho\n|move|p2a: Sneasler|Fake Out|p1b: Chimecho\n|-resisted|p1b: Chimecho|1\n|-damage|p1b: Chimecho|93/100\n|move|p1a: Dragapult|Dragon Darts|p2b: Kingambit\n|-resisted|p2b: Kingambit|1\n|-damage|p2b: Kingambit|83/100\n|-anim|p1a: Dragapult|Dragon Darts|p2a: Sneasler\n|-damage|p2a: Sneasler|27/100\n|move|p2b: Kingambit|Kowtow Cleave|p1a: Dragapult\n|-supereffective|p1a: Dragapult|1\n|-damage|p1a: Dragapult|0 fnt\n|faint|p1a: Dragapult\n|\n|upkeep\n|\n|t:|1776614319\n|switch|p1a: Mamoswine|Mamoswine, L50, M|100/100\n|turn|2\n|\n|t:|1776614337\n|move|p1b: Chimecho|Helping Hand|p1a: Mamoswine\n|-singleturn|p1a: Mamoswine|Helping Hand|[of] p1b: Chimecho\n|move|p1a: Mamoswine|Earthquake|p2a: Sneasler|[spread] p2a,p2b\n|-immune|p1b: Chimecho|[from] ability: Levitate\n|-supereffective|p2a: Sneasler|1\n|-supereffective|p2b: Kingambit|1\n|-damage|p2a: Sneasler|0 fnt\n|-damage|p2b: Kingambit|0 fnt\n|faint|p2a: Sneasler\n|faint|p2b: Kingambit\n|\n|upkeep\n|\n|t:|1776614349\n|switch|p2a: Ninetales|Ninetales-Alola, L50, F|100/100\n|switch|p2b: Froslass|Froslass, L50, F|100/100\n|-weather|Snowscape|[from] ability: Snow Warning|[of] p2a: Ninetales\n|turn|3\n|\n|t:|1776614376\n|detailschange|p2b: Froslass|Froslass-Mega, L50, F\n|-mega|p2b: Froslass|Froslass|Froslassite\n|move|p1a: Mamoswine|Earthquake|p2a: Ninetales|[spread] p2a,p2b\n|-immune|p1b: Chimecho|[from] ability: Levitate\n|-damage|p2a: Ninetales|72/100\n|-damage|p2b: Froslass|56/100\n|move|p2b: Froslass|Blizzard|p1a: Mamoswine|[spread] p1a,p1b\n|-resisted|p1b: Chimecho|1\n|-damage|p1a: Mamoswine|32/100\n|-damage|p1b: Chimecho|80/100\n|move|p2a: Ninetales|Blizzard|p1b: Chimecho|[spread] p1a,p1b\n|-resisted|p1b: Chimecho|1\n|-damage|p1a: Mamoswine|0 fnt\n|-damage|p1b: Chimecho|72/100\n|faint|p1a: Mamoswine\n|move|p1b: Chimecho|Icy Wind|p2a: Ninetales|[spread] p2a,p2b\n|-resisted|p2a: Ninetales|1\n|-resisted|p2b: Froslass|1\n|-damage|p2a: Ninetales|66/100\n|-damage|p2b: Froslass|48/100\n|-unboost|p2a: Ninetales|spe|1\n|-unboost|p2b: Froslass|spe|1\n|\n|-weather|Snowscape|[upkeep]\n|-heal|p2a: Ninetales|72/100|[from] item: Leftovers\n|upkeep\n|\n|t:|1776614395\n|switch|p1a: Rotom|Rotom-Heat, L50|100/100\n|turn|4\n|\n|t:|1776614435\n|move|p2b: Froslass|Psychic|p1a: Rotom\n|-damage|p1a: Rotom|67/100\n|move|p1a: Rotom|Overheat|p2b: Froslass\n|-supereffective|p2b: Froslass|1\n|-damage|p2b: Froslass|0 fnt\n|-unboost|p1a: Rotom|spa|2\n|faint|p2b: Froslass\n|move|p2a: Ninetales|Aurora Veil|p2a: Ninetales\n|-sidestart|p2: lynnax|move: Aurora Veil\n|move|p1b: Chimecho|Psychic Noise|p2a: Ninetales\n|-damage|p2a: Ninetales|53/100\n|-start|p2a: Ninetales|move: Heal Block\n|\n|-weather|Snowscape|[upkeep]\n|upkeep\n|turn|5\n|\n|t:|1776614463\n|move|p1b: Chimecho|Helping Hand|p1a: Rotom\n|-singleturn|p1a: Rotom|Helping Hand|[of] p1b: Chimecho\n|move|p1a: Rotom|Overheat|p2a: Ninetales\n|-supereffective|p2a: Ninetales|1\n|-damage|p2a: Ninetales|0 fnt\n|-unboost|p1a: Rotom|spa|2\n|faint|p2a: Ninetales\n|\n|win|HirotoHondasVoice\n|raw|HirotoHondasVoice's rating: 1074 &rarr; <strong>1110</strong><br />(+36 for winning)\n|raw|lynnax's rating: 1163 &rarr; <strong>1132</strong><br />(-31 for losing)\n|l|\u2606HirotoHondasVoice\n|player|p1|\n",
  "uploadtime": 1776614500,
  "views": 32,
  "formatid": "gen9championsvgc2026regma",
  "rating": 1110,
  "private": 0,
  "password": null
}