{
  "id": "gen9championsvgc2026regma-2586011866",
  "format": "[Gen 9 Champions] VGC 2026 Reg M-A",
  "players": [
    "CBNUN003",
    "taxo0"
  ],
  "log": "|j|\u2606CBNUN003\n|j|\u2606taxo0\n|t:|1776390116\n|gametype|doubles\n|player|p1|CBNUN003|266|1127\n|player|p2|taxo0|psychic-gen4|1070\n|gen|9\n|tier|[Gen 9 Champions] VGC 2026 Reg M-A\n|rated|\n|rule|Species Clause: Limit one of each Pok\u00e9mon\n|rule|Item Clause: Limit 1 of each item\n|clearpoke\n|poke|p1|Tyranitar, L50, M|\n|poke|p1|Gliscor, L50, F|\n|poke|p1|Aggron, L50, F|\n|poke|p1|Sableye, L50, F|\n|poke|p1|Sinistcha, L50|\n|poke|p1|Rotom-Wash, L50|\n|poke|p2|Gardevoir, L50, F|\n|poke|p2|Whimsicott, L50, M|\n|poke|p2|Greninja-*, L50, M|\n|poke|p2|Pelipper, L50, M|\n|poke|p2|Archaludon, L50, M|\n|poke|p2|Basculegion, L50, M|\n|teampreview|4\n|\n|t:|1776390146\n|teamsize|p1|4\n|teamsize|p2|4\n|start\n|switch|p1a: Rotom|Rotom-Wash, L50|100/100\n|switch|p1b: Sableye|Sableye, L50, F|100/100\n|switch|p2a: Gardevoir|Gardevoir, L50, F, shiny|100/100\n|switch|p2b: Whimsicott|Whimsicott, L50, M|100/100\n|turn|1\n|\n|t:|1776390173\n|detailschange|p2a: Gardevoir|Gardevoir-Mega, L50, F, shiny\n|-mega|p2a: Gardevoir|Gardevoir|Gardevoirite\n|move|p1b: Sableye|Fake Out|p2b: Whimsicott\n|-damage|p2b: Whimsicott|92/100\n|cant|p2b: Whimsicott|flinch\n|move|p1a: Rotom|Thunderbolt|p2a: Gardevoir\n|-damage|p2a: Gardevoir|67/100\n|move|p2a: Gardevoir|Hyper Voice|p1b: Sableye|[spread] p1a,p1b\n|-supereffective|p1b: Sableye|1\n|-damage|p1a: Rotom|44/100\n|-damage|p1b: Sableye|0 fnt\n|faint|p1b: Sableye\n|\n|upkeep\n|\n|t:|1776390189\n|switch|p1b: Aggron|Aggron, L50, F|100/100\n|turn|2\n|\n|t:|1776390203\n|detailschange|p1b: Aggron|Aggron-Mega, L50, F\n|-mega|p1b: Aggron|Aggron|Aggronite\n|move|p2b: Whimsicott|Tailwind|p2b: Whimsicott\n|-sidestart|p2: taxo0|move: Tailwind\n|move|p2a: Gardevoir|Mystical Fire|p1b: Aggron\n|-supereffective|p1b: Aggron|1\n|-damage|p1b: Aggron|49/100\n|-unboost|p1b: Aggron|spa|1\n|move|p1a: Rotom|Thunderbolt|p2a: Gardevoir\n|-damage|p2a: Gardevoir|31/100\n|move|p1b: Aggron|Heavy Slam|p2a: Gardevoir\n|-supereffective|p2a: Gardevoir|1\n|-damage|p2a: Gardevoir|0 fnt\n|faint|p2a: Gardevoir\n|\n|upkeep\n|\n|t:|1776390218\n|switch|p2a: Pelipper|Pelipper, L50, M|100/100\n|-weather|RainDance|[from] ability: Drizzle|[of] p2a: Pelipper\n|turn|3\n|\n|t:|1776390246\n|switch|p1b: Sinistcha|Sinistcha, L50|100/100\n|-heal|p1a: Rotom|69/100|[from] ability: Hospitality|[of] p1b: Sinistcha\n|move|p2a: Pelipper|Hurricane|p1a: Rotom\n|-resisted|p1a: Rotom|1\n|-damage|p1a: Rotom|49/100\n|-start|p1a: Rotom|confusion\n|move|p2b: Whimsicott|Dazzling Gleam|p1b: Sinistcha|[spread] p1a,p1b\n|-damage|p1a: Rotom|31/100\n|-damage|p1b: Sinistcha|85/100\n|-activate|p1a: Rotom|confusion\n|-damage|p1a: Rotom|24/100|[from] confusion\n|\n|-weather|RainDance|[upkeep]\n|-heal|p1b: Sinistcha|91/100|[from] item: Leftovers\n|upkeep\n|turn|4\n|\n|t:|1776390281\n|move|p1b: Sinistcha|Rage Powder|p1b: Sinistcha\n|-singleturn|p1b: Sinistcha|move: Rage Powder\n|move|p2a: Pelipper|Hurricane|p1b: Sinistcha\n|-supereffective|p1b: Sinistcha|1\n|-damage|p1b: Sinistcha|24/100\n|move|p2b: Whimsicott|Dazzling Gleam|p1a: Rotom|[spread] p1a,p1b\n|-crit|p1b: Sinistcha\n|-damage|p1a: Rotom|6/100\n|-damage|p1b: Sinistcha|1/100\n|-activate|p1a: Rotom|confusion\n|move|p1a: Rotom|Thunderbolt|p2a: Pelipper\n|-supereffective|p2a: Pelipper|2\n|-damage|p2a: Pelipper|0 fnt\n|faint|p2a: Pelipper\n|\n|-weather|RainDance|[upkeep]\n|-heal|p1b: Sinistcha|7/100|[from] item: Leftovers\n|upkeep\n|\n|t:|1776390294\n|switch|p2a: Greninja|Greninja, L50, M|100/100\n|turn|5\n|\n|t:|1776390306\n|switch|p1a: Aggron|Aggron-Mega, L50, F|49/100\n|move|p2a: Greninja|Dark Pulse|p1b: Sinistcha\n|-start|p2a: Greninja|typechange|Dark|[from] ability: Protean\n|-supereffective|p1b: Sinistcha|1\n|-damage|p1b: Sinistcha|0 fnt\n|faint|p1b: Sinistcha\n|move|p2b: Whimsicott|Dazzling Gleam|p1a: Aggron\n|-resisted|p1a: Aggron|1\n|-damage|p1a: Aggron|37/100\n|\n|-weather|RainDance|[upkeep]\n|-sideend|p2: taxo0|move: Tailwind\n|upkeep\n|\n|t:|1776390320\n|switch|p1b: Rotom|Rotom-Wash, L50|6/100\n|turn|6\n|\n|t:|1776390332\n|move|p2a: Greninja|Water Shuriken|p1a: Aggron\n|-crit|p1a: Aggron\n|-damage|p1a: Aggron|22/100\n|-damage|p1a: Aggron|10/100\n|-damage|p1a: Aggron|0 fnt\n|faint|p1a: Aggron\n|-hitcount|p1: Aggron|3\n|move|p1b: Rotom|Thunderbolt|p2a: Greninja\n|-damage|p2a: Greninja|45/100\n|move|p2b: Whimsicott|Dazzling Gleam|p1b: Rotom\n|-damage|p1b: Rotom|0 fnt\n|faint|p1b: Rotom\n|\n|win|taxo0\n|raw|CBNUN003's rating: 1127 &rarr; <strong>1098</strong><br />(-29 for losing)\n|raw|taxo0's rating: 1070 &rarr; <strong>1104</strong><br />(+34 for winning)\n|c|\u2606taxo0|gg\n|l|\u2606taxo0\n|player|p2|\n",
  "uploadtime": 1776390349,
  "views": 14,
  "formatid": "gen9championsvgc2026regma",
  "rating": 1098,
  "private": 0,
  "password": null
}