{
  "id": "gen9championsvgc2026regma-2587107366",
  "format": "[Gen 9 Champions] VGC 2026 Reg M-A",
  "players": [
    "mightybeans",
    "Pinnecks"
  ],
  "log": "|j|\u203dmightybeans\n|j|\u2606Pinnecks\n|t:|1776494393\n|gametype|doubles\n|player|p1|mightybeans|101|1095\n|player|p2|Pinnecks|lyra|1072\n|gen|9\n|tier|[Gen 9 Champions] VGC 2026 Reg M-A\n|rated|\n|rule|Species Clause: Limit one of each Pok\u00e9mon\n|rule|Item Clause: Limit 1 of each item\n|clearpoke\n|poke|p1|Orthworm, L50, F|\n|poke|p1|Garchomp, L50, F|\n|poke|p1|Scizor, L50, M|\n|poke|p1|Pelipper, L50, M|\n|poke|p1|Sableye, L50, F|\n|poke|p1|Basculegion-F, L50, F|\n|poke|p2|Aerodactyl, L50, M|\n|poke|p2|Altaria, L50, F, shiny|\n|poke|p2|Milotic, L50, F|\n|poke|p2|Aegislash, L50, F, shiny|\n|poke|p2|Salazzle, L50, F, shiny|\n|poke|p2|Raichu-Alola, L50, F|\n|teampreview|4\n|inactive|Battle timer is ON: inactive players will automatically lose when time's up. (requested by Pinnecks)\n|\n|t:|1776494414\n|teamsize|p1|4\n|teamsize|p2|4\n|start\n|switch|p1a: Scizor|Scizor, L50, M|100/100\n|switch|p1b: Sableye|Sableye, L50, F|100/100\n|switch|p2a: Aerodactyl|Aerodactyl, L50, M|100/100\n|switch|p2b: Altaria|Altaria, L50, F, shiny|100/100\n|-ability|p2a: Aerodactyl|Unnerve\n|-ability|p2b: Altaria|Cloud Nine\n|turn|1\n|\n|t:|1776494434\n|detailschange|p2b: Altaria|Altaria-Mega, L50, F, shiny\n|-mega|p2b: Altaria|Altaria|Altarianite\n|detailschange|p1a: Scizor|Scizor-Mega, L50, M\n|-mega|p1a: Scizor|Scizor|Scizorite\n|move|p2a: Aerodactyl|Protect|p2a: Aerodactyl\n|-singleturn|p2a: Aerodactyl|Protect\n|move|p1b: Sableye|Will-O-Wisp|p2a: Aerodactyl\n|-activate|p2a: Aerodactyl|move: Protect\n|move|p2b: Altaria|Flamethrower|p1a: Scizor\n|-supereffective|p1a: Scizor|2\n|-damage|p1a: Scizor|0 fnt\n|faint|p1a: Scizor\n|\n|upkeep\n|\n|t:|1776494451\n|switch|p1a: Orthworm|Orthworm, L50, F|100/100\n|turn|2\n|\n|t:|1776494462\n|move|p1b: Sableye|Encore|p2a: Aerodactyl\n|-start|p2a: Aerodactyl|Encore\n|move|p2a: Aerodactyl|Protect||[still]\n|-fail|p2a: Aerodactyl\n|move|p2b: Altaria|Hyper Voice|p1b: Sableye|[spread] p1a,p1b\n|-resisted|p1a: Orthworm|1\n|-supereffective|p1b: Sableye|1\n|-damage|p1a: Orthworm|77/100\n|-damage|p1b: Sableye|4/100\n|move|p1a: Orthworm|Iron Tail|p2b: Altaria\n|-supereffective|p2b: Altaria|1\n|-damage|p2b: Altaria|20/100\n|-unboost|p2b: Altaria|def|1\n|\n|-heal|p1a: Orthworm|83/100|[from] item: Leftovers\n|upkeep\n|turn|3\n|inactive|mightybeans has 30 seconds left.\n|\n|t:|1776494490\n|switch|p2a: Raichu|Raichu-Alola, L50, F|100/100\n|move|p2b: Altaria|Protect|p2b: Altaria\n|-singleturn|p2b: Altaria|Protect\n|move|p1b: Sableye|Encore|p2b: Altaria\n|-activate|p2b: Altaria|move: Protect\n|move|p1a: Orthworm|High Horsepower|p2b: Altaria\n|-activate|p2b: Altaria|move: Protect\n|\n|-heal|p1a: Orthworm|89/100|[from] item: Leftovers\n|upkeep\n|turn|4\n|\n|t:|1776494505\n|move|p2a: Raichu|Fake Out|p1a: Orthworm\n|-resisted|p1a: Orthworm|1\n|-damage|p1a: Orthworm|86/100\n|move|p1b: Sableye|Encore|p2b: Altaria\n|-start|p2b: Altaria|Encore\n|move|p2b: Altaria|Protect|p2b: Altaria\n|-singleturn|p2b: Altaria|Protect\n|cant|p1a: Orthworm|flinch\n|\n|-heal|p1a: Orthworm|91/100|[from] item: Leftovers\n|upkeep\n|turn|5\n|inactive|mightybeans has 30 seconds left.\n|\n|t:|1776494537\n|switch|p2b: Salazzle|Salazzle, L50, F, shiny|100/100\n|move|p1b: Sableye|Will-O-Wisp|p2b: Salazzle\n|-immune|p2b: Salazzle\n|move|p2a: Raichu|Thunderbolt|p1b: Sableye\n|-damage|p1b: Sableye|0 fnt\n|faint|p1b: Sableye\n|move|p1a: Orthworm|High Horsepower|p2a: Raichu\n|-supereffective|p2a: Raichu|1\n|-damage|p2a: Raichu|11/100\n|\n|-heal|p1a: Orthworm|97/100|[from] item: Leftovers\n|upkeep\n|\n|t:|1776494542\n|switch|p1b: Garchomp|Garchomp, L50, F|100/100\n|turn|6\n|\n|t:|1776494562\n|move|p2a: Raichu|Protect|p2a: Raichu\n|-singleturn|p2a: Raichu|Protect\n|move|p1a: Orthworm|Protect|p1a: Orthworm\n|-singleturn|p1a: Orthworm|Protect\n|move|p2b: Salazzle|Heat Wave|p1a: Orthworm|[spread] p1b\n|-activate|p1a: Orthworm|move: Protect\n|-resisted|p1b: Garchomp|1\n|-damage|p1b: Garchomp|78/100\n|-status|p1b: Garchomp|brn\n|move|p1b: Garchomp|Earthquake|p2b: Salazzle|[spread] p2b\n|-activate|p1a: Orthworm|move: Protect\n|-activate|p2a: Raichu|move: Protect\n|-supereffective|p2b: Salazzle|2\n|-damage|p2b: Salazzle|0 fnt\n|faint|p2b: Salazzle\n|\n|-heal|p1a: Orthworm|100/100|[from] item: Leftovers\n|-damage|p1b: Garchomp|72/100 brn|[from] brn\n|upkeep\n|\n|t:|1776494583\n|switch|p2b: Aerodactyl|Aerodactyl, L50, M|100/100\n|-ability|p2b: Aerodactyl|Unnerve\n|turn|7\n|\n|t:|1776494594\n|move|p2b: Aerodactyl|Tailwind|p2b: Aerodactyl\n|-sidestart|p2: Pinnecks|move: Tailwind\n|move|p2a: Raichu|Psychic Noise|p1b: Garchomp\n|-damage|p1b: Garchomp|46/100 brn\n|-start|p1b: Garchomp|move: Heal Block\n|move|p1b: Garchomp|Rock Slide|p2b: Aerodactyl|[spread] p2a,p2b\n|-supereffective|p2b: Aerodactyl|1\n|-damage|p2a: Raichu|0 fnt\n|-damage|p2b: Aerodactyl|69/100\n|faint|p2a: Raichu\n|move|p1a: Orthworm|Coil|p1a: Orthworm\n|-boost|p1a: Orthworm|atk|1\n|-boost|p1a: Orthworm|def|1\n|-boost|p1a: Orthworm|accuracy|1\n|\n|-damage|p1b: Garchomp|40/100 brn|[from] brn\n|upkeep\n|\n|t:|1776494612\n|switch|p2a: Altaria|Altaria-Mega, L50, F, shiny|20/100\n|turn|8\n|\n|t:|1776494620\n|move|p2b: Aerodactyl|Rock Slide|p1b: Garchomp|[spread] p1a,p1b\n|-resisted|p1a: Orthworm|1\n|-resisted|p1b: Garchomp|1\n|-damage|p1a: Orthworm|93/100\n|-damage|p1b: Garchomp|28/100 brn\n|move|p2a: Altaria|Flamethrower|p1a: Orthworm\n|-supereffective|p1a: Orthworm|1\n|-crit|p1a: Orthworm\n|-damage|p1a: Orthworm|0 fnt\n|faint|p1a: Orthworm\n|move|p1b: Garchomp|Rock Slide|p2b: Aerodactyl|[spread] p2a,p2b\n|-supereffective|p2b: Aerodactyl|1\n|-damage|p2a: Altaria|11/100\n|-damage|p2b: Aerodactyl|39/100\n|\n|-damage|p1b: Garchomp|22/100 brn|[from] brn\n|-end|p1b: Garchomp|move: Heal Block\n|upkeep\n|turn|9\n|-message|mightybeans forfeited.\n|\n|win|Pinnecks\n|raw|mightybeans's rating: 1095 &rarr; <strong>1069</strong><br />(-26 for losing)\n|raw|Pinnecks's rating: 1072 &rarr; <strong>1103</strong><br />(+31 for winning)\n|l|\u203dmightybeans\n|player|p1|\n",
  "uploadtime": 1776494639,
  "views": 16,
  "formatid": "gen9championsvgc2026regma",
  "rating": 1069,
  "private": 0,
  "password": null
}