{
  "id": "gen9championsvgc2026regma-2582897858",
  "format": "[Gen 9 Champions] VGC 2026 Reg M-A",
  "players": [
    "Nottannermask",
    "Snowball_seer"
  ],
  "log": "|j|\u2606Nottannermask\n|j|\u2606Snowball_seer\n|t:|1776123083\n|gametype|doubles\n|player|p1|Nottannermask|fisherman-gen4|1165\n|player|p2|Snowball_seer|allister-masters|1102\n|gen|9\n|tier|[Gen 9 Champions] VGC 2026 Reg M-A\n|rated|\n|rule|Species Clause: Limit one of each Pok\u00e9mon\n|rule|Item Clause: Limit 1 of each item\n|clearpoke\n|poke|p1|Emboar, L50, F|\n|poke|p1|Whimsicott, L50, F|\n|poke|p1|Corviknight, L50, F|\n|poke|p1|Armarouge, L50, F|\n|poke|p1|Rotom-Wash, L50|\n|poke|p1|Sylveon, L50, F|\n|poke|p2|Delphox, L50, F|\n|poke|p2|Garchomp, L50, M|\n|poke|p2|Gyarados, L50, M|\n|poke|p2|Rotom-Wash, L50|\n|poke|p2|Whimsicott, L50, F|\n|poke|p2|Clefable, L50, M|\n|teampreview|4\n|inactive|Battle timer is ON: inactive players will automatically lose when time's up. (requested by Snowball_seer)\n|inactive|Snowball_seer has 60 seconds left.\n|inactive|Nottannermask has 60 seconds left.\n|\n|t:|1776123123\n|teamsize|p1|4\n|teamsize|p2|4\n|start\n|switch|p1a: Whimsicott|Whimsicott, L50, F|100/100\n|switch|p1b: Emboar|Emboar, L50, F|100/100\n|switch|p2a: Delphox|Delphox, L50, F, shiny|100/100\n|switch|p2b: Clefable|Clefable, L50, M|100/100\n|turn|1\n|inactive|Snowball_seer has 30 seconds left.\n|\n|t:|1776123148\n|detailschange|p2a: Delphox|Delphox-Mega, L50, F, shiny\n|-mega|p2a: Delphox|Delphox|Delphoxite\n|move|p1b: Emboar|Protect|p1b: Emboar\n|-singleturn|p1b: Emboar|Protect\n|move|p2b: Clefable|Follow Me|p2b: Clefable\n|-singleturn|p2b: Clefable|move: Follow Me\n|move|p1a: Whimsicott|Taunt|p2b: Clefable\n|-start|p2b: Clefable|move: Taunt\n|move|p2a: Delphox|Psychic|p1b: Emboar\n|-activate|p1b: Emboar|move: Protect\n|\n|upkeep\n|turn|2\n|\n|t:|1776123167\n|switch|p2b: Whimsicott|Whimsicott, L50, F|100/100\n|move|p2a: Delphox|Protect|p2a: Delphox\n|-singleturn|p2a: Delphox|Protect\n|move|p1a: Whimsicott|Tailwind|p1a: Whimsicott\n|-sidestart|p1: Nottannermask|move: Tailwind\n|move|p1b: Emboar|Head Smash|p2a: Delphox\n|-activate|p2a: Delphox|move: Protect\n|\n|upkeep\n|turn|3\n|\n|t:|1776123182\n|switch|p2a: Garchomp|Garchomp, L50, M|100/100\n|move|p1a: Whimsicott|Taunt|p2b: Whimsicott\n|-start|p2b: Whimsicott|move: Taunt\n|cant|p2b: Whimsicott|move: Taunt|Encore\n|move|p1b: Emboar|Head Smash|p2a: Garchomp\n|-resisted|p2a: Garchomp|1\n|-damage|p2a: Garchomp|73/100\n|-damage|p1b: Emboar|88/100|[from] ability: Rough Skin|[of] p2a: Garchomp\n|-damage|p1b: Emboar|74/100|[from] Recoil\n|\n|upkeep\n|turn|4\n|inactive|Nottannermask has 30 seconds left.\n|\n|t:|1776123212\n|switch|p2a: Clefable|Clefable, L50, M|100/100\n|detailschange|p1b: Emboar|Emboar-Mega, L50, F\n|-mega|p1b: Emboar|Emboar|Emboarite\n|-ability|p1b: Emboar|Mold Breaker\n|move|p1a: Whimsicott|Moonblast|p2a: Clefable\n|-damage|p2a: Clefable|70/100\n|move|p1b: Emboar|Flare Blitz|p2b: Whimsicott\n|-supereffective|p2b: Whimsicott|1\n|-enditem|p2b: Whimsicott|Focus Sash\n|-damage|p2b: Whimsicott|1/100\n|-damage|p1b: Emboar|50/100|[from] Recoil\n|move|p2b: Whimsicott|Moonblast|p1b: Emboar\n|-damage|p1b: Emboar|17/100\n|\n|upkeep\n|turn|5\n|inactive|Snowball_seer has 30 seconds left.\n|inactive|Snowball_seer has 20 seconds left.\n|\n|t:|1776123247\n|switch|p1b: Sylveon|Sylveon, L50, F|100/100\n|switch|p2b: Delphox|Delphox-Mega, L50, F, shiny|100/100\n|move|p1a: Whimsicott|Taunt|p2a: Clefable\n|-start|p2a: Clefable|move: Taunt\n|move|p2a: Clefable|Moonblast|p1b: Sylveon\n|-damage|p1b: Sylveon|77/100\n|\n|-sideend|p1: Nottannermask|move: Tailwind\n|upkeep\n|turn|6\n|\n|t:|1776123261\n|switch|p1b: Rotom|Rotom-Wash, L50|100/100\n|move|p1a: Whimsicott|Tailwind|p1a: Whimsicott\n|-sidestart|p1: Nottannermask|move: Tailwind\n|move|p2b: Delphox|Heat Wave|p1a: Whimsicott|[spread] p1b\n|-miss|p2b: Delphox|p1a: Whimsicott\n|-resisted|p1b: Rotom|1\n|-damage|p1b: Rotom|77/100\n|move|p2a: Clefable|Moonblast|p1a: Whimsicott\n|-damage|p1a: Whimsicott|49/100\n|\n|upkeep\n|turn|7\n|\n|t:|1776123274\n|move|p2b: Delphox|Protect|p2b: Delphox\n|-singleturn|p2b: Delphox|Protect\n|move|p1a: Whimsicott|Moonblast|p2b: Delphox\n|-activate|p2b: Delphox|move: Protect\n|move|p1b: Rotom|Hydro Pump|p2b: Delphox\n|-activate|p2b: Delphox|move: Protect\n|move|p2a: Clefable|Moonblast|p1a: Whimsicott\n|-damage|p1a: Whimsicott|1/100\n|\n|-end|p2a: Clefable|move: Taunt\n|upkeep\n|turn|8\n|\n|t:|1776123286\n|move|p1b: Rotom|Protect|p1b: Rotom\n|-singleturn|p1b: Rotom|Protect\n|move|p2a: Clefable|Follow Me|p2a: Clefable\n|-singleturn|p2a: Clefable|move: Follow Me\n|move|p1a: Whimsicott|Taunt|p2a: Clefable\n|-start|p2a: Clefable|move: Taunt\n|move|p2b: Delphox|Heat Wave|p1b: Rotom|[spread] p1a\n|-activate|p1b: Rotom|move: Protect\n|-supereffective|p1a: Whimsicott|1\n|-damage|p1a: Whimsicott|0 fnt\n|faint|p1a: Whimsicott\n|\n|upkeep\n|\n|t:|1776123297\n|switch|p1a: Emboar|Emboar-Mega, L50, F|17/100\n|-ability|p1a: Emboar|Mold Breaker\n|turn|9\n|\n|t:|1776123312\n|switch|p1b: Sylveon|Sylveon, L50, F|77/100\n|switch|p2a: Whimsicott|Whimsicott, L50, F|1/100\n|move|p1a: Emboar|Protect|p1a: Emboar\n|-singleturn|p1a: Emboar|Protect\n|move|p2b: Delphox|Protect||[still]\n|-fail|p2b: Delphox\n|\n|-sideend|p1: Nottannermask|move: Tailwind\n|upkeep\n|turn|10\n|\n|t:|1776123328\n|move|p1b: Sylveon|Quick Attack|p2a: Whimsicott\n|-damage|p2a: Whimsicott|0 fnt\n|faint|p2a: Whimsicott\n|move|p2b: Delphox|Psychic|p1a: Emboar\n|-supereffective|p1a: Emboar|1\n|-damage|p1a: Emboar|0 fnt\n|faint|p1a: Emboar\n|\n|upkeep\n|\n|t:|1776123338\n|switch|p2a: Clefable|Clefable, L50, M|70/100\n|switch|p1a: Rotom|Rotom-Wash, L50|77/100\n|turn|11\n|\n|t:|1776123344\n|move|p2a: Clefable|Follow Me|p2a: Clefable\n|-singleturn|p2a: Clefable|move: Follow Me\n|move|p2b: Delphox|Psychic|p1a: Rotom\n|-damage|p1a: Rotom|22/100\n|-enditem|p1a: Rotom|Sitrus Berry|[eat]\n|-heal|p1a: Rotom|46/100|[from] item: Sitrus Berry\n|move|p1a: Rotom|Hydro Pump|p2a: Clefable|[miss]\n|-miss|p1a: Rotom|p2a: Clefable\n|move|p1b: Sylveon|Hyper Voice|p2b: Delphox|[spread] p2a,p2b\n|-resisted|p2b: Delphox|1\n|-damage|p2a: Clefable|33/100\n|-damage|p2b: Delphox|81/100\n|-enditem|p2a: Clefable|Sitrus Berry|[eat]\n|-heal|p2a: Clefable|57/100|[from] item: Sitrus Berry\n|\n|upkeep\n|turn|12\n|\n|t:|1776123366\n|move|p1a: Rotom|Protect|p1a: Rotom\n|-singleturn|p1a: Rotom|Protect\n|move|p2b: Delphox|Psychic|p1a: Rotom\n|-activate|p1a: Rotom|move: Protect\n|move|p1b: Sylveon|Hyper Voice|p2a: Clefable|[spread] p2a,p2b\n|-resisted|p2b: Delphox|1\n|-damage|p2a: Clefable|21/100\n|-damage|p2b: Delphox|62/100\n|move|p2a: Clefable|Life Dew|p2a: Clefable|[spread] p2a,p2b\n|-heal|p2a: Clefable|47/100\n|-heal|p2b: Delphox|87/100\n|\n|upkeep\n|turn|13\n|\n|t:|1776123384\n|move|p2b: Delphox|Psychic|p1a: Rotom\n|-damage|p1a: Rotom|0 fnt\n|faint|p1a: Rotom\n|move|p1b: Sylveon|Hyper Voice|p2a: Clefable|[spread] p2a,p2b\n|-resisted|p2b: Delphox|1\n|-damage|p2a: Clefable|8/100\n|-damage|p2b: Delphox|68/100\n|move|p2a: Clefable|Life Dew|p2a: Clefable|[spread] p2a,p2b\n|-heal|p2a: Clefable|33/100\n|-heal|p2b: Delphox|93/100\n|\n|upkeep\n|turn|14\n|\n|t:|1776123389\n|move|p2b: Delphox|Flamethrower|p1b: Sylveon\n|-damage|p1b: Sylveon|40/100\n|move|p1b: Sylveon|Hyper Beam|p2b: Delphox\n|-resisted|p2b: Delphox|1\n|-damage|p2b: Delphox|45/100\n|-mustrecharge|p1b: Sylveon\n|move|p2a: Clefable|Life Dew|p2a: Clefable|[spread] p2a,p2b\n|-heal|p2a: Clefable|58/100\n|-heal|p2b: Delphox|70/100\n|\n|upkeep\n|turn|15\n|-message|Nottannermask forfeited.\n|\n|win|Snowball_seer\n|raw|Nottannermask's rating: 1165 &rarr; <strong>1136</strong><br />(-29 for losing)\n|raw|Snowball_seer's rating: 1102 &rarr; <strong>1131</strong><br />(+29 for winning)\n",
  "uploadtime": 1776123393,
  "views": 11,
  "formatid": "gen9championsvgc2026regma",
  "rating": 1131,
  "private": 0,
  "password": null
}