{
  "id": "gen9championsvgc2026regma-2582607614",
  "format": "[Gen 9 Champions] VGC 2026 Reg M-A",
  "players": [
    "Rworwo",
    "Robighost"
  ],
  "log": "|j|\u2606Rworwo\n|j|\u2606Robighost\n|t:|1776102316\n|gametype|doubles\n|player|p1|Rworwo|pokefan|1154\n|player|p2|Robighost|allister|1084\n|gen|9\n|tier|[Gen 9 Champions] VGC 2026 Reg M-A\n|rated|\n|rule|Species Clause: Limit one of each Pok\u00e9mon\n|rule|Item Clause: Limit 1 of each item\n|clearpoke\n|poke|p1|Camerupt, L50, F|\n|poke|p1|Alakazam, L50, M|\n|poke|p1|Farigiraf, L50, F|\n|poke|p1|Torkoal, L50, M|\n|poke|p1|Ampharos, L50, M|\n|poke|p1|Sneasler, L50, F|\n|poke|p2|Kangaskhan, L50, F|\n|poke|p2|Sneasler, L50, M|\n|poke|p2|Hydreigon, L50, F|\n|poke|p2|Arcanine, L50, M|\n|poke|p2|Aegislash, L50, M|\n|poke|p2|Gyarados, L50, M|\n|teampreview|4\n|inactive|Battle timer is ON: inactive players will automatically lose when time's up. (requested by Rworwo)\nRworwo rejected open team sheets.\n|inactive|Robighost has 60 seconds left.\n|\n|t:|1776102349\n|teamsize|p1|4\n|teamsize|p2|4\n|start\n|switch|p1a: Camerupt|Camerupt, L50, F, shiny|100/100\n|switch|p1b: Alakazam|Alakazam, L50, M|100/100\n|switch|p2a: Gyarados|Gyarados, L50, M|100/100\n|switch|p2b: Arcanine|Arcanine, L50, M|100/100\n|-ability|p2b: Arcanine|Intimidate|boost\n|-unboost|p1a: Camerupt|atk|1\n|-fail|p1b: Alakazam|unboost|Attack|[from] ability: Inner Focus|[of] p1b: Alakazam\n|-ability|p2a: Gyarados|Intimidate|boost\n|-unboost|p1a: Camerupt|atk|1\n|-fail|p1b: Alakazam|unboost|Attack|[from] ability: Inner Focus|[of] p1b: Alakazam\n|turn|1\n|\n|t:|1776102360\n|move|p1b: Alakazam|Protect|p1b: Alakazam\n|-singleturn|p1b: Alakazam|Protect\n|move|p1a: Camerupt|Protect|p1a: Camerupt\n|-singleturn|p1a: Camerupt|Protect\n|move|p2b: Arcanine|Flare Blitz|p1b: Alakazam\n|-activate|p1b: Alakazam|move: Protect\n|move|p2a: Gyarados|Waterfall|p1a: Camerupt\n|-activate|p1a: Camerupt|move: Protect\n|\n|upkeep\n|turn|2\n|\n|t:|1776102380\n|switch|p1a: Torkoal|Torkoal, L50, M|100/100\n|-weather|SunnyDay|[from] ability: Drought|[of] p1a: Torkoal\n|move|p1b: Alakazam|Reflect|p1b: Alakazam\n|-sidestart|p1: Rworwo|Reflect\n|move|p2b: Arcanine|Flare Blitz|p1b: Alakazam\n|-enditem|p1b: Alakazam|Focus Sash\n|-damage|p1b: Alakazam|1/100\n|-damage|p2b: Arcanine|70/100|[from] Recoil\n|move|p2a: Gyarados|Waterfall|p1a: Torkoal\n|-supereffective|p1a: Torkoal|1\n|-damage|p1a: Torkoal|85/100\n|\n|-weather|SunnyDay|[upkeep]\n|upkeep\n|turn|3\n|inactive|Rworwo has 30 seconds left.\n|inactive|Robighost has 30 seconds left.\n|\n|t:|1776102414\n|switch|p1b: Farigiraf|Farigiraf, L50, F, shiny|100/100\n|move|p2b: Arcanine|Extreme Speed||[still]\n|cant|p1b: Farigiraf|ability: Armor Tail|Extreme Speed|[of] p2b: Arcanine\n|move|p2a: Gyarados|Stone Edge|p1a: Torkoal\n|-supereffective|p1a: Torkoal|1\n|-damage|p1a: Torkoal|54/100\n|move|p1a: Torkoal|Heat Wave|p2b: Arcanine|[spread] p2a,p2b\n|-resisted|p2a: Gyarados|1\n|-resisted|p2b: Arcanine|1\n|-damage|p2a: Gyarados|76/100\n|-damage|p2b: Arcanine|35/100\n|-enditem|p2b: Arcanine|Sitrus Berry|[eat]\n|-heal|p2b: Arcanine|60/100|[from] item: Sitrus Berry\n|\n|-weather|SunnyDay|[upkeep]\n|upkeep\n|turn|4\n|inactive|Robighost has 30 seconds left.\n|\n|t:|1776102443\n|move|p2b: Arcanine|Protect|p2b: Arcanine\n|-singleturn|p2b: Arcanine|Protect\n|move|p2a: Gyarados|Taunt|p1b: Farigiraf\n|-start|p1b: Farigiraf|move: Taunt\n|-enditem|p1b: Farigiraf|Mental Herb\n|-end|p1b: Farigiraf|move: Taunt\n|move|p1a: Torkoal|Heat Wave|p2b: Arcanine|[spread] \n|-activate|p2b: Arcanine|move: Protect\n|-miss|p1a: Torkoal|p2a: Gyarados\n|move|p1b: Farigiraf|Trick Room|p1b: Farigiraf\n|-fieldstart|move: Trick Room|[of] p1b: Farigiraf\n|\n|-weather|SunnyDay|[upkeep]\n|upkeep\n|turn|5\n|\n|t:|1776102461\n|move|p1a: Torkoal|Heat Wave|p2b: Arcanine|[spread] p2a,p2b\n|-resisted|p2a: Gyarados|1\n|-resisted|p2b: Arcanine|1\n|-damage|p2a: Gyarados|51/100\n|-damage|p2b: Arcanine|25/100\n|move|p1b: Farigiraf|Psychic|p2a: Gyarados\n|-damage|p2a: Gyarados|20/100\n|-unboost|p2a: Gyarados|spd|1\n|move|p2a: Gyarados|Stone Edge|p1a: Torkoal\n|-supereffective|p1a: Torkoal|1\n|-damage|p1a: Torkoal|26/100\n|move|p2b: Arcanine|Flare Blitz|p1b: Farigiraf\n|-damage|p1b: Farigiraf|45/100\n|-status|p1b: Farigiraf|brn\n|-damage|p2b: Arcanine|1/100|[from] Recoil\n|\n|-weather|SunnyDay|[upkeep]\n|-damage|p1b: Farigiraf|38/100 brn|[from] brn\n|upkeep\n|turn|6\n|inactive|Robighost has 30 seconds left.\n|\n|t:|1776102495\n|switch|p2a: Hydreigon|Hydreigon, L50, F|100/100\n|move|p2b: Arcanine|Protect|p2b: Arcanine\n|-singleturn|p2b: Arcanine|Protect\n|move|p1a: Torkoal|Heat Wave|p2b: Arcanine|[spread] p2a\n|-activate|p2b: Arcanine|move: Protect\n|-resisted|p2a: Hydreigon|1\n|-damage|p2a: Hydreigon|68/100\n|move|p1b: Farigiraf|Psychic|p2a: Hydreigon\n|-immune|p2a: Hydreigon\n|\n|-weather|none\n|-damage|p1b: Farigiraf|32/100 brn|[from] brn\n|-sideend|p1: Rworwo|Reflect\n|upkeep\n|turn|7\n|l|\u2606Rworwo\n|inactive|Rworwo disconnected and has a minute to reconnect!\n|player|p1|\n|j|\u2606Rworwo\n|inactive|Rworwo reconnected and has 35 seconds left.\n|player|p1|Rworwo|pokefan|\n|inactive|Rworwo has 30 seconds left.\n|inactive|Robighost has 30 seconds left.\n|\n|t:|1776102528\n|switch|p1a: Camerupt|Camerupt, L50, F, shiny|100/100\n|move|p1b: Farigiraf|Psychic|p2b: Arcanine\n|-damage|p2b: Arcanine|0 fnt\n|faint|p2b: Arcanine\n|move|p2a: Hydreigon|Dark Pulse|p1b: Farigiraf\n|-supereffective|p1b: Farigiraf|1\n|-damage|p1b: Farigiraf|0 fnt\n|faint|p1b: Farigiraf\n|\n|upkeep\n|\n|t:|1776102540\n|switch|p1b: Alakazam|Alakazam, L50, M|1/100\n|switch|p2b: Kangaskhan|Kangaskhan, L50, F|100/100\n|turn|8\n|\n|t:|1776102557\n|detailschange|p2b: Kangaskhan|Kangaskhan-Mega, L50, F\n|-mega|p2b: Kangaskhan|Kangaskhan|Kangaskhanite\n|move|p1a: Camerupt|Protect|p1a: Camerupt\n|-singleturn|p1a: Camerupt|Protect\n|move|p2a: Hydreigon|Protect|p2a: Hydreigon\n|-singleturn|p2a: Hydreigon|Protect\n|move|p1b: Alakazam|Protect|p1b: Alakazam\n|-singleturn|p1b: Alakazam|Protect\n|move|p2b: Kangaskhan|Fake Out|p1b: Alakazam\n|-activate|p1b: Alakazam|move: Protect\n|\n|-fieldend|move: Trick Room\n|upkeep\n|turn|9\n|inactive|Robighost has 30 seconds left.\n|inactive|Robighost has 20 seconds left.\n|\n|t:|1776102594\n|detailschange|p1a: Camerupt|Camerupt-Mega, L50, F, shiny\n|-mega|p1a: Camerupt|Camerupt|Cameruptite\n|move|p1b: Alakazam|Speed Swap|p1a: Camerupt\n|-activate|p1b: Alakazam|move: Speed Swap|[of] p1a: Camerupt\n|move|p1a: Camerupt|Heat Wave|p2b: Kangaskhan|[spread] \n|-miss|p1a: Camerupt|p2a: Hydreigon\n|-miss|p1a: Camerupt|p2b: Kangaskhan\n|move|p2b: Kangaskhan|Drain Punch|p1b: Alakazam\n|-resisted|p1b: Alakazam|1\n|-damage|p1b: Alakazam|0 fnt\n|faint|p1b: Alakazam\n|-hitcount|p1: Alakazam|1\n|move|p2a: Hydreigon|Dark Pulse|p1a: Camerupt\n|-damage|p1a: Camerupt|56/100\n|\n|upkeep\n|\n|t:|1776102602\n|switch|p1b: Torkoal|Torkoal, L50, M|26/100\n|-weather|SunnyDay|[from] ability: Drought|[of] p1b: Torkoal\n|turn|10\n|\n|t:|1776102612\n|move|p1b: Torkoal|Helping Hand|p1a: Camerupt\n|-singleturn|p1a: Camerupt|Helping Hand|[of] p1b: Torkoal\n|move|p2b: Kangaskhan|Sucker Punch|p1a: Camerupt\n|-crit|p1a: Camerupt\n|-damage|p1a: Camerupt|19/100\n|-damage|p1a: Camerupt|13/100\n|-hitcount|p1a: Camerupt|2\n|move|p1a: Camerupt|Heat Wave|p2b: Kangaskhan|[spread] p2a,p2b\n|-resisted|p2a: Hydreigon|1\n|-damage|p2a: Hydreigon|0 fnt\n|-damage|p2b: Kangaskhan|0 fnt\n|faint|p2a: Hydreigon\n|faint|p2b: Kangaskhan\n|\n|-weather|SunnyDay|[upkeep]\n|upkeep\n|\n|t:|1776102622\n|switch|p2b: Gyarados|Gyarados, L50, M|20/100\n|-ability|p2b: Gyarados|Intimidate|boost\n|-unboost|p1a: Camerupt|atk|1\n|-unboost|p1b: Torkoal|atk|1\n|turn|11\n|\n|t:|1776102627\n|move|p1b: Torkoal|Helping Hand|p1a: Camerupt\n|-singleturn|p1a: Camerupt|Helping Hand|[of] p1b: Torkoal\n|move|p1a: Camerupt|Solar Beam||[still]\n|-prepare|p1a: Camerupt|Solar Beam\n|-anim|p1a: Camerupt|Solar Beam|p2b: Gyarados\n|-damage|p2b: Gyarados|0 fnt\n|faint|p2b: Gyarados\n|\n|win|Rworwo\n|raw|Rworwo's rating: 1154 &rarr; <strong>1174</strong><br />(+20 for winning)\n|raw|Robighost's rating: 1084 &rarr; <strong>1066</strong><br />(-18 for losing)\n|l|\u2606Robighost\n|player|p2|\n",
  "uploadtime": 1776102642,
  "views": 14,
  "formatid": "gen9championsvgc2026regma",
  "rating": 1066,
  "private": 0,
  "password": null
}