{
  "id": "gen9championsvgc2026regma-2581882986",
  "format": "[Gen 9 Champions] VGC 2026 Reg M-A",
  "players": [
    "salt_water123",
    "Tony139"
  ],
  "log": "|j|\u2606salt_water123\n|j|\u2606Tony139\n|t:|1776036464\n|gametype|doubles\n|player|p1|salt_water123|harmony|1381\n|player|p2|Tony139|101|1359\n|gen|9\n|tier|[Gen 9 Champions] VGC 2026 Reg M-A\n|rated|\n|rule|Species Clause: Limit one of each Pok\u00e9mon\n|rule|Item Clause: Limit 1 of each item\n|clearpoke\n|poke|p1|Manectric, L50, F|\n|poke|p1|Palafin, L50, M|\n|poke|p1|Sinistcha, L50|\n|poke|p1|Kingambit, L50, F|\n|poke|p1|Sneasler, L50, F|\n|poke|p1|Delphox, L50, F|\n|poke|p2|Excadrill, L50, F|\n|poke|p2|Tyranitar, L50, F|\n|poke|p2|Garchomp, L50, M|\n|poke|p2|Corviknight, L50, M|\n|poke|p2|Gyarados, L50, F|\n|poke|p2|Sinistcha, L50|\n|teampreview|4\n|inactive|Battle timer is ON: inactive players will automatically lose when time's up. (requested by salt_water123)\n|inactive|salt_water123 has 60 seconds left.\nTony139 rejected open team sheets.\n|\n|t:|1776036508\n|teamsize|p1|4\n|teamsize|p2|4\n|start\n|switch|p1a: Sneasler|Sneasler, L50, F|100/100\n|switch|p1b: Palafin|Palafin, L50, M|100/100\n|switch|p2a: Corviknight|Corviknight, L50, M|100/100\n|switch|p2b: Garchomp|Garchomp, L50, M|100/100\n|turn|1\n|\n|t:|1776036522\n|detailschange|p1b: Palafin|Palafin-Hero, L50, M\n|switch|p1b: Manectric|Manectric, L50, F|100/100\n|move|p1a: Sneasler|Fake Out|p2b: Garchomp\n|-damage|p2b: Garchomp|86/100\n|cant|p2b: Garchomp|flinch\n|move|p2a: Corviknight|Light Screen|p2a: Corviknight\n|-sidestart|p2: Tony139|move: Light Screen\n|\n|upkeep\n|turn|2\n|\n|t:|1776036542\n|detailschange|p1b: Manectric|Manectric-Mega, L50, F\n|-mega|p1b: Manectric|Manectric|Manectite\n|-ability|p1b: Manectric|Intimidate|boost\n|-ability|p2a: Corviknight|Mirror Armor\n|-unboost|p1b: Manectric|atk|1\n|-unboost|p2b: Garchomp|atk|1\n|move|p1b: Manectric|Thunderbolt|p2a: Corviknight\n|-supereffective|p2a: Corviknight|1\n|-damage|p2a: Corviknight|47/100\n|move|p1a: Sneasler|Close Combat|p2b: Garchomp\n|-damage|p2b: Garchomp|22/100\n|-unboost|p1a: Sneasler|def|1\n|-unboost|p1a: Sneasler|spd|1\n|-enditem|p1a: Sneasler|White Herb\n|-clearnegativeboost|p1a: Sneasler|[silent]\n|move|p2b: Garchomp|Earthquake|p1a: Sneasler|[spread] p1a,p1b\n|-immune|p2a: Corviknight\n|-supereffective|p1a: Sneasler|1\n|-supereffective|p1b: Manectric|1\n|-damage|p1a: Sneasler|11/100\n|-damage|p1b: Manectric|27/100\n|move|p2a: Corviknight|Brave Bird|p1a: Sneasler\n|-supereffective|p1a: Sneasler|1\n|-damage|p1a: Sneasler|0 fnt\n|faint|p1a: Sneasler\n|-damage|p2a: Corviknight|44/100|[from] Recoil\n|\n|-heal|p2a: Corviknight|50/100|[from] item: Leftovers\n|upkeep\n|\n|t:|1776036557\n|switch|p1a: Palafin|Palafin-Hero, L50, M|100/100\n|-activate|p1a: Palafin|ability: Zero to Hero\n|turn|3\n|\n|t:|1776036575\n|move|p1a: Palafin|Jet Punch|p2b: Garchomp\n|-damage|p2b: Garchomp|0 fnt\n|faint|p2b: Garchomp\n|move|p1b: Manectric|Thunderbolt|p2a: Corviknight\n|-supereffective|p2a: Corviknight|1\n|-damage|p2a: Corviknight|0 fnt\n|faint|p2a: Corviknight\n|\n|upkeep\n|\n|t:|1776036578\n|switch|p2b: Excadrill|Excadrill, L50, F|100/100\n|switch|p2a: Tyranitar|Tyranitar, L50, F|100/100\n|-weather|Sandstorm|[from] ability: Sand Stream|[of] p2a: Tyranitar\n|turn|4\n|\n|t:|1776036593\n|move|p1b: Manectric|Protect|p1b: Manectric\n|-singleturn|p1b: Manectric|Protect\n|move|p2a: Tyranitar|Protect|p2a: Tyranitar\n|-singleturn|p2a: Tyranitar|Protect\n|move|p1a: Palafin|Jet Punch|p2b: Excadrill\n|-supereffective|p2b: Excadrill|1\n|-enditem|p2b: Excadrill|Focus Sash\n|-damage|p2b: Excadrill|1/100\n|move|p2b: Excadrill|Earthquake|p1b: Manectric|[spread] p1a\n|-activate|p2a: Tyranitar|move: Protect\n|-activate|p1b: Manectric|move: Protect\n|-damage|p1a: Palafin|59/100\n|\n|-weather|Sandstorm|[upkeep]\n|-damage|p1b: Manectric|22/100|[from] Sandstorm\n|-damage|p1a: Palafin|53/100|[from] Sandstorm\n|upkeep\n|turn|5\n|\n|t:|1776036608\n|switch|p1b: In Health|Sinistcha, L50|100/100\n|-heal|p1a: Palafin|78/100|[from] ability: Hospitality|[of] p1b: In Health\n|detailschange|p2a: Tyranitar|Tyranitar-Mega, L50, F\n|-mega|p2a: Tyranitar|Tyranitar|Tyranitarite\n|move|p2b: Excadrill|Protect|p2b: Excadrill\n|-singleturn|p2b: Excadrill|Protect\n|move|p1a: Palafin|Protect|p1a: Palafin\n|-singleturn|p1a: Palafin|Protect\n|move|p2a: Tyranitar|Dragon Dance|p2a: Tyranitar\n|-boost|p2a: Tyranitar|atk|1\n|-boost|p2a: Tyranitar|spe|1\n|\n|-weather|Sandstorm|[upkeep]\n|-damage|p1a: Palafin|71/100|[from] Sandstorm\n|-damage|p1b: In Health|94/100|[from] Sandstorm\n|-sideend|p2: Tony139|move: Light Screen\n|upkeep\n|turn|6\n|\n|t:|1776036626\n|move|p2a: Tyranitar|Protect|p2a: Tyranitar\n|-singleturn|p2a: Tyranitar|Protect\n|move|p1b: In Health|Rage Powder|p1b: In Health\n|-singleturn|p1b: In Health|move: Rage Powder\n|move|p1a: Palafin|Jet Punch|p2b: Excadrill\n|-supereffective|p2b: Excadrill|1\n|-damage|p2b: Excadrill|0 fnt\n|faint|p2b: Excadrill\n|\n|-weather|Sandstorm|[upkeep]\n|-damage|p1a: Palafin|65/100|[from] Sandstorm\n|-damage|p1b: In Health|88/100|[from] Sandstorm\n|upkeep\n|turn|7\n|\n|t:|1776036638\n|move|p1a: Palafin|Jet Punch|p2a: Tyranitar\n|-supereffective|p2a: Tyranitar|1\n|-damage|p2a: Tyranitar|48/100\n|move|p2a: Tyranitar|Knock Off|p1a: Palafin\n|-damage|p1a: Palafin|0 fnt\n|-enditem|p1a: Palafin|Scope Lens|[from] move: Knock Off|[of] p2a: Tyranitar\n|faint|p1a: Palafin\n|move|p1b: In Health|Matcha Gotcha|p2a: Tyranitar\n|-supereffective|p2a: Tyranitar|1\n|-damage|p2a: Tyranitar|12/100\n|-heal|p1b: In Health|100/100|[from] drain|[of] p2a: Tyranitar\n|\n|-weather|Sandstorm|[upkeep]\n|-damage|p1b: In Health|94/100|[from] Sandstorm\n|upkeep\n|\n|t:|1776036640\n|switch|p1a: Manectric|Manectric-Mega, L50, F|22/100\n|-ability|p1a: Manectric|Intimidate|boost\n|-unboost|p2a: Tyranitar|atk|1\n|turn|8\n|\n|t:|1776036644\n|move|p1a: Manectric|Thunderbolt|p2a: Tyranitar\n|-damage|p2a: Tyranitar|0 fnt\n|faint|p2a: Tyranitar\n|\n|win|salt_water123\n|raw|salt_water123's rating: 1381 &rarr; <strong>1400</strong><br />(+19 for winning)\n|raw|Tony139's rating: 1359 &rarr; <strong>1340</strong><br />(-19 for losing)\n|l|\u2606Tony139\n|player|p2|\n|l|\u2606salt_water123\n|player|p1|\n|j|\u2606salt_water123\n|player|p1|salt_water123|harmony|\n|l|\u2606salt_water123\n|player|p1|\n|j|\u2606salt_water123\n|player|p1|salt_water123|harmony|\n",
  "uploadtime": 1776036651,
  "views": 21,
  "formatid": "gen9championsvgc2026regma",
  "rating": 1340,
  "private": 0,
  "password": null
}