{
  "id": "gen9championsvgc2026regma-2586021796",
  "format": "[Gen 9 Champions] VGC 2026 Reg M-A",
  "players": [
    "Dom73",
    "SkelyStealth"
  ],
  "log": "|j|\u2606Dom73\n|j|\u2606SkelyStealth\n|t:|1776391075\n|gametype|doubles\n|player|p1|Dom73|102|1408\n|player|p2|SkelyStealth|yellow|1430\n|gen|9\n|tier|[Gen 9 Champions] VGC 2026 Reg M-A\n|rated|\n|rule|Species Clause: Limit one of each Pok\u00e9mon\n|rule|Item Clause: Limit 1 of each item\n|clearpoke\n|poke|p1|Aggron, L50, F|\n|poke|p1|Politoed, L50, M|\n|poke|p1|Sinistcha, L50|\n|poke|p1|Basculegion, L50, M|\n|poke|p1|Incineroar, L50, M|\n|poke|p1|Dragonite, L50, F|\n|poke|p2|Farigiraf, L50, M|\n|poke|p2|Mimikyu, L50, M|\n|poke|p2|Incineroar, L50, M|\n|poke|p2|Torkoal, L50, M|\n|poke|p2|Crabominable, L50, F|\n|poke|p2|Chandelure, L50, F|\n|teampreview|4\n|inactive|Battle timer is ON: inactive players will automatically lose when time's up. (requested by SkelyStealth)\n|inactive|Dom73 has 60 seconds left.\n|\n|t:|1776391113\n|teamsize|p1|4\n|teamsize|p2|4\n|start\n|switch|p1a: Aggron|Aggron, L50, F|100/100\n|switch|p1b: Politoed|Politoed, L50, M|100/100\n|switch|p2a: Headlock|Farigiraf, L50, M|100/100\n|switch|p2b: Lazy Cat|Incineroar, L50, M|100/100\n|-weather|RainDance|[from] ability: Drizzle|[of] p1b: Politoed\n|-ability|p2b: Lazy Cat|Intimidate|boost\n|-unboost|p1a: Aggron|atk|1\n|-unboost|p1b: Politoed|atk|1\n|turn|1\n|inactive|SkelyStealth has 30 seconds left.\n|\n|t:|1776391138\n|switch|p2b: Sun's up|Torkoal, L50, M|100/100\n|-weather|SunnyDay|[from] ability: Drought|[of] p2b: Sun's up\n|detailschange|p1a: Aggron|Aggron-Mega, L50, F\n|-mega|p1a: Aggron|Aggron|Aggronite\n|move|p1b: Politoed|Encore||[still]\n|-fail|p1b: Politoed\n|move|p1a: Aggron|Iron Defense|p1a: Aggron\n|-boost|p1a: Aggron|def|2\n|move|p2a: Headlock|Trick Room|p2a: Headlock\n|-fieldstart|move: Trick Room|[of] p2a: Headlock\n|\n|-weather|SunnyDay|[upkeep]\n|upkeep\n|turn|2\n|\n|t:|1776391155\n|switch|p1b: Incineroar|Incineroar, L50, M|100/100\n|-ability|p1b: Incineroar|Intimidate|boost\n|-unboost|p2a: Headlock|atk|1\n|-unboost|p2b: Sun's up|atk|1\n|move|p2a: Headlock|Helping Hand|p2b: Sun's up\n|-singleturn|p2b: Sun's up|Helping Hand|[of] p2a: Headlock\n|move|p1a: Aggron|Protect|p1a: Aggron\n|-singleturn|p1a: Aggron|Protect\n|move|p2b: Sun's up|Eruption|p1b: Incineroar|[spread] p1b\n|-activate|p1a: Aggron|move: Protect\n|-resisted|p1b: Incineroar|1\n|-damage|p1b: Incineroar|48/100\n|-enditem|p1b: Incineroar|Sitrus Berry|[eat]\n|-heal|p1b: Incineroar|72/100|[from] item: Sitrus Berry\n|\n|-weather|SunnyDay|[upkeep]\n|upkeep\n|turn|3\n|inactive|Dom73 has 30 seconds left.\n|inactive|SkelyStealth has 30 seconds left.\n|\n|t:|1776391190\n|switch|p1b: Politoed|Politoed, L50, M|100/100\n|-weather|RainDance|[from] ability: Drizzle|[of] p1b: Politoed\n|move|p2a: Headlock|Helping Hand|p2b: Sun's up\n|-singleturn|p2b: Sun's up|Helping Hand|[of] p2a: Headlock\n|move|p2b: Sun's up|Eruption|p1b: Politoed|[spread] p1a,p1b\n|-supereffective|p1a: Aggron|1\n|-resisted|p1b: Politoed|1\n|-damage|p1a: Aggron|50/100\n|-damage|p1b: Politoed|82/100\n|move|p1a: Aggron|Body Press|p2b: Sun's up\n|-damage|p2b: Sun's up|43/100\n|\n|-weather|RainDance|[upkeep]\n|-heal|p1b: Politoed|88/100|[from] item: Leftovers\n|upkeep\n|turn|4\n|\n|t:|1776391213\n|switch|p1b: Sinistcha|Sinistcha, L50|100/100\n|-heal|p1a: Aggron|75/100|[from] ability: Hospitality|[of] p1b: Sinistcha\n|move|p2a: Headlock|Helping Hand|p2b: Sun's up\n|-singleturn|p2b: Sun's up|Helping Hand|[of] p2a: Headlock\n|move|p2b: Sun's up|Weather Ball|p1a: Aggron\n|-damage|p1a: Aggron|19/100\n|move|p1a: Aggron|Body Press|p2b: Sun's up\n|-damage|p2b: Sun's up|0 fnt\n|faint|p2b: Sun's up\n|\n|-weather|RainDance|[upkeep]\n|upkeep\n|inactive|SkelyStealth has 30 seconds left.\n|inactive|SkelyStealth has 20 seconds left.\n|inactive|SkelyStealth has 15 seconds left.\n|\n|t:|1776391256\n|switch|p2b: Kani|Crabominable, L50, F|100/100\n|turn|5\n|inactive|Dom73 has 30 seconds left.\n|inactive|SkelyStealth has 30 seconds left.\n|\n|t:|1776391291\n|switch|p1b: Incineroar|Incineroar, L50, M|72/100\n|-ability|p1b: Incineroar|Intimidate|boost\n|-unboost|p2a: Headlock|atk|1\n|-fail|p2b: Kani|unboost|Attack|[from] ability: Hyper Cutter|[of] p2b: Kani\n|detailschange|p2b: Kani|Crabominable-Mega, L50, F\n|-mega|p2b: Kani|Crabominable|Crabominite\n|move|p2a: Headlock|Helping Hand|p2b: Kani\n|-singleturn|p2b: Kani|Helping Hand|[of] p2a: Headlock\n|move|p2b: Kani|Drain Punch|p1b: Incineroar\n|-supereffective|p1b: Incineroar|1\n|-damage|p1b: Incineroar|0 fnt\n|faint|p1b: Incineroar\n|move|p1a: Aggron|Body Press|p2b: Kani\n|-supereffective|p2b: Kani|1\n|-damage|p2b: Kani|0 fnt\n|faint|p2b: Kani\n|\n|-weather|RainDance|[upkeep]\n|-fieldend|move: Trick Room\n|upkeep\n|inactive|Dom73 has 30 seconds left.\n|\n|t:|1776391324\n|switch|p1b: Politoed|Politoed, L50, M|88/100\n|switch|p2b: Lazy Cat|Incineroar, L50, M|100/100\n|-ability|p2b: Lazy Cat|Intimidate|boost\n|-unboost|p1a: Aggron|atk|1\n|-unboost|p1b: Politoed|atk|1\n|turn|6\n|\n|t:|1776391345\n|move|p1a: Aggron|Protect|p1a: Aggron\n|-singleturn|p1a: Aggron|Protect\n|move|p2b: Lazy Cat|Fake Out|p1a: Aggron\n|-activate|p1a: Aggron|move: Protect\n|move|p1b: Politoed|Muddy Water|p2a: Headlock|[spread] p2a,p2b\n|-supereffective|p2b: Lazy Cat|1\n|-damage|p2a: Headlock|63/100\n|-damage|p2b: Lazy Cat|35/100\n|move|p2a: Headlock|Trick Room|p2a: Headlock\n|-fieldstart|move: Trick Room|[of] p2a: Headlock\n|\n|-weather|RainDance|[upkeep]\n|-heal|p1b: Politoed|94/100|[from] item: Leftovers\n|upkeep\n|turn|7\n|inactive|SkelyStealth has 30 seconds left.\n|inactive|SkelyStealth has 20 seconds left.\n|\n|t:|1776391381\n|switch|p1b: Sinistcha|Sinistcha, L50|100/100\n|-heal|p1a: Aggron|44/100|[from] ability: Hospitality|[of] p1b: Sinistcha\n|move|p2a: Headlock|Helping Hand|p2b: Lazy Cat\n|-singleturn|p2b: Lazy Cat|Helping Hand|[of] p2a: Headlock\n|move|p1a: Aggron|Body Press|p2b: Lazy Cat\n|-supereffective|p2b: Lazy Cat|1\n|-damage|p2b: Lazy Cat|0 fnt\n|faint|p2b: Lazy Cat\n|\n|-weather|none\n|upkeep\n|turn|8\n|c|\u2606SkelyStealth|gg\n|-message|SkelyStealth forfeited.\n|\n|win|Dom73\n|raw|Dom73's rating: 1408 &rarr; <strong>1429</strong><br />(+21 for winning)\n|raw|SkelyStealth's rating: 1430 &rarr; <strong>1409</strong><br />(-21 for losing)\n|l|\u2606Dom73\n|player|p1|\n",
  "uploadtime": 1776391431,
  "views": 31,
  "formatid": "gen9championsvgc2026regma",
  "rating": 1409,
  "private": 0,
  "password": null
}