{
  "id": "gen9championsvgc2026regma-2583726848",
  "format": "[Gen 9 Champions] VGC 2026 Reg M-A",
  "players": [
    "DSEA Skyve",
    "JimbobDinglethorpe"
  ],
  "log": "|j|\u2606DSEA Skyve\n|j|\u2606JimbobDinglethorpe\n|t:|1776193554\n|gametype|doubles\n|player|p1|DSEA Skyve|twins-gen4dp|1145\n|player|p2|JimbobDinglethorpe|1|1180\n|gen|9\n|tier|[Gen 9 Champions] VGC 2026 Reg M-A\n|rated|\n|rule|Species Clause: Limit one of each Pok\u00e9mon\n|rule|Item Clause: Limit 1 of each item\n|clearpoke\n|poke|p1|Sinistcha, L50|\n|poke|p1|Incineroar, L50, M|\n|poke|p1|Maushold-Four, L50|\n|poke|p1|Farigiraf, L50, F|\n|poke|p1|Golurk, L50|\n|poke|p1|Primarina, L50, M|\n|poke|p2|Maushold-Four, L50|\n|poke|p2|Archaludon, L50, F|\n|poke|p2|Pelipper, L50, M|\n|poke|p2|Sinistcha-Masterpiece, L50|\n|poke|p2|Drampa, L50, F|\n|poke|p2|Farigiraf, L50, F|\n|teampreview|4\n|inactive|Battle timer is ON: inactive players will automatically lose when time's up. (requested by DSEA Skyve)\n|inactive|DSEA Skyve has 60 seconds left.\n|inactive|JimbobDinglethorpe has 60 seconds left.\n|\n|t:|1776193596\n|teamsize|p1|4\n|teamsize|p2|4\n|start\n|switch|p1a: Incineroar|Incineroar, L50, M|100/100\n|switch|p1b: Primarina|Primarina, L50, M|100/100\n|switch|p2a: Sinistcha|Sinistcha-Masterpiece, L50|100/100\n|switch|p2b: Farigiraf|Farigiraf, L50, F|100/100\n|-ability|p1a: Incineroar|Intimidate|boost\n|-unboost|p2a: Sinistcha|atk|1\n|-unboost|p2b: Farigiraf|atk|1\n|turn|1\n|inactive|DSEA Skyve has 30 seconds left.\n|\n|t:|1776193625\n|move|p2a: Sinistcha|Calm Mind|p2a: Sinistcha\n|-boost|p2a: Sinistcha|spa|1\n|-boost|p2a: Sinistcha|spd|1\n|move|p1b: Primarina|Calm Mind|p1b: Primarina\n|-boost|p1b: Primarina|spa|1\n|-boost|p1b: Primarina|spd|1\n|move|p1a: Incineroar|Flare Blitz|p2a: Sinistcha\n|-supereffective|p2a: Sinistcha|1\n|-damage|p2a: Sinistcha|6/100\n|-damage|p1a: Incineroar|78/100|[from] Recoil\n|move|p2b: Farigiraf|Trick Room|p2b: Farigiraf\n|-fieldstart|move: Trick Room|[of] p2b: Farigiraf\n|\n|upkeep\n|turn|2\n|inactive|DSEA Skyve has 30 seconds left.\n|inactive|JimbobDinglethorpe has 30 seconds left.\n|\n|t:|1776193660\n|switch|p2a: Drampa|Drampa, L50, F|100/100\n|move|p1a: Incineroar|Parting Shot|p2b: Farigiraf\n|-unboost|p2b: Farigiraf|atk|1\n|-unboost|p2b: Farigiraf|spa|1\n|\n|t:|1776193672\n|switch|p1a: Sinistcha|Sinistcha, L50|100/100|[from] Parting Shot\n|move|p1b: Primarina|Hyper Voice|p2a: Drampa|[spread] p2a,p2b\n|-resisted|p2a: Drampa|1\n|-damage|p2a: Drampa|82/100\n|-damage|p2b: Farigiraf|62/100\n|move|p2b: Farigiraf|Light Screen|p2b: Farigiraf\n|-sidestart|p2: JimbobDinglethorpe|move: Light Screen\n|\n|upkeep\n|turn|3\n|inactive|DSEA Skyve has 30 seconds left.\n|inactive|JimbobDinglethorpe has 30 seconds left.\n|\n|t:|1776193703\n|switch|p2b: Maushold|Maushold-Four, L50|100/100\n|move|p2a: Drampa|Earth Power|p1b: Primarina\n|-damage|p1b: Primarina|83/100\n|move|p1b: Primarina|Calm Mind|p1b: Primarina\n|-boost|p1b: Primarina|spa|1\n|-boost|p1b: Primarina|spd|1\n|move|p1a: Sinistcha|Trick Room|p1a: Sinistcha\n|-fieldend|move: Trick Room\n|\n|-heal|p1b: Primarina|89/100|[from] item: Leftovers\n|upkeep\n|turn|4\n|\n|t:|1776193724\n|detailschange|p2a: Drampa|Drampa-Mega, L50, F\n|-mega|p2a: Drampa|Drampa|Drampanite\n|move|p2b: Maushold|Population Bomb|p1b: Primarina\n|-damage|p1b: Primarina|84/100\n|-damage|p1b: Primarina|78/100\n|-damage|p1b: Primarina|73/100\n|-hitcount|p1b: Primarina|3\n|move|p1a: Sinistcha|Matcha Gotcha|p2a: Drampa|[spread] p2a,p2b\n|-resisted|p2a: Drampa|1\n|-damage|p2a: Drampa|77/100\n|-damage|p2b: Maushold|76/100\n|move|p1b: Primarina|Hyper Voice|p2a: Drampa|[spread] p2a,p2b\n|-resisted|p2a: Drampa|1\n|-damage|p2a: Drampa|66/100\n|-damage|p2b: Maushold|21/100\n|move|p2a: Drampa|Earth Power|p1b: Primarina\n|-damage|p1b: Primarina|59/100\n|\n|-heal|p1b: Primarina|64/100|[from] item: Leftovers\n|upkeep\n|turn|5\n|inactive|JimbobDinglethorpe has 30 seconds left.\n|\n|t:|1776193754\n|move|p2b: Maushold|Population Bomb|p1b: Primarina|[miss]\n|-miss|p2b: Maushold|p1b: Primarina\n|move|p1a: Sinistcha|Matcha Gotcha|p2a: Drampa|[spread] p2a,p2b\n|-resisted|p2a: Drampa|1\n|-crit|p2b: Maushold\n|-damage|p2a: Drampa|61/100\n|-damage|p2b: Maushold|0 fnt\n|faint|p2b: Maushold\n|move|p1b: Primarina|Moonblast|p2a: Drampa\n|-supereffective|p2a: Drampa|1\n|-damage|p2a: Drampa|0 fnt\n|faint|p2a: Drampa\n|\n|-heal|p1b: Primarina|70/100|[from] item: Leftovers\n|upkeep\n|-message|JimbobDinglethorpe forfeited.\n|\n|win|DSEA Skyve\n|raw|DSEA Skyve's rating: 1145 &rarr; <strong>1173</strong><br />(+28 for winning)\n|raw|JimbobDinglethorpe's rating: 1180 &rarr; <strong>1152</strong><br />(-28 for losing)\n|l|\u2606JimbobDinglethorpe\n|player|p2|\n",
  "uploadtime": 1776193806,
  "views": 15,
  "formatid": "gen9championsvgc2026regma",
  "rating": 1152,
  "private": 0,
  "password": null
}