{
  "id": "gen9championsvgc2026regma-2585955537",
  "format": "[Gen 9 Champions] VGC 2026 Reg M-A",
  "players": [
    "SteezyTrev16",
    "colfox"
  ],
  "log": "|j|\u2606SteezyTrev16\n|j|\u203dcolfox\n|t:|1776384839\n|gametype|doubles\n|player|p1|SteezyTrev16|266|1181\n|player|p2|colfox|1|1204\n|gen|9\n|tier|[Gen 9 Champions] VGC 2026 Reg M-A\n|rated|\n|rule|Species Clause: Limit one of each Pok\u00e9mon\n|rule|Item Clause: Limit 1 of each item\n|clearpoke\n|poke|p1|Sneasler, L50, M|\n|poke|p1|Blastoise, L50, F|\n|poke|p1|Farigiraf, L50, F|\n|poke|p1|Sableye, L50, F|\n|poke|p1|Camerupt, L50, M|\n|poke|p1|Goodra-Hisui, L50, M|\n|poke|p2|Tyranitar, L50, F|\n|poke|p2|Excadrill, L50, M|\n|poke|p2|Dragapult, L50, M|\n|poke|p2|Milotic, L50, F|\n|poke|p2|Raichu, L50, F|\n|poke|p2|Scizor, L50, F|\n|teampreview|4\n|inactive|Battle timer is ON: inactive players will automatically lose when time's up. (requested by SteezyTrev16)\n|\n|t:|1776384870\n|teamsize|p1|4\n|teamsize|p2|4\n|start\n|switch|p1a: Blastoise|Blastoise, L50, F, shiny|100/100\n|switch|p1b: Sableye|Sableye, L50, F, shiny|100/100\n|switch|p2a: Dragapult|Dragapult, L50, M|100/100\n|switch|p2b: Scizor|Scizor, L50, F|100/100\n|turn|1\n|\n|t:|1776384889\n|detailschange|p2b: Scizor|Scizor-Mega, L50, F\n|-mega|p2b: Scizor|Scizor|Scizorite\n|move|p1b: Sableye|Rain Dance|p1b: Sableye\n|-weather|RainDance\n|move|p2a: Dragapult|Phantom Force||[still]\n|-prepare|p2a: Dragapult|Phantom Force\n|move|p1a: Blastoise|Water Spout|p2b: Scizor|[spread] p2b\n|-miss|p1a: Blastoise|p2a: Dragapult\n|-damage|p2b: Scizor|22/100\n|move|p2b: Scizor|Bug Bite|p1a: Blastoise\n|-damage|p1a: Blastoise|34/100\n|\n|-weather|RainDance|[upkeep]\n|upkeep\n|turn|2\n|\n|t:|1776384914\n|switch|p1a: Farigiraf|Farigiraf, L50, F, shiny|100/100\n|switch|p1b: Camerupt|Camerupt, L50, M, shiny|100/100\n|move|p2b: Scizor|Bullet Punch||[still]\n|cant|p1a: Farigiraf|ability: Armor Tail|Bullet Punch|[of] p2b: Scizor\n|move|p2a: Dragapult|Phantom Force|p1b: Camerupt|[from] lockedmove\n|-damage|p1b: Camerupt|38/100\n|\n|-weather|RainDance|[upkeep]\n|upkeep\n|turn|3\n|\n|t:|1776384937\n|switch|p1b: Blastoise|Blastoise, L50, F, shiny|34/100\n|move|p2a: Dragapult|Dragon Darts|p1b: Blastoise\n|-damage|p1b: Blastoise|0 fnt\n|-anim|p2a: Dragapult|Dragon Darts|p1a: Farigiraf\n|-damage|p1a: Farigiraf|67/100\n|faint|p1b: Blastoise\n|move|p2b: Scizor|Bug Bite|p1a: Farigiraf\n|-supereffective|p1a: Farigiraf|1\n|-damage|p1a: Farigiraf|0 fnt\n|-enditem|p1a: Farigiraf|Colbur Berry|[from] stealeat|[move] Bug Bite|[of] p2b: Scizor\n|faint|p1a: Farigiraf\n|\n|-weather|RainDance|[upkeep]\n|upkeep\n|\n|t:|1776384943\n|switch|p1b: Camerupt|Camerupt, L50, M, shiny|38/100\n|switch|p1a: Sableye|Sableye, L50, F, shiny|100/100\n|turn|4\n|inactive|colfox has 30 seconds left.\n|\n|t:|1776384972\n|detailschange|p1b: Camerupt|Camerupt-Mega, L50, M, shiny\n|-mega|p1b: Camerupt|Camerupt|Cameruptite\n|move|p1a: Sableye|Fake Out|p2b: Scizor\n|-resisted|p2b: Scizor|1\n|-damage|p2b: Scizor|19/100\n|cant|p2b: Scizor|flinch\n|move|p2a: Dragapult|Dragon Darts|p1b: Camerupt\n|-damage|p1b: Camerupt|7/100\n|-anim|p2a: Dragapult|Dragon Darts|p1a: Sableye\n|-damage|p1a: Sableye|66/100\n|move|p1b: Camerupt|Heat Wave|p2b: Scizor|[spread] p2a,p2b\n|-resisted|p2a: Dragapult|1\n|-supereffective|p2b: Scizor|2\n|-damage|p2a: Dragapult|82/100\n|-damage|p2b: Scizor|0 fnt\n|faint|p2b: Scizor\n|\n|-weather|RainDance|[upkeep]\n|upkeep\n|\n|t:|1776384991\n|switch|p2b: Milotic|Milotic, L50, F|100/100\n|turn|5\n|inactive|SteezyTrev16 has 30 seconds left.\n|\n|t:|1776385020\n|move|p1a: Sableye|Quash|p2a: Dragapult\n|-activate|p2a: Dragapult|move: Quash\n|move|p2b: Milotic|Scald|p1a: Sableye\n|-damage|p1a: Sableye|0 fnt\n|faint|p1a: Sableye\n|move|p1b: Camerupt|Heat Wave|p2b: Milotic|[spread] p2a,p2b\n|-resisted|p2a: Dragapult|1\n|-resisted|p2b: Milotic|1\n|-damage|p2a: Dragapult|60/100\n|-damage|p2b: Milotic|91/100\n|move|p2a: Dragapult|Dragon Darts|p1b: Camerupt\n|-damage|p1b: Camerupt|0 fnt\n|faint|p1b: Camerupt\n|\n|win|colfox\n|raw|SteezyTrev16's rating: 1181 &rarr; <strong>1158</strong><br />(-23 for losing)\n|raw|colfox's rating: 1204 &rarr; <strong>1227</strong><br />(+23 for winning)\n|l|\u2606SteezyTrev16\n|player|p1|\n|l|\u203dcolfox\n|player|p2|\n|j|\u203dcolfox\n|player|p2|colfox|1|\n",
  "uploadtime": 1776385342,
  "views": 29,
  "formatid": "gen9championsvgc2026regma",
  "rating": 1158,
  "private": 0,
  "password": null
}