{
  "id": "gen9championsvgc2026regma-2581610029",
  "format": "[Gen 9 Champions] VGC 2026 Reg M-A",
  "players": [
    "Velenicucs",
    "Ophiuca"
  ],
  "log": "|j|\u2606Velenicucs\n|j|\u2606Ophiuca\n|t:|1776014900\n|gametype|doubles\n|player|p1|Velenicucs|ghetsis|1148\n|player|p2|Ophiuca|winona|1107\n|gen|9\n|tier|[Gen 9 Champions] VGC 2026 Reg M-A\n|rated|\n|rule|Species Clause: Limit one of each Pok\u00e9mon\n|rule|Item Clause: Limit 1 of each item\n|clearpoke\n|poke|p1|Meganium, L50, M|\n|poke|p1|Pelipper, L50, M|\n|poke|p1|Archaludon, L50, F|\n|poke|p1|Basculegion, L50, M|\n|poke|p1|Incineroar, L50, F|\n|poke|p1|Maushold-Four, L50|\n|poke|p2|Glimmora, L50, F|\n|poke|p2|Gardevoir, L50, M|\n|poke|p2|Incineroar, L50, M|\n|poke|p2|Corviknight, L50, M|\n|poke|p2|Garchomp, L50, M|\n|poke|p2|Empoleon, L50, M|\n|teampreview|4\n|\n|t:|1776014965\n|teamsize|p1|4\n|teamsize|p2|4\n|start\n|switch|p1a: Pelippo|Pelipper, L50, M|100/100\n|switch|p1b: VGC|Incineroar, L50, F|100/100\n|switch|p2a: Incineroar|Incineroar, L50, M|100/100\n|switch|p2b: Empoleon|Empoleon, L50, M|100/100\n|-weather|RainDance|[from] ability: Drizzle|[of] p1a: Pelippo\n|-ability|p2a: Incineroar|Intimidate|boost\n|-unboost|p1a: Pelippo|atk|1\n|-unboost|p1b: VGC|atk|1\n|-ability|p1b: VGC|Intimidate|boost\n|-unboost|p2a: Incineroar|atk|1\n|-unboost|p2b: Empoleon|atk|1\n|-ability|p2b: Empoleon|Competitive|boost\n|-boost|p2b: Empoleon|spa|2\n|turn|1\n|inactive|Battle timer is ON: inactive players will automatically lose when time's up. (requested by Velenicucs)\n|\n|t:|1776014982\n|move|p1b: VGC|Fake Out|p2b: Empoleon\n|-resisted|p2b: Empoleon|1\n|-damage|p2b: Empoleon|97/100\n|move|p2a: Incineroar|Fake Out|p1a: Pelippo\n|-damage|p1a: Pelippo|89/100\n|cant|p1a: Pelippo|flinch\n|cant|p2b: Empoleon|flinch\n|\n|-weather|RainDance|[upkeep]\n|upkeep\n|turn|2\n|\n|t:|1776014995\n|switch|p1b: Crappo|Meganium, L50, M|100/100\n|move|p1a: Pelippo|Weather Ball|p2a: Incineroar\n|-supereffective|p2a: Incineroar|1\n|-crit|p2a: Incineroar\n|-damage|p2a: Incineroar|0 fnt\n|faint|p2a: Incineroar\n|move|p2b: Empoleon|Hydro Pump|p1b: Crappo\n|-resisted|p1b: Crappo|1\n|-damage|p1b: Crappo|47/100\n|\n|-weather|RainDance|[upkeep]\n|upkeep\n|\n|t:|1776015005\n|switch|p2a: Glimmora|Glimmora, L50, F|100/100\n|turn|3\n|\n|t:|1776015023\n|switch|p2a: Garchomp|Garchomp, L50, M|100/100\n|detailschange|p1b: Crappo|Meganium-Mega, L50, M\n|-mega|p1b: Crappo|Meganium|Meganiumite\n|move|p1b: Crappo|Protect|p1b: Crappo\n|-singleturn|p1b: Crappo|Protect\n|move|p1a: Pelippo|Weather Ball|p2a: Garchomp\n|-damage|p2a: Garchomp|27/100\n|move|p2b: Empoleon|Icy Wind|p1b: Crappo|[spread] p1a\n|-activate|p1b: Crappo|move: Protect\n|-damage|p1a: Pelippo|50/100\n|-unboost|p1a: Pelippo|spe|1\n|\n|-weather|RainDance|[upkeep]\n|upkeep\n|turn|4\n|\n|t:|1776015047\n|move|p2a: Garchomp|Rock Slide|p1a: Pelippo|[spread] p1a,p1b\n|-supereffective|p1a: Pelippo|1\n|-crit|p1a: Pelippo\n|-damage|p1a: Pelippo|0 fnt\n|-damage|p1b: Crappo|29/100\n|faint|p1a: Pelippo\n|move|p1b: Crappo|Synthesis|p1b: Crappo\n|-heal|p1b: Crappo|96/100\n|move|p2b: Empoleon|Icy Wind|p1b: Crappo\n|-supereffective|p1b: Crappo|1\n|-damage|p1b: Crappo|55/100\n|-unboost|p1b: Crappo|spe|1\n|\n|-weather|RainDance|[upkeep]\n|upkeep\n|\n|t:|1776015058\n|switch|p1a: GSB|Archaludon, L50, F|100/100\n|turn|5\n|\n|t:|1776015073\n|switch|p2a: Glimmora|Glimmora, L50, F|100/100\n|move|p1b: Crappo|Protect|p1b: Crappo\n|-singleturn|p1b: Crappo|Protect\n|move|p1a: GSB|Electro Shot||[still]\n|-prepare|p1a: GSB|Electro Shot\n|-boost|p1a: GSB|spa|1\n|-anim|p1a: GSB|Electro Shot|p2b: Empoleon\n|-supereffective|p2b: Empoleon|1\n|-damage|p2b: Empoleon|0 fnt\n|faint|p2b: Empoleon\n|\n|-weather|none\n|upkeep\n|\n|t:|1776015082\n|switch|p2b: Garchomp|Garchomp, L50, M|27/100\n|turn|6\n|\n|t:|1776015095\n|switch|p1b: VGC|Incineroar, L50, F|100/100\n|-ability|p1b: VGC|Intimidate|boost\n|-unboost|p2a: Glimmora|atk|1\n|-unboost|p2b: Garchomp|atk|1\n|detailschange|p2a: Glimmora|Glimmora-Mega, L50, F\n|-mega|p2a: Glimmora|Glimmora|Glimmoranite\n|move|p2b: Garchomp|Dragon Claw|p1a: GSB\n|-damage|p1a: GSB|80/100\n|-ability|p1a: GSB|Stamina|boost\n|-boost|p1a: GSB|def|1\n|move|p2a: Glimmora|Earth Power|p1a: GSB\n|-supereffective|p1a: GSB|1\n|-damage|p1a: GSB|0 fnt\n|faint|p1a: GSB\n|\n|upkeep\n|\n|t:|1776015108\n|switch|p1a: Crappo|Meganium-Mega, L50, M|55/100\n|turn|7\n|\n|t:|1776015119\n|move|p1b: VGC|Fake Out|p2a: Glimmora\n|-resisted|p2a: Glimmora|1\n|-damage|p2a: Glimmora|94/100\n|move|p2b: Garchomp|Dragon Claw|p1b: VGC\n|-damage|p1b: VGC|75/100\n|cant|p2a: Glimmora|flinch\n|move|p1a: Crappo|Dazzling Gleam|p2b: Garchomp|[spread] p2a,p2b\n|-resisted|p2a: Glimmora|1\n|-supereffective|p2b: Garchomp|1\n|-damage|p2a: Glimmora|77/100\n|-damage|p2b: Garchomp|0 fnt\n|faint|p2b: Garchomp\n|\n|upkeep\n|turn|8\n|\n|t:|1776015134\n|move|p2a: Glimmora|Sludge Wave|p1a: Crappo|[spread] p1a,p1b\n|-supereffective|p1a: Crappo|2\n|-damage|p1a: Crappo|0 fnt\n|-damage|p1b: VGC|30/100\n|-enditem|p1b: VGC|Sitrus Berry|[eat]\n|-heal|p1b: VGC|55/100|[from] item: Sitrus Berry\n|faint|p1a: Crappo\n|move|p1b: VGC|Flare Blitz|p2a: Glimmora\n|-resisted|p2a: Glimmora|1\n|-damage|p2a: Glimmora|53/100\n|-damage|p1b: VGC|49/100|[from] Recoil\n|\n|upkeep\n|turn|9\n|\n|t:|1776015146\n|move|p2a: Glimmora|Spiky Shield|p2a: Glimmora\n|-singleturn|p2a: Glimmora|move: Protect\n|move|p1b: VGC|Will-O-Wisp|p2a: Glimmora\n|-activate|p2a: Glimmora|move: Protect\n|\n|upkeep\n|turn|10\n|\n|t:|1776015152\n|move|p2a: Glimmora|Sludge Wave|p1b: VGC\n|-damage|p1b: VGC|0 fnt\n|faint|p1b: VGC\n|\n|win|Ophiuca\n|raw|Velenicucs's rating: 1148 &rarr; <strong>1120</strong><br />(-28 for losing)\n|raw|Ophiuca's rating: 1107 &rarr; <strong>1135</strong><br />(+28 for winning)\n",
  "uploadtime": 1776015157,
  "views": 21,
  "formatid": "gen9championsvgc2026regma",
  "rating": 1120,
  "private": 0,
  "password": null
}