{
  "id": "gen9championsvgc2026regma-2588405763",
  "format": "[Gen 9 Champions] VGC 2026 Reg M-A",
  "players": [
    "rockyredstone",
    "Hellothisisatest"
  ],
  "log": "|j|\u2606rockyredstone\n|j|\u2606Hellothisisatest\n|html|<table width=\"100%\"><tr><td align=\"left\">rockyredstone</td><td align=\"right\">Hellothisisatest</tr><tr><td align=\"left\"><i class=\"fa fa-circle-o\"></i> <i class=\"fa fa-circle-o\"></i> </td><td align=\"right\"><i class=\"fa fa-circle-o\"></i> <i class=\"fa fa-circle-o\"></i> </tr></table>\n|uhtml|bestof|<h2><strong>Game 1</strong> of <a href=\"/game-bestof3-gen9championsvgc2026regma-2588405762\">a best-of-3</a></h2>\n|t:|1776630793\n|gametype|doubles\n|player|p1|rockyredstone|winona|\n|player|p2|Hellothisisatest|lucas|\n|gen|9\n|tier|[Gen 9 Champions] VGC 2026 Reg M-A\n|rule|Species Clause: Limit one of each Pok\u00e9mon\n|rule|Item Clause: Limit 1 of each item\n|raw|<div class=\"infobox\"><details class=\"readmore\" open><summary><strong>1 custom rule:</strong></summary> Best of = 3</details></div>\n|clearpoke\n|poke|p1|Meowscarada, L50, M|\n|poke|p1|Victreebel, L50, F|\n|poke|p1|Venusaur, L50, F|\n|poke|p1|Whimsicott, L50, F|\n|poke|p1|Decidueye-Hisui, L50, F|\n|poke|p1|Tsareena, L50, F|\n|poke|p2|Aerodactyl, L50, M, shiny|\n|poke|p2|Politoed, L50, F, shiny|\n|poke|p2|Basculegion, L50, M|\n|poke|p2|Tinkaton, L50, F|\n|poke|p2|Archaludon, L50, M|\n|poke|p2|Altaria, L50, M|\n|teampreview|4\n|inactive|Battle timer is ON: inactive players will automatically lose when time's up. (requested by Hellothisisatest)\nHellothisisatest has agreed to open team sheets.\n|c|\u2606rockyredstone|stop timer so we can have spectators\n|c|\u2606Hellothisisatest|Sup\nrockyredstone has agreed to open team sheets.\n|showteam|p1|Meowscarada||KingsRock|Protean|BulletSeed,KnockOff,TripleAxel,BrickBreak|||M|||50|]Victreebel||BrightPowder|Chlorophyll|SleepPowder,WeatherBall,SolarBeam,SludgeBomb|||F|||50|]Venusaur||Venusaurite|Chlorophyll|EarthPower,WeatherBall,SolarBeam,SleepPowder|||F|||50|]Whimsicott||FocusSash|Prankster|Tailwind,SunnyDay,Encore,Moonblast|||F|||50|]Decidueye-Hisui||ScopeLens|Scrappy|Tailwind,TripleArrows,LeafBlade,RockTomb|||F|||50|]Tsareena||ChoiceScarf|QueenlyMajesty|HighJumpKick,TripleAxel,PowerWhip,Uturn|||F|||50|\n|showteam|p2|Aerodactyl||Aerodactylite|RockHead|WideGuard,Tailwind,StoneEdge,DualWingbeat|||M|||50|]Politoed||Leftovers|Drizzle|PerishSong,Encore,IcyWind,HydroPump|||F|||50|]Basculegion||MysticWater|SwiftSwim|AquaJet,FlipTurn,LastRespects,WaveCrash|||M|||50|]Tinkaton||MetalCoat|MoldBreaker|FakeOut,KnockOff,GigatonHammer,Protect|||F|||50|]Archaludon||SitrusBerry|Sturdy|ElectroShot,FlashCannon,DragonPulse,AuraSphere|||M|||50|]Altaria||Altarianite|NaturalCure|Moonblast,Hurricane,Protect,IceBeam|||M|||50|\n|inactiveoff|Battle timer is now OFF.\n|\n|t:|1776630892\n|teamsize|p1|4\n|teamsize|p2|4\n|start\n|switch|p1a: Victreebel|Victreebel, L50, F|100/100\n|switch|p1b: Whimsicott|Whimsicott, L50, F|100/100\n|switch|p2a: LaGrenouille|Politoed, L50, F, shiny|100/100\n|switch|p2b: Altaria|Altaria, L50, M|100/100\n|-weather|RainDance|[from] ability: Drizzle|[of] p2a: LaGrenouille\n|turn|1\n|\n|t:|1776630928\n|detailschange|p2b: Altaria|Altaria-Mega, L50, M\n|-mega|p2b: Altaria|Altaria|Altarianite\n|move|p1b: Whimsicott|Sunny Day|p1b: Whimsicott\n|-weather|SunnyDay\n|move|p1a: Victreebel|Sleep Powder|p2a: LaGrenouille|[miss]\n|-miss|p1a: Victreebel|p2a: LaGrenouille\n|move|p2b: Altaria|Ice Beam|p1b: Whimsicott\n|-supereffective|p1b: Whimsicott|1\n|-damage|p1b: Whimsicott|17/100\n|move|p2a: LaGrenouille|Icy Wind|p1b: Whimsicott|[spread] p1a,p1b\n|-supereffective|p1a: Victreebel|1\n|-supereffective|p1b: Whimsicott|1\n|-damage|p1a: Victreebel|75/100\n|-damage|p1b: Whimsicott|0 fnt\n|-unboost|p1a: Victreebel|spe|1\n|faint|p1b: Whimsicott\n|\n|-weather|SunnyDay|[upkeep]\n|upkeep\n|\n|t:|1776630939\n|switch|p1b: Venusaur|Venusaur, L50, F|100/100\n|turn|2\n|j| JustBerry38\n|c|\u2606rockyredstone|75%\n|\n|t:|1776630957\n|switch|p2a: Stapler|Archaludon, L50, M|100/100\n|move|p1b: Venusaur|Solar Beam||[still]\n|-prepare|p1b: Venusaur|Solar Beam\n|-anim|p1b: Venusaur|Solar Beam|p2a: Stapler\n|-resisted|p2a: Stapler|2\n|-damage|p2a: Stapler|80/100\n|move|p1a: Victreebel|Sludge Bomb|p2b: Altaria\n|-supereffective|p2b: Altaria|1\n|-damage|p2b: Altaria|11/100\n|move|p2b: Altaria|Ice Beam|p1b: Venusaur\n|-supereffective|p1b: Venusaur|1\n|-damage|p1b: Venusaur|46/100\n|\n|-weather|SunnyDay|[upkeep]\n|upkeep\n|turn|3\n|c| JustBerry38|Mono grass is crazy\n|c| JustBerry38|love it\n|\n|t:|1776630986\n|switch|p2b: LaGrenouille|Politoed, L50, F, shiny|100/100\n|-weather|RainDance|[from] ability: Drizzle|[of] p2b: LaGrenouille\n|move|p2a: Stapler|Electro Shot||[still]\n|-prepare|p2a: Stapler|Electro Shot\n|-boost|p2a: Stapler|spa|1\n|-anim|p2a: Stapler|Electro Shot|p1b: Venusaur\n|-resisted|p1b: Venusaur|1\n|-damage|p1b: Venusaur|8/100\n|move|p1b: Venusaur|Sleep Powder|p2a: Stapler\n|-status|p2a: Stapler|slp|[from] move: Sleep Powder\n|move|p1a: Victreebel|Weather Ball|p2b: LaGrenouille\n|-resisted|p2b: LaGrenouille|1\n|-damage|p2b: LaGrenouille|81/100\n|\n|-weather|RainDance|[upkeep]\n|-heal|p2b: LaGrenouille|87/100|[from] item: Leftovers\n|upkeep\n|turn|4\n|\n|t:|1776631019\n|detailschange|p1b: Venusaur|Venusaur-Mega, L50, F\n|-mega|p1b: Venusaur|Venusaur|Venusaurite\n|cant|p2a: Stapler|slp\n|move|p1b: Venusaur|Sleep Powder|p2b: LaGrenouille\n|-status|p2b: LaGrenouille|slp|[from] move: Sleep Powder\n|cant|p2b: LaGrenouille|slp\n|move|p1a: Victreebel|Sludge Bomb|p2b: LaGrenouille\n|-damage|p2b: LaGrenouille|50/100 slp\n|\n|-weather|RainDance|[upkeep]\n|-heal|p2b: LaGrenouille|56/100 slp|[from] item: Leftovers\n|upkeep\n|turn|5\n|\n|t:|1776631039\n|cant|p2a: Stapler|slp\n|move|p1b: Venusaur|Earth Power|p2a: Stapler\n|-supereffective|p2a: Stapler|1\n|-damage|p2a: Stapler|0 fnt\n|faint|p2a: Stapler\n|cant|p2b: LaGrenouille|slp\n|move|p1a: Victreebel|Sludge Bomb|p2b: LaGrenouille\n|-damage|p2b: LaGrenouille|18/100 slp\n|\n|-weather|RainDance|[upkeep]\n|-heal|p2b: LaGrenouille|24/100 slp|[from] item: Leftovers\n|upkeep\n|\n|t:|1776631051\n|switch|p2a: Altaria|Altaria-Mega, L50, M|11/100\n|turn|6\n|\n|t:|1776631073\n|move|p2a: Altaria|Hurricane|p1a: Victreebel\n|-supereffective|p1a: Victreebel|1\n|-damage|p1a: Victreebel|0 fnt\n|faint|p1a: Victreebel\n|move|p1b: Venusaur|Earth Power|p2b: LaGrenouille\n|-crit|p2b: LaGrenouille\n|-damage|p2b: LaGrenouille|0 fnt\n|faint|p2b: LaGrenouille\n|\n|-weather|RainDance|[upkeep]\n|upkeep\n|\n|t:|1776631080\n|switch|p1a: Tsareena|Tsareena, L50, F|100/100\n|switch|p2b: Basculegion|Basculegion, L50, M|100/100\n|turn|7\n|\n|t:|1776631103\n|move|p2b: Basculegion|Last Respects|p1b: Venusaur\n|-damage|p1b: Venusaur|0 fnt\n|faint|p1b: Venusaur\n|move|p1a: Tsareena|Power Whip|p2b: Basculegion\n|-supereffective|p2b: Basculegion|1\n|-damage|p2b: Basculegion|0 fnt\n|faint|p2b: Basculegion\n|move|p2a: Altaria|Hurricane|p1a: Tsareena\n|-supereffective|p1a: Tsareena|1\n|-damage|p1a: Tsareena|5/100\n|-start|p1a: Tsareena|confusion\n|\n|-weather|none\n|upkeep\n|turn|8\n|\n|t:|1776631119\n|-activate|p1a: Tsareena|confusion\n|move|p1a: Tsareena|Power Whip|p2a: Altaria\n|-resisted|p2a: Altaria|1\n|-damage|p2a: Altaria|0 fnt\n|faint|p2a: Altaria\n|\n|win|rockyredstone\n|c|\u2606rockyredstone|gg\n|c|\u2606Hellothisisatest|gg\n||Hellothisisatest is ready for game 2.\n|inactive|rockyredstone has 30 seconds to confirm battle start!\n||rockyredstone is ready for game 2.\n|uhtml|next|Next: <a href=\"/battle-gen9championsvgc2026regma-2588409825\"><strong>Game 2 of 3</strong></a>\n|l| JustBerry38\n",
  "uploadtime": 1776631432,
  "views": 31,
  "formatid": "gen9championsvgc2026regma",
  "rating": null,
  "private": 0,
  "password": null
}