{
  "id": "gen9championsvgc2026regma-2584518388",
  "format": "[Gen 9 Champions] VGC 2026 Reg M-A",
  "players": [
    "ryankun26",
    "magroco2"
  ],
  "log": "|j|\u2606ryankun26\n|j|\u2606magroco2\n|t:|1776266137\n|gametype|doubles\n|player|p1|ryankun26|hilda|1255\n|player|p2|magroco2|169|1252\n|gen|9\n|tier|[Gen 9 Champions] VGC 2026 Reg M-A\n|rated|\n|rule|Species Clause: Limit one of each Pok\u00e9mon\n|rule|Item Clause: Limit 1 of each item\n|clearpoke\n|poke|p1|Talonflame, L50, F|\n|poke|p1|Glimmora, L50, F|\n|poke|p1|Tsareena, L50, F|\n|poke|p1|Zoroark-Hisui, L50, M|\n|poke|p1|Rotom-Wash, L50|\n|poke|p1|Incineroar, L50, M|\n|poke|p2|Kingambit, L50, M|\n|poke|p2|Garchomp, L50, F|\n|poke|p2|Archaludon, L50, M|\n|poke|p2|Pelipper, L50, M|\n|poke|p2|Kangaskhan, L50, F|\n|poke|p2|Rotom-Wash, L50|\n|teampreview|4\n|inactive|Battle timer is ON: inactive players will automatically lose when time's up. (requested by ryankun26)\n|inactive|ryankun26 has 60 seconds left.\n|\n|t:|1776266177\n|teamsize|p1|4\n|teamsize|p2|4\n|start\n|switch|p1a: Tsareena|Tsareena, L50, F|100/100\n|switch|p1b: Rotom|Rotom-Wash, L50|100/100\n|switch|p2a: Rotom|Rotom-Wash, L50|100/100\n|switch|p2b: Archaludon|Archaludon, L50, M|100/100\n|turn|1\n|inactive|magroco2 has 30 seconds left.\n|\n|t:|1776266206\n|move|p2a: Rotom|Volt Switch|p1b: Rotom\n|-damage|p1b: Rotom|67/100\n|\n|t:|1776266210\n|switch|p2a: Pelipper|Pelipper, L50, M|100/100|[from] Volt Switch\n|-weather|RainDance|[from] ability: Drizzle|[of] p2a: Pelipper\n|move|p1b: Rotom|Thunderbolt|p2a: Pelipper\n|-supereffective|p2a: Pelipper|2\n|-enditem|p2a: Pelipper|Focus Sash\n|-damage|p2a: Pelipper|1/100\n|move|p1a: Tsareena|Trop Kick|p2a: Pelipper\n|-crit|p2a: Pelipper\n|-damage|p2a: Pelipper|0 fnt\n|faint|p2a: Pelipper\n|move|p2b: Archaludon|Electro Shot||[still]\n|-prepare|p2b: Archaludon|Electro Shot\n|-boost|p2b: Archaludon|spa|1\n|-anim|p2b: Archaludon|Electro Shot|p1b: Rotom\n|-damage|p1b: Rotom|0 fnt\n|faint|p1b: Rotom\n|\n|-weather|RainDance|[upkeep]\n|upkeep\n|\n|t:|1776266233\n|switch|p1b: Glimmora|Glimmora, L50, F|100/100\n|switch|p2a: Kangaskhan|Kangaskhan, L50, F|100/100\n|turn|2\n|\n|t:|1776266248\n|detailschange|p2a: Kangaskhan|Kangaskhan-Mega, L50, F\n|-mega|p2a: Kangaskhan|Kangaskhan|Kangaskhanite\n|move|p2a: Kangaskhan|Fake Out||[still]\n|cant|p1a: Tsareena|ability: Queenly Majesty|Fake Out|[of] p2a: Kangaskhan\n|move|p1b: Glimmora|Snarl|p2a: Kangaskhan|[spread] p2a,p2b\n|-damage|p2a: Kangaskhan|86/100\n|-damage|p2b: Archaludon|83/100\n|-unboost|p2a: Kangaskhan|spa|1\n|-unboost|p2b: Archaludon|spa|1\n|-ability|p2b: Archaludon|Stamina|boost\n|-boost|p2b: Archaludon|def|1\n|move|p1a: Tsareena|Low Kick|p2a: Kangaskhan\n|-supereffective|p2a: Kangaskhan|1\n|-damage|p2a: Kangaskhan|25/100\n|move|p2b: Archaludon|Flash Cannon|p1b: Glimmora\n|-damage|p1b: Glimmora|4/100\n|replace|p1b: Zoroark|Zoroark-Hisui, L50, M\n|-end|p1b: Zoroark|Illusion\n|\n|-weather|RainDance|[upkeep]\n|upkeep\n|turn|3\n|inactive|ryankun26 has 30 seconds left.\n|inactive|magroco2 has 30 seconds left.\n|\n|t:|1776266275\n|move|p2a: Kangaskhan|Sucker Punch||[still]\n|cant|p1a: Tsareena|ability: Queenly Majesty|Sucker Punch|[of] p2a: Kangaskhan\n|move|p1b: Zoroark|Snarl|p2a: Kangaskhan|[spread] p2a,p2b\n|-damage|p2a: Kangaskhan|10/100\n|-damage|p2b: Archaludon|64/100\n|-unboost|p2a: Kangaskhan|spa|1\n|-unboost|p2b: Archaludon|spa|1\n|-ability|p2b: Archaludon|Stamina|boost\n|-boost|p2b: Archaludon|def|1\n|move|p1a: Tsareena|Low Kick|p2a: Kangaskhan\n|-supereffective|p2a: Kangaskhan|1\n|-damage|p2a: Kangaskhan|0 fnt\n|faint|p2a: Kangaskhan\n|move|p2b: Archaludon|Dragon Pulse|p1a: Tsareena\n|-damage|p1a: Tsareena|70/100\n|\n|-weather|RainDance|[upkeep]\n|upkeep\n|\n|t:|1776266290\n|switch|p2a: Rotom|Rotom-Wash, L50|100/100\n|turn|4\n|\n|t:|1776266300\n|move|p1b: Zoroark|Snarl|p2a: Rotom|[spread] p2b\n|-miss|p1b: Zoroark|p2a: Rotom\n|-damage|p2b: Archaludon|47/100\n|-unboost|p2b: Archaludon|spa|1\n|-ability|p2b: Archaludon|Stamina|boost\n|-boost|p2b: Archaludon|def|1\n|move|p2a: Rotom|Electroweb|p1b: Zoroark|[spread] p1a,p1b\n|-resisted|p1a: Tsareena|1\n|-damage|p1a: Tsareena|61/100\n|-damage|p1b: Zoroark|0 fnt\n|-unboost|p1a: Tsareena|spe|1\n|faint|p1b: Zoroark\n|-enditem|p1a: Tsareena|White Herb\n|-clearnegativeboost|p1a: Tsareena|[silent]\n|move|p1a: Tsareena|Trop Kick|p2a: Rotom\n|-supereffective|p2a: Rotom|1\n|-damage|p2a: Rotom|0 fnt\n|faint|p2a: Rotom\n|move|p2b: Archaludon|Electro Shot||[still]\n|-prepare|p2b: Archaludon|Electro Shot\n|-boost|p2b: Archaludon|spa|1\n|-anim|p2b: Archaludon|Electro Shot|p1a: Tsareena\n|-resisted|p1a: Tsareena|1\n|-damage|p1a: Tsareena|45/100\n|\n|-weather|RainDance|[upkeep]\n|upkeep\n|\n|t:|1776266322\n|switch|p1b: Glimmora|Glimmora, L50, F|100/100\n|turn|5\n|-message|magroco2 forfeited.\n|\n|win|ryankun26\n|raw|ryankun26's rating: 1255 &rarr; <strong>1280</strong><br />(+25 for winning)\n|raw|magroco2's rating: 1252 &rarr; <strong>1227</strong><br />(-25 for losing)\n|l|\u2606magroco2\n|player|p2|\n",
  "uploadtime": 1776266333,
  "views": 49,
  "formatid": "gen9championsvgc2026regma",
  "rating": 1227,
  "private": 0,
  "password": null
}