{
  "id": "gen9championsvgc2026regma-2584079113",
  "format": "[Gen 9 Champions] VGC 2026 Reg M-A",
  "players": [
    "PiniTera",
    "GengarScary"
  ],
  "log": "|j|\u2606PiniTera\n|j|\u2606GengarScary\n|t:|1776222986\n|gametype|doubles\n|player|p1|PiniTera|lucas|1140\n|player|p2|GengarScary|101|1119\n|gen|9\n|tier|[Gen 9 Champions] VGC 2026 Reg M-A\n|rated|\n|rule|Species Clause: Limit one of each Pok\u00e9mon\n|rule|Item Clause: Limit 1 of each item\n|clearpoke\n|poke|p1|Clefable, L50, M|\n|poke|p1|Kingambit, L50, M|\n|poke|p1|Sneasler, L50, F|\n|poke|p1|Dragonite, L50, M|\n|poke|p1|Delphox, L50, M|\n|poke|p1|Basculegion, L50, M|\n|poke|p2|Pelipper, L50, M|\n|poke|p2|Basculegion, L50, M|\n|poke|p2|Archaludon, L50, F|\n|poke|p2|Dragonite, L50, F|\n|poke|p2|Sneasler, L50, M|\n|poke|p2|Incineroar, L50, M|\n|teampreview|4\n|inactive|Battle timer is ON: inactive players will automatically lose when time's up. (requested by GengarScary)\nGengarScary rejected open team sheets.\n|\n|t:|1776223028\n|teamsize|p1|4\n|teamsize|p2|4\n|start\n|switch|p1a: Kingambit|Kingambit, L50, M|100/100\n|switch|p1b: Basculegion|Basculegion, L50, M|100/100\n|switch|p2a: Pelipper|Pelipper, L50, M|100/100\n|switch|p2b: Archaludon|Archaludon, L50, F|100/100\n|-weather|RainDance|[from] ability: Drizzle|[of] p2a: Pelipper\n|turn|1\n|\n|t:|1776223042\n|move|p2a: Pelipper|Protect|p2a: Pelipper\n|-singleturn|p2a: Pelipper|Protect\n|move|p1b: Basculegion|Flip Turn|p2a: Pelipper\n|-activate|p2a: Pelipper|move: Protect\n|move|p2b: Archaludon|Electro Shot||[still]\n|-prepare|p2b: Archaludon|Electro Shot\n|-boost|p2b: Archaludon|spa|1\n|-anim|p2b: Archaludon|Electro Shot|p1b: Basculegion\n|-supereffective|p1b: Basculegion|1\n|-damage|p1b: Basculegion|0 fnt\n|faint|p1b: Basculegion\n|move|p1a: Kingambit|Swords Dance|p1a: Kingambit\n|-boost|p1a: Kingambit|atk|2\n|\n|-weather|RainDance|[upkeep]\n|upkeep\n|\n|t:|1776223046\n|switch|p1b: Delphox|Delphox, L50, M|100/100\n|turn|2\n|\n|t:|1776223060\n|detailschange|p1b: Delphox|Delphox-Mega, L50, M\n|-mega|p1b: Delphox|Delphox|Delphoxite\n|move|p1a: Kingambit|Sucker Punch|p2b: Archaludon\n|-damage|p2b: Archaludon|28/100\n|-ability|p2b: Archaludon|Stamina|boost\n|-boost|p2b: Archaludon|def|1\n|move|p1b: Delphox|Psychic|p2b: Archaludon\n|-resisted|p2b: Archaludon|1\n|-damage|p2b: Archaludon|0 fnt\n|faint|p2b: Archaludon\n|move|p2a: Pelipper|Muddy Water|p1b: Delphox|[spread] p1a,p1b\n|-supereffective|p1b: Delphox|1\n|-damage|p1a: Kingambit|60/100\n|-damage|p1b: Delphox|12/100\n|-unboost|p1a: Kingambit|accuracy|1\n|-ability|p1a: Kingambit|Defiant|boost\n|-boost|p1a: Kingambit|atk|2\n|\n|-weather|RainDance|[upkeep]\n|upkeep\n|\n|t:|1776223075\n|switch|p2b: Sneasler|Sneasler, L50, M|100/100\n|turn|3\n|\n|t:|1776223083\n|move|p1b: Delphox|Protect|p1b: Delphox\n|-singleturn|p1b: Delphox|Protect\n|move|p1a: Kingambit|Protect|p1a: Kingambit\n|-singleturn|p1a: Kingambit|Protect\n|move|p2b: Sneasler|Fake Out|p1a: Kingambit\n|-activate|p1a: Kingambit|move: Protect\n|move|p2a: Pelipper|Muddy Water|p1a: Kingambit|[spread] \n|-activate|p1a: Kingambit|move: Protect\n|-activate|p1b: Delphox|move: Protect\n|\n|-weather|RainDance|[upkeep]\n|upkeep\n|turn|4\n|\n|t:|1776223101\n|move|p1a: Kingambit|Sucker Punch||[still]\n|-fail|p1a: Kingambit\n|move|p1b: Delphox|Heat Wave|p2b: Sneasler|[spread] p2a,p2b\n|-resisted|p2a: Pelipper|1\n|-damage|p2a: Pelipper|83/100\n|-damage|p2b: Sneasler|71/100\n|move|p2b: Sneasler|Coaching|p2a: Pelipper\n|-boost|p2a: Pelipper|atk|1\n|-boost|p2a: Pelipper|def|1\n|move|p2a: Pelipper|Muddy Water|p1b: Delphox|[spread] p1a,p1b\n|-supereffective|p1b: Delphox|1\n|-damage|p1a: Kingambit|19/100\n|-damage|p1b: Delphox|0 fnt\n|faint|p1b: Delphox\n|\n|-weather|RainDance|[upkeep]\n|upkeep\n|\n|t:|1776223113\n|switch|p1b: Clefable|Clefable, L50, M|100/100\n|turn|5\n|\n|t:|1776223125\n|move|p1b: Clefable|Follow Me|p1b: Clefable\n|-singleturn|p1b: Clefable|move: Follow Me\n|move|p2b: Sneasler|Dire Claw|p1b: Clefable\n|-supereffective|p1b: Clefable|1\n|-damage|p1b: Clefable|38/100\n|-enditem|p1b: Clefable|Sitrus Berry|[eat]\n|-heal|p1b: Clefable|63/100|[from] item: Sitrus Berry\n|move|p2a: Pelipper|Tailwind|p2a: Pelipper\n|-sidestart|p2: GengarScary|move: Tailwind\n|move|p1a: Kingambit|Kowtow Cleave|p2b: Sneasler\n|-resisted|p2b: Sneasler|1\n|-damage|p2b: Sneasler|0 fnt\n|faint|p2b: Sneasler\n|\n|-weather|none\n|upkeep\n|\n|t:|1776223135\n|switch|p2b: Incineroar|Incineroar, L50, M|100/100\n|-ability|p2b: Incineroar|Intimidate|boost\n|-unboost|p1a: Kingambit|atk|1\n|-ability|p1a: Kingambit|Defiant|boost\n|-boost|p1a: Kingambit|atk|2\n|-unboost|p1b: Clefable|atk|1\n|turn|6\n|\n|t:|1776223149\n|move|p1b: Clefable|Protect|p1b: Clefable\n|-singleturn|p1b: Clefable|Protect\n|move|p1a: Kingambit|Protect|p1a: Kingambit\n|-singleturn|p1a: Kingambit|Protect\n|move|p2a: Pelipper|Muddy Water|p1a: Kingambit|[spread] \n|-activate|p1a: Kingambit|move: Protect\n|-activate|p1b: Clefable|move: Protect\n|move|p2b: Incineroar|Flare Blitz|p1a: Kingambit\n|-activate|p1a: Kingambit|move: Protect\n|\n|upkeep\n|turn|7\n|\n|t:|1776223164\n|move|p1b: Clefable|Follow Me|p1b: Clefable\n|-singleturn|p1b: Clefable|move: Follow Me\n|move|p1a: Kingambit|Sucker Punch|p2a: Pelipper\n|-damage|p2a: Pelipper|0 fnt\n|faint|p2a: Pelipper\n|move|p2b: Incineroar|Flare Blitz|p1b: Clefable\n|-damage|p1b: Clefable|25/100\n|-damage|p2b: Incineroar|88/100|[from] Recoil\n|\n|upkeep\n|turn|8\n|\n|t:|1776223178\n|move|p1b: Clefable|Follow Me|p1b: Clefable\n|-singleturn|p1b: Clefable|move: Follow Me\n|move|p2b: Incineroar|Flare Blitz|p1b: Clefable\n|-damage|p1b: Clefable|0 fnt\n|faint|p1b: Clefable\n|-damage|p2b: Incineroar|80/100|[from] Recoil\n|move|p1a: Kingambit|Kowtow Cleave|p2b: Incineroar\n|-resisted|p2b: Incineroar|1\n|-damage|p2b: Incineroar|0 fnt\n|faint|p2b: Incineroar\n|\n|win|PiniTera\n|raw|PiniTera's rating: 1140 &rarr; <strong>1163</strong><br />(+23 for winning)\n|raw|GengarScary's rating: 1119 &rarr; <strong>1096</strong><br />(-23 for losing)\n|l|\u2606GengarScary\n|player|p2|\n",
  "uploadtime": 1776223296,
  "views": 16,
  "formatid": "gen9championsvgc2026regma",
  "rating": 1096,
  "private": 0,
  "password": null
}