{
  "id": "gen9championsvgc2026regma-2585498140",
  "format": "[Gen 9 Champions] VGC 2026 Reg M-A",
  "players": [
    "Yashinon",
    "Ewerton Zoio"
  ],
  "log": "|j|\u2606Yashinon\n|j|\u2606Ewerton Zoio\n|t:|1776351578\n|gametype|doubles\n|player|p1|Yashinon|101|1374\n|player|p2|Ewerton Zoio|2|1403\n|gen|9\n|tier|[Gen 9 Champions] VGC 2026 Reg M-A\n|rated|\n|rule|Species Clause: Limit one of each Pok\u00e9mon\n|rule|Item Clause: Limit 1 of each item\n|clearpoke\n|poke|p1|Scizor, L50, F|\n|poke|p1|Sinistcha-Masterpiece, L50|\n|poke|p1|Sneasler, L50, M|\n|poke|p1|Aerodactyl, L50, M|\n|poke|p1|Incineroar, L50, M|\n|poke|p1|Floette-Eternal, L50, F|\n|poke|p2|Charizard, L50, M|\n|poke|p2|Drampa, L50, M|\n|poke|p2|Scizor, L50, F|\n|poke|p2|Farigiraf, L50, M|\n|poke|p2|Lycanroc-Dusk, L50, M|\n|poke|p2|Primarina, L50, F|\n|teampreview|4\n|inactive|Battle timer is ON: inactive players will automatically lose when time's up. (requested by Ewerton Zoio)\n|inactive|Yashinon has 60 seconds left.\n|\n|t:|1776351620\n|teamsize|p1|4\n|teamsize|p2|4\n|start\n|switch|p1a: Floette|Floette-Eternal, L50, F|100/100\n|switch|p1b: Aerodactyl|Aerodactyl, L50, M|100/100\n|switch|p2a: Farigiraf|Farigiraf, L50, M, shiny|100/100\n|switch|p2b: Primarina|Primarina, L50, F|100/100\n|-ability|p1b: Aerodactyl|Unnerve\n|turn|1\n|inactive|Yashinon has 30 seconds left.\n|inactive|Ewerton Zoio has 30 seconds left.\n|\n|t:|1776351649\n|detailschange|p1a: Floette|Floette-Mega, L50, F\n|-mega|p1a: Floette|Floette|Floettite\n|-ability|p1a: Floette|Fairy Aura\n|move|p1b: Aerodactyl|Rock Slide|p2b: Primarina|[spread] p2a,p2b\n|-damage|p2a: Farigiraf|77/100\n|-damage|p2b: Primarina|67/100\n|move|p1a: Floette|Calm Mind|p1a: Floette\n|-boost|p1a: Floette|spa|1\n|-boost|p1a: Floette|spd|1\n|move|p2b: Primarina|Hyper Voice|p1a: Floette|[spread] p1a,p1b\n|-supereffective|p1b: Aerodactyl|1\n|-damage|p1a: Floette|86/100\n|-damage|p1b: Aerodactyl|9/100\n|cant|p2a: Farigiraf|flinch\n|\n|-heal|p2b: Primarina|73/100|[from] item: Leftovers\n|upkeep\n|turn|2\n|j| GentleH\n|\n|t:|1776351672\n|move|p1b: Aerodactyl|Rock Slide|p2b: Primarina|[spread] p2a,p2b\n|-damage|p2a: Farigiraf|56/100\n|-damage|p2b: Primarina|42/100\n|move|p1a: Floette|Calm Mind|p1a: Floette\n|-boost|p1a: Floette|spa|1\n|-boost|p1a: Floette|spd|1\n|move|p2b: Primarina|Hyper Voice|p1b: Aerodactyl|[spread] p1a,p1b\n|-supereffective|p1b: Aerodactyl|1\n|-damage|p1a: Floette|75/100\n|-damage|p1b: Aerodactyl|0 fnt\n|faint|p1b: Aerodactyl\n|move|p2a: Farigiraf|Trick Room|p2a: Farigiraf\n|-fieldstart|move: Trick Room|[of] p2a: Farigiraf\n|\n|-heal|p2b: Primarina|48/100|[from] item: Leftovers\n|upkeep\n|\n|t:|1776351687\n|switch|p1b: Sinistcha|Sinistcha-Masterpiece, L50|100/100\n|-heal|p1a: Floette|99/100|[from] ability: Hospitality|[of] p1b: Sinistcha\n|turn|3\n|\n|t:|1776351696\n|move|p2a: Farigiraf|Protect|p2a: Farigiraf\n|-singleturn|p2a: Farigiraf|Protect\n|move|p2b: Primarina|Moonblast|p1b: Sinistcha\n|-damage|p1b: Sinistcha|45/100\n|-enditem|p1b: Sinistcha|Sitrus Berry|[eat]\n|-heal|p1b: Sinistcha|70/100|[from] item: Sitrus Berry\n|move|p1a: Floette|Dazzling Gleam|p2a: Farigiraf|[spread] p2b\n|-activate|p2a: Farigiraf|move: Protect\n|-damage|p2b: Primarina|0 fnt\n|faint|p2b: Primarina\n|move|p1b: Sinistcha|Trick Room|p1b: Sinistcha\n|-fieldend|move: Trick Room\n|\n|upkeep\n|l| GentleH\n|\n|t:|1776351705\n|switch|p2b: Scizor|Scizor, L50, F|100/100\n|turn|4\n|\n|t:|1776351717\n|move|p2a: Farigiraf|Helping Hand|p2b: Scizor\n|-singleturn|p2b: Scizor|Helping Hand|[of] p2a: Farigiraf\n|move|p1b: Sinistcha|Rage Powder|p1b: Sinistcha\n|-singleturn|p1b: Sinistcha|move: Rage Powder\n|move|p2b: Scizor|Bullet Punch|p1b: Sinistcha\n|-damage|p1b: Sinistcha|9/100\n|move|p1a: Floette|Dazzling Gleam|p2a: Farigiraf|[spread] p2a,p2b\n|-resisted|p2b: Scizor|1\n|-damage|p2a: Farigiraf|0 fnt\n|-damage|p2b: Scizor|41/100\n|faint|p2a: Farigiraf\n|\n|upkeep\n|\n|t:|1776351726\n|switch|p2a: Charizard|Charizard, L50, M|100/100\n|turn|5\n|\n|t:|1776351744\n|detailschange|p2a: Charizard|Charizard-Mega-X, L50, M\n|-mega|p2a: Charizard|Charizard|Charizardite X\n|move|p2b: Scizor|Protect|p2b: Scizor\n|-singleturn|p2b: Scizor|Protect\n|move|p1b: Sinistcha|Rage Powder|p1b: Sinistcha\n|-singleturn|p1b: Sinistcha|move: Rage Powder\n|move|p1a: Floette|Dazzling Gleam|p2a: Charizard|[spread] p2a\n|-activate|p2b: Scizor|move: Protect\n|-damage|p2a: Charizard|0 fnt\n|faint|p2a: Charizard\n|\n|upkeep\n|turn|6\n|n|!Ewerton Zoio|ewertonzoio\n|inactive|Ewerton Zoio has 30 seconds left.\n|-message|Ewerton Zoio forfeited.\n|\n|win|Yashinon\n",
  "uploadtime": 1776351760,
  "views": 19,
  "formatid": "gen9championsvgc2026regma",
  "rating": null,
  "private": 0,
  "password": null
}