{
  "id": "gen9championsvgc2026regma-2584905281",
  "format": "[Gen 9 Champions] VGC 2026 Reg M-A",
  "players": [
    "dmem enjoyer",
    "orionsayshi"
  ],
  "log": "|j|\u2606dmem enjoyer\n|j|\u2606orionsayshi\n|t:|1776293242\n|gametype|doubles\n|player|p1|dmem enjoyer|2|1031\n|player|p2|orionsayshi|elesa|1083\n|gen|9\n|tier|[Gen 9 Champions] VGC 2026 Reg M-A\n|rated|\n|rule|Species Clause: Limit one of each Pok\u00e9mon\n|rule|Item Clause: Limit 1 of each item\n|clearpoke\n|poke|p1|Sinistcha, L50|\n|poke|p1|Charizard, L50, M|\n|poke|p1|Torkoal, L50, M|\n|poke|p1|Venusaur, L50, M|\n|poke|p1|Aegislash, L50, M|\n|poke|p1|Maushold-Four, L50|\n|poke|p2|Incineroar, L50, F|\n|poke|p2|Gengar, L50, F|\n|poke|p2|Sableye, L50, M|\n|poke|p2|Arcanine-Hisui, L50, M|\n|poke|p2|Bellibolt, L50, M|\n|poke|p2|Sinistcha, L50|\n|teampreview|4\ndmem enjoyer rejected open team sheets.\n|inactive|Battle timer is ON: inactive players will automatically lose when time's up. (requested by dmem enjoyer)\n|inactive|dmem enjoyer has 60 seconds left.\n|inactive|orionsayshi has 60 seconds left.\n|l|\u2606orionsayshi\n|inactive|orionsayshi disconnected and has a minute to reconnect!\n|player|p2|\n|inactive|dmem enjoyer has 30 seconds left.\n|j|\u2606orionsayshi\n|inactive|orionsayshi reconnected.\n|player|p2|orionsayshi|elesa|\n|\n|t:|1776293315\n|teamsize|p1|4\n|teamsize|p2|4\n|start\n|switch|p1a: Torkoal|Torkoal, L50, M|100/100\n|switch|p1b: Maushold|Maushold-Four, L50|100/100\n|switch|p2a: Arcanine|Arcanine-Hisui, L50, M|100/100\n|switch|p2b: Incineroar|Incineroar, L50, F|100/100\n|-ability|p2a: Arcanine|Intimidate|boost\n|-unboost|p1a: Torkoal|atk|1\n|-unboost|p1b: Maushold|atk|1\n|-ability|p2b: Incineroar|Intimidate|boost\n|-unboost|p1a: Torkoal|atk|1\n|-unboost|p1b: Maushold|atk|1\n|-weather|SunnyDay|[from] ability: Drought|[of] p1a: Torkoal\n|turn|1\n|inactive|dmem enjoyer has 30 seconds left.\n|\n|t:|1776293341\n|move|p1a: Torkoal|Protect|p1a: Torkoal\n|-singleturn|p1a: Torkoal|Protect\n|move|p2b: Incineroar|Fake Out|p1b: Maushold\n|-damage|p1b: Maushold|83/100\n|move|p2a: Arcanine|Head Smash|p1a: Torkoal\n|-activate|p1a: Torkoal|move: Protect\n|cant|p1b: Maushold|flinch\n|\n|-weather|SunnyDay|[upkeep]\n|upkeep\n|turn|2\n|\n|t:|1776293356\n|switch|p2a: Bellibolt|Bellibolt, L50, M|100/100\n|move|p1b: Maushold|After You|p1a: Torkoal\n|-activate|p1a: Torkoal|move: After You\n|move|p1a: Torkoal|Earth Power|p2a: Bellibolt\n|-supereffective|p2a: Bellibolt|1\n|-damage|p2a: Bellibolt|52/100\n|-start|p2a: Bellibolt|Charge|Earth Power|[from] ability: Electromorphosis\n|move|p2b: Incineroar|Parting Shot|p1a: Torkoal\n|-unboost|p1a: Torkoal|atk|1\n|-unboost|p1a: Torkoal|spa|1\n|\n|t:|1776293367\n|switch|p2b: Arcanine|Arcanine-Hisui, L50, M|100/100|[from] Parting Shot\n|-ability|p2b: Arcanine|Intimidate|boost\n|-unboost|p1a: Torkoal|atk|1\n|-unboost|p1b: Maushold|atk|1\n|\n|-weather|SunnyDay|[upkeep]\n|-heal|p2a: Bellibolt|58/100|[from] item: Leftovers\n|upkeep\n|turn|3\n|\n|t:|1776293382\n|move|p2b: Arcanine|Head Smash|p1a: Torkoal|[miss]\n|-miss|p2b: Arcanine|p1a: Torkoal\n|move|p1b: Maushold|After You|p1a: Torkoal\n|-activate|p1a: Torkoal|move: After You\n|move|p1a: Torkoal|Earth Power|p2b: Arcanine\n|-supereffective|p2b: Arcanine|2\n|-damage|p2b: Arcanine|21/100\n|move|p2a: Bellibolt|Volt Switch|p1b: Maushold\n|-damage|p1b: Maushold|5/100\n|-end|p2a: Bellibolt|Charge|[silent]\n|\n|t:|1776293393\n|switch|p2a: Incineroar|Incineroar, L50, F|100/100|[from] Volt Switch\n|-ability|p2a: Incineroar|Intimidate|boost\n|-unboost|p1a: Torkoal|atk|1\n|-unboost|p1b: Maushold|atk|1\n|\n|-weather|SunnyDay|[upkeep]\n|upkeep\n|turn|4\n|inactive|dmem enjoyer has 30 seconds left.\n|inactive|dmem enjoyer has 20 seconds left.\n|inactive|dmem enjoyer has 15 seconds left.\n|\n|t:|1776293434\n|switch|p1a: Aegislash|Aegislash, L50, M|100/100\n|move|p2a: Incineroar|Fake Out|p1b: Maushold\n|-damage|p1b: Maushold|0 fnt\n|faint|p1b: Maushold\n|move|p2b: Arcanine|Head Smash|p1a: Aegislash\n|-resisted|p1a: Aegislash|1\n|-damage|p1a: Aegislash|70/100\n|-damage|p2b: Arcanine|6/100|[from] Recoil\n|\n|-weather|SunnyDay|[upkeep]\n|upkeep\n|\n|t:|1776293445\n|switch|p1b: Torkoal|Torkoal, L50, M|100/100\n|turn|5\n|\n|t:|1776293467\n|move|p1b: Torkoal|Protect|p1b: Torkoal\n|-singleturn|p1b: Torkoal|Protect\n|move|p2b: Arcanine|Head Smash|p1b: Torkoal\n|-activate|p1b: Torkoal|move: Protect\n|move|p2a: Incineroar|Flare Blitz|p1a: Aegislash\n|-supereffective|p1a: Aegislash|1\n|-damage|p1a: Aegislash|0 fnt\n|faint|p1a: Aegislash\n|-damage|p2a: Incineroar|82/100|[from] Recoil\n|\n|-weather|none\n|upkeep\n|\n|t:|1776293476\n|switch|p1a: Charizard|Charizard, L50, M|100/100\n|turn|6\n|\n|t:|1776293492\n|switch|p2b: Bellibolt|Bellibolt, L50, M|58/100\n|detailschange|p1a: Charizard|Charizard-Mega-Y, L50, M\n|-mega|p1a: Charizard|Charizard|Charizardite Y\n|-weather|SunnyDay|[from] ability: Drought|[of] p1a: Charizard\n|move|p1a: Charizard|Protect|p1a: Charizard\n|-singleturn|p1a: Charizard|Protect\n|move|p2a: Incineroar|Parting Shot|p1a: Charizard\n|-activate|p1a: Charizard|move: Protect\n|move|p1b: Torkoal|Eruption|p2a: Incineroar|[spread] p2a,p2b\n|-resisted|p2a: Incineroar|1\n|-damage|p2a: Incineroar|38/100\n|-damage|p2b: Bellibolt|0 fnt\n|faint|p2b: Bellibolt\n|\n|-weather|SunnyDay|[upkeep]\n|upkeep\n|\n|t:|1776293511\n|switch|p2b: Arcanine|Arcanine-Hisui, L50, M|6/100\n|-ability|p2b: Arcanine|Intimidate|boost\n|-unboost|p1a: Charizard|atk|1\n|-unboost|p1b: Torkoal|atk|1\n|turn|7\n|\n|t:|1776293526\n|move|p2b: Arcanine|Rock Slide|p1b: Torkoal|[spread] p1a,p1b\n|-supereffective|p1a: Charizard|2\n|-supereffective|p1b: Torkoal|1\n|-damage|p1a: Charizard|0 fnt\n|-damage|p1b: Torkoal|60/100\n|faint|p1a: Charizard\n|move|p2a: Incineroar|Parting Shot|p1b: Torkoal\n|-unboost|p1b: Torkoal|atk|1\n|-unboost|p1b: Torkoal|spa|1\n|\n|t:|1776293533\n|switch|p2a: Gengar|Gengar, L50, F|100/100|[from] Parting Shot\n|move|p1b: Torkoal|Eruption|p2b: Arcanine|[spread] p2a,p2b\n|-resisted|p2b: Arcanine|2\n|-damage|p2a: Gengar|54/100\n|-damage|p2b: Arcanine|0 fnt\n|-start|p1b: Torkoal|Disable|Eruption|[from] ability: Cursed Body|[of] p2a: Gengar\n|faint|p2b: Arcanine\n|\n|-weather|SunnyDay|[upkeep]\n|upkeep\n|\n|t:|1776293539\n|switch|p2b: Incineroar|Incineroar, L50, F|38/100\n|-ability|p2b: Incineroar|Intimidate|boost\n|-unboost|p1b: Torkoal|atk|1\n|turn|8\n|\n|t:|1776293547\n|detailschange|p2a: Gengar|Gengar-Mega, L50, F\n|-mega|p2a: Gengar|Gengar|Gengarite\n|move|p1b: Torkoal|Protect|p1b: Torkoal\n|-singleturn|p1b: Torkoal|Protect\n|move|p2b: Incineroar|Fake Out|p1b: Torkoal\n|-activate|p1b: Torkoal|move: Protect\n|move|p2a: Gengar|Shadow Ball|p1b: Torkoal\n|-activate|p1b: Torkoal|move: Protect\n|\n|-weather|SunnyDay|[upkeep]\n|upkeep\n|turn|9\n|\n|t:|1776293561\n|move|p2a: Gengar|Shadow Ball|p1b: Torkoal\n|-damage|p1b: Torkoal|0 fnt\n|faint|p1b: Torkoal\n|\n|win|orionsayshi\n|raw|dmem enjoyer's rating: 1031 &rarr; <strong>1019</strong><br />(-12 for losing)\n|raw|orionsayshi's rating: 1083 &rarr; <strong>1106</strong><br />(+23 for winning)\n|l|\u2606dmem enjoyer\n|player|p1|\n",
  "uploadtime": 1776293568,
  "views": 18,
  "formatid": "gen9championsvgc2026regma",
  "rating": 1019,
  "private": 0,
  "password": null
}