{
  "id": "gen9championsvgc2026regma-2587179502",
  "format": "[Gen 9 Champions] VGC 2026 Reg M-A",
  "players": [
    "sugar4sugar",
    "bear gamer 999"
  ],
  "log": "|j|\u2606sugar4sugar\n|j|\u2606bear gamer 999\n|t:|1776505052\n|gametype|doubles\n|player|p1|sugar4sugar|backersf|1103\n|player|p2|bear gamer 999|ninjaboy|1018\n|gen|9\n|tier|[Gen 9 Champions] VGC 2026 Reg M-A\n|rated|\n|rule|Species Clause: Limit one of each Pok\u00e9mon\n|rule|Item Clause: Limit 1 of each item\n|clearpoke\n|poke|p1|Froslass, L50, F|\n|poke|p1|Palafin, L50, F|\n|poke|p1|Kingambit, L50, M|\n|poke|p1|Arcanine-Hisui, L50, M|\n|poke|p1|Sinistcha, L50|\n|poke|p1|Sneasler, L50, M|\n|poke|p2|Greninja, L50, F, shiny|\n|poke|p2|Abomasnow, L50, F, shiny|\n|poke|p2|Glaceon, L50, F, shiny|\n|poke|p2|Blastoise, L50, M, shiny|\n|poke|p2|Goodra-Hisui, L50, F, shiny|\n|poke|p2|Vanilluxe, L50, F, shiny|\n|teampreview|4\n|inactive|Battle timer is ON: inactive players will automatically lose when time's up. (requested by bear gamer 999)\n|inactive|sugar4sugar also wants the timer to be on.\nbear gamer 999 rejected open team sheets.\n|\n|t:|1776505073\n|teamsize|p1|4\n|teamsize|p2|4\n|start\n|switch|p1a: Sneasler|Sneasler, L50, M|100/100\n|switch|p1b: Palafin|Palafin, L50, F|100/100\n|switch|p2a: Vanilluxe|Vanilluxe, L50, F, shiny|100/100\n|switch|p2b: Blastoise|Blastoise, L50, M, shiny|100/100\n|-weather|Snowscape|[from] ability: Snow Warning|[of] p2a: Vanilluxe\n|turn|1\n|\n|t:|1776505091\n|detailschange|p1b: Palafin|Palafin-Hero, L50, F\n|switch|p1b: Arcanine|Arcanine-Hisui, L50, M|100/100\n|-ability|p1b: Arcanine|Intimidate|boost\n|-unboost|p2a: Vanilluxe|atk|1\n|-unboost|p2b: Blastoise|atk|1\n|detailschange|p2b: Blastoise|Blastoise-Mega, L50, M, shiny\n|-mega|p2b: Blastoise|Blastoise|Blastoisinite\n|move|p1a: Sneasler|Fake Out|p2b: Blastoise\n|-crit|p2b: Blastoise\n|-damage|p2b: Blastoise|78/100\n|move|p2a: Vanilluxe|Aurora Veil|p2a: Vanilluxe\n|-sidestart|p2: bear gamer 999|move: Aurora Veil\n|cant|p2b: Blastoise|flinch\n|\n|-weather|Snowscape|[upkeep]\n|upkeep\n|turn|2\n|inactive|sugar4sugar has 30 seconds left.\n|\n|t:|1776505123\n|move|p2a: Vanilluxe|Ally Switch|p2a: Vanilluxe\n|swap|p2a: Vanilluxe|1|[from] move: Ally Switch\n|move|p1a: Sneasler|Close Combat|p2b: Vanilluxe\n|-supereffective|p2b: Vanilluxe|1\n|-damage|p2b: Vanilluxe|43/100\n|-unboost|p1a: Sneasler|def|1\n|-unboost|p1a: Sneasler|spd|1\n|move|p1b: Arcanine|Flare Blitz|p2a: Blastoise\n|-resisted|p2a: Blastoise|1\n|-damage|p2a: Blastoise|58/100\n|-damage|p1b: Arcanine|94/100|[from] Recoil\n|move|p2a: Blastoise|Water Pulse|p1b: Arcanine\n|-supereffective|p1b: Arcanine|2\n|-damage|p1b: Arcanine|0 fnt\n|faint|p1b: Arcanine\n|\n|-weather|Snowscape|[upkeep]\n|-heal|p2b: Vanilluxe|50/100|[from] item: Leftovers\n|upkeep\n|inactive|sugar4sugar has 30 seconds left.\n|inactive|sugar4sugar has 20 seconds left.\n|\n|t:|1776505159\n|switch|p1b: Palafin|Palafin-Hero, L50, F|100/100\n|-activate|p1b: Palafin|ability: Zero to Hero\n|turn|3\n|inactive|bear gamer 999 has 30 seconds left.\n|\n|t:|1776505185\n|move|p1b: Palafin|Jet Punch|p2b: Vanilluxe\n|-damage|p2b: Vanilluxe|28/100\n|move|p1a: Sneasler|Dire Claw|p2a: Blastoise\n|-damage|p2a: Blastoise|28/100\n|-status|p2a: Blastoise|slp\n|move|p2b: Vanilluxe|Blizzard|p1a: Sneasler|[spread] p1a,p1b\n|-resisted|p1b: Palafin|1\n|-damage|p1a: Sneasler|41/100\n|-damage|p1b: Palafin|86/100\n|-status|p1b: Palafin|frz\n|cant|p2a: Blastoise|slp\n|\n|-weather|Snowscape|[upkeep]\n|-heal|p2b: Vanilluxe|34/100|[from] item: Leftovers\n|upkeep\n|turn|4\n|\n|t:|1776505207\n|move|p2b: Vanilluxe|Ally Switch|p2b: Vanilluxe\n|swap|p2b: Vanilluxe|0|[from] move: Ally Switch\n|cant|p1b: Palafin|frz\n|move|p1a: Sneasler|Close Combat|p2b: Blastoise\n|-damage|p2b: Blastoise|0 fnt\n|-unboost|p1a: Sneasler|def|1\n|-unboost|p1a: Sneasler|spd|1\n|faint|p2b: Blastoise\n|\n|-weather|Snowscape|[upkeep]\n|-heal|p2a: Vanilluxe|40/100|[from] item: Leftovers\n|upkeep\n|\n|t:|1776505220\n|switch|p2b: Glaceon|Glaceon, L50, F, shiny|100/100\n|turn|5\n|inactive|bear gamer 999 has 30 seconds left.\n|\n|t:|1776505255\n|switch|p2a: Greninja|Greninja, L50, F, shiny|100/100\n|move|p1a: Sneasler|Close Combat|p2b: Glaceon\n|-supereffective|p2b: Glaceon|1\n|-damage|p2b: Glaceon|34/100\n|-unboost|p1a: Sneasler|def|1\n|-unboost|p1a: Sneasler|spd|1\n|cant|p1b: Palafin|frz\n|move|p2b: Glaceon|Freeze-Dry|p1b: Palafin\n|-supereffective|p1b: Palafin|1\n|-damage|p1b: Palafin|10/100 frz\n|\n|-weather|none\n|-sideend|p2: bear gamer 999|move: Aurora Veil\n|upkeep\n|turn|6\n|\n|t:|1776505274\n|switch|p1a: Froslass|Froslass, L50, F|100/100\n|switch|p2b: Vanilluxe|Vanilluxe, L50, F, shiny|40/100\n|-weather|Snowscape|[from] ability: Snow Warning|[of] p2b: Vanilluxe\n|move|p2a: Greninja|Water Shuriken|p1b: Palafin\n|-start|p2a: Greninja|typechange|Water|[from] ability: Protean\n|-resisted|p1b: Palafin|1\n|-damage|p1b: Palafin|7/100 frz\n|-resisted|p1b: Palafin|1\n|-damage|p1b: Palafin|4/100 frz\n|-resisted|p1b: Palafin|1\n|-damage|p1b: Palafin|1/100 frz\n|-resisted|p1b: Palafin|1\n|-damage|p1b: Palafin|0 fnt\n|faint|p1b: Palafin\n|-hitcount|p1: Palafin|4\n|\n|-weather|Snowscape|[upkeep]\n|-heal|p2b: Vanilluxe|47/100|[from] item: Leftovers\n|upkeep\n|\n|t:|1776505290\n|switch|p1b: Sneasler|Sneasler, L50, M|41/100\n|turn|7\n|\n|t:|1776505310\n|switch|p2a: Glaceon|Glaceon, L50, F, shiny|34/100\n|detailschange|p1a: Froslass|Froslass-Mega, L50, F\n|-mega|p1a: Froslass|Froslass|Froslassite\n|move|p1b: Sneasler|Fake Out|p2a: Glaceon\n|-damage|p2a: Glaceon|23/100\n|move|p1a: Froslass|Aurora Veil|p1a: Froslass\n|-sidestart|p1: sugar4sugar|move: Aurora Veil\n|move|p2b: Vanilluxe|Aurora Veil|p2b: Vanilluxe\n|-sidestart|p2: bear gamer 999|move: Aurora Veil\n|\n|-weather|Snowscape|[upkeep]\n|-heal|p2b: Vanilluxe|53/100|[from] item: Leftovers\n|upkeep\n|turn|8\n|\n|t:|1776505329\n|move|p1a: Froslass|Shadow Ball|p2a: Glaceon\n|-damage|p2a: Glaceon|0 fnt\n|faint|p2a: Glaceon\n|move|p1b: Sneasler|Close Combat|p2b: Vanilluxe\n|-supereffective|p2b: Vanilluxe|1\n|-damage|p2b: Vanilluxe|0 fnt\n|-unboost|p1b: Sneasler|def|1\n|-unboost|p1b: Sneasler|spd|1\n|faint|p2b: Vanilluxe\n|\n|-weather|Snowscape|[upkeep]\n|upkeep\n|\n|t:|1776505338\n|switch|p2b: Greninja|Greninja, L50, F, shiny|100/100\n|turn|9\n|\n|t:|1776505351\n|move|p1a: Froslass|Protect|p1a: Froslass\n|-singleturn|p1a: Froslass|Protect\n|move|p2b: Greninja|Water Shuriken|p1b: Sneasler\n|-start|p2b: Greninja|typechange|Water|[from] ability: Protean\n|-damage|p1b: Sneasler|33/100\n|-damage|p1b: Sneasler|24/100\n|-damage|p1b: Sneasler|15/100\n|-hitcount|p1b: Sneasler|3\n|move|p1b: Sneasler|Close Combat|p2b: Greninja\n|-damage|p2b: Greninja|42/100\n|-unboost|p1b: Sneasler|def|1\n|-unboost|p1b: Sneasler|spd|1\n|\n|-weather|Snowscape|[upkeep]\n|upkeep\n|turn|10\n|\n|t:|1776505368\n|move|p2b: Greninja|Water Shuriken|p1b: Sneasler\n|-damage|p1b: Sneasler|5/100\n|-damage|p1b: Sneasler|0 fnt\n|faint|p1b: Sneasler\n|-hitcount|p1: Sneasler|2\n|move|p1a: Froslass|Shadow Ball|p2b: Greninja\n|-damage|p2b: Greninja|9/100\n|-unboost|p2b: Greninja|spd|1\n|\n|-weather|none\n|upkeep\n|turn|11\n|\n|t:|1776505380\n|move|p1a: Froslass|Shadow Ball|p2b: Greninja\n|-damage|p2b: Greninja|0 fnt\n|faint|p2b: Greninja\n|\n|win|sugar4sugar\n|raw|sugar4sugar's rating: 1103 &rarr; <strong>1122</strong><br />(+19 for winning)\n|raw|bear gamer 999's rating: 1018 &rarr; <strong>1008</strong><br />(-10 for losing)\n|c|\u2606bear gamer 999|Gg\n|l|\u2606sugar4sugar\n|player|p1|\n",
  "uploadtime": 1776505402,
  "views": 14,
  "formatid": "gen9championsvgc2026regma",
  "rating": 1008,
  "private": 0,
  "password": null
}