{
  "id": "gen9championsvgc2026regma-2581554603",
  "format": "[Gen 9 Champions] VGC 2026 Reg M-A",
  "players": [
    "IcarusIsBestGirl",
    "anakbawangnieboss"
  ],
  "log": "|j|\u2606IcarusIsBestGirl\n|j|\u2606anakbawangnieboss\n|t:|1776010556\n|gametype|doubles\n|player|p1|IcarusIsBestGirl|yellow|1078\n|player|p2|anakbawangnieboss|benga|1114\n|gen|9\n|tier|[Gen 9 Champions] VGC 2026 Reg M-A\n|rated|\n|rule|Species Clause: Limit one of each Pok\u00e9mon\n|rule|Item Clause: Limit 1 of each item\n|clearpoke\n|poke|p1|Froslass, L50, F|\n|poke|p1|Kingambit, L50, M|\n|poke|p1|Clefable, L50, F|\n|poke|p1|Sneasler, L50, M|\n|poke|p1|Rotom-Wash, L50|\n|poke|p1|Garchomp, L50, M|\n|poke|p2|Garchomp, L50, F|\n|poke|p2|Tyranitar, L50, M|\n|poke|p2|Sableye, L50, M|\n|poke|p2|Sneasler, L50, F|\n|poke|p2|Reuniclus, L50, F|\n|poke|p2|Excadrill, L50, F|\n|teampreview|4\n|inactive|Battle timer is ON: inactive players will automatically lose when time's up. (requested by anakbawangnieboss)\nIcarusIsBestGirl rejected open team sheets.\n|inactive|IcarusIsBestGirl has 60 seconds left.\n|inactive|anakbawangnieboss has 60 seconds left.\n|\n|t:|1776010592\n|teamsize|p1|4\n|teamsize|p2|4\n|start\n|switch|p1a: The Drink|Rotom-Wash, L50|100/100\n|switch|p1b: thing japan|Froslass, L50, F, shiny|100/100\n|switch|p2a: Tyranitar|Tyranitar, L50, M|100/100\n|switch|p2b: Garchomp|Garchomp, L50, F|100/100\n|-weather|Sandstorm|[from] ability: Sand Stream|[of] p2a: Tyranitar\n|turn|1\n|\n|t:|1776010611\n|switch|p2b: Sableye|Sableye, L50, M|100/100\n|detailschange|p1b: thing japan|Froslass-Mega, L50, F, shiny\n|-mega|p1b: thing japan|Froslass|Froslassite\n|-weather|Snowscape|[from] ability: Snow Warning|[of] p1b: thing japan\n|move|p1b: thing japan|Aurora Veil|p1b: thing japan\n|-sidestart|p1: IcarusIsBestGirl|move: Aurora Veil\n|move|p2a: Tyranitar|Knock Off|p1b: thing japan\n|-supereffective|p1b: thing japan|1\n|-damage|p1b: thing japan|62/100\n|move|p1a: The Drink|Hydro Pump|p2a: Tyranitar\n|-supereffective|p2a: Tyranitar|1\n|-damage|p2a: Tyranitar|31/100\n|\n|-weather|Snowscape|[upkeep]\n|upkeep\n|turn|2\n|inactive|IcarusIsBestGirl has 30 seconds left.\n|\n|t:|1776010640\n|switch|p2a: Reuniclus|Reuniclus, L50, F|100/100\n|move|p1b: thing japan|Protect|p1b: thing japan\n|-singleturn|p1b: thing japan|Protect\n|move|p2b: Sableye|Gravity|p2b: Sableye\n|-fieldstart|move: Gravity\n|move|p1a: The Drink|Hydro Pump|p2a: Reuniclus\n|-damage|p2a: Reuniclus|55/100\n|\n|-weather|Snowscape|[upkeep]\n|-heal|p2a: Reuniclus|61/100|[from] item: Leftovers\n|upkeep\n|turn|3\n|\n|t:|1776010660\n|switch|p1b: FamishedCube|Clefable, L50, F|100/100\n|move|p1a: The Drink|Hydro Pump|p2b: Sableye\n|-damage|p2b: Sableye|37/100\n|move|p2b: Sableye|Foul Play|p1b: FamishedCube\n|-resisted|p1b: FamishedCube|1\n|-damage|p1b: FamishedCube|95/100\n|move|p2a: Reuniclus|Trick Room|p2a: Reuniclus\n|-fieldstart|move: Trick Room|[of] p2a: Reuniclus\n|\n|-weather|Snowscape|[upkeep]\n|-heal|p2a: Reuniclus|67/100|[from] item: Leftovers\n|upkeep\n|turn|4\n|inactive|anakbawangnieboss has 30 seconds left.\n|\n|t:|1776010690\n|move|p2b: Sableye|Will-O-Wisp|p1a: The Drink\n|-status|p1a: The Drink|brn\n|move|p2a: Reuniclus|Psychic|p1a: The Drink\n|-damage|p1a: The Drink|71/100 brn\n|move|p1b: FamishedCube|Moonblast|p2b: Sableye\n|-supereffective|p2b: Sableye|1\n|-damage|p2b: Sableye|0 fnt\n|faint|p2b: Sableye\n|move|p1a: The Drink|Will-O-Wisp|p2a: Reuniclus\n|-status|p2a: Reuniclus|brn\n|\n|-weather|Snowscape|[upkeep]\n|-heal|p2a: Reuniclus|73/100 brn|[from] item: Leftovers\n|-heal|p1a: The Drink|77/100 brn|[from] item: Leftovers\n|-damage|p2a: Reuniclus|67/100 brn|[from] brn\n|-damage|p1a: The Drink|71/100 brn|[from] brn\n|upkeep\n|\n|t:|1776010700\n|switch|p2b: Tyranitar|Tyranitar, L50, M|31/100\n|-weather|Sandstorm|[from] ability: Sand Stream|[of] p2b: Tyranitar\n|turn|5\n|\n|t:|1776010721\n|switch|p1a: thing japan|Froslass-Mega, L50, F, shiny|62/100\n|-weather|Snowscape|[from] ability: Snow Warning|[of] p1a: thing japan\n|move|p2a: Reuniclus|Focus Blast|p1a: thing japan\n|-immune|p1a: thing japan\n|move|p1b: FamishedCube|Moonblast|p2b: Tyranitar\n|-supereffective|p2b: Tyranitar|1\n|-damage|p2b: Tyranitar|0 fnt\n|faint|p2b: Tyranitar\n|\n|-weather|Snowscape|[upkeep]\n|-heal|p2a: Reuniclus|73/100 brn|[from] item: Leftovers\n|-damage|p2a: Reuniclus|67/100 brn|[from] brn\n|-sideend|p1: IcarusIsBestGirl|move: Aurora Veil\n|upkeep\n|-message|anakbawangnieboss forfeited.\n|\n|win|IcarusIsBestGirl\n|raw|IcarusIsBestGirl's rating: 1078 &rarr; <strong>1109</strong><br />(+31 for winning)\n|raw|anakbawangnieboss's rating: 1114 &rarr; <strong>1086</strong><br />(-28 for losing)\n|l|\u2606anakbawangnieboss\n|player|p2|\n",
  "uploadtime": 1776010746,
  "views": 17,
  "formatid": "gen9championsvgc2026regma",
  "rating": 1086,
  "private": 0,
  "password": null
}