{
  "id": "gen9championsvgc2026regma-2585820022",
  "format": "[Gen 9 Champions] VGC 2026 Reg M-A",
  "players": [
    "NEONxTOKYO",
    "pikachudo2"
  ],
  "log": "|j|\u2606NEONxTOKYO\n|j|\u2606pikachudo2\n|t:|1776373033\n|gametype|doubles\n|player|p1|NEONxTOKYO|265|1196\n|player|p2|pikachudo2|169|1112\n|gen|9\n|tier|[Gen 9 Champions] VGC 2026 Reg M-A\n|rated|\n|rule|Species Clause: Limit one of each Pok\u00e9mon\n|rule|Item Clause: Limit 1 of each item\n|clearpoke\n|poke|p1|Garchomp, L50, M|\n|poke|p1|Tyranitar, L50, M|\n|poke|p1|Excadrill, L50, F|\n|poke|p1|Corviknight, L50, F|\n|poke|p1|Rotom-Wash, L50|\n|poke|p1|Archaludon, L50, M|\n|poke|p2|Charizard, L50, F|\n|poke|p2|Garchomp, L50, F|\n|poke|p2|Incineroar, L50, F|\n|poke|p2|Orthworm, L50, F|\n|poke|p2|Farigiraf, L50, M|\n|poke|p2|Rotom-Wash, L50|\n|teampreview|4\n|inactive|Battle timer is ON: inactive players will automatically lose when time's up. (requested by pikachudo2)\n|\n|t:|1776373068\n|teamsize|p1|4\n|teamsize|p2|4\n|start\n|switch|p1a: Tyranitar|Tyranitar, L50, M|100/100\n|switch|p1b: Excadrill|Excadrill, L50, F|100/100\n|switch|p2a: Garchomp|Garchomp, L50, F|100/100\n|switch|p2b: Orthworm|Orthworm, L50, F|100/100\n|-weather|Sandstorm|[from] ability: Sand Stream|[of] p1a: Tyranitar\n|turn|1\n|inactive|NEONxTOKYO has 30 seconds left.\n|\n|t:|1776373098\n|detailschange|p1a: Tyranitar|Tyranitar-Mega, L50, M\n|-mega|p1a: Tyranitar|Tyranitar|Tyranitarite\n|move|p2b: Orthworm|Helping Hand|p2a: Garchomp\n|-singleturn|p2a: Garchomp|Helping Hand|[of] p2b: Orthworm\n|move|p1b: Excadrill|Iron Head|p2a: Garchomp\n|-damage|p2a: Garchomp|55/100\n|-damage|p1b: Excadrill|88/100|[from] ability: Rough Skin|[of] p2a: Garchomp\n|cant|p2a: Garchomp|flinch\n|move|p1a: Tyranitar|Crunch|p2a: Garchomp\n|-damage|p2a: Garchomp|0 fnt\n|-damage|p1a: Tyranitar|88/100|[from] ability: Rough Skin|[of] p2a: Garchomp\n|faint|p2a: Garchomp\n|\n|-weather|Sandstorm|[upkeep]\n|upkeep\n|\n|t:|1776373111\n|switch|p2a: Charizard|Charizard, L50, F|100/100\n|turn|2\n|\n|t:|1776373118\n|switch|p1a: Rotom|Rotom-Wash, L50|100/100\n|detailschange|p2a: Charizard|Charizard-Mega-Y, L50, F\n|-mega|p2a: Charizard|Charizard|Charizardite Y\n|-weather|SunnyDay|[from] ability: Drought|[of] p2a: Charizard\n|move|p2a: Charizard|Heat Wave|p1b: Excadrill|[spread] p1a,p1b\n|-resisted|p1a: Rotom|1\n|-supereffective|p1b: Excadrill|1\n|-damage|p1a: Rotom|68/100\n|-damage|p1b: Excadrill|0 fnt\n|faint|p1b: Excadrill\n|move|p2b: Orthworm|Body Press|p1a: Rotom\n|-damage|p1a: Rotom|37/100\n|-enditem|p1a: Rotom|Sitrus Berry|[eat]\n|-heal|p1a: Rotom|62/100|[from] item: Sitrus Berry\n|\n|-weather|SunnyDay|[upkeep]\n|upkeep\n|\n|t:|1776373132\n|switch|p1b: Tyranitar|Tyranitar-Mega, L50, M|88/100\n|-weather|Sandstorm|[from] ability: Sand Stream|[of] p1b: Tyranitar\n|turn|3\n|\n|t:|1776373145\n|switch|p2a: Incineroar|Incineroar, L50, F|100/100\n|-ability|p2a: Incineroar|Intimidate|boost\n|-unboost|p1a: Rotom|atk|1\n|-unboost|p1b: Tyranitar|atk|1\n|move|p1a: Rotom|Hydro Pump|p2a: Incineroar\n|-supereffective|p2a: Incineroar|1\n|-damage|p2a: Incineroar|10/100\n|-enditem|p2a: Incineroar|Sitrus Berry|[eat]\n|-heal|p2a: Incineroar|35/100|[from] item: Sitrus Berry\n|move|p1b: Tyranitar|Rock Slide|p2b: Orthworm|[spread] p2a\n|-miss|p1b: Tyranitar|p2b: Orthworm\n|-supereffective|p2a: Incineroar|1\n|-damage|p2a: Incineroar|0 fnt\n|faint|p2a: Incineroar\n|move|p2b: Orthworm|Shed Tail|p2b: Orthworm\n|-start|p2b: Orthworm|Substitute|[from] move: Shed Tail\n|-damage|p2b: Orthworm|50/100\n|\n|t:|1776373149\n|switch|p2b: Charizard|Charizard-Mega-Y, L50, F|100/100|[from] Shed Tail\n|-weather|SunnyDay|[from] ability: Drought|[of] p2b: Charizard\n|\n|-weather|SunnyDay|[upkeep]\n|upkeep\n|\n|t:|1776373150\n|switch|p2a: Orthworm|Orthworm, L50, F|50/100\n|turn|4\n|\n|t:|1776373171\n|switch|p1b: Archaludon|Archaludon, L50, M|100/100\n|move|p2a: Orthworm|Helping Hand|p2b: Charizard\n|-singleturn|p2b: Charizard|Helping Hand|[of] p2a: Orthworm\n|move|p2b: Charizard|Heat Wave|p1a: Rotom|[spread] p1a,p1b\n|-resisted|p1a: Rotom|1\n|-damage|p1a: Rotom|6/100\n|-damage|p1b: Archaludon|0 fnt\n|faint|p1b: Archaludon\n|move|p1a: Rotom|Will-O-Wisp|p2a: Orthworm\n|-status|p2a: Orthworm|brn\n|\n|-weather|SunnyDay|[upkeep]\n|-damage|p2a: Orthworm|44/100 brn|[from] brn\n|upkeep\n|\n|t:|1776373182\n|switch|p1b: Tyranitar|Tyranitar-Mega, L50, M|88/100\n|-weather|Sandstorm|[from] ability: Sand Stream|[of] p1b: Tyranitar\n|turn|5\n|\n|t:|1776373193\n|move|p2b: Charizard|Heat Wave|p1b: Tyranitar|[spread] p1a,p1b\n|-resisted|p1a: Rotom|1\n|-crit|p1a: Rotom\n|-resisted|p1b: Tyranitar|1\n|-damage|p1a: Rotom|0 fnt\n|-damage|p1b: Tyranitar|78/100\n|faint|p1a: Rotom\n|move|p1b: Tyranitar|Rock Slide|p2a: Orthworm|[spread] p2a,p2b\n|-supereffective|p2b: Charizard|2\n|-end|p2b: Charizard|Substitute\n|-resisted|p2a: Orthworm|1\n|-damage|p2a: Orthworm|32/100 brn\n|move|p2a: Orthworm|Body Press|p1b: Tyranitar\n|-supereffective|p1b: Tyranitar|2\n|-crit|p1b: Tyranitar\n|-damage|p1b: Tyranitar|28/100\n|\n|-weather|Sandstorm|[upkeep]\n|-damage|p2b: Charizard|95/100|[from] Sandstorm\n|-damage|p2a: Orthworm|25/100 brn|[from] brn\n|upkeep\n|turn|6\n|\n|t:|1776373209\n|move|p1b: Tyranitar|Protect|p1b: Tyranitar\n|-singleturn|p1b: Tyranitar|Protect\n|move|p2b: Charizard|Air Slash|p1b: Tyranitar\n|-activate|p1b: Tyranitar|move: Protect\n|move|p2a: Orthworm|Body Press|p1b: Tyranitar\n|-activate|p1b: Tyranitar|move: Protect\n|\n|-weather|Sandstorm|[upkeep]\n|-damage|p2b: Charizard|89/100|[from] Sandstorm\n|-damage|p2a: Orthworm|19/100 brn|[from] brn\n|upkeep\n|turn|7\n|\n|t:|1776373219\n|move|p2b: Charizard|Air Slash|p1b: Tyranitar\n|-resisted|p1b: Tyranitar|1\n|-damage|p1b: Tyranitar|17/100\n|cant|p1b: Tyranitar|flinch\n|move|p2a: Orthworm|Body Press|p1b: Tyranitar\n|-supereffective|p1b: Tyranitar|2\n|-damage|p1b: Tyranitar|0 fnt\n|faint|p1b: Tyranitar\n|\n|win|pikachudo2\n|raw|NEONxTOKYO's rating: 1196 &rarr; <strong>1165</strong><br />(-31 for losing)\n|raw|pikachudo2's rating: 1112 &rarr; <strong>1143</strong><br />(+31 for winning)\n",
  "uploadtime": 1776373220,
  "views": 22,
  "formatid": "gen9championsvgc2026regma",
  "rating": 1143,
  "private": 0,
  "password": null
}