{
  "id": "gen9championsvgc2026regma-2587881318",
  "format": "[Gen 9 Champions] VGC 2026 Reg M-A",
  "players": [
    "AB318",
    "Relink007"
  ],
  "log": "|j|\u2606AB318\n|j|\u2606Relink007\n|t:|1776574082\n|gametype|doubles\n|player|p1|AB318|1|1000\n|player|p2|Relink007|101|1064\n|gen|9\n|tier|[Gen 9 Champions] VGC 2026 Reg M-A\n|rated|\n|rule|Species Clause: Limit one of each Pok\u00e9mon\n|rule|Item Clause: Limit 1 of each item\n|clearpoke\n|poke|p1|Charizard, L50, F|\n|poke|p1|Garchomp, L50, F|\n|poke|p1|Sneasler, L50, F|\n|poke|p1|Incineroar, L50, F|\n|poke|p1|Aerodactyl, L50, M|\n|poke|p1|Whimsicott, L50, F|\n|poke|p2|Garchomp, L50, M|\n|poke|p2|Tyranitar, L50, F|\n|poke|p2|Gengar, L50, M|\n|poke|p2|Whimsicott, L50, M|\n|poke|p2|Rotom-Wash, L50|\n|poke|p2|Sneasler, L50, M|\n|teampreview|4\n|\n|t:|1776574115\n|teamsize|p1|4\n|teamsize|p2|4\n|start\n|switch|p1a: Charizard|Charizard, L50, F|100/100\n|switch|p1b: Garchomp|Garchomp, L50, F|100/100\n|switch|p2a: Sneasler|Sneasler, L50, M|100/100\n|switch|p2b: Garchomp|Garchomp, L50, M|100/100\n|turn|1\n|\n|t:|1776574140\n|move|p1a: Charizard|Protect|p1a: Charizard\n|-singleturn|p1a: Charizard|Protect\n|move|p2a: Sneasler|Fake Out|p1b: Garchomp\n|-crit|p1b: Garchomp\n|-damage|p1b: Garchomp|80/100\n|-damage|p2a: Sneasler|88/100|[from] ability: Rough Skin|[of] p1b: Garchomp\n|move|p2b: Garchomp|Rock Slide|p1b: Garchomp|[spread] p1b\n|-activate|p1a: Charizard|move: Protect\n|-resisted|p1b: Garchomp|1\n|-damage|p1b: Garchomp|71/100\n|cant|p1b: Garchomp|flinch\n|\n|upkeep\n|turn|2\n|\n|t:|1776574174\n|move|p2a: Sneasler|Protect|p2a: Sneasler\n|-singleturn|p2a: Sneasler|Protect\n|move|p2b: Garchomp|Protect|p2b: Garchomp\n|-singleturn|p2b: Garchomp|Protect\n|move|p1b: Garchomp|Earthquake|p2b: Garchomp|[spread] \n|-activate|p2a: Sneasler|move: Protect\n|-activate|p2b: Garchomp|move: Protect\n|-immune|p1a: Charizard\n|move|p1a: Charizard|Scorching Sands|p2a: Sneasler\n|-activate|p2a: Sneasler|move: Protect\n|\n|upkeep\n|turn|3\n|\n|t:|1776574213\n|switch|p2a: Tyranitar|Tyranitar, L50, F|100/100\n|-weather|Sandstorm|[from] ability: Sand Stream|[of] p2a: Tyranitar\n|move|p1a: Charizard|Protect|p1a: Charizard\n|-singleturn|p1a: Charizard|Protect\n|move|p1b: Garchomp|Dragon Claw|p2b: Garchomp\n|-supereffective|p2b: Garchomp|1\n|-damage|p2b: Garchomp|15/100\n|-damage|p1b: Garchomp|58/100|[from] ability: Rough Skin|[of] p2b: Garchomp\n|move|p2b: Garchomp|Dragon Claw|p1b: Garchomp\n|-supereffective|p1b: Garchomp|1\n|-damage|p1b: Garchomp|0 fnt\n|-damage|p2b: Garchomp|3/100|[from] ability: Rough Skin|[of] p1b: Garchomp\n|faint|p1b: Garchomp\n|\n|-weather|Sandstorm|[upkeep]\n|-damage|p1a: Charizard|95/100|[from] Sandstorm\n|upkeep\n|inactive|Battle timer is ON: inactive players will automatically lose when time's up. (requested by Relink007)\n|\n|t:|1776574246\n|switch|p1b: Sneasler|Sneasler, L50, F|100/100\n|turn|4\n|inactive|AB318 has 30 seconds left.\n|\n|t:|1776574276\n|switch|p2b: Gengar|Gengar, L50, M|100/100\n|detailschange|p1a: Charizard|Charizard-Mega-Y, L50, F\n|-mega|p1a: Charizard|Charizard|Charizardite Y\n|-weather|SunnyDay|[from] ability: Drought|[of] p1a: Charizard\n|move|p2a: Tyranitar|Protect|p2a: Tyranitar\n|-singleturn|p2a: Tyranitar|Protect\n|move|p1b: Sneasler|Fake Out|p2a: Tyranitar\n|-activate|p2a: Tyranitar|move: Protect\n|move|p1a: Charizard|Solar Beam||[still]\n|-prepare|p1a: Charizard|Solar Beam\n|-anim|p1a: Charizard|Solar Beam|p2a: Tyranitar\n|-activate|p2a: Tyranitar|move: Protect\n|\n|-weather|SunnyDay|[upkeep]\n|upkeep\n|turn|5\n|inactive|AB318 has 30 seconds left.\n|inactive|Relink007 has 30 seconds left.\n|inactive|Relink007 has 20 seconds left.\n|\n|t:|1776574312\n|detailschange|p2a: Tyranitar|Tyranitar-Mega, L50, F\n|-mega|p2a: Tyranitar|Tyranitar|Tyranitarite\n|-weather|Sandstorm|[from] ability: Sand Stream|[of] p2a: Tyranitar\n|move|p1b: Sneasler|Protect|p1b: Sneasler\n|-singleturn|p1b: Sneasler|Protect\n|move|p2b: Gengar|Shadow Ball|p1b: Sneasler\n|-activate|p1b: Sneasler|move: Protect\n|move|p1a: Charizard|Scorching Sands|p2a: Tyranitar\n|-supereffective|p2a: Tyranitar|1\n|-damage|p2a: Tyranitar|67/100\n|move|p2a: Tyranitar|Rock Slide|p1b: Sneasler|[spread] p1a\n|-activate|p1b: Sneasler|move: Protect\n|-supereffective|p1a: Charizard|2\n|-damage|p1a: Charizard|0 fnt\n|faint|p1a: Charizard\n|\n|-weather|Sandstorm|[upkeep]\n|-damage|p2b: Gengar|95/100|[from] Sandstorm\n|-damage|p1b: Sneasler|95/100|[from] Sandstorm\n|upkeep\n|\n|t:|1776574331\n|switch|p1a: Incineroar|Incineroar, L50, F|100/100\n|-ability|p1a: Incineroar|Intimidate|boost\n|-unboost|p2a: Tyranitar|atk|1\n|-unboost|p2b: Gengar|atk|1\n|turn|6\n|\n|t:|1776574353\n|move|p2b: Gengar|Protect|p2b: Gengar\n|-singleturn|p2b: Gengar|Protect\n|move|p2a: Tyranitar|Protect|p2a: Tyranitar\n|-singleturn|p2a: Tyranitar|Protect\n|move|p1a: Incineroar|Fake Out|p2a: Tyranitar\n|-activate|p2a: Tyranitar|move: Protect\n|move|p1b: Sneasler|Close Combat|p2a: Tyranitar\n|-activate|p2a: Tyranitar|move: Protect\n|\n|-weather|Sandstorm|[upkeep]\n|-damage|p2b: Gengar|89/100|[from] Sandstorm\n|-damage|p1b: Sneasler|89/100|[from] Sandstorm\n|-damage|p1a: Incineroar|95/100|[from] Sandstorm\n|upkeep\n|turn|7\n|inactive|AB318 has 30 seconds left.\n|inactive|Relink007 has 30 seconds left.\n|\n|t:|1776574383\n|switch|p2a: Sneasler|Sneasler, L50, M|88/100\n|move|p2b: Gengar|Focus Blast|p1a: Incineroar\n|-supereffective|p1a: Incineroar|1\n|-damage|p1a: Incineroar|24/100\n|-enditem|p1a: Incineroar|Sitrus Berry|[eat]\n|-heal|p1a: Incineroar|49/100|[from] item: Sitrus Berry\n|move|p1b: Sneasler|Close Combat|p2a: Sneasler\n|-resisted|p2a: Sneasler|1\n|-damage|p2a: Sneasler|26/100\n|-unboost|p1b: Sneasler|def|1\n|-unboost|p1b: Sneasler|spd|1\n|-enditem|p1b: Sneasler|White Herb\n|-clearnegativeboost|p1b: Sneasler|[silent]\n|move|p1a: Incineroar|Throat Chop|p2b: Gengar\n|-supereffective|p2b: Gengar|1\n|-damage|p2b: Gengar|0 fnt\n|faint|p2b: Gengar\n|\n|-weather|Sandstorm|[upkeep]\n|-damage|p1b: Sneasler|83/100|[from] Sandstorm\n|-damage|p2a: Sneasler|20/100|[from] Sandstorm\n|-damage|p1a: Incineroar|43/100|[from] Sandstorm\n|upkeep\n|\n|t:|1776574405\n|switch|p2b: Garchomp|Garchomp, L50, M|3/100\n|turn|8\n|\n|t:|1776574426\n|move|p1b: Sneasler|Protect|p1b: Sneasler\n|-singleturn|p1b: Sneasler|Protect\n|move|p2a: Sneasler|Fake Out|p1b: Sneasler\n|-activate|p1b: Sneasler|move: Protect\n|move|p2b: Garchomp|Earthquake|p1a: Incineroar|[spread] p2a,p1a\n|-activate|p1b: Sneasler|move: Protect\n|-supereffective|p2a: Sneasler|1\n|-supereffective|p1a: Incineroar|1\n|-damage|p2a: Sneasler|0 fnt\n|-damage|p1a: Incineroar|0 fnt\n|faint|p2a: Sneasler\n|faint|p1a: Incineroar\n|\n|-weather|Sandstorm|[upkeep]\n|-damage|p1b: Sneasler|78/100|[from] Sandstorm\n|upkeep\n|\n|t:|1776574441\n|switch|p2a: Tyranitar|Tyranitar-Mega, L50, F|67/100\n|turn|9\n|\n|t:|1776574457\n|move|p2a: Tyranitar|Protect|p2a: Tyranitar\n|-singleturn|p2a: Tyranitar|Protect\n|move|p1b: Sneasler|Close Combat|p2a: Tyranitar\n|-activate|p2a: Tyranitar|move: Protect\n|move|p2b: Garchomp|Earthquake|p1b: Sneasler|[spread] p1b\n|-activate|p2a: Tyranitar|move: Protect\n|-supereffective|p1b: Sneasler|1\n|-damage|p1b: Sneasler|0 fnt\n|faint|p1b: Sneasler\n|\n|win|Relink007\n|raw|AB318's rating: 1000 &rarr; <strong>1000</strong><br />(+0 for losing)\n|raw|Relink007's rating: 1064 &rarr; <strong>1089</strong><br />(+25 for winning)\n|l|\u2606AB318\n|player|p1|\n",
  "uploadtime": 1776574488,
  "views": 12,
  "formatid": "gen9championsvgc2026regma",
  "rating": 1000,
  "private": 0,
  "password": null
}