{
  "id": "gen9championsvgc2026regma-2585569065",
  "format": "[Gen 9 Champions] VGC 2026 Reg M-A",
  "players": [
    "smp on whimsicott",
    "zRed_xddddddd"
  ],
  "log": "|j|\u2606smp on whimsicott\n|j|\u2606zRed_xddddddd\n|t:|1776356118\n|gametype|doubles\n|player|p1|smp on whimsicott|artist-gen4|1451\n|player|p2|zRed_xddddddd|red|1444\n|gen|9\n|tier|[Gen 9 Champions] VGC 2026 Reg M-A\n|rated|\n|rule|Species Clause: Limit one of each Pok\u00e9mon\n|rule|Item Clause: Limit 1 of each item\n|clearpoke\n|poke|p1|Floette-Eternal, L50, F|\n|poke|p1|Basculegion, L50, M|\n|poke|p1|Garchomp, L50, M|\n|poke|p1|Sneasler, L50, M|\n|poke|p1|Froslass, L50, F|\n|poke|p1|Kingambit, L50, M|\n|poke|p2|Tyranitar, L50, M|\n|poke|p2|Excadrill, L50, F|\n|poke|p2|Corviknight, L50, M|\n|poke|p2|Primarina, L50, M|\n|poke|p2|Sinistcha, L50|\n|poke|p2|Kingambit, L50, F|\n|teampreview|4\n|\n|t:|1776356151\n|teamsize|p1|4\n|teamsize|p2|4\n|start\n|switch|p1a: Froslass|Froslass, L50, F|100/100\n|switch|p1b: Sneasler|Sneasler, L50, M|100/100\n|switch|p2a: Primarina|Primarina, L50, M|100/100\n|switch|p2b: Kingambit|Kingambit, L50, F|100/100\n|turn|1\n|j| thatsaltyguy\n|\n|t:|1776356180\n|detailschange|p1a: Froslass|Froslass-Mega, L50, F\n|-mega|p1a: Froslass|Froslass|Froslassite\n|-weather|Snowscape|[from] ability: Snow Warning|[of] p1a: Froslass\n|move|p2a: Primarina|Protect|p2a: Primarina\n|-singleturn|p2a: Primarina|Protect\n|move|p1b: Sneasler|Fake Out|p2a: Primarina\n|-activate|p2a: Primarina|move: Protect\n|move|p1a: Froslass|Substitute|p1a: Froslass\n|-start|p1a: Froslass|Substitute\n|-damage|p1a: Froslass|76/100\n|move|p2b: Kingambit|Iron Head|p1a: Froslass\n|-supereffective|p1a: Froslass|1\n|-end|p1a: Froslass|Substitute\n|\n|-weather|Snowscape|[upkeep]\n|upkeep\n|turn|2\n|l| thatsaltyguy\n|\n|t:|1776356224\n|move|p1a: Froslass|Protect|p1a: Froslass\n|-singleturn|p1a: Froslass|Protect\n|move|p2b: Kingambit|Sucker Punch|p1b: Sneasler\n|-resisted|p1b: Sneasler|1\n|-damage|p1b: Sneasler|61/100\n|move|p1b: Sneasler|Close Combat|p2b: Kingambit\n|-supereffective|p2b: Kingambit|2\n|-damage|p2b: Kingambit|0 fnt\n|-unboost|p1b: Sneasler|def|1\n|-unboost|p1b: Sneasler|spd|1\n|faint|p2b: Kingambit\n|move|p2a: Primarina|Hyper Voice|p1b: Sneasler|[spread] p1b\n|-activate|p1a: Froslass|move: Protect\n|-damage|p1b: Sneasler|0 fnt\n|faint|p1b: Sneasler\n|\n|-weather|Snowscape|[upkeep]\n|upkeep\n|\n|t:|1776356245\n|switch|p1b: Basculegion|Basculegion, L50, M|100/100\n|switch|p2b: Tyranitar|Tyranitar, L50, M, shiny|100/100\n|-weather|Sandstorm|[from] ability: Sand Stream|[of] p2b: Tyranitar\n|turn|3\n|\n|t:|1776356260\n|detailschange|p2b: Tyranitar|Tyranitar-Mega, L50, M, shiny\n|-mega|p2b: Tyranitar|Tyranitar|Tyranitarite\n|move|p1a: Froslass|Blizzard|p2a: Primarina|[spread] \n|-miss|p1a: Froslass|p2a: Primarina\n|-miss|p1a: Froslass|p2b: Tyranitar\n|move|p1b: Basculegion|Wave Crash|p2b: Tyranitar\n|-supereffective|p2b: Tyranitar|1\n|-damage|p2b: Tyranitar|2/100\n|-damage|p1b: Basculegion|69/100|[from] Recoil\n|move|p2b: Tyranitar|Knock Off|p1b: Basculegion\n|-supereffective|p1b: Basculegion|1\n|-damage|p1b: Basculegion|0 fnt\n|-enditem|p1b: Basculegion|Sitrus Berry|[from] move: Knock Off|[of] p2b: Tyranitar\n|faint|p1b: Basculegion\n|move|p2a: Primarina|Hyper Voice|p1a: Froslass\n|-damage|p1a: Froslass|26/100\n|\n|-weather|Sandstorm|[upkeep]\n|-damage|p1a: Froslass|20/100|[from] Sandstorm\n|-damage|p2a: Primarina|95/100|[from] Sandstorm\n|upkeep\n|\n|t:|1776356268\n|switch|p1b: Garchomp|Garchomp, L50, M|100/100\n|turn|4\n|\n|t:|1776356294\n|move|p2b: Tyranitar|Protect|p2b: Tyranitar\n|-singleturn|p2b: Tyranitar|Protect\n|move|p1a: Froslass|Shadow Ball|p2a: Primarina\n|-damage|p2a: Primarina|60/100\n|move|p1b: Garchomp|Rock Slide|p2b: Tyranitar|[spread] p2a\n|-activate|p2b: Tyranitar|move: Protect\n|-damage|p2a: Primarina|31/100\n|-enditem|p2a: Primarina|Sitrus Berry|[eat]\n|-heal|p2a: Primarina|56/100|[from] item: Sitrus Berry\n|move|p2a: Primarina|Moonblast|p1b: Garchomp\n|-supereffective|p1b: Garchomp|1\n|-damage|p1b: Garchomp|0 fnt\n|faint|p1b: Garchomp\n|\n|-weather|Sandstorm|[upkeep]\n|-damage|p1a: Froslass|15/100|[from] Sandstorm\n|-damage|p2a: Primarina|50/100|[from] Sandstorm\n|upkeep\n|turn|5\n|-message|smp on whimsicott forfeited.\n|\n|win|zRed_xddddddd\n|raw|smp on whimsicott's rating: 1451 &rarr; <strong>1431</strong><br />(-20 for losing)\n|raw|zRed_xddddddd's rating: 1444 &rarr; <strong>1464</strong><br />(+20 for winning)\n",
  "uploadtime": 1776356316,
  "views": 48,
  "formatid": "gen9championsvgc2026regma",
  "rating": 1431,
  "private": 0,
  "password": null
}