{
  "id": "gen9championsvgc2026regma-2585106388",
  "format": "[Gen 9 Champions] VGC 2026 Reg M-A",
  "players": [
    "aiomeus",
    "Missed Ledgedash"
  ],
  "log": "|j|\u2606aiomeus\n|j|\u2606Missed Ledgedash\n|t:|1776312468\n|gametype|doubles\n|player|p1|aiomeus|clerk|1244\n|player|p2|Missed Ledgedash|juan-gen3|1170\n|gen|9\n|tier|[Gen 9 Champions] VGC 2026 Reg M-A\n|rated|\n|rule|Species Clause: Limit one of each Pok\u00e9mon\n|rule|Item Clause: Limit 1 of each item\n|clearpoke\n|poke|p1|Mimikyu, L50, F|\n|poke|p1|Sinistcha, L50|\n|poke|p1|Camerupt, L50, M|\n|poke|p1|Torkoal, L50, M|\n|poke|p1|Rotom-Wash, L50|\n|poke|p1|Hydrapple, L50, F|\n|poke|p2|Incineroar, L50, M|\n|poke|p2|Gengar, L50, M|\n|poke|p2|Gyarados, L50, M|\n|poke|p2|Tyranitar, L50, M|\n|poke|p2|Sneasler, L50, M|\n|poke|p2|Excadrill, L50, F|\n|teampreview|4\n|\n|t:|1776312510\n|teamsize|p1|4\n|teamsize|p2|4\n|start\n|switch|p1a: Mimikyu|Mimikyu, L50, F|100/100\n|switch|p1b: Camerupt|Camerupt, L50, M|100/100\n|switch|p2a: Gengar|Gengar, L50, M|100/100\n|switch|p2b: Incineroar|Incineroar, L50, M|100/100\n|-ability|p2b: Incineroar|Intimidate|boost\n|-unboost|p1a: Mimikyu|atk|1\n|-unboost|p1b: Camerupt|atk|1\n|turn|1\n|\n|t:|1776312532\n|detailschange|p2a: Gengar|Gengar-Mega, L50, M\n|-mega|p2a: Gengar|Gengar|Gengarite\n|move|p1b: Camerupt|Protect|p1b: Camerupt\n|-singleturn|p1b: Camerupt|Protect\n|move|p2b: Incineroar|Fake Out|p1b: Camerupt\n|-activate|p1b: Camerupt|move: Protect\n|move|p2a: Gengar|Perish Song|p2a: Gengar\n|-start|p1a: Mimikyu|perish3|[silent]\n|-start|p1b: Camerupt|perish3|[silent]\n|-start|p2a: Gengar|perish3|[silent]\n|-start|p2b: Incineroar|perish3|[silent]\n|-fieldactivate|move: Perish Song\n|move|p1a: Mimikyu|Trick Room|p1a: Mimikyu\n|-fieldstart|move: Trick Room|[of] p1a: Mimikyu\n|\n|-start|p1b: Camerupt|perish3\n|-start|p2b: Incineroar|perish3\n|-start|p1a: Mimikyu|perish3\n|-start|p2a: Gengar|perish3\n|upkeep\n|turn|2\n|\n|t:|1776312552\n|switch|p1a: Torkoal|Torkoal, L50, M|100/100\n|-weather|SunnyDay|[from] ability: Drought|[of] p1a: Torkoal\n|detailschange|p1b: Camerupt|Camerupt-Mega, L50, M\n|-mega|p1b: Camerupt|Camerupt|Cameruptite\n|move|p2a: Gengar|Protect|p2a: Gengar\n|-singleturn|p2a: Gengar|Protect\n|move|p1b: Camerupt|Eruption|p2a: Gengar|[spread] p2b\n|-activate|p2a: Gengar|move: Protect\n|-resisted|p2b: Incineroar|1\n|-crit|p2b: Incineroar\n|-damage|p2b: Incineroar|30/100\n|move|p2b: Incineroar|Throat Chop|p1a: Torkoal\n|-damage|p1a: Torkoal|77/100\n|-start|p1a: Torkoal|Throat Chop|[silent]\n|\n|-weather|SunnyDay|[upkeep]\n|-start|p1b: Camerupt|perish2\n|-start|p2b: Incineroar|perish2\n|-start|p2a: Gengar|perish2\n|upkeep\n|turn|3\n|\n|t:|1776312577\n|switch|p2a: Tyranitar|Tyranitar, L50, M|100/100\n|-weather|Sandstorm|[from] ability: Sand Stream|[of] p2a: Tyranitar\n|move|p1a: Torkoal|Fire Blast|p2a: Tyranitar|[miss]\n|-miss|p1a: Torkoal|p2a: Tyranitar\n|move|p1b: Camerupt|Eruption|p2a: Tyranitar|[spread] p2a,p2b\n|-resisted|p2a: Tyranitar|1\n|-resisted|p2b: Incineroar|1\n|-damage|p2a: Tyranitar|79/100\n|-damage|p2b: Incineroar|0 fnt\n|faint|p2b: Incineroar\n|\n|-weather|Sandstorm|[upkeep]\n|-damage|p1a: Torkoal|71/100|[from] Sandstorm\n|-end|p1a: Torkoal|Throat Chop|[silent]\n|-start|p1b: Camerupt|perish1\n|upkeep\n|\n|t:|1776312587\n|switch|p2b: Gengar|Gengar-Mega, L50, M|100/100\n|turn|4\n|\n|t:|1776312615\n|move|p2a: Tyranitar|Protect|p2a: Tyranitar\n|-singleturn|p2a: Tyranitar|Protect\n|move|p2b: Gengar|Protect|p2b: Gengar\n|-singleturn|p2b: Gengar|Protect\n|move|p1a: Torkoal|Sunny Day|p1a: Torkoal\n|-weather|SunnyDay\n|move|p1b: Camerupt|Earth Power|p2a: Tyranitar\n|-activate|p2a: Tyranitar|move: Protect\n|\n|-weather|SunnyDay|[upkeep]\n|-start|p1b: Camerupt|perish0\n|faint|p1b: Camerupt\n|upkeep\n|\n|t:|1776312627\n|switch|p1b: Sinistcha|Sinistcha, L50|100/100\n|turn|5\n|\n|t:|1776312666\n|switch|p2a: Sneasler|Sneasler, L50, M|100/100\n|move|p1a: Torkoal|Eruption|p2a: Sneasler|[spread] p2a,p2b\n|-damage|p2a: Sneasler|22/100\n|-damage|p2b: Gengar|26/100\n|move|p1b: Sinistcha|Matcha Gotcha|p2b: Gengar|[spread] p2b\n|-miss|p1b: Sinistcha|p2a: Sneasler\n|-resisted|p2b: Gengar|1\n|-damage|p2b: Gengar|9/100\n|move|p2b: Gengar|Shadow Ball|p1a: Torkoal\n|-damage|p1a: Torkoal|11/100\n|\n|-weather|SunnyDay|[upkeep]\n|-fieldend|move: Trick Room\n|upkeep\n|turn|6\n|\n|t:|1776312703\n|move|p2b: Gengar|Shadow Ball|p1b: Sinistcha\n|-supereffective|p1b: Sinistcha|1\n|-damage|p1b: Sinistcha|2/100\n|move|p2a: Sneasler|Dire Claw|p1a: Torkoal\n|-damage|p1a: Torkoal|0 fnt\n|faint|p1a: Torkoal\n|move|p1b: Sinistcha|Trick Room|p1b: Sinistcha\n|-fieldstart|move: Trick Room|[of] p1b: Sinistcha\n|\n|-weather|SunnyDay|[upkeep]\n|-heal|p1b: Sinistcha|8/100|[from] item: Leftovers\n|upkeep\n|\n|t:|1776312713\n|switch|p1a: Mimikyu|Mimikyu, L50, F|100/100\n|turn|7\n|\n|t:|1776312729\n|move|p1a: Mimikyu|Shadow Sneak|p2b: Gengar\n|-supereffective|p2b: Gengar|1\n|-damage|p2b: Gengar|0 fnt\n|faint|p2b: Gengar\n|move|p1b: Sinistcha|Matcha Gotcha|p2a: Sneasler\n|-resisted|p2a: Sneasler|1\n|-damage|p2a: Sneasler|0 fnt\n|-heal|p1b: Sinistcha|17/100|[from] drain|[of] p2a: Sneasler\n|faint|p2a: Sneasler\n|\n|-weather|SunnyDay|[upkeep]\n|-heal|p1b: Sinistcha|24/100|[from] item: Leftovers\n|upkeep\n|\n|t:|1776312736\n|switch|p2b: Tyranitar|Tyranitar, L50, M|79/100\n|-weather|Sandstorm|[from] ability: Sand Stream|[of] p2b: Tyranitar\n|turn|8\n|\n|t:|1776312747\n|move|p2b: Tyranitar|Protect|p2b: Tyranitar\n|-singleturn|p2b: Tyranitar|Protect\n|move|p1b: Sinistcha|Strength Sap|p2b: Tyranitar\n|-activate|p2b: Tyranitar|move: Protect\n|move|p1a: Mimikyu|Play Rough|p2b: Tyranitar\n|-activate|p2b: Tyranitar|move: Protect\n|\n|-weather|Sandstorm|[upkeep]\n|-damage|p1b: Sinistcha|17/100|[from] Sandstorm\n|-damage|p1a: Mimikyu|94/100|[from] Sandstorm\n|-heal|p1b: Sinistcha|24/100|[from] item: Leftovers\n|upkeep\n|turn|9\n|\n|t:|1776312761\n|move|p2b: Tyranitar|Rock Slide|p1b: Sinistcha|[spread] p1a\n|-miss|p2b: Tyranitar|p1b: Sinistcha\n|-activate|p1a: Mimikyu|ability: Disguise\n|-damage|p1a: Mimikyu|94/100\n|detailschange|p1a: Mimikyu|Mimikyu-Busted, L50, F\n|-damage|p1a: Mimikyu|82/100|[from] pokemon: Mimikyu-Busted\n|move|p1b: Sinistcha|Strength Sap|p2b: Tyranitar\n|-unboost|p2b: Tyranitar|atk|1\n|-heal|p1b: Sinistcha|100/100\n|move|p1a: Mimikyu|Play Rough|p2b: Tyranitar\n|-supereffective|p2b: Tyranitar|1\n|-damage|p2b: Tyranitar|18/100\n|\n|-weather|Sandstorm|[upkeep]\n|-damage|p1b: Sinistcha|94/100|[from] Sandstorm\n|-damage|p1a: Mimikyu|76/100|[from] Sandstorm\n|-heal|p1b: Sinistcha|100/100|[from] item: Leftovers\n|upkeep\n|turn|10\n|\n|t:|1776312783\n|move|p1a: Mimikyu|Shadow Sneak|p2b: Tyranitar\n|-resisted|p2b: Tyranitar|1\n|-damage|p2b: Tyranitar|11/100\n|move|p2b: Tyranitar|Rock Slide|p1b: Sinistcha|[spread] p1a,p1b\n|-damage|p1a: Mimikyu|48/100\n|-damage|p1b: Sinistcha|80/100\n|cant|p1b: Sinistcha|flinch\n|\n|-weather|Sandstorm|[upkeep]\n|-damage|p1b: Sinistcha|74/100|[from] Sandstorm\n|-damage|p1a: Mimikyu|42/100|[from] Sandstorm\n|-heal|p1b: Sinistcha|80/100|[from] item: Leftovers\n|-fieldend|move: Trick Room\n|upkeep\n|turn|11\n|\n|t:|1776312796\n|move|p1a: Mimikyu|Play Rough|p2b: Tyranitar\n|-supereffective|p2b: Tyranitar|1\n|-damage|p2b: Tyranitar|0 fnt\n|faint|p2b: Tyranitar\n|\n|win|aiomeus\n|raw|aiomeus's rating: 1244 &rarr; <strong>1264</strong><br />(+20 for winning)\n|raw|Missed Ledgedash's rating: 1170 &rarr; <strong>1150</strong><br />(-20 for losing)\n",
  "uploadtime": 1776312796,
  "views": 23,
  "formatid": "gen9championsvgc2026regma",
  "rating": 1150,
  "private": 0,
  "password": null
}