{
  "id": "gen9championsvgc2026regma-2582271362",
  "format": "[Gen 9 Champions] VGC 2026 Reg M-A",
  "players": [
    "colfox",
    "Guerzonian"
  ],
  "log": "|j|\u2606colfox\n|j|\u2606Guerzonian\n|t:|1776078390\n|gametype|doubles\n|player|p1|colfox|1|1071\n|player|p2|Guerzonian|n|1170\n|gen|9\n|tier|[Gen 9 Champions] VGC 2026 Reg M-A\n|rated|\n|rule|Species Clause: Limit one of each Pok\u00e9mon\n|rule|Item Clause: Limit 1 of each item\n|clearpoke\n|poke|p1|Ninetales, L50, M|\n|poke|p1|Dragonite, L50, M|\n|poke|p1|Sylveon, L50, M|\n|poke|p1|Milotic, L50, M|\n|poke|p1|Delphox, L50, F|\n|poke|p1|Garchomp, L50, M|\n|poke|p2|Aegislash, L50, F|\n|poke|p2|Incineroar, L50, M|\n|poke|p2|Tyranitar, L50, M|\n|poke|p2|Chandelure, L50, F|\n|poke|p2|Sinistcha-Masterpiece, L50|\n|poke|p2|Excadrill, L50, F|\n|teampreview|4\n|inactive|Battle timer is ON: inactive players will automatically lose when time's up. (requested by Guerzonian)\n|\n|t:|1776078412\n|teamsize|p1|4\n|teamsize|p2|4\n|start\n|switch|p1a: Milotic|Milotic, L50, M|100/100\n|switch|p1b: Delphox|Delphox, L50, F|100/100\n|switch|p2a: Sinistcha|Sinistcha-Masterpiece, L50, shiny|100/100\n|switch|p2b: Aegislash|Aegislash, L50, F, shiny|100/100\n|turn|1\n|\n|t:|1776078436\n|detailschange|p1b: Delphox|Delphox-Mega, L50, F\n|-mega|p1b: Delphox|Delphox|Delphoxite\n|move|p2b: Aegislash|King's Shield|p2b: Aegislash\n|-singleturn|p2b: Aegislash|Protect\n|move|p1b: Delphox|Heat Wave|p2a: Sinistcha|[spread] p2a\n|-activate|p2b: Aegislash|move: Protect\n|-supereffective|p2a: Sinistcha|1\n|-damage|p2a: Sinistcha|25/100\n|-enditem|p2a: Sinistcha|Sitrus Berry|[eat]\n|-heal|p2a: Sinistcha|50/100|[from] item: Sitrus Berry\n|move|p1a: Milotic|Icy Wind|p2a: Sinistcha|[spread] p2a\n|-activate|p2b: Aegislash|move: Protect\n|-supereffective|p2a: Sinistcha|1\n|-damage|p2a: Sinistcha|24/100\n|-unboost|p2a: Sinistcha|spe|1\n|move|p2a: Sinistcha|Trick Room|p2a: Sinistcha\n|-fieldstart|move: Trick Room|[of] p2a: Sinistcha\n|\n|upkeep\n|turn|2\n|inactive|colfox has 30 seconds left.\n|\n|t:|1776078465\n|move|p1b: Delphox|Protect|p1b: Delphox\n|-singleturn|p1b: Delphox|Protect\n|-formechange|p2b: Aegislash|Aegislash-Blade|\n|move|p2b: Aegislash|Shadow Sneak|p1b: Delphox\n|-activate|p1b: Delphox|move: Protect\n|move|p2a: Sinistcha|Shadow Ball|p1b: Delphox\n|-activate|p1b: Delphox|move: Protect\n|move|p1a: Milotic|Icy Wind|p2a: Sinistcha|[spread] p2a,p2b\n|-supereffective|p2a: Sinistcha|1\n|-resisted|p2b: Aegislash|1\n|-damage|p2a: Sinistcha|0 fnt\n|-damage|p2b: Aegislash|88/100\n|-unboost|p2b: Aegislash|spe|1\n|faint|p2a: Sinistcha\n|\n|-heal|p2b: Aegislash|94/100|[from] item: Leftovers\n|upkeep\n|\n|t:|1776078473\n|switch|p2a: Chandelure|Chandelure, L50, F|100/100\n|turn|3\n|\n|t:|1776078492\n|switch|p1b: Ninetales|Ninetales, L50, M|100/100\n|-weather|SunnyDay|[from] ability: Drought|[of] p1b: Ninetales\n|move|p2b: Aegislash|Shadow Sneak|p1b: Ninetales\n|-crit|p1b: Ninetales\n|-damage|p1b: Ninetales|58/100\n|move|p2a: Chandelure|Shadow Ball|p1b: Ninetales\n|-damage|p1b: Ninetales|11/100\n|-unboost|p1b: Ninetales|spd|1\n|move|p1a: Milotic|Scald|p2a: Chandelure\n|-supereffective|p2a: Chandelure|1\n|-damage|p2a: Chandelure|50/100\n|\n|-weather|SunnyDay|[upkeep]\n|-heal|p2b: Aegislash|99/100|[from] item: Leftovers\n|upkeep\n|turn|4\n|\n|t:|1776078517\n|detailschange|p2a: Chandelure|Chandelure-Mega, L50, F\n|-mega|p2a: Chandelure|Chandelure|Chandelurite\n|move|p2a: Chandelure|Protect|p2a: Chandelure\n|-singleturn|p2a: Chandelure|Protect\n|move|p1b: Ninetales|Protect|p1b: Ninetales\n|-singleturn|p1b: Ninetales|Protect\n|move|p2b: Aegislash|Shadow Sneak|p1b: Ninetales\n|-activate|p1b: Ninetales|move: Protect\n|move|p1a: Milotic|Scald|p2a: Chandelure\n|-activate|p2a: Chandelure|move: Protect\n|\n|-weather|SunnyDay|[upkeep]\n|-heal|p2b: Aegislash|100/100|[from] item: Leftovers\n|upkeep\n|turn|5\n|inactive|Guerzonian has 30 seconds left.\n|\n|t:|1776078551\n|move|p1b: Ninetales|Helping Hand|p1a: Milotic\n|-singleturn|p1a: Milotic|Helping Hand|[of] p1b: Ninetales\n|move|p2b: Aegislash|Shadow Sneak|p1b: Ninetales\n|-damage|p1b: Ninetales|0 fnt\n|faint|p1b: Ninetales\n|move|p2a: Chandelure|Shadow Ball|p1a: Milotic\n|-damage|p1a: Milotic|57/100\n|-unboost|p1a: Milotic|spd|1\n|-ability|p1a: Milotic|Competitive|boost\n|-boost|p1a: Milotic|spa|2\n|move|p1a: Milotic|Scald|p2a: Chandelure\n|-supereffective|p2a: Chandelure|1\n|-damage|p2a: Chandelure|0 fnt\n|faint|p2a: Chandelure\n|\n|-weather|SunnyDay|[upkeep]\n|-heal|p1a: Milotic|63/100|[from] item: Leftovers\n|-fieldend|move: Trick Room\n|upkeep\n|inactive|colfox has 30 seconds left.\n|\n|t:|1776078584\n|switch|p1b: Garchomp|Garchomp, L50, M|100/100\n|switch|p2a: Incineroar|Incineroar, L50, M|100/100\n|-ability|p2a: Incineroar|Intimidate|boost\n|-unboost|p1a: Milotic|atk|1\n|-ability|p1a: Milotic|Competitive|boost\n|-boost|p1a: Milotic|spa|2\n|-unboost|p1b: Garchomp|atk|1\n|turn|6\n|\n|t:|1776078595\n|move|p1a: Milotic|Protect|p1a: Milotic\n|-singleturn|p1a: Milotic|Protect\n|-formechange|p2b: Aegislash|Aegislash|\n|move|p2b: Aegislash|King's Shield|p2b: Aegislash\n|-singleturn|p2b: Aegislash|Protect\n|move|p2a: Incineroar|Fake Out|p1a: Milotic\n|-activate|p1a: Milotic|move: Protect\n|move|p1b: Garchomp|Earthquake|p2a: Incineroar|[spread] p2a\n|-activate|p1a: Milotic|move: Protect\n|-activate|p2b: Aegislash|move: Protect\n|-supereffective|p2a: Incineroar|1\n|-damage|p2a: Incineroar|61/100\n|\n|-weather|SunnyDay|[upkeep]\n|-heal|p1a: Milotic|69/100|[from] item: Leftovers\n|upkeep\n|turn|7\n|\n|t:|1776078614\n|move|p1b: Garchomp|Dragon Claw|p2b: Aegislash\n|-resisted|p2b: Aegislash|1\n|-damage|p2b: Aegislash|90/100\n|move|p1a: Milotic|Scald|p2a: Incineroar\n|-supereffective|p2a: Incineroar|1\n|-damage|p2a: Incineroar|0 fnt\n|faint|p2a: Incineroar\n|-formechange|p2b: Aegislash|Aegislash-Blade|\n|move|p2b: Aegislash|Iron Head|p1b: Garchomp\n|-damage|p1b: Garchomp|52/100\n|-damage|p2b: Aegislash|78/100|[from] ability: Rough Skin|[of] p1b: Garchomp\n|\n|-weather|none\n|-heal|p1a: Milotic|75/100|[from] item: Leftovers\n|-heal|p2b: Aegislash|84/100|[from] item: Leftovers\n|upkeep\n|turn|8\n|-message|Guerzonian forfeited.\n|\n|win|colfox\n|raw|colfox's rating: 1071 &rarr; <strong>1108</strong><br />(+37 for winning)\n|raw|Guerzonian's rating: 1170 &rarr; <strong>1138</strong><br />(-32 for losing)\n",
  "uploadtime": 1776078632,
  "views": 25,
  "formatid": "gen9championsvgc2026regma",
  "rating": 1108,
  "private": 0,
  "password": null
}