{
  "id": "gen9championsvgc2026regma-2582442439",
  "format": "[Gen 9 Champions] VGC 2026 Reg M-A",
  "players": [
    "Nzazzo",
    "senzumi_here"
  ],
  "log": "|j|\u2606Nzazzo\n|j|\u2606senzumi_here\n|t:|1776091965\n|gametype|doubles\n|player|p1|Nzazzo|102|1361\n|player|p2|senzumi_here|psychicf-gen4|1349\n|gen|9\n|tier|[Gen 9 Champions] VGC 2026 Reg M-A\n|rated|\n|rule|Species Clause: Limit one of each Pok\u00e9mon\n|rule|Item Clause: Limit 1 of each item\n|clearpoke\n|poke|p1|Aurorus, L50, M|\n|poke|p1|Abomasnow, L50, M|\n|poke|p1|Slowking, L50, F|\n|poke|p1|Venusaur, L50, M|\n|poke|p1|Mudsdale, L50, M|\n|poke|p1|Gallade, L50, M|\n|poke|p2|Floette-Eternal, L50, F|\n|poke|p2|Delphox, L50, F|\n|poke|p2|Aerodactyl, L50, M|\n|poke|p2|Maushold, L50|\n|poke|p2|Incineroar, L50, M|\n|poke|p2|Garchomp, L50, M|\n|teampreview|4\n|j| Urfredo981\n|\n|t:|1776092080\n|teamsize|p1|4\n|teamsize|p2|4\n|start\n|switch|p1a: Mudsdale|Mudsdale, L50, M|100/100\n|switch|p1b: Slowking|Slowking, L50, F|100/100\n|switch|p2a: Floette|Floette-Eternal, L50, F|100/100\n|switch|p2b: Maushold|Maushold, L50|100/100\n|turn|1\n|inactive|Battle timer is ON: inactive players will automatically lose when time's up. (requested by senzumi_here)\n|\n|t:|1776092108\n|detailschange|p2a: Floette|Floette-Mega, L50, F\n|-mega|p2a: Floette|Floette|Floettite\n|-ability|p2a: Floette|Fairy Aura\n|move|p2a: Floette|Protect|p2a: Floette\n|-singleturn|p2a: Floette|Protect\n|move|p2b: Maushold|Taunt|p1b: Slowking\n|-immune|p1b: Slowking|[from] ability: Oblivious\n|move|p1a: Mudsdale|Heavy Slam|p2a: Floette\n|-activate|p2a: Floette|move: Protect\n|move|p1b: Slowking|Trick Room|p1b: Slowking\n|-fieldstart|move: Trick Room|[of] p1b: Slowking\n|\n|upkeep\n|turn|2\n|inactive|Nzazzo has 30 seconds left.\n|inactive|senzumi_here has 30 seconds left.\n|c|\u2606senzumi_here|TIL oblivious does other things other than ignoring intimidate\n|inactive|Nzazzo has 20 seconds left.\n|inactive|senzumi_here has 20 seconds left.\n|inactive|Nzazzo has 15 seconds left.\n|inactive|senzumi_here has 15 seconds left.\n|l| Urfredo981\n|\n|t:|1776092153\n|switch|p2a: Incineroar|Incineroar, L50, M|100/100\n|-ability|p2a: Incineroar|Intimidate|boost\n|-fail|p1a: Mudsdale|unboost|Attack|[from] ability: Inner Focus|[of] p1a: Mudsdale\n|-fail|p1b: Slowking|unboost|Attack|[from] ability: Oblivious|[of] p1b: Slowking\n|move|p1b: Slowking|Helping Hand|p1a: Mudsdale\n|-singleturn|p1a: Mudsdale|Helping Hand|[of] p1b: Slowking\n|move|p1a: Mudsdale|Heavy Slam|p2a: Incineroar\n|-resisted|p2a: Incineroar|1\n|-damage|p2a: Incineroar|79/100\n|move|p2b: Maushold|Super Fang|p1b: Slowking\n|-damage|p1b: Slowking|50/100\n|\n|upkeep\n|turn|3\n|inactive|senzumi_here has 30 seconds left.\n|\n|t:|1776092184\n|switch|p1b: Gallade|Gallade, L50, M, shiny|100/100\n|move|p2a: Incineroar|Fake Out|p1b: Gallade\n|-damage|p1b: Gallade|88/100\n|move|p1a: Mudsdale|High Horsepower|p2a: Incineroar\n|-supereffective|p2a: Incineroar|1\n|-damage|p2a: Incineroar|1/100\n|-enditem|p2a: Incineroar|Sitrus Berry|[eat]\n|-heal|p2a: Incineroar|26/100|[from] item: Sitrus Berry\n|move|p2b: Maushold|Super Fang|p1a: Mudsdale\n|-damage|p1a: Mudsdale|51/100\n|\n|upkeep\n|turn|4\n|\n|t:|1776092208\n|detailschange|p1b: Gallade|Gallade-Mega, L50, M, shiny\n|-mega|p1b: Gallade|Gallade|Galladite\n|move|p2b: Maushold|Follow Me|p2b: Maushold\n|-singleturn|p2b: Maushold|move: Follow Me\n|move|p1a: Mudsdale|Rock Slide|p2b: Maushold|[spread] p2a,p2b\n|-supereffective|p2a: Incineroar|1\n|-damage|p2a: Incineroar|0 fnt\n|-damage|p2b: Maushold|74/100\n|faint|p2a: Incineroar\n|move|p1b: Gallade|Sacred Sword|p2b: Maushold\n|-supereffective|p2b: Maushold|1\n|-enditem|p2b: Maushold|Chople Berry|[eat]\n|-enditem|p2b: Maushold|Chople Berry|[weaken]\n|-damage|p2b: Maushold|12/100\n|\n|upkeep\n|\n|t:|1776092219\n|switch|p2a: Floette|Floette-Mega, L50, F|100/100\n|-ability|p2a: Floette|Fairy Aura\n|turn|5\n|inactive|Nzazzo has 30 seconds left.\n|inactive|Nzazzo has 20 seconds left.\n|inactive|Nzazzo has 15 seconds left.\n|inactive|Nzazzo has 10 seconds left.\n|inactive|Nzazzo has 5 seconds left.\n|\n|t:|1776092273\n|move|p1b: Gallade|Protect|p1b: Gallade\n|-singleturn|p1b: Gallade|Protect\n|move|p2a: Floette|Protect|p2a: Floette\n|-singleturn|p2a: Floette|Protect\n|move|p2b: Maushold|Protect|p2b: Maushold\n|-singleturn|p2b: Maushold|Protect\n|move|p1a: Mudsdale|Rock Slide|p2a: Floette|[spread] \n|-activate|p2a: Floette|move: Protect\n|-activate|p2b: Maushold|move: Protect\n|\n|-fieldend|move: Trick Room\n|upkeep\n|turn|6\n|inactive|Nzazzo has 30 seconds left.\n|inactive|Nzazzo has 20 seconds left.\n|inactive|Nzazzo has 15 seconds left.\n|\n|t:|1776092313\n|switch|p1b: Aurorus|Aurorus, L50, M|100/100\n|-weather|Snowscape|[from] ability: Snow Warning|[of] p1b: Aurorus\n|move|p2b: Maushold|Super Fang|p1a: Mudsdale\n|-damage|p1a: Mudsdale|26/100\n|move|p2a: Floette|Dazzling Gleam|p1a: Mudsdale|[spread] p1a,p1b\n|-damage|p1a: Mudsdale|0 fnt\n|-damage|p1b: Aurorus|59/100\n|faint|p1a: Mudsdale\n|\n|-weather|Snowscape|[upkeep]\n|upkeep\n|\n|t:|1776092327\n|switch|p1a: Slowking|Slowking, L50, F|50/100\n|turn|7\n|\n|t:|1776092334\n|move|p2b: Maushold|Super Fang|p1a: Slowking\n|-damage|p1a: Slowking|26/100\n|move|p2a: Floette|Dazzling Gleam|p1a: Slowking|[spread] p1a,p1b\n|-damage|p1a: Slowking|0 fnt\n|-damage|p1b: Aurorus|14/100\n|faint|p1a: Slowking\n|move|p1b: Aurorus|Blizzard|p2a: Floette|[spread] p2a,p2b\n|-damage|p2a: Floette|76/100\n|-damage|p2b: Maushold|0 fnt\n|faint|p2b: Maushold\n|\n|-weather|Snowscape|[upkeep]\n|upkeep\n|\n|t:|1776092342\n|switch|p2b: Aerodactyl|Aerodactyl, L50, M|100/100\n|switch|p1a: Gallade|Gallade-Mega, L50, M, shiny|88/100\n|-ability|p2b: Aerodactyl|Unnerve\n|turn|8\n|\n|t:|1776092355\n|move|p1b: Aurorus|Protect|p1b: Aurorus\n|-singleturn|p1b: Aurorus|Protect\n|move|p2b: Aerodactyl|Rock Slide|p1a: Gallade|[spread] p1a\n|-activate|p1b: Aurorus|move: Protect\n|-resisted|p1a: Gallade|1\n|-damage|p1a: Gallade|77/100\n|move|p2a: Floette|Moonblast|p1a: Gallade\n|-supereffective|p1a: Gallade|1\n|-damage|p1a: Gallade|0 fnt\n|faint|p1a: Gallade\n|\n|-weather|Snowscape|[upkeep]\n|upkeep\n|turn|9\n|-message|Nzazzo forfeited.\n|\n|win|senzumi_here\n|raw|Nzazzo's rating: 1361 &rarr; <strong>1340</strong><br />(-21 for losing)\n|raw|senzumi_here's rating: 1349 &rarr; <strong>1370</strong><br />(+21 for winning)\n|l|\u2606Nzazzo\n|player|p1|\n",
  "uploadtime": 1776092381,
  "views": 22,
  "formatid": "gen9championsvgc2026regma",
  "rating": 1340,
  "private": 0,
  "password": null
}