{
  "id": "gen9championsvgc2026regma-2585900824",
  "format": "[Gen 9 Champions] VGC 2026 Reg M-A",
  "players": [
    "benjiapollo",
    "supermegaman"
  ],
  "log": "|j|\u2606benjiapollo\n|j|\u2606supermegaman\n|t:|1776379756\n|gametype|doubles\n|player|p1|benjiapollo|giovanni|1416\n|player|p2|supermegaman|102|1372\n|gen|9\n|tier|[Gen 9 Champions] VGC 2026 Reg M-A\n|rated|\n|rule|Species Clause: Limit one of each Pok\u00e9mon\n|rule|Item Clause: Limit 1 of each item\n|clearpoke\n|poke|p1|Basculegion, L50, M|\n|poke|p1|Charizard, L50, M|\n|poke|p1|Kingambit, L50, M|\n|poke|p1|Sneasler, L50, F|\n|poke|p1|Venusaur, L50, M|\n|poke|p1|Talonflame, L50, M|\n|poke|p2|Pelipper, L50, M|\n|poke|p2|Sinistcha-Masterpiece, L50|\n|poke|p2|Incineroar, L50, M|\n|poke|p2|Kangaskhan, L50, F|\n|poke|p2|Azumarill, L50, M|\n|poke|p2|Sylveon, L50, M|\n|teampreview|4\n|inactive|Battle timer is ON: inactive players will automatically lose when time's up. (requested by supermegaman)\n|inactive|supermegaman has 60 seconds left.\n|\n|t:|1776379797\n|teamsize|p1|4\n|teamsize|p2|4\n|start\n|switch|p1a: Talonflame|Talonflame, L50, M|100/100\n|switch|p1b: Charizard|Charizard, L50, M|100/100\n|switch|p2a: Kangaskhan|Kangaskhan, L50, F|100/100\n|switch|p2b: Sinistcha|Sinistcha-Masterpiece, L50|100/100\n|turn|1\n|\n|t:|1776379809\n|detailschange|p1b: Charizard|Charizard-Mega-X, L50, M\n|-mega|p1b: Charizard|Charizard|Charizardite X\n|detailschange|p2a: Kangaskhan|Kangaskhan-Mega, L50, F\n|-mega|p2a: Kangaskhan|Kangaskhan|Kangaskhanite\n|move|p1a: Talonflame|Quick Guard|p1a: Talonflame\n|-singleturn|p1a: Talonflame|Quick Guard\n|move|p2a: Kangaskhan|Fake Out|p1b: Charizard\n|-activate|p1b: Charizard|move: Quick Guard\n|move|p1b: Charizard|Flare Blitz|p2b: Sinistcha\n|-supereffective|p2b: Sinistcha|1\n|-damage|p2b: Sinistcha|0 fnt\n|faint|p2b: Sinistcha\n|-damage|p1b: Charizard|62/100|[from] Recoil\n|\n|upkeep\n|\n|t:|1776379817\n|switch|p2b: Sylveon|Sylveon, L50, M|100/100\n|turn|2\n|\n|t:|1776379834\n|move|p1a: Talonflame|Tailwind|p1a: Talonflame\n|-sidestart|p1: benjiapollo|move: Tailwind\n|move|p1b: Charizard|Flare Blitz|p2a: Kangaskhan\n|-damage|p2a: Kangaskhan|31/100\n|-damage|p1b: Charizard|30/100|[from] Recoil\n|move|p2a: Kangaskhan|Double-Edge|p1a: Talonflame\n|-damage|p1a: Talonflame|4/100\n|-damage|p1a: Talonflame|0 fnt\n|faint|p1a: Talonflame\n|-hitcount|p1: Talonflame|2\n|-damage|p2a: Kangaskhan|7/100|[from] Recoil\n|move|p2b: Sylveon|Hyper Voice|p1b: Charizard\n|-damage|p1b: Charizard|0 fnt\n|faint|p1b: Charizard\n|\n|upkeep\n|\n|t:|1776379848\n|switch|p1a: Kingambit|Kingambit, L50, M|100/100\n|switch|p1b: Sneasler|Sneasler, L50, F|100/100\n|turn|3\n|\n|t:|1776379863\n|move|p2b: Sylveon|Detect|p2b: Sylveon\n|-singleturn|p2b: Sylveon|Protect\n|move|p1b: Sneasler|Dire Claw|p2b: Sylveon\n|-activate|p2b: Sylveon|move: Protect\n|move|p1a: Kingambit|Iron Head|p2b: Sylveon\n|-activate|p2b: Sylveon|move: Protect\n|move|p2a: Kangaskhan|Hammer Arm|p1a: Kingambit|[miss]\n|-miss|p2a: Kangaskhan|p1a: Kingambit\n|\n|upkeep\n|turn|4\n|inactive|supermegaman has 30 seconds left.\n|\n|t:|1776379890\n|switch|p2b: Pelipper|Pelipper, L50, M|100/100\n|-weather|RainDance|[from] ability: Drizzle|[of] p2b: Pelipper\n|move|p1b: Sneasler|Dire Claw|p2a: Kangaskhan\n|-damage|p2a: Kangaskhan|0 fnt\n|faint|p2a: Kangaskhan\n|move|p1a: Kingambit|Iron Head|p2b: Pelipper\n|-resisted|p2b: Pelipper|1\n|-damage|p2b: Pelipper|75/100\n|\n|-weather|RainDance|[upkeep]\n|upkeep\n|\n|t:|1776379900\n|switch|p2a: Sylveon|Sylveon, L50, M|100/100\n|turn|5\n|\n|t:|1776379906\n|move|p2b: Pelipper|Helping Hand|p2a: Sylveon\n|-singleturn|p2a: Sylveon|Helping Hand|[of] p2b: Pelipper\n|move|p1b: Sneasler|Protect|p1b: Sneasler\n|-singleturn|p1b: Sneasler|Protect\n|move|p1a: Kingambit|Iron Head|p2a: Sylveon\n|-supereffective|p2a: Sylveon|1\n|-damage|p2a: Sylveon|0 fnt\n|faint|p2a: Sylveon\n|\n|-weather|RainDance|[upkeep]\n|-sideend|p1: benjiapollo|move: Tailwind\n|upkeep\n|turn|6\n|-message|supermegaman forfeited.\n|\n|win|benjiapollo\n|raw|benjiapollo's rating: 1416 &rarr; <strong>1433</strong><br />(+17 for winning)\n|raw|supermegaman's rating: 1372 &rarr; <strong>1355</strong><br />(-17 for losing)\n|l|\u2606supermegaman\n|player|p2|\n",
  "uploadtime": 1776379917,
  "views": 29,
  "formatid": "gen9championsvgc2026regma",
  "rating": 1355,
  "private": 0,
  "password": null
}