{
  "id": "gen9championsvgc2026regma-2584927838",
  "format": "[Gen 9 Champions] VGC 2026 Reg M-A",
  "players": [
    "msendi26",
    "KUTF1"
  ],
  "log": "|j|\u2606msendi26\n|j|\u2606KUTF1\n|t:|1776295321\n|gametype|doubles\n|player|p1|msendi26|169|1119\n|player|p2|KUTF1|firebreather|1209\n|gen|9\n|tier|[Gen 9 Champions] VGC 2026 Reg M-A\n|rated|\n|rule|Species Clause: Limit one of each Pok\u00e9mon\n|rule|Item Clause: Limit 1 of each item\n|clearpoke\n|poke|p1|Feraligatr, L50, M|\n|poke|p1|Pelipper, L50, M|\n|poke|p1|Scizor, L50, M|\n|poke|p1|Sneasler, L50, M|\n|poke|p1|Incineroar, L50, F|\n|poke|p1|Decidueye-Hisui, L50, F|\n|poke|p2|Drampa, L50, F|\n|poke|p2|Emboar, L50, M|\n|poke|p2|Kingambit, L50, F|\n|poke|p2|Decidueye-Hisui, L50, F|\n|poke|p2|Farigiraf, L50, M|\n|poke|p2|Incineroar, L50, M|\n|teampreview|4\n|inactive|Battle timer is ON: inactive players will automatically lose when time's up. (requested by KUTF1)\n|inactive|msendi26 has 60 seconds left.\n|inactive|KUTF1 has 60 seconds left.\n|\n|t:|1776295360\n|teamsize|p1|4\n|teamsize|p2|4\n|start\n|switch|p1a: Pelipper|Pelipper, L50, M|100/100\n|switch|p1b: Sneasler|Sneasler, L50, M|100/100\n|switch|p2a: Bruh.|Incineroar, L50, M|100/100\n|switch|p2b: Say it Again|Farigiraf, L50, M|100/100\n|-weather|RainDance|[from] ability: Drizzle|[of] p1a: Pelipper\n|-ability|p2a: Bruh.|Intimidate|boost\n|-unboost|p1a: Pelipper|atk|1\n|-unboost|p1b: Sneasler|atk|1\n|-enditem|p1b: Sneasler|White Herb\n|-clearnegativeboost|p1b: Sneasler|[silent]\n|turn|1\n|inactive|msendi26 has 30 seconds left.\n|\n|t:|1776295385\n|move|p2a: Bruh.|Fake Out|p1b: Sneasler\n|-damage|p1b: Sneasler|76/100\n|cant|p1b: Sneasler|flinch\n|move|p1a: Pelipper|Weather Ball|p2a: Bruh.\n|-supereffective|p2a: Bruh.|1\n|-damage|p2a: Bruh.|0 fnt\n|faint|p2a: Bruh.\n|move|p2b: Say it Again|Trick Room|p2b: Say it Again\n|-fieldstart|move: Trick Room|[of] p2b: Say it Again\n|\n|-weather|RainDance|[upkeep]\n|upkeep\n|\n|t:|1776295389\n|switch|p2a: Yamata No Orichi|Drampa, L50, F, shiny|100/100\n|-ability|p2a: Yamata No Orichi|Cloud Nine\n|turn|2\n|\n|t:|1776295413\n|detailschange|p2a: Yamata No Orichi|Drampa-Mega, L50, F, shiny\n|-mega|p2a: Yamata No Orichi|Drampa|Drampanite\n|move|p2a: Yamata No Orichi|Hyper Voice|p1a: Pelipper|[spread] p1a,p1b\n|-damage|p1a: Pelipper|51/100\n|-damage|p1b: Sneasler|15/100\n|move|p2b: Say it Again|Hyper Voice|p1a: Pelipper|[spread] p1a,p1b\n|-damage|p1a: Pelipper|23/100\n|-damage|p1b: Sneasler|0 fnt\n|faint|p1b: Sneasler\n|move|p1a: Pelipper|Hurricane|p2a: Yamata No Orichi\n|-damage|p2a: Yamata No Orichi|65/100\n|\n|-weather|RainDance|[upkeep]\n|-heal|p1a: Pelipper|29/100|[from] item: Leftovers\n|upkeep\n|\n|t:|1776295430\n|switch|p1b: Incineroar|Incineroar, L50, F|100/100\n|-ability|p1b: Incineroar|Intimidate|boost\n|-unboost|p2a: Yamata No Orichi|atk|1\n|-unboost|p2b: Say it Again|atk|1\n|turn|3\n|\n|t:|1776295453\n|move|p2a: Yamata No Orichi|Earth Power|p1b: Incineroar\n|-supereffective|p1b: Incineroar|1\n|-damage|p1b: Incineroar|17/100\n|-enditem|p1b: Incineroar|Sitrus Berry|[eat]\n|-heal|p1b: Incineroar|42/100|[from] item: Sitrus Berry\n|move|p2b: Say it Again|Hyper Voice|p1b: Incineroar|[spread] p1a,p1b\n|-damage|p1a: Pelipper|1/100\n|-damage|p1b: Incineroar|18/100\n|move|p1b: Incineroar|Darkest Lariat|p2a: Yamata No Orichi\n|-damage|p2a: Yamata No Orichi|24/100\n|-ability|p2a: Yamata No Orichi|Berserk|boost\n|-boost|p2a: Yamata No Orichi|spa|1\n|move|p1a: Pelipper|Hurricane|p2a: Yamata No Orichi\n|-damage|p2a: Yamata No Orichi|0 fnt\n|faint|p2a: Yamata No Orichi\n|\n|-weather|RainDance|[upkeep]\n|-heal|p1a: Pelipper|7/100|[from] item: Leftovers\n|upkeep\n|\n|t:|1776295459\n|switch|p2a: Konshu\u2019s Will|Decidueye-Hisui, L50, F|100/100\n|turn|4\n|inactive|msendi26 has 30 seconds left.\n|inactive|msendi26 has 20 seconds left.\n|inactive|msendi26 has 15 seconds left.\n|\n|t:|1776295500\n|move|p1a: Pelipper|Protect|p1a: Pelipper\n|-singleturn|p1a: Pelipper|Protect\n|move|p2a: Konshu\u2019s Will|Triple Arrows|p1b: Incineroar\n|-supereffective|p1b: Incineroar|1\n|-damage|p1b: Incineroar|0 fnt\n|faint|p1b: Incineroar\n|move|p2b: Say it Again|Hyper Voice|p1a: Pelipper\n|-activate|p1a: Pelipper|move: Protect\n|\n|-weather|RainDance|[upkeep]\n|-heal|p1a: Pelipper|13/100|[from] item: Leftovers\n|upkeep\n|\n|t:|1776295509\n|switch|p1b: Feraligatr|Feraligatr, L50, M|100/100\n|turn|5\n|\n|t:|1776295525\n|detailschange|p1b: Feraligatr|Feraligatr-Mega, L50, M\n|-mega|p1b: Feraligatr|Feraligatr|Feraligite\n|move|p1a: Pelipper|Protect||[still]\n|-fail|p1a: Pelipper\n|move|p1b: Feraligatr|Protect|p1b: Feraligatr\n|-singleturn|p1b: Feraligatr|Protect\n|move|p2a: Konshu\u2019s Will|Leaf Blade|p1b: Feraligatr\n|-activate|p1b: Feraligatr|move: Protect\n|move|p2b: Say it Again|Hyper Voice|p1a: Pelipper|[spread] p1a\n|-activate|p1b: Feraligatr|move: Protect\n|-damage|p1a: Pelipper|0 fnt\n|faint|p1a: Pelipper\n|\n|-weather|none\n|-fieldend|move: Trick Room\n|upkeep\n|turn|6\n|\n|t:|1776295541\n|move|p1b: Feraligatr|Double-Edge|p2a: Konshu\u2019s Will\n|-enditem|p2a: Konshu\u2019s Will|Focus Sash\n|-damage|p2a: Konshu\u2019s Will|1/100\n|-damage|p1b: Feraligatr|60/100|[from] Recoil\n|move|p2a: Konshu\u2019s Will|Triple Arrows|p1b: Feraligatr\n|-damage|p1b: Feraligatr|17/100\n|-unboost|p1b: Feraligatr|def|1\n|move|p2b: Say it Again|Psychic|p1b: Feraligatr\n|-damage|p1b: Feraligatr|0 fnt\n|faint|p1b: Feraligatr\n|\n|win|KUTF1\n|raw|msendi26's rating: 1119 &rarr; <strong>1100</strong><br />(-19 for losing)\n|raw|KUTF1's rating: 1209 &rarr; <strong>1228</strong><br />(+19 for winning)\n",
  "uploadtime": 1776295553,
  "views": 16,
  "formatid": "gen9championsvgc2026regma",
  "rating": 1100,
  "private": 0,
  "password": null
}