{
  "id": "gen9championsvgc2026regma-2588343600",
  "format": "[Gen 9 Champions] VGC 2026 Reg M-A",
  "players": [
    "yrrap",
    "shu0910"
  ],
  "log": "|j|\u2606yrrap\n|j|\u2606shu0910\n|html|<table width=\"100%\"><tr><td align=\"left\">yrrap</td><td align=\"right\">shu0910</tr><tr><td align=\"left\"><i class=\"fa fa-circle-o\"></i> <i class=\"fa fa-circle-o\"></i> </td><td align=\"right\"><i class=\"fa fa-circle-o\"></i> <i class=\"fa fa-circle-o\"></i> </tr></table>\n|uhtml|bestof|<h2><strong>Game 1</strong> of <a href=\"/game-bestof3-gen9championsvgc2026regma-2588343599\">a best-of-3</a></h2>\n|t:|1776625737\n|gametype|doubles\n|player|p1|yrrap|lance-masters2|\n|player|p2|shu0910|101|\n|gen|9\n|tier|[Gen 9 Champions] VGC 2026 Reg M-A\n|rule|Species Clause: Limit one of each Pok\u00e9mon\n|rule|Item Clause: Limit 1 of each item\n|raw|<div class=\"infobox\"><details class=\"readmore\" open><summary><strong>1 custom rule:</strong></summary> Best of = 3</details></div>\n|clearpoke\n|poke|p1|Simisear, L50, F, shiny|\n|poke|p1|Simipour, L50, F, shiny|\n|poke|p1|Simisage, L50, F, shiny|\n|poke|p1|Floette-Eternal, L50, F|\n|poke|p1|Maushold, L50|\n|poke|p1|Noivern, L50, M|\n|poke|p2|Froslass, L50, F|\n|poke|p2|Corviknight, L50, F|\n|poke|p2|Milotic, L50, F|\n|poke|p2|Ceruledge, L50, M|\n|poke|p2|Ninetales-Alola, L50, M|\n|poke|p2|Samurott-Hisui, L50, M|\n|teampreview|4\nyrrap rejected open team sheets.\n|c|\u2606yrrap|Glhf! Ill send link\n|c|\u2606shu0910|thnx\n|l|\u2606yrrap\n|player|p1|\n|j|\u2606yrrap\n|player|p1|yrrap|lance-masters2|\n|\n|t:|1776625817\n|teamsize|p1|4\n|teamsize|p2|4\n|start\n|switch|p1a: Dark Sear|Simisear, L50, F, shiny|100/100\n|switch|p1b: Dark Pour|Simipour, L50, F, shiny|100/100\n|switch|p2a: Corviknight|Corviknight, L50, F|100/100\n|switch|p2b: Froslass|Froslass, L50, F|100/100\n|turn|1\n|\n|t:|1776625830\n|detailschange|p2b: Froslass|Froslass-Mega, L50, F\n|-mega|p2b: Froslass|Froslass|Froslassite\n|-weather|Snowscape|[from] ability: Snow Warning|[of] p2b: Froslass\n|move|p1b: Dark Pour|Icy Wind|p2b: Froslass|[spread] p2a,p2b\n|-resisted|p2b: Froslass|1\n|-damage|p2a: Corviknight|87/100\n|-damage|p2b: Froslass|93/100\n|-ability|p2a: Corviknight|Mirror Armor\n|-unboost|p1b: Dark Pour|spe|1\n|-unboost|p2b: Froslass|spe|1\n|move|p1a: Dark Sear|Heat Wave|p2a: Corviknight|[spread] p2a,p2b\n|-supereffective|p2a: Corviknight|1\n|-supereffective|p2b: Froslass|1\n|-damage|p2a: Corviknight|0 fnt\n|-damage|p2b: Froslass|0 fnt\n|faint|p2a: Corviknight\n|faint|p2b: Froslass\n|\n|-weather|Snowscape|[upkeep]\n|upkeep\n|\n|t:|1776625845\n|switch|p2b: Ceruledge|Ceruledge, L50, M|100/100\n|switch|p2a: Ninetales|Ninetales-Alola, L50, M|100/100\n|turn|2\n|\n|t:|1776625856\n|move|p2b: Ceruledge|Protect|p2b: Ceruledge\n|-singleturn|p2b: Ceruledge|Protect\n|move|p2a: Ninetales|Freeze-Dry|p1b: Dark Pour\n|-supereffective|p1b: Dark Pour|1\n|-damage|p1b: Dark Pour|24/100\n|move|p1a: Dark Sear|Scorching Sands|p2b: Ceruledge\n|-activate|p2b: Ceruledge|move: Protect\n|move|p1b: Dark Pour|Icy Wind|p2a: Ninetales|[spread] p2a\n|-activate|p2b: Ceruledge|move: Protect\n|-resisted|p2a: Ninetales|1\n|-damage|p2a: Ninetales|93/100\n|-unboost|p2a: Ninetales|spe|1\n|\n|-weather|Snowscape|[upkeep]\n|upkeep\n|turn|3\n|\n|t:|1776625873\n|move|p1a: Dark Sear|Protect|p1a: Dark Sear\n|-singleturn|p1a: Dark Sear|Protect\n|move|p2a: Ninetales|Freeze-Dry|p1b: Dark Pour\n|-supereffective|p1b: Dark Pour|1\n|-damage|p1b: Dark Pour|0 fnt\n|faint|p1b: Dark Pour\n|move|p2b: Ceruledge|Night Slash|p1a: Dark Sear\n|-activate|p1a: Dark Sear|move: Protect\n|\n|-weather|Snowscape|[upkeep]\n|upkeep\n|\n|t:|1776625879\n|switch|p1b: Fleur|Floette-Eternal, L50, F|100/100\n|turn|4\n|\n|t:|1776625898\n|switch|p1a: Dark Sage|Simisage, L50, F, shiny|100/100\n|move|p1b: Fleur|Protect|p1b: Fleur\n|-singleturn|p1b: Fleur|Protect\n|move|p2a: Ninetales|Freeze-Dry|p1b: Fleur\n|-activate|p1b: Fleur|move: Protect\n|move|p2b: Ceruledge|Bitter Blade|p1b: Fleur\n|-activate|p1b: Fleur|move: Protect\n|\n|-weather|Snowscape|[upkeep]\n|upkeep\n|turn|5\n|\n|t:|1776625923\n|detailschange|p1b: Fleur|Floette-Mega, L50, F\n|-mega|p1b: Fleur|Floette|Floettite\n|-ability|p1b: Fleur|Fairy Aura\n|move|p2a: Ninetales|Freeze-Dry|p1a: Dark Sage\n|-supereffective|p1a: Dark Sage|1\n|-enditem|p1a: Dark Sage|Yache Berry|[eat]\n|-enditem|p1a: Dark Sage|Yache Berry|[weaken]\n|-damage|p1a: Dark Sage|56/100\n|move|p1a: Dark Sage|Crunch|p2b: Ceruledge\n|-supereffective|p2b: Ceruledge|1\n|-damage|p2b: Ceruledge|24/100\n|move|p2b: Ceruledge|Bitter Blade|p1a: Dark Sage\n|-supereffective|p1a: Dark Sage|1\n|-damage|p1a: Dark Sage|0 fnt\n|-heal|p2b: Ceruledge|52/100|[from] drain|[of] p1a: Dark Sage\n|faint|p1a: Dark Sage\n|-heal|p2b: Ceruledge|58/100|[from] item: Shell Bell|[of] p1: Dark Sage\n|move|p1b: Fleur|Dazzling Gleam|p2b: Ceruledge|[spread] p2a,p2b\n|-resisted|p2b: Ceruledge|1\n|-damage|p2a: Ninetales|43/100\n|-damage|p2b: Ceruledge|36/100\n|\n|-weather|none\n|upkeep\n|\n|t:|1776625942\n|switch|p1a: Dark Sear|Simisear, L50, F, shiny|100/100\n|turn|6\n|\n|t:|1776625953\n|move|p2a: Ninetales|Freeze-Dry|p1b: Fleur\n|-damage|p1b: Fleur|82/100\n|move|p1a: Dark Sear|Scorching Sands|p2b: Ceruledge\n|-supereffective|p2b: Ceruledge|1\n|-damage|p2b: Ceruledge|0 fnt\n|faint|p2b: Ceruledge\n|move|p1b: Fleur|Dazzling Gleam|p2a: Ninetales\n|-crit|p2a: Ninetales\n|-damage|p2a: Ninetales|0 fnt\n|faint|p2a: Ninetales\n|\n|win|yrrap\n||shu0910 is ready for game 2.\n|inactive|yrrap has 30 seconds to confirm battle start!\n||yrrap is ready for game 2.\n|uhtml|next|Next: <a href=\"/battle-gen9championsvgc2026regma-2588346497\"><strong>Game 2 of 3</strong></a>\n|j| pokemon_and_beer\n|j| Lordarkanum\n|l| Lordarkanum\n|l| pokemon_and_beer\n|l|\u2606yrrap\n|player|p1|\n",
  "uploadtime": 1776625961,
  "views": 9,
  "formatid": "gen9championsvgc2026regma",
  "rating": null,
  "private": 0,
  "password": null
}