{
  "id": "gen9championsvgc2026regma-2582405947",
  "format": "[Gen 9 Champions] VGC 2026 Reg M-A",
  "players": [
    "Crene",
    "Bigred46"
  ],
  "log": "|j|\u2606Crene\n|j|\u2606Bigred46\n|t:|1776089569\n|gametype|doubles\n|player|p1|Crene|erika|1124\n|player|p2|Bigred46|265|1105\n|gen|9\n|tier|[Gen 9 Champions] VGC 2026 Reg M-A\n|rated|\n|rule|Species Clause: Limit one of each Pok\u00e9mon\n|rule|Item Clause: Limit 1 of each item\n|clearpoke\n|poke|p1|Corviknight, L50, M|\n|poke|p1|Froslass, L50, F|\n|poke|p1|Primarina, L50, F|\n|poke|p1|Tyranitar, L50, F|\n|poke|p1|Sneasler, L50, F|\n|poke|p1|Oranguru, L50, M|\n|poke|p2|Froslass, L50, F|\n|poke|p2|Rotom-Frost, L50|\n|poke|p2|Incineroar, L50, M|\n|poke|p2|Orthworm, L50, M|\n|poke|p2|Basculegion, L50, M|\n|poke|p2|Garchomp, L50, F|\n|teampreview|4\n|inactive|Battle timer is ON: inactive players will automatically lose when time's up. (requested by Crene)\n|j| Bio_Hazz\n|j| Darumaka maracas\n|\n|t:|1776089598\n|teamsize|p1|4\n|teamsize|p2|4\n|start\n|switch|p1a: Froslass|Froslass, L50, F|100/100\n|switch|p1b: Oranguru|Oranguru, L50, M|100/100\n|switch|p2a: Incineroar|Incineroar, L50, M, shiny|100/100\n|switch|p2b: Orthworm|Orthworm, L50, M, shiny|100/100\n|-ability|p2a: Incineroar|Intimidate|boost\n|-unboost|p1a: Froslass|atk|1\n|-unboost|p1b: Oranguru|atk|1\n|turn|1\n|inactive|Crene has 30 seconds left.\n|inactive|Bigred46 has 30 seconds left.\n|inactive|Bigred46 has 20 seconds left.\n|c|\u2606Crene|I see you are using my team! Glad to see my subscribers enjoying my videos!\n|\n|t:|1776089637\n|detailschange|p1a: Froslass|Froslass-Mega, L50, F\n|-mega|p1a: Froslass|Froslass|Froslassite\n|-weather|Snowscape|[from] ability: Snow Warning|[of] p1a: Froslass\n|move|p1a: Froslass|Aurora Veil|p1a: Froslass\n|-sidestart|p1: Crene|move: Aurora Veil\n|move|p2b: Orthworm|Shed Tail|p2b: Orthworm\n|-start|p2b: Orthworm|Substitute|[from] move: Shed Tail\n|-damage|p2b: Orthworm|50/100\n|-enditem|p2b: Orthworm|Sitrus Berry|[eat]\n|-heal|p2b: Orthworm|75/100|[from] item: Sitrus Berry\n|\n|t:|1776089647\n|switch|p2b: Froslass|Froslass, L50, F, shiny|100/100|[from] Shed Tail\n|move|p1b: Oranguru|Yawn|p2a: Incineroar\n|-start|p2a: Incineroar|move: Yawn|[of] p1b: Oranguru\n|move|p2a: Incineroar|Flare Blitz|p1a: Froslass\n|-supereffective|p1a: Froslass|1\n|-damage|p1a: Froslass|24/100\n|-damage|p2a: Incineroar|82/100|[from] Recoil\n|\n|-weather|Snowscape|[upkeep]\n|upkeep\n|turn|2\n|inactive|Bigred46 has 30 seconds left.\n|\n|t:|1776089675\n|switch|p2a: Rotom|Rotom-Frost, L50, shiny|100/100\n|move|p1a: Froslass|Shadow Ball|p2b: Froslass\n|-supereffective|p2b: Froslass|1\n|-end|p2b: Froslass|Substitute\n|move|p2b: Froslass|Nasty Plot|p2b: Froslass\n|-boost|p2b: Froslass|spa|2\n|move|p1b: Oranguru|Instruct|p1a: Froslass\n|-singleturn|p1a: Froslass|move: Instruct|[of] p1b: Oranguru\n|move|p1a: Froslass|Shadow Ball|p2b: Froslass\n|-supereffective|p2b: Froslass|1\n|-damage|p2b: Froslass|0 fnt\n|faint|p2b: Froslass\n|\n|-weather|Snowscape|[upkeep]\n|upkeep\n|l| Darumaka maracas\n|j| Darumaka maracas\n|\n|t:|1776089693\n|switch|p2b: Incineroar|Incineroar, L50, M, shiny|82/100\n|-ability|p2b: Incineroar|Intimidate|boost\n|-unboost|p1a: Froslass|atk|1\n|-unboost|p1b: Oranguru|atk|1\n|turn|3\n|\n|t:|1776089710\n|move|p2b: Incineroar|Fake Out|p1b: Oranguru\n|-damage|p1b: Oranguru|94/100\n|move|p1a: Froslass|Blizzard|p2b: Incineroar|[spread] p2a,p2b\n|-resisted|p2a: Rotom|1\n|-resisted|p2b: Incineroar|1\n|-damage|p2a: Rotom|76/100\n|-damage|p2b: Incineroar|67/100\n|move|p2a: Rotom|Blizzard|p1a: Froslass|[spread] p1a,p1b\n|-resisted|p1a: Froslass|1\n|-damage|p1a: Froslass|6/100\n|-damage|p1b: Oranguru|72/100\n|cant|p1b: Oranguru|flinch\n|\n|-weather|Snowscape|[upkeep]\n|upkeep\n|turn|4\n|\n|t:|1776089733\n|move|p1a: Froslass|Shadow Ball|p2a: Rotom\n|-damage|p2a: Rotom|25/100\n|move|p2a: Rotom|Thunderbolt|p1a: Froslass\n|-damage|p1a: Froslass|0 fnt\n|faint|p1a: Froslass\n|move|p1b: Oranguru|Yawn|p2a: Rotom\n|-start|p2a: Rotom|move: Yawn|[of] p1b: Oranguru\n|move|p2b: Incineroar|Darkest Lariat|p1b: Oranguru\n|-supereffective|p1b: Oranguru|1\n|-damage|p1b: Oranguru|27/100\n|-enditem|p1b: Oranguru|Sitrus Berry|[eat]\n|-heal|p1b: Oranguru|52/100|[from] item: Sitrus Berry\n|\n|-weather|Snowscape|[upkeep]\n|upkeep\n|\n|t:|1776089741\n|switch|p1a: Sneasler|Sneasler, L50, F|100/100\n|turn|5\n|\n|t:|1776089763\n|switch|p2b: Orthworm|Orthworm, L50, M, shiny|75/100\n|move|p2a: Rotom|Protect|p2a: Rotom\n|-singleturn|p2a: Rotom|Protect\n|move|p1a: Sneasler|Dire Claw|p2b: Orthworm\n|-immune|p2b: Orthworm\n|move|p1b: Oranguru|Instruct|p1a: Sneasler\n|-singleturn|p1a: Sneasler|move: Instruct|[of] p1b: Oranguru\n|move|p1a: Sneasler|Dire Claw|p2b: Orthworm\n|-immune|p2b: Orthworm\n|\n|-weather|none\n|-end|p2a: Rotom|move: Yawn|[silent]\n|-status|p2a: Rotom|slp\n|-sideend|p1: Crene|move: Aurora Veil\n|upkeep\n|turn|6\n|inactive|Bigred46 has 30 seconds left.\n|\n|t:|1776089788\n|move|p1a: Sneasler|Close Combat|p2b: Orthworm\n|-supereffective|p2b: Orthworm|1\n|-damage|p2b: Orthworm|7/100\n|-unboost|p1a: Sneasler|def|1\n|-unboost|p1a: Sneasler|spd|1\n|cant|p2a: Rotom|slp\n|move|p2b: Orthworm|Iron Defense|p2b: Orthworm\n|-boost|p2b: Orthworm|def|2\n|move|p1b: Oranguru|Instruct|p1a: Sneasler\n|-singleturn|p1a: Sneasler|move: Instruct|[of] p1b: Oranguru\n|move|p1a: Sneasler|Close Combat|p2b: Orthworm\n|-supereffective|p2b: Orthworm|1\n|-damage|p2b: Orthworm|0 fnt\n|-unboost|p1a: Sneasler|def|1\n|-unboost|p1a: Sneasler|spd|1\n|faint|p2b: Orthworm\n|\n|upkeep\n|c|\u2606Crene|heya its me wolf, look if you need some 1 on 1 coaching let me know!\n|c|\u2606Crene|this is your one chance\n|\n|t:|1776089807\n|switch|p2b: Incineroar|Incineroar, L50, M, shiny|67/100\n|-ability|p2b: Incineroar|Intimidate|boost\n|-unboost|p1a: Sneasler|atk|1\n|-unboost|p1b: Oranguru|atk|1\n|turn|7\n|c|\u2606Crene|these are some\n|c|\u2606Crene|interesting... plays!\n|\n|t:|1776089820\n|switch|p1a: Primarina|Primarina, L50, F|100/100\n|move|p2b: Incineroar|Fake Out|p1a: Primarina\n|-damage|p1a: Primarina|86/100\n|-curestatus|p2a: Rotom|slp|[msg]\n|move|p2a: Rotom|Thunderbolt|p1a: Primarina\n|-supereffective|p1a: Primarina|1\n|-damage|p1a: Primarina|4/100\n|move|p1b: Oranguru|Psychic Noise|p2a: Rotom\n|-damage|p2a: Rotom|0 fnt\n|faint|p2a: Rotom\n|\n|upkeep\n|turn|8\n|c| Darumaka maracas|As a rough translation, you\u2019re fucking shit\n|inactive|Crene has 30 seconds left.\n|c|\u2606Crene|wow\n|c|\u2606Crene|okay I was about to help you\n|c|\u2606Crene|but your friend is being mean\n|inactive|Crene has 20 seconds left.\n|c|\u2606Crene|I was about to tell you\n|c|\u2606Crene|and give you mons\n|inactive|Crene has 15 seconds left.\n|\n|t:|1776089862\n|move|p1a: Primarina|Hyper Voice|p2b: Incineroar\n|-supereffective|p2b: Incineroar|1\n|-damage|p2b: Incineroar|0 fnt\n|faint|p2b: Incineroar\n|\n|win|Crene\n",
  "uploadtime": 1776089835,
  "views": 13,
  "formatid": "gen9championsvgc2026regma",
  "rating": null,
  "private": 0,
  "password": null
}