{
  "id": "gen9championsvgc2026regma-2586586438",
  "format": "[Gen 9 Champions] VGC 2026 Reg M-A",
  "players": [
    "JoeandtheBidens",
    "isabellissima"
  ],
  "log": "|j|\u2606JoeandtheBidens\n|j|\u2606isabellissima\n|t:|1776444993\n|gametype|doubles\n|player|p1|JoeandtheBidens|gentleman-gen4dp|1187\n|player|p2|isabellissima|170|1260\n|gen|9\n|tier|[Gen 9 Champions] VGC 2026 Reg M-A\n|rated|\n|rule|Species Clause: Limit one of each Pok\u00e9mon\n|rule|Item Clause: Limit 1 of each item\n|clearpoke\n|poke|p1|Charizard, L50, F|\n|poke|p1|Gardevoir, L50, F|\n|poke|p1|Aerodactyl, L50, F|\n|poke|p1|Excadrill, L50, M|\n|poke|p1|Kingambit, L50, M|\n|poke|p1|Sinistcha, L50|\n|poke|p2|Incineroar, L50, F|\n|poke|p2|Gengar, L50, F|\n|poke|p2|Sneasler, L50, F|\n|poke|p2|Maushold-Four, L50|\n|poke|p2|Kommo-o, L50, F|\n|poke|p2|Politoed, L50, F|\n|teampreview|4\n|inactive|Battle timer is ON: inactive players will automatically lose when time's up. (requested by isabellissima)\n|\n|t:|1776445037\n|teamsize|p1|4\n|teamsize|p2|4\n|start\n|switch|p1a: Kingambit|Kingambit, L50, M|100/100\n|switch|p1b: Aerodactyl|Aerodactyl, L50, F|100/100\n|switch|p2a: Incineroar|Incineroar, L50, F, shiny|100/100\n|switch|p2b: Gengar|Gengar, L50, F, shiny|100/100\n|-ability|p2a: Incineroar|Intimidate|boost\n|-unboost|p1a: Kingambit|atk|1\n|-ability|p1a: Kingambit|Defiant|boost\n|-boost|p1a: Kingambit|atk|2\n|-unboost|p1b: Aerodactyl|atk|1\n|turn|1\n|\n|t:|1776445059\n|detailschange|p2b: Gengar|Gengar-Mega, L50, F, shiny\n|-mega|p2b: Gengar|Gengar|Gengarite\n|move|p2a: Incineroar|Fake Out|p1a: Kingambit\n|-resisted|p1a: Kingambit|1\n|-damage|p1a: Kingambit|97/100\n|move|p1b: Aerodactyl|Tailwind|p1b: Aerodactyl\n|-sidestart|p1: JoeandtheBidens|move: Tailwind\n|move|p2b: Gengar|Perish Song|p2b: Gengar\n|-start|p1a: Kingambit|perish3|[silent]\n|-start|p1b: Aerodactyl|perish3|[silent]\n|-start|p2a: Incineroar|perish3|[silent]\n|-start|p2b: Gengar|perish3|[silent]\n|-fieldactivate|move: Perish Song\n|cant|p1a: Kingambit|flinch\n|\n|-start|p1b: Aerodactyl|perish3\n|-start|p2b: Gengar|perish3\n|-start|p1a: Kingambit|perish3\n|-start|p2a: Incineroar|perish3\n|upkeep\n|turn|2\n|\n|t:|1776445083\n|move|p2b: Gengar|Protect|p2b: Gengar\n|-singleturn|p2b: Gengar|Protect\n|move|p2a: Incineroar|Protect|p2a: Incineroar\n|-singleturn|p2a: Incineroar|Protect\n|move|p1a: Kingambit|Sucker Punch||[still]\n|-fail|p1a: Kingambit\n|move|p1b: Aerodactyl|Rock Slide|p2b: Gengar|[spread] \n|-activate|p2a: Incineroar|move: Protect\n|-activate|p2b: Gengar|move: Protect\n|\n|-start|p1b: Aerodactyl|perish2\n|-start|p2b: Gengar|perish2\n|-start|p1a: Kingambit|perish2\n|-start|p2a: Incineroar|perish2\n|upkeep\n|turn|3\n|\n|t:|1776445102\n|switch|p2b: Politoed|Politoed, L50, F, shiny|100/100\n|-weather|RainDance|[from] ability: Drizzle|[of] p2b: Politoed\n|move|p1b: Aerodactyl|Rock Slide|p2a: Incineroar|[spread] p2a\n|-miss|p1b: Aerodactyl|p2b: Politoed\n|-supereffective|p2a: Incineroar|1\n|-damage|p2a: Incineroar|77/100\n|move|p1a: Kingambit|Iron Head|p2b: Politoed\n|-resisted|p2b: Politoed|1\n|-damage|p2b: Politoed|72/100\n|cant|p2a: Incineroar|flinch\n|\n|-weather|RainDance|[upkeep]\n|-heal|p2b: Politoed|78/100|[from] item: Leftovers\n|-start|p1b: Aerodactyl|perish1\n|-start|p1a: Kingambit|perish1\n|-start|p2a: Incineroar|perish1\n|upkeep\n|turn|4\n|inactive|JoeandtheBidens has 30 seconds left.\n|inactive|isabellissima has 30 seconds left.\n|\n|t:|1776445129\n|switch|p2a: Gengar|Gengar-Mega, L50, F, shiny|100/100\n|move|p1b: Aerodactyl|Rock Slide|p2b: Politoed|[spread] p2a,p2b\n|-crit|p2b: Politoed\n|-damage|p2a: Gengar|80/100\n|-damage|p2b: Politoed|45/100\n|move|p1a: Kingambit|Low Kick|p2a: Gengar\n|-immune|p2a: Gengar\n|move|p2b: Politoed|Perish Song|p2b: Politoed\n|-start|p2a: Gengar|perish3|[silent]\n|-start|p2b: Politoed|perish3|[silent]\n|-fieldactivate|move: Perish Song\n|\n|-weather|RainDance|[upkeep]\n|-heal|p2b: Politoed|51/100|[from] item: Leftovers\n|-start|p1b: Aerodactyl|perish0\n|-start|p2a: Gengar|perish3\n|faint|p1b: Aerodactyl\n|-start|p1a: Kingambit|perish0\n|-start|p2b: Politoed|perish3\n|faint|p1a: Kingambit\n|-sideend|p1: JoeandtheBidens|move: Tailwind\n|upkeep\n|\n|t:|1776445149\n|switch|p1b: Excadrill|Excadrill, L50, M|100/100\n|switch|p1a: Gardevoir|Gardevoir, L50, F|100/100\n|-ability|p1b: Excadrill|Mold Breaker\n|-ability|p1a: Gardevoir|Drizzle|Trace|[from] ability: Trace|[of] p2b: Politoed\n|turn|5\n|inactive|JoeandtheBidens has 30 seconds left.\n|\n|t:|1776445181\n|detailschange|p1b: Excadrill|Excadrill-Mega, L50, M\n|-mega|p1b: Excadrill|Excadrill|Excadrite\n|move|p2a: Gengar|Protect|p2a: Gengar\n|-singleturn|p2a: Gengar|Protect\n|move|p1b: Excadrill|Earthquake|p2b: Politoed|[spread] p1a,p2b\n|-activate|p2a: Gengar|move: Protect\n|-damage|p1a: Gardevoir|7/100\n|-damage|p2b: Politoed|5/100\n|move|p1a: Gardevoir|Moonblast|p2b: Politoed\n|-crit|p2b: Politoed\n|-damage|p2b: Politoed|0 fnt\n|faint|p2b: Politoed\n|\n|-weather|RainDance|[upkeep]\n|-start|p2a: Gengar|perish2\n|upkeep\n|\n|t:|1776445193\n|switch|p2b: Incineroar|Incineroar, L50, F, shiny|77/100\n|-ability|p2b: Incineroar|Intimidate|boost\n|-unboost|p1a: Gardevoir|atk|1\n|-unboost|p1b: Excadrill|atk|1\n|turn|6\n|\n|t:|1776445209\n|move|p1a: Gardevoir|Protect|p1a: Gardevoir\n|-singleturn|p1a: Gardevoir|Protect\n|move|p2b: Incineroar|Fake Out|p1b: Excadrill\n|-resisted|p1b: Excadrill|1\n|-damage|p1b: Excadrill|95/100\n|move|p2a: Gengar|Shadow Ball|p1a: Gardevoir\n|-activate|p1a: Gardevoir|move: Protect\n|cant|p1b: Excadrill|flinch\n|\n|-weather|RainDance|[upkeep]\n|-start|p2a: Gengar|perish1\n|upkeep\n|turn|7\n|\n|t:|1776445229\n|switch|p2a: Sneasler|Sneasler, L50, F|100/100\n|move|p1b: Excadrill|Protect|p1b: Excadrill\n|-singleturn|p1b: Excadrill|Protect\n|move|p1a: Gardevoir|Moonblast|p2a: Sneasler\n|-damage|p2a: Sneasler|34/100\n|move|p2b: Incineroar|Throat Chop|p1a: Gardevoir\n|-damage|p1a: Gardevoir|0 fnt\n|faint|p1a: Gardevoir\n|\n|-weather|none\n|upkeep\n|turn|8\n|\n|t:|1776445246\n|move|p2a: Sneasler|Protect|p2a: Sneasler\n|-singleturn|p2a: Sneasler|Protect\n|move|p1b: Excadrill|Earthquake|p2b: Incineroar|[spread] p2b\n|-activate|p2a: Sneasler|move: Protect\n|-supereffective|p2b: Incineroar|1\n|-damage|p2b: Incineroar|31/100\n|-enditem|p2b: Incineroar|Sitrus Berry|[eat]\n|-heal|p2b: Incineroar|56/100|[from] item: Sitrus Berry\n|move|p2b: Incineroar|Parting Shot|p1b: Excadrill\n|-unboost|p1b: Excadrill|atk|1\n|-unboost|p1b: Excadrill|spa|1\n|l|\u2606JoeandtheBidens\n|inactive|JoeandtheBidens disconnected and has a minute to reconnect!\n|player|p1|\n|\n|t:|1776445256\n|switch|p2b: Gengar|Gengar-Mega, L50, F, shiny|80/100|[from] Parting Shot\n|\n|upkeep\n|turn|9\n|inactive|JoeandtheBidens has 30 seconds left.\n|inactive|JoeandtheBidens has 20 seconds left.\n|inactive|JoeandtheBidens has 15 seconds left.\n|inactive|JoeandtheBidens has 10 seconds left.\n|inactive|JoeandtheBidens has 5 seconds left.\n|-message|JoeandtheBidens lost due to inactivity.\n|\n|win|isabellissima\n|raw|JoeandtheBidens's rating: 1187 &rarr; <strong>1167</strong><br />(-20 for losing)\n|raw|isabellissima's rating: 1260 &rarr; <strong>1280</strong><br />(+20 for winning)\n",
  "uploadtime": 1776445314,
  "views": 34,
  "formatid": "gen9championsvgc2026regma",
  "rating": 1167,
  "private": 0,
  "password": null
}