{
  "id": "gen9championsvgc2026regma-2581325044",
  "format": "[Gen 9 Champions] VGC 2026 Reg M-A",
  "players": [
    "zan81",
    "Vouldoon"
  ],
  "log": "|j|\u2606zan81\n|j|\u2606Vouldoon\n|t:|1775986842\n|gametype|doubles\n|player|p1|zan81|2|1296\n|player|p2|Vouldoon|battlegirl-gen4|1375\n|gen|9\n|tier|[Gen 9 Champions] VGC 2026 Reg M-A\n|rated|\n|rule|Species Clause: Limit one of each Pok\u00e9mon\n|rule|Item Clause: Limit 1 of each item\n|clearpoke\n|poke|p1|Kingambit, L50, M|\n|poke|p1|Sneasler, L50, M|\n|poke|p1|Basculegion, L50, M|\n|poke|p1|Froslass, L50, F|\n|poke|p1|Delphox, L50, F|\n|poke|p1|Sinistcha, L50|\n|poke|p2|Glimmora, L50, F|\n|poke|p2|Whimsicott, L50, M|\n|poke|p2|Incineroar, L50, M|\n|poke|p2|Dragonite, L50, F|\n|poke|p2|Basculegion, L50, M|\n|poke|p2|Gallade, L50, M|\n|teampreview|4\n|inactive|Battle timer is ON: inactive players will automatically lose when time's up. (requested by zan81)\n|inactive|zan81 has 60 seconds left.\n|inactive|zan81 has 30 seconds left.\n|j| gE1xjZRtuhW2DdT0AK\n|inactive|zan81 has 20 seconds left.\n|inactive|zan81 has 15 seconds left.\n|\n|t:|1775986921\n|teamsize|p1|4\n|teamsize|p2|4\n|start\n|switch|p1a: Kingambit|Kingambit, L50, M|100/100\n|switch|p1b: Delphox|Delphox, L50, F|100/100\n|switch|p2a: Basculegion|Basculegion, L50, M|100/100\n|switch|p2b: Gallade|Gallade, L50, M|100/100\n|turn|1\n|\n|t:|1775986937\n|move|p1b: Delphox|Protect|p1b: Delphox\n|-singleturn|p1b: Delphox|Protect\n|move|p1a: Kingambit|Protect|p1a: Kingambit\n|-singleturn|p1a: Kingambit|Protect\n|move|p2a: Basculegion|Aqua Jet|p1b: Delphox\n|-activate|p1b: Delphox|move: Protect\n|move|p2b: Gallade|Sacred Sword|p1a: Kingambit\n|-activate|p1a: Kingambit|move: Protect\n|\n|upkeep\n|turn|2\n|inactive|zan81 has 30 seconds left.\n|inactive|zan81 has 20 seconds left.\n|inactive|zan81 has 15 seconds left.\n|inactive|zan81 has 10 seconds left.\n|inactive|zan81 has 5 seconds left.\n|\n|t:|1775986991\n|switch|p1a: Sneasler|Sneasler, L50, M|100/100\n|detailschange|p1b: Delphox|Delphox-Mega, L50, F\n|-mega|p1b: Delphox|Delphox|Delphoxite\n|move|p2a: Basculegion|Aqua Jet|p1b: Delphox\n|-supereffective|p1b: Delphox|1\n|-damage|p1b: Delphox|14/100\n|move|p1b: Delphox|Psychic|p2a: Basculegion\n|-damage|p2a: Basculegion|40/100\n|move|p2b: Gallade|Sacred Sword|p1a: Sneasler\n|-resisted|p1a: Sneasler|1\n|-damage|p1a: Sneasler|43/100\n|\n|upkeep\n|turn|3\n|inactive|zan81 has 30 seconds left.\n|\n|t:|1775987018\n|switch|p1b: Basculegion|Basculegion, L50, M|100/100\n|move|p2b: Gallade|Protect|p2b: Gallade\n|-singleturn|p2b: Gallade|Protect\n|move|p2a: Basculegion|Aqua Jet|p1a: Sneasler\n|-damage|p1a: Sneasler|0 fnt\n|faint|p1a: Sneasler\n|\n|upkeep\n|\n|t:|1775987033\n|switch|p1a: Delphox|Delphox-Mega, L50, F|14/100\n|turn|4\n|\n|t:|1775987045\n|switch|p2a: Whimsicott|Whimsicott, L50, M|100/100\n|move|p1a: Delphox|Protect|p1a: Delphox\n|-singleturn|p1a: Delphox|Protect\n|move|p1b: Basculegion|Last Respects|p2a: Whimsicott\n|-damage|p2a: Whimsicott|13/100\n|move|p2b: Gallade|Psycho Cut|p1b: Basculegion\n|-damage|p1b: Basculegion|28/100\n|\n|upkeep\n|turn|5\n|\n|t:|1775987059\n|move|p2a: Whimsicott|Tailwind|p2a: Whimsicott\n|-sidestart|p2: Vouldoon|move: Tailwind\n|move|p2b: Gallade|Sacred Sword|p1a: Delphox\n|-resisted|p1a: Delphox|1\n|-damage|p1a: Delphox|0 fnt\n|faint|p1a: Delphox\n|move|p1b: Basculegion|Last Respects|p2b: Gallade\n|-supereffective|p2b: Gallade|1\n|-crit|p2b: Gallade\n|-enditem|p2b: Gallade|Focus Sash\n|-damage|p2b: Gallade|1/100\n|\n|upkeep\n|\n|t:|1775987069\n|switch|p1a: Kingambit|Kingambit, L50, M|100/100\n|turn|6\n|\n|t:|1775987086\n|move|p1a: Kingambit|Sucker Punch|p2b: Gallade\n|-damage|p2b: Gallade|0 fnt\n|faint|p2b: Gallade\n|move|p2a: Whimsicott|Moonblast|p1b: Basculegion\n|-damage|p1b: Basculegion|0 fnt\n|faint|p1b: Basculegion\n|\n|upkeep\n|\n|t:|1775987094\n|switch|p2b: Glimmora|Glimmora, L50, F|100/100\n|turn|7\n|\n|t:|1775987098\n|detailschange|p2b: Glimmora|Glimmora-Mega, L50, F\n|-mega|p2b: Glimmora|Glimmora|Glimmoranite\n|move|p1a: Kingambit|Sucker Punch|p2b: Glimmora\n|-damage|p2b: Glimmora|45/100\n|move|p2a: Whimsicott|Moonblast|p1a: Kingambit\n|-damage|p1a: Kingambit|67/100\n|move|p2b: Glimmora|Earth Power|p1a: Kingambit\n|-supereffective|p1a: Kingambit|1\n|-damage|p1a: Kingambit|0 fnt\n|faint|p1a: Kingambit\n|\n|win|Vouldoon\n|raw|zan81's rating: 1296 &rarr; <strong>1277</strong><br />(-19 for losing)\n|raw|Vouldoon's rating: 1375 &rarr; <strong>1391</strong><br />(+16 for winning)\n|l|\u2606zan81\n|player|p1|\n|c|\u2606Vouldoon|Gg\n",
  "uploadtime": 1775987119,
  "views": 23,
  "formatid": "gen9championsvgc2026regma",
  "rating": 1277,
  "private": 0,
  "password": null
}