{
  "id": "gen9championsvgc2026regma-2582641963",
  "format": "[Gen 9 Champions] VGC 2026 Reg M-A",
  "players": [
    "Marizo",
    "BigRoflet"
  ],
  "log": "|j|\u2606Marizo\n|j|\u203dBigRoflet\n|t:|1776104440\n|gametype|doubles\n|player|p1|Marizo|n|1047\n|player|p2|BigRoflet|harlequin|1073\n|gen|9\n|tier|[Gen 9 Champions] VGC 2026 Reg M-A\n|rated|\n|rule|Species Clause: Limit one of each Pok\u00e9mon\n|rule|Item Clause: Limit 1 of each item\n|clearpoke\n|poke|p1|Venusaur, L50, M|\n|poke|p1|Torkoal, L50, M|\n|poke|p1|Meganium, L50, M|\n|poke|p1|Armarouge, L50, M|\n|poke|p1|Klefki, L50, M|\n|poke|p1|Mudsdale, L50, F|\n|poke|p2|Sneasler, L50, M|\n|poke|p2|Feraligatr, L50, M|\n|poke|p2|Incineroar, L50, F|\n|poke|p2|Sinistcha, L50|\n|poke|p2|Orthworm, L50, F|\n|poke|p2|Aerodactyl, L50, M|\n|teampreview|4\n|inactive|Battle timer is ON: inactive players will automatically lose when time's up. (requested by Marizo)\n|\n|t:|1776104491\n|teamsize|p1|4\n|teamsize|p2|4\n|start\n|switch|p1a: Klefki|Klefki, L50, M|100/100\n|switch|p1b: Torkoal|Torkoal, L50, M|100/100\n|switch|p2a: Aerodactyl|Aerodactyl, L50, M|100/100\n|switch|p2b: Sneasler|Sneasler, L50, M|100/100\n|-ability|p2a: Aerodactyl|Pressure\n|-weather|SunnyDay|[from] ability: Drought|[of] p1b: Torkoal\n|turn|1\n|\n|t:|1776104512\n|move|p2a: Aerodactyl|Wide Guard|p2a: Aerodactyl\n|-singleturn|p2a: Aerodactyl|Wide Guard\n|move|p1a: Klefki|Thunder Wave|p2b: Sneasler\n|-status|p2b: Sneasler|par\n|move|p2b: Sneasler|Close Combat|p1b: Torkoal\n|-damage|p1b: Torkoal|58/100\n|-unboost|p2b: Sneasler|def|1\n|-unboost|p2b: Sneasler|spd|1\n|move|p1b: Torkoal|Will-O-Wisp|p2a: Aerodactyl\n|-status|p2a: Aerodactyl|brn\n|\n|-weather|SunnyDay|[upkeep]\n|-damage|p2a: Aerodactyl|95/100 brn|[from] brn\n|upkeep\n|turn|2\n|inactive|Marizo has 30 seconds left.\n|inactive|BigRoflet has 30 seconds left.\n|\n|t:|1776104540\n|move|p1a: Klefki|Metal Sound|p2a: Aerodactyl\n|-unboost|p2a: Aerodactyl|spd|2\n|move|p2a: Aerodactyl|Tailwind|p2a: Aerodactyl\n|-sidestart|p2: BigRoflet|move: Tailwind\n|move|p2b: Sneasler|Dire Claw|p1b: Torkoal\n|-damage|p1b: Torkoal|29/100\n|move|p1b: Torkoal|Eruption|p2a: Aerodactyl|[spread] p2a,p2b\n|-resisted|p2a: Aerodactyl|1\n|-damage|p2a: Aerodactyl|58/100 brn\n|-damage|p2b: Sneasler|51/100 par\n|\n|-weather|SunnyDay|[upkeep]\n|-damage|p2a: Aerodactyl|52/100 brn|[from] brn\n|upkeep\n|turn|3\n|\n|t:|1776104563\n|switch|p1b: Venusaur|Venusaur, L50, M|100/100\n|move|p2a: Aerodactyl|Wide Guard|p2a: Aerodactyl\n|-singleturn|p2a: Aerodactyl|Wide Guard\n|move|p2b: Sneasler|Dire Claw|p1b: Venusaur\n|-damage|p1b: Venusaur|47/100\n|move|p1a: Klefki|Foul Play|p2b: Sneasler\n|-resisted|p2b: Sneasler|1\n|-damage|p2b: Sneasler|11/100 par\n|\n|-weather|SunnyDay|[upkeep]\n|-damage|p2a: Aerodactyl|46/100 brn|[from] brn\n|upkeep\n|turn|4\n|inactive|BigRoflet has 30 seconds left.\n|\n|t:|1776104594\n|switch|p2b: Incineroar|Incineroar, L50, F|100/100\n|-ability|p2b: Incineroar|Intimidate|boost\n|-unboost|p1a: Klefki|atk|1\n|-unboost|p1b: Venusaur|atk|1\n|detailschange|p1b: Venusaur|Venusaur-Mega, L50, M\n|-mega|p1b: Venusaur|Venusaur|Venusaurite\n|move|p2a: Aerodactyl|Dual Wingbeat|p1b: Venusaur|[miss]\n|-miss|p2a: Aerodactyl|p1b: Venusaur\n|move|p1b: Venusaur|Giga Drain|p2a: Aerodactyl\n|-damage|p2a: Aerodactyl|0 fnt\n|-heal|p1b: Venusaur|70/100|[from] drain|[of] p2a: Aerodactyl\n|faint|p2a: Aerodactyl\n|move|p1a: Klefki|Foul Play|p2b: Incineroar\n|-resisted|p2b: Incineroar|1\n|-damage|p2b: Incineroar|89/100\n|\n|-weather|SunnyDay|[upkeep]\n|upkeep\n|\n|t:|1776104615\n|switch|p2a: Sneasler|Sneasler, L50, M|11/100 par\n|turn|5\n|\n|t:|1776104635\n|switch|p1a: Torkoal|Torkoal, L50, M|29/100\n|move|p2a: Sneasler|Fake Out|p1b: Venusaur\n|-damage|p1b: Venusaur|55/100\n|move|p2b: Incineroar|Flare Blitz|p1a: Torkoal\n|-resisted|p1a: Torkoal|1\n|-damage|p1a: Torkoal|0 fnt\n|faint|p1a: Torkoal\n|-damage|p2b: Incineroar|80/100|[from] Recoil\n|cant|p1b: Venusaur|flinch\n|\n|-weather|none\n|-sideend|p2: BigRoflet|move: Tailwind\n|upkeep\n|\n|t:|1776104641\n|switch|p1a: Klefki|Klefki, L50, M|100/100\n|turn|6\n|inactive|BigRoflet has 30 seconds left.\n|\n|t:|1776104674\n|move|p1a: Klefki|Sunny Day|p1a: Klefki\n|-weather|SunnyDay\n|move|p1b: Venusaur|Sleep Powder|p2b: Incineroar\n|-status|p2b: Incineroar|slp|[from] move: Sleep Powder\n|move|p2a: Sneasler|Dire Claw|p1b: Venusaur\n|-damage|p1b: Venusaur|16/100\n|cant|p2b: Incineroar|slp\n|\n|-weather|SunnyDay|[upkeep]\n|upkeep\n|turn|7\n|\n|t:|1776104694\n|-curestatus|p2b: Incineroar|slp|[msg]\n|move|p2b: Incineroar|Protect|p2b: Incineroar\n|-singleturn|p2b: Incineroar|Protect\n|move|p1b: Venusaur|Sludge Bomb|p2b: Incineroar\n|-activate|p2b: Incineroar|move: Protect\n|move|p1a: Klefki|Foul Play|p2a: Sneasler\n|-resisted|p2a: Sneasler|1\n|-damage|p2a: Sneasler|0 fnt\n|faint|p2a: Sneasler\n|\n|-weather|SunnyDay|[upkeep]\n|upkeep\n|\n|t:|1776104707\n|switch|p2a: Feraligatr|Feraligatr, L50, M|100/100\n|turn|8\n|\n|t:|1776104722\n|detailschange|p2a: Feraligatr|Feraligatr-Mega, L50, M\n|-mega|p2a: Feraligatr|Feraligatr|Feraligite\n|move|p1a: Klefki|Thunder Wave|p2a: Feraligatr\n|-status|p2a: Feraligatr|par\n|move|p1b: Venusaur|Giga Drain|p2a: Feraligatr\n|-damage|p2a: Feraligatr|69/100 par\n|-heal|p1b: Venusaur|33/100|[from] drain|[of] p2a: Feraligatr\n|move|p2b: Incineroar|Flare Blitz|p1a: Klefki\n|-supereffective|p1a: Klefki|1\n|-damage|p1a: Klefki|0 fnt\n|faint|p1a: Klefki\n|-damage|p2b: Incineroar|53/100|[from] Recoil\n|move|p2a: Feraligatr|Facade|p1b: Venusaur\n|-damage|p1b: Venusaur|0 fnt\n|faint|p1b: Venusaur\n|\n|-weather|SunnyDay|[upkeep]\n|upkeep\n|\n|t:|1776104733\n|switch|p1b: Armarouge|Armarouge, L50, M|100/100\n|turn|9\n|\n|t:|1776104755\n|move|p1b: Armarouge|Fire Blast|p2b: Incineroar\n|-resisted|p2b: Incineroar|1\n|-damage|p2b: Incineroar|8/100\n|move|p2b: Incineroar|Parting Shot|p1b: Armarouge\n|-unboost|p1b: Armarouge|atk|1\n|-unboost|p1b: Armarouge|spa|1\n|move|p2a: Feraligatr|Facade|p1b: Armarouge\n|-enditem|p1b: Armarouge|Focus Sash\n|-damage|p1b: Armarouge|1/100\n|-ability|p1b: Armarouge|Weak Armor|boost\n|-unboost|p1b: Armarouge|def|1\n|-boost|p1b: Armarouge|spe|2\n|\n|-weather|SunnyDay|[upkeep]\n|upkeep\n|turn|10\n|-message|Marizo forfeited.\n|\n|win|BigRoflet\n|raw|Marizo's rating: 1047 &rarr; <strong>1031</strong><br />(-16 for losing)\n|raw|BigRoflet's rating: 1073 &rarr; <strong>1100</strong><br />(+27 for winning)\n|l|\u2606Marizo\n|player|p1|\n",
  "uploadtime": 1776104775,
  "views": 19,
  "formatid": "gen9championsvgc2026regma",
  "rating": 1031,
  "private": 0,
  "password": null
}