{
  "id": "gen9championsvgc2026regma-2584654017",
  "format": "[Gen 9 Champions] VGC 2026 Reg M-A",
  "players": [
    "Tobyruss",
    "thebeast4895"
  ],
  "log": "|j|\u2606Tobyruss\n|j|\u2606thebeast4895\n|t:|1776274689\n|gametype|doubles\n|player|p1|Tobyruss|169|1210\n|player|p2|thebeast4895|170|1304\n|gen|9\n|tier|[Gen 9 Champions] VGC 2026 Reg M-A\n|rated|\n|rule|Species Clause: Limit one of each Pok\u00e9mon\n|rule|Item Clause: Limit 1 of each item\n|clearpoke\n|poke|p1|Espathra, L50, M|\n|poke|p1|Sableye, L50, M|\n|poke|p1|Charizard, L50, F|\n|poke|p1|Milotic, L50, M|\n|poke|p1|Garchomp, L50, F|\n|poke|p1|Gardevoir, L50, F|\n|poke|p2|Ninetales-Alola, L50, F|\n|poke|p2|Sinistcha, L50|\n|poke|p2|Gengar, L50, M|\n|poke|p2|Goodra-Hisui, L50, F|\n|poke|p2|Floette-Eternal, L50, F|\n|poke|p2|Incineroar, L50, M|\n|teampreview|4\n|inactive|Battle timer is ON: inactive players will automatically lose when time's up. (requested by Tobyruss)\n|inactive|thebeast4895 has 60 seconds left.\n|\n|t:|1776274751\n|teamsize|p1|4\n|teamsize|p2|4\n|start\n|switch|p1a: Sableye|Sableye, L50, M|100/100\n|switch|p1b: Milotic|Milotic, L50, M|100/100\n|switch|p2a: Incineroar|Incineroar, L50, M|100/100\n|switch|p2b: Gengar|Gengar, L50, M, shiny|100/100\n|-ability|p2a: Incineroar|Intimidate|boost\n|-unboost|p1a: Sableye|atk|1\n|-unboost|p1b: Milotic|atk|1\n|-ability|p1b: Milotic|Competitive|boost\n|-boost|p1b: Milotic|spa|2\n|turn|1\n|\n|t:|1776274766\n|move|p1b: Milotic|Protect|p1b: Milotic\n|-singleturn|p1b: Milotic|Protect\n|move|p2a: Incineroar|Fake Out|p1b: Milotic\n|-activate|p1b: Milotic|move: Protect\n|move|p1a: Sableye|Fake Out|p2b: Gengar\n|-immune|p2b: Gengar\n|move|p2b: Gengar|Perish Song|p2b: Gengar\n|-start|p1a: Sableye|perish3|[silent]\n|-start|p1b: Milotic|perish3|[silent]\n|-start|p2a: Incineroar|perish3|[silent]\n|-start|p2b: Gengar|perish3|[silent]\n|-fieldactivate|move: Perish Song\n|\n|-start|p2b: Gengar|perish3\n|-start|p1b: Milotic|perish3\n|-start|p2a: Incineroar|perish3\n|-start|p1a: Sableye|perish3\n|upkeep\n|turn|2\n|\n|t:|1776274791\n|detailschange|p2b: Gengar|Gengar-Mega, L50, M, shiny\n|-mega|p2b: Gengar|Gengar|Gengarite\n|move|p2b: Gengar|Protect|p2b: Gengar\n|-singleturn|p2b: Gengar|Protect\n|move|p1a: Sableye|Gravity|p1a: Sableye\n|-fieldstart|move: Gravity\n|move|p1b: Milotic|Scald|p2b: Gengar\n|-activate|p2b: Gengar|move: Protect\n|move|p2a: Incineroar|Parting Shot|p1b: Milotic\n|-unboost|p1b: Milotic|atk|1\n|-ability|p1b: Milotic|Competitive|boost\n|-boost|p1b: Milotic|spa|2\n|-unboost|p1b: Milotic|spa|1\n|-ability|p1b: Milotic|Competitive|boost\n|-boost|p1b: Milotic|spa|2\n|\n|t:|1776274812\n|switch|p2a: Ninetales|Ninetales-Alola, L50, F|100/100|[from] Parting Shot\n|\n|-start|p2b: Gengar|perish2\n|-start|p1b: Milotic|perish2\n|-start|p1a: Sableye|perish2\n|upkeep\n|turn|3\n|\n|t:|1776274824\n|move|p2b: Gengar|Substitute|p2b: Gengar\n|-start|p2b: Gengar|Substitute\n|-damage|p2b: Gengar|76/100\n|move|p2a: Ninetales|Encore|p1a: Sableye\n|-start|p1a: Sableye|Encore\n|move|p1a: Sableye|Gravity||[still]\n|-fail|p1a: Sableye\n|move|p1b: Milotic|Scald|p2a: Ninetales\n|-enditem|p2a: Ninetales|Focus Sash\n|-damage|p2a: Ninetales|1/100\n|\n|-start|p2b: Gengar|perish1\n|-start|p1b: Milotic|perish1\n|-start|p1a: Sableye|perish1\n|upkeep\n|turn|4\n|\n|t:|1776274847\n|switch|p2b: Sinistcha|Sinistcha, L50|100/100\n|-heal|p2a: Ninetales|26/100|[from] ability: Hospitality|[of] p2b: Sinistcha\n|move|p2a: Ninetales|Protect|p2a: Ninetales\n|-singleturn|p2a: Ninetales|Protect\n|move|p1a: Sableye|Gravity||[still]\n|-fail|p1a: Sableye\n|move|p1b: Milotic|Scald|p2b: Sinistcha\n|-resisted|p2b: Sinistcha|1\n|-damage|p2b: Sinistcha|43/100\n|\n|-start|p1b: Milotic|perish0\n|-start|p1a: Sableye|perish0\n|faint|p1b: Milotic\n|faint|p1a: Sableye\n|upkeep\n|\n|t:|1776274864\n|switch|p1b: Garchomp|Garchomp, L50, F|100/100\n|switch|p1a: Espathra|Espathra, L50, M|100/100\n|turn|5\n|inactive|thebeast4895 has 30 seconds left.\n|\n|t:|1776274894\n|switch|p2b: Incineroar|Incineroar, L50, M|100/100\n|-ability|p2b: Incineroar|Intimidate|boost\n|-unboost|p1a: Espathra|atk|1\n|-unboost|p1b: Garchomp|atk|1\n|-enditem|p1b: Garchomp|White Herb\n|-clearnegativeboost|p1b: Garchomp|[silent]\n|move|p2a: Ninetales|Blizzard|p1b: Garchomp|[spread] p1a,p1b\n|-supereffective|p1b: Garchomp|2\n|-damage|p1a: Espathra|53/100\n|-damage|p1b: Garchomp|0 fnt\n|faint|p1b: Garchomp\n|move|p1a: Espathra|Lumina Crash|p2b: Incineroar\n|-immune|p2b: Incineroar\n|\n|-ability|p1a: Espathra|Speed Boost|boost\n|-boost|p1a: Espathra|spe|1\n|upkeep\n|turn|6\n|-message|Tobyruss forfeited.\n|\n|win|thebeast4895\n|raw|Tobyruss's rating: 1210 &rarr; <strong>1192</strong><br />(-18 for losing)\n|raw|thebeast4895's rating: 1304 &rarr; <strong>1319</strong><br />(+15 for winning)\n|l|\u2606Tobyruss\n|player|p1|\n",
  "uploadtime": 1776274916,
  "views": 22,
  "formatid": "gen9championsvgc2026regma",
  "rating": 1192,
  "private": 0,
  "password": null
}