{
  "id": "gen9championsvgc2026regma-2582607354",
  "format": "[Gen 9 Champions] VGC 2026 Reg M-A",
  "players": [
    "trco",
    "AkujiAzure"
  ],
  "log": "|j|\u2606trco\n|j|\u2606AkujiAzure\n|t:|1776102300\n|gametype|doubles\n|player|p1|trco|2|1109\n|player|p2|AkujiAzure|burglar|1035\n|gen|9\n|tier|[Gen 9 Champions] VGC 2026 Reg M-A\n|rated|\n|rule|Species Clause: Limit one of each Pok\u00e9mon\n|rule|Item Clause: Limit 1 of each item\n|clearpoke\n|poke|p1|Espathra, L50, M|\n|poke|p1|Incineroar, L50, F|\n|poke|p1|Sinistcha-Masterpiece, L50|\n|poke|p1|Floette-Eternal, L50, F|\n|poke|p1|Sneasler, L50, F|\n|poke|p1|Kommo-o, L50, M|\n|poke|p2|Alakazam, L50, M|\n|poke|p2|Cofagrigus, L50, M|\n|poke|p2|Drampa, L50, F|\n|poke|p2|Crabominable, L50, F|\n|poke|p2|Sinistcha, L50|\n|poke|p2|Basculegion, L50, M|\n|teampreview|4\n|\n|t:|1776102316\n|teamsize|p1|4\n|teamsize|p2|4\n|start\n|switch|p1a: Espathra|Espathra, L50, M|100/100\n|switch|p1b: Incineroar|Incineroar, L50, F|100/100\n|switch|p2a: Alakazam|Alakazam, L50, M, shiny|100/100\n|switch|p2b: Crabominable|Crabominable, L50, F|100/100\n|-ability|p1b: Incineroar|Intimidate|boost\n|-fail|p2a: Alakazam|unboost|Attack|[from] ability: Inner Focus|[of] p2a: Alakazam\n|-unboost|p2b: Crabominable|atk|1\n|turn|1\n|\n|t:|1776102332\n|detailschange|p2b: Crabominable|Crabominable-Mega, L50, F\n|-mega|p2b: Crabominable|Crabominable|Crabominite\n|move|p1b: Incineroar|Fake Out|p2b: Crabominable\n|-damage|p2b: Crabominable|92/100\n|move|p2a: Alakazam|Speed Swap|p2b: Crabominable\n|-activate|p2a: Alakazam|move: Speed Swap|[of] p2b: Crabominable\n|cant|p2b: Crabominable|flinch\n|move|p1a: Espathra|Calm Mind|p1a: Espathra\n|-boost|p1a: Espathra|spa|1\n|-boost|p1a: Espathra|spd|1\n|\n|-ability|p1a: Espathra|Speed Boost|boost\n|-boost|p1a: Espathra|spe|1\n|upkeep\n|turn|2\n|\n|t:|1776102351\n|move|p1a: Espathra|Protect|p1a: Espathra\n|-singleturn|p1a: Espathra|Protect\n|move|p2b: Crabominable|Knock Off|p1a: Espathra\n|-activate|p1a: Espathra|move: Protect\n|move|p1b: Incineroar|Parting Shot|p2b: Crabominable\n|-unboost|p2b: Crabominable|atk|1\n|-unboost|p2b: Crabominable|spa|1\n|\n|t:|1776102359\n|switch|p1b: Sinistcha|Sinistcha-Masterpiece, L50|100/100|[from] Parting Shot\n|move|p2a: Alakazam|Reflect|p2a: Alakazam\n|-sidestart|p2: AkujiAzure|Reflect\n|\n|-ability|p1a: Espathra|Speed Boost|boost\n|-boost|p1a: Espathra|spe|1\n|upkeep\n|turn|3\n|\n|t:|1776102371\n|move|p1b: Sinistcha|Rage Powder|p1b: Sinistcha\n|-singleturn|p1b: Sinistcha|move: Rage Powder\n|move|p1a: Espathra|Baton Pass|p1a: Espathra\n|\n|t:|1776102378\n|switch|p1a: Floette|Floette-Eternal, L50, F|100/100|[from] Baton Pass\n|move|p2b: Crabominable|Ice Punch|p1b: Sinistcha\n|-supereffective|p1b: Sinistcha|1\n|-damage|p1b: Sinistcha|43/100\n|-enditem|p1b: Sinistcha|Sitrus Berry|[eat]\n|-heal|p1b: Sinistcha|68/100|[from] item: Sitrus Berry\n|move|p2a: Alakazam|Psychic|p1b: Sinistcha\n|-damage|p1b: Sinistcha|34/100\n|\n|upkeep\n|turn|4\n|\n|t:|1776102402\n|switch|p1b: Incineroar|Incineroar, L50, F|100/100\n|-ability|p1b: Incineroar|Intimidate|boost\n|-fail|p2a: Alakazam|unboost|Attack|[from] ability: Inner Focus|[of] p2a: Alakazam\n|-unboost|p2b: Crabominable|atk|1\n|switch|p2a: Sinistcha|Sinistcha, L50|100/100\n|-heal|p2b: Crabominable|100/100|[from] ability: Hospitality|[of] p2a: Sinistcha\n|detailschange|p1a: Floette|Floette-Mega, L50, F\n|-mega|p1a: Floette|Floette|Floettite\n|-ability|p1a: Floette|Fairy Aura\n|move|p1a: Floette|Dazzling Gleam|p2a: Sinistcha|[spread] p2a,p2b\n|-supereffective|p2b: Crabominable|1\n|-damage|p2a: Sinistcha|34/100\n|-damage|p2b: Crabominable|0 fnt\n|-enditem|p2a: Sinistcha|Sitrus Berry|[eat]\n|-heal|p2a: Sinistcha|59/100|[from] item: Sitrus Berry\n|faint|p2b: Crabominable\n|\n|upkeep\n|\n|t:|1776102419\n|switch|p2b: Alakazam|Alakazam, L50, M, shiny|100/100\n|turn|5\n|\n|t:|1776102432\n|move|p1a: Floette|Dazzling Gleam|p2b: Alakazam|[spread] p2a,p2b\n|-damage|p2a: Sinistcha|0 fnt\n|-damage|p2b: Alakazam|27/100\n|faint|p2a: Sinistcha\n|move|p2b: Alakazam|Psychic|p1a: Floette\n|-damage|p1a: Floette|81/100\n|move|p1b: Incineroar|Throat Chop|p2b: Alakazam\n|-supereffective|p2b: Alakazam|1\n|-damage|p2b: Alakazam|0 fnt\n|faint|p2b: Alakazam\n|\n|upkeep\n|inactive|Battle timer is ON: inactive players will automatically lose when time's up. (requested by trco)\n|\n|t:|1776102471\n|switch|p2a: Basculegion|Basculegion, L50, M|100/100\n|turn|6\n|\n|t:|1776102485\n|move|p1a: Floette|Dazzling Gleam|p2a: Basculegion\n|-damage|p2a: Basculegion|11/100\n|move|p2a: Basculegion|Last Respects|p1a: Floette\n|-damage|p1a: Floette|0 fnt\n|faint|p1a: Floette\n|move|p1b: Incineroar|Throat Chop|p2a: Basculegion\n|-supereffective|p2a: Basculegion|1\n|-damage|p2a: Basculegion|0 fnt\n|faint|p2a: Basculegion\n|\n|win|trco\n|raw|trco's rating: 1109 &rarr; <strong>1129</strong><br />(+20 for winning)\n|raw|AkujiAzure's rating: 1035 &rarr; <strong>1023</strong><br />(-12 for losing)\n",
  "uploadtime": 1776102498,
  "views": 15,
  "formatid": "gen9championsvgc2026regma",
  "rating": 1023,
  "private": 0,
  "password": null
}