{
  "id": "gen9championsvgc2026regma-2589392884",
  "format": "[Gen 9 Champions] VGC 2026 Reg M-A",
  "players": [
    "The Blev Act 4",
    "gorillastew"
  ],
  "log": "|j|\u2606The Blev Act 4\n|j|\u2606gorillastew\n|t:|1776719318\n|gametype|doubles\n|player|p1|The Blev Act 4|colress|1095\n|player|p2|gorillastew|clerkf|1127\n|gen|9\n|tier|[Gen 9 Champions] VGC 2026 Reg M-A\n|rated|\n|rule|Species Clause: Limit one of each Pok\u00e9mon\n|rule|Item Clause: Limit 1 of each item\n|clearpoke\n|poke|p1|Politoed, L50, F, shiny|\n|poke|p1|Sinistcha-Masterpiece, L50|\n|poke|p1|Archaludon, L50, F, shiny|\n|poke|p1|Basculegion, L50, M|\n|poke|p1|Sneasler, L50, F|\n|poke|p1|Meganium, L50, F|\n|poke|p2|Glimmora, L50, F|\n|poke|p2|Talonflame, L50, F|\n|poke|p2|Sinistcha, L50|\n|poke|p2|Tauros-Paldea-Aqua, L50, M|\n|poke|p2|Orthworm, L50, F|\n|poke|p2|Mimikyu, L50, F|\n|teampreview|4\n|\n|t:|1776719346\n|teamsize|p1|4\n|teamsize|p2|4\n|start\n|switch|p1a: Politoed|Politoed, L50, F, shiny|100/100\n|switch|p1b: Archaludon|Archaludon, L50, F, shiny|100/100\n|switch|p2a: Glimmora|Glimmora, L50, F|100/100\n|switch|p2b: Sinistcha|Sinistcha, L50|100/100\n|-weather|RainDance|[from] ability: Drizzle|[of] p1a: Politoed\n|turn|1\n|\n|t:|1776719368\n|detailschange|p2a: Glimmora|Glimmora-Mega, L50, F\n|-mega|p2a: Glimmora|Glimmora|Glimmoranite\n|move|p2b: Sinistcha|Rage Powder|p2b: Sinistcha\n|-singleturn|p2b: Sinistcha|move: Rage Powder\n|move|p2a: Glimmora|Earth Power|p1b: Archaludon\n|-supereffective|p1b: Archaludon|1\n|-damage|p1b: Archaludon|1/100\n|-ability|p1b: Archaludon|Stamina|boost\n|-boost|p1b: Archaludon|def|1\n|-enditem|p1b: Archaludon|Sitrus Berry|[eat]\n|-heal|p1b: Archaludon|26/100|[from] item: Sitrus Berry\n|move|p1b: Archaludon|Flash Cannon|p2b: Sinistcha\n|-damage|p2b: Sinistcha|55/100\n|move|p1a: Politoed|Muddy Water|p2a: Glimmora|[spread] p2a,p2b\n|-supereffective|p2a: Glimmora|1\n|-resisted|p2b: Sinistcha|1\n|-damage|p2a: Glimmora|24/100\n|-damage|p2b: Sinistcha|39/100\n|-enditem|p2b: Sinistcha|Sitrus Berry|[eat]\n|-heal|p2b: Sinistcha|64/100|[from] item: Sitrus Berry\n|\n|-weather|RainDance|[upkeep]\n|upkeep\n|turn|2\n|\n|t:|1776719392\n|switch|p1b: Sinistcha|Sinistcha-Masterpiece, L50|100/100\n|move|p2a: Glimmora|Spiky Shield|p2a: Glimmora\n|-singleturn|p2a: Glimmora|move: Protect\n|move|p1a: Politoed|Muddy Water|p2a: Glimmora|[spread] p2b\n|-activate|p2a: Glimmora|move: Protect\n|-resisted|p2b: Sinistcha|1\n|-damage|p2b: Sinistcha|47/100\n|-unboost|p2b: Sinistcha|accuracy|1\n|move|p2b: Sinistcha|Matcha Gotcha|p1a: Politoed|[spread] p1a\n|-miss|p2b: Sinistcha|p1b: Sinistcha\n|-supereffective|p1a: Politoed|1\n|-damage|p1a: Politoed|67/100\n|-heal|p2b: Sinistcha|65/100|[from] drain|[of] p1a: Politoed\n|\n|-weather|RainDance|[upkeep]\n|upkeep\n|turn|3\n|\n|t:|1776719412\n|switch|p2a: Tauros|Tauros-Paldea-Aqua, L50, M|100/100\n|-ability|p2a: Tauros|Intimidate|boost\n|-unboost|p1a: Politoed|atk|1\n|-unboost|p1b: Sinistcha|atk|1\n|move|p1b: Sinistcha|Shadow Ball|p2b: Sinistcha\n|-supereffective|p2b: Sinistcha|1\n|-damage|p2b: Sinistcha|0 fnt\n|faint|p2b: Sinistcha\n|move|p1a: Politoed|Muddy Water|p2a: Tauros\n|-resisted|p2a: Tauros|1\n|-damage|p2a: Tauros|64/100\n|\n|-weather|RainDance|[upkeep]\n|upkeep\n|\n|t:|1776719437\n|switch|p2b: Talonflame|Talonflame, L50, F|100/100\n|turn|4\n|\n|t:|1776719465\n|switch|p1b: Archaludon|Archaludon, L50, F, shiny|26/100\n|move|p2b: Talonflame|Brave Bird|p1a: Politoed\n|-damage|p1a: Politoed|27/100\n|-damage|p2b: Talonflame|86/100|[from] Recoil\n|move|p2a: Tauros|Close Combat|p1a: Politoed\n|-damage|p1a: Politoed|0 fnt\n|-unboost|p2a: Tauros|def|1\n|-unboost|p2a: Tauros|spd|1\n|faint|p1a: Politoed\n|-enditem|p2a: Tauros|White Herb\n|-clearnegativeboost|p2a: Tauros|[silent]\n|\n|-weather|RainDance|[upkeep]\n|upkeep\n|\n|t:|1776719474\n|switch|p1a: Sinistcha|Sinistcha-Masterpiece, L50|100/100\n|-heal|p1b: Archaludon|50/100|[from] ability: Hospitality|[of] p1a: Sinistcha\n|turn|5\n|\n|t:|1776719486\n|move|p2a: Tauros|Protect|p2a: Tauros\n|-singleturn|p2a: Tauros|Protect\n|move|p1a: Sinistcha|Rage Powder|p1a: Sinistcha\n|-singleturn|p1a: Sinistcha|move: Rage Powder\n|move|p2b: Talonflame|Tailwind|p2b: Talonflame\n|-sidestart|p2: gorillastew|move: Tailwind\n|move|p1b: Archaludon|Electro Shot||[still]\n|-prepare|p1b: Archaludon|Electro Shot\n|-boost|p1b: Archaludon|spa|1\n|-anim|p1b: Archaludon|Electro Shot|p2b: Talonflame\n|-supereffective|p2b: Talonflame|1\n|-damage|p2b: Talonflame|0 fnt\n|faint|p2b: Talonflame\n|\n|-weather|none\n|upkeep\n|\n|t:|1776719498\n|switch|p2b: Glimmora|Glimmora-Mega, L50, F|24/100\n|turn|6\n|\n|t:|1776719531\n|move|p2b: Glimmora|Spiky Shield|p2b: Glimmora\n|-singleturn|p2b: Glimmora|move: Protect\n|move|p2a: Tauros|Wave Crash|p1b: Archaludon\n|-resisted|p1b: Archaludon|1\n|-damage|p1b: Archaludon|24/100\n|-ability|p1b: Archaludon|Stamina|boost\n|-boost|p1b: Archaludon|def|1\n|-damage|p2a: Tauros|55/100|[from] Recoil\n|move|p1b: Archaludon|Flash Cannon|p2b: Glimmora\n|-activate|p2b: Glimmora|move: Protect\n|move|p1a: Sinistcha|Matcha Gotcha|p2b: Glimmora|[spread] p2a\n|-activate|p2b: Glimmora|move: Protect\n|-supereffective|p2a: Tauros|1\n|-damage|p2a: Tauros|0 fnt\n|faint|p2a: Tauros\n|\n|upkeep\n|turn|7\n|\n|t:|1776719549\n|move|p2b: Glimmora|Sludge Bomb|p1a: Sinistcha\n|-damage|p1a: Sinistcha|36/100\n|move|p1b: Archaludon|Flash Cannon|p2b: Glimmora\n|-supereffective|p2b: Glimmora|1\n|-damage|p2b: Glimmora|0 fnt\n|faint|p2b: Glimmora\n|\n|win|The Blev Act 4\n|raw|The Blev Act 4's rating: 1095 &rarr; <strong>1123</strong><br />(+28 for winning)\n|raw|gorillastew's rating: 1127 &rarr; <strong>1100</strong><br />(-27 for losing)\n|l|\u2606The Blev Act 4\n|player|p1|\n",
  "uploadtime": 1776719557,
  "views": 6,
  "formatid": "gen9championsvgc2026regma",
  "rating": 1100,
  "private": 0,
  "password": null
}