{
  "id": "gen9championsvgc2026regma-2587783930",
  "format": "[Gen 9 Champions] VGC 2026 Reg M-A",
  "players": [
    "Snog2273",
    "AidzPlayz"
  ],
  "log": "|j|\u2606Snog2273\n|j|\u2606AidzPlayz\n|t:|1776563636\n|gametype|doubles\n|player|p1|Snog2273|scientist-gen4|1372\n|player|p2|AidzPlayz|ghetsis-gen5bw|1336\n|gen|9\n|tier|[Gen 9 Champions] VGC 2026 Reg M-A\n|rated|\n|rule|Species Clause: Limit one of each Pok\u00e9mon\n|rule|Item Clause: Limit 1 of each item\n|clearpoke\n|poke|p1|Heliolisk, L50, M|\n|poke|p1|Charizard, L50, F|\n|poke|p1|Garchomp, L50, M|\n|poke|p1|Vivillon-Marine, L50, M, shiny|\n|poke|p1|Aegislash, L50, M, shiny|\n|poke|p1|Sneasler, L50, F, shiny|\n|poke|p2|Aerodactyl, L50, M|\n|poke|p2|Incineroar, L50, M|\n|poke|p2|Floette-Eternal, L50, F|\n|poke|p2|Basculegion, L50, M|\n|poke|p2|Garchomp, L50, M|\n|poke|p2|Sneasler, L50, F|\n|teampreview|4\n|inactive|Battle timer is ON: inactive players will automatically lose when time's up. (requested by Snog2273)\nSnog2273 has agreed to open team sheets.\n|inactive|AidzPlayz has 60 seconds left.\n|\n|t:|1776563674\n|teamsize|p1|4\n|teamsize|p2|4\n|start\n|switch|p1a: Bobimbly T.|Heliolisk, L50, M|100/100\n|switch|p1b: King Garthrecule|Sneasler, L50, F, shiny|100/100\n|switch|p2a: Aerodactyl|Aerodactyl, L50, M|100/100\n|switch|p2b: Garchomp|Garchomp, L50, M|100/100\n|-ability|p2a: Aerodactyl|Unnerve\n|turn|1\n|\n|t:|1776563688\n|move|p2a: Aerodactyl|Protect|p2a: Aerodactyl\n|-singleturn|p2a: Aerodactyl|Protect\n|move|p1b: King Garthrecule|Fake Out|p2b: Garchomp\n|-damage|p2b: Garchomp|86/100\n|-damage|p1b: King Garthrecule|88/100|[from] ability: Rough Skin|[of] p2b: Garchomp\n|move|p1a: Bobimbly T.|Shed Tail|p1a: Bobimbly T.\n|-start|p1a: Bobimbly T.|Substitute|[from] move: Shed Tail\n|-damage|p1a: Bobimbly T.|50/100\n|\n|t:|1776563693\n|switch|p1a: Dent Yunkletrip Jr|Aegislash, L50, M, shiny|100/100|[from] Shed Tail\n|cant|p2b: Garchomp|flinch\n|\n|upkeep\n|turn|2\n|\n|t:|1776563710\n|move|p1b: King Garthrecule|Protect|p1b: King Garthrecule\n|-singleturn|p1b: King Garthrecule|Protect\n|move|p2a: Aerodactyl|Tailwind|p2a: Aerodactyl\n|-sidestart|p2: AidzPlayz|move: Tailwind\n|move|p2b: Garchomp|Earthquake|p1b: King Garthrecule|[spread] p1a\n|-activate|p1b: King Garthrecule|move: Protect\n|-immune|p2a: Aerodactyl\n|-supereffective|p1a: Dent Yunkletrip Jr|1\n|-end|p1a: Dent Yunkletrip Jr|Substitute\n|-formechange|p1a: Dent Yunkletrip Jr|Aegislash-Blade|\n|move|p1a: Dent Yunkletrip Jr|Iron Head|p2a: Aerodactyl\n|-supereffective|p2a: Aerodactyl|1\n|-enditem|p2a: Aerodactyl|Focus Sash\n|-damage|p2a: Aerodactyl|1/100\n|\n|upkeep\n|turn|3\n|inactive|Snog2273 has 30 seconds left.\n|\n|t:|1776563736\n|switch|p1b: Scriffle Hunt x2|Charizard, L50, F|100/100\n|-formechange|p1a: Dent Yunkletrip Jr|Aegislash|\n|move|p1a: Dent Yunkletrip Jr|King's Shield|p1a: Dent Yunkletrip Jr\n|-singleturn|p1a: Dent Yunkletrip Jr|Protect\n|move|p2a: Aerodactyl|Dual Wingbeat|p1b: Scriffle Hunt x2\n|-damage|p1b: Scriffle Hunt x2|79/100\n|-damage|p1b: Scriffle Hunt x2|58/100\n|-hitcount|p1b: Scriffle Hunt x2|2\n|move|p2b: Garchomp|Dragon Claw|p1a: Dent Yunkletrip Jr\n|-activate|p1a: Dent Yunkletrip Jr|move: Protect\n|-unboost|p2b: Garchomp|atk|1\n|\n|upkeep\n|turn|4\n|\n|t:|1776563761\n|detailschange|p1b: Scriffle Hunt x2|Charizard-Mega-Y, L50, F\n|-mega|p1b: Scriffle Hunt x2|Charizard|Charizardite Y\n|-weather|SunnyDay|[from] ability: Drought|[of] p1b: Scriffle Hunt x2\n|move|p1a: Dent Yunkletrip Jr|Wide Guard|p1a: Dent Yunkletrip Jr\n|-singleturn|p1a: Dent Yunkletrip Jr|Wide Guard\n|move|p2a: Aerodactyl|Tailwind||[still]\n|-fail|p2a: Aerodactyl\n|move|p2b: Garchomp|Rock Slide|p1b: Scriffle Hunt x2|[spread] \n|-activate|p1a: Dent Yunkletrip Jr|move: Wide Guard\n|-activate|p1b: Scriffle Hunt x2|move: Wide Guard\n|move|p1b: Scriffle Hunt x2|Heat Wave|p2b: Garchomp|[spread] p2a,p2b\n|-resisted|p2a: Aerodactyl|1\n|-resisted|p2b: Garchomp|1\n|-damage|p2a: Aerodactyl|0 fnt\n|-damage|p2b: Garchomp|52/100\n|-status|p2b: Garchomp|brn\n|faint|p2a: Aerodactyl\n|\n|-weather|SunnyDay|[upkeep]\n|-damage|p2b: Garchomp|46/100 brn|[from] brn\n|upkeep\n|\n|t:|1776563774\n|switch|p2a: Basculegion|Basculegion, L50, M|100/100\n|turn|5\n|inactive|Snog2273 has 30 seconds left.\n|\n|t:|1776563807\n|move|p1b: Scriffle Hunt x2|Protect|p1b: Scriffle Hunt x2\n|-singleturn|p1b: Scriffle Hunt x2|Protect\n|move|p2a: Basculegion|Flip Turn|p1b: Scriffle Hunt x2\n|-activate|p1b: Scriffle Hunt x2|move: Protect\n|move|p2b: Garchomp|Dragon Claw|p1a: Dent Yunkletrip Jr\n|-resisted|p1a: Dent Yunkletrip Jr|1\n|-damage|p1a: Dent Yunkletrip Jr|95/100\n|-formechange|p1a: Dent Yunkletrip Jr|Aegislash-Blade|\n|move|p1a: Dent Yunkletrip Jr|Poltergeist|p2a: Basculegion\n|-activate|p2a: Basculegion|move: Poltergeist|Choice Scarf\n|-supereffective|p2a: Basculegion|1\n|-damage|p2a: Basculegion|0 fnt\n|faint|p2a: Basculegion\n|\n|-weather|SunnyDay|[upkeep]\n|-damage|p2b: Garchomp|40/100 brn|[from] brn\n|-sideend|p2: AidzPlayz|move: Tailwind\n|upkeep\n|-message|AidzPlayz forfeited.\n|\n|win|Snog2273\n|raw|Snog2273's rating: 1372 &rarr; <strong>1390</strong><br />(+18 for winning)\n|raw|AidzPlayz's rating: 1336 &rarr; <strong>1318</strong><br />(-18 for losing)\n",
  "uploadtime": 1776563823,
  "views": 15,
  "formatid": "gen9championsvgc2026regma",
  "rating": 1318,
  "private": 0,
  "password": null
}