{
  "id": "gen9championsvgc2026regma-2584483171",
  "format": "[Gen 9 Champions] VGC 2026 Reg M-A",
  "players": [
    "DeShawn Banks",
    "RotomClip"
  ],
  "log": "|j|\u2606DeShawn Banks\n|j|\u2606RotomClip\n|t:|1776263860\n|gametype|doubles\n|player|p1|DeShawn Banks|2|1084\n|player|p2|RotomClip|maid|1000\n|gen|9\n|tier|[Gen 9 Champions] VGC 2026 Reg M-A\n|rated|\n|rule|Species Clause: Limit one of each Pok\u00e9mon\n|rule|Item Clause: Limit 1 of each item\n|clearpoke\n|poke|p1|Golurk, L50|\n|poke|p1|Farigiraf, L50, M|\n|poke|p1|Torkoal, L50, M|\n|poke|p1|Sneasler, L50, F|\n|poke|p1|Appletun, L50, F|\n|poke|p1|Incineroar, L50, M|\n|poke|p2|Talonflame, L50, M|\n|poke|p2|Garchomp, L50, F|\n|poke|p2|Froslass, L50, F|\n|poke|p2|Sneasler, L50, M|\n|poke|p2|Farigiraf, L50, F|\n|poke|p2|Typhlosion-Hisui, L50, M|\n|teampreview|4\n|inactive|Battle timer is ON: inactive players will automatically lose when time's up. (requested by RotomClip)\nRotomClip rejected open team sheets.\n|\n|t:|1776263883\n|teamsize|p1|4\n|teamsize|p2|4\n|start\n|switch|p1a: Farigiraf|Farigiraf, L50, M, shiny|100/100\n|switch|p1b: Sneasler|Sneasler, L50, F|100/100\n|switch|p2a: Typhlosion|Typhlosion-Hisui, L50, M|100/100\n|switch|p2b: Farigiraf|Farigiraf, L50, F|100/100\n|-item|p1a: Farigiraf|Leftovers|[from] ability: Frisk|[of] p2a: Typhlosion\n|-item|p1b: Sneasler|White Herb|[from] ability: Frisk|[of] p2a: Typhlosion\n|turn|1\n|\n|t:|1776263906\n|move|p2a: Typhlosion|Overheat|p1b: Sneasler\n|-damage|p1b: Sneasler|7/100\n|-unboost|p2a: Typhlosion|spa|2\n|move|p1b: Sneasler|Dire Claw|p2a: Typhlosion\n|-resisted|p2a: Typhlosion|1\n|-damage|p2a: Typhlosion|72/100\n|-status|p2a: Typhlosion|psn|[from] ability: Poison Touch|[of] p1b: Sneasler\n|move|p2b: Farigiraf|Psychic Noise|p1a: Farigiraf\n|-resisted|p1a: Farigiraf|1\n|-damage|p1a: Farigiraf|90/100\n|-start|p1a: Farigiraf|move: Heal Block\n|move|p1a: Farigiraf|Psychic|p2a: Typhlosion\n|-damage|p2a: Typhlosion|25/100 psn\n|\n|-damage|p2a: Typhlosion|13/100 psn|[from] psn\n|upkeep\n|turn|2\n|\n|t:|1776263927\n|move|p2a: Typhlosion|Overheat|p1b: Sneasler\n|-damage|p1b: Sneasler|0 fnt\n|-unboost|p2a: Typhlosion|spa|2\n|faint|p1b: Sneasler\n|move|p2b: Farigiraf|Psychic Noise|p1a: Farigiraf\n|-resisted|p1a: Farigiraf|1\n|-damage|p1a: Farigiraf|79/100\n|move|p1a: Farigiraf|Trick Room|p1a: Farigiraf\n|-fieldstart|move: Trick Room|[of] p1a: Farigiraf\n|\n|-damage|p2a: Typhlosion|1/100 psn|[from] psn\n|-end|p1a: Farigiraf|move: Heal Block\n|upkeep\n|\n|t:|1776263932\n|switch|p1b: Golurk|Golurk, L50, shiny|100/100\n|turn|3\n|\n|t:|1776263943\n|detailschange|p1b: Golurk|Golurk-Mega, L50, shiny\n|-mega|p1b: Golurk|Golurk|Golurkite\n|move|p1b: Golurk|Headlong Rush|p2a: Typhlosion\n|-supereffective|p2a: Typhlosion|1\n|-damage|p2a: Typhlosion|0 fnt\n|-unboost|p1b: Golurk|def|1\n|-unboost|p1b: Golurk|spd|1\n|faint|p2a: Typhlosion\n|move|p1a: Farigiraf|Hyper Voice|p2b: Farigiraf\n|-damage|p2b: Farigiraf|68/100\n|move|p2b: Farigiraf|Psychic Noise|p1a: Farigiraf\n|-resisted|p1a: Farigiraf|1\n|-damage|p1a: Farigiraf|69/100\n|-start|p1a: Farigiraf|move: Heal Block\n|\n|upkeep\n|\n|t:|1776263943\n|switch|p2a: Garchomp|Garchomp, L50, F|100/100\n|turn|4\n|\n|t:|1776263971\n|move|p1b: Golurk|Ice Punch|p2a: Garchomp\n|-supereffective|p2a: Garchomp|2\n|-crit|p2a: Garchomp\n|-damage|p2a: Garchomp|0 fnt\n|-damage|p1b: Golurk|88/100|[from] ability: Rough Skin|[of] p2a: Garchomp\n|faint|p2a: Garchomp\n|move|p1a: Farigiraf|Hyper Voice|p2b: Farigiraf\n|-damage|p2b: Farigiraf|36/100\n|-enditem|p2b: Farigiraf|Sitrus Berry|[eat]\n|-heal|p2b: Farigiraf|61/100|[from] item: Sitrus Berry\n|move|p2b: Farigiraf|Psychic Noise|p1a: Farigiraf\n|-resisted|p1a: Farigiraf|1\n|-damage|p1a: Farigiraf|59/100\n|\n|-end|p1a: Farigiraf|move: Heal Block\n|upkeep\n|\n|t:|1776263971\n|switch|p2a: Sneasler|Sneasler, L50, M|100/100\n|turn|5\n|\n|t:|1776263989\n|move|p2a: Sneasler|Protect|p2a: Sneasler\n|-singleturn|p2a: Sneasler|Protect\n|move|p1b: Golurk|Headlong Rush|p2b: Farigiraf\n|-damage|p2b: Farigiraf|0 fnt\n|-unboost|p1b: Golurk|def|1\n|-unboost|p1b: Golurk|spd|1\n|faint|p2b: Farigiraf\n|move|p1a: Farigiraf|Psychic|p2a: Sneasler\n|-activate|p2a: Sneasler|move: Protect\n|\n|-heal|p1a: Farigiraf|65/100|[from] item: Leftovers\n|upkeep\n|turn|6\n|\n|t:|1776264002\n|move|p1b: Golurk|Headlong Rush|p2a: Sneasler\n|-supereffective|p2a: Sneasler|1\n|-enditem|p2a: Sneasler|Focus Sash\n|-damage|p2a: Sneasler|1/100\n|-unboost|p1b: Golurk|def|1\n|-unboost|p1b: Golurk|spd|1\n|move|p1a: Farigiraf|Psychic|p2a: Sneasler\n|-supereffective|p2a: Sneasler|2\n|-damage|p2a: Sneasler|0 fnt\n|faint|p2a: Sneasler\n|\n|win|DeShawn Banks\n|raw|DeShawn Banks's rating: 1084 &rarr; <strong>1105</strong><br />(+21 for winning)\n|raw|RotomClip's rating: 1000 &rarr; <strong>1000</strong><br />(+0 for losing)\n|l|\u2606RotomClip\n|player|p2|\n",
  "uploadtime": 1776264014,
  "views": 19,
  "formatid": "gen9championsvgc2026regma",
  "rating": 1000,
  "private": 0,
  "password": null
}