{
  "id": "gen9championsvgc2026regma-2587151164",
  "format": "[Gen 9 Champions] VGC 2026 Reg M-A",
  "players": [
    "lord wolfeyaim777",
    "Tony V"
  ],
  "log": "|j|\u2606lord wolfeyaim777\n|j|\u2606Tony V\n|t:|1776500919\n|gametype|doubles\n|player|p1|lord wolfeyaim777|1|1151\n|player|p2|Tony V|1|1050\n|gen|9\n|tier|[Gen 9 Champions] VGC 2026 Reg M-A\n|rated|\n|rule|Species Clause: Limit one of each Pok\u00e9mon\n|rule|Item Clause: Limit 1 of each item\n|clearpoke\n|poke|p1|Scovillain, L50, M|\n|poke|p1|Dragapult, L50, M|\n|poke|p1|Sneasler, L50, M|\n|poke|p1|Ninetales-Alola, L50, M|\n|poke|p1|Kingambit, L50, M|\n|poke|p1|Garchomp, L50, F|\n|poke|p2|Glimmora, L50, M|\n|poke|p2|Ninetales-Alola, L50, F|\n|poke|p2|Garchomp, L50, F|\n|poke|p2|Gyarados, L50, M|\n|poke|p2|Corviknight, L50, F|\n|poke|p2|Rotom-Heat, L50|\n|teampreview|4\n|inactive|Battle timer is ON: inactive players will automatically lose when time's up. (requested by lord wolfeyaim777)\n|\n|t:|1776500976\n|teamsize|p1|4\n|teamsize|p2|4\n|start\n|switch|p1a: Sneasler|Sneasler, L50, M|100/100\n|switch|p1b: Garchomp|Garchomp, L50, F|100/100\n|switch|p2a: Glimmora|Glimmora, L50, M|100/100\n|switch|p2b: Ninetales|Ninetales-Alola, L50, F|100/100\n|-weather|Snowscape|[from] ability: Snow Warning|[of] p2b: Ninetales\n|turn|1\n|inactive|lord wolfeyaim777 has 30 seconds left.\n|inactive|Tony V has 30 seconds left.\n|inactive|Tony V has 20 seconds left.\n|\n|t:|1776501012\n|switch|p2a: Corviknight|Corviknight, L50, F|100/100\n|move|p2b: Ninetales|Protect|p2b: Ninetales\n|-singleturn|p2b: Ninetales|Protect\n|move|p1a: Sneasler|Fake Out|p2b: Ninetales\n|-activate|p2b: Ninetales|move: Protect\n|move|p1b: Garchomp|Stomping Tantrum|p2a: Corviknight\n|-immune|p2a: Corviknight\n|\n|-weather|Snowscape|[upkeep]\n|upkeep\n|turn|2\n|\n|t:|1776501031\n|switch|p1b: Ninetales|Ninetales-Alola, L50, M|100/100\n|move|p1a: Sneasler|Dire Claw|p2b: Ninetales\n|-supereffective|p2b: Ninetales|1\n|-damage|p2b: Ninetales|15/100\n|move|p2b: Ninetales|Aurora Veil|p2b: Ninetales\n|-sidestart|p2: Tony V|move: Aurora Veil\n|move|p2a: Corviknight|Tailwind|p2a: Corviknight\n|-sidestart|p2: Tony V|move: Tailwind\n|\n|-weather|Snowscape|[upkeep]\n|upkeep\n|turn|3\n|\n|t:|1776501060\n|switch|p2b: Glimmora|Glimmora, L50, M|100/100\n|move|p1a: Sneasler|Close Combat|p2b: Glimmora\n|-damage|p2b: Glimmora|51/100\n|-unboost|p1a: Sneasler|def|1\n|-unboost|p1a: Sneasler|spd|1\n|-activate|p2b: Glimmora|ability: Toxic Debris\n|-sidestart|p1: lord wolfeyaim777|move: Toxic Spikes\n|-enditem|p1a: Sneasler|White Herb\n|-clearnegativeboost|p1a: Sneasler|[silent]\n|move|p2a: Corviknight|Iron Head|p1b: Ninetales\n|-supereffective|p1b: Ninetales|2\n|-enditem|p1b: Ninetales|Focus Sash\n|-damage|p1b: Ninetales|1/100\n|cant|p1b: Ninetales|flinch\n|\n|-weather|Snowscape|[upkeep]\n|upkeep\n|turn|4\n|inactive|lord wolfeyaim777 has 30 seconds left.\n|inactive|Tony V has 30 seconds left.\n|inactive|Tony V has 20 seconds left.\n|inactive|Tony V has 15 seconds left.\n|inactive|Tony V has 10 seconds left.\n|\n|t:|1776501108\n|move|p1a: Sneasler|Protect|p1a: Sneasler\n|-singleturn|p1a: Sneasler|Protect\n|move|p1b: Ninetales|Protect|p1b: Ninetales\n|-singleturn|p1b: Ninetales|Protect\n|move|p2b: Glimmora|Substitute|p2b: Glimmora\n|-start|p2b: Glimmora|Substitute\n|-damage|p2b: Glimmora|26/100\n|move|p2a: Corviknight|Brave Bird|p1a: Sneasler\n|-activate|p1a: Sneasler|move: Protect\n|\n|-weather|Snowscape|[upkeep]\n|upkeep\n|turn|5\n|inactive|lord wolfeyaim777 has 30 seconds left.\n|\n|t:|1776501136\n|switch|p1a: Garchomp|Garchomp, L50, F|100/100\n|-status|p1a: Garchomp|psn\n|switch|p1b: Scovillain|Scovillain, L50, M|100/100\n|-status|p1b: Scovillain|psn\n|detailschange|p2b: Glimmora|Glimmora-Mega, L50, M\n|-mega|p2b: Glimmora|Glimmora|Glimmoranite\n|move|p2b: Glimmora|Sludge Bomb|p1b: Scovillain\n|-supereffective|p1b: Scovillain|1\n|-damage|p1b: Scovillain|0 fnt\n|faint|p1b: Scovillain\n|move|p2a: Corviknight|Brave Bird|p1a: Garchomp\n|-damage|p1a: Garchomp|50/100 psn\n|-damage|p2a: Corviknight|88/100|[from] ability: Rough Skin|[of] p1a: Garchomp\n|-damage|p2a: Corviknight|72/100|[from] Recoil\n|\n|-weather|none\n|-heal|p2a: Corviknight|78/100|[from] item: Leftovers\n|-damage|p1a: Garchomp|37/100 psn|[from] psn\n|-sideend|p2: Tony V|move: Tailwind\n|upkeep\n|\n|t:|1776501141\n|switch|p1b: Sneasler|Sneasler, L50, M|100/100\n|-sideend|p1: lord wolfeyaim777|move: Toxic Spikes|[of] p1b: Sneasler\n|turn|6\n|inactive|lord wolfeyaim777 has 30 seconds left.\n|inactive|Tony V has 30 seconds left.\n|inactive|lord wolfeyaim777 has 20 seconds left.\n|\n|t:|1776501176\n|switch|p1a: Ninetales|Ninetales-Alola, L50, M|1/100\n|-weather|Snowscape|[from] ability: Snow Warning|[of] p1a: Ninetales\n|move|p2a: Corviknight|Protect|p2a: Corviknight\n|-singleturn|p2a: Corviknight|Protect\n|move|p1b: Sneasler|Close Combat|p2b: Glimmora\n|-end|p2b: Glimmora|Substitute\n|-unboost|p1b: Sneasler|def|1\n|-unboost|p1b: Sneasler|spd|1\n|move|p2b: Glimmora|Sludge Bomb|p1a: Ninetales\n|-supereffective|p1a: Ninetales|1\n|-damage|p1a: Ninetales|0 fnt\n|faint|p1a: Ninetales\n|\n|-weather|Snowscape|[upkeep]\n|-heal|p2a: Corviknight|84/100|[from] item: Leftovers\n|-sideend|p2: Tony V|move: Aurora Veil\n|upkeep\n|\n|t:|1776501178\n|switch|p1a: Garchomp|Garchomp, L50, F|37/100 psn\n|turn|7\n|inactive|Tony V has 30 seconds left.\n|\n|t:|1776501208\n|move|p1a: Garchomp|Dragon Claw|p2b: Glimmora\n|-damage|p2b: Glimmora|0 fnt\n|faint|p2b: Glimmora\n|move|p1b: Sneasler|Close Combat|p2a: Corviknight\n|-damage|p2a: Corviknight|23/100\n|-unboost|p1b: Sneasler|def|1\n|-unboost|p1b: Sneasler|spd|1\n|move|p2a: Corviknight|Tailwind|p2a: Corviknight\n|-sidestart|p2: Tony V|move: Tailwind\n|\n|-weather|Snowscape|[upkeep]\n|-heal|p2a: Corviknight|30/100|[from] item: Leftovers\n|-damage|p1a: Garchomp|25/100 psn|[from] psn\n|upkeep\n|\n|t:|1776501226\n|switch|p2b: Rotom|Rotom-Heat, L50|100/100\n|turn|8\n|\n|t:|1776501235\n|move|p2b: Rotom|Thunderbolt|p1b: Sneasler\n|-damage|p1b: Sneasler|0 fnt\n|faint|p1b: Sneasler\n|move|p1a: Garchomp|Dragon Claw|p2b: Rotom\n|-crit|p2b: Rotom\n|-damage|p2b: Rotom|19/100\n|move|p2a: Corviknight|Iron Head|p1a: Garchomp\n|-damage|p1a: Garchomp|0 fnt\n|-damage|p2a: Corviknight|17/100|[from] ability: Rough Skin|[of] p1a: Garchomp\n|faint|p1a: Garchomp\n|\n|win|Tony V\n|raw|lord wolfeyaim777's rating: 1151 &rarr; <strong>1119</strong><br />(-32 for losing)\n|raw|Tony V's rating: 1050 &rarr; <strong>1092</strong><br />(+42 for winning)\n|l|\u2606lord wolfeyaim777\n|player|p1|\n",
  "uploadtime": 1776501250,
  "views": 14,
  "formatid": "gen9championsvgc2026regma",
  "rating": 1092,
  "private": 0,
  "password": null
}