{
  "id": "gen9championsvgc2026regma-2584329604",
  "format": "[Gen 9 Champions] VGC 2026 Reg M-A",
  "players": [
    "yukidagoatt",
    "4reasons"
  ],
  "log": "|j|\u2606yukidagoatt\n|j|\u26064reasons\n|t:|1776251863\n|gametype|doubles\n|player|p1|yukidagoatt|266|1208\n|player|p2|4reasons|veteran|1120\n|gen|9\n|tier|[Gen 9 Champions] VGC 2026 Reg M-A\n|rated|\n|rule|Species Clause: Limit one of each Pok\u00e9mon\n|rule|Item Clause: Limit 1 of each item\n|clearpoke\n|poke|p1|Maushold, L50|\n|poke|p1|Floette-Eternal, L50, F|\n|poke|p1|Garchomp, L50, F|\n|poke|p1|Talonflame, L50, M|\n|poke|p1|Rotom-Wash, L50|\n|poke|p1|Aegislash, L50, F|\n|poke|p2|Charizard, L50, M|\n|poke|p2|Venusaur, L50, F|\n|poke|p2|Whimsicott, L50, M|\n|poke|p2|Incineroar, L50, F|\n|poke|p2|Sneasler, L50, F|\n|poke|p2|Garchomp, L50, F|\n|teampreview|4\n|\n|t:|1776251910\n|teamsize|p1|4\n|teamsize|p2|4\n|start\n|switch|p1a: Garchomp|Garchomp, L50, F|100/100\n|switch|p1b: Floette|Floette-Eternal, L50, F, shiny|100/100\n|switch|p2a: Charizard|Charizard, L50, M|100/100\n|switch|p2b: Sneasler|Sneasler, L50, F|100/100\n|-ability|p2b: Sneasler|Pressure\n|turn|1\n|inactive|Battle timer is ON: inactive players will automatically lose when time's up. (requested by yukidagoatt)\n|\n|t:|1776251929\n|detailschange|p2a: Charizard|Charizard-Mega-Y, L50, M\n|-mega|p2a: Charizard|Charizard|Charizardite Y\n|-weather|SunnyDay|[from] ability: Drought|[of] p2a: Charizard\n|detailschange|p1b: Floette|Floette-Mega, L50, F, shiny\n|-mega|p1b: Floette|Floette|Floettite\n|-ability|p1b: Floette|Fairy Aura\n|move|p1b: Floette|Protect|p1b: Floette\n|-singleturn|p1b: Floette|Protect\n|move|p2b: Sneasler|Fake Out|p1a: Garchomp\n|-damage|p1a: Garchomp|85/100\n|-damage|p2b: Sneasler|88/100|[from] ability: Rough Skin|[of] p1a: Garchomp\n|cant|p1a: Garchomp|flinch\n|move|p2a: Charizard|Heat Wave|p1b: Floette|[spread] p1a\n|-activate|p1b: Floette|move: Protect\n|-resisted|p1a: Garchomp|1\n|-damage|p1a: Garchomp|50/100\n|-status|p1a: Garchomp|brn\n|\n|-weather|SunnyDay|[upkeep]\n|-damage|p1a: Garchomp|44/100 brn|[from] brn\n|upkeep\n|turn|2\n|inactive|yukidagoatt has 30 seconds left.\n|\n|t:|1776251959\n|switch|p1b: Aegislash|Aegislash, L50, F|100/100\n|move|p2b: Sneasler|Dire Claw|p1b: Aegislash\n|-immune|p1b: Aegislash\n|move|p1a: Garchomp|Stone Edge|p2a: Charizard\n|-supereffective|p2a: Charizard|2\n|-damage|p2a: Charizard|0 fnt\n|faint|p2a: Charizard\n|\n|-weather|SunnyDay|[upkeep]\n|-damage|p1a: Garchomp|38/100 brn|[from] brn\n|upkeep\n|\n|t:|1776251966\n|switch|p2a: Garchomp|Garchomp, L50, F|100/100\n|turn|3\n|\n|t:|1776251986\n|-formechange|p1b: Aegislash|Aegislash-Blade|\n|move|p1b: Aegislash|Shadow Sneak|p2b: Sneasler\n|-damage|p2b: Sneasler|43/100\n|move|p2b: Sneasler|U-turn|p1a: Garchomp\n|-damage|p1a: Garchomp|12/100 brn\n|-damage|p2b: Sneasler|30/100|[from] ability: Rough Skin|[of] p1a: Garchomp\n|\n|t:|1776251991\n|switch|p2b: Venusaur|Venusaur, L50, F|100/100|[from] U-turn\n|move|p1a: Garchomp|Earthquake|p2a: Garchomp|[spread] p1b,p2a,p2b\n|-supereffective|p1b: Aegislash|1\n|-damage|p1b: Aegislash|10/100\n|-damage|p2a: Garchomp|79/100\n|-damage|p2b: Venusaur|70/100\n|move|p2a: Garchomp|Earthquake|p1b: Aegislash|[spread] p2b,p1a,p1b\n|-supereffective|p1b: Aegislash|1\n|-damage|p2b: Venusaur|23/100\n|-damage|p1a: Garchomp|0 fnt\n|-damage|p1b: Aegislash|0 fnt\n|faint|p1a: Garchomp\n|faint|p1b: Aegislash\n|\n|-weather|SunnyDay|[upkeep]\n|upkeep\n|\n|t:|1776252009\n|switch|p1a: Maushold|Maushold, L50|100/100\n|switch|p1b: Floette|Floette-Mega, L50, F, shiny|100/100\n|-ability|p1b: Floette|Fairy Aura\n|turn|4\n|inactive|yukidagoatt has 30 seconds left.\n|\n|t:|1776252035\n|move|p2b: Venusaur|Weather Ball|p1b: Floette\n|-damage|p1b: Floette|70/100\n|move|p1a: Maushold|Super Fang|p2a: Garchomp\n|-damage|p2a: Garchomp|40/100\n|move|p2a: Garchomp|Earthquake|p1a: Maushold|[spread] p2b,p1a,p1b\n|-damage|p2b: Venusaur|0 fnt\n|-damage|p1a: Maushold|47/100\n|-damage|p1b: Floette|41/100\n|faint|p2b: Venusaur\n|move|p1b: Floette|Dazzling Gleam|p2a: Garchomp\n|-supereffective|p2a: Garchomp|1\n|-damage|p2a: Garchomp|0 fnt\n|faint|p2a: Garchomp\n|\n|-weather|SunnyDay|[upkeep]\n|upkeep\n|\n|t:|1776252046\n|switch|p2a: Sneasler|Sneasler, L50, F|30/100\n|-ability|p2a: Sneasler|Pressure\n|turn|5\n|\n|t:|1776252057\n|move|p1a: Maushold|Protect|p1a: Maushold\n|-singleturn|p1a: Maushold|Protect\n|move|p1b: Floette|Protect|p1b: Floette\n|-singleturn|p1b: Floette|Protect\n|move|p2a: Sneasler|Fake Out|p1b: Floette\n|-activate|p1b: Floette|move: Protect\n|\n|-weather|none\n|upkeep\n|turn|6\n|\n|t:|1776252071\n|move|p1a: Maushold|Follow Me|p1a: Maushold\n|-singleturn|p1a: Maushold|move: Follow Me\n|move|p2a: Sneasler|Dire Claw|p1a: Maushold\n|-damage|p1a: Maushold|0 fnt\n|faint|p1a: Maushold\n|move|p1b: Floette|Moonblast|p2a: Sneasler\n|-damage|p2a: Sneasler|0 fnt\n|faint|p2a: Sneasler\n|\n|win|yukidagoatt\n|raw|yukidagoatt's rating: 1208 &rarr; <strong>1227</strong><br />(+19 for winning)\n|raw|4reasons's rating: 1120 &rarr; <strong>1101</strong><br />(-19 for losing)\n|l|\u26064reasons\n|player|p2|\n",
  "uploadtime": 1776252083,
  "views": 41,
  "formatid": "gen9championsvgc2026regma",
  "rating": 1101,
  "private": 0,
  "password": null
}