{
  "id": "gen9championsvgc2026regma-2587403113",
  "format": "[Gen 9 Champions] VGC 2026 Reg M-A",
  "players": [
    "chessin776",
    "ratao1629"
  ],
  "log": "|j|\u2606chessin776\n|j|\u2606ratao1629\n|t:|1776528909\n|gametype|doubles\n|player|p1|chessin776|102|1088\n|player|p2|ratao1629|wallace-gen6|1072\n|gen|9\n|tier|[Gen 9 Champions] VGC 2026 Reg M-A\n|rated|\n|rule|Species Clause: Limit one of each Pok\u00e9mon\n|rule|Item Clause: Limit 1 of each item\n|clearpoke\n|poke|p1|Charizard, L50, M|\n|poke|p1|Venusaur, L50, M|\n|poke|p1|Clefable, L50, F|\n|poke|p1|Primarina, L50, F|\n|poke|p1|Farigiraf, L50, F|\n|poke|p1|Aegislash, L50, M|\n|poke|p2|Snorlax, L50, M, shiny|\n|poke|p2|Gardevoir, L50, M, shiny|\n|poke|p2|Sneasler, L50, M|\n|poke|p2|Farigiraf, L50, M, shiny|\n|poke|p2|Torkoal, L50, F, shiny|\n|poke|p2|Dragapult, L50, F, shiny|\n|teampreview|4\n|inactive|Battle timer is ON: inactive players will automatically lose when time's up. (requested by ratao1629)\n|inactive|chessin776 has 60 seconds left.\n|inactive|ratao1629 has 60 seconds left.\n|\n|t:|1776528957\n|teamsize|p1|4\n|teamsize|p2|4\n|start\n|switch|p1a: Roaring Flame|Charizard, L50, M|100/100\n|switch|p1b: Roaring Nature|Venusaur, L50, M|100/100\n|switch|p2a: Sneasler|Sneasler, L50, M|100/100\n|switch|p2b: Farigiraf|Farigiraf, L50, M, shiny|100/100\n|turn|1\n|inactive|chessin776 has 30 seconds left.\n|\n|t:|1776528983\n|detailschange|p1a: Roaring Flame|Charizard-Mega-Y, L50, M\n|-mega|p1a: Roaring Flame|Charizard|Charizardite Y\n|-weather|SunnyDay|[from] ability: Drought|[of] p1a: Roaring Flame\n|move|p1a: Roaring Flame|Protect|p1a: Roaring Flame\n|-singleturn|p1a: Roaring Flame|Protect\n|move|p2a: Sneasler|Fake Out|p1b: Roaring Nature\n|-damage|p1b: Roaring Nature|83/100\n|cant|p1b: Roaring Nature|flinch\n|move|p2b: Farigiraf|Trick Room|p2b: Farigiraf\n|-fieldstart|move: Trick Room|[of] p2b: Farigiraf\n|\n|-weather|SunnyDay|[upkeep]\n|upkeep\n|turn|2\n|inactive|chessin776 has 30 seconds left.\n|\n|t:|1776529009\n|move|p2b: Farigiraf|Psychic|p1b: Roaring Nature\n|-supereffective|p1b: Roaring Nature|1\n|-damage|p1b: Roaring Nature|11/100\n|move|p1a: Roaring Flame|Heat Wave|p2a: Sneasler|[spread] p2a,p2b\n|-damage|p2a: Sneasler|11/100\n|-damage|p2b: Farigiraf|43/100\n|-enditem|p2b: Farigiraf|Sitrus Berry|[eat]\n|-heal|p2b: Farigiraf|68/100|[from] item: Sitrus Berry\n|move|p2a: Sneasler|Dire Claw|p1a: Roaring Flame\n|-damage|p1a: Roaring Flame|44/100\n|move|p1b: Roaring Nature|Sleep Powder|p2b: Farigiraf|[miss]\n|-miss|p1b: Roaring Nature|p2b: Farigiraf\n|\n|-weather|SunnyDay|[upkeep]\n|upkeep\n|turn|3\n|inactive|ratao1629 has 30 seconds left.\n|\n|t:|1776529041\n|switch|p1a: Roaring Knight|Aegislash, L50, M|100/100\n|switch|p1b: Roaring Water|Primarina, L50, F|100/100\n|move|p2b: Farigiraf|Psychic|p1b: Roaring Water\n|-damage|p1b: Roaring Water|67/100\n|move|p2a: Sneasler|Dire Claw|p1a: Roaring Knight\n|-immune|p1a: Roaring Knight\n|\n|-weather|SunnyDay|[upkeep]\n|upkeep\n|turn|4\n|inactive|ratao1629 has 30 seconds left.\n|\n|t:|1776529074\n|switch|p2a: Torkoal|Torkoal, L50, F, shiny|100/100\n|move|p1b: Roaring Water|Protect|p1b: Roaring Water\n|-singleturn|p1b: Roaring Water|Protect\n|move|p2b: Farigiraf|Protect|p2b: Farigiraf\n|-singleturn|p2b: Farigiraf|Protect\n|-formechange|p1a: Roaring Knight|Aegislash-Blade|\n|move|p1a: Roaring Knight|Poltergeist|p2a: Torkoal\n|-activate|p2a: Torkoal|move: Poltergeist|Charcoal\n|-crit|p2a: Torkoal\n|-damage|p2a: Torkoal|33/100\n|\n|-weather|SunnyDay|[upkeep]\n|upkeep\n|turn|5\n|\n|t:|1776529096\n|-formechange|p1a: Roaring Knight|Aegislash|\n|move|p1a: Roaring Knight|King's Shield|p1a: Roaring Knight\n|-singleturn|p1a: Roaring Knight|Protect\n|move|p2a: Torkoal|Weather Ball|p1a: Roaring Knight\n|-activate|p1a: Roaring Knight|move: Protect\n|move|p1b: Roaring Water|Calm Mind|p1b: Roaring Water\n|-boost|p1b: Roaring Water|spa|1\n|-boost|p1b: Roaring Water|spd|1\n|move|p2b: Farigiraf|Psychic|p1b: Roaring Water\n|-damage|p1b: Roaring Water|44/100\n|\n|-weather|none\n|-fieldend|move: Trick Room\n|upkeep\n|turn|6\n|inactive|ratao1629 has 30 seconds left.\n|\n|t:|1776529122\n|move|p2b: Farigiraf|Protect|p2b: Farigiraf\n|-singleturn|p2b: Farigiraf|Protect\n|-formechange|p1a: Roaring Knight|Aegislash-Blade|\n|move|p1a: Roaring Knight|Poltergeist|p2a: Torkoal\n|-activate|p2a: Torkoal|move: Poltergeist|Charcoal\n|-damage|p2a: Torkoal|0 fnt\n|faint|p2a: Torkoal\n|move|p1b: Roaring Water|Hyper Voice|p2b: Farigiraf\n|-activate|p2b: Farigiraf|move: Protect\n|\n|upkeep\n|\n|t:|1776529133\n|switch|p2a: Sneasler|Sneasler, L50, M|11/100\n|turn|7\n|\n|t:|1776529156\n|-formechange|p1a: Roaring Knight|Aegislash|\n|move|p1a: Roaring Knight|King's Shield|p1a: Roaring Knight\n|-singleturn|p1a: Roaring Knight|Protect\n|move|p1b: Roaring Water|Protect|p1b: Roaring Water\n|-singleturn|p1b: Roaring Water|Protect\n|move|p2a: Sneasler|Dire Claw|p1b: Roaring Water\n|-activate|p1b: Roaring Water|move: Protect\n|move|p2b: Farigiraf|Trick Room|p2b: Farigiraf\n|-fieldstart|move: Trick Room|[of] p2b: Farigiraf\n|\n|upkeep\n|turn|8\n|\n|t:|1776529179\n|move|p2b: Farigiraf|Protect|p2b: Farigiraf\n|-singleturn|p2b: Farigiraf|Protect\n|move|p1b: Roaring Water|Moonblast|p2b: Farigiraf\n|-activate|p2b: Farigiraf|move: Protect\n|-formechange|p1a: Roaring Knight|Aegislash-Blade|\n|move|p1a: Roaring Knight|Poltergeist|p2a: Sneasler\n|-activate|p2a: Sneasler|move: Poltergeist|White Herb\n|-damage|p2a: Sneasler|0 fnt\n|faint|p2a: Sneasler\n|\n|upkeep\n|\n|t:|1776529188\n|switch|p2a: Gardevoir|Gardevoir, L50, M, shiny|100/100\n|-ability|p2a: Gardevoir|Liquid Voice|Trace|[from] ability: Trace|[of] p1b: Roaring Water\n|turn|9\n|inactive|ratao1629 has 30 seconds left.\n|\n|t:|1776529220\n|detailschange|p2a: Gardevoir|Gardevoir-Mega, L50, M, shiny\n|-mega|p2a: Gardevoir|Gardevoir|Gardevoirite\n|move|p1b: Roaring Water|Moonblast|p2b: Farigiraf\n|-damage|p2b: Farigiraf|0 fnt\n|faint|p2b: Farigiraf\n|move|p1a: Roaring Knight|Poltergeist|p2a: Gardevoir\n|-activate|p2a: Gardevoir|move: Poltergeist|Gardevoirite\n|-supereffective|p2a: Gardevoir|1\n|-damage|p2a: Gardevoir|0 fnt\n|faint|p2a: Gardevoir\n|\n|win|chessin776\n|raw|chessin776's rating: 1088 &rarr; <strong>1114</strong><br />(+26 for winning)\n|raw|ratao1629's rating: 1072 &rarr; <strong>1052</strong><br />(-20 for losing)\n|l|\u2606ratao1629\n|player|p2|\n|c|\u2606chessin776|I'm so good\n",
  "uploadtime": 1776529244,
  "views": 13,
  "formatid": "gen9championsvgc2026regma",
  "rating": 1052,
  "private": 0,
  "password": null
}