{
  "id": "gen9championsvgc2026regma-2585607529",
  "format": "[Gen 9 Champions] VGC 2026 Reg M-A",
  "players": [
    "NoV4ntA",
    "hgvnu b gv h h"
  ],
  "log": "|j|\u2606NoV4ntA\n|j|\u2606hgvnu b gv h h\n|t:|1776358553\n|gametype|doubles\n|player|p1|NoV4ntA|brock|1096\n|player|p2|hgvnu b gv h h|red|1045\n|gen|9\n|tier|[Gen 9 Champions] VGC 2026 Reg M-A\n|rated|\n|rule|Species Clause: Limit one of each Pok\u00e9mon\n|rule|Item Clause: Limit 1 of each item\n|clearpoke\n|poke|p1|Orthworm, L50, M|\n|poke|p1|Garchomp, L50, F|\n|poke|p1|Tyranitar, L50, F|\n|poke|p1|Aerodactyl, L50, F|\n|poke|p1|Floette-Eternal, L50, F|\n|poke|p1|Tauros-Paldea-Aqua, L50, M|\n|poke|p2|Charizard, L50, M|\n|poke|p2|Venusaur, L50, F|\n|poke|p2|Whimsicott, L50, F|\n|poke|p2|Garchomp, L50, M|\n|poke|p2|Milotic, L50, F|\n|poke|p2|Kingambit, L50, M|\n|teampreview|4\n|inactive|Battle timer is ON: inactive players will automatically lose when time's up. (requested by hgvnu b gv h h)\n|inactive|NoV4ntA has 60 seconds left.\n|\n|t:|1776358622\n|teamsize|p1|4\n|teamsize|p2|4\n|start\n|switch|p1a: Tauros|Tauros-Paldea-Aqua, L50, M|100/100\n|switch|p1b: Aerodactyl|Aerodactyl, L50, F|100/100\n|switch|p2a: Charizard|Charizard, L50, M, shiny|100/100\n|switch|p2b: Venusaur|Venusaur, L50, F, shiny|100/100\n|-ability|p1b: Aerodactyl|Unnerve\n|-ability|p1a: Tauros|Intimidate|boost\n|-unboost|p2a: Charizard|atk|1\n|-unboost|p2b: Venusaur|atk|1\n|turn|1\n|inactiveoff|Battle timer is now OFF.\n|inactive|Battle timer is ON: inactive players will automatically lose when time's up. (requested by hgvnu b gv h h)\n|\n|t:|1776358657\n|switch|p1a: Garchomp|Garchomp, L50, F|100/100\n|detailschange|p2a: Charizard|Charizard-Mega-Y, L50, M, shiny\n|-mega|p2a: Charizard|Charizard|Charizardite Y\n|-weather|SunnyDay|[from] ability: Drought|[of] p2a: Charizard\n|move|p2a: Charizard|Protect|p2a: Charizard\n|-singleturn|p2a: Charizard|Protect\n|move|p2b: Venusaur|Solar Beam||[still]\n|-prepare|p2b: Venusaur|Solar Beam\n|-anim|p2b: Venusaur|Solar Beam|p1a: Garchomp\n|-damage|p1a: Garchomp|38/100\n|move|p1b: Aerodactyl|Tailwind|p1b: Aerodactyl\n|-sidestart|p1: NoV4ntA|move: Tailwind\n|\n|-weather|SunnyDay|[upkeep]\n|upkeep\n|turn|2\n|inactive|hgvnu b gv h h has 30 seconds left.\n|\n|t:|1776358684\n|switch|p2a: Milotic|Milotic, L50, F, shiny|100/100\n|move|p1b: Aerodactyl|Rock Slide|p2b: Venusaur|[spread] p2a,p2b\n|-damage|p2a: Milotic|82/100\n|-damage|p2b: Venusaur|63/100\n|move|p1a: Garchomp|Rock Slide|p2a: Milotic|[spread] p2a,p2b\n|-damage|p2a: Milotic|67/100\n|-damage|p2b: Venusaur|38/100\n|cant|p2b: Venusaur|flinch\n|\n|-weather|SunnyDay|[upkeep]\n|-heal|p2a: Milotic|73/100|[from] item: Leftovers\n|upkeep\n|turn|3\n|\n|t:|1776358709\n|move|p1b: Aerodactyl|Dual Wingbeat|p2b: Venusaur\n|-supereffective|p2b: Venusaur|1\n|-damage|p2b: Venusaur|0 fnt\n|faint|p2b: Venusaur\n|-hitcount|p2: Venusaur|1\n|move|p1a: Garchomp|Earthquake|p2a: Milotic|[spread] p2a\n|-immune|p1b: Aerodactyl\n|-damage|p2a: Milotic|46/100\n|move|p2a: Milotic|Life Dew|p2a: Milotic\n|-heal|p2a: Milotic|71/100\n|\n|-weather|SunnyDay|[upkeep]\n|-heal|p2a: Milotic|77/100|[from] item: Leftovers\n|upkeep\n|\n|t:|1776358725\n|switch|p2b: Whimsicott|Whimsicott, L50, F, shiny|100/100\n|turn|4\n|\n|t:|1776358742\n|move|p1b: Aerodactyl|Dual Wingbeat|p2b: Whimsicott\n|-supereffective|p2b: Whimsicott|1\n|-damage|p2b: Whimsicott|42/100\n|-supereffective|p2b: Whimsicott|1\n|-crit|p2b: Whimsicott\n|-damage|p2b: Whimsicott|0 fnt\n|faint|p2b: Whimsicott\n|-hitcount|p2: Whimsicott|2\n|move|p1a: Garchomp|Rock Slide|p2a: Milotic\n|-damage|p2a: Milotic|58/100\n|cant|p2a: Milotic|flinch\n|\n|-weather|SunnyDay|[upkeep]\n|-heal|p2a: Milotic|64/100|[from] item: Leftovers\n|-sideend|p1: NoV4ntA|move: Tailwind\n|upkeep\n|inactive|hgvnu b gv h h has 30 seconds left.\n|inactive|hgvnu b gv h h has 20 seconds left.\n|inactive|hgvnu b gv h h has 15 seconds left.\n|inactive|hgvnu b gv h h has 10 seconds left.\n|inactive|hgvnu b gv h h has 5 seconds left.\n|\n|t:|1776358799\n|switch|p2b: Charizard|Charizard-Mega-Y, L50, M, shiny|100/100\n|turn|5\n|inactive|hgvnu b gv h h has 30 seconds left.\n|inactive|hgvnu b gv h h has 20 seconds left.\n|inactive|hgvnu b gv h h has 15 seconds left.\n|inactive|hgvnu b gv h h has 10 seconds left.\n|inactive|hgvnu b gv h h has 5 seconds left.\n|\n|t:|1776358854\n|move|p1b: Aerodactyl|Tailwind|p1b: Aerodactyl\n|-sidestart|p1: NoV4ntA|move: Tailwind\n|move|p1a: Garchomp|Rock Slide|p2b: Charizard|[spread] p2a,p2b\n|-supereffective|p2b: Charizard|2\n|-damage|p2a: Milotic|49/100\n|-damage|p2b: Charizard|0 fnt\n|faint|p2b: Charizard\n|cant|p2a: Milotic|flinch\n|\n|-weather|none\n|-heal|p2a: Milotic|55/100|[from] item: Leftovers\n|upkeep\n|turn|6\n|inactive|hgvnu b gv h h has 30 seconds left.\n|inactive|hgvnu b gv h h has 20 seconds left.\n|inactive|hgvnu b gv h h has 15 seconds left.\n|inactive|hgvnu b gv h h has 10 seconds left.\n|inactive|hgvnu b gv h h has 5 seconds left.\n|\n|t:|1776358909\n|move|p1b: Aerodactyl|Rock Slide|p2a: Milotic\n|-damage|p2a: Milotic|30/100\n|move|p1a: Garchomp|Rock Slide|p2a: Milotic\n|-damage|p2a: Milotic|12/100\n|cant|p2a: Milotic|flinch\n|\n|-heal|p2a: Milotic|18/100|[from] item: Leftovers\n|upkeep\n|turn|7\n|inactive|hgvnu b gv h h has 30 seconds left.\n|inactive|hgvnu b gv h h has 20 seconds left.\n|inactive|hgvnu b gv h h has 15 seconds left.\n|inactive|hgvnu b gv h h has 10 seconds left.\n|inactive|hgvnu b gv h h has 5 seconds left.\n|\n|t:|1776358964\n|move|p1b: Aerodactyl|Rock Slide|p2a: Milotic\n|-damage|p2a: Milotic|0 fnt\n|faint|p2a: Milotic\n|\n|win|NoV4ntA\n|raw|NoV4ntA's rating: 1096 &rarr; <strong>1118</strong><br />(+22 for winning)\n|raw|hgvnu b gv h h's rating: 1045 &rarr; <strong>1031</strong><br />(-14 for losing)\n|c|\u2606NoV4ntA|GGS WP\n",
  "uploadtime": 1776358976,
  "views": 19,
  "formatid": "gen9championsvgc2026regma",
  "rating": 1031,
  "private": 0,
  "password": null
}