{
  "id": "gen9championsvgc2026regma-2585107748",
  "format": "[Gen 9 Champions] VGC 2026 Reg M-A",
  "players": [
    "jusstaguy",
    "pubaladdering"
  ],
  "log": "|j|\u2606jusstaguy\n|j|\u2606pubaladdering\n|t:|1776312621\n|gametype|doubles\n|player|p1|jusstaguy|alder|1079\n|player|p2|pubaladdering|iono|1026\n|gen|9\n|tier|[Gen 9 Champions] VGC 2026 Reg M-A\n|rated|\n|rule|Species Clause: Limit one of each Pok\u00e9mon\n|rule|Item Clause: Limit 1 of each item\n|clearpoke\n|poke|p1|Hydrapple, L50, F|\n|poke|p1|Scovillain, L50, M|\n|poke|p1|Arcanine-Hisui, L50, M|\n|poke|p1|Sneasler, L50, M|\n|poke|p1|Maushold, L50|\n|poke|p1|Primarina, L50, F|\n|poke|p2|Meowstic, L50, M|\n|poke|p2|Crabominable, L50, F|\n|poke|p2|Glimmora, L50, F|\n|poke|p2|Sinistcha-Masterpiece, L50|\n|poke|p2|Incineroar, L50, F|\n|poke|p2|Basculegion, L50, M|\n|teampreview|4\n|inactive|Battle timer is ON: inactive players will automatically lose when time's up. (requested by pubaladdering)\n|\n|t:|1776312641\n|teamsize|p1|4\n|teamsize|p2|4\n|start\n|switch|p1a: El Cinco|Hydrapple, L50, F|100/100\n|switch|p1b: Dirty Rats|Maushold, L50|100/100\n|switch|p2a: Meowstic|Meowstic, L50, M|100/100\n|switch|p2b: Basculegion|Basculegion, L50, M|100/100\n|-ability|p1a: El Cinco|Supersweet Syrup\n|-unboost|p2a: Meowstic|evasion|1\n|-unboost|p2b: Basculegion|evasion|1\n|turn|1\n|\n|t:|1776312657\n|move|p2a: Meowstic|Fake Out|p1a: El Cinco\n|-damage|p1a: El Cinco|97/100\n|move|p2b: Basculegion|Flip Turn|p1b: Dirty Rats\n|-damage|p1b: Dirty Rats|41/100\n|\n|t:|1776312663\n|switch|p2b: Crabominable|Crabominable, L50, F|100/100|[from] Flip Turn\n|move|p1b: Dirty Rats|Population Bomb|p2a: Meowstic\n|-damage|p2a: Meowstic|87/100\n|-damage|p2a: Meowstic|72/100\n|-damage|p2a: Meowstic|59/100\n|-damage|p2a: Meowstic|45/100\n|-damage|p2a: Meowstic|31/100\n|-damage|p2a: Meowstic|16/100\n|-damage|p2a: Meowstic|2/100\n|-damage|p2a: Meowstic|0 fnt\n|faint|p2a: Meowstic\n|-hitcount|p2: Meowstic|8\n|cant|p1a: El Cinco|flinch\n|\n|-heal|p1a: El Cinco|100/100|[from] item: Leftovers\n|upkeep\n|\n|t:|1776312670\n|switch|p2a: Sinistcha|Sinistcha-Masterpiece, L50|100/100\n|turn|2\n|\n|t:|1776312691\n|switch|p1a: Ellis Yu|Arcanine-Hisui, L50, M, shiny|100/100\n|move|p2b: Crabominable|Protect|p2b: Crabominable\n|-singleturn|p2b: Crabominable|Protect\n|move|p1b: Dirty Rats|Population Bomb|p2b: Crabominable\n|-activate|p2b: Crabominable|move: Protect\n|move|p2a: Sinistcha|Trick Room|p2a: Sinistcha\n|-fieldstart|move: Trick Room|[of] p2a: Sinistcha\n|\n|upkeep\n|turn|3\n|\n|t:|1776312709\n|detailschange|p2b: Crabominable|Crabominable-Mega, L50, F\n|-mega|p2b: Crabominable|Crabominable|Crabominite\n|move|p1b: Dirty Rats|Protect|p1b: Dirty Rats\n|-singleturn|p1b: Dirty Rats|Protect\n|move|p2b: Crabominable|Drain Punch|p1a: Ellis Yu\n|-supereffective|p1a: Ellis Yu|1\n|-damage|p1a: Ellis Yu|0 fnt\n|faint|p1a: Ellis Yu\n|move|p2a: Sinistcha|Matcha Gotcha|p1b: Dirty Rats\n|-activate|p1b: Dirty Rats|move: Protect\n|\n|upkeep\n|\n|t:|1776312731\n|switch|p1a: Two-Face|Scovillain, L50, M|100/100\n|turn|4\n|\n|t:|1776312741\n|detailschange|p1a: Two-Face|Scovillain-Mega, L50, M\n|-mega|p1a: Two-Face|Scovillain|Scovillainite\n|move|p1a: Two-Face|Rage Powder|p1a: Two-Face\n|-singleturn|p1a: Two-Face|move: Rage Powder\n|move|p2b: Crabominable|Ice Hammer|p1a: Two-Face\n|-damage|p1a: Two-Face|12/100\n|-unboost|p2b: Crabominable|spe|1\n|-status|p2b: Crabominable|brn|[from] ability: Spicy Spray|[of] p1a: Two-Face\n|move|p2a: Sinistcha|Matcha Gotcha|p1b: Dirty Rats|[spread] p1b\n|-miss|p2a: Sinistcha|p1a: Two-Face\n|-damage|p1b: Dirty Rats|3/100\n|move|p1b: Dirty Rats|Population Bomb|p2b: Crabominable\n|-damage|p2b: Crabominable|93/100 brn\n|-damage|p2b: Crabominable|84/100 brn\n|-damage|p2b: Crabominable|75/100 brn\n|-damage|p2b: Crabominable|66/100 brn\n|-damage|p2b: Crabominable|57/100 brn\n|-hitcount|p2b: Crabominable|5\n|\n|-damage|p2b: Crabominable|51/100 brn|[from] brn\n|upkeep\n|turn|5\n|inactive|jusstaguy has 30 seconds left.\n|inactive|jusstaguy has 20 seconds left.\n|\n|t:|1776312777\n|move|p2b: Crabominable|Protect|p2b: Crabominable\n|-singleturn|p2b: Crabominable|Protect\n|move|p1b: Dirty Rats|Protect|p1b: Dirty Rats\n|-singleturn|p1b: Dirty Rats|Protect\n|move|p2a: Sinistcha|Matcha Gotcha|p1a: Two-Face|[spread] p1a\n|-activate|p1b: Dirty Rats|move: Protect\n|-resisted|p1a: Two-Face|2\n|-crit|p1a: Two-Face\n|-damage|p1a: Two-Face|1/100\n|-status|p2a: Sinistcha|brn|[from] ability: Spicy Spray|[of] p1a: Two-Face\n|move|p1a: Two-Face|Flamethrower|p2a: Sinistcha\n|-supereffective|p2a: Sinistcha|1\n|-enditem|p2a: Sinistcha|Occa Berry|[eat]\n|-enditem|p2a: Sinistcha|Occa Berry|[weaken]\n|-damage|p2a: Sinistcha|43/100 brn\n|\n|-damage|p2b: Crabominable|45/100 brn|[from] brn\n|-damage|p2a: Sinistcha|37/100 brn|[from] brn\n|upkeep\n|turn|6\n|inactive|pubaladdering has 30 seconds left.\n|inactive|jusstaguy has 30 seconds left.\n|inactive|jusstaguy has 20 seconds left.\n|inactive|jusstaguy has 15 seconds left.\n|\n|t:|1776312827\n|move|p1a: Two-Face|Rage Powder|p1a: Two-Face\n|-singleturn|p1a: Two-Face|move: Rage Powder\n|move|p2b: Crabominable|Drain Punch|p1a: Two-Face\n|-damage|p1a: Two-Face|0 fnt\n|-heal|p2b: Crabominable|46/100 brn|[from] drain|[of] p1a: Two-Face\n|faint|p1a: Two-Face\n|move|p2a: Sinistcha|Shadow Ball|p1b: Dirty Rats\n|-immune|p1b: Dirty Rats\n|move|p1b: Dirty Rats|Population Bomb|p2b: Crabominable\n|-crit|p2b: Crabominable\n|-damage|p2b: Crabominable|34/100 brn\n|-damage|p2b: Crabominable|25/100 brn\n|-damage|p2b: Crabominable|17/100 brn\n|-damage|p2b: Crabominable|9/100 brn\n|-damage|p2b: Crabominable|0 fnt\n|faint|p2b: Crabominable\n|-hitcount|p2: Crabominable|5\n|\n|-damage|p2a: Sinistcha|31/100 brn|[from] brn\n|-fieldend|move: Trick Room\n|upkeep\n|\n|t:|1776312848\n|switch|p1a: El Cinco|Hydrapple, L50, F|100/100\n|switch|p2b: Basculegion|Basculegion, L50, M|100/100\n|turn|7\n|inactive|jusstaguy has 30 seconds left.\n|\n|t:|1776312876\n|move|p1b: Dirty Rats|Protect|p1b: Dirty Rats\n|-singleturn|p1b: Dirty Rats|Protect\n|move|p2a: Sinistcha|Rage Powder|p2a: Sinistcha\n|-singleturn|p2a: Sinistcha|move: Rage Powder\n|move|p2b: Basculegion|Last Respects|p1a: El Cinco\n|-damage|p1a: El Cinco|32/100\n|move|p1a: El Cinco|Giga Drain|p2b: Basculegion\n|-supereffective|p2b: Basculegion|1\n|-damage|p2b: Basculegion|0 fnt\n|-heal|p1a: El Cinco|86/100|[from] drain|[of] p2b: Basculegion\n|faint|p2b: Basculegion\n|\n|-heal|p1a: El Cinco|92/100|[from] item: Leftovers\n|-damage|p2a: Sinistcha|25/100 brn|[from] brn\n|upkeep\n|turn|8\n|\n|t:|1776312895\n|move|p1b: Dirty Rats|Bite|p2a: Sinistcha\n|-supereffective|p2a: Sinistcha|1\n|-damage|p2a: Sinistcha|0 fnt\n|faint|p2a: Sinistcha\n|\n|win|jusstaguy\n|raw|jusstaguy's rating: 1079 &rarr; <strong>1103</strong><br />(+24 for winning)\n|raw|pubaladdering's rating: 1026 &rarr; <strong>1014</strong><br />(-12 for losing)\n|l|\u2606pubaladdering\n|player|p2|\n|c|\u2606jusstaguy|Gg\n",
  "uploadtime": 1776312910,
  "views": 26,
  "formatid": "gen9championsvgc2026regma",
  "rating": 1014,
  "private": 0,
  "password": null
}