{
  "id": "gen9championsvgc2026regma-2582668587",
  "format": "[Gen 9 Champions] VGC 2026 Reg M-A",
  "players": [
    "Fetzosanti",
    "tonypeesh"
  ],
  "log": "|j|\u2606Fetzosanti\n|j|\u2606tonypeesh\n|t:|1776106111\n|gametype|doubles\n|player|p1|Fetzosanti|boarder|1128\n|player|p2|tonypeesh|ethan|1136\n|gen|9\n|tier|[Gen 9 Champions] VGC 2026 Reg M-A\n|rated|\n|rule|Species Clause: Limit one of each Pok\u00e9mon\n|rule|Item Clause: Limit 1 of each item\n|clearpoke\n|poke|p1|Typhlosion-Hisui, L50, M|\n|poke|p1|Charizard, L50, M|\n|poke|p1|Raichu-Alola, L50, F|\n|poke|p1|Venusaur, L50, F|\n|poke|p1|Garchomp, L50, F|\n|poke|p1|Whimsicott, L50, F|\n|poke|p2|Lucario, L50, F|\n|poke|p2|Aerodactyl, L50, M|\n|poke|p2|Tyranitar, L50, F|\n|poke|p2|Sinistcha, L50|\n|poke|p2|Rotom-Heat, L50|\n|poke|p2|Milotic, L50, M|\n|teampreview|4\n|inactive|Battle timer is ON: inactive players will automatically lose when time's up. (requested by tonypeesh)\n|\n|t:|1776106145\n|teamsize|p1|4\n|teamsize|p2|4\n|start\n|switch|p1a: Garchomp|Garchomp, L50, F|100/100\n|switch|p1b: Venusaur|Venusaur, L50, F|100/100\n|switch|p2a: Sinistcha|Sinistcha, L50|100/100\n|switch|p2b: Aerodactyl|Aerodactyl, L50, M|100/100\n|-ability|p2b: Aerodactyl|Unnerve\n|turn|1\n|inactive|Fetzosanti has 30 seconds left.\n|inactive|tonypeesh has 30 seconds left.\n|\n|t:|1776106179\n|detailschange|p2b: Aerodactyl|Aerodactyl-Mega, L50, M\n|-mega|p2b: Aerodactyl|Aerodactyl|Aerodactylite\n|move|p1b: Venusaur|Protect|p1b: Venusaur\n|-singleturn|p1b: Venusaur|Protect\n|move|p2a: Sinistcha|Rage Powder|p2a: Sinistcha\n|-singleturn|p2a: Sinistcha|move: Rage Powder\n|move|p2b: Aerodactyl|Dual Wingbeat|p1b: Venusaur\n|-activate|p1b: Venusaur|move: Protect\n|move|p1a: Garchomp|Dragon Claw|p2a: Sinistcha\n|-damage|p2a: Sinistcha|58/100\n|\n|-heal|p2a: Sinistcha|65/100|[from] item: Leftovers\n|upkeep\n|turn|2\n|inactive|Fetzosanti has 30 seconds left.\n|inactive|Fetzosanti has 20 seconds left.\n|inactive|Fetzosanti has 15 seconds left.\n|\n|t:|1776106224\n|move|p1b: Venusaur|Protect|p1b: Venusaur\n|-singleturn|p1b: Venusaur|Protect\n|move|p2b: Aerodactyl|Dual Wingbeat|p1b: Venusaur\n|-activate|p1b: Venusaur|move: Protect\n|move|p1a: Garchomp|Rock Slide|p2b: Aerodactyl|[spread] p2a,p2b\n|-supereffective|p2b: Aerodactyl|1\n|-damage|p2a: Sinistcha|47/100\n|-damage|p2b: Aerodactyl|47/100\n|cant|p2a: Sinistcha|flinch\n|\n|-heal|p2a: Sinistcha|53/100|[from] item: Leftovers\n|upkeep\n|turn|3\n|c|\u2606tonypeesh|NAH\n|c|\u2606tonypeesh|nahhhh\n|inactive|tonypeesh has 30 seconds left.\n|\n|t:|1776106257\n|move|p2b: Aerodactyl|Wide Guard|p2b: Aerodactyl\n|-singleturn|p2b: Aerodactyl|Wide Guard\n|move|p1a: Garchomp|Rock Slide|p2b: Aerodactyl|[spread] \n|-activate|p2a: Sinistcha|move: Wide Guard\n|-activate|p2b: Aerodactyl|move: Wide Guard\n|move|p1b: Venusaur|Sludge Bomb|p2a: Sinistcha\n|-damage|p2a: Sinistcha|6/100\n|move|p2a: Sinistcha|Strength Sap|p1a: Garchomp\n|-unboost|p1a: Garchomp|atk|1\n|-heal|p2a: Sinistcha|100/100\n|\n|upkeep\n|turn|4\n|\n|t:|1776106279\n|move|p1b: Venusaur|Protect|p1b: Venusaur\n|-singleturn|p1b: Venusaur|Protect\n|move|p2a: Sinistcha|Rage Powder|p2a: Sinistcha\n|-singleturn|p2a: Sinistcha|move: Rage Powder\n|move|p2b: Aerodactyl|Rock Slide|p1a: Garchomp|[spread] \n|-activate|p1b: Venusaur|move: Protect\n|-miss|p2b: Aerodactyl|p1a: Garchomp\n|move|p1a: Garchomp|Rock Slide|p2b: Aerodactyl|[spread] p2a,p2b\n|-supereffective|p2b: Aerodactyl|1\n|-damage|p2a: Sinistcha|86/100\n|-damage|p2b: Aerodactyl|10/100\n|\n|-heal|p2a: Sinistcha|93/100|[from] item: Leftovers\n|upkeep\n|turn|5\n|c|\u2606tonypeesh|BRUHHHH WHAT IS HAPPENING\n|\n|t:|1776106304\n|move|p2a: Sinistcha|Protect|p2a: Sinistcha\n|-singleturn|p2a: Sinistcha|Protect\n|move|p2b: Aerodactyl|Dual Wingbeat|p1b: Venusaur\n|-supereffective|p1b: Venusaur|1\n|-damage|p1b: Venusaur|23/100\n|-enditem|p1b: Venusaur|Sitrus Berry|[eat]\n|-heal|p1b: Venusaur|48/100|[from] item: Sitrus Berry\n|-supereffective|p1b: Venusaur|1\n|-damage|p1b: Venusaur|0 fnt\n|faint|p1b: Venusaur\n|-hitcount|p1: Venusaur|2\n|move|p1a: Garchomp|Dragon Claw|p2b: Aerodactyl\n|-damage|p2b: Aerodactyl|0 fnt\n|faint|p2b: Aerodactyl\n|\n|-heal|p2a: Sinistcha|99/100|[from] item: Leftovers\n|upkeep\n|\n|t:|1776106318\n|switch|p2b: Milotic|Milotic, L50, M|100/100\n|switch|p1b: Charizard|Charizard, L50, M|100/100\n|turn|6\n|\n|t:|1776106329\n|switch|p1a: Typhlosion|Typhlosion-Hisui, L50, M, shiny|100/100\n|-item|p2a: Sinistcha|Leftovers|[from] ability: Frisk|[of] p1a: Typhlosion\n|-item|p2b: Milotic|Sitrus Berry|[from] ability: Frisk|[of] p1a: Typhlosion\n|detailschange|p1b: Charizard|Charizard-Mega-Y, L50, M\n|-mega|p1b: Charizard|Charizard|Charizardite Y\n|-weather|SunnyDay|[from] ability: Drought|[of] p1b: Charizard\n|move|p2a: Sinistcha|Protect|p2a: Sinistcha\n|-singleturn|p2a: Sinistcha|Protect\n|move|p1b: Charizard|Solar Beam||[still]\n|-prepare|p1b: Charizard|Solar Beam\n|-anim|p1b: Charizard|Solar Beam|p2b: Milotic\n|-supereffective|p2b: Milotic|1\n|-damage|p2b: Milotic|33/100\n|-enditem|p2b: Milotic|Sitrus Berry|[eat]\n|-heal|p2b: Milotic|58/100|[from] item: Sitrus Berry\n|move|p2b: Milotic|Ice Beam|p1a: Typhlosion\n|-resisted|p1a: Typhlosion|1\n|-damage|p1a: Typhlosion|81/100\n|\n|-weather|SunnyDay|[upkeep]\n|-heal|p2a: Sinistcha|100/100|[from] item: Leftovers\n|upkeep\n|turn|7\n|inactive|Fetzosanti has 30 seconds left.\n|\n|t:|1776106360\n|switch|p2a: Tyranitar|Tyranitar, L50, F|100/100\n|-weather|Sandstorm|[from] ability: Sand Stream|[of] p2a: Tyranitar\n|move|p1a: Typhlosion|Shadow Ball|p2b: Milotic\n|-damage|p2b: Milotic|28/100\n|move|p1b: Charizard|Heat Wave|p2a: Tyranitar|[spread] p2a,p2b\n|-resisted|p2a: Tyranitar|1\n|-resisted|p2b: Milotic|1\n|-damage|p2a: Tyranitar|88/100\n|-damage|p2b: Milotic|12/100\n|move|p2b: Milotic|Scald|p1b: Charizard\n|-supereffective|p1b: Charizard|1\n|-damage|p1b: Charizard|27/100\n|\n|-weather|Sandstorm|[upkeep]\n|-damage|p1a: Typhlosion|75/100|[from] Sandstorm\n|-damage|p1b: Charizard|21/100|[from] Sandstorm\n|-damage|p2b: Milotic|6/100|[from] Sandstorm\n|upkeep\n|turn|8\n|\n|t:|1776106384\n|switch|p1b: Garchomp|Garchomp, L50, F|100/100\n|switch|p2b: Sinistcha|Sinistcha, L50|100/100\n|-heal|p2a: Tyranitar|100/100|[from] ability: Hospitality|[of] p2b: Sinistcha\n|move|p1a: Typhlosion|Shadow Ball|p2b: Sinistcha\n|-supereffective|p2b: Sinistcha|1\n|-damage|p2b: Sinistcha|0 fnt\n|faint|p2b: Sinistcha\n|move|p2a: Tyranitar|Knock Off|p1a: Typhlosion\n|-supereffective|p1a: Typhlosion|1\n|-damage|p1a: Typhlosion|0 fnt\n|-enditem|p1a: Typhlosion|Choice Scarf|[from] move: Knock Off|[of] p2a: Tyranitar\n|faint|p1a: Typhlosion\n|\n|-weather|Sandstorm|[upkeep]\n|upkeep\n|\n|t:|1776106398\n|switch|p1a: Charizard|Charizard-Mega-Y, L50, M|21/100\n|switch|p2b: Milotic|Milotic, L50, M|6/100\n|-weather|SunnyDay|[from] ability: Drought|[of] p1a: Charizard\n|turn|9\n|\n|t:|1776106411\n|move|p1b: Garchomp|Earthquake|p2b: Milotic|[spread] p2a,p2b\n|-immune|p1a: Charizard\n|-supereffective|p2a: Tyranitar|1\n|-damage|p2a: Tyranitar|33/100\n|-damage|p2b: Milotic|0 fnt\n|faint|p2b: Milotic\n|move|p1a: Charizard|Solar Beam||[still]\n|-prepare|p1a: Charizard|Solar Beam\n|-anim|p1a: Charizard|Solar Beam|p2a: Tyranitar\n|-supereffective|p2a: Tyranitar|1\n|-damage|p2a: Tyranitar|0 fnt\n|faint|p2a: Tyranitar\n|\n|win|Fetzosanti\n|raw|Fetzosanti's rating: 1128 &rarr; <strong>1154</strong><br />(+26 for winning)\n|raw|tonypeesh's rating: 1136 &rarr; <strong>1110</strong><br />(-26 for losing)\n|l|\u2606tonypeesh\n|player|p2|\n",
  "uploadtime": 1776106459,
  "views": 14,
  "formatid": "gen9championsvgc2026regma",
  "rating": 1110,
  "private": 0,
  "password": null
}