{
  "id": "gen9championsvgc2026regma-2584917873",
  "format": "[Gen 9 Champions] VGC 2026 Reg M-A",
  "players": [
    "Mask4M",
    "calas stan"
  ],
  "log": "|j|\u2606Mask4M\n|j|\u203dcalas stan\n|t:|1776294389\n|gametype|doubles\n|player|p1|Mask4M|101|1121\n|player|p2|calas stan|rika|1024\n|gen|9\n|tier|[Gen 9 Champions] VGC 2026 Reg M-A\n|rated|\n|rule|Species Clause: Limit one of each Pok\u00e9mon\n|rule|Item Clause: Limit 1 of each item\n|clearpoke\n|poke|p1|Glimmora, L50, M|\n|poke|p1|Dragonite, L50, F|\n|poke|p1|Sneasler, L50, F|\n|poke|p1|Incineroar, L50, F|\n|poke|p1|Whimsicott, L50, F|\n|poke|p1|Rotom-Wash, L50|\n|poke|p2|Incineroar, L50, F|\n|poke|p2|Meganium, L50, M|\n|poke|p2|Pelipper, L50, M|\n|poke|p2|Dragapult, L50, F|\n|poke|p2|Archaludon, L50, F|\n|poke|p2|Whimsicott, L50, F|\n|teampreview|4\n|inactive|Battle timer is ON: inactive players will automatically lose when time's up. (requested by Mask4M)\n|inactive|Mask4M has 60 seconds left.\n|\n|t:|1776294448\n|teamsize|p1|4\n|teamsize|p2|4\n|start\n|switch|p1a: Sneasler|Sneasler, L50, F|100/100\n|switch|p1b: Whimsicott|Whimsicott, L50, F|100/100\n|switch|p2a: Incineroar|Incineroar, L50, F|100/100\n|switch|p2b: Pelipper|Pelipper, L50, M|100/100\n|-weather|RainDance|[from] ability: Drizzle|[of] p2b: Pelipper\n|-ability|p2a: Incineroar|Intimidate|boost\n|-unboost|p1a: Sneasler|atk|1\n|-unboost|p1b: Whimsicott|atk|1\n|-enditem|p1a: Sneasler|White Herb\n|-clearnegativeboost|p1a: Sneasler|[silent]\n|turn|1\n|\n|t:|1776294472\n|switch|p1b: Glimmora|Glimmora, L50, M|100/100\n|move|p1a: Sneasler|Fake Out|p2b: Pelipper\n|-damage|p2b: Pelipper|86/100\n|move|p2a: Incineroar|Fake Out|p1a: Sneasler\n|-damage|p1a: Sneasler|83/100\n|cant|p2b: Pelipper|flinch\n|\n|-weather|RainDance|[upkeep]\n|-heal|p2b: Pelipper|92/100|[from] item: Leftovers\n|upkeep\n|turn|2\n|inactive|Mask4M has 30 seconds left.\n|inactive|calas stan has 30 seconds left.\n|inactive|Mask4M has 20 seconds left.\n|inactive|Mask4M has 15 seconds left.\n|\n|t:|1776294518\n|switch|p2b: Archaludon|Archaludon, L50, F|100/100\n|switch|p2a: Meganium|Meganium, L50, M|100/100\n|detailschange|p1b: Glimmora|Glimmora-Mega, L50, M\n|-mega|p1b: Glimmora|Glimmora|Glimmoranite\n|move|p1a: Sneasler|Protect|p1a: Sneasler\n|-singleturn|p1a: Sneasler|Protect\n|move|p1b: Glimmora|Power Gem|p2b: Archaludon\n|-resisted|p2b: Archaludon|1\n|-damage|p2b: Archaludon|72/100\n|-ability|p2b: Archaludon|Stamina|boost\n|-boost|p2b: Archaludon|def|1\n|\n|-weather|RainDance|[upkeep]\n|upkeep\n|turn|3\n|inactive|Mask4M has 30 seconds left.\n|\n|t:|1776294552\n|switch|p2a: Incineroar|Incineroar, L50, F|100/100\n|-ability|p2a: Incineroar|Intimidate|boost\n|-unboost|p1a: Sneasler|atk|1\n|-unboost|p1b: Glimmora|atk|1\n|move|p1b: Glimmora|Spiky Shield|p1b: Glimmora\n|-singleturn|p1b: Glimmora|move: Protect\n|move|p1a: Sneasler|Close Combat|p2b: Archaludon\n|-supereffective|p2b: Archaludon|1\n|-damage|p2b: Archaludon|22/100\n|-unboost|p1a: Sneasler|def|1\n|-unboost|p1a: Sneasler|spd|1\n|-ability|p2b: Archaludon|Stamina|boost\n|-boost|p2b: Archaludon|def|1\n|move|p2b: Archaludon|Electro Shot||[still]\n|-prepare|p2b: Archaludon|Electro Shot\n|-boost|p2b: Archaludon|spa|1\n|-anim|p2b: Archaludon|Electro Shot|p1a: Sneasler\n|-damage|p1a: Sneasler|0 fnt\n|faint|p1a: Sneasler\n|\n|-weather|RainDance|[upkeep]\n|upkeep\n|\n|t:|1776294572\n|switch|p1a: Whimsicott|Whimsicott, L50, F|100/100\n|turn|4\n|inactive|calas stan has 30 seconds left.\n|inactive|calas stan has 20 seconds left.\n|inactive|Mask4M has 30 seconds left.\n|inactive|calas stan has 15 seconds left.\n|\n|t:|1776294613\n|move|p1b: Glimmora|Power Gem|p2a: Incineroar\n|-supereffective|p2a: Incineroar|1\n|-damage|p2a: Incineroar|0 fnt\n|faint|p2a: Incineroar\n|move|p1a: Whimsicott|Moonblast|p2b: Archaludon\n|-damage|p2b: Archaludon|0 fnt\n|faint|p2b: Archaludon\n|\n|-weather|RainDance|[upkeep]\n|upkeep\n|\n|t:|1776294616\n|switch|p2b: Pelipper|Pelipper, L50, M|92/100\n|switch|p2a: Meganium|Meganium, L50, M|100/100\n|turn|5\n|\n|t:|1776294632\n|move|p1a: Whimsicott|Tailwind|p1a: Whimsicott\n|-sidestart|p1: Mask4M|move: Tailwind\n|move|p1b: Glimmora|Power Gem|p2b: Pelipper\n|-supereffective|p2b: Pelipper|1\n|-damage|p2b: Pelipper|0 fnt\n|faint|p2b: Pelipper\n|move|p2a: Meganium|Weather Ball|p1b: Glimmora\n|-supereffective|p1b: Glimmora|1\n|-damage|p1b: Glimmora|0 fnt\n|faint|p1b: Glimmora\n|\n|-weather|none\n|upkeep\n|\n|t:|1776294641\n|switch|p1b: Rotom|Rotom-Wash, L50|100/100\n|turn|6\n|inactive|Mask4M has 30 seconds left.\n|\n|t:|1776294668\n|detailschange|p2a: Meganium|Meganium-Mega, L50, M\n|-mega|p2a: Meganium|Meganium|Meganiumite\n|move|p1b: Rotom|Thunderbolt|p2a: Meganium\n|-resisted|p2a: Meganium|1\n|-damage|p2a: Meganium|83/100\n|-status|p2a: Meganium|par\n|move|p1a: Whimsicott|Moonblast|p2a: Meganium\n|-damage|p2a: Meganium|49/100 par\n|cant|p2a: Meganium|par\n|\n|upkeep\n|turn|7\n|inactive|calas stan has 30 seconds left.\n|\n|t:|1776294700\n|move|p1b: Rotom|Thunderbolt|p2a: Meganium\n|-resisted|p2a: Meganium|1\n|-crit|p2a: Meganium\n|-damage|p2a: Meganium|22/100 par\n|move|p1a: Whimsicott|Moonblast|p2a: Meganium\n|-damage|p2a: Meganium|0 fnt\n|faint|p2a: Meganium\n|\n|win|Mask4M\n|raw|Mask4M's rating: 1121 &rarr; <strong>1139</strong><br />(+18 for winning)\n|raw|calas stan's rating: 1024 &rarr; <strong>1014</strong><br />(-10 for losing)\n",
  "uploadtime": 1776294715,
  "views": 27,
  "formatid": "gen9championsvgc2026regma",
  "rating": 1014,
  "private": 0,
  "password": null
}