{
  "id": "gen9championsvgc2026regma-2580733730",
  "format": "[Gen 9 Champions] VGC 2026 Reg M-A",
  "players": [
    "doragonna",
    "calacadura"
  ],
  "log": "|j|\u2606doragonna\n|j|\u2606calacadura\n|t:|1775928075\n|gametype|doubles\n|player|p1|doragonna|thorton|1110\n|player|p2|calacadura|2|1107\n|gen|9\n|tier|[Gen 9 Champions] VGC 2026 Reg M-A\n|rated|\n|rule|Species Clause: Limit one of each Pok\u00e9mon\n|rule|Item Clause: Limit 1 of each item\n|clearpoke\n|poke|p1|Blastoise, L50, F|\n|poke|p1|Pelipper, L50, F|\n|poke|p1|Sinistcha, L50|\n|poke|p1|Sneasler, L50, M|\n|poke|p1|Garchomp, L50, M|\n|poke|p1|Kingambit, L50, F|\n|poke|p2|Farigiraf, L50, M|\n|poke|p2|Tyranitar, L50, M|\n|poke|p2|Basculegion, L50, M|\n|poke|p2|Incineroar, L50, M|\n|poke|p2|Sinistcha, L50|\n|poke|p2|Dragonite, L50, M|\n|teampreview|4\n|\n|t:|1775928090\n|teamsize|p1|4\n|teamsize|p2|4\n|start\n|switch|p1a: Blastoise|Blastoise, L50, F|100/100\n|switch|p1b: Pelipper|Pelipper, L50, F|100/100\n|switch|p2a: Kitten|Incineroar, L50, M, shiny|100/100\n|switch|p2b: Basculegion|Basculegion, L50, M|100/100\n|-weather|RainDance|[from] ability: Drizzle|[of] p1b: Pelipper\n|-ability|p2a: Kitten|Intimidate|boost\n|-unboost|p1a: Blastoise|atk|1\n|-unboost|p1b: Pelipper|atk|1\n|turn|1\n|\n|t:|1775928111\n|detailschange|p1a: Blastoise|Blastoise-Mega, L50, F\n|-mega|p1a: Blastoise|Blastoise|Blastoisinite\n|move|p2a: Kitten|Fake Out|p1a: Blastoise\n|-damage|p1a: Blastoise|91/100\n|move|p2b: Basculegion|Flip Turn|p1a: Blastoise\n|-resisted|p1a: Blastoise|1\n|-damage|p1a: Blastoise|63/100\n|\n|t:|1775928114\n|switch|p2b: Farigiraf|Farigiraf, L50, M|100/100|[from] Flip Turn\n|move|p1b: Pelipper|Tailwind|p1b: Pelipper\n|-sidestart|p1: doragonna|move: Tailwind\n|cant|p1a: Blastoise|flinch\n|\n|-weather|RainDance|[upkeep]\n|upkeep\n|turn|2\n|\n|t:|1775928129\n|switch|p1b: Sinistcha|Sinistcha, L50|100/100\n|-heal|p1a: Blastoise|88/100|[from] ability: Hospitality|[of] p1b: Sinistcha\n|switch|p2a: Tiny|Sinistcha, L50, shiny|100/100\n|move|p1a: Blastoise|Water Spout|p2b: Farigiraf|[spread] p2a,p2b\n|-resisted|p2a: Tiny|1\n|-damage|p2a: Tiny|54/100\n|-damage|p2b: Farigiraf|35/100\n|-enditem|p2b: Farigiraf|Sitrus Berry|[eat]\n|-heal|p2b: Farigiraf|60/100|[from] item: Sitrus Berry\n|move|p2b: Farigiraf|Trick Room|p2b: Farigiraf\n|-fieldstart|move: Trick Room|[of] p2b: Farigiraf\n|\n|-weather|RainDance|[upkeep]\n|upkeep\n|turn|3\n|\n|t:|1775928146\n|move|p1a: Blastoise|Protect|p1a: Blastoise\n|-singleturn|p1a: Blastoise|Protect\n|move|p2b: Farigiraf|Expanding Force|p1a: Blastoise\n|-activate|p1a: Blastoise|move: Protect\n|move|p2a: Tiny|Calm Mind|p2a: Tiny\n|-boost|p2a: Tiny|spa|1\n|-boost|p2a: Tiny|spd|1\n|move|p1b: Sinistcha|Trick Room|p1b: Sinistcha\n|-fieldend|move: Trick Room\n|\n|-weather|RainDance|[upkeep]\n|upkeep\n|turn|4\n|\n|t:|1775928166\n|move|p1a: Blastoise|Water Spout|p2a: Tiny|[spread] p2a,p2b\n|-resisted|p2a: Tiny|1\n|-damage|p2a: Tiny|22/100\n|-damage|p2b: Farigiraf|0 fnt\n|faint|p2b: Farigiraf\n|move|p1b: Sinistcha|Life Dew||[still]|[spread] p1a,p1b\n|-heal|p1a: Blastoise|100/100\n|-fail|p1b: Sinistcha|heal\n|move|p2a: Tiny|Matcha Gotcha|p1a: Blastoise|[spread] p1a,p1b\n|-supereffective|p1a: Blastoise|1\n|-resisted|p1b: Sinistcha|1\n|-damage|p1a: Blastoise|26/100\n|-heal|p2a: Tiny|54/100|[from] drain|[of] p1a: Blastoise\n|-damage|p1b: Sinistcha|79/100\n|-heal|p2a: Tiny|66/100|[from] drain|[of] p1b: Sinistcha\n|\n|-weather|RainDance|[upkeep]\n|-sideend|p1: doragonna|move: Tailwind\n|upkeep\n|\n|t:|1775928186\n|switch|p2b: Basculegion|Basculegion, L50, M|100/100\n|turn|5\n|\n|t:|1775928239\n|switch|p1a: Pelipper|Pelipper, L50, F|100/100\n|move|p2b: Basculegion|Last Respects|p1b: Sinistcha\n|-supereffective|p1b: Sinistcha|1\n|-enditem|p1b: Sinistcha|Kasib Berry|[eat]\n|-enditem|p1b: Sinistcha|Kasib Berry|[weaken]\n|-damage|p1b: Sinistcha|20/100\n|move|p2a: Tiny|Matcha Gotcha|p1b: Sinistcha|[spread] p1b\n|-miss|p2a: Tiny|p1a: Pelipper\n|-resisted|p1b: Sinistcha|1\n|-damage|p1b: Sinistcha|0 fnt\n|-heal|p2a: Tiny|76/100|[from] drain|[of] p1b: Sinistcha\n|faint|p1b: Sinistcha\n|\n|-weather|none\n|upkeep\n|\n|t:|1775928255\n|switch|p1b: Kingambit|Kingambit, L50, F|100/100\n|turn|6\n|\n|t:|1775928275\n|move|p2b: Basculegion|Last Respects|p1b: Kingambit\n|-resisted|p1b: Kingambit|1\n|-damage|p1b: Kingambit|78/100\n|move|p1a: Pelipper|Tailwind|p1a: Pelipper\n|-sidestart|p1: doragonna|move: Tailwind\n|move|p1b: Kingambit|Kowtow Cleave|p2a: Tiny\n|-supereffective|p2a: Tiny|1\n|-damage|p2a: Tiny|0 fnt\n|faint|p2a: Tiny\n|\n|upkeep\n|\n|t:|1775928278\n|switch|p2a: Kitten|Incineroar, L50, M, shiny|100/100\n|-ability|p2a: Kitten|Intimidate|boost\n|-unboost|p1a: Pelipper|atk|1\n|-unboost|p1b: Kingambit|atk|1\n|-ability|p1b: Kingambit|Defiant|boost\n|-boost|p1b: Kingambit|atk|2\n|turn|7\n|\n|t:|1775928298\n|switch|p1a: Blastoise|Blastoise-Mega, L50, F|26/100\n|move|p2b: Basculegion|Last Respects|p1a: Blastoise\n|-damage|p1a: Blastoise|0 fnt\n|faint|p1a: Blastoise\n|move|p1b: Kingambit|Kowtow Cleave|p2b: Basculegion\n|-supereffective|p2b: Basculegion|1\n|-damage|p2b: Basculegion|0 fnt\n|faint|p2b: Basculegion\n|move|p2a: Kitten|Will-O-Wisp|p1b: Kingambit\n|-status|p1b: Kingambit|brn\n|\n|-damage|p1b: Kingambit|72/100 brn|[from] brn\n|upkeep\n|\n|t:|1775928310\n|switch|p1a: Pelipper|Pelipper, L50, F|100/100\n|-weather|RainDance|[from] ability: Drizzle|[of] p1a: Pelipper\n|turn|8\n|\n|t:|1775928321\n|move|p1a: Pelipper|Weather Ball|p2a: Kitten\n|-supereffective|p2a: Kitten|1\n|-damage|p2a: Kitten|0 fnt\n|faint|p2a: Kitten\n|\n|win|doragonna\n|raw|doragonna's rating: 1110 &rarr; <strong>1135</strong><br />(+25 for winning)\n|raw|calacadura's rating: 1107 &rarr; <strong>1082</strong><br />(-25 for losing)\n",
  "uploadtime": 1775928324,
  "views": 13,
  "formatid": "gen9championsvgc2026regma",
  "rating": 1082,
  "private": 0,
  "password": null
}