{
  "id": "gen9championsvgc2026regma-2585049283",
  "format": "[Gen 9 Champions] VGC 2026 Reg M-A",
  "players": [
    "rorbert",
    "npcplasma"
  ],
  "log": "|j|\u2606rorbert\n|j|\u2606npcplasma\n|t:|1776306699\n|gametype|doubles\n|player|p1|rorbert|grimsley|1167\n|player|p2|npcplasma|ghetsis|1163\n|gen|9\n|tier|[Gen 9 Champions] VGC 2026 Reg M-A\n|rated|\n|rule|Species Clause: Limit one of each Pok\u00e9mon\n|rule|Item Clause: Limit 1 of each item\n|clearpoke\n|poke|p1|Dragonite, L50, F|\n|poke|p1|Aggron, L50, F|\n|poke|p1|Pelipper, L50, F|\n|poke|p1|Sinistcha, L50|\n|poke|p1|Incineroar, L50, M|\n|poke|p1|Basculegion, L50, M|\n|poke|p2|Palafin, L50, M|\n|poke|p2|Meowscarada, L50, M|\n|poke|p2|Aegislash, L50, F|\n|poke|p2|Archaludon, L50, M|\n|poke|p2|Farigiraf, L50, F|\n|poke|p2|Drampa, L50, F|\n|teampreview|4\n|inactive|Battle timer is ON: inactive players will automatically lose when time's up. (requested by npcplasma)\n|c|\u2606rorbert|hey glhf\nrorbert has agreed to open team sheets.\n|inactive|rorbert has 60 seconds left.\n|inactive|rorbert has 30 seconds left.\n|inactive|rorbert has 20 seconds left.\n|\n|t:|1776306771\n|teamsize|p1|4\n|teamsize|p2|4\n|start\n|switch|p1a: Pelipper|Pelipper, L50, F|100/100\n|switch|p1b: Dragonite|Dragonite, L50, F|100/100\n|switch|p2a: Farigiraf|Farigiraf, L50, F|100/100\n|switch|p2b: Meowscarada|Meowscarada, L50, M|100/100\n|-weather|RainDance|[from] ability: Drizzle|[of] p1a: Pelipper\n|turn|1\n|inactive|rorbert has 30 seconds left.\n|inactive|npcplasma has 30 seconds left.\n|inactive|npcplasma has 20 seconds left.\n|inactive|npcplasma has 15 seconds left.\n|\n|t:|1776306813\n|detailschange|p1b: Dragonite|Dragonite-Mega, L50, F\n|-mega|p1b: Dragonite|Dragonite|Dragoninite\n|move|p2a: Farigiraf|Helping Hand|p2b: Meowscarada\n|-singleturn|p2b: Meowscarada|Helping Hand|[of] p2a: Farigiraf\n|move|p2b: Meowscarada|Triple Axel|p1b: Dragonite|[miss]\n|-miss|p2b: Meowscarada|p1b: Dragonite\n|move|p1b: Dragonite|Hurricane|p2a: Farigiraf\n|-damage|p2a: Farigiraf|44/100\n|-start|p2a: Farigiraf|confusion\n|-enditem|p2a: Farigiraf|Sitrus Berry|[eat]\n|-heal|p2a: Farigiraf|68/100|[from] item: Sitrus Berry\n|move|p1a: Pelipper|Hurricane|p2a: Farigiraf\n|-damage|p2a: Farigiraf|22/100\n|\n|-weather|RainDance|[upkeep]\n|upkeep\n|turn|2\n|inactive|rorbert has 30 seconds left.\n|inactive|rorbert has 20 seconds left.\n|\n|t:|1776306850\n|switch|p2a: Aegislash|Aegislash, L50, F|100/100\n|move|p1b: Dragonite|Protect|p1b: Dragonite\n|-singleturn|p1b: Dragonite|Protect\n|move|p2b: Meowscarada|Triple Axel|p1b: Dragonite\n|-activate|p1b: Dragonite|move: Protect\n|move|p1a: Pelipper|Tailwind|p1a: Pelipper\n|-sidestart|p1: rorbert|move: Tailwind\n|\n|-weather|RainDance|[upkeep]\n|upkeep\n|turn|3\n|inactive|rorbert has 30 seconds left.\n|inactive|npcplasma has 30 seconds left.\n|inactive|rorbert has 20 seconds left.\n|inactive|rorbert has 15 seconds left.\n|\n|t:|1776306894\n|-formechange|p2a: Aegislash|Aegislash-Blade|\n|move|p2a: Aegislash|Shadow Sneak|p1b: Dragonite\n|-damage|p1b: Dragonite|89/100\n|move|p1b: Dragonite|Hurricane|p2b: Meowscarada\n|-supereffective|p2b: Meowscarada|1\n|-damage|p2b: Meowscarada|0 fnt\n|faint|p2b: Meowscarada\n|move|p1a: Pelipper|Weather Ball|p2a: Aegislash\n|-damage|p2a: Aegislash|0 fnt\n|faint|p2a: Aegislash\n|\n|-weather|RainDance|[upkeep]\n|upkeep\n|\n|t:|1776306904\n|switch|p2b: Drampa|Drampa, L50, F|100/100\n|switch|p2a: Farigiraf|Farigiraf, L50, F|22/100\n|-ability|p2b: Drampa|Cloud Nine\n|turn|4\n|inactive|npcplasma has 30 seconds left.\n|inactive|npcplasma has 20 seconds left.\n|\n|t:|1776306939\n|switch|p1a: Sinistcha|Sinistcha, L50|100/100\n|-heal|p1b: Dragonite|100/100|[from] ability: Hospitality|[of] p1a: Sinistcha\n|detailschange|p2b: Drampa|Drampa-Mega, L50, F\n|-mega|p2b: Drampa|Drampa|Drampanite\n|move|p1b: Dragonite|Draco Meteor|p2b: Drampa\n|-supereffective|p2b: Drampa|1\n|-damage|p2b: Drampa|0 fnt\n|-unboost|p1b: Dragonite|spa|2\n|faint|p2b: Drampa\n|move|p2a: Farigiraf|Trick Room|p2a: Farigiraf\n|-fieldstart|move: Trick Room|[of] p2a: Farigiraf\n|\n|-weather|RainDance|[upkeep]\n|upkeep\n|turn|5\n|-message|npcplasma forfeited.\n|\n|win|rorbert\n|raw|rorbert's rating: 1167 &rarr; <strong>1192</strong><br />(+25 for winning)\n|raw|npcplasma's rating: 1163 &rarr; <strong>1138</strong><br />(-25 for losing)\n|l|\u2606npcplasma\n|player|p2|\n|c|\u2606rorbert|gg\n",
  "uploadtime": 1776307348,
  "views": 56,
  "formatid": "gen9championsvgc2026regma",
  "rating": 1138,
  "private": 0,
  "password": null
}