{
  "id": "gen9championsvgc2026regma-2582736970",
  "format": "[Gen 9 Champions] VGC 2026 Reg M-A",
  "players": [
    "Lav1997",
    "piedidiconkeldurr"
  ],
  "log": "|j|\u2606Lav1997\n|j|\u2606piedidiconkeldurr\n|t:|1776110602\n|gametype|doubles\n|player|p1|Lav1997|265|1222\n|player|p2|piedidiconkeldurr|cynthia|1136\n|gen|9\n|tier|[Gen 9 Champions] VGC 2026 Reg M-A\n|rated|\n|rule|Species Clause: Limit one of each Pok\u00e9mon\n|rule|Item Clause: Limit 1 of each item\n|clearpoke\n|poke|p1|Meganium, L50, F|\n|poke|p1|Torkoal, L50, F|\n|poke|p1|Farigiraf, L50, M|\n|poke|p1|Sneasler, L50, M|\n|poke|p1|Kingambit, L50, M|\n|poke|p1|Sinistcha, L50|\n|poke|p2|Camerupt, L50, F|\n|poke|p2|Farigiraf, L50, M|\n|poke|p2|Snorlax, L50, F|\n|poke|p2|Froslass, L50, F|\n|poke|p2|Sinistcha, L50|\n|poke|p2|Incineroar, L50, M|\n|teampreview|4\n|inactive|Battle timer is ON: inactive players will automatically lose when time's up. (requested by Lav1997)\n|\n|t:|1776110660\n|teamsize|p1|4\n|teamsize|p2|4\n|start\n|switch|p1a: Kingambit|Kingambit, L50, M|100/100\n|switch|p1b: Farigiraf|Farigiraf, L50, M|100/100\n|switch|p2a: Incineroar|Incineroar, L50, M|100/100\n|switch|p2b: Farigiraf|Farigiraf, L50, M|100/100\n|-ability|p2a: Incineroar|Intimidate|boost\n|-unboost|p1a: Kingambit|atk|1\n|-ability|p1a: Kingambit|Defiant|boost\n|-boost|p1a: Kingambit|atk|2\n|-unboost|p1b: Farigiraf|atk|1\n|turn|1\n|\n|t:|1776110682\n|move|p2b: Farigiraf|Helping Hand|p2a: Incineroar\n|-singleturn|p2a: Incineroar|Helping Hand|[of] p2b: Farigiraf\n|move|p1b: Farigiraf|Hyper Voice|p2b: Farigiraf|[spread] p2a,p2b\n|-damage|p2a: Incineroar|78/100\n|-damage|p2b: Farigiraf|78/100\n|move|p2a: Incineroar|Flare Blitz|p1a: Kingambit\n|-supereffective|p1a: Kingambit|1\n|-damage|p1a: Kingambit|0 fnt\n|faint|p1a: Kingambit\n|-damage|p2a: Incineroar|44/100|[from] Recoil\n|\n|upkeep\n|\n|t:|1776110696\n|switch|p1a: Meganium|Meganium, L50, F|100/100\n|turn|2\n|\n|t:|1776110710\n|move|p1a: Meganium|Protect|p1a: Meganium\n|-singleturn|p1a: Meganium|Protect\n|move|p2a: Incineroar|Darkest Lariat|p1b: Farigiraf\n|-supereffective|p1b: Farigiraf|1\n|-damage|p1b: Farigiraf|44/100\n|-enditem|p1b: Farigiraf|Sitrus Berry|[eat]\n|-heal|p1b: Farigiraf|69/100|[from] item: Sitrus Berry\n|move|p1b: Farigiraf|Trick Room|p1b: Farigiraf\n|-fieldstart|move: Trick Room|[of] p1b: Farigiraf\n|move|p2b: Farigiraf|Trick Room|p2b: Farigiraf\n|-fieldend|move: Trick Room\n|\n|upkeep\n|turn|3\n|inactive|piedidiconkeldurr has 30 seconds left.\n|\n|t:|1776110741\n|detailschange|p1a: Meganium|Meganium-Mega, L50, F\n|-mega|p1a: Meganium|Meganium|Meganiumite\n|move|p1a: Meganium|Dazzling Gleam|p2b: Farigiraf|[spread] p2a,p2b\n|-damage|p2a: Incineroar|14/100\n|-damage|p2b: Farigiraf|45/100\n|move|p1b: Farigiraf|Hyper Voice|p2b: Farigiraf|[spread] p2a,p2b\n|-damage|p2a: Incineroar|0 fnt\n|-damage|p2b: Farigiraf|24/100\n|faint|p2a: Incineroar\n|move|p2b: Farigiraf|Psychic|p1a: Meganium\n|-damage|p1a: Meganium|69/100\n|\n|upkeep\n|\n|t:|1776110759\n|switch|p2a: Snorlax|Snorlax, L50, F|100/100\n|turn|4\n|\n|t:|1776110768\n|move|p1a: Meganium|Solar Beam||[still]\n|-prepare|p1a: Meganium|Solar Beam\n|-activate|p1a: Meganium|ability: Mega Sol\n|-anim|p1a: Meganium|Solar Beam|p2a: Snorlax\n|-damage|p2a: Snorlax|55/100\n|move|p1b: Farigiraf|Hyper Voice|p2b: Farigiraf|[spread] p2a,p2b\n|-damage|p2a: Snorlax|41/100\n|-damage|p2b: Farigiraf|1/100\n|-enditem|p2a: Snorlax|Sitrus Berry|[eat]\n|-heal|p2a: Snorlax|65/100|[from] item: Sitrus Berry\n|move|p2a: Snorlax|Belly Drum|p2a: Snorlax\n|-damage|p2a: Snorlax|15/100\n|-setboost|p2a: Snorlax|atk|6|[from] move: Belly Drum\n|move|p2b: Farigiraf|Trick Room|p2b: Farigiraf\n|-fieldstart|move: Trick Room|[of] p2b: Farigiraf\n|\n|upkeep\n|turn|5\n|inactive|piedidiconkeldurr has 30 seconds left.\n|\n|t:|1776110799\n|move|p1a: Meganium|Protect|p1a: Meganium\n|-singleturn|p1a: Meganium|Protect\n|move|p2a: Snorlax|Body Slam|p1b: Farigiraf\n|-damage|p1b: Farigiraf|0 fnt\n|faint|p1b: Farigiraf\n|move|p2b: Farigiraf|Psychic|p1a: Meganium\n|-activate|p1a: Meganium|move: Protect\n|\n|upkeep\n|\n|t:|1776110808\n|switch|p1b: Torkoal|Torkoal, L50, F|100/100\n|-weather|SunnyDay|[from] ability: Drought|[of] p1b: Torkoal\n|turn|6\n|\n|t:|1776110821\n|move|p2a: Snorlax|Protect|p2a: Snorlax\n|-singleturn|p2a: Snorlax|Protect\n|move|p1b: Torkoal|Eruption|p2a: Snorlax|[spread] p2b\n|-activate|p2a: Snorlax|move: Protect\n|-damage|p2b: Farigiraf|0 fnt\n|faint|p2b: Farigiraf\n|move|p1a: Meganium|Dazzling Gleam|p2a: Snorlax\n|-activate|p2a: Snorlax|move: Protect\n|\n|-weather|SunnyDay|[upkeep]\n|upkeep\n|\n|t:|1776110830\n|switch|p2b: Camerupt|Camerupt, L50, F|100/100\n|turn|7\n|c|\u2606Lav1997|gg\n|inactive|piedidiconkeldurr has 30 seconds left.\n|\n|t:|1776110864\n|detailschange|p2b: Camerupt|Camerupt-Mega, L50, F\n|-mega|p2b: Camerupt|Camerupt|Cameruptite\n|move|p1b: Torkoal|Eruption|p2b: Camerupt|[spread] p2a,p2b\n|-resisted|p2b: Camerupt|1\n|-damage|p2a: Snorlax|0 fnt\n|-damage|p2b: Camerupt|59/100\n|faint|p2a: Snorlax\n|move|p2b: Camerupt|Eruption|p1a: Meganium|[spread] p1a,p1b\n|-supereffective|p1a: Meganium|1\n|-resisted|p1b: Torkoal|1\n|-damage|p1a: Meganium|0 fnt\n|-damage|p1b: Torkoal|62/100\n|faint|p1a: Meganium\n|\n|-weather|SunnyDay|[upkeep]\n|upkeep\n|turn|8\n|\n|t:|1776110883\n|move|p1b: Torkoal|Weather Ball|p2b: Camerupt\n|-resisted|p2b: Camerupt|1\n|-damage|p2b: Camerupt|24/100\n|move|p2b: Camerupt|Earth Power|p1b: Torkoal\n|-supereffective|p1b: Torkoal|1\n|-damage|p1b: Torkoal|0 fnt\n|faint|p1b: Torkoal\n|\n|win|piedidiconkeldurr\n|raw|Lav1997's rating: 1222 &rarr; <strong>1191</strong><br />(-31 for losing)\n|raw|piedidiconkeldurr's rating: 1136 &rarr; <strong>1167</strong><br />(+31 for winning)\n|l|\u2606Lav1997\n|player|p1|\n",
  "uploadtime": 1776110893,
  "views": 21,
  "formatid": "gen9championsvgc2026regma",
  "rating": 1167,
  "private": 0,
  "password": null
}