{
  "id": "gen9championsvgc2026regma-2582609342",
  "format": "[Gen 9 Champions] VGC 2026 Reg M-A",
  "players": [
    "Solander",
    "youngster louis"
  ],
  "log": "|j|\u2606Solander\n|j|\u2606youngster louis\n|t:|1776102423\n|gametype|doubles\n|player|p1|Solander|hilbert|1000\n|player|p2|youngster louis|youngster-gen4dp|1064\n|gen|9\n|tier|[Gen 9 Champions] VGC 2026 Reg M-A\n|rated|\n|rule|Species Clause: Limit one of each Pok\u00e9mon\n|rule|Item Clause: Limit 1 of each item\n|clearpoke\n|poke|p1|Froslass, L50, F|\n|poke|p1|Greninja-*, L50, M|\n|poke|p1|Garchomp, L50, M|\n|poke|p1|Tyranitar, L50, F|\n|poke|p2|Archaludon, L50, M|\n|poke|p2|Dragonite, L50, M|\n|poke|p2|Basculegion, L50, M|\n|poke|p2|Politoed, L50, M|\n|poke|p2|Greninja-*, L50, M|\n|poke|p2|Sneasler, L50, M|\n|teampreview|4\n|c|\u2606youngster louis|Only 4?\n|c|\u2606Solander|yeah\n|c|\u2606youngster louis|Interesting, glhf\n|\n|t:|1776102471\n|teamsize|p1|4\n|teamsize|p2|4\n|start\n|switch|p1a: Tyranitar|Tyranitar, L50, F|100/100\n|switch|p1b: Garchomp|Garchomp, L50, M|100/100\n|switch|p2a: Sneasler|Sneasler, L50, M, shiny|100/100\n|switch|p2b: Greninja|Greninja, L50, M, shiny|100/100\n|-weather|Sandstorm|[from] ability: Sand Stream|[of] p1a: Tyranitar\n|turn|1\n|\n|t:|1776102492\n|detailschange|p2b: Greninja|Greninja-Mega, L50, M, shiny\n|-mega|p2b: Greninja|Greninja|Greninjite\n|move|p2a: Sneasler|Protect|p2a: Sneasler\n|-singleturn|p2a: Sneasler|Protect\n|move|p2b: Greninja|Ice Beam|p1b: Garchomp|[miss]\n|-start|p2b: Greninja|typechange|Ice|[from] ability: Protean\n|-miss|p2b: Greninja|p1b: Garchomp\n|move|p1b: Garchomp|Dragon Claw|p2a: Sneasler\n|-activate|p2a: Sneasler|move: Protect\n|move|p1a: Tyranitar|Stone Edge|p2b: Greninja\n|-supereffective|p2b: Greninja|1\n|-damage|p2b: Greninja|0 fnt\n|faint|p2b: Greninja\n|\n|-weather|Sandstorm|[upkeep]\n|-damage|p2a: Sneasler|94/100|[from] Sandstorm\n|upkeep\n|\n|t:|1776102508\n|switch|p2b: Politoed|Politoed, L50, M, shiny|100/100\n|-weather|RainDance|[from] ability: Drizzle|[of] p2b: Politoed\n|turn|2\n|\n|t:|1776102527\n|move|p1b: Garchomp|Dragon Claw|p2a: Sneasler\n|-damage|p2a: Sneasler|35/100\n|move|p2a: Sneasler|Fling|p1b: Garchomp\n|-damage|p1b: Garchomp|89/100\n|-enditem|p2a: Sneasler|King's Rock|[from] move: Fling\n|move|p2b: Politoed|Ice Punch|p1b: Garchomp\n|-supereffective|p1b: Garchomp|2\n|-damage|p1b: Garchomp|37/100\n|move|p1a: Tyranitar|Stone Edge|p2b: Politoed\n|-damage|p2b: Politoed|28/100\n|\n|-weather|RainDance|[upkeep]\n|upkeep\n|turn|3\n|\n|t:|1776102543\n|move|p2a: Sneasler|Protect|p2a: Sneasler\n|-singleturn|p2a: Sneasler|Protect\n|move|p1b: Garchomp|Dragon Claw|p2a: Sneasler\n|-activate|p2a: Sneasler|move: Protect\n|move|p2b: Politoed|Perish Song|p2b: Politoed\n|-start|p1a: Tyranitar|perish3|[silent]\n|-start|p1b: Garchomp|perish3|[silent]\n|-start|p2a: Sneasler|perish3|[silent]\n|-start|p2b: Politoed|perish3|[silent]\n|-fieldactivate|move: Perish Song\n|move|p1a: Tyranitar|Stone Edge|p2b: Politoed\n|-damage|p2b: Politoed|0 fnt\n|faint|p2b: Politoed\n|\n|-weather|RainDance|[upkeep]\n|-start|p2a: Sneasler|perish3\n|-start|p1b: Garchomp|perish3\n|-start|p1a: Tyranitar|perish3\n|upkeep\n|\n|t:|1776102557\n|switch|p2b: Archaludon|Archaludon, L50, M, shiny|100/100\n|turn|4\n|\n|t:|1776102569\n|move|p2a: Sneasler|Protect||[still]\n|-fail|p2a: Sneasler\n|move|p1b: Garchomp|Dragon Claw|p2a: Sneasler\n|-damage|p2a: Sneasler|0 fnt\n|faint|p2a: Sneasler\n|move|p2b: Archaludon|Electro Shot||[still]\n|-prepare|p2b: Archaludon|Electro Shot\n|-boost|p2b: Archaludon|spa|1\n|-anim|p2b: Archaludon|Electro Shot|p1a: Tyranitar\n|-damage|p1a: Tyranitar|35/100\n|move|p1a: Tyranitar|Ice Punch|p2b: Archaludon\n|-damage|p2b: Archaludon|78/100\n|-ability|p2b: Archaludon|Stamina|boost\n|-boost|p2b: Archaludon|def|1\n|\n|-weather|RainDance|[upkeep]\n|-start|p1b: Garchomp|perish2\n|-start|p1a: Tyranitar|perish2\n|upkeep\n|turn|5\n|\n|t:|1776102589\n|move|p1b: Garchomp|Dragon Claw|p2b: Archaludon\n|-damage|p2b: Archaludon|55/100\n|-ability|p2b: Archaludon|Stamina|boost\n|-boost|p2b: Archaludon|def|1\n|move|p2b: Archaludon|Steel Beam|p1a: Tyranitar|[miss]\n|-miss|p2b: Archaludon|p1a: Tyranitar\n|-damage|p2b: Archaludon|5/100|[from] steelbeam\n|move|p1a: Tyranitar|Ice Punch|p2b: Archaludon\n|-damage|p2b: Archaludon|0 fnt\n|faint|p2b: Archaludon\n|\n|win|Solander\n|raw|Solander's rating: 1000 &rarr; <strong>1047</strong><br />(+47 for winning)\n|raw|youngster louis's rating: 1064 &rarr; <strong>1041</strong><br />(-23 for losing)\n",
  "uploadtime": 1776102595,
  "views": 19,
  "formatid": "gen9championsvgc2026regma",
  "rating": 1041,
  "private": 0,
  "password": null
}