{
  "id": "gen9championsvgc2026regma-2584340661",
  "format": "[Gen 9 Champions] VGC 2026 Reg M-A",
  "players": [
    "EDJPP",
    "ILoveSelma"
  ],
  "log": "|j|\u2606EDJPP\n|j|\u203dILoveSelma\n|html|<table width=\"100%\"><tr><td align=\"left\">EDJPP</td><td align=\"right\">ILoveSelma</tr><tr><td align=\"left\"><i class=\"fa fa-circle\"></i> <i class=\"fa fa-circle-o\"></i> </td><td align=\"right\"><i class=\"fa fa-circle-o\"></i> <i class=\"fa fa-circle\"></i> </tr></table>\n|uhtml|bestof|<h2><strong>Game 3</strong> of <a href=\"/game-bestof3-gen9championsvgc2026regma-2584333972\">a best-of-3</a></h2>\n|t:|1776252960\n|gametype|doubles\n|player|p1|EDJPP|volkner|\n|player|p2|ILoveSelma|170|\n|gen|9\n|tier|[Gen 9 Champions] VGC 2026 Reg M-A\n|rated|Tournament battle\n|rule|Species Clause: Limit one of each Pok\u00e9mon\n|rule|Item Clause: Limit 1 of each item\n|raw|<div class=\"infobox\"><details class=\"readmore\" open><summary><strong>2 custom rules:</strong></summary> Force Open Team Sheets, Best of = 3</details></div>\n|clearpoke\n|poke|p1|Garganacl, L50, F|\n|poke|p1|Sinistcha, L50|\n|poke|p1|Primarina, L50, M|\n|poke|p1|Incineroar, L50, M|\n|poke|p1|Froslass, L50, F|\n|poke|p1|Aerodactyl, L50, F|\n|poke|p2|Floette-Eternal, L50, F|\n|poke|p2|Sinistcha, L50|\n|poke|p2|Maushold, L50|\n|poke|p2|Garchomp, L50, M|\n|poke|p2|Talonflame, L50, F|\n|poke|p2|Rotom-Wash, L50|\n|teampreview|4\n|showteam|p1|Garganacl||Leftovers|ClearBody|SaltCure,RockSlide,BodyPress,HeavySlam|||F|||50|]Sinistcha||SitrusBerry|Hospitality|LifeDew,MatchaGotcha,TrickRoom,RagePowder||||||50|]Primarina||FairyFeather|LiquidVoice|HyperVoice,Moonblast,DazzlingGleam,Protect|||M|||50|]Incineroar||Charcoal|Intimidate|FakeOut,HelpingHand,FlareBlitz,DarkestLariat|||M|||50|]Froslass||Froslassite|CursedBody|AuroraVeil,Blizzard,ShadowBall,NastyPlot|||F|||50|]Aerodactyl||FocusSash|Unnerve|Tailwind,DualWingbeat,RockSlide,Protect|||F|||50|\n|showteam|p2|Floette-Eternal||Floettite|FlowerVeil|CalmMind,Moonblast,DazzlingGleam,Protect|||F|||50|]Sinistcha||SitrusBerry|Hospitality|MatchaGotcha,LifeDew,RagePowder,Protect||||||50|]Maushold||FocusSash|FriendGuard|FollowMe,Taunt,SuperFang,Protect||||||50|]Garchomp||Leftovers|RoughSkin|Earthquake,RockSlide,DragonClaw,Protect|||M|||50|]Talonflame|||GaleWings|Acrobatics,FlareBlitz,Tailwind,Protect|||F|||50|]Rotom-Wash||Magnet|Levitate|VoltSwitch,Thunderbolt,HydroPump,Protect||||||50|\n|inactive|Battle timer is ON: inactive players will automatically lose when time's up. (requested by EDJPP)\n|\n|t:|1776252974\n|teamsize|p1|4\n|teamsize|p2|4\n|start\n|switch|p1a: Incineroar|Incineroar, L50, M|100/100\n|switch|p1b: Aerodactyl|Aerodactyl, L50, F|100/100\n|switch|p2a: Floette|Floette-Eternal, L50, F|100/100\n|switch|p2b: Maushold|Maushold, L50|100/100\n|-ability|p1b: Aerodactyl|Unnerve\n|-ability|p1a: Incineroar|Intimidate|boost\n|-unboost|p2a: Floette|atk|1\n|-unboost|p2b: Maushold|atk|1\n|turn|1\n|inactive|ILoveSelma has 30 seconds left.\n|\n|t:|1776253007\n|detailschange|p2a: Floette|Floette-Mega, L50, F\n|-mega|p2a: Floette|Floette|Floettite\n|-ability|p2a: Floette|Fairy Aura\n|move|p1a: Incineroar|Fake Out|p2b: Maushold\n|-damage|p2b: Maushold|83/100\n|move|p1b: Aerodactyl|Rock Slide|p2b: Maushold|[spread] p2a,p2b\n|-damage|p2a: Floette|78/100\n|-damage|p2b: Maushold|51/100\n|cant|p2b: Maushold|flinch\n|move|p2a: Floette|Dazzling Gleam|p1b: Aerodactyl|[spread] p1a,p1b\n|-damage|p1a: Incineroar|53/100\n|-damage|p1b: Aerodactyl|25/100\n|\n|upkeep\n|turn|2\n|j| ham_unbound\n|inactive|EDJPP has 30 seconds left.\n|inactive|EDJPP has 20 seconds left.\n|inactive|EDJPP has 15 seconds left.\n|inactive|EDJPP has 10 seconds left.\n|inactive|EDJPP has 5 seconds left.\n|\n|t:|1776253059\n|move|p1b: Aerodactyl|Rock Slide|p2b: Maushold|[spread] p2a,p2b\n|-damage|p2a: Floette|59/100\n|-damage|p2b: Maushold|19/100\n|cant|p2b: Maushold|flinch\n|move|p2a: Floette|Dazzling Gleam|p1a: Incineroar|[spread] p1a,p1b\n|-damage|p1a: Incineroar|11/100\n|-damage|p1b: Aerodactyl|0 fnt\n|faint|p1b: Aerodactyl\n|move|p1a: Incineroar|Flare Blitz|p2a: Floette\n|-damage|p2a: Floette|0 fnt\n|faint|p2a: Floette\n|-damage|p1a: Incineroar|0 fnt|[from] Recoil\n|faint|p1a: Incineroar\n|\n|upkeep\n|\n|t:|1776253074\n|switch|p1b: Garganacl|Garganacl, L50, F|100/100\n|switch|p2a: Rotom|Rotom-Wash, L50, shiny|100/100\n|switch|p1a: Froslass|Froslass, L50, F|100/100\n|turn|3\n|inactive|EDJPP has 30 seconds left.\n|inactive|EDJPP has 20 seconds left.\n|inactive|EDJPP has 15 seconds left.\n|inactive|EDJPP has 10 seconds left.\n|inactive|EDJPP has 5 seconds left.\n|\n|t:|1776253130\n|move|p2b: Maushold|Taunt|p1a: Froslass\n|-start|p1a: Froslass|move: Taunt\n|cant|p1a: Froslass|move: Taunt|Aurora Veil\n|move|p2a: Rotom|Thunderbolt|p1a: Froslass\n|-damage|p1a: Froslass|25/100\n|move|p1b: Garganacl|Salt Cure|p2a: Rotom\n|-damage|p2a: Rotom|85/100\n|-start|p2a: Rotom|Salt Cure\n|\n|-damage|p2a: Rotom|73/100|[from] Salt Cure\n|upkeep\n|turn|4\n|\n|t:|1776253154\n|detailschange|p1a: Froslass|Froslass-Mega, L50, F\n|-mega|p1a: Froslass|Froslass|Froslassite\n|-weather|Snowscape|[from] ability: Snow Warning|[of] p1a: Froslass\n|move|p2b: Maushold|Follow Me|p2b: Maushold\n|-singleturn|p2b: Maushold|move: Follow Me\n|move|p1a: Froslass|Blizzard|p2b: Maushold|[spread] p2a,p2b\n|-resisted|p2a: Rotom|1\n|-crit|p2a: Rotom\n|-damage|p2a: Rotom|41/100\n|-damage|p2b: Maushold|0 fnt\n|faint|p2b: Maushold\n|move|p2a: Rotom|Thunderbolt|p1a: Froslass\n|-damage|p1a: Froslass|0 fnt\n|faint|p1a: Froslass\n|move|p1b: Garganacl|Salt Cure|p2a: Rotom\n|-damage|p2a: Rotom|22/100\n|\n|-weather|Snowscape|[upkeep]\n|-damage|p2a: Rotom|10/100|[from] Salt Cure\n|upkeep\n|\n|t:|1776253170\n|switch|p2b: Sinistcha|Sinistcha, L50|100/100\n|-heal|p2a: Rotom|34/100|[from] ability: Hospitality|[of] p2b: Sinistcha\n|turn|5\n|\n|t:|1776253175\n|move|p2a: Rotom|Protect|p2a: Rotom\n|-singleturn|p2a: Rotom|Protect\n|move|p2b: Sinistcha|Life Dew||[still]|[spread] p2a,p2b\n|-heal|p2a: Rotom|60/100\n|-fail|p2b: Sinistcha|heal\n|move|p1b: Garganacl|Rock Slide|p2b: Sinistcha|[spread] \n|-activate|p2a: Rotom|move: Protect\n|-miss|p1b: Garganacl|p2b: Sinistcha\n|\n|-weather|Snowscape|[upkeep]\n|-damage|p2a: Rotom|48/100|[from] Salt Cure\n|upkeep\n|turn|6\n|\n|t:|1776253189\n|move|p2a: Rotom|Hydro Pump|p1b: Garganacl\n|-supereffective|p1b: Garganacl|1\n|-damage|p1b: Garganacl|33/100\n|move|p2b: Sinistcha|Life Dew||[still]|[spread] p2a,p2b\n|-heal|p2a: Rotom|73/100\n|-fail|p2b: Sinistcha|heal\n|move|p1b: Garganacl|Heavy Slam|p2b: Sinistcha\n|-damage|p2b: Sinistcha|75/100\n|\n|-weather|Snowscape|[upkeep]\n|-heal|p1b: Garganacl|39/100|[from] item: Leftovers\n|-damage|p2a: Rotom|61/100|[from] Salt Cure\n|upkeep\n|turn|7\n|c|\u2606EDJPP|ggs\n|inactive|ILoveSelma has 30 seconds left.\n|inactive|ILoveSelma has 20 seconds left.\n|inactive|ILoveSelma has 15 seconds left.\n|inactive|ILoveSelma has 10 seconds left.\n|inactive|ILoveSelma has 5 seconds left.\n|\n|t:|1776253244\n|move|p2a: Rotom|Volt Switch|p1b: Garganacl\n|-damage|p1b: Garganacl|9/100\n|move|p2b: Sinistcha|Matcha Gotcha|p1b: Garganacl\n|-supereffective|p1b: Garganacl|1\n|-damage|p1b: Garganacl|0 fnt\n|-heal|p2b: Sinistcha|80/100|[from] drain|[of] p1b: Garganacl\n|faint|p1b: Garganacl\n|\n|win|ILoveSelma\n|l| ham_unbound\n",
  "uploadtime": 1776253309,
  "views": 24,
  "formatid": "gen9championsvgc2026regma",
  "rating": null,
  "private": 0,
  "password": null
}