{
  "id": "gen9championsvgc2026regma-2589415737",
  "format": "[Gen 9 Champions] VGC 2026 Reg M-A",
  "players": [
    "DiegoDiaZz",
    "neonfan401"
  ],
  "log": "|j|\u2606DiegoDiaZz\n|j|\u2606neonfan401\n|t:|1776721096\n|gametype|doubles\n|player|p1|DiegoDiaZz|veteran|1190\n|player|p2|neonfan401|miku-ground|1191\n|gen|9\n|tier|[Gen 9 Champions] VGC 2026 Reg M-A\n|rated|\n|rule|Species Clause: Limit one of each Pok\u00e9mon\n|rule|Item Clause: Limit 1 of each item\n|clearpoke\n|poke|p1|Aerodactyl, L50, M|\n|poke|p1|Incineroar, L50, M|\n|poke|p1|Rotom-Wash, L50, shiny|\n|poke|p1|Kangaskhan, L50, F, shiny|\n|poke|p1|Sneasler, L50, M|\n|poke|p1|Archaludon, L50, F|\n|poke|p2|Aerodactyl, L50, M|\n|poke|p2|Blastoise, L50, M|\n|poke|p2|Sinistcha, L50|\n|poke|p2|Kingambit, L50, F|\n|poke|p2|Farigiraf, L50, M|\n|poke|p2|Raichu, L50, F|\n|teampreview|4\n|inactive|Battle timer is ON: inactive players will automatically lose when time's up. (requested by DiegoDiaZz)\nneonfan401 has agreed to open team sheets.\nDiegoDiaZz rejected open team sheets.\n|inactive|neonfan401 has 60 seconds left.\n|\n|t:|1776721130\n|teamsize|p1|4\n|teamsize|p2|4\n|start\n|switch|p1a: Aerodactyl|Aerodactyl, L50, M|100/100\n|switch|p1b: Rotom|Rotom-Wash, L50, shiny|100/100\n|switch|p2a: Blastoise|Blastoise, L50, M|100/100\n|switch|p2b: Farigiraf|Farigiraf, L50, M|100/100\n|-ability|p1a: Aerodactyl|Unnerve\n|turn|1\n|inactive|DiegoDiaZz has 30 seconds left.\n|inactive|DiegoDiaZz has 20 seconds left.\n|inactive|neonfan401 has 30 seconds left.\n|\n|t:|1776721170\n|move|p2a: Blastoise|Protect|p2a: Blastoise\n|-singleturn|p2a: Blastoise|Protect\n|move|p1a: Aerodactyl|Rock Slide|p2b: Farigiraf|[spread] p2b\n|-activate|p2a: Blastoise|move: Protect\n|-damage|p2b: Farigiraf|81/100\n|move|p1b: Rotom|Electroweb|p2b: Farigiraf|[spread] p2b\n|-activate|p2a: Blastoise|move: Protect\n|-damage|p2b: Farigiraf|62/100\n|-unboost|p2b: Farigiraf|spe|1\n|cant|p2b: Farigiraf|flinch\n|\n|upkeep\n|turn|2\n|\n|t:|1776721187\n|switch|p2a: Sinistcha|Sinistcha, L50|100/100\n|-heal|p2b: Farigiraf|87/100|[from] ability: Hospitality|[of] p2a: Sinistcha\n|move|p1a: Aerodactyl|Rock Slide|p2b: Farigiraf|[spread] p2a,p2b\n|-damage|p2a: Sinistcha|80/100\n|-damage|p2b: Farigiraf|67/100\n|move|p1b: Rotom|Electroweb|p2a: Sinistcha|[spread] p2a,p2b\n|-resisted|p2a: Sinistcha|1\n|-damage|p2a: Sinistcha|71/100\n|-damage|p2b: Farigiraf|46/100\n|-unboost|p2a: Sinistcha|spe|1\n|-unboost|p2b: Farigiraf|spe|1\n|move|p2b: Farigiraf|Trick Room|p2b: Farigiraf\n|-fieldstart|move: Trick Room|[of] p2b: Farigiraf\n|\n|upkeep\n|turn|3\n|\n|t:|1776721210\n|switch|p2b: Blastoise|Blastoise, L50, M|100/100\n|move|p2a: Sinistcha|Matcha Gotcha|p1b: Rotom|[spread] p1a,p1b\n|-supereffective|p1b: Rotom|1\n|-damage|p1a: Aerodactyl|69/100\n|-heal|p2a: Sinistcha|85/100|[from] drain|[of] p1a: Aerodactyl\n|-damage|p1b: Rotom|36/100\n|-heal|p2a: Sinistcha|100/100|[from] drain|[of] p1b: Rotom\n|move|p1b: Rotom|Electroweb|p2a: Sinistcha|[spread] p2a,p2b\n|-resisted|p2a: Sinistcha|1\n|-supereffective|p2b: Blastoise|1\n|-damage|p2a: Sinistcha|90/100\n|-damage|p2b: Blastoise|60/100\n|-unboost|p2a: Sinistcha|spe|1\n|-unboost|p2b: Blastoise|spe|1\n|move|p1a: Aerodactyl|Dual Wingbeat|p2a: Sinistcha\n|-supereffective|p2a: Sinistcha|1\n|-damage|p2a: Sinistcha|63/100\n|-supereffective|p2a: Sinistcha|1\n|-damage|p2a: Sinistcha|36/100\n|-hitcount|p2a: Sinistcha|2\n|\n|upkeep\n|turn|4\n|\n|t:|1776721229\n|detailschange|p2b: Blastoise|Blastoise-Mega, L50, M\n|-mega|p2b: Blastoise|Blastoise|Blastoisinite\n|move|p1a: Aerodactyl|Wide Guard|p1a: Aerodactyl\n|-singleturn|p1a: Aerodactyl|Wide Guard\n|move|p2a: Sinistcha|Life Dew|p2a: Sinistcha|[spread] p2a,p2b\n|-heal|p2a: Sinistcha|62/100\n|-heal|p2b: Blastoise|85/100\n|move|p2b: Blastoise|Water Spout|p1b: Rotom|[spread] \n|-activate|p1a: Aerodactyl|move: Wide Guard\n|-activate|p1b: Rotom|move: Wide Guard\n|move|p1b: Rotom|Electroweb|p2b: Blastoise|[spread] p2a,p2b\n|-resisted|p2a: Sinistcha|1\n|-supereffective|p2b: Blastoise|1\n|-damage|p2a: Sinistcha|52/100\n|-damage|p2b: Blastoise|48/100\n|-unboost|p2a: Sinistcha|spe|1\n|-unboost|p2b: Blastoise|spe|1\n|\n|upkeep\n|turn|5\n|\n|t:|1776721246\n|move|p1a: Aerodactyl|Wide Guard|p1a: Aerodactyl\n|-singleturn|p1a: Aerodactyl|Wide Guard\n|move|p2a: Sinistcha|Life Dew|p2a: Sinistcha|[spread] p2a,p2b\n|-heal|p2a: Sinistcha|77/100\n|-heal|p2b: Blastoise|73/100\n|move|p2b: Blastoise|Dark Pulse|p1b: Rotom\n|-damage|p1b: Rotom|0 fnt\n|faint|p1b: Rotom\n|\n|upkeep\n|\n|t:|1776721256\n|switch|p1b: Kangaskhan|Kangaskhan, L50, F, shiny|100/100\n|turn|6\n|\n|t:|1776721278\n|detailschange|p1b: Kangaskhan|Kangaskhan-Mega, L50, F, shiny\n|-mega|p1b: Kangaskhan|Kangaskhan|Kangaskhanite\n|move|p1b: Kangaskhan|Fake Out|p2b: Blastoise\n|-damage|p2b: Blastoise|55/100\n|-damage|p2b: Blastoise|51/100\n|-hitcount|p2b: Blastoise|2\n|move|p2a: Sinistcha|Life Dew|p2a: Sinistcha|[spread] p2a,p2b\n|-heal|p2a: Sinistcha|100/100\n|-heal|p2b: Blastoise|76/100\n|cant|p2b: Blastoise|flinch\n|move|p1a: Aerodactyl|Rock Slide|p2b: Blastoise|[spread] p2a\n|-miss|p1a: Aerodactyl|p2b: Blastoise\n|-damage|p2a: Sinistcha|80/100\n|\n|-fieldend|move: Trick Room\n|upkeep\n|turn|7\n|\n|t:|1776721295\n|move|p2a: Sinistcha|Rage Powder|p2a: Sinistcha\n|-singleturn|p2a: Sinistcha|move: Rage Powder\n|move|p1a: Aerodactyl|Dual Wingbeat|p2a: Sinistcha\n|-supereffective|p2a: Sinistcha|1\n|-damage|p2a: Sinistcha|52/100\n|-supereffective|p2a: Sinistcha|1\n|-damage|p2a: Sinistcha|21/100\n|-hitcount|p2a: Sinistcha|2\n|move|p1b: Kangaskhan|Double-Edge|p2a: Sinistcha\n|-immune|p2a: Sinistcha\n|move|p2b: Blastoise|Aura Sphere|p1b: Kangaskhan\n|-supereffective|p1b: Kangaskhan|1\n|-damage|p1b: Kangaskhan|20/100\n|\n|upkeep\n|turn|8\n|\n|t:|1776721318\n|switch|p2a: Farigiraf|Farigiraf, L50, M|46/100\n|move|p2b: Blastoise|Protect|p2b: Blastoise\n|-singleturn|p2b: Blastoise|Protect\n|move|p1a: Aerodactyl|Dual Wingbeat|p2a: Farigiraf\n|-damage|p2a: Farigiraf|33/100\n|-damage|p2a: Farigiraf|20/100\n|-hitcount|p2a: Farigiraf|2\n|move|p1b: Kangaskhan|Double-Edge|p2b: Blastoise\n|-activate|p2b: Blastoise|move: Protect\n|\n|upkeep\n|turn|9\n|\n|t:|1776721342\n|switch|p2b: Kingambit|Kingambit, L50, F|100/100\n|move|p1a: Aerodactyl|Dual Wingbeat|p2a: Farigiraf\n|-damage|p2a: Farigiraf|8/100\n|-damage|p2a: Farigiraf|0 fnt\n|faint|p2a: Farigiraf\n|-hitcount|p2: Farigiraf|2\n|move|p1b: Kangaskhan|Double-Edge|p2b: Kingambit\n|-resisted|p2b: Kingambit|1\n|-damage|p2b: Kingambit|77/100\n|-resisted|p2b: Kingambit|1\n|-damage|p2b: Kingambit|72/100\n|-hitcount|p2b: Kingambit|2\n|-damage|p1b: Kangaskhan|10/100|[from] Recoil\n|\n|upkeep\n|\n|t:|1776721356\n|switch|p2a: Sinistcha|Sinistcha, L50|21/100\n|-heal|p2b: Kingambit|96/100|[from] ability: Hospitality|[of] p2a: Sinistcha\n|turn|10\n|\n|t:|1776721365\n|move|p2b: Kingambit|Sucker Punch|p1a: Aerodactyl\n|-damage|p1a: Aerodactyl|0 fnt\n|faint|p1a: Aerodactyl\n|move|p1b: Kangaskhan|Drain Punch|p2b: Kingambit\n|-supereffective|p2b: Kingambit|2\n|-damage|p2b: Kingambit|7/100\n|-heal|p1b: Kangaskhan|54/100|[from] drain|[of] p2b: Kingambit\n|-supereffective|p2b: Kingambit|2\n|-damage|p2b: Kingambit|0 fnt\n|-heal|p1b: Kangaskhan|58/100|[from] drain|[of] p2b: Kingambit\n|faint|p2b: Kingambit\n|-hitcount|p2: Kingambit|2\n|move|p2a: Sinistcha|Trick Room|p2a: Sinistcha\n|-fieldstart|move: Trick Room|[of] p2a: Sinistcha\n|\n|upkeep\n|\n|t:|1776721377\n|switch|p2b: Blastoise|Blastoise-Mega, L50, M|76/100\n|switch|p1a: Sneasler|Sneasler, L50, M|100/100\n|turn|11\n|inactive|DiegoDiaZz has 30 seconds left.\n|\n|t:|1776721403\n|move|p2b: Blastoise|Protect|p2b: Blastoise\n|-singleturn|p2b: Blastoise|Protect\n|move|p1a: Sneasler|Fake Out|p2b: Blastoise\n|-activate|p2b: Blastoise|move: Protect\n|move|p2a: Sinistcha|Life Dew|p2a: Sinistcha|[spread] p2a,p2b\n|-heal|p2a: Sinistcha|47/100\n|-heal|p2b: Blastoise|100/100\n|move|p1b: Kangaskhan|Double-Edge|p2b: Blastoise\n|-activate|p2b: Blastoise|move: Protect\n|\n|upkeep\n|turn|12\n|\n|t:|1776721419\n|move|p2a: Sinistcha|Rage Powder|p2a: Sinistcha\n|-singleturn|p2a: Sinistcha|move: Rage Powder\n|move|p1b: Kangaskhan|Sucker Punch||[still]\n|-fail|p1b: Kangaskhan\n|move|p2b: Blastoise|Water Spout|p1a: Sneasler|[spread] p1a,p1b\n|-damage|p1a: Sneasler|33/100\n|-damage|p1b: Kangaskhan|2/100\n|move|p1a: Sneasler|Dire Claw|p2a: Sinistcha\n|-damage|p2a: Sinistcha|7/100\n|\n|upkeep\n|turn|13\n|\n|t:|1776721435\n|move|p1a: Sneasler|Protect|p1a: Sneasler\n|-singleturn|p1a: Sneasler|Protect\n|move|p2a: Sinistcha|Rage Powder|p2a: Sinistcha\n|-singleturn|p2a: Sinistcha|move: Rage Powder\n|move|p1b: Kangaskhan|Sucker Punch||[still]\n|-fail|p1b: Kangaskhan\n|move|p2b: Blastoise|Water Spout|p1b: Kangaskhan|[spread] p1b\n|-activate|p1a: Sneasler|move: Protect\n|-damage|p1b: Kangaskhan|0 fnt\n|faint|p1b: Kangaskhan\n|\n|upkeep\n|turn|14\n|-message|DiegoDiaZz forfeited.\n|\n|win|neonfan401\n|raw|DiegoDiaZz's rating: 1190 &rarr; <strong>1165</strong><br />(-25 for losing)\n|raw|neonfan401's rating: 1191 &rarr; <strong>1216</strong><br />(+25 for winning)\n|l|\u2606DiegoDiaZz\n|player|p1|\n|c|\u2606neonfan401|gg\n",
  "uploadtime": 1776721450,
  "views": 12,
  "formatid": "gen9championsvgc2026regma",
  "rating": 1165,
  "private": 0,
  "password": null
}