{
  "id": "gen9championsvgc2026regma-2589528143",
  "format": "[Gen 9 Champions] VGC 2026 Reg M-A",
  "players": [
    "Krisuerte",
    "Quaza15"
  ],
  "log": "|j|\u2606Krisuerte\n|j|\u2606Quaza15\n|t:|1776731182\n|gametype|doubles\n|player|p1|Krisuerte|266|1604\n|player|p2|Quaza15|ruinmaniac|1492\n|gen|9\n|tier|[Gen 9 Champions] VGC 2026 Reg M-A\n|rated|\n|rule|Species Clause: Limit one of each Pok\u00e9mon\n|rule|Item Clause: Limit 1 of each item\n|clearpoke\n|poke|p1|Tyranitar, L50, F|\n|poke|p1|Garchomp, L50, F|\n|poke|p1|Excadrill, L50, M|\n|poke|p1|Incineroar, L50, M|\n|poke|p1|Rotom-Wash, L50|\n|poke|p1|Corviknight, L50, F|\n|poke|p2|Aerodactyl, L50, M|\n|poke|p2|Garchomp, L50, F|\n|poke|p2|Mamoswine, L50, M|\n|poke|p2|Charizard, L50, M|\n|poke|p2|Kingambit, L50, M|\n|poke|p2|Rotom-Wash, L50|\n|teampreview|4\n|j| not world\n|inactive|Battle timer is ON: inactive players will automatically lose when time's up. (requested by Krisuerte)\n|\n|t:|1776731244\n|teamsize|p1|4\n|teamsize|p2|4\n|start\n|switch|p1a: Rotom|Rotom-Wash, L50|100/100\n|switch|p1b: Corviknight|Corviknight, L50, F|100/100\n|switch|p2a: Kingambit|Kingambit, L50, M|100/100\n|switch|p2b: Rotom|Rotom-Wash, L50|100/100\n|turn|1\n|\n|t:|1776731262\n|move|p2b: Rotom|Thunderbolt|p1b: Corviknight\n|-supereffective|p1b: Corviknight|1\n|-damage|p1b: Corviknight|53/100\n|move|p1a: Rotom|Volt Switch|p2b: Rotom\n|-damage|p2b: Rotom|56/100\n|\n|t:|1776731269\n|switch|p1a: Tyranitar|Tyranitar, L50, F|100/100|[from] Volt Switch\n|-weather|Sandstorm|[from] ability: Sand Stream|[of] p1a: Tyranitar\n|move|p1b: Corviknight|Iron Defense|p1b: Corviknight\n|-boost|p1b: Corviknight|def|2\n|move|p2a: Kingambit|Kowtow Cleave|p1a: Tyranitar\n|-resisted|p1a: Tyranitar|1\n|-damage|p1a: Tyranitar|81/100\n|\n|-weather|Sandstorm|[upkeep]\n|-damage|p2b: Rotom|50/100|[from] Sandstorm\n|-heal|p1b: Corviknight|59/100|[from] item: Leftovers\n|upkeep\n|turn|2\n|\n|t:|1776731293\n|detailschange|p1a: Tyranitar|Tyranitar-Mega, L50, F\n|-mega|p1a: Tyranitar|Tyranitar|Tyranitarite\n|move|p2b: Rotom|Thunderbolt|p1b: Corviknight\n|-supereffective|p1b: Corviknight|1\n|-damage|p1b: Corviknight|5/100\n|move|p1a: Tyranitar|Knock Off|p2b: Rotom\n|-damage|p2b: Rotom|0 fnt\n|-enditem|p2b: Rotom|Choice Scarf|[from] move: Knock Off|[of] p1a: Tyranitar\n|faint|p2b: Rotom\n|move|p1b: Corviknight|Body Press|p2a: Kingambit\n|-supereffective|p2a: Kingambit|2\n|-enditem|p2a: Kingambit|Chople Berry|[eat]\n|-enditem|p2a: Kingambit|Chople Berry|[weaken]\n|-damage|p2a: Kingambit|39/100\n|move|p2a: Kingambit|Low Kick|p1a: Tyranitar\n|-supereffective|p1a: Tyranitar|2\n|-damage|p1a: Tyranitar|0 fnt\n|faint|p1a: Tyranitar\n|\n|-weather|Sandstorm|[upkeep]\n|-heal|p1b: Corviknight|11/100|[from] item: Leftovers\n|upkeep\n|\n|t:|1776731316\n|switch|p2b: Charizard|Charizard, L50, M|100/100\n|switch|p1a: Garchomp|Garchomp, L50, F|100/100\n|turn|3\n|\n|t:|1776731333\n|detailschange|p2b: Charizard|Charizard-Mega-Y, L50, M\n|-mega|p2b: Charizard|Charizard|Charizardite Y\n|-weather|SunnyDay|[from] ability: Drought|[of] p2b: Charizard\n|move|p2a: Kingambit|Sucker Punch|p1a: Garchomp\n|-damage|p1a: Garchomp|67/100\n|move|p1a: Garchomp|Rock Slide|p2a: Kingambit|[spread] p2a,p2b\n|-resisted|p2a: Kingambit|1\n|-supereffective|p2b: Charizard|2\n|-damage|p2a: Kingambit|32/100\n|-damage|p2b: Charizard|5/100\n|move|p2b: Charizard|Heat Wave|p1a: Garchomp|[spread] p1a,p1b\n|-resisted|p1a: Garchomp|1\n|-supereffective|p1b: Corviknight|1\n|-damage|p1a: Garchomp|29/100\n|-damage|p1b: Corviknight|0 fnt\n|faint|p1b: Corviknight\n|\n|-weather|SunnyDay|[upkeep]\n|upkeep\n|\n|t:|1776731350\n|switch|p1b: Rotom|Rotom-Wash, L50|100/100\n|turn|4\n|\n|t:|1776731364\n|move|p1a: Garchomp|Protect|p1a: Garchomp\n|-singleturn|p1a: Garchomp|Protect\n|move|p2a: Kingambit|Sucker Punch||[still]\n|-fail|p2a: Kingambit\n|move|p1b: Rotom|Discharge|p2b: Charizard|[spread] p2a,p2b\n|-activate|p1a: Garchomp|move: Protect\n|-supereffective|p2b: Charizard|1\n|-damage|p2a: Kingambit|1/100\n|-damage|p2b: Charizard|0 fnt\n|faint|p2b: Charizard\n|\n|-weather|SunnyDay|[upkeep]\n|upkeep\n|\n|t:|1776731370\n|switch|p2b: Garchomp|Garchomp, L50, F|100/100\n|turn|5\n|l| not world\n|inactive|Krisuerte has 30 seconds left.\n|\n|t:|1776731400\n|move|p1a: Garchomp|Protect||[still]\n|-fail|p1a: Garchomp\n|move|p2a: Kingambit|Sucker Punch|p1b: Rotom\n|-damage|p1b: Rotom|52/100\n|move|p1b: Rotom|Discharge|p2b: Garchomp|[spread] p2a\n|-immune|p1a: Garchomp\n|-immune|p2b: Garchomp\n|-damage|p2a: Kingambit|0 fnt\n|faint|p2a: Kingambit\n|move|p2b: Garchomp|Dragon Claw|p1a: Garchomp\n|-supereffective|p1a: Garchomp|1\n|-damage|p1a: Garchomp|0 fnt\n|faint|p1a: Garchomp\n|\n|-weather|SunnyDay|[upkeep]\n|upkeep\n|turn|6\n|\n|t:|1776731419\n|move|p1b: Rotom|Discharge|p2b: Garchomp\n|-immune|p2b: Garchomp\n|move|p2b: Garchomp|Dragon Claw|p1b: Rotom\n|-damage|p1b: Rotom|0 fnt\n|faint|p1b: Rotom\n|\n|win|Quaza15\n|raw|Krisuerte's rating: 1604 &rarr; <strong>1578</strong><br />(-26 for losing)\n|raw|Quaza15's rating: 1492 &rarr; <strong>1518</strong><br />(+26 for winning)\n",
  "uploadtime": 1776731419,
  "views": 4,
  "formatid": "gen9championsvgc2026regma",
  "rating": 1518,
  "private": 0,
  "password": null
}