{
  "id": "gen9championsvgc2026regma-2587881433",
  "format": "[Gen 9 Champions] VGC 2026 Reg M-A",
  "players": [
    "Kdog2025",
    "PlagueOfMinds"
  ],
  "log": "|j|\u2606Kdog2025\n|j|\u2606PlagueOfMinds\n|t:|1776574096\n|gametype|doubles\n|player|p1|Kdog2025|170|1444\n|player|p2|PlagueOfMinds|265|1422\n|gen|9\n|tier|[Gen 9 Champions] VGC 2026 Reg M-A\n|rated|\n|rule|Species Clause: Limit one of each Pok\u00e9mon\n|rule|Item Clause: Limit 1 of each item\n|clearpoke\n|poke|p1|Pelipper, L50, F|\n|poke|p1|Basculegion, L50, M|\n|poke|p1|Archaludon, L50, M|\n|poke|p1|Meganium, L50, M|\n|poke|p1|Farigiraf, L50, F|\n|poke|p1|Incineroar, L50, M|\n|poke|p2|Oranguru, L50, M|\n|poke|p2|Torkoal, L50, F|\n|poke|p2|Sylveon, L50, F|\n|poke|p2|Feraligatr, L50, M|\n|poke|p2|Sinistcha, L50|\n|poke|p2|Glimmora, L50, M|\n|teampreview|4\n|inactive|Battle timer is ON: inactive players will automatically lose when time's up. (requested by Kdog2025)\n|\n|t:|1776574122\n|teamsize|p1|4\n|teamsize|p2|4\n|start\n|switch|p1a: Farigiraf|Farigiraf, L50, F|100/100\n|switch|p1b: Basculegion|Basculegion, L50, M|100/100\n|switch|p2a: Sylveon|Sylveon, L50, F|100/100\n|switch|p2b: Oranguru|Oranguru, L50, M|100/100\n|turn|1\n|\n|t:|1776574134\n|move|p1b: Basculegion|Flip Turn|p2a: Sylveon\n|-damage|p2a: Sylveon|63/100\n|\n|t:|1776574137\n|switch|p1b: Incineroar|Incineroar, L50, M|100/100|[from] Flip Turn\n|-ability|p1b: Incineroar|Intimidate|boost\n|-unboost|p2a: Sylveon|atk|1\n|-fail|p2b: Oranguru|unboost|Attack|[from] ability: Inner Focus|[of] p2b: Oranguru\n|move|p1a: Farigiraf|Imprison|p1a: Farigiraf\n|-start|p1a: Farigiraf|move: Imprison\n|move|p2b: Oranguru|Instruct||[still]\n|-fail|p2b: Oranguru\n|move|p2a: Sylveon|Hyper Voice|p1b: Incineroar|[spread] p1a,p1b\n|-damage|p1a: Farigiraf|54/100\n|-damage|p1b: Incineroar|50/100\n|\n|upkeep\n|turn|2\n|\n|t:|1776574151\n|move|p1a: Farigiraf|Psychic Noise|p2a: Sylveon\n|-damage|p2a: Sylveon|44/100\n|-start|p2a: Sylveon|move: Heal Block\n|move|p1b: Incineroar|Throat Chop|p2a: Sylveon\n|-resisted|p2a: Sylveon|1\n|-damage|p2a: Sylveon|19/100\n|-start|p2a: Sylveon|Throat Chop|[silent]\n|move|p2b: Oranguru|Instruct|p2a: Sylveon\n|-singleturn|p2a: Sylveon|move: Instruct|[of] p2b: Oranguru\n|cant|p2a: Sylveon|move: Throat Chop\n|cant|p2a: Sylveon|move: Throat Chop\n|\n|upkeep\n|turn|3\n|\n|t:|1776574165\n|switch|p2b: Feraligatr|Feraligatr, L50, M|100/100\n|move|p1a: Farigiraf|Psychic Noise|p2a: Sylveon\n|-damage|p2a: Sylveon|0 fnt\n|faint|p2a: Sylveon\n|move|p1b: Incineroar|Throat Chop|p2b: Feraligatr\n|-damage|p2b: Feraligatr|63/100\n|-start|p2b: Feraligatr|Throat Chop|[silent]\n|\n|upkeep\n|\n|t:|1776574167\n|switch|p2a: Torkoal|Torkoal, L50, F|100/100\n|-weather|SunnyDay|[from] ability: Drought|[of] p2a: Torkoal\n|turn|4\n|\n|t:|1776574180\n|detailschange|p2b: Feraligatr|Feraligatr-Mega, L50, M\n|-mega|p2b: Feraligatr|Feraligatr|Feraligite\n|move|p1a: Farigiraf|Psychic Noise|p2b: Feraligatr\n|-damage|p2b: Feraligatr|36/100\n|-start|p2b: Feraligatr|move: Heal Block\n|move|p1b: Incineroar|Throat Chop|p2b: Feraligatr\n|-damage|p2b: Feraligatr|6/100\n|move|p2b: Feraligatr|Double-Edge|p1a: Farigiraf\n|-damage|p1a: Farigiraf|0 fnt\n|faint|p1a: Farigiraf\n|-damage|p2b: Feraligatr|0 fnt|[from] Recoil\n|faint|p2b: Feraligatr\n|move|p2a: Torkoal|Eruption|p1b: Incineroar\n|-resisted|p1b: Incineroar|1\n|-damage|p1b: Incineroar|0 fnt\n|faint|p1b: Incineroar\n|\n|-weather|SunnyDay|[upkeep]\n|upkeep\n|\n|t:|1776574189\n|switch|p1a: Pelipper|Pelipper, L50, F|100/100\n|switch|p1b: Basculegion|Basculegion, L50, M|100/100\n|switch|p2b: Oranguru|Oranguru, L50, M|100/100\n|-weather|RainDance|[from] ability: Drizzle|[of] p1a: Pelipper\n|turn|5\n|\n|t:|1776574200\n|move|p2a: Torkoal|Protect|p2a: Torkoal\n|-singleturn|p2a: Torkoal|Protect\n|move|p1b: Basculegion|Wave Crash|p2b: Oranguru\n|-damage|p2b: Oranguru|39/100\n|-damage|p1b: Basculegion|80/100|[from] Recoil\n|move|p1a: Pelipper|Weather Ball|p2b: Oranguru\n|-damage|p2b: Oranguru|0 fnt\n|faint|p2b: Oranguru\n|\n|-weather|RainDance|[upkeep]\n|upkeep\n|turn|6\n|-message|PlagueOfMinds forfeited.\n|\n|win|Kdog2025\n|raw|Kdog2025's rating: 1444 &rarr; <strong>1463</strong><br />(+19 for winning)\n|raw|PlagueOfMinds's rating: 1422 &rarr; <strong>1403</strong><br />(-19 for losing)\n|l|\u2606PlagueOfMinds\n|player|p2|\n|l|\u2606Kdog2025\n|player|p1|\n",
  "uploadtime": 1776574312,
  "views": 15,
  "formatid": "gen9championsvgc2026regma",
  "rating": 1403,
  "private": 0,
  "password": null
}