{
  "id": "gen9championsvgc2026regma-2585120685",
  "format": "[Gen 9 Champions] VGC 2026 Reg M-A",
  "players": [
    "PGIxHunter",
    "Dogwasabi"
  ],
  "log": "|j|\u2606PGIxHunter\n|j|\u2606Dogwasabi\n|t:|1776314170\n|gametype|doubles\n|player|p1|PGIxHunter|fisherman-gen4|1000\n|player|p2|Dogwasabi|cheren-gen5bw2|1026\n|gen|9\n|tier|[Gen 9 Champions] VGC 2026 Reg M-A\n|rated|\n|rule|Species Clause: Limit one of each Pok\u00e9mon\n|rule|Item Clause: Limit 1 of each item\n|clearpoke\n|poke|p1|Houndoom, L50, M|\n|poke|p1|Manectric, L50, M|\n|poke|p1|Altaria, L50, M|\n|poke|p1|Toxicroak, L50, F|\n|poke|p1|Empoleon, L50, M|\n|poke|p1|Rhyperior, L50, M|\n|poke|p2|Gengar, L50, F|\n|poke|p2|Politoed, L50, M|\n|poke|p2|Incineroar, L50, F|\n|poke|p2|Sinistcha, L50|\n|poke|p2|Rotom-Wash, L50|\n|poke|p2|Basculegion, L50, M|\n|teampreview|4\n|inactive|Battle timer is ON: inactive players will automatically lose when time's up. (requested by Dogwasabi)\n|inactive|PGIxHunter has 60 seconds left.\n|\n|t:|1776314249\n|teamsize|p1|4\n|teamsize|p2|4\n|start\n|switch|p1a: Toxicroak|Toxicroak, L50, F, shiny|100/100\n|switch|p1b: Empoleon|Empoleon, L50, M, shiny|100/100\n|switch|p2a: Rotom|Rotom-Wash, L50|100/100\n|switch|p2b: Basculegion|Basculegion, L50, M|100/100\n|turn|1\n|\n|t:|1776314274\n|move|p2b: Basculegion|Protect|p2b: Basculegion\n|-singleturn|p2b: Basculegion|Protect\n|move|p1a: Toxicroak|Fake Out|p2a: Rotom\n|-damage|p2a: Rotom|91/100\n|cant|p2a: Rotom|flinch\n|move|p1b: Empoleon|Yawn|p2b: Basculegion\n|-activate|p2b: Basculegion|move: Protect\n|\n|upkeep\n|turn|2\n|inactive|PGIxHunter has 30 seconds left.\n|inactive|Dogwasabi has 30 seconds left.\n|\n|t:|1776314307\n|switch|p1b: Manectric|Manectric, L50, M|100/100\n|move|p2a: Rotom|Trick|p1b: Manectric\n|-activate|p2a: Rotom|move: Trick|[of] p1b: Manectric\n|-item|p1b: Manectric|Choice Scarf|[from] move: Trick\n|-item|p2a: Rotom|King's Rock|[from] move: Trick\n|move|p2b: Basculegion|Flip Turn|p1b: Manectric\n|-damage|p1b: Manectric|26/100\n|\n|t:|1776314317\n|switch|p2b: Politoed|Politoed, L50, M|100/100|[from] Flip Turn\n|-weather|RainDance|[from] ability: Drizzle|[of] p2b: Politoed\n|move|p1a: Toxicroak|Poison Jab|p2b: Politoed\n|-damage|p2b: Politoed|70/100\n|-status|p2b: Politoed|psn\n|\n|-weather|RainDance|[upkeep]\n|-damage|p2b: Politoed|58/100 psn|[from] psn\n|upkeep\n|turn|3\n|inactive|PGIxHunter has 30 seconds left.\n|inactive|Dogwasabi has 30 seconds left.\n|\n|t:|1776314347\n|switch|p2b: Gengar|Gengar, L50, F|100/100\n|move|p1b: Manectric|Discharge|p2b: Gengar|[spread] p1a,p2a,p2b\n|-damage|p1a: Toxicroak|78/100\n|-damage|p2a: Rotom|62/100\n|-damage|p2b: Gengar|65/100\n|-status|p2b: Gengar|par\n|move|p2a: Rotom|Hydro Pump|p1b: Manectric\n|-damage|p1b: Manectric|0 fnt\n|faint|p1b: Manectric\n|move|p1a: Toxicroak|Drain Punch|p2a: Rotom\n|-damage|p2a: Rotom|35/100\n|-heal|p1a: Toxicroak|90/100|[from] drain|[of] p2a: Rotom\n|-status|p2a: Rotom|psn|[from] ability: Poison Touch|[of] p1a: Toxicroak\n|\n|-weather|RainDance|[upkeep]\n|-heal|p1a: Toxicroak|96/100|[from] item: Leftovers\n|-damage|p2a: Rotom|23/100 psn|[from] psn\n|upkeep\n|\n|t:|1776314368\n|switch|p1b: Houndoom|Houndoom, L50, M, shiny|100/100\n|turn|4\n|\n|t:|1776314383\n|move|p1b: Houndoom|Protect|p1b: Houndoom\n|-singleturn|p1b: Houndoom|Protect\n|move|p2b: Gengar|Protect|p2b: Gengar\n|-singleturn|p2b: Gengar|Protect\n|move|p2a: Rotom|Electroweb|p1b: Houndoom|[spread] p1a\n|-activate|p1b: Houndoom|move: Protect\n|-damage|p1a: Toxicroak|79/100\n|-unboost|p1a: Toxicroak|spe|1\n|move|p1a: Toxicroak|Poison Jab|p2a: Rotom\n|-damage|p2a: Rotom|0 fnt\n|faint|p2a: Rotom\n|\n|-weather|RainDance|[upkeep]\n|-heal|p1a: Toxicroak|85/100|[from] item: Leftovers\n|upkeep\n|\n|t:|1776314397\n|switch|p2a: Basculegion|Basculegion, L50, M|100/100\n|turn|5\n|\n|t:|1776314409\n|move|p2a: Basculegion|Flip Turn|p1b: Houndoom\n|-supereffective|p1b: Houndoom|1\n|-damage|p1b: Houndoom|0 fnt\n|faint|p1b: Houndoom\n|\n|t:|1776314414\n|switch|p2a: Politoed|Politoed, L50, M|58/100 psn|[from] Flip Turn\n|move|p2b: Gengar|Disable|p1a: Toxicroak\n|-start|p1a: Toxicroak|Disable|Poison Jab\n|cant|p1a: Toxicroak|Disable|Poison Jab\n|\n|-weather|RainDance|[upkeep]\n|-heal|p1a: Toxicroak|91/100|[from] item: Leftovers\n|-damage|p2a: Politoed|46/100 psn|[from] psn\n|upkeep\n|\n|t:|1776314423\n|switch|p1b: Empoleon|Empoleon, L50, M, shiny|100/100\n|turn|6\n|\n|t:|1776314439\n|move|p2a: Politoed|Encore|p1a: Toxicroak\n|-start|p1a: Toxicroak|Encore\n|move|p2b: Gengar|Perish Song|p2b: Gengar\n|-start|p1a: Toxicroak|perish3|[silent]\n|-start|p1b: Empoleon|perish3|[silent]\n|-start|p2a: Politoed|perish3|[silent]\n|-start|p2b: Gengar|perish3|[silent]\n|-fieldactivate|move: Perish Song\n|move|p1b: Empoleon|Whirlpool|p2b: Gengar\n|-damage|p2b: Gengar|30/100 par\n|-activate|p2b: Gengar|move: Whirlpool|[of] p1b: Empoleon\n|cant|p1a: Toxicroak|Disable|Poison Jab\n|\n|-weather|none\n|-heal|p1a: Toxicroak|97/100|[from] item: Leftovers\n|-damage|p2a: Politoed|33/100 psn|[from] psn\n|-damage|p2b: Gengar|18/100 par|[from] move: Whirlpool|[partiallytrapped]\n|-start|p2a: Politoed|perish3\n|-start|p2b: Gengar|perish3\n|-start|p1b: Empoleon|perish3\n|-start|p1a: Toxicroak|perish3\n|upkeep\n|turn|7\n|inactive|PGIxHunter has 30 seconds left.\n|inactive|Dogwasabi has 30 seconds left.\n|inactive|PGIxHunter has 20 seconds left.\n|\n|t:|1776314477\n|switch|p2a: Basculegion|Basculegion, L50, M|100/100\n|detailschange|p2b: Gengar|Gengar-Mega, L50, F\n|-mega|p2b: Gengar|Gengar|Gengarite\n|move|p2b: Gengar|Protect|p2b: Gengar\n|-singleturn|p2b: Gengar|Protect\n|move|p1b: Empoleon|Blizzard|p2b: Gengar|[spread] \n|-activate|p2b: Gengar|move: Protect\n|-miss|p1b: Empoleon|p2a: Basculegion\n|-activate|p1a: Toxicroak|move: Struggle\n|move|p1a: Toxicroak|Struggle|p2a: Basculegion\n|-damage|p2a: Basculegion|84/100\n|-status|p2a: Basculegion|psn|[from] ability: Poison Touch|[of] p1a: Toxicroak\n|-damage|p1a: Toxicroak|72/100|[from] recoil\n|\n|-heal|p1a: Toxicroak|77/100|[from] item: Leftovers\n|-damage|p2a: Basculegion|72/100 psn|[from] psn\n|-damage|p2b: Gengar|6/100 par|[from] move: Whirlpool|[partiallytrapped]\n|-start|p2b: Gengar|perish2\n|-start|p1b: Empoleon|perish2\n|-start|p1a: Toxicroak|perish2\n|upkeep\n|turn|8\n|inactive|PGIxHunter has 30 seconds left.\n|inactive|Dogwasabi has 30 seconds left.\n|inactive|PGIxHunter has 20 seconds left.\n|inactive|Dogwasabi has 20 seconds left.\n|inactive|PGIxHunter has 15 seconds left.\n|\n|t:|1776314519\n|move|p2a: Basculegion|Flip Turn|p1b: Empoleon\n|-resisted|p1b: Empoleon|1\n|-damage|p1b: Empoleon|81/100\n|\n|t:|1776314523\n|switch|p2a: Politoed|Politoed, L50, M|33/100 psn|[from] Flip Turn\n|-weather|RainDance|[from] ability: Drizzle|[of] p2a: Politoed\n|move|p2b: Gengar|Shadow Ball|p1b: Empoleon\n|-damage|p1b: Empoleon|38/100\n|-unboost|p1b: Empoleon|spd|1\n|-ability|p1b: Empoleon|Competitive|boost\n|-boost|p1b: Empoleon|spa|2\n|-enditem|p1b: Empoleon|Sitrus Berry|[eat]\n|-heal|p1b: Empoleon|63/100|[from] item: Sitrus Berry\n|move|p1b: Empoleon|Whirlpool|p2a: Politoed\n|-resisted|p2a: Politoed|1\n|-damage|p2a: Politoed|11/100 psn\n|-activate|p2a: Politoed|move: Whirlpool|[of] p1b: Empoleon\n|-activate|p1a: Toxicroak|move: Struggle\n|move|p1a: Toxicroak|Struggle|p2a: Politoed\n|-damage|p2a: Politoed|0 fnt\n|faint|p2a: Politoed\n|-damage|p1a: Toxicroak|52/100|[from] recoil\n|\n|-weather|RainDance|[upkeep]\n|-heal|p1a: Toxicroak|58/100|[from] item: Leftovers\n|-damage|p2b: Gengar|0 fnt|[from] move: Whirlpool|[partiallytrapped]\n|faint|p2b: Gengar\n|-end|p1a: Toxicroak|Encore\n|-end|p1a: Toxicroak|Disable\n|-start|p1b: Empoleon|perish1\n|-start|p1a: Toxicroak|perish1\n|upkeep\n|\n|t:|1776314533\n|switch|p2b: Basculegion|Basculegion, L50, M|72/100 psn\n|turn|9\n|inactive|PGIxHunter has 30 seconds left.\n|\n|t:|1776314562\n|move|p2b: Basculegion|Protect|p2b: Basculegion\n|-singleturn|p2b: Basculegion|Protect\n|move|p1b: Empoleon|Flash Cannon|p2b: Basculegion\n|-activate|p2b: Basculegion|move: Protect\n|move|p1a: Toxicroak|Poison Jab|p2b: Basculegion\n|-activate|p2b: Basculegion|move: Protect\n|\n|-weather|RainDance|[upkeep]\n|-heal|p1a: Toxicroak|64/100|[from] item: Leftovers\n|-damage|p2b: Basculegion|59/100 psn|[from] psn\n|-start|p1b: Empoleon|perish0\n|-start|p1a: Toxicroak|perish0\n|faint|p1b: Empoleon\n|faint|p1a: Toxicroak\n|\n|win|Dogwasabi\n|raw|PGIxHunter's rating: 1000 &rarr; <strong>1000</strong><br />(+0 for losing)\n|raw|Dogwasabi's rating: 1026 &rarr; <strong>1059</strong><br />(+33 for winning)\n",
  "uploadtime": 1776314571,
  "views": 24,
  "formatid": "gen9championsvgc2026regma",
  "rating": 1000,
  "private": 0,
  "password": null
}