{
  "id": "gen9championsvgc2026regma-2588196611",
  "format": "[Gen 9 Champions] VGC 2026 Reg M-A",
  "players": [
    "Athlune",
    "GHWGYXY"
  ],
  "log": "|j|\u2606Athlune\n|j|\u2606GHWGYXY\n|t:|1776613492\n|gametype|doubles\n|player|p1|Athlune|pokemonrangerf-gen6|1216\n|player|p2|GHWGYXY|caitlin|1153\n|gen|9\n|tier|[Gen 9 Champions] VGC 2026 Reg M-A\n|rated|\n|rule|Species Clause: Limit one of each Pok\u00e9mon\n|rule|Item Clause: Limit 1 of each item\n|clearpoke\n|poke|p1|Tyranitar, L50, F|\n|poke|p1|Runerigus, L50, M|\n|poke|p1|Excadrill, L50, F|\n|poke|p1|Aegislash, L50, M|\n|poke|p1|Glimmora, L50, M|\n|poke|p1|Corviknight, L50, M|\n|poke|p2|Floette-Eternal, L50, F|\n|poke|p2|Incineroar, L50, F|\n|poke|p2|Aerodactyl, L50, F|\n|poke|p2|Rotom-Wash, L50|\n|poke|p2|Sneasler, L50, M|\n|poke|p2|Garchomp, L50, M|\n|teampreview|4\n|\n|t:|1776613548\n|teamsize|p1|4\n|teamsize|p2|4\n|start\n|switch|p1a: Runerigus|Runerigus, L50, M|100/100\n|switch|p1b: Aegislash|Aegislash, L50, M|100/100\n|switch|p2a: Rotom|Rotom-Wash, L50|100/100\n|switch|p2b: Incineroar|Incineroar, L50, F|100/100\n|-ability|p2b: Incineroar|Intimidate|boost\n|-unboost|p1a: Runerigus|atk|1\n|-unboost|p1b: Aegislash|atk|1\n|turn|1\n|\n|t:|1776613565\n|move|p2a: Rotom|Hydro Pump|p1a: Runerigus\n|-supereffective|p1a: Runerigus|1\n|-damage|p1a: Runerigus|17/100\n|move|p2b: Incineroar|Parting Shot|p1b: Aegislash\n|-unboost|p1b: Aegislash|atk|1\n|-unboost|p1b: Aegislash|spa|1\n|\n|t:|1776613574\n|switch|p2b: Floette|Floette-Eternal, L50, F|100/100|[from] Parting Shot\n|-formechange|p1b: Aegislash|Aegislash-Blade|\n|move|p1b: Aegislash|Sacred Sword|p2b: Floette\n|-resisted|p2b: Floette|1\n|-damage|p2b: Floette|92/100\n|move|p1a: Runerigus|Trick Room|p1a: Runerigus\n|-fieldstart|move: Trick Room|[of] p1a: Runerigus\n|\n|upkeep\n|turn|2\n|\n|t:|1776613590\n|switch|p1a: Corviknight|Corviknight, L50, M|100/100\n|switch|p1b: Tyranitar|Tyranitar, L50, F|100/100\n|-weather|Sandstorm|[from] ability: Sand Stream|[of] p1b: Tyranitar\n|switch|p2b: Incineroar|Incineroar, L50, F|100/100\n|-ability|p2b: Incineroar|Intimidate|boost\n|-ability|p1a: Corviknight|Mirror Armor\n|-unboost|p2b: Incineroar|atk|1\n|-unboost|p1b: Tyranitar|atk|1\n|move|p2a: Rotom|Hydro Pump|p1a: Corviknight\n|-damage|p1a: Corviknight|55/100\n|\n|-weather|Sandstorm|[upkeep]\n|-damage|p2b: Incineroar|95/100|[from] Sandstorm\n|-damage|p2a: Rotom|95/100|[from] Sandstorm\n|upkeep\n|turn|3\n|\n|t:|1776613613\n|detailschange|p1b: Tyranitar|Tyranitar-Mega, L50, F\n|-mega|p1b: Tyranitar|Tyranitar|Tyranitarite\n|move|p2b: Incineroar|Fake Out|p1a: Corviknight\n|-resisted|p1a: Corviknight|1\n|-damage|p1a: Corviknight|52/100\n|move|p1b: Tyranitar|Curse|p1b: Tyranitar\n|-unboost|p1b: Tyranitar|spe|1\n|-boost|p1b: Tyranitar|atk|1\n|-boost|p1b: Tyranitar|def|1\n|cant|p1a: Corviknight|flinch\n|move|p2a: Rotom|Hydro Pump|p1b: Tyranitar\n|-supereffective|p1b: Tyranitar|1\n|-damage|p1b: Tyranitar|69/100\n|\n|-weather|Sandstorm|[upkeep]\n|-damage|p2b: Incineroar|89/100|[from] Sandstorm\n|-damage|p2a: Rotom|89/100|[from] Sandstorm\n|upkeep\n|turn|4\n|\n|t:|1776613633\n|switch|p2a: Sneasler|Sneasler, L50, M|100/100\n|move|p1b: Tyranitar|Rock Slide|p2b: Incineroar|[spread] p2a\n|-miss|p1b: Tyranitar|p2b: Incineroar\n|-resisted|p2a: Sneasler|1\n|-damage|p2a: Sneasler|76/100\n|move|p2b: Incineroar|Parting Shot|p1b: Tyranitar\n|-unboost|p1b: Tyranitar|atk|1\n|-unboost|p1b: Tyranitar|spa|1\n|\n|t:|1776613638\n|switch|p2b: Rotom|Rotom-Wash, L50|89/100|[from] Parting Shot\n|move|p1a: Corviknight|Brave Bird|p2a: Sneasler\n|-supereffective|p2a: Sneasler|1\n|-damage|p2a: Sneasler|0 fnt\n|faint|p2a: Sneasler\n|-damage|p1a: Corviknight|32/100|[from] Recoil\n|\n|-weather|Sandstorm|[upkeep]\n|-damage|p2b: Rotom|83/100|[from] Sandstorm\n|upkeep\n|\n|t:|1776613640\n|switch|p2a: Floette|Floette-Eternal, L50, F|92/100\n|turn|5\n|\n|t:|1776613651\n|move|p2a: Floette|Protect|p2a: Floette\n|-singleturn|p2a: Floette|Protect\n|move|p1b: Tyranitar|Knock Off|p2b: Rotom\n|-damage|p2b: Rotom|44/100\n|-enditem|p2b: Rotom|Choice Scarf|[from] move: Knock Off|[of] p1b: Tyranitar\n|move|p1a: Corviknight|Iron Head|p2a: Floette\n|-activate|p2a: Floette|move: Protect\n|move|p2b: Rotom|Volt Switch|p1a: Corviknight\n|-supereffective|p1a: Corviknight|1\n|-damage|p1a: Corviknight|0 fnt\n|faint|p1a: Corviknight\n|\n|t:|1776613662\n|switch|p2b: Incineroar|Incineroar, L50, F|89/100|[from] Volt Switch\n|-ability|p2b: Incineroar|Intimidate|boost\n|-unboost|p1b: Tyranitar|atk|1\n|\n|-weather|Sandstorm|[upkeep]\n|-damage|p2b: Incineroar|83/100|[from] Sandstorm\n|-damage|p2a: Floette|86/100|[from] Sandstorm\n|-fieldend|move: Trick Room\n|upkeep\n|\n|t:|1776613667\n|switch|p1a: Aegislash|Aegislash, L50, M|100/100\n|turn|6\n|\n|t:|1776613684\n|switch|p2a: Rotom|Rotom-Wash, L50|44/100\n|move|p1b: Tyranitar|Protect|p1b: Tyranitar\n|-singleturn|p1b: Tyranitar|Protect\n|move|p2b: Incineroar|Flare Blitz|p1a: Aegislash\n|-supereffective|p1a: Aegislash|1\n|-damage|p1a: Aegislash|24/100\n|-damage|p2b: Incineroar|62/100|[from] Recoil\n|-formechange|p1a: Aegislash|Aegislash-Blade|\n|move|p1a: Aegislash|Gyro Ball|p2a: Rotom\n|-resisted|p2a: Rotom|2\n|-crit|p2a: Rotom\n|-damage|p2a: Rotom|35/100\n|\n|-weather|none\n|upkeep\n|turn|7\n|\n|t:|1776613718\n|switch|p1b: Runerigus|Runerigus, L50, M|17/100\n|-formechange|p1a: Aegislash|Aegislash|\n|move|p1a: Aegislash|King's Shield|p1a: Aegislash\n|-singleturn|p1a: Aegislash|Protect\n|move|p2a: Rotom|Electroweb|p1a: Aegislash|[spread] \n|-activate|p1a: Aegislash|move: Protect\n|-immune|p1b: Runerigus\n|move|p2b: Incineroar|Throat Chop|p1b: Runerigus\n|-supereffective|p1b: Runerigus|1\n|-damage|p1b: Runerigus|0 fnt\n|-activate|p2b: Incineroar|Skill Swap|Wandering Spirit|Intimidate|[of] p1b: Runerigus\n|-ability|p1b: Runerigus|Intimidate|boost\n|-unboost|p2a: Rotom|atk|1\n|-unboost|p2b: Incineroar|atk|1\n|faint|p1b: Runerigus\n|\n|upkeep\n|\n|t:|1776613729\n|switch|p1b: Tyranitar|Tyranitar-Mega, L50, F|69/100\n|-weather|Sandstorm|[from] ability: Sand Stream|[of] p1b: Tyranitar\n|turn|8\n|\n|t:|1776613753\n|move|p2a: Rotom|Electroweb|p1b: Tyranitar|[spread] p1a,p1b\n|-damage|p1a: Aegislash|14/100\n|-damage|p1b: Tyranitar|62/100\n|-unboost|p1a: Aegislash|spe|1\n|-unboost|p1b: Tyranitar|spe|1\n|move|p2b: Incineroar|Throat Chop|p1a: Aegislash\n|-supereffective|p1a: Aegislash|1\n|-damage|p1a: Aegislash|0 fnt\n|faint|p1a: Aegislash\n|move|p1b: Tyranitar|Rock Slide|p2b: Incineroar|[spread] p2a,p2b\n|-supereffective|p2b: Incineroar|1\n|-damage|p2a: Rotom|0 fnt\n|-damage|p2b: Incineroar|20/100\n|-enditem|p2b: Incineroar|Sitrus Berry|[eat]\n|-heal|p2b: Incineroar|45/100|[from] item: Sitrus Berry\n|faint|p2a: Rotom\n|\n|-weather|Sandstorm|[upkeep]\n|-damage|p2b: Incineroar|39/100|[from] Sandstorm\n|upkeep\n|inactive|Battle timer is ON: inactive players will automatically lose when time's up. (requested by GHWGYXY)\n|\n|t:|1776613760\n|switch|p2a: Floette|Floette-Eternal, L50, F|86/100\n|turn|9\n|c|\u2606Athlune|gg\n|-message|Athlune forfeited.\n|\n|win|GHWGYXY\n|raw|Athlune's rating: 1216 &rarr; <strong>1187</strong><br />(-29 for losing)\n|raw|GHWGYXY's rating: 1153 &rarr; <strong>1182</strong><br />(+29 for winning)\n|l|\u2606Athlune\n|player|p1|\n",
  "uploadtime": 1776613778,
  "views": 7,
  "formatid": "gen9championsvgc2026regma",
  "rating": 1182,
  "private": 0,
  "password": null
}