{
  "id": "gen9championsvgc2026regma-2584992249",
  "format": "[Gen 9 Champions] VGC 2026 Reg M-A",
  "players": [
    "Miguelon611",
    "foxgirlmoony"
  ],
  "log": "|j|\u2606Miguelon611\n|j|\u2606foxgirlmoony\n|t:|1776301350\n|gametype|doubles\n|player|p1|Miguelon611|265|1238\n|player|p2|foxgirlmoony|rocketgruntf|1308\n|gen|9\n|tier|[Gen 9 Champions] VGC 2026 Reg M-A\n|rated|\n|rule|Species Clause: Limit one of each Pok\u00e9mon\n|rule|Item Clause: Limit 1 of each item\n|clearpoke\n|poke|p1|Garchomp, L50, M|\n|poke|p1|Aerodactyl, L50, F|\n|poke|p1|Floette-Eternal, L50, F|\n|poke|p1|Incineroar, L50, M|\n|poke|p1|Rotom-Wash, L50|\n|poke|p1|Milotic, L50, M|\n|poke|p2|Gengar, L50, F|\n|poke|p2|Passimian, L50, M|\n|poke|p2|Sinistcha, L50|\n|poke|p2|Floette-Eternal, L50, F|\n|poke|p2|Politoed, L50, M|\n|poke|p2|Basculegion-F, L50, F|\n|teampreview|4\n|inactive|Battle timer is ON: inactive players will automatically lose when time's up. (requested by foxgirlmoony)\n|\n|t:|1776301378\n|teamsize|p1|4\n|teamsize|p2|4\n|start\n|switch|p1a: Aerodactyl|Aerodactyl, L50, F|100/100\n|switch|p1b: Rotom|Rotom-Wash, L50|100/100\n|switch|p2a: Politoed|Politoed, L50, M|100/100\n|switch|p2b: Basculegion|Basculegion-F, L50, F|100/100\n|-ability|p1a: Aerodactyl|Unnerve\n|-weather|RainDance|[from] ability: Drizzle|[of] p2a: Politoed\n|turn|1\n|\n|t:|1776301396\n|move|p1a: Aerodactyl|Protect|p1a: Aerodactyl\n|-singleturn|p1a: Aerodactyl|Protect\n|move|p2b: Basculegion|Muddy Water|p1a: Aerodactyl|[spread] p1b\n|-activate|p1a: Aerodactyl|move: Protect\n|-resisted|p1b: Rotom|1\n|-damage|p1b: Rotom|76/100\n|move|p1b: Rotom|Electroweb|p2a: Politoed|[spread] p2a,p2b\n|-supereffective|p2a: Politoed|1\n|-supereffective|p2b: Basculegion|1\n|-damage|p2a: Politoed|73/100\n|-damage|p2b: Basculegion|67/100\n|-unboost|p2a: Politoed|spe|1\n|-unboost|p2b: Basculegion|spe|1\n|move|p2a: Politoed|Weather Ball|p1b: Rotom\n|-resisted|p1b: Rotom|1\n|-damage|p1b: Rotom|38/100\n|\n|-weather|RainDance|[upkeep]\n|upkeep\n|turn|2\n|inactive|Miguelon611 has 30 seconds left.\n|\n|t:|1776301422\n|switch|p2b: Sinistcha|Sinistcha, L50|100/100\n|-heal|p2a: Politoed|98/100|[from] ability: Hospitality|[of] p2b: Sinistcha\n|move|p1b: Rotom|Electroweb|p2a: Politoed|[spread] p2a,p2b\n|-supereffective|p2a: Politoed|1\n|-resisted|p2b: Sinistcha|1\n|-damage|p2a: Politoed|70/100\n|-damage|p2b: Sinistcha|94/100\n|-unboost|p2a: Politoed|spe|1\n|-unboost|p2b: Sinistcha|spe|1\n|move|p1a: Aerodactyl|Dual Wingbeat|p2b: Sinistcha\n|-supereffective|p2b: Sinistcha|1\n|-damage|p2b: Sinistcha|60/100\n|-supereffective|p2b: Sinistcha|1\n|-damage|p2b: Sinistcha|26/100\n|-hitcount|p2b: Sinistcha|2\n|move|p2a: Politoed|Weather Ball|p1a: Aerodactyl\n|-supereffective|p1a: Aerodactyl|1\n|-enditem|p1a: Aerodactyl|Focus Sash\n|-damage|p1a: Aerodactyl|1/100\n|\n|-weather|RainDance|[upkeep]\n|upkeep\n|turn|3\n|inactive|foxgirlmoony has 30 seconds left.\n|\n|t:|1776301451\n|move|p2b: Sinistcha|Protect|p2b: Sinistcha\n|-singleturn|p2b: Sinistcha|Protect\n|move|p1b: Rotom|Electroweb|p2a: Politoed|[spread] p2a\n|-activate|p2b: Sinistcha|move: Protect\n|-supereffective|p2a: Politoed|1\n|-damage|p2a: Politoed|41/100\n|-unboost|p2a: Politoed|spe|1\n|move|p1a: Aerodactyl|Rock Slide|p2a: Politoed|[spread] p2a\n|-activate|p2b: Sinistcha|move: Protect\n|-damage|p2a: Politoed|11/100\n|cant|p2a: Politoed|flinch\n|\n|-weather|RainDance|[upkeep]\n|upkeep\n|turn|4\n|inactive|Miguelon611 has 30 seconds left.\n|inactive|foxgirlmoony has 30 seconds left.\n|\n|t:|1776301481\n|move|p2a: Politoed|Protect|p2a: Politoed\n|-singleturn|p2a: Politoed|Protect\n|move|p1b: Rotom|Electroweb|p2b: Sinistcha|[spread] p2b\n|-activate|p2a: Politoed|move: Protect\n|-resisted|p2b: Sinistcha|1\n|-damage|p2b: Sinistcha|20/100\n|-unboost|p2b: Sinistcha|spe|1\n|move|p1a: Aerodactyl|Dual Wingbeat|p2b: Sinistcha\n|-supereffective|p2b: Sinistcha|1\n|-damage|p2b: Sinistcha|0 fnt\n|faint|p2b: Sinistcha\n|-hitcount|p2: Sinistcha|1\n|\n|-weather|RainDance|[upkeep]\n|upkeep\n|\n|t:|1776301496\n|switch|p2b: Basculegion|Basculegion-F, L50, F|67/100\n|turn|5\n|\n|t:|1776301507\n|switch|p2a: Floette|Floette-Eternal, L50, F|100/100\n|move|p1a: Aerodactyl|Protect|p1a: Aerodactyl\n|-singleturn|p1a: Aerodactyl|Protect\n|move|p2b: Basculegion|Muddy Water|p1a: Aerodactyl|[spread] p1b\n|-activate|p1a: Aerodactyl|move: Protect\n|-resisted|p1b: Rotom|1\n|-damage|p1b: Rotom|13/100\n|move|p1b: Rotom|Electroweb|p2b: Basculegion|[spread] p2a,p2b\n|-crit|p2a: Floette\n|-supereffective|p2b: Basculegion|1\n|-damage|p2a: Floette|87/100\n|-damage|p2b: Basculegion|30/100\n|-unboost|p2a: Floette|spe|1\n|-unboost|p2b: Basculegion|spe|1\n|\n|-weather|none\n|upkeep\n|turn|6\n|\n|t:|1776301529\n|switch|p2b: Politoed|Politoed, L50, M|11/100\n|-weather|RainDance|[from] ability: Drizzle|[of] p2b: Politoed\n|detailschange|p2a: Floette|Floette-Mega, L50, F\n|-mega|p2a: Floette|Floette|Floettite\n|-ability|p2a: Floette|Fairy Aura\n|move|p1b: Rotom|Electroweb|p2b: Politoed|[spread] p2a,p2b\n|-supereffective|p2b: Politoed|1\n|-damage|p2a: Floette|78/100\n|-damage|p2b: Politoed|0 fnt\n|-unboost|p2a: Floette|spe|1\n|faint|p2b: Politoed\n|move|p1a: Aerodactyl|Tailwind|p1a: Aerodactyl\n|-sidestart|p1: Miguelon611|move: Tailwind\n|move|p2a: Floette|Dazzling Gleam|p1a: Aerodactyl|[spread] p1a,p1b\n|-damage|p1a: Aerodactyl|0 fnt\n|-damage|p1b: Rotom|0 fnt\n|faint|p1a: Aerodactyl\n|faint|p1b: Rotom\n|\n|-weather|RainDance|[upkeep]\n|upkeep\n|\n|t:|1776301548\n|switch|p1a: Floette|Floette-Eternal, L50, F|100/100\n|switch|p1b: Milotic|Milotic, L50, M|100/100\n|switch|p2b: Basculegion|Basculegion-F, L50, F|30/100\n|turn|7\n|\n|t:|1776301564\n|detailschange|p1a: Floette|Floette-Mega, L50, F\n|-mega|p1a: Floette|Floette|Floettite\n|-ability|p1a: Floette|Fairy Aura\n|move|p1a: Floette|Dazzling Gleam|p2a: Floette|[spread] p2a,p2b\n|-damage|p2a: Floette|51/100\n|-damage|p2b: Basculegion|0 fnt\n|faint|p2b: Basculegion\n|move|p1b: Milotic|Scald|p2a: Floette\n|-damage|p2a: Floette|25/100\n|move|p2a: Floette|Calm Mind|p2a: Floette\n|-boost|p2a: Floette|spa|1\n|-boost|p2a: Floette|spd|1\n|\n|-weather|RainDance|[upkeep]\n|upkeep\n|turn|8\n|\n|t:|1776301580\n|move|p2a: Floette|Protect|p2a: Floette\n|-singleturn|p2a: Floette|Protect\n|move|p1a: Floette|Moonblast|p2a: Floette\n|-activate|p2a: Floette|move: Protect\n|move|p1b: Milotic|Scald|p2a: Floette\n|-activate|p2a: Floette|move: Protect\n|\n|-weather|RainDance|[upkeep]\n|upkeep\n|turn|9\n|\n|t:|1776301585\n|move|p1a: Floette|Moonblast|p2a: Floette\n|-damage|p2a: Floette|0 fnt\n|faint|p2a: Floette\n|\n|win|Miguelon611\n|raw|Miguelon611's rating: 1238 &rarr; <strong>1268</strong><br />(+30 for winning)\n|raw|foxgirlmoony's rating: 1308 &rarr; <strong>1284</strong><br />(-24 for losing)\n|l|\u2606foxgirlmoony\n|player|p2|\n",
  "uploadtime": 1776301596,
  "views": 27,
  "formatid": "gen9championsvgc2026regma",
  "rating": 1268,
  "private": 0,
  "password": null
}