{
  "id": "gen9championsvgc2026regma-2587617465",
  "format": "[Gen 9 Champions] VGC 2026 Reg M-A",
  "players": [
    "Evil Yarrack",
    "sluggopeej"
  ],
  "log": "|j|\u2606Evil Yarrack\n|j|\u2606sluggopeej\n|t:|1776547378\n|gametype|doubles\n|player|p1|Evil Yarrack|youngster-gen4dp|1501\n|player|p2|sluggopeej|102|1565\n|gen|9\n|tier|[Gen 9 Champions] VGC 2026 Reg M-A\n|rated|\n|rule|Species Clause: Limit one of each Pok\u00e9mon\n|rule|Item Clause: Limit 1 of each item\n|clearpoke\n|poke|p1|Scizor, L50, F|\n|poke|p1|Tyranitar, L50, F|\n|poke|p1|Lycanroc, L50, F|\n|poke|p1|Clawitzer, L50, M|\n|poke|p1|Whimsicott, L50, M|\n|poke|p1|Sinistcha, L50|\n|poke|p2|Meganium, L50, F|\n|poke|p2|Milotic, L50, M|\n|poke|p2|Kangaskhan, L50, F|\n|poke|p2|Aerodactyl, L50, M|\n|poke|p2|Sneasler, L50, M|\n|poke|p2|Typhlosion-Hisui, L50, M|\n|teampreview|4\n|inactive|Battle timer is ON: inactive players will automatically lose when time's up. (requested by Evil Yarrack)\n|j| p3elz\n|c| p3elz|ok..\n|c| p3elz|lycanroc and clawitzer\n|\n|t:|1776547403\n|teamsize|p1|4\n|teamsize|p2|4\n|start\n|switch|p1a: Whimsicott|Whimsicott, L50, M|100/100\n|switch|p1b: Tyranitar|Tyranitar, L50, F|100/100\n|switch|p2a: Aerodactyl|Aerodactyl, L50, M|100/100\n|switch|p2b: Typhlosion|Typhlosion-Hisui, L50, M|100/100\n|-ability|p2a: Aerodactyl|Unnerve\n|-item|p1a: Whimsicott|Coba Berry|[from] ability: Frisk|[of] p2b: Typhlosion\n|-item|p1b: Tyranitar|Tyranitarite|[from] ability: Frisk|[of] p2b: Typhlosion\n|-weather|Sandstorm|[from] ability: Sand Stream|[of] p1b: Tyranitar\n|turn|1\n|c| p3elz|vs typhlosion hisui\n|c| p3elz|i wonder what button typhlosion will click\n|\n|t:|1776547421\n|switch|p2b: Meganium|Meganium, L50, F|100/100\n|detailschange|p1b: Tyranitar|Tyranitar-Mega, L50, F\n|-mega|p1b: Tyranitar|Tyranitar|Tyranitarite\n|move|p1a: Whimsicott|Tailwind|p1a: Whimsicott\n|-sidestart|p1: Evil Yarrack|move: Tailwind\n|move|p1b: Tyranitar|Rock Slide|p2b: Meganium|[spread] p2a,p2b\n|-supereffective|p2a: Aerodactyl|1\n|-enditem|p2a: Aerodactyl|Focus Sash\n|-damage|p2a: Aerodactyl|1/100\n|-damage|p2b: Meganium|59/100\n|move|p2a: Aerodactyl|Tailwind|p2a: Aerodactyl\n|-sidestart|p2: sluggopeej|move: Tailwind\n|\n|-weather|Sandstorm|[upkeep]\n|-damage|p1a: Whimsicott|95/100|[from] Sandstorm\n|-damage|p2b: Meganium|53/100|[from] Sandstorm\n|upkeep\n|turn|2\n|c| p3elz|TAILWIND\n|c| p3elz|!!!\n|\n|t:|1776547440\n|detailschange|p2b: Meganium|Meganium-Mega, L50, F\n|-mega|p2b: Meganium|Meganium|Meganiumite\n|move|p1a: Whimsicott|Encore|p2a: Aerodactyl\n|-start|p2a: Aerodactyl|Encore\n|move|p2a: Aerodactyl|Tailwind||[still]\n|-fail|p2a: Aerodactyl\n|move|p2b: Meganium|Solar Beam||[still]\n|-prepare|p2b: Meganium|Solar Beam\n|-activate|p2b: Meganium|ability: Mega Sol\n|-anim|p2b: Meganium|Solar Beam|p1b: Tyranitar\n|-supereffective|p1b: Tyranitar|1\n|-damage|p1b: Tyranitar|0 fnt\n|faint|p1b: Tyranitar\n|\n|-weather|Sandstorm|[upkeep]\n|-damage|p1a: Whimsicott|89/100|[from] Sandstorm\n|-damage|p2b: Meganium|47/100|[from] Sandstorm\n|upkeep\n|c| p3elz|i wish people could be unpredictable for once\n|\n|t:|1776547454\n|switch|p1b: Clawitzer|Clawitzer, L50, M|100/100\n|turn|3\n|c| p3elz|ok\n|c| p3elz|what does clawitzer do.\n|\n|t:|1776547476\n|move|p2a: Aerodactyl|Tailwind||[still]\n|-fail|p2a: Aerodactyl\n|move|p1a: Whimsicott|Energy Ball|p2b: Meganium\n|-resisted|p2b: Meganium|1\n|-damage|p2b: Meganium|34/100\n|move|p2b: Meganium|Weather Ball|p1a: Whimsicott\n|-supereffective|p1a: Whimsicott|1\n|-damage|p1a: Whimsicott|0 fnt\n|faint|p1a: Whimsicott\n|move|p1b: Clawitzer|Ice Beam|p2b: Meganium\n|-supereffective|p2b: Meganium|1\n|-damage|p2b: Meganium|0 fnt\n|faint|p2b: Meganium\n|\n|-weather|Sandstorm|[upkeep]\n|-damage|p1b: Clawitzer|94/100|[from] Sandstorm\n|upkeep\n|\n|t:|1776547486\n|switch|p1a: Sinistcha|Sinistcha, L50|100/100\n|switch|p2b: Sneasler|Sneasler, L50, M|100/100\n|-heal|p1b: Clawitzer|100/100|[from] ability: Hospitality|[of] p1a: Sinistcha\n|turn|4\n|c| p3elz|oh ok\n|\n|t:|1776547503\n|switch|p2a: Typhlosion|Typhlosion-Hisui, L50, M|100/100\n|-item|p1a: Sinistcha|Sitrus Berry|[from] ability: Frisk|[of] p2a: Typhlosion\n|-item|p1b: Clawitzer|Mystic Water|[from] ability: Frisk|[of] p2a: Typhlosion\n|move|p1b: Clawitzer|Protect|p1b: Clawitzer\n|-singleturn|p1b: Clawitzer|Protect\n|move|p2b: Sneasler|Dire Claw|p1a: Sinistcha\n|-damage|p1a: Sinistcha|68/100\n|move|p1a: Sinistcha|Matcha Gotcha|p2a: Typhlosion|[spread] p2a,p2b\n|-resisted|p2a: Typhlosion|1\n|-resisted|p2b: Sneasler|1\n|-damage|p2a: Typhlosion|84/100\n|-heal|p1a: Sinistcha|75/100|[from] drain|[of] p2a: Typhlosion\n|-damage|p2b: Sneasler|82/100\n|-heal|p1a: Sinistcha|83/100|[from] drain|[of] p2b: Sneasler\n|\n|-weather|Sandstorm|[upkeep]\n|-damage|p2a: Typhlosion|78/100|[from] Sandstorm\n|-damage|p2b: Sneasler|77/100|[from] Sandstorm\n|-damage|p1b: Clawitzer|94/100|[from] Sandstorm\n|-damage|p1a: Sinistcha|77/100|[from] Sandstorm\n|-sideend|p2: sluggopeej|move: Tailwind\n|-sideend|p1: Evil Yarrack|move: Tailwind\n|upkeep\n|turn|5\n|c| p3elz|how did meganium not see this coming\n|\n|t:|1776547527\n|move|p2a: Typhlosion|Heat Wave|p1b: Clawitzer|[spread] p1a,p1b\n|-supereffective|p1a: Sinistcha|1\n|-resisted|p1b: Clawitzer|1\n|-crit|p1b: Clawitzer\n|-damage|p1a: Sinistcha|0 fnt\n|-damage|p1b: Clawitzer|57/100\n|faint|p1a: Sinistcha\n|move|p2b: Sneasler|Close Combat|p1b: Clawitzer\n|-damage|p1b: Clawitzer|0 fnt\n|-unboost|p2b: Sneasler|def|1\n|-unboost|p2b: Sneasler|spd|1\n|faint|p1b: Clawitzer\n|\n|win|sluggopeej\n|raw|Evil Yarrack's rating: 1528 &rarr; <strong>1510</strong><br />(-18 for losing)\n|raw|sluggopeej's rating: 1565 &rarr; <strong>1583</strong><br />(+18 for winning)\n|c|\u2606sluggopeej|gs\n|l|\u2606Evil Yarrack\n|player|p1|\n|c|\u2606sluggopeej|way to predict\n",
  "uploadtime": 1776547544,
  "views": 21,
  "formatid": "gen9championsvgc2026regma",
  "rating": 1510,
  "private": 0,
  "password": null
}