{
  "id": "gen9championsvgc2026regma-2582444795",
  "format": "[Gen 9 Champions] VGC 2026 Reg M-A",
  "players": [
    "ThunderSkills811",
    "the_ag_is_fake"
  ],
  "log": "|j|\u2606ThunderSkills811\n|j|\u2606the_ag_is_fake\n|t:|1776092119\n|gametype|doubles\n|player|p1|ThunderSkills811|ethan|1257\n|player|p2|the_ag_is_fake|rika|1322\n|gen|9\n|tier|[Gen 9 Champions] VGC 2026 Reg M-A\n|rated|\n|rule|Species Clause: Limit one of each Pok\u00e9mon\n|rule|Item Clause: Limit 1 of each item\n|clearpoke\n|poke|p1|Pelipper, L50, F|\n|poke|p1|Archaludon, L50, F|\n|poke|p1|Basculegion, L50, M|\n|poke|p1|Sneasler, L50, M|\n|poke|p1|Dragonite, L50, M|\n|poke|p1|Rotom-Heat, L50|\n|poke|p2|Clefable, L50, M|\n|poke|p2|Incineroar, L50, M|\n|poke|p2|Kingambit, L50, F|\n|poke|p2|Sneasler, L50, M|\n|poke|p2|Kommo-o, L50, F|\n|poke|p2|Froslass, L50, F|\n|teampreview|4\n|inactive|Battle timer is ON: inactive players will automatically lose when time's up. (requested by the_ag_is_fake)\n|inactive|ThunderSkills811 has 60 seconds left.\n|inactive|the_ag_is_fake has 60 seconds left.\n|c|\u2606ThunderSkills811|glhf\n|c|\u2606the_ag_is_fake|u2\n|\n|t:|1776092164\n|teamsize|p1|4\n|teamsize|p2|4\n|start\n|switch|p1a: Sneasler|Sneasler, L50, M|100/100\n|switch|p1b: Dragonite|Dragonite, L50, M|100/100\n|switch|p2a: Froslass|Froslass, L50, F|100/100\n|switch|p2b: Sneasler|Sneasler, L50, M|100/100\n|turn|1\n|inactive|the_ag_is_fake has 30 seconds left.\n|inactive|the_ag_is_fake has 20 seconds left.\n|inactive|the_ag_is_fake has 15 seconds left.\n|\n|t:|1776092208\n|detailschange|p2a: Froslass|Froslass-Mega, L50, F\n|-mega|p2a: Froslass|Froslass|Froslassite\n|-weather|Snowscape|[from] ability: Snow Warning|[of] p2a: Froslass\n|detailschange|p1b: Dragonite|Dragonite-Mega, L50, M\n|-mega|p1b: Dragonite|Dragonite|Dragoninite\n|move|p2b: Sneasler|Fake Out|p1a: Sneasler\n|-damage|p1a: Sneasler|78/100\n|cant|p1a: Sneasler|flinch\n|move|p2a: Froslass|Blizzard|p1a: Sneasler|[spread] p1a,p1b\n|-supereffective|p1b: Dragonite|2\n|-damage|p1a: Sneasler|6/100\n|-damage|p1b: Dragonite|10/100\n|move|p1b: Dragonite|Dragon Pulse|p2b: Sneasler\n|-damage|p2b: Sneasler|23/100\n|\n|-weather|Snowscape|[upkeep]\n|upkeep\n|turn|2\n|\n|t:|1776092226\n|switch|p1a: Pelipper|Pelipper, L50, F|100/100\n|-weather|RainDance|[from] ability: Drizzle|[of] p1a: Pelipper\n|move|p2b: Sneasler|Dire Claw|p1a: Pelipper\n|-damage|p1a: Pelipper|49/100\n|move|p2a: Froslass|Shadow Ball|p1b: Dragonite\n|-damage|p1b: Dragonite|0 fnt\n|faint|p1b: Dragonite\n|\n|-weather|RainDance|[upkeep]\n|upkeep\n|\n|t:|1776092232\n|switch|p1b: Sneasler|Sneasler, L50, M|6/100\n|turn|3\n|inactive|the_ag_is_fake has 30 seconds left.\n|\n|t:|1776092262\n|switch|p2a: Incineroar|Incineroar, L50, M|100/100\n|-ability|p2a: Incineroar|Intimidate|boost\n|-unboost|p1a: Pelipper|atk|1\n|-unboost|p1b: Sneasler|atk|1\n|-enditem|p1b: Sneasler|White Herb\n|-clearnegativeboost|p1b: Sneasler|[silent]\n|move|p2b: Sneasler|Protect|p2b: Sneasler\n|-singleturn|p2b: Sneasler|Protect\n|move|p1b: Sneasler|Fake Out|p2b: Sneasler\n|-activate|p2b: Sneasler|move: Protect\n|move|p1a: Pelipper|Hurricane|p2a: Incineroar\n|-damage|p2a: Incineroar|58/100\n|\n|-weather|RainDance|[upkeep]\n|upkeep\n|turn|4\n|\n|t:|1776092278\n|move|p2a: Incineroar|Fake Out|p1b: Sneasler\n|-damage|p1b: Sneasler|0 fnt\n|faint|p1b: Sneasler\n|move|p2b: Sneasler|Dire Claw|p1a: Pelipper\n|-damage|p1a: Pelipper|0 fnt\n|faint|p1a: Pelipper\n|\n|-weather|RainDance|[upkeep]\n|upkeep\n|\n|t:|1776092281\n|switch|p1b: Archaludon|Archaludon, L50, F|100/100\n|turn|5\n|-message|ThunderSkills811 forfeited.\n|\n|win|the_ag_is_fake\n|raw|ThunderSkills811's rating: 1257 &rarr; <strong>1237</strong><br />(-20 for losing)\n|raw|the_ag_is_fake's rating: 1322 &rarr; <strong>1338</strong><br />(+16 for winning)\n",
  "uploadtime": 1776092286,
  "views": 17,
  "formatid": "gen9championsvgc2026regma",
  "rating": 1237,
  "private": 0,
  "password": null
}