{
  "id": "gen9championsvgc2026regma-2584849589",
  "format": "[Gen 9 Champions] VGC 2026 Reg M-A",
  "players": [
    "47nthduck",
    "bambuverde"
  ],
  "log": "|j|\u260647nthduck\n|j|\u2606bambuverde\n|t:|1776288496\n|gametype|doubles\n|player|p1|47nthduck|102|1055\n|player|p2|bambuverde|266|1100\n|gen|9\n|tier|[Gen 9 Champions] VGC 2026 Reg M-A\n|rated|\n|rule|Species Clause: Limit one of each Pok\u00e9mon\n|rule|Item Clause: Limit 1 of each item\n|clearpoke\n|poke|p1|Kommo-o, L50, F|\n|poke|p1|Ninetales-Alola, L50, F|\n|poke|p1|Scizor, L50, F|\n|poke|p1|Basculegion, L50, M|\n|poke|p1|Sneasler, L50, F|\n|poke|p1|Incineroar, L50, F|\n|poke|p2|Sneasler, L50, F|\n|poke|p2|Aerodactyl, L50, F|\n|poke|p2|Klefki, L50, F|\n|poke|p2|Rotom-Wash, L50|\n|poke|p2|Scizor, L50, M|\n|poke|p2|Aegislash, L50, F|\n|teampreview|4\n|inactive|Battle timer is ON: inactive players will automatically lose when time's up. (requested by 47nthduck)\n47nthduck has agreed to open team sheets.\n|inactive|bambuverde has 60 seconds left.\n|\n|t:|1776288544\n|teamsize|p1|4\n|teamsize|p2|4\n|start\n|switch|p1a: Scizor|Scizor, L50, F|100/100\n|switch|p1b: Sneasler|Sneasler, L50, F|100/100\n|switch|p2a: Klefki|Klefki, L50, F|100/100\n|switch|p2b: Sneasler|Sneasler, L50, F|100/100\n|turn|1\n|inactive|47nthduck has 30 seconds left.\n|\n|t:|1776288578\n|detailschange|p1a: Scizor|Scizor-Mega, L50, F\n|-mega|p1a: Scizor|Scizor|Scizorite\n|move|p2b: Sneasler|Fake Out|p1b: Sneasler\n|-damage|p1b: Sneasler|74/100\n|cant|p1b: Sneasler|flinch\n|move|p2a: Klefki|Reflect|p2a: Klefki\n|-sidestart|p2: bambuverde|Reflect\n|move|p1a: Scizor|Swords Dance|p1a: Scizor\n|-boost|p1a: Scizor|atk|2\n|\n|upkeep\n|turn|2\n|\n|t:|1776288598\n|move|p2a: Klefki|Thunder Wave|p1a: Scizor\n|-status|p1a: Scizor|par\n|move|p1a: Scizor|Bullet Punch|p2b: Sneasler\n|-damage|p2b: Sneasler|6/100\n|move|p2b: Sneasler|Close Combat|p1a: Scizor\n|-damage|p1a: Scizor|51/100 par\n|-unboost|p2b: Sneasler|def|1\n|-unboost|p2b: Sneasler|spd|1\n|-enditem|p2b: Sneasler|White Herb\n|-clearnegativeboost|p2b: Sneasler|[silent]\n|move|p1b: Sneasler|Close Combat|p2a: Klefki\n|-damage|p2a: Klefki|49/100\n|-unboost|p1b: Sneasler|def|1\n|-unboost|p1b: Sneasler|spd|1\n|\n|upkeep\n|turn|3\n|inactive|47nthduck has 30 seconds left.\n|inactive|bambuverde has 30 seconds left.\n|\n|t:|1776288632\n|cant|p1a: Scizor|par\n|move|p2b: Sneasler|Acrobatics|p1b: Sneasler\n|-supereffective|p1b: Sneasler|1\n|-damage|p1b: Sneasler|0 fnt\n|faint|p1b: Sneasler\n|move|p2a: Klefki|Draining Kiss|p1a: Scizor\n|-resisted|p1a: Scizor|1\n|-damage|p1a: Scizor|44/100 par\n|-heal|p2a: Klefki|55/100|[from] drain|[of] p1a: Scizor\n|\n|upkeep\n|\n|t:|1776288638\n|switch|p1b: Incineroar|Incineroar, L50, F|100/100\n|-ability|p1b: Incineroar|Intimidate|boost\n|-unboost|p2a: Klefki|atk|1\n|-unboost|p2b: Sneasler|atk|1\n|turn|4\n|\n|t:|1776288653\n|move|p1b: Incineroar|Fake Out|p2b: Sneasler\n|-damage|p2b: Sneasler|0 fnt\n|faint|p2b: Sneasler\n|move|p2a: Klefki|Thunder Wave|p1b: Incineroar\n|-hint|Since gen 7, Dark is immune to Prankster moves.\n|-immune|p1b: Incineroar\n|move|p1a: Scizor|Bullet Punch|p2a: Klefki\n|-damage|p2a: Klefki|0 fnt\n|faint|p2a: Klefki\n|\n|upkeep\n|\n|t:|1776288663\n|switch|p2b: Aegislash|Aegislash, L50, F|100/100\n|switch|p2a: Aerodactyl|Aerodactyl, L50, F|100/100\n|-ability|p2a: Aerodactyl|Unnerve\n|turn|5\n|\n|t:|1776288680\n|detailschange|p2a: Aerodactyl|Aerodactyl-Mega, L50, F\n|-mega|p2a: Aerodactyl|Aerodactyl|Aerodactylite\n|cant|p1a: Scizor|par\n|move|p2a: Aerodactyl|Dual Wingbeat|p1a: Scizor\n|-damage|p1a: Scizor|22/100 par\n|-damage|p1a: Scizor|0 fnt\n|faint|p1a: Scizor\n|-hitcount|p1: Scizor|2\n|-formechange|p2b: Aegislash|Aegislash-Blade|\n|move|p2b: Aegislash|Sacred Sword|p1b: Incineroar\n|-supereffective|p1b: Incineroar|1\n|-damage|p1b: Incineroar|30/100\n|-enditem|p1b: Incineroar|Sitrus Berry|[eat]\n|-heal|p1b: Incineroar|55/100|[from] item: Sitrus Berry\n|move|p1b: Incineroar|Throat Chop|p2b: Aegislash\n|-supereffective|p2b: Aegislash|1\n|-damage|p2b: Aegislash|14/100\n|-start|p2b: Aegislash|Throat Chop|[silent]\n|\n|-sideend|p2: bambuverde|Reflect\n|upkeep\n|\n|t:|1776288688\n|switch|p1a: Kommo-o|Kommo-o, L50, F|100/100\n|turn|6\n|\n|t:|1776288708\n|-formechange|p2b: Aegislash|Aegislash|\n|move|p2b: Aegislash|King's Shield|p2b: Aegislash\n|-singleturn|p2b: Aegislash|Protect\n|move|p2a: Aerodactyl|Psychic Fangs|p1a: Kommo-o\n|-supereffective|p1a: Kommo-o|1\n|-damage|p1a: Kommo-o|32/100\n|move|p1a: Kommo-o|Clangorous Soul||[still]\n|-fail|p1a: Kommo-o\n|move|p1b: Incineroar|Throat Chop|p2b: Aegislash\n|-activate|p2b: Aegislash|move: Protect\n|-unboost|p1b: Incineroar|atk|1\n|\n|-heal|p1a: Kommo-o|38/100|[from] item: Leftovers\n|-end|p2b: Aegislash|Throat Chop|[silent]\n|upkeep\n|turn|7\n|\n|t:|1776288728\n|move|p2a: Aerodactyl|Psychic Fangs|p1a: Kommo-o\n|-supereffective|p1a: Kommo-o|1\n|-damage|p1a: Kommo-o|0 fnt\n|faint|p1a: Kommo-o\n|move|p1b: Incineroar|Flare Blitz|p2a: Aerodactyl\n|-resisted|p2a: Aerodactyl|1\n|-damage|p2a: Aerodactyl|77/100\n|-damage|p1b: Incineroar|49/100|[from] Recoil\n|-formechange|p2b: Aegislash|Aegislash-Blade|\n|move|p2b: Aegislash|Sacred Sword|p1b: Incineroar\n|-supereffective|p1b: Incineroar|1\n|-damage|p1b: Incineroar|0 fnt\n|faint|p1b: Incineroar\n|\n|win|bambuverde\n|raw|47nthduck's rating: 1055 &rarr; <strong>1039</strong><br />(-16 for losing)\n|raw|bambuverde's rating: 1100 &rarr; <strong>1122</strong><br />(+22 for winning)\n|l|\u260647nthduck\n|player|p1|\n",
  "uploadtime": 1776288742,
  "views": 22,
  "formatid": "gen9championsvgc2026regma",
  "rating": 1039,
  "private": 0,
  "password": null
}