{
  "id": "gen9championsvgc2026regma-2586229780",
  "format": "[Gen 9 Champions] VGC 2026 Reg M-A",
  "players": [
    "Valloo MLA",
    "SimMikaze"
  ],
  "log": "|j|\u2606Valloo MLA\n|j|\u2606SimMikaze\n|t:|1776415037\n|gametype|doubles\n|player|p1|Valloo MLA|2|1335\n|player|p2|SimMikaze|miku-ghost|1240\n|gen|9\n|tier|[Gen 9 Champions] VGC 2026 Reg M-A\n|rated|\n|rule|Species Clause: Limit one of each Pok\u00e9mon\n|rule|Item Clause: Limit 1 of each item\n|clearpoke\n|poke|p1|Sneasler, L50, M|\n|poke|p1|Talonflame, L50, M|\n|poke|p1|Tyranitar, L50, M|\n|poke|p1|Excadrill, L50, F|\n|poke|p1|Floette-Eternal, L50, F|\n|poke|p1|Sableye, L50, F|\n|poke|p2|Gardevoir, L50, F|\n|poke|p2|Garchomp, L50, F|\n|poke|p2|Incineroar, L50, M|\n|poke|p2|Sinistcha, L50|\n|poke|p2|Milotic, L50, F|\n|poke|p2|Crabominable, L50, M|\n|teampreview|4\n|inactive|Battle timer is ON: inactive players will automatically lose when time's up. (requested by Valloo MLA)\n|\n|t:|1776415100\n|teamsize|p1|4\n|teamsize|p2|4\n|start\n|switch|p1a: Sneasler|Sneasler, L50, M, shiny|100/100\n|switch|p1b: Floette|Floette-Eternal, L50, F|100/100\n|switch|p2a: Gardevoir|Gardevoir, L50, F, shiny|100/100\n|switch|p2b: Sinistcha|Sinistcha, L50, shiny|100/100\n|-ability|p2a: Gardevoir|Symbiosis|Trace|[from] ability: Trace|[of] p1b: Floette\n|turn|1\n|\n|t:|1776415115\n|detailschange|p1b: Floette|Floette-Mega, L50, F\n|-mega|p1b: Floette|Floette|Floettite\n|-ability|p1b: Floette|Fairy Aura\n|move|p2a: Gardevoir|Protect|p2a: Gardevoir\n|-singleturn|p2a: Gardevoir|Protect\n|move|p1a: Sneasler|Dire Claw|p2a: Gardevoir\n|-activate|p2a: Gardevoir|move: Protect\n|move|p1b: Floette|Calm Mind|p1b: Floette\n|-boost|p1b: Floette|spa|1\n|-boost|p1b: Floette|spd|1\n|move|p2b: Sinistcha|Trick Room|p2b: Sinistcha\n|-fieldstart|move: Trick Room|[of] p2b: Sinistcha\n|\n|upkeep\n|turn|2\n|\n|t:|1776415139\n|switch|p1a: Talonflame|Talonflame, L50, M|100/100\n|detailschange|p2a: Gardevoir|Gardevoir-Mega, L50, F, shiny\n|-mega|p2a: Gardevoir|Gardevoir|Gardevoirite\n|move|p2b: Sinistcha|Matcha Gotcha|p1a: Talonflame|[spread] p1a,p1b\n|-resisted|p1a: Talonflame|2\n|-damage|p1a: Talonflame|88/100\n|-damage|p1b: Floette|82/100\n|move|p2a: Gardevoir|Hyper Voice|p1a: Talonflame|[spread] p1a,p1b\n|-resisted|p1a: Talonflame|1\n|-damage|p1a: Talonflame|36/100\n|-damage|p1b: Floette|41/100\n|move|p1b: Floette|Dazzling Gleam|p2b: Sinistcha|[spread] p2a,p2b\n|-damage|p2a: Gardevoir|48/100\n|-damage|p2b: Sinistcha|8/100\n|-enditem|p2b: Sinistcha|Sitrus Berry|[eat]\n|-heal|p2b: Sinistcha|33/100|[from] item: Sitrus Berry\n|\n|upkeep\n|turn|3\n|\n|t:|1776415162\n|move|p1b: Floette|Protect|p1b: Floette\n|-singleturn|p1b: Floette|Protect\n|move|p2b: Sinistcha|Life Dew|p2b: Sinistcha|[spread] p2a,p2b\n|-heal|p2a: Gardevoir|74/100\n|-heal|p2b: Sinistcha|58/100\n|move|p2a: Gardevoir|Hyper Voice|p1a: Talonflame|[spread] p1a\n|-activate|p1b: Floette|move: Protect\n|-resisted|p1a: Talonflame|1\n|-damage|p1a: Talonflame|0 fnt\n|faint|p1a: Talonflame\n|\n|upkeep\n|\n|t:|1776415164\n|switch|p1a: Sneasler|Sneasler, L50, M, shiny|100/100\n|turn|4\n|inactive|SimMikaze has 30 seconds left.\n|\n|t:|1776415191\n|move|p2a: Gardevoir|Protect|p2a: Gardevoir\n|-singleturn|p2a: Gardevoir|Protect\n|move|p1a: Sneasler|Fake Out|p2a: Gardevoir\n|-activate|p2a: Gardevoir|move: Protect\n|move|p2b: Sinistcha|Life Dew|p2b: Sinistcha|[spread] p2a,p2b\n|-heal|p2a: Gardevoir|99/100\n|-heal|p2b: Sinistcha|83/100\n|move|p1b: Floette|Calm Mind|p1b: Floette\n|-boost|p1b: Floette|spa|1\n|-boost|p1b: Floette|spd|1\n|\n|upkeep\n|turn|5\n|\n|t:|1776415210\n|switch|p1a: Excadrill|Excadrill, L50, F|100/100\n|move|p1b: Floette|Protect|p1b: Floette\n|-singleturn|p1b: Floette|Protect\n|move|p2b: Sinistcha|Trick Room|p2b: Sinistcha\n|-fieldend|move: Trick Room\n|move|p2a: Gardevoir|Trick Room|p2a: Gardevoir\n|-fieldstart|move: Trick Room|[of] p2a: Gardevoir\n|\n|upkeep\n|turn|6\n|\n|t:|1776415225\n|move|p2b: Sinistcha|Life Dew|p2b: Sinistcha|[spread] p2a,p2b\n|-heal|p2a: Gardevoir|100/100\n|-heal|p2b: Sinistcha|100/100\n|move|p2a: Gardevoir|Hyper Voice|p1a: Excadrill|[spread] p1a,p1b\n|-resisted|p1a: Excadrill|1\n|-damage|p1a: Excadrill|57/100\n|-damage|p1b: Floette|14/100\n|move|p1a: Excadrill|Iron Head|p2a: Gardevoir\n|-supereffective|p2a: Gardevoir|1\n|-damage|p2a: Gardevoir|0 fnt\n|faint|p2a: Gardevoir\n|move|p1b: Floette|Dazzling Gleam|p2b: Sinistcha\n|-damage|p2b: Sinistcha|0 fnt\n|faint|p2b: Sinistcha\n|\n|upkeep\n|\n|t:|1776415233\n|switch|p2b: Incineroar|Incineroar, L50, M, shiny|100/100\n|switch|p2a: Milotic|Milotic, L50, F|100/100\n|-ability|p2b: Incineroar|Intimidate|boost\n|-unboost|p1a: Excadrill|atk|1\n|-unboost|p1b: Floette|atk|1\n|turn|7\n|\n|t:|1776415258\n|switch|p1a: Sneasler|Sneasler, L50, M, shiny|100/100\n|move|p1b: Floette|Protect|p1b: Floette\n|-singleturn|p1b: Floette|Protect\n|move|p2b: Incineroar|Flare Blitz|p1a: Sneasler\n|-damage|p1a: Sneasler|0 fnt\n|faint|p1a: Sneasler\n|-damage|p2b: Incineroar|75/100|[from] Recoil\n|move|p2a: Milotic|Scald|p1b: Floette\n|-activate|p1b: Floette|move: Protect\n|\n|upkeep\n|\n|t:|1776415266\n|switch|p1a: Excadrill|Excadrill, L50, F|57/100\n|turn|8\n|inactive|SimMikaze has 30 seconds left.\n|\n|t:|1776415299\n|move|p2b: Incineroar|Flare Blitz|p1b: Floette\n|-damage|p1b: Floette|0 fnt\n|faint|p1b: Floette\n|-damage|p2b: Incineroar|72/100|[from] Recoil\n|move|p2a: Milotic|Scald|p1a: Excadrill\n|-supereffective|p1a: Excadrill|1\n|-damage|p1a: Excadrill|0 fnt\n|faint|p1a: Excadrill\n|\n|win|SimMikaze\n|raw|Valloo MLA's rating: 1335 &rarr; <strong>1310</strong><br />(-25 for losing)\n|raw|SimMikaze's rating: 1240 &rarr; <strong>1272</strong><br />(+32 for winning)\n|l|\u2606Valloo MLA\n|player|p1|\n",
  "uploadtime": 1776415301,
  "views": 34,
  "formatid": "gen9championsvgc2026regma",
  "rating": 1272,
  "private": 0,
  "password": null
}