{
  "id": "gen9championsvgc2026regma-2587779565",
  "format": "[Gen 9 Champions] VGC 2026 Reg M-A",
  "players": [
    "riku797vgc5",
    "Ickygrunt"
  ],
  "log": "|j|\u2606riku797vgc5\n|j|\u2606Ickygrunt\n|t:|1776563189\n|gametype|doubles\n|player|p1|riku797vgc5|2|1236\n|player|p2|Ickygrunt|hilbert|1172\n|gen|9\n|tier|[Gen 9 Champions] VGC 2026 Reg M-A\n|rated|\n|rule|Species Clause: Limit one of each Pok\u00e9mon\n|rule|Item Clause: Limit 1 of each item\n|clearpoke\n|poke|p1|Gengar, L50, M|\n|poke|p1|Sinistcha, L50|\n|poke|p1|Maushold, L50|\n|poke|p1|Incineroar, L50, F|\n|poke|p1|Rotom-Wash, L50|\n|poke|p1|Kommo-o, L50, F|\n|poke|p2|Sableye, L50, M|\n|poke|p2|Drampa, L50, M|\n|poke|p2|Reuniclus, L50, M, shiny|\n|poke|p2|Gyarados, L50, M|\n|poke|p2|Aegislash, L50, M, shiny|\n|poke|p2|Politoed, L50, M, shiny|\n|teampreview|4\n|inactive|Battle timer is ON: inactive players will automatically lose when time's up. (requested by Ickygrunt)\n|inactive|Ickygrunt has 60 seconds left.\n|\n|t:|1776563220\n|teamsize|p1|4\n|teamsize|p2|4\n|start\n|switch|p1a: Gengar|Gengar, L50, M|100/100\n|switch|p1b: Incineroar|Incineroar, L50, F|100/100\n|switch|p2a: Aegislash|Aegislash, L50, M, shiny|100/100\n|switch|p2b: Reuniclus|Reuniclus, L50, M, shiny|100/100\n|-ability|p1b: Incineroar|Intimidate|boost\n|-unboost|p2a: Aegislash|atk|1\n|-unboost|p2b: Reuniclus|atk|1\n|-enditem|p2a: Aegislash|White Herb\n|-clearnegativeboost|p2a: Aegislash|[silent]\n|turn|1\n|\n|t:|1776563236\n|detailschange|p1a: Gengar|Gengar-Mega, L50, M\n|-mega|p1a: Gengar|Gengar|Gengarite\n|move|p1a: Gengar|Substitute|p1a: Gengar\n|-start|p1a: Gengar|Substitute\n|-damage|p1a: Gengar|76/100\n|move|p1b: Incineroar|Will-O-Wisp|p2a: Aegislash\n|-status|p2a: Aegislash|brn\n|-formechange|p2a: Aegislash|Aegislash-Blade|\n|move|p2a: Aegislash|Sacred Sword|p1b: Incineroar\n|-supereffective|p1b: Incineroar|1\n|-damage|p1b: Incineroar|72/100\n|move|p2b: Reuniclus|Trick Room|p2b: Reuniclus\n|-fieldstart|move: Trick Room|[of] p2b: Reuniclus\n|\n|-damage|p2a: Aegislash|95/100 brn|[from] brn\n|upkeep\n|turn|2\n|\n|t:|1776563252\n|move|p1a: Gengar|Protect|p1a: Gengar\n|-singleturn|p1a: Gengar|Protect\n|move|p2b: Reuniclus|Psychic|p1a: Gengar\n|-activate|p1a: Gengar|move: Protect\n|move|p2a: Aegislash|Poltergeist|p1a: Gengar\n|-activate|p1a: Gengar|move: Protect\n|move|p1b: Incineroar|Parting Shot|p2b: Reuniclus\n|-unboost|p2b: Reuniclus|atk|1\n|-unboost|p2b: Reuniclus|spa|1\n|\n|t:|1776563257\n|switch|p1b: Maushold|Maushold, L50|100/100|[from] Parting Shot\n|\n|-damage|p2a: Aegislash|89/100 brn|[from] brn\n|upkeep\n|turn|3\n|\n|t:|1776563264\n|move|p1b: Maushold|Follow Me|p1b: Maushold\n|-singleturn|p1b: Maushold|move: Follow Me\n|move|p2b: Reuniclus|Psychic|p1b: Maushold\n|-damage|p1b: Maushold|57/100\n|move|p2a: Aegislash|Poltergeist|p1b: Maushold\n|-immune|p1b: Maushold\n|move|p1a: Gengar|Disable|p2b: Reuniclus\n|-start|p2b: Reuniclus|Disable|Psychic\n|\n|-damage|p2a: Aegislash|83/100 brn|[from] brn\n|upkeep\n|turn|4\n|\n|t:|1776563275\n|move|p1a: Gengar|Protect|p1a: Gengar\n|-singleturn|p1a: Gengar|Protect\n|move|p2b: Reuniclus|Shadow Ball|p1a: Gengar\n|-activate|p1a: Gengar|move: Protect\n|move|p2a: Aegislash|Sacred Sword|p1b: Maushold\n|-supereffective|p1b: Maushold|1\n|-damage|p1b: Maushold|8/100\n|move|p1b: Maushold|Super Fang|p2b: Reuniclus\n|-damage|p2b: Reuniclus|51/100\n|\n|-damage|p2a: Aegislash|77/100 brn|[from] brn\n|upkeep\n|turn|5\n|inactive|Ickygrunt has 30 seconds left.\n|\n|t:|1776563303\n|move|p1b: Maushold|Protect|p1b: Maushold\n|-singleturn|p1b: Maushold|Protect\n|move|p2b: Reuniclus|Focus Blast|p1b: Maushold\n|-activate|p1b: Maushold|move: Protect\n|move|p2a: Aegislash|Iron Head|p1a: Gengar\n|-activate|p1a: Gengar|move: Substitute|[damage]\n|move|p1a: Gengar|Shadow Ball|p2b: Reuniclus\n|-supereffective|p2b: Reuniclus|1\n|-damage|p2b: Reuniclus|0 fnt\n|faint|p2b: Reuniclus\n|\n|-damage|p2a: Aegislash|71/100 brn|[from] brn\n|-fieldend|move: Trick Room\n|upkeep\n|\n|t:|1776563316\n|switch|p2b: Drampa|Drampa, L50, M|100/100\n|turn|6\n|\n|t:|1776563331\n|switch|p1b: Sinistcha|Sinistcha, L50|100/100\n|-heal|p1a: Gengar|100/100|[from] ability: Hospitality|[of] p1b: Sinistcha\n|detailschange|p2b: Drampa|Drampa-Mega, L50, M\n|-mega|p2b: Drampa|Drampa|Drampanite\n|move|p1a: Gengar|Shadow Ball|p2a: Aegislash\n|-supereffective|p2a: Aegislash|1\n|-damage|p2a: Aegislash|0 fnt\n|faint|p2a: Aegislash\n|move|p2b: Drampa|Hyper Voice|p1b: Sinistcha|[spread] \n|-immune|p1a: Gengar\n|-immune|p1b: Sinistcha\n|\n|upkeep\n|\n|t:|1776563336\n|switch|p2a: Gyarados|Gyarados, L50, M|100/100\n|-ability|p2a: Gyarados|Intimidate|boost\n|-immune|p1a: Gengar\n|-unboost|p1b: Sinistcha|atk|1\n|turn|7\n|\n|t:|1776563348\n|switch|p1b: Incineroar|Incineroar, L50, F|72/100\n|-ability|p1b: Incineroar|Intimidate|boost\n|-unboost|p2a: Gyarados|atk|1\n|-unboost|p2b: Drampa|atk|1\n|move|p1a: Gengar|Protect|p1a: Gengar\n|-singleturn|p1a: Gengar|Protect\n|move|p2a: Gyarados|Crunch|p1a: Gengar\n|-activate|p1a: Gengar|move: Protect\n|move|p2b: Drampa|Dragon Pulse|p1b: Incineroar\n|-damage|p1b: Incineroar|30/100\n|-enditem|p1b: Incineroar|Sitrus Berry|[eat]\n|-heal|p1b: Incineroar|55/100|[from] item: Sitrus Berry\n|\n|upkeep\n|turn|8\n|\n|t:|1776563370\n|move|p2a: Gyarados|Protect|p2a: Gyarados\n|-singleturn|p2a: Gyarados|Protect\n|move|p2b: Drampa|Protect|p2b: Drampa\n|-singleturn|p2b: Drampa|Protect\n|move|p1a: Gengar|Shadow Ball|p2a: Gyarados\n|-activate|p2a: Gyarados|move: Protect\n|move|p1b: Incineroar|Parting Shot|p2a: Gyarados\n|-activate|p2a: Gyarados|move: Protect\n|\n|upkeep\n|turn|9\n|\n|t:|1776563383\n|move|p1a: Gengar|Protect|p1a: Gengar\n|-singleturn|p1a: Gengar|Protect\n|move|p2a: Gyarados|Crunch|p1a: Gengar\n|-activate|p1a: Gengar|move: Protect\n|move|p1b: Incineroar|Will-O-Wisp|p2a: Gyarados\n|-status|p2a: Gyarados|brn\n|move|p2b: Drampa|Dragon Pulse|p1a: Gengar\n|-activate|p1a: Gengar|move: Protect\n|\n|-damage|p2a: Gyarados|94/100 brn|[from] brn\n|upkeep\n|turn|10\n|\n|t:|1776563397\n|move|p1a: Gengar|Shadow Ball|p2a: Gyarados\n|-damage|p2a: Gyarados|55/100 brn\n|move|p2a: Gyarados|Crunch|p1a: Gengar\n|-supereffective|p1a: Gengar|1\n|-end|p1a: Gengar|Substitute\n|move|p1b: Incineroar|Parting Shot|p2b: Drampa\n|-unboost|p2b: Drampa|atk|1\n|-unboost|p2b: Drampa|spa|1\n|\n|t:|1776563400\n|switch|p1b: Maushold|Maushold, L50|8/100|[from] Parting Shot\n|move|p2b: Drampa|Dragon Pulse|p1a: Gengar\n|-crit|p1a: Gengar\n|-damage|p1a: Gengar|28/100\n|\n|-damage|p2a: Gyarados|49/100 brn|[from] brn\n|upkeep\n|turn|11\n|\n|t:|1776563414\n|move|p1b: Maushold|Encore|p2b: Drampa\n|-start|p2b: Drampa|Encore\n|move|p1a: Gengar|Disable|p2b: Drampa\n|-start|p2b: Drampa|Disable|Dragon Pulse\n|move|p2a: Gyarados|Crunch|p1a: Gengar\n|-supereffective|p1a: Gengar|1\n|-crit|p1a: Gengar\n|-damage|p1a: Gengar|0 fnt\n|faint|p1a: Gengar\n|cant|p2b: Drampa|Disable|Dragon Pulse\n|\n|-damage|p2a: Gyarados|43/100 brn|[from] brn\n|upkeep\n|\n|t:|1776563418\n|switch|p1a: Incineroar|Incineroar, L50, F|55/100\n|-ability|p1a: Incineroar|Intimidate|boost\n|-unboost|p2a: Gyarados|atk|1\n|-unboost|p2b: Drampa|atk|1\n|turn|12\n|c|\u2606riku797vgc5|gg\n|\n|t:|1776563427\n|move|p1a: Incineroar|Fake Out|p2a: Gyarados\n|-damage|p2a: Gyarados|34/100 brn\n|move|p1b: Maushold|Super Fang|p2b: Drampa\n|-damage|p2b: Drampa|51/100\n|cant|p2a: Gyarados|flinch\n|-activate|p2b: Drampa|move: Struggle\n|move|p2b: Drampa|Struggle|p1a: Incineroar\n|-damage|p1a: Incineroar|52/100\n|-damage|p2b: Drampa|26/100|[from] recoil\n|\n|-damage|p2a: Gyarados|28/100 brn|[from] brn\n|upkeep\n|turn|13\n|c|\u2606Ickygrunt|gg\n|\n|t:|1776563440\n|move|p1b: Maushold|Super Fang|p2a: Gyarados|[miss]\n|-miss|p1b: Maushold|p2a: Gyarados\n|move|p2a: Gyarados|Waterfall|p1a: Incineroar\n|-supereffective|p1a: Incineroar|1\n|-damage|p1a: Incineroar|37/100\n|cant|p1a: Incineroar|flinch\n|-activate|p2b: Drampa|move: Struggle\n|move|p2b: Drampa|Struggle|p1a: Incineroar\n|-damage|p1a: Incineroar|34/100\n|-damage|p2b: Drampa|1/100|[from] recoil\n|\n|-damage|p2a: Gyarados|22/100 brn|[from] brn\n|-end|p2b: Drampa|Encore\n|upkeep\n|turn|14\n|\n|t:|1776563457\n|move|p1b: Maushold|Super Fang|p2a: Gyarados\n|-damage|p2a: Gyarados|11/100 brn\n|move|p2a: Gyarados|Waterfall|p1a: Incineroar\n|-supereffective|p1a: Incineroar|1\n|-damage|p1a: Incineroar|20/100\n|move|p1a: Incineroar|Throat Chop|p2b: Drampa\n|-damage|p2b: Drampa|0 fnt\n|faint|p2b: Drampa\n|\n|-damage|p2a: Gyarados|5/100 brn|[from] brn\n|upkeep\n|turn|15\n|\n|t:|1776563469\n|move|p1b: Maushold|Protect|p1b: Maushold\n|-singleturn|p1b: Maushold|Protect\n|move|p2a: Gyarados|Crunch|p1a: Incineroar\n|-resisted|p1a: Incineroar|1\n|-crit|p1a: Incineroar\n|-damage|p1a: Incineroar|12/100\n|move|p1a: Incineroar|Parting Shot|p2a: Gyarados\n|-unboost|p2a: Gyarados|atk|1\n|-unboost|p2a: Gyarados|spa|1\n|\n|t:|1776563472\n|switch|p1a: Sinistcha|Sinistcha, L50|100/100|[from] Parting Shot\n|-heal|p1b: Maushold|33/100|[from] ability: Hospitality|[of] p1a: Sinistcha\n|\n|-damage|p2a: Gyarados|0 fnt|[from] brn\n|faint|p2a: Gyarados\n|\n|win|riku797vgc5\n|raw|riku797vgc5's rating: 1236 &rarr; <strong>1256</strong><br />(+20 for winning)\n|raw|Ickygrunt's rating: 1172 &rarr; <strong>1152</strong><br />(-20 for losing)\n",
  "uploadtime": 1776563474,
  "views": 10,
  "formatid": "gen9championsvgc2026regma",
  "rating": 1152,
  "private": 0,
  "password": null
}