{
  "id": "gen9championsvgc2026regma-2584808795",
  "format": "[Gen 9 Champions] VGC 2026 Reg M-A",
  "players": [
    "CoolTrainerBu",
    "irohvish"
  ],
  "log": "|j|\u2606CoolTrainerBu\n|j|\u2606irohvish\n|t:|1776285237\n|gametype|doubles\n|player|p1|CoolTrainerBu|102|1221\n|player|p2|irohvish|1|1246\n|gen|9\n|tier|[Gen 9 Champions] VGC 2026 Reg M-A\n|rated|\n|rule|Species Clause: Limit one of each Pok\u00e9mon\n|rule|Item Clause: Limit 1 of each item\n|clearpoke\n|poke|p1|Charizard, L50, F|\n|poke|p1|Whimsicott, L50, F|\n|poke|p1|Garchomp, L50, F|\n|poke|p1|Sneasler, L50, F|\n|poke|p1|Maushold, L50|\n|poke|p1|Incineroar, L50, F|\n|poke|p2|Archaludon, L50, M|\n|poke|p2|Incineroar, L50, F|\n|poke|p2|Pelipper, L50, M|\n|poke|p2|Basculegion, L50, M|\n|poke|p2|Meganium, L50, F|\n|poke|p2|Dragapult, L50, M|\n|teampreview|4\n|inactive|Battle timer is ON: inactive players will automatically lose when time's up. (requested by irohvish)\n|inactive|CoolTrainerBu also wants the timer to be on.\n|inactive|CoolTrainerBu has 60 seconds left.\n|\n|t:|1776285275\n|teamsize|p1|4\n|teamsize|p2|4\n|start\n|switch|p1a: Whimsicott|Whimsicott, L50, F|100/100\n|switch|p1b: Charizard|Charizard, L50, F|100/100\n|switch|p2a: Dragapult|Dragapult, L50, M|100/100\n|switch|p2b: Basculegion|Basculegion, L50, M|100/100\n|turn|1\n|\n|t:|1776285290\n|switch|p1a: Incineroar|Incineroar, L50, F|100/100\n|-ability|p1a: Incineroar|Intimidate|boost\n|-fail|p2a: Dragapult|unboost|[from] ability: Clear Body|[of] p2a: Dragapult\n|-unboost|p2b: Basculegion|atk|1\n|detailschange|p1b: Charizard|Charizard-Mega-Y, L50, F\n|-mega|p1b: Charizard|Charizard|Charizardite Y\n|-weather|SunnyDay|[from] ability: Drought|[of] p1b: Charizard\n|move|p1b: Charizard|Protect|p1b: Charizard\n|-singleturn|p1b: Charizard|Protect\n|move|p2a: Dragapult|Thunder Wave|p1b: Charizard\n|-activate|p1b: Charizard|move: Protect\n|move|p2b: Basculegion|Flip Turn|p1a: Incineroar\n|-supereffective|p1a: Incineroar|1\n|-damage|p1a: Incineroar|79/100\n|\n|t:|1776285307\n|switch|p2b: Pelipper|Pelipper, L50, M|100/100|[from] Flip Turn\n|-weather|RainDance|[from] ability: Drizzle|[of] p2b: Pelipper\n|\n|-weather|RainDance|[upkeep]\n|upkeep\n|turn|2\n|\n|t:|1776285324\n|switch|p1b: Whimsicott|Whimsicott, L50, F|100/100\n|move|p2b: Pelipper|Protect|p2b: Pelipper\n|-singleturn|p2b: Pelipper|Protect\n|move|p1a: Incineroar|Fake Out|p2b: Pelipper\n|-activate|p2b: Pelipper|move: Protect\n|move|p2a: Dragapult|Thunder Wave|p1b: Whimsicott\n|-status|p1b: Whimsicott|par\n|\n|-weather|RainDance|[upkeep]\n|upkeep\n|turn|3\n|inactive|CoolTrainerBu has 30 seconds left.\n|inactive|irohvish has 30 seconds left.\n|\n|t:|1776285355\n|switch|p2b: Basculegion|Basculegion, L50, M|100/100\n|cant|p1b: Whimsicott|par\n|move|p2a: Dragapult|Phantom Force||[still]\n|-prepare|p2a: Dragapult|Phantom Force\n|move|p1a: Incineroar|Parting Shot|p2a: Dragapult|[miss]\n|-miss|p1a: Incineroar|p2a: Dragapult\n|\n|-weather|RainDance|[upkeep]\n|upkeep\n|turn|4\n|\n|t:|1776285372\n|move|p1b: Whimsicott|Sunny Day|p1b: Whimsicott\n|-weather|SunnyDay\n|move|p2a: Dragapult|Phantom Force|p1a: Incineroar|[from] lockedmove\n|-resisted|p1a: Incineroar|1\n|-damage|p1a: Incineroar|56/100\n|move|p2b: Basculegion|Flip Turn|p1a: Incineroar\n|-supereffective|p1a: Incineroar|1\n|-damage|p1a: Incineroar|22/100\n|\n|t:|1776285381\n|switch|p2b: Pelipper|Pelipper, L50, M|100/100|[from] Flip Turn\n|-weather|RainDance|[from] ability: Drizzle|[of] p2b: Pelipper\n|move|p1a: Incineroar|Darkest Lariat|p2b: Pelipper\n|-damage|p2b: Pelipper|55/100\n|\n|-weather|RainDance|[upkeep]\n|upkeep\n|turn|5\n|\n|t:|1776285397\n|move|p1b: Whimsicott|Tailwind|p1b: Whimsicott\n|-sidestart|p1: CoolTrainerBu|move: Tailwind\n|move|p2a: Dragapult|Psychic Fangs|p1b: Whimsicott\n|-damage|p1b: Whimsicott|57/100 par\n|move|p1a: Incineroar|Parting Shot|p2a: Dragapult\n|-fail|p2a: Dragapult|unboost|[from] ability: Clear Body|[of] p2a: Dragapult\n|move|p2b: Pelipper|Tailwind|p2b: Pelipper\n|-sidestart|p2: irohvish|move: Tailwind\n|\n|-weather|RainDance|[upkeep]\n|upkeep\n|turn|6\n|\n|t:|1776285425\n|switch|p2b: Basculegion|Basculegion, L50, M|100/100\n|move|p1b: Whimsicott|Encore||[still]\n|-fail|p1b: Whimsicott\n|move|p2a: Dragapult|Psychic Fangs|p1b: Whimsicott\n|-damage|p1b: Whimsicott|18/100 par\n|move|p1a: Incineroar|Darkest Lariat|p2a: Dragapult\n|-supereffective|p2a: Dragapult|1\n|-damage|p2a: Dragapult|5/100\n|\n|-weather|RainDance|[upkeep]\n|upkeep\n|turn|7\n|inactive|CoolTrainerBu has 30 seconds left.\n|\n|t:|1776285450\n|switch|p1b: Charizard|Charizard-Mega-Y, L50, F|100/100\n|-weather|SunnyDay|[from] ability: Drought|[of] p1b: Charizard\n|move|p2a: Dragapult|Psychic Fangs|p1b: Charizard\n|-damage|p1b: Charizard|71/100\n|move|p2b: Basculegion|Flip Turn|p1a: Incineroar\n|-supereffective|p1a: Incineroar|1\n|-damage|p1a: Incineroar|0 fnt\n|faint|p1a: Incineroar\n|\n|t:|1776285460\n|switch|p2b: Pelipper|Pelipper, L50, M|55/100|[from] Flip Turn\n|-weather|RainDance|[from] ability: Drizzle|[of] p2b: Pelipper\n|\n|-weather|RainDance|[upkeep]\n|upkeep\n|\n|t:|1776285464\n|switch|p1a: Whimsicott|Whimsicott, L50, F|18/100 par\n|turn|8\n|\n|t:|1776285480\n|move|p1a: Whimsicott|Sunny Day|p1a: Whimsicott\n|-weather|SunnyDay\n|move|p2a: Dragapult|Thunder Wave|p1b: Charizard\n|-status|p1b: Charizard|par\n|move|p2b: Pelipper|Weather Ball|p1b: Charizard\n|-resisted|p1b: Charizard|1\n|-damage|p1b: Charizard|48/100 par\n|cant|p1b: Charizard|par\n|\n|-weather|SunnyDay|[upkeep]\n|-sideend|p1: CoolTrainerBu|move: Tailwind\n|-sideend|p2: irohvish|move: Tailwind\n|upkeep\n|turn|9\n|\n|t:|1776285503\n|switch|p2b: Basculegion|Basculegion, L50, M|100/100\n|move|p1a: Whimsicott|Tailwind|p1a: Whimsicott\n|-sidestart|p1: CoolTrainerBu|move: Tailwind\n|move|p2a: Dragapult|Phantom Force||[still]\n|-prepare|p2a: Dragapult|Phantom Force\n|move|p1b: Charizard|Heat Wave|p2a: Dragapult|[spread] p2b\n|-miss|p1b: Charizard|p2a: Dragapult\n|-resisted|p2b: Basculegion|1\n|-damage|p2b: Basculegion|61/100\n|\n|-weather|SunnyDay|[upkeep]\n|upkeep\n|turn|10\n|inactive|CoolTrainerBu has 30 seconds left.\n|\n|t:|1776285533\n|switch|p1a: Garchomp|Garchomp, L50, F|100/100\n|move|p2a: Dragapult|Phantom Force|p1b: Charizard|[from] lockedmove\n|-damage|p1b: Charizard|0 fnt\n|faint|p1b: Charizard\n|move|p2b: Basculegion|Flip Turn|p1a: Garchomp\n|-damage|p1a: Garchomp|80/100\n|-damage|p2b: Basculegion|49/100|[from] ability: Rough Skin|[of] p1a: Garchomp\n|\n|t:|1776285542\n|switch|p2b: Pelipper|Pelipper, L50, M|55/100|[from] Flip Turn\n|-weather|RainDance|[from] ability: Drizzle|[of] p2b: Pelipper\n|\n|-weather|RainDance|[upkeep]\n|upkeep\n|\n|t:|1776285547\n|switch|p1b: Whimsicott|Whimsicott, L50, F|18/100 par\n|turn|11\n|\n|t:|1776285564\n|move|p1a: Garchomp|Rock Slide|p2a: Dragapult|[spread] p2b\n|-miss|p1a: Garchomp|p2a: Dragapult\n|-supereffective|p2b: Pelipper|1\n|-damage|p2b: Pelipper|0 fnt\n|faint|p2b: Pelipper\n|move|p2a: Dragapult|Psychic Fangs|p1b: Whimsicott\n|-damage|p1b: Whimsicott|0 fnt\n|faint|p1b: Whimsicott\n|\n|-weather|RainDance|[upkeep]\n|upkeep\n|\n|t:|1776285578\n|switch|p2b: Basculegion|Basculegion, L50, M|49/100\n|turn|12\n|\n|t:|1776285590\n|move|p1a: Garchomp|Earthquake|p2b: Basculegion|[spread] p2a,p2b\n|-damage|p2a: Dragapult|0 fnt\n|-damage|p2b: Basculegion|0 fnt\n|faint|p2a: Dragapult\n|faint|p2b: Basculegion\n|\n|-weather|RainDance|[upkeep]\n|-sideend|p1: CoolTrainerBu|move: Tailwind\n|upkeep\n|\n|t:|1776285594\n|switch|p2b: Meganium|Meganium, L50, F, shiny|100/100\n|turn|13\n|\n|t:|1776285604\n|detailschange|p2b: Meganium|Meganium-Mega, L50, F, shiny\n|-mega|p2b: Meganium|Meganium|Meganiumite\n|move|p1a: Garchomp|Rock Slide|p2b: Meganium\n|-damage|p2b: Meganium|80/100\n|move|p2b: Meganium|Dazzling Gleam|p1a: Garchomp\n|-supereffective|p1a: Garchomp|1\n|-damage|p1a: Garchomp|0 fnt\n|faint|p1a: Garchomp\n|\n|win|irohvish\n|raw|CoolTrainerBu's rating: 1221 &rarr; <strong>1198</strong><br />(-23 for losing)\n|raw|irohvish's rating: 1246 &rarr; <strong>1269</strong><br />(+23 for winning)\n",
  "uploadtime": 1776285611,
  "views": 20,
  "formatid": "gen9championsvgc2026regma",
  "rating": 1198,
  "private": 0,
  "password": null
}