{
  "id": "gen9championsvgc2026regma-2586860574",
  "format": "[Gen 9 Champions] VGC 2026 Reg M-A",
  "players": [
    "yfleshcatchy",
    "jadex842"
  ],
  "log": "|j|\u2606yfleshcatchy\n|j|\u2606jadex842\n|t:|1776466146\n|gametype|doubles\n|player|p1|yfleshcatchy|miku-flying|1159\n|player|p2|jadex842|ghetsis|1170\n|gen|9\n|tier|[Gen 9 Champions] VGC 2026 Reg M-A\n|rated|\n|rule|Species Clause: Limit one of each Pok\u00e9mon\n|rule|Item Clause: Limit 1 of each item\n|clearpoke\n|poke|p1|Charizard, L50, F|\n|poke|p1|Garchomp, L50, F|\n|poke|p1|Aegislash, L50, M|\n|poke|p1|Milotic, L50, M|\n|poke|p1|Kingambit, L50, M|\n|poke|p1|Basculegion, L50, M|\n|poke|p2|Skarmory, L50, F|\n|poke|p2|Araquanid, L50, F|\n|poke|p2|Sinistcha-Masterpiece, L50|\n|poke|p2|Sneasler, L50, M|\n|poke|p2|Garchomp, L50, F|\n|poke|p2|Rotom-Heat, L50|\n|teampreview|4\n|inactive|Battle timer is ON: inactive players will automatically lose when time's up. (requested by jadex842)\n|\n|t:|1776466183\n|teamsize|p1|4\n|teamsize|p2|4\n|start\n|switch|p1a: Garchomp|Garchomp, L50, F|100/100\n|switch|p1b: Basculegion|Basculegion, L50, M|100/100\n|switch|p2a: Rotom|Rotom-Heat, L50|100/100\n|switch|p2b: Sneasler|Sneasler, L50, M|100/100\n|turn|1\n|\n|t:|1776466206\n|switch|p2b: Skarmory|Skarmory, L50, F|100/100\n|move|p2a: Rotom|Volt Switch|p1b: Basculegion\n|-supereffective|p1b: Basculegion|1\n|-damage|p1b: Basculegion|21/100\n|\n|t:|1776466212\n|switch|p2a: Garchomp|Garchomp, L50, F, shiny|100/100|[from] Volt Switch\n|move|p1b: Basculegion|Flip Turn|p2a: Garchomp\n|-damage|p2a: Garchomp|65/100\n|-damage|p1b: Basculegion|9/100|[from] ability: Rough Skin|[of] p2a: Garchomp\n|\n|t:|1776466217\n|switch|p1b: Milotic|Milotic, L50, M|100/100|[from] Flip Turn\n|move|p1a: Garchomp|Rock Slide|p2a: Garchomp|[spread] p2a,p2b\n|-resisted|p2a: Garchomp|1\n|-damage|p2a: Garchomp|55/100\n|-damage|p2b: Skarmory|81/100\n|\n|upkeep\n|turn|2\n|inactive|yfleshcatchy has 30 seconds left.\n|\n|t:|1776466249\n|detailschange|p2b: Skarmory|Skarmory-Mega, L50, F\n|-mega|p2b: Skarmory|Skarmory|Skarmorite\n|move|p2a: Garchomp|Protect|p2a: Garchomp\n|-singleturn|p2a: Garchomp|Protect\n|move|p2b: Skarmory|Drill Peck|p1b: Milotic\n|-damage|p1b: Milotic|60/100\n|move|p1a: Garchomp|Dragon Claw|p2a: Garchomp\n|-activate|p2a: Garchomp|move: Protect\n|move|p1b: Milotic|Scald|p2b: Skarmory\n|-damage|p2b: Skarmory|46/100\n|\n|-heal|p1b: Milotic|66/100|[from] item: Leftovers\n|upkeep\n|turn|3\n|inactive|jadex842 has 30 seconds left.\n|\n|t:|1776466280\n|move|p1a: Garchomp|Protect|p1a: Garchomp\n|-singleturn|p1a: Garchomp|Protect\n|move|p2b: Skarmory|Rock Slide|p1b: Milotic|[spread] p1b\n|-activate|p1a: Garchomp|move: Protect\n|-crit|p1b: Milotic\n|-damage|p1b: Milotic|39/100\n|move|p2a: Garchomp|Dragon Claw|p1a: Garchomp\n|-activate|p1a: Garchomp|move: Protect\n|cant|p1b: Milotic|flinch\n|\n|-heal|p1b: Milotic|45/100|[from] item: Leftovers\n|upkeep\n|turn|4\n|inactive|jadex842 has 30 seconds left.\n|\n|t:|1776466306\n|switch|p1a: Aegislash|Aegislash, L50, M|100/100\n|move|p1b: Milotic|Protect|p1b: Milotic\n|-singleturn|p1b: Milotic|Protect\n|move|p2b: Skarmory|Rock Slide|p1a: Aegislash|[spread] p1a\n|-activate|p1b: Milotic|move: Protect\n|-resisted|p1a: Aegislash|1\n|-damage|p1a: Aegislash|91/100\n|move|p2a: Garchomp|Earthquake|p1a: Aegislash|[spread] p1a\n|-activate|p1b: Milotic|move: Protect\n|-immune|p2b: Skarmory\n|-supereffective|p1a: Aegislash|1\n|-damage|p1a: Aegislash|16/100\n|\n|-heal|p1b: Milotic|51/100|[from] item: Leftovers\n|upkeep\n|turn|5\n|inactive|yfleshcatchy has 30 seconds left.\n|\n|t:|1776466339\n|-formechange|p1a: Aegislash|Aegislash-Blade|\n|move|p1a: Aegislash|Shadow Sneak|p2a: Garchomp\n|-damage|p2a: Garchomp|22/100\n|-damage|p1a: Aegislash|4/100|[from] ability: Rough Skin|[of] p2a: Garchomp\n|-enditem|p2a: Garchomp|Sitrus Berry|[eat]\n|-heal|p2a: Garchomp|47/100|[from] item: Sitrus Berry\n|move|p2b: Skarmory|Rock Slide|p1a: Aegislash|[spread] p1a,p1b\n|-resisted|p1a: Aegislash|1\n|-damage|p1a: Aegislash|0 fnt\n|-damage|p1b: Milotic|32/100\n|faint|p1a: Aegislash\n|move|p2a: Garchomp|Earthquake|p1b: Milotic|[spread] p1b\n|-immune|p2b: Skarmory\n|-damage|p1b: Milotic|0 fnt\n|faint|p1b: Milotic\n|\n|upkeep\n|\n|t:|1776466342\n|switch|p1b: Basculegion|Basculegion, L50, M|9/100\n|switch|p1a: Garchomp|Garchomp, L50, F|100/100\n|turn|6\n|\n|t:|1776466365\n|move|p2a: Garchomp|Protect|p2a: Garchomp\n|-singleturn|p2a: Garchomp|Protect\n|move|p1b: Basculegion|Icy Wind|p2a: Garchomp|[spread] p2b\n|-activate|p2a: Garchomp|move: Protect\n|-damage|p2b: Skarmory|37/100\n|-unboost|p2b: Skarmory|spe|1\n|move|p1a: Garchomp|Rock Slide|p2b: Skarmory|[spread] p2b\n|-activate|p2a: Garchomp|move: Protect\n|-damage|p2b: Skarmory|15/100\n|move|p2b: Skarmory|Rock Slide|p1a: Garchomp|[spread] p1a,p1b\n|-resisted|p1a: Garchomp|1\n|-damage|p1a: Garchomp|90/100\n|-damage|p1b: Basculegion|0 fnt\n|faint|p1b: Basculegion\n|\n|upkeep\n|turn|7\n|-message|yfleshcatchy forfeited.\n|\n|win|jadex842\n|raw|yfleshcatchy's rating: 1159 &rarr; <strong>1135</strong><br />(-24 for losing)\n|raw|jadex842's rating: 1170 &rarr; <strong>1194</strong><br />(+24 for winning)\n|l|\u2606yfleshcatchy\n|player|p1|\n",
  "uploadtime": 1776466382,
  "views": 27,
  "formatid": "gen9championsvgc2026regma",
  "rating": 1135,
  "private": 0,
  "password": null
}