{
  "id": "gen9championsvgc2026regma-2587481152",
  "format": "[Gen 9 Champions] VGC 2026 Reg M-A",
  "players": [
    "Aosan",
    "Patossauru"
  ],
  "log": "|j|\u2606Aosan\n|j|\u2606Patossauru\n|t:|1776535450\n|gametype|doubles\n|player|p1|Aosan|169|1047\n|player|p2|Patossauru|hilda|1059\n|gen|9\n|tier|[Gen 9 Champions] VGC 2026 Reg M-A\n|rated|\n|rule|Species Clause: Limit one of each Pok\u00e9mon\n|rule|Item Clause: Limit 1 of each item\n|clearpoke\n|poke|p1|Tyranitar, L50, F|\n|poke|p1|Whimsicott, L50, F|\n|poke|p1|Glimmora, L50, F|\n|poke|p1|Incineroar, L50, F|\n|poke|p1|Aegislash, L50, M|\n|poke|p1|Milotic, L50, F|\n|poke|p2|Charizard, L50, M|\n|poke|p2|Venusaur, L50, F|\n|poke|p2|Garchomp, L50, F|\n|poke|p2|Incineroar, L50, F|\n|poke|p2|Basculegion, L50, M|\n|poke|p2|Sneasler, L50, F|\n|teampreview|4\n|\n|t:|1776535468\n|teamsize|p1|4\n|teamsize|p2|4\n|start\n|switch|p1a: Whimsicott|Whimsicott, L50, F|100/100\n|switch|p1b: Incineroar|Incineroar, L50, F|100/100\n|switch|p2a: Charizard|Charizard, L50, M|100/100\n|switch|p2b: Sneasler|Sneasler, L50, F|100/100\n|-ability|p1b: Incineroar|Intimidate|boost\n|-unboost|p2a: Charizard|atk|1\n|-unboost|p2b: Sneasler|atk|1\n|-enditem|p2b: Sneasler|White Herb\n|-clearnegativeboost|p2b: Sneasler|[silent]\n|turn|1\n|\n|t:|1776535489\n|detailschange|p2a: Charizard|Charizard-Mega-Y, L50, M\n|-mega|p2a: Charizard|Charizard|Charizardite Y\n|-weather|SunnyDay|[from] ability: Drought|[of] p2a: Charizard\n|move|p2a: Charizard|Protect|p2a: Charizard\n|-singleturn|p2a: Charizard|Protect\n|move|p1b: Incineroar|Fake Out|p2b: Sneasler\n|-damage|p2b: Sneasler|85/100\n|move|p1a: Whimsicott|Tailwind|p1a: Whimsicott\n|-sidestart|p1: Aosan|move: Tailwind\n|cant|p2b: Sneasler|flinch\n|\n|-weather|SunnyDay|[upkeep]\n|upkeep\n|turn|2\n|\n|t:|1776535510\n|move|p1a: Whimsicott|Encore|p2a: Charizard\n|-start|p2a: Charizard|Encore\n|move|p2a: Charizard|Protect|p2a: Charizard\n|-singleturn|p2a: Charizard|Protect\n|move|p2b: Sneasler|Close Combat|p1b: Incineroar\n|-supereffective|p1b: Incineroar|1\n|-enditem|p1b: Incineroar|Chople Berry|[eat]\n|-enditem|p1b: Incineroar|Chople Berry|[weaken]\n|-damage|p1b: Incineroar|56/100\n|-unboost|p2b: Sneasler|def|1\n|-unboost|p2b: Sneasler|spd|1\n|move|p1b: Incineroar|Parting Shot|p2b: Sneasler\n|-unboost|p2b: Sneasler|atk|1\n|-unboost|p2b: Sneasler|spa|1\n|\n|t:|1776535523\n|switch|p1b: Tyranitar|Tyranitar, L50, F|100/100|[from] Parting Shot\n|-weather|Sandstorm|[from] ability: Sand Stream|[of] p1b: Tyranitar\n|\n|-weather|Sandstorm|[upkeep]\n|-damage|p1a: Whimsicott|95/100|[from] Sandstorm\n|-damage|p2b: Sneasler|79/100|[from] Sandstorm\n|-damage|p2a: Charizard|95/100|[from] Sandstorm\n|upkeep\n|turn|3\n|\n|t:|1776535544\n|switch|p2a: Basculegion|Basculegion, L50, M|100/100\n|move|p1b: Tyranitar|Protect|p1b: Tyranitar\n|-singleturn|p1b: Tyranitar|Protect\n|move|p1a: Whimsicott|Moonblast|p2b: Sneasler\n|-damage|p2b: Sneasler|24/100\n|-unboost|p2b: Sneasler|spa|1\n|move|p2b: Sneasler|Dire Claw|p1a: Whimsicott\n|-supereffective|p1a: Whimsicott|2\n|-damage|p1a: Whimsicott|0 fnt\n|faint|p1a: Whimsicott\n|\n|-weather|Sandstorm|[upkeep]\n|-damage|p2b: Sneasler|17/100|[from] Sandstorm\n|-damage|p2a: Basculegion|94/100|[from] Sandstorm\n|-heal|p2a: Basculegion|100/100|[from] item: Leftovers\n|upkeep\n|\n|t:|1776535556\n|switch|p1a: Glimmora|Glimmora, L50, F|100/100\n|turn|4\n|\n|t:|1776535590\n|move|p1a: Glimmora|Earth Power|p2b: Sneasler\n|-supereffective|p2b: Sneasler|1\n|-damage|p2b: Sneasler|0 fnt\n|faint|p2b: Sneasler\n|move|p1b: Tyranitar|Knock Off|p2a: Basculegion\n|-supereffective|p2a: Basculegion|1\n|-damage|p2a: Basculegion|0 fnt\n|-enditem|p2a: Basculegion|Leftovers|[from] move: Knock Off|[of] p1b: Tyranitar\n|faint|p2a: Basculegion\n|\n|-weather|Sandstorm|[upkeep]\n|-sideend|p1: Aosan|move: Tailwind\n|upkeep\n|\n|t:|1776535597\n|switch|p2b: Garchomp|Garchomp, L50, F|100/100\n|switch|p2a: Charizard|Charizard-Mega-Y, L50, M|95/100\n|-weather|SunnyDay|[from] ability: Drought|[of] p2a: Charizard\n|turn|5\n|\n|t:|1776535624\n|detailschange|p1b: Tyranitar|Tyranitar-Mega, L50, F\n|-mega|p1b: Tyranitar|Tyranitar|Tyranitarite\n|-weather|Sandstorm|[from] ability: Sand Stream|[of] p1b: Tyranitar\n|move|p2a: Charizard|Protect|p2a: Charizard\n|-singleturn|p2a: Charizard|Protect\n|move|p1a: Glimmora|Spiky Shield|p1a: Glimmora\n|-singleturn|p1a: Glimmora|move: Protect\n|move|p2b: Garchomp|Earthquake|p1b: Tyranitar|[spread] p1b\n|-activate|p2a: Charizard|move: Protect\n|-activate|p1a: Glimmora|move: Protect\n|-supereffective|p1b: Tyranitar|1\n|-damage|p1b: Tyranitar|49/100\n|move|p1b: Tyranitar|Rock Slide|p2b: Garchomp|[spread] \n|-activate|p2a: Charizard|move: Protect\n|-miss|p1b: Tyranitar|p2b: Garchomp\n|\n|-weather|Sandstorm|[upkeep]\n|-damage|p2a: Charizard|89/100|[from] Sandstorm\n|upkeep\n|turn|6\n|\n|t:|1776535648\n|move|p2b: Garchomp|Earthquake|p1b: Tyranitar|[spread] p1a,p1b\n|-immune|p2a: Charizard\n|-supereffective|p1a: Glimmora|2\n|-supereffective|p1b: Tyranitar|1\n|-damage|p1a: Glimmora|0 fnt\n|-damage|p1b: Tyranitar|0 fnt\n|-activate|p1a: Glimmora|ability: Toxic Debris\n|-sidestart|p2: Patossauru|move: Toxic Spikes\n|faint|p1a: Glimmora\n|faint|p1b: Tyranitar\n|move|p2a: Charizard|Solar Beam||[still]\n|-prepare|p2a: Charizard|Solar Beam\n|\n|-weather|Sandstorm|[upkeep]\n|-damage|p2a: Charizard|83/100|[from] Sandstorm\n|upkeep\n|\n|t:|1776535651\n|switch|p1a: Incineroar|Incineroar, L50, F|56/100\n|-ability|p1a: Incineroar|Intimidate|boost\n|-unboost|p2a: Charizard|atk|1\n|-unboost|p2b: Garchomp|atk|1\n|turn|7\n|\n|t:|1776535664\n|move|p1a: Incineroar|Fake Out|p2b: Garchomp\n|-damage|p2b: Garchomp|88/100\n|-damage|p1a: Incineroar|43/100|[from] ability: Rough Skin|[of] p2b: Garchomp\n|cant|p2b: Garchomp|flinch\n|move|p2a: Charizard|Solar Beam|p1a: Incineroar|[from] lockedmove\n|-resisted|p1a: Incineroar|1\n|-damage|p1a: Incineroar|30/100\n|\n|-weather|Sandstorm|[upkeep]\n|-damage|p2a: Charizard|77/100|[from] Sandstorm\n|-damage|p1a: Incineroar|24/100|[from] Sandstorm\n|upkeep\n|turn|8\n|\n|t:|1776535697\n|move|p2b: Garchomp|Earthquake|p1a: Incineroar|[spread] p1a\n|-immune|p2a: Charizard\n|-supereffective|p1a: Incineroar|1\n|-damage|p1a: Incineroar|0 fnt\n|faint|p1a: Incineroar\n|\n|win|Patossauru\n|raw|Aosan's rating: 1047 &rarr; <strong>1031</strong><br />(-16 for losing)\n|raw|Patossauru's rating: 1059 &rarr; <strong>1089</strong><br />(+30 for winning)\n|l|\u2606Aosan\n|player|p1|\n",
  "uploadtime": 1776535715,
  "views": 12,
  "formatid": "gen9championsvgc2026regma",
  "rating": 1031,
  "private": 0,
  "password": null
}