{
  "id": "gen9championsvgc2026regma-2588965604",
  "format": "[Gen 9 Champions] VGC 2026 Reg M-A",
  "players": [
    "DurpArtist2",
    "cheese9ll"
  ],
  "log": "|j|\u2606DurpArtist2\n|j|\u2606cheese9ll\n|t:|1776690101\n|gametype|doubles\n|player|p1|DurpArtist2|101|1100\n|player|p2|cheese9ll|101|1164\n|gen|9\n|tier|[Gen 9 Champions] VGC 2026 Reg M-A\n|rated|\n|rule|Species Clause: Limit one of each Pok\u00e9mon\n|rule|Item Clause: Limit 1 of each item\n|clearpoke\n|poke|p1|Skarmory, L50, F|\n|poke|p1|Feraligatr, L50, F, shiny|\n|poke|p1|Pelipper, L50, M, shiny|\n|poke|p1|Archaludon, L50, F|\n|poke|p1|Sneasler, L50, F|\n|poke|p1|Basculegion, L50, M|\n|poke|p2|Starmie, L50|\n|poke|p2|Sinistcha-Masterpiece, L50|\n|poke|p2|Talonflame, L50, F|\n|poke|p2|Garchomp, L50, M, shiny|\n|poke|p2|Gardevoir, L50, F, shiny|\n|poke|p2|Aegislash, L50, M|\n|teampreview|4\n|inactive|Battle timer is ON: inactive players will automatically lose when time's up. (requested by DurpArtist2)\n|\n|t:|1776690157\n|teamsize|p1|4\n|teamsize|p2|4\n|start\n|switch|p1a: Pelipper|Pelipper, L50, M, shiny|100/100\n|switch|p1b: Sneasler|Sneasler, L50, F|100/100\n|switch|p2a: Sinistcha|Sinistcha-Masterpiece, L50|100/100\n|switch|p2b: Gardevoir|Gardevoir, L50, F, shiny|100/100\n|-weather|RainDance|[from] ability: Drizzle|[of] p1a: Pelipper\n|turn|1\n|\n|t:|1776690179\n|move|p1b: Sneasler|Fake Out|p2b: Gardevoir\n|-damage|p2b: Gardevoir|75/100\n|cant|p2b: Gardevoir|flinch\n|move|p2a: Sinistcha|Shadow Ball|p1b: Sneasler\n|-damage|p1b: Sneasler|58/100\n|move|p1a: Pelipper|Hurricane|p2a: Sinistcha\n|-supereffective|p2a: Sinistcha|1\n|-damage|p2a: Sinistcha|18/100\n|-start|p2a: Sinistcha|confusion\n|-enditem|p2a: Sinistcha|Sitrus Berry|[eat]\n|-heal|p2a: Sinistcha|43/100|[from] item: Sitrus Berry\n|\n|-weather|RainDance|[upkeep]\n|upkeep\n|turn|2\n|inactive|cheese9ll has 30 seconds left.\n|\n|t:|1776690205\n|detailschange|p2b: Gardevoir|Gardevoir-Mega, L50, F, shiny\n|-mega|p2b: Gardevoir|Gardevoir|Gardevoirite\n|move|p1b: Sneasler|Protect|p1b: Sneasler\n|-singleturn|p1b: Sneasler|Protect\n|move|p2b: Gardevoir|Hyper Voice|p1b: Sneasler|[spread] p1a\n|-activate|p1b: Sneasler|move: Protect\n|-damage|p1a: Pelipper|20/100\n|-activate|p2a: Sinistcha|confusion\n|move|p2a: Sinistcha|Giga Drain|p1a: Pelipper\n|-damage|p1a: Pelipper|0 fnt\n|-heal|p2a: Sinistcha|50/100|[from] drain|[of] p1a: Pelipper\n|faint|p1a: Pelipper\n|\n|-weather|RainDance|[upkeep]\n|upkeep\n|\n|t:|1776690223\n|switch|p1a: Skarmory|Skarmory, L50, F|100/100\n|turn|3\n|\n|t:|1776690246\n|detailschange|p1a: Skarmory|Skarmory-Mega, L50, F\n|-mega|p1a: Skarmory|Skarmory|Skarmorite\n|move|p1a: Skarmory|Iron Head|p2b: Gardevoir\n|-supereffective|p2b: Gardevoir|1\n|-damage|p2b: Gardevoir|0 fnt\n|faint|p2b: Gardevoir\n|move|p1b: Sneasler|Dire Claw|p2a: Sinistcha\n|-damage|p2a: Sinistcha|13/100\n|-status|p2a: Sinistcha|slp\n|cant|p2a: Sinistcha|slp\n|\n|-weather|RainDance|[upkeep]\n|upkeep\n|\n|t:|1776690264\n|switch|p2b: Aegislash|Aegislash, L50, M|100/100\n|turn|4\n|inactive|cheese9ll has 30 seconds left.\n|\n|t:|1776690296\n|switch|p1b: Basculegion|Basculegion, L50, M|100/100\n|move|p1a: Skarmory|Iron Defense|p1a: Skarmory\n|-boost|p1a: Skarmory|def|2\n|-formechange|p2b: Aegislash|Aegislash-Blade|\n|move|p2b: Aegislash|Shadow Ball|p1a: Skarmory\n|-damage|p1a: Skarmory|48/100\n|-curestatus|p2a: Sinistcha|slp|[msg]\n|-activate|p2a: Sinistcha|confusion\n|move|p2a: Sinistcha|Shadow Ball|p1b: Basculegion\n|-supereffective|p1b: Basculegion|1\n|-damage|p1b: Basculegion|27/100\n|\n|-weather|RainDance|[upkeep]\n|upkeep\n|turn|5\n|inactive|cheese9ll has 30 seconds left.\n|\n|t:|1776690326\n|move|p2b: Aegislash|Shadow Sneak|p1a: Skarmory\n|-damage|p1a: Skarmory|38/100\n|move|p1b: Basculegion|Last Respects|p2b: Aegislash\n|-supereffective|p2b: Aegislash|1\n|-enditem|p2b: Aegislash|Focus Sash\n|-damage|p2b: Aegislash|1/100\n|move|p1a: Skarmory|Brave Bird|p2a: Sinistcha\n|-supereffective|p2a: Sinistcha|1\n|-damage|p2a: Sinistcha|0 fnt\n|faint|p2a: Sinistcha\n|-damage|p1a: Skarmory|32/100|[from] Recoil\n|\n|-weather|none\n|upkeep\n|\n|t:|1776690339\n|switch|p2a: Garchomp|Garchomp, L50, M, shiny|100/100\n|turn|6\n|\n|t:|1776690354\n|-formechange|p2b: Aegislash|Aegislash|\n|move|p2b: Aegislash|King's Shield|p2b: Aegislash\n|-singleturn|p2b: Aegislash|Protect\n|move|p2a: Garchomp|Rock Slide|p1a: Skarmory|[spread] p1a\n|-miss|p2a: Garchomp|p1b: Basculegion\n|-damage|p1a: Skarmory|20/100\n|move|p1b: Basculegion|Last Respects|p2b: Aegislash\n|-activate|p2b: Aegislash|move: Protect\n|move|p1a: Skarmory|Body Press|p2a: Garchomp\n|-damage|p2a: Garchomp|59/100\n|-damage|p1a: Skarmory|8/100|[from] ability: Rough Skin|[of] p2a: Garchomp\n|\n|upkeep\n|turn|7\n|\n|t:|1776690375\n|-formechange|p2b: Aegislash|Aegislash-Blade|\n|move|p2b: Aegislash|Shadow Sneak|p1a: Skarmory\n|-damage|p1a: Skarmory|0 fnt\n|faint|p1a: Skarmory\n|move|p2a: Garchomp|Rock Slide|p1b: Basculegion\n|-damage|p1b: Basculegion|0 fnt\n|faint|p1b: Basculegion\n|\n|upkeep\n|\n|t:|1776690388\n|switch|p1a: Sneasler|Sneasler, L50, F|58/100\n|turn|8\n|\n|t:|1776690395\n|-formechange|p2b: Aegislash|Aegislash|\n|move|p2b: Aegislash|King's Shield|p2b: Aegislash\n|-singleturn|p2b: Aegislash|Protect\n|move|p1a: Sneasler|Fake Out|p2a: Garchomp\n|-damage|p2a: Garchomp|42/100\n|-damage|p1a: Sneasler|46/100|[from] ability: Rough Skin|[of] p2a: Garchomp\n|cant|p2a: Garchomp|flinch\n|\n|upkeep\n|turn|9\n|\n|t:|1776690418\n|move|p2a: Garchomp|Rock Slide|p1a: Sneasler\n|-resisted|p1a: Sneasler|1\n|-damage|p1a: Sneasler|22/100\n|move|p1a: Sneasler|Close Combat|p2a: Garchomp\n|-damage|p2a: Garchomp|0 fnt\n|-unboost|p1a: Sneasler|def|1\n|-unboost|p1a: Sneasler|spd|1\n|-damage|p1a: Sneasler|10/100|[from] ability: Rough Skin|[of] p2a: Garchomp\n|faint|p2a: Garchomp\n|-formechange|p2b: Aegislash|Aegislash-Blade|\n|move|p2b: Aegislash|Shadow Ball|p1a: Sneasler\n|-damage|p1a: Sneasler|0 fnt\n|faint|p1a: Sneasler\n|\n|win|cheese9ll\n|raw|DurpArtist2's rating: 1100 &rarr; <strong>1080</strong><br />(-20 for losing)\n|raw|cheese9ll's rating: 1164 &rarr; <strong>1184</strong><br />(+20 for winning)\n|c|\u2606DurpArtist2|Gg\n|l|\u2606DurpArtist2\n|player|p1|\n",
  "uploadtime": 1776690438,
  "views": 2,
  "formatid": "gen9championsvgc2026regma",
  "rating": 1080,
  "private": 0,
  "password": null
}