{
  "id": "gen9championsvgc2026regma-2583682653",
  "format": "[Gen 9 Champions] VGC 2026 Reg M-A",
  "players": [
    "cabrino",
    "fangyusuhe"
  ],
  "log": "|j|\u2606cabrino\n|j|\u2606fangyusuhe\n|t:|1776190772\n|gametype|doubles\n|player|p1|cabrino|depotagent|1505\n|player|p2|fangyusuhe|dawn|1461\n|gen|9\n|tier|[Gen 9 Champions] VGC 2026 Reg M-A\n|rated|\n|rule|Species Clause: Limit one of each Pok\u00e9mon\n|rule|Item Clause: Limit 1 of each item\n|clearpoke\n|poke|p1|Aerodactyl, L50, F|\n|poke|p1|Sneasler, L50, M|\n|poke|p1|Kingambit, L50, M|\n|poke|p1|Floette-Eternal, L50, F|\n|poke|p1|Sinistcha, L50|\n|poke|p1|Garchomp, L50, M|\n|poke|p2|Charizard, L50, M|\n|poke|p2|Sneasler, L50, M|\n|poke|p2|Basculegion, L50, M|\n|poke|p2|Garchomp, L50, M|\n|poke|p2|Incineroar, L50, F|\n|poke|p2|Venusaur, L50, M|\n|teampreview|4\n|inactive|Battle timer is ON: inactive players will automatically lose when time's up. (requested by fangyusuhe)\n|j| Bokkimano\n|j| NoodleSaurus\n|inactive|cabrino has 60 seconds left.\n|\n|t:|1776190813\n|teamsize|p1|4\n|teamsize|p2|4\n|start\n|switch|p1a: AeroNarfi|Aerodactyl, L50, F, shiny|100/100\n|switch|p1b: Pugsy Hunter|Sneasler, L50, M, shiny|100/100\n|switch|p2a: Charizard|Charizard, L50, M|100/100\n|switch|p2b: Venusaur|Venusaur, L50, M|100/100\n|-ability|p1a: AeroNarfi|Unnerve\n|turn|1\n|\n|t:|1776190826\n|move|p2a: Charizard|Protect|p2a: Charizard\n|-singleturn|p2a: Charizard|Protect\n|move|p1b: Pugsy Hunter|Fake Out|p2b: Venusaur\n|-damage|p2b: Venusaur|81/100\n|move|p1a: AeroNarfi|Tailwind|p1a: AeroNarfi\n|-sidestart|p1: cabrino|move: Tailwind\n|cant|p2b: Venusaur|flinch\n|\n|upkeep\n|turn|2\n|j| Mikman360\n|\n|t:|1776190839\n|switch|p2a: Sneasler|Sneasler, L50, M|100/100\n|move|p1a: AeroNarfi|Rock Slide|p2b: Venusaur|[spread] p2a\n|-miss|p1a: AeroNarfi|p2b: Venusaur\n|-resisted|p2a: Sneasler|1\n|-damage|p2a: Sneasler|77/100\n|move|p1b: Pugsy Hunter|Close Combat|p2b: Venusaur\n|-resisted|p2b: Venusaur|1\n|-crit|p2b: Venusaur\n|-damage|p2b: Venusaur|23/100\n|-unboost|p1b: Pugsy Hunter|def|1\n|-unboost|p1b: Pugsy Hunter|spd|1\n|-enditem|p1b: Pugsy Hunter|White Herb\n|-clearnegativeboost|p1b: Pugsy Hunter|[silent]\n|move|p2b: Venusaur|Sleep Powder|p1a: AeroNarfi\n|-status|p1a: AeroNarfi|slp|[from] move: Sleep Powder\n|\n|upkeep\n|turn|3\n|\n|t:|1776190858\n|move|p1b: Pugsy Hunter|Close Combat|p2b: Venusaur\n|-resisted|p2b: Venusaur|1\n|-damage|p2b: Venusaur|0 fnt\n|-unboost|p1b: Pugsy Hunter|def|1\n|-unboost|p1b: Pugsy Hunter|spd|1\n|faint|p2b: Venusaur\n|cant|p1a: AeroNarfi|slp\n|move|p2a: Sneasler|Rock Slide|p1a: AeroNarfi|[spread] p1a,p1b\n|-supereffective|p1a: AeroNarfi|1\n|-resisted|p1b: Pugsy Hunter|1\n|-damage|p1a: AeroNarfi|25/100 slp\n|-damage|p1b: Pugsy Hunter|72/100\n|\n|upkeep\n|\n|t:|1776190866\n|switch|p2b: Basculegion|Basculegion, L50, M|100/100\n|turn|4\n|j| maliciousdeez\n|\n|t:|1776190882\n|move|p1b: Pugsy Hunter|Close Combat|p2a: Sneasler\n|-resisted|p2a: Sneasler|1\n|-damage|p2a: Sneasler|24/100\n|-unboost|p1b: Pugsy Hunter|def|1\n|-unboost|p1b: Pugsy Hunter|spd|1\n|cant|p1a: AeroNarfi|slp\n|move|p2b: Basculegion|Flip Turn|p1a: AeroNarfi\n|-supereffective|p1a: AeroNarfi|1\n|-damage|p1a: AeroNarfi|0 fnt\n|faint|p1a: AeroNarfi\n|\n|t:|1776190904\n|switch|p2b: Charizard|Charizard, L50, M|100/100|[from] Flip Turn\n|move|p2a: Sneasler|Close Combat|p1b: Pugsy Hunter\n|-resisted|p1b: Pugsy Hunter|1\n|-damage|p1b: Pugsy Hunter|0 fnt\n|-unboost|p2a: Sneasler|def|1\n|-unboost|p2a: Sneasler|spd|1\n|faint|p1b: Pugsy Hunter\n|-enditem|p2a: Sneasler|White Herb\n|-clearnegativeboost|p2a: Sneasler|[silent]\n|\n|-sideend|p1: cabrino|move: Tailwind\n|upkeep\n|\n|t:|1776190908\n|switch|p1a: Garchalipe|Garchomp, L50, M|100/100\n|switch|p1b: PablitoGames|Kingambit, L50, M, shiny|100/100\n|turn|5\n|inactive|cabrino has 30 seconds left.\n|inactive|fangyusuhe has 30 seconds left.\n|inactive|cabrino has 20 seconds left.\n|inactive|fangyusuhe has 20 seconds left.\n|inactive|cabrino has 15 seconds left.\n|\n|t:|1776190950\n|move|p2a: Sneasler|Protect|p2a: Sneasler\n|-singleturn|p2a: Sneasler|Protect\n|move|p1b: PablitoGames|Protect|p1b: PablitoGames\n|-singleturn|p1b: PablitoGames|Protect\n|move|p1a: Garchalipe|Rock Slide|p2b: Charizard|[spread] \n|-activate|p2a: Sneasler|move: Protect\n|-miss|p1a: Garchalipe|p2b: Charizard\n|move|p2b: Charizard|Heat Wave|p1b: PablitoGames|[spread] p1a\n|-activate|p1b: PablitoGames|move: Protect\n|-resisted|p1a: Garchalipe|1\n|-damage|p1a: Garchalipe|82/100\n|\n|upkeep\n|turn|6\n|j| Vaporeon1021\n|\n|t:|1776190964\n|move|p2b: Charizard|Protect|p2b: Charizard\n|-singleturn|p2b: Charizard|Protect\n|move|p1b: PablitoGames|Sucker Punch||[still]\n|-fail|p1b: PablitoGames\n|move|p2a: Sneasler|Close Combat|p1b: PablitoGames\n|-supereffective|p1b: PablitoGames|2\n|-damage|p1b: PablitoGames|0 fnt\n|-unboost|p2a: Sneasler|def|1\n|-unboost|p2a: Sneasler|spd|1\n|faint|p1b: PablitoGames\n|move|p1a: Garchalipe|Rock Slide|p2a: Sneasler|[spread] p2a\n|-activate|p2b: Charizard|move: Protect\n|-resisted|p2a: Sneasler|1\n|-damage|p2a: Sneasler|0 fnt\n|faint|p2a: Sneasler\n|\n|upkeep\n|-message|cabrino forfeited.\n|\n|win|fangyusuhe\n|raw|cabrino's rating: 1505 &rarr; <strong>1482</strong><br />(-23 for losing)\n|raw|fangyusuhe's rating: 1461 &rarr; <strong>1484</strong><br />(+23 for winning)\n|l|\u2606cabrino\n|player|p1|\n|l| Vaporeon1021\n",
  "uploadtime": 1776190989,
  "views": 63,
  "formatid": "gen9championsvgc2026regma",
  "rating": 1482,
  "private": 0,
  "password": null
}