{
  "id": "gen9championsvgc2026regma-2582835992",
  "format": "[Gen 9 Champions] VGC 2026 Reg M-A",
  "players": [
    "yuriimon",
    "Ombix"
  ],
  "log": "|j|\u2606yuriimon\n|j|\u2606Ombix\n|t:|1776117833\n|gametype|doubles\n|player|p1|yuriimon|waitress-gen4|1021\n|player|p2|Ombix|pokemonbreeder-gen4|1112\n|gen|9\n|tier|[Gen 9 Champions] VGC 2026 Reg M-A\n|rated|\n|rule|Species Clause: Limit one of each Pok\u00e9mon\n|rule|Item Clause: Limit 1 of each item\n|clearpoke\n|poke|p1|Feraligatr, L50, M|\n|poke|p1|Talonflame, L50, F|\n|poke|p1|Sneasler, L50, F|\n|poke|p1|Mimikyu, L50, F|\n|poke|p1|Camerupt, L50, M|\n|poke|p1|Kingambit, L50, M|\n|poke|p2|Chandelure, L50, F|\n|poke|p2|Gallade, L50, M|\n|poke|p2|Whimsicott, L50, F|\n|poke|p2|Sinistcha, L50|\n|poke|p2|Aerodactyl, L50, M|\n|poke|p2|Heliolisk, L50, M|\n|teampreview|4\n|inactive|Battle timer is ON: inactive players will automatically lose when time's up. (requested by yuriimon)\n|inactive|yuriimon has 60 seconds left.\n|\n|t:|1776117868\n|teamsize|p1|4\n|teamsize|p2|4\n|start\n|switch|p1a: Talonflame|Talonflame, L50, F|100/100\n|switch|p1b: Mimikyu|Mimikyu, L50, F|100/100\n|switch|p2a: Whimsicott|Whimsicott, L50, F, shiny|100/100\n|switch|p2b: Chandelure|Chandelure, L50, F|100/100\n|turn|1\n|inactive|Ombix has 30 seconds left.\n|inactive|Ombix has 20 seconds left.\n|inactive|Ombix has 15 seconds left.\n|inactive|Ombix has 10 seconds left.\n|inactive|Ombix has 5 seconds left.\n|\n|t:|1776117919\n|detailschange|p2b: Chandelure|Chandelure-Mega, L50, F\n|-mega|p2b: Chandelure|Chandelure|Chandelurite\n|move|p1a: Talonflame|Sunny Day|p1a: Talonflame\n|-weather|SunnyDay\n|move|p2a: Whimsicott|Dazzling Gleam|p1a: Talonflame|[spread] p1a,p1b\n|-resisted|p1a: Talonflame|1\n|-damage|p1a: Talonflame|82/100\n|-activate|p1b: Mimikyu|ability: Disguise\n|-damage|p1b: Mimikyu|100/100\n|detailschange|p1b: Mimikyu|Mimikyu-Busted, L50, F\n|-damage|p1b: Mimikyu|88/100|[from] pokemon: Mimikyu-Busted\n|move|p2b: Chandelure|Heat Wave|p1b: Mimikyu|[spread] p1b\n|-miss|p2b: Chandelure|p1a: Talonflame\n|-damage|p1b: Mimikyu|17/100\n|move|p1b: Mimikyu|Trick Room|p1b: Mimikyu\n|-fieldstart|move: Trick Room|[of] p1b: Mimikyu\n|\n|-weather|SunnyDay|[upkeep]\n|upkeep\n|turn|2\n|\n|t:|1776117941\n|move|p1b: Mimikyu|Shadow Sneak|p2b: Chandelure\n|-supereffective|p2b: Chandelure|1\n|-damage|p2b: Chandelure|63/100\n|move|p2b: Chandelure|Heat Wave|p1b: Mimikyu|[spread] p1a,p1b\n|-resisted|p1a: Talonflame|1\n|-crit|p1b: Mimikyu\n|-damage|p1a: Talonflame|21/100\n|-damage|p1b: Mimikyu|0 fnt\n|faint|p1b: Mimikyu\n|move|p2a: Whimsicott|Dazzling Gleam|p1a: Talonflame\n|-resisted|p1a: Talonflame|1\n|-damage|p1a: Talonflame|0 fnt\n|faint|p1a: Talonflame\n|\n|-weather|SunnyDay|[upkeep]\n|upkeep\n|\n|t:|1776117947\n|switch|p1b: Kingambit|Kingambit, L50, M|100/100\n|switch|p1a: Camerupt|Camerupt, L50, M|100/100\n|turn|3\n|\n|t:|1776117964\n|detailschange|p1a: Camerupt|Camerupt-Mega, L50, M\n|-mega|p1a: Camerupt|Camerupt|Cameruptite\n|move|p2a: Whimsicott|Protect|p2a: Whimsicott\n|-singleturn|p2a: Whimsicott|Protect\n|move|p2b: Chandelure|Protect|p2b: Chandelure\n|-singleturn|p2b: Chandelure|Protect\n|move|p1a: Camerupt|Earth Power|p2b: Chandelure\n|-activate|p2b: Chandelure|move: Protect\n|move|p1b: Kingambit|Iron Head|p2a: Whimsicott\n|-activate|p2a: Whimsicott|move: Protect\n|\n|-weather|SunnyDay|[upkeep]\n|upkeep\n|turn|4\n|\n|t:|1776117980\n|switch|p2b: Aerodactyl|Aerodactyl, L50, M|100/100\n|-ability|p2b: Aerodactyl|Unnerve\n|move|p2a: Whimsicott|Tailwind|p2a: Whimsicott\n|-sidestart|p2: Ombix|move: Tailwind\n|move|p1a: Camerupt|Earth Power|p2b: Aerodactyl\n|-immune|p2b: Aerodactyl\n|move|p1b: Kingambit|Iron Head|p2a: Whimsicott\n|-supereffective|p2a: Whimsicott|1\n|-damage|p2a: Whimsicott|0 fnt\n|faint|p2a: Whimsicott\n|\n|-weather|SunnyDay|[upkeep]\n|upkeep\n|\n|t:|1776117990\n|switch|p2a: Gallade|Gallade, L50, M, shiny|100/100\n|turn|5\n|\n|t:|1776118001\n|switch|p2a: Chandelure|Chandelure-Mega, L50, F|63/100\n|move|p2b: Aerodactyl|Protect|p2b: Aerodactyl\n|-singleturn|p2b: Aerodactyl|Protect\n|move|p1a: Camerupt|Eruption|p2b: Aerodactyl|[spread] p2a\n|-activate|p2b: Aerodactyl|move: Protect\n|-resisted|p2a: Chandelure|1\n|-damage|p2a: Chandelure|10/100\n|move|p1b: Kingambit|Swords Dance|p1b: Kingambit\n|-boost|p1b: Kingambit|atk|2\n|\n|-weather|none\n|-fieldend|move: Trick Room\n|upkeep\n|turn|6\n|\n|t:|1776118017\n|move|p1a: Camerupt|Protect|p1a: Camerupt\n|-singleturn|p1a: Camerupt|Protect\n|move|p1b: Kingambit|Sucker Punch|p2a: Chandelure\n|-supereffective|p2a: Chandelure|1\n|-damage|p2a: Chandelure|0 fnt\n|faint|p2a: Chandelure\n|move|p2b: Aerodactyl|Rock Slide|p1a: Camerupt|[spread] p1b\n|-activate|p1a: Camerupt|move: Protect\n|-resisted|p1b: Kingambit|1\n|-damage|p1b: Kingambit|92/100\n|\n|upkeep\n|\n|t:|1776118022\n|switch|p2a: Gallade|Gallade, L50, M, shiny|100/100\n|turn|7\n|\n|t:|1776118041\n|move|p2a: Gallade|Sacred Sword|p1a: Camerupt\n|-damage|p1a: Camerupt|38/100\n|move|p2b: Aerodactyl|Rock Slide|p1a: Camerupt|[spread] p1a,p1b\n|-resisted|p1b: Kingambit|1\n|-damage|p1a: Camerupt|13/100\n|-damage|p1b: Kingambit|83/100\n|move|p1b: Kingambit|Iron Head|p2b: Aerodactyl\n|-supereffective|p2b: Aerodactyl|1\n|-enditem|p2b: Aerodactyl|Focus Sash\n|-damage|p2b: Aerodactyl|1/100\n|move|p1a: Camerupt|Eruption|p2b: Aerodactyl|[spread] p2a,p2b\n|-resisted|p2b: Aerodactyl|1\n|-damage|p2a: Gallade|92/100\n|-damage|p2b: Aerodactyl|0 fnt\n|faint|p2b: Aerodactyl\n|\n|-sideend|p2: Ombix|move: Tailwind\n|upkeep\n|turn|8\n|\n|t:|1776118063\n|move|p1b: Kingambit|Sucker Punch|p2a: Gallade\n|-damage|p2a: Gallade|0 fnt\n|faint|p2a: Gallade\n|\n|win|yuriimon\n|raw|yuriimon's rating: 1021 &rarr; <strong>1067</strong><br />(+46 for winning)\n|raw|Ombix's rating: 1112 &rarr; <strong>1081</strong><br />(-31 for losing)\n|c|\u2606yuriimon|ggwp\n",
  "uploadtime": 1776118071,
  "views": 13,
  "formatid": "gen9championsvgc2026regma",
  "rating": 1067,
  "private": 0,
  "password": null
}