{
  "id": "gen9championsvgc2026regma-2585109045",
  "format": "[Gen 9 Champions] VGC 2026 Reg M-A",
  "players": [
    "Wixxez",
    "Mcslicks"
  ],
  "log": "|j|\u2606Wixxez\n|j|\u2606Mcslicks\n|t:|1776312768\n|gametype|doubles\n|player|p1|Wixxez|flannery|1163\n|player|p2|Mcslicks|101|1085\n|gen|9\n|tier|[Gen 9 Champions] VGC 2026 Reg M-A\n|rated|\n|rule|Species Clause: Limit one of each Pok\u00e9mon\n|rule|Item Clause: Limit 1 of each item\n|clearpoke\n|poke|p1|Delphox, L50, M|\n|poke|p1|Hydreigon, L50, M|\n|poke|p1|Sneasler, L50, M|\n|poke|p1|Heracross, L50, M|\n|poke|p1|Sinistcha, L50|\n|poke|p1|Gyarados, L50, F|\n|poke|p2|Aegislash, L50, F|\n|poke|p2|Talonflame, L50, F|\n|poke|p2|Incineroar, L50, F|\n|poke|p2|Glimmora, L50, M|\n|poke|p2|Rotom-Mow, L50|\n|poke|p2|Basculegion, L50, M|\n|teampreview|4\n|inactive|Battle timer is ON: inactive players will automatically lose when time's up. (requested by Mcslicks)\n|inactive|Wixxez also wants the timer to be on.\n|inactive|Wixxez has 60 seconds left.\n|inactive|Mcslicks has 60 seconds left.\n|\n|t:|1776312826\n|teamsize|p1|4\n|teamsize|p2|4\n|start\n|switch|p1a: Gyarados|Gyarados, L50, F|100/100\n|switch|p1b: Sneasler|Sneasler, L50, M|100/100\n|switch|p2a: Talonflame|Talonflame, L50, F|100/100\n|switch|p2b: Glimmora|Glimmora, L50, M|100/100\n|-ability|p1a: Gyarados|Intimidate|boost\n|-unboost|p2a: Talonflame|atk|1\n|-unboost|p2b: Glimmora|atk|1\n|turn|1\n|inactive|Wixxez has 30 seconds left.\n|inactive|Mcslicks has 30 seconds left.\n|inactive|Wixxez has 20 seconds left.\n|inactive|Wixxez has 15 seconds left.\n|inactive|Wixxez has 10 seconds left.\n|\n|t:|1776312873\n|detailschange|p2b: Glimmora|Glimmora-Mega, L50, M\n|-mega|p2b: Glimmora|Glimmora|Glimmoranite\n|move|p2a: Talonflame|Protect|p2a: Talonflame\n|-singleturn|p2a: Talonflame|Protect\n|move|p2b: Glimmora|Protect|p2b: Glimmora\n|-singleturn|p2b: Glimmora|Protect\n|move|p1a: Gyarados|Protect|p1a: Gyarados\n|-singleturn|p1a: Gyarados|Protect\n|move|p1b: Sneasler|Fake Out|p2a: Talonflame\n|-activate|p2a: Talonflame|move: Protect\n|\n|upkeep\n|turn|2\n|inactive|Wixxez has 30 seconds left.\n|inactive|Wixxez has 20 seconds left.\n|inactive|Wixxez has 15 seconds left.\n|inactive|Wixxez has 10 seconds left.\n|\n|t:|1776312922\n|move|p1b: Sneasler|Upper Hand||[still]\n|-fail|p1b: Sneasler\n|move|p2a: Talonflame|Tailwind|p2a: Talonflame\n|-sidestart|p2: Mcslicks|move: Tailwind\n|move|p2b: Glimmora|Power Gem|p1a: Gyarados\n|-supereffective|p1a: Gyarados|1\n|-damage|p1a: Gyarados|1/100\n|move|p1a: Gyarados|Waterfall|p2b: Glimmora\n|-supereffective|p2b: Glimmora|1\n|-damage|p2b: Glimmora|33/100\n|\n|-heal|p1a: Gyarados|7/100|[from] item: Leftovers\n|upkeep\n|turn|3\n|inactive|Wixxez has 30 seconds left.\n|inactive|Wixxez has 20 seconds left.\n|inactive|Wixxez has 15 seconds left.\n|\n|t:|1776312965\n|move|p2b: Glimmora|Protect|p2b: Glimmora\n|-singleturn|p2b: Glimmora|Protect\n|move|p1a: Gyarados|Protect|p1a: Gyarados\n|-singleturn|p1a: Gyarados|Protect\n|move|p2a: Talonflame|Dual Wingbeat|p1a: Gyarados\n|-activate|p1a: Gyarados|move: Protect\n|move|p1b: Sneasler|Close Combat|p2b: Glimmora\n|-activate|p2b: Glimmora|move: Protect\n|\n|-heal|p1a: Gyarados|13/100|[from] item: Leftovers\n|upkeep\n|turn|4\n|inactive|Wixxez has 30 seconds left.\n|inactive|Wixxez has 20 seconds left.\n|inactive|Wixxez has 15 seconds left.\n|inactive|Wixxez has 10 seconds left.\n|\n|t:|1776313013\n|switch|p2b: Basculegion|Basculegion, L50, M|100/100\n|move|p1b: Sneasler|Upper Hand|p2a: Talonflame\n|-resisted|p2a: Talonflame|1\n|-damage|p2a: Talonflame|73/100\n|cant|p2a: Talonflame|flinch\n|move|p1a: Gyarados|Waterfall|p2b: Basculegion\n|-resisted|p2b: Basculegion|1\n|-damage|p2b: Basculegion|79/100\n|\n|-heal|p1a: Gyarados|19/100|[from] item: Leftovers\n|upkeep\n|turn|5\n|inactive|Wixxez has 30 seconds left.\n|inactive|Mcslicks has 30 seconds left.\n|inactive|Wixxez has 20 seconds left.\n|inactive|Wixxez has 15 seconds left.\n|\n|t:|1776313055\n|switch|p1b: Sinistcha|Sinistcha, L50|100/100\n|-heal|p1a: Gyarados|44/100|[from] ability: Hospitality|[of] p1b: Sinistcha\n|move|p2a: Talonflame|Dual Wingbeat|p1b: Sinistcha\n|-supereffective|p1b: Sinistcha|1\n|-damage|p1b: Sinistcha|84/100\n|-supereffective|p1b: Sinistcha|1\n|-damage|p1b: Sinistcha|66/100\n|-hitcount|p1b: Sinistcha|2\n|move|p2b: Basculegion|Liquidation|p1b: Sinistcha\n|-resisted|p1b: Sinistcha|1\n|-damage|p1b: Sinistcha|38/100\n|-enditem|p1b: Sinistcha|Sitrus Berry|[eat]\n|-heal|p1b: Sinistcha|63/100|[from] item: Sitrus Berry\n|move|p1a: Gyarados|Waterfall|p2a: Talonflame\n|-supereffective|p2a: Talonflame|1\n|-damage|p2a: Talonflame|0 fnt\n|faint|p2a: Talonflame\n|\n|-heal|p1a: Gyarados|50/100|[from] item: Leftovers\n|-sideend|p2: Mcslicks|move: Tailwind\n|upkeep\n|\n|t:|1776313074\n|switch|p2a: Glimmora|Glimmora-Mega, L50, M|33/100\n|turn|6\n|inactive|Wixxez has 30 seconds left.\n|inactive|Wixxez has 20 seconds left.\n|inactive|Wixxez has 15 seconds left.\n|inactive|Wixxez has 10 seconds left.\n|\n|t:|1776313122\n|move|p2a: Glimmora|Power Gem|p1a: Gyarados\n|-supereffective|p1a: Gyarados|1\n|-damage|p1a: Gyarados|0 fnt\n|faint|p1a: Gyarados\n|move|p2b: Basculegion|Last Respects|p1b: Sinistcha\n|-supereffective|p1b: Sinistcha|1\n|-damage|p1b: Sinistcha|0 fnt\n|faint|p1b: Sinistcha\n|\n|upkeep\n|\n|t:|1776313130\n|switch|p1a: Heracross|Heracross, L50, M|100/100\n|switch|p1b: Sneasler|Sneasler, L50, M|100/100\n|turn|7\n|inactive|Wixxez has 30 seconds left.\n|inactive|Wixxez has 20 seconds left.\n|inactive|Wixxez has 15 seconds left.\n|\n|t:|1776313172\n|detailschange|p1a: Heracross|Heracross-Mega, L50, M\n|-mega|p1a: Heracross|Heracross|Heracronite\n|move|p2a: Glimmora|Protect|p2a: Glimmora\n|-singleturn|p2a: Glimmora|Protect\n|move|p2b: Basculegion|Protect|p2b: Basculegion\n|-singleturn|p2b: Basculegion|Protect\n|move|p1b: Sneasler|Close Combat|p2a: Glimmora\n|-activate|p2a: Glimmora|move: Protect\n|move|p1a: Heracross|Rock Blast|p2b: Basculegion\n|-activate|p2b: Basculegion|move: Protect\n|\n|upkeep\n|turn|8\n|inactive|Wixxez has 30 seconds left.\n|\n|t:|1776313201\n|switch|p2a: Aegislash|Aegislash, L50, F|100/100\n|move|p1b: Sneasler|Close Combat|p2a: Aegislash\n|-immune|p2a: Aegislash\n|move|p2b: Basculegion|Last Respects|p1b: Sneasler\n|-enditem|p1b: Sneasler|Focus Sash\n|-damage|p1b: Sneasler|1/100\n|move|p1a: Heracross|Rock Blast|p2b: Basculegion\n|-crit|p2b: Basculegion\n|-damage|p2b: Basculegion|55/100\n|-damage|p2b: Basculegion|40/100\n|-damage|p2b: Basculegion|23/100\n|-damage|p2b: Basculegion|8/100\n|-damage|p2b: Basculegion|0 fnt\n|faint|p2b: Basculegion\n|-hitcount|p2: Basculegion|5\n|\n|upkeep\n|\n|t:|1776313218\n|switch|p2b: Glimmora|Glimmora-Mega, L50, M|33/100\n|turn|9\n|inactive|Wixxez has 30 seconds left.\n|inactive|Mcslicks has 30 seconds left.\n|\n|t:|1776313245\n|move|p2b: Glimmora|Protect|p2b: Glimmora\n|-singleturn|p2b: Glimmora|Protect\n|move|p1b: Sneasler|Close Combat|p2b: Glimmora\n|-activate|p2b: Glimmora|move: Protect\n|move|p1a: Heracross|Rock Blast|p2a: Aegislash\n|-resisted|p2a: Aegislash|1\n|-damage|p2a: Aegislash|96/100\n|-resisted|p2a: Aegislash|1\n|-damage|p2a: Aegislash|91/100\n|-resisted|p2a: Aegislash|1\n|-damage|p2a: Aegislash|86/100\n|-resisted|p2a: Aegislash|1\n|-damage|p2a: Aegislash|81/100\n|-resisted|p2a: Aegislash|1\n|-damage|p2a: Aegislash|76/100\n|-hitcount|p2a: Aegislash|5\n|-formechange|p2a: Aegislash|Aegislash-Blade|\n|move|p2a: Aegislash|Shadow Ball|p1a: Heracross\n|-damage|p1a: Heracross|57/100\n|-unboost|p1a: Heracross|spd|1\n|-heal|p2a: Aegislash|81/100|[from] item: Shell Bell|[of] p1a: Heracross\n|\n|upkeep\n|turn|10\n|inactive|Wixxez has 30 seconds left.\n|inactive|Mcslicks has 30 seconds left.\n|\n|t:|1776313277\n|move|p2b: Glimmora|Protect|p2b: Glimmora\n|-singleturn|p2b: Glimmora|Protect\n|-formechange|p2a: Aegislash|Aegislash|\n|move|p2a: Aegislash|King's Shield|p2a: Aegislash\n|-singleturn|p2a: Aegislash|Protect\n|move|p1b: Sneasler|Close Combat|p2b: Glimmora\n|-activate|p2b: Glimmora|move: Protect\n|move|p1a: Heracross|Rock Blast|p2a: Aegislash\n|-activate|p2a: Aegislash|move: Protect\n|\n|upkeep\n|turn|11\n|inactive|Wixxez has 30 seconds left.\n|\n|t:|1776313297\n|move|p1b: Sneasler|Close Combat|p2b: Glimmora\n|-damage|p2b: Glimmora|0 fnt\n|-unboost|p1b: Sneasler|def|1\n|-unboost|p1b: Sneasler|spd|1\n|faint|p2b: Glimmora\n|move|p1a: Heracross|Rock Blast|p2a: Aegislash\n|-resisted|p2a: Aegislash|1\n|-damage|p2a: Aegislash|77/100\n|-resisted|p2a: Aegislash|1\n|-damage|p2a: Aegislash|71/100\n|-resisted|p2a: Aegislash|1\n|-damage|p2a: Aegislash|66/100\n|-resisted|p2a: Aegislash|1\n|-damage|p2a: Aegislash|62/100\n|-resisted|p2a: Aegislash|1\n|-damage|p2a: Aegislash|57/100\n|-hitcount|p2a: Aegislash|5\n|-formechange|p2a: Aegislash|Aegislash-Blade|\n|move|p2a: Aegislash|Shadow Ball|p1b: Sneasler\n|-crit|p1b: Sneasler\n|-damage|p1b: Sneasler|0 fnt\n|faint|p1b: Sneasler\n|-heal|p2a: Aegislash|57/100|[from] item: Shell Bell|[of] p1: Sneasler\n|\n|upkeep\n|turn|12\n|inactive|Wixxez has 25 seconds left this turn.\n|inactive|Wixxez has 20 seconds left.\n|inactive|Wixxez has 15 seconds left.\n|inactive|Wixxez has 10 seconds left.\n|\n|t:|1776313316\n|-formechange|p2a: Aegislash|Aegislash|\n|move|p2a: Aegislash|King's Shield|p2a: Aegislash\n|-singleturn|p2a: Aegislash|Protect\n|move|p1a: Heracross|Rock Blast|p2a: Aegislash\n|-activate|p2a: Aegislash|move: Protect\n|\n|upkeep\n|turn|13\n|inactive|Wixxez has 10 seconds left this turn.\n|inactive|Wixxez has 5 seconds left.\n|\n|t:|1776313323\n|move|p1a: Heracross|Rock Blast|p2a: Aegislash\n|-resisted|p2a: Aegislash|1\n|-damage|p2a: Aegislash|53/100\n|-resisted|p2a: Aegislash|1\n|-damage|p2a: Aegislash|47/100\n|-resisted|p2a: Aegislash|1\n|-damage|p2a: Aegislash|42/100\n|-resisted|p2a: Aegislash|1\n|-damage|p2a: Aegislash|37/100\n|-resisted|p2a: Aegislash|1\n|-damage|p2a: Aegislash|32/100\n|-hitcount|p2a: Aegislash|5\n|-formechange|p2a: Aegislash|Aegislash-Blade|\n|move|p2a: Aegislash|Shadow Ball|p1a: Heracross\n|-crit|p1a: Heracross\n|-damage|p1a: Heracross|0 fnt\n|faint|p1a: Heracross\n|-heal|p2a: Aegislash|39/100|[from] item: Shell Bell|[of] p1: Heracross\n|\n|win|Mcslicks\n|raw|Wixxez's rating: 1163 &rarr; <strong>1132</strong><br />(-31 for losing)\n|raw|Mcslicks's rating: 1085 &rarr; <strong>1118</strong><br />(+33 for winning)\n|l|\u2606Wixxez\n|player|p1|\n",
  "uploadtime": 1776313338,
  "views": 25,
  "formatid": "gen9championsvgc2026regma",
  "rating": 1118,
  "private": 0,
  "password": null
}