{
  "id": "gen9championsvgc2026regma-2588131402",
  "format": "[Gen 9 Champions] VGC 2026 Reg M-A",
  "players": [
    "testy accounty 2",
    "dkapflzksh"
  ],
  "log": "|j|\u2606testy accounty 2\n|j|\u2606dkapflzksh\n|t:|1776607567\n|gametype|doubles\n|player|p1|testy accounty 2|102|1523\n|player|p2|dkapflzksh|265|1594\n|gen|9\n|tier|[Gen 9 Champions] VGC 2026 Reg M-A\n|rated|\n|rule|Species Clause: Limit one of each Pok\u00e9mon\n|rule|Item Clause: Limit 1 of each item\n|clearpoke\n|poke|p1|Gengar, L50, F, shiny|\n|poke|p1|Incineroar, L50, M|\n|poke|p1|Politoed, L50, M|\n|poke|p1|Archaludon, L50, F|\n|poke|p1|Basculegion, L50, M|\n|poke|p1|Meganium, L50, F|\n|poke|p2|Basculegion, L50, M, shiny|\n|poke|p2|Dragonite, L50, F, shiny|\n|poke|p2|Archaludon, L50, M, shiny|\n|poke|p2|Pelipper, L50, M, shiny|\n|poke|p2|Floette-Eternal, L50, F|\n|poke|p2|Kingambit, L50, M, shiny|\n|teampreview|4\n|\n|t:|1776607616\n|teamsize|p1|4\n|teamsize|p2|4\n|start\n|switch|p1a: Kathleen|Archaludon, L50, F|100/100\n|switch|p1b: Stephen|Basculegion, L50, M|100/100\n|switch|p2a: Kingambit|Kingambit, L50, M, shiny|100/100\n|switch|p2b: Basculegion|Basculegion, L50, M, shiny|100/100\n|turn|1\n|inactive|Battle timer is ON: inactive players will automatically lose when time's up. (requested by dkapflzksh)\n|\n|t:|1776607649\n|move|p1b: Stephen|Last Respects|p2b: Basculegion\n|-supereffective|p2b: Basculegion|1\n|-damage|p2b: Basculegion|25/100\n|move|p2b: Basculegion|Flip Turn|p1a: Kathleen\n|-resisted|p1a: Kathleen|1\n|-damage|p1a: Kathleen|84/100\n|-ability|p1a: Kathleen|Stamina|boost\n|-boost|p1a: Kathleen|def|1\n|\n|t:|1776607657\n|switch|p2b: Archaludon|Archaludon, L50, M, shiny|100/100|[from] Flip Turn\n|move|p1a: Kathleen|Electro Shot||[still]\n|-prepare|p1a: Kathleen|Electro Shot\n|-boost|p1a: Kathleen|spa|1\n|move|p2a: Kingambit|Kowtow Cleave|p1b: Stephen\n|-supereffective|p1b: Stephen|1\n|-damage|p1b: Stephen|0 fnt\n|faint|p1b: Stephen\n|\n|upkeep\n|\n|t:|1776607665\n|switch|p1b: Meganium|Meganium, L50, F|100/100\n|turn|2\n|inactive|dkapflzksh has 30 seconds left.\n|\n|t:|1776607691\n|detailschange|p1b: Meganium|Meganium-Mega, L50, F\n|-mega|p1b: Meganium|Meganium|Meganiumite\n|move|p1a: Kathleen|Electro Shot|p2b: Archaludon|[from] lockedmove\n|-resisted|p2b: Archaludon|1\n|-damage|p2b: Archaludon|69/100\n|-ability|p2b: Archaludon|Stamina|boost\n|-boost|p2b: Archaludon|def|1\n|move|p1b: Meganium|Weather Ball|p2b: Archaludon\n|-damage|p2b: Archaludon|11/100\n|-ability|p2b: Archaludon|Stamina|boost\n|-boost|p2b: Archaludon|def|1\n|move|p2b: Archaludon|Aura Sphere|p1a: Kathleen\n|-supereffective|p1a: Kathleen|1\n|-enditem|p1a: Kathleen|Chople Berry|[eat]\n|-enditem|p1a: Kathleen|Chople Berry|[weaken]\n|-damage|p1a: Kathleen|49/100\n|-ability|p1a: Kathleen|Stamina|boost\n|-boost|p1a: Kathleen|def|1\n|move|p2a: Kingambit|Kowtow Cleave|p1a: Kathleen\n|-damage|p1a: Kathleen|31/100\n|-ability|p1a: Kathleen|Stamina|boost\n|-boost|p1a: Kathleen|def|1\n|\n|-heal|p2b: Archaludon|18/100|[from] item: Leftovers\n|upkeep\n|turn|3\n|inactive|testy accounty 2 has 30 seconds left.\n|inactive|testy accounty 2 has 20 seconds left.\n|inactive|testy accounty 2 has 15 seconds left.\n|\n|t:|1776607733\n|move|p2b: Archaludon|Protect|p2b: Archaludon\n|-singleturn|p2b: Archaludon|Protect\n|move|p1a: Kathleen|Flash Cannon|p2b: Archaludon\n|-activate|p2b: Archaludon|move: Protect\n|move|p1b: Meganium|Weather Ball|p2a: Kingambit\n|-supereffective|p2a: Kingambit|1\n|-damage|p2a: Kingambit|0 fnt\n|faint|p2a: Kingambit\n|\n|-heal|p2b: Archaludon|24/100|[from] item: Leftovers\n|upkeep\n|\n|t:|1776607755\n|switch|p2a: Floette|Floette-Eternal, L50, F|100/100\n|turn|4\n|inactive|dkapflzksh has 30 seconds left.\n|\n|t:|1776607788\n|move|p2a: Floette|Protect|p2a: Floette\n|-singleturn|p2a: Floette|Protect\n|move|p1a: Kathleen|Flash Cannon|p2a: Floette\n|-activate|p2a: Floette|move: Protect\n|move|p1b: Meganium|Dazzling Gleam|p2a: Floette|[spread] p2b\n|-activate|p2a: Floette|move: Protect\n|-damage|p2b: Archaludon|0 fnt\n|faint|p2b: Archaludon\n|\n|upkeep\n|\n|t:|1776607796\n|switch|p2b: Basculegion|Basculegion, L50, M, shiny|25/100\n|turn|5\n|\n|t:|1776607812\n|detailschange|p2a: Floette|Floette-Mega, L50, F\n|-mega|p2a: Floette|Floette|Floettite\n|-ability|p2a: Floette|Fairy Aura\n|move|p1b: Meganium|Protect|p1b: Meganium\n|-singleturn|p1b: Meganium|Protect\n|move|p2b: Basculegion|Last Respects|p1b: Meganium\n|-activate|p1b: Meganium|move: Protect\n|move|p2a: Floette|Dazzling Gleam|p1b: Meganium|[spread] p1a\n|-activate|p1b: Meganium|move: Protect\n|-damage|p1a: Kathleen|0 fnt\n|faint|p1a: Kathleen\n|\n|upkeep\n|\n|t:|1776607824\n|switch|p1a: Ian|Incineroar, L50, M|100/100\n|-ability|p1a: Ian|Intimidate|boost\n|-unboost|p2a: Floette|atk|1\n|-unboost|p2b: Basculegion|atk|1\n|turn|6\n|\n|t:|1776607839\n|move|p2a: Floette|Protect|p2a: Floette\n|-singleturn|p2a: Floette|Protect\n|move|p1a: Ian|Fake Out|p2a: Floette\n|-activate|p2a: Floette|move: Protect\n|move|p2b: Basculegion|Last Respects|p1b: Meganium\n|-damage|p1b: Meganium|44/100\n|move|p1b: Meganium|Dazzling Gleam|p2b: Basculegion|[spread] p2b\n|-activate|p2a: Floette|move: Protect\n|-damage|p2b: Basculegion|0 fnt\n|faint|p2b: Basculegion\n|\n|upkeep\n|turn|7\n|\n|t:|1776607858\n|move|p2a: Floette|Moonblast|p1b: Meganium\n|-damage|p1b: Meganium|0 fnt\n|faint|p1b: Meganium\n|move|p1a: Ian|Flare Blitz|p2a: Floette\n|-damage|p2a: Floette|43/100\n|-damage|p1a: Ian|86/100|[from] Recoil\n|\n|upkeep\n|turn|8\n|\n|t:|1776607869\n|move|p2a: Floette|Protect|p2a: Floette\n|-singleturn|p2a: Floette|Protect\n|move|p1a: Ian|Flare Blitz|p2a: Floette\n|-activate|p2a: Floette|move: Protect\n|\n|upkeep\n|turn|9\n|\n|t:|1776607874\n|move|p2a: Floette|Light of Ruin|p1a: Ian|[miss]\n|-miss|p2a: Floette|p1a: Ian\n|move|p1a: Ian|Flare Blitz|p2a: Floette\n|-damage|p2a: Floette|0 fnt\n|faint|p2a: Floette\n|-damage|p1a: Ian|76/100|[from] Recoil\n|\n|win|testy accounty 2\n|raw|testy accounty 2's rating: 1523 &rarr; <strong>1547</strong><br />(+24 for winning)\n|raw|dkapflzksh's rating: 1594 &rarr; <strong>1570</strong><br />(-24 for losing)\n",
  "uploadtime": 1776607875,
  "views": 12,
  "formatid": "gen9championsvgc2026regma",
  "rating": 1547,
  "private": 0,
  "password": null
}