{
  "id": "gen9championsvgc2026regma-2586843061",
  "format": "[Gen 9 Champions] VGC 2026 Reg M-A",
  "players": [
    "Klaydoe",
    "senorpotatono"
  ],
  "log": "|j|\u2606Klaydoe\n|j|\u2606senorpotatono\n|t:|1776464571\n|gametype|doubles\n|player|p1|Klaydoe|102|1077\n|player|p2|senorpotatono|elesa|1091\n|gen|9\n|tier|[Gen 9 Champions] VGC 2026 Reg M-A\n|rated|\n|rule|Species Clause: Limit one of each Pok\u00e9mon\n|rule|Item Clause: Limit 1 of each item\n|clearpoke\n|poke|p1|Clefable, L50, M|\n|poke|p1|Sneasler, L50, M|\n|poke|p1|Delphox, L50, M|\n|poke|p1|Kingambit, L50, M|\n|poke|p1|Dragonite, L50, M|\n|poke|p1|Basculegion, L50, M|\n|poke|p2|Incineroar, L50, M|\n|poke|p2|Scizor, L50, M|\n|poke|p2|Sinistcha, L50|\n|poke|p2|Pelipper, L50, M|\n|poke|p2|Basculegion, L50, M|\n|poke|p2|Delphox, L50, F|\n|teampreview|4\n|inactive|Battle timer is ON: inactive players will automatically lose when time's up. (requested by senorpotatono)\n|\n|t:|1776464606\n|teamsize|p1|4\n|teamsize|p2|4\n|start\n|switch|p1a: Clefable|Clefable, L50, M|100/100\n|switch|p1b: Kingambit|Kingambit, L50, M|100/100\n|switch|p2a: Delphox|Delphox, L50, F|100/100\n|switch|p2b: Sinistcha|Sinistcha, L50|100/100\n|turn|1\n|\n|t:|1776464624\n|switch|p1b: Dragonite|Dragonite, L50, M|100/100\n|detailschange|p2a: Delphox|Delphox-Mega, L50, F\n|-mega|p2a: Delphox|Delphox|Delphoxite\n|move|p1a: Clefable|Protect|p1a: Clefable\n|-singleturn|p1a: Clefable|Protect\n|move|p2b: Sinistcha|Rage Powder|p2b: Sinistcha\n|-singleturn|p2b: Sinistcha|move: Rage Powder\n|move|p2a: Delphox|Burning Jealousy|p1b: Dragonite|[spread] p1b\n|-activate|p1a: Clefable|move: Protect\n|-resisted|p1b: Dragonite|1\n|-damage|p1b: Dragonite|93/100\n|\n|upkeep\n|turn|2\n|inactive|Klaydoe has 30 seconds left.\n|\n|t:|1776464654\n|switch|p2a: Incineroar|Incineroar, L50, M|100/100\n|-ability|p2a: Incineroar|Intimidate|boost\n|-unboost|p1a: Clefable|atk|1\n|-unboost|p1b: Dragonite|atk|1\n|move|p1b: Dragonite|Scale Shot|p2a: Incineroar\n|-damage|p2a: Incineroar|92/100\n|-damage|p2a: Incineroar|83/100\n|-damage|p2a: Incineroar|74/100\n|-hitcount|p2a: Incineroar|3\n|-unboost|p1b: Dragonite|def|1\n|-boost|p1b: Dragonite|spe|1\n|move|p2b: Sinistcha|Strength Sap|p1b: Dragonite\n|-unboost|p1b: Dragonite|atk|1\n|move|p1a: Clefable|Moonblast|p2b: Sinistcha\n|-damage|p2b: Sinistcha|68/100\n|-unboost|p2b: Sinistcha|spa|1\n|\n|-heal|p2b: Sinistcha|75/100|[from] item: Leftovers\n|upkeep\n|turn|3\n|inactive|Klaydoe has 30 seconds left.\n|inactive|senorpotatono has 30 seconds left.\n|inactive|Klaydoe has 20 seconds left.\n|inactive|senorpotatono has 20 seconds left.\n|inactive|Klaydoe has 15 seconds left.\n|inactive|Klaydoe has 10 seconds left.\n|inactive|Klaydoe has 5 seconds left.\n|\n|t:|1776464707\n|switch|p1b: Delphox|Delphox, L50, M|100/100\n|move|p2b: Sinistcha|Strength Sap|p1b: Delphox\n|-unboost|p1b: Delphox|atk|1\n|-heal|p2b: Sinistcha|100/100\n|move|p2a: Incineroar|Darkest Lariat|p1b: Delphox\n|-supereffective|p1b: Delphox|1\n|-damage|p1b: Delphox|0 fnt\n|faint|p1b: Delphox\n|move|p1a: Clefable|Moonblast|p2a: Incineroar\n|-crit|p2a: Incineroar\n|-damage|p2a: Incineroar|41/100\n|\n|upkeep\n|\n|t:|1776464723\n|switch|p1b: Dragonite|Dragonite, L50, M|93/100\n|turn|4\n|\n|t:|1776464733\n|move|p1a: Clefable|Follow Me|p1a: Clefable\n|-singleturn|p1a: Clefable|move: Follow Me\n|move|p1b: Dragonite|Scale Shot|p2a: Incineroar\n|-damage|p2a: Incineroar|28/100\n|-damage|p2a: Incineroar|14/100\n|-hitcount|p2a: Incineroar|2\n|-unboost|p1b: Dragonite|def|1\n|-boost|p1b: Dragonite|spe|1\n|move|p2b: Sinistcha|Strength Sap|p1a: Clefable\n|-unboost|p1a: Clefable|atk|1\n|move|p2a: Incineroar|Will-O-Wisp|p1a: Clefable\n|-status|p1a: Clefable|brn\n|\n|-damage|p1a: Clefable|95/100 brn|[from] brn\n|upkeep\n|turn|5\n|inactive|Klaydoe has 30 seconds left.\n|\n|t:|1776464764\n|move|p1b: Dragonite|Extreme Speed|p2a: Incineroar\n|-damage|p2a: Incineroar|0 fnt\n|faint|p2a: Incineroar\n|move|p1a: Clefable|Follow Me|p1a: Clefable\n|-singleturn|p1a: Clefable|move: Follow Me\n|move|p2b: Sinistcha|Scald|p1a: Clefable\n|-damage|p1a: Clefable|73/100 brn\n|\n|-damage|p1a: Clefable|67/100 brn|[from] brn\n|upkeep\n|\n|t:|1776464776\n|switch|p2a: Basculegion|Basculegion, L50, M|100/100\n|turn|6\n|\n|t:|1776464790\n|move|p1a: Clefable|Helping Hand|p1b: Dragonite\n|-singleturn|p1b: Dragonite|Helping Hand|[of] p1a: Clefable\n|move|p1b: Dragonite|Scale Shot|p2a: Basculegion\n|-damage|p2a: Basculegion|79/100\n|-damage|p2a: Basculegion|56/100\n|-damage|p2a: Basculegion|32/100\n|-enditem|p2a: Basculegion|Sitrus Berry|[eat]\n|-heal|p2a: Basculegion|57/100|[from] item: Sitrus Berry\n|-hitcount|p2a: Basculegion|3\n|-unboost|p1b: Dragonite|def|1\n|-boost|p1b: Dragonite|spe|1\n|move|p2a: Basculegion|Last Respects|p1a: Clefable\n|-damage|p1a: Clefable|19/100 brn\n|-enditem|p1a: Clefable|Sitrus Berry|[eat]\n|-heal|p1a: Clefable|44/100 brn|[from] item: Sitrus Berry\n|move|p2b: Sinistcha|Scald|p1a: Clefable\n|-damage|p1a: Clefable|23/100 brn\n|\n|-damage|p1a: Clefable|17/100 brn|[from] brn\n|upkeep\n|turn|7\n|inactive|Klaydoe has 30 seconds left.\n|\n|t:|1776464822\n|move|p1a: Clefable|Helping Hand|p1b: Dragonite\n|-singleturn|p1b: Dragonite|Helping Hand|[of] p1a: Clefable\n|move|p2b: Sinistcha|Rage Powder|p2b: Sinistcha\n|-singleturn|p2b: Sinistcha|move: Rage Powder\n|move|p1b: Dragonite|Scale Shot|p2b: Sinistcha\n|-damage|p2b: Sinistcha|83/100\n|-damage|p2b: Sinistcha|66/100\n|-damage|p2b: Sinistcha|50/100\n|-hitcount|p2b: Sinistcha|3\n|-unboost|p1b: Dragonite|def|1\n|-boost|p1b: Dragonite|spe|1\n|move|p2a: Basculegion|Last Respects|p1b: Dragonite\n|-damage|p1b: Dragonite|0 fnt\n|faint|p1b: Dragonite\n|\n|-heal|p2b: Sinistcha|56/100|[from] item: Leftovers\n|-damage|p1a: Clefable|11/100 brn|[from] brn\n|upkeep\n|\n|t:|1776464842\n|switch|p1b: Kingambit|Kingambit, L50, M|100/100\n|turn|8\n|\n|t:|1776464856\n|move|p2b: Sinistcha|Rage Powder|p2b: Sinistcha\n|-singleturn|p2b: Sinistcha|move: Rage Powder\n|move|p1b: Kingambit|Sucker Punch||[still]\n|-fail|p1b: Kingambit\n|move|p2a: Basculegion|Wave Crash|p1b: Kingambit\n|-damage|p1b: Kingambit|53/100\n|-damage|p2a: Basculegion|43/100|[from] Recoil\n|move|p1a: Clefable|Moonblast|p2b: Sinistcha\n|-damage|p2b: Sinistcha|25/100\n|\n|-heal|p2b: Sinistcha|31/100|[from] item: Leftovers\n|-damage|p1a: Clefable|5/100 brn|[from] brn\n|upkeep\n|turn|9\n|\n|t:|1776464876\n|move|p2a: Basculegion|Protect|p2a: Basculegion\n|-singleturn|p2a: Basculegion|Protect\n|move|p2b: Sinistcha|Strength Sap|p1a: Clefable\n|-unboost|p1a: Clefable|atk|1\n|-heal|p2b: Sinistcha|57/100\n|move|p1a: Clefable|Moonblast|p2b: Sinistcha\n|-damage|p2b: Sinistcha|23/100\n|move|p1b: Kingambit|Kowtow Cleave|p2a: Basculegion\n|-activate|p2a: Basculegion|move: Protect\n|\n|-heal|p2b: Sinistcha|29/100|[from] item: Leftovers\n|-damage|p1a: Clefable|0 fnt|[from] brn\n|faint|p1a: Clefable\n|upkeep\n|turn|10\n|inactive|Klaydoe has 30 seconds left.\n|\n|t:|1776464902\n|move|p2a: Basculegion|Wave Crash|p1b: Kingambit\n|-damage|p1b: Kingambit|10/100\n|-damage|p2a: Basculegion|30/100|[from] Recoil\n|move|p2b: Sinistcha|Scald|p1b: Kingambit\n|-damage|p1b: Kingambit|0 fnt\n|faint|p1b: Kingambit\n|\n|win|senorpotatono\n|raw|Klaydoe's rating: 1077 &rarr; <strong>1056</strong><br />(-21 for losing)\n|raw|senorpotatono's rating: 1091 &rarr; <strong>1116</strong><br />(+25 for winning)\n",
  "uploadtime": 1776464912,
  "views": 24,
  "formatid": "gen9championsvgc2026regma",
  "rating": 1056,
  "private": 0,
  "password": null
}