{
  "id": "gen9championsvgc2026regma-2584250395",
  "format": "[Gen 9 Champions] VGC 2026 Reg M-A",
  "players": [
    "ThaBigCRAB",
    "drwyz"
  ],
  "log": "|j|\u2606ThaBigCRAB\n|j|\u2606drwyz\n|t:|1776243220\n|gametype|doubles\n|player|p1|ThaBigCRAB|drayden|1087\n|player|p2|drwyz|giovanni|1078\n|gen|9\n|tier|[Gen 9 Champions] VGC 2026 Reg M-A\n|rated|\n|rule|Species Clause: Limit one of each Pok\u00e9mon\n|rule|Item Clause: Limit 1 of each item\n|clearpoke\n|poke|p1|Sinistcha, L50|\n|poke|p1|Crabominable, L50, M|\n|poke|p1|Aegislash, L50, M|\n|poke|p1|Incineroar, L50, M|\n|poke|p1|Camerupt, L50, M|\n|poke|p1|Slowking, L50, F|\n|poke|p2|Hatterene, L50, F|\n|poke|p2|Farigiraf, L50, M|\n|poke|p2|Torkoal, L50, F|\n|poke|p2|Rhyperior, L50, F|\n|poke|p2|Garchomp, L50, F|\n|poke|p2|Kingambit, L50, F|\n|teampreview|4\n|inactive|Battle timer is ON: inactive players will automatically lose when time's up. (requested by ThaBigCRAB)\n|inactive|ThaBigCRAB has 60 seconds left.\n|inactive|drwyz has 60 seconds left.\ndrwyz rejected open team sheets.\n|\n|t:|1776243266\n|teamsize|p1|4\n|teamsize|p2|4\n|start\n|switch|p1a: Generic Sword|Aegislash, L50, M, shiny|100/100\n|switch|p1b: The queen|Slowking, L50, F, shiny|100/100\n|switch|p2a: Farigiraf|Farigiraf, L50, M|100/100\n|switch|p2b: Kingambit|Kingambit, L50, F|100/100\n|turn|1\n|inactive|drwyz has 30 seconds left.\n|\n|t:|1776243294\n|move|p2b: Kingambit|Sucker Punch||[still]\n|-fail|p2b: Kingambit\n|-formechange|p1a: Generic Sword|Aegislash-Blade|\n|move|p1a: Generic Sword|Sacred Sword|p2b: Kingambit\n|-supereffective|p2b: Kingambit|2\n|-damage|p2b: Kingambit|0 fnt\n|faint|p2b: Kingambit\n|-end|p2b: Kingambit|fallenundefined|[silent]\n|move|p2a: Farigiraf|Trick Room|p2a: Farigiraf\n|-fieldstart|move: Trick Room|[of] p2a: Farigiraf\n|move|p1b: The queen|Trick Room|p1b: The queen\n|-fieldend|move: Trick Room\n|\n|upkeep\n|\n|t:|1776243304\n|switch|p2b: Torkoal|Torkoal, L50, F|100/100\n|-weather|SunnyDay|[from] ability: Drought|[of] p2b: Torkoal\n|turn|2\n|inactive|drwyz has 30 seconds left.\n|inactive|drwyz has 20 seconds left.\n|\n|t:|1776243341\n|-formechange|p1a: Generic Sword|Aegislash|\n|move|p1a: Generic Sword|King's Shield|p1a: Generic Sword\n|-singleturn|p1a: Generic Sword|Protect\n|move|p2b: Torkoal|Heat Wave|p1a: Generic Sword|[spread] p1b\n|-activate|p1a: Generic Sword|move: Protect\n|-resisted|p1b: The queen|1\n|-damage|p1b: The queen|75/100\n|move|p2a: Farigiraf|Trick Room|p2a: Farigiraf\n|-fieldstart|move: Trick Room|[of] p2a: Farigiraf\n|move|p1b: The queen|Trick Room|p1b: The queen\n|-fieldend|move: Trick Room\n|\n|-weather|SunnyDay|[upkeep]\n|upkeep\n|turn|3\n|inactive|ThaBigCRAB has 30 seconds left.\n|\n|t:|1776243374\n|move|p2a: Farigiraf|Helping Hand|p2b: Torkoal\n|-singleturn|p2b: Torkoal|Helping Hand|[of] p2a: Farigiraf\n|-formechange|p1a: Generic Sword|Aegislash-Blade|\n|move|p1a: Generic Sword|Sacred Sword|p2b: Torkoal\n|-damage|p2b: Torkoal|75/100\n|move|p1b: The queen|Power Gem|p2b: Torkoal\n|-supereffective|p2b: Torkoal|1\n|-damage|p2b: Torkoal|15/100\n|move|p2b: Torkoal|Eruption|p1b: The queen|[spread] p1a,p1b\n|-supereffective|p1a: Generic Sword|1\n|-resisted|p1b: The queen|1\n|-damage|p1a: Generic Sword|34/100\n|-damage|p1b: The queen|68/100\n|\n|-weather|SunnyDay|[upkeep]\n|-heal|p1a: Generic Sword|40/100|[from] item: Leftovers\n|upkeep\n|turn|4\n|inactive|drwyz has 30 seconds left.\n|inactive|drwyz has 20 seconds left.\n|\n|t:|1776243411\n|move|p2b: Torkoal|Protect|p2b: Torkoal\n|-singleturn|p2b: Torkoal|Protect\n|move|p1a: Generic Sword|Shadow Sneak||[still]\n|cant|p2a: Farigiraf|ability: Armor Tail|Shadow Sneak|[of] p1a: Generic Sword\n|move|p2a: Farigiraf|Hyper Voice|p1a: Generic Sword|[spread] p1b\n|-immune|p1a: Generic Sword\n|-damage|p1b: The queen|46/100\n|move|p1b: The queen|Trick Room|p1b: The queen\n|-fieldstart|move: Trick Room|[of] p1b: The queen\n|\n|-weather|SunnyDay|[upkeep]\n|-heal|p1a: Generic Sword|46/100|[from] item: Leftovers\n|upkeep\n|turn|5\n|inactive|ThaBigCRAB has 30 seconds left.\n|inactive|drwyz has 30 seconds left.\n|\n|t:|1776243440\n|move|p2a: Farigiraf|Helping Hand|p2b: Torkoal\n|-singleturn|p2b: Torkoal|Helping Hand|[of] p2a: Farigiraf\n|-formechange|p1a: Generic Sword|Aegislash|\n|move|p1a: Generic Sword|King's Shield|p1a: Generic Sword\n|-singleturn|p1a: Generic Sword|Protect\n|move|p2b: Torkoal|Heat Wave|p1a: Generic Sword|[spread] p1b\n|-activate|p1a: Generic Sword|move: Protect\n|-resisted|p1b: The queen|1\n|-damage|p1b: The queen|10/100\n|move|p1b: The queen|Power Gem|p2b: Torkoal\n|-supereffective|p2b: Torkoal|1\n|-damage|p2b: Torkoal|0 fnt\n|faint|p2b: Torkoal\n|\n|-weather|SunnyDay|[upkeep]\n|-heal|p1a: Generic Sword|52/100|[from] item: Leftovers\n|upkeep\n|\n|t:|1776243454\n|switch|p2b: Rhyperior|Rhyperior, L50, F|100/100\n|turn|6\n|\n|t:|1776243469\n|move|p2a: Farigiraf|Protect|p2a: Farigiraf\n|-singleturn|p2a: Farigiraf|Protect\n|-prepare|p1b: The queen|Chilly Reception|[premajor]\n|move|p1b: The queen|Chilly Reception|p1b: The queen\n|-weather|Snowscape\n|\n|t:|1776243475\n|switch|p1b: Le Crab|Crabominable, L50, M|100/100|[from] Chilly Reception\n|move|p2b: Rhyperior|Earthquake|p1a: Generic Sword|[spread] p1a,p1b\n|-activate|p2a: Farigiraf|move: Protect\n|-supereffective|p1a: Generic Sword|1\n|-damage|p1a: Generic Sword|0 fnt\n|-damage|p1b: Le Crab|63/100\n|faint|p1a: Generic Sword\n|\n|-weather|Snowscape|[upkeep]\n|upkeep\n|\n|t:|1776243486\n|switch|p1a: Estathe|Sinistcha, L50|100/100\n|-heal|p1b: Le Crab|88/100|[from] ability: Hospitality|[of] p1a: Estathe\n|turn|7\n|\n|t:|1776243509\n|detailschange|p1b: Le Crab|Crabominable-Mega, L50, M\n|-mega|p1b: Le Crab|Crabominable|Crabominite\n|move|p2a: Farigiraf|Helping Hand|p2b: Rhyperior\n|-singleturn|p2b: Rhyperior|Helping Hand|[of] p2a: Farigiraf\n|move|p1b: Le Crab|Bulk Up|p1b: Le Crab\n|-boost|p1b: Le Crab|atk|1\n|-boost|p1b: Le Crab|def|1\n|move|p2b: Rhyperior|Fire Punch|p1b: Le Crab\n|-supereffective|p1b: Le Crab|1\n|-damage|p1b: Le Crab|58/100\n|move|p1a: Estathe|Matcha Gotcha|p2b: Rhyperior|[spread] p2a\n|-miss|p1a: Estathe|p2b: Rhyperior\n|-damage|p2a: Farigiraf|83/100\n|-status|p2a: Farigiraf|brn\n|\n|-weather|Snowscape|[upkeep]\n|-damage|p2a: Farigiraf|77/100 brn|[from] brn\n|upkeep\n|turn|8\n|inactive|ThaBigCRAB has 30 seconds left.\n|inactive|drwyz has 30 seconds left.\n|\n|t:|1776243541\n|move|p2b: Rhyperior|Protect|p2b: Rhyperior\n|-singleturn|p2b: Rhyperior|Protect\n|move|p2a: Farigiraf|Protect|p2a: Farigiraf\n|-singleturn|p2a: Farigiraf|Protect\n|move|p1a: Estathe|Rage Powder|p1a: Estathe\n|-singleturn|p1a: Estathe|move: Rage Powder\n|move|p1b: Le Crab|Crabhammer|p2b: Rhyperior\n|-activate|p2b: Rhyperior|move: Protect\n|\n|-weather|Snowscape|[upkeep]\n|-damage|p2a: Farigiraf|71/100 brn|[from] brn\n|-fieldend|move: Trick Room\n|upkeep\n|turn|9\n|inactive|ThaBigCRAB has 30 seconds left.\n|inactive|drwyz has 30 seconds left.\n|inactive|ThaBigCRAB has 20 seconds left.\n|\n|t:|1776243579\n|move|p1a: Estathe|Life Dew||[still]|[spread] p1a,p1b\n|-fail|p1a: Estathe|heal\n|-heal|p1b: Le Crab|83/100\n|move|p2a: Farigiraf|Hyper Voice|p1b: Le Crab|[spread] p1b\n|-immune|p1a: Estathe\n|-damage|p1b: Le Crab|64/100\n|move|p2b: Rhyperior|Fire Punch|p1a: Estathe\n|-supereffective|p1a: Estathe|1\n|-damage|p1a: Estathe|53/100\n|move|p1b: Le Crab|Crabhammer|p2b: Rhyperior\n|-supereffective|p2b: Rhyperior|2\n|-damage|p2b: Rhyperior|0 fnt\n|faint|p2b: Rhyperior\n|\n|-weather|Snowscape|[upkeep]\n|-damage|p2a: Farigiraf|64/100 brn|[from] brn\n|upkeep\n|turn|10\n|-message|drwyz forfeited.\n|\n|win|ThaBigCRAB\n|raw|ThaBigCRAB's rating: 1087 &rarr; <strong>1113</strong><br />(+26 for winning)\n|raw|drwyz's rating: 1078 &rarr; <strong>1057</strong><br />(-21 for losing)\n|l|\u2606drwyz\n|player|p2|\n|l|\u2606ThaBigCRAB\n|player|p1|\n|j|\u2606ThaBigCRAB\n|player|p1|ThaBigCRAB|drayden|\n",
  "uploadtime": 1776243845,
  "views": 28,
  "formatid": "gen9championsvgc2026regma",
  "rating": 1057,
  "private": 0,
  "password": null
}