{
  "id": "gen9championsvgc2026regma-2585477404",
  "format": "[Gen 9 Champions] VGC 2026 Reg M-A",
  "players": [
    "HyugaAnbu",
    "noRNGplz"
  ],
  "log": "|j|\u2606HyugaAnbu\n|j|\u2606noRNGplz\n|t:|1776350026\n|gametype|doubles\n|player|p1|HyugaAnbu|101|1120\n|player|p2|noRNGplz|102|1124\n|gen|9\n|tier|[Gen 9 Champions] VGC 2026 Reg M-A\n|rated|\n|rule|Species Clause: Limit one of each Pok\u00e9mon\n|rule|Item Clause: Limit 1 of each item\n|clearpoke\n|poke|p1|Kommo-o, L50, M|\n|poke|p1|Gengar, L50, M|\n|poke|p1|Primarina, L50, M|\n|poke|p1|Maushold-Four, L50|\n|poke|p1|Incineroar, L50, M|\n|poke|p1|Sinistcha, L50|\n|poke|p2|Gardevoir, L50, M|\n|poke|p2|Incineroar, L50, M|\n|poke|p2|Sneasler, L50, M|\n|poke|p2|Sinistcha-Masterpiece, L50|\n|poke|p2|Rotom-Wash, L50|\n|poke|p2|Garchomp, L50, M|\n|teampreview|4\n|n|\u2606HyugaAnbu|hyugaanbu\n|n|\u2606HyugaAnbu|hyugaanbu\n|\n|t:|1776350063\n|teamsize|p1|4\n|teamsize|p2|4\n|start\n|switch|p1a: Gengar|Gengar, L50, M|100/100\n|switch|p1b: Maushold|Maushold-Four, L50|100/100\n|switch|p2a: Incineroar|Incineroar, L50, M|100/100\n|switch|p2b: Gardevoir|Gardevoir, L50, M|100/100\n|-ability|p2b: Gardevoir|Cursed Body|Trace|[from] ability: Trace|[of] p1a: Gengar\n|-ability|p2a: Incineroar|Intimidate|boost\n|-unboost|p1a: Gengar|atk|1\n|-unboost|p1b: Maushold|atk|1\n|turn|1\n|inactive|Battle timer is ON: inactive players will automatically lose when time's up. (requested by noRNGplz)\n|\n|t:|1776350080\n|switch|p1b: Sinistcha|Sinistcha, L50|100/100\n|switch|p2b: Garchomp|Garchomp, L50, M|100/100\n|detailschange|p1a: Gengar|Gengar-Mega, L50, M\n|-mega|p1a: Gengar|Gengar|Gengarite\n|move|p1a: Gengar|Perish Song|p1a: Gengar\n|-start|p1a: Gengar|perish3|[silent]\n|-start|p1b: Sinistcha|perish3|[silent]\n|-start|p2a: Incineroar|perish3|[silent]\n|-start|p2b: Garchomp|perish3|[silent]\n|-fieldactivate|move: Perish Song\n|move|p2a: Incineroar|Parting Shot|p1a: Gengar\n|-unboost|p1a: Gengar|atk|1\n|-unboost|p1a: Gengar|spa|1\n|\n|t:|1776350104\n|switch|p2a: Gardevoir|Gardevoir, L50, M|100/100|[from] Parting Shot\n|-ability|p2a: Gardevoir|Hospitality|Trace|[from] ability: Trace|[of] p1b: Sinistcha\n|\n|-start|p2b: Garchomp|perish3\n|-start|p1a: Gengar|perish3\n|-start|p1b: Sinistcha|perish3\n|upkeep\n|turn|2\n|\n|t:|1776350124\n|switch|p1b: Primarina|Primarina, L50, M|100/100\n|detailschange|p2a: Gardevoir|Gardevoir-Mega, L50, M\n|-mega|p2a: Gardevoir|Gardevoir|Gardevoirite\n|move|p1a: Gengar|Protect|p1a: Gengar\n|-singleturn|p1a: Gengar|Protect\n|move|p2b: Garchomp|Rock Slide|p1b: Primarina|[spread] p1b\n|-activate|p1a: Gengar|move: Protect\n|-damage|p1b: Primarina|70/100\n|move|p2a: Gardevoir|Psychic|p1a: Gengar\n|-activate|p1a: Gengar|move: Protect\n|\n|-heal|p1b: Primarina|75/100|[from] item: Leftovers\n|-start|p2b: Garchomp|perish2\n|-start|p1a: Gengar|perish2\n|upkeep\n|turn|3\n|\n|t:|1776350140\n|move|p2b: Garchomp|Rock Slide|p1b: Primarina|[spread] p1a,p1b\n|-damage|p1a: Gengar|82/100\n|-damage|p1b: Primarina|48/100\n|cant|p1a: Gengar|flinch\n|move|p2a: Gardevoir|Psychic|p1a: Gengar\n|-supereffective|p1a: Gengar|1\n|-damage|p1a: Gengar|0 fnt\n|faint|p1a: Gengar\n|cant|p1b: Primarina|flinch\n|\n|-heal|p1b: Primarina|54/100|[from] item: Leftovers\n|-start|p2b: Garchomp|perish1\n|upkeep\n|\n|t:|1776350155\n|switch|p1a: Sinistcha|Sinistcha, L50|100/100\n|-heal|p1b: Primarina|79/100|[from] ability: Hospitality|[of] p1a: Sinistcha\n|turn|4\n|\n|t:|1776350168\n|move|p2b: Garchomp|Rock Slide|p1b: Primarina|[spread] p1a,p1b\n|-damage|p1a: Sinistcha|82/100\n|-damage|p1b: Primarina|48/100\n|move|p2a: Gardevoir|Hyper Voice|p1b: Primarina|[spread] p1a,p1b\n|-crit|p1a: Sinistcha\n|-damage|p1a: Sinistcha|0 fnt\n|-damage|p1b: Primarina|14/100\n|faint|p1a: Sinistcha\n|cant|p1b: Primarina|flinch\n|\n|-heal|p1b: Primarina|20/100|[from] item: Leftovers\n|-start|p2b: Garchomp|perish0\n|upkeep\n|faint|p2b: Garchomp\n|\n|t:|1776350181\n|switch|p2b: Incineroar|Incineroar, L50, M|100/100\n|switch|p1a: Maushold|Maushold-Four, L50|100/100\n|-ability|p2b: Incineroar|Intimidate|boost\n|-unboost|p1a: Maushold|atk|1\n|-unboost|p1b: Primarina|atk|1\n|turn|5\n|\n|t:|1776350188\n|move|p2b: Incineroar|Fake Out|p1a: Maushold\n|-damage|p1a: Maushold|87/100\n|cant|p1a: Maushold|flinch\n|move|p2a: Gardevoir|Hyper Voice|p1b: Primarina|[spread] p1a,p1b\n|-damage|p1a: Maushold|17/100\n|-damage|p1b: Primarina|0 fnt\n|faint|p1b: Primarina\n|\n|upkeep\n|turn|6\n|\n|t:|1776350197\n|move|p2a: Gardevoir|Protect|p2a: Gardevoir\n|-singleturn|p2a: Gardevoir|Protect\n|move|p1a: Maushold|Encore|p2b: Incineroar\n|-start|p2b: Incineroar|Encore\n|move|p2b: Incineroar|Fake Out||[still]\n|-hint|Fake Out only works on your first turn out.\n|-fail|p2b: Incineroar\n|\n|upkeep\n|turn|7\n|\n|t:|1776350209\n|switch|p2a: Sinistcha|Sinistcha-Masterpiece, L50|100/100\n|move|p1a: Maushold|Protect|p1a: Maushold\n|-singleturn|p1a: Maushold|Protect\n|-activate|p2b: Incineroar|move: Struggle\n|move|p2b: Incineroar|Struggle|p1a: Maushold\n|-activate|p1a: Maushold|move: Protect\n|\n|upkeep\n|turn|8\n|\n|t:|1776350222\n|switch|p2b: Gardevoir|Gardevoir-Mega, L50, M|100/100\n|move|p2a: Sinistcha|Rage Powder|p2a: Sinistcha\n|-singleturn|p2a: Sinistcha|move: Rage Powder\n|move|p1a: Maushold|Taunt|p2a: Sinistcha\n|-start|p2a: Sinistcha|move: Taunt\n|\n|upkeep\n|turn|9\n|\n|t:|1776350231\n|switch|p2a: Incineroar|Incineroar, L50, M|100/100\n|-ability|p2a: Incineroar|Intimidate|boost\n|-unboost|p1a: Maushold|atk|1\n|move|p1a: Maushold|Protect|p1a: Maushold\n|-singleturn|p1a: Maushold|Protect\n|move|p2b: Gardevoir|Hyper Voice|p1a: Maushold\n|-activate|p1a: Maushold|move: Protect\n|\n|upkeep\n|turn|10\n|\n|t:|1776350240\n|move|p1a: Maushold|Protect||[still]\n|-fail|p1a: Maushold\n|move|p2a: Incineroar|Fake Out|p1a: Maushold\n|-damage|p1a: Maushold|2/100\n|move|p2b: Gardevoir|Trick Room|p2b: Gardevoir\n|-fieldstart|move: Trick Room|[of] p2b: Gardevoir\n|\n|upkeep\n|turn|11\n|\n|t:|1776350247\n|move|p2a: Incineroar|Parting Shot|p1a: Maushold\n|-unboost|p1a: Maushold|atk|1\n|-unboost|p1a: Maushold|spa|1\n|\n|t:|1776350251\n|switch|p2a: Sinistcha|Sinistcha-Masterpiece, L50|100/100|[from] Parting Shot\n|move|p2b: Gardevoir|Psychic|p1a: Maushold\n|-damage|p1a: Maushold|0 fnt\n|faint|p1a: Maushold\n|\n|win|noRNGplz\n|raw|HyugaAnbu's rating: 1120 &rarr; <strong>1095</strong><br />(-25 for losing)\n|raw|noRNGplz's rating: 1124 &rarr; <strong>1149</strong><br />(+25 for winning)\n",
  "uploadtime": 1776350259,
  "views": 34,
  "formatid": "gen9championsvgc2026regma",
  "rating": 1095,
  "private": 0,
  "password": null
}