{
  "id": "gen9championsvgc2026regma-2583617124",
  "format": "[Gen 9 Champions] VGC 2026 Reg M-A",
  "players": [
    "silvermagicianvgc",
    "Kimiwombat"
  ],
  "log": "|j|\u2606silvermagicianvgc\n|j|\u2606Kimiwombat\n|t:|1776186799\n|gametype|doubles\n|player|p1|silvermagicianvgc|silver|1272\n|player|p2|Kimiwombat|101|1199\n|gen|9\n|tier|[Gen 9 Champions] VGC 2026 Reg M-A\n|rated|\n|rule|Species Clause: Limit one of each Pok\u00e9mon\n|rule|Item Clause: Limit 1 of each item\n|clearpoke\n|poke|p1|Floette-Eternal, L50, F|\n|poke|p1|Garchomp, L50, F|\n|poke|p1|Charizard, L50, M|\n|poke|p1|Incineroar, L50, M|\n|poke|p1|Milotic, L50, F|\n|poke|p1|Sinistcha, L50|\n|poke|p2|Glimmora, L50, M|\n|poke|p2|Whimsicott, L50, M|\n|poke|p2|Garchomp, L50, F|\n|poke|p2|Rotom-Wash, L50|\n|poke|p2|Incineroar, L50, M|\n|poke|p2|Corviknight, L50, F|\n|teampreview|4\n|\n|t:|1776186859\n|teamsize|p1|4\n|teamsize|p2|4\n|start\n|switch|p1a: Garchomp|Garchomp, L50, F|100/100\n|switch|p1b: Milotic|Milotic, L50, F, shiny|100/100\n|switch|p2a: Rotom|Rotom-Wash, L50|100/100\n|switch|p2b: Garchomp|Garchomp, L50, F|100/100\n|turn|1\n|\n|t:|1776186883\n|switch|p1a: Floette|Floette-Eternal, L50, F, shiny|100/100\n|move|p2a: Rotom|Helping Hand|p2b: Garchomp\n|-singleturn|p2b: Garchomp|Helping Hand|[of] p2a: Rotom\n|move|p1b: Milotic|Protect|p1b: Milotic\n|-singleturn|p1b: Milotic|Protect\n|move|p2b: Garchomp|Dragon Claw|p1a: Floette\n|-immune|p1a: Floette\n|\n|upkeep\n|turn|2\n|\n|t:|1776186907\n|switch|p2b: Corviknight|Corviknight, L50, F|100/100\n|detailschange|p1a: Floette|Floette-Mega, L50, F, shiny\n|-mega|p1a: Floette|Floette|Floettite\n|-ability|p1a: Floette|Fairy Aura\n|move|p2a: Rotom|Thunderbolt|p1b: Milotic\n|-supereffective|p1b: Milotic|1\n|-damage|p1b: Milotic|34/100\n|-status|p1b: Milotic|par\n|move|p1a: Floette|Moonblast|p2a: Rotom\n|-damage|p2a: Rotom|0 fnt\n|faint|p2a: Rotom\n|move|p1b: Milotic|Ice Beam|p2b: Corviknight\n|-damage|p2b: Corviknight|77/100\n|\n|-heal|p2b: Corviknight|82/100|[from] item: Leftovers\n|-heal|p1b: Milotic|40/100 par|[from] item: Leftovers\n|upkeep\n|\n|t:|1776186935\n|switch|p2a: Glimmora|Glimmora, L50, M|100/100\n|turn|3\n|\n|t:|1776186952\n|switch|p1a: Garchomp|Garchomp, L50, F|100/100\n|detailschange|p2a: Glimmora|Glimmora-Mega, L50, M\n|-mega|p2a: Glimmora|Glimmora|Glimmoranite\n|move|p1b: Milotic|Protect|p1b: Milotic\n|-singleturn|p1b: Milotic|Protect\n|move|p2a: Glimmora|Sludge Wave|p1b: Milotic|[spread] p1a\n|-activate|p1b: Milotic|move: Protect\n|-immune|p2b: Corviknight\n|-resisted|p1a: Garchomp|1\n|-damage|p1a: Garchomp|66/100\n|move|p2b: Corviknight|Tailwind|p2b: Corviknight\n|-sidestart|p2: Kimiwombat|move: Tailwind\n|\n|-heal|p2b: Corviknight|88/100|[from] item: Leftovers\n|-heal|p1b: Milotic|47/100 par|[from] item: Leftovers\n|upkeep\n|turn|4\n|\n|t:|1776186975\n|switch|p1b: Sinistcha|Sinistcha, L50|100/100\n|-heal|p1a: Garchomp|91/100|[from] ability: Hospitality|[of] p1b: Sinistcha\n|move|p2a: Glimmora|Sludge Wave|p1a: Garchomp|[spread] p1a,p1b\n|-immune|p2b: Corviknight\n|-resisted|p1a: Garchomp|1\n|-damage|p1a: Garchomp|62/100\n|-damage|p1b: Sinistcha|42/100\n|move|p1a: Garchomp|Stomping Tantrum|p2a: Glimmora\n|-supereffective|p2a: Glimmora|2\n|-damage|p2a: Glimmora|0 fnt\n|faint|p2a: Glimmora\n|move|p2b: Corviknight|Brave Bird|p1a: Garchomp\n|-damage|p1a: Garchomp|16/100\n|-damage|p2b: Corviknight|76/100|[from] ability: Rough Skin|[of] p1a: Garchomp\n|-damage|p2b: Corviknight|61/100|[from] Recoil\n|\n|-heal|p2b: Corviknight|67/100|[from] item: Leftovers\n|upkeep\n|\n|t:|1776186992\n|switch|p2a: Garchomp|Garchomp, L50, F|100/100\n|turn|5\n|\n|t:|1776187016\n|move|p1b: Sinistcha|Protect|p1b: Sinistcha\n|-singleturn|p1b: Sinistcha|Protect\n|move|p2a: Garchomp|Earthquake|p1a: Garchomp|[spread] p1a\n|-activate|p1b: Sinistcha|move: Protect\n|-immune|p2b: Corviknight\n|-damage|p1a: Garchomp|0 fnt\n|faint|p1a: Garchomp\n|move|p2b: Corviknight|Brave Bird|p1b: Sinistcha\n|-activate|p1b: Sinistcha|move: Protect\n|\n|-heal|p2b: Corviknight|73/100|[from] item: Leftovers\n|upkeep\n|\n|t:|1776187029\n|switch|p1a: Milotic|Milotic, L50, F, shiny|47/100 par\n|turn|6\n|\n|t:|1776187040\n|move|p2a: Garchomp|Earthquake|p1a: Milotic|[spread] p1a,p1b\n|-immune|p2b: Corviknight\n|-resisted|p1b: Sinistcha|1\n|-damage|p1a: Milotic|3/100 par\n|-damage|p1b: Sinistcha|26/100\n|move|p2b: Corviknight|Brave Bird|p1b: Sinistcha\n|-supereffective|p1b: Sinistcha|1\n|-enditem|p1b: Sinistcha|Coba Berry|[eat]\n|-enditem|p1b: Sinistcha|Coba Berry|[weaken]\n|-damage|p1b: Sinistcha|0 fnt\n|faint|p1b: Sinistcha\n|-damage|p2b: Corviknight|66/100|[from] Recoil\n|move|p1a: Milotic|Ice Beam|p2a: Garchomp\n|-supereffective|p2a: Garchomp|2\n|-damage|p2a: Garchomp|0 fnt\n|faint|p2a: Garchomp\n|\n|-heal|p2b: Corviknight|72/100|[from] item: Leftovers\n|-heal|p1a: Milotic|9/100 par|[from] item: Leftovers\n|-sideend|p2: Kimiwombat|move: Tailwind\n|upkeep\n|\n|t:|1776187056\n|switch|p1b: Floette|Floette-Mega, L50, F, shiny|100/100\n|-ability|p1b: Floette|Fairy Aura\n|turn|7\n|\n|t:|1776187065\n|move|p1b: Floette|Moonblast|p2b: Corviknight\n|-resisted|p2b: Corviknight|1\n|-damage|p2b: Corviknight|39/100\n|move|p2b: Corviknight|Brave Bird|p1b: Floette\n|-damage|p1b: Floette|50/100\n|-damage|p2b: Corviknight|24/100|[from] Recoil\n|move|p1a: Milotic|Scald|p2b: Corviknight\n|-damage|p2b: Corviknight|0 fnt\n|faint|p2b: Corviknight\n|\n|win|silvermagicianvgc\n|raw|silvermagicianvgc's rating: 1272 &rarr; <strong>1292</strong><br />(+20 for winning)\n|raw|Kimiwombat's rating: 1199 &rarr; <strong>1179</strong><br />(-20 for losing)\n",
  "uploadtime": 1776187076,
  "views": 22,
  "formatid": "gen9championsvgc2026regma",
  "rating": 1179,
  "private": 0,
  "password": null
}