{
  "id": "gen9championsvgc2026regma-2584278459",
  "format": "[Gen 9 Champions] VGC 2026 Reg M-A",
  "players": [
    "ohko_muk",
    "emmesg"
  ],
  "log": "|j|\u2606ohko_muk\n|j|\u2606emmesg\n|t:|1776246383\n|gametype|doubles\n|player|p1|ohko_muk|gambler|1465\n|player|p2|emmesg|169|1410\n|gen|9\n|tier|[Gen 9 Champions] VGC 2026 Reg M-A\n|rated|\n|rule|Species Clause: Limit one of each Pok\u00e9mon\n|rule|Item Clause: Limit 1 of each item\n|clearpoke\n|poke|p1|Farigiraf, L50, M|\n|poke|p1|Blastoise, L50, F|\n|poke|p1|Bellibolt, L50, M|\n|poke|p1|Mamoswine, L50, F|\n|poke|p1|Delphox, L50, M|\n|poke|p1|Whimsicott, L50, M|\n|poke|p2|Blastoise, L50, M|\n|poke|p2|Farigiraf, L50, M|\n|poke|p2|Sneasler, L50, M|\n|poke|p2|Sinistcha, L50|\n|poke|p2|Excadrill, L50, M|\n|poke|p2|Talonflame, L50, F|\n|teampreview|4\n|inactive|Battle timer is ON: inactive players will automatically lose when time's up. (requested by ohko_muk)\n|\n|t:|1776246431\n|teamsize|p1|4\n|teamsize|p2|4\n|start\n|switch|p1a: Farigiraf|Farigiraf, L50, M|100/100\n|switch|p1b: Blastoise|Blastoise, L50, F|100/100\n|switch|p2a: Farigiraf|Farigiraf, L50, M|100/100\n|switch|p2b: Blastoise|Blastoise, L50, M|100/100\n|turn|1\n|l|\u2606ohko_muk\n|inactive|ohko_muk disconnected and has a minute to reconnect!\n|player|p1|\n|j|\u2606ohko_muk\n|inactive|ohko_muk reconnected and has 45 seconds left.\n|player|p1|ohko_muk|gambler|\n|inactive|ohko_muk has 30 seconds left.\n|\n|t:|1776246458\n|detailschange|p2b: Blastoise|Blastoise-Mega, L50, M\n|-mega|p2b: Blastoise|Blastoise|Blastoisinite\n|detailschange|p1b: Blastoise|Blastoise-Mega, L50, F\n|-mega|p1b: Blastoise|Blastoise|Blastoisinite\n|move|p2b: Blastoise|Water Spout|p1a: Farigiraf|[spread] p1a,p1b\n|-resisted|p1b: Blastoise|1\n|-damage|p1a: Farigiraf|37/100\n|-damage|p1b: Blastoise|69/100\n|move|p2a: Farigiraf|Hyper Voice|p1a: Farigiraf|[spread] p1a,p1b\n|-damage|p1a: Farigiraf|7/100\n|-damage|p1b: Blastoise|41/100\n|move|p1b: Blastoise|Water Spout|p2b: Blastoise|[spread] p2a,p2b\n|-resisted|p2b: Blastoise|1\n|-damage|p2a: Farigiraf|73/100\n|-damage|p2b: Blastoise|89/100\n|move|p1a: Farigiraf|Hyper Voice|p2b: Blastoise|[spread] p2a,p2b\n|-damage|p2a: Farigiraf|33/100\n|-damage|p2b: Blastoise|54/100\n|\n|upkeep\n|turn|2\n|inactive|emmesg has 30 seconds left.\n|\n|t:|1776246484\n|move|p2b: Blastoise|Water Spout|p1b: Blastoise|[spread] p1a,p1b\n|-resisted|p1b: Blastoise|1\n|-damage|p1a: Farigiraf|0 fnt\n|-damage|p1b: Blastoise|25/100\n|faint|p1a: Farigiraf\n|move|p2a: Farigiraf|Psychic|p1b: Blastoise\n|-damage|p1b: Blastoise|0 fnt\n|faint|p1b: Blastoise\n|\n|upkeep\n|\n|t:|1776246488\n|switch|p1b: Mamoswine|Mamoswine, L50, F|100/100\n|switch|p1a: Bellibolt|Bellibolt, L50, M|100/100\n|turn|3\n|\n|t:|1776246503\n|move|p2b: Blastoise|Protect|p2b: Blastoise\n|-singleturn|p2b: Blastoise|Protect\n|move|p1a: Bellibolt|Protect|p1a: Bellibolt\n|-singleturn|p1a: Bellibolt|Protect\n|move|p1b: Mamoswine|Earthquake|p2a: Farigiraf|[spread] p2a\n|-activate|p1a: Bellibolt|move: Protect\n|-activate|p2b: Blastoise|move: Protect\n|-damage|p2a: Farigiraf|0 fnt\n|faint|p2a: Farigiraf\n|\n|upkeep\n|\n|t:|1776246519\n|switch|p2a: Excadrill|Excadrill, L50, M|100/100\n|-ability|p2a: Excadrill|Mold Breaker\n|turn|4\n|\n|t:|1776246553\n|move|p2a: Excadrill|Protect|p2a: Excadrill\n|-singleturn|p2a: Excadrill|Protect\n|move|p1b: Mamoswine|Protect|p1b: Mamoswine\n|-singleturn|p1b: Mamoswine|Protect\n|move|p2b: Blastoise|Aura Sphere|p1b: Mamoswine\n|-activate|p1b: Mamoswine|move: Protect\n|move|p1a: Bellibolt|Parabolic Charge|p2a: Excadrill|[spread] p2b\n|-activate|p1b: Mamoswine|move: Protect\n|-activate|p2a: Excadrill|move: Protect\n|-supereffective|p2b: Blastoise|1\n|-damage|p2b: Blastoise|9/100\n|\n|upkeep\n|turn|5\n|\n|t:|1776246567\n|move|p1a: Bellibolt|Protect|p1a: Bellibolt\n|-singleturn|p1a: Bellibolt|Protect\n|move|p2a: Excadrill|Iron Head|p1b: Mamoswine\n|-supereffective|p1b: Mamoswine|1\n|-crit|p1b: Mamoswine\n|-enditem|p1b: Mamoswine|Focus Sash\n|-damage|p1b: Mamoswine|1/100\n|move|p1b: Mamoswine|Earthquake|p2b: Blastoise|[spread] p2a,p2b\n|-activate|p1a: Bellibolt|move: Protect\n|-supereffective|p2a: Excadrill|1\n|-enditem|p2a: Excadrill|Focus Sash\n|-damage|p2a: Excadrill|1/100\n|-damage|p2b: Blastoise|0 fnt\n|faint|p2b: Blastoise\n|\n|upkeep\n|\n|t:|1776246577\n|switch|p2b: Sneasler|Sneasler, L50, M|100/100\n|turn|6\n|inactive|emmesg has 30 seconds left.\n|\n|t:|1776246608\n|move|p1b: Mamoswine|Protect|p1b: Mamoswine\n|-singleturn|p1b: Mamoswine|Protect\n|move|p2b: Sneasler|Fake Out|p1b: Mamoswine\n|-activate|p1b: Mamoswine|move: Protect\n|move|p2a: Excadrill|High Horsepower|p1a: Bellibolt\n|-supereffective|p1a: Bellibolt|1\n|-damage|p1a: Bellibolt|12/100\n|-start|p1a: Bellibolt|Charge|High Horsepower|[from] ability: Electromorphosis\n|-enditem|p1a: Bellibolt|Sitrus Berry|[eat]\n|-heal|p1a: Bellibolt|37/100|[from] item: Sitrus Berry\n|move|p1a: Bellibolt|Thunderbolt|p2b: Sneasler\n|-damage|p2b: Sneasler|0 fnt\n|faint|p2b: Sneasler\n|-end|p1a: Bellibolt|Charge|[silent]\n|\n|upkeep\n|turn|7\n|\n|t:|1776246623\n|move|p1b: Mamoswine|Ice Shard|p2a: Excadrill\n|-damage|p2a: Excadrill|0 fnt\n|faint|p2a: Excadrill\n|\n|win|ohko_muk\n|raw|ohko_muk's rating: 1465 &rarr; <strong>1482</strong><br />(+17 for winning)\n|raw|emmesg's rating: 1410 &rarr; <strong>1393</strong><br />(-17 for losing)\n|l|\u2606emmesg\n|player|p2|\n|l|\u2606ohko_muk\n|player|p1|\n|j|\u2606ohko_muk\n|player|p1|ohko_muk|gambler|\n|l|\u2606ohko_muk\n|player|p1|\n|j|\u2606ohko_muk\n|player|p1|ohko_muk|gambler|\n",
  "uploadtime": 1776246991,
  "views": 45,
  "formatid": "gen9championsvgc2026regma",
  "rating": 1393,
  "private": 0,
  "password": null
}