{
  "id": "gen9championsvgc2026regma-2586432919",
  "format": "[Gen 9 Champions] VGC 2026 Reg M-A",
  "players": [
    "eferg0064",
    "Rizalynn"
  ],
  "log": "|j|\u2606eferg0064\n|j|\u2606Rizalynn\n|t:|1776434331\n|gametype|doubles\n|player|p1|eferg0064|n|1133\n|player|p2|Rizalynn|cheryl|1107\n|gen|9\n|tier|[Gen 9 Champions] VGC 2026 Reg M-A\n|rated|\n|rule|Species Clause: Limit one of each Pok\u00e9mon\n|rule|Item Clause: Limit 1 of each item\n|clearpoke\n|poke|p1|Machamp, L50, M|\n|poke|p1|Starmie, L50|\n|poke|p1|Sneasler, L50, M|\n|poke|p1|Rhyperior, L50, M|\n|poke|p1|Alcremie-Rainbow-Swirl, L50, F|\n|poke|p1|Sinistcha-Masterpiece, L50|\n|poke|p2|Aggron, L50, F|\n|poke|p2|Basculegion, L50, M|\n|poke|p2|Pelipper, L50, F|\n|poke|p2|Sinistcha, L50|\n|poke|p2|Incineroar, L50, M|\n|poke|p2|Dragonite, L50, M|\n|teampreview|4\n|inactive|Battle timer is ON: inactive players will automatically lose when time's up. (requested by Rizalynn)\nRizalynn rejected open team sheets.\n|\n|t:|1776434357\n|teamsize|p1|4\n|teamsize|p2|4\n|start\n|switch|p1a: Starmie|Starmie, L50|100/100\n|switch|p1b: Sinistcha|Sinistcha-Masterpiece, L50|100/100\n|switch|p2a: THE WALL|Aggron, L50, F|100/100\n|switch|p2b: Wolfey|Incineroar, L50, M|100/100\n|-ability|p2b: Wolfey|Intimidate|boost\n|-unboost|p1a: Starmie|atk|1\n|-unboost|p1b: Sinistcha|atk|1\n|turn|1\n|inactive|eferg0064 has 30 seconds left.\n|\n|t:|1776434384\n|detailschange|p1a: Starmie|Starmie-Mega, L50\n|-mega|p1a: Starmie|Starmie|Starminite\n|detailschange|p2a: THE WALL|Aggron-Mega, L50, F\n|-mega|p2a: THE WALL|Aggron|Aggronite\n|move|p1b: Sinistcha|Rage Powder|p1b: Sinistcha\n|-singleturn|p1b: Sinistcha|move: Rage Powder\n|move|p1a: Starmie|Scald|p2b: Wolfey\n|-supereffective|p2b: Wolfey|1\n|-damage|p2b: Wolfey|28/100\n|move|p2b: Wolfey|Taunt|p1b: Sinistcha\n|-start|p1b: Sinistcha|move: Taunt\n|move|p2a: THE WALL|Iron Defense|p2a: THE WALL\n|-boost|p2a: THE WALL|def|2\n|\n|upkeep\n|turn|2\n|\n|t:|1776434403\n|switch|p2b: Booze|Sinistcha, L50|100/100\n|move|p1a: Starmie|Scald|p2b: Booze\n|-resisted|p2b: Booze|1\n|-damage|p2b: Booze|81/100\n|-status|p2b: Booze|brn\n|move|p1b: Sinistcha|Matcha Gotcha|p2a: THE WALL|[spread] p2a,p2b\n|-resisted|p2a: THE WALL|1\n|-resisted|p2b: Booze|1\n|-damage|p2a: THE WALL|91/100\n|-damage|p2b: Booze|71/100 brn\n|move|p2a: THE WALL|Iron Defense|p2a: THE WALL\n|-boost|p2a: THE WALL|def|2\n|\n|-damage|p2b: Booze|65/100 brn|[from] brn\n|upkeep\n|turn|3\n|inactive|eferg0064 has 30 seconds left.\n|\n|t:|1776434428\n|switch|p1b: Rhyperior|Rhyperior, L50, M|100/100\n|move|p2b: Booze|Rage Powder|p2b: Booze\n|-singleturn|p2b: Booze|move: Rage Powder\n|move|p1a: Starmie|Skill Swap|p2b: Booze\n|-activate|p1a: Starmie|Skill Swap|Hospitality|Huge Power|[of] p2b: Booze\n|move|p2a: THE WALL|Body Press|p1a: Starmie\n|-resisted|p1a: Starmie|1\n|-damage|p1a: Starmie|38/100\n|\n|-damage|p2b: Booze|59/100 brn|[from] brn\n|upkeep\n|turn|4\n|inactive|eferg0064 has 30 seconds left.\n|\n|t:|1776434455\n|move|p1a: Starmie|Ice Beam|p2b: Booze\n|-supereffective|p2b: Booze|1\n|-damage|p2b: Booze|0 fnt\n|faint|p2b: Booze\n|move|p2a: THE WALL|Body Press|p1a: Starmie\n|-resisted|p1a: Starmie|1\n|-damage|p1a: Starmie|0 fnt\n|faint|p1a: Starmie\n|move|p1b: Rhyperior|Brick Break|p2a: THE WALL\n|-supereffective|p2a: THE WALL|1\n|-damage|p2a: THE WALL|84/100\n|\n|upkeep\n|inactive|Rizalynn has 30 seconds left.\n|\n|t:|1776434482\n|switch|p1a: Machamp|Machamp, L50, M, shiny|100/100\n|switch|p2b: Wolfey|Incineroar, L50, M|28/100\n|-ability|p2b: Wolfey|Intimidate|boost\n|-unboost|p1a: Machamp|atk|1\n|-unboost|p1b: Rhyperior|atk|1\n|turn|5\n|\n|t:|1776434500\n|switch|p2b: Fih|Basculegion, L50, M|100/100\n|move|p1a: Machamp|Dynamic Punch|p2a: THE WALL\n|-supereffective|p2a: THE WALL|1\n|-damage|p2a: THE WALL|73/100\n|-start|p2a: THE WALL|confusion\n|cant|p2a: THE WALL|flinch\n|move|p1b: Rhyperior|Rock Slide|p2b: Fih|[spread] p2a,p2b\n|-resisted|p2a: THE WALL|1\n|-damage|p2a: THE WALL|72/100\n|-damage|p2b: Fih|71/100\n|\n|upkeep\n|turn|6\n|inactive|eferg0064 has 30 seconds left.\n|\n|t:|1776434526\n|move|p2b: Fih|Flip Turn|p1b: Rhyperior\n|-supereffective|p1b: Rhyperior|2\n|-enditem|p1b: Rhyperior|Focus Sash\n|-damage|p1b: Rhyperior|1/100\n|\n|t:|1776434534\n|switch|p2b: Wolfey|Incineroar, L50, M|28/100|[from] Flip Turn\n|-ability|p2b: Wolfey|Intimidate|boost\n|-unboost|p1a: Machamp|atk|1\n|-unboost|p1b: Rhyperior|atk|1\n|move|p1a: Machamp|Stone Edge|p2b: Wolfey\n|-supereffective|p2b: Wolfey|1\n|-crit|p2b: Wolfey\n|-damage|p2b: Wolfey|0 fnt\n|faint|p2b: Wolfey\n|-activate|p2a: THE WALL|confusion\n|move|p2a: THE WALL|Body Press|p1a: Machamp\n|-damage|p1a: Machamp|0 fnt\n|faint|p1a: Machamp\n|move|p1b: Rhyperior|Rock Slide|p2a: THE WALL\n|-resisted|p2a: THE WALL|1\n|-damage|p2a: THE WALL|70/100\n|\n|upkeep\n|\n|t:|1776434552\n|switch|p2b: Fih|Basculegion, L50, M|71/100\n|switch|p1a: Sinistcha|Sinistcha-Masterpiece, L50|100/100\n|-heal|p1b: Rhyperior|26/100|[from] ability: Hospitality|[of] p1a: Sinistcha\n|turn|7\n|\n|t:|1776434566\n|move|p1a: Sinistcha|Rage Powder|p1a: Sinistcha\n|-singleturn|p1a: Sinistcha|move: Rage Powder\n|move|p2b: Fih|Last Respects|p1a: Sinistcha\n|-supereffective|p1a: Sinistcha|1\n|-damage|p1a: Sinistcha|0 fnt\n|faint|p1a: Sinistcha\n|-activate|p2a: THE WALL|confusion\n|-damage|p2a: THE WALL|68/100|[from] confusion\n|move|p1b: Rhyperior|Thunder Punch|p2b: Fih\n|-supereffective|p2b: Fih|1\n|-damage|p2b: Fih|29/100\n|\n|upkeep\n|turn|8\n|\n|t:|1776434579\n|move|p2b: Fih|Flip Turn|p1b: Rhyperior\n|-supereffective|p1b: Rhyperior|2\n|-damage|p1b: Rhyperior|0 fnt\n|faint|p1b: Rhyperior\n|\n|win|Rizalynn\n|raw|eferg0064's rating: 1133 &rarr; <strong>1106</strong><br />(-27 for losing)\n|raw|Rizalynn's rating: 1107 &rarr; <strong>1134</strong><br />(+27 for winning)\n|l|\u2606eferg0064\n|player|p1|\n",
  "uploadtime": 1776434888,
  "views": 21,
  "formatid": "gen9championsvgc2026regma",
  "rating": 1106,
  "private": 0,
  "password": null
}