{
  "id": "gen9championsvgc2026regma-2582755997",
  "format": "[Gen 9 Champions] VGC 2026 Reg M-A",
  "players": [
    "hgtredaews",
    "n8_dawgg"
  ],
  "log": "|j|\u2606hgtredaews\n|j|\u2606n8_dawgg\n|t:|1776111894\n|gametype|doubles\n|player|p1|hgtredaews|102|1126\n|player|p2|n8_dawgg|170|1130\n|gen|9\n|tier|[Gen 9 Champions] VGC 2026 Reg M-A\n|rated|\n|rule|Species Clause: Limit one of each Pok\u00e9mon\n|rule|Item Clause: Limit 1 of each item\n|clearpoke\n|poke|p1|Floette-Eternal, L50, F|\n|poke|p1|Incineroar, L50, M|\n|poke|p1|Sinistcha, L50|\n|poke|p1|Basculegion, L50, M|\n|poke|p1|Corviknight, L50, M|\n|poke|p1|Raichu, L50, F|\n|poke|p2|Alcremie, L50, F|\n|poke|p2|Farigiraf, L50, M|\n|poke|p2|Incineroar, L50, M|\n|poke|p2|Crabominable, L50, M|\n|poke|p2|Delphox, L50, M|\n|poke|p2|Torkoal, L50, F|\n|teampreview|4\n|\n|t:|1776111909\n|teamsize|p1|4\n|teamsize|p2|4\n|start\n|switch|p1a: Incineroar|Incineroar, L50, M|100/100\n|switch|p1b: Basculegion|Basculegion, L50, M|100/100\n|switch|p2a: Alcremie|Alcremie, L50, F|100/100\n|switch|p2b: Incineroar|Incineroar, L50, M|100/100\n|-ability|p1a: Incineroar|Intimidate|boost\n|-unboost|p2a: Alcremie|atk|1\n|-unboost|p2b: Incineroar|atk|1\n|-ability|p2b: Incineroar|Intimidate|boost\n|-unboost|p1a: Incineroar|atk|1\n|-unboost|p1b: Basculegion|atk|1\n|turn|1\n|inactive|Battle timer is ON: inactive players will automatically lose when time's up. (requested by hgtredaews)\n|\n|t:|1776111923\n|move|p2b: Incineroar|Protect|p2b: Incineroar\n|-singleturn|p2b: Incineroar|Protect\n|move|p1a: Incineroar|Fake Out|p2a: Alcremie\n|-damage|p2a: Alcremie|92/100\n|move|p1b: Basculegion|Flip Turn|p2b: Incineroar\n|-activate|p2b: Incineroar|move: Protect\n|cant|p2a: Alcremie|flinch\n|\n|upkeep\n|turn|2\n|inactive|n8_dawgg has 30 seconds left.\n|\n|t:|1776111957\n|move|p1b: Basculegion|Flip Turn|p2b: Incineroar\n|-supereffective|p2b: Incineroar|1\n|-damage|p2b: Incineroar|44/100\n|\n|t:|1776111964\n|switch|p1b: Corviknight|Corviknight, L50, M|100/100|[from] Flip Turn\n|move|p2a: Alcremie|Decorate|p2b: Incineroar\n|-boost|p2b: Incineroar|atk|2\n|-boost|p2b: Incineroar|spa|2\n|move|p1a: Incineroar|Parting Shot|p2b: Incineroar\n|-unboost|p2b: Incineroar|atk|1\n|-unboost|p2b: Incineroar|spa|1\n|\n|t:|1776111974\n|switch|p1a: Floette|Floette-Eternal, L50, F|100/100|[from] Parting Shot\n|move|p2b: Incineroar|Baton Pass|p2b: Incineroar\n|\n|t:|1776111978\n|switch|p2b: Delphox|Delphox, L50, M|100/100|[from] Baton Pass\n|\n|upkeep\n|turn|3\n|\n|t:|1776111995\n|switch|p1b: Incineroar|Incineroar, L50, M|100/100\n|-ability|p1b: Incineroar|Intimidate|boost\n|-unboost|p2a: Alcremie|atk|1\n|-unboost|p2b: Delphox|atk|1\n|switch|p2a: Torkoal|Torkoal, L50, F|100/100\n|-weather|SunnyDay|[from] ability: Drought|[of] p2a: Torkoal\n|detailschange|p2b: Delphox|Delphox-Mega, L50, M\n|-mega|p2b: Delphox|Delphox|Delphoxite\n|move|p1a: Floette|Protect|p1a: Floette\n|-singleturn|p1a: Floette|Protect\n|move|p2b: Delphox|Heat Wave|p1b: Incineroar|[spread] p1b\n|-activate|p1a: Floette|move: Protect\n|-resisted|p1b: Incineroar|1\n|-damage|p1b: Incineroar|61/100\n|\n|-weather|SunnyDay|[upkeep]\n|upkeep\n|turn|4\n|\n|t:|1776112012\n|detailschange|p1a: Floette|Floette-Mega, L50, F\n|-mega|p1a: Floette|Floette|Floettite\n|-ability|p1a: Floette|Fairy Aura\n|move|p2b: Delphox|Protect|p2b: Delphox\n|-singleturn|p2b: Delphox|Protect\n|move|p1b: Incineroar|Fake Out|p2b: Delphox\n|-activate|p2b: Delphox|move: Protect\n|move|p1a: Floette|Calm Mind|p1a: Floette\n|-boost|p1a: Floette|spa|1\n|-boost|p1a: Floette|spd|1\n|move|p2a: Torkoal|Gyro Ball|p1a: Floette\n|-supereffective|p1a: Floette|1\n|-damage|p1a: Floette|62/100\n|\n|-weather|SunnyDay|[upkeep]\n|upkeep\n|turn|5\n|inactive|n8_dawgg has 30 seconds left.\n|inactive|n8_dawgg has 20 seconds left.\n|inactive|n8_dawgg has 15 seconds left.\n|inactive|n8_dawgg has 10 seconds left.\n|\n|t:|1776112061\n|move|p1a: Floette|Protect|p1a: Floette\n|-singleturn|p1a: Floette|Protect\n|move|p2b: Delphox|Dazzling Gleam|p1a: Floette|[spread] p1b\n|-activate|p1a: Floette|move: Protect\n|-damage|p1b: Incineroar|25/100\n|move|p1b: Incineroar|Throat Chop|p2b: Delphox\n|-supereffective|p2b: Delphox|1\n|-damage|p2b: Delphox|0 fnt\n|faint|p2b: Delphox\n|move|p2a: Torkoal|Gyro Ball|p1a: Floette\n|-activate|p1a: Floette|move: Protect\n|\n|-weather|SunnyDay|[upkeep]\n|upkeep\n|\n|t:|1776112071\n|switch|p2b: Incineroar|Incineroar, L50, M|44/100\n|-ability|p2b: Incineroar|Intimidate|boost\n|-unboost|p1a: Floette|atk|1\n|-unboost|p1b: Incineroar|atk|1\n|turn|6\n|\n|t:|1776112077\n|move|p2b: Incineroar|Fake Out|p1a: Floette\n|-damage|p1a: Floette|50/100\n|cant|p1a: Floette|flinch\n|move|p1b: Incineroar|Parting Shot|p2a: Torkoal\n|-unboost|p2a: Torkoal|atk|1\n|-unboost|p2a: Torkoal|spa|1\n|\n|t:|1776112084\n|switch|p1b: Basculegion|Basculegion, L50, M|100/100|[from] Parting Shot\n|move|p2a: Torkoal|Eruption|p1a: Floette|[spread] p1a,p1b\n|-resisted|p1b: Basculegion|1\n|-damage|p1a: Floette|23/100\n|-damage|p1b: Basculegion|69/100\n|\n|-weather|SunnyDay|[upkeep]\n|upkeep\n|turn|7\n|\n|t:|1776112098\n|move|p1b: Basculegion|Wave Crash|p2b: Incineroar\n|-supereffective|p2b: Incineroar|1\n|-damage|p2b: Incineroar|0 fnt\n|faint|p2b: Incineroar\n|-damage|p1b: Basculegion|54/100|[from] Recoil\n|move|p1a: Floette|Draining Kiss|p2a: Torkoal\n|-resisted|p2a: Torkoal|1\n|-damage|p2a: Torkoal|65/100\n|-heal|p1a: Floette|53/100|[from] drain|[of] p2a: Torkoal\n|move|p2a: Torkoal|Gyro Ball|p1a: Floette\n|-supereffective|p1a: Floette|1\n|-damage|p1a: Floette|28/100\n|\n|-weather|none\n|upkeep\n|\n|t:|1776112108\n|switch|p2b: Alcremie|Alcremie, L50, F|92/100\n|turn|8\n|\n|t:|1776112120\n|move|p2a: Torkoal|Protect|p2a: Torkoal\n|-singleturn|p2a: Torkoal|Protect\n|move|p1b: Basculegion|Wave Crash|p2a: Torkoal\n|-activate|p2a: Torkoal|move: Protect\n|move|p1a: Floette|Draining Kiss|p2b: Alcremie\n|-damage|p2b: Alcremie|50/100\n|-heal|p1a: Floette|62/100|[from] drain|[of] p2b: Alcremie\n|move|p2b: Alcremie|Decorate|p2a: Torkoal\n|-boost|p2a: Torkoal|atk|2\n|-boost|p2a: Torkoal|spa|2\n|\n|upkeep\n|turn|9\n|\n|t:|1776112133\n|move|p2a: Torkoal|Protect||[still]\n|-fail|p2a: Torkoal\n|move|p1b: Basculegion|Wave Crash|p2a: Torkoal\n|-supereffective|p2a: Torkoal|1\n|-damage|p2a: Torkoal|0 fnt\n|faint|p2a: Torkoal\n|-damage|p1b: Basculegion|35/100|[from] Recoil\n|move|p1a: Floette|Draining Kiss|p2b: Alcremie\n|-damage|p2b: Alcremie|7/100\n|-heal|p1a: Floette|97/100|[from] drain|[of] p2b: Alcremie\n|move|p2b: Alcremie|Draining Kiss|p1b: Basculegion\n|-damage|p1b: Basculegion|7/100\n|-heal|p2b: Alcremie|31/100|[from] drain|[of] p1b: Basculegion\n|\n|upkeep\n|turn|10\n|\n|t:|1776112146\n|move|p1b: Basculegion|Wave Crash|p2b: Alcremie\n|-damage|p2b: Alcremie|0 fnt\n|faint|p2b: Alcremie\n|-damage|p1b: Basculegion|0 fnt|[from] Recoil\n|faint|p1b: Basculegion\n|\n|win|hgtredaews\n|raw|hgtredaews's rating: 1126 &rarr; <strong>1151</strong><br />(+25 for winning)\n|raw|n8_dawgg's rating: 1130 &rarr; <strong>1105</strong><br />(-25 for losing)\n",
  "uploadtime": 1776112151,
  "views": 26,
  "formatid": "gen9championsvgc2026regma",
  "rating": 1105,
  "private": 0,
  "password": null
}