{
  "id": "gen9championsvgc2026regma-2587616591",
  "format": "[Gen 9 Champions] VGC 2026 Reg M-A",
  "players": [
    "uhhncertain",
    "Pokeventurer"
  ],
  "log": "|j|\u2606uhhncertain\n|j|\u2606Pokeventurer\n|t:|1776547301\n|gametype|doubles\n|player|p1|uhhncertain|plasmagrunt|1489\n|player|p2|Pokeventurer|170|1503\n|gen|9\n|tier|[Gen 9 Champions] VGC 2026 Reg M-A\n|rated|\n|rule|Species Clause: Limit one of each Pok\u00e9mon\n|rule|Item Clause: Limit 1 of each item\n|clearpoke\n|poke|p1|Kingambit, L50, F, shiny|\n|poke|p1|Blastoise, L50, M|\n|poke|p1|Sinistcha, L50|\n|poke|p1|Farigiraf, L50, M|\n|poke|p1|Pelipper, L50, F|\n|poke|p1|Gallade, L50, M|\n|poke|p2|Talonflame, L50, F|\n|poke|p2|Kingambit, L50, F|\n|poke|p2|Garchomp, L50, F|\n|poke|p2|Basculegion, L50, M|\n|poke|p2|Floette-Eternal, L50, F|\n|poke|p2|Pelipper, L50, M|\n|teampreview|4\n|inactive|Battle timer is ON: inactive players will automatically lose when time's up. (requested by Pokeventurer)\n|j| harugasumi\n|inactive|uhhncertain has 60 seconds left.\n|\n|t:|1776547345\n|teamsize|p1|4\n|teamsize|p2|4\n|start\n|switch|p1a: Blastoise|Blastoise, L50, M|100/100\n|switch|p1b: Farigiraf|Farigiraf, L50, M|100/100\n|switch|p2a: Floette|Floette-Eternal, L50, F|100/100\n|switch|p2b: Basculegion|Basculegion, L50, M|100/100\n|turn|1\n|\n|t:|1776547357\n|detailschange|p2a: Floette|Floette-Mega, L50, F\n|-mega|p2a: Floette|Floette|Floettite\n|-ability|p2a: Floette|Fairy Aura\n|detailschange|p1a: Blastoise|Blastoise-Mega, L50, M\n|-mega|p1a: Blastoise|Blastoise|Blastoisinite\n|move|p1a: Blastoise|Fake Out|p2a: Floette\n|-damage|p2a: Floette|92/100\n|move|p2b: Basculegion|Wave Crash|p1b: Farigiraf\n|-damage|p1b: Farigiraf|43/100\n|-enditem|p1b: Farigiraf|Sitrus Berry|[eat]\n|-heal|p1b: Farigiraf|68/100|[from] item: Sitrus Berry\n|-damage|p2b: Basculegion|79/100|[from] Recoil\n|cant|p2a: Floette|flinch\n|move|p1b: Farigiraf|Trick Room|p1b: Farigiraf\n|-fieldstart|move: Trick Room|[of] p1b: Farigiraf\n|\n|upkeep\n|turn|2\n|\n|t:|1776547372\n|switch|p1b: Kingambit|Kingambit, L50, F, shiny|100/100\n|switch|p2b: Kingambit|Kingambit, L50, F|100/100\n|move|p1a: Blastoise|Dark Pulse|p2b: Kingambit\n|-resisted|p2b: Kingambit|1\n|-damage|p2b: Kingambit|79/100\n|move|p2a: Floette|Moonblast|p1b: Kingambit\n|-damage|p1b: Kingambit|28/100\n|-unboost|p1b: Kingambit|spa|1\n|-ability|p1b: Kingambit|Defiant|boost\n|-boost|p1b: Kingambit|atk|2\n|\n|upkeep\n|turn|3\n|\n|t:|1776547388\n|switch|p1a: Sinistcha|Sinistcha, L50|100/100\n|-heal|p1b: Kingambit|53/100|[from] ability: Hospitality|[of] p1a: Sinistcha\n|move|p2b: Kingambit|Sucker Punch|p1b: Kingambit\n|-resisted|p1b: Kingambit|1\n|-damage|p1b: Kingambit|38/100\n|move|p1b: Kingambit|Kowtow Cleave|p2b: Kingambit\n|-resisted|p2b: Kingambit|1\n|-damage|p2b: Kingambit|38/100\n|move|p2a: Floette|Dazzling Gleam|p1b: Kingambit|[spread] p1a,p1b\n|-damage|p1a: Sinistcha|56/100\n|-damage|p1b: Kingambit|0 fnt\n|faint|p1b: Kingambit\n|\n|upkeep\n|\n|t:|1776547398\n|switch|p1b: Blastoise|Blastoise-Mega, L50, M|100/100\n|turn|4\n|\n|t:|1776547403\n|move|p2b: Kingambit|Protect|p2b: Kingambit\n|-singleturn|p2b: Kingambit|Protect\n|move|p2a: Floette|Protect|p2a: Floette\n|-singleturn|p2a: Floette|Protect\n|move|p1a: Sinistcha|Rage Powder|p1a: Sinistcha\n|-singleturn|p1a: Sinistcha|move: Rage Powder\n|move|p1b: Blastoise|Water Spout|p2b: Kingambit|[spread] \n|-activate|p2a: Floette|move: Protect\n|-activate|p2b: Kingambit|move: Protect\n|\n|upkeep\n|turn|5\n|\n|t:|1776547423\n|switch|p2b: Basculegion|Basculegion, L50, M|79/100\n|move|p1a: Sinistcha|Rage Powder|p1a: Sinistcha\n|-singleturn|p1a: Sinistcha|move: Rage Powder\n|move|p1b: Blastoise|Water Spout|p2b: Basculegion|[spread] p2a,p2b\n|-resisted|p2b: Basculegion|1\n|-damage|p2a: Floette|47/100\n|-damage|p2b: Basculegion|44/100\n|move|p2a: Floette|Dazzling Gleam|p1a: Sinistcha|[spread] p1a,p1b\n|-damage|p1a: Sinistcha|13/100\n|-damage|p1b: Blastoise|59/100\n|\n|-fieldend|move: Trick Room\n|upkeep\n|turn|6\n|\n|t:|1776547445\n|switch|p1a: Farigiraf|Farigiraf, L50, M|68/100\n|move|p2b: Basculegion|Last Respects|p1a: Farigiraf\n|-immune|p1a: Farigiraf\n|move|p2a: Floette|Moonblast|p1b: Blastoise\n|-damage|p1b: Blastoise|0 fnt\n|faint|p1b: Blastoise\n|\n|upkeep\n|\n|t:|1776547448\n|switch|p1b: Sinistcha|Sinistcha, L50|13/100\n|-heal|p1a: Farigiraf|92/100|[from] ability: Hospitality|[of] p1b: Sinistcha\n|turn|7\n|j| 1#MiraidonHater\n|\n|t:|1776547458\n|move|p2b: Basculegion|Last Respects|p1b: Sinistcha\n|-supereffective|p1b: Sinistcha|1\n|-damage|p1b: Sinistcha|0 fnt\n|faint|p1b: Sinistcha\n|move|p2a: Floette|Moonblast|p1a: Farigiraf\n|-damage|p1a: Farigiraf|18/100\n|move|p1a: Farigiraf|Psychic|p2a: Floette\n|-damage|p2a: Floette|21/100\n|\n|upkeep\n|turn|8\n|-message|uhhncertain forfeited.\n|\n|win|Pokeventurer\n|raw|uhhncertain's rating: 1489 &rarr; <strong>1470</strong><br />(-19 for losing)\n|raw|Pokeventurer's rating: 1503 &rarr; <strong>1522</strong><br />(+19 for winning)\n|l|\u2606Pokeventurer\n|player|p2|\n",
  "uploadtime": 1776547452,
  "views": 21,
  "formatid": "gen9championsvgc2026regma",
  "rating": 1470,
  "private": 0,
  "password": null
}