{
  "id": "gen9championsvgc2026regma-2581106652",
  "format": "[Gen 9 Champions] VGC 2026 Reg M-A",
  "players": [
    "Kailzer",
    "Bman311"
  ],
  "log": "|j|\u2606Kailzer\n|j|\u2606Bman311\n|t:|1775960472\n|gametype|doubles\n|player|p1|Kailzer|morty|1298\n|player|p2|Bman311|266|1352\n|gen|9\n|tier|[Gen 9 Champions] VGC 2026 Reg M-A\n|rated|\n|rule|Species Clause: Limit one of each Pok\u00e9mon\n|rule|Item Clause: Limit 1 of each item\n|clearpoke\n|poke|p1|Sinistcha-Masterpiece, L50|\n|poke|p1|Tyranitar, L50, M|\n|poke|p1|Aerodactyl, L50, F|\n|poke|p1|Sneasler, L50, F|\n|poke|p1|Rotom-Wash, L50|\n|poke|p1|Sylveon, L50, M|\n|poke|p2|Gengar, L50, F|\n|poke|p2|Incineroar, L50, F|\n|poke|p2|Sinistcha, L50|\n|poke|p2|Politoed, L50, M|\n|poke|p2|Archaludon, L50, M|\n|poke|p2|Sneasler, L50, M|\n|teampreview|4\n|inactive|Battle timer is ON: inactive players will automatically lose when time's up. (requested by Bman311)\n|inactive|Kailzer has 60 seconds left.\n|\n|t:|1775960514\n|teamsize|p1|4\n|teamsize|p2|4\n|start\n|switch|p1a: Aerodactyl|Aerodactyl, L50, F|100/100\n|switch|p1b: Sneasler|Sneasler, L50, F|100/100\n|switch|p2a: Gengar|Gengar, L50, F|100/100\n|switch|p2b: Sneasler|Sneasler, L50, M|100/100\n|-ability|p1a: Aerodactyl|Unnerve\n|turn|1\n|\n|t:|1775960526\n|detailschange|p2a: Gengar|Gengar-Mega, L50, F\n|-mega|p2a: Gengar|Gengar|Gengarite\n|move|p1a: Aerodactyl|Protect|p1a: Aerodactyl\n|-singleturn|p1a: Aerodactyl|Protect\n|move|p1b: Sneasler|Fake Out|p2b: Sneasler\n|-damage|p2b: Sneasler|75/100\n|cant|p2b: Sneasler|flinch\n|move|p2a: Gengar|Perish Song|p2a: Gengar\n|-start|p1a: Aerodactyl|perish3|[silent]\n|-start|p1b: Sneasler|perish3|[silent]\n|-start|p2a: Gengar|perish3|[silent]\n|-start|p2b: Sneasler|perish3|[silent]\n|-fieldactivate|move: Perish Song\n|\n|-start|p1a: Aerodactyl|perish3\n|-start|p2a: Gengar|perish3\n|-start|p1b: Sneasler|perish3\n|-start|p2b: Sneasler|perish3\n|upkeep\n|turn|2\n|\n|t:|1775960545\n|switch|p2b: Archaludon|Archaludon, L50, M|100/100\n|move|p2a: Gengar|Protect|p2a: Gengar\n|-singleturn|p2a: Gengar|Protect\n|move|p1a: Aerodactyl|Tailwind|p1a: Aerodactyl\n|-sidestart|p1: Kailzer|move: Tailwind\n|move|p1b: Sneasler|Dire Claw|p2a: Gengar\n|-activate|p2a: Gengar|move: Protect\n|\n|-start|p1a: Aerodactyl|perish2\n|-start|p1b: Sneasler|perish2\n|-start|p2a: Gengar|perish2\n|upkeep\n|turn|3\n|\n|t:|1775960562\n|move|p2b: Archaludon|Protect|p2b: Archaludon\n|-singleturn|p2b: Archaludon|Protect\n|move|p1a: Aerodactyl|Rock Slide|p2b: Archaludon|[spread] p2a\n|-activate|p2b: Archaludon|move: Protect\n|-damage|p2a: Gengar|64/100\n|move|p1b: Sneasler|Close Combat|p2b: Archaludon\n|-activate|p2b: Archaludon|move: Protect\n|cant|p2a: Gengar|flinch\n|\n|-start|p1a: Aerodactyl|perish1\n|-start|p1b: Sneasler|perish1\n|-start|p2a: Gengar|perish1\n|upkeep\n|turn|4\n|\n|t:|1775960581\n|switch|p2a: Politoed|Politoed, L50, M|100/100\n|-weather|RainDance|[from] ability: Drizzle|[of] p2a: Politoed\n|switch|p2b: Sneasler|Sneasler, L50, M|75/100\n|move|p1a: Aerodactyl|Rock Slide|p2b: Sneasler|[spread] p2a,p2b\n|-resisted|p2b: Sneasler|1\n|-damage|p2a: Politoed|79/100\n|-damage|p2b: Sneasler|54/100\n|move|p1b: Sneasler|Close Combat|p2b: Sneasler\n|-resisted|p2b: Sneasler|1\n|-damage|p2b: Sneasler|0 fnt\n|-unboost|p1b: Sneasler|def|1\n|-unboost|p1b: Sneasler|spd|1\n|faint|p2b: Sneasler\n|-enditem|p1b: Sneasler|White Herb\n|-clearnegativeboost|p1b: Sneasler|[silent]\n|\n|-weather|RainDance|[upkeep]\n|-heal|p2a: Politoed|85/100|[from] item: Leftovers\n|-start|p1b: Sneasler|perish0\n|-start|p1a: Aerodactyl|perish0\n|faint|p1b: Sneasler\n|faint|p1a: Aerodactyl\n|upkeep\n|\n|t:|1775960595\n|switch|p1a: Sylveon|Sylveon, L50, M|100/100\n|switch|p1b: Tyranitar|Tyranitar, L50, M|100/100\n|switch|p2b: Gengar|Gengar-Mega, L50, F|64/100\n|-weather|Sandstorm|[from] ability: Sand Stream|[of] p1b: Tyranitar\n|turn|5\n|\n|t:|1775960604\n|switch|p2a: Archaludon|Archaludon, L50, M|100/100\n|detailschange|p1b: Tyranitar|Tyranitar-Mega, L50, M\n|-mega|p1b: Tyranitar|Tyranitar|Tyranitarite\n|move|p1b: Tyranitar|Knock Off|p2b: Gengar\n|-supereffective|p2b: Gengar|1\n|-damage|p2b: Gengar|0 fnt\n|faint|p2b: Gengar\n|move|p1a: Sylveon|Hyper Voice|p2a: Archaludon\n|-damage|p2a: Archaludon|32/100\n|-ability|p2a: Archaludon|Stamina|boost\n|-boost|p2a: Archaludon|def|1\n|\n|-weather|Sandstorm|[upkeep]\n|-damage|p1a: Sylveon|95/100|[from] Sandstorm\n|-sideend|p1: Kailzer|move: Tailwind\n|upkeep\n|\n|t:|1775960607\n|switch|p2b: Politoed|Politoed, L50, M|85/100\n|-weather|RainDance|[from] ability: Drizzle|[of] p2b: Politoed\n|turn|6\n|\n|t:|1775960620\n|move|p2a: Archaludon|Protect|p2a: Archaludon\n|-singleturn|p2a: Archaludon|Protect\n|move|p1b: Tyranitar|Knock Off|p2b: Politoed\n|-damage|p2b: Politoed|22/100\n|-enditem|p2b: Politoed|Leftovers|[from] move: Knock Off|[of] p1b: Tyranitar\n|move|p1a: Sylveon|Hyper Voice|p2a: Archaludon|[spread] p2b\n|-activate|p2a: Archaludon|move: Protect\n|-damage|p2b: Politoed|0 fnt\n|faint|p2b: Politoed\n|\n|-weather|RainDance|[upkeep]\n|upkeep\n|turn|7\n|j| gE1xjZRtuhW2DdT0AK\n|\n|t:|1775960629\n|move|p1b: Tyranitar|Knock Off|p2a: Archaludon\n|-damage|p2a: Archaludon|0 fnt\n|-enditem|p2a: Archaludon|Chople Berry|[from] move: Knock Off|[of] p1b: Tyranitar\n|faint|p2a: Archaludon\n|\n|win|Kailzer\n|raw|Kailzer's rating: 1298 &rarr; <strong>1327</strong><br />(+29 for winning)\n|raw|Bman311's rating: 1352 &rarr; <strong>1329</strong><br />(-23 for losing)\n|l|\u2606Kailzer\n|player|p1|\n",
  "uploadtime": 1775960651,
  "views": 23,
  "formatid": "gen9championsvgc2026regma",
  "rating": 1327,
  "private": 0,
  "password": null
}