{
  "id": "gen9championsvgc2026regma-2589550373",
  "format": "[Gen 9 Champions] VGC 2026 Reg M-A",
  "players": [
    "duvay",
    "Ranger_Tricks"
  ],
  "log": "|j|\u2606duvay\n|j|\u2606Ranger_Tricks\n|t:|1776733268\n|gametype|doubles\n|player|p1|duvay|102|1149\n|player|p2|Ranger_Tricks|gambler|1057\n|gen|9\n|tier|[Gen 9 Champions] VGC 2026 Reg M-A\n|rated|\n|rule|Species Clause: Limit one of each Pok\u00e9mon\n|rule|Item Clause: Limit 1 of each item\n|clearpoke\n|poke|p1|Tyrantrum, L50, M|\n|poke|p1|Talonflame, L50, M|\n|poke|p1|Sinistcha, L50|\n|poke|p1|Milotic, L50, M|\n|poke|p1|Gardevoir, L50, F|\n|poke|p1|Sneasler, L50, M|\n|poke|p2|Meowstic, L50, M|\n|poke|p2|Alakazam, L50, M|\n|poke|p2|Reuniclus, L50, F, shiny|\n|poke|p2|Gallade, L50, M|\n|poke|p2|Feraligatr, L50, M|\n|poke|p2|Pelipper, L50, F|\n|teampreview|4\n|inactive|Battle timer is ON: inactive players will automatically lose when time's up. (requested by duvay)\nduvay rejected open team sheets.\n|\n|t:|1776733297\n|teamsize|p1|4\n|teamsize|p2|4\n|start\n|switch|p1a: Tyrantrum|Tyrantrum, L50, M|100/100\n|switch|p1b: Sneasler|Sneasler, L50, M|100/100\n|switch|p2a: Dynamics|Meowstic, L50, M|100/100\n|switch|p2b: Chords|Alakazam, L50, M|100/100\n|turn|1\n|\n|t:|1776733317\n|detailschange|p2b: Chords|Alakazam-Mega, L50, M\n|-mega|p2b: Chords|Alakazam|Alakazite\n|-ability|p2b: Chords|Poison Touch|Trace|[from] ability: Trace|[of] p1b: Sneasler\n|move|p2a: Dynamics|Protect|p2a: Dynamics\n|-singleturn|p2a: Dynamics|Protect\n|move|p2b: Chords|Protect|p2b: Chords\n|-singleturn|p2b: Chords|Protect\n|move|p1b: Sneasler|Fake Out|p2a: Dynamics\n|-activate|p2a: Dynamics|move: Protect\n|move|p1a: Tyrantrum|Head Smash|p2b: Chords\n|-activate|p2b: Chords|move: Protect\n|\n|upkeep\n|turn|2\n|\n|t:|1776733339\n|switch|p1b: Sinistcha|Sinistcha, L50|100/100\n|move|p2a: Dynamics|Psychic Terrain|p2a: Dynamics\n|-fieldstart|move: Psychic Terrain\n|move|p2b: Chords|Expanding Force|p1b: Sinistcha|[spread] p1a,p1b\n|-damage|p1a: Tyrantrum|0 fnt\n|-damage|p1b: Sinistcha|18/100\n|-enditem|p1b: Sinistcha|Sitrus Berry|[eat]\n|-heal|p1b: Sinistcha|43/100|[from] item: Sitrus Berry\n|faint|p1a: Tyrantrum\n|\n|upkeep\n|\n|t:|1776733346\n|switch|p1a: Gardevoir|Gardevoir, L50, F|100/100\n|-ability|p1a: Gardevoir|Prankster|Trace|[from] ability: Trace|[of] p2a: Dynamics\n|turn|3\n|inactive|Ranger_Tricks has 30 seconds left.\n|\n|t:|1776733376\n|switch|p2a: Crescendo|Pelipper, L50, F|100/100\n|-weather|RainDance|[from] ability: Drizzle|[of] p2a: Crescendo\n|switch|p1b: Sneasler|Sneasler, L50, M|100/100\n|detailschange|p1a: Gardevoir|Gardevoir-Mega, L50, F\n|-mega|p1a: Gardevoir|Gardevoir|Gardevoirite\n|move|p2b: Chords|Protect|p2b: Chords\n|-singleturn|p2b: Chords|Protect\n|move|p1a: Gardevoir|Trick Room|p1a: Gardevoir\n|-fieldstart|move: Trick Room|[of] p1a: Gardevoir\n|\n|-weather|RainDance|[upkeep]\n|upkeep\n|turn|4\n|inactive|Ranger_Tricks has 30 seconds left.\n|\n|t:|1776733404\n|switch|p2b: Rhythm|Gallade, L50, M|100/100\n|move|p2a: Crescendo|Hurricane|p1b: Sneasler\n|-supereffective|p1b: Sneasler|1\n|-enditem|p1b: Sneasler|Focus Sash\n|-damage|p1b: Sneasler|1/100\n|-start|p1b: Sneasler|confusion\n|move|p1a: Gardevoir|Hyper Voice|p2a: Crescendo|[spread] p2a,p2b\n|-supereffective|p2b: Rhythm|1\n|-damage|p2a: Crescendo|20/100\n|-damage|p2b: Rhythm|1/100\n|-activate|p1b: Sneasler|confusion\n|-damage|p1b: Sneasler|0 fnt|[from] confusion\n|faint|p1b: Sneasler\n|\n|-weather|RainDance|[upkeep]\n|upkeep\n|\n|t:|1776733416\n|switch|p1b: Sinistcha|Sinistcha, L50|43/100\n|turn|5\n|\n|t:|1776733439\n|move|p2b: Rhythm|Wide Guard|p2b: Rhythm\n|-singleturn|p2b: Rhythm|Wide Guard\n|move|p2a: Crescendo|Tailwind|p2a: Crescendo\n|-sidestart|p2: Ranger_Tricks|move: Tailwind\n|move|p1b: Sinistcha|Trick Room|p1b: Sinistcha\n|-fieldend|move: Trick Room\n|move|p1a: Gardevoir|Trick Room|p1a: Gardevoir\n|-fieldstart|move: Trick Room|[of] p1a: Gardevoir\n|\n|-weather|RainDance|[upkeep]\n|upkeep\n|turn|6\n|inactive|Ranger_Tricks has 30 seconds left.\n|inactive|Ranger_Tricks has 20 seconds left.\n|\n|t:|1776733474\n|move|p2b: Rhythm|Wide Guard|p2b: Rhythm\n|-singleturn|p2b: Rhythm|Wide Guard\n|move|p1b: Sinistcha|Shadow Ball|p2b: Rhythm\n|-supereffective|p2b: Rhythm|1\n|-damage|p2b: Rhythm|0 fnt\n|faint|p2b: Rhythm\n|move|p1a: Gardevoir|Psychic|p2a: Crescendo\n|-damage|p2a: Crescendo|0 fnt\n|faint|p2a: Crescendo\n|\n|-weather|RainDance|[upkeep]\n|-fieldend|move: Psychic Terrain\n|upkeep\n|\n|t:|1776733485\n|switch|p2a: Dynamics|Meowstic, L50, M|100/100\n|switch|p2b: Chords|Alakazam-Mega, L50, M|100/100\n|-ability|p2b: Chords|Hospitality|Trace|[from] ability: Trace|[of] p1b: Sinistcha\n|turn|7\n|\n|t:|1776733505\n|move|p2a: Dynamics|Fake Out|p1a: Gardevoir\n|-damage|p1a: Gardevoir|94/100\n|move|p1b: Sinistcha|Shadow Ball|p2a: Dynamics\n|-supereffective|p2a: Dynamics|1\n|-damage|p2a: Dynamics|23/100\n|cant|p1a: Gardevoir|flinch\n|move|p2b: Chords|Expanding Force|p1b: Sinistcha\n|-damage|p1b: Sinistcha|0 fnt\n|faint|p1b: Sinistcha\n|\n|-weather|none\n|upkeep\n|turn|8\n|\n|t:|1776733523\n|move|p2a: Dynamics|Psychic Terrain|p2a: Dynamics\n|-fieldstart|move: Psychic Terrain\n|move|p1a: Gardevoir|Hyper Voice|p2b: Chords|[spread] p2a,p2b\n|-damage|p2a: Dynamics|0 fnt\n|-damage|p2b: Chords|30/100\n|faint|p2a: Dynamics\n|move|p2b: Chords|Expanding Force|p1a: Gardevoir\n|-resisted|p1a: Gardevoir|1\n|-damage|p1a: Gardevoir|49/100\n|\n|-sideend|p2: Ranger_Tricks|move: Tailwind\n|upkeep\n|turn|9\n|\n|t:|1776733539\n|move|p2b: Chords|Protect|p2b: Chords\n|-singleturn|p2b: Chords|Protect\n|move|p1a: Gardevoir|Hyper Voice|p2b: Chords\n|-activate|p2b: Chords|move: Protect\n|\n|-fieldend|move: Trick Room\n|upkeep\n|turn|10\n|\n|t:|1776733548\n|move|p1a: Gardevoir|Protect|p1a: Gardevoir\n|-singleturn|p1a: Gardevoir|Protect\n|move|p2b: Chords|Shadow Ball|p1a: Gardevoir\n|-activate|p1a: Gardevoir|move: Protect\n|\n|upkeep\n|turn|11\n|\n|t:|1776733566\n|move|p1a: Gardevoir|Protect||[still]\n|-fail|p1a: Gardevoir\n|move|p2b: Chords|Shadow Ball|p1a: Gardevoir\n|-supereffective|p1a: Gardevoir|1\n|-damage|p1a: Gardevoir|0 fnt\n|faint|p1a: Gardevoir\n|\n|win|Ranger_Tricks\n|raw|duvay's rating: 1149 &rarr; <strong>1118</strong><br />(-31 for losing)\n|raw|Ranger_Tricks's rating: 1057 &rarr; <strong>1097</strong><br />(+40 for winning)\n|c|\u2606Ranger_Tricks|gg\n|c|\u2606duvay|ggs\n|c|\u2606Ranger_Tricks|the trick room almost got me\n|c|\u2606Ranger_Tricks|i had imprison reuniclus but he never came :pensive:\n",
  "uploadtime": 1776733571,
  "views": 8,
  "formatid": "gen9championsvgc2026regma",
  "rating": 1097,
  "private": 0,
  "password": null
}