{
  "id": "gen9championsvgc2026regma-2580408517",
  "format": "[Gen 9 Champions] VGC 2026 Reg M-A",
  "players": [
    "TorkoalWQuickclaw",
    "noobtoilet1040"
  ],
  "log": "|j|\u2606TorkoalWQuickclaw\n|j|\u2606noobtoilet1040\n|t:|1775892008\n|gametype|doubles\n|player|p1|TorkoalWQuickclaw|169|1107\n|player|p2|noobtoilet1040|barry|1128\n|gen|9\n|tier|[Gen 9 Champions] VGC 2026 Reg M-A\n|rated|\n|rule|Species Clause: Limit one of each Pok\u00e9mon\n|rule|Item Clause: Limit 1 of each item\n|clearpoke\n|poke|p1|Floette-Eternal, L50, F|\n|poke|p1|Maushold, L50|\n|poke|p1|Garchomp, L50, M|\n|poke|p1|Talonflame, L50, M|\n|poke|p1|Rotom-Wash, L50|\n|poke|p1|Aegislash, L50, M|\n|poke|p2|Vaporeon, L50, M|\n|poke|p2|Jolteon, L50, F|\n|poke|p2|Flareon, L50, M|\n|poke|p2|Espeon, L50, F|\n|poke|p2|Umbreon, L50, F|\n|poke|p2|Sylveon, L50, F|\n|teampreview|4\nTorkoalWQuickclaw has agreed to open team sheets.\n|\n|t:|1775892036\n|teamsize|p1|4\n|teamsize|p2|4\n|start\n|switch|p1a: Floette|Floette-Eternal, L50, F|100/100\n|switch|p1b: Maushold|Maushold, L50|100/100\n|switch|p2a: Jolteon|Jolteon, L50, F|100/100\n|switch|p2b: Sylveon|Sylveon, L50, F|100/100\n|turn|1\n|\n|t:|1775892043\n|detailschange|p1a: Floette|Floette-Mega, L50, F\n|-mega|p1a: Floette|Floette|Floettite\n|-ability|p1a: Floette|Fairy Aura\n|move|p1b: Maushold|Follow Me|p1b: Maushold\n|-singleturn|p1b: Maushold|move: Follow Me\n|move|p2a: Jolteon|Fake Tears|p1b: Maushold\n|-unboost|p1b: Maushold|spd|2\n|move|p1a: Floette|Calm Mind|p1a: Floette\n|-boost|p1a: Floette|spa|1\n|-boost|p1a: Floette|spd|1\n|move|p2b: Sylveon|Hyper Voice|p1a: Floette|[spread] p1a,p1b\n|-damage|p1a: Floette|78/100\n|-enditem|p1b: Maushold|Focus Sash\n|-damage|p1b: Maushold|1/100\n|\n|upkeep\n|turn|2\n|\n|t:|1775892077\n|move|p1a: Floette|Protect|p1a: Floette\n|-singleturn|p1a: Floette|Protect\n|move|p2b: Sylveon|Quick Attack|p1b: Maushold\n|-damage|p1b: Maushold|0 fnt\n|faint|p1b: Maushold\n|move|p2a: Jolteon|Thunder Wave|p1a: Floette\n|-activate|p1a: Floette|move: Protect\n|\n|upkeep\n|\n|t:|1775892080\n|switch|p1b: Talonflame|Talonflame, L50, M|100/100\n|turn|3\n|\n|t:|1775892085\n|move|p1b: Talonflame|Tailwind|p1b: Talonflame\n|-sidestart|p1: TorkoalWQuickclaw|move: Tailwind\n|move|p1a: Floette|Dazzling Gleam|p2b: Sylveon|[spread] p2a,p2b\n|-enditem|p2a: Jolteon|Focus Sash\n|-damage|p2a: Jolteon|1/100\n|-damage|p2b: Sylveon|50/100\n|move|p2a: Jolteon|Fake Tears|p1a: Floette\n|-unboost|p1a: Floette|spd|2\n|move|p2b: Sylveon|Hyper Voice|p1b: Talonflame|[spread] p1a,p1b\n|-resisted|p1b: Talonflame|1\n|-damage|p1a: Floette|19/100\n|-damage|p1b: Talonflame|51/100\n|\n|upkeep\n|turn|4\n|\n|t:|1775892098\n|move|p2b: Sylveon|Quick Attack|p1a: Floette\n|-damage|p1a: Floette|0 fnt\n|faint|p1a: Floette\n|move|p1b: Talonflame|Acrobatics|p2b: Sylveon\n|-damage|p2b: Sylveon|0 fnt\n|faint|p2b: Sylveon\n|move|p2a: Jolteon|Thunderbolt|p1b: Talonflame\n|-supereffective|p1b: Talonflame|1\n|-damage|p1b: Talonflame|0 fnt\n|faint|p1b: Talonflame\n|\n|upkeep\n|\n|t:|1775892104\n|switch|p1b: Garchomp|Garchomp, L50, M|100/100\n|switch|p2b: Umbreon|Umbreon, L50, F|100/100\n|turn|5\n|\n|t:|1775892110\n|move|p1b: Garchomp|Earthquake|p2a: Jolteon|[spread] p2a,p2b\n|-supereffective|p2a: Jolteon|1\n|-damage|p2a: Jolteon|0 fnt\n|-damage|p2b: Umbreon|75/100\n|faint|p2a: Jolteon\n|move|p2b: Umbreon|Yawn|p1b: Garchomp\n|-start|p1b: Garchomp|move: Yawn|[of] p2b: Umbreon\n|\n|-heal|p2b: Umbreon|81/100|[from] item: Leftovers\n|upkeep\n|\n|t:|1775892112\n|switch|p2a: Vaporeon|Vaporeon, L50, M|100/100\n|turn|6\n|-message|TorkoalWQuickclaw forfeited.\n|\n|win|noobtoilet1040\n|raw|TorkoalWQuickclaw's rating: 1107 &rarr; <strong>1084</strong><br />(-23 for losing)\n|raw|noobtoilet1040's rating: 1128 &rarr; <strong>1151</strong><br />(+23 for winning)\n|l|\u2606TorkoalWQuickclaw\n|player|p1|\n",
  "uploadtime": 1775892119,
  "views": 22,
  "formatid": "gen9championsvgc2026regma",
  "rating": 1084,
  "private": 0,
  "password": null
}