{
  "id": "gen9championsvgc2026regma-2582552153",
  "format": "[Gen 9 Champions] VGC 2026 Reg M-A",
  "players": [
    "mmmjam",
    "gallade2712"
  ],
  "log": "|j|\u2606mmmjam\n|j|\u2606gallade2712\n|t:|1776098897\n|gametype|doubles\n|player|p1|mmmjam|102|1176\n|player|p2|gallade2712|roughneck|1134\n|gen|9\n|tier|[Gen 9 Champions] VGC 2026 Reg M-A\n|rated|\n|rule|Species Clause: Limit one of each Pok\u00e9mon\n|rule|Item Clause: Limit 1 of each item\n|clearpoke\n|poke|p1|Meganium, L50, F|\n|poke|p1|Politoed, L50, F|\n|poke|p1|Basculegion, L50, M|\n|poke|p1|Archaludon, L50, M|\n|poke|p1|Sneasler, L50, F|\n|poke|p1|Talonflame, L50, F|\n|poke|p2|Golurk, L50|\n|poke|p2|Oranguru, L50, F|\n|poke|p2|Torkoal, L50, F|\n|poke|p2|Venusaur, L50, F|\n|poke|p2|Incineroar, L50, M|\n|poke|p2|Charizard, L50, M|\n|teampreview|4\n|\n|t:|1776098957\n|teamsize|p1|4\n|teamsize|p2|4\n|start\n|switch|p1a: Sneasler|Sneasler, L50, F|100/100\n|switch|p1b: Talonflame|Talonflame, L50, F, shiny|100/100\n|switch|p2a: Golurk|Golurk, L50, shiny|100/100\n|switch|p2b: Oranguru|Oranguru, L50, F|100/100\n|turn|1\n|\n|t:|1776098978\n|detailschange|p2a: Golurk|Golurk-Mega, L50, shiny\n|-mega|p2a: Golurk|Golurk|Golurkite\n|move|p1b: Talonflame|Brave Bird|p2b: Oranguru\n|-damage|p2b: Oranguru|51/100\n|-damage|p1b: Talonflame|80/100|[from] Recoil\n|move|p1a: Sneasler|Close Combat|p2b: Oranguru\n|-damage|p2b: Oranguru|0 fnt\n|-unboost|p1a: Sneasler|def|1\n|-unboost|p1a: Sneasler|spd|1\n|faint|p2b: Oranguru\n|-enditem|p1a: Sneasler|White Herb\n|-clearnegativeboost|p1a: Sneasler|[silent]\n|move|p2a: Golurk|Headlong Rush|p1a: Sneasler\n|-supereffective|p1a: Sneasler|1\n|-damage|p1a: Sneasler|0 fnt\n|-unboost|p2a: Golurk|def|1\n|-unboost|p2a: Golurk|spd|1\n|faint|p1a: Sneasler\n|\n|upkeep\n|\n|t:|1776098998\n|switch|p1a: Basculegion|Basculegion, L50, M|100/100\n|switch|p2b: Torkoal|Torkoal, L50, F|100/100\n|-weather|SunnyDay|[from] ability: Drought|[of] p2b: Torkoal\n|turn|2\n|\n|t:|1776099025\n|move|p2b: Torkoal|Protect|p2b: Torkoal\n|-singleturn|p2b: Torkoal|Protect\n|move|p1a: Basculegion|Flip Turn|p2a: Golurk\n|-supereffective|p2a: Golurk|1\n|-damage|p2a: Golurk|52/100\n|\n|t:|1776099031\n|switch|p1a: Politoed|Politoed, L50, F|100/100|[from] Flip Turn\n|-weather|RainDance|[from] ability: Drizzle|[of] p1a: Politoed\n|move|p1b: Talonflame|Rain Dance||[still]\n|-fail|p1b: Talonflame\n|move|p2a: Golurk|Poltergeist|p1a: Politoed\n|-activate|p1a: Politoed|move: Poltergeist|Sitrus Berry\n|-damage|p1a: Politoed|38/100\n|-enditem|p1a: Politoed|Sitrus Berry|[eat]\n|-heal|p1a: Politoed|62/100|[from] item: Sitrus Berry\n|\n|-weather|RainDance|[upkeep]\n|upkeep\n|turn|3\n|\n|t:|1776099047\n|switch|p2b: Incineroar|Incineroar, L50, M|100/100\n|-ability|p2b: Incineroar|Intimidate|boost\n|-unboost|p1a: Politoed|atk|1\n|-unboost|p1b: Talonflame|atk|1\n|move|p2a: Golurk|Protect|p2a: Golurk\n|-singleturn|p2a: Golurk|Protect\n|move|p1b: Talonflame|Tailwind|p1b: Talonflame\n|-sidestart|p1: mmmjam|move: Tailwind\n|move|p1a: Politoed|Weather Ball|p2a: Golurk\n|-activate|p2a: Golurk|move: Protect\n|\n|-weather|RainDance|[upkeep]\n|upkeep\n|turn|4\n|\n|t:|1776099104\n|switch|p1a: Basculegion|Basculegion, L50, M|100/100\n|switch|p2a: Torkoal|Torkoal, L50, F|100/100\n|-weather|SunnyDay|[from] ability: Drought|[of] p2a: Torkoal\n|move|p2b: Incineroar|Fake Out|p1a: Basculegion\n|-immune|p1a: Basculegion\n|move|p1b: Talonflame|Rain Dance|p1b: Talonflame\n|-weather|RainDance\n|\n|-weather|RainDance|[upkeep]\n|upkeep\n|turn|5\n|\n|t:|1776099139\n|move|p1a: Basculegion|Wave Crash|p2b: Incineroar\n|-supereffective|p2b: Incineroar|1\n|-damage|p2b: Incineroar|0 fnt\n|faint|p2b: Incineroar\n|-damage|p1a: Basculegion|66/100|[from] Recoil\n|move|p1b: Talonflame|Brave Bird|p2a: Torkoal\n|-damage|p2a: Torkoal|77/100\n|-damage|p1b: Talonflame|72/100|[from] Recoil\n|move|p2a: Torkoal|Eruption|p1b: Talonflame|[spread] p1a,p1b\n|-resisted|p1a: Basculegion|1\n|-resisted|p1b: Talonflame|1\n|-damage|p1a: Basculegion|55/100\n|-damage|p1b: Talonflame|55/100\n|\n|-weather|RainDance|[upkeep]\n|upkeep\n|\n|t:|1776099146\n|switch|p2b: Golurk|Golurk-Mega, L50, shiny|52/100\n|turn|6\n|\n|t:|1776099163\n|move|p1a: Basculegion|Wave Crash|p2b: Golurk\n|-supereffective|p2b: Golurk|1\n|-damage|p2b: Golurk|0 fnt\n|faint|p2b: Golurk\n|-damage|p1a: Basculegion|38/100|[from] Recoil\n|move|p1b: Talonflame|Brave Bird|p2a: Torkoal\n|-damage|p2a: Torkoal|52/100\n|-damage|p1b: Talonflame|47/100|[from] Recoil\n|move|p2a: Torkoal|Overheat|p1a: Basculegion\n|-resisted|p1a: Basculegion|1\n|-damage|p1a: Basculegion|20/100\n|-unboost|p2a: Torkoal|spa|2\n|\n|-weather|RainDance|[upkeep]\n|-sideend|p1: mmmjam|move: Tailwind\n|upkeep\n|turn|7\n|\n|t:|1776099181\n|move|p1a: Basculegion|Wave Crash|p2a: Torkoal\n|-supereffective|p2a: Torkoal|1\n|-damage|p2a: Torkoal|0 fnt\n|faint|p2a: Torkoal\n|-damage|p1a: Basculegion|7/100|[from] Recoil\n|\n|win|mmmjam\n|raw|mmmjam's rating: 1176 &rarr; <strong>1198</strong><br />(+22 for winning)\n|raw|gallade2712's rating: 1134 &rarr; <strong>1112</strong><br />(-22 for losing)\n|l|\u2606gallade2712\n|player|p2|\n",
  "uploadtime": 1776099192,
  "views": 24,
  "formatid": "gen9championsvgc2026regma",
  "rating": 1112,
  "private": 0,
  "password": null
}