{
  "id": "gen9championsvgc2026regma-2585040446",
  "format": "[Gen 9 Champions] VGC 2026 Reg M-A",
  "players": [
    "mightybeans",
    "ShaggyMetagross"
  ],
  "log": "|j|\u2606mightybeans\n|j|\u2606ShaggyMetagross\n|t:|1776305866\n|gametype|doubles\n|player|p1|mightybeans|101|1148\n|player|p2|ShaggyMetagross|cyrus|1133\n|gen|9\n|tier|[Gen 9 Champions] VGC 2026 Reg M-A\n|rated|\n|rule|Species Clause: Limit one of each Pok\u00e9mon\n|rule|Item Clause: Limit 1 of each item\n|clearpoke\n|poke|p1|Scovillain, L50, F|\n|poke|p1|Politoed, L50, M|\n|poke|p1|Basculegion, L50, M|\n|poke|p1|Alakazam, L50, M|\n|poke|p1|Garganacl, L50, M|\n|poke|p1|Dragonite, L50, M|\n|poke|p2|Pelipper, L50, F|\n|poke|p2|Basculegion-F, L50, F|\n|poke|p2|Scizor, L50, M|\n|poke|p2|Sinistcha, L50|\n|poke|p2|Sneasler, L50, M|\n|poke|p2|Rhyperior, L50, M|\n|teampreview|4\n|\n|t:|1776305931\n|teamsize|p1|4\n|teamsize|p2|4\n|start\n|switch|p1a: Alakazam|Alakazam, L50, M|100/100\n|switch|p1b: Garganacl|Garganacl, L50, M|100/100\n|switch|p2a: Basculegion|Basculegion-F, L50, F|100/100\n|switch|p2b: Rhyperior|Rhyperior, L50, M|100/100\n|turn|1\n|\n|t:|1776305966\n|switch|p2b: Pelipper|Pelipper, L50, F, shiny|100/100\n|-weather|RainDance|[from] ability: Drizzle|[of] p2b: Pelipper\n|move|p1a: Alakazam|Light Screen|p1a: Alakazam\n|-sidestart|p1: mightybeans|move: Light Screen\n|move|p2a: Basculegion|Muddy Water|p1b: Garganacl|[spread] p1a,p1b\n|-supereffective|p1b: Garganacl|1\n|-damage|p1a: Alakazam|37/100\n|-damage|p1b: Garganacl|31/100\n|move|p1b: Garganacl|Salt Cure|p2b: Pelipper\n|-supereffective|p2b: Pelipper|1\n|-damage|p2b: Pelipper|61/100\n|-start|p2b: Pelipper|Salt Cure\n|\n|-weather|RainDance|[upkeep]\n|-heal|p1b: Garganacl|37/100|[from] item: Leftovers\n|-damage|p2b: Pelipper|49/100|[from] Salt Cure\n|upkeep\n|turn|2\n|\n|t:|1776305986\n|move|p1b: Garganacl|Wide Guard|p1b: Garganacl\n|-singleturn|p1b: Garganacl|Wide Guard\n|move|p1a: Alakazam|Psychic|p2a: Basculegion\n|-damage|p2a: Basculegion|46/100\n|move|p2b: Pelipper|Tailwind|p2b: Pelipper\n|-sidestart|p2: ShaggyMetagross|move: Tailwind\n|move|p2a: Basculegion|Muddy Water|p1a: Alakazam|[spread] \n|-activate|p1a: Alakazam|move: Wide Guard\n|-activate|p1b: Garganacl|move: Wide Guard\n|\n|-weather|RainDance|[upkeep]\n|-heal|p1b: Garganacl|43/100|[from] item: Leftovers\n|-damage|p2b: Pelipper|36/100|[from] Salt Cure\n|upkeep\n|turn|3\n|\n|t:|1776306015\n|move|p1b: Garganacl|Wide Guard|p1b: Garganacl\n|-singleturn|p1b: Garganacl|Wide Guard\n|move|p2b: Pelipper|Weather Ball|p1b: Garganacl\n|-supereffective|p1b: Garganacl|1\n|-damage|p1b: Garganacl|0 fnt\n|faint|p1b: Garganacl\n|move|p2a: Basculegion|Shadow Ball|p1a: Alakazam\n|-supereffective|p1a: Alakazam|1\n|-damage|p1a: Alakazam|0 fnt\n|faint|p1a: Alakazam\n|\n|-weather|RainDance|[upkeep]\n|-damage|p2b: Pelipper|24/100|[from] Salt Cure\n|upkeep\n|\n|t:|1776306025\n|switch|p1a: Basculegion|Basculegion, L50, M|100/100\n|switch|p1b: Scovillain|Scovillain, L50, F|100/100\n|turn|4\n|\n|t:|1776306038\n|detailschange|p1b: Scovillain|Scovillain-Mega, L50, F\n|-mega|p1b: Scovillain|Scovillain|Scovillainite\n|move|p1a: Basculegion|Protect|p1a: Basculegion\n|-singleturn|p1a: Basculegion|Protect\n|move|p1b: Scovillain|Protect|p1b: Scovillain\n|-singleturn|p1b: Scovillain|Protect\n|move|p2b: Pelipper|Hurricane|p1b: Scovillain\n|-activate|p1b: Scovillain|move: Protect\n|move|p2a: Basculegion|Shadow Ball|p1a: Basculegion\n|-activate|p1a: Basculegion|move: Protect\n|\n|-weather|RainDance|[upkeep]\n|-damage|p2b: Pelipper|11/100|[from] Salt Cure\n|upkeep\n|turn|5\n|\n|t:|1776306062\n|move|p1b: Scovillain|Rage Powder|p1b: Scovillain\n|-singleturn|p1b: Scovillain|move: Rage Powder\n|move|p1a: Basculegion|Last Respects|p2a: Basculegion\n|-supereffective|p2a: Basculegion|1\n|-damage|p2a: Basculegion|0 fnt\n|faint|p2a: Basculegion\n|move|p2b: Pelipper|Hurricane|p1b: Scovillain\n|-supereffective|p1b: Scovillain|1\n|-damage|p1b: Scovillain|35/100\n|-status|p2b: Pelipper|brn|[from] ability: Spicy Spray|[of] p1b: Scovillain\n|\n|-weather|none\n|-damage|p2b: Pelipper|6/100 brn|[from] brn\n|-damage|p2b: Pelipper|0 fnt|[from] Salt Cure\n|faint|p2b: Pelipper\n|-sideend|p1: mightybeans|move: Light Screen\n|-sideend|p2: ShaggyMetagross|move: Tailwind\n|upkeep\n|\n|t:|1776306079\n|switch|p2b: Scizor|Scizor, L50, M|100/100\n|switch|p2a: Rhyperior|Rhyperior, L50, M|100/100\n|turn|6\n|\n|t:|1776306098\n|detailschange|p2b: Scizor|Scizor-Mega, L50, M\n|-mega|p2b: Scizor|Scizor|Scizorite\n|move|p2a: Rhyperior|Protect|p2a: Rhyperior\n|-singleturn|p2a: Rhyperior|Protect\n|move|p1a: Basculegion|Flip Turn|p2a: Rhyperior\n|-activate|p2a: Rhyperior|move: Protect\n|move|p2b: Scizor|Dual Wingbeat|p1b: Scovillain\n|-supereffective|p1b: Scovillain|1\n|-damage|p1b: Scovillain|0 fnt\n|-status|p2b: Scizor|brn|[from] ability: Spicy Spray|[of] p1b: Scovillain\n|faint|p1b: Scovillain\n|-hitcount|p1: Scovillain|1\n|\n|-damage|p2b: Scizor|94/100 brn|[from] brn\n|upkeep\n|turn|7\n|\n|t:|1776306128\n|move|p1a: Basculegion|Wave Crash|p2a: Rhyperior\n|-supereffective|p2a: Rhyperior|2\n|-damage|p2a: Rhyperior|0 fnt\n|faint|p2a: Rhyperior\n|-damage|p1a: Basculegion|63/100|[from] Recoil\n|move|p2b: Scizor|Dual Wingbeat|p1a: Basculegion\n|-damage|p1a: Basculegion|48/100\n|-damage|p1a: Basculegion|31/100\n|-hitcount|p1a: Basculegion|2\n|\n|-damage|p2b: Scizor|88/100 brn|[from] brn\n|upkeep\n|turn|8\n|\n|t:|1776306141\n|move|p1a: Basculegion|Protect|p1a: Basculegion\n|-singleturn|p1a: Basculegion|Protect\n|move|p2b: Scizor|Protect||[still]\n|-fail|p2b: Scizor\n|\n|-damage|p2b: Scizor|82/100 brn|[from] brn\n|upkeep\n|turn|9\n|\n|t:|1776306152\n|move|p1a: Basculegion|Wave Crash|p2b: Scizor\n|-damage|p2b: Scizor|29/100 brn\n|-damage|p1a: Basculegion|16/100|[from] Recoil\n|move|p2b: Scizor|Dual Wingbeat|p1a: Basculegion\n|-damage|p1a: Basculegion|0 fnt\n|faint|p1a: Basculegion\n|-hitcount|p1: Basculegion|1\n|\n|win|ShaggyMetagross\n|raw|mightybeans's rating: 1148 &rarr; <strong>1122</strong><br />(-26 for losing)\n|raw|ShaggyMetagross's rating: 1133 &rarr; <strong>1159</strong><br />(+26 for winning)\n|l|\u2606mightybeans\n|player|p1|\n",
  "uploadtime": 1776306171,
  "views": 26,
  "formatid": "gen9championsvgc2026regma",
  "rating": 1122,
  "private": 0,
  "password": null
}