{
  "id": "gen9championsvgc2026regma-2582701039",
  "format": "[Gen 9 Champions] VGC 2026 Reg M-A",
  "players": [
    "EDJPP",
    "Kamusito98"
  ],
  "log": "|j|\u2606EDJPP\n|j|\u2606Kamusito98\n|html|<table width=\"100%\"><tr><td align=\"left\">EDJPP</td><td align=\"right\">Kamusito98</tr><tr><td align=\"left\"><i class=\"fa fa-circle\"></i> <i class=\"fa fa-circle-o\"></i> </td><td align=\"right\"><i class=\"fa fa-circle-o\"></i> <i class=\"fa fa-circle-o\"></i> </tr></table>\n|uhtml|bestof|<h2><strong>Game 2</strong> of <a href=\"/game-bestof3-gen9championsvgc2026regma-2582697008\">a best-of-3</a></h2>\n|t:|1776108214\n|gametype|doubles\n|player|p1|EDJPP|volkner|\n|player|p2|Kamusito98|101|\n|gen|9\n|tier|[Gen 9 Champions] VGC 2026 Reg M-A\n|rated|Tournament battle\n|rule|Species Clause: Limit one of each Pok\u00e9mon\n|rule|Item Clause: Limit 1 of each item\n|raw|<div class=\"infobox\"><details class=\"readmore\" open><summary><strong>2 custom rules:</strong></summary> Force Open Team Sheets, Best of = 3</details></div>\n|clearpoke\n|poke|p1|Garchomp, L50, F|\n|poke|p1|Tyranitar, L50, M|\n|poke|p1|Blastoise, L50, F|\n|poke|p1|Volcarona, L50, F|\n|poke|p1|Araquanid, L50, M|\n|poke|p1|Farigiraf, L50, M|\n|poke|p2|Golurk, L50|\n|poke|p2|Farigiraf, L50, F|\n|poke|p2|Tyranitar, L50, F|\n|poke|p2|Milotic, L50, F|\n|poke|p2|Conkeldurr, L50, M|\n|poke|p2|Kingambit, L50, F|\n|teampreview|4\n|showteam|p1|Garchomp||Garchompite|SandVeil|SwordsDance,ScaleShot,Earthquake,Protect|||F|||50|]Tyranitar||Tyranitarite|SandStream|RockSlide,Crunch,IronHead,Protect|||M|||50|]Blastoise||Blastoisinite|Torrent|WaterSpout,MuddyWater,FakeOut,Protect|||F|||50|]Volcarona||SitrusBerry|FlameBody|RagePowder,StruggleBug,Tailwind,FieryDance|||F|||50|]Araquanid||MysticWater|WaterBubble|Liquidation,LeechLife,WideGuard,Trailblaze|||M|||50|]Farigiraf||FocusSash|ArmorTail|HyperVoice,Psychic,DazzlingGleam,TrickRoom|||M|||50|\n|showteam|p2|Golurk||Golurkite|NoGuard|Poltergeist,HeavySlam,HeadlongRush,Protect||||||50|]Farigiraf||MentalHerb|ArmorTail|TrickRoom,HyperVoice,Protect,Psychic|||F|||50|]Tyranitar||ChopleBerry|SandStream|LowKick,RockSlide,IcePunch,Protect|||F|||50|]Milotic||Leftovers|Competitive|Waterfall,IceBeam,Coil,Hypnosis|||F|||50|]Conkeldurr||BlackBelt|SheerForce|Superpower,MachPunch,PoisonJab,Protect|||M|||50|]Kingambit||KingsRock|Defiant|IronHead,KowtowCleave,LowKick,Protect|||F|||50|\n|inactive|Battle timer is ON: inactive players will automatically lose when time's up. (requested by EDJPP)\n|\n|t:|1776108238\n|teamsize|p1|4\n|teamsize|p2|4\n|start\n|switch|p1a: Volcarona|Volcarona, L50, F|100/100\n|switch|p1b: Araquanid|Araquanid, L50, M, shiny|100/100\n|switch|p2a: Farigiraf|Farigiraf, L50, F|100/100\n|switch|p2b: Milotic|Milotic, L50, F|100/100\n|turn|1\n|inactive|EDJPP has 30 seconds left.\n|inactive|EDJPP has 20 seconds left.\n|inactive|EDJPP has 15 seconds left.\n|inactive|EDJPP has 10 seconds left.\n|inactive|EDJPP has 5 seconds left.\n|\n|t:|1776108293\n|move|p1a: Volcarona|Rage Powder|p1a: Volcarona\n|-singleturn|p1a: Volcarona|move: Rage Powder\n|move|p2b: Milotic|Coil|p2b: Milotic\n|-boost|p2b: Milotic|atk|1\n|-boost|p2b: Milotic|def|1\n|-boost|p2b: Milotic|accuracy|1\n|move|p1b: Araquanid|Liquidation|p2b: Milotic\n|-resisted|p2b: Milotic|1\n|-crit|p2b: Milotic\n|-damage|p2b: Milotic|41/100\n|move|p2a: Farigiraf|Trick Room|p2a: Farigiraf\n|-fieldstart|move: Trick Room|[of] p2a: Farigiraf\n|\n|-heal|p2b: Milotic|47/100|[from] item: Leftovers\n|upkeep\n|turn|2\n|j|@Radio Free C-Side\n|inactive|Kamusito98 has 30 seconds left.\n|\n|t:|1776108322\n|move|p1b: Araquanid|Trailblaze|p2b: Milotic\n|-supereffective|p2b: Milotic|1\n|-damage|p2b: Milotic|27/100\n|-boost|p1b: Araquanid|spe|1\n|move|p2a: Farigiraf|Hyper Voice|p1b: Araquanid|[spread] p1a,p1b\n|-damage|p1a: Volcarona|77/100\n|-damage|p1b: Araquanid|72/100\n|move|p2b: Milotic|Waterfall|p1a: Volcarona\n|-supereffective|p1a: Volcarona|1\n|-damage|p1a: Volcarona|21/100\n|-enditem|p1a: Volcarona|Sitrus Berry|[eat]\n|-heal|p1a: Volcarona|46/100|[from] item: Sitrus Berry\n|move|p1a: Volcarona|Fiery Dance|p2a: Farigiraf\n|-damage|p2a: Farigiraf|69/100\n|\n|-heal|p2b: Milotic|33/100|[from] item: Leftovers\n|upkeep\n|turn|3\n|l|@Radio Free C-Side\n|\n|t:|1776108346\n|move|p2a: Farigiraf|Psychic|p1b: Araquanid\n|-damage|p1b: Araquanid|36/100\n|move|p2b: Milotic|Coil|p2b: Milotic\n|-boost|p2b: Milotic|atk|1\n|-boost|p2b: Milotic|def|1\n|-boost|p2b: Milotic|accuracy|1\n|move|p1b: Araquanid|Liquidation|p2b: Milotic\n|-resisted|p2b: Milotic|1\n|-damage|p2b: Milotic|12/100\n|move|p1a: Volcarona|Fiery Dance|p2a: Farigiraf\n|-damage|p2a: Farigiraf|34/100\n|-boost|p1a: Volcarona|spa|1\n|\n|-heal|p2b: Milotic|18/100|[from] item: Leftovers\n|upkeep\n|turn|4\n|\n|t:|1776108380\n|switch|p1b: Tyranitar|Tyranitar, L50, M, shiny|100/100\n|-weather|Sandstorm|[from] ability: Sand Stream|[of] p1b: Tyranitar\n|move|p2a: Farigiraf|Psychic|p1b: Tyranitar\n|-immune|p1b: Tyranitar\n|move|p2b: Milotic|Hypnosis|p1b: Tyranitar\n|-status|p1b: Tyranitar|slp|[from] move: Hypnosis\n|move|p1a: Volcarona|Struggle Bug|p2b: Milotic|[spread] p2a,p2b\n|-supereffective|p2a: Farigiraf|1\n|-damage|p2a: Farigiraf|0 fnt\n|-damage|p2b: Milotic|2/100\n|-unboost|p2b: Milotic|spa|1\n|-ability|p2b: Milotic|Competitive|boost\n|-boost|p2b: Milotic|spa|2\n|faint|p2a: Farigiraf\n|\n|-weather|Sandstorm|[upkeep]\n|-damage|p2b: Milotic|0 fnt|[from] Sandstorm\n|-damage|p1a: Volcarona|40/100|[from] Sandstorm\n|faint|p2b: Milotic\n|upkeep\n|\n|t:|1776108389\n|switch|p2a: Tyranitar|Tyranitar, L50, F|100/100\n|switch|p2b: Golurk|Golurk, L50, shiny|100/100\n|turn|5\n|inactive|EDJPP has 30 seconds left.\n|inactive|Kamusito98 has 30 seconds left.\n|inactive|EDJPP has 20 seconds left.\n|inactive|EDJPP has 15 seconds left.\n|\n|t:|1776108432\n|switch|p1b: Araquanid|Araquanid, L50, M, shiny|36/100\n|detailschange|p2b: Golurk|Golurk-Mega, L50, shiny\n|-mega|p2b: Golurk|Golurk|Golurkite\n|move|p2a: Tyranitar|Rock Slide|p1a: Volcarona|[spread] p1a\n|-miss|p2a: Tyranitar|p1b: Araquanid\n|-supereffective|p1a: Volcarona|2\n|-damage|p1a: Volcarona|0 fnt\n|faint|p1a: Volcarona\n|move|p2b: Golurk|Headlong Rush|p1b: Araquanid\n|-resisted|p1b: Araquanid|1\n|-damage|p1b: Araquanid|0 fnt\n|-unboost|p2b: Golurk|def|1\n|-unboost|p2b: Golurk|spd|1\n|faint|p1b: Araquanid\n|\n|-weather|Sandstorm|[upkeep]\n|-fieldend|move: Trick Room\n|upkeep\n|\n|t:|1776108436\n|switch|p1a: Garchomp|Garchomp, L50, F|100/100\n|switch|p1b: Tyranitar|Tyranitar, L50, M, shiny|100/100 slp\n|turn|6\n|inactive|EDJPP has 30 seconds left.\n|\n|t:|1776108463\n|move|p1a: Garchomp|Protect|p1a: Garchomp\n|-singleturn|p1a: Garchomp|Protect\n|move|p2b: Golurk|Protect|p2b: Golurk\n|-singleturn|p2b: Golurk|Protect\n|cant|p1b: Tyranitar|slp\n|move|p2a: Tyranitar|Ice Punch|p1a: Garchomp\n|-activate|p1a: Garchomp|move: Protect\n|\n|-weather|Sandstorm|[upkeep]\n|upkeep\n|turn|7\n|inactive|EDJPP has 30 seconds left.\n|\n|t:|1776108496\n|detailschange|p1a: Garchomp|Garchomp-Mega, L50, F\n|-mega|p1a: Garchomp|Garchomp|Garchompite\n|move|p1a: Garchomp|Earthquake|p2a: Tyranitar|[spread] p1b,p2a,p2b\n|-supereffective|p1b: Tyranitar|1\n|-supereffective|p2a: Tyranitar|1\n|-damage|p1b: Tyranitar|0 fnt\n|-damage|p2a: Tyranitar|14/100\n|-damage|p2b: Golurk|22/100\n|faint|p1b: Tyranitar\n|move|p2b: Golurk|Headlong Rush|p1a: Garchomp\n|-damage|p1a: Garchomp|38/100\n|-unboost|p2b: Golurk|def|1\n|-unboost|p2b: Golurk|spd|1\n|move|p2a: Tyranitar|Ice Punch|p1a: Garchomp\n|-supereffective|p1a: Garchomp|2\n|-damage|p1a: Garchomp|0 fnt\n|faint|p1a: Garchomp\n|\n|win|Kamusito98\n|inactive|EDJPP has 30 seconds to confirm battle start!\n|inactive|Kamusito98 has 30 seconds to confirm battle start!\n|l|\u2606Kamusito98\n|player|p2|\n",
  "uploadtime": 1776108511,
  "views": 12,
  "formatid": "gen9championsvgc2026regma",
  "rating": null,
  "private": 0,
  "password": null
}