{
  "id": "gen9championsvgc2026regma-2584902958",
  "format": "[Gen 9 Champions] VGC 2026 Reg M-A",
  "players": [
    "M1lkc4rton",
    "diegop10"
  ],
  "log": "|j|\u2606M1lkc4rton\n|j|\u2606diegop10\n|t:|1776293037\n|gametype|doubles\n|player|p1|M1lkc4rton|lady|1125\n|player|p2|diegop10|acetrainer|1117\n|gen|9\n|tier|[Gen 9 Champions] VGC 2026 Reg M-A\n|rated|\n|rule|Species Clause: Limit one of each Pok\u00e9mon\n|rule|Item Clause: Limit 1 of each item\n|clearpoke\n|poke|p1|Lucario, L50, M|\n|poke|p1|Tyranitar, L50, M|\n|poke|p1|Sinistcha-Masterpiece, L50|\n|poke|p1|Aegislash, L50, M|\n|poke|p1|Talonflame, L50, M|\n|poke|p1|Raichu, L50, M|\n|poke|p2|Snorlax, L50, M|\n|poke|p2|Gengar, L50, F|\n|poke|p2|Dragonite, L50, M|\n|poke|p2|Meganium, L50, M|\n|poke|p2|Milotic, L50, F|\n|poke|p2|Incineroar, L50, M|\n|teampreview|4\n|\n|t:|1776293076\n|teamsize|p1|4\n|teamsize|p2|4\n|start\n|switch|p1a: Golden Freddy|Lucario, L50, M, shiny|100/100\n|switch|p1b: KFC|Talonflame, L50, M|100/100\n|switch|p2a: Snorlax|Snorlax, L50, M|100/100\n|switch|p2b: Gengar|Gengar, L50, F|100/100\n|turn|1\n|\n|t:|1776293101\n|move|p1b: KFC|Protect|p1b: KFC\n|-singleturn|p1b: KFC|Protect\n|move|p1a: Golden Freddy|Protect|p1a: Golden Freddy\n|-singleturn|p1a: Golden Freddy|Protect\n|move|p2a: Snorlax|Protect|p2a: Snorlax\n|-singleturn|p2a: Snorlax|Protect\n|move|p2b: Gengar|Psychic|p1a: Golden Freddy\n|-activate|p1a: Golden Freddy|move: Protect\n|\n|upkeep\n|turn|2\n|\n|t:|1776293128\n|switch|p1a: Baguette O-Block|Aegislash, L50, M, shiny|100/100\n|switch|p2a: Dragonite|Dragonite, L50, M|100/100\n|move|p1b: KFC|Tailwind|p1b: KFC\n|-sidestart|p1: M1lkc4rton|move: Tailwind\n|move|p2b: Gengar|Psychic|p1a: Baguette O-Block\n|-resisted|p1a: Baguette O-Block|1\n|-crit|p1a: Baguette O-Block\n|-damage|p1a: Baguette O-Block|81/100\n|\n|-heal|p1a: Baguette O-Block|87/100|[from] item: Leftovers\n|upkeep\n|turn|3\n|\n|t:|1776293150\n|switch|p1b: Uk-O Block Chief|Sinistcha-Masterpiece, L50|100/100\n|-heal|p1a: Baguette O-Block|100/100|[from] ability: Hospitality|[of] p1b: Uk-O Block Chief\n|detailschange|p2a: Dragonite|Dragonite-Mega, L50, M\n|-mega|p2a: Dragonite|Dragonite|Dragoninite\n|move|p2b: Gengar|Shadow Ball|p1a: Baguette O-Block\n|-supereffective|p1a: Baguette O-Block|1\n|-damage|p1a: Baguette O-Block|20/100\n|move|p2a: Dragonite|Fire Blast|p1a: Baguette O-Block\n|-supereffective|p1a: Baguette O-Block|1\n|-damage|p1a: Baguette O-Block|0 fnt\n|faint|p1a: Baguette O-Block\n|\n|upkeep\n|\n|t:|1776293170\n|switch|p1a: KFC|Talonflame, L50, M|100/100\n|turn|4\n|\n|t:|1776293179\n|move|p1b: Uk-O Block Chief|Protect|p1b: Uk-O Block Chief\n|-singleturn|p1b: Uk-O Block Chief|Protect\n|move|p1a: KFC|Dual Wingbeat|p2b: Gengar\n|-crit|p2b: Gengar\n|-damage|p2b: Gengar|46/100\n|-start|p1a: KFC|Disable|Dual Wingbeat|[from] ability: Cursed Body|[of] p2b: Gengar\n|-damage|p2b: Gengar|15/100\n|-hitcount|p2b: Gengar|2\n|move|p2b: Gengar|Shadow Ball|p1b: Uk-O Block Chief\n|-activate|p1b: Uk-O Block Chief|move: Protect\n|move|p2a: Dragonite|Fire Blast|p1b: Uk-O Block Chief\n|-activate|p1b: Uk-O Block Chief|move: Protect\n|\n|upkeep\n|turn|5\n|\n|t:|1776293213\n|move|p1a: KFC|Acrobatics|p2b: Gengar\n|-damage|p2b: Gengar|0 fnt\n|faint|p2b: Gengar\n|move|p1b: Uk-O Block Chief|Matcha Gotcha|p2a: Dragonite\n|-resisted|p2a: Dragonite|2\n|-damage|p2a: Dragonite|97/100\n|-status|p2a: Dragonite|brn\n|move|p2a: Dragonite|Fire Blast|p1b: Uk-O Block Chief\n|-supereffective|p1b: Uk-O Block Chief|1\n|-damage|p1b: Uk-O Block Chief|16/100\n|\n|-damage|p2a: Dragonite|91/100 brn|[from] brn\n|-sideend|p1: M1lkc4rton|move: Tailwind\n|upkeep\n|\n|t:|1776293233\n|switch|p2b: Snorlax|Snorlax, L50, M|100/100\n|turn|6\n|\n|t:|1776293284\n|move|p1a: KFC|Tailwind|p1a: KFC\n|-sidestart|p1: M1lkc4rton|move: Tailwind\n|move|p1b: Uk-O Block Chief|Strength Sap|p2a: Dragonite\n|-unboost|p2a: Dragonite|atk|1\n|-heal|p1b: Uk-O Block Chief|89/100\n|move|p2a: Dragonite|Air Slash|p1b: Uk-O Block Chief\n|-supereffective|p1b: Uk-O Block Chief|1\n|-damage|p1b: Uk-O Block Chief|0 fnt\n|faint|p1b: Uk-O Block Chief\n|move|p2b: Snorlax|Rock Tomb|p1a: KFC\n|-supereffective|p1a: KFC|2\n|-damage|p1a: KFC|5/100\n|-unboost|p1a: KFC|spe|1\n|\n|-damage|p2a: Dragonite|85/100 brn|[from] brn\n|upkeep\n|\n|t:|1776293299\n|switch|p1b: Golden Freddy|Lucario, L50, M, shiny|100/100\n|turn|7\n|\n|t:|1776293314\n|move|p1b: Golden Freddy|Protect|p1b: Golden Freddy\n|-singleturn|p1b: Golden Freddy|Protect\n|move|p1a: KFC|Protect|p1a: KFC\n|-singleturn|p1a: KFC|Protect\n|move|p2b: Snorlax|Protect|p2b: Snorlax\n|-singleturn|p2b: Snorlax|Protect\n|move|p2a: Dragonite|Thunderbolt|p1a: KFC\n|-activate|p1a: KFC|move: Protect\n|\n|-damage|p2a: Dragonite|79/100 brn|[from] brn\n|-end|p1a: KFC|Disable\n|upkeep\n|turn|8\n|\n|t:|1776293347\n|switch|p2b: Milotic|Milotic, L50, F|100/100\n|move|p1b: Golden Freddy|Swords Dance|p1b: Golden Freddy\n|-boost|p1b: Golden Freddy|atk|2\n|move|p1a: KFC|Dual Wingbeat|p2a: Dragonite\n|-damage|p2a: Dragonite|64/100 brn\n|-damage|p2a: Dragonite|48/100 brn\n|-hitcount|p2a: Dragonite|2\n|move|p2a: Dragonite|Thunderbolt|p1a: KFC\n|-supereffective|p1a: KFC|1\n|-damage|p1a: KFC|0 fnt\n|faint|p1a: KFC\n|\n|-damage|p2a: Dragonite|42/100 brn|[from] brn\n|upkeep\n|turn|9\n|inactive|Battle timer is ON: inactive players will automatically lose when time's up. (requested by M1lkc4rton)\n|\n|t:|1776293374\n|switch|p2a: Snorlax|Snorlax, L50, M|100/100\n|detailschange|p1b: Golden Freddy|Lucario-Mega, L50, M, shiny\n|-mega|p1b: Golden Freddy|Lucario|Lucarionite\n|move|p2b: Milotic|Protect|p2b: Milotic\n|-singleturn|p2b: Milotic|Protect\n|move|p1b: Golden Freddy|Bullet Punch|p2a: Snorlax\n|-damage|p2a: Snorlax|49/100\n|\n|-heal|p2a: Snorlax|55/100|[from] item: Leftovers\n|-sideend|p1: M1lkc4rton|move: Tailwind\n|upkeep\n|turn|10\n|\n|t:|1776293399\n|move|p2a: Snorlax|Protect|p2a: Snorlax\n|-singleturn|p2a: Snorlax|Protect\n|move|p1b: Golden Freddy|Close Combat|p2b: Milotic\n|-damage|p2b: Milotic|0 fnt\n|-unboost|p1b: Golden Freddy|def|1\n|-unboost|p1b: Golden Freddy|spd|1\n|faint|p2b: Milotic\n|\n|-heal|p2a: Snorlax|60/100|[from] item: Leftovers\n|upkeep\n|\n|t:|1776293410\n|switch|p2b: Dragonite|Dragonite-Mega, L50, M|42/100 brn\n|turn|11\n|\n|t:|1776293424\n|move|p1b: Golden Freddy|Protect|p1b: Golden Freddy\n|-singleturn|p1b: Golden Freddy|Protect\n|move|p2b: Dragonite|Fire Blast|p1b: Golden Freddy\n|-activate|p1b: Golden Freddy|move: Protect\n|move|p2a: Snorlax|High Horsepower|p1b: Golden Freddy\n|-activate|p1b: Golden Freddy|move: Protect\n|\n|-heal|p2a: Snorlax|66/100|[from] item: Leftovers\n|-damage|p2b: Dragonite|36/100 brn|[from] brn\n|upkeep\n|turn|12\n|inactive|M1lkc4rton has 30 seconds left.\n|\n|t:|1776293451\n|move|p1b: Golden Freddy|Bullet Punch|p2b: Dragonite\n|-damage|p2b: Dragonite|0 fnt\n|faint|p2b: Dragonite\n|move|p2a: Snorlax|High Horsepower|p1b: Golden Freddy\n|-supereffective|p1b: Golden Freddy|1\n|-damage|p1b: Golden Freddy|6/100\n|\n|-heal|p2a: Snorlax|72/100|[from] item: Leftovers\n|upkeep\n|turn|13\n|\n|t:|1776293463\n|move|p2a: Snorlax|Protect|p2a: Snorlax\n|-singleturn|p2a: Snorlax|Protect\n|move|p1b: Golden Freddy|Close Combat|p2a: Snorlax\n|-activate|p2a: Snorlax|move: Protect\n|\n|-heal|p2a: Snorlax|78/100|[from] item: Leftovers\n|upkeep\n|turn|14\n|\n|t:|1776293473\n|move|p1b: Golden Freddy|Close Combat|p2a: Snorlax\n|-supereffective|p2a: Snorlax|1\n|-damage|p2a: Snorlax|0 fnt\n|-unboost|p1b: Golden Freddy|def|1\n|-unboost|p1b: Golden Freddy|spd|1\n|faint|p2a: Snorlax\n|\n|win|M1lkc4rton\n|raw|M1lkc4rton's rating: 1125 &rarr; <strong>1149</strong><br />(+24 for winning)\n|raw|diegop10's rating: 1117 &rarr; <strong>1093</strong><br />(-24 for losing)\n|l|\u2606diegop10\n|player|p2|\n",
  "uploadtime": 1776293483,
  "views": 18,
  "formatid": "gen9championsvgc2026regma",
  "rating": 1093,
  "private": 0,
  "password": null
}