{
  "id": "gen9championsvgc2026regma-2586627324",
  "format": "[Gen 9 Champions] VGC 2026 Reg M-A",
  "players": [
    "KarmicPines2002",
    "TheCrazedMimikyu"
  ],
  "log": "|j|\u2606KarmicPines2002\n|j|\u2606TheCrazedMimikyu\n|t:|1776447867\n|gametype|doubles\n|player|p1|KarmicPines2002|2|1228\n|player|p2|TheCrazedMimikyu|colress|1256\n|gen|9\n|tier|[Gen 9 Champions] VGC 2026 Reg M-A\n|rated|\n|rule|Species Clause: Limit one of each Pok\u00e9mon\n|rule|Item Clause: Limit 1 of each item\n|clearpoke\n|poke|p1|Gardevoir, L50, M|\n|poke|p1|Incineroar, L50, M|\n|poke|p1|Aerodactyl, L50, F|\n|poke|p1|Sinistcha, L50|\n|poke|p1|Torkoal, L50, F|\n|poke|p1|Sneasler, L50, M|\n|poke|p2|Drampa, L50, M|\n|poke|p2|Sinistcha-Masterpiece, L50|\n|poke|p2|Incineroar, L50, M|\n|poke|p2|Clefable, L50, M|\n|poke|p2|Blastoise, L50, F|\n|poke|p2|Gallade, L50, M|\n|teampreview|4\n|inactive|Battle timer is ON: inactive players will automatically lose when time's up. (requested by KarmicPines2002)\n|inactive|KarmicPines2002 has 60 seconds left.\n|\n|t:|1776447924\n|teamsize|p1|4\n|teamsize|p2|4\n|start\n|switch|p1a: Incineroar|Incineroar, L50, M|100/100\n|switch|p1b: Aerodactyl|Aerodactyl, L50, F|100/100\n|switch|p2a: Incineroar|Incineroar, L50, M|100/100\n|switch|p2b: Gallade|Gallade, L50, M|100/100\n|-ability|p1b: Aerodactyl|Unnerve\n|-ability|p2a: Incineroar|Intimidate|boost\n|-unboost|p1a: Incineroar|atk|1\n|-unboost|p1b: Aerodactyl|atk|1\n|-ability|p1a: Incineroar|Intimidate|boost\n|-unboost|p2a: Incineroar|atk|1\n|-unboost|p2b: Gallade|atk|1\n|turn|1\n|inactive|KarmicPines2002 has 30 seconds left.\n|inactive|KarmicPines2002 has 20 seconds left.\n|inactive|KarmicPines2002 has 15 seconds left.\n|\n|t:|1776447966\n|switch|p2b: Drampa|Drampa, L50, M|100/100\n|-ability|p2b: Drampa|Cloud Nine\n|move|p1b: Aerodactyl|Dual Wingbeat|p2b: Drampa\n|-damage|p2b: Drampa|87/100\n|-damage|p2b: Drampa|72/100\n|-hitcount|p2b: Drampa|2\n|move|p2a: Incineroar|Taunt|p1a: Incineroar\n|-start|p1a: Incineroar|move: Taunt\n|cant|p1a: Incineroar|move: Taunt|Parting Shot\n|\n|upkeep\n|turn|2\n|inactive|KarmicPines2002 has 30 seconds left.\n|\n|t:|1776448003\n|switch|p1a: Gardevoir|Gardevoir, L50, M|100/100\n|-ability|p1a: Gardevoir|Intimidate|Trace|[from] ability: Trace|[of] p2a: Incineroar\n|-ability|p1a: Gardevoir|Intimidate|boost\n|-unboost|p2a: Incineroar|atk|1\n|-unboost|p2b: Drampa|atk|1\n|detailschange|p2b: Drampa|Drampa-Mega, L50, M\n|-mega|p2b: Drampa|Drampa|Drampanite\n|move|p1b: Aerodactyl|Tailwind|p1b: Aerodactyl\n|-sidestart|p1: KarmicPines2002|move: Tailwind\n|move|p2a: Incineroar|Parting Shot|p1a: Gardevoir\n|-unboost|p1a: Gardevoir|atk|1\n|-unboost|p1a: Gardevoir|spa|1\n|\n|t:|1776448015\n|switch|p2a: Sinistcha|Sinistcha-Masterpiece, L50|100/100|[from] Parting Shot\n|-heal|p2b: Drampa|97/100|[from] ability: Hospitality|[of] p2a: Sinistcha\n|move|p2b: Drampa|Calm Mind|p2b: Drampa\n|-boost|p2b: Drampa|spa|1\n|-boost|p2b: Drampa|spd|1\n|\n|upkeep\n|turn|3\n|\n|t:|1776448038\n|detailschange|p1a: Gardevoir|Gardevoir-Mega, L50, M\n|-mega|p1a: Gardevoir|Gardevoir|Gardevoirite\n|move|p2b: Drampa|Protect|p2b: Drampa\n|-singleturn|p2b: Drampa|Protect\n|move|p1b: Aerodactyl|Dual Wingbeat|p2a: Sinistcha\n|-supereffective|p2a: Sinistcha|1\n|-damage|p2a: Sinistcha|84/100\n|-supereffective|p2a: Sinistcha|1\n|-damage|p2a: Sinistcha|66/100\n|-hitcount|p2a: Sinistcha|2\n|move|p1a: Gardevoir|Hyper Voice|p2a: Sinistcha|[spread] p2a\n|-activate|p2b: Drampa|move: Protect\n|-damage|p2a: Sinistcha|25/100\n|move|p2a: Sinistcha|Trick Room|p2a: Sinistcha\n|-fieldstart|move: Trick Room|[of] p2a: Sinistcha\n|\n|upkeep\n|turn|4\n|inactive|KarmicPines2002 has 30 seconds left.\n|\n|t:|1776448074\n|switch|p2a: Incineroar|Incineroar, L50, M|100/100\n|-ability|p2a: Incineroar|Intimidate|boost\n|-unboost|p1a: Gardevoir|atk|1\n|-unboost|p1b: Aerodactyl|atk|1\n|switch|p1a: Incineroar|Incineroar, L50, M|100/100\n|-ability|p1a: Incineroar|Intimidate|boost\n|-unboost|p2a: Incineroar|atk|1\n|-unboost|p2b: Drampa|atk|1\n|move|p2b: Drampa|Hyper Voice|p1b: Aerodactyl|[spread] p1a,p1b\n|-resisted|p1b: Aerodactyl|1\n|-damage|p1a: Incineroar|52/100\n|-damage|p1b: Aerodactyl|53/100\n|move|p1b: Aerodactyl|Dual Wingbeat|p2a: Incineroar\n|-damage|p2a: Incineroar|93/100\n|-damage|p2a: Incineroar|86/100\n|-hitcount|p2a: Incineroar|2\n|\n|upkeep\n|turn|5\n|\n|t:|1776448096\n|switch|p1b: Sneasler|Sneasler, L50, M|100/100\n|move|p2a: Incineroar|Fake Out|p1a: Incineroar\n|-damage|p1a: Incineroar|46/100\n|cant|p1a: Incineroar|flinch\n|move|p2b: Drampa|Hyper Voice|p1a: Incineroar|[spread] p1a,p1b\n|-damage|p1a: Incineroar|0 fnt\n|-damage|p1b: Sneasler|26/100\n|faint|p1a: Incineroar\n|\n|-sideend|p1: KarmicPines2002|move: Tailwind\n|upkeep\n|\n|t:|1776448114\n|switch|p1a: Gardevoir|Gardevoir-Mega, L50, M|100/100\n|turn|6\n|\n|t:|1776448136\n|move|p2b: Drampa|Protect|p2b: Drampa\n|-singleturn|p2b: Drampa|Protect\n|move|p1b: Sneasler|Fake Out|p2a: Incineroar\n|-damage|p2a: Incineroar|73/100\n|cant|p2a: Incineroar|flinch\n|move|p1a: Gardevoir|Hyper Voice|p2b: Drampa|[spread] p2a\n|-activate|p2b: Drampa|move: Protect\n|-damage|p2a: Incineroar|21/100\n|\n|upkeep\n|turn|7\n|\n|t:|1776448151\n|switch|p2a: Sinistcha|Sinistcha-Masterpiece, L50|25/100\n|-enditem|p2a: Sinistcha|Sitrus Berry|[eat]\n|-heal|p2a: Sinistcha|50/100|[from] item: Sitrus Berry\n|-heal|p2b: Drampa|100/100|[from] ability: Hospitality|[of] p2a: Sinistcha\n|move|p1a: Gardevoir|Protect|p1a: Gardevoir\n|-singleturn|p1a: Gardevoir|Protect\n|move|p1b: Sneasler|Protect|p1b: Sneasler\n|-singleturn|p1b: Sneasler|Protect\n|move|p2b: Drampa|Hyper Voice|p1b: Sneasler|[spread] \n|-activate|p1a: Gardevoir|move: Protect\n|-activate|p1b: Sneasler|move: Protect\n|\n|-fieldend|move: Trick Room\n|upkeep\n|turn|8\n|inactive|KarmicPines2002 has 30 seconds left.\n|inactive|KarmicPines2002 has 20 seconds left.\n|\n|t:|1776448190\n|move|p2a: Sinistcha|Rage Powder|p2a: Sinistcha\n|-singleturn|p2a: Sinistcha|move: Rage Powder\n|move|p1b: Sneasler|Dire Claw|p2a: Sinistcha\n|-crit|p2a: Sinistcha\n|-damage|p2a: Sinistcha|2/100\n|move|p1a: Gardevoir|Hyper Voice|p2a: Sinistcha|[spread] p2a,p2b\n|-supereffective|p2b: Drampa|1\n|-damage|p2a: Sinistcha|0 fnt\n|-damage|p2b: Drampa|41/100\n|faint|p2a: Sinistcha\n|-ability|p2b: Drampa|Berserk|boost\n|-boost|p2b: Drampa|spa|1\n|move|p2b: Drampa|Hyper Voice|p1b: Sneasler|[spread] p1a,p1b\n|-damage|p1a: Gardevoir|26/100\n|-damage|p1b: Sneasler|0 fnt\n|faint|p1b: Sneasler\n|\n|upkeep\n|\n|t:|1776448211\n|switch|p1b: Aerodactyl|Aerodactyl, L50, F|53/100\n|switch|p2a: Incineroar|Incineroar, L50, M|21/100\n|-ability|p1b: Aerodactyl|Unnerve\n|-ability|p2a: Incineroar|Intimidate|boost\n|-unboost|p1a: Gardevoir|atk|1\n|-unboost|p1b: Aerodactyl|atk|1\n|turn|9\n|\n|t:|1776448228\n|move|p1a: Gardevoir|Protect|p1a: Gardevoir\n|-singleturn|p1a: Gardevoir|Protect\n|move|p1b: Aerodactyl|Rock Slide|p2a: Incineroar|[spread] p2a,p2b\n|-supereffective|p2a: Incineroar|1\n|-damage|p2a: Incineroar|0 fnt\n|-damage|p2b: Drampa|24/100\n|faint|p2a: Incineroar\n|move|p2b: Drampa|Hyper Voice|p1b: Aerodactyl|[spread] p1b\n|-activate|p1a: Gardevoir|move: Protect\n|-resisted|p1b: Aerodactyl|1\n|-damage|p1b: Aerodactyl|0 fnt\n|faint|p1b: Aerodactyl\n|\n|upkeep\n|\n|t:|1776448233\n|switch|p2a: Gallade|Gallade, L50, M|100/100\n|turn|10\n|\n|t:|1776448248\n|move|p2b: Drampa|Protect|p2b: Drampa\n|-singleturn|p2b: Drampa|Protect\n|move|p1a: Gardevoir|Hyper Voice|p2a: Gallade|[spread] p2a\n|-activate|p2b: Drampa|move: Protect\n|-supereffective|p2a: Gallade|1\n|-enditem|p2a: Gallade|Focus Sash\n|-damage|p2a: Gallade|1/100\n|move|p2a: Gallade|Trick Room|p2a: Gallade\n|-fieldstart|move: Trick Room|[of] p2a: Gallade\n|\n|upkeep\n|turn|11\n|\n|t:|1776448266\n|move|p1a: Gardevoir|Protect|p1a: Gardevoir\n|-singleturn|p1a: Gardevoir|Protect\n|move|p2b: Drampa|Hyper Voice|p1a: Gardevoir\n|-activate|p1a: Gardevoir|move: Protect\n|move|p2a: Gallade|Psycho Cut|p1a: Gardevoir\n|-activate|p1a: Gardevoir|move: Protect\n|\n|upkeep\n|turn|12\n|\n|t:|1776448276\n|move|p2b: Drampa|Hyper Voice|p1a: Gardevoir\n|-damage|p1a: Gardevoir|0 fnt\n|faint|p1a: Gardevoir\n|\n|win|TheCrazedMimikyu\n|raw|KarmicPines2002's rating: 1228 &rarr; <strong>1205</strong><br />(-23 for losing)\n|raw|TheCrazedMimikyu's rating: 1256 &rarr; <strong>1279</strong><br />(+23 for winning)\n|l|\u2606TheCrazedMimikyu\n|player|p2|\n",
  "uploadtime": 1776448282,
  "views": 45,
  "formatid": "gen9championsvgc2026regma",
  "rating": 1205,
  "private": 0,
  "password": null
}