{
  "id": "gen9championsvgc2026regma-2584360878",
  "format": "[Gen 9 Champions] VGC 2026 Reg M-A",
  "players": [
    "jadensucks",
    "lets buy packs"
  ],
  "log": "|j|\u2606jadensucks\n|j|\u2606lets buy packs\n|t:|1776254840\n|gametype|doubles\n|player|p1|jadensucks|firebreather|1075\n|player|p2|lets buy packs|red-masters3|1000\n|gen|9\n|tier|[Gen 9 Champions] VGC 2026 Reg M-A\n|rated|\n|rule|Species Clause: Limit one of each Pok\u00e9mon\n|rule|Item Clause: Limit 1 of each item\n|clearpoke\n|poke|p1|Basculegion, L50, M|\n|poke|p1|Sneasler, L50, M|\n|poke|p1|Aerodactyl, L50, M|\n|poke|p1|Pelipper, L50, M|\n|poke|p1|Dragonite, L50, F|\n|poke|p1|Floette-Eternal, L50, F|\n|poke|p2|Crabominable, L50, F|\n|poke|p2|Sinistcha, L50|\n|poke|p2|Oranguru, L50, M|\n|poke|p2|Incineroar, L50, F|\n|poke|p2|Gengar, L50, F|\n|poke|p2|Politoed, L50, F|\n|teampreview|4\n|inactive|Battle timer is ON: inactive players will automatically lose when time's up. (requested by lets buy packs)\n|inactive|jadensucks also wants the timer to be on.\n|\n|t:|1776254863\n|teamsize|p1|4\n|teamsize|p2|4\n|start\n|switch|p1a: Basculegion|Basculegion, L50, M|100/100\n|switch|p1b: Sneasler|Sneasler, L50, M|100/100\n|switch|p2a: Gengar|Gengar, L50, F, shiny|100/100\n|switch|p2b: Incineroar|Incineroar, L50, F|100/100\n|-ability|p2b: Incineroar|Intimidate|boost\n|-unboost|p1a: Basculegion|atk|1\n|-unboost|p1b: Sneasler|atk|1\n|-enditem|p1b: Sneasler|White Herb\n|-clearnegativeboost|p1b: Sneasler|[silent]\n|turn|1\n|\n|t:|1776254880\n|detailschange|p2a: Gengar|Gengar-Mega, L50, F, shiny\n|-mega|p2a: Gengar|Gengar|Gengarite\n|move|p2b: Incineroar|Fake Out|p1b: Sneasler\n|-damage|p1b: Sneasler|85/100\n|cant|p1b: Sneasler|flinch\n|move|p2a: Gengar|Shadow Ball|p1a: Basculegion\n|-supereffective|p1a: Basculegion|1\n|-damage|p1a: Basculegion|4/100\n|move|p1a: Basculegion|Wave Crash|p2b: Incineroar\n|-supereffective|p2b: Incineroar|1\n|-damage|p2b: Incineroar|5/100\n|-damage|p1a: Basculegion|0 fnt|[from] Recoil\n|faint|p1a: Basculegion\n|\n|upkeep\n|\n|t:|1776254891\n|switch|p1a: Aerodactyl|Aerodactyl, L50, M|100/100\n|-ability|p1a: Aerodactyl|Unnerve\n|turn|2\n|\n|t:|1776254903\n|move|p2b: Incineroar|Protect|p2b: Incineroar\n|-singleturn|p2b: Incineroar|Protect\n|move|p1b: Sneasler|Coaching|p1a: Aerodactyl\n|-boost|p1a: Aerodactyl|atk|1\n|-boost|p1a: Aerodactyl|def|1\n|move|p2a: Gengar|Perish Song|p2a: Gengar\n|-start|p1a: Aerodactyl|perish3|[silent]\n|-start|p1b: Sneasler|perish3|[silent]\n|-start|p2a: Gengar|perish3|[silent]\n|-start|p2b: Incineroar|perish3|[silent]\n|-fieldactivate|move: Perish Song\n|move|p1a: Aerodactyl|Rock Slide|p2a: Gengar|[spread] p2a\n|-activate|p2b: Incineroar|move: Protect\n|-damage|p2a: Gengar|52/100\n|\n|-start|p1b: Sneasler|perish3\n|-start|p2a: Gengar|perish3\n|-start|p1a: Aerodactyl|perish3\n|-start|p2b: Incineroar|perish3\n|upkeep\n|turn|3\n|\n|t:|1776254920\n|switch|p2b: Sinistcha|Sinistcha, L50|100/100\n|-heal|p2a: Gengar|77/100|[from] ability: Hospitality|[of] p2b: Sinistcha\n|move|p2a: Gengar|Protect|p2a: Gengar\n|-singleturn|p2a: Gengar|Protect\n|move|p1b: Sneasler|Coaching|p1a: Aerodactyl\n|-boost|p1a: Aerodactyl|atk|1\n|-boost|p1a: Aerodactyl|def|1\n|move|p1a: Aerodactyl|Rock Slide|p2a: Gengar|[spread] p2b\n|-activate|p2a: Gengar|move: Protect\n|-damage|p2b: Sinistcha|56/100\n|\n|-start|p1b: Sneasler|perish2\n|-start|p2a: Gengar|perish2\n|-start|p1a: Aerodactyl|perish2\n|upkeep\n|turn|4\n|inactive|lets buy packs has 30 seconds left.\n|\n|t:|1776254950\n|move|p2b: Sinistcha|Rage Powder|p2b: Sinistcha\n|-singleturn|p2b: Sinistcha|move: Rage Powder\n|move|p1b: Sneasler|Dire Claw|p2b: Sinistcha\n|-damage|p2b: Sinistcha|15/100\n|-status|p2b: Sinistcha|psn\n|move|p1a: Aerodactyl|Rock Slide|p2a: Gengar|[spread] p2a,p2b\n|-damage|p2a: Gengar|11/100\n|-damage|p2b: Sinistcha|0 fnt\n|faint|p2b: Sinistcha\n|move|p2a: Gengar|Shadow Ball|p1b: Sneasler\n|-damage|p1b: Sneasler|35/100\n|-unboost|p1b: Sneasler|spd|1\n|\n|-start|p1b: Sneasler|perish1\n|-start|p2a: Gengar|perish1\n|-start|p1a: Aerodactyl|perish1\n|upkeep\n|\n|t:|1776254959\n|switch|p2b: Incineroar|Incineroar, L50, F|5/100\n|-ability|p2b: Incineroar|Intimidate|boost\n|-unboost|p1a: Aerodactyl|atk|1\n|-unboost|p1b: Sneasler|atk|1\n|turn|5\n|\n|t:|1776254969\n|switch|p2a: Politoed|Politoed, L50, F, shiny|100/100\n|-weather|RainDance|[from] ability: Drizzle|[of] p2a: Politoed\n|move|p2b: Incineroar|Protect|p2b: Incineroar\n|-singleturn|p2b: Incineroar|Protect\n|move|p1b: Sneasler|Close Combat|p2b: Incineroar\n|-activate|p2b: Incineroar|move: Protect\n|move|p1a: Aerodactyl|Rock Slide|p2a: Politoed|[spread] p2a\n|-activate|p2b: Incineroar|move: Protect\n|-damage|p2a: Politoed|73/100\n|\n|-weather|RainDance|[upkeep]\n|-heal|p2a: Politoed|79/100|[from] item: Leftovers\n|-start|p1b: Sneasler|perish0\n|-start|p1a: Aerodactyl|perish0\n|faint|p1b: Sneasler\n|faint|p1a: Aerodactyl\n|upkeep\n|\n|t:|1776254981\n|switch|p1a: Floette|Floette-Eternal, L50, F|100/100\n|turn|6\n|\n|t:|1776254992\n|detailschange|p1a: Floette|Floette-Mega, L50, F\n|-mega|p1a: Floette|Floette|Floettite\n|-ability|p1a: Floette|Fairy Aura\n|move|p2a: Politoed|Protect|p2a: Politoed\n|-singleturn|p2a: Politoed|Protect\n|move|p1a: Floette|Dazzling Gleam|p2b: Incineroar|[spread] p2b\n|-activate|p2a: Politoed|move: Protect\n|-damage|p2b: Incineroar|0 fnt\n|faint|p2b: Incineroar\n|\n|-weather|RainDance|[upkeep]\n|-heal|p2a: Politoed|85/100|[from] item: Leftovers\n|upkeep\n|\n|t:|1776254994\n|switch|p2b: Gengar|Gengar-Mega, L50, F, shiny|11/100\n|turn|7\n|\n|t:|1776255009\n|move|p2b: Gengar|Disable|p1a: Floette\n|-start|p1a: Floette|Disable|Dazzling Gleam\n|cant|p1a: Floette|Disable|Dazzling Gleam\n|move|p2a: Politoed|Perish Song|p2a: Politoed\n|-start|p1a: Floette|perish3|[silent]\n|-start|p2a: Politoed|perish3|[silent]\n|-start|p2b: Gengar|perish3|[silent]\n|-fieldactivate|move: Perish Song\n|\n|-weather|RainDance|[upkeep]\n|-heal|p2a: Politoed|91/100|[from] item: Leftovers\n|-start|p2b: Gengar|perish3\n|-start|p1a: Floette|perish3\n|-start|p2a: Politoed|perish3\n|upkeep\n|turn|8\n|\n|t:|1776255016\n|move|p2b: Gengar|Protect|p2b: Gengar\n|-singleturn|p2b: Gengar|Protect\n|move|p2a: Politoed|Protect|p2a: Politoed\n|-singleturn|p2a: Politoed|Protect\n|move|p1a: Floette|Moonblast|p2a: Politoed\n|-activate|p2a: Politoed|move: Protect\n|\n|-weather|RainDance|[upkeep]\n|-heal|p2a: Politoed|97/100|[from] item: Leftovers\n|-start|p2b: Gengar|perish2\n|-start|p1a: Floette|perish2\n|-start|p2a: Politoed|perish2\n|upkeep\n|turn|9\n|\n|t:|1776255027\n|move|p2b: Gengar|Shadow Ball|p1a: Floette\n|-damage|p1a: Floette|62/100\n|move|p1a: Floette|Moonblast|p2b: Gengar\n|-resisted|p2b: Gengar|1\n|-damage|p2b: Gengar|0 fnt\n|faint|p2b: Gengar\n|move|p2a: Politoed|Muddy Water|p1a: Floette\n|-damage|p1a: Floette|26/100\n|\n|-weather|none\n|-heal|p2a: Politoed|100/100|[from] item: Leftovers\n|-start|p1a: Floette|perish1\n|-start|p2a: Politoed|perish1\n|upkeep\n|turn|10\n|\n|t:|1776255038\n|move|p2a: Politoed|Protect|p2a: Politoed\n|-singleturn|p2a: Politoed|Protect\n|move|p1a: Floette|Moonblast|p2a: Politoed\n|-activate|p2a: Politoed|move: Protect\n|\n|-end|p1a: Floette|Disable\n|-start|p1a: Floette|perish0\n|-start|p2a: Politoed|perish0\n|faint|p1a: Floette\n|faint|p2a: Politoed\n|\n|win|lets buy packs\n|raw|jadensucks's rating: 1075 &rarr; <strong>1049</strong><br />(-26 for losing)\n|raw|lets buy packs's rating: 1000 &rarr; <strong>1049</strong><br />(+49 for winning)\n",
  "uploadtime": 1776255038,
  "views": 19,
  "formatid": "gen9championsvgc2026regma",
  "rating": 1049,
  "private": 0,
  "password": null
}