{
  "id": "gen9championsvgc2026regma-2581277808",
  "format": "[Gen 9 Champions] VGC 2026 Reg M-A",
  "players": [
    "lemond",
    "alfa ash"
  ],
  "log": "|j|\u2606lemond\n|j|\u2606alfa ash\n|t:|1775980281\n|gametype|doubles\n|player|p1|lemond|102|1321\n|player|p2|alfa ash|blue|1336\n|gen|9\n|tier|[Gen 9 Champions] VGC 2026 Reg M-A\n|rated|\n|rule|Species Clause: Limit one of each Pok\u00e9mon\n|rule|Item Clause: Limit 1 of each item\n|clearpoke\n|poke|p1|Tyranitar, L50, F|\n|poke|p1|Excadrill, L50, F|\n|poke|p1|Gyarados, L50, M|\n|poke|p1|Gardevoir, L50, M|\n|poke|p1|Sinistcha, L50|\n|poke|p1|Rotom-Heat, L50|\n|poke|p2|Drampa, L50, F|\n|poke|p2|Alakazam, L50, M|\n|poke|p2|Sinistcha, L50|\n|poke|p2|Pelipper, L50, F|\n|poke|p2|Scizor, L50, F|\n|poke|p2|Basculegion, L50, M|\n|teampreview|4\n|inactive|Battle timer is ON: inactive players will automatically lose when time's up. (requested by alfa ash)\n|inactive|lemond also wants the timer to be on.\n|j| Junglebolt\n|l| Junglebolt\n|j| majayong03\n|l| majayong03\n|j| gE1xjZRtuhW2DdT0AK\n|inactive|alfa ash has 60 seconds left.\n|\n|t:|1775980324\n|teamsize|p1|4\n|teamsize|p2|4\n|start\n|switch|p1a: Rotom|Rotom-Heat, L50|100/100\n|switch|p1b: Excadrill|Excadrill, L50, F|100/100\n|switch|p2a: Drampa|Drampa, L50, F|100/100\n|switch|p2b: Alakazam|Alakazam, L50, M|100/100\n|-ability|p2a: Drampa|Cloud Nine\n|turn|1\n|\n|t:|1775980336\n|detailschange|p2a: Drampa|Drampa-Mega, L50, F\n|-mega|p2a: Drampa|Drampa|Drampanite\n|move|p1a: Rotom|Discharge|p2a: Drampa|[spread] p2a,p2b\n|-immune|p1b: Excadrill\n|-resisted|p2a: Drampa|1\n|-damage|p2a: Drampa|89/100\n|-damage|p2b: Alakazam|71/100\n|move|p2b: Alakazam|Reflect|p2b: Alakazam\n|-sidestart|p2: alfa ash|Reflect\n|move|p1b: Excadrill|Earthquake|p2b: Alakazam|[spread] p2a,p2b\n|-immune|p1a: Rotom|[from] ability: Levitate\n|-damage|p2a: Drampa|63/100\n|-damage|p2b: Alakazam|18/100\n|move|p2a: Drampa|Calm Mind|p2a: Drampa\n|-boost|p2a: Drampa|spa|1\n|-boost|p2a: Drampa|spd|1\n|\n|upkeep\n|turn|2\n|\n|t:|1775980361\n|move|p1a: Rotom|Discharge|p2a: Drampa|[spread] p2a,p2b\n|-immune|p1b: Excadrill\n|-resisted|p2a: Drampa|1\n|-damage|p2a: Drampa|56/100\n|-damage|p2b: Alakazam|0 fnt\n|faint|p2b: Alakazam\n|move|p1b: Excadrill|Earthquake|p2a: Drampa|[spread] p2a\n|-immune|p1a: Rotom|[from] ability: Levitate\n|-damage|p2a: Drampa|31/100\n|-ability|p2a: Drampa|Berserk|boost\n|-boost|p2a: Drampa|spa|1\n|move|p2a: Drampa|Earth Power|p1b: Excadrill\n|-supereffective|p1b: Excadrill|1\n|-enditem|p1b: Excadrill|Focus Sash\n|-damage|p1b: Excadrill|1/100\n|\n|upkeep\n|\n|t:|1775980372\n|switch|p2b: Sinistcha|Sinistcha, L50|100/100\n|-heal|p2a: Drampa|55/100|[from] ability: Hospitality|[of] p2b: Sinistcha\n|turn|3\n|\n|t:|1775980397\n|move|p2a: Drampa|Protect|p2a: Drampa\n|-singleturn|p2a: Drampa|Protect\n|move|p1a: Rotom|Discharge|p2a: Drampa|[spread] p2b\n|-activate|p2a: Drampa|move: Protect\n|-immune|p1b: Excadrill\n|-resisted|p2b: Sinistcha|1\n|-damage|p2b: Sinistcha|86/100\n|move|p1b: Excadrill|Earthquake|p2b: Sinistcha|[spread] p2b\n|-activate|p2a: Drampa|move: Protect\n|-immune|p1a: Rotom|[from] ability: Levitate\n|-resisted|p2b: Sinistcha|1\n|-damage|p2b: Sinistcha|75/100\n|move|p2b: Sinistcha|Trick Room|p2b: Sinistcha\n|-fieldstart|move: Trick Room|[of] p2b: Sinistcha\n|\n|upkeep\n|turn|4\n|inactive|lemond has 30 seconds left.\n|inactive|lemond has 20 seconds left.\n|inactive|lemond has 15 seconds left.\n|inactive|lemond has 10 seconds left.\n|inactive|lemond has 5 seconds left.\n|\n|t:|1775980452\n|switch|p1b: Gyarados|Gyarados, L50, M|100/100\n|-ability|p1b: Gyarados|Intimidate|boost\n|-unboost|p2a: Drampa|atk|1\n|-unboost|p2b: Sinistcha|atk|1\n|switch|p1a: Tyranitar|Tyranitar, L50, F|100/100\n|-weather|Sandstorm|[from] ability: Sand Stream|[of] p1a: Tyranitar\n|move|p2a: Drampa|Calm Mind|p2a: Drampa\n|-boost|p2a: Drampa|spa|1\n|-boost|p2a: Drampa|spd|1\n|move|p2b: Sinistcha|Matcha Gotcha|p1b: Gyarados|[spread] p1a,p1b\n|-supereffective|p1a: Tyranitar|1\n|-damage|p1a: Tyranitar|65/100\n|-heal|p2b: Sinistcha|92/100|[from] drain|[of] p1a: Tyranitar\n|-damage|p1b: Gyarados|80/100\n|-heal|p2b: Sinistcha|100/100|[from] drain|[of] p1b: Gyarados\n|\n|-weather|Sandstorm|[upkeep]\n|-damage|p2a: Drampa|49/100|[from] Sandstorm\n|-damage|p2b: Sinistcha|94/100|[from] Sandstorm\n|-damage|p1b: Gyarados|74/100|[from] Sandstorm\n|-heal|p1b: Gyarados|80/100|[from] item: Leftovers\n|upkeep\n|turn|5\n|inactive|lemond has 30 seconds left.\n|inactive|alfa ash has 30 seconds left.\n|inactive|lemond has 20 seconds left.\n|inactive|alfa ash has 20 seconds left.\n|\n|t:|1775980491\n|detailschange|p1a: Tyranitar|Tyranitar-Mega, L50, F\n|-mega|p1a: Tyranitar|Tyranitar|Tyranitarite\n|move|p2a: Drampa|Hyper Voice|p1a: Tyranitar|[spread] p1a,p1b\n|-resisted|p1a: Tyranitar|1\n|-damage|p1a: Tyranitar|34/100\n|-damage|p1b: Gyarados|0 fnt\n|faint|p1b: Gyarados\n|move|p2b: Sinistcha|Matcha Gotcha|p1a: Tyranitar\n|-supereffective|p1a: Tyranitar|1\n|-damage|p1a: Tyranitar|0 fnt\n|-heal|p2b: Sinistcha|100/100|[from] drain|[of] p1a: Tyranitar\n|faint|p1a: Tyranitar\n|\n|-weather|Sandstorm|[upkeep]\n|-damage|p2a: Drampa|43/100|[from] Sandstorm\n|-damage|p2b: Sinistcha|94/100|[from] Sandstorm\n|-sideend|p2: alfa ash|Reflect\n|upkeep\n|\n|t:|1775980505\n|switch|p1b: Excadrill|Excadrill, L50, F|1/100\n|switch|p1a: Rotom|Rotom-Heat, L50|100/100\n|turn|6\n|\n|t:|1775980522\n|move|p2a: Drampa|Hyper Voice|p1b: Excadrill|[spread] p1a,p1b\n|-resisted|p1b: Excadrill|1\n|-damage|p1a: Rotom|0 fnt\n|-damage|p1b: Excadrill|0 fnt\n|faint|p1a: Rotom\n|faint|p1b: Excadrill\n|\n|win|alfa ash\n|raw|lemond's rating: 1321 &rarr; <strong>1302</strong><br />(-19 for losing)\n|raw|alfa ash's rating: 1336 &rarr; <strong>1355</strong><br />(+19 for winning)\n|l|\u2606alfa ash\n|player|p2|\n|l|\u2606lemond\n|player|p1|\n",
  "uploadtime": 1775980548,
  "views": 20,
  "formatid": "gen9championsvgc2026regma",
  "rating": 1302,
  "private": 0,
  "password": null
}