{
  "id": "gen9championsvgc2026regma-2585550234",
  "format": "[Gen 9 Champions] VGC 2026 Reg M-A",
  "players": [
    "el elemao",
    "Papuas"
  ],
  "log": "|j|\u2606el elemao\n|j|\u2606Papuas\n|t:|1776354907\n|gametype|doubles\n|player|p1|el elemao|koga|1202\n|player|p2|Papuas|blue|1277\n|gen|9\n|tier|[Gen 9 Champions] VGC 2026 Reg M-A\n|rated|\n|rule|Species Clause: Limit one of each Pok\u00e9mon\n|rule|Item Clause: Limit 1 of each item\n|clearpoke\n|poke|p1|Espathra, L50, M|\n|poke|p1|Sableye, L50, F|\n|poke|p1|Milotic, L50, M|\n|poke|p1|Charizard, L50, M|\n|poke|p1|Garchomp, L50, M|\n|poke|p1|Gardevoir, L50, M|\n|poke|p2|Delphox, L50, F|\n|poke|p2|Floette-Eternal, L50, F|\n|poke|p2|Garchomp, L50, F|\n|poke|p2|Aegislash, L50, M|\n|poke|p2|Aerodactyl, L50, F|\n|poke|p2|Clefable, L50, M|\n|teampreview|4\nel elemao rejected open team sheets.\n|inactive|Battle timer is ON: inactive players will automatically lose when time's up. (requested by el elemao)\n|\n|t:|1776354966\n|teamsize|p1|4\n|teamsize|p2|4\n|start\n|switch|p1a: Sableye|Sableye, L50, F|100/100\n|switch|p1b: Milotic|Milotic, L50, M|100/100\n|switch|p2a: Floette|Floette-Eternal, L50, F|100/100\n|switch|p2b: Aerodactyl|Aerodactyl, L50, F|100/100\n|-ability|p2b: Aerodactyl|Unnerve\n|turn|1\n|inactive|Papuas has 30 seconds left.\n|\n|t:|1776354995\n|detailschange|p2a: Floette|Floette-Mega, L50, F\n|-mega|p2a: Floette|Floette|Floettite\n|-ability|p2a: Floette|Fairy Aura\n|move|p1a: Sableye|Feint|p2b: Aerodactyl\n|-resisted|p2b: Aerodactyl|1\n|-damage|p2b: Aerodactyl|96/100\n|move|p2b: Aerodactyl|Rock Slide|p1a: Sableye|[spread] p1a,p1b\n|-damage|p1a: Sableye|69/100\n|-damage|p1b: Milotic|77/100\n|move|p2a: Floette|Dazzling Gleam|p1b: Milotic|[spread] p1a,p1b\n|-supereffective|p1a: Sableye|1\n|-damage|p1a: Sableye|0 fnt\n|-damage|p1b: Milotic|45/100\n|faint|p1a: Sableye\n|move|p1b: Milotic|Scald|p2b: Aerodactyl\n|-supereffective|p2b: Aerodactyl|1\n|-damage|p2b: Aerodactyl|0 fnt\n|-enditem|p1b: Milotic|Sitrus Berry|[eat]\n|-heal|p1b: Milotic|70/100|[from] item: Sitrus Berry\n|faint|p2b: Aerodactyl\n|\n|upkeep\n|\n|t:|1776355015\n|switch|p2b: Aegislash|Aegislash, L50, M|100/100\n|switch|p1a: Charizard|Charizard, L50, M|100/100\n|turn|2\n|inactive|Papuas has 30 seconds left.\n|inactive|Papuas has 20 seconds left.\n|\n|t:|1776355051\n|detailschange|p1a: Charizard|Charizard-Mega-Y, L50, M\n|-mega|p1a: Charizard|Charizard|Charizardite Y\n|-weather|SunnyDay|[from] ability: Drought|[of] p1a: Charizard\n|move|p2a: Floette|Moonblast|p1a: Charizard\n|-resisted|p1a: Charizard|1\n|-damage|p1a: Charizard|65/100\n|move|p1a: Charizard|Weather Ball|p2a: Floette\n|-damage|p2a: Floette|26/100\n|move|p1b: Milotic|Scald|p2a: Floette\n|-damage|p2a: Floette|12/100\n|-formechange|p2b: Aegislash|Aegislash-Blade|\n|move|p2b: Aegislash|Poltergeist|p1a: Charizard\n|-activate|p1a: Charizard|move: Poltergeist|Charizardite Y\n|-damage|p1a: Charizard|0 fnt\n|faint|p1a: Charizard\n|\n|-weather|SunnyDay|[upkeep]\n|upkeep\n|\n|t:|1776355064\n|switch|p1a: Garchomp|Garchomp, L50, M|100/100\n|turn|3\n|inactive|Papuas has 30 seconds left.\n|\n|t:|1776355093\n|move|p2a: Floette|Protect|p2a: Floette\n|-singleturn|p2a: Floette|Protect\n|move|p1a: Garchomp|Protect|p1a: Garchomp\n|-singleturn|p1a: Garchomp|Protect\n|-formechange|p2b: Aegislash|Aegislash|\n|move|p2b: Aegislash|King's Shield|p2b: Aegislash\n|-singleturn|p2b: Aegislash|Protect\n|move|p1b: Milotic|Ice Beam|p2a: Floette\n|-activate|p2a: Floette|move: Protect\n|\n|-weather|SunnyDay|[upkeep]\n|upkeep\n|turn|4\n|\n|t:|1776355115\n|move|p2a: Floette|Moonblast|p1a: Garchomp\n|-supereffective|p1a: Garchomp|1\n|-damage|p1a: Garchomp|0 fnt\n|faint|p1a: Garchomp\n|move|p1b: Milotic|Recover|p1b: Milotic\n|-heal|p1b: Milotic|100/100\n|-formechange|p2b: Aegislash|Aegislash-Blade|\n|move|p2b: Aegislash|Poltergeist||[still]\n|-fail|p2b: Aegislash\n|\n|-weather|SunnyDay|[upkeep]\n|upkeep\n|turn|5\n|c|\u2606Papuas|I\u2019m a nut\n|inactive|Papuas has 30 seconds left.\n|\n|t:|1776355141\n|move|p2a: Floette|Protect|p2a: Floette\n|-singleturn|p2a: Floette|Protect\n|-formechange|p2b: Aegislash|Aegislash|\n|move|p2b: Aegislash|King's Shield|p2b: Aegislash\n|-singleturn|p2b: Aegislash|Protect\n|move|p1b: Milotic|Ice Beam|p2a: Floette\n|-activate|p2a: Floette|move: Protect\n|\n|-weather|SunnyDay|[upkeep]\n|upkeep\n|turn|6\n|\n|t:|1776355158\n|move|p2a: Floette|Moonblast|p1b: Milotic\n|-damage|p1b: Milotic|47/100\n|move|p1b: Milotic|Ice Beam|p2a: Floette\n|-damage|p2a: Floette|0 fnt\n|faint|p2a: Floette\n|-formechange|p2b: Aegislash|Aegislash-Blade|\n|move|p2b: Aegislash|Sacred Sword|p1b: Milotic\n|-damage|p1b: Milotic|14/100\n|\n|-weather|none\n|upkeep\n|\n|t:|1776355163\n|switch|p2a: Garchomp|Garchomp, L50, F|100/100\n|turn|7\n|\n|t:|1776355174\n|move|p2b: Aegislash|Shadow Sneak|p1b: Milotic\n|-damage|p1b: Milotic|0 fnt\n|faint|p1b: Milotic\n|\n|win|Papuas\n|raw|el elemao's rating: 1202 &rarr; <strong>1182</strong><br />(-20 for losing)\n|raw|Papuas's rating: 1277 &rarr; <strong>1297</strong><br />(+20 for winning)\n|l|\u2606el elemao\n|player|p1|\n",
  "uploadtime": 1776355187,
  "views": 22,
  "formatid": "gen9championsvgc2026regma",
  "rating": 1182,
  "private": 0,
  "password": null
}