{
  "id": "gen9championsvgc2026regma-2582939063",
  "format": "[Gen 9 Champions] VGC 2026 Reg M-A",
  "players": [
    "OneRandomMawile",
    "NeoNecrozma504"
  ],
  "log": "|j|\u2606OneRandomMawile\n|j|\u2606NeoNecrozma504\n|t:|1776126761\n|gametype|doubles\n|player|p1|OneRandomMawile|miku-water|\n|player|p2|NeoNecrozma504|lady|\n|gen|9\n|tier|[Gen 9 Champions] VGC 2026 Reg M-A\n|rule|Species Clause: Limit one of each Pok\u00e9mon\n|rule|Item Clause: Limit 1 of each item\n|clearpoke\n|poke|p1|Garchomp, L50, F|\n|poke|p1|Tyranitar, L50, M|\n|poke|p1|Skarmory, L50, M|\n|poke|p1|Farigiraf, L50, F|\n|poke|p1|Incineroar, L50, M|\n|poke|p1|Rotom-Wash, L50|\n|poke|p2|Politoed, L50, M|\n|poke|p2|Archaludon, L50, M|\n|poke|p2|Meganium, L50, F|\n|poke|p2|Basculegion, L50, M|\n|poke|p2|Dragonite, L50, M|\n|poke|p2|Sinistcha, L50|\n|teampreview|4\n|\n|t:|1776126830\n|teamsize|p1|4\n|teamsize|p2|4\n|start\n|switch|p1a: Magnifier|Rotom-Wash, L50|100/100\n|switch|p1b: Gura|Garchomp, L50, F|100/100\n|switch|p2a: Quickdraw|Archaludon, L50, M, shiny|100/100\n|switch|p2b: girls|Meganium, L50, F, shiny|100/100\n|turn|1\n|\n|t:|1776126897\n|detailschange|p2b: girls|Meganium-Mega, L50, F, shiny\n|-mega|p2b: girls|Meganium|Meganiumite\n|move|p1b: Gura|Stomping Tantrum|p2a: Quickdraw\n|-supereffective|p2a: Quickdraw|1\n|-damage|p2a: Quickdraw|35/100\n|-ability|p2a: Quickdraw|Stamina|boost\n|-boost|p2a: Quickdraw|def|1\n|move|p2a: Quickdraw|Draco Meteor|p1b: Gura\n|-supereffective|p1b: Gura|1\n|-damage|p1b: Gura|0 fnt\n|-unboost|p2a: Quickdraw|spa|2\n|faint|p1b: Gura\n|move|p1a: Magnifier|Volt Switch|p2b: girls\n|-resisted|p2b: girls|1\n|-damage|p2b: girls|87/100\n|\n|t:|1776126917\n|switch|p1a: 2Factor Auth|Farigiraf, L50, F|100/100|[from] Volt Switch\n|move|p2b: girls|Dazzling Gleam|p1a: 2Factor Auth\n|-damage|p1a: 2Factor Auth|54/100\n|\n|upkeep\n|\n|t:|1776126929\n|switch|p1b: DAMN!!!|Skarmory, L50, M, shiny|100/100\n|turn|2\n|\n|t:|1776126950\n|switch|p2a: Forg|Politoed, L50, M|100/100\n|-weather|RainDance|[from] ability: Drizzle|[of] p2a: Forg\n|detailschange|p1b: DAMN!!!|Skarmory-Mega, L50, M, shiny\n|-mega|p1b: DAMN!!!|Skarmory|Skarmorite\n|move|p1b: DAMN!!!|Brave Bird|p2b: girls\n|-supereffective|p2b: girls|1\n|-damage|p2b: girls|0 fnt\n|faint|p2b: girls\n|-damage|p1b: DAMN!!!|69/100|[from] Recoil\n|move|p1a: 2Factor Auth|Psychic|p2a: Forg\n|-damage|p2a: Forg|72/100\n|-unboost|p2a: Forg|spd|1\n|\n|-weather|RainDance|[upkeep]\n|-heal|p2a: Forg|78/100|[from] item: Leftovers\n|upkeep\n|\n|t:|1776126965\n|switch|p2b: Quickdraw|Archaludon, L50, M, shiny|35/100\n|turn|3\n|\n|t:|1776126997\n|move|p1a: 2Factor Auth|Helping Hand|p1b: DAMN!!!\n|-singleturn|p1b: DAMN!!!|Helping Hand|[of] p1a: 2Factor Auth\n|move|p1b: DAMN!!!|Brave Bird|p2b: Quickdraw\n|-resisted|p2b: Quickdraw|1\n|-damage|p2b: Quickdraw|0 fnt\n|faint|p2b: Quickdraw\n|-damage|p1b: DAMN!!!|55/100|[from] Recoil\n|move|p2a: Forg|Weather Ball|p1a: 2Factor Auth\n|-damage|p1a: 2Factor Auth|7/100\n|\n|-weather|RainDance|[upkeep]\n|-heal|p2a: Forg|84/100|[from] item: Leftovers\n|upkeep\n|\n|t:|1776127009\n|switch|p2b: Seared Steak|Basculegion, L50, M, shiny|100/100\n|turn|4\n|\n|t:|1776127044\n|move|p2b: Seared Steak|Last Respects|p1b: DAMN!!!\n|-damage|p1b: DAMN!!!|0 fnt\n|faint|p1b: DAMN!!!\n|move|p2a: Forg|Weather Ball|p1a: 2Factor Auth\n|-damage|p1a: 2Factor Auth|0 fnt\n|faint|p1a: 2Factor Auth\n|\n|-weather|RainDance|[upkeep]\n|-heal|p2a: Forg|90/100|[from] item: Leftovers\n|upkeep\n|\n|t:|1776127050\n|switch|p1b: Magnifier|Rotom-Wash, L50|100/100\n|turn|5\n|\n|t:|1776127066\n|move|p2a: Forg|Helping Hand|p2b: Seared Steak\n|-singleturn|p2b: Seared Steak|Helping Hand|[of] p2a: Forg\n|move|p2b: Seared Steak|Last Respects|p1b: Magnifier\n|-damage|p1b: Magnifier|0 fnt\n|faint|p1b: Magnifier\n|\n|win|NeoNecrozma504\n|l|\u2606NeoNecrozma504\n|player|p2|\n|l|\u2606OneRandomMawile\n|player|p1|\n|j|\u2606NeoNecrozma504\n|player|p2|NeoNecrozma504|lady|\n|j|\u2606OneRandomMawile\n|player|p1|OneRandomMawile|miku-water|\n",
  "uploadtime": 1776127147,
  "views": 10,
  "formatid": "gen9championsvgc2026regma",
  "rating": null,
  "private": 0,
  "password": null
}