{
  "id": "gen9championsvgc2026regma-2587847485",
  "format": "[Gen 9 Champions] VGC 2026 Reg M-A",
  "players": [
    "yamuel0",
    "Anicredible"
  ],
  "log": "|j|\u2606yamuel0\n|j|\u2606Anicredible\n|t:|1776570194\n|gametype|doubles\n|player|p1|yamuel0|102|1047\n|player|p2|Anicredible|schoolkid-gen4|1071\n|gen|9\n|tier|[Gen 9 Champions] VGC 2026 Reg M-A\n|rated|\n|rule|Species Clause: Limit one of each Pok\u00e9mon\n|rule|Item Clause: Limit 1 of each item\n|clearpoke\n|poke|p1|Scovillain, L50, M|\n|poke|p1|Kangaskhan, L50, F|\n|poke|p1|Aerodactyl, L50, M|\n|poke|p1|Incineroar, L50, F|\n|poke|p1|Gengar, L50, F|\n|poke|p1|Archaludon, L50, M|\n|poke|p2|Kangaskhan, L50, F|\n|poke|p2|Sinistcha, L50|\n|poke|p2|Sneasler, L50, F|\n|poke|p2|Whimsicott, L50, M|\n|poke|p2|Corviknight, L50, M|\n|poke|p2|Primarina, L50, M|\n|teampreview|4\n|inactive|Battle timer is ON: inactive players will automatically lose when time's up. (requested by Anicredible)\n|inactive|yamuel0 also wants the timer to be on.\nAnicredible rejected open team sheets.\n|inactive|Anicredible has 60 seconds left.\n|inactive|Anicredible has 30 seconds left.\n|\n|t:|1776570258\n|teamsize|p1|4\n|teamsize|p2|4\n|start\n|switch|p1a: Aerodactyl|Aerodactyl, L50, M|100/100\n|switch|p1b: Scovillain|Scovillain, L50, M|100/100\n|switch|p2a: Kangaskhan|Kangaskhan, L50, F|100/100\n|switch|p2b: Sneasler|Sneasler, L50, F|100/100\n|-ability|p1a: Aerodactyl|Unnerve\n|turn|1\n|\n|t:|1776570269\n|detailschange|p2a: Kangaskhan|Kangaskhan-Mega, L50, F\n|-mega|p2a: Kangaskhan|Kangaskhan|Kangaskhanite\n|move|p1a: Aerodactyl|Protect|p1a: Aerodactyl\n|-singleturn|p1a: Aerodactyl|Protect\n|move|p1b: Scovillain|Protect|p1b: Scovillain\n|-singleturn|p1b: Scovillain|Protect\n|move|p2a: Kangaskhan|Fake Out|p1a: Aerodactyl\n|-activate|p1a: Aerodactyl|move: Protect\n|move|p2b: Sneasler|Coaching|p2a: Kangaskhan\n|-boost|p2a: Kangaskhan|atk|1\n|-boost|p2a: Kangaskhan|def|1\n|\n|-ability|p1b: Scovillain|Moody|boost\n|-boost|p1b: Scovillain|def|2\n|-unboost|p1b: Scovillain|spa|1\n|upkeep\n|turn|2\n|\n|t:|1776570292\n|detailschange|p1b: Scovillain|Scovillain-Mega, L50, M\n|-mega|p1b: Scovillain|Scovillain|Scovillainite\n|move|p2a: Kangaskhan|Protect|p2a: Kangaskhan\n|-singleturn|p2a: Kangaskhan|Protect\n|move|p1b: Scovillain|Rage Powder|p1b: Scovillain\n|-singleturn|p1b: Scovillain|move: Rage Powder\n|move|p1a: Aerodactyl|Dual Wingbeat|p2b: Sneasler\n|-supereffective|p2b: Sneasler|1\n|-damage|p2b: Sneasler|34/100\n|-supereffective|p2b: Sneasler|1\n|-crit|p2b: Sneasler\n|-damage|p2b: Sneasler|0 fnt\n|faint|p2b: Sneasler\n|-hitcount|p2: Sneasler|2\n|\n|upkeep\n|\n|t:|1776570306\n|switch|p2b: Whimsicott|Whimsicott, L50, M|100/100\n|turn|3\n|\n|t:|1776570319\n|move|p2a: Kangaskhan|Protect||[still]\n|-fail|p2a: Kangaskhan\n|move|p2b: Whimsicott|Taunt|p1b: Scovillain\n|-start|p1b: Scovillain|move: Taunt\n|move|p1a: Aerodactyl|Tailwind|p1a: Aerodactyl\n|-sidestart|p1: yamuel0|move: Tailwind\n|move|p1b: Scovillain|Flamethrower|p2b: Whimsicott\n|-supereffective|p2b: Whimsicott|1\n|-damage|p2b: Whimsicott|17/100\n|\n|upkeep\n|turn|4\n|\n|t:|1776570335\n|move|p2b: Whimsicott|Tailwind|p2b: Whimsicott\n|-sidestart|p2: Anicredible|move: Tailwind\n|move|p1a: Aerodactyl|Rock Slide|p2b: Whimsicott|[spread] p2a\n|-miss|p1a: Aerodactyl|p2b: Whimsicott\n|-damage|p2a: Kangaskhan|84/100\n|cant|p2a: Kangaskhan|flinch\n|move|p1b: Scovillain|Flamethrower|p2a: Kangaskhan\n|-damage|p2a: Kangaskhan|60/100\n|\n|upkeep\n|turn|5\n|inactive|yamuel0 has 30 seconds left.\n|\n|t:|1776570369\n|switch|p1a: Incineroar|Incineroar, L50, F|100/100\n|-ability|p1a: Incineroar|Intimidate|boost\n|-unboost|p2a: Kangaskhan|atk|1\n|-unboost|p2b: Whimsicott|atk|1\n|move|p2a: Kangaskhan|Sucker Punch||[still]\n|-fail|p2a: Kangaskhan\n|move|p2b: Whimsicott|Moonblast|p1b: Scovillain\n|-resisted|p1b: Scovillain|1\n|-damage|p1b: Scovillain|85/100\n|-status|p2b: Whimsicott|brn|[from] ability: Spicy Spray|[of] p1b: Scovillain\n|move|p1b: Scovillain|Flamethrower|p2a: Kangaskhan\n|-damage|p2a: Kangaskhan|37/100\n|-status|p2a: Kangaskhan|brn\n|\n|-damage|p2b: Whimsicott|11/100 brn|[from] brn\n|-damage|p2a: Kangaskhan|31/100 brn|[from] brn\n|-end|p1b: Scovillain|move: Taunt\n|upkeep\n|turn|6\n|c|\u2606Anicredible|ggwp\n|-message|Anicredible forfeited.\n|\n|win|yamuel0\n|raw|yamuel0's rating: 1047 &rarr; <strong>1082</strong><br />(+35 for winning)\n|raw|Anicredible's rating: 1071 &rarr; <strong>1049</strong><br />(-22 for losing)\n",
  "uploadtime": 1776570391,
  "views": 9,
  "formatid": "gen9championsvgc2026regma",
  "rating": 1049,
  "private": 0,
  "password": null
}