{
  "id": "gen9championsvgc2026regma-2586643073",
  "format": "[Gen 9 Champions] VGC 2026 Reg M-A",
  "players": [
    "Plopy14",
    "ohko_muk"
  ],
  "log": "|j|\u2606Plopy14\n|j|\u2606ohko_muk\n|t:|1776448939\n|gametype|doubles\n|player|p1|Plopy14|bugcatcher|\n|player|p2|ohko_muk|gambler|\n|gen|9\n|tier|[Gen 9 Champions] VGC 2026 Reg M-A\n|rated|Tournament battle\n|rule|Species Clause: Limit one of each Pok\u00e9mon\n|rule|Item Clause: Limit 1 of each item\n|raw|<div class=\"infobox\"><details class=\"readmore\" open><summary><strong>1 custom rule:</strong></summary> Force Open Team Sheets</details></div>\n|clearpoke\n|poke|p1|Tyranitar, L50, F|\n|poke|p1|Corviknight, L50, M|\n|poke|p1|Sneasler, L50, F|\n|poke|p1|Sinistcha, L50|\n|poke|p1|Garchomp, L50, F|\n|poke|p1|Rotom-Wash, L50|\n|poke|p2|Farigiraf, L50, M|\n|poke|p2|Blastoise, L50, M|\n|poke|p2|Bellibolt, L50, F|\n|poke|p2|Mamoswine, L50, M|\n|poke|p2|Delphox, L50, F|\n|poke|p2|Whimsicott, L50, M|\n|teampreview|4\n|showteam|p1|Tyranitar||Tyranitarite|SandStream|RockSlide,KnockOff,DragonDance,Protect|||F|||50|]Corviknight||Leftovers|MirrorArmor|Roost,BraveBird,Tailwind,IronHead|||M|||50|]Sneasler||WhiteHerb|Unburden|DireClaw,CloseCombat,FakeOut,Protect|||F|||50|]Sinistcha||SitrusBerry|Hospitality|MatchaGotcha,LifeDew,RagePowder,Protect||||||50|]Garchomp||FocusSash|RoughSkin|Earthquake,DragonClaw,RockSlide,Protect|||F|||50|]Rotom-Wash||ChoiceScarf|Levitate|Electroweb,HydroPump,VoltSwitch,Trick||||||50|\n|showteam|p2|Farigiraf||ColburBerry|ArmorTail|HyperVoice,Psychic,TrickRoom,RainDance|||M|||50|]Blastoise||Blastoisinite|Torrent|FakeOut,WaterSpout,DarkPulse,MuddyWater|||M|||50|]Bellibolt||SitrusBerry|Electromorphosis|Discharge,ParabolicCharge,Thunderbolt,Protect|||F|||50|]Mamoswine||FocusSash|Oblivious|Earthquake,IcicleCrash,IceShard,Protect|||M|||50|]Delphox||Delphoxite|Blaze|HeatWave,Psychic,NastyPlot,Protect|||F|||50|]Whimsicott||CobaBerry|Prankster|Moonblast,Tailwind,Encore,SunnyDay|||M|||50|\n|j| Copper05\n|l| Copper05\n|\n|t:|1776448968\n|teamsize|p1|4\n|teamsize|p2|4\n|start\n|switch|p1a: Tyranitar|Tyranitar, L50, F|100/100\n|switch|p1b: Rotom|Rotom-Wash, L50|100/100\n|switch|p2a: Farigiraf|Farigiraf, L50, M|100/100\n|switch|p2b: Blastoise|Blastoise, L50, M|100/100\n|-weather|Sandstorm|[from] ability: Sand Stream|[of] p1a: Tyranitar\n|turn|1\n|j| FBIsurveillanceman\n|j|@Radio Free C-Side\n|inactive|Battle timer is ON: inactive players will automatically lose when time's up. (requested by ohko_muk)\n|\n|t:|1776448994\n|detailschange|p1a: Tyranitar|Tyranitar-Mega, L50, F\n|-mega|p1a: Tyranitar|Tyranitar|Tyranitarite\n|detailschange|p2b: Blastoise|Blastoise-Mega, L50, M\n|-mega|p2b: Blastoise|Blastoise|Blastoisinite\n|move|p2b: Blastoise|Fake Out|p1b: Rotom\n|-damage|p1b: Rotom|88/100\n|cant|p1b: Rotom|flinch\n|move|p1a: Tyranitar|Rock Slide|p2a: Farigiraf|[spread] p2a,p2b\n|-damage|p2a: Farigiraf|64/100\n|-damage|p2b: Blastoise|69/100\n|move|p2a: Farigiraf|Trick Room|p2a: Farigiraf\n|-fieldstart|move: Trick Room|[of] p2a: Farigiraf\n|\n|-weather|Sandstorm|[upkeep]\n|-damage|p2a: Farigiraf|57/100|[from] Sandstorm\n|-damage|p2b: Blastoise|63/100|[from] Sandstorm\n|-damage|p1b: Rotom|82/100|[from] Sandstorm\n|upkeep\n|turn|2\n|inactive|ohko_muk has 30 seconds left.\n|\n|t:|1776449020\n|move|p1a: Tyranitar|Protect|p1a: Tyranitar\n|-singleturn|p1a: Tyranitar|Protect\n|move|p2a: Farigiraf|Psychic|p1b: Rotom\n|-damage|p1b: Rotom|23/100\n|move|p2b: Blastoise|Dark Pulse|p1b: Rotom\n|-damage|p1b: Rotom|0 fnt\n|faint|p1b: Rotom\n|\n|-weather|Sandstorm|[upkeep]\n|-damage|p2a: Farigiraf|51/100|[from] Sandstorm\n|-damage|p2b: Blastoise|57/100|[from] Sandstorm\n|upkeep\n|\n|t:|1776449026\n|switch|p1b: Sinistcha|Sinistcha, L50|100/100\n|turn|3\n|\n|t:|1776449036\n|switch|p1a: Garchomp|Garchomp, L50, F|100/100\n|move|p1b: Sinistcha|Protect|p1b: Sinistcha\n|-singleturn|p1b: Sinistcha|Protect\n|move|p2a: Farigiraf|Rain Dance|p2a: Farigiraf\n|-weather|RainDance\n|move|p2b: Blastoise|Muddy Water|p1a: Garchomp|[spread] p1a\n|-activate|p1b: Sinistcha|move: Protect\n|-damage|p1a: Garchomp|41/100\n|\n|-weather|RainDance|[upkeep]\n|upkeep\n|turn|4\n|\n|t:|1776449052\n|move|p2a: Farigiraf|Psychic|p1b: Sinistcha\n|-damage|p1b: Sinistcha|56/100\n|move|p2b: Blastoise|Dark Pulse|p1b: Sinistcha\n|-supereffective|p1b: Sinistcha|1\n|-damage|p1b: Sinistcha|0 fnt\n|faint|p1b: Sinistcha\n|move|p1a: Garchomp|Earthquake|p2b: Blastoise|[spread] p2a,p2b\n|-damage|p2a: Farigiraf|8/100\n|-damage|p2b: Blastoise|25/100\n|\n|-weather|RainDance|[upkeep]\n|upkeep\n|\n|t:|1776449059\n|switch|p1b: Tyranitar|Tyranitar-Mega, L50, F|100/100\n|-weather|Sandstorm|[from] ability: Sand Stream|[of] p1b: Tyranitar\n|turn|5\n|j| Cdogp\n|\n|t:|1776449076\n|move|p1b: Tyranitar|Protect|p1b: Tyranitar\n|-singleturn|p1b: Tyranitar|Protect\n|move|p1a: Garchomp|Protect|p1a: Garchomp\n|-singleturn|p1a: Garchomp|Protect\n|move|p2a: Farigiraf|Rain Dance|p2a: Farigiraf\n|-weather|RainDance\n|move|p2b: Blastoise|Muddy Water|p1b: Tyranitar|[spread] \n|-activate|p1a: Garchomp|move: Protect\n|-activate|p1b: Tyranitar|move: Protect\n|\n|-weather|RainDance|[upkeep]\n|-fieldend|move: Trick Room\n|upkeep\n|turn|6\n|\n|t:|1776449086\n|move|p1a: Garchomp|Rock Slide|p2b: Blastoise|[spread] p2a,p2b\n|-damage|p2a: Farigiraf|0 fnt\n|-damage|p2b: Blastoise|8/100\n|faint|p2a: Farigiraf\n|move|p1b: Tyranitar|Dragon Dance|p1b: Tyranitar\n|-boost|p1b: Tyranitar|atk|1\n|-boost|p1b: Tyranitar|spe|1\n|move|p2b: Blastoise|Muddy Water|p1b: Tyranitar|[spread] p1a,p1b\n|-supereffective|p1b: Tyranitar|1\n|-crit|p1b: Tyranitar\n|-damage|p1a: Garchomp|0 fnt\n|-damage|p1b: Tyranitar|0 fnt\n|faint|p1a: Garchomp\n|faint|p1b: Tyranitar\n|\n|win|ohko_muk\n|n|\u2606Plopy14|plopy14\n|n|\u2606ohko_muk|ohkomuk\n|n| FBIsurveillanceman|fbisurveillanceman\n|n|+Radio Free C-Side|radiofreecside\n|n| Cdogp|cdogp\n",
  "uploadtime": 1776449086,
  "views": 22,
  "formatid": "gen9championsvgc2026regma",
  "rating": null,
  "private": 0,
  "password": null
}