{
  "id": "gen9championsvgc2026regma-2585455127",
  "format": "[Gen 9 Champions] VGC 2026 Reg M-A",
  "players": [
    "rinthigh*67",
    "Guard1an711"
  ],
  "log": "|j|\u2606rinthigh*67\n|j|\u2606Guard1an711\n|t:|1776348438\n|gametype|doubles\n|player|p1|rinthigh*67|lady|1086\n|player|p2|Guard1an711|102|1106\n|gen|9\n|tier|[Gen 9 Champions] VGC 2026 Reg M-A\n|rated|\n|rule|Species Clause: Limit one of each Pok\u00e9mon\n|rule|Item Clause: Limit 1 of each item\n|clearpoke\n|poke|p1|Floette-Eternal, L50, F|\n|poke|p1|Incineroar, L50, F|\n|poke|p1|Sneasler, L50, F|\n|poke|p1|Aerodactyl, L50, M|\n|poke|p1|Milotic, L50, M|\n|poke|p1|Sinistcha, L50|\n|poke|p2|Meganium, L50, M|\n|poke|p2|Aerodactyl, L50, F|\n|poke|p2|Tauros-Paldea-Aqua, L50, M|\n|poke|p2|Kangaskhan, L50, F|\n|poke|p2|Excadrill, L50, F|\n|poke|p2|Typhlosion-Hisui, L50, M|\n|teampreview|4\n|\n|t:|1776348474\n|teamsize|p1|4\n|teamsize|p2|4\n|start\n|switch|p1a: Incineroar|Incineroar, L50, F, shiny|100/100\n|switch|p1b: Floette|Floette-Eternal, L50, F|100/100\n|switch|p2a: Aerodactyl|Aerodactyl, L50, F|100/100\n|switch|p2b: Kangaskhan|Kangaskhan, L50, F|100/100\n|-ability|p2a: Aerodactyl|Unnerve\n|-ability|p1a: Incineroar|Intimidate|boost\n|-unboost|p2a: Aerodactyl|atk|1\n|-fail|p2b: Kangaskhan|unboost|Attack|[from] ability: Inner Focus|[of] p2b: Kangaskhan\n|turn|1\n|inactive|Battle timer is ON: inactive players will automatically lose when time's up. (requested by rinthigh*67)\n|\n|t:|1776348493\n|detailschange|p2b: Kangaskhan|Kangaskhan-Mega, L50, F\n|-mega|p2b: Kangaskhan|Kangaskhan|Kangaskhanite\n|detailschange|p1b: Floette|Floette-Mega, L50, F\n|-mega|p1b: Floette|Floette|Floettite\n|-ability|p1b: Floette|Fairy Aura\n|move|p1a: Incineroar|Fake Out|p2b: Kangaskhan\n|-damage|p2b: Kangaskhan|90/100\n|move|p2a: Aerodactyl|Tailwind|p2a: Aerodactyl\n|-sidestart|p2: Guard1an711|move: Tailwind\n|cant|p2b: Kangaskhan|flinch\n|move|p1b: Floette|Calm Mind|p1b: Floette\n|-boost|p1b: Floette|spa|1\n|-boost|p1b: Floette|spd|1\n|\n|upkeep\n|turn|2\n|\n|t:|1776348514\n|move|p1b: Floette|Protect|p1b: Floette\n|-singleturn|p1b: Floette|Protect\n|move|p2a: Aerodactyl|Rock Slide|p1b: Floette|[spread] p1a\n|-activate|p1b: Floette|move: Protect\n|-supereffective|p1a: Incineroar|1\n|-damage|p1a: Incineroar|72/100\n|move|p2b: Kangaskhan|Double-Edge|p1b: Floette\n|-activate|p1b: Floette|move: Protect\n|cant|p1a: Incineroar|flinch\n|\n|upkeep\n|turn|3\n|\n|t:|1776348535\n|switch|p1b: Sinistcha|Sinistcha, L50|100/100\n|-heal|p1a: Incineroar|97/100|[from] ability: Hospitality|[of] p1b: Sinistcha\n|move|p2a: Aerodactyl|Rock Slide|p1a: Incineroar|[spread] p1a\n|-miss|p2a: Aerodactyl|p1b: Sinistcha\n|-supereffective|p1a: Incineroar|1\n|-damage|p1a: Incineroar|68/100\n|move|p2b: Kangaskhan|Double-Edge|p1b: Sinistcha\n|-immune|p1b: Sinistcha\n|move|p1a: Incineroar|Will-O-Wisp|p2b: Kangaskhan\n|-status|p2b: Kangaskhan|brn\n|\n|-damage|p2b: Kangaskhan|84/100 brn|[from] brn\n|upkeep\n|turn|4\n|\n|t:|1776348559\n|switch|p2a: Tauros|Tauros-Paldea-Aqua, L50, M|100/100\n|-ability|p2a: Tauros|Intimidate|boost\n|-unboost|p1a: Incineroar|atk|1\n|-unboost|p1b: Sinistcha|atk|1\n|switch|p1a: Floette|Floette-Mega, L50, F|100/100\n|-ability|p1a: Floette|Fairy Aura\n|move|p2b: Kangaskhan|Sucker Punch|p1b: Sinistcha|[miss]\n|-miss|p2b: Kangaskhan|p1b: Sinistcha\n|move|p1b: Sinistcha|Matcha Gotcha|p2b: Kangaskhan|[spread] p2a\n|-miss|p1b: Sinistcha|p2b: Kangaskhan\n|-supereffective|p2a: Tauros|1\n|-damage|p2a: Tauros|43/100\n|-status|p2a: Tauros|brn\n|\n|-damage|p2b: Kangaskhan|78/100 brn|[from] brn\n|-damage|p2a: Tauros|37/100 brn|[from] brn\n|-sideend|p2: Guard1an711|move: Tailwind\n|upkeep\n|turn|5\n|inactive|rinthigh*67 has 30 seconds left.\n|inactive|Guard1an711 has 30 seconds left.\n|\n|t:|1776348587\n|move|p1b: Sinistcha|Rage Powder|p1b: Sinistcha\n|-singleturn|p1b: Sinistcha|move: Rage Powder\n|move|p2b: Kangaskhan|Double-Edge|p1b: Sinistcha\n|-immune|p1b: Sinistcha\n|move|p1a: Floette|Calm Mind|p1a: Floette\n|-boost|p1a: Floette|spa|1\n|-boost|p1a: Floette|spd|1\n|move|p2a: Tauros|Wave Crash|p1b: Sinistcha\n|-resisted|p1b: Sinistcha|1\n|-damage|p1b: Sinistcha|91/100\n|-damage|p2a: Tauros|33/100 brn|[from] Recoil\n|\n|-damage|p2b: Kangaskhan|72/100 brn|[from] brn\n|-damage|p2a: Tauros|27/100 brn|[from] brn\n|upkeep\n|turn|6\n|\n|t:|1776348610\n|switch|p2a: Aerodactyl|Aerodactyl, L50, F|100/100\n|-ability|p2a: Aerodactyl|Unnerve\n|move|p1b: Sinistcha|Rage Powder|p1b: Sinistcha\n|-singleturn|p1b: Sinistcha|move: Rage Powder\n|move|p2b: Kangaskhan|Double-Edge|p1b: Sinistcha\n|-immune|p1b: Sinistcha\n|move|p1a: Floette|Calm Mind|p1a: Floette\n|-boost|p1a: Floette|spa|1\n|-boost|p1a: Floette|spd|1\n|\n|-damage|p2b: Kangaskhan|65/100 brn|[from] brn\n|upkeep\n|turn|7\n|\n|t:|1776348631\n|move|p1b: Sinistcha|Rage Powder|p1b: Sinistcha\n|-singleturn|p1b: Sinistcha|move: Rage Powder\n|move|p2b: Kangaskhan|Sucker Punch||[still]\n|-fail|p2b: Kangaskhan\n|move|p2a: Aerodactyl|Dual Wingbeat|p1b: Sinistcha|[miss]\n|-miss|p2a: Aerodactyl|p1b: Sinistcha\n|move|p1a: Floette|Dazzling Gleam|p2b: Kangaskhan|[spread] p2a,p2b\n|-enditem|p2a: Aerodactyl|Focus Sash\n|-damage|p2a: Aerodactyl|1/100\n|-damage|p2b: Kangaskhan|0 fnt\n|faint|p2b: Kangaskhan\n|\n|upkeep\n|\n|t:|1776348644\n|switch|p2b: Excadrill|Excadrill, L50, F|100/100\n|-ability|p2b: Excadrill|Mold Breaker\n|turn|8\n|\n|t:|1776348655\n|move|p1b: Sinistcha|Rage Powder|p1b: Sinistcha\n|-singleturn|p1b: Sinistcha|move: Rage Powder\n|move|p2a: Aerodactyl|Dual Wingbeat|p1b: Sinistcha\n|-supereffective|p1b: Sinistcha|1\n|-damage|p1b: Sinistcha|64/100\n|-supereffective|p1b: Sinistcha|1\n|-damage|p1b: Sinistcha|36/100\n|-hitcount|p1b: Sinistcha|2\n|move|p1a: Floette|Dazzling Gleam|p2a: Aerodactyl|[spread] p2a,p2b\n|-resisted|p2b: Excadrill|1\n|-crit|p2b: Excadrill\n|-damage|p2a: Aerodactyl|0 fnt\n|-damage|p2b: Excadrill|8/100\n|faint|p2a: Aerodactyl\n|move|p2b: Excadrill|Iron Head|p1b: Sinistcha\n|-damage|p1b: Sinistcha|0 fnt\n|faint|p1b: Sinistcha\n|\n|upkeep\n|-message|Guard1an711 forfeited.\n|\n|win|rinthigh*67\n|raw|rinthigh*67's rating: 1086 &rarr; <strong>1115</strong><br />(+29 for winning)\n|raw|Guard1an711's rating: 1106 &rarr; <strong>1080</strong><br />(-26 for losing)\n|l|\u2606Guard1an711\n|player|p2|\n",
  "uploadtime": 1776348671,
  "views": 26,
  "formatid": "gen9championsvgc2026regma",
  "rating": 1080,
  "private": 0,
  "password": null
}