{
  "id": "gen9championsvgc2026regma-2587921776",
  "format": "[Gen 9 Champions] VGC 2026 Reg M-A",
  "players": [
    "namhoinon",
    "Pozzessed"
  ],
  "log": "|j|\u2606namhoinon\n|j|\u2606Pozzessed\n|t:|1776579407\n|gametype|doubles\n|player|p1|namhoinon|bugcatcher-gen4dp|1067\n|player|p2|Pozzessed|lady-gen3|1000\n|gen|9\n|tier|[Gen 9 Champions] VGC 2026 Reg M-A\n|rated|\n|rule|Species Clause: Limit one of each Pok\u00e9mon\n|rule|Item Clause: Limit 1 of each item\n|clearpoke\n|poke|p1|Scizor, L50, M|\n|poke|p1|Heracross, L50, F|\n|poke|p1|Volcarona, L50, M|\n|poke|p1|Araquanid, L50, F|\n|poke|p1|Vivillon, L50, F|\n|poke|p1|Beedrill, L50, F|\n|poke|p2|Dragapult, L50, M|\n|poke|p2|Sylveon, L50, F|\n|poke|p2|Garchomp, L50, F|\n|poke|p2|Aerodactyl, L50, F|\n|poke|p2|Floette-Eternal, L50, F|\n|poke|p2|Sinistcha-Masterpiece, L50|\n|teampreview|4\n|inactive|Battle timer is ON: inactive players will automatically lose when time's up. (requested by Pozzessed)\n|\n|t:|1776579431\n|teamsize|p1|4\n|teamsize|p2|4\n|start\n|switch|p1a: Vivillon|Vivillon, L50, F|100/100\n|switch|p1b: Scizor|Scizor, L50, M|100/100\n|switch|p2a: Aerodactyl|Aerodactyl, L50, F|100/100\n|switch|p2b: Garchomp|Garchomp, L50, F|100/100\n|turn|1\n|\n|t:|1776579447\n|detailschange|p1b: Scizor|Scizor-Mega, L50, M\n|-mega|p1b: Scizor|Scizor|Scizorite\n|move|p2a: Aerodactyl|Protect|p2a: Aerodactyl\n|-singleturn|p2a: Aerodactyl|Protect\n|move|p1a: Vivillon|Sleep Powder|p2b: Garchomp\n|-status|p2b: Garchomp|slp|[from] move: Sleep Powder\n|cant|p2b: Garchomp|slp\n|move|p1b: Scizor|Swords Dance|p1b: Scizor\n|-boost|p1b: Scizor|atk|2\n|\n|upkeep\n|turn|2\n|\n|t:|1776579465\n|switch|p2a: Dragapult|Dragapult, L50, M|100/100\n|move|p1a: Vivillon|Sleep Powder|p2a: Dragapult\n|-status|p2a: Dragapult|slp|[from] move: Sleep Powder\n|cant|p2b: Garchomp|slp\n|move|p1b: Scizor|Dual Wingbeat|p2b: Garchomp|[miss]\n|-miss|p1b: Scizor|p2b: Garchomp\n|\n|upkeep\n|turn|3\n|\n|t:|1776579483\n|switch|p1a: Volcarona|Volcarona, L50, M|100/100\n|-curestatus|p2b: Garchomp|slp|[msg]\n|move|p2b: Garchomp|Rock Slide|p1a: Volcarona|[spread] p1a,p1b\n|-supereffective|p1a: Volcarona|2\n|-enditem|p1a: Volcarona|Focus Sash\n|-damage|p1a: Volcarona|1/100\n|-damage|p1b: Scizor|83/100\n|cant|p2a: Dragapult|slp\n|move|p1b: Scizor|Dual Wingbeat|p2b: Garchomp\n|-damage|p2b: Garchomp|52/100\n|-damage|p1b: Scizor|71/100|[from] ability: Rough Skin|[of] p2b: Garchomp\n|-damage|p2b: Garchomp|4/100\n|-damage|p1b: Scizor|58/100|[from] ability: Rough Skin|[of] p2b: Garchomp\n|-hitcount|p2b: Garchomp|2\n|\n|upkeep\n|turn|4\n|\n|t:|1776579504\n|move|p1a: Volcarona|Rage Powder|p1a: Volcarona\n|-singleturn|p1a: Volcarona|move: Rage Powder\n|move|p1b: Scizor|Bullet Punch|p2b: Garchomp\n|-damage|p2b: Garchomp|0 fnt\n|-damage|p1b: Scizor|46/100|[from] ability: Rough Skin|[of] p2b: Garchomp\n|faint|p2b: Garchomp\n|cant|p2a: Dragapult|slp\n|\n|upkeep\n|\n|t:|1776579513\n|switch|p2b: Aerodactyl|Aerodactyl, L50, F|100/100\n|turn|5\n|\n|t:|1776579520\n|move|p2b: Aerodactyl|Protect|p2b: Aerodactyl\n|-singleturn|p2b: Aerodactyl|Protect\n|move|p1a: Volcarona|Rage Powder|p1a: Volcarona\n|-singleturn|p1a: Volcarona|move: Rage Powder\n|move|p1b: Scizor|Bullet Punch|p2a: Dragapult\n|-enditem|p2a: Dragapult|Focus Sash\n|-damage|p2a: Dragapult|1/100 slp\n|-curestatus|p2a: Dragapult|slp|[msg]\n|move|p2a: Dragapult|Shadow Ball|p1a: Volcarona\n|-damage|p1a: Volcarona|0 fnt\n|faint|p1a: Volcarona\n|\n|upkeep\n|\n|t:|1776579534\n|switch|p1a: Vivillon|Vivillon, L50, F|100/100\n|turn|6\n|\n|t:|1776579543\n|detailschange|p2b: Aerodactyl|Aerodactyl-Mega, L50, F\n|-mega|p2b: Aerodactyl|Aerodactyl|Aerodactylite\n|move|p1b: Scizor|Bullet Punch|p2a: Dragapult\n|-damage|p2a: Dragapult|0 fnt\n|faint|p2a: Dragapult\n|move|p1a: Vivillon|Sleep Powder|p2b: Aerodactyl\n|-status|p2b: Aerodactyl|slp|[from] move: Sleep Powder\n|cant|p2b: Aerodactyl|slp\n|\n|upkeep\n|\n|t:|1776579549\n|switch|p2a: Sylveon|Sylveon, L50, F|100/100\n|turn|7\n|\n|t:|1776579554\n|move|p1b: Scizor|Bullet Punch|p2b: Aerodactyl\n|-supereffective|p2b: Aerodactyl|1\n|-damage|p2b: Aerodactyl|0 fnt\n|faint|p2b: Aerodactyl\n|move|p1a: Vivillon|Sleep Powder|p2a: Sylveon\n|-status|p2a: Sylveon|slp|[from] move: Sleep Powder\n|cant|p2a: Sylveon|slp\n|\n|upkeep\n|turn|8\n|-message|Pozzessed forfeited.\n|\n|win|namhoinon\n|raw|namhoinon's rating: 1067 &rarr; <strong>1091</strong><br />(+24 for winning)\n|raw|Pozzessed's rating: 1000 &rarr; <strong>1000</strong><br />(+0 for losing)\n|l|\u2606Pozzessed\n|player|p2|\n",
  "uploadtime": 1776579569,
  "views": 31,
  "formatid": "gen9championsvgc2026regma",
  "rating": 1000,
  "private": 0,
  "password": null
}