{
  "id": "gen9championsvgc2026regma-2583964573",
  "format": "[Gen 9 Champions] VGC 2026 Reg M-A",
  "players": [
    "Yashinon",
    "somerandomcat451"
  ],
  "log": "|j|\u2606Yashinon\n|j|\u2606somerandomcat451\n|t:|1776212381\n|gametype|doubles\n|player|p1|Yashinon|170|1244\n|player|p2|somerandomcat451|ingo|1319\n|gen|9\n|tier|[Gen 9 Champions] VGC 2026 Reg M-A\n|rated|\n|rule|Species Clause: Limit one of each Pok\u00e9mon\n|rule|Item Clause: Limit 1 of each item\n|clearpoke\n|poke|p1|Floette-Eternal, L50, F|\n|poke|p1|Sinistcha, L50|\n|poke|p1|Scizor, L50, M|\n|poke|p1|Aerodactyl, L50, F|\n|poke|p1|Sneasler, L50, M|\n|poke|p1|Incineroar, L50, F|\n|poke|p2|Charizard, L50, M|\n|poke|p2|Venusaur, L50, M|\n|poke|p2|Heliolisk, L50, F|\n|poke|p2|Garchomp, L50, F|\n|poke|p2|Whimsicott, L50, M|\n|poke|p2|Sneasler, L50, M|\n|teampreview|4\n|inactive|Battle timer is ON: inactive players will automatically lose when time's up. (requested by somerandomcat451)\n|inactive|somerandomcat451 has 60 seconds left.\n|\n|t:|1776212434\n|teamsize|p1|4\n|teamsize|p2|4\n|start\n|switch|p1a: Floette|Floette-Eternal, L50, F|100/100\n|switch|p1b: Aerodactyl|Aerodactyl, L50, F|100/100\n|switch|p2a: Sneasler|Sneasler, L50, M|100/100\n|switch|p2b: Heliolisk|Heliolisk, L50, F|100/100\n|-ability|p1b: Aerodactyl|Unnerve\n|turn|1\n|inactive|Yashinon has 30 seconds left.\n|inactive|Yashinon has 20 seconds left.\n|inactive|Yashinon has 15 seconds left.\n|inactive|Yashinon has 10 seconds left.\n|inactive|Yashinon has 5 seconds left.\n|\n|t:|1776212485\n|detailschange|p1a: Floette|Floette-Mega, L50, F\n|-mega|p1a: Floette|Floette|Floettite\n|-ability|p1a: Floette|Fairy Aura\n|move|p2a: Sneasler|Fake Out|p1b: Aerodactyl\n|-resisted|p1b: Aerodactyl|1\n|-damage|p1b: Aerodactyl|89/100\n|cant|p1b: Aerodactyl|flinch\n|move|p2b: Heliolisk|Thunderbolt|p1b: Aerodactyl\n|-supereffective|p1b: Aerodactyl|1\n|-damage|p1b: Aerodactyl|0 fnt\n|faint|p1b: Aerodactyl\n|move|p1a: Floette|Dazzling Gleam|p2b: Heliolisk|[spread] p2a,p2b\n|-damage|p2a: Sneasler|40/100\n|-damage|p2b: Heliolisk|45/100\n|\n|upkeep\n|\n|t:|1776212504\n|switch|p1b: Incineroar|Incineroar, L50, F|100/100\n|-ability|p1b: Incineroar|Intimidate|boost\n|-unboost|p2a: Sneasler|atk|1\n|-unboost|p2b: Heliolisk|atk|1\n|-enditem|p2a: Sneasler|White Herb\n|-clearnegativeboost|p2a: Sneasler|[silent]\n|turn|2\n|\n|t:|1776212529\n|move|p2a: Sneasler|Protect|p2a: Sneasler\n|-singleturn|p2a: Sneasler|Protect\n|move|p1b: Incineroar|Fake Out|p2a: Sneasler\n|-activate|p2a: Sneasler|move: Protect\n|move|p2b: Heliolisk|Hyper Voice|p1a: Floette|[spread] p1a,p1b\n|-damage|p1a: Floette|77/100\n|-damage|p1b: Incineroar|67/100\n|move|p1a: Floette|Calm Mind|p1a: Floette\n|-boost|p1a: Floette|spa|1\n|-boost|p1a: Floette|spd|1\n|\n|upkeep\n|turn|3\n|\n|t:|1776212551\n|move|p1a: Floette|Protect|p1a: Floette\n|-singleturn|p1a: Floette|Protect\n|move|p2a: Sneasler|Dire Claw|p1a: Floette\n|-activate|p1a: Floette|move: Protect\n|move|p2b: Heliolisk|Hyper Beam|p1b: Incineroar\n|-damage|p1b: Incineroar|0 fnt\n|-mustrecharge|p2b: Heliolisk\n|faint|p1b: Incineroar\n|\n|upkeep\n|\n|t:|1776212560\n|switch|p1b: Sneasler|Sneasler, L50, M|100/100\n|-ability|p1b: Sneasler|Pressure\n|turn|4\n|\n|t:|1776212571\n|move|p2a: Sneasler|Protect|p2a: Sneasler\n|-singleturn|p2a: Sneasler|Protect\n|move|p1b: Sneasler|Fake Out|p2a: Sneasler\n|-activate|p2a: Sneasler|move: Protect\n|cant|p2b: Heliolisk|recharge\n|move|p1a: Floette|Dazzling Gleam|p2a: Sneasler|[spread] p2b\n|-activate|p2a: Sneasler|move: Protect\n|-damage|p2b: Heliolisk|0 fnt\n|faint|p2b: Heliolisk\n|\n|upkeep\n|\n|t:|1776212582\n|switch|p2b: Charizard|Charizard, L50, M, shiny|100/100\n|turn|5\n|inactive|Yashinon has 30 seconds left.\n|inactive|somerandomcat451 has 30 seconds left.\n|inactive|Yashinon has 20 seconds left.\n|\n|t:|1776212621\n|switch|p2a: Garchomp|Garchomp, L50, F|100/100\n|detailschange|p2b: Charizard|Charizard-Mega-Y, L50, M, shiny\n|-mega|p2b: Charizard|Charizard|Charizardite Y\n|-weather|SunnyDay|[from] ability: Drought|[of] p2b: Charizard\n|move|p1b: Sneasler|Close Combat|p2b: Charizard\n|-resisted|p2b: Charizard|1\n|-damage|p2b: Charizard|53/100\n|-unboost|p1b: Sneasler|def|1\n|-unboost|p1b: Sneasler|spd|1\n|-enditem|p1b: Sneasler|White Herb\n|-clearnegativeboost|p1b: Sneasler|[silent]\n|move|p2b: Charizard|Heat Wave|p1b: Sneasler|[spread] p1a\n|-miss|p2b: Charizard|p1b: Sneasler\n|-damage|p1a: Floette|45/100\n|move|p1a: Floette|Moonblast|p2b: Charizard\n|-resisted|p2b: Charizard|1\n|-damage|p2b: Charizard|0 fnt\n|faint|p2b: Charizard\n|\n|-weather|SunnyDay|[upkeep]\n|upkeep\n|\n|t:|1776212637\n|switch|p2b: Sneasler|Sneasler, L50, M|40/100\n|turn|6\n|inactive|somerandomcat451 has 30 seconds left.\n|\n|t:|1776212668\n|move|p2b: Sneasler|Protect|p2b: Sneasler\n|-singleturn|p2b: Sneasler|Protect\n|move|p1a: Floette|Protect|p1a: Floette\n|-singleturn|p1a: Floette|Protect\n|move|p1b: Sneasler|Close Combat|p2b: Sneasler\n|-activate|p2b: Sneasler|move: Protect\n|move|p2a: Garchomp|Earthquake|p1b: Sneasler|[spread] p1b\n|-activate|p2b: Sneasler|move: Protect\n|-activate|p1a: Floette|move: Protect\n|-supereffective|p1b: Sneasler|1\n|-damage|p1b: Sneasler|0 fnt\n|faint|p1b: Sneasler\n|\n|-weather|SunnyDay|[upkeep]\n|upkeep\n|turn|7\n|\n|t:|1776212683\n|move|p2b: Sneasler|Dire Claw|p1a: Floette\n|-supereffective|p1a: Floette|1\n|-damage|p1a: Floette|0 fnt\n|faint|p1a: Floette\n|\n|win|somerandomcat451\n|raw|Yashinon's rating: 1244 &rarr; <strong>1224</strong><br />(-20 for losing)\n|raw|somerandomcat451's rating: 1319 &rarr; <strong>1335</strong><br />(+16 for winning)\n|l|\u2606Yashinon\n|player|p1|\n",
  "uploadtime": 1776212785,
  "views": 32,
  "formatid": "gen9championsvgc2026regma",
  "rating": 1224,
  "private": 0,
  "password": null
}