{
  "id": "gen9championsvgc2026regma-2582573285",
  "format": "[Gen 9 Champions] VGC 2026 Reg M-A",
  "players": [
    "colfox",
    "fdrfhjfgxd"
  ],
  "log": "|j|\u2606colfox\n|j|\u2606fdrfhjfgxd\n|t:|1776100215\n|gametype|doubles\n|player|p1|colfox|265|1176\n|player|p2|fdrfhjfgxd|2|1206\n|gen|9\n|tier|[Gen 9 Champions] VGC 2026 Reg M-A\n|rated|\n|rule|Species Clause: Limit one of each Pok\u00e9mon\n|rule|Item Clause: Limit 1 of each item\n|clearpoke\n|poke|p1|Ninetales, L50, M|\n|poke|p1|Dragonite, L50, F|\n|poke|p1|Sylveon, L50, M|\n|poke|p1|Milotic, L50, M|\n|poke|p1|Delphox, L50, M|\n|poke|p1|Garchomp, L50, M|\n|poke|p2|Charizard, L50, F|\n|poke|p2|Venusaur, L50, M|\n|poke|p2|Garchomp, L50, F|\n|poke|p2|Rotom-Wash, L50|\n|poke|p2|Sneasler, L50, F|\n|poke|p2|Incineroar, L50, M|\n|teampreview|4\n|\n|t:|1776100234\n|teamsize|p1|4\n|teamsize|p2|4\n|start\n|switch|p1a: Milotic|Milotic, L50, M|100/100\n|switch|p1b: Delphox|Delphox, L50, M|100/100\n|switch|p2a: Venusaur|Venusaur, L50, M, shiny|100/100\n|switch|p2b: Charizard|Charizard, L50, F, shiny|100/100\n|turn|1\n|\n|t:|1776100265\n|detailschange|p1b: Delphox|Delphox-Mega, L50, M\n|-mega|p1b: Delphox|Delphox|Delphoxite\n|detailschange|p2b: Charizard|Charizard-Mega-Y, L50, F, shiny\n|-mega|p2b: Charizard|Charizard|Charizardite Y\n|-weather|SunnyDay|[from] ability: Drought|[of] p2b: Charizard\n|move|p2a: Venusaur|Sleep Powder|p1b: Delphox\n|-status|p1b: Delphox|slp|[from] move: Sleep Powder\n|cant|p1b: Delphox|slp\n|move|p2b: Charizard|Solar Beam||[still]\n|-prepare|p2b: Charizard|Solar Beam\n|-anim|p2b: Charizard|Solar Beam|p1a: Milotic\n|-supereffective|p1a: Milotic|1\n|-damage|p1a: Milotic|25/100\n|move|p1a: Milotic|Icy Wind|p2b: Charizard|[spread] p2a,p2b\n|-supereffective|p2a: Venusaur|1\n|-damage|p2a: Venusaur|68/100\n|-damage|p2b: Charizard|88/100\n|-unboost|p2a: Venusaur|spe|1\n|-unboost|p2b: Charizard|spe|1\n|\n|-weather|SunnyDay|[upkeep]\n|-heal|p1a: Milotic|31/100|[from] item: Leftovers\n|upkeep\n|turn|2\n|\n|t:|1776100301\n|move|p1a: Milotic|Protect|p1a: Milotic\n|-singleturn|p1a: Milotic|Protect\n|-curestatus|p1b: Delphox|slp|[msg]\n|move|p1b: Delphox|Psychic|p2b: Charizard\n|-damage|p2b: Charizard|33/100\n|move|p2a: Venusaur|Sludge Bomb|p1b: Delphox\n|-damage|p1b: Delphox|56/100\n|move|p2b: Charizard|Heat Wave|p1a: Milotic|[spread] p1b\n|-activate|p1a: Milotic|move: Protect\n|-resisted|p1b: Delphox|1\n|-damage|p1b: Delphox|21/100\n|\n|-weather|SunnyDay|[upkeep]\n|-heal|p1a: Milotic|37/100|[from] item: Leftovers\n|upkeep\n|turn|3\n|\n|t:|1776100324\n|switch|p2b: Garchomp|Garchomp, L50, F, shiny|100/100\n|move|p2a: Venusaur|Protect|p2a: Venusaur\n|-singleturn|p2a: Venusaur|Protect\n|move|p1b: Delphox|Psychic|p2a: Venusaur\n|-activate|p2a: Venusaur|move: Protect\n|move|p1a: Milotic|Scald|p2b: Garchomp\n|-damage|p2b: Garchomp|81/100\n|-status|p2b: Garchomp|brn\n|\n|-weather|SunnyDay|[upkeep]\n|-heal|p1a: Milotic|43/100|[from] item: Leftovers\n|-damage|p2b: Garchomp|75/100 brn|[from] brn\n|upkeep\n|turn|4\n|\n|t:|1776100346\n|move|p2b: Garchomp|Earthquake|p1b: Delphox|[spread] p2a,p1a\n|-immune|p1b: Delphox|[from] ability: Levitate\n|-crit|p1a: Milotic\n|-damage|p2a: Venusaur|42/100\n|-damage|p1a: Milotic|8/100\n|move|p1b: Delphox|Heat Wave|p2a: Venusaur|[spread] p2a,p2b\n|-supereffective|p2a: Venusaur|1\n|-resisted|p2b: Garchomp|1\n|-damage|p2a: Venusaur|0 fnt\n|-damage|p2b: Garchomp|40/100 brn\n|faint|p2a: Venusaur\n|move|p1a: Milotic|Icy Wind|p2b: Garchomp\n|-supereffective|p2b: Garchomp|2\n|-damage|p2b: Garchomp|0 fnt\n|faint|p2b: Garchomp\n|\n|-weather|SunnyDay|[upkeep]\n|-heal|p1a: Milotic|14/100|[from] item: Leftovers\n|upkeep\n|\n|t:|1776100363\n|switch|p2b: Sneasler|Sneasler, L50, F|100/100\n|switch|p2a: Charizard|Charizard-Mega-Y, L50, F, shiny|33/100\n|turn|5\n|\n|t:|1776100379\n|move|p1b: Delphox|Protect|p1b: Delphox\n|-singleturn|p1b: Delphox|Protect\n|move|p1a: Milotic|Protect|p1a: Milotic\n|-singleturn|p1a: Milotic|Protect\n|move|p2b: Sneasler|Fake Out|p1b: Delphox\n|-activate|p1b: Delphox|move: Protect\n|move|p2a: Charizard|Heat Wave|p1b: Delphox|[spread] \n|-activate|p1a: Milotic|move: Protect\n|-activate|p1b: Delphox|move: Protect\n|\n|-weather|none\n|-heal|p1a: Milotic|20/100|[from] item: Leftovers\n|upkeep\n|turn|6\n|\n|t:|1776100400\n|move|p1b: Delphox|Psychic|p2b: Sneasler\n|-supereffective|p2b: Sneasler|2\n|-damage|p2b: Sneasler|0 fnt\n|faint|p2b: Sneasler\n|move|p2a: Charizard|Heat Wave|p1a: Milotic|[spread] p1a,p1b\n|-resisted|p1a: Milotic|1\n|-resisted|p1b: Delphox|1\n|-damage|p1a: Milotic|3/100\n|-damage|p1b: Delphox|0 fnt\n|faint|p1b: Delphox\n|move|p1a: Milotic|Scald|p2a: Charizard\n|-supereffective|p2a: Charizard|1\n|-crit|p2a: Charizard\n|-damage|p2a: Charizard|0 fnt\n|faint|p2a: Charizard\n|\n|win|colfox\n|raw|colfox's rating: 1176 &rarr; <strong>1203</strong><br />(+27 for winning)\n|raw|fdrfhjfgxd's rating: 1206 &rarr; <strong>1179</strong><br />(-27 for losing)\n|l|\u2606fdrfhjfgxd\n|player|p2|\n",
  "uploadtime": 1776100454,
  "views": 25,
  "formatid": "gen9championsvgc2026regma",
  "rating": 1179,
  "private": 0,
  "password": null
}