{
  "id": "gen9championsvgc2026regma-2584247112",
  "format": "[Gen 9 Champions] VGC 2026 Reg M-A",
  "players": [
    "Magmhaul",
    "plaweh"
  ],
  "log": "|j|\u2606Magmhaul\n|j|\u2606plaweh\n|t:|1776242850\n|gametype|doubles\n|player|p1|Magmhaul|blue|1301\n|player|p2|plaweh|2|1217\n|gen|9\n|tier|[Gen 9 Champions] VGC 2026 Reg M-A\n|rated|\n|rule|Species Clause: Limit one of each Pok\u00e9mon\n|rule|Item Clause: Limit 1 of each item\n|clearpoke\n|poke|p1|Floette-Eternal, L50, F|\n|poke|p1|Tyranitar, L50, M|\n|poke|p1|Incineroar, L50, F|\n|poke|p1|Garchomp, L50, F|\n|poke|p1|Corviknight, L50, F|\n|poke|p1|Rotom-Wash, L50|\n|poke|p2|Basculegion, L50, M|\n|poke|p2|Pelipper, L50, F|\n|poke|p2|Archaludon, L50, M|\n|poke|p2|Incineroar, L50, F|\n|poke|p2|Venusaur, L50, F|\n|poke|p2|Farigiraf, L50, F|\n|teampreview|4\n|inactive|Battle timer is ON: inactive players will automatically lose when time's up. (requested by plaweh)\n|\n|t:|1776242879\n|teamsize|p1|4\n|teamsize|p2|4\n|start\n|switch|p1a: Rotom|Rotom-Wash, L50|100/100\n|switch|p1b: Floette|Floette-Eternal, L50, F|100/100\n|switch|p2a: Archaludon|Archaludon, L50, M|100/100\n|switch|p2b: Venusaur|Venusaur, L50, F|100/100\n|turn|1\n|inactive|Magmhaul has 30 seconds left.\n|\n|t:|1776242910\n|switch|p1b: Tyranitar|Tyranitar, L50, M|100/100\n|-weather|Sandstorm|[from] ability: Sand Stream|[of] p1b: Tyranitar\n|detailschange|p2b: Venusaur|Venusaur-Mega, L50, F\n|-mega|p2b: Venusaur|Venusaur|Venusaurite\n|move|p1a: Rotom|Volt Switch|p2b: Venusaur\n|-resisted|p2b: Venusaur|1\n|-damage|p2b: Venusaur|87/100\n|\n|t:|1776242918\n|switch|p1a: Garchomp|Garchomp, L50, F|100/100|[from] Volt Switch\n|move|p2a: Archaludon|Dragon Pulse|p1a: Garchomp\n|-supereffective|p1a: Garchomp|1\n|-damage|p1a: Garchomp|5/100\n|move|p2b: Venusaur|Giga Drain|p1a: Garchomp\n|-crit|p1a: Garchomp\n|-damage|p1a: Garchomp|0 fnt\n|-heal|p2b: Venusaur|89/100|[from] drain|[of] p1a: Garchomp\n|faint|p1a: Garchomp\n|\n|-weather|Sandstorm|[upkeep]\n|-damage|p2b: Venusaur|83/100|[from] Sandstorm\n|upkeep\n|\n|t:|1776242928\n|switch|p1a: Floette|Floette-Eternal, L50, F|100/100\n|turn|2\n|\n|t:|1776242942\n|detailschange|p1a: Floette|Floette-Mega, L50, F\n|-mega|p1a: Floette|Floette|Floettite\n|-ability|p1a: Floette|Fairy Aura\n|move|p1a: Floette|Calm Mind|p1a: Floette\n|-boost|p1a: Floette|spa|1\n|-boost|p1a: Floette|spd|1\n|move|p2a: Archaludon|Flash Cannon|p1b: Tyranitar\n|-supereffective|p1b: Tyranitar|1\n|-damage|p1b: Tyranitar|48/100\n|move|p2b: Venusaur|Sludge Bomb|p1a: Floette\n|-supereffective|p1a: Floette|1\n|-damage|p1a: Floette|61/100\n|move|p1b: Tyranitar|Low Kick|p2a: Archaludon\n|-supereffective|p2a: Archaludon|1\n|-damage|p2a: Archaludon|62/100\n|-ability|p2a: Archaludon|Stamina|boost\n|-boost|p2a: Archaludon|def|1\n|\n|-weather|Sandstorm|[upkeep]\n|-damage|p1a: Floette|55/100|[from] Sandstorm\n|-damage|p2b: Venusaur|78/100|[from] Sandstorm\n|-heal|p2a: Archaludon|68/100|[from] item: Leftovers\n|upkeep\n|turn|3\n|\n|t:|1776242966\n|move|p1a: Floette|Moonblast|p2a: Archaludon\n|-damage|p2a: Archaludon|0 fnt\n|faint|p2a: Archaludon\n|move|p2b: Venusaur|Giga Drain|p1b: Tyranitar\n|-supereffective|p1b: Tyranitar|1\n|-damage|p1b: Tyranitar|10/100\n|-heal|p2b: Venusaur|98/100|[from] drain|[of] p1b: Tyranitar\n|move|p1b: Tyranitar|Rock Slide|p2b: Venusaur\n|-damage|p2b: Venusaur|72/100\n|\n|-weather|Sandstorm|[upkeep]\n|-damage|p1a: Floette|49/100|[from] Sandstorm\n|-damage|p2b: Venusaur|66/100|[from] Sandstorm\n|upkeep\n|\n|t:|1776242976\n|switch|p2a: Pelipper|Pelipper, L50, F|100/100\n|-weather|RainDance|[from] ability: Drizzle|[of] p2a: Pelipper\n|turn|4\n|\n|t:|1776242990\n|move|p1a: Floette|Dazzling Gleam|p2a: Pelipper|[spread] p2a,p2b\n|-resisted|p2b: Venusaur|1\n|-damage|p2a: Pelipper|5/100\n|-damage|p2b: Venusaur|41/100\n|move|p2a: Pelipper|Tailwind|p2a: Pelipper\n|-sidestart|p2: plaweh|move: Tailwind\n|move|p2b: Venusaur|Sludge Bomb|p1a: Floette\n|-supereffective|p1a: Floette|1\n|-damage|p1a: Floette|8/100\n|move|p1b: Tyranitar|Rock Slide|p2b: Venusaur|[spread] p2a,p2b\n|-supereffective|p2a: Pelipper|1\n|-damage|p2a: Pelipper|0 fnt\n|-damage|p2b: Venusaur|20/100\n|faint|p2a: Pelipper\n|\n|-weather|RainDance|[upkeep]\n|upkeep\n|\n|t:|1776243001\n|switch|p2a: Basculegion|Basculegion, L50, M|100/100\n|turn|5\n|\n|t:|1776243017\n|switch|p1b: Rotom|Rotom-Wash, L50|100/100\n|move|p1a: Floette|Protect|p1a: Floette\n|-singleturn|p1a: Floette|Protect\n|move|p2a: Basculegion|Last Respects|p1a: Floette\n|-activate|p1a: Floette|move: Protect\n|move|p2b: Venusaur|Giga Drain|p1b: Rotom\n|-supereffective|p1b: Rotom|1\n|-damage|p1b: Rotom|12/100\n|-heal|p2b: Venusaur|52/100|[from] drain|[of] p1b: Rotom\n|\n|-weather|RainDance|[upkeep]\n|upkeep\n|turn|6\n|\n|t:|1776243034\n|switch|p1a: Tyranitar|Tyranitar, L50, M|10/100\n|-weather|Sandstorm|[from] ability: Sand Stream|[of] p1a: Tyranitar\n|move|p2a: Basculegion|Last Respects|p1a: Tyranitar\n|-resisted|p1a: Tyranitar|1\n|-damage|p1a: Tyranitar|0 fnt\n|faint|p1a: Tyranitar\n|move|p1b: Rotom|Thunderbolt|p2a: Basculegion\n|-supereffective|p2a: Basculegion|1\n|-damage|p2a: Basculegion|5/100\n|move|p2b: Venusaur|Giga Drain|p1b: Rotom\n|-supereffective|p1b: Rotom|1\n|-damage|p1b: Rotom|0 fnt\n|-heal|p2b: Venusaur|57/100|[from] drain|[of] p1b: Rotom\n|faint|p1b: Rotom\n|\n|-weather|Sandstorm|[upkeep]\n|-damage|p2a: Basculegion|0 fnt|[from] Sandstorm\n|-damage|p2b: Venusaur|51/100|[from] Sandstorm\n|faint|p2a: Basculegion\n|upkeep\n|\n|t:|1776243041\n|switch|p1b: Floette|Floette-Mega, L50, F|8/100\n|-ability|p1b: Floette|Fairy Aura\n|turn|7\n|\n|t:|1776243062\n|move|p1b: Floette|Protect|p1b: Floette\n|-singleturn|p1b: Floette|Protect\n|move|p2b: Venusaur|Sludge Bomb|p1b: Floette\n|-activate|p1b: Floette|move: Protect\n|\n|-weather|Sandstorm|[upkeep]\n|-damage|p2b: Venusaur|45/100|[from] Sandstorm\n|-damage|p1b: Floette|2/100|[from] Sandstorm\n|-sideend|p2: plaweh|move: Tailwind\n|upkeep\n|turn|8\n|\n|t:|1776243068\n|move|p2b: Venusaur|Protect|p2b: Venusaur\n|-singleturn|p2b: Venusaur|Protect\n|move|p1b: Floette|Moonblast|p2b: Venusaur\n|-activate|p2b: Venusaur|move: Protect\n|\n|-weather|Sandstorm|[upkeep]\n|-damage|p1b: Floette|0 fnt|[from] Sandstorm\n|-damage|p2b: Venusaur|39/100|[from] Sandstorm\n|faint|p1b: Floette\n|\n|win|plaweh\n|raw|Magmhaul's rating: 1301 &rarr; <strong>1276</strong><br />(-25 for losing)\n|raw|plaweh's rating: 1217 &rarr; <strong>1248</strong><br />(+31 for winning)\n|l|\u2606Magmhaul\n|player|p1|\n",
  "uploadtime": 1776243083,
  "views": 24,
  "formatid": "gen9championsvgc2026regma",
  "rating": 1248,
  "private": 0,
  "password": null
}