{
  "id": "gen9championsvgc2026regma-2587820958",
  "format": "[Gen 9 Champions] VGC 2026 Reg M-A",
  "players": [
    "Charizard=trash",
    "geekaleek"
  ],
  "log": "|j|\u2606Charizard=trash\n|j|\u2606geekaleek\n|t:|1776567407\n|gametype|doubles\n|player|p1|Charizard=trash|carmine-festival|1479\n|player|p2|geekaleek|102|1512\n|gen|9\n|tier|[Gen 9 Champions] VGC 2026 Reg M-A\n|rated|\n|rule|Species Clause: Limit one of each Pok\u00e9mon\n|rule|Item Clause: Limit 1 of each item\n|clearpoke\n|poke|p1|Froslass, L50, F|\n|poke|p1|Sneasler, L50, F|\n|poke|p1|Mamoswine, L50, M|\n|poke|p1|Basculegion, L50, M|\n|poke|p1|Aerodactyl, L50, M|\n|poke|p1|Rotom-Wash, L50|\n|poke|p2|Kingambit, L50, M|\n|poke|p2|Sneasler, L50, F|\n|poke|p2|Froslass, L50, F|\n|poke|p2|Rotom-Wash, L50|\n|poke|p2|Sinistcha-Masterpiece, L50|\n|poke|p2|Tauros-Paldea-Blaze, L50, M|\n|teampreview|4\n|\n|t:|1776567466\n|teamsize|p1|4\n|teamsize|p2|4\n|start\n|switch|p1a: Rotom|Rotom-Wash, L50|100/100\n|switch|p1b: Froslass|Froslass, L50, F|100/100\n|switch|p2a: Tauros|Tauros-Paldea-Blaze, L50, M|100/100\n|switch|p2b: Rotom|Rotom-Wash, L50|100/100\n|-ability|p2a: Tauros|Intimidate|boost\n|-unboost|p1a: Rotom|atk|1\n|-unboost|p1b: Froslass|atk|1\n|turn|1\n|j| anubisjr\n|\n|t:|1776567517\n|move|p1b: Froslass|Protect|p1b: Froslass\n|-singleturn|p1b: Froslass|Protect\n|move|p2a: Tauros|Protect|p2a: Tauros\n|-singleturn|p2a: Tauros|Protect\n|move|p2b: Rotom|Thunderbolt|p1b: Froslass\n|-activate|p1b: Froslass|move: Protect\n|move|p1a: Rotom|Electroweb|p2b: Rotom|[spread] p2b\n|-activate|p2a: Tauros|move: Protect\n|-damage|p2b: Rotom|85/100\n|-unboost|p2b: Rotom|spe|1\n|\n|-heal|p2b: Rotom|90/100|[from] item: Leftovers\n|upkeep\n|turn|2\n|\n|t:|1776567549\n|switch|p2b: Kingambit|Kingambit, L50, M|100/100\n|detailschange|p1b: Froslass|Froslass-Mega, L50, F\n|-mega|p1b: Froslass|Froslass|Froslassite\n|-weather|Snowscape|[from] ability: Snow Warning|[of] p1b: Froslass\n|move|p1b: Froslass|Aurora Veil|p1b: Froslass\n|-sidestart|p1: Charizard=trash|move: Aurora Veil\n|move|p2a: Tauros|Flare Blitz|p1b: Froslass\n|-supereffective|p1b: Froslass|1\n|-damage|p1b: Froslass|19/100\n|-damage|p2a: Tauros|74/100|[from] Recoil\n|move|p1a: Rotom|Hydro Pump|p2a: Tauros|[miss]\n|-miss|p1a: Rotom|p2a: Tauros\n|\n|-weather|Snowscape|[upkeep]\n|upkeep\n|turn|3\n|\n|t:|1776567586\n|move|p1b: Froslass|Protect|p1b: Froslass\n|-singleturn|p1b: Froslass|Protect\n|move|p2b: Kingambit|Protect|p2b: Kingambit\n|-singleturn|p2b: Kingambit|Protect\n|move|p2a: Tauros|Close Combat|p1a: Rotom\n|-damage|p1a: Rotom|67/100\n|-unboost|p2a: Tauros|def|1\n|-unboost|p2a: Tauros|spd|1\n|move|p1a: Rotom|Hydro Pump|p2a: Tauros|[miss]\n|-miss|p1a: Rotom|p2a: Tauros\n|\n|-weather|Snowscape|[upkeep]\n|-heal|p1a: Rotom|73/100|[from] item: Leftovers\n|upkeep\n|turn|4\n|\n|t:|1776567626\n|switch|p2a: Rotom|Rotom-Wash, L50|90/100\n|move|p1b: Froslass|Shadow Ball|p2a: Rotom\n|-damage|p2a: Rotom|44/100\n|-unboost|p2a: Rotom|spd|1\n|move|p1a: Rotom|Hydro Pump|p2a: Rotom\n|-resisted|p2a: Rotom|1\n|-damage|p2a: Rotom|14/100\n|move|p2b: Kingambit|Swords Dance|p2b: Kingambit\n|-boost|p2b: Kingambit|atk|2\n|\n|-weather|Snowscape|[upkeep]\n|-heal|p2a: Rotom|20/100|[from] item: Leftovers\n|-heal|p1a: Rotom|79/100|[from] item: Leftovers\n|upkeep\n|turn|5\n|\n|t:|1776567642\n|move|p2a: Rotom|Protect|p2a: Rotom\n|-singleturn|p2a: Rotom|Protect\n|move|p1b: Froslass|Blizzard|p2b: Kingambit|[spread] p2b\n|-activate|p2a: Rotom|move: Protect\n|-resisted|p2b: Kingambit|1\n|-damage|p2b: Kingambit|80/100\n|move|p1a: Rotom|Will-O-Wisp|p2b: Kingambit\n|-status|p2b: Kingambit|brn\n|move|p2b: Kingambit|Kowtow Cleave|p1a: Rotom\n|-damage|p1a: Rotom|46/100\n|\n|-weather|Snowscape|[upkeep]\n|-heal|p2a: Rotom|25/100|[from] item: Leftovers\n|-heal|p1a: Rotom|51/100|[from] item: Leftovers\n|-damage|p2b: Kingambit|74/100 brn|[from] brn\n|upkeep\n|turn|6\n|\n|t:|1776567689\n|move|p1b: Froslass|Blizzard|p2a: Rotom|[spread] p2a,p2b\n|-resisted|p2a: Rotom|1\n|-resisted|p2b: Kingambit|1\n|-damage|p2a: Rotom|0 fnt\n|-damage|p2b: Kingambit|53/100 brn\n|faint|p2a: Rotom\n|move|p1a: Rotom|Hydro Pump|p2b: Kingambit|[miss]\n|-miss|p1a: Rotom|p2b: Kingambit\n|move|p2b: Kingambit|Kowtow Cleave|p1a: Rotom\n|-damage|p1a: Rotom|21/100\n|\n|-weather|none\n|-heal|p1a: Rotom|27/100|[from] item: Leftovers\n|-damage|p2b: Kingambit|47/100 brn|[from] brn\n|-sideend|p1: Charizard=trash|move: Aurora Veil\n|upkeep\n|\n|t:|1776567699\n|switch|p2a: Froslass|Froslass, L50, F|100/100\n|turn|7\n|\n|t:|1776567722\n|detailschange|p2a: Froslass|Froslass-Mega, L50, F\n|-mega|p2a: Froslass|Froslass|Froslassite\n|-weather|Snowscape|[from] ability: Snow Warning|[of] p2a: Froslass\n|move|p2b: Kingambit|Sucker Punch|p1b: Froslass\n|-supereffective|p1b: Froslass|1\n|-damage|p1b: Froslass|0 fnt\n|faint|p1b: Froslass\n|move|p2a: Froslass|Shadow Ball|p1a: Rotom\n|-damage|p1a: Rotom|0 fnt\n|faint|p1a: Rotom\n|\n|-weather|Snowscape|[upkeep]\n|-damage|p2b: Kingambit|41/100 brn|[from] brn\n|upkeep\n|\n|t:|1776567732\n|switch|p1b: Basculegion|Basculegion, L50, M|100/100\n|switch|p1a: Sneasler|Sneasler, L50, F|100/100\n|turn|8\n|\n|t:|1776567760\n|switch|p2a: Tauros|Tauros-Paldea-Blaze, L50, M|74/100\n|-ability|p2a: Tauros|Intimidate|boost\n|-unboost|p1a: Sneasler|atk|1\n|-unboost|p1b: Basculegion|atk|1\n|-enditem|p1a: Sneasler|White Herb\n|-clearnegativeboost|p1a: Sneasler|[silent]\n|move|p2b: Kingambit|Protect|p2b: Kingambit\n|-singleturn|p2b: Kingambit|Protect\n|move|p1a: Sneasler|Close Combat|p2b: Kingambit\n|-activate|p2b: Kingambit|move: Protect\n|move|p1b: Basculegion|Last Respects|p2a: Tauros\n|-damage|p2a: Tauros|3/100\n|\n|-weather|Snowscape|[upkeep]\n|-damage|p2b: Kingambit|35/100 brn|[from] brn\n|upkeep\n|turn|9\n|\n|t:|1776567783\n|move|p2b: Kingambit|Sucker Punch|p1b: Basculegion\n|-supereffective|p1b: Basculegion|1\n|-damage|p1b: Basculegion|0 fnt\n|faint|p1b: Basculegion\n|move|p1a: Sneasler|Dire Claw|p2a: Tauros\n|-damage|p2a: Tauros|0 fnt\n|faint|p2a: Tauros\n|\n|-weather|Snowscape|[upkeep]\n|-damage|p2b: Kingambit|29/100 brn|[from] brn\n|upkeep\n|\n|t:|1776567788\n|switch|p2a: Froslass|Froslass-Mega, L50, F|100/100\n|turn|10\n|-message|Charizard=trash forfeited.\n|\n|win|geekaleek\n|raw|Charizard=trash's rating: 1479 &rarr; <strong>1461</strong><br />(-18 for losing)\n|raw|geekaleek's rating: 1512 &rarr; <strong>1530</strong><br />(+18 for winning)\n|l|\u2606Charizard=trash\n|player|p1|\n",
  "uploadtime": 1776567801,
  "views": 18,
  "formatid": "gen9championsvgc2026regma",
  "rating": 1461,
  "private": 0,
  "password": null
}