{
  "id": "gen9championsvgc2026regma-2586906831",
  "format": "[Gen 9 Champions] VGC 2026 Reg M-A",
  "players": [
    "fkalsdkas",
    "elhelicoptero"
  ],
  "log": "|j|\u2606fkalsdkas\n|j|\u2606elhelicoptero\n|t:|1776470587\n|gametype|doubles\n|player|p1|fkalsdkas|102|1076\n|player|p2|elhelicoptero|burglar|1080\n|gen|9\n|tier|[Gen 9 Champions] VGC 2026 Reg M-A\n|rated|\n|rule|Species Clause: Limit one of each Pok\u00e9mon\n|rule|Item Clause: Limit 1 of each item\n|clearpoke\n|poke|p1|Delphox, L50, M|\n|poke|p1|Floette-Eternal, L50, F|\n|poke|p1|Sneasler, L50, M|\n|poke|p1|Kingambit, L50, F|\n|poke|p1|Incineroar, L50, F|\n|poke|p1|Garchomp, L50, F|\n|poke|p2|Excadrill, L50, F|\n|poke|p2|Dragonite, L50, M|\n|poke|p2|Rotom-Wash, L50|\n|poke|p2|Corviknight, L50, F|\n|poke|p2|Floette-Eternal, L50, F|\n|poke|p2|Maushold, L50|\n|teampreview|4\n|\n|t:|1776470630\n|teamsize|p1|4\n|teamsize|p2|4\n|start\n|switch|p1a: Delphox|Delphox, L50, M|100/100\n|switch|p1b: Garchomp|Garchomp, L50, F|100/100\n|switch|p2a: Corviknight|Corviknight, L50, F|100/100\n|switch|p2b: Rotom|Rotom-Wash, L50|100/100\n|turn|1\n|\n|t:|1776470645\n|detailschange|p1a: Delphox|Delphox-Mega, L50, M\n|-mega|p1a: Delphox|Delphox|Delphoxite\n|move|p1a: Delphox|Protect|p1a: Delphox\n|-singleturn|p1a: Delphox|Protect\n|move|p1b: Garchomp|Rock Slide|p2b: Rotom|[spread] p2a\n|-miss|p1b: Garchomp|p2b: Rotom\n|-damage|p2a: Corviknight|83/100\n|move|p2b: Rotom|Will-O-Wisp|p1b: Garchomp\n|-status|p1b: Garchomp|brn\n|move|p2a: Corviknight|Tailwind|p2a: Corviknight\n|-sidestart|p2: elhelicoptero|move: Tailwind\n|\n|-heal|p2a: Corviknight|89/100|[from] item: Leftovers\n|-damage|p1b: Garchomp|94/100 brn|[from] brn\n|upkeep\n|turn|2\n|\n|t:|1776470663\n|switch|p1b: Incineroar|Incineroar, L50, F|100/100\n|-ability|p1b: Incineroar|Intimidate|boost\n|-ability|p2a: Corviknight|Mirror Armor\n|-unboost|p1b: Incineroar|atk|1\n|-unboost|p2b: Rotom|atk|1\n|move|p2b: Rotom|Hydro Pump|p1a: Delphox|[miss]\n|-miss|p2b: Rotom|p1a: Delphox\n|move|p2a: Corviknight|Bulk Up|p2a: Corviknight\n|-boost|p2a: Corviknight|atk|1\n|-boost|p2a: Corviknight|def|1\n|move|p1a: Delphox|Heat Wave|p2b: Rotom|[spread] p2a,p2b\n|-supereffective|p2a: Corviknight|1\n|-resisted|p2b: Rotom|1\n|-damage|p2a: Corviknight|19/100\n|-damage|p2b: Rotom|75/100\n|-status|p2b: Rotom|brn\n|\n|-heal|p2a: Corviknight|25/100|[from] item: Leftovers\n|-damage|p2b: Rotom|69/100 brn|[from] brn\n|upkeep\n|turn|3\n|\n|t:|1776470692\n|move|p1b: Incineroar|Fake Out|p2a: Corviknight\n|-resisted|p2a: Corviknight|1\n|-crit|p2a: Corviknight\n|-damage|p2a: Corviknight|18/100\n|move|p2b: Rotom|Hydro Pump|p1a: Delphox\n|-supereffective|p1a: Delphox|1\n|-damage|p1a: Delphox|2/100\n|cant|p2a: Corviknight|flinch\n|move|p1a: Delphox|Heat Wave|p2b: Rotom|[spread] p2a,p2b\n|-supereffective|p2a: Corviknight|1\n|-resisted|p2b: Rotom|1\n|-damage|p2a: Corviknight|0 fnt\n|-damage|p2b: Rotom|45/100 brn\n|faint|p2a: Corviknight\n|\n|-damage|p2b: Rotom|40/100 brn|[from] brn\n|upkeep\n|\n|t:|1776470706\n|switch|p2a: Floette|Floette-Eternal, L50, F|100/100\n|turn|4\n|\n|t:|1776470727\n|switch|p1a: Sneasler|Sneasler, L50, M|100/100\n|detailschange|p2a: Floette|Floette-Mega, L50, F\n|-mega|p2a: Floette|Floette|Floettite\n|-ability|p2a: Floette|Fairy Aura\n|move|p2a: Floette|Calm Mind|p2a: Floette\n|-boost|p2a: Floette|spa|1\n|-boost|p2a: Floette|spd|1\n|move|p2b: Rotom|Thunderbolt|p1a: Sneasler\n|-damage|p1a: Sneasler|43/100\n|move|p1b: Incineroar|Parting Shot|p2a: Floette\n|-unboost|p2a: Floette|atk|1\n|-unboost|p2a: Floette|spa|1\n|\n|t:|1776470741\n|switch|p1b: Delphox|Delphox-Mega, L50, M|2/100|[from] Parting Shot\n|\n|-damage|p2b: Rotom|34/100 brn|[from] brn\n|-sideend|p2: elhelicoptero|move: Tailwind\n|upkeep\n|turn|5\n|\n|t:|1776470757\n|move|p1a: Sneasler|Fake Out|p2b: Rotom\n|-damage|p2b: Rotom|15/100 brn\n|move|p1b: Delphox|Encore|p2a: Floette\n|-start|p2a: Floette|Encore\n|move|p2a: Floette|Calm Mind|p2a: Floette\n|-boost|p2a: Floette|spa|1\n|-boost|p2a: Floette|spd|1\n|cant|p2b: Rotom|flinch\n|\n|-damage|p2b: Rotom|9/100 brn|[from] brn\n|upkeep\n|turn|6\n|\n|t:|1776470767\n|move|p1b: Delphox|Psychic|p2b: Rotom\n|-damage|p2b: Rotom|0 fnt\n|faint|p2b: Rotom\n|move|p1a: Sneasler|Dire Claw|p2a: Floette\n|-supereffective|p2a: Floette|1\n|-damage|p2a: Floette|0 fnt\n|faint|p2a: Floette\n|\n|upkeep\n|\n|t:|1776470771\n|switch|p2b: Dragonite|Dragonite, L50, M|100/100\n|turn|7\n|\n|t:|1776470787\n|move|p2b: Dragonite|Extreme Speed|p1b: Delphox\n|-damage|p1b: Delphox|0 fnt\n|faint|p1b: Delphox\n|move|p1a: Sneasler|Dire Claw|p2b: Dragonite\n|-damage|p2b: Dragonite|79/100\n|\n|upkeep\n|\n|t:|1776470793\n|switch|p1b: Incineroar|Incineroar, L50, F|100/100\n|-ability|p1b: Incineroar|Intimidate|boost\n|-unboost|p2b: Dragonite|atk|1\n|turn|8\n|\n|t:|1776470800\n|switch|p1a: Garchomp|Garchomp, L50, F|94/100 brn\n|move|p1b: Incineroar|Fake Out|p2b: Dragonite\n|-damage|p2b: Dragonite|69/100\n|cant|p2b: Dragonite|flinch\n|\n|-damage|p1a: Garchomp|88/100 brn|[from] brn\n|upkeep\n|turn|9\n|\n|t:|1776470812\n|move|p1a: Garchomp|Dragon Claw|p2b: Dragonite\n|-supereffective|p2b: Dragonite|1\n|-damage|p2b: Dragonite|28/100\n|move|p2b: Dragonite|Ice Beam|p1a: Garchomp\n|-supereffective|p1a: Garchomp|2\n|-damage|p1a: Garchomp|7/100 brn\n|-enditem|p1a: Garchomp|Sitrus Berry|[eat]\n|-heal|p1a: Garchomp|31/100 brn|[from] item: Sitrus Berry\n|move|p1b: Incineroar|Throat Chop|p2b: Dragonite\n|-damage|p2b: Dragonite|0 fnt\n|faint|p2b: Dragonite\n|\n|win|fkalsdkas\n|raw|fkalsdkas's rating: 1076 &rarr; <strong>1105</strong><br />(+29 for winning)\n|raw|elhelicoptero's rating: 1080 &rarr; <strong>1058</strong><br />(-22 for losing)\n",
  "uploadtime": 1776470822,
  "views": 19,
  "formatid": "gen9championsvgc2026regma",
  "rating": 1058,
  "private": 0,
  "password": null
}