{
  "id": "gen9championsvgc2026regma-2586129520",
  "format": "[Gen 9 Champions] VGC 2026 Reg M-A",
  "players": [
    "CramsFather",
    "keepingmaboiinou"
  ],
  "log": "|j|\u2606CramsFather\n|j|\u2606keepingmaboiinou\n|t:|1776402610\n|gametype|doubles\n|player|p1|CramsFather|169|1199\n|player|p2|keepingmaboiinou|101|1110\n|gen|9\n|tier|[Gen 9 Champions] VGC 2026 Reg M-A\n|rated|\n|rule|Species Clause: Limit one of each Pok\u00e9mon\n|rule|Item Clause: Limit 1 of each item\n|clearpoke\n|poke|p1|Chimecho, L50, F|\n|poke|p1|Incineroar, L50, M|\n|poke|p1|Milotic, L50, F|\n|poke|p1|Sableye, L50, F|\n|poke|p1|Sinistcha, L50|\n|poke|p1|Mamoswine, L50, F|\n|poke|p2|Floette-Eternal, L50, F|\n|poke|p2|Incineroar, L50, F|\n|poke|p2|Arcanine-Hisui, L50, M|\n|poke|p2|Whimsicott, L50, M|\n|poke|p2|Ninetales-Alola, L50, F|\n|poke|p2|Aegislash, L50, F|\n|teampreview|4\n|inactive|Battle timer is ON: inactive players will automatically lose when time's up. (requested by keepingmaboiinou)\n|\n|t:|1776402646\n|teamsize|p1|4\n|teamsize|p2|4\n|start\n|switch|p1a: Chimecho|Chimecho, L50, F|100/100\n|switch|p1b: Incineroar|Incineroar, L50, M|100/100\n|switch|p2a: Ninetales|Ninetales-Alola, L50, F|100/100\n|switch|p2b: Aegislash|Aegislash, L50, F|100/100\n|-weather|Snowscape|[from] ability: Snow Warning|[of] p2a: Ninetales\n|-ability|p1b: Incineroar|Intimidate|boost\n|-unboost|p2a: Ninetales|atk|1\n|-unboost|p2b: Aegislash|atk|1\n|turn|1\n|inactive|CramsFather has 30 seconds left.\n|\n|t:|1776402677\n|detailschange|p1a: Chimecho|Chimecho-Mega, L50, F\n|-mega|p1a: Chimecho|Chimecho|Chimechite\n|move|p1a: Chimecho|Protect|p1a: Chimecho\n|-singleturn|p1a: Chimecho|Protect\n|move|p2a: Ninetales|Aurora Veil|p2a: Ninetales\n|-sidestart|p2: keepingmaboiinou|move: Aurora Veil\n|move|p1b: Incineroar|Parting Shot|p2b: Aegislash\n|-unboost|p2b: Aegislash|atk|1\n|-unboost|p2b: Aegislash|spa|1\n|\n|t:|1776402689\n|switch|p1b: Mamoswine|Mamoswine, L50, F|100/100|[from] Parting Shot\n|-formechange|p2b: Aegislash|Aegislash-Blade|\n|move|p2b: Aegislash|Sacred Sword|p1b: Mamoswine\n|-supereffective|p1b: Mamoswine|1\n|-damage|p1b: Mamoswine|65/100\n|\n|-weather|Snowscape|[upkeep]\n|upkeep\n|turn|2\n|\n|t:|1776402713\n|-formechange|p2b: Aegislash|Aegislash|\n|move|p2b: Aegislash|King's Shield|p2b: Aegislash\n|-singleturn|p2b: Aegislash|Protect\n|move|p1b: Mamoswine|Earthquake|p2b: Aegislash|[spread] p2a\n|-activate|p2b: Aegislash|move: Protect\n|-immune|p1a: Chimecho|[from] ability: Levitate\n|-damage|p2a: Ninetales|74/100\n|move|p2a: Ninetales|Icy Wind|p1b: Mamoswine|[spread] p1a,p1b\n|-resisted|p1a: Chimecho|1\n|-damage|p1a: Chimecho|93/100\n|-damage|p1b: Mamoswine|39/100\n|-unboost|p1a: Chimecho|spe|1\n|-unboost|p1b: Mamoswine|spe|1\n|move|p1a: Chimecho|Cosmic Power|p1a: Chimecho\n|-boost|p1a: Chimecho|def|1\n|-boost|p1a: Chimecho|spd|1\n|\n|-weather|Snowscape|[upkeep]\n|upkeep\n|turn|3\n|inactive|keepingmaboiinou has 30 seconds left.\n|\n|t:|1776402741\n|switch|p1b: Incineroar|Incineroar, L50, M|100/100\n|-ability|p1b: Incineroar|Intimidate|boost\n|-unboost|p2a: Ninetales|atk|1\n|-unboost|p2b: Aegislash|atk|1\n|switch|p2b: Whimsicott|Whimsicott, L50, M|100/100\n|move|p2a: Ninetales|Blizzard|p1b: Incineroar|[spread] p1a,p1b\n|-resisted|p1a: Chimecho|1\n|-resisted|p1b: Incineroar|1\n|-damage|p1a: Chimecho|85/100\n|-damage|p1b: Incineroar|81/100\n|move|p1a: Chimecho|Cosmic Power|p1a: Chimecho\n|-boost|p1a: Chimecho|def|1\n|-boost|p1a: Chimecho|spd|1\n|\n|-weather|Snowscape|[upkeep]\n|upkeep\n|turn|4\n|inactive|CramsFather has 30 seconds left.\n|inactive|keepingmaboiinou has 30 seconds left.\n|\n|t:|1776402775\n|move|p2b: Whimsicott|Protect|p2b: Whimsicott\n|-singleturn|p2b: Whimsicott|Protect\n|move|p1b: Incineroar|Fake Out|p2b: Whimsicott\n|-activate|p2b: Whimsicott|move: Protect\n|move|p2a: Ninetales|Moonblast|p1b: Incineroar\n|-damage|p1b: Incineroar|48/100\n|-enditem|p1b: Incineroar|Sitrus Berry|[eat]\n|-heal|p1b: Incineroar|73/100|[from] item: Sitrus Berry\n|move|p1a: Chimecho|Stored Power|p2a: Ninetales\n|-damage|p2a: Ninetales|34/100\n|\n|-weather|Snowscape|[upkeep]\n|upkeep\n|turn|5\n|inactive|CramsFather has 30 seconds left.\n|inactive|keepingmaboiinou has 30 seconds left.\n|inactive|CramsFather has 20 seconds left.\n|\n|t:|1776402810\n|switch|p2a: Aegislash|Aegislash, L50, F|100/100\n|switch|p1b: Milotic|Milotic, L50, F|100/100\n|move|p2b: Whimsicott|Tailwind|p2b: Whimsicott\n|-sidestart|p2: keepingmaboiinou|move: Tailwind\n|move|p1a: Chimecho|Stored Power|p2b: Whimsicott\n|-damage|p2b: Whimsicott|58/100\n|\n|-weather|none\n|-sideend|p2: keepingmaboiinou|move: Aurora Veil\n|upkeep\n|turn|6\n|inactive|CramsFather has 30 seconds left.\n|\n|t:|1776402837\n|switch|p1b: Incineroar|Incineroar, L50, M|73/100\n|-ability|p1b: Incineroar|Intimidate|boost\n|-unboost|p2a: Aegislash|atk|1\n|-unboost|p2b: Whimsicott|atk|1\n|move|p2b: Whimsicott|Protect|p2b: Whimsicott\n|-singleturn|p2b: Whimsicott|Protect\n|-formechange|p2a: Aegislash|Aegislash-Blade|\n|move|p2a: Aegislash|Sacred Sword|p1a: Chimecho\n|-damage|p1a: Chimecho|57/100\n|move|p1a: Chimecho|Cosmic Power|p1a: Chimecho\n|-boost|p1a: Chimecho|def|1\n|-boost|p1a: Chimecho|spd|1\n|\n|upkeep\n|turn|7\n|\n|t:|1776402856\n|-formechange|p2a: Aegislash|Aegislash|\n|move|p2a: Aegislash|King's Shield|p2a: Aegislash\n|-singleturn|p2a: Aegislash|Protect\n|move|p2b: Whimsicott|Encore|p1a: Chimecho\n|-start|p1a: Chimecho|Encore\n|move|p1b: Incineroar|Parting Shot|p2a: Aegislash\n|-unboost|p2a: Aegislash|atk|1\n|-unboost|p2a: Aegislash|spa|1\n|\n|t:|1776402865\n|switch|p1b: Mamoswine|Mamoswine, L50, F|39/100|[from] Parting Shot\n|move|p1a: Chimecho|Cosmic Power|p1a: Chimecho\n|-boost|p1a: Chimecho|def|1\n|-boost|p1a: Chimecho|spd|1\n|\n|upkeep\n|turn|8\n|\n|t:|1776402888\n|move|p2b: Whimsicott|Protect|p2b: Whimsicott\n|-singleturn|p2b: Whimsicott|Protect\n|move|p1b: Mamoswine|Earthquake|p2b: Whimsicott|[spread] p2a\n|-activate|p2b: Whimsicott|move: Protect\n|-immune|p1a: Chimecho|[from] ability: Levitate\n|-supereffective|p2a: Aegislash|1\n|-damage|p2a: Aegislash|16/100\n|-formechange|p2a: Aegislash|Aegislash-Blade|\n|move|p2a: Aegislash|Sacred Sword|p1b: Mamoswine\n|-supereffective|p1b: Mamoswine|1\n|-damage|p1b: Mamoswine|0 fnt\n|faint|p1b: Mamoswine\n|move|p1a: Chimecho|Cosmic Power|p1a: Chimecho\n|-boost|p1a: Chimecho|def|1\n|-boost|p1a: Chimecho|spd|1\n|\n|-sideend|p2: keepingmaboiinou|move: Tailwind\n|upkeep\n|\n|t:|1776402912\n|switch|p1b: Milotic|Milotic, L50, F|100/100\n|turn|9\n|\n|t:|1776402922\n|switch|p1b: Incineroar|Incineroar, L50, M|73/100\n|-ability|p1b: Incineroar|Intimidate|boost\n|-unboost|p2a: Aegislash|atk|1\n|-unboost|p2b: Whimsicott|atk|1\n|-formechange|p2a: Aegislash|Aegislash|\n|move|p2a: Aegislash|King's Shield|p2a: Aegislash\n|-singleturn|p2a: Aegislash|Protect\n|move|p2b: Whimsicott|Tailwind|p2b: Whimsicott\n|-sidestart|p2: keepingmaboiinou|move: Tailwind\n|move|p1a: Chimecho|Cosmic Power|p1a: Chimecho\n|-boost|p1a: Chimecho|def|1\n|-boost|p1a: Chimecho|spd|1\n|\n|-end|p1a: Chimecho|Encore\n|upkeep\n|turn|10\n|\n|t:|1776402944\n|switch|p2a: Floette|Floette-Eternal, L50, F|100/100\n|move|p1b: Incineroar|Fake Out|p2b: Whimsicott\n|-damage|p2b: Whimsicott|43/100\n|cant|p2b: Whimsicott|flinch\n|move|p1a: Chimecho|Stored Power|p2a: Floette\n|-damage|p2a: Floette|0 fnt\n|faint|p2a: Floette\n|\n|upkeep\n|-message|keepingmaboiinou forfeited.\n|\n|win|CramsFather\n|raw|CramsFather's rating: 1199 &rarr; <strong>1218</strong><br />(+19 for winning)\n|raw|keepingmaboiinou's rating: 1110 &rarr; <strong>1091</strong><br />(-19 for losing)\n|l|\u2606keepingmaboiinou\n|player|p2|\n",
  "uploadtime": 1776402965,
  "views": 25,
  "formatid": "gen9championsvgc2026regma",
  "rating": 1091,
  "private": 0,
  "password": null
}