{
  "id": "gen9championsvgc2026regma-2586106477",
  "format": "[Gen 9 Champions] VGC 2026 Reg M-A",
  "players": [
    "WARHJSDG",
    "sodarist"
  ],
  "log": "|j|\u2606WARHJSDG\n|j|\u2606sodarist\n|t:|1776399738\n|gametype|doubles\n|player|p1|WARHJSDG|170|1159\n|player|p2|sodarist|steven|1118\n|gen|9\n|tier|[Gen 9 Champions] VGC 2026 Reg M-A\n|rated|\n|rule|Species Clause: Limit one of each Pok\u00e9mon\n|rule|Item Clause: Limit 1 of each item\n|clearpoke\n|poke|p1|Dedenne, L50, F|\n|poke|p1|Charizard, L50, M|\n|poke|p1|Venusaur, L50, M|\n|poke|p1|Rotom-Wash, L50|\n|poke|p1|Garchomp, L50, M|\n|poke|p1|Hydreigon, L50, F|\n|poke|p2|Scovillain, L50, F|\n|poke|p2|Floette-Eternal, L50, F|\n|poke|p2|Palafin, L50, F|\n|poke|p2|Maushold-Four, L50|\n|poke|p2|Aegislash, L50, M|\n|poke|p2|Froslass, L50, F|\n|teampreview|4\nsodarist rejected open team sheets.\n|\n|t:|1776399809\n|teamsize|p1|4\n|teamsize|p2|4\n|start\n|switch|p1a: Dedenne|Dedenne, L50, F|100/100\n|switch|p1b: Charizard|Charizard, L50, M|100/100\n|switch|p2a: Palafin|Palafin, L50, F|100/100\n|switch|p2b: Maushold|Maushold-Four, L50|100/100\n|turn|1\n|\n|t:|1776399825\n|detailschange|p1b: Charizard|Charizard-Mega-Y, L50, M\n|-mega|p1b: Charizard|Charizard|Charizardite Y\n|-weather|SunnyDay|[from] ability: Drought|[of] p1b: Charizard\n|move|p1a: Dedenne|Entrainment|p1b: Charizard\n|-ability|p1b: Charizard|Plus|Drought|[from] move: Entrainment|[of] p1a: Dedenne\n|move|p1b: Charizard|Heat Wave|p2a: Palafin|[spread] p2a,p2b\n|-resisted|p2a: Palafin|1\n|-damage|p2a: Palafin|45/100\n|-damage|p2b: Maushold|1/100\n|-enditem|p2b: Maushold|Sitrus Berry|[eat]\n|-heal|p2b: Maushold|26/100|[from] item: Sitrus Berry\n|move|p2b: Maushold|Super Fang|p1a: Dedenne\n|-damage|p1a: Dedenne|50/100\n|move|p2a: Palafin|Flip Turn|p1b: Charizard\n|-supereffective|p1b: Charizard|1\n|-damage|p1b: Charizard|58/100\n|\n|t:|1776399841\n|detailschange|p2a: Palafin|Palafin-Hero, L50, F\n|switch|p2a: Froslass|Froslass, L50, F|100/100|[from] Flip Turn\n|\n|-weather|SunnyDay|[upkeep]\n|upkeep\n|turn|2\n|\n|t:|1776399861\n|switch|p1b: Rotom|Rotom-Wash, L50|100/100\n|detailschange|p2a: Froslass|Froslass-Mega, L50, F\n|-mega|p2a: Froslass|Froslass|Froslassite\n|-weather|Snowscape|[from] ability: Snow Warning|[of] p2a: Froslass\n|move|p2b: Maushold|Follow Me|p2b: Maushold\n|-singleturn|p2b: Maushold|move: Follow Me\n|move|p2a: Froslass|Aurora Veil|p2a: Froslass\n|-sidestart|p2: sodarist|move: Aurora Veil\n|move|p1a: Dedenne|Nuzzle|p2b: Maushold\n|-damage|p2b: Maushold|22/100\n|-status|p2b: Maushold|par\n|\n|-weather|Snowscape|[upkeep]\n|upkeep\n|turn|3\n|\n|t:|1776399883\n|switch|p2a: Scovillain|Scovillain, L50, F|100/100\n|move|p1b: Rotom|Electroweb|p2b: Maushold|[spread] p2a,p2b\n|-resisted|p2a: Scovillain|1\n|-damage|p2a: Scovillain|96/100\n|-damage|p2b: Maushold|11/100 par\n|-unboost|p2a: Scovillain|spe|1\n|-unboost|p2b: Maushold|spe|1\n|move|p1a: Dedenne|Dazzling Gleam|p2a: Scovillain|[spread] p2a,p2b\n|-resisted|p2a: Scovillain|1\n|-damage|p2a: Scovillain|89/100\n|-damage|p2b: Maushold|0 fnt\n|faint|p2b: Maushold\n|\n|-weather|Snowscape|[upkeep]\n|upkeep\n|\n|t:|1776399896\n|switch|p2b: Palafin|Palafin-Hero, L50, F|45/100\n|-activate|p2b: Palafin|ability: Zero to Hero\n|turn|4\n|\n|t:|1776399927\n|switch|p1b: Charizard|Charizard-Mega-Y, L50, M|58/100\n|-weather|SunnyDay|[from] ability: Drought|[of] p1b: Charizard\n|move|p2a: Scovillain|Rage Powder|p2a: Scovillain\n|-singleturn|p2a: Scovillain|move: Rage Powder\n|move|p1a: Dedenne|Entrainment|p2a: Scovillain\n|-ability|p2a: Scovillain|Plus|Insomnia|[from] move: Entrainment|[of] p1a: Dedenne\n|move|p2b: Palafin|Drain Punch|p1b: Charizard\n|-resisted|p1b: Charizard|1\n|-damage|p1b: Charizard|35/100\n|-heal|p2b: Palafin|55/100|[from] drain|[of] p1b: Charizard\n|\n|-weather|SunnyDay|[upkeep]\n|upkeep\n|turn|5\n|\n|t:|1776399944\n|switch|p1b: Rotom|Rotom-Wash, L50|100/100\n|move|p2b: Palafin|Jet Punch|p1b: Rotom\n|-resisted|p1b: Rotom|1\n|-damage|p1b: Rotom|88/100\n|move|p1a: Dedenne|Nuzzle|p2a: Scovillain\n|-resisted|p2a: Scovillain|1\n|-damage|p2a: Scovillain|88/100\n|-status|p2a: Scovillain|par\n|move|p2a: Scovillain|Flamethrower|p1a: Dedenne\n|-damage|p1a: Dedenne|0 fnt\n|faint|p1a: Dedenne\n|\n|-weather|SunnyDay|[upkeep]\n|upkeep\n|\n|t:|1776399948\n|switch|p1a: Venusaur|Venusaur, L50, M|100/100\n|turn|6\n|\n|t:|1776399977\n|switch|p2b: Froslass|Froslass-Mega, L50, F|100/100\n|-weather|Snowscape|[from] ability: Snow Warning|[of] p2b: Froslass\n|move|p1b: Rotom|Electroweb|p2a: Scovillain|[spread] p2a,p2b\n|-resisted|p2a: Scovillain|1\n|-damage|p2a: Scovillain|82/100 par\n|-damage|p2b: Froslass|88/100\n|-unboost|p2a: Scovillain|spe|1\n|-unboost|p2b: Froslass|spe|1\n|move|p1a: Venusaur|Sludge Bomb|p2a: Scovillain\n|-supereffective|p2a: Scovillain|1\n|-damage|p2a: Scovillain|24/100 par\n|move|p2a: Scovillain|Flamethrower|p1a: Venusaur\n|-supereffective|p1a: Venusaur|1\n|-crit|p1a: Venusaur\n|-damage|p1a: Venusaur|0 fnt\n|faint|p1a: Venusaur\n|\n|-weather|Snowscape|[upkeep]\n|-sideend|p2: sodarist|move: Aurora Veil\n|upkeep\n|\n|t:|1776399981\n|switch|p1a: Charizard|Charizard-Mega-Y, L50, M|35/100\n|-weather|SunnyDay|[from] ability: Drought|[of] p1a: Charizard\n|turn|7\n|\n|t:|1776400008\n|move|p2a: Scovillain|Rage Powder|p2a: Scovillain\n|-singleturn|p2a: Scovillain|move: Rage Powder\n|move|p1b: Rotom|Electroweb|p2b: Froslass|[spread] p2a,p2b\n|-resisted|p2a: Scovillain|1\n|-damage|p2a: Scovillain|16/100 par\n|-damage|p2b: Froslass|69/100\n|-unboost|p2a: Scovillain|spe|1\n|-unboost|p2b: Froslass|spe|1\n|move|p1a: Charizard|Heat Wave|p2b: Froslass|[spread] p2b\n|-miss|p1a: Charizard|p2a: Scovillain\n|-supereffective|p2b: Froslass|1\n|-damage|p2b: Froslass|0 fnt\n|faint|p2b: Froslass\n|\n|-weather|SunnyDay|[upkeep]\n|upkeep\n|\n|t:|1776400020\n|switch|p2b: Palafin|Palafin-Hero, L50, F|55/100\n|turn|8\n|\n|t:|1776400029\n|move|p1a: Charizard|Protect|p1a: Charizard\n|-singleturn|p1a: Charizard|Protect\n|move|p2b: Palafin|Jet Punch|p1a: Charizard\n|-activate|p1a: Charizard|move: Protect\n|move|p1b: Rotom|Electroweb|p2b: Palafin|[spread] p2a,p2b\n|-resisted|p2a: Scovillain|1\n|-supereffective|p2b: Palafin|1\n|-damage|p2a: Scovillain|7/100 par\n|-damage|p2b: Palafin|17/100\n|-unboost|p2a: Scovillain|spe|1\n|-unboost|p2b: Palafin|spe|1\n|move|p2a: Scovillain|Giga Drain|p1b: Rotom\n|-supereffective|p1b: Rotom|1\n|-crit|p1b: Rotom\n|-damage|p1b: Rotom|0 fnt\n|-heal|p2a: Scovillain|44/100 par|[from] drain|[of] p1b: Rotom\n|faint|p1b: Rotom\n|\n|-weather|SunnyDay|[upkeep]\n|upkeep\n|turn|9\n|\n|t:|1776400047\n|move|p2a: Scovillain|Rage Powder|p2a: Scovillain\n|-singleturn|p2a: Scovillain|move: Rage Powder\n|move|p2b: Palafin|Jet Punch|p1a: Charizard\n|-supereffective|p1a: Charizard|1\n|-damage|p1a: Charizard|0 fnt\n|faint|p1a: Charizard\n|\n|win|sodarist\n|raw|WARHJSDG's rating: 1159 &rarr; <strong>1131</strong><br />(-28 for losing)\n|raw|sodarist's rating: 1118 &rarr; <strong>1146</strong><br />(+28 for winning)\n|l|\u2606WARHJSDG\n|player|p1|\n",
  "uploadtime": 1776400058,
  "views": 20,
  "formatid": "gen9championsvgc2026regma",
  "rating": 1131,
  "private": 0,
  "password": null
}