{
  "id": "gen9championsvgc2026regma-2586648089",
  "format": "[Gen 9 Champions] VGC 2026 Reg M-A",
  "players": [
    "Wartac",
    "ryzkiiii"
  ],
  "log": "|j|\u2606Wartac\n|j|\u2606ryzkiiii\n|t:|1776449278\n|gametype|doubles\n|player|p1|Wartac|gambler|1089\n|player|p2|ryzkiiii|2|1000\n|gen|9\n|tier|[Gen 9 Champions] VGC 2026 Reg M-A\n|rated|\n|rule|Species Clause: Limit one of each Pok\u00e9mon\n|rule|Item Clause: Limit 1 of each item\n|clearpoke\n|poke|p1|Venusaur, L50, F|\n|poke|p1|Basculegion, L50, M|\n|poke|p1|Incineroar, L50, M|\n|poke|p1|Sneasler, L50, F|\n|poke|p1|Dragonite, L50, M|\n|poke|p1|Aegislash, L50, M|\n|poke|p2|Corviknight, L50, M|\n|poke|p2|Farigiraf, L50, F|\n|poke|p2|Drampa, L50, F|\n|poke|p2|Sinistcha, L50|\n|poke|p2|Incineroar, L50, F|\n|poke|p2|Basculegion, L50, M|\n|teampreview|4\n|\n|t:|1776449293\n|teamsize|p1|4\n|teamsize|p2|4\n|start\n|switch|p1a: Basculegion|Basculegion, L50, M|100/100\n|switch|p1b: Aegislash|Aegislash, L50, M, shiny|100/100\n|switch|p2a: Corviknight|Corviknight, L50, M|100/100\n|switch|p2b: Farigiraf|Farigiraf, L50, F|100/100\n|turn|1\n|\n|t:|1776449307\n|move|p1a: Basculegion|Flip Turn|p2a: Corviknight\n|-damage|p2a: Corviknight|74/100\n|\n|t:|1776449311\n|switch|p1a: Venusaur|Venusaur, L50, F|100/100|[from] Flip Turn\n|-formechange|p1b: Aegislash|Aegislash-Blade|\n|move|p1b: Aegislash|Poltergeist|p2a: Corviknight\n|-activate|p2a: Corviknight|move: Poltergeist|Sitrus Berry\n|-damage|p2a: Corviknight|22/100\n|-enditem|p2a: Corviknight|Sitrus Berry|[eat]\n|-heal|p2a: Corviknight|47/100|[from] item: Sitrus Berry\n|move|p2a: Corviknight|Iron Defense|p2a: Corviknight\n|-boost|p2a: Corviknight|def|2\n|move|p2b: Farigiraf|Thunder Wave|p1a: Venusaur\n|-status|p1a: Venusaur|par\n|\n|upkeep\n|turn|2\n|\n|t:|1776449334\n|-formechange|p1b: Aegislash|Aegislash|\n|move|p1b: Aegislash|King's Shield|p1b: Aegislash\n|-singleturn|p1b: Aegislash|Protect\n|move|p2a: Corviknight|Roost|p2a: Corviknight\n|-heal|p2a: Corviknight|98/100\n|-singleturn|p2a: Corviknight|move: Roost\n|move|p1a: Venusaur|Leech Seed|p2a: Corviknight|[miss]\n|-miss|p1a: Venusaur|p2a: Corviknight\n|move|p2b: Farigiraf|Trick Room|p2b: Farigiraf\n|-fieldstart|move: Trick Room|[of] p2b: Farigiraf\n|\n|upkeep\n|turn|3\n|\n|t:|1776449356\n|move|p1a: Venusaur|Leech Seed|p2a: Corviknight\n|-start|p2a: Corviknight|move: Leech Seed\n|move|p2b: Farigiraf|Twin Beam|p1a: Venusaur\n|-supereffective|p1a: Venusaur|1\n|-damage|p1a: Venusaur|66/100 par\n|-supereffective|p1a: Venusaur|1\n|-damage|p1a: Venusaur|28/100 par\n|-hitcount|p1a: Venusaur|2\n|move|p2a: Corviknight|Brave Bird|p1a: Venusaur\n|-supereffective|p1a: Venusaur|1\n|-damage|p1a: Venusaur|0 fnt\n|faint|p1a: Venusaur\n|-damage|p2a: Corviknight|89/100|[from] Recoil\n|-formechange|p1b: Aegislash|Aegislash-Blade|\n|move|p1b: Aegislash|Iron Head|p2b: Farigiraf\n|-damage|p2b: Farigiraf|52/100\n|\n|-heal|p2b: Farigiraf|59/100|[from] item: Leftovers\n|upkeep\n|inactive|Battle timer is ON: inactive players will automatically lose when time's up. (requested by ryzkiiii)\n|\n|t:|1776449449\n|switch|p1a: Sneasler|Sneasler, L50, F|100/100\n|turn|4\n|inactive|ryzkiiii has 30 seconds left.\n|\n|t:|1776449485\n|switch|p2b: Drampa|Drampa, L50, F|100/100\n|-ability|p2b: Drampa|Cloud Nine\n|move|p2a: Corviknight|Iron Defense|p2a: Corviknight\n|-boost|p2a: Corviknight|def|2\n|move|p1b: Aegislash|Iron Head|p2a: Corviknight\n|-resisted|p2a: Corviknight|1\n|-damage|p2a: Corviknight|83/100\n|move|p1a: Sneasler|Rock Tomb|p2a: Corviknight\n|-damage|p2a: Corviknight|79/100\n|-ability|p2a: Corviknight|Mirror Armor\n|-unboost|p1a: Sneasler|spe|1\n|\n|-damage|p2a: Corviknight|66/100|[from] Leech Seed|[of] p1a: Sneasler\n|upkeep\n|turn|5\n|inactive|Wartac has 30 seconds left.\n|\n|t:|1776449519\n|move|p2b: Drampa|Protect|p2b: Drampa\n|-singleturn|p2b: Drampa|Protect\n|move|p2a: Corviknight|Brave Bird|p1a: Sneasler\n|-supereffective|p1a: Sneasler|1\n|-enditem|p1a: Sneasler|Focus Sash\n|-damage|p1a: Sneasler|1/100\n|-damage|p2a: Corviknight|41/100|[from] Recoil\n|move|p1b: Aegislash|Iron Head|p2b: Drampa\n|-activate|p2b: Drampa|move: Protect\n|move|p1a: Sneasler|Close Combat|p2b: Drampa\n|-activate|p2b: Drampa|move: Protect\n|\n|-damage|p2a: Corviknight|29/100|[from] Leech Seed|[of] p1a: Sneasler\n|-heal|p1a: Sneasler|17/100|[silent]\n|upkeep\n|turn|6\n|\n|t:|1776449538\n|detailschange|p2b: Drampa|Drampa-Mega, L50, F\n|-mega|p2b: Drampa|Drampa|Drampanite\n|move|p2b: Drampa|Hyper Voice|p1a: Sneasler|[spread] p1a\n|-immune|p1b: Aegislash\n|-damage|p1a: Sneasler|0 fnt\n|faint|p1a: Sneasler\n|move|p2a: Corviknight|Roost|p2a: Corviknight\n|-heal|p2a: Corviknight|80/100\n|-singleturn|p2a: Corviknight|move: Roost\n|move|p1b: Aegislash|Iron Head|p2b: Drampa\n|-crit|p2b: Drampa\n|-damage|p2b: Drampa|37/100\n|-ability|p2b: Drampa|Berserk|boost\n|-boost|p2b: Drampa|spa|1\n|\n|-fieldend|move: Trick Room\n|upkeep\n|\n|t:|1776449554\n|switch|p1a: Basculegion|Basculegion, L50, M|100/100\n|turn|7\n|\n|t:|1776449575\n|switch|p2b: Farigiraf|Farigiraf, L50, F|59/100\n|move|p1a: Basculegion|Last Respects|p2a: Corviknight\n|-damage|p2a: Corviknight|59/100\n|move|p1b: Aegislash|Iron Head|p2a: Corviknight\n|-resisted|p2a: Corviknight|1\n|-damage|p2a: Corviknight|53/100\n|cant|p2a: Corviknight|flinch\n|\n|-heal|p2b: Farigiraf|65/100|[from] item: Leftovers\n|-damage|p2a: Corviknight|41/100|[from] Leech Seed|[of] p1a: Basculegion\n|upkeep\n|turn|8\n|\n|t:|1776449596\n|move|p1a: Basculegion|Last Respects|p2a: Corviknight\n|-damage|p2a: Corviknight|21/100\n|move|p1b: Aegislash|Iron Head|p2b: Farigiraf\n|-crit|p2b: Farigiraf\n|-damage|p2b: Farigiraf|0 fnt\n|faint|p2b: Farigiraf\n|move|p2a: Corviknight|Roost|p2a: Corviknight\n|-heal|p2a: Corviknight|72/100\n|-singleturn|p2a: Corviknight|move: Roost\n|\n|-damage|p2a: Corviknight|60/100|[from] Leech Seed|[of] p1a: Basculegion\n|upkeep\n|\n|t:|1776449600\n|switch|p2b: Sinistcha|Sinistcha, L50|100/100\n|-heal|p2a: Corviknight|84/100|[from] ability: Hospitality|[of] p2b: Sinistcha\n|turn|9\n|\n|t:|1776449614\n|move|p2b: Sinistcha|Protect|p2b: Sinistcha\n|-singleturn|p2b: Sinistcha|Protect\n|move|p1b: Aegislash|Shadow Sneak|p2b: Sinistcha\n|-activate|p2b: Sinistcha|move: Protect\n|move|p1a: Basculegion|Last Respects|p2b: Sinistcha\n|-activate|p2b: Sinistcha|move: Protect\n|move|p2a: Corviknight|Brave Bird|p1a: Basculegion\n|-damage|p1a: Basculegion|57/100\n|-damage|p2a: Corviknight|71/100|[from] Recoil\n|\n|-damage|p2a: Corviknight|59/100|[from] Leech Seed|[of] p1a: Basculegion\n|-heal|p1a: Basculegion|70/100|[silent]\n|upkeep\n|turn|10\n|\n|t:|1776449629\n|switch|p2b: Drampa|Drampa-Mega, L50, F|37/100\n|move|p1a: Basculegion|Last Respects|p2a: Corviknight\n|-damage|p2a: Corviknight|38/100\n|move|p1b: Aegislash|Iron Head|p2a: Corviknight\n|-resisted|p2a: Corviknight|1\n|-damage|p2a: Corviknight|33/100\n|move|p2a: Corviknight|Brave Bird|p1a: Basculegion\n|-damage|p1a: Basculegion|24/100\n|-damage|p2a: Corviknight|19/100|[from] Recoil\n|\n|-damage|p2a: Corviknight|6/100|[from] Leech Seed|[of] p1a: Basculegion\n|-heal|p1a: Basculegion|36/100|[silent]\n|upkeep\n|turn|11\n|\n|t:|1776449650\n|move|p1a: Basculegion|Last Respects|p2a: Corviknight\n|-damage|p2a: Corviknight|0 fnt\n|faint|p2a: Corviknight\n|move|p1b: Aegislash|Iron Head|p2b: Drampa\n|-damage|p2b: Drampa|0 fnt\n|faint|p2b: Drampa\n|\n|upkeep\n|\n|t:|1776449658\n|switch|p2a: Sinistcha|Sinistcha, L50|100/100\n|turn|12\n|\n|t:|1776449670\n|move|p1a: Basculegion|Last Respects|p2a: Sinistcha\n|-supereffective|p2a: Sinistcha|1\n|-damage|p2a: Sinistcha|0 fnt\n|faint|p2a: Sinistcha\n|\n|win|Wartac\n|raw|Wartac's rating: 1089 &rarr; <strong>1109</strong><br />(+20 for winning)\n|raw|ryzkiiii's rating: 1000 &rarr; <strong>1000</strong><br />(+0 for losing)\n|l|\u2606ryzkiiii\n|player|p2|\n",
  "uploadtime": 1776449679,
  "views": 43,
  "formatid": "gen9championsvgc2026regma",
  "rating": 1000,
  "private": 0,
  "password": null
}