{
  "id": "gen9championsvgc2026regma-2581975878",
  "format": "[Gen 9 Champions] VGC 2026 Reg M-A",
  "players": [
    "Duckity_Duck_06",
    "StrikerMohamud"
  ],
  "log": "|j|\u2606Duckity_Duck_06\n|j|\u2606StrikerMohamud\n|t:|1776044844\n|gametype|doubles\n|player|p1|Duckity_Duck_06|pokemaniac|1192\n|player|p2|StrikerMohamud|unknown|1191\n|gen|9\n|tier|[Gen 9 Champions] VGC 2026 Reg M-A\n|rated|\n|rule|Species Clause: Limit one of each Pok\u00e9mon\n|rule|Item Clause: Limit 1 of each item\n|clearpoke\n|poke|p1|Zoroark-Hisui, L50, F|\n|poke|p1|Tyranitar, L50, M|\n|poke|p1|Excadrill, L50, F|\n|poke|p1|Dragonite, L50, F|\n|poke|p1|Sinistcha, L50|\n|poke|p1|Incineroar, L50, M|\n|poke|p2|Kangaskhan, L50, F|\n|poke|p2|Incineroar, L50, F|\n|poke|p2|Azumarill, L50, F|\n|poke|p2|Froslass, L50, F|\n|poke|p2|Garchomp, L50, F|\n|poke|p2|Talonflame, L50, F|\n|teampreview|4\n|inactive|Battle timer is ON: inactive players will automatically lose when time's up. (requested by Duckity_Duck_06)\n|\n|t:|1776044866\n|teamsize|p1|4\n|teamsize|p2|4\n|start\n|switch|p1a: Tyranitar|Tyranitar, L50, M|100/100\n|switch|p1b: Excadrill|Excadrill, L50, F|100/100\n|switch|p2a: Kangaskhan|Kangaskhan, L50, F|100/100\n|switch|p2b: Azumarill|Azumarill, L50, F, shiny|100/100\n|-weather|Sandstorm|[from] ability: Sand Stream|[of] p1a: Tyranitar\n|turn|1\n|\n|t:|1776044882\n|move|p1a: Tyranitar|Protect|p1a: Tyranitar\n|-singleturn|p1a: Tyranitar|Protect\n|move|p2a: Kangaskhan|Fake Out|p1b: Excadrill\n|-crit|p1b: Excadrill\n|-damage|p1b: Excadrill|50/100\n|replace|p1b: Zoroark|Zoroark-Hisui, L50, F\n|-end|p1b: Zoroark|Illusion\n|cant|p1b: Zoroark|flinch\n|move|p2b: Azumarill|Belly Drum|p2b: Azumarill\n|-damage|p2b: Azumarill|50/100\n|-setboost|p2b: Azumarill|atk|6|[from] move: Belly Drum\n|-enditem|p2b: Azumarill|Sitrus Berry|[eat]\n|-heal|p2b: Azumarill|75/100|[from] item: Sitrus Berry\n|\n|-weather|Sandstorm|[upkeep]\n|-damage|p1b: Zoroark|44/100|[from] Sandstorm\n|-damage|p2a: Kangaskhan|94/100|[from] Sandstorm\n|-damage|p2b: Azumarill|70/100|[from] Sandstorm\n|upkeep\n|turn|2\n|c|\u2606StrikerMohamud|haha\n|c|\u2606StrikerMohamud|that never fails to make me laugh\n|c|\u2606Duckity_Duck_06|damn:((\n|inactive|StrikerMohamud has 30 seconds left.\n|inactive|StrikerMohamud has 20 seconds left.\n|inactive|StrikerMohamud has 15 seconds left.\n|inactive|StrikerMohamud has 10 seconds left.\n|inactive|StrikerMohamud has 5 seconds left.\n|\n|t:|1776044937\n|detailschange|p1a: Tyranitar|Tyranitar-Mega, L50, M\n|-mega|p1a: Tyranitar|Tyranitar|Tyranitarite\n|move|p2b: Azumarill|Aqua Jet|p1a: Tyranitar\n|-supereffective|p1a: Tyranitar|1\n|-crit|p1a: Tyranitar\n|-damage|p1a: Tyranitar|0 fnt\n|faint|p1a: Tyranitar\n|move|p1b: Zoroark|Sludge Bomb|p2b: Azumarill\n|-supereffective|p2b: Azumarill|1\n|-damage|p2b: Azumarill|2/100\n|move|p2a: Kangaskhan|Double-Edge|p1b: Zoroark\n|-damage|p1b: Zoroark|0 fnt\n|faint|p1b: Zoroark\n|-damage|p2a: Kangaskhan|84/100|[from] Recoil\n|\n|-weather|Sandstorm|[upkeep]\n|-damage|p2a: Kangaskhan|78/100|[from] Sandstorm\n|-damage|p2b: Azumarill|0 fnt|[from] Sandstorm\n|faint|p2b: Azumarill\n|upkeep\n|\n|t:|1776044956\n|switch|p1b: Excadrill|Excadrill, L50, F|100/100\n|switch|p1a: Sinistcha|Sinistcha, L50|100/100\n|switch|p2b: Garchomp|Garchomp, L50, F|100/100\n|turn|3\n|\n|t:|1776044975\n|detailschange|p2a: Kangaskhan|Kangaskhan-Mega, L50, F\n|-mega|p2a: Kangaskhan|Kangaskhan|Kangaskhanite\n|move|p1b: Excadrill|Protect|p1b: Excadrill\n|-singleturn|p1b: Excadrill|Protect\n|move|p2a: Kangaskhan|Sucker Punch|p1a: Sinistcha\n|-supereffective|p1a: Sinistcha|1\n|-damage|p1a: Sinistcha|56/100\n|-supereffective|p1a: Sinistcha|1\n|-damage|p1a: Sinistcha|44/100\n|-hitcount|p1a: Sinistcha|2\n|move|p2b: Garchomp|Earthquake|p1a: Sinistcha|[spread] p2a,p1a\n|-activate|p1b: Excadrill|move: Protect\n|-resisted|p1a: Sinistcha|1\n|-damage|p2a: Kangaskhan|37/100\n|-damage|p1a: Sinistcha|26/100\n|move|p1a: Sinistcha|Matcha Gotcha|p2b: Garchomp|[spread] p2a,p2b\n|-damage|p2a: Kangaskhan|19/100\n|-heal|p1a: Sinistcha|37/100|[from] drain|[of] p2a: Kangaskhan\n|-damage|p2b: Garchomp|76/100\n|-heal|p1a: Sinistcha|51/100|[from] drain|[of] p2b: Garchomp\n|-status|p2a: Kangaskhan|brn\n|\n|-weather|Sandstorm|[upkeep]\n|-damage|p2a: Kangaskhan|12/100 brn|[from] Sandstorm\n|-damage|p1a: Sinistcha|45/100|[from] Sandstorm\n|-heal|p1a: Sinistcha|51/100|[from] item: Leftovers\n|-damage|p2a: Kangaskhan|6/100 brn|[from] brn\n|upkeep\n|turn|4\n|c|\u2606StrikerMohamud|damn i timed out\n|inactive|Duckity_Duck_06 has 30 seconds left.\n|inactive|StrikerMohamud has 30 seconds left.\n|inactive|Duckity_Duck_06 has 20 seconds left.\n|\n|t:|1776045011\n|switch|p2a: Incineroar|Incineroar, L50, F, shiny|100/100\n|-ability|p2a: Incineroar|Intimidate|boost\n|-unboost|p1a: Sinistcha|atk|1\n|-unboost|p1b: Excadrill|atk|1\n|move|p1b: Excadrill|Earthquake|p2a: Incineroar|[spread] p1a,p2a,p2b\n|-resisted|p1a: Sinistcha|1\n|-supereffective|p2a: Incineroar|1\n|-enditem|p2a: Incineroar|Shuca Berry|[eat]\n|-enditem|p2a: Incineroar|Shuca Berry|[weaken]\n|-damage|p1a: Sinistcha|38/100\n|-damage|p2a: Incineroar|75/100\n|-damage|p2b: Garchomp|46/100\n|move|p2b: Garchomp|Earthquake|p1a: Sinistcha|[spread] p2a,p1a,p1b\n|-supereffective|p2a: Incineroar|1\n|-resisted|p1a: Sinistcha|1\n|-crit|p1a: Sinistcha\n|-supereffective|p1b: Excadrill|1\n|-damage|p2a: Incineroar|0 fnt\n|-damage|p1a: Sinistcha|10/100\n|-enditem|p1b: Excadrill|Focus Sash\n|-damage|p1b: Excadrill|1/100\n|faint|p2a: Incineroar\n|move|p1a: Sinistcha|Life Dew|p1a: Sinistcha|[spread] p1a,p1b\n|-heal|p1a: Sinistcha|35/100\n|-heal|p1b: Excadrill|26/100\n|\n|-weather|Sandstorm|[upkeep]\n|-damage|p1a: Sinistcha|29/100|[from] Sandstorm\n|-heal|p1a: Sinistcha|35/100|[from] item: Leftovers\n|upkeep\n|\n|t:|1776045024\n|switch|p2a: Kangaskhan|Kangaskhan-Mega, L50, F|6/100 brn\n|turn|5\n|\n|t:|1776045033\n|move|p2a: Kangaskhan|Sucker Punch||[still]\n|-fail|p2a: Kangaskhan\n|move|p1b: Excadrill|Earthquake|p2b: Garchomp|[spread] p1a,p2a,p2b\n|-resisted|p1a: Sinistcha|1\n|-damage|p1a: Sinistcha|21/100\n|-damage|p2a: Kangaskhan|0 fnt\n|-damage|p2b: Garchomp|15/100\n|faint|p2a: Kangaskhan\n|move|p2b: Garchomp|Earthquake|p1b: Excadrill|[spread] p1a,p1b\n|-resisted|p1a: Sinistcha|1\n|-supereffective|p1b: Excadrill|1\n|-damage|p1a: Sinistcha|1/100\n|-damage|p1b: Excadrill|0 fnt\n|faint|p1b: Excadrill\n|move|p1a: Sinistcha|Life Dew|p1a: Sinistcha\n|-heal|p1a: Sinistcha|26/100\n|\n|-weather|none\n|-heal|p1a: Sinistcha|32/100|[from] item: Leftovers\n|upkeep\n|turn|6\n|\n|t:|1776045051\n|move|p2b: Garchomp|Earthquake|p1a: Sinistcha\n|-resisted|p1a: Sinistcha|1\n|-damage|p1a: Sinistcha|7/100\n|move|p1a: Sinistcha|Matcha Gotcha|p2b: Garchomp|[miss]\n|-miss|p1a: Sinistcha|p2b: Garchomp\n|\n|-heal|p1a: Sinistcha|13/100|[from] item: Leftovers\n|upkeep\n|turn|7\n|\n|t:|1776045055\n|move|p2b: Garchomp|Earthquake|p1a: Sinistcha\n|-resisted|p1a: Sinistcha|1\n|-damage|p1a: Sinistcha|0 fnt\n|faint|p1a: Sinistcha\n|\n|win|StrikerMohamud\n|raw|Duckity_Duck_06's rating: 1192 &rarr; <strong>1167</strong><br />(-25 for losing)\n|raw|StrikerMohamud's rating: 1191 &rarr; <strong>1216</strong><br />(+25 for winning)\n",
  "uploadtime": 1776044847,
  "views": 16,
  "formatid": "gen9championsvgc2026regma",
  "rating": 1167,
  "private": 0,
  "password": null
}