{
  "id": "gen9championsvgc2026regma-2582816192",
  "format": "[Gen 9 Champions] VGC 2026 Reg M-A",
  "players": [
    "coberdt",
    "z3zez"
  ],
  "log": "|j|\u2606coberdt\n|j|\u2606z3zez\n|t:|1776116276\n|gametype|doubles\n|player|p1|coberdt|roxie|1133\n|player|p2|z3zez|169|1113\n|gen|9\n|tier|[Gen 9 Champions] VGC 2026 Reg M-A\n|rated|\n|rule|Species Clause: Limit one of each Pok\u00e9mon\n|rule|Item Clause: Limit 1 of each item\n|clearpoke\n|poke|p1|Pelipper, L50, F|\n|poke|p1|Archaludon, L50, F|\n|poke|p1|Basculegion, L50, M|\n|poke|p1|Sinistcha, L50|\n|poke|p1|Sneasler, L50, F|\n|poke|p1|Floette-Eternal, L50, F|\n|poke|p2|Delphox, L50, M|\n|poke|p2|Primarina, L50, M|\n|poke|p2|Sinistcha, L50|\n|poke|p2|Sneasler, L50, M|\n|poke|p2|Venusaur, L50, F|\n|poke|p2|Dragonite, L50, F|\n|teampreview|4\ncoberdt has agreed to open team sheets.\n|inactive|Battle timer is ON: inactive players will automatically lose when time's up. (requested by z3zez)\n|\n|t:|1776116311\n|teamsize|p1|4\n|teamsize|p2|4\n|start\n|switch|p1a: Sneasler|Sneasler, L50, F|100/100\n|switch|p1b: Basculegion|Basculegion, L50, M|100/100\n|switch|p2a: Sneasler|Sneasler, L50, M|100/100\n|switch|p2b: Venusaur|Venusaur, L50, F|100/100\n|-ability|p1a: Sneasler|Pressure\n|turn|1\n|\n|t:|1776116325\n|detailschange|p2b: Venusaur|Venusaur-Mega, L50, F\n|-mega|p2b: Venusaur|Venusaur|Venusaurite\n|move|p2a: Sneasler|Fake Out|p1a: Sneasler\n|-damage|p1a: Sneasler|74/100\n|cant|p1a: Sneasler|flinch\n|move|p1b: Basculegion|Flip Turn|p2b: Venusaur\n|-resisted|p2b: Venusaur|1\n|-damage|p2b: Venusaur|86/100\n|\n|t:|1776116334\n|switch|p1b: Pelipper|Pelipper, L50, F|100/100|[from] Flip Turn\n|-weather|RainDance|[from] ability: Drizzle|[of] p1b: Pelipper\n|move|p2b: Venusaur|Leech Seed|p1b: Pelipper\n|-start|p1b: Pelipper|move: Leech Seed\n|\n|-weather|RainDance|[upkeep]\n|-damage|p1b: Pelipper|89/100|[from] Leech Seed|[of] p2b: Venusaur\n|-heal|p2b: Venusaur|95/100|[silent]\n|upkeep\n|turn|2\n|\n|t:|1776116346\n|switch|p2a: Dragonite|Dragonite, L50, F|100/100\n|move|p2b: Venusaur|Protect|p2b: Venusaur\n|-singleturn|p2b: Venusaur|Protect\n|move|p1a: Sneasler|Dire Claw|p2b: Venusaur\n|-activate|p2b: Venusaur|move: Protect\n|move|p1b: Pelipper|Hurricane|p2b: Venusaur\n|-activate|p2b: Venusaur|move: Protect\n|\n|-weather|RainDance|[upkeep]\n|-damage|p1b: Pelipper|77/100|[from] Leech Seed|[of] p2b: Venusaur\n|-heal|p2b: Venusaur|100/100|[silent]\n|upkeep\n|turn|3\n|\n|t:|1776116358\n|move|p1a: Sneasler|Dire Claw|p2a: Dragonite\n|-crit|p2a: Dragonite\n|-damage|p2a: Dragonite|69/100\n|move|p2a: Dragonite|Tailwind|p2a: Dragonite\n|-sidestart|p2: z3zez|move: Tailwind\n|move|p2b: Venusaur|Leech Seed|p1a: Sneasler\n|-start|p1a: Sneasler|move: Leech Seed\n|move|p1b: Pelipper|Hurricane|p2b: Venusaur\n|-supereffective|p2b: Venusaur|1\n|-damage|p2b: Venusaur|37/100\n|\n|-weather|RainDance|[upkeep]\n|-damage|p1a: Sneasler|62/100|[from] Leech Seed|[of] p2b: Venusaur\n|-heal|p2b: Venusaur|48/100|[silent]\n|-damage|p1b: Pelipper|65/100|[from] Leech Seed|[of] p2b: Venusaur\n|-heal|p2b: Venusaur|56/100|[silent]\n|upkeep\n|turn|4\n|\n|t:|1776116375\n|move|p2b: Venusaur|Protect|p2b: Venusaur\n|-singleturn|p2b: Venusaur|Protect\n|move|p2a: Dragonite|Scale Shot|p1b: Pelipper\n|-damage|p1b: Pelipper|49/100\n|-damage|p1b: Pelipper|30/100\n|-damage|p1b: Pelipper|12/100\n|-hitcount|p1b: Pelipper|3\n|-unboost|p2a: Dragonite|def|1\n|-boost|p2a: Dragonite|spe|1\n|move|p1a: Sneasler|Dire Claw|p2a: Dragonite\n|-damage|p2a: Dragonite|10/100\n|move|p1b: Pelipper|Tailwind|p1b: Pelipper\n|-sidestart|p1: coberdt|move: Tailwind\n|\n|-weather|RainDance|[upkeep]\n|-damage|p1a: Sneasler|50/100|[from] Leech Seed|[of] p2b: Venusaur\n|-heal|p2b: Venusaur|67/100|[silent]\n|-damage|p1b: Pelipper|0 fnt|[from] Leech Seed|[of] p2b: Venusaur\n|-heal|p2b: Venusaur|75/100|[silent]\n|faint|p1b: Pelipper\n|upkeep\n|\n|t:|1776116392\n|switch|p1b: Archaludon|Archaludon, L50, F|100/100\n|turn|5\n|\n|t:|1776116403\n|switch|p2a: Sinistcha|Sinistcha, L50|100/100\n|-heal|p2b: Venusaur|99/100|[from] ability: Hospitality|[of] p2a: Sinistcha\n|move|p1a: Sneasler|Dire Claw|p2b: Venusaur\n|-damage|p2b: Venusaur|68/100\n|-status|p2b: Venusaur|slp\n|move|p1b: Archaludon|Electro Shot||[still]\n|-prepare|p1b: Archaludon|Electro Shot\n|-boost|p1b: Archaludon|spa|1\n|-anim|p1b: Archaludon|Electro Shot|p2a: Sinistcha\n|-resisted|p2a: Sinistcha|1\n|-damage|p2a: Sinistcha|63/100\n|cant|p2b: Venusaur|slp\n|\n|-weather|none\n|-damage|p1a: Sneasler|38/100|[from] Leech Seed|[of] p2b: Venusaur\n|-heal|p2b: Venusaur|79/100 slp|[silent]\n|upkeep\n|turn|6\n|\n|t:|1776116423\n|switch|p1a: Basculegion|Basculegion, L50, M|100/100\n|move|p2a: Sinistcha|Rage Powder|p2a: Sinistcha\n|-singleturn|p2a: Sinistcha|move: Rage Powder\n|move|p1b: Archaludon|Dragon Pulse|p2a: Sinistcha\n|-damage|p2a: Sinistcha|1/100\n|cant|p2b: Venusaur|slp\n|\n|-sideend|p2: z3zez|move: Tailwind\n|upkeep\n|turn|7\n|\n|t:|1776116434\n|move|p2a: Sinistcha|Protect|p2a: Sinistcha\n|-singleturn|p2a: Sinistcha|Protect\n|move|p1a: Basculegion|Flip Turn|p2a: Sinistcha\n|-activate|p2a: Sinistcha|move: Protect\n|move|p1b: Archaludon|Dragon Pulse|p2b: Venusaur\n|-damage|p2b: Venusaur|33/100 slp\n|-curestatus|p2b: Venusaur|slp|[msg]\n|move|p2b: Venusaur|Leech Seed|p1a: Basculegion\n|-start|p1a: Basculegion|move: Leech Seed\n|\n|-damage|p1a: Basculegion|88/100|[from] Leech Seed|[of] p2b: Venusaur\n|-heal|p2b: Venusaur|46/100|[silent]\n|-sideend|p1: coberdt|move: Tailwind\n|upkeep\n|turn|8\n|\n|t:|1776116446\n|switch|p2a: Dragonite|Dragonite, L50, F|10/100\n|move|p1a: Basculegion|Flip Turn|p2a: Dragonite\n|-resisted|p2a: Dragonite|1\n|-damage|p2a: Dragonite|0 fnt\n|faint|p2a: Dragonite\n|\n|t:|1776116452\n|switch|p1a: Sneasler|Sneasler, L50, F|38/100|[from] Flip Turn\n|-ability|p1a: Sneasler|Pressure\n|move|p1b: Archaludon|Dragon Pulse|p2b: Venusaur\n|-damage|p2b: Venusaur|0 fnt\n|faint|p2b: Venusaur\n|\n|upkeep\n|\n|t:|1776116460\n|switch|p2a: Sneasler|Sneasler, L50, M|100/100\n|switch|p2b: Sinistcha|Sinistcha, L50|1/100\n|turn|9\n|\n|t:|1776116469\n|move|p2b: Sinistcha|Protect|p2b: Sinistcha\n|-singleturn|p2b: Sinistcha|Protect\n|move|p1a: Sneasler|Fake Out|p2a: Sneasler\n|-damage|p2a: Sneasler|75/100\n|cant|p2a: Sneasler|flinch\n|move|p1b: Archaludon|Dragon Pulse|p2b: Sinistcha\n|-activate|p2b: Sinistcha|move: Protect\n|\n|upkeep\n|turn|10\n|\n|t:|1776116482\n|move|p2a: Sneasler|Close Combat|p1b: Archaludon\n|-supereffective|p1b: Archaludon|1\n|-ability|p1b: Archaludon|Sturdy\n|-damage|p1b: Archaludon|1/100\n|-unboost|p2a: Sneasler|def|1\n|-unboost|p2a: Sneasler|spd|1\n|move|p1a: Sneasler|Dire Claw|p2b: Sinistcha\n|-damage|p2b: Sinistcha|0 fnt\n|faint|p2b: Sinistcha\n|move|p1b: Archaludon|Dragon Pulse|p2a: Sneasler\n|-damage|p2a: Sneasler|0 fnt\n|faint|p2a: Sneasler\n|\n|win|coberdt\n|raw|coberdt's rating: 1133 &rarr; <strong>1157</strong><br />(+24 for winning)\n|raw|z3zez's rating: 1113 &rarr; <strong>1089</strong><br />(-24 for losing)\n|l|\u2606z3zez\n|player|p2|\n",
  "uploadtime": 1776116495,
  "views": 20,
  "formatid": "gen9championsvgc2026regma",
  "rating": 1089,
  "private": 0,
  "password": null
}