{
  "id": "gen9championsvgc2026regma-2580758592",
  "format": "[Gen 9 Champions] VGC 2026 Reg M-A",
  "players": [
    "25thbrunoo",
    "gab1199"
  ],
  "log": "|j|\u260625thbrunoo\n|j|\u2606gab1199\n|t:|1775930115\n|gametype|doubles\n|player|p1|25thbrunoo|n|1000\n|player|p2|gab1199|hilbert-wonderlauncher|1049\n|gen|9\n|tier|[Gen 9 Champions] VGC 2026 Reg M-A\n|rated|\n|rule|Species Clause: Limit one of each Pok\u00e9mon\n|rule|Item Clause: Limit 1 of each item\n|clearpoke\n|poke|p1|Golurk, L50|\n|poke|p1|Farigiraf, L50, F|\n|poke|p1|Torkoal, L50, F|\n|poke|p1|Venusaur, L50, M|\n|poke|p1|Sneasler, L50, F|\n|poke|p1|Incineroar, L50, M|\n|poke|p2|Whimsicott, L50, M|\n|poke|p2|Rotom-Wash, L50|\n|poke|p2|Pinsir, L50, M|\n|poke|p2|Incineroar, L50, M|\n|poke|p2|Chandelure, L50, M|\n|poke|p2|Sneasler, L50, F|\n|teampreview|4\n25thbrunoo has agreed to open team sheets.\n|inactive|Battle timer is ON: inactive players will automatically lose when time's up. (requested by gab1199)\ngab1199 has agreed to open team sheets.\n|showteam|p1|Golurk||Golurkite|IronFist|Protect,HeadlongRush,Poltergeist,IcePunch||||||50|]Farigiraf||MentalHerb|ArmorTail|HyperVoice,Psychic,HelpingHand,TrickRoom|||F|||50|]Torkoal||Charcoal|Drought|Protect,Eruption,HeatWave,WeatherBall|||F|||50|]Venusaur||FocusSash|Chlorophyll|GigaDrain,SludgeBomb,SleepPowder,Protect|||M|||50|]Sneasler||WhiteHerb|Unburden|CloseCombat,DireClaw,FakeOut,Coaching|||F|||50|]Incineroar||ShucaBerry|Intimidate|FlareBlitz,PartingShot,FakeOut,ThroatChop|||M|||50|\n|showteam|p2|Whimsicott||MentalHerb|Prankster|Encore,Moonblast,Tailwind,SunnyDay|||M|||50|]Rotom-Wash||SitrusBerry|Levitate|Electroweb,Thunderbolt,HydroPump,Protect||||||50|]Pinsir||Pinsirite|Moxie|BodySlam,QuickAttack,RockSlide,Protect|||M|||50|]Incineroar||ChopleBerry|Intimidate|FlareBlitz,FakeOut,DarkestLariat,PartingShot|||M|||50|]Chandelure||Chandelurite|FlashFire|Protect,HeatWave,CalmMind,ShadowBall|||M|||50|]Sneasler||FocusSash|Unburden|FakeOut,DireClaw,CloseCombat,Uturn|||F|||50|\n|\n|t:|1775930171\n|teamsize|p1|4\n|teamsize|p2|4\n|start\n|switch|p1a: Golurk|Golurk, L50, shiny|100/100\n|switch|p1b: Farigiraf|Farigiraf, L50, F, shiny|100/100\n|switch|p2a: Incineroar|Incineroar, L50, M|100/100\n|switch|p2b: Sneasler|Sneasler, L50, F|100/100\n|-ability|p2a: Incineroar|Intimidate|boost\n|-unboost|p1a: Golurk|atk|1\n|-unboost|p1b: Farigiraf|atk|1\n|turn|1\n|inactive|25thbrunoo has 30 seconds left.\n|inactive|25thbrunoo has 20 seconds left.\n|inactive|25thbrunoo has 15 seconds left.\n|inactive|25thbrunoo has 10 seconds left.\n|inactive|25thbrunoo has 5 seconds left.\n|\n|t:|1775930222\n|switch|p1a: Incineroar|Incineroar, L50, M|100/100\n|-ability|p1a: Incineroar|Intimidate|boost\n|-unboost|p2a: Incineroar|atk|1\n|-unboost|p2b: Sneasler|atk|1\n|move|p2b: Sneasler|Close Combat|p1b: Farigiraf\n|-damage|p1b: Farigiraf|64/100\n|-unboost|p2b: Sneasler|def|1\n|-unboost|p2b: Sneasler|spd|1\n|move|p2a: Incineroar|Darkest Lariat|p1b: Farigiraf\n|-supereffective|p1b: Farigiraf|1\n|-damage|p1b: Farigiraf|21/100\n|move|p1b: Farigiraf|Trick Room|p1b: Farigiraf\n|-fieldstart|move: Trick Room|[of] p1b: Farigiraf\n|\n|upkeep\n|turn|2\n|inactive|25thbrunoo has 30 seconds left.\n|\n|t:|1775930251\n|switch|p1b: Golurk|Golurk, L50, shiny|100/100\n|switch|p2b: Rotom|Rotom-Wash, L50|100/100\n|move|p1a: Incineroar|Fake Out|p2a: Incineroar\n|-damage|p2a: Incineroar|92/100\n|cant|p2a: Incineroar|flinch\n|\n|upkeep\n|turn|3\n|inactive|25thbrunoo has 30 seconds left.\n|inactive|25thbrunoo has 20 seconds left.\n|\n|t:|1775930288\n|detailschange|p1b: Golurk|Golurk-Mega, L50, shiny\n|-mega|p1b: Golurk|Golurk|Golurkite\n|move|p1b: Golurk|Headlong Rush|p2a: Incineroar\n|-supereffective|p2a: Incineroar|1\n|-damage|p2a: Incineroar|0 fnt\n|-unboost|p1b: Golurk|def|1\n|-unboost|p1b: Golurk|spd|1\n|faint|p2a: Incineroar\n|move|p1a: Incineroar|Parting Shot|p2b: Rotom\n|-unboost|p2b: Rotom|atk|1\n|-unboost|p2b: Rotom|spa|1\n|\n|t:|1775930300\n|switch|p1a: Torkoal|Torkoal, L50, F|100/100|[from] Parting Shot\n|-weather|SunnyDay|[from] ability: Drought|[of] p1a: Torkoal\n|move|p2b: Rotom|Hydro Pump|p1b: Golurk\n|-supereffective|p1b: Golurk|1\n|-damage|p1b: Golurk|57/100\n|\n|-weather|SunnyDay|[upkeep]\n|upkeep\n|\n|t:|1775930308\n|switch|p2a: Sneasler|Sneasler, L50, F|100/100\n|turn|4\n|inactive|25thbrunoo has 30 seconds left.\n|\n|t:|1775930335\n|move|p2a: Sneasler|Fake Out|p1a: Torkoal\n|-damage|p1a: Torkoal|88/100\n|cant|p1a: Torkoal|flinch\n|move|p1b: Golurk|Headlong Rush|p2a: Sneasler\n|-supereffective|p2a: Sneasler|1\n|-enditem|p2a: Sneasler|Focus Sash\n|-damage|p2a: Sneasler|1/100\n|-unboost|p1b: Golurk|def|1\n|-unboost|p1b: Golurk|spd|1\n|move|p2b: Rotom|Hydro Pump|p1b: Golurk\n|-supereffective|p1b: Golurk|1\n|-damage|p1b: Golurk|5/100\n|\n|-weather|SunnyDay|[upkeep]\n|upkeep\n|turn|5\n|\n|t:|1775930357\n|move|p1b: Golurk|Protect|p1b: Golurk\n|-singleturn|p1b: Golurk|Protect\n|move|p1a: Torkoal|Eruption|p2a: Sneasler|[spread] p2a,p2b\n|-resisted|p2b: Rotom|1\n|-damage|p2a: Sneasler|0 fnt\n|-damage|p2b: Rotom|63/100\n|faint|p2a: Sneasler\n|move|p2b: Rotom|Hydro Pump|p1b: Golurk\n|-activate|p1b: Golurk|move: Protect\n|\n|-weather|SunnyDay|[upkeep]\n|-fieldend|move: Trick Room\n|upkeep\n|\n|t:|1775930361\n|switch|p2a: Pinsir|Pinsir, L50, M|100/100\n|turn|6\n|inactive|25thbrunoo has 30 seconds left.\n|inactive|25thbrunoo has 20 seconds left.\n|inactive|25thbrunoo has 15 seconds left.\n|\n|t:|1775930402\n|detailschange|p2a: Pinsir|Pinsir-Mega, L50, M\n|-mega|p2a: Pinsir|Pinsir|Pinsirite\n|move|p2a: Pinsir|Rock Slide|p1b: Golurk|[spread] p1a\n|-miss|p2a: Pinsir|p1b: Golurk\n|-supereffective|p1a: Torkoal|1\n|-crit|p1a: Torkoal\n|-damage|p1a: Torkoal|38/100\n|move|p2b: Rotom|Hydro Pump|p1a: Torkoal|[miss]\n|-miss|p2b: Rotom|p1a: Torkoal\n|move|p1b: Golurk|Poltergeist|p2b: Rotom\n|-activate|p2b: Rotom|move: Poltergeist|Sitrus Berry\n|-damage|p2b: Rotom|0 fnt\n|faint|p2b: Rotom\n|move|p1a: Torkoal|Eruption|p2a: Pinsir\n|-supereffective|p2a: Pinsir|1\n|-damage|p2a: Pinsir|5/100\n|\n|-weather|SunnyDay|[upkeep]\n|upkeep\n|turn|7\n|-message|gab1199 forfeited.\n|\n|win|25thbrunoo\n|raw|25thbrunoo's rating: 1000 &rarr; <strong>1046</strong><br />(+46 for winning)\n|raw|gab1199's rating: 1049 &rarr; <strong>1029</strong><br />(-20 for losing)\n|l|\u2606gab1199\n|player|p2|\n",
  "uploadtime": 1775930503,
  "views": 13,
  "formatid": "gen9championsvgc2026regma",
  "rating": 1029,
  "private": 0,
  "password": null
}