{
  "id": "gen9championsvgc2026regma-2586657421",
  "format": "[Gen 9 Champions] VGC 2026 Reg M-A",
  "players": [
    "Ranmados",
    "Seethemalldie"
  ],
  "log": "|j|\u2606Ranmados\n|j|\u2606Seethemalldie\n|t:|1776449919\n|gametype|doubles\n|player|p1|Ranmados|coin|1232\n|player|p2|Seethemalldie|1|1155\n|gen|9\n|tier|[Gen 9 Champions] VGC 2026 Reg M-A\n|rated|\n|rule|Species Clause: Limit one of each Pok\u00e9mon\n|rule|Item Clause: Limit 1 of each item\n|clearpoke\n|poke|p1|Hawlucha, L50, F|\n|poke|p1|Maushold-Four, L50|\n|poke|p1|Snorlax, L50, F|\n|poke|p1|Rotom-Wash, L50|\n|poke|p1|Delphox, L50, F|\n|poke|p1|Garchomp, L50, M|\n|poke|p2|Scizor, L50, M|\n|poke|p2|Aerodactyl, L50, M|\n|poke|p2|Garchomp, L50, M|\n|poke|p2|Arcanine-Hisui, L50, M|\n|poke|p2|Sableye, L50, F|\n|poke|p2|Milotic, L50, F|\n|teampreview|4\n|\n|t:|1776449947\n|teamsize|p1|4\n|teamsize|p2|4\n|start\n|switch|p1a: Snorlax|Snorlax, L50, F|100/100\n|switch|p1b: Rotom|Rotom-Wash, L50|100/100\n|switch|p2a: Garchomp|Garchomp, L50, M|100/100\n|switch|p2b: Aerodactyl|Aerodactyl, L50, M|100/100\n|-ability|p2b: Aerodactyl|Pressure\n|turn|1\n|\n|t:|1776449961\n|move|p2a: Garchomp|Rock Slide|p1b: Rotom|[spread] p1a,p1b\n|-damage|p1a: Snorlax|86/100\n|-damage|p1b: Rotom|79/100\n|cant|p1b: Rotom|flinch\n|move|p2b: Aerodactyl|Rock Slide|p1a: Snorlax|[spread] p1a,p1b\n|-damage|p1a: Snorlax|64/100\n|-damage|p1b: Rotom|53/100\n|cant|p1a: Snorlax|flinch\n|\n|-heal|p1a: Snorlax|70/100|[from] item: Leftovers\n|upkeep\n|turn|2\n|\n|t:|1776449976\n|move|p2b: Aerodactyl|Protect|p2b: Aerodactyl\n|-singleturn|p2b: Aerodactyl|Protect\n|move|p1a: Snorlax|Protect|p1a: Snorlax\n|-singleturn|p1a: Snorlax|Protect\n|move|p2a: Garchomp|Rock Slide|p1a: Snorlax|[spread] p1b\n|-activate|p1a: Snorlax|move: Protect\n|-damage|p1b: Rotom|32/100\n|cant|p1b: Rotom|flinch\n|\n|-heal|p1a: Snorlax|76/100|[from] item: Leftovers\n|upkeep\n|turn|3\n|inactive|Battle timer is ON: inactive players will automatically lose when time's up. (requested by Ranmados)\n|\n|t:|1776450001\n|move|p2a: Garchomp|Rock Slide|p1a: Snorlax|[spread] p1a,p1b\n|-damage|p1a: Snorlax|59/100\n|-damage|p1b: Rotom|9/100\n|cant|p1b: Rotom|flinch\n|move|p2b: Aerodactyl|Dual Wingbeat|p1b: Rotom\n|-resisted|p1b: Rotom|1\n|-damage|p1b: Rotom|0 fnt\n|faint|p1b: Rotom\n|-hitcount|p1: Rotom|1\n|move|p1a: Snorlax|Stockpile|p1a: Snorlax\n|-start|p1a: Snorlax|stockpile1\n|-boost|p1a: Snorlax|def|1\n|-boost|p1a: Snorlax|spd|1\n|\n|-heal|p1a: Snorlax|65/100|[from] item: Leftovers\n|upkeep\n|\n|t:|1776450010\n|switch|p1b: Hawlucha|Hawlucha, L50, F|100/100\n|turn|4\n|\n|t:|1776450023\n|move|p1b: Hawlucha|Detect|p1b: Hawlucha\n|-singleturn|p1b: Hawlucha|Protect\n|move|p1a: Snorlax|Protect|p1a: Snorlax\n|-singleturn|p1a: Snorlax|Protect\n|move|p2a: Garchomp|Rock Slide|p1b: Hawlucha|[spread] \n|-activate|p1a: Snorlax|move: Protect\n|-activate|p1b: Hawlucha|move: Protect\n|move|p2b: Aerodactyl|Dual Wingbeat|p1b: Hawlucha\n|-activate|p1b: Hawlucha|move: Protect\n|\n|-heal|p1a: Snorlax|71/100|[from] item: Leftovers\n|upkeep\n|turn|5\n|\n|t:|1776450040\n|switch|p1b: Maushold|Maushold-Four, L50|100/100\n|move|p2a: Garchomp|Rock Slide|p1b: Maushold|[spread] p1a,p1b\n|-damage|p1a: Snorlax|63/100\n|-damage|p1b: Maushold|76/100\n|move|p2b: Aerodactyl|Dual Wingbeat|p1b: Maushold\n|-damage|p1b: Maushold|50/100\n|-damage|p1b: Maushold|27/100\n|-hitcount|p1b: Maushold|2\n|cant|p1a: Snorlax|flinch\n|\n|-heal|p1a: Snorlax|69/100|[from] item: Leftovers\n|upkeep\n|turn|6\n|\n|t:|1776450059\n|move|p1b: Maushold|Protect|p1b: Maushold\n|-singleturn|p1b: Maushold|Protect\n|move|p1a: Snorlax|Protect|p1a: Snorlax\n|-singleturn|p1a: Snorlax|Protect\n|move|p2a: Garchomp|Rock Slide|p1a: Snorlax|[spread] \n|-activate|p1a: Snorlax|move: Protect\n|-activate|p1b: Maushold|move: Protect\n|move|p2b: Aerodactyl|Dual Wingbeat|p1b: Maushold\n|-activate|p1b: Maushold|move: Protect\n|\n|-heal|p1a: Snorlax|75/100|[from] item: Leftovers\n|upkeep\n|turn|7\n|\n|t:|1776450075\n|move|p1b: Maushold|Follow Me|p1b: Maushold\n|-singleturn|p1b: Maushold|move: Follow Me\n|move|p2a: Garchomp|Rock Slide|p1a: Snorlax|[spread] p1a,p1b\n|-damage|p1a: Snorlax|66/100\n|-damage|p1b: Maushold|0 fnt\n|faint|p1b: Maushold\n|move|p2b: Aerodactyl|Rock Slide|p1a: Snorlax\n|-damage|p1a: Snorlax|47/100\n|cant|p1a: Snorlax|flinch\n|\n|-heal|p1a: Snorlax|53/100|[from] item: Leftovers\n|upkeep\n|c|\u2606Ranmados|jesus lol\n|\n|t:|1776450083\n|switch|p1b: Hawlucha|Hawlucha, L50, F|100/100\n|turn|8\n|\n|t:|1776450093\n|move|p1b: Hawlucha|Detect|p1b: Hawlucha\n|-singleturn|p1b: Hawlucha|Protect\n|move|p2a: Garchomp|Rock Slide|p1a: Snorlax|[spread] p1a\n|-activate|p1b: Hawlucha|move: Protect\n|-damage|p1a: Snorlax|42/100\n|move|p2b: Aerodactyl|Dual Wingbeat|p1b: Hawlucha\n|-activate|p1b: Hawlucha|move: Protect\n|move|p1a: Snorlax|Fissure|p2a: Garchomp|[miss]\n|-miss|p1a: Snorlax|p2a: Garchomp\n|\n|-heal|p1a: Snorlax|48/100|[from] item: Leftovers\n|upkeep\n|turn|9\n|inactive|Ranmados has 30 seconds left.\n|\n|t:|1776450120\n|detailschange|p1b: Hawlucha|Hawlucha-Mega, L50, F\n|-mega|p1b: Hawlucha|Hawlucha|Hawluchanite\n|move|p2a: Garchomp|Rock Slide|p1b: Hawlucha|[spread] p1a,p1b\n|-damage|p1a: Snorlax|38/100\n|-damage|p1b: Hawlucha|80/100\n|move|p2b: Aerodactyl|Dual Wingbeat|p1b: Hawlucha\n|-supereffective|p1b: Hawlucha|1\n|-damage|p1b: Hawlucha|38/100\n|-supereffective|p1b: Hawlucha|1\n|-damage|p1b: Hawlucha|0 fnt\n|faint|p1b: Hawlucha\n|-hitcount|p1: Hawlucha|2\n|move|p1a: Snorlax|Fissure|p2a: Garchomp\n|-damage|p2a: Garchomp|0 fnt\n|faint|p2a: Garchomp\n|-ohko\n|\n|-heal|p1a: Snorlax|44/100|[from] item: Leftovers\n|upkeep\n|\n|t:|1776450141\n|switch|p2a: Arcanine|Arcanine-Hisui, L50, M|100/100\n|turn|10\n|l|\u2606Seethemalldie\n|inactive|Seethemalldie disconnected and has a minute to reconnect!\n|player|p2|\n|inactive|Ranmados has 30 seconds left.\n|inactive|Ranmados has 20 seconds left.\n|inactive|Ranmados has 15 seconds left.\n|inactive|Ranmados has 10 seconds left.\n|\n|t:|1776450190\n|move|p1a: Snorlax|Protect|p1a: Snorlax\n|-singleturn|p1a: Snorlax|Protect\n|move|p2b: Aerodactyl|Rock Slide|p1a: Snorlax\n|-activate|p1a: Snorlax|move: Protect\n|move|p2a: Arcanine|Head Smash|p1a: Snorlax\n|-activate|p1a: Snorlax|move: Protect\n|\n|-heal|p1a: Snorlax|50/100|[from] item: Leftovers\n|upkeep\n|turn|11\n|j|\u2606Seethemalldie\n|inactive|Seethemalldie reconnected and has 45 seconds left.\n|player|p2|Seethemalldie|1|\n|l|\u2606Seethemalldie\n|inactive|Seethemalldie disconnected and has a minute to reconnect!\n|player|p2|\n|inactive|Ranmados has 30 seconds left.\n|inactive|Seethemalldie has 30 seconds left.\n|inactive|Ranmados has 20 seconds left.\n|inactive|Seethemalldie has 20 seconds left.\n|inactive|Ranmados has 15 seconds left.\n|inactive|Seethemalldie has 15 seconds left.\n|inactive|Seethemalldie has 10 seconds left.\n|inactive|Seethemalldie has 5 seconds left.\n|-message|Seethemalldie lost due to inactivity.\n|\n|win|Ranmados\n|raw|Ranmados's rating: 1232 &rarr; <strong>1252</strong><br />(+20 for winning)\n|raw|Seethemalldie's rating: 1155 &rarr; <strong>1135</strong><br />(-20 for losing)\n",
  "uploadtime": 1776450247,
  "views": 28,
  "formatid": "gen9championsvgc2026regma",
  "rating": 1135,
  "private": 0,
  "password": null
}