{
  "id": "gen9championsvgc2026regma-2580989910",
  "format": "[Gen 9 Champions] VGC 2026 Reg M-A",
  "players": [
    "marioman6444",
    "DayWalker13"
  ],
  "log": "|j|\u2606marioman6444\n|j|\u2606DayWalker13\n|t:|1775949535\n|gametype|doubles\n|player|p1|marioman6444|hoopster|1104\n|player|p2|DayWalker13|skier|1137\n|gen|9\n|tier|[Gen 9 Champions] VGC 2026 Reg M-A\n|rated|\n|rule|Species Clause: Limit one of each Pok\u00e9mon\n|rule|Item Clause: Limit 1 of each item\n|clearpoke\n|poke|p1|Slowbro, L50, F|\n|poke|p1|Oranguru, L50, M|\n|poke|p1|Sinistcha, L50|\n|poke|p1|Sableye, L50, M|\n|poke|p1|Camerupt, L50, M|\n|poke|p1|Basculegion, L50, M|\n|poke|p2|Skarmory, L50, M|\n|poke|p2|Lycanroc-Dusk, L50, M|\n|poke|p2|Gardevoir, L50, F|\n|poke|p2|Empoleon, L50, F|\n|poke|p2|Incineroar, L50, F|\n|poke|p2|Dragonite, L50, M|\n|teampreview|4\n|inactive|Battle timer is ON: inactive players will automatically lose when time's up. (requested by marioman6444)\n|inactive|marioman6444 has 60 seconds left.\n|inactive|marioman6444 has 30 seconds left.\n|\n|t:|1775949599\n|teamsize|p1|4\n|teamsize|p2|4\n|start\n|switch|p1a: Oranguru|Oranguru, L50, M, shiny|100/100\n|switch|p1b: Basculegion|Basculegion, L50, M|100/100\n|switch|p2a: Gardevoir|Gardevoir, L50, F|100/100\n|switch|p2b: Incineroar|Incineroar, L50, F|100/100\n|-ability|p2b: Incineroar|Intimidate|boost\n|-fail|p1a: Oranguru|unboost|Attack|[from] ability: Inner Focus|[of] p1a: Oranguru\n|-unboost|p1b: Basculegion|atk|1\n|turn|1\n|\n|t:|1775949621\n|move|p1b: Basculegion|Flip Turn|p2b: Incineroar\n|-supereffective|p2b: Incineroar|1\n|-damage|p2b: Incineroar|49/100\n|\n|t:|1775949624\n|switch|p1b: Camerupt|Camerupt, L50, M, shiny|100/100|[from] Flip Turn\n|move|p2a: Gardevoir|Imprison|p2a: Gardevoir\n|-start|p2a: Gardevoir|move: Imprison\n|move|p2b: Incineroar|Darkest Lariat|p1a: Oranguru\n|-supereffective|p1a: Oranguru|1\n|-damage|p1a: Oranguru|27/100\n|-enditem|p1a: Oranguru|Sitrus Berry|[eat]\n|-heal|p1a: Oranguru|52/100|[from] item: Sitrus Berry\n|cant|p1a: Oranguru|move: Imprison|Trick Room\n|\n|upkeep\n|turn|2\n|inactive|marioman6444 has 30 seconds left.\n|\n|t:|1775949654\n|detailschange|p1b: Camerupt|Camerupt-Mega, L50, M, shiny\n|-mega|p1b: Camerupt|Camerupt|Cameruptite\n|move|p2a: Gardevoir|Psychic|p1b: Camerupt\n|-damage|p1b: Camerupt|51/100\n|move|p1a: Oranguru|Instruct||[still]\n|-fail|p1a: Oranguru\n|move|p2b: Incineroar|Parting Shot|p1b: Camerupt\n|-unboost|p1b: Camerupt|atk|1\n|-unboost|p1b: Camerupt|spa|1\n|\n|t:|1775949666\n|switch|p2b: Lycanroc|Lycanroc-Dusk, L50, M|100/100|[from] Parting Shot\n|move|p1b: Camerupt|Heat Wave|p2a: Gardevoir|[spread] p2a,p2b\n|-resisted|p2b: Lycanroc|1\n|-damage|p2a: Gardevoir|63/100\n|-damage|p2b: Lycanroc|70/100\n|\n|upkeep\n|turn|3\n|inactive|marioman6444 has 30 seconds left.\n|inactive|marioman6444 has 20 seconds left.\n|\n|t:|1775949703\n|switch|p1a: Basculegion|Basculegion, L50, M|100/100\n|move|p1b: Camerupt|Protect|p1b: Camerupt\n|-singleturn|p1b: Camerupt|Protect\n|move|p2b: Lycanroc|Rock Slide|p1b: Camerupt|[spread] p1a\n|-activate|p1b: Camerupt|move: Protect\n|-damage|p1a: Basculegion|68/100\n|move|p2a: Gardevoir|Psychic|p1b: Camerupt\n|-activate|p1b: Camerupt|move: Protect\n|\n|upkeep\n|turn|4\n|inactive|marioman6444 has 30 seconds left.\n|inactive|DayWalker13 has 30 seconds left.\n|\n|t:|1775949733\n|move|p2b: Lycanroc|Accelerock|p1a: Basculegion\n|-crit|p1a: Basculegion\n|-damage|p1a: Basculegion|18/100\n|move|p1a: Basculegion|Flip Turn|p2b: Lycanroc\n|-supereffective|p2b: Lycanroc|1\n|-damage|p2b: Lycanroc|0 fnt\n|faint|p2b: Lycanroc\n|\n|t:|1775949741\n|switch|p1a: Sinistcha|Sinistcha, L50|100/100|[from] Flip Turn\n|-heal|p1b: Camerupt|76/100|[from] ability: Hospitality|[of] p1a: Sinistcha\n|move|p2a: Gardevoir|Psychic|p1b: Camerupt\n|-damage|p1b: Camerupt|24/100\n|move|p1b: Camerupt|Earth Power|p2a: Gardevoir\n|-damage|p2a: Gardevoir|18/100\n|\n|upkeep\n|\n|t:|1775949751\n|switch|p2b: Skarmory|Skarmory, L50, M|100/100\n|turn|5\n|\n|t:|1775949764\n|detailschange|p2b: Skarmory|Skarmory-Mega, L50, M\n|-mega|p2b: Skarmory|Skarmory|Skarmorite\n|move|p1a: Sinistcha|Rage Powder|p1a: Sinistcha\n|-singleturn|p1a: Sinistcha|move: Rage Powder\n|move|p2b: Skarmory|Drill Peck|p1a: Sinistcha\n|-supereffective|p1a: Sinistcha|1\n|-damage|p1a: Sinistcha|26/100\n|move|p2a: Gardevoir|Psychic|p1a: Sinistcha\n|-damage|p1a: Sinistcha|0 fnt\n|faint|p1a: Sinistcha\n|move|p1b: Camerupt|Heat Wave|p2b: Skarmory|[spread] p2a,p2b\n|-supereffective|p2b: Skarmory|1\n|-damage|p2a: Gardevoir|0 fnt\n|-damage|p2b: Skarmory|6/100\n|faint|p2a: Gardevoir\n|\n|upkeep\n|\n|t:|1775949785\n|switch|p1a: Basculegion|Basculegion, L50, M|18/100\n|switch|p2a: Incineroar|Incineroar, L50, F|49/100\n|-ability|p2a: Incineroar|Intimidate|boost\n|-unboost|p1a: Basculegion|atk|1\n|-unboost|p1b: Camerupt|atk|1\n|turn|6\n|\n|t:|1775949804\n|move|p2b: Skarmory|Protect|p2b: Skarmory\n|-singleturn|p2b: Skarmory|Protect\n|move|p2a: Incineroar|Fake Out|p1b: Camerupt\n|-damage|p1b: Camerupt|11/100\n|move|p1a: Basculegion|Liquidation|p2a: Incineroar\n|-supereffective|p2a: Incineroar|1\n|-damage|p2a: Incineroar|0 fnt\n|faint|p2a: Incineroar\n|cant|p1b: Camerupt|flinch\n|\n|upkeep\n|turn|7\n|c|\u2606marioman6444|Nice\n|-message|DayWalker13 forfeited.\n|\n|win|marioman6444\n|raw|marioman6444's rating: 1104 &rarr; <strong>1131</strong><br />(+27 for winning)\n|raw|DayWalker13's rating: 1137 &rarr; <strong>1110</strong><br />(-27 for losing)\n|l|\u2606DayWalker13\n|player|p2|\n",
  "uploadtime": 1775949819,
  "views": 24,
  "formatid": "gen9championsvgc2026regma",
  "rating": 1110,
  "private": 0,
  "password": null
}