{
  "id": "gen9championsvgc2026regma-2583017390",
  "format": "[Gen 9 Champions] VGC 2026 Reg M-A",
  "players": [
    "yairos254",
    "Agentpiku"
  ],
  "log": "|j|\u2606yairos254\n|j|\u203dAgentpiku\n|t:|1776133706\n|gametype|doubles\n|player|p1|yairos254|1|1038\n|player|p2|Agentpiku|101|1000\n|gen|9\n|tier|[Gen 9 Champions] VGC 2026 Reg M-A\n|rated|\n|rule|Species Clause: Limit one of each Pok\u00e9mon\n|rule|Item Clause: Limit 1 of each item\n|clearpoke\n|poke|p1|Tyranitar, L50, M|\n|poke|p1|Corviknight, L50, M|\n|poke|p1|Orthworm, L50, M|\n|poke|p1|Garchomp, L50, M|\n|poke|p1|Talonflame, L50, F|\n|poke|p1|Medicham, L50, M|\n|poke|p2|Charizard, L50, F|\n|poke|p2|Venusaur, L50, M|\n|poke|p2|Incineroar, L50, F|\n|poke|p2|Whimsicott, L50, F|\n|poke|p2|Zoroark-Hisui, L50, M|\n|poke|p2|Castform, L50, F|\n|teampreview|4\n|\n|t:|1776133731\n|teamsize|p1|4\n|teamsize|p2|4\n|start\n|switch|p1a: Talonflame|Talonflame, L50, F|100/100\n|switch|p1b: Orthworm|Orthworm, L50, M|100/100\n|switch|p2a: Charizard|Charizard, L50, F|100/100\n|switch|p2b: Incineroar|Incineroar, L50, F|100/100\n|-ability|p2b: Incineroar|Intimidate|boost\n|-unboost|p1a: Talonflame|atk|1\n|-unboost|p1b: Orthworm|atk|1\n|turn|1\n|inactive|Battle timer is ON: inactive players will automatically lose when time's up. (requested by Agentpiku)\n|\n|t:|1776133757\n|move|p2b: Incineroar|Helping Hand|p2a: Charizard\n|-singleturn|p2a: Charizard|Helping Hand|[of] p2b: Incineroar\n|move|p1a: Talonflame|Upper Hand||[still]\n|-fail|p1a: Talonflame\n|move|p2a: Charizard|Scorching Sands|p1b: Orthworm\n|-immune|p1b: Orthworm|[from] ability: Earth Eater\n|move|p1b: Orthworm|Shed Tail|p1b: Orthworm\n|-start|p1b: Orthworm|Substitute|[from] move: Shed Tail\n|-damage|p1b: Orthworm|50/100\n|\n|t:|1776133768\n|switch|p1b: Tyranitar|Tyranitar, L50, M|100/100|[from] Shed Tail\n|-weather|Sandstorm|[from] ability: Sand Stream|[of] p1b: Tyranitar\n|\n|-weather|Sandstorm|[upkeep]\n|-damage|p1a: Talonflame|95/100|[from] Sandstorm\n|-damage|p2a: Charizard|95/100|[from] Sandstorm\n|-damage|p2b: Incineroar|95/100|[from] Sandstorm\n|upkeep\n|turn|2\n|\n|t:|1776133784\n|detailschange|p2a: Charizard|Charizard-Mega-Y, L50, F\n|-mega|p2a: Charizard|Charizard|Charizardite Y\n|-weather|SunnyDay|[from] ability: Drought|[of] p2a: Charizard\n|move|p1a: Talonflame|Tailwind|p1a: Talonflame\n|-sidestart|p1: yairos254|move: Tailwind\n|move|p1b: Tyranitar|Rock Slide|p2a: Charizard|[spread] p2a,p2b\n|-supereffective|p2a: Charizard|2\n|-supereffective|p2b: Incineroar|1\n|-damage|p2a: Charizard|0 fnt\n|-damage|p2b: Incineroar|21/100\n|faint|p2a: Charizard\n|move|p2b: Incineroar|Parting Shot|p1a: Talonflame\n|-unboost|p1a: Talonflame|atk|1\n|-unboost|p1a: Talonflame|spa|1\n|\n|t:|1776133798\n|switch|p2b: Venusaur|Venusaur, L50, M|100/100|[from] Parting Shot\n|\n|-weather|SunnyDay|[upkeep]\n|upkeep\n|\n|t:|1776133800\n|switch|p2a: Whimsicott|Whimsicott, L50, F|100/100\n|turn|3\n|\n|t:|1776133820\n|detailschange|p1b: Tyranitar|Tyranitar-Mega, L50, M\n|-mega|p1b: Tyranitar|Tyranitar|Tyranitarite\n|-weather|Sandstorm|[from] ability: Sand Stream|[of] p1b: Tyranitar\n|move|p2a: Whimsicott|Tailwind|p2a: Whimsicott\n|-sidestart|p2: Agentpiku|move: Tailwind\n|move|p1a: Talonflame|Brave Bird|p2a: Whimsicott\n|-supereffective|p2a: Whimsicott|1\n|-damage|p2a: Whimsicott|38/100\n|-damage|p1a: Talonflame|77/100|[from] Recoil\n|move|p1b: Tyranitar|Rock Slide|p2a: Whimsicott|[spread] p2a,p2b\n|-damage|p2a: Whimsicott|0 fnt\n|-damage|p2b: Venusaur|64/100\n|faint|p2a: Whimsicott\n|move|p2b: Venusaur|Giga Drain|p1b: Tyranitar\n|-supereffective|p1b: Tyranitar|1\n|-end|p1b: Tyranitar|Substitute\n|-heal|p2b: Venusaur|75/100|[from] drain|[of] p1b: Tyranitar\n|\n|-weather|Sandstorm|[upkeep]\n|-damage|p1a: Talonflame|71/100|[from] Sandstorm\n|-damage|p2b: Venusaur|69/100|[from] Sandstorm\n|-heal|p2b: Venusaur|75/100|[from] item: Leftovers\n|upkeep\n|\n|t:|1776133835\n|switch|p2a: Incineroar|Incineroar, L50, F|21/100\n|-ability|p2a: Incineroar|Intimidate|boost\n|-unboost|p1a: Talonflame|atk|1\n|-unboost|p1b: Tyranitar|atk|1\n|turn|4\n|\n|t:|1776133846\n|switch|p1a: Medicham|Medicham, L50, M|100/100\n|move|p1b: Tyranitar|Protect|p1b: Tyranitar\n|-singleturn|p1b: Tyranitar|Protect\n|move|p2a: Incineroar|Fake Out|p1b: Tyranitar\n|-activate|p1b: Tyranitar|move: Protect\n|move|p2b: Venusaur|Giga Drain|p1b: Tyranitar\n|-activate|p1b: Tyranitar|move: Protect\n|\n|-weather|Sandstorm|[upkeep]\n|-damage|p1a: Medicham|95/100|[from] Sandstorm\n|-damage|p2a: Incineroar|16/100|[from] Sandstorm\n|-damage|p2b: Venusaur|69/100|[from] Sandstorm\n|-heal|p2b: Venusaur|75/100|[from] item: Leftovers\n|upkeep\n|turn|5\n|\n|t:|1776133859\n|move|p2a: Incineroar|Helping Hand|p2b: Venusaur\n|-singleturn|p2b: Venusaur|Helping Hand|[of] p2a: Incineroar\n|move|p1a: Medicham|Skill Swap|p1b: Tyranitar\n|-activate|p1a: Medicham|Skill Swap|||[of] p1b: Tyranitar\n|move|p1b: Tyranitar|Rock Slide|p2a: Incineroar|[spread] p2a,p2b\n|-supereffective|p2a: Incineroar|1\n|-damage|p2a: Incineroar|0 fnt\n|-damage|p2b: Venusaur|24/100\n|faint|p2a: Incineroar\n|cant|p2b: Venusaur|flinch\n|\n|-weather|Sandstorm|[upkeep]\n|-damage|p1a: Medicham|89/100|[from] Sandstorm\n|-damage|p2b: Venusaur|18/100|[from] Sandstorm\n|-heal|p2b: Venusaur|24/100|[from] item: Leftovers\n|-sideend|p1: yairos254|move: Tailwind\n|upkeep\n|turn|6\n|\n|t:|1776133879\n|move|p1a: Medicham|Detect|p1a: Medicham\n|-singleturn|p1a: Medicham|Protect\n|move|p2b: Venusaur|Giga Drain|p1b: Tyranitar\n|-supereffective|p1b: Tyranitar|1\n|-damage|p1b: Tyranitar|59/100\n|-heal|p2b: Venusaur|43/100|[from] drain|[of] p1b: Tyranitar\n|move|p1b: Tyranitar|Knock Off|p2b: Venusaur\n|-damage|p2b: Venusaur|0 fnt\n|-enditem|p2b: Venusaur|Leftovers|[from] move: Knock Off|[of] p1b: Tyranitar\n|faint|p2b: Venusaur\n|\n|win|yairos254\n|raw|yairos254's rating: 1038 &rarr; <strong>1069</strong><br />(+31 for winning)\n|raw|Agentpiku's rating: 1000 &rarr; <strong>1000</strong><br />(+0 for losing)\n|l|\u203dAgentpiku\n|player|p2|\n|l|\u2606yairos254\n|player|p1|\n|j|\u2606yairos254\n|player|p1|yairos254|1|\n",
  "uploadtime": 1776134118,
  "views": 30,
  "formatid": "gen9championsvgc2026regma",
  "rating": 1000,
  "private": 0,
  "password": null
}