{
  "id": "gen9championsvgc2026regma-2584289600",
  "format": "[Gen 9 Champions] VGC 2026 Reg M-A",
  "players": [
    "MrTestingPith",
    "trainer gen5"
  ],
  "log": "|j|\u2606MrTestingPith\n|j|\u2606trainer gen5\n|t:|1776247599\n|gametype|doubles\n|player|p1|MrTestingPith|102|1353\n|player|p2|trainer gen5|nate|1312\n|gen|9\n|tier|[Gen 9 Champions] VGC 2026 Reg M-A\n|rated|\n|rule|Species Clause: Limit one of each Pok\u00e9mon\n|rule|Item Clause: Limit 1 of each item\n|clearpoke\n|poke|p1|Klefki, L50, M|\n|poke|p1|Tsareena, L50, F|\n|poke|p1|Greninja-*, L50, M|\n|poke|p1|Politoed, L50, F|\n|poke|p1|Talonflame, L50, M|\n|poke|p1|Snorlax, L50, F|\n|poke|p2|Delphox, L50, F|\n|poke|p2|Garchomp, L50, F|\n|poke|p2|Sneasler, L50, F|\n|poke|p2|Basculegion, L50, M|\n|poke|p2|Clefable, L50, F|\n|poke|p2|Kingambit, L50, M|\n|teampreview|4\n|inactive|Battle timer is ON: inactive players will automatically lose when time's up. (requested by MrTestingPith)\n|j| exodite0\n|inactive|MrTestingPith has 60 seconds left.\n|\n|t:|1776247666\n|teamsize|p1|4\n|teamsize|p2|4\n|start\n|switch|p1a: Talonflame|Talonflame, L50, M|100/100\n|switch|p1b: Tsareena|Tsareena, L50, F|100/100\n|switch|p2a: Sneasler|Sneasler, L50, F|100/100\n|switch|p2b: Delphox|Delphox, L50, F, shiny|100/100\n|turn|1\n|\n|t:|1776247679\n|switch|p1b: Politoed|Politoed, L50, F|100/100\n|-weather|RainDance|[from] ability: Drizzle|[of] p1b: Politoed\n|detailschange|p2b: Delphox|Delphox-Mega, L50, F, shiny\n|-mega|p2b: Delphox|Delphox|Delphoxite\n|move|p1a: Talonflame|Protect|p1a: Talonflame\n|-singleturn|p1a: Talonflame|Protect\n|move|p2a: Sneasler|Protect|p2a: Sneasler\n|-singleturn|p2a: Sneasler|Protect\n|move|p2b: Delphox|Heat Wave|p1a: Talonflame|[spread] p1b\n|-activate|p1a: Talonflame|move: Protect\n|-resisted|p1b: Politoed|1\n|-crit|p1b: Politoed\n|-damage|p1b: Politoed|84/100\n|-status|p1b: Politoed|brn\n|\n|-weather|RainDance|[upkeep]\n|-damage|p1b: Politoed|78/100 brn|[from] brn\n|upkeep\n|turn|2\n|inactive|trainer gen5 has 30 seconds left.\n|\n|t:|1776247709\n|switch|p2a: Kingambit|Kingambit, L50, M|100/100\n|move|p2b: Delphox|Protect|p2b: Delphox\n|-singleturn|p2b: Delphox|Protect\n|move|p1a: Talonflame|Dual Wingbeat|p2a: Kingambit\n|-resisted|p2a: Kingambit|1\n|-damage|p2a: Kingambit|95/100\n|-resisted|p2a: Kingambit|1\n|-damage|p2a: Kingambit|89/100\n|-hitcount|p2a: Kingambit|2\n|move|p1b: Politoed|Weather Ball|p2b: Delphox\n|-activate|p2b: Delphox|move: Protect\n|\n|-weather|RainDance|[upkeep]\n|-damage|p1b: Politoed|72/100 brn|[from] brn\n|upkeep\n|turn|3\n|inactive|trainer gen5 has 30 seconds left.\n|\n|t:|1776247735\n|move|p1a: Talonflame|Upper Hand|p2a: Kingambit\n|-supereffective|p2a: Kingambit|2\n|-damage|p2a: Kingambit|39/100\n|cant|p2a: Kingambit|flinch\n|move|p2b: Delphox|Psychic|p1a: Talonflame\n|-damage|p1a: Talonflame|23/100\n|move|p1b: Politoed|Weather Ball|p2a: Kingambit\n|-damage|p2a: Kingambit|0 fnt\n|faint|p2a: Kingambit\n|\n|-weather|RainDance|[upkeep]\n|-damage|p1b: Politoed|66/100 brn|[from] brn\n|upkeep\n|\n|t:|1776247752\n|switch|p2a: Sneasler|Sneasler, L50, F|100/100\n|turn|4\n|\n|t:|1776247776\n|switch|p1b: Tsareena|Tsareena, L50, F|100/100\n|move|p2a: Sneasler|Fake Out||[still]\n|cant|p1b: Tsareena|ability: Queenly Majesty|Fake Out|[of] p2a: Sneasler\n|move|p2b: Delphox|Psychic|p1b: Tsareena\n|-damage|p1b: Tsareena|31/100\n|-unboost|p1b: Tsareena|spd|1\n|-enditem|p1b: Tsareena|Sitrus Berry|[eat]\n|-heal|p1b: Tsareena|56/100|[from] item: Sitrus Berry\n|move|p1a: Talonflame|Tailwind|p1a: Talonflame\n|-sidestart|p1: MrTestingPith|move: Tailwind\n|\n|-weather|RainDance|[upkeep]\n|upkeep\n|turn|5\n|inactive|MrTestingPith has 30 seconds left.\n|\n|t:|1776247803\n|move|p1a: Talonflame|Protect|p1a: Talonflame\n|-singleturn|p1a: Talonflame|Protect\n|move|p1b: Tsareena|Protect|p1b: Tsareena\n|-singleturn|p1b: Tsareena|Protect\n|move|p2a: Sneasler|Protect|p2a: Sneasler\n|-singleturn|p2a: Sneasler|Protect\n|move|p2b: Delphox|Heat Wave|p1a: Talonflame|[spread] \n|-activate|p1a: Talonflame|move: Protect\n|-activate|p1b: Tsareena|move: Protect\n|\n|-weather|none\n|upkeep\n|turn|6\n|\n|t:|1776247821\n|switch|p2a: Clefable|Clefable, L50, F|100/100\n|move|p1a: Talonflame|Dual Wingbeat|p2a: Clefable\n|-damage|p2a: Clefable|88/100\n|-damage|p2a: Clefable|75/100\n|-hitcount|p2a: Clefable|2\n|move|p1b: Tsareena|Seed Bomb|p2a: Clefable\n|-damage|p2a: Clefable|42/100\n|-enditem|p2a: Clefable|Sitrus Berry|[eat]\n|-heal|p2a: Clefable|66/100|[from] item: Sitrus Berry\n|move|p2b: Delphox|Heat Wave|p1a: Talonflame|[spread] p1a,p1b\n|-resisted|p1a: Talonflame|1\n|-supereffective|p1b: Tsareena|1\n|-damage|p1a: Talonflame|0 fnt\n|-damage|p1b: Tsareena|0 fnt\n|faint|p1a: Talonflame\n|faint|p1b: Tsareena\n|\n|upkeep\n|\n|t:|1776247834\n|switch|p1a: Greninja|Greninja, L50, M|100/100\n|switch|p1b: Politoed|Politoed, L50, F|66/100 brn\n|-weather|RainDance|[from] ability: Drizzle|[of] p1b: Politoed\n|turn|7\n|\n|t:|1776247852\n|detailschange|p1a: Greninja|Greninja-Mega, L50, M\n|-mega|p1a: Greninja|Greninja|Greninjite\n|move|p2b: Delphox|Protect|p2b: Delphox\n|-singleturn|p2b: Delphox|Protect\n|move|p2a: Clefable|Protect|p2a: Clefable\n|-singleturn|p2a: Clefable|Protect\n|move|p1a: Greninja|Weather Ball|p2a: Clefable\n|-start|p1a: Greninja|typechange|Water|[from] ability: Protean\n|-activate|p2a: Clefable|move: Protect\n|move|p1b: Politoed|Weather Ball|p2b: Delphox\n|-activate|p2b: Delphox|move: Protect\n|\n|-weather|RainDance|[upkeep]\n|-damage|p1b: Politoed|60/100 brn|[from] brn\n|-sideend|p1: MrTestingPith|move: Tailwind\n|upkeep\n|turn|8\n|\n|t:|1776247867\n|move|p2a: Clefable|Follow Me|p2a: Clefable\n|-singleturn|p2a: Clefable|move: Follow Me\n|move|p1a: Greninja|Weather Ball|p2a: Clefable\n|-damage|p2a: Clefable|0 fnt\n|faint|p2a: Clefable\n|move|p2b: Delphox|Psychic|p1a: Greninja\n|-damage|p1a: Greninja|28/100\n|-unboost|p1a: Greninja|spd|1\n|move|p1b: Politoed|Weather Ball|p2b: Delphox\n|-supereffective|p2b: Delphox|1\n|-damage|p2b: Delphox|0 fnt\n|faint|p2b: Delphox\n|\n|-weather|RainDance|[upkeep]\n|-damage|p1b: Politoed|54/100 brn|[from] brn\n|upkeep\n|\n|t:|1776247880\n|switch|p2a: Sneasler|Sneasler, L50, F|100/100\n|turn|9\n|l|\u2606MrTestingPith\n|inactive|MrTestingPith disconnected and has a minute to reconnect!\n|player|p1|\n|inactive|MrTestingPith has 30 seconds left.\n|inactive|MrTestingPith has 20 seconds left.\n|j|\u2606MrTestingPith\n|inactive|MrTestingPith reconnected and has 20 seconds left.\n|player|p1|MrTestingPith|102|\n|\n|t:|1776247919\n|move|p2a: Sneasler|Fake Out|p1a: Greninja\n|-damage|p1a: Greninja|7/100\n|cant|p1a: Greninja|flinch\n|move|p1b: Politoed|Weather Ball|p2a: Sneasler\n|-damage|p2a: Sneasler|17/100\n|\n|-weather|RainDance|[upkeep]\n|-damage|p1b: Politoed|48/100 brn|[from] brn\n|upkeep\n|turn|10\n|-message|trainer gen5 forfeited.\n|\n|win|MrTestingPith\n|raw|MrTestingPith's rating: 1353 &rarr; <strong>1371</strong><br />(+18 for winning)\n|raw|trainer gen5's rating: 1312 &rarr; <strong>1294</strong><br />(-18 for losing)\n|l|\u2606trainer gen5\n|player|p2|\n",
  "uploadtime": 1776248000,
  "views": 45,
  "formatid": "gen9championsvgc2026regma",
  "rating": 1294,
  "private": 0,
  "password": null
}