{
  "id": "gen9championsvgc2026regma-2587617811",
  "format": "[Gen 9 Champions] VGC 2026 Reg M-A",
  "players": [
    "porygon-epilepz",
    "Soiled pants"
  ],
  "log": "|j|\u2606porygon-epilepz\n|j|\u2606Soiled pants\n|t:|1776547408\n|gametype|doubles\n|player|p1|porygon-epilepz|hiker-gen4|\n|player|p2|Soiled pants|266|\n|gen|9\n|tier|[Gen 9 Champions] VGC 2026 Reg M-A\n|rated|Tournament battle\n|rule|Species Clause: Limit one of each Pok\u00e9mon\n|rule|Item Clause: Limit 1 of each item\n|clearpoke\n|poke|p1|Floette-Eternal, L50, F|\n|poke|p1|Incineroar, L50, M|\n|poke|p1|Garchomp, L50, F|\n|poke|p1|Aerodactyl, L50, F|\n|poke|p1|Sneasler, L50, F|\n|poke|p1|Basculegion, L50, M|\n|poke|p2|Archaludon, L50, F|\n|poke|p2|Sinistcha, L50|\n|poke|p2|Incineroar, L50, M|\n|poke|p2|Scovillain, L50, F|\n|poke|p2|Scizor, L50, F|\n|poke|p2|Pelipper, L50, M|\n|teampreview|4\n|j| kiwigal\n|j| acor1000\n|j| KusinVitamin\n|j| Panwu\n|j| christianfinity\n|j| BrkesRBrkn\n|l| acor1000\n|\n|t:|1776547459\n|teamsize|p1|4\n|teamsize|p2|4\n|start\n|switch|p1a: Sandy Claws|Sneasler, L50, F|100/100\n|switch|p1b: Quetza|Aerodactyl, L50, F|100/100\n|switch|p2a: Incineroar|Incineroar, L50, M|100/100\n|switch|p2b: Archaludon|Archaludon, L50, F|100/100\n|-ability|p1b: Quetza|Unnerve\n|-ability|p2a: Incineroar|Intimidate|boost\n|-unboost|p1a: Sandy Claws|atk|1\n|-unboost|p1b: Quetza|atk|1\n|-enditem|p1a: Sandy Claws|White Herb\n|-clearnegativeboost|p1a: Sandy Claws|[silent]\n|turn|1\n|j|@Radio Free C-Side\n|\n|t:|1776547470\n|switch|p2b: Sinistcha|Sinistcha, L50|100/100\n|move|p1a: Sandy Claws|Protect|p1a: Sandy Claws\n|-singleturn|p1a: Sandy Claws|Protect\n|move|p1b: Quetza|Protect|p1b: Quetza\n|-singleturn|p1b: Quetza|Protect\n|move|p2a: Incineroar|Fake Out|p1a: Sandy Claws\n|-activate|p1a: Sandy Claws|move: Protect\n|\n|upkeep\n|turn|2\n|j| i hate you delta\n|\n|t:|1776547482\n|switch|p2a: Archaludon|Archaludon, L50, F|100/100\n|move|p2b: Sinistcha|Rage Powder|p2b: Sinistcha\n|-singleturn|p2b: Sinistcha|move: Rage Powder\n|move|p1a: Sandy Claws|Dire Claw|p2b: Sinistcha\n|-damage|p2b: Sinistcha|68/100\n|move|p1b: Quetza|Tailwind|p1b: Quetza\n|-sidestart|p1: porygon-epilepz|move: Tailwind\n|\n|upkeep\n|turn|3\n|\n|t:|1776547505\n|switch|p2b: Incineroar|Incineroar, L50, M|100/100\n|-ability|p2b: Incineroar|Intimidate|boost\n|-unboost|p1a: Sandy Claws|atk|1\n|-unboost|p1b: Quetza|atk|1\n|move|p1a: Sandy Claws|Dire Claw|p2b: Incineroar\n|-damage|p2b: Incineroar|71/100\n|move|p1b: Quetza|Dual Wingbeat|p2b: Incineroar|[miss]\n|-miss|p1b: Quetza|p2b: Incineroar\n|move|p2a: Archaludon|Dragon Pulse|p1a: Sandy Claws\n|-damage|p1a: Sandy Claws|54/100\n|\n|upkeep\n|turn|4\n|j| prenap\n|j| lSuis\n|\n|t:|1776547523\n|switch|p1a: Teaser|Incineroar, L50, M|100/100\n|-ability|p1a: Teaser|Intimidate|boost\n|-unboost|p2a: Archaludon|atk|1\n|-unboost|p2b: Incineroar|atk|1\n|switch|p2b: Scizor|Scizor, L50, F|100/100\n|move|p1b: Quetza|Rock Slide|p2b: Scizor|[spread] p2a,p2b\n|-resisted|p2a: Archaludon|1\n|-damage|p2a: Archaludon|96/100\n|-damage|p2b: Scizor|88/100\n|-ability|p2a: Archaludon|Stamina|boost\n|-boost|p2a: Archaludon|def|1\n|cant|p2a: Archaludon|flinch\n|\n|-heal|p2a: Archaludon|100/100|[from] item: Leftovers\n|upkeep\n|turn|5\n|\n|t:|1776547540\n|detailschange|p2b: Scizor|Scizor-Mega, L50, F\n|-mega|p2b: Scizor|Scizor|Scizorite\n|move|p1b: Quetza|Protect|p1b: Quetza\n|-singleturn|p1b: Quetza|Protect\n|move|p2b: Scizor|Protect|p2b: Scizor\n|-singleturn|p2b: Scizor|Protect\n|move|p1a: Teaser|Parting Shot|p2a: Archaludon\n|-unboost|p2a: Archaludon|atk|1\n|-unboost|p2a: Archaludon|spa|1\n|\n|t:|1776547554\n|switch|p1a: Dead fih|Basculegion, L50, M|100/100|[from] Parting Shot\n|move|p2a: Archaludon|Dragon Pulse|p1a: Dead fih\n|-crit|p1a: Dead fih\n|-damage|p1a: Dead fih|39/100\n|\n|-sideend|p1: porygon-epilepz|move: Tailwind\n|upkeep\n|turn|6\n|\n|t:|1776547566\n|move|p2b: Scizor|Bullet Punch|p1b: Quetza\n|-supereffective|p1b: Quetza|1\n|-enditem|p1b: Quetza|Focus Sash\n|-damage|p1b: Quetza|1/100\n|move|p1a: Dead fih|Flip Turn|p2b: Scizor\n|-damage|p2b: Scizor|56/100\n|j| 138mysx\n|\n|t:|1776547572\n|switch|p1a: Teaser|Incineroar, L50, M|100/100|[from] Flip Turn\n|-ability|p1a: Teaser|Intimidate|boost\n|-unboost|p2a: Archaludon|atk|1\n|-unboost|p2b: Scizor|atk|1\n|move|p1b: Quetza|Tailwind|p1b: Quetza\n|-sidestart|p1: porygon-epilepz|move: Tailwind\n|move|p2a: Archaludon|Dragon Pulse|p1a: Teaser\n|-damage|p1a: Teaser|81/100\n|\n|upkeep\n|turn|7\n|\n|t:|1776547588\n|move|p1b: Quetza|Protect|p1b: Quetza\n|-singleturn|p1b: Quetza|Protect\n|move|p2b: Scizor|Protect|p2b: Scizor\n|-singleturn|p2b: Scizor|Protect\n|move|p1a: Teaser|Parting Shot|p2a: Archaludon\n|-unboost|p2a: Archaludon|atk|1\n|-unboost|p2a: Archaludon|spa|1\n|\n|t:|1776547594\n|switch|p1a: Sandy Claws|Sneasler, L50, F|54/100|[from] Parting Shot\n|move|p2a: Archaludon|Dragon Pulse|p1a: Sandy Claws\n|-crit|p1a: Sandy Claws\n|-damage|p1a: Sandy Claws|0 fnt\n|faint|p1a: Sandy Claws\n|\n|upkeep\n|\n|t:|1776547598\n|switch|p1a: Teaser|Incineroar, L50, M|81/100\n|-ability|p1a: Teaser|Intimidate|boost\n|-unboost|p2a: Archaludon|atk|1\n|-unboost|p2b: Scizor|atk|1\n|turn|8\n|\n|t:|1776547603\n|switch|p1b: Dead fih|Basculegion, L50, M|39/100\n|switch|p2b: Incineroar|Incineroar, L50, M|71/100\n|-ability|p2b: Incineroar|Intimidate|boost\n|-unboost|p1a: Teaser|atk|1\n|-unboost|p1b: Dead fih|atk|1\n|move|p1a: Teaser|Flare Blitz|p2b: Incineroar\n|-resisted|p2b: Incineroar|1\n|-damage|p2b: Incineroar|56/100\n|-damage|p1a: Teaser|76/100|[from] Recoil\n|move|p2a: Archaludon|Dragon Pulse|p1b: Dead fih\n|-damage|p1b: Dead fih|20/100\n|\n|upkeep\n|turn|9\n|\n|t:|1776547618\n|move|p1b: Dead fih|Flip Turn|p2b: Incineroar\n|-supereffective|p2b: Incineroar|1\n|-damage|p2b: Incineroar|4/100\n|\n|t:|1776547620\n|switch|p1b: Quetza|Aerodactyl, L50, F|1/100|[from] Flip Turn\n|-ability|p1b: Quetza|Unnerve\n|move|p1a: Teaser|Parting Shot|p2a: Archaludon\n|-unboost|p2a: Archaludon|atk|1\n|-unboost|p2a: Archaludon|spa|1\n|\n|t:|1776547623\n|switch|p1a: Dead fih|Basculegion, L50, M|20/100|[from] Parting Shot\n|move|p2a: Archaludon|Dragon Pulse|p1b: Quetza\n|-damage|p1b: Quetza|0 fnt\n|faint|p1b: Quetza\n|move|p2b: Incineroar|Parting Shot|p1a: Dead fih\n|-unboost|p1a: Dead fih|atk|1\n|-unboost|p1a: Dead fih|spa|1\n|\n|t:|1776547633\n|switch|p2b: Scizor|Scizor-Mega, L50, F|56/100|[from] Parting Shot\n|\n|-sideend|p1: porygon-epilepz|move: Tailwind\n|upkeep\n|\n|t:|1776547636\n|switch|p1b: Teaser|Incineroar, L50, M|76/100\n|-ability|p1b: Teaser|Intimidate|boost\n|-unboost|p2a: Archaludon|atk|0\n|-unboost|p2b: Scizor|atk|1\n|turn|10\n|\n|t:|1776547649\n|switch|p2b: Incineroar|Incineroar, L50, M|4/100\n|-ability|p2b: Incineroar|Intimidate|boost\n|-unboost|p1a: Dead fih|atk|1\n|-unboost|p1b: Teaser|atk|1\n|move|p1b: Teaser|Fake Out|p2b: Incineroar\n|-damage|p2b: Incineroar|0 fnt\n|faint|p2b: Incineroar\n|move|p1a: Dead fih|Last Respects|p2a: Archaludon\n|-damage|p2a: Archaludon|77/100\n|-ability|p2a: Archaludon|Stamina|boost\n|-boost|p2a: Archaludon|def|1\n|move|p2a: Archaludon|Dragon Pulse|p1a: Dead fih\n|-damage|p1a: Dead fih|4/100\n|\n|-heal|p2a: Archaludon|83/100|[from] item: Leftovers\n|upkeep\n|j| Red Fang X\n|\n|t:|1776547661\n|switch|p2b: Scizor|Scizor-Mega, L50, F|56/100\n|turn|11\n|\n|t:|1776547666\n|move|p2b: Scizor|Bullet Punch|p1a: Dead fih\n|-resisted|p1a: Dead fih|1\n|-damage|p1a: Dead fih|0 fnt\n|faint|p1a: Dead fih\n|move|p2a: Archaludon|Dragon Pulse|p1b: Teaser\n|-damage|p1b: Teaser|62/100\n|move|p1b: Teaser|Flare Blitz|p2b: Scizor\n|-supereffective|p2b: Scizor|2\n|-damage|p2b: Scizor|0 fnt\n|faint|p2b: Scizor\n|-damage|p1b: Teaser|47/100|[from] Recoil\n|-enditem|p1b: Teaser|Sitrus Berry|[eat]\n|-heal|p1b: Teaser|71/100|[from] item: Sitrus Berry\n|\n|-heal|p2a: Archaludon|89/100|[from] item: Leftovers\n|upkeep\n|\n|t:|1776547669\n|switch|p2b: Sinistcha|Sinistcha, L50|68/100\n|-heal|p2a: Archaludon|100/100|[from] ability: Hospitality|[of] p2b: Sinistcha\n|turn|12\n|c|\u2606porygon-epilepz|gg\n|\n|t:|1776547677\n|move|p2b: Sinistcha|Protect|p2b: Sinistcha\n|-singleturn|p2b: Sinistcha|Protect\n|move|p2a: Archaludon|Dragon Pulse|p1b: Teaser\n|-damage|p1b: Teaser|58/100\n|move|p1b: Teaser|Flare Blitz|p2b: Sinistcha\n|-activate|p2b: Sinistcha|move: Protect\n|\n|upkeep\n|turn|13\n|\n|t:|1776547685\n|move|p2a: Archaludon|Dragon Pulse|p1b: Teaser\n|-damage|p1b: Teaser|44/100\n|move|p2b: Sinistcha|Life Dew||[still]|[spread] p2a,p2b\n|-fail|p2a: Archaludon|heal\n|-heal|p2b: Sinistcha|93/100\n|move|p1b: Teaser|Throat Chop|p2b: Sinistcha\n|-supereffective|p2b: Sinistcha|1\n|-damage|p2b: Sinistcha|62/100\n|-start|p2b: Sinistcha|Throat Chop|[silent]\n|\n|upkeep\n|turn|14\n|l| Red Fang X\n|\n|t:|1776547697\n|move|p2b: Sinistcha|Protect|p2b: Sinistcha\n|-singleturn|p2b: Sinistcha|Protect\n|move|p2a: Archaludon|Dragon Pulse|p1b: Teaser\n|-damage|p1b: Teaser|30/100\n|move|p1b: Teaser|Flare Blitz|p2b: Sinistcha\n|-activate|p2b: Sinistcha|move: Protect\n|\n|-end|p2b: Sinistcha|Throat Chop|[silent]\n|upkeep\n|turn|15\n|l| kiwigal\n|l| BrkesRBrkn\n|\n|t:|1776547708\n|move|p2a: Archaludon|Dragon Pulse|p1b: Teaser\n|-damage|p1b: Teaser|18/100\n|move|p2b: Sinistcha|Shadow Ball|p1b: Teaser\n|-resisted|p1b: Teaser|1\n|-damage|p1b: Teaser|4/100\n|-unboost|p1b: Teaser|spd|1\n|move|p1b: Teaser|Flare Blitz|p2b: Sinistcha\n|-supereffective|p2b: Sinistcha|1\n|-damage|p2b: Sinistcha|17/100\n|-damage|p1b: Teaser|0 fnt|[from] Recoil\n|faint|p1b: Teaser\n|\n|win|Soiled pants\n|n|\u2606porygon-epilepz|porygonepilepz\n|n|\u2606Soiled pants|soiledpants\n|n| KusinVitamin|kusinvitamin\n|n| Panwu|panwu\n|n| christianfinity|christianfinity\n|n|+Radio Free C-Side|radiofreecside\n|n| i hate you delta|ihateyoudelta\n|n| prenap|prenap\n|n| lSuis|lsuis\n|n| 138mysx|138mysx\n",
  "uploadtime": 1776547416,
  "views": 10,
  "formatid": "gen9championsvgc2026regma",
  "rating": null,
  "private": 0,
  "password": null
}