{
  "id": "gen9championsvgc2026regma-2581709193",
  "format": "[Gen 9 Champions] VGC 2026 Reg M-A",
  "players": [
    "pancake pancake",
    "Missed Ledgedash"
  ],
  "log": "|j|\u2606pancake pancake\n|j|\u2606Missed Ledgedash\n|t:|1776022412\n|gametype|doubles\n|player|p1|pancake pancake|waiter-gen4dp|1126\n|player|p2|Missed Ledgedash|juan-gen3|1107\n|gen|9\n|tier|[Gen 9 Champions] VGC 2026 Reg M-A\n|rated|\n|rule|Species Clause: Limit one of each Pok\u00e9mon\n|rule|Item Clause: Limit 1 of each item\n|clearpoke\n|poke|p1|Kingambit, L50, M|\n|poke|p1|Primarina, L50, F|\n|poke|p1|Incineroar, L50, F|\n|poke|p1|Oranguru, L50, F|\n|poke|p1|Abomasnow, L50, F|\n|poke|p1|Aegislash, L50, F|\n|poke|p2|Incineroar, L50, M|\n|poke|p2|Gengar, L50, M|\n|poke|p2|Gyarados, L50, M|\n|poke|p2|Tyranitar, L50, M|\n|poke|p2|Sneasler, L50, F|\n|poke|p2|Excadrill, L50, M|\n|teampreview|4\n|\n|t:|1776022452\n|teamsize|p1|4\n|teamsize|p2|4\n|start\n|switch|p1a: Incineroar|Incineroar, L50, F|100/100\n|switch|p1b: Aegislash|Aegislash, L50, F|100/100\n|switch|p2a: Tyranitar|Tyranitar, L50, M|100/100\n|switch|p2b: Sneasler|Sneasler, L50, F|100/100\n|-weather|Sandstorm|[from] ability: Sand Stream|[of] p2a: Tyranitar\n|-ability|p1a: Incineroar|Intimidate|boost\n|-unboost|p2a: Tyranitar|atk|1\n|-unboost|p2b: Sneasler|atk|1\n|-enditem|p2b: Sneasler|White Herb\n|-clearnegativeboost|p2b: Sneasler|[silent]\n|turn|1\n|\n|t:|1776022462\n|move|p2b: Sneasler|Fake Out|p1a: Incineroar\n|-damage|p1a: Incineroar|90/100\n|cant|p1a: Incineroar|flinch\n|move|p2a: Tyranitar|Knock Off|p1b: Aegislash\n|-supereffective|p1b: Aegislash|1\n|-damage|p1b: Aegislash|38/100\n|-enditem|p1b: Aegislash|Leftovers|[from] move: Knock Off|[of] p2a: Tyranitar\n|move|p1b: Aegislash|Substitute|p1b: Aegislash\n|-start|p1b: Aegislash|Substitute\n|-damage|p1b: Aegislash|14/100\n|\n|-weather|Sandstorm|[upkeep]\n|-damage|p2b: Sneasler|95/100|[from] Sandstorm\n|-damage|p1a: Incineroar|84/100|[from] Sandstorm\n|upkeep\n|turn|2\n|\n|t:|1776022478\n|switch|p2a: Excadrill|Excadrill, L50, M|100/100\n|switch|p1a: Primarina|Primarina, L50, F|100/100\n|move|p1b: Aegislash|King's Shield|p1b: Aegislash\n|-singleturn|p1b: Aegislash|Protect\n|move|p2b: Sneasler|Close Combat|p1a: Primarina\n|-resisted|p1a: Primarina|1\n|-damage|p1a: Primarina|65/100\n|-unboost|p2b: Sneasler|def|1\n|-unboost|p2b: Sneasler|spd|1\n|\n|-weather|Sandstorm|[upkeep]\n|-damage|p2b: Sneasler|89/100|[from] Sandstorm\n|-damage|p1a: Primarina|59/100|[from] Sandstorm\n|upkeep\n|turn|3\n|\n|t:|1776022502\n|switch|p1a: Incineroar|Incineroar, L50, F|84/100\n|-ability|p1a: Incineroar|Intimidate|boost\n|-unboost|p2a: Excadrill|atk|1\n|-unboost|p2b: Sneasler|atk|1\n|move|p2b: Sneasler|U-turn|p1a: Incineroar\n|-damage|p1a: Incineroar|72/100\n|\n|t:|1776022509\n|switch|p2b: Gengar|Gengar, L50, M|100/100|[from] U-turn\n|move|p2a: Excadrill|Iron Head|p1b: Aegislash\n|-resisted|p1b: Aegislash|1\n|-activate|p1b: Aegislash|move: Substitute|[damage]\n|-formechange|p1b: Aegislash|Aegislash-Blade|\n|move|p1b: Aegislash|Shadow Ball|p2b: Gengar\n|-supereffective|p2b: Gengar|1\n|-damage|p2b: Gengar|0 fnt\n|faint|p2b: Gengar\n|\n|-weather|Sandstorm|[upkeep]\n|-damage|p1a: Incineroar|66/100|[from] Sandstorm\n|upkeep\n|\n|t:|1776022518\n|switch|p2b: Tyranitar|Tyranitar, L50, M|100/100\n|turn|4\n|\n|t:|1776022529\n|detailschange|p2b: Tyranitar|Tyranitar-Mega, L50, M\n|-mega|p2b: Tyranitar|Tyranitar|Tyranitarite\n|move|p1a: Incineroar|Fake Out|p2a: Excadrill\n|-resisted|p2a: Excadrill|1\n|-damage|p2a: Excadrill|92/100\n|cant|p2a: Excadrill|flinch\n|move|p2b: Tyranitar|Rock Slide|p1a: Incineroar|[spread] p1a,p1b\n|-resisted|p1b: Aegislash|1\n|-end|p1b: Aegislash|Substitute\n|-supereffective|p1a: Incineroar|1\n|-damage|p1a: Incineroar|13/100\n|-enditem|p1a: Incineroar|Sitrus Berry|[eat]\n|-heal|p1a: Incineroar|38/100|[from] item: Sitrus Berry\n|move|p1b: Aegislash|Flash Cannon|p2b: Tyranitar\n|-supereffective|p2b: Tyranitar|1\n|-damage|p2b: Tyranitar|47/100\n|\n|-weather|Sandstorm|[upkeep]\n|-damage|p1a: Incineroar|32/100|[from] Sandstorm\n|upkeep\n|turn|5\n|\n|t:|1776022558\n|move|p2a: Excadrill|High Horsepower|p1a: Incineroar\n|-supereffective|p1a: Incineroar|1\n|-damage|p1a: Incineroar|0 fnt\n|faint|p1a: Incineroar\n|move|p2b: Tyranitar|Rock Slide|p1b: Aegislash\n|-resisted|p1b: Aegislash|1\n|-damage|p1b: Aegislash|0 fnt\n|faint|p1b: Aegislash\n|\n|-weather|none\n|upkeep\n|\n|t:|1776022563\n|switch|p1b: Kingambit|Kingambit, L50, M|100/100\n|switch|p1a: Primarina|Primarina, L50, F|59/100\n|turn|6\n|\n|t:|1776022576\n|move|p1b: Kingambit|Protect|p1b: Kingambit\n|-singleturn|p1b: Kingambit|Protect\n|move|p2a: Excadrill|Iron Head|p1a: Primarina\n|-damage|p1a: Primarina|26/100\n|move|p2b: Tyranitar|Rock Slide|p1a: Primarina|[spread] \n|-activate|p1b: Kingambit|move: Protect\n|-miss|p2b: Tyranitar|p1a: Primarina\n|move|p1a: Primarina|Hyper Voice|p2b: Tyranitar|[spread] p2a,p2b\n|-supereffective|p2a: Excadrill|1\n|-supereffective|p2b: Tyranitar|1\n|-damage|p2a: Excadrill|0 fnt\n|-damage|p2b: Tyranitar|0 fnt\n|faint|p2a: Excadrill\n|faint|p2b: Tyranitar\n|\n|upkeep\n|\n|t:|1776022588\n|switch|p2b: Sneasler|Sneasler, L50, F|89/100\n|turn|7\n|\n|t:|1776022594\n|move|p2b: Sneasler|Close Combat|p1a: Primarina\n|-resisted|p1a: Primarina|1\n|-damage|p1a: Primarina|0 fnt\n|-unboost|p2b: Sneasler|def|1\n|-unboost|p2b: Sneasler|spd|1\n|faint|p1a: Primarina\n|move|p1b: Kingambit|Iron Head|p2b: Sneasler\n|-damage|p2b: Sneasler|0 fnt\n|faint|p2b: Sneasler\n|\n|win|pancake pancake\n|raw|pancake pancake's rating: 1126 &rarr; <strong>1150</strong><br />(+24 for winning)\n|raw|Missed Ledgedash's rating: 1107 &rarr; <strong>1083</strong><br />(-24 for losing)\n",
  "uploadtime": 1776022594,
  "views": 12,
  "formatid": "gen9championsvgc2026regma",
  "rating": 1083,
  "private": 0,
  "password": null
}