{
  "id": "gen9championsvgc2026regma-2588024461",
  "format": "[Gen 9 Champions] VGC 2026 Reg M-A",
  "players": [
    "horohorovasey",
    "RockmosterRF"
  ],
  "log": "|j|\u2606horohorovasey\n|j|\u2606RockmosterRF\n|t:|1776594518\n|gametype|doubles\n|player|p1|horohorovasey|miku-ghost|1000\n|player|p2|RockmosterRF|blackbelt|1037\n|gen|9\n|tier|[Gen 9 Champions] VGC 2026 Reg M-A\n|rated|\n|rule|Species Clause: Limit one of each Pok\u00e9mon\n|rule|Item Clause: Limit 1 of each item\n|clearpoke\n|poke|p1|Gourgeist-Super, L50, M, shiny|\n|poke|p1|Crabominable, L50, M|\n|poke|p1|Tyranitar, L50, F|\n|poke|p1|Incineroar, L50, F|\n|poke|p1|Rotom-Wash, L50|\n|poke|p1|Tinkaton, L50, F|\n|poke|p2|Delphox, L50, F|\n|poke|p2|Garchomp, L50, M|\n|poke|p2|Meowscarada, L50, F|\n|poke|p2|Rotom-Wash, L50|\n|poke|p2|Corviknight, L50, M|\n|poke|p2|Sneasler, L50, M|\n|teampreview|4\n|inactive|Battle timer is ON: inactive players will automatically lose when time's up. (requested by RockmosterRF)\n|inactive|horohorovasey has 60 seconds left.\n|inactive|RockmosterRF has 60 seconds left.\n|inactive|horohorovasey has 30 seconds left.\n|inactive|horohorovasey has 20 seconds left.\n|\n|t:|1776594591\n|teamsize|p1|4\n|teamsize|p2|4\n|start\n|switch|p1a: Incineroar|Incineroar, L50, F|100/100\n|switch|p1b: Goo Goo Dolls|Gourgeist-Super, L50, M, shiny|100/100\n|switch|p2a: Sneasler|Sneasler, L50, M|100/100\n|switch|p2b: Firefox|Delphox, L50, F|100/100\n|-ability|p1a: Incineroar|Intimidate|boost\n|-unboost|p2a: Sneasler|atk|1\n|-unboost|p2b: Firefox|atk|1\n|-item|p2a: Sneasler|White Herb|[from] ability: Frisk|[of] p1b: Goo Goo Dolls\n|-item|p2b: Firefox|Delphoxite|[from] ability: Frisk|[of] p1b: Goo Goo Dolls\n|-enditem|p2a: Sneasler|White Herb\n|-clearnegativeboost|p2a: Sneasler|[silent]\n|turn|1\n|inactive|RockmosterRF has 30 seconds left.\n|inactive|RockmosterRF has 20 seconds left.\n|inactive|RockmosterRF has 15 seconds left.\n|inactive|horohorovasey has 30 seconds left.\n|\n|t:|1776594638\n|detailschange|p2b: Firefox|Delphox-Mega, L50, F\n|-mega|p2b: Firefox|Delphox|Delphoxite\n|move|p1a: Incineroar|Fake Out|p2b: Firefox\n|-damage|p2b: Firefox|82/100\n|move|p2a: Sneasler|Dire Claw|p1b: Goo Goo Dolls\n|-damage|p1b: Goo Goo Dolls|73/100\n|-status|p1b: Goo Goo Dolls|par\n|cant|p2b: Firefox|flinch\n|move|p1b: Goo Goo Dolls|Trick Room|p1b: Goo Goo Dolls\n|-fieldstart|move: Trick Room|[of] p1b: Goo Goo Dolls\n|\n|upkeep\n|turn|2\n|inactive|horohorovasey has 30 seconds left.\n|inactive|RockmosterRF has 30 seconds left.\n|inactive|RockmosterRF has 20 seconds left.\n|inactive|RockmosterRF has 15 seconds left.\n|inactive|RockmosterRF has 10 seconds left.\n|\n|t:|1776594686\n|move|p2b: Firefox|Protect|p2b: Firefox\n|-singleturn|p2b: Firefox|Protect\n|move|p1b: Goo Goo Dolls|Will-O-Wisp|p2a: Sneasler\n|-status|p2a: Sneasler|brn\n|move|p1a: Incineroar|Parting Shot|p2b: Firefox\n|-activate|p2b: Firefox|move: Protect\n|move|p2a: Sneasler|Low Kick|p1a: Incineroar\n|-supereffective|p1a: Incineroar|1\n|-crit|p1a: Incineroar\n|-damage|p1a: Incineroar|47/100\n|-enditem|p1a: Incineroar|Sitrus Berry|[eat]\n|-heal|p1a: Incineroar|71/100|[from] item: Sitrus Berry\n|\n|-damage|p2a: Sneasler|95/100 brn|[from] brn\n|upkeep\n|turn|3\n|inactive|RockmosterRF has 30 seconds left.\n|inactive|RockmosterRF has 20 seconds left.\n|inactive|RockmosterRF has 15 seconds left.\n|\n|t:|1776594726\n|switch|p2b: Rotom|Rotom-Wash, L50|100/100\n|cant|p1b: Goo Goo Dolls|par\n|move|p1a: Incineroar|Parting Shot|p2a: Sneasler\n|-unboost|p2a: Sneasler|atk|1\n|-unboost|p2a: Sneasler|spa|1\n|\n|t:|1776594734\n|switch|p1a: Crabominable|Crabominable, L50, M|100/100|[from] Parting Shot\n|move|p2a: Sneasler|Low Kick|p1a: Crabominable\n|-supereffective|p1a: Crabominable|1\n|-damage|p1a: Crabominable|61/100\n|\n|-damage|p2a: Sneasler|89/100 brn|[from] brn\n|upkeep\n|turn|4\n|inactive|RockmosterRF has 30 seconds left.\n|inactive|RockmosterRF has 20 seconds left.\n|inactive|RockmosterRF has 15 seconds left.\n|\n|t:|1776594777\n|detailschange|p1a: Crabominable|Crabominable-Mega, L50, M\n|-mega|p1a: Crabominable|Crabominable|Crabominite\n|move|p2a: Sneasler|Protect|p2a: Sneasler\n|-singleturn|p2a: Sneasler|Protect\n|move|p1b: Goo Goo Dolls|Poltergeist|p2b: Rotom\n|-activate|p2b: Rotom|move: Poltergeist|Leftovers\n|-damage|p2b: Rotom|64/100\n|move|p1a: Crabominable|Drain Punch|p2b: Rotom\n|-damage|p2b: Rotom|11/100\n|-heal|p1a: Crabominable|81/100|[from] drain|[of] p2b: Rotom\n|move|p2b: Rotom|Thunderbolt|p1a: Crabominable\n|-damage|p1a: Crabominable|56/100\n|\n|-heal|p2b: Rotom|16/100|[from] item: Leftovers\n|-damage|p2a: Sneasler|83/100 brn|[from] brn\n|upkeep\n|turn|5\n|inactive|RockmosterRF has 30 seconds left.\n|\n|t:|1776594808\n|move|p2b: Rotom|Protect|p2b: Rotom\n|-singleturn|p2b: Rotom|Protect\n|move|p1b: Goo Goo Dolls|Poltergeist|p2b: Rotom\n|-activate|p2b: Rotom|move: Protect\n|move|p1a: Crabominable|Ice Hammer|p2a: Sneasler\n|-damage|p2a: Sneasler|0 fnt\n|-unboost|p1a: Crabominable|spe|1\n|faint|p2a: Sneasler\n|\n|-heal|p2b: Rotom|22/100|[from] item: Leftovers\n|-fieldend|move: Trick Room\n|upkeep\n|\n|t:|1776594823\n|switch|p2a: Meowscarada|Meowscarada, L50, F|100/100\n|turn|6\n|\n|t:|1776594850\n|move|p1a: Crabominable|Mach Punch|p2a: Meowscarada\n|-supereffective|p2a: Meowscarada|1\n|-damage|p2a: Meowscarada|0 fnt\n|faint|p2a: Meowscarada\n|move|p2b: Rotom|Hydro Pump|p1b: Goo Goo Dolls\n|-resisted|p1b: Goo Goo Dolls|1\n|-damage|p1b: Goo Goo Dolls|50/100 par\n|move|p1b: Goo Goo Dolls|Trick Room|p1b: Goo Goo Dolls\n|-fieldstart|move: Trick Room|[of] p1b: Goo Goo Dolls\n|\n|-heal|p2b: Rotom|28/100|[from] item: Leftovers\n|upkeep\n|\n|t:|1776594862\n|switch|p2a: Firefox|Delphox-Mega, L50, F|82/100\n|turn|7\n|\n|t:|1776594876\n|move|p1a: Crabominable|Drain Punch|p2b: Rotom\n|-damage|p2b: Rotom|0 fnt\n|-heal|p1a: Crabominable|67/100|[from] drain|[of] p2b: Rotom\n|faint|p2b: Rotom\n|move|p1b: Goo Goo Dolls|Poltergeist|p2a: Firefox\n|-activate|p2a: Firefox|move: Poltergeist|Delphoxite\n|-supereffective|p2a: Firefox|1\n|-damage|p2a: Firefox|0 fnt\n|faint|p2a: Firefox\n|\n|win|horohorovasey\n|raw|horohorovasey's rating: 1000 &rarr; <strong>1044</strong><br />(+44 for winning)\n|raw|RockmosterRF's rating: 1037 &rarr; <strong>1020</strong><br />(-17 for losing)\n|l|\u2606RockmosterRF\n|player|p2|\n",
  "uploadtime": 1776594889,
  "views": 17,
  "formatid": "gen9championsvgc2026regma",
  "rating": 1020,
  "private": 0,
  "password": null
}