{
  "id": "gen9championsvgc2026regma-2585135165",
  "format": "[Gen 9 Champions] VGC 2026 Reg M-A",
  "players": [
    "Pevar_8",
    "Kinsekirie"
  ],
  "log": "|j|\u2606Pevar_8\n|j|\u2606Kinsekirie\n|t:|1776315991\n|gametype|doubles\n|player|p1|Pevar_8|266|1148\n|player|p2|Kinsekirie|101|1112\n|gen|9\n|tier|[Gen 9 Champions] VGC 2026 Reg M-A\n|rated|\n|rule|Species Clause: Limit one of each Pok\u00e9mon\n|rule|Item Clause: Limit 1 of each item\n|clearpoke\n|poke|p1|Incineroar, L50, F|\n|poke|p1|Gengar, L50, F|\n|poke|p1|Kingambit, L50, F|\n|poke|p1|Corviknight, L50, F|\n|poke|p1|Maushold, L50|\n|poke|p1|Ninetales-Alola, L50, F|\n|poke|p2|Mimikyu, L50, F|\n|poke|p2|Toxapex, L50, F|\n|poke|p2|Floette-Eternal, L50, F|\n|poke|p2|Farigiraf, L50, M|\n|poke|p2|Snorlax, L50, F|\n|poke|p2|Sinistcha, L50|\n|teampreview|4\n|\n|t:|1776316025\n|teamsize|p1|4\n|teamsize|p2|4\n|start\n|switch|p1a: Gengar|Gengar, L50, F, shiny|100/100\n|switch|p1b: Maushold|Maushold, L50|100/100\n|switch|p2a: Farigiraf|Farigiraf, L50, M|100/100\n|switch|p2b: Toxapex|Toxapex, L50, F|100/100\n|turn|1\n|\n|t:|1776316055\n|switch|p2b: Snorlax|Snorlax, L50, F|100/100\n|detailschange|p1a: Gengar|Gengar-Mega, L50, F, shiny\n|-mega|p1a: Gengar|Gengar|Gengarite\n|move|p1b: Maushold|Switcheroo|p2a: Farigiraf\n|-activate|p1b: Maushold|move: Trick|[of] p2a: Farigiraf\n|-item|p2a: Farigiraf|Choice Scarf|[from] move: Switcheroo\n|-enditem|p1b: Maushold|Choice Scarf|[silent]|[from] move: Switcheroo\n|move|p1a: Gengar|Perish Song|p1a: Gengar\n|-start|p1a: Gengar|perish3|[silent]\n|-start|p1b: Maushold|perish3|[silent]\n|-start|p2a: Farigiraf|perish3|[silent]\n|-start|p2b: Snorlax|perish3|[silent]\n|-fieldactivate|move: Perish Song\n|move|p2a: Farigiraf|Trick Room|p2a: Farigiraf\n|-fieldstart|move: Trick Room|[of] p2a: Farigiraf\n|\n|-start|p2b: Snorlax|perish3\n|-start|p2a: Farigiraf|perish3\n|-start|p1b: Maushold|perish3\n|-start|p1a: Gengar|perish3\n|upkeep\n|turn|2\n|\n|t:|1776316095\n|move|p1b: Maushold|Follow Me|p1b: Maushold\n|-singleturn|p1b: Maushold|move: Follow Me\n|move|p2b: Snorlax|Belly Drum|p2b: Snorlax\n|-damage|p2b: Snorlax|50/100\n|-setboost|p2b: Snorlax|atk|6|[from] move: Belly Drum\n|-enditem|p2b: Snorlax|Sitrus Berry|[eat]\n|-heal|p2b: Snorlax|75/100|[from] item: Sitrus Berry\n|move|p1a: Gengar|Disable|p2a: Farigiraf\n|-start|p2a: Farigiraf|Disable|Trick Room\n|cant|p2a: Farigiraf|Disable|Trick Room\n|\n|-start|p2b: Snorlax|perish2\n|-start|p2a: Farigiraf|perish2\n|-start|p1b: Maushold|perish2\n|-start|p1a: Gengar|perish2\n|upkeep\n|turn|3\n|\n|t:|1776316165\n|move|p1b: Maushold|Follow Me|p1b: Maushold\n|-singleturn|p1b: Maushold|move: Follow Me\n|move|p2b: Snorlax|Earthquake|p1a: Gengar|[spread] p2a,p1a,p1b\n|-supereffective|p1a: Gengar|1\n|-damage|p2a: Farigiraf|0 fnt\n|-damage|p1a: Gengar|0 fnt\n|-damage|p1b: Maushold|0 fnt\n|faint|p2a: Farigiraf\n|faint|p1a: Gengar\n|faint|p1b: Maushold\n|\n|-start|p2b: Snorlax|perish1\n|upkeep\n|\n|t:|1776316179\n|switch|p2a: Sinistcha|Sinistcha, L50|100/100\n|switch|p1b: Kingambit|Kingambit, L50, F|100/100\n|switch|p1a: Ninetales|Ninetales-Alola, L50, F|100/100\n|-weather|Snowscape|[from] ability: Snow Warning|[of] p1a: Ninetales\n|-heal|p2b: Snorlax|99/100|[from] ability: Hospitality|[of] p2a: Sinistcha\n|turn|4\n|\n|t:|1776316211\n|move|p1b: Kingambit|Protect|p1b: Kingambit\n|-singleturn|p1b: Kingambit|Protect\n|move|p2a: Sinistcha|Protect|p2a: Sinistcha\n|-singleturn|p2a: Sinistcha|Protect\n|move|p1a: Ninetales|Protect|p1a: Ninetales\n|-singleturn|p1a: Ninetales|Protect\n|move|p2b: Snorlax|Earthquake|p1b: Kingambit|[spread] \n|-activate|p2a: Sinistcha|move: Protect\n|-activate|p1a: Ninetales|move: Protect\n|-activate|p1b: Kingambit|move: Protect\n|\n|-weather|Snowscape|[upkeep]\n|-start|p2b: Snorlax|perish0\n|faint|p2b: Snorlax\n|upkeep\n|\n|t:|1776316227\n|switch|p2b: Toxapex|Toxapex, L50, F|100/100\n|turn|5\n|\n|t:|1776316249\n|move|p1b: Kingambit|Sucker Punch|p2a: Sinistcha\n|-supereffective|p2a: Sinistcha|1\n|-damage|p2a: Sinistcha|14/100\n|move|p2b: Toxapex|Infestation|p1a: Ninetales\n|-resisted|p1a: Ninetales|1\n|-damage|p1a: Ninetales|99/100\n|-activate|p1a: Ninetales|move: Infestation|[of] p2b: Toxapex\n|move|p2a: Sinistcha|Shadow Ball|p1a: Ninetales\n|-damage|p1a: Ninetales|68/100\n|move|p1a: Ninetales|Encore|p2a: Sinistcha\n|-start|p2a: Sinistcha|Encore\n|\n|-weather|Snowscape|[upkeep]\n|-damage|p1a: Ninetales|56/100|[from] move: Infestation|[partiallytrapped]\n|-fieldend|move: Trick Room\n|upkeep\n|turn|6\n|\n|t:|1776316271\n|move|p1b: Kingambit|Sucker Punch|p2a: Sinistcha\n|-supereffective|p2a: Sinistcha|1\n|-damage|p2a: Sinistcha|0 fnt\n|faint|p2a: Sinistcha\n|move|p1a: Ninetales|Aurora Veil|p1a: Ninetales\n|-sidestart|p1: Pevar_8|move: Aurora Veil\n|move|p2b: Toxapex|Toxic|p1a: Ninetales\n|-status|p1a: Ninetales|tox\n|\n|-weather|Snowscape|[upkeep]\n|-damage|p1a: Ninetales|50/100 tox|[from] psn\n|-damage|p1a: Ninetales|37/100 tox|[from] move: Infestation|[partiallytrapped]\n|upkeep\n|turn|7\n|\n|t:|1776316304\n|move|p1a: Ninetales|Encore|p2b: Toxapex\n|-start|p2b: Toxapex|Encore\n|move|p1b: Kingambit|Kowtow Cleave|p2b: Toxapex\n|-crit|p2b: Toxapex\n|-damage|p2b: Toxapex|25/100\n|move|p2b: Toxapex|Toxic|p1b: Kingambit\n|-immune|p1b: Kingambit\n|\n|-weather|Snowscape|[upkeep]\n|-heal|p2b: Toxapex|30/100|[from] item: Leftovers\n|-damage|p1a: Ninetales|25/100 tox|[from] psn\n|-damage|p1a: Ninetales|13/100 tox|[from] move: Infestation|[partiallytrapped]\n|upkeep\n|turn|8\n|-message|Kinsekirie forfeited.\n|\n|win|Pevar_8\n|raw|Pevar_8's rating: 1148 &rarr; <strong>1170</strong><br />(+22 for winning)\n|raw|Kinsekirie's rating: 1112 &rarr; <strong>1090</strong><br />(-22 for losing)\n|l|\u2606Kinsekirie\n|player|p2|\n",
  "uploadtime": 1776316322,
  "views": 20,
  "formatid": "gen9championsvgc2026regma",
  "rating": 1090,
  "private": 0,
  "password": null
}