{
  "id": "gen9championsvgc2026regma-2580395999",
  "format": "[Gen 9 Champions] VGC 2026 Reg M-A",
  "players": [
    "w4toto",
    "ll49kll"
  ],
  "log": "|j|\u2606w4toto\n|j|\u2606ll49kll\n|t:|1775890172\n|gametype|doubles\n|player|p1|w4toto|volkner|1101\n|player|p2|ll49kll|265|1055\n|gen|9\n|tier|[Gen 9 Champions] VGC 2026 Reg M-A\n|rated|\n|rule|Species Clause: Limit one of each Pok\u00e9mon\n|rule|Item Clause: Limit 1 of each item\n|clearpoke\n|poke|p1|Orthworm, L50, M|\n|poke|p1|Incineroar, L50, M|\n|poke|p1|Froslass, L50, F|\n|poke|p1|Basculegion, L50, M|\n|poke|p1|Rotom-Frost, L50|\n|poke|p1|Garchomp, L50, F|\n|poke|p2|Charizard, L50, M|\n|poke|p2|Sneasler, L50, F|\n|poke|p2|Leafeon, L50, F|\n|poke|p2|Rotom-Heat, L50|\n|poke|p2|Incineroar, L50, F|\n|poke|p2|Whimsicott, L50, M|\n|teampreview|4\n|inactive|Battle timer is ON: inactive players will automatically lose when time's up. (requested by w4toto)\n|\n|t:|1775890198\n|teamsize|p1|4\n|teamsize|p2|4\n|start\n|switch|p1a: Incineroar|Incineroar, L50, M|100/100\n|switch|p1b: Basculegion|Basculegion, L50, M|100/100\n|switch|p2a: Incineroar|Incineroar, L50, F|100/100\n|switch|p2b: Charizard|Charizard, L50, M|100/100\n|-ability|p1a: Incineroar|Intimidate|boost\n|-unboost|p2a: Incineroar|atk|1\n|-unboost|p2b: Charizard|atk|1\n|-ability|p2a: Incineroar|Intimidate|boost\n|-unboost|p1a: Incineroar|atk|1\n|-unboost|p1b: Basculegion|atk|1\n|turn|1\n|\n|t:|1775890212\n|detailschange|p2b: Charizard|Charizard-Mega-Y, L50, M\n|-mega|p2b: Charizard|Charizard|Charizardite Y\n|-weather|SunnyDay|[from] ability: Drought|[of] p2b: Charizard\n|move|p2b: Charizard|Protect|p2b: Charizard\n|-singleturn|p2b: Charizard|Protect\n|move|p1a: Incineroar|Fake Out|p2b: Charizard\n|-activate|p2b: Charizard|move: Protect\n|move|p1b: Basculegion|Wave Crash|p2b: Charizard\n|-activate|p2b: Charizard|move: Protect\n|move|p2a: Incineroar|Will-O-Wisp|p1b: Basculegion\n|-status|p1b: Basculegion|brn\n|\n|-weather|SunnyDay|[upkeep]\n|-damage|p1b: Basculegion|94/100 brn|[from] brn\n|upkeep\n|turn|2\n|\n|t:|1775890233\n|move|p1b: Basculegion|Wave Crash|p2b: Charizard\n|-supereffective|p2b: Charizard|1\n|-damage|p2b: Charizard|65/100\n|-damage|p1b: Basculegion|85/100 brn|[from] Recoil\n|move|p2b: Charizard|Solar Beam||[still]\n|-prepare|p2b: Charizard|Solar Beam\n|-anim|p2b: Charizard|Solar Beam|p1b: Basculegion\n|-supereffective|p1b: Basculegion|1\n|-damage|p1b: Basculegion|0 fnt\n|faint|p1b: Basculegion\n|move|p1a: Incineroar|Parting Shot|p2a: Incineroar\n|-unboost|p2a: Incineroar|atk|1\n|-unboost|p2a: Incineroar|spa|1\n|\n|t:|1775890242\n|switch|p1a: Orthworm|Orthworm, L50, M|100/100|[from] Parting Shot\n|move|p2a: Incineroar|Parting Shot|p1a: Orthworm\n|-unboost|p1a: Orthworm|atk|1\n|-unboost|p1a: Orthworm|spa|1\n|\n|t:|1775890252\n|switch|p2a: Rotom|Rotom-Heat, L50|100/100|[from] Parting Shot\n|\n|-weather|SunnyDay|[upkeep]\n|upkeep\n|\n|t:|1775890256\n|switch|p1b: Incineroar|Incineroar, L50, M|100/100\n|-ability|p1b: Incineroar|Intimidate|boost\n|-unboost|p2a: Rotom|atk|1\n|-unboost|p2b: Charizard|atk|1\n|turn|3\n|\n|t:|1775890265\n|move|p1b: Incineroar|Fake Out|p2b: Charizard\n|-damage|p2b: Charizard|50/100\n|move|p2a: Rotom|Trick|p1b: Incineroar\n|-activate|p2a: Rotom|move: Trick|[of] p1b: Incineroar\n|-item|p1b: Incineroar|Choice Scarf|[from] move: Trick\n|-item|p2a: Rotom|Lum Berry|[from] move: Trick\n|cant|p2b: Charizard|flinch\n|move|p1a: Orthworm|Shed Tail|p1a: Orthworm\n|-start|p1a: Orthworm|Substitute|[from] move: Shed Tail\n|-damage|p1a: Orthworm|50/100\n|-enditem|p1a: Orthworm|Sitrus Berry|[eat]\n|-heal|p1a: Orthworm|75/100|[from] item: Sitrus Berry\n|\n|t:|1775890278\n|switch|p1a: Froslass|Froslass, L50, F|100/100|[from] Shed Tail\n|\n|-weather|SunnyDay|[upkeep]\n|upkeep\n|turn|4\n|\n|t:|1775890291\n|switch|p2b: Incineroar|Incineroar, L50, F|100/100\n|-ability|p2b: Incineroar|Intimidate|boost\n|-immune|p1a: Froslass\n|-unboost|p1b: Incineroar|atk|1\n|detailschange|p1a: Froslass|Froslass-Mega, L50, F\n|-mega|p1a: Froslass|Froslass|Froslassite\n|-weather|Snowscape|[from] ability: Snow Warning|[of] p1a: Froslass\n|move|p1a: Froslass|Blizzard|p2b: Incineroar|[spread] p2a,p2b\n|-resisted|p2a: Rotom|1\n|-resisted|p2b: Incineroar|1\n|-damage|p2a: Rotom|71/100\n|-damage|p2b: Incineroar|78/100\n|move|p2a: Rotom|Overheat|p1a: Froslass\n|-supereffective|p1a: Froslass|1\n|-end|p1a: Froslass|Substitute\n|-unboost|p2a: Rotom|spa|2\n|move|p1b: Incineroar|Darkest Lariat|p2a: Rotom\n|-damage|p2a: Rotom|37/100\n|\n|-weather|Snowscape|[upkeep]\n|-heal|p2b: Incineroar|84/100|[from] item: Leftovers\n|upkeep\n|turn|5\n|inactive|w4toto has 30 seconds left.\n|\n|t:|1775890321\n|switch|p1b: Orthworm|Orthworm, L50, M|75/100\n|move|p1a: Froslass|Protect|p1a: Froslass\n|-singleturn|p1a: Froslass|Protect\n|move|p2a: Rotom|Volt Switch|p1b: Orthworm\n|-damage|p1b: Orthworm|58/100\n|\n|t:|1775890327\n|switch|p2a: Charizard|Charizard-Mega-Y, L50, M|50/100|[from] Volt Switch\n|-weather|SunnyDay|[from] ability: Drought|[of] p2a: Charizard\n|move|p2b: Incineroar|Flare Blitz|p1a: Froslass\n|-activate|p1a: Froslass|move: Protect\n|\n|-weather|SunnyDay|[upkeep]\n|-heal|p2b: Incineroar|90/100|[from] item: Leftovers\n|upkeep\n|turn|6\n|\n|t:|1775890338\n|switch|p1a: Incineroar|Incineroar, L50, M|100/100\n|-ability|p1a: Incineroar|Intimidate|boost\n|-unboost|p2a: Charizard|atk|1\n|-unboost|p2b: Incineroar|atk|1\n|move|p2a: Charizard|Heat Wave|p1a: Incineroar|[spread] p1a\n|-miss|p2a: Charizard|p1b: Orthworm\n|-resisted|p1a: Incineroar|1\n|-damage|p1a: Incineroar|72/100\n|move|p1b: Orthworm|Body Press|p2b: Incineroar\n|-supereffective|p2b: Incineroar|1\n|-damage|p2b: Incineroar|55/100\n|move|p2b: Incineroar|Parting Shot|p1a: Incineroar\n|-unboost|p1a: Incineroar|atk|1\n|-unboost|p1a: Incineroar|spa|1\n|\n|t:|1775890356\n|switch|p2b: Rotom|Rotom-Heat, L50|37/100|[from] Parting Shot\n|\n|-weather|SunnyDay|[upkeep]\n|upkeep\n|turn|7\n|\n|t:|1775890371\n|switch|p2a: Incineroar|Incineroar, L50, F|55/100\n|-ability|p2a: Incineroar|Intimidate|boost\n|-unboost|p1a: Incineroar|atk|1\n|-unboost|p1b: Orthworm|atk|1\n|move|p1a: Incineroar|Fake Out|p2a: Incineroar\n|-damage|p2a: Incineroar|50/100\n|move|p2b: Rotom|Volt Switch|p1b: Orthworm\n|-damage|p1b: Orthworm|19/100\n|\n|t:|1775890382\n|switch|p2b: Leafeon|Leafeon, L50, F|100/100|[from] Volt Switch\n|move|p1b: Orthworm|Shed Tail|p1b: Orthworm\n|-fail|p1b: Orthworm|move: Shed Tail|[weak]\n|\n|-weather|SunnyDay|[upkeep]\n|-heal|p2a: Incineroar|56/100|[from] item: Leftovers\n|upkeep\n|turn|8\n|inactive|ll49kll has 30 seconds left.\n|\n|t:|1775890412\n|switch|p1a: Froslass|Froslass-Mega, L50, F|100/100\n|-weather|Snowscape|[from] ability: Snow Warning|[of] p1a: Froslass\n|move|p2a: Incineroar|Fake Out|p1a: Froslass\n|-immune|p1a: Froslass\n|move|p2b: Leafeon|Weather Ball|p1b: Orthworm\n|-resisted|p1b: Orthworm|1\n|-damage|p1b: Orthworm|12/100\n|move|p1b: Orthworm|Body Press|p2a: Incineroar\n|-supereffective|p2a: Incineroar|1\n|-damage|p2a: Incineroar|21/100\n|\n|-weather|Snowscape|[upkeep]\n|-heal|p2a: Incineroar|27/100|[from] item: Leftovers\n|upkeep\n|turn|9\n|\n|t:|1775890427\n|switch|p1a: Incineroar|Incineroar, L50, M|72/100\n|-ability|p1a: Incineroar|Intimidate|boost\n|-unboost|p2a: Incineroar|atk|1\n|-unboost|p2b: Leafeon|atk|1\n|move|p2b: Leafeon|Knock Off|p1b: Orthworm\n|-damage|p1b: Orthworm|1/100\n|move|p1b: Orthworm|Body Press|p2a: Incineroar\n|-supereffective|p2a: Incineroar|1\n|-damage|p2a: Incineroar|0 fnt\n|faint|p2a: Incineroar\n|\n|-weather|Snowscape|[upkeep]\n|upkeep\n|\n|t:|1775890434\n|switch|p2a: Charizard|Charizard-Mega-Y, L50, M|50/100\n|-weather|SunnyDay|[from] ability: Drought|[of] p2a: Charizard\n|turn|10\n|\n|t:|1775890450\n|move|p2b: Leafeon|Knock Off|p1b: Orthworm\n|-damage|p1b: Orthworm|0 fnt\n|faint|p1b: Orthworm\n|move|p2a: Charizard|Scorching Sands|p1a: Incineroar\n|-supereffective|p1a: Incineroar|1\n|-damage|p1a: Incineroar|24/100\n|move|p1a: Incineroar|Flare Blitz|p2b: Leafeon\n|-supereffective|p2b: Leafeon|1\n|-damage|p2b: Leafeon|0 fnt\n|faint|p2b: Leafeon\n|-damage|p1a: Incineroar|0 fnt|[from] Recoil\n|faint|p1a: Incineroar\n|\n|-weather|SunnyDay|[upkeep]\n|upkeep\n|\n|t:|1775890459\n|switch|p2b: Rotom|Rotom-Heat, L50|37/100\n|switch|p1b: Froslass|Froslass-Mega, L50, F|100/100\n|-weather|Snowscape|[from] ability: Snow Warning|[of] p1b: Froslass\n|turn|11\n|\n|t:|1775890464\n|move|p1b: Froslass|Blizzard|p2a: Charizard|[spread] p2a,p2b\n|-resisted|p2b: Rotom|1\n|-crit|p2b: Rotom\n|-damage|p2a: Charizard|0 fnt\n|-damage|p2b: Rotom|0 fnt\n|faint|p2a: Charizard\n|faint|p2b: Rotom\n|\n|win|w4toto\n|raw|w4toto's rating: 1101 &rarr; <strong>1123</strong><br />(+22 for winning)\n|raw|ll49kll's rating: 1055 &rarr; <strong>1039</strong><br />(-16 for losing)\n|l|\u2606ll49kll\n|player|p2|\n",
  "uploadtime": 1775890471,
  "views": 13,
  "formatid": "gen9championsvgc2026regma",
  "rating": 1039,
  "private": 0,
  "password": null
}