{
  "id": "gen9championsvgc2026regma-2580662554",
  "format": "[Gen 9 Champions] VGC 2026 Reg M-A",
  "players": [
    "awesumdude42",
    "grok how do i win?"
  ],
  "log": "|j|\u2606awesumdude42\n|j|\u2606grok how do i win?\n|t:|1775922317\n|gametype|doubles\n|player|p1|awesumdude42|101|1054\n|player|p2|grok how do i win?|2|1069\n|gen|9\n|tier|[Gen 9 Champions] VGC 2026 Reg M-A\n|rated|\n|rule|Species Clause: Limit one of each Pok\u00e9mon\n|rule|Item Clause: Limit 1 of each item\n|clearpoke\n|poke|p1|Greninja-*, L50, F|\n|poke|p1|Meowscarada, L50, F|\n|poke|p1|Pelipper, L50, M|\n|poke|p1|Raichu-Alola, L50, M|\n|poke|p2|Charizard, L50, F|\n|poke|p2|Venusaur, L50, M|\n|poke|p2|Garchomp, L50, M|\n|poke|p2|Incineroar, L50, F|\n|poke|p2|Whimsicott, L50, F|\n|poke|p2|Raichu, L50, F|\n|teampreview|4\n|\n|t:|1775922337\n|teamsize|p1|4\n|teamsize|p2|4\n|start\n|switch|p1a: Greninja|Greninja, L50, F|100/100\n|switch|p1b: Pelipper|Pelipper, L50, M|100/100\n|switch|p2a: Charizard|Charizard, L50, F, shiny|100/100\n|switch|p2b: Venusaur|Venusaur, L50, M, shiny|100/100\n|-weather|RainDance|[from] ability: Drizzle|[of] p1b: Pelipper\n|turn|1\n|\n|t:|1775922365\n|detailschange|p1a: Greninja|Greninja-Mega, L50, F\n|-mega|p1a: Greninja|Greninja|Greninjite\n|detailschange|p2a: Charizard|Charizard-Mega-Y, L50, F, shiny\n|-mega|p2a: Charizard|Charizard|Charizardite Y\n|-weather|SunnyDay|[from] ability: Drought|[of] p2a: Charizard\n|move|p2b: Venusaur|Giga Drain|p1a: Greninja\n|-supereffective|p1a: Greninja|1\n|-damage|p1a: Greninja|8/100\n|move|p1a: Greninja|Extrasensory|p2b: Venusaur\n|-start|p1a: Greninja|typechange|Psychic|[from] ability: Protean\n|-supereffective|p2b: Venusaur|1\n|-damage|p2b: Venusaur|2/100\n|move|p2a: Charizard|Solar Beam||[still]\n|-prepare|p2a: Charizard|Solar Beam\n|-anim|p2a: Charizard|Solar Beam|p1b: Pelipper\n|-damage|p1b: Pelipper|35/100\n|move|p1b: Pelipper|Chilling Water|p2a: Charizard\n|-supereffective|p2a: Charizard|1\n|-damage|p2a: Charizard|80/100\n|-unboost|p2a: Charizard|atk|1\n|\n|-weather|SunnyDay|[upkeep]\n|upkeep\n|turn|2\n|\n|t:|1775922399\n|move|p2b: Venusaur|Giga Drain|p1a: Greninja\n|-damage|p1a: Greninja|0 fnt\n|-heal|p2b: Venusaur|6/100|[from] drain|[of] p1a: Greninja\n|faint|p1a: Greninja\n|move|p2a: Charizard|Air Slash|p1b: Pelipper|[miss]\n|-miss|p2a: Charizard|p1b: Pelipper\n|move|p1b: Pelipper|Chilling Water|p2a: Charizard\n|-supereffective|p2a: Charizard|1\n|-damage|p2a: Charizard|59/100\n|-unboost|p2a: Charizard|atk|1\n|\n|-weather|SunnyDay|[upkeep]\n|upkeep\n|\n|t:|1775922413\n|switch|p1a: Meowscarada|Meowscarada, L50, F|100/100\n|turn|3\n|\n|t:|1775922431\n|move|p2b: Venusaur|Sludge Bomb|p1a: Meowscarada\n|-supereffective|p1a: Meowscarada|1\n|-damage|p1a: Meowscarada|0 fnt\n|faint|p1a: Meowscarada\n|move|p2a: Charizard|Heat Wave|p1b: Pelipper|[miss]\n|-miss|p2a: Charizard|p1b: Pelipper\n|move|p1b: Pelipper|U-turn|p2b: Venusaur\n|-damage|p2b: Venusaur|0 fnt\n|faint|p2b: Venusaur\n|\n|t:|1775922443\n|switch|p1b: Raichu|Raichu-Alola, L50, M|100/100|[from] U-turn\n|\n|-weather|SunnyDay|[upkeep]\n|upkeep\n|\n|t:|1775922449\n|switch|p1a: Pelipper|Pelipper, L50, M|35/100\n|switch|p2b: Raichu|Raichu, L50, F|100/100\n|-weather|RainDance|[from] ability: Drizzle|[of] p1a: Pelipper\n|turn|4\n|\n|t:|1775922461\n|move|p2b: Raichu|Fake Out|p1a: Pelipper\n|-damage|p1a: Pelipper|26/100\n|move|p1b: Raichu|Thunderbolt|p2b: Raichu\n|-activate|p2b: Raichu|ability: Lightning Rod\n|-ability|p2b: Raichu|Lightning Rod|boost\n|-boost|p2b: Raichu|spa|1\n|move|p2a: Charizard|Air Slash|p1a: Pelipper\n|-damage|p1a: Pelipper|0 fnt\n|faint|p1a: Pelipper\n|\n|-weather|RainDance|[upkeep]\n|upkeep\n|turn|5\n|-message|awesumdude42 forfeited.\n|\n|win|grok how do i win?\n|raw|awesumdude42's rating: 1054 &rarr; <strong>1037</strong><br />(-17 for losing)\n|raw|grok how do i win?'s rating: 1069 &rarr; <strong>1097</strong><br />(+28 for winning)\n|l|\u2606awesumdude42\n|player|p1|\n",
  "uploadtime": 1775922473,
  "views": 11,
  "formatid": "gen9championsvgc2026regma",
  "rating": 1037,
  "private": 0,
  "password": null
}