{
  "id": "gen9championsvgc2026regma-2586995154",
  "format": "[Gen 9 Champions] VGC 2026 Reg M-A",
  "players": [
    "KB05",
    "aztec_azzy"
  ],
  "log": "|j|\u2606KB05\n|j|\u2606aztec_azzy\n|t:|1776479346\n|gametype|doubles\n|player|p1|KB05|266|1006\n|player|p2|aztec_azzy|n|1011\n|gen|9\n|tier|[Gen 9 Champions] VGC 2026 Reg M-A\n|rated|\n|rule|Species Clause: Limit one of each Pok\u00e9mon\n|rule|Item Clause: Limit 1 of each item\n|clearpoke\n|poke|p1|Tyranitar, L50, M|\n|poke|p1|Arcanine-Hisui, L50, F|\n|poke|p1|Simipour, L50, M|\n|poke|p1|Aerodactyl, L50, F|\n|poke|p1|Garchomp, L50, M|\n|poke|p1|Decidueye-Hisui, L50, M|\n|poke|p2|Pelipper, L50, F|\n|poke|p2|Audino, L50, F|\n|poke|p2|Feraligatr, L50, F|\n|poke|p2|Milotic, L50, M|\n|poke|p2|Hawlucha, L50, M|\n|poke|p2|Garchomp, L50, F|\n|teampreview|4\n|\n|t:|1776479407\n|teamsize|p1|4\n|teamsize|p2|4\n|start\n|switch|p1a: Arcanine|Arcanine-Hisui, L50, F|100/100\n|switch|p1b: Garchomp|Garchomp, L50, M|100/100\n|switch|p2a: Pelipper|Pelipper, L50, F|100/100\n|switch|p2b: Audino|Audino, L50, F, shiny|100/100\n|-ability|p1a: Arcanine|Intimidate|boost\n|-unboost|p2a: Pelipper|atk|1\n|-unboost|p2b: Audino|atk|1\n|-weather|RainDance|[from] ability: Drizzle|[of] p2a: Pelipper\n|turn|1\n|\n|t:|1776479424\n|move|p1b: Garchomp|Rock Slide|p2b: Audino|[spread] p2a,p2b\n|-supereffective|p2a: Pelipper|1\n|-damage|p2a: Pelipper|61/100\n|-damage|p2b: Audino|86/100\n|move|p1a: Arcanine|Rock Slide|p2a: Pelipper|[spread] p2b\n|-miss|p1a: Arcanine|p2a: Pelipper\n|-damage|p2b: Audino|64/100\n|move|p2a: Pelipper|Tailwind|p2a: Pelipper\n|-sidestart|p2: aztec_azzy|move: Tailwind\n|cant|p2b: Audino|flinch\n|\n|-weather|RainDance|[upkeep]\n|upkeep\n|turn|2\n|\n|t:|1776479442\n|switch|p1b: Tyranitar|Tyranitar, L50, M|100/100\n|-weather|Sandstorm|[from] ability: Sand Stream|[of] p1b: Tyranitar\n|move|p1a: Arcanine|Rock Slide|p2a: Pelipper|[spread] p2a,p2b\n|-supereffective|p2a: Pelipper|1\n|-damage|p2a: Pelipper|4/100\n|-damage|p2b: Audino|44/100\n|-enditem|p2b: Audino|Sitrus Berry|[eat]\n|-heal|p2b: Audino|69/100|[from] item: Sitrus Berry\n|move|p2a: Pelipper|Roost|p2a: Pelipper\n|-heal|p2a: Pelipper|55/100\n|-singleturn|p2a: Pelipper|move: Roost\n|move|p2b: Audino|Yawn|p1b: Tyranitar\n|-start|p1b: Tyranitar|move: Yawn|[of] p2b: Audino\n|\n|-weather|Sandstorm|[upkeep]\n|-damage|p2a: Pelipper|49/100|[from] Sandstorm\n|-damage|p2b: Audino|63/100|[from] Sandstorm\n|upkeep\n|turn|3\n|\n|t:|1776479473\n|switch|p1b: Simipour|Simipour, L50, M|100/100\n|move|p1a: Arcanine|Rock Slide|p2a: Pelipper|[spread] p2a,p2b\n|-supereffective|p2a: Pelipper|1\n|-crit|p2b: Audino\n|-damage|p2a: Pelipper|0 fnt\n|-damage|p2b: Audino|30/100\n|faint|p2a: Pelipper\n|move|p2b: Audino|Yawn|p1a: Arcanine\n|-start|p1a: Arcanine|move: Yawn|[of] p2b: Audino\n|\n|-weather|Sandstorm|[upkeep]\n|-damage|p1b: Simipour|94/100|[from] Sandstorm\n|-damage|p2b: Audino|24/100|[from] Sandstorm\n|upkeep\n|\n|t:|1776479484\n|switch|p2a: Garchomp|Garchomp, L50, F, shiny|100/100\n|turn|4\n|\n|t:|1776479505\n|switch|p1a: Garchomp|Garchomp, L50, M|100/100\n|move|p2b: Audino|Helping Hand|p2a: Garchomp\n|-singleturn|p2a: Garchomp|Helping Hand|[of] p2b: Audino\n|move|p1b: Simipour|Fake Out|p2b: Audino\n|-damage|p2b: Audino|17/100\n|move|p2a: Garchomp|Earthquake|p1b: Simipour|[spread] p2b,p1a,p1b\n|-damage|p2b: Audino|0 fnt\n|-damage|p1a: Garchomp|34/100\n|-damage|p1b: Simipour|0 fnt\n|faint|p2b: Audino\n|faint|p1b: Simipour\n|\n|-weather|Sandstorm|[upkeep]\n|-sideend|p2: aztec_azzy|move: Tailwind\n|upkeep\n|\n|t:|1776479522\n|switch|p1b: Arcanine|Arcanine-Hisui, L50, F|100/100\n|switch|p2b: Feraligatr|Feraligatr, L50, F, shiny|100/100\n|-ability|p1b: Arcanine|Intimidate|boost\n|-unboost|p2a: Garchomp|atk|1\n|-unboost|p2b: Feraligatr|atk|1\n|turn|5\n|\n|t:|1776479538\n|detailschange|p1a: Garchomp|Garchomp-Mega, L50, M\n|-mega|p1a: Garchomp|Garchomp|Garchompite\n|detailschange|p2b: Feraligatr|Feraligatr-Mega, L50, F, shiny\n|-mega|p2b: Feraligatr|Feraligatr|Feraligite\n|move|p1b: Arcanine|Protect|p1b: Arcanine\n|-singleturn|p1b: Arcanine|Protect\n|move|p2b: Feraligatr|Aqua Jet|p1b: Arcanine\n|-activate|p1b: Arcanine|move: Protect\n|move|p2a: Garchomp|Earthquake|p1b: Arcanine|[spread] p2b,p1a\n|-activate|p1b: Arcanine|move: Protect\n|-damage|p2b: Feraligatr|75/100\n|-damage|p1a: Garchomp|9/100\n|move|p1a: Garchomp|Earthquake|p2b: Feraligatr|[spread] p2a,p2b\n|-activate|p1b: Arcanine|move: Protect\n|-damage|p2a: Garchomp|33/100\n|-damage|p2b: Feraligatr|17/100\n|\n|-weather|Sandstorm|[upkeep]\n|-damage|p2b: Feraligatr|11/100|[from] Sandstorm\n|upkeep\n|turn|6\n|\n|t:|1776479563\n|move|p1a: Garchomp|Protect|p1a: Garchomp\n|-singleturn|p1a: Garchomp|Protect\n|move|p2b: Feraligatr|Aqua Jet|p1a: Garchomp\n|-activate|p1a: Garchomp|move: Protect\n|move|p2a: Garchomp|Earthquake|p1b: Arcanine|[spread] p2b,p1b\n|-activate|p1a: Garchomp|move: Protect\n|-supereffective|p1b: Arcanine|2\n|-damage|p2b: Feraligatr|0 fnt\n|-damage|p1b: Arcanine|0 fnt\n|faint|p2b: Feraligatr\n|faint|p1b: Arcanine\n|\n|-weather|none\n|upkeep\n|\n|t:|1776479576\n|switch|p1b: Tyranitar|Tyranitar, L50, M|100/100\n|-weather|Sandstorm|[from] ability: Sand Stream|[of] p1b: Tyranitar\n|turn|7\n|\n|t:|1776479587\n|move|p2a: Garchomp|Earthquake|p1a: Garchomp|[spread] p1a,p1b\n|-crit|p1a: Garchomp\n|-supereffective|p1b: Tyranitar|1\n|-damage|p1a: Garchomp|0 fnt\n|-damage|p1b: Tyranitar|59/100\n|faint|p1a: Garchomp\n|move|p1b: Tyranitar|Rock Blast|p2a: Garchomp\n|-resisted|p2a: Garchomp|1\n|-damage|p2a: Garchomp|24/100\n|-resisted|p2a: Garchomp|1\n|-damage|p2a: Garchomp|15/100\n|-resisted|p2a: Garchomp|1\n|-damage|p2a: Garchomp|7/100\n|-hitcount|p2a: Garchomp|3\n|\n|-weather|Sandstorm|[upkeep]\n|upkeep\n|turn|8\n|\n|t:|1776479605\n|move|p1b: Tyranitar|Protect|p1b: Tyranitar\n|-singleturn|p1b: Tyranitar|Protect\n|move|p2a: Garchomp|Earthquake|p1b: Tyranitar\n|-activate|p1b: Tyranitar|move: Protect\n|\n|-weather|Sandstorm|[upkeep]\n|upkeep\n|turn|9\n|\n|t:|1776479612\n|move|p2a: Garchomp|Earthquake|p1b: Tyranitar\n|-supereffective|p1b: Tyranitar|1\n|-damage|p1b: Tyranitar|0 fnt\n|faint|p1b: Tyranitar\n|\n|win|aztec_azzy\n|raw|KB05's rating: 1006 &rarr; <strong>1000</strong><br />(-6 for losing)\n|raw|aztec_azzy's rating: 1011 &rarr; <strong>1049</strong><br />(+38 for winning)\n",
  "uploadtime": 1776479616,
  "views": 14,
  "formatid": "gen9championsvgc2026regma",
  "rating": 1000,
  "private": 0,
  "password": null
}