{
  "id": "gen9championsvgc2026regma-2580406351",
  "format": "[Gen 9 Champions] VGC 2026 Reg M-A",
  "players": [
    "DaddyMilker",
    "Keyan_Sans"
  ],
  "log": "|j|\u2606DaddyMilker\n|j|\u2606Keyan_Sans\n|t:|1775891683\n|gametype|doubles\n|player|p1|DaddyMilker|169|1000\n|player|p2|Keyan_Sans|hugh|1084\n|gen|9\n|tier|[Gen 9 Champions] VGC 2026 Reg M-A\n|rated|\n|rule|Species Clause: Limit one of each Pok\u00e9mon\n|rule|Item Clause: Limit 1 of each item\n|clearpoke\n|poke|p1|Rampardos, L50, F|\n|poke|p1|Talonflame, L50, M|\n|poke|p1|Audino, L50, F|\n|poke|p1|Manectric, L50, F|\n|poke|p1|Sableye, L50, M|\n|poke|p1|Aurorus, L50, F|\n|poke|p2|Charizard, L50, M|\n|poke|p2|Whimsicott, L50, M|\n|poke|p2|Typhlosion-Hisui, L50, M|\n|poke|p2|Garchomp, L50, M|\n|poke|p2|Sneasler, L50, F|\n|poke|p2|Gardevoir, L50, M|\n|teampreview|4\nKeyan_Sans rejected open team sheets.\n|inactive|Battle timer is ON: inactive players will automatically lose when time's up. (requested by Keyan_Sans)\n|\n|t:|1775891705\n|teamsize|p1|4\n|teamsize|p2|4\n|start\n|switch|p1a: Sableye|Sableye, L50, M|100/100\n|switch|p1b: Aurorus|Aurorus, L50, F|100/100\n|switch|p2a: Charizard|Charizard, L50, M|100/100\n|switch|p2b: Typhlosion|Typhlosion-Hisui, L50, M|100/100\n|-weather|Snowscape|[from] ability: Snow Warning|[of] p1b: Aurorus\n|turn|1\n|\n|t:|1775891721\n|detailschange|p2a: Charizard|Charizard-Mega-Y, L50, M\n|-mega|p2a: Charizard|Charizard|Charizardite Y\n|-weather|SunnyDay|[from] ability: Drought|[of] p2a: Charizard\n|move|p1a: Sableye|Skill Swap|p1b: Aurorus\n|-activate|p1a: Sableye|Skill Swap|||[of] p1b: Aurorus\n|-weather|Snowscape|[from] ability: Snow Warning|[of] p1a: Sableye\n|move|p1b: Aurorus|Aurora Veil|p1b: Aurorus\n|-sidestart|p1: DaddyMilker|move: Aurora Veil\n|move|p2b: Typhlosion|Eruption|p1a: Sableye|[spread] p1a,p1b\n|-damage|p1a: Sableye|45/100\n|-damage|p1b: Aurorus|68/100\n|move|p2a: Charizard|Heat Wave|p1b: Aurorus|[spread] p1a,p1b\n|-crit|p1a: Sableye\n|-damage|p1a: Sableye|0 fnt\n|-damage|p1b: Aurorus|43/100\n|faint|p1a: Sableye\n|\n|-weather|Snowscape|[upkeep]\n|upkeep\n|\n|t:|1775891739\n|switch|p1a: Audino|Audino, L50, F|100/100\n|turn|2\n|inactive|DaddyMilker has 30 seconds left.\n|\n|t:|1775891765\n|switch|p2b: Whimsicott|Whimsicott, L50, M|100/100\n|move|p2a: Charizard|Protect|p2a: Charizard\n|-singleturn|p2a: Charizard|Protect\n|move|p1b: Aurorus|Blizzard|p2b: Whimsicott|[spread] p2b\n|-activate|p2a: Charizard|move: Protect\n|-supereffective|p2b: Whimsicott|1\n|-enditem|p2b: Whimsicott|Focus Sash\n|-damage|p2b: Whimsicott|1/100\n|move|p1a: Audino|Entrainment|p1b: Aurorus\n|-ability|p1b: Aurorus|Healer|Prankster|[from] move: Entrainment|[of] p1a: Audino\n|\n|-weather|Snowscape|[upkeep]\n|upkeep\n|turn|3\n|inactive|DaddyMilker has 30 seconds left.\n|inactive|DaddyMilker has 20 seconds left.\n|inactive|DaddyMilker has 15 seconds left.\n|\n|t:|1775891809\n|switch|p2a: Gardevoir|Gardevoir, L50, M|100/100\n|-ability|p2a: Gardevoir|Healer|Trace|[from] ability: Trace|[of] p1b: Aurorus\n|move|p2b: Whimsicott|Sunny Day|p2b: Whimsicott\n|-weather|SunnyDay\n|move|p1b: Aurorus|Blizzard|p2b: Whimsicott|[spread] p2a\n|-miss|p1b: Aurorus|p2b: Whimsicott\n|-damage|p2a: Gardevoir|48/100\n|move|p1a: Audino|Encore||[still]\n|-fail|p1a: Audino\n|\n|-weather|SunnyDay|[upkeep]\n|upkeep\n|turn|4\n|inactive|Keyan_Sans has 30 seconds left.\n|\n|t:|1775891834\n|move|p2b: Whimsicott|Moonblast|p1b: Aurorus\n|-damage|p1b: Aurorus|26/100\n|move|p2a: Gardevoir|Psychic|p1b: Aurorus\n|-damage|p1b: Aurorus|0 fnt\n|faint|p1b: Aurorus\n|move|p1a: Audino|After You|p1: Aurorus|[notarget]\n|-fail|p1a: Audino\n|\n|-weather|SunnyDay|[upkeep]\n|upkeep\n|\n|t:|1775891844\n|switch|p1b: Rampardos|Rampardos, L50, F|100/100\n|turn|5\n|\n|t:|1775891857\n|move|p2b: Whimsicott|Tailwind|p2b: Whimsicott\n|-sidestart|p2: Keyan_Sans|move: Tailwind\n|move|p2a: Gardevoir|Psychic|p1b: Rampardos\n|-damage|p1b: Rampardos|49/100\n|move|p1b: Rampardos|Rock Slide|p2b: Whimsicott|[spread] p2a,p2b\n|-crit|p2b: Whimsicott\n|-damage|p2a: Gardevoir|0 fnt\n|-damage|p2b: Whimsicott|0 fnt\n|faint|p2a: Gardevoir\n|faint|p2b: Whimsicott\n|move|p1a: Audino|Life Dew||[still]|[spread] p1a,p1b\n|-fail|p1a: Audino|heal\n|-heal|p1b: Rampardos|74/100\n|\n|-weather|SunnyDay|[upkeep]\n|-sideend|p1: DaddyMilker|move: Aurora Veil\n|upkeep\n|\n|t:|1775891862\n|switch|p2b: Typhlosion|Typhlosion-Hisui, L50, M|100/100\n|switch|p2a: Charizard|Charizard-Mega-Y, L50, M|100/100\n|turn|6\n|c|\u2606Keyan_Sans|Gg\n|\n|t:|1775891878\n|move|p2b: Typhlosion|Eruption|p1b: Rampardos|[spread] p1a,p1b\n|-resisted|p1b: Rampardos|1\n|-damage|p1a: Audino|17/100\n|-damage|p1b: Rampardos|0 fnt\n|faint|p1b: Rampardos\n|move|p2a: Charizard|Solar Beam||[still]\n|-prepare|p2a: Charizard|Solar Beam\n|-anim|p2a: Charizard|Solar Beam|p1a: Audino\n|-damage|p1a: Audino|0 fnt\n|faint|p1a: Audino\n|\n|win|Keyan_Sans\n|raw|DaddyMilker's rating: 1000 &rarr; <strong>1000</strong><br />(+0 for losing)\n|raw|Keyan_Sans's rating: 1084 &rarr; <strong>1105</strong><br />(+21 for winning)\n",
  "uploadtime": 1775891882,
  "views": 22,
  "formatid": "gen9championsvgc2026regma",
  "rating": 1000,
  "private": 0,
  "password": null
}