{
  "id": "gen9championsvgc2026regma-2584843740",
  "format": "[Gen 9 Champions] VGC 2026 Reg M-A",
  "players": [
    "Poppo Loco",
    "Pegassin"
  ],
  "log": "|j|\u2606Poppo Loco\n|j|\u203dPegassin\n|t:|1776288022\n|gametype|doubles\n|player|p1|Poppo Loco|169|1068\n|player|p2|Pegassin|265|1154\n|gen|9\n|tier|[Gen 9 Champions] VGC 2026 Reg M-A\n|rated|\n|rule|Species Clause: Limit one of each Pok\u00e9mon\n|rule|Item Clause: Limit 1 of each item\n|clearpoke\n|poke|p1|Gengar, L50, F|\n|poke|p1|Incineroar, L50, M|\n|poke|p1|Corviknight, L50, M|\n|poke|p1|Kommo-o, L50, F|\n|poke|p1|Sableye, L50, F|\n|poke|p1|Umbreon, L50, F|\n|poke|p2|Delphox, L50, F|\n|poke|p2|Tyranitar, L50, F|\n|poke|p2|Garchomp, L50, F|\n|poke|p2|Aegislash, L50, M|\n|poke|p2|Meowscarada, L50, M|\n|poke|p2|Rotom-Wash, L50|\n|teampreview|4\nPegassin has agreed to open team sheets.\n|inactive|Battle timer is ON: inactive players will automatically lose when time's up. (requested by Pegassin)\nPoppo Loco has agreed to open team sheets.\n|showteam|p1|Gengar||Gengarite|CursedBody|SludgeWave,Protect,PerishSong,Disable|||F|||50|]Incineroar||FocusSash|Intimidate|BlazeKick,ThroatChop,FakeOut,PartingShot|||M|||50|]Corviknight||QuickClaw|MirrorArmor|BodyPress,Uturn,Tailwind,Protect|||M|||50|]Kommo-o||Leftovers|Soundproof|ClangorousSoul,ClangingScales,DrainPunch,Protect|||F|||50|]Sableye||RoseliBerry|Prankster|Encore,PainSplit,Recover,WillOWisp|||F|||50|]Umbreon||SitrusBerry|InnerFocus|DarkPulse,MeanLook,Torment,Protect|||F|||50|\n|showteam|p2|Delphox||Delphoxite|Blaze|Flamethrower,DazzlingGleam,Psychic,NastyPlot|||F|||50|]Tyranitar||ChopleBerry|SandStream|RockSlide,KnockOff,Protect,ThunderWave|||F|||50|]Garchomp||FocusSash|SandVeil|Outrage,Earthquake,PoisonJab,RockTomb|||F|||50|]Aegislash||Leftovers|StanceChange|Poltergeist,ShadowSneak,IronHead,KingsShield|||M|||50|]Meowscarada||ChoiceScarf|Protean|FlowerTrick,KnockOff,Trick,PlayRough|||M|||50|]Rotom-Wash||QuickClaw|Levitate|VoltSwitch,HydroPump,WillOWisp,FoulPlay||||||50|\n|\n|t:|1776288062\n|teamsize|p1|4\n|teamsize|p2|4\n|start\n|switch|p1a: Gengar|Gengar, L50, F, shiny|100/100\n|switch|p1b: Corviknight|Corviknight, L50, M|100/100\n|switch|p2a: Tyranitar|Tyranitar, L50, F|100/100\n|switch|p2b: Rotom|Rotom-Wash, L50|100/100\n|-weather|Sandstorm|[from] ability: Sand Stream|[of] p2a: Tyranitar\n|turn|1\n|inactive|Poppo Loco has 30 seconds left.\n|\n|t:|1776288087\n|detailschange|p1a: Gengar|Gengar-Mega, L50, F, shiny\n|-mega|p1a: Gengar|Gengar|Gengarite\n|move|p1a: Gengar|Perish Song|p1a: Gengar\n|-start|p1a: Gengar|perish3|[silent]\n|-start|p1b: Corviknight|perish3|[silent]\n|-start|p2a: Tyranitar|perish3|[silent]\n|-start|p2b: Rotom|perish3|[silent]\n|-fieldactivate|move: Perish Song\n|move|p1b: Corviknight|Tailwind|p1b: Corviknight\n|-sidestart|p1: Poppo Loco|move: Tailwind\n|move|p2b: Rotom|Will-O-Wisp|p1b: Corviknight\n|-status|p1b: Corviknight|brn\n|move|p2a: Tyranitar|Rock Slide|p1b: Corviknight|[spread] p1b\n|-miss|p2a: Tyranitar|p1a: Gengar\n|-damage|p1b: Corviknight|80/100 brn\n|\n|-weather|Sandstorm|[upkeep]\n|-damage|p1a: Gengar|95/100|[from] Sandstorm\n|-damage|p2b: Rotom|95/100|[from] Sandstorm\n|-damage|p1b: Corviknight|74/100 brn|[from] brn\n|-start|p1a: Gengar|perish3\n|-start|p1b: Corviknight|perish3\n|-start|p2b: Rotom|perish3\n|-start|p2a: Tyranitar|perish3\n|upkeep\n|turn|2\n|inactive|Poppo Loco has 30 seconds left.\n|\n|t:|1776288114\n|move|p1a: Gengar|Sludge Wave|p2a: Tyranitar|[spread] p2a,p2b\n|-immune|p1b: Corviknight\n|-resisted|p2a: Tyranitar|1\n|-damage|p2a: Tyranitar|90/100\n|-damage|p2b: Rotom|53/100\n|-status|p2a: Tyranitar|psn\n|move|p1b: Corviknight|Body Press|p2a: Tyranitar\n|-supereffective|p2a: Tyranitar|2\n|-enditem|p2a: Tyranitar|Chople Berry|[eat]\n|-enditem|p2a: Tyranitar|Chople Berry|[weaken]\n|-damage|p2a: Tyranitar|74/100 psn\n|move|p2b: Rotom|Volt Switch|p1b: Corviknight\n|-supereffective|p1b: Corviknight|1\n|-damage|p1b: Corviknight|20/100 brn\n|\n|t:|1776288129\n|switch|p2b: Garchomp|Garchomp, L50, F|100/100|[from] Volt Switch\n|move|p2a: Tyranitar|Knock Off|p1a: Gengar\n|-supereffective|p1a: Gengar|1\n|-damage|p1a: Gengar|25/100\n|\n|-weather|Sandstorm|[upkeep]\n|-damage|p1a: Gengar|19/100|[from] Sandstorm\n|-damage|p2a: Tyranitar|62/100 psn|[from] psn\n|-damage|p1b: Corviknight|14/100 brn|[from] brn\n|-start|p1a: Gengar|perish2\n|-start|p1b: Corviknight|perish2\n|-start|p2a: Tyranitar|perish2\n|upkeep\n|turn|3\n|inactive|Poppo Loco has 30 seconds left.\n|\n|t:|1776288156\n|switch|p1b: Umbreon|Umbreon, L50, F|100/100\n|move|p1a: Gengar|Protect|p1a: Gengar\n|-singleturn|p1a: Gengar|Protect\n|move|p2b: Garchomp|Rock Tomb|p1b: Umbreon\n|-damage|p1b: Umbreon|82/100\n|-unboost|p1b: Umbreon|spe|1\n|move|p2a: Tyranitar|Rock Slide|p1a: Gengar|[spread] p1b\n|-activate|p1a: Gengar|move: Protect\n|-damage|p1b: Umbreon|59/100\n|\n|-weather|Sandstorm|[upkeep]\n|-damage|p1a: Gengar|13/100|[from] Sandstorm\n|-damage|p1b: Umbreon|53/100|[from] Sandstorm\n|-damage|p2a: Tyranitar|50/100 psn|[from] psn\n|-start|p1a: Gengar|perish1\n|-start|p2a: Tyranitar|perish1\n|upkeep\n|turn|4\n|inactive|Poppo Loco has 30 seconds left.\n|inactive|Poppo Loco has 20 seconds left.\n|\n|t:|1776288194\n|switch|p1a: Kommo-o|Kommo-o, L50, F|100/100\n|move|p2b: Garchomp|Earthquake|p1a: Kommo-o|[spread] p2a,p1a,p1b\n|-supereffective|p2a: Tyranitar|1\n|-damage|p2a: Tyranitar|0 fnt\n|-damage|p1a: Kommo-o|54/100\n|-damage|p1b: Umbreon|16/100\n|-enditem|p1b: Umbreon|Sitrus Berry|[eat]\n|-heal|p1b: Umbreon|41/100|[from] item: Sitrus Berry\n|faint|p2a: Tyranitar\n|move|p1b: Umbreon|Torment|p2b: Garchomp\n|-start|p2b: Garchomp|Torment\n|\n|-weather|Sandstorm|[upkeep]\n|-damage|p1a: Kommo-o|48/100|[from] Sandstorm\n|-damage|p1b: Umbreon|35/100|[from] Sandstorm\n|-heal|p1a: Kommo-o|54/100|[from] item: Leftovers\n|-sideend|p1: Poppo Loco|move: Tailwind\n|upkeep\n|\n|t:|1776288209\n|switch|p2a: Delphox|Delphox, L50, F|100/100\n|turn|5\n|\n|t:|1776288224\n|switch|p1a: Corviknight|Corviknight, L50, M|14/100 brn\n|detailschange|p2a: Delphox|Delphox-Mega, L50, F\n|-mega|p2a: Delphox|Delphox|Delphoxite\n|move|p1b: Umbreon|Protect|p1b: Umbreon\n|-singleturn|p1b: Umbreon|Protect\n|move|p2a: Delphox|Dazzling Gleam|p1a: Corviknight|[spread] p1a\n|-activate|p1b: Umbreon|move: Protect\n|-resisted|p1a: Corviknight|1\n|-damage|p1a: Corviknight|2/100 brn\n|move|p2b: Garchomp|Outrage|p1a: Corviknight\n|-resisted|p1a: Corviknight|1\n|-damage|p1a: Corviknight|0 fnt\n|faint|p1a: Corviknight\n|\n|-weather|none\n|upkeep\n|\n|t:|1776288240\n|switch|p1a: Gengar|Gengar-Mega, L50, F, shiny|13/100\n|turn|6\n|\n|t:|1776288249\n|move|p2a: Delphox|Dazzling Gleam|p1a: Gengar|[spread] p1a,p1b\n|-resisted|p1a: Gengar|1\n|-supereffective|p1b: Umbreon|1\n|-damage|p1a: Gengar|0 fnt\n|-damage|p1b: Umbreon|8/100\n|faint|p1a: Gengar\n|move|p2b: Garchomp|Outrage|p1b: Umbreon|[from] lockedmove\n|-damage|p1b: Umbreon|0 fnt\n|faint|p1b: Umbreon\n|-start|p2b: Garchomp|confusion|[fatigue]\n|\n|upkeep\n|\n|t:|1776288261\n|switch|p1b: Kommo-o|Kommo-o, L50, F|54/100\n|turn|7\n|-message|Poppo Loco forfeited.\n|\n|win|Pegassin\n|raw|Poppo Loco's rating: 1068 &rarr; <strong>1053</strong><br />(-15 for losing)\n|raw|Pegassin's rating: 1154 &rarr; <strong>1173</strong><br />(+19 for winning)\n",
  "uploadtime": 1776288266,
  "views": 18,
  "formatid": "gen9championsvgc2026regma",
  "rating": 1053,
  "private": 0,
  "password": null
}