{
  "id": "gen9championsvgc2026regma-2582719682",
  "format": "[Gen 9 Champions] VGC 2026 Reg M-A",
  "players": [
    "g.pedri",
    "piedidiconkeldurr"
  ],
  "log": "|j|\u2606g.pedri\n|j|\u2606piedidiconkeldurr\n|t:|1776109447\n|gametype|doubles\n|player|p1|g.pedri|1|1097\n|player|p2|piedidiconkeldurr|cynthia|1105\n|gen|9\n|tier|[Gen 9 Champions] VGC 2026 Reg M-A\n|rated|\n|rule|Species Clause: Limit one of each Pok\u00e9mon\n|rule|Item Clause: Limit 1 of each item\n|clearpoke\n|poke|p1|Charizard, L50, M|\n|poke|p1|Aerodactyl, L50, F|\n|poke|p1|Sneasler, L50, M|\n|poke|p1|Typhlosion-Hisui, L50, F|\n|poke|p1|Whimsicott, L50, M|\n|poke|p1|Heliolisk, L50, M|\n|poke|p2|Camerupt, L50, M|\n|poke|p2|Farigiraf, L50, M|\n|poke|p2|Snorlax, L50, F|\n|poke|p2|Froslass, L50, F|\n|poke|p2|Sinistcha, L50|\n|poke|p2|Incineroar, L50, M|\n|teampreview|4\n|\n|t:|1776109496\n|teamsize|p1|4\n|teamsize|p2|4\n|start\n|switch|p1a: Charizard|Charizard, L50, M|100/100\n|switch|p1b: Typhlosion|Typhlosion-Hisui, L50, F|100/100\n|switch|p2a: Farigiraf|Farigiraf, L50, M|100/100\n|switch|p2b: Incineroar|Incineroar, L50, M|100/100\n|-ability|p2b: Incineroar|Intimidate|boost\n|-unboost|p1a: Charizard|atk|1\n|-unboost|p1b: Typhlosion|atk|1\n|turn|1\n|\n|t:|1776109535\n|switch|p2a: Snorlax|Snorlax, L50, F|100/100\n|detailschange|p1a: Charizard|Charizard-Mega-Y, L50, M\n|-mega|p1a: Charizard|Charizard|Charizardite Y\n|-weather|SunnyDay|[from] ability: Drought|[of] p1a: Charizard\n|move|p1b: Typhlosion|Eruption|p2a: Snorlax|[spread] p2a,p2b\n|-crit|p2a: Snorlax\n|-resisted|p2b: Incineroar|1\n|-damage|p2a: Snorlax|59/100\n|-damage|p2b: Incineroar|68/100\n|move|p1a: Charizard|Heat Wave|p2b: Incineroar|[spread] p2a,p2b\n|-resisted|p2b: Incineroar|1\n|-damage|p2a: Snorlax|37/100\n|-damage|p2b: Incineroar|36/100\n|-enditem|p2a: Snorlax|Sitrus Berry|[eat]\n|-heal|p2a: Snorlax|62/100|[from] item: Sitrus Berry\n|move|p2b: Incineroar|Darkest Lariat|p1b: Typhlosion\n|-supereffective|p1b: Typhlosion|1\n|-damage|p1b: Typhlosion|0 fnt\n|faint|p1b: Typhlosion\n|\n|-weather|SunnyDay|[upkeep]\n|upkeep\n|\n|t:|1776109563\n|switch|p1b: Sneasler|Sneasler, L50, M|100/100\n|turn|2\n|inactive|Battle timer is ON: inactive players will automatically lose when time's up. (requested by g.pedri)\n|\n|t:|1776109614\n|move|p1b: Sneasler|Close Combat|p2b: Incineroar\n|-supereffective|p2b: Incineroar|1\n|-damage|p2b: Incineroar|0 fnt\n|-unboost|p1b: Sneasler|def|1\n|-unboost|p1b: Sneasler|spd|1\n|faint|p2b: Incineroar\n|-enditem|p1b: Sneasler|White Herb\n|-clearnegativeboost|p1b: Sneasler|[silent]\n|move|p1a: Charizard|Heat Wave|p2a: Snorlax|[miss]\n|-miss|p1a: Charizard|p2a: Snorlax\n|move|p2a: Snorlax|Body Slam|p1a: Charizard\n|-damage|p1a: Charizard|39/100\n|\n|-weather|SunnyDay|[upkeep]\n|upkeep\n|\n|t:|1776109636\n|switch|p2b: Farigiraf|Farigiraf, L50, M|100/100\n|turn|3\n|\n|t:|1776109652\n|move|p1b: Sneasler|Dire Claw|p2b: Farigiraf\n|-damage|p2b: Farigiraf|66/100\n|-status|p2b: Farigiraf|slp\n|move|p1a: Charizard|Heat Wave|p2a: Snorlax|[spread] p2a,p2b\n|-damage|p2a: Snorlax|41/100\n|-damage|p2b: Farigiraf|0 fnt\n|faint|p2b: Farigiraf\n|move|p2a: Snorlax|Body Slam|p1a: Charizard\n|-damage|p1a: Charizard|0 fnt\n|faint|p1a: Charizard\n|\n|-weather|SunnyDay|[upkeep]\n|upkeep\n|\n|t:|1776109667\n|switch|p1a: Aerodactyl|Aerodactyl, L50, F|100/100\n|switch|p2b: Camerupt|Camerupt, L50, M|100/100\n|-ability|p1a: Aerodactyl|Unnerve\n|turn|4\n|\n|t:|1776109691\n|detailschange|p2b: Camerupt|Camerupt-Mega, L50, M\n|-mega|p2b: Camerupt|Camerupt|Cameruptite\n|move|p1b: Sneasler|Dire Claw|p2b: Camerupt\n|-resisted|p2b: Camerupt|1\n|-damage|p2b: Camerupt|82/100\n|move|p1a: Aerodactyl|Rock Slide|p2b: Camerupt|[spread] p2a,p2b\n|-damage|p2a: Snorlax|19/100\n|-damage|p2b: Camerupt|56/100\n|cant|p2a: Snorlax|flinch\n|move|p2b: Camerupt|Heat Wave|p1a: Aerodactyl|[spread] p1a,p1b\n|-resisted|p1a: Aerodactyl|1\n|-damage|p1a: Aerodactyl|41/100\n|-damage|p1b: Sneasler|0 fnt\n|faint|p1b: Sneasler\n|\n|-weather|SunnyDay|[upkeep]\n|upkeep\n|turn|5\n|\n|t:|1776109714\n|move|p2a: Snorlax|Protect|p2a: Snorlax\n|-singleturn|p2a: Snorlax|Protect\n|move|p2b: Camerupt|Protect|p2b: Camerupt\n|-singleturn|p2b: Camerupt|Protect\n|move|p1a: Aerodactyl|Rock Slide|p2a: Snorlax|[spread] \n|-activate|p2a: Snorlax|move: Protect\n|-activate|p2b: Camerupt|move: Protect\n|\n|-weather|none\n|upkeep\n|turn|6\n|inactive|piedidiconkeldurr has 30 seconds left.\n|\n|t:|1776109741\n|move|p1a: Aerodactyl|Rock Slide|p2a: Snorlax|[spread] p2a,p2b\n|-damage|p2a: Snorlax|0 fnt\n|-damage|p2b: Camerupt|29/100\n|faint|p2a: Snorlax\n|move|p2b: Camerupt|Heat Wave|p1a: Aerodactyl\n|-resisted|p1a: Aerodactyl|1\n|-damage|p1a: Aerodactyl|0 fnt\n|faint|p1a: Aerodactyl\n|\n|win|piedidiconkeldurr\n|raw|g.pedri's rating: 1097 &rarr; <strong>1073</strong><br />(-24 for losing)\n|raw|piedidiconkeldurr's rating: 1105 &rarr; <strong>1129</strong><br />(+24 for winning)\n",
  "uploadtime": 1776109748,
  "views": 12,
  "formatid": "gen9championsvgc2026regma",
  "rating": 1073,
  "private": 0,
  "password": null
}