{
  "id": "gen9championsvgc2026regma-2586137083",
  "format": "[Gen 9 Champions] VGC 2026 Reg M-A",
  "players": [
    "keepingmaboiinou",
    "Crash0utVGC"
  ],
  "log": "|j|\u2606keepingmaboiinou\n|j|\u2606Crash0utVGC\n|t:|1776403609\n|gametype|doubles\n|player|p1|keepingmaboiinou|101|1090\n|player|p2|Crash0utVGC|colress|1174\n|gen|9\n|tier|[Gen 9 Champions] VGC 2026 Reg M-A\n|rated|\n|rule|Species Clause: Limit one of each Pok\u00e9mon\n|rule|Item Clause: Limit 1 of each item\n|clearpoke\n|poke|p1|Floette-Eternal, L50, F|\n|poke|p1|Incineroar, L50, F|\n|poke|p1|Arcanine-Hisui, L50, F|\n|poke|p1|Whimsicott, L50, F|\n|poke|p1|Ninetales-Alola, L50, F|\n|poke|p1|Aegislash, L50, F|\n|poke|p2|Alakazam, L50, F|\n|poke|p2|Meowstic, L50, M|\n|poke|p2|Kingambit, L50, M|\n|poke|p2|Garchomp, L50, M|\n|poke|p2|Farigiraf, L50, M|\n|poke|p2|Rotom-Wash, L50|\n|teampreview|4\n|\n|t:|1776403635\n|teamsize|p1|4\n|teamsize|p2|4\n|start\n|switch|p1a: Incineroar|Incineroar, L50, F|100/100\n|switch|p1b: Ninetales|Ninetales-Alola, L50, F|100/100\n|switch|p2a: Alakazam|Alakazam, L50, F|100/100\n|switch|p2b: Kingambit|Kingambit, L50, M, shiny|100/100\n|-weather|Snowscape|[from] ability: Snow Warning|[of] p1b: Ninetales\n|-ability|p1a: Incineroar|Intimidate|boost\n|-unboost|p2a: Alakazam|atk|1\n|-unboost|p2b: Kingambit|atk|1\n|-ability|p2b: Kingambit|Defiant|boost\n|-boost|p2b: Kingambit|atk|2\n|turn|1\n|\n|t:|1776403655\n|switch|p1b: Aegislash|Aegislash, L50, F|100/100\n|move|p2a: Alakazam|Protect|p2a: Alakazam\n|-singleturn|p2a: Alakazam|Protect\n|move|p2b: Kingambit|Iron Head|p1b: Aegislash\n|-resisted|p1b: Aegislash|1\n|-damage|p1b: Aegislash|67/100\n|move|p1a: Incineroar|Low Sweep|p2b: Kingambit\n|-supereffective|p2b: Kingambit|2\n|-damage|p2b: Kingambit|20/100\n|-unboost|p2b: Kingambit|spe|1\n|-ability|p2b: Kingambit|Defiant|boost\n|-boost|p2b: Kingambit|atk|2\n|\n|-weather|Snowscape|[upkeep]\n|upkeep\n|turn|2\n|\n|t:|1776403698\n|switch|p1a: Ninetales|Ninetales-Alola, L50, F|100/100\n|detailschange|p2a: Alakazam|Alakazam-Mega, L50, F\n|-mega|p2a: Alakazam|Alakazam|Alakazite\n|-ability|p2a: Alakazam|Snow Warning|Trace|[from] ability: Trace|[of] p1a: Ninetales\n|move|p2a: Alakazam|Speed Swap|p2b: Kingambit\n|-activate|p2a: Alakazam|move: Speed Swap|[of] p2b: Kingambit\n|move|p2b: Kingambit|Low Kick|p1a: Ninetales\n|-damage|p1a: Ninetales|58/100\n|-formechange|p1b: Aegislash|Aegislash-Blade|\n|move|p1b: Aegislash|Sacred Sword|p2b: Kingambit\n|-supereffective|p2b: Kingambit|2\n|-damage|p2b: Kingambit|0 fnt\n|faint|p2b: Kingambit\n|\n|-weather|Snowscape|[upkeep]\n|upkeep\n|\n|t:|1776403712\n|switch|p2b: Garchomp|Garchomp, L50, M|100/100\n|turn|3\n|\n|t:|1776403721\n|-formechange|p1b: Aegislash|Aegislash|\n|move|p1b: Aegislash|King's Shield|p1b: Aegislash\n|-singleturn|p1b: Aegislash|Protect\n|move|p2b: Garchomp|Earthquake|p1b: Aegislash|[spread] p2a,p1a\n|-activate|p1b: Aegislash|move: Protect\n|-crit|p1a: Ninetales\n|-damage|p2a: Alakazam|14/100\n|-damage|p1a: Ninetales|0 fnt\n|faint|p1a: Ninetales\n|move|p2a: Alakazam|Expanding Force|p1b: Aegislash\n|-activate|p1b: Aegislash|move: Protect\n|\n|-weather|Snowscape|[upkeep]\n|upkeep\n|\n|t:|1776403741\n|switch|p1a: Floette|Floette-Eternal, L50, F|100/100\n|turn|4\n|\n|t:|1776403755\n|switch|p2a: Farigiraf|Farigiraf, L50, M|100/100\n|detailschange|p1a: Floette|Floette-Mega, L50, F\n|-mega|p1a: Floette|Floette|Floettite\n|-ability|p1a: Floette|Fairy Aura\n|move|p1a: Floette|Protect|p1a: Floette\n|-singleturn|p1a: Floette|Protect\n|move|p2b: Garchomp|Earthquake|p1b: Aegislash|[spread] p2a,p1b\n|-activate|p1a: Floette|move: Protect\n|-supereffective|p1b: Aegislash|1\n|-damage|p2a: Farigiraf|67/100\n|-damage|p1b: Aegislash|0 fnt\n|faint|p1b: Aegislash\n|\n|-weather|Snowscape|[upkeep]\n|upkeep\n|\n|t:|1776403767\n|switch|p1b: Incineroar|Incineroar, L50, F|100/100\n|-ability|p1b: Incineroar|Intimidate|boost\n|-unboost|p2a: Farigiraf|atk|1\n|-unboost|p2b: Garchomp|atk|1\n|turn|5\n|\n|t:|1776403782\n|move|p2b: Garchomp|Earthquake|p1b: Incineroar|[spread] p2a,p1a,p1b\n|-supereffective|p1b: Incineroar|1\n|-damage|p2a: Farigiraf|44/100\n|-damage|p1a: Floette|60/100\n|-damage|p1b: Incineroar|43/100\n|move|p1a: Floette|Dazzling Gleam|p2b: Garchomp|[spread] p2a,p2b\n|-supereffective|p2b: Garchomp|1\n|-damage|p2a: Farigiraf|0 fnt\n|-damage|p2b: Garchomp|9/100\n|faint|p2a: Farigiraf\n|move|p1b: Incineroar|Flare Blitz|p2b: Garchomp\n|-resisted|p2b: Garchomp|1\n|-damage|p2b: Garchomp|0 fnt\n|-damage|p1b: Incineroar|30/100|[from] ability: Rough Skin|[of] p2b: Garchomp\n|faint|p2b: Garchomp\n|-damage|p1b: Incineroar|28/100|[from] Recoil\n|\n|-weather|none\n|upkeep\n|-message|Crash0utVGC forfeited.\n|\n|win|keepingmaboiinou\n|raw|keepingmaboiinou's rating: 1090 &rarr; <strong>1123</strong><br />(+33 for winning)\n|raw|Crash0utVGC's rating: 1174 &rarr; <strong>1143</strong><br />(-31 for losing)\n",
  "uploadtime": 1776403783,
  "views": 17,
  "formatid": "gen9championsvgc2026regma",
  "rating": 1123,
  "private": 0,
  "password": null
}