{
  "id": "gen9championsvgc2026regma-2584981714",
  "format": "[Gen 9 Champions] VGC 2026 Reg M-A",
  "players": [
    "DannyMelon",
    "Blaze Gol D Blade"
  ],
  "log": "|j|\u2606DannyMelon\n|j|\u2606Blaze Gol D Blade\n|t:|1776300361\n|gametype|doubles\n|player|p1|DannyMelon|crasherwake|\n|player|p2|Blaze Gol D Blade|265|\n|gen|9\n|tier|[Gen 9 Champions] VGC 2026 Reg M-A\n|rule|Species Clause: Limit one of each Pok\u00e9mon\n|rule|Item Clause: Limit 1 of each item\n|clearpoke\n|poke|p1|Gengar, L50, M|\n|poke|p1|Maushold-Four, L50|\n|poke|p1|Rotom-Wash, L50|\n|poke|p1|Kommo-o, L50, M|\n|poke|p1|Oranguru, L50, M|\n|poke|p1|Aegislash, L50, M|\n|poke|p2|Sableye, L50, M|\n|poke|p2|Charizard, L50, M|\n|poke|p2|Espathra, L50, F|\n|poke|p2|Greninja-*, L50, M|\n|poke|p2|Dragapult, L50, M|\n|poke|p2|Venusaur, L50, F|\n|teampreview|4\n|j| TimLikesTrains\nDannyMelon rejected open team sheets.\n|c| TimLikesTrains|Bring the family\n|\n|t:|1776300438\n|teamsize|p1|4\n|teamsize|p2|4\n|start\n|switch|p1a: Rotom|Rotom-Wash, L50|100/100\n|switch|p1b: Aegislash|Aegislash, L50, M|100/100\n|switch|p2a: Espathra|Espathra, L50, F|100/100\n|switch|p2b: Greninja|Greninja, L50, M, shiny|100/100\n|turn|1\n|\n|t:|1776300496\n|move|p2a: Espathra|Protect|p2a: Espathra\n|-singleturn|p2a: Espathra|Protect\n|move|p2b: Greninja|Dark Pulse|p1b: Aegislash\n|-start|p2b: Greninja|typechange|Dark|[from] ability: Protean\n|-supereffective|p1b: Aegislash|1\n|-crit|p1b: Aegislash\n|-damage|p1b: Aegislash|7/100\n|move|p1a: Rotom|Discharge|p2a: Espathra|[spread] p1b,p2b\n|-activate|p2a: Espathra|move: Protect\n|-damage|p1b: Aegislash|0 fnt\n|-damage|p2b: Greninja|57/100\n|faint|p1b: Aegislash\n|\n|-ability|p2a: Espathra|Speed Boost|boost\n|-boost|p2a: Espathra|spe|1\n|upkeep\n|\n|t:|1776300508\n|switch|p1b: Gengar|Gengar, L50, M|100/100\n|turn|2\n|c| TimLikesTrains|Ope\n|\n|t:|1776300527\n|switch|p1a: Kommo-o|Kommo-o, L50, M|100/100\n|detailschange|p1b: Gengar|Gengar-Mega, L50, M\n|-mega|p1b: Gengar|Gengar|Gengarite\n|move|p2b: Greninja|Protect|p2b: Greninja\n|-singleturn|p2b: Greninja|Protect\n|move|p2a: Espathra|Lumina Crash|p1b: Gengar\n|-supereffective|p1b: Gengar|1\n|-damage|p1b: Gengar|14/100\n|-unboost|p1b: Gengar|spd|2\n|move|p1b: Gengar|Dazzling Gleam|p2a: Espathra|[spread] p2a\n|-activate|p2b: Greninja|move: Protect\n|-damage|p2a: Espathra|70/100\n|\n|-ability|p2a: Espathra|Speed Boost|boost\n|-boost|p2a: Espathra|spe|1\n|upkeep\n|turn|3\n|c| TimLikesTrains|Harsh drop kinda wild actually\n|\n|t:|1776300572\n|move|p2a: Espathra|Protect|p2a: Espathra\n|-singleturn|p2a: Espathra|Protect\n|move|p1b: Gengar|Dazzling Gleam|p2a: Espathra|[spread] p2b\n|-activate|p2a: Espathra|move: Protect\n|-supereffective|p2b: Greninja|1\n|-damage|p2b: Greninja|0 fnt\n|faint|p2b: Greninja\n|move|p1a: Kommo-o|Clanging Scales|p2a: Espathra\n|-activate|p2a: Espathra|move: Protect\n|\n|-ability|p2a: Espathra|Speed Boost|boost\n|-boost|p2a: Espathra|spe|1\n|upkeep\n|\n|t:|1776300587\n|switch|p2b: Charizard|Charizard, L50, M, shiny|100/100\n|turn|4\n|\n|t:|1776300599\n|detailschange|p2b: Charizard|Charizard-Mega-Y, L50, M, shiny\n|-mega|p2b: Charizard|Charizard|Charizardite Y\n|-weather|SunnyDay|[from] ability: Drought|[of] p2b: Charizard\n|move|p2a: Espathra|Lumina Crash|p1b: Gengar\n|-supereffective|p1b: Gengar|1\n|-damage|p1b: Gengar|0 fnt\n|faint|p1b: Gengar\n|move|p2b: Charizard|Heat Wave|p1a: Kommo-o\n|-resisted|p1a: Kommo-o|1\n|-damage|p1a: Kommo-o|59/100\n|move|p1a: Kommo-o|Clangorous Soul|p1a: Kommo-o\n|-boost|p1a: Kommo-o|atk|1\n|-boost|p1a: Kommo-o|def|1\n|-boost|p1a: Kommo-o|spa|1\n|-boost|p1a: Kommo-o|spd|1\n|-boost|p1a: Kommo-o|spe|1\n|-damage|p1a: Kommo-o|26/100\n|\n|-weather|SunnyDay|[upkeep]\n|-heal|p1a: Kommo-o|32/100|[from] item: Leftovers\n|-ability|p2a: Espathra|Speed Boost|boost\n|-boost|p2a: Espathra|spe|1\n|upkeep\n|\n|t:|1776300614\n|switch|p1b: Rotom|Rotom-Wash, L50|100/100\n|turn|5\n|c| TimLikesTrains|Still getting rekt by birb brother\n|c| TimLikesTrains|It's joever\n|\n|t:|1776300649\n|move|p2a: Espathra|Lumina Crash|p1a: Kommo-o\n|-supereffective|p1a: Kommo-o|1\n|-damage|p1a: Kommo-o|0 fnt\n|faint|p1a: Kommo-o\n|move|p1b: Rotom|Thunderbolt|p2b: Charizard\n|-supereffective|p2b: Charizard|1\n|-damage|p2b: Charizard|22/100\n|move|p2b: Charizard|Heat Wave|p1b: Rotom\n|-resisted|p1b: Rotom|1\n|-damage|p1b: Rotom|46/100\n|\n|-weather|SunnyDay|[upkeep]\n|-ability|p2a: Espathra|Speed Boost|boost\n|-boost|p2a: Espathra|spe|1\n|upkeep\n|turn|6\n|c| TimLikesTrains|Broken\n|c|\u2606DannyMelon|damn ggs\n|c|\u2606Blaze Gol D Blade|ggs\n|\n|t:|1776300666\n|move|p2a: Espathra|Lumina Crash|p1b: Rotom\n|-damage|p1b: Rotom|7/100\n|-unboost|p1b: Rotom|spd|2\n|move|p1b: Rotom|Thunderbolt|p2b: Charizard\n|-supereffective|p2b: Charizard|1\n|-damage|p2b: Charizard|0 fnt\n|faint|p2b: Charizard\n|\n|-weather|SunnyDay|[upkeep]\n|-ability|p2a: Espathra|Speed Boost|boost\n|-boost|p2a: Espathra|spe|1\n|upkeep\n|c|\u2606Blaze Gol D Blade|I knew the berry was gonna carry\n|\n|t:|1776300682\n|switch|p2b: Venusaur|Venusaur, L50, F|100/100\n|turn|7\n|c|\u2606DannyMelon|that was a big surprise, didnt prep for espathra at all\n|\n|t:|1776300692\n|move|p2a: Espathra|Lumina Crash|p1b: Rotom\n|-damage|p1b: Rotom|0 fnt\n|faint|p1b: Rotom\n|\n|win|Blaze Gol D Blade\n",
  "uploadtime": 1776300694,
  "views": 28,
  "formatid": "gen9championsvgc2026regma",
  "rating": null,
  "private": 0,
  "password": null
}