{
  "id": "gen9championsvgc2026regma-2584706265",
  "format": "[Gen 9 Champions] VGC 2026 Reg M-A",
  "players": [
    "Dark Sebbs",
    "air77"
  ],
  "log": "|j|\u2606Dark Sebbs\n|j|\u2606air77\n|t:|1776278049\n|gametype|doubles\n|player|p1|Dark Sebbs|265|1000\n|player|p2|air77|1|1000\n|gen|9\n|tier|[Gen 9 Champions] VGC 2026 Reg M-A\n|rated|\n|rule|Species Clause: Limit one of each Pok\u00e9mon\n|rule|Item Clause: Limit 1 of each item\n|clearpoke\n|poke|p1|Lucario, L50, F|\n|poke|p1|Milotic, L50, F|\n|poke|p1|Alakazam, L50, M|\n|poke|p1|Dragonite, L50, M|\n|poke|p1|Krookodile, L50, M|\n|poke|p1|Klefki, L50, F|\n|poke|p2|Venusaur, L50, F|\n|poke|p2|Charizard, L50, M|\n|poke|p2|Whimsicott, L50, F|\n|poke|p2|Rotom-Wash, L50|\n|poke|p2|Sinistcha-Masterpiece, L50|\n|poke|p2|Floette-Eternal, L50, F|\n|teampreview|4\nair77 rejected open team sheets.\n|inactive|Battle timer is ON: inactive players will automatically lose when time's up. (requested by air77)\n|\n|t:|1776278072\n|teamsize|p1|4\n|teamsize|p2|4\n|start\n|switch|p1a: Krookodile|Krookodile, L50, M|100/100\n|switch|p1b: Dragonite|Dragonite, L50, M|100/100\n|switch|p2a: Whimsicott|Whimsicott, L50, F|100/100\n|switch|p2b: Floette|Floette-Eternal, L50, F|100/100\n|-ability|p1a: Krookodile|Intimidate|boost\n|-block|p2a: Whimsicott|ability: Flower Veil|[of] p2b: Floette\n|-unboost|p2b: Floette|atk|1\n|turn|1\n|inactive|Dark Sebbs has 30 seconds left.\n|inactive|Dark Sebbs has 20 seconds left.\n|inactive|Dark Sebbs has 15 seconds left.\n|\n|t:|1776278116\n|switch|p1a: Klefki|Klefki, L50, F|100/100\n|move|p2b: Floette|Protect|p2b: Floette\n|-singleturn|p2b: Floette|Protect\n|move|p2a: Whimsicott|Tailwind|p2a: Whimsicott\n|-sidestart|p2: air77|move: Tailwind\n|move|p1b: Dragonite|Dragon Dance|p1b: Dragonite\n|-boost|p1b: Dragonite|atk|1\n|-boost|p1b: Dragonite|spe|1\n|\n|upkeep\n|turn|2\n|\n|t:|1776278138\n|switch|p2b: Rotom|Rotom-Wash, L50|100/100\n|move|p1b: Dragonite|Extreme Speed|p2b: Rotom\n|-damage|p2b: Rotom|37/100\n|move|p2a: Whimsicott|Encore|p1b: Dragonite\n|-start|p1b: Dragonite|Encore\n|move|p1a: Klefki|Light Screen|p1a: Klefki\n|-sidestart|p1: Dark Sebbs|move: Light Screen\n|\n|-heal|p2b: Rotom|43/100|[from] item: Leftovers\n|upkeep\n|turn|3\n|inactive|air77 has 30 seconds left.\n|\n|t:|1776278164\n|switch|p2b: Sinistcha|Sinistcha-Masterpiece, L50|100/100\n|move|p1b: Dragonite|Extreme Speed|p2b: Sinistcha\n|-immune|p2b: Sinistcha\n|move|p2a: Whimsicott|Moonblast|p1b: Dragonite\n|-supereffective|p1b: Dragonite|1\n|-damage|p1b: Dragonite|82/100\n|move|p1a: Klefki|Dazzling Gleam|p2a: Whimsicott|[spread] p2a,p2b\n|-damage|p2a: Whimsicott|78/100\n|-damage|p2b: Sinistcha|82/100\n|\n|upkeep\n|turn|4\n|\n|t:|1776278188\n|move|p1b: Dragonite|Extreme Speed|p2a: Whimsicott\n|-damage|p2a: Whimsicott|18/100\n|move|p2b: Sinistcha|Rage Powder|p2b: Sinistcha\n|-singleturn|p2b: Sinistcha|move: Rage Powder\n|move|p2a: Whimsicott|Moonblast|p1b: Dragonite\n|-supereffective|p1b: Dragonite|1\n|-damage|p1b: Dragonite|40/100\n|move|p1a: Klefki|Dazzling Gleam|p2b: Sinistcha|[spread] p2a,p2b\n|-damage|p2a: Whimsicott|0 fnt\n|-damage|p2b: Sinistcha|64/100\n|faint|p2a: Whimsicott\n|\n|-sideend|p2: air77|move: Tailwind\n|upkeep\n|\n|t:|1776278201\n|switch|p2a: Floette|Floette-Eternal, L50, F|100/100\n|turn|5\n|\n|t:|1776278213\n|switch|p2b: Rotom|Rotom-Wash, L50|43/100\n|detailschange|p2a: Floette|Floette-Mega, L50, F\n|-mega|p2a: Floette|Floette|Floettite\n|-ability|p2a: Floette|Fairy Aura\n|move|p1b: Dragonite|Extreme Speed|p2a: Floette\n|-damage|p2a: Floette|41/100\n|move|p2a: Floette|Dazzling Gleam|p1a: Klefki|[spread] p1a,p1b\n|-resisted|p1a: Klefki|1\n|-supereffective|p1b: Dragonite|1\n|-damage|p1a: Klefki|82/100\n|-damage|p1b: Dragonite|0 fnt\n|faint|p1b: Dragonite\n|move|p1a: Klefki|Dazzling Gleam|p2b: Rotom|[spread] p2a,p2b\n|-crit|p2a: Floette\n|-damage|p2a: Floette|14/100\n|-damage|p2b: Rotom|13/100\n|\n|-heal|p2b: Rotom|19/100|[from] item: Leftovers\n|upkeep\n|\n|t:|1776278235\n|switch|p1b: Krookodile|Krookodile, L50, M|100/100\n|-ability|p1b: Krookodile|Intimidate|boost\n|-unboost|p2a: Floette|atk|1\n|-unboost|p2b: Rotom|atk|1\n|turn|6\n|\n|t:|1776278246\n|switch|p2b: Sinistcha|Sinistcha-Masterpiece, L50|64/100\n|-heal|p2a: Floette|39/100|[from] ability: Hospitality|[of] p2b: Sinistcha\n|move|p2a: Floette|Moonblast|p1b: Krookodile\n|-supereffective|p1b: Krookodile|1\n|-damage|p1b: Krookodile|0 fnt\n|faint|p1b: Krookodile\n|move|p1a: Klefki|Dazzling Gleam|p2b: Sinistcha|[spread] p2a,p2b\n|-damage|p2a: Floette|22/100\n|-damage|p2b: Sinistcha|37/100\n|-enditem|p2b: Sinistcha|Sitrus Berry|[eat]\n|-heal|p2b: Sinistcha|61/100|[from] item: Sitrus Berry\n|\n|-sideend|p1: Dark Sebbs|move: Light Screen\n|upkeep\n|\n|t:|1776278253\n|switch|p1b: Lucario|Lucario, L50, F|100/100\n|turn|7\n|inactive|air77 has 30 seconds left.\n|\n|t:|1776278285\n|detailschange|p1b: Lucario|Lucario-Mega, L50, F\n|-mega|p1b: Lucario|Lucario|Lucarionite\n|move|p1b: Lucario|Protect|p1b: Lucario\n|-singleturn|p1b: Lucario|Protect\n|move|p1a: Klefki|Light Screen|p1a: Klefki\n|-sidestart|p1: Dark Sebbs|move: Light Screen\n|move|p2a: Floette|Light of Ruin|p1b: Lucario\n|-activate|p1b: Lucario|move: Protect\n|move|p2b: Sinistcha|Shadow Ball|p1a: Klefki\n|-damage|p1a: Klefki|43/100\n|-enditem|p1a: Klefki|Sitrus Berry|[eat]\n|-heal|p1a: Klefki|68/100|[from] item: Sitrus Berry\n|\n|upkeep\n|turn|8\n|inactive|air77 has 30 seconds left.\n|\n|t:|1776278314\n|move|p1b: Lucario|Flash Cannon|p2a: Floette\n|-supereffective|p2a: Floette|1\n|-damage|p2a: Floette|0 fnt\n|faint|p2a: Floette\n|move|p1a: Klefki|Dazzling Gleam|p2b: Sinistcha\n|-damage|p2b: Sinistcha|34/100\n|move|p2b: Sinistcha|Shadow Ball|p1a: Klefki\n|-damage|p1a: Klefki|35/100\n|\n|upkeep\n|\n|t:|1776278322\n|switch|p2a: Rotom|Rotom-Wash, L50|19/100\n|turn|9\n|\n|t:|1776278337\n|move|p1b: Lucario|Nasty Plot|p1b: Lucario\n|-boost|p1b: Lucario|spa|2\n|move|p2a: Rotom|Thunderbolt|p1a: Klefki\n|-damage|p1a: Klefki|0 fnt\n|faint|p1a: Klefki\n|move|p2b: Sinistcha|Strength Sap|p1b: Lucario\n|-unboost|p1b: Lucario|atk|1\n|-heal|p2b: Sinistcha|100/100\n|\n|-heal|p2a: Rotom|24/100|[from] item: Leftovers\n|upkeep\n|turn|10\n|\n|t:|1776278354\n|move|p2b: Sinistcha|Rage Powder|p2b: Sinistcha\n|-singleturn|p2b: Sinistcha|move: Rage Powder\n|move|p1b: Lucario|Aura Sphere|p2b: Sinistcha\n|-immune|p2b: Sinistcha\n|move|p2a: Rotom|Will-O-Wisp|p1b: Lucario\n|-status|p1b: Lucario|brn\n|\n|-heal|p2a: Rotom|30/100|[from] item: Leftovers\n|-damage|p1b: Lucario|94/100 brn|[from] brn\n|upkeep\n|turn|11\n|\n|t:|1776278370\n|move|p2b: Sinistcha|Rage Powder|p2b: Sinistcha\n|-singleturn|p2b: Sinistcha|move: Rage Powder\n|move|p1b: Lucario|Flash Cannon|p2b: Sinistcha\n|-damage|p2b: Sinistcha|0 fnt\n|faint|p2b: Sinistcha\n|move|p2a: Rotom|Thunderbolt|p1b: Lucario\n|-damage|p1b: Lucario|51/100 brn\n|\n|-heal|p2a: Rotom|36/100|[from] item: Leftovers\n|-damage|p1b: Lucario|45/100 brn|[from] brn\n|-sideend|p1: Dark Sebbs|move: Light Screen\n|upkeep\n|turn|12\n|\n|t:|1776278392\n|move|p1b: Lucario|Aura Sphere|p2a: Rotom\n|-damage|p2a: Rotom|0 fnt\n|faint|p2a: Rotom\n|\n|win|Dark Sebbs\n|raw|Dark Sebbs's rating: 1000 &rarr; <strong>1040</strong><br />(+40 for winning)\n|raw|air77's rating: 1000 &rarr; <strong>1000</strong><br />(+0 for losing)\n|l|\u2606air77\n|player|p2|\n",
  "uploadtime": 1776278396,
  "views": 16,
  "formatid": "gen9championsvgc2026regma",
  "rating": 1000,
  "private": 0,
  "password": null
}