{
  "id": "gen9championsvgc2026regma-2582680585",
  "format": "[Gen 9 Champions] VGC 2026 Reg M-A",
  "players": [
    "renataattoooo",
    "Sadkeum"
  ],
  "log": "|j|\u2606renataattoooo\n|j|\u2606Sadkeum\n|t:|1776106876\n|gametype|doubles\n|player|p1|renataattoooo|170|1175\n|player|p2|Sadkeum|allister|1110\n|gen|9\n|tier|[Gen 9 Champions] VGC 2026 Reg M-A\n|rated|\n|rule|Species Clause: Limit one of each Pok\u00e9mon\n|rule|Item Clause: Limit 1 of each item\n|clearpoke\n|poke|p1|Floette-Eternal, L50, F|\n|poke|p1|Ditto, L50|\n|poke|p1|Kingambit, L50, F|\n|poke|p1|Starmie, L50|\n|poke|p1|Sableye, L50, M|\n|poke|p1|Garchomp, L50, F|\n|poke|p2|Froslass, L50, F|\n|poke|p2|Garchomp, L50, M|\n|poke|p2|Incineroar, L50, M|\n|poke|p2|Rotom-Frost, L50|\n|poke|p2|Basculegion, L50, M|\n|poke|p2|Orthworm, L50, M|\n|teampreview|4\n|inactive|Battle timer is ON: inactive players will automatically lose when time's up. (requested by Sadkeum)\n|inactive|renataattoooo has 60 seconds left.\n|\n|t:|1776106922\n|teamsize|p1|4\n|teamsize|p2|4\n|start\n|switch|p1a: Sableye|Sableye, L50, M|100/100\n|switch|p1b: Floette|Floette-Eternal, L50, F|100/100\n|switch|p2a: Orthworm|Orthworm, L50, M|100/100\n|switch|p2b: Garchomp|Garchomp, L50, M|100/100\n|turn|1\n|\n|t:|1776106936\n|move|p2b: Garchomp|Protect|p2b: Garchomp\n|-singleturn|p2b: Garchomp|Protect\n|move|p1b: Floette|Protect|p1b: Floette\n|-singleturn|p1b: Floette|Protect\n|move|p1a: Sableye|Will-O-Wisp|p2a: Orthworm|[miss]\n|-miss|p1a: Sableye|p2a: Orthworm\n|move|p2a: Orthworm|Heavy Slam|p1b: Floette\n|-activate|p1b: Floette|move: Protect\n|\n|upkeep\n|turn|2\n|\n|t:|1776106955\n|switch|p1b: Ditto|Ditto, L50|100/100\n|-transform|p1b: Ditto|p2a: Orthworm|[from] ability: Imposter\n|move|p1a: Sableye|Will-O-Wisp|p2b: Garchomp\n|-status|p2b: Garchomp|brn\n|move|p2b: Garchomp|Earthquake|p1b: Ditto|[spread] p1a\n|-immune|p2a: Orthworm|[from] ability: Earth Eater\n|-immune|p1b: Ditto|[from] ability: Earth Eater\n|-damage|p1a: Sableye|74/100\n|move|p2a: Orthworm|Shed Tail|p2a: Orthworm\n|-start|p2a: Orthworm|Substitute|[from] move: Shed Tail\n|-damage|p2a: Orthworm|50/100\n|-enditem|p2a: Orthworm|Sitrus Berry|[eat]\n|-heal|p2a: Orthworm|75/100|[from] item: Sitrus Berry\n|\n|t:|1776106979\n|switch|p2a: Froslass|Froslass, L50, F|100/100|[from] Shed Tail\n|\n|-damage|p2b: Garchomp|95/100 brn|[from] brn\n|upkeep\n|turn|3\n|\n|t:|1776106994\n|detailschange|p2a: Froslass|Froslass-Mega, L50, F\n|-mega|p2a: Froslass|Froslass|Froslassite\n|-weather|Snowscape|[from] ability: Snow Warning|[of] p2a: Froslass\n|move|p1a: Sableye|Rain Dance|p1a: Sableye\n|-weather|RainDance\n|move|p2a: Froslass|Shadow Ball|p1b: Ditto\n|-damage|p1b: Ditto|44/100\n|move|p2b: Garchomp|Rock Slide|p1a: Sableye|[spread] p1a,p1b\n|-resisted|p1b: Ditto|1\n|-damage|p1a: Sableye|60/100\n|-damage|p1b: Ditto|40/100\n|move|p1b: Ditto|Iron Defense|p1b: Ditto\n|-boost|p1b: Ditto|def|2\n|\n|-weather|RainDance|[upkeep]\n|-damage|p2b: Garchomp|89/100 brn|[from] brn\n|upkeep\n|turn|4\n|inactive|renataattoooo has 30 seconds left.\n|inactive|renataattoooo has 20 seconds left.\n|inactive|renataattoooo has 15 seconds left.\n|inactive|renataattoooo has 10 seconds left.\n|\n|t:|1776107041\n|switch|p1a: Floette|Floette-Eternal, L50, F|100/100\n|move|p2a: Froslass|Shadow Ball|p1b: Ditto\n|-damage|p1b: Ditto|0 fnt\n|faint|p1b: Ditto\n|move|p2b: Garchomp|Rock Slide|p1a: Floette\n|-damage|p1a: Floette|87/100\n|\n|-weather|RainDance|[upkeep]\n|-damage|p2b: Garchomp|83/100 brn|[from] brn\n|upkeep\n|\n|t:|1776107053\n|switch|p1b: Starmie|Starmie, L50|100/100\n|turn|5\n|\n|t:|1776107075\n|detailschange|p1a: Floette|Floette-Mega, L50, F\n|-mega|p1a: Floette|Floette|Floettite\n|-ability|p1a: Floette|Fairy Aura\n|move|p1b: Starmie|Protect|p1b: Starmie\n|-singleturn|p1b: Starmie|Protect\n|move|p2a: Froslass|Blizzard|p1b: Starmie|[spread] p1a\n|-activate|p1b: Starmie|move: Protect\n|-damage|p1a: Floette|54/100\n|move|p2b: Garchomp|Rock Slide|p1b: Starmie|[spread] p1a\n|-activate|p1b: Starmie|move: Protect\n|-damage|p1a: Floette|46/100\n|move|p1a: Floette|Calm Mind|p1a: Floette\n|-boost|p1a: Floette|spa|1\n|-boost|p1a: Floette|spd|1\n|\n|-weather|RainDance|[upkeep]\n|-damage|p2b: Garchomp|77/100 brn|[from] brn\n|upkeep\n|turn|6\n|inactive|renataattoooo has 30 seconds left.\n|inactive|Sadkeum has 30 seconds left.\n|\n|t:|1776107106\n|switch|p1b: Sableye|Sableye, L50, M|60/100\n|move|p2a: Froslass|Nasty Plot|p2a: Froslass\n|-boost|p2a: Froslass|spa|2\n|move|p2b: Garchomp|Rock Slide|p1a: Floette|[spread] p1a,p1b\n|-damage|p1a: Floette|37/100\n|-damage|p1b: Sableye|47/100\n|-enditem|p1b: Sableye|Sitrus Berry|[eat]\n|-heal|p1b: Sableye|72/100|[from] item: Sitrus Berry\n|move|p1a: Floette|Dazzling Gleam|p2a: Froslass|[spread] p2a,p2b\n|-end|p2a: Froslass|Substitute\n|-supereffective|p2b: Garchomp|1\n|-crit|p2b: Garchomp\n|-damage|p2b: Garchomp|0 fnt\n|faint|p2b: Garchomp\n|\n|-weather|RainDance|[upkeep]\n|upkeep\n|\n|t:|1776107127\n|switch|p2b: Basculegion|Basculegion, L50, M|100/100\n|turn|7\n|\n|t:|1776107145\n|move|p1a: Floette|Protect|p1a: Floette\n|-singleturn|p1a: Floette|Protect\n|move|p1b: Sableye|Will-O-Wisp|p2b: Basculegion\n|-status|p2b: Basculegion|brn\n|move|p2b: Basculegion|Wave Crash|p1a: Floette\n|-activate|p1a: Floette|move: Protect\n|move|p2a: Froslass|Shadow Ball|p1b: Sableye\n|-damage|p1b: Sableye|0 fnt\n|faint|p1b: Sableye\n|\n|-weather|none\n|-damage|p2b: Basculegion|94/100 brn|[from] brn\n|upkeep\n|\n|t:|1776107158\n|switch|p1b: Starmie|Starmie, L50|100/100\n|turn|8\n|\n|t:|1776107180\n|move|p2b: Basculegion|Wave Crash|p1a: Floette\n|-damage|p1a: Floette|4/100\n|-damage|p2b: Basculegion|84/100 brn|[from] Recoil\n|move|p2a: Froslass|Shadow Ball|p1b: Starmie\n|-supereffective|p1b: Starmie|1\n|-damage|p1b: Starmie|0 fnt\n|faint|p1b: Starmie\n|move|p1a: Floette|Dazzling Gleam|p2b: Basculegion|[spread] p2a,p2b\n|-damage|p2a: Froslass|26/100\n|-damage|p2b: Basculegion|5/100 brn\n|\n|-damage|p2b: Basculegion|0 fnt|[from] brn\n|faint|p2b: Basculegion\n|upkeep\n|\n|t:|1776107194\n|switch|p2b: Orthworm|Orthworm, L50, M|75/100\n|turn|9\n|-message|renataattoooo forfeited.\n|\n|win|Sadkeum\n|raw|renataattoooo's rating: 1175 &rarr; <strong>1145</strong><br />(-30 for losing)\n|raw|Sadkeum's rating: 1110 &rarr; <strong>1140</strong><br />(+30 for winning)\n|l|\u2606renataattoooo\n|player|p1|\n",
  "uploadtime": 1776107202,
  "views": 33,
  "formatid": "gen9championsvgc2026regma",
  "rating": 1140,
  "private": 0,
  "password": null
}