{
  "id": "gen9championsvgc2026regma-2582264235",
  "format": "[Gen 9 Champions] VGC 2026 Reg M-A",
  "players": [
    "colfox",
    "tito blaster"
  ],
  "log": "|j|\u2606colfox\n|j|\u2606tito blaster\n|t:|1776077633\n|gametype|doubles\n|player|p1|colfox|1|1000\n|player|p2|tito blaster|cilan|1000\n|gen|9\n|tier|[Gen 9 Champions] VGC 2026 Reg M-A\n|rated|\n|rule|Species Clause: Limit one of each Pok\u00e9mon\n|rule|Item Clause: Limit 1 of each item\n|clearpoke\n|poke|p1|Ninetales, L50, M|\n|poke|p1|Dragonite, L50, F|\n|poke|p1|Sylveon, L50, M|\n|poke|p1|Milotic, L50, F|\n|poke|p1|Delphox, L50, M|\n|poke|p1|Garchomp, L50, M|\n|poke|p2|Kingambit, L50, F|\n|poke|p2|Aerodactyl, L50, M|\n|poke|p2|Delphox, L50, M|\n|poke|p2|Basculegion, L50, M|\n|poke|p2|Sneasler, L50, F|\n|poke|p2|Garchomp, L50, M|\n|teampreview|4\n|inactive|Battle timer is ON: inactive players will automatically lose when time's up. (requested by tito blaster)\n|inactive|colfox has 60 seconds left.\n|inactive|tito blaster has 60 seconds left.\n|\n|t:|1776077685\n|teamsize|p1|4\n|teamsize|p2|4\n|start\n|switch|p1a: Delphox|Delphox, L50, M|100/100\n|switch|p1b: Ninetales|Ninetales, L50, M|100/100\n|switch|p2a: Aerodactyl|Aerodactyl, L50, M|100/100\n|switch|p2b: Basculegion|Basculegion, L50, M|100/100\n|-ability|p2a: Aerodactyl|Unnerve\n|-weather|SunnyDay|[from] ability: Drought|[of] p1b: Ninetales\n|turn|1\n|\n|t:|1776077708\n|switch|p1a: Dragonite|Dragonite, L50, F|100/100\n|move|p2b: Basculegion|Flip Turn|p1b: Ninetales\n|-supereffective|p1b: Ninetales|1\n|-damage|p1b: Ninetales|56/100\n|\n|t:|1776077714\n|switch|p2b: Delphox|Delphox, L50, M|100/100|[from] Flip Turn\n|move|p2a: Aerodactyl|Rock Slide|p1b: Ninetales|[spread] p1a,p1b\n|-supereffective|p1a: Dragonite|1\n|-supereffective|p1b: Ninetales|1\n|-damage|p1a: Dragonite|48/100\n|-damage|p1b: Ninetales|0 fnt\n|faint|p1b: Ninetales\n|\n|-weather|SunnyDay|[upkeep]\n|upkeep\n|\n|t:|1776077729\n|switch|p1b: Delphox|Delphox, L50, M|100/100\n|turn|2\n|\n|t:|1776077741\n|detailschange|p2b: Delphox|Delphox-Mega, L50, M\n|-mega|p2b: Delphox|Delphox|Delphoxite\n|detailschange|p1b: Delphox|Delphox-Mega, L50, M\n|-mega|p1b: Delphox|Delphox|Delphoxite\n|move|p1b: Delphox|Protect|p1b: Delphox\n|-singleturn|p1b: Delphox|Protect\n|move|p2b: Delphox|Substitute|p2b: Delphox\n|-start|p2b: Delphox|Substitute\n|-damage|p2b: Delphox|75/100\n|move|p2a: Aerodactyl|Rock Slide|p1a: Dragonite|[spread] \n|-activate|p1b: Delphox|move: Protect\n|-miss|p2a: Aerodactyl|p1a: Dragonite\n|move|p1a: Dragonite|Tailwind|p1a: Dragonite\n|-sidestart|p1: colfox|move: Tailwind\n|\n|-weather|SunnyDay|[upkeep]\n|upkeep\n|turn|3\n|inactive|colfox has 30 seconds left.\n|inactive|tito blaster has 30 seconds left.\n|\n|t:|1776077776\n|move|p1b: Delphox|Shadow Ball|p2a: Aerodactyl\n|-damage|p2a: Aerodactyl|52/100\n|move|p1a: Dragonite|Dragon Claw|p2b: Delphox\n|-end|p2b: Delphox|Substitute\n|move|p2b: Delphox|Heat Wave|p1b: Delphox|[spread] p1a,p1b\n|-resisted|p1a: Dragonite|1\n|-resisted|p1b: Delphox|1\n|-crit|p1b: Delphox\n|-damage|p1a: Dragonite|19/100\n|-damage|p1b: Delphox|62/100\n|move|p2a: Aerodactyl|Rock Slide|p1a: Dragonite|[spread] p1a,p1b\n|-supereffective|p1a: Dragonite|1\n|-supereffective|p1b: Delphox|1\n|-damage|p1a: Dragonite|0 fnt\n|-damage|p1b: Delphox|0 fnt\n|faint|p1a: Dragonite\n|faint|p1b: Delphox\n|\n|-weather|SunnyDay|[upkeep]\n|upkeep\n|inactive|colfox has 30 seconds left.\n|\n|t:|1776077804\n|switch|p1b: Garchomp|Garchomp, L50, M|100/100\n|turn|4\n|\n|t:|1776077816\n|move|p1b: Garchomp|Rock Slide|p2a: Aerodactyl|[spread] p2a,p2b\n|-supereffective|p2a: Aerodactyl|1\n|-supereffective|p2b: Delphox|1\n|-damage|p2a: Aerodactyl|0 fnt\n|-damage|p2b: Delphox|25/100\n|faint|p2a: Aerodactyl\n|move|p2b: Delphox|Psychic|p1b: Garchomp\n|-crit|p1b: Garchomp\n|-damage|p1b: Garchomp|22/100\n|-unboost|p1b: Garchomp|spd|1\n|\n|-weather|SunnyDay|[upkeep]\n|upkeep\n|\n|t:|1776077822\n|switch|p2a: Basculegion|Basculegion, L50, M|100/100\n|turn|5\n|\n|t:|1776077830\n|move|p2b: Delphox|Protect|p2b: Delphox\n|-singleturn|p2b: Delphox|Protect\n|move|p1b: Garchomp|Rock Slide|p2b: Delphox|[spread] p2a\n|-activate|p2b: Delphox|move: Protect\n|-damage|p2a: Basculegion|76/100\n|move|p2a: Basculegion|Last Respects|p1b: Garchomp\n|-damage|p1b: Garchomp|0 fnt\n|faint|p1b: Garchomp\n|\n|win|tito blaster\n|raw|colfox's rating: 1000 &rarr; <strong>1000</strong><br />(+0 for losing)\n|raw|tito blaster's rating: 1000 &rarr; <strong>1040</strong><br />(+40 for winning)\n",
  "uploadtime": 1776077842,
  "views": 33,
  "formatid": "gen9championsvgc2026regma",
  "rating": 1000,
  "private": 0,
  "password": null
}