{
  "id": "gen9championsvgc2026regma-2585267619",
  "format": "[Gen 9 Champions] VGC 2026 Reg M-A",
  "players": [
    "Noobilio",
    "KeckleonKidVGC"
  ],
  "log": "|j|\u2606Noobilio\n|j|\u2606KeckleonKidVGC\n|t:|1776331905\n|gametype|doubles\n|player|p1|Noobilio|nurse|1273\n|player|p2|KeckleonKidVGC|169|1255\n|gen|9\n|tier|[Gen 9 Champions] VGC 2026 Reg M-A\n|rated|\n|rule|Species Clause: Limit one of each Pok\u00e9mon\n|rule|Item Clause: Limit 1 of each item\n|clearpoke\n|poke|p1|Froslass, L50, F|\n|poke|p1|Floette-Eternal, L50, F|\n|poke|p1|Sneasler, L50, M|\n|poke|p1|Basculegion, L50, M|\n|poke|p1|Garchomp, L50, F|\n|poke|p1|Kingambit, L50, F|\n|poke|p2|Politoed, L50, F|\n|poke|p2|Basculegion, L50, M|\n|poke|p2|Feraligatr, L50, F|\n|poke|p2|Archaludon, L50, F|\n|poke|p2|Gyarados, L50, F|\n|poke|p2|Excadrill, L50, F|\n|teampreview|4\n|inactive|Battle timer is ON: inactive players will automatically lose when time's up. (requested by KeckleonKidVGC)\n|inactive|Noobilio has 60 seconds left.\n|\n|t:|1776331950\n|teamsize|p1|4\n|teamsize|p2|4\n|start\n|switch|p1a: Sneasler|Sneasler, L50, M|100/100\n|switch|p1b: Kingambit|Kingambit, L50, F|100/100\n|switch|p2a: Politoed|Politoed, L50, F|100/100\n|switch|p2b: Basculegion|Basculegion, L50, M|100/100\n|-weather|RainDance|[from] ability: Drizzle|[of] p2a: Politoed\n|turn|1\n|\n|t:|1776331973\n|move|p2a: Politoed|Protect|p2a: Politoed\n|-singleturn|p2a: Politoed|Protect\n|move|p1a: Sneasler|Fake Out|p2a: Politoed\n|-activate|p2a: Politoed|move: Protect\n|move|p1b: Kingambit|Sucker Punch|p2b: Basculegion\n|-supereffective|p2b: Basculegion|1\n|-damage|p2b: Basculegion|0 fnt\n|faint|p2b: Basculegion\n|\n|-weather|RainDance|[upkeep]\n|upkeep\n|\n|t:|1776331984\n|switch|p2b: Archaludon|Archaludon, L50, F|100/100\n|turn|2\n|\n|t:|1776331995\n|move|p1a: Sneasler|Protect|p1a: Sneasler\n|-singleturn|p1a: Sneasler|Protect\n|move|p2b: Archaludon|Protect|p2b: Archaludon\n|-singleturn|p2b: Archaludon|Protect\n|move|p2a: Politoed|Weather Ball|p1a: Sneasler\n|-activate|p1a: Sneasler|move: Protect\n|move|p1b: Kingambit|Low Kick|p2b: Archaludon\n|-activate|p2b: Archaludon|move: Protect\n|\n|-weather|RainDance|[upkeep]\n|upkeep\n|turn|3\n|\n|t:|1776332018\n|move|p1a: Sneasler|Close Combat|p2b: Archaludon\n|-supereffective|p2b: Archaludon|1\n|-damage|p2b: Archaludon|0 fnt\n|-unboost|p1a: Sneasler|def|1\n|-unboost|p1a: Sneasler|spd|1\n|faint|p2b: Archaludon\n|move|p2a: Politoed|Weather Ball|p1a: Sneasler\n|-enditem|p1a: Sneasler|Focus Sash\n|-damage|p1a: Sneasler|1/100\n|move|p1b: Kingambit|Low Kick|p2a: Politoed\n|-damage|p2a: Politoed|72/100\n|\n|-weather|RainDance|[upkeep]\n|upkeep\n|\n|t:|1776332030\n|switch|p2b: Excadrill|Excadrill, L50, F|100/100\n|-ability|p2b: Excadrill|Mold Breaker\n|turn|4\n|\n|t:|1776332039\n|move|p2b: Excadrill|Protect|p2b: Excadrill\n|-singleturn|p2b: Excadrill|Protect\n|move|p1b: Kingambit|Sucker Punch|p2a: Politoed\n|-damage|p2a: Politoed|26/100\n|move|p1a: Sneasler|Close Combat|p2b: Excadrill\n|-activate|p2b: Excadrill|move: Protect\n|move|p2a: Politoed|Weather Ball|p1b: Kingambit\n|-damage|p1b: Kingambit|33/100\n|\n|-weather|RainDance|[upkeep]\n|upkeep\n|turn|5\n|-message|KeckleonKidVGC forfeited.\n|\n|win|Noobilio\n|raw|Noobilio's rating: 1273 &rarr; <strong>1297</strong><br />(+24 for winning)\n|raw|KeckleonKidVGC's rating: 1255 &rarr; <strong>1231</strong><br />(-24 for losing)\n|l|\u2606KeckleonKidVGC\n|player|p2|\n",
  "uploadtime": 1776332049,
  "views": 46,
  "formatid": "gen9championsvgc2026regma",
  "rating": 1231,
  "private": 0,
  "password": null
}