{
  "id": "gen9championsvgc2026regma-2584544642",
  "format": "[Gen 9 Champions] VGC 2026 Reg M-A",
  "players": [
    "pokemonyoyoplayer",
    "alvaromoratalla"
  ],
  "log": "|j|\u2606pokemonyoyoplayer\n|j|\u2606alvaromoratalla\n|t:|1776267794\n|gametype|doubles\n|player|p1|pokemonyoyoplayer|102|1413\n|player|p2|alvaromoratalla|pokekid|1486\n|gen|9\n|tier|[Gen 9 Champions] VGC 2026 Reg M-A\n|rated|\n|rule|Species Clause: Limit one of each Pok\u00e9mon\n|rule|Item Clause: Limit 1 of each item\n|clearpoke\n|poke|p1|Sneasler, L50, M|\n|poke|p1|Kingambit, L50, M|\n|poke|p1|Aerodactyl, L50, F|\n|poke|p1|Gardevoir, L50, F|\n|poke|p1|Incineroar, L50, M|\n|poke|p1|Sinistcha, L50|\n|poke|p2|Delphox, L50, F|\n|poke|p2|Garchomp, L50, F|\n|poke|p2|Floette-Eternal, L50, F|\n|poke|p2|Sneasler, L50, F|\n|poke|p2|Rotom-Wash, L50|\n|poke|p2|Kingambit, L50, F|\n|teampreview|4\n|inactive|Battle timer is ON: inactive players will automatically lose when time's up. (requested by alvaromoratalla)\n|\n|t:|1776267842\n|teamsize|p1|4\n|teamsize|p2|4\n|start\n|switch|p1a: Sneasler|Sneasler, L50, M|100/100\n|switch|p1b: Aerodactyl|Aerodactyl, L50, F|100/100\n|switch|p2a: Floette|Floette-Eternal, L50, F|100/100\n|switch|p2b: Sneasler|Sneasler, L50, F|100/100\n|-ability|p1b: Aerodactyl|Unnerve\n|turn|1\n|inactive|pokemonyoyoplayer has 30 seconds left.\n|inactive|alvaromoratalla has 30 seconds left.\n|\n|t:|1776267877\n|detailschange|p2a: Floette|Floette-Mega, L50, F\n|-mega|p2a: Floette|Floette|Floettite\n|-ability|p2a: Floette|Fairy Aura\n|move|p2b: Sneasler|Fake Out|p1b: Aerodactyl\n|-resisted|p1b: Aerodactyl|1\n|-damage|p1b: Aerodactyl|90/100\n|cant|p1b: Aerodactyl|flinch\n|move|p1a: Sneasler|Dire Claw|p2a: Floette\n|-supereffective|p2a: Floette|1\n|-damage|p2a: Floette|21/100\n|-status|p2a: Floette|slp\n|cant|p2a: Floette|slp\n|\n|upkeep\n|turn|2\n|\n|t:|1776267901\n|switch|p2b: Garchomp|Garchomp, L50, F|100/100\n|move|p1b: Aerodactyl|Dual Wingbeat|p2b: Garchomp\n|-damage|p2b: Garchomp|86/100\n|-damage|p1b: Aerodactyl|78/100|[from] ability: Rough Skin|[of] p2b: Garchomp\n|-damage|p2b: Garchomp|71/100\n|-damage|p1b: Aerodactyl|66/100|[from] ability: Rough Skin|[of] p2b: Garchomp\n|-hitcount|p2b: Garchomp|2\n|move|p1a: Sneasler|Dire Claw|p2a: Floette\n|-supereffective|p2a: Floette|1\n|-damage|p2a: Floette|0 fnt\n|faint|p2a: Floette\n|\n|upkeep\n|\n|t:|1776267911\n|switch|p2a: Rotom|Rotom-Wash, L50|100/100\n|turn|3\n|inactive|pokemonyoyoplayer has 30 seconds left.\n|inactive|alvaromoratalla has 30 seconds left.\n|inactive|pokemonyoyoplayer has 20 seconds left.\n|inactive|pokemonyoyoplayer has 15 seconds left.\n|inactive|alvaromoratalla has 20 seconds left.\n|\n|t:|1776267956\n|move|p2b: Garchomp|Earthquake|p1b: Aerodactyl|[spread] p1a\n|-immune|p2a: Rotom|[from] ability: Levitate\n|-immune|p1b: Aerodactyl\n|-supereffective|p1a: Sneasler|1\n|-damage|p1a: Sneasler|0 fnt\n|faint|p1a: Sneasler\n|move|p1b: Aerodactyl|Tailwind|p1b: Aerodactyl\n|-sidestart|p1: pokemonyoyoplayer|move: Tailwind\n|move|p2a: Rotom|Thunderbolt|p1b: Aerodactyl\n|-supereffective|p1b: Aerodactyl|1\n|-damage|p1b: Aerodactyl|0 fnt\n|faint|p1b: Aerodactyl\n|\n|upkeep\n|\n|t:|1776267967\n|switch|p1b: Kingambit|Kingambit, L50, M|100/100\n|switch|p1a: Gardevoir|Gardevoir, L50, F|100/100\n|-ability|p1a: Gardevoir|Levitate|Trace|[from] ability: Trace|[of] p2a: Rotom\n|turn|4\n|inactive|alvaromoratalla has 30 seconds left.\n|\n|t:|1776267996\n|detailschange|p1a: Gardevoir|Gardevoir-Mega, L50, F\n|-mega|p1a: Gardevoir|Gardevoir|Gardevoirite\n|move|p1a: Gardevoir|Hyper Voice|p2a: Rotom|[spread] p2a,p2b\n|-supereffective|p2b: Garchomp|1\n|-damage|p2a: Rotom|52/100\n|-damage|p2b: Garchomp|0 fnt\n|faint|p2b: Garchomp\n|move|p1b: Kingambit|Kowtow Cleave|p2a: Rotom\n|-damage|p2a: Rotom|0 fnt\n|faint|p2a: Rotom\n|\n|upkeep\n|\n|t:|1776268001\n|switch|p2a: Sneasler|Sneasler, L50, F|100/100\n|turn|5\n|\n|t:|1776268020\n|move|p2a: Sneasler|Protect|p2a: Sneasler\n|-singleturn|p2a: Sneasler|Protect\n|move|p1b: Kingambit|Sucker Punch||[still]\n|-fail|p1b: Kingambit\n|move|p1a: Gardevoir|Psyshock|p2a: Sneasler\n|-activate|p2a: Sneasler|move: Protect\n|\n|upkeep\n|turn|6\n|inactive|pokemonyoyoplayer has 30 seconds left.\n|inactive|pokemonyoyoplayer has 20 seconds left.\n|inactive|pokemonyoyoplayer has 15 seconds left.\n|\n|t:|1776268064\n|move|p1a: Gardevoir|Protect|p1a: Gardevoir\n|-singleturn|p1a: Gardevoir|Protect\n|move|p2a: Sneasler|Protect||[still]\n|-fail|p2a: Sneasler\n|move|p1b: Kingambit|Sucker Punch||[still]\n|-fail|p1b: Kingambit\n|\n|-sideend|p1: pokemonyoyoplayer|move: Tailwind\n|upkeep\n|turn|7\n|inactive|pokemonyoyoplayer has 30 seconds left.\n|inactive|pokemonyoyoplayer has 20 seconds left.\n|\n|t:|1776268101\n|move|p1b: Kingambit|Sucker Punch|p2a: Sneasler\n|-resisted|p2a: Sneasler|1\n|-damage|p2a: Sneasler|57/100\n|move|p2a: Sneasler|Dire Claw|p1a: Gardevoir\n|-supereffective|p1a: Gardevoir|1\n|-damage|p1a: Gardevoir|0 fnt\n|faint|p1a: Gardevoir\n|\n|upkeep\n|turn|8\n|\n|t:|1776268115\n|move|p2a: Sneasler|Protect|p2a: Sneasler\n|-singleturn|p2a: Sneasler|Protect\n|move|p1b: Kingambit|Iron Head|p2a: Sneasler\n|-activate|p2a: Sneasler|move: Protect\n|\n|upkeep\n|turn|9\n|\n|t:|1776268122\n|move|p2a: Sneasler|Close Combat|p1b: Kingambit\n|-supereffective|p1b: Kingambit|2\n|-crit|p1b: Kingambit\n|-damage|p1b: Kingambit|0 fnt\n|-unboost|p2a: Sneasler|def|1\n|-unboost|p2a: Sneasler|spd|1\n|faint|p1b: Kingambit\n|\n|win|alvaromoratalla\n|raw|pokemonyoyoplayer's rating: 1413 &rarr; <strong>1397</strong><br />(-16 for losing)\n|raw|alvaromoratalla's rating: 1486 &rarr; <strong>1502</strong><br />(+16 for winning)\n|l|\u2606alvaromoratalla\n|player|p2|\n",
  "uploadtime": 1776268131,
  "views": 28,
  "formatid": "gen9championsvgc2026regma",
  "rating": 1397,
  "private": 0,
  "password": null
}