{
  "id": "gen9championsvgc2026regma-2588365326",
  "format": "[Gen 9 Champions] VGC 2026 Reg M-A",
  "players": [
    "heartofaquamarine",
    "KUTF1"
  ],
  "log": "|j|\u2606heartofaquamarine\n|j|\u2606KUTF1\n|t:|1776627469\n|gametype|doubles\n|player|p1|heartofaquamarine|winona|1310\n|player|p2|KUTF1|pokemonrangerf|1407\n|gen|9\n|tier|[Gen 9 Champions] VGC 2026 Reg M-A\n|rated|\n|rule|Species Clause: Limit one of each Pok\u00e9mon\n|rule|Item Clause: Limit 1 of each item\n|clearpoke\n|poke|p1|Scizor, L50, F|\n|poke|p1|Hippowdon, L50, M|\n|poke|p1|Sneasler, L50, F|\n|poke|p1|Hydreigon, L50, M|\n|poke|p1|Manectric, L50, F|\n|poke|p1|Milotic, L50, F|\n|poke|p2|Delphox, L50, M|\n|poke|p2|Garchomp, L50, M|\n|poke|p2|Whimsicott, L50, F|\n|poke|p2|Incineroar, L50, F|\n|poke|p2|Venusaur, L50, M|\n|poke|p2|Orthworm, L50, M|\n|teampreview|4\n|inactive|Battle timer is ON: inactive players will automatically lose when time's up. (requested by KUTF1)\n|inactive|KUTF1 has 60 seconds left.\n|\n|t:|1776627503\n|teamsize|p1|4\n|teamsize|p2|4\n|start\n|switch|p1a: Milotic|Milotic, L50, F|100/100\n|switch|p1b: Sneasler|Sneasler, L50, F|100/100\n|switch|p2a: Orthworm|Orthworm, L50, M|100/100\n|switch|p2b: Garchomp|Garchomp, L50, M|100/100\n|turn|1\n|inactive|heartofaquamarine has 30 seconds left.\n|inactive|heartofaquamarine has 20 seconds left.\n|inactive|heartofaquamarine has 15 seconds left.\n|inactive|heartofaquamarine has 10 seconds left.\n|inactive|heartofaquamarine has 5 seconds left.\n|\n|t:|1776627557\n|move|p2a: Orthworm|Protect|p2a: Orthworm\n|-singleturn|p2a: Orthworm|Protect\n|move|p1b: Sneasler|Fake Out|p2a: Orthworm\n|-activate|p2a: Orthworm|move: Protect\n|move|p2b: Garchomp|Earthquake|p1b: Sneasler|[spread] p1a,p1b\n|-activate|p2a: Orthworm|move: Protect\n|-supereffective|p1b: Sneasler|1\n|-damage|p1a: Milotic|69/100\n|-enditem|p1b: Sneasler|Focus Sash\n|-damage|p1b: Sneasler|1/100\n|move|p1a: Milotic|Scald|p2b: Garchomp\n|-damage|p2b: Garchomp|69/100\n|-status|p2b: Garchomp|brn\n|\n|-damage|p2b: Garchomp|63/100 brn|[from] brn\n|upkeep\n|turn|2\n|\n|t:|1776627568\n|switch|p2a: Whimsicott|Whimsicott, L50, F|100/100\n|move|p1b: Sneasler|Close Combat|p2a: Whimsicott\n|-resisted|p2a: Whimsicott|1\n|-damage|p2a: Whimsicott|68/100\n|-unboost|p1b: Sneasler|def|1\n|-unboost|p1b: Sneasler|spd|1\n|move|p2b: Garchomp|Earthquake|p1b: Sneasler|[spread] p2a,p1a,p1b\n|-resisted|p2a: Whimsicott|1\n|-supereffective|p1b: Sneasler|1\n|-damage|p2a: Whimsicott|57/100\n|-damage|p1a: Milotic|51/100\n|-damage|p1b: Sneasler|0 fnt\n|faint|p1b: Sneasler\n|move|p1a: Milotic|Scald|p2b: Garchomp\n|-damage|p2b: Garchomp|34/100 brn\n|\n|-damage|p2b: Garchomp|28/100 brn|[from] brn\n|upkeep\n|\n|t:|1776627588\n|switch|p1b: Hydreigon|Hydreigon, L50, M|100/100\n|turn|3\n|\n|t:|1776627605\n|move|p2a: Whimsicott|Tailwind|p2a: Whimsicott\n|-sidestart|p2: KUTF1|move: Tailwind\n|move|p2b: Garchomp|Rock Slide|p1a: Milotic|[spread] p1a\n|-miss|p2b: Garchomp|p1b: Hydreigon\n|-damage|p1a: Milotic|42/100\n|-enditem|p1a: Milotic|Sitrus Berry|[eat]\n|-heal|p1a: Milotic|67/100|[from] item: Sitrus Berry\n|move|p1b: Hydreigon|Flamethrower|p2a: Whimsicott\n|-supereffective|p2a: Whimsicott|1\n|-damage|p2a: Whimsicott|0 fnt\n|faint|p2a: Whimsicott\n|move|p1a: Milotic|Scald|p2b: Garchomp\n|-damage|p2b: Garchomp|0 fnt\n|faint|p2b: Garchomp\n|\n|upkeep\n|\n|t:|1776627615\n|switch|p2b: Orthworm|Orthworm, L50, M|100/100\n|switch|p2a: Delphox|Delphox, L50, M|100/100\n|turn|4\n|\n|t:|1776627629\n|detailschange|p2a: Delphox|Delphox-Mega, L50, M\n|-mega|p2a: Delphox|Delphox|Delphoxite\n|move|p2a: Delphox|Nasty Plot|p2a: Delphox\n|-boost|p2a: Delphox|spa|2\n|move|p1b: Hydreigon|Flamethrower|p2b: Orthworm\n|-supereffective|p2b: Orthworm|1\n|-damage|p2b: Orthworm|4/100\n|-enditem|p2b: Orthworm|Sitrus Berry|[eat]\n|-heal|p2b: Orthworm|29/100|[from] item: Sitrus Berry\n|move|p2b: Orthworm|Body Press|p1a: Milotic\n|-damage|p1a: Milotic|38/100\n|move|p1a: Milotic|Recover|p1a: Milotic\n|-heal|p1a: Milotic|88/100\n|\n|upkeep\n|turn|5\n|\n|t:|1776627654\n|switch|p1a: Hippowdon|Hippowdon, L50, M|100/100\n|-weather|Sandstorm|[from] ability: Sand Stream|[of] p1a: Hippowdon\n|move|p2b: Orthworm|Protect|p2b: Orthworm\n|-singleturn|p2b: Orthworm|Protect\n|move|p2a: Delphox|Nasty Plot|p2a: Delphox\n|-boost|p2a: Delphox|spa|2\n|move|p1b: Hydreigon|Flamethrower|p2b: Orthworm\n|-activate|p2b: Orthworm|move: Protect\n|\n|-weather|Sandstorm|[upkeep]\n|-damage|p2a: Delphox|94/100|[from] Sandstorm\n|-damage|p1b: Hydreigon|95/100|[from] Sandstorm\n|upkeep\n|turn|6\n|\n|t:|1776627672\n|move|p2a: Delphox|Psychic|p1a: Hippowdon\n|-damage|p1a: Hippowdon|0 fnt\n|faint|p1a: Hippowdon\n|move|p1b: Hydreigon|Flamethrower|p2b: Orthworm\n|-supereffective|p2b: Orthworm|1\n|-damage|p2b: Orthworm|0 fnt\n|faint|p2b: Orthworm\n|\n|-weather|Sandstorm|[upkeep]\n|-damage|p2a: Delphox|88/100|[from] Sandstorm\n|-damage|p1b: Hydreigon|89/100|[from] Sandstorm\n|-sideend|p2: KUTF1|move: Tailwind\n|upkeep\n|\n|t:|1776627681\n|switch|p1a: Milotic|Milotic, L50, F|88/100\n|turn|7\n|\n|t:|1776627687\n|move|p2a: Delphox|Protect|p2a: Delphox\n|-singleturn|p2a: Delphox|Protect\n|move|p1b: Hydreigon|Flamethrower|p2a: Delphox\n|-activate|p2a: Delphox|move: Protect\n|move|p1a: Milotic|Scald|p2a: Delphox\n|-activate|p2a: Delphox|move: Protect\n|\n|-weather|Sandstorm|[upkeep]\n|-damage|p1b: Hydreigon|83/100|[from] Sandstorm\n|-damage|p2a: Delphox|82/100|[from] Sandstorm\n|-damage|p1a: Milotic|82/100|[from] Sandstorm\n|upkeep\n|turn|8\n|\n|t:|1776627695\n|move|p1b: Hydreigon|Flamethrower|p2a: Delphox\n|-resisted|p2a: Delphox|1\n|-damage|p2a: Delphox|67/100\n|move|p2a: Delphox|Psychic|p1a: Milotic\n|-damage|p1a: Milotic|0 fnt\n|faint|p1a: Milotic\n|\n|-weather|Sandstorm|[upkeep]\n|-damage|p1b: Hydreigon|77/100|[from] Sandstorm\n|-damage|p2a: Delphox|61/100|[from] Sandstorm\n|upkeep\n|turn|9\n|\n|t:|1776627700\n|move|p1b: Hydreigon|Flamethrower|p2a: Delphox\n|-resisted|p2a: Delphox|1\n|-damage|p2a: Delphox|46/100\n|move|p2a: Delphox|Nasty Plot|p2a: Delphox\n|-boost|p2a: Delphox|spa|2\n|\n|-weather|none\n|upkeep\n|turn|10\n|\n|t:|1776627706\n|move|p1b: Hydreigon|Flamethrower|p2a: Delphox\n|-resisted|p2a: Delphox|1\n|-damage|p2a: Delphox|31/100\n|move|p2a: Delphox|Heat Wave|p1b: Hydreigon\n|-resisted|p1b: Hydreigon|1\n|-damage|p1b: Hydreigon|0 fnt\n|faint|p1b: Hydreigon\n|\n|win|KUTF1\n|raw|heartofaquamarine's rating: 1310 &rarr; <strong>1295</strong><br />(-15 for losing)\n|raw|KUTF1's rating: 1407 &rarr; <strong>1422</strong><br />(+15 for winning)\n|l|\u2606heartofaquamarine\n|player|p1|\n",
  "uploadtime": 1776627719,
  "views": 12,
  "formatid": "gen9championsvgc2026regma",
  "rating": 1295,
  "private": 0,
  "password": null
}