{
  "id": "gen9championsvgc2026regma-2580854075",
  "format": "[Gen 9 Champions] VGC 2026 Reg M-A",
  "players": [
    "RC8176",
    "NEONxTOKYO"
  ],
  "log": "|j|\u2606RC8176\n|j|\u2606NEONxTOKYO\n|t:|1775937912\n|gametype|doubles\n|player|p1|RC8176|psychic-gen4|1077\n|player|p2|NEONxTOKYO|102|1103\n|gen|9\n|tier|[Gen 9 Champions] VGC 2026 Reg M-A\n|rated|\n|rule|Species Clause: Limit one of each Pok\u00e9mon\n|rule|Item Clause: Limit 1 of each item\n|clearpoke\n|poke|p1|Gardevoir, L50, M|\n|poke|p1|Dragapult, L50, F|\n|poke|p1|Whimsicott, L50, F|\n|poke|p1|Azumarill, L50, F|\n|poke|p1|Dragonite, L50, F|\n|poke|p1|Milotic, L50, M|\n|poke|p2|Garchomp, L50, M|\n|poke|p2|Tyranitar, L50, M|\n|poke|p2|Excadrill, L50, F|\n|poke|p2|Corviknight, L50, F|\n|poke|p2|Rotom-Wash, L50|\n|poke|p2|Archaludon, L50, F|\n|teampreview|4\n|inactive|Battle timer is ON: inactive players will automatically lose when time's up. (requested by RC8176)\n|inactive|RC8176 has 60 seconds left.\n|\n|t:|1775937944\n|teamsize|p1|4\n|teamsize|p2|4\n|start\n|switch|p1a: Whimsicott|Whimsicott, L50, F|100/100\n|switch|p1b: Azumarill|Azumarill, L50, F|100/100\n|switch|p2a: Tyranitar|Tyranitar, L50, M|100/100\n|switch|p2b: Excadrill|Excadrill, L50, F|100/100\n|-weather|Sandstorm|[from] ability: Sand Stream|[of] p2a: Tyranitar\n|turn|1\n|inactive|NEONxTOKYO has 30 seconds left.\n|\n|t:|1775937969\n|detailschange|p2a: Tyranitar|Tyranitar-Mega, L50, M\n|-mega|p2a: Tyranitar|Tyranitar|Tyranitarite\n|move|p2a: Tyranitar|Protect|p2a: Tyranitar\n|-singleturn|p2a: Tyranitar|Protect\n|move|p1a: Whimsicott|Tailwind|p1a: Whimsicott\n|-sidestart|p1: RC8176|move: Tailwind\n|move|p2b: Excadrill|Swords Dance|p2b: Excadrill\n|-boost|p2b: Excadrill|atk|2\n|move|p1b: Azumarill|Superpower|p2a: Tyranitar\n|-activate|p2a: Tyranitar|move: Protect\n|\n|-weather|Sandstorm|[upkeep]\n|-damage|p1a: Whimsicott|95/100|[from] Sandstorm\n|-damage|p1b: Azumarill|95/100|[from] Sandstorm\n|upkeep\n|turn|2\n|inactive|NEONxTOKYO has 30 seconds left.\n|\n|t:|1775937996\n|switch|p2a: Archaludon|Archaludon, L50, F|100/100\n|move|p1a: Whimsicott|Encore||[still]\n|-fail|p1a: Whimsicott\n|move|p1b: Azumarill|Aqua Jet|p2b: Excadrill\n|-supereffective|p2b: Excadrill|1\n|-damage|p2b: Excadrill|32/100\n|move|p2b: Excadrill|Iron Head|p1b: Azumarill\n|-damage|p1b: Azumarill|9/100\n|-enditem|p1b: Azumarill|Sitrus Berry|[eat]\n|-heal|p1b: Azumarill|34/100|[from] item: Sitrus Berry\n|\n|-weather|Sandstorm|[upkeep]\n|-damage|p1a: Whimsicott|89/100|[from] Sandstorm\n|-damage|p1b: Azumarill|28/100|[from] Sandstorm\n|upkeep\n|turn|3\n|\n|t:|1775938020\n|move|p2b: Excadrill|Protect|p2b: Excadrill\n|-singleturn|p2b: Excadrill|Protect\n|move|p1b: Azumarill|Aqua Jet|p2b: Excadrill\n|-activate|p2b: Excadrill|move: Protect\n|move|p1a: Whimsicott|Moonblast|p2a: Archaludon\n|-damage|p2a: Archaludon|59/100\n|-ability|p2a: Archaludon|Stamina|boost\n|-boost|p2a: Archaludon|def|1\n|move|p2a: Archaludon|Thunderbolt|p1b: Azumarill\n|-supereffective|p1b: Azumarill|1\n|-damage|p1b: Azumarill|0 fnt\n|faint|p1b: Azumarill\n|\n|-weather|Sandstorm|[upkeep]\n|-damage|p1a: Whimsicott|83/100|[from] Sandstorm\n|upkeep\n|inactive|RC8176 has 30 seconds left.\n|\n|t:|1775938046\n|switch|p1b: Dragapult|Dragapult, L50, F|100/100\n|turn|4\n|inactive|RC8176 has 30 seconds left.\n|\n|t:|1775938072\n|move|p1a: Whimsicott|Encore|p2b: Excadrill\n|-start|p2b: Excadrill|Encore\n|move|p2b: Excadrill|Protect||[still]\n|-fail|p2b: Excadrill\n|move|p1b: Dragapult|Phantom Force||[still]\n|-prepare|p1b: Dragapult|Phantom Force\n|move|p2a: Archaludon|Draco Meteor|p1b: Dragapult|[miss]\n|-miss|p2a: Archaludon|p1b: Dragapult\n|\n|-weather|Sandstorm|[upkeep]\n|-damage|p1b: Dragapult|94/100|[from] Sandstorm\n|-damage|p1a: Whimsicott|77/100|[from] Sandstorm\n|-sideend|p1: RC8176|move: Tailwind\n|upkeep\n|turn|5\n|\n|t:|1775938093\n|switch|p2b: Tyranitar|Tyranitar-Mega, L50, M|100/100\n|move|p1b: Dragapult|Phantom Force|p2a: Archaludon|[from] lockedmove\n|-damage|p2a: Archaludon|37/100\n|-ability|p2a: Archaludon|Stamina|boost\n|-boost|p2a: Archaludon|def|1\n|move|p1a: Whimsicott|Moonblast|p2a: Archaludon\n|-damage|p2a: Archaludon|0 fnt\n|faint|p2a: Archaludon\n|\n|-weather|none\n|upkeep\n|\n|t:|1775938108\n|switch|p2a: Garchomp|Garchomp, L50, M|100/100\n|turn|6\n|\n|t:|1775938123\n|move|p1a: Whimsicott|Tailwind|p1a: Whimsicott\n|-sidestart|p1: RC8176|move: Tailwind\n|move|p1b: Dragapult|Dragon Darts|p2a: Garchomp\n|-supereffective|p2a: Garchomp|1\n|-damage|p2a: Garchomp|31/100\n|-anim|p1b: Dragapult|Dragon Darts|p2b: Tyranitar\n|-crit|p2b: Tyranitar\n|-damage|p2b: Tyranitar|68/100\n|move|p2a: Garchomp|Dragon Claw|p1b: Dragapult\n|-supereffective|p1b: Dragapult|1\n|-damage|p1b: Dragapult|0 fnt\n|faint|p1b: Dragapult\n|move|p2b: Tyranitar|Rock Slide|p1a: Whimsicott\n|-damage|p1a: Whimsicott|8/100\n|\n|upkeep\n|\n|t:|1775938136\n|switch|p1b: Gardevoir|Gardevoir, L50, M|100/100\n|-ability|p1b: Gardevoir|Rough Skin|Trace|[from] ability: Trace|[of] p2a: Garchomp\n|turn|7\n|\n|t:|1775938157\n|switch|p2b: Excadrill|Excadrill, L50, F|32/100\n|detailschange|p1b: Gardevoir|Gardevoir-Mega, L50, M\n|-mega|p1b: Gardevoir|Gardevoir|Gardevoirite\n|move|p2a: Garchomp|Protect|p2a: Garchomp\n|-singleturn|p2a: Garchomp|Protect\n|move|p1a: Whimsicott|Moonblast|p2b: Excadrill\n|-resisted|p2b: Excadrill|1\n|-damage|p2b: Excadrill|8/100\n|move|p1b: Gardevoir|Hyper Voice|p2b: Excadrill|[spread] p2b\n|-activate|p2a: Garchomp|move: Protect\n|-resisted|p2b: Excadrill|1\n|-damage|p2b: Excadrill|0 fnt\n|faint|p2b: Excadrill\n|\n|upkeep\n|\n|t:|1775938169\n|switch|p2b: Tyranitar|Tyranitar-Mega, L50, M|68/100\n|-weather|Sandstorm|[from] ability: Sand Stream|[of] p2b: Tyranitar\n|turn|8\n|\n|t:|1775938181\n|move|p1a: Whimsicott|Moonblast|p2b: Tyranitar\n|-supereffective|p2b: Tyranitar|1\n|-damage|p2b: Tyranitar|30/100\n|move|p1b: Gardevoir|Hyper Voice|p2b: Tyranitar|[spread] p2a,p2b\n|-supereffective|p2a: Garchomp|1\n|-supereffective|p2b: Tyranitar|1\n|-damage|p2a: Garchomp|0 fnt\n|-damage|p2b: Tyranitar|0 fnt\n|faint|p2a: Garchomp\n|faint|p2b: Tyranitar\n|\n|win|RC8176\n|raw|RC8176's rating: 1077 &rarr; <strong>1108</strong><br />(+31 for winning)\n|raw|NEONxTOKYO's rating: 1103 &rarr; <strong>1076</strong><br />(-27 for losing)\n",
  "uploadtime": 1775938189,
  "views": 17,
  "formatid": "gen9championsvgc2026regma",
  "rating": 1076,
  "private": 0,
  "password": null
}