{
  "id": "gen9championsvgc2026regma-2581746657",
  "format": "[Gen 9 Champions] VGC 2026 Reg M-A",
  "players": [
    "Braute",
    "coglio6789"
  ],
  "log": "|j|\u2606Braute\n|j|\u2606coglio6789\n|t:|1776025248\n|gametype|doubles\n|player|p1|Braute|miku-fire|1235\n|player|p2|coglio6789|1|1229\n|gen|9\n|tier|[Gen 9 Champions] VGC 2026 Reg M-A\n|rated|\n|rule|Species Clause: Limit one of each Pok\u00e9mon\n|rule|Item Clause: Limit 1 of each item\n|clearpoke\n|poke|p1|Beedrill, L50, F|\n|poke|p1|Incineroar, L50, F|\n|poke|p1|Talonflame, L50, M|\n|poke|p1|Kingambit, L50, M|\n|poke|p1|Tyranitar, L50, F|\n|poke|p1|Excadrill, L50, M|\n|poke|p2|Sneasler, L50, M|\n|poke|p2|Floette-Eternal, L50, F|\n|poke|p2|Sinistcha, L50|\n|poke|p2|Kingambit, L50, F|\n|poke|p2|Dragonite, L50, M|\n|poke|p2|Arcanine-Hisui, L50, M|\n|teampreview|4\n|inactive|Battle timer is ON: inactive players will automatically lose when time's up. (requested by Braute)\n|inactive|coglio6789 has 60 seconds left.\n|inactive|coglio6789 has 30 seconds left.\n|\n|t:|1776025317\n|teamsize|p1|4\n|teamsize|p2|4\n|start\n|switch|p1a: Beedrill|Beedrill, L50, F, shiny|100/100\n|switch|p1b: Kingambit|Kingambit, L50, M, shiny|100/100\n|switch|p2a: Sneasler|Sneasler, L50, M|100/100\n|switch|p2b: Dragonite|Dragonite, L50, M|100/100\n|turn|1\n|inactive|coglio6789 has 30 seconds left.\n|inactive|coglio6789 has 20 seconds left.\n|inactive|coglio6789 has 15 seconds left.\n|inactive|coglio6789 has 10 seconds left.\n|\n|t:|1776025362\n|switch|p1b: Talonflame|Talonflame, L50, M|100/100\n|move|p1a: Beedrill|Protect|p1a: Beedrill\n|-singleturn|p1a: Beedrill|Protect\n|move|p2a: Sneasler|Fake Out|p1a: Beedrill\n|-activate|p1a: Beedrill|move: Protect\n|move|p2b: Dragonite|Tailwind|p2b: Dragonite\n|-sidestart|p2: coglio6789|move: Tailwind\n|\n|upkeep\n|turn|2\n|\n|t:|1776025374\n|switch|p1a: Incineroar|Incineroar, L50, F, shiny|100/100\n|-ability|p1a: Incineroar|Intimidate|boost\n|-unboost|p2a: Sneasler|atk|1\n|-fail|p2b: Dragonite|unboost|Attack|[from] ability: Inner Focus|[of] p2b: Dragonite\n|-enditem|p2a: Sneasler|White Herb\n|-clearnegativeboost|p2a: Sneasler|[silent]\n|move|p2a: Sneasler|Protect|p2a: Sneasler\n|-singleturn|p2a: Sneasler|Protect\n|move|p1b: Talonflame|Dual Wingbeat|p2a: Sneasler\n|-activate|p2a: Sneasler|move: Protect\n|move|p2b: Dragonite|Aerial Ace|p1a: Incineroar\n|-damage|p1a: Incineroar|70/100\n|\n|upkeep\n|turn|3\n|\n|t:|1776025400\n|switch|p2a: Arcanine|Arcanine-Hisui, L50, M|100/100\n|-ability|p2a: Arcanine|Intimidate|boost\n|-unboost|p1a: Incineroar|atk|1\n|-unboost|p1b: Talonflame|atk|1\n|move|p1b: Talonflame|Dual Wingbeat|p2a: Arcanine\n|-resisted|p2a: Arcanine|1\n|-damage|p2a: Arcanine|92/100\n|-resisted|p2a: Arcanine|1\n|-damage|p2a: Arcanine|85/100\n|-hitcount|p2a: Arcanine|2\n|move|p2b: Dragonite|Aerial Ace|p1b: Talonflame\n|-damage|p1b: Talonflame|53/100\n|move|p1a: Incineroar|Parting Shot|p2b: Dragonite\n|-unboost|p2b: Dragonite|atk|1\n|-unboost|p2b: Dragonite|spa|1\n|\n|t:|1776025408\n|switch|p1a: Kingambit|Kingambit, L50, M, shiny|100/100|[from] Parting Shot\n|\n|upkeep\n|turn|4\n|\n|t:|1776025427\n|move|p1b: Talonflame|Protect|p1b: Talonflame\n|-singleturn|p1b: Talonflame|Protect\n|move|p2a: Arcanine|Flare Blitz|p1a: Kingambit\n|-supereffective|p1a: Kingambit|1\n|-damage|p1a: Kingambit|0 fnt\n|faint|p1a: Kingambit\n|-damage|p2a: Arcanine|51/100|[from] Recoil\n|move|p2b: Dragonite|Aerial Ace|p1b: Talonflame\n|-activate|p1b: Talonflame|move: Protect\n|\n|-sideend|p2: coglio6789|move: Tailwind\n|upkeep\n|\n|t:|1776025436\n|switch|p1a: Incineroar|Incineroar, L50, F, shiny|70/100\n|-ability|p1a: Incineroar|Intimidate|boost\n|-unboost|p2a: Arcanine|atk|1\n|-fail|p2b: Dragonite|unboost|Attack|[from] ability: Inner Focus|[of] p2b: Dragonite\n|turn|5\n|\n|t:|1776025448\n|switch|p2a: Sneasler|Sneasler, L50, M|100/100\n|move|p1b: Talonflame|Tailwind|p1b: Talonflame\n|-sidestart|p1: Braute|move: Tailwind\n|move|p1a: Incineroar|Darkest Lariat|p2a: Sneasler\n|-resisted|p2a: Sneasler|1\n|-damage|p2a: Sneasler|68/100\n|move|p2b: Dragonite|Tailwind|p2b: Dragonite\n|-sidestart|p2: coglio6789|move: Tailwind\n|\n|upkeep\n|turn|6\n|\n|t:|1776025467\n|switch|p2b: Arcanine|Arcanine-Hisui, L50, M|51/100\n|-ability|p2b: Arcanine|Intimidate|boost\n|-unboost|p1a: Incineroar|atk|1\n|-unboost|p1b: Talonflame|atk|1\n|move|p2a: Sneasler|Fake Out|p1b: Talonflame\n|-damage|p1b: Talonflame|34/100\n|cant|p1b: Talonflame|flinch\n|move|p1a: Incineroar|Darkest Lariat|p2b: Arcanine\n|-damage|p2b: Arcanine|16/100\n|\n|upkeep\n|turn|7\n|\n|t:|1776025493\n|switch|p2b: Sinistcha|Sinistcha, L50|100/100\n|-heal|p2a: Sneasler|93/100|[from] ability: Hospitality|[of] p2b: Sinistcha\n|move|p1b: Talonflame|Protect|p1b: Talonflame\n|-singleturn|p1b: Talonflame|Protect\n|move|p2a: Sneasler|Close Combat|p1a: Incineroar\n|-supereffective|p1a: Incineroar|1\n|-damage|p1a: Incineroar|0 fnt\n|-unboost|p2a: Sneasler|def|1\n|-unboost|p2a: Sneasler|spd|1\n|faint|p1a: Incineroar\n|\n|upkeep\n|\n|t:|1776025500\n|switch|p1a: Beedrill|Beedrill, L50, F, shiny|100/100\n|turn|8\n|\n|t:|1776025525\n|switch|p2a: Arcanine|Arcanine-Hisui, L50, M|16/100\n|-ability|p2a: Arcanine|Intimidate|boost\n|-unboost|p1a: Beedrill|atk|1\n|-unboost|p1b: Talonflame|atk|1\n|detailschange|p1a: Beedrill|Beedrill-Mega, L50, F, shiny\n|-mega|p1a: Beedrill|Beedrill|Beedrillite\n|move|p1a: Beedrill|Poison Jab|p2b: Sinistcha\n|-damage|p2b: Sinistcha|62/100\n|move|p1b: Talonflame|Dual Wingbeat|p2a: Arcanine\n|-resisted|p2a: Arcanine|1\n|-damage|p2a: Arcanine|10/100\n|-resisted|p2a: Arcanine|1\n|-damage|p2a: Arcanine|5/100\n|-hitcount|p2a: Arcanine|2\n|move|p2b: Sinistcha|Shadow Ball|p1b: Talonflame\n|-damage|p1b: Talonflame|0 fnt\n|faint|p1b: Talonflame\n|\n|-sideend|p1: Braute|move: Tailwind\n|-sideend|p2: coglio6789|move: Tailwind\n|upkeep\n|turn|9\n|-message|Braute forfeited.\n|\n|win|coglio6789\n|raw|Braute's rating: 1235 &rarr; <strong>1210</strong><br />(-25 for losing)\n|raw|coglio6789's rating: 1229 &rarr; <strong>1254</strong><br />(+25 for winning)\n",
  "uploadtime": 1776025539,
  "views": 56,
  "formatid": "gen9championsvgc2026regma",
  "rating": 1210,
  "private": 0,
  "password": null
}