{
  "id": "gen9championsvgc2026regma-2581061433",
  "format": "[Gen 9 Champions] VGC 2026 Reg M-A",
  "players": [
    "hanzomon yuki",
    "Momoi Runa"
  ],
  "log": "|j|\u2606hanzomon yuki\n|j|\u2606Momoi Runa\n|t:|1775956205\n|gametype|doubles\n|player|p1|hanzomon yuki|cynthia-masters3|1212\n|player|p2|Momoi Runa|schoolkidf|1205\n|gen|9\n|tier|[Gen 9 Champions] VGC 2026 Reg M-A\n|rated|\n|rule|Species Clause: Limit one of each Pok\u00e9mon\n|rule|Item Clause: Limit 1 of each item\n|clearpoke\n|poke|p1|Aerodactyl, L50, M|\n|poke|p1|Sneasler, L50, F|\n|poke|p1|Kingambit, L50, F|\n|poke|p1|Farigiraf, L50, M|\n|poke|p1|Archaludon, L50, M|\n|poke|p1|Floette-Eternal, L50, F|\n|poke|p2|Kangaskhan, L50, F|\n|poke|p2|Garchomp, L50, F|\n|poke|p2|Rotom-Wash, L50|\n|poke|p2|Aegislash, L50, M|\n|poke|p2|Incineroar, L50, F|\n|poke|p2|Sylveon, L50, F|\n|teampreview|4\n|inactive|Battle timer is ON: inactive players will automatically lose when time's up. (requested by Momoi Runa)\n|inactive|hanzomon yuki has 60 seconds left.\n|\n|t:|1775956265\n|teamsize|p1|4\n|teamsize|p2|4\n|start\n|switch|p1a: Aerodactyl|Aerodactyl, L50, M|100/100\n|switch|p1b: Floette|Floette-Eternal, L50, F|100/100\n|switch|p2a: Sylveon|Sylveon, L50, F, shiny|100/100\n|switch|p2b: Kangaskhan|Kangaskhan, L50, F|100/100\n|-ability|p1a: Aerodactyl|Unnerve\n|turn|1\n|\n|t:|1775956288\n|detailschange|p1b: Floette|Floette-Mega, L50, F\n|-mega|p1b: Floette|Floette|Floettite\n|-ability|p1b: Floette|Fairy Aura\n|detailschange|p2b: Kangaskhan|Kangaskhan-Mega, L50, F\n|-mega|p2b: Kangaskhan|Kangaskhan|Kangaskhanite\n|move|p1a: Aerodactyl|Protect|p1a: Aerodactyl\n|-singleturn|p1a: Aerodactyl|Protect\n|move|p1b: Floette|Protect|p1b: Floette\n|-singleturn|p1b: Floette|Protect\n|move|p2b: Kangaskhan|Fake Out|p1a: Aerodactyl\n|-activate|p1a: Aerodactyl|move: Protect\n|move|p2a: Sylveon|Hyper Voice|p1a: Aerodactyl|[spread] \n|-activate|p1a: Aerodactyl|move: Protect\n|-activate|p1b: Floette|move: Protect\n|\n|upkeep\n|turn|2\n|\n|t:|1775956313\n|move|p1a: Aerodactyl|Tailwind|p1a: Aerodactyl\n|-sidestart|p1: hanzomon yuki|move: Tailwind\n|move|p1b: Floette|Dazzling Gleam|p2b: Kangaskhan|[spread] p2a,p2b\n|-damage|p2a: Sylveon|62/100\n|-damage|p2b: Kangaskhan|57/100\n|move|p2b: Kangaskhan|Double-Edge|p1b: Floette\n|-damage|p1b: Floette|31/100\n|-damage|p1b: Floette|12/100\n|-hitcount|p1b: Floette|2\n|-damage|p2b: Kangaskhan|33/100|[from] Recoil\n|move|p2a: Sylveon|Hyper Voice|p1a: Aerodactyl|[spread] p1a,p1b\n|-damage|p1a: Aerodactyl|9/100\n|-damage|p1b: Floette|0 fnt\n|faint|p1b: Floette\n|\n|upkeep\n|\n|t:|1775956333\n|switch|p1b: Sneasler|Sneasler, L50, F|100/100\n|turn|3\n|\n|t:|1775956349\n|switch|p2b: Aegislash|Aegislash, L50, M, shiny|100/100\n|move|p2a: Sylveon|Detect|p2a: Sylveon\n|-singleturn|p2a: Sylveon|Protect\n|move|p1a: Aerodactyl|Dual Wingbeat|p2b: Aegislash\n|-resisted|p2b: Aegislash|1\n|-damage|p2b: Aegislash|94/100\n|-resisted|p2b: Aegislash|1\n|-damage|p2b: Aegislash|87/100\n|-hitcount|p2b: Aegislash|2\n|move|p1b: Sneasler|Dire Claw|p2a: Sylveon\n|-activate|p2a: Sylveon|move: Protect\n|\n|-heal|p2b: Aegislash|92/100|[from] item: Leftovers\n|upkeep\n|turn|4\n|\n|t:|1775956370\n|switch|p1a: Kingambit|Kingambit, L50, F|100/100\n|move|p2a: Sylveon|Quick Attack|p1a: Kingambit\n|-damage|p1a: Kingambit|90/100\n|move|p1b: Sneasler|Dire Claw|p2a: Sylveon\n|-supereffective|p2a: Sylveon|1\n|-damage|p2a: Sylveon|0 fnt\n|faint|p2a: Sylveon\n|move|p2b: Aegislash|Substitute|p2b: Aegislash\n|-start|p2b: Aegislash|Substitute\n|-damage|p2b: Aegislash|68/100\n|\n|-heal|p2b: Aegislash|73/100|[from] item: Leftovers\n|upkeep\n|\n|t:|1775956374\n|switch|p2a: Kangaskhan|Kangaskhan-Mega, L50, F|33/100\n|turn|5\n|\n|t:|1775956398\n|move|p1b: Sneasler|Protect|p1b: Sneasler\n|-singleturn|p1b: Sneasler|Protect\n|move|p1a: Kingambit|Protect|p1a: Kingambit\n|-singleturn|p1a: Kingambit|Protect\n|move|p2a: Kangaskhan|Low Kick|p1a: Kingambit\n|-activate|p1a: Kingambit|move: Protect\n|-formechange|p2b: Aegislash|Aegislash-Blade|\n|move|p2b: Aegislash|Shadow Ball|p1b: Sneasler\n|-activate|p1b: Sneasler|move: Protect\n|\n|-heal|p2b: Aegislash|79/100|[from] item: Leftovers\n|-sideend|p1: hanzomon yuki|move: Tailwind\n|upkeep\n|turn|6\n|inactive|hanzomon yuki has 30 seconds left.\n|inactive|hanzomon yuki has 20 seconds left.\n|inactive|hanzomon yuki has 15 seconds left.\n|\n|t:|1775956441\n|move|p2a: Kangaskhan|Sucker Punch|p1b: Sneasler\n|-resisted|p1b: Sneasler|1\n|-damage|p1b: Sneasler|77/100\n|-resisted|p1b: Sneasler|1\n|-damage|p1b: Sneasler|72/100\n|-hitcount|p1b: Sneasler|2\n|move|p1b: Sneasler|Close Combat|p2a: Kangaskhan\n|-supereffective|p2a: Kangaskhan|1\n|-damage|p2a: Kangaskhan|0 fnt\n|-unboost|p1b: Sneasler|def|1\n|-unboost|p1b: Sneasler|spd|1\n|faint|p2a: Kangaskhan\n|-enditem|p1b: Sneasler|White Herb\n|-clearnegativeboost|p1b: Sneasler|[silent]\n|move|p2b: Aegislash|Shadow Ball|p1b: Sneasler\n|-damage|p1b: Sneasler|6/100\n|move|p1a: Kingambit|Kowtow Cleave|p2b: Aegislash\n|-supereffective|p2b: Aegislash|1\n|-end|p2b: Aegislash|Substitute\n|\n|-heal|p2b: Aegislash|85/100|[from] item: Leftovers\n|upkeep\n|\n|t:|1775956455\n|switch|p2a: Incineroar|Incineroar, L50, F|100/100\n|-ability|p2a: Incineroar|Intimidate|boost\n|-unboost|p1a: Kingambit|atk|1\n|-ability|p1a: Kingambit|Defiant|boost\n|-boost|p1a: Kingambit|atk|2\n|-unboost|p1b: Sneasler|atk|1\n|turn|7\n|inactive|hanzomon yuki has 30 seconds left.\n|-activate|p2a: Incineroar|item: Quick Claw\n|\n|t:|1775956487\n|move|p1b: Sneasler|Protect|p1b: Sneasler\n|-singleturn|p1b: Sneasler|Protect\n|move|p2a: Incineroar|Fake Out|p1a: Kingambit\n|-resisted|p1a: Kingambit|1\n|-damage|p1a: Kingambit|86/100\n|move|p2b: Aegislash|Substitute|p2b: Aegislash\n|-start|p2b: Aegislash|Substitute\n|-damage|p2b: Aegislash|60/100\n|cant|p1a: Kingambit|flinch\n|\n|-heal|p2b: Aegislash|66/100|[from] item: Leftovers\n|upkeep\n|turn|8\n|\n|t:|1775956504\n|switch|p1b: Aerodactyl|Aerodactyl, L50, M|9/100\n|-ability|p1b: Aerodactyl|Unnerve\n|move|p2b: Aegislash|Shadow Ball|p1b: Aerodactyl\n|-damage|p1b: Aerodactyl|0 fnt\n|faint|p1b: Aerodactyl\n|move|p2a: Incineroar|Flare Blitz|p1a: Kingambit\n|-supereffective|p1a: Kingambit|1\n|-damage|p1a: Kingambit|22/100\n|-damage|p2a: Incineroar|79/100|[from] Recoil\n|move|p1a: Kingambit|Kowtow Cleave|p2b: Aegislash\n|-supereffective|p2b: Aegislash|1\n|-end|p2b: Aegislash|Substitute\n|\n|-heal|p2b: Aegislash|72/100|[from] item: Leftovers\n|upkeep\n|\n|t:|1775956523\n|switch|p1b: Sneasler|Sneasler, L50, F|6/100\n|turn|9\n|\n|t:|1775956529\n|move|p1b: Sneasler|Close Combat|p2a: Incineroar\n|-supereffective|p2a: Incineroar|1\n|-damage|p2a: Incineroar|0 fnt\n|-unboost|p1b: Sneasler|def|1\n|-unboost|p1b: Sneasler|spd|1\n|faint|p2a: Incineroar\n|move|p2b: Aegislash|Substitute|p2b: Aegislash\n|-start|p2b: Aegislash|Substitute\n|-damage|p2b: Aegislash|47/100\n|move|p1a: Kingambit|Kowtow Cleave|p2b: Aegislash\n|-supereffective|p2b: Aegislash|1\n|-end|p2b: Aegislash|Substitute\n|\n|-heal|p2b: Aegislash|53/100|[from] item: Leftovers\n|upkeep\n|turn|10\n|\n|t:|1775956551\n|-formechange|p2b: Aegislash|Aegislash|\n|move|p2b: Aegislash|King's Shield|p2b: Aegislash\n|-singleturn|p2b: Aegislash|Protect\n|move|p1b: Sneasler|Dire Claw|p2b: Aegislash\n|-activate|p2b: Aegislash|move: Protect\n|-unboost|p1b: Sneasler|atk|1\n|move|p1a: Kingambit|Kowtow Cleave|p2b: Aegislash\n|-activate|p2b: Aegislash|move: Protect\n|-unboost|p1a: Kingambit|atk|1\n|-ability|p1a: Kingambit|Defiant|boost\n|-boost|p1a: Kingambit|atk|2\n|\n|-heal|p2b: Aegislash|58/100|[from] item: Leftovers\n|upkeep\n|turn|11\n|inactive|hanzomon yuki has 30 seconds left.\n|\n|t:|1775956584\n|move|p1b: Sneasler|Dire Claw|p2b: Aegislash\n|-immune|p2b: Aegislash\n|move|p2b: Aegislash|Substitute|p2b: Aegislash\n|-start|p2b: Aegislash|Substitute\n|-damage|p2b: Aegislash|34/100\n|move|p1a: Kingambit|Kowtow Cleave|p2b: Aegislash\n|-supereffective|p2b: Aegislash|1\n|-end|p2b: Aegislash|Substitute\n|\n|-heal|p2b: Aegislash|39/100|[from] item: Leftovers\n|upkeep\n|turn|12\n|\n|t:|1775956599\n|move|p1b: Sneasler|Dire Claw|p2b: Aegislash\n|-immune|p2b: Aegislash\n|-formechange|p2b: Aegislash|Aegislash-Blade|\n|move|p2b: Aegislash|Shadow Ball|p1a: Kingambit\n|-resisted|p1a: Kingambit|1\n|-damage|p1a: Kingambit|0 fnt\n|faint|p1a: Kingambit\n|\n|-heal|p2b: Aegislash|45/100|[from] item: Leftovers\n|upkeep\n|turn|13\n|-message|hanzomon yuki forfeited.\n|\n|win|Momoi Runa\n|raw|hanzomon yuki's rating: 1212 &rarr; <strong>1186</strong><br />(-26 for losing)\n|raw|Momoi Runa's rating: 1205 &rarr; <strong>1231</strong><br />(+26 for winning)\n|l|\u2606hanzomon yuki\n|player|p1|\n",
  "uploadtime": 1775956613,
  "views": 23,
  "formatid": "gen9championsvgc2026regma",
  "rating": 1186,
  "private": 0,
  "password": null
}