{
  "id": "gen9championsvgc2026regma-2587099975",
  "format": "[Gen 9 Champions] VGC 2026 Reg M-A",
  "players": [
    "bonobobohemio",
    "Kawanohito"
  ],
  "log": "|j|\u2606bonobobohemio\n|j|\u2606Kawanohito\n|t:|1776493348\n|gametype|doubles\n|player|p1|bonobobohemio|blaine|1535\n|player|p2|Kawanohito|265|1538\n|gen|9\n|tier|[Gen 9 Champions] VGC 2026 Reg M-A\n|rated|\n|rule|Species Clause: Limit one of each Pok\u00e9mon\n|rule|Item Clause: Limit 1 of each item\n|clearpoke\n|poke|p1|Garchomp, L50, F|\n|poke|p1|Tyranitar, L50, F|\n|poke|p1|Meganium, L50, F|\n|poke|p1|Corviknight, L50, M, shiny|\n|poke|p1|Farigiraf, L50, F|\n|poke|p1|Talonflame, L50, M|\n|poke|p2|Slowbro, L50, M|\n|poke|p2|Incineroar, L50, F|\n|poke|p2|Sinistcha, L50|\n|poke|p2|Sneasler, L50, M|\n|poke|p2|Garchomp, L50, F|\n|poke|p2|Meowstic, L50, M|\n|teampreview|4\n|inactive|Battle timer is ON: inactive players will automatically lose when time's up. (requested by bonobobohemio)\n|j| IMTezca\n|inactive|Kawanohito has 60 seconds left.\n|\n|t:|1776493392\n|teamsize|p1|4\n|teamsize|p2|4\n|start\n|switch|p1a: Corviknight|Corviknight, L50, M, shiny|100/100\n|switch|p1b: Garchomp|Garchomp, L50, F|100/100\n|switch|p2a: Slowbro|Slowbro, L50, M|100/100\n|switch|p2b: Incineroar|Incineroar, L50, F|100/100\n|-ability|p2b: Incineroar|Intimidate|boost\n|-ability|p1a: Corviknight|Mirror Armor\n|-unboost|p2b: Incineroar|atk|1\n|-unboost|p1b: Garchomp|atk|1\n|turn|1\n|\n|t:|1776493415\n|switch|p1b: Farigiraf|Farigiraf, L50, F|100/100\n|detailschange|p2a: Slowbro|Slowbro-Mega, L50, M\n|-mega|p2a: Slowbro|Slowbro|Slowbronite\n|move|p2b: Incineroar|Fake Out||[still]\n|cant|p1b: Farigiraf|ability: Armor Tail|Fake Out|[of] p2b: Incineroar\n|move|p1a: Corviknight|Bulk Up|p1a: Corviknight\n|-boost|p1a: Corviknight|atk|1\n|-boost|p1a: Corviknight|def|1\n|move|p2a: Slowbro|Amnesia|p2a: Slowbro\n|-boost|p2a: Slowbro|spd|2\n|\n|upkeep\n|turn|2\n|\n|t:|1776493435\n|switch|p2b: Sinistcha|Sinistcha, L50|100/100\n|move|p1b: Farigiraf|Protect|p1b: Farigiraf\n|-singleturn|p1b: Farigiraf|Protect\n|move|p1a: Corviknight|Bulk Up|p1a: Corviknight\n|-boost|p1a: Corviknight|atk|1\n|-boost|p1a: Corviknight|def|1\n|move|p2a: Slowbro|Iron Defense|p2a: Slowbro\n|-boost|p2a: Slowbro|def|2\n|\n|upkeep\n|turn|3\n|\n|t:|1776493450\n|switch|p2b: Incineroar|Incineroar, L50, F|100/100\n|-ability|p2b: Incineroar|Intimidate|boost\n|-ability|p1a: Corviknight|Mirror Armor\n|-unboost|p2b: Incineroar|atk|1\n|-unboost|p1b: Farigiraf|atk|1\n|move|p1a: Corviknight|Bulk Up|p1a: Corviknight\n|-boost|p1a: Corviknight|atk|1\n|-boost|p1a: Corviknight|def|1\n|move|p1b: Farigiraf|Psychic Noise|p2b: Incineroar\n|-immune|p2b: Incineroar\n|move|p2a: Slowbro|Iron Defense|p2a: Slowbro\n|-boost|p2a: Slowbro|def|2\n|\n|upkeep\n|turn|4\n|\n|t:|1776493474\n|move|p1b: Farigiraf|Protect|p1b: Farigiraf\n|-singleturn|p1b: Farigiraf|Protect\n|move|p1a: Corviknight|Bulk Up|p1a: Corviknight\n|-boost|p1a: Corviknight|atk|1\n|-boost|p1a: Corviknight|def|1\n|move|p2b: Incineroar|Will-O-Wisp|p1a: Corviknight\n|-status|p1a: Corviknight|brn\n|move|p2a: Slowbro|Iron Defense|p2a: Slowbro\n|-boost|p2a: Slowbro|def|2\n|\n|-damage|p1a: Corviknight|95/100 brn|[from] brn\n|upkeep\n|turn|5\n|\n|t:|1776493496\n|switch|p2b: Sinistcha|Sinistcha, L50|100/100\n|move|p1a: Corviknight|Body Press|p2b: Sinistcha\n|-immune|p2b: Sinistcha\n|move|p1b: Farigiraf|Psychic Noise|p2a: Slowbro\n|-resisted|p2a: Slowbro|1\n|-damage|p2a: Slowbro|95/100\n|-start|p2a: Slowbro|move: Heal Block\n|move|p2a: Slowbro|Body Press|p1b: Farigiraf\n|-damage|p1b: Farigiraf|0 fnt\n|faint|p1b: Farigiraf\n|\n|-heal|p1a: Corviknight|100/100 brn|[from] item: Leftovers\n|-damage|p1a: Corviknight|95/100 brn|[from] brn\n|upkeep\n|\n|t:|1776493501\n|switch|p1b: Meganium|Meganium, L50, F|100/100\n|turn|6\n|inactive|Kawanohito has 30 seconds left.\n|\n|t:|1776493533\n|detailschange|p1b: Meganium|Meganium-Mega, L50, F\n|-mega|p1b: Meganium|Meganium|Meganiumite\n|move|p1b: Meganium|Solar Beam||[still]\n|-prepare|p1b: Meganium|Solar Beam\n|-activate|p1b: Meganium|ability: Mega Sol\n|-anim|p1b: Meganium|Solar Beam|p2a: Slowbro\n|-supereffective|p2a: Slowbro|1\n|-damage|p2a: Slowbro|36/100\n|move|p2b: Sinistcha|Life Dew||[still]|[still]|[spread] \n|-fail|p2b: Sinistcha\n|-fail|p2b: Sinistcha|heal\n|move|p1a: Corviknight|Body Press|p2b: Sinistcha\n|-immune|p2b: Sinistcha\n|move|p2a: Slowbro|Body Press|p1b: Meganium\n|-resisted|p1b: Meganium|1\n|-damage|p1b: Meganium|38/100\n|\n|-heal|p1a: Corviknight|100/100 brn|[from] item: Leftovers\n|-damage|p1a: Corviknight|95/100 brn|[from] brn\n|-end|p2a: Slowbro|move: Heal Block\n|upkeep\n|turn|7\n|j| Unchained\n|inactive|Kawanohito has 30 seconds left.\n|inactive|Kawanohito has 20 seconds left.\n|inactive|Kawanohito has 15 seconds left.\n|inactive|Kawanohito has 10 seconds left.\n|j| CrazyyBoi\n|\n|t:|1776493582\n|switch|p2a: Incineroar|Incineroar, L50, F|100/100\n|-ability|p2a: Incineroar|Intimidate|boost\n|-ability|p1a: Corviknight|Mirror Armor\n|-unboost|p2a: Incineroar|atk|1\n|-unboost|p1b: Meganium|atk|1\n|move|p1b: Meganium|Solar Beam||[still]\n|-prepare|p1b: Meganium|Solar Beam\n|-activate|p1b: Meganium|ability: Mega Sol\n|-anim|p1b: Meganium|Solar Beam|p2a: Incineroar\n|-resisted|p2a: Incineroar|1\n|-damage|p2a: Incineroar|71/100\n|move|p1a: Corviknight|Body Press|p2b: Sinistcha\n|-immune|p2b: Sinistcha\n|move|p2b: Sinistcha|Trick Room|p2b: Sinistcha\n|-fieldstart|move: Trick Room|[of] p2b: Sinistcha\n|\n|-heal|p1a: Corviknight|100/100 brn|[from] item: Leftovers\n|-damage|p1a: Corviknight|95/100 brn|[from] brn\n|upkeep\n|turn|8\n|inactive|Kawanohito has 30 seconds left.\n|inactive|Kawanohito has 20 seconds left.\n|\n|t:|1776493619\n|move|p1b: Meganium|Protect|p1b: Meganium\n|-singleturn|p1b: Meganium|Protect\n|move|p2a: Incineroar|Parting Shot|p1b: Meganium\n|-activate|p1b: Meganium|move: Protect\n|move|p1a: Corviknight|Body Press|p2a: Incineroar\n|-supereffective|p2a: Incineroar|1\n|-damage|p2a: Incineroar|29/100\n|-enditem|p2a: Incineroar|Sitrus Berry|[eat]\n|-heal|p2a: Incineroar|53/100|[from] item: Sitrus Berry\n|move|p2b: Sinistcha|Matcha Gotcha|p1b: Meganium|[spread] p1a\n|-activate|p1b: Meganium|move: Protect\n|-resisted|p1a: Corviknight|2\n|-damage|p1a: Corviknight|90/100 brn\n|\n|-heal|p1a: Corviknight|96/100 brn|[from] item: Leftovers\n|-damage|p1a: Corviknight|90/100 brn|[from] brn\n|upkeep\n|turn|9\n|j| humungulous\n|inactive|Kawanohito has 30 seconds left.\n|inactive|Kawanohito has 20 seconds left.\n|l| CrazyyBoi\n|inactive|Kawanohito has 15 seconds left.\n|inactive|Kawanohito has 10 seconds left.\n|\n|t:|1776493668\n|move|p2b: Sinistcha|Rage Powder|p2b: Sinistcha\n|-singleturn|p2b: Sinistcha|move: Rage Powder\n|move|p2a: Incineroar|Will-O-Wisp|p1b: Meganium\n|-status|p1b: Meganium|brn\n|move|p1a: Corviknight|Bulk Up|p1a: Corviknight\n|-boost|p1a: Corviknight|atk|1\n|-boost|p1a: Corviknight|def|1\n|move|p1b: Meganium|Solar Beam||[still]\n|-prepare|p1b: Meganium|Solar Beam\n|-activate|p1b: Meganium|ability: Mega Sol\n|-anim|p1b: Meganium|Solar Beam|p2a: Incineroar\n|-resisted|p2a: Incineroar|1\n|-damage|p2a: Incineroar|24/100\n|\n|-heal|p1a: Corviknight|96/100 brn|[from] item: Leftovers\n|-damage|p1a: Corviknight|90/100 brn|[from] brn\n|-damage|p1b: Meganium|32/100 brn|[from] brn\n|upkeep\n|turn|10\n|\n|t:|1776493691\n|switch|p1b: Garchomp|Garchomp, L50, F|100/100\n|move|p2a: Incineroar|Darkest Lariat|p1b: Garchomp\n|-damage|p1b: Garchomp|80/100\n|move|p1a: Corviknight|Iron Head|p2b: Sinistcha\n|-damage|p2b: Sinistcha|56/100\n|cant|p2b: Sinistcha|flinch\n|\n|-heal|p1a: Corviknight|96/100 brn|[from] item: Leftovers\n|-damage|p1a: Corviknight|90/100 brn|[from] brn\n|upkeep\n|turn|11\n|l| Unchained\n|inactive|Kawanohito has 30 seconds left.\n|\n|t:|1776493721\n|switch|p2b: Slowbro|Slowbro-Mega, L50, M|36/100\n|move|p2a: Incineroar|Parting Shot|p1b: Garchomp\n|-unboost|p1b: Garchomp|atk|1\n|-unboost|p1b: Garchomp|spa|1\n|\n|t:|1776493726\n|switch|p2a: Sinistcha|Sinistcha, L50|56/100|[from] Parting Shot\n|-heal|p2b: Slowbro|60/100|[from] ability: Hospitality|[of] p2a: Sinistcha\n|move|p1a: Corviknight|Iron Head|p2b: Slowbro\n|-resisted|p2b: Slowbro|1\n|-damage|p2b: Slowbro|51/100\n|move|p1b: Garchomp|Earthquake|p2b: Slowbro|[spread] p2a,p2b\n|-immune|p1a: Corviknight\n|-resisted|p2a: Sinistcha|1\n|-damage|p2a: Sinistcha|44/100\n|-damage|p2b: Slowbro|39/100\n|\n|-heal|p1a: Corviknight|96/100 brn|[from] item: Leftovers\n|-damage|p1a: Corviknight|90/100 brn|[from] brn\n|-fieldend|move: Trick Room\n|upkeep\n|turn|12\n|inactive|Kawanohito has 30 seconds left.\n|inactive|Kawanohito has 20 seconds left.\n|\n|t:|1776493762\n|switch|p1b: Meganium|Meganium-Mega, L50, F|32/100 brn\n|move|p1a: Corviknight|Iron Head|p2a: Sinistcha\n|-damage|p2a: Sinistcha|7/100\n|move|p2b: Slowbro|Slack Off|p2b: Slowbro\n|-heal|p2b: Slowbro|89/100\n|move|p2a: Sinistcha|Trick Room|p2a: Sinistcha\n|-fieldstart|move: Trick Room|[of] p2a: Sinistcha\n|\n|-heal|p1a: Corviknight|96/100 brn|[from] item: Leftovers\n|-damage|p1a: Corviknight|90/100 brn|[from] brn\n|-damage|p1b: Meganium|25/100 brn|[from] brn\n|upkeep\n|turn|13\n|inactive|Kawanohito has 30 seconds left.\n|\n|t:|1776493796\n|switch|p2b: Incineroar|Incineroar, L50, F|24/100\n|-ability|p2b: Incineroar|Intimidate|boost\n|-ability|p1a: Corviknight|Mirror Armor\n|-unboost|p2b: Incineroar|atk|1\n|-unboost|p1b: Meganium|atk|1\n|move|p1a: Corviknight|Iron Head|p2a: Sinistcha\n|-damage|p2a: Sinistcha|0 fnt\n|faint|p2a: Sinistcha\n|move|p1b: Meganium|Solar Beam||[still]\n|-prepare|p1b: Meganium|Solar Beam\n|-activate|p1b: Meganium|ability: Mega Sol\n|-anim|p1b: Meganium|Solar Beam|p2b: Incineroar\n|-resisted|p2b: Incineroar|1\n|-damage|p2b: Incineroar|0 fnt\n|faint|p2b: Incineroar\n|\n|-heal|p1a: Corviknight|96/100 brn|[from] item: Leftovers\n|-damage|p1a: Corviknight|90/100 brn|[from] brn\n|-damage|p1b: Meganium|19/100 brn|[from] brn\n|upkeep\n|\n|t:|1776493813\n|switch|p2b: Garchomp|Garchomp, L50, F|100/100\n|switch|p2a: Slowbro|Slowbro-Mega, L50, M|89/100\n|turn|14\n|\n|t:|1776493825\n|move|p2a: Slowbro|Body Press|p1b: Meganium\n|-resisted|p1b: Meganium|1\n|-damage|p1b: Meganium|5/100 brn\n|move|p1a: Corviknight|Iron Head|p2b: Garchomp\n|-damage|p2b: Garchomp|52/100\n|-damage|p1a: Corviknight|78/100 brn|[from] ability: Rough Skin|[of] p2b: Garchomp\n|move|p1b: Meganium|Dazzling Gleam|p2a: Slowbro|[spread] p2a,p2b\n|-supereffective|p2b: Garchomp|1\n|-damage|p2a: Slowbro|58/100\n|-damage|p2b: Garchomp|0 fnt\n|faint|p2b: Garchomp\n|\n|-heal|p1a: Corviknight|84/100 brn|[from] item: Leftovers\n|-damage|p1a: Corviknight|78/100 brn|[from] brn\n|-damage|p1b: Meganium|0 fnt|[from] brn\n|faint|p1b: Meganium\n|upkeep\n|\n|t:|1776493828\n|switch|p1b: Garchomp|Garchomp, L50, F|80/100\n|turn|15\n|inactive|Kawanohito has 30 seconds left.\n|\n|t:|1776493841\n|move|p2a: Slowbro|Iron Defense|p2a: Slowbro\n|-boost|p2a: Slowbro|def|2\n|move|p1a: Corviknight|Body Press|p2a: Slowbro\n|-resisted|p2a: Slowbro|1\n|-damage|p2a: Slowbro|54/100\n|move|p1b: Garchomp|Earthquake|p2a: Slowbro|[spread] p2a\n|-immune|p1a: Corviknight\n|-damage|p2a: Slowbro|45/100\n|\n|-heal|p1a: Corviknight|84/100 brn|[from] item: Leftovers\n|-damage|p1a: Corviknight|78/100 brn|[from] brn\n|upkeep\n|turn|16\n|inactive|Kawanohito has 30 seconds left this turn.\n|-message|bonobobohemio forfeited.\n|\n|win|Kawanohito\n|raw|bonobobohemio's rating: 1535 &rarr; <strong>1515</strong><br />(-20 for losing)\n|raw|Kawanohito's rating: 1538 &rarr; <strong>1558</strong><br />(+20 for winning)\n|l|\u2606bonobobohemio\n|player|p1|\n|l|\u2606Kawanohito\n|player|p2|\n",
  "uploadtime": 1776494010,
  "views": 43,
  "formatid": "gen9championsvgc2026regma",
  "rating": 1515,
  "private": 0,
  "password": null
}