{
  "id": "gen9championsvgc2026regma-2582223625",
  "format": "[Gen 9 Champions] VGC 2026 Reg M-A",
  "players": [
    "TwinTor",
    "1#MiraidonHater"
  ],
  "log": "|j|\u2606TwinTor\n|j|\u26061#MiraidonHater\n|t:|1776073188\n|gametype|doubles\n|player|p1|TwinTor|skier|1134\n|player|p2|1#MiraidonHater|169|1185\n|gen|9\n|tier|[Gen 9 Champions] VGC 2026 Reg M-A\n|rated|\n|rule|Species Clause: Limit one of each Pok\u00e9mon\n|rule|Item Clause: Limit 1 of each item\n|clearpoke\n|poke|p1|Froslass, L50, F|\n|poke|p1|Arcanine-Hisui, L50, F|\n|poke|p1|Sneasler, L50, F|\n|poke|p1|Whimsicott, L50, F|\n|poke|p1|Kingambit, L50, M|\n|poke|p1|Glaceon, L50, F|\n|poke|p2|Kommo-o, L50, F|\n|poke|p2|Glimmora, L50, M|\n|poke|p2|Incineroar, L50, M|\n|poke|p2|Sinistcha, L50|\n|poke|p2|Palafin, L50, F|\n|poke|p2|Corviknight, L50, M|\n|teampreview|4\nTwinTor has agreed to open team sheets.\n|\n|t:|1776073228\n|teamsize|p1|4\n|teamsize|p2|4\n|start\n|switch|p1a: Arcanine|Arcanine-Hisui, L50, F|100/100\n|switch|p1b: Kingambit|Kingambit, L50, M|100/100\n|switch|p2a: Incineroar|Incineroar, L50, M|100/100\n|switch|p2b: Corviknight|Corviknight, L50, M|100/100\n|-ability|p1a: Arcanine|Intimidate|boost\n|-unboost|p2a: Incineroar|atk|1\n|-ability|p2b: Corviknight|Mirror Armor\n|-unboost|p1a: Arcanine|atk|1\n|-ability|p2a: Incineroar|Intimidate|boost\n|-unboost|p1a: Arcanine|atk|1\n|-unboost|p1b: Kingambit|atk|1\n|-ability|p1b: Kingambit|Defiant|boost\n|-boost|p1b: Kingambit|atk|2\n|turn|1\n|\n|t:|1776073258\n|switch|p2b: Palafin|Palafin, L50, F|100/100\n|move|p2a: Incineroar|Fake Out|p1b: Kingambit\n|-resisted|p1b: Kingambit|1\n|-damage|p1b: Kingambit|97/100\n|move|p1a: Arcanine|Rock Slide|p2a: Incineroar|[spread] p2b\n|-miss|p1a: Arcanine|p2a: Incineroar\n|-damage|p2b: Palafin|82/100\n|cant|p1b: Kingambit|flinch\n|\n|upkeep\n|turn|2\n|\n|t:|1776073274\n|switch|p2a: Corviknight|Corviknight, L50, M|100/100\n|move|p1a: Arcanine|Rock Slide|p2b: Palafin|[spread] p2a,p2b\n|-damage|p2a: Corviknight|88/100\n|-damage|p2b: Palafin|61/100\n|move|p2b: Palafin|Close Combat|p1b: Kingambit\n|-supereffective|p1b: Kingambit|2\n|-damage|p1b: Kingambit|11/100\n|-unboost|p2b: Palafin|def|1\n|-unboost|p2b: Palafin|spd|1\n|move|p1b: Kingambit|Kowtow Cleave|p2b: Palafin\n|-damage|p2b: Palafin|0 fnt\n|faint|p2b: Palafin\n|\n|upkeep\n|\n|t:|1776073290\n|switch|p2b: Glimmora|Glimmora, L50, M|100/100\n|turn|3\n|\n|t:|1776073303\n|switch|p1a: Sneasler|Sneasler, L50, F|100/100\n|move|p2b: Glimmora|Spiky Shield|p2b: Glimmora\n|-singleturn|p2b: Glimmora|move: Protect\n|move|p1b: Kingambit|Sucker Punch||[still]\n|-fail|p1b: Kingambit\n|move|p2a: Corviknight|Brave Bird|p1b: Kingambit\n|-resisted|p1b: Kingambit|1\n|-damage|p1b: Kingambit|0 fnt\n|faint|p1b: Kingambit\n|-damage|p2a: Corviknight|85/100|[from] Recoil\n|\n|upkeep\n|\n|t:|1776073314\n|switch|p1b: Froslass|Froslass, L50, F|100/100\n|turn|4\n|j| porygon-epilepz\n|\n|t:|1776073334\n|detailschange|p1b: Froslass|Froslass-Mega, L50, F\n|-mega|p1b: Froslass|Froslass|Froslassite\n|-weather|Snowscape|[from] ability: Snow Warning|[of] p1b: Froslass\n|detailschange|p2b: Glimmora|Glimmora-Mega, L50, M\n|-mega|p2b: Glimmora|Glimmora|Glimmoranite\n|move|p1a: Sneasler|Fake Out|p2b: Glimmora\n|-resisted|p2b: Glimmora|1\n|-damage|p2b: Glimmora|92/100\n|move|p1b: Froslass|Shadow Ball|p2b: Glimmora\n|-damage|p2b: Glimmora|35/100\n|cant|p2b: Glimmora|flinch\n|move|p2a: Corviknight|Brave Bird|p1a: Sneasler\n|-supereffective|p1a: Sneasler|1\n|-enditem|p1a: Sneasler|Focus Sash\n|-damage|p1a: Sneasler|1/100\n|-damage|p2a: Corviknight|60/100|[from] Recoil\n|\n|-weather|Snowscape|[upkeep]\n|upkeep\n|turn|5\n|\n|t:|1776073353\n|move|p2b: Glimmora|Spiky Shield|p2b: Glimmora\n|-singleturn|p2b: Glimmora|move: Protect\n|move|p1a: Sneasler|Close Combat|p2b: Glimmora\n|-activate|p2b: Glimmora|move: Protect\n|-damage|p1a: Sneasler|0 fnt|[from] Spiky Shield|[of] p2b: Glimmora\n|faint|p1a: Sneasler\n|move|p1b: Froslass|Blizzard|p2b: Glimmora|[spread] p2a\n|-activate|p2b: Glimmora|move: Protect\n|-damage|p2a: Corviknight|24/100\n|move|p2a: Corviknight|Iron Head|p1b: Froslass\n|-supereffective|p1b: Froslass|1\n|-damage|p1b: Froslass|43/100\n|\n|-weather|Snowscape|[upkeep]\n|upkeep\n|\n|t:|1776073366\n|switch|p1a: Arcanine|Arcanine-Hisui, L50, F|100/100\n|-ability|p1a: Arcanine|Intimidate|boost\n|-ability|p2a: Corviknight|Mirror Armor\n|-unboost|p1a: Arcanine|atk|1\n|-unboost|p2b: Glimmora|atk|1\n|turn|6\n|\n|t:|1776073373\n|switch|p2b: Incineroar|Incineroar, L50, M|100/100\n|-ability|p2b: Incineroar|Intimidate|boost\n|-unboost|p1a: Arcanine|atk|1\n|-unboost|p1b: Froslass|atk|1\n|move|p1a: Arcanine|Rock Slide|p2b: Incineroar|[spread] p2a\n|-miss|p1a: Arcanine|p2b: Incineroar\n|-damage|p2a: Corviknight|13/100\n|move|p1b: Froslass|Blizzard|p2b: Incineroar|[spread] p2a,p2b\n|-resisted|p2b: Incineroar|1\n|-damage|p2a: Corviknight|0 fnt\n|-damage|p2b: Incineroar|81/100\n|faint|p2a: Corviknight\n|\n|-weather|Snowscape|[upkeep]\n|upkeep\n|\n|t:|1776073384\n|switch|p2a: Glimmora|Glimmora-Mega, L50, M|35/100\n|turn|7\n|\n|t:|1776073402\n|move|p2b: Incineroar|Fake Out|p1a: Arcanine\n|-resisted|p1a: Arcanine|1\n|-damage|p1a: Arcanine|94/100\n|cant|p1a: Arcanine|flinch\n|move|p1b: Froslass|Blizzard|p2b: Incineroar|[spread] p2a,p2b\n|-resisted|p2b: Incineroar|1\n|-damage|p2a: Glimmora|0 fnt\n|-damage|p2b: Incineroar|62/100\n|faint|p2a: Glimmora\n|\n|-weather|Snowscape|[upkeep]\n|upkeep\n|turn|8\n|-message|1#MiraidonHater forfeited.\n|\n|win|TwinTor\n",
  "uploadtime": 1776073323,
  "views": 11,
  "formatid": "gen9championsvgc2026regma",
  "rating": null,
  "private": 0,
  "password": null
}