{
  "id": "gen9championsvgc2026regma-2582205946",
  "format": "[Gen 9 Champions] VGC 2026 Reg M-A",
  "players": [
    "Yamifist",
    "porygon-epilepz"
  ],
  "log": "|j|\u203dYamifist\n|j|\u2606porygon-epilepz\n|t:|1776071167\n|gametype|doubles\n|player|p1|Yamifist|ingo|1140\n|player|p2|porygon-epilepz|hiker-gen4|1044\n|gen|9\n|tier|[Gen 9 Champions] VGC 2026 Reg M-A\n|rated|\n|rule|Species Clause: Limit one of each Pok\u00e9mon\n|rule|Item Clause: Limit 1 of each item\n|clearpoke\n|poke|p1|Dragonite, L50, M|\n|poke|p1|Archaludon, L50, M|\n|poke|p1|Kommo-o, L50, M|\n|poke|p1|Basculegion, L50, M|\n|poke|p1|Sinistcha, L50|\n|poke|p1|Pelipper, L50, F|\n|poke|p2|Kommo-o, L50, M|\n|poke|p2|Incineroar, L50, F|\n|poke|p2|Glimmora, L50, M|\n|poke|p2|Sinistcha, L50|\n|poke|p2|Corviknight, L50, F|\n|poke|p2|Palafin, L50, M|\n|teampreview|4\n|inactive|Battle timer is ON: inactive players will automatically lose when time's up. (requested by Yamifist)\n|\n|t:|1776071204\n|teamsize|p1|4\n|teamsize|p2|4\n|start\n|switch|p1a: Dragonite|Dragonite, L50, M, shiny|100/100\n|switch|p1b: Archaludon|Archaludon, L50, M|100/100\n|switch|p2a: Sinistcha|Sinistcha, L50|100/100\n|switch|p2b: Corviknight|Corviknight, L50, F|100/100\n|turn|1\n|inactive|Yamifist has 30 seconds left.\n|\n|t:|1776071236\n|switch|p2a: Glimmora|Glimmora, L50, M|100/100\n|move|p1b: Archaludon|Electro Shot||[still]\n|-prepare|p1b: Archaludon|Electro Shot\n|-boost|p1b: Archaludon|spa|1\n|move|p1a: Dragonite|Dragon Dance|p1a: Dragonite\n|-boost|p1a: Dragonite|atk|1\n|-boost|p1a: Dragonite|spe|1\n|move|p2b: Corviknight|Bulk Up|p2b: Corviknight\n|-boost|p2b: Corviknight|atk|1\n|-boost|p2b: Corviknight|def|1\n|\n|upkeep\n|turn|2\n|inactive|porygon-epilepz has 30 seconds left.\n|\n|t:|1776071264\n|switch|p2b: Sinistcha|Sinistcha, L50|100/100\n|detailschange|p2a: Glimmora|Glimmora-Mega, L50, M\n|-mega|p2a: Glimmora|Glimmora|Glimmoranite\n|move|p1a: Dragonite|Protect|p1a: Dragonite\n|-singleturn|p1a: Dragonite|Protect\n|move|p2a: Glimmora|Power Gem|p1a: Dragonite\n|-activate|p1a: Dragonite|move: Protect\n|move|p1b: Archaludon|Electro Shot|p2b: Sinistcha|[from] lockedmove\n|-resisted|p2b: Sinistcha|1\n|-damage|p2b: Sinistcha|69/100\n|\n|upkeep\n|turn|3\n|inactive|Yamifist has 30 seconds left.\n|\n|t:|1776071292\n|move|p1b: Archaludon|Protect|p1b: Archaludon\n|-singleturn|p1b: Archaludon|Protect\n|move|p2b: Sinistcha|Rage Powder|p2b: Sinistcha\n|-singleturn|p2b: Sinistcha|move: Rage Powder\n|move|p2a: Glimmora|Power Gem|p1a: Dragonite\n|-supereffective|p1a: Dragonite|1\n|-damage|p1a: Dragonite|40/100\n|move|p1a: Dragonite|Aerial Ace|p2b: Sinistcha\n|-supereffective|p2b: Sinistcha|1\n|-damage|p2b: Sinistcha|0 fnt\n|faint|p2b: Sinistcha\n|\n|upkeep\n|\n|t:|1776071303\n|switch|p2b: Kommo-o|Kommo-o, L50, M|100/100\n|turn|4\n|\n|t:|1776071325\n|switch|p1b: Sinistcha|Sinistcha, L50|100/100\n|-heal|p1a: Dragonite|65/100|[from] ability: Hospitality|[of] p1b: Sinistcha\n|move|p2a: Glimmora|Spiky Shield|p2a: Glimmora\n|-singleturn|p2a: Glimmora|move: Protect\n|move|p2b: Kommo-o|Protect|p2b: Kommo-o\n|-singleturn|p2b: Kommo-o|Protect\n|move|p1a: Dragonite|Extreme Speed|p2b: Kommo-o\n|-activate|p2b: Kommo-o|move: Protect\n|\n|upkeep\n|turn|5\n|\n|t:|1776071343\n|move|p1a: Dragonite|Extreme Speed|p2b: Kommo-o\n|-damage|p2b: Kommo-o|49/100\n|move|p1b: Sinistcha|Rage Powder|p1b: Sinistcha\n|-singleturn|p1b: Sinistcha|move: Rage Powder\n|move|p2a: Glimmora|Sludge Bomb|p1b: Sinistcha\n|-damage|p1b: Sinistcha|32/100\n|move|p2b: Kommo-o|Clangorous Soul|p2b: Kommo-o\n|-boost|p2b: Kommo-o|atk|1\n|-boost|p2b: Kommo-o|def|1\n|-boost|p2b: Kommo-o|spa|1\n|-boost|p2b: Kommo-o|spd|1\n|-boost|p2b: Kommo-o|spe|1\n|-damage|p2b: Kommo-o|16/100\n|\n|-heal|p2b: Kommo-o|22/100|[from] item: Leftovers\n|upkeep\n|turn|6\n|\n|t:|1776071363\n|move|p2b: Kommo-o|Protect|p2b: Kommo-o\n|-singleturn|p2b: Kommo-o|Protect\n|move|p1a: Dragonite|Protect|p1a: Dragonite\n|-singleturn|p1a: Dragonite|Protect\n|move|p2a: Glimmora|Power Gem|p1a: Dragonite\n|-activate|p1a: Dragonite|move: Protect\n|move|p1b: Sinistcha|Life Dew|p1b: Sinistcha|[spread] p1a,p1b\n|-heal|p1a: Dragonite|90/100\n|-heal|p1b: Sinistcha|57/100\n|\n|-heal|p2b: Kommo-o|28/100|[from] item: Leftovers\n|upkeep\n|turn|7\n|inactive|porygon-epilepz has 30 seconds left.\n|inactive|Yamifist has 30 seconds left.\n|inactive|porygon-epilepz has 20 seconds left.\n|\n|t:|1776071402\n|move|p1a: Dragonite|Extreme Speed|p2b: Kommo-o\n|-damage|p2b: Kommo-o|0 fnt\n|faint|p2b: Kommo-o\n|move|p1b: Sinistcha|Rage Powder|p1b: Sinistcha\n|-singleturn|p1b: Sinistcha|move: Rage Powder\n|move|p2a: Glimmora|Power Gem|p1b: Sinistcha\n|-damage|p1b: Sinistcha|0 fnt\n|faint|p1b: Sinistcha\n|\n|upkeep\n|\n|t:|1776071414\n|switch|p2b: Corviknight|Corviknight, L50, F|100/100\n|switch|p1b: Pelipper|Pelipper, L50, F|100/100\n|-weather|RainDance|[from] ability: Drizzle|[of] p1b: Pelipper\n|turn|8\n|\n|t:|1776071422\n|move|p2a: Glimmora|Spiky Shield|p2a: Glimmora\n|-singleturn|p2a: Glimmora|move: Protect\n|move|p1a: Dragonite|Protect|p1a: Dragonite\n|-singleturn|p1a: Dragonite|Protect\n|move|p2b: Corviknight|Bulk Up|p2b: Corviknight\n|-boost|p2b: Corviknight|atk|1\n|-boost|p2b: Corviknight|def|1\n|move|p1b: Pelipper|Muddy Water|p2b: Corviknight|[spread] p2b\n|-activate|p2a: Glimmora|move: Protect\n|-damage|p2b: Corviknight|76/100\n|\n|-weather|RainDance|[upkeep]\n|upkeep\n|turn|9\n|\n|t:|1776071440\n|move|p1a: Dragonite|Extreme Speed|p2a: Glimmora\n|-resisted|p2a: Glimmora|1\n|-damage|p2a: Glimmora|71/100\n|move|p2a: Glimmora|Power Gem|p1a: Dragonite\n|-supereffective|p1a: Dragonite|1\n|-damage|p1a: Dragonite|0 fnt\n|faint|p1a: Dragonite\n|move|p2b: Corviknight|Roost|p2b: Corviknight\n|-heal|p2b: Corviknight|100/100\n|-singleturn|p2b: Corviknight|move: Roost\n|move|p1b: Pelipper|Muddy Water|p2a: Glimmora|[spread] p2a\n|-miss|p1b: Pelipper|p2b: Corviknight\n|-supereffective|p2a: Glimmora|1\n|-damage|p2a: Glimmora|0 fnt\n|faint|p2a: Glimmora\n|\n|-weather|RainDance|[upkeep]\n|upkeep\n|\n|t:|1776071454\n|switch|p1a: Archaludon|Archaludon, L50, M|100/100\n|turn|10\n|\n|t:|1776071461\n|move|p1a: Archaludon|Protect|p1a: Archaludon\n|-singleturn|p1a: Archaludon|Protect\n|move|p2b: Corviknight|Iron Head|p1a: Archaludon\n|-activate|p1a: Archaludon|move: Protect\n|move|p1b: Pelipper|Tailwind|p1b: Pelipper\n|-sidestart|p1: Yamifist|move: Tailwind\n|\n|-weather|RainDance|[upkeep]\n|upkeep\n|turn|11\n|-message|porygon-epilepz forfeited.\n|\n|win|Yamifist\n|raw|Yamifist's rating: 1140 &rarr; <strong>1158</strong><br />(+18 for winning)\n|raw|porygon-epilepz's rating: 1044 &rarr; <strong>1032</strong><br />(-12 for losing)\n",
  "uploadtime": 1776071170,
  "views": 12,
  "formatid": "gen9championsvgc2026regma",
  "rating": 1032,
  "private": 0,
  "password": null
}