{
  "id": "gen9championsvgc2026regma-2580596490",
  "format": "[Gen 9 Champions] VGC 2026 Reg M-A",
  "players": [
    "nmxz",
    "CrowPaladin"
  ],
  "log": "|j|\u2606nmxz\n|j|\u2606CrowPaladin\n|t:|1775916557\n|gametype|doubles\n|player|p1|nmxz|acerola-masters3|1113\n|player|p2|CrowPaladin|1|1040\n|gen|9\n|tier|[Gen 9 Champions] VGC 2026 Reg M-A\n|rated|\n|rule|Species Clause: Limit one of each Pok\u00e9mon\n|rule|Item Clause: Limit 1 of each item\n|clearpoke\n|poke|p1|Froslass, L50, F|\n|poke|p1|Kingambit, L50, M|\n|poke|p1|Rotom-Wash, L50|\n|poke|p1|Incineroar, L50, M|\n|poke|p1|Greninja-*, L50, F|\n|poke|p1|Whimsicott, L50, F|\n|poke|p2|Avalugg-Hisui, L50, M|\n|poke|p2|Runerigus, L50, F|\n|poke|p2|Tyranitar, L50, F|\n|poke|p2|Wyrdeer, L50, M|\n|poke|p2|Froslass, L50, F|\n|poke|p2|Empoleon, L50, M|\n|teampreview|4\nCrowPaladin has agreed to open team sheets.\n|\n|t:|1775916584\n|teamsize|p1|4\n|teamsize|p2|4\n|start\n|switch|p1a: Froslass|Froslass, L50, F|100/100\n|switch|p1b: Greninja|Greninja, L50, F|100/100\n|switch|p2a: Wyrdeer|Wyrdeer, L50, M|100/100\n|switch|p2b: Empoleon|Empoleon, L50, M|100/100\n|-ability|p2a: Wyrdeer|Intimidate|boost\n|-unboost|p1a: Froslass|atk|1\n|-unboost|p1b: Greninja|atk|1\n|turn|1\n|\n|t:|1775916603\n|switch|p1b: Rotom|Rotom-Wash, L50|100/100\n|detailschange|p1a: Froslass|Froslass-Mega, L50, F\n|-mega|p1a: Froslass|Froslass|Froslassite\n|-weather|Snowscape|[from] ability: Snow Warning|[of] p1a: Froslass\n|move|p1a: Froslass|Blizzard|p2b: Empoleon|[spread] p2a,p2b\n|-resisted|p2b: Empoleon|2\n|-damage|p2a: Wyrdeer|60/100\n|-damage|p2b: Empoleon|92/100\n|move|p2b: Empoleon|Flip Turn|p1a: Froslass\n|-damage|p1a: Froslass|82/100\n|\n|t:|1775916614\n|switch|p2b: Tyranitar|Tyranitar, L50, F|100/100|[from] Flip Turn\n|-weather|Sandstorm|[from] ability: Sand Stream|[of] p2b: Tyranitar\n|move|p2a: Wyrdeer|Trick Room|p2a: Wyrdeer\n|-fieldstart|move: Trick Room|[of] p2a: Wyrdeer\n|\n|-weather|Sandstorm|[upkeep]\n|-damage|p2a: Wyrdeer|54/100|[from] Sandstorm\n|-damage|p1b: Rotom|94/100|[from] Sandstorm\n|-damage|p1a: Froslass|75/100|[from] Sandstorm\n|-heal|p2a: Wyrdeer|60/100|[from] item: Leftovers\n|upkeep\n|turn|2\n|\n|t:|1775916641\n|switch|p1a: Kingambit|Kingambit, L50, M|100/100\n|move|p2a: Wyrdeer|Protect|p2a: Wyrdeer\n|-singleturn|p2a: Wyrdeer|Protect\n|move|p2b: Tyranitar|Rock Slide|p1a: Kingambit|[spread] p1a,p1b\n|-resisted|p1a: Kingambit|1\n|-damage|p1a: Kingambit|88/100\n|-damage|p1b: Rotom|58/100\n|move|p1b: Rotom|Hydro Pump|p2b: Tyranitar|[miss]\n|-miss|p1b: Rotom|p2b: Tyranitar\n|\n|-weather|Sandstorm|[upkeep]\n|-damage|p2a: Wyrdeer|54/100|[from] Sandstorm\n|-damage|p1b: Rotom|52/100|[from] Sandstorm\n|-heal|p2a: Wyrdeer|60/100|[from] item: Leftovers\n|upkeep\n|turn|3\n|\n|t:|1775916670\n|move|p1a: Kingambit|Kowtow Cleave|p2a: Wyrdeer\n|-supereffective|p2a: Wyrdeer|1\n|-damage|p2a: Wyrdeer|0 fnt\n|faint|p2a: Wyrdeer\n|move|p2b: Tyranitar|Knock Off|p1b: Rotom\n|-damage|p1b: Rotom|0 fnt\n|-enditem|p1b: Rotom|Lum Berry|[from] move: Knock Off|[of] p2b: Tyranitar\n|faint|p1b: Rotom\n|\n|-weather|Sandstorm|[upkeep]\n|upkeep\n|\n|t:|1775916684\n|switch|p2a: Avalugg|Avalugg-Hisui, L50, M|100/100\n|switch|p1b: Froslass|Froslass-Mega, L50, F|75/100\n|-weather|Snowscape|[from] ability: Snow Warning|[of] p1b: Froslass\n|turn|4\n|\n|t:|1775916698\n|detailschange|p2b: Tyranitar|Tyranitar-Mega, L50, F\n|-mega|p2b: Tyranitar|Tyranitar|Tyranitarite\n|-weather|Sandstorm|[from] ability: Sand Stream|[of] p2b: Tyranitar\n|move|p1a: Kingambit|Protect|p1a: Kingambit\n|-singleturn|p1a: Kingambit|Protect\n|move|p1b: Froslass|Protect|p1b: Froslass\n|-singleturn|p1b: Froslass|Protect\n|move|p2a: Avalugg|Body Press|p1a: Kingambit\n|-activate|p1a: Kingambit|move: Protect\n|move|p2b: Tyranitar|Knock Off|p1b: Froslass\n|-activate|p1b: Froslass|move: Protect\n|\n|-weather|Sandstorm|[upkeep]\n|-damage|p1b: Froslass|69/100|[from] Sandstorm\n|upkeep\n|turn|5\n|\n|t:|1775916734\n|switch|p1b: Greninja|Greninja, L50, F|100/100\n|move|p2a: Avalugg|Body Press|p1a: Kingambit\n|-supereffective|p1a: Kingambit|2\n|-damage|p1a: Kingambit|0 fnt\n|faint|p1a: Kingambit\n|move|p2b: Tyranitar|Thunder Punch|p1b: Greninja\n|-supereffective|p1b: Greninja|1\n|-damage|p1b: Greninja|0 fnt\n|faint|p1b: Greninja\n|\n|-weather|Sandstorm|[upkeep]\n|-fieldend|move: Trick Room\n|upkeep\n|-message|nmxz forfeited.\n|\n|win|CrowPaladin\n|raw|nmxz's rating: 1113 &rarr; <strong>1083</strong><br />(-30 for losing)\n|raw|CrowPaladin's rating: 1040 &rarr; <strong>1081</strong><br />(+41 for winning)\n|l|\u2606nmxz\n|player|p1|\n",
  "uploadtime": 1775916748,
  "views": 51,
  "formatid": "gen9championsvgc2026regma",
  "rating": 1081,
  "private": 0,
  "password": null
}