{
  "id": "gen9championsvgc2026regma-2588363342",
  "format": "[Gen 9 Champions] VGC 2026 Reg M-A",
  "players": [
    "u360",
    "XavBoII"
  ],
  "log": "|j|\u2606u360\n|j|\u2606XavBoII\n|t:|1776627313\n|gametype|doubles\n|player|p1|u360|brock|1002\n|player|p2|XavBoII|265|1076\n|gen|9\n|tier|[Gen 9 Champions] VGC 2026 Reg M-A\n|rated|\n|rule|Species Clause: Limit one of each Pok\u00e9mon\n|rule|Item Clause: Limit 1 of each item\n|clearpoke\n|poke|p1|Talonflame, L50, F|\n|poke|p1|Garchomp, L50, F|\n|poke|p1|Incineroar, L50, M|\n|poke|p1|Conkeldurr, L50, M|\n|poke|p1|Farigiraf, L50, M|\n|poke|p1|Archaludon, L50, M|\n|poke|p2|Gengar, L50, M|\n|poke|p2|Sableye, L50, F|\n|poke|p2|Incineroar, L50, F|\n|poke|p2|Ninetales-Alola, L50, M|\n|poke|p2|Gyarados, L50, F|\n|poke|p2|Palafin, L50, M|\n|teampreview|4\n|inactive|Battle timer is ON: inactive players will automatically lose when time's up. (requested by u360)\n|\n|t:|1776627340\n|teamsize|p1|4\n|teamsize|p2|4\n|start\n|switch|p1a: Talonflame|Talonflame, L50, F|100/100\n|switch|p1b: Garchomp|Garchomp, L50, F|100/100\n|switch|p2a: Sableye|Sableye, L50, F|100/100\n|switch|p2b: Gengar|Gengar, L50, M|100/100\n|turn|1\n|\n|t:|1776627359\n|switch|p2b: Gyarados|Gyarados, L50, F|100/100\n|-ability|p2b: Gyarados|Intimidate|boost\n|-unboost|p1a: Talonflame|atk|1\n|-unboost|p1b: Garchomp|atk|1\n|move|p1a: Talonflame|Tailwind|p1a: Talonflame\n|-sidestart|p1: u360|move: Tailwind\n|move|p2a: Sableye|Thunder Wave|p1a: Talonflame|[miss]\n|-miss|p2a: Sableye|p1a: Talonflame\n|move|p1b: Garchomp|Rock Slide|p2b: Gyarados|[spread] p2a,p2b\n|-supereffective|p2b: Gyarados|1\n|-damage|p2a: Sableye|87/100\n|-damage|p2b: Gyarados|72/100\n|\n|upkeep\n|turn|2\n|inactive|u360 has 30 seconds left.\n|inactive|XavBoII has 30 seconds left.\n|\n|t:|1776627393\n|switch|p1a: Incineroar|Incineroar, L50, M|100/100\n|-ability|p1a: Incineroar|Intimidate|boost\n|-unboost|p2a: Sableye|atk|1\n|-unboost|p2b: Gyarados|atk|1\n|switch|p2a: Incineroar|Incineroar, L50, F|100/100\n|-ability|p2a: Incineroar|Intimidate|boost\n|-unboost|p1a: Incineroar|atk|1\n|-unboost|p1b: Garchomp|atk|1\n|move|p2b: Gyarados|Protect|p2b: Gyarados\n|-singleturn|p2b: Gyarados|Protect\n|move|p1b: Garchomp|Rock Slide|p2a: Incineroar|[spread] p2a\n|-activate|p2b: Gyarados|move: Protect\n|-supereffective|p2a: Incineroar|1\n|-damage|p2a: Incineroar|78/100\n|\n|upkeep\n|turn|3\n|inactive|XavBoII has 30 seconds left.\n|\n|t:|1776627419\n|switch|p1b: Talonflame|Talonflame, L50, F|100/100\n|switch|p2b: Gengar|Gengar, L50, M|100/100\n|move|p1a: Incineroar|Fake Out|p2b: Gengar\n|-immune|p2b: Gengar\n|move|p2a: Incineroar|Fake Out|p1a: Incineroar\n|-damage|p1a: Incineroar|91/100\n|\n|upkeep\n|turn|4\n|\n|t:|1776627437\n|switch|p2a: Gyarados|Gyarados, L50, F|72/100\n|-ability|p2a: Gyarados|Intimidate|boost\n|-unboost|p1a: Incineroar|atk|1\n|-unboost|p1b: Talonflame|atk|1\n|detailschange|p2b: Gengar|Gengar-Mega, L50, M\n|-mega|p2b: Gengar|Gengar|Gengarite\n|move|p1b: Talonflame|Brave Bird|p2a: Gyarados\n|-damage|p2a: Gyarados|41/100\n|-damage|p1b: Talonflame|88/100|[from] Recoil\n|move|p2b: Gengar|Perish Song|p2b: Gengar\n|-start|p1a: Incineroar|perish3|[silent]\n|-start|p1b: Talonflame|perish3|[silent]\n|-start|p2a: Gyarados|perish3|[silent]\n|-start|p2b: Gengar|perish3|[silent]\n|-fieldactivate|move: Perish Song\n|move|p1a: Incineroar|Throat Chop|p2b: Gengar\n|-supereffective|p2b: Gengar|1\n|-damage|p2b: Gengar|56/100\n|-start|p2b: Gengar|Throat Chop|[silent]\n|\n|-start|p1b: Talonflame|perish3\n|-start|p2b: Gengar|perish3\n|-start|p1a: Incineroar|perish3\n|-start|p2a: Gyarados|perish3\n|-sideend|p1: u360|move: Tailwind\n|upkeep\n|turn|5\n|inactive|u360 has 30 seconds left.\n|\n|t:|1776627469\n|move|p2b: Gengar|Protect|p2b: Gengar\n|-singleturn|p2b: Gengar|Protect\n|move|p1b: Talonflame|Protect|p1b: Talonflame\n|-singleturn|p1b: Talonflame|Protect\n|move|p2a: Gyarados|Waterfall|p1a: Incineroar\n|-supereffective|p1a: Incineroar|1\n|-damage|p1a: Incineroar|23/100\n|-enditem|p1a: Incineroar|Sitrus Berry|[eat]\n|-heal|p1a: Incineroar|48/100|[from] item: Sitrus Berry\n|cant|p1a: Incineroar|flinch\n|\n|-end|p2b: Gengar|Throat Chop|[silent]\n|-start|p2b: Gengar|perish2\n|-start|p1b: Talonflame|perish2\n|-start|p2a: Gyarados|perish2\n|-start|p1a: Incineroar|perish2\n|upkeep\n|turn|6\n|inactive|XavBoII has 30 seconds left.\n|\n|t:|1776627502\n|switch|p2b: Incineroar|Incineroar, L50, F|78/100\n|-ability|p2b: Incineroar|Intimidate|boost\n|-unboost|p1a: Incineroar|atk|1\n|-unboost|p1b: Talonflame|atk|1\n|move|p1b: Talonflame|Tailwind|p1b: Talonflame\n|-sidestart|p1: u360|move: Tailwind\n|move|p1a: Incineroar|Parting Shot|p2a: Gyarados\n|-unboost|p2a: Gyarados|atk|1\n|-unboost|p2a: Gyarados|spa|1\n|\n|t:|1776627511\n|switch|p1a: Garchomp|Garchomp, L50, F|100/100|[from] Parting Shot\n|move|p2a: Gyarados|Waterfall|p1a: Garchomp\n|-crit|p1a: Garchomp\n|-damage|p1a: Garchomp|37/100\n|-damage|p2a: Gyarados|29/100|[from] ability: Rough Skin|[of] p1a: Garchomp\n|\n|-start|p1b: Talonflame|perish1\n|-start|p2a: Gyarados|perish1\n|upkeep\n|turn|7\n|\n|t:|1776627533\n|move|p2b: Incineroar|Fake Out|p1a: Garchomp\n|-damage|p1a: Garchomp|26/100\n|-damage|p2b: Incineroar|66/100|[from] ability: Rough Skin|[of] p1a: Garchomp\n|move|p1b: Talonflame|Brave Bird|p2b: Incineroar\n|-damage|p2b: Incineroar|42/100\n|-enditem|p2b: Incineroar|Sitrus Berry|[eat]\n|-heal|p2b: Incineroar|67/100|[from] item: Sitrus Berry\n|-damage|p1b: Talonflame|78/100|[from] Recoil\n|cant|p1a: Garchomp|flinch\n|move|p2a: Gyarados|Waterfall|p1a: Garchomp\n|-damage|p1a: Garchomp|0 fnt\n|-damage|p2a: Gyarados|17/100|[from] ability: Rough Skin|[of] p1a: Garchomp\n|faint|p1a: Garchomp\n|\n|-start|p1b: Talonflame|perish0\n|-start|p2a: Gyarados|perish0\n|faint|p1b: Talonflame\n|faint|p2a: Gyarados\n|upkeep\n|\n|t:|1776627551\n|switch|p1b: Incineroar|Incineroar, L50, M|48/100\n|switch|p1a: Conkeldurr|Conkeldurr, L50, M|100/100\n|switch|p2a: Gengar|Gengar-Mega, L50, M|56/100\n|-ability|p1b: Incineroar|Intimidate|boost\n|-unboost|p2a: Gengar|atk|1\n|-unboost|p2b: Incineroar|atk|1\n|turn|8\n|\n|t:|1776627567\n|move|p2b: Incineroar|Protect|p2b: Incineroar\n|-singleturn|p2b: Incineroar|Protect\n|move|p1b: Incineroar|Fake Out|p2b: Incineroar\n|-activate|p2b: Incineroar|move: Protect\n|move|p2a: Gengar|Perish Song|p2a: Gengar\n|-start|p1a: Conkeldurr|perish3|[silent]\n|-start|p1b: Incineroar|perish3|[silent]\n|-start|p2a: Gengar|perish3|[silent]\n|-start|p2b: Incineroar|perish3|[silent]\n|-fieldactivate|move: Perish Song\n|move|p1a: Conkeldurr|Drain Punch|p2b: Incineroar\n|-activate|p2b: Incineroar|move: Protect\n|\n|-start|p2a: Gengar|perish3\n|-start|p1b: Incineroar|perish3\n|-start|p1a: Conkeldurr|perish3\n|-start|p2b: Incineroar|perish3\n|upkeep\n|turn|9\n|\n|t:|1776627590\n|move|p2a: Gengar|Disable|p1a: Conkeldurr\n|-start|p1a: Conkeldurr|Disable|Drain Punch\n|move|p1b: Incineroar|Throat Chop|p2a: Gengar\n|-supereffective|p2a: Gengar|1\n|-damage|p2a: Gengar|0 fnt\n|faint|p2a: Gengar\n|cant|p1a: Conkeldurr|Disable|Drain Punch\n|move|p2b: Incineroar|Parting Shot|p1a: Conkeldurr\n|-unboost|p1a: Conkeldurr|atk|1\n|-unboost|p1a: Conkeldurr|spa|1\n|\n|t:|1776627600\n|switch|p2b: Sableye|Sableye, L50, F|87/100|[from] Parting Shot\n|\n|-start|p1b: Incineroar|perish2\n|-start|p1a: Conkeldurr|perish2\n|-sideend|p1: u360|move: Tailwind\n|upkeep\n|\n|t:|1776627602\n|switch|p2a: Incineroar|Incineroar, L50, F|67/100\n|-ability|p2a: Incineroar|Intimidate|boost\n|-unboost|p1a: Conkeldurr|atk|1\n|-unboost|p1b: Incineroar|atk|1\n|turn|10\n|\n|t:|1776627620\n|move|p1a: Conkeldurr|Protect|p1a: Conkeldurr\n|-singleturn|p1a: Conkeldurr|Protect\n|move|p2a: Incineroar|Fake Out|p1a: Conkeldurr\n|-activate|p1a: Conkeldurr|move: Protect\n|move|p2b: Sableye|Skill Swap|p2a: Incineroar\n|-activate|p2b: Sableye|Skill Swap|||[of] p2a: Incineroar\n|-ability|p2b: Sableye|Intimidate|boost\n|-unboost|p1a: Conkeldurr|atk|1\n|-unboost|p1b: Incineroar|atk|1\n|move|p1b: Incineroar|Flare Blitz|p2b: Sableye\n|-damage|p2b: Sableye|60/100\n|-damage|p1b: Incineroar|41/100|[from] Recoil\n|\n|-start|p1b: Incineroar|perish1\n|-start|p1a: Conkeldurr|perish1\n|upkeep\n|turn|11\n|-message|u360 forfeited.\n|\n|win|XavBoII\n|raw|u360's rating: 1002 &rarr; <strong>1000</strong><br />(-2 for losing)\n|raw|XavBoII's rating: 1076 &rarr; <strong>1099</strong><br />(+23 for winning)\n|l|\u2606u360\n|player|p1|\n",
  "uploadtime": 1776627643,
  "views": 17,
  "formatid": "gen9championsvgc2026regma",
  "rating": 1000,
  "private": 0,
  "password": null
}