{
  "id": "gen9championsvgc2026regma-2583992184",
  "format": "[Gen 9 Champions] VGC 2026 Reg M-A",
  "players": [
    "ibenja2",
    "fwoompie"
  ],
  "log": "|j|\u2606ibenja2\n|j|\u2606fwoompie\n|t:|1776214853\n|gametype|doubles\n|player|p1|ibenja2|nate|1077\n|player|p2|fwoompie|hiker-gen4|1156\n|gen|9\n|tier|[Gen 9 Champions] VGC 2026 Reg M-A\n|rated|\n|rule|Species Clause: Limit one of each Pok\u00e9mon\n|rule|Item Clause: Limit 1 of each item\n|clearpoke\n|poke|p1|Tyranitar, L50, M|\n|poke|p1|Incineroar, L50, M|\n|poke|p1|Aerodactyl, L50, F|\n|poke|p1|Sinistcha, L50|\n|poke|p1|Sneasler, L50, F|\n|poke|p1|Rotom-Wash, L50|\n|poke|p2|Froslass, L50, F|\n|poke|p2|Beartic, L50, M|\n|poke|p2|Volcarona, L50, F|\n|poke|p2|Rotom-Wash, L50|\n|poke|p2|Whimsicott, L50, M|\n|poke|p2|Glimmora, L50, M|\n|teampreview|4\n|inactive|Battle timer is ON: inactive players will automatically lose when time's up. (requested by fwoompie)\n|c|\u2606fwoompie|Good luck\nibenja2 has agreed to open team sheets.\nfwoompie has agreed to open team sheets.\n|showteam|p1|Tyranitar||ChopleBerry|SandStream|RockSlide,HighHorsepower,Protect,LowKick|||M|||50|]Incineroar||SitrusBerry|Intimidate|FakeOut,PartingShot,FlareBlitz,ThroatChop|||M|||50|]Aerodactyl||Aerodactylite|Unnerve|Tailwind,DualWingbeat,RockSlide,Protect|||F|||50|]Sinistcha||Leftovers|Hospitality|LifeDew,RagePowder,MatchaGotcha,Protect||||||50|]Sneasler||WhiteHerb|Unburden|Feint,DireClaw,CloseCombat,FakeOut|||F|||50|]Rotom-Wash||ChoiceScarf|Levitate|Thunderbolt,Electroweb,HydroPump,Trick||||||50|\n|showteam|p2|Froslass||Froslassite|SnowCloak|Blizzard,AuroraVeil,ShadowBall,Protect|||F|||50|]Beartic||WhiteHerb|SlushRush|IcicleCrash,IcyWind,Liquidation,Protect|||M|||50|]Volcarona||Leftovers|FlameBody|StruggleBug,RagePowder,FieryDance,Protect|||F|||50|]Rotom-Wash||SitrusBerry|Levitate|Electroweb,VoltSwitch,HydroPump,Protect||||||50|]Whimsicott||FocusSash|Prankster|Tailwind,Moonblast,Encore,Protect|||M|||50|]Glimmora||Glimmoranite|ToxicDebris|SludgeBomb,PowerGem,EarthPower,SpikyShield|||M|||50|\n|inactive|ibenja2 has 60 seconds left.\n|inactive|ibenja2 has 30 seconds left.\n|inactive|ibenja2 has 20 seconds left.\n|inactive|ibenja2 has 15 seconds left.\n|\n|t:|1776214929\n|teamsize|p1|4\n|teamsize|p2|4\n|start\n|switch|p1a: Aerodactyl|Aerodactyl, L50, F|100/100\n|switch|p1b: Sneasler|Sneasler, L50, F|100/100\n|switch|p2a: Glimmora|Glimmora, L50, M|100/100\n|switch|p2b: Whimsicott|Whimsicott, L50, M|100/100\n|-ability|p1a: Aerodactyl|Unnerve\n|turn|1\n|c|\u2606fwoompie|No good luck :(\n|inactive|ibenja2 has 30 seconds left.\n|inactive|ibenja2 has 20 seconds left.\n|inactive|ibenja2 has 15 seconds left.\n|inactive|ibenja2 has 10 seconds left.\n|inactive|ibenja2 has 5 seconds left.\n|\n|t:|1776214981\n|switch|p2b: Rotom|Rotom-Wash, L50, shiny|100/100\n|detailschange|p1a: Aerodactyl|Aerodactyl-Mega, L50, F\n|-mega|p1a: Aerodactyl|Aerodactyl|Aerodactylite\n|move|p1b: Sneasler|Fake Out|p2a: Glimmora\n|-resisted|p2a: Glimmora|1\n|-damage|p2a: Glimmora|92/100\n|-activate|p2a: Glimmora|ability: Toxic Debris\n|-sidestart|p1: ibenja2|move: Toxic Spikes\n|move|p1a: Aerodactyl|Tailwind|p1a: Aerodactyl\n|-sidestart|p1: ibenja2|move: Tailwind\n|cant|p2a: Glimmora|flinch\n|\n|upkeep\n|turn|2\n|inactive|ibenja2 has 30 seconds left.\n|inactive|ibenja2 has 20 seconds left.\n|\n|t:|1776215020\n|move|p2a: Glimmora|Spiky Shield|p2a: Glimmora\n|-singleturn|p2a: Glimmora|move: Protect\n|move|p1a: Aerodactyl|Rock Slide|p2a: Glimmora|[spread] p2b\n|-activate|p2a: Glimmora|move: Protect\n|-damage|p2b: Rotom|68/100\n|move|p1b: Sneasler|Close Combat|p2a: Glimmora\n|-activate|p2a: Glimmora|move: Protect\n|-damage|p1b: Sneasler|88/100|[from] Spiky Shield|[of] p2a: Glimmora\n|cant|p2b: Rotom|flinch\n|\n|upkeep\n|turn|3\n|inactive|ibenja2 has 30 seconds left.\n|\n|t:|1776215050\n|switch|p2a: Whimsicott|Whimsicott, L50, M|100/100\n|move|p1a: Aerodactyl|Rock Slide|p2a: Whimsicott|[spread] p2a,p2b\n|-crit|p2a: Whimsicott\n|-damage|p2a: Whimsicott|29/100\n|-damage|p2b: Rotom|37/100\n|-enditem|p2b: Rotom|Sitrus Berry|[eat]\n|-heal|p2b: Rotom|62/100|[from] item: Sitrus Berry\n|move|p1b: Sneasler|Dire Claw|p2a: Whimsicott\n|-supereffective|p2a: Whimsicott|2\n|-damage|p2a: Whimsicott|0 fnt\n|faint|p2a: Whimsicott\n|cant|p2b: Rotom|flinch\n|\n|upkeep\n|c|\u2606fwoompie|Uhhh\n|\n|t:|1776215064\n|switch|p2a: Glimmora|Glimmora, L50, M|92/100\n|turn|4\n|inactive|ibenja2 has 30 seconds left.\n|inactive|ibenja2 has 20 seconds left.\n|\n|t:|1776215099\n|switch|p1b: Tyranitar|Tyranitar, L50, M|100/100\n|-status|p1b: Tyranitar|psn\n|-weather|Sandstorm|[from] ability: Sand Stream|[of] p1b: Tyranitar\n|move|p1a: Aerodactyl|Protect|p1a: Aerodactyl\n|-singleturn|p1a: Aerodactyl|Protect\n|move|p2a: Glimmora|Spiky Shield|p2a: Glimmora\n|-singleturn|p2a: Glimmora|move: Protect\n|move|p2b: Rotom|Hydro Pump|p1a: Aerodactyl\n|-activate|p1a: Aerodactyl|move: Protect\n|\n|-weather|Sandstorm|[upkeep]\n|-damage|p2b: Rotom|57/100|[from] Sandstorm\n|-damage|p1b: Tyranitar|88/100 psn|[from] psn\n|-sideend|p1: ibenja2|move: Tailwind\n|upkeep\n|turn|5\n|inactive|ibenja2 has 30 seconds left.\n|\n|t:|1776215130\n|switch|p2a: Volcarona|Volcarona, L50, F|100/100\n|move|p1a: Aerodactyl|Tailwind|p1a: Aerodactyl\n|-sidestart|p1: ibenja2|move: Tailwind\n|move|p1b: Tyranitar|High Horsepower|p2a: Volcarona\n|-damage|p2a: Volcarona|57/100\n|move|p2b: Rotom|Electroweb|p1a: Aerodactyl|[spread] p1a,p1b\n|-supereffective|p1a: Aerodactyl|1\n|-crit|p1a: Aerodactyl\n|-damage|p1a: Aerodactyl|57/100\n|-damage|p1b: Tyranitar|77/100 psn\n|-unboost|p1a: Aerodactyl|spe|1\n|-unboost|p1b: Tyranitar|spe|1\n|\n|-weather|Sandstorm|[upkeep]\n|-damage|p2a: Volcarona|51/100|[from] Sandstorm\n|-damage|p2b: Rotom|51/100|[from] Sandstorm\n|-heal|p2a: Volcarona|57/100|[from] item: Leftovers\n|-damage|p1b: Tyranitar|65/100 psn|[from] psn\n|upkeep\n|turn|6\n|inactive|ibenja2 has 30 seconds left.\n|inactive|ibenja2 has 20 seconds left.\n|inactive|ibenja2 has 15 seconds left.\n|\n|t:|1776215171\n|move|p1a: Aerodactyl|Protect|p1a: Aerodactyl\n|-singleturn|p1a: Aerodactyl|Protect\n|move|p2a: Volcarona|Protect|p2a: Volcarona\n|-singleturn|p2a: Volcarona|Protect\n|move|p1b: Tyranitar|Rock Slide|p2a: Volcarona|[spread] p2b\n|-activate|p2a: Volcarona|move: Protect\n|-damage|p2b: Rotom|20/100\n|cant|p2b: Rotom|flinch\n|\n|-weather|Sandstorm|[upkeep]\n|-damage|p2a: Volcarona|51/100|[from] Sandstorm\n|-damage|p2b: Rotom|15/100|[from] Sandstorm\n|-heal|p2a: Volcarona|57/100|[from] item: Leftovers\n|-damage|p1b: Tyranitar|53/100 psn|[from] psn\n|upkeep\n|turn|7\n|inactive|ibenja2 has 30 seconds left.\n|\n|t:|1776215199\n|switch|p1b: Sneasler|Sneasler, L50, F|88/100\n|-sideend|p1: ibenja2|move: Toxic Spikes|[of] p1b: Sneasler\n|switch|p2a: Glimmora|Glimmora, L50, M|92/100\n|move|p2b: Rotom|Protect|p2b: Rotom\n|-singleturn|p2b: Rotom|Protect\n|move|p1a: Aerodactyl|Rock Slide|p2a: Glimmora|[spread] p2a\n|-activate|p2b: Rotom|move: Protect\n|-damage|p2a: Glimmora|57/100\n|-activate|p2a: Glimmora|ability: Toxic Debris\n|-sidestart|p1: ibenja2|move: Toxic Spikes\n|\n|-weather|Sandstorm|[upkeep]\n|-damage|p1b: Sneasler|82/100|[from] Sandstorm\n|-damage|p2b: Rotom|9/100|[from] Sandstorm\n|upkeep\n|turn|8\n|inactive|ibenja2 has 30 seconds left.\n|\n|t:|1776215233\n|switch|p2a: Volcarona|Volcarona, L50, F|57/100\n|move|p1b: Sneasler|Feint|p2a: Volcarona\n|-damage|p2a: Volcarona|44/100\n|move|p1a: Aerodactyl|Rock Slide|p2a: Volcarona|[spread] p2a\n|-miss|p1a: Aerodactyl|p2b: Rotom\n|-supereffective|p2a: Volcarona|2\n|-damage|p2a: Volcarona|0 fnt\n|faint|p2a: Volcarona\n|move|p2b: Rotom|Volt Switch|p1a: Aerodactyl\n|-supereffective|p1a: Aerodactyl|1\n|-damage|p1a: Aerodactyl|6/100\n|\n|t:|1776215241\n|switch|p2b: Glimmora|Glimmora, L50, M|57/100|[from] Volt Switch\n|\n|-weather|none\n|-sideend|p1: ibenja2|move: Tailwind\n|upkeep\n|\n|t:|1776215242\n|switch|p2a: Rotom|Rotom-Wash, L50, shiny|9/100\n|turn|9\n|inactive|ibenja2 has 30 seconds left.\n|inactive|ibenja2 has 20 seconds left.\n|inactive|ibenja2 has 15 seconds left.\n|inactive|ibenja2 has 10 seconds left.\n|inactive|ibenja2 has 5 seconds left.\n|\n|t:|1776215296\n|switch|p1b: Incineroar|Incineroar, L50, M|100/100\n|-status|p1b: Incineroar|psn\n|-ability|p1b: Incineroar|Intimidate|boost\n|-unboost|p2a: Rotom|atk|1\n|-unboost|p2b: Glimmora|atk|1\n|detailschange|p2b: Glimmora|Glimmora-Mega, L50, M\n|-mega|p2b: Glimmora|Glimmora|Glimmoranite\n|move|p2b: Glimmora|Earth Power|p1b: Incineroar\n|-supereffective|p1b: Incineroar|1\n|-damage|p1b: Incineroar|34/100 psn\n|-enditem|p1b: Incineroar|Sitrus Berry|[eat]\n|-heal|p1b: Incineroar|59/100 psn|[from] item: Sitrus Berry\n|move|p1a: Aerodactyl|Tailwind|p1a: Aerodactyl\n|-sidestart|p1: ibenja2|move: Tailwind\n|move|p2a: Rotom|Electroweb|p1b: Incineroar|[spread] p1a,p1b\n|-supereffective|p1a: Aerodactyl|1\n|-damage|p1a: Aerodactyl|0 fnt\n|-damage|p1b: Incineroar|41/100 psn\n|-unboost|p1b: Incineroar|spe|1\n|faint|p1a: Aerodactyl\n|\n|-damage|p1b: Incineroar|29/100 psn|[from] psn\n|upkeep\n|\n|t:|1776215316\n|switch|p1a: Sneasler|Sneasler, L50, F|82/100\n|-sideend|p1: ibenja2|move: Toxic Spikes|[of] p1a: Sneasler\n|turn|10\n|inactive|ibenja2 has 30 seconds left.\n|\n|t:|1776215349\n|move|p2b: Glimmora|Spiky Shield|p2b: Glimmora\n|-singleturn|p2b: Glimmora|move: Protect\n|move|p2a: Rotom|Protect|p2a: Rotom\n|-singleturn|p2a: Rotom|Protect\n|move|p1a: Sneasler|Fake Out|p2a: Rotom\n|-activate|p2a: Rotom|move: Protect\n|move|p1b: Incineroar|Parting Shot|p2b: Glimmora\n|-activate|p2b: Glimmora|move: Protect\n|\n|-damage|p1b: Incineroar|16/100 psn|[from] psn\n|upkeep\n|turn|11\n|inactive|ibenja2 has 30 seconds left.\n|\n|t:|1776215375\n|move|p1a: Sneasler|Close Combat|p2b: Glimmora\n|-damage|p2b: Glimmora|0 fnt\n|-unboost|p1a: Sneasler|def|1\n|-unboost|p1a: Sneasler|spd|1\n|faint|p2b: Glimmora\n|-enditem|p1a: Sneasler|White Herb\n|-clearnegativeboost|p1a: Sneasler|[silent]\n|move|p1b: Incineroar|Throat Chop|p2a: Rotom\n|-damage|p2a: Rotom|0 fnt\n|faint|p2a: Rotom\n|\n|win|ibenja2\n|raw|ibenja2's rating: 1077 &rarr; <strong>1112</strong><br />(+35 for winning)\n|raw|fwoompie's rating: 1156 &rarr; <strong>1125</strong><br />(-31 for losing)\n|c|\u2606fwoompie|Gg\n|l|\u2606fwoompie\n|player|p2|\n",
  "uploadtime": 1776215478,
  "views": 24,
  "formatid": "gen9championsvgc2026regma",
  "rating": 1112,
  "private": 0,
  "password": null
}