{
  "id": "gen9championsvgc2026regma-2586873331",
  "format": "[Gen 9 Champions] VGC 2026 Reg M-A",
  "players": [
    "bastLast16",
    "SunTufo"
  ],
  "log": "|j|\u2606bastLast16\n|j|\u2606SunTufo\n|t:|1776467338\n|gametype|doubles\n|player|p1|bastLast16|1|1286\n|player|p2|SunTufo|li|1255\n|gen|9\n|tier|[Gen 9 Champions] VGC 2026 Reg M-A\n|rated|\n|rule|Species Clause: Limit one of each Pok\u00e9mon\n|rule|Item Clause: Limit 1 of each item\n|clearpoke\n|poke|p1|Delphox, L50, M|\n|poke|p1|Rotom-Wash, L50|\n|poke|p1|Sneasler, L50, F|\n|poke|p1|Garchomp, L50, F|\n|poke|p1|Quaquaval, L50, F|\n|poke|p1|Meowscarada, L50, F|\n|poke|p2|Aerodactyl, L50, M|\n|poke|p2|Floette-Eternal, L50, F|\n|poke|p2|Incineroar, L50, F|\n|poke|p2|Sinistcha-Masterpiece, L50|\n|poke|p2|Sneasler, L50, F|\n|poke|p2|Kingambit, L50, M|\n|teampreview|4\n|inactive|Battle timer is ON: inactive players will automatically lose when time's up. (requested by SunTufo)\n|inactive|bastLast16 has 60 seconds left.\n|inactive|SunTufo has 60 seconds left.\n|\n|t:|1776467382\n|teamsize|p1|4\n|teamsize|p2|4\n|start\n|switch|p1a: Quaquaval|Quaquaval, L50, F|100/100\n|switch|p1b: Sneasler|Sneasler, L50, F|100/100\n|switch|p2a: Floette|Floette-Eternal, L50, F|100/100\n|switch|p2b: Sneasler|Sneasler, L50, F|100/100\n|turn|1\n|inactive|bastLast16 has 30 seconds left.\n|inactive|bastLast16 has 20 seconds left.\n|\n|t:|1776467420\n|detailschange|p2a: Floette|Floette-Mega, L50, F\n|-mega|p2a: Floette|Floette|Floettite\n|-ability|p2a: Floette|Fairy Aura\n|move|p2b: Sneasler|Fake Out|p1b: Sneasler\n|-damage|p1b: Sneasler|77/100\n|cant|p1b: Sneasler|flinch\n|move|p2a: Floette|Moonblast|p1a: Quaquaval\n|-supereffective|p1a: Quaquaval|1\n|-damage|p1a: Quaquaval|0 fnt\n|faint|p1a: Quaquaval\n|\n|upkeep\n|\n|t:|1776467437\n|switch|p1a: Delphox|Delphox, L50, M|100/100\n|turn|2\n|\n|t:|1776467460\n|detailschange|p1a: Delphox|Delphox-Mega, L50, M\n|-mega|p1a: Delphox|Delphox|Delphoxite\n|move|p2a: Floette|Protect|p2a: Floette\n|-singleturn|p2a: Floette|Protect\n|move|p1b: Sneasler|Dire Claw|p2a: Floette\n|-activate|p2a: Floette|move: Protect\n|move|p2b: Sneasler|Dire Claw|p1b: Sneasler\n|-resisted|p1b: Sneasler|1\n|-damage|p1b: Sneasler|42/100\n|move|p1a: Delphox|Psychic|p2b: Sneasler\n|-supereffective|p2b: Sneasler|2\n|-damage|p2b: Sneasler|0 fnt\n|faint|p2b: Sneasler\n|\n|upkeep\n|\n|t:|1776467467\n|switch|p2b: Aerodactyl|Aerodactyl, L50, M|100/100\n|-ability|p2b: Aerodactyl|Unnerve\n|turn|3\n|inactive|bastLast16 has 30 seconds left.\n|\n|t:|1776467492\n|move|p2b: Aerodactyl|Tailwind|p2b: Aerodactyl\n|-sidestart|p2: SunTufo|move: Tailwind\n|move|p2a: Floette|Moonblast|p1b: Sneasler\n|-damage|p1b: Sneasler|0 fnt\n|faint|p1b: Sneasler\n|move|p1a: Delphox|Mystical Fire|p2a: Floette\n|-damage|p2a: Floette|62/100\n|-unboost|p2a: Floette|spa|1\n|\n|upkeep\n|\n|t:|1776467497\n|switch|p1b: Garchomp|Garchomp, L50, F|100/100\n|turn|4\n|\n|t:|1776467510\n|move|p1a: Delphox|Protect|p1a: Delphox\n|-singleturn|p1a: Delphox|Protect\n|move|p2b: Aerodactyl|Rock Slide|p1a: Delphox|[spread] p1b\n|-activate|p1a: Delphox|move: Protect\n|-resisted|p1b: Garchomp|1\n|-damage|p1b: Garchomp|87/100\n|move|p2a: Floette|Moonblast|p1b: Garchomp\n|-supereffective|p1b: Garchomp|1\n|-damage|p1b: Garchomp|0 fnt\n|faint|p1b: Garchomp\n|\n|upkeep\n|turn|5\n|-message|bastLast16 forfeited.\n|\n|win|SunTufo\n|raw|bastLast16's rating: 1286 &rarr; <strong>1259</strong><br />(-27 for losing)\n|raw|SunTufo's rating: 1255 &rarr; <strong>1282</strong><br />(+27 for winning)\n",
  "uploadtime": 1776467520,
  "views": 30,
  "formatid": "gen9championsvgc2026regma",
  "rating": 1259,
  "private": 0,
  "password": null
}