{
  "id": "gen9championsvgc2026regma-2586537654",
  "format": "[Gen 9 Champions] VGC 2026 Reg M-A",
  "players": [
    "sirae",
    "ziegz"
  ],
  "log": "|j|\u2606sirae\n|j|\u2606ziegz\n|t:|1776441516\n|gametype|doubles\n|player|p1|sirae|caitlin|1100\n|player|p2|ziegz|169|1141\n|gen|9\n|tier|[Gen 9 Champions] VGC 2026 Reg M-A\n|rated|\n|rule|Species Clause: Limit one of each Pok\u00e9mon\n|rule|Item Clause: Limit 1 of each item\n|clearpoke\n|poke|p1|Gengar, L50, F|\n|poke|p1|Farigiraf, L50, F|\n|poke|p1|Incineroar, L50, F|\n|poke|p1|Sylveon, L50, F|\n|poke|p1|Sinistcha, L50|\n|poke|p1|Feraligatr, L50, F|\n|poke|p2|Sneasler, L50, F|\n|poke|p2|Incineroar, L50, F|\n|poke|p2|Kingambit, L50, F|\n|poke|p2|Floette-Eternal, L50, F|\n|poke|p2|Aerodactyl, L50, F|\n|poke|p2|Delphox, L50, F|\n|teampreview|4\n|inactive|Battle timer is ON: inactive players will automatically lose when time's up. (requested by sirae)\n|inactive|sirae has 60 seconds left.\n|\n|t:|1776441565\n|teamsize|p1|4\n|teamsize|p2|4\n|start\n|switch|p1a: Gengar|Gengar, L50, F|100/100\n|switch|p1b: Incineroar|Incineroar, L50, F|100/100\n|switch|p2a: Sneasler|Sneasler, L50, F|100/100\n|switch|p2b: Delphox|Delphox, L50, F|100/100\n|-ability|p2a: Sneasler|Pressure\n|-ability|p1b: Incineroar|Intimidate|boost\n|-unboost|p2a: Sneasler|atk|1\n|-unboost|p2b: Delphox|atk|1\n|-enditem|p2a: Sneasler|White Herb\n|-clearnegativeboost|p2a: Sneasler|[silent]\n|turn|1\n|inactive|sirae has 30 seconds left.\n|\n|t:|1776441593\n|switch|p1b: Sylveon|Sylveon, L50, F|100/100\n|detailschange|p2b: Delphox|Delphox-Mega, L50, F\n|-mega|p2b: Delphox|Delphox|Delphoxite\n|move|p1a: Gengar|Protect|p1a: Gengar\n|-singleturn|p1a: Gengar|Protect\n|move|p2a: Sneasler|Fake Out|p1b: Sylveon\n|-damage|p1b: Sylveon|80/100\n|move|p2b: Delphox|Psychic|p1a: Gengar\n|-activate|p1a: Gengar|move: Protect\n|\n|upkeep\n|turn|2\n|\n|t:|1776441614\n|switch|p1a: Incineroar|Incineroar, L50, F|100/100\n|-ability|p1a: Incineroar|Intimidate|boost\n|-unboost|p2a: Sneasler|atk|1\n|-unboost|p2b: Delphox|atk|1\n|move|p2b: Delphox|Psychic|p1a: Incineroar\n|-immune|p1a: Incineroar\n|move|p2a: Sneasler|Dire Claw|p1b: Sylveon\n|-supereffective|p1b: Sylveon|1\n|-damage|p1b: Sylveon|0 fnt\n|faint|p1b: Sylveon\n|\n|upkeep\n|\n|t:|1776441627\n|switch|p1b: Feraligatr|Feraligatr, L50, F|100/100\n|turn|3\n|\n|t:|1776441645\n|switch|p2b: Incineroar|Incineroar, L50, F|100/100\n|-ability|p2b: Incineroar|Intimidate|boost\n|-unboost|p1a: Incineroar|atk|1\n|-unboost|p1b: Feraligatr|atk|1\n|detailschange|p1b: Feraligatr|Feraligatr-Mega, L50, F\n|-mega|p1b: Feraligatr|Feraligatr|Feraligite\n|move|p2a: Sneasler|Protect|p2a: Sneasler\n|-singleturn|p2a: Sneasler|Protect\n|move|p1a: Incineroar|Fake Out|p2a: Sneasler\n|-activate|p2a: Sneasler|move: Protect\n|move|p1b: Feraligatr|Liquidation|p2b: Incineroar\n|-supereffective|p2b: Incineroar|1\n|-enditem|p2b: Incineroar|Passho Berry|[eat]\n|-enditem|p2b: Incineroar|Passho Berry|[weaken]\n|-damage|p2b: Incineroar|69/100\n|\n|upkeep\n|turn|4\n|\n|t:|1776441669\n|switch|p2a: Kingambit|Kingambit, L50, F|100/100\n|switch|p1a: Gengar|Gengar, L50, F|100/100\n|move|p1b: Feraligatr|Liquidation|p2a: Kingambit\n|-damage|p2a: Kingambit|74/100\n|move|p2b: Incineroar|Parting Shot|p1b: Feraligatr\n|-unboost|p1b: Feraligatr|atk|1\n|-unboost|p1b: Feraligatr|spa|1\n|\n|t:|1776441681\n|switch|p2b: Delphox|Delphox-Mega, L50, F|100/100|[from] Parting Shot\n|\n|upkeep\n|turn|5\n|\n|t:|1776441698\n|move|p1a: Gengar|Protect|p1a: Gengar\n|-singleturn|p1a: Gengar|Protect\n|move|p2a: Kingambit|Sucker Punch||[still]\n|-fail|p2a: Kingambit\n|move|p2b: Delphox|Nasty Plot|p2b: Delphox\n|-boost|p2b: Delphox|spa|2\n|move|p1b: Feraligatr|Liquidation|p2b: Delphox\n|-supereffective|p2b: Delphox|1\n|-damage|p2b: Delphox|22/100\n|\n|upkeep\n|turn|6\n|\n|t:|1776441716\n|move|p1b: Feraligatr|Aqua Jet|p2b: Delphox\n|-supereffective|p2b: Delphox|1\n|-damage|p2b: Delphox|0 fnt\n|faint|p2b: Delphox\n|move|p2a: Kingambit|Sucker Punch||[still]\n|-fail|p2a: Kingambit\n|move|p1a: Gengar|Disable|p2a: Kingambit\n|-start|p2a: Kingambit|Disable|Sucker Punch\n|\n|upkeep\n|\n|t:|1776441728\n|switch|p2b: Sneasler|Sneasler, L50, F|100/100\n|-ability|p2b: Sneasler|Pressure\n|turn|7\n|\n|t:|1776441744\n|move|p1a: Gengar|Protect|p1a: Gengar\n|-singleturn|p1a: Gengar|Protect\n|move|p2b: Sneasler|Close Combat|p1b: Feraligatr\n|-damage|p1b: Feraligatr|48/100\n|-unboost|p2b: Sneasler|def|1\n|-unboost|p2b: Sneasler|spd|1\n|move|p1b: Feraligatr|Body Slam|p2b: Sneasler\n|-damage|p2b: Sneasler|18/100\n|move|p2a: Kingambit|Iron Head|p1a: Gengar\n|-activate|p1a: Gengar|move: Protect\n|\n|upkeep\n|turn|8\n|\n|t:|1776441767\n|switch|p1a: Incineroar|Incineroar, L50, F|100/100\n|-ability|p1a: Incineroar|Intimidate|boost\n|-unboost|p2a: Kingambit|atk|1\n|-ability|p2a: Kingambit|Defiant|boost\n|-boost|p2a: Kingambit|atk|2\n|-unboost|p2b: Sneasler|atk|1\n|switch|p2a: Incineroar|Incineroar, L50, F|69/100\n|-ability|p2a: Incineroar|Intimidate|boost\n|-unboost|p1a: Incineroar|atk|1\n|-unboost|p1b: Feraligatr|atk|1\n|move|p1b: Feraligatr|Aqua Jet|p2b: Sneasler\n|-damage|p2b: Sneasler|0 fnt\n|faint|p2b: Sneasler\n|\n|upkeep\n|\n|t:|1776441780\n|switch|p2b: Kingambit|Kingambit, L50, F|74/100\n|turn|9\n|\n|t:|1776441790\n|switch|p1b: Gengar|Gengar, L50, F|100/100\n|move|p1a: Incineroar|Fake Out|p2b: Kingambit\n|-resisted|p2b: Kingambit|1\n|-damage|p2b: Kingambit|71/100\n|move|p2a: Incineroar|Fake Out|p1a: Incineroar\n|-damage|p1a: Incineroar|88/100\n|cant|p2b: Kingambit|flinch\n|\n|upkeep\n|turn|10\n|\n|t:|1776441802\n|move|p1b: Gengar|Perish Song|p1b: Gengar\n|-start|p1a: Incineroar|perish3|[silent]\n|-start|p1b: Gengar|perish3|[silent]\n|-start|p2a: Incineroar|perish3|[silent]\n|-start|p2b: Kingambit|perish3|[silent]\n|-fieldactivate|move: Perish Song\n|move|p1a: Incineroar|Flare Blitz|p2b: Kingambit\n|-supereffective|p2b: Kingambit|1\n|-damage|p2b: Kingambit|15/100\n|-damage|p1a: Incineroar|66/100|[from] Recoil\n|move|p2a: Incineroar|Darkest Lariat|p1b: Gengar\n|-supereffective|p1b: Gengar|1\n|-damage|p1b: Gengar|0 fnt\n|-start|p2a: Incineroar|Disable|Darkest Lariat|[from] ability: Cursed Body|[of] p1b: Gengar\n|faint|p1b: Gengar\n|move|p2b: Kingambit|Low Kick|p1a: Incineroar\n|-supereffective|p1a: Incineroar|1\n|-damage|p1a: Incineroar|0 fnt\n|faint|p1a: Incineroar\n|\n|-start|p2a: Incineroar|perish3\n|-start|p2b: Kingambit|perish3\n|upkeep\n|\n|t:|1776441819\n|switch|p1a: Feraligatr|Feraligatr-Mega, L50, F|48/100\n|turn|11\n|\n|t:|1776441827\n|move|p1a: Feraligatr|Protect|p1a: Feraligatr\n|-singleturn|p1a: Feraligatr|Protect\n|move|p2b: Kingambit|Sucker Punch||[still]\n|-fail|p2b: Kingambit\n|move|p2a: Incineroar|Flare Blitz|p1a: Feraligatr\n|-activate|p1a: Feraligatr|move: Protect\n|\n|-start|p2a: Incineroar|perish2\n|-start|p2b: Kingambit|perish2\n|upkeep\n|turn|12\n|\n|t:|1776441839\n|move|p1a: Feraligatr|Aqua Jet|p2b: Kingambit\n|-damage|p2b: Kingambit|0 fnt\n|faint|p2b: Kingambit\n|move|p2a: Incineroar|Flare Blitz|p1a: Feraligatr\n|-resisted|p1a: Feraligatr|2\n|-damage|p1a: Feraligatr|37/100\n|-damage|p2a: Incineroar|66/100|[from] Recoil\n|\n|-start|p2a: Incineroar|perish1\n|upkeep\n|turn|13\n|-message|ziegz forfeited.\n|\n|win|sirae\n|raw|sirae's rating: 1100 &rarr; <strong>1128</strong><br />(+28 for winning)\n|raw|ziegz's rating: 1141 &rarr; <strong>1113</strong><br />(-28 for losing)\n|l|\u2606ziegz\n|player|p2|\n",
  "uploadtime": 1776441846,
  "views": 33,
  "formatid": "gen9championsvgc2026regma",
  "rating": 1113,
  "private": 0,
  "password": null
}