{
  "id": "gen9championsvgc2026regma-2580896422",
  "format": "[Gen 9 Champions] VGC 2026 Reg M-A",
  "players": [
    "Seanketchum",
    "LitteNinja"
  ],
  "log": "|j|\u2606Seanketchum\n|j|\u2606LitteNinja\n|t:|1775941394\n|gametype|doubles\n|player|p1|Seanketchum|pokefan|1026\n|player|p2|LitteNinja|265|1064\n|gen|9\n|tier|[Gen 9 Champions] VGC 2026 Reg M-A\n|rated|\n|rule|Species Clause: Limit one of each Pok\u00e9mon\n|rule|Item Clause: Limit 1 of each item\n|clearpoke\n|poke|p1|Maushold, L50|\n|poke|p1|Raichu-Alola, L50, F|\n|poke|p1|Delphox, L50, F|\n|poke|p1|Sableye, L50, F|\n|poke|p1|Tauros-Paldea-Aqua, L50, M|\n|poke|p1|Kommo-o, L50, M|\n|poke|p2|Excadrill, L50, M|\n|poke|p2|Aerodactyl, L50, M|\n|poke|p2|Primarina, L50, F|\n|poke|p2|Tyranitar, L50, M|\n|poke|p2|Incineroar, L50, M|\n|poke|p2|Zoroark-Hisui, L50, F|\n|teampreview|4\n|inactive|Battle timer is ON: inactive players will automatically lose when time's up. (requested by LitteNinja)\n|\n|t:|1775941422\n|teamsize|p1|4\n|teamsize|p2|4\n|start\n|switch|p1a: Maushold|Maushold, L50|100/100\n|switch|p1b: Raichu|Raichu-Alola, L50, F|100/100\n|switch|p2a: Primarina|Primarina, L50, F|100/100\n|switch|p2b: Excadrill|Excadrill, L50, M|100/100\n|turn|1\n|\n|t:|1775941439\n|switch|p2a: Excadrill|Excadrill, L50, M|100/100\n|move|p1a: Maushold|Follow Me|p1a: Maushold\n|-singleturn|p1a: Maushold|move: Follow Me\n|move|p2b: Excadrill|Nasty Plot|p2b: Excadrill\n|-boost|p2b: Excadrill|spa|2\n|move|p1b: Raichu|Psychic Terrain|p1b: Raichu\n|-fieldstart|move: Psychic Terrain\n|\n|upkeep\n|turn|2\n|inactive|Seanketchum has 30 seconds left.\n|inactive|Seanketchum has 20 seconds left.\n|inactive|Seanketchum has 15 seconds left.\n|\n|t:|1775941479\n|switch|p1b: Kommo-o|Kommo-o, L50, M|100/100\n|move|p1a: Maushold|Protect|p1a: Maushold\n|-singleturn|p1a: Maushold|Protect\n|move|p2b: Excadrill|Hyper Voice|p1a: Maushold|[spread] \n|-activate|p1a: Maushold|move: Protect\n|-immune|p1b: Kommo-o|[from] ability: Soundproof\n|move|p2a: Excadrill|Swords Dance|p2a: Excadrill\n|-boost|p2a: Excadrill|atk|2\n|\n|upkeep\n|turn|3\n|\n|t:|1775941502\n|switch|p2b: Tyranitar|Tyranitar, L50, M|100/100\n|-weather|Sandstorm|[from] ability: Sand Stream|[of] p2b: Tyranitar\n|move|p1a: Maushold|Follow Me|p1a: Maushold\n|-singleturn|p1a: Maushold|move: Follow Me\n|move|p2a: Excadrill|High Horsepower|p1a: Maushold\n|-damage|p1a: Maushold|0 fnt\n|faint|p1a: Maushold\n|move|p1b: Kommo-o|Clangorous Soul|p1b: Kommo-o\n|-boost|p1b: Kommo-o|atk|1\n|-boost|p1b: Kommo-o|def|1\n|-boost|p1b: Kommo-o|spa|1\n|-boost|p1b: Kommo-o|spd|1\n|-boost|p1b: Kommo-o|spe|1\n|-damage|p1b: Kommo-o|68/100\n|\n|-weather|Sandstorm|[upkeep]\n|-damage|p1b: Kommo-o|62/100|[from] Sandstorm\n|upkeep\n|\n|t:|1775941525\n|switch|p1a: Sableye|Sableye, L50, F|100/100\n|turn|4\n|\n|t:|1775941542\n|move|p2b: Tyranitar|Protect|p2b: Tyranitar\n|-singleturn|p2b: Tyranitar|Protect\n|move|p1a: Sableye|Fake Out|p2a: Excadrill\n|-activate|p2a: Excadrill|move: Psychic Terrain\n|move|p2a: Excadrill|High Horsepower|p1b: Kommo-o\n|-damage|p1b: Kommo-o|0 fnt\n|faint|p1b: Kommo-o\n|\n|-weather|Sandstorm|[upkeep]\n|-damage|p1a: Sableye|95/100|[from] Sandstorm\n|upkeep\n|\n|t:|1775941552\n|switch|p1b: Raichu|Raichu-Alola, L50, F|100/100\n|turn|5\n|\n|t:|1775941567\n|switch|p2b: Primarina|Primarina, L50, F|100/100\n|move|p1a: Sableye|Encore|p2b: Primarina\n|-activate|p2b: Primarina|move: Psychic Terrain\n|move|p2a: Excadrill|High Horsepower|p1b: Raichu\n|-supereffective|p1b: Raichu|1\n|-enditem|p1b: Raichu|Focus Sash\n|-damage|p1b: Raichu|1/100\n|move|p1b: Raichu|Expanding Force|p2b: Primarina|[spread] p2a,p2b\n|-resisted|p2a: Excadrill|1\n|-damage|p2a: Excadrill|72/100\n|-damage|p2b: Primarina|12/100\n|replace|p2b: Zoroark|Zoroark-Hisui, L50, F, shiny\n|-end|p2b: Zoroark|Illusion\n|\n|-weather|Sandstorm|[upkeep]\n|-damage|p1b: Raichu|0 fnt|[from] Sandstorm\n|-damage|p2b: Zoroark|6/100|[from] Sandstorm\n|-damage|p1a: Sableye|89/100|[from] Sandstorm\n|faint|p1b: Raichu\n|-fieldend|move: Psychic Terrain\n|upkeep\n|turn|6\n|-message|Seanketchum forfeited.\n|\n|win|LitteNinja\n|raw|Seanketchum's rating: 1026 &rarr; <strong>1014</strong><br />(-12 for losing)\n|raw|LitteNinja's rating: 1064 &rarr; <strong>1091</strong><br />(+27 for winning)\n|l|\u2606Seanketchum\n|player|p1|\n",
  "uploadtime": 1775941591,
  "views": 12,
  "formatid": "gen9championsvgc2026regma",
  "rating": 1014,
  "private": 0,
  "password": null
}