{
  "id": "gen9championsvgc2026regma-2580645176",
  "format": "[Gen 9 Champions] VGC 2026 Reg M-A",
  "players": [
    "blobbymcgee",
    "RazzvyBerry"
  ],
  "log": "|j|\u2606blobbymcgee\n|j|\u2606RazzvyBerry\n|t:|1775920897\n|gametype|doubles\n|player|p1|blobbymcgee|depotagent|1184\n|player|p2|RazzvyBerry|harlequin|1109\n|gen|9\n|tier|[Gen 9 Champions] VGC 2026 Reg M-A\n|rated|\n|rule|Species Clause: Limit one of each Pok\u00e9mon\n|rule|Item Clause: Limit 1 of each item\n|clearpoke\n|poke|p1|Slowbro, L50, M|\n|poke|p1|Farigiraf, L50, F|\n|poke|p1|Sinistcha, L50|\n|poke|p1|Incineroar, L50, M|\n|poke|p2|Azumarill, L50, F|\n|poke|p2|Froslass, L50, F|\n|poke|p2|Sinistcha, L50|\n|poke|p2|Incineroar, L50, M|\n|poke|p2|Sneasler, L50, M|\n|poke|p2|Arcanine-Hisui, L50, M|\n|teampreview|4\n|inactive|Battle timer is ON: inactive players will automatically lose when time's up. (requested by blobbymcgee)\n|inactive|RazzvyBerry has 60 seconds left.\n|inactive|RazzvyBerry has 30 seconds left.\n|j| jemajore\n|\n|t:|1775920992\n|teamsize|p1|4\n|teamsize|p2|4\n|start\n|switch|p1a: Slowbro|Slowbro, L50, M|100/100\n|switch|p1b: Incineroar|Incineroar, L50, M|100/100\n|switch|p2a: Sneasler|Sneasler, L50, M|100/100\n|switch|p2b: Arcanine|Arcanine-Hisui, L50, M|100/100\n|-ability|p2b: Arcanine|Intimidate|boost\n|-unboost|p1a: Slowbro|atk|1\n|-unboost|p1b: Incineroar|atk|1\n|-ability|p1b: Incineroar|Intimidate|boost\n|-unboost|p2a: Sneasler|atk|1\n|-unboost|p2b: Arcanine|atk|1\n|-enditem|p2a: Sneasler|White Herb\n|-clearnegativeboost|p2a: Sneasler|[silent]\n|turn|1\n|l| jemajore\n|\n|t:|1775921015\n|switch|p1b: Farigiraf|Farigiraf, L50, F|100/100\n|detailschange|p1a: Slowbro|Slowbro-Mega, L50, M\n|-mega|p1a: Slowbro|Slowbro|Slowbronite\n|move|p2a: Sneasler|Fake Out||[still]\n|cant|p1b: Farigiraf|ability: Armor Tail|Fake Out|[of] p2a: Sneasler\n|move|p2b: Arcanine|Head Smash|p1b: Farigiraf\n|-damage|p1b: Farigiraf|46/100\n|-damage|p2b: Arcanine|64/100|[from] Recoil\n|move|p1a: Slowbro|Calm Mind|p1a: Slowbro\n|-boost|p1a: Slowbro|spa|1\n|-boost|p1a: Slowbro|spd|1\n|\n|upkeep\n|turn|2\n|inactive|RazzvyBerry has 30 seconds left.\n|inactive|RazzvyBerry has 20 seconds left.\n|\n|t:|1775921051\n|switch|p1b: Incineroar|Incineroar, L50, M|100/100\n|-ability|p1b: Incineroar|Intimidate|boost\n|-unboost|p2a: Sneasler|atk|1\n|-unboost|p2b: Arcanine|atk|1\n|move|p2a: Sneasler|Dire Claw|p1a: Slowbro\n|-damage|p1a: Slowbro|86/100\n|move|p2b: Arcanine|Head Smash|p1b: Incineroar\n|-supereffective|p1b: Incineroar|1\n|-damage|p1b: Incineroar|27/100\n|-enditem|p1b: Incineroar|Sitrus Berry|[eat]\n|-heal|p1b: Incineroar|52/100|[from] item: Sitrus Berry\n|-damage|p2b: Arcanine|22/100|[from] Recoil\n|move|p1a: Slowbro|Scald|p2b: Arcanine\n|-supereffective|p2b: Arcanine|2\n|-damage|p2b: Arcanine|0 fnt\n|faint|p2b: Arcanine\n|\n|upkeep\n|inactive|RazzvyBerry has 30 seconds left.\n|\n|t:|1775921081\n|switch|p2b: Sinistcha|Sinistcha, L50|100/100\n|turn|3\n|\n|t:|1775921097\n|move|p2a: Sneasler|Protect|p2a: Sneasler\n|-singleturn|p2a: Sneasler|Protect\n|move|p2b: Sinistcha|Protect|p2b: Sinistcha\n|-singleturn|p2b: Sinistcha|Protect\n|move|p1b: Incineroar|Parting Shot|p2b: Sinistcha\n|-activate|p2b: Sinistcha|move: Protect\n|move|p1a: Slowbro|Calm Mind|p1a: Slowbro\n|-boost|p1a: Slowbro|spa|1\n|-boost|p1a: Slowbro|spd|1\n|\n|upkeep\n|turn|4\n|\n|t:|1775921113\n|switch|p1b: Sinistcha|Sinistcha, L50|100/100\n|-heal|p1a: Slowbro|100/100|[from] ability: Hospitality|[of] p1b: Sinistcha\n|move|p2a: Sneasler|Dire Claw|p1a: Slowbro\n|-damage|p1a: Slowbro|88/100\n|-status|p1a: Slowbro|slp\n|move|p2b: Sinistcha|Matcha Gotcha|p1a: Slowbro|[spread] p1a,p1b\n|-supereffective|p1a: Slowbro|1\n|-resisted|p1b: Sinistcha|1\n|-damage|p1a: Slowbro|60/100 slp\n|-damage|p1b: Sinistcha|83/100\n|cant|p1a: Slowbro|slp\n|\n|-heal|p1b: Sinistcha|89/100|[from] item: Leftovers\n|upkeep\n|turn|5\n|inactive|RazzvyBerry has 30 seconds left.\n|\n|t:|1775921145\n|switch|p2a: Azumarill|Azumarill, L50, F|100/100\n|switch|p1b: Incineroar|Incineroar, L50, M|52/100\n|-ability|p1b: Incineroar|Intimidate|boost\n|-unboost|p2a: Azumarill|atk|1\n|-unboost|p2b: Sinistcha|atk|1\n|move|p2b: Sinistcha|Matcha Gotcha|p1a: Slowbro|[spread] p1a,p1b\n|-supereffective|p1a: Slowbro|1\n|-resisted|p1b: Incineroar|1\n|-damage|p1a: Slowbro|34/100 slp\n|-damage|p1b: Incineroar|42/100\n|-curestatus|p1a: Slowbro|slp|[msg]\n|move|p1a: Slowbro|Slack Off|p1a: Slowbro\n|-heal|p1a: Slowbro|84/100\n|\n|upkeep\n|turn|6\n|inactive|RazzvyBerry has 30 seconds left.\n|inactive|RazzvyBerry has 20 seconds left.\n|\n|t:|1775921182\n|move|p2b: Sinistcha|Rage Powder|p2b: Sinistcha\n|-singleturn|p2b: Sinistcha|move: Rage Powder\n|move|p1b: Incineroar|Flare Blitz|p2b: Sinistcha\n|-supereffective|p2b: Sinistcha|1\n|-enditem|p2b: Sinistcha|Focus Sash\n|-damage|p2b: Sinistcha|1/100\n|-damage|p1b: Incineroar|18/100|[from] Recoil\n|move|p2a: Azumarill|Belly Drum|p2a: Azumarill\n|-damage|p2a: Azumarill|50/100\n|-setboost|p2a: Azumarill|atk|6|[from] move: Belly Drum\n|-enditem|p2a: Azumarill|Sitrus Berry|[eat]\n|-heal|p2a: Azumarill|75/100|[from] item: Sitrus Berry\n|move|p1a: Slowbro|Scald|p2b: Sinistcha\n|-resisted|p2b: Sinistcha|1\n|-damage|p2b: Sinistcha|0 fnt\n|faint|p2b: Sinistcha\n|\n|upkeep\n|\n|t:|1775921198\n|switch|p2b: Sneasler|Sneasler, L50, M|100/100\n|turn|7\n|inactive|RazzvyBerry has 30 seconds left.\n|inactive|RazzvyBerry has 20 seconds left.\n|inactive|RazzvyBerry has 15 seconds left.\n|\n|t:|1775921241\n|switch|p1b: Farigiraf|Farigiraf, L50, F|46/100\n|move|p2b: Sneasler|Dire Claw|p1b: Farigiraf\n|-damage|p1b: Farigiraf|0 fnt\n|faint|p1b: Farigiraf\n|move|p2a: Azumarill|Play Rough|p1a: Slowbro\n|-damage|p1a: Slowbro|0 fnt\n|faint|p1a: Slowbro\n|\n|upkeep\n|\n|t:|1775921253\n|switch|p1b: Incineroar|Incineroar, L50, M|18/100\n|switch|p1a: Sinistcha|Sinistcha, L50|89/100\n|-ability|p1b: Incineroar|Intimidate|boost\n|-unboost|p2a: Azumarill|atk|1\n|-unboost|p2b: Sneasler|atk|1\n|-heal|p1b: Incineroar|43/100|[from] ability: Hospitality|[of] p1a: Sinistcha\n|turn|8\n|\n|t:|1775921271\n|move|p1b: Incineroar|Fake Out|p2a: Azumarill\n|-damage|p2a: Azumarill|65/100\n|move|p2b: Sneasler|Dire Claw|p1a: Sinistcha\n|-damage|p1a: Sinistcha|67/100\n|-status|p1a: Sinistcha|slp\n|cant|p1a: Sinistcha|slp\n|cant|p2a: Azumarill|flinch\n|\n|-heal|p1a: Sinistcha|73/100 slp|[from] item: Leftovers\n|upkeep\n|turn|9\n|\n|t:|1775921286\n|move|p2a: Azumarill|Aqua Jet|p1b: Incineroar\n|-supereffective|p1b: Incineroar|1\n|-damage|p1b: Incineroar|0 fnt\n|faint|p1b: Incineroar\n|move|p2b: Sneasler|Dire Claw|p1a: Sinistcha\n|-damage|p1a: Sinistcha|54/100 slp\n|cant|p1a: Sinistcha|slp\n|\n|-heal|p1a: Sinistcha|60/100 slp|[from] item: Leftovers\n|upkeep\n|turn|10\n|\n|t:|1775921292\n|move|p2b: Sneasler|Dire Claw|p1a: Sinistcha\n|-damage|p1a: Sinistcha|41/100 slp\n|-curestatus|p1a: Sinistcha|slp|[msg]\n|move|p1a: Sinistcha|Matcha Gotcha|p2a: Azumarill|[spread] p2a,p2b\n|-supereffective|p2a: Azumarill|1\n|-resisted|p2b: Sneasler|1\n|-damage|p2a: Azumarill|15/100\n|-heal|p1a: Sinistcha|70/100|[from] drain|[of] p2a: Azumarill\n|-damage|p2b: Sneasler|85/100\n|-heal|p1a: Sinistcha|77/100|[from] drain|[of] p2b: Sneasler\n|move|p2a: Azumarill|Play Rough|p1a: Sinistcha\n|-damage|p1a: Sinistcha|0 fnt\n|faint|p1a: Sinistcha\n|\n|win|RazzvyBerry\n|raw|blobbymcgee's rating: 1184 &rarr; <strong>1154</strong><br />(-30 for losing)\n|raw|RazzvyBerry's rating: 1109 &rarr; <strong>1139</strong><br />(+30 for winning)\n|l|\u2606blobbymcgee\n|player|p1|\n",
  "uploadtime": 1775921305,
  "views": 17,
  "formatid": "gen9championsvgc2026regma",
  "rating": 1139,
  "private": 0,
  "password": null
}