{
  "id": "gen9championsvgc2026regma-2584180450",
  "format": "[Gen 9 Champions] VGC 2026 Reg M-A",
  "players": [
    "Geistvgctest",
    "Thefastpig"
  ],
  "log": "|j|\u2606Geistvgctest\n|j|\u2606Thefastpig\n|t:|1776235024\n|gametype|doubles\n|player|p1|Geistvgctest|acetrainerf|1130\n|player|p2|Thefastpig|colress|1107\n|gen|9\n|tier|[Gen 9 Champions] VGC 2026 Reg M-A\n|rated|\n|rule|Species Clause: Limit one of each Pok\u00e9mon\n|rule|Item Clause: Limit 1 of each item\n|clearpoke\n|poke|p1|Charizard, L50, F|\n|poke|p1|Garchomp, L50, M|\n|poke|p1|Sneasler, L50, F|\n|poke|p1|Whimsicott, L50, M|\n|poke|p1|Aegislash, L50, F|\n|poke|p1|Milotic, L50, F|\n|poke|p2|Scizor, L50, M|\n|poke|p2|Milotic, L50, M|\n|poke|p2|Sinistcha, L50|\n|poke|p2|Incineroar, L50, M|\n|poke|p2|Glimmora, L50, M|\n|poke|p2|Ditto, L50|\n|teampreview|4\n|inactive|Battle timer is ON: inactive players will automatically lose when time's up. (requested by Thefastpig)\n|inactive|Geistvgctest has 60 seconds left.\n|\n|t:|1776235057\n|teamsize|p1|4\n|teamsize|p2|4\n|start\n|switch|p1a: Whimsicott|Whimsicott, L50, M, shiny|100/100\n|switch|p1b: Garchomp|Garchomp, L50, M|100/100\n|switch|p2a: Scizor|Scizor, L50, M|100/100\n|switch|p2b: Glimmora|Glimmora, L50, M|100/100\n|turn|1\n|inactive|Geistvgctest has 30 seconds left.\n|\n|t:|1776235087\n|move|p1a: Whimsicott|Protect|p1a: Whimsicott\n|-singleturn|p1a: Whimsicott|Protect\n|move|p2b: Glimmora|Spiky Shield|p2b: Glimmora\n|-singleturn|p2b: Glimmora|move: Protect\n|move|p2a: Scizor|Bullet Punch|p1a: Whimsicott\n|-activate|p1a: Whimsicott|move: Protect\n|move|p1b: Garchomp|Stomping Tantrum|p2a: Scizor\n|-damage|p2a: Scizor|63/100\n|\n|upkeep\n|turn|2\n|inactive|Geistvgctest has 30 seconds left.\n|inactive|Thefastpig has 30 seconds left.\n|\n|t:|1776235116\n|switch|p1a: Charizard|Charizard, L50, F, shiny|100/100\n|switch|p2b: Sinistcha|Sinistcha, L50|100/100\n|-heal|p2a: Scizor|88/100|[from] ability: Hospitality|[of] p2b: Sinistcha\n|move|p2a: Scizor|Protect|p2a: Scizor\n|-singleturn|p2a: Scizor|Protect\n|move|p1b: Garchomp|Stomping Tantrum|p2b: Sinistcha\n|-resisted|p2b: Sinistcha|1\n|-damage|p2b: Sinistcha|82/100\n|\n|upkeep\n|turn|3\n|\n|t:|1776235143\n|switch|p2a: Glimmora|Glimmora, L50, M|100/100\n|detailschange|p1a: Charizard|Charizard-Mega-X, L50, F, shiny\n|-mega|p1a: Charizard|Charizard|Charizardite X\n|move|p2b: Sinistcha|Protect|p2b: Sinistcha\n|-singleturn|p2b: Sinistcha|Protect\n|move|p1b: Garchomp|Stomping Tantrum|p2a: Glimmora\n|-supereffective|p2a: Glimmora|2\n|-damage|p2a: Glimmora|0 fnt\n|-activate|p2a: Glimmora|ability: Toxic Debris\n|-sidestart|p1: Geistvgctest|move: Toxic Spikes\n|faint|p2a: Glimmora\n|move|p1a: Charizard|Dragon Dance|p1a: Charizard\n|-boost|p1a: Charizard|atk|1\n|-boost|p1a: Charizard|spe|1\n|\n|upkeep\n|\n|t:|1776235150\n|switch|p2a: Scizor|Scizor, L50, M|88/100\n|turn|4\n|\n|t:|1776235172\n|switch|p2b: Ditto|Ditto, L50|100/100\n|-transform|p2b: Ditto|p1a: Charizard|[from] ability: Imposter\n|move|p2a: Scizor|Protect|p2a: Scizor\n|-singleturn|p2a: Scizor|Protect\n|move|p1b: Garchomp|Stomping Tantrum|p2a: Scizor\n|-activate|p2a: Scizor|move: Protect\n|move|p1a: Charizard|Fire Punch|p2b: Ditto\n|-resisted|p2b: Ditto|2\n|-damage|p2b: Ditto|81/100\n|\n|upkeep\n|turn|5\n|inactive|Geistvgctest has 30 seconds left.\n|\n|t:|1776235198\n|detailschange|p2a: Scizor|Scizor-Mega, L50, M\n|-mega|p2a: Scizor|Scizor|Scizorite\n|move|p1b: Garchomp|Stomping Tantrum|p2b: Ditto\n|-supereffective|p2b: Ditto|1\n|-damage|p2b: Ditto|4/100\n|move|p1a: Charizard|Dragon Claw|p2b: Ditto\n|-supereffective|p2b: Ditto|1\n|-damage|p2b: Ditto|0 fnt\n|faint|p2b: Ditto\n|move|p2a: Scizor|Swords Dance|p2a: Scizor\n|-boost|p2a: Scizor|atk|2\n|\n|upkeep\n|\n|t:|1776235204\n|switch|p2b: Sinistcha|Sinistcha, L50|82/100\n|-heal|p2a: Scizor|100/100|[from] ability: Hospitality|[of] p2b: Sinistcha\n|turn|6\n|\n|t:|1776235217\n|switch|p1b: Whimsicott|Whimsicott, L50, M, shiny|100/100\n|-status|p1b: Whimsicott|psn\n|move|p2b: Sinistcha|Rage Powder|p2b: Sinistcha\n|-singleturn|p2b: Sinistcha|move: Rage Powder\n|move|p2a: Scizor|Bullet Punch|p1b: Whimsicott\n|-supereffective|p1b: Whimsicott|1\n|-enditem|p1b: Whimsicott|Focus Sash\n|-damage|p1b: Whimsicott|1/100 psn\n|move|p1a: Charizard|Fire Punch|p2b: Sinistcha\n|-supereffective|p2b: Sinistcha|1\n|-damage|p2b: Sinistcha|0 fnt\n|faint|p2b: Sinistcha\n|\n|-damage|p1b: Whimsicott|0 fnt|[from] psn\n|faint|p1b: Whimsicott\n|upkeep\n|\n|t:|1776235235\n|switch|p1b: Aegislash|Aegislash, L50, F|100/100\n|turn|7\n|\n|t:|1776235248\n|move|p2a: Scizor|Bullet Punch|p1a: Charizard\n|-resisted|p1a: Charizard|1\n|-damage|p1a: Charizard|71/100\n|move|p1a: Charizard|Fire Punch|p2a: Scizor\n|-supereffective|p2a: Scizor|2\n|-damage|p2a: Scizor|0 fnt\n|faint|p2a: Scizor\n|\n|win|Geistvgctest\n|raw|Geistvgctest's rating: 1130 &rarr; <strong>1153</strong><br />(+23 for winning)\n|raw|Thefastpig's rating: 1107 &rarr; <strong>1084</strong><br />(-23 for losing)\n|l|\u2606Thefastpig\n|player|p2|\n",
  "uploadtime": 1776235260,
  "views": 33,
  "formatid": "gen9championsvgc2026regma",
  "rating": 1084,
  "private": 0,
  "password": null
}