{
  "id": "gen9championsvgc2026regma-2583765691",
  "format": "[Gen 9 Champions] VGC 2026 Reg M-A",
  "players": [
    "donkdilldhany",
    "isthis6thgood"
  ],
  "log": "|j|\u2606donkdilldhany\n|j|\u2606isthis6thgood\n|t:|1776196219\n|gametype|doubles\n|player|p1|donkdilldhany|schoolkid-gen4|1093\n|player|p2|isthis6thgood|170|1156\n|gen|9\n|tier|[Gen 9 Champions] VGC 2026 Reg M-A\n|rated|\n|rule|Species Clause: Limit one of each Pok\u00e9mon\n|rule|Item Clause: Limit 1 of each item\n|clearpoke\n|poke|p1|Glimmora, L50, M|\n|poke|p1|Milotic, L50, F|\n|poke|p1|Basculegion, L50, M|\n|poke|p1|Lycanroc-Dusk, L50, F|\n|poke|p1|Farigiraf, L50, M|\n|poke|p1|Whimsicott, L50, M|\n|poke|p2|Delphox, L50, M|\n|poke|p2|Garchomp, L50, M|\n|poke|p2|Whimsicott, L50, M|\n|poke|p2|Gyarados, L50, M|\n|poke|p2|Farigiraf, L50, M|\n|poke|p2|Tyranitar, L50, M|\n|teampreview|4\n|inactive|Battle timer is ON: inactive players will automatically lose when time's up. (requested by isthis6thgood)\nisthis6thgood rejected open team sheets.\n|\n|t:|1776196260\n|teamsize|p1|4\n|teamsize|p2|4\n|start\n|switch|p1a: Milotic|Milotic, L50, F|100/100\n|switch|p1b: Whimsicott|Whimsicott, L50, M|100/100\n|switch|p2a: Garchomp|Garchomp, L50, M|100/100\n|switch|p2b: Delphox|Delphox, L50, M|100/100\n|turn|1\n|\n|t:|1776196280\n|detailschange|p2b: Delphox|Delphox-Mega, L50, M\n|-mega|p2b: Delphox|Delphox|Delphoxite\n|move|p1b: Whimsicott|Tailwind|p1b: Whimsicott\n|-sidestart|p1: donkdilldhany|move: Tailwind\n|move|p1a: Milotic|Icy Wind|p2a: Garchomp|[spread] p2a,p2b\n|-supereffective|p2a: Garchomp|2\n|-resisted|p2b: Delphox|1\n|-damage|p2a: Garchomp|45/100\n|-damage|p2b: Delphox|95/100\n|-unboost|p2a: Garchomp|spe|1\n|-unboost|p2b: Delphox|spe|1\n|move|p2a: Garchomp|Earthquake|p1b: Whimsicott|[spread] p1a,p1b\n|-immune|p2b: Delphox|[from] ability: Levitate\n|-resisted|p1b: Whimsicott|1\n|-damage|p1a: Milotic|55/100\n|-damage|p1b: Whimsicott|75/100\n|move|p2b: Delphox|Heat Wave|p1b: Whimsicott|[spread] p1a,p1b\n|-resisted|p1a: Milotic|1\n|-supereffective|p1b: Whimsicott|1\n|-damage|p1a: Milotic|41/100\n|-damage|p1b: Whimsicott|0 fnt\n|faint|p1b: Whimsicott\n|\n|-heal|p1a: Milotic|47/100|[from] item: Leftovers\n|upkeep\n|\n|t:|1776196304\n|switch|p1b: Basculegion|Basculegion, L50, M|100/100\n|turn|2\n|inactive|isthis6thgood has 30 seconds left.\n|\n|t:|1776196331\n|switch|p2a: Farigiraf|Farigiraf, L50, M|100/100\n|move|p2b: Delphox|Protect|p2b: Delphox\n|-singleturn|p2b: Delphox|Protect\n|move|p1b: Basculegion|Last Respects|p2b: Delphox\n|-activate|p2b: Delphox|move: Protect\n|move|p1a: Milotic|Icy Wind|p2a: Farigiraf|[spread] p2a\n|-activate|p2b: Delphox|move: Protect\n|-damage|p2a: Farigiraf|92/100\n|-unboost|p2a: Farigiraf|spe|1\n|\n|-heal|p1a: Milotic|52/100|[from] item: Leftovers\n|upkeep\n|turn|3\n|\n|t:|1776196352\n|switch|p2b: Gyarados|Gyarados, L50, M|100/100\n|-ability|p2b: Gyarados|Intimidate|boost\n|-unboost|p1a: Milotic|atk|1\n|-ability|p1a: Milotic|Competitive|boost\n|-boost|p1a: Milotic|spa|2\n|-unboost|p1b: Basculegion|atk|1\n|move|p1b: Basculegion|Last Respects|p2b: Gyarados\n|-damage|p2b: Gyarados|66/100\n|move|p1a: Milotic|Icy Wind|p2b: Gyarados|[spread] p2a,p2b\n|-damage|p2a: Farigiraf|73/100\n|-damage|p2b: Gyarados|44/100\n|-unboost|p2a: Farigiraf|spe|1\n|-unboost|p2b: Gyarados|spe|1\n|-enditem|p2b: Gyarados|Sitrus Berry|[eat]\n|-heal|p2b: Gyarados|68/100|[from] item: Sitrus Berry\n|move|p2a: Farigiraf|Trick Room|p2a: Farigiraf\n|-fieldstart|move: Trick Room|[of] p2a: Farigiraf\n|\n|-heal|p1a: Milotic|58/100|[from] item: Leftovers\n|upkeep\n|turn|4\n|\n|t:|1776196377\n|switch|p1b: Glimmora|Glimmora, L50, M|100/100\n|move|p1a: Milotic|Protect|p1a: Milotic\n|-singleturn|p1a: Milotic|Protect\n|move|p2a: Farigiraf|Hyper Voice|p1a: Milotic|[spread] p1b\n|-activate|p1a: Milotic|move: Protect\n|-resisted|p1b: Glimmora|1\n|-damage|p1b: Glimmora|84/100\n|move|p2b: Gyarados|Waterfall|p1a: Milotic\n|-activate|p1a: Milotic|move: Protect\n|\n|-heal|p1a: Milotic|64/100|[from] item: Leftovers\n|-sideend|p1: donkdilldhany|move: Tailwind\n|upkeep\n|turn|5\n|inactive|donkdilldhany has 30 seconds left.\n|\n|t:|1776196403\n|detailschange|p1b: Glimmora|Glimmora-Mega, L50, M\n|-mega|p1b: Glimmora|Glimmora|Glimmoranite\n|move|p1a: Milotic|Helping Hand|p1b: Glimmora\n|-singleturn|p1b: Glimmora|Helping Hand|[of] p1a: Milotic\n|move|p2a: Farigiraf|Hyper Voice|p1b: Glimmora|[spread] p1a,p1b\n|-resisted|p1b: Glimmora|1\n|-damage|p1a: Milotic|46/100\n|-damage|p1b: Glimmora|70/100\n|move|p2b: Gyarados|Waterfall|p1b: Glimmora\n|-supereffective|p1b: Glimmora|1\n|-damage|p1b: Glimmora|1/100\n|move|p1b: Glimmora|Sludge Wave|p2b: Gyarados|[spread] p1a,p2a,p2b\n|-damage|p1a: Milotic|0 fnt\n|-damage|p2a: Farigiraf|16/100\n|-damage|p2b: Gyarados|0 fnt\n|faint|p1a: Milotic\n|faint|p2b: Gyarados\n|\n|upkeep\n|\n|t:|1776196426\n|switch|p2b: Delphox|Delphox-Mega, L50, M|95/100\n|switch|p1a: Basculegion|Basculegion, L50, M|100/100\n|turn|6\n|\n|t:|1776196444\n|move|p1b: Glimmora|Protect|p1b: Glimmora\n|-singleturn|p1b: Glimmora|Protect\n|move|p2a: Farigiraf|Hyper Voice|p1b: Glimmora|[spread] \n|-activate|p1b: Glimmora|move: Protect\n|-immune|p1a: Basculegion\n|move|p2b: Delphox|Substitute|p2b: Delphox\n|-start|p2b: Delphox|Substitute\n|-damage|p2b: Delphox|70/100\n|move|p1a: Basculegion|Wave Crash|p2b: Delphox\n|-supereffective|p2b: Delphox|1\n|-end|p2b: Delphox|Substitute\n|-damage|p1a: Basculegion|94/100|[from] Recoil|[of] p2b: Delphox\n|\n|upkeep\n|turn|7\n|inactive|donkdilldhany has 30 seconds left.\n|\n|t:|1776196470\n|move|p1b: Glimmora|Protect||[still]\n|-fail|p1b: Glimmora\n|move|p2a: Farigiraf|Hyper Voice|p1b: Glimmora|[spread] p1b\n|-immune|p1a: Basculegion\n|-resisted|p1b: Glimmora|1\n|-damage|p1b: Glimmora|0 fnt\n|faint|p1b: Glimmora\n|move|p2b: Delphox|Substitute|p2b: Delphox\n|-start|p2b: Delphox|Substitute\n|-damage|p2b: Delphox|45/100\n|move|p1a: Basculegion|Wave Crash|p2b: Delphox\n|-supereffective|p2b: Delphox|1\n|-end|p2b: Delphox|Substitute\n|-damage|p1a: Basculegion|87/100|[from] Recoil|[of] p2b: Delphox\n|\n|-fieldend|move: Trick Room\n|upkeep\n|turn|8\n|\n|t:|1776196493\n|move|p2b: Delphox|Protect|p2b: Delphox\n|-singleturn|p2b: Delphox|Protect\n|move|p1a: Basculegion|Wave Crash|p2a: Farigiraf\n|-damage|p2a: Farigiraf|0 fnt\n|faint|p2a: Farigiraf\n|-damage|p1a: Basculegion|81/100|[from] Recoil\n|\n|upkeep\n|\n|t:|1776196502\n|switch|p2a: Garchomp|Garchomp, L50, M|45/100\n|turn|9\n|\n|t:|1776196516\n|move|p1a: Basculegion|Wave Crash|p2b: Delphox\n|-supereffective|p2b: Delphox|1\n|-damage|p2b: Delphox|0 fnt\n|faint|p2b: Delphox\n|-damage|p1a: Basculegion|70/100|[from] Recoil\n|move|p2a: Garchomp|Earthquake|p1a: Basculegion\n|-damage|p1a: Basculegion|0 fnt\n|faint|p1a: Basculegion\n|\n|win|isthis6thgood\n|raw|donkdilldhany's rating: 1093 &rarr; <strong>1073</strong><br />(-20 for losing)\n|raw|isthis6thgood's rating: 1156 &rarr; <strong>1177</strong><br />(+21 for winning)\n|l|\u2606donkdilldhany\n|player|p1|\n",
  "uploadtime": 1776196528,
  "views": 30,
  "formatid": "gen9championsvgc2026regma",
  "rating": 1073,
  "private": 0,
  "password": null
}