{
  "id": "gen9championsvgc2026regma-2581597800",
  "format": "[Gen 9 Champions] VGC 2026 Reg M-A",
  "players": [
    "TTT x",
    "PowPowP0WER"
  ],
  "log": "|j|\u2606TTT x\n|j|\u2606PowPowP0WER\n|t:|1776013944\n|gametype|doubles\n|player|p1|TTT x|#smogonxnpa2025draftee|\n|player|p2|PowPowP0WER|battlegirl-gen4|\n|gen|9\n|tier|[Gen 9 Champions] VGC 2026 Reg M-A\n|rated|Tournament battle\n|rule|Species Clause: Limit one of each Pok\u00e9mon\n|rule|Item Clause: Limit 1 of each item\n|raw|<div class=\"infobox\"><details class=\"readmore\" open><summary><strong>1 custom rule:</strong></summary> Force Open Team Sheets</details></div>\n|clearpoke\n|poke|p1|Manectric, L50, M|\n|poke|p1|Archaludon, L50, M|\n|poke|p1|Basculegion, L50, M|\n|poke|p1|Sinistcha, L50|\n|poke|p1|Politoed, L50, F|\n|poke|p1|Incineroar, L50, F|\n|poke|p2|Gardevoir, L50, F|\n|poke|p2|Kingambit, L50, M|\n|poke|p2|Pelipper, L50, M|\n|poke|p2|Basculegion, L50, M|\n|poke|p2|Sinistcha, L50|\n|poke|p2|Sneasler, L50, M|\n|teampreview|4\n|showteam|p1|Manectric||Manectite|LightningRod|VoltSwitch,Snarl,RainDance,Protect|||M|||50|]Archaludon||Leftovers|Stamina|ElectroShot,DragonPulse,FlashCannon,Protect|||M|||50|]Basculegion||ChoiceScarf|Adaptability|WaveCrash,LastRespects,FlipTurn,AquaJet|||M|||50|]Sinistcha||ColburBerry|Hospitality|MatchaGotcha,ShadowBall,RagePowder,Protect||||||50|]Politoed||SitrusBerry|Drizzle|WeatherBall,IceBeam,Encore,Protect|||F|||50|]Incineroar||PasshoBerry|Intimidate|FakeOut,FlareBlitz,WillOWisp,PartingShot|||F|||50|\n|showteam|p2|Gardevoir||Gardevoirite|Telepathy|HyperVoice,Psychic,TrickRoom,Protect|||F|||50|]Kingambit||BlackGlasses|Defiant|SuckerPunch,KowtowCleave,IronHead,Protect|||M|||50|]Pelipper||FocusSash|Drizzle|Hurricane,Protect,WideGuard,Tailwind|||M|||50|]Basculegion||MysticWater|SwiftSwim|LastRespects,AquaJet,WaveCrash,Protect|||M|||50|]Sinistcha||MentalHerb|Hospitality|MatchaGotcha,RagePowder,TrickRoom,StrengthSap||||||50|]Sneasler||WhiteHerb|Unburden|FakeOut,CloseCombat,DireClaw,Protect|||M|||50|\n|j| bbvmn\n|j|+TheLoanRanger\n|j| mysticmarshtomp\n|j|@Radio Free C-Side\n|j| Plopy14\n|j| 23456ujhgrew\n|j| Mr. Weirdo Man\n|j| syshj\n|l| mysticmarshtomp\n|\n|t:|1776014029\n|teamsize|p1|4\n|teamsize|p2|4\n|start\n|switch|p1a: Archaludon|Archaludon, L50, M|100/100\n|switch|p1b: Basculegion|Basculegion, L50, M|100/100\n|switch|p2a: Kingambit|Kingambit, L50, M, shiny|100/100\n|switch|p2b: Sneasler|Sneasler, L50, M|100/100\n|turn|1\n|j| Buusama\n|l| syshj\n|\n|t:|1776014064\n|move|p1b: Basculegion|Aqua Jet|p1a: Archaludon\n|-resisted|p1a: Archaludon|1\n|-damage|p1a: Archaludon|90/100\n|-ability|p1a: Archaludon|Stamina|boost\n|-boost|p1a: Archaludon|def|1\n|move|p2a: Kingambit|Sucker Punch||[still]\n|-fail|p2a: Kingambit\n|move|p2b: Sneasler|Close Combat|p1b: Basculegion\n|-immune|p1b: Basculegion\n|move|p1a: Archaludon|Dragon Pulse|p2b: Sneasler\n|-damage|p2b: Sneasler|53/100\n|\n|-heal|p1a: Archaludon|96/100|[from] item: Leftovers\n|upkeep\n|turn|2\n|c|\u2606PowPowP0WER|lol nice\n|j| oReverse\n|j| syshj\n|\n|t:|1776014096\n|switch|p1b: Politoed|Politoed, L50, F|100/100\n|-weather|RainDance|[from] ability: Drizzle|[of] p1b: Politoed\n|move|p2b: Sneasler|Close Combat|p1a: Archaludon\n|-supereffective|p1a: Archaludon|1\n|-damage|p1a: Archaludon|33/100\n|-unboost|p2b: Sneasler|def|1\n|-unboost|p2b: Sneasler|spd|1\n|-ability|p1a: Archaludon|Stamina|boost\n|-boost|p1a: Archaludon|def|1\n|-enditem|p2b: Sneasler|White Herb\n|-clearnegativeboost|p2b: Sneasler|[silent]\n|move|p1a: Archaludon|Electro Shot||[still]\n|-prepare|p1a: Archaludon|Electro Shot\n|-boost|p1a: Archaludon|spa|1\n|-anim|p1a: Archaludon|Electro Shot|p2a: Kingambit\n|-damage|p2a: Kingambit|45/100\n|move|p2a: Kingambit|Kowtow Cleave|p1b: Politoed\n|-damage|p1b: Politoed|50/100\n|-enditem|p1b: Politoed|Sitrus Berry|[eat]\n|-heal|p1b: Politoed|75/100|[from] item: Sitrus Berry\n|\n|-weather|RainDance|[upkeep]\n|-heal|p1a: Archaludon|39/100|[from] item: Leftovers\n|upkeep\n|turn|3\n|j| shotot28\n|j|@Borghi\n|j| VC824\n|\n|t:|1776014117\n|switch|p1b: Sinistcha|Sinistcha, L50|100/100\n|-heal|p1a: Archaludon|64/100|[from] ability: Hospitality|[of] p1b: Sinistcha\n|switch|p2a: Sinistcha|Sinistcha, L50|100/100\n|-heal|p2b: Sneasler|78/100|[from] ability: Hospitality|[of] p2a: Sinistcha\n|move|p2b: Sneasler|Close Combat|p1b: Sinistcha\n|-immune|p1b: Sinistcha\n|move|p1a: Archaludon|Electro Shot||[still]\n|-prepare|p1a: Archaludon|Electro Shot\n|-boost|p1a: Archaludon|spa|1\n|-anim|p1a: Archaludon|Electro Shot|p2a: Sinistcha\n|-resisted|p2a: Sinistcha|1\n|-damage|p2a: Sinistcha|64/100\n|\n|-weather|RainDance|[upkeep]\n|-heal|p1a: Archaludon|70/100|[from] item: Leftovers\n|upkeep\n|turn|4\n|\n|t:|1776014131\n|move|p2a: Sinistcha|Rage Powder|p2a: Sinistcha\n|-singleturn|p2a: Sinistcha|move: Rage Powder\n|move|p2b: Sneasler|Dire Claw|p1b: Sinistcha\n|-damage|p1b: Sinistcha|63/100\n|move|p1a: Archaludon|Electro Shot||[still]\n|-prepare|p1a: Archaludon|Electro Shot\n|-boost|p1a: Archaludon|spa|1\n|-anim|p1a: Archaludon|Electro Shot|p2a: Sinistcha\n|-resisted|p2a: Sinistcha|1\n|-damage|p2a: Sinistcha|13/100\n|move|p1b: Sinistcha|Shadow Ball|p2a: Sinistcha\n|-supereffective|p2a: Sinistcha|1\n|-damage|p2a: Sinistcha|0 fnt\n|faint|p2a: Sinistcha\n|\n|-weather|RainDance|[upkeep]\n|-heal|p1a: Archaludon|77/100|[from] item: Leftovers\n|upkeep\n|j| mynamegrassgreen\n|\n|t:|1776014139\n|switch|p2a: Gardevoir|Gardevoir, L50, F, shiny|100/100\n|turn|5\n|l| VC824\n|\n|t:|1776014160\n|detailschange|p2a: Gardevoir|Gardevoir-Mega, L50, F, shiny\n|-mega|p2a: Gardevoir|Gardevoir|Gardevoirite\n|move|p1b: Sinistcha|Rage Powder|p1b: Sinistcha\n|-singleturn|p1b: Sinistcha|move: Rage Powder\n|move|p2b: Sneasler|Dire Claw|p1b: Sinistcha\n|-crit|p1b: Sinistcha\n|-damage|p1b: Sinistcha|6/100\n|move|p1a: Archaludon|Flash Cannon|p2a: Gardevoir\n|-supereffective|p2a: Gardevoir|1\n|-damage|p2a: Gardevoir|0 fnt\n|faint|p2a: Gardevoir\n|\n|-weather|RainDance|[upkeep]\n|-heal|p1a: Archaludon|83/100|[from] item: Leftovers\n|upkeep\n|n| mynamegrassgreen|mynamegrassgreen\n|l| syshj\n|\n|t:|1776014164\n|switch|p2a: Kingambit|Kingambit, L50, M, shiny|45/100\n|turn|6\n|\n|t:|1776014183\n|move|p1b: Sinistcha|Rage Powder|p1b: Sinistcha\n|-singleturn|p1b: Sinistcha|move: Rage Powder\n|move|p2b: Sneasler|Dire Claw|p1b: Sinistcha\n|-damage|p1b: Sinistcha|0 fnt\n|faint|p1b: Sinistcha\n|move|p1a: Archaludon|Electro Shot||[still]\n|-prepare|p1a: Archaludon|Electro Shot\n|-boost|p1a: Archaludon|spa|1\n|-anim|p1a: Archaludon|Electro Shot|p2b: Sneasler\n|-damage|p2b: Sneasler|0 fnt\n|faint|p2b: Sneasler\n|move|p2a: Kingambit|Kowtow Cleave|p1a: Archaludon\n|-damage|p1a: Archaludon|59/100\n|-ability|p1a: Archaludon|Stamina|boost\n|-boost|p1a: Archaludon|def|1\n|\n|-weather|none\n|-heal|p1a: Archaludon|66/100|[from] item: Leftovers\n|upkeep\n|c|\u2606PowPowP0WER|ggs\n|\n|t:|1776014187\n|switch|p1b: Basculegion|Basculegion, L50, M|100/100\n|turn|7\n|-message|PowPowP0WER forfeited.\n|\n|win|TTT x\n|n|\u2606TTT x|tttx\n|n|\u2606PowPowP0WER|powpowp0wer\n|n| bbvmn|bbvmn\n|n| TheLoanRanger|theloanranger\n|n|+Radio Free C-Side|radiofreecside\n|n| Plopy14|plopy14\n|n| 23456ujhgrew|23456ujhgrew\n|n| Mr. Weirdo Man|mrweirdoman\n|n| Buusama|buusama\n|n| oReverse|oreverse\n|n| shotot28|shotot28\n|n| Borghi|borghi\n|n| mynamegrassgreen|mynamegrassgreen\n",
  "uploadtime": 1776014189,
  "views": 80,
  "formatid": "gen9championsvgc2026regma",
  "rating": null,
  "private": 0,
  "password": null
}