{
  "id": "gen9championsvgc2026regma-2581294410",
  "format": "[Gen 9 Champions] VGC 2026 Reg M-A",
  "players": [
    "Henrik22",
    "f1ish"
  ],
  "log": "|badge|p2|bronze|gen9randombattle|100-9\n|uhtml|medal-msg|<div class=\"broadcast-blue\">Curious what those medals under the avatar are? PS now has Ladder Seasons! For more information, check out the <a href=\"https://www.smogon.com/forums/threads/3740067/\">thread on Smogon.</a></div>\n|j|\u2606Henrik22\n|j|\u203df1ish\n|t:|1775982609\n|gametype|doubles\n|player|p1|Henrik22|ethan|1269\n|player|p2|f1ish|266|1331\n|gen|9\n|tier|[Gen 9 Champions] VGC 2026 Reg M-A\n|rated|\n|rule|Species Clause: Limit one of each Pok\u00e9mon\n|rule|Item Clause: Limit 1 of each item\n|clearpoke\n|poke|p1|Basculegion, L50, M|\n|poke|p1|Garchomp, L50, F|\n|poke|p1|Whimsicott, L50, F|\n|poke|p1|Dragonite, L50, M|\n|poke|p1|Politoed, L50, M|\n|poke|p1|Sneasler, L50, M|\n|poke|p2|Politoed, L50, F|\n|poke|p2|Archaludon, L50, M|\n|poke|p2|Basculegion, L50, M|\n|poke|p2|Incineroar, L50, M|\n|poke|p2|Sinistcha, L50|\n|poke|p2|Gengar, L50, F|\n|teampreview|4\n|inactive|Battle timer is ON: inactive players will automatically lose when time's up. (requested by f1ish)\n|j| gE1xjZRtuhW2DdT0AK\n|inactive|Henrik22 has 60 seconds left.\n|\n|t:|1775982651\n|teamsize|p1|4\n|teamsize|p2|4\n|start\n|switch|p1a: Basculegion|Basculegion, L50, M|100/100\n|switch|p1b: Sneasler|Sneasler, L50, M|100/100\n|switch|p2a: Gengar|Gengar, L50, F|100/100\n|switch|p2b: Sinistcha|Sinistcha, L50|100/100\n|turn|1\n|inactive|Henrik22 has 30 seconds left.\n|\n|t:|1775982680\n|detailschange|p2a: Gengar|Gengar-Mega, L50, F\n|-mega|p2a: Gengar|Gengar|Gengarite\n|move|p2a: Gengar|Protect|p2a: Gengar\n|-singleturn|p2a: Gengar|Protect\n|move|p2b: Sinistcha|Protect|p2b: Sinistcha\n|-singleturn|p2b: Sinistcha|Protect\n|move|p1a: Basculegion|Last Respects|p2b: Sinistcha\n|-activate|p2b: Sinistcha|move: Protect\n|move|p1b: Sneasler|Dire Claw|p2b: Sinistcha\n|-activate|p2b: Sinistcha|move: Protect\n|\n|upkeep\n|turn|2\n|inactive|f1ish has 30 seconds left.\n|\n|t:|1775982712\n|switch|p2b: Incineroar|Incineroar, L50, M|100/100\n|-ability|p2b: Incineroar|Intimidate|boost\n|-unboost|p1a: Basculegion|atk|1\n|-unboost|p1b: Sneasler|atk|1\n|-enditem|p1b: Sneasler|White Herb\n|-clearnegativeboost|p1b: Sneasler|[silent]\n|move|p1b: Sneasler|Dire Claw|p2b: Incineroar\n|-damage|p2b: Incineroar|60/100\n|-status|p2b: Incineroar|slp\n|move|p1a: Basculegion|Last Respects|p2a: Gengar\n|-supereffective|p2a: Gengar|1\n|-damage|p2a: Gengar|43/100\n|move|p2a: Gengar|Perish Song|p2a: Gengar\n|-start|p1a: Basculegion|perish3|[silent]\n|-start|p1b: Sneasler|perish3|[silent]\n|-start|p2a: Gengar|perish3|[silent]\n|-start|p2b: Incineroar|perish3|[silent]\n|-fieldactivate|move: Perish Song\n|\n|-start|p1b: Sneasler|perish3\n|-start|p1a: Basculegion|perish3\n|-start|p2a: Gengar|perish3\n|-start|p2b: Incineroar|perish3\n|upkeep\n|turn|3\n|inactive|f1ish has 30 seconds left.\n|inactive|f1ish has 20 seconds left.\n|\n|t:|1775982749\n|switch|p2b: Sinistcha|Sinistcha, L50|100/100\n|-heal|p2a: Gengar|68/100|[from] ability: Hospitality|[of] p2b: Sinistcha\n|move|p2a: Gengar|Protect|p2a: Gengar\n|-singleturn|p2a: Gengar|Protect\n|move|p1b: Sneasler|Dire Claw|p2b: Sinistcha\n|-damage|p2b: Sinistcha|63/100\n|move|p1a: Basculegion|Last Respects|p2a: Gengar\n|-activate|p2a: Gengar|move: Protect\n|\n|-start|p1b: Sneasler|perish2\n|-start|p1a: Basculegion|perish2\n|-start|p2a: Gengar|perish2\n|upkeep\n|turn|4\n|inactive|f1ish has 30 seconds left.\n|inactive|f1ish has 20 seconds left.\n|\n|t:|1775982784\n|switch|p2b: Incineroar|Incineroar, L50, M|60/100 slp\n|-ability|p2b: Incineroar|Intimidate|boost\n|-unboost|p1a: Basculegion|atk|1\n|-unboost|p1b: Sneasler|atk|1\n|move|p1b: Sneasler|Dire Claw|p2a: Gengar\n|-resisted|p2a: Gengar|2\n|-damage|p2a: Gengar|60/100\n|-status|p2a: Gengar|slp\n|move|p1a: Basculegion|Last Respects|p2a: Gengar\n|-supereffective|p2a: Gengar|1\n|-damage|p2a: Gengar|17/100 slp\n|cant|p2a: Gengar|slp\n|\n|-start|p1b: Sneasler|perish1\n|-start|p1a: Basculegion|perish1\n|-start|p2a: Gengar|perish1\n|upkeep\n|turn|5\n|inactive|Henrik22 has 30 seconds left.\n|inactive|f1ish has 30 seconds left.\n|inactive|f1ish has 20 seconds left.\n|inactive|f1ish has 15 seconds left.\n|j| lori Kitahara\n|\n|t:|1775982826\n|switch|p2a: Politoed|Politoed, L50, F|100/100\n|-weather|RainDance|[from] ability: Drizzle|[of] p2a: Politoed\n|switch|p2b: Sinistcha|Sinistcha, L50|63/100\n|move|p1b: Sneasler|Close Combat|p2b: Sinistcha\n|-immune|p2b: Sinistcha\n|move|p1a: Basculegion|Last Respects|p2a: Politoed\n|-damage|p2a: Politoed|84/100\n|\n|-weather|RainDance|[upkeep]\n|-heal|p2a: Politoed|90/100|[from] item: Leftovers\n|-start|p1b: Sneasler|perish0\n|-start|p1a: Basculegion|perish0\n|upkeep\n|faint|p1b: Sneasler\n|faint|p1a: Basculegion\n|\n|t:|1775982841\n|switch|p1b: Garchomp|Garchomp, L50, F|100/100\n|switch|p1a: Dragonite|Dragonite, L50, M|100/100\n|turn|6\n|\n|t:|1775982849\n|detailschange|p1a: Dragonite|Dragonite-Mega, L50, M\n|-mega|p1a: Dragonite|Dragonite|Dragoninite\n|move|p2b: Sinistcha|Rage Powder|p2b: Sinistcha\n|-singleturn|p2b: Sinistcha|move: Rage Powder\n|move|p1b: Garchomp|Earthquake|p2b: Sinistcha|[spread] p2a,p2b\n|-immune|p1a: Dragonite\n|-resisted|p2b: Sinistcha|1\n|-damage|p2a: Politoed|49/100\n|-damage|p2b: Sinistcha|48/100\n|move|p1a: Dragonite|Thunderbolt|p2b: Sinistcha\n|-resisted|p2b: Sinistcha|1\n|-damage|p2b: Sinistcha|29/100\n|move|p2a: Politoed|Perish Song|p2a: Politoed\n|-start|p1a: Dragonite|perish3|[silent]\n|-start|p1b: Garchomp|perish3|[silent]\n|-start|p2a: Politoed|perish3|[silent]\n|-start|p2b: Sinistcha|perish3|[silent]\n|-fieldactivate|move: Perish Song\n|\n|-weather|RainDance|[upkeep]\n|-heal|p2a: Politoed|55/100|[from] item: Leftovers\n|-start|p1b: Garchomp|perish3\n|-start|p1a: Dragonite|perish3\n|-start|p2a: Politoed|perish3\n|-start|p2b: Sinistcha|perish3\n|upkeep\n|turn|7\n|-message|Henrik22 forfeited.\n|\n|win|f1ish\n|raw|Henrik22's rating: 1269 &rarr; <strong>1249</strong><br />(-20 for losing)\n|raw|f1ish's rating: 1346 &rarr; <strong>1362</strong><br />(+16 for winning)\n|l|\u2606Henrik22\n|player|p1|\n|l|\u203df1ish\n|player|p2|\n",
  "uploadtime": 1775982900,
  "views": 35,
  "formatid": "gen9championsvgc2026regma",
  "rating": 1249,
  "private": 0,
  "password": null
}