{
  "id": "gen9championsvgc2026regma-2586141795",
  "format": "[Gen 9 Champions] VGC 2026 Reg M-A",
  "players": [
    "Crash0utVGC",
    "joene723"
  ],
  "log": "|j|\u2606Crash0utVGC\n|j|\u2606joene723\n|t:|1776404234\n|gametype|doubles\n|player|p1|Crash0utVGC|colress|1121\n|player|p2|joene723|265|1118\n|gen|9\n|tier|[Gen 9 Champions] VGC 2026 Reg M-A\n|rated|\n|rule|Species Clause: Limit one of each Pok\u00e9mon\n|rule|Item Clause: Limit 1 of each item\n|clearpoke\n|poke|p1|Aggron, L50, F|\n|poke|p1|Pelipper, L50, F|\n|poke|p1|Incineroar, L50, M|\n|poke|p1|Sinistcha, L50|\n|poke|p1|Basculegion, L50, M|\n|poke|p1|Dragonite, L50, M|\n|poke|p2|Sharpedo, L50, F|\n|poke|p2|Sableye, L50, M|\n|poke|p2|Pelipper, L50, M|\n|poke|p2|Archaludon, L50, M|\n|poke|p2|Tauros-Paldea-Combat, L50, M|\n|poke|p2|Excadrill, L50, M|\n|teampreview|4\n|inactive|Battle timer is ON: inactive players will automatically lose when time's up. (requested by joene723)\n|\n|t:|1776404288\n|teamsize|p1|4\n|teamsize|p2|4\n|start\n|switch|p1a: Dragonite|Dragonite, L50, M, shiny|100/100\n|switch|p1b: Incineroar|Incineroar, L50, M|100/100\n|switch|p2a: Sableye|Sableye, L50, M|100/100\n|switch|p2b: Sharpedo|Sharpedo, L50, F|100/100\n|-ability|p1b: Incineroar|Intimidate|boost\n|-unboost|p2a: Sableye|atk|1\n|-unboost|p2b: Sharpedo|atk|1\n|turn|1\n|\n|t:|1776404308\n|move|p2b: Sharpedo|Protect|p2b: Sharpedo\n|-singleturn|p2b: Sharpedo|Protect\n|move|p1a: Dragonite|Protect|p1a: Dragonite\n|-singleturn|p1a: Dragonite|Protect\n|move|p2a: Sableye|Fake Out|p1a: Dragonite\n|-activate|p1a: Dragonite|move: Protect\n|move|p1b: Incineroar|Taunt|p2a: Sableye\n|-start|p2a: Sableye|move: Taunt\n|-enditem|p2a: Sableye|Mental Herb\n|-end|p2a: Sableye|move: Taunt\n|\n|-ability|p2b: Sharpedo|Speed Boost|boost\n|-boost|p2b: Sharpedo|spe|1\n|upkeep\n|turn|2\n|inactive|joene723 has 30 seconds left.\n|inactive|joene723 has 20 seconds left.\n|\n|t:|1776404343\n|detailschange|p2b: Sharpedo|Sharpedo-Mega, L50, F\n|-mega|p2b: Sharpedo|Sharpedo|Sharpedonite\n|detailschange|p1a: Dragonite|Dragonite-Mega, L50, M, shiny\n|-mega|p1a: Dragonite|Dragonite|Dragoninite\n|move|p2a: Sableye|Pain Split|p1a: Dragonite\n|-sethp|p1a: Dragonite|87/100|[from] move: Pain Split|[silent]\n|-sethp|p2a: Sableye|100/100|[from] move: Pain Split\n|move|p2b: Sharpedo|Crunch|p1a: Dragonite\n|-damage|p1a: Dragonite|43/100\n|-unboost|p1a: Dragonite|def|1\n|move|p1a: Dragonite|Draco Meteor|p2b: Sharpedo\n|-damage|p2b: Sharpedo|0 fnt\n|-unboost|p1a: Dragonite|spa|2\n|faint|p2b: Sharpedo\n|move|p1b: Incineroar|Taunt|p2a: Sableye\n|-start|p2a: Sableye|move: Taunt\n|\n|upkeep\n|\n|t:|1776404367\n|switch|p2b: Excadrill|Excadrill, L50, M|100/100\n|turn|3\n|\n|t:|1776404386\n|switch|p1a: Pelipper|Pelipper, L50, F|100/100\n|-weather|RainDance|[from] ability: Drizzle|[of] p1a: Pelipper\n|switch|p2a: Archaludon|Archaludon, L50, M|100/100\n|move|p2b: Excadrill|Iron Head|p1a: Pelipper\n|-resisted|p1a: Pelipper|1\n|-damage|p1a: Pelipper|70/100\n|move|p1b: Incineroar|Parting Shot|p2b: Excadrill\n|-unboost|p2b: Excadrill|atk|1\n|-unboost|p2b: Excadrill|spa|1\n|\n|t:|1776404396\n|switch|p1b: Basculegion|Basculegion, L50, M|100/100|[from] Parting Shot\n|\n|-weather|RainDance|[upkeep]\n|upkeep\n|turn|4\n|\n|t:|1776404411\n|move|p2b: Excadrill|Protect|p2b: Excadrill\n|-singleturn|p2b: Excadrill|Protect\n|move|p1b: Basculegion|Flip Turn|p2b: Excadrill\n|-activate|p2b: Excadrill|move: Protect\n|move|p1a: Pelipper|Weather Ball|p2a: Archaludon\n|-resisted|p2a: Archaludon|1\n|-damage|p2a: Archaludon|66/100\n|-ability|p2a: Archaludon|Stamina|boost\n|-boost|p2a: Archaludon|def|1\n|move|p2a: Archaludon|Electro Shot||[still]\n|-prepare|p2a: Archaludon|Electro Shot\n|-boost|p2a: Archaludon|spa|1\n|-anim|p2a: Archaludon|Electro Shot|p1b: Basculegion\n|-supereffective|p1b: Basculegion|1\n|-damage|p1b: Basculegion|0 fnt\n|faint|p1b: Basculegion\n|\n|-weather|RainDance|[upkeep]\n|-heal|p2a: Archaludon|72/100|[from] item: Leftovers\n|upkeep\n|\n|t:|1776404413\n|switch|p1b: Dragonite|Dragonite-Mega, L50, M, shiny|43/100\n|turn|5\n|inactive|joene723 has 30 seconds left.\n|\n|t:|1776404442\n|move|p1b: Dragonite|Draco Meteor|p2a: Archaludon|[miss]\n|-miss|p1b: Dragonite|p2a: Archaludon\n|move|p2b: Excadrill|Iron Head|p1b: Dragonite\n|-damage|p1b: Dragonite|12/100\n|move|p1a: Pelipper|Weather Ball|p2b: Excadrill\n|-supereffective|p2b: Excadrill|1\n|-damage|p2b: Excadrill|0 fnt\n|faint|p2b: Excadrill\n|move|p2a: Archaludon|Electro Shot||[still]\n|-prepare|p2a: Archaludon|Electro Shot\n|-boost|p2a: Archaludon|spa|1\n|-anim|p2a: Archaludon|Electro Shot|p1b: Dragonite\n|-damage|p1b: Dragonite|0 fnt\n|faint|p1b: Dragonite\n|\n|-weather|RainDance|[upkeep]\n|-heal|p2a: Archaludon|78/100|[from] item: Leftovers\n|upkeep\n|-message|Crash0utVGC forfeited.\n|\n|win|joene723\n|raw|Crash0utVGC's rating: 1121 &rarr; <strong>1096</strong><br />(-25 for losing)\n|raw|joene723's rating: 1118 &rarr; <strong>1143</strong><br />(+25 for winning)\n",
  "uploadtime": 1776404449,
  "views": 19,
  "formatid": "gen9championsvgc2026regma",
  "rating": 1096,
  "private": 0,
  "password": null
}