{
  "id": "gen9championsvgc2026regma-2582707338",
  "format": "[Gen 9 Champions] VGC 2026 Reg M-A",
  "players": [
    "JimmiBunnie",
    "athens101"
  ],
  "log": "|j|\u2606JimmiBunnie\n|j|\u2606athens101\n|t:|1776108632\n|gametype|doubles\n|player|p1|JimmiBunnie|pokekid|1069\n|player|p2|athens101|169|1029\n|gen|9\n|tier|[Gen 9 Champions] VGC 2026 Reg M-A\n|rated|\n|rule|Species Clause: Limit one of each Pok\u00e9mon\n|rule|Item Clause: Limit 1 of each item\n|clearpoke\n|poke|p1|Lopunny, L50, F|\n|poke|p1|Garchomp, L50, M|\n|poke|p1|Incineroar, L50, M|\n|poke|p1|Rotom-Wash, L50|\n|poke|p1|Whimsicott, L50, M|\n|poke|p1|Sinistcha, L50|\n|poke|p2|Politoed, L50, F|\n|poke|p2|Gengar, L50, F|\n|poke|p2|Dragonite, L50, F|\n|poke|p2|Skarmory, L50, F|\n|poke|p2|Basculegion, L50, M|\n|poke|p2|Maushold-Four, L50|\n|teampreview|4\n|\n|t:|1776108666\n|teamsize|p1|4\n|teamsize|p2|4\n|start\n|switch|p1a: Garchomp|Garchomp, L50, M|100/100\n|switch|p1b: Rotom|Rotom-Wash, L50|100/100\n|switch|p2a: Politoed|Politoed, L50, F, shiny|100/100\n|switch|p2b: Dragonite|Dragonite, L50, F, shiny|100/100\n|-weather|RainDance|[from] ability: Drizzle|[of] p2a: Politoed\n|turn|1\n|\n|t:|1776108690\n|switch|p1a: Incineroar|Incineroar, L50, M|100/100\n|-ability|p1a: Incineroar|Intimidate|boost\n|-unboost|p2a: Politoed|atk|1\n|-fail|p2b: Dragonite|unboost|Attack|[from] ability: Inner Focus|[of] p2b: Dragonite\n|detailschange|p2b: Dragonite|Dragonite-Mega, L50, F, shiny\n|-mega|p2b: Dragonite|Dragonite|Dragoninite\n|move|p2b: Dragonite|Tailwind|p2b: Dragonite\n|-sidestart|p2: athens101|move: Tailwind\n|move|p2a: Politoed|Ice Beam|p1a: Incineroar\n|-resisted|p1a: Incineroar|1\n|-damage|p1a: Incineroar|93/100\n|move|p1b: Rotom|Volt Switch|p2b: Dragonite\n|-damage|p2b: Dragonite|87/100\n|\n|t:|1776108706\n|switch|p1b: Garchomp|Garchomp, L50, M|100/100|[from] Volt Switch\n|\n|-weather|RainDance|[upkeep]\n|upkeep\n|turn|2\n|\n|t:|1776108741\n|move|p1b: Garchomp|Protect|p1b: Garchomp\n|-singleturn|p1b: Garchomp|Protect\n|move|p1a: Incineroar|Fake Out|p2a: Politoed\n|-damage|p2a: Politoed|89/100\n|move|p2b: Dragonite|Draco Meteor|p1b: Garchomp\n|-activate|p1b: Garchomp|move: Protect\n|cant|p2a: Politoed|flinch\n|\n|-weather|RainDance|[upkeep]\n|-heal|p2a: Politoed|95/100|[from] item: Leftovers\n|upkeep\n|turn|3\n|\n|t:|1776108759\n|switch|p1b: Rotom|Rotom-Wash, L50|100/100\n|move|p2b: Dragonite|Draco Meteor|p1b: Rotom\n|-damage|p1b: Rotom|27/100\n|-unboost|p2b: Dragonite|spa|2\n|move|p2a: Politoed|Weather Ball|p1a: Incineroar\n|-supereffective|p1a: Incineroar|1\n|-damage|p1a: Incineroar|19/100\n|-enditem|p1a: Incineroar|Sitrus Berry|[eat]\n|-heal|p1a: Incineroar|44/100|[from] item: Sitrus Berry\n|move|p1a: Incineroar|Parting Shot|p2b: Dragonite\n|-unboost|p2b: Dragonite|atk|1\n|-unboost|p2b: Dragonite|spa|1\n|\n|t:|1776108774\n|switch|p1a: Lopunny|Lopunny, L50, F|100/100|[from] Parting Shot\n|\n|-weather|RainDance|[upkeep]\n|-heal|p2a: Politoed|100/100|[from] item: Leftovers\n|-heal|p1b: Rotom|33/100|[from] item: Leftovers\n|upkeep\n|turn|4\n|\n|t:|1776108792\n|switch|p2b: Gengar|Gengar, L50, F, shiny|100/100\n|detailschange|p1a: Lopunny|Lopunny-Mega, L50, F\n|-mega|p1a: Lopunny|Lopunny|Lopunnite\n|move|p1a: Lopunny|Fake Out|p2a: Politoed\n|-damage|p2a: Politoed|76/100\n|cant|p2a: Politoed|flinch\n|move|p1b: Rotom|Volt Switch|p2b: Gengar\n|-crit|p2b: Gengar\n|-damage|p2b: Gengar|26/100\n|\n|t:|1776108808\n|switch|p1b: Incineroar|Incineroar, L50, M|44/100|[from] Volt Switch\n|-ability|p1b: Incineroar|Intimidate|boost\n|-unboost|p2a: Politoed|atk|1\n|-unboost|p2b: Gengar|atk|1\n|\n|-weather|RainDance|[upkeep]\n|-heal|p2a: Politoed|82/100|[from] item: Leftovers\n|-sideend|p2: athens101|move: Tailwind\n|upkeep\n|turn|5\n|\n|t:|1776108830\n|move|p2a: Politoed|Protect|p2a: Politoed\n|-singleturn|p2a: Politoed|Protect\n|move|p1a: Lopunny|Close Combat|p2a: Politoed\n|-activate|p2a: Politoed|move: Protect\n|move|p2b: Gengar|Perish Song|p2b: Gengar\n|-start|p1a: Lopunny|perish3|[silent]\n|-start|p1b: Incineroar|perish3|[silent]\n|-start|p2a: Politoed|perish3|[silent]\n|-start|p2b: Gengar|perish3|[silent]\n|-fieldactivate|move: Perish Song\n|move|p1b: Incineroar|Throat Chop|p2b: Gengar\n|-supereffective|p2b: Gengar|1\n|-damage|p2b: Gengar|0 fnt\n|-start|p1b: Incineroar|Disable|Throat Chop|[from] ability: Cursed Body|[of] p2b: Gengar\n|faint|p2b: Gengar\n|\n|-weather|none\n|-heal|p2a: Politoed|88/100|[from] item: Leftovers\n|-start|p1a: Lopunny|perish3\n|-start|p2a: Politoed|perish3\n|-start|p1b: Incineroar|perish3\n|upkeep\n|\n|t:|1776108845\n|switch|p2b: Dragonite|Dragonite-Mega, L50, F, shiny|87/100\n|turn|6\n|\n|t:|1776108861\n|switch|p2a: Basculegion|Basculegion, L50, M, shiny|100/100\n|move|p1a: Lopunny|Protect|p1a: Lopunny\n|-singleturn|p1a: Lopunny|Protect\n|move|p2b: Dragonite|Tailwind|p2b: Dragonite\n|-sidestart|p2: athens101|move: Tailwind\n|move|p1b: Incineroar|Parting Shot|p2b: Dragonite\n|-unboost|p2b: Dragonite|atk|1\n|-unboost|p2b: Dragonite|spa|1\n|\n|t:|1776108873\n|switch|p1b: Rotom|Rotom-Wash, L50|33/100|[from] Parting Shot\n|\n|-heal|p1b: Rotom|39/100|[from] item: Leftovers\n|-start|p1a: Lopunny|perish2\n|upkeep\n|turn|7\n|\n|t:|1776108885\n|move|p2a: Basculegion|Last Respects|p1b: Rotom\n|-damage|p1b: Rotom|0 fnt\n|faint|p1b: Rotom\n|move|p2b: Dragonite|Draco Meteor|p1a: Lopunny\n|-damage|p1a: Lopunny|33/100\n|-unboost|p2b: Dragonite|spa|2\n|move|p1a: Lopunny|Close Combat|p2b: Dragonite\n|-resisted|p2b: Dragonite|1\n|-crit|p2b: Dragonite\n|-damage|p2b: Dragonite|41/100\n|-unboost|p1a: Lopunny|def|1\n|-unboost|p1a: Lopunny|spd|1\n|\n|-start|p1a: Lopunny|perish1\n|upkeep\n|\n|t:|1776108900\n|switch|p1b: Incineroar|Incineroar, L50, M|44/100\n|-ability|p1b: Incineroar|Intimidate|boost\n|-unboost|p2a: Basculegion|atk|1\n|-unboost|p2b: Dragonite|atk|1\n|turn|8\n|\n|t:|1776108913\n|switch|p2b: Politoed|Politoed, L50, F, shiny|88/100\n|-weather|RainDance|[from] ability: Drizzle|[of] p2b: Politoed\n|switch|p1a: Garchomp|Garchomp, L50, M|100/100\n|move|p1b: Incineroar|Fake Out|p2a: Basculegion\n|-immune|p2a: Basculegion\n|move|p2a: Basculegion|Last Respects|p1b: Incineroar\n|-resisted|p1b: Incineroar|1\n|-damage|p1b: Incineroar|27/100\n|\n|-weather|RainDance|[upkeep]\n|-heal|p2b: Politoed|94/100|[from] item: Leftovers\n|upkeep\n|turn|9\n|\n|t:|1776108934\n|switch|p1b: Lopunny|Lopunny-Mega, L50, F|33/100\n|move|p2b: Politoed|Protect|p2b: Politoed\n|-singleturn|p2b: Politoed|Protect\n|move|p2a: Basculegion|Last Respects|p1a: Garchomp\n|-damage|p1a: Garchomp|55/100\n|move|p1a: Garchomp|Rock Slide|p2a: Basculegion|[spread] p2a\n|-activate|p2b: Politoed|move: Protect\n|-damage|p2a: Basculegion|75/100\n|\n|-weather|RainDance|[upkeep]\n|-heal|p2b: Politoed|99/100|[from] item: Leftovers\n|-sideend|p2: athens101|move: Tailwind\n|upkeep\n|turn|10\n|l|\u2606athens101\n|player|p2|\n|j|\u2606athens101\n|player|p2|athens101|169|\n|\n|t:|1776108983\n|move|p1b: Lopunny|Fake Out|p2b: Politoed\n|-damage|p2b: Politoed|74/100\n|move|p2a: Basculegion|Last Respects|p1a: Garchomp\n|-damage|p1a: Garchomp|13/100\n|move|p1a: Garchomp|Dragon Claw|p2a: Basculegion\n|-damage|p2a: Basculegion|21/100\n|cant|p2b: Politoed|flinch\n|\n|-weather|RainDance|[upkeep]\n|-heal|p2b: Politoed|80/100|[from] item: Leftovers\n|upkeep\n|turn|11\n|\n|t:|1776109006\n|move|p1a: Garchomp|Protect|p1a: Garchomp\n|-singleturn|p1a: Garchomp|Protect\n|move|p2a: Basculegion|Last Respects|p1a: Garchomp\n|-activate|p1a: Garchomp|move: Protect\n|move|p1b: Lopunny|Close Combat|p2a: Basculegion\n|-damage|p2a: Basculegion|0 fnt\n|-unboost|p1b: Lopunny|def|1\n|-unboost|p1b: Lopunny|spd|1\n|faint|p2a: Basculegion\n|move|p2b: Politoed|Weather Ball|p1b: Lopunny\n|-damage|p1b: Lopunny|0 fnt\n|faint|p1b: Lopunny\n|\n|-weather|RainDance|[upkeep]\n|-heal|p2b: Politoed|86/100|[from] item: Leftovers\n|upkeep\n|\n|t:|1776109021\n|switch|p1b: Incineroar|Incineroar, L50, M|27/100\n|switch|p2a: Dragonite|Dragonite-Mega, L50, F, shiny|41/100\n|-ability|p1b: Incineroar|Intimidate|boost\n|-unboost|p2a: Dragonite|atk|1\n|-unboost|p2b: Politoed|atk|1\n|turn|12\n|\n|t:|1776109037\n|move|p1b: Incineroar|Fake Out|p2b: Politoed\n|-damage|p2b: Politoed|74/100\n|move|p1a: Garchomp|Dragon Claw|p2a: Dragonite\n|-supereffective|p2a: Dragonite|1\n|-damage|p2a: Dragonite|0 fnt\n|faint|p2a: Dragonite\n|cant|p2b: Politoed|flinch\n|\n|-weather|none\n|-heal|p2b: Politoed|80/100|[from] item: Leftovers\n|upkeep\n|turn|13\n|\n|t:|1776109069\n|move|p1a: Garchomp|Protect|p1a: Garchomp\n|-singleturn|p1a: Garchomp|Protect\n|move|p2b: Politoed|Encore|p1b: Incineroar\n|-start|p1b: Incineroar|Encore\n|move|p1b: Incineroar|Fake Out||[still]\n|-hint|Fake Out only works on your first turn out.\n|-fail|p1b: Incineroar\n|\n|-heal|p2b: Politoed|86/100|[from] item: Leftovers\n|upkeep\n|turn|14\n|\n|t:|1776109082\n|move|p1a: Garchomp|Dragon Claw|p2b: Politoed\n|-damage|p2b: Politoed|38/100\n|move|p2b: Politoed|Ice Beam|p1a: Garchomp\n|-supereffective|p1a: Garchomp|2\n|-damage|p1a: Garchomp|0 fnt\n|faint|p1a: Garchomp\n|-activate|p1b: Incineroar|move: Struggle\n|move|p1b: Incineroar|Struggle|p2b: Politoed\n|-damage|p2b: Politoed|23/100\n|-damage|p1b: Incineroar|2/100|[from] recoil\n|\n|-heal|p2b: Politoed|29/100|[from] item: Leftovers\n|upkeep\n|turn|15\n|-message|JimmiBunnie forfeited.\n|\n|win|athens101\n|raw|JimmiBunnie's rating: 1069 &rarr; <strong>1046</strong><br />(-23 for losing)\n|raw|athens101's rating: 1029 &rarr; <strong>1069</strong><br />(+40 for winning)\n|l|\u2606JimmiBunnie\n|player|p1|\n",
  "uploadtime": 1776109101,
  "views": 37,
  "formatid": "gen9championsvgc2026regma",
  "rating": 1046,
  "private": 0,
  "password": null
}