{
  "id": "gen9championsvgc2026regma-2582850660",
  "format": "[Gen 9 Champions] VGC 2026 Reg M-A",
  "players": [
    "CoolTrainerBu",
    "theeillusion"
  ],
  "log": "|j|\u2606CoolTrainerBu\n|j|\u2606theeillusion\n|t:|1776119040\n|gametype|doubles\n|player|p1|CoolTrainerBu|101|1125\n|player|p2|theeillusion|2|1180\n|gen|9\n|tier|[Gen 9 Champions] VGC 2026 Reg M-A\n|rated|\n|rule|Species Clause: Limit one of each Pok\u00e9mon\n|rule|Item Clause: Limit 1 of each item\n|clearpoke\n|poke|p1|Charizard, L50, M|\n|poke|p1|Whimsicott, L50, F|\n|poke|p1|Garchomp, L50, F|\n|poke|p1|Sneasler, L50, M|\n|poke|p1|Maushold, L50|\n|poke|p1|Incineroar, L50, M|\n|poke|p2|Floette-Eternal, L50, F|\n|poke|p2|Gengar, L50, M|\n|poke|p2|Incineroar, L50, F|\n|poke|p2|Zoroark-Hisui, L50, M|\n|poke|p2|Volcarona, L50, F|\n|poke|p2|Maushold, L50|\n|teampreview|4\n|inactive|Battle timer is ON: inactive players will automatically lose when time's up. (requested by theeillusion)\n|inactive|CoolTrainerBu has 60 seconds left.\n|\n|t:|1776119095\n|teamsize|p1|4\n|teamsize|p2|4\n|start\n|switch|p1a: Incineroar|Incineroar, L50, M|100/100\n|switch|p1b: Whimsicott|Whimsicott, L50, F|100/100\n|switch|p2a: Gengar|Gengar, L50, M, shiny|100/100\n|switch|p2b: Incineroar|Incineroar, L50, F, shiny|100/100\n|-ability|p1a: Incineroar|Intimidate|boost\n|-unboost|p2a: Gengar|atk|1\n|-unboost|p2b: Incineroar|atk|1\n|-ability|p2b: Incineroar|Intimidate|boost\n|-unboost|p1a: Incineroar|atk|1\n|-unboost|p1b: Whimsicott|atk|1\n|turn|1\n|inactive|CoolTrainerBu has 30 seconds left.\n|inactive|CoolTrainerBu has 20 seconds left.\n|\n|t:|1776119131\n|move|p1a: Incineroar|Fake Out|p2b: Incineroar\n|-damage|p2b: Incineroar|94/100\n|move|p1b: Whimsicott|Tailwind|p1b: Whimsicott\n|-sidestart|p1: CoolTrainerBu|move: Tailwind\n|move|p2a: Gengar|Hyper Beam|p1a: Incineroar\n|-damage|p1a: Incineroar|21/100\n|-mustrecharge|p2a: Gengar\n|cant|p2b: Incineroar|flinch\n|\n|upkeep\n|turn|2\n|\n|t:|1776119154\n|move|p1b: Whimsicott|Encore|p2b: Incineroar\n|-hint|Since gen 7, Dark is immune to Prankster moves.\n|-immune|p2b: Incineroar\n|cant|p2a: Gengar|recharge\n|move|p1a: Incineroar|Darkest Lariat|p2a: Gengar\n|-supereffective|p2a: Gengar|1\n|-damage|p2a: Gengar|0 fnt\n|replace|p2a: Zoroark|Zoroark-Hisui, L50, M, shiny\n|-end|p2a: Zoroark|Illusion\n|faint|p2a: Zoroark\n|move|p2b: Incineroar|Flare Blitz|p1b: Whimsicott\n|-supereffective|p1b: Whimsicott|1\n|-damage|p1b: Whimsicott|11/100\n|-damage|p2b: Incineroar|74/100|[from] Recoil\n|\n|upkeep\n|\n|t:|1776119168\n|switch|p2a: Floette|Floette-Eternal, L50, F|100/100\n|turn|3\n|\n|t:|1776119183\n|move|p2a: Floette|Protect|p2a: Floette\n|-singleturn|p2a: Floette|Protect\n|move|p1b: Whimsicott|Moonblast|p2b: Incineroar\n|-damage|p2b: Incineroar|43/100\n|-enditem|p2b: Incineroar|Sitrus Berry|[eat]\n|-heal|p2b: Incineroar|68/100|[from] item: Sitrus Berry\n|move|p1a: Incineroar|Parting Shot|p2a: Floette\n|-activate|p2a: Floette|move: Protect\n|move|p2b: Incineroar|Flare Blitz|p1a: Incineroar\n|-resisted|p1a: Incineroar|1\n|-damage|p1a: Incineroar|6/100\n|-damage|p2b: Incineroar|63/100|[from] Recoil\n|\n|upkeep\n|turn|4\n|inactive|CoolTrainerBu has 30 seconds left.\n|\n|t:|1776119210\n|switch|p1a: Charizard|Charizard, L50, M|100/100\n|detailschange|p2a: Floette|Floette-Mega, L50, F\n|-mega|p2a: Floette|Floette|Floettite\n|-ability|p2a: Floette|Fairy Aura\n|move|p1b: Whimsicott|Encore|p2a: Floette\n|-start|p2a: Floette|Encore\n|move|p2a: Floette|Protect|p2a: Floette\n|-singleturn|p2a: Floette|Protect\n|move|p2b: Incineroar|Flare Blitz|p1a: Charizard\n|-resisted|p1a: Charizard|1\n|-damage|p1a: Charizard|84/100\n|-damage|p2b: Incineroar|58/100|[from] Recoil\n|\n|-sideend|p1: CoolTrainerBu|move: Tailwind\n|upkeep\n|turn|5\n|inactive|CoolTrainerBu has 30 seconds left.\n|inactive|theeillusion has 30 seconds left.\n|\n|t:|1776119242\n|switch|p1b: Sneasler|Sneasler, L50, M|100/100\n|switch|p2a: Gengar|Gengar, L50, M, shiny|100/100\n|detailschange|p1a: Charizard|Charizard-Mega-Y, L50, M\n|-mega|p1a: Charizard|Charizard|Charizardite Y\n|-weather|SunnyDay|[from] ability: Drought|[of] p1a: Charizard\n|move|p1a: Charizard|Heat Wave|p2b: Incineroar|[spread] p2a,p2b\n|-resisted|p2b: Incineroar|1\n|-damage|p2a: Gengar|41/100\n|-damage|p2b: Incineroar|27/100\n|move|p2b: Incineroar|Flare Blitz|p1b: Sneasler\n|-damage|p1b: Sneasler|20/100\n|-damage|p2b: Incineroar|6/100|[from] Recoil\n|\n|-weather|SunnyDay|[upkeep]\n|upkeep\n|turn|6\n|inactive|theeillusion has 30 seconds left.\n|\n|t:|1776119271\n|switch|p1b: Incineroar|Incineroar, L50, M|6/100\n|-ability|p1b: Incineroar|Intimidate|boost\n|-unboost|p2a: Gengar|atk|1\n|-unboost|p2b: Incineroar|atk|1\n|move|p2a: Gengar|Protect|p2a: Gengar\n|-singleturn|p2a: Gengar|Protect\n|move|p1a: Charizard|Heat Wave|p2b: Incineroar|[spread] \n|-activate|p2a: Gengar|move: Protect\n|-miss|p1a: Charizard|p2b: Incineroar\n|move|p2b: Incineroar|Parting Shot|p1a: Charizard\n|-unboost|p1a: Charizard|atk|1\n|-unboost|p1a: Charizard|spa|1\n|\n|t:|1776119283\n|switch|p2b: Floette|Floette-Mega, L50, F|100/100|[from] Parting Shot\n|-ability|p2b: Floette|Fairy Aura\n|\n|-weather|SunnyDay|[upkeep]\n|upkeep\n|turn|7\n|\n|t:|1776119302\n|move|p2b: Floette|Protect|p2b: Floette\n|-singleturn|p2b: Floette|Protect\n|move|p1b: Incineroar|Fake Out|p2b: Floette\n|-activate|p2b: Floette|move: Protect\n|move|p1a: Charizard|Weather Ball|p2a: Gengar\n|-damage|p2a: Gengar|0 fnt\n|faint|p2a: Gengar\n|\n|-weather|SunnyDay|[upkeep]\n|upkeep\n|\n|t:|1776119310\n|switch|p2a: Incineroar|Incineroar, L50, F, shiny|6/100\n|-ability|p2a: Incineroar|Intimidate|boost\n|-unboost|p1a: Charizard|atk|1\n|-unboost|p1b: Incineroar|atk|1\n|turn|8\n|\n|t:|1776119328\n|move|p1a: Charizard|Protect|p1a: Charizard\n|-singleturn|p1a: Charizard|Protect\n|move|p2a: Incineroar|Fake Out|p1a: Charizard\n|-activate|p1a: Charizard|move: Protect\n|move|p2b: Floette|Dazzling Gleam|p1a: Charizard|[spread] p1b\n|-activate|p1a: Charizard|move: Protect\n|-damage|p1b: Incineroar|0 fnt\n|faint|p1b: Incineroar\n|\n|-weather|SunnyDay|[upkeep]\n|upkeep\n|\n|t:|1776119343\n|switch|p1b: Whimsicott|Whimsicott, L50, F|11/100\n|turn|9\n|\n|t:|1776119361\n|move|p1b: Whimsicott|Tailwind|p1b: Whimsicott\n|-sidestart|p1: CoolTrainerBu|move: Tailwind\n|move|p1a: Charizard|Heat Wave|p2a: Incineroar|[spread] p2a,p2b\n|-resisted|p2a: Incineroar|1\n|-damage|p2a: Incineroar|0 fnt\n|-damage|p2b: Floette|63/100\n|faint|p2a: Incineroar\n|move|p2b: Floette|Dazzling Gleam|p1a: Charizard|[spread] p1a,p1b\n|-resisted|p1a: Charizard|1\n|-damage|p1a: Charizard|60/100\n|-damage|p1b: Whimsicott|0 fnt\n|faint|p1b: Whimsicott\n|\n|-weather|none\n|upkeep\n|\n|t:|1776119371\n|switch|p1b: Sneasler|Sneasler, L50, M|20/100\n|turn|10\n|\n|t:|1776119377\n|move|p2b: Floette|Protect|p2b: Floette\n|-singleturn|p2b: Floette|Protect\n|move|p1b: Sneasler|Dire Claw|p2b: Floette\n|-activate|p2b: Floette|move: Protect\n|move|p1a: Charizard|Heat Wave|p2b: Floette\n|-activate|p2b: Floette|move: Protect\n|\n|upkeep\n|turn|11\n|\n|t:|1776119386\n|move|p1b: Sneasler|Dire Claw|p2b: Floette\n|-supereffective|p2b: Floette|1\n|-damage|p2b: Floette|0 fnt\n|faint|p2b: Floette\n|\n|win|CoolTrainerBu\n|raw|CoolTrainerBu's rating: 1125 &rarr; <strong>1154</strong><br />(+29 for winning)\n|raw|theeillusion's rating: 1180 &rarr; <strong>1151</strong><br />(-29 for losing)\n|l|\u2606theeillusion\n|player|p2|\n",
  "uploadtime": 1776119398,
  "views": 14,
  "formatid": "gen9championsvgc2026regma",
  "rating": 1151,
  "private": 0,
  "password": null
}