{
  "id": "gen9championsvgc2026regma-2587134792",
  "format": "[Gen 9 Champions] VGC 2026 Reg M-A",
  "players": [
    "specstacular",
    "MilkTeaWayGalaxy"
  ],
  "log": "|j|\u2606specstacular\n|j|\u2606MilkTeaWayGalaxy\n|t:|1776498422\n|gametype|doubles\n|player|p1|specstacular|169|1243\n|player|p2|MilkTeaWayGalaxy|rosa-pokestar3|1310\n|gen|9\n|tier|[Gen 9 Champions] VGC 2026 Reg M-A\n|rated|\n|rule|Species Clause: Limit one of each Pok\u00e9mon\n|rule|Item Clause: Limit 1 of each item\n|clearpoke\n|poke|p1|Incineroar, L50, F|\n|poke|p1|Hawlucha, L50, M|\n|poke|p1|Rotom-Wash, L50|\n|poke|p1|Snorlax, L50, M|\n|poke|p1|Glimmora, L50, M|\n|poke|p1|Sinistcha-Masterpiece, L50|\n|poke|p2|Milotic, L50, F|\n|poke|p2|Froslass, L50, F|\n|poke|p2|Sneasler, L50, M|\n|poke|p2|Gyarados, L50, M|\n|poke|p2|Incineroar, L50, M|\n|poke|p2|Sinistcha, L50|\n|teampreview|4\n|inactive|Battle timer is ON: inactive players will automatically lose when time's up. (requested by specstacular)\n|inactive|MilkTeaWayGalaxy has 60 seconds left.\n|inactive|MilkTeaWayGalaxy has 30 seconds left.\n|\n|t:|1776498485\n|teamsize|p1|4\n|teamsize|p2|4\n|start\n|switch|p1a: Hawlucha|Hawlucha, L50, M|100/100\n|switch|p1b: Snorlax|Snorlax, L50, M|100/100\n|switch|p2a: Froslass|Froslass, L50, F|100/100\n|switch|p2b: Incineroar|Incineroar, L50, M|100/100\n|-ability|p2b: Incineroar|Intimidate|boost\n|-unboost|p1a: Hawlucha|atk|1\n|-unboost|p1b: Snorlax|atk|1\n|turn|1\n|\n|t:|1776498506\n|detailschange|p2a: Froslass|Froslass-Mega, L50, F\n|-mega|p2a: Froslass|Froslass|Froslassite\n|-weather|Snowscape|[from] ability: Snow Warning|[of] p2a: Froslass\n|detailschange|p1a: Hawlucha|Hawlucha-Mega, L50, M\n|-mega|p1a: Hawlucha|Hawlucha|Hawluchanite\n|move|p2b: Incineroar|Fake Out|p1a: Hawlucha\n|-damage|p1a: Hawlucha|90/100\n|move|p2a: Froslass|Blizzard|p1b: Snorlax|[spread] p1a,p1b\n|-supereffective|p1a: Hawlucha|1\n|-damage|p1a: Hawlucha|3/100\n|-damage|p1b: Snorlax|88/100\n|cant|p1a: Hawlucha|flinch\n|move|p1b: Snorlax|Fissure|p2a: Froslass|[miss]\n|-miss|p1b: Snorlax|p2a: Froslass\n|\n|-weather|Snowscape|[upkeep]\n|-heal|p1b: Snorlax|94/100|[from] item: Leftovers\n|upkeep\n|turn|2\n|\n|t:|1776498528\n|switch|p1a: Rotom|Rotom-Wash, L50|100/100\n|move|p2a: Froslass|Blizzard|p1a: Rotom|[spread] p1a,p1b\n|-resisted|p1a: Rotom|1\n|-damage|p1a: Rotom|74/100\n|-damage|p1b: Snorlax|82/100\n|move|p2b: Incineroar|Parting Shot|p1b: Snorlax\n|-unboost|p1b: Snorlax|atk|1\n|-unboost|p1b: Snorlax|spa|1\n|\n|t:|1776498536\n|switch|p2b: Sneasler|Sneasler, L50, M|100/100|[from] Parting Shot\n|move|p1b: Snorlax|Fissure|p2a: Froslass|[miss]\n|-miss|p1b: Snorlax|p2a: Froslass\n|\n|-weather|Snowscape|[upkeep]\n|-heal|p1b: Snorlax|88/100|[from] item: Leftovers\n|upkeep\n|turn|3\n|\n|t:|1776498560\n|move|p1a: Rotom|Thunderbolt|p2b: Sneasler\n|-damage|p2b: Sneasler|50/100\n|move|p2a: Froslass|Aurora Veil|p2a: Froslass\n|-sidestart|p2: MilkTeaWayGalaxy|move: Aurora Veil\n|move|p2b: Sneasler|Close Combat|p1b: Snorlax\n|-supereffective|p1b: Snorlax|1\n|-damage|p1b: Snorlax|13/100\n|-unboost|p2b: Sneasler|def|1\n|-unboost|p2b: Sneasler|spd|1\n|-enditem|p2b: Sneasler|White Herb\n|-clearnegativeboost|p2b: Sneasler|[silent]\n|move|p1b: Snorlax|Fissure|p2a: Froslass|[miss]\n|-miss|p1b: Snorlax|p2a: Froslass\n|\n|-weather|Snowscape|[upkeep]\n|-heal|p1b: Snorlax|19/100|[from] item: Leftovers\n|upkeep\n|turn|4\n|\n|t:|1776498579\n|move|p2b: Sneasler|Dire Claw|p1b: Snorlax\n|-damage|p1b: Snorlax|0 fnt\n|faint|p1b: Snorlax\n|move|p1a: Rotom|Thunderbolt|p2b: Sneasler\n|-damage|p2b: Sneasler|17/100\n|move|p2a: Froslass|Shadow Ball|p1a: Rotom\n|-damage|p1a: Rotom|23/100\n|-unboost|p1a: Rotom|spd|1\n|\n|-weather|Snowscape|[upkeep]\n|upkeep\n|\n|t:|1776498584\n|switch|p1b: Sinistcha|Sinistcha-Masterpiece, L50|100/100\n|-heal|p1a: Rotom|48/100|[from] ability: Hospitality|[of] p1b: Sinistcha\n|turn|5\n|\n|t:|1776498590\n|move|p2b: Sneasler|Protect|p2b: Sneasler\n|-singleturn|p2b: Sneasler|Protect\n|move|p1a: Rotom|Thunderbolt|p2b: Sneasler\n|-activate|p2b: Sneasler|move: Protect\n|move|p2a: Froslass|Shadow Ball|p1b: Sinistcha\n|-supereffective|p1b: Sinistcha|1\n|-damage|p1b: Sinistcha|29/100\n|-enditem|p1b: Sinistcha|Sitrus Berry|[eat]\n|-heal|p1b: Sinistcha|53/100|[from] item: Sitrus Berry\n|move|p1b: Sinistcha|Trick Room|p1b: Sinistcha\n|-fieldstart|move: Trick Room|[of] p1b: Sinistcha\n|\n|-weather|none\n|upkeep\n|turn|6\n|\n|t:|1776498607\n|move|p1b: Sinistcha|Matcha Gotcha|p2a: Froslass|[spread] p2b\n|-miss|p1b: Sinistcha|p2a: Froslass\n|-resisted|p2b: Sneasler|1\n|-damage|p2b: Sneasler|7/100\n|-heal|p1b: Sinistcha|58/100|[from] drain|[of] p2b: Sneasler\n|-status|p2b: Sneasler|brn\n|move|p2a: Froslass|Shadow Ball|p1a: Rotom\n|-damage|p1a: Rotom|0 fnt\n|faint|p1a: Rotom\n|move|p2b: Sneasler|Dire Claw|p1b: Sinistcha\n|-damage|p1b: Sinistcha|43/100\n|\n|-damage|p2b: Sneasler|1/100 brn|[from] brn\n|upkeep\n|\n|t:|1776498611\n|switch|p1a: Hawlucha|Hawlucha-Mega, L50, M|3/100\n|turn|7\n|\n|t:|1776498632\n|switch|p2a: Incineroar|Incineroar, L50, M|100/100\n|-ability|p2a: Incineroar|Intimidate|boost\n|-unboost|p1a: Hawlucha|atk|1\n|-unboost|p1b: Sinistcha|atk|1\n|move|p1b: Sinistcha|Strength Sap|p2a: Incineroar\n|-unboost|p2a: Incineroar|atk|1\n|-heal|p1b: Sinistcha|100/100\n|move|p1a: Hawlucha|Brave Bird|p2a: Incineroar\n|-damage|p2a: Incineroar|75/100\n|-damage|p1a: Hawlucha|0 fnt|[from] Recoil\n|faint|p1a: Hawlucha\n|move|p2b: Sneasler|Dire Claw|p1b: Sinistcha\n|-damage|p1b: Sinistcha|84/100\n|\n|-damage|p2b: Sneasler|0 fnt|[from] brn\n|faint|p2b: Sneasler\n|-sideend|p2: MilkTeaWayGalaxy|move: Aurora Veil\n|upkeep\n|\n|t:|1776498644\n|switch|p2b: Froslass|Froslass-Mega, L50, F|100/100\n|-weather|Snowscape|[from] ability: Snow Warning|[of] p2b: Froslass\n|turn|8\n|\n|t:|1776498648\n|move|p2a: Incineroar|Flare Blitz|p1b: Sinistcha\n|-supereffective|p1b: Sinistcha|1\n|-damage|p1b: Sinistcha|26/100\n|-status|p1b: Sinistcha|brn\n|-damage|p2a: Incineroar|57/100|[from] Recoil\n|move|p1b: Sinistcha|Matcha Gotcha|p2a: Incineroar|[spread] p2a,p2b\n|-resisted|p2a: Incineroar|1\n|-damage|p2a: Incineroar|48/100\n|-heal|p1b: Sinistcha|31/100 brn|[from] drain|[of] p2a: Incineroar\n|-damage|p2b: Froslass|72/100\n|-heal|p1b: Sinistcha|43/100 brn|[from] drain|[of] p2b: Froslass\n|move|p2b: Froslass|Blizzard|p1b: Sinistcha\n|-supereffective|p1b: Sinistcha|1\n|-damage|p1b: Sinistcha|0 fnt\n|faint|p1b: Sinistcha\n|\n|win|MilkTeaWayGalaxy\n|raw|specstacular's rating: 1243 &rarr; <strong>1223</strong><br />(-20 for losing)\n|raw|MilkTeaWayGalaxy's rating: 1310 &rarr; <strong>1326</strong><br />(+16 for winning)\n|l|\u2606specstacular\n|player|p1|\n",
  "uploadtime": 1776498664,
  "views": 17,
  "formatid": "gen9championsvgc2026regma",
  "rating": 1223,
  "private": 0,
  "password": null
}