{
  "id": "gen9championsvgc2026regma-2582625680",
  "format": "[Gen 9 Champions] VGC 2026 Reg M-A",
  "players": [
    "wqfqwffqw",
    "BigMammaDeluxe"
  ],
  "log": "|j|\u2606wqfqwffqw\n|j|\u2606BigMammaDeluxe\n|t:|1776103434\n|gametype|doubles\n|player|p1|wqfqwffqw|1|1029\n|player|p2|BigMammaDeluxe|169|1050\n|gen|9\n|tier|[Gen 9 Champions] VGC 2026 Reg M-A\n|rated|\n|rule|Species Clause: Limit one of each Pok\u00e9mon\n|rule|Item Clause: Limit 1 of each item\n|clearpoke\n|poke|p1|Chandelure, L50, M|\n|poke|p1|Torkoal, L50, M|\n|poke|p1|Incineroar, L50, M|\n|poke|p1|Whimsicott, L50, F|\n|poke|p1|Ninetales-Alola, L50, M|\n|poke|p1|Garchomp, L50, M|\n|poke|p2|Charizard, L50, F|\n|poke|p2|Incineroar, L50, F|\n|poke|p2|Venusaur, L50, F|\n|poke|p2|Garchomp, L50, F|\n|poke|p2|Whimsicott, L50, M|\n|poke|p2|Kommo-o, L50, M|\n|teampreview|4\n|\n|t:|1776103450\n|teamsize|p1|4\n|teamsize|p2|4\n|start\n|switch|p1a: Chandelure|Chandelure, L50, M|100/100\n|switch|p1b: Whimsicott|Whimsicott, L50, F|100/100\n|switch|p2a: Joe Ingles|Charizard, L50, F, shiny|100/100\n|switch|p2b: Venusaur|Venusaur, L50, F|100/100\n|turn|1\n|\n|t:|1776103468\n|detailschange|p1a: Chandelure|Chandelure-Mega, L50, M\n|-mega|p1a: Chandelure|Chandelure|Chandelurite\n|move|p2b: Venusaur|Protect|p2b: Venusaur\n|-singleturn|p2b: Venusaur|Protect\n|move|p1b: Whimsicott|Tailwind|p1b: Whimsicott\n|-sidestart|p1: wqfqwffqw|move: Tailwind\n|move|p1a: Chandelure|Heat Wave|p2b: Venusaur|[spread] p2a\n|-activate|p2b: Venusaur|move: Protect\n|-resisted|p2a: Joe Ingles|1\n|-crit|p2a: Joe Ingles\n|-damage|p2a: Joe Ingles|54/100\n|move|p2a: Joe Ingles|Hurricane|p1b: Whimsicott\n|-supereffective|p1b: Whimsicott|1\n|-enditem|p1b: Whimsicott|Focus Sash\n|-damage|p1b: Whimsicott|1/100\n|\n|upkeep\n|turn|2\n|\n|t:|1776103508\n|switch|p1b: Torkoal|Torkoal, L50, M|100/100\n|-weather|SunnyDay|[from] ability: Drought|[of] p1b: Torkoal\n|switch|p2a: Incineroar|Incineroar, L50, F|100/100\n|-ability|p2a: Incineroar|Intimidate|boost\n|-unboost|p1a: Chandelure|atk|1\n|-unboost|p1b: Torkoal|atk|1\n|move|p2b: Venusaur|Sleep Powder|p1a: Chandelure\n|-status|p1a: Chandelure|slp|[from] move: Sleep Powder\n|cant|p1a: Chandelure|slp\n|\n|-weather|SunnyDay|[upkeep]\n|upkeep\n|turn|3\n|\n|t:|1776103537\n|switch|p2b: Garchomp|Garchomp, L50, F|100/100\n|switch|p1b: Incineroar|Incineroar, L50, M|100/100\n|-ability|p1b: Incineroar|Intimidate|boost\n|-unboost|p2a: Incineroar|atk|1\n|-unboost|p2b: Garchomp|atk|1\n|move|p2a: Incineroar|Fake Out|p1b: Incineroar\n|-damage|p1b: Incineroar|92/100\n|cant|p1a: Chandelure|slp\n|\n|-weather|SunnyDay|[upkeep]\n|-heal|p1b: Incineroar|98/100|[from] item: Leftovers\n|upkeep\n|turn|4\n|\n|t:|1776103567\n|move|p1b: Incineroar|Fake Out|p2b: Garchomp\n|-damage|p2b: Garchomp|89/100\n|-damage|p1b: Incineroar|86/100|[from] ability: Rough Skin|[of] p2b: Garchomp\n|-curestatus|p1a: Chandelure|slp|[msg]\n|move|p1a: Chandelure|Heat Wave|p2b: Garchomp|[spread] p2a,p2b\n|-resisted|p2a: Incineroar|1\n|-resisted|p2b: Garchomp|1\n|-damage|p2a: Incineroar|69/100\n|-damage|p2b: Garchomp|48/100\n|cant|p2b: Garchomp|flinch\n|move|p2a: Incineroar|Throat Chop|p1a: Chandelure\n|-supereffective|p1a: Chandelure|1\n|-damage|p1a: Chandelure|29/100\n|-start|p1a: Chandelure|Throat Chop|[silent]\n|\n|-weather|SunnyDay|[upkeep]\n|-heal|p1b: Incineroar|92/100|[from] item: Leftovers\n|-sideend|p1: wqfqwffqw|move: Tailwind\n|upkeep\n|turn|5\n|\n|t:|1776103590\n|move|p1a: Chandelure|Protect|p1a: Chandelure\n|-singleturn|p1a: Chandelure|Protect\n|move|p2b: Garchomp|Stomping Tantrum|p1b: Incineroar\n|-supereffective|p1b: Incineroar|1\n|-damage|p1b: Incineroar|5/100\n|move|p2a: Incineroar|Throat Chop|p1a: Chandelure\n|-activate|p1a: Chandelure|move: Protect\n|move|p1b: Incineroar|Parting Shot|p2b: Garchomp\n|-unboost|p2b: Garchomp|atk|1\n|-unboost|p2b: Garchomp|spa|1\n|\n|t:|1776103597\n|switch|p1b: Whimsicott|Whimsicott, L50, F|1/100|[from] Parting Shot\n|\n|-weather|SunnyDay|[upkeep]\n|-end|p1a: Chandelure|Throat Chop|[silent]\n|upkeep\n|turn|6\n|\n|t:|1776103612\n|move|p2b: Garchomp|Protect|p2b: Garchomp\n|-singleturn|p2b: Garchomp|Protect\n|move|p1b: Whimsicott|Tailwind|p1b: Whimsicott\n|-sidestart|p1: wqfqwffqw|move: Tailwind\n|move|p1a: Chandelure|Heat Wave|p2a: Incineroar|[spread] p2a\n|-activate|p2b: Garchomp|move: Protect\n|-resisted|p2a: Incineroar|1\n|-damage|p2a: Incineroar|36/100\n|-enditem|p2a: Incineroar|Sitrus Berry|[eat]\n|-heal|p2a: Incineroar|61/100|[from] item: Sitrus Berry\n|move|p2a: Incineroar|Throat Chop|p1a: Chandelure\n|-supereffective|p1a: Chandelure|1\n|-damage|p1a: Chandelure|0 fnt\n|faint|p1a: Chandelure\n|\n|-weather|none\n|upkeep\n|\n|t:|1776103619\n|switch|p1a: Torkoal|Torkoal, L50, M|100/100\n|-weather|SunnyDay|[from] ability: Drought|[of] p1a: Torkoal\n|turn|7\n|\n|t:|1776103659\n|move|p1b: Whimsicott|Moonblast|p2b: Garchomp\n|-supereffective|p2b: Garchomp|1\n|-damage|p2b: Garchomp|0 fnt\n|faint|p2b: Garchomp\n|move|p2a: Incineroar|Parting Shot|p1a: Torkoal\n|-unboost|p1a: Torkoal|atk|1\n|-unboost|p1a: Torkoal|spa|1\n|\n|t:|1776103668\n|switch|p2a: Joe Ingles|Charizard, L50, F, shiny|54/100|[from] Parting Shot\n|move|p1a: Torkoal|Body Press|p2a: Joe Ingles\n|-resisted|p2a: Joe Ingles|1\n|-damage|p2a: Joe Ingles|33/100\n|\n|-weather|SunnyDay|[upkeep]\n|-damage|p2a: Joe Ingles|20/100|[from] ability: Solar Power|[of] p2a: Joe Ingles\n|upkeep\n|\n|t:|1776103679\n|switch|p2b: Incineroar|Incineroar, L50, F|61/100\n|-ability|p2b: Incineroar|Intimidate|boost\n|-unboost|p1a: Torkoal|atk|1\n|-unboost|p1b: Whimsicott|atk|1\n|turn|8\n|\n|t:|1776103712\n|switch|p1b: Incineroar|Incineroar, L50, M|5/100\n|-ability|p1b: Incineroar|Intimidate|boost\n|-unboost|p2a: Joe Ingles|atk|1\n|-unboost|p2b: Incineroar|atk|1\n|detailschange|p2a: Joe Ingles|Charizard-Mega-Y, L50, F, shiny\n|-mega|p2a: Joe Ingles|Charizard|Charizardite Y\n|move|p2a: Joe Ingles|Hurricane|p1a: Torkoal\n|-damage|p1a: Torkoal|3/100\n|move|p2b: Incineroar|Throat Chop|p1a: Torkoal\n|-damage|p1a: Torkoal|0 fnt\n|faint|p1a: Torkoal\n|\n|-weather|SunnyDay|[upkeep]\n|-heal|p1b: Incineroar|11/100|[from] item: Leftovers\n|upkeep\n|\n|t:|1776103716\n|switch|p1a: Whimsicott|Whimsicott, L50, F|1/100\n|turn|9\n|\n|t:|1776103753\n|move|p2a: Joe Ingles|Protect|p2a: Joe Ingles\n|-singleturn|p2a: Joe Ingles|Protect\n|move|p1b: Incineroar|Fake Out|p2b: Incineroar\n|-damage|p2b: Incineroar|50/100\n|move|p1a: Whimsicott|Moonblast|p2a: Joe Ingles\n|-activate|p2a: Joe Ingles|move: Protect\n|cant|p2b: Incineroar|flinch\n|\n|-weather|SunnyDay|[upkeep]\n|-heal|p1b: Incineroar|17/100|[from] item: Leftovers\n|-sideend|p1: wqfqwffqw|move: Tailwind\n|upkeep\n|turn|10\n|\n|t:|1776103787\n|move|p1a: Whimsicott|Moonblast|p2a: Joe Ingles\n|-resisted|p2a: Joe Ingles|1\n|-damage|p2a: Joe Ingles|1/100\n|move|p2a: Joe Ingles|Heat Wave|p1b: Incineroar|[spread] p1a,p1b\n|-supereffective|p1a: Whimsicott|1\n|-resisted|p1b: Incineroar|1\n|-damage|p1a: Whimsicott|0 fnt\n|-damage|p1b: Incineroar|0 fnt\n|faint|p1a: Whimsicott\n|faint|p1b: Incineroar\n|\n|win|BigMammaDeluxe\n|raw|wqfqwffqw's rating: 1029 &rarr; <strong>1016</strong><br />(-13 for losing)\n|raw|BigMammaDeluxe's rating: 1050 &rarr; <strong>1081</strong><br />(+31 for winning)\n",
  "uploadtime": 1776103798,
  "views": 17,
  "formatid": "gen9championsvgc2026regma",
  "rating": 1016,
  "private": 0,
  "password": null
}