{
  "id": "gen9championsvgc2026regma-2587678812",
  "format": "[Gen 9 Champions] VGC 2026 Reg M-A",
  "players": [
    "KalarFenrir01",
    "Spillolino"
  ],
  "log": "|j|\u2606KalarFenrir01\n|j|\u2606Spillolino\n|t:|1776553094\n|gametype|doubles\n|player|p1|KalarFenrir01|170|1095\n|player|p2|Spillolino|benga|1092\n|gen|9\n|tier|[Gen 9 Champions] VGC 2026 Reg M-A\n|rated|\n|rule|Species Clause: Limit one of each Pok\u00e9mon\n|rule|Item Clause: Limit 1 of each item\n|clearpoke\n|poke|p1|Basculegion, L50, M, shiny|\n|poke|p1|Corviknight, L50, F, shiny|\n|poke|p1|Incineroar, L50, M, shiny|\n|poke|p1|Excadrill, L50, F|\n|poke|p1|Tyranitar, L50, F|\n|poke|p1|Aerodactyl, L50, M|\n|poke|p2|Scovillain, L50, F|\n|poke|p2|Sneasler, L50, M|\n|poke|p2|Aerodactyl, L50, M|\n|poke|p2|Rotom-Wash, L50|\n|poke|p2|Garchomp, L50, F|\n|poke|p2|Ninetales-Alola, L50, F|\n|teampreview|4\n|inactive|Battle timer is ON: inactive players will automatically lose when time's up. (requested by KalarFenrir01)\n|\n|t:|1776553126\n|teamsize|p1|4\n|teamsize|p2|4\n|start\n|switch|p1a: Tyranitar|Tyranitar, L50, F|100/100\n|switch|p1b: Corviknight|Corviknight, L50, F, shiny|100/100\n|switch|p2a: Aerodactyl|Aerodactyl, L50, M|100/100\n|switch|p2b: Sneasler|Sneasler, L50, M|100/100\n|-ability|p2a: Aerodactyl|Unnerve\n|-weather|Sandstorm|[from] ability: Sand Stream|[of] p1a: Tyranitar\n|turn|1\n|\n|t:|1776553145\n|move|p1a: Tyranitar|Protect|p1a: Tyranitar\n|-singleturn|p1a: Tyranitar|Protect\n|move|p2b: Sneasler|Fake Out|p1b: Corviknight\n|-resisted|p1b: Corviknight|1\n|-damage|p1b: Corviknight|95/100\n|move|p2a: Aerodactyl|Tailwind|p2a: Aerodactyl\n|-sidestart|p2: Spillolino|move: Tailwind\n|cant|p1b: Corviknight|flinch\n|\n|-weather|Sandstorm|[upkeep]\n|-damage|p2b: Sneasler|95/100|[from] Sandstorm\n|-heal|p1b: Corviknight|100/100|[from] item: Leftovers\n|upkeep\n|turn|2\n|\n|t:|1776553163\n|switch|p2a: Ninetales|Ninetales-Alola, L50, F|100/100\n|-weather|Snowscape|[from] ability: Snow Warning|[of] p2a: Ninetales\n|detailschange|p1a: Tyranitar|Tyranitar-Mega, L50, F\n|-mega|p1a: Tyranitar|Tyranitar|Tyranitarite\n|-weather|Sandstorm|[from] ability: Sand Stream|[of] p1a: Tyranitar\n|move|p2b: Sneasler|Close Combat|p1a: Tyranitar\n|-supereffective|p1a: Tyranitar|2\n|-damage|p1a: Tyranitar|0 fnt\n|-unboost|p2b: Sneasler|def|1\n|-unboost|p2b: Sneasler|spd|1\n|faint|p1a: Tyranitar\n|-enditem|p2b: Sneasler|White Herb\n|-clearnegativeboost|p2b: Sneasler|[silent]\n|move|p1b: Corviknight|Brave Bird|p2b: Sneasler\n|-supereffective|p2b: Sneasler|1\n|-damage|p2b: Sneasler|0 fnt\n|faint|p2b: Sneasler\n|-damage|p1b: Corviknight|75/100|[from] Recoil\n|\n|-weather|Sandstorm|[upkeep]\n|-damage|p2a: Ninetales|94/100|[from] Sandstorm\n|-heal|p1b: Corviknight|80/100|[from] item: Leftovers\n|upkeep\n|\n|t:|1776553187\n|switch|p2b: Scovillain|Scovillain, L50, F|100/100\n|switch|p1a: Excadrill|Excadrill, L50, F|100/100\n|turn|3\n|\n|t:|1776553207\n|switch|p2a: Aerodactyl|Aerodactyl, L50, M|100/100\n|-ability|p2a: Aerodactyl|Unnerve\n|detailschange|p2b: Scovillain|Scovillain-Mega, L50, F\n|-mega|p2b: Scovillain|Scovillain|Scovillainite\n|move|p2b: Scovillain|Protect|p2b: Scovillain\n|-singleturn|p2b: Scovillain|Protect\n|move|p1a: Excadrill|Earthquake|p2b: Scovillain|[spread] \n|-activate|p2b: Scovillain|move: Protect\n|-immune|p1b: Corviknight\n|-immune|p2a: Aerodactyl\n|move|p1b: Corviknight|Brave Bird|p2b: Scovillain\n|-activate|p2b: Scovillain|move: Protect\n|\n|-weather|Sandstorm|[upkeep]\n|-damage|p2b: Scovillain|95/100|[from] Sandstorm\n|-heal|p1b: Corviknight|86/100|[from] item: Leftovers\n|upkeep\n|turn|4\n|inactive|Spillolino has 30 seconds left.\n|inactive|Spillolino has 20 seconds left.\n|inactive|Spillolino has 15 seconds left.\n|inactive|Spillolino has 10 seconds left.\n|\n|t:|1776553253\n|move|p2a: Aerodactyl|Protect|p2a: Aerodactyl\n|-singleturn|p2a: Aerodactyl|Protect\n|move|p1a: Excadrill|Earthquake|p2b: Scovillain|[spread] p2b\n|-activate|p2a: Aerodactyl|move: Protect\n|-immune|p1b: Corviknight\n|-damage|p2b: Scovillain|40/100\n|-status|p1a: Excadrill|brn|[from] ability: Spicy Spray|[of] p2b: Scovillain\n|move|p2b: Scovillain|Flamethrower|p1a: Excadrill\n|-supereffective|p1a: Excadrill|1\n|-enditem|p1a: Excadrill|Focus Sash\n|-damage|p1a: Excadrill|1/100 brn\n|move|p1b: Corviknight|Brave Bird|p2b: Scovillain\n|-supereffective|p2b: Scovillain|1\n|-damage|p2b: Scovillain|0 fnt\n|-status|p1b: Corviknight|brn|[from] ability: Spicy Spray|[of] p2b: Scovillain\n|faint|p2b: Scovillain\n|-damage|p1b: Corviknight|75/100 brn|[from] Recoil\n|\n|-weather|Sandstorm|[upkeep]\n|-heal|p1b: Corviknight|80/100 brn|[from] item: Leftovers\n|-damage|p1a: Excadrill|0 fnt|[from] brn\n|faint|p1a: Excadrill\n|-damage|p1b: Corviknight|75/100 brn|[from] brn\n|-sideend|p2: Spillolino|move: Tailwind\n|upkeep\n|inactive|KalarFenrir01 has 30 seconds left.\n|\n|t:|1776553279\n|switch|p1a: Basculegion|Basculegion, L50, M, shiny|100/100\n|switch|p2b: Ninetales|Ninetales-Alola, L50, F|94/100\n|-weather|Snowscape|[from] ability: Snow Warning|[of] p2b: Ninetales\n|turn|5\n|inactive|Spillolino has 30 seconds left.\n|inactive|Spillolino has 20 seconds left.\n|inactive|Spillolino has 15 seconds left.\n|\n|t:|1776553322\n|move|p1a: Basculegion|Last Respects|p2b: Ninetales\n|-damage|p2b: Ninetales|24/100\n|-enditem|p2b: Ninetales|Sitrus Berry|[eat]\n|-heal|p2b: Ninetales|48/100|[from] item: Sitrus Berry\n|move|p2a: Aerodactyl|Tailwind|p2a: Aerodactyl\n|-sidestart|p2: Spillolino|move: Tailwind\n|move|p2b: Ninetales|Aurora Veil|p2b: Ninetales\n|-sidestart|p2: Spillolino|move: Aurora Veil\n|move|p1b: Corviknight|Iron Head|p2a: Aerodactyl\n|-supereffective|p2a: Aerodactyl|1\n|-damage|p2a: Aerodactyl|67/100\n|\n|-weather|Snowscape|[upkeep]\n|-heal|p1b: Corviknight|80/100 brn|[from] item: Leftovers\n|-damage|p1b: Corviknight|75/100 brn|[from] brn\n|upkeep\n|turn|6\n|inactive|Spillolino has 30 seconds left.\n|inactive|Spillolino has 20 seconds left.\n|inactive|Spillolino has 15 seconds left.\n|\n|t:|1776553363\n|move|p2a: Aerodactyl|Dual Wingbeat|p1a: Basculegion\n|-damage|p1a: Basculegion|76/100\n|-damage|p1a: Basculegion|51/100\n|-hitcount|p1a: Basculegion|2\n|move|p2b: Ninetales|Dazzling Gleam|p1b: Corviknight|[spread] p1a,p1b\n|-resisted|p1b: Corviknight|1\n|-damage|p1a: Basculegion|22/100\n|-damage|p1b: Corviknight|61/100 brn\n|move|p1a: Basculegion|Last Respects|p2b: Ninetales\n|-damage|p2b: Ninetales|4/100\n|move|p1b: Corviknight|Bulk Up|p1b: Corviknight\n|-boost|p1b: Corviknight|atk|1\n|-boost|p1b: Corviknight|def|1\n|\n|-weather|Snowscape|[upkeep]\n|-heal|p1b: Corviknight|67/100 brn|[from] item: Leftovers\n|-damage|p1b: Corviknight|61/100 brn|[from] brn\n|upkeep\n|turn|7\n|inactive|Spillolino has 30 seconds left.\n|\n|t:|1776553392\n|move|p2a: Aerodactyl|Dual Wingbeat|p1a: Basculegion\n|-damage|p1a: Basculegion|0 fnt\n|faint|p1a: Basculegion\n|-hitcount|p1: Basculegion|1\n|move|p2b: Ninetales|Dazzling Gleam|p1b: Corviknight\n|-resisted|p1b: Corviknight|1\n|-damage|p1b: Corviknight|42/100 brn\n|move|p1b: Corviknight|Iron Head|p2a: Aerodactyl\n|-supereffective|p2a: Aerodactyl|1\n|-damage|p2a: Aerodactyl|14/100\n|\n|-weather|Snowscape|[upkeep]\n|-heal|p1b: Corviknight|48/100 brn|[from] item: Leftovers\n|-damage|p1b: Corviknight|42/100 brn|[from] brn\n|upkeep\n|turn|8\n|inactive|Spillolino has 30 seconds left.\n|inactive|Spillolino has 20 seconds left.\n|\n|t:|1776553427\n|move|p2a: Aerodactyl|Rock Slide|p1b: Corviknight\n|-damage|p1b: Corviknight|26/100 brn\n|move|p2b: Ninetales|Dazzling Gleam|p1b: Corviknight\n|-resisted|p1b: Corviknight|1\n|-damage|p1b: Corviknight|8/100 brn\n|move|p1b: Corviknight|Iron Head|p2a: Aerodactyl\n|-supereffective|p2a: Aerodactyl|1\n|-damage|p2a: Aerodactyl|0 fnt\n|faint|p2a: Aerodactyl\n|\n|-weather|Snowscape|[upkeep]\n|-heal|p1b: Corviknight|14/100 brn|[from] item: Leftovers\n|-damage|p1b: Corviknight|8/100 brn|[from] brn\n|-sideend|p2: Spillolino|move: Tailwind\n|upkeep\n|turn|9\n|\n|t:|1776553443\n|move|p2b: Ninetales|Dazzling Gleam|p1b: Corviknight\n|-resisted|p1b: Corviknight|1\n|-damage|p1b: Corviknight|0 fnt\n|faint|p1b: Corviknight\n|\n|win|Spillolino\n|raw|KalarFenrir01's rating: 1095 &rarr; <strong>1071</strong><br />(-24 for losing)\n|raw|Spillolino's rating: 1092 &rarr; <strong>1118</strong><br />(+26 for winning)\n|l|\u2606KalarFenrir01\n|player|p1|\n",
  "uploadtime": 1776553467,
  "views": 18,
  "formatid": "gen9championsvgc2026regma",
  "rating": 1071,
  "private": 0,
  "password": null
}