{
  "id": "gen9championsvgc2026regma-2587368144",
  "format": "[Gen 9 Champions] VGC 2026 Reg M-A",
  "players": [
    "BlackWu",
    "Alexander 365"
  ],
  "log": "|j|\u2606BlackWu\n|j|\u2606Alexander 365\n|t:|1776525922\n|gametype|doubles\n|player|p1|BlackWu|102|1325\n|player|p2|Alexander 365|hilbert|1316\n|gen|9\n|tier|[Gen 9 Champions] VGC 2026 Reg M-A\n|rated|\n|rule|Species Clause: Limit one of each Pok\u00e9mon\n|rule|Item Clause: Limit 1 of each item\n|clearpoke\n|poke|p1|Tyranitar, L50, F|\n|poke|p1|Sneasler, L50, M|\n|poke|p1|Gyarados, L50, F|\n|poke|p1|Goodra-Hisui, L50, F|\n|poke|p1|Sinistcha, L50|\n|poke|p1|Farigiraf, L50, F|\n|poke|p2|Greninja, L50, M|\n|poke|p2|Dragapult, L50, M|\n|poke|p2|Sneasler, L50, M|\n|poke|p2|Tsareena, L50, F|\n|poke|p2|Tyranitar, L50, M|\n|poke|p2|Excadrill, L50, M|\n|teampreview|4\n|inactive|Battle timer is ON: inactive players will automatically lose when time's up. (requested by Alexander 365)\n|inactive|BlackWu has 60 seconds left.\n|inactive|Alexander 365 has 60 seconds left.\n|\n|t:|1776525978\n|teamsize|p1|4\n|teamsize|p2|4\n|start\n|switch|p1a: Sinistcha|Sinistcha, L50|100/100\n|switch|p1b: Farigiraf|Farigiraf, L50, F|100/100\n|switch|p2a: Tyranitar|Tyranitar, L50, M|100/100\n|switch|p2b: Excadrill|Excadrill, L50, M|100/100\n|-weather|Sandstorm|[from] ability: Sand Stream|[of] p2a: Tyranitar\n|turn|1\n|\n|t:|1776525988\n|switch|p1a: Goodra|Goodra-Hisui, L50, F|100/100\n|move|p2b: Excadrill|Iron Head|p1b: Farigiraf\n|-damage|p1b: Farigiraf|60/100\n|move|p2a: Tyranitar|Knock Off|p1b: Farigiraf\n|-supereffective|p1b: Farigiraf|1\n|-enditem|p1b: Farigiraf|Colbur Berry|[eat]\n|-enditem|p1b: Farigiraf|Colbur Berry|[weaken]\n|-damage|p1b: Farigiraf|15/100\n|move|p1b: Farigiraf|Trick Room|p1b: Farigiraf\n|-fieldstart|move: Trick Room|[of] p1b: Farigiraf\n|\n|-weather|Sandstorm|[upkeep]\n|-damage|p1b: Farigiraf|9/100|[from] Sandstorm\n|upkeep\n|turn|2\n|\n|t:|1776526006\n|move|p2a: Tyranitar|Protect|p2a: Tyranitar\n|-singleturn|p2a: Tyranitar|Protect\n|move|p2b: Excadrill|Protect|p2b: Excadrill\n|-singleturn|p2b: Excadrill|Protect\n|move|p1b: Farigiraf|Dazzling Gleam|p2a: Tyranitar|[spread] \n|-activate|p2a: Tyranitar|move: Protect\n|-activate|p2b: Excadrill|move: Protect\n|move|p1a: Goodra|Shelter|p1a: Goodra\n|-boost|p1a: Goodra|def|2\n|\n|-weather|Sandstorm|[upkeep]\n|-damage|p1b: Farigiraf|3/100|[from] Sandstorm\n|upkeep\n|turn|3\n|\n|t:|1776526027\n|switch|p1b: Sinistcha|Sinistcha, L50|100/100\n|move|p1a: Goodra|Body Press|p2a: Tyranitar\n|-supereffective|p2a: Tyranitar|2\n|-crit|p2a: Tyranitar\n|-damage|p2a: Tyranitar|0 fnt\n|faint|p2a: Tyranitar\n|move|p2b: Excadrill|High Horsepower|p1a: Goodra\n|-supereffective|p1a: Goodra|1\n|-damage|p1a: Goodra|59/100\n|\n|-weather|Sandstorm|[upkeep]\n|-damage|p1b: Sinistcha|94/100|[from] Sandstorm\n|-heal|p1a: Goodra|65/100|[from] item: Leftovers\n|upkeep\n|\n|t:|1776526036\n|switch|p2a: Greninja|Greninja, L50, M|100/100\n|turn|4\n|\n|t:|1776526042\n|move|p2a: Greninja|Protect|p2a: Greninja\n|-start|p2a: Greninja|typechange|Normal|[from] ability: Protean\n|-singleturn|p2a: Greninja|Protect\n|move|p1a: Goodra|Body Press|p2a: Greninja\n|-activate|p2a: Greninja|move: Protect\n|move|p1b: Sinistcha|Matcha Gotcha|p2a: Greninja|[spread] p2b\n|-activate|p2a: Greninja|move: Protect\n|-damage|p2b: Excadrill|68/100\n|-heal|p1b: Sinistcha|100/100|[from] drain|[of] p2b: Excadrill\n|move|p2b: Excadrill|High Horsepower|p1a: Goodra\n|-supereffective|p1a: Goodra|1\n|-damage|p1a: Goodra|23/100\n|\n|-weather|Sandstorm|[upkeep]\n|-damage|p1b: Sinistcha|94/100|[from] Sandstorm\n|-damage|p2a: Greninja|94/100|[from] Sandstorm\n|-heal|p1a: Goodra|29/100|[from] item: Leftovers\n|upkeep\n|turn|5\n|\n|t:|1776526063\n|switch|p2a: Tsareena|Tsareena, L50, F|100/100\n|move|p2b: Excadrill|Protect|p2b: Excadrill\n|-singleturn|p2b: Excadrill|Protect\n|move|p1a: Goodra|Body Press|p2a: Tsareena\n|-damage|p2a: Tsareena|49/100\n|move|p1b: Sinistcha|Life Dew|p1b: Sinistcha|[spread] p1a,p1b\n|-heal|p1a: Goodra|54/100\n|-heal|p1b: Sinistcha|100/100\n|\n|-weather|none\n|-heal|p1a: Goodra|60/100|[from] item: Leftovers\n|-fieldend|move: Trick Room\n|upkeep\n|turn|6\n|\n|t:|1776526086\n|move|p2b: Excadrill|High Horsepower|p1a: Goodra\n|-supereffective|p1a: Goodra|1\n|-damage|p1a: Goodra|23/100\n|move|p2a: Tsareena|Triple Axel|p1b: Sinistcha\n|-supereffective|p1b: Sinistcha|1\n|-damage|p1b: Sinistcha|86/100\n|-supereffective|p1b: Sinistcha|1\n|-damage|p1b: Sinistcha|58/100\n|-supereffective|p1b: Sinistcha|1\n|-damage|p1b: Sinistcha|21/100\n|-hitcount|p1b: Sinistcha|3\n|move|p1b: Sinistcha|Life Dew|p1b: Sinistcha|[spread] p1a,p1b\n|-heal|p1a: Goodra|49/100\n|-heal|p1b: Sinistcha|46/100\n|move|p1a: Goodra|Body Press|p2b: Excadrill\n|-supereffective|p2b: Excadrill|1\n|-damage|p2b: Excadrill|0 fnt\n|faint|p2b: Excadrill\n|\n|-heal|p1a: Goodra|55/100|[from] item: Leftovers\n|upkeep\n|\n|t:|1776526099\n|switch|p2b: Greninja|Greninja, L50, M|94/100\n|turn|7\n|-activate|p2a: Tsareena|item: Quick Claw\n|\n|t:|1776526113\n|move|p2b: Greninja|Protect|p2b: Greninja\n|-start|p2b: Greninja|typechange|Normal|[from] ability: Protean\n|-singleturn|p2b: Greninja|Protect\n|move|p1b: Sinistcha|Rage Powder|p1b: Sinistcha\n|-singleturn|p1b: Sinistcha|move: Rage Powder\n|move|p2a: Tsareena|Triple Axel|p1b: Sinistcha\n|-supereffective|p1b: Sinistcha|1\n|-damage|p1b: Sinistcha|31/100\n|-supereffective|p1b: Sinistcha|1\n|-damage|p1b: Sinistcha|3/100\n|-supereffective|p1b: Sinistcha|1\n|-damage|p1b: Sinistcha|0 fnt\n|faint|p1b: Sinistcha\n|-hitcount|p1: Sinistcha|3\n|move|p1a: Goodra|Body Press|p2a: Tsareena\n|-damage|p2a: Tsareena|0 fnt\n|faint|p2a: Tsareena\n|\n|-heal|p1a: Goodra|60/100|[from] item: Leftovers\n|upkeep\n|\n|t:|1776526131\n|switch|p1b: Farigiraf|Farigiraf, L50, F|3/100\n|turn|8\n|\n|t:|1776526144\n|detailschange|p2b: Greninja|Greninja-Mega, L50, M\n|-mega|p2b: Greninja|Greninja|Greninjite\n|move|p2b: Greninja|Dark Pulse|p1a: Goodra\n|-start|p2b: Greninja|typechange|Dark|[from] ability: Protean\n|-damage|p1a: Goodra|26/100\n|move|p1a: Goodra|Body Press|p2b: Greninja\n|-supereffective|p2b: Greninja|1\n|-damage|p2b: Greninja|0 fnt\n|faint|p2b: Greninja\n|\n|win|BlackWu\n|raw|BlackWu's rating: 1325 &rarr; <strong>1344</strong><br />(+19 for winning)\n|raw|Alexander 365's rating: 1316 &rarr; <strong>1297</strong><br />(-19 for losing)\n|l|\u2606Alexander 365\n|player|p2|\n",
  "uploadtime": 1776526156,
  "views": 43,
  "formatid": "gen9championsvgc2026regma",
  "rating": 1297,
  "private": 0,
  "password": null
}