{
  "id": "gen9championsvgc2026regma-2582749145",
  "format": "[Gen 9 Champions] VGC 2026 Reg M-A",
  "players": [
    "HappyW",
    "Flobsnarf"
  ],
  "log": "|j|\u2606HappyW\n|j|\u2606Flobsnarf\n|t:|1776111430\n|gametype|doubles\n|player|p1|HappyW|akari|1237\n|player|p2|Flobsnarf|lady-gen4|1170\n|gen|9\n|tier|[Gen 9 Champions] VGC 2026 Reg M-A\n|rated|\n|rule|Species Clause: Limit one of each Pok\u00e9mon\n|rule|Item Clause: Limit 1 of each item\n|clearpoke\n|poke|p1|Sneasler, L50, M|\n|poke|p1|Delphox, L50, M|\n|poke|p1|Whimsicott, L50, F|\n|poke|p1|Rotom-Wash, L50|\n|poke|p1|Kingambit, L50, F|\n|poke|p1|Dragonite, L50, M|\n|poke|p2|Chandelure, L50, F|\n|poke|p2|Basculegion, L50, M|\n|poke|p2|Kingambit, L50, F|\n|poke|p2|Aerodactyl, L50, M|\n|poke|p2|Conkeldurr, L50, F|\n|poke|p2|Clefable, L50, F|\n|teampreview|4\n|inactive|Battle timer is ON: inactive players will automatically lose when time's up. (requested by HappyW)\n|inactive|HappyW has 60 seconds left.\n|inactive|Flobsnarf has 60 seconds left.\n|\n|t:|1776111468\n|teamsize|p1|4\n|teamsize|p2|4\n|start\n|switch|p1a: Sneasler|Sneasler, L50, M|100/100\n|switch|p1b: Whimsicott|Whimsicott, L50, F|100/100\n|switch|p2a: Chandelure|Chandelure, L50, F|100/100\n|switch|p2b: Clefable|Clefable, L50, F|100/100\n|turn|1\n|\n|t:|1776111487\n|move|p1a: Sneasler|Dire Claw|p2b: Clefable\n|-supereffective|p2b: Clefable|1\n|-damage|p2b: Clefable|17/100\n|-enditem|p2b: Clefable|Sitrus Berry|[eat]\n|-heal|p2b: Clefable|42/100|[from] item: Sitrus Berry\n|move|p1b: Whimsicott|Moonblast|p2b: Clefable\n|-damage|p2b: Clefable|18/100\n|move|p2a: Chandelure|Heat Wave|p1a: Sneasler|[spread] p1a,p1b\n|-supereffective|p1b: Whimsicott|1\n|-damage|p1a: Sneasler|39/100\n|-enditem|p1b: Whimsicott|Focus Sash\n|-damage|p1b: Whimsicott|1/100\n|move|p2b: Clefable|Moonblast|p1a: Sneasler\n|-damage|p1a: Sneasler|0 fnt\n|faint|p1a: Sneasler\n|\n|upkeep\n|\n|t:|1776111504\n|switch|p1a: Kingambit|Kingambit, L50, F|100/100\n|turn|2\n|\n|t:|1776111515\n|move|p1a: Kingambit|Protect|p1a: Kingambit\n|-singleturn|p1a: Kingambit|Protect\n|move|p2b: Clefable|Follow Me|p2b: Clefable\n|-singleturn|p2b: Clefable|move: Follow Me\n|move|p1b: Whimsicott|Tailwind|p1b: Whimsicott\n|-sidestart|p1: HappyW|move: Tailwind\n|move|p2a: Chandelure|Heat Wave|p1a: Kingambit|[spread] \n|-activate|p1a: Kingambit|move: Protect\n|-miss|p2a: Chandelure|p1b: Whimsicott\n|\n|upkeep\n|turn|3\n|\n|t:|1776111539\n|move|p1b: Whimsicott|Moonblast|p2b: Clefable\n|-damage|p2b: Clefable|0 fnt\n|faint|p2b: Clefable\n|move|p1a: Kingambit|Kowtow Cleave|p2a: Chandelure\n|-supereffective|p2a: Chandelure|1\n|-enditem|p2a: Chandelure|Focus Sash\n|-damage|p2a: Chandelure|1/100\n|move|p2a: Chandelure|Heat Wave|p1a: Kingambit|[spread] p1a,p1b\n|-supereffective|p1a: Kingambit|1\n|-supereffective|p1b: Whimsicott|1\n|-damage|p1a: Kingambit|28/100\n|-damage|p1b: Whimsicott|0 fnt\n|faint|p1b: Whimsicott\n|\n|upkeep\n|\n|t:|1776111556\n|switch|p1b: Rotom|Rotom-Wash, L50|100/100\n|switch|p2b: Aerodactyl|Aerodactyl, L50, M|100/100\n|-ability|p2b: Aerodactyl|Unnerve\n|turn|4\n|\n|t:|1776111575\n|detailschange|p2b: Aerodactyl|Aerodactyl-Mega, L50, M\n|-mega|p2b: Aerodactyl|Aerodactyl|Aerodactylite\n|move|p2a: Chandelure|Protect|p2a: Chandelure\n|-singleturn|p2a: Chandelure|Protect\n|move|p1a: Kingambit|Sucker Punch||[still]\n|-fail|p1a: Kingambit\n|move|p1b: Rotom|Thunderbolt|p2b: Aerodactyl\n|-supereffective|p2b: Aerodactyl|1\n|-damage|p2b: Aerodactyl|7/100\n|-status|p2b: Aerodactyl|par\n|move|p2b: Aerodactyl|Dual Wingbeat|p1a: Kingambit\n|-resisted|p1a: Kingambit|1\n|-damage|p1a: Kingambit|18/100\n|-resisted|p1a: Kingambit|1\n|-damage|p1a: Kingambit|9/100\n|-hitcount|p1a: Kingambit|2\n|\n|upkeep\n|turn|5\n|inactive|Flobsnarf has 30 seconds left.\n|inactive|Flobsnarf has 20 seconds left.\n|inactive|Flobsnarf has 15 seconds left.\n|\n|t:|1776111620\n|switch|p2b: Kingambit|Kingambit, L50, F|100/100\n|move|p1b: Rotom|Thunderbolt|p2b: Kingambit\n|-damage|p2b: Kingambit|61/100\n|move|p1a: Kingambit|Kowtow Cleave|p2a: Chandelure\n|-supereffective|p2a: Chandelure|1\n|-damage|p2a: Chandelure|0 fnt\n|faint|p2a: Chandelure\n|\n|-sideend|p1: HappyW|move: Tailwind\n|upkeep\n|\n|t:|1776111630\n|switch|p2a: Aerodactyl|Aerodactyl-Mega, L50, M|7/100 par\n|turn|6\n|\n|t:|1776111642\n|move|p2a: Aerodactyl|Protect|p2a: Aerodactyl\n|-singleturn|p2a: Aerodactyl|Protect\n|move|p1a: Kingambit|Sucker Punch||[still]\n|-fail|p1a: Kingambit\n|move|p1b: Rotom|Hydro Pump|p2b: Kingambit\n|-damage|p2b: Kingambit|11/100\n|move|p2b: Kingambit|Kowtow Cleave|p1b: Rotom\n|-damage|p1b: Rotom|38/100\n|\n|-heal|p1b: Rotom|45/100|[from] item: Leftovers\n|upkeep\n|turn|7\n|inactive|HappyW has 30 seconds left.\n|\n|t:|1776111673\n|move|p2b: Kingambit|Sucker Punch|p1a: Kingambit\n|-resisted|p1a: Kingambit|1\n|-damage|p1a: Kingambit|0 fnt\n|faint|p1a: Kingambit\n|move|p1b: Rotom|Thunderbolt|p2b: Kingambit\n|-damage|p2b: Kingambit|0 fnt\n|faint|p2b: Kingambit\n|move|p2a: Aerodactyl|Rock Slide|p1b: Rotom\n|-damage|p1b: Rotom|5/100\n|\n|-heal|p1b: Rotom|11/100|[from] item: Leftovers\n|upkeep\n|turn|8\n|c|\u2606Flobsnarf|Gg\n|inactive|Flobsnarf has 30 seconds left.\n|c|\u2606HappyW|ggs\n|\n|t:|1776111704\n|move|p1b: Rotom|Thunderbolt|p2a: Aerodactyl\n|-supereffective|p2a: Aerodactyl|1\n|-damage|p2a: Aerodactyl|0 fnt\n|faint|p2a: Aerodactyl\n|\n|win|HappyW\n|raw|HappyW's rating: 1237 &rarr; <strong>1257</strong><br />(+20 for winning)\n|raw|Flobsnarf's rating: 1170 &rarr; <strong>1150</strong><br />(-20 for losing)\n|l|\u2606Flobsnarf\n|player|p2|\n",
  "uploadtime": 1776111717,
  "views": 28,
  "formatid": "gen9championsvgc2026regma",
  "rating": 1150,
  "private": 0,
  "password": null
}