{
  "id": "gen9championsvgc2026regma-2587225353",
  "format": "[Gen 9 Champions] VGC 2026 Reg M-A",
  "players": [
    "dohawyth",
    "FranekBucz"
  ],
  "log": "|j|\u2606dohawyth\n|j|\u2606FranekBucz\n|t:|1776511351\n|gametype|doubles\n|player|p1|dohawyth|169|1105\n|player|p2|FranekBucz|ghetsis|1155\n|gen|9\n|tier|[Gen 9 Champions] VGC 2026 Reg M-A\n|rated|\n|rule|Species Clause: Limit one of each Pok\u00e9mon\n|rule|Item Clause: Limit 1 of each item\n|clearpoke\n|poke|p1|Incineroar, L50, F|\n|poke|p1|Crabominable, L50, F|\n|poke|p1|Aggron, L50, M|\n|poke|p1|Kingambit, L50, M|\n|poke|p1|Slowking-Galar, L50, M|\n|poke|p1|Sinistcha, L50|\n|poke|p2|Incineroar, L50, F|\n|poke|p2|Garchomp, L50, M, shiny|\n|poke|p2|Kingambit, L50, M, shiny|\n|poke|p2|Lucario, L50, F, shiny|\n|poke|p2|Rotom-Wash, L50|\n|poke|p2|Sinistcha, L50|\n|teampreview|4\n|inactive|Battle timer is ON: inactive players will automatically lose when time's up. (requested by FranekBucz)\nFranekBucz has agreed to open team sheets.\n|inactive|FranekBucz has 60 seconds left.\ndohawyth rejected open team sheets.\n|inactive|dohawyth has 60 seconds left.\n|\n|t:|1776511397\n|teamsize|p1|4\n|teamsize|p2|4\n|start\n|switch|p1a: Slowking|Slowking-Galar, L50, M|100/100\n|switch|p1b: Kingambit|Kingambit, L50, M|100/100\n|switch|p2a: Wolfe|Incineroar, L50, F|100/100\n|switch|p2b: Electrolux|Rotom-Wash, L50|100/100\n|-ability|p2a: Wolfe|Intimidate|boost\n|-unboost|p1a: Slowking|atk|1\n|-unboost|p1b: Kingambit|atk|1\n|-ability|p1b: Kingambit|Defiant|boost\n|-boost|p1b: Kingambit|atk|2\n|turn|1\n|\n|t:|1776511406\n|move|p2b: Electrolux|Protect|p2b: Electrolux\n|-singleturn|p2b: Electrolux|Protect\n|move|p1b: Kingambit|Protect|p1b: Kingambit\n|-singleturn|p1b: Kingambit|Protect\n|move|p2a: Wolfe|Fake Out|p1a: Slowking\n|-damage|p1a: Slowking|89/100\n|cant|p1a: Slowking|flinch\n|\n|upkeep\n|turn|2\n|\n|t:|1776511427\n|switch|p1b: Sinistcha|Sinistcha, L50|100/100\n|move|p2b: Electrolux|Thunderbolt|p1b: Sinistcha\n|-resisted|p1b: Sinistcha|1\n|-damage|p1b: Sinistcha|75/100\n|move|p2a: Wolfe|Throat Chop|p1a: Slowking\n|-supereffective|p1a: Slowking|1\n|-enditem|p1a: Slowking|Colbur Berry|[eat]\n|-enditem|p1a: Slowking|Colbur Berry|[weaken]\n|-damage|p1a: Slowking|56/100\n|-start|p1a: Slowking|Throat Chop|[silent]\n|move|p1a: Slowking|Trick Room|p1a: Slowking\n|-fieldstart|move: Trick Room|[of] p1a: Slowking\n|\n|upkeep\n|turn|3\n|\n|t:|1776511446\n|switch|p2b: Checkmate|Kingambit, L50, M, shiny|100/100\n|-prepare|p1a: Slowking|Chilly Reception|[premajor]\n|move|p1a: Slowking|Chilly Reception|p1a: Slowking\n|-weather|Snowscape\n|\n|t:|1776511451\n|switch|p1a: Crabominable|Crabominable, L50, F|100/100|[from] Chilly Reception\n|move|p2a: Wolfe|Throat Chop|p1a: Crabominable\n|-resisted|p1a: Crabominable|1\n|-damage|p1a: Crabominable|87/100\n|-start|p1a: Crabominable|Throat Chop|[silent]\n|move|p1b: Sinistcha|Matcha Gotcha|p2a: Wolfe|[spread] p2a,p2b\n|-resisted|p2a: Wolfe|1\n|-resisted|p2b: Checkmate|1\n|-damage|p2a: Wolfe|85/100\n|-heal|p1b: Sinistcha|85/100|[from] drain|[of] p2a: Wolfe\n|-damage|p2b: Checkmate|85/100\n|-heal|p1b: Sinistcha|96/100|[from] drain|[of] p2b: Checkmate\n|-status|p2b: Checkmate|brn\n|\n|-weather|Snowscape|[upkeep]\n|-damage|p2b: Checkmate|79/100 brn|[from] brn\n|upkeep\n|turn|4\n|\n|t:|1776511461\n|switch|p2a: Electrolux|Rotom-Wash, L50|100/100\n|detailschange|p1a: Crabominable|Crabominable-Mega, L50, F\n|-mega|p1a: Crabominable|Crabominable|Crabominite\n|move|p2b: Checkmate|Protect|p2b: Checkmate\n|-singleturn|p2b: Checkmate|Protect\n|move|p1a: Crabominable|Mach Punch|p2b: Checkmate\n|-activate|p2b: Checkmate|move: Protect\n|move|p1b: Sinistcha|Strength Sap|p2a: Electrolux\n|-unboost|p2a: Electrolux|atk|1\n|-heal|p1b: Sinistcha|100/100\n|\n|-weather|Snowscape|[upkeep]\n|-damage|p2b: Checkmate|72/100 brn|[from] brn\n|-end|p1a: Crabominable|Throat Chop|[silent]\n|upkeep\n|turn|5\n|\n|t:|1776511473\n|switch|p2b: Wolfe|Incineroar, L50, F|85/100\n|-ability|p2b: Wolfe|Intimidate|boost\n|-unboost|p1a: Crabominable|atk|1\n|-unboost|p1b: Sinistcha|atk|1\n|move|p1a: Crabominable|Drain Punch|p2b: Wolfe\n|-supereffective|p2b: Wolfe|1\n|-damage|p2b: Wolfe|5/100\n|-heal|p1a: Crabominable|100/100|[from] drain|[of] p2b: Wolfe\n|-enditem|p2b: Wolfe|Sitrus Berry|[eat]\n|-heal|p2b: Wolfe|30/100|[from] item: Sitrus Berry\n|move|p1b: Sinistcha|Matcha Gotcha|p2b: Wolfe|[spread] p2a,p2b\n|-supereffective|p2a: Electrolux|1\n|-enditem|p2a: Electrolux|Rindo Berry|[eat]\n|-enditem|p2a: Electrolux|Rindo Berry|[weaken]\n|-resisted|p2b: Wolfe|1\n|-damage|p2a: Electrolux|67/100\n|-damage|p2b: Wolfe|15/100\n|move|p2a: Electrolux|Thunderbolt|p1a: Crabominable\n|-damage|p1a: Crabominable|66/100\n|-status|p1a: Crabominable|par\n|\n|-weather|Snowscape|[upkeep]\n|upkeep\n|turn|6\n|\n|t:|1776511486\n|move|p2b: Wolfe|Fake Out|p1a: Crabominable\n|-damage|p1a: Crabominable|59/100 par\n|cant|p1a: Crabominable|flinch\n|move|p1b: Sinistcha|Matcha Gotcha|p2b: Wolfe|[spread] p2a,p2b\n|-supereffective|p2a: Electrolux|1\n|-resisted|p2b: Wolfe|1\n|-damage|p2a: Electrolux|0 fnt\n|-damage|p2b: Wolfe|0 fnt\n|faint|p2a: Electrolux\n|faint|p2b: Wolfe\n|\n|-weather|Snowscape|[upkeep]\n|-fieldend|move: Trick Room\n|upkeep\n|\n|t:|1776511493\n|switch|p2a: Checkmate|Kingambit, L50, M, shiny|72/100 brn\n|switch|p2b: Jaruzelski|Lucario, L50, F, shiny|100/100\n|turn|7\n|\n|t:|1776511508\n|detailschange|p2b: Jaruzelski|Lucario-Mega, L50, F, shiny\n|-mega|p2b: Jaruzelski|Lucario|Lucarionite\n|move|p1a: Crabominable|Protect|p1a: Crabominable\n|-singleturn|p1a: Crabominable|Protect\n|move|p2b: Jaruzelski|Aura Sphere|p1a: Crabominable\n|-activate|p1a: Crabominable|move: Protect\n|move|p2a: Checkmate|Kowtow Cleave|p1b: Sinistcha\n|-supereffective|p1b: Sinistcha|1\n|-damage|p1b: Sinistcha|41/100\n|-enditem|p1b: Sinistcha|Sitrus Berry|[eat]\n|-heal|p1b: Sinistcha|66/100|[from] item: Sitrus Berry\n|move|p1b: Sinistcha|Trick Room|p1b: Sinistcha\n|-fieldstart|move: Trick Room|[of] p1b: Sinistcha\n|\n|-weather|none\n|-damage|p2a: Checkmate|66/100 brn|[from] brn\n|upkeep\n|turn|8\n|-message|FranekBucz forfeited.\n|\n|win|dohawyth\n|raw|dohawyth's rating: 1105 &rarr; <strong>1134</strong><br />(+29 for winning)\n|raw|FranekBucz's rating: 1155 &rarr; <strong>1126</strong><br />(-29 for losing)\n|l|\u2606FranekBucz\n|player|p2|\n",
  "uploadtime": 1776511519,
  "views": 17,
  "formatid": "gen9championsvgc2026regma",
  "rating": 1126,
  "private": 0,
  "password": null
}