{
  "id": "gen9championsvgc2026regma-2585194225",
  "format": "[Gen 9 Champions] VGC 2026 Reg M-A",
  "players": [
    "TCDeltaYT",
    "PNW Renegade"
  ],
  "log": "|j|\u2606TCDeltaYT\n|j|\u2606PNW Renegade\n|t:|1776323458\n|gametype|doubles\n|player|p1|TCDeltaYT|miku-water|1088\n|player|p2|PNW Renegade|unknown|1000\n|gen|9\n|tier|[Gen 9 Champions] VGC 2026 Reg M-A\n|rated|\n|rule|Species Clause: Limit one of each Pok\u00e9mon\n|rule|Item Clause: Limit 1 of each item\n|clearpoke\n|poke|p1|Beartic, L50, F|\n|poke|p1|Pelipper, L50, M|\n|poke|p1|Manectric, L50, M|\n|poke|p1|Archaludon, L50, F|\n|poke|p1|Tauros, L50, M|\n|poke|p1|Greninja-*, L50, F|\n|poke|p2|Pelipper, L50, F|\n|poke|p2|Archaludon, L50, F|\n|poke|p2|Klefki, L50, M|\n|poke|p2|Meganium, L50, M|\n|poke|p2|Dragonite, L50, M|\n|poke|p2|Tauros-Paldea-Aqua, L50, M|\n|teampreview|4\nTCDeltaYT rejected open team sheets.\n|inactive|Battle timer is ON: inactive players will automatically lose when time's up. (requested by TCDeltaYT)\n|inactive|PNW Renegade has 60 seconds left.\n|\n|t:|1776323500\n|teamsize|p1|4\n|teamsize|p2|4\n|start\n|switch|p1a: Tauros|Tauros, L50, M|100/100\n|switch|p1b: Manectric|Manectric, L50, M, shiny|100/100\n|switch|p2a: Klefki|Klefki, L50, M|100/100\n|switch|p2b: Meganium|Meganium, L50, M|100/100\n|turn|1\n|inactive|PNW Renegade has 30 seconds left.\n|\n|t:|1776323526\n|detailschange|p1b: Manectric|Manectric-Mega, L50, M, shiny\n|-mega|p1b: Manectric|Manectric|Manectite\n|-ability|p1b: Manectric|Intimidate|boost\n|-unboost|p2a: Klefki|atk|1\n|-unboost|p2b: Meganium|atk|1\n|detailschange|p2b: Meganium|Meganium-Mega, L50, M\n|-mega|p2b: Meganium|Meganium|Meganiumite\n|move|p2a: Klefki|Reflect|p2a: Klefki\n|-sidestart|p2: PNW Renegade|Reflect\n|move|p1a: Tauros|Body Slam|p2b: Meganium\n|-crit|p2b: Meganium\n|-damage|p2b: Meganium|43/100\n|move|p1b: Manectric|Volt Switch|p2a: Klefki\n|-damage|p2a: Klefki|58/100\n|\n|t:|1776323537\n|switch|p1b: Pelipper|Pelipper, L50, M, shiny|100/100|[from] Volt Switch\n|-weather|RainDance|[from] ability: Drizzle|[of] p1b: Pelipper\n|move|p2b: Meganium|Dazzling Gleam|p1b: Pelipper|[spread] p1a,p1b\n|-damage|p1a: Tauros|49/100\n|-damage|p1b: Pelipper|57/100\n|\n|-weather|RainDance|[upkeep]\n|upkeep\n|turn|2\n|\n|t:|1776323558\n|move|p2b: Meganium|Protect|p2b: Meganium\n|-singleturn|p2b: Meganium|Protect\n|move|p2a: Klefki|Light Screen|p2a: Klefki\n|-sidestart|p2: PNW Renegade|move: Light Screen\n|move|p1a: Tauros|Body Slam|p2b: Meganium\n|-activate|p2b: Meganium|move: Protect\n|move|p1b: Pelipper|Hurricane|p2b: Meganium\n|-activate|p2b: Meganium|move: Protect\n|\n|-weather|RainDance|[upkeep]\n|upkeep\n|turn|3\n|\n|t:|1776323569\n|switch|p2b: Archaludon|Archaludon, L50, F|100/100\n|move|p1a: Tauros|Body Slam|p2b: Archaludon\n|-resisted|p2b: Archaludon|1\n|-damage|p2b: Archaludon|87/100\n|-ability|p2b: Archaludon|Stamina|boost\n|-boost|p2b: Archaludon|def|1\n|move|p2a: Klefki|Dazzling Gleam|p1b: Pelipper|[spread] p1a,p1b\n|-damage|p1a: Tauros|22/100\n|-damage|p1b: Pelipper|37/100\n|-enditem|p1b: Pelipper|Sitrus Berry|[eat]\n|-heal|p1b: Pelipper|62/100|[from] item: Sitrus Berry\n|move|p1b: Pelipper|Tailwind|p1b: Pelipper\n|-sidestart|p1: TCDeltaYT|move: Tailwind\n|\n|-weather|RainDance|[upkeep]\n|-heal|p2b: Archaludon|94/100|[from] item: Leftovers\n|upkeep\n|turn|4\n|\n|t:|1776323591\n|move|p1a: Tauros|Body Slam|p2a: Klefki\n|-resisted|p2a: Klefki|1\n|-damage|p2a: Klefki|44/100\n|move|p1b: Pelipper|Weather Ball|p2a: Klefki\n|-damage|p2a: Klefki|0 fnt\n|faint|p2a: Klefki\n|move|p2b: Archaludon|Electro Shot||[still]\n|-prepare|p2b: Archaludon|Electro Shot\n|-boost|p2b: Archaludon|spa|1\n|-anim|p2b: Archaludon|Electro Shot|p1b: Pelipper\n|-supereffective|p1b: Pelipper|2\n|-damage|p1b: Pelipper|0 fnt\n|faint|p1b: Pelipper\n|\n|-weather|RainDance|[upkeep]\n|-heal|p2b: Archaludon|99/100|[from] item: Leftovers\n|upkeep\n|\n|t:|1776323607\n|switch|p2a: Tauros|Tauros-Paldea-Aqua, L50, M|100/100\n|switch|p1b: Beartic|Beartic, L50, F|100/100\n|-ability|p2a: Tauros|Intimidate|boost\n|-unboost|p1a: Tauros|atk|1\n|-unboost|p1b: Beartic|atk|1\n|turn|5\n|inactive|PNW Renegade has 30 seconds left.\n|\n|t:|1776323641\n|move|p1a: Tauros|Body Slam|p2a: Tauros\n|-damage|p2a: Tauros|75/100\n|move|p1b: Beartic|Icicle Crash|p2b: Archaludon\n|-damage|p2b: Archaludon|89/100\n|-ability|p2b: Archaludon|Stamina|boost\n|-boost|p2b: Archaludon|def|1\n|move|p2a: Tauros|Close Combat|p1b: Beartic\n|-supereffective|p1b: Beartic|1\n|-enditem|p1b: Beartic|Focus Sash\n|-damage|p1b: Beartic|1/100\n|-unboost|p2a: Tauros|def|1\n|-unboost|p2a: Tauros|spd|1\n|cant|p2b: Archaludon|flinch\n|\n|-weather|none\n|-heal|p2b: Archaludon|95/100|[from] item: Leftovers\n|-sideend|p2: PNW Renegade|Reflect\n|upkeep\n|turn|6\n|inactive|PNW Renegade has 30 seconds left.\n|\n|t:|1776323671\n|move|p1a: Tauros|Body Slam|p2a: Tauros\n|-damage|p2a: Tauros|16/100\n|move|p2a: Tauros|Close Combat|p1a: Tauros\n|-supereffective|p1a: Tauros|1\n|-damage|p1a: Tauros|0 fnt\n|-unboost|p2a: Tauros|def|1\n|-unboost|p2a: Tauros|spd|1\n|faint|p1a: Tauros\n|move|p1b: Beartic|Reversal|p2b: Archaludon\n|-supereffective|p2b: Archaludon|1\n|-damage|p2b: Archaludon|61/100\n|-ability|p2b: Archaludon|Stamina|boost\n|-boost|p2b: Archaludon|def|1\n|move|p2b: Archaludon|Dragon Pulse|p1b: Beartic\n|-damage|p1b: Beartic|0 fnt\n|faint|p1b: Beartic\n|\n|-heal|p2b: Archaludon|68/100|[from] item: Leftovers\n|-sideend|p2: PNW Renegade|move: Light Screen\n|-sideend|p1: TCDeltaYT|move: Tailwind\n|upkeep\n|\n|t:|1776323682\n|switch|p1a: Manectric|Manectric-Mega, L50, M, shiny|100/100\n|-ability|p1a: Manectric|Intimidate|boost\n|-unboost|p2a: Tauros|atk|1\n|-unboost|p2b: Archaludon|atk|1\n|turn|7\n|\n|t:|1776323692\n|switch|p2a: Meganium|Meganium-Mega, L50, M|43/100\n|move|p2b: Archaludon|Protect|p2b: Archaludon\n|-singleturn|p2b: Archaludon|Protect\n|move|p1a: Manectric|Hyper Voice|p2a: Meganium|[spread] p2a\n|-activate|p2b: Archaludon|move: Protect\n|-damage|p2a: Meganium|22/100\n|\n|-heal|p2b: Archaludon|74/100|[from] item: Leftovers\n|upkeep\n|turn|8\n|\n|t:|1776323704\n|move|p1a: Manectric|Hyper Voice|p2b: Archaludon|[spread] p2a,p2b\n|-resisted|p2b: Archaludon|1\n|-damage|p2a: Meganium|3/100\n|-damage|p2b: Archaludon|56/100\n|-ability|p2b: Archaludon|Stamina|boost\n|-boost|p2b: Archaludon|def|1\n|move|p2b: Archaludon|Dragon Pulse|p1a: Manectric\n|-damage|p1a: Manectric|0 fnt\n|faint|p1a: Manectric\n|\n|win|PNW Renegade\n|raw|TCDeltaYT's rating: 1088 &rarr; <strong>1059</strong><br />(-29 for losing)\n|raw|PNW Renegade's rating: 1000 &rarr; <strong>1050</strong><br />(+50 for winning)\n|l|\u2606TCDeltaYT\n|player|p1|\n",
  "uploadtime": 1776323712,
  "views": 21,
  "formatid": "gen9championsvgc2026regma",
  "rating": 1050,
  "private": 0,
  "password": null
}