{
  "id": "gen9championsvgc2026regma-2586047898",
  "format": "[Gen 9 Champions] VGC 2026 Reg M-A",
  "players": [
    "Azndriver",
    "Mentalsyndrome"
  ],
  "log": "|j|\u2606Azndriver\n|j|\u2606Mentalsyndrome\n|t:|1776393595\n|gametype|doubles\n|player|p1|Azndriver|cynthia|1176\n|player|p2|Mentalsyndrome|101|1218\n|gen|9\n|tier|[Gen 9 Champions] VGC 2026 Reg M-A\n|rated|\n|rule|Species Clause: Limit one of each Pok\u00e9mon\n|rule|Item Clause: Limit 1 of each item\n|clearpoke\n|poke|p1|Hydreigon, L50, M|\n|poke|p1|Incineroar, L50, F|\n|poke|p1|Rotom-Wash, L50|\n|poke|p1|Sneasler, L50, F|\n|poke|p1|Floette-Eternal, L50, F|\n|poke|p1|Corviknight, L50, M|\n|poke|p2|Tinkaton, L50, F|\n|poke|p2|Kangaskhan, L50, F|\n|poke|p2|Farigiraf, L50, M|\n|poke|p2|Camerupt, L50, M|\n|poke|p2|Gardevoir, L50, M|\n|poke|p2|Conkeldurr, L50, M|\n|teampreview|4\n|inactive|Battle timer is ON: inactive players will automatically lose when time's up. (requested by Mentalsyndrome)\n|inactive|Azndriver has 60 seconds left.\n|inactive|Mentalsyndrome has 60 seconds left.\n|\n|t:|1776393644\n|teamsize|p1|4\n|teamsize|p2|4\n|start\n|switch|p1a: Hydreigon|Hydreigon, L50, M|100/100\n|switch|p1b: Incineroar|Incineroar, L50, F|100/100\n|switch|p2a: Camerupt|Camerupt, L50, M|100/100\n|switch|p2b: Farigiraf|Farigiraf, L50, M|100/100\n|-ability|p1b: Incineroar|Intimidate|boost\n|-unboost|p2a: Camerupt|atk|1\n|-unboost|p2b: Farigiraf|atk|1\n|turn|1\n|\n|t:|1776393664\n|detailschange|p2a: Camerupt|Camerupt-Mega, L50, M\n|-mega|p2a: Camerupt|Camerupt|Cameruptite\n|move|p1a: Hydreigon|Dark Pulse|p2b: Farigiraf\n|-supereffective|p2b: Farigiraf|1\n|-damage|p2b: Farigiraf|30/100\n|move|p1b: Incineroar|Darkest Lariat|p2b: Farigiraf\n|-supereffective|p2b: Farigiraf|1\n|-damage|p2b: Farigiraf|0 fnt\n|faint|p2b: Farigiraf\n|move|p2a: Camerupt|Earth Power|p1b: Incineroar\n|-supereffective|p1b: Incineroar|1\n|-damage|p1b: Incineroar|0 fnt\n|faint|p1b: Incineroar\n|\n|upkeep\n|\n|t:|1776393677\n|switch|p1b: Rotom|Rotom-Wash, L50|100/100\n|switch|p2b: Tinkaton|Tinkaton, L50, F|100/100\n|-ability|p2b: Tinkaton|Mold Breaker\n|turn|2\n|\n|t:|1776393688\n|move|p1a: Hydreigon|Protect|p1a: Hydreigon\n|-singleturn|p1a: Hydreigon|Protect\n|move|p2b: Tinkaton|Fake Out|p1b: Rotom\n|-damage|p1b: Rotom|92/100\n|cant|p1b: Rotom|flinch\n|move|p2a: Camerupt|Ancient Power|p1a: Hydreigon\n|-activate|p1a: Hydreigon|move: Protect\n|\n|-heal|p1b: Rotom|97/100|[from] item: Leftovers\n|upkeep\n|turn|3\n|\n|t:|1776393701\n|switch|p1a: Corviknight|Corviknight, L50, M|100/100\n|move|p2b: Tinkaton|Encore||[still]\n|-fail|p2b: Tinkaton\n|move|p1b: Rotom|Will-O-Wisp|p2b: Tinkaton\n|-status|p2b: Tinkaton|brn\n|move|p2a: Camerupt|Ancient Power|p1b: Rotom\n|-damage|p1b: Rotom|65/100\n|\n|-heal|p1b: Rotom|71/100|[from] item: Leftovers\n|-damage|p2b: Tinkaton|94/100 brn|[from] brn\n|upkeep\n|turn|4\n|\n|t:|1776393719\n|move|p1a: Corviknight|Protect|p1a: Corviknight\n|-singleturn|p1a: Corviknight|Protect\n|move|p2b: Tinkaton|Encore|p1b: Rotom\n|-start|p1b: Rotom|Encore\n|move|p1b: Rotom|Will-O-Wisp|p2a: Camerupt\n|-immune|p2a: Camerupt\n|move|p2a: Camerupt|Eruption|p1a: Corviknight|[spread] p1b\n|-activate|p1a: Corviknight|move: Protect\n|-resisted|p1b: Rotom|1\n|-damage|p1b: Rotom|34/100\n|\n|-heal|p1b: Rotom|39/100|[from] item: Leftovers\n|-damage|p2b: Tinkaton|88/100 brn|[from] brn\n|upkeep\n|turn|5\n|inactive|Azndriver has 30 seconds left.\n|\n|t:|1776393748\n|move|p2b: Tinkaton|Encore|p1a: Corviknight\n|-start|p1a: Corviknight|Encore\n|move|p1a: Corviknight|Protect|p1a: Corviknight\n|-singleturn|p1a: Corviknight|Protect\n|move|p1b: Rotom|Will-O-Wisp|p2b: Tinkaton\n|-fail|p2b: Tinkaton|brn\n|move|p2a: Camerupt|Eruption|p1b: Rotom|[spread] p1b\n|-activate|p1a: Corviknight|move: Protect\n|-resisted|p1b: Rotom|1\n|-damage|p1b: Rotom|1/100\n|\n|-heal|p1b: Rotom|7/100|[from] item: Leftovers\n|-damage|p2b: Tinkaton|82/100 brn|[from] brn\n|upkeep\n|turn|6\n|\n|t:|1776393768\n|switch|p2b: Conkeldurr|Conkeldurr, L50, M|100/100\n|move|p1a: Corviknight|Protect||[still]\n|-fail|p1a: Corviknight\n|move|p1b: Rotom|Will-O-Wisp|p2a: Camerupt|[miss]\n|-miss|p1b: Rotom|p2a: Camerupt\n|move|p2a: Camerupt|Eruption|p1a: Corviknight|[spread] p1a,p1b\n|-supereffective|p1a: Corviknight|1\n|-resisted|p1b: Rotom|1\n|-damage|p1a: Corviknight|0 fnt\n|-damage|p1b: Rotom|0 fnt\n|faint|p1a: Corviknight\n|faint|p1b: Rotom\n|\n|upkeep\n|-message|Azndriver forfeited.\n|\n|win|Mentalsyndrome\n|raw|Azndriver's rating: 1176 &rarr; <strong>1154</strong><br />(-22 for losing)\n|raw|Mentalsyndrome's rating: 1218 &rarr; <strong>1240</strong><br />(+22 for winning)\n|l|\u2606Azndriver\n|player|p1|\n",
  "uploadtime": 1776393780,
  "views": 35,
  "formatid": "gen9championsvgc2026regma",
  "rating": 1154,
  "private": 0,
  "password": null
}