{
  "id": "gen9championsvgc2026regma-2587747780",
  "format": "[Gen 9 Champions] VGC 2026 Reg M-A",
  "players": [
    "squigglybuff",
    "Icewing96"
  ],
  "log": "|j|\u203dsquigglybuff\n|j|\u2606Icewing96\n|inactive|Battle timer is ON: inactive players will automatically lose when time's up.\n|html|<table width=\"100%\"><tr><td align=\"left\">squigglybuff</td><td align=\"right\">Icewing96</tr><tr><td align=\"left\"><i class=\"fa fa-circle-o\"></i> <i class=\"fa fa-circle-o\"></i> </td><td align=\"right\"><i class=\"fa fa-circle-o\"></i> <i class=\"fa fa-circle-o\"></i> </tr></table>\n|uhtml|bestof|<h2><strong>Game 1</strong> of <a href=\"/game-bestof3-gen9championsvgc2026regma-2587747779\">a best-of-3</a></h2>\n|t:|1776559989\n|gametype|doubles\n|player|p1|squigglybuff|2|\n|player|p2|Icewing96|rocketgrunt|\n|gen|9\n|tier|[Gen 9 Champions] VGC 2026 Reg M-A\n|rated|Tournament battle\n|rule|Species Clause: Limit one of each Pok\u00e9mon\n|rule|Item Clause: Limit 1 of each item\n|rule|Evasion Abilities Clause: Evasion abilities are banned\n|rule|Evasion Items Clause: Evasion items are banned\n|rule|Evasion Moves Clause: Evasion moves are banned\n|rule|OHKO Clause: OHKO moves are banned\n|raw|<div class=\"infobox\"><details class=\"readmore\" open><summary><strong>5 custom rules:</strong></summary> bestof = 3, Evasion Abilities Clause, Evasion Items Clause, Evasion Moves Clause, OHKO Clause</details></div>\n|clearpoke\n|poke|p1|Gengar, L50, F|\n|poke|p1|Garchomp, L50, F|\n|poke|p1|Meowstic, L50, M|\n|poke|p1|Rotom-Heat, L50|\n|poke|p1|Primarina, L50, M|\n|poke|p1|Aerodactyl, L50, M|\n|poke|p2|Froslass, L50, F|\n|poke|p2|Rotom-Frost, L50|\n|poke|p2|Farigiraf, L50, F|\n|poke|p2|Basculegion, L50, M|\n|poke|p2|Arcanine-Hisui, L50, M|\n|poke|p2|Hatterene, L50, F|\n|teampreview|4\n|c|\u2606Icewing96|glhf!\nsquigglybuff rejected open team sheets.\n|inactive|squigglybuff has 60 seconds left.\n|inactive|Icewing96 has 60 seconds left.\n|\n|t:|1776560037\n|teamsize|p1|4\n|teamsize|p2|4\n|start\n|switch|p1a: Gengar|Gengar, L50, F|100/100\n|switch|p1b: Rotom|Rotom-Heat, L50|100/100\n|switch|p2a: Froslass|Froslass, L50, F|100/100\n|switch|p2b: Rotom|Rotom-Frost, L50|100/100\n|turn|1\n|inactive|Icewing96 has 30 seconds left.\n|\n|t:|1776560069\n|detailschange|p1a: Gengar|Gengar-Mega, L50, F\n|-mega|p1a: Gengar|Gengar|Gengarite\n|detailschange|p2a: Froslass|Froslass-Mega, L50, F\n|-mega|p2a: Froslass|Froslass|Froslassite\n|-weather|Snowscape|[from] ability: Snow Warning|[of] p2a: Froslass\n|move|p2a: Froslass|Protect|p2a: Froslass\n|-singleturn|p2a: Froslass|Protect\n|move|p1b: Rotom|Overheat|p2b: Rotom\n|-supereffective|p2b: Rotom|1\n|-damage|p2b: Rotom|0 fnt\n|-unboost|p1b: Rotom|spa|2\n|faint|p2b: Rotom\n|move|p1a: Gengar|Shadow Ball|p2a: Froslass\n|-activate|p2a: Froslass|move: Protect\n|\n|-weather|Snowscape|[upkeep]\n|upkeep\n|\n|t:|1776560079\n|switch|p2b: Basculegion|Basculegion, L50, M|100/100\n|turn|2\n|\n|t:|1776560090\n|switch|p1b: Primarina|Primarina, L50, M|100/100\n|move|p1a: Gengar|Protect|p1a: Gengar\n|-singleturn|p1a: Gengar|Protect\n|move|p2a: Froslass|Shadow Ball|p1a: Gengar\n|-activate|p1a: Gengar|move: Protect\n|move|p2b: Basculegion|Wave Crash|p1b: Primarina\n|-resisted|p1b: Primarina|1\n|-damage|p1b: Primarina|50/100\n|-enditem|p1b: Primarina|Sitrus Berry|[eat]\n|-heal|p1b: Primarina|75/100|[from] item: Sitrus Berry\n|-damage|p2b: Basculegion|85/100|[from] Recoil\n|\n|-weather|Snowscape|[upkeep]\n|upkeep\n|turn|3\n|\n|t:|1776560105\n|move|p2b: Basculegion|Protect|p2b: Basculegion\n|-singleturn|p2b: Basculegion|Protect\n|move|p1a: Gengar|Shadow Ball|p2a: Froslass\n|-supereffective|p2a: Froslass|1\n|-damage|p2a: Froslass|2/100\n|move|p2a: Froslass|Shadow Ball|p1a: Gengar\n|-supereffective|p1a: Gengar|1\n|-damage|p1a: Gengar|0 fnt\n|faint|p1a: Gengar\n|move|p1b: Primarina|Moonblast|p2b: Basculegion\n|-activate|p2b: Basculegion|move: Protect\n|\n|-weather|Snowscape|[upkeep]\n|upkeep\n|\n|t:|1776560113\n|switch|p1a: Rotom|Rotom-Heat, L50|100/100\n|turn|4\n|\n|t:|1776560127\n|switch|p2b: Hatterene|Hatterene, L50, F|100/100\n|move|p1a: Rotom|Volt Switch|p2b: Hatterene\n|-damage|p2b: Hatterene|67/100\n|\n|t:|1776560132\n|switch|p1a: Garchomp|Garchomp, L50, F|100/100|[from] Volt Switch\n|move|p2a: Froslass|Shadow Ball|p1a: Garchomp\n|-damage|p1a: Garchomp|46/100\n|-unboost|p1a: Garchomp|spd|1\n|move|p1b: Primarina|Hyper Voice|p2a: Froslass|[spread] p2a,p2b\n|-damage|p2a: Froslass|0 fnt\n|-damage|p2b: Hatterene|34/100\n|faint|p2a: Froslass\n|\n|-weather|Snowscape|[upkeep]\n|upkeep\n|\n|t:|1776560136\n|switch|p2a: Basculegion|Basculegion, L50, M|85/100\n|turn|5\n|\n|t:|1776560159\n|move|p1a: Garchomp|Stomping Tantrum|p2b: Hatterene\n|-damage|p2b: Hatterene|0 fnt\n|faint|p2b: Hatterene\n|move|p2a: Basculegion|Wave Crash|p1a: Garchomp\n|-crit|p1a: Garchomp\n|-damage|p1a: Garchomp|0 fnt\n|-damage|p2a: Basculegion|73/100|[from] ability: Rough Skin|[of] p1a: Garchomp\n|faint|p1a: Garchomp\n|-damage|p2a: Basculegion|58/100|[from] Recoil\n|move|p1b: Primarina|Moonblast|p2a: Basculegion\n|-damage|p2a: Basculegion|10/100\n|\n|-weather|none\n|upkeep\n|\n|t:|1776560170\n|switch|p1a: Rotom|Rotom-Heat, L50|100/100\n|turn|6\n|\n|t:|1776560173\n|move|p2a: Basculegion|Aqua Jet|p1a: Rotom\n|-supereffective|p1a: Rotom|1\n|-damage|p1a: Rotom|24/100\n|move|p1a: Rotom|Volt Switch|p2a: Basculegion\n|-supereffective|p2a: Basculegion|1\n|-damage|p2a: Basculegion|0 fnt\n|faint|p2a: Basculegion\n|\n|win|squigglybuff\n||squigglybuff is ready for game 2.\n||Icewing96 is ready for game 2.\n|uhtml|next|Next: <a href=\"/battle-gen9championsvgc2026regma-2587749629\"><strong>Game 2 of 3</strong></a>\n",
  "uploadtime": 1776560386,
  "views": 10,
  "formatid": "gen9championsvgc2026regma",
  "rating": null,
  "private": 0,
  "password": null
}