{
  "id": "gen9championsvgc2026regma-2586675976",
  "format": "[Gen 9 Champions] VGC 2026 Reg M-A",
  "players": [
    "catpotatt",
    "geduurd"
  ],
  "log": "|j|\u2606catpotatt\n|j|\u2606geduurd\n|t:|1776451209\n|gametype|doubles\n|player|p1|catpotatt|roxie|1350\n|player|p2|geduurd|101|1333\n|gen|9\n|tier|[Gen 9 Champions] VGC 2026 Reg M-A\n|rated|\n|rule|Species Clause: Limit one of each Pok\u00e9mon\n|rule|Item Clause: Limit 1 of each item\n|clearpoke\n|poke|p1|Skarmory, L50, M|\n|poke|p1|Sneasler, L50, F|\n|poke|p1|Sinistcha, L50|\n|poke|p1|Incineroar, L50, F|\n|poke|p1|Rotom-Wash, L50|\n|poke|p1|Kingambit, L50, M|\n|poke|p2|Aerodactyl, L50, M|\n|poke|p2|Excadrill, L50, M|\n|poke|p2|Sneasler, L50, F|\n|poke|p2|Sinistcha, L50|\n|poke|p2|Basculegion, L50, M|\n|poke|p2|Rotom-Heat, L50|\n|teampreview|4\n|inactive|Battle timer is ON: inactive players will automatically lose when time's up. (requested by geduurd)\n|\n|t:|1776451275\n|teamsize|p1|4\n|teamsize|p2|4\n|start\n|switch|p1a: Rotom|Rotom-Wash, L50|100/100\n|switch|p1b: Incineroar|Incineroar, L50, F|100/100\n|switch|p2a: Excadrill|Excadrill, L50, M|100/100\n|switch|p2b: Aerodactyl|Aerodactyl, L50, M|100/100\n|-ability|p2b: Aerodactyl|Unnerve\n|-ability|p2a: Excadrill|Mold Breaker\n|-ability|p1b: Incineroar|Intimidate|boost\n|-unboost|p2a: Excadrill|atk|1\n|-unboost|p2b: Aerodactyl|atk|1\n|turn|1\n|inactive|catpotatt has 60 seconds left.\n|inactive|geduurd has 60 seconds left.\n|inactive|catpotatt has 30 seconds left.\n|\n|t:|1776451361\n|move|p2b: Aerodactyl|Protect|p2b: Aerodactyl\n|-singleturn|p2b: Aerodactyl|Protect\n|move|p2a: Excadrill|Protect|p2a: Excadrill\n|-singleturn|p2a: Excadrill|Protect\n|move|p1b: Incineroar|Fake Out|p2b: Aerodactyl\n|-activate|p2b: Aerodactyl|move: Protect\n|move|p1a: Rotom|Hydro Pump|p2b: Aerodactyl\n|-activate|p2b: Aerodactyl|move: Protect\n|\n|upkeep\n|turn|2\n|inactive|catpotatt has 30 seconds left.\n|inactive|geduurd has 30 seconds left.\n|inactive|catpotatt has 20 seconds left.\n|inactive|geduurd has 20 seconds left.\n|inactive|catpotatt has 15 seconds left.\n|inactive|geduurd has 15 seconds left.\n|inactive|geduurd has 10 seconds left.\n|inactive|catpotatt has 10 seconds left.\n|inactive|geduurd has 5 seconds left.\n|\n|t:|1776451419\n|move|p1a: Rotom|Hydro Pump|p2b: Aerodactyl\n|-supereffective|p2b: Aerodactyl|1\n|-enditem|p2b: Aerodactyl|Focus Sash\n|-damage|p2b: Aerodactyl|1/100\n|move|p2b: Aerodactyl|Rock Slide|p1a: Rotom|[spread] p1a\n|-miss|p2b: Aerodactyl|p1b: Incineroar\n|-damage|p1a: Rotom|76/100\n|move|p2a: Excadrill|Earthquake|p1a: Rotom|[spread] p1a,p1b\n|-immune|p2b: Aerodactyl\n|-supereffective|p1a: Rotom|1\n|-crit|p1a: Rotom\n|-supereffective|p1b: Incineroar|1\n|-damage|p1a: Rotom|0 fnt\n|-damage|p1b: Incineroar|51/100\n|faint|p1a: Rotom\n|move|p1b: Incineroar|Flare Blitz|p2a: Excadrill\n|-supereffective|p2a: Excadrill|1\n|-damage|p2a: Excadrill|0 fnt\n|faint|p2a: Excadrill\n|-damage|p1b: Incineroar|19/100|[from] Recoil\n|\n|upkeep\n|inactive|catpotatt has 30 seconds left.\n|inactive|geduurd has 30 seconds left.\n|inactive|geduurd has 20 seconds left.\n|inactive|geduurd has 15 seconds left.\n|inactive|geduurd has 10 seconds left.\n|inactive|geduurd has 5 seconds left.\n|\n|t:|1776451476\n|switch|p2a: Sinistcha|Sinistcha, L50|100/100\n|switch|p1a: Skarmory|Skarmory, L50, M|100/100\n|-heal|p2b: Aerodactyl|26/100|[from] ability: Hospitality|[of] p2a: Sinistcha\n|turn|3\n|inactive|catpotatt has 30 seconds left.\n|\n|t:|1776451508\n|switch|p1b: Kingambit|Kingambit, L50, M|100/100\n|detailschange|p1a: Skarmory|Skarmory-Mega, L50, M\n|-mega|p1a: Skarmory|Skarmory|Skarmorite\n|move|p2b: Aerodactyl|Rock Slide|p1b: Kingambit|[spread] p1a,p1b\n|-resisted|p1b: Kingambit|1\n|-damage|p1a: Skarmory|81/100\n|-damage|p1b: Kingambit|93/100\n|move|p1a: Skarmory|Brave Bird|p2b: Aerodactyl\n|-resisted|p2b: Aerodactyl|1\n|-damage|p2b: Aerodactyl|0 fnt\n|faint|p2b: Aerodactyl\n|-damage|p1a: Skarmory|72/100|[from] Recoil\n|move|p2a: Sinistcha|Life Dew||[still]\n|-fail|p2a: Sinistcha|heal\n|\n|upkeep\n|\n|t:|1776451517\n|switch|p2b: Basculegion|Basculegion, L50, M|100/100\n|turn|4\n|\n|t:|1776451533\n|move|p2a: Sinistcha|Rage Powder|p2a: Sinistcha\n|-singleturn|p2a: Sinistcha|move: Rage Powder\n|move|p1b: Kingambit|Sucker Punch||[still]\n|-fail|p1b: Kingambit\n|move|p2b: Basculegion|Last Respects|p1a: Skarmory\n|-crit|p1a: Skarmory\n|-damage|p1a: Skarmory|0 fnt\n|faint|p1a: Skarmory\n|\n|upkeep\n|\n|t:|1776451539\n|switch|p1a: Incineroar|Incineroar, L50, F|19/100\n|-ability|p1a: Incineroar|Intimidate|boost\n|-unboost|p2a: Sinistcha|atk|1\n|-unboost|p2b: Basculegion|atk|1\n|turn|5\n|\n|t:|1776451558\n|move|p2a: Sinistcha|Rage Powder|p2a: Sinistcha\n|-singleturn|p2a: Sinistcha|move: Rage Powder\n|move|p2b: Basculegion|Last Respects|p1b: Kingambit\n|-resisted|p1b: Kingambit|1\n|-damage|p1b: Kingambit|66/100\n|move|p1b: Kingambit|Kowtow Cleave|p2a: Sinistcha\n|-supereffective|p2a: Sinistcha|1\n|-damage|p2a: Sinistcha|25/100\n|-enditem|p2a: Sinistcha|Sitrus Berry|[eat]\n|-heal|p2a: Sinistcha|50/100|[from] item: Sitrus Berry\n|move|p1a: Incineroar|Flare Blitz|p2a: Sinistcha\n|-supereffective|p2a: Sinistcha|1\n|-crit|p2a: Sinistcha\n|-damage|p2a: Sinistcha|0 fnt\n|faint|p2a: Sinistcha\n|-damage|p1a: Incineroar|4/100|[from] Recoil\n|\n|upkeep\n|turn|6\n|-message|geduurd forfeited.\n|\n|win|catpotatt\n|raw|catpotatt's rating: 1350 &rarr; <strong>1369</strong><br />(+19 for winning)\n|raw|geduurd's rating: 1333 &rarr; <strong>1314</strong><br />(-19 for losing)\n|l|\u2606geduurd\n|player|p2|\n|c|\u2606catpotatt|gg\n",
  "uploadtime": 1776451571,
  "views": 55,
  "formatid": "gen9championsvgc2026regma",
  "rating": 1314,
  "private": 0,
  "password": null
}