{
  "id": "gen9championsvgc2026regma-2588103310",
  "format": "[Gen 9 Champions] VGC 2026 Reg M-A",
  "players": [
    "spidereyelamb",
    "anchei"
  ],
  "log": "|j|\u2606spidereyelamb\n|j|\u2606anchei\n|t:|1776604611\n|gametype|doubles\n|player|p1|spidereyelamb|unknown|1099\n|player|p2|anchei|2|1049\n|gen|9\n|tier|[Gen 9 Champions] VGC 2026 Reg M-A\n|rated|\n|rule|Species Clause: Limit one of each Pok\u00e9mon\n|rule|Item Clause: Limit 1 of each item\n|clearpoke\n|poke|p1|Victreebel, L50, F|\n|poke|p1|Manectric, L50, F|\n|poke|p1|Ninetales, L50, F|\n|poke|p1|Garchomp, L50, M|\n|poke|p1|Rotom-Wash, L50, shiny|\n|poke|p1|Typhlosion-Hisui, L50, F|\n|poke|p2|Milotic, L50, F|\n|poke|p2|Wyrdeer, L50, F|\n|poke|p2|Kingambit, L50, F|\n|poke|p2|Lucario, L50, F|\n|poke|p2|Meowstic-F, L50, F|\n|poke|p2|Sinistcha, L50|\n|teampreview|4\n|\n|t:|1776604649\n|teamsize|p1|4\n|teamsize|p2|4\n|start\n|switch|p1a: Victreebel|Victreebel, L50, F|100/100\n|switch|p1b: Ninetales|Ninetales, L50, F|100/100\n|switch|p2a: Wyrdeer|Wyrdeer, L50, F|100/100\n|switch|p2b: Milotic|Milotic, L50, F|100/100\n|-weather|SunnyDay|[from] ability: Drought|[of] p1b: Ninetales\n|-ability|p2a: Wyrdeer|Intimidate|boost\n|-unboost|p1a: Victreebel|atk|1\n|-unboost|p1b: Ninetales|atk|1\n|turn|1\n|inactive|Battle timer is ON: inactive players will automatically lose when time's up. (requested by spidereyelamb)\n|\n|t:|1776604665\n|move|p2b: Milotic|Protect|p2b: Milotic\n|-singleturn|p2b: Milotic|Protect\n|move|p1a: Victreebel|Sleep Powder|p2a: Wyrdeer\n|-status|p2a: Wyrdeer|slp|[from] move: Sleep Powder\n|move|p1b: Ninetales|Nasty Plot|p1b: Ninetales\n|-boost|p1b: Ninetales|spa|2\n|cant|p2a: Wyrdeer|slp\n|\n|-weather|SunnyDay|[upkeep]\n|upkeep\n|turn|2\n|inactive|spidereyelamb has 30 seconds left.\n|\n|t:|1776604691\n|move|p1a: Victreebel|Swords Dance|p1a: Victreebel\n|-boost|p1a: Victreebel|atk|2\n|move|p1b: Ninetales|Solar Beam||[still]\n|-prepare|p1b: Ninetales|Solar Beam\n|-anim|p1b: Ninetales|Solar Beam|p2b: Milotic\n|-supereffective|p2b: Milotic|1\n|-damage|p2b: Milotic|23/100\n|move|p2b: Milotic|Icy Wind|p1b: Ninetales|[spread] p1a,p1b\n|-supereffective|p1a: Victreebel|1\n|-resisted|p1b: Ninetales|1\n|-damage|p1a: Victreebel|70/100\n|-damage|p1b: Ninetales|93/100\n|-unboost|p1a: Victreebel|spe|1\n|-unboost|p1b: Ninetales|spe|1\n|-curestatus|p2a: Wyrdeer|slp|[msg]\n|move|p2a: Wyrdeer|Rain Dance|p2a: Wyrdeer\n|-weather|RainDance\n|\n|-weather|RainDance|[upkeep]\n|-heal|p2b: Milotic|28/100|[from] item: Leftovers\n|upkeep\n|turn|3\n|inactive|spidereyelamb has 30 seconds left.\n|inactive|anchei has 30 seconds left.\n|inactive|anchei has 20 seconds left.\n|\n|t:|1776604731\n|switch|p1b: Rotom|Rotom-Wash, L50, shiny|100/100\n|move|p2b: Milotic|Protect|p2b: Milotic\n|-singleturn|p2b: Milotic|Protect\n|move|p1a: Victreebel|Sucker Punch||[still]\n|-fail|p1a: Victreebel\n|move|p2a: Wyrdeer|Light Screen|p2a: Wyrdeer\n|-sidestart|p2: anchei|move: Light Screen\n|\n|-weather|RainDance|[upkeep]\n|-heal|p2b: Milotic|34/100|[from] item: Leftovers\n|upkeep\n|turn|4\n|inactive|spidereyelamb has 30 seconds left.\n|inactive|spidereyelamb has 20 seconds left.\n|inactive|spidereyelamb has 15 seconds left.\n|inactive|spidereyelamb has 10 seconds left.\n|\n|t:|1776604779\n|move|p1b: Rotom|Electroweb|p2b: Milotic|[spread] p2a,p2b\n|-supereffective|p2b: Milotic|1\n|-damage|p2a: Wyrdeer|89/100\n|-damage|p2b: Milotic|17/100\n|-unboost|p2a: Wyrdeer|spe|1\n|-unboost|p2b: Milotic|spe|1\n|-ability|p2b: Milotic|Competitive|boost\n|-boost|p2b: Milotic|spa|2\n|move|p1a: Victreebel|Power Whip|p2a: Wyrdeer\n|-damage|p2a: Wyrdeer|0 fnt\n|faint|p2a: Wyrdeer\n|move|p2b: Milotic|Icy Wind|p1b: Rotom|[spread] p1a,p1b\n|-supereffective|p1a: Victreebel|1\n|-resisted|p1b: Rotom|1\n|-damage|p1a: Victreebel|1/100\n|-damage|p1b: Rotom|85/100\n|-unboost|p1a: Victreebel|spe|1\n|-unboost|p1b: Rotom|spe|1\n|\n|-weather|RainDance|[upkeep]\n|-heal|p2b: Milotic|23/100|[from] item: Leftovers\n|upkeep\n|\n|t:|1776604804\n|switch|p2a: Meowstic|Meowstic-F, L50, F|100/100\n|turn|5\n|inactive|anchei has 30 seconds left.\n|\n|t:|1776604830\n|switch|p1b: Typhlosion|Typhlosion-Hisui, L50, F|100/100\n|-item|p2a: Meowstic|Meowsticite|[from] ability: Frisk|[of] p1b: Typhlosion\n|-item|p2b: Milotic|Leftovers|[from] ability: Frisk|[of] p1b: Typhlosion\n|switch|p1a: Ninetales|Ninetales, L50, F|93/100\n|-weather|SunnyDay|[from] ability: Drought|[of] p1a: Ninetales\n|move|p2a: Meowstic|Protect|p2a: Meowstic\n|-singleturn|p2a: Meowstic|Protect\n|move|p2b: Milotic|Icy Wind|p1a: Ninetales|[spread] p1a,p1b\n|-resisted|p1a: Ninetales|1\n|-resisted|p1b: Typhlosion|1\n|-damage|p1a: Ninetales|80/100\n|-damage|p1b: Typhlosion|83/100\n|-unboost|p1a: Ninetales|spe|1\n|-unboost|p1b: Typhlosion|spe|1\n|\n|-weather|SunnyDay|[upkeep]\n|-heal|p2b: Milotic|29/100|[from] item: Leftovers\n|upkeep\n|turn|6\n|inactive|spidereyelamb has 30 seconds left.\n|inactive|anchei has 30 seconds left.\n|inactive|anchei has 20 seconds left.\n|\n|t:|1776604866\n|detailschange|p2a: Meowstic|Meowstic-F-Mega, L50, F\n|-mega|p2a: Meowstic|Meowstic|Meowsticite\n|-ability|p2a: Meowstic|Frisk|Trace|[from] ability: Trace|[of] p1b: Typhlosion\n|-item|p1a: Ninetales|Charcoal|[from] ability: Frisk|[of] p2a: Meowstic\n|-item|p1b: Typhlosion|Colbur Berry|[from] ability: Frisk|[of] p2a: Meowstic\n|move|p2a: Meowstic|Psyshock|p1a: Ninetales\n|-damage|p1a: Ninetales|8/100\n|move|p1a: Ninetales|Solar Beam||[still]\n|-prepare|p1a: Ninetales|Solar Beam\n|-anim|p1a: Ninetales|Solar Beam|p2b: Milotic\n|-supereffective|p2b: Milotic|1\n|-damage|p2b: Milotic|4/100\n|move|p1b: Typhlosion|Shadow Ball|p2a: Meowstic\n|-supereffective|p2a: Meowstic|1\n|-damage|p2a: Meowstic|33/100\n|move|p2b: Milotic|Life Dew|p2b: Milotic|[spread] p2a,p2b\n|-heal|p2a: Meowstic|58/100\n|-heal|p2b: Milotic|29/100\n|\n|-weather|SunnyDay|[upkeep]\n|-heal|p2b: Milotic|35/100|[from] item: Leftovers\n|upkeep\n|turn|7\n|inactive|spidereyelamb has 30 seconds left.\n|inactive|anchei has 30 seconds left.\n|inactive|spidereyelamb has 20 seconds left.\n|inactive|spidereyelamb has 15 seconds left.\n|inactive|spidereyelamb has 10 seconds left.\n|\n|t:|1776604912\n|move|p2a: Meowstic|Psyshock|p1b: Typhlosion\n|-damage|p1b: Typhlosion|18/100\n|move|p1a: Ninetales|Solar Beam||[still]\n|-prepare|p1a: Ninetales|Solar Beam\n|-anim|p1a: Ninetales|Solar Beam|p2b: Milotic\n|-supereffective|p2b: Milotic|1\n|-damage|p2b: Milotic|6/100\n|move|p1b: Typhlosion|Shadow Ball|p2b: Milotic\n|-damage|p2b: Milotic|0 fnt\n|faint|p2b: Milotic\n|\n|-weather|SunnyDay|[upkeep]\n|-sideend|p2: anchei|move: Light Screen\n|upkeep\n|\n|t:|1776604921\n|switch|p2b: Sinistcha|Sinistcha, L50|100/100\n|-heal|p2a: Meowstic|82/100|[from] ability: Hospitality|[of] p2b: Sinistcha\n|turn|8\n|inactive|anchei has 30 seconds left.\n|\n|t:|1776604953\n|move|p2b: Sinistcha|Rage Powder|p2b: Sinistcha\n|-singleturn|p2b: Sinistcha|move: Rage Powder\n|move|p2a: Meowstic|Psyshock|p1a: Ninetales\n|-damage|p1a: Ninetales|0 fnt\n|faint|p1a: Ninetales\n|move|p1b: Typhlosion|Heat Wave|p2a: Meowstic|[spread] p2a,p2b\n|-supereffective|p2b: Sinistcha|1\n|-damage|p2a: Meowstic|16/100\n|-damage|p2b: Sinistcha|0 fnt\n|faint|p2b: Sinistcha\n|\n|-weather|SunnyDay|[upkeep]\n|upkeep\n|\n|t:|1776604962\n|switch|p1a: Rotom|Rotom-Wash, L50, shiny|85/100\n|turn|9\n|-message|anchei forfeited.\n|\n|win|spidereyelamb\n|raw|spidereyelamb's rating: 1099 &rarr; <strong>1121</strong><br />(+22 for winning)\n|raw|anchei's rating: 1049 &rarr; <strong>1034</strong><br />(-15 for losing)\n|l|\u2606anchei\n|player|p2|\n",
  "uploadtime": 1776604972,
  "views": 6,
  "formatid": "gen9championsvgc2026regma",
  "rating": 1034,
  "private": 0,
  "password": null
}