{
  "id": "gen9championsvgc2026regma-2580630498",
  "format": "[Gen 9 Champions] VGC 2026 Reg M-A",
  "players": [
    "tastyfloop",
    "Leu_vgc"
  ],
  "log": "|j|\u2606tastyfloop\n|j|\u2606Leu_vgc\n|t:|1775919639\n|gametype|doubles\n|player|p1|tastyfloop|266|\n|player|p2|Leu_vgc|acetrainer|\n|gen|9\n|tier|[Gen 9 Champions] VGC 2026 Reg M-A\n|rated|Tournament battle\n|rule|Species Clause: Limit one of each Pok\u00e9mon\n|rule|Item Clause: Limit 1 of each item\n|raw|<div class=\"infobox\"><details class=\"readmore\" open><summary><strong>1 custom rule:</strong></summary> Force Open Team Sheets</details></div>\n|clearpoke\n|poke|p1|Basculegion, L50, M|\n|poke|p1|Archaludon, L50, M|\n|poke|p1|Sinistcha, L50|\n|poke|p1|Pelipper, L50, F|\n|poke|p1|Gengar, L50, F|\n|poke|p1|Sneasler, L50, M|\n|poke|p2|Tyranitar, L50, F|\n|poke|p2|Excadrill, L50, F|\n|poke|p2|Incineroar, L50, M|\n|poke|p2|Milotic, L50, F|\n|poke|p2|Rotom-Mow, L50|\n|poke|p2|Kommo-o, L50, M|\n|teampreview|4\n|showteam|p1|Basculegion||MysticWater|SwiftSwim|WaveCrash,AquaJet,FlipTurn,LastRespects|||M|||50|]Archaludon||Leftovers|Sturdy|Protect,ElectroShot,DracoMeteor,FlashCannon|||M|||50|]Sinistcha||MentalHerb|Hospitality|MatchaGotcha,Protect,TrickRoom,RagePowder||||||50|]Pelipper||FocusSash|Drizzle|Hurricane,Tailwind,Protect,WideGuard|||F|||50|]Gengar||Gengarite|CursedBody|Protect,Substitute,ShadowBall,SludgeBomb|||F|||50|]Sneasler||WhiteHerb|Unburden|CloseCombat,DireClaw,FakeOut,Protect|||M|||50|\n|showteam|p2|Tyranitar||Tyranitarite|SandStream|RockSlide,KnockOff,LowKick,Protect|||F|||50|]Excadrill||FocusSash|SandRush|IronHead,HighHorsepower,RockSlide,Protect|||F|||50|]Incineroar||ChopleBerry|Intimidate|FakeOut,FlareBlitz,WillOWisp,PartingShot|||M|||50|]Milotic||SitrusBerry|Competitive|Scald,IcyWind,Recover,Protect|||F|||50|]Rotom-Mow||ChoiceScarf|Levitate|LeafStorm,Thunderbolt,HyperVoice,VoltSwitch||||||50|]Kommo-o||Leftovers|Soundproof|ClangingScales,AuraSphere,ClangorousSoul,Protect|||M|||50|\n|j| cardfiber\n|c|\u2606Leu_vgc|glhf\n|c|\u2606tastyfloop|glhf\n|\n|t:|1775919693\n|teamsize|p1|4\n|teamsize|p2|4\n|start\n|switch|p1a: Sneasler|Sneasler, L50, M|100/100\n|switch|p1b: Gengar|Gengar, L50, F|100/100\n|switch|p2a: Kommo-o|Kommo-o, L50, M|100/100\n|switch|p2b: Rotom|Rotom-Mow, L50, shiny|100/100\n|turn|1\n|j| merdico\n|\n|t:|1775919713\n|detailschange|p1b: Gengar|Gengar-Mega, L50, F\n|-mega|p1b: Gengar|Gengar|Gengarite\n|move|p1a: Sneasler|Fake Out|p2a: Kommo-o\n|-damage|p2a: Kommo-o|87/100\n|move|p2b: Rotom|Volt Switch|p1a: Sneasler\n|-crit|p1a: Sneasler\n|-damage|p1a: Sneasler|35/100\n|\n|t:|1775919721\n|switch|p2b: Tyranitar|Tyranitar, L50, F|100/100|[from] Volt Switch\n|-weather|Sandstorm|[from] ability: Sand Stream|[of] p2b: Tyranitar\n|move|p1b: Gengar|Sludge Bomb|p2b: Tyranitar\n|-resisted|p2b: Tyranitar|1\n|-damage|p2b: Tyranitar|84/100\n|cant|p2a: Kommo-o|flinch\n|\n|-weather|Sandstorm|[upkeep]\n|-damage|p1b: Gengar|94/100|[from] Sandstorm\n|-damage|p1a: Sneasler|29/100|[from] Sandstorm\n|-damage|p2a: Kommo-o|81/100|[from] Sandstorm\n|-heal|p2a: Kommo-o|87/100|[from] item: Leftovers\n|upkeep\n|turn|2\n|\n|t:|1775919747\n|switch|p1b: Archaludon|Archaludon, L50, M|100/100\n|move|p2b: Tyranitar|Protect|p2b: Tyranitar\n|-singleturn|p2b: Tyranitar|Protect\n|move|p1a: Sneasler|Close Combat|p2b: Tyranitar\n|-activate|p2b: Tyranitar|move: Protect\n|move|p2a: Kommo-o|Clanging Scales|p1a: Sneasler|[spread] p1a,p1b\n|-damage|p1a: Sneasler|0 fnt\n|-damage|p1b: Archaludon|58/100\n|faint|p1a: Sneasler\n|-unboost|p2a: Kommo-o|def|1\n|\n|-weather|Sandstorm|[upkeep]\n|-damage|p2a: Kommo-o|81/100|[from] Sandstorm\n|-heal|p2a: Kommo-o|87/100|[from] item: Leftovers\n|-heal|p1b: Archaludon|64/100|[from] item: Leftovers\n|upkeep\n|\n|t:|1775919764\n|switch|p1a: Pelipper|Pelipper, L50, F|100/100\n|-weather|RainDance|[from] ability: Drizzle|[of] p1a: Pelipper\n|turn|3\n|\n|t:|1775919774\n|switch|p1a: Gengar|Gengar-Mega, L50, F|94/100\n|detailschange|p2b: Tyranitar|Tyranitar-Mega, L50, F\n|-mega|p2b: Tyranitar|Tyranitar|Tyranitarite\n|-weather|Sandstorm|[from] ability: Sand Stream|[of] p2b: Tyranitar\n|move|p2a: Kommo-o|Clangorous Soul|p2a: Kommo-o\n|-boost|p2a: Kommo-o|atk|1\n|-boost|p2a: Kommo-o|def|1\n|-boost|p2a: Kommo-o|spa|1\n|-boost|p2a: Kommo-o|spd|1\n|-boost|p2a: Kommo-o|spe|1\n|-damage|p2a: Kommo-o|55/100\n|move|p1b: Archaludon|Draco Meteor|p2a: Kommo-o\n|-supereffective|p2a: Kommo-o|1\n|-damage|p2a: Kommo-o|0 fnt\n|-unboost|p1b: Archaludon|spa|2\n|faint|p2a: Kommo-o\n|move|p2b: Tyranitar|Knock Off|p1a: Gengar\n|-supereffective|p1a: Gengar|1\n|-damage|p1a: Gengar|0 fnt\n|faint|p1a: Gengar\n|\n|-weather|Sandstorm|[upkeep]\n|-heal|p1b: Archaludon|70/100|[from] item: Leftovers\n|upkeep\n|j| Maya Hoppins\n|\n|t:|1775919794\n|switch|p1a: Pelipper|Pelipper, L50, F|100/100\n|switch|p2a: Rotom|Rotom-Mow, L50, shiny|100/100\n|-weather|RainDance|[from] ability: Drizzle|[of] p1a: Pelipper\n|turn|4\n|\n|t:|1775919808\n|switch|p2b: Excadrill|Excadrill, L50, F|100/100\n|move|p2a: Rotom|Volt Switch|p1a: Pelipper\n|-supereffective|p1a: Pelipper|2\n|-enditem|p1a: Pelipper|Focus Sash\n|-damage|p1a: Pelipper|1/100\n|\n|t:|1775919812\n|switch|p2a: Tyranitar|Tyranitar-Mega, L50, F|84/100|[from] Volt Switch\n|-weather|Sandstorm|[from] ability: Sand Stream|[of] p2a: Tyranitar\n|move|p1a: Pelipper|Hurricane|p2a: Tyranitar|[miss]\n|-miss|p1a: Pelipper|p2a: Tyranitar\n|move|p1b: Archaludon|Electro Shot||[still]\n|-prepare|p1b: Archaludon|Electro Shot\n|-boost|p1b: Archaludon|spa|1\n|\n|-weather|Sandstorm|[upkeep]\n|-damage|p1a: Pelipper|0 fnt|[from] Sandstorm\n|faint|p1a: Pelipper\n|-heal|p1b: Archaludon|76/100|[from] item: Leftovers\n|upkeep\n|turn|5\n|c|\u2606tastyfloop|ggs\n|-message|tastyfloop forfeited.\n|\n|win|Leu_vgc\n|n|\u2606tastyfloop|tastyfloop\n|n|\u2606Leu_vgc|leuvgc\n|n| cardfiber|cardfiber\n|n| merdico|merdico\n|n| Maya Hoppins|mayahoppins\n|c|\u2606Leu_vgc|ggs\n",
  "uploadtime": 1775919835,
  "views": 18,
  "formatid": "gen9championsvgc2026regma",
  "rating": null,
  "private": 0,
  "password": null
}