{
  "id": "gen9championsvgc2026regma-2581116606",
  "format": "[Gen 9 Champions] VGC 2026 Reg M-A",
  "players": [
    "Zilluhh",
    "pinkerton001"
  ],
  "log": "|j|\u2606Zilluhh\n|j|\u2606pinkerton001\n|t:|1775961443\n|gametype|doubles\n|player|p1|Zilluhh|101|1089\n|player|p2|pinkerton001|elesa|1000\n|gen|9\n|tier|[Gen 9 Champions] VGC 2026 Reg M-A\n|rated|\n|rule|Species Clause: Limit one of each Pok\u00e9mon\n|rule|Item Clause: Limit 1 of each item\n|clearpoke\n|poke|p1|Garchomp, L50, F|\n|poke|p1|Gardevoir, L50, F|\n|poke|p1|Milotic, L50, F|\n|poke|p1|Gyarados, L50, M|\n|poke|p1|Incineroar, L50, M|\n|poke|p1|Aerodactyl, L50, M|\n|poke|p2|Gengar, L50, F|\n|poke|p2|Incineroar, L50, M|\n|poke|p2|Snorlax, L50, M|\n|poke|p2|Farigiraf, L50, F|\n|poke|p2|Ceruledge, L50, F|\n|poke|p2|Araquanid, L50, M|\n|teampreview|4\n|inactive|Battle timer is ON: inactive players will automatically lose when time's up. (requested by pinkerton001)\npinkerton001 rejected open team sheets.\n|inactive|Zilluhh has 60 seconds left.\n|\n|t:|1775961523\n|teamsize|p1|4\n|teamsize|p2|4\n|start\n|switch|p1a: Aerodactyl|Aerodactyl, L50, M|100/100\n|switch|p1b: Milotic|Milotic, L50, F, shiny|100/100\n|switch|p2a: Snorlax|Snorlax, L50, M|100/100\n|switch|p2b: Farigiraf|Farigiraf, L50, F|100/100\n|-ability|p1a: Aerodactyl|Unnerve\n|turn|1\n|\n|t:|1775961539\n|move|p1a: Aerodactyl|Dual Wingbeat|p2b: Farigiraf\n|-damage|p2b: Farigiraf|83/100\n|-damage|p2b: Farigiraf|66/100\n|-hitcount|p2b: Farigiraf|2\n|move|p1b: Milotic|Scald|p2b: Farigiraf\n|-damage|p2b: Farigiraf|30/100\n|-status|p2b: Farigiraf|brn\n|move|p2a: Snorlax|Belly Drum|p2a: Snorlax\n|-damage|p2a: Snorlax|51/100\n|-setboost|p2a: Snorlax|atk|6|[from] move: Belly Drum\n|move|p2b: Farigiraf|Trick Room|p2b: Farigiraf\n|-fieldstart|move: Trick Room|[of] p2b: Farigiraf\n|\n|-damage|p2b: Farigiraf|24/100 brn|[from] brn\n|upkeep\n|turn|2\n|inactive|pinkerton001 has 30 seconds left.\n|\n|t:|1775961567\n|move|p2b: Farigiraf|Protect|p2b: Farigiraf\n|-singleturn|p2b: Farigiraf|Protect\n|move|p1b: Milotic|Protect|p1b: Milotic\n|-singleturn|p1b: Milotic|Protect\n|move|p1a: Aerodactyl|Protect|p1a: Aerodactyl\n|-singleturn|p1a: Aerodactyl|Protect\n|move|p2a: Snorlax|Body Slam|p1b: Milotic\n|-activate|p1b: Milotic|move: Protect\n|\n|-damage|p2b: Farigiraf|18/100 brn|[from] brn\n|upkeep\n|turn|3\n|\n|t:|1775961590\n|switch|p1b: Incineroar|Incineroar, L50, M|100/100\n|-ability|p1b: Incineroar|Intimidate|boost\n|-unboost|p2a: Snorlax|atk|1\n|-unboost|p2b: Farigiraf|atk|1\n|move|p2a: Snorlax|Body Slam|p1b: Incineroar\n|-damage|p1b: Incineroar|0 fnt\n|faint|p1b: Incineroar\n|move|p2b: Farigiraf|Twin Beam|p1a: Aerodactyl\n|-damage|p1a: Aerodactyl|67/100\n|-damage|p1a: Aerodactyl|34/100\n|-hitcount|p1a: Aerodactyl|2\n|move|p1a: Aerodactyl|Dual Wingbeat|p2b: Farigiraf\n|-damage|p2b: Farigiraf|1/100 brn\n|-damage|p2b: Farigiraf|0 fnt\n|faint|p2b: Farigiraf\n|-hitcount|p2: Farigiraf|2\n|\n|upkeep\n|\n|t:|1775961606\n|switch|p2b: Araquanid|Araquanid, L50, M|100/100\n|switch|p1b: Garchomp|Garchomp, L50, F|100/100\n|turn|4\n|\n|t:|1775961627\n|move|p2a: Snorlax|Body Slam|p1b: Garchomp\n|-damage|p1b: Garchomp|0 fnt\n|-damage|p2a: Snorlax|38/100|[from] ability: Rough Skin|[of] p1b: Garchomp\n|faint|p1b: Garchomp\n|move|p2b: Araquanid|Liquidation|p1a: Aerodactyl\n|-supereffective|p1a: Aerodactyl|1\n|-damage|p1a: Aerodactyl|0 fnt\n|-enditem|p2a: Snorlax|Sitrus Berry|[eat]\n|-heal|p2a: Snorlax|63/100|[from] item: Sitrus Berry\n|faint|p1a: Aerodactyl\n|\n|upkeep\n|\n|t:|1775961636\n|switch|p1a: Milotic|Milotic, L50, F, shiny|100/100\n|turn|5\n|\n|t:|1775961646\n|move|p1a: Milotic|Protect|p1a: Milotic\n|-singleturn|p1a: Milotic|Protect\n|move|p2a: Snorlax|Body Slam|p1a: Milotic\n|-activate|p1a: Milotic|move: Protect\n|move|p2b: Araquanid|Liquidation|p1a: Milotic\n|-activate|p1a: Milotic|move: Protect\n|\n|-fieldend|move: Trick Room\n|upkeep\n|turn|6\n|\n|t:|1775961669\n|move|p1a: Milotic|Ice Beam|p2a: Snorlax\n|-damage|p2a: Snorlax|44/100\n|move|p2b: Araquanid|Liquidation|p1a: Milotic\n|-resisted|p1a: Milotic|1\n|-damage|p1a: Milotic|56/100\n|move|p2a: Snorlax|Body Slam|p1a: Milotic\n|-damage|p1a: Milotic|0 fnt\n|faint|p1a: Milotic\n|\n|win|pinkerton001\n|raw|Zilluhh's rating: 1089 &rarr; <strong>1060</strong><br />(-29 for losing)\n|raw|pinkerton001's rating: 1000 &rarr; <strong>1050</strong><br />(+50 for winning)\n",
  "uploadtime": 1775961684,
  "views": 27,
  "formatid": "gen9championsvgc2026regma",
  "rating": 1050,
  "private": 0,
  "password": null
}