{
  "id": "gen9championsvgc2026regma-2585749374",
  "format": "[Gen 9 Champions] VGC 2026 Reg M-A",
  "players": [
    "greater basilisk",
    "toxmyself"
  ],
  "log": "|j|\u2606greater basilisk\n|j|\u2606toxmyself\n|t:|1776367938\n|gametype|doubles\n|player|p1|greater basilisk|bianca|1199\n|player|p2|toxmyself|norman|1241\n|gen|9\n|tier|[Gen 9 Champions] VGC 2026 Reg M-A\n|rated|\n|rule|Species Clause: Limit one of each Pok\u00e9mon\n|rule|Item Clause: Limit 1 of each item\n|clearpoke\n|poke|p1|Gengar, L50, M|\n|poke|p1|Ninetales-Alola, L50, F|\n|poke|p1|Incineroar, L50, F|\n|poke|p1|Palafin, L50, M|\n|poke|p1|Sinistcha, L50|\n|poke|p1|Rotom-Heat, L50|\n|poke|p2|Charizard, L50, F|\n|poke|p2|Milotic, L50, M|\n|poke|p2|Aegislash, L50, M|\n|poke|p2|Sneasler, L50, F|\n|poke|p2|Aerodactyl, L50, M|\n|poke|p2|Sylveon, L50, F|\n|teampreview|4\n|inactive|Battle timer is ON: inactive players will automatically lose when time's up. (requested by toxmyself)\n|\n|t:|1776367961\n|teamsize|p1|4\n|teamsize|p2|4\n|start\n|switch|p1a: Palafin|Palafin, L50, M|100/100\n|switch|p1b: Gengar|Gengar, L50, M|100/100\n|switch|p2a: Milotic|Milotic, L50, M|100/100\n|switch|p2b: Aerodactyl|Aerodactyl, L50, M|100/100\n|turn|1\n|\n|t:|1776367979\n|detailschange|p1a: Palafin|Palafin-Hero, L50, M\n|switch|p1a: Rotom|Rotom-Heat, L50|100/100\n|detailschange|p1b: Gengar|Gengar-Mega, L50, M\n|-mega|p1b: Gengar|Gengar|Gengarite\n|move|p2b: Aerodactyl|Tailwind|p2b: Aerodactyl\n|-sidestart|p2: toxmyself|move: Tailwind\n|move|p2a: Milotic|Icy Wind|p1a: Rotom|[spread] p1a,p1b\n|-resisted|p1a: Rotom|1\n|-damage|p1a: Rotom|94/100\n|-damage|p1b: Gengar|89/100\n|-unboost|p1a: Rotom|spe|1\n|-unboost|p1b: Gengar|spe|1\n|move|p1b: Gengar|Substitute|p1b: Gengar\n|-start|p1b: Gengar|Substitute\n|-damage|p1b: Gengar|65/100\n|\n|upkeep\n|turn|2\n|inactive|greater basilisk has 30 seconds left.\n|\n|t:|1776368007\n|move|p2b: Aerodactyl|Rock Slide|p1a: Rotom|[spread] p1a,p1b\n|-crit|p1b: Gengar\n|-end|p1b: Gengar|Substitute\n|-supereffective|p1a: Rotom|1\n|-damage|p1a: Rotom|43/100\n|-enditem|p1a: Rotom|Sitrus Berry|[eat]\n|-heal|p1a: Rotom|68/100|[from] item: Sitrus Berry\n|move|p2a: Milotic|Scald|p1a: Rotom\n|-supereffective|p1a: Rotom|1\n|-damage|p1a: Rotom|0 fnt\n|faint|p1a: Rotom\n|move|p1b: Gengar|Perish Song|p1b: Gengar\n|-start|p1b: Gengar|perish3|[silent]\n|-start|p2a: Milotic|perish3|[silent]\n|-start|p2b: Aerodactyl|perish3|[silent]\n|-fieldactivate|move: Perish Song\n|\n|-start|p2b: Aerodactyl|perish3\n|-start|p2a: Milotic|perish3\n|-start|p1b: Gengar|perish3\n|upkeep\n|\n|t:|1776368018\n|switch|p1a: Palafin|Palafin-Hero, L50, M|100/100\n|-activate|p1a: Palafin|ability: Zero to Hero\n|turn|3\n|\n|t:|1776368036\n|move|p1b: Gengar|Protect|p1b: Gengar\n|-singleturn|p1b: Gengar|Protect\n|move|p1a: Palafin|Jet Punch|p2b: Aerodactyl\n|-supereffective|p2b: Aerodactyl|1\n|-enditem|p2b: Aerodactyl|Focus Sash\n|-damage|p2b: Aerodactyl|1/100\n|move|p2b: Aerodactyl|Rock Slide|p1a: Palafin|[spread] p1a\n|-activate|p1b: Gengar|move: Protect\n|-damage|p1a: Palafin|77/100\n|move|p2a: Milotic|Scald|p1b: Gengar\n|-activate|p1b: Gengar|move: Protect\n|\n|-start|p2b: Aerodactyl|perish2\n|-start|p2a: Milotic|perish2\n|-start|p1b: Gengar|perish2\n|upkeep\n|turn|4\n|\n|t:|1776368058\n|switch|p1b: Incineroar|Incineroar, L50, F|100/100\n|-ability|p1b: Incineroar|Intimidate|boost\n|-unboost|p2a: Milotic|atk|1\n|-ability|p2a: Milotic|Competitive|boost\n|-boost|p2a: Milotic|spa|2\n|-unboost|p2b: Aerodactyl|atk|1\n|move|p2b: Aerodactyl|Protect|p2b: Aerodactyl\n|-singleturn|p2b: Aerodactyl|Protect\n|move|p1a: Palafin|Jet Punch|p2b: Aerodactyl\n|-activate|p2b: Aerodactyl|move: Protect\n|move|p2a: Milotic|Scald|p1b: Incineroar\n|-supereffective|p1b: Incineroar|1\n|-damage|p1b: Incineroar|0 fnt\n|faint|p1b: Incineroar\n|\n|-start|p2b: Aerodactyl|perish1\n|-start|p2a: Milotic|perish1\n|-sideend|p2: toxmyself|move: Tailwind\n|upkeep\n|\n|t:|1776368060\n|switch|p1b: Gengar|Gengar-Mega, L50, M|65/100\n|turn|5\n|\n|t:|1776368085\n|move|p1b: Gengar|Protect|p1b: Gengar\n|-singleturn|p1b: Gengar|Protect\n|move|p1a: Palafin|Jet Punch|p2b: Aerodactyl\n|-supereffective|p2b: Aerodactyl|1\n|-damage|p2b: Aerodactyl|0 fnt\n|faint|p2b: Aerodactyl\n|move|p2a: Milotic|Scald|p1a: Palafin\n|-resisted|p1a: Palafin|1\n|-damage|p1a: Palafin|43/100\n|\n|-start|p2a: Milotic|perish0\n|faint|p2a: Milotic\n|upkeep\n|\n|t:|1776368095\n|switch|p2b: Charizard|Charizard, L50, F|100/100\n|switch|p2a: Aegislash|Aegislash, L50, M|100/100\n|turn|6\n|inactive|greater basilisk has 30 seconds left.\n|\n|t:|1776368126\n|move|p2b: Charizard|Protect|p2b: Charizard\n|-singleturn|p2b: Charizard|Protect\n|move|p1b: Gengar|Substitute|p1b: Gengar\n|-start|p1b: Gengar|Substitute\n|-damage|p1b: Gengar|40/100\n|move|p1a: Palafin|Wave Crash|p2b: Charizard\n|-activate|p2b: Charizard|move: Protect\n|-formechange|p2a: Aegislash|Aegislash-Blade|\n|move|p2a: Aegislash|Poltergeist|p1b: Gengar\n|-activate|p1b: Gengar|move: Poltergeist|Gengarite\n|-supereffective|p1b: Gengar|1\n|-end|p1b: Gengar|Substitute\n|\n|upkeep\n|turn|7\n|\n|t:|1776368145\n|detailschange|p2b: Charizard|Charizard-Mega-X, L50, F\n|-mega|p2b: Charizard|Charizard|Charizardite X\n|move|p1a: Palafin|Jet Punch|p2b: Charizard\n|-damage|p2b: Charizard|62/100\n|move|p2a: Aegislash|Shadow Sneak|p1b: Gengar\n|-supereffective|p1b: Gengar|1\n|-damage|p1b: Gengar|0 fnt\n|faint|p1b: Gengar\n|move|p2b: Charizard|Dragon Claw|p1a: Palafin\n|-damage|p1a: Palafin|0 fnt\n|faint|p1a: Palafin\n|\n|win|toxmyself\n|raw|greater basilisk's rating: 1199 &rarr; <strong>1177</strong><br />(-22 for losing)\n|raw|toxmyself's rating: 1241 &rarr; <strong>1263</strong><br />(+22 for winning)\n",
  "uploadtime": 1776368145,
  "views": 16,
  "formatid": "gen9championsvgc2026regma",
  "rating": 1177,
  "private": 0,
  "password": null
}