{
  "id": "gen9championsvgc2026regma-2587508124",
  "format": "[Gen 9 Champions] VGC 2026 Reg M-A",
  "players": [
    "lolgz",
    "AkidaCrispy"
  ],
  "log": "|j|\u2606lolgz\n|j|\u2606AkidaCrispy\n|t:|1776537780\n|gametype|doubles\n|player|p1|lolgz|dawn|1382\n|player|p2|AkidaCrispy|clerkf|1389\n|gen|9\n|tier|[Gen 9 Champions] VGC 2026 Reg M-A\n|rated|\n|rule|Species Clause: Limit one of each Pok\u00e9mon\n|rule|Item Clause: Limit 1 of each item\n|clearpoke\n|poke|p1|Charizard, L50, M|\n|poke|p1|Basculegion, L50, M|\n|poke|p1|Garchomp, L50, M|\n|poke|p1|Floette-Eternal, L50, F|\n|poke|p1|Aerodactyl, L50, F|\n|poke|p1|Sinistcha, L50|\n|poke|p2|Talonflame, L50, F|\n|poke|p2|Aegislash, L50, M|\n|poke|p2|Milotic, L50, F|\n|poke|p2|Sinistcha, L50|\n|poke|p2|Garchomp, L50, M|\n|poke|p2|Gardevoir, L50, M|\n|teampreview|4\n|inactive|Battle timer is ON: inactive players will automatically lose when time's up. (requested by AkidaCrispy)\n|\n|t:|1776537819\n|teamsize|p1|4\n|teamsize|p2|4\n|start\n|switch|p1a: Aerodactyl|Aerodactyl, L50, F|100/100\n|switch|p1b: Garchomp|Garchomp, L50, M|100/100\n|switch|p2a: Gardevoir|Gardevoir, L50, M|100/100\n|switch|p2b: Garchomp|Garchomp, L50, M|100/100\n|-ability|p1a: Aerodactyl|Unnerve\n|turn|1\n|inactive|lolgz has 30 seconds left.\n|inactive|lolgz has 20 seconds left.\n|inactive|lolgz has 15 seconds left.\n|inactive|lolgz has 10 seconds left.\n|inactive|lolgz has 5 seconds left.\n|\n|t:|1776537874\n|detailschange|p2a: Gardevoir|Gardevoir-Mega, L50, M\n|-mega|p2a: Gardevoir|Gardevoir|Gardevoirite\n|move|p2b: Garchomp|Rock Slide|p1b: Garchomp|[spread] p1a,p1b\n|-supereffective|p1a: Aerodactyl|1\n|-resisted|p1b: Garchomp|1\n|-crit|p1b: Garchomp\n|-damage|p1a: Aerodactyl|41/100\n|-damage|p1b: Garchomp|85/100\n|move|p1a: Aerodactyl|Rock Slide|p2a: Gardevoir|[spread] p2a,p2b\n|-resisted|p2b: Garchomp|1\n|-damage|p2a: Gardevoir|70/100\n|-damage|p2b: Garchomp|87/100\n|move|p1b: Garchomp|Earthquake|p2a: Gardevoir|[spread] p2a,p2b\n|-immune|p1a: Aerodactyl\n|-damage|p2a: Gardevoir|23/100\n|-damage|p2b: Garchomp|46/100\n|cant|p2a: Gardevoir|flinch\n|\n|upkeep\n|turn|2\n|\n|t:|1776537891\n|switch|p2a: Sinistcha|Sinistcha, L50|100/100\n|-heal|p2b: Garchomp|71/100|[from] ability: Hospitality|[of] p2a: Sinistcha\n|move|p1a: Aerodactyl|Protect|p1a: Aerodactyl\n|-singleturn|p1a: Aerodactyl|Protect\n|move|p2b: Garchomp|Rock Slide|p1b: Garchomp|[spread] \n|-activate|p1a: Aerodactyl|move: Protect\n|-miss|p2b: Garchomp|p1b: Garchomp\n|move|p1b: Garchomp|Earthquake|p2a: Sinistcha|[spread] p2a,p2b\n|-activate|p1a: Aerodactyl|move: Protect\n|-resisted|p2a: Sinistcha|1\n|-damage|p2a: Sinistcha|84/100\n|-damage|p2b: Garchomp|30/100\n|\n|upkeep\n|turn|3\n|\n|t:|1776537912\n|move|p2b: Garchomp|Rock Slide|p1b: Garchomp|[spread] p1a,p1b\n|-supereffective|p1a: Aerodactyl|1\n|-resisted|p1b: Garchomp|1\n|-damage|p1a: Aerodactyl|0 fnt\n|-damage|p1b: Garchomp|75/100\n|faint|p1a: Aerodactyl\n|move|p1b: Garchomp|Earthquake|p2a: Sinistcha|[spread] p2a,p2b\n|-resisted|p2a: Sinistcha|1\n|-damage|p2a: Sinistcha|68/100\n|-damage|p2b: Garchomp|0 fnt\n|faint|p2b: Garchomp\n|move|p2a: Sinistcha|Trick Room|p2a: Sinistcha\n|-fieldstart|move: Trick Room|[of] p2a: Sinistcha\n|\n|upkeep\n|\n|t:|1776537921\n|switch|p2b: Aegislash|Aegislash, L50, M|100/100\n|switch|p1a: Basculegion|Basculegion, L50, M|100/100\n|turn|4\n|\n|t:|1776537939\n|-formechange|p2b: Aegislash|Aegislash-Blade|\n|move|p2b: Aegislash|Shadow Ball|p1b: Garchomp\n|-damage|p1b: Garchomp|11/100\n|-unboost|p1b: Garchomp|spd|1\n|-enditem|p1b: Garchomp|White Herb\n|-clearnegativeboost|p1b: Garchomp|[silent]\n|move|p2a: Sinistcha|Matcha Gotcha|p1b: Garchomp|[spread] p1a,p1b\n|-supereffective|p1a: Basculegion|1\n|-damage|p1a: Basculegion|39/100\n|-heal|p2a: Sinistcha|100/100|[from] drain|[of] p1a: Basculegion\n|-damage|p1b: Garchomp|0 fnt\n|faint|p1b: Garchomp\n|move|p1a: Basculegion|Last Respects|p2a: Sinistcha\n|-supereffective|p2a: Sinistcha|1\n|-damage|p2a: Sinistcha|0 fnt\n|faint|p2a: Sinistcha\n|\n|upkeep\n|\n|t:|1776537949\n|switch|p2a: Gardevoir|Gardevoir-Mega, L50, M|23/100\n|switch|p1b: Floette|Floette-Eternal, L50, F|100/100\n|turn|5\n|inactive|AkidaCrispy has 30 seconds left.\n|\n|t:|1776537977\n|detailschange|p1b: Floette|Floette-Mega, L50, F\n|-mega|p1b: Floette|Floette|Floettite\n|-ability|p1b: Floette|Fairy Aura\n|move|p2b: Aegislash|Shadow Ball|p1a: Basculegion\n|-supereffective|p1a: Basculegion|1\n|-damage|p1a: Basculegion|0 fnt\n|faint|p1a: Basculegion\n|move|p2a: Gardevoir|Hyper Voice|p1b: Floette\n|-damage|p1b: Floette|22/100\n|move|p1b: Floette|Dazzling Gleam|p2a: Gardevoir|[spread] p2a,p2b\n|-resisted|p2b: Aegislash|1\n|-damage|p2a: Gardevoir|0 fnt\n|-damage|p2b: Aegislash|57/100\n|faint|p2a: Gardevoir\n|\n|upkeep\n|turn|6\n|inactive|lolgz has 30 seconds left.\n|\n|t:|1776538011\n|move|p1b: Floette|Protect|p1b: Floette\n|-singleturn|p1b: Floette|Protect\n|move|p2b: Aegislash|Flash Cannon|p1b: Floette\n|-activate|p1b: Floette|move: Protect\n|\n|upkeep\n|turn|7\n|\n|t:|1776538019\n|move|p1b: Floette|Protect|p1b: Floette\n|-singleturn|p1b: Floette|Protect\n|move|p2b: Aegislash|Flash Cannon|p1b: Floette\n|-activate|p1b: Floette|move: Protect\n|\n|-fieldend|move: Trick Room\n|upkeep\n|turn|8\n|\n|t:|1776538021\n|move|p1b: Floette|Light of Ruin|p2b: Aegislash\n|-resisted|p2b: Aegislash|1\n|-damage|p2b: Aegislash|0 fnt\n|faint|p2b: Aegislash\n|-damage|p1b: Floette|0 fnt|[from] Recoil\n|faint|p1b: Floette\n|\n|win|lolgz\n|raw|lolgz's rating: 1382 &rarr; <strong>1402</strong><br />(+20 for winning)\n|raw|AkidaCrispy's rating: 1389 &rarr; <strong>1369</strong><br />(-20 for losing)\n",
  "uploadtime": 1776538022,
  "views": 18,
  "formatid": "gen9championsvgc2026regma",
  "rating": 1369,
  "private": 0,
  "password": null
}