{
  "id": "gen9championsvgc2026regma-2580509961",
  "format": "[Gen 9 Champions] VGC 2026 Reg M-A",
  "players": [
    "MrTestingPith",
    "wei133025"
  ],
  "log": "|j|\u2606MrTestingPith\n|j|\u2606wei133025\n|t:|1775906779\n|gametype|doubles\n|player|p1|MrTestingPith|169|1229\n|player|p2|wei133025|ghetsis-gen5bw|1283\n|gen|9\n|tier|[Gen 9 Champions] VGC 2026 Reg M-A\n|rated|\n|rule|Species Clause: Limit one of each Pok\u00e9mon\n|rule|Item Clause: Limit 1 of each item\n|clearpoke\n|poke|p1|Sinistcha, L50|\n|poke|p1|Incineroar, L50, F|\n|poke|p1|Kingambit, L50, F|\n|poke|p1|Slowking, L50, F|\n|poke|p1|Ampharos, L50, F|\n|poke|p1|Excadrill, L50, M|\n|poke|p2|Gengar, L50, M|\n|poke|p2|Kommo-o, L50, M|\n|poke|p2|Incineroar, L50, F|\n|poke|p2|Sinistcha-Masterpiece, L50|\n|poke|p2|Ninetales-Alola, L50, F|\n|poke|p2|Sneasler, L50, F|\n|teampreview|4\n|inactive|Battle timer is ON: inactive players will automatically lose when time's up. (requested by wei133025)\n|inactive|MrTestingPith has 60 seconds left.\nwei133025 rejected open team sheets.\n|inactive|MrTestingPith has 30 seconds left.\n|\n|t:|1775906843\n|teamsize|p1|4\n|teamsize|p2|4\n|start\n|switch|p1a: Slowking|Slowking, L50, F|100/100\n|switch|p1b: Incineroar|Incineroar, L50, F|100/100\n|switch|p2a: Kommo-o|Kommo-o, L50, M|100/100\n|switch|p2b: Incineroar|Incineroar, L50, F|100/100\n|-ability|p2b: Incineroar|Intimidate|boost\n|-fail|p1a: Slowking|unboost|Attack|[from] ability: Oblivious|[of] p1a: Slowking\n|-unboost|p1b: Incineroar|atk|1\n|-ability|p1b: Incineroar|Intimidate|boost\n|-unboost|p2a: Kommo-o|atk|1\n|-unboost|p2b: Incineroar|atk|1\n|turn|1\n|\n|t:|1775906855\n|move|p2b: Incineroar|Fake Out|p1b: Incineroar\n|-damage|p1b: Incineroar|93/100\n|cant|p1b: Incineroar|flinch\n|move|p2a: Kommo-o|Clangorous Soul|p2a: Kommo-o\n|-boost|p2a: Kommo-o|atk|1\n|-boost|p2a: Kommo-o|def|1\n|-boost|p2a: Kommo-o|spa|1\n|-boost|p2a: Kommo-o|spd|1\n|-boost|p2a: Kommo-o|spe|1\n|-damage|p2a: Kommo-o|68/100\n|move|p1a: Slowking|Trick Room|p1a: Slowking\n|-fieldstart|move: Trick Room|[of] p1a: Slowking\n|\n|upkeep\n|turn|2\n|\n|t:|1775906872\n|switch|p2b: Sinistcha|Sinistcha-Masterpiece, L50|100/100\n|-heal|p2a: Kommo-o|93/100|[from] ability: Hospitality|[of] p2b: Sinistcha\n|move|p1a: Slowking|Psychic|p2a: Kommo-o\n|-supereffective|p2a: Kommo-o|1\n|-damage|p2a: Kommo-o|40/100\n|-enditem|p2a: Kommo-o|Sitrus Berry|[eat]\n|-heal|p2a: Kommo-o|65/100|[from] item: Sitrus Berry\n|move|p1b: Incineroar|Parting Shot|p2a: Kommo-o\n|-immune|p2a: Kommo-o|[from] ability: Soundproof\n|move|p2a: Kommo-o|Aura Sphere|p1b: Incineroar\n|-supereffective|p1b: Incineroar|1\n|-enditem|p1b: Incineroar|Chople Berry|[eat]\n|-enditem|p1b: Incineroar|Chople Berry|[weaken]\n|-damage|p1b: Incineroar|35/100\n|\n|upkeep\n|turn|3\n|\n|t:|1775906894\n|move|p2b: Sinistcha|Rage Powder|p2b: Sinistcha\n|-singleturn|p2b: Sinistcha|move: Rage Powder\n|move|p1a: Slowking|Psychic|p2b: Sinistcha\n|-damage|p2b: Sinistcha|67/100\n|move|p1b: Incineroar|Flare Blitz|p2b: Sinistcha\n|-supereffective|p2b: Sinistcha|1\n|-damage|p2b: Sinistcha|0 fnt\n|faint|p2b: Sinistcha\n|-damage|p1b: Incineroar|16/100|[from] Recoil\n|move|p2a: Kommo-o|Aura Sphere|p1b: Incineroar\n|-supereffective|p1b: Incineroar|1\n|-damage|p1b: Incineroar|0 fnt\n|faint|p1b: Incineroar\n|\n|upkeep\n|\n|t:|1775906914\n|switch|p1b: Ampharos|Ampharos, L50, F|100/100\n|switch|p2b: Incineroar|Incineroar, L50, F|100/100\n|-ability|p2b: Incineroar|Intimidate|boost\n|-fail|p1a: Slowking|unboost|Attack|[from] ability: Oblivious|[of] p1a: Slowking\n|-unboost|p1b: Ampharos|atk|1\n|turn|4\n|\n|t:|1775906926\n|detailschange|p1b: Ampharos|Ampharos-Mega, L50, F\n|-mega|p1b: Ampharos|Ampharos|Ampharosite\n|-ability|p1b: Ampharos|Mold Breaker\n|move|p2b: Incineroar|Fake Out|p1a: Slowking\n|-damage|p1a: Slowking|90/100\n|cant|p1a: Slowking|flinch\n|move|p1b: Ampharos|Volt Switch|p2b: Incineroar\n|-damage|p2b: Incineroar|58/100\n|\n|t:|1775906936\n|switch|p1b: Sinistcha|Sinistcha, L50|100/100|[from] Volt Switch\n|-heal|p1a: Slowking|100/100|[from] ability: Hospitality|[of] p1b: Sinistcha\n|move|p2a: Kommo-o|Clanging Scales|p1a: Slowking|[spread] p1a,p1b\n|-damage|p1a: Slowking|59/100\n|-damage|p1b: Sinistcha|43/100\n|-unboost|p2a: Kommo-o|def|1\n|\n|upkeep\n|turn|5\n|\n|t:|1775906949\n|move|p2b: Incineroar|Darkest Lariat|p1a: Slowking\n|-supereffective|p1a: Slowking|1\n|-damage|p1a: Slowking|0 fnt\n|faint|p1a: Slowking\n|move|p2a: Kommo-o|Clanging Scales|p1b: Sinistcha\n|-damage|p1b: Sinistcha|0 fnt\n|faint|p1b: Sinistcha\n|-unboost|p2a: Kommo-o|def|1\n|\n|-fieldend|move: Trick Room\n|upkeep\n|-message|MrTestingPith forfeited.\n|\n|win|wei133025\n|raw|MrTestingPith's rating: 1229 &rarr; <strong>1208</strong><br />(-21 for losing)\n|raw|wei133025's rating: 1283 &rarr; <strong>1304</strong><br />(+21 for winning)\n|l|\u2606MrTestingPith\n|player|p1|\n",
  "uploadtime": 1775907095,
  "views": 35,
  "formatid": "gen9championsvgc2026regma",
  "rating": 1208,
  "private": 0,
  "password": null
}