{
  "id": "gen9championsvgc2026regma-2582909304",
  "format": "[Gen 9 Champions] VGC 2026 Reg M-A",
  "players": [
    "Boshigoat",
    "iammarykon"
  ],
  "log": "|j|\u2606Boshigoat\n|j|\u2606iammarykon\n|t:|1776124092\n|gametype|doubles\n|player|p1|Boshigoat|169|1197\n|player|p2|iammarykon|chili|1160\n|gen|9\n|tier|[Gen 9 Champions] VGC 2026 Reg M-A\n|rated|\n|rule|Species Clause: Limit one of each Pok\u00e9mon\n|rule|Item Clause: Limit 1 of each item\n|clearpoke\n|poke|p1|Meowstic, L50, M|\n|poke|p1|Alakazam, L50, F|\n|poke|p1|Sneasler, L50, F|\n|poke|p1|Whimsicott, L50, M|\n|poke|p1|Pelipper, L50, F|\n|poke|p1|Basculegion, L50, M|\n|poke|p2|Charizard, L50, F|\n|poke|p2|Venusaur, L50, F|\n|poke|p2|Garchomp, L50, F|\n|poke|p2|Incineroar, L50, F|\n|poke|p2|Gardevoir, L50, M|\n|poke|p2|Milotic, L50, M|\n|teampreview|4\n|inactive|Battle timer is ON: inactive players will automatically lose when time's up. (requested by iammarykon)\n|inactive|iammarykon has 60 seconds left.\n|\n|t:|1776124133\n|teamsize|p1|4\n|teamsize|p2|4\n|start\n|switch|p1a: Meowstic|Meowstic, L50, M|100/100\n|switch|p1b: Whimsicott|Whimsicott, L50, M|100/100\n|switch|p2a: Charizard|Charizard, L50, F|100/100\n|switch|p2b: Venusaur|Venusaur, L50, F|100/100\n|turn|1\n|\n|t:|1776124146\n|detailschange|p2a: Charizard|Charizard-Mega-Y, L50, F\n|-mega|p2a: Charizard|Charizard|Charizardite Y\n|-weather|SunnyDay|[from] ability: Drought|[of] p2a: Charizard\n|move|p1b: Whimsicott|Tailwind|p1b: Whimsicott\n|-sidestart|p1: Boshigoat|move: Tailwind\n|move|p1a: Meowstic|Psychic Terrain|p1a: Meowstic\n|-fieldstart|move: Psychic Terrain\n|move|p2b: Venusaur|Sludge Bomb|p1b: Whimsicott\n|-supereffective|p1b: Whimsicott|2\n|-enditem|p1b: Whimsicott|Focus Sash\n|-damage|p1b: Whimsicott|1/100\n|move|p2a: Charizard|Heat Wave|p1a: Meowstic|[spread] p1a,p1b\n|-supereffective|p1b: Whimsicott|1\n|-damage|p1a: Meowstic|4/100\n|-damage|p1b: Whimsicott|0 fnt\n|faint|p1b: Whimsicott\n|\n|-weather|SunnyDay|[upkeep]\n|upkeep\n|\n|t:|1776124158\n|switch|p1b: Alakazam|Alakazam, L50, F|100/100\n|turn|2\n|\n|t:|1776124172\n|detailschange|p1b: Alakazam|Alakazam-Mega, L50, F\n|-mega|p1b: Alakazam|Alakazam|Alakazite\n|-ability|p1b: Alakazam|Drought|Trace|[from] ability: Trace|[of] p2a: Charizard\n|move|p1a: Meowstic|Helping Hand|p1b: Alakazam\n|-singleturn|p1b: Alakazam|Helping Hand|[of] p1a: Meowstic\n|move|p1b: Alakazam|Expanding Force|p2a: Charizard|[spread] p2a,p2b\n|-supereffective|p2b: Venusaur|1\n|-damage|p2a: Charizard|0 fnt\n|-enditem|p2b: Venusaur|Focus Sash\n|-damage|p2b: Venusaur|1/100\n|faint|p2a: Charizard\n|move|p2b: Venusaur|Sludge Bomb|p1a: Meowstic\n|-crit|p1a: Meowstic\n|-damage|p1a: Meowstic|0 fnt\n|faint|p1a: Meowstic\n|\n|-weather|SunnyDay|[upkeep]\n|upkeep\n|\n|t:|1776124182\n|switch|p1a: Sneasler|Sneasler, L50, F|100/100\n|switch|p2a: Incineroar|Incineroar, L50, F|100/100\n|-ability|p2a: Incineroar|Intimidate|boost\n|-unboost|p1a: Sneasler|atk|1\n|-unboost|p1b: Alakazam|atk|1\n|-enditem|p1a: Sneasler|White Herb\n|-clearnegativeboost|p1a: Sneasler|[silent]\n|turn|3\n|\n|t:|1776124197\n|move|p2a: Incineroar|Fake Out|p1b: Alakazam\n|-activate|p1b: Alakazam|move: Psychic Terrain\n|move|p1a: Sneasler|Close Combat|p2a: Incineroar\n|-supereffective|p2a: Incineroar|1\n|-damage|p2a: Incineroar|13/100\n|-unboost|p1a: Sneasler|def|1\n|-unboost|p1a: Sneasler|spd|1\n|-enditem|p2a: Incineroar|Sitrus Berry|[eat]\n|-heal|p2a: Incineroar|38/100|[from] item: Sitrus Berry\n|move|p1b: Alakazam|Expanding Force|p2b: Venusaur|[spread] p2b\n|-immune|p2a: Incineroar\n|-supereffective|p2b: Venusaur|1\n|-damage|p2b: Venusaur|0 fnt\n|faint|p2b: Venusaur\n|\n|-weather|SunnyDay|[upkeep]\n|upkeep\n|\n|t:|1776124200\n|switch|p2b: Milotic|Milotic, L50, M|100/100\n|turn|4\n|\n|t:|1776124217\n|move|p2b: Milotic|Protect|p2b: Milotic\n|-singleturn|p2b: Milotic|Protect\n|move|p1a: Sneasler|Close Combat|p2a: Incineroar\n|-supereffective|p2a: Incineroar|1\n|-damage|p2a: Incineroar|0 fnt\n|-unboost|p1a: Sneasler|def|1\n|-unboost|p1a: Sneasler|spd|1\n|faint|p2a: Incineroar\n|move|p1b: Alakazam|Expanding Force|p2b: Milotic\n|-activate|p2b: Milotic|move: Protect\n|\n|-weather|SunnyDay|[upkeep]\n|-sideend|p1: Boshigoat|move: Tailwind\n|upkeep\n|turn|5\n|\n|t:|1776124233\n|move|p1a: Sneasler|Close Combat|p2b: Milotic\n|-damage|p2b: Milotic|26/100\n|-unboost|p1a: Sneasler|def|1\n|-unboost|p1a: Sneasler|spd|1\n|move|p1b: Alakazam|Expanding Force|p2b: Milotic\n|-damage|p2b: Milotic|0 fnt\n|faint|p2b: Milotic\n|\n|win|Boshigoat\n|raw|Boshigoat's rating: 1197 &rarr; <strong>1218</strong><br />(+21 for winning)\n|raw|iammarykon's rating: 1137 &rarr; <strong>1116</strong><br />(-21 for losing)\n|l|\u2606iammarykon\n|player|p2|\n",
  "uploadtime": 1776124236,
  "views": 14,
  "formatid": "gen9championsvgc2026regma",
  "rating": 1116,
  "private": 0,
  "password": null
}