{
  "id": "gen9championsvgc2026regma-2583093972",
  "format": "[Gen 9 Champions] VGC 2026 Reg M-A",
  "players": [
    "dududavi2017",
    "AAAlelele"
  ],
  "log": "|j|\u2606dududavi2017\n|j|\u2606AAAlelele\n|t:|1776141271\n|gametype|doubles\n|player|p1|dududavi2017|preschoolerf|1124\n|player|p2|AAAlelele|ninjaboy|1149\n|gen|9\n|tier|[Gen 9 Champions] VGC 2026 Reg M-A\n|rated|\n|rule|Species Clause: Limit one of each Pok\u00e9mon\n|rule|Item Clause: Limit 1 of each item\n|clearpoke\n|poke|p1|Incineroar, L50, M|\n|poke|p1|Charizard, L50, M|\n|poke|p1|Whimsicott, L50, M|\n|poke|p1|Rotom-Wash, L50|\n|poke|p1|Garchomp, L50, M|\n|poke|p1|Sableye, L50, M|\n|poke|p2|Lucario, L50, M|\n|poke|p2|Aerodactyl, L50, M|\n|poke|p2|Dragapult, L50, M|\n|poke|p2|Kingambit, L50, F|\n|poke|p2|Rotom-Wash, L50|\n|poke|p2|Delphox, L50, F|\n|teampreview|4\n|\n|t:|1776141311\n|teamsize|p1|4\n|teamsize|p2|4\n|start\n|switch|p1a: Charizard|Charizard, L50, M|100/100\n|switch|p1b: Whimsicott|Whimsicott, L50, M|100/100\n|switch|p2a: Aerodactyl|Aerodactyl, L50, M|100/100\n|switch|p2b: Dragapult|Dragapult, L50, M|100/100\n|-ability|p2a: Aerodactyl|Unnerve\n|turn|1\n|\n|t:|1776141354\n|detailschange|p1a: Charizard|Charizard-Mega-Y, L50, M\n|-mega|p1a: Charizard|Charizard|Charizardite Y\n|-weather|SunnyDay|[from] ability: Drought|[of] p1a: Charizard\n|move|p1a: Charizard|Protect|p1a: Charizard\n|-singleturn|p1a: Charizard|Protect\n|move|p1b: Whimsicott|Tailwind|p1b: Whimsicott\n|-sidestart|p1: dududavi2017|move: Tailwind\n|move|p2b: Dragapult|Dragon Darts|p1a: Charizard\n|-immune|p1b: Whimsicott\n|move|p2a: Aerodactyl|Tailwind|p2a: Aerodactyl\n|-sidestart|p2: AAAlelele|move: Tailwind\n|\n|-weather|SunnyDay|[upkeep]\n|upkeep\n|turn|2\n|\n|t:|1776141388\n|switch|p2a: Rotom|Rotom-Wash, L50|100/100\n|switch|p1a: Garchomp|Garchomp, L50, M|100/100\n|move|p1b: Whimsicott|Moonblast|p2b: Dragapult\n|-supereffective|p2b: Dragapult|1\n|-damage|p2b: Dragapult|9/100\n|move|p2b: Dragapult|Dragon Darts|p1a: Garchomp\n|-supereffective|p1a: Garchomp|1\n|-damage|p1a: Garchomp|42/100\n|-anim|p2b: Dragapult|Dragon Darts|p1a: Garchomp\n|-supereffective|p1a: Garchomp|1\n|-damage|p1a: Garchomp|0 fnt\n|faint|p1a: Garchomp\n|\n|-weather|SunnyDay|[upkeep]\n|upkeep\n|\n|t:|1776141402\n|switch|p1a: Incineroar|Incineroar, L50, M|100/100\n|-ability|p1a: Incineroar|Intimidate|boost\n|-unboost|p2a: Rotom|atk|1\n|-fail|p2b: Dragapult|unboost|[from] ability: Clear Body|[of] p2b: Dragapult\n|turn|3\n|\n|t:|1776141435\n|move|p2b: Dragapult|Protect|p2b: Dragapult\n|-singleturn|p2b: Dragapult|Protect\n|move|p1a: Incineroar|Fake Out|p2a: Rotom\n|-damage|p2a: Rotom|86/100\n|move|p1b: Whimsicott|Moonblast|p2b: Dragapult\n|-activate|p2b: Dragapult|move: Protect\n|cant|p2a: Rotom|flinch\n|\n|-weather|SunnyDay|[upkeep]\n|upkeep\n|turn|4\n|\n|t:|1776141453\n|switch|p2b: Lucario|Lucario, L50, M|100/100\n|move|p1b: Whimsicott|Moonblast|p2b: Lucario\n|-damage|p2b: Lucario|38/100\n|move|p2a: Rotom|Volt Switch|p1b: Whimsicott\n|-resisted|p1b: Whimsicott|1\n|-damage|p1b: Whimsicott|76/100\n|\n|t:|1776141459\n|switch|p2a: Aerodactyl|Aerodactyl, L50, M|100/100|[from] Volt Switch\n|-ability|p2a: Aerodactyl|Unnerve\n|move|p1a: Incineroar|Throat Chop|p2a: Aerodactyl\n|-damage|p2a: Aerodactyl|48/100\n|-start|p2a: Aerodactyl|Throat Chop|[silent]\n|\n|-weather|SunnyDay|[upkeep]\n|-sideend|p2: AAAlelele|move: Tailwind\n|-sideend|p1: dududavi2017|move: Tailwind\n|upkeep\n|turn|5\n|\n|t:|1776141493\n|detailschange|p2b: Lucario|Lucario-Mega, L50, M\n|-mega|p2b: Lucario|Lucario|Lucarionite\n|move|p1a: Incineroar|Protect|p1a: Incineroar\n|-singleturn|p1a: Incineroar|Protect\n|move|p2b: Lucario|Bullet Punch|p1b: Whimsicott\n|-supereffective|p1b: Whimsicott|1\n|-damage|p1b: Whimsicott|0 fnt\n|faint|p1b: Whimsicott\n|move|p2a: Aerodactyl|Tailwind|p2a: Aerodactyl\n|-sidestart|p2: AAAlelele|move: Tailwind\n|\n|-weather|none\n|-end|p2a: Aerodactyl|Throat Chop|[silent]\n|upkeep\n|\n|t:|1776141502\n|switch|p1b: Charizard|Charizard-Mega-Y, L50, M|100/100\n|-weather|SunnyDay|[from] ability: Drought|[of] p1b: Charizard\n|turn|6\n|\n|t:|1776141522\n|move|p2b: Lucario|Vacuum Wave|p1a: Incineroar\n|-supereffective|p1a: Incineroar|1\n|-damage|p1a: Incineroar|49/100\n|move|p2a: Aerodactyl|Rock Slide|p1b: Charizard|[spread] p1a,p1b\n|-supereffective|p1a: Incineroar|1\n|-supereffective|p1b: Charizard|2\n|-damage|p1a: Incineroar|7/100\n|-damage|p1b: Charizard|0 fnt\n|faint|p1b: Charizard\n|move|p1a: Incineroar|Parting Shot|p2a: Aerodactyl\n|-unboost|p2a: Aerodactyl|atk|1\n|-unboost|p2a: Aerodactyl|spa|1\n|\n|-weather|SunnyDay|[upkeep]\n|upkeep\n|turn|7\n|-message|dududavi2017 forfeited.\n|\n|win|AAAlelele\n|raw|dududavi2017's rating: 1124 &rarr; <strong>1101</strong><br />(-23 for losing)\n|raw|AAAlelele's rating: 1149 &rarr; <strong>1172</strong><br />(+23 for winning)\n|l|\u2606dududavi2017\n|player|p1|\n",
  "uploadtime": 1776141537,
  "views": 38,
  "formatid": "gen9championsvgc2026regma",
  "rating": 1101,
  "private": 0,
  "password": null
}