{
  "id": "gen9championsvgc2026regma-2582227465",
  "format": "[Gen 9 Champions] VGC 2026 Reg M-A",
  "players": [
    "Rk pokemons",
    "Piter2509"
  ],
  "log": "|j|\u2606Rk pokemons\n|j|\u2606Piter2509\n|t:|1776073613\n|gametype|doubles\n|player|p1|Rk pokemons|1|1219\n|player|p2|Piter2509|leon|1125\n|gen|9\n|tier|[Gen 9 Champions] VGC 2026 Reg M-A\n|rated|\n|rule|Species Clause: Limit one of each Pok\u00e9mon\n|rule|Item Clause: Limit 1 of each item\n|clearpoke\n|poke|p1|Charizard, L50, M|\n|poke|p1|Venusaur, L50, F|\n|poke|p1|Blastoise, L50, F|\n|poke|p1|Pelipper, L50, F|\n|poke|p1|Meowstic, L50, M|\n|poke|p1|Garchomp, L50, M|\n|poke|p2|Arcanine, L50, F|\n|poke|p2|Rotom-Wash, L50|\n|poke|p2|Garchomp, L50, M|\n|poke|p2|Venusaur, L50, F|\n|poke|p2|Corviknight, L50, F|\n|poke|p2|Sneasler, L50, M|\n|teampreview|4\n|inactive|Battle timer is ON: inactive players will automatically lose when time's up. (requested by Rk pokemons)\n|inactive|Piter2509 also wants the timer to be on.\nPiter2509 has agreed to open team sheets.\n|inactive|Piter2509 has 60 seconds left.\n|c|\u2606Piter2509|bro what weather are you playing???? hahahahah\n|c|\u2606Piter2509|you have to get a mega frosslass there also\n|inactive|Piter2509 has 30 seconds left.\n|inactive|Piter2509 has 20 seconds left.\n|inactive|Piter2509 has 15 seconds left.\n|c|\u2606Rk pokemons|It's mix\n|inactive|Piter2509 has 10 seconds left.\n|inactive|Piter2509 has 5 seconds left.\n|c|\u2606Rk pokemons|Ican play both weather\n|\n|t:|1776073704\n|teamsize|p1|4\n|teamsize|p2|4\n|start\n|switch|p1a: Blastoise|Blastoise, L50, F|100/100\n|switch|p1b: Pelipper|Pelipper, L50, F|100/100\n|switch|p2a: Arcanine|Arcanine, L50, F|100/100\n|switch|p2b: Rotom|Rotom-Wash, L50|100/100\n|-ability|p2a: Arcanine|Intimidate|boost\n|-unboost|p1a: Blastoise|atk|1\n|-unboost|p1b: Pelipper|atk|1\n|-weather|RainDance|[from] ability: Drizzle|[of] p1b: Pelipper\n|-enditem|p1a: Blastoise|White Herb\n|-clearnegativeboost|p1a: Blastoise|[silent]\n|turn|1\n|inactive|Piter2509 has 30 seconds left.\n|c|\u2606Piter2509|ye ye im joking\n|inactive|Piter2509 has 20 seconds left.\n|inactive|Piter2509 has 15 seconds left.\n|inactive|Piter2509 has 10 seconds left.\n|c|\u2606Rk pokemons|No problem bro\n|inactive|Piter2509 has 5 seconds left.\n|\n|t:|1776073755\n|switch|p1b: Garchomp|Garchomp, L50, M|100/100\n|move|p2a: Arcanine|Protect|p2a: Arcanine\n|-singleturn|p2a: Arcanine|Protect\n|move|p1a: Blastoise|Protect|p1a: Blastoise\n|-singleturn|p1a: Blastoise|Protect\n|move|p2b: Rotom|Discharge|p1a: Blastoise|[spread] \n|-activate|p2a: Arcanine|move: Protect\n|-activate|p1a: Blastoise|move: Protect\n|-immune|p1b: Garchomp\n|\n|-weather|RainDance|[upkeep]\n|upkeep\n|turn|2\n|\n|t:|1776073775\n|switch|p2a: Venusaur|Venusaur, L50, F|100/100\n|switch|p1a: Meowstic|Meowstic, L50, M|100/100\n|move|p1b: Garchomp|Protect|p1b: Garchomp\n|-singleturn|p1b: Garchomp|Protect\n|move|p2b: Rotom|Discharge|p1b: Garchomp|[spread] p2a,p1a\n|-activate|p1b: Garchomp|move: Protect\n|-resisted|p2a: Venusaur|1\n|-damage|p2a: Venusaur|88/100\n|-damage|p1a: Meowstic|66/100\n|\n|-weather|RainDance|[upkeep]\n|-heal|p1a: Meowstic|72/100|[from] item: Leftovers\n|upkeep\n|turn|3\n|inactive|Piter2509 has 30 seconds left.\n|\n|t:|1776073810\n|detailschange|p2a: Venusaur|Venusaur-Mega, L50, F\n|-mega|p2a: Venusaur|Venusaur|Venusaurite\n|move|p1a: Meowstic|Skill Swap|p2b: Rotom\n|-activate|p1a: Meowstic|Skill Swap|Levitate|Prankster|[of] p2b: Rotom\n|move|p2b: Rotom|Discharge|p1b: Garchomp|[spread] p2a,p1a\n|-immune|p1b: Garchomp\n|-resisted|p2a: Venusaur|1\n|-damage|p2a: Venusaur|77/100\n|-damage|p1a: Meowstic|35/100\n|-status|p1a: Meowstic|par\n|move|p1b: Garchomp|Earthquake|p2b: Rotom|[spread] p2a,p2b\n|-immune|p1a: Meowstic|[from] ability: Levitate\n|-supereffective|p2b: Rotom|1\n|-damage|p2a: Venusaur|48/100\n|-damage|p2b: Rotom|1/100\n|move|p2a: Venusaur|Giga Drain|p1a: Meowstic\n|-damage|p1a: Meowstic|0 fnt\n|-heal|p2a: Venusaur|64/100|[from] drain|[of] p1a: Meowstic\n|faint|p1a: Meowstic\n|\n|-weather|RainDance|[upkeep]\n|upkeep\n|\n|t:|1776073831\n|switch|p1a: Pelipper|Pelipper, L50, F|100/100\n|turn|4\n|c|\u2606Piter2509|holy shit it survived\n|c|\u2606Rk pokemons|How\n|c|\u2606Piter2509|i wish i know\n|inactive|Piter2509 has 30 seconds left.\n|inactive|Piter2509 has 20 seconds left.\n|c|\u2606Rk pokemons|:]\n|inactive|Piter2509 has 15 seconds left.\n|\n|t:|1776073872\n|switch|p2b: Arcanine|Arcanine, L50, F|100/100\n|-ability|p2b: Arcanine|Intimidate|boost\n|-unboost|p1a: Pelipper|atk|1\n|-unboost|p1b: Garchomp|atk|1\n|move|p1a: Pelipper|Protect|p1a: Pelipper\n|-singleturn|p1a: Pelipper|Protect\n|move|p1b: Garchomp|Earthquake|p2b: Arcanine|[spread] p2a,p2b\n|-activate|p1a: Pelipper|move: Protect\n|-supereffective|p2b: Arcanine|1\n|-damage|p2a: Venusaur|44/100\n|-damage|p2b: Arcanine|40/100\n|-enditem|p2b: Arcanine|Sitrus Berry|[eat]\n|-heal|p2b: Arcanine|64/100|[from] item: Sitrus Berry\n|move|p2a: Venusaur|Leech Seed|p1b: Garchomp\n|-start|p1b: Garchomp|move: Leech Seed\n|\n|-weather|RainDance|[upkeep]\n|-damage|p1b: Garchomp|88/100|[from] Leech Seed|[of] p2a: Venusaur\n|-heal|p2a: Venusaur|57/100|[silent]\n|upkeep\n|turn|5\n|\n|t:|1776073893\n|switch|p1b: Blastoise|Blastoise, L50, F|100/100\n|move|p2b: Arcanine|Snarl|p1b: Blastoise|[spread] p1a,p1b\n|-damage|p1a: Pelipper|88/100\n|-damage|p1b: Blastoise|91/100\n|-unboost|p1a: Pelipper|spa|1\n|-unboost|p1b: Blastoise|spa|1\n|move|p2a: Venusaur|Giga Drain|p1a: Pelipper\n|-damage|p1a: Pelipper|39/100\n|-heal|p2a: Venusaur|79/100|[from] drain|[of] p1a: Pelipper\n|-enditem|p1a: Pelipper|Sitrus Berry|[eat]\n|-heal|p1a: Pelipper|63/100|[from] item: Sitrus Berry\n|move|p1a: Pelipper|Hurricane|p2a: Venusaur\n|-supereffective|p2a: Venusaur|1\n|-damage|p2a: Venusaur|29/100\n|\n|-weather|none\n|upkeep\n|turn|6\n|inactive|Piter2509 has 30 seconds left.\n|inactive|Piter2509 has 20 seconds left.\n|\n|t:|1776073930\n|switch|p1a: Garchomp|Garchomp, L50, M|88/100\n|move|p1b: Blastoise|Protect|p1b: Blastoise\n|-singleturn|p1b: Blastoise|Protect\n|move|p2b: Arcanine|Snarl|p1a: Garchomp|[spread] p1a\n|-activate|p1b: Blastoise|move: Protect\n|-damage|p1a: Garchomp|78/100\n|-unboost|p1a: Garchomp|spa|1\n|move|p2a: Venusaur|Giga Drain|p1a: Garchomp\n|-damage|p1a: Garchomp|36/100\n|-heal|p2a: Venusaur|50/100|[from] drain|[of] p1a: Garchomp\n|\n|upkeep\n|turn|7\n|inactive|Piter2509 has 30 seconds left.\n|\n|t:|1776073960\n|switch|p1b: Pelipper|Pelipper, L50, F|63/100\n|-weather|RainDance|[from] ability: Drizzle|[of] p1b: Pelipper\n|move|p2b: Arcanine|Protect|p2b: Arcanine\n|-singleturn|p2b: Arcanine|Protect\n|move|p1a: Garchomp|Earthquake|p2b: Arcanine|[spread] p2a\n|-activate|p2b: Arcanine|move: Protect\n|-immune|p1b: Pelipper\n|-damage|p2a: Venusaur|23/100\n|move|p2a: Venusaur|Giga Drain|p1b: Pelipper\n|-damage|p1b: Pelipper|18/100\n|-heal|p2a: Venusaur|43/100|[from] drain|[of] p1b: Pelipper\n|\n|-weather|RainDance|[upkeep]\n|upkeep\n|turn|8\n|inactive|Piter2509 has 30 seconds left.\n|\n|t:|1776073987\n|move|p2a: Venusaur|Protect|p2a: Venusaur\n|-singleturn|p2a: Venusaur|Protect\n|move|p1a: Garchomp|Earthquake|p2a: Venusaur|[spread] p2b\n|-activate|p2a: Venusaur|move: Protect\n|-immune|p1b: Pelipper\n|-supereffective|p2b: Arcanine|1\n|-damage|p2b: Arcanine|0 fnt\n|faint|p2b: Arcanine\n|move|p1b: Pelipper|Tailwind|p1b: Pelipper\n|-sidestart|p1: Rk pokemons|move: Tailwind\n|\n|-weather|RainDance|[upkeep]\n|upkeep\n|\n|t:|1776074001\n|switch|p2b: Garchomp|Garchomp, L50, M|100/100\n|turn|9\n|inactive|Piter2509 has 30 seconds left.\n|\n|t:|1776074030\n|move|p2b: Garchomp|Protect|p2b: Garchomp\n|-singleturn|p2b: Garchomp|Protect\n|move|p2a: Venusaur|Protect|p2a: Venusaur\n|-singleturn|p2a: Venusaur|Protect\n|move|p1a: Garchomp|Dragon Claw|p2b: Garchomp\n|-activate|p2b: Garchomp|move: Protect\n|move|p1b: Pelipper|Hurricane|p2a: Venusaur\n|-activate|p2a: Venusaur|move: Protect\n|\n|-weather|RainDance|[upkeep]\n|upkeep\n|turn|10\n|inactive|Piter2509 has 30 seconds left.\n|\n|t:|1776074060\n|switch|p2a: Rotom|Rotom-Wash, L50|1/100\n|move|p1a: Garchomp|Dragon Claw|p2b: Garchomp\n|-supereffective|p2b: Garchomp|1\n|-damage|p2b: Garchomp|24/100\n|-damage|p1a: Garchomp|24/100|[from] ability: Rough Skin|[of] p2b: Garchomp\n|move|p1b: Pelipper|Hurricane|p2a: Rotom\n|-resisted|p2a: Rotom|1\n|-damage|p2a: Rotom|0 fnt\n|faint|p2a: Rotom\n|move|p2b: Garchomp|Dragon Claw|p1a: Garchomp\n|-supereffective|p1a: Garchomp|1\n|-damage|p1a: Garchomp|0 fnt\n|-damage|p2b: Garchomp|12/100|[from] ability: Rough Skin|[of] p1a: Garchomp\n|faint|p1a: Garchomp\n|\n|-weather|RainDance|[upkeep]\n|upkeep\n|\n|t:|1776074074\n|switch|p1a: Blastoise|Blastoise, L50, F|91/100\n|switch|p2a: Venusaur|Venusaur-Mega, L50, F|43/100\n|turn|11\n|\n|t:|1776074082\n|move|p2b: Garchomp|Protect|p2b: Garchomp\n|-singleturn|p2b: Garchomp|Protect\n|move|p2a: Venusaur|Protect|p2a: Venusaur\n|-singleturn|p2a: Venusaur|Protect\n|move|p1a: Blastoise|Shell Smash|p1a: Blastoise\n|-unboost|p1a: Blastoise|def|1\n|-unboost|p1a: Blastoise|spd|1\n|-boost|p1a: Blastoise|atk|2\n|-boost|p1a: Blastoise|spa|2\n|-boost|p1a: Blastoise|spe|2\n|move|p1b: Pelipper|Weather Ball|p2b: Garchomp\n|-activate|p2b: Garchomp|move: Protect\n|\n|-weather|none\n|-sideend|p1: Rk pokemons|move: Tailwind\n|upkeep\n|turn|12\n|inactive|Piter2509 has 30 seconds left.\n|inactive|Piter2509 has 20 seconds left.\n|\n|t:|1776074119\n|move|p1a: Blastoise|Water Spout|p2a: Venusaur|[spread] p2a,p2b\n|-resisted|p2a: Venusaur|1\n|-damage|p2a: Venusaur|12/100\n|-damage|p2b: Garchomp|0 fnt\n|faint|p2b: Garchomp\n|move|p2a: Venusaur|Giga Drain|p1a: Blastoise\n|-supereffective|p1a: Blastoise|1\n|-damage|p1a: Blastoise|0 fnt\n|-heal|p2a: Venusaur|52/100|[from] drain|[of] p1a: Blastoise\n|faint|p1a: Blastoise\n|move|p1b: Pelipper|Weather Ball|p2a: Venusaur\n|-damage|p2a: Venusaur|40/100\n|\n|upkeep\n|turn|13\n|\n|t:|1776074132\n|move|p2a: Venusaur|Giga Drain|p1b: Pelipper\n|-damage|p1b: Pelipper|0 fnt\n|-heal|p2a: Venusaur|48/100|[from] drain|[of] p1b: Pelipper\n|faint|p1b: Pelipper\n|\n|win|Piter2509\n|raw|Rk pokemons's rating: 1219 &rarr; <strong>1187</strong><br />(-32 for losing)\n|raw|Piter2509's rating: 1125 &rarr; <strong>1157</strong><br />(+32 for winning)\n|c|\u2606Piter2509|ggs\n|c|\u2606Rk pokemons|Miss clicked\n|c|\u2606Rk pokemons|?\n|c|\u2606Rk pokemons|Hurricane\n|c|\u2606Piter2509|ahhhh\n|c|\u2606Rk pokemons|Ggs\n|c|\u2606Piter2509|sorry dude\n|c|\u2606Rk pokemons|You played\n|c|\u2606Piter2509|ggs\n|c|\u2606Rk pokemons|Well\n",
  "uploadtime": 1776074174,
  "views": 14,
  "formatid": "gen9championsvgc2026regma",
  "rating": 1157,
  "private": 0,
  "password": null
}