{
  "id": "gen9championsvgc2026regma-2587474626",
  "format": "[Gen 9 Champions] VGC 2026 Reg M-A",
  "players": [
    "GOLDENSEXYBOY",
    "echomaestro"
  ],
  "log": "|j|\u2606GOLDENSEXYBOY\n|j|\u2606echomaestro\n|t:|1776534896\n|gametype|doubles\n|player|p1|GOLDENSEXYBOY|marlon|1236\n|player|p2|echomaestro|adaman|1152\n|gen|9\n|tier|[Gen 9 Champions] VGC 2026 Reg M-A\n|rated|\n|rule|Species Clause: Limit one of each Pok\u00e9mon\n|rule|Item Clause: Limit 1 of each item\n|clearpoke\n|poke|p1|Charizard, L50, M, shiny|\n|poke|p1|Farigiraf, L50, F, shiny|\n|poke|p1|Araquanid, L50, M, shiny|\n|poke|p1|Politoed, L50, F, shiny|\n|poke|p1|Kingambit, L50, M, shiny|\n|poke|p1|Archaludon, L50, F, shiny|\n|poke|p2|Meganium, L50, M|\n|poke|p2|Corviknight, L50, F|\n|poke|p2|Pelipper, L50, F|\n|poke|p2|Aggron, L50, M|\n|poke|p2|Basculegion, L50, M|\n|poke|p2|Sinistcha, L50|\n|teampreview|4\n|\n|t:|1776534955\n|teamsize|p1|4\n|teamsize|p2|4\n|start\n|switch|p1a: Politoed|Politoed, L50, F, shiny|100/100\n|switch|p1b: Araquanid|Araquanid, L50, M, shiny|100/100\n|switch|p2a: sky rat|Pelipper, L50, F|100/100\n|switch|p2b: angry|Aggron, L50, M|100/100\n|-weather|RainDance|[from] ability: Drizzle|[of] p1a: Politoed\n|turn|1\n|inactive|Battle timer is ON: inactive players will automatically lose when time's up. (requested by GOLDENSEXYBOY)\n|\n|t:|1776534988\n|detailschange|p2b: angry|Aggron-Mega, L50, M\n|-mega|p2b: angry|Aggron|Aggronite\n|move|p1b: Araquanid|Protect|p1b: Araquanid\n|-singleturn|p1b: Araquanid|Protect\n|move|p1a: Politoed|Focus Blast|p2b: angry|[miss]\n|-miss|p1a: Politoed|p2b: angry\n|move|p2a: sky rat|Tailwind|p2a: sky rat\n|-sidestart|p2: echomaestro|move: Tailwind\n|move|p2b: angry|Iron Defense|p2b: angry\n|-boost|p2b: angry|def|2\n|\n|-weather|RainDance|[upkeep]\n|upkeep\n|turn|2\n|inactive|echomaestro has 30 seconds left.\n|\n|t:|1776535020\n|switch|p2a: black pen|Corviknight, L50, F|100/100\n|switch|p1b: Archaludon|Archaludon, L50, F, shiny|100/100\n|move|p2b: angry|Protect|p2b: angry\n|-singleturn|p2b: angry|Protect\n|move|p1a: Politoed|Focus Blast|p2b: angry\n|-activate|p2b: angry|move: Protect\n|\n|-weather|RainDance|[upkeep]\n|upkeep\n|turn|3\n|\n|t:|1776535036\n|move|p2a: black pen|Body Press|p1b: Archaludon\n|-supereffective|p1b: Archaludon|1\n|-damage|p1b: Archaludon|60/100\n|-ability|p1b: Archaludon|Stamina|boost\n|-boost|p1b: Archaludon|def|1\n|move|p1a: Politoed|Focus Blast|p2b: angry\n|-supereffective|p2b: angry|1\n|-damage|p2b: angry|58/100\n|move|p2b: angry|Body Press|p1a: Politoed\n|-damage|p1a: Politoed|7/100\n|move|p1b: Archaludon|Aura Sphere|p2b: angry\n|-supereffective|p2b: angry|1\n|-damage|p2b: angry|17/100\n|\n|-weather|RainDance|[upkeep]\n|-heal|p1b: Archaludon|66/100|[from] item: Leftovers\n|upkeep\n|turn|4\n|\n|t:|1776535060\n|switch|p2a: calm|Sinistcha, L50|100/100\n|-heal|p2b: angry|42/100|[from] ability: Hospitality|[of] p2a: calm\n|switch|p1a: Kingambit|Kingambit, L50, M, shiny|100/100\n|move|p2b: angry|Protect|p2b: angry\n|-singleturn|p2b: angry|Protect\n|move|p1b: Archaludon|Aura Sphere|p2b: angry\n|-activate|p2b: angry|move: Protect\n|\n|-weather|RainDance|[upkeep]\n|-heal|p1b: Archaludon|72/100|[from] item: Leftovers\n|-sideend|p2: echomaestro|move: Tailwind\n|upkeep\n|turn|5\n|inactive|GOLDENSEXYBOY has 30 seconds left.\n|inactive|echomaestro has 30 seconds left.\n|\n|t:|1776535090\n|move|p2a: calm|Rage Powder|p2a: calm\n|-singleturn|p2a: calm|move: Rage Powder\n|move|p1a: Kingambit|Sucker Punch||[still]\n|-fail|p1a: Kingambit\n|move|p1b: Archaludon|Aura Sphere|p2a: calm\n|-immune|p2a: calm\n|move|p2b: angry|Body Press|p1a: Kingambit\n|-supereffective|p1a: Kingambit|2\n|-enditem|p1a: Kingambit|Focus Sash\n|-damage|p1a: Kingambit|1/100\n|\n|-weather|none\n|-heal|p1b: Archaludon|78/100|[from] item: Leftovers\n|upkeep\n|turn|6\n|inactive|echomaestro has 30 seconds left.\n|inactive|GOLDENSEXYBOY has 30 seconds left.\n|inactive|echomaestro has 20 seconds left.\n|inactive|GOLDENSEXYBOY has 20 seconds left.\n|inactive|GOLDENSEXYBOY has 15 seconds left.\n|\n|t:|1776535143\n|move|p2a: calm|Protect|p2a: calm\n|-singleturn|p2a: calm|Protect\n|move|p2b: angry|Protect|p2b: angry\n|-singleturn|p2b: angry|Protect\n|move|p1a: Kingambit|Protect|p1a: Kingambit\n|-singleturn|p1a: Kingambit|Protect\n|move|p1b: Archaludon|Flash Cannon|p2a: calm\n|-activate|p2a: calm|move: Protect\n|\n|-heal|p1b: Archaludon|84/100|[from] item: Leftovers\n|upkeep\n|turn|7\n|inactive|GOLDENSEXYBOY has 30 seconds left.\n|inactive|echomaestro has 30 seconds left.\n|inactive|GOLDENSEXYBOY has 20 seconds left.\n|inactive|echomaestro has 20 seconds left.\n|inactive|echomaestro has 15 seconds left.\n|\n|t:|1776535185\n|switch|p1b: Politoed|Politoed, L50, F, shiny|7/100\n|-weather|RainDance|[from] ability: Drizzle|[of] p1b: Politoed\n|move|p1a: Kingambit|Sucker Punch||[still]\n|-fail|p1a: Kingambit\n|move|p2b: angry|Body Press|p1a: Kingambit\n|-supereffective|p1a: Kingambit|2\n|-damage|p1a: Kingambit|0 fnt\n|faint|p1a: Kingambit\n|move|p2a: calm|Trick Room|p2a: calm\n|-fieldstart|move: Trick Room|[of] p2a: calm\n|\n|-weather|RainDance|[upkeep]\n|upkeep\n|\n|t:|1776535202\n|switch|p1a: Archaludon|Archaludon, L50, F, shiny|84/100\n|turn|8\n|\n|t:|1776535226\n|switch|p1b: Araquanid|Araquanid, L50, M, shiny|100/100\n|move|p2a: calm|Rage Powder|p2a: calm\n|-singleturn|p2a: calm|move: Rage Powder\n|move|p2b: angry|Iron Defense|p2b: angry\n|-boost|p2b: angry|def|2\n|move|p1a: Archaludon|Flash Cannon|p2a: calm\n|-damage|p2a: calm|53/100\n|\n|-weather|RainDance|[upkeep]\n|-heal|p1a: Archaludon|90/100|[from] item: Leftovers\n|upkeep\n|turn|9\n|inactive|GOLDENSEXYBOY has 30 seconds left.\n|\n|t:|1776535257\n|move|p1b: Araquanid|Leech Life|p2a: calm\n|-damage|p2a: calm|23/100\n|move|p2b: angry|Body Press|p1a: Archaludon\n|-supereffective|p1a: Archaludon|1\n|-damage|p1a: Archaludon|0 fnt\n|faint|p1a: Archaludon\n|move|p2a: calm|Matcha Gotcha|p1b: Araquanid\n|-damage|p1b: Araquanid|69/100\n|-heal|p2a: calm|42/100|[from] drain|[of] p1b: Araquanid\n|\n|-weather|RainDance|[upkeep]\n|upkeep\n|\n|t:|1776535269\n|switch|p1a: Politoed|Politoed, L50, F, shiny|7/100\n|turn|10\n|\n|t:|1776535284\n|move|p2a: calm|Rage Powder|p2a: calm\n|-singleturn|p2a: calm|move: Rage Powder\n|move|p1b: Araquanid|Liquidation|p2a: calm\n|-resisted|p2a: calm|1\n|-damage|p2a: calm|0 fnt\n|faint|p2a: calm\n|move|p2b: angry|Body Press|p1a: Politoed\n|-damage|p1a: Politoed|0 fnt\n|faint|p1a: Politoed\n|\n|-weather|RainDance|[upkeep]\n|upkeep\n|\n|t:|1776535291\n|switch|p2a: black pen|Corviknight, L50, F|100/100\n|turn|11\n|\n|t:|1776535297\n|move|p1b: Araquanid|Liquidation|p2b: angry\n|-damage|p2b: angry|24/100\n|move|p2b: angry|Iron Defense|p2b: angry\n|-boost|p2b: angry|def|2\n|move|p2a: black pen|Brave Bird|p1b: Araquanid\n|-supereffective|p1b: Araquanid|1\n|-damage|p1b: Araquanid|0 fnt\n|faint|p1b: Araquanid\n|-damage|p2a: black pen|78/100|[from] Recoil\n|\n|win|echomaestro\n|raw|GOLDENSEXYBOY's rating: 1236 &rarr; <strong>1205</strong><br />(-31 for losing)\n|raw|echomaestro's rating: 1152 &rarr; <strong>1183</strong><br />(+31 for winning)\n|c|\u2606GOLDENSEXYBOY|gg\n",
  "uploadtime": 1776535306,
  "views": 27,
  "formatid": "gen9championsvgc2026regma",
  "rating": 1183,
  "private": 0,
  "password": null
}