{
  "id": "gen9championsvgc2026regma-2581019998",
  "format": "[Gen 9 Champions] VGC 2026 Reg M-A",
  "players": [
    "khaoz x",
    "squidski"
  ],
  "log": "|j|\u2606khaoz x\n|j|\u2606squidski\n|t:|1775952346\n|gametype|doubles\n|player|p1|khaoz x|102|1000\n|player|p2|squidski|1|1000\n|gen|9\n|tier|[Gen 9 Champions] VGC 2026 Reg M-A\n|rated|\n|rule|Species Clause: Limit one of each Pok\u00e9mon\n|rule|Item Clause: Limit 1 of each item\n|clearpoke\n|poke|p1|Charizard, L50, M|\n|poke|p1|Garchomp, L50, F|\n|poke|p1|Incineroar, L50, F|\n|poke|p1|Venusaur, L50, F|\n|poke|p1|Sneasler, L50, M|\n|poke|p1|Whimsicott, L50, F|\n|poke|p2|Feraligatr, L50, M|\n|poke|p2|Heliolisk, L50, M|\n|poke|p2|Scizor, L50, F|\n|poke|p2|Alcremie, L50, F|\n|poke|p2|Tauros-Paldea-Blaze, L50, M|\n|teampreview|4\n|j| Chiefiest\n|\n|t:|1775952396\n|teamsize|p1|4\n|teamsize|p2|4\n|start\n|switch|p1a: Whimsicott|Whimsicott, L50, F|100/100\n|switch|p1b: Sneasler|Sneasler, L50, M, shiny|100/100\n|switch|p2a: Heliolisk|Heliolisk, L50, M|100/100\n|switch|p2b: Alcremie|Alcremie, L50, F|100/100\n|turn|1\n|inactive|Battle timer is ON: inactive players will automatically lose when time's up. (requested by khaoz x)\n|inactive|squidski has 60 seconds left.\n|\n|t:|1775952434\n|move|p1a: Whimsicott|Tailwind|p1a: Whimsicott\n|-sidestart|p1: khaoz x|move: Tailwind\n|move|p1b: Sneasler|Dire Claw|p2a: Heliolisk\n|-damage|p2a: Heliolisk|17/100\n|-block|p2a: Heliolisk|ability: Sweet Veil|[of] p2b: Alcremie\n|move|p2a: Heliolisk|Volt Switch|p1b: Sneasler\n|-damage|p1b: Sneasler|58/100\n|\n|t:|1775952453\n|switch|p2a: Feraligatr|Feraligatr, L50, M|100/100|[from] Volt Switch\n|move|p2b: Alcremie|Dazzling Gleam|p1b: Sneasler|[spread] p1a,p1b\n|-damage|p1a: Whimsicott|68/100\n|-damage|p1b: Sneasler|32/100\n|\n|upkeep\n|turn|2\n|\n|t:|1775952473\n|move|p1b: Sneasler|Rock Tomb|p2a: Feraligatr\n|-damage|p2a: Feraligatr|77/100\n|-unboost|p2a: Feraligatr|spe|1\n|move|p1a: Whimsicott|Moonblast|p2a: Feraligatr\n|-damage|p2a: Feraligatr|40/100\n|-unboost|p2a: Feraligatr|spa|1\n|move|p2a: Feraligatr|Dragon Dance|p2a: Feraligatr\n|-boost|p2a: Feraligatr|atk|1\n|-boost|p2a: Feraligatr|spe|1\n|move|p2b: Alcremie|Decorate|p2a: Feraligatr\n|-boost|p2a: Feraligatr|atk|2\n|-boost|p2a: Feraligatr|spa|2\n|\n|upkeep\n|turn|3\n|inactive|squidski has 30 seconds left.\n|inactive|khaoz x has 30 seconds left.\n|inactive|squidski has 20 seconds left.\n|\n|t:|1775952510\n|move|p2a: Feraligatr|Protect|p2a: Feraligatr\n|-singleturn|p2a: Feraligatr|Protect\n|move|p1a: Whimsicott|Encore|p2a: Feraligatr\n|-activate|p2a: Feraligatr|move: Protect\n|move|p1b: Sneasler|Close Combat|p2b: Alcremie\n|-resisted|p2b: Alcremie|1\n|-damage|p2b: Alcremie|70/100\n|-unboost|p1b: Sneasler|def|1\n|-unboost|p1b: Sneasler|spd|1\n|-enditem|p1b: Sneasler|White Herb\n|-clearnegativeboost|p1b: Sneasler|[silent]\n|move|p2b: Alcremie|Dazzling Gleam|p1b: Sneasler|[spread] p1a,p1b\n|-damage|p1a: Whimsicott|39/100\n|-damage|p1b: Sneasler|4/100\n|\n|-heal|p2b: Alcremie|76/100|[from] item: Leftovers\n|upkeep\n|turn|4\n|\n|t:|1775952533\n|detailschange|p2a: Feraligatr|Feraligatr-Mega, L50, M\n|-mega|p2a: Feraligatr|Feraligatr|Feraligite\n|move|p1a: Whimsicott|Encore|p2a: Feraligatr\n|-start|p2a: Feraligatr|Encore\n|move|p2a: Feraligatr|Protect||[still]\n|-fail|p2a: Feraligatr\n|move|p2b: Alcremie|Baby-Doll Eyes|p1b: Sneasler\n|-unboost|p1b: Sneasler|atk|1\n|move|p1b: Sneasler|Dire Claw|p2a: Feraligatr\n|-damage|p2a: Feraligatr|13/100\n|\n|-heal|p2b: Alcremie|82/100|[from] item: Leftovers\n|-sideend|p1: khaoz x|move: Tailwind\n|upkeep\n|turn|5\n|\n|t:|1775952554\n|move|p2a: Feraligatr|Protect|p2a: Feraligatr\n|-singleturn|p2a: Feraligatr|Protect\n|move|p1a: Whimsicott|Tailwind|p1a: Whimsicott\n|-sidestart|p1: khaoz x|move: Tailwind\n|move|p1b: Sneasler|Dire Claw|p2a: Feraligatr\n|-activate|p2a: Feraligatr|move: Protect\n|move|p2b: Alcremie|Dazzling Gleam|p1a: Whimsicott|[spread] p1a,p1b\n|-damage|p1a: Whimsicott|11/100\n|-damage|p1b: Sneasler|0 fnt\n|faint|p1b: Sneasler\n|\n|-heal|p2b: Alcremie|88/100|[from] item: Leftovers\n|upkeep\n|\n|t:|1775952561\n|switch|p1b: Venusaur|Venusaur, L50, F|100/100\n|turn|6\n|\n|t:|1775952583\n|move|p2a: Feraligatr|Protect|p2a: Feraligatr\n|-singleturn|p2a: Feraligatr|Protect\n|move|p1a: Whimsicott|Moonblast|p2b: Alcremie\n|-damage|p2b: Alcremie|62/100\n|-unboost|p2b: Alcremie|spa|1\n|move|p1b: Venusaur|Giga Drain|p2a: Feraligatr\n|-activate|p2a: Feraligatr|move: Protect\n|move|p2b: Alcremie|Dazzling Gleam|p1b: Venusaur|[spread] p1a,p1b\n|-resisted|p1b: Venusaur|1\n|-damage|p1a: Whimsicott|0 fnt\n|-damage|p1b: Venusaur|93/100\n|faint|p1a: Whimsicott\n|\n|-heal|p2b: Alcremie|67/100|[from] item: Leftovers\n|-end|p2a: Feraligatr|Encore\n|upkeep\n|\n|t:|1775952587\n|switch|p1a: Charizard|Charizard, L50, M, shiny|100/100\n|turn|7\n|\n|t:|1775952611\n|detailschange|p1a: Charizard|Charizard-Mega-Y, L50, M, shiny\n|-mega|p1a: Charizard|Charizard|Charizardite Y\n|-weather|SunnyDay|[from] ability: Drought|[of] p1a: Charizard\n|move|p1b: Venusaur|Giga Drain|p2a: Feraligatr\n|-damage|p2a: Feraligatr|0 fnt\n|-heal|p1b: Venusaur|99/100|[from] drain|[of] p2a: Feraligatr\n|faint|p2a: Feraligatr\n|move|p1a: Charizard|Heat Wave|p2b: Alcremie\n|-damage|p2b: Alcremie|0 fnt\n|faint|p2b: Alcremie\n|\n|-weather|SunnyDay|[upkeep]\n|upkeep\n|\n|t:|1775952620\n|switch|p2a: Heliolisk|Heliolisk, L50, M|17/100\n|switch|p2b: Tauros|Tauros-Paldea-Blaze, L50, M|100/100\n|-ability|p2b: Tauros|Intimidate|boost\n|-unboost|p1a: Charizard|atk|1\n|-unboost|p1b: Venusaur|atk|1\n|turn|8\n|\n|t:|1775952634\n|move|p1b: Venusaur|Sleep Powder|p2b: Tauros|[miss]\n|-miss|p1b: Venusaur|p2b: Tauros\n|move|p1a: Charizard|Heat Wave|p2b: Tauros|[spread] p2a,p2b\n|-resisted|p2b: Tauros|1\n|-damage|p2a: Heliolisk|0 fnt\n|-damage|p2b: Tauros|47/100\n|faint|p2a: Heliolisk\n|move|p2b: Tauros|Temper Flare|p1b: Venusaur\n|-supereffective|p1b: Venusaur|1\n|-damage|p1b: Venusaur|0 fnt\n|faint|p1b: Venusaur\n|\n|-weather|SunnyDay|[upkeep]\n|-sideend|p1: khaoz x|move: Tailwind\n|upkeep\n|turn|9\n|inactive|squidski has 30 seconds left.\n|\n|t:|1775952661\n|move|p2b: Tauros|Will-O-Wisp|p1a: Charizard\n|-immune|p1a: Charizard\n|move|p1a: Charizard|Heat Wave|p2b: Tauros\n|-resisted|p2b: Tauros|1\n|-damage|p2b: Tauros|0 fnt\n|faint|p2b: Tauros\n|\n|win|khaoz x\n|raw|khaoz x's rating: 1000 &rarr; <strong>1040</strong><br />(+40 for winning)\n|raw|squidski's rating: 1000 &rarr; <strong>1000</strong><br />(+0 for losing)\n|l|\u2606khaoz x\n|player|p1|\n",
  "uploadtime": 1775952837,
  "views": 11,
  "formatid": "gen9championsvgc2026regma",
  "rating": 1000,
  "private": 0,
  "password": null
}