{
  "id": "gen9championsvgc2026regma-2587881507",
  "format": "[Gen 9 Champions] VGC 2026 Reg M-A",
  "players": [
    "SilverVT",
    "Sethwell"
  ],
  "log": "|j|\u2606SilverVT\n|j|\u2606Sethwell\n|t:|1776574104\n|gametype|doubles\n|player|p1|SilverVT|silver-masters|1558\n|player|p2|Sethwell|blue|1628\n|gen|9\n|tier|[Gen 9 Champions] VGC 2026 Reg M-A\n|rated|\n|rule|Species Clause: Limit one of each Pok\u00e9mon\n|rule|Item Clause: Limit 1 of each item\n|clearpoke\n|poke|p1|Whimsicott, L50, M|\n|poke|p1|Gardevoir, L50, F|\n|poke|p1|Garchomp, L50, M|\n|poke|p1|Incineroar, L50, M|\n|poke|p1|Sneasler, L50, F|\n|poke|p1|Farigiraf, L50, F|\n|poke|p2|Blastoise, L50, M|\n|poke|p2|Whimsicott, L50, F|\n|poke|p2|Incineroar, L50, M|\n|poke|p2|Sneasler, L50, M|\n|poke|p2|Kingambit, L50, F|\n|poke|p2|Sinistcha, L50|\n|teampreview|4\n|inactive|Battle timer is ON: inactive players will automatically lose when time's up. (requested by SilverVT)\n|inactive|SilverVT has 60 seconds left.\n|inactive|Sethwell has 60 seconds left.\n|\n|t:|1776574153\n|teamsize|p1|4\n|teamsize|p2|4\n|start\n|switch|p1a: Sneasler|Sneasler, L50, F|100/100\n|switch|p1b: Garchomp|Garchomp, L50, M|100/100\n|switch|p2a: Whimsicott|Whimsicott, L50, F|100/100\n|switch|p2b: Blastoise|Blastoise, L50, M|100/100\n|turn|1\n|\n|t:|1776574168\n|switch|p1b: Whimsicott|Whimsicott, L50, M|100/100\n|move|p2a: Whimsicott|Protect|p2a: Whimsicott\n|-singleturn|p2a: Whimsicott|Protect\n|move|p2b: Blastoise|Protect|p2b: Blastoise\n|-singleturn|p2b: Blastoise|Protect\n|move|p1a: Sneasler|Dire Claw|p2a: Whimsicott\n|-activate|p2a: Whimsicott|move: Protect\n|\n|upkeep\n|turn|2\n|inactive|Sethwell has 30 seconds left.\n|\n|t:|1776574194\n|switch|p2b: Sneasler|Sneasler, L50, M|100/100\n|move|p1b: Whimsicott|Encore||[still]\n|-fail|p1b: Whimsicott\n|move|p2a: Whimsicott|Tailwind|p2a: Whimsicott\n|-sidestart|p2: Sethwell|move: Tailwind\n|move|p1a: Sneasler|Dire Claw|p2a: Whimsicott\n|-supereffective|p2a: Whimsicott|2\n|-enditem|p2a: Whimsicott|Focus Sash\n|-damage|p2a: Whimsicott|1/100\n|\n|upkeep\n|turn|3\n|inactive|Sethwell has 30 seconds left.\n|inactive|Sethwell has 20 seconds left.\n|\n|t:|1776574231\n|switch|p2b: Blastoise|Blastoise, L50, M|100/100\n|move|p1b: Whimsicott|Protect|p1b: Whimsicott\n|-singleturn|p1b: Whimsicott|Protect\n|move|p2a: Whimsicott|Encore|p1b: Whimsicott\n|-activate|p1b: Whimsicott|move: Protect\n|move|p1a: Sneasler|Close Combat|p2a: Whimsicott\n|-resisted|p2a: Whimsicott|1\n|-damage|p2a: Whimsicott|0 fnt\n|-unboost|p1a: Sneasler|def|1\n|-unboost|p1a: Sneasler|spd|1\n|faint|p2a: Whimsicott\n|-enditem|p1a: Sneasler|White Herb\n|-clearnegativeboost|p1a: Sneasler|[silent]\n|\n|upkeep\n|\n|t:|1776574238\n|switch|p2a: Sinistcha|Sinistcha, L50|100/100\n|turn|4\n|\n|t:|1776574253\n|detailschange|p2b: Blastoise|Blastoise-Mega, L50, M\n|-mega|p2b: Blastoise|Blastoise|Blastoisinite\n|move|p2a: Sinistcha|Rage Powder|p2a: Sinistcha\n|-singleturn|p2a: Sinistcha|move: Rage Powder\n|move|p1a: Sneasler|Dire Claw|p2a: Sinistcha\n|-damage|p2a: Sinistcha|58/100\n|move|p2b: Blastoise|Shell Smash|p2b: Blastoise\n|-unboost|p2b: Blastoise|def|1\n|-unboost|p2b: Blastoise|spd|1\n|-boost|p2b: Blastoise|atk|2\n|-boost|p2b: Blastoise|spa|2\n|-boost|p2b: Blastoise|spe|2\n|move|p1b: Whimsicott|Moonblast|p2b: Blastoise\n|-damage|p2b: Blastoise|50/100\n|\n|upkeep\n|turn|5\n|inactive|SilverVT has 30 seconds left.\n|inactive|Sethwell has 30 seconds left.\n|inactive|SilverVT has 20 seconds left.\n|inactive|Sethwell has 20 seconds left.\n|inactive|Sethwell has 15 seconds left.\n|inactive|Sethwell has 10 seconds left.\n|\n|t:|1776574301\n|move|p1b: Whimsicott|Encore|p2b: Blastoise\n|-start|p2b: Blastoise|Encore\n|move|p2b: Blastoise|Shell Smash|p2b: Blastoise\n|-unboost|p2b: Blastoise|def|1\n|-unboost|p2b: Blastoise|spd|1\n|-boost|p2b: Blastoise|atk|2\n|-boost|p2b: Blastoise|spa|2\n|-boost|p2b: Blastoise|spe|2\n|move|p1a: Sneasler|Dire Claw|p2a: Sinistcha\n|-damage|p2a: Sinistcha|16/100\n|-status|p2a: Sinistcha|par\n|move|p2a: Sinistcha|Matcha Gotcha|p1a: Sneasler|[spread] p1a\n|-miss|p2a: Sinistcha|p1b: Whimsicott\n|-resisted|p1a: Sneasler|1\n|-damage|p1a: Sneasler|81/100\n|-heal|p2a: Sinistcha|24/100 par|[from] drain|[of] p1a: Sneasler\n|\n|-sideend|p2: Sethwell|move: Tailwind\n|upkeep\n|turn|6\n|\n|t:|1776574325\n|switch|p2b: Sneasler|Sneasler, L50, M|100/100\n|move|p2a: Sinistcha|Protect|p2a: Sinistcha\n|-singleturn|p2a: Sinistcha|Protect\n|move|p1a: Sneasler|Dire Claw|p2b: Sneasler\n|-resisted|p2b: Sneasler|1\n|-damage|p2b: Sneasler|61/100\n|move|p1b: Whimsicott|Moonblast|p2a: Sinistcha\n|-activate|p2a: Sinistcha|move: Protect\n|\n|upkeep\n|turn|7\n|\n|t:|1776574340\n|switch|p2a: Blastoise|Blastoise-Mega, L50, M|50/100\n|move|p1b: Whimsicott|Tailwind|p1b: Whimsicott\n|-sidestart|p1: SilverVT|move: Tailwind\n|move|p1a: Sneasler|Dire Claw|p2a: Blastoise\n|-damage|p2a: Blastoise|1/100\n|move|p2b: Sneasler|Dire Claw|p1b: Whimsicott\n|-supereffective|p1b: Whimsicott|2\n|-enditem|p1b: Whimsicott|Focus Sash\n|-damage|p1b: Whimsicott|1/100\n|\n|upkeep\n|turn|8\n|inactive|SilverVT has 30 seconds left.\n|inactive|Sethwell has 30 seconds left.\n|\n|t:|1776574373\n|switch|p2a: Sinistcha|Sinistcha, L50|24/100 par\n|-heal|p2b: Sneasler|86/100|[from] ability: Hospitality|[of] p2a: Sinistcha\n|move|p1b: Whimsicott|Protect|p1b: Whimsicott\n|-singleturn|p1b: Whimsicott|Protect\n|move|p1a: Sneasler|Dire Claw|p2a: Sinistcha\n|-damage|p2a: Sinistcha|0 fnt\n|faint|p2a: Sinistcha\n|move|p2b: Sneasler|Close Combat|p1b: Whimsicott\n|-activate|p1b: Whimsicott|move: Protect\n|\n|upkeep\n|\n|t:|1776574379\n|switch|p2a: Blastoise|Blastoise-Mega, L50, M|1/100\n|turn|9\n|\n|t:|1776574392\n|switch|p1b: Garchomp|Garchomp, L50, M|100/100\n|move|p1a: Sneasler|Dire Claw|p2a: Blastoise\n|-damage|p2a: Blastoise|0 fnt\n|faint|p2a: Blastoise\n|move|p2b: Sneasler|Close Combat|p1a: Sneasler\n|-resisted|p1a: Sneasler|1\n|-damage|p1a: Sneasler|22/100\n|-unboost|p2b: Sneasler|def|1\n|-unboost|p2b: Sneasler|spd|1\n|-enditem|p2b: Sneasler|White Herb\n|-clearnegativeboost|p2b: Sneasler|[silent]\n|\n|upkeep\n|turn|10\n|-message|Sethwell forfeited.\n|\n|win|SilverVT\n|raw|SilverVT's rating: 1558 &rarr; <strong>1582</strong><br />(+24 for winning)\n|raw|Sethwell's rating: 1628 &rarr; <strong>1604</strong><br />(-24 for losing)\n|l|\u2606Sethwell\n|player|p2|\n|l|\u2606SilverVT\n|player|p1|\n",
  "uploadtime": 1776574402,
  "views": 34,
  "formatid": "gen9championsvgc2026regma",
  "rating": 1582,
  "private": 0,
  "password": null
}