{
  "id": "gen9championsvgc2026regma-2583704100",
  "format": "[Gen 9 Champions] VGC 2026 Reg M-A",
  "players": [
    "MefShowdown0",
    "warcrimesgaming"
  ],
  "log": "|j|\u2606MefShowdown0\n|j|\u2606warcrimesgaming\n|t:|1776192099\n|gametype|doubles\n|player|p1|MefShowdown0|selene-masters2|1106\n|player|p2|warcrimesgaming|harlequin|1182\n|gen|9\n|tier|[Gen 9 Champions] VGC 2026 Reg M-A\n|rated|\n|rule|Species Clause: Limit one of each Pok\u00e9mon\n|rule|Item Clause: Limit 1 of each item\n|clearpoke\n|poke|p1|Floette-Eternal, L50, F|\n|poke|p1|Delphox, L50, M|\n|poke|p1|Aerodactyl, L50, M|\n|poke|p1|Maushold, L50|\n|poke|p1|Garchomp, L50, M|\n|poke|p1|Incineroar, L50, M|\n|poke|p2|Lopunny, L50, M|\n|poke|p2|Incineroar, L50, M|\n|poke|p2|Whimsicott, L50, F|\n|poke|p2|Milotic, L50, F|\n|poke|p2|Farigiraf, L50, F|\n|poke|p2|Garchomp, L50, M|\n|teampreview|4\n|inactive|Battle timer is ON: inactive players will automatically lose when time's up. (requested by warcrimesgaming)\n|inactive|warcrimesgaming has 60 seconds left.\n|inactive|warcrimesgaming has 30 seconds left.\n|\n|t:|1776192162\n|teamsize|p1|4\n|teamsize|p2|4\n|start\n|switch|p1a: Floette|Floette-Eternal, L50, F|100/100\n|switch|p1b: Maushold|Maushold, L50|100/100\n|switch|p2a: Horse 3|Milotic, L50, F|100/100\n|switch|p2b: 2012ToyotaCorolla|Garchomp, L50, M|100/100\n|turn|1\n|inactive|warcrimesgaming has 30 seconds left.\n|\n|t:|1776192193\n|detailschange|p1a: Floette|Floette-Mega, L50, F\n|-mega|p1a: Floette|Floette|Floettite\n|-ability|p1a: Floette|Fairy Aura\n|move|p2b: 2012ToyotaCorolla|Protect|p2b: 2012ToyotaCorolla\n|-singleturn|p2b: 2012ToyotaCorolla|Protect\n|move|p1b: Maushold|Taunt|p2a: Horse 3\n|-start|p2a: Horse 3|move: Taunt\n|move|p1a: Floette|Dazzling Gleam|p2a: Horse 3|[spread] p2a\n|-activate|p2b: 2012ToyotaCorolla|move: Protect\n|-damage|p2a: Horse 3|63/100\n|move|p2a: Horse 3|Scald|p1b: Maushold\n|-damage|p1b: Maushold|54/100\n|-status|p1b: Maushold|brn\n|\n|-damage|p1b: Maushold|48/100 brn|[from] brn\n|upkeep\n|turn|2\n|inactive|MefShowdown0 has 30 seconds left.\n|\n|t:|1776192220\n|move|p1b: Maushold|Super Fang|p2a: Horse 3\n|-damage|p2a: Horse 3|32/100\n|move|p2b: 2012ToyotaCorolla|Rock Slide|p1a: Floette|[spread] p1a,p1b\n|-crit|p1a: Floette\n|-damage|p1a: Floette|76/100\n|-damage|p1b: Maushold|24/100 brn\n|move|p1a: Floette|Dazzling Gleam|p2a: Horse 3|[spread] p2a,p2b\n|-supereffective|p2b: 2012ToyotaCorolla|1\n|-damage|p2a: Horse 3|0 fnt\n|-damage|p2b: 2012ToyotaCorolla|0 fnt\n|faint|p2a: Horse 3\n|faint|p2b: 2012ToyotaCorolla\n|\n|-damage|p1b: Maushold|18/100 brn|[from] brn\n|upkeep\n|\n|t:|1776192227\n|switch|p2b: John VGC|Incineroar, L50, M|100/100\n|switch|p2a: Bird|Lopunny, L50, M|100/100\n|-ability|p2b: John VGC|Intimidate|boost\n|-unboost|p1a: Floette|atk|1\n|-unboost|p1b: Maushold|atk|1\n|turn|3\n|\n|t:|1776192240\n|detailschange|p2a: Bird|Lopunny-Mega, L50, M\n|-mega|p2a: Bird|Lopunny|Lopunnite\n|move|p1b: Maushold|Protect|p1b: Maushold\n|-singleturn|p1b: Maushold|Protect\n|move|p1a: Floette|Protect|p1a: Floette\n|-singleturn|p1a: Floette|Protect\n|move|p2a: Bird|Fake Out|p1a: Floette\n|-activate|p1a: Floette|move: Protect\n|move|p2b: John VGC|Fake Out|p1b: Maushold\n|-activate|p1b: Maushold|move: Protect\n|\n|-damage|p1b: Maushold|12/100 brn|[from] brn\n|upkeep\n|turn|4\n|inactive|warcrimesgaming has 30 seconds left.\n|\n|t:|1776192273\n|move|p2a: Bird|Protect|p2a: Bird\n|-singleturn|p2a: Bird|Protect\n|move|p1b: Maushold|Follow Me|p1b: Maushold\n|-singleturn|p1b: Maushold|move: Follow Me\n|move|p1a: Floette|Dazzling Gleam|p2b: John VGC|[spread] p2b\n|-activate|p2a: Bird|move: Protect\n|-damage|p2b: John VGC|66/100\n|move|p2b: John VGC|Throat Chop|p1b: Maushold\n|-damage|p1b: Maushold|0 fnt\n|faint|p1b: Maushold\n|\n|upkeep\n|\n|t:|1776192283\n|switch|p1b: Aerodactyl|Aerodactyl, L50, M|100/100\n|-ability|p1b: Aerodactyl|Unnerve\n|turn|5\n|\n|t:|1776192299\n|move|p2a: Bird|Triple Axel|p1a: Floette\n|-damage|p1a: Floette|67/100\n|-damage|p1a: Floette|51/100\n|-damage|p1a: Floette|28/100\n|-hitcount|p1a: Floette|3\n|move|p1b: Aerodactyl|Tailwind|p1b: Aerodactyl\n|-sidestart|p1: MefShowdown0|move: Tailwind\n|move|p1a: Floette|Dazzling Gleam|p2b: John VGC|[spread] p2a,p2b\n|-supereffective|p2a: Bird|1\n|-damage|p2a: Bird|0 fnt\n|-damage|p2b: John VGC|28/100\n|faint|p2a: Bird\n|move|p2b: John VGC|Throat Chop|p1b: Aerodactyl\n|-damage|p1b: Aerodactyl|53/100\n|-start|p1b: Aerodactyl|Throat Chop|[silent]\n|\n|upkeep\n|turn|6\n|-message|warcrimesgaming forfeited.\n|\n|win|MefShowdown0\n|raw|MefShowdown0's rating: 1106 &rarr; <strong>1136</strong><br />(+30 for winning)\n|raw|warcrimesgaming's rating: 1182 &rarr; <strong>1152</strong><br />(-30 for losing)\n",
  "uploadtime": 1776192307,
  "views": 14,
  "formatid": "gen9championsvgc2026regma",
  "rating": 1136,
  "private": 0,
  "password": null
}