{
  "id": "gen9championsvgc2026regma-2585501754",
  "format": "[Gen 9 Champions] VGC 2026 Reg M-A",
  "players": [
    "woahneeks",
    "isabellissima"
  ],
  "log": "|j|\u2606woahneeks\n|j|\u2606isabellissima\n|t:|1776351815\n|gametype|doubles\n|player|p1|woahneeks|169|1055\n|player|p2|isabellissima|266|1126\n|gen|9\n|tier|[Gen 9 Champions] VGC 2026 Reg M-A\n|rated|\n|rule|Species Clause: Limit one of each Pok\u00e9mon\n|rule|Item Clause: Limit 1 of each item\n|clearpoke\n|poke|p1|Floette-Eternal, L50, F|\n|poke|p1|Garchomp, L50, F|\n|poke|p1|Maushold, L50|\n|poke|p1|Rotom-Wash, L50|\n|poke|p1|Talonflame, L50, F|\n|poke|p1|Incineroar, L50, F|\n|poke|p2|Incineroar, L50, M|\n|poke|p2|Gengar, L50, F|\n|poke|p2|Sneasler, L50, F|\n|poke|p2|Maushold-Four, L50|\n|poke|p2|Kommo-o, L50, F|\n|poke|p2|Politoed, L50, F|\n|teampreview|4\n|inactive|Battle timer is ON: inactive players will automatically lose when time's up. (requested by isabellissima)\n|\n|t:|1776351837\n|teamsize|p1|4\n|teamsize|p2|4\n|start\n|switch|p1a: Garchomp|Garchomp, L50, F, shiny|100/100\n|switch|p1b: Talonflame|Talonflame, L50, F, shiny|100/100\n|switch|p2a: Incineroar|Incineroar, L50, M, shiny|100/100\n|switch|p2b: Gengar|Gengar, L50, F, shiny|100/100\n|-ability|p2a: Incineroar|Intimidate|boost\n|-unboost|p1a: Garchomp|atk|1\n|-unboost|p1b: Talonflame|atk|1\n|turn|1\n|inactive|isabellissima has 30 seconds left.\n|\n|t:|1776351869\n|detailschange|p2b: Gengar|Gengar-Mega, L50, F, shiny\n|-mega|p2b: Gengar|Gengar|Gengarite\n|move|p1b: Talonflame|Protect|p1b: Talonflame\n|-singleturn|p1b: Talonflame|Protect\n|move|p1a: Garchomp|Protect|p1a: Garchomp\n|-singleturn|p1a: Garchomp|Protect\n|move|p2a: Incineroar|Fake Out|p1b: Talonflame\n|-activate|p1b: Talonflame|move: Protect\n|move|p2b: Gengar|Perish Song|p2b: Gengar\n|-start|p1a: Garchomp|perish3|[silent]\n|-start|p1b: Talonflame|perish3|[silent]\n|-start|p2a: Incineroar|perish3|[silent]\n|-start|p2b: Gengar|perish3|[silent]\n|-fieldactivate|move: Perish Song\n|\n|-start|p1b: Talonflame|perish3\n|-start|p2b: Gengar|perish3\n|-start|p1a: Garchomp|perish3\n|-start|p2a: Incineroar|perish3\n|upkeep\n|turn|2\n|inactive|woahneeks has 30 seconds left.\n|\n|t:|1776351902\n|move|p2b: Gengar|Protect|p2b: Gengar\n|-singleturn|p2b: Gengar|Protect\n|move|p2a: Incineroar|Protect|p2a: Incineroar\n|-singleturn|p2a: Incineroar|Protect\n|move|p1b: Talonflame|Tailwind|p1b: Talonflame\n|-sidestart|p1: woahneeks|move: Tailwind\n|move|p1a: Garchomp|Earthquake|p2a: Incineroar|[spread] \n|-activate|p2a: Incineroar|move: Protect\n|-activate|p2b: Gengar|move: Protect\n|-immune|p1b: Talonflame\n|\n|-start|p1b: Talonflame|perish2\n|-start|p1a: Garchomp|perish2\n|-start|p2b: Gengar|perish2\n|-start|p2a: Incineroar|perish2\n|upkeep\n|turn|3\n|\n|t:|1776351923\n|switch|p2b: Maushold|Maushold-Four, L50|100/100\n|move|p1b: Talonflame|Acrobatics|p2b: Maushold\n|-damage|p2b: Maushold|63/100\n|move|p1a: Garchomp|Earthquake|p2a: Incineroar|[spread] p2a,p2b\n|-immune|p1b: Talonflame\n|-supereffective|p2a: Incineroar|1\n|-damage|p2a: Incineroar|71/100\n|-damage|p2b: Maushold|24/100\n|move|p2a: Incineroar|Parting Shot|p1a: Garchomp\n|-unboost|p1a: Garchomp|atk|1\n|-unboost|p1a: Garchomp|spa|1\n|\n|t:|1776351935\n|switch|p2a: Gengar|Gengar-Mega, L50, F, shiny|100/100|[from] Parting Shot\n|\n|-start|p1b: Talonflame|perish1\n|-start|p1a: Garchomp|perish1\n|upkeep\n|turn|4\n|\n|t:|1776351957\n|move|p2b: Maushold|Protect|p2b: Maushold\n|-singleturn|p2b: Maushold|Protect\n|move|p2a: Gengar|Protect|p2a: Gengar\n|-singleturn|p2a: Gengar|Protect\n|move|p1b: Talonflame|Flare Blitz|p2b: Maushold\n|-activate|p2b: Maushold|move: Protect\n|move|p1a: Garchomp|Earthquake|p2b: Maushold|[spread] \n|-activate|p2a: Gengar|move: Protect\n|-activate|p2b: Maushold|move: Protect\n|-immune|p1b: Talonflame\n|\n|-start|p1b: Talonflame|perish0\n|-start|p1a: Garchomp|perish0\n|faint|p1b: Talonflame\n|faint|p1a: Garchomp\n|upkeep\n|\n|t:|1776351975\n|switch|p1b: Rotom|Rotom-Wash, L50, shiny|100/100\n|switch|p1a: Floette|Floette-Eternal, L50, F, shiny|100/100\n|turn|5\n|\n|t:|1776351992\n|detailschange|p1a: Floette|Floette-Mega, L50, F, shiny\n|-mega|p1a: Floette|Floette|Floettite\n|-ability|p1a: Floette|Fairy Aura\n|move|p2b: Maushold|Follow Me|p2b: Maushold\n|-singleturn|p2b: Maushold|move: Follow Me\n|move|p1a: Floette|Moonblast|p2b: Maushold\n|-damage|p2b: Maushold|0 fnt\n|faint|p2b: Maushold\n|move|p1b: Rotom|Hydro Pump|p2a: Gengar|[miss]\n|-miss|p1b: Rotom|p2a: Gengar\n|move|p2a: Gengar|Perish Song|p2a: Gengar\n|-start|p1a: Floette|perish3|[silent]\n|-start|p1b: Rotom|perish3|[silent]\n|-start|p2a: Gengar|perish3|[silent]\n|-fieldactivate|move: Perish Song\n|\n|-start|p1a: Floette|perish3\n|-start|p1b: Rotom|perish3\n|-start|p2a: Gengar|perish3\n|-sideend|p1: woahneeks|move: Tailwind\n|upkeep\n|\n|t:|1776352007\n|switch|p2b: Incineroar|Incineroar, L50, M, shiny|71/100\n|-ability|p2b: Incineroar|Intimidate|boost\n|-unboost|p1a: Floette|atk|1\n|-unboost|p1b: Rotom|atk|1\n|turn|6\n|\n|t:|1776352017\n|move|p2a: Gengar|Protect|p2a: Gengar\n|-singleturn|p2a: Gengar|Protect\n|move|p1a: Floette|Protect|p1a: Floette\n|-singleturn|p1a: Floette|Protect\n|move|p1b: Rotom|Protect|p1b: Rotom\n|-singleturn|p1b: Rotom|Protect\n|move|p2b: Incineroar|Protect||[still]\n|-fail|p2b: Incineroar\n|\n|-start|p2a: Gengar|perish2\n|-start|p1a: Floette|perish2\n|-start|p1b: Rotom|perish2\n|upkeep\n|turn|7\n|inactive|woahneeks has 30 seconds left.\n|inactive|isabellissima has 30 seconds left.\n|\n|t:|1776352050\n|move|p2b: Incineroar|Protect|p2b: Incineroar\n|-singleturn|p2b: Incineroar|Protect\n|move|p2a: Gengar|Shadow Ball|p1b: Rotom\n|-damage|p1b: Rotom|47/100\n|-enditem|p1b: Rotom|Sitrus Berry|[eat]\n|-heal|p1b: Rotom|72/100|[from] item: Sitrus Berry\n|move|p1a: Floette|Moonblast|p2b: Incineroar\n|-activate|p2b: Incineroar|move: Protect\n|move|p1b: Rotom|Thunderbolt|p2b: Incineroar\n|-activate|p2b: Incineroar|move: Protect\n|\n|-start|p2a: Gengar|perish1\n|-start|p1a: Floette|perish1\n|-start|p1b: Rotom|perish1\n|upkeep\n|turn|8\n|\n|t:|1776352072\n|switch|p2a: Sneasler|Sneasler, L50, F|100/100\n|move|p1a: Floette|Moonblast|p2b: Incineroar\n|-damage|p2b: Incineroar|0 fnt\n|faint|p2b: Incineroar\n|move|p1b: Rotom|Hydro Pump|p2a: Sneasler\n|-damage|p2a: Sneasler|32/100\n|\n|-start|p1a: Floette|perish0\n|-start|p1b: Rotom|perish0\n|faint|p1a: Floette\n|faint|p1b: Rotom\n|\n|win|isabellissima\n|raw|woahneeks's rating: 1055 &rarr; <strong>1040</strong><br />(-15 for losing)\n|raw|isabellissima's rating: 1126 &rarr; <strong>1146</strong><br />(+20 for winning)\n",
  "uploadtime": 1776352084,
  "views": 40,
  "formatid": "gen9championsvgc2026regma",
  "rating": 1040,
  "private": 0,
  "password": null
}