{
  "id": "gen9championsvgc2026regma-2580413729",
  "format": "[Gen 9 Champions] VGC 2026 Reg M-A",
  "players": [
    "waiseng",
    "TorkoalWQuickclaw"
  ],
  "log": "|j|\u2606waiseng\n|j|\u2606TorkoalWQuickclaw\n|t:|1775892814\n|gametype|doubles\n|player|p1|waiseng|giovanni|1136\n|player|p2|TorkoalWQuickclaw|169|1163\n|gen|9\n|tier|[Gen 9 Champions] VGC 2026 Reg M-A\n|rated|\n|rule|Species Clause: Limit one of each Pok\u00e9mon\n|rule|Item Clause: Limit 1 of each item\n|clearpoke\n|poke|p1|Incineroar, L50, M|\n|poke|p1|Kingambit, L50, M|\n|poke|p1|Sinistcha, L50|\n|poke|p1|Sneasler, L50, F|\n|poke|p1|Starmie, L50|\n|poke|p1|Sylveon, L50, F|\n|poke|p2|Floette-Eternal, L50, F|\n|poke|p2|Maushold, L50|\n|poke|p2|Garchomp, L50, M|\n|poke|p2|Talonflame, L50, F|\n|poke|p2|Rotom-Wash, L50|\n|poke|p2|Aegislash, L50, M|\n|teampreview|4\nTorkoalWQuickclaw has agreed to open team sheets.\n|inactive|Battle timer is ON: inactive players will automatically lose when time's up. (requested by TorkoalWQuickclaw)\n|\n|t:|1775892878\n|teamsize|p1|4\n|teamsize|p2|4\n|start\n|switch|p1a: Incineroar|Incineroar, L50, M|100/100\n|switch|p1b: Starmie|Starmie, L50|100/100\n|switch|p2a: Talonflame|Talonflame, L50, F|100/100\n|switch|p2b: Garchomp|Garchomp, L50, M|100/100\n|-ability|p1a: Incineroar|Intimidate|boost\n|-unboost|p2a: Talonflame|atk|1\n|-unboost|p2b: Garchomp|atk|1\n|turn|1\n|\n|t:|1775892898\n|detailschange|p1b: Starmie|Starmie-Mega, L50\n|-mega|p1b: Starmie|Starmie|Starminite\n|move|p2a: Talonflame|Protect|p2a: Talonflame\n|-singleturn|p2a: Talonflame|Protect\n|move|p2b: Garchomp|Protect|p2b: Garchomp\n|-singleturn|p2b: Garchomp|Protect\n|move|p1a: Incineroar|Fake Out|p2a: Talonflame\n|-activate|p2a: Talonflame|move: Protect\n|move|p1b: Starmie|Liquidation|p2a: Talonflame\n|-activate|p2a: Talonflame|move: Protect\n|\n|upkeep\n|turn|2\n|\n|t:|1775892917\n|switch|p1a: Sinistcha|Sinistcha, L50|100/100\n|move|p2a: Talonflame|Tailwind|p2a: Talonflame\n|-sidestart|p2: TorkoalWQuickclaw|move: Tailwind\n|move|p2b: Garchomp|Earthquake|p1b: Starmie|[spread] p1a,p1b\n|-immune|p2a: Talonflame\n|-resisted|p1a: Sinistcha|1\n|-damage|p1a: Sinistcha|87/100\n|-damage|p1b: Starmie|59/100\n|move|p1b: Starmie|Liquidation|p2a: Talonflame\n|-supereffective|p2a: Talonflame|1\n|-damage|p2a: Talonflame|0 fnt\n|faint|p2a: Talonflame\n|\n|-heal|p1a: Sinistcha|93/100|[from] item: Leftovers\n|upkeep\n|\n|t:|1775892926\n|switch|p2a: Rotom|Rotom-Wash, L50|100/100\n|turn|3\n|\n|t:|1775892946\n|move|p1b: Starmie|Protect|p1b: Starmie\n|-singleturn|p1b: Starmie|Protect\n|move|p2b: Garchomp|Stone Edge|p1a: Sinistcha\n|-damage|p1a: Sinistcha|73/100\n|move|p2a: Rotom|Volt Switch|p1b: Starmie\n|-activate|p1b: Starmie|move: Protect\n|move|p1a: Sinistcha|Trick Room|p1a: Sinistcha\n|-fieldstart|move: Trick Room|[of] p1a: Sinistcha\n|\n|-heal|p1a: Sinistcha|80/100|[from] item: Leftovers\n|upkeep\n|turn|4\n|inactive|waiseng has 30 seconds left.\n|inactive|waiseng has 20 seconds left.\n|\n|t:|1775892986\n|switch|p1b: Incineroar|Incineroar, L50, M|100/100\n|-ability|p1b: Incineroar|Intimidate|boost\n|-unboost|p2a: Rotom|atk|1\n|-unboost|p2b: Garchomp|atk|1\n|move|p1a: Sinistcha|Matcha Gotcha|p2b: Garchomp|[spread] p2a,p2b\n|-supereffective|p2a: Rotom|1\n|-damage|p2a: Rotom|50/100\n|-heal|p1a: Sinistcha|100/100|[from] drain|[of] p2a: Rotom\n|-damage|p2b: Garchomp|75/100\n|-status|p2b: Garchomp|brn\n|-enditem|p2a: Rotom|Sitrus Berry|[eat]\n|-heal|p2a: Rotom|74/100|[from] item: Sitrus Berry\n|move|p2a: Rotom|Thunderbolt|p1b: Incineroar\n|-crit|p1b: Incineroar\n|-damage|p1b: Incineroar|36/100\n|-enditem|p1b: Incineroar|Sitrus Berry|[eat]\n|-heal|p1b: Incineroar|61/100|[from] item: Sitrus Berry\n|move|p2b: Garchomp|Earthquake|p1b: Incineroar|[spread] p1a,p1b\n|-immune|p2a: Rotom|[from] ability: Levitate\n|-resisted|p1a: Sinistcha|1\n|-supereffective|p1b: Incineroar|1\n|-damage|p1a: Sinistcha|95/100\n|-damage|p1b: Incineroar|39/100\n|\n|-heal|p1a: Sinistcha|100/100|[from] item: Leftovers\n|-damage|p2b: Garchomp|69/100 brn|[from] brn\n|upkeep\n|turn|5\n|inactive|waiseng has 30 seconds left.\n|\n|t:|1775893017\n|switch|p2b: Floette|Floette-Eternal, L50, F|100/100\n|move|p1b: Incineroar|Darkest Lariat|p2a: Rotom\n|-damage|p2a: Rotom|29/100\n|move|p1a: Sinistcha|Matcha Gotcha|p2a: Rotom|[spread] p2a,p2b\n|-supereffective|p2a: Rotom|1\n|-damage|p2a: Rotom|0 fnt\n|-damage|p2b: Floette|80/100\n|faint|p2a: Rotom\n|\n|-sideend|p2: TorkoalWQuickclaw|move: Tailwind\n|upkeep\n|\n|t:|1775893025\n|switch|p2a: Garchomp|Garchomp, L50, M|69/100 brn\n|turn|6\n|\n|t:|1775893041\n|detailschange|p2b: Floette|Floette-Mega, L50, F\n|-mega|p2b: Floette|Floette|Floettite\n|-ability|p2b: Floette|Fairy Aura\n|move|p1b: Incineroar|Parting Shot|p2b: Floette\n|-unboost|p2b: Floette|atk|1\n|-unboost|p2b: Floette|spa|1\n|\n|t:|1775893048\n|switch|p1b: Sylveon|Sylveon, L50, F|100/100|[from] Parting Shot\n|move|p1a: Sinistcha|Matcha Gotcha|p2b: Floette|[spread] p2a,p2b\n|-crit|p2b: Floette\n|-damage|p2a: Garchomp|44/100 brn\n|-damage|p2b: Floette|53/100\n|move|p2b: Floette|Dazzling Gleam|p1b: Sylveon|[spread] p1a,p1b\n|-damage|p1a: Sinistcha|72/100\n|-damage|p1b: Sylveon|75/100\n|move|p2a: Garchomp|Stomping Tantrum|p1b: Sylveon\n|-damage|p1b: Sylveon|50/100\n|\n|-heal|p1a: Sinistcha|78/100|[from] item: Leftovers\n|-damage|p2a: Garchomp|38/100 brn|[from] brn\n|upkeep\n|turn|7\n|-message|TorkoalWQuickclaw forfeited.\n|\n|win|waiseng\n|raw|waiseng's rating: 1136 &rarr; <strong>1163</strong><br />(+27 for winning)\n|raw|TorkoalWQuickclaw's rating: 1163 &rarr; <strong>1136</strong><br />(-27 for losing)\n|l|\u2606TorkoalWQuickclaw\n|player|p2|\n",
  "uploadtime": 1775893081,
  "views": 22,
  "formatid": "gen9championsvgc2026regma",
  "rating": 1136,
  "private": 0,
  "password": null
}