{
  "id": "gen9championsvgc2026regma-2581536686",
  "format": "[Gen 9 Champions] VGC 2026 Reg M-A",
  "players": [
    "Pmtang",
    "TestingSerieA"
  ],
  "log": "|j|\u2606Pmtang\n|j|\u2606TestingSerieA\n|t:|1776009101\n|gametype|doubles\n|player|p1|Pmtang|265|1014\n|player|p2|TestingSerieA|102|1059\n|gen|9\n|tier|[Gen 9 Champions] VGC 2026 Reg M-A\n|rated|\n|rule|Species Clause: Limit one of each Pok\u00e9mon\n|rule|Item Clause: Limit 1 of each item\n|clearpoke\n|poke|p1|Kangaskhan, L50, F|\n|poke|p1|Maushold, L50|\n|poke|p1|Incineroar, L50, F|\n|poke|p1|Sneasler, L50, M|\n|poke|p1|Gengar, L50, M|\n|poke|p1|Primarina, L50, M|\n|poke|p2|Delphox, L50, F|\n|poke|p2|Aerodactyl, L50, M|\n|poke|p2|Garchomp, L50, M|\n|poke|p2|Sneasler, L50, M|\n|poke|p2|Gyarados, L50, F|\n|poke|p2|Rotom-Mow, L50|\n|teampreview|4\n|inactive|Battle timer is ON: inactive players will automatically lose when time's up. (requested by TestingSerieA)\n|inactive|Pmtang has 60 seconds left.\n|\n|t:|1776009166\n|teamsize|p1|4\n|teamsize|p2|4\n|start\n|switch|p1a: Primarina|Primarina, L50, M|100/100\n|switch|p1b: Incineroar|Incineroar, L50, F, shiny|100/100\n|switch|p2a: Sneasler|Sneasler, L50, M|100/100\n|switch|p2b: Aerodactyl|Aerodactyl, L50, M|100/100\n|-ability|p2b: Aerodactyl|Unnerve\n|-ability|p1b: Incineroar|Intimidate|boost\n|-unboost|p2a: Sneasler|atk|1\n|-unboost|p2b: Aerodactyl|atk|1\n|turn|1\n|inactive|Pmtang has 30 seconds left.\n|\n|t:|1776009197\n|move|p2a: Sneasler|Fake Out|p1a: Primarina\n|-damage|p1a: Primarina|89/100\n|move|p1b: Incineroar|Fake Out|p2a: Sneasler\n|-damage|p2a: Sneasler|78/100\n|move|p2b: Aerodactyl|Tailwind|p2b: Aerodactyl\n|-sidestart|p2: TestingSerieA|move: Tailwind\n|cant|p1a: Primarina|flinch\n|\n|-heal|p1a: Primarina|95/100|[from] item: Leftovers\n|upkeep\n|turn|2\n|\n|t:|1776009210\n|switch|p1b: Gengar|Gengar, L50, M, shiny|100/100\n|move|p2b: Aerodactyl|Rock Slide|p1a: Primarina|[spread] p1a,p1b\n|-damage|p1a: Primarina|75/100\n|-damage|p1b: Gengar|74/100\n|move|p2a: Sneasler|Dire Claw|p1a: Primarina\n|-supereffective|p1a: Primarina|1\n|-damage|p1a: Primarina|3/100\n|move|p1a: Primarina|Hyper Voice|p2a: Sneasler|[spread] p2a,p2b\n|-supereffective|p2b: Aerodactyl|1\n|-damage|p2a: Sneasler|30/100\n|-damage|p2b: Aerodactyl|0 fnt\n|faint|p2b: Aerodactyl\n|\n|-heal|p1a: Primarina|9/100|[from] item: Leftovers\n|upkeep\n|\n|t:|1776009230\n|switch|p2b: Rotom|Rotom-Mow, L50|100/100\n|turn|3\n|\n|t:|1776009243\n|detailschange|p1b: Gengar|Gengar-Mega, L50, M, shiny\n|-mega|p1b: Gengar|Gengar|Gengarite\n|move|p2a: Sneasler|Dire Claw|p1a: Primarina\n|-supereffective|p1a: Primarina|1\n|-damage|p1a: Primarina|0 fnt\n|faint|p1a: Primarina\n|move|p2b: Rotom|Thunderbolt|p1b: Gengar\n|-damage|p1b: Gengar|16/100\n|move|p1b: Gengar|Perish Song|p1b: Gengar\n|-start|p1b: Gengar|perish3|[silent]\n|-start|p2a: Sneasler|perish3|[silent]\n|-start|p2b: Rotom|perish3|[silent]\n|-fieldactivate|move: Perish Song\n|\n|-start|p2a: Sneasler|perish3\n|-start|p2b: Rotom|perish3\n|-start|p1b: Gengar|perish3\n|upkeep\n|\n|t:|1776009256\n|switch|p1a: Incineroar|Incineroar, L50, F, shiny|100/100\n|-ability|p1a: Incineroar|Intimidate|boost\n|-unboost|p2a: Sneasler|atk|1\n|-unboost|p2b: Rotom|atk|1\n|turn|4\n|\n|t:|1776009270\n|move|p1b: Gengar|Protect|p1b: Gengar\n|-singleturn|p1b: Gengar|Protect\n|move|p2a: Sneasler|Upper Hand|p1a: Incineroar\n|-supereffective|p1a: Incineroar|1\n|-damage|p1a: Incineroar|67/100\n|cant|p1a: Incineroar|flinch\n|move|p2b: Rotom|Volt Switch|p1b: Gengar\n|-activate|p1b: Gengar|move: Protect\n|\n|-start|p2a: Sneasler|perish2\n|-start|p2b: Rotom|perish2\n|-start|p1b: Gengar|perish2\n|-sideend|p2: TestingSerieA|move: Tailwind\n|upkeep\n|turn|5\n|inactive|Pmtang has 30 seconds left.\n|inactive|Pmtang has 20 seconds left.\n|inactive|Pmtang has 15 seconds left.\n|inactive|Pmtang has 10 seconds left.\n|\n|t:|1776009316\n|move|p2a: Sneasler|Protect|p2a: Sneasler\n|-singleturn|p2a: Sneasler|Protect\n|move|p1b: Gengar|Disable|p2b: Rotom\n|-start|p2b: Rotom|Disable|Volt Switch\n|cant|p2b: Rotom|Disable|Volt Switch\n|move|p1a: Incineroar|Flare Blitz|p2b: Rotom\n|-supereffective|p2b: Rotom|1\n|-damage|p2b: Rotom|0 fnt\n|faint|p2b: Rotom\n|-damage|p1a: Incineroar|46/100|[from] Recoil\n|-enditem|p1a: Incineroar|Sitrus Berry|[eat]\n|-heal|p1a: Incineroar|71/100|[from] item: Sitrus Berry\n|\n|-start|p1b: Gengar|perish1\n|-start|p2a: Sneasler|perish1\n|upkeep\n|\n|t:|1776009327\n|switch|p2b: Gyarados|Gyarados, L50, F|100/100\n|-ability|p2b: Gyarados|Intimidate|boost\n|-unboost|p1a: Incineroar|atk|1\n|-unboost|p1b: Gengar|atk|1\n|turn|6\n|-message|TestingSerieA forfeited.\n|\n|win|Pmtang\n|raw|Pmtang's rating: 1014 &rarr; <strong>1057</strong><br />(+43 for winning)\n|raw|TestingSerieA's rating: 1059 &rarr; <strong>1038</strong><br />(-21 for losing)\n|l|\u2606TestingSerieA\n|player|p2|\n",
  "uploadtime": 1776009337,
  "views": 29,
  "formatid": "gen9championsvgc2026regma",
  "rating": 1038,
  "private": 0,
  "password": null
}