{
  "id": "gen9championsvgc2026regma-2581125127",
  "format": "[Gen 9 Champions] VGC 2026 Reg M-A",
  "players": [
    "jyotsha",
    "520zhb"
  ],
  "log": "|j|\u2606jyotsha\n|j|\u2606520zhb\n|t:|1775962282\n|gametype|doubles\n|player|p1|jyotsha|265|1236\n|player|p2|520zhb|169|1365\n|gen|9\n|tier|[Gen 9 Champions] VGC 2026 Reg M-A\n|rated|\n|rule|Species Clause: Limit one of each Pok\u00e9mon\n|rule|Item Clause: Limit 1 of each item\n|clearpoke\n|poke|p1|Aegislash, L50, M|\n|poke|p1|Aerodactyl, L50, M|\n|poke|p1|Incineroar, L50, M|\n|poke|p1|Lucario, L50, F|\n|poke|p1|Milotic, L50, F|\n|poke|p1|Rotom-Wash, L50|\n|poke|p2|Floette-Eternal, L50, F|\n|poke|p2|Aerodactyl, L50, M|\n|poke|p2|Incineroar, L50, M|\n|poke|p2|Garchomp, L50, M|\n|poke|p2|Delphox, L50, M|\n|poke|p2|Maushold, L50|\n|teampreview|4\n|inactive|Battle timer is ON: inactive players will automatically lose when time's up. (requested by 520zhb)\n|inactive|jyotsha has 60 seconds left.\n|inactive|520zhb has 60 seconds left.\n|\n|t:|1775962342\n|teamsize|p1|4\n|teamsize|p2|4\n|start\n|switch|p1a: Milotic|Milotic, L50, F|100/100\n|switch|p1b: Rotom|Rotom-Wash, L50|100/100\n|switch|p2a: Floette|Floette-Eternal, L50, F|100/100\n|switch|p2b: Maushold|Maushold, L50|100/100\n|turn|1\n|\n|t:|1775962360\n|switch|p1a: Aegislash|Aegislash, L50, M|100/100\n|detailschange|p2a: Floette|Floette-Mega, L50, F\n|-mega|p2a: Floette|Floette|Floettite\n|-ability|p2a: Floette|Fairy Aura\n|move|p1b: Rotom|Electroweb|p2b: Maushold|[spread] p2a,p2b\n|-damage|p2a: Floette|90/100\n|-damage|p2b: Maushold|76/100\n|-unboost|p2a: Floette|spe|1\n|-unboost|p2b: Maushold|spe|1\n|move|p2b: Maushold|Taunt|p1a: Aegislash\n|-start|p1a: Aegislash|move: Taunt\n|move|p2a: Floette|Calm Mind|p2a: Floette\n|-boost|p2a: Floette|spa|1\n|-boost|p2a: Floette|spd|1\n|\n|upkeep\n|turn|2\n|inactive|jyotsha has 30 seconds left.\n|inactive|520zhb has 30 seconds left.\n|\n|t:|1775962393\n|move|p1b: Rotom|Electroweb|p2a: Floette|[spread] p2a,p2b\n|-damage|p2a: Floette|83/100\n|-damage|p2b: Maushold|49/100\n|-unboost|p2a: Floette|spe|1\n|-unboost|p2b: Maushold|spe|1\n|move|p2b: Maushold|Super Fang|p1b: Rotom\n|-damage|p1b: Rotom|51/100\n|-formechange|p1a: Aegislash|Aegislash-Blade|\n|move|p1a: Aegislash|Iron Head|p2a: Floette\n|-supereffective|p2a: Floette|1\n|-damage|p2a: Floette|0 fnt\n|faint|p2a: Floette\n|\n|upkeep\n|\n|t:|1775962410\n|switch|p2a: Garchomp|Garchomp, L50, M|100/100\n|turn|3\n|\n|t:|1775962428\n|switch|p1b: Lucario|Lucario, L50, F|100/100\n|switch|p2b: Aerodactyl|Aerodactyl, L50, M|100/100\n|-ability|p2b: Aerodactyl|Unnerve\n|switch|p1a: Milotic|Milotic, L50, F|100/100\n|move|p2a: Garchomp|Dragon Claw|p1b: Lucario\n|-resisted|p1b: Lucario|1\n|-damage|p1b: Lucario|71/100\n|\n|upkeep\n|turn|4\n|inactive|jyotsha has 30 seconds left.\n|\n|t:|1775962456\n|detailschange|p1b: Lucario|Lucario-Mega, L50, F\n|-mega|p1b: Lucario|Lucario|Lucarionite\n|move|p1b: Lucario|Protect|p1b: Lucario\n|-singleturn|p1b: Lucario|Protect\n|move|p2b: Aerodactyl|Tailwind|p2b: Aerodactyl\n|-sidestart|p2: 520zhb|move: Tailwind\n|move|p2a: Garchomp|Earthquake|p1a: Milotic|[spread] p1a\n|-activate|p1b: Lucario|move: Protect\n|-immune|p2b: Aerodactyl\n|-damage|p1a: Milotic|65/100\n|move|p1a: Milotic|Ice Beam|p2a: Garchomp\n|-supereffective|p2a: Garchomp|2\n|-damage|p2a: Garchomp|4/100\n|\n|-heal|p1a: Milotic|71/100|[from] item: Leftovers\n|upkeep\n|turn|5\n|inactive|jyotsha has 30 seconds left.\n|\n|t:|1775962482\n|move|p2a: Garchomp|Protect|p2a: Garchomp\n|-singleturn|p2a: Garchomp|Protect\n|move|p1b: Lucario|Vacuum Wave|p2a: Garchomp\n|-activate|p2a: Garchomp|move: Protect\n|move|p2b: Aerodactyl|Dual Wingbeat|p1b: Lucario\n|-damage|p1b: Lucario|50/100\n|-damage|p1b: Lucario|25/100\n|-hitcount|p1b: Lucario|2\n|move|p1a: Milotic|Scald|p2b: Aerodactyl\n|-supereffective|p2b: Aerodactyl|1\n|-damage|p2b: Aerodactyl|15/100\n|-status|p2b: Aerodactyl|brn\n|\n|-heal|p1a: Milotic|77/100|[from] item: Leftovers\n|-damage|p2b: Aerodactyl|9/100 brn|[from] brn\n|upkeep\n|turn|6\n|-message|520zhb forfeited.\n|\n|win|jyotsha\n|raw|jyotsha's rating: 1236 &rarr; <strong>1270</strong><br />(+34 for winning)\n|raw|520zhb's rating: 1365 &rarr; <strong>1338</strong><br />(-27 for losing)\n",
  "uploadtime": 1775962496,
  "views": 21,
  "formatid": "gen9championsvgc2026regma",
  "rating": 1270,
  "private": 0,
  "password": null
}