{
  "id": "gen9championsvgc2026regma-2589458124",
  "format": "[Gen 9 Champions] VGC 2026 Reg M-A",
  "players": [
    "ace the des",
    "Sarim_malik_"
  ],
  "log": "|j|\u2606ace the des\n|j|\u2606Sarim_malik_\n|t:|1776724730\n|gametype|doubles\n|player|p1|ace the des|iris-gen5bw2|1153\n|player|p2|Sarim_malik_|lucas-gen4pt|1148\n|gen|9\n|tier|[Gen 9 Champions] VGC 2026 Reg M-A\n|rated|\n|rule|Species Clause: Limit one of each Pok\u00e9mon\n|rule|Item Clause: Limit 1 of each item\n|clearpoke\n|poke|p1|Golurk, L50, shiny|\n|poke|p1|Incineroar, L50, F|\n|poke|p1|Sinistcha-Masterpiece, L50|\n|poke|p1|Torkoal, L50, F|\n|poke|p1|Sneasler, L50, M|\n|poke|p1|Venusaur, L50, F|\n|poke|p2|Incineroar, L50, M|\n|poke|p2|Serperior, L50, M|\n|poke|p2|Aerodactyl, L50, M|\n|poke|p2|Lucario, L50, M|\n|poke|p2|Greninja, L50, M|\n|poke|p2|Mamoswine, L50, M|\n|teampreview|4\n|inactive|Battle timer is ON: inactive players will automatically lose when time's up. (requested by Sarim_malik_)\n|inactive|Sarim_malik_ has 60 seconds left.\n|\n|t:|1776724769\n|teamsize|p1|4\n|teamsize|p2|4\n|start\n|switch|p1a: Sinistcha|Sinistcha-Masterpiece, L50|100/100\n|switch|p1b: Incineroar|Incineroar, L50, F|100/100\n|switch|p2a: Aero|Aerodactyl, L50, M|100/100\n|switch|p2b: Ice age|Mamoswine, L50, M|100/100\n|-ability|p2a: Aero|Unnerve\n|-ability|p1b: Incineroar|Intimidate|boost\n|-unboost|p2a: Aero|atk|1\n|-unboost|p2b: Ice age|atk|1\n|turn|1\n|\n|t:|1776724785\n|move|p1b: Incineroar|Fake Out|p2a: Aero\n|-resisted|p2a: Aero|1\n|-damage|p2a: Aero|91/100\n|cant|p2a: Aero|flinch\n|move|p2b: Ice age|Icicle Crash|p1a: Sinistcha|[miss]\n|-miss|p2b: Ice age|p1a: Sinistcha\n|move|p1a: Sinistcha|Trick Room|p1a: Sinistcha\n|-fieldstart|move: Trick Room|[of] p1a: Sinistcha\n|\n|upkeep\n|turn|2\n|\n|t:|1776724805\n|switch|p1a: Torkoal|Torkoal, L50, F|100/100\n|-weather|SunnyDay|[from] ability: Drought|[of] p1a: Torkoal\n|move|p2a: Aero|Protect|p2a: Aero\n|-singleturn|p2a: Aero|Protect\n|move|p1b: Incineroar|Parting Shot|p2a: Aero\n|-activate|p2a: Aero|move: Protect\n|move|p2b: Ice age|Icicle Crash|p1a: Torkoal|[miss]\n|-miss|p2b: Ice age|p1a: Torkoal\n|\n|-weather|SunnyDay|[upkeep]\n|upkeep\n|turn|3\n|c|\u2606ace the des|I'm sorry\n|inactive|ace the des has 30 seconds left.\n|\n|t:|1776724834\n|switch|p2a: Billu|Incineroar, L50, M|100/100\n|-ability|p2a: Billu|Intimidate|boost\n|-unboost|p1a: Torkoal|atk|1\n|-unboost|p1b: Incineroar|atk|1\n|move|p1a: Torkoal|Eruption|p2b: Ice age|[spread] p2a,p2b\n|-resisted|p2a: Billu|1\n|-supereffective|p2b: Ice age|1\n|-damage|p2a: Billu|62/100\n|-damage|p2b: Ice age|0 fnt\n|faint|p2b: Ice age\n|move|p1b: Incineroar|Parting Shot|p2a: Billu\n|-unboost|p2a: Billu|atk|1\n|-unboost|p2a: Billu|spa|1\n|\n|t:|1776724846\n|switch|p1b: ultra golurk|Golurk, L50, shiny|100/100|[from] Parting Shot\n|\n|-weather|SunnyDay|[upkeep]\n|upkeep\n|\n|t:|1776724854\n|switch|p2b: Aero|Aerodactyl, L50, M|91/100\n|-ability|p2b: Aero|Unnerve\n|turn|4\n|\n|t:|1776724872\n|detailschange|p1b: ultra golurk|Golurk-Mega, L50, shiny\n|-mega|p1b: ultra golurk|Golurk|Golurkite\n|move|p2b: Aero|Protect|p2b: Aero\n|-singleturn|p2b: Aero|Protect\n|move|p1a: Torkoal|Eruption|p2b: Aero|[spread] p2a\n|-activate|p2b: Aero|move: Protect\n|-resisted|p2a: Billu|1\n|-damage|p2a: Billu|25/100\n|-enditem|p2a: Billu|Sitrus Berry|[eat]\n|-heal|p2a: Billu|50/100|[from] item: Sitrus Berry\n|move|p1b: ultra golurk|Poltergeist|p2b: Aero\n|-activate|p2b: Aero|move: Protect\n|move|p2a: Billu|Darkest Lariat|p1b: ultra golurk\n|-supereffective|p1b: ultra golurk|1\n|-damage|p1b: ultra golurk|47/100\n|\n|-weather|SunnyDay|[upkeep]\n|upkeep\n|turn|5\n|inactive|ace the des has 30 seconds left.\n|inactive|Sarim_malik_ has 30 seconds left.\n|\n|t:|1776724902\n|move|p1a: Torkoal|Eruption|p2b: Aero|[spread] p2a,p2b\n|-resisted|p2a: Billu|1\n|-resisted|p2b: Aero|1\n|-damage|p2a: Billu|15/100\n|-damage|p2b: Aero|47/100\n|move|p1b: ultra golurk|Poltergeist||[still]\n|-fail|p1b: ultra golurk\n|move|p2a: Billu|Darkest Lariat|p1b: ultra golurk\n|-supereffective|p1b: ultra golurk|1\n|-damage|p1b: ultra golurk|0 fnt\n|faint|p1b: ultra golurk\n|move|p2b: Aero|Tailwind|p2b: Aero\n|-sidestart|p2: Sarim_malik_|move: Tailwind\n|\n|-weather|SunnyDay|[upkeep]\n|-fieldend|move: Trick Room\n|upkeep\n|\n|t:|1776724911\n|switch|p1b: Sinistcha|Sinistcha-Masterpiece, L50|100/100\n|turn|6\n|\n|t:|1776724923\n|move|p2b: Aero|Dual Wingbeat|p1b: Sinistcha\n|-supereffective|p1b: Sinistcha|1\n|-damage|p1b: Sinistcha|67/100\n|-supereffective|p1b: Sinistcha|1\n|-damage|p1b: Sinistcha|30/100\n|-hitcount|p1b: Sinistcha|2\n|move|p2a: Billu|Flare Blitz|p1b: Sinistcha\n|-supereffective|p1b: Sinistcha|1\n|-damage|p1b: Sinistcha|0 fnt\n|faint|p1b: Sinistcha\n|-damage|p2a: Billu|5/100|[from] Recoil\n|move|p1a: Torkoal|Eruption|p2b: Aero|[spread] p2a,p2b\n|-resisted|p2a: Billu|1\n|-resisted|p2b: Aero|1\n|-damage|p2a: Billu|0 fnt\n|-damage|p2b: Aero|0 fnt\n|faint|p2a: Billu\n|faint|p2b: Aero\n|\n|-weather|none\n|upkeep\n|\n|t:|1776724937\n|switch|p2b: Aura|Lucario, L50, M|100/100\n|switch|p1b: Incineroar|Incineroar, L50, F|100/100\n|-ability|p1b: Incineroar|Intimidate|boost\n|-fail|p2b: Aura|unboost|Attack|[from] ability: Inner Focus|[of] p2b: Aura\n|turn|7\n|\n|t:|1776724946\n|detailschange|p2b: Aura|Lucario-Mega, L50, M\n|-mega|p2b: Aura|Lucario|Lucarionite\n|move|p1b: Incineroar|Fake Out|p2b: Aura\n|-resisted|p2b: Aura|1\n|-damage|p2b: Aura|93/100\n|cant|p2b: Aura|flinch\n|move|p1a: Torkoal|Eruption|p2b: Aura\n|-supereffective|p2b: Aura|1\n|-damage|p2b: Aura|0 fnt\n|faint|p2b: Aura\n|\n|win|ace the des\n|raw|ace the des's rating: 1153 &rarr; <strong>1178</strong><br />(+25 for winning)\n|raw|Sarim_malik_'s rating: 1148 &rarr; <strong>1123</strong><br />(-25 for losing)\n|l|\u2606Sarim_malik_\n|player|p2|\n|c|\u2606ace the des|So sorry\n|l|\u2606ace the des\n|player|p1|\n|j|\u2606ace the des\n|player|p1|ace the des|iris-gen5bw2|\n",
  "uploadtime": 1776725110,
  "views": 10,
  "formatid": "gen9championsvgc2026regma",
  "rating": 1123,
  "private": 0,
  "password": null
}