{
  "id": "gen9championsvgc2026regma-2584968752",
  "format": "[Gen 9 Champions] VGC 2026 Reg M-A",
  "players": [
    "Azreal29",
    "luckycrane"
  ],
  "log": "|j|\u2606Azreal29\n|j|\u2606luckycrane\n|t:|1776299144\n|gametype|doubles\n|player|p1|Azreal29|unknown|1097\n|player|p2|luckycrane|102|1034\n|gen|9\n|tier|[Gen 9 Champions] VGC 2026 Reg M-A\n|rated|\n|rule|Species Clause: Limit one of each Pok\u00e9mon\n|rule|Item Clause: Limit 1 of each item\n|clearpoke\n|poke|p1|Scovillain, L50, M|\n|poke|p1|Sneasler, L50, F|\n|poke|p1|Primarina, L50, M|\n|poke|p1|Kingambit, L50, F|\n|poke|p1|Aerodactyl, L50, M|\n|poke|p1|Garchomp, L50, M|\n|poke|p2|Typhlosion-Hisui, L50, F|\n|poke|p2|Whimsicott, L50, F|\n|poke|p2|Incineroar, L50, M|\n|poke|p2|Venusaur, L50, F|\n|poke|p2|Charizard, L50, M|\n|poke|p2|Aegislash, L50, M|\n|teampreview|4\n|inactive|Battle timer is ON: inactive players will automatically lose when time's up. (requested by Azreal29)\n|inactive|Azreal29 has 60 seconds left.\n|\n|t:|1776299180\n|teamsize|p1|4\n|teamsize|p2|4\n|start\n|switch|p1a: Aerodactyl|Aerodactyl, L50, M|100/100\n|switch|p1b: Sneasler|Sneasler, L50, F, shiny|100/100\n|switch|p2a: Aegislash|Aegislash, L50, M|100/100\n|switch|p2b: Charizard|Charizard, L50, M, shiny|100/100\n|-ability|p1a: Aerodactyl|Unnerve\n|turn|1\n|inactive|Azreal29 has 30 seconds left.\n|inactive|Azreal29 has 20 seconds left.\n|inactive|Azreal29 has 15 seconds left.\n|\n|t:|1776299224\n|detailschange|p2b: Charizard|Charizard-Mega-Y, L50, M, shiny\n|-mega|p2b: Charizard|Charizard|Charizardite Y\n|-weather|SunnyDay|[from] ability: Drought|[of] p2b: Charizard\n|move|p2b: Charizard|Protect|p2b: Charizard\n|-singleturn|p2b: Charizard|Protect\n|move|p1b: Sneasler|Fake Out|p2b: Charizard\n|-activate|p2b: Charizard|move: Protect\n|move|p2a: Aegislash|Wide Guard|p2a: Aegislash\n|-singleturn|p2a: Aegislash|Wide Guard\n|move|p1a: Aerodactyl|Tailwind|p1a: Aerodactyl\n|-sidestart|p1: Azreal29|move: Tailwind\n|\n|-weather|SunnyDay|[upkeep]\n|upkeep\n|turn|2\n|\n|t:|1776299246\n|switch|p2b: Venusaur|Venusaur, L50, F|100/100\n|move|p2a: Aegislash|King's Shield||[still]\n|-fail|p2a: Aegislash\n|move|p1a: Aerodactyl|Wide Guard|p1a: Aerodactyl\n|-singleturn|p1a: Aerodactyl|Wide Guard\n|move|p1b: Sneasler|Dire Claw|p2b: Venusaur\n|-damage|p2b: Venusaur|47/100\n|-status|p2b: Venusaur|par\n|\n|-weather|SunnyDay|[upkeep]\n|upkeep\n|turn|3\n|inactive|Azreal29 has 30 seconds left.\n|\n|t:|1776299277\n|move|p1a: Aerodactyl|Protect||[still]\n|-fail|p1a: Aerodactyl\n|move|p2a: Aegislash|Wide Guard|p2a: Aegislash\n|-singleturn|p2a: Aegislash|Wide Guard\n|move|p1b: Sneasler|Dire Claw|p2b: Venusaur\n|-damage|p2b: Venusaur|0 fnt\n|faint|p2b: Venusaur\n|\n|-weather|SunnyDay|[upkeep]\n|upkeep\n|\n|t:|1776299289\n|switch|p2b: Charizard|Charizard-Mega-Y, L50, M, shiny|100/100\n|turn|4\n|\n|t:|1776299307\n|switch|p1b: Primarina|Primarina, L50, M|100/100\n|move|p2b: Charizard|Protect|p2b: Charizard\n|-singleturn|p2b: Charizard|Protect\n|move|p1a: Aerodactyl|Rock Slide|p2b: Charizard|[spread] p2a\n|-activate|p2b: Charizard|move: Protect\n|-resisted|p2a: Aegislash|1\n|-damage|p2a: Aegislash|88/100\n|-formechange|p2a: Aegislash|Aegislash-Blade|\n|move|p2a: Aegislash|Iron Head|p1a: Aerodactyl\n|-supereffective|p1a: Aerodactyl|1\n|-enditem|p1a: Aerodactyl|Focus Sash\n|-damage|p1a: Aerodactyl|1/100\n|\n|-weather|SunnyDay|[upkeep]\n|-heal|p2a: Aegislash|94/100|[from] item: Leftovers\n|-sideend|p1: Azreal29|move: Tailwind\n|upkeep\n|turn|5\n|inactive|Azreal29 has 30 seconds left.\n|\n|t:|1776299333\n|move|p2a: Aegislash|Wide Guard|p2a: Aegislash\n|-singleturn|p2a: Aegislash|Wide Guard\n|move|p1a: Aerodactyl|Rock Slide|p2b: Charizard|[spread] \n|-activate|p2a: Aegislash|move: Wide Guard\n|-activate|p2b: Charizard|move: Wide Guard\n|move|p2b: Charizard|Heat Wave|p1b: Primarina|[spread] p1a,p1b\n|-resisted|p1a: Aerodactyl|1\n|-resisted|p1b: Primarina|1\n|-damage|p1a: Aerodactyl|0 fnt\n|-damage|p1b: Primarina|72/100\n|faint|p1a: Aerodactyl\n|move|p1b: Primarina|Hyper Voice|p2b: Charizard|[spread] \n|-activate|p2a: Aegislash|move: Wide Guard\n|-activate|p2b: Charizard|move: Wide Guard\n|\n|-weather|none\n|-heal|p2a: Aegislash|100/100|[from] item: Leftovers\n|-heal|p1b: Primarina|78/100|[from] item: Leftovers\n|upkeep\n|\n|t:|1776299342\n|switch|p1a: Scovillain|Scovillain, L50, M|100/100\n|turn|6\n|inactive|Azreal29 has 30 seconds left.\n|\n|t:|1776299375\n|switch|p2b: Whimsicott|Whimsicott, L50, F|100/100\n|switch|p1b: Sneasler|Sneasler, L50, F, shiny|100/100\n|detailschange|p1a: Scovillain|Scovillain-Mega, L50, M\n|-mega|p1a: Scovillain|Scovillain|Scovillainite\n|-formechange|p2a: Aegislash|Aegislash|\n|move|p2a: Aegislash|King's Shield||[still]\n|-fail|p2a: Aegislash\n|move|p1a: Scovillain|Leech Seed|p2a: Aegislash\n|-start|p2a: Aegislash|move: Leech Seed\n|\n|-damage|p2a: Aegislash|88/100|[from] Leech Seed|[of] p1a: Scovillain\n|upkeep\n|turn|7\n|inactive|Azreal29 has 30 seconds left.\n|inactive|Azreal29 has 20 seconds left.\n|\n|t:|1776299412\n|switch|p2a: Charizard|Charizard-Mega-Y, L50, M, shiny|100/100\n|-weather|SunnyDay|[from] ability: Drought|[of] p2a: Charizard\n|move|p2b: Whimsicott|Protect|p2b: Whimsicott\n|-singleturn|p2b: Whimsicott|Protect\n|move|p1a: Scovillain|Rage Powder|p1a: Scovillain\n|-singleturn|p1a: Scovillain|move: Rage Powder\n|move|p1b: Sneasler|Coaching|p1a: Scovillain\n|-boost|p1a: Scovillain|atk|1\n|-boost|p1a: Scovillain|def|1\n|\n|-weather|SunnyDay|[upkeep]\n|upkeep\n|turn|8\n|inactive|Azreal29 has 30 seconds left.\n|\n|t:|1776299444\n|move|p2b: Whimsicott|Tailwind|p2b: Whimsicott\n|-sidestart|p2: luckycrane|move: Tailwind\n|move|p2a: Charizard|Heat Wave|p1b: Sneasler|[spread] p1b\n|-miss|p2a: Charizard|p1a: Scovillain\n|-damage|p1b: Sneasler|20/100\n|move|p1b: Sneasler|Dire Claw|p2a: Charizard\n|-damage|p2a: Charizard|47/100\n|move|p1a: Scovillain|Leech Seed|p2a: Charizard\n|-start|p2a: Charizard|move: Leech Seed\n|\n|-weather|SunnyDay|[upkeep]\n|-damage|p2a: Charizard|35/100|[from] Leech Seed|[of] p1a: Scovillain\n|upkeep\n|turn|9\n|\n|t:|1776299468\n|switch|p1b: Primarina|Primarina, L50, M|78/100\n|move|p2b: Whimsicott|Protect|p2b: Whimsicott\n|-singleturn|p2b: Whimsicott|Protect\n|move|p2a: Charizard|Heat Wave|p1b: Primarina|[spread] p1a,p1b\n|-crit|p1a: Scovillain\n|-resisted|p1b: Primarina|1\n|-damage|p1a: Scovillain|2/100\n|-damage|p1b: Primarina|50/100\n|-immune|p2a: Charizard\n|move|p1a: Scovillain|Flamethrower|p2b: Whimsicott\n|-activate|p2b: Whimsicott|move: Protect\n|\n|-weather|SunnyDay|[upkeep]\n|-heal|p1b: Primarina|56/100|[from] item: Leftovers\n|-damage|p2a: Charizard|23/100|[from] Leech Seed|[of] p1a: Scovillain\n|-heal|p1a: Scovillain|14/100|[silent]\n|upkeep\n|turn|10\n|\n|t:|1776299491\n|move|p1a: Scovillain|Protect|p1a: Scovillain\n|-singleturn|p1a: Scovillain|Protect\n|move|p2b: Whimsicott|Moonblast|p1a: Scovillain\n|-activate|p1a: Scovillain|move: Protect\n|move|p2a: Charizard|Solar Beam||[still]\n|-prepare|p2a: Charizard|Solar Beam\n|-anim|p2a: Charizard|Solar Beam|p1b: Primarina\n|-supereffective|p1b: Primarina|1\n|-damage|p1b: Primarina|0 fnt\n|faint|p1b: Primarina\n|\n|-weather|SunnyDay|[upkeep]\n|-damage|p2a: Charizard|11/100|[from] Leech Seed|[of] p1a: Scovillain\n|-heal|p1a: Scovillain|25/100|[silent]\n|upkeep\n|\n|t:|1776299501\n|switch|p1b: Sneasler|Sneasler, L50, F, shiny|20/100\n|turn|11\n|\n|t:|1776299512\n|move|p2a: Charizard|Protect|p2a: Charizard\n|-singleturn|p2a: Charizard|Protect\n|move|p1b: Sneasler|Fake Out|p2a: Charizard\n|-activate|p2a: Charizard|move: Protect\n|move|p2b: Whimsicott|Moonblast|p1b: Sneasler\n|-damage|p1b: Sneasler|0 fnt\n|faint|p1b: Sneasler\n|move|p1a: Scovillain|Flamethrower|p2b: Whimsicott\n|-supereffective|p2b: Whimsicott|1\n|-enditem|p2b: Whimsicott|Focus Sash\n|-damage|p2b: Whimsicott|1/100\n|\n|-weather|none\n|-damage|p2a: Charizard|0 fnt|[from] Leech Seed|[of] p1a: Scovillain\n|-heal|p1a: Scovillain|36/100|[silent]\n|faint|p2a: Charizard\n|-sideend|p2: luckycrane|move: Tailwind\n|upkeep\n|\n|t:|1776299527\n|switch|p2a: Aegislash|Aegislash, L50, M|88/100\n|turn|12\n|\n|t:|1776299538\n|move|p2b: Whimsicott|Tailwind|p2b: Whimsicott\n|-sidestart|p2: luckycrane|move: Tailwind\n|-formechange|p2a: Aegislash|Aegislash-Blade|\n|move|p2a: Aegislash|Sacred Sword|p1a: Scovillain\n|-damage|p1a: Scovillain|8/100\n|-status|p2a: Aegislash|brn|[from] ability: Spicy Spray|[of] p1a: Scovillain\n|move|p1a: Scovillain|Leech Seed|p2a: Aegislash\n|-start|p2a: Aegislash|move: Leech Seed\n|\n|-heal|p2a: Aegislash|94/100 brn|[from] item: Leftovers\n|-damage|p2a: Aegislash|82/100 brn|[from] Leech Seed|[of] p1a: Scovillain\n|-heal|p1a: Scovillain|19/100|[silent]\n|-damage|p2a: Aegislash|76/100 brn|[from] brn\n|upkeep\n|turn|13\n|\n|t:|1776299560\n|move|p2b: Whimsicott|Protect|p2b: Whimsicott\n|-singleturn|p2b: Whimsicott|Protect\n|move|p1a: Scovillain|Protect|p1a: Scovillain\n|-singleturn|p1a: Scovillain|Protect\n|move|p2a: Aegislash|Sacred Sword|p1a: Scovillain\n|-activate|p1a: Scovillain|move: Protect\n|\n|-heal|p2a: Aegislash|82/100 brn|[from] item: Leftovers\n|-damage|p2a: Aegislash|70/100 brn|[from] Leech Seed|[of] p1a: Scovillain\n|-heal|p1a: Scovillain|29/100|[silent]\n|-damage|p2a: Aegislash|64/100 brn|[from] brn\n|upkeep\n|turn|14\n|inactive|Azreal29 has 30 seconds left.\n|\n|t:|1776299586\n|move|p2b: Whimsicott|Moonblast|p1a: Scovillain\n|-resisted|p1a: Scovillain|1\n|-damage|p1a: Scovillain|14/100\n|-status|p2b: Whimsicott|brn|[from] ability: Spicy Spray|[of] p1a: Scovillain\n|move|p2a: Aegislash|Sacred Sword|p1a: Scovillain\n|-damage|p1a: Scovillain|2/100\n|move|p1a: Scovillain|Flamethrower|p2a: Aegislash\n|-supereffective|p2a: Aegislash|1\n|-damage|p2a: Aegislash|0 fnt\n|faint|p2a: Aegislash\n|\n|-damage|p2b: Whimsicott|0 fnt|[from] brn\n|faint|p2b: Whimsicott\n|\n|win|Azreal29\n|raw|Azreal29's rating: 1097 &rarr; <strong>1118</strong><br />(+21 for winning)\n|raw|luckycrane's rating: 1034 &rarr; <strong>1022</strong><br />(-12 for losing)\n|c|\u2606Azreal29|pathetic\n|l|\u2606luckycrane\n|player|p2|\n",
  "uploadtime": 1776299602,
  "views": 17,
  "formatid": "gen9championsvgc2026regma",
  "rating": 1022,
  "private": 0,
  "password": null
}