{
  "id": "gen9championsvgc2026regma-2580767827",
  "format": "[Gen 9 Champions] VGC 2026 Reg M-A",
  "players": [
    "thefakephrog",
    "worenpeace"
  ],
  "log": "|j|\u2606thefakephrog\n|j|\u2606worenpeace\n|t:|1775930874\n|gametype|doubles\n|player|p1|thefakephrog|supernerd|1027\n|player|p2|worenpeace|101|1028\n|gen|9\n|tier|[Gen 9 Champions] VGC 2026 Reg M-A\n|rated|\n|rule|Species Clause: Limit one of each Pok\u00e9mon\n|rule|Item Clause: Limit 1 of each item\n|clearpoke\n|poke|p1|Gardevoir, L50, F|\n|poke|p1|Scizor, L50, F|\n|poke|p1|Whimsicott, L50, F|\n|poke|p1|Basculegion, L50, M|\n|poke|p1|Rotom-Heat, L50|\n|poke|p1|Excadrill, L50, F|\n|poke|p2|Sinistcha, L50|\n|poke|p2|Incineroar, L50, M|\n|poke|p2|Gengar, L50, F|\n|poke|p2|Clefable, L50, F|\n|poke|p2|Palafin, L50, M|\n|poke|p2|Manectric, L50, F|\n|teampreview|4\n|inactive|Battle timer is ON: inactive players will automatically lose when time's up. (requested by worenpeace)\n|inactive|worenpeace has 60 seconds left.\n|\n|t:|1775930912\n|teamsize|p1|4\n|teamsize|p2|4\n|start\n|switch|p1a: Whimsicott|Whimsicott, L50, F|100/100\n|switch|p1b: Basculegion|Basculegion, L50, M|100/100\n|switch|p2a: Gengar|Gengar, L50, F, shiny|100/100\n|switch|p2b: Incineroar|Incineroar, L50, M, shiny|100/100\n|-ability|p2b: Incineroar|Intimidate|boost\n|-unboost|p1a: Whimsicott|atk|1\n|-unboost|p1b: Basculegion|atk|1\n|turn|1\n|\n|t:|1775930930\n|detailschange|p2a: Gengar|Gengar-Mega, L50, F, shiny\n|-mega|p2a: Gengar|Gengar|Gengarite\n|move|p2b: Incineroar|Fake Out|p1a: Whimsicott\n|-damage|p1a: Whimsicott|86/100\n|cant|p1a: Whimsicott|flinch\n|move|p1b: Basculegion|Phantom Force||[still]\n|-prepare|p1b: Basculegion|Phantom Force\n|move|p2a: Gengar|Perish Song|p2a: Gengar\n|-start|p1a: Whimsicott|perish3|[silent]\n|-miss|p2a: Gengar|p1b: Basculegion\n|-start|p2a: Gengar|perish3|[silent]\n|-start|p2b: Incineroar|perish3|[silent]\n|-fieldactivate|move: Perish Song\n|\n|-heal|p1a: Whimsicott|92/100|[from] item: Leftovers\n|-start|p2a: Gengar|perish3\n|-start|p1a: Whimsicott|perish3\n|-start|p2b: Incineroar|perish3\n|upkeep\n|turn|2\n|inactive|worenpeace has 30 seconds left.\n|\n|t:|1775930962\n|move|p1a: Whimsicott|Tailwind|p1a: Whimsicott\n|-sidestart|p1: thefakephrog|move: Tailwind\n|move|p1b: Basculegion|Phantom Force|p2a: Gengar|[from] lockedmove\n|-supereffective|p2a: Gengar|1\n|-damage|p2a: Gengar|0 fnt\n|faint|p2a: Gengar\n|move|p2b: Incineroar|Parting Shot|p1b: Basculegion\n|-unboost|p1b: Basculegion|atk|1\n|-unboost|p1b: Basculegion|spa|1\n|\n|t:|1775930971\n|switch|p2b: Sinistcha|Sinistcha, L50, shiny|100/100|[from] Parting Shot\n|\n|-heal|p1a: Whimsicott|98/100|[from] item: Leftovers\n|-start|p1a: Whimsicott|perish2\n|upkeep\n|\n|t:|1775930979\n|switch|p2a: Palafin|Palafin, L50, M, shiny|100/100\n|turn|3\n|\n|t:|1775930992\n|switch|p1b: Excadrill|Excadrill, L50, F|100/100\n|-ability|p1b: Excadrill|Mold Breaker\n|move|p1a: Whimsicott|Energy Ball|p2a: Palafin\n|-supereffective|p2a: Palafin|1\n|-damage|p2a: Palafin|24/100\n|move|p2a: Palafin|Flip Turn|p1b: Excadrill\n|-supereffective|p1b: Excadrill|1\n|-damage|p1b: Excadrill|36/100\n|\n|t:|1775931003\n|detailschange|p2a: Palafin|Palafin-Hero, L50, M, shiny\n|switch|p2a: Incineroar|Incineroar, L50, M, shiny|100/100|[from] Flip Turn\n|-ability|p2a: Incineroar|Intimidate|boost\n|-unboost|p1a: Whimsicott|atk|1\n|-unboost|p1b: Excadrill|atk|1\n|move|p2b: Sinistcha|Matcha Gotcha|p1b: Excadrill|[spread] p1a,p1b\n|-resisted|p1a: Whimsicott|1\n|-crit|p1b: Excadrill\n|-damage|p1a: Whimsicott|84/100\n|-damage|p1b: Excadrill|0 fnt\n|faint|p1b: Excadrill\n|\n|-heal|p1a: Whimsicott|90/100|[from] item: Leftovers\n|-start|p1a: Whimsicott|perish1\n|upkeep\n|\n|t:|1775931016\n|switch|p1b: Basculegion|Basculegion, L50, M|100/100\n|turn|4\n|\n|t:|1775931034\n|switch|p1a: Gardevoir|Gardevoir, L50, F, shiny|100/100\n|move|p1b: Basculegion|Wave Crash|p2a: Incineroar\n|-supereffective|p2a: Incineroar|1\n|-damage|p2a: Incineroar|0 fnt\n|faint|p2a: Incineroar\n|-damage|p1b: Basculegion|66/100|[from] Recoil\n|move|p2b: Sinistcha|Matcha Gotcha|p1b: Basculegion|[spread] p1a,p1b\n|-supereffective|p1b: Basculegion|1\n|-damage|p1a: Gardevoir|73/100\n|-damage|p1b: Basculegion|11/100\n|\n|upkeep\n|\n|t:|1775931047\n|switch|p2a: Palafin|Palafin-Hero, L50, M, shiny|24/100\n|-activate|p2a: Palafin|ability: Zero to Hero\n|turn|5\n|\n|t:|1775931072\n|switch|p1b: Whimsicott|Whimsicott, L50, F|90/100\n|detailschange|p1a: Gardevoir|Gardevoir-Mega, L50, F, shiny\n|-mega|p1a: Gardevoir|Gardevoir|Gardevoirite\n|move|p2a: Palafin|Protect|p2a: Palafin\n|-singleturn|p2a: Palafin|Protect\n|move|p1a: Gardevoir|Shadow Ball|p2b: Sinistcha\n|-supereffective|p2b: Sinistcha|1\n|-damage|p2b: Sinistcha|20/100\n|move|p2b: Sinistcha|Matcha Gotcha|p1b: Whimsicott|[spread] p1a,p1b\n|-resisted|p1b: Whimsicott|1\n|-damage|p1a: Gardevoir|49/100\n|-heal|p2b: Sinistcha|29/100|[from] drain|[of] p1a: Gardevoir\n|-damage|p1b: Whimsicott|78/100\n|-heal|p2b: Sinistcha|35/100|[from] drain|[of] p1b: Whimsicott\n|\n|-heal|p1b: Whimsicott|84/100|[from] item: Leftovers\n|-sideend|p1: thefakephrog|move: Tailwind\n|upkeep\n|turn|6\n|inactive|worenpeace has 30 seconds left.\n|\n|t:|1775931099\n|move|p1b: Whimsicott|Tailwind|p1b: Whimsicott\n|-sidestart|p1: thefakephrog|move: Tailwind\n|move|p1a: Gardevoir|Hyper Voice|p2b: Sinistcha|[spread] p2a,p2b\n|-damage|p2a: Palafin|0 fnt\n|-damage|p2b: Sinistcha|0 fnt\n|faint|p2a: Palafin\n|faint|p2b: Sinistcha\n|\n|win|thefakephrog\n|raw|thefakephrog's rating: 1027 &rarr; <strong>1063</strong><br />(+36 for winning)\n|raw|worenpeace's rating: 1028 &rarr; <strong>1014</strong><br />(-14 for losing)\n|l|\u2606worenpeace\n|player|p2|\n",
  "uploadtime": 1775931111,
  "views": 24,
  "formatid": "gen9championsvgc2026regma",
  "rating": 1014,
  "private": 0,
  "password": null
}