{
  "id": "gen9championsvgc2026regma-2582900757",
  "format": "[Gen 9 Champions] VGC 2026 Reg M-A",
  "players": [
    "enquires",
    "Hybbridd"
  ],
  "log": "|j|\u2606enquires\n|j|\u2606Hybbridd\n|t:|1776123335\n|gametype|doubles\n|player|p1|enquires|richboy|1109\n|player|p2|Hybbridd|lucas-gen4pt|1202\n|gen|9\n|tier|[Gen 9 Champions] VGC 2026 Reg M-A\n|rated|\n|rule|Species Clause: Limit one of each Pok\u00e9mon\n|rule|Item Clause: Limit 1 of each item\n|clearpoke\n|poke|p1|Charizard, L50, F|\n|poke|p1|Venusaur, L50, F|\n|poke|p1|Garchomp, L50, M|\n|poke|p1|Farigiraf, L50, F|\n|poke|p1|Aerodactyl, L50, M|\n|poke|p1|Sylveon, L50, F|\n|poke|p2|Excadrill, L50, M|\n|poke|p2|Whimsicott, L50, F|\n|poke|p2|Tyranitar, L50, M|\n|poke|p2|Garchomp, L50, M|\n|poke|p2|Orthworm, L50, M|\n|poke|p2|Gyarados, L50, M|\n|teampreview|4\n|l|\u2606enquires\n|player|p1|\n|inactive|Battle timer is ON: inactive players will automatically lose when time's up. (requested by Hybbridd)\n|j|\u2606enquires\n|inactive|enquires reconnected and has 80 seconds left.\n|player|p1|enquires|richboy|\n|\n|t:|1776123390\n|teamsize|p1|4\n|teamsize|p2|4\n|start\n|switch|p1a: Why is it hot here|Charizard, L50, F, shiny|100/100\n|switch|p1b: Fat brute bonnet|Venusaur, L50, F|100/100\n|switch|p2a: Whimsicott|Whimsicott, L50, F, shiny|100/100\n|switch|p2b: Orthworm|Orthworm, L50, M, shiny|100/100\n|turn|1\n|\n|t:|1776123406\n|move|p2b: Orthworm|Protect|p2b: Orthworm\n|-singleturn|p2b: Orthworm|Protect\n|move|p2a: Whimsicott|Taunt|p1b: Fat brute bonnet\n|-start|p1b: Fat brute bonnet|move: Taunt\n|move|p1a: Why is it hot here|Heat Wave|p2b: Orthworm|[spread] p2a\n|-activate|p2b: Orthworm|move: Protect\n|-supereffective|p2a: Whimsicott|1\n|-damage|p2a: Whimsicott|29/100\n|cant|p1b: Fat brute bonnet|move: Taunt|Sleep Powder\n|\n|upkeep\n|turn|2\n|\n|t:|1776123425\n|switch|p1b: Long neck guy|Farigiraf, L50, F, shiny|100/100\n|move|p2a: Whimsicott|Tailwind|p2a: Whimsicott\n|-sidestart|p2: Hybbridd|move: Tailwind\n|move|p2b: Orthworm|Shed Tail|p2b: Orthworm\n|-start|p2b: Orthworm|Substitute|[from] move: Shed Tail\n|-damage|p2b: Orthworm|50/100\n|-enditem|p2b: Orthworm|Sitrus Berry|[eat]\n|-heal|p2b: Orthworm|75/100|[from] item: Sitrus Berry\n|\n|t:|1776123432\n|switch|p2b: Tyranitar|Tyranitar, L50, M, shiny|100/100|[from] Shed Tail\n|-weather|Sandstorm|[from] ability: Sand Stream|[of] p2b: Tyranitar\n|move|p1a: Why is it hot here|Heat Wave|p2a: Whimsicott|[spread] p2a,p2b\n|-resisted|p2b: Tyranitar|1\n|-activate|p2b: Tyranitar|move: Substitute|[damage]\n|-supereffective|p2a: Whimsicott|1\n|-damage|p2a: Whimsicott|0 fnt\n|faint|p2a: Whimsicott\n|\n|-weather|Sandstorm|[upkeep]\n|-damage|p1a: Why is it hot here|95/100|[from] Sandstorm\n|-damage|p1b: Long neck guy|94/100|[from] Sandstorm\n|upkeep\n|\n|t:|1776123435\n|switch|p2a: Excadrill|Excadrill, L50, M|100/100\n|turn|3\n|\n|t:|1776123447\n|detailschange|p2b: Tyranitar|Tyranitar-Mega, L50, M, shiny\n|-mega|p2b: Tyranitar|Tyranitar|Tyranitarite\n|detailschange|p1a: Why is it hot here|Charizard-Mega-Y, L50, F, shiny\n|-mega|p1a: Why is it hot here|Charizard|Charizardite Y\n|-weather|SunnyDay|[from] ability: Drought|[of] p1a: Why is it hot here\n|move|p2a: Excadrill|Rock Slide|p1a: Why is it hot here|[spread] p1b\n|-miss|p2a: Excadrill|p1a: Why is it hot here\n|-damage|p1b: Long neck guy|75/100\n|move|p2b: Tyranitar|Knock Off|p1b: Long neck guy\n|-supereffective|p1b: Long neck guy|1\n|-damage|p1b: Long neck guy|0 fnt\n|-enditem|p1b: Long neck guy|Chesto Berry|[from] move: Knock Off|[of] p2b: Tyranitar\n|faint|p1b: Long neck guy\n|move|p1a: Why is it hot here|Heat Wave|p2b: Tyranitar|[spread] p2a,p2b\n|-resisted|p2b: Tyranitar|1\n|-end|p2b: Tyranitar|Substitute\n|-supereffective|p2a: Excadrill|1\n|-damage|p2a: Excadrill|0 fnt\n|faint|p2a: Excadrill\n|\n|-weather|SunnyDay|[upkeep]\n|upkeep\n|inactive|Hybbridd has 30 seconds left.\n|\n|t:|1776123482\n|switch|p2a: Orthworm|Orthworm, L50, M, shiny|75/100\n|switch|p1b: Fat brute bonnet|Venusaur, L50, F|100/100\n|turn|4\n|\n|t:|1776123497\n|move|p1b: Fat brute bonnet|Sleep Powder|p2b: Tyranitar|[miss]\n|-miss|p1b: Fat brute bonnet|p2b: Tyranitar\n|move|p2a: Orthworm|Heavy Slam|p1b: Fat brute bonnet\n|-damage|p1b: Fat brute bonnet|70/100\n|move|p2b: Tyranitar|Rock Slide|p1a: Why is it hot here|[spread] p1a,p1b\n|-supereffective|p1a: Why is it hot here|2\n|-damage|p1a: Why is it hot here|0 fnt\n|-damage|p1b: Fat brute bonnet|19/100\n|faint|p1a: Why is it hot here\n|\n|-weather|SunnyDay|[upkeep]\n|-heal|p1b: Fat brute bonnet|25/100|[from] item: Leftovers\n|upkeep\n|\n|t:|1776123510\n|switch|p1a: Aerodactyl|Aerodactyl, L50, M|100/100\n|-ability|p1a: Aerodactyl|Unnerve\n|turn|5\n|\n|t:|1776123527\n|move|p1b: Fat brute bonnet|Sleep Powder|p2b: Tyranitar\n|-status|p2b: Tyranitar|slp|[from] move: Sleep Powder\n|move|p2a: Orthworm|Heavy Slam|p1b: Fat brute bonnet\n|-damage|p1b: Fat brute bonnet|0 fnt\n|faint|p1b: Fat brute bonnet\n|cant|p2b: Tyranitar|slp\n|move|p1a: Aerodactyl|Rock Slide|p2b: Tyranitar|[spread] p2a,p2b\n|-resisted|p2a: Orthworm|1\n|-damage|p2a: Orthworm|66/100\n|-damage|p2b: Tyranitar|82/100 slp\n|\n|-weather|SunnyDay|[upkeep]\n|-sideend|p2: Hybbridd|move: Tailwind\n|upkeep\n|turn|6\n|\n|t:|1776123539\n|move|p2a: Orthworm|Protect|p2a: Orthworm\n|-singleturn|p2a: Orthworm|Protect\n|-curestatus|p2b: Tyranitar|slp|[msg]\n|move|p2b: Tyranitar|Protect|p2b: Tyranitar\n|-singleturn|p2b: Tyranitar|Protect\n|move|p1a: Aerodactyl|Rock Slide|p2a: Orthworm|[spread] \n|-activate|p2a: Orthworm|move: Protect\n|-activate|p2b: Tyranitar|move: Protect\n|\n|-weather|SunnyDay|[upkeep]\n|upkeep\n|turn|7\n|\n|t:|1776123547\n|move|p1a: Aerodactyl|Rock Slide|p2a: Orthworm|[spread] p2a\n|-miss|p1a: Aerodactyl|p2b: Tyranitar\n|-resisted|p2a: Orthworm|1\n|-damage|p2a: Orthworm|57/100\n|cant|p2a: Orthworm|flinch\n|move|p2b: Tyranitar|Knock Off|p1a: Aerodactyl\n|-damage|p1a: Aerodactyl|0 fnt\n|-enditem|p1a: Aerodactyl|Hard Stone|[from] move: Knock Off|[of] p2b: Tyranitar\n|faint|p1a: Aerodactyl\n|\n|win|Hybbridd\n|raw|enquires's rating: 1109 &rarr; <strong>1091</strong><br />(-18 for losing)\n|raw|Hybbridd's rating: 1202 &rarr; <strong>1220</strong><br />(+18 for winning)\n|l|\u2606enquires\n|player|p1|\n",
  "uploadtime": 1776123553,
  "views": 23,
  "formatid": "gen9championsvgc2026regma",
  "rating": 1091,
  "private": 0,
  "password": null
}