{
  "id": "gen9championsvgc2026regma-2588810522",
  "format": "[Gen 9 Champions] VGC 2026 Reg M-A",
  "players": [
    "yrt",
    "lugea"
  ],
  "log": "|j|\u2606yrt\n|j|\u2606lugea\n|t:|1776673685\n|gametype|doubles\n|player|p1|yrt|170|1212\n|player|p2|lugea|2|1315\n|gen|9\n|tier|[Gen 9 Champions] VGC 2026 Reg M-A\n|rated|\n|rule|Species Clause: Limit one of each Pok\u00e9mon\n|rule|Item Clause: Limit 1 of each item\n|clearpoke\n|poke|p1|Lucario, L50, M|\n|poke|p1|Garchomp, L50, M|\n|poke|p1|Farigiraf, L50, F|\n|poke|p1|Talonflame, L50, M|\n|poke|p1|Rotom-Wash, L50|\n|poke|p1|Meowscarada, L50, F|\n|poke|p2|Milotic, L50, M|\n|poke|p2|Charizard, L50, F|\n|poke|p2|Sneasler, L50, F|\n|poke|p2|Garchomp, L50, F|\n|poke|p2|Venusaur, L50, M|\n|poke|p2|Incineroar, L50, F|\n|teampreview|4\n|\n|t:|1776673769\n|teamsize|p1|4\n|teamsize|p2|4\n|start\n|switch|p1a: Garchomp|Garchomp, L50, M|100/100\n|switch|p1b: Talonflame|Talonflame, L50, M|100/100\n|switch|p2a: Charizard|Charizard, L50, F|100/100\n|switch|p2b: Venusaur|Venusaur, L50, M|100/100\n|turn|1\n|inactive|Battle timer is ON: inactive players will automatically lose when time's up. (requested by yrt)\n|\n|t:|1776673797\n|detailschange|p2a: Charizard|Charizard-Mega-Y, L50, F\n|-mega|p2a: Charizard|Charizard|Charizardite Y\n|-weather|SunnyDay|[from] ability: Drought|[of] p2a: Charizard\n|move|p1b: Talonflame|Dual Wingbeat|p2b: Venusaur\n|-supereffective|p2b: Venusaur|1\n|-damage|p2b: Venusaur|62/100\n|-supereffective|p2b: Venusaur|1\n|-damage|p2b: Venusaur|15/100\n|-hitcount|p2b: Venusaur|2\n|move|p2b: Venusaur|Sleep Powder|p1a: Garchomp|[miss]\n|-miss|p2b: Venusaur|p1a: Garchomp\n|move|p1a: Garchomp|Rock Slide|p2b: Venusaur|[spread] p2a,p2b\n|-supereffective|p2a: Charizard|2\n|-damage|p2a: Charizard|0 fnt\n|-damage|p2b: Venusaur|0 fnt\n|faint|p2a: Charizard\n|faint|p2b: Venusaur\n|\n|-weather|SunnyDay|[upkeep]\n|upkeep\n|c|\u2606yrt|Damn\n|c|\u2606yrt|Lucky\n|inactive|lugea has 30 seconds left.\n|inactive|lugea has 20 seconds left.\n|inactive|lugea has 15 seconds left.\n|inactive|lugea has 10 seconds left.\n|inactive|lugea has 5 seconds left.\n|\n|t:|1776673852\n|switch|p2a: Garchomp|Garchomp, L50, F|100/100\n|switch|p2b: Incineroar|Incineroar, L50, F|100/100\n|-ability|p2b: Incineroar|Intimidate|boost\n|-unboost|p1a: Garchomp|atk|1\n|-unboost|p1b: Talonflame|atk|1\n|-enditem|p1a: Garchomp|White Herb\n|-clearnegativeboost|p1a: Garchomp|[silent]\n|turn|2\n|inactive|lugea has 30 seconds left.\n|inactive|lugea has 20 seconds left.\n|inactive|lugea has 15 seconds left.\n|inactive|lugea has 10 seconds left.\n|inactive|lugea has 5 seconds left.\n|\n|t:|1776673907\n|move|p1b: Talonflame|Protect|p1b: Talonflame\n|-singleturn|p1b: Talonflame|Protect\n|move|p1a: Garchomp|Protect|p1a: Garchomp\n|-singleturn|p1a: Garchomp|Protect\n|move|p2b: Incineroar|Fake Out|p1b: Talonflame\n|-activate|p1b: Talonflame|move: Protect\n|move|p2a: Garchomp|Scale Shot|p1a: Garchomp\n|-activate|p1a: Garchomp|move: Protect\n|\n|-weather|SunnyDay|[upkeep]\n|upkeep\n|turn|3\n|c|\u2606yrt|Hahahaha\n|inactive|yrt has 30 seconds left.\n|inactive|lugea has 30 seconds left.\n|inactive|lugea has 20 seconds left.\n|inactive|lugea has 15 seconds left.\n|inactive|lugea has 10 seconds left.\n|inactive|lugea has 5 seconds left.\n|\n|t:|1776673962\n|move|p2b: Incineroar|Fake Out||[still]\n|-hint|Fake Out only works on your first turn out.\n|-fail|p2b: Incineroar\n|move|p1b: Talonflame|Dual Wingbeat|p2b: Incineroar\n|-damage|p2b: Incineroar|89/100\n|-damage|p2b: Incineroar|77/100\n|-hitcount|p2b: Incineroar|2\n|move|p1a: Garchomp|Earthquake|p2a: Garchomp|[spread] p2a,p2b\n|-immune|p1b: Talonflame\n|-supereffective|p2b: Incineroar|1\n|-damage|p2a: Garchomp|63/100\n|-damage|p2b: Incineroar|10/100\n|move|p2a: Garchomp|Scale Shot|p1a: Garchomp\n|-supereffective|p1a: Garchomp|1\n|-damage|p1a: Garchomp|70/100\n|-supereffective|p1a: Garchomp|1\n|-damage|p1a: Garchomp|40/100\n|-supereffective|p1a: Garchomp|1\n|-damage|p1a: Garchomp|13/100\n|-supereffective|p1a: Garchomp|1\n|-damage|p1a: Garchomp|0 fnt\n|faint|p1a: Garchomp\n|-hitcount|p1: Garchomp|4\n|-unboost|p2a: Garchomp|def|1\n|-boost|p2a: Garchomp|spe|1\n|\n|-weather|SunnyDay|[upkeep]\n|upkeep\n|\n|t:|1776673985\n|switch|p1a: Rotom|Rotom-Wash, L50|100/100\n|turn|4\n|inactive|lugea has 30 seconds left.\n|inactive|lugea has 20 seconds left.\n|inactive|lugea has 15 seconds left.\n|inactive|lugea has 10 seconds left.\n|inactive|lugea has 5 seconds left.\n|\n|t:|1776674040\n|move|p1b: Talonflame|Dual Wingbeat|p2b: Incineroar\n|-damage|p2b: Incineroar|0 fnt\n|faint|p2b: Incineroar\n|-hitcount|p2: Incineroar|1\n|move|p2a: Garchomp|Scale Shot|p1a: Rotom\n|-damage|p1a: Rotom|87/100\n|-damage|p1a: Rotom|75/100\n|-hitcount|p1a: Rotom|2\n|-unboost|p2a: Garchomp|def|1\n|-boost|p2a: Garchomp|spe|1\n|move|p1a: Rotom|Will-O-Wisp|p2a: Garchomp\n|-status|p2a: Garchomp|brn\n|\n|-weather|SunnyDay|[upkeep]\n|-heal|p1a: Rotom|80/100|[from] item: Leftovers\n|-damage|p2a: Garchomp|57/100 brn|[from] brn\n|upkeep\n|turn|5\n|c|\u2606yrt|HAHAHAHAHA\n|inactive|yrt has 30 seconds left.\n|inactive|lugea has 30 seconds left.\n|inactiveoff|Battle timer is now OFF.\n|c|\u2606yrt|Interesting\n|inactive|Battle timer is ON: inactive players will automatically lose when time's up. (requested by yrt)\n|inactive|lugea has 30 seconds left.\n|inactive|lugea has 20 seconds left.\n|inactive|lugea has 15 seconds left.\n|inactive|lugea has 10 seconds left.\n|inactive|lugea has 5 seconds left.\n|\n|t:|1776674185\n|move|p1b: Talonflame|Protect|p1b: Talonflame\n|-singleturn|p1b: Talonflame|Protect\n|move|p1a: Rotom|Protect|p1a: Rotom\n|-singleturn|p1a: Rotom|Protect\n|move|p2a: Garchomp|Scale Shot|p1a: Rotom\n|-activate|p1a: Rotom|move: Protect\n|\n|-weather|none\n|-heal|p1a: Rotom|86/100|[from] item: Leftovers\n|-damage|p2a: Garchomp|51/100 brn|[from] brn\n|upkeep\n|turn|6\n|c|\u2606yrt|HAHAHAHAHA\n|c|\u2606yrt|Be honest with me I won't flame\n|c|\u2606yrt|Tilted?\n|inactive|yrt has 30 seconds left.\n|inactive|lugea has 30 seconds left.\n|inactive|lugea has 20 seconds left.\n|inactive|lugea has 15 seconds left.\n|c|\u2606yrt|I get it\n|c|\u2606yrt|T1 sucked\n|inactive|lugea has 10 seconds left.\n|c|\u2606yrt|Happens\n|inactive|lugea has 5 seconds left.\n|\n|t:|1776674240\n|move|p1b: Talonflame|Dual Wingbeat|p2a: Garchomp\n|-damage|p2a: Garchomp|28/100 brn\n|-damage|p1b: Talonflame|88/100|[from] ability: Rough Skin|[of] p2a: Garchomp\n|-enditem|p2a: Garchomp|Sitrus Berry|[eat]\n|-heal|p2a: Garchomp|53/100 brn|[from] item: Sitrus Berry\n|-damage|p2a: Garchomp|31/100 brn\n|-damage|p1b: Talonflame|76/100|[from] ability: Rough Skin|[of] p2a: Garchomp\n|-hitcount|p2a: Garchomp|2\n|move|p2a: Garchomp|Scale Shot|p1a: Rotom\n|-damage|p1a: Rotom|80/100\n|-damage|p1a: Rotom|74/100\n|-hitcount|p1a: Rotom|2\n|-unboost|p2a: Garchomp|def|1\n|-boost|p2a: Garchomp|spe|1\n|move|p1a: Rotom|Hydro Pump|p2a: Garchomp\n|-damage|p2a: Garchomp|0 fnt\n|faint|p2a: Garchomp\n|\n|win|yrt\n|raw|yrt's rating: 1212 &rarr; <strong>1245</strong><br />(+33 for winning)\n|raw|lugea's rating: 1332 &rarr; <strong>1305</strong><br />(-27 for losing)\n|c|\u2606yrt|25% chance to lose instantly\n|c|\u2606yrt|Gg see you around hope you feel better\n|l|\u2606lugea\n|player|p2|\n",
  "uploadtime": 1776675553,
  "views": 10,
  "formatid": "gen9championsvgc2026regma",
  "rating": 1245,
  "private": 0,
  "password": null
}