{
  "id": "gen9championsvgc2026regma-2585381696",
  "format": "[Gen 9 Champions] VGC 2026 Reg M-A",
  "players": [
    "Mowfus",
    "Crisedu19"
  ],
  "log": "|j|\u2606Mowfus\n|j|\u2606Crisedu19\n|t:|1776343046\n|gametype|doubles\n|player|p1|Mowfus|266|1085\n|player|p2|Crisedu19|giovanni|1139\n|gen|9\n|tier|[Gen 9 Champions] VGC 2026 Reg M-A\n|rated|\n|rule|Species Clause: Limit one of each Pok\u00e9mon\n|rule|Item Clause: Limit 1 of each item\n|clearpoke\n|poke|p1|Gardevoir, L50, F|\n|poke|p1|Milotic, L50, F|\n|poke|p1|Maushold-Four, L50|\n|poke|p1|Klefki, L50, F|\n|poke|p1|Volcarona, L50, F|\n|poke|p1|Gengar, L50, F|\n|poke|p2|Kommo-o, L50, F|\n|poke|p2|Froslass, L50, F|\n|poke|p2|Rotom-Wash, L50|\n|poke|p2|Incineroar, L50, M|\n|poke|p2|Sinistcha, L50|\n|poke|p2|Kingambit, L50, F|\n|teampreview|4\n|\n|t:|1776343083\n|teamsize|p1|4\n|teamsize|p2|4\n|start\n|switch|p1a: Gardevoir|Gardevoir, L50, F|100/100\n|switch|p1b: Maushold|Maushold-Four, L50|100/100\n|switch|p2a: Incineroar|Incineroar, L50, M|100/100\n|switch|p2b: Froslass|Froslass, L50, F|100/100\n|-ability|p1a: Gardevoir|Intimidate|Trace|[from] ability: Trace|[of] p2a: Incineroar\n|-ability|p1a: Gardevoir|Intimidate|boost\n|-unboost|p2a: Incineroar|atk|1\n|-unboost|p2b: Froslass|atk|1\n|-ability|p2a: Incineroar|Intimidate|boost\n|-unboost|p1a: Gardevoir|atk|1\n|-unboost|p1b: Maushold|atk|1\n|turn|1\n|inactive|Battle timer is ON: inactive players will automatically lose when time's up. (requested by Mowfus)\n|\n|t:|1776343106\n|detailschange|p2b: Froslass|Froslass-Mega, L50, F\n|-mega|p2b: Froslass|Froslass|Froslassite\n|-weather|Snowscape|[from] ability: Snow Warning|[of] p2b: Froslass\n|move|p1a: Gardevoir|Protect|p1a: Gardevoir\n|-singleturn|p1a: Gardevoir|Protect\n|move|p1b: Maushold|Protect|p1b: Maushold\n|-singleturn|p1b: Maushold|Protect\n|move|p2b: Froslass|Aurora Veil|p2b: Froslass\n|-sidestart|p2: Crisedu19|move: Aurora Veil\n|move|p2a: Incineroar|Darkest Lariat|p1b: Maushold\n|-activate|p1b: Maushold|move: Protect\n|\n|-weather|Snowscape|[upkeep]\n|upkeep\n|turn|2\n|\n|t:|1776343129\n|detailschange|p1a: Gardevoir|Gardevoir-Mega, L50, F\n|-mega|p1a: Gardevoir|Gardevoir|Gardevoirite\n|move|p2b: Froslass|Blizzard|p1b: Maushold|[spread] p1a,p1b\n|-damage|p1a: Gardevoir|73/100\n|-damage|p1b: Maushold|52/100\n|move|p1a: Gardevoir|Hyper Voice|p2b: Froslass|[spread] p2a,p2b\n|-damage|p2a: Incineroar|72/100\n|-damage|p2b: Froslass|57/100\n|move|p1b: Maushold|Low Kick|p2a: Incineroar\n|-supereffective|p2a: Incineroar|1\n|-enditem|p2a: Incineroar|Chople Berry|[eat]\n|-enditem|p2a: Incineroar|Chople Berry|[weaken]\n|-damage|p2a: Incineroar|67/100\n|move|p2a: Incineroar|Flare Blitz|p1b: Maushold|[miss]\n|-miss|p2a: Incineroar|p1b: Maushold\n|\n|-weather|Snowscape|[upkeep]\n|upkeep\n|turn|3\n|inactive|Mowfus has 30 seconds left.\n|\n|t:|1776343158\n|move|p1b: Maushold|Helping Hand|p1a: Gardevoir\n|-singleturn|p1a: Gardevoir|Helping Hand|[of] p1b: Maushold\n|move|p2b: Froslass|Shadow Ball|p1a: Gardevoir\n|-supereffective|p1a: Gardevoir|1\n|-damage|p1a: Gardevoir|21/100\n|-unboost|p1a: Gardevoir|spd|1\n|move|p1a: Gardevoir|Hyper Voice|p2a: Incineroar|[spread] p2a,p2b\n|-damage|p2a: Incineroar|28/100\n|-damage|p2b: Froslass|0 fnt\n|faint|p2b: Froslass\n|move|p2a: Incineroar|Parting Shot|p1a: Gardevoir\n|-unboost|p1a: Gardevoir|atk|1\n|-unboost|p1a: Gardevoir|spa|1\n|\n|t:|1776343176\n|switch|p2a: Kingambit|Kingambit, L50, F|100/100|[from] Parting Shot\n|-activate|p2a: Kingambit|ability: Supreme Overlord\n|-start|p2a: Kingambit|fallen1|[silent]\n|\n|-weather|Snowscape|[upkeep]\n|upkeep\n|\n|t:|1776343183\n|switch|p2b: Incineroar|Incineroar, L50, M|28/100\n|-ability|p2b: Incineroar|Intimidate|boost\n|-unboost|p1a: Gardevoir|atk|1\n|-unboost|p1b: Maushold|atk|1\n|turn|4\n|\n|t:|1776343205\n|move|p1a: Gardevoir|Protect|p1a: Gardevoir\n|-singleturn|p1a: Gardevoir|Protect\n|move|p2b: Incineroar|Fake Out|p1b: Maushold\n|-damage|p1b: Maushold|41/100\n|move|p2a: Kingambit|Sucker Punch||[still]\n|-fail|p2a: Kingambit\n|cant|p1b: Maushold|flinch\n|\n|-weather|Snowscape|[upkeep]\n|upkeep\n|turn|5\n|\n|t:|1776343225\n|move|p2a: Kingambit|Sucker Punch|p1a: Gardevoir\n|-damage|p1a: Gardevoir|0 fnt\n|faint|p1a: Gardevoir\n|move|p1b: Maushold|Low Kick|p2a: Kingambit\n|-supereffective|p2a: Kingambit|2\n|-damage|p2a: Kingambit|81/100\n|move|p2b: Incineroar|Darkest Lariat|p1b: Maushold\n|-damage|p1b: Maushold|4/100\n|\n|-weather|none\n|-sideend|p2: Crisedu19|move: Aurora Veil\n|upkeep\n|\n|t:|1776343238\n|switch|p1a: Gengar|Gengar, L50, F|100/100\n|turn|6\n|\n|t:|1776343252\n|move|p1b: Maushold|Follow Me|p1b: Maushold\n|-singleturn|p1b: Maushold|move: Follow Me\n|move|p1a: Gengar|Focus Blast|p2a: Kingambit\n|-supereffective|p2a: Kingambit|2\n|-damage|p2a: Kingambit|0 fnt\n|faint|p2a: Kingambit\n|-end|p2a: Kingambit|fallen1|[silent]\n|move|p2b: Incineroar|Darkest Lariat|p1b: Maushold|[miss]\n|-miss|p2b: Incineroar|p1b: Maushold\n|\n|upkeep\n|\n|t:|1776343263\n|switch|p2a: Kommo-o|Kommo-o, L50, F|100/100\n|turn|7\n|inactive|Mowfus has 30 seconds left.\n|\n|t:|1776343288\n|move|p1b: Maushold|Follow Me|p1b: Maushold\n|-singleturn|p1b: Maushold|move: Follow Me\n|move|p1a: Gengar|Sludge Bomb|p2b: Incineroar\n|-damage|p2b: Incineroar|0 fnt\n|faint|p2b: Incineroar\n|move|p2a: Kommo-o|Clangorous Soul|p2a: Kommo-o\n|-boost|p2a: Kommo-o|atk|1\n|-boost|p2a: Kommo-o|def|1\n|-boost|p2a: Kommo-o|spa|1\n|-boost|p2a: Kommo-o|spd|1\n|-boost|p2a: Kommo-o|spe|1\n|-damage|p2a: Kommo-o|68/100\n|\n|-heal|p2a: Kommo-o|74/100|[from] item: Leftovers\n|upkeep\n|turn|8\n|\n|t:|1776343308\n|move|p1b: Maushold|Follow Me|p1b: Maushold\n|-singleturn|p1b: Maushold|move: Follow Me\n|move|p2a: Kommo-o|Clanging Scales|p1a: Gengar|[spread] p1a,p1b\n|-damage|p1a: Gengar|37/100\n|-damage|p1b: Maushold|0 fnt\n|faint|p1b: Maushold\n|-unboost|p2a: Kommo-o|def|1\n|move|p1a: Gengar|Shadow Ball|p2a: Kommo-o\n|-damage|p2a: Kommo-o|37/100\n|-unboost|p2a: Kommo-o|spd|1\n|\n|-heal|p2a: Kommo-o|43/100|[from] item: Leftovers\n|upkeep\n|\n|t:|1776343321\n|switch|p1b: Volcarona|Volcarona, L50, F|100/100\n|turn|9\n|\n|t:|1776343333\n|move|p2a: Kommo-o|Protect|p2a: Kommo-o\n|-singleturn|p2a: Kommo-o|Protect\n|move|p1b: Volcarona|Heat Wave|p2a: Kommo-o\n|-activate|p2a: Kommo-o|move: Protect\n|move|p1a: Gengar|Shadow Ball|p2a: Kommo-o\n|-activate|p2a: Kommo-o|move: Protect\n|\n|-heal|p2a: Kommo-o|49/100|[from] item: Leftovers\n|upkeep\n|turn|10\n|inactive|Crisedu19 has 30 seconds left.\n|\n|t:|1776343363\n|move|p2a: Kommo-o|Clanging Scales|p1a: Gengar|[spread] p1a,p1b\n|-damage|p1a: Gengar|0 fnt\n|-damage|p1b: Volcarona|41/100\n|-start|p2a: Kommo-o|Disable|Clanging Scales|[from] ability: Cursed Body|[of] p1a: Gengar\n|faint|p1a: Gengar\n|-unboost|p2a: Kommo-o|def|1\n|move|p1b: Volcarona|Heat Wave|p2a: Kommo-o\n|-resisted|p2a: Kommo-o|1\n|-damage|p2a: Kommo-o|16/100\n|-status|p2a: Kommo-o|brn\n|\n|-heal|p2a: Kommo-o|22/100 brn|[from] item: Leftovers\n|-damage|p2a: Kommo-o|16/100 brn|[from] brn\n|upkeep\n|turn|11\n|inactive|Mowfus has 30 seconds left.\n|\n|t:|1776343394\n|move|p2a: Kommo-o|Aura Sphere|p1b: Volcarona\n|-resisted|p1b: Volcarona|1\n|-damage|p1b: Volcarona|10/100\n|move|p1b: Volcarona|Bug Buzz|p2a: Kommo-o\n|-immune|p2a: Kommo-o|[from] ability: Soundproof\n|\n|-heal|p2a: Kommo-o|22/100 brn|[from] item: Leftovers\n|-damage|p2a: Kommo-o|16/100 brn|[from] brn\n|upkeep\n|turn|12\n|\n|t:|1776343403\n|move|p2a: Kommo-o|Aura Sphere|p1b: Volcarona\n|-resisted|p1b: Volcarona|1\n|-damage|p1b: Volcarona|0 fnt\n|faint|p1b: Volcarona\n|\n|win|Crisedu19\n|raw|Mowfus's rating: 1085 &rarr; <strong>1066</strong><br />(-19 for losing)\n|raw|Crisedu19's rating: 1139 &rarr; <strong>1160</strong><br />(+21 for winning)\n|l|\u2606Mowfus\n|player|p1|\n",
  "uploadtime": 1776343425,
  "views": 25,
  "formatid": "gen9championsvgc2026regma",
  "rating": 1066,
  "private": 0,
  "password": null
}