{
  "id": "gen9championsvgc2026regma-2582209567",
  "format": "[Gen 9 Champions] VGC 2026 Reg M-A",
  "players": [
    "STRONG MANN",
    "Tam and Jirey"
  ],
  "log": "|j|\u2606STRONG MANN\n|j|\u2606Tam and Jirey\n|t:|1776071595\n|gametype|doubles\n|player|p1|STRONG MANN|li|\n|player|p2|Tam and Jirey|2|\n|gen|9\n|tier|[Gen 9 Champions] VGC 2026 Reg M-A\n|rule|Species Clause: Limit one of each Pok\u00e9mon\n|rule|Item Clause: Limit 1 of each item\n|clearpoke\n|poke|p1|Starmie, L50|\n|poke|p1|Ceruledge, L50, F|\n|poke|p1|Garchomp, L50, F|\n|poke|p1|Heracross, L50, F|\n|poke|p1|Kingambit, L50, M|\n|poke|p1|Mamoswine, L50, F|\n|poke|p2|Whimsicott, L50, M|\n|poke|p2|Garchomp, L50, M|\n|poke|p2|Arcanine-Hisui, L50, F|\n|poke|p2|Gardevoir, L50, F|\n|poke|p2|Rotom-Wash, L50|\n|poke|p2|Umbreon, L50, M|\n|teampreview|4\n|\n|t:|1776071637\n|teamsize|p1|4\n|teamsize|p2|4\n|start\n|switch|p1a: Mamoswine|Mamoswine, L50, F|100/100\n|switch|p1b: Ceruledge|Ceruledge, L50, F|100/100\n|switch|p2a: Whimsicott|Whimsicott, L50, M|100/100\n|switch|p2b: Garchomp|Garchomp, L50, M|100/100\n|turn|1\n|\n|t:|1776071674\n|move|p2a: Whimsicott|Tailwind|p2a: Whimsicott\n|-sidestart|p2: Tam and Jirey|move: Tailwind\n|move|p1a: Mamoswine|Ice Shard|p2b: Garchomp\n|-supereffective|p2b: Garchomp|2\n|-damage|p2b: Garchomp|0 fnt\n|faint|p2b: Garchomp\n|move|p1b: Ceruledge|Swords Dance|p1b: Ceruledge\n|-boost|p1b: Ceruledge|atk|2\n|\n|upkeep\n|\n|t:|1776071692\n|switch|p2b: Arcanine|Arcanine-Hisui, L50, F|100/100\n|-ability|p2b: Arcanine|Intimidate|boost\n|-unboost|p1a: Mamoswine|atk|1\n|-unboost|p1b: Ceruledge|atk|1\n|turn|2\n|\n|t:|1776071714\n|move|p2a: Whimsicott|Tailwind||[still]\n|-fail|p2a: Whimsicott\n|move|p2b: Arcanine|Snarl|p1a: Mamoswine|[spread] p1a,p1b\n|-supereffective|p1b: Ceruledge|1\n|-damage|p1a: Mamoswine|89/100\n|-damage|p1b: Ceruledge|83/100\n|-unboost|p1a: Mamoswine|spa|1\n|-unboost|p1b: Ceruledge|spa|1\n|move|p1b: Ceruledge|Bitter Blade|p2a: Whimsicott\n|-supereffective|p2a: Whimsicott|1\n|-enditem|p2a: Whimsicott|Focus Sash\n|-damage|p2a: Whimsicott|1/100\n|-heal|p1b: Ceruledge|100/100|[from] drain|[of] p2a: Whimsicott\n|move|p1a: Mamoswine|Superpower|p2b: Arcanine\n|-supereffective|p2b: Arcanine|1\n|-crit|p2b: Arcanine\n|-damage|p2b: Arcanine|0 fnt\n|-unboost|p1a: Mamoswine|atk|1\n|-unboost|p1a: Mamoswine|def|1\n|faint|p2b: Arcanine\n|\n|upkeep\n|\n|t:|1776071739\n|switch|p2b: Umbreon|Umbreon, L50, M|100/100\n|turn|3\n|\n|t:|1776071763\n|move|p1b: Ceruledge|Shadow Sneak|p2a: Whimsicott\n|-damage|p2a: Whimsicott|0 fnt\n|faint|p2a: Whimsicott\n|move|p2b: Umbreon|Foul Play|p1a: Mamoswine\n|-damage|p1a: Mamoswine|54/100\n|move|p1a: Mamoswine|Superpower|p2b: Umbreon\n|-supereffective|p2b: Umbreon|1\n|-damage|p2b: Umbreon|67/100\n|-unboost|p1a: Mamoswine|atk|1\n|-unboost|p1a: Mamoswine|def|1\n|\n|-heal|p2b: Umbreon|73/100|[from] item: Leftovers\n|upkeep\n|turn|4\n|\n|t:|1776071789\n|move|p2b: Umbreon|Protect|p2b: Umbreon\n|-singleturn|p2b: Umbreon|Protect\n|move|p1b: Ceruledge|Bitter Blade|p2b: Umbreon\n|-activate|p2b: Umbreon|move: Protect\n|move|p1a: Mamoswine|Superpower|p2b: Umbreon\n|-activate|p2b: Umbreon|move: Protect\n|\n|-heal|p2b: Umbreon|79/100|[from] item: Leftovers\n|-sideend|p2: Tam and Jirey|move: Tailwind\n|upkeep\n|turn|5\n|\n|t:|1776071803\n|move|p1b: Ceruledge|Bitter Blade|p2b: Umbreon\n|-damage|p2b: Umbreon|21/100\n|move|p1a: Mamoswine|Superpower|p2b: Umbreon\n|-supereffective|p2b: Umbreon|1\n|-damage|p2b: Umbreon|0 fnt\n|-unboost|p1a: Mamoswine|atk|1\n|-unboost|p1a: Mamoswine|def|1\n|faint|p2b: Umbreon\n|\n|win|STRONG MANN\n|l|\u2606STRONG MANN\n|player|p1|\n",
  "uploadtime": 1776071857,
  "views": 12,
  "formatid": "gen9championsvgc2026regma",
  "rating": null,
  "private": 0,
  "password": null
}