{
  "id": "gen9championsvgc2026regma-2587603184",
  "format": "[Gen 9 Champions] VGC 2026 Reg M-A",
  "players": [
    "porygon-epilepz",
    "Peter Panshrew\u2714\ufe0f"
  ],
  "log": "|j|\u2606porygon-epilepz\n|j|\u2606Peter Panshrew\u2714\ufe0f\n|t:|1776546102\n|gametype|doubles\n|player|p1|porygon-epilepz|hiker-gen4|\n|player|p2|Peter Panshrew\u2714\ufe0f|169|\n|gen|9\n|tier|[Gen 9 Champions] VGC 2026 Reg M-A\n|rated|Tournament battle\n|rule|Species Clause: Limit one of each Pok\u00e9mon\n|rule|Item Clause: Limit 1 of each item\n|clearpoke\n|poke|p1|Floette-Eternal, L50, F|\n|poke|p1|Incineroar, L50, M|\n|poke|p1|Garchomp, L50, M|\n|poke|p1|Aerodactyl, L50, F|\n|poke|p1|Sneasler, L50, F|\n|poke|p1|Basculegion, L50, M|\n|poke|p2|Medicham, L50, M|\n|poke|p2|Incineroar, L50, F|\n|poke|p2|Venusaur, L50, M|\n|poke|p2|Politoed, L50, M|\n|poke|p2|Basculegion, L50, M|\n|poke|p2|Goodra-Hisui, L50, F|\n|teampreview|4\n|c|\u2606Peter Panshrew\u2714\ufe0f|that's 2 floettes yet\n|j| maxdeesevgc\n|l| maxdeesevgc\n|j| regiseal\n|j|@krangune\u2764\n|\n|t:|1776546166\n|teamsize|p1|4\n|teamsize|p2|4\n|start\n|switch|p1a: Sandy Claws|Sneasler, L50, F|100/100\n|switch|p1b: Quetza|Aerodactyl, L50, F|100/100\n|switch|p2a: Venusaur|Venusaur, L50, M|100/100\n|switch|p2b: Goodra|Goodra-Hisui, L50, F|100/100\n|-ability|p1b: Quetza|Unnerve\n|turn|1\n|j| 1#MiraidonHater\n|\n|t:|1776546194\n|move|p2a: Venusaur|Protect|p2a: Venusaur\n|-singleturn|p2a: Venusaur|Protect\n|move|p1a: Sandy Claws|Fake Out|p2a: Venusaur\n|-activate|p2a: Venusaur|move: Protect\n|move|p1b: Quetza|Tailwind|p1b: Quetza\n|-sidestart|p1: porygon-epilepz|move: Tailwind\n|move|p2b: Goodra|Shelter|p2b: Goodra\n|-boost|p2b: Goodra|def|2\n|\n|upkeep\n|turn|2\n|c| 1#MiraidonHater|o wow\n|c| 1#MiraidonHater|what was peter cooking?\n|c|@krangune\u2764|peter loves goodra\n|\n|t:|1776546218\n|move|p1b: Quetza|Dual Wingbeat|p2a: Venusaur\n|-supereffective|p2a: Venusaur|1\n|-damage|p2a: Venusaur|64/100\n|-supereffective|p2a: Venusaur|1\n|-damage|p2a: Venusaur|24/100\n|-hitcount|p2a: Venusaur|2\n|move|p1a: Sandy Claws|Close Combat|p2b: Goodra\n|-supereffective|p2b: Goodra|1\n|-damage|p2b: Goodra|51/100\n|-unboost|p1a: Sandy Claws|def|1\n|-unboost|p1a: Sandy Claws|spd|1\n|-ability|p2b: Goodra|Gooey\n|-unboost|p1a: Sandy Claws|spe|1\n|-enditem|p1a: Sandy Claws|White Herb\n|-clearnegativeboost|p1a: Sandy Claws|[silent]\n|move|p2a: Venusaur|Giga Drain|p1a: Sandy Claws\n|-resisted|p1a: Sandy Claws|1\n|-damage|p1a: Sandy Claws|81/100\n|-heal|p2a: Venusaur|32/100|[from] drain|[of] p1a: Sandy Claws\n|move|p2b: Goodra|Heavy Slam|p1a: Sandy Claws\n|-damage|p1a: Sandy Claws|15/100\n|\n|-heal|p2b: Goodra|57/100|[from] item: Leftovers\n|upkeep\n|turn|3\n|c| 1#MiraidonHater|this looks very devious\n|c|\u2606porygon-epilepz|it does look horrid to me\n|\n|t:|1776546259\n|move|p1a: Sandy Claws|Close Combat|p2b: Goodra\n|-supereffective|p2b: Goodra|1\n|-damage|p2b: Goodra|10/100\n|-unboost|p1a: Sandy Claws|def|1\n|-unboost|p1a: Sandy Claws|spd|1\n|-ability|p2b: Goodra|Gooey\n|-unboost|p1a: Sandy Claws|spe|1\n|move|p1b: Quetza|Rock Slide|p2b: Goodra|[spread] p2a,p2b\n|-resisted|p2b: Goodra|1\n|-damage|p2a: Venusaur|6/100\n|-damage|p2b: Goodra|5/100\n|move|p2a: Venusaur|Giga Drain|p1a: Sandy Claws\n|-resisted|p1a: Sandy Claws|1\n|-damage|p1a: Sandy Claws|0 fnt\n|-heal|p2a: Venusaur|13/100|[from] drain|[of] p1a: Sandy Claws\n|faint|p1a: Sandy Claws\n|move|p2b: Goodra|Life Dew|p2b: Goodra|[spread] p2a,p2b\n|-heal|p2a: Venusaur|38/100\n|-heal|p2b: Goodra|30/100\n|\n|-heal|p2b: Goodra|36/100|[from] item: Leftovers\n|upkeep\n|\n|t:|1776546276\n|switch|p1a: Dead fih|Basculegion, L50, M|100/100\n|turn|4\n|c|\u2606Peter Panshrew\u2714\ufe0f|also\n|c|\u2606Peter Panshrew\u2714\ufe0f|garg is in\n|c|\u2606Peter Panshrew\u2714\ufe0f|so you know I'm in\n|c| 1#MiraidonHater|it got nerfed\n|c| 1#MiraidonHater|peter\n|c|\u2606Peter Panshrew\u2714\ufe0f|aww\n|c| 1#MiraidonHater|salt cure is only 1/8 and 1/4 on steel and water\n|\n|t:|1776546307\n|detailschange|p2a: Venusaur|Venusaur-Mega, L50, M\n|-mega|p2a: Venusaur|Venusaur|Venusaurite\n|move|p2a: Venusaur|Protect|p2a: Venusaur\n|-singleturn|p2a: Venusaur|Protect\n|move|p1a: Dead fih|Last Respects|p2b: Goodra\n|-damage|p2b: Goodra|15/100\n|move|p1b: Quetza|Dual Wingbeat|p2a: Venusaur\n|-activate|p2a: Venusaur|move: Protect\n|move|p2b: Goodra|Life Dew|p2b: Goodra|[spread] p2a,p2b\n|-heal|p2a: Venusaur|63/100\n|-heal|p2b: Goodra|39/100\n|\n|-heal|p2b: Goodra|45/100|[from] item: Leftovers\n|-sideend|p1: porygon-epilepz|move: Tailwind\n|upkeep\n|turn|5\n|c|\u2606Peter Panshrew\u2714\ufe0f|fine by me\n|c|\u2606Peter Panshrew\u2714\ufe0f|seems unnerfed\n|c| 1#MiraidonHater|also no maranga\n|c| 1#MiraidonHater|and sneas is the best mon in the format\n|\n|t:|1776546341\n|move|p1a: Dead fih|Last Respects|p2a: Venusaur\n|-damage|p2a: Venusaur|14/100\n|move|p1b: Quetza|Dual Wingbeat|p2a: Venusaur\n|-supereffective|p2a: Venusaur|1\n|-damage|p2a: Venusaur|0 fnt\n|faint|p2a: Venusaur\n|-hitcount|p2: Venusaur|1\n|move|p2b: Goodra|Life Dew|p2b: Goodra\n|-heal|p2b: Goodra|70/100\n|\n|-heal|p2b: Goodra|76/100|[from] item: Leftovers\n|upkeep\n|\n|t:|1776546352\n|switch|p2a: Basculegion|Basculegion, L50, M|100/100\n|turn|6\n|\n|t:|1776546384\n|move|p2a: Basculegion|Protect|p2a: Basculegion\n|-singleturn|p2a: Basculegion|Protect\n|move|p1a: Dead fih|Last Respects|p2a: Basculegion\n|-activate|p2a: Basculegion|move: Protect\n|move|p1b: Quetza|Tailwind|p1b: Quetza\n|-sidestart|p1: porygon-epilepz|move: Tailwind\n|move|p2b: Goodra|Heavy Slam|p1b: Quetza\n|-supereffective|p1b: Quetza|1\n|-enditem|p1b: Quetza|Focus Sash\n|-damage|p1b: Quetza|1/100\n|\n|-heal|p2b: Goodra|82/100|[from] item: Leftovers\n|upkeep\n|turn|7\n|c|\u2606Peter Panshrew\u2714\ufe0f|sneas is why gargis op\n|c|\u2606Peter Panshrew\u2714\ufe0f|lol\n|\n|t:|1776546403\n|switch|p2a: Politoed|Politoed, L50, M|100/100\n|-weather|RainDance|[from] ability: Drizzle|[of] p2a: Politoed\n|move|p1a: Dead fih|Last Respects|p2a: Politoed\n|-crit|p2a: Politoed\n|-damage|p2a: Politoed|0 fnt\n|faint|p2a: Politoed\n|move|p1b: Quetza|Rock Slide|p2b: Goodra\n|-resisted|p2b: Goodra|1\n|-damage|p2b: Goodra|76/100\n|move|p2b: Goodra|Shelter|p2b: Goodra\n|-boost|p2b: Goodra|def|2\n|\n|-weather|RainDance|[upkeep]\n|-heal|p2b: Goodra|82/100|[from] item: Leftovers\n|upkeep\n|\n|t:|1776546411\n|switch|p2a: Basculegion|Basculegion, L50, M|100/100\n|turn|8\n|c| 1#MiraidonHater|grr stall\n|c|\u2606Peter Panshrew\u2714\ufe0f|you cant stop the beat\n|\n|t:|1776546444\n|move|p1a: Dead fih|Last Respects|p2a: Basculegion\n|-supereffective|p2a: Basculegion|1\n|-damage|p2a: Basculegion|0 fnt\n|faint|p2a: Basculegion\n|move|p1b: Quetza|Rock Slide|p2b: Goodra\n|-resisted|p2b: Goodra|1\n|-crit|p2b: Goodra\n|-damage|p2b: Goodra|64/100\n|move|p2b: Goodra|Heavy Slam|p1b: Quetza\n|-supereffective|p1b: Quetza|1\n|-damage|p1b: Quetza|0 fnt\n|faint|p1b: Quetza\n|\n|-weather|RainDance|[upkeep]\n|-heal|p2b: Goodra|70/100|[from] item: Leftovers\n|upkeep\n|\n|t:|1776546453\n|switch|p1b: Mary Poppins|Floette-Eternal, L50, F|100/100\n|turn|9\n|c| 1#MiraidonHater|basc kinda walls no\n|\n|t:|1776546459\n|detailschange|p1b: Mary Poppins|Floette-Mega, L50, F\n|-mega|p1b: Mary Poppins|Floette|Floettite\n|-ability|p1b: Mary Poppins|Fairy Aura\n|move|p1a: Dead fih|Last Respects|p2b: Goodra\n|-damage|p2b: Goodra|50/100\n|move|p1b: Mary Poppins|Moonblast|p2b: Goodra\n|-damage|p2b: Goodra|0 fnt\n|faint|p2b: Goodra\n|\n|win|porygon-epilepz\n|n|\u2606porygon-epilepz|porygonepilepz\n|n|\u2606Peter Panshrew\u2714\ufe0f|peterpanshrew\n|n| regiseal|regiseal\n|n| krangune\u2764|krangune\n|n| 1#MiraidonHater|1miraidonhater\n",
  "uploadtime": 1776546105,
  "views": 17,
  "formatid": "gen9championsvgc2026regma",
  "rating": null,
  "private": 0,
  "password": null
}