{
  "id": "gen9championsvgc2026regma-2586490774",
  "format": "[Gen 9 Champions] VGC 2026 Reg M-A",
  "players": [
    "OctarineFire",
    "KogaAF1219"
  ],
  "log": "|j|\u2606OctarineFire\n|j|\u2606KogaAF1219\n|t:|1776438319\n|gametype|doubles\n|player|p1|OctarineFire|lass-gen4|1417\n|player|p2|KogaAF1219|koga|1475\n|gen|9\n|tier|[Gen 9 Champions] VGC 2026 Reg M-A\n|rated|\n|rule|Species Clause: Limit one of each Pok\u00e9mon\n|rule|Item Clause: Limit 1 of each item\n|clearpoke\n|poke|p1|Incineroar, L50, F|\n|poke|p1|Farigiraf, L50, M|\n|poke|p1|Primarina, L50, F|\n|poke|p1|Tyranitar, L50, F|\n|poke|p1|Venusaur, L50, F|\n|poke|p1|Machamp, L50, F|\n|poke|p2|Torkoal, L50, M|\n|poke|p2|Venusaur, L50, M|\n|poke|p2|Incineroar, L50, F|\n|poke|p2|Farigiraf, L50, F|\n|poke|p2|Rotom-Fan, L50|\n|poke|p2|Excadrill, L50, M|\n|teampreview|4\n|inactive|Battle timer is ON: inactive players will automatically lose when time's up. (requested by OctarineFire)\nOctarineFire rejected open team sheets.\n|\n|t:|1776438346\n|teamsize|p1|4\n|teamsize|p2|4\n|start\n|switch|p1a: Incineroar|Incineroar, L50, F|100/100\n|switch|p1b: Farigiraf|Farigiraf, L50, M|100/100\n|switch|p2a: Farigiraf|Farigiraf, L50, F|100/100\n|switch|p2b: Incineroar|Incineroar, L50, F|100/100\n|-ability|p2b: Incineroar|Intimidate|boost\n|-unboost|p1a: Incineroar|atk|1\n|-unboost|p1b: Farigiraf|atk|1\n|-ability|p1a: Incineroar|Intimidate|boost\n|-unboost|p2a: Farigiraf|atk|1\n|-unboost|p2b: Incineroar|atk|1\n|turn|1\n|\n|t:|1776438368\n|move|p2a: Farigiraf|Helping Hand|p2b: Incineroar\n|-singleturn|p2b: Incineroar|Helping Hand|[of] p2a: Farigiraf\n|move|p2b: Incineroar|Close Combat|p1a: Incineroar\n|-supereffective|p1a: Incineroar|1\n|-damage|p1a: Incineroar|28/100\n|-unboost|p2b: Incineroar|def|1\n|-unboost|p2b: Incineroar|spd|1\n|move|p1a: Incineroar|Throat Chop|p2a: Farigiraf\n|-supereffective|p2a: Farigiraf|1\n|-enditem|p2a: Farigiraf|Colbur Berry|[eat]\n|-enditem|p2a: Farigiraf|Colbur Berry|[weaken]\n|-damage|p2a: Farigiraf|75/100\n|-start|p2a: Farigiraf|Throat Chop|[silent]\n|move|p1b: Farigiraf|Reflect|p1b: Farigiraf\n|-sidestart|p1: OctarineFire|Reflect\n|\n|upkeep\n|turn|2\n|\n|t:|1776438392\n|switch|p1a: Primarina|Primarina, L50, F|100/100\n|move|p2b: Incineroar|Parting Shot|p1a: Primarina\n|-unboost|p1a: Primarina|atk|1\n|-unboost|p1a: Primarina|spa|1\n|\n|t:|1776438397\n|switch|p2b: Venusaur|Venusaur, L50, M|100/100|[from] Parting Shot\n|move|p2a: Farigiraf|Thunderbolt|p1a: Primarina\n|-supereffective|p1a: Primarina|1\n|-damage|p1a: Primarina|46/100\n|-enditem|p1a: Primarina|Sitrus Berry|[eat]\n|-heal|p1a: Primarina|71/100|[from] item: Sitrus Berry\n|move|p1b: Farigiraf|Trick Room|p1b: Farigiraf\n|-fieldstart|move: Trick Room|[of] p1b: Farigiraf\n|\n|-end|p2a: Farigiraf|Throat Chop|[silent]\n|upkeep\n|turn|3\n|\n|t:|1776438414\n|move|p2b: Venusaur|Protect|p2b: Venusaur\n|-singleturn|p2b: Venusaur|Protect\n|move|p1b: Farigiraf|Hyper Voice|p2b: Venusaur|[spread] p2a\n|-activate|p2b: Venusaur|move: Protect\n|-damage|p2a: Farigiraf|35/100\n|move|p1a: Primarina|Flip Turn|p2b: Venusaur\n|-activate|p2b: Venusaur|move: Protect\n|move|p2a: Farigiraf|Thunderbolt|p1a: Primarina\n|-supereffective|p1a: Primarina|1\n|-damage|p1a: Primarina|22/100\n|\n|upkeep\n|turn|4\n|\n|t:|1776438435\n|switch|p2a: Incineroar|Incineroar, L50, F|100/100\n|-ability|p2a: Incineroar|Intimidate|boost\n|-unboost|p1a: Primarina|atk|1\n|-unboost|p1b: Farigiraf|atk|1\n|detailschange|p2b: Venusaur|Venusaur-Mega, L50, M\n|-mega|p2b: Venusaur|Venusaur|Venusaurite\n|move|p1a: Primarina|Flip Turn|p2b: Venusaur\n|-resisted|p2b: Venusaur|1\n|-damage|p2b: Venusaur|97/100\n|\n|t:|1776438443\n|switch|p1a: Incineroar|Incineroar, L50, F|28/100|[from] Flip Turn\n|-ability|p1a: Incineroar|Intimidate|boost\n|-unboost|p2a: Incineroar|atk|1\n|-unboost|p2b: Venusaur|atk|1\n|move|p1b: Farigiraf|Hyper Voice|p2a: Incineroar|[spread] p2a,p2b\n|-damage|p2a: Incineroar|64/100\n|-damage|p2b: Venusaur|53/100\n|move|p2b: Venusaur|Sleep Powder|p1b: Farigiraf\n|-status|p1b: Farigiraf|slp|[from] move: Sleep Powder\n|\n|upkeep\n|turn|5\n|inactive|OctarineFire has 30 seconds left.\n|\n|t:|1776438471\n|switch|p1b: Primarina|Primarina, L50, F|22/100\n|switch|p2a: Farigiraf|Farigiraf, L50, F|35/100\n|move|p1a: Incineroar|Fake Out||[still]\n|cant|p2a: Farigiraf|ability: Armor Tail|Fake Out|[of] p1a: Incineroar\n|move|p2b: Venusaur|Sludge Bomb|p1a: Incineroar\n|-damage|p1a: Incineroar|0 fnt\n|faint|p1a: Incineroar\n|\n|-sideend|p1: OctarineFire|Reflect\n|upkeep\n|\n|t:|1776438482\n|switch|p1a: Tyranitar|Tyranitar, L50, F|100/100\n|-weather|Sandstorm|[from] ability: Sand Stream|[of] p1a: Tyranitar\n|turn|6\n|\n|t:|1776438503\n|switch|p2b: Incineroar|Incineroar, L50, F|64/100\n|-ability|p2b: Incineroar|Intimidate|boost\n|-unboost|p1a: Tyranitar|atk|1\n|-unboost|p1b: Primarina|atk|1\n|detailschange|p1a: Tyranitar|Tyranitar-Mega, L50, F\n|-mega|p1a: Tyranitar|Tyranitar|Tyranitarite\n|move|p1b: Primarina|Ice Beam|p2b: Incineroar\n|-resisted|p2b: Incineroar|1\n|-damage|p2b: Incineroar|49/100\n|move|p2a: Farigiraf|Thunderbolt|p1b: Primarina\n|-supereffective|p1b: Primarina|1\n|-damage|p1b: Primarina|0 fnt\n|faint|p1b: Primarina\n|move|p1a: Tyranitar|Rock Slide|p2b: Incineroar|[spread] p2a,p2b\n|-supereffective|p2b: Incineroar|1\n|-damage|p2a: Farigiraf|10/100\n|-damage|p2b: Incineroar|3/100\n|\n|-weather|Sandstorm|[upkeep]\n|-damage|p2a: Farigiraf|4/100|[from] Sandstorm\n|-damage|p2b: Incineroar|0 fnt|[from] Sandstorm\n|faint|p2b: Incineroar\n|-fieldend|move: Trick Room\n|upkeep\n|\n|t:|1776438521\n|switch|p2b: Venusaur|Venusaur-Mega, L50, M|53/100\n|switch|p1b: Farigiraf|Farigiraf, L50, M|100/100 slp\n|turn|7\n|\n|t:|1776438529\n|switch|p2a: Torkoal|Torkoal, L50, M|100/100\n|-weather|SunnyDay|[from] ability: Drought|[of] p2a: Torkoal\n|move|p1a: Tyranitar|Protect|p1a: Tyranitar\n|-singleturn|p1a: Tyranitar|Protect\n|move|p2b: Venusaur|Giga Drain|p1a: Tyranitar\n|-activate|p1a: Tyranitar|move: Protect\n|cant|p1b: Farigiraf|slp\n|\n|-weather|SunnyDay|[upkeep]\n|upkeep\n|turn|8\n|\n|t:|1776438546\n|-curestatus|p1b: Farigiraf|slp|[msg]\n|move|p1b: Farigiraf|Ally Switch|p1b: Farigiraf\n|swap|p1b: Farigiraf|0|[from] move: Ally Switch\n|move|p2b: Venusaur|Giga Drain|p1a: Farigiraf\n|-damage|p1a: Farigiraf|56/100\n|-heal|p2b: Venusaur|86/100|[from] drain|[of] p1a: Farigiraf\n|move|p1b: Tyranitar|Rock Slide|p2a: Torkoal|[spread] p2a,p2b\n|-supereffective|p2a: Torkoal|1\n|-damage|p2a: Torkoal|63/100\n|-damage|p2b: Venusaur|62/100\n|move|p2a: Torkoal|Solar Beam||[still]\n|-prepare|p2a: Torkoal|Solar Beam\n|-anim|p2a: Torkoal|Solar Beam|p1a: Farigiraf\n|-damage|p1a: Farigiraf|22/100\n|\n|-weather|SunnyDay|[upkeep]\n|upkeep\n|turn|9\n|c|\u2606KogaAF1219|ALLY SWITCH\n|c|\u2606KogaAF1219|I love it\n|inactive|OctarineFire has 30 seconds left.\n|\n|t:|1776438572\n|move|p1b: Tyranitar|Protect|p1b: Tyranitar\n|-singleturn|p1b: Tyranitar|Protect\n|move|p2b: Venusaur|Giga Drain|p1a: Farigiraf\n|-damage|p1a: Farigiraf|0 fnt\n|-heal|p2b: Venusaur|78/100|[from] drain|[of] p1a: Farigiraf\n|faint|p1a: Farigiraf\n|move|p2a: Torkoal|Solar Beam||[still]\n|-prepare|p2a: Torkoal|Solar Beam\n|-anim|p2a: Torkoal|Solar Beam|p1b: Tyranitar\n|-activate|p1b: Tyranitar|move: Protect\n|\n|-weather|SunnyDay|[upkeep]\n|upkeep\n|turn|10\n|c|\u2606OctarineFire|I've had a lot of fun with it\n|\n|t:|1776438586\n|move|p2b: Venusaur|Giga Drain|p1b: Tyranitar\n|-supereffective|p1b: Tyranitar|1\n|-damage|p1b: Tyranitar|42/100\n|-heal|p2b: Venusaur|100/100|[from] drain|[of] p1b: Tyranitar\n|move|p1b: Tyranitar|Rock Slide|p2a: Torkoal|[spread] p2b\n|-miss|p1b: Tyranitar|p2a: Torkoal\n|-damage|p2b: Venusaur|75/100\n|move|p2a: Torkoal|Solar Beam||[still]\n|-prepare|p2a: Torkoal|Solar Beam\n|-anim|p2a: Torkoal|Solar Beam|p1b: Tyranitar\n|-supereffective|p1b: Tyranitar|1\n|-damage|p1b: Tyranitar|0 fnt\n|faint|p1b: Tyranitar\n|\n|win|KogaAF1219\n|raw|OctarineFire's rating: 1417 &rarr; <strong>1400</strong><br />(-17 for losing)\n|raw|KogaAF1219's rating: 1475 &rarr; <strong>1492</strong><br />(+17 for winning)\n|c|\u2606OctarineFire|gg\n|l|\u2606OctarineFire\n|player|p1|\n|c|\u2606KogaAF1219|I used to use it all the time with like torkoal and uxie back in sword and shield\n|c|\u2606KogaAF1219|Ggs\n",
  "uploadtime": 1776438619,
  "views": 42,
  "formatid": "gen9championsvgc2026regma",
  "rating": 1400,
  "private": 0,
  "password": null
}