{
  "id": "gen9championsvgc2026regma-2588059245",
  "format": "[Gen 9 Champions] VGC 2026 Reg M-A",
  "players": [
    "ppyyy-inertia",
    "showwell"
  ],
  "log": "|j|\u2606ppyyy-inertia\n|j|\u2606showwell\n|html|<table width=\"100%\"><tr><td align=\"left\">ppyyy-inertia</td><td align=\"right\">showwell</tr><tr><td align=\"left\"><i class=\"fa fa-circle\"></i> <i class=\"fa fa-circle-o\"></i> </td><td align=\"right\"><i class=\"fa fa-circle-o\"></i> <i class=\"fa fa-circle-o\"></i> </tr></table>\n|uhtml|bestof|<h2><strong>Game 2</strong> of <a href=\"/game-bestof3-gen9championsvgc2026regma-2588055856\">a best-of-3</a></h2>\n|t:|1776599318\n|gametype|doubles\n|player|p1|ppyyy-inertia|elesa-gen5bw2|\n|player|p2|showwell|cynthia-gen4|\n|gen|9\n|tier|[Gen 9 Champions] VGC 2026 Reg M-A\n|rated|Tournament battle\n|rule|Species Clause: Limit one of each Pok\u00e9mon\n|rule|Item Clause: Limit 1 of each item\n|raw|<div class=\"infobox\"><details class=\"readmore\" open><summary><strong>2 custom rules:</strong></summary> Force Open Team Sheets, Best of = 3</details></div>\n|clearpoke\n|poke|p1|Incineroar, L50, F|\n|poke|p1|Floette-Eternal, L50, F, shiny|\n|poke|p1|Zoroark-Hisui, L50, M, shiny|\n|poke|p1|Tinkaton, L50, F, shiny|\n|poke|p1|Dragonite, L50, F, shiny|\n|poke|p1|Tsareena, L50, F, shiny|\n|poke|p2|Floette-Eternal, L50, F|\n|poke|p2|Sneasler, L50, F|\n|poke|p2|Basculegion, L50, M|\n|poke|p2|Kingambit, L50, F|\n|poke|p2|Aerodactyl, L50, M|\n|poke|p2|Sableye, L50, M|\n|teampreview|4\n|showteam|p1|Incineroar||SitrusBerry|Intimidate|FakeOut,FlareBlitz,ThroatChop,PartingShot|||F|||50|]Floette-Eternal||Floettite|FlowerVeil|Moonblast,DazzlingGleam,CalmMind,Protect|||F|||50|]Zoroark-Hisui||FocusSash|Illusion|ShadowBall,IcyWind,WillOWisp,Protect|||M|||50|]Tinkaton||ShucaBerry|OwnTempo|FakeOut,GigatonHammer,Feint,PlayRough|||F|||50|]Dragonite||DragonFang|Multiscale|ScaleShot,Haze,Tailwind,Protect|||F|||50|]Tsareena||OccaBerry|QueenlyMajesty|TropKick,LowKick,HelpingHand,Protect|||F|||50|\n|showteam|p2|Floette-Eternal||Floettite|FlowerVeil|CalmMind,DrainingKiss,DazzlingGleam,Protect|||F|||50|]Sneasler||WhiteHerb|Unburden|FakeOut,DireClaw,CloseCombat,Protect|||F|||50|]Basculegion||ChoiceScarf|Adaptability|LastRespects,WaveCrash,FlipTurn,AquaJet|||M|||50|]Kingambit||ChopleBerry|Defiant|SuckerPunch,KowtowCleave,LowKick,Protect|||F|||50|]Aerodactyl||FocusSash|RockHead|DualWingbeat,RockSlide,Tailwind,Protect|||M|||50|]Sableye||SitrusBerry|Prankster|LightScreen,Reflect,Encore,Disable|||M|||50|\n|j| hazima\n|j| giftedyew\n|j| Guzmada\n|\n|t:|1776599354\n|teamsize|p1|4\n|teamsize|p2|4\n|start\n|switch|p1a: Floette|Floette-Eternal, L50, F, shiny|100/100\n|switch|p1b: Tinkaton|Tinkaton, L50, F, shiny|100/100\n|switch|p2a: Sableye|Sableye, L50, M|100/100\n|switch|p2b: Floette|Floette-Eternal, L50, F|100/100\n|turn|1\n|\n|t:|1776599378\n|detailschange|p2b: Floette|Floette-Mega, L50, F\n|-mega|p2b: Floette|Floette|Floettite\n|-ability|p2b: Floette|Fairy Aura\n|detailschange|p1a: Floette|Floette-Mega, L50, F, shiny\n|-mega|p1a: Floette|Floette|Floettite\n|-ability|p1a: Floette|Fairy Aura\n|move|p1b: Tinkaton|Feint|p2b: Floette\n|-crit|p2b: Floette\n|-damage|p2b: Floette|91/100\n|move|p2a: Sableye|Light Screen|p2a: Sableye\n|-sidestart|p2: showwell|move: Light Screen\n|move|p2b: Floette|Calm Mind|p2b: Floette\n|-boost|p2b: Floette|spa|1\n|-boost|p2b: Floette|spd|1\n|move|p1a: Floette|Dazzling Gleam|p2a: Sableye|[spread] p2a,p2b\n|-supereffective|p2a: Sableye|1\n|-damage|p2a: Sableye|42/100\n|-damage|p2b: Floette|77/100\n|-enditem|p2a: Sableye|Sitrus Berry|[eat]\n|-heal|p2a: Sableye|67/100|[from] item: Sitrus Berry\n|\n|upkeep\n|turn|2\n|j|@llefface\n|\n|t:|1776599417\n|move|p2a: Sableye|Disable|p1a: Floette\n|-start|p1a: Floette|Disable|Dazzling Gleam\n|move|p2b: Floette|Dazzling Gleam|p1a: Floette|[spread] p1a,p1b\n|-resisted|p1b: Tinkaton|1\n|-damage|p1a: Floette|59/100\n|-damage|p1b: Tinkaton|72/100\n|move|p1a: Floette|Moonblast|p2a: Sableye\n|-supereffective|p2a: Sableye|1\n|-damage|p2a: Sableye|0 fnt\n|faint|p2a: Sableye\n|move|p1b: Tinkaton|Gigaton Hammer|p2b: Floette\n|-supereffective|p2b: Floette|1\n|-damage|p2b: Floette|0 fnt\n|faint|p2b: Floette\n|\n|upkeep\n|inactive|Battle timer is ON: inactive players will automatically lose when time's up. (requested by ppyyy-inertia)\n|\n|t:|1776599446\n|switch|p2b: Basculegion|Basculegion, L50, M|100/100\n|switch|p2a: Aerodactyl|Aerodactyl, L50, M|100/100\n|turn|3\n|inactive|showwell has 30 seconds left.\n|j| reanschawrzer\n|inactive|showwell has 20 seconds left.\n|inactive|showwell has 15 seconds left.\n|inactive|showwell has 10 seconds left.\n|inactive|showwell has 5 seconds left.\n|\n|t:|1776599497\n|switch|p1a: Floette|Floette-Mega, L50, F, shiny|100/100\n|switch|p1b: Incineroar|Incineroar, L50, F|100/100\n|-ability|p1b: Incineroar|Intimidate|boost\n|-unboost|p2a: Aerodactyl|atk|1\n|-unboost|p2b: Basculegion|atk|1\n|move|p2a: Aerodactyl|Rock Slide|p1b: Incineroar|[spread] p1a,p1b\n|-supereffective|p1b: Incineroar|1\n|-damage|p1a: Floette|67/100\n|-damage|p1b: Incineroar|76/100\n|replace|p1a: Zoroark|Zoroark-Hisui, L50, M, shiny\n|-end|p1a: Zoroark|Illusion\n|move|p2b: Basculegion|Last Respects|p1a: Zoroark\n|-immune|p1a: Zoroark\n|\n|upkeep\n|turn|4\n|\n|t:|1776599513\n|move|p1b: Incineroar|Fake Out|p2a: Aerodactyl\n|-resisted|p2a: Aerodactyl|1\n|-damage|p2a: Aerodactyl|92/100\n|cant|p2a: Aerodactyl|flinch\n|move|p2b: Basculegion|Last Respects|p1b: Incineroar\n|-resisted|p1b: Incineroar|1\n|-damage|p1b: Incineroar|52/100\n|move|p1a: Zoroark|Shadow Ball|p2b: Basculegion\n|-supereffective|p2b: Basculegion|1\n|-damage|p2b: Basculegion|43/100\n|\n|upkeep\n|turn|5\n|\n|t:|1776599522\n|move|p2a: Aerodactyl|Rock Slide|p1a: Zoroark|[spread] p1a,p1b\n|-supereffective|p1b: Incineroar|1\n|-damage|p1a: Zoroark|33/100\n|-damage|p1b: Incineroar|27/100\n|-enditem|p1b: Incineroar|Sitrus Berry|[eat]\n|-heal|p1b: Incineroar|52/100|[from] item: Sitrus Berry\n|move|p2b: Basculegion|Last Respects|p1b: Incineroar\n|-resisted|p1b: Incineroar|1\n|-damage|p1b: Incineroar|27/100\n|move|p1a: Zoroark|Shadow Ball|p2b: Basculegion\n|-supereffective|p2b: Basculegion|1\n|-damage|p2b: Basculegion|0 fnt\n|faint|p2b: Basculegion\n|cant|p1b: Incineroar|flinch\n|\n|-sideend|p2: showwell|move: Light Screen\n|upkeep\n|turn|6\n|\n|t:|1776599529\n|switch|p1a: Floette|Floette-Mega, L50, F, shiny|59/100\n|-ability|p1a: Floette|Fairy Aura\n|switch|p1b: Tinkaton|Tinkaton, L50, F, shiny|72/100\n|move|p2a: Aerodactyl|Rock Slide|p1a: Floette|[spread] p1a,p1b\n|-resisted|p1b: Tinkaton|1\n|-damage|p1a: Floette|46/100\n|-damage|p1b: Tinkaton|65/100\n|\n|upkeep\n|turn|7\n|\n|t:|1776599544\n|switch|p1a: Incineroar|Incineroar, L50, F|27/100\n|-ability|p1a: Incineroar|Intimidate|boost\n|-unboost|p2a: Aerodactyl|atk|1\n|move|p2a: Aerodactyl|Rock Slide|p1a: Incineroar|[spread] p1a,p1b\n|-supereffective|p1a: Incineroar|1\n|-resisted|p1b: Tinkaton|1\n|-damage|p1a: Incineroar|9/100\n|-damage|p1b: Tinkaton|59/100\n|cant|p1b: Tinkaton|flinch\n|\n|upkeep\n|turn|8\n|-message|showwell forfeited.\n|\n|win|ppyyy-inertia\n|l|\u2606showwell\n|player|p2|\n|l| giftedyew\n",
  "uploadtime": 1776599554,
  "views": 8,
  "formatid": "gen9championsvgc2026regma",
  "rating": null,
  "private": 0,
  "password": null
}