{
  "id": "gen9championsvgc2026regma-2585884188",
  "format": "[Gen 9 Champions] VGC 2026 Reg M-A",
  "players": [
    "vaquilla89",
    "KilamanolaVGC"
  ],
  "log": "|j|\u2606vaquilla89\n|j|\u203dKilamanolaVGC\n|t:|1776378273\n|gametype|doubles\n|player|p1|vaquilla89|169|1283\n|player|p2|KilamanolaVGC|benga|1232\n|gen|9\n|tier|[Gen 9 Champions] VGC 2026 Reg M-A\n|rated|\n|rule|Species Clause: Limit one of each Pok\u00e9mon\n|rule|Item Clause: Limit 1 of each item\n|clearpoke\n|poke|p1|Aegislash, L50, F|\n|poke|p1|Talonflame, L50, F|\n|poke|p1|Incineroar, L50, M|\n|poke|p1|Garchomp, L50, F|\n|poke|p1|Rotom-Wash, L50|\n|poke|p1|Floette-Eternal, L50, F|\n|poke|p2|Floette-Eternal, L50, F|\n|poke|p2|Garchomp, L50, M|\n|poke|p2|Aerodactyl, L50, M|\n|poke|p2|Kingambit, L50, F|\n|poke|p2|Charizard, L50, M|\n|poke|p2|Sneasler, L50, M|\n|teampreview|4\n|inactive|Battle timer is ON: inactive players will automatically lose when time's up. (requested by KilamanolaVGC)\n|inactive|vaquilla89 has 60 seconds left.\n|inactive|KilamanolaVGC has 60 seconds left.\n|\n|t:|1776378311\n|teamsize|p1|4\n|teamsize|p2|4\n|start\n|switch|p1a: Talonflame|Talonflame, L50, F|100/100\n|switch|p1b: Garchomp|Garchomp, L50, F|100/100\n|switch|p2a: Sneasler|Sneasler, L50, M, shiny|100/100\n|switch|p2b: Aerodactyl|Aerodactyl, L50, M|100/100\n|-ability|p2b: Aerodactyl|Unnerve\n|turn|1\n|\n|t:|1776378323\n|move|p1a: Talonflame|Protect|p1a: Talonflame\n|-singleturn|p1a: Talonflame|Protect\n|move|p2b: Aerodactyl|Tailwind|p2b: Aerodactyl\n|-sidestart|p2: KilamanolaVGC|move: Tailwind\n|move|p2a: Sneasler|Dire Claw|p1a: Talonflame\n|-activate|p1a: Talonflame|move: Protect\n|move|p1b: Garchomp|Rock Slide|p2a: Sneasler|[spread] p2a,p2b\n|-resisted|p2a: Sneasler|1\n|-supereffective|p2b: Aerodactyl|1\n|-damage|p2a: Sneasler|83/100\n|-damage|p2b: Aerodactyl|36/100\n|\n|upkeep\n|turn|2\n|\n|t:|1776378349\n|move|p1a: Talonflame|Tailwind|p1a: Talonflame\n|-sidestart|p1: vaquilla89|move: Tailwind\n|move|p2b: Aerodactyl|Rock Slide|p1a: Talonflame|[spread] \n|-miss|p2b: Aerodactyl|p1a: Talonflame\n|-miss|p2b: Aerodactyl|p1b: Garchomp\n|move|p2a: Sneasler|Close Combat|p1b: Garchomp\n|-crit|p1b: Garchomp\n|-damage|p1b: Garchomp|22/100\n|-unboost|p2a: Sneasler|def|1\n|-unboost|p2a: Sneasler|spd|1\n|-damage|p2a: Sneasler|71/100|[from] ability: Rough Skin|[of] p1b: Garchomp\n|-enditem|p2a: Sneasler|White Herb\n|-clearnegativeboost|p2a: Sneasler|[silent]\n|move|p1b: Garchomp|Earthquake|p2a: Sneasler|[spread] p2a\n|-immune|p1a: Talonflame\n|-immune|p2b: Aerodactyl\n|-supereffective|p2a: Sneasler|1\n|-damage|p2a: Sneasler|0 fnt\n|faint|p2a: Sneasler\n|\n|upkeep\n|\n|t:|1776378358\n|switch|p2a: Floette|Floette-Eternal, L50, F|100/100\n|turn|3\n|\n|t:|1776378383\n|detailschange|p2a: Floette|Floette-Mega, L50, F\n|-mega|p2a: Floette|Floette|Floettite\n|-ability|p2a: Floette|Fairy Aura\n|move|p1a: Talonflame|Acrobatics|p2b: Aerodactyl\n|-resisted|p2b: Aerodactyl|1\n|-damage|p2b: Aerodactyl|4/100\n|move|p2b: Aerodactyl|Rock Slide|p1a: Talonflame|[spread] p1a\n|-miss|p2b: Aerodactyl|p1b: Garchomp\n|-supereffective|p1a: Talonflame|2\n|-damage|p1a: Talonflame|0 fnt\n|faint|p1a: Talonflame\n|move|p2a: Floette|Dazzling Gleam|p1b: Garchomp\n|-supereffective|p1b: Garchomp|1\n|-damage|p1b: Garchomp|0 fnt\n|faint|p1b: Garchomp\n|\n|upkeep\n|\n|t:|1776378397\n|switch|p1a: Incineroar|Incineroar, L50, M|100/100\n|switch|p1b: Aegislash|Aegislash, L50, F|100/100\n|-ability|p1a: Incineroar|Intimidate|boost\n|-unboost|p2a: Floette|atk|1\n|-unboost|p2b: Aerodactyl|atk|1\n|turn|4\n|\n|t:|1776378409\n|switch|p2a: Kingambit|Kingambit, L50, F, shiny|100/100\n|move|p2b: Aerodactyl|Protect|p2b: Aerodactyl\n|-singleturn|p2b: Aerodactyl|Protect\n|move|p1a: Incineroar|Fake Out|p2b: Aerodactyl\n|-activate|p2b: Aerodactyl|move: Protect\n|-formechange|p1b: Aegislash|Aegislash-Blade|\n|move|p1b: Aegislash|Iron Head|p2a: Kingambit\n|-resisted|p2a: Kingambit|1\n|-damage|p2a: Kingambit|83/100\n|\n|-sideend|p2: KilamanolaVGC|move: Tailwind\n|upkeep\n|turn|5\n|\n|t:|1776378426\n|switch|p2b: Floette|Floette-Mega, L50, F|100/100\n|-ability|p2b: Floette|Fairy Aura\n|move|p1b: Aegislash|Shadow Sneak|p2b: Floette\n|-damage|p2b: Floette|62/100\n|move|p1a: Incineroar|Flare Blitz|p2a: Kingambit\n|-supereffective|p2a: Kingambit|1\n|-damage|p2a: Kingambit|7/100\n|-damage|p1a: Incineroar|75/100|[from] Recoil\n|move|p2a: Kingambit|Kowtow Cleave|p1b: Aegislash\n|-supereffective|p1b: Aegislash|1\n|-damage|p1b: Aegislash|0 fnt\n|faint|p1b: Aegislash\n|\n|-heal|p1a: Incineroar|81/100|[from] item: Leftovers\n|-sideend|p1: vaquilla89|move: Tailwind\n|upkeep\n|turn|6\n|\n|t:|1776378442\n|move|p2a: Kingambit|Sucker Punch|p1a: Incineroar\n|-resisted|p1a: Incineroar|1\n|-damage|p1a: Incineroar|61/100\n|move|p2b: Floette|Moonblast|p1a: Incineroar\n|-damage|p1a: Incineroar|0 fnt\n|faint|p1a: Incineroar\n|\n|win|KilamanolaVGC\n|raw|vaquilla89's rating: 1283 &rarr; <strong>1254</strong><br />(-29 for losing)\n|raw|KilamanolaVGC's rating: 1232 &rarr; <strong>1261</strong><br />(+29 for winning)\n|l|\u2606vaquilla89\n|player|p1|\n",
  "uploadtime": 1776378466,
  "views": 42,
  "formatid": "gen9championsvgc2026regma",
  "rating": 1254,
  "private": 0,
  "password": null
}