{
  "id": "gen9championsvgc2026regma-2582951050",
  "format": "[Gen 9 Champions] VGC 2026 Reg M-A",
  "players": [
    "FunkleVGC",
    "onetworock"
  ],
  "log": "|j|\u2606FunkleVGC\n|j|\u2606onetworock\n|t:|1776127818\n|gametype|doubles\n|player|p1|FunkleVGC|fisherman-gen4|1097\n|player|p2|onetworock|2|1000\n|gen|9\n|tier|[Gen 9 Champions] VGC 2026 Reg M-A\n|rated|\n|rule|Species Clause: Limit one of each Pok\u00e9mon\n|rule|Item Clause: Limit 1 of each item\n|clearpoke\n|poke|p1|Pelipper, L50, F|\n|poke|p1|Basculegion, L50, M|\n|poke|p1|Dragonite, L50, M|\n|poke|p1|Incineroar, L50, M|\n|poke|p1|Aggron, L50, M|\n|poke|p1|Sinistcha, L50|\n|poke|p2|Incineroar, L50, M|\n|poke|p2|Starmie, L50|\n|poke|p2|Pelipper, L50, F|\n|poke|p2|Tsareena, L50, F|\n|poke|p2|Archaludon, L50, M|\n|poke|p2|Basculegion, L50, M|\n|teampreview|4\n|inactive|Battle timer is ON: inactive players will automatically lose when time's up. (requested by FunkleVGC)\nonetworock rejected open team sheets.\n|inactive|onetworock has 60 seconds left.\n|\n|t:|1776127867\n|teamsize|p1|4\n|teamsize|p2|4\n|start\n|switch|p1a: Dragonite|Dragonite, L50, M|100/100\n|switch|p1b: Pelipper|Pelipper, L50, F, shiny|100/100\n|switch|p2a: Incineroar|Incineroar, L50, M|100/100\n|switch|p2b: Pelipper|Pelipper, L50, F|100/100\n|-weather|RainDance|[from] ability: Drizzle|[of] p1b: Pelipper\n|-ability|p2a: Incineroar|Intimidate|boost\n|-fail|p1a: Dragonite|unboost|Attack|[from] ability: Inner Focus|[of] p1a: Dragonite\n|-unboost|p1b: Pelipper|atk|1\n|turn|1\n|\n|t:|1776127888\n|switch|p2a: Starmie|Starmie, L50|100/100\n|move|p1a: Dragonite|Thunder|p2b: Pelipper\n|-supereffective|p2b: Pelipper|2\n|-enditem|p2b: Pelipper|Focus Sash\n|-damage|p2b: Pelipper|1/100\n|move|p1b: Pelipper|Tailwind|p1b: Pelipper\n|-sidestart|p1: FunkleVGC|move: Tailwind\n|move|p2b: Pelipper|Tailwind|p2b: Pelipper\n|-sidestart|p2: onetworock|move: Tailwind\n|\n|-weather|RainDance|[upkeep]\n|upkeep\n|turn|2\n|\n|t:|1776127913\n|detailschange|p2a: Starmie|Starmie-Mega, L50\n|-mega|p2a: Starmie|Starmie|Starminite\n|detailschange|p1a: Dragonite|Dragonite-Mega, L50, M\n|-mega|p1a: Dragonite|Dragonite|Dragoninite\n|move|p2b: Pelipper|Protect|p2b: Pelipper\n|-singleturn|p2b: Pelipper|Protect\n|move|p1a: Dragonite|Thunder|p2a: Starmie\n|-supereffective|p2a: Starmie|1\n|-damage|p2a: Starmie|8/100\n|move|p2a: Starmie|Ice Spinner|p1a: Dragonite\n|-supereffective|p1a: Dragonite|2\n|-damage|p1a: Dragonite|8/100\n|move|p1b: Pelipper|Weather Ball|p2b: Pelipper\n|-activate|p2b: Pelipper|move: Protect\n|\n|-weather|RainDance|[upkeep]\n|upkeep\n|turn|3\n|inactive|onetworock has 30 seconds left.\n|\n|t:|1776127944\n|move|p2a: Starmie|Protect|p2a: Starmie\n|-singleturn|p2a: Starmie|Protect\n|move|p1a: Dragonite|Hurricane|p2a: Starmie\n|-activate|p2a: Starmie|move: Protect\n|move|p1b: Pelipper|Weather Ball|p2b: Pelipper\n|-resisted|p2b: Pelipper|1\n|-damage|p2b: Pelipper|0 fnt\n|faint|p2b: Pelipper\n|\n|-weather|RainDance|[upkeep]\n|upkeep\n|\n|t:|1776127966\n|switch|p2b: Archaludon|Archaludon, L50, M|100/100\n|turn|4\n|\n|t:|1776127981\n|switch|p2a: Incineroar|Incineroar, L50, M|100/100\n|-ability|p2a: Incineroar|Intimidate|boost\n|-unboost|p1a: Dragonite|atk|1\n|-unboost|p1b: Pelipper|atk|1\n|move|p1a: Dragonite|Draco Meteor|p2b: Archaludon\n|-damage|p2b: Archaludon|3/100\n|-unboost|p1a: Dragonite|spa|2\n|move|p1b: Pelipper|Weather Ball|p2a: Incineroar\n|-supereffective|p2a: Incineroar|1\n|-damage|p2a: Incineroar|0 fnt\n|faint|p2a: Incineroar\n|move|p2b: Archaludon|Flash Cannon|p1a: Dragonite\n|-damage|p1a: Dragonite|0 fnt\n|faint|p1a: Dragonite\n|\n|-weather|RainDance|[upkeep]\n|-sideend|p1: FunkleVGC|move: Tailwind\n|-sideend|p2: onetworock|move: Tailwind\n|upkeep\n|inactive|FunkleVGC has 30 seconds left.\n|\n|t:|1776128013\n|switch|p1a: Basculegion|Basculegion, L50, M|100/100\n|switch|p2a: Starmie|Starmie-Mega, L50|8/100\n|turn|5\n|\n|t:|1776128026\n|move|p1a: Basculegion|Wave Crash|p2a: Starmie\n|-resisted|p2a: Starmie|1\n|-damage|p2a: Starmie|0 fnt\n|faint|p2a: Starmie\n|-damage|p1a: Basculegion|98/100|[from] Recoil\n|move|p1b: Pelipper|Weather Ball|p2b: Archaludon\n|-resisted|p2b: Archaludon|1\n|-damage|p2b: Archaludon|0 fnt\n|faint|p2b: Archaludon\n|\n|win|FunkleVGC\n|raw|FunkleVGC's rating: 1097 &rarr; <strong>1116</strong><br />(+19 for winning)\n|raw|onetworock's rating: 1000 &rarr; <strong>1000</strong><br />(+0 for losing)\n",
  "uploadtime": 1776128026,
  "views": 11,
  "formatid": "gen9championsvgc2026regma",
  "rating": 1000,
  "private": 0,
  "password": null
}