{
  "id": "gen9championsvgc2026regma-2582768812",
  "format": "[Gen 9 Champions] VGC 2026 Reg M-A",
  "players": [
    "NotTheRealAdo",
    "notchopsticks"
  ],
  "log": "|j|\u2606NotTheRealAdo\n|j|\u2606notchopsticks\n|t:|1776112783\n|gametype|doubles\n|player|p1|NotTheRealAdo|karen|1169\n|player|p2|notchopsticks|teamrocket|1083\n|gen|9\n|tier|[Gen 9 Champions] VGC 2026 Reg M-A\n|rated|\n|rule|Species Clause: Limit one of each Pok\u00e9mon\n|rule|Item Clause: Limit 1 of each item\n|clearpoke\n|poke|p1|Floette-Eternal, L50, F|\n|poke|p1|Incineroar, L50, F|\n|poke|p1|Garchomp, L50, F|\n|poke|p1|Sneasler, L50, F|\n|poke|p1|Rotom-Wash, L50|\n|poke|p1|Aerodactyl, L50, M|\n|poke|p2|Pelipper, L50, F|\n|poke|p2|Archaludon, L50, M|\n|poke|p2|Sinistcha, L50|\n|poke|p2|Basculegion, L50, M|\n|poke|p2|Garchomp, L50, M|\n|poke|p2|Orthworm, L50, F|\n|teampreview|4\nnotchopsticks rejected open team sheets.\n|inactive|Battle timer is ON: inactive players will automatically lose when time's up. (requested by notchopsticks)\n|\n|t:|1776112851\n|teamsize|p1|4\n|teamsize|p2|4\n|start\n|switch|p1a: Rotom|Rotom-Wash, L50|100/100\n|switch|p1b: Garchomp|Garchomp, L50, F|100/100\n|switch|p2a: Sinistcha|Sinistcha, L50|100/100\n|switch|p2b: Orthworm|Orthworm, L50, F|100/100\n|turn|1\n|inactive|NotTheRealAdo has 30 seconds left.\n|\n|t:|1776112881\n|move|p2a: Sinistcha|Rage Powder|p2a: Sinistcha\n|-singleturn|p2a: Sinistcha|move: Rage Powder\n|move|p1a: Rotom|Electroweb|p2a: Sinistcha|[spread] p2a,p2b\n|-resisted|p2a: Sinistcha|1\n|-damage|p2a: Sinistcha|91/100\n|-damage|p2b: Orthworm|72/100\n|-unboost|p2a: Sinistcha|spe|1\n|-unboost|p2b: Orthworm|spe|1\n|move|p1b: Garchomp|Earthquake|p2a: Sinistcha|[spread] p2a\n|-heal|p2b: Orthworm|96/100|[from] ability: Earth Eater|[of] p1b: Garchomp\n|-immune|p1a: Rotom|[from] ability: Levitate\n|-resisted|p2a: Sinistcha|1\n|-damage|p2a: Sinistcha|68/100\n|move|p2b: Orthworm|Shed Tail|p2b: Orthworm\n|-start|p2b: Orthworm|Substitute|[from] move: Shed Tail\n|-damage|p2b: Orthworm|46/100\n|\n|t:|1776112895\n|switch|p2b: Garchomp|Garchomp, L50, M|100/100|[from] Shed Tail\n|\n|upkeep\n|turn|2\n|\n|t:|1776112914\n|switch|p1a: Incineroar|Incineroar, L50, F|100/100\n|-ability|p1a: Incineroar|Intimidate|boost\n|-unboost|p2a: Sinistcha|atk|1\n|-immune|p2b: Garchomp\n|switch|p1b: Mary Poppins|Floette-Eternal, L50, F|100/100\n|move|p2a: Sinistcha|Rage Powder|p2a: Sinistcha\n|-singleturn|p2a: Sinistcha|move: Rage Powder\n|move|p2b: Garchomp|Swords Dance|p2b: Garchomp\n|-boost|p2b: Garchomp|atk|2\n|\n|upkeep\n|turn|3\n|\n|t:|1776112936\n|move|p1b: Mary Poppins|Protect|p1b: Mary Poppins\n|-singleturn|p1b: Mary Poppins|Protect\n|move|p2a: Sinistcha|Protect|p2a: Sinistcha\n|-singleturn|p2a: Sinistcha|Protect\n|move|p2b: Garchomp|Earthquake|p1b: Mary Poppins|[spread] p1a\n|-activate|p2a: Sinistcha|move: Protect\n|-activate|p1b: Mary Poppins|move: Protect\n|-supereffective|p1a: Incineroar|1\n|-damage|p1a: Incineroar|0 fnt\n|faint|p1a: Incineroar\n|\n|upkeep\n|\n|t:|1776112945\n|switch|p1a: Rotom|Rotom-Wash, L50|100/100\n|turn|4\n|\n|t:|1776112965\n|detailschange|p1b: Mary Poppins|Floette-Mega, L50, F\n|-mega|p1b: Mary Poppins|Floette|Floettite\n|-ability|p1b: Mary Poppins|Fairy Aura\n|move|p1a: Rotom|Hydro Pump|p2b: Garchomp\n|-end|p2b: Garchomp|Substitute\n|move|p2b: Garchomp|Swords Dance|p2b: Garchomp\n|-boost|p2b: Garchomp|atk|2\n|move|p1b: Mary Poppins|Dazzling Gleam|p2b: Garchomp|[spread] p2a,p2b\n|-supereffective|p2b: Garchomp|1\n|-damage|p2a: Sinistcha|8/100\n|-damage|p2b: Garchomp|2/100\n|move|p2a: Sinistcha|Matcha Gotcha|p1a: Rotom|[spread] \n|-miss|p2a: Sinistcha|p1a: Rotom\n|-miss|p2a: Sinistcha|p1b: Mary Poppins\n|\n|upkeep\n|turn|5\n|inactive|NotTheRealAdo has 30 seconds left.\n|inactive|notchopsticks has 30 seconds left.\n|c|\u2606notchopsticks|i do not think i have ever hit matcha gotcha\n|inactive|notchopsticks has 20 seconds left.\n|inactive|notchopsticks has 15 seconds left.\n|inactive|notchopsticks has 10 seconds left.\n|\n|t:|1776113011\n|switch|p2a: Pelipper|Pelipper, L50, F|100/100\n|-weather|RainDance|[from] ability: Drizzle|[of] p2a: Pelipper\n|move|p1b: Mary Poppins|Protect|p1b: Mary Poppins\n|-singleturn|p1b: Mary Poppins|Protect\n|move|p1a: Rotom|Hydro Pump|p2a: Pelipper\n|-resisted|p2a: Pelipper|1\n|-damage|p2a: Pelipper|45/100\n|-enditem|p2a: Pelipper|Sitrus Berry|[eat]\n|-heal|p2a: Pelipper|69/100|[from] item: Sitrus Berry\n|move|p2b: Garchomp|Earthquake|p1a: Rotom|[spread] \n|-activate|p1b: Mary Poppins|move: Protect\n|-immune|p2a: Pelipper\n|-immune|p1a: Rotom|[from] ability: Levitate\n|\n|-weather|RainDance|[upkeep]\n|upkeep\n|turn|6\n|\n|t:|1776113035\n|move|p1a: Rotom|Hydro Pump|p2b: Garchomp\n|-crit|p2b: Garchomp\n|-damage|p2b: Garchomp|0 fnt\n|faint|p2b: Garchomp\n|move|p1b: Mary Poppins|Dazzling Gleam|p2a: Pelipper\n|-damage|p2a: Pelipper|0 fnt\n|faint|p2a: Pelipper\n|\n|-weather|RainDance|[upkeep]\n|upkeep\n|-message|notchopsticks forfeited.\n|\n|win|NotTheRealAdo\n|raw|NotTheRealAdo's rating: 1169 &rarr; <strong>1188</strong><br />(+19 for winning)\n|raw|notchopsticks's rating: 1083 &rarr; <strong>1066</strong><br />(-17 for losing)\n|l|\u2606notchopsticks\n|player|p2|\n|c|\u2606NotTheRealAdo|ggs\n",
  "uploadtime": 1776113063,
  "views": 16,
  "formatid": "gen9championsvgc2026regma",
  "rating": 1066,
  "private": 0,
  "password": null
}