{
  "id": "gen9championsvgc2026regma-2587875242",
  "format": "[Gen 9 Champions] VGC 2026 Reg M-A",
  "players": [
    "bassv991",
    "Sethwell"
  ],
  "log": "|j|\u2606bassv991\n|j|\u2606Sethwell\n|t:|1776573353\n|gametype|doubles\n|player|p1|bassv991|266|1572\n|player|p2|Sethwell|blue|1663\n|gen|9\n|tier|[Gen 9 Champions] VGC 2026 Reg M-A\n|rated|\n|rule|Species Clause: Limit one of each Pok\u00e9mon\n|rule|Item Clause: Limit 1 of each item\n|clearpoke\n|poke|p1|Gengar, L50, M|\n|poke|p1|Sneasler, L50, M|\n|poke|p1|Pelipper, L50, M|\n|poke|p1|Basculegion, L50, M|\n|poke|p1|Scovillain, L50, F|\n|poke|p1|Kingambit, L50, M|\n|poke|p2|Blastoise, L50, F|\n|poke|p2|Whimsicott, L50, F|\n|poke|p2|Incineroar, L50, M|\n|poke|p2|Sneasler, L50, F|\n|poke|p2|Kingambit, L50, F|\n|poke|p2|Sinistcha, L50|\n|teampreview|4\n|inactive|Battle timer is ON: inactive players will automatically lose when time's up. (requested by Sethwell)\n|inactive|bassv991 has 60 seconds left.\n|inactive|Sethwell has 60 seconds left.\n|\n|t:|1776573404\n|teamsize|p1|4\n|teamsize|p2|4\n|start\n|switch|p1a: Kingambit|Kingambit, L50, M|100/100\n|switch|p1b: Scovillain|Scovillain, L50, F|100/100\n|switch|p2a: Sinistcha|Sinistcha, L50|100/100\n|switch|p2b: Kingambit|Kingambit, L50, F|100/100\n|turn|1\n|inactive|Sethwell has 30 seconds left.\n|inactive|bassv991 has 30 seconds left.\n|inactive|Sethwell has 20 seconds left.\n|inactive|Sethwell has 15 seconds left.\n|inactive|Sethwell has 10 seconds left.\n|\n|t:|1776573450\n|switch|p2b: Incineroar|Incineroar, L50, M|100/100\n|-ability|p2b: Incineroar|Intimidate|boost\n|-unboost|p1a: Kingambit|atk|1\n|-ability|p1a: Kingambit|Defiant|boost\n|-boost|p1a: Kingambit|atk|2\n|-unboost|p1b: Scovillain|atk|1\n|detailschange|p1b: Scovillain|Scovillain-Mega, L50, F\n|-mega|p1b: Scovillain|Scovillain|Scovillainite\n|move|p2a: Sinistcha|Protect|p2a: Sinistcha\n|-singleturn|p2a: Sinistcha|Protect\n|move|p1a: Kingambit|Protect|p1a: Kingambit\n|-singleturn|p1a: Kingambit|Protect\n|move|p1b: Scovillain|Overheat|p2a: Sinistcha\n|-activate|p2a: Sinistcha|move: Protect\n|\n|upkeep\n|turn|2\n|inactive|bassv991 has 30 seconds left.\n|\n|t:|1776573481\n|switch|p2a: Blastoise|Blastoise, L50, F|100/100\n|move|p2b: Incineroar|Fake Out|p1a: Kingambit\n|-resisted|p1a: Kingambit|1\n|-damage|p1a: Kingambit|95/100\n|move|p1b: Scovillain|Overheat|p2a: Blastoise\n|-resisted|p2a: Blastoise|1\n|-damage|p2a: Blastoise|65/100\n|-unboost|p1b: Scovillain|spa|2\n|cant|p1a: Kingambit|flinch\n|\n|upkeep\n|turn|3\n|inactive|bassv991 has 30 seconds left.\n|inactive|Sethwell has 30 seconds left.\n|\n|t:|1776573516\n|switch|p1b: Sneasler|Sneasler, L50, M|100/100\n|switch|p2b: Sinistcha|Sinistcha, L50|100/100\n|-heal|p2a: Blastoise|90/100|[from] ability: Hospitality|[of] p2b: Sinistcha\n|detailschange|p2a: Blastoise|Blastoise-Mega, L50, F\n|-mega|p2a: Blastoise|Blastoise|Blastoisinite\n|move|p1a: Kingambit|Sucker Punch|p2a: Blastoise\n|-damage|p2a: Blastoise|17/100\n|move|p2a: Blastoise|Water Spout|p1b: Sneasler|[spread] p1a,p1b\n|-damage|p1a: Kingambit|85/100\n|-damage|p1b: Sneasler|85/100\n|\n|upkeep\n|turn|4\n|inactive|bassv991 has 30 seconds left.\n|\n|t:|1776573550\n|move|p2a: Blastoise|Protect|p2a: Blastoise\n|-singleturn|p2a: Blastoise|Protect\n|move|p2b: Sinistcha|Protect|p2b: Sinistcha\n|-singleturn|p2b: Sinistcha|Protect\n|move|p1b: Sneasler|Fake Out|p2a: Blastoise\n|-activate|p2a: Blastoise|move: Protect\n|move|p1a: Kingambit|Kowtow Cleave|p2b: Sinistcha\n|-activate|p2b: Sinistcha|move: Protect\n|\n|upkeep\n|turn|5\n|\n|t:|1776573575\n|switch|p1b: Scovillain|Scovillain-Mega, L50, F|100/100\n|move|p1a: Kingambit|Protect|p1a: Kingambit\n|-singleturn|p1a: Kingambit|Protect\n|move|p2b: Sinistcha|Rage Powder|p2b: Sinistcha\n|-singleturn|p2b: Sinistcha|move: Rage Powder\n|move|p2a: Blastoise|Shell Smash|p2a: Blastoise\n|-unboost|p2a: Blastoise|def|1\n|-unboost|p2a: Blastoise|spd|1\n|-boost|p2a: Blastoise|atk|2\n|-boost|p2a: Blastoise|spa|2\n|-boost|p2a: Blastoise|spe|2\n|\n|upkeep\n|turn|6\n|inactive|bassv991 has 30 seconds left.\n|inactive|Sethwell has 30 seconds left.\n|inactive|bassv991 has 20 seconds left.\n|inactive|bassv991 has 15 seconds left.\n|inactive|Sethwell has 20 seconds left.\n|inactive|Sethwell has 15 seconds left.\n|\n|t:|1776573622\n|move|p2b: Sinistcha|Rage Powder|p2b: Sinistcha\n|-singleturn|p2b: Sinistcha|move: Rage Powder\n|move|p2a: Blastoise|Water Pulse|p1b: Scovillain\n|-damage|p1b: Scovillain|0 fnt\n|-status|p2a: Blastoise|brn|[from] ability: Spicy Spray|[of] p1b: Scovillain\n|faint|p1b: Scovillain\n|move|p1a: Kingambit|Kowtow Cleave|p2b: Sinistcha\n|-supereffective|p2b: Sinistcha|1\n|-damage|p2b: Sinistcha|0 fnt\n|faint|p2b: Sinistcha\n|\n|-damage|p2a: Blastoise|12/100 brn|[from] brn\n|upkeep\n|\n|t:|1776573645\n|switch|p1b: Pelipper|Pelipper, L50, M|100/100\n|switch|p2b: Kingambit|Kingambit, L50, F|100/100\n|-weather|RainDance|[from] ability: Drizzle|[of] p1b: Pelipper\n|turn|7\n|\n|t:|1776573665\n|switch|p2b: Incineroar|Incineroar, L50, M|100/100\n|-ability|p2b: Incineroar|Intimidate|boost\n|-unboost|p1a: Kingambit|atk|1\n|-ability|p1a: Kingambit|Defiant|boost\n|-boost|p1a: Kingambit|atk|2\n|-unboost|p1b: Pelipper|atk|1\n|move|p2a: Blastoise|Protect|p2a: Blastoise\n|-singleturn|p2a: Blastoise|Protect\n|move|p1a: Kingambit|Protect|p1a: Kingambit\n|-singleturn|p1a: Kingambit|Protect\n|move|p1b: Pelipper|Weather Ball|p2b: Incineroar\n|-supereffective|p2b: Incineroar|1\n|-damage|p2b: Incineroar|0 fnt\n|faint|p2b: Incineroar\n|\n|-weather|RainDance|[upkeep]\n|-damage|p2a: Blastoise|6/100 brn|[from] brn\n|upkeep\n|-message|Sethwell forfeited.\n|\n|win|bassv991\n|raw|bassv991's rating: 1572 &rarr; <strong>1597</strong><br />(+25 for winning)\n|raw|Sethwell's rating: 1663 &rarr; <strong>1638</strong><br />(-25 for losing)\n|l|\u2606Sethwell\n|player|p2|\n",
  "uploadtime": 1776573680,
  "views": 30,
  "formatid": "gen9championsvgc2026regma",
  "rating": 1597,
  "private": 0,
  "password": null
}