{
  "id": "gen9championsvgc2026regma-2581044549",
  "format": "[Gen 9 Champions] VGC 2026 Reg M-A",
  "players": [
    "SheSixOnMySeven",
    "StrawberryBalloons"
  ],
  "log": "|j|\u2606SheSixOnMySeven\n|j|\u203dStrawberryBalloons\n|t:|1775954641\n|gametype|doubles\n|player|p1|SheSixOnMySeven|101|1145\n|player|p2|StrawberryBalloons|fisherman-gen4|1159\n|gen|9\n|tier|[Gen 9 Champions] VGC 2026 Reg M-A\n|rated|\n|rule|Species Clause: Limit one of each Pok\u00e9mon\n|rule|Item Clause: Limit 1 of each item\n|clearpoke\n|poke|p1|Drampa, L50, M|\n|poke|p1|Sinistcha, L50|\n|poke|p1|Sneasler, L50, M|\n|poke|p1|Kingambit, L50, M|\n|poke|p1|Gyarados, L50, F|\n|poke|p1|Raichu, L50, F|\n|poke|p2|Floette-Eternal, L50, F|\n|poke|p2|Milotic, L50, F|\n|poke|p2|Venusaur, L50, M|\n|poke|p2|Delphox, L50, M|\n|poke|p2|Whimsicott, L50, F|\n|poke|p2|Slowbro-Galar, L50, F|\n|teampreview|4\n|inactive|Battle timer is ON: inactive players will automatically lose when time's up. (requested by StrawberryBalloons)\nSheSixOnMySeven has agreed to open team sheets.\n|inactive|SheSixOnMySeven has 60 seconds left.\n|inactive|StrawberryBalloons has 60 seconds left.\n|\n|t:|1775954695\n|teamsize|p1|4\n|teamsize|p2|4\n|start\n|switch|p1a: Gyarados|Gyarados, L50, F|100/100\n|switch|p1b: Sneasler|Sneasler, L50, M|100/100\n|switch|p2a: Venusaur|Venusaur, L50, M|100/100\n|switch|p2b: Whimsicott|Whimsicott, L50, F|100/100\n|-ability|p1a: Gyarados|Intimidate|boost\n|-unboost|p2a: Venusaur|atk|1\n|-unboost|p2b: Whimsicott|atk|1\n|turn|1\n|\n|t:|1775954708\n|move|p1a: Gyarados|Protect|p1a: Gyarados\n|-singleturn|p1a: Gyarados|Protect\n|move|p2b: Whimsicott|Sunny Day|p2b: Whimsicott\n|-weather|SunnyDay\n|move|p2a: Venusaur|Growth|p2a: Venusaur\n|-boost|p2a: Venusaur|atk|2\n|-boost|p2a: Venusaur|spa|2\n|move|p1b: Sneasler|Dire Claw|p2b: Whimsicott\n|-supereffective|p2b: Whimsicott|2\n|-damage|p2b: Whimsicott|0 fnt\n|faint|p2b: Whimsicott\n|\n|-weather|SunnyDay|[upkeep]\n|upkeep\n|\n|t:|1775954713\n|switch|p2b: Delphox|Delphox, L50, M|100/100\n|turn|2\n|inactive|StrawberryBalloons has 30 seconds left.\n|\n|t:|1775954741\n|switch|p1b: Kingambit|Kingambit, L50, M|100/100\n|switch|p1a: Drampa|Drampa, L50, M|100/100\n|-ability|p1a: Drampa|Cloud Nine\n|detailschange|p2b: Delphox|Delphox-Mega, L50, M\n|-mega|p2b: Delphox|Delphox|Delphoxite\n|move|p2b: Delphox|Psychic|p1b: Kingambit\n|-immune|p1b: Kingambit\n|move|p2a: Venusaur|Giga Drain|p1a: Drampa\n|-resisted|p1a: Drampa|1\n|-damage|p1a: Drampa|74/100\n|\n|-weather|SunnyDay|[upkeep]\n|upkeep\n|turn|3\n|\n|t:|1775954760\n|move|p2b: Delphox|Substitute|p2b: Delphox\n|-start|p2b: Delphox|Substitute\n|-damage|p2b: Delphox|76/100\n|move|p2a: Venusaur|Earth Power|p1b: Kingambit\n|-supereffective|p1b: Kingambit|1\n|-damage|p1b: Kingambit|0 fnt\n|faint|p1b: Kingambit\n|move|p1a: Drampa|Draco Meteor|p2a: Venusaur\n|-damage|p2a: Venusaur|38/100\n|-unboost|p1a: Drampa|spa|2\n|\n|-weather|SunnyDay|[upkeep]\n|upkeep\n|\n|t:|1775954769\n|switch|p1b: Sneasler|Sneasler, L50, M|100/100\n|turn|4\n|\n|t:|1775954780\n|switch|p1a: Gyarados|Gyarados, L50, F|100/100\n|-ability|p1a: Gyarados|Intimidate|boost\n|-unboost|p2a: Venusaur|atk|1\n|-immune|p2b: Delphox\n|move|p1b: Sneasler|Protect|p1b: Sneasler\n|-singleturn|p1b: Sneasler|Protect\n|move|p2a: Venusaur|Earth Power|p1a: Gyarados\n|-immune|p1a: Gyarados\n|move|p2b: Delphox|Heat Wave|p1b: Sneasler|[spread] p1a\n|-activate|p1b: Sneasler|move: Protect\n|-resisted|p1a: Gyarados|1\n|-damage|p1a: Gyarados|66/100\n|-status|p1a: Gyarados|brn\n|\n|-weather|SunnyDay|[upkeep]\n|-damage|p1a: Gyarados|60/100 brn|[from] brn\n|upkeep\n|turn|5\n|\n|t:|1775954802\n|move|p2a: Venusaur|Giga Drain|p1a: Gyarados\n|-damage|p1a: Gyarados|0 fnt\n|-heal|p2a: Venusaur|71/100|[from] drain|[of] p1a: Gyarados\n|faint|p1a: Gyarados\n|move|p2b: Delphox|Psychic|p1b: Sneasler\n|-supereffective|p1b: Sneasler|2\n|-damage|p1b: Sneasler|0 fnt\n|faint|p1b: Sneasler\n|\n|-weather|none\n|upkeep\n|-message|SheSixOnMySeven forfeited.\n|\n|win|StrawberryBalloons\n|raw|SheSixOnMySeven's rating: 1145 &rarr; <strong>1121</strong><br />(-24 for losing)\n|raw|StrawberryBalloons's rating: 1159 &rarr; <strong>1183</strong><br />(+24 for winning)\n|l|\u2606SheSixOnMySeven\n|player|p1|\n",
  "uploadtime": 1775954809,
  "views": 15,
  "formatid": "gen9championsvgc2026regma",
  "rating": 1121,
  "private": 0,
  "password": null
}