{
  "id": "gen9championsvgc2026regma-2584907642",
  "format": "[Gen 9 Champions] VGC 2026 Reg M-A",
  "players": [
    "joey16",
    "payinhoftw"
  ],
  "log": "|j|\u2606joey16\n|j|\u2606payinhoftw\n|t:|1776293452\n|gametype|doubles\n|player|p1|joey16|cyrus|1090\n|player|p2|payinhoftw|2|1103\n|gen|9\n|tier|[Gen 9 Champions] VGC 2026 Reg M-A\n|rated|\n|rule|Species Clause: Limit one of each Pok\u00e9mon\n|rule|Item Clause: Limit 1 of each item\n|clearpoke\n|poke|p1|Floette-Eternal, L50, F|\n|poke|p1|Sneasler, L50, F|\n|poke|p1|Pelipper, L50, F|\n|poke|p1|Archaludon, L50, F|\n|poke|p1|Basculegion, L50, M|\n|poke|p1|Milotic, L50, F|\n|poke|p2|Politoed, L50, F|\n|poke|p2|Gyarados, L50, F|\n|poke|p2|Crabominable, L50, M|\n|poke|p2|Raichu, L50, M|\n|poke|p2|Goodra-Hisui, L50, F|\n|poke|p2|Slowking-Galar, L50, M|\n|teampreview|4\npayinhoftw has agreed to open team sheets.\n|\n|t:|1776293500\n|teamsize|p1|4\n|teamsize|p2|4\n|start\n|switch|p1a: Floette|Floette-Eternal, L50, F|100/100\n|switch|p1b: Archaludon|Archaludon, L50, F|100/100\n|switch|p2a: Slowking|Slowking-Galar, L50, M|100/100\n|switch|p2b: Raichu|Raichu, L50, M|100/100\n|turn|1\n|\n|t:|1776293560\n|detailschange|p1a: Floette|Floette-Mega, L50, F\n|-mega|p1a: Floette|Floette|Floettite\n|-ability|p1a: Floette|Fairy Aura\n|move|p1b: Archaludon|Protect|p1b: Archaludon\n|-singleturn|p1b: Archaludon|Protect\n|move|p2b: Raichu|Fake Out|p1a: Floette\n|-crit|p1a: Floette\n|-damage|p1a: Floette|84/100\n|cant|p1a: Floette|flinch\n|move|p2a: Slowking|Trick Room|p2a: Slowking\n|-fieldstart|move: Trick Room|[of] p2a: Slowking\n|\n|upkeep\n|turn|2\n|\n|t:|1776293596\n|switch|p2b: Gyarados|Gyarados, L50, F|100/100\n|-ability|p2b: Gyarados|Intimidate|boost\n|-unboost|p1a: Floette|atk|1\n|-unboost|p1b: Archaludon|atk|1\n|move|p1a: Floette|Protect|p1a: Floette\n|-singleturn|p1a: Floette|Protect\n|move|p2a: Slowking|Sludge Bomb|p1a: Floette\n|-activate|p1a: Floette|move: Protect\n|move|p1b: Archaludon|Flash Cannon|p2a: Slowking\n|-damage|p2a: Slowking|62/100\n|\n|upkeep\n|turn|3\n|\n|t:|1776293621\n|move|p2a: Slowking|Sludge Bomb|p1a: Floette\n|-supereffective|p1a: Floette|1\n|-damage|p1a: Floette|14/100\n|-status|p1a: Floette|psn\n|move|p1b: Archaludon|Electro Shot||[still]\n|-prepare|p1b: Archaludon|Electro Shot\n|-boost|p1b: Archaludon|spa|1\n|move|p2b: Gyarados|Waterfall|p1a: Floette\n|-damage|p1a: Floette|0 fnt\n|faint|p1a: Floette\n|\n|upkeep\n|\n|t:|1776293635\n|switch|p1a: Sneasler|Sneasler, L50, F|100/100\n|turn|4\n|\n|t:|1776293654\n|switch|p2a: Raichu|Raichu, L50, M|100/100\n|move|p1a: Sneasler|Fake Out|p2a: Raichu\n|-crit|p2a: Raichu\n|-damage|p2a: Raichu|51/100\n|move|p1b: Archaludon|Electro Shot|p2a: Raichu|[from] lockedmove\n|-activate|p2a: Raichu|ability: Lightning Rod\n|-ability|p2a: Raichu|Lightning Rod|boost\n|-boost|p2a: Raichu|spa|1\n|move|p2b: Gyarados|Waterfall|p1a: Sneasler\n|-damage|p1a: Sneasler|29/100\n|\n|upkeep\n|turn|5\n|\n|t:|1776293686\n|move|p1b: Archaludon|Protect|p1b: Archaludon\n|-singleturn|p1b: Archaludon|Protect\n|move|p1a: Sneasler|Protect|p1a: Sneasler\n|-singleturn|p1a: Sneasler|Protect\n|move|p2a: Raichu|Fake Out|p1a: Sneasler\n|-activate|p1a: Sneasler|move: Protect\n|move|p2b: Gyarados|Waterfall|p1a: Sneasler\n|-activate|p1a: Sneasler|move: Protect\n|\n|-fieldend|move: Trick Room\n|upkeep\n|turn|6\n|\n|t:|1776293712\n|switch|p2a: Slowking|Slowking-Galar, L50, M|95/100\n|move|p1a: Sneasler|Close Combat|p2a: Slowking\n|-resisted|p2a: Slowking|2\n|-damage|p2a: Slowking|83/100\n|-unboost|p1a: Sneasler|def|1\n|-unboost|p1a: Sneasler|spd|1\n|-enditem|p1a: Sneasler|White Herb\n|-clearnegativeboost|p1a: Sneasler|[silent]\n|move|p2b: Gyarados|Waterfall|p1a: Sneasler\n|-damage|p1a: Sneasler|0 fnt\n|faint|p1a: Sneasler\n|move|p1b: Archaludon|Draco Meteor|p2b: Gyarados\n|-damage|p2b: Gyarados|2/100\n|-unboost|p1b: Archaludon|spa|2\n|\n|upkeep\n|\n|t:|1776293729\n|switch|p1a: Basculegion|Basculegion, L50, M|100/100\n|turn|7\n|\n|t:|1776293769\n|detailschange|p2b: Gyarados|Gyarados-Mega, L50, F\n|-mega|p2b: Gyarados|Gyarados|Gyaradosite\n|-ability|p2b: Gyarados|Mold Breaker\n|move|p2a: Slowking|Protect|p2a: Slowking\n|-singleturn|p2a: Slowking|Protect\n|move|p1a: Basculegion|Last Respects|p2a: Slowking\n|-activate|p2a: Slowking|move: Protect\n|move|p2b: Gyarados|Crunch|p1a: Basculegion\n|-supereffective|p1a: Basculegion|1\n|-crit|p1a: Basculegion\n|-damage|p1a: Basculegion|0 fnt\n|faint|p1a: Basculegion\n|move|p1b: Archaludon|Flash Cannon|p2b: Gyarados\n|-resisted|p2b: Gyarados|1\n|-damage|p2b: Gyarados|0 fnt\n|faint|p2b: Gyarados\n|\n|upkeep\n|\n|t:|1776293785\n|switch|p2b: Politoed|Politoed, L50, F|100/100\n|-weather|RainDance|[from] ability: Drizzle|[of] p2b: Politoed\n|turn|8\n|\n|t:|1776293800\n|switch|p2a: Raichu|Raichu, L50, M|51/100\n|move|p1b: Archaludon|Electro Shot||[still]\n|-activate|p2a: Raichu|ability: Lightning Rod\n|-prepare|p1b: Archaludon|Electro Shot\n|-boost|p1b: Archaludon|spa|1\n|-anim|p1b: Archaludon|Electro Shot|p2a: Raichu\n|-ability|p2a: Raichu|Lightning Rod|boost\n|-boost|p2a: Raichu|spa|1\n|move|p2b: Politoed|Earth Power|p1b: Archaludon\n|-supereffective|p1b: Archaludon|1\n|-damage|p1b: Archaludon|44/100\n|-ability|p1b: Archaludon|Stamina|boost\n|-boost|p1b: Archaludon|def|1\n|-enditem|p1b: Archaludon|Sitrus Berry|[eat]\n|-heal|p1b: Archaludon|69/100|[from] item: Sitrus Berry\n|\n|-weather|RainDance|[upkeep]\n|upkeep\n|turn|9\n|\n|t:|1776293825\n|move|p1b: Archaludon|Protect|p1b: Archaludon\n|-singleturn|p1b: Archaludon|Protect\n|move|p2a: Raichu|Thunder|p1b: Archaludon\n|-activate|p1b: Archaludon|move: Protect\n|move|p2b: Politoed|Earth Power|p1b: Archaludon\n|-activate|p1b: Archaludon|move: Protect\n|\n|-weather|RainDance|[upkeep]\n|upkeep\n|turn|10\n|\n|t:|1776293844\n|move|p2a: Raichu|Helping Hand|p2b: Politoed\n|-singleturn|p2b: Politoed|Helping Hand|[of] p2a: Raichu\n|move|p1b: Archaludon|Draco Meteor|p2b: Politoed\n|-damage|p2b: Politoed|38/100\n|-unboost|p1b: Archaludon|spa|2\n|-enditem|p2b: Politoed|Sitrus Berry|[eat]\n|-heal|p2b: Politoed|63/100|[from] item: Sitrus Berry\n|move|p2b: Politoed|Earth Power|p1b: Archaludon\n|-supereffective|p1b: Archaludon|1\n|-damage|p1b: Archaludon|0 fnt\n|faint|p1b: Archaludon\n|\n|win|payinhoftw\n|raw|joey16's rating: 1090 &rarr; <strong>1067</strong><br />(-23 for losing)\n|raw|payinhoftw's rating: 1103 &rarr; <strong>1127</strong><br />(+24 for winning)\n|l|\u2606joey16\n|player|p1|\n|c|\u2606payinhoftw|gg\n",
  "uploadtime": 1776294807,
  "views": 23,
  "formatid": "gen9championsvgc2026regma",
  "rating": 1067,
  "private": 0,
  "password": null
}