{
  "id": "gen9championsvgc2026regma-2585209063",
  "format": "[Gen 9 Champions] VGC 2026 Reg M-A",
  "players": [
    "EmptyhEad0",
    "Munchlaxxxed"
  ],
  "log": "|j|\u2606EmptyhEad0\n|j|\u2606Munchlaxxxed\n|t:|1776325230\n|gametype|doubles\n|player|p1|EmptyhEad0|169|1000\n|player|p2|Munchlaxxxed|170|1084\n|gen|9\n|tier|[Gen 9 Champions] VGC 2026 Reg M-A\n|rated|\n|rule|Species Clause: Limit one of each Pok\u00e9mon\n|rule|Item Clause: Limit 1 of each item\n|clearpoke\n|poke|p1|Golurk, L50|\n|poke|p1|Mimikyu, L50, M|\n|poke|p1|Hatterene, L50, F|\n|poke|p1|Torkoal, L50, F|\n|poke|p1|Drampa, L50, M|\n|poke|p1|Farigiraf, L50, F|\n|poke|p2|Aerodactyl, L50, F|\n|poke|p2|Charizard, L50, F|\n|poke|p2|Venusaur, L50, M|\n|poke|p2|Aegislash, L50, F|\n|poke|p2|Sneasler, L50, F|\n|poke|p2|Milotic, L50, F|\n|teampreview|4\nEmptyhEad0 rejected open team sheets.\n|\n|t:|1776325267\n|teamsize|p1|4\n|teamsize|p2|4\n|start\n|switch|p1a: Mimikyu|Mimikyu, L50, M|100/100\n|switch|p1b: Drampa|Drampa, L50, M|100/100\n|switch|p2a: Charizard|Charizard, L50, F|100/100\n|switch|p2b: Aerodactyl|Aerodactyl, L50, F|100/100\n|turn|1\n|\n|t:|1776325283\n|detailschange|p2a: Charizard|Charizard-Mega-Y, L50, F\n|-mega|p2a: Charizard|Charizard|Charizardite Y\n|-weather|SunnyDay|[from] ability: Drought|[of] p2a: Charizard\n|move|p1b: Drampa|Protect|p1b: Drampa\n|-singleturn|p1b: Drampa|Protect\n|move|p2b: Aerodactyl|Dual Wingbeat|p1a: Mimikyu\n|-activate|p1a: Mimikyu|ability: Disguise\n|-damage|p1a: Mimikyu|100/100\n|detailschange|p1a: Mimikyu|Mimikyu-Busted, L50, M\n|-damage|p1a: Mimikyu|88/100|[from] pokemon: Mimikyu-Busted\n|-damage|p1a: Mimikyu|63/100\n|-hitcount|p1a: Mimikyu|2\n|move|p2a: Charizard|Fire Blast|p1a: Mimikyu\n|-damage|p1a: Mimikyu|0 fnt\n|faint|p1a: Mimikyu\n|\n|-weather|SunnyDay|[upkeep]\n|upkeep\n|\n|t:|1776325301\n|switch|p1a: Torkoal|Torkoal, L50, F|100/100\n|turn|2\n|\n|t:|1776325309\n|move|p2b: Aerodactyl|Rock Slide|p1b: Drampa|[spread] p1b\n|-miss|p2b: Aerodactyl|p1a: Torkoal\n|-damage|p1b: Drampa|67/100\n|move|p2a: Charizard|Fire Blast|p1b: Drampa\n|-resisted|p1b: Drampa|1\n|-damage|p1b: Drampa|15/100\n|-ability|p1b: Drampa|Berserk|boost\n|-boost|p1b: Drampa|spa|1\n|cant|p1b: Drampa|flinch\n|move|p1a: Torkoal|Eruption|p2b: Aerodactyl|[spread] p2a,p2b\n|-resisted|p2a: Charizard|1\n|-resisted|p2b: Aerodactyl|1\n|-damage|p2a: Charizard|61/100\n|-damage|p2b: Aerodactyl|44/100\n|\n|-weather|SunnyDay|[upkeep]\n|upkeep\n|turn|3\n|\n|t:|1776325329\n|move|p2b: Aerodactyl|Dual Wingbeat|p1a: Torkoal\n|-damage|p1a: Torkoal|89/100\n|-damage|p1a: Torkoal|75/100\n|-hitcount|p1a: Torkoal|2\n|move|p2a: Charizard|Heat Wave|p1a: Torkoal|[spread] p1a,p1b\n|-resisted|p1a: Torkoal|1\n|-resisted|p1b: Drampa|1\n|-crit|p1b: Drampa\n|-damage|p1a: Torkoal|28/100\n|-damage|p1b: Drampa|0 fnt\n|faint|p1b: Drampa\n|move|p1a: Torkoal|Eruption|p2b: Aerodactyl|[spread] p2a,p2b\n|-resisted|p2a: Charizard|1\n|-resisted|p2b: Aerodactyl|1\n|-damage|p2a: Charizard|51/100\n|-damage|p2b: Aerodactyl|29/100\n|\n|-weather|SunnyDay|[upkeep]\n|upkeep\n|\n|t:|1776325342\n|switch|p1b: Golurk|Golurk, L50|100/100\n|turn|4\n|\n|t:|1776325352\n|detailschange|p1b: Golurk|Golurk-Mega, L50\n|-mega|p1b: Golurk|Golurk|Golurkite\n|move|p1a: Torkoal|Protect|p1a: Torkoal\n|-singleturn|p1a: Torkoal|Protect\n|move|p2b: Aerodactyl|Dual Wingbeat|p1b: Golurk\n|-damage|p1b: Golurk|83/100\n|-damage|p1b: Golurk|67/100\n|-hitcount|p1b: Golurk|2\n|move|p2a: Charizard|Heat Wave|p1b: Golurk|[spread] p1b\n|-activate|p1a: Torkoal|move: Protect\n|-damage|p1b: Golurk|5/100\n|move|p1b: Golurk|Headlong Rush|p2a: Charizard\n|-immune|p2a: Charizard\n|\n|-weather|SunnyDay|[upkeep]\n|upkeep\n|turn|5\n|\n|t:|1776325380\n|move|p2b: Aerodactyl|Rock Slide|p1a: Torkoal|[spread] p1a,p1b\n|-supereffective|p1a: Torkoal|1\n|-resisted|p1b: Golurk|1\n|-damage|p1a: Torkoal|0 fnt\n|-damage|p1b: Golurk|0 fnt\n|faint|p1a: Torkoal\n|faint|p1b: Golurk\n|\n|win|Munchlaxxxed\n|raw|EmptyhEad0's rating: 1000 &rarr; <strong>1000</strong><br />(+0 for losing)\n|raw|Munchlaxxxed's rating: 1084 &rarr; <strong>1105</strong><br />(+21 for winning)\n",
  "uploadtime": 1776325381,
  "views": 22,
  "formatid": "gen9championsvgc2026regma",
  "rating": 1000,
  "private": 0,
  "password": null
}