{
  "id": "gen9championsvgc2026regma-2580895919",
  "format": "[Gen 9 Champions] VGC 2026 Reg M-A",
  "players": [
    "Mr.Danil",
    "Mentalsyndrome"
  ],
  "log": "|j|\u2606Mr.Danil\n|j|\u2606Mentalsyndrome\n|t:|1775941352\n|gametype|doubles\n|player|p1|Mr.Danil|169|1000\n|player|p2|Mentalsyndrome|170|1059\n|gen|9\n|tier|[Gen 9 Champions] VGC 2026 Reg M-A\n|rated|\n|rule|Species Clause: Limit one of each Pok\u00e9mon\n|rule|Item Clause: Limit 1 of each item\n|clearpoke\n|poke|p1|Whimsicott, L50, M|\n|poke|p1|Volcarona, L50, M|\n|poke|p1|Sneasler, L50, M|\n|poke|p1|Dragonite, L50, M|\n|poke|p1|Primarina, L50, F|\n|poke|p1|Sinistcha, L50|\n|poke|p2|Bastiodon, L50, F|\n|poke|p2|Gengar, L50, M|\n|poke|p2|Garchomp, L50, M|\n|poke|p2|Clefable, L50, F|\n|poke|p2|Sinistcha, L50|\n|poke|p2|Incineroar, L50, F|\n|teampreview|4\n|inactive|Battle timer is ON: inactive players will automatically lose when time's up. (requested by Mentalsyndrome)\n|inactive|Mr.Danil has 60 seconds left.\n|\n|t:|1775941410\n|teamsize|p1|4\n|teamsize|p2|4\n|start\n|switch|p1a: Dragonite|Dragonite, L50, M|100/100\n|switch|p1b: Sneasler|Sneasler, L50, M|100/100\n|switch|p2a: Gengar|Gengar, L50, M|100/100\n|switch|p2b: Incineroar|Incineroar, L50, F|100/100\n|-ability|p2b: Incineroar|Intimidate|boost\n|-fail|p1a: Dragonite|unboost|Attack|[from] ability: Inner Focus|[of] p1a: Dragonite\n|-unboost|p1b: Sneasler|atk|1\n|-enditem|p1b: Sneasler|White Herb\n|-clearnegativeboost|p1b: Sneasler|[silent]\n|turn|1\n|\n|t:|1775941432\n|detailschange|p2a: Gengar|Gengar-Mega, L50, M\n|-mega|p2a: Gengar|Gengar|Gengarite\n|move|p1b: Sneasler|Protect|p1b: Sneasler\n|-singleturn|p1b: Sneasler|Protect\n|move|p2b: Incineroar|Fake Out|p1a: Dragonite\n|-damage|p1a: Dragonite|86/100\n|move|p2a: Gengar|Perish Song|p2a: Gengar\n|-start|p1a: Dragonite|perish3|[silent]\n|-start|p1b: Sneasler|perish3|[silent]\n|-start|p2a: Gengar|perish3|[silent]\n|-start|p2b: Incineroar|perish3|[silent]\n|-fieldactivate|move: Perish Song\n|move|p1a: Dragonite|Rock Slide|p2b: Incineroar|[spread] p2a,p2b\n|-supereffective|p2b: Incineroar|1\n|-damage|p2a: Gengar|78/100\n|-damage|p2b: Incineroar|69/100\n|\n|-start|p2a: Gengar|perish3\n|-start|p1b: Sneasler|perish3\n|-start|p1a: Dragonite|perish3\n|-start|p2b: Incineroar|perish3\n|upkeep\n|turn|2\n|\n|t:|1775941452\n|switch|p2b: Sinistcha|Sinistcha, L50|100/100\n|-heal|p2a: Gengar|100/100|[from] ability: Hospitality|[of] p2b: Sinistcha\n|move|p2a: Gengar|Protect|p2a: Gengar\n|-singleturn|p2a: Gengar|Protect\n|move|p1a: Dragonite|Protect|p1a: Dragonite\n|-singleturn|p1a: Dragonite|Protect\n|move|p1b: Sneasler|Close Combat|p2b: Sinistcha\n|-immune|p2b: Sinistcha\n|\n|-start|p2a: Gengar|perish2\n|-start|p1b: Sneasler|perish2\n|-start|p1a: Dragonite|perish2\n|upkeep\n|turn|3\n|\n|t:|1775941471\n|move|p2a: Gengar|Shadow Ball|p1b: Sneasler\n|-damage|p1b: Sneasler|39/100\n|move|p1b: Sneasler|Dire Claw|p2b: Sinistcha\n|-crit|p2b: Sinistcha\n|-damage|p2b: Sinistcha|41/100\n|-status|p2b: Sinistcha|psn\n|move|p1a: Dragonite|Air Slash|p2b: Sinistcha\n|-supereffective|p2b: Sinistcha|1\n|-damage|p2b: Sinistcha|0 fnt\n|faint|p2b: Sinistcha\n|\n|-start|p2a: Gengar|perish1\n|-start|p1b: Sneasler|perish1\n|-start|p1a: Dragonite|perish1\n|upkeep\n|\n|t:|1775941484\n|switch|p2b: Incineroar|Incineroar, L50, F|69/100\n|-ability|p2b: Incineroar|Intimidate|boost\n|-fail|p1a: Dragonite|unboost|Attack|[from] ability: Inner Focus|[of] p1a: Dragonite\n|-unboost|p1b: Sneasler|atk|1\n|turn|4\n|inactive|Mr.Danil has 30 seconds left.\n|\n|t:|1775941514\n|switch|p2a: Clefable|Clefable, L50, F|100/100\n|move|p2b: Incineroar|Protect|p2b: Incineroar\n|-singleturn|p2b: Incineroar|Protect\n|move|p1b: Sneasler|Close Combat|p2b: Incineroar\n|-activate|p2b: Incineroar|move: Protect\n|move|p1a: Dragonite|Air Slash|p2a: Clefable\n|-damage|p2a: Clefable|72/100\n|\n|-start|p1b: Sneasler|perish0\n|-start|p1a: Dragonite|perish0\n|faint|p1b: Sneasler\n|faint|p1a: Dragonite\n|upkeep\n|\n|t:|1775941519\n|switch|p1b: Whimsicott|Whimsicott, L50, M|100/100\n|switch|p1a: Primarina|Primarina, L50, F, shiny|100/100\n|turn|5\n|\n|t:|1775941534\n|switch|p2b: Gengar|Gengar-Mega, L50, M|100/100\n|move|p1b: Whimsicott|Worry Seed|p2a: Clefable\n|-ability|p2a: Clefable|Insomnia|Unaware|[from] move: Worry Seed\n|move|p1a: Primarina|Hyper Voice|p2b: Gengar|[spread] p2a,p2b\n|-crit|p2a: Clefable\n|-damage|p2a: Clefable|20/100\n|-damage|p2b: Gengar|57/100\n|-enditem|p2a: Clefable|Sitrus Berry|[eat]\n|-heal|p2a: Clefable|45/100|[from] item: Sitrus Berry\n|move|p2a: Clefable|Life Dew|p2a: Clefable|[spread] p2a,p2b\n|-heal|p2a: Clefable|70/100\n|-heal|p2b: Gengar|82/100\n|\n|upkeep\n|turn|6\n|\n|t:|1775941553\n|move|p1b: Whimsicott|Taunt|p2a: Clefable\n|-start|p2a: Clefable|move: Taunt\n|move|p2b: Gengar|Perish Song|p2b: Gengar\n|-start|p1a: Primarina|perish3|[silent]\n|-start|p1b: Whimsicott|perish3|[silent]\n|-start|p2a: Clefable|perish3|[silent]\n|-start|p2b: Gengar|perish3|[silent]\n|-fieldactivate|move: Perish Song\n|move|p1a: Primarina|Shadow Ball|p2b: Gengar\n|-supereffective|p2b: Gengar|1\n|-damage|p2b: Gengar|23/100\n|cant|p2a: Clefable|move: Taunt|Life Dew\n|\n|-start|p2b: Gengar|perish3\n|-start|p1b: Whimsicott|perish3\n|-start|p1a: Primarina|perish3\n|-start|p2a: Clefable|perish3\n|upkeep\n|turn|7\n|\n|t:|1775941572\n|move|p2b: Gengar|Protect|p2b: Gengar\n|-singleturn|p2b: Gengar|Protect\n|move|p1b: Whimsicott|Tailwind|p1b: Whimsicott\n|-sidestart|p1: Mr.Danil|move: Tailwind\n|move|p1a: Primarina|Hyper Voice|p2a: Clefable|[spread] p2a\n|-activate|p2b: Gengar|move: Protect\n|-damage|p2a: Clefable|34/100\n|move|p2a: Clefable|Moonblast|p1a: Primarina\n|-damage|p1a: Primarina|70/100\n|\n|-start|p1b: Whimsicott|perish2\n|-start|p2b: Gengar|perish2\n|-start|p1a: Primarina|perish2\n|-start|p2a: Clefable|perish2\n|upkeep\n|turn|8\n|\n|t:|1775941586\n|move|p2b: Gengar|Protect||[still]\n|-fail|p2b: Gengar\n|move|p1b: Whimsicott|Taunt|p2b: Gengar\n|-start|p2b: Gengar|move: Taunt\n|move|p1a: Primarina|Hyper Voice|p2a: Clefable|[spread] p2a,p2b\n|-damage|p2a: Clefable|0 fnt\n|-damage|p2b: Gengar|0 fnt\n|faint|p2a: Clefable\n|faint|p2b: Gengar\n|\n|-start|p1b: Whimsicott|perish1\n|-start|p1a: Primarina|perish1\n|upkeep\n|\n|t:|1775941588\n|switch|p2b: Incineroar|Incineroar, L50, F|69/100\n|-ability|p2b: Incineroar|Intimidate|boost\n|-unboost|p1a: Primarina|atk|1\n|-unboost|p1b: Whimsicott|atk|1\n|turn|9\n|\n|t:|1775941606\n|move|p2b: Incineroar|Protect|p2b: Incineroar\n|-singleturn|p2b: Incineroar|Protect\n|move|p1b: Whimsicott|Tailwind||[still]\n|-fail|p1b: Whimsicott\n|move|p1a: Primarina|Moonblast|p2b: Incineroar\n|-activate|p2b: Incineroar|move: Protect\n|\n|-start|p1b: Whimsicott|perish0\n|-start|p1a: Primarina|perish0\n|faint|p1b: Whimsicott\n|faint|p1a: Primarina\n|\n|win|Mentalsyndrome\n|raw|Mr.Danil's rating: 1000 &rarr; <strong>1000</strong><br />(+0 for losing)\n|raw|Mentalsyndrome's rating: 1059 &rarr; <strong>1085</strong><br />(+26 for winning)\n|l|\u2606Mr.Danil\n|player|p1|\n",
  "uploadtime": 1775941607,
  "views": 19,
  "formatid": "gen9championsvgc2026regma",
  "rating": 1000,
  "private": 0,
  "password": null
}