{
  "id": "gen9championsvgc2026regma-2584688584",
  "format": "[Gen 9 Champions] VGC 2026 Reg M-A",
  "players": [
    "Mishsire",
    "javivaarela"
  ],
  "log": "|j|\u2606Mishsire\n|j|\u2606javivaarela\n|t:|1776276902\n|gametype|doubles\n|player|p1|Mishsire|chili|\n|player|p2|javivaarela|ingo|\n|gen|9\n|tier|[Gen 9 Champions] VGC 2026 Reg M-A\n|rated|Tournament battle\n|rule|Species Clause: Limit one of each Pok\u00e9mon\n|rule|Item Clause: Limit 1 of each item\n|raw|<div class=\"infobox\"><details class=\"readmore\" open><summary><strong>1 custom rule:</strong></summary> Force Open Team Sheets</details></div>\n|clearpoke\n|poke|p1|Glimmora, L50, F|\n|poke|p1|Whimsicott, L50, F|\n|poke|p1|Basculegion, L50, M|\n|poke|p1|Incineroar, L50, M|\n|poke|p1|Garchomp, L50, F|\n|poke|p1|Decidueye-Hisui, L50, M|\n|poke|p2|Gengar, L50, M|\n|poke|p2|Incineroar, L50, M|\n|poke|p2|Basculegion, L50, M|\n|poke|p2|Politoed, L50, M|\n|poke|p2|Sinistcha-Masterpiece, L50|\n|poke|p2|Archaludon, L50, M|\n|teampreview|4\n|showteam|p1|Glimmora||Glimmoranite|ToxicDebris|PowerGem,SludgeBomb,EarthPower,SpikyShield|||F|||50|]Whimsicott||FocusSash|Prankster|Encore,Tailwind,Protect,Moonblast|||F|||50|]Basculegion||MysticWater|Adaptability|WaveCrash,LastRespects,AquaJet,Protect|||M|||50|]Incineroar||SitrusBerry|Intimidate|FlareBlitz,ThroatChop,FakeOut,PartingShot|||M|||50|]Garchomp||SoftSand|RoughSkin|Earthquake,DragonClaw,StompingTantrum,Protect|||F|||50|]Decidueye-Hisui||ChoiceScarf|Scrappy|TripleArrows,LeafBlade,BraveBird,KnockOff|||M|||50|\n|showteam|p2|Gengar||Gengarite|CursedBody|ShadowBall,PerishSong,Substitute,Protect|||M|||50|]Incineroar||ShucaBerry|Intimidate|FakeOut,ThroatChop,PartingShot,Protect|||M|||50|]Basculegion||MysticWater|SwiftSwim|WaveCrash,LastRespects,AquaJet,Protect|||M|||50|]Politoed||Leftovers|Drizzle|Protect,WeatherBall,PerishSong,Encore|||M|||50|]Sinistcha-Masterpiece||SitrusBerry|Hospitality|MatchaGotcha,RagePowder,TrickRoom,Protect||||||50|]Archaludon||Magnet|Sturdy|ElectroShot,DragonPulse,FlashCannon,Protect|||M|||50|\n|inactive|Battle timer is ON: inactive players will automatically lose when time's up. (requested by javivaarela)\n|c|\u2606Mishsire|glhf\n|inactive|Mishsire has 60 seconds left.\n|inactive|javivaarela has 60 seconds left.\n|\n|t:|1776276954\n|teamsize|p1|4\n|teamsize|p2|4\n|start\n|switch|p1a: Whimsicott|Whimsicott, L50, F|100/100\n|switch|p1b: Basculegion|Basculegion, L50, M|100/100\n|switch|p2a: Gengar|Gengar, L50, M, shiny|100/100\n|switch|p2b: Basculegion|Basculegion, L50, M|100/100\n|turn|1\n|inactive|javivaarela has 30 seconds left.\n|\n|t:|1776276983\n|switch|p2b: Incineroar|Incineroar, L50, M|100/100\n|-ability|p2b: Incineroar|Intimidate|boost\n|-unboost|p1a: Whimsicott|atk|1\n|-unboost|p1b: Basculegion|atk|1\n|detailschange|p2a: Gengar|Gengar-Mega, L50, M, shiny\n|-mega|p2a: Gengar|Gengar|Gengarite\n|move|p1a: Whimsicott|Tailwind|p1a: Whimsicott\n|-sidestart|p1: Mishsire|move: Tailwind\n|move|p1b: Basculegion|Wave Crash|p2a: Gengar\n|-damage|p2a: Gengar|23/100\n|-damage|p1b: Basculegion|79/100|[from] Recoil\n|move|p2a: Gengar|Shadow Ball|p1b: Basculegion\n|-supereffective|p1b: Basculegion|1\n|-damage|p1b: Basculegion|0 fnt\n|faint|p1b: Basculegion\n|\n|upkeep\n|\n|t:|1776277005\n|switch|p1b: Glimmora|Glimmora, L50, F, shiny|100/100\n|turn|2\n|\n|t:|1776277020\n|switch|p2a: Politoed|Politoed, L50, M|100/100\n|-weather|RainDance|[from] ability: Drizzle|[of] p2a: Politoed\n|detailschange|p1b: Glimmora|Glimmora-Mega, L50, F, shiny\n|-mega|p1b: Glimmora|Glimmora|Glimmoranite\n|move|p2b: Incineroar|Fake Out|p1a: Whimsicott\n|-damage|p1a: Whimsicott|84/100\n|cant|p1a: Whimsicott|flinch\n|move|p1b: Glimmora|Power Gem|p2b: Incineroar\n|-supereffective|p2b: Incineroar|1\n|-damage|p2b: Incineroar|7/100\n|\n|-weather|RainDance|[upkeep]\n|upkeep\n|turn|3\n|\n|t:|1776277044\n|switch|p1b: Decidueye|Decidueye-Hisui, L50, M|100/100\n|move|p2b: Incineroar|Protect|p2b: Incineroar\n|-singleturn|p2b: Incineroar|Protect\n|move|p1a: Whimsicott|Moonblast|p2b: Incineroar\n|-activate|p2b: Incineroar|move: Protect\n|move|p2a: Politoed|Weather Ball|p1b: Decidueye\n|-resisted|p1b: Decidueye|1\n|-damage|p1b: Decidueye|73/100\n|\n|-weather|RainDance|[upkeep]\n|upkeep\n|turn|4\n|\n|t:|1776277060\n|switch|p2b: Basculegion|Basculegion, L50, M|100/100\n|move|p2a: Politoed|Protect|p2a: Politoed\n|-singleturn|p2a: Politoed|Protect\n|move|p1b: Decidueye|Leaf Blade|p2a: Politoed\n|-activate|p2a: Politoed|move: Protect\n|move|p1a: Whimsicott|Moonblast|p2b: Basculegion\n|-damage|p2b: Basculegion|62/100\n|-unboost|p2b: Basculegion|spa|1\n|\n|-weather|RainDance|[upkeep]\n|-sideend|p1: Mishsire|move: Tailwind\n|upkeep\n|turn|5\n|inactive|javivaarela has 30 seconds left.\n|\n|t:|1776277092\n|switch|p2a: Incineroar|Incineroar, L50, M|7/100\n|-ability|p2a: Incineroar|Intimidate|boost\n|-unboost|p1a: Whimsicott|atk|1\n|-fail|p1b: Decidueye|unboost|Attack|[from] ability: Scrappy|[of] p1b: Decidueye\n|move|p1a: Whimsicott|Tailwind|p1a: Whimsicott\n|-sidestart|p1: Mishsire|move: Tailwind\n|move|p1b: Decidueye|Leaf Blade|p2b: Basculegion\n|-supereffective|p2b: Basculegion|1\n|-damage|p2b: Basculegion|0 fnt\n|faint|p2b: Basculegion\n|\n|-weather|RainDance|[upkeep]\n|upkeep\n|\n|t:|1776277108\n|switch|p2b: Gengar|Gengar-Mega, L50, M, shiny|23/100\n|turn|6\n|\n|t:|1776277130\n|move|p2a: Incineroar|Fake Out|p1b: Decidueye\n|-damage|p1b: Decidueye|58/100\n|cant|p1b: Decidueye|flinch\n|move|p1a: Whimsicott|Moonblast|p2a: Incineroar\n|-damage|p2a: Incineroar|0 fnt\n|faint|p2a: Incineroar\n|move|p2b: Gengar|Perish Song|p2b: Gengar\n|-start|p1a: Whimsicott|perish3|[silent]\n|-start|p1b: Decidueye|perish3|[silent]\n|-start|p2b: Gengar|perish3|[silent]\n|-fieldactivate|move: Perish Song\n|\n|-weather|none\n|-start|p1b: Decidueye|perish3\n|-start|p1a: Whimsicott|perish3\n|-start|p2b: Gengar|perish3\n|upkeep\n|\n|t:|1776277137\n|switch|p2a: Politoed|Politoed, L50, M|100/100\n|-weather|RainDance|[from] ability: Drizzle|[of] p2a: Politoed\n|turn|7\n|\n|t:|1776277156\n|move|p2a: Politoed|Protect|p2a: Politoed\n|-singleturn|p2a: Politoed|Protect\n|move|p1b: Decidueye|Leaf Blade|p2a: Politoed\n|-activate|p2a: Politoed|move: Protect\n|move|p1a: Whimsicott|Moonblast|p2a: Politoed\n|-activate|p2a: Politoed|move: Protect\n|move|p2b: Gengar|Shadow Ball|p1b: Decidueye\n|-damage|p1b: Decidueye|8/100\n|\n|-weather|RainDance|[upkeep]\n|-start|p1b: Decidueye|perish2\n|-start|p1a: Whimsicott|perish2\n|-start|p2b: Gengar|perish2\n|upkeep\n|turn|8\n|\n|t:|1776277175\n|move|p2a: Politoed|Protect||[still]\n|-fail|p2a: Politoed\n|move|p1b: Decidueye|Leaf Blade|p2a: Politoed\n|-supereffective|p2a: Politoed|1\n|-damage|p2a: Politoed|12/100\n|move|p1a: Whimsicott|Moonblast|p2a: Politoed\n|-damage|p2a: Politoed|0 fnt\n|faint|p2a: Politoed\n|move|p2b: Gengar|Shadow Ball|p1b: Decidueye\n|-damage|p1b: Decidueye|0 fnt\n|faint|p1b: Decidueye\n|\n|-weather|RainDance|[upkeep]\n|-start|p1a: Whimsicott|perish1\n|-start|p2b: Gengar|perish1\n|-sideend|p1: Mishsire|move: Tailwind\n|upkeep\n|\n|t:|1776277182\n|switch|p1b: Glimmora|Glimmora-Mega, L50, F, shiny|100/100\n|turn|9\n|\n|t:|1776277186\n|move|p1b: Glimmora|Spiky Shield|p1b: Glimmora\n|-singleturn|p1b: Glimmora|move: Protect\n|move|p1a: Whimsicott|Tailwind|p1a: Whimsicott\n|-sidestart|p1: Mishsire|move: Tailwind\n|move|p2b: Gengar|Shadow Ball|p1b: Glimmora\n|-activate|p1b: Glimmora|move: Protect\n|\n|-weather|RainDance|[upkeep]\n|-start|p1a: Whimsicott|perish0\n|-start|p2b: Gengar|perish0\n|faint|p1a: Whimsicott\n|faint|p2b: Gengar\n|\n|win|Mishsire\n|n|\u2606Mishsire|mishsire\n|n|\u2606javivaarela|javivaarela\n",
  "uploadtime": 1776277187,
  "views": 17,
  "formatid": "gen9championsvgc2026regma",
  "rating": null,
  "private": 0,
  "password": null
}