{
  "id": "gen9championsvgc2026regma-2584682751",
  "format": "[Gen 9 Champions] VGC 2026 Reg M-A",
  "players": [
    "SwissR3 0-2 Drop",
    "javivaarela"
  ],
  "log": "|j|\u2606SwissR3 0-2 Drop\n|j|\u2606javivaarela\n|t:|1776276526\n|gametype|doubles\n|player|p1|SwissR3 0-2 Drop|irida|\n|player|p2|javivaarela|ingo|\n|gen|9\n|tier|[Gen 9 Champions] VGC 2026 Reg M-A\n|rated|Tournament battle\n|rule|Species Clause: Limit one of each Pok\u00e9mon\n|rule|Item Clause: Limit 1 of each item\n|raw|<div class=\"infobox\"><details class=\"readmore\" open><summary><strong>1 custom rule:</strong></summary> Force Open Team Sheets</details></div>\n|clearpoke\n|poke|p1|Kangaskhan, L50, F|\n|poke|p1|Sneasler, L50, M|\n|poke|p1|Incineroar, L50, M|\n|poke|p1|Aerodactyl, L50, M|\n|poke|p1|Kingambit, L50, F|\n|poke|p1|Clefable, L50, F|\n|poke|p2|Gengar, L50, M|\n|poke|p2|Incineroar, L50, M|\n|poke|p2|Basculegion, L50, M|\n|poke|p2|Politoed, L50, M|\n|poke|p2|Sinistcha-Masterpiece, L50|\n|poke|p2|Archaludon, L50, F|\n|teampreview|4\n|showteam|p1|Kangaskhan||Kangaskhanite|InnerFocus|DoubleEdge,ThunderPunch,FakeOut,SuckerPunch|||F|||50|]Sneasler||WhiteHerb|Unburden|DireClaw,CloseCombat,Protect,Coaching|||M|||50|]Incineroar||ShucaBerry|Intimidate|FlareBlitz,WillOWisp,FakeOut,PartingShot|||M|||50|]Aerodactyl||LumBerry|Unnerve|RockSlide,DualWingbeat,Protect,Tailwind|||M|||50|]Kingambit||ChopleBerry|Defiant|KowtowCleave,SuckerPunch,Protect,SwordsDance|||F|||50|]Clefable||SitrusBerry|Unaware|Moonblast,FollowMe,Protect,HelpingHand|||F|||50|\n|showteam|p2|Gengar||Gengarite|CursedBody|ShadowBall,PerishSong,Substitute,Protect|||M|||50|]Incineroar||ShucaBerry|Intimidate|FakeOut,ThroatChop,PartingShot,Protect|||M|||50|]Basculegion||MysticWater|SwiftSwim|WaveCrash,LastRespects,AquaJet,Protect|||M|||50|]Politoed||Leftovers|Drizzle|Protect,WeatherBall,PerishSong,Encore|||M|||50|]Sinistcha-Masterpiece||SitrusBerry|Hospitality|MatchaGotcha,RagePowder,TrickRoom,Protect||||||50|]Archaludon||Magnet|Sturdy|ElectroShot,DragonPulse,FlashCannon,Protect|||F|||50|\n|inactive|Battle timer is ON: inactive players will automatically lose when time's up. (requested by SwissR3 0-2 Drop)\n|inactive|javivaarela also wants the timer to be on.\n|j| dedonzo\n|inactive|SwissR3 0-2 Drop has 60 seconds left.\n|l| dedonzo\n|\n|t:|1776276572\n|teamsize|p1|4\n|teamsize|p2|4\n|start\n|switch|p1a: Kangaskhan|Kangaskhan, L50, F|100/100\n|switch|p1b: Sneasler|Sneasler, L50, M|100/100\n|switch|p2a: Gengar|Gengar, L50, M, shiny|100/100\n|switch|p2b: Basculegion|Basculegion, L50, M|100/100\n|turn|1\n|inactive|javivaarela has 30 seconds left.\n|\n|t:|1776276604\n|switch|p1a: Kingambit|Kingambit, L50, F|100/100\n|detailschange|p2a: Gengar|Gengar-Mega, L50, M, shiny\n|-mega|p2a: Gengar|Gengar|Gengarite\n|move|p2b: Basculegion|Protect|p2b: Basculegion\n|-singleturn|p2b: Basculegion|Protect\n|move|p2a: Gengar|Perish Song|p2a: Gengar\n|-start|p1a: Kingambit|perish3|[silent]\n|-start|p1b: Sneasler|perish3|[silent]\n|-start|p2a: Gengar|perish3|[silent]\n|-start|p2b: Basculegion|perish3|[silent]\n|-fieldactivate|move: Perish Song\n|move|p1b: Sneasler|Dire Claw|p2a: Gengar\n|-resisted|p2a: Gengar|2\n|-crit|p2a: Gengar\n|-damage|p2a: Gengar|81/100\n|\n|-start|p2a: Gengar|perish3\n|-start|p1b: Sneasler|perish3\n|-start|p2b: Basculegion|perish3\n|-start|p1a: Kingambit|perish3\n|upkeep\n|turn|2\n|inactive|javivaarela has 30 seconds left.\n|\n|t:|1776276636\n|switch|p2b: Politoed|Politoed, L50, M|100/100\n|-weather|RainDance|[from] ability: Drizzle|[of] p2b: Politoed\n|move|p2a: Gengar|Substitute|p2a: Gengar\n|-start|p2a: Gengar|Substitute\n|-damage|p2a: Gengar|56/100\n|move|p1b: Sneasler|Dire Claw|p2b: Politoed\n|-damage|p2b: Politoed|53/100\n|move|p1a: Kingambit|Swords Dance|p1a: Kingambit\n|-boost|p1a: Kingambit|atk|2\n|\n|-weather|RainDance|[upkeep]\n|-heal|p2b: Politoed|59/100|[from] item: Leftovers\n|-start|p2a: Gengar|perish2\n|-start|p1b: Sneasler|perish2\n|-start|p1a: Kingambit|perish2\n|upkeep\n|turn|3\n|inactive|javivaarela has 30 seconds left.\n|\n|t:|1776276669\n|move|p2a: Gengar|Protect|p2a: Gengar\n|-singleturn|p2a: Gengar|Protect\n|move|p2b: Politoed|Protect|p2b: Politoed\n|-singleturn|p2b: Politoed|Protect\n|move|p1b: Sneasler|Dire Claw|p2b: Politoed\n|-activate|p2b: Politoed|move: Protect\n|move|p1a: Kingambit|Kowtow Cleave|p2a: Gengar\n|-activate|p2a: Gengar|move: Protect\n|\n|-weather|RainDance|[upkeep]\n|-heal|p2b: Politoed|65/100|[from] item: Leftovers\n|-start|p2a: Gengar|perish1\n|-start|p1b: Sneasler|perish1\n|-start|p1a: Kingambit|perish1\n|upkeep\n|turn|4\n|\n|t:|1776276683\n|switch|p2a: Incineroar|Incineroar, L50, M|100/100\n|-ability|p2a: Incineroar|Intimidate|boost\n|-unboost|p1a: Kingambit|atk|1\n|-ability|p1a: Kingambit|Defiant|boost\n|-boost|p1a: Kingambit|atk|2\n|-unboost|p1b: Sneasler|atk|1\n|-enditem|p1b: Sneasler|White Herb\n|-clearnegativeboost|p1b: Sneasler|[silent]\n|switch|p2b: Basculegion|Basculegion, L50, M|100/100\n|move|p1b: Sneasler|Dire Claw|p2b: Basculegion\n|-resisted|p2b: Basculegion|1\n|-damage|p2b: Basculegion|73/100\n|move|p1a: Kingambit|Kowtow Cleave|p2a: Incineroar\n|-resisted|p2a: Incineroar|1\n|-damage|p2a: Incineroar|43/100\n|\n|-weather|RainDance|[upkeep]\n|-start|p1b: Sneasler|perish0\n|-start|p1a: Kingambit|perish0\n|upkeep\n|faint|p1b: Sneasler\n|faint|p1a: Kingambit\n|\n|t:|1776276687\n|switch|p1b: Clefable|Clefable, L50, F|100/100\n|switch|p1a: Kangaskhan|Kangaskhan, L50, F|100/100\n|turn|5\n|inactive|javivaarela has 30 seconds left.\n|\n|t:|1776276717\n|move|p1b: Clefable|Helping Hand|p1a: Kangaskhan\n|-singleturn|p1a: Kangaskhan|Helping Hand|[of] p1b: Clefable\n|move|p2a: Incineroar|Fake Out|p1a: Kangaskhan\n|-damage|p1a: Kangaskhan|87/100\n|move|p1a: Kangaskhan|Sucker Punch|p2b: Basculegion\n|-supereffective|p2b: Basculegion|1\n|-damage|p2b: Basculegion|0 fnt\n|faint|p2b: Basculegion\n|\n|-weather|RainDance|[upkeep]\n|upkeep\n|\n|t:|1776276727\n|switch|p2b: Gengar|Gengar-Mega, L50, M, shiny|56/100\n|turn|6\n|\n|t:|1776276736\n|detailschange|p1a: Kangaskhan|Kangaskhan-Mega, L50, F\n|-mega|p1a: Kangaskhan|Kangaskhan|Kangaskhanite\n|move|p1b: Clefable|Helping Hand|p1a: Kangaskhan\n|-singleturn|p1a: Kangaskhan|Helping Hand|[of] p1b: Clefable\n|move|p2b: Gengar|Perish Song|p2b: Gengar\n|-start|p1a: Kangaskhan|perish3|[silent]\n|-start|p1b: Clefable|perish3|[silent]\n|-start|p2a: Incineroar|perish3|[silent]\n|-start|p2b: Gengar|perish3|[silent]\n|-fieldactivate|move: Perish Song\n|move|p1a: Kangaskhan|Thunder Punch|p2b: Gengar\n|-damage|p2b: Gengar|9/100\n|-damage|p2b: Gengar|0 fnt\n|faint|p2b: Gengar\n|-hitcount|p2: Gengar|2\n|move|p2a: Incineroar|Parting Shot|p1a: Kangaskhan\n|-unboost|p1a: Kangaskhan|atk|1\n|-unboost|p1a: Kangaskhan|spa|1\n|\n|t:|1776276746\n|switch|p2a: Politoed|Politoed, L50, M|65/100|[from] Parting Shot\n|\n|-weather|none\n|-heal|p2a: Politoed|71/100|[from] item: Leftovers\n|-start|p1a: Kangaskhan|perish3\n|-start|p1b: Clefable|perish3\n|upkeep\n|\n|t:|1776276747\n|switch|p2b: Incineroar|Incineroar, L50, M|43/100\n|-ability|p2b: Incineroar|Intimidate|boost\n|-unboost|p1a: Kangaskhan|atk|1\n|-unboost|p1b: Clefable|atk|1\n|turn|7\n|\n|t:|1776276757\n|move|p2b: Incineroar|Fake Out|p1a: Kangaskhan\n|-damage|p1a: Kangaskhan|77/100\n|cant|p1a: Kangaskhan|flinch\n|move|p2a: Politoed|Encore|p1b: Clefable\n|-start|p1b: Clefable|Encore\n|move|p1b: Clefable|Helping Hand||[still]\n|-fail|p1b: Clefable\n|\n|-heal|p2a: Politoed|77/100|[from] item: Leftovers\n|-start|p1a: Kangaskhan|perish2\n|-start|p1b: Clefable|perish2\n|upkeep\n|turn|8\n|\n|t:|1776276769\n|move|p1b: Clefable|Helping Hand|p1a: Kangaskhan\n|-singleturn|p1a: Kangaskhan|Helping Hand|[of] p1b: Clefable\n|move|p2a: Politoed|Protect|p2a: Politoed\n|-singleturn|p2a: Politoed|Protect\n|move|p2b: Incineroar|Protect|p2b: Incineroar\n|-singleturn|p2b: Incineroar|Protect\n|move|p1a: Kangaskhan|Thunder Punch|p2a: Politoed\n|-activate|p2a: Politoed|move: Protect\n|\n|-heal|p2a: Politoed|83/100|[from] item: Leftovers\n|-start|p1a: Kangaskhan|perish1\n|-start|p1b: Clefable|perish1\n|upkeep\n|turn|9\n|-message|SwissR3 0-2 Drop forfeited.\n|\n|win|javivaarela\n|n|\u2606SwissR3 0-2 Drop|swissr302drop\n|n|\u2606javivaarela|javivaarela\n",
  "uploadtime": 1776276774,
  "views": 16,
  "formatid": "gen9championsvgc2026regma",
  "rating": null,
  "private": 0,
  "password": null
}