{
  "id": "gen9championsvgc2026regma-2582833631",
  "format": "[Gen 9 Champions] VGC 2026 Reg M-A",
  "players": [
    "CoolTrainerBu",
    "loved um"
  ],
  "log": "|j|\u2606CoolTrainerBu\n|j|\u2606loved um\n|t:|1776117642\n|gametype|doubles\n|player|p1|CoolTrainerBu|101|1099\n|player|p2|loved um|ghetsis-gen5bw|1000\n|gen|9\n|tier|[Gen 9 Champions] VGC 2026 Reg M-A\n|rated|\n|rule|Species Clause: Limit one of each Pok\u00e9mon\n|rule|Item Clause: Limit 1 of each item\n|clearpoke\n|poke|p1|Charizard, L50, F|\n|poke|p1|Whimsicott, L50, F|\n|poke|p1|Garchomp, L50, F|\n|poke|p1|Sneasler, L50, M|\n|poke|p1|Maushold, L50|\n|poke|p1|Incineroar, L50, F|\n|poke|p2|Delphox, L50, F|\n|poke|p2|Garchomp, L50, M|\n|poke|p2|Farigiraf, L50, F|\n|poke|p2|Incineroar, L50, M|\n|poke|p2|Gallade, L50, M|\n|poke|p2|Tyranitar, L50, F|\n|teampreview|4\n|inactive|Battle timer is ON: inactive players will automatically lose when time's up. (requested by CoolTrainerBu)\n|inactive|CoolTrainerBu has 60 seconds left.\n|inactive|loved um has 60 seconds left.\n|\n|t:|1776117678\n|teamsize|p1|4\n|teamsize|p2|4\n|start\n|switch|p1a: Incineroar|Incineroar, L50, F|100/100\n|switch|p1b: Sneasler|Sneasler, L50, M|100/100\n|switch|p2a: Delphox|Delphox, L50, F|100/100\n|switch|p2b: Garchomp|Garchomp, L50, M|100/100\n|-ability|p1a: Incineroar|Intimidate|boost\n|-unboost|p2a: Delphox|atk|1\n|-unboost|p2b: Garchomp|atk|1\n|turn|1\n|inactive|CoolTrainerBu has 30 seconds left.\n|inactive|CoolTrainerBu has 20 seconds left.\n|\n|t:|1776117716\n|switch|p1b: Whimsicott|Whimsicott, L50, F|100/100\n|detailschange|p2a: Delphox|Delphox-Mega, L50, F\n|-mega|p2a: Delphox|Delphox|Delphoxite\n|move|p1a: Incineroar|Fake Out|p2a: Delphox\n|-damage|p2a: Delphox|80/100\n|move|p2b: Garchomp|Earthquake|p1b: Whimsicott|[spread] p1a,p1b\n|-immune|p2a: Delphox|[from] ability: Levitate\n|-supereffective|p1a: Incineroar|1\n|-enditem|p1a: Incineroar|Shuca Berry|[eat]\n|-enditem|p1a: Incineroar|Shuca Berry|[weaken]\n|-resisted|p1b: Whimsicott|1\n|-damage|p1a: Incineroar|76/100\n|-damage|p1b: Whimsicott|79/100\n|cant|p2a: Delphox|flinch\n|\n|upkeep\n|turn|2\n|\n|t:|1776117740\n|move|p1b: Whimsicott|Tailwind|p1b: Whimsicott\n|-sidestart|p1: CoolTrainerBu|move: Tailwind\n|move|p2b: Garchomp|Earthquake|p1a: Incineroar|[spread] p1a,p1b\n|-immune|p2a: Delphox|[from] ability: Levitate\n|-supereffective|p1a: Incineroar|1\n|-resisted|p1b: Whimsicott|1\n|-damage|p1a: Incineroar|31/100\n|-damage|p1b: Whimsicott|60/100\n|move|p2a: Delphox|Heat Wave|p1a: Incineroar|[spread] p1a,p1b\n|-resisted|p1a: Incineroar|1\n|-supereffective|p1b: Whimsicott|1\n|-damage|p1a: Incineroar|10/100\n|-damage|p1b: Whimsicott|0 fnt\n|faint|p1b: Whimsicott\n|move|p1a: Incineroar|Parting Shot|p2a: Delphox\n|-unboost|p2a: Delphox|atk|1\n|-unboost|p2a: Delphox|spa|1\n|\n|t:|1776117757\n|switch|p1a: Garchomp|Garchomp, L50, F|100/100|[from] Parting Shot\n|\n|upkeep\n|\n|t:|1776117764\n|switch|p1b: Incineroar|Incineroar, L50, F|10/100\n|-ability|p1b: Incineroar|Intimidate|boost\n|-unboost|p2a: Delphox|atk|1\n|-unboost|p2b: Garchomp|atk|1\n|turn|3\n|inactive|CoolTrainerBu has 30 seconds left.\n|\n|t:|1776117801\n|switch|p2b: Gallade|Gallade, L50, M|100/100\n|move|p2a: Delphox|Protect|p2a: Delphox\n|-singleturn|p2a: Delphox|Protect\n|move|p1b: Incineroar|Fake Out|p2a: Delphox\n|-activate|p2a: Delphox|move: Protect\n|move|p1a: Garchomp|Rock Slide|p2b: Gallade|[spread] p2b\n|-activate|p2a: Delphox|move: Protect\n|-resisted|p2b: Gallade|1\n|-damage|p2b: Gallade|87/100\n|\n|upkeep\n|turn|4\n|\n|t:|1776117817\n|move|p1a: Garchomp|Rock Slide|p2a: Delphox|[spread] p2a,p2b\n|-supereffective|p2a: Delphox|1\n|-resisted|p2b: Gallade|1\n|-damage|p2a: Delphox|20/100\n|-damage|p2b: Gallade|74/100\n|move|p2a: Delphox|Dazzling Gleam|p1a: Garchomp|[spread] p1a,p1b\n|-supereffective|p1a: Garchomp|1\n|-damage|p1a: Garchomp|64/100\n|-damage|p1b: Incineroar|0 fnt\n|faint|p1b: Incineroar\n|move|p2b: Gallade|Trick Room|p2b: Gallade\n|-fieldstart|move: Trick Room|[of] p2b: Gallade\n|\n|upkeep\n|\n|t:|1776117828\n|switch|p1b: Sneasler|Sneasler, L50, M|100/100\n|turn|5\n|\n|t:|1776117844\n|move|p1a: Garchomp|Protect|p1a: Garchomp\n|-singleturn|p1a: Garchomp|Protect\n|move|p1b: Sneasler|Protect|p1b: Sneasler\n|-singleturn|p1b: Sneasler|Protect\n|move|p2b: Gallade|Psycho Cut|p1b: Sneasler\n|-activate|p1b: Sneasler|move: Protect\n|move|p2a: Delphox|Psyshock|p1b: Sneasler\n|-activate|p1b: Sneasler|move: Protect\n|\n|-sideend|p1: CoolTrainerBu|move: Tailwind\n|upkeep\n|turn|6\n|\n|t:|1776117860\n|move|p1b: Sneasler|Protect||[still]\n|-fail|p1b: Sneasler\n|move|p2b: Gallade|Psycho Cut|p1b: Sneasler\n|-supereffective|p1b: Sneasler|2\n|-damage|p1b: Sneasler|0 fnt\n|faint|p1b: Sneasler\n|move|p1a: Garchomp|Rock Slide|p2a: Delphox|[spread] p2a,p2b\n|-supereffective|p2a: Delphox|1\n|-resisted|p2b: Gallade|1\n|-damage|p2a: Delphox|0 fnt\n|-damage|p2b: Gallade|59/100\n|faint|p2a: Delphox\n|\n|upkeep\n|\n|t:|1776117873\n|switch|p2a: Tyranitar|Tyranitar, L50, F|100/100\n|-weather|Sandstorm|[from] ability: Sand Stream|[of] p2a: Tyranitar\n|turn|7\n|\n|t:|1776117881\n|move|p2a: Tyranitar|Ice Punch|p1a: Garchomp\n|-supereffective|p1a: Garchomp|2\n|-enditem|p1a: Garchomp|Yache Berry|[eat]\n|-enditem|p1a: Garchomp|Yache Berry|[weaken]\n|-damage|p1a: Garchomp|5/100\n|-damage|p2a: Tyranitar|88/100|[from] ability: Rough Skin|[of] p1a: Garchomp\n|move|p2b: Gallade|Sacred Sword|p1a: Garchomp\n|-damage|p1a: Garchomp|0 fnt\n|-damage|p2b: Gallade|47/100|[from] ability: Rough Skin|[of] p1a: Garchomp\n|faint|p1a: Garchomp\n|\n|win|loved um\n|raw|CoolTrainerBu's rating: 1099 &rarr; <strong>1067</strong><br />(-32 for losing)\n|raw|loved um's rating: 1000 &rarr; <strong>1051</strong><br />(+51 for winning)\n",
  "uploadtime": 1776117887,
  "views": 19,
  "formatid": "gen9championsvgc2026regma",
  "rating": 1051,
  "private": 0,
  "password": null
}