{
  "id": "gen9championsvgc2026regma-2580617734",
  "format": "[Gen 9 Champions] VGC 2026 Reg M-A",
  "players": [
    "daniel.verdejo",
    "Skeyeris"
  ],
  "log": "|j|\u2606daniel.verdejo\n|j|\u2606Skeyeris\n|t:|1775918519\n|gametype|doubles\n|player|p1|daniel.verdejo|1|1116\n|player|p2|Skeyeris|cheryl|1130\n|gen|9\n|tier|[Gen 9 Champions] VGC 2026 Reg M-A\n|rated|\n|rule|Species Clause: Limit one of each Pok\u00e9mon\n|rule|Item Clause: Limit 1 of each item\n|clearpoke\n|poke|p1|Tyranitar, L50, M|\n|poke|p1|Milotic, L50, F|\n|poke|p1|Incineroar, L50, F|\n|poke|p1|Sneasler, L50, F|\n|poke|p1|Aerodactyl, L50, F|\n|poke|p1|Sinistcha, L50|\n|poke|p2|Chesnaught, L50, F|\n|poke|p2|Glimmora, L50, F|\n|poke|p2|Volcarona, L50, F|\n|poke|p2|Mr. Rime, L50, M|\n|poke|p2|Milotic, L50, F|\n|teampreview|4\n|inactive|Battle timer is ON: inactive players will automatically lose when time's up. (requested by Skeyeris)\n|inactive|daniel.verdejo has 60 seconds left.\n|inactive|daniel.verdejo has 30 seconds left.\n|\n|t:|1775918656\n|teamsize|p1|4\n|teamsize|p2|4\n|start\n|switch|p1a: Aerodactyl|Aerodactyl, L50, F|100/100\n|switch|p1b: Sneasler|Sneasler, L50, F|100/100\n|switch|p2a: Glimmora|Glimmora, L50, F|100/100\n|switch|p2b: Milotic|Milotic, L50, F|100/100\n|-ability|p1a: Aerodactyl|Unnerve\n|turn|1\n|inactive|daniel.verdejo has 30 seconds left.\n|\n|t:|1775918689\n|detailschange|p1a: Aerodactyl|Aerodactyl-Mega, L50, F\n|-mega|p1a: Aerodactyl|Aerodactyl|Aerodactylite\n|move|p1b: Sneasler|Fake Out|p2b: Milotic\n|-damage|p2b: Milotic|81/100\n|move|p1a: Aerodactyl|Rock Slide|p2b: Milotic|[spread] p2b\n|-miss|p1a: Aerodactyl|p2a: Glimmora\n|-damage|p2b: Milotic|43/100\n|cant|p2b: Milotic|flinch\n|move|p2a: Glimmora|Power Gem|p1a: Aerodactyl\n|-supereffective|p1a: Aerodactyl|1\n|-damage|p1a: Aerodactyl|9/100\n|\n|upkeep\n|turn|2\n|inactive|daniel.verdejo has 30 seconds left.\n|\n|t:|1775918716\n|move|p1a: Aerodactyl|Protect|p1a: Aerodactyl\n|-singleturn|p1a: Aerodactyl|Protect\n|move|p2a: Glimmora|Spiky Shield|p2a: Glimmora\n|-singleturn|p2a: Glimmora|move: Protect\n|move|p2b: Milotic|Icy Wind|p1b: Sneasler|[spread] p1b\n|-activate|p1a: Aerodactyl|move: Protect\n|-damage|p1b: Sneasler|84/100\n|-unboost|p1b: Sneasler|spe|1\n|-enditem|p1b: Sneasler|White Herb\n|-clearnegativeboost|p1b: Sneasler|[silent]\n|move|p1b: Sneasler|Close Combat|p2b: Milotic\n|-damage|p2b: Milotic|0 fnt\n|-unboost|p1b: Sneasler|def|1\n|-unboost|p1b: Sneasler|spd|1\n|faint|p2b: Milotic\n|\n|upkeep\n|\n|t:|1775918731\n|switch|p2b: Chesnaught|Chesnaught, L50, F|100/100\n|turn|3\n|inactive|daniel.verdejo has 30 seconds left.\n|inactive|daniel.verdejo has 20 seconds left.\n|\n|t:|1775918769\n|switch|p1a: Sinistcha|Sinistcha, L50|100/100\n|-heal|p1b: Sneasler|100/100|[from] ability: Hospitality|[of] p1a: Sinistcha\n|detailschange|p2b: Chesnaught|Chesnaught-Mega, L50, F\n|-mega|p2b: Chesnaught|Chesnaught|Chesnaughtite\n|move|p1b: Sneasler|Protect|p1b: Sneasler\n|-singleturn|p1b: Sneasler|Protect\n|move|p2b: Chesnaught|Wide Guard|p2b: Chesnaught\n|-singleturn|p2b: Chesnaught|Wide Guard\n|move|p2a: Glimmora|Power Gem|p1a: Sinistcha\n|-damage|p1a: Sinistcha|62/100\n|\n|upkeep\n|turn|4\n|inactive|daniel.verdejo has 30 seconds left.\n|inactive|Skeyeris has 30 seconds left.\n|\n|t:|1775918797\n|switch|p2b: Volcarona|Volcarona, L50, F|100/100\n|move|p1b: Sneasler|Dire Claw|p2b: Volcarona\n|-crit|p2b: Volcarona\n|-damage|p2b: Volcarona|11/100\n|move|p2a: Glimmora|Stealth Rock|p1b: Sneasler\n|-sidestart|p1: daniel.verdejo|move: Stealth Rock\n|move|p1a: Sinistcha|Matcha Gotcha|p2a: Glimmora|[spread] p2a,p2b\n|-resisted|p2b: Volcarona|2\n|-damage|p2a: Glimmora|64/100\n|-heal|p1a: Sinistcha|78/100|[from] drain|[of] p2a: Glimmora\n|-damage|p2b: Volcarona|6/100\n|-heal|p1a: Sinistcha|81/100|[from] drain|[of] p2b: Volcarona\n|-status|p2a: Glimmora|brn\n|\n|-damage|p2a: Glimmora|59/100 brn|[from] brn\n|upkeep\n|turn|5\n|inactive|daniel.verdejo has 30 seconds left.\n|inactive|Skeyeris has 30 seconds left.\n|inactive|daniel.verdejo has 20 seconds left.\n|inactive|daniel.verdejo has 15 seconds left.\n|\n|t:|1775918842\n|move|p1a: Sinistcha|Rage Powder|p1a: Sinistcha\n|-singleturn|p1a: Sinistcha|move: Rage Powder\n|move|p1b: Sneasler|Close Combat|p2a: Glimmora\n|-damage|p2a: Glimmora|0 fnt\n|-unboost|p1b: Sneasler|def|1\n|-unboost|p1b: Sneasler|spd|1\n|-activate|p2a: Glimmora|ability: Toxic Debris\n|-sidestart|p1: daniel.verdejo|move: Toxic Spikes\n|faint|p2a: Glimmora\n|move|p2b: Volcarona|Fiery Dance|p1a: Sinistcha\n|-supereffective|p1a: Sinistcha|1\n|-damage|p1a: Sinistcha|7/100\n|\n|upkeep\n|\n|t:|1775918853\n|switch|p2a: Chesnaught|Chesnaught-Mega, L50, F|100/100\n|turn|6\n|inactive|daniel.verdejo has 30 seconds left.\n|\n|t:|1775918880\n|move|p1b: Sneasler|Protect|p1b: Sneasler\n|-singleturn|p1b: Sneasler|Protect\n|move|p2b: Volcarona|Rage Powder|p2b: Volcarona\n|-singleturn|p2b: Volcarona|move: Rage Powder\n|move|p1a: Sinistcha|Matcha Gotcha|p2b: Volcarona|[spread] p2b\n|-miss|p1a: Sinistcha|p2a: Chesnaught\n|-resisted|p2b: Volcarona|2\n|-damage|p2b: Volcarona|2/100\n|-heal|p1a: Sinistcha|9/100|[from] drain|[of] p2b: Volcarona\n|move|p2a: Chesnaught|Body Press|p1b: Sneasler\n|-activate|p1b: Sneasler|move: Protect\n|\n|upkeep\n|turn|7\n|inactive|daniel.verdejo has 30 seconds left.\n|\n|t:|1775918906\n|move|p2b: Volcarona|Rage Powder|p2b: Volcarona\n|-singleturn|p2b: Volcarona|move: Rage Powder\n|move|p1b: Sneasler|Dire Claw|p2b: Volcarona\n|-damage|p2b: Volcarona|0 fnt\n|faint|p2b: Volcarona\n|move|p1a: Sinistcha|Matcha Gotcha|p2a: Chesnaught\n|-resisted|p2a: Chesnaught|1\n|-damage|p2a: Chesnaught|87/100\n|-heal|p1a: Sinistcha|17/100|[from] drain|[of] p2a: Chesnaught\n|move|p2a: Chesnaught|Body Press|p1b: Sneasler\n|-resisted|p1b: Sneasler|1\n|-damage|p1b: Sneasler|2/100\n|\n|upkeep\n|turn|8\n|\n|t:|1775918927\n|move|p1b: Sneasler|Protect|p1b: Sneasler\n|-singleturn|p1b: Sneasler|Protect\n|move|p1a: Sinistcha|Life Dew|p1a: Sinistcha|[spread] p1a,p1b\n|-heal|p1a: Sinistcha|42/100\n|-heal|p1b: Sneasler|27/100\n|move|p2a: Chesnaught|Body Press|p1b: Sneasler\n|-activate|p1b: Sneasler|move: Protect\n|\n|upkeep\n|turn|9\n|-message|Skeyeris forfeited.\n|\n|win|daniel.verdejo\n|raw|daniel.verdejo's rating: 1116 &rarr; <strong>1142</strong><br />(+26 for winning)\n|raw|Skeyeris's rating: 1130 &rarr; <strong>1104</strong><br />(-26 for losing)\n|l|\u2606Skeyeris\n|player|p2|\n",
  "uploadtime": 1775919117,
  "views": 14,
  "formatid": "gen9championsvgc2026regma",
  "rating": 1104,
  "private": 0,
  "password": null
}