{
  "id": "gen9championsvgc2026regma-2583234028",
  "format": "[Gen 9 Champions] VGC 2026 Reg M-A",
  "players": [
    "henitusec",
    "melatonin addict"
  ],
  "log": "|j|\u2606henitusec\n|j|\u2606melatonin addict\n|t:|1776157746\n|gametype|doubles\n|player|p1|henitusec|diantha|1157\n|player|p2|melatonin addict|giovanni|1116\n|gen|9\n|tier|[Gen 9 Champions] VGC 2026 Reg M-A\n|rated|\n|rule|Species Clause: Limit one of each Pok\u00e9mon\n|rule|Item Clause: Limit 1 of each item\n|clearpoke\n|poke|p1|Gardevoir, L50, F|\n|poke|p1|Aegislash, L50, M|\n|poke|p1|Incineroar, L50, F|\n|poke|p1|Vivillon-Polar, L50, M|\n|poke|p1|Hydreigon, L50, M|\n|poke|p1|Tauros-Paldea-Aqua, L50, M|\n|poke|p2|Aerodactyl, L50, M|\n|poke|p2|Primarina, L50, M|\n|poke|p2|Kingambit, L50, F|\n|poke|p2|Sneasler, L50, M|\n|poke|p2|Garchomp, L50, F|\n|poke|p2|Sinistcha, L50|\n|teampreview|4\n|inactive|Battle timer is ON: inactive players will automatically lose when time's up. (requested by henitusec)\n|inactive|melatonin addict has 60 seconds left.\n|\n|t:|1776157776\n|teamsize|p1|4\n|teamsize|p2|4\n|start\n|switch|p1a: Gardevoir|Gardevoir, L50, F, shiny|100/100\n|switch|p1b: Hydreigon|Hydreigon, L50, M|100/100\n|switch|p2a: Aerodactyl|Aerodactyl, L50, M|100/100\n|switch|p2b: Garchomp|Garchomp, L50, F|100/100\n|-ability|p2a: Aerodactyl|Unnerve\n|-ability|p1a: Gardevoir|Rough Skin|Trace|[from] ability: Trace|[of] p2b: Garchomp\n|turn|1\n|inactive|melatonin addict has 30 seconds left.\n|inactive|henitusec has 30 seconds left.\n|\n|t:|1776157809\n|detailschange|p2a: Aerodactyl|Aerodactyl-Mega, L50, M\n|-mega|p2a: Aerodactyl|Aerodactyl|Aerodactylite\n|detailschange|p1a: Gardevoir|Gardevoir-Mega, L50, F, shiny\n|-mega|p1a: Gardevoir|Gardevoir|Gardevoirite\n|move|p2b: Garchomp|Protect|p2b: Garchomp\n|-singleturn|p2b: Garchomp|Protect\n|move|p1b: Hydreigon|Protect|p1b: Hydreigon\n|-singleturn|p1b: Hydreigon|Protect\n|move|p2a: Aerodactyl|Tailwind|p2a: Aerodactyl\n|-sidestart|p2: melatonin addict|move: Tailwind\n|move|p1a: Gardevoir|Hyper Voice|p2b: Garchomp|[spread] p2a\n|-activate|p2b: Garchomp|move: Protect\n|-damage|p2a: Aerodactyl|39/100\n|\n|upkeep\n|turn|2\n|inactive|melatonin addict has 30 seconds left.\n|\n|t:|1776157839\n|move|p2a: Aerodactyl|Rock Slide|p1b: Hydreigon|[spread] p1a,p1b\n|-damage|p1a: Gardevoir|63/100\n|-damage|p1b: Hydreigon|67/100\n|move|p2b: Garchomp|Rock Slide|p1a: Gardevoir|[spread] p1a,p1b\n|-damage|p1a: Gardevoir|36/100\n|-damage|p1b: Hydreigon|48/100\n|move|p1b: Hydreigon|Draco Meteor|p2b: Garchomp\n|-supereffective|p2b: Garchomp|1\n|-enditem|p2b: Garchomp|Focus Sash\n|-damage|p2b: Garchomp|1/100\n|-unboost|p1b: Hydreigon|spa|2\n|move|p1a: Gardevoir|Hyper Voice|p2a: Aerodactyl|[spread] p2a,p2b\n|-supereffective|p2b: Garchomp|1\n|-damage|p2a: Aerodactyl|0 fnt\n|-damage|p2b: Garchomp|0 fnt\n|faint|p2a: Aerodactyl\n|faint|p2b: Garchomp\n|\n|upkeep\n|\n|t:|1776157853\n|switch|p2a: Sneasler|Sneasler, L50, M|100/100\n|switch|p2b: Primarina|Primarina, L50, M|100/100\n|turn|3\n|\n|t:|1776157861\n|move|p2a: Sneasler|Dire Claw|p1a: Gardevoir\n|-supereffective|p1a: Gardevoir|1\n|-damage|p1a: Gardevoir|0 fnt\n|faint|p1a: Gardevoir\n|move|p2b: Primarina|Moonblast|p1b: Hydreigon\n|-supereffective|p1b: Hydreigon|2\n|-damage|p1b: Hydreigon|0 fnt\n|faint|p1b: Hydreigon\n|\n|upkeep\n|\n|t:|1776157870\n|switch|p1b: Aegislash|Aegislash, L50, M|100/100\n|switch|p1a: Tauros|Tauros-Paldea-Aqua, L50, M|100/100\n|-ability|p1a: Tauros|Intimidate|boost\n|-unboost|p2a: Sneasler|atk|1\n|-unboost|p2b: Primarina|atk|1\n|-enditem|p2a: Sneasler|White Herb\n|-clearnegativeboost|p2a: Sneasler|[silent]\n|turn|4\n|inactive|melatonin addict has 30 seconds left.\n|\n|t:|1776157900\n|move|p2b: Primarina|Protect|p2b: Primarina\n|-singleturn|p2b: Primarina|Protect\n|move|p1a: Tauros|Protect|p1a: Tauros\n|-singleturn|p1a: Tauros|Protect\n|move|p1b: Aegislash|King's Shield|p1b: Aegislash\n|-singleturn|p1b: Aegislash|Protect\n|move|p2a: Sneasler|Dire Claw|p1a: Tauros\n|-activate|p1a: Tauros|move: Protect\n|\n|-sideend|p2: melatonin addict|move: Tailwind\n|upkeep\n|turn|5\n|\n|t:|1776157923\n|move|p2a: Sneasler|Dire Claw|p1a: Tauros\n|-crit|p1a: Tauros\n|-damage|p1a: Tauros|37/100\n|move|p1a: Tauros|Wave Crash|p2a: Sneasler\n|-damage|p2a: Sneasler|0 fnt\n|faint|p2a: Sneasler\n|-damage|p1a: Tauros|9/100|[from] Recoil\n|-formechange|p1b: Aegislash|Aegislash-Blade|\n|move|p1b: Aegislash|Poltergeist|p2b: Primarina\n|-activate|p2b: Primarina|move: Poltergeist|Wacan Berry\n|-damage|p2b: Primarina|46/100\n|move|p2b: Primarina|Moonblast|p1a: Tauros\n|-supereffective|p1a: Tauros|1\n|-damage|p1a: Tauros|0 fnt\n|faint|p1a: Tauros\n|\n|upkeep\n|turn|6\n|\n|t:|1776157941\n|move|p1b: Aegislash|Poltergeist|p2b: Primarina\n|-activate|p2b: Primarina|move: Poltergeist|Wacan Berry\n|-damage|p2b: Primarina|0 fnt\n|faint|p2b: Primarina\n|\n|win|henitusec\n|raw|henitusec's rating: 1157 &rarr; <strong>1179</strong><br />(+22 for winning)\n|raw|melatonin addict's rating: 1116 &rarr; <strong>1094</strong><br />(-22 for losing)\n",
  "uploadtime": 1776157945,
  "views": 17,
  "formatid": "gen9championsvgc2026regma",
  "rating": 1094,
  "private": 0,
  "password": null
}