{
  "id": "gen9championsvgc2026regma-2585009139",
  "format": "[Gen 9 Champions] VGC 2026 Reg M-A",
  "players": [
    "Astil_ice",
    "Catyreiji"
  ],
  "log": "|j|\u2606Astil_ice\n|j|\u2606Catyreiji\n|t:|1776302944\n|gametype|doubles\n|player|p1|Astil_ice|169|1080\n|player|p2|Catyreiji|ingo|1126\n|gen|9\n|tier|[Gen 9 Champions] VGC 2026 Reg M-A\n|rated|\n|rule|Species Clause: Limit one of each Pok\u00e9mon\n|rule|Item Clause: Limit 1 of each item\n|clearpoke\n|poke|p1|Charizard, L50, M|\n|poke|p1|Sneasler, L50, F|\n|poke|p1|Basculegion, L50, M|\n|poke|p1|Garchomp, L50, M|\n|poke|p1|Incineroar, L50, M|\n|poke|p1|Venusaur, L50, M|\n|poke|p2|Absol, L50, M|\n|poke|p2|Beartic, L50, M|\n|poke|p2|Sneasler, L50, F|\n|poke|p2|Aegislash, L50, F|\n|poke|p2|Corviknight, L50, M|\n|poke|p2|Froslass, L50, F|\n|teampreview|4\n|\n|t:|1776302965\n|teamsize|p1|4\n|teamsize|p2|4\n|start\n|switch|p1a: Charizard|Charizard, L50, M|100/100\n|switch|p1b: Sneasler|Sneasler, L50, F|100/100\n|switch|p2a: Aurora|Froslass, L50, F, shiny|100/100\n|switch|p2b: Clawdia|Sneasler, L50, F|100/100\n|-ability|p1b: Sneasler|Pressure\n|turn|1\n|\n|t:|1776302984\n|move|p2a: Aurora|Protect|p2a: Aurora\n|-singleturn|p2a: Aurora|Protect\n|move|p1a: Charizard|Protect|p1a: Charizard\n|-singleturn|p1a: Charizard|Protect\n|move|p2b: Clawdia|Fake Out|p1b: Sneasler\n|-damage|p1b: Sneasler|78/100\n|cant|p1b: Sneasler|flinch\n|\n|upkeep\n|turn|2\n|\n|t:|1776303036\n|switch|p2a: Nevermore|Corviknight, L50, M|100/100\n|detailschange|p1a: Charizard|Charizard-Mega-Y, L50, M\n|-mega|p1a: Charizard|Charizard|Charizardite Y\n|-weather|SunnyDay|[from] ability: Drought|[of] p1a: Charizard\n|move|p2b: Clawdia|Protect|p2b: Clawdia\n|-singleturn|p2b: Clawdia|Protect\n|move|p1b: Sneasler|Close Combat|p2b: Clawdia\n|-activate|p2b: Clawdia|move: Protect\n|move|p1a: Charizard|Heat Wave|p2b: Clawdia|[spread] p2a\n|-activate|p2b: Clawdia|move: Protect\n|-supereffective|p2a: Nevermore|1\n|-damage|p2a: Nevermore|0 fnt\n|faint|p2a: Nevermore\n|\n|-weather|SunnyDay|[upkeep]\n|upkeep\n|\n|t:|1776303051\n|switch|p2a: Aurora|Froslass, L50, F, shiny|100/100\n|turn|3\n|\n|t:|1776303086\n|detailschange|p2a: Aurora|Froslass-Mega, L50, F, shiny\n|-mega|p2a: Aurora|Froslass|Froslassite\n|-weather|Snowscape|[from] ability: Snow Warning|[of] p2a: Aurora\n|move|p2a: Aurora|Aurora Veil|p2a: Aurora\n|-sidestart|p2: Catyreiji|move: Aurora Veil\n|move|p2b: Clawdia|Dire Claw|p1a: Charizard\n|-damage|p1a: Charizard|49/100\n|move|p1b: Sneasler|Close Combat|p2b: Clawdia\n|-resisted|p2b: Clawdia|1\n|-damage|p2b: Clawdia|63/100\n|-unboost|p1b: Sneasler|def|1\n|-unboost|p1b: Sneasler|spd|1\n|-enditem|p1b: Sneasler|White Herb\n|-clearnegativeboost|p1b: Sneasler|[silent]\n|move|p1a: Charizard|Air Slash|p2b: Clawdia\n|-supereffective|p2b: Clawdia|1\n|-damage|p2b: Clawdia|0 fnt\n|faint|p2b: Clawdia\n|\n|-weather|Snowscape|[upkeep]\n|upkeep\n|\n|t:|1776303102\n|switch|p2b: Ursa Major|Beartic, L50, M|100/100\n|turn|4\n|\n|t:|1776303123\n|switch|p1a: Incineroar|Incineroar, L50, M|100/100\n|move|p1b: Sneasler|Protect|p1b: Sneasler\n|-singleturn|p1b: Sneasler|Protect\n|move|p2b: Ursa Major|Aqua Jet|p1a: Incineroar\n|-supereffective|p1a: Incineroar|1\n|-damage|p1a: Incineroar|74/100\n|move|p2a: Aurora|Blizzard|p1b: Sneasler|[spread] p1a\n|-activate|p1b: Sneasler|move: Protect\n|-resisted|p1a: Incineroar|1\n|-damage|p1a: Incineroar|54/100\n|\n|-weather|Snowscape|[upkeep]\n|upkeep\n|turn|5\n|\n|t:|1776303140\n|move|p1a: Incineroar|Fake Out|p2b: Ursa Major\n|-damage|p2b: Ursa Major|93/100\n|cant|p2b: Ursa Major|flinch\n|move|p2a: Aurora|Blizzard|p1a: Incineroar|[spread] p1a,p1b\n|-resisted|p1a: Incineroar|1\n|-damage|p1a: Incineroar|34/100\n|-damage|p1b: Sneasler|14/100\n|-enditem|p1a: Incineroar|Sitrus Berry|[eat]\n|-heal|p1a: Incineroar|58/100|[from] item: Sitrus Berry\n|move|p1b: Sneasler|Close Combat|p2b: Ursa Major\n|-supereffective|p2b: Ursa Major|1\n|-damage|p2b: Ursa Major|9/100\n|-unboost|p1b: Sneasler|def|1\n|-unboost|p1b: Sneasler|spd|1\n|\n|-weather|Snowscape|[upkeep]\n|upkeep\n|turn|6\n|\n|t:|1776303169\n|switch|p1a: Charizard|Charizard-Mega-Y, L50, M|49/100\n|-weather|SunnyDay|[from] ability: Drought|[of] p1a: Charizard\n|move|p2b: Ursa Major|Aqua Jet|p1a: Charizard\n|-supereffective|p1a: Charizard|1\n|-damage|p1a: Charizard|30/100\n|move|p2a: Aurora|Blizzard|p1a: Charizard|[spread] p1b\n|-miss|p2a: Aurora|p1a: Charizard\n|-damage|p1b: Sneasler|0 fnt\n|faint|p1b: Sneasler\n|\n|-weather|SunnyDay|[upkeep]\n|upkeep\n|\n|t:|1776303184\n|switch|p1b: Venusaur|Venusaur, L50, M|100/100\n|turn|7\n|\n|t:|1776303199\n|move|p2b: Ursa Major|Protect|p2b: Ursa Major\n|-singleturn|p2b: Ursa Major|Protect\n|move|p1b: Venusaur|Earth Power|p2a: Aurora\n|-damage|p2a: Aurora|76/100\n|move|p2a: Aurora|Blizzard|p1b: Venusaur|[spread] \n|-miss|p2a: Aurora|p1a: Charizard\n|-miss|p2a: Aurora|p1b: Venusaur\n|move|p1a: Charizard|Heat Wave|p2b: Ursa Major|[spread] \n|-activate|p2b: Ursa Major|move: Protect\n|-miss|p1a: Charizard|p2a: Aurora\n|\n|-weather|SunnyDay|[upkeep]\n|-sideend|p2: Catyreiji|move: Aurora Veil\n|upkeep\n|turn|8\n|\n|t:|1776303217\n|move|p2b: Ursa Major|Aqua Jet|p1a: Charizard\n|-supereffective|p1a: Charizard|1\n|-damage|p1a: Charizard|14/100\n|move|p1b: Venusaur|Sludge Bomb|p2b: Ursa Major\n|-damage|p2b: Ursa Major|0 fnt\n|faint|p2b: Ursa Major\n|move|p2a: Aurora|Shadow Ball|p1a: Charizard\n|-damage|p1a: Charizard|0 fnt\n|faint|p1a: Charizard\n|\n|-weather|SunnyDay|[upkeep]\n|upkeep\n|\n|t:|1776303227\n|switch|p1a: Incineroar|Incineroar, L50, M|58/100\n|turn|9\n|\n|t:|1776303235\n|move|p2a: Aurora|Protect|p2a: Aurora\n|-singleturn|p2a: Aurora|Protect\n|move|p1b: Venusaur|Earth Power|p2a: Aurora\n|-activate|p2a: Aurora|move: Protect\n|move|p1a: Incineroar|Flare Blitz|p2a: Aurora\n|-activate|p2a: Aurora|move: Protect\n|\n|-weather|SunnyDay|[upkeep]\n|upkeep\n|turn|10\n|\n|t:|1776303247\n|move|p1b: Venusaur|Earth Power|p2a: Aurora\n|-damage|p2a: Aurora|42/100\n|-unboost|p2a: Aurora|spd|1\n|move|p2a: Aurora|Shadow Ball|p1b: Venusaur\n|-damage|p1b: Venusaur|51/100\n|move|p1a: Incineroar|Flare Blitz|p2a: Aurora\n|-supereffective|p2a: Aurora|1\n|-damage|p2a: Aurora|0 fnt\n|faint|p2a: Aurora\n|-damage|p1a: Incineroar|49/100|[from] Recoil\n|\n|win|Astil_ice\n|raw|Astil_ice's rating: 1080 &rarr; <strong>1112</strong><br />(+32 for winning)\n|raw|Catyreiji's rating: 1126 &rarr; <strong>1098</strong><br />(-28 for losing)\n|l|\u2606Astil_ice\n|player|p1|\n",
  "uploadtime": 1776303259,
  "views": 29,
  "formatid": "gen9championsvgc2026regma",
  "rating": 1098,
  "private": 0,
  "password": null
}