{
  "id": "gen9championsvgc2026regma-2583917462",
  "format": "[Gen 9 Champions] VGC 2026 Reg M-A",
  "players": [
    "cerdicactus",
    "dondondondondondon"
  ],
  "log": "|j|\u2606cerdicactus\n|j|\u2606dondondondondondon\n|t:|1776208145\n|gametype|doubles\n|player|p1|cerdicactus|juan|1251\n|player|p2|dondondondondondon|aaron|1212\n|gen|9\n|tier|[Gen 9 Champions] VGC 2026 Reg M-A\n|rated|\n|rule|Species Clause: Limit one of each Pok\u00e9mon\n|rule|Item Clause: Limit 1 of each item\n|clearpoke\n|poke|p1|Scovillain, L50, M|\n|poke|p1|Serperior, L50, M|\n|poke|p1|Raichu, L50, M|\n|poke|p1|Pelipper, L50, F|\n|poke|p1|Milotic, L50, M|\n|poke|p1|Krookodile, L50, M|\n|poke|p2|Archaludon, L50, F|\n|poke|p2|Pelipper, L50, F|\n|poke|p2|Basculegion, L50, M|\n|poke|p2|Dragonite, L50, F|\n|poke|p2|Sneasler, L50, M|\n|poke|p2|Kingambit, L50, F|\n|teampreview|4\n|\n|t:|1776208182\n|teamsize|p1|4\n|teamsize|p2|4\n|start\n|switch|p1a: Raichu|Raichu, L50, M|100/100\n|switch|p1b: Pelipper|Pelipper, L50, F|100/100\n|switch|p2a: chill guy|Sneasler, L50, M|100/100\n|switch|p2b: unchill guy|Kingambit, L50, F, shiny|100/100\n|-weather|RainDance|[from] ability: Drizzle|[of] p1b: Pelipper\n|turn|1\n|\n|t:|1776208209\n|move|p1a: Raichu|Fake Out|p2a: chill guy\n|-damage|p2a: chill guy|86/100\n|cant|p2a: chill guy|flinch\n|move|p1b: Pelipper|Tailwind|p1b: Pelipper\n|-sidestart|p1: cerdicactus|move: Tailwind\n|move|p2b: unchill guy|Kowtow Cleave|p1b: Pelipper\n|-damage|p1b: Pelipper|41/100\n|\n|-weather|RainDance|[upkeep]\n|upkeep\n|turn|2\n|\n|t:|1776208230\n|move|p1a: Raichu|Thunder|p2b: unchill guy\n|-damage|p2b: unchill guy|35/100\n|move|p2a: chill guy|Close Combat|p1a: Raichu\n|-damage|p1a: Raichu|0 fnt\n|-unboost|p2a: chill guy|def|1\n|-unboost|p2a: chill guy|spd|1\n|faint|p1a: Raichu\n|-enditem|p2a: chill guy|White Herb\n|-clearnegativeboost|p2a: chill guy|[silent]\n|move|p1b: Pelipper|Hurricane|p2a: chill guy\n|-supereffective|p2a: chill guy|1\n|-crit|p2a: chill guy\n|-damage|p2a: chill guy|0 fnt\n|faint|p2a: chill guy\n|move|p2b: unchill guy|Kowtow Cleave|p1b: Pelipper\n|-damage|p1b: Pelipper|0 fnt\n|faint|p1b: Pelipper\n|\n|-weather|RainDance|[upkeep]\n|upkeep\n|\n|t:|1776208251\n|switch|p1a: Scovillain|Scovillain, L50, M|100/100\n|switch|p2a: Bird|Pelipper, L50, F|100/100\n|switch|p1b: Serperior|Serperior, L50, M|100/100\n|turn|3\n|\n|t:|1776208279\n|detailschange|p1a: Scovillain|Scovillain-Mega, L50, M\n|-mega|p1a: Scovillain|Scovillain|Scovillainite\n|move|p2b: unchill guy|Sucker Punch|p1b: Serperior\n|-damage|p1b: Serperior|42/100\n|move|p1b: Serperior|Leaf Storm|p2a: Bird\n|-damage|p2a: Bird|40/100\n|-boost|p1b: Serperior|spa|2\n|move|p1a: Scovillain|Spicy Extract|p1b: Serperior\n|-unboost|p1b: Serperior|atk|2\n|-boost|p1b: Serperior|def|2\n|move|p2a: Bird|Tailwind|p2a: Bird\n|-sidestart|p2: dondondondondondon|move: Tailwind\n|\n|-weather|RainDance|[upkeep]\n|upkeep\n|turn|4\n|\n|t:|1776208303\n|move|p1a: Scovillain|Rage Powder|p1a: Scovillain\n|-singleturn|p1a: Scovillain|move: Rage Powder\n|move|p1b: Serperior|Leaf Storm|p2a: Bird\n|-damage|p2a: Bird|0 fnt\n|-boost|p1b: Serperior|spa|2\n|faint|p2a: Bird\n|move|p2b: unchill guy|Kowtow Cleave|p1a: Scovillain\n|-damage|p1a: Scovillain|51/100\n|-status|p2b: unchill guy|brn|[from] ability: Spicy Spray|[of] p1a: Scovillain\n|\n|-weather|RainDance|[upkeep]\n|-damage|p2b: unchill guy|30/100 brn|[from] brn\n|-sideend|p1: cerdicactus|move: Tailwind\n|upkeep\n|\n|t:|1776208317\n|switch|p2a: Ballistic Fishile|Basculegion, L50, M, shiny|100/100\n|turn|5\n|\n|t:|1776208329\n|move|p1a: Scovillain|Rage Powder|p1a: Scovillain\n|-singleturn|p1a: Scovillain|move: Rage Powder\n|move|p2a: Ballistic Fishile|Last Respects|p1a: Scovillain\n|-damage|p1a: Scovillain|0 fnt\n|-status|p2a: Ballistic Fishile|brn|[from] ability: Spicy Spray|[of] p1a: Scovillain\n|faint|p1a: Scovillain\n|move|p1b: Serperior|Leaf Storm|p2a: Ballistic Fishile|[miss]\n|-miss|p1b: Serperior|p2a: Ballistic Fishile\n|move|p2b: unchill guy|Iron Head|p1b: Serperior\n|-damage|p1b: Serperior|26/100\n|\n|-weather|none\n|-damage|p2a: Ballistic Fishile|94/100 brn|[from] brn\n|-damage|p2b: unchill guy|24/100 brn|[from] brn\n|upkeep\n|turn|6\n|\n|t:|1776208349\n|move|p2a: Ballistic Fishile|Last Respects|p1b: Serperior\n|-damage|p1b: Serperior|4/100\n|move|p1b: Serperior|Synthesis|p1b: Serperior\n|-heal|p1b: Serperior|54/100\n|move|p2b: unchill guy|Kowtow Cleave|p1b: Serperior\n|-damage|p1b: Serperior|36/100\n|\n|-damage|p2a: Ballistic Fishile|88/100 brn|[from] brn\n|-damage|p2b: unchill guy|18/100 brn|[from] brn\n|-sideend|p2: dondondondondondon|move: Tailwind\n|upkeep\n|turn|7\n|\n|t:|1776208365\n|move|p2b: unchill guy|Sucker Punch||[still]\n|-fail|p2b: unchill guy\n|move|p1b: Serperior|Synthesis|p1b: Serperior\n|-heal|p1b: Serperior|86/100\n|move|p2a: Ballistic Fishile|Last Respects|p1b: Serperior\n|-damage|p1b: Serperior|63/100\n|\n|-damage|p2a: Ballistic Fishile|82/100 brn|[from] brn\n|-damage|p2b: unchill guy|12/100 brn|[from] brn\n|upkeep\n|turn|8\n|\n|t:|1776208379\n|move|p1b: Serperior|Leaf Storm|p2a: Ballistic Fishile\n|-supereffective|p2a: Ballistic Fishile|1\n|-damage|p2a: Ballistic Fishile|0 fnt\n|-boost|p1b: Serperior|spa|2\n|faint|p2a: Ballistic Fishile\n|move|p2b: unchill guy|Kowtow Cleave|p1b: Serperior\n|-damage|p1b: Serperior|44/100\n|\n|-damage|p2b: unchill guy|7/100 brn|[from] brn\n|upkeep\n|turn|9\n|-message|dondondondondondon forfeited.\n|\n|win|cerdicactus\n|raw|cerdicactus's rating: 1251 &rarr; <strong>1273</strong><br />(+22 for winning)\n|raw|dondondondondondon's rating: 1212 &rarr; <strong>1190</strong><br />(-22 for losing)\n|l|\u2606dondondondondondon\n|player|p2|\n",
  "uploadtime": 1776208388,
  "views": 22,
  "formatid": "gen9championsvgc2026regma",
  "rating": 1190,
  "private": 0,
  "password": null
}