{
  "id": "gen9championsvgc2026regma-2586554419",
  "format": "[Gen 9 Champions] VGC 2026 Reg M-A",
  "players": [
    "Elit33",
    "GoruneK"
  ],
  "log": "|j|\u2606Elit33\n|j|\u2606GoruneK\n|t:|1776442678\n|gametype|doubles\n|player|p1|Elit33|worker|1085\n|player|p2|GoruneK|hiker-gen4|1174\n|gen|9\n|tier|[Gen 9 Champions] VGC 2026 Reg M-A\n|rated|\n|rule|Species Clause: Limit one of each Pok\u00e9mon\n|rule|Item Clause: Limit 1 of each item\n|clearpoke\n|poke|p1|Delphox, L50, M|\n|poke|p1|Clefable, L50, M|\n|poke|p1|Sinistcha-Masterpiece, L50|\n|poke|p1|Rotom-Wash, L50|\n|poke|p1|Aggron, L50, M|\n|poke|p1|Aerodactyl, L50, F|\n|poke|p2|Empoleon, L50, M|\n|poke|p2|Dragonite, L50, F|\n|poke|p2|Pelipper, L50, F|\n|poke|p2|Basculegion, L50, M|\n|poke|p2|Alakazam, L50, M|\n|poke|p2|Whimsicott, L50, F|\n|teampreview|4\n|\n|t:|1776442727\n|teamsize|p1|4\n|teamsize|p2|4\n|start\n|switch|p1a: Aggron|Aggron, L50, M|100/100\n|switch|p1b: Rotom|Rotom-Wash, L50|100/100\n|switch|p2a: Dragonite|Dragonite, L50, F, shiny|100/100\n|switch|p2b: Whimsicott|Whimsicott, L50, F, shiny|100/100\n|turn|1\n|inactive|Battle timer is ON: inactive players will automatically lose when time's up. (requested by GoruneK)\n|\n|t:|1776442750\n|detailschange|p2a: Dragonite|Dragonite-Mega, L50, F, shiny\n|-mega|p2a: Dragonite|Dragonite|Dragoninite\n|detailschange|p1a: Aggron|Aggron-Mega, L50, M\n|-mega|p1a: Aggron|Aggron|Aggronite\n|move|p2b: Whimsicott|Fake Tears|p1b: Rotom\n|-unboost|p1b: Rotom|spd|2\n|move|p2a: Dragonite|Draco Meteor|p1b: Rotom\n|-damage|p1b: Rotom|0 fnt\n|-unboost|p2a: Dragonite|spa|2\n|faint|p1b: Rotom\n|move|p1a: Aggron|Heavy Slam|p2b: Whimsicott\n|-supereffective|p2b: Whimsicott|1\n|-enditem|p2b: Whimsicott|Focus Sash\n|-damage|p2b: Whimsicott|1/100\n|\n|upkeep\n|inactive|Elit33 has 30 seconds left.\n|\n|t:|1776442778\n|switch|p1b: Aerodactyl|Aerodactyl, L50, F|100/100\n|-ability|p1b: Aerodactyl|Unnerve\n|turn|2\n|inactive|GoruneK has 30 seconds left.\n|\n|t:|1776442804\n|move|p2b: Whimsicott|Tailwind|p2b: Whimsicott\n|-sidestart|p2: GoruneK|move: Tailwind\n|move|p2a: Dragonite|Thunder|p1b: Aerodactyl|[miss]\n|-miss|p2a: Dragonite|p1b: Aerodactyl\n|move|p1b: Aerodactyl|Tailwind|p1b: Aerodactyl\n|-sidestart|p1: Elit33|move: Tailwind\n|move|p1a: Aggron|Heavy Slam|p2b: Whimsicott\n|-supereffective|p2b: Whimsicott|1\n|-damage|p2b: Whimsicott|0 fnt\n|faint|p2b: Whimsicott\n|\n|upkeep\n|\n|t:|1776442810\n|switch|p2b: Pelipper|Pelipper, L50, F|100/100\n|-weather|RainDance|[from] ability: Drizzle|[of] p2b: Pelipper\n|turn|3\n|\n|t:|1776442824\n|switch|p2a: Basculegion|Basculegion, L50, M|100/100\n|move|p1b: Aerodactyl|Protect|p1b: Aerodactyl\n|-singleturn|p1b: Aerodactyl|Protect\n|move|p2b: Pelipper|Weather Ball|p1b: Aerodactyl\n|-activate|p1b: Aerodactyl|move: Protect\n|move|p1a: Aggron|Thunder Punch|p2b: Pelipper\n|-supereffective|p2b: Pelipper|2\n|-damage|p2b: Pelipper|0 fnt\n|faint|p2b: Pelipper\n|\n|-weather|RainDance|[upkeep]\n|upkeep\n|\n|t:|1776442830\n|switch|p2b: Dragonite|Dragonite-Mega, L50, F, shiny|100/100\n|turn|4\n|\n|t:|1776442857\n|switch|p1b: Clefable|Clefable, L50, M|100/100\n|move|p2a: Basculegion|Wave Crash|p1a: Aggron\n|-damage|p1a: Aggron|51/100\n|-damage|p2a: Basculegion|87/100|[from] Recoil\n|move|p2b: Dragonite|Thunder|p1b: Clefable\n|-damage|p1b: Clefable|61/100\n|move|p1a: Aggron|Thunder Punch|p2a: Basculegion\n|-supereffective|p2a: Basculegion|1\n|-damage|p2a: Basculegion|36/100\n|\n|-weather|RainDance|[upkeep]\n|-heal|p1b: Clefable|67/100|[from] item: Leftovers\n|upkeep\n|turn|5\n|\n|t:|1776442876\n|move|p1a: Aggron|Protect|p1a: Aggron\n|-singleturn|p1a: Aggron|Protect\n|move|p2a: Basculegion|Wave Crash|p1b: Clefable\n|-damage|p1b: Clefable|0 fnt\n|faint|p1b: Clefable\n|-damage|p2a: Basculegion|15/100|[from] Recoil\n|move|p2b: Dragonite|Thunder|p1a: Aggron\n|-activate|p1a: Aggron|move: Protect\n|\n|-weather|RainDance|[upkeep]\n|-sideend|p1: Elit33|move: Tailwind\n|-sideend|p2: GoruneK|move: Tailwind\n|upkeep\n|\n|t:|1776442890\n|switch|p1b: Aerodactyl|Aerodactyl, L50, F|100/100\n|-ability|p1b: Aerodactyl|Unnerve\n|turn|6\n|\n|t:|1776442909\n|move|p2a: Basculegion|Aqua Jet|p1b: Aerodactyl\n|-supereffective|p1b: Aerodactyl|1\n|-enditem|p1b: Aerodactyl|Focus Sash\n|-damage|p1b: Aerodactyl|1/100\n|move|p1b: Aerodactyl|Tailwind|p1b: Aerodactyl\n|-sidestart|p1: Elit33|move: Tailwind\n|move|p2b: Dragonite|Thunder|p1b: Aerodactyl\n|-supereffective|p1b: Aerodactyl|1\n|-damage|p1b: Aerodactyl|0 fnt\n|faint|p1b: Aerodactyl\n|move|p1a: Aggron|Thunder Punch|p2a: Basculegion\n|-supereffective|p2a: Basculegion|1\n|-damage|p2a: Basculegion|0 fnt\n|faint|p2a: Basculegion\n|\n|-weather|RainDance|[upkeep]\n|upkeep\n|turn|7\n|\n|t:|1776442928\n|move|p1a: Aggron|Protect|p1a: Aggron\n|-singleturn|p1a: Aggron|Protect\n|move|p2b: Dragonite|Thunder|p1a: Aggron\n|-activate|p1a: Aggron|move: Protect\n|\n|-weather|none\n|upkeep\n|turn|8\n|\n|t:|1776442937\n|move|p2b: Dragonite|Protect|p2b: Dragonite\n|-singleturn|p2b: Dragonite|Protect\n|move|p1a: Aggron|Thunder Punch|p2b: Dragonite\n|-activate|p2b: Dragonite|move: Protect\n|\n|upkeep\n|turn|9\n|\n|t:|1776442947\n|move|p2b: Dragonite|Thunder|p1a: Aggron|[miss]\n|-miss|p2b: Dragonite|p1a: Aggron\n|move|p1a: Aggron|Thunder Punch|p2b: Dragonite\n|-damage|p2b: Dragonite|89/100\n|\n|-sideend|p1: Elit33|move: Tailwind\n|upkeep\n|turn|10\n|\n|t:|1776442958\n|move|p2b: Dragonite|Thunder|p1a: Aggron|[miss]\n|-miss|p2b: Dragonite|p1a: Aggron\n|move|p1a: Aggron|Thunder Punch|p2b: Dragonite\n|-crit|p2b: Dragonite\n|-damage|p2b: Dragonite|59/100\n|\n|upkeep\n|turn|11\n|\n|t:|1776442969\n|move|p1a: Aggron|Protect|p1a: Aggron\n|-singleturn|p1a: Aggron|Protect\n|move|p2b: Dragonite|Thunder|p1a: Aggron\n|-activate|p1a: Aggron|move: Protect\n|\n|upkeep\n|turn|12\n|\n|t:|1776442976\n|move|p2b: Dragonite|Draco Meteor|p1a: Aggron|[miss]\n|-miss|p2b: Dragonite|p1a: Aggron\n|move|p1a: Aggron|Thunder Punch|p2b: Dragonite\n|-damage|p2b: Dragonite|36/100\n|\n|upkeep\n|turn|13\n|c|\u2606GoruneK|\ud83d\udc4d\n|\n|t:|1776442987\n|move|p1a: Aggron|Protect|p1a: Aggron\n|-singleturn|p1a: Aggron|Protect\n|move|p2b: Dragonite|Hurricane|p1a: Aggron\n|-activate|p1a: Aggron|move: Protect\n|\n|upkeep\n|turn|14\n|\n|t:|1776442994\n|move|p2b: Dragonite|Hurricane|p1a: Aggron|[miss]\n|-miss|p2b: Dragonite|p1a: Aggron\n|move|p1a: Aggron|Thunder Punch|p2b: Dragonite\n|-damage|p2b: Dragonite|13/100\n|\n|upkeep\n|turn|15\n|\n|t:|1776443005\n|move|p2b: Dragonite|Draco Meteor|p1a: Aggron\n|-resisted|p1a: Aggron|1\n|-damage|p1a: Aggron|20/100\n|-unboost|p2b: Dragonite|spa|2\n|move|p1a: Aggron|Thunder Punch|p2b: Dragonite\n|-damage|p2b: Dragonite|0 fnt\n|faint|p2b: Dragonite\n|\n|win|Elit33\n|raw|Elit33's rating: 1085 &rarr; <strong>1119</strong><br />(+34 for winning)\n|raw|GoruneK's rating: 1174 &rarr; <strong>1143</strong><br />(-31 for losing)\n|c|\u2606Elit33|Gg\n",
  "uploadtime": 1776443016,
  "views": 30,
  "formatid": "gen9championsvgc2026regma",
  "rating": 1119,
  "private": 0,
  "password": null
}