{
  "id": "gen9championsvgc2026regma-2586131533",
  "format": "[Gen 9 Champions] VGC 2026 Reg M-A",
  "players": [
    "cherrryy",
    "bullgod4ever"
  ],
  "log": "|j|\u2606cherrryy\n|j|\u2606bullgod4ever\n|t:|1776402873\n|gametype|doubles\n|player|p1|cherrryy|#choruto|1448\n|player|p2|bullgod4ever|102|1370\n|gen|9\n|tier|[Gen 9 Champions] VGC 2026 Reg M-A\n|rated|\n|rule|Species Clause: Limit one of each Pok\u00e9mon\n|rule|Item Clause: Limit 1 of each item\n|clearpoke\n|poke|p1|Gardevoir, L50, F|\n|poke|p1|Blastoise, L50, M|\n|poke|p1|Pelipper, L50, M|\n|poke|p1|Kingambit, L50, M|\n|poke|p1|Sneasler, L50, M|\n|poke|p1|Sinistcha, L50|\n|poke|p2|Charizard, L50, M|\n|poke|p2|Garchomp, L50, M|\n|poke|p2|Venusaur, L50, F|\n|poke|p2|Basculegion, L50, M|\n|poke|p2|Incineroar, L50, M|\n|poke|p2|Scizor, L50, M|\n|teampreview|4\n|\n|t:|1776402958\n|teamsize|p1|4\n|teamsize|p2|4\n|start\n|switch|p1a: Sneasler|Sneasler, L50, M|100/100\n|switch|p1b: Gardevoir|Gardevoir, L50, F|100/100\n|switch|p2a: Charizard|Charizard, L50, M|100/100\n|switch|p2b: Venusaur|Venusaur, L50, F|100/100\n|-ability|p1b: Gardevoir|Chlorophyll|Trace|[from] ability: Trace|[of] p2b: Venusaur\n|turn|1\n|\n|t:|1776402982\n|detailschange|p1b: Gardevoir|Gardevoir-Mega, L50, F\n|-mega|p1b: Gardevoir|Gardevoir|Gardevoirite\n|move|p2b: Venusaur|Protect|p2b: Venusaur\n|-singleturn|p2b: Venusaur|Protect\n|move|p1a: Sneasler|Rock Tomb|p2a: Charizard\n|-supereffective|p2a: Charizard|2\n|-damage|p2a: Charizard|0 fnt\n|faint|p2a: Charizard\n|move|p1b: Gardevoir|Trick Room|p1b: Gardevoir\n|-fieldstart|move: Trick Room|[of] p1b: Gardevoir\n|\n|upkeep\n|\n|t:|1776402995\n|switch|p2a: Scizor|Scizor, L50, M|100/100\n|turn|2\n|inactive|Battle timer is ON: inactive players will automatically lose when time's up. (requested by bullgod4ever)\n|\n|t:|1776403036\n|switch|p1b: Kingambit|Kingambit, L50, M|100/100\n|detailschange|p2a: Scizor|Scizor-Mega, L50, M\n|-mega|p2a: Scizor|Scizor|Scizorite\n|move|p2a: Scizor|Bullet Punch|p1b: Kingambit\n|-resisted|p1b: Kingambit|1\n|-damage|p1b: Kingambit|87/100\n|move|p2b: Venusaur|Sleep Powder|p1a: Sneasler\n|-status|p1a: Sneasler|slp|[from] move: Sleep Powder\n|cant|p1a: Sneasler|slp\n|\n|upkeep\n|turn|3\n|\n|t:|1776403052\n|move|p2a: Scizor|Protect|p2a: Scizor\n|-singleturn|p2a: Scizor|Protect\n|move|p1b: Kingambit|Kowtow Cleave|p2a: Scizor\n|-activate|p2a: Scizor|move: Protect\n|move|p2b: Venusaur|Sleep Powder|p1b: Kingambit\n|-status|p1b: Kingambit|slp|[from] move: Sleep Powder\n|-curestatus|p1a: Sneasler|slp|[msg]\n|move|p1a: Sneasler|Close Combat|p2a: Scizor\n|-activate|p2a: Scizor|move: Protect\n|\n|upkeep\n|turn|4\n|j| Thegaybowserking\n|\n|t:|1776403072\n|cant|p1b: Kingambit|slp\n|move|p2a: Scizor|Close Combat|p1b: Kingambit\n|-supereffective|p1b: Kingambit|2\n|-enditem|p1b: Kingambit|Chople Berry|[eat]\n|-enditem|p1b: Kingambit|Chople Berry|[weaken]\n|-damage|p1b: Kingambit|22/100 slp\n|-unboost|p2a: Scizor|def|1\n|-unboost|p2a: Scizor|spd|1\n|move|p2b: Venusaur|Sleep Powder|p1a: Sneasler\n|-status|p1a: Sneasler|slp|[from] move: Sleep Powder\n|cant|p1a: Sneasler|slp\n|\n|upkeep\n|turn|5\n|inactive|bullgod4ever has 30 seconds left.\n|inactive|bullgod4ever has 20 seconds left.\n|inactive|bullgod4ever has 15 seconds left.\n|\n|t:|1776403113\n|switch|p2b: Basculegion|Basculegion, L50, M|100/100\n|move|p2a: Scizor|Bullet Punch|p1b: Kingambit\n|-resisted|p1b: Kingambit|1\n|-damage|p1b: Kingambit|10/100 slp\n|cant|p1b: Kingambit|slp\n|cant|p1a: Sneasler|slp\n|\n|-fieldend|move: Trick Room\n|upkeep\n|turn|6\n|\n|t:|1776403132\n|switch|p1b: Pelipper|Pelipper, L50, M|100/100\n|-weather|RainDance|[from] ability: Drizzle|[of] p1b: Pelipper\n|move|p2a: Scizor|Bullet Punch|p1b: Pelipper\n|-resisted|p1b: Pelipper|1\n|-damage|p1b: Pelipper|76/100\n|move|p2b: Basculegion|Last Respects|p1a: Sneasler\n|-crit|p1a: Sneasler\n|-damage|p1a: Sneasler|0 fnt\n|faint|p1a: Sneasler\n|\n|-weather|RainDance|[upkeep]\n|upkeep\n|\n|t:|1776403140\n|switch|p1a: Gardevoir|Gardevoir-Mega, L50, F|100/100\n|turn|7\n|\n|t:|1776403150\n|move|p2a: Scizor|Bullet Punch|p1a: Gardevoir\n|-supereffective|p1a: Gardevoir|1\n|-damage|p1a: Gardevoir|0 fnt\n|faint|p1a: Gardevoir\n|move|p2b: Basculegion|Last Respects|p1b: Pelipper\n|-damage|p1b: Pelipper|0 fnt\n|faint|p1b: Pelipper\n|\n|-weather|RainDance|[upkeep]\n|upkeep\n|-message|cherrryy forfeited.\n|\n|win|bullgod4ever\n|raw|cherrryy's rating: 1448 &rarr; <strong>1424</strong><br />(-24 for losing)\n|raw|bullgod4ever's rating: 1370 &rarr; <strong>1394</strong><br />(+24 for winning)\n",
  "uploadtime": 1776403158,
  "views": 36,
  "formatid": "gen9championsvgc2026regma",
  "rating": 1394,
  "private": 0,
  "password": null
}