{
  "id": "gen9championsvgc2026regma-2585897984",
  "format": "[Gen 9 Champions] VGC 2026 Reg M-A",
  "players": [
    "Bearfut",
    "Kyooby"
  ],
  "log": "|j|\u2606Bearfut\n|j|\u2606Kyooby\n|t:|1776379498\n|gametype|doubles\n|player|p1|Bearfut|102|1072\n|player|p2|Kyooby|volkner|1172\n|gen|9\n|tier|[Gen 9 Champions] VGC 2026 Reg M-A\n|rated|\n|rule|Species Clause: Limit one of each Pok\u00e9mon\n|rule|Item Clause: Limit 1 of each item\n|clearpoke\n|poke|p1|Sneasler, L50, F|\n|poke|p1|Floette-Eternal, L50, F|\n|poke|p1|Aerodactyl, L50, F|\n|poke|p1|Maushold-Four, L50|\n|poke|p1|Kingambit, L50, F|\n|poke|p1|Delphox, L50, F|\n|poke|p2|Maushold-Four, L50|\n|poke|p2|Gardevoir, L50, M|\n|poke|p2|Espathra, L50, M|\n|poke|p2|Kommo-o, L50, M|\n|poke|p2|Gyarados, L50, M|\n|poke|p2|Heliolisk, L50, M|\n|teampreview|4\n|inactive|Battle timer is ON: inactive players will automatically lose when time's up. (requested by Kyooby)\n|inactive|Bearfut also wants the timer to be on.\n|inactive|Kyooby has 60 seconds left.\n|\n|t:|1776379545\n|teamsize|p1|4\n|teamsize|p2|4\n|start\n|switch|p1a: Aerodactyl|Aerodactyl, L50, F|100/100\n|switch|p1b: Kingambit|Kingambit, L50, F|100/100\n|switch|p2a: Espathra|Espathra, L50, M|100/100\n|switch|p2b: Kommo-o|Kommo-o, L50, M|100/100\n|-ability|p1a: Aerodactyl|Unnerve\n|turn|1\n|\n|t:|1776379569\n|move|p2a: Espathra|Helping Hand|p2b: Kommo-o\n|-singleturn|p2b: Kommo-o|Helping Hand|[of] p2a: Espathra\n|move|p1b: Kingambit|Sucker Punch||[still]\n|-fail|p1b: Kingambit\n|move|p1a: Aerodactyl|Dual Wingbeat|p2b: Kommo-o\n|-supereffective|p2b: Kommo-o|1\n|-damage|p2b: Kommo-o|68/100\n|-supereffective|p2b: Kommo-o|1\n|-damage|p2b: Kommo-o|33/100\n|-hitcount|p2b: Kommo-o|2\n|move|p2b: Kommo-o|Aura Sphere|p1b: Kingambit\n|-supereffective|p1b: Kingambit|2\n|-damage|p1b: Kingambit|0 fnt\n|faint|p1b: Kingambit\n|\n|-heal|p2b: Kommo-o|39/100|[from] item: Leftovers\n|-ability|p2a: Espathra|Speed Boost|boost\n|-boost|p2a: Espathra|spe|1\n|upkeep\n|\n|t:|1776379588\n|switch|p1b: Delphox|Delphox, L50, F|100/100\n|turn|2\n|\n|t:|1776379602\n|move|p2a: Espathra|Rain Dance|p2a: Espathra\n|-weather|RainDance\n|move|p1a: Aerodactyl|Dual Wingbeat|p2a: Espathra\n|-damage|p2a: Espathra|77/100\n|-crit|p2a: Espathra\n|-damage|p2a: Espathra|42/100\n|-hitcount|p2a: Espathra|2\n|move|p1b: Delphox|Heat Wave|p2b: Kommo-o|[spread] p2a,p2b\n|-resisted|p2b: Kommo-o|1\n|-damage|p2a: Espathra|21/100\n|-damage|p2b: Kommo-o|31/100\n|move|p2b: Kommo-o|Clanging Scales|p1b: Delphox|[spread] p1a,p1b\n|-damage|p1a: Aerodactyl|43/100\n|-damage|p1b: Delphox|53/100\n|-unboost|p2b: Kommo-o|def|1\n|\n|-weather|RainDance|[upkeep]\n|-heal|p2b: Kommo-o|37/100|[from] item: Leftovers\n|-ability|p2a: Espathra|Speed Boost|boost\n|-boost|p2a: Espathra|spe|1\n|upkeep\n|turn|3\n|\n|t:|1776379626\n|move|p2a: Espathra|Protect|p2a: Espathra\n|-singleturn|p2a: Espathra|Protect\n|move|p1a: Aerodactyl|Rock Slide|p2a: Espathra|[spread] \n|-activate|p2a: Espathra|move: Protect\n|-miss|p1a: Aerodactyl|p2b: Kommo-o\n|move|p1b: Delphox|Psychic|p2b: Kommo-o\n|-supereffective|p2b: Kommo-o|1\n|-damage|p2b: Kommo-o|0 fnt\n|faint|p2b: Kommo-o\n|\n|-weather|RainDance|[upkeep]\n|-ability|p2a: Espathra|Speed Boost|boost\n|-boost|p2a: Espathra|spe|1\n|upkeep\n|\n|t:|1776379634\n|switch|p2b: Gardevoir|Gardevoir, L50, M, shiny|100/100\n|-ability|p2b: Gardevoir|Unnerve|Trace|[from] ability: Trace|[of] p1a: Aerodactyl\n|-ability|p2b: Gardevoir|Unnerve\n|turn|4\n|inactive|Kyooby has 30 seconds left.\n|\n|t:|1776379667\n|detailschange|p2b: Gardevoir|Gardevoir-Mega, L50, M, shiny\n|-mega|p2b: Gardevoir|Gardevoir|Gardevoirite\n|move|p1b: Delphox|Protect|p1b: Delphox\n|-singleturn|p1b: Delphox|Protect\n|move|p2a: Espathra|Lumina Crash|p1b: Delphox\n|-activate|p1b: Delphox|move: Protect\n|move|p1a: Aerodactyl|Rock Slide|p2b: Gardevoir|[spread] p2a,p2b\n|-damage|p2a: Espathra|0 fnt\n|-damage|p2b: Gardevoir|67/100\n|faint|p2a: Espathra\n|move|p2b: Gardevoir|Hyper Voice|p1b: Delphox|[spread] p1a\n|-activate|p1b: Delphox|move: Protect\n|-damage|p1a: Aerodactyl|0 fnt\n|faint|p1a: Aerodactyl\n|\n|-weather|RainDance|[upkeep]\n|upkeep\n|\n|t:|1776379685\n|switch|p1a: Sneasler|Sneasler, L50, F|100/100\n|switch|p2a: Maushold|Maushold-Four, L50|100/100\n|turn|5\n|\n|t:|1776379704\n|move|p2a: Maushold|Protect|p2a: Maushold\n|-singleturn|p2a: Maushold|Protect\n|move|p2b: Gardevoir|Protect|p2b: Gardevoir\n|-singleturn|p2b: Gardevoir|Protect\n|move|p1a: Sneasler|Fake Out|p2b: Gardevoir\n|-activate|p2b: Gardevoir|move: Protect\n|move|p1b: Delphox|Heat Wave|p2b: Gardevoir|[spread] \n|-activate|p2a: Maushold|move: Protect\n|-activate|p2b: Gardevoir|move: Protect\n|\n|-weather|RainDance|[upkeep]\n|upkeep\n|turn|6\n|\n|t:|1776379724\n|move|p1b: Delphox|Protect|p1b: Delphox\n|-singleturn|p1b: Delphox|Protect\n|move|p2a: Maushold|Follow Me|p2a: Maushold\n|-singleturn|p2a: Maushold|move: Follow Me\n|move|p1a: Sneasler|Dire Claw|p2a: Maushold\n|-damage|p2a: Maushold|44/100\n|move|p2b: Gardevoir|Psychic|p1a: Sneasler\n|-supereffective|p1a: Sneasler|2\n|-damage|p1a: Sneasler|0 fnt\n|faint|p1a: Sneasler\n|\n|-weather|none\n|upkeep\n|turn|7\n|inactive|Bearfut has 30 seconds left.\n|inactive|Bearfut has 20 seconds left.\n|inactive|Bearfut has 15 seconds left.\n|l|\u2606Bearfut\n|inactive|Bearfut disconnected and has a minute to reconnect!\n|player|p1|\n|inactive|Bearfut has 10 seconds left.\n|inactive|Bearfut has 5 seconds left.\n|j|\u2606Bearfut\n|inactive|Bearfut reconnected and has 5 seconds left.\n|player|p1|Bearfut|102|\n|\n|t:|1776379779\n|move|p2a: Maushold|Encore|p1b: Delphox\n|-start|p1b: Delphox|Encore\n|move|p1b: Delphox|Protect||[still]\n|-fail|p1b: Delphox\n|move|p2b: Gardevoir|Hyper Voice|p1b: Delphox\n|-resisted|p1b: Delphox|1\n|-damage|p1b: Delphox|11/100\n|\n|upkeep\n|turn|8\n|-message|Bearfut forfeited.\n|\n|win|Kyooby\n|raw|Bearfut's rating: 1072 &rarr; <strong>1057</strong><br />(-15 for losing)\n|raw|Kyooby's rating: 1172 &rarr; <strong>1190</strong><br />(+18 for winning)\n",
  "uploadtime": 1776379785,
  "views": 19,
  "formatid": "gen9championsvgc2026regma",
  "rating": 1057,
  "private": 0,
  "password": null
}