{
  "id": "gen9championsvgc2026regma-2582494743",
  "format": "[Gen 9 Champions] VGC 2026 Reg M-A",
  "players": [
    "Stelazine",
    "vnunesp12"
  ],
  "log": "|j|\u2606Stelazine\n|j|\u2606vnunesp12\n|t:|1776095304\n|gametype|doubles\n|player|p1|Stelazine|benga|1074\n|player|p2|vnunesp12|red|1003\n|gen|9\n|tier|[Gen 9 Champions] VGC 2026 Reg M-A\n|rated|\n|rule|Species Clause: Limit one of each Pok\u00e9mon\n|rule|Item Clause: Limit 1 of each item\n|clearpoke\n|poke|p1|Victreebel, L50, M|\n|poke|p1|Incineroar, L50, F|\n|poke|p1|Alcremie, L50, F|\n|poke|p1|Talonflame, L50, F|\n|poke|p1|Hatterene, L50, F|\n|poke|p1|Snorlax, L50, F|\n|poke|p2|Manectric, L50, F|\n|poke|p2|Pelipper, L50, M|\n|poke|p2|Sinistcha, L50|\n|poke|p2|Basculegion, L50, M|\n|poke|p2|Sneasler, L50, M|\n|poke|p2|Kingambit, L50, F|\n|teampreview|4\n|inactive|Battle timer is ON: inactive players will automatically lose when time's up. (requested by Stelazine)\nStelazine has agreed to open team sheets.\n|\n|t:|1776095334\n|teamsize|p1|4\n|teamsize|p2|4\n|start\n|switch|p1a: Victreebel|Victreebel, L50, M|100/100\n|switch|p1b: Talonflame|Talonflame, L50, F|100/100\n|switch|p2a: Pulga|Sneasler, L50, M|100/100\n|switch|p2b: Jean Lucas|Basculegion, L50, M|100/100\n|turn|1\n|\n|t:|1776095350\n|detailschange|p1a: Victreebel|Victreebel-Mega, L50, M\n|-mega|p1a: Victreebel|Victreebel|Victreebelite\n|move|p1a: Victreebel|Protect|p1a: Victreebel\n|-singleturn|p1a: Victreebel|Protect\n|move|p2a: Pulga|Fake Out|p1b: Talonflame\n|-damage|p1b: Talonflame|80/100\n|move|p2b: Jean Lucas|Flip Turn|p1b: Talonflame\n|-supereffective|p1b: Talonflame|1\n|-damage|p1b: Talonflame|0 fnt\n|faint|p1b: Talonflame\n|\n|t:|1776095366\n|switch|p2b: Luciano Juba|Manectric, L50, F|100/100|[from] Flip Turn\n|\n|upkeep\n|\n|t:|1776095374\n|switch|p1b: Incineroar|Incineroar, L50, F|100/100\n|-ability|p1b: Incineroar|Intimidate|boost\n|-unboost|p2a: Pulga|atk|1\n|-unboost|p2b: Luciano Juba|atk|1\n|-enditem|p2a: Pulga|White Herb\n|-clearnegativeboost|p2a: Pulga|[silent]\n|turn|2\n|\n|t:|1776095389\n|move|p2a: Pulga|Protect|p2a: Pulga\n|-singleturn|p2a: Pulga|Protect\n|move|p2b: Luciano Juba|Protect|p2b: Luciano Juba\n|-singleturn|p2b: Luciano Juba|Protect\n|move|p1b: Incineroar|Fake Out|p2a: Pulga\n|-activate|p2a: Pulga|move: Protect\n|move|p1a: Victreebel|Sludge Bomb|p2b: Luciano Juba\n|-activate|p2b: Luciano Juba|move: Protect\n|\n|upkeep\n|turn|3\n|\n|t:|1776095412\n|detailschange|p2b: Luciano Juba|Manectric-Mega, L50, F\n|-mega|p2b: Luciano Juba|Manectric|Manectite\n|-ability|p2b: Luciano Juba|Intimidate|boost\n|-unboost|p1a: Victreebel|atk|1\n|-unboost|p1b: Incineroar|atk|1\n|move|p2a: Pulga|Close Combat|p1b: Incineroar\n|-supereffective|p1b: Incineroar|1\n|-damage|p1b: Incineroar|0 fnt\n|-unboost|p2a: Pulga|def|1\n|-unboost|p2a: Pulga|spd|1\n|faint|p1b: Incineroar\n|move|p2b: Luciano Juba|Flamethrower|p1a: Victreebel\n|-supereffective|p1a: Victreebel|1\n|-damage|p1a: Victreebel|15/100\n|move|p1a: Victreebel|Strength Sap|p2a: Pulga\n|-unboost|p2a: Pulga|atk|1\n|-heal|p1a: Victreebel|100/100\n|\n|upkeep\n|\n|t:|1776095420\n|switch|p1b: Alcremie|Alcremie, L50, F|100/100\n|turn|4\n|\n|t:|1776095435\n|move|p1b: Alcremie|Protect|p1b: Alcremie\n|-singleturn|p1b: Alcremie|Protect\n|move|p2a: Pulga|Dire Claw|p1a: Victreebel\n|-damage|p1a: Victreebel|70/100\n|move|p2b: Luciano Juba|Flamethrower|p1a: Victreebel\n|-supereffective|p1a: Victreebel|1\n|-damage|p1a: Victreebel|0 fnt\n|-damage|p2b: Luciano Juba|11/100|[from] ability: Innards Out|[of] p1a: Victreebel\n|faint|p1a: Victreebel\n|\n|upkeep\n|turn|5\n|\n|t:|1776095456\n|move|p2a: Pulga|Dire Claw|p1b: Alcremie\n|-supereffective|p1b: Alcremie|1\n|-damage|p1b: Alcremie|37/100\n|move|p2b: Luciano Juba|Volt Switch|p1b: Alcremie\n|-damage|p1b: Alcremie|0 fnt\n|faint|p1b: Alcremie\n|\n|win|vnunesp12\n|raw|Stelazine's rating: 1074 &rarr; <strong>1049</strong><br />(-25 for losing)\n|raw|vnunesp12's rating: 1003 &rarr; <strong>1051</strong><br />(+48 for winning)\n|l|\u2606Stelazine\n|player|p1|\n",
  "uploadtime": 1776095465,
  "views": 14,
  "formatid": "gen9championsvgc2026regma",
  "rating": 1049,
  "private": 0,
  "password": null
}