{
  "id": "gen9championsvgc2026regma-2582792287",
  "format": "[Gen 9 Champions] VGC 2026 Reg M-A",
  "players": [
    "akylles23",
    "Capt_dx"
  ],
  "log": "|j|\u2606akylles23\n|j|\u2606Capt_dx\n|t:|1776114484\n|gametype|doubles\n|player|p1|akylles23|n|1097\n|player|p2|Capt_dx|cynthia-gen4|1083\n|gen|9\n|tier|[Gen 9 Champions] VGC 2026 Reg M-A\n|rated|\n|rule|Species Clause: Limit one of each Pok\u00e9mon\n|rule|Item Clause: Limit 1 of each item\n|clearpoke\n|poke|p1|Dragonite, L50, M|\n|poke|p1|Kingambit, L50, F|\n|poke|p1|Sneasler, L50, M|\n|poke|p1|Sinistcha, L50|\n|poke|p1|Archaludon, L50, M|\n|poke|p1|Pelipper, L50, M|\n|poke|p2|Sinistcha, L50|\n|poke|p2|Kingambit, L50, F|\n|poke|p2|Bellibolt, L50, F|\n|poke|p2|Starmie, L50|\n|poke|p2|Snorlax, L50, M|\n|poke|p2|Oranguru, L50, F|\n|teampreview|4\n|inactive|Battle timer is ON: inactive players will automatically lose when time's up. (requested by akylles23)\nakylles23 rejected open team sheets.\n|\n|t:|1776114502\n|teamsize|p1|4\n|teamsize|p2|4\n|start\n|switch|p1a: Pelipper|Pelipper, L50, M, shiny|100/100\n|switch|p1b: Sneasler|Sneasler, L50, M|100/100\n|switch|p2a: Oranguru|Oranguru, L50, F|100/100\n|switch|p2b: Bellibolt|Bellibolt, L50, F|100/100\n|-weather|RainDance|[from] ability: Drizzle|[of] p1a: Pelipper\n|turn|1\n|\n|t:|1776114518\n|move|p2b: Bellibolt|Protect|p2b: Bellibolt\n|-singleturn|p2b: Bellibolt|Protect\n|move|p1b: Sneasler|Fake Out|p2a: Oranguru\n|-damage|p2a: Oranguru|88/100\n|move|p1a: Pelipper|Tailwind|p1a: Pelipper\n|-sidestart|p1: akylles23|move: Tailwind\n|move|p2a: Oranguru|Trick Room|p2a: Oranguru\n|-fieldstart|move: Trick Room|[of] p2a: Oranguru\n|\n|-weather|RainDance|[upkeep]\n|upkeep\n|turn|2\n|inactive|akylles23 has 30 seconds left.\n|\n|t:|1776114552\n|move|p2b: Bellibolt|Parabolic Charge|p1a: Pelipper|[spread] p2a,p1a,p1b\n|-supereffective|p1a: Pelipper|2\n|-damage|p2a: Oranguru|71/100\n|-enditem|p1a: Pelipper|Focus Sash\n|-damage|p1a: Pelipper|1/100\n|-damage|p1b: Sneasler|71/100\n|move|p2a: Oranguru|Instruct|p2b: Bellibolt\n|-singleturn|p2b: Bellibolt|move: Instruct|[of] p2a: Oranguru\n|move|p2b: Bellibolt|Parabolic Charge|p1a: Pelipper|[spread] p2a,p1a,p1b\n|-supereffective|p1a: Pelipper|2\n|-damage|p2a: Oranguru|53/100\n|-damage|p1a: Pelipper|0 fnt\n|-damage|p1b: Sneasler|41/100\n|faint|p1a: Pelipper\n|move|p1b: Sneasler|Close Combat|p2b: Bellibolt\n|-damage|p2b: Bellibolt|48/100\n|-unboost|p1b: Sneasler|def|1\n|-unboost|p1b: Sneasler|spd|1\n|-start|p2b: Bellibolt|Charge|Close Combat|[from] ability: Electromorphosis\n|-enditem|p1b: Sneasler|White Herb\n|-clearnegativeboost|p1b: Sneasler|[silent]\n|\n|-weather|RainDance|[upkeep]\n|upkeep\n|\n|t:|1776114569\n|switch|p1a: Sinistcha|Sinistcha, L50|100/100\n|-heal|p1b: Sneasler|66/100|[from] ability: Hospitality|[of] p1a: Sinistcha\n|turn|3\n|\n|t:|1776114580\n|move|p2a: Oranguru|Protect|p2a: Oranguru\n|-singleturn|p2a: Oranguru|Protect\n|move|p2b: Bellibolt|Parabolic Charge|p1a: Sinistcha|[spread] p1a,p1b\n|-activate|p2a: Oranguru|move: Protect\n|-resisted|p1a: Sinistcha|1\n|-damage|p1a: Sinistcha|76/100\n|-heal|p2b: Bellibolt|57/100|[from] drain|[of] p1a: Sinistcha\n|-damage|p1b: Sneasler|1/100\n|-heal|p2b: Bellibolt|81/100|[from] drain|[of] p1b: Sneasler\n|-end|p2b: Bellibolt|Charge|[silent]\n|move|p1a: Sinistcha|Matcha Gotcha|p2a: Oranguru|[spread] p2b\n|-activate|p2a: Oranguru|move: Protect\n|-crit|p2b: Bellibolt\n|-damage|p2b: Bellibolt|52/100\n|-heal|p1a: Sinistcha|94/100|[from] drain|[of] p2b: Bellibolt\n|-start|p2b: Bellibolt|Charge|Matcha Gotcha|[from] ability: Electromorphosis\n|move|p1b: Sneasler|Close Combat|p2a: Oranguru\n|-activate|p2a: Oranguru|move: Protect\n|\n|-weather|RainDance|[upkeep]\n|upkeep\n|turn|4\n|\n|t:|1776114604\n|move|p2b: Bellibolt|Muddy Water|p1b: Sneasler|[spread] p1a,p1b\n|-resisted|p1a: Sinistcha|1\n|-damage|p1a: Sinistcha|80/100\n|-damage|p1b: Sneasler|0 fnt\n|faint|p1b: Sneasler\n|move|p2a: Oranguru|Instruct|p2b: Bellibolt\n|-singleturn|p2b: Bellibolt|move: Instruct|[of] p2a: Oranguru\n|move|p2b: Bellibolt|Muddy Water|p1a: Sinistcha|[miss]\n|-miss|p2b: Bellibolt|p1a: Sinistcha\n|move|p1a: Sinistcha|Life Dew|p1a: Sinistcha\n|-heal|p1a: Sinistcha|100/100\n|\n|-weather|RainDance|[upkeep]\n|-sideend|p1: akylles23|move: Tailwind\n|upkeep\n|\n|t:|1776114614\n|switch|p1b: Dragonite|Dragonite, L50, M, shiny|100/100\n|turn|5\n|\n|t:|1776114628\n|detailschange|p1b: Dragonite|Dragonite-Mega, L50, M, shiny\n|-mega|p1b: Dragonite|Dragonite|Dragoninite\n|move|p1b: Dragonite|Protect|p1b: Dragonite\n|-singleturn|p1b: Dragonite|Protect\n|move|p2b: Bellibolt|Parabolic Charge|p1b: Dragonite|[spread] p2a,p1a\n|-activate|p1b: Dragonite|move: Protect\n|-resisted|p1a: Sinistcha|1\n|-damage|p2a: Oranguru|19/100\n|-heal|p2b: Bellibolt|68/100|[from] drain|[of] p2a: Oranguru\n|-damage|p1a: Sinistcha|76/100\n|-heal|p2b: Bellibolt|78/100|[from] drain|[of] p1a: Sinistcha\n|-end|p2b: Bellibolt|Charge|[silent]\n|move|p2a: Oranguru|Instruct|p2b: Bellibolt\n|-singleturn|p2b: Bellibolt|move: Instruct|[of] p2a: Oranguru\n|move|p2b: Bellibolt|Parabolic Charge|p1a: Sinistcha|[spread] p2a,p1a\n|-activate|p1b: Dragonite|move: Protect\n|-resisted|p1a: Sinistcha|1\n|-damage|p2a: Oranguru|4/100\n|-heal|p2b: Bellibolt|85/100|[from] drain|[of] p2a: Oranguru\n|-damage|p1a: Sinistcha|63/100\n|-heal|p2b: Bellibolt|91/100|[from] drain|[of] p1a: Sinistcha\n|move|p1a: Sinistcha|Life Dew||[still]|[spread] p1a,p1b\n|-heal|p1a: Sinistcha|88/100\n|-fail|p1b: Dragonite|heal\n|\n|-weather|none\n|-fieldend|move: Trick Room\n|upkeep\n|turn|6\n|inactive|akylles23 has 30 seconds left.\n|\n|t:|1776114658\n|move|p1b: Dragonite|Hurricane|p2b: Bellibolt\n|-resisted|p2b: Bellibolt|1\n|-damage|p2b: Bellibolt|66/100\n|-start|p2b: Bellibolt|Charge|Hurricane|[from] ability: Electromorphosis\n|move|p1a: Sinistcha|Matcha Gotcha|p2a: Oranguru|[spread] p2b\n|-miss|p1a: Sinistcha|p2a: Oranguru\n|-damage|p2b: Bellibolt|46/100\n|-heal|p1a: Sinistcha|100/100|[from] drain|[of] p2b: Bellibolt\n|-status|p2b: Bellibolt|brn\n|-start|p2b: Bellibolt|Charge|Matcha Gotcha|[from] ability: Electromorphosis\n|move|p2b: Bellibolt|Light Screen|p2b: Bellibolt\n|-sidestart|p2: Capt_dx|move: Light Screen\n|move|p2a: Oranguru|Trick Room|p2a: Oranguru\n|-fieldstart|move: Trick Room|[of] p2a: Oranguru\n|\n|-damage|p2b: Bellibolt|40/100 brn|[from] brn\n|upkeep\n|turn|7\n|\n|t:|1776114678\n|move|p2a: Oranguru|Protect|p2a: Oranguru\n|-singleturn|p2a: Oranguru|Protect\n|move|p1b: Dragonite|Protect|p1b: Dragonite\n|-singleturn|p1b: Dragonite|Protect\n|move|p2b: Bellibolt|Parabolic Charge|p1a: Sinistcha|[spread] p1a\n|-activate|p2a: Oranguru|move: Protect\n|-activate|p1b: Dragonite|move: Protect\n|-resisted|p1a: Sinistcha|1\n|-damage|p1a: Sinistcha|74/100\n|-heal|p2b: Bellibolt|51/100 brn|[from] drain|[of] p1a: Sinistcha\n|-end|p2b: Bellibolt|Charge|[silent]\n|move|p1a: Sinistcha|Matcha Gotcha|p2b: Bellibolt|[spread] \n|-activate|p2a: Oranguru|move: Protect\n|-miss|p1a: Sinistcha|p2b: Bellibolt\n|\n|-damage|p2b: Bellibolt|45/100 brn|[from] brn\n|upkeep\n|turn|8\n|\n|t:|1776114696\n|move|p2b: Bellibolt|Parabolic Charge|p1b: Dragonite|[spread] p2a,p1a,p1b\n|-resisted|p1a: Sinistcha|1\n|-damage|p2a: Oranguru|0 fnt\n|-heal|p2b: Bellibolt|47/100 brn|[from] drain|[of] p2a: Oranguru\n|-damage|p1a: Sinistcha|62/100\n|-heal|p2b: Bellibolt|52/100 brn|[from] drain|[of] p1a: Sinistcha\n|-damage|p1b: Dragonite|90/100\n|-heal|p2b: Bellibolt|56/100 brn|[from] drain|[of] p1b: Dragonite\n|faint|p2a: Oranguru\n|move|p1a: Sinistcha|Life Dew|p1a: Sinistcha|[spread] p1a,p1b\n|-heal|p1a: Sinistcha|87/100\n|-heal|p1b: Dragonite|100/100\n|move|p1b: Dragonite|Hurricane|p2b: Bellibolt\n|-resisted|p2b: Bellibolt|1\n|-damage|p2b: Bellibolt|38/100 brn\n|-start|p2b: Bellibolt|Charge|Hurricane|[from] ability: Electromorphosis\n|\n|-damage|p2b: Bellibolt|32/100 brn|[from] brn\n|upkeep\n|\n|t:|1776114710\n|switch|p2a: Snorlax|Snorlax, L50, M|100/100\n|turn|9\n|\n|t:|1776114717\n|move|p1b: Dragonite|Protect|p1b: Dragonite\n|-singleturn|p1b: Dragonite|Protect\n|move|p2a: Snorlax|Curse|p2a: Snorlax\n|-unboost|p2a: Snorlax|spe|1\n|-boost|p2a: Snorlax|atk|1\n|-boost|p2a: Snorlax|def|1\n|move|p2b: Bellibolt|Muddy Water|p1b: Dragonite|[spread] p1a\n|-activate|p1b: Dragonite|move: Protect\n|-resisted|p1a: Sinistcha|1\n|-damage|p1a: Sinistcha|77/100\n|move|p1a: Sinistcha|Matcha Gotcha|p2a: Snorlax|[spread] p2a,p2b\n|-damage|p2a: Snorlax|92/100\n|-heal|p1a: Sinistcha|84/100|[from] drain|[of] p2a: Snorlax\n|-damage|p2b: Bellibolt|19/100 brn\n|-heal|p1a: Sinistcha|92/100|[from] drain|[of] p2b: Bellibolt\n|-start|p2b: Bellibolt|Charge|Matcha Gotcha|[from] ability: Electromorphosis\n|\n|-damage|p2b: Bellibolt|13/100 brn|[from] brn\n|upkeep\n|turn|10\n|\n|t:|1776114736\n|move|p2a: Snorlax|Curse|p2a: Snorlax\n|-unboost|p2a: Snorlax|spe|1\n|-boost|p2a: Snorlax|atk|1\n|-boost|p2a: Snorlax|def|1\n|move|p2b: Bellibolt|Muddy Water|p1b: Dragonite|[spread] p1a,p1b\n|-resisted|p1a: Sinistcha|1\n|-resisted|p1b: Dragonite|1\n|-damage|p1a: Sinistcha|83/100\n|-damage|p1b: Dragonite|97/100\n|move|p1a: Sinistcha|Life Dew|p1a: Sinistcha|[spread] p1a,p1b\n|-heal|p1a: Sinistcha|100/100\n|-heal|p1b: Dragonite|100/100\n|move|p1b: Dragonite|Hurricane|p2b: Bellibolt\n|-resisted|p2b: Bellibolt|1\n|-damage|p2b: Bellibolt|0 fnt\n|faint|p2b: Bellibolt\n|\n|-sideend|p2: Capt_dx|move: Light Screen\n|-fieldend|move: Trick Room\n|upkeep\n|\n|t:|1776114746\n|switch|p2b: Starmie|Starmie, L50|100/100\n|turn|11\n|\n|t:|1776114757\n|detailschange|p2b: Starmie|Starmie-Mega, L50\n|-mega|p2b: Starmie|Starmie|Starminite\n|move|p1b: Dragonite|Protect|p1b: Dragonite\n|-singleturn|p1b: Dragonite|Protect\n|move|p2b: Starmie|Skill Swap|p2a: Snorlax\n|-activate|p2b: Starmie|Skill Swap|||[of] p2a: Snorlax\n|move|p1a: Sinistcha|Matcha Gotcha|p2b: Starmie|[spread] p2b\n|-miss|p1a: Sinistcha|p2a: Snorlax\n|-supereffective|p2b: Starmie|1\n|-damage|p2b: Starmie|39/100\n|move|p2a: Snorlax|Body Slam|p1b: Dragonite\n|-activate|p1b: Dragonite|move: Protect\n|\n|upkeep\n|turn|12\n|\n|t:|1776114775\n|move|p2b: Starmie|Liquidation|p1b: Dragonite\n|-resisted|p1b: Dragonite|1\n|-damage|p1b: Dragonite|91/100\n|move|p1b: Dragonite|Draco Meteor|p2a: Snorlax\n|-damage|p2a: Snorlax|58/100\n|-unboost|p1b: Dragonite|spa|2\n|move|p1a: Sinistcha|Matcha Gotcha|p2a: Snorlax|[spread] p2a,p2b\n|-supereffective|p2b: Starmie|1\n|-damage|p2a: Snorlax|46/100\n|-damage|p2b: Starmie|0 fnt\n|-enditem|p2a: Snorlax|Sitrus Berry|[eat]\n|-heal|p2a: Snorlax|71/100|[from] item: Sitrus Berry\n|faint|p2b: Starmie\n|move|p2a: Snorlax|Body Slam|p1b: Dragonite\n|-crit|p1b: Dragonite\n|-damage|p1b: Dragonite|0 fnt\n|faint|p1b: Dragonite\n|\n|upkeep\n|turn|13\n|\n|t:|1776114799\n|move|p1a: Sinistcha|Matcha Gotcha|p2a: Snorlax\n|-damage|p2a: Snorlax|54/100\n|move|p2a: Snorlax|Curse|p2a: Snorlax\n|-unboost|p2a: Snorlax|spe|1\n|-boost|p2a: Snorlax|atk|1\n|-boost|p2a: Snorlax|def|1\n|\n|upkeep\n|turn|14\n|\n|t:|1776114804\n|move|p1a: Sinistcha|Matcha Gotcha|p2a: Snorlax\n|-damage|p2a: Snorlax|39/100\n|-status|p2a: Snorlax|brn\n|move|p2a: Snorlax|Curse|p2a: Snorlax\n|-unboost|p2a: Snorlax|spe|1\n|-boost|p2a: Snorlax|atk|1\n|-boost|p2a: Snorlax|def|1\n|\n|-damage|p2a: Snorlax|33/100 brn|[from] brn\n|upkeep\n|turn|15\n|\n|t:|1776114809\n|move|p1a: Sinistcha|Matcha Gotcha|p2a: Snorlax\n|-damage|p2a: Snorlax|18/100 brn\n|move|p2a: Snorlax|Rest|p2a: Snorlax\n|-status|p2a: Snorlax|slp|[from] move: Rest\n|-heal|p2a: Snorlax|100/100 slp|[silent]\n|\n|upkeep\n|turn|16\n|\n|t:|1776114818\n|move|p1a: Sinistcha|Rage Powder|p1a: Sinistcha\n|-singleturn|p1a: Sinistcha|move: Rage Powder\n|cant|p2a: Snorlax|slp\n|\n|upkeep\n|turn|17\n|\n|t:|1776114821\n|move|p1a: Sinistcha|Matcha Gotcha|p2a: Snorlax|[miss]\n|-miss|p1a: Sinistcha|p2a: Snorlax\n|cant|p2a: Snorlax|slp\n|\n|upkeep\n|turn|18\n|\n|t:|1776114827\n|move|p1a: Sinistcha|Matcha Gotcha|p2a: Snorlax\n|-damage|p2a: Snorlax|84/100 slp\n|-curestatus|p2a: Snorlax|slp|[msg]\n|move|p2a: Snorlax|Curse|p2a: Snorlax\n|-unboost|p2a: Snorlax|spe|1\n|-boost|p2a: Snorlax|atk|1\n|-boost|p2a: Snorlax|def|1\n|\n|upkeep\n|turn|19\n|\n|t:|1776114835\n|move|p1a: Sinistcha|Matcha Gotcha|p2a: Snorlax\n|-damage|p2a: Snorlax|66/100\n|move|p2a: Snorlax|Earthquake|p1a: Sinistcha\n|-resisted|p1a: Sinistcha|1\n|-damage|p1a: Sinistcha|32/100\n|-enditem|p1a: Sinistcha|Sitrus Berry|[eat]\n|-heal|p1a: Sinistcha|56/100|[from] item: Sitrus Berry\n|\n|upkeep\n|turn|20\n|\n|t:|1776114846\n|move|p1a: Sinistcha|Life Dew|p1a: Sinistcha\n|-heal|p1a: Sinistcha|82/100\n|move|p2a: Snorlax|Curse|p2a: Snorlax\n|-unboost|p2a: Snorlax|spe|1\n|-boost|p2a: Snorlax|atk|1\n|-boost|p2a: Snorlax|def|1\n|\n|upkeep\n|turn|21\n|\n|t:|1776114852\n|move|p1a: Sinistcha|Matcha Gotcha|p2a: Snorlax\n|-damage|p2a: Snorlax|51/100\n|-heal|p1a: Sinistcha|94/100|[from] drain|[of] p2a: Snorlax\n|move|p2a: Snorlax|Earthquake|p1a: Sinistcha\n|-resisted|p1a: Sinistcha|1\n|-damage|p1a: Sinistcha|14/100\n|\n|upkeep\n|turn|22\n|-message|akylles23 forfeited.\n|\n|win|Capt_dx\n|raw|akylles23's rating: 1097 &rarr; <strong>1071</strong><br />(-26 for losing)\n|raw|Capt_dx's rating: 1083 &rarr; <strong>1112</strong><br />(+29 for winning)\n|l|\u2606akylles23\n|player|p1|\n",
  "uploadtime": 1776114875,
  "views": 15,
  "formatid": "gen9championsvgc2026regma",
  "rating": 1071,
  "private": 0,
  "password": null
}