{
  "id": "gen9championsvgc2026regma-2587417346",
  "format": "[Gen 9 Champions] VGC 2026 Reg M-A",
  "players": [
    "Wilko95",
    "Vodars"
  ],
  "log": "|j|\u2606Wilko95\n|j|\u2606Vodars\n|t:|1776530071\n|gametype|doubles\n|player|p1|Wilko95|2|1073\n|player|p2|Vodars|265|1024\n|gen|9\n|tier|[Gen 9 Champions] VGC 2026 Reg M-A\n|rated|\n|rule|Species Clause: Limit one of each Pok\u00e9mon\n|rule|Item Clause: Limit 1 of each item\n|clearpoke\n|poke|p1|Charizard, L50, F|\n|poke|p1|Venusaur, L50, M|\n|poke|p1|Garchomp, L50, F|\n|poke|p1|Rotom-Wash, L50|\n|poke|p1|Sneasler, L50, M|\n|poke|p1|Incineroar, L50, M|\n|poke|p2|Ninetales-Alola, L50, F|\n|poke|p2|Garchomp, L50, F|\n|poke|p2|Rotom-Wash, L50|\n|poke|p2|Corviknight, L50, F|\n|poke|p2|Incineroar, L50, F|\n|poke|p2|Lopunny, L50, F|\n|teampreview|4\n|\n|t:|1776530116\n|teamsize|p1|4\n|teamsize|p2|4\n|start\n|switch|p1a: Charizard|Charizard, L50, F|100/100\n|switch|p1b: Venusaur|Venusaur, L50, M|100/100\n|switch|p2a: Garchomp|Garchomp, L50, F|100/100\n|switch|p2b: Ninetales|Ninetales-Alola, L50, F|100/100\n|-weather|Snowscape|[from] ability: Snow Warning|[of] p2b: Ninetales\n|turn|1\n|inactive|Battle timer is ON: inactive players will automatically lose when time's up. (requested by Vodars)\n|\n|t:|1776530147\n|switch|p2b: Incineroar|Incineroar, L50, F|100/100\n|-ability|p2b: Incineroar|Intimidate|boost\n|-unboost|p1a: Charizard|atk|1\n|-unboost|p1b: Venusaur|atk|1\n|move|p2a: Garchomp|Rock Slide|p1b: Venusaur|[spread] p1a,p1b\n|-supereffective|p1a: Charizard|2\n|-crit|p1b: Venusaur\n|-damage|p1a: Charizard|0 fnt\n|-damage|p1b: Venusaur|65/100\n|faint|p1a: Charizard\n|move|p1b: Venusaur|Sludge Bomb|p2b: Incineroar\n|-damage|p2b: Incineroar|63/100\n|-status|p2b: Incineroar|psn\n|\n|-weather|Snowscape|[upkeep]\n|-damage|p2b: Incineroar|51/100 psn|[from] psn\n|upkeep\n|\n|t:|1776530161\n|switch|p1a: Garchomp|Garchomp, L50, F|100/100\n|turn|2\n|\n|t:|1776530171\n|move|p1a: Garchomp|Dragon Claw|p2a: Garchomp\n|-supereffective|p2a: Garchomp|1\n|-damage|p2a: Garchomp|10/100\n|-damage|p1a: Garchomp|88/100|[from] ability: Rough Skin|[of] p2a: Garchomp\n|move|p2a: Garchomp|Rock Slide|p1b: Venusaur|[spread] p1a,p1b\n|-resisted|p1a: Garchomp|1\n|-damage|p1a: Garchomp|78/100\n|-damage|p1b: Venusaur|37/100\n|move|p1b: Venusaur|Sludge Bomb|p2b: Incineroar\n|-damage|p2b: Incineroar|15/100 psn\n|-enditem|p2b: Incineroar|Sitrus Berry|[eat]\n|-heal|p2b: Incineroar|40/100 psn|[from] item: Sitrus Berry\n|move|p2b: Incineroar|Parting Shot|p1a: Garchomp\n|-unboost|p1a: Garchomp|atk|1\n|-unboost|p1a: Garchomp|spa|1\n|\n|t:|1776530186\n|switch|p2b: Ninetales|Ninetales-Alola, L50, F|100/100|[from] Parting Shot\n|\n|-weather|Snowscape|[upkeep]\n|upkeep\n|turn|3\n|\n|t:|1776530195\n|switch|p2a: Rotom|Rotom-Wash, L50|100/100\n|move|p1a: Garchomp|Dragon Claw|p2a: Rotom\n|-damage|p2a: Rotom|65/100\n|move|p2b: Ninetales|Blizzard|p1a: Garchomp|[spread] p1a,p1b\n|-supereffective|p1a: Garchomp|2\n|-supereffective|p1b: Venusaur|1\n|-damage|p1a: Garchomp|0 fnt\n|-damage|p1b: Venusaur|0 fnt\n|faint|p1a: Garchomp\n|faint|p1b: Venusaur\n|\n|-weather|Snowscape|[upkeep]\n|upkeep\n|\n|t:|1776530207\n|switch|p1b: Sneasler|Sneasler, L50, M|100/100\n|turn|4\n|\n|t:|1776530216\n|move|p1b: Sneasler|Fake Out|p2b: Ninetales\n|-damage|p2b: Ninetales|86/100\n|cant|p2b: Ninetales|flinch\n|move|p2a: Rotom|Thunderbolt|p1b: Sneasler\n|-damage|p1b: Sneasler|46/100\n|\n|-weather|Snowscape|[upkeep]\n|upkeep\n|turn|5\n|\n|t:|1776530226\n|move|p1b: Sneasler|Dire Claw|p2b: Ninetales\n|-supereffective|p2b: Ninetales|1\n|-damage|p2b: Ninetales|0 fnt\n|faint|p2b: Ninetales\n|move|p2a: Rotom|Thunderbolt|p1b: Sneasler\n|-damage|p1b: Sneasler|0 fnt\n|faint|p1b: Sneasler\n|\n|win|Vodars\n|raw|Wilko95's rating: 1073 &rarr; <strong>1049</strong><br />(-24 for losing)\n|raw|Vodars's rating: 1024 &rarr; <strong>1065</strong><br />(+41 for winning)\n",
  "uploadtime": 1776530235,
  "views": 30,
  "formatid": "gen9championsvgc2026regma",
  "rating": 1049,
  "private": 0,
  "password": null
}