{
  "id": "gen9championsvgc2026regma-2581296576",
  "format": "[Gen 9 Champions] VGC 2026 Reg M-A",
  "players": [
    "Vgcproto",
    "iiApreachless"
  ],
  "log": "|j|\u2606Vgcproto\n|j|\u2606iiApreachless\n|t:|1775982909\n|gametype|doubles\n|player|p1|Vgcproto|2|1302\n|player|p2|iiApreachless|1|1346\n|gen|9\n|tier|[Gen 9 Champions] VGC 2026 Reg M-A\n|rated|\n|rule|Species Clause: Limit one of each Pok\u00e9mon\n|rule|Item Clause: Limit 1 of each item\n|clearpoke\n|poke|p1|Tyranitar, L50, M|\n|poke|p1|Excadrill, L50, F|\n|poke|p1|Garchomp, L50, M|\n|poke|p1|Corviknight, L50, F|\n|poke|p1|Rotom-Heat, L50|\n|poke|p1|Sinistcha, L50|\n|poke|p2|Incineroar, L50, M|\n|poke|p2|Sneasler, L50, M|\n|poke|p2|Charizard, L50, M|\n|poke|p2|Whimsicott, L50, M|\n|poke|p2|Garchomp, L50, M|\n|poke|p2|Venusaur, L50, M|\n|teampreview|4\n|inactive|Battle timer is ON: inactive players will automatically lose when time's up. (requested by Vgcproto)\n|inactive|Vgcproto has 60 seconds left.\n|inactive|iiApreachless has 60 seconds left.\n|j| gE1xjZRtuhW2DdT0AK\n|inactive|Vgcproto has 30 seconds left.\n|inactive|Vgcproto has 20 seconds left.\n|inactive|Vgcproto has 15 seconds left.\n|\n|t:|1775982992\n|teamsize|p1|4\n|teamsize|p2|4\n|start\n|switch|p1a: Tyranitar|Tyranitar, L50, M|100/100\n|switch|p1b: Excadrill|Excadrill, L50, F|100/100\n|switch|p2a: Sneasler|Sneasler, L50, M|100/100\n|switch|p2b: Garchomp|Garchomp, L50, M|100/100\n|-weather|Sandstorm|[from] ability: Sand Stream|[of] p1a: Tyranitar\n|turn|1\n|inactive|iiApreachless has 30 seconds left.\n|inactive|iiApreachless has 20 seconds left.\n|inactive|iiApreachless has 15 seconds left.\n|inactive|iiApreachless has 10 seconds left.\n|\n|t:|1775983040\n|switch|p2a: Charizard|Charizard, L50, M|100/100\n|move|p1b: Excadrill|Protect|p1b: Excadrill\n|-singleturn|p1b: Excadrill|Protect\n|move|p1a: Tyranitar|Protect|p1a: Tyranitar\n|-singleturn|p1a: Tyranitar|Protect\n|move|p2b: Garchomp|Earthquake|p1a: Tyranitar|[spread] \n|-activate|p1a: Tyranitar|move: Protect\n|-activate|p1b: Excadrill|move: Protect\n|-immune|p2a: Charizard\n|\n|-weather|Sandstorm|[upkeep]\n|-damage|p2a: Charizard|95/100|[from] Sandstorm\n|upkeep\n|turn|2\n|inactive|Vgcproto has 30 seconds left.\n|inactive|Vgcproto has 20 seconds left.\n|inactive|Vgcproto has 15 seconds left.\n|inactive|Vgcproto has 10 seconds left.\n|inactive|Vgcproto has 5 seconds left.\n|\n|t:|1775983093\n|detailschange|p2a: Charizard|Charizard-Mega-Y, L50, M\n|-mega|p2a: Charizard|Charizard|Charizardite Y\n|-weather|SunnyDay|[from] ability: Drought|[of] p2a: Charizard\n|detailschange|p1a: Tyranitar|Tyranitar-Mega, L50, M\n|-mega|p1a: Tyranitar|Tyranitar|Tyranitarite\n|-weather|Sandstorm|[from] ability: Sand Stream|[of] p1a: Tyranitar\n|move|p1b: Excadrill|Rock Slide|p2b: Garchomp|[spread] p2a,p2b\n|-supereffective|p2a: Charizard|2\n|-resisted|p2b: Garchomp|1\n|-crit|p2b: Garchomp\n|-damage|p2a: Charizard|0 fnt\n|-damage|p2b: Garchomp|86/100\n|faint|p2a: Charizard\n|move|p2b: Garchomp|Earthquake|p1a: Tyranitar|[spread] p1a,p1b\n|-supereffective|p1a: Tyranitar|1\n|-supereffective|p1b: Excadrill|1\n|-damage|p1a: Tyranitar|54/100\n|-enditem|p1b: Excadrill|Focus Sash\n|-damage|p1b: Excadrill|1/100\n|move|p1a: Tyranitar|Rock Slide|p2b: Garchomp\n|-resisted|p2b: Garchomp|1\n|-damage|p2b: Garchomp|61/100\n|\n|-weather|Sandstorm|[upkeep]\n|upkeep\n|inactive|iiApreachless has 30 seconds left.\n|\n|t:|1775983121\n|switch|p2a: Whimsicott|Whimsicott, L50, M|100/100\n|turn|3\n|\n|t:|1775983134\n|switch|p1b: Corviknight|Corviknight, L50, F|100/100\n|move|p1a: Tyranitar|Protect|p1a: Tyranitar\n|-singleturn|p1a: Tyranitar|Protect\n|move|p2a: Whimsicott|Sunny Day|p2a: Whimsicott\n|-weather|SunnyDay\n|move|p2b: Garchomp|Earthquake|p1a: Tyranitar|[spread] p2a\n|-activate|p1a: Tyranitar|move: Protect\n|-immune|p1b: Corviknight\n|-resisted|p2a: Whimsicott|1\n|-damage|p2a: Whimsicott|85/100\n|\n|-weather|SunnyDay|[upkeep]\n|upkeep\n|turn|4\n|inactive|Vgcproto has 30 seconds left.\n|\n|t:|1775983164\n|move|p2b: Garchomp|Rock Slide|p1a: Tyranitar|[spread] p1a,p1b\n|-damage|p1a: Tyranitar|43/100\n|-damage|p1b: Corviknight|83/100\n|move|p2a: Whimsicott|Moonblast|p1a: Tyranitar\n|-supereffective|p1a: Tyranitar|1\n|-damage|p1a: Tyranitar|0 fnt\n|faint|p1a: Tyranitar\n|cant|p1b: Corviknight|flinch\n|\n|-weather|SunnyDay|[upkeep]\n|-heal|p1b: Corviknight|89/100|[from] item: Leftovers\n|upkeep\n|\n|t:|1775983174\n|switch|p1a: Garchomp|Garchomp, L50, M|100/100\n|turn|5\n|j| HappyLiga\n|\n|t:|1775983191\n|move|p2a: Whimsicott|Tailwind|p2a: Whimsicott\n|-sidestart|p2: iiApreachless|move: Tailwind\n|move|p2b: Garchomp|Dragon Claw|p1a: Garchomp\n|-supereffective|p1a: Garchomp|1\n|-damage|p1a: Garchomp|18/100\n|move|p1a: Garchomp|Dragon Claw|p2b: Garchomp\n|-supereffective|p2b: Garchomp|1\n|-enditem|p2b: Garchomp|Haban Berry|[eat]\n|-enditem|p2b: Garchomp|Haban Berry|[weaken]\n|-damage|p2b: Garchomp|17/100\n|-damage|p1a: Garchomp|6/100|[from] ability: Rough Skin|[of] p2b: Garchomp\n|move|p1b: Corviknight|Brave Bird|p2a: Whimsicott\n|-supereffective|p2a: Whimsicott|1\n|-damage|p2a: Whimsicott|0 fnt\n|faint|p2a: Whimsicott\n|-damage|p1b: Corviknight|66/100|[from] Recoil\n|\n|-weather|SunnyDay|[upkeep]\n|-heal|p1b: Corviknight|72/100|[from] item: Leftovers\n|upkeep\n|l| HappyLiga\n|\n|t:|1775983205\n|switch|p2a: Sneasler|Sneasler, L50, M|100/100\n|turn|6\n|inactive|Vgcproto has 30 seconds left.\n|inactive|Vgcproto has 20 seconds left.\n|\n|t:|1775983241\n|move|p2a: Sneasler|Close Combat|p1b: Corviknight\n|-damage|p1b: Corviknight|26/100\n|-unboost|p2a: Sneasler|def|1\n|-unboost|p2a: Sneasler|spd|1\n|-enditem|p2a: Sneasler|White Herb\n|-clearnegativeboost|p2a: Sneasler|[silent]\n|move|p2b: Garchomp|Rock Slide|p1b: Corviknight|[spread] p1a,p1b\n|-resisted|p1a: Garchomp|1\n|-damage|p1a: Garchomp|0 fnt\n|-damage|p1b: Corviknight|11/100\n|faint|p1a: Garchomp\n|cant|p1b: Corviknight|flinch\n|\n|-weather|SunnyDay|[upkeep]\n|-heal|p1b: Corviknight|17/100|[from] item: Leftovers\n|upkeep\n|j| HappyLiga\n|\n|t:|1775983259\n|switch|p1a: Excadrill|Excadrill, L50, F|1/100\n|turn|7\n|\n|t:|1775983266\n|move|p1a: Excadrill|Protect|p1a: Excadrill\n|-singleturn|p1a: Excadrill|Protect\n|move|p1b: Corviknight|Protect|p1b: Corviknight\n|-singleturn|p1b: Corviknight|Protect\n|move|p2a: Sneasler|Close Combat|p1b: Corviknight\n|-activate|p1b: Corviknight|move: Protect\n|move|p2b: Garchomp|Dragon Claw|p1a: Excadrill\n|-activate|p1a: Excadrill|move: Protect\n|\n|-weather|none\n|-heal|p1b: Corviknight|22/100|[from] item: Leftovers\n|upkeep\n|turn|8\n|l| HappyLiga\n|inactive|Vgcproto has 30 seconds left.\n|inactive|Vgcproto has 20 seconds left.\n|inactive|Vgcproto has 15 seconds left.\n|inactive|Vgcproto has 10 seconds left.\n|\n|t:|1775983313\n|move|p1a: Excadrill|Protect||[still]\n|-fail|p1a: Excadrill\n|move|p1b: Corviknight|Protect|p1b: Corviknight\n|-singleturn|p1b: Corviknight|Protect\n|move|p2a: Sneasler|Close Combat|p1b: Corviknight\n|-activate|p1b: Corviknight|move: Protect\n|move|p2b: Garchomp|Dragon Claw|p1a: Excadrill\n|-resisted|p1a: Excadrill|1\n|-damage|p1a: Excadrill|0 fnt\n|faint|p1a: Excadrill\n|\n|-heal|p1b: Corviknight|28/100|[from] item: Leftovers\n|-sideend|p2: iiApreachless|move: Tailwind\n|upkeep\n|turn|9\n|j| Junglebolt\n|\n|t:|1775983327\n|move|p2a: Sneasler|Close Combat|p1b: Corviknight\n|-damage|p1b: Corviknight|0 fnt\n|-unboost|p2a: Sneasler|def|1\n|-unboost|p2a: Sneasler|spd|1\n|faint|p1b: Corviknight\n|\n|win|iiApreachless\n|raw|Vgcproto's rating: 1302 &rarr; <strong>1285</strong><br />(-17 for losing)\n|raw|iiApreachless's rating: 1346 &rarr; <strong>1363</strong><br />(+17 for winning)\n|l|\u2606Vgcproto\n|player|p1|\n",
  "uploadtime": 1775983334,
  "views": 26,
  "formatid": "gen9championsvgc2026regma",
  "rating": 1285,
  "private": 0,
  "password": null
}