{
  "id": "gen9championsvgc2026regma-2580951120",
  "format": "[Gen 9 Champions] VGC 2026 Reg M-A",
  "players": [
    "Drakeni",
    "derpybaits"
  ],
  "log": "|j|\u2606Drakeni\n|j|\u2606derpybaits\n|t:|1775946072\n|gametype|doubles\n|player|p1|Drakeni|shadowtriad|1070\n|player|p2|derpybaits|266|1032\n|gen|9\n|tier|[Gen 9 Champions] VGC 2026 Reg M-A\n|rated|\n|rule|Species Clause: Limit one of each Pok\u00e9mon\n|rule|Item Clause: Limit 1 of each item\n|clearpoke\n|poke|p1|Politoed, L50, F|\n|poke|p1|Gengar, L50, M|\n|poke|p1|Incineroar, L50, F|\n|poke|p1|Palafin, L50, F|\n|poke|p1|Whimsicott, L50, M|\n|poke|p1|Kommo-o, L50, F|\n|poke|p2|Maushold, L50|\n|poke|p2|Garchomp, L50, F|\n|poke|p2|Talonflame, L50, M|\n|poke|p2|Rotom-Wash, L50|\n|poke|p2|Aegislash, L50, F|\n|poke|p2|Blastoise, L50, F|\n|teampreview|4\n|inactive|Battle timer is ON: inactive players will automatically lose when time's up. (requested by Drakeni)\n|\n|t:|1775946098\n|teamsize|p1|4\n|teamsize|p2|4\n|start\n|switch|p1a: Gengar|Gengar, L50, M|100/100\n|switch|p1b: Incineroar|Incineroar, L50, F|100/100\n|switch|p2a: Blastoise|Blastoise, L50, F|100/100\n|switch|p2b: Maushold|Maushold, L50|100/100\n|-ability|p1b: Incineroar|Intimidate|boost\n|-unboost|p2a: Blastoise|atk|1\n|-unboost|p2b: Maushold|atk|1\n|turn|1\n|inactive|derpybaits has 30 seconds left.\n|\n|t:|1775946126\n|detailschange|p1a: Gengar|Gengar-Mega, L50, M\n|-mega|p1a: Gengar|Gengar|Gengarite\n|detailschange|p2a: Blastoise|Blastoise-Mega, L50, F\n|-mega|p2a: Blastoise|Blastoise|Blastoisinite\n|move|p1b: Incineroar|Fake Out|p2a: Blastoise\n|-damage|p2a: Blastoise|92/100\n|move|p2b: Maushold|Follow Me|p2b: Maushold\n|-singleturn|p2b: Maushold|move: Follow Me\n|move|p1a: Gengar|Perish Song|p1a: Gengar\n|-start|p1a: Gengar|perish3|[silent]\n|-start|p1b: Incineroar|perish3|[silent]\n|-start|p2a: Blastoise|perish3|[silent]\n|-start|p2b: Maushold|perish3|[silent]\n|-fieldactivate|move: Perish Song\n|cant|p2a: Blastoise|flinch\n|\n|-start|p1a: Gengar|perish3\n|-start|p2b: Maushold|perish3\n|-start|p2a: Blastoise|perish3\n|-start|p1b: Incineroar|perish3\n|upkeep\n|turn|2\n|\n|t:|1775946137\n|move|p1a: Gengar|Protect|p1a: Gengar\n|-singleturn|p1a: Gengar|Protect\n|move|p1b: Incineroar|Protect|p1b: Incineroar\n|-singleturn|p1b: Incineroar|Protect\n|move|p2b: Maushold|Follow Me|p2b: Maushold\n|-singleturn|p2b: Maushold|move: Follow Me\n|move|p2a: Blastoise|Shell Smash|p2a: Blastoise\n|-unboost|p2a: Blastoise|def|1\n|-unboost|p2a: Blastoise|spd|1\n|-boost|p2a: Blastoise|atk|2\n|-boost|p2a: Blastoise|spa|2\n|-boost|p2a: Blastoise|spe|2\n|\n|-start|p2a: Blastoise|perish2\n|-start|p1a: Gengar|perish2\n|-start|p2b: Maushold|perish2\n|-start|p1b: Incineroar|perish2\n|upkeep\n|turn|3\n|\n|t:|1775946154\n|switch|p1a: Palafin|Palafin, L50, F|100/100\n|move|p2b: Maushold|Follow Me|p2b: Maushold\n|-singleturn|p2b: Maushold|move: Follow Me\n|move|p2a: Blastoise|Water Spout|p1b: Incineroar|[spread] p1a,p1b\n|-resisted|p1a: Palafin|1\n|-supereffective|p1b: Incineroar|1\n|-damage|p1a: Palafin|19/100\n|-damage|p1b: Incineroar|0 fnt\n|faint|p1b: Incineroar\n|\n|-start|p2a: Blastoise|perish1\n|-start|p2b: Maushold|perish1\n|upkeep\n|\n|t:|1775946166\n|switch|p1b: Gengar|Gengar-Mega, L50, M|100/100\n|turn|4\n|\n|t:|1775946179\n|move|p1b: Gengar|Protect|p1b: Gengar\n|-singleturn|p1b: Gengar|Protect\n|move|p1a: Palafin|Protect|p1a: Palafin\n|-singleturn|p1a: Palafin|Protect\n|move|p2b: Maushold|Follow Me|p2b: Maushold\n|-singleturn|p2b: Maushold|move: Follow Me\n|move|p2a: Blastoise|Water Spout|p1a: Palafin|[spread] \n|-activate|p1a: Palafin|move: Protect\n|-activate|p1b: Gengar|move: Protect\n|\n|-start|p2a: Blastoise|perish0\n|-start|p2b: Maushold|perish0\n|faint|p2a: Blastoise\n|faint|p2b: Maushold\n|upkeep\n|\n|t:|1775946182\n|switch|p2b: Talonflame|Talonflame, L50, M|100/100\n|switch|p2a: Garchomp|Garchomp, L50, F|100/100\n|turn|5\n|\n|t:|1775946200\n|move|p2b: Talonflame|Tailwind|p2b: Talonflame\n|-sidestart|p2: derpybaits|move: Tailwind\n|move|p2a: Garchomp|Earthquake|p1a: Palafin|[spread] p1a,p1b\n|-immune|p2b: Talonflame\n|-supereffective|p1b: Gengar|1\n|-crit|p1b: Gengar\n|-damage|p1a: Palafin|0 fnt\n|-damage|p1b: Gengar|0 fnt\n|faint|p1a: Palafin\n|faint|p1b: Gengar\n|\n|upkeep\n|\n|t:|1775946205\n|switch|p1b: Kommo-o|Kommo-o, L50, F|100/100\n|turn|6\n|\n|t:|1775946218\n|move|p1b: Kommo-o|Protect|p1b: Kommo-o\n|-singleturn|p1b: Kommo-o|Protect\n|move|p2b: Talonflame|Acrobatics|p1b: Kommo-o\n|-activate|p1b: Kommo-o|move: Protect\n|move|p2a: Garchomp|Earthquake|p1b: Kommo-o|[spread] \n|-activate|p1b: Kommo-o|move: Protect\n|-immune|p2b: Talonflame\n|\n|upkeep\n|turn|7\n|\n|t:|1775946228\n|move|p2b: Talonflame|Acrobatics|p1b: Kommo-o\n|-supereffective|p1b: Kommo-o|1\n|-damage|p1b: Kommo-o|22/100\n|move|p2a: Garchomp|Earthquake|p1b: Kommo-o|[spread] p1b\n|-immune|p2b: Talonflame\n|-damage|p1b: Kommo-o|0 fnt\n|faint|p1b: Kommo-o\n|\n|win|derpybaits\n|raw|Drakeni's rating: 1070 &rarr; <strong>1047</strong><br />(-23 for losing)\n|raw|derpybaits's rating: 1032 &rarr; <strong>1071</strong><br />(+39 for winning)\n",
  "uploadtime": 1775946235,
  "views": 14,
  "formatid": "gen9championsvgc2026regma",
  "rating": 1047,
  "private": 0,
  "password": null
}