{
  "id": "gen9championsvgc2026regma-2588260391",
  "format": "[Gen 9 Champions] VGC 2026 Reg M-A",
  "players": [
    "not zzag",
    "Gonroadtotop500"
  ],
  "log": "|j|\u2606not zzag\n|j|\u2606Gonroadtotop500\n|t:|1776618911\n|gametype|doubles\n|player|p1|not zzag|265|1247\n|player|p2|Gonroadtotop500|veteran|1343\n|gen|9\n|tier|[Gen 9 Champions] VGC 2026 Reg M-A\n|rated|\n|rule|Species Clause: Limit one of each Pok\u00e9mon\n|rule|Item Clause: Limit 1 of each item\n|clearpoke\n|poke|p1|Delphox, L50, M, shiny|\n|poke|p1|Liepard, L50, F, shiny|\n|poke|p1|Floette-Eternal, L50, F|\n|poke|p1|Aerodactyl, L50, M, shiny|\n|poke|p1|Sneasler, L50, M, shiny|\n|poke|p1|Ninetales, L50, M, shiny|\n|poke|p2|Archaludon, L50, F|\n|poke|p2|Garchomp, L50, F|\n|poke|p2|Basculegion, L50, M, shiny|\n|poke|p2|Floette-Eternal, L50, F|\n|poke|p2|Pelipper, L50, M|\n|poke|p2|Sinistcha, L50|\n|teampreview|4\n|inactive|Battle timer is ON: inactive players will automatically lose when time's up. (requested by Gonroadtotop500)\n|\n|t:|1776618969\n|teamsize|p1|4\n|teamsize|p2|4\n|start\n|switch|p1a: Liepard|Liepard, L50, F, shiny|100/100\n|switch|p1b: Floette|Floette-Eternal, L50, F|100/100\n|switch|p2a: Basculegion|Basculegion, L50, M, shiny|100/100\n|switch|p2b: Garchomp|Garchomp, L50, F|100/100\n|turn|1\n|inactive|not zzag has 30 seconds left.\n|\n|t:|1776618995\n|switch|p2b: Pelipper|Pelipper, L50, M|100/100\n|-weather|RainDance|[from] ability: Drizzle|[of] p2b: Pelipper\n|detailschange|p1b: Floette|Floette-Mega, L50, F\n|-mega|p1b: Floette|Floette|Floettite\n|-ability|p1b: Floette|Fairy Aura\n|move|p1a: Liepard|Fake Tears|p2b: Pelipper\n|-unboost|p2b: Pelipper|spd|2\n|move|p2a: Basculegion|Wave Crash|p1b: Floette\n|-damage|p1b: Floette|0 fnt\n|faint|p1b: Floette\n|-damage|p2a: Basculegion|70/100|[from] Recoil\n|\n|-weather|RainDance|[upkeep]\n|upkeep\n|\n|t:|1776619008\n|switch|p1b: Ninetales|Ninetales, L50, M, shiny|100/100\n|-weather|SunnyDay|[from] ability: Drought|[of] p1b: Ninetales\n|turn|2\n|inactive|Gonroadtotop500 has 30 seconds left.\n|inactive|Gonroadtotop500 has 20 seconds left.\n|\n|t:|1776619047\n|switch|p2a: Archaludon|Archaludon, L50, F|100/100\n|move|p1a: Liepard|Foul Play|p2a: Archaludon\n|-damage|p2a: Archaludon|79/100\n|-ability|p2a: Archaludon|Stamina|boost\n|-boost|p2a: Archaludon|def|1\n|move|p1b: Ninetales|Heat Wave|p2b: Pelipper|[spread] p2b\n|-miss|p1b: Ninetales|p2a: Archaludon\n|-resisted|p2b: Pelipper|1\n|-damage|p2b: Pelipper|63/100\n|move|p2b: Pelipper|Tailwind|p2b: Pelipper\n|-sidestart|p2: Gonroadtotop500|move: Tailwind\n|\n|-weather|SunnyDay|[upkeep]\n|upkeep\n|turn|3\n|inactive|Gonroadtotop500 has 30 seconds left.\n|inactive|Gonroadtotop500 has 20 seconds left.\n|\n|t:|1776619087\n|switch|p2b: Garchomp|Garchomp, L50, F|100/100\n|move|p1a: Liepard|Encore||[still]\n|-fail|p1a: Liepard\n|move|p2a: Archaludon|Dragon Pulse|p1b: Ninetales\n|-damage|p1b: Ninetales|59/100\n|move|p1b: Ninetales|Heat Wave|p2a: Archaludon|[spread] p2a,p2b\n|-resisted|p2b: Garchomp|1\n|-damage|p2a: Archaludon|39/100\n|-damage|p2b: Garchomp|77/100\n|-ability|p2a: Archaludon|Stamina|boost\n|-boost|p2a: Archaludon|def|1\n|-enditem|p2a: Archaludon|Sitrus Berry|[eat]\n|-heal|p2a: Archaludon|63/100|[from] item: Sitrus Berry\n|\n|-weather|SunnyDay|[upkeep]\n|upkeep\n|turn|4\n|inactive|not zzag has 30 seconds left.\n|\n|t:|1776619115\n|switch|p2b: Pelipper|Pelipper, L50, M|63/100\n|-weather|RainDance|[from] ability: Drizzle|[of] p2b: Pelipper\n|move|p1a: Liepard|Fake Tears|p2a: Archaludon\n|-unboost|p2a: Archaludon|spd|2\n|move|p2a: Archaludon|Electro Shot||[still]\n|-prepare|p2a: Archaludon|Electro Shot\n|-boost|p2a: Archaludon|spa|1\n|-anim|p2a: Archaludon|Electro Shot|p1b: Ninetales\n|-damage|p1b: Ninetales|0 fnt\n|faint|p1b: Ninetales\n|\n|-weather|RainDance|[upkeep]\n|upkeep\n|\n|t:|1776619128\n|switch|p1b: Sneasler|Sneasler, L50, M, shiny|100/100\n|turn|5\n|\n|t:|1776619141\n|move|p1b: Sneasler|Protect|p1b: Sneasler\n|-singleturn|p1b: Sneasler|Protect\n|move|p1a: Liepard|Fake Tears|p2b: Pelipper\n|-unboost|p2b: Pelipper|spd|2\n|move|p2a: Archaludon|Electro Shot||[still]\n|-prepare|p2a: Archaludon|Electro Shot\n|-boost|p2a: Archaludon|spa|1\n|-anim|p2a: Archaludon|Electro Shot|p1b: Sneasler\n|-activate|p1b: Sneasler|move: Protect\n|move|p2b: Pelipper|Hurricane|p1b: Sneasler\n|-activate|p1b: Sneasler|move: Protect\n|\n|-weather|RainDance|[upkeep]\n|-sideend|p2: Gonroadtotop500|move: Tailwind\n|upkeep\n|turn|6\n|inactive|not zzag has 30 seconds left.\n|\n|t:|1776619166\n|switch|p2a: Basculegion|Basculegion, L50, M, shiny|70/100\n|move|p1a: Liepard|Foul Play|p2a: Basculegion\n|-supereffective|p2a: Basculegion|1\n|-damage|p2a: Basculegion|0 fnt\n|faint|p2a: Basculegion\n|move|p1b: Sneasler|Dire Claw|p2b: Pelipper\n|-damage|p2b: Pelipper|14/100\n|move|p2b: Pelipper|Hurricane|p1b: Sneasler\n|-supereffective|p1b: Sneasler|1\n|-damage|p1b: Sneasler|8/100\n|-start|p1b: Sneasler|confusion\n|\n|-weather|RainDance|[upkeep]\n|upkeep\n|\n|t:|1776619184\n|switch|p2a: Garchomp|Garchomp, L50, F|77/100\n|turn|7\n|\n|t:|1776619208\n|-activate|p1b: Sneasler|confusion\n|move|p1b: Sneasler|Protect|p1b: Sneasler\n|-singleturn|p1b: Sneasler|Protect\n|move|p1a: Liepard|Foul Play|p2b: Pelipper\n|-damage|p2b: Pelipper|0 fnt\n|faint|p2b: Pelipper\n|move|p2a: Garchomp|Earthquake|p1b: Sneasler|[spread] p1a\n|-activate|p1b: Sneasler|move: Protect\n|-damage|p1a: Liepard|37/100\n|\n|-weather|RainDance|[upkeep]\n|upkeep\n|\n|t:|1776619224\n|switch|p2b: Archaludon|Archaludon, L50, F|63/100\n|turn|8\n|inactive|not zzag has 30 seconds left.\n|\n|t:|1776619263\n|move|p1a: Liepard|Foul Play|p2a: Garchomp\n|-damage|p2a: Garchomp|25/100\n|-damage|p1a: Liepard|25/100|[from] ability: Rough Skin|[of] p2a: Garchomp\n|-activate|p1b: Sneasler|confusion\n|move|p1b: Sneasler|Close Combat|p2a: Garchomp\n|-damage|p2a: Garchomp|0 fnt\n|-unboost|p1b: Sneasler|def|1\n|-unboost|p1b: Sneasler|spd|1\n|-damage|p1b: Sneasler|0 fnt|[from] ability: Rough Skin|[of] p2a: Garchomp\n|faint|p2a: Garchomp\n|faint|p1b: Sneasler\n|move|p2b: Archaludon|Electro Shot||[still]\n|-prepare|p2b: Archaludon|Electro Shot\n|-boost|p2b: Archaludon|spa|1\n|-anim|p2b: Archaludon|Electro Shot|p1a: Liepard\n|-crit|p1a: Liepard\n|-damage|p1a: Liepard|0 fnt\n|faint|p1a: Liepard\n|\n|win|Gonroadtotop500\n|raw|not zzag's rating: 1247 &rarr; <strong>1229</strong><br />(-18 for losing)\n|raw|Gonroadtotop500's rating: 1343 &rarr; <strong>1358</strong><br />(+15 for winning)\n|l|\u2606not zzag\n|player|p1|\n",
  "uploadtime": 1776619284,
  "views": 14,
  "formatid": "gen9championsvgc2026regma",
  "rating": 1229,
  "private": 0,
  "password": null
}