{
  "id": "gen9championsvgc2026regma-2583203906",
  "format": "[Gen 9 Champions] VGC 2026 Reg M-A",
  "players": [
    "Icarus#UPAD",
    "yanyuansisi"
  ],
  "log": "|j|\u2606Icarus#UPAD\n|j|\u2606yanyuansisi\n|t:|1776154396\n|gametype|doubles\n|player|p1|Icarus#UPAD|266|1267\n|player|p2|yanyuansisi|170|1167\n|gen|9\n|tier|[Gen 9 Champions] VGC 2026 Reg M-A\n|rated|\n|rule|Species Clause: Limit one of each Pok\u00e9mon\n|rule|Item Clause: Limit 1 of each item\n|clearpoke\n|poke|p1|Floette-Eternal, L50, F|\n|poke|p1|Maushold, L50|\n|poke|p1|Garchomp, L50, M|\n|poke|p1|Talonflame, L50, F|\n|poke|p1|Rotom-Wash, L50|\n|poke|p1|Charizard, L50, M|\n|poke|p2|Starmie, L50|\n|poke|p2|Kingambit, L50, M|\n|poke|p2|Incineroar, L50, M|\n|poke|p2|Sylveon, L50, M|\n|poke|p2|Sneasler, L50, M|\n|poke|p2|Sinistcha, L50|\n|teampreview|4\n|inactive|Battle timer is ON: inactive players will automatically lose when time's up. (requested by Icarus#UPAD)\n|\n|t:|1776154426\n|teamsize|p1|4\n|teamsize|p2|4\n|start\n|switch|p1a: Floette|Floette-Eternal, L50, F|100/100\n|switch|p1b: Maushold|Maushold, L50|100/100\n|switch|p2a: Starmie|Starmie, L50|100/100\n|switch|p2b: Sneasler|Sneasler, L50, M|100/100\n|turn|1\n|\n|t:|1776154443\n|detailschange|p2a: Starmie|Starmie-Mega, L50\n|-mega|p2a: Starmie|Starmie|Starminite\n|detailschange|p1a: Floette|Floette-Mega, L50, F\n|-mega|p1a: Floette|Floette|Floettite\n|-ability|p1a: Floette|Fairy Aura\n|move|p1a: Floette|Protect|p1a: Floette\n|-singleturn|p1a: Floette|Protect\n|move|p2b: Sneasler|Rock Slide|p1b: Maushold|[spread] p1b\n|-activate|p1a: Floette|move: Protect\n|-damage|p1b: Maushold|74/100\n|move|p1b: Maushold|Super Fang|p2a: Starmie\n|-damage|p2a: Starmie|50/100\n|move|p2a: Starmie|Liquidation|p1b: Maushold\n|-damage|p1b: Maushold|0 fnt\n|faint|p1b: Maushold\n|\n|upkeep\n|\n|t:|1776154462\n|switch|p1b: Talonflame|Talonflame, L50, F|100/100\n|turn|2\n|inactive|Icarus#UPAD has 30 seconds left.\n|inactive|yanyuansisi has 30 seconds left.\n|inactive|yanyuansisi has 20 seconds left.\n|inactive|yanyuansisi has 15 seconds left.\n|inactive|yanyuansisi has 10 seconds left.\n|\n|t:|1776154507\n|move|p1b: Talonflame|Tailwind|p1b: Talonflame\n|-sidestart|p1: Icarus#UPAD|move: Tailwind\n|move|p1a: Floette|Dazzling Gleam|p2b: Sneasler|[spread] p2a,p2b\n|-damage|p2a: Starmie|0 fnt\n|-damage|p2b: Sneasler|33/100\n|faint|p2a: Starmie\n|move|p2b: Sneasler|Rock Slide|p1a: Floette|[spread] p1b\n|-miss|p2b: Sneasler|p1a: Floette\n|-supereffective|p1b: Talonflame|2\n|-damage|p1b: Talonflame|0 fnt\n|faint|p1b: Talonflame\n|\n|upkeep\n|\n|t:|1776154519\n|switch|p1b: Garchomp|Garchomp, L50, M|100/100\n|switch|p2a: Sinistcha|Sinistcha, L50|100/100\n|-heal|p2b: Sneasler|58/100|[from] ability: Hospitality|[of] p2a: Sinistcha\n|turn|3\n|\n|t:|1776154528\n|move|p1b: Garchomp|Rock Slide|p2a: Sinistcha|[spread] p2a,p2b\n|-resisted|p2b: Sneasler|1\n|-damage|p2a: Sinistcha|84/100\n|-damage|p2b: Sneasler|42/100\n|move|p1a: Floette|Dazzling Gleam|p2a: Sinistcha|[spread] p2a,p2b\n|-damage|p2a: Sinistcha|34/100\n|-damage|p2b: Sneasler|0 fnt\n|faint|p2b: Sneasler\n|move|p2a: Sinistcha|Trick Room|p2a: Sinistcha\n|-fieldstart|move: Trick Room|[of] p2a: Sinistcha\n|\n|-heal|p2a: Sinistcha|41/100|[from] item: Leftovers\n|upkeep\n|\n|t:|1776154538\n|switch|p2b: Sylveon|Sylveon, L50, M|100/100\n|turn|4\n|\n|t:|1776154563\n|move|p1b: Garchomp|Protect|p1b: Garchomp\n|-singleturn|p1b: Garchomp|Protect\n|move|p2b: Sylveon|Hyper Voice|p1a: Floette|[spread] p1a\n|-activate|p1b: Garchomp|move: Protect\n|-damage|p1a: Floette|56/100\n|move|p2a: Sinistcha|Matcha Gotcha|p1a: Floette|[spread] p1a\n|-activate|p1b: Garchomp|move: Protect\n|-damage|p1a: Floette|39/100\n|-heal|p2a: Sinistcha|50/100|[from] drain|[of] p1a: Floette\n|move|p1a: Floette|Calm Mind|p1a: Floette\n|-boost|p1a: Floette|spa|1\n|-boost|p1a: Floette|spd|1\n|\n|-heal|p2a: Sinistcha|56/100|[from] item: Leftovers\n|upkeep\n|turn|5\n|inactive|Icarus#UPAD has 30 seconds left.\n|inactive|yanyuansisi has 30 seconds left.\n|inactive|yanyuansisi has 20 seconds left.\n|inactive|yanyuansisi has 15 seconds left.\n|inactive|yanyuansisi has 10 seconds left.\n|inactive|yanyuansisi has 5 seconds left.\n|\n|t:|1776154613\n|move|p2b: Sylveon|Hyper Beam|p1a: Floette\n|-damage|p1a: Floette|0 fnt\n|-mustrecharge|p2b: Sylveon\n|faint|p1a: Floette\n|move|p2a: Sinistcha|Matcha Gotcha|p1b: Garchomp\n|-damage|p1b: Garchomp|63/100\n|-heal|p2a: Sinistcha|76/100|[from] drain|[of] p1b: Garchomp\n|move|p1b: Garchomp|Rock Slide|p2a: Sinistcha|[spread] p2a,p2b\n|-damage|p2a: Sinistcha|59/100\n|-damage|p2b: Sylveon|81/100\n|\n|-heal|p2a: Sinistcha|65/100|[from] item: Leftovers\n|-sideend|p1: Icarus#UPAD|move: Tailwind\n|upkeep\n|turn|6\n|-message|Icarus#UPAD forfeited.\n|\n|win|yanyuansisi\n|raw|Icarus#UPAD's rating: 1267 &rarr; <strong>1235</strong><br />(-32 for losing)\n|raw|yanyuansisi's rating: 1167 &rarr; <strong>1199</strong><br />(+32 for winning)\n|l|\u2606Icarus#UPAD\n|player|p1|\n",
  "uploadtime": 1776154645,
  "views": 30,
  "formatid": "gen9championsvgc2026regma",
  "rating": 1199,
  "private": 0,
  "password": null
}