{
  "id": "gen9championsvgc2026regma-2582633846",
  "format": "[Gen 9 Champions] VGC 2026 Reg M-A",
  "players": [
    "megarekuzza",
    "AkujiAzure"
  ],
  "log": "|j|\u2606megarekuzza\n|j|\u2606AkujiAzure\n|t:|1776103937\n|gametype|doubles\n|player|p1|megarekuzza|brycenman|1028\n|player|p2|AkujiAzure|burglar|1015\n|gen|9\n|tier|[Gen 9 Champions] VGC 2026 Reg M-A\n|rated|\n|rule|Species Clause: Limit one of each Pok\u00e9mon\n|rule|Item Clause: Limit 1 of each item\n|clearpoke\n|poke|p1|Froslass, L50, F|\n|poke|p1|Palafin, L50, M|\n|poke|p1|Sneasler, L50, M|\n|poke|p1|Meowscarada, L50, F|\n|poke|p1|Incineroar, L50, F|\n|poke|p1|Maushold-Four, L50|\n|poke|p2|Alakazam, L50, M|\n|poke|p2|Cofagrigus, L50, F|\n|poke|p2|Drampa, L50, M|\n|poke|p2|Crabominable, L50, F|\n|poke|p2|Sinistcha, L50|\n|poke|p2|Basculegion, L50, M|\n|teampreview|4\n|\n|t:|1776103967\n|teamsize|p1|4\n|teamsize|p2|4\n|start\n|switch|p1a: Wolfey|Incineroar, L50, F, shiny|100/100\n|switch|p1b: Disguised hero|Palafin, L50, M, shiny|100/100\n|switch|p2a: Alakazam|Alakazam, L50, M, shiny|100/100\n|switch|p2b: Cofagrigus|Cofagrigus, L50, F|100/100\n|-ability|p1a: Wolfey|Intimidate|boost\n|-fail|p2a: Alakazam|unboost|Attack|[from] ability: Inner Focus|[of] p2a: Alakazam\n|-unboost|p2b: Cofagrigus|atk|1\n|turn|1\n|\n|t:|1776103990\n|detailschange|p1b: Disguised hero|Palafin-Hero, L50, M, shiny\n|switch|p1b: Girl Freeze'em|Froslass, L50, F|100/100\n|move|p1a: Wolfey|Fake Out|p2a: Alakazam\n|-damage|p2a: Alakazam|74/100\n|move|p2a: Alakazam|Speed Swap|p2b: Cofagrigus\n|-activate|p2a: Alakazam|move: Speed Swap|[of] p2b: Cofagrigus\n|move|p2b: Cofagrigus|Will-O-Wisp|p1a: Wolfey|[miss]\n|-miss|p2b: Cofagrigus|p1a: Wolfey\n|\n|upkeep\n|turn|2\n|\n|t:|1776104012\n|detailschange|p1b: Girl Freeze'em|Froslass-Mega, L50, F\n|-mega|p1b: Girl Freeze'em|Froslass|Froslassite\n|-weather|Snowscape|[from] ability: Snow Warning|[of] p1b: Girl Freeze'em\n|move|p1b: Girl Freeze'em|Protect|p1b: Girl Freeze'em\n|-singleturn|p1b: Girl Freeze'em|Protect\n|move|p2b: Cofagrigus|Shadow Ball|p1b: Girl Freeze'em\n|-activate|p1b: Girl Freeze'em|move: Protect\n|move|p1a: Wolfey|Throat Chop|p2b: Cofagrigus\n|-supereffective|p2b: Cofagrigus|1\n|-damage|p2b: Cofagrigus|42/100\n|-start|p2b: Cofagrigus|Throat Chop|[silent]\n|-activate|p2b: Cofagrigus|ability: Mummy|p1a: Wolfey|[ability] Intimidate\n|move|p2a: Alakazam|Reflect|p2a: Alakazam\n|-sidestart|p2: AkujiAzure|Reflect\n|\n|-weather|Snowscape|[upkeep]\n|-heal|p2b: Cofagrigus|48/100|[from] item: Leftovers\n|upkeep\n|turn|3\n|\n|t:|1776104037\n|switch|p2a: Sinistcha|Sinistcha, L50|100/100\n|-heal|p2b: Cofagrigus|73/100|[from] ability: Hospitality|[of] p2a: Sinistcha\n|move|p2b: Cofagrigus|Shadow Ball|p1b: Girl Freeze'em\n|-supereffective|p1b: Girl Freeze'em|1\n|-damage|p1b: Girl Freeze'em|22/100\n|move|p1b: Girl Freeze'em|Aurora Veil|p1b: Girl Freeze'em\n|-sidestart|p1: megarekuzza|move: Aurora Veil\n|move|p1a: Wolfey|Throat Chop|p2b: Cofagrigus\n|-supereffective|p2b: Cofagrigus|1\n|-damage|p2b: Cofagrigus|32/100\n|\n|-weather|Snowscape|[upkeep]\n|-heal|p2b: Cofagrigus|38/100|[from] item: Leftovers\n|-end|p2b: Cofagrigus|Throat Chop|[silent]\n|upkeep\n|turn|4\n|\n|t:|1776104061\n|move|p1b: Girl Freeze'em|Protect|p1b: Girl Freeze'em\n|-singleturn|p1b: Girl Freeze'em|Protect\n|move|p2a: Sinistcha|Rage Powder|p2a: Sinistcha\n|-singleturn|p2a: Sinistcha|move: Rage Powder\n|move|p2b: Cofagrigus|Shadow Ball|p1b: Girl Freeze'em\n|-activate|p1b: Girl Freeze'em|move: Protect\n|move|p1a: Wolfey|Throat Chop|p2a: Sinistcha\n|-supereffective|p2a: Sinistcha|1\n|-damage|p2a: Sinistcha|62/100\n|-start|p2a: Sinistcha|Throat Chop|[silent]\n|\n|-weather|Snowscape|[upkeep]\n|-heal|p2b: Cofagrigus|44/100|[from] item: Leftovers\n|upkeep\n|turn|5\n|\n|t:|1776104082\n|switch|p1b: Disguised hero|Palafin-Hero, L50, M, shiny|100/100\n|-activate|p1b: Disguised hero|ability: Zero to Hero\n|move|p2b: Cofagrigus|Shadow Ball|p1b: Disguised hero\n|-damage|p1b: Disguised hero|73/100\n|move|p2a: Sinistcha|Life Dew|p2a: Sinistcha|[spread] p2a,p2b\n|-heal|p2a: Sinistcha|87/100\n|-heal|p2b: Cofagrigus|69/100\n|move|p1a: Wolfey|Flare Blitz|p2a: Sinistcha\n|-supereffective|p2a: Sinistcha|1\n|-damage|p2a: Sinistcha|24/100\n|-enditem|p2a: Sinistcha|Sitrus Berry|[eat]\n|-heal|p2a: Sinistcha|48/100|[from] item: Sitrus Berry\n|-damage|p1a: Wolfey|82/100|[from] Recoil\n|\n|-weather|Snowscape|[upkeep]\n|-heal|p2b: Cofagrigus|75/100|[from] item: Leftovers\n|-end|p2a: Sinistcha|Throat Chop|[silent]\n|upkeep\n|turn|6\n|\n|t:|1776104105\n|move|p2b: Cofagrigus|Will-O-Wisp|p1b: Disguised hero\n|-status|p1b: Disguised hero|brn\n|move|p1b: Disguised hero|Wave Crash|p2b: Cofagrigus\n|-damage|p2b: Cofagrigus|53/100\n|-damage|p1b: Disguised hero|66/100 brn|[from] Recoil\n|move|p2a: Sinistcha|Matcha Gotcha|p1b: Disguised hero|[spread] p1a,p1b\n|-resisted|p1a: Wolfey|1\n|-crit|p1a: Wolfey\n|-supereffective|p1b: Disguised hero|1\n|-damage|p1a: Wolfey|66/100\n|-heal|p2a: Sinistcha|58/100|[from] drain|[of] p1a: Wolfey\n|-damage|p1b: Disguised hero|30/100 brn\n|-heal|p2a: Sinistcha|76/100|[from] drain|[of] p1b: Disguised hero\n|move|p1a: Wolfey|Flare Blitz|p2a: Sinistcha\n|-supereffective|p2a: Sinistcha|1\n|-crit|p2a: Sinistcha\n|-damage|p2a: Sinistcha|0 fnt\n|faint|p2a: Sinistcha\n|-damage|p1a: Wolfey|44/100|[from] Recoil\n|\n|-weather|none\n|-heal|p2b: Cofagrigus|59/100|[from] item: Leftovers\n|-damage|p1b: Disguised hero|24/100 brn|[from] brn\n|-sideend|p2: AkujiAzure|Reflect\n|upkeep\n|\n|t:|1776104129\n|switch|p2a: Alakazam|Alakazam, L50, M, shiny|74/100\n|turn|7\n|\n|t:|1776104141\n|move|p1b: Disguised hero|Jet Punch|p2a: Alakazam\n|-damage|p2a: Alakazam|27/100\n|move|p2a: Alakazam|Reflect|p2a: Alakazam\n|-sidestart|p2: AkujiAzure|Reflect\n|move|p2b: Cofagrigus|Nasty Plot|p2b: Cofagrigus\n|-boost|p2b: Cofagrigus|spa|2\n|move|p1a: Wolfey|Throat Chop|p2a: Alakazam\n|-supereffective|p2a: Alakazam|1\n|-damage|p2a: Alakazam|0 fnt\n|faint|p2a: Alakazam\n|\n|-heal|p2b: Cofagrigus|65/100|[from] item: Leftovers\n|-damage|p1b: Disguised hero|18/100 brn|[from] brn\n|-sideend|p1: megarekuzza|move: Aurora Veil\n|upkeep\n|\n|t:|1776104154\n|switch|p2a: Crabominable|Crabominable, L50, F|100/100\n|turn|8\n|\n|t:|1776104167\n|detailschange|p2a: Crabominable|Crabominable-Mega, L50, F\n|-mega|p2a: Crabominable|Crabominable|Crabominite\n|move|p2b: Cofagrigus|Shadow Ball|p1b: Disguised hero\n|-damage|p1b: Disguised hero|0 fnt\n|faint|p1b: Disguised hero\n|move|p1a: Wolfey|Throat Chop|p2b: Cofagrigus\n|-supereffective|p2b: Cofagrigus|1\n|-damage|p2b: Cofagrigus|24/100\n|-start|p2b: Cofagrigus|Throat Chop|[silent]\n|move|p2a: Crabominable|Drain Punch|p1a: Wolfey\n|-supereffective|p1a: Wolfey|1\n|-damage|p1a: Wolfey|0 fnt\n|-activate|p1a: Wolfey|ability: Mummy|p2a: Crabominable|[ability] Iron Fist\n|faint|p1a: Wolfey\n|\n|-heal|p2b: Cofagrigus|30/100|[from] item: Leftovers\n|upkeep\n|\n|t:|1776104180\n|switch|p1b: Toxic claws \ud83d\ude08\ud83d\ude08|Sneasler, L50, M, shiny|100/100\n|switch|p1a: Girl Freeze'em|Froslass-Mega, L50, F|22/100\n|-weather|Snowscape|[from] ability: Snow Warning|[of] p1a: Girl Freeze'em\n|turn|9\n|inactive|Battle timer is ON: inactive players will automatically lose when time's up. (requested by megarekuzza)\n|\n|t:|1776104203\n|move|p1a: Girl Freeze'em|Protect|p1a: Girl Freeze'em\n|-singleturn|p1a: Girl Freeze'em|Protect\n|move|p2b: Cofagrigus|Will-O-Wisp|p1b: Toxic claws \ud83d\ude08\ud83d\ude08\n|-status|p1b: Toxic claws \ud83d\ude08\ud83d\ude08|brn\n|move|p1b: Toxic claws \ud83d\ude08\ud83d\ude08|Close Combat|p2a: Crabominable\n|-supereffective|p2a: Crabominable|1\n|-damage|p2a: Crabominable|77/100\n|-unboost|p1b: Toxic claws \ud83d\ude08\ud83d\ude08|def|1\n|-unboost|p1b: Toxic claws \ud83d\ude08\ud83d\ude08|spd|1\n|-activate|p2a: Crabominable|ability: Mummy|p1b: Toxic claws \ud83d\ude08\ud83d\ude08|[ability] Unburden\n|-enditem|p1b: Toxic claws \ud83d\ude08\ud83d\ude08|White Herb\n|-clearnegativeboost|p1b: Toxic claws \ud83d\ude08\ud83d\ude08|[silent]\n|move|p2a: Crabominable|Thunder Punch|p1b: Toxic claws \ud83d\ude08\ud83d\ude08\n|-damage|p1b: Toxic claws \ud83d\ude08\ud83d\ude08|41/100 brn\n|\n|-weather|Snowscape|[upkeep]\n|-heal|p2b: Cofagrigus|36/100|[from] item: Leftovers\n|-damage|p1b: Toxic claws \ud83d\ude08\ud83d\ude08|35/100 brn|[from] brn\n|-end|p2b: Cofagrigus|Throat Chop|[silent]\n|upkeep\n|turn|10\n|\n|t:|1776104224\n|move|p2b: Cofagrigus|Shadow Ball|p1a: Girl Freeze'em\n|-supereffective|p1a: Girl Freeze'em|1\n|-damage|p1a: Girl Freeze'em|0 fnt\n|faint|p1a: Girl Freeze'em\n|move|p1b: Toxic claws \ud83d\ude08\ud83d\ude08|Dire Claw|p2b: Cofagrigus\n|-resisted|p2b: Cofagrigus|1\n|-damage|p2b: Cofagrigus|30/100\n|move|p2a: Crabominable|Thunder Punch|p1b: Toxic claws \ud83d\ude08\ud83d\ude08\n|-damage|p1b: Toxic claws \ud83d\ude08\ud83d\ude08|0 fnt\n|faint|p1b: Toxic claws \ud83d\ude08\ud83d\ude08\n|\n|win|AkujiAzure\n|raw|megarekuzza's rating: 1028 &rarr; <strong>1013</strong><br />(-15 for losing)\n|raw|AkujiAzure's rating: 1015 &rarr; <strong>1054</strong><br />(+39 for winning)\n|c|\u2606AkujiAzure|gg\n|l|\u2606megarekuzza\n|player|p1|\n",
  "uploadtime": 1776104253,
  "views": 14,
  "formatid": "gen9championsvgc2026regma",
  "rating": 1013,
  "private": 0,
  "password": null
}