{
  "id": "gen9championsvgc2026regma-2580737902",
  "format": "[Gen 9 Champions] VGC 2026 Reg M-A",
  "players": [
    "JuanpaVGC",
    "Juicy Jessi"
  ],
  "log": "|j|\u2606JuanpaVGC\n|j|\u2606Juicy Jessi\n|t:|1775928409\n|gametype|doubles\n|player|p1|JuanpaVGC|nate|1086\n|player|p2|Juicy Jessi|265|1000\n|gen|9\n|tier|[Gen 9 Champions] VGC 2026 Reg M-A\n|rated|\n|rule|Species Clause: Limit one of each Pok\u00e9mon\n|rule|Item Clause: Limit 1 of each item\n|clearpoke\n|poke|p1|Dragonite, L50, M|\n|poke|p1|Sneasler, L50, M|\n|poke|p1|Archaludon, L50, M|\n|poke|p1|Basculegion, L50, M|\n|poke|p1|Pelipper, L50, F|\n|poke|p1|Sinistcha-Masterpiece, L50|\n|poke|p2|Sneasler, L50, F|\n|poke|p2|Volcarona, L50, M|\n|poke|p2|Maushold, L50|\n|poke|p2|Noivern, L50, F|\n|poke|p2|Floette-Eternal, L50, F|\n|poke|p2|Kingambit, L50, F|\n|teampreview|4\n|inactive|Battle timer is ON: inactive players will automatically lose when time's up. (requested by Juicy Jessi)\n|inactive|JuanpaVGC also wants the timer to be on.\nJuicy Jessi has agreed to open team sheets.\n|\n|t:|1775928438\n|teamsize|p1|4\n|teamsize|p2|4\n|start\n|switch|p1a: Dragonite|Dragonite, L50, M, shiny|100/100\n|switch|p1b: Sneasler|Sneasler, L50, M|100/100\n|switch|p2a: Noivern|Noivern, L50, F|100/100\n|switch|p2b: Sneasler|Sneasler, L50, F|100/100\n|turn|1\n|\n|t:|1775928449\n|detailschange|p1a: Dragonite|Dragonite-Mega, L50, M, shiny\n|-mega|p1a: Dragonite|Dragonite|Dragoninite\n|move|p2b: Sneasler|Fake Out|p1a: Dragonite\n|-damage|p1a: Dragonite|95/100\n|move|p1b: Sneasler|Fake Out|p2b: Sneasler\n|-damage|p2b: Sneasler|75/100\n|move|p2a: Noivern|Tailwind|p2a: Noivern\n|-sidestart|p2: Juicy Jessi|move: Tailwind\n|cant|p1a: Dragonite|flinch\n|\n|upkeep\n|turn|2\n|\n|t:|1775928464\n|move|p2a: Noivern|Draco Meteor|p1a: Dragonite\n|-supereffective|p1a: Dragonite|1\n|-damage|p1a: Dragonite|0 fnt\n|-unboost|p2a: Noivern|spa|2\n|faint|p1a: Dragonite\n|move|p2b: Sneasler|Dire Claw|p1b: Sneasler\n|-resisted|p1b: Sneasler|1\n|-damage|p1b: Sneasler|64/100\n|move|p1b: Sneasler|Dire Claw|p2a: Noivern\n|-damage|p2a: Noivern|41/100\n|\n|upkeep\n|\n|t:|1775928480\n|switch|p1a: Archaludon|Archaludon, L50, M|100/100\n|turn|3\n|\n|t:|1775928497\n|move|p2a: Noivern|Air Slash|p1b: Sneasler\n|-supereffective|p1b: Sneasler|1\n|-crit|p1b: Sneasler\n|-damage|p1b: Sneasler|0 fnt\n|faint|p1b: Sneasler\n|move|p2b: Sneasler|Dire Claw|p1a: Archaludon\n|-immune|p1a: Archaludon\n|move|p1a: Archaludon|Snarl|p2a: Noivern|[spread] p2a,p2b\n|-crit|p2a: Noivern\n|-resisted|p2b: Sneasler|1\n|-damage|p2a: Noivern|13/100\n|-damage|p2b: Sneasler|64/100\n|-unboost|p2a: Noivern|spa|1\n|-unboost|p2b: Sneasler|spa|1\n|-enditem|p2b: Sneasler|White Herb\n|-clearnegativeboost|p2b: Sneasler|[silent]\n|\n|upkeep\n|\n|t:|1775928505\n|switch|p1b: Pelipper|Pelipper, L50, F|100/100\n|-weather|RainDance|[from] ability: Drizzle|[of] p1b: Pelipper\n|turn|4\n|\n|t:|1775928514\n|move|p2a: Noivern|Protect|p2a: Noivern\n|-singleturn|p2a: Noivern|Protect\n|move|p2b: Sneasler|Close Combat|p1a: Archaludon\n|-supereffective|p1a: Archaludon|1\n|-damage|p1a: Archaludon|3/100\n|-unboost|p2b: Sneasler|def|1\n|-unboost|p2b: Sneasler|spd|1\n|-ability|p1a: Archaludon|Stamina|boost\n|-boost|p1a: Archaludon|def|1\n|move|p1b: Pelipper|Hurricane|p2b: Sneasler\n|-supereffective|p2b: Sneasler|1\n|-damage|p2b: Sneasler|0 fnt\n|faint|p2b: Sneasler\n|move|p1a: Archaludon|Electro Shot||[still]\n|-prepare|p1a: Archaludon|Electro Shot\n|-boost|p1a: Archaludon|spa|1\n|-anim|p1a: Archaludon|Electro Shot|p2a: Noivern\n|-activate|p2a: Noivern|move: Protect\n|\n|-weather|RainDance|[upkeep]\n|-heal|p1a: Archaludon|9/100|[from] item: Leftovers\n|-sideend|p2: Juicy Jessi|move: Tailwind\n|upkeep\n|\n|t:|1775928522\n|switch|p2b: Floette|Floette-Eternal, L50, F|100/100\n|turn|5\n|\n|t:|1775928538\n|detailschange|p2b: Floette|Floette-Mega, L50, F\n|-mega|p2b: Floette|Floette|Floettite\n|-ability|p2b: Floette|Fairy Aura\n|move|p2a: Noivern|Draco Meteor|p1a: Archaludon\n|-damage|p1a: Archaludon|0 fnt\n|-unboost|p2a: Noivern|spa|2\n|faint|p1a: Archaludon\n|move|p2b: Floette|Dazzling Gleam|p1b: Pelipper\n|-damage|p1b: Pelipper|3/100\n|move|p1b: Pelipper|Weather Ball|p2a: Noivern\n|-resisted|p2a: Noivern|1\n|-damage|p2a: Noivern|0 fnt\n|faint|p2a: Noivern\n|\n|-weather|RainDance|[upkeep]\n|upkeep\n|-message|JuanpaVGC forfeited.\n|\n|win|Juicy Jessi\n|raw|JuanpaVGC's rating: 1086 &rarr; <strong>1058</strong><br />(-28 for losing)\n|raw|Juicy Jessi's rating: 1000 &rarr; <strong>1050</strong><br />(+50 for winning)\n|l|\u2606JuanpaVGC\n|player|p1|\n",
  "uploadtime": 1775928545,
  "views": 13,
  "formatid": "gen9championsvgc2026regma",
  "rating": 1050,
  "private": 0,
  "password": null
}