{
  "id": "gen9championsvgc2026regma-2582742267",
  "format": "[Gen 9 Champions] VGC 2026 Reg M-A",
  "players": [
    "C_H_A_N_T_Y457",
    "Zapdos79"
  ],
  "log": "|j|\u2606C_H_A_N_T_Y457\n|j|\u2606Zapdos79\n|t:|1776110962\n|gametype|doubles\n|player|p1|C_H_A_N_T_Y457|265|1177\n|player|p2|Zapdos79|flannery|1135\n|gen|9\n|tier|[Gen 9 Champions] VGC 2026 Reg M-A\n|rated|\n|rule|Species Clause: Limit one of each Pok\u00e9mon\n|rule|Item Clause: Limit 1 of each item\n|clearpoke\n|poke|p1|Gengar, L50, M|\n|poke|p1|Politoed, L50, M|\n|poke|p1|Maushold-Four, L50|\n|poke|p1|Incineroar, L50, M|\n|poke|p1|Klefki, L50, M|\n|poke|p1|Hydreigon, L50, F|\n|poke|p2|Tyranitar, L50, M|\n|poke|p2|Zoroark-Hisui, L50, M|\n|poke|p2|Excadrill, L50, M|\n|poke|p2|Meganium, L50, F|\n|poke|p2|Farigiraf, L50, F|\n|poke|p2|Incineroar, L50, F|\n|teampreview|4\nC_H_A_N_T_Y457 rejected open team sheets.\n|\n|t:|1776111006\n|teamsize|p1|4\n|teamsize|p2|4\n|start\n|switch|p1a: Hydreigon|Hydreigon, L50, F|100/100\n|switch|p1b: Politoed|Politoed, L50, M|100/100\n|switch|p2a: Incineroar|Incineroar, L50, F|100/100\n|switch|p2b: Meganium|Meganium, L50, F|100/100\n|-weather|RainDance|[from] ability: Drizzle|[of] p1b: Politoed\n|-ability|p2a: Incineroar|Intimidate|boost\n|-unboost|p1a: Hydreigon|atk|1\n|-unboost|p1b: Politoed|atk|1\n|turn|1\n|inactive|Battle timer is ON: inactive players will automatically lose when time's up. (requested by Zapdos79)\n|\n|t:|1776111023\n|detailschange|p2b: Meganium|Meganium-Mega, L50, F\n|-mega|p2b: Meganium|Meganium|Meganiumite\n|move|p1a: Hydreigon|Protect|p1a: Hydreigon\n|-singleturn|p1a: Hydreigon|Protect\n|move|p2a: Incineroar|Fake Out|p1b: Politoed\n|-damage|p1b: Politoed|87/100\n|move|p2b: Meganium|Dazzling Gleam|p1b: Politoed|[spread] p1b\n|-activate|p1a: Hydreigon|move: Protect\n|-damage|p1b: Politoed|61/100\n|cant|p1b: Politoed|flinch\n|\n|-weather|RainDance|[upkeep]\n|-heal|p1b: Politoed|67/100|[from] item: Leftovers\n|upkeep\n|turn|2\n|\n|t:|1776111043\n|switch|p1a: Gengar|Gengar, L50, M|100/100\n|switch|p2a: Tyranitar|Tyranitar, L50, M|100/100\n|-weather|Sandstorm|[from] ability: Sand Stream|[of] p2a: Tyranitar\n|move|p2b: Meganium|Solar Beam||[still]\n|-prepare|p2b: Meganium|Solar Beam\n|-activate|p2b: Meganium|ability: Mega Sol\n|-anim|p2b: Meganium|Solar Beam|p1b: Politoed\n|-supereffective|p1b: Politoed|1\n|-crit|p1b: Politoed\n|-damage|p1b: Politoed|0 fnt\n|faint|p1b: Politoed\n|\n|-weather|Sandstorm|[upkeep]\n|-damage|p1a: Gengar|95/100|[from] Sandstorm\n|-damage|p2b: Meganium|95/100|[from] Sandstorm\n|upkeep\n|\n|t:|1776111062\n|switch|p1b: Incineroar|Incineroar, L50, M|100/100\n|-ability|p1b: Incineroar|Intimidate|boost\n|-unboost|p2a: Tyranitar|atk|1\n|-unboost|p2b: Meganium|atk|1\n|turn|3\n|\n|t:|1776111071\n|switch|p2b: Excadrill|Excadrill, L50, M|100/100\n|detailschange|p1a: Gengar|Gengar-Mega, L50, M\n|-mega|p1a: Gengar|Gengar|Gengarite\n|move|p2a: Tyranitar|Protect|p2a: Tyranitar\n|-singleturn|p2a: Tyranitar|Protect\n|move|p1b: Incineroar|Fake Out|p2a: Tyranitar\n|-activate|p2a: Tyranitar|move: Protect\n|move|p1a: Gengar|Perish Song|p1a: Gengar\n|-start|p1a: Gengar|perish3|[silent]\n|-start|p1b: Incineroar|perish3|[silent]\n|-start|p2a: Tyranitar|perish3|[silent]\n|-start|p2b: Excadrill|perish3|[silent]\n|-fieldactivate|move: Perish Song\n|\n|-weather|Sandstorm|[upkeep]\n|-damage|p1a: Gengar|89/100|[from] Sandstorm\n|-damage|p1b: Incineroar|95/100|[from] Sandstorm\n|-start|p2b: Excadrill|perish3\n|-start|p1a: Gengar|perish3\n|-start|p2a: Tyranitar|perish3\n|-start|p1b: Incineroar|perish3\n|upkeep\n|turn|4\n|\n|t:|1776111093\n|switch|p1b: Hydreigon|Hydreigon, L50, F|100/100\n|move|p1a: Gengar|Protect|p1a: Gengar\n|-singleturn|p1a: Gengar|Protect\n|move|p2b: Excadrill|High Horsepower|p1b: Hydreigon\n|-immune|p1b: Hydreigon|[from] ability: Levitate\n|move|p2a: Tyranitar|Knock Off|p1a: Gengar\n|-activate|p1a: Gengar|move: Protect\n|\n|-weather|Sandstorm|[upkeep]\n|-damage|p1a: Gengar|84/100|[from] Sandstorm\n|-damage|p1b: Hydreigon|95/100|[from] Sandstorm\n|-start|p2b: Excadrill|perish2\n|-start|p1a: Gengar|perish2\n|-start|p2a: Tyranitar|perish2\n|upkeep\n|turn|5\n|\n|t:|1776111108\n|switch|p1b: Incineroar|Incineroar, L50, M|95/100\n|-ability|p1b: Incineroar|Intimidate|boost\n|-unboost|p2a: Tyranitar|atk|1\n|-unboost|p2b: Excadrill|atk|1\n|-enditem|p2b: Excadrill|White Herb\n|-clearnegativeboost|p2b: Excadrill|[silent]\n|move|p2b: Excadrill|Iron Head|p1b: Incineroar\n|-resisted|p1b: Incineroar|1\n|-damage|p1b: Incineroar|75/100\n|move|p1a: Gengar|Disable|p2a: Tyranitar\n|-start|p2a: Tyranitar|Disable|Knock Off\n|cant|p2a: Tyranitar|Disable|Knock Off\n|\n|-weather|Sandstorm|[upkeep]\n|-damage|p1a: Gengar|78/100|[from] Sandstorm\n|-damage|p1b: Incineroar|69/100|[from] Sandstorm\n|-start|p2b: Excadrill|perish1\n|-start|p1a: Gengar|perish1\n|-start|p2a: Tyranitar|perish1\n|upkeep\n|turn|6\n|inactive|Zapdos79 has 30 seconds left.\n|inactive|Zapdos79 has 20 seconds left.\n|\n|t:|1776111145\n|switch|p1a: Hydreigon|Hydreigon, L50, F|95/100\n|move|p1b: Incineroar|Protect|p1b: Incineroar\n|-singleturn|p1b: Incineroar|Protect\n|move|p2b: Excadrill|High Horsepower|p1b: Incineroar\n|-activate|p1b: Incineroar|move: Protect\n|move|p2a: Tyranitar|Rock Slide|p1b: Incineroar|[spread] p1a\n|-activate|p1b: Incineroar|move: Protect\n|-damage|p1a: Hydreigon|75/100\n|\n|-weather|none\n|-start|p2b: Excadrill|perish0\n|-start|p2a: Tyranitar|perish0\n|faint|p2b: Excadrill\n|faint|p2a: Tyranitar\n|upkeep\n|\n|t:|1776111150\n|switch|p2b: Incineroar|Incineroar, L50, F|100/100\n|switch|p2a: Meganium|Meganium-Mega, L50, F|95/100\n|-ability|p2b: Incineroar|Intimidate|boost\n|-unboost|p1a: Hydreigon|atk|1\n|-unboost|p1b: Incineroar|atk|1\n|turn|7\n|\n|t:|1776111166\n|switch|p1a: Gengar|Gengar-Mega, L50, M|78/100\n|move|p2a: Meganium|Weather Ball|p1a: Gengar\n|-damage|p1a: Gengar|7/100\n|move|p1b: Incineroar|Flare Blitz|p2a: Meganium\n|-supereffective|p2a: Meganium|1\n|-damage|p2a: Meganium|22/100\n|-damage|p1b: Incineroar|50/100|[from] Recoil\n|move|p2b: Incineroar|Flare Blitz|p1b: Incineroar\n|-resisted|p1b: Incineroar|1\n|-damage|p1b: Incineroar|24/100\n|-damage|p2b: Incineroar|92/100|[from] Recoil\n|\n|upkeep\n|turn|8\n|\n|t:|1776111182\n|move|p1a: Gengar|Protect|p1a: Gengar\n|-singleturn|p1a: Gengar|Protect\n|move|p1b: Incineroar|Protect|p1b: Incineroar\n|-singleturn|p1b: Incineroar|Protect\n|move|p2b: Incineroar|Protect|p2b: Incineroar\n|-singleturn|p2b: Incineroar|Protect\n|move|p2a: Meganium|Dazzling Gleam|p1b: Incineroar|[spread] \n|-activate|p1a: Gengar|move: Protect\n|-activate|p1b: Incineroar|move: Protect\n|\n|upkeep\n|turn|9\n|\n|t:|1776111192\n|move|p1a: Gengar|Shadow Ball|p2a: Meganium\n|-damage|p2a: Meganium|0 fnt\n|faint|p2a: Meganium\n|move|p1b: Incineroar|Parting Shot|p2b: Incineroar\n|-unboost|p2b: Incineroar|atk|1\n|-unboost|p2b: Incineroar|spa|1\n|\n|t:|1776111198\n|switch|p1b: Hydreigon|Hydreigon, L50, F|75/100|[from] Parting Shot\n|move|p2b: Incineroar|Flare Blitz|p1a: Gengar\n|-crit|p1a: Gengar\n|-damage|p1a: Gengar|0 fnt\n|faint|p1a: Gengar\n|-damage|p2b: Incineroar|91/100|[from] Recoil\n|\n|upkeep\n|\n|t:|1776111200\n|switch|p1a: Incineroar|Incineroar, L50, M|24/100\n|-ability|p1a: Incineroar|Intimidate|boost\n|-unboost|p2b: Incineroar|atk|1\n|turn|10\n|\n|t:|1776111203\n|move|p1a: Incineroar|Fake Out|p2b: Incineroar\n|-damage|p2b: Incineroar|79/100\n|move|p1b: Hydreigon|Earth Power|p2b: Incineroar\n|-supereffective|p2b: Incineroar|1\n|-damage|p2b: Incineroar|16/100\n|-enditem|p2b: Incineroar|Sitrus Berry|[eat]\n|-heal|p2b: Incineroar|41/100|[from] item: Sitrus Berry\n|cant|p2b: Incineroar|flinch\n|\n|upkeep\n|turn|11\n|\n|t:|1776111207\n|move|p1b: Hydreigon|Earth Power|p2b: Incineroar\n|-supereffective|p2b: Incineroar|1\n|-damage|p2b: Incineroar|0 fnt\n|faint|p2b: Incineroar\n|\n|win|C_H_A_N_T_Y457\n|raw|C_H_A_N_T_Y457's rating: 1177 &rarr; <strong>1199</strong><br />(+22 for winning)\n|raw|Zapdos79's rating: 1135 &rarr; <strong>1113</strong><br />(-22 for losing)\n",
  "uploadtime": 1776111211,
  "views": 31,
  "formatid": "gen9championsvgc2026regma",
  "rating": 1113,
  "private": 0,
  "password": null
}