{
  "id": "gen9championsvgc2026regma-2587375350",
  "format": "[Gen 9 Champions] VGC 2026 Reg M-A",
  "players": [
    "Critical ratta",
    "Yslade"
  ],
  "log": "|j|\u2606Critical ratta\n|j|\u2606Yslade\n|t:|1776526548\n|gametype|doubles\n|player|p1|Critical ratta|red|1278\n|player|p2|Yslade|preschooler|1287\n|gen|9\n|tier|[Gen 9 Champions] VGC 2026 Reg M-A\n|rated|\n|rule|Species Clause: Limit one of each Pok\u00e9mon\n|rule|Item Clause: Limit 1 of each item\n|clearpoke\n|poke|p1|Slowking, L50, M, shiny|\n|poke|p1|Incineroar, L50, M, shiny|\n|poke|p1|Crabominable, L50, M, shiny|\n|poke|p1|Hatterene, L50, F, shiny|\n|poke|p1|Tsareena, L50, F, shiny|\n|poke|p1|Camerupt, L50, M, shiny|\n|poke|p2|Rotom-Wash, L50|\n|poke|p2|Gyarados, L50, F|\n|poke|p2|Kingambit, L50, F|\n|poke|p2|Charizard, L50, M|\n|poke|p2|Venusaur, L50, F|\n|poke|p2|Garchomp, L50, F|\n|teampreview|4\n|inactive|Battle timer is ON: inactive players will automatically lose when time's up. (requested by Yslade)\nYslade rejected open team sheets.\n|inactive|Yslade has 60 seconds left.\n|\n|t:|1776526580\n|teamsize|p1|4\n|teamsize|p2|4\n|start\n|switch|p1a: Slowking|Slowking, L50, M, shiny|100/100\n|switch|p1b: Incineroar|Incineroar, L50, M, shiny|100/100\n|switch|p2a: Kingambit|Kingambit, L50, F|100/100\n|switch|p2b: Rotom|Rotom-Wash, L50|100/100\n|-ability|p1b: Incineroar|Intimidate|boost\n|-unboost|p2a: Kingambit|atk|1\n|-ability|p2a: Kingambit|Defiant|boost\n|-boost|p2a: Kingambit|atk|2\n|-unboost|p2b: Rotom|atk|1\n|turn|1\n|\n|t:|1776526595\n|move|p2a: Kingambit|Protect|p2a: Kingambit\n|-singleturn|p2a: Kingambit|Protect\n|move|p1b: Incineroar|Fake Out|p2b: Rotom\n|-damage|p2b: Rotom|89/100\n|cant|p2b: Rotom|flinch\n|move|p1a: Slowking|Trick Room|p1a: Slowking\n|-fieldstart|move: Trick Room|[of] p1a: Slowking\n|\n|-heal|p2b: Rotom|95/100|[from] item: Leftovers\n|upkeep\n|turn|2\n|\n|t:|1776526612\n|-prepare|p1a: Slowking|Chilly Reception|[premajor]\n|move|p1a: Slowking|Chilly Reception|p1a: Slowking\n|-weather|Snowscape\n|\n|t:|1776526616\n|switch|p1a: Crabominable|Crabominable, L50, M, shiny|100/100|[from] Chilly Reception\n|move|p2a: Kingambit|Kowtow Cleave|p1a: Crabominable\n|-resisted|p1a: Crabominable|1\n|-damage|p1a: Crabominable|71/100\n|move|p1b: Incineroar|Flare Blitz|p2a: Kingambit\n|-supereffective|p2a: Kingambit|1\n|-damage|p2a: Kingambit|11/100\n|-damage|p1b: Incineroar|70/100|[from] Recoil\n|move|p2b: Rotom|Hydro Pump|p1b: Incineroar|[miss]\n|-miss|p2b: Rotom|p1b: Incineroar\n|\n|-weather|Snowscape|[upkeep]\n|-heal|p2b: Rotom|100/100|[from] item: Leftovers\n|upkeep\n|turn|3\n|\n|t:|1776526638\n|detailschange|p1a: Crabominable|Crabominable-Mega, L50, M, shiny\n|-mega|p1a: Crabominable|Crabominable|Crabominite\n|move|p2a: Kingambit|Protect|p2a: Kingambit\n|-singleturn|p2a: Kingambit|Protect\n|move|p1a: Crabominable|Thunder Punch|p2a: Kingambit\n|-activate|p2a: Kingambit|move: Protect\n|move|p1b: Incineroar|Parting Shot|p2b: Rotom\n|-unboost|p2b: Rotom|atk|1\n|-unboost|p2b: Rotom|spa|1\n|\n|t:|1776526649\n|switch|p1b: Hatterene|Hatterene, L50, F, shiny|100/100|[from] Parting Shot\n|move|p2b: Rotom|Volt Switch|p1a: Crabominable\n|-damage|p1a: Crabominable|58/100\n|\n|t:|1776526657\n|switch|p2b: Charizard|Charizard, L50, M|100/100|[from] Volt Switch\n|\n|-weather|Snowscape|[upkeep]\n|upkeep\n|turn|4\n|\n|t:|1776526671\n|switch|p2a: Rotom|Rotom-Wash, L50|100/100\n|move|p2b: Charizard|Protect|p2b: Charizard\n|-singleturn|p2b: Charizard|Protect\n|move|p1b: Hatterene|Dazzling Gleam|p2a: Rotom|[spread] p2a\n|-activate|p2b: Charizard|move: Protect\n|-damage|p2a: Rotom|53/100\n|move|p1a: Crabominable|Thunder Punch|p2b: Charizard\n|-activate|p2b: Charizard|move: Protect\n|\n|-weather|Snowscape|[upkeep]\n|-heal|p2a: Rotom|58/100|[from] item: Leftovers\n|upkeep\n|turn|5\n|\n|t:|1776526692\n|switch|p2b: Garchomp|Garchomp, L50, F|100/100\n|move|p1b: Hatterene|Psychic|p2a: Rotom\n|-damage|p2a: Rotom|7/100\n|move|p1a: Crabominable|Thunder Punch|p2b: Garchomp\n|-immune|p2b: Garchomp\n|move|p2a: Rotom|Volt Switch|p1b: Hatterene\n|-damage|p1b: Hatterene|73/100\n|\n|t:|1776526703\n|switch|p2a: Charizard|Charizard, L50, M|100/100|[from] Volt Switch\n|\n|-weather|Snowscape|[upkeep]\n|-fieldend|move: Trick Room\n|upkeep\n|turn|6\n|\n|t:|1776526708\n|detailschange|p2a: Charizard|Charizard-Mega-Y, L50, M\n|-mega|p2a: Charizard|Charizard|Charizardite Y\n|-weather|SunnyDay|[from] ability: Drought|[of] p2a: Charizard\n|move|p1a: Crabominable|Protect|p1a: Crabominable\n|-singleturn|p1a: Crabominable|Protect\n|move|p2b: Garchomp|Earthquake|p1a: Crabominable|[spread] p1b\n|-activate|p1a: Crabominable|move: Protect\n|-immune|p2a: Charizard\n|-damage|p1b: Hatterene|35/100\n|move|p2a: Charizard|Heat Wave|p1b: Hatterene|[spread] p1b\n|-activate|p1a: Crabominable|move: Protect\n|-crit|p1b: Hatterene\n|-damage|p1b: Hatterene|0 fnt\n|faint|p1b: Hatterene\n|\n|-weather|SunnyDay|[upkeep]\n|upkeep\n|\n|t:|1776526722\n|switch|p1b: Slowking|Slowking, L50, M, shiny|100/100\n|turn|7\n|\n|t:|1776526740\n|switch|p1a: Incineroar|Incineroar, L50, M, shiny|70/100\n|-ability|p1a: Incineroar|Intimidate|boost\n|-unboost|p2a: Charizard|atk|1\n|-unboost|p2b: Garchomp|atk|1\n|move|p2b: Garchomp|Earthquake|p1a: Incineroar|[spread] p1a,p1b\n|-immune|p2a: Charizard\n|-supereffective|p1a: Incineroar|1\n|-damage|p1a: Incineroar|23/100\n|-damage|p1b: Slowking|81/100\n|-enditem|p1a: Incineroar|Sitrus Berry|[eat]\n|-heal|p1a: Incineroar|48/100|[from] item: Sitrus Berry\n|move|p2a: Charizard|Heat Wave|p1b: Slowking|[spread] p1a,p1b\n|-resisted|p1a: Incineroar|1\n|-resisted|p1b: Slowking|1\n|-damage|p1a: Incineroar|21/100\n|-damage|p1b: Slowking|58/100\n|move|p1b: Slowking|Trick Room|p1b: Slowking\n|-fieldstart|move: Trick Room|[of] p1b: Slowking\n|\n|-weather|SunnyDay|[upkeep]\n|upkeep\n|turn|8\n|\n|t:|1776526759\n|move|p1b: Slowking|Ice Beam|p2b: Garchomp\n|-supereffective|p2b: Garchomp|2\n|-damage|p2b: Garchomp|3/100\n|move|p1a: Incineroar|Darkest Lariat|p2a: Charizard\n|-damage|p2a: Charizard|42/100\n|move|p2a: Charizard|Heat Wave|p1b: Slowking|[spread] p1a,p1b\n|-resisted|p1a: Incineroar|1\n|-resisted|p1b: Slowking|1\n|-damage|p1a: Incineroar|0 fnt\n|-damage|p1b: Slowking|36/100\n|-status|p1b: Slowking|brn\n|faint|p1a: Incineroar\n|move|p2b: Garchomp|Earthquake|p1b: Slowking|[spread] p1b\n|-immune|p2a: Charizard\n|-damage|p1b: Slowking|14/100 brn\n|\n|-weather|SunnyDay|[upkeep]\n|-damage|p1b: Slowking|8/100 brn|[from] brn\n|upkeep\n|\n|t:|1776526768\n|switch|p1a: Crabominable|Crabominable-Mega, L50, M, shiny|58/100\n|turn|9\n|inactive|Yslade has 30 seconds left.\n|inactive|Yslade has 20 seconds left.\n|inactive|Yslade has 15 seconds left.\n|inactive|Yslade has 10 seconds left.\n|\n|t:|1776526818\n|switch|p2b: Rotom|Rotom-Wash, L50|7/100\n|move|p2a: Charizard|Protect|p2a: Charizard\n|-singleturn|p2a: Charizard|Protect\n|move|p1b: Slowking|Scald|p2b: Rotom\n|-resisted|p2b: Rotom|1\n|-damage|p2b: Rotom|0 fnt\n|faint|p2b: Rotom\n|move|p1a: Crabominable|Close Combat|p2a: Charizard\n|-activate|p2a: Charizard|move: Protect\n|\n|-weather|SunnyDay|[upkeep]\n|-damage|p1b: Slowking|2/100 brn|[from] brn\n|upkeep\n|\n|t:|1776526839\n|switch|p2b: Garchomp|Garchomp, L50, F|3/100\n|turn|10\n|inactive|Yslade has 30 seconds left.\n|\n|t:|1776526868\n|-prepare|p1b: Slowking|Chilly Reception|[premajor]\n|move|p1b: Slowking|Chilly Reception|p1b: Slowking\n|-weather|Snowscape\n|move|p1a: Crabominable|Thunder Punch|p2a: Charizard\n|-supereffective|p2a: Charizard|1\n|-damage|p2a: Charizard|0 fnt\n|faint|p2a: Charizard\n|move|p2b: Garchomp|Earthquake|p1b: Slowking|[spread] p1a,p1b\n|-damage|p1a: Crabominable|39/100\n|-damage|p1b: Slowking|0 fnt\n|faint|p1b: Slowking\n|\n|-weather|Snowscape|[upkeep]\n|upkeep\n|\n|t:|1776526878\n|switch|p2a: Kingambit|Kingambit, L50, F|11/100\n|turn|11\n|\n|t:|1776526886\n|move|p2a: Kingambit|Protect|p2a: Kingambit\n|-singleturn|p2a: Kingambit|Protect\n|move|p1a: Crabominable|Close Combat|p2b: Garchomp\n|-damage|p2b: Garchomp|0 fnt\n|-unboost|p1a: Crabominable|def|1\n|-unboost|p1a: Crabominable|spd|1\n|-damage|p1a: Crabominable|26/100|[from] ability: Rough Skin|[of] p2b: Garchomp\n|faint|p2b: Garchomp\n|\n|-weather|Snowscape|[upkeep]\n|-fieldend|move: Trick Room\n|upkeep\n|turn|12\n|\n|t:|1776526894\n|move|p2a: Kingambit|Iron Head|p2: Garchomp|[notarget]\n|-fail|p2a: Kingambit\n|move|p1a: Crabominable|Close Combat|p2a: Kingambit\n|-supereffective|p2a: Kingambit|2\n|-damage|p2a: Kingambit|0 fnt\n|-unboost|p1a: Crabominable|def|1\n|-unboost|p1a: Crabominable|spd|1\n|faint|p2a: Kingambit\n|\n|win|Critical ratta\n|raw|Critical ratta's rating: 1278 &rarr; <strong>1304</strong><br />(+26 for winning)\n|raw|Yslade's rating: 1287 &rarr; <strong>1261</strong><br />(-26 for losing)\n|l|\u2606Yslade\n|player|p2|\n",
  "uploadtime": 1776526915,
  "views": 26,
  "formatid": "gen9championsvgc2026regma",
  "rating": 1261,
  "private": 0,
  "password": null
}