{
  "id": "gen9championsvgc2026regma-2587812413",
  "format": "[Gen 9 Champions] VGC 2026 Reg M-A",
  "players": [
    "radioiamp",
    "ub student"
  ],
  "log": "|j|\u2606radioiamp\n|j|\u2606ub student\n|t:|1776566527\n|gametype|doubles\n|player|p1|radioiamp|170|1464\n|player|p2|ub student|101|1496\n|gen|9\n|tier|[Gen 9 Champions] VGC 2026 Reg M-A\n|rated|\n|rule|Species Clause: Limit one of each Pok\u00e9mon\n|rule|Item Clause: Limit 1 of each item\n|clearpoke\n|poke|p1|Golurk, L50|\n|poke|p1|Sneasler, L50, F|\n|poke|p1|Venusaur, L50, M|\n|poke|p1|Torkoal, L50, F|\n|poke|p1|Farigiraf, L50, M|\n|poke|p1|Kleavor, L50, F|\n|poke|p2|Floette-Eternal, L50, F|\n|poke|p2|Talonflame, L50, F|\n|poke|p2|Basculegion, L50, M|\n|poke|p2|Garchomp, L50, F|\n|poke|p2|Rotom-Wash, L50|\n|poke|p2|Kingambit, L50, M|\n|teampreview|4\n|inactive|Battle timer is ON: inactive players will automatically lose when time's up. (requested by ub student)\n|inactive|ub student has 60 seconds left.\n|inactive|radioiamp has 60 seconds left.\n|\n|t:|1776566588\n|teamsize|p1|4\n|teamsize|p2|4\n|start\n|switch|p1a: Venusaur|Venusaur, L50, M|100/100\n|switch|p1b: Farigiraf|Farigiraf, L50, M|100/100\n|switch|p2a: Garchomp|Garchomp, L50, F|100/100\n|switch|p2b: Rotom|Rotom-Wash, L50|100/100\n|turn|1\n|\n|t:|1776566602\n|detailschange|p1a: Venusaur|Venusaur-Mega, L50, M\n|-mega|p1a: Venusaur|Venusaur|Venusaurite\n|move|p1b: Farigiraf|Protect|p1b: Farigiraf\n|-singleturn|p1b: Farigiraf|Protect\n|move|p2a: Garchomp|Earthquake|p1a: Venusaur|[spread] p1a\n|-activate|p1b: Farigiraf|move: Protect\n|-immune|p2b: Rotom|[from] ability: Levitate\n|-damage|p1a: Venusaur|60/100\n|move|p1a: Venusaur|Sleep Powder|p2a: Garchomp|[miss]\n|-miss|p1a: Venusaur|p2a: Garchomp\n|move|p2b: Rotom|Hydro Pump|p1b: Farigiraf\n|-activate|p1b: Farigiraf|move: Protect\n|\n|upkeep\n|turn|2\n|inactive|radioiamp has 30 seconds left.\n|inactive|ub student has 30 seconds left.\n|\n|t:|1776566639\n|move|p2a: Garchomp|Earthquake|p1b: Farigiraf|[spread] p1a,p1b\n|-immune|p2b: Rotom|[from] ability: Levitate\n|-damage|p1a: Venusaur|24/100\n|-damage|p1b: Farigiraf|55/100\n|move|p1a: Venusaur|Sleep Powder|p2b: Rotom\n|-status|p2b: Rotom|slp|[from] move: Sleep Powder\n|cant|p2b: Rotom|slp\n|move|p1b: Farigiraf|Trick Room|p1b: Farigiraf\n|-fieldstart|move: Trick Room|[of] p1b: Farigiraf\n|\n|upkeep\n|turn|3\n|\n|t:|1776566659\n|cant|p2b: Rotom|slp\n|move|p1b: Farigiraf|Psychic|p2a: Garchomp\n|-damage|p2a: Garchomp|57/100\n|move|p1a: Venusaur|Giga Drain|p2a: Garchomp\n|-damage|p2a: Garchomp|7/100\n|-heal|p1a: Venusaur|51/100|[from] drain|[of] p2a: Garchomp\n|move|p2a: Garchomp|Earthquake|p1a: Venusaur|[spread] p1a,p1b\n|-immune|p2b: Rotom|[from] ability: Levitate\n|-damage|p1a: Venusaur|11/100\n|-damage|p1b: Farigiraf|12/100\n|-enditem|p1b: Farigiraf|Sitrus Berry|[eat]\n|-heal|p1b: Farigiraf|36/100|[from] item: Sitrus Berry\n|\n|upkeep\n|turn|4\n|\n|t:|1776566680\n|switch|p2b: Floette|Floette-Eternal, L50, F|100/100\n|switch|p1a: Golurk|Golurk, L50|100/100\n|move|p2a: Garchomp|Protect|p2a: Garchomp\n|-singleturn|p2a: Garchomp|Protect\n|move|p1b: Farigiraf|Hyper Voice|p2b: Floette|[spread] p2b\n|-activate|p2a: Garchomp|move: Protect\n|-damage|p2b: Floette|78/100\n|\n|upkeep\n|turn|5\n|\n|t:|1776566701\n|detailschange|p2b: Floette|Floette-Mega, L50, F\n|-mega|p2b: Floette|Floette|Floettite\n|-ability|p2b: Floette|Fairy Aura\n|move|p2b: Floette|Protect|p2b: Floette\n|-singleturn|p2b: Floette|Protect\n|move|p1a: Golurk|Poltergeist|p2b: Floette\n|-activate|p2b: Floette|move: Protect\n|move|p1b: Farigiraf|Hyper Voice|p2a: Garchomp|[spread] p2a\n|-activate|p2b: Floette|move: Protect\n|-damage|p2a: Garchomp|0 fnt\n|faint|p2a: Garchomp\n|\n|upkeep\n|\n|t:|1776566711\n|switch|p2a: Rotom|Rotom-Wash, L50|100/100 slp\n|turn|6\n|\n|t:|1776566723\n|move|p1a: Golurk|Headlong Rush|p2b: Floette\n|-damage|p2b: Floette|9/100\n|-unboost|p1a: Golurk|def|1\n|-unboost|p1a: Golurk|spd|1\n|move|p1b: Farigiraf|Psychic|p2a: Rotom\n|-damage|p2a: Rotom|58/100 slp\n|-curestatus|p2a: Rotom|slp|[msg]\n|move|p2a: Rotom|Hydro Pump|p1a: Golurk\n|-supereffective|p1a: Golurk|1\n|-damage|p1a: Golurk|0 fnt\n|faint|p1a: Golurk\n|move|p2b: Floette|Moonblast|p1b: Farigiraf\n|-damage|p1b: Farigiraf|0 fnt\n|faint|p1b: Farigiraf\n|\n|-fieldend|move: Trick Room\n|upkeep\n|\n|t:|1776566738\n|switch|p1b: Venusaur|Venusaur-Mega, L50, M|11/100\n|switch|p1a: Torkoal|Torkoal, L50, F|100/100\n|-weather|SunnyDay|[from] ability: Drought|[of] p1a: Torkoal\n|turn|7\n|\n|t:|1776566745\n|move|p2b: Floette|Dazzling Gleam|p1b: Venusaur|[spread] p1a,p1b\n|-resisted|p1a: Torkoal|1\n|-resisted|p1b: Venusaur|1\n|-damage|p1a: Torkoal|75/100\n|-damage|p1b: Venusaur|0 fnt\n|faint|p1b: Venusaur\n|move|p2a: Rotom|Hydro Pump|p1a: Torkoal|[miss]\n|-miss|p2a: Rotom|p1a: Torkoal\n|move|p1a: Torkoal|Heat Wave|p2b: Floette|[spread] p2a\n|-miss|p1a: Torkoal|p2b: Floette\n|-resisted|p2a: Rotom|1\n|-damage|p2a: Rotom|29/100\n|-enditem|p2a: Rotom|Sitrus Berry|[eat]\n|-heal|p2a: Rotom|54/100|[from] item: Sitrus Berry\n|\n|-weather|SunnyDay|[upkeep]\n|upkeep\n|turn|8\n|-message|radioiamp forfeited.\n|\n|win|ub student\n|raw|radioiamp's rating: 1464 &rarr; <strong>1446</strong><br />(-18 for losing)\n|raw|ub student's rating: 1496 &rarr; <strong>1514</strong><br />(+18 for winning)\n|l|\u2606radioiamp\n|player|p1|\n|l|\u2606ub student\n|player|p2|\n",
  "uploadtime": 1776566766,
  "views": 16,
  "formatid": "gen9championsvgc2026regma",
  "rating": 1446,
  "private": 0,
  "password": null
}