{
  "id": "gen9championsvgc2026regma-2582452859",
  "format": "[Gen 9 Champions] VGC 2026 Reg M-A",
  "players": [
    "Elkod/3",
    "Azreal29"
  ],
  "log": "|j|\u2606Elkod/3\n|j|\u2606Azreal29\n|t:|1776092649\n|gametype|doubles\n|player|p1|Elkod/3|265|1059\n|player|p2|Azreal29|unknown|1159\n|gen|9\n|tier|[Gen 9 Champions] VGC 2026 Reg M-A\n|rated|\n|rule|Species Clause: Limit one of each Pok\u00e9mon\n|rule|Item Clause: Limit 1 of each item\n|clearpoke\n|poke|p1|Dragonite, L50, F|\n|poke|p1|Pelipper, L50, F|\n|poke|p1|Incineroar, L50, M|\n|poke|p1|Sinistcha-Masterpiece, L50|\n|poke|p1|Basculegion-F, L50, F|\n|poke|p1|Archaludon, L50, F|\n|poke|p2|Gengar, L50, M|\n|poke|p2|Sinistcha, L50|\n|poke|p2|Maushold-Four, L50|\n|poke|p2|Incineroar, L50, F|\n|poke|p2|Pelipper, L50, F|\n|poke|p2|Archaludon, L50, F|\n|teampreview|4\n|inactive|Battle timer is ON: inactive players will automatically lose when time's up. (requested by Azreal29)\n|\n|t:|1776092670\n|teamsize|p1|4\n|teamsize|p2|4\n|start\n|switch|p1a: Pelipper|Pelipper, L50, F|100/100\n|switch|p1b: Basculegion|Basculegion-F, L50, F|100/100\n|switch|p2a: Inumaki|Gengar, L50, M, shiny|100/100\n|switch|p2b: Todoroar|Incineroar, L50, F|100/100\n|-ability|p2b: Todoroar|Intimidate|boost\n|-unboost|p1a: Pelipper|atk|1\n|-unboost|p1b: Basculegion|atk|1\n|-weather|RainDance|[from] ability: Drizzle|[of] p1a: Pelipper\n|turn|1\n|\n|t:|1776092692\n|detailschange|p2a: Inumaki|Gengar-Mega, L50, M, shiny\n|-mega|p2a: Inumaki|Gengar|Gengarite\n|move|p1b: Basculegion|Flip Turn|p2b: Todoroar\n|-supereffective|p2b: Todoroar|1\n|-damage|p2b: Todoroar|50/100\n|\n|t:|1776092699\n|switch|p1b: Dragonite|Dragonite, L50, F|100/100|[from] Flip Turn\n|move|p2a: Inumaki|Shadow Ball|p1b: Dragonite\n|-damage|p1b: Dragonite|41/100\n|move|p2b: Todoroar|Darkest Lariat|p1b: Dragonite\n|-crit|p1b: Dragonite\n|-damage|p1b: Dragonite|0 fnt\n|faint|p1b: Dragonite\n|move|p1a: Pelipper|Tailwind|p1a: Pelipper\n|-sidestart|p1: Elkod/3|move: Tailwind\n|\n|-weather|RainDance|[upkeep]\n|upkeep\n|\n|t:|1776092714\n|switch|p1b: Basculegion|Basculegion-F, L50, F|100/100\n|turn|2\n|\n|t:|1776092727\n|move|p2a: Inumaki|Protect|p2a: Inumaki\n|-singleturn|p2a: Inumaki|Protect\n|move|p1b: Basculegion|Flip Turn|p2a: Inumaki\n|-activate|p2a: Inumaki|move: Protect\n|move|p1a: Pelipper|Hydro Pump|p2b: Todoroar\n|-supereffective|p2b: Todoroar|1\n|-damage|p2b: Todoroar|0 fnt\n|faint|p2b: Todoroar\n|\n|-weather|RainDance|[upkeep]\n|upkeep\n|\n|t:|1776092738\n|switch|p2b: Shotcha|Sinistcha, L50|100/100\n|turn|3\n|\n|t:|1776092755\n|move|p2b: Shotcha|Rage Powder|p2b: Shotcha\n|-singleturn|p2b: Shotcha|move: Rage Powder\n|move|p1b: Basculegion|Flip Turn|p2b: Shotcha\n|-resisted|p2b: Shotcha|1\n|-damage|p2b: Shotcha|79/100\n|\n|t:|1776092761\n|switch|p1b: Sinistcha|Sinistcha-Masterpiece, L50|100/100|[from] Flip Turn\n|move|p1a: Pelipper|Icy Wind|p2a: Inumaki|[spread] p2a,p2b\n|-supereffective|p2b: Shotcha|1\n|-damage|p2a: Inumaki|85/100\n|-damage|p2b: Shotcha|58/100\n|-unboost|p2a: Inumaki|spe|1\n|-unboost|p2b: Shotcha|spe|1\n|move|p2a: Inumaki|Perish Song|p2a: Inumaki\n|-start|p1a: Pelipper|perish3|[silent]\n|-start|p1b: Sinistcha|perish3|[silent]\n|-start|p2a: Inumaki|perish3|[silent]\n|-start|p2b: Shotcha|perish3|[silent]\n|-fieldactivate|move: Perish Song\n|\n|-weather|RainDance|[upkeep]\n|-start|p1b: Sinistcha|perish3\n|-start|p1a: Pelipper|perish3\n|-start|p2a: Inumaki|perish3\n|-start|p2b: Shotcha|perish3\n|upkeep\n|turn|4\n|inactive|Elkod/3 has 30 seconds left.\n|\n|t:|1776092792\n|move|p2a: Inumaki|Protect|p2a: Inumaki\n|-singleturn|p2a: Inumaki|Protect\n|move|p1b: Sinistcha|Foul Play|p2a: Inumaki\n|-activate|p2a: Inumaki|move: Protect\n|move|p1a: Pelipper|Acrobatics|p2b: Shotcha\n|-supereffective|p2b: Shotcha|1\n|-damage|p2b: Shotcha|44/100\n|-enditem|p2b: Shotcha|Sitrus Berry|[eat]\n|-heal|p2b: Shotcha|69/100|[from] item: Sitrus Berry\n|move|p2b: Shotcha|Matcha Gotcha|p1b: Sinistcha|[spread] p1a,p1b\n|-resisted|p1b: Sinistcha|1\n|-damage|p1a: Pelipper|68/100\n|-heal|p2b: Shotcha|84/100|[from] drain|[of] p1a: Pelipper\n|-damage|p1b: Sinistcha|87/100\n|-heal|p2b: Shotcha|90/100|[from] drain|[of] p1b: Sinistcha\n|\n|-weather|RainDance|[upkeep]\n|-heal|p1b: Sinistcha|94/100|[from] item: Leftovers\n|-start|p1b: Sinistcha|perish2\n|-start|p1a: Pelipper|perish2\n|-start|p2a: Inumaki|perish2\n|-start|p2b: Shotcha|perish2\n|-sideend|p1: Elkod/3|move: Tailwind\n|upkeep\n|turn|5\n|inactive|Elkod/3 has 30 seconds left.\n|inactive|Azreal29 has 30 seconds left.\n|inactive|Elkod/3 has 20 seconds left.\n|inactive|Azreal29 has 20 seconds left.\n|inactive|Azreal29 has 15 seconds left.\n|\n|t:|1776092833\n|move|p2b: Shotcha|Rage Powder|p2b: Shotcha\n|-singleturn|p2b: Shotcha|move: Rage Powder\n|move|p2a: Inumaki|Shadow Ball|p1b: Sinistcha\n|-supereffective|p1b: Sinistcha|1\n|-damage|p1b: Sinistcha|0 fnt\n|faint|p1b: Sinistcha\n|move|p1a: Pelipper|Tailwind|p1a: Pelipper\n|-sidestart|p1: Elkod/3|move: Tailwind\n|\n|-weather|none\n|-start|p1a: Pelipper|perish1\n|-start|p2a: Inumaki|perish1\n|-start|p2b: Shotcha|perish1\n|upkeep\n|\n|t:|1776092845\n|switch|p1b: Basculegion|Basculegion-F, L50, F|100/100\n|turn|6\n|\n|t:|1776092856\n|switch|p2a: Kashidon|Archaludon, L50, F, shiny|100/100\n|move|p2b: Shotcha|Protect|p2b: Shotcha\n|-singleturn|p2b: Shotcha|Protect\n|move|p1b: Basculegion|Last Respects|p2b: Shotcha\n|-activate|p2b: Shotcha|move: Protect\n|move|p1a: Pelipper|Hydro Pump|p2a: Kashidon\n|-resisted|p2a: Kashidon|1\n|-damage|p2a: Kashidon|73/100\n|-ability|p2a: Kashidon|Stamina|boost\n|-boost|p2a: Kashidon|def|1\n|\n|-heal|p2a: Kashidon|79/100|[from] item: Leftovers\n|-start|p1a: Pelipper|perish0\n|-start|p2b: Shotcha|perish0\n|faint|p1a: Pelipper\n|faint|p2b: Shotcha\n|upkeep\n|\n|t:|1776092878\n|switch|p2b: Inumaki|Gengar-Mega, L50, M, shiny|85/100\n|turn|7\n|\n|t:|1776092898\n|move|p2b: Inumaki|Protect|p2b: Inumaki\n|-singleturn|p2b: Inumaki|Protect\n|move|p1b: Basculegion|Last Respects|p2b: Inumaki\n|-activate|p2b: Inumaki|move: Protect\n|move|p2a: Kashidon|Electro Shot||[still]\n|-prepare|p2a: Kashidon|Electro Shot\n|-boost|p2a: Kashidon|spa|1\n|\n|-heal|p2a: Kashidon|85/100|[from] item: Leftovers\n|upkeep\n|turn|8\n|\n|t:|1776092917\n|move|p2b: Inumaki|Protect|p2b: Inumaki\n|-singleturn|p2b: Inumaki|Protect\n|move|p1b: Basculegion|Last Respects|p2b: Inumaki\n|-activate|p2b: Inumaki|move: Protect\n|move|p2a: Kashidon|Electro Shot|p1b: Basculegion|[from] lockedmove\n|-supereffective|p1b: Basculegion|1\n|-damage|p1b: Basculegion|0 fnt\n|faint|p1b: Basculegion\n|\n|win|Azreal29\n|raw|Elkod&#x2f;3's rating: 1059 &rarr; <strong>1045</strong><br />(-14 for losing)\n|raw|Azreal29's rating: 1159 &rarr; <strong>1177</strong><br />(+18 for winning)\n|l|\u2606Elkod/3\n|player|p1|\n",
  "uploadtime": 1776092935,
  "views": 12,
  "formatid": "gen9championsvgc2026regma",
  "rating": 1045,
  "private": 0,
  "password": null
}