{
  "id": "gen9championsvgc2026regma-2582931532",
  "format": "[Gen 9 Champions] VGC 2026 Reg M-A",
  "players": [
    "CappyCappy",
    "Hakitsu3"
  ],
  "log": "|j|\u2606CappyCappy\n|j|\u2606Hakitsu3\n|t:|1776126082\n|gametype|doubles\n|player|p1|CappyCappy|miku-fairy|1245\n|player|p2|Hakitsu3|102|1215\n|gen|9\n|tier|[Gen 9 Champions] VGC 2026 Reg M-A\n|rated|\n|rule|Species Clause: Limit one of each Pok\u00e9mon\n|rule|Item Clause: Limit 1 of each item\n|clearpoke\n|poke|p1|Politoed, L50, F|\n|poke|p1|Gengar, L50, F|\n|poke|p1|Sinistcha, L50|\n|poke|p1|Tyranitar, L50, M|\n|poke|p1|Goodra-Hisui, L50, M|\n|poke|p1|Incineroar, L50, M|\n|poke|p2|Chandelure, L50, M|\n|poke|p2|Aggron, L50, M|\n|poke|p2|Tyranitar, L50, M|\n|poke|p2|Noivern, L50, F|\n|poke|p2|Primarina, L50, F|\n|poke|p2|Gallade, L50, M|\n|teampreview|4\n|inactive|Battle timer is ON: inactive players will automatically lose when time's up. (requested by CappyCappy)\nCappyCappy rejected open team sheets.\n|\n|t:|1776126102\n|teamsize|p1|4\n|teamsize|p2|4\n|start\n|switch|p1a: Gengar|Gengar, L50, F, shiny|100/100\n|switch|p1b: Incineroar|Incineroar, L50, M|100/100\n|switch|p2a: Storslinga|Chandelure, L50, M|100/100\n|switch|p2b: \u4e07\u91cc\u957f\u57ce|Aggron, L50, M, shiny|100/100\n|-ability|p1b: Incineroar|Intimidate|boost\n|-unboost|p2a: Storslinga|atk|1\n|-unboost|p2b: \u4e07\u91cc\u957f\u57ce|atk|1\n|turn|1\n|\n|t:|1776126123\n|detailschange|p1a: Gengar|Gengar-Mega, L50, F, shiny\n|-mega|p1a: Gengar|Gengar|Gengarite\n|detailschange|p2b: \u4e07\u91cc\u957f\u57ce|Aggron-Mega, L50, M, shiny\n|-mega|p2b: \u4e07\u91cc\u957f\u57ce|Aggron|Aggronite\n|move|p1a: Gengar|Perish Song|p1a: Gengar\n|-start|p1a: Gengar|perish3|[silent]\n|-start|p1b: Incineroar|perish3|[silent]\n|-start|p2a: Storslinga|perish3|[silent]\n|-start|p2b: \u4e07\u91cc\u957f\u57ce|perish3|[silent]\n|-fieldactivate|move: Perish Song\n|move|p1b: Incineroar|Darkest Lariat|p2a: Storslinga\n|-supereffective|p2a: Storslinga|1\n|-damage|p2a: Storslinga|16/100\n|-enditem|p2a: Storslinga|Sitrus Berry|[eat]\n|-heal|p2a: Storslinga|41/100|[from] item: Sitrus Berry\n|move|p2b: \u4e07\u91cc\u957f\u57ce|Body Press|p1b: Incineroar\n|-supereffective|p1b: Incineroar|1\n|-damage|p1b: Incineroar|34/100\n|-enditem|p1b: Incineroar|Sitrus Berry|[eat]\n|-heal|p1b: Incineroar|59/100|[from] item: Sitrus Berry\n|move|p2a: Storslinga|Trick Room|p2a: Storslinga\n|-fieldstart|move: Trick Room|[of] p2a: Storslinga\n|\n|-start|p2b: \u4e07\u91cc\u957f\u57ce|perish3\n|-start|p1b: Incineroar|perish3\n|-start|p2a: Storslinga|perish3\n|-start|p1a: Gengar|perish3\n|upkeep\n|turn|2\n|inactive|Hakitsu3 has 30 seconds left.\n|\n|t:|1776126149\n|move|p1b: Incineroar|Protect|p1b: Incineroar\n|-singleturn|p1b: Incineroar|Protect\n|move|p1a: Gengar|Protect|p1a: Gengar\n|-singleturn|p1a: Gengar|Protect\n|move|p2b: \u4e07\u91cc\u957f\u57ce|Earthquake|p1a: Gengar|[spread] p2a\n|-activate|p1a: Gengar|move: Protect\n|-activate|p1b: Incineroar|move: Protect\n|-supereffective|p2a: Storslinga|1\n|-damage|p2a: Storslinga|3/100\n|move|p2a: Storslinga|Hex|p1a: Gengar\n|-activate|p1a: Gengar|move: Protect\n|\n|-start|p2b: \u4e07\u91cc\u957f\u57ce|perish2\n|-start|p1b: Incineroar|perish2\n|-start|p2a: Storslinga|perish2\n|-start|p1a: Gengar|perish2\n|upkeep\n|turn|3\n|\n|t:|1776126172\n|move|p2b: \u4e07\u91cc\u957f\u57ce|Body Press|p1b: Incineroar\n|-supereffective|p1b: Incineroar|1\n|-damage|p1b: Incineroar|0 fnt\n|faint|p1b: Incineroar\n|move|p2a: Storslinga|Hex|p1a: Gengar\n|-supereffective|p1a: Gengar|1\n|-damage|p1a: Gengar|13/100\n|move|p1a: Gengar|Substitute|p1a: Gengar\n|-fail|p1a: Gengar|move: Substitute|[weak]\n|\n|-start|p2b: \u4e07\u91cc\u957f\u57ce|perish1\n|-start|p2a: Storslinga|perish1\n|-start|p1a: Gengar|perish1\n|upkeep\n|\n|t:|1776126183\n|switch|p1b: Politoed|Politoed, L50, F|100/100\n|-weather|RainDance|[from] ability: Drizzle|[of] p1b: Politoed\n|turn|4\n|\n|t:|1776126195\n|move|p1b: Politoed|Protect|p1b: Politoed\n|-singleturn|p1b: Politoed|Protect\n|move|p1a: Gengar|Protect|p1a: Gengar\n|-singleturn|p1a: Gengar|Protect\n|move|p2b: \u4e07\u91cc\u957f\u57ce|Earthquake|p1a: Gengar|[spread] p2a\n|-activate|p1a: Gengar|move: Protect\n|-activate|p1b: Politoed|move: Protect\n|-supereffective|p2a: Storslinga|1\n|-crit|p2a: Storslinga\n|-damage|p2a: Storslinga|0 fnt\n|faint|p2a: Storslinga\n|\n|-weather|RainDance|[upkeep]\n|-start|p2b: \u4e07\u91cc\u957f\u57ce|perish0\n|-start|p1a: Gengar|perish0\n|faint|p2b: \u4e07\u91cc\u957f\u57ce\n|faint|p1a: Gengar\n|upkeep\n|\n|t:|1776126211\n|switch|p2b: \u30ea\u30e5\u30a6\u30bd\u30a6\u30d6\u30eb\u30fc|Gallade, L50, M, shiny|100/100\n|switch|p2a: Tiny Robinson|Tyranitar, L50, M, shiny|100/100\n|switch|p1a: Goodra|Goodra-Hisui, L50, M|100/100\n|-ability|p2a: Tiny Robinson|Unnerve\n|turn|5\n|\n|t:|1776126223\n|move|p1a: Goodra|Shelter|p1a: Goodra\n|-boost|p1a: Goodra|def|2\n|move|p2a: Tiny Robinson|High Horsepower|p1a: Goodra\n|-supereffective|p1a: Goodra|1\n|-damage|p1a: Goodra|73/100\n|-ability|p1a: Goodra|Gooey\n|-unboost|p2a: Tiny Robinson|spe|1\n|move|p1b: Politoed|Perish Song|p1b: Politoed\n|-start|p1a: Goodra|perish3|[silent]\n|-start|p1b: Politoed|perish3|[silent]\n|-start|p2a: Tiny Robinson|perish3|[silent]\n|-start|p2b: \u30ea\u30e5\u30a6\u30bd\u30a6\u30d6\u30eb\u30fc|perish3|[silent]\n|-fieldactivate|move: Perish Song\n|move|p2b: \u30ea\u30e5\u30a6\u30bd\u30a6\u30d6\u30eb\u30fc|Leaf Blade|p1b: Politoed\n|-supereffective|p1b: Politoed|1\n|-damage|p1b: Politoed|0 fnt\n|faint|p1b: Politoed\n|\n|-weather|RainDance|[upkeep]\n|-heal|p1a: Goodra|79/100|[from] item: Leftovers\n|-start|p2a: Tiny Robinson|perish3\n|-start|p1a: Goodra|perish3\n|-start|p2b: \u30ea\u30e5\u30a6\u30bd\u30a6\u30d6\u30eb\u30fc|perish3\n|-fieldend|move: Trick Room\n|upkeep\n|turn|6\n|inactive|Hakitsu3 has 30 seconds left.\n|\n|t:|1776126252\n|move|p1a: Goodra|Protect|p1a: Goodra\n|-singleturn|p1a: Goodra|Protect\n|move|p2b: \u30ea\u30e5\u30a6\u30bd\u30a6\u30d6\u30eb\u30fc|Sacred Sword|p1a: Goodra\n|-activate|p1a: Goodra|move: Protect\n|move|p2a: Tiny Robinson|Crunch|p1a: Goodra\n|-activate|p1a: Goodra|move: Protect\n|\n|-weather|RainDance|[upkeep]\n|-heal|p1a: Goodra|84/100|[from] item: Leftovers\n|-start|p2b: \u30ea\u30e5\u30a6\u30bd\u30a6\u30d6\u30eb\u30fc|perish2\n|-start|p1a: Goodra|perish2\n|-start|p2a: Tiny Robinson|perish2\n|upkeep\n|turn|7\n|\n|t:|1776126272\n|move|p2b: \u30ea\u30e5\u30a6\u30bd\u30a6\u30d6\u30eb\u30fc|Sacred Sword|p1a: Goodra\n|-supereffective|p1a: Goodra|1\n|-damage|p1a: Goodra|0 fnt\n|-ability|p1a: Goodra|Gooey\n|-unboost|p2b: \u30ea\u30e5\u30a6\u30bd\u30a6\u30d6\u30eb\u30fc|spe|1\n|faint|p1a: Goodra\n|\n|win|Hakitsu3\n|raw|CappyCappy's rating: 1245 &rarr; <strong>1218</strong><br />(-27 for losing)\n|raw|Hakitsu3's rating: 1215 &rarr; <strong>1242</strong><br />(+27 for winning)\n",
  "uploadtime": 1776126272,
  "views": 18,
  "formatid": "gen9championsvgc2026regma",
  "rating": 1218,
  "private": 0,
  "password": null
}