{
  "id": "gen9championsvgc2026regma-2585695009",
  "format": "[Gen 9 Champions] VGC 2026 Reg M-A",
  "players": [
    "sdgfsfsdfs",
    "MegaPoblano"
  ],
  "log": "|j|\u2606sdgfsfsdfs\n|j|\u203dMegaPoblano\n|t:|1776364275\n|gametype|doubles\n|player|p1|sdgfsfsdfs|170|1230\n|player|p2|MegaPoblano|red|1276\n|gen|9\n|tier|[Gen 9 Champions] VGC 2026 Reg M-A\n|rated|\n|rule|Species Clause: Limit one of each Pok\u00e9mon\n|rule|Item Clause: Limit 1 of each item\n|clearpoke\n|poke|p1|Charizard, L50, M|\n|poke|p1|Whimsicott, L50, M|\n|poke|p1|Rotom-Wash, L50|\n|poke|p1|Sneasler, L50, M|\n|poke|p1|Garchomp, L50, F|\n|poke|p1|Kingambit, L50, M|\n|poke|p2|Scovillain, L50, F|\n|poke|p2|Aerodactyl, L50, F|\n|poke|p2|Garchomp, L50, F|\n|poke|p2|Sneasler, L50, F|\n|poke|p2|Sinistcha, L50|\n|poke|p2|Primarina, L50, F|\n|teampreview|4\n|inactive|Battle timer is ON: inactive players will automatically lose when time's up. (requested by sdgfsfsdfs)\n|inactive|MegaPoblano has 60 seconds left.\n|\n|t:|1776364345\n|teamsize|p1|4\n|teamsize|p2|4\n|start\n|switch|p1a: Whimsicott|Whimsicott, L50, M, shiny|100/100\n|switch|p1b: Rotom|Rotom-Wash, L50, shiny|100/100\n|switch|p2a: Scovillain|Scovillain, L50, F|100/100\n|switch|p2b: Primarina|Primarina, L50, F|100/100\n|turn|1\n|\n|t:|1776364357\n|move|p2a: Scovillain|Protect|p2a: Scovillain\n|-singleturn|p2a: Scovillain|Protect\n|move|p2b: Primarina|Protect|p2b: Primarina\n|-singleturn|p2b: Primarina|Protect\n|move|p1a: Whimsicott|Taunt|p2a: Scovillain\n|-activate|p2a: Scovillain|move: Protect\n|move|p1b: Rotom|Volt Switch|p2b: Primarina\n|-activate|p2b: Primarina|move: Protect\n|\n|-ability|p2a: Scovillain|Moody|boost\n|-boost|p2a: Scovillain|def|2\n|-unboost|p2a: Scovillain|spd|1\n|upkeep\n|turn|2\n|\n|t:|1776364378\n|detailschange|p2a: Scovillain|Scovillain-Mega, L50, F\n|-mega|p2a: Scovillain|Scovillain|Scovillainite\n|move|p2a: Scovillain|Rage Powder|p2a: Scovillain\n|-singleturn|p2a: Scovillain|move: Rage Powder\n|move|p1a: Whimsicott|Encore|p2a: Scovillain\n|-start|p2a: Scovillain|Encore\n|move|p1b: Rotom|Volt Switch|p2a: Scovillain\n|-resisted|p2a: Scovillain|1\n|-damage|p2a: Scovillain|81/100\n|-status|p1b: Rotom|brn|[from] ability: Spicy Spray|[of] p2a: Scovillain\n|\n|t:|1776364388\n|switch|p1b: Charizard|Charizard, L50, M|100/100|[from] Volt Switch\n|move|p2b: Primarina|Hyper Voice|p1b: Charizard|[spread] p1a,p1b\n|-resisted|p1a: Whimsicott|1\n|-supereffective|p1b: Charizard|1\n|-damage|p1a: Whimsicott|70/100\n|-damage|p1b: Charizard|4/100\n|\n|upkeep\n|turn|3\n|\n|t:|1776364408\n|switch|p2a: Sneasler|Sneasler, L50, F|100/100\n|move|p1b: Charizard|Protect|p1b: Charizard\n|-singleturn|p1b: Charizard|Protect\n|move|p2b: Primarina|Protect|p2b: Primarina\n|-singleturn|p2b: Primarina|Protect\n|move|p1a: Whimsicott|Taunt|p2a: Sneasler\n|-start|p2a: Sneasler|move: Taunt\n|\n|upkeep\n|turn|4\n|\n|t:|1776364420\n|switch|p1a: Sneasler|Sneasler, L50, M, shiny|100/100\n|switch|p1b: Rotom|Rotom-Wash, L50, shiny|100/100 brn\n|switch|p2b: Aerodactyl|Aerodactyl, L50, F|100/100\n|-ability|p2b: Aerodactyl|Unnerve\n|move|p2a: Sneasler|Fake Out|p1b: Rotom\n|-damage|p1b: Rotom|85/100 brn\n|\n|-damage|p1b: Rotom|79/100 brn|[from] brn\n|upkeep\n|turn|5\n|inactive|sdgfsfsdfs has 30 seconds left.\n|\n|t:|1776364448\n|switch|p2a: Scovillain|Scovillain-Mega, L50, F|81/100\n|move|p2b: Aerodactyl|Protect|p2b: Aerodactyl\n|-singleturn|p2b: Aerodactyl|Protect\n|move|p1a: Sneasler|Close Combat|p2b: Aerodactyl\n|-activate|p2b: Aerodactyl|move: Protect\n|move|p1b: Rotom|Volt Switch|p2a: Scovillain\n|-resisted|p2a: Scovillain|1\n|-damage|p2a: Scovillain|67/100\n|\n|t:|1776364455\n|switch|p1b: Whimsicott|Whimsicott, L50, M, shiny|70/100|[from] Volt Switch\n|\n|upkeep\n|turn|6\n|inactive|sdgfsfsdfs has 30 seconds left.\n|\n|t:|1776364484\n|move|p1a: Sneasler|Protect|p1a: Sneasler\n|-singleturn|p1a: Sneasler|Protect\n|move|p1b: Whimsicott|Taunt|p2a: Scovillain\n|-start|p2a: Scovillain|move: Taunt\n|move|p2b: Aerodactyl|Dual Wingbeat|p1a: Sneasler\n|-activate|p1a: Sneasler|move: Protect\n|move|p2a: Scovillain|Flamethrower|p1b: Whimsicott\n|-supereffective|p1b: Whimsicott|1\n|-damage|p1b: Whimsicott|0 fnt\n|faint|p1b: Whimsicott\n|\n|upkeep\n|\n|t:|1776364495\n|switch|p1b: Rotom|Rotom-Wash, L50, shiny|79/100 brn\n|turn|7\n|\n|t:|1776364501\n|switch|p2a: Sneasler|Sneasler, L50, F|100/100\n|move|p2b: Aerodactyl|Protect|p2b: Aerodactyl\n|-singleturn|p2b: Aerodactyl|Protect\n|move|p1a: Sneasler|Close Combat|p2a: Sneasler\n|-resisted|p2a: Sneasler|1\n|-damage|p2a: Sneasler|47/100\n|-unboost|p1a: Sneasler|def|1\n|-unboost|p1a: Sneasler|spd|1\n|-enditem|p1a: Sneasler|White Herb\n|-clearnegativeboost|p1a: Sneasler|[silent]\n|move|p1b: Rotom|Volt Switch|p2b: Aerodactyl\n|-activate|p2b: Aerodactyl|move: Protect\n|\n|-damage|p1b: Rotom|74/100 brn|[from] brn\n|upkeep\n|turn|8\n|\n|t:|1776364517\n|move|p2a: Sneasler|Fake Out|p1b: Rotom\n|-damage|p1b: Rotom|60/100 brn\n|move|p1a: Sneasler|Close Combat|p2b: Aerodactyl\n|-damage|p2b: Aerodactyl|8/100\n|-unboost|p1a: Sneasler|def|1\n|-unboost|p1a: Sneasler|spd|1\n|move|p2b: Aerodactyl|Dual Wingbeat|p1a: Sneasler\n|-supereffective|p1a: Sneasler|1\n|-damage|p1a: Sneasler|19/100\n|-supereffective|p1a: Sneasler|1\n|-damage|p1a: Sneasler|0 fnt\n|faint|p1a: Sneasler\n|-hitcount|p1: Sneasler|2\n|cant|p1b: Rotom|flinch\n|\n|-damage|p1b: Rotom|54/100 brn|[from] brn\n|upkeep\n|\n|t:|1776364521\n|switch|p1a: Charizard|Charizard, L50, M|4/100\n|turn|9\n|\n|t:|1776364538\n|switch|p2a: Scovillain|Scovillain-Mega, L50, F|67/100\n|detailschange|p1a: Charizard|Charizard-Mega-Y, L50, M\n|-mega|p1a: Charizard|Charizard|Charizardite Y\n|-weather|SunnyDay|[from] ability: Drought|[of] p1a: Charizard\n|move|p2b: Aerodactyl|Protect|p2b: Aerodactyl\n|-singleturn|p2b: Aerodactyl|Protect\n|move|p1a: Charizard|Heat Wave|p2a: Scovillain|[spread] p2a\n|-activate|p2b: Aerodactyl|move: Protect\n|-damage|p2a: Scovillain|0 fnt\n|-immune|p1a: Charizard\n|faint|p2a: Scovillain\n|move|p1b: Rotom|Volt Switch|p2b: Aerodactyl\n|-activate|p2b: Aerodactyl|move: Protect\n|\n|-weather|SunnyDay|[upkeep]\n|-damage|p1b: Rotom|48/100 brn|[from] brn\n|upkeep\n|\n|t:|1776364550\n|switch|p2a: Sneasler|Sneasler, L50, F|47/100\n|turn|10\n|\n|t:|1776364558\n|move|p1a: Charizard|Protect|p1a: Charizard\n|-singleturn|p1a: Charizard|Protect\n|move|p2a: Sneasler|Fake Out|p1b: Rotom\n|-damage|p1b: Rotom|34/100 brn\n|move|p2b: Aerodactyl|Rock Slide|p1a: Charizard|[spread] p1b\n|-activate|p1a: Charizard|move: Protect\n|-damage|p1b: Rotom|9/100 brn\n|cant|p1b: Rotom|flinch\n|\n|-weather|SunnyDay|[upkeep]\n|-damage|p1b: Rotom|4/100 brn|[from] brn\n|upkeep\n|turn|11\n|\n|t:|1776364571\n|move|p2b: Aerodactyl|Rock Slide|p1a: Charizard|[spread] p1a,p1b\n|-supereffective|p1a: Charizard|2\n|-damage|p1a: Charizard|0 fnt\n|-damage|p1b: Rotom|0 fnt\n|faint|p1a: Charizard\n|faint|p1b: Rotom\n|\n|win|MegaPoblano\n|raw|sdgfsfsdfs's rating: 1230 &rarr; <strong>1208</strong><br />(-22 for losing)\n|raw|MegaPoblano's rating: 1276 &rarr; <strong>1298</strong><br />(+22 for winning)\n|l|\u2606sdgfsfsdfs\n|player|p1|\n",
  "uploadtime": 1776364575,
  "views": 25,
  "formatid": "gen9championsvgc2026regma",
  "rating": 1208,
  "private": 0,
  "password": null
}