{
  "id": "gen9championsvgc2026regma-2587638408",
  "format": "[Gen 9 Champions] VGC 2026 Reg M-A",
  "players": [
    "WalkingWakeUpWrap",
    "Jeazoal"
  ],
  "log": "|j|\u2606WalkingWakeUpWrap\n|j|\u2606Jeazoal\n|t:|1776549302\n|gametype|doubles\n|player|p1|WalkingWakeUpWrap|169|1087\n|player|p2|Jeazoal|pokemonranger-gen4|1134\n|gen|9\n|tier|[Gen 9 Champions] VGC 2026 Reg M-A\n|rated|\n|rule|Species Clause: Limit one of each Pok\u00e9mon\n|rule|Item Clause: Limit 1 of each item\n|clearpoke\n|poke|p1|Gengar, L50, M|\n|poke|p1|Sneasler, L50, M|\n|poke|p1|Rotom-Wash, L50|\n|poke|p1|Aerodactyl, L50, M|\n|poke|p1|Incineroar, L50, M|\n|poke|p1|Maushold, L50|\n|poke|p2|Pelipper, L50, M|\n|poke|p2|Basculegion, L50, M|\n|poke|p2|Archaludon, L50, M|\n|poke|p2|Sinistcha, L50|\n|poke|p2|Dragonite, L50, M|\n|poke|p2|Sneasler, L50, M|\n|teampreview|4\nJeazoal has agreed to open team sheets.\n|inactive|Battle timer is ON: inactive players will automatically lose when time's up. (requested by WalkingWakeUpWrap)\n|\n|t:|1776549327\n|teamsize|p1|4\n|teamsize|p2|4\n|start\n|switch|p1a: Gengar|Gengar, L50, M|100/100\n|switch|p1b: Sneasler|Sneasler, L50, M|100/100\n|switch|p2a: Pelipper|Pelipper, L50, M|100/100\n|switch|p2b: Archaludon|Archaludon, L50, M|100/100\n|-weather|RainDance|[from] ability: Drizzle|[of] p2a: Pelipper\n|turn|1\n|\n|t:|1776549349\n|detailschange|p1a: Gengar|Gengar-Mega, L50, M\n|-mega|p1a: Gengar|Gengar|Gengarite\n|move|p1a: Gengar|Icy Wind|p2b: Archaludon|[spread] p2a,p2b\n|-damage|p2a: Pelipper|68/100\n|-damage|p2b: Archaludon|82/100\n|-unboost|p2a: Pelipper|spe|1\n|-unboost|p2b: Archaludon|spe|1\n|-ability|p2b: Archaludon|Stamina|boost\n|-boost|p2b: Archaludon|def|1\n|move|p1b: Sneasler|Close Combat|p2b: Archaludon\n|-supereffective|p2b: Archaludon|1\n|-damage|p2b: Archaludon|18/100\n|-unboost|p1b: Sneasler|def|1\n|-unboost|p1b: Sneasler|spd|1\n|-ability|p2b: Archaludon|Stamina|boost\n|-boost|p2b: Archaludon|def|1\n|-enditem|p1b: Sneasler|White Herb\n|-clearnegativeboost|p1b: Sneasler|[silent]\n|move|p2a: Pelipper|Hurricane|p1b: Sneasler\n|-supereffective|p1b: Sneasler|1\n|-damage|p1b: Sneasler|0 fnt\n|faint|p1b: Sneasler\n|move|p2b: Archaludon|Electro Shot||[still]\n|-prepare|p2b: Archaludon|Electro Shot\n|-boost|p2b: Archaludon|spa|1\n|-anim|p2b: Archaludon|Electro Shot|p1a: Gengar\n|-damage|p1a: Gengar|19/100\n|\n|-weather|RainDance|[upkeep]\n|-heal|p2b: Archaludon|24/100|[from] item: Leftovers\n|upkeep\n|\n|t:|1776549367\n|switch|p1b: Maushold|Maushold, L50|100/100\n|turn|2\n|inactive|Jeazoal has 30 seconds left.\n|\n|t:|1776549401\n|move|p2b: Archaludon|Protect|p2b: Archaludon\n|-singleturn|p2b: Archaludon|Protect\n|move|p1b: Maushold|Follow Me|p1b: Maushold\n|-singleturn|p1b: Maushold|move: Follow Me\n|move|p1a: Gengar|Shadow Ball|p2b: Archaludon\n|-activate|p2b: Archaludon|move: Protect\n|move|p2a: Pelipper|Hurricane|p1b: Maushold\n|-damage|p1b: Maushold|36/100\n|-start|p1b: Maushold|confusion\n|\n|-weather|RainDance|[upkeep]\n|-heal|p2b: Archaludon|30/100|[from] item: Leftovers\n|upkeep\n|turn|3\n|\n|t:|1776549421\n|-activate|p1b: Maushold|confusion\n|move|p1b: Maushold|Follow Me|p1b: Maushold\n|-singleturn|p1b: Maushold|move: Follow Me\n|move|p1a: Gengar|Shadow Ball|p2b: Archaludon\n|-damage|p2b: Archaludon|0 fnt\n|faint|p2b: Archaludon\n|move|p2a: Pelipper|Hurricane|p1b: Maushold\n|-damage|p1b: Maushold|0 fnt\n|faint|p1b: Maushold\n|\n|-weather|RainDance|[upkeep]\n|upkeep\n|\n|t:|1776549432\n|switch|p1b: Rotom|Rotom-Wash, L50|100/100\n|switch|p2b: Sneasler|Sneasler, L50, M|100/100\n|turn|4\n|\n|t:|1776549442\n|move|p1a: Gengar|Protect|p1a: Gengar\n|-singleturn|p1a: Gengar|Protect\n|move|p2a: Pelipper|Protect|p2a: Pelipper\n|-singleturn|p2a: Pelipper|Protect\n|move|p2b: Sneasler|Throat Chop|p1a: Gengar\n|-activate|p1a: Gengar|move: Protect\n|move|p1b: Rotom|Will-O-Wisp|p2b: Sneasler\n|-status|p2b: Sneasler|brn\n|\n|-weather|RainDance|[upkeep]\n|-damage|p2b: Sneasler|95/100 brn|[from] brn\n|upkeep\n|turn|5\n|\n|t:|1776549465\n|move|p1a: Gengar|Shadow Ball|p2b: Sneasler\n|-damage|p2b: Sneasler|36/100 brn\n|-unboost|p2b: Sneasler|spd|1\n|-enditem|p2b: Sneasler|White Herb\n|-clearnegativeboost|p2b: Sneasler|[silent]\n|move|p2b: Sneasler|Throat Chop|p1a: Gengar\n|-supereffective|p1a: Gengar|1\n|-damage|p1a: Gengar|0 fnt\n|faint|p1a: Gengar\n|move|p1b: Rotom|Volt Switch|p2a: Pelipper\n|-supereffective|p2a: Pelipper|2\n|-damage|p2a: Pelipper|0 fnt\n|faint|p2a: Pelipper\n|\n|-weather|none\n|-damage|p2b: Sneasler|30/100 brn|[from] brn\n|upkeep\n|\n|t:|1776549479\n|switch|p2a: Sinistcha|Sinistcha, L50|100/100\n|-heal|p2b: Sneasler|55/100 brn|[from] ability: Hospitality|[of] p2a: Sinistcha\n|turn|6\n|\n|t:|1776549495\n|move|p2b: Sneasler|Close Combat|p1b: Rotom\n|-damage|p1b: Rotom|74/100\n|-unboost|p2b: Sneasler|def|1\n|-unboost|p2b: Sneasler|spd|1\n|move|p1b: Rotom|Will-O-Wisp|p2a: Sinistcha\n|-status|p2a: Sinistcha|brn\n|move|p2a: Sinistcha|Matcha Gotcha|p1b: Rotom\n|-supereffective|p1b: Rotom|1\n|-damage|p1b: Rotom|5/100\n|\n|-heal|p1b: Rotom|11/100|[from] item: Leftovers\n|-damage|p2b: Sneasler|49/100 brn|[from] brn\n|-damage|p2a: Sinistcha|94/100 brn|[from] brn\n|upkeep\n|turn|7\n|-message|WalkingWakeUpWrap forfeited.\n|\n|win|Jeazoal\n|raw|WalkingWakeUpWrap's rating: 1087 &rarr; <strong>1067</strong><br />(-20 for losing)\n|raw|Jeazoal's rating: 1134 &rarr; <strong>1156</strong><br />(+22 for winning)\n|l|\u2606WalkingWakeUpWrap\n|player|p1|\n",
  "uploadtime": 1776549697,
  "views": 18,
  "formatid": "gen9championsvgc2026regma",
  "rating": 1067,
  "private": 0,
  "password": null
}