{
  "id": "gen9championsvgc2026regma-2585044802",
  "format": "[Gen 9 Champions] VGC 2026 Reg M-A",
  "players": [
    "armaldo5203",
    "actuary97"
  ],
  "log": "|j|\u2606armaldo5203\n|j|\u2606actuary97\n|t:|1776306275\n|gametype|doubles\n|player|p1|armaldo5203|crasherwake|1405\n|player|p2|actuary97|sabrina-frlg|1570\n|gen|9\n|tier|[Gen 9 Champions] VGC 2026 Reg M-A\n|rated|\n|rule|Species Clause: Limit one of each Pok\u00e9mon\n|rule|Item Clause: Limit 1 of each item\n|clearpoke\n|poke|p1|Slowbro, L50, M|\n|poke|p1|Incineroar, L50, F|\n|poke|p1|Sinistcha, L50|\n|poke|p1|Sneasler, L50, F|\n|poke|p1|Ninetales-Alola, L50, M|\n|poke|p1|Garchomp, L50, M|\n|poke|p2|Tyranitar, L50, M|\n|poke|p2|Gallade, L50, M|\n|poke|p2|Sinistcha, L50|\n|poke|p2|Corviknight, L50, F|\n|poke|p2|Incineroar, L50, F|\n|poke|p2|Milotic, L50, F|\n|teampreview|4\n|\n|t:|1776306301\n|teamsize|p1|4\n|teamsize|p2|4\n|start\n|switch|p1a: Slowbro|Slowbro, L50, M|100/100\n|switch|p1b: Sneasler|Sneasler, L50, F|100/100\n|switch|p2a: Gallade|Gallade, L50, M, shiny|100/100\n|switch|p2b: Milotic|Milotic, L50, F, shiny|100/100\n|turn|1\n|j| Crvstal_K!tty\n|inactive|Battle timer is ON: inactive players will automatically lose when time's up. (requested by armaldo5203)\n|\n|t:|1776306324\n|detailschange|p1a: Slowbro|Slowbro-Mega, L50, M\n|-mega|p1a: Slowbro|Slowbro|Slowbronite\n|move|p1b: Sneasler|Fake Out|p2a: Gallade\n|-damage|p2a: Gallade|78/100\n|cant|p2a: Gallade|flinch\n|move|p2b: Milotic|Scald|p1b: Sneasler\n|-damage|p1b: Sneasler|62/100\n|move|p1a: Slowbro|Calm Mind|p1a: Slowbro\n|-boost|p1a: Slowbro|spa|1\n|-boost|p1a: Slowbro|spd|1\n|\n|upkeep\n|turn|2\n|j| Syachilove0408\n|\n|t:|1776306351\n|move|p1b: Sneasler|Protect|p1b: Sneasler\n|-singleturn|p1b: Sneasler|Protect\n|move|p2a: Gallade|Leaf Blade|p1a: Slowbro\n|-supereffective|p1a: Slowbro|1\n|-damage|p1a: Slowbro|48/100\n|move|p2b: Milotic|Scald|p1b: Sneasler\n|-activate|p1b: Sneasler|move: Protect\n|move|p1a: Slowbro|Calm Mind|p1a: Slowbro\n|-boost|p1a: Slowbro|spa|1\n|-boost|p1a: Slowbro|spd|1\n|\n|upkeep\n|turn|3\n|l| Syachilove0408\n|\n|t:|1776306363\n|switch|p1b: Sinistcha|Sinistcha, L50|100/100\n|-heal|p1a: Slowbro|73/100|[from] ability: Hospitality|[of] p1b: Sinistcha\n|move|p2a: Gallade|Protect|p2a: Gallade\n|-singleturn|p2a: Gallade|Protect\n|move|p2b: Milotic|Scald|p1b: Sinistcha\n|-resisted|p1b: Sinistcha|1\n|-damage|p1b: Sinistcha|87/100\n|-status|p1b: Sinistcha|brn\n|move|p1a: Slowbro|Slack Off|p1a: Slowbro\n|-heal|p1a: Slowbro|100/100\n|\n|-heal|p1b: Sinistcha|93/100 brn|[from] item: Leftovers\n|-damage|p1b: Sinistcha|87/100 brn|[from] brn\n|upkeep\n|turn|4\n|inactive|actuary97 has 30 seconds left.\n|\n|t:|1776306389\n|switch|p2b: Sinistcha|Sinistcha, L50|100/100\n|-heal|p2a: Gallade|100/100|[from] ability: Hospitality|[of] p2b: Sinistcha\n|move|p2a: Gallade|Protect|p2a: Gallade\n|-singleturn|p2a: Gallade|Protect\n|move|p1b: Sinistcha|Matcha Gotcha|p2b: Sinistcha|[spread] p2b\n|-activate|p2a: Gallade|move: Protect\n|-resisted|p2b: Sinistcha|1\n|-damage|p2b: Sinistcha|87/100\n|-heal|p1b: Sinistcha|94/100 brn|[from] drain|[of] p2b: Sinistcha\n|-status|p2b: Sinistcha|brn\n|move|p1a: Slowbro|Scald|p2a: Gallade\n|-activate|p2a: Gallade|move: Protect\n|\n|-heal|p1b: Sinistcha|99/100 brn|[from] item: Leftovers\n|-damage|p2b: Sinistcha|81/100 brn|[from] brn\n|-damage|p1b: Sinistcha|94/100 brn|[from] brn\n|upkeep\n|turn|5\n|\n|t:|1776306407\n|move|p2a: Gallade|Leaf Blade|p1a: Slowbro\n|-supereffective|p1a: Slowbro|1\n|-damage|p1a: Slowbro|44/100\n|move|p2b: Sinistcha|Shadow Ball|p1b: Sinistcha\n|-supereffective|p1b: Sinistcha|1\n|-damage|p1b: Sinistcha|23/100 brn\n|move|p1a: Slowbro|Psyshock|p2a: Gallade\n|-damage|p2a: Gallade|0 fnt\n|faint|p2a: Gallade\n|move|p1b: Sinistcha|Trick Room|p1b: Sinistcha\n|-fieldstart|move: Trick Room|[of] p1b: Sinistcha\n|\n|-heal|p1b: Sinistcha|29/100 brn|[from] item: Leftovers\n|-damage|p2b: Sinistcha|75/100 brn|[from] brn\n|-damage|p1b: Sinistcha|23/100 brn|[from] brn\n|upkeep\n|\n|t:|1776306420\n|switch|p2a: Tyranitar|Tyranitar, L50, M, shiny|100/100\n|-weather|Sandstorm|[from] ability: Sand Stream|[of] p2a: Tyranitar\n|turn|6\n|\n|t:|1776306426\n|switch|p1b: Incineroar|Incineroar, L50, F|100/100\n|-ability|p1b: Incineroar|Intimidate|boost\n|-unboost|p2a: Tyranitar|atk|1\n|-unboost|p2b: Sinistcha|atk|1\n|detailschange|p2a: Tyranitar|Tyranitar-Mega, L50, M, shiny\n|-mega|p2a: Tyranitar|Tyranitar|Tyranitarite\n|move|p1a: Slowbro|Slack Off|p1a: Slowbro\n|-heal|p1a: Slowbro|94/100\n|move|p2b: Sinistcha|Shadow Ball|p1b: Incineroar\n|-resisted|p1b: Incineroar|1\n|-damage|p1b: Incineroar|86/100\n|move|p2a: Tyranitar|Knock Off|p1a: Slowbro\n|-supereffective|p1a: Slowbro|1\n|-damage|p1a: Slowbro|64/100\n|\n|-weather|Sandstorm|[upkeep]\n|-damage|p1a: Slowbro|58/100|[from] Sandstorm\n|-damage|p1b: Incineroar|80/100|[from] Sandstorm\n|-damage|p2b: Sinistcha|68/100 brn|[from] Sandstorm\n|-damage|p2b: Sinistcha|62/100 brn|[from] brn\n|upkeep\n|turn|7\n|\n|t:|1776306444\n|switch|p2a: Milotic|Milotic, L50, F, shiny|100/100\n|move|p1a: Slowbro|Slack Off|p1a: Slowbro\n|-heal|p1a: Slowbro|100/100\n|move|p1b: Incineroar|Parting Shot|p2a: Milotic\n|-unboost|p2a: Milotic|atk|1\n|-ability|p2a: Milotic|Competitive|boost\n|-boost|p2a: Milotic|spa|2\n|-unboost|p2a: Milotic|spa|1\n|-ability|p2a: Milotic|Competitive|boost\n|-boost|p2a: Milotic|spa|2\n|\n|t:|1776306451\n|switch|p1b: Sinistcha|Sinistcha, L50|23/100 brn|[from] Parting Shot\n|move|p2b: Sinistcha|Matcha Gotcha|p1a: Slowbro|[spread] p1a,p1b\n|-supereffective|p1a: Slowbro|1\n|-resisted|p1b: Sinistcha|1\n|-damage|p1a: Slowbro|77/100\n|-heal|p2b: Sinistcha|76/100 brn|[from] drain|[of] p1a: Slowbro\n|-damage|p1b: Sinistcha|11/100 brn\n|-heal|p2b: Sinistcha|82/100 brn|[from] drain|[of] p1b: Sinistcha\n|-status|p1a: Slowbro|brn\n|\n|-weather|Sandstorm|[upkeep]\n|-damage|p1a: Slowbro|71/100 brn|[from] Sandstorm\n|-damage|p1b: Sinistcha|4/100 brn|[from] Sandstorm\n|-damage|p2b: Sinistcha|76/100 brn|[from] Sandstorm\n|-damage|p2a: Milotic|95/100|[from] Sandstorm\n|-heal|p1b: Sinistcha|11/100 brn|[from] item: Leftovers\n|-damage|p1a: Slowbro|65/100 brn|[from] brn\n|-damage|p1b: Sinistcha|4/100 brn|[from] brn\n|-damage|p2b: Sinistcha|70/100 brn|[from] brn\n|upkeep\n|turn|8\n|j| jeskyv2\n|l| jeskyv2\n|inactive|actuary97 has 30 seconds left.\n|inactive|actuary97 has 20 seconds left.\n|inactive|actuary97 has 15 seconds left.\n|inactive|actuary97 has 10 seconds left.\n|\n|t:|1776306501\n|move|p1a: Slowbro|Psyshock|p2a: Milotic\n|-damage|p2a: Milotic|28/100\n|move|p2b: Sinistcha|Matcha Gotcha|p1a: Slowbro|[spread] p1a,p1b\n|-supereffective|p1a: Slowbro|1\n|-resisted|p1b: Sinistcha|1\n|-damage|p1a: Slowbro|37/100 brn\n|-heal|p2b: Sinistcha|85/100 brn|[from] drain|[of] p1a: Slowbro\n|-damage|p1b: Sinistcha|0 fnt\n|-heal|p2b: Sinistcha|88/100 brn|[from] drain|[of] p1b: Sinistcha\n|faint|p1b: Sinistcha\n|move|p2a: Milotic|Whirlpool|p1a: Slowbro\n|-resisted|p1a: Slowbro|1\n|-damage|p1a: Slowbro|31/100 brn\n|-activate|p1a: Slowbro|move: Whirlpool|[of] p2a: Milotic\n|\n|-weather|Sandstorm|[upkeep]\n|-damage|p1a: Slowbro|25/100 brn|[from] Sandstorm\n|-damage|p2b: Sinistcha|81/100 brn|[from] Sandstorm\n|-damage|p2a: Milotic|22/100|[from] Sandstorm\n|-damage|p1a: Slowbro|19/100 brn|[from] brn\n|-damage|p2b: Sinistcha|75/100 brn|[from] brn\n|-damage|p1a: Slowbro|7/100 brn|[from] move: Whirlpool|[partiallytrapped]\n|upkeep\n|\n|t:|1776306514\n|switch|p1b: Sneasler|Sneasler, L50, F|62/100\n|turn|9\n|\n|t:|1776306537\n|move|p1b: Sneasler|Fake Out|p2a: Milotic\n|-damage|p2a: Milotic|9/100\n|move|p1a: Slowbro|Slack Off|p1a: Slowbro\n|-heal|p1a: Slowbro|57/100 brn\n|move|p2b: Sinistcha|Matcha Gotcha|p1a: Slowbro|[spread] p1a,p1b\n|-supereffective|p1a: Slowbro|1\n|-resisted|p1b: Sneasler|1\n|-damage|p1a: Slowbro|30/100 brn\n|-heal|p2b: Sinistcha|90/100 brn|[from] drain|[of] p1a: Slowbro\n|-damage|p1b: Sneasler|40/100\n|-heal|p2b: Sinistcha|99/100 brn|[from] drain|[of] p1b: Sneasler\n|-status|p1b: Sneasler|brn\n|cant|p2a: Milotic|flinch\n|\n|-weather|Sandstorm|[upkeep]\n|-damage|p1a: Slowbro|24/100 brn|[from] Sandstorm\n|-damage|p2b: Sinistcha|94/100 brn|[from] Sandstorm\n|-damage|p2a: Milotic|3/100|[from] Sandstorm\n|-damage|p1b: Sneasler|35/100 brn|[from] Sandstorm\n|-damage|p1a: Slowbro|18/100 brn|[from] brn\n|-damage|p2b: Sinistcha|88/100 brn|[from] brn\n|-damage|p1b: Sneasler|29/100 brn|[from] brn\n|-damage|p1a: Slowbro|6/100 brn|[from] move: Whirlpool|[partiallytrapped]\n|-fieldend|move: Trick Room\n|upkeep\n|turn|10\n|inactive|actuary97 has 30 seconds left.\n|\n|t:|1776306567\n|move|p1b: Sneasler|Dire Claw|p2a: Milotic\n|-damage|p2a: Milotic|0 fnt\n|faint|p2a: Milotic\n|move|p2b: Sinistcha|Matcha Gotcha|p1b: Sneasler|[spread] p1a,p1b\n|-supereffective|p1a: Slowbro|1\n|-resisted|p1b: Sneasler|1\n|-damage|p1a: Slowbro|0 fnt\n|-heal|p2b: Sinistcha|91/100 brn|[from] drain|[of] p1a: Slowbro\n|-damage|p1b: Sneasler|8/100 brn\n|-heal|p2b: Sinistcha|100/100 brn|[from] drain|[of] p1b: Sneasler\n|faint|p1a: Slowbro\n|\n|-weather|none\n|-damage|p1b: Sneasler|2/100 brn|[from] brn\n|-damage|p2b: Sinistcha|94/100 brn|[from] brn\n|upkeep\n|\n|t:|1776306575\n|switch|p2a: Tyranitar|Tyranitar-Mega, L50, M, shiny|100/100\n|switch|p1a: Incineroar|Incineroar, L50, F|80/100\n|-weather|Sandstorm|[from] ability: Sand Stream|[of] p2a: Tyranitar\n|-ability|p1a: Incineroar|Intimidate|boost\n|-unboost|p2a: Tyranitar|atk|1\n|-unboost|p2b: Sinistcha|atk|1\n|turn|11\n|\n|t:|1776306589\n|move|p2a: Tyranitar|Protect|p2a: Tyranitar\n|-singleturn|p2a: Tyranitar|Protect\n|move|p1b: Sneasler|Dire Claw|p2a: Tyranitar\n|-activate|p2a: Tyranitar|move: Protect\n|move|p2b: Sinistcha|Shadow Ball|p1a: Incineroar\n|-resisted|p1a: Incineroar|1\n|-damage|p1a: Incineroar|65/100\n|move|p1a: Incineroar|Parting Shot|p2a: Tyranitar\n|-activate|p2a: Tyranitar|move: Protect\n|\n|-weather|Sandstorm|[upkeep]\n|-damage|p1b: Sneasler|0 fnt|[from] Sandstorm\n|-damage|p2b: Sinistcha|88/100 brn|[from] Sandstorm\n|-damage|p1a: Incineroar|59/100|[from] Sandstorm\n|faint|p1b: Sneasler\n|-damage|p2b: Sinistcha|82/100 brn|[from] brn\n|upkeep\n|turn|12\n|-message|armaldo5203 forfeited.\n|\n|win|actuary97\n|raw|armaldo5203's rating: 1405 &rarr; <strong>1394</strong><br />(-11 for losing)\n|raw|actuary97's rating: 1570 &rarr; <strong>1581</strong><br />(+11 for winning)\n|l|\u2606armaldo5203\n|player|p1|\n|l| Crvstal_K!tty\n",
  "uploadtime": 1776306619,
  "views": 34,
  "formatid": "gen9championsvgc2026regma",
  "rating": 1394,
  "private": 0,
  "password": null
}