{
  "id": "gen9championsvgc2026regma-2585234266",
  "format": "[Gen 9 Champions] VGC 2026 Reg M-A",
  "players": [
    "johnkneebravo",
    "crabson"
  ],
  "log": "|j|\u2606johnkneebravo\n|j|\u2606crabson\n|t:|1776328157\n|gametype|doubles\n|player|p1|johnkneebravo|clerk|1096\n|player|p2|crabson|scientistf|1000\n|gen|9\n|tier|[Gen 9 Champions] VGC 2026 Reg M-A\n|rated|\n|rule|Species Clause: Limit one of each Pok\u00e9mon\n|rule|Item Clause: Limit 1 of each item\n|clearpoke\n|poke|p1|Mimikyu, L50, M|\n|poke|p1|Slowking-Galar, L50, M|\n|poke|p1|Feraligatr, L50, M|\n|poke|p1|Hydrapple, L50, F|\n|poke|p1|Snorlax, L50, M|\n|poke|p1|Reuniclus, L50, M|\n|poke|p2|Lucario, L50, M|\n|poke|p2|Dragonite, L50, M|\n|poke|p2|Archaludon, L50, F|\n|poke|p2|Kingambit, L50, M|\n|poke|p2|Basculegion, L50, M|\n|poke|p2|Pelipper, L50, M|\n|teampreview|4\n|inactive|Battle timer is ON: inactive players will automatically lose when time's up. (requested by johnkneebravo)\n|inactive|johnkneebravo has 60 seconds left.\n|inactive|crabson has 60 seconds left.\n|\n|t:|1776328197\n|teamsize|p1|4\n|teamsize|p2|4\n|start\n|switch|p1a: Willy Wonka|Slowking-Galar, L50, M|100/100\n|switch|p1b: Chaos|Reuniclus, L50, M, shiny|100/100\n|switch|p2a: Pelipper|Pelipper, L50, M|100/100\n|switch|p2b: Archaludon|Archaludon, L50, F|100/100\n|-weather|RainDance|[from] ability: Drizzle|[of] p2a: Pelipper\n|turn|1\n|inactive|crabson has 30 seconds left.\n|inactive|crabson has 20 seconds left.\n|inactive|crabson has 15 seconds left.\n|inactive|crabson has 10 seconds left.\n|inactive|crabson has 5 seconds left.\n|\n|t:|1776328252\n|move|p2a: Pelipper|Hurricane|p1a: Willy Wonka\n|-damage|p1a: Willy Wonka|61/100\n|move|p2b: Archaludon|Electro Shot||[still]\n|-prepare|p2b: Archaludon|Electro Shot\n|-boost|p2b: Archaludon|spa|1\n|-anim|p2b: Archaludon|Electro Shot|p1a: Willy Wonka\n|-damage|p1a: Willy Wonka|16/100\n|-prepare|p1a: Willy Wonka|Chilly Reception|[premajor]\n|move|p1a: Willy Wonka|Chilly Reception|p1a: Willy Wonka\n|-weather|Snowscape\n|\n|t:|1776328266\n|switch|p1a: King K. Rool|Feraligatr, L50, M|100/100|[from] Chilly Reception\n|move|p1b: Chaos|Wonder Room|p1b: Chaos\n|-fieldstart|move: Wonder Room|[of] p1b: Chaos\n|\n|-weather|Snowscape|[upkeep]\n|upkeep\n|turn|2\n|\n|t:|1776328290\n|detailschange|p1a: King K. Rool|Feraligatr-Mega, L50, M\n|-mega|p1a: King K. Rool|Feraligatr|Feraligite\n|move|p2a: Pelipper|Weather Ball|p1b: Chaos\n|-damage|p1b: Chaos|70/100\n|move|p2b: Archaludon|Electro Shot||[still]\n|-prepare|p2b: Archaludon|Electro Shot\n|-boost|p2b: Archaludon|spa|1\n|move|p1a: King K. Rool|Low Kick|p2b: Archaludon\n|-supereffective|p2b: Archaludon|1\n|-damage|p2b: Archaludon|31/100\n|-ability|p2b: Archaludon|Stamina|boost\n|-boost|p2b: Archaludon|def|1\n|move|p1b: Chaos|Future Sight|p2a: Pelipper\n|-start|p1b: Chaos|move: Future Sight\n|\n|-weather|Snowscape|[upkeep]\n|-heal|p2b: Archaludon|38/100|[from] item: Leftovers\n|upkeep\n|turn|3\n|inactive|crabson has 30 seconds left.\n|\n|t:|1776328319\n|switch|p2a: Kingambit|Kingambit, L50, M|100/100\n|move|p2b: Archaludon|Electro Shot|p1a: King K. Rool|[from] lockedmove\n|-damage|p1a: King K. Rool|46/100\n|move|p1a: King K. Rool|Low Kick|p2b: Archaludon\n|-supereffective|p2b: Archaludon|1\n|-damage|p2b: Archaludon|0 fnt\n|faint|p2b: Archaludon\n|move|p1b: Chaos|Future Sight||[still]\n|-fail|p1b: Chaos\n|\n|-weather|Snowscape|[upkeep]\n|upkeep\n|\n|t:|1776328336\n|switch|p2b: Lucario|Lucario, L50, M|100/100\n|turn|4\n|\n|t:|1776328352\n|detailschange|p2b: Lucario|Lucario-Mega, L50, M\n|-mega|p2b: Lucario|Lucario|Lucarionite\n|move|p2b: Lucario|Protect|p2b: Lucario\n|-singleturn|p2b: Lucario|Protect\n|move|p1a: King K. Rool|Low Kick|p2a: Kingambit\n|-supereffective|p2a: Kingambit|2\n|-enditem|p2a: Kingambit|Chople Berry|[eat]\n|-enditem|p2a: Kingambit|Chople Berry|[weaken]\n|-damage|p2a: Kingambit|5/100\n|move|p2a: Kingambit|Low Kick|p1a: King K. Rool\n|-damage|p1a: King K. Rool|6/100\n|move|p1b: Chaos|Future Sight|p2b: Lucario\n|-start|p1b: Chaos|move: Future Sight\n|\n|-weather|Snowscape|[upkeep]\n|-end|p2a: Kingambit|move: Future Sight\n|-immune|p2a: Kingambit\n|upkeep\n|turn|5\n|inactive|johnkneebravo has 30 seconds left.\n|inactive|crabson has 30 seconds left.\n|inactive|crabson has 20 seconds left.\n|\n|t:|1776328392\n|move|p2a: Kingambit|Sucker Punch|p1a: King K. Rool\n|-damage|p1a: King K. Rool|0 fnt\n|faint|p1a: King K. Rool\n|move|p2b: Lucario|Ice Punch|p1b: Chaos\n|-damage|p1b: Chaos|45/100\n|-status|p1b: Chaos|frz\n|-curestatus|p1b: Chaos|frz|[msg]\n|move|p1b: Chaos|Future Sight|p2a: Kingambit\n|-start|p1b: Chaos|move: Future Sight\n|\n|-weather|none\n|-fieldend|move: Wonder Room\n|upkeep\n|\n|t:|1776328411\n|switch|p1a: Willy Wonka|Slowking-Galar, L50, M|50/100\n|turn|6\n|inactive|johnkneebravo has 30 seconds left.\n|\n|t:|1776328440\n|move|p2a: Kingambit|Protect|p2a: Kingambit\n|-singleturn|p2a: Kingambit|Protect\n|move|p1b: Chaos|Protect|p1b: Chaos\n|-singleturn|p1b: Chaos|Protect\n|move|p2b: Lucario|Bullet Punch|p1a: Willy Wonka\n|-damage|p1a: Willy Wonka|21/100\n|move|p1a: Willy Wonka|Psychic|p2b: Lucario\n|-damage|p2b: Lucario|35/100\n|\n|-end|p2b: Lucario|move: Future Sight\n|-damage|p2b: Lucario|0 fnt\n|faint|p2b: Lucario\n|upkeep\n|\n|t:|1776328454\n|switch|p2b: Pelipper|Pelipper, L50, M|100/100\n|-weather|RainDance|[from] ability: Drizzle|[of] p2b: Pelipper\n|turn|7\n|inactive|johnkneebravo has 30 seconds left.\n|\n|t:|1776328481\n|move|p2b: Pelipper|Hurricane|p1b: Chaos\n|-damage|p1b: Chaos|0 fnt\n|faint|p1b: Chaos\n|move|p2a: Kingambit|Iron Head|p1a: Willy Wonka\n|-damage|p1a: Willy Wonka|0 fnt\n|faint|p1a: Willy Wonka\n|\n|-weather|RainDance|[upkeep]\n|-end|p2a: Kingambit|move: Future Sight\n|-immune|p2a: Kingambit\n|upkeep\n|\n|t:|1776328493\n|switch|p1a: Gum Gum|Hydrapple, L50, F|100/100\n|-ability|p1a: Gum Gum|Supersweet Syrup\n|-unboost|p2a: Kingambit|evasion|1\n|-ability|p2a: Kingambit|Defiant|boost\n|-boost|p2a: Kingambit|atk|2\n|-unboost|p2b: Pelipper|evasion|1\n|turn|8\n|\n|t:|1776328508\n|move|p2a: Kingambit|Protect|p2a: Kingambit\n|-singleturn|p2a: Kingambit|Protect\n|move|p1a: Gum Gum|Protect|p1a: Gum Gum\n|-singleturn|p1a: Gum Gum|Protect\n|move|p2b: Pelipper|Hurricane|p1a: Gum Gum\n|-activate|p1a: Gum Gum|move: Protect\n|\n|-weather|RainDance|[upkeep]\n|upkeep\n|turn|9\n|\n|t:|1776328524\n|move|p2a: Kingambit|Sucker Punch|p1a: Gum Gum\n|-damage|p1a: Gum Gum|41/100\n|-enditem|p1a: Gum Gum|Sitrus Berry|[eat]\n|-heal|p1a: Gum Gum|66/100|[from] item: Sitrus Berry\n|move|p2b: Pelipper|Hurricane|p1a: Gum Gum\n|-supereffective|p1a: Gum Gum|1\n|-damage|p1a: Gum Gum|0 fnt\n|faint|p1a: Gum Gum\n|\n|win|crabson\n|raw|johnkneebravo's rating: 1096 &rarr; <strong>1065</strong><br />(-31 for losing)\n|raw|crabson's rating: 1000 &rarr; <strong>1051</strong><br />(+51 for winning)\n|c|\u2606johnkneebravo|gg\n|l|\u2606crabson\n|player|p2|\n",
  "uploadtime": 1776328874,
  "views": 21,
  "formatid": "gen9championsvgc2026regma",
  "rating": 1051,
  "private": 0,
  "password": null
}