{
  "id": "gen9championsvgc2026regma-2584005562",
  "format": "[Gen 9 Champions] VGC 2026 Reg M-A",
  "players": [
    "disciple of blahaj",
    "BrodaxVGC"
  ],
  "log": "|j|\u2606disciple of blahaj\n|j|\u2606BrodaxVGC\n|t:|1776216055\n|gametype|doubles\n|player|p1|disciple of blahaj|iris|1256\n|player|p2|BrodaxVGC|266|1293\n|gen|9\n|tier|[Gen 9 Champions] VGC 2026 Reg M-A\n|rated|\n|rule|Species Clause: Limit one of each Pok\u00e9mon\n|rule|Item Clause: Limit 1 of each item\n|clearpoke\n|poke|p1|Golurk, L50|\n|poke|p1|Oranguru, L50, F|\n|poke|p1|Hatterene, L50, F|\n|poke|p1|Meowstic, L50, M|\n|poke|p1|Torkoal, L50, F|\n|poke|p1|Gourgeist-*, L50, M|\n|poke|p2|Venusaur, L50, F|\n|poke|p2|Charizard, L50, M|\n|poke|p2|Whimsicott, L50, F|\n|poke|p2|Garchomp, L50, M|\n|poke|p2|Rotom-Wash, L50|\n|poke|p2|Sneasler, L50, M|\n|teampreview|4\n|inactive|Battle timer is ON: inactive players will automatically lose when time's up. (requested by BrodaxVGC)\n|inactive|BrodaxVGC has 60 seconds left.\n|\n|t:|1776216097\n|teamsize|p1|4\n|teamsize|p2|4\n|start\n|switch|p1a: Golurk|Golurk, L50|100/100\n|switch|p1b: Oranguru|Oranguru, L50, F|100/100\n|switch|p2a: Charizard|Charizard, L50, M|100/100\n|switch|p2b: Garchomp|Garchomp, L50, M|100/100\n|turn|1\n|\n|t:|1776216112\n|detailschange|p2a: Charizard|Charizard-Mega-Y, L50, M\n|-mega|p2a: Charizard|Charizard|Charizardite Y\n|-weather|SunnyDay|[from] ability: Drought|[of] p2a: Charizard\n|detailschange|p1a: Golurk|Golurk-Mega, L50\n|-mega|p1a: Golurk|Golurk|Golurkite\n|move|p1a: Golurk|Protect|p1a: Golurk\n|-singleturn|p1a: Golurk|Protect\n|move|p2b: Garchomp|Earthquake|p1a: Golurk|[spread] p1b\n|-activate|p1a: Golurk|move: Protect\n|-immune|p2a: Charizard\n|-damage|p1b: Oranguru|70/100\n|move|p2a: Charizard|Heat Wave|p1b: Oranguru|[spread] \n|-activate|p1a: Golurk|move: Protect\n|-miss|p2a: Charizard|p1b: Oranguru\n|move|p1b: Oranguru|Trick Room|p1b: Oranguru\n|-fieldstart|move: Trick Room|[of] p1b: Oranguru\n|\n|-weather|SunnyDay|[upkeep]\n|upkeep\n|turn|2\n|\n|t:|1776216132\n|move|p1a: Golurk|Shadow Punch|p2a: Charizard\n|-damage|p2a: Charizard|45/100\n|move|p1b: Oranguru|Instruct|p1a: Golurk\n|-singleturn|p1a: Golurk|move: Instruct|[of] p1b: Oranguru\n|move|p1a: Golurk|Shadow Punch|p2a: Charizard\n|-damage|p2a: Charizard|0 fnt\n|faint|p2a: Charizard\n|move|p2b: Garchomp|Earthquake|p1b: Oranguru|[spread] p1a,p1b\n|-crit|p1a: Golurk\n|-damage|p1a: Golurk|46/100\n|-damage|p1b: Oranguru|39/100\n|\n|-weather|SunnyDay|[upkeep]\n|upkeep\n|\n|t:|1776216141\n|switch|p2a: Sneasler|Sneasler, L50, M|100/100\n|turn|3\n|\n|t:|1776216163\n|move|p2a: Sneasler|Protect|p2a: Sneasler\n|-singleturn|p2a: Sneasler|Protect\n|move|p1a: Golurk|Headlong Rush|p2b: Garchomp\n|-damage|p2b: Garchomp|23/100\n|-unboost|p1a: Golurk|def|1\n|-unboost|p1a: Golurk|spd|1\n|-damage|p1a: Golurk|34/100|[from] ability: Rough Skin|[of] p2b: Garchomp\n|move|p1b: Oranguru|Instruct|p1a: Golurk\n|-singleturn|p1a: Golurk|move: Instruct|[of] p1b: Oranguru\n|move|p1a: Golurk|Headlong Rush|p2b: Garchomp\n|-damage|p2b: Garchomp|0 fnt\n|-unboost|p1a: Golurk|def|1\n|-unboost|p1a: Golurk|spd|1\n|-damage|p1a: Golurk|22/100|[from] ability: Rough Skin|[of] p2b: Garchomp\n|faint|p2b: Garchomp\n|\n|-weather|SunnyDay|[upkeep]\n|upkeep\n|\n|t:|1776216172\n|switch|p2b: Venusaur|Venusaur, L50, F|100/100\n|turn|4\n|\n|t:|1776216190\n|move|p1a: Golurk|Headlong Rush|p2b: Venusaur\n|-damage|p2b: Venusaur|1/100\n|-unboost|p1a: Golurk|def|1\n|-unboost|p1a: Golurk|spd|1\n|move|p1b: Oranguru|Instruct|p1a: Golurk\n|-singleturn|p1a: Golurk|move: Instruct|[of] p1b: Oranguru\n|move|p1a: Golurk|Headlong Rush|p2b: Venusaur\n|-damage|p2b: Venusaur|0 fnt\n|-unboost|p1a: Golurk|def|1\n|-unboost|p1a: Golurk|spd|1\n|faint|p2b: Venusaur\n|move|p2a: Sneasler|Dire Claw|p1b: Oranguru\n|-damage|p1b: Oranguru|8/100\n|-status|p1b: Oranguru|slp\n|\n|-weather|SunnyDay|[upkeep]\n|upkeep\n|turn|5\n|\n|t:|1776216210\n|move|p2a: Sneasler|Protect|p2a: Sneasler\n|-singleturn|p2a: Sneasler|Protect\n|move|p1a: Golurk|Headlong Rush|p2a: Sneasler\n|-supereffective|p2a: Sneasler|1\n|-ability|p1a: Golurk|Unseen Fist\n|-zbroken|p2a: Sneasler\n|-damage|p2a: Sneasler|35/100\n|-unboost|p1a: Golurk|def|1\n|-unboost|p1a: Golurk|spd|1\n|cant|p1b: Oranguru|slp\n|\n|-weather|none\n|-fieldend|move: Trick Room\n|upkeep\n|turn|6\n|\n|t:|1776216226\n|move|p2a: Sneasler|Dire Claw|p1a: Golurk\n|-resisted|p1a: Golurk|2\n|-damage|p1a: Golurk|0 fnt\n|faint|p1a: Golurk\n|cant|p1b: Oranguru|slp\n|\n|upkeep\n|\n|t:|1776216231\n|switch|p1a: Meowstic|Meowstic, L50, M|100/100\n|turn|7\n|\n|t:|1776216241\n|move|p1a: Meowstic|Fake Out|p2a: Sneasler\n|-damage|p2a: Sneasler|27/100\n|cant|p2a: Sneasler|flinch\n|-curestatus|p1b: Oranguru|slp|[msg]\n|move|p1b: Oranguru|Trick Room|p1b: Oranguru\n|-fieldstart|move: Trick Room|[of] p1b: Oranguru\n|\n|upkeep\n|turn|8\n|-message|BrodaxVGC forfeited.\n|\n|win|disciple of blahaj\n|raw|disciple of blahaj's rating: 1256 &rarr; <strong>1284</strong><br />(+28 for winning)\n|raw|BrodaxVGC's rating: 1293 &rarr; <strong>1265</strong><br />(-28 for losing)\n|l|\u2606BrodaxVGC\n|player|p2|\n",
  "uploadtime": 1776216253,
  "views": 39,
  "formatid": "gen9championsvgc2026regma",
  "rating": 1265,
  "private": 0,
  "password": null
}