{
  "id": "gen9championsvgc2026regma-2585348255",
  "format": "[Gen 9 Champions] VGC 2026 Reg M-A",
  "players": [
    "literallykobeni",
    "jimshorts0812"
  ],
  "log": "|j|\u2606literallykobeni\n|j|\u2606jimshorts0812\n|t:|1776340145\n|gametype|doubles\n|player|p1|literallykobeni|miku-ghost|1087\n|player|p2|jimshorts0812|skierf|1173\n|gen|9\n|tier|[Gen 9 Champions] VGC 2026 Reg M-A\n|rated|\n|rule|Species Clause: Limit one of each Pok\u00e9mon\n|rule|Item Clause: Limit 1 of each item\n|clearpoke\n|poke|p1|Rotom-Wash, L50|\n|poke|p1|Delphox, L50, M|\n|poke|p1|Basculegion, L50, M|\n|poke|p1|Incineroar, L50, M|\n|poke|p1|Froslass, L50, F|\n|poke|p1|Aerodactyl, L50, M|\n|poke|p2|Aggron, L50, M|\n|poke|p2|Sinistcha, L50|\n|poke|p2|Incineroar, L50, M|\n|poke|p2|Dragonite, L50, M|\n|poke|p2|Pelipper, L50, M|\n|poke|p2|Meowstic, L50, M|\n|teampreview|4\n|inactive|Battle timer is ON: inactive players will automatically lose when time's up. (requested by literallykobeni)\n|inactive|jimshorts0812 has 60 seconds left.\n|\n|t:|1776340178\n|teamsize|p1|4\n|teamsize|p2|4\n|start\n|switch|p1a: Rotom|Rotom-Wash, L50|100/100\n|switch|p1b: Froslass|Froslass, L50, F|100/100\n|switch|p2a: Pelipper|Pelipper, L50, M|100/100\n|switch|p2b: Incineroar|Incineroar, L50, M|100/100\n|-weather|RainDance|[from] ability: Drizzle|[of] p2a: Pelipper\n|-ability|p2b: Incineroar|Intimidate|boost\n|-unboost|p1a: Rotom|atk|1\n|-unboost|p1b: Froslass|atk|1\n|turn|1\n|\n|t:|1776340193\n|switch|p2a: Meowstic|Meowstic, L50, M|100/100\n|detailschange|p1b: Froslass|Froslass-Mega, L50, F\n|-mega|p1b: Froslass|Froslass|Froslassite\n|-weather|Snowscape|[from] ability: Snow Warning|[of] p1b: Froslass\n|move|p1a: Rotom|Electroweb|p2b: Incineroar|[spread] p2a,p2b\n|-crit|p2b: Incineroar\n|-damage|p2a: Meowstic|80/100\n|-damage|p2b: Incineroar|84/100\n|-unboost|p2a: Meowstic|spe|1\n|-unboost|p2b: Incineroar|spe|1\n|move|p1b: Froslass|Aurora Veil|p1b: Froslass\n|-sidestart|p1: literallykobeni|move: Aurora Veil\n|move|p2b: Incineroar|Parting Shot|p1b: Froslass\n|-unboost|p1b: Froslass|atk|1\n|-unboost|p1b: Froslass|spa|1\n|\n|t:|1776340208\n|switch|p2b: Pelipper|Pelipper, L50, M|100/100|[from] Parting Shot\n|-weather|RainDance|[from] ability: Drizzle|[of] p2b: Pelipper\n|\n|-weather|RainDance|[upkeep]\n|upkeep\n|turn|2\n|\n|t:|1776340219\n|switch|p1b: Incineroar|Incineroar, L50, M|100/100\n|-ability|p1b: Incineroar|Intimidate|boost\n|-unboost|p2a: Meowstic|atk|1\n|-unboost|p2b: Pelipper|atk|1\n|switch|p2b: Incineroar|Incineroar, L50, M|84/100\n|-ability|p2b: Incineroar|Intimidate|boost\n|-unboost|p1a: Rotom|atk|1\n|-unboost|p1b: Incineroar|atk|1\n|move|p2a: Meowstic|Light Screen|p2a: Meowstic\n|-sidestart|p2: jimshorts0812|move: Light Screen\n|move|p1a: Rotom|Electroweb|p2b: Incineroar|[spread] p2a,p2b\n|-damage|p2a: Meowstic|64/100\n|-damage|p2b: Incineroar|76/100\n|-unboost|p2a: Meowstic|spe|1\n|-unboost|p2b: Incineroar|spe|1\n|\n|-weather|RainDance|[upkeep]\n|upkeep\n|turn|3\n|inactive|jimshorts0812 has 30 seconds left.\n|\n|t:|1776340246\n|move|p1b: Incineroar|Fake Out|p2a: Meowstic\n|-damage|p2a: Meowstic|53/100\n|cant|p2a: Meowstic|flinch\n|move|p1a: Rotom|Electroweb|p2a: Meowstic|[spread] p2a,p2b\n|-damage|p2a: Meowstic|39/100\n|-damage|p2b: Incineroar|68/100\n|-unboost|p2a: Meowstic|spe|1\n|-unboost|p2b: Incineroar|spe|1\n|move|p2b: Incineroar|Throat Chop|p1b: Incineroar\n|-resisted|p1b: Incineroar|1\n|-damage|p1b: Incineroar|89/100\n|-start|p1b: Incineroar|Throat Chop|[silent]\n|\n|-weather|RainDance|[upkeep]\n|upkeep\n|turn|4\n|inactive|jimshorts0812 has 30 seconds left.\n|inactive|literallykobeni has 30 seconds left.\n|\n|t:|1776340282\n|switch|p1b: Basculegion|Basculegion, L50, M|100/100\n|move|p2a: Meowstic|Reflect|p2a: Meowstic\n|-sidestart|p2: jimshorts0812|Reflect\n|move|p1a: Rotom|Electroweb|p2a: Meowstic|[spread] p2a,p2b\n|-crit|p2b: Incineroar\n|-damage|p2a: Meowstic|23/100\n|-damage|p2b: Incineroar|50/100\n|-unboost|p2a: Meowstic|spe|1\n|-unboost|p2b: Incineroar|spe|1\n|-enditem|p2b: Incineroar|Sitrus Berry|[eat]\n|-heal|p2b: Incineroar|75/100|[from] item: Sitrus Berry\n|move|p2b: Incineroar|Throat Chop|p1b: Basculegion\n|-supereffective|p1b: Basculegion|1\n|-damage|p1b: Basculegion|40/100\n|-start|p1b: Basculegion|Throat Chop|[silent]\n|\n|-weather|RainDance|[upkeep]\n|upkeep\n|turn|5\n|inactive|jimshorts0812 has 30 seconds left.\n|\n|t:|1776340315\n|move|p2a: Meowstic|Protect|p2a: Meowstic\n|-singleturn|p2a: Meowstic|Protect\n|move|p1a: Rotom|Electroweb|p2b: Incineroar|[spread] p2b\n|-activate|p2a: Meowstic|move: Protect\n|-damage|p2b: Incineroar|67/100\n|-unboost|p2b: Incineroar|spe|1\n|move|p1b: Basculegion|Flip Turn|p2b: Incineroar\n|-supereffective|p2b: Incineroar|1\n|-damage|p2b: Incineroar|0 fnt\n|faint|p2b: Incineroar\n|\n|t:|1776340326\n|switch|p1b: Incineroar|Incineroar, L50, M|89/100|[from] Flip Turn\n|-ability|p1b: Incineroar|Intimidate|boost\n|-unboost|p2a: Meowstic|atk|1\n|\n|-weather|none\n|-sideend|p1: literallykobeni|move: Aurora Veil\n|upkeep\n|\n|t:|1776340331\n|switch|p2b: Dragonite|Dragonite, L50, M|100/100\n|turn|6\n|inactive|jimshorts0812 has 30 seconds left.\n|\n|t:|1776340357\n|detailschange|p2b: Dragonite|Dragonite-Mega, L50, M\n|-mega|p2b: Dragonite|Dragonite|Dragoninite\n|move|p1a: Rotom|Electroweb|p2b: Dragonite|[spread] p2a,p2b\n|-damage|p2a: Meowstic|7/100\n|-damage|p2b: Dragonite|97/100\n|-unboost|p2a: Meowstic|spe|1\n|-unboost|p2b: Dragonite|spe|1\n|move|p2b: Dragonite|Dragon Pulse|p1b: Incineroar\n|-damage|p1b: Incineroar|58/100\n|move|p1b: Incineroar|Parting Shot|p2b: Dragonite\n|-unboost|p2b: Dragonite|atk|1\n|-unboost|p2b: Dragonite|spa|1\n|\n|t:|1776340368\n|switch|p1b: Froslass|Froslass-Mega, L50, F|100/100|[from] Parting Shot\n|-weather|Snowscape|[from] ability: Snow Warning|[of] p1b: Froslass\n|move|p2a: Meowstic|Psychic|p1a: Rotom\n|-damage|p1a: Rotom|63/100\n|-unboost|p1a: Rotom|spd|1\n|\n|-weather|Snowscape|[upkeep]\n|-sideend|p2: jimshorts0812|move: Light Screen\n|upkeep\n|turn|7\n|\n|t:|1776340380\n|switch|p2a: Pelipper|Pelipper, L50, M|100/100\n|-weather|RainDance|[from] ability: Drizzle|[of] p2a: Pelipper\n|move|p1a: Rotom|Electroweb|p2a: Pelipper|[spread] p2a,p2b\n|-supereffective|p2a: Pelipper|2\n|-enditem|p2a: Pelipper|Wacan Berry|[eat]\n|-enditem|p2a: Pelipper|Wacan Berry|[weaken]\n|-damage|p2a: Pelipper|61/100\n|-damage|p2b: Dragonite|86/100\n|-unboost|p2a: Pelipper|spe|1\n|-unboost|p2b: Dragonite|spe|1\n|move|p1b: Froslass|Blizzard|p2b: Dragonite|[spread] p2b\n|-miss|p1b: Froslass|p2a: Pelipper\n|-supereffective|p2b: Dragonite|2\n|-damage|p2b: Dragonite|0 fnt\n|faint|p2b: Dragonite\n|\n|-weather|RainDance|[upkeep]\n|upkeep\n|\n|t:|1776340394\n|switch|p2b: Meowstic|Meowstic, L50, M|7/100\n|turn|8\n|-message|jimshorts0812 forfeited.\n|\n|win|literallykobeni\n|raw|literallykobeni's rating: 1087 &rarr; <strong>1120</strong><br />(+33 for winning)\n|raw|jimshorts0812's rating: 1173 &rarr; <strong>1142</strong><br />(-31 for losing)\n|l|\u2606jimshorts0812\n|player|p2|\n",
  "uploadtime": 1776340403,
  "views": 29,
  "formatid": "gen9championsvgc2026regma",
  "rating": 1120,
  "private": 0,
  "password": null
}