{
  "id": "gen9championsvgc2026regma-2582558504",
  "format": "[Gen 9 Champions] VGC 2026 Reg M-A",
  "players": [
    "yoelgonzalez",
    "SCPRafael"
  ],
  "log": "|j|\u2606yoelgonzalez\n|j|\u2606SCPRafael\n|t:|1776099291\n|gametype|doubles\n|player|p1|yoelgonzalez|brawly|1226\n|player|p2|SCPRafael|1|1275\n|gen|9\n|tier|[Gen 9 Champions] VGC 2026 Reg M-A\n|rated|\n|rule|Species Clause: Limit one of each Pok\u00e9mon\n|rule|Item Clause: Limit 1 of each item\n|clearpoke\n|poke|p1|Glimmora, L50, M|\n|poke|p1|Simisage, L50, F|\n|poke|p1|Incineroar, L50, M|\n|poke|p1|Rotom-Wash, L50|\n|poke|p1|Corviknight, L50, M|\n|poke|p1|Dragapult, L50, F|\n|poke|p2|Aegislash, L50, F|\n|poke|p2|Sneasler, L50, M|\n|poke|p2|Froslass, L50, F|\n|poke|p2|Volcarona, L50, M|\n|poke|p2|Araquanid, L50, M|\n|poke|p2|Garchomp, L50, M|\n|teampreview|4\n|inactive|Battle timer is ON: inactive players will automatically lose when time's up. (requested by yoelgonzalez)\n|inactive|SCPRafael has 60 seconds left.\n|inactive|SCPRafael has 30 seconds left.\n|inactive|SCPRafael has 20 seconds left.\n|inactive|SCPRafael has 15 seconds left.\n|\n|t:|1776099370\n|teamsize|p1|4\n|teamsize|p2|4\n|start\n|switch|p1a: Glimmora|Glimmora, L50, M|100/100\n|switch|p1b: Simisage|Simisage, L50, F, shiny|100/100\n|switch|p2a: Sneasler|Sneasler, L50, M, shiny|100/100\n|switch|p2b: Froslass|Froslass, L50, F, shiny|100/100\n|turn|1\n|inactive|SCPRafael has 30 seconds left.\n|\n|t:|1776099396\n|switch|p2b: Garchomp|Garchomp, L50, M, shiny|100/100\n|detailschange|p1a: Glimmora|Glimmora-Mega, L50, M\n|-mega|p1a: Glimmora|Glimmora|Glimmoranite\n|move|p1b: Simisage|Fake Out|p2a: Sneasler\n|-damage|p2a: Sneasler|87/100\n|cant|p2a: Sneasler|flinch\n|move|p1a: Glimmora|Power Gem|p2b: Garchomp\n|-resisted|p2b: Garchomp|1\n|-damage|p2b: Garchomp|64/100\n|\n|upkeep\n|turn|2\n|inactive|SCPRafael has 30 seconds left.\n|inactive|SCPRafael has 20 seconds left.\n|inactive|SCPRafael has 15 seconds left.\n|inactive|SCPRafael has 10 seconds left.\n|\n|t:|1776099445\n|switch|p1a: Corviknight|Corviknight, L50, M|100/100\n|move|p2b: Garchomp|Stomping Tantrum|p1b: Simisage\n|-resisted|p1b: Simisage|1\n|-damage|p1b: Simisage|63/100\n|move|p2a: Sneasler|Dire Claw|p1b: Simisage\n|-supereffective|p1b: Simisage|1\n|-damage|p1b: Simisage|0 fnt\n|faint|p1b: Simisage\n|\n|upkeep\n|\n|t:|1776099458\n|switch|p1b: Incineroar|Incineroar, L50, M|100/100\n|-ability|p1b: Incineroar|Intimidate|boost\n|-unboost|p2a: Sneasler|atk|1\n|-unboost|p2b: Garchomp|atk|1\n|turn|3\n|\n|t:|1776099483\n|switch|p2b: Aegislash|Aegislash, L50, F, shiny|100/100\n|move|p2a: Sneasler|Protect|p2a: Sneasler\n|-singleturn|p2a: Sneasler|Protect\n|move|p1b: Incineroar|Fake Out|p2a: Sneasler\n|-activate|p2a: Sneasler|move: Protect\n|move|p1a: Corviknight|Iron Defense|p1a: Corviknight\n|-boost|p1a: Corviknight|def|2\n|\n|upkeep\n|turn|4\n|\n|t:|1776099502\n|move|p2a: Sneasler|Close Combat|p1b: Incineroar\n|-supereffective|p1b: Incineroar|1\n|-damage|p1b: Incineroar|19/100\n|-unboost|p2a: Sneasler|def|1\n|-unboost|p2a: Sneasler|spd|1\n|-enditem|p1b: Incineroar|Sitrus Berry|[eat]\n|-heal|p1b: Incineroar|44/100|[from] item: Sitrus Berry\n|move|p1a: Corviknight|Tailwind|p1a: Corviknight\n|-sidestart|p1: yoelgonzalez|move: Tailwind\n|move|p1b: Incineroar|Flare Blitz|p2b: Aegislash\n|-supereffective|p2b: Aegislash|1\n|-damage|p2b: Aegislash|29/100\n|-damage|p1b: Incineroar|24/100|[from] Recoil\n|-formechange|p2b: Aegislash|Aegislash-Blade|\n|move|p2b: Aegislash|Sacred Sword|p1b: Incineroar\n|-supereffective|p1b: Incineroar|1\n|-damage|p1b: Incineroar|0 fnt\n|faint|p1b: Incineroar\n|\n|-heal|p2b: Aegislash|35/100|[from] item: Leftovers\n|upkeep\n|\n|t:|1776099518\n|switch|p1b: Glimmora|Glimmora-Mega, L50, M|100/100\n|turn|5\n|\n|t:|1776099529\n|move|p2a: Sneasler|Protect|p2a: Sneasler\n|-singleturn|p2a: Sneasler|Protect\n|-formechange|p2b: Aegislash|Aegislash|\n|move|p2b: Aegislash|King's Shield|p2b: Aegislash\n|-singleturn|p2b: Aegislash|Protect\n|move|p1b: Glimmora|Earth Power|p2a: Sneasler\n|-activate|p2a: Sneasler|move: Protect\n|move|p1a: Corviknight|Iron Defense|p1a: Corviknight\n|-boost|p1a: Corviknight|def|2\n|\n|-heal|p2b: Aegislash|41/100|[from] item: Leftovers\n|upkeep\n|turn|6\n|\n|t:|1776099545\n|move|p1b: Glimmora|Earth Power|p2b: Aegislash\n|-supereffective|p2b: Aegislash|1\n|-damage|p2b: Aegislash|0 fnt\n|faint|p2b: Aegislash\n|move|p1a: Corviknight|Body Press|p2a: Sneasler\n|-resisted|p2a: Sneasler|1\n|-damage|p2a: Sneasler|11/100\n|move|p2a: Sneasler|Close Combat|p1b: Glimmora\n|-damage|p1b: Glimmora|57/100\n|-unboost|p2a: Sneasler|def|1\n|-unboost|p2a: Sneasler|spd|1\n|-immune|p1b: Glimmora\n|\n|upkeep\n|\n|t:|1776099554\n|switch|p2b: Froslass|Froslass, L50, F, shiny|100/100\n|turn|7\n|\n|t:|1776099570\n|detailschange|p2b: Froslass|Froslass-Mega, L50, F, shiny\n|-mega|p2b: Froslass|Froslass|Froslassite\n|-weather|Snowscape|[from] ability: Snow Warning|[of] p2b: Froslass\n|move|p2b: Froslass|Protect|p2b: Froslass\n|-singleturn|p2b: Froslass|Protect\n|move|p1b: Glimmora|Power Gem|p2b: Froslass\n|-activate|p2b: Froslass|move: Protect\n|move|p1a: Corviknight|Body Press|p2a: Sneasler\n|-resisted|p2a: Sneasler|1\n|-damage|p2a: Sneasler|0 fnt\n|faint|p2a: Sneasler\n|\n|-weather|Snowscape|[upkeep]\n|-sideend|p1: yoelgonzalez|move: Tailwind\n|upkeep\n|\n|t:|1776099579\n|switch|p2a: Garchomp|Garchomp, L50, M, shiny|64/100\n|turn|8\n|\n|t:|1776099586\n|move|p1b: Glimmora|Spiky Shield|p1b: Glimmora\n|-singleturn|p1b: Glimmora|move: Protect\n|move|p2a: Garchomp|Rock Slide|p1b: Glimmora|[spread] p1a\n|-activate|p1b: Glimmora|move: Protect\n|-damage|p1a: Corviknight|95/100\n|move|p2b: Froslass|Blizzard|p1b: Glimmora|[spread] p1a\n|-activate|p1b: Glimmora|move: Protect\n|-damage|p1a: Corviknight|52/100\n|move|p1a: Corviknight|Tailwind|p1a: Corviknight\n|-sidestart|p1: yoelgonzalez|move: Tailwind\n|\n|-weather|Snowscape|[upkeep]\n|-heal|p1a: Corviknight|58/100|[from] item: Leftovers\n|upkeep\n|turn|9\n|\n|t:|1776099610\n|move|p2b: Froslass|Protect|p2b: Froslass\n|-singleturn|p2b: Froslass|Protect\n|move|p1b: Glimmora|Earth Power|p2a: Garchomp\n|-damage|p2a: Garchomp|28/100\n|move|p2a: Garchomp|Rock Slide|p1b: Glimmora|[spread] p1a,p1b\n|-damage|p1a: Corviknight|52/100\n|-damage|p1b: Glimmora|36/100\n|cant|p1a: Corviknight|flinch\n|\n|-weather|Snowscape|[upkeep]\n|-heal|p1a: Corviknight|58/100|[from] item: Leftovers\n|upkeep\n|turn|10\n|\n|t:|1776099625\n|move|p1b: Glimmora|Power Gem|p2b: Froslass\n|-supereffective|p2b: Froslass|1\n|-damage|p2b: Froslass|0 fnt\n|faint|p2b: Froslass\n|move|p2a: Garchomp|Rock Slide|p1b: Glimmora|[spread] p1a,p1b\n|-damage|p1a: Corviknight|52/100\n|-damage|p1b: Glimmora|12/100\n|move|p1a: Corviknight|Body Press|p2a: Garchomp\n|-damage|p2a: Garchomp|0 fnt\n|-damage|p1a: Corviknight|39/100|[from] ability: Rough Skin|[of] p2a: Garchomp\n|faint|p2a: Garchomp\n|\n|win|yoelgonzalez\n|raw|yoelgonzalez's rating: 1226 &rarr; <strong>1255</strong><br />(+29 for winning)\n|raw|SCPRafael's rating: 1275 &rarr; <strong>1246</strong><br />(-29 for losing)\n",
  "uploadtime": 1776099629,
  "views": 41,
  "formatid": "gen9championsvgc2026regma",
  "rating": 1246,
  "private": 0,
  "password": null
}