{
  "id": "gen9championsvgc2026regma-2583621926",
  "format": "[Gen 9 Champions] VGC 2026 Reg M-A",
  "players": [
    "boblebobleur",
    "ARKNinShadow"
  ],
  "log": "|j|\u2606boblebobleur\n|j|\u2606ARKNinShadow\n|t:|1776187086\n|gametype|doubles\n|player|p1|boblebobleur|265|1088\n|player|p2|ARKNinShadow|101|1000\n|gen|9\n|tier|[Gen 9 Champions] VGC 2026 Reg M-A\n|rated|\n|rule|Species Clause: Limit one of each Pok\u00e9mon\n|rule|Item Clause: Limit 1 of each item\n|clearpoke\n|poke|p1|Basculegion, L50, M|\n|poke|p1|Pelipper, L50, M|\n|poke|p1|Greninja-*, L50, F|\n|poke|p1|Garchomp, L50, M|\n|poke|p1|Aegislash, L50, F|\n|poke|p2|Maushold-Four, L50|\n|poke|p2|Mimikyu, L50, M|\n|poke|p2|Sinistcha, L50|\n|poke|p2|Sneasler, L50, M|\n|poke|p2|Kingambit, L50, M|\n|poke|p2|Azumarill, L50, F|\n|teampreview|4\n|inactive|Battle timer is ON: inactive players will automatically lose when time's up. (requested by ARKNinShadow)\nARKNinShadow rejected open team sheets.\n|\n|t:|1776187094\n|teamsize|p1|4\n|teamsize|p2|4\n|start\n|switch|p1a: Greninja|Greninja, L50, F|100/100\n|switch|p1b: Pelipper|Pelipper, L50, M|100/100\n|switch|p2a: Maushold|Maushold-Four, L50|100/100\n|switch|p2b: Mimikyu|Mimikyu, L50, M, shiny|100/100\n|-weather|RainDance|[from] ability: Drizzle|[of] p1b: Pelipper\n|turn|1\n|\n|t:|1776187115\n|detailschange|p1a: Greninja|Greninja-Mega, L50, F\n|-mega|p1a: Greninja|Greninja|Greninjite\n|move|p1a: Greninja|Brick Break|p2a: Maushold\n|-start|p1a: Greninja|typechange|Fighting|[from] ability: Protean\n|-supereffective|p2a: Maushold|1\n|-enditem|p2a: Maushold|Chople Berry|[eat]\n|-enditem|p2a: Maushold|Chople Berry|[weaken]\n|-damage|p2a: Maushold|67/100\n|move|p2a: Maushold|Taunt|p1b: Pelipper\n|-start|p1b: Pelipper|move: Taunt\n|move|p2b: Mimikyu|Bulk Up|p2b: Mimikyu\n|-boost|p2b: Mimikyu|atk|1\n|-boost|p2b: Mimikyu|def|1\n|move|p1b: Pelipper|U-turn|p2b: Mimikyu\n|-activate|p2b: Mimikyu|ability: Disguise\n|-damage|p2b: Mimikyu|100/100\n|detailschange|p2b: Mimikyu|Mimikyu-Busted, L50, M, shiny\n|-damage|p2b: Mimikyu|88/100|[from] pokemon: Mimikyu-Busted\n|\n|t:|1776187118\n|switch|p1b: Basculegion|Basculegion, L50, M|100/100|[from] U-turn\n|\n|-weather|RainDance|[upkeep]\n|upkeep\n|turn|2\n|inactive|ARKNinShadow has 30 seconds left.\n|\n|t:|1776187144\n|switch|p1a: Garchomp|Garchomp, L50, M|100/100\n|move|p2a: Maushold|Follow Me|p2a: Maushold\n|-singleturn|p2a: Maushold|move: Follow Me\n|move|p1b: Basculegion|Last Respects|p2a: Maushold\n|-immune|p2a: Maushold\n|move|p2b: Mimikyu|Shadow Claw|p1b: Basculegion\n|-supereffective|p1b: Basculegion|1\n|-damage|p1b: Basculegion|0 fnt\n|faint|p1b: Basculegion\n|\n|-weather|RainDance|[upkeep]\n|upkeep\n|inactive|boblebobleur has 30 seconds left.\n|\n|t:|1776187173\n|switch|p1b: Greninja|Greninja-Mega, L50, F|100/100\n|turn|3\n|\n|t:|1776187187\n|switch|p1b: Pelipper|Pelipper, L50, M|100/100\n|move|p2a: Maushold|Follow Me|p2a: Maushold\n|-singleturn|p2a: Maushold|move: Follow Me\n|move|p1a: Garchomp|Earthquake|p2b: Mimikyu|[spread] p2a,p2b\n|-immune|p1b: Pelipper\n|-damage|p2a: Maushold|24/100\n|-damage|p2b: Mimikyu|60/100\n|move|p2b: Mimikyu|Play Rough|p1b: Pelipper\n|-damage|p1b: Pelipper|20/100\n|\n|-weather|RainDance|[upkeep]\n|upkeep\n|turn|4\n|\n|t:|1776187201\n|move|p2b: Mimikyu|Protect|p2b: Mimikyu\n|-singleturn|p2b: Mimikyu|Protect\n|move|p2a: Maushold|Super Fang|p1a: Garchomp\n|-damage|p1a: Garchomp|50/100\n|-damage|p2a: Maushold|12/100|[from] ability: Rough Skin|[of] p1a: Garchomp\n|move|p1a: Garchomp|Earthquake|p2a: Maushold|[spread] p2a\n|-activate|p2b: Mimikyu|move: Protect\n|-immune|p1b: Pelipper\n|-damage|p2a: Maushold|0 fnt\n|faint|p2a: Maushold\n|move|p1b: Pelipper|Tailwind|p1b: Pelipper\n|-sidestart|p1: boblebobleur|move: Tailwind\n|\n|-weather|RainDance|[upkeep]\n|-heal|p1a: Garchomp|56/100|[from] item: Leftovers\n|upkeep\n|\n|t:|1776187217\n|switch|p2a: Sinistcha|Sinistcha, L50|100/100\n|turn|5\n|\n|t:|1776187227\n|move|p2a: Sinistcha|Rage Powder|p2a: Sinistcha\n|-singleturn|p2a: Sinistcha|move: Rage Powder\n|move|p1a: Garchomp|Earthquake|p2b: Mimikyu|[spread] p2a,p2b\n|-immune|p1b: Pelipper\n|-resisted|p2a: Sinistcha|1\n|-damage|p2a: Sinistcha|85/100\n|-damage|p2b: Mimikyu|25/100\n|-enditem|p2b: Mimikyu|Sitrus Berry|[eat]\n|-heal|p2b: Mimikyu|50/100|[from] item: Sitrus Berry\n|move|p1b: Pelipper|Hurricane|p2a: Sinistcha\n|-supereffective|p2a: Sinistcha|1\n|-damage|p2a: Sinistcha|0 fnt\n|faint|p2a: Sinistcha\n|move|p2b: Mimikyu|Play Rough|p1a: Garchomp\n|-supereffective|p1a: Garchomp|1\n|-damage|p1a: Garchomp|0 fnt\n|-damage|p2b: Mimikyu|38/100|[from] ability: Rough Skin|[of] p1a: Garchomp\n|faint|p1a: Garchomp\n|\n|-weather|none\n|upkeep\n|\n|t:|1776187243\n|switch|p1a: Greninja|Greninja-Mega, L50, F|100/100\n|switch|p2a: Kingambit|Kingambit, L50, M|100/100\n|-ability|p2a: Kingambit|Pressure\n|turn|6\n|\n|t:|1776187256\n|move|p2b: Mimikyu|Protect|p2b: Mimikyu\n|-singleturn|p2b: Mimikyu|Protect\n|move|p2a: Kingambit|Sucker Punch|p1b: Pelipper\n|-crit|p1b: Pelipper\n|-damage|p1b: Pelipper|0 fnt\n|faint|p1b: Pelipper\n|move|p1a: Greninja|Brick Break|p2a: Kingambit\n|-start|p1a: Greninja|typechange|Fighting|[from] ability: Protean\n|-supereffective|p2a: Kingambit|2\n|-damage|p2a: Kingambit|26/100\n|\n|upkeep\n|turn|7\n|\n|t:|1776187273\n|move|p2a: Kingambit|Protect|p2a: Kingambit\n|-singleturn|p2a: Kingambit|Protect\n|move|p1a: Greninja|Extrasensory|p2b: Mimikyu\n|-damage|p2b: Mimikyu|0 fnt\n|faint|p2b: Mimikyu\n|\n|-sideend|p1: boblebobleur|move: Tailwind\n|upkeep\n|turn|8\n|\n|t:|1776187282\n|move|p1a: Greninja|Brick Break|p2a: Kingambit\n|-supereffective|p2a: Kingambit|2\n|-crit|p2a: Kingambit\n|-damage|p2a: Kingambit|0 fnt\n|faint|p2a: Kingambit\n|\n|win|boblebobleur\n|raw|boblebobleur's rating: 1088 &rarr; <strong>1108</strong><br />(+20 for winning)\n|raw|ARKNinShadow's rating: 1000 &rarr; <strong>1000</strong><br />(+0 for losing)\n|l|\u2606ARKNinShadow\n|player|p2|\n",
  "uploadtime": 1776187293,
  "views": 13,
  "formatid": "gen9championsvgc2026regma",
  "rating": 1000,
  "private": 0,
  "password": null
}