{
  "id": "gen9championsvgc2026regma-2584336872",
  "format": "[Gen 9 Champions] VGC 2026 Reg M-A",
  "players": [
    "jtraack",
    "Pknoiii"
  ],
  "log": "|j|\u2606jtraack\n|j|\u203dPknoiii\n|t:|1776252592\n|gametype|doubles\n|player|p1|jtraack|266|1000\n|player|p2|Pknoiii|266|1048\n|gen|9\n|tier|[Gen 9 Champions] VGC 2026 Reg M-A\n|rated|\n|rule|Species Clause: Limit one of each Pok\u00e9mon\n|rule|Item Clause: Limit 1 of each item\n|clearpoke\n|poke|p1|Incineroar, L50, F|\n|poke|p1|Pelipper, L50, F|\n|poke|p1|Basculegion, L50, M|\n|poke|p1|Dragonite, L50, M|\n|poke|p1|Archaludon, L50, F|\n|poke|p1|Sneasler, L50, F|\n|poke|p2|Starmie, L50|\n|poke|p2|Sneasler, L50, F|\n|poke|p2|Sinistcha, L50|\n|poke|p2|Kingambit, L50, F|\n|poke|p2|Dragonite, L50, F|\n|poke|p2|Pelipper, L50, F|\n|teampreview|4\njtraack has agreed to open team sheets.\n|\n|t:|1776252646\n|teamsize|p1|4\n|teamsize|p2|4\n|start\n|switch|p1a: Pelipper|Pelipper, L50, F|100/100\n|switch|p1b: Sneasler|Sneasler, L50, F|100/100\n|switch|p2a: Pelipper|Pelipper, L50, F|100/100\n|switch|p2b: Starmie|Starmie, L50|100/100\n|-weather|RainDance|[from] ability: Drizzle|[of] p2a: Pelipper\n|turn|1\n|\n|t:|1776252689\n|detailschange|p2b: Starmie|Starmie-Mega, L50\n|-mega|p2b: Starmie|Starmie|Starminite\n|move|p1b: Sneasler|Fake Out|p2a: Pelipper\n|-damage|p2a: Pelipper|82/100\n|cant|p2a: Pelipper|flinch\n|move|p2b: Starmie|Psycho Cut|p1b: Sneasler\n|-supereffective|p1b: Sneasler|2\n|-damage|p1b: Sneasler|0 fnt\n|faint|p1b: Sneasler\n|move|p1a: Pelipper|Tailwind|p1a: Pelipper\n|-sidestart|p1: jtraack|move: Tailwind\n|\n|-weather|RainDance|[upkeep]\n|upkeep\n|\n|t:|1776252704\n|switch|p1b: Archaludon|Archaludon, L50, F|100/100\n|turn|2\n|\n|t:|1776252737\n|switch|p2b: Sneasler|Sneasler, L50, F|100/100\n|move|p1a: Pelipper|Protect|p1a: Pelipper\n|-singleturn|p1a: Pelipper|Protect\n|move|p1b: Archaludon|Electro Shot||[still]\n|-prepare|p1b: Archaludon|Electro Shot\n|-boost|p1b: Archaludon|spa|1\n|-anim|p1b: Archaludon|Electro Shot|p2b: Sneasler\n|-damage|p2b: Sneasler|6/100\n|move|p2a: Pelipper|Icy Wind|p1b: Archaludon|[spread] p1b\n|-activate|p1a: Pelipper|move: Protect\n|-damage|p1b: Archaludon|83/100\n|-unboost|p1b: Archaludon|spe|1\n|-ability|p1b: Archaludon|Stamina|boost\n|-boost|p1b: Archaludon|def|1\n|\n|-weather|RainDance|[upkeep]\n|upkeep\n|turn|3\n|\n|t:|1776252767\n|switch|p1a: Dragonite|Dragonite, L50, M|100/100\n|move|p1b: Archaludon|Electro Shot||[still]\n|-prepare|p1b: Archaludon|Electro Shot\n|-boost|p1b: Archaludon|spa|1\n|-anim|p1b: Archaludon|Electro Shot|p2a: Pelipper\n|-supereffective|p2a: Pelipper|2\n|-damage|p2a: Pelipper|0 fnt\n|faint|p2a: Pelipper\n|move|p2b: Sneasler|Close Combat|p1b: Archaludon\n|-supereffective|p1b: Archaludon|1\n|-damage|p1b: Archaludon|9/100\n|-unboost|p2b: Sneasler|def|1\n|-unboost|p2b: Sneasler|spd|1\n|-ability|p1b: Archaludon|Stamina|boost\n|-boost|p1b: Archaludon|def|1\n|\n|-weather|RainDance|[upkeep]\n|upkeep\n|\n|t:|1776252783\n|switch|p2a: Starmie|Starmie-Mega, L50|100/100\n|turn|4\n|\n|t:|1776252797\n|switch|p2b: Kingambit|Kingambit, L50, F|100/100\n|detailschange|p1a: Dragonite|Dragonite-Mega, L50, M\n|-mega|p1a: Dragonite|Dragonite|Dragoninite\n|move|p2a: Starmie|Aqua Jet|p1b: Archaludon\n|-resisted|p1b: Archaludon|1\n|-crit|p1b: Archaludon\n|-damage|p1b: Archaludon|0 fnt\n|faint|p1b: Archaludon\n|move|p1a: Dragonite|Thunder|p2a: Starmie\n|-supereffective|p2a: Starmie|1\n|-damage|p2a: Starmie|0 fnt\n|faint|p2a: Starmie\n|\n|-weather|RainDance|[upkeep]\n|-sideend|p1: jtraack|move: Tailwind\n|upkeep\n|\n|t:|1776252828\n|switch|p2a: Sneasler|Sneasler, L50, F|6/100\n|switch|p1b: Pelipper|Pelipper, L50, F|100/100\n|turn|5\n|\n|t:|1776252852\n|move|p2a: Sneasler|Fake Out|p1a: Dragonite\n|-damage|p1a: Dragonite|93/100\n|cant|p1a: Dragonite|flinch\n|move|p2b: Kingambit|Kowtow Cleave|p1a: Dragonite\n|-damage|p1a: Dragonite|46/100\n|move|p1b: Pelipper|Hurricane|p2a: Sneasler\n|-supereffective|p2a: Sneasler|1\n|-damage|p2a: Sneasler|0 fnt\n|faint|p2a: Sneasler\n|\n|-weather|none\n|upkeep\n|turn|6\n|\n|t:|1776252880\n|move|p2b: Kingambit|Protect|p2b: Kingambit\n|-singleturn|p2b: Kingambit|Protect\n|move|p1a: Dragonite|Dragon Pulse|p2b: Kingambit\n|-activate|p2b: Kingambit|move: Protect\n|move|p1b: Pelipper|Ice Beam|p2b: Kingambit\n|-activate|p2b: Kingambit|move: Protect\n|\n|upkeep\n|turn|7\n|\n|t:|1776252891\n|move|p2b: Kingambit|Sucker Punch|p1a: Dragonite\n|-damage|p1a: Dragonite|8/100\n|move|p1a: Dragonite|Dragon Pulse|p2b: Kingambit\n|-resisted|p2b: Kingambit|1\n|-crit|p2b: Kingambit\n|-damage|p2b: Kingambit|53/100\n|move|p1b: Pelipper|Ice Beam|p2b: Kingambit\n|-resisted|p2b: Kingambit|1\n|-damage|p2b: Kingambit|41/100\n|\n|upkeep\n|turn|8\n|\n|t:|1776252916\n|move|p2b: Kingambit|Sucker Punch|p1a: Dragonite\n|-damage|p1a: Dragonite|0 fnt\n|faint|p1a: Dragonite\n|move|p1b: Pelipper|Ice Beam|p2b: Kingambit\n|-resisted|p2b: Kingambit|1\n|-damage|p2b: Kingambit|27/100\n|\n|upkeep\n|turn|9\n|\n|t:|1776252932\n|move|p1b: Pelipper|Protect|p1b: Pelipper\n|-singleturn|p1b: Pelipper|Protect\n|move|p2b: Kingambit|Kowtow Cleave|p1b: Pelipper\n|-activate|p1b: Pelipper|move: Protect\n|\n|upkeep\n|turn|10\n|\n|t:|1776252941\n|move|p1b: Pelipper|Protect||[still]\n|-fail|p1b: Pelipper\n|move|p2b: Kingambit|Kowtow Cleave|p1b: Pelipper\n|-damage|p1b: Pelipper|49/100\n|\n|upkeep\n|turn|11\n|\n|t:|1776252950\n|move|p2b: Kingambit|Kowtow Cleave|p1b: Pelipper\n|-damage|p1b: Pelipper|0 fnt\n|faint|p1b: Pelipper\n|\n|win|Pknoiii\n|raw|jtraack's rating: 1000 &rarr; <strong>1000</strong><br />(+0 for losing)\n|raw|Pknoiii's rating: 1048 &rarr; <strong>1076</strong><br />(+28 for winning)\n|l|\u203dPknoiii\n|player|p2|\n|l|\u2606jtraack\n|player|p1|\n",
  "uploadtime": 1776253022,
  "views": 22,
  "formatid": "gen9championsvgc2026regma",
  "rating": 1000,
  "private": 0,
  "password": null
}