{
  "id": "gen9championsvgc2026regma-2587013757",
  "format": "[Gen 9 Champions] VGC 2026 Reg M-A",
  "players": [
    "Gulptubus",
    "Gaw02"
  ],
  "log": "|j|\u2606Gulptubus\n|j|\u2606Gaw02\n|t:|1776481278\n|gametype|doubles\n|player|p1|Gulptubus|pokemonranger-gen4|1162\n|player|p2|Gaw02|169|1123\n|gen|9\n|tier|[Gen 9 Champions] VGC 2026 Reg M-A\n|rated|\n|rule|Species Clause: Limit one of each Pok\u00e9mon\n|rule|Item Clause: Limit 1 of each item\n|clearpoke\n|poke|p1|Delphox, L50, F|\n|poke|p1|Aerodactyl, L50, F|\n|poke|p1|Garchomp, L50, F|\n|poke|p1|Incineroar, L50, M|\n|poke|p1|Sinistcha, L50|\n|poke|p1|Milotic, L50, F|\n|poke|p2|Charizard, L50, M|\n|poke|p2|Milotic, L50, M|\n|poke|p2|Sinistcha, L50|\n|poke|p2|Hydreigon, L50, M|\n|poke|p2|Scizor, L50, F|\n|poke|p2|Sneasler, L50, M|\n|teampreview|4\n|\n|t:|1776481310\n|teamsize|p1|4\n|teamsize|p2|4\n|start\n|switch|p1a: Aerodactyl|Aerodactyl, L50, F|100/100\n|switch|p1b: Garchomp|Garchomp, L50, F|100/100\n|switch|p2a: Milotic|Milotic, L50, M|100/100\n|switch|p2b: Sneasler|Sneasler, L50, M|100/100\n|-ability|p1a: Aerodactyl|Unnerve\n|-ability|p2b: Sneasler|Pressure\n|turn|1\n|\n|t:|1776481324\n|move|p1a: Aerodactyl|Protect|p1a: Aerodactyl\n|-singleturn|p1a: Aerodactyl|Protect\n|move|p1b: Garchomp|Protect|p1b: Garchomp\n|-singleturn|p1b: Garchomp|Protect\n|move|p2b: Sneasler|Fake Out|p1a: Aerodactyl\n|-activate|p1a: Aerodactyl|move: Protect\n|move|p2a: Milotic|Icy Wind|p1b: Garchomp|[spread] \n|-activate|p1a: Aerodactyl|move: Protect\n|-activate|p1b: Garchomp|move: Protect\n|\n|upkeep\n|turn|2\n|\n|t:|1776481357\n|switch|p2b: Charizard|Charizard, L50, M|100/100\n|move|p1a: Aerodactyl|Tailwind|p1a: Aerodactyl\n|-sidestart|p1: Gulptubus|move: Tailwind\n|move|p1b: Garchomp|Earthquake|p2a: Milotic|[spread] p2a\n|-immune|p1a: Aerodactyl\n|-immune|p2b: Charizard\n|-damage|p2a: Milotic|67/100\n|move|p2a: Milotic|Icy Wind|p1b: Garchomp|[spread] p1a,p1b\n|-supereffective|p1a: Aerodactyl|1\n|-supereffective|p1b: Garchomp|2\n|-damage|p1a: Aerodactyl|70/100\n|-damage|p1b: Garchomp|54/100\n|-unboost|p1a: Aerodactyl|spe|1\n|-unboost|p1b: Garchomp|spe|1\n|-enditem|p1b: Garchomp|White Herb\n|-clearnegativeboost|p1b: Garchomp|[silent]\n|\n|-heal|p2a: Milotic|73/100|[from] item: Leftovers\n|upkeep\n|turn|3\n|\n|t:|1776481413\n|move|p2b: Charizard|Protect|p2b: Charizard\n|-singleturn|p2b: Charizard|Protect\n|move|p1b: Garchomp|Dragon Claw|p2a: Milotic\n|-crit|p2a: Milotic\n|-damage|p2a: Milotic|20/100\n|move|p1a: Aerodactyl|Rock Slide|p2b: Charizard|[spread] p2a\n|-activate|p2b: Charizard|move: Protect\n|-damage|p2a: Milotic|0 fnt\n|faint|p2a: Milotic\n|\n|upkeep\n|\n|t:|1776481427\n|switch|p2a: Sneasler|Sneasler, L50, M|100/100\n|-ability|p2a: Sneasler|Pressure\n|turn|4\n|\n|t:|1776481458\n|detailschange|p2b: Charizard|Charizard-Mega-X, L50, M\n|-mega|p2b: Charizard|Charizard|Charizardite X\n|move|p2a: Sneasler|Fake Out|p1a: Aerodactyl\n|-resisted|p1a: Aerodactyl|1\n|-damage|p1a: Aerodactyl|60/100\n|move|p1b: Garchomp|Stomping Tantrum|p2a: Sneasler\n|-supereffective|p2a: Sneasler|1\n|-crit|p2a: Sneasler\n|-damage|p2a: Sneasler|0 fnt\n|faint|p2a: Sneasler\n|cant|p1a: Aerodactyl|flinch\n|move|p2b: Charizard|Dragon Dance|p2b: Charizard\n|-boost|p2b: Charizard|atk|1\n|-boost|p2b: Charizard|spe|1\n|\n|upkeep\n|\n|t:|1776481471\n|switch|p2a: Sinistcha|Sinistcha, L50|100/100\n|turn|5\n|\n|t:|1776481485\n|move|p1b: Garchomp|Earthquake|p2a: Sinistcha|[spread] p2a,p2b\n|-immune|p1a: Aerodactyl\n|-resisted|p2a: Sinistcha|1\n|-supereffective|p2b: Charizard|1\n|-damage|p2a: Sinistcha|84/100\n|-damage|p2b: Charizard|34/100\n|move|p1a: Aerodactyl|Rock Slide|p2b: Charizard|[spread] p2a,p2b\n|-supereffective|p2b: Charizard|1\n|-damage|p2a: Sinistcha|61/100\n|-damage|p2b: Charizard|0 fnt\n|faint|p2b: Charizard\n|move|p2a: Sinistcha|Matcha Gotcha|p1b: Garchomp|[spread] p1a,p1b\n|-damage|p1a: Aerodactyl|23/100\n|-heal|p2a: Sinistcha|77/100|[from] drain|[of] p1a: Aerodactyl\n|-damage|p1b: Garchomp|29/100\n|-heal|p2a: Sinistcha|90/100|[from] drain|[of] p1b: Garchomp\n|-status|p1a: Aerodactyl|brn\n|\n|-damage|p1a: Aerodactyl|17/100 brn|[from] brn\n|-sideend|p1: Gulptubus|move: Tailwind\n|upkeep\n|turn|6\n|-message|Gaw02 forfeited.\n|\n|win|Gulptubus\n|raw|Gulptubus's rating: 1162 &rarr; <strong>1184</strong><br />(+22 for winning)\n|raw|Gaw02's rating: 1123 &rarr; <strong>1101</strong><br />(-22 for losing)\n|l|\u2606Gaw02\n|player|p2|\n",
  "uploadtime": 1776481500,
  "views": 18,
  "formatid": "gen9championsvgc2026regma",
  "rating": 1101,
  "private": 0,
  "password": null
}