{
  "id": "gen9championsvgc2026regma-2587476222",
  "format": "[Gen 9 Champions] VGC 2026 Reg M-A",
  "players": [
    "Lolligaggery",
    "evilest twink"
  ],
  "log": "|j|\u2606Lolligaggery\n|j|\u2606evilest twink\n|t:|1776535032\n|gametype|doubles\n|player|p1|Lolligaggery|pokemaniac|1490\n|player|p2|evilest twink|jacinthe|1598\n|gen|9\n|tier|[Gen 9 Champions] VGC 2026 Reg M-A\n|rated|\n|rule|Species Clause: Limit one of each Pok\u00e9mon\n|rule|Item Clause: Limit 1 of each item\n|clearpoke\n|poke|p1|Hydreigon, L50, M|\n|poke|p1|Garchomp, L50, F|\n|poke|p1|Rotom-Wash, L50|\n|poke|p1|Excadrill, L50, M|\n|poke|p1|Tyranitar, L50, F, shiny|\n|poke|p1|Milotic, L50, F|\n|poke|p2|Pelipper, L50, M|\n|poke|p2|Basculegion, L50, M|\n|poke|p2|Scovillain, L50, M|\n|poke|p2|Kingambit, L50, M|\n|poke|p2|Sneasler, L50, M|\n|poke|p2|Archaludon, L50, M|\n|teampreview|4\n|\n|t:|1776535067\n|teamsize|p1|4\n|teamsize|p2|4\n|start\n|switch|p1a: Garchomp|Garchomp, L50, F|100/100\n|switch|p1b: Rotom|Rotom-Wash, L50|100/100\n|switch|p2a: Scovillain|Scovillain, L50, M|100/100\n|switch|p2b: Kingambit|Kingambit, L50, M|100/100\n|turn|1\n|\n|t:|1776535078\n|detailschange|p2a: Scovillain|Scovillain-Mega, L50, M\n|-mega|p2a: Scovillain|Scovillain|Scovillainite\n|move|p2b: Kingambit|Protect|p2b: Kingambit\n|-singleturn|p2b: Kingambit|Protect\n|move|p1a: Garchomp|Earthquake|p2a: Scovillain|[spread] p2a\n|-activate|p2b: Kingambit|move: Protect\n|-immune|p1b: Rotom|[from] ability: Levitate\n|-damage|p2a: Scovillain|53/100\n|-status|p1a: Garchomp|brn|[from] ability: Spicy Spray|[of] p2a: Scovillain\n|move|p1b: Rotom|Will-O-Wisp|p2b: Kingambit\n|-activate|p2b: Kingambit|move: Protect\n|move|p2a: Scovillain|Energy Ball|p1b: Rotom\n|-supereffective|p1b: Rotom|1\n|-damage|p1b: Rotom|5/100\n|-enditem|p1b: Rotom|Sitrus Berry|[eat]\n|-heal|p1b: Rotom|30/100|[from] item: Sitrus Berry\n|\n|-damage|p1a: Garchomp|95/100 brn|[from] brn\n|upkeep\n|turn|2\n|l|\u2606evilest twink\n|player|p2|\n|j|\u2606evilest twink\n|player|p2|evilest twink|jacinthe|\n|\n|t:|1776535118\n|move|p2a: Scovillain|Rage Powder|p2a: Scovillain\n|-singleturn|p2a: Scovillain|move: Rage Powder\n|move|p1a: Garchomp|Earthquake|p2b: Kingambit|[spread] p2a,p2b\n|-immune|p1b: Rotom|[from] ability: Levitate\n|-supereffective|p2b: Kingambit|1\n|-damage|p2a: Scovillain|27/100\n|-damage|p2b: Kingambit|70/100\n|move|p1b: Rotom|Discharge|p2b: Kingambit|[spread] p2a,p2b\n|-immune|p1a: Garchomp\n|-resisted|p2a: Scovillain|1\n|-damage|p2a: Scovillain|18/100\n|-damage|p2b: Kingambit|48/100\n|-status|p2a: Scovillain|par\n|-status|p1b: Rotom|brn|[from] ability: Spicy Spray|[of] p2a: Scovillain\n|move|p2b: Kingambit|Swords Dance|p2b: Kingambit\n|-boost|p2b: Kingambit|atk|2\n|\n|-damage|p1a: Garchomp|89/100 brn|[from] brn\n|-damage|p1b: Rotom|24/100 brn|[from] brn\n|upkeep\n|turn|3\n|\n|t:|1776535157\n|move|p2b: Kingambit|Protect|p2b: Kingambit\n|-singleturn|p2b: Kingambit|Protect\n|move|p1a: Garchomp|Earthquake|p2a: Scovillain|[spread] p2a\n|-activate|p2b: Kingambit|move: Protect\n|-immune|p1b: Rotom|[from] ability: Levitate\n|-damage|p2a: Scovillain|0 fnt\n|faint|p2a: Scovillain\n|move|p1b: Rotom|Will-O-Wisp|p2b: Kingambit\n|-activate|p2b: Kingambit|move: Protect\n|\n|-damage|p1a: Garchomp|83/100 brn|[from] brn\n|-damage|p1b: Rotom|18/100 brn|[from] brn\n|upkeep\n|\n|t:|1776535173\n|switch|p2a: Basculegion|Basculegion, L50, M|100/100\n|turn|4\n|\n|t:|1776535184\n|move|p2b: Kingambit|Sucker Punch|p1a: Garchomp\n|-damage|p1a: Garchomp|0 fnt\n|-damage|p2b: Kingambit|36/100|[from] ability: Rough Skin|[of] p1a: Garchomp\n|faint|p1a: Garchomp\n|move|p2a: Basculegion|Last Respects|p1b: Rotom\n|-damage|p1b: Rotom|0 fnt\n|faint|p1b: Rotom\n|\n|upkeep\n|j| Dr Hemington\n|\n|t:|1776535192\n|switch|p1a: Tyranitar|Tyranitar, L50, F, shiny|100/100\n|switch|p1b: Hydreigon|Hydreigon, L50, M|100/100\n|-weather|Sandstorm|[from] ability: Sand Stream|[of] p1a: Tyranitar\n|turn|5\n|l|\u2606evilest twink\n|player|p2|\n|l| Dr Hemington\n|j|\u2606evilest twink\n|player|p2|evilest twink|jacinthe|\n|\n|t:|1776535249\n|detailschange|p1a: Tyranitar|Tyranitar-Mega, L50, F, shiny\n|-mega|p1a: Tyranitar|Tyranitar|Tyranitarite\n|move|p2a: Basculegion|Protect|p2a: Basculegion\n|-singleturn|p2a: Basculegion|Protect\n|move|p2b: Kingambit|Protect|p2b: Kingambit\n|-singleturn|p2b: Kingambit|Protect\n|move|p1b: Hydreigon|Dark Pulse|p2a: Basculegion\n|-activate|p2a: Basculegion|move: Protect\n|move|p1a: Tyranitar|Low Kick|p2b: Kingambit\n|-activate|p2b: Kingambit|move: Protect\n|\n|-weather|Sandstorm|[upkeep]\n|-damage|p1b: Hydreigon|95/100|[from] Sandstorm\n|-damage|p2a: Basculegion|94/100|[from] Sandstorm\n|upkeep\n|turn|6\n|\n|t:|1776535272\n|switch|p2a: Pelipper|Pelipper, L50, M|100/100\n|-weather|RainDance|[from] ability: Drizzle|[of] p2a: Pelipper\n|move|p1a: Tyranitar|Protect|p1a: Tyranitar\n|-singleturn|p1a: Tyranitar|Protect\n|move|p2b: Kingambit|Sucker Punch|p1b: Hydreigon\n|-resisted|p1b: Hydreigon|1\n|-damage|p1b: Hydreigon|41/100\n|move|p1b: Hydreigon|Dark Pulse|p2a: Pelipper\n|-damage|p2a: Pelipper|20/100\n|\n|-weather|RainDance|[upkeep]\n|upkeep\n|turn|7\n|j| CrazyyBoi\n|\n|t:|1776535292\n|move|p2b: Kingambit|Protect|p2b: Kingambit\n|-singleturn|p2b: Kingambit|Protect\n|move|p1b: Hydreigon|Flamethrower|p2b: Kingambit\n|-activate|p2b: Kingambit|move: Protect\n|move|p2a: Pelipper|Weather Ball|p1a: Tyranitar\n|-supereffective|p1a: Tyranitar|1\n|-damage|p1a: Tyranitar|2/100\n|move|p1a: Tyranitar|Rock Slide|p2b: Kingambit|[spread] \n|-activate|p2b: Kingambit|move: Protect\n|-miss|p1a: Tyranitar|p2a: Pelipper\n|\n|-weather|RainDance|[upkeep]\n|upkeep\n|turn|8\n|-message|Lolligaggery forfeited.\n|\n|win|evilest twink\n|raw|Lolligaggery's rating: 1490 &rarr; <strong>1476</strong><br />(-14 for losing)\n|raw|evilest twink's rating: 1598 &rarr; <strong>1612</strong><br />(+14 for winning)\n|l|\u2606Lolligaggery\n|player|p1|\n|l| CrazyyBoi\n",
  "uploadtime": 1776536794,
  "views": 30,
  "formatid": "gen9championsvgc2026regma",
  "rating": 1476,
  "private": 0,
  "password": null
}