{
  "id": "gen9championsvgc2026regma-2588801698",
  "format": "[Gen 9 Champions] VGC 2026 Reg M-A",
  "players": [
    "Roygrinb",
    "TheInfamousZog"
  ],
  "log": "|j|\u2606Roygrinb\n|j|\u2606TheInfamousZog\n|t:|1776672601\n|gametype|doubles\n|player|p1|Roygrinb|2|1032\n|player|p2|TheInfamousZog|ghetsis-gen5bw|1054\n|gen|9\n|tier|[Gen 9 Champions] VGC 2026 Reg M-A\n|rated|\n|rule|Species Clause: Limit one of each Pok\u00e9mon\n|rule|Item Clause: Limit 1 of each item\n|clearpoke\n|poke|p1|Gengar, L50, M|\n|poke|p1|Sinistcha, L50|\n|poke|p1|Primarina, L50, M|\n|poke|p1|Vaporeon, L50, M|\n|poke|p1|Kommo-o, L50, M|\n|poke|p1|Abomasnow, L50, M|\n|poke|p2|Dragonite, L50, F|\n|poke|p2|Pelipper, L50, M, shiny|\n|poke|p2|Sneasler, L50, F|\n|poke|p2|Basculegion, L50, M|\n|poke|p2|Sylveon, L50, M, shiny|\n|poke|p2|Incineroar, L50, F|\n|teampreview|4\nRoygrinb has agreed to open team sheets.\n|c|\u2606Roygrinb|Glhf\nTheInfamousZog has agreed to open team sheets.\n|showteam|p1|Gengar||Gengarite|CursedBody|PerishSong,Protect,ShadowBall,SludgeWave|||M|||50|]Sinistcha||KingsRock|Hospitality|RagePowder,MatchaGotcha,Hex,Scald||||||50|]Primarina||QuickClaw|LiquidVoice|PerishSong,Surf,Protect,DrainingKiss|||M|||50|]Vaporeon||MysticWater|WaterAbsorb|Detect,Scald,Wish,Yawn|||M|||50|]Kommo-o||Leftovers|Soundproof|ClangorousSoul,DrainPunch,RockSlide,Protect|||M|||50|]Abomasnow||Abomasite|Soundproof|AuroraVeil,Blizzard,GigaDrain,WeatherBall|||M|||50|\n|showteam|p2|Dragonite||Dragoninite|InnerFocus|Hurricane,DracoMeteor,ExtremeSpeed,Protect|||F|||50|]Pelipper||FocusSash|Drizzle|KnockOff,Protect,Tailwind,WeatherBall|||M|||50|]Sneasler||PoisonBarb|Unburden|DireClaw,CloseCombat,FakeOut,ThroatChop|||F|||50|]Basculegion||ShellBell|SwiftSwim|WaveCrash,FlipTurn,Hex,Crunch|||M|||50|]Sylveon||MentalHerb|Pixilate|LightScreen,HyperVoice,Moonblast,Protect|||M|||50|]Incineroar||Leftovers|Intimidate|CloseCombat,PartingShot,FlareBlitz,FakeOut|||F|||50|\n|c|\u2606TheInfamousZog|same to you\n|\n|t:|1776672633\n|teamsize|p1|4\n|teamsize|p2|4\n|start\n|switch|p1a: Gengar|Gengar, L50, M|100/100\n|switch|p1b: Kommo-o|Kommo-o, L50, M|100/100\n|switch|p2a: Floppy|Pelipper, L50, M, shiny|100/100\n|switch|p2b: Megellda|Dragonite, L50, F|100/100\n|-weather|RainDance|[from] ability: Drizzle|[of] p2a: Floppy\n|turn|1\n|inactive|Battle timer is ON: inactive players will automatically lose when time's up. (requested by TheInfamousZog)\n|\n|t:|1776672654\n|detailschange|p1a: Gengar|Gengar-Mega, L50, M\n|-mega|p1a: Gengar|Gengar|Gengarite\n|detailschange|p2b: Megellda|Dragonite-Mega, L50, F\n|-mega|p2b: Megellda|Dragonite|Dragoninite\n|move|p1a: Gengar|Perish Song|p1a: Gengar\n|-start|p1a: Gengar|perish3|[silent]\n|-immune|p1b: Kommo-o|[from] ability: Soundproof\n|-start|p2a: Floppy|perish3|[silent]\n|-start|p2b: Megellda|perish3|[silent]\n|-fieldactivate|move: Perish Song\n|move|p2b: Megellda|Draco Meteor|p1b: Kommo-o|[miss]\n|-miss|p2b: Megellda|p1b: Kommo-o\n|move|p1b: Kommo-o|Clangorous Soul|p1b: Kommo-o\n|-boost|p1b: Kommo-o|atk|1\n|-boost|p1b: Kommo-o|def|1\n|-boost|p1b: Kommo-o|spa|1\n|-boost|p1b: Kommo-o|spd|1\n|-boost|p1b: Kommo-o|spe|1\n|-damage|p1b: Kommo-o|68/100\n|move|p2a: Floppy|Tailwind|p2a: Floppy\n|-sidestart|p2: TheInfamousZog|move: Tailwind\n|\n|-weather|RainDance|[upkeep]\n|-heal|p1b: Kommo-o|74/100|[from] item: Leftovers\n|-start|p2b: Megellda|perish3\n|-start|p1a: Gengar|perish3\n|-start|p2a: Floppy|perish3\n|upkeep\n|turn|2\n|inactive|Roygrinb has 30 seconds left.\n|\n|t:|1776672681\n|move|p1a: Gengar|Protect|p1a: Gengar\n|-singleturn|p1a: Gengar|Protect\n|move|p1b: Kommo-o|Protect|p1b: Kommo-o\n|-singleturn|p1b: Kommo-o|Protect\n|move|p2b: Megellda|Hurricane|p1b: Kommo-o\n|-activate|p1b: Kommo-o|move: Protect\n|move|p2a: Floppy|Knock Off|p1a: Gengar\n|-activate|p1a: Gengar|move: Protect\n|\n|-weather|RainDance|[upkeep]\n|-heal|p1b: Kommo-o|80/100|[from] item: Leftovers\n|-start|p2b: Megellda|perish2\n|-start|p1a: Gengar|perish2\n|-start|p2a: Floppy|perish2\n|upkeep\n|turn|3\n|\n|t:|1776672701\n|move|p2b: Megellda|Hurricane|p1b: Kommo-o\n|-supereffective|p1b: Kommo-o|1\n|-damage|p1b: Kommo-o|8/100\n|move|p1a: Gengar|Shadow Ball|p2a: Floppy\n|-damage|p2a: Floppy|42/100\n|move|p2a: Floppy|Knock Off|p1a: Gengar\n|-supereffective|p1a: Gengar|1\n|-damage|p1a: Gengar|81/100\n|move|p1b: Kommo-o|Rock Slide|p2a: Floppy|[spread] p2a,p2b\n|-supereffective|p2a: Floppy|1\n|-supereffective|p2b: Megellda|1\n|-damage|p2a: Floppy|0 fnt\n|-damage|p2b: Megellda|76/100\n|faint|p2a: Floppy\n|\n|-weather|RainDance|[upkeep]\n|-heal|p1b: Kommo-o|15/100|[from] item: Leftovers\n|-start|p2b: Megellda|perish1\n|-start|p1a: Gengar|perish1\n|upkeep\n|\n|t:|1776672707\n|switch|p2a: Ghislaine|Sneasler, L50, F|100/100\n|turn|4\n|inactive|Roygrinb has 30 seconds left.\n|\n|t:|1776672734\n|move|p1b: Kommo-o|Protect|p1b: Kommo-o\n|-singleturn|p1b: Kommo-o|Protect\n|move|p2a: Ghislaine|Throat Chop|p1a: Gengar\n|-supereffective|p1a: Gengar|1\n|-damage|p1a: Gengar|0 fnt\n|faint|p1a: Gengar\n|move|p2b: Megellda|Hurricane|p1b: Kommo-o\n|-activate|p1b: Kommo-o|move: Protect\n|\n|-weather|RainDance|[upkeep]\n|-heal|p1b: Kommo-o|21/100|[from] item: Leftovers\n|-start|p2b: Megellda|perish0\n|-sideend|p2: TheInfamousZog|move: Tailwind\n|faint|p2b: Megellda\n|upkeep\n|\n|t:|1776672742\n|switch|p1a: Primarina|Primarina, L50, M|100/100\n|switch|p2b: Flora|Incineroar, L50, F|100/100\n|-ability|p2b: Flora|Intimidate|boost\n|-unboost|p1a: Primarina|atk|1\n|-unboost|p1b: Kommo-o|atk|1\n|turn|5\n|\n|t:|1776672757\n|move|p2b: Flora|Fake Out|p1b: Kommo-o\n|-damage|p1b: Kommo-o|12/100\n|move|p2a: Ghislaine|Dire Claw|p1a: Primarina\n|-supereffective|p1a: Primarina|1\n|-damage|p1a: Primarina|1/100\n|cant|p1b: Kommo-o|flinch\n|move|p1a: Primarina|Perish Song|p1a: Primarina\n|-start|p1a: Primarina|perish3|[silent]\n|-immune|p1b: Kommo-o|[from] ability: Soundproof\n|-start|p2a: Ghislaine|perish3|[silent]\n|-start|p2b: Flora|perish3|[silent]\n|-fieldactivate|move: Perish Song\n|\n|-weather|none\n|-heal|p1b: Kommo-o|19/100|[from] item: Leftovers\n|-start|p2a: Ghislaine|perish3\n|-start|p1a: Primarina|perish3\n|-start|p2b: Flora|perish3\n|upkeep\n|turn|6\n|\n|t:|1776672782\n|move|p2a: Ghislaine|Dire Claw|p1a: Primarina\n|-supereffective|p1a: Primarina|1\n|-damage|p1a: Primarina|0 fnt\n|faint|p1a: Primarina\n|move|p1b: Kommo-o|Drain Punch|p2b: Flora\n|-supereffective|p2b: Flora|1\n|-damage|p2b: Flora|31/100\n|-heal|p1b: Kommo-o|58/100|[from] drain|[of] p2b: Flora\n|move|p2b: Flora|Close Combat|p1b: Kommo-o\n|-damage|p1b: Kommo-o|36/100\n|-unboost|p2b: Flora|def|1\n|-unboost|p2b: Flora|spd|1\n|\n|-heal|p1b: Kommo-o|42/100|[from] item: Leftovers\n|-heal|p2b: Flora|37/100|[from] item: Leftovers\n|-start|p2a: Ghislaine|perish2\n|-start|p2b: Flora|perish2\n|upkeep\n|\n|t:|1776672790\n|switch|p1a: Vaporeon|Vaporeon, L50, M|100/100\n|turn|7\n|\n|t:|1776672802\n|move|p1b: Kommo-o|Protect|p1b: Kommo-o\n|-singleturn|p1b: Kommo-o|Protect\n|move|p2a: Ghislaine|Dire Claw|p1a: Vaporeon\n|-damage|p1a: Vaporeon|57/100\n|-status|p1a: Vaporeon|psn\n|move|p1a: Vaporeon|Wish|p1a: Vaporeon\n|move|p2b: Flora|Close Combat|p1b: Kommo-o\n|-activate|p1b: Kommo-o|move: Protect\n|\n|-heal|p1b: Kommo-o|48/100|[from] item: Leftovers\n|-heal|p2b: Flora|43/100|[from] item: Leftovers\n|-damage|p1a: Vaporeon|45/100 psn|[from] psn\n|-start|p2a: Ghislaine|perish1\n|-start|p2b: Flora|perish1\n|upkeep\n|turn|8\n|\n|t:|1776672820\n|move|p1a: Vaporeon|Detect|p1a: Vaporeon\n|-singleturn|p1a: Vaporeon|Protect\n|move|p2a: Ghislaine|Dire Claw|p1a: Vaporeon\n|-activate|p1a: Vaporeon|move: Protect\n|move|p1b: Kommo-o|Drain Punch|p2b: Flora\n|-supereffective|p2b: Flora|1\n|-damage|p2b: Flora|0 fnt\n|-heal|p1b: Kommo-o|73/100|[from] drain|[of] p2b: Flora\n|faint|p2b: Flora\n|\n|-heal|p1a: Vaporeon|95/100 psn|[from] move: Wish|[wisher] Vaporeon\n|-heal|p1b: Kommo-o|79/100|[from] item: Leftovers\n|-damage|p1a: Vaporeon|83/100 psn|[from] psn\n|-start|p2a: Ghislaine|perish0\n|faint|p2a: Ghislaine\n|\n|win|Roygrinb\n|raw|Roygrinb's rating: 1032 &rarr; <strong>1069</strong><br />(+37 for winning)\n|raw|TheInfamousZog's rating: 1054 &rarr; <strong>1035</strong><br />(-19 for losing)\n|l|\u2606TheInfamousZog\n|player|p2|\n",
  "uploadtime": 1776672840,
  "views": 13,
  "formatid": "gen9championsvgc2026regma",
  "rating": 1035,
  "private": 0,
  "password": null
}