{
  "id": "gen9championsvgc2026regma-2581195418",
  "format": "[Gen 9 Champions] VGC 2026 Reg M-A",
  "players": [
    "Holibrand",
    "fati394826"
  ],
  "log": "|j|\u2606Holibrand\n|j|\u2606fati394826\n|t:|1775969463\n|gametype|doubles\n|player|p1|Holibrand|pokemonbreeder-gen4|1000\n|player|p2|fati394826|smasher|1000\n|gen|9\n|tier|[Gen 9 Champions] VGC 2026 Reg M-A\n|rated|\n|rule|Species Clause: Limit one of each Pok\u00e9mon\n|rule|Item Clause: Limit 1 of each item\n|clearpoke\n|poke|p1|Gyarados, L50, F|\n|poke|p1|Talonflame, L50, M|\n|poke|p1|Sneasler, L50, F|\n|poke|p1|Garchomp, L50, M|\n|poke|p1|Gardevoir, L50, M|\n|poke|p1|Sinistcha, L50|\n|poke|p2|Gengar, L50, M|\n|poke|p2|Whimsicott, L50, M|\n|poke|p2|Archaludon, L50, F|\n|poke|p2|Politoed, L50, M|\n|poke|p2|Incineroar, L50, F|\n|poke|p2|Dragonite, L50, F|\n|teampreview|4\n|inactive|Battle timer is ON: inactive players will automatically lose when time's up. (requested by Holibrand)\n|inactive|Holibrand has 60 seconds left.\n|\n|t:|1775969503\n|teamsize|p1|4\n|teamsize|p2|4\n|start\n|switch|p1a: Sneasler|Sneasler, L50, F|100/100\n|switch|p1b: Garchomp|Garchomp, L50, M, shiny|100/100\n|switch|p2a: Whimsicott|Whimsicott, L50, M|100/100\n|switch|p2b: Gengar|Gengar, L50, M|100/100\n|turn|1\n|inactive|Holibrand has 30 seconds left.\n|\n|t:|1775969533\n|detailschange|p2b: Gengar|Gengar-Mega, L50, M\n|-mega|p2b: Gengar|Gengar|Gengarite\n|detailschange|p1b: Garchomp|Garchomp-Mega, L50, M, shiny\n|-mega|p1b: Garchomp|Garchomp|Garchompite\n|move|p2b: Gengar|Protect|p2b: Gengar\n|-singleturn|p2b: Gengar|Protect\n|move|p2a: Whimsicott|Tailwind|p2a: Whimsicott\n|-sidestart|p2: fati394826|move: Tailwind\n|move|p1a: Sneasler|Coaching|p1b: Garchomp\n|-boost|p1b: Garchomp|atk|1\n|-boost|p1b: Garchomp|def|1\n|move|p1b: Garchomp|Dragon Claw|p2b: Gengar\n|-activate|p2b: Gengar|move: Protect\n|\n|upkeep\n|turn|2\n|\n|t:|1775969557\n|move|p2a: Whimsicott|Encore|p1b: Garchomp\n|-start|p1b: Garchomp|Encore\n|move|p2b: Gengar|Disable|p1b: Garchomp\n|-start|p1b: Garchomp|Disable|Dragon Claw\n|move|p1a: Sneasler|Coaching|p1b: Garchomp\n|-boost|p1b: Garchomp|atk|1\n|-boost|p1b: Garchomp|def|1\n|cant|p1b: Garchomp|Disable|Dragon Claw\n|\n|upkeep\n|turn|3\n|\n|t:|1775969572\n|move|p2a: Whimsicott|Encore|p1a: Sneasler\n|-start|p1a: Sneasler|Encore\n|move|p2b: Gengar|Disable|p1a: Sneasler\n|-start|p1a: Sneasler|Disable|Coaching\n|cant|p1a: Sneasler|Disable|Coaching\n|-activate|p1b: Garchomp|move: Struggle\n|move|p1b: Garchomp|Struggle|p2a: Whimsicott\n|-damage|p2a: Whimsicott|59/100\n|-damage|p1b: Garchomp|75/100|[from] recoil\n|\n|upkeep\n|turn|4\n|\n|t:|1775969592\n|move|p2a: Whimsicott|Fake Tears|p1b: Garchomp\n|-unboost|p1b: Garchomp|spd|2\n|move|p2b: Gengar|Nasty Plot|p2b: Gengar\n|-boost|p2b: Gengar|spa|2\n|-activate|p1a: Sneasler|move: Struggle\n|move|p1a: Sneasler|Struggle|p2b: Gengar\n|-crit|p2b: Gengar\n|-damage|p2b: Gengar|54/100\n|-damage|p1a: Sneasler|75/100|[from] recoil\n|-activate|p1b: Garchomp|move: Struggle\n|move|p1b: Garchomp|Struggle|p2b: Gengar\n|-damage|p2b: Gengar|0 fnt\n|faint|p2b: Gengar\n|-damage|p1b: Garchomp|50/100|[from] recoil\n|\n|-end|p1b: Garchomp|Encore\n|-sideend|p2: fati394826|move: Tailwind\n|upkeep\n|\n|t:|1775969612\n|switch|p2b: Politoed|Politoed, L50, M|100/100\n|-weather|RainDance|[from] ability: Drizzle|[of] p2b: Politoed\n|turn|5\n|\n|t:|1775969625\n|switch|p1a: Sinistcha|Sinistcha, L50|100/100\n|-heal|p1b: Garchomp|75/100|[from] ability: Hospitality|[of] p1a: Sinistcha\n|move|p2a: Whimsicott|Tailwind|p2a: Whimsicott\n|-sidestart|p2: fati394826|move: Tailwind\n|move|p2b: Politoed|Surf|p1b: Garchomp|[spread] p2a,p1a,p1b\n|-resisted|p2a: Whimsicott|1\n|-resisted|p1a: Sinistcha|1\n|-damage|p2a: Whimsicott|21/100\n|-damage|p1a: Sinistcha|69/100\n|-damage|p1b: Garchomp|6/100\n|move|p1b: Garchomp|Earthquake|p2b: Politoed|[spread] p1a,p2a,p2b\n|-resisted|p1a: Sinistcha|1\n|-resisted|p2a: Whimsicott|1\n|-damage|p1a: Sinistcha|21/100\n|-damage|p2a: Whimsicott|0 fnt\n|-damage|p2b: Politoed|0 fnt\n|faint|p2a: Whimsicott\n|faint|p2b: Politoed\n|\n|-weather|RainDance|[upkeep]\n|-end|p1b: Garchomp|Disable\n|upkeep\n|\n|t:|1775969645\n|switch|p2b: Archaludon|Archaludon, L50, F|100/100\n|turn|6\n|\n|t:|1775969664\n|move|p1b: Garchomp|Protect|p1b: Garchomp\n|-singleturn|p1b: Garchomp|Protect\n|move|p2b: Archaludon|Draco Meteor|p1b: Garchomp\n|-activate|p1b: Garchomp|move: Protect\n|move|p1a: Sinistcha|Trick Room|p1a: Sinistcha\n|-fieldstart|move: Trick Room|[of] p1a: Sinistcha\n|\n|-weather|RainDance|[upkeep]\n|upkeep\n|turn|7\n|\n|t:|1775969676\n|switch|p1a: Talonflame|Talonflame, L50, M|100/100\n|move|p1b: Garchomp|Earthquake|p2b: Archaludon|[spread] p2b\n|-immune|p1a: Talonflame\n|-supereffective|p2b: Archaludon|1\n|-damage|p2b: Archaludon|0 fnt\n|faint|p2b: Archaludon\n|\n|win|Holibrand\n|raw|Holibrand's rating: 1000 &rarr; <strong>1040</strong><br />(+40 for winning)\n|raw|fati394826's rating: 1000 &rarr; <strong>1000</strong><br />(+0 for losing)\n|l|\u2606fati394826\n|player|p2|\n",
  "uploadtime": 1775969693,
  "views": 24,
  "formatid": "gen9championsvgc2026regma",
  "rating": 1000,
  "private": 0,
  "password": null
}