{
  "id": "gen9championsvgc2026regma-2581329994",
  "format": "[Gen 9 Champions] VGC 2026 Reg M-A",
  "players": [
    "Juytre",
    "korinn"
  ],
  "log": "|j|\u2606Juytre\n|j|\u2606korinn\n|t:|1775987517\n|gametype|doubles\n|player|p1|Juytre|roxie-masters|1402\n|player|p2|korinn|169|1330\n|gen|9\n|tier|[Gen 9 Champions] VGC 2026 Reg M-A\n|rated|\n|rule|Species Clause: Limit one of each Pok\u00e9mon\n|rule|Item Clause: Limit 1 of each item\n|clearpoke\n|poke|p1|Meganium, L50, M|\n|poke|p1|Pelipper, L50, F|\n|poke|p1|Dragonite, L50, F|\n|poke|p1|Sneasler, L50, M|\n|poke|p1|Basculegion, L50, M|\n|poke|p1|Archaludon, L50, F|\n|poke|p2|Blastoise, L50, F|\n|poke|p2|Talonflame, L50, M|\n|poke|p2|Sinistcha, L50|\n|poke|p2|Garchomp, L50, M|\n|poke|p2|Sylveon, L50, M|\n|poke|p2|Skarmory, L50, M|\n|teampreview|4\n|j| Glaceon0404\n|l| Glaceon0404\n|inactive|Battle timer is ON: inactive players will automatically lose when time's up. (requested by Juytre)\n|\n|t:|1775987619\n|teamsize|p1|4\n|teamsize|p2|4\n|start\n|switch|p1a: Meganium|Meganium, L50, M|100/100\n|switch|p1b: Sneasler|Sneasler, L50, M|100/100\n|switch|p2a: Talonflame|Talonflame, L50, M|100/100\n|switch|p2b: Garchomp|Garchomp, L50, M|100/100\n|turn|1\n|inactive|korinn has 30 seconds left.\n|\n|t:|1775987645\n|detailschange|p1a: Meganium|Meganium-Mega, L50, M\n|-mega|p1a: Meganium|Meganium|Meganiumite\n|move|p2a: Talonflame|Quick Guard|p2a: Talonflame\n|-singleturn|p2a: Talonflame|Quick Guard\n|move|p1b: Sneasler|Fake Out|p2b: Garchomp\n|-activate|p2b: Garchomp|move: Quick Guard\n|move|p2b: Garchomp|Earthquake|p1a: Meganium|[spread] p1a,p1b\n|-immune|p2a: Talonflame\n|-resisted|p1a: Meganium|1\n|-supereffective|p1b: Sneasler|1\n|-damage|p1a: Meganium|83/100\n|-damage|p1b: Sneasler|0 fnt\n|faint|p1b: Sneasler\n|move|p1a: Meganium|Dazzling Gleam|p2a: Talonflame|[spread] p2a,p2b\n|-resisted|p2a: Talonflame|1\n|-supereffective|p2b: Garchomp|1\n|-damage|p2a: Talonflame|76/100\n|-damage|p2b: Garchomp|37/100\n|\n|upkeep\n|\n|t:|1775987650\n|switch|p1b: Pelipper|Pelipper, L50, F|100/100\n|-weather|RainDance|[from] ability: Drizzle|[of] p1b: Pelipper\n|turn|2\n|j| HappyLiga\n|inactive|korinn has 30 seconds left.\n|\n|t:|1775987680\n|switch|p2b: Skarmory|Skarmory, L50, M|100/100\n|move|p2a: Talonflame|Tailwind|p2a: Talonflame\n|-sidestart|p2: korinn|move: Tailwind\n|move|p1a: Meganium|Dazzling Gleam|p2a: Talonflame|[spread] p2a,p2b\n|-resisted|p2a: Talonflame|1\n|-resisted|p2b: Skarmory|1\n|-damage|p2a: Talonflame|53/100\n|-damage|p2b: Skarmory|78/100\n|move|p1b: Pelipper|Weather Ball|p2a: Talonflame\n|-supereffective|p2a: Talonflame|1\n|-damage|p2a: Talonflame|0 fnt\n|faint|p2a: Talonflame\n|\n|-weather|RainDance|[upkeep]\n|upkeep\n|\n|t:|1775987702\n|switch|p2a: Garchomp|Garchomp, L50, M|37/100\n|turn|3\n|\n|t:|1775987714\n|switch|p1a: Basculegion|Basculegion, L50, M|100/100\n|detailschange|p2b: Skarmory|Skarmory-Mega, L50, M\n|-mega|p2b: Skarmory|Skarmory|Skarmorite\n|move|p2a: Garchomp|Rock Slide|p1a: Basculegion|[spread] p1a,p1b\n|-supereffective|p1b: Pelipper|1\n|-damage|p1a: Basculegion|73/100\n|-damage|p1b: Pelipper|60/100\n|move|p2b: Skarmory|Brave Bird|p1a: Basculegion\n|-damage|p1a: Basculegion|0 fnt\n|faint|p1a: Basculegion\n|-damage|p2b: Skarmory|51/100|[from] Recoil\n|move|p1b: Pelipper|Tailwind|p1b: Pelipper\n|-sidestart|p1: Juytre|move: Tailwind\n|\n|-weather|RainDance|[upkeep]\n|upkeep\n|j| gE1xjZRtuhW2DdT0AK\n|\n|t:|1775987723\n|switch|p1a: Meganium|Meganium-Mega, L50, M|83/100\n|turn|4\n|l| HappyLiga\n|inactive|korinn has 30 seconds left.\n|inactive|korinn has 20 seconds left.\n|inactive|korinn has 15 seconds left.\n|inactive|korinn has 10 seconds left.\n|\n|t:|1775987770\n|switch|p2a: Sinistcha|Sinistcha, L50|100/100\n|-heal|p2b: Skarmory|76/100|[from] ability: Hospitality|[of] p2a: Sinistcha\n|move|p2b: Skarmory|Brave Bird|p1b: Pelipper\n|-crit|p1b: Pelipper\n|-damage|p1b: Pelipper|0 fnt\n|faint|p1b: Pelipper\n|-damage|p2b: Skarmory|57/100|[from] Recoil\n|move|p1a: Meganium|Dazzling Gleam|p2a: Sinistcha|[spread] p2a,p2b\n|-resisted|p2b: Skarmory|1\n|-damage|p2a: Sinistcha|76/100\n|-damage|p2b: Skarmory|42/100\n|\n|-weather|RainDance|[upkeep]\n|upkeep\n|turn|5\n|inactive|Juytre has 30 seconds left.\n|inactive|korinn has 30 seconds left.\n|inactive|Juytre has 20 seconds left.\n|inactive|korinn has 20 seconds left.\n|inactive|Juytre has 15 seconds left.\n|inactive|korinn has 15 seconds left.\n|inactive|Juytre has 10 seconds left.\n|inactive|Juytre has 5 seconds left.\n|inactive|korinn has 10 seconds left.\n|\n|t:|1775987825\n|move|p2b: Skarmory|Iron Head|p1a: Meganium\n|-supereffective|p1a: Meganium|1\n|-damage|p1a: Meganium|9/100\n|move|p1a: Meganium|Synthesis|p1a: Meganium\n|-heal|p1a: Meganium|76/100\n|move|p2a: Sinistcha|Life Dew|p2a: Sinistcha|[spread] p2a,p2b\n|-heal|p2a: Sinistcha|100/100\n|-heal|p2b: Skarmory|67/100\n|\n|-weather|RainDance|[upkeep]\n|-sideend|p2: korinn|move: Tailwind\n|upkeep\n|turn|6\n|inactive|Juytre has 30 seconds left.\n|inactive|Juytre has 20 seconds left.\n|inactive|Juytre has 15 seconds left.\n|inactive|Juytre has 10 seconds left.\n|inactive|Juytre has 5 seconds left.\n|\n|t:|1775987880\n|move|p2a: Sinistcha|Rage Powder|p2a: Sinistcha\n|-singleturn|p2a: Sinistcha|move: Rage Powder\n|move|p1a: Meganium|Synthesis|p1a: Meganium\n|-heal|p1a: Meganium|100/100\n|move|p2b: Skarmory|Iron Head|p1a: Meganium\n|-supereffective|p1a: Meganium|1\n|-damage|p1a: Meganium|29/100\n|\n|-weather|none\n|-sideend|p1: Juytre|move: Tailwind\n|upkeep\n|turn|7\n|-message|Juytre forfeited.\n|\n|win|korinn\n|raw|Juytre's rating: 1350 &rarr; <strong>1329</strong><br />(-21 for losing)\n|raw|korinn's rating: 1330 &rarr; <strong>1351</strong><br />(+21 for winning)\n|l|\u2606Juytre\n|player|p1|\n|l|\u2606korinn\n|player|p2|\n",
  "uploadtime": 1775988232,
  "views": 28,
  "formatid": "gen9championsvgc2026regma",
  "rating": 1329,
  "private": 0,
  "password": null
}