{
  "id": "gen9championsvgc2026regma-2586628940",
  "format": "[Gen 9 Champions] VGC 2026 Reg M-A",
  "players": [
    "Thatboydin",
    "Lvcid_Alpha"
  ],
  "log": "|j|\u2606Thatboydin\n|j|\u2606Lvcid_Alpha\n|t:|1776447975\n|gametype|doubles\n|player|p1|Thatboydin|aromalady|1025\n|player|p2|Lvcid_Alpha|169|1117\n|gen|9\n|tier|[Gen 9 Champions] VGC 2026 Reg M-A\n|rated|\n|rule|Species Clause: Limit one of each Pok\u00e9mon\n|rule|Item Clause: Limit 1 of each item\n|clearpoke\n|poke|p1|Archaludon, L50, M|\n|poke|p1|Zoroark-Hisui, L50, F|\n|poke|p1|Crabominable, L50, F|\n|poke|p1|Farigiraf, L50, F|\n|poke|p1|Scovillain, L50, F|\n|poke|p1|Incineroar, L50, M|\n|poke|p2|Hawlucha, L50, F|\n|poke|p2|Tyranitar, L50, F|\n|poke|p2|Whimsicott, L50, F|\n|poke|p2|Incineroar, L50, F|\n|poke|p2|Excadrill, L50, M|\n|poke|p2|Sinistcha-Masterpiece, L50|\n|teampreview|4\nLvcid_Alpha rejected open team sheets.\n|inactive|Battle timer is ON: inactive players will automatically lose when time's up. (requested by Lvcid_Alpha)\n|inactive|Thatboydin has 60 seconds left.\n|\n|t:|1776448028\n|teamsize|p1|4\n|teamsize|p2|4\n|start\n|switch|p1a: HIMcineroar|Incineroar, L50, M|100/100\n|switch|p1b: BIG MAMA!!!|Farigiraf, L50, F, shiny|100/100\n|switch|p2a: Hawlucha|Hawlucha, L50, F, shiny|100/100\n|switch|p2b: Excadrill|Excadrill, L50, M, shiny|100/100\n|-ability|p1a: HIMcineroar|Intimidate|boost\n|-unboost|p2a: Hawlucha|atk|1\n|-unboost|p2b: Excadrill|atk|1\n|turn|1\n|\n|t:|1776448043\n|detailschange|p2a: Hawlucha|Hawlucha-Mega, L50, F, shiny\n|-mega|p2a: Hawlucha|Hawlucha|Hawluchanite\n|move|p1a: HIMcineroar|Fake Out|p2a: Hawlucha\n|-damage|p2a: Hawlucha|87/100\n|cant|p2a: Hawlucha|flinch\n|move|p2b: Excadrill|Fissure|p1a: HIMcineroar|[miss]\n|-miss|p2b: Excadrill|p1a: HIMcineroar\n|move|p1b: BIG MAMA!!!|Trick Room|p1b: BIG MAMA!!!\n|-fieldstart|move: Trick Room|[of] p1b: BIG MAMA!!!\n|\n|upkeep\n|turn|2\n|\n|t:|1776448061\n|move|p1b: BIG MAMA!!!|Twin Beam|p2a: Hawlucha\n|-supereffective|p2a: Hawlucha|1\n|-damage|p2a: Hawlucha|44/100\n|-supereffective|p2a: Hawlucha|1\n|-damage|p2a: Hawlucha|4/100\n|-hitcount|p2a: Hawlucha|2\n|move|p1a: HIMcineroar|Flare Blitz|p2b: Excadrill\n|-supereffective|p2b: Excadrill|1\n|-enditem|p2b: Excadrill|Focus Sash\n|-damage|p2b: Excadrill|1/100\n|-damage|p1a: HIMcineroar|70/100|[from] Recoil\n|move|p2b: Excadrill|Fissure|p1a: HIMcineroar|[miss]\n|-miss|p2b: Excadrill|p1a: HIMcineroar\n|move|p2a: Hawlucha|Entrainment|p2b: Excadrill\n|-ability|p2b: Excadrill|No Guard|Sand Rush|[from] move: Entrainment|[of] p2a: Hawlucha\n|\n|upkeep\n|turn|3\n|inactive|Lvcid_Alpha has 30 seconds left.\n|\n|t:|1776448095\n|switch|p2b: Incineroar|Incineroar, L50, F, shiny|100/100\n|-ability|p2b: Incineroar|Intimidate|boost\n|-unboost|p1a: HIMcineroar|atk|1\n|-unboost|p1b: BIG MAMA!!!|atk|1\n|move|p1b: BIG MAMA!!!|Twin Beam|p2a: Hawlucha\n|-supereffective|p2a: Hawlucha|1\n|-damage|p2a: Hawlucha|0 fnt\n|faint|p2a: Hawlucha\n|-hitcount|p2: Hawlucha|1\n|move|p1a: HIMcineroar|Parting Shot|p2b: Incineroar\n|-unboost|p2b: Incineroar|atk|1\n|-unboost|p2b: Incineroar|spa|1\n|\n|t:|1776448109\n|switch|p1a: Eugene Krabs|Crabominable, L50, F, shiny|100/100|[from] Parting Shot\n|\n|upkeep\n|\n|t:|1776448116\n|switch|p2a: Tyranitar|Tyranitar, L50, F, shiny|100/100\n|-weather|Sandstorm|[from] ability: Sand Stream|[of] p2a: Tyranitar\n|turn|4\n|\n|t:|1776448135\n|switch|p1b: HIMcineroar|Incineroar, L50, M|70/100\n|-ability|p1b: HIMcineroar|Intimidate|boost\n|-unboost|p2a: Tyranitar|atk|1\n|-unboost|p2b: Incineroar|atk|1\n|detailschange|p1a: Eugene Krabs|Crabominable-Mega, L50, F, shiny\n|-mega|p1a: Eugene Krabs|Crabominable|Crabominite\n|move|p2a: Tyranitar|Protect|p2a: Tyranitar\n|-singleturn|p2a: Tyranitar|Protect\n|move|p2b: Incineroar|Fake Out|p1b: HIMcineroar\n|-damage|p1b: HIMcineroar|65/100\n|move|p1a: Eugene Krabs|Drain Punch|p2b: Incineroar\n|-supereffective|p2b: Incineroar|1\n|-damage|p2b: Incineroar|2/100\n|-enditem|p2b: Incineroar|Sitrus Berry|[eat]\n|-heal|p2b: Incineroar|27/100|[from] item: Sitrus Berry\n|\n|-weather|Sandstorm|[upkeep]\n|-damage|p1a: Eugene Krabs|95/100|[from] Sandstorm\n|-damage|p2b: Incineroar|21/100|[from] Sandstorm\n|-damage|p1b: HIMcineroar|59/100|[from] Sandstorm\n|upkeep\n|turn|5\n|inactive|Thatboydin has 30 seconds left.\n|inactive|Lvcid_Alpha has 30 seconds left.\n|\n|t:|1776448166\n|move|p1a: Eugene Krabs|Ice Hammer|p2a: Tyranitar\n|-damage|p2a: Tyranitar|28/100\n|-unboost|p1a: Eugene Krabs|spe|1\n|move|p1b: HIMcineroar|Throat Chop|p2b: Incineroar\n|-resisted|p2b: Incineroar|1\n|-damage|p2b: Incineroar|6/100\n|-start|p2b: Incineroar|Throat Chop|[silent]\n|move|p2b: Incineroar|Throat Chop|p1b: HIMcineroar\n|-resisted|p1b: HIMcineroar|1\n|-damage|p1b: HIMcineroar|53/100\n|-start|p1b: HIMcineroar|Throat Chop|[silent]\n|move|p2a: Tyranitar|Rock Slide|p1b: HIMcineroar|[spread] p1a,p1b\n|-supereffective|p1b: HIMcineroar|1\n|-damage|p1a: Eugene Krabs|78/100\n|-damage|p1b: HIMcineroar|10/100\n|\n|-weather|Sandstorm|[upkeep]\n|-damage|p1a: Eugene Krabs|72/100|[from] Sandstorm\n|-damage|p1b: HIMcineroar|4/100|[from] Sandstorm\n|-damage|p2b: Incineroar|0 fnt|[from] Sandstorm\n|faint|p2b: Incineroar\n|-heal|p2a: Tyranitar|34/100|[from] item: Leftovers\n|-fieldend|move: Trick Room\n|upkeep\n|\n|t:|1776448187\n|switch|p2b: Excadrill|Excadrill, L50, M, shiny|1/100\n|turn|6\n|\n|t:|1776448201\n|switch|p1b: BIG MAMA!!!|Farigiraf, L50, F, shiny|100/100\n|move|p1a: Eugene Krabs|Mach Punch|p2b: Excadrill\n|-supereffective|p2b: Excadrill|1\n|-damage|p2b: Excadrill|0 fnt\n|faint|p2b: Excadrill\n|move|p2a: Tyranitar|Rock Slide|p1b: BIG MAMA!!!|[spread] p1a\n|-miss|p2a: Tyranitar|p1b: BIG MAMA!!!\n|-damage|p1a: Eugene Krabs|55/100\n|\n|-weather|Sandstorm|[upkeep]\n|-damage|p1b: BIG MAMA!!!|95/100|[from] Sandstorm\n|-damage|p1a: Eugene Krabs|50/100|[from] Sandstorm\n|-heal|p2a: Tyranitar|40/100|[from] item: Leftovers\n|upkeep\n|turn|7\n|-message|Lvcid_Alpha forfeited.\n|\n|win|Thatboydin\n|raw|Thatboydin's rating: 1025 &rarr; <strong>1071</strong><br />(+46 for winning)\n|raw|Lvcid_Alpha's rating: 1117 &rarr; <strong>1086</strong><br />(-31 for losing)\n|l|\u2606Lvcid_Alpha\n|player|p2|\n",
  "uploadtime": 1776448219,
  "views": 36,
  "formatid": "gen9championsvgc2026regma",
  "rating": 1071,
  "private": 0,
  "password": null
}