{
  "id": "gen9championsvgc2026regma-2588298325",
  "format": "[Gen 9 Champions] VGC 2026 Reg M-A",
  "players": [
    "brix_2006",
    "r.l steins gate"
  ],
  "log": "|j|\u2606brix_2006\n|j|\u2606r.l steins gate\n|t:|1776622044\n|gametype|doubles\n|player|p1|brix_2006|266|1121\n|player|p2|r.l steins gate|170|1050\n|gen|9\n|tier|[Gen 9 Champions] VGC 2026 Reg M-A\n|rated|\n|rule|Species Clause: Limit one of each Pok\u00e9mon\n|rule|Item Clause: Limit 1 of each item\n|clearpoke\n|poke|p1|Sableye, L50, M, shiny|\n|poke|p1|Camerupt, L50, M|\n|poke|p1|Orthworm, L50, M|\n|poke|p1|Sinistcha-Masterpiece, L50|\n|poke|p1|Mimikyu, L50, F|\n|poke|p1|Farigiraf, L50, F|\n|poke|p2|Froslass, L50, F|\n|poke|p2|Arcanine-Hisui, L50, M|\n|poke|p2|Kingambit, L50, M|\n|poke|p2|Sinistcha, L50|\n|poke|p2|Sneasler, L50, F|\n|poke|p2|Rotom-Wash, L50|\n|teampreview|4\n|inactive|Battle timer is ON: inactive players will automatically lose when time's up. (requested by brix_2006)\n|\n|t:|1776622088\n|teamsize|p1|4\n|teamsize|p2|4\n|start\n|switch|p1a: Mimikyu|Mimikyu, L50, F|100/100\n|switch|p1b: come comde|Orthworm, L50, M|100/100\n|switch|p2a: Froslass|Froslass, L50, F|100/100\n|switch|p2b: Rotom|Rotom-Wash, L50|100/100\n|turn|1\n|inactive|r.l steins gate has 30 seconds left.\n|\n|t:|1776622115\n|detailschange|p2a: Froslass|Froslass-Mega, L50, F\n|-mega|p2a: Froslass|Froslass|Froslassite\n|-weather|Snowscape|[from] ability: Snow Warning|[of] p2a: Froslass\n|move|p2a: Froslass|Aurora Veil|p2a: Froslass\n|-sidestart|p2: r.l steins gate|move: Aurora Veil\n|move|p1b: come comde|Shed Tail|p1b: come comde\n|-start|p1b: come comde|Substitute|[from] move: Shed Tail\n|-damage|p1b: come comde|50/100\n|-enditem|p1b: come comde|Sitrus Berry|[eat]\n|-heal|p1b: come comde|75/100|[from] item: Sitrus Berry\n|\n|t:|1776622124\n|switch|p1b: matador de veno|Camerupt, L50, M|100/100|[from] Shed Tail\n|move|p2b: Rotom|Hydro Pump|p1b: matador de veno\n|-supereffective|p1b: matador de veno|2\n|-end|p1b: matador de veno|Substitute\n|move|p1a: Mimikyu|Trick Room|p1a: Mimikyu\n|-fieldstart|move: Trick Room|[of] p1a: Mimikyu\n|\n|-weather|Snowscape|[upkeep]\n|upkeep\n|turn|2\n|\n|t:|1776622145\n|switch|p1a: dono|Sableye, L50, M, shiny|100/100\n|move|p1b: matador de veno|Protect|p1b: matador de veno\n|-singleturn|p1b: matador de veno|Protect\n|move|p2a: Froslass|Protect|p2a: Froslass\n|-singleturn|p2a: Froslass|Protect\n|move|p2b: Rotom|Hydro Pump|p1b: matador de veno\n|-activate|p1b: matador de veno|move: Protect\n|\n|-weather|Snowscape|[upkeep]\n|upkeep\n|turn|3\n|\n|t:|1776622166\n|switch|p2a: Arcanine|Arcanine-Hisui, L50, M|100/100\n|-ability|p2a: Arcanine|Intimidate|boost\n|-unboost|p1a: dono|atk|1\n|-unboost|p1b: matador de veno|atk|1\n|detailschange|p1b: matador de veno|Camerupt-Mega, L50, M\n|-mega|p1b: matador de veno|Camerupt|Cameruptite\n|move|p1a: dono|Sunny Day|p1a: dono\n|-weather|SunnyDay\n|move|p1b: matador de veno|Eruption|p2b: Rotom|[spread] p2a,p2b\n|-resisted|p2a: Arcanine|2\n|-resisted|p2b: Rotom|1\n|-damage|p2a: Arcanine|80/100\n|-damage|p2b: Rotom|66/100\n|move|p2b: Rotom|Hydro Pump|p1b: matador de veno\n|-supereffective|p1b: matador de veno|2\n|-damage|p1b: matador de veno|0 fnt\n|faint|p1b: matador de veno\n|\n|-weather|SunnyDay|[upkeep]\n|upkeep\n|\n|t:|1776622177\n|switch|p1b: come comde|Orthworm, L50, M|75/100\n|turn|4\n|\n|t:|1776622192\n|move|p1a: dono|Encore|p2b: Rotom\n|-start|p2b: Rotom|Encore\n|move|p2b: Rotom|Hydro Pump|p1b: come comde|[miss]\n|-miss|p2b: Rotom|p1b: come comde\n|move|p1b: come comde|Body Press|p2a: Arcanine\n|-supereffective|p2a: Arcanine|1\n|-damage|p2a: Arcanine|29/100\n|move|p2a: Arcanine|Flare Blitz|p1b: come comde\n|-supereffective|p1b: come comde|1\n|-damage|p1b: come comde|0 fnt\n|faint|p1b: come comde\n|-damage|p2a: Arcanine|3/100|[from] Recoil\n|\n|-weather|SunnyDay|[upkeep]\n|upkeep\n|\n|t:|1776622208\n|switch|p1b: Mimikyu|Mimikyu, L50, F|100/100\n|turn|5\n|\n|t:|1776622226\n|move|p2a: Arcanine|Protect|p2a: Arcanine\n|-singleturn|p2a: Arcanine|Protect\n|move|p1a: dono|Encore|p2a: Arcanine\n|-activate|p2a: Arcanine|move: Protect\n|move|p2b: Rotom|Hydro Pump|p1a: dono\n|-damage|p1a: dono|67/100\n|move|p1b: Mimikyu|Shadow Claw|p2b: Rotom\n|-damage|p2b: Rotom|38/100\n|-enditem|p2b: Rotom|Sitrus Berry|[eat]\n|-heal|p2b: Rotom|63/100|[from] item: Sitrus Berry\n|\n|-weather|SunnyDay|[upkeep]\n|-sideend|p2: r.l steins gate|move: Aurora Veil\n|-fieldend|move: Trick Room\n|upkeep\n|turn|6\n|\n|t:|1776622245\n|move|p1a: dono|Encore|p2a: Arcanine\n|-start|p2a: Arcanine|Encore\n|move|p2a: Arcanine|Protect|p2a: Arcanine\n|-singleturn|p2a: Arcanine|Protect\n|move|p1b: Mimikyu|Play Rough|p2b: Rotom|[miss]\n|-miss|p1b: Mimikyu|p2b: Rotom\n|move|p2b: Rotom|Hydro Pump|p1a: dono\n|-damage|p1a: dono|34/100\n|\n|-weather|SunnyDay|[upkeep]\n|-end|p2b: Rotom|Encore\n|upkeep\n|turn|7\n|\n|t:|1776622267\n|switch|p2b: Sneasler|Sneasler, L50, F|100/100\n|move|p1a: dono|Protect|p1a: dono\n|-singleturn|p1a: dono|Protect\n|move|p2a: Arcanine|Protect||[still]\n|-fail|p2a: Arcanine\n|move|p1b: Mimikyu|Play Rough|p2b: Sneasler\n|-damage|p2b: Sneasler|18/100\n|-unboost|p2b: Sneasler|atk|1\n|\n|-weather|none\n|upkeep\n|turn|8\n|inactive|brix_2006 has 30 seconds left.\n|inactive|r.l steins gate has 30 seconds left.\n|\n|t:|1776622297\n|move|p2a: Arcanine|Protect|p2a: Arcanine\n|-singleturn|p2a: Arcanine|Protect\n|move|p1a: dono|Sunny Day|p1a: dono\n|-weather|SunnyDay\n|move|p2b: Sneasler|Dire Claw|p1a: dono\n|-resisted|p1a: dono|1\n|-damage|p1a: dono|15/100\n|move|p1b: Mimikyu|Play Rough|p2b: Sneasler\n|-damage|p2b: Sneasler|0 fnt\n|faint|p2b: Sneasler\n|\n|-weather|SunnyDay|[upkeep]\n|-end|p2a: Arcanine|Encore\n|upkeep\n|\n|t:|1776622309\n|switch|p2b: Froslass|Froslass-Mega, L50, F|100/100\n|-weather|Snowscape|[from] ability: Snow Warning|[of] p2b: Froslass\n|turn|9\n|inactive|r.l steins gate has 30 seconds left.\n|\n|t:|1776622342\n|switch|p2b: Rotom|Rotom-Wash, L50|63/100\n|move|p1a: dono|Encore|p2a: Arcanine\n|-start|p2a: Arcanine|Encore\n|move|p2a: Arcanine|Protect|p2a: Arcanine\n|-singleturn|p2a: Arcanine|Protect\n|move|p1b: Mimikyu|Shadow Claw|p2b: Rotom\n|-damage|p2b: Rotom|17/100\n|\n|-weather|Snowscape|[upkeep]\n|upkeep\n|turn|10\n|inactive|brix_2006 has 30 seconds left.\n|\n|t:|1776622368\n|move|p2a: Arcanine|Protect||[still]\n|-fail|p2a: Arcanine\n|move|p1a: dono|Sunny Day|p1a: dono\n|-weather|SunnyDay\n|move|p1b: Mimikyu|Shadow Claw|p2b: Rotom\n|-damage|p2b: Rotom|0 fnt\n|faint|p2b: Rotom\n|\n|-weather|SunnyDay|[upkeep]\n|upkeep\n|\n|t:|1776622374\n|switch|p2b: Froslass|Froslass-Mega, L50, F|100/100\n|-weather|Snowscape|[from] ability: Snow Warning|[of] p2b: Froslass\n|turn|11\n|\n|t:|1776622382\n|move|p2a: Arcanine|Protect|p2a: Arcanine\n|-singleturn|p2a: Arcanine|Protect\n|move|p1a: dono|Sunny Day|p1a: dono\n|-weather|SunnyDay\n|move|p2b: Froslass|Blizzard|p1b: Mimikyu|[spread] p1a,p1b\n|-damage|p1a: dono|0 fnt\n|-activate|p1b: Mimikyu|ability: Disguise\n|-damage|p1b: Mimikyu|100/100\n|detailschange|p1b: Mimikyu|Mimikyu-Busted, L50, F\n|-damage|p1b: Mimikyu|88/100|[from] pokemon: Mimikyu-Busted\n|faint|p1a: dono\n|move|p1b: Mimikyu|Shadow Claw|p2b: Froslass\n|-supereffective|p2b: Froslass|1\n|-damage|p2b: Froslass|0 fnt\n|faint|p2b: Froslass\n|\n|-weather|SunnyDay|[upkeep]\n|-end|p2a: Arcanine|Encore\n|upkeep\n|turn|12\n|\n|t:|1776622400\n|move|p2a: Arcanine|Head Smash|p1b: Mimikyu\n|-crit|p1b: Mimikyu\n|-damage|p1b: Mimikyu|0 fnt\n|faint|p1b: Mimikyu\n|-damage|p2a: Arcanine|0 fnt|[from] Recoil\n|faint|p2a: Arcanine\n|\n|win|r.l steins gate\n|raw|brix_2006's rating: 1121 &rarr; <strong>1091</strong><br />(-30 for losing)\n|raw|r.l steins gate's rating: 1050 &rarr; <strong>1089</strong><br />(+39 for winning)\n|l|\u2606r.l steins gate\n|player|p2|\n",
  "uploadtime": 1776622411,
  "views": 13,
  "formatid": "gen9championsvgc2026regma",
  "rating": 1089,
  "private": 0,
  "password": null
}