{
  "id": "gen9championsvgc2026regma-2584997328",
  "format": "[Gen 9 Champions] VGC 2026 Reg M-A",
  "players": [
    "Northgdh",
    "Shafsfs"
  ],
  "log": "|j|\u2606Northgdh\n|j|\u2606Shafsfs\n|t:|1776301831\n|gametype|doubles\n|player|p1|Northgdh|pokemonranger-gen4|1337\n|player|p2|Shafsfs|2|1321\n|gen|9\n|tier|[Gen 9 Champions] VGC 2026 Reg M-A\n|rated|\n|rule|Species Clause: Limit one of each Pok\u00e9mon\n|rule|Item Clause: Limit 1 of each item\n|clearpoke\n|poke|p1|Gengar, L50, F|\n|poke|p1|Vivillon-Polar, L50, M|\n|poke|p1|Incineroar, L50, F|\n|poke|p1|Basculegion, L50, M|\n|poke|p1|Kingambit, L50, M|\n|poke|p1|Politoed, L50, M|\n|poke|p2|Sinistcha, L50|\n|poke|p2|Aerodactyl, L50, F|\n|poke|p2|Farigiraf, L50, M|\n|poke|p2|Blastoise, L50, F|\n|poke|p2|Kingambit, L50, F|\n|poke|p2|Garchomp, L50, F|\n|teampreview|4\n|inactive|Battle timer is ON: inactive players will automatically lose when time's up. (requested by Northgdh)\n|inactive|Northgdh has 60 seconds left.\n|inactive|Shafsfs has 60 seconds left.\n|\n|t:|1776301877\n|teamsize|p1|4\n|teamsize|p2|4\n|start\n|switch|p1a: BalancePatch|Kingambit, L50, M, shiny|100/100\n|switch|p1b: Battleground|Politoed, L50, M, shiny|100/100\n|switch|p2a: Farigiraf|Farigiraf, L50, M|100/100\n|switch|p2b: Blastoise|Blastoise, L50, F|100/100\n|-weather|RainDance|[from] ability: Drizzle|[of] p1b: Battleground\n|turn|1\n|\n|t:|1776301904\n|detailschange|p2b: Blastoise|Blastoise-Mega, L50, F\n|-mega|p2b: Blastoise|Blastoise|Blastoisinite\n|move|p2a: Farigiraf|Helping Hand|p2b: Blastoise\n|-singleturn|p2b: Blastoise|Helping Hand|[of] p2a: Farigiraf\n|move|p2b: Blastoise|Water Spout|p1b: Battleground|[spread] p1a,p1b\n|-resisted|p1b: Battleground|1\n|-damage|p1a: BalancePatch|0 fnt\n|-damage|p1b: Battleground|49/100\n|faint|p1a: BalancePatch\n|move|p1b: Battleground|Muddy Water|p2b: Blastoise|[spread] p2a,p2b\n|-resisted|p2b: Blastoise|1\n|-damage|p2a: Farigiraf|72/100\n|-damage|p2b: Blastoise|88/100\n|\n|-weather|RainDance|[upkeep]\n|-heal|p1b: Battleground|55/100|[from] item: Leftovers\n|upkeep\n|\n|t:|1776301910\n|switch|p1a: Zenith|Vivillon-Polar, L50, M|100/100\n|turn|2\n|\n|t:|1776301929\n|move|p1a: Zenith|Sleep Powder|p2a: Farigiraf\n|-status|p2a: Farigiraf|slp|[from] move: Sleep Powder\n|move|p2b: Blastoise|Water Spout|p1b: Battleground|[spread] p1a,p1b\n|-resisted|p1b: Battleground|1\n|-enditem|p1a: Zenith|Focus Sash\n|-damage|p1a: Zenith|1/100\n|-damage|p1b: Battleground|26/100\n|move|p1b: Battleground|Muddy Water|p2b: Blastoise|[spread] p2a,p2b\n|-resisted|p2b: Blastoise|1\n|-damage|p2a: Farigiraf|39/100 slp\n|-damage|p2b: Blastoise|75/100\n|-enditem|p2a: Farigiraf|Sitrus Berry|[eat]\n|-heal|p2a: Farigiraf|64/100 slp|[from] item: Sitrus Berry\n|cant|p2a: Farigiraf|slp\n|\n|-weather|RainDance|[upkeep]\n|-heal|p1b: Battleground|32/100|[from] item: Leftovers\n|upkeep\n|turn|3\n|\n|t:|1776301947\n|switch|p2a: Sinistcha|Sinistcha, L50|100/100\n|-heal|p2b: Blastoise|99/100|[from] ability: Hospitality|[of] p2a: Sinistcha\n|move|p1a: Zenith|Sleep Powder|p2b: Blastoise\n|-status|p2b: Blastoise|slp|[from] move: Sleep Powder\n|cant|p2b: Blastoise|slp\n|move|p1b: Battleground|Muddy Water|p2a: Sinistcha|[spread] p2a,p2b\n|-resisted|p2a: Sinistcha|1\n|-resisted|p2b: Blastoise|1\n|-damage|p2a: Sinistcha|86/100\n|-damage|p2b: Blastoise|85/100 slp\n|\n|-weather|RainDance|[upkeep]\n|-heal|p1b: Battleground|38/100|[from] item: Leftovers\n|upkeep\n|turn|4\n|\n|t:|1776301966\n|move|p1a: Zenith|Air Slash|p2a: Sinistcha\n|-supereffective|p2a: Sinistcha|1\n|-damage|p2a: Sinistcha|29/100\n|cant|p2b: Blastoise|slp\n|move|p2a: Sinistcha|Matcha Gotcha|p1a: Zenith|[spread] p1a,p1b\n|-resisted|p1a: Zenith|2\n|-supereffective|p1b: Battleground|1\n|-damage|p1a: Zenith|0 fnt\n|-heal|p2a: Sinistcha|30/100|[from] drain|[of] p1a: Zenith\n|-damage|p1b: Battleground|5/100\n|-heal|p2a: Sinistcha|48/100|[from] drain|[of] p1b: Battleground\n|faint|p1a: Zenith\n|move|p1b: Battleground|Muddy Water|p2a: Sinistcha|[spread] p2a\n|-miss|p1b: Battleground|p2b: Blastoise\n|-resisted|p2a: Sinistcha|1\n|-damage|p2a: Sinistcha|33/100\n|\n|-weather|RainDance|[upkeep]\n|-heal|p1b: Battleground|11/100|[from] item: Leftovers\n|upkeep\n|\n|t:|1776301973\n|switch|p1a: Pegasus|Basculegion, L50, M|100/100\n|turn|5\n|\n|t:|1776301985\n|move|p2a: Sinistcha|Rage Powder|p2a: Sinistcha\n|-singleturn|p2a: Sinistcha|move: Rage Powder\n|move|p1a: Pegasus|Wave Crash|p2a: Sinistcha\n|-resisted|p2a: Sinistcha|1\n|-damage|p2a: Sinistcha|0 fnt\n|faint|p2a: Sinistcha\n|-damage|p1a: Pegasus|91/100|[from] Recoil\n|-curestatus|p2b: Blastoise|slp|[msg]\n|move|p2b: Blastoise|Dark Pulse|p1a: Pegasus\n|-supereffective|p1a: Pegasus|1\n|-damage|p1a: Pegasus|0 fnt\n|faint|p1a: Pegasus\n|move|p1b: Battleground|Muddy Water|p2b: Blastoise|[miss]\n|-miss|p1b: Battleground|p2b: Blastoise\n|\n|-weather|none\n|-heal|p1b: Battleground|17/100|[from] item: Leftovers\n|upkeep\n|-message|Northgdh forfeited.\n|\n|win|Shafsfs\n|raw|Northgdh's rating: 1337 &rarr; <strong>1316</strong><br />(-21 for losing)\n|raw|Shafsfs's rating: 1321 &rarr; <strong>1342</strong><br />(+21 for winning)\n|l|\u2606Northgdh\n|player|p1|\n|l|\u2606Shafsfs\n|player|p2|\n",
  "uploadtime": 1776302025,
  "views": 44,
  "formatid": "gen9championsvgc2026regma",
  "rating": 1316,
  "private": 0,
  "password": null
}