{
  "id": "gen9championsvgc2026regma-2581651310",
  "format": "[Gen 9 Champions] VGC 2026 Reg M-A",
  "players": [
    "xilorem",
    "CRUNCHHHVGC"
  ],
  "log": "|j|\u2606xilorem\n|j|\u2606CRUNCHHHVGC\n|t:|1776018033\n|gametype|doubles\n|player|p1|xilorem|170|1000\n|player|p2|CRUNCHHHVGC|ghetsis-gen5bw|1085\n|gen|9\n|tier|[Gen 9 Champions] VGC 2026 Reg M-A\n|rated|\n|rule|Species Clause: Limit one of each Pok\u00e9mon\n|rule|Item Clause: Limit 1 of each item\n|clearpoke\n|poke|p1|Archaludon, L50, M|\n|poke|p1|Floette-Eternal, L50, F|\n|poke|p1|Pelipper, L50, F|\n|poke|p1|Sinistcha, L50|\n|poke|p1|Meganium, L50, F|\n|poke|p1|Incineroar, L50, M|\n|poke|p2|Glaceon, L50, F|\n|poke|p2|Incineroar, L50, M|\n|poke|p2|Liepard, L50, F|\n|poke|p2|Charizard, L50, M|\n|poke|p2|Gardevoir, L50, F|\n|poke|p2|Venusaur, L50, F|\n|teampreview|4\n|\n|t:|1776018086\n|teamsize|p1|4\n|teamsize|p2|4\n|start\n|switch|p1a: Meganium|Meganium, L50, F|100/100\n|switch|p1b: Incineroar|Incineroar, L50, M|100/100\n|switch|p2a: Incineroar|Incineroar, L50, M|100/100\n|switch|p2b: Liepard|Liepard, L50, F, shiny|100/100\n|-ability|p2a: Incineroar|Intimidate|boost\n|-unboost|p1a: Meganium|atk|1\n|-unboost|p1b: Incineroar|atk|1\n|-ability|p1b: Incineroar|Intimidate|boost\n|-unboost|p2a: Incineroar|atk|1\n|-unboost|p2b: Liepard|atk|1\n|turn|1\n|inactive|Battle timer is ON: inactive players will automatically lose when time's up. (requested by CRUNCHHHVGC)\n|inactive|xilorem has 60 seconds left.\n|inactive|CRUNCHHHVGC has 60 seconds left.\n|\n|t:|1776018138\n|switch|p2a: Charizard|Charizard, L50, M|100/100\n|detailschange|p1a: Meganium|Meganium-Mega, L50, F\n|-mega|p1a: Meganium|Meganium|Meganiumite\n|move|p2b: Liepard|Fake Out|p1a: Meganium\n|-damage|p1a: Meganium|94/100\n|move|p1b: Incineroar|Fake Out|p2a: Charizard\n|-crit|p2a: Charizard\n|-damage|p2a: Charizard|82/100\n|cant|p1a: Meganium|flinch\n|\n|upkeep\n|turn|2\n|\n|t:|1776018160\n|detailschange|p2a: Charizard|Charizard-Mega-Y, L50, M\n|-mega|p2a: Charizard|Charizard|Charizardite Y\n|-weather|SunnyDay|[from] ability: Drought|[of] p2a: Charizard\n|move|p1a: Meganium|Protect|p1a: Meganium\n|-singleturn|p1a: Meganium|Protect\n|move|p2b: Liepard|Thunder Wave|p1a: Meganium\n|-activate|p1a: Meganium|move: Protect\n|move|p2a: Charizard|Heat Wave|p1a: Meganium|[spread] p1b\n|-activate|p1a: Meganium|move: Protect\n|-resisted|p1b: Incineroar|1\n|-damage|p1b: Incineroar|74/100\n|move|p1b: Incineroar|Parting Shot|p2a: Charizard\n|-unboost|p2a: Charizard|atk|1\n|-unboost|p2a: Charizard|spa|1\n|\n|t:|1776018174\n|switch|p1b: Pelipper|Pelipper, L50, F|100/100|[from] Parting Shot\n|-weather|RainDance|[from] ability: Drizzle|[of] p1b: Pelipper\n|\n|-weather|RainDance|[upkeep]\n|upkeep\n|turn|3\n|inactive|xilorem has 30 seconds left.\n|inactive|xilorem has 20 seconds left.\n|\n|t:|1776018210\n|move|p2b: Liepard|Sunny Day|p2b: Liepard\n|-weather|SunnyDay\n|move|p2a: Charizard|Overheat|p1a: Meganium\n|-supereffective|p1a: Meganium|1\n|-damage|p1a: Meganium|0 fnt\n|-unboost|p2a: Charizard|spa|2\n|faint|p1a: Meganium\n|move|p1b: Pelipper|Tailwind|p1b: Pelipper\n|-sidestart|p1: xilorem|move: Tailwind\n|\n|-weather|SunnyDay|[upkeep]\n|upkeep\n|\n|t:|1776018222\n|switch|p1a: Incineroar|Incineroar, L50, M|74/100\n|-ability|p1a: Incineroar|Intimidate|boost\n|-unboost|p2a: Charizard|atk|1\n|-unboost|p2b: Liepard|atk|1\n|turn|4\n|\n|t:|1776018236\n|switch|p1b: Archaludon|Archaludon, L50, M|100/100\n|switch|p2b: Incineroar|Incineroar, L50, M|100/100\n|-ability|p2b: Incineroar|Intimidate|boost\n|-unboost|p1a: Incineroar|atk|1\n|-unboost|p1b: Archaludon|atk|1\n|-enditem|p1b: Archaludon|White Herb\n|-clearnegativeboost|p1b: Archaludon|[silent]\n|move|p2a: Charizard|Protect|p2a: Charizard\n|-singleturn|p2a: Charizard|Protect\n|move|p1a: Incineroar|Fake Out|p2a: Charizard\n|-activate|p2a: Charizard|move: Protect\n|\n|-weather|SunnyDay|[upkeep]\n|upkeep\n|turn|5\n|inactive|CRUNCHHHVGC has 30 seconds left.\n|inactive|CRUNCHHHVGC has 20 seconds left.\n|\n|t:|1776018272\n|switch|p1a: Pelipper|Pelipper, L50, F|100/100\n|-weather|RainDance|[from] ability: Drizzle|[of] p1a: Pelipper\n|switch|p2a: Venusaur|Venusaur, L50, F|100/100\n|move|p1b: Archaludon|Electro Shot||[still]\n|-prepare|p1b: Archaludon|Electro Shot\n|-boost|p1b: Archaludon|spa|1\n|-anim|p1b: Archaludon|Electro Shot|p2a: Venusaur\n|-resisted|p2a: Venusaur|1\n|-damage|p2a: Venusaur|64/100\n|move|p2b: Incineroar|Parting Shot|p1b: Archaludon\n|-unboost|p1b: Archaludon|atk|1\n|-unboost|p1b: Archaludon|spa|1\n|inactive|CRUNCHHHVGC has 30 seconds left.\n|\n|t:|1776018299\n|switch|p2b: Charizard|Charizard-Mega-Y, L50, M|82/100|[from] Parting Shot\n|-weather|SunnyDay|[from] ability: Drought|[of] p2b: Charizard\n|\n|-weather|SunnyDay|[upkeep]\n|upkeep\n|turn|6\n|inactive|xilorem has 30 seconds left.\n|\n|t:|1776018330\n|switch|p1b: Incineroar|Incineroar, L50, M|74/100\n|-ability|p1b: Incineroar|Intimidate|boost\n|-unboost|p2a: Venusaur|atk|1\n|-unboost|p2b: Charizard|atk|1\n|switch|p2b: Incineroar|Incineroar, L50, M|100/100\n|-ability|p2b: Incineroar|Intimidate|boost\n|-unboost|p1a: Pelipper|atk|1\n|-unboost|p1b: Incineroar|atk|1\n|move|p2a: Venusaur|Protect|p2a: Venusaur\n|-singleturn|p2a: Venusaur|Protect\n|move|p1a: Pelipper|Weather Ball|p2a: Venusaur\n|-activate|p2a: Venusaur|move: Protect\n|\n|-weather|SunnyDay|[upkeep]\n|-sideend|p1: xilorem|move: Tailwind\n|upkeep\n|turn|7\n|inactive|xilorem has 30 seconds left.\n|inactive|CRUNCHHHVGC has 30 seconds left.\n|\n|t:|1776018361\n|switch|p2a: Charizard|Charizard-Mega-Y, L50, M|82/100\n|move|p1b: Incineroar|Fake Out|p2b: Incineroar\n|-damage|p2b: Incineroar|95/100\n|move|p1a: Pelipper|Weather Ball|p2a: Charizard\n|-resisted|p2a: Charizard|1\n|-damage|p2a: Charizard|62/100\n|cant|p2b: Incineroar|flinch\n|\n|-weather|SunnyDay|[upkeep]\n|upkeep\n|turn|8\n|\n|t:|1776018385\n|move|p1a: Pelipper|Protect|p1a: Pelipper\n|-singleturn|p1a: Pelipper|Protect\n|move|p2a: Charizard|Overheat|p1b: Incineroar\n|-resisted|p1b: Incineroar|1\n|-damage|p1b: Incineroar|22/100\n|-unboost|p2a: Charizard|spa|2\n|-enditem|p1b: Incineroar|Sitrus Berry|[eat]\n|-heal|p1b: Incineroar|47/100|[from] item: Sitrus Berry\n|move|p2b: Incineroar|Parting Shot|p1a: Pelipper\n|-activate|p1a: Pelipper|move: Protect\n|move|p1b: Incineroar|Parting Shot|p2a: Charizard\n|-unboost|p2a: Charizard|atk|1\n|-unboost|p2a: Charizard|spa|1\n|\n|t:|1776018398\n|switch|p1b: Archaludon|Archaludon, L50, M|100/100|[from] Parting Shot\n|\n|-weather|SunnyDay|[upkeep]\n|upkeep\n|turn|9\n|\n|t:|1776018426\n|move|p2a: Charizard|Protect|p2a: Charizard\n|-singleturn|p2a: Charizard|Protect\n|move|p1b: Archaludon|Flash Cannon|p2a: Charizard\n|-activate|p2a: Charizard|move: Protect\n|move|p1a: Pelipper|Tailwind|p1a: Pelipper\n|-sidestart|p1: xilorem|move: Tailwind\n|move|p2b: Incineroar|Parting Shot|p1a: Pelipper\n|-unboost|p1a: Pelipper|atk|1\n|-unboost|p1a: Pelipper|spa|1\n|\n|t:|1776018437\n|switch|p2b: Liepard|Liepard, L50, F, shiny|100/100|[from] Parting Shot\n|\n|-weather|none\n|upkeep\n|turn|10\n|\n|t:|1776018458\n|switch|p2a: Venusaur|Venusaur, L50, F|64/100\n|move|p1a: Pelipper|Protect|p1a: Pelipper\n|-singleturn|p1a: Pelipper|Protect\n|move|p2b: Liepard|Thunder Wave|p1b: Archaludon\n|-status|p1b: Archaludon|par\n|move|p1b: Archaludon|Aura Sphere|p2b: Liepard\n|-supereffective|p2b: Liepard|1\n|-damage|p2b: Liepard|14/100\n|\n|upkeep\n|turn|11\n|\n|t:|1776018483\n|switch|p1a: Incineroar|Incineroar, L50, M|47/100\n|-ability|p1a: Incineroar|Intimidate|boost\n|-unboost|p2a: Venusaur|atk|1\n|-unboost|p2b: Liepard|atk|1\n|move|p2b: Liepard|Sunny Day|p2b: Liepard\n|-weather|SunnyDay\n|move|p2a: Venusaur|Sludge Bomb|p1a: Incineroar\n|-damage|p1a: Incineroar|10/100\n|move|p1b: Archaludon|Flash Cannon|p2b: Liepard\n|-damage|p2b: Liepard|0 fnt\n|faint|p2b: Liepard\n|\n|-weather|SunnyDay|[upkeep]\n|upkeep\n|\n|t:|1776018495\n|switch|p2b: Incineroar|Incineroar, L50, M|95/100\n|-ability|p2b: Incineroar|Intimidate|boost\n|-unboost|p1a: Incineroar|atk|1\n|-unboost|p1b: Archaludon|atk|1\n|turn|12\n|inactive|xilorem has 30 seconds left.\n|inactive|CRUNCHHHVGC has 30 seconds left.\n|inactive|xilorem has 20 seconds left.\n|inactive|CRUNCHHHVGC has 20 seconds left.\n|inactive|xilorem has 15 seconds left.\n|\n|t:|1776018536\n|move|p2b: Incineroar|Fake Out|p1b: Archaludon\n|-resisted|p1b: Archaludon|1\n|-damage|p1b: Archaludon|96/100 par\n|-ability|p1b: Archaludon|Stamina|boost\n|-boost|p1b: Archaludon|def|1\n|move|p2a: Venusaur|Sludge Bomb|p1a: Incineroar\n|-damage|p1a: Incineroar|0 fnt\n|faint|p1a: Incineroar\n|cant|p1b: Archaludon|flinch\n|\n|-weather|SunnyDay|[upkeep]\n|-sideend|p1: xilorem|move: Tailwind\n|upkeep\n|\n|t:|1776018545\n|switch|p1a: Pelipper|Pelipper, L50, F|100/100\n|-weather|RainDance|[from] ability: Drizzle|[of] p1a: Pelipper\n|turn|13\n|inactive|CRUNCHHHVGC has 30 seconds left.\n|inactive|CRUNCHHHVGC has 20 seconds left.\n|inactive|CRUNCHHHVGC has 15 seconds left.\n|inactive|CRUNCHHHVGC has 10 seconds left.\n|\n|t:|1776018592\n|switch|p2b: Charizard|Charizard-Mega-Y, L50, M|62/100\n|-weather|SunnyDay|[from] ability: Drought|[of] p2b: Charizard\n|move|p2a: Venusaur|Sleep Powder|p1a: Pelipper\n|-status|p1a: Pelipper|slp|[from] move: Sleep Powder\n|cant|p1a: Pelipper|slp\n|move|p1b: Archaludon|Aura Sphere|p2b: Charizard\n|-resisted|p2b: Charizard|1\n|-damage|p2b: Charizard|50/100\n|\n|-weather|SunnyDay|[upkeep]\n|upkeep\n|turn|14\n|-message|xilorem forfeited.\n|\n|win|CRUNCHHHVGC\n|raw|xilorem's rating: 1000 &rarr; <strong>1000</strong><br />(+0 for losing)\n|raw|CRUNCHHHVGC's rating: 1085 &rarr; <strong>1106</strong><br />(+21 for winning)\n|l|\u2606xilorem\n|player|p1|\n",
  "uploadtime": 1776018607,
  "views": 25,
  "formatid": "gen9championsvgc2026regma",
  "rating": 1000,
  "private": 0,
  "password": null
}