{
  "id": "gen9championsvgc2026regma-2586696489",
  "format": "[Gen 9 Champions] VGC 2026 Reg M-A",
  "players": [
    "mrguy888",
    "JIB085"
  ],
  "log": "|j|\u2606mrguy888\n|j|\u2606JIB085\n|t:|1776452908\n|gametype|doubles\n|player|p1|mrguy888|noland-gen3|1311\n|player|p2|JIB085|lucas|1346\n|gen|9\n|tier|[Gen 9 Champions] VGC 2026 Reg M-A\n|rated|\n|rule|Species Clause: Limit one of each Pok\u00e9mon\n|rule|Item Clause: Limit 1 of each item\n|clearpoke\n|poke|p1|Floette-Eternal, L50, F|\n|poke|p1|Aerodactyl, L50, F|\n|poke|p1|Tauros-Paldea-Aqua, L50, M|\n|poke|p1|Kangaskhan, L50, F|\n|poke|p1|Rotom-Heat, L50|\n|poke|p1|Aegislash, L50, F|\n|poke|p2|Sableye, L50, M|\n|poke|p2|Gengar, L50, M|\n|poke|p2|Garchomp, L50, M|\n|poke|p2|Tsareena, L50, F|\n|poke|p2|Talonflame, L50, M|\n|poke|p2|Gardevoir, L50, F|\n|teampreview|4\n|inactive|Battle timer is ON: inactive players will automatically lose when time's up. (requested by mrguy888)\n|inactive|JIB085 has 60 seconds left.\n|\n|t:|1776452960\n|teamsize|p1|4\n|teamsize|p2|4\n|start\n|switch|p1a: Kangaskhan|Kangaskhan, L50, F|100/100\n|switch|p1b: Rotom|Rotom-Heat, L50|100/100\n|switch|p2a: Sableye|Sableye, L50, M|100/100\n|switch|p2b: Garchomp|Garchomp, L50, M|100/100\n|turn|1\n|\n|t:|1776452988\n|move|p2b: Garchomp|Protect|p2b: Garchomp\n|-singleturn|p2b: Garchomp|Protect\n|move|p1a: Kangaskhan|Fake Out|p2a: Sableye\n|-damage|p2a: Sableye|74/100\n|cant|p2a: Sableye|flinch\n|move|p1b: Rotom|Will-O-Wisp|p2b: Garchomp\n|-activate|p2b: Garchomp|move: Protect\n|\n|upkeep\n|turn|2\n|\n|t:|1776453010\n|switch|p1a: Aerodactyl|Aerodactyl, L50, F|100/100\n|-ability|p1a: Aerodactyl|Unnerve\n|move|p2a: Sableye|Encore||[still]\n|-fail|p2a: Sableye\n|move|p1b: Rotom|Will-O-Wisp|p2b: Garchomp\n|-status|p2b: Garchomp|brn\n|move|p2b: Garchomp|Rock Slide|p1a: Aerodactyl|[spread] p1a,p1b\n|-supereffective|p1a: Aerodactyl|1\n|-supereffective|p1b: Rotom|1\n|-damage|p1a: Aerodactyl|64/100\n|-damage|p1b: Rotom|78/100\n|\n|-damage|p2b: Garchomp|95/100 brn|[from] brn\n|upkeep\n|turn|3\n|\n|t:|1776453032\n|switch|p1b: Aegislash|Aegislash, L50, F|100/100\n|move|p1a: Aerodactyl|Protect|p1a: Aerodactyl\n|-singleturn|p1a: Aerodactyl|Protect\n|move|p2a: Sableye|Will-O-Wisp|p1a: Aerodactyl\n|-activate|p1a: Aerodactyl|move: Protect\n|move|p2b: Garchomp|Rock Slide|p1b: Aegislash|[spread] p1b\n|-activate|p1a: Aerodactyl|move: Protect\n|-resisted|p1b: Aegislash|1\n|-damage|p1b: Aegislash|96/100\n|\n|-damage|p2b: Garchomp|89/100 brn|[from] brn\n|upkeep\n|turn|4\n|\n|t:|1776453055\n|switch|p1b: Rotom|Rotom-Heat, L50|78/100\n|move|p2a: Sableye|Will-O-Wisp|p1b: Rotom\n|-immune|p1b: Rotom\n|move|p1a: Aerodactyl|Rock Slide|p2a: Sableye|[spread] p2a,p2b\n|-resisted|p2b: Garchomp|1\n|-crit|p2b: Garchomp\n|-damage|p2a: Sableye|37/100\n|-damage|p2b: Garchomp|73/100 brn\n|move|p2b: Garchomp|Rock Slide|p1a: Aerodactyl|[spread] p1a,p1b\n|-supereffective|p1a: Aerodactyl|1\n|-supereffective|p1b: Rotom|1\n|-damage|p1a: Aerodactyl|29/100\n|-damage|p1b: Rotom|51/100\n|\n|-damage|p2b: Garchomp|67/100 brn|[from] brn\n|upkeep\n|turn|5\n|\n|t:|1776453079\n|move|p1b: Rotom|Volt Switch|p2a: Sableye\n|-damage|p2a: Sableye|6/100\n|\n|t:|1776453091\n|switch|p1b: Aegislash|Aegislash, L50, F|96/100|[from] Volt Switch\n|move|p1a: Aerodactyl|Tailwind|p1a: Aerodactyl\n|-sidestart|p1: mrguy888|move: Tailwind\n|move|p2b: Garchomp|Rock Slide|p1b: Aegislash|[spread] p1a,p1b\n|-supereffective|p1a: Aerodactyl|1\n|-resisted|p1b: Aegislash|1\n|-damage|p1a: Aerodactyl|0 fnt\n|-damage|p1b: Aegislash|93/100\n|-enditem|p2a: Sableye|Sitrus Berry|[eat]\n|-heal|p2a: Sableye|31/100|[from] item: Sitrus Berry\n|faint|p1a: Aerodactyl\n|move|p2a: Sableye|Foul Play|p1b: Aegislash\n|-supereffective|p1b: Aegislash|1\n|-damage|p1b: Aegislash|40/100\n|\n|-damage|p2b: Garchomp|61/100 brn|[from] brn\n|upkeep\n|\n|t:|1776453105\n|switch|p1a: Kangaskhan|Kangaskhan, L50, F|100/100\n|turn|6\n|\n|t:|1776453120\n|switch|p2b: Tsareena|Tsareena, L50, F|100/100\n|move|p1a: Kangaskhan|Fake Out||[still]\n|cant|p2b: Tsareena|ability: Queenly Majesty|Fake Out|[of] p1a: Kangaskhan\n|move|p2a: Sableye|Will-O-Wisp|p1b: Aegislash\n|-status|p1b: Aegislash|brn\n|-formechange|p1b: Aegislash|Aegislash-Blade|\n|move|p1b: Aegislash|Poltergeist|p2b: Tsareena\n|-activate|p2b: Tsareena|move: Poltergeist|Choice Scarf\n|-damage|p2b: Tsareena|52/100\n|\n|-damage|p1b: Aegislash|34/100 brn|[from] brn\n|upkeep\n|turn|7\n|inactive|mrguy888 has 30 seconds left.\n|inactive|JIB085 has 30 seconds left.\n|\n|t:|1776453157\n|switch|p1a: Rotom|Rotom-Heat, L50|51/100\n|move|p2b: Tsareena|Low Kick|p1a: Rotom\n|-damage|p1a: Rotom|44/100\n|move|p1b: Aegislash|Poltergeist||[still]\n|-fail|p1b: Aegislash\n|move|p2a: Sableye|Foul Play|p1b: Aegislash\n|-supereffective|p1b: Aegislash|1\n|-damage|p1b: Aegislash|0 fnt\n|faint|p1b: Aegislash\n|\n|upkeep\n|\n|t:|1776453166\n|switch|p1b: Kangaskhan|Kangaskhan, L50, F|100/100\n|turn|8\n|\n|t:|1776453185\n|switch|p2b: Garchomp|Garchomp, L50, M|61/100 brn\n|move|p2a: Sableye|Will-O-Wisp|p1b: Kangaskhan|[miss]\n|-miss|p2a: Sableye|p1b: Kangaskhan\n|move|p1a: Rotom|Overheat|p2b: Garchomp\n|-resisted|p2b: Garchomp|1\n|-damage|p2b: Garchomp|35/100 brn\n|-unboost|p1a: Rotom|spa|2\n|move|p1b: Kangaskhan|Drain Punch|p2a: Sableye\n|-supereffective|p2a: Sableye|1\n|-damage|p2a: Sableye|0 fnt\n|faint|p2a: Sableye\n|\n|-damage|p2b: Garchomp|29/100 brn|[from] brn\n|-sideend|p1: mrguy888|move: Tailwind\n|upkeep\n|\n|t:|1776453200\n|switch|p2a: Tsareena|Tsareena, L50, F|52/100\n|turn|9\n|\n|t:|1776453221\n|move|p1b: Kangaskhan|Sucker Punch||[still]\n|cant|p2a: Tsareena|ability: Queenly Majesty|Sucker Punch|[of] p1b: Kangaskhan\n|move|p1a: Rotom|Overheat|p2a: Tsareena\n|-supereffective|p2a: Tsareena|1\n|-damage|p2a: Tsareena|0 fnt\n|-unboost|p1a: Rotom|spa|2\n|faint|p2a: Tsareena\n|move|p2b: Garchomp|Rock Slide|p1b: Kangaskhan|[spread] p1a,p1b\n|-supereffective|p1a: Rotom|1\n|-damage|p1a: Rotom|18/100\n|-damage|p1b: Kangaskhan|89/100\n|\n|-damage|p2b: Garchomp|23/100 brn|[from] brn\n|upkeep\n|\n|t:|1776453234\n|switch|p2a: Gengar|Gengar, L50, M|100/100\n|turn|10\n|\n|t:|1776453247\n|detailschange|p2a: Gengar|Gengar-Mega, L50, M\n|-mega|p2a: Gengar|Gengar|Gengarite\n|move|p2a: Gengar|Protect|p2a: Gengar\n|-singleturn|p2a: Gengar|Protect\n|move|p1a: Rotom|Overheat|p2a: Gengar\n|-activate|p2a: Gengar|move: Protect\n|move|p2b: Garchomp|Rock Slide|p1a: Rotom|[spread] p1a,p1b\n|-supereffective|p1a: Rotom|1\n|-crit|p1b: Kangaskhan\n|-damage|p1a: Rotom|0 fnt\n|-damage|p1b: Kangaskhan|72/100\n|faint|p1a: Rotom\n|move|p1b: Kangaskhan|Double-Edge|p2a: Gengar\n|-activate|p2a: Gengar|move: Protect\n|\n|-damage|p2b: Garchomp|18/100 brn|[from] brn\n|upkeep\n|turn|11\n|\n|t:|1776453266\n|detailschange|p1b: Kangaskhan|Kangaskhan-Mega, L50, F\n|-mega|p1b: Kangaskhan|Kangaskhan|Kangaskhanite\n|move|p1b: Kangaskhan|Sucker Punch|p2a: Gengar\n|-supereffective|p2a: Gengar|1\n|-damage|p2a: Gengar|19/100\n|-supereffective|p2a: Gengar|1\n|-damage|p2a: Gengar|0 fnt\n|faint|p2a: Gengar\n|-hitcount|p2: Gengar|2\n|move|p2b: Garchomp|Dragon Claw|p1b: Kangaskhan\n|-damage|p1b: Kangaskhan|54/100\n|\n|-damage|p2b: Garchomp|12/100 brn|[from] brn\n|upkeep\n|turn|12\n|-message|JIB085 forfeited.\n|\n|win|mrguy888\n|raw|mrguy888's rating: 1311 &rarr; <strong>1333</strong><br />(+22 for winning)\n|raw|JIB085's rating: 1346 &rarr; <strong>1324</strong><br />(-22 for losing)\n|l|\u2606JIB085\n|player|p2|\n",
  "uploadtime": 1776453277,
  "views": 52,
  "formatid": "gen9championsvgc2026regma",
  "rating": 1324,
  "private": 0,
  "password": null
}