{
  "id": "gen9championsvgc2026regma-2581662222",
  "format": "[Gen 9 Champions] VGC 2026 Reg M-A",
  "players": [
    "monkeychese",
    "realcomrade379"
  ],
  "log": "|j|\u2606monkeychese\n|j|\u2606realcomrade379\n|t:|1776018857\n|gametype|doubles\n|player|p1|monkeychese|nate|\n|player|p2|realcomrade379|shadowtriad|\n|gen|9\n|tier|[Gen 9 Champions] VGC 2026 Reg M-A\n|rated|Tournament battle\n|rule|Species Clause: Limit one of each Pok\u00e9mon\n|rule|Item Clause: Limit 1 of each item\n|clearpoke\n|poke|p1|Lycanroc, L50, F|\n|poke|p1|Tyranitar, L50, M|\n|poke|p1|Gardevoir, L50, M|\n|poke|p1|Incineroar, L50, M|\n|poke|p1|Sinistcha, L50|\n|poke|p1|Palafin, L50, M|\n|poke|p2|Tyranitar, L50, F|\n|poke|p2|Floette-Eternal, L50, F|\n|poke|p2|Excadrill, L50, F|\n|poke|p2|Basculegion, L50, M|\n|poke|p2|Sinistcha, L50|\n|poke|p2|Incineroar, L50, F|\n|teampreview|4\n|inactive|Battle timer is ON: inactive players will automatically lose when time's up. (requested by realcomrade379)\n|c|\u2606monkeychese|glhf\n|c|\u2606realcomrade379|u2\n|\n|t:|1776018887\n|teamsize|p1|4\n|teamsize|p2|4\n|start\n|switch|p1a: Palafin|Palafin, L50, M|100/100\n|switch|p1b: Incineroar|Incineroar, L50, M|100/100\n|switch|p2a: Incineroar|Incineroar, L50, F|100/100\n|switch|p2b: Floette|Floette-Eternal, L50, F|100/100\n|-ability|p2a: Incineroar|Intimidate|boost\n|-unboost|p1a: Palafin|atk|1\n|-unboost|p1b: Incineroar|atk|1\n|-ability|p1b: Incineroar|Intimidate|boost\n|-unboost|p2a: Incineroar|atk|1\n|-unboost|p2b: Floette|atk|1\n|turn|1\n|\n|t:|1776018899\n|detailschange|p2b: Floette|Floette-Mega, L50, F\n|-mega|p2b: Floette|Floette|Floettite\n|-ability|p2b: Floette|Fairy Aura\n|move|p2a: Incineroar|Fake Out|p1b: Incineroar\n|-damage|p1b: Incineroar|93/100\n|cant|p1b: Incineroar|flinch\n|move|p1a: Palafin|Wave Crash|p2b: Floette\n|-damage|p2b: Floette|63/100\n|-damage|p1a: Palafin|89/100|[from] Recoil\n|move|p2b: Floette|Dazzling Gleam|p1a: Palafin|[spread] p1a,p1b\n|-damage|p1a: Palafin|14/100\n|-damage|p1b: Incineroar|45/100\n|\n|upkeep\n|turn|2\n|\n|t:|1776018914\n|detailschange|p1a: Palafin|Palafin-Hero, L50, M\n|switch|p1a: Sinistcha|Sinistcha, L50|100/100\n|-heal|p1b: Incineroar|70/100|[from] ability: Hospitality|[of] p1a: Sinistcha\n|switch|p2a: Basculegion|Basculegion, L50, M|100/100\n|move|p2b: Floette|Dazzling Gleam|p1b: Incineroar|[spread] p1a,p1b\n|-damage|p1a: Sinistcha|60/100\n|-damage|p1b: Incineroar|23/100\n|move|p1b: Incineroar|Flare Blitz|p2b: Floette\n|-damage|p2b: Floette|20/100\n|-damage|p1b: Incineroar|11/100|[from] Recoil\n|\n|upkeep\n|turn|3\n|\n|t:|1776018935\n|move|p2a: Basculegion|Flip Turn|p1a: Sinistcha\n|-resisted|p1a: Sinistcha|1\n|-damage|p1a: Sinistcha|41/100\n|\n|t:|1776018940\n|switch|p2a: Excadrill|Excadrill, L50, F|100/100|[from] Flip Turn\n|move|p2b: Floette|Dazzling Gleam|p1a: Sinistcha|[spread] p1a,p1b\n|-damage|p1a: Sinistcha|3/100\n|-damage|p1b: Incineroar|0 fnt\n|faint|p1b: Incineroar\n|move|p1a: Sinistcha|Matcha Gotcha|p2a: Excadrill|[spread] p2a,p2b\n|-crit|p2b: Floette\n|-damage|p2a: Excadrill|67/100\n|-heal|p1a: Sinistcha|21/100|[from] drain|[of] p2a: Excadrill\n|-damage|p2b: Floette|0 fnt\n|-heal|p1a: Sinistcha|31/100|[from] drain|[of] p2b: Floette\n|faint|p2b: Floette\n|\n|upkeep\n|\n|t:|1776018955\n|switch|p2b: Incineroar|Incineroar, L50, F|100/100\n|switch|p1b: Palafin|Palafin-Hero, L50, M|14/100\n|-activate|p1b: Palafin|ability: Zero to Hero\n|-ability|p2b: Incineroar|Intimidate|boost\n|-unboost|p1a: Sinistcha|atk|1\n|-unboost|p1b: Palafin|atk|1\n|turn|4\n|\n|t:|1776018962\n|move|p1b: Palafin|Protect|p1b: Palafin\n|-singleturn|p1b: Palafin|Protect\n|move|p2b: Incineroar|Fake Out|p1b: Palafin\n|-activate|p1b: Palafin|move: Protect\n|move|p2a: Excadrill|Iron Head|p1a: Sinistcha\n|-damage|p1a: Sinistcha|0 fnt\n|faint|p1a: Sinistcha\n|\n|upkeep\n|\n|t:|1776018968\n|switch|p1a: Tyranitar|Tyranitar, L50, M|100/100\n|-weather|Sandstorm|[from] ability: Sand Stream|[of] p1a: Tyranitar\n|turn|5\n|inactive|monkeychese has 30 seconds left.\n|inactive|monkeychese has 20 seconds left.\n|\n|t:|1776019005\n|detailschange|p1a: Tyranitar|Tyranitar-Mega, L50, M\n|-mega|p1a: Tyranitar|Tyranitar|Tyranitarite\n|move|p2a: Excadrill|Protect|p2a: Excadrill\n|-singleturn|p2a: Excadrill|Protect\n|move|p1b: Palafin|Wave Crash|p2b: Incineroar\n|-supereffective|p2b: Incineroar|1\n|-damage|p2b: Incineroar|7/100\n|-damage|p1b: Palafin|0 fnt|[from] Recoil\n|faint|p1b: Palafin\n|move|p1a: Tyranitar|Rock Slide|p2a: Excadrill|[spread] p2b\n|-activate|p2a: Excadrill|move: Protect\n|-supereffective|p2b: Incineroar|1\n|-damage|p2b: Incineroar|0 fnt\n|faint|p2b: Incineroar\n|\n|-weather|Sandstorm|[upkeep]\n|upkeep\n|\n|t:|1776019013\n|switch|p2b: Basculegion|Basculegion, L50, M|100/100\n|turn|6\n|\n|t:|1776019019\n|move|p2a: Excadrill|Iron Head|p1a: Tyranitar\n|-supereffective|p1a: Tyranitar|1\n|-damage|p1a: Tyranitar|36/100\n|move|p2b: Basculegion|Wave Crash|p1a: Tyranitar\n|-supereffective|p1a: Tyranitar|1\n|-damage|p1a: Tyranitar|0 fnt\n|faint|p1a: Tyranitar\n|-damage|p2b: Basculegion|90/100|[from] Recoil\n|\n|win|realcomrade379\n|n|\u2606monkeychese|monkeychese\n|n|\u2606realcomrade379|realcomrade379\n|l|\u2606monkeychese\n|player|p1|\n",
  "uploadtime": 1776019023,
  "views": 27,
  "formatid": "gen9championsvgc2026regma",
  "rating": null,
  "private": 0,
  "password": null
}