{
  "id": "gen9championsvgc2026regma-2580870814",
  "format": "[Gen 9 Champions] VGC 2026 Reg M-A",
  "players": [
    "test for tour v7",
    "Raynobi"
  ],
  "log": "|j|\u2606test for tour v7\n|j|\u2606Raynobi\n|t:|1775939287\n|gametype|doubles\n|player|p1|test for tour v7|miku-flying|\n|player|p2|Raynobi|red|\n|gen|9\n|tier|[Gen 9 Champions] VGC 2026 Reg M-A\n|rated|Tournament battle\n|rule|Species Clause: Limit one of each Pok\u00e9mon\n|rule|Item Clause: Limit 1 of each item\n|clearpoke\n|poke|p1|Floette-Eternal, L50, F|\n|poke|p1|Maushold, L50|\n|poke|p1|Garchomp, L50, F|\n|poke|p1|Talonflame, L50, M|\n|poke|p1|Rotom-Wash, L50|\n|poke|p1|Aegislash, L50, M|\n|poke|p2|Charizard, L50, F|\n|poke|p2|Sneasler, L50, F|\n|poke|p2|Rotom-Wash, L50|\n|poke|p2|Garchomp, L50, F|\n|poke|p2|Kingambit, L50, M|\n|poke|p2|Venusaur, L50, M|\n|teampreview|4\n|j| sharoomba\n|j| relooo\n|j| The Portal Master\n|c|\u2606test for tour v7|glhf\n|j| Albread\ntest for tour v7 has agreed to open team sheets.\n|j| Tealnotsu\n|j| jovic\n|c|\u2606Raynobi|glhf\n|l| Albread\n|l| Tealnotsu\n|\n|t:|1775939318\n|teamsize|p1|4\n|teamsize|p2|4\n|start\n|switch|p1a: Talonflame|Talonflame, L50, M|100/100\n|switch|p1b: Rotom|Rotom-Wash, L50|100/100\n|switch|p2a: Charizard|Charizard, L50, F|100/100\n|switch|p2b: Venusaur|Venusaur, L50, M|100/100\n|turn|1\n|j| pingothedog\n|\n|t:|1775939330\n|detailschange|p2a: Charizard|Charizard-Mega-Y, L50, F\n|-mega|p2a: Charizard|Charizard|Charizardite Y\n|-weather|SunnyDay|[from] ability: Drought|[of] p2a: Charizard\n|move|p2a: Charizard|Protect|p2a: Charizard\n|-singleturn|p2a: Charizard|Protect\n|move|p1a: Talonflame|Tailwind|p1a: Talonflame\n|-sidestart|p1: test for tour v7|move: Tailwind\n|move|p1b: Rotom|Volt Switch|p2a: Charizard\n|-activate|p2a: Charizard|move: Protect\n|move|p2b: Venusaur|Sleep Powder|p1a: Talonflame|[miss]\n|-miss|p2b: Venusaur|p1a: Talonflame\n|\n|-weather|SunnyDay|[upkeep]\n|upkeep\n|turn|2\n|\n|t:|1775939347\n|move|p2b: Venusaur|Protect|p2b: Venusaur\n|-singleturn|p2b: Venusaur|Protect\n|move|p1a: Talonflame|Flare Blitz|p2b: Venusaur\n|-activate|p2b: Venusaur|move: Protect\n|move|p1b: Rotom|Volt Switch|p2a: Charizard\n|-supereffective|p2a: Charizard|1\n|-damage|p2a: Charizard|33/100\n|\n|t:|1775939354\n|switch|p1b: Garchomp|Garchomp, L50, F|100/100|[from] Volt Switch\n|move|p2a: Charizard|Solar Beam||[still]\n|-prepare|p2a: Charizard|Solar Beam\n|-anim|p2a: Charizard|Solar Beam|p1b: Garchomp\n|-damage|p1b: Garchomp|49/100\n|\n|-weather|SunnyDay|[upkeep]\n|upkeep\n|turn|3\n|j| pits fiend\n|\n|t:|1775939376\n|move|p2a: Charizard|Protect|p2a: Charizard\n|-singleturn|p2a: Charizard|Protect\n|move|p1a: Talonflame|Flare Blitz|p2b: Venusaur\n|-supereffective|p2b: Venusaur|1\n|-enditem|p2b: Venusaur|Focus Sash\n|-damage|p2b: Venusaur|1/100\n|-status|p2b: Venusaur|brn\n|-damage|p1a: Talonflame|61/100|[from] Recoil\n|move|p1b: Garchomp|Stone Edge|p2a: Charizard\n|-activate|p2a: Charizard|move: Protect\n|move|p2b: Venusaur|Sleep Powder|p1a: Talonflame\n|-status|p1a: Talonflame|slp|[from] move: Sleep Powder\n|\n|-weather|SunnyDay|[upkeep]\n|-damage|p2b: Venusaur|0 fnt|[from] brn\n|faint|p2b: Venusaur\n|upkeep\n|\n|t:|1775939397\n|switch|p2b: Sneasler|Sneasler, L50, F|100/100\n|turn|4\n|l| pits fiend\n|\n|t:|1775939407\n|switch|p2a: Rotom|Rotom-Wash, L50|100/100\n|cant|p1a: Talonflame|slp\n|move|p1b: Garchomp|Earthquake|p2b: Sneasler|[spread] p2b\n|-immune|p1a: Talonflame\n|-immune|p2a: Rotom|[from] ability: Levitate\n|-supereffective|p2b: Sneasler|1\n|-damage|p2b: Sneasler|0 fnt\n|faint|p2b: Sneasler\n|\n|-weather|SunnyDay|[upkeep]\n|-sideend|p1: test for tour v7|move: Tailwind\n|upkeep\n|j| ugcl\n|\n|t:|1775939416\n|switch|p2b: Charizard|Charizard-Mega-Y, L50, F|33/100\n|turn|5\n|\n|t:|1775939428\n|-curestatus|p1a: Talonflame|slp|[msg]\n|move|p1a: Talonflame|Tailwind|p1a: Talonflame\n|-sidestart|p1: test for tour v7|move: Tailwind\n|move|p1b: Garchomp|Stone Edge|p2b: Charizard\n|-supereffective|p2b: Charizard|2\n|-damage|p2b: Charizard|0 fnt\n|faint|p2b: Charizard\n|move|p2a: Rotom|Thunderbolt|p1a: Talonflame\n|-supereffective|p1a: Talonflame|1\n|-damage|p1a: Talonflame|0 fnt\n|faint|p1a: Talonflame\n|\n|-weather|none\n|upkeep\n|\n|t:|1775939432\n|switch|p1a: Floette|Floette-Eternal, L50, F, shiny|100/100\n|turn|6\n|c|\u2606Raynobi|gg\n|l| The Portal Master\n|c|\u2606test for tour v7|gee gee\n|\n|t:|1775939441\n|detailschange|p1a: Floette|Floette-Mega, L50, F, shiny\n|-mega|p1a: Floette|Floette|Floettite\n|-ability|p1a: Floette|Fairy Aura\n|move|p1b: Garchomp|Stone Edge|p2a: Rotom\n|-crit|p2a: Rotom\n|-damage|p2a: Rotom|46/100\n|move|p1a: Floette|Moonblast|p2a: Rotom\n|-damage|p2a: Rotom|0 fnt\n|faint|p2a: Rotom\n|\n|win|test for tour v7\n|n|\u2606test for tour v7|testfortourv7\n|n|\u2606Raynobi|raynobi\n|n| sharoomba|sharoomba\n|n| relooo|relooo\n|n| jovic|jovic\n|n| pingothedog|pingothedog\n|n| ugcl|ugcl\n",
  "uploadtime": 1775939441,
  "views": 11,
  "formatid": "gen9championsvgc2026regma",
  "rating": null,
  "private": 0,
  "password": null
}