{
  "id": "gen9championsvgc2026regma-2588141014",
  "format": "[Gen 9 Champions] VGC 2026 Reg M-A",
  "players": [
    "bendz",
    "crazyshit14"
  ],
  "log": "|j|\u2606bendz\n|j|\u2606crazyshit14\n|t:|1776608477\n|gametype|doubles\n|player|p1|bendz|2|1323\n|player|p2|crazyshit14|266|1366\n|gen|9\n|tier|[Gen 9 Champions] VGC 2026 Reg M-A\n|rated|\n|rule|Species Clause: Limit one of each Pok\u00e9mon\n|rule|Item Clause: Limit 1 of each item\n|clearpoke\n|poke|p1|Meganium, L50, F|\n|poke|p1|Pelipper, L50, F|\n|poke|p1|Basculegion, L50, M|\n|poke|p1|Archaludon, L50, M, shiny|\n|poke|p1|Sneasler, L50, F, shiny|\n|poke|p1|Scizor, L50, M|\n|poke|p2|Manectric, L50, F|\n|poke|p2|Incineroar, L50, M|\n|poke|p2|Lopunny, L50, M|\n|poke|p2|Snorlax, L50, M|\n|poke|p2|Sinistcha, L50|\n|poke|p2|Torkoal, L50, M|\n|teampreview|4\n|inactive|Battle timer is ON: inactive players will automatically lose when time's up. (requested by bendz)\n|inactive|bendz has 60 seconds left.\n|\n|t:|1776608515\n|teamsize|p1|4\n|teamsize|p2|4\n|start\n|switch|p1a: Blomma|Meganium, L50, F|100/100\n|switch|p1b: F\u00e5kel|Pelipper, L50, F|100/100\n|switch|p2a: Manectric|Manectric, L50, F|100/100\n|switch|p2b: Incineroar|Incineroar, L50, M|100/100\n|-weather|RainDance|[from] ability: Drizzle|[of] p1b: F\u00e5kel\n|-ability|p2b: Incineroar|Intimidate|boost\n|-unboost|p1a: Blomma|atk|1\n|-unboost|p1b: F\u00e5kel|atk|1\n|turn|1\n|\n|t:|1776608531\n|detailschange|p2a: Manectric|Manectric-Mega, L50, F\n|-mega|p2a: Manectric|Manectric|Manectite\n|-ability|p2a: Manectric|Intimidate|boost\n|-unboost|p1a: Blomma|atk|1\n|-unboost|p1b: F\u00e5kel|atk|1\n|detailschange|p1a: Blomma|Meganium-Mega, L50, F\n|-mega|p1a: Blomma|Meganium|Meganiumite\n|move|p1a: Blomma|Protect|p1a: Blomma\n|-singleturn|p1a: Blomma|Protect\n|move|p2a: Manectric|Snarl|p1a: Blomma|[spread] p1b\n|-activate|p1a: Blomma|move: Protect\n|-damage|p1b: F\u00e5kel|84/100\n|-unboost|p1b: F\u00e5kel|spa|1\n|move|p1b: F\u00e5kel|Tailwind|p1b: F\u00e5kel\n|-sidestart|p1: bendz|move: Tailwind\n|move|p2b: Incineroar|Parting Shot|p1a: Blomma\n|-activate|p1a: Blomma|move: Protect\n|\n|-weather|RainDance|[upkeep]\n|upkeep\n|turn|2\n|inactive|bendz has 30 seconds left.\n|\n|t:|1776608557\n|switch|p1b: Sneasler|Sneasler, L50, F, shiny|100/100\n|move|p2a: Manectric|Protect|p2a: Manectric\n|-singleturn|p2a: Manectric|Protect\n|move|p1a: Blomma|Solar Beam||[still]\n|-prepare|p1a: Blomma|Solar Beam\n|-activate|p1a: Blomma|ability: Mega Sol\n|-anim|p1a: Blomma|Solar Beam|p2a: Manectric\n|-activate|p2a: Manectric|move: Protect\n|move|p2b: Incineroar|Snarl|p1a: Blomma|[spread] p1a,p1b\n|-resisted|p1a: Blomma|1\n|-resisted|p1b: Sneasler|1\n|-damage|p1a: Blomma|96/100\n|-damage|p1b: Sneasler|93/100\n|-unboost|p1a: Blomma|spa|1\n|-unboost|p1b: Sneasler|spa|1\n|-enditem|p1b: Sneasler|White Herb\n|-clearnegativeboost|p1b: Sneasler|[silent]\n|\n|-weather|RainDance|[upkeep]\n|upkeep\n|turn|3\n|\n|t:|1776608581\n|move|p1b: Sneasler|Rock Slide|p2b: Incineroar|[spread] p2a,p2b\n|-supereffective|p2b: Incineroar|1\n|-damage|p2a: Manectric|75/100\n|-damage|p2b: Incineroar|59/100\n|move|p2a: Manectric|Volt Switch|p1b: Sneasler\n|-damage|p1b: Sneasler|49/100\n|\n|t:|1776608590\n|switch|p2a: Snorlax|Snorlax, L50, M|100/100|[from] Volt Switch\n|move|p1a: Blomma|Dazzling Gleam|p2a: Snorlax|[spread] p2a,p2b\n|-damage|p2a: Snorlax|87/100\n|-damage|p2b: Incineroar|42/100\n|move|p2b: Incineroar|Parting Shot|p1b: Sneasler\n|-unboost|p1b: Sneasler|atk|1\n|-unboost|p1b: Sneasler|spa|1\n|\n|t:|1776608600\n|switch|p2b: Manectric|Manectric-Mega, L50, F|75/100|[from] Parting Shot\n|-ability|p2b: Manectric|Intimidate|boost\n|-unboost|p1a: Blomma|atk|1\n|-unboost|p1b: Sneasler|atk|1\n|\n|-weather|RainDance|[upkeep]\n|upkeep\n|turn|4\n|\n|t:|1776608622\n|switch|p1b: F\u00e5kel|Pelipper, L50, F|84/100\n|switch|p2b: Incineroar|Incineroar, L50, M|42/100\n|-ability|p2b: Incineroar|Intimidate|boost\n|-unboost|p1a: Blomma|atk|1\n|-unboost|p1b: F\u00e5kel|atk|1\n|switch|p1a: Fesk|Basculegion, L50, M|100/100\n|move|p2a: Snorlax|Belly Drum|p2a: Snorlax\n|-damage|p2a: Snorlax|37/100\n|-setboost|p2a: Snorlax|atk|6|[from] move: Belly Drum\n|-enditem|p2a: Snorlax|Sitrus Berry|[eat]\n|-heal|p2a: Snorlax|62/100|[from] item: Sitrus Berry\n|\n|-weather|RainDance|[upkeep]\n|-sideend|p1: bendz|move: Tailwind\n|upkeep\n|turn|5\n|\n|t:|1776608647\n|switch|p1b: Sneasler|Sneasler, L50, F, shiny|49/100\n|switch|p2b: Sinistcha|Sinistcha, L50|100/100\n|-heal|p2a: Snorlax|87/100|[from] ability: Hospitality|[of] p2b: Sinistcha\n|move|p2a: Snorlax|Protect|p2a: Snorlax\n|-singleturn|p2a: Snorlax|Protect\n|move|p1a: Fesk|Wave Crash|p2a: Snorlax\n|-activate|p2a: Snorlax|move: Protect\n|\n|-weather|none\n|upkeep\n|turn|6\n|inactive|crazyshit14 has 30 seconds left.\n|\n|t:|1776608676\n|switch|p1a: F\u00e5kel|Pelipper, L50, F|84/100\n|-weather|RainDance|[from] ability: Drizzle|[of] p1a: F\u00e5kel\n|move|p1b: Sneasler|Fake Out|p2a: Snorlax\n|-damage|p2a: Snorlax|75/100\n|move|p2b: Sinistcha|Rage Powder|p2b: Sinistcha\n|-singleturn|p2b: Sinistcha|move: Rage Powder\n|cant|p2a: Snorlax|flinch\n|\n|-weather|RainDance|[upkeep]\n|upkeep\n|turn|7\n|\n|t:|1776608696\n|move|p2b: Sinistcha|Rage Powder|p2b: Sinistcha\n|-singleturn|p2b: Sinistcha|move: Rage Powder\n|move|p1b: Sneasler|Close Combat|p2b: Sinistcha\n|-immune|p2b: Sinistcha\n|move|p1a: F\u00e5kel|Hurricane|p2b: Sinistcha\n|-supereffective|p2b: Sinistcha|1\n|-damage|p2b: Sinistcha|2/100\n|move|p2a: Snorlax|Body Slam|p1b: Sneasler\n|-damage|p1b: Sneasler|0 fnt\n|faint|p1b: Sneasler\n|\n|-weather|RainDance|[upkeep]\n|upkeep\n|\n|t:|1776608709\n|switch|p1b: Blomma|Meganium-Mega, L50, F|96/100\n|turn|8\n|\n|t:|1776608723\n|move|p2b: Sinistcha|Rage Powder|p2b: Sinistcha\n|-singleturn|p2b: Sinistcha|move: Rage Powder\n|move|p1b: Blomma|Dazzling Gleam|p2a: Snorlax|[spread] p2a,p2b\n|-damage|p2a: Snorlax|55/100\n|-damage|p2b: Sinistcha|0 fnt\n|faint|p2b: Sinistcha\n|move|p1a: F\u00e5kel|Weather Ball|p2a: Snorlax\n|-damage|p2a: Snorlax|19/100\n|move|p2a: Snorlax|Body Slam|p1b: Blomma\n|-damage|p1b: Blomma|0 fnt\n|faint|p1b: Blomma\n|\n|-weather|RainDance|[upkeep]\n|upkeep\n|inactive|crazyshit14 has 30 seconds left.\n|inactive|crazyshit14 has 20 seconds left.\n|inactive|crazyshit14 has 15 seconds left.\n|\n|t:|1776608764\n|switch|p1b: Fesk|Basculegion, L50, M|100/100\n|switch|p2b: Manectric|Manectric-Mega, L50, F|75/100\n|-ability|p2b: Manectric|Intimidate|boost\n|-unboost|p1a: F\u00e5kel|atk|1\n|-unboost|p1b: Fesk|atk|1\n|turn|9\n|\n|t:|1776608782\n|move|p2b: Manectric|Protect|p2b: Manectric\n|-singleturn|p2b: Manectric|Protect\n|move|p1b: Fesk|Last Respects|p2b: Manectric\n|-activate|p2b: Manectric|move: Protect\n|move|p1a: F\u00e5kel|Hurricane|p2a: Snorlax\n|-damage|p2a: Snorlax|0 fnt\n|faint|p2a: Snorlax\n|\n|-weather|RainDance|[upkeep]\n|upkeep\n|\n|t:|1776608794\n|switch|p2a: Incineroar|Incineroar, L50, M|42/100\n|-ability|p2a: Incineroar|Intimidate|boost\n|-unboost|p1a: F\u00e5kel|atk|1\n|-unboost|p1b: Fesk|atk|1\n|turn|10\n|\n|t:|1776608803\n|move|p1b: Fesk|Last Respects|p2b: Manectric\n|-damage|p2b: Manectric|30/100\n|move|p2b: Manectric|Volt Switch|p1a: F\u00e5kel\n|-supereffective|p1a: F\u00e5kel|2\n|-damage|p1a: F\u00e5kel|0 fnt\n|faint|p1a: F\u00e5kel\n|move|p2a: Incineroar|Darkest Lariat|p1b: Fesk\n|-supereffective|p1b: Fesk|1\n|-damage|p1b: Fesk|19/100\n|\n|-weather|none\n|upkeep\n|turn|11\n|\n|t:|1776608818\n|move|p1b: Fesk|Aqua Jet|p2a: Incineroar\n|-supereffective|p2a: Incineroar|1\n|-damage|p2a: Incineroar|21/100\n|move|p2b: Manectric|Volt Switch|p1b: Fesk\n|-supereffective|p1b: Fesk|1\n|-damage|p1b: Fesk|0 fnt\n|faint|p1b: Fesk\n|\n|win|crazyshit14\n|raw|bendz's rating: 1323 &rarr; <strong>1305</strong><br />(-18 for losing)\n|raw|crazyshit14's rating: 1366 &rarr; <strong>1384</strong><br />(+18 for winning)\n|l|\u2606bendz\n|player|p1|\n|c|\u2606crazyshit14|Gg\n",
  "uploadtime": 1776609035,
  "views": 28,
  "formatid": "gen9championsvgc2026regma",
  "rating": 1305,
  "private": 0,
  "password": null
}