{
  "id": "gen9championsvgc2026regma-2581316907",
  "format": "[Gen 9 Champions] VGC 2026 Reg M-A",
  "players": [
    "gthtsl",
    "miquellapolis"
  ],
  "log": "|j|\u2606gthtsl\n|j|\u2606miquellapolis\n|t:|1775985733\n|gametype|doubles\n|player|p1|gthtsl|pryce|1302\n|player|p2|miquellapolis|clair|1401\n|gen|9\n|tier|[Gen 9 Champions] VGC 2026 Reg M-A\n|rated|\n|rule|Species Clause: Limit one of each Pok\u00e9mon\n|rule|Item Clause: Limit 1 of each item\n|clearpoke\n|poke|p1|Garchomp, L50, F|\n|poke|p1|Corviknight, L50, F|\n|poke|p1|Sylveon, L50, M|\n|poke|p1|Rotom-Wash, L50|\n|poke|p1|Sneasler, L50, M|\n|poke|p1|Froslass, L50, F|\n|poke|p2|Floette-Eternal, L50, F|\n|poke|p2|Incineroar, L50, F|\n|poke|p2|Whimsicott, L50, M|\n|poke|p2|Sneasler, L50, M|\n|poke|p2|Garchomp, L50, F|\n|poke|p2|Zoroark-Hisui, L50, M|\n|teampreview|4\n|inactive|Battle timer is ON: inactive players will automatically lose when time's up. (requested by miquellapolis)\n|inactive|gthtsl also wants the timer to be on.\n|j| gE1xjZRtuhW2DdT0AK\n|\n|t:|1775985754\n|teamsize|p1|4\n|teamsize|p2|4\n|start\n|switch|p1a: Sylveon|Sylveon, L50, M|100/100\n|switch|p1b: Froslass|Froslass, L50, F|100/100\n|switch|p2a: Floette|Floette-Eternal, L50, F|100/100\n|switch|p2b: Whimsicott|Whimsicott, L50, M|100/100\n|turn|1\n|\n|t:|1775985769\n|detailschange|p1b: Froslass|Froslass-Mega, L50, F\n|-mega|p1b: Froslass|Froslass|Froslassite\n|-weather|Snowscape|[from] ability: Snow Warning|[of] p1b: Froslass\n|detailschange|p2a: Floette|Floette-Mega, L50, F\n|-mega|p2a: Floette|Floette|Floettite\n|-ability|p2a: Floette|Fairy Aura\n|move|p2b: Whimsicott|Tailwind|p2b: Whimsicott\n|-sidestart|p2: miquellapolis|move: Tailwind\n|move|p2a: Floette|Moonblast|p1b: Froslass\n|-damage|p1b: Froslass|3/100\n|move|p1b: Froslass|Blizzard|p2a: Floette|[spread] p2a,p2b\n|-supereffective|p2b: Whimsicott|1\n|-damage|p2a: Floette|65/100\n|-enditem|p2b: Whimsicott|Focus Sash\n|-damage|p2b: Whimsicott|1/100\n|move|p1a: Sylveon|Hyper Voice|p2b: Whimsicott|[spread] p2a,p2b\n|-damage|p2a: Floette|6/100\n|-damage|p2b: Whimsicott|0 fnt\n|faint|p2b: Whimsicott\n|\n|-weather|Snowscape|[upkeep]\n|upkeep\n|\n|t:|1775985784\n|switch|p2b: Sneasler|Sneasler, L50, M|100/100\n|turn|2\n|\n|t:|1775985807\n|switch|p1b: Sneasler|Sneasler, L50, M|100/100\n|move|p1a: Sylveon|Detect|p1a: Sylveon\n|-singleturn|p1a: Sylveon|Protect\n|move|p2b: Sneasler|Dire Claw|p1a: Sylveon\n|-activate|p1a: Sylveon|move: Protect\n|move|p2a: Floette|Dazzling Gleam|p1a: Sylveon|[spread] p1b\n|-activate|p1a: Sylveon|move: Protect\n|-damage|p1b: Sneasler|39/100\n|\n|-weather|Snowscape|[upkeep]\n|upkeep\n|turn|3\n|inactive|gthtsl has 30 seconds left.\n|\n|t:|1775985834\n|move|p2b: Sneasler|Protect|p2b: Sneasler\n|-singleturn|p2b: Sneasler|Protect\n|move|p2a: Floette|Protect|p2a: Floette\n|-singleturn|p2a: Floette|Protect\n|move|p1b: Sneasler|Fake Out|p2b: Sneasler\n|-activate|p2b: Sneasler|move: Protect\n|move|p1a: Sylveon|Hyper Voice|p2b: Sneasler|[spread] \n|-activate|p2a: Floette|move: Protect\n|-activate|p2b: Sneasler|move: Protect\n|\n|-weather|Snowscape|[upkeep]\n|upkeep\n|turn|4\n|j| HappyLiga\n|\n|t:|1775985845\n|move|p1a: Sylveon|Detect|p1a: Sylveon\n|-singleturn|p1a: Sylveon|Protect\n|move|p2b: Sneasler|Dire Claw|p1a: Sylveon\n|-activate|p1a: Sylveon|move: Protect\n|move|p2a: Floette|Dazzling Gleam|p1a: Sylveon|[spread] p1b\n|-activate|p1a: Sylveon|move: Protect\n|-damage|p1b: Sneasler|0 fnt\n|faint|p1b: Sneasler\n|\n|-weather|Snowscape|[upkeep]\n|-sideend|p2: miquellapolis|move: Tailwind\n|upkeep\n|\n|t:|1775985851\n|switch|p1b: Garchomp|Garchomp, L50, F|100/100\n|turn|5\n|\n|t:|1775985862\n|move|p1b: Garchomp|Stomping Tantrum|p2a: Floette\n|-damage|p2a: Floette|0 fnt\n|faint|p2a: Floette\n|move|p2b: Sneasler|Dire Claw|p1a: Sylveon\n|-supereffective|p1a: Sylveon|1\n|-damage|p1a: Sylveon|0 fnt\n|faint|p1a: Sylveon\n|\n|-weather|none\n|upkeep\n|\n|t:|1775985869\n|switch|p2a: Sneasler|Sneasler, L50, M|100/100\n|switch|p1a: Froslass|Froslass-Mega, L50, F|3/100\n|-weather|Snowscape|[from] ability: Snow Warning|[of] p1a: Froslass\n|turn|6\n|l| HappyLiga\n|\n|t:|1775985891\n|move|p1b: Garchomp|Stomping Tantrum|p2a: Sneasler\n|-damage|p2a: Sneasler|27/100\n|replace|p2a: Zoroark|Zoroark-Hisui, L50, M\n|-end|p2a: Zoroark|Illusion\n|move|p1a: Froslass|Blizzard|p2b: Sneasler|[spread] p2a,p2b\n|-damage|p2a: Zoroark|0 fnt\n|-damage|p2b: Sneasler|41/100\n|faint|p2a: Zoroark\n|move|p2b: Sneasler|Close Combat|p1b: Garchomp\n|-damage|p1b: Garchomp|36/100\n|-unboost|p2b: Sneasler|def|1\n|-unboost|p2b: Sneasler|spd|1\n|-enditem|p2b: Sneasler|White Herb\n|-clearnegativeboost|p2b: Sneasler|[silent]\n|\n|-weather|Snowscape|[upkeep]\n|upkeep\n|turn|7\n|l|\u2606miquellapolis\n|inactive|miquellapolis disconnected and has a minute to reconnect!\n|player|p2|\n|j|\u2606miquellapolis\n|inactive|miquellapolis reconnected and has 40 seconds left.\n|player|p2|miquellapolis|clair|\n|\n|t:|1775985916\n|move|p2b: Sneasler|Dire Claw|p1a: Froslass\n|-resisted|p1a: Froslass|1\n|-damage|p1a: Froslass|0 fnt\n|faint|p1a: Froslass\n|move|p1b: Garchomp|Stomping Tantrum|p2b: Sneasler\n|-supereffective|p2b: Sneasler|1\n|-damage|p2b: Sneasler|0 fnt\n|faint|p2b: Sneasler\n|\n|win|gthtsl\n|raw|gthtsl's rating: 1302 &rarr; <strong>1328</strong><br />(+26 for winning)\n|raw|miquellapolis's rating: 1401 &rarr; <strong>1375</strong><br />(-26 for losing)\n|l|\u2606miquellapolis\n|player|p2|\n|l|\u2606gthtsl\n|player|p1|\n",
  "uploadtime": 1775985955,
  "views": 47,
  "formatid": "gen9championsvgc2026regma",
  "rating": 1328,
  "private": 0,
  "password": null
}