{
  "id": "gen9championsvgc2026regma-2583134080",
  "format": "[Gen 9 Champions] VGC 2026 Reg M-A",
  "players": [
    "meer1701",
    "jisdafods"
  ],
  "log": "|j|\u2606meer1701\n|j|\u2606jisdafods\n|t:|1776146124\n|gametype|doubles\n|player|p1|meer1701|hilda-wonderlauncher|1113\n|player|p2|jisdafods|266|1175\n|gen|9\n|tier|[Gen 9 Champions] VGC 2026 Reg M-A\n|rated|\n|rule|Species Clause: Limit one of each Pok\u00e9mon\n|rule|Item Clause: Limit 1 of each item\n|clearpoke\n|poke|p1|Hatterene, L50, F|\n|poke|p1|Espeon, L50, M|\n|poke|p1|Archaludon, L50, M|\n|poke|p1|Pelipper, L50, F|\n|poke|p1|Chandelure, L50, F|\n|poke|p1|Gallade, L50, M|\n|poke|p2|Charizard, L50, F|\n|poke|p2|Venusaur, L50, M|\n|poke|p2|Sneasler, L50, F|\n|poke|p2|Rotom-Wash, L50|\n|poke|p2|Garchomp, L50, M|\n|poke|p2|Incineroar, L50, M|\n|teampreview|4\n|inactive|Battle timer is ON: inactive players will automatically lose when time's up. (requested by meer1701)\nmeer1701 has agreed to open team sheets.\n|\n|t:|1776146153\n|teamsize|p1|4\n|teamsize|p2|4\n|start\n|switch|p1a: Gallade|Gallade, L50, M|100/100\n|switch|p1b: Espeon|Espeon, L50, M|100/100\n|switch|p2a: Charizard|Charizard, L50, F|100/100\n|switch|p2b: Incineroar|Incineroar, L50, M|100/100\n|-ability|p2b: Incineroar|Intimidate|boost\n|-unboost|p1a: Gallade|atk|1\n|-unboost|p1b: Espeon|atk|1\n|turn|1\n|inactive|meer1701 has 30 seconds left.\n|inactive|jisdafods has 30 seconds left.\n|\n|t:|1776146182\n|switch|p1a: Chandelure|Chandelure, L50, F|100/100\n|detailschange|p2a: Charizard|Charizard-Mega-Y, L50, F\n|-mega|p2a: Charizard|Charizard|Charizardite Y\n|-weather|SunnyDay|[from] ability: Drought|[of] p2a: Charizard\n|move|p1b: Espeon|Protect|p1b: Espeon\n|-singleturn|p1b: Espeon|Protect\n|move|p2a: Charizard|Heat Wave|p1b: Espeon|[spread] \n|-activate|p1b: Espeon|move: Protect\n|-start|p1a: Chandelure|ability: Flash Fire\n|move|p2b: Incineroar|Throat Chop|p1b: Espeon\n|-activate|p1b: Espeon|move: Protect\n|\n|-weather|SunnyDay|[upkeep]\n|upkeep\n|turn|2\n|inactive|meer1701 has 30 seconds left.\n|inactive|meer1701 has 20 seconds left.\n|inactive|meer1701 has 15 seconds left.\n|\n|t:|1776146224\n|move|p2a: Charizard|Weather Ball|p1b: Espeon\n|-enditem|p1b: Espeon|Focus Sash\n|-damage|p1b: Espeon|1/100\n|move|p1a: Chandelure|Heat Wave|p2b: Incineroar|[spread] p2a,p2b\n|-resisted|p2a: Charizard|1\n|-resisted|p2b: Incineroar|1\n|-damage|p2a: Charizard|47/100\n|-damage|p2b: Incineroar|52/100\n|move|p2b: Incineroar|Throat Chop|p1a: Chandelure\n|-supereffective|p1a: Chandelure|1\n|-damage|p1a: Chandelure|0 fnt\n|faint|p1a: Chandelure\n|move|p1b: Espeon|Trick Room|p1b: Espeon\n|-fieldstart|move: Trick Room|[of] p1b: Espeon\n|\n|-weather|SunnyDay|[upkeep]\n|upkeep\n|\n|t:|1776146233\n|switch|p1a: Hatterene|Hatterene, L50, F|100/100\n|turn|3\n|\n|t:|1776146256\n|switch|p2b: Garchomp|Garchomp, L50, M|100/100\n|switch|p2a: Rotom|Rotom-Wash, L50|100/100\n|move|p1a: Hatterene|Psychic Terrain|p1a: Hatterene\n|-fieldstart|move: Psychic Terrain\n|move|p1b: Espeon|Expanding Force|p2b: Garchomp|[spread] p2a,p2b\n|-damage|p2a: Rotom|32/100\n|-damage|p2b: Garchomp|34/100\n|\n|-weather|SunnyDay|[upkeep]\n|-heal|p2a: Rotom|37/100|[from] item: Leftovers\n|upkeep\n|turn|4\n|\n|t:|1776146276\n|switch|p2b: Incineroar|Incineroar, L50, M|52/100\n|-ability|p2b: Incineroar|Intimidate|boost\n|-unboost|p1a: Hatterene|atk|1\n|-unboost|p1b: Espeon|atk|1\n|move|p2a: Rotom|Protect|p2a: Rotom\n|-singleturn|p2a: Rotom|Protect\n|move|p1a: Hatterene|Expanding Force|p2b: Incineroar|[spread] \n|-activate|p2a: Rotom|move: Protect\n|-immune|p2b: Incineroar\n|move|p1b: Espeon|Expanding Force|p2b: Incineroar|[spread] \n|-activate|p2a: Rotom|move: Protect\n|-immune|p2b: Incineroar\n|\n|-weather|SunnyDay|[upkeep]\n|-heal|p2a: Rotom|43/100|[from] item: Leftovers\n|upkeep\n|turn|5\n|inactive|jisdafods has 30 seconds left.\n|\n|t:|1776146310\n|switch|p2a: Garchomp|Garchomp, L50, M|34/100\n|move|p1a: Hatterene|Dazzling Gleam|p2b: Incineroar|[spread] p2a,p2b\n|-supereffective|p2a: Garchomp|1\n|-damage|p2a: Garchomp|0 fnt\n|-damage|p2b: Incineroar|15/100\n|-enditem|p2b: Incineroar|Sitrus Berry|[eat]\n|-heal|p2b: Incineroar|40/100|[from] item: Sitrus Berry\n|faint|p2a: Garchomp\n|move|p2b: Incineroar|Throat Chop|p1a: Hatterene\n|-damage|p1a: Hatterene|55/100\n|-start|p1a: Hatterene|Throat Chop|[silent]\n|move|p1b: Espeon|Dazzling Gleam|p2b: Incineroar\n|-crit|p2b: Incineroar\n|-damage|p2b: Incineroar|0 fnt\n|faint|p2b: Incineroar\n|\n|-weather|none\n|-heal|p1a: Hatterene|61/100|[from] item: Leftovers\n|upkeep\n|\n|t:|1776146325\n|switch|p2b: Rotom|Rotom-Wash, L50|43/100\n|switch|p2a: Charizard|Charizard-Mega-Y, L50, F|47/100\n|-weather|SunnyDay|[from] ability: Drought|[of] p2a: Charizard\n|turn|6\n|\n|t:|1776146336\n|move|p2b: Rotom|Protect|p2b: Rotom\n|-singleturn|p2b: Rotom|Protect\n|move|p2a: Charizard|Protect|p2a: Charizard\n|-singleturn|p2a: Charizard|Protect\n|move|p1a: Hatterene|Expanding Force|p2b: Rotom|[spread] \n|-activate|p2a: Charizard|move: Protect\n|-activate|p2b: Rotom|move: Protect\n|move|p1b: Espeon|Expanding Force|p2a: Charizard|[spread] \n|-activate|p2a: Charizard|move: Protect\n|-activate|p2b: Rotom|move: Protect\n|\n|-weather|SunnyDay|[upkeep]\n|-heal|p1a: Hatterene|67/100|[from] item: Leftovers\n|-heal|p2b: Rotom|49/100|[from] item: Leftovers\n|-end|p1a: Hatterene|Throat Chop|[silent]\n|-fieldend|move: Trick Room\n|upkeep\n|turn|7\n|\n|t:|1776146354\n|move|p2a: Charizard|Weather Ball|p1a: Hatterene\n|-damage|p1a: Hatterene|0 fnt\n|faint|p1a: Hatterene\n|move|p2b: Rotom|Thunderbolt|p1b: Espeon\n|-damage|p1b: Espeon|0 fnt\n|faint|p1b: Espeon\n|\n|-weather|SunnyDay|[upkeep]\n|-heal|p2b: Rotom|55/100|[from] item: Leftovers\n|-fieldend|move: Psychic Terrain\n|upkeep\n|\n|t:|1776146360\n|switch|p1b: Gallade|Gallade, L50, M|100/100\n|turn|8\n|\n|t:|1776146371\n|detailschange|p1b: Gallade|Gallade-Mega, L50, M\n|-mega|p1b: Gallade|Gallade|Galladite\n|move|p2a: Charizard|Weather Ball|p1b: Gallade\n|-damage|p1b: Gallade|0 fnt\n|faint|p1b: Gallade\n|\n|win|jisdafods\n|raw|meer1701's rating: 1113 &rarr; <strong>1092</strong><br />(-21 for losing)\n|raw|jisdafods's rating: 1175 &rarr; <strong>1196</strong><br />(+21 for winning)\n",
  "uploadtime": 1776146380,
  "views": 22,
  "formatid": "gen9championsvgc2026regma",
  "rating": 1092,
  "private": 0,
  "password": null
}