{
  "id": "gen9championsvgc2026regma-2584421022",
  "format": "[Gen 9 Champions] VGC 2026 Reg M-A",
  "players": [
    "Catapulta_1",
    "Test4anerd"
  ],
  "log": "|j|\u2606Catapulta_1\n|j|\u2606Test4anerd\n|t:|1776259663\n|gametype|doubles\n|player|p1|Catapulta_1|miku-ghost|1097\n|player|p2|Test4anerd|burgh|1046\n|gen|9\n|tier|[Gen 9 Champions] VGC 2026 Reg M-A\n|rated|\n|rule|Species Clause: Limit one of each Pok\u00e9mon\n|rule|Item Clause: Limit 1 of each item\n|clearpoke\n|poke|p1|Crabominable, L50, M|\n|poke|p1|Hatterene, L50, F|\n|poke|p1|Zoroark-Hisui, L50, M|\n|poke|p1|Araquanid, L50, F|\n|poke|p1|Corviknight, L50, F|\n|poke|p1|Garchomp, L50, M|\n|poke|p2|Glimmora, L50, M|\n|poke|p2|Talonflame, L50, F|\n|poke|p2|Araquanid, L50, M|\n|poke|p2|Tinkaton, L50, F|\n|poke|p2|Sinistcha, L50|\n|poke|p2|Mamoswine, L50, M|\n|teampreview|4\n|inactive|Battle timer is ON: inactive players will automatically lose when time's up. (requested by Test4anerd)\n|inactive|Test4anerd has 60 seconds left.\n|l|\u2606Test4anerd\n|inactive|Test4anerd disconnected and has a minute to reconnect!\n|player|p2|\n|inactive|Test4anerd has 30 seconds left.\n|inactive|Test4anerd has 20 seconds left.\n|inactive|Test4anerd has 15 seconds left.\n|j|\u2606Test4anerd\n|inactive|Test4anerd reconnected and has 15 seconds left.\n|player|p2|Test4anerd|burgh|\n|inactive|Test4anerd has 10 seconds left.\n|inactive|Test4anerd has 5 seconds left.\n|\n|t:|1776259751\n|teamsize|p1|4\n|teamsize|p2|4\n|start\n|switch|p1a: MagicWall|Hatterene, L50, F|100/100\n|switch|p1b: Saitama?|Crabominable, L50, M|100/100\n|switch|p2a: Tinkaton|Tinkaton, L50, F|100/100\n|switch|p2b: Araquanid|Araquanid, L50, M|100/100\n|turn|1\n|\n|t:|1776259771\n|detailschange|p1b: Saitama?|Crabominable-Mega, L50, M\n|-mega|p1b: Saitama?|Crabominable|Crabominite\n|move|p1b: Saitama?|Protect|p1b: Saitama?\n|-singleturn|p1b: Saitama?|Protect\n|move|p2a: Tinkaton|Fake Out|p1a: MagicWall\n|-damage|p1a: MagicWall|91/100\n|move|p2b: Araquanid|Liquidation|p1b: Saitama?\n|-activate|p1b: Saitama?|move: Protect\n|cant|p1a: MagicWall|flinch\n|\n|upkeep\n|turn|2\n|inactive|Catapulta_1 has 30 seconds left.\n|inactive|Catapulta_1 has 20 seconds left.\n|inactive|Catapulta_1 has 15 seconds left.\n|\n|t:|1776259813\n|switch|p1a: GoldSwellow|Corviknight, L50, F, shiny|100/100\n|move|p2a: Tinkaton|Gigaton Hammer|p1a: GoldSwellow\n|-resisted|p1a: GoldSwellow|1\n|-damage|p1a: GoldSwellow|71/100\n|move|p2b: Araquanid|Liquidation|p1b: Saitama?\n|-damage|p1b: Saitama?|48/100\n|move|p1b: Saitama?|Drain Punch|p2b: Araquanid\n|-resisted|p2b: Araquanid|1\n|-damage|p2b: Araquanid|70/100\n|-heal|p1b: Saitama?|62/100|[from] drain|[of] p2b: Araquanid\n|\n|-heal|p1a: GoldSwellow|77/100|[from] item: Leftovers\n|upkeep\n|turn|3\n|inactive|Catapulta_1 has 30 seconds left.\n|inactive|Test4anerd has 30 seconds left.\n|inactive|Test4anerd has 20 seconds left.\n|inactive|Test4anerd has 15 seconds left.\n|\n|t:|1776259861\n|move|p2a: Tinkaton|Play Rough|p1b: Saitama?\n|-supereffective|p1b: Saitama?|1\n|-damage|p1b: Saitama?|6/100\n|move|p1a: GoldSwellow|Tailwind|p1a: GoldSwellow\n|-sidestart|p1: Catapulta_1|move: Tailwind\n|move|p1b: Saitama?|Drain Punch|p2b: Araquanid\n|-resisted|p2b: Araquanid|1\n|-damage|p2b: Araquanid|40/100\n|-heal|p1b: Saitama?|20/100|[from] drain|[of] p2b: Araquanid\n|move|p2b: Araquanid|Trailblaze|p1a: GoldSwellow\n|-resisted|p1a: GoldSwellow|2\n|-damage|p1a: GoldSwellow|74/100\n|-boost|p2b: Araquanid|spe|1\n|\n|-heal|p1a: GoldSwellow|80/100|[from] item: Leftovers\n|upkeep\n|turn|4\n|inactive|Catapulta_1 has 30 seconds left.\n|inactive|Test4anerd has 30 seconds left.\n|\n|t:|1776259894\n|move|p1b: Saitama?|Protect|p1b: Saitama?\n|-singleturn|p1b: Saitama?|Protect\n|move|p1a: GoldSwellow|Bulk Up|p1a: GoldSwellow\n|-boost|p1a: GoldSwellow|atk|1\n|-boost|p1a: GoldSwellow|def|1\n|move|p2a: Tinkaton|Gigaton Hammer|p1b: Saitama?\n|-activate|p1b: Saitama?|move: Protect\n|move|p2b: Araquanid|Liquidation|p1b: Saitama?\n|-activate|p1b: Saitama?|move: Protect\n|\n|-heal|p1a: GoldSwellow|85/100|[from] item: Leftovers\n|upkeep\n|turn|5\n|inactive|Catapulta_1 has 30 seconds left.\n|inactive|Catapulta_1 has 20 seconds left.\n|inactive|Catapulta_1 has 15 seconds left.\n|\n|t:|1776259939\n|move|p1a: GoldSwellow|Brave Bird|p2b: Araquanid\n|-supereffective|p2b: Araquanid|1\n|-damage|p2b: Araquanid|0 fnt\n|faint|p2b: Araquanid\n|-damage|p1a: GoldSwellow|73/100|[from] Recoil\n|move|p2a: Tinkaton|Encore|p1a: GoldSwellow\n|-start|p1a: GoldSwellow|Encore\n|move|p1b: Saitama?|Drain Punch|p2a: Tinkaton\n|-crit|p2a: Tinkaton\n|-damage|p2a: Tinkaton|0 fnt\n|-heal|p1b: Saitama?|69/100|[from] drain|[of] p2a: Tinkaton\n|faint|p2a: Tinkaton\n|\n|-heal|p1a: GoldSwellow|79/100|[from] item: Leftovers\n|upkeep\n|-message|Test4anerd forfeited.\n|\n|win|Catapulta_1\n|raw|Catapulta_1's rating: 1097 &rarr; <strong>1119</strong><br />(+22 for winning)\n|raw|Test4anerd's rating: 1046 &rarr; <strong>1032</strong><br />(-14 for losing)\n|l|\u2606Test4anerd\n|player|p2|\n",
  "uploadtime": 1776259957,
  "views": 21,
  "formatid": "gen9championsvgc2026regma",
  "rating": 1032,
  "private": 0,
  "password": null
}