{
  "id": "gen9championsvgc2026regma-2587357666",
  "format": "[Gen 9 Champions] VGC 2026 Reg M-A",
  "players": [
    "disciple of blahaj",
    "yyy4s1nnn"
  ],
  "log": "|j|\u2606disciple of blahaj\n|j|\u2606yyy4s1nnn\n|t:|1776525021\n|gametype|doubles\n|player|p1|disciple of blahaj|jacinthe|1203\n|player|p2|yyy4s1nnn|ninjaboy|1299\n|gen|9\n|tier|[Gen 9 Champions] VGC 2026 Reg M-A\n|rated|\n|rule|Species Clause: Limit one of each Pok\u00e9mon\n|rule|Item Clause: Limit 1 of each item\n|clearpoke\n|poke|p1|Lopunny, L50, F, shiny|\n|poke|p1|Basculegion, L50, M|\n|poke|p1|Klefki, L50, F, shiny|\n|poke|p1|Pelipper, L50, M|\n|poke|p1|Garchomp, L50, F|\n|poke|p1|Aegislash, L50, M|\n|poke|p2|Aegislash, L50, F|\n|poke|p2|Dragonite, L50, M|\n|poke|p2|Sneasler, L50, M|\n|poke|p2|Venusaur, L50, F|\n|poke|p2|Incineroar, L50, F|\n|poke|p2|Basculegion, L50, M|\n|teampreview|4\n|inactive|Battle timer is ON: inactive players will automatically lose when time's up. (requested by yyy4s1nnn)\nyyy4s1nnn rejected open team sheets.\n|inactive|disciple of blahaj has 60 seconds left.\n|inactive|disciple of blahaj has 30 seconds left.\n|\n|t:|1776525084\n|teamsize|p1|4\n|teamsize|p2|4\n|start\n|switch|p1a: Lopunny|Lopunny, L50, F, shiny|100/100\n|switch|p1b: Basculegion|Basculegion, L50, M|100/100\n|switch|p2a: Incineroar|Incineroar, L50, F|100/100\n|switch|p2b: Dragonite|Dragonite, L50, M|100/100\n|-ability|p2a: Incineroar|Intimidate|boost\n|-unboost|p1a: Lopunny|atk|1\n|-unboost|p1b: Basculegion|atk|1\n|turn|1\n|inactive|yyy4s1nnn has 30 seconds left.\n|inactive|yyy4s1nnn has 20 seconds left.\n|\n|t:|1776525120\n|switch|p2a: Aegislash|Aegislash, L50, F|100/100\n|detailschange|p1a: Lopunny|Lopunny-Mega, L50, F, shiny\n|-mega|p1a: Lopunny|Lopunny|Lopunnite\n|detailschange|p2b: Dragonite|Dragonite-Mega, L50, M\n|-mega|p2b: Dragonite|Dragonite|Dragoninite\n|move|p1a: Lopunny|Fake Out|p2b: Dragonite\n|-damage|p2b: Dragonite|95/100\n|move|p1b: Basculegion|Flip Turn|p2a: Aegislash\n|-damage|p2a: Aegislash|76/100\n|\n|t:|1776525131\n|switch|p1b: Aegislash|Aegislash, L50, M|100/100|[from] Flip Turn\n|cant|p2b: Dragonite|flinch\n|\n|-heal|p2a: Aegislash|82/100|[from] item: Leftovers\n|upkeep\n|turn|2\n|\n|t:|1776525149\n|switch|p1a: Basculegion|Basculegion, L50, M|100/100\n|move|p2a: Aegislash|King's Shield|p2a: Aegislash\n|-singleturn|p2a: Aegislash|Protect\n|move|p2b: Dragonite|Dragon Pulse|p1a: Basculegion\n|-damage|p1a: Basculegion|42/100\n|-formechange|p1b: Aegislash|Aegislash-Blade|\n|move|p1b: Aegislash|Poltergeist|p2a: Aegislash\n|-activate|p2a: Aegislash|move: Protect\n|\n|-heal|p2a: Aegislash|88/100|[from] item: Leftovers\n|upkeep\n|turn|3\n|\n|t:|1776525167\n|switch|p2a: Incineroar|Incineroar, L50, F|100/100\n|-ability|p2a: Incineroar|Intimidate|boost\n|-unboost|p1a: Basculegion|atk|1\n|-unboost|p1b: Aegislash|atk|1\n|switch|p1b: Pelipper|Pelipper, L50, M|100/100\n|-weather|RainDance|[from] ability: Drizzle|[of] p1b: Pelipper\n|move|p1a: Basculegion|Wave Crash|p2a: Incineroar\n|-supereffective|p2a: Incineroar|1\n|-damage|p2a: Incineroar|0 fnt\n|faint|p2a: Incineroar\n|-damage|p1a: Basculegion|8/100|[from] Recoil\n|move|p2b: Dragonite|Dragon Pulse|p1a: Basculegion\n|-damage|p1a: Basculegion|0 fnt\n|faint|p1a: Basculegion\n|\n|-weather|RainDance|[upkeep]\n|upkeep\n|\n|t:|1776525186\n|switch|p1a: Lopunny|Lopunny-Mega, L50, F, shiny|100/100\n|switch|p2a: Basculegion|Basculegion, L50, M|100/100\n|turn|4\n|\n|t:|1776525204\n|move|p1a: Lopunny|Fake Out|p2a: Basculegion\n|-damage|p2a: Basculegion|73/100\n|cant|p2a: Basculegion|flinch\n|move|p2b: Dragonite|Dragon Pulse|p1b: Pelipper\n|-damage|p1b: Pelipper|34/100\n|-enditem|p1b: Pelipper|Sitrus Berry|[eat]\n|-heal|p1b: Pelipper|59/100|[from] item: Sitrus Berry\n|move|p1b: Pelipper|Hurricane|p2a: Basculegion\n|-damage|p2a: Basculegion|17/100\n|\n|-weather|RainDance|[upkeep]\n|upkeep\n|turn|5\n|\n|t:|1776525220\n|switch|p1a: Aegislash|Aegislash, L50, M|100/100\n|move|p1b: Pelipper|Protect|p1b: Pelipper\n|-singleturn|p1b: Pelipper|Protect\n|move|p2a: Basculegion|Wave Crash|p1a: Aegislash\n|-damage|p1a: Aegislash|5/100\n|-damage|p2a: Basculegion|0 fnt|[from] Recoil\n|faint|p2a: Basculegion\n|move|p2b: Dragonite|Dragon Pulse|p1b: Pelipper\n|-activate|p1b: Pelipper|move: Protect\n|\n|-weather|RainDance|[upkeep]\n|-heal|p1a: Aegislash|11/100|[from] item: Leftovers\n|upkeep\n|\n|t:|1776525224\n|switch|p2a: Aegislash|Aegislash, L50, F|88/100\n|turn|6\n|\n|t:|1776525242\n|move|p1a: Aegislash|Protect|p1a: Aegislash\n|-singleturn|p1a: Aegislash|Protect\n|move|p2b: Dragonite|Dragon Pulse|p1a: Aegislash\n|-activate|p1a: Aegislash|move: Protect\n|move|p1b: Pelipper|Weather Ball|p2a: Aegislash\n|-damage|p2a: Aegislash|37/100\n|-formechange|p2a: Aegislash|Aegislash-Blade|\n|move|p2a: Aegislash|Shadow Ball|p1b: Pelipper\n|-crit|p1b: Pelipper\n|-damage|p1b: Pelipper|0 fnt\n|faint|p1b: Pelipper\n|\n|-weather|RainDance|[upkeep]\n|-heal|p2a: Aegislash|43/100|[from] item: Leftovers\n|-heal|p1a: Aegislash|17/100|[from] item: Leftovers\n|upkeep\n|\n|t:|1776525254\n|switch|p1b: Lopunny|Lopunny-Mega, L50, F, shiny|100/100\n|turn|7\n|\n|t:|1776525260\n|move|p2b: Dragonite|Protect|p2b: Dragonite\n|-singleturn|p2b: Dragonite|Protect\n|-formechange|p2a: Aegislash|Aegislash|\n|move|p2a: Aegislash|King's Shield|p2a: Aegislash\n|-singleturn|p2a: Aegislash|Protect\n|move|p1b: Lopunny|Encore|p2a: Aegislash\n|-start|p2a: Aegislash|Encore\n|-formechange|p1a: Aegislash|Aegislash-Blade|\n|move|p1a: Aegislash|Poltergeist|p2b: Dragonite\n|-activate|p2b: Dragonite|move: Protect\n|\n|-weather|none\n|-heal|p2a: Aegislash|49/100|[from] item: Leftovers\n|-heal|p1a: Aegislash|23/100|[from] item: Leftovers\n|upkeep\n|turn|8\n|\n|t:|1776525280\n|move|p2a: Aegislash|King's Shield|p2a: Aegislash\n|-singleturn|p2a: Aegislash|Protect\n|move|p1b: Lopunny|Encore|p2b: Dragonite\n|-start|p2b: Dragonite|Encore\n|move|p2b: Dragonite|Protect||[still]\n|-fail|p2b: Dragonite\n|move|p1a: Aegislash|Poltergeist|p2a: Aegislash\n|-activate|p2a: Aegislash|move: Protect\n|\n|-heal|p2a: Aegislash|55/100|[from] item: Leftovers\n|-heal|p1a: Aegislash|29/100|[from] item: Leftovers\n|upkeep\n|turn|9\n|\n|t:|1776525294\n|move|p2b: Dragonite|Protect|p2b: Dragonite\n|-singleturn|p2b: Dragonite|Protect\n|move|p2a: Aegislash|King's Shield||[still]\n|-fail|p2a: Aegislash\n|move|p1b: Lopunny|Close Combat|p2a: Aegislash\n|-supereffective|p2a: Aegislash|1\n|-damage|p2a: Aegislash|0 fnt\n|-unboost|p1b: Lopunny|def|1\n|-unboost|p1b: Lopunny|spd|1\n|faint|p2a: Aegislash\n|move|p1a: Aegislash|Poltergeist|p2b: Dragonite\n|-activate|p2b: Dragonite|move: Protect\n|\n|-heal|p1a: Aegislash|35/100|[from] item: Leftovers\n|upkeep\n|turn|10\n|-message|yyy4s1nnn forfeited.\n|\n|win|disciple of blahaj\n|raw|disciple of blahaj's rating: 1203 &rarr; <strong>1235</strong><br />(+32 for winning)\n|raw|yyy4s1nnn's rating: 1299 &rarr; <strong>1267</strong><br />(-32 for losing)\n|l|\u2606yyy4s1nnn\n|player|p2|\n",
  "uploadtime": 1776525313,
  "views": 20,
  "formatid": "gen9championsvgc2026regma",
  "rating": 1235,
  "private": 0,
  "password": null
}