{
  "id": "gen9championsvgc2026regma-2583710409",
  "format": "[Gen 9 Champions] VGC 2026 Reg M-A",
  "players": [
    "Alexander 365",
    "Teik"
  ],
  "log": "|j|\u2606Alexander 365\n|j|\u2606Teik\n|t:|1776192494\n|gametype|doubles\n|player|p1|Alexander 365|hilbert|1290\n|player|p2|Teik|265|1315\n|gen|9\n|tier|[Gen 9 Champions] VGC 2026 Reg M-A\n|rated|\n|rule|Species Clause: Limit one of each Pok\u00e9mon\n|rule|Item Clause: Limit 1 of each item\n|clearpoke\n|poke|p1|Greninja-*, L50, M|\n|poke|p1|Dragapult, L50, M|\n|poke|p1|Decidueye-Hisui, L50, M|\n|poke|p1|Tyranitar, L50, M|\n|poke|p1|Tinkaton, L50, F|\n|poke|p1|Excadrill, L50, M|\n|poke|p2|Aggron, L50, F|\n|poke|p2|Pelipper, L50, M|\n|poke|p2|Decidueye-Hisui, L50, F|\n|poke|p2|Farigiraf, L50, M|\n|poke|p2|Araquanid, L50, M|\n|poke|p2|Bellibolt, L50, F|\n|teampreview|4\n|inactive|Battle timer is ON: inactive players will automatically lose when time's up. (requested by Alexander 365)\n|inactive|Alexander 365 has 60 seconds left.\n|inactive|Teik has 60 seconds left.\n|\n|t:|1776192540\n|teamsize|p1|4\n|teamsize|p2|4\n|start\n|switch|p1a: Greninja|Greninja, L50, M|100/100\n|switch|p1b: Dragapult|Dragapult, L50, M|100/100\n|switch|p2a: Farigiraf|Farigiraf, L50, M|100/100\n|switch|p2b: Araquanid|Araquanid, L50, M|100/100\n|turn|1\n|inactive|Alexander 365 has 30 seconds left.\n|\n|t:|1776192572\n|detailschange|p1a: Greninja|Greninja-Mega, L50, M\n|-mega|p1a: Greninja|Greninja|Greninjite\n|move|p2a: Farigiraf|Protect|p2a: Farigiraf\n|-singleturn|p2a: Farigiraf|Protect\n|move|p1a: Greninja|Dark Pulse|p2a: Farigiraf\n|-start|p1a: Greninja|typechange|Dark|[from] ability: Protean\n|-activate|p2a: Farigiraf|move: Protect\n|move|p1b: Dragapult|Draco Meteor|p2a: Farigiraf\n|-activate|p2a: Farigiraf|move: Protect\n|move|p2b: Araquanid|Leech Life|p1a: Greninja\n|-supereffective|p1a: Greninja|1\n|-damage|p1a: Greninja|4/100\n|\n|upkeep\n|turn|2\n|\n|t:|1776192596\n|move|p1a: Greninja|Dark Pulse|p2a: Farigiraf\n|-supereffective|p2a: Farigiraf|1\n|-crit|p2a: Farigiraf\n|-damage|p2a: Farigiraf|0 fnt\n|faint|p2a: Farigiraf\n|move|p1b: Dragapult|Draco Meteor|p2b: Araquanid\n|-damage|p2b: Araquanid|54/100\n|-unboost|p1b: Dragapult|spa|2\n|-enditem|p1b: Dragapult|White Herb\n|-clearnegativeboost|p1b: Dragapult|[silent]\n|move|p2b: Araquanid|Leech Life|p1a: Greninja\n|-supereffective|p1a: Greninja|1\n|-damage|p1a: Greninja|0 fnt\n|-heal|p2b: Araquanid|56/100|[from] drain|[of] p1a: Greninja\n|faint|p1a: Greninja\n|\n|upkeep\n|\n|t:|1776192607\n|switch|p1a: Excadrill|Excadrill, L50, M|100/100\n|switch|p2a: Decidueye|Decidueye-Hisui, L50, F|100/100\n|turn|3\n|\n|t:|1776192627\n|move|p1b: Dragapult|Thunderbolt|p2b: Araquanid\n|-supereffective|p2b: Araquanid|1\n|-damage|p2b: Araquanid|15/100\n|move|p1a: Excadrill|Throat Chop|p2b: Araquanid\n|-damage|p2b: Araquanid|0 fnt\n|faint|p2b: Araquanid\n|move|p2a: Decidueye|Triple Arrows|p1b: Dragapult\n|-crit|p1b: Dragapult\n|-damage|p1b: Dragapult|0 fnt\n|faint|p1b: Dragapult\n|\n|upkeep\n|\n|t:|1776192638\n|switch|p1b: Tyranitar|Tyranitar, L50, M|100/100\n|switch|p2b: Pelipper|Pelipper, L50, M|100/100\n|-weather|Sandstorm|[from] ability: Sand Stream|[of] p1b: Tyranitar\n|-weather|RainDance|[from] ability: Drizzle|[of] p2b: Pelipper\n|turn|4\n|\n|t:|1776192650\n|move|p1b: Tyranitar|Protect|p1b: Tyranitar\n|-singleturn|p1b: Tyranitar|Protect\n|move|p2b: Pelipper|Protect|p2b: Pelipper\n|-singleturn|p2b: Pelipper|Protect\n|move|p1a: Excadrill|Iron Head|p2a: Decidueye\n|-damage|p2a: Decidueye|52/100\n|move|p2a: Decidueye|Triple Arrows|p1b: Tyranitar\n|-activate|p1b: Tyranitar|move: Protect\n|\n|-weather|RainDance|[upkeep]\n|upkeep\n|turn|5\n|\n|t:|1776192662\n|move|p2a: Decidueye|Protect|p2a: Decidueye\n|-singleturn|p2a: Decidueye|Protect\n|move|p1a: Excadrill|Iron Head|p2a: Decidueye\n|-activate|p2a: Decidueye|move: Protect\n|move|p1b: Tyranitar|Knock Off|p2b: Pelipper\n|-damage|p2b: Pelipper|41/100\n|-enditem|p2b: Pelipper|Sitrus Berry|[from] move: Knock Off|[of] p1b: Tyranitar\n|move|p2b: Pelipper|Surf|p1a: Excadrill|[spread] p1a,p1b\n|-activate|p2a: Decidueye|move: Protect\n|-supereffective|p1a: Excadrill|1\n|-supereffective|p1b: Tyranitar|1\n|-crit|p1b: Tyranitar\n|-enditem|p1a: Excadrill|Focus Sash\n|-damage|p1a: Excadrill|1/100\n|-damage|p1b: Tyranitar|5/100\n|\n|-weather|RainDance|[upkeep]\n|upkeep\n|turn|6\n|\n|t:|1776192685\n|move|p2a: Decidueye|Sucker Punch|p1a: Excadrill\n|-damage|p1a: Excadrill|0 fnt\n|faint|p1a: Excadrill\n|move|p1b: Tyranitar|Rock Slide|p2b: Pelipper|[spread] p2b\n|-miss|p1b: Tyranitar|p2a: Decidueye\n|-supereffective|p2b: Pelipper|1\n|-damage|p2b: Pelipper|0 fnt\n|faint|p2b: Pelipper\n|\n|-weather|RainDance|[upkeep]\n|upkeep\n|turn|7\n|\n|t:|1776192691\n|move|p2a: Decidueye|Leaf Blade|p1b: Tyranitar\n|-supereffective|p1b: Tyranitar|1\n|-damage|p1b: Tyranitar|0 fnt\n|faint|p1b: Tyranitar\n|\n|win|Teik\n|raw|Alexander 365's rating: 1290 &rarr; <strong>1267</strong><br />(-23 for losing)\n|raw|Teik's rating: 1315 &rarr; <strong>1334</strong><br />(+19 for winning)\n|l|\u2606Alexander 365\n|player|p1|\n",
  "uploadtime": 1776192722,
  "views": 38,
  "formatid": "gen9championsvgc2026regma",
  "rating": 1267,
  "private": 0,
  "password": null
}