{
  "id": "gen9championsvgc2026regma-2587282039",
  "format": "[Gen 9 Champions] VGC 2026 Reg M-A",
  "players": [
    "NtimesN",
    "Elnok"
  ],
  "log": "|j|\u2606NtimesN\n|j|\u2606Elnok\n|t:|1776517975\n|gametype|doubles\n|player|p1|NtimesN|hilda|1045\n|player|p2|Elnok|170|1000\n|gen|9\n|tier|[Gen 9 Champions] VGC 2026 Reg M-A\n|rated|\n|rule|Species Clause: Limit one of each Pok\u00e9mon\n|rule|Item Clause: Limit 1 of each item\n|clearpoke\n|poke|p1|Aegislash, L50, M, shiny|\n|poke|p1|Sinistcha-Masterpiece, L50|\n|poke|p1|Basculegion, L50, M|\n|poke|p1|Froslass, L50, F|\n|poke|p1|Mimikyu, L50, M|\n|poke|p1|Golurk, L50|\n|poke|p2|Scovillain, L50, M|\n|poke|p2|Dragapult, L50, F|\n|poke|p2|Basculegion, L50, M|\n|poke|p2|Luxray, L50, F|\n|poke|p2|Aegislash, L50, M|\n|poke|p2|Castform, L50, F, shiny|\n|teampreview|4\n|\n|t:|1776517986\n|teamsize|p1|4\n|teamsize|p2|4\n|start\n|switch|p1a: Mimikyu|Mimikyu, L50, M|100/100\n|switch|p1b: Aegislash|Aegislash, L50, M, shiny|100/100\n|switch|p2a: Scovillain|Scovillain, L50, M|100/100\n|switch|p2b: Dragapult|Dragapult, L50, F|100/100\n|turn|1\n|inactive|Battle timer is ON: inactive players will automatically lose when time's up. (requested by Elnok)\n|\n|t:|1776517998\n|move|p2a: Scovillain|Protect|p2a: Scovillain\n|-singleturn|p2a: Scovillain|Protect\n|move|p2b: Dragapult|Reflect|p2b: Dragapult\n|-sidestart|p2: Elnok|Reflect\n|move|p1b: Aegislash|Swords Dance|p1b: Aegislash\n|-boost|p1b: Aegislash|atk|2\n|move|p1a: Mimikyu|Trick Room|p1a: Mimikyu\n|-fieldstart|move: Trick Room|[of] p1a: Mimikyu\n|\n|-ability|p2a: Scovillain|Moody|boost\n|-boost|p2a: Scovillain|def|2\n|-unboost|p2a: Scovillain|spa|1\n|upkeep\n|turn|2\n|\n|t:|1776518022\n|detailschange|p2a: Scovillain|Scovillain-Mega, L50, M\n|-mega|p2a: Scovillain|Scovillain|Scovillainite\n|-formechange|p1b: Aegislash|Aegislash-Blade|\n|move|p1b: Aegislash|Sacred Sword|p2a: Scovillain\n|-damage|p2a: Scovillain|51/100\n|-status|p1b: Aegislash|brn|[from] ability: Spicy Spray|[of] p2a: Scovillain\n|move|p2a: Scovillain|Leech Seed|p1b: Aegislash|[miss]\n|-miss|p2a: Scovillain|p1b: Aegislash\n|move|p1a: Mimikyu|Shadow Claw|p2b: Dragapult\n|-supereffective|p2b: Dragapult|1\n|-damage|p2b: Dragapult|56/100\n|move|p2b: Dragapult|Light Screen|p2b: Dragapult\n|-sidestart|p2: Elnok|move: Light Screen\n|\n|-damage|p1b: Aegislash|95/100 brn|[from] brn\n|upkeep\n|turn|3\n|inactive|Elnok has 30 seconds left.\n|\n|t:|1776518056\n|move|p1b: Aegislash|Rock Slide|p2b: Dragapult|[spread] p2a,p2b\n|-supereffective|p2a: Scovillain|1\n|-damage|p2a: Scovillain|37/100\n|-damage|p2b: Dragapult|36/100\n|cant|p2a: Scovillain|flinch\n|move|p1a: Mimikyu|Shadow Claw|p2b: Dragapult\n|-supereffective|p2b: Dragapult|1\n|-crit|p2b: Dragapult\n|-damage|p2b: Dragapult|0 fnt\n|faint|p2b: Dragapult\n|\n|-heal|p1b: Aegislash|100/100 brn|[from] item: Leftovers\n|-damage|p1b: Aegislash|95/100 brn|[from] brn\n|upkeep\n|\n|t:|1776518065\n|switch|p2b: Luxray|Luxray, L50, F|100/100\n|turn|4\n|\n|t:|1776518077\n|move|p1b: Aegislash|Rock Slide|p2b: Luxray|[spread] p2a,p2b\n|-supereffective|p2a: Scovillain|1\n|-damage|p2a: Scovillain|21/100\n|-damage|p2b: Luxray|81/100\n|move|p2a: Scovillain|Leech Seed|p1a: Mimikyu|[miss]\n|-miss|p2a: Scovillain|p1a: Mimikyu\n|move|p1a: Mimikyu|Shadow Claw|p2b: Luxray\n|-damage|p2b: Luxray|60/100\n|move|p2b: Luxray|Discharge|p1b: Aegislash|[spread] p2a,p1a,p1b\n|-resisted|p2a: Scovillain|1\n|-damage|p2a: Scovillain|16/100\n|-activate|p1a: Mimikyu|ability: Disguise\n|-damage|p1a: Mimikyu|100/100\n|-damage|p1b: Aegislash|62/100 brn\n|-status|p1a: Mimikyu|par\n|-status|p2b: Luxray|brn|[from] ability: Spicy Spray|[of] p2a: Scovillain\n|detailschange|p1a: Mimikyu|Mimikyu-Busted, L50, M\n|-damage|p1a: Mimikyu|88/100 par|[from] pokemon: Mimikyu-Busted\n|\n|-heal|p1b: Aegislash|68/100 brn|[from] item: Leftovers\n|-damage|p1b: Aegislash|62/100 brn|[from] brn\n|-damage|p2b: Luxray|55/100 brn|[from] brn\n|upkeep\n|turn|5\n|inactive|NtimesN has 30 seconds left.\n|inactive|Elnok has 30 seconds left.\n|\n|t:|1776518105\n|move|p2b: Luxray|Protect|p2b: Luxray\n|-singleturn|p2b: Luxray|Protect\n|move|p1a: Mimikyu|Shadow Claw|p2a: Scovillain\n|-damage|p2a: Scovillain|7/100\n|move|p1b: Aegislash|Rock Slide|p2a: Scovillain|[spread] p2a\n|-activate|p2b: Luxray|move: Protect\n|-supereffective|p2a: Scovillain|1\n|-crit|p2a: Scovillain\n|-damage|p2a: Scovillain|0 fnt\n|faint|p2a: Scovillain\n|\n|-heal|p1b: Aegislash|68/100 brn|[from] item: Leftovers\n|-damage|p1b: Aegislash|62/100 brn|[from] brn\n|-damage|p2b: Luxray|49/100 brn|[from] brn\n|-sideend|p2: Elnok|Reflect\n|-fieldend|move: Trick Room\n|upkeep\n|\n|t:|1776518115\n|switch|p2a: Basculegion|Basculegion, L50, M|100/100\n|turn|6\n|\n|t:|1776518129\n|move|p2a: Basculegion|Last Respects|p1a: Mimikyu\n|-supereffective|p1a: Mimikyu|1\n|-damage|p1a: Mimikyu|0 fnt\n|faint|p1a: Mimikyu\n|move|p2b: Luxray|Supercell Slam|p1b: Aegislash\n|-damage|p1b: Aegislash|0 fnt\n|faint|p1b: Aegislash\n|\n|-damage|p2b: Luxray|43/100 brn|[from] brn\n|-sideend|p2: Elnok|move: Light Screen\n|upkeep\n|\n|t:|1776518138\n|switch|p1a: Sinistcha|Sinistcha-Masterpiece, L50|100/100\n|switch|p1b: Golurk|Golurk, L50|100/100\n|turn|7\n|\n|t:|1776518150\n|detailschange|p1b: Golurk|Golurk-Mega, L50\n|-mega|p1b: Golurk|Golurk|Golurkite\n|move|p2a: Basculegion|Last Respects|p1b: Golurk\n|-supereffective|p1b: Golurk|1\n|-damage|p1b: Golurk|0 fnt\n|faint|p1b: Golurk\n|move|p2b: Luxray|Supercell Slam|p1a: Sinistcha\n|-resisted|p1a: Sinistcha|1\n|-damage|p1a: Sinistcha|64/100\n|move|p1a: Sinistcha|Matcha Gotcha|p2b: Luxray|[spread] p2a,p2b\n|-supereffective|p2a: Basculegion|1\n|-damage|p2a: Basculegion|45/100\n|-heal|p1a: Sinistcha|100/100|[from] drain|[of] p2a: Basculegion\n|-damage|p2b: Luxray|3/100 brn\n|\n|-damage|p2b: Luxray|0 fnt|[from] brn\n|faint|p2b: Luxray\n|upkeep\n|turn|8\n|\n|t:|1776518165\n|move|p2a: Basculegion|Last Respects|p1a: Sinistcha\n|-supereffective|p1a: Sinistcha|1\n|-damage|p1a: Sinistcha|0 fnt\n|faint|p1a: Sinistcha\n|\n|win|Elnok\n|raw|NtimesN's rating: 1045 &rarr; <strong>1026</strong><br />(-19 for losing)\n|raw|Elnok's rating: 1000 &rarr; <strong>1045</strong><br />(+45 for winning)\n|l|\u2606NtimesN\n|player|p1|\n",
  "uploadtime": 1776518174,
  "views": 13,
  "formatid": "gen9championsvgc2026regma",
  "rating": 1026,
  "private": 0,
  "password": null
}