{
  "id": "gen9championsvgc2026regma-2582039238",
  "format": "[Gen 9 Champions] VGC 2026 Reg M-A",
  "players": [
    "VenVGC",
    "FortuneMC"
  ],
  "log": "|j|\u2606VenVGC\n|j|\u2606FortuneMC\n|t:|1776050873\n|gametype|doubles\n|player|p1|VenVGC|266|1132\n|player|p2|FortuneMC|veteran|1122\n|gen|9\n|tier|[Gen 9 Champions] VGC 2026 Reg M-A\n|rated|\n|rule|Species Clause: Limit one of each Pok\u00e9mon\n|rule|Item Clause: Limit 1 of each item\n|clearpoke\n|poke|p1|Gengar, L50, M|\n|poke|p1|Meganium, L50, M|\n|poke|p1|Politoed, L50, F|\n|poke|p1|Sinistcha, L50|\n|poke|p1|Incineroar, L50, F|\n|poke|p1|Sableye, L50, M|\n|poke|p2|Whimsicott, L50, M|\n|poke|p2|Incineroar, L50, F|\n|poke|p2|Glimmora, L50, F|\n|poke|p2|Garchomp, L50, M|\n|poke|p2|Kangaskhan, L50, F|\n|poke|p2|Kingambit, L50, M|\n|teampreview|4\n|\n|t:|1776050894\n|teamsize|p1|4\n|teamsize|p2|4\n|start\n|switch|p1a: Sableye|Sableye, L50, M|100/100\n|switch|p1b: Meganium|Meganium, L50, M|100/100\n|switch|p2a: Whimsicott|Whimsicott, L50, M|100/100\n|switch|p2b: Glimmora|Glimmora, L50, F|100/100\n|turn|1\n|\n|t:|1776050921\n|switch|p1b: Politoed|Politoed, L50, F|100/100\n|-weather|RainDance|[from] ability: Drizzle|[of] p1b: Politoed\n|detailschange|p2b: Glimmora|Glimmora-Mega, L50, F\n|-mega|p2b: Glimmora|Glimmora|Glimmoranite\n|move|p2a: Whimsicott|Tailwind|p2a: Whimsicott\n|-sidestart|p2: FortuneMC|move: Tailwind\n|move|p1a: Sableye|Light Screen|p1a: Sableye\n|-sidestart|p1: VenVGC|move: Light Screen\n|move|p2b: Glimmora|Sludge Bomb|p1b: Politoed\n|-crit|p1b: Politoed\n|-damage|p1b: Politoed|0 fnt\n|faint|p1b: Politoed\n|\n|-weather|RainDance|[upkeep]\n|upkeep\n|\n|t:|1776050935\n|switch|p1b: Meganium|Meganium, L50, M|100/100\n|turn|2\n|\n|t:|1776050949\n|move|p2a: Whimsicott|Fake Tears|p1b: Meganium\n|-unboost|p1b: Meganium|spd|2\n|move|p1a: Sableye|Encore|p2a: Whimsicott\n|-start|p2a: Whimsicott|Encore\n|move|p2b: Glimmora|Sludge Bomb|p1b: Meganium\n|-supereffective|p1b: Meganium|1\n|-damage|p1b: Meganium|0 fnt\n|faint|p1b: Meganium\n|\n|-weather|RainDance|[upkeep]\n|upkeep\n|\n|t:|1776050958\n|switch|p1b: Sinistcha|Sinistcha, L50|100/100\n|turn|3\n|\n|t:|1776050966\n|move|p2a: Whimsicott|Fake Tears|p1b: Sinistcha\n|-unboost|p1b: Sinistcha|spd|2\n|move|p2b: Glimmora|Sludge Bomb|p1b: Sinistcha\n|-damage|p1b: Sinistcha|0 fnt\n|faint|p1b: Sinistcha\n|move|p1a: Sableye|Foul Play|p2b: Glimmora\n|-damage|p2b: Glimmora|69/100\n|\n|-weather|RainDance|[upkeep]\n|upkeep\n|turn|4\n|\n|t:|1776050978\n|switch|p2a: Garchomp|Garchomp, L50, M|100/100\n|move|p2b: Glimmora|Power Gem|p1a: Sableye\n|-damage|p1a: Sableye|42/100\n|move|p1a: Sableye|Foul Play|p2b: Glimmora\n|-damage|p2b: Glimmora|36/100\n|\n|-weather|RainDance|[upkeep]\n|-sideend|p2: FortuneMC|move: Tailwind\n|upkeep\n|turn|5\n|inactive|Battle timer is ON: inactive players will automatically lose when time's up. (requested by VenVGC)\n|\n|t:|1776050990\n|move|p2a: Garchomp|Dragon Claw|p1a: Sableye\n|-damage|p1a: Sableye|0 fnt\n|faint|p1a: Sableye\n|\n|win|FortuneMC\n|raw|VenVGC's rating: 1132 &rarr; <strong>1106</strong><br />(-26 for losing)\n|raw|FortuneMC's rating: 1122 &rarr; <strong>1148</strong><br />(+26 for winning)\n",
  "uploadtime": 1776050995,
  "views": 12,
  "formatid": "gen9championsvgc2026regma",
  "rating": 1106,
  "private": 0,
  "password": null
}