{
  "id": "gen9championsvgc2026regma-2584550231",
  "format": "[Gen 9 Champions] VGC 2026 Reg M-A",
  "players": [
    "chi3fross",
    "ceesar99"
  ],
  "log": "|j|\u2606chi3fross\n|j|\u2606ceesar99\n|t:|1776268145\n|gametype|doubles\n|player|p1|chi3fross|wallace-gen6|1114\n|player|p2|ceesar99|benga|1111\n|gen|9\n|tier|[Gen 9 Champions] VGC 2026 Reg M-A\n|rated|\n|rule|Species Clause: Limit one of each Pok\u00e9mon\n|rule|Item Clause: Limit 1 of each item\n|clearpoke\n|poke|p1|Sableye, L50, F|\n|poke|p1|Garganacl, L50, M|\n|poke|p1|Pidgeot, L50, F|\n|poke|p1|Archaludon, L50, F|\n|poke|p1|Azumarill, L50, F|\n|poke|p1|Meowscarada, L50, F|\n|poke|p2|Glimmora, L50, M|\n|poke|p2|Corviknight, L50, M|\n|poke|p2|Milotic, L50, F|\n|poke|p2|Dragapult, L50, M|\n|poke|p2|Incineroar, L50, M|\n|poke|p2|Farigiraf, L50, M|\n|teampreview|4\n|inactive|Battle timer is ON: inactive players will automatically lose when time's up. (requested by chi3fross)\n|\n|t:|1776268185\n|teamsize|p1|4\n|teamsize|p2|4\n|start\n|switch|p1a: Sableye|Sableye, L50, F|100/100\n|switch|p1b: Archaludon|Archaludon, L50, F|100/100\n|switch|p2a: Corviknight|Corviknight, L50, M, shiny|100/100\n|switch|p2b: Glimmora|Glimmora, L50, M, shiny|100/100\n|turn|1\n|inactive|ceesar99 has 30 seconds left.\n|inactive|ceesar99 has 20 seconds left.\n|inactive|ceesar99 has 15 seconds left.\n|\n|t:|1776268231\n|move|p2b: Glimmora|Spiky Shield|p2b: Glimmora\n|-singleturn|p2b: Glimmora|move: Protect\n|move|p1a: Sableye|Will-O-Wisp|p2a: Corviknight\n|-status|p2a: Corviknight|brn\n|move|p1b: Archaludon|Steel Beam|p2b: Glimmora\n|-activate|p2b: Glimmora|move: Protect\n|-damage|p1b: Archaludon|50/100|[from] steelbeam\n|move|p2a: Corviknight|Iron Defense|p2a: Corviknight\n|-boost|p2a: Corviknight|def|2\n|\n|-damage|p2a: Corviknight|94/100 brn|[from] brn\n|upkeep\n|turn|2\n|\n|t:|1776268254\n|detailschange|p2b: Glimmora|Glimmora-Mega, L50, M, shiny\n|-mega|p2b: Glimmora|Glimmora|Glimmoranite\n|move|p1a: Sableye|Encore|p2a: Corviknight\n|-start|p2a: Corviknight|Encore\n|move|p1b: Archaludon|Steel Beam|p2b: Glimmora\n|-supereffective|p2b: Glimmora|1\n|-damage|p2b: Glimmora|0 fnt\n|-damage|p1b: Archaludon|0 fnt|[from] steelbeam\n|faint|p1b: Archaludon\n|faint|p2b: Glimmora\n|move|p2a: Corviknight|Iron Defense|p2a: Corviknight\n|-boost|p2a: Corviknight|def|2\n|\n|-damage|p2a: Corviknight|88/100 brn|[from] brn\n|upkeep\n|\n|t:|1776268271\n|switch|p1b: Garganacl|Garganacl, L50, M|100/100\n|switch|p2b: Dragapult|Dragapult, L50, M|100/100\n|turn|3\n|\n|t:|1776268285\n|move|p1a: Sableye|Will-O-Wisp|p2b: Dragapult\n|-status|p2b: Dragapult|brn\n|move|p2b: Dragapult|Shadow Ball|p1a: Sableye\n|-damage|p1a: Sableye|56/100\n|move|p2a: Corviknight|Iron Defense|p2a: Corviknight\n|-boost|p2a: Corviknight|def|2\n|move|p1b: Garganacl|Salt Cure|p2a: Corviknight\n|-damage|p2a: Corviknight|85/100 brn\n|-start|p2a: Corviknight|Salt Cure\n|\n|-damage|p2b: Dragapult|94/100 brn|[from] brn\n|-damage|p2a: Corviknight|79/100 brn|[from] brn\n|-damage|p2a: Corviknight|67/100 brn|[from] Salt Cure\n|upkeep\n|turn|4\n|\n|t:|1776268303\n|move|p2b: Dragapult|Shadow Ball|p1a: Sableye\n|-damage|p1a: Sableye|8/100\n|-enditem|p1a: Sableye|Sitrus Berry|[eat]\n|-heal|p1a: Sableye|32/100|[from] item: Sitrus Berry\n|move|p2a: Corviknight|Iron Defense|p2a: Corviknight\n|-boost|p2a: Corviknight|def|0\n|move|p1a: Sableye|Foul Play|p2b: Dragapult\n|-supereffective|p2b: Dragapult|1\n|-damage|p2b: Dragapult|17/100 brn\n|move|p1b: Garganacl|Salt Cure|p2b: Dragapult\n|-damage|p2b: Dragapult|0 fnt\n|faint|p2b: Dragapult\n|\n|-damage|p2a: Corviknight|61/100 brn|[from] brn\n|-damage|p2a: Corviknight|49/100 brn|[from] Salt Cure\n|-end|p2a: Corviknight|Encore\n|upkeep\n|\n|t:|1776268320\n|switch|p2b: Incineroar|Incineroar, L50, M|100/100\n|-ability|p2b: Incineroar|Intimidate|boost\n|-unboost|p1a: Sableye|atk|1\n|-unboost|p1b: Garganacl|atk|1\n|turn|5\n|\n|t:|1776268334\n|move|p2b: Incineroar|Fake Out|p1b: Garganacl\n|-resisted|p1b: Garganacl|1\n|-damage|p1b: Garganacl|97/100\n|move|p1a: Sableye|Encore|p2a: Corviknight\n|-start|p2a: Corviknight|Encore\n|move|p2a: Corviknight|Iron Defense|p2a: Corviknight\n|-boost|p2a: Corviknight|def|0\n|cant|p1b: Garganacl|flinch\n|\n|-heal|p1b: Garganacl|100/100|[from] item: Leftovers\n|-damage|p2a: Corviknight|43/100 brn|[from] brn\n|-damage|p2a: Corviknight|31/100 brn|[from] Salt Cure\n|upkeep\n|turn|6\n|-message|ceesar99 forfeited.\n|\n|win|chi3fross\n|raw|chi3fross's rating: 1114 &rarr; <strong>1139</strong><br />(+25 for winning)\n|raw|ceesar99's rating: 1111 &rarr; <strong>1086</strong><br />(-25 for losing)\n|l|\u2606ceesar99\n|player|p2|\n",
  "uploadtime": 1776268355,
  "views": 23,
  "formatid": "gen9championsvgc2026regma",
  "rating": 1086,
  "private": 0,
  "password": null
}