{
  "id": "gen9championsvgc2026regma-2587995047",
  "format": "[Gen 9 Champions] VGC 2026 Reg M-A",
  "players": [
    "von-draken",
    "aslso"
  ],
  "log": "|j|\u2606von-draken\n|j|\u203daslso\n|t:|1776590301\n|gametype|doubles\n|player|p1|von-draken|170|1019\n|player|p2|aslso|hiker-gen4|1000\n|gen|9\n|tier|[Gen 9 Champions] VGC 2026 Reg M-A\n|rated|\n|rule|Species Clause: Limit one of each Pok\u00e9mon\n|rule|Item Clause: Limit 1 of each item\n|clearpoke\n|poke|p1|Archaludon, L50, M|\n|poke|p1|Pelipper, L50, M|\n|poke|p1|Sneasler, L50, M|\n|poke|p1|Incineroar, L50, M|\n|poke|p1|Basculegion, L50, M|\n|poke|p1|Dragonite, L50, M|\n|poke|p2|Whimsicott, L50, M|\n|poke|p2|Farigiraf, L50, M|\n|poke|p2|Kleavor, L50, F|\n|poke|p2|Blastoise, L50, F|\n|poke|p2|Altaria, L50, M|\n|poke|p2|Victreebel, L50, F|\n|teampreview|4\n|inactive|Battle timer is ON: inactive players will automatically lose when time's up. (requested by aslso)\n|\n|t:|1776590333\n|teamsize|p1|4\n|teamsize|p2|4\n|start\n|switch|p1a: Pelipper|Pelipper, L50, M|100/100\n|switch|p1b: Basculegion|Basculegion, L50, M|100/100\n|switch|p2a: Altaria|Altaria, L50, M|100/100\n|switch|p2b: Farigiraf|Farigiraf, L50, M|100/100\n|-weather|RainDance|[from] ability: Drizzle|[of] p1a: Pelipper\n|-ability|p2a: Altaria|Cloud Nine\n|turn|1\n|inactive|von-draken has 30 seconds left.\n|\n|t:|1776590363\n|switch|p1a: Archaludon|Archaludon, L50, M|100/100\n|move|p1b: Basculegion|Aqua Jet||[still]\n|cant|p2b: Farigiraf|ability: Armor Tail|Aqua Jet|[of] p1b: Basculegion\n|move|p2a: Altaria|Dragon Pulse|p1b: Basculegion\n|-damage|p1b: Basculegion|72/100\n|move|p2b: Farigiraf|Nasty Plot|p2b: Farigiraf\n|-boost|p2b: Farigiraf|spa|2\n|\n|-weather|RainDance|[upkeep]\n|upkeep\n|turn|2\n|\n|t:|1776590381\n|move|p1b: Basculegion|Last Respects|p2b: Farigiraf\n|-immune|p2b: Farigiraf\n|move|p1a: Archaludon|Electro Shot||[still]\n|-prepare|p1a: Archaludon|Electro Shot\n|-boost|p1a: Archaludon|spa|1\n|move|p2a: Altaria|Dragon Pulse|p1a: Archaludon\n|-damage|p1a: Archaludon|76/100\n|-ability|p1a: Archaludon|Stamina|boost\n|-boost|p1a: Archaludon|def|1\n|move|p2b: Farigiraf|Psychic|p1b: Basculegion\n|-damage|p1b: Basculegion|1/100\n|\n|-weather|RainDance|[upkeep]\n|-heal|p1a: Archaludon|82/100|[from] item: Leftovers\n|upkeep\n|turn|3\n|\n|t:|1776590404\n|move|p1b: Basculegion|Protect|p1b: Basculegion\n|-singleturn|p1b: Basculegion|Protect\n|move|p1a: Archaludon|Electro Shot|p2a: Altaria|[from] lockedmove\n|-damage|p2a: Altaria|44/100\n|move|p2a: Altaria|Heat Wave|p1b: Basculegion|[spread] p1a\n|-activate|p1b: Basculegion|move: Protect\n|-damage|p1a: Archaludon|70/100\n|-ability|p1a: Archaludon|Stamina|boost\n|-boost|p1a: Archaludon|def|1\n|move|p2b: Farigiraf|Psychic|p1a: Archaludon\n|-resisted|p1a: Archaludon|1\n|-damage|p1a: Archaludon|39/100\n|-ability|p1a: Archaludon|Stamina|boost\n|-boost|p1a: Archaludon|def|1\n|\n|-weather|RainDance|[upkeep]\n|-heal|p1a: Archaludon|45/100|[from] item: Leftovers\n|upkeep\n|turn|4\n|inactive|von-draken has 30 seconds left.\n|\n|t:|1776590430\n|move|p1b: Basculegion|Aqua Jet||[still]\n|cant|p2b: Farigiraf|ability: Armor Tail|Aqua Jet|[of] p1b: Basculegion\n|move|p1a: Archaludon|Draco Meteor|p2a: Altaria\n|-supereffective|p2a: Altaria|1\n|-damage|p2a: Altaria|0 fnt\n|-unboost|p1a: Archaludon|spa|2\n|faint|p2a: Altaria\n|move|p2b: Farigiraf|Psychic|p1a: Archaludon\n|-resisted|p1a: Archaludon|1\n|-damage|p1a: Archaludon|13/100\n|-unboost|p1a: Archaludon|spd|1\n|-ability|p1a: Archaludon|Stamina|boost\n|-boost|p1a: Archaludon|def|1\n|\n|-weather|RainDance|[upkeep]\n|-heal|p1a: Archaludon|19/100|[from] item: Leftovers\n|upkeep\n|\n|t:|1776590444\n|switch|p2a: Blastoise|Blastoise, L50, F|100/100\n|turn|5\n|\n|t:|1776590462\n|detailschange|p2a: Blastoise|Blastoise-Mega, L50, F\n|-mega|p2a: Blastoise|Blastoise|Blastoisinite\n|move|p1b: Basculegion|Wave Crash|p2b: Farigiraf\n|-damage|p2b: Farigiraf|18/100\n|-damage|p1b: Basculegion|0 fnt|[from] Recoil\n|faint|p1b: Basculegion\n|move|p1a: Archaludon|Flash Cannon|p2b: Farigiraf\n|-damage|p2b: Farigiraf|0 fnt\n|faint|p2b: Farigiraf\n|move|p2a: Blastoise|Aura Sphere|p1a: Archaludon\n|-supereffective|p1a: Archaludon|1\n|-damage|p1a: Archaludon|0 fnt\n|faint|p1a: Archaludon\n|\n|-weather|none\n|upkeep\n|\n|t:|1776590476\n|switch|p1b: Pelipper|Pelipper, L50, M|100/100\n|switch|p1a: Sneasler|Sneasler, L50, M|100/100\n|switch|p2b: Kleavor|Kleavor, L50, F|100/100\n|-weather|RainDance|[from] ability: Drizzle|[of] p1b: Pelipper\n|turn|6\n|inactive|von-draken has 30 seconds left.\n|\n|t:|1776590504\n|move|p2a: Blastoise|Protect|p2a: Blastoise\n|-singleturn|p2a: Blastoise|Protect\n|move|p1a: Sneasler|Fake Out|p2b: Kleavor\n|-resisted|p2b: Kleavor|1\n|-damage|p2b: Kleavor|93/100\n|cant|p2b: Kleavor|flinch\n|move|p1b: Pelipper|Weather Ball|p2b: Kleavor\n|-supereffective|p2b: Kleavor|1\n|-damage|p2b: Kleavor|0 fnt\n|faint|p2b: Kleavor\n|\n|-weather|RainDance|[upkeep]\n|upkeep\n|turn|7\n|inactive|von-draken has 30 seconds left.\n|inactive|aslso has 30 seconds left.\n|inactive|aslso has 20 seconds left.\n|inactive|aslso has 15 seconds left.\n|inactive|aslso has 10 seconds left.\n|l|\u203daslso\n|inactive|aslso disconnected and has a minute to reconnect!\n|player|p2|\n|inactive|aslso has 5 seconds left.\n|-message|aslso lost due to inactivity.\n|\n|win|von-draken\n|raw|von-draken's rating: 1019 &rarr; <strong>1054</strong><br />(+35 for winning)\n|raw|aslso's rating: 1000 &rarr; <strong>1000</strong><br />(+0 for losing)\n",
  "uploadtime": 1776590568,
  "views": 16,
  "formatid": "gen9championsvgc2026regma",
  "rating": 1000,
  "private": 0,
  "password": null
}