{
  "id": "gen9championsvgc2026regma-2581764440",
  "format": "[Gen 9 Champions] VGC 2026 Reg M-A",
  "players": [
    "Dddddsf",
    "JustAPoato"
  ],
  "log": "|j|\u2606Dddddsf\n|j|\u2606JustAPoato\n|html|<table width=\"100%\"><tr><td align=\"left\">Dddddsf</td><td align=\"right\">JustAPoato</tr><tr><td align=\"left\"><i class=\"fa fa-circle-o\"></i> <i class=\"fa fa-circle-o\"></i> </td><td align=\"right\"><i class=\"fa fa-circle-o\"></i> <i class=\"fa fa-circle-o\"></i> </tr></table>\n|uhtml|bestof|<h2><strong>Game 1</strong> of <a href=\"/game-bestof3-gen9championsvgc2026regma-2581764439\">a best-of-3</a></h2>\n|t:|1776026600\n|gametype|doubles\n|player|p1|Dddddsf|red-masters3|\n|player|p2|JustAPoato|pryce|\n|gen|9\n|tier|[Gen 9 Champions] VGC 2026 Reg M-A\n|rule|Species Clause: Limit one of each Pok\u00e9mon\n|rule|Item Clause: Limit 1 of each item\n|raw|<div class=\"infobox\"><details class=\"readmore\" open><summary><strong>1 custom rule:</strong></summary> Best of = 3</details></div>\n|clearpoke\n|poke|p1|Aerodactyl, L50, F|\n|poke|p1|Palafin, L50, M|\n|poke|p1|Incineroar, L50, F|\n|poke|p1|Meganium, L50, F|\n|poke|p1|Aegislash, L50, M|\n|poke|p1|Farigiraf, L50, F|\n|poke|p2|Floette-Eternal, L50, F|\n|poke|p2|Whimsicott, L50, F|\n|poke|p2|Maushold-Four, L50|\n|poke|p2|Pelipper, L50, M|\n|poke|p2|Archaludon, L50, F|\n|poke|p2|Sneasler, L50, F|\n|teampreview|4\n|inactive|Battle timer is ON: inactive players will automatically lose when time's up. (requested by JustAPoato)\n|inactiveoff|Battle timer is now OFF.\nDddddsf has agreed to open team sheets.\nJustAPoato has agreed to open team sheets.\n|showteam|p1|Aerodactyl||FocusSash|Unnerve|Tailwind,RockSlide,DualWingbeat,WideGuard|||F|||50|]Palafin||MysticWater|ZerotoHero|WaveCrash,FlipTurn,JetPunch,Protect|||M|||50|]Incineroar||SitrusBerry|Intimidate|FlareBlitz,DarkestLariat,FakeOut,PartingShot|||F|||50|]Meganium||Meganiumite|Overgrow|SolarBeam,WeatherBall,Protect,EarthPower|||F|||50|]Aegislash||Leftovers|StanceChange|IronHead,Poltergeist,KingsShield,SacredSword|||M|||50|]Farigiraf||MentalHerb|ArmorTail|Psychic,HelpingHand,TrickRoom,Protect|||F|||50|\n|showteam|p2|Floette-Eternal||Floettite|FlowerVeil|DazzlingGleam,Moonblast,CalmMind,Protect|||F|||50|]Whimsicott||MentalHerb|Prankster|Tailwind,Moonblast,Taunt,Protect|||F|||50|]Maushold-Four||Leftovers|FriendGuard|SuperFang,Encore,HelpingHand,FollowMe||||||50|]Pelipper||ChoiceScarf|Drizzle|WeatherBall,Hurricane,IcyWind,Uturn|||M|||50|]Archaludon||BrightPowder|Stamina|ElectroShot,FlashCannon,DragonPulse,Protect|||F|||50|]Sneasler||WhiteHerb|Unburden|FakeOut,CloseCombat,DireClaw,Protect|||F|||50|\n|\n|t:|1776026664\n|teamsize|p1|4\n|teamsize|p2|4\n|start\n|switch|p1a: Helmet Head|Aerodactyl, L50, F|100/100\n|switch|p1b: Hero's Porpoise|Palafin, L50, M|100/100\n|switch|p2a: Flower Power|Floette-Eternal, L50, F|100/100\n|switch|p2b: Windbreaker|Whimsicott, L50, F|100/100\n|-ability|p1a: Helmet Head|Unnerve\n|turn|1\n|j| Slapme2\n|\n|t:|1776026706\n|detailschange|p1b: Hero's Porpoise|Palafin-Hero, L50, M\n|switch|p1b: Excalibore|Aegislash, L50, M, shiny|100/100\n|detailschange|p2a: Flower Power|Floette-Mega, L50, F\n|-mega|p2a: Flower Power|Floette|Floettite\n|-ability|p2a: Flower Power|Fairy Aura\n|move|p2b: Windbreaker|Taunt|p1a: Helmet Head\n|-start|p1a: Helmet Head|move: Taunt\n|cant|p1a: Helmet Head|move: Taunt|Tailwind\n|move|p2a: Flower Power|Dazzling Gleam|p1b: Excalibore|[spread] p1a,p1b\n|-resisted|p1b: Excalibore|1\n|-damage|p1a: Helmet Head|40/100\n|-damage|p1b: Excalibore|80/100\n|\n|-heal|p1b: Excalibore|86/100|[from] item: Leftovers\n|upkeep\n|turn|2\n|\n|t:|1776026724\n|move|p2a: Flower Power|Protect|p2a: Flower Power\n|-singleturn|p2a: Flower Power|Protect\n|move|p2b: Windbreaker|Tailwind|p2b: Windbreaker\n|-sidestart|p2: JustAPoato|move: Tailwind\n|move|p1a: Helmet Head|Dual Wingbeat|p2b: Windbreaker\n|-supereffective|p2b: Windbreaker|1\n|-damage|p2b: Windbreaker|46/100\n|-supereffective|p2b: Windbreaker|1\n|-damage|p2b: Windbreaker|0 fnt\n|faint|p2b: Windbreaker\n|-hitcount|p2: Windbreaker|2\n|-formechange|p1b: Excalibore|Aegislash-Blade|\n|move|p1b: Excalibore|Iron Head|p2a: Flower Power\n|-activate|p2a: Flower Power|move: Protect\n|\n|-heal|p1b: Excalibore|93/100|[from] item: Leftovers\n|upkeep\n|\n|t:|1776026738\n|switch|p2b: Deceitful David|Sneasler, L50, F|100/100\n|turn|3\n|\n|t:|1776026762\n|-formechange|p1b: Excalibore|Aegislash|\n|move|p1b: Excalibore|King's Shield|p1b: Excalibore\n|-singleturn|p1b: Excalibore|Protect\n|move|p2b: Deceitful David|Fake Out|p1a: Helmet Head\n|-resisted|p1a: Helmet Head|1\n|-damage|p1a: Helmet Head|29/100\n|move|p2a: Flower Power|Moonblast|p1b: Excalibore\n|-activate|p1b: Excalibore|move: Protect\n|cant|p1a: Helmet Head|flinch\n|\n|-heal|p1b: Excalibore|99/100|[from] item: Leftovers\n|-end|p1a: Helmet Head|move: Taunt\n|upkeep\n|turn|4\n|\n|t:|1776026773\n|move|p2b: Deceitful David|Close Combat|p1a: Helmet Head\n|-damage|p1a: Helmet Head|0 fnt\n|-unboost|p2b: Deceitful David|def|1\n|-unboost|p2b: Deceitful David|spd|1\n|faint|p1a: Helmet Head\n|-enditem|p2b: Deceitful David|White Herb\n|-clearnegativeboost|p2b: Deceitful David|[silent]\n|move|p2a: Flower Power|Moonblast|p1b: Excalibore\n|-resisted|p1b: Excalibore|1\n|-damage|p1b: Excalibore|71/100\n|-formechange|p1b: Excalibore|Aegislash-Blade|\n|move|p1b: Excalibore|Iron Head|p2a: Flower Power\n|-supereffective|p2a: Flower Power|1\n|-damage|p2a: Flower Power|0 fnt\n|faint|p2a: Flower Power\n|\n|-heal|p1b: Excalibore|77/100|[from] item: Leftovers\n|upkeep\n|\n|t:|1776026787\n|switch|p1a: Hero's Porpoise|Palafin-Hero, L50, M|100/100\n|switch|p2a: Bridge|Archaludon, L50, F|100/100\n|-activate|p1a: Hero's Porpoise|ability: Zero to Hero\n|turn|5\n|\n|t:|1776026805\n|move|p1a: Hero's Porpoise|Jet Punch|p2b: Deceitful David\n|-damage|p2b: Deceitful David|22/100\n|move|p2b: Deceitful David|Dire Claw|p1a: Hero's Porpoise\n|-damage|p1a: Hero's Porpoise|51/100\n|move|p2a: Bridge|Dragon Pulse|p1b: Excalibore\n|-resisted|p1b: Excalibore|1\n|-damage|p1b: Excalibore|38/100\n|move|p1b: Excalibore|Sacred Sword|p2a: Bridge\n|-supereffective|p2a: Bridge|1\n|-damage|p2a: Bridge|35/100\n|-ability|p2a: Bridge|Stamina|boost\n|-boost|p2a: Bridge|def|1\n|\n|-heal|p1b: Excalibore|44/100|[from] item: Leftovers\n|-sideend|p2: JustAPoato|move: Tailwind\n|upkeep\n|turn|6\n|\n|t:|1776026827\n|-formechange|p1b: Excalibore|Aegislash|\n|move|p1b: Excalibore|King's Shield|p1b: Excalibore\n|-singleturn|p1b: Excalibore|Protect\n|move|p1a: Hero's Porpoise|Jet Punch|p2b: Deceitful David\n|-damage|p2b: Deceitful David|0 fnt\n|faint|p2b: Deceitful David\n|move|p2a: Bridge|Dragon Pulse|p1a: Hero's Porpoise\n|-damage|p1a: Hero's Porpoise|6/100\n|\n|-heal|p1b: Excalibore|50/100|[from] item: Leftovers\n|upkeep\n|turn|7\n|\n|t:|1776026839\n|move|p1a: Hero's Porpoise|Wave Crash|p2a: Bridge\n|-resisted|p2a: Bridge|1\n|-damage|p2a: Bridge|12/100\n|-ability|p2a: Bridge|Stamina|boost\n|-boost|p2a: Bridge|def|1\n|-damage|p1a: Hero's Porpoise|0 fnt|[from] Recoil\n|faint|p1a: Hero's Porpoise\n|move|p2a: Bridge|Dragon Pulse|p1b: Excalibore\n|-resisted|p1b: Excalibore|1\n|-damage|p1b: Excalibore|32/100\n|-formechange|p1b: Excalibore|Aegislash-Blade|\n|move|p1b: Excalibore|Sacred Sword|p2a: Bridge\n|-supereffective|p2a: Bridge|1\n|-damage|p2a: Bridge|0 fnt\n|faint|p2a: Bridge\n|\n|win|Dddddsf\n||JustAPoato is ready for game 2.\n|inactive|Dddddsf has 30 seconds to confirm battle start!\n|inactive|Dddddsf has 20 seconds to confirm battle start!\n||Dddddsf is ready for game 2.\n|uhtml|next|Next: <a href=\"/battle-gen9championsvgc2026regma-2581767858\"><strong>Game 2 of 3</strong></a>\n|l| Slapme2\n|l|\u2606JustAPoato\n|player|p2|\n",
  "uploadtime": 1776027319,
  "views": 12,
  "formatid": "gen9championsvgc2026regma",
  "rating": null,
  "private": 0,
  "password": null
}