{
  "id": "gen9championsvgc2026regma-2584767856",
  "format": "[Gen 9 Champions] VGC 2026 Reg M-A",
  "players": [
    "TheCheckMatt",
    "sangriaa"
  ],
  "log": "|j|\u2606TheCheckMatt\n|j|\u2606sangriaa\n|t:|1776282263\n|gametype|doubles\n|player|p1|TheCheckMatt|riley|1112\n|player|p2|sangriaa|iris-gen5bw2|1112\n|gen|9\n|tier|[Gen 9 Champions] VGC 2026 Reg M-A\n|rated|\n|rule|Species Clause: Limit one of each Pok\u00e9mon\n|rule|Item Clause: Limit 1 of each item\n|clearpoke\n|poke|p1|Dragonite, L50, F|\n|poke|p1|Ceruledge, L50, M|\n|poke|p1|Meowscarada, L50, F|\n|poke|p1|Gardevoir, L50, M|\n|poke|p1|Milotic, L50, F|\n|poke|p1|Zoroark-Hisui, L50, F|\n|poke|p2|Alakazam, L50, M|\n|poke|p2|Drampa, L50, F|\n|poke|p2|Pelipper, L50, F|\n|poke|p2|Basculegion, L50, M|\n|poke|p2|Scizor, L50, F|\n|poke|p2|Sinistcha, L50|\n|teampreview|4\nsangriaa rejected open team sheets.\n|\n|t:|1776282330\n|teamsize|p1|4\n|teamsize|p2|4\n|start\n|switch|p1a: Dragonite|Dragonite, L50, F|100/100\n|switch|p1b: Ceruledge|Ceruledge, L50, M|100/100\n|switch|p2a: Pelipper|Pelipper, L50, F|100/100\n|switch|p2b: Scizor|Scizor, L50, F|100/100\n|-weather|RainDance|[from] ability: Drizzle|[of] p2a: Pelipper\n|turn|1\n|\n|t:|1776282359\n|move|p2b: Scizor|Protect|p2b: Scizor\n|-singleturn|p2b: Scizor|Protect\n|move|p1b: Ceruledge|Flamethrower|p2b: Scizor\n|-activate|p2b: Scizor|move: Protect\n|move|p2a: Pelipper|Tailwind|p2a: Pelipper\n|-sidestart|p2: sangriaa|move: Tailwind\n|move|p1a: Dragonite|Tailwind|p1a: Dragonite\n|-sidestart|p1: TheCheckMatt|move: Tailwind\n|\n|-weather|RainDance|[upkeep]\n|upkeep\n|turn|2\n|\n|t:|1776282388\n|detailschange|p2b: Scizor|Scizor-Mega, L50, F\n|-mega|p2b: Scizor|Scizor|Scizorite\n|move|p2b: Scizor|Bullet Punch|p1a: Dragonite\n|-damage|p1a: Dragonite|82/100\n|move|p1b: Ceruledge|Flamethrower|p2b: Scizor\n|-supereffective|p2b: Scizor|2\n|-damage|p2b: Scizor|28/100\n|-status|p2b: Scizor|brn\n|move|p2a: Pelipper|Weather Ball|p1b: Ceruledge\n|-damage|p1b: Ceruledge|0 fnt\n|replace|p1b: Zoroark|Zoroark-Hisui, L50, F\n|-end|p1b: Zoroark|Illusion\n|faint|p1b: Zoroark\n|move|p1a: Dragonite|Breaking Swipe|p2a: Pelipper|[spread] p2a,p2b\n|-resisted|p2b: Scizor|1\n|-damage|p2a: Pelipper|71/100\n|-damage|p2b: Scizor|19/100 brn\n|-unboost|p2a: Pelipper|atk|1\n|-unboost|p2b: Scizor|atk|1\n|\n|-weather|RainDance|[upkeep]\n|-damage|p2b: Scizor|12/100 brn|[from] brn\n|upkeep\n|\n|t:|1776282409\n|switch|p1b: Ceruledge|Ceruledge, L50, M|100/100\n|turn|3\n|\n|t:|1776282422\n|move|p1b: Ceruledge|Protect|p1b: Ceruledge\n|-singleturn|p1b: Ceruledge|Protect\n|move|p2b: Scizor|Protect|p2b: Scizor\n|-singleturn|p2b: Scizor|Protect\n|move|p1a: Dragonite|Extreme Speed|p2a: Pelipper\n|-damage|p2a: Pelipper|36/100\n|move|p2a: Pelipper|Weather Ball|p1b: Ceruledge\n|-activate|p1b: Ceruledge|move: Protect\n|\n|-weather|RainDance|[upkeep]\n|-damage|p2b: Scizor|6/100 brn|[from] brn\n|upkeep\n|turn|4\n|\n|t:|1776282444\n|switch|p2b: Sinistcha|Sinistcha, L50|100/100\n|-heal|p2a: Pelipper|60/100|[from] ability: Hospitality|[of] p2b: Sinistcha\n|move|p1a: Dragonite|Extreme Speed|p2a: Pelipper\n|-damage|p2a: Pelipper|26/100\n|move|p1b: Ceruledge|Shadow Sneak|p2a: Pelipper\n|-damage|p2a: Pelipper|0 fnt\n|faint|p2a: Pelipper\n|\n|-weather|RainDance|[upkeep]\n|-sideend|p1: TheCheckMatt|move: Tailwind\n|-sideend|p2: sangriaa|move: Tailwind\n|upkeep\n|\n|t:|1776282455\n|switch|p2a: Basculegion|Basculegion, L50, M|100/100\n|turn|5\n|\n|t:|1776282468\n|switch|p2b: Scizor|Scizor-Mega, L50, F|6/100 brn\n|move|p1b: Ceruledge|Protect|p1b: Ceruledge\n|-singleturn|p1b: Ceruledge|Protect\n|move|p2a: Basculegion|Aqua Jet|p1b: Ceruledge\n|-activate|p1b: Ceruledge|move: Protect\n|move|p1a: Dragonite|Breaking Swipe|p2a: Basculegion|[spread] p2a,p2b\n|-resisted|p2b: Scizor|1\n|-damage|p2a: Basculegion|71/100\n|-damage|p2b: Scizor|0 fnt\n|-unboost|p2a: Basculegion|atk|1\n|faint|p2b: Scizor\n|\n|-weather|none\n|upkeep\n|\n|t:|1776282481\n|switch|p2b: Sinistcha|Sinistcha, L50|100/100\n|-heal|p2a: Basculegion|96/100|[from] ability: Hospitality|[of] p2b: Sinistcha\n|turn|6\n|\n|t:|1776282503\n|move|p1b: Ceruledge|Shadow Sneak|p2a: Basculegion\n|-supereffective|p2a: Basculegion|1\n|-damage|p2a: Basculegion|33/100\n|move|p2a: Basculegion|Aqua Jet|p1b: Ceruledge\n|-supereffective|p1b: Ceruledge|1\n|-damage|p1b: Ceruledge|64/100\n|-ability|p1b: Ceruledge|Weak Armor|boost\n|-unboost|p1b: Ceruledge|def|1\n|-boost|p1b: Ceruledge|spe|2\n|move|p1a: Dragonite|Breaking Swipe|p2b: Sinistcha|[spread] p2a,p2b\n|-damage|p2a: Basculegion|3/100\n|-damage|p2b: Sinistcha|75/100\n|-unboost|p2a: Basculegion|atk|1\n|-unboost|p2b: Sinistcha|atk|1\n|move|p2b: Sinistcha|Matcha Gotcha|p1a: Dragonite|[spread] p1a,p1b\n|-resisted|p1a: Dragonite|2\n|-resisted|p1b: Ceruledge|1\n|-damage|p1a: Dragonite|76/100\n|-heal|p2b: Sinistcha|78/100|[from] drain|[of] p1a: Dragonite\n|-damage|p1b: Ceruledge|47/100\n|-heal|p2b: Sinistcha|85/100|[from] drain|[of] p1b: Ceruledge\n|\n|upkeep\n|turn|7\n|\n|t:|1776282528\n|move|p1b: Ceruledge|Shadow Sneak|p2a: Basculegion\n|-supereffective|p2a: Basculegion|1\n|-damage|p2a: Basculegion|0 fnt\n|faint|p2a: Basculegion\n|move|p1a: Dragonite|Breaking Swipe|p2b: Sinistcha\n|-damage|p2b: Sinistcha|54/100\n|-unboost|p2b: Sinistcha|atk|1\n|move|p2b: Sinistcha|Life Dew|p2b: Sinistcha\n|-heal|p2b: Sinistcha|80/100\n|\n|upkeep\n|turn|8\n|\n|t:|1776282541\n|move|p1b: Ceruledge|Swords Dance|p1b: Ceruledge\n|-boost|p1b: Ceruledge|atk|2\n|move|p1a: Dragonite|Tailwind|p1a: Dragonite\n|-sidestart|p1: TheCheckMatt|move: Tailwind\n|move|p2b: Sinistcha|Matcha Gotcha|p1b: Ceruledge|[spread] p1a\n|-miss|p2b: Sinistcha|p1b: Ceruledge\n|-resisted|p1a: Dragonite|2\n|-damage|p1a: Dragonite|69/100\n|-heal|p2b: Sinistcha|84/100|[from] drain|[of] p1a: Dragonite\n|-status|p1a: Dragonite|brn\n|\n|-damage|p1a: Dragonite|63/100 brn|[from] brn\n|upkeep\n|turn|9\n|\n|t:|1776282555\n|move|p2b: Sinistcha|Rage Powder|p2b: Sinistcha\n|-singleturn|p2b: Sinistcha|move: Rage Powder\n|move|p1b: Ceruledge|Bitter Blade|p2b: Sinistcha\n|-supereffective|p2b: Sinistcha|1\n|-damage|p2b: Sinistcha|0 fnt\n|-heal|p1b: Ceruledge|96/100|[from] drain|[of] p2b: Sinistcha\n|faint|p2b: Sinistcha\n|\n|win|TheCheckMatt\n|raw|TheCheckMatt's rating: 1112 &rarr; <strong>1137</strong><br />(+25 for winning)\n|raw|sangriaa's rating: 1112 &rarr; <strong>1087</strong><br />(-25 for losing)\n|l|\u2606sangriaa\n|player|p2|\n",
  "uploadtime": 1776282563,
  "views": 25,
  "formatid": "gen9championsvgc2026regma",
  "rating": 1087,
  "private": 0,
  "password": null
}