{
  "id": "gen9championsvgc2026regma-2588883339",
  "format": "[Gen 9 Champions] VGC 2026 Reg M-A",
  "players": [
    "Valrdis",
    "k2n2"
  ],
  "log": "|j|\u2606Valrdis\n|j|\u2606k2n2\n|t:|1776682138\n|gametype|doubles\n|player|p1|Valrdis|grimsley|1064\n|player|p2|k2n2|2|1029\n|gen|9\n|tier|[Gen 9 Champions] VGC 2026 Reg M-A\n|rated|\n|rule|Species Clause: Limit one of each Pok\u00e9mon\n|rule|Item Clause: Limit 1 of each item\n|clearpoke\n|poke|p1|Zoroark-Hisui, L50, M|\n|poke|p1|Chandelure, L50, M, shiny|\n|poke|p1|Umbreon, L50, F, shiny|\n|poke|p1|Delphox, L50, M|\n|poke|p1|Aegislash, L50, F, shiny|\n|poke|p1|Milotic, L50, M|\n|poke|p2|Castform, L50, M|\n|poke|p2|Pelipper, L50, F, shiny|\n|poke|p2|Ninetales, L50, M, shiny|\n|poke|p2|Froslass, L50, F, shiny|\n|poke|p2|Meganium, L50, M|\n|poke|p2|Vanilluxe, L50, M|\n|teampreview|4\n|\n|t:|1776682164\n|teamsize|p1|4\n|teamsize|p2|4\n|start\n|switch|p1a: Ashling|Chandelure, L50, M, shiny|100/100\n|switch|p1b: Willow|Delphox, L50, M|100/100\n|switch|p2a: Castform|Castform, L50, M|100/100\n|switch|p2b: Pelipper|Pelipper, L50, F, shiny|100/100\n|-weather|RainDance|[from] ability: Drizzle|[of] p2b: Pelipper\n|-formechange|p2a: Castform|Castform-Rainy|[msg]|[from] ability: Forecast\n|turn|1\n|\n|t:|1776682191\n|move|p1b: Willow|Hyper Voice|p2a: Castform|[spread] p2a,p2b\n|-damage|p2a: Castform|38/100\n|-damage|p2b: Pelipper|39/100\n|-enditem|p2a: Castform|Sitrus Berry|[eat]\n|-heal|p2a: Castform|63/100|[from] item: Sitrus Berry\n|move|p2a: Castform|Weather Ball|p1b: Willow\n|-damage|p1b: Willow|0 fnt\n|replace|p1b: Phasma|Zoroark-Hisui, L50, M\n|-end|p1b: Phasma|Illusion\n|faint|p1b: Phasma\n|move|p1a: Ashling|Shadow Ball|p2b: Pelipper\n|-damage|p2b: Pelipper|0 fnt\n|faint|p2b: Pelipper\n|\n|-weather|RainDance|[upkeep]\n|upkeep\n|\n|t:|1776682209\n|switch|p1b: Flora|Umbreon, L50, F, shiny|100/100\n|switch|p2b: Meganium|Meganium, L50, M|100/100\n|turn|2\n|\n|t:|1776682230\n|detailschange|p2b: Meganium|Meganium-Mega, L50, M\n|-mega|p2b: Meganium|Meganium|Meganiumite\n|move|p2b: Meganium|Dazzling Gleam|p1a: Ashling|[spread] p1a,p1b\n|-resisted|p1a: Ashling|1\n|-supereffective|p1b: Flora|1\n|-damage|p1a: Ashling|80/100\n|-damage|p1b: Flora|55/100\n|move|p2a: Castform|Weather Ball|p1a: Ashling\n|-supereffective|p1a: Ashling|1\n|-damage|p1a: Ashling|0 fnt\n|faint|p1a: Ashling\n|move|p1b: Flora|Yawn|p2b: Meganium\n|-start|p2b: Meganium|move: Yawn|[of] p1b: Flora\n|\n|-weather|RainDance|[upkeep]\n|-heal|p1b: Flora|61/100|[from] item: Leftovers\n|upkeep\n|\n|t:|1776682246\n|switch|p1a: Willow|Delphox, L50, M|100/100\n|turn|3\n|\n|t:|1776682267\n|detailschange|p1a: Willow|Delphox-Mega, L50, M\n|-mega|p1a: Willow|Delphox|Delphoxite\n|move|p1b: Flora|Protect|p1b: Flora\n|-singleturn|p1b: Flora|Protect\n|move|p1a: Willow|Psychic|p2a: Castform\n|-damage|p2a: Castform|0 fnt\n|faint|p2a: Castform\n|move|p2b: Meganium|Dazzling Gleam|p1b: Flora|[spread] p1a\n|-activate|p1b: Flora|move: Protect\n|-resisted|p1a: Willow|1\n|-damage|p1a: Willow|85/100\n|\n|-weather|RainDance|[upkeep]\n|-heal|p1b: Flora|67/100|[from] item: Leftovers\n|-end|p2b: Meganium|move: Yawn|[silent]\n|-status|p2b: Meganium|slp\n|upkeep\n|\n|t:|1776682284\n|switch|p2a: Ninetales|Ninetales, L50, M, shiny|100/100\n|-weather|SunnyDay|[from] ability: Drought|[of] p2a: Ninetales\n|turn|4\n|\n|t:|1776682298\n|move|p1a: Willow|Heat Wave|p2a: Ninetales|[spread] p2a,p2b\n|-resisted|p2a: Ninetales|1\n|-supereffective|p2b: Meganium|1\n|-damage|p2a: Ninetales|62/100\n|-damage|p2b: Meganium|0 fnt\n|faint|p2b: Meganium\n|move|p2a: Ninetales|Dark Pulse|p1a: Willow\n|-supereffective|p1a: Willow|1\n|-damage|p1a: Willow|41/100\n|move|p1b: Flora|Foul Play|p2a: Ninetales|[miss]\n|-miss|p1b: Flora|p2a: Ninetales\n|\n|-weather|SunnyDay|[upkeep]\n|-heal|p1b: Flora|73/100|[from] item: Leftovers\n|upkeep\n|turn|5\n|\n|t:|1776682320\n|move|p1a: Willow|Psychic|p2a: Ninetales\n|-damage|p2a: Ninetales|0 fnt\n|faint|p2a: Ninetales\n|\n|win|Valrdis\n|raw|Valrdis's rating: 1064 &rarr; <strong>1091</strong><br />(+27 for winning)\n|raw|k2n2's rating: 1029 &rarr; <strong>1016</strong><br />(-13 for losing)\n|l|\u2606Valrdis\n|player|p1|\n",
  "uploadtime": 1776682334,
  "views": 9,
  "formatid": "gen9championsvgc2026regma",
  "rating": 1016,
  "private": 0,
  "password": null
}