{
  "id": "gen9championsvgc2026regma-2586795109",
  "format": "[Gen 9 Champions] VGC 2026 Reg M-A",
  "players": [
    "p3elz",
    "Kayra0660TR"
  ],
  "log": "|j|\u2606p3elz\n|j|\u2606Kayra0660TR\n|t:|1776460503\n|gametype|doubles\n|player|p1|p3elz|2|1079\n|player|p2|Kayra0660TR|101|1000\n|gen|9\n|tier|[Gen 9 Champions] VGC 2026 Reg M-A\n|rated|\n|rule|Species Clause: Limit one of each Pok\u00e9mon\n|rule|Item Clause: Limit 1 of each item\n|clearpoke\n|poke|p1|Cofagrigus, L50, F|\n|poke|p1|Torkoal, L50, M|\n|poke|p1|Rotom-Wash, L50|\n|poke|p1|Oranguru, L50, F|\n|poke|p1|Aggron, L50, M|\n|poke|p1|Sinistcha, L50|\n|poke|p2|Flapple, L50, F|\n|poke|p2|Sableye, L50, F|\n|poke|p2|Farigiraf, L50, F|\n|poke|p2|Camerupt, L50, F|\n|poke|p2|Heracross, L50, M|\n|poke|p2|Slowbro, L50, F|\n|teampreview|4\n|inactive|Battle timer is ON: inactive players will automatically lose when time's up. (requested by p3elz)\n|\n|t:|1776460597\n|teamsize|p1|4\n|teamsize|p2|4\n|start\n|switch|p1a: that turtle i hate|Torkoal, L50, M|100/100\n|switch|p1b: MONKEY.|Oranguru, L50, F|100/100\n|switch|p2a: Flapple|Flapple, L50, F|100/100\n|switch|p2b: Sableye|Sableye, L50, F|100/100\n|-weather|SunnyDay|[from] ability: Drought|[of] p1a: that turtle i hate\n|turn|1\n|\n|t:|1776460614\n|move|p2a: Flapple|Protect|p2a: Flapple\n|-singleturn|p2a: Flapple|Protect\n|move|p1a: that turtle i hate|Protect|p1a: that turtle i hate\n|-singleturn|p1a: that turtle i hate|Protect\n|move|p2b: Sableye|Taunt|p1b: MONKEY.\n|-start|p1b: MONKEY.|move: Taunt\n|-enditem|p1b: MONKEY.|Mental Herb\n|-end|p1b: MONKEY.|move: Taunt\n|move|p1b: MONKEY.|Trick Room|p1b: MONKEY.\n|-fieldstart|move: Trick Room|[of] p1b: MONKEY.\n|\n|-weather|SunnyDay|[upkeep]\n|upkeep\n|turn|2\n|\n|t:|1776460639\n|switch|p2a: Farigiraf|Farigiraf, L50, F|100/100\n|move|p2b: Sableye|Taunt|p1b: MONKEY.\n|-start|p1b: MONKEY.|move: Taunt\n|move|p1a: that turtle i hate|Eruption|p2a: Farigiraf|[spread] p2a,p2b\n|-damage|p2a: Farigiraf|20/100\n|-enditem|p2b: Sableye|Focus Sash\n|-damage|p2b: Sableye|1/100\n|cant|p1b: MONKEY.|move: Taunt|Instruct\n|\n|-weather|SunnyDay|[upkeep]\n|upkeep\n|turn|3\n|inactive|p3elz has 30 seconds left.\n|\n|t:|1776460670\n|switch|p1b: blue hose|Rotom-Wash, L50|100/100\n|move|p2b: Sableye|Disable|p1a: that turtle i hate\n|-start|p1a: that turtle i hate|Disable|Eruption\n|cant|p1a: that turtle i hate|Disable|Eruption\n|move|p2a: Farigiraf|Trick Room|p2a: Farigiraf\n|-fieldend|move: Trick Room\n|\n|-weather|SunnyDay|[upkeep]\n|upkeep\n|turn|4\n|\n|t:|1776460691\n|move|p1a: that turtle i hate|Protect|p1a: that turtle i hate\n|-singleturn|p1a: that turtle i hate|Protect\n|move|p2b: Sableye|Gravity|p2b: Sableye\n|-fieldstart|move: Gravity\n|move|p1b: blue hose|Volt Switch|p2b: Sableye\n|-damage|p2b: Sableye|0 fnt\n|faint|p2b: Sableye\n|\n|t:|1776460707\n|switch|p1b: MONKEY.|Oranguru, L50, F|100/100|[from] Volt Switch\n|move|p2a: Farigiraf|Twin Beam|p1b: MONKEY.\n|-resisted|p1b: MONKEY.|1\n|-damage|p1b: MONKEY.|94/100\n|-resisted|p1b: MONKEY.|1\n|-damage|p1b: MONKEY.|88/100\n|-hitcount|p1b: MONKEY.|2\n|\n|-weather|SunnyDay|[upkeep]\n|upkeep\n|\n|t:|1776460719\n|switch|p2b: Flapple|Flapple, L50, F|100/100\n|turn|5\n|\n|t:|1776460746\n|move|p2a: Farigiraf|Helping Hand|p2b: Flapple\n|-singleturn|p2b: Flapple|Helping Hand|[of] p2a: Farigiraf\n|move|p2b: Flapple|Dragon Rush|p1b: MONKEY.\n|-damage|p1b: MONKEY.|0 fnt\n|faint|p1b: MONKEY.\n|move|p1a: that turtle i hate|Heat Wave|p2a: Farigiraf|[spread] p2a,p2b\n|-damage|p2a: Farigiraf|0 fnt\n|-damage|p2b: Flapple|25/100\n|-status|p2b: Flapple|brn\n|-enditem|p2b: Flapple|Lum Berry|[eat]\n|-curestatus|p2b: Flapple|brn|[msg]\n|faint|p2a: Farigiraf\n|\n|-weather|none\n|upkeep\n|inactive|p3elz has 30 seconds left.\n|\n|t:|1776460775\n|switch|p2a: Heracross|Heracross, L50, M|100/100\n|switch|p1b: blue hose|Rotom-Wash, L50|100/100\n|turn|6\n|inactive|Kayra0660TR has 30 seconds left.\n|inactive|Kayra0660TR has 20 seconds left.\n|inactive|Kayra0660TR has 15 seconds left.\n|\n|t:|1776460817\n|switch|p1a: fatass|Aggron, L50, M|100/100\n|detailschange|p2a: Heracross|Heracross-Mega, L50, M\n|-mega|p2a: Heracross|Heracross|Heracronite\n|move|p1b: blue hose|Protect|p1b: blue hose\n|-singleturn|p1b: blue hose|Protect\n|move|p2b: Flapple|Protect|p2b: Flapple\n|-singleturn|p2b: Flapple|Protect\n|move|p2a: Heracross|Bullet Seed|p1b: blue hose\n|-activate|p1b: blue hose|move: Protect\n|\n|upkeep\n|turn|7\n|inactive|p3elz has 30 seconds left.\n|\n|t:|1776460846\n|detailschange|p1a: fatass|Aggron-Mega, L50, M\n|-mega|p1a: fatass|Aggron|Aggronite\n|move|p1a: fatass|Protect|p1a: fatass\n|-singleturn|p1a: fatass|Protect\n|move|p1b: blue hose|Volt Switch|p2a: Heracross\n|-damage|p2a: Heracross|78/100\n|\n|t:|1776460860\n|switch|p1b: that turtle i hate|Torkoal, L50, M|100/100|[from] Volt Switch\n|-weather|SunnyDay|[from] ability: Drought|[of] p1b: that turtle i hate\n|move|p2a: Heracross|Bullet Seed|p1b: that turtle i hate\n|-resisted|p1b: that turtle i hate|1\n|-damage|p1b: that turtle i hate|95/100\n|-resisted|p1b: that turtle i hate|1\n|-damage|p1b: that turtle i hate|91/100\n|-resisted|p1b: that turtle i hate|1\n|-damage|p1b: that turtle i hate|86/100\n|-resisted|p1b: that turtle i hate|1\n|-damage|p1b: that turtle i hate|82/100\n|-resisted|p1b: that turtle i hate|1\n|-damage|p1b: that turtle i hate|77/100\n|-hitcount|p1b: that turtle i hate|5\n|move|p2b: Flapple|Grav Apple|p1a: fatass\n|-activate|p1a: fatass|move: Protect\n|\n|-weather|SunnyDay|[upkeep]\n|upkeep\n|turn|8\n|inactive|p3elz has 30 seconds left.\n|inactive|Kayra0660TR has 30 seconds left.\n|inactive|p3elz has 20 seconds left.\n|inactive|Kayra0660TR has 20 seconds left.\n|inactive|p3elz has 15 seconds left.\n|\n|t:|1776460904\n|move|p2a: Heracross|Rock Blast|p1b: that turtle i hate\n|-supereffective|p1b: that turtle i hate|1\n|-damage|p1b: that turtle i hate|55/100\n|-supereffective|p1b: that turtle i hate|1\n|-damage|p1b: that turtle i hate|37/100\n|-supereffective|p1b: that turtle i hate|1\n|-damage|p1b: that turtle i hate|19/100\n|-supereffective|p1b: that turtle i hate|1\n|-damage|p1b: that turtle i hate|0 fnt\n|faint|p1b: that turtle i hate\n|-hitcount|p1: that turtle i hate|4\n|move|p2b: Flapple|Grav Apple|p1a: fatass\n|-resisted|p1a: fatass|1\n|-damage|p1a: fatass|76/100\n|-unboost|p1a: fatass|def|1\n|move|p1a: fatass|Heavy Slam|p2a: Heracross\n|-damage|p2a: Heracross|27/100\n|\n|-weather|SunnyDay|[upkeep]\n|-fieldend|move: Gravity\n|upkeep\n|inactive|p3elz has 30 seconds left.\n|\n|t:|1776460938\n|switch|p1b: blue hose|Rotom-Wash, L50|100/100\n|turn|9\n|\n|t:|1776460950\n|move|p1a: fatass|Protect|p1a: fatass\n|-singleturn|p1a: fatass|Protect\n|move|p1b: blue hose|Thunderbolt|p2a: Heracross\n|-damage|p2a: Heracross|0 fnt\n|faint|p2a: Heracross\n|move|p2b: Flapple|Grav Apple|p1b: blue hose\n|-supereffective|p1b: blue hose|1\n|-damage|p1b: blue hose|0 fnt\n|faint|p1b: blue hose\n|\n|-weather|SunnyDay|[upkeep]\n|upkeep\n|turn|10\n|inactive|p3elz has 30 seconds left.\n|\n|t:|1776460979\n|move|p2b: Flapple|Dragon Rush|p1a: fatass\n|-resisted|p1a: fatass|1\n|-damage|p1a: fatass|47/100\n|move|p1a: fatass|Heavy Slam|p2b: Flapple\n|-damage|p2b: Flapple|0 fnt\n|faint|p2b: Flapple\n|\n|win|p3elz\n|raw|p3elz's rating: 1079 &rarr; <strong>1101</strong><br />(+22 for winning)\n|raw|Kayra0660TR's rating: 1000 &rarr; <strong>1000</strong><br />(+0 for losing)\n|l|\u2606Kayra0660TR\n|player|p2|\n",
  "uploadtime": 1776460995,
  "views": 29,
  "formatid": "gen9championsvgc2026regma",
  "rating": 1000,
  "private": 0,
  "password": null
}