{
  "id": "gen9championsvgc2026regma-2587123379",
  "format": "[Gen 9 Champions] VGC 2026 Reg M-A",
  "players": [
    "ThatOtherOneWeirdo",
    "Pucuk"
  ],
  "log": "|j|\u2606ThatOtherOneWeirdo\n|j|\u2606Pucuk\n|t:|1776496733\n|gametype|doubles\n|player|p1|ThatOtherOneWeirdo|bellelba|1051\n|player|p2|Pucuk|265|1078\n|gen|9\n|tier|[Gen 9 Champions] VGC 2026 Reg M-A\n|rated|\n|rule|Species Clause: Limit one of each Pok\u00e9mon\n|rule|Item Clause: Limit 1 of each item\n|clearpoke\n|poke|p1|Chandelure, L50, M, shiny|\n|poke|p1|Whimsicott, L50, M, shiny|\n|poke|p1|Incineroar, L50, M, shiny|\n|poke|p1|Farigiraf, L50, M, shiny|\n|poke|p1|Crabominable, L50, F, shiny|\n|poke|p1|Orthworm, L50, M, shiny|\n|poke|p2|Talonflame, L50, M|\n|poke|p2|Sylveon, L50, F, shiny|\n|poke|p2|Orthworm, L50, M|\n|poke|p2|Oranguru, L50, M|\n|poke|p2|Kangaskhan, L50, F|\n|poke|p2|Drampa, L50, F, shiny|\n|teampreview|4\n|\n|t:|1776496778\n|teamsize|p1|4\n|teamsize|p2|4\n|start\n|switch|p1a: Whimsicott|Whimsicott, L50, M, shiny|100/100\n|switch|p1b: Incineroar|Incineroar, L50, M, shiny|100/100\n|switch|p2a: Talonflame|Talonflame, L50, M|100/100\n|switch|p2b: Orthworm|Orthworm, L50, M|100/100\n|-ability|p1b: Incineroar|Intimidate|boost\n|-unboost|p2a: Talonflame|atk|1\n|-unboost|p2b: Orthworm|atk|1\n|turn|1\n|inactive|Battle timer is ON: inactive players will automatically lose when time's up. (requested by Pucuk)\n|\n|t:|1776496834\n|move|p2b: Orthworm|Protect|p2b: Orthworm\n|-singleturn|p2b: Orthworm|Protect\n|move|p1b: Incineroar|Fake Out|p2a: Talonflame\n|-damage|p2a: Talonflame|84/100\n|move|p1a: Whimsicott|Taunt|p2b: Orthworm\n|-activate|p2b: Orthworm|move: Protect\n|cant|p2a: Talonflame|flinch\n|\n|upkeep\n|turn|2\n|\n|t:|1776496857\n|move|p1a: Whimsicott|Taunt|p2b: Orthworm\n|-start|p2b: Orthworm|move: Taunt\n|move|p2a: Talonflame|Blaze Kick|p1a: Whimsicott\n|-supereffective|p1a: Whimsicott|1\n|-damage|p1a: Whimsicott|38/100\n|move|p1b: Incineroar|Flare Blitz|p2b: Orthworm\n|-supereffective|p2b: Orthworm|1\n|-damage|p2b: Orthworm|46/100\n|-enditem|p2b: Orthworm|Sitrus Berry|[eat]\n|-heal|p2b: Orthworm|71/100|[from] item: Sitrus Berry\n|-damage|p1b: Incineroar|82/100|[from] Recoil\n|move|p2b: Orthworm|Body Press|p1b: Incineroar\n|-supereffective|p1b: Incineroar|1\n|-damage|p1b: Incineroar|15/100\n|-enditem|p1b: Incineroar|Sitrus Berry|[eat]\n|-heal|p1b: Incineroar|39/100|[from] item: Sitrus Berry\n|\n|upkeep\n|turn|3\n|inactive|ThatOtherOneWeirdo has 30 seconds left.\n|inactive|Pucuk has 30 seconds left.\n|\n|t:|1776496892\n|move|p2a: Talonflame|Blaze Kick|p1a: Whimsicott\n|-supereffective|p1a: Whimsicott|1\n|-damage|p1a: Whimsicott|0 fnt\n|faint|p1a: Whimsicott\n|move|p1b: Incineroar|Flare Blitz|p2b: Orthworm\n|-supereffective|p2b: Orthworm|1\n|-damage|p2b: Orthworm|17/100\n|-damage|p1b: Incineroar|20/100|[from] Recoil\n|move|p2b: Orthworm|Body Press|p1b: Incineroar\n|-supereffective|p1b: Incineroar|1\n|-damage|p1b: Incineroar|0 fnt\n|faint|p1b: Incineroar\n|\n|upkeep\n|\n|t:|1776496906\n|switch|p1a: Crabominable|Crabominable, L50, F, shiny|100/100\n|switch|p1b: Orthworm|Orthworm, L50, M, shiny|100/100\n|turn|4\n|inactive|ThatOtherOneWeirdo has 30 seconds left.\n|\n|t:|1776496939\n|detailschange|p1a: Crabominable|Crabominable-Mega, L50, F, shiny\n|-mega|p1a: Crabominable|Crabominable|Crabominite\n|move|p1b: Orthworm|Protect|p1b: Orthworm\n|-singleturn|p1b: Orthworm|Protect\n|move|p2a: Talonflame|Dual Wingbeat|p1a: Crabominable\n|-supereffective|p1a: Crabominable|1\n|-damage|p1a: Crabominable|84/100\n|-supereffective|p1a: Crabominable|1\n|-damage|p1a: Crabominable|67/100\n|-hitcount|p1a: Crabominable|2\n|move|p2b: Orthworm|Iron Head|p1a: Crabominable\n|-supereffective|p1a: Crabominable|1\n|-damage|p1a: Crabominable|37/100\n|cant|p1a: Crabominable|flinch\n|\n|-end|p2b: Orthworm|move: Taunt\n|upkeep\n|turn|5\n|\n|t:|1776496961\n|move|p1a: Crabominable|Protect|p1a: Crabominable\n|-singleturn|p1a: Crabominable|Protect\n|move|p2a: Talonflame|Dual Wingbeat|p1a: Crabominable\n|-activate|p1a: Crabominable|move: Protect\n|move|p1b: Orthworm|Body Press|p2b: Orthworm\n|-supereffective|p2b: Orthworm|1\n|-damage|p2b: Orthworm|0 fnt\n|faint|p2b: Orthworm\n|\n|upkeep\n|\n|t:|1776496973\n|switch|p2b: Kangaskhan|Kangaskhan, L50, F|100/100\n|turn|6\n|\n|t:|1776496981\n|detailschange|p2b: Kangaskhan|Kangaskhan-Mega, L50, F\n|-mega|p2b: Kangaskhan|Kangaskhan|Kangaskhanite\n|move|p2b: Kangaskhan|Fake Out|p1b: Orthworm\n|-resisted|p1b: Orthworm|1\n|-damage|p1b: Orthworm|92/100\n|-resisted|p1b: Orthworm|1\n|-damage|p1b: Orthworm|89/100\n|-hitcount|p1b: Orthworm|2\n|move|p2a: Talonflame|Dual Wingbeat|p1a: Crabominable\n|-supereffective|p1a: Crabominable|1\n|-damage|p1a: Crabominable|19/100\n|-supereffective|p1a: Crabominable|1\n|-damage|p1a: Crabominable|2/100\n|-hitcount|p1a: Crabominable|2\n|cant|p1b: Orthworm|flinch\n|move|p1a: Crabominable|Drain Punch|p2b: Kangaskhan\n|-supereffective|p2b: Kangaskhan|1\n|-damage|p2b: Kangaskhan|0 fnt\n|-heal|p1a: Crabominable|52/100|[from] drain|[of] p2b: Kangaskhan\n|faint|p2b: Kangaskhan\n|\n|-heal|p1b: Orthworm|96/100|[from] item: Leftovers\n|upkeep\n|\n|t:|1776497000\n|switch|p2b: Sylveon|Sylveon, L50, F, shiny|100/100\n|turn|7\n|\n|t:|1776497013\n|move|p1a: Crabominable|Protect|p1a: Crabominable\n|-singleturn|p1a: Crabominable|Protect\n|move|p2a: Talonflame|Blaze Kick|p1b: Orthworm\n|-supereffective|p1b: Orthworm|1\n|-damage|p1b: Orthworm|57/100\n|move|p2b: Sylveon|Hyper Voice|p1a: Crabominable|[spread] p1b\n|-activate|p1a: Crabominable|move: Protect\n|-resisted|p1b: Orthworm|1\n|-damage|p1b: Orthworm|30/100\n|move|p1b: Orthworm|Heavy Slam|p2b: Sylveon\n|-supereffective|p2b: Sylveon|1\n|-damage|p2b: Sylveon|0 fnt\n|faint|p2b: Sylveon\n|\n|-heal|p1b: Orthworm|36/100|[from] item: Leftovers\n|upkeep\n|turn|8\n|\n|t:|1776497036\n|move|p2a: Talonflame|Dual Wingbeat|p1a: Crabominable\n|-supereffective|p1a: Crabominable|1\n|-damage|p1a: Crabominable|34/100\n|-supereffective|p1a: Crabominable|1\n|-damage|p1a: Crabominable|18/100\n|-hitcount|p1a: Crabominable|2\n|move|p1b: Orthworm|Heavy Slam|p2a: Talonflame\n|-resisted|p2a: Talonflame|1\n|-damage|p2a: Talonflame|50/100\n|move|p1a: Crabominable|Thunder Punch|p2a: Talonflame\n|-supereffective|p2a: Talonflame|1\n|-damage|p2a: Talonflame|0 fnt\n|faint|p2a: Talonflame\n|\n|win|ThatOtherOneWeirdo\n|raw|ThatOtherOneWeirdo's rating: 1051 &rarr; <strong>1086</strong><br />(+35 for winning)\n|raw|Pucuk's rating: 1078 &rarr; <strong>1055</strong><br />(-23 for losing)\n|c|\u2606Pucuk|yea just one percent health luck day foryoy\n|l|\u2606Pucuk\n|player|p2|\n",
  "uploadtime": 1776497055,
  "views": 15,
  "formatid": "gen9championsvgc2026regma",
  "rating": 1055,
  "private": 0,
  "password": null
}