{
  "id": "gen9championsvgc2026regma-2580826934",
  "format": "[Gen 9 Champions] VGC 2026 Reg M-A",
  "players": [
    "VGC Lys w<",
    "kevinlob"
  ],
  "log": "|j|\u2606VGC Lys w<\n|j|\u2606kevinlob\n|t:|1775935678\n|gametype|doubles\n|player|p1|VGC Lys w<|miku-fairy|1026\n|player|p2|kevinlob|hilbert|1000\n|gen|9\n|tier|[Gen 9 Champions] VGC 2026 Reg M-A\n|rated|\n|rule|Species Clause: Limit one of each Pok\u00e9mon\n|rule|Item Clause: Limit 1 of each item\n|clearpoke\n|poke|p1|Glimmora, L50, M|\n|poke|p1|Maushold-Four, L50|\n|poke|p1|Arcanine-Hisui, L50, F|\n|poke|p1|Noivern, L50, F|\n|poke|p1|Blastoise, L50, F|\n|poke|p1|Meowstic, L50, M|\n|poke|p2|Drampa, L50, F|\n|poke|p2|Tyrantrum, L50, M|\n|poke|p2|Toxicroak, L50, M|\n|poke|p2|Liepard, L50, F|\n|poke|p2|Mimikyu, L50, M|\n|poke|p2|Alcremie, L50, F|\n|teampreview|4\n|inactive|Battle timer is ON: inactive players will automatically lose when time's up. (requested by VGC Lys w<)\n|inactive|VGC Lys w< has 60 seconds left.\n|inactive|kevinlob has 60 seconds left.\n|\n|t:|1775935711\n|teamsize|p1|4\n|teamsize|p2|4\n|start\n|switch|p1a: Arcanine|Arcanine-Hisui, L50, F|100/100\n|switch|p1b: Noivern|Noivern, L50, F, shiny|100/100\n|switch|p2a: Drampa|Drampa, L50, F|100/100\n|switch|p2b: Toxicroak|Toxicroak, L50, M|100/100\n|-item|p2a: Drampa|Drampanite|[from] ability: Frisk|[of] p1b: Noivern\n|-item|p2b: Toxicroak|Sitrus Berry|[from] ability: Frisk|[of] p1b: Noivern\n|turn|1\n|\n|t:|1775935734\n|detailschange|p2a: Drampa|Drampa-Mega, L50, F\n|-mega|p2a: Drampa|Drampa|Drampanite\n|move|p2b: Toxicroak|Fake Out|p1b: Noivern\n|-damage|p1b: Noivern|86/100\n|cant|p1b: Noivern|flinch\n|move|p1a: Arcanine|Flare Blitz|p2b: Toxicroak\n|-crit|p2b: Toxicroak\n|-damage|p2b: Toxicroak|0 fnt\n|faint|p2b: Toxicroak\n|move|p2a: Drampa|Calm Mind|p2a: Drampa\n|-boost|p2a: Drampa|spa|1\n|-boost|p2a: Drampa|spd|1\n|\n|upkeep\n|\n|t:|1775935745\n|switch|p2b: Mimikyu|Mimikyu, L50, M|100/100\n|turn|2\n|\n|t:|1775935752\n|move|p2a: Drampa|Protect|p2a: Drampa\n|-singleturn|p2a: Drampa|Protect\n|move|p1b: Noivern|Tailwind|p1b: Noivern\n|-sidestart|p1: VGC Lys w<|move: Tailwind\n|move|p1a: Arcanine|Rock Slide|p2b: Mimikyu|[spread] p2b\n|-activate|p2a: Drampa|move: Protect\n|-activate|p2b: Mimikyu|ability: Disguise\n|-damage|p2b: Mimikyu|100/100\n|detailschange|p2b: Mimikyu|Mimikyu-Busted, L50, M\n|-damage|p2b: Mimikyu|88/100|[from] pokemon: Mimikyu-Busted\n|move|p2b: Mimikyu|Trick Room|p2b: Mimikyu\n|-fieldstart|move: Trick Room|[of] p2b: Mimikyu\n|\n|upkeep\n|turn|3\n|\n|t:|1775935775\n|move|p1a: Arcanine|Protect|p1a: Arcanine\n|-singleturn|p1a: Arcanine|Protect\n|move|p1b: Noivern|Protect|p1b: Noivern\n|-singleturn|p1b: Noivern|Protect\n|move|p2a: Drampa|Hyper Voice|p1a: Arcanine|[spread] \n|-activate|p1a: Arcanine|move: Protect\n|-activate|p1b: Noivern|move: Protect\n|move|p2b: Mimikyu|Play Rough|p1b: Noivern\n|-activate|p1b: Noivern|move: Protect\n|\n|upkeep\n|turn|4\n|\n|t:|1775935797\n|move|p2a: Drampa|Hyper Voice|p1a: Arcanine|[spread] p1a,p1b\n|-resisted|p1a: Arcanine|1\n|-damage|p1a: Arcanine|60/100\n|-damage|p1b: Noivern|16/100\n|-enditem|p1b: Noivern|Sitrus Berry|[eat]\n|-heal|p1b: Noivern|41/100|[from] item: Sitrus Berry\n|move|p2b: Mimikyu|Play Rough|p1b: Noivern\n|-supereffective|p1b: Noivern|1\n|-damage|p1b: Noivern|0 fnt\n|faint|p1b: Noivern\n|move|p1a: Arcanine|Close Combat|p2a: Drampa\n|-supereffective|p2a: Drampa|1\n|-damage|p2a: Drampa|29/100\n|-unboost|p1a: Arcanine|def|1\n|-unboost|p1a: Arcanine|spd|1\n|-ability|p2a: Drampa|Berserk|boost\n|-boost|p2a: Drampa|spa|1\n|\n|upkeep\n|\n|t:|1775935810\n|switch|p1b: Meowstic|Meowstic, L50, M|100/100\n|turn|5\n|\n|t:|1775935820\n|move|p1b: Meowstic|Fake Out|p2a: Drampa\n|-damage|p2a: Drampa|25/100\n|cant|p2a: Drampa|flinch\n|move|p2b: Mimikyu|Swords Dance|p2b: Mimikyu\n|-boost|p2b: Mimikyu|atk|2\n|move|p1a: Arcanine|Rock Slide|p2a: Drampa|[spread] p2a,p2b\n|-damage|p2a: Drampa|0 fnt\n|-damage|p2b: Mimikyu|52/100\n|faint|p2a: Drampa\n|\n|-sideend|p1: VGC Lys w<|move: Tailwind\n|upkeep\n|\n|t:|1775935832\n|switch|p2a: Tyrantrum|Tyrantrum, L50, M|100/100\n|turn|6\n|\n|t:|1775935842\n|move|p1a: Arcanine|Protect|p1a: Arcanine\n|-singleturn|p1a: Arcanine|Protect\n|move|p2b: Mimikyu|Shadow Sneak|p1a: Arcanine\n|-activate|p1a: Arcanine|move: Protect\n|move|p1b: Meowstic|Thunder Wave|p2a: Tyrantrum\n|-status|p2a: Tyrantrum|par\n|cant|p2a: Tyrantrum|par\n|\n|-fieldend|move: Trick Room\n|upkeep\n|turn|7\n|\n|t:|1775935859\n|move|p1b: Meowstic|Psychic Terrain|p1b: Meowstic\n|-fieldstart|move: Psychic Terrain\n|move|p2b: Mimikyu|Shadow Sneak|p1a: Arcanine\n|-activate|p1a: Arcanine|move: Psychic Terrain\n|move|p1a: Arcanine|Flare Blitz|p2b: Mimikyu\n|-crit|p2b: Mimikyu\n|-damage|p2b: Mimikyu|0 fnt\n|faint|p2b: Mimikyu\n|move|p2a: Tyrantrum|Head Smash|p1b: Meowstic\n|-damage|p1b: Meowstic|0 fnt\n|faint|p1b: Meowstic\n|\n|upkeep\n|\n|t:|1775935864\n|switch|p1b: Blastoise|Blastoise, L50, F|100/100\n|turn|8\n|\n|t:|1775935871\n|move|p1b: Blastoise|Water Spout|p2a: Tyrantrum\n|-damage|p2a: Tyrantrum|0 fnt\n|faint|p2a: Tyrantrum\n|\n|win|VGC Lys w<\n|raw|VGC Lys w&lt;'s rating: 1026 &rarr; <strong>1059</strong><br />(+33 for winning)\n|raw|kevinlob's rating: 1000 &rarr; <strong>1000</strong><br />(+0 for losing)\n|l|\u2606kevinlob\n|player|p2|\n",
  "uploadtime": 1775935877,
  "views": 19,
  "formatid": "gen9championsvgc2026regma",
  "rating": 1000,
  "private": 0,
  "password": null
}