{
  "id": "gen9championsvgc2026regma-2586950107",
  "format": "[Gen 9 Champions] VGC 2026 Reg M-A",
  "players": [
    "Ayldus",
    "luckyhanky"
  ],
  "log": "|j|\u2606Ayldus\n|j|\u2606luckyhanky\n|t:|1776474812\n|gametype|doubles\n|player|p1|Ayldus|rosa|1291\n|player|p2|luckyhanky|medium-gen2jp|1318\n|gen|9\n|tier|[Gen 9 Champions] VGC 2026 Reg M-A\n|rated|\n|rule|Species Clause: Limit one of each Pok\u00e9mon\n|rule|Item Clause: Limit 1 of each item\n|clearpoke\n|poke|p1|Aggron, L50, F|\n|poke|p1|Incineroar, L50, M|\n|poke|p1|Basculegion, L50, M|\n|poke|p1|Sinistcha, L50|\n|poke|p1|Dragonite, L50, M|\n|poke|p1|Pelipper, L50, F|\n|poke|p2|Orthworm, L50, F|\n|poke|p2|Maushold-Four, L50|\n|poke|p2|Scovillain, L50, M|\n|poke|p2|Ninetales-Alola, L50, M|\n|poke|p2|Sneasler, L50, F|\n|poke|p2|Basculegion, L50, M|\n|teampreview|4\n|inactive|Battle timer is ON: inactive players will automatically lose when time's up. (requested by luckyhanky)\n|inactive|Ayldus also wants the timer to be on.\n|j| lowkeylokei\n|inactive|luckyhanky has 60 seconds left.\n|inactive|luckyhanky has 30 seconds left.\n|inactive|luckyhanky has 20 seconds left.\n|inactive|luckyhanky has 15 seconds left.\n|inactive|luckyhanky has 10 seconds left.\n|\n|t:|1776474895\n|teamsize|p1|4\n|teamsize|p2|4\n|start\n|switch|p1a: Aggron|Aggron, L50, F|100/100\n|switch|p1b: Incineroar|Incineroar, L50, M|100/100\n|switch|p2a: Orthworm|Orthworm, L50, F|100/100\n|switch|p2b: Maushold|Maushold-Four, L50|100/100\n|-ability|p1b: Incineroar|Intimidate|boost\n|-unboost|p2a: Orthworm|atk|1\n|-unboost|p2b: Maushold|atk|1\n|turn|1\n|\n|t:|1776474918\n|switch|p2a: Basculegion|Basculegion, L50, M|100/100\n|detailschange|p1a: Aggron|Aggron-Mega, L50, F\n|-mega|p1a: Aggron|Aggron|Aggronite\n|move|p1b: Incineroar|Fake Out|p2b: Maushold\n|-damage|p2b: Maushold|91/100\n|cant|p2b: Maushold|flinch\n|move|p1a: Aggron|Body Press|p2a: Basculegion\n|-immune|p2a: Basculegion\n|\n|upkeep\n|turn|2\n|\n|t:|1776474936\n|switch|p1b: Sinistcha|Sinistcha, L50|100/100\n|move|p2a: Basculegion|Flip Turn|p1b: Sinistcha\n|-resisted|p1b: Sinistcha|1\n|-damage|p1b: Sinistcha|88/100\n|\n|t:|1776474940\n|switch|p2a: Scovillain|Scovillain, L50, M|100/100|[from] Flip Turn\n|move|p2b: Maushold|Taunt|p1a: Aggron\n|-start|p1a: Aggron|move: Taunt\n|cant|p1a: Aggron|move: Taunt|Iron Defense\n|\n|-ability|p2a: Scovillain|Moody|boost\n|-boost|p2a: Scovillain|spa|2\n|-unboost|p2a: Scovillain|def|1\n|upkeep\n|turn|3\n|inactive|luckyhanky has 30 seconds left.\n|\n|t:|1776474968\n|switch|p1b: Incineroar|Incineroar, L50, M|100/100\n|-ability|p1b: Incineroar|Intimidate|boost\n|-unboost|p2a: Scovillain|atk|1\n|-unboost|p2b: Maushold|atk|1\n|switch|p1a: Pelipper|Pelipper, L50, F|100/100\n|-weather|RainDance|[from] ability: Drizzle|[of] p1a: Pelipper\n|move|p2b: Maushold|Follow Me|p2b: Maushold\n|-singleturn|p2b: Maushold|move: Follow Me\n|move|p2a: Scovillain|Overheat|p1b: Incineroar\n|-resisted|p1b: Incineroar|1\n|-damage|p1b: Incineroar|82/100\n|-unboost|p2a: Scovillain|spa|2\n|\n|-weather|RainDance|[upkeep]\n|-ability|p2a: Scovillain|Moody|boost\n|-boost|p2a: Scovillain|spe|2\n|-unboost|p2a: Scovillain|def|1\n|upkeep\n|turn|4\n|\n|t:|1776474985\n|move|p2a: Scovillain|Protect|p2a: Scovillain\n|-singleturn|p2a: Scovillain|Protect\n|move|p2b: Maushold|Protect|p2b: Maushold\n|-singleturn|p2b: Maushold|Protect\n|move|p1b: Incineroar|Fake Out|p2b: Maushold\n|-activate|p2b: Maushold|move: Protect\n|move|p1a: Pelipper|Tailwind|p1a: Pelipper\n|-sidestart|p1: Ayldus|move: Tailwind\n|\n|-weather|RainDance|[upkeep]\n|-ability|p2a: Scovillain|Moody|boost\n|-boost|p2a: Scovillain|spd|2\n|-unboost|p2a: Scovillain|spe|1\n|upkeep\n|turn|5\n|\n|t:|1776475004\n|detailschange|p2a: Scovillain|Scovillain-Mega, L50, M\n|-mega|p2a: Scovillain|Scovillain|Scovillainite\n|move|p1a: Pelipper|Hurricane|p2b: Maushold\n|-damage|p2b: Maushold|37/100\n|move|p1b: Incineroar|Parting Shot|p2a: Scovillain\n|-unboost|p2a: Scovillain|atk|1\n|-unboost|p2a: Scovillain|spa|1\n|\n|t:|1776475009\n|switch|p1b: Aggron|Aggron-Mega, L50, F|100/100|[from] Parting Shot\n|move|p2a: Scovillain|Leech Seed|p1b: Aggron|[miss]\n|-miss|p2a: Scovillain|p1b: Aggron\n|move|p2b: Maushold|Super Fang|p1a: Pelipper\n|-damage|p1a: Pelipper|51/100\n|\n|-weather|RainDance|[upkeep]\n|upkeep\n|turn|6\n|\n|t:|1776475027\n|move|p2a: Scovillain|Protect|p2a: Scovillain\n|-singleturn|p2a: Scovillain|Protect\n|move|p2b: Maushold|Protect|p2b: Maushold\n|-singleturn|p2b: Maushold|Protect\n|move|p1a: Pelipper|Hurricane|p2a: Scovillain\n|-activate|p2a: Scovillain|move: Protect\n|move|p1b: Aggron|Body Press|p2a: Scovillain\n|-activate|p2a: Scovillain|move: Protect\n|\n|-weather|RainDance|[upkeep]\n|upkeep\n|turn|7\n|\n|t:|1776475036\n|switch|p2a: Basculegion|Basculegion, L50, M|100/100\n|move|p1a: Pelipper|Hurricane|p2a: Basculegion\n|-damage|p2a: Basculegion|58/100\n|-start|p2a: Basculegion|confusion\n|move|p1b: Aggron|Body Press|p2a: Basculegion\n|-immune|p2a: Basculegion\n|move|p2b: Maushold|Super Fang|p1b: Aggron|[miss]\n|-miss|p2b: Maushold|p1b: Aggron\n|\n|-weather|none\n|-sideend|p1: Ayldus|move: Tailwind\n|upkeep\n|turn|8\n|\n|t:|1776475050\n|switch|p2a: Orthworm|Orthworm, L50, F|100/100\n|switch|p2b: Scovillain|Scovillain-Mega, L50, M|100/100\n|switch|p1a: Sinistcha|Sinistcha, L50|88/100\n|switch|p1b: Incineroar|Incineroar, L50, M|82/100\n|-ability|p1b: Incineroar|Intimidate|boost\n|-unboost|p2a: Orthworm|atk|1\n|-unboost|p2b: Scovillain|atk|1\n|\n|upkeep\n|turn|9\n|\n|t:|1776475064\n|switch|p1a: Pelipper|Pelipper, L50, F|51/100\n|-weather|RainDance|[from] ability: Drizzle|[of] p1a: Pelipper\n|move|p1b: Incineroar|Fake Out|p2a: Orthworm\n|-resisted|p2a: Orthworm|1\n|-damage|p2a: Orthworm|97/100\n|move|p2b: Scovillain|Leech Seed|p1b: Incineroar\n|-start|p1b: Incineroar|move: Leech Seed\n|cant|p2a: Orthworm|flinch\n|\n|-weather|RainDance|[upkeep]\n|-damage|p1b: Incineroar|69/100|[from] Leech Seed|[of] p2b: Scovillain\n|upkeep\n|turn|10\n|\n|t:|1776475081\n|move|p1a: Pelipper|Weather Ball|p2a: Orthworm\n|-damage|p2a: Orthworm|34/100\n|-enditem|p2a: Orthworm|Sitrus Berry|[eat]\n|-heal|p2a: Orthworm|59/100|[from] item: Sitrus Berry\n|move|p2b: Scovillain|Leaf Storm|p1a: Pelipper\n|-damage|p1a: Pelipper|0 fnt\n|-unboost|p2b: Scovillain|spa|2\n|faint|p1a: Pelipper\n|move|p2a: Orthworm|Shed Tail|p2a: Orthworm\n|-start|p2a: Orthworm|Substitute|[from] move: Shed Tail\n|-damage|p2a: Orthworm|9/100\n|\n|t:|1776475092\n|switch|p2a: Basculegion|Basculegion, L50, M|58/100|[from] Shed Tail\n|move|p1b: Incineroar|Parting Shot|p2b: Scovillain\n|-unboost|p2b: Scovillain|atk|1\n|-unboost|p2b: Scovillain|spa|1\n|\n|t:|1776475096\n|switch|p1b: Sinistcha|Sinistcha, L50|88/100|[from] Parting Shot\n|\n|-weather|RainDance|[upkeep]\n|upkeep\n|\n|t:|1776475103\n|switch|p1a: Aggron|Aggron-Mega, L50, F|100/100\n|turn|11\n|\n|t:|1776475112\n|move|p1a: Aggron|Protect|p1a: Aggron\n|-singleturn|p1a: Aggron|Protect\n|move|p2a: Basculegion|Phantom Force||[still]\n|-prepare|p2a: Basculegion|Phantom Force\n|move|p2b: Scovillain|Leech Seed|p1a: Aggron\n|-activate|p1a: Aggron|move: Protect\n|move|p1b: Sinistcha|Matcha Gotcha|p2b: Scovillain|[spread] p2b\n|-miss|p1b: Sinistcha|p2a: Basculegion\n|-resisted|p2b: Scovillain|2\n|-damage|p2b: Scovillain|93/100\n|-heal|p1b: Sinistcha|91/100|[from] drain|[of] p2b: Scovillain\n|-status|p1b: Sinistcha|brn|[from] ability: Spicy Spray|[of] p2b: Scovillain\n|\n|-weather|RainDance|[upkeep]\n|-damage|p1b: Sinistcha|85/100 brn|[from] brn\n|upkeep\n|turn|12\n|\n|t:|1776475128\n|switch|p1b: Incineroar|Incineroar, L50, M|69/100\n|-ability|p1b: Incineroar|Intimidate|boost\n|-immune|p2a: Basculegion\n|-unboost|p2b: Scovillain|atk|1\n|move|p2a: Basculegion|Phantom Force|p1b: Incineroar|[from] lockedmove\n|-resisted|p1b: Incineroar|1\n|-damage|p1b: Incineroar|50/100\n|move|p2b: Scovillain|Overheat|p1b: Incineroar\n|-resisted|p1b: Incineroar|1\n|-damage|p1b: Incineroar|45/100\n|-unboost|p2b: Scovillain|spa|2\n|move|p1a: Aggron|Heavy Slam|p2a: Basculegion\n|-resisted|p2a: Basculegion|1\n|-end|p2a: Basculegion|Substitute\n|\n|-weather|RainDance|[upkeep]\n|upkeep\n|turn|13\n|\n|t:|1776475144\n|switch|p2a: Orthworm|Orthworm, L50, F|9/100\n|move|p1b: Incineroar|Fake Out|p2b: Scovillain\n|-damage|p2b: Scovillain|83/100\n|-immune|p1b: Incineroar\n|cant|p2b: Scovillain|flinch\n|move|p1a: Aggron|Heavy Slam|p2a: Orthworm\n|-resisted|p2a: Orthworm|1\n|-damage|p2a: Orthworm|2/100\n|\n|-weather|none\n|upkeep\n|turn|14\n|inactive|Ayldus has 30 seconds left.\n|\n|t:|1776475172\n|switch|p1a: Sinistcha|Sinistcha, L50|85/100 brn\n|-heal|p1b: Incineroar|70/100|[from] ability: Hospitality|[of] p1a: Sinistcha\n|move|p2b: Scovillain|Leech Seed|p1a: Sinistcha\n|-immune|p1a: Sinistcha\n|move|p2a: Orthworm|Body Press|p1b: Incineroar\n|-supereffective|p1b: Incineroar|1\n|-enditem|p1b: Incineroar|Chople Berry|[eat]\n|-enditem|p1b: Incineroar|Chople Berry|[weaken]\n|-damage|p1b: Incineroar|47/100\n|move|p1b: Incineroar|Flare Blitz|p2a: Orthworm\n|-supereffective|p2a: Orthworm|1\n|-damage|p2a: Orthworm|0 fnt\n|faint|p2a: Orthworm\n|-damage|p1b: Incineroar|47/100|[from] Recoil\n|\n|-damage|p1a: Sinistcha|78/100 brn|[from] brn\n|upkeep\n|\n|t:|1776475185\n|switch|p2a: Basculegion|Basculegion, L50, M|58/100\n|turn|15\n|\n|t:|1776475195\n|move|p2a: Basculegion|Phantom Force||[still]\n|-prepare|p2a: Basculegion|Phantom Force\n|move|p2b: Scovillain|Leech Seed|p1b: Incineroar\n|-start|p1b: Incineroar|move: Leech Seed\n|move|p1a: Sinistcha|Matcha Gotcha|p2a: Basculegion|[spread] p2b\n|-miss|p1a: Sinistcha|p2a: Basculegion\n|-resisted|p2b: Scovillain|2\n|-damage|p2b: Scovillain|77/100\n|-heal|p1a: Sinistcha|82/100 brn|[from] drain|[of] p2b: Scovillain\n|move|p1b: Incineroar|Darkest Lariat|p2a: Basculegion|[miss]\n|-miss|p1b: Incineroar|p2a: Basculegion\n|\n|-damage|p1b: Incineroar|34/100|[from] Leech Seed|[of] p2b: Scovillain\n|-heal|p2b: Scovillain|91/100|[silent]\n|-damage|p1a: Sinistcha|76/100 brn|[from] brn\n|upkeep\n|turn|16\n|\n|t:|1776475209\n|switch|p2b: Maushold|Maushold-Four, L50|37/100\n|switch|p1a: Aggron|Aggron-Mega, L50, F|100/100\n|move|p2a: Basculegion|Phantom Force|p1a: Aggron|[from] lockedmove\n|-damage|p1a: Aggron|78/100\n|move|p1b: Incineroar|Darkest Lariat|p2a: Basculegion\n|-supereffective|p2a: Basculegion|1\n|-damage|p2a: Basculegion|0 fnt\n|faint|p2a: Basculegion\n|\n|-damage|p1b: Incineroar|22/100|[from] Leech Seed|[of] p2b: Maushold\n|-heal|p2b: Maushold|51/100|[silent]\n|upkeep\n|\n|t:|1776475216\n|switch|p2a: Scovillain|Scovillain-Mega, L50, M|91/100\n|turn|17\n|\n|t:|1776475226\n|switch|p1b: Sinistcha|Sinistcha, L50|76/100 brn\n|-heal|p1a: Aggron|100/100|[from] ability: Hospitality|[of] p1b: Sinistcha\n|move|p1a: Aggron|Protect|p1a: Aggron\n|-singleturn|p1a: Aggron|Protect\n|move|p2b: Maushold|Taunt|p1a: Aggron\n|-activate|p1a: Aggron|move: Protect\n|move|p2a: Scovillain|Overheat|p1b: Sinistcha\n|-supereffective|p1b: Sinistcha|1\n|-damage|p1b: Sinistcha|0 fnt\n|-unboost|p2a: Scovillain|spa|2\n|faint|p1b: Sinistcha\n|\n|upkeep\n|\n|t:|1776475237\n|switch|p1b: Incineroar|Incineroar, L50, M|22/100\n|-ability|p1b: Incineroar|Intimidate|boost\n|-unboost|p2a: Scovillain|atk|1\n|-unboost|p2b: Maushold|atk|1\n|turn|18\n|\n|t:|1776475245\n|move|p1b: Incineroar|Fake Out|p2a: Scovillain\n|-damage|p2a: Scovillain|83/100\n|-immune|p1b: Incineroar\n|move|p2b: Maushold|Taunt|p1a: Aggron\n|-start|p1a: Aggron|move: Taunt\n|cant|p2a: Scovillain|flinch\n|move|p1a: Aggron|Body Press|p2b: Maushold\n|-supereffective|p2b: Maushold|1\n|-damage|p2b: Maushold|0 fnt\n|faint|p2b: Maushold\n|\n|upkeep\n|turn|19\n|\n|t:|1776475252\n|move|p2a: Scovillain|Leech Seed|p1b: Incineroar\n|-start|p1b: Incineroar|move: Leech Seed\n|move|p1b: Incineroar|Flare Blitz|p2a: Scovillain\n|-damage|p2a: Scovillain|31/100\n|-immune|p1b: Incineroar\n|-damage|p1b: Incineroar|7/100|[from] Recoil\n|move|p1a: Aggron|Body Press|p2a: Scovillain\n|-damage|p2a: Scovillain|0 fnt\n|-status|p1a: Aggron|brn|[from] ability: Spicy Spray|[of] p2a: Scovillain\n|faint|p2a: Scovillain\n|\n|win|Ayldus\n|raw|Ayldus's rating: 1291 &rarr; <strong>1318</strong><br />(+27 for winning)\n|raw|luckyhanky's rating: 1318 &rarr; <strong>1296</strong><br />(-22 for losing)\n",
  "uploadtime": 1776475260,
  "views": 29,
  "formatid": "gen9championsvgc2026regma",
  "rating": 1296,
  "private": 0,
  "password": null
}