{
  "id": "gen9championsvgc2026regma-2580579330",
  "format": "[Gen 9 Champions] VGC 2026 Reg M-A",
  "players": [
    "Gigantropper",
    "sixthsavior"
  ],
  "log": "|j|\u2606Gigantropper\n|j|\u2606sixthsavior\n|t:|1775914893\n|gametype|doubles\n|player|p1|Gigantropper|170|1032\n|player|p2|sixthsavior|1|1042\n|gen|9\n|tier|[Gen 9 Champions] VGC 2026 Reg M-A\n|rated|\n|rule|Species Clause: Limit one of each Pok\u00e9mon\n|rule|Item Clause: Limit 1 of each item\n|clearpoke\n|poke|p1|Tinkaton, L50, F|\n|poke|p1|Orthworm, L50, M|\n|poke|p1|Garchomp, L50, M|\n|poke|p1|Azumarill, L50, F|\n|poke|p1|Pelipper, L50, F|\n|poke|p1|Starmie, L50|\n|poke|p2|Audino, L50, M|\n|poke|p2|Goodra, L50, M|\n|poke|p2|Incineroar, L50, M|\n|poke|p2|Sinistcha-Masterpiece, L50|\n|poke|p2|Slowking-Galar, L50, F|\n|poke|p2|Banette, L50, M|\n|teampreview|4\n|\n|t:|1775914943\n|teamsize|p1|4\n|teamsize|p2|4\n|start\n|switch|p1a: Tinkaton|Tinkaton, L50, F|100/100\n|switch|p1b: Orthworm|Orthworm, L50, M|100/100\n|switch|p2a: Audino|Audino, L50, M|100/100\n|switch|p2b: Slowking|Slowking-Galar, L50, F|100/100\n|turn|1\n|\n|t:|1775914959\n|detailschange|p2a: Audino|Audino-Mega, L50, M\n|-mega|p2a: Audino|Audino|Audinite\n|move|p1a: Tinkaton|Skill Swap|p1b: Orthworm\n|-activate|p1a: Tinkaton|Skill Swap|||[of] p1b: Orthworm\n|move|p1b: Orthworm|Shed Tail|p1b: Orthworm\n|-start|p1b: Orthworm|Substitute|[from] move: Shed Tail\n|-damage|p1b: Orthworm|50/100\n|-enditem|p1b: Orthworm|Sitrus Berry|[eat]\n|-heal|p1b: Orthworm|75/100|[from] item: Sitrus Berry\n|\n|t:|1775914968\n|switch|p1b: Garchomp|Garchomp, L50, M|100/100|[from] Shed Tail\n|move|p2a: Audino|Reflect|p2a: Audino\n|-sidestart|p2: sixthsavior|Reflect\n|move|p2b: Slowking|Toxic Spikes|p1a: Tinkaton\n|-sidestart|p1: Gigantropper|move: Toxic Spikes\n|\n|upkeep\n|turn|2\n|\n|t:|1775914996\n|switch|p2a: Incineroar|Incineroar, L50, M|100/100\n|-ability|p2a: Incineroar|Intimidate|boost\n|-unboost|p1a: Tinkaton|atk|1\n|-immune|p1b: Garchomp\n|move|p1b: Garchomp|Earthquake|p2a: Incineroar|[spread] p2a,p2b\n|-immune|p1a: Tinkaton|[from] ability: Earth Eater\n|-supereffective|p2a: Incineroar|1\n|-supereffective|p2b: Slowking|1\n|-damage|p2a: Incineroar|51/100\n|-damage|p2b: Slowking|43/100\n|move|p1a: Tinkaton|Gigaton Hammer|p2a: Incineroar\n|-resisted|p2a: Incineroar|1\n|-crit|p2a: Incineroar\n|-damage|p2a: Incineroar|0 fnt\n|faint|p2a: Incineroar\n|move|p2b: Slowking|Chilling Water|p1b: Garchomp\n|-activate|p1b: Garchomp|move: Substitute|[damage]\n|\n|upkeep\n|\n|t:|1775915032\n|switch|p2a: Sinistcha|Sinistcha-Masterpiece, L50|100/100\n|-heal|p2b: Slowking|68/100|[from] ability: Hospitality|[of] p2a: Sinistcha\n|turn|3\n|\n|t:|1775915048\n|move|p1b: Garchomp|Earthquake|p2a: Sinistcha|[spread] p2a,p2b\n|-immune|p1a: Tinkaton|[from] ability: Earth Eater\n|-resisted|p2a: Sinistcha|1\n|-supereffective|p2b: Slowking|1\n|-damage|p2a: Sinistcha|89/100\n|-damage|p2b: Slowking|12/100\n|move|p1a: Tinkaton|Play Rough|p2b: Slowking\n|-resisted|p2b: Slowking|1\n|-damage|p2b: Slowking|4/100\n|move|p2a: Sinistcha|Matcha Gotcha|p1b: Garchomp|[spread] p1b\n|-miss|p2a: Sinistcha|p1a: Tinkaton\n|-end|p1b: Garchomp|Substitute\n|-heal|p2a: Sinistcha|94/100|[from] drain|[of] p1b: Garchomp\n|move|p2b: Slowking|Chilling Water|p1b: Garchomp\n|-damage|p1b: Garchomp|85/100\n|-unboost|p1b: Garchomp|atk|1\n|\n|-heal|p2a: Sinistcha|99/100|[from] item: Leftovers\n|upkeep\n|turn|4\n|\n|t:|1775915083\n|switch|p2b: Audino|Audino-Mega, L50, M|100/100\n|detailschange|p1b: Garchomp|Garchomp-Mega, L50, M\n|-mega|p1b: Garchomp|Garchomp|Garchompite\n|move|p1b: Garchomp|Earthquake|p2b: Audino|[spread] p2a,p2b\n|-immune|p1a: Tinkaton|[from] ability: Earth Eater\n|-resisted|p2a: Sinistcha|1\n|-damage|p2a: Sinistcha|90/100\n|-damage|p2b: Audino|85/100\n|move|p1a: Tinkaton|Gigaton Hammer|p2a: Sinistcha\n|-damage|p2a: Sinistcha|63/100\n|move|p2a: Sinistcha|Matcha Gotcha|p1b: Garchomp|[spread] p1a,p1b\n|-resisted|p1a: Tinkaton|1\n|-damage|p1a: Tinkaton|90/100\n|-heal|p2a: Sinistcha|68/100|[from] drain|[of] p1a: Tinkaton\n|-damage|p1b: Garchomp|64/100\n|-heal|p2a: Sinistcha|79/100|[from] drain|[of] p1b: Garchomp\n|\n|-heal|p2a: Sinistcha|85/100|[from] item: Leftovers\n|upkeep\n|turn|5\n|\n|t:|1775915116\n|switch|p1a: Orthworm|Orthworm, L50, M|75/100\n|move|p1b: Garchomp|Earthquake|p2a: Sinistcha|[spread] p2a,p2b\n|-heal|p1a: Orthworm|99/100|[from] ability: Earth Eater|[of] p1b: Garchomp\n|-resisted|p2a: Sinistcha|1\n|-damage|p2a: Sinistcha|76/100\n|-damage|p2b: Audino|71/100\n|move|p2a: Sinistcha|Matcha Gotcha|p1a: Orthworm|[spread] p1a,p1b\n|-resisted|p1a: Orthworm|1\n|-damage|p1a: Orthworm|83/100\n|-heal|p2a: Sinistcha|84/100|[from] drain|[of] p1a: Orthworm\n|-damage|p1b: Garchomp|41/100\n|-heal|p2a: Sinistcha|96/100|[from] drain|[of] p1b: Garchomp\n|-status|p1a: Orthworm|brn\n|move|p2b: Audino|Chilling Water|p1b: Garchomp\n|-damage|p1b: Garchomp|30/100\n|-unboost|p1b: Garchomp|atk|1\n|\n|-heal|p2a: Sinistcha|100/100|[from] item: Leftovers\n|-damage|p1a: Orthworm|77/100 brn|[from] brn\n|-sideend|p2: sixthsavior|Reflect\n|upkeep\n|turn|6\n|\n|t:|1775915148\n|move|p1b: Garchomp|Protect|p1b: Garchomp\n|-singleturn|p1b: Garchomp|Protect\n|move|p2a: Sinistcha|Matcha Gotcha|p1b: Garchomp|[spread] p1a\n|-activate|p1b: Garchomp|move: Protect\n|-resisted|p1a: Orthworm|1\n|-damage|p1a: Orthworm|62/100 brn\n|move|p1a: Orthworm|Iron Defense|p1a: Orthworm\n|-boost|p1a: Orthworm|def|2\n|move|p2b: Audino|Reflect|p2b: Audino\n|-sidestart|p2: sixthsavior|Reflect\n|\n|-damage|p1a: Orthworm|55/100 brn|[from] brn\n|upkeep\n|turn|7\n|\n|t:|1775915157\n|switch|p1b: Pelipper|Pelipper, L50, F|100/100\n|-weather|RainDance|[from] ability: Drizzle|[of] p1b: Pelipper\n|switch|p2b: Slowking|Slowking-Galar, L50, F|38/100\n|move|p2a: Sinistcha|Matcha Gotcha|p1b: Pelipper|[spread] p1a,p1b\n|-resisted|p1a: Orthworm|1\n|-damage|p1a: Orthworm|40/100 brn\n|-damage|p1b: Pelipper|70/100\n|move|p1a: Orthworm|Iron Defense|p1a: Orthworm\n|-boost|p1a: Orthworm|def|2\n|\n|-weather|RainDance|[upkeep]\n|-damage|p1a: Orthworm|34/100 brn|[from] brn\n|upkeep\n|turn|8\n|\n|t:|1775915179\n|switch|p2b: Audino|Audino-Mega, L50, M|71/100\n|move|p1b: Pelipper|Hurricane|p2a: Sinistcha\n|-supereffective|p2a: Sinistcha|1\n|-damage|p2a: Sinistcha|35/100\n|move|p2a: Sinistcha|Matcha Gotcha|p1b: Pelipper|[spread] p1a,p1b\n|-resisted|p1a: Orthworm|1\n|-damage|p1a: Orthworm|19/100 brn\n|-heal|p2a: Sinistcha|43/100|[from] drain|[of] p1a: Orthworm\n|-damage|p1b: Pelipper|39/100\n|-heal|p2a: Sinistcha|57/100|[from] drain|[of] p1b: Pelipper\n|-status|p1b: Pelipper|brn\n|move|p1a: Orthworm|Body Press|p2b: Audino\n|-damage|p2b: Audino|49/100\n|\n|-weather|RainDance|[upkeep]\n|-heal|p2a: Sinistcha|63/100|[from] item: Leftovers\n|-damage|p1b: Pelipper|33/100 brn|[from] brn\n|-damage|p1a: Orthworm|13/100 brn|[from] brn\n|upkeep\n|turn|9\n|\n|t:|1775915211\n|move|p1b: Pelipper|Tailwind|p1b: Pelipper\n|-sidestart|p1: Gigantropper|move: Tailwind\n|move|p1a: Orthworm|Body Press|p2b: Audino\n|-damage|p2b: Audino|30/100\n|move|p2a: Sinistcha|Life Dew|p2a: Sinistcha|[spread] p2a,p2b\n|-heal|p2a: Sinistcha|89/100\n|-heal|p2b: Audino|55/100\n|move|p2b: Audino|Life Dew|p2b: Audino|[spread] p2a,p2b\n|-heal|p2a: Sinistcha|100/100\n|-heal|p2b: Audino|80/100\n|\n|-weather|RainDance|[upkeep]\n|-damage|p1b: Pelipper|27/100 brn|[from] brn\n|-damage|p1a: Orthworm|7/100 brn|[from] brn\n|upkeep\n|turn|10\n|\n|t:|1775915231\n|move|p1b: Pelipper|Hurricane|p2a: Sinistcha\n|-supereffective|p2a: Sinistcha|1\n|-damage|p2a: Sinistcha|30/100\n|move|p1a: Orthworm|Earthquake|p2a: Sinistcha|[spread] p2a,p2b\n|-immune|p1b: Pelipper\n|-resisted|p2a: Sinistcha|1\n|-crit|p2a: Sinistcha\n|-damage|p2a: Sinistcha|25/100\n|-damage|p2b: Audino|77/100\n|move|p2a: Sinistcha|Matcha Gotcha|p1b: Pelipper|[spread] p1a,p1b\n|-resisted|p1a: Orthworm|1\n|-damage|p1a: Orthworm|0 fnt\n|-heal|p2a: Sinistcha|28/100|[from] drain|[of] p1a: Orthworm\n|-damage|p1b: Pelipper|0 fnt\n|-heal|p2a: Sinistcha|41/100|[from] drain|[of] p1b: Pelipper\n|faint|p1a: Orthworm\n|faint|p1b: Pelipper\n|move|p2b: Audino|Life Dew|p2b: Audino|[spread] p2a,p2b\n|-heal|p2a: Sinistcha|66/100\n|-heal|p2b: Audino|100/100\n|\n|-weather|RainDance|[upkeep]\n|-heal|p2a: Sinistcha|72/100|[from] item: Leftovers\n|-sideend|p2: sixthsavior|Reflect\n|upkeep\n|\n|t:|1775915241\n|switch|p1b: Garchomp|Garchomp-Mega, L50, M|30/100\n|switch|p1a: Tinkaton|Tinkaton, L50, F|90/100\n|-status|p1b: Garchomp|psn\n|turn|11\n|\n|t:|1775915258\n|move|p2a: Sinistcha|Protect|p2a: Sinistcha\n|-singleturn|p2a: Sinistcha|Protect\n|move|p1b: Garchomp|Rock Slide|p2b: Audino|[spread] p2b\n|-activate|p2a: Sinistcha|move: Protect\n|-damage|p2b: Audino|83/100\n|move|p1a: Tinkaton|Gigaton Hammer|p2a: Sinistcha\n|-activate|p2a: Sinistcha|move: Protect\n|cant|p2b: Audino|flinch\n|\n|-weather|none\n|-heal|p2a: Sinistcha|79/100|[from] item: Leftovers\n|-damage|p1b: Garchomp|18/100 psn|[from] psn\n|upkeep\n|turn|12\n|-message|Gigantropper forfeited.\n|\n|win|sixthsavior\n|raw|Gigantropper's rating: 1032 &rarr; <strong>1018</strong><br />(-14 for losing)\n|raw|sixthsavior's rating: 1042 &rarr; <strong>1075</strong><br />(+33 for winning)\n|l|\u2606Gigantropper\n|player|p1|\n",
  "uploadtime": 1775915277,
  "views": 11,
  "formatid": "gen9championsvgc2026regma",
  "rating": 1018,
  "private": 0,
  "password": null
}