{
  "id": "gen9championsvgc2026regma-2581215336",
  "format": "[Gen 9 Champions] VGC 2026 Reg M-A",
  "players": [
    "All Hail Ogerpon",
    "ppoppoopo"
  ],
  "log": "|j|\u2606All Hail Ogerpon\n|j|\u2606ppoppoopo\n|t:|1775971790\n|gametype|doubles\n|player|p1|All Hail Ogerpon|raihan|\n|player|p2|ppoppoopo|wallace|\n|gen|9\n|tier|[Gen 9 Champions] VGC 2026 Reg M-A\n|rated|Tournament battle\n|rule|Species Clause: Limit one of each Pok\u00e9mon\n|rule|Item Clause: Limit 1 of each item\n|clearpoke\n|poke|p1|Dragonite, L50, M|\n|poke|p1|Whimsicott, L50, F|\n|poke|p1|Garchomp, L50, F|\n|poke|p1|Sneasler, L50, M|\n|poke|p1|Rotom-Wash, L50|\n|poke|p1|Kingambit, L50, M|\n|poke|p2|Incineroar, L50, M|\n|poke|p2|Archaludon, L50, F|\n|poke|p2|Basculegion, L50, M|\n|poke|p2|Gengar, L50, F|\n|poke|p2|Pelipper, L50, F|\n|poke|p2|Maushold-Four, L50|\n|teampreview|4\n|c|\u2606All Hail Ogerpon|glhf\n|inactive|Battle timer is ON: inactive players will automatically lose when time's up. (requested by ppoppoopo)\n|\n|t:|1775971870\n|teamsize|p1|4\n|teamsize|p2|4\n|start\n|switch|p1a: Sneasler|Sneasler, L50, M|100/100\n|switch|p1b: Whimsicott|Whimsicott, L50, F, shiny|100/100\n|switch|p2a: Gengar|Gengar, L50, F, shiny|100/100\n|switch|p2b: Archaludon|Archaludon, L50, F|100/100\n|turn|1\n|\n|t:|1775971889\n|switch|p1a: Garchomp|Garchomp, L50, F|100/100\n|detailschange|p2a: Gengar|Gengar-Mega, L50, F, shiny\n|-mega|p2a: Gengar|Gengar|Gengarite\n|move|p1b: Whimsicott|Tailwind|p1b: Whimsicott\n|-sidestart|p1: All Hail Ogerpon|move: Tailwind\n|move|p2a: Gengar|Sludge Bomb|p1b: Whimsicott\n|-supereffective|p1b: Whimsicott|2\n|-enditem|p1b: Whimsicott|Focus Sash\n|-damage|p1b: Whimsicott|1/100\n|move|p2b: Archaludon|Draco Meteor|p1a: Garchomp|[miss]\n|-miss|p2b: Archaludon|p1a: Garchomp\n|\n|upkeep\n|turn|2\n|j| Laytrix\n|\n|t:|1775971909\n|move|p2a: Gengar|Protect|p2a: Gengar\n|-singleturn|p2a: Gengar|Protect\n|move|p2b: Archaludon|Protect|p2b: Archaludon\n|-singleturn|p2b: Archaludon|Protect\n|move|p1b: Whimsicott|Endeavor|p2b: Archaludon\n|-activate|p2b: Archaludon|move: Protect\n|move|p1a: Garchomp|Earthquake|p2a: Gengar|[spread] p1b\n|-activate|p2a: Gengar|move: Protect\n|-activate|p2b: Archaludon|move: Protect\n|-resisted|p1b: Whimsicott|1\n|-damage|p1b: Whimsicott|0 fnt\n|faint|p1b: Whimsicott\n|\n|upkeep\n|c|\u2606All Hail Ogerpon|oof rough miss\n|\n|t:|1775971917\n|switch|p1b: Rotom|Rotom-Wash, L50|100/100\n|turn|3\n|\n|t:|1775971930\n|switch|p2a: Incineroar|Incineroar, L50, M, shiny|100/100\n|-ability|p2a: Incineroar|Intimidate|boost\n|-unboost|p1a: Garchomp|atk|1\n|-unboost|p1b: Rotom|atk|1\n|switch|p2b: Pelipper|Pelipper, L50, F|100/100\n|-weather|RainDance|[from] ability: Drizzle|[of] p2b: Pelipper\n|move|p1a: Garchomp|Earthquake|p2b: Pelipper|[spread] p2a\n|-immune|p1b: Rotom|[from] ability: Levitate\n|-immune|p2b: Pelipper\n|-supereffective|p2a: Incineroar|1\n|-damage|p2a: Incineroar|47/100\n|-enditem|p2a: Incineroar|Sitrus Berry|[eat]\n|-heal|p2a: Incineroar|72/100|[from] item: Sitrus Berry\n|move|p1b: Rotom|Thunderbolt|p2b: Pelipper\n|-supereffective|p2b: Pelipper|2\n|-enditem|p2b: Pelipper|Focus Sash\n|-damage|p2b: Pelipper|1/100\n|\n|-weather|RainDance|[upkeep]\n|upkeep\n|turn|4\n|j| Lyiter\n|inactive|ppoppoopo has 30 seconds left.\n|inactive|ppoppoopo has 20 seconds left.\n|\n|t:|1775971967\n|move|p2a: Incineroar|Fake Out|p1b: Rotom\n|-damage|p1b: Rotom|87/100\n|move|p1a: Garchomp|Rock Slide|p2b: Pelipper|[spread] p2a,p2b\n|-supereffective|p2a: Incineroar|1\n|-supereffective|p2b: Pelipper|1\n|-damage|p2a: Incineroar|46/100\n|-damage|p2b: Pelipper|0 fnt\n|faint|p2b: Pelipper\n|cant|p1b: Rotom|flinch\n|\n|-weather|RainDance|[upkeep]\n|-sideend|p1: All Hail Ogerpon|move: Tailwind\n|upkeep\n|\n|t:|1775971979\n|switch|p2b: Gengar|Gengar-Mega, L50, F, shiny|100/100\n|turn|5\n|l| Lyiter\n|inactive|ppoppoopo has 30 seconds left.\n|\n|t:|1775972014\n|move|p2b: Gengar|Protect|p2b: Gengar\n|-singleturn|p2b: Gengar|Protect\n|move|p2a: Incineroar|Protect|p2a: Incineroar\n|-singleturn|p2a: Incineroar|Protect\n|move|p1a: Garchomp|Earthquake|p2a: Incineroar|[spread] \n|-activate|p2a: Incineroar|move: Protect\n|-activate|p2b: Gengar|move: Protect\n|-immune|p1b: Rotom|[from] ability: Levitate\n|move|p1b: Rotom|Volt Switch|p2b: Gengar\n|-activate|p2b: Gengar|move: Protect\n|\n|-weather|RainDance|[upkeep]\n|upkeep\n|turn|6\n|\n|t:|1775972039\n|switch|p2a: Archaludon|Archaludon, L50, F|100/100\n|move|p2b: Gengar|Shadow Ball|p1a: Garchomp\n|-damage|p1a: Garchomp|45/100\n|move|p1a: Garchomp|Earthquake|p2b: Gengar|[spread] p2a,p2b\n|-immune|p1b: Rotom|[from] ability: Levitate\n|-supereffective|p2a: Archaludon|1\n|-supereffective|p2b: Gengar|1\n|-crit|p2b: Gengar\n|-damage|p2a: Archaludon|60/100\n|-damage|p2b: Gengar|0 fnt\n|-ability|p2a: Archaludon|Stamina|boost\n|-boost|p2a: Archaludon|def|1\n|faint|p2b: Gengar\n|move|p1b: Rotom|Volt Switch|p2a: Archaludon\n|-resisted|p2a: Archaludon|1\n|-damage|p2a: Archaludon|43/100\n|-ability|p2a: Archaludon|Stamina|boost\n|-boost|p2a: Archaludon|def|1\n|\n|t:|1775972042\n|switch|p1b: Sneasler|Sneasler, L50, M|100/100|[from] Volt Switch\n|\n|-weather|RainDance|[upkeep]\n|-heal|p2a: Archaludon|49/100|[from] item: Leftovers\n|upkeep\n|l| Laytrix\n|\n|t:|1775972048\n|switch|p2b: Incineroar|Incineroar, L50, M, shiny|46/100\n|-ability|p2b: Incineroar|Intimidate|boost\n|-unboost|p1a: Garchomp|atk|1\n|-unboost|p1b: Sneasler|atk|1\n|-enditem|p1b: Sneasler|White Herb\n|-clearnegativeboost|p1b: Sneasler|[silent]\n|turn|7\n|\n|t:|1775972061\n|move|p1b: Sneasler|Protect|p1b: Sneasler\n|-singleturn|p1b: Sneasler|Protect\n|move|p1a: Garchomp|Protect|p1a: Garchomp\n|-singleturn|p1a: Garchomp|Protect\n|move|p2a: Archaludon|Protect|p2a: Archaludon\n|-singleturn|p2a: Archaludon|Protect\n|move|p2b: Incineroar|Protect||[still]\n|-fail|p2b: Incineroar\n|\n|-weather|none\n|-heal|p2a: Archaludon|55/100|[from] item: Leftovers\n|upkeep\n|turn|8\n|\n|t:|1775972075\n|move|p1b: Sneasler|Close Combat|p2a: Archaludon\n|-supereffective|p2a: Archaludon|1\n|-damage|p2a: Archaludon|10/100\n|-unboost|p1b: Sneasler|def|1\n|-unboost|p1b: Sneasler|spd|1\n|-ability|p2a: Archaludon|Stamina|boost\n|-boost|p2a: Archaludon|def|1\n|move|p1a: Garchomp|Stomping Tantrum|p2b: Incineroar\n|-supereffective|p2b: Incineroar|1\n|-damage|p2b: Incineroar|1/100\n|move|p2a: Archaludon|Draco Meteor|p1a: Garchomp\n|-supereffective|p1a: Garchomp|1\n|-damage|p1a: Garchomp|0 fnt\n|-unboost|p2a: Archaludon|spa|2\n|faint|p1a: Garchomp\n|move|p2b: Incineroar|Throat Chop|p1b: Sneasler\n|-resisted|p1b: Sneasler|1\n|-damage|p1b: Sneasler|59/100\n|-start|p1b: Sneasler|Throat Chop|[silent]\n|\n|-heal|p2a: Archaludon|17/100|[from] item: Leftovers\n|upkeep\n|\n|t:|1775972079\n|switch|p1a: Rotom|Rotom-Wash, L50|87/100\n|turn|9\n|c|\u2606All Hail Ogerpon|gg\n|\n|t:|1775972093\n|move|p1b: Sneasler|Close Combat|p2b: Incineroar\n|-supereffective|p2b: Incineroar|1\n|-damage|p2b: Incineroar|0 fnt\n|-unboost|p1b: Sneasler|def|1\n|-unboost|p1b: Sneasler|spd|1\n|faint|p2b: Incineroar\n|move|p1a: Rotom|Thunderbolt|p2a: Archaludon\n|-resisted|p2a: Archaludon|1\n|-damage|p2a: Archaludon|0 fnt\n|faint|p2a: Archaludon\n|\n|win|All Hail Ogerpon\n|n|\u2606All Hail Ogerpon|allhailogerpon\n|n|\u2606ppoppoopo|ppoppoopo\n|l|\u2606ppoppoopo\n|player|p2|\n",
  "uploadtime": 1775972354,
  "views": 15,
  "formatid": "gen9championsvgc2026regma",
  "rating": null,
  "private": 0,
  "password": null
}