{
  "id": "gen9championsvgc2026regma-2580743070",
  "format": "[Gen 9 Champions] VGC 2026 Reg M-A",
  "players": [
    "mayusculas",
    "222marcus222"
  ],
  "log": "|j|\u2606mayusculas\n|j|\u2606222marcus222\n|t:|1775928833\n|gametype|doubles\n|player|p1|mayusculas|n|1000\n|player|p2|222marcus222|1|1083\n|gen|9\n|tier|[Gen 9 Champions] VGC 2026 Reg M-A\n|rated|\n|rule|Species Clause: Limit one of each Pok\u00e9mon\n|rule|Item Clause: Limit 1 of each item\n|clearpoke\n|poke|p1|Froslass, L50, F|\n|poke|p1|Sneasler, L50, F|\n|poke|p1|Dragapult, L50, M|\n|poke|p1|Incineroar, L50, M|\n|poke|p1|Sinistcha, L50|\n|poke|p1|Milotic, L50, M|\n|poke|p2|Aegislash, L50, M|\n|poke|p2|Farigiraf, L50, M|\n|poke|p2|Feraligatr, L50, F|\n|poke|p2|Tyranitar, L50, F|\n|poke|p2|Sneasler, L50, F|\n|poke|p2|Incineroar, L50, F|\n|teampreview|4\n|\n|t:|1775928863\n|teamsize|p1|4\n|teamsize|p2|4\n|start\n|switch|p1a: Froslass|Froslass, L50, F, shiny|100/100\n|switch|p1b: Milotic|Milotic, L50, M, shiny|100/100\n|switch|p2a: Farigiraf|Farigiraf, L50, M|100/100\n|switch|p2b: Aegislash|Aegislash, L50, M|100/100\n|turn|1\n|\n|t:|1775928892\n|detailschange|p1a: Froslass|Froslass-Mega, L50, F, shiny\n|-mega|p1a: Froslass|Froslass|Froslassite\n|-weather|Snowscape|[from] ability: Snow Warning|[of] p1a: Froslass\n|move|p2b: Aegislash|Wide Guard|p2b: Aegislash\n|-singleturn|p2b: Aegislash|Wide Guard\n|move|p1a: Froslass|Aurora Veil|p1a: Froslass\n|-sidestart|p1: mayusculas|move: Aurora Veil\n|move|p1b: Milotic|Scald|p2b: Aegislash\n|-damage|p2b: Aegislash|69/100\n|move|p2a: Farigiraf|Trick Room|p2a: Farigiraf\n|-fieldstart|move: Trick Room|[of] p2a: Farigiraf\n|\n|-weather|Snowscape|[upkeep]\n|-heal|p2b: Aegislash|75/100|[from] item: Leftovers\n|upkeep\n|turn|2\n|\n|t:|1775928933\n|switch|p2b: Incineroar|Incineroar, L50, F|100/100\n|-ability|p2b: Incineroar|Intimidate|boost\n|-unboost|p1a: Froslass|atk|1\n|-unboost|p1b: Milotic|atk|1\n|-ability|p1b: Milotic|Competitive|boost\n|-boost|p1b: Milotic|spa|2\n|switch|p2a: Feraligatr|Feraligatr, L50, F|100/100\n|move|p1b: Milotic|Protect|p1b: Milotic\n|-singleturn|p1b: Milotic|Protect\n|move|p1a: Froslass|Blizzard|p2b: Incineroar|[spread] p2a,p2b\n|-resisted|p2a: Feraligatr|1\n|-resisted|p2b: Incineroar|1\n|-damage|p2a: Feraligatr|72/100\n|-damage|p2b: Incineroar|78/100\n|\n|-weather|Snowscape|[upkeep]\n|upkeep\n|turn|3\n|\n|t:|1775928966\n|switch|p1a: Incineroar|Incineroar, L50, M|100/100\n|-ability|p1a: Incineroar|Intimidate|boost\n|-unboost|p2a: Feraligatr|atk|1\n|-unboost|p2b: Incineroar|atk|1\n|move|p2b: Incineroar|Darkest Lariat|p1a: Incineroar\n|-resisted|p1a: Incineroar|1\n|-damage|p1a: Incineroar|92/100\n|move|p2a: Feraligatr|Swords Dance|p2a: Feraligatr\n|-boost|p2a: Feraligatr|atk|2\n|move|p1b: Milotic|Scald|p2b: Incineroar\n|-supereffective|p2b: Incineroar|1\n|-damage|p2b: Incineroar|0 fnt\n|faint|p2b: Incineroar\n|\n|-weather|Snowscape|[upkeep]\n|upkeep\n|\n|t:|1775928988\n|switch|p2b: Farigiraf|Farigiraf, L50, M|100/100\n|turn|4\n|\n|t:|1775929007\n|detailschange|p2a: Feraligatr|Feraligatr-Mega, L50, F\n|-mega|p2a: Feraligatr|Feraligatr|Feraligite\n|move|p2b: Farigiraf|Hyper Voice|p1b: Milotic|[spread] p1a,p1b\n|-damage|p1a: Incineroar|76/100\n|-damage|p1b: Milotic|86/100\n|move|p1a: Incineroar|Parting Shot|p2a: Feraligatr\n|-unboost|p2a: Feraligatr|atk|1\n|-unboost|p2a: Feraligatr|spa|1\n|\n|t:|1775929017\n|switch|p1a: Dragapult|Dragapult, L50, M|100/100|[from] Parting Shot\n|move|p2a: Feraligatr|Double-Edge|p1b: Milotic\n|-damage|p1b: Milotic|28/100\n|-damage|p2a: Feraligatr|47/100|[from] Recoil\n|move|p1b: Milotic|Ice Beam|p2b: Farigiraf\n|-damage|p2b: Farigiraf|54/100\n|-status|p2b: Farigiraf|frz\n|\n|-weather|Snowscape|[upkeep]\n|-heal|p1b: Milotic|34/100|[from] item: Leftovers\n|upkeep\n|turn|5\n|\n|t:|1775929049\n|move|p1a: Dragapult|Sucker Punch|p2a: Feraligatr\n|-damage|p2a: Feraligatr|27/100\n|cant|p2b: Farigiraf|frz\n|move|p2a: Feraligatr|Double-Edge|p1a: Dragapult\n|-supereffective|p1a: Dragapult|1\n|-damage|p1a: Dragapult|0 fnt\n|faint|p1a: Dragapult\n|-damage|p2a: Feraligatr|0 fnt|[from] Recoil\n|faint|p2a: Feraligatr\n|move|p1b: Milotic|Icy Wind|p2b: Farigiraf\n|-damage|p2b: Farigiraf|20/100 frz\n|-unboost|p2b: Farigiraf|spe|1\n|-enditem|p2b: Farigiraf|Sitrus Berry|[eat]\n|-heal|p2b: Farigiraf|45/100 frz|[from] item: Sitrus Berry\n|\n|-weather|none\n|-heal|p1b: Milotic|40/100|[from] item: Leftovers\n|-sideend|p1: mayusculas|move: Aurora Veil\n|-fieldend|move: Trick Room\n|upkeep\n|\n|t:|1775929069\n|switch|p1a: Froslass|Froslass-Mega, L50, F, shiny|100/100\n|switch|p2a: Aegislash|Aegislash, L50, M|75/100\n|-weather|Snowscape|[from] ability: Snow Warning|[of] p1a: Froslass\n|turn|6\n|\n|t:|1775929079\n|cant|p2b: Farigiraf|frz\n|move|p2a: Aegislash|Wide Guard|p2a: Aegislash\n|-singleturn|p2a: Aegislash|Wide Guard\n|move|p1a: Froslass|Aurora Veil|p1a: Froslass\n|-sidestart|p1: mayusculas|move: Aurora Veil\n|move|p1b: Milotic|Icy Wind|p2b: Farigiraf|[spread] \n|-activate|p2a: Aegislash|move: Wide Guard\n|-activate|p2b: Farigiraf|move: Wide Guard\n|\n|-weather|Snowscape|[upkeep]\n|-heal|p1b: Milotic|46/100|[from] item: Leftovers\n|-heal|p2a: Aegislash|80/100|[from] item: Leftovers\n|upkeep\n|turn|7\n|\n|t:|1775929112\n|move|p2a: Aegislash|Wide Guard|p2a: Aegislash\n|-singleturn|p2a: Aegislash|Wide Guard\n|move|p1a: Froslass|Blizzard|p2b: Farigiraf|[spread] \n|-activate|p2a: Aegislash|move: Wide Guard\n|-activate|p2b: Farigiraf|move: Wide Guard\n|move|p1b: Milotic|Icy Wind|p2a: Aegislash|[spread] \n|-activate|p2a: Aegislash|move: Wide Guard\n|-activate|p2b: Farigiraf|move: Wide Guard\n|-curestatus|p2b: Farigiraf|frz|[msg]\n|move|p2b: Farigiraf|Trick Room|p2b: Farigiraf\n|-fieldstart|move: Trick Room|[of] p2b: Farigiraf\n|\n|-weather|Snowscape|[upkeep]\n|-heal|p2a: Aegislash|86/100|[from] item: Leftovers\n|-heal|p1b: Milotic|51/100|[from] item: Leftovers\n|upkeep\n|turn|8\n|\n|t:|1775929134\n|move|p2a: Aegislash|Wide Guard|p2a: Aegislash\n|-singleturn|p2a: Aegislash|Wide Guard\n|move|p2b: Farigiraf|Psychic|p1b: Milotic\n|-damage|p1b: Milotic|32/100\n|move|p1b: Milotic|Ice Beam|p2b: Farigiraf\n|-damage|p2b: Farigiraf|0 fnt\n|faint|p2b: Farigiraf\n|move|p1a: Froslass|Blizzard|p2a: Aegislash\n|-activate|p2a: Aegislash|move: Wide Guard\n|\n|-weather|Snowscape|[upkeep]\n|-heal|p2a: Aegislash|92/100|[from] item: Leftovers\n|-heal|p1b: Milotic|38/100|[from] item: Leftovers\n|upkeep\n|turn|9\n|\n|t:|1775929153\n|-formechange|p2a: Aegislash|Aegislash-Blade|\n|move|p2a: Aegislash|Shadow Ball|p1a: Froslass\n|-supereffective|p1a: Froslass|1\n|-damage|p1a: Froslass|35/100\n|-unboost|p1a: Froslass|spd|1\n|move|p1b: Milotic|Ice Beam|p2a: Aegislash\n|-resisted|p2a: Aegislash|1\n|-damage|p2a: Aegislash|51/100\n|move|p1a: Froslass|Ice Beam|p2a: Aegislash\n|-resisted|p2a: Aegislash|1\n|-damage|p2a: Aegislash|7/100\n|\n|-weather|Snowscape|[upkeep]\n|-heal|p2a: Aegislash|13/100|[from] item: Leftovers\n|-heal|p1b: Milotic|44/100|[from] item: Leftovers\n|upkeep\n|turn|10\n|\n|t:|1775929173\n|move|p2a: Aegislash|Shadow Ball|p1a: Froslass\n|-supereffective|p1a: Froslass|1\n|-damage|p1a: Froslass|0 fnt\n|faint|p1a: Froslass\n|move|p1b: Milotic|Ice Beam|p2a: Aegislash\n|-resisted|p2a: Aegislash|1\n|-damage|p2a: Aegislash|0 fnt\n|faint|p2a: Aegislash\n|\n|win|mayusculas\n|raw|mayusculas's rating: 1000 &rarr; <strong>1049</strong><br />(+49 for winning)\n|raw|222marcus222's rating: 1083 &rarr; <strong>1055</strong><br />(-28 for losing)\n|l|\u2606222marcus222\n|player|p2|\n",
  "uploadtime": 1775929184,
  "views": 17,
  "formatid": "gen9championsvgc2026regma",
  "rating": 1049,
  "private": 0,
  "password": null
}