{
  "id": "gen9championsvgc2026regma-2581577994",
  "format": "[Gen 9 Champions] VGC 2026 Reg M-A",
  "players": [
    "Missed Ledgedash",
    "comet092"
  ],
  "log": "|j|\u2606Missed Ledgedash\n|j|\u2606comet092\n|t:|1776012397\n|gametype|doubles\n|player|p1|Missed Ledgedash|juan-gen3|1000\n|player|p2|comet092|veteranf|1000\n|gen|9\n|tier|[Gen 9 Champions] VGC 2026 Reg M-A\n|rated|\n|rule|Species Clause: Limit one of each Pok\u00e9mon\n|rule|Item Clause: Limit 1 of each item\n|clearpoke\n|poke|p1|Incineroar, L50, M|\n|poke|p1|Gengar, L50, F|\n|poke|p1|Gyarados, L50, M|\n|poke|p1|Tyranitar, L50, F|\n|poke|p1|Sneasler, L50, F|\n|poke|p1|Excadrill, L50, F|\n|poke|p2|Zoroark-Hisui, L50, M|\n|poke|p2|Lucario, L50, M|\n|poke|p2|Tyranitar, L50, M|\n|poke|p2|Lycanroc, L50, F|\n|poke|p2|Rotom-Wash, L50|\n|poke|p2|Whimsicott, L50, F|\n|teampreview|4\n|\n|t:|1776012443\n|teamsize|p1|4\n|teamsize|p2|4\n|start\n|switch|p1a: Gengar|Gengar, L50, F|100/100\n|switch|p1b: Incineroar|Incineroar, L50, M|100/100\n|switch|p2a: Kuiper|Tyranitar, L50, M, shiny|100/100\n|switch|p2b: Laika|Lycanroc, L50, F, shiny|100/100\n|-ability|p1b: Incineroar|Intimidate|boost\n|-unboost|p2a: Kuiper|atk|1\n|-unboost|p2b: Laika|atk|1\n|-weather|Sandstorm|[from] ability: Sand Stream|[of] p2a: Kuiper\n|-enditem|p2b: Laika|White Herb\n|-clearnegativeboost|p2b: Laika|[silent]\n|turn|1\n|\n|t:|1776012465\n|detailschange|p1a: Gengar|Gengar-Mega, L50, F\n|-mega|p1a: Gengar|Gengar|Gengarite\n|move|p2b: Laika|Protect|p2b: Laika\n|-singleturn|p2b: Laika|Protect\n|move|p2a: Kuiper|Protect|p2a: Kuiper\n|-singleturn|p2a: Kuiper|Protect\n|move|p1b: Incineroar|Fake Out|p2a: Kuiper\n|-activate|p2a: Kuiper|move: Protect\n|move|p1a: Gengar|Perish Song|p1a: Gengar\n|-start|p1a: Gengar|perish3|[silent]\n|-start|p1b: Incineroar|perish3|[silent]\n|-start|p2a: Kuiper|perish3|[silent]\n|-start|p2b: Laika|perish3|[silent]\n|-fieldactivate|move: Perish Song\n|\n|-weather|Sandstorm|[upkeep]\n|-damage|p1a: Gengar|94/100|[from] Sandstorm\n|-damage|p1b: Incineroar|94/100|[from] Sandstorm\n|-start|p2b: Laika|perish3\n|-start|p1a: Gengar|perish3\n|-start|p1b: Incineroar|perish3\n|-start|p2a: Kuiper|perish3\n|upkeep\n|turn|2\n|\n|t:|1776012483\n|switch|p1a: Tyranitar|Tyranitar, L50, F|100/100\n|move|p2b: Laika|Close Combat|p1b: Incineroar\n|-supereffective|p1b: Incineroar|1\n|-damage|p1b: Incineroar|16/100\n|-unboost|p2b: Laika|def|1\n|-unboost|p2b: Laika|spd|1\n|-enditem|p1b: Incineroar|Sitrus Berry|[eat]\n|-heal|p1b: Incineroar|41/100|[from] item: Sitrus Berry\n|move|p1b: Incineroar|Parting Shot|p2b: Laika\n|-unboost|p2b: Laika|atk|1\n|-unboost|p2b: Laika|spa|1\n|\n|t:|1776012494\n|switch|p1b: Gengar|Gengar-Mega, L50, F|94/100|[from] Parting Shot\n|move|p2a: Kuiper|Knock Off|p1a: Tyranitar\n|-resisted|p1a: Tyranitar|1\n|-damage|p1a: Tyranitar|90/100\n|\n|-weather|Sandstorm|[upkeep]\n|-damage|p1b: Gengar|88/100|[from] Sandstorm\n|-start|p2b: Laika|perish2\n|-start|p2a: Kuiper|perish2\n|upkeep\n|turn|3\n|\n|t:|1776012511\n|move|p1b: Gengar|Protect|p1b: Gengar\n|-singleturn|p1b: Gengar|Protect\n|move|p1a: Tyranitar|Protect|p1a: Tyranitar\n|-singleturn|p1a: Tyranitar|Protect\n|move|p2b: Laika|Psychic Fangs|p1b: Gengar\n|-activate|p1b: Gengar|move: Protect\n|move|p2a: Kuiper|Low Kick|p1a: Tyranitar\n|-activate|p1a: Tyranitar|move: Protect\n|\n|-weather|Sandstorm|[upkeep]\n|-damage|p1b: Gengar|82/100|[from] Sandstorm\n|-start|p2b: Laika|perish1\n|-start|p2a: Kuiper|perish1\n|upkeep\n|turn|4\n|\n|t:|1776012534\n|switch|p1b: Incineroar|Incineroar, L50, M|41/100\n|-ability|p1b: Incineroar|Intimidate|boost\n|-unboost|p2a: Kuiper|atk|1\n|-unboost|p2b: Laika|atk|1\n|move|p1a: Tyranitar|Protect||[still]\n|-fail|p1a: Tyranitar\n|move|p2b: Laika|Close Combat|p1a: Tyranitar\n|-supereffective|p1a: Tyranitar|2\n|-damage|p1a: Tyranitar|27/100\n|-unboost|p2b: Laika|def|1\n|-unboost|p2b: Laika|spd|1\n|move|p2a: Kuiper|Knock Off|p1b: Incineroar\n|-resisted|p1b: Incineroar|1\n|-damage|p1b: Incineroar|32/100\n|\n|-weather|Sandstorm|[upkeep]\n|-damage|p1b: Incineroar|26/100|[from] Sandstorm\n|-start|p2b: Laika|perish0\n|-start|p2a: Kuiper|perish0\n|upkeep\n|faint|p2b: Laika\n|faint|p2a: Kuiper\n|\n|t:|1776012549\n|switch|p2b: Voyager-1|Rotom-Wash, L50, shiny|100/100\n|switch|p2a: Vostok|Lucario, L50, M, shiny|100/100\n|turn|5\n|\n|t:|1776012572\n|move|p1b: Incineroar|Fake Out|p2b: Voyager-1\n|-damage|p2b: Voyager-1|88/100\n|move|p2a: Vostok|Flash Cannon|p1a: Tyranitar\n|-supereffective|p1a: Tyranitar|1\n|-damage|p1a: Tyranitar|0 fnt\n|faint|p1a: Tyranitar\n|cant|p2b: Voyager-1|flinch\n|\n|-weather|none\n|-heal|p2b: Voyager-1|94/100|[from] item: Leftovers\n|upkeep\n|\n|t:|1776012581\n|switch|p1a: Gengar|Gengar-Mega, L50, F|82/100\n|turn|6\n|\n|t:|1776012602\n|detailschange|p2a: Vostok|Lucario-Mega, L50, M, shiny\n|-mega|p2a: Vostok|Lucario|Lucarionite\n|move|p1a: Gengar|Perish Song|p1a: Gengar\n|-start|p1a: Gengar|perish3|[silent]\n|-start|p1b: Incineroar|perish3|[silent]\n|-start|p2a: Vostok|perish3|[silent]\n|-start|p2b: Voyager-1|perish3|[silent]\n|-fieldactivate|move: Perish Song\n|move|p2a: Vostok|Dark Pulse|p1a: Gengar\n|-supereffective|p1a: Gengar|1\n|-damage|p1a: Gengar|20/100\n|move|p2b: Voyager-1|Volt Switch|p1b: Incineroar\n|-damage|p1b: Incineroar|7/100\n|move|p1b: Incineroar|Parting Shot|p2b: Voyager-1\n|-unboost|p2b: Voyager-1|atk|1\n|-unboost|p2b: Voyager-1|spa|1\n|\n|t:|1776012613\n|switch|p1b: Sneasler|Sneasler, L50, F|100/100|[from] Parting Shot\n|\n|-heal|p2b: Voyager-1|99/100|[from] item: Leftovers\n|-start|p1a: Gengar|perish3\n|-start|p2a: Vostok|perish3\n|-start|p2b: Voyager-1|perish3\n|upkeep\n|turn|7\n|\n|t:|1776012629\n|switch|p1a: Incineroar|Incineroar, L50, M|7/100\n|-ability|p1a: Incineroar|Intimidate|boost\n|-unboost|p2a: Vostok|atk|1\n|-unboost|p2b: Voyager-1|atk|1\n|move|p1b: Sneasler|Fake Out|p2a: Vostok\n|-resisted|p2a: Vostok|1\n|-damage|p2a: Vostok|91/100\n|cant|p2a: Vostok|flinch\n|move|p2b: Voyager-1|Volt Switch|p1a: Incineroar\n|-damage|p1a: Incineroar|0 fnt\n|faint|p1a: Incineroar\n|\n|-heal|p2b: Voyager-1|100/100|[from] item: Leftovers\n|-start|p2a: Vostok|perish2\n|-start|p2b: Voyager-1|perish2\n|upkeep\n|\n|t:|1776012648\n|switch|p1a: Gengar|Gengar-Mega, L50, F|20/100\n|turn|8\n|\n|t:|1776012657\n|move|p1a: Gengar|Protect|p1a: Gengar\n|-singleturn|p1a: Gengar|Protect\n|move|p1b: Sneasler|Protect|p1b: Sneasler\n|-singleturn|p1b: Sneasler|Protect\n|move|p2a: Vostok|Protect|p2a: Vostok\n|-singleturn|p2a: Vostok|Protect\n|move|p2b: Voyager-1|Will-O-Wisp|p1b: Sneasler\n|-activate|p1b: Sneasler|move: Protect\n|\n|-start|p2a: Vostok|perish1\n|-start|p2b: Voyager-1|perish1\n|upkeep\n|turn|9\n|\n|t:|1776012673\n|move|p1a: Gengar|Protect||[still]\n|-fail|p1a: Gengar\n|move|p1b: Sneasler|Protect||[still]\n|-fail|p1b: Sneasler\n|move|p2a: Vostok|Flash Cannon|p1b: Sneasler\n|-damage|p1b: Sneasler|24/100\n|move|p2b: Voyager-1|Discharge|p1a: Gengar|[spread] p2a,p1a,p1b\n|-damage|p2a: Vostok|68/100\n|-damage|p1a: Gengar|4/100\n|-damage|p1b: Sneasler|5/100\n|-status|p2a: Vostok|par\n|-status|p1a: Gengar|par\n|\n|-start|p2b: Voyager-1|perish0\n|-start|p2a: Vostok|perish0\n|faint|p2b: Voyager-1\n|faint|p2a: Vostok\n|\n|win|Missed Ledgedash\n|raw|Missed Ledgedash's rating: 1000 &rarr; <strong>1040</strong><br />(+40 for winning)\n|raw|comet092's rating: 1000 &rarr; <strong>1000</strong><br />(+0 for losing)\n",
  "uploadtime": 1776012674,
  "views": 12,
  "formatid": "gen9championsvgc2026regma",
  "rating": 1000,
  "private": 0,
  "password": null
}