{
  "id": "gen9championsvgc2026regma-2584908653",
  "format": "[Gen 9 Champions] VGC 2026 Reg M-A",
  "players": [
    "bulbasapo",
    "Darkness_DxD_23"
  ],
  "log": "|j|\u2606bulbasapo\n|j|\u2606Darkness_DxD_23\n|t:|1776293542\n|gametype|doubles\n|player|p1|bulbasapo|roxie|1057\n|player|p2|Darkness_DxD_23|2|1055\n|gen|9\n|tier|[Gen 9 Champions] VGC 2026 Reg M-A\n|rated|\n|rule|Species Clause: Limit one of each Pok\u00e9mon\n|rule|Item Clause: Limit 1 of each item\n|clearpoke\n|poke|p1|Floette-Eternal, L50, F|\n|poke|p1|Maushold-Four, L50|\n|poke|p1|Garchomp, L50, F|\n|poke|p1|Talonflame, L50, F|\n|poke|p1|Rotom-Wash, L50|\n|poke|p1|Aegislash, L50, M|\n|poke|p2|Aegislash, L50, F|\n|poke|p2|Floette-Eternal, L50, F|\n|poke|p2|Glimmora, L50, F|\n|poke|p2|Maushold, L50|\n|poke|p2|Incineroar, L50, F|\n|poke|p2|Milotic, L50, F|\n|teampreview|4\nDarkness_DxD_23 has agreed to open team sheets.\nbulbasapo has agreed to open team sheets.\n|showteam|p1|Floette-Eternal||Floettite|FlowerVeil|CalmMind,DazzlingGleam,Moonblast,Protect|||F|||50|]Maushold-Four||FocusSash|FriendGuard|SuperFang,FollowMe,Taunt,Protect||||||50|]Garchomp||SoftSand|RoughSkin|Earthquake,StompingTantrum,StoneEdge,Protect|||F|||50|]Talonflame|||GaleWings|Acrobatics,FlareBlitz,Tailwind,Protect|||F|||50|]Rotom-Wash||SitrusBerry|Levitate|Thunderbolt,HydroPump,HelpingHand,VoltSwitch||||||50|]Aegislash||SpellTag|StanceChange|Poltergeist,ShadowSneak,KingsShield,IronHead|||M|||50|\n|showteam|p2|Aegislash||Leftovers|StanceChange|ShadowBall,FlashCannon,KingsShield,Substitute|||F|||50|]Floette-Eternal||Floettite|FlowerVeil|CalmMind,Protect,Moonblast,DazzlingGleam|||F|||50|]Glimmora||Glimmoranite|Corrosion|PowerGem,SludgeWave,SpikyShield,MortalSpin|||F|||50|]Maushold||FocusSash|FriendGuard|FollowMe,Taunt,PopulationBomb,Protect||||||50|]Incineroar||BrightPowder|Intimidate|FakeOut,ThroatChop,FlareBlitz,PartingShot|||F|||50|]Milotic||SitrusBerry|Competitive|IcyWind,Recover,Scald,Protect|||F|||50|\n|\n|t:|1776293582\n|teamsize|p1|4\n|teamsize|p2|4\n|start\n|switch|p1a: Rotom|Rotom-Wash, L50|100/100\n|switch|p1b: Floette|Floette-Eternal, L50, F|100/100\n|switch|p2a: Incineroar|Incineroar, L50, F|100/100\n|switch|p2b: Glimmora|Glimmora, L50, F|100/100\n|-ability|p2a: Incineroar|Intimidate|boost\n|-unboost|p1a: Rotom|atk|1\n|-unboost|p1b: Floette|atk|1\n|turn|1\n|\n|t:|1776293608\n|detailschange|p1b: Floette|Floette-Mega, L50, F\n|-mega|p1b: Floette|Floette|Floettite\n|-ability|p1b: Floette|Fairy Aura\n|move|p1b: Floette|Protect|p1b: Floette\n|-singleturn|p1b: Floette|Protect\n|move|p2a: Incineroar|Fake Out|p1a: Rotom\n|-damage|p1a: Rotom|86/100\n|cant|p1a: Rotom|flinch\n|move|p2b: Glimmora|Mortal Spin|p1a: Rotom|[spread] p1a\n|-activate|p1b: Floette|move: Protect\n|-damage|p1a: Rotom|81/100\n|-status|p1a: Rotom|psn\n|\n|-damage|p1a: Rotom|69/100 psn|[from] psn\n|upkeep\n|turn|2\n|\n|t:|1776293646\n|move|p2b: Glimmora|Spiky Shield|p2b: Glimmora\n|-singleturn|p2b: Glimmora|move: Protect\n|move|p1b: Floette|Moonblast|p2a: Incineroar\n|-damage|p2a: Incineroar|31/100\n|move|p1a: Rotom|Hydro Pump|p2b: Glimmora\n|-activate|p2b: Glimmora|move: Protect\n|move|p2a: Incineroar|Parting Shot|p1b: Floette\n|-unboost|p1b: Floette|atk|1\n|-unboost|p1b: Floette|spa|1\n|\n|t:|1776293660\n|switch|p2a: Aegislash|Aegislash, L50, F|100/100|[from] Parting Shot\n|\n|-damage|p1a: Rotom|57/100 psn|[from] psn\n|upkeep\n|turn|3\n|\n|t:|1776293691\n|switch|p1b: Garchomp|Garchomp, L50, F|100/100\n|switch|p1a: Maushold|Maushold-Four, L50|100/100\n|detailschange|p2b: Glimmora|Glimmora-Mega, L50, F\n|-mega|p2b: Glimmora|Glimmora|Glimmoranite\n|move|p2b: Glimmora|Sludge Wave|p1b: Garchomp|[spread] p1a,p1b\n|-immune|p2a: Aegislash\n|-resisted|p1b: Garchomp|1\n|-damage|p1a: Maushold|43/100\n|-damage|p1b: Garchomp|80/100\n|-formechange|p2a: Aegislash|Aegislash-Blade|\n|move|p2a: Aegislash|Shadow Ball|p1a: Maushold\n|-immune|p1a: Maushold\n|\n|upkeep\n|turn|4\n|\n|t:|1776293723\n|move|p1a: Maushold|Protect|p1a: Maushold\n|-singleturn|p1a: Maushold|Protect\n|move|p2b: Glimmora|Spiky Shield|p2b: Glimmora\n|-singleturn|p2b: Glimmora|move: Protect\n|-formechange|p2a: Aegislash|Aegislash|\n|move|p2a: Aegislash|King's Shield|p2a: Aegislash\n|-singleturn|p2a: Aegislash|Protect\n|move|p1b: Garchomp|Earthquake|p2b: Glimmora|[spread] \n|-activate|p1a: Maushold|move: Protect\n|-activate|p2a: Aegislash|move: Protect\n|-activate|p2b: Glimmora|move: Protect\n|\n|upkeep\n|turn|5\n|\n|t:|1776293755\n|switch|p2b: Incineroar|Incineroar, L50, F|31/100\n|-ability|p2b: Incineroar|Intimidate|boost\n|-unboost|p1a: Maushold|atk|1\n|-unboost|p1b: Garchomp|atk|1\n|move|p1a: Maushold|Super Fang|p2b: Incineroar\n|-damage|p2b: Incineroar|16/100\n|move|p1b: Garchomp|Earthquake|p2b: Incineroar|[spread] p1a,p2a,p2b\n|-supereffective|p2a: Aegislash|1\n|-supereffective|p2b: Incineroar|1\n|-damage|p1a: Maushold|3/100\n|-damage|p2a: Aegislash|50/100\n|-damage|p2b: Incineroar|0 fnt\n|faint|p2b: Incineroar\n|-formechange|p2a: Aegislash|Aegislash-Blade|\n|move|p2a: Aegislash|Shadow Ball|p1b: Garchomp\n|-damage|p1b: Garchomp|44/100\n|\n|-heal|p2a: Aegislash|56/100|[from] item: Leftovers\n|upkeep\n|\n|t:|1776293775\n|switch|p2b: Floette|Floette-Eternal, L50, F|100/100\n|turn|6\n|\n|t:|1776293790\n|-formechange|p2a: Aegislash|Aegislash|\n|move|p2a: Aegislash|King's Shield|p2a: Aegislash\n|-singleturn|p2a: Aegislash|Protect\n|move|p1a: Maushold|Follow Me|p1a: Maushold\n|-singleturn|p1a: Maushold|move: Follow Me\n|move|p1b: Garchomp|Stomping Tantrum|p2a: Aegislash\n|-activate|p2a: Aegislash|move: Protect\n|-unboost|p1b: Garchomp|atk|1\n|move|p2b: Floette|Dazzling Gleam|p1a: Maushold|[spread] p1a,p1b\n|-supereffective|p1b: Garchomp|1\n|-damage|p1a: Maushold|0 fnt\n|-damage|p1b: Garchomp|2/100\n|faint|p1a: Maushold\n|\n|-heal|p2a: Aegislash|62/100|[from] item: Leftovers\n|upkeep\n|\n|t:|1776293806\n|switch|p1a: Rotom|Rotom-Wash, L50|57/100 psn\n|turn|7\n|\n|t:|1776293817\n|switch|p1b: Floette|Floette-Mega, L50, F|100/100\n|-ability|p1b: Floette|Fairy Aura\n|move|p2b: Floette|Dazzling Gleam|p1b: Floette|[spread] p1a,p1b\n|-damage|p1a: Rotom|14/100 psn\n|-damage|p1b: Floette|74/100\n|-enditem|p1a: Rotom|Sitrus Berry|[eat]\n|-heal|p1a: Rotom|38/100 psn|[from] item: Sitrus Berry\n|move|p1a: Rotom|Thunderbolt|p2b: Floette\n|-damage|p2b: Floette|67/100\n|-formechange|p2a: Aegislash|Aegislash-Blade|\n|move|p2a: Aegislash|Shadow Ball|p1a: Rotom\n|-damage|p1a: Rotom|0 fnt\n|faint|p1a: Rotom\n|\n|-heal|p2a: Aegislash|68/100|[from] item: Leftovers\n|upkeep\n|\n|t:|1776293830\n|switch|p1a: Garchomp|Garchomp, L50, F|2/100\n|turn|8\n|\n|t:|1776293844\n|move|p2b: Floette|Protect|p2b: Floette\n|-singleturn|p2b: Floette|Protect\n|-formechange|p2a: Aegislash|Aegislash|\n|move|p2a: Aegislash|King's Shield|p2a: Aegislash\n|-singleturn|p2a: Aegislash|Protect\n|move|p1a: Garchomp|Earthquake|p2b: Floette|[spread] p1b\n|-activate|p2a: Aegislash|move: Protect\n|-activate|p2b: Floette|move: Protect\n|-damage|p1b: Floette|12/100\n|move|p1b: Floette|Calm Mind|p1b: Floette\n|-boost|p1b: Floette|spa|1\n|-boost|p1b: Floette|spd|1\n|\n|-heal|p2a: Aegislash|74/100|[from] item: Leftovers\n|upkeep\n|turn|9\n|\n|t:|1776293863\n|move|p1b: Floette|Protect|p1b: Floette\n|-singleturn|p1b: Floette|Protect\n|move|p1a: Garchomp|Earthquake|p2b: Floette|[spread] p2a,p2b\n|-activate|p1b: Floette|move: Protect\n|-supereffective|p2a: Aegislash|1\n|-damage|p2a: Aegislash|0 fnt\n|-damage|p2b: Floette|8/100\n|faint|p2a: Aegislash\n|move|p2b: Floette|Dazzling Gleam|p1a: Garchomp|[spread] p1a\n|-activate|p1b: Floette|move: Protect\n|-supereffective|p1a: Garchomp|1\n|-damage|p1a: Garchomp|0 fnt\n|faint|p1a: Garchomp\n|\n|upkeep\n|\n|t:|1776293876\n|switch|p2a: Glimmora|Glimmora-Mega, L50, F|100/100\n|turn|10\n|\n|t:|1776293890\n|move|p1b: Floette|Dazzling Gleam|p2b: Floette|[spread] p2a,p2b\n|-resisted|p2a: Glimmora|1\n|-damage|p2a: Glimmora|65/100\n|-damage|p2b: Floette|0 fnt\n|faint|p2b: Floette\n|move|p2a: Glimmora|Mortal Spin|p1b: Floette\n|-supereffective|p1b: Floette|1\n|-damage|p1b: Floette|0 fnt\n|faint|p1b: Floette\n|\n|win|Darkness_DxD_23\n|raw|bulbasapo's rating: 1057 &rarr; <strong>1038</strong><br />(-19 for losing)\n|raw|Darkness_DxD_23's rating: 1055 &rarr; <strong>1087</strong><br />(+32 for winning)\n|l|\u2606bulbasapo\n|player|p1|\n",
  "uploadtime": 1776293899,
  "views": 20,
  "formatid": "gen9championsvgc2026regma",
  "rating": 1038,
  "private": 0,
  "password": null
}