{
  "id": "gen9championsvgc2026regma-2584543303",
  "format": "[Gen 9 Champions] VGC 2026 Reg M-A",
  "players": [
    "64t",
    "Bacowl"
  ],
  "log": "|j|\u260664t\n|j|\u2606Bacowl\n|t:|1776267711\n|gametype|doubles\n|player|p1|64t|170|1055\n|player|p2|Bacowl|bugcatcher-gen4dp|1049\n|gen|9\n|tier|[Gen 9 Champions] VGC 2026 Reg M-A\n|rated|\n|rule|Species Clause: Limit one of each Pok\u00e9mon\n|rule|Item Clause: Limit 1 of each item\n|clearpoke\n|poke|p1|Scizor, L50, M|\n|poke|p1|Pelipper, L50, F|\n|poke|p1|Incineroar, L50, F|\n|poke|p1|Dragapult, L50, M|\n|poke|p1|Maushold-Four, L50|\n|poke|p1|Tsareena, L50, F|\n|poke|p2|Charizard, L50, F|\n|poke|p2|Whimsicott, L50, F|\n|poke|p2|Venusaur, L50, M|\n|poke|p2|Dragapult, L50, M|\n|poke|p2|Sneasler, L50, M|\n|poke|p2|Typhlosion-Hisui, L50, M|\n|teampreview|4\n|inactive|Battle timer is ON: inactive players will automatically lose when time's up. (requested by Bacowl)\n|inactive|64t has 60 seconds left.\n|\n|t:|1776267756\n|teamsize|p1|4\n|teamsize|p2|4\n|start\n|switch|p1a: Pelipper|Pelipper, L50, F|100/100\n|switch|p1b: Scizor|Scizor, L50, M|100/100\n|switch|p2a: Sneasler|Sneasler, L50, M|100/100\n|switch|p2b: Dragapult|Dragapult, L50, M|100/100\n|-ability|p2a: Sneasler|Pressure\n|-weather|RainDance|[from] ability: Drizzle|[of] p1a: Pelipper\n|turn|1\n|\n|t:|1776267773\n|move|p1b: Scizor|Protect|p1b: Scizor\n|-singleturn|p1b: Scizor|Protect\n|move|p2a: Sneasler|Fake Out|p1a: Pelipper\n|-damage|p1a: Pelipper|85/100\n|move|p2b: Dragapult|Thunderbolt|p1a: Pelipper\n|-supereffective|p1a: Pelipper|2\n|-damage|p1a: Pelipper|0 fnt\n|faint|p1a: Pelipper\n|\n|-weather|RainDance|[upkeep]\n|upkeep\n|\n|t:|1776267781\n|switch|p1a: Dragapult|Dragapult, L50, M|100/100\n|turn|2\n|\n|t:|1776267798\n|detailschange|p1b: Scizor|Scizor-Mega, L50, M\n|-mega|p1b: Scizor|Scizor|Scizorite\n|move|p2b: Dragapult|Protect|p2b: Dragapult\n|-singleturn|p2b: Dragapult|Protect\n|move|p1a: Dragapult|Draco Meteor|p2b: Dragapult\n|-activate|p2b: Dragapult|move: Protect\n|move|p2a: Sneasler|Close Combat|p1b: Scizor\n|-damage|p1b: Scizor|56/100\n|-unboost|p2a: Sneasler|def|1\n|-unboost|p2a: Sneasler|spd|1\n|-enditem|p2a: Sneasler|White Herb\n|-clearnegativeboost|p2a: Sneasler|[silent]\n|move|p1b: Scizor|Dual Wingbeat|p2a: Sneasler\n|-supereffective|p2a: Sneasler|1\n|-damage|p2a: Sneasler|18/100\n|-supereffective|p2a: Sneasler|1\n|-damage|p2a: Sneasler|0 fnt\n|faint|p2a: Sneasler\n|-hitcount|p2: Sneasler|2\n|\n|-weather|RainDance|[upkeep]\n|upkeep\n|\n|t:|1776267817\n|switch|p2a: Charizard|Charizard, L50, F|100/100\n|turn|3\n|\n|t:|1776267829\n|switch|p2b: Whimsicott|Whimsicott, L50, F|100/100\n|switch|p1b: Incineroar|Incineroar, L50, F|100/100\n|-ability|p1b: Incineroar|Intimidate|boost\n|-unboost|p2a: Charizard|atk|1\n|-unboost|p2b: Whimsicott|atk|1\n|detailschange|p2a: Charizard|Charizard-Mega-Y, L50, F\n|-mega|p2a: Charizard|Charizard|Charizardite Y\n|-weather|SunnyDay|[from] ability: Drought|[of] p2a: Charizard\n|move|p1a: Dragapult|Draco Meteor|p2b: Whimsicott\n|-immune|p2b: Whimsicott\n|move|p2a: Charizard|Heat Wave|p1b: Incineroar|[spread] p1a,p1b\n|-resisted|p1a: Dragapult|1\n|-resisted|p1b: Incineroar|1\n|-damage|p1a: Dragapult|53/100\n|-damage|p1b: Incineroar|65/100\n|\n|-weather|SunnyDay|[upkeep]\n|upkeep\n|turn|4\n|\n|t:|1776267851\n|move|p1b: Incineroar|Fake Out|p2b: Whimsicott\n|-damage|p2b: Whimsicott|87/100\n|cant|p2b: Whimsicott|flinch\n|move|p1a: Dragapult|Draco Meteor|p2a: Charizard\n|-damage|p2a: Charizard|38/100\n|-unboost|p1a: Dragapult|spa|2\n|move|p2a: Charizard|Air Slash|p1a: Dragapult\n|-damage|p1a: Dragapult|0 fnt\n|faint|p1a: Dragapult\n|\n|-weather|SunnyDay|[upkeep]\n|upkeep\n|j| tu mama peruana\n|\n|t:|1776267861\n|switch|p1a: Scizor|Scizor-Mega, L50, M|56/100\n|turn|5\n|\n|t:|1776267885\n|move|p1a: Scizor|Bullet Punch|p2b: Whimsicott\n|-supereffective|p2b: Whimsicott|1\n|-damage|p2b: Whimsicott|0 fnt\n|faint|p2b: Whimsicott\n|move|p2a: Charizard|Heat Wave|p1a: Scizor|[spread] p1a,p1b\n|-supereffective|p1a: Scizor|2\n|-resisted|p1b: Incineroar|1\n|-damage|p1a: Scizor|0 fnt\n|-damage|p1b: Incineroar|33/100\n|-enditem|p1b: Incineroar|Sitrus Berry|[eat]\n|-heal|p1b: Incineroar|58/100|[from] item: Sitrus Berry\n|faint|p1a: Scizor\n|move|p1b: Incineroar|Darkest Lariat|p2a: Charizard\n|-damage|p2a: Charizard|0 fnt\n|faint|p2a: Charizard\n|\n|-weather|SunnyDay|[upkeep]\n|upkeep\n|\n|t:|1776267895\n|switch|p2a: Dragapult|Dragapult, L50, M|100/100\n|turn|6\n|n| Reynard_SD|tumamaperuana\n|c| Reynard_SD|omar\n|\n|t:|1776267903\n|move|p2a: Dragapult|Draco Meteor|p1b: Incineroar\n|-damage|p1b: Incineroar|1/100\n|-unboost|p2a: Dragapult|spa|2\n|move|p1b: Incineroar|Darkest Lariat|p2a: Dragapult\n|-supereffective|p2a: Dragapult|1\n|-damage|p2a: Dragapult|0 fnt\n|faint|p2a: Dragapult\n|\n|win|64t\n|raw|64t's rating: 1055 &rarr; <strong>1086</strong><br />(+31 for winning)\n|raw|Bacowl's rating: 1049 &rarr; <strong>1032</strong><br />(-17 for losing)\n|l|\u2606Bacowl\n|player|p2|\n",
  "uploadtime": 1776267912,
  "views": 19,
  "formatid": "gen9championsvgc2026regma",
  "rating": 1032,
  "private": 0,
  "password": null
}