{
  "id": "gen9championsvgc2026regma-2586164936",
  "format": "[Gen 9 Champions] VGC 2026 Reg M-A",
  "players": [
    "tuxmonroe",
    "Ramen Broth"
  ],
  "log": "|j|\u2606tuxmonroe\n|j|\u2606Ramen Broth\n|t:|1776407257\n|gametype|doubles\n|player|p1|tuxmonroe|barry|1233\n|player|p2|Ramen Broth|169|1290\n|gen|9\n|tier|[Gen 9 Champions] VGC 2026 Reg M-A\n|rated|\n|rule|Species Clause: Limit one of each Pok\u00e9mon\n|rule|Item Clause: Limit 1 of each item\n|clearpoke\n|poke|p1|Palafin, L50, M|\n|poke|p1|Incineroar, L50, F|\n|poke|p1|Sinistcha-Masterpiece, L50|\n|poke|p1|Corviknight, L50, F|\n|poke|p1|Manectric, L50, M|\n|poke|p1|Gengar, L50, F|\n|poke|p2|Froslass, L50, F|\n|poke|p2|Meganium, L50, F|\n|poke|p2|Tauros-Paldea-Aqua, L50, M|\n|poke|p2|Aerodactyl, L50, F|\n|poke|p2|Aegislash, L50, M|\n|poke|p2|Incineroar, L50, M|\n|teampreview|4\n|inactive|Battle timer is ON: inactive players will automatically lose when time's up. (requested by Ramen Broth)\n|inactive|tuxmonroe has 60 seconds left.\n|inactive|Ramen Broth has 60 seconds left.\n|\n|t:|1776407294\n|teamsize|p1|4\n|teamsize|p2|4\n|start\n|switch|p1a: Manectric|Manectric, L50, M|100/100\n|switch|p1b: Incineroar|Incineroar, L50, F|100/100\n|switch|p2a: Incineroar|Incineroar, L50, M|100/100\n|switch|p2b: Aerodactyl|Aerodactyl, L50, F|100/100\n|-ability|p2b: Aerodactyl|Unnerve\n|-ability|p1b: Incineroar|Intimidate|boost\n|-unboost|p2a: Incineroar|atk|1\n|-unboost|p2b: Aerodactyl|atk|1\n|-ability|p2a: Incineroar|Intimidate|boost\n|-unboost|p1a: Manectric|atk|1\n|-unboost|p1b: Incineroar|atk|1\n|turn|1\n|\n|t:|1776407307\n|detailschange|p1a: Manectric|Manectric-Mega, L50, M\n|-mega|p1a: Manectric|Manectric|Manectite\n|-ability|p1a: Manectric|Intimidate|boost\n|-unboost|p2a: Incineroar|atk|1\n|-unboost|p2b: Aerodactyl|atk|1\n|move|p2b: Aerodactyl|Protect|p2b: Aerodactyl\n|-singleturn|p2b: Aerodactyl|Protect\n|move|p1b: Incineroar|Fake Out|p2b: Aerodactyl\n|-activate|p2b: Aerodactyl|move: Protect\n|move|p1a: Manectric|Volt Switch|p2a: Incineroar\n|-damage|p2a: Incineroar|76/100\n|\n|t:|1776407318\n|switch|p1a: Corviknight|Corviknight, L50, F|100/100|[from] Volt Switch\n|move|p2a: Incineroar|Parting Shot|p1a: Corviknight\n|-ability|p1a: Corviknight|Mirror Armor\n|-unboost|p2a: Incineroar|atk|1\n|-ability|p1a: Corviknight|Mirror Armor\n|-unboost|p2a: Incineroar|spa|1\n|\n|t:|1776407329\n|switch|p2a: Meganium|Meganium, L50, F|100/100|[from] Parting Shot\n|\n|upkeep\n|turn|2\n|\n|t:|1776407342\n|switch|p2b: Incineroar|Incineroar, L50, M|76/100\n|-ability|p2b: Incineroar|Intimidate|boost\n|-ability|p1a: Corviknight|Mirror Armor\n|-unboost|p2b: Incineroar|atk|1\n|-unboost|p1b: Incineroar|atk|1\n|detailschange|p2a: Meganium|Meganium-Mega, L50, F\n|-mega|p2a: Meganium|Meganium|Meganiumite\n|move|p2a: Meganium|Weather Ball|p1a: Corviknight\n|-supereffective|p1a: Corviknight|1\n|-damage|p1a: Corviknight|9/100\n|move|p1a: Corviknight|Roost|p1a: Corviknight\n|-heal|p1a: Corviknight|59/100\n|-singleturn|p1a: Corviknight|move: Roost\n|move|p1b: Incineroar|Parting Shot|p2a: Meganium\n|-unboost|p2a: Meganium|atk|1\n|-unboost|p2a: Meganium|spa|1\n|\n|t:|1776407359\n|switch|p1b: Gengar|Gengar, L50, F|100/100|[from] Parting Shot\n|\n|-heal|p1a: Corviknight|65/100|[from] item: Leftovers\n|upkeep\n|turn|3\n|\n|t:|1776407380\n|switch|p2a: Aerodactyl|Aerodactyl, L50, F|100/100\n|-ability|p2a: Aerodactyl|Unnerve\n|switch|p1a: Incineroar|Incineroar, L50, F|100/100\n|-ability|p1a: Incineroar|Intimidate|boost\n|-unboost|p2a: Aerodactyl|atk|1\n|-unboost|p2b: Incineroar|atk|1\n|move|p1b: Gengar|Sludge Bomb|p2b: Incineroar\n|-damage|p2b: Incineroar|48/100\n|move|p2b: Incineroar|Throat Chop|p1b: Gengar\n|-supereffective|p1b: Gengar|1\n|-damage|p1b: Gengar|53/100\n|-start|p1b: Gengar|Throat Chop|[silent]\n|\n|upkeep\n|turn|4\n|inactive|Ramen Broth has 30 seconds left.\n|\n|t:|1776407409\n|switch|p1b: Corviknight|Corviknight, L50, F|65/100\n|move|p2a: Aerodactyl|Tailwind|p2a: Aerodactyl\n|-sidestart|p2: Ramen Broth|move: Tailwind\n|move|p2b: Incineroar|Throat Chop|p1b: Corviknight\n|-damage|p1b: Corviknight|53/100\n|-start|p1b: Corviknight|Throat Chop|[silent]\n|move|p1a: Incineroar|Parting Shot|p2b: Incineroar\n|-unboost|p2b: Incineroar|atk|1\n|-unboost|p2b: Incineroar|spa|1\n|\n|t:|1776407420\n|switch|p1a: Manectric|Manectric-Mega, L50, M|100/100|[from] Parting Shot\n|-ability|p1a: Manectric|Intimidate|boost\n|-unboost|p2a: Aerodactyl|atk|1\n|-unboost|p2b: Incineroar|atk|1\n|\n|-heal|p1b: Corviknight|59/100|[from] item: Leftovers\n|upkeep\n|turn|5\n|inactive|tuxmonroe has 30 seconds left.\n|inactive|Ramen Broth has 30 seconds left.\n|inactive|tuxmonroe has 20 seconds left.\n|inactive|tuxmonroe has 15 seconds left.\n|inactive|Ramen Broth has 20 seconds left.\n|inactive|Ramen Broth has 15 seconds left.\n|\n|t:|1776407467\n|move|p2a: Aerodactyl|Protect|p2a: Aerodactyl\n|-singleturn|p2a: Aerodactyl|Protect\n|move|p1a: Manectric|Volt Switch|p2b: Incineroar\n|-crit|p2b: Incineroar\n|-damage|p2b: Incineroar|11/100\n|\n|t:|1776407474\n|switch|p1a: Incineroar|Incineroar, L50, F|100/100|[from] Volt Switch\n|-ability|p1a: Incineroar|Intimidate|boost\n|-unboost|p2a: Aerodactyl|atk|1\n|-unboost|p2b: Incineroar|atk|1\n|move|p2b: Incineroar|Parting Shot|p1a: Incineroar\n|-unboost|p1a: Incineroar|atk|1\n|-unboost|p1a: Incineroar|spa|1\n|\n|t:|1776407479\n|switch|p2b: Meganium|Meganium-Mega, L50, F|100/100|[from] Parting Shot\n|move|p1b: Corviknight|Roost|p1b: Corviknight\n|-heal|p1b: Corviknight|100/100\n|-singleturn|p1b: Corviknight|move: Roost\n|\n|-end|p1b: Corviknight|Throat Chop|[silent]\n|upkeep\n|turn|6\n|inactive|Ramen Broth has 30 seconds left.\n|\n|t:|1776407505\n|switch|p2a: Incineroar|Incineroar, L50, M|11/100\n|-ability|p2a: Incineroar|Intimidate|boost\n|-unboost|p1a: Incineroar|atk|1\n|-ability|p1b: Corviknight|Mirror Armor\n|-unboost|p2a: Incineroar|atk|1\n|move|p1a: Incineroar|Fake Out|p2b: Meganium\n|-damage|p2b: Meganium|96/100\n|cant|p2b: Meganium|flinch\n|move|p1b: Corviknight|Iron Head|p2b: Meganium\n|-supereffective|p2b: Meganium|1\n|-damage|p2b: Meganium|53/100\n|\n|upkeep\n|turn|7\n|\n|t:|1776407528\n|switch|p1b: Gengar|Gengar, L50, F|53/100\n|move|p2b: Meganium|Weather Ball|p1b: Gengar\n|-damage|p1b: Gengar|0 fnt\n|faint|p1b: Gengar\n|move|p2a: Incineroar|Flare Blitz|p1a: Incineroar\n|-resisted|p1a: Incineroar|1\n|-damage|p1a: Incineroar|88/100\n|-damage|p2a: Incineroar|6/100|[from] Recoil\n|move|p1a: Incineroar|Parting Shot|p2b: Meganium\n|-unboost|p2b: Meganium|atk|1\n|-unboost|p2b: Meganium|spa|1\n|\n|t:|1776407538\n|switch|p1a: Manectric|Manectric-Mega, L50, M|100/100|[from] Parting Shot\n|-ability|p1a: Manectric|Intimidate|boost\n|-unboost|p2a: Incineroar|atk|1\n|-unboost|p2b: Meganium|atk|1\n|\n|-sideend|p2: Ramen Broth|move: Tailwind\n|upkeep\n|\n|t:|1776407541\n|switch|p1b: Incineroar|Incineroar, L50, F|88/100\n|-ability|p1b: Incineroar|Intimidate|boost\n|-unboost|p2a: Incineroar|atk|1\n|-unboost|p2b: Meganium|atk|1\n|turn|8\n|\n|t:|1776407553\n|move|p2b: Meganium|Protect|p2b: Meganium\n|-singleturn|p2b: Meganium|Protect\n|move|p1a: Manectric|Overheat|p2b: Meganium\n|-activate|p2b: Meganium|move: Protect\n|move|p1b: Incineroar|Parting Shot|p2a: Incineroar\n|-unboost|p2a: Incineroar|atk|1\n|-unboost|p2a: Incineroar|spa|1\n|\n|t:|1776407555\n|switch|p1b: Corviknight|Corviknight, L50, F|100/100|[from] Parting Shot\n|move|p2a: Incineroar|Parting Shot|p1a: Manectric\n|-unboost|p1a: Manectric|atk|1\n|-unboost|p1a: Manectric|spa|1\n|\n|t:|1776407559\n|switch|p2a: Aerodactyl|Aerodactyl, L50, F|100/100|[from] Parting Shot\n|-ability|p2a: Aerodactyl|Unnerve\n|\n|upkeep\n|turn|9\n|\n|t:|1776407567\n|switch|p2b: Incineroar|Incineroar, L50, M|6/100\n|-ability|p2b: Incineroar|Intimidate|boost\n|-unboost|p1a: Manectric|atk|1\n|-ability|p1b: Corviknight|Mirror Armor\n|-unboost|p2b: Incineroar|atk|1\n|move|p1a: Manectric|Snarl|p2b: Incineroar|[spread] p2a,p2b\n|-resisted|p2b: Incineroar|1\n|-damage|p2a: Aerodactyl|88/100\n|-damage|p2b: Incineroar|4/100\n|-unboost|p2a: Aerodactyl|spa|1\n|-unboost|p2b: Incineroar|spa|1\n|move|p2a: Aerodactyl|Tailwind|p2a: Aerodactyl\n|-sidestart|p2: Ramen Broth|move: Tailwind\n|move|p1b: Corviknight|Iron Head|p2b: Incineroar\n|-resisted|p2b: Incineroar|1\n|-damage|p2b: Incineroar|0 fnt\n|faint|p2b: Incineroar\n|\n|upkeep\n|\n|t:|1776407573\n|switch|p2b: Meganium|Meganium-Mega, L50, F|53/100\n|turn|10\n|\n|t:|1776407583\n|switch|p1b: Incineroar|Incineroar, L50, F|88/100\n|-ability|p1b: Incineroar|Intimidate|boost\n|-unboost|p2a: Aerodactyl|atk|1\n|-unboost|p2b: Meganium|atk|1\n|move|p2a: Aerodactyl|Rock Slide|p1b: Incineroar|[spread] p1a,p1b\n|-crit|p1a: Manectric\n|-supereffective|p1b: Incineroar|1\n|-damage|p1a: Manectric|55/100\n|-damage|p1b: Incineroar|58/100\n|move|p2b: Meganium|Weather Ball|p1b: Incineroar\n|-resisted|p1b: Incineroar|1\n|-damage|p1b: Incineroar|33/100\n|cant|p1a: Manectric|flinch\n|\n|upkeep\n|turn|11\n|inactive|tuxmonroe has 30 seconds left.\n|inactive|tuxmonroe has 20 seconds left.\n|inactive|tuxmonroe has 15 seconds left.\n|\n|t:|1776407625\n|move|p2a: Aerodactyl|Protect|p2a: Aerodactyl\n|-singleturn|p2a: Aerodactyl|Protect\n|move|p2b: Meganium|Protect|p2b: Meganium\n|-singleturn|p2b: Meganium|Protect\n|move|p1b: Incineroar|Fake Out|p2a: Aerodactyl\n|-activate|p2a: Aerodactyl|move: Protect\n|move|p1a: Manectric|Volt Switch|p2a: Aerodactyl\n|-activate|p2a: Aerodactyl|move: Protect\n|\n|upkeep\n|turn|12\n|\n|t:|1776407639\n|move|p1a: Manectric|Protect|p1a: Manectric\n|-singleturn|p1a: Manectric|Protect\n|move|p1b: Incineroar|Protect|p1b: Incineroar\n|-singleturn|p1b: Incineroar|Protect\n|move|p2a: Aerodactyl|Rock Slide|p1b: Incineroar|[spread] \n|-activate|p1a: Manectric|move: Protect\n|-activate|p1b: Incineroar|move: Protect\n|move|p2b: Meganium|Dazzling Gleam|p1b: Incineroar|[spread] \n|-activate|p1a: Manectric|move: Protect\n|-activate|p1b: Incineroar|move: Protect\n|\n|-sideend|p2: Ramen Broth|move: Tailwind\n|upkeep\n|turn|13\n|\n|t:|1776407651\n|move|p1a: Manectric|Volt Switch|p2a: Aerodactyl\n|-supereffective|p2a: Aerodactyl|1\n|-damage|p2a: Aerodactyl|27/100\n|\n|t:|1776407654\n|switch|p1a: Corviknight|Corviknight, L50, F|100/100|[from] Volt Switch\n|move|p2a: Aerodactyl|Tailwind|p2a: Aerodactyl\n|-sidestart|p2: Ramen Broth|move: Tailwind\n|move|p2b: Meganium|Solar Beam||[still]\n|-prepare|p2b: Meganium|Solar Beam\n|-activate|p2b: Meganium|ability: Mega Sol\n|-anim|p2b: Meganium|Solar Beam|p1a: Corviknight\n|-resisted|p1a: Corviknight|2\n|-damage|p1a: Corviknight|86/100\n|move|p1b: Incineroar|Parting Shot|p2b: Meganium\n|-unboost|p2b: Meganium|atk|1\n|-unboost|p2b: Meganium|spa|1\n|\n|t:|1776407658\n|switch|p1b: Manectric|Manectric-Mega, L50, M|55/100|[from] Parting Shot\n|-ability|p1b: Manectric|Intimidate|boost\n|-unboost|p2a: Aerodactyl|atk|1\n|-unboost|p2b: Meganium|atk|1\n|\n|-heal|p1a: Corviknight|92/100|[from] item: Leftovers\n|upkeep\n|turn|14\n|\n|t:|1776407670\n|move|p2a: Aerodactyl|Rock Slide|p1b: Manectric|[spread] p1a,p1b\n|-damage|p1a: Corviknight|82/100\n|-damage|p1b: Manectric|40/100\n|move|p2b: Meganium|Weather Ball|p1a: Corviknight\n|-supereffective|p1a: Corviknight|1\n|-damage|p1a: Corviknight|17/100\n|move|p1b: Manectric|Overheat|p2b: Meganium\n|-supereffective|p2b: Meganium|1\n|-damage|p2b: Meganium|0 fnt\n|-unboost|p1b: Manectric|spa|2\n|faint|p2b: Meganium\n|cant|p1a: Corviknight|flinch\n|\n|-heal|p1a: Corviknight|23/100|[from] item: Leftovers\n|upkeep\n|\n|t:|1776407680\n|switch|p2b: Tauros|Tauros-Paldea-Aqua, L50, M|100/100\n|turn|15\n|\n|t:|1776407697\n|switch|p1a: Incineroar|Incineroar, L50, F|33/100\n|-ability|p1a: Incineroar|Intimidate|boost\n|-unboost|p2a: Aerodactyl|atk|1\n|-unboost|p2b: Tauros|atk|1\n|move|p2a: Aerodactyl|Rock Slide|p1b: Manectric|[spread] p1a,p1b\n|-supereffective|p1a: Incineroar|1\n|-damage|p1a: Incineroar|14/100\n|-damage|p1b: Manectric|28/100\n|move|p2b: Tauros|Substitute|p2b: Tauros\n|-start|p2b: Tauros|Substitute\n|-damage|p2b: Tauros|75/100\n|move|p1b: Manectric|Volt Switch|p2a: Aerodactyl\n|-supereffective|p2a: Aerodactyl|1\n|-damage|p2a: Aerodactyl|0 fnt\n|-enditem|p1a: Incineroar|Sitrus Berry|[eat]\n|-heal|p1a: Incineroar|39/100|[from] item: Sitrus Berry\n|faint|p2a: Aerodactyl\n|\n|t:|1776407711\n|switch|p1b: Corviknight|Corviknight, L50, F|23/100|[from] Volt Switch\n|\n|-heal|p1b: Corviknight|29/100|[from] item: Leftovers\n|upkeep\n|turn|16\n|\n|t:|1776407716\n|move|p2b: Tauros|Wave Crash|p1a: Incineroar\n|-supereffective|p1a: Incineroar|1\n|-damage|p1a: Incineroar|0 fnt\n|faint|p1a: Incineroar\n|-damage|p2b: Tauros|59/100|[from] Recoil\n|move|p1b: Corviknight|Roost|p1b: Corviknight\n|-heal|p1b: Corviknight|79/100\n|-singleturn|p1b: Corviknight|move: Roost\n|\n|-heal|p1b: Corviknight|85/100|[from] item: Leftovers\n|-sideend|p2: Ramen Broth|move: Tailwind\n|upkeep\n|\n|t:|1776407720\n|switch|p1a: Manectric|Manectric-Mega, L50, M|28/100\n|-ability|p1a: Manectric|Intimidate|boost\n|-immune|p2b: Tauros\n|turn|17\n|\n|t:|1776407724\n|move|p2b: Tauros|Protect|p2b: Tauros\n|-singleturn|p2b: Tauros|Protect\n|move|p1a: Manectric|Volt Switch|p2b: Tauros\n|-activate|p2b: Tauros|move: Protect\n|move|p1b: Corviknight|Iron Defense|p1b: Corviknight\n|-boost|p1b: Corviknight|def|2\n|\n|-heal|p1b: Corviknight|91/100|[from] item: Leftovers\n|upkeep\n|turn|18\n|\n|t:|1776407731\n|move|p1a: Manectric|Volt Switch|p2b: Tauros\n|-supereffective|p2b: Tauros|1\n|-end|p2b: Tauros|Substitute\n|move|p2b: Tauros|Wave Crash|p1a: Manectric\n|-damage|p1a: Manectric|0 fnt\n|faint|p1a: Manectric\n|-damage|p2b: Tauros|50/100|[from] Recoil\n|-enditem|p2b: Tauros|Sitrus Berry|[eat]\n|-heal|p2b: Tauros|75/100|[from] item: Sitrus Berry\n|move|p1b: Corviknight|Body Press|p2b: Tauros\n|-crit|p2b: Tauros\n|-damage|p2b: Tauros|8/100\n|\n|-heal|p1b: Corviknight|97/100|[from] item: Leftovers\n|upkeep\n|turn|19\n|\n|t:|1776407734\n|move|p2b: Tauros|Close Combat|p1b: Corviknight\n|-damage|p1b: Corviknight|82/100\n|-unboost|p2b: Tauros|def|1\n|-unboost|p2b: Tauros|spd|1\n|move|p1b: Corviknight|Body Press|p2b: Tauros\n|-damage|p2b: Tauros|0 fnt\n|faint|p2b: Tauros\n|\n|win|tuxmonroe\n|raw|tuxmonroe's rating: 1233 &rarr; <strong>1262</strong><br />(+29 for winning)\n|raw|Ramen Broth's rating: 1290 &rarr; <strong>1261</strong><br />(-29 for losing)\n|l|\u2606Ramen Broth\n|player|p2|\n",
  "uploadtime": 1776407746,
  "views": 39,
  "formatid": "gen9championsvgc2026regma",
  "rating": 1261,
  "private": 0,
  "password": null
}