{
  "id": "gen9championsvgc2026regma-2581885361",
  "format": "[Gen 9 Champions] VGC 2026 Reg M-A",
  "players": [
    "adriigz",
    "the_ag_is_fake"
  ],
  "log": "|j|\u2606adriigz\n|j|\u2606the_ag_is_fake\n|t:|1776036676\n|gametype|doubles\n|player|p1|adriigz|266|1179\n|player|p2|the_ag_is_fake|rika|1164\n|gen|9\n|tier|[Gen 9 Champions] VGC 2026 Reg M-A\n|rated|\n|rule|Species Clause: Limit one of each Pok\u00e9mon\n|rule|Item Clause: Limit 1 of each item\n|clearpoke\n|poke|p1|Arcanine, L50, M|\n|poke|p1|Venusaur, L50, M|\n|poke|p1|Rotom-Wash, L50|\n|poke|p1|Garchomp, L50, M|\n|poke|p1|Corviknight, L50, F|\n|poke|p1|Sneasler, L50, F|\n|poke|p2|Clefable, L50, F|\n|poke|p2|Incineroar, L50, M|\n|poke|p2|Kingambit, L50, F|\n|poke|p2|Sneasler, L50, M|\n|poke|p2|Kommo-o, L50, F|\n|poke|p2|Froslass, L50, F|\n|teampreview|4\n|inactive|Battle timer is ON: inactive players will automatically lose when time's up. (requested by the_ag_is_fake)\n|inactive|adriigz has 60 seconds left.\n|inactive|the_ag_is_fake has 60 seconds left.\n|inactive|adriigz has 30 seconds left.\n|inactive|adriigz has 20 seconds left.\n|inactive|adriigz has 15 seconds left.\n|\n|t:|1776036752\n|teamsize|p1|4\n|teamsize|p2|4\n|start\n|switch|p1a: Venusaur|Venusaur, L50, M|100/100\n|switch|p1b: Rotom|Rotom-Wash, L50|100/100\n|switch|p2a: Froslass|Froslass, L50, F|100/100\n|switch|p2b: Incineroar|Incineroar, L50, M|100/100\n|-ability|p2b: Incineroar|Intimidate|boost\n|-unboost|p1a: Venusaur|atk|1\n|-unboost|p1b: Rotom|atk|1\n|turn|1\n|inactive|adriigz has 30 seconds left.\n|\n|t:|1776036786\n|detailschange|p2a: Froslass|Froslass-Mega, L50, F\n|-mega|p2a: Froslass|Froslass|Froslassite\n|-weather|Snowscape|[from] ability: Snow Warning|[of] p2a: Froslass\n|detailschange|p1a: Venusaur|Venusaur-Mega, L50, M\n|-mega|p1a: Venusaur|Venusaur|Venusaurite\n|move|p2b: Incineroar|Fake Out|p1b: Rotom\n|-damage|p1b: Rotom|86/100\n|cant|p1b: Rotom|flinch\n|move|p2a: Froslass|Aurora Veil|p2a: Froslass\n|-sidestart|p2: the_ag_is_fake|move: Aurora Veil\n|move|p1a: Venusaur|Leech Seed|p2a: Froslass\n|-start|p2a: Froslass|move: Leech Seed\n|\n|-weather|Snowscape|[upkeep]\n|-damage|p2a: Froslass|88/100|[from] Leech Seed|[of] p1a: Venusaur\n|upkeep\n|turn|2\n|\n|t:|1776036810\n|move|p1a: Venusaur|Protect|p1a: Venusaur\n|-singleturn|p1a: Venusaur|Protect\n|move|p1b: Rotom|Volt Switch|p2a: Froslass\n|-damage|p2a: Froslass|62/100\n|\n|t:|1776036817\n|switch|p1b: Arcanine|Arcanine, L50, M|100/100|[from] Volt Switch\n|-ability|p1b: Arcanine|Intimidate|boost\n|-unboost|p2a: Froslass|atk|1\n|-unboost|p2b: Incineroar|atk|1\n|move|p2a: Froslass|Blizzard|p1b: Arcanine|[spread] p1b\n|-activate|p1a: Venusaur|move: Protect\n|-resisted|p1b: Arcanine|1\n|-damage|p1b: Arcanine|73/100\n|move|p2b: Incineroar|Parting Shot|p1a: Venusaur\n|-activate|p1a: Venusaur|move: Protect\n|\n|-weather|Snowscape|[upkeep]\n|-damage|p2a: Froslass|50/100|[from] Leech Seed|[of] p1a: Venusaur\n|upkeep\n|turn|3\n|inactive|adriigz has 30 seconds left.\n|\n|t:|1776036852\n|switch|p2a: Kommo-o|Kommo-o, L50, F|100/100\n|move|p1b: Arcanine|Snarl|p2b: Incineroar|[spread] p2a,p2b\n|-resisted|p2a: Kommo-o|1\n|-resisted|p2b: Incineroar|1\n|-damage|p2a: Kommo-o|97/100\n|-damage|p2b: Incineroar|98/100\n|-unboost|p2a: Kommo-o|spa|1\n|-unboost|p2b: Incineroar|spa|1\n|move|p1a: Venusaur|Sludge Bomb|p2a: Kommo-o\n|-damage|p2a: Kommo-o|66/100\n|-status|p2a: Kommo-o|psn\n|move|p2b: Incineroar|Parting Shot|p1a: Venusaur\n|-unboost|p1a: Venusaur|atk|1\n|-unboost|p1a: Venusaur|spa|1\n|\n|t:|1776036861\n|switch|p2b: Froslass|Froslass-Mega, L50, F|50/100|[from] Parting Shot\n|\n|-weather|Snowscape|[upkeep]\n|-heal|p2a: Kommo-o|73/100 psn|[from] item: Leftovers\n|-damage|p2a: Kommo-o|60/100 psn|[from] psn\n|upkeep\n|turn|4\n|\n|t:|1776036885\n|switch|p2a: Incineroar|Incineroar, L50, M|98/100\n|-ability|p2a: Incineroar|Intimidate|boost\n|-unboost|p1a: Venusaur|atk|1\n|-unboost|p1b: Arcanine|atk|1\n|switch|p1a: Rotom|Rotom-Wash, L50|86/100\n|move|p2b: Froslass|Blizzard|p1a: Rotom|[spread] p1a,p1b\n|-resisted|p1a: Rotom|1\n|-resisted|p1b: Arcanine|1\n|-damage|p1a: Rotom|53/100\n|-damage|p1b: Arcanine|48/100\n|-enditem|p1b: Arcanine|Sitrus Berry|[eat]\n|-heal|p1b: Arcanine|73/100|[from] item: Sitrus Berry\n|move|p1b: Arcanine|Flare Blitz|p2b: Froslass\n|-supereffective|p2b: Froslass|1\n|-damage|p2b: Froslass|1/100\n|-status|p2b: Froslass|brn\n|-damage|p1b: Arcanine|61/100|[from] Recoil\n|\n|-weather|Snowscape|[upkeep]\n|-damage|p2b: Froslass|0 fnt|[from] brn\n|faint|p2b: Froslass\n|upkeep\n|\n|t:|1776036893\n|switch|p2b: Kommo-o|Kommo-o, L50, F|60/100 psn\n|turn|5\n|inactive|adriigz has 30 seconds left.\n|inactive|adriigz has 20 seconds left.\n|inactive|adriigz has 15 seconds left.\n|\n|t:|1776036937\n|switch|p1b: Sneasler|Sneasler, L50, F|100/100\n|-ability|p1b: Sneasler|Pressure\n|move|p2a: Incineroar|Fake Out|p1b: Sneasler\n|-damage|p1b: Sneasler|84/100\n|move|p1a: Rotom|Volt Switch|p2b: Kommo-o\n|-resisted|p2b: Kommo-o|1\n|-damage|p2b: Kommo-o|50/100 psn\n|\n|t:|1776036946\n|switch|p1a: Venusaur|Venusaur-Mega, L50, M|100/100|[from] Volt Switch\n|move|p2b: Kommo-o|Clangorous Soul|p2b: Kommo-o\n|-boost|p2b: Kommo-o|atk|1\n|-boost|p2b: Kommo-o|def|1\n|-boost|p2b: Kommo-o|spa|1\n|-boost|p2b: Kommo-o|spd|1\n|-boost|p2b: Kommo-o|spe|1\n|-damage|p2b: Kommo-o|17/100 psn\n|\n|-weather|none\n|-heal|p2b: Kommo-o|23/100 psn|[from] item: Leftovers\n|-damage|p2b: Kommo-o|10/100 psn|[from] psn\n|-sideend|p2: the_ag_is_fake|move: Aurora Veil\n|upkeep\n|turn|6\n|\n|t:|1776036962\n|switch|p2a: Sneasler|Sneasler, L50, M|100/100\n|move|p2b: Kommo-o|Protect|p2b: Kommo-o\n|-singleturn|p2b: Kommo-o|Protect\n|move|p1b: Sneasler|Fake Out|p2b: Kommo-o\n|-activate|p2b: Kommo-o|move: Protect\n|move|p1a: Venusaur|Leech Seed|p2a: Sneasler\n|-start|p2a: Sneasler|move: Leech Seed\n|\n|-heal|p2b: Kommo-o|17/100 psn|[from] item: Leftovers\n|-damage|p2a: Sneasler|88/100|[from] Leech Seed|[of] p1a: Venusaur\n|-damage|p2b: Kommo-o|4/100 psn|[from] psn\n|upkeep\n|turn|7\n|\n|t:|1776036979\n|switch|p2a: Incineroar|Incineroar, L50, M|98/100\n|-ability|p2a: Incineroar|Intimidate|boost\n|-unboost|p1a: Venusaur|atk|1\n|-unboost|p1b: Sneasler|atk|1\n|switch|p1b: Arcanine|Arcanine, L50, M|61/100\n|-ability|p1b: Arcanine|Intimidate|boost\n|-unboost|p2a: Incineroar|atk|1\n|-unboost|p2b: Kommo-o|atk|1\n|move|p1a: Venusaur|Protect|p1a: Venusaur\n|-singleturn|p1a: Venusaur|Protect\n|move|p2b: Kommo-o|Clanging Scales|p1a: Venusaur|[spread] p1b\n|-activate|p1a: Venusaur|move: Protect\n|-damage|p1b: Arcanine|3/100\n|-unboost|p2b: Kommo-o|def|1\n|\n|-heal|p2b: Kommo-o|10/100 psn|[from] item: Leftovers\n|-damage|p2b: Kommo-o|0 fnt|[from] psn\n|faint|p2b: Kommo-o\n|upkeep\n|\n|t:|1776036984\n|switch|p2b: Sneasler|Sneasler, L50, M|88/100\n|turn|8\n|inactive|adriigz has 30 seconds left.\n|inactive|adriigz has 20 seconds left.\n|\n|t:|1776037024\n|move|p2a: Incineroar|Fake Out|p1b: Arcanine\n|-damage|p1b: Arcanine|0 fnt\n|faint|p1b: Arcanine\n|move|p2b: Sneasler|Dire Claw|p1a: Venusaur\n|-damage|p1a: Venusaur|68/100\n|move|p1a: Venusaur|Leech Seed|p2b: Sneasler\n|-start|p2b: Sneasler|move: Leech Seed\n|\n|-damage|p2b: Sneasler|76/100|[from] Leech Seed|[of] p1a: Venusaur\n|-heal|p1a: Venusaur|79/100|[silent]\n|upkeep\n|-message|the_ag_is_fake forfeited.\n|\n|win|adriigz\n|raw|adriigz's rating: 1179 &rarr; <strong>1203</strong><br />(+24 for winning)\n|raw|the_ag_is_fake's rating: 1164 &rarr; <strong>1140</strong><br />(-24 for losing)\n",
  "uploadtime": 1776037035,
  "views": 12,
  "formatid": "gen9championsvgc2026regma",
  "rating": 1140,
  "private": 0,
  "password": null
}