{
  "id": "gen9championsvgc2026regma-2586767164",
  "format": "[Gen 9 Champions] VGC 2026 Reg M-A",
  "players": [
    "tf_lecter",
    "boodooboo"
  ],
  "log": "|j|\u2606tf_lecter\n|j|\u2606boodooboo\n|t:|1776458289\n|gametype|doubles\n|player|p1|tf_lecter|170|1111\n|player|p2|boodooboo|169|1186\n|gen|9\n|tier|[Gen 9 Champions] VGC 2026 Reg M-A\n|rated|\n|rule|Species Clause: Limit one of each Pok\u00e9mon\n|rule|Item Clause: Limit 1 of each item\n|clearpoke\n|poke|p1|Rotom-Wash, L50|\n|poke|p1|Politoed, L50, M|\n|poke|p1|Feraligatr, L50, F|\n|poke|p1|Sneasler, L50, F|\n|poke|p1|Scizor, L50, F|\n|poke|p1|Sinistcha, L50|\n|poke|p2|Victreebel, L50, M|\n|poke|p2|Primarina, L50, M|\n|poke|p2|Sinistcha, L50|\n|poke|p2|Kingambit, L50, F|\n|poke|p2|Incineroar, L50, M|\n|poke|p2|Clawitzer, L50, M|\n|teampreview|4\ntf_lecter rejected open team sheets.\n|\n|t:|1776458350\n|teamsize|p1|4\n|teamsize|p2|4\n|start\n|switch|p1a: the glue (sniffer)|Sneasler, L50, F|100/100\n|switch|p1b: samus|Scizor, L50, F|100/100\n|switch|p2a: Victreebel|Victreebel, L50, M|100/100\n|switch|p2b: Incineroar|Incineroar, L50, M|100/100\n|-ability|p2b: Incineroar|Intimidate|boost\n|-unboost|p1a: the glue (sniffer)|atk|1\n|-unboost|p1b: samus|atk|1\n|turn|1\n|\n|t:|1776458372\n|detailschange|p1b: samus|Scizor-Mega, L50, F\n|-mega|p1b: samus|Scizor|Scizorite\n|detailschange|p2a: Victreebel|Victreebel-Mega, L50, M\n|-mega|p2a: Victreebel|Victreebel|Victreebelite\n|move|p1a: the glue (sniffer)|Fake Out|p2b: Incineroar\n|-damage|p2b: Incineroar|91/100\n|cant|p2b: Incineroar|flinch\n|move|p1b: samus|Close Combat|p2b: Incineroar\n|-supereffective|p2b: Incineroar|1\n|-damage|p2b: Incineroar|34/100\n|-unboost|p1b: samus|def|1\n|-unboost|p1b: samus|spd|1\n|-enditem|p2b: Incineroar|Sitrus Berry|[eat]\n|-heal|p2b: Incineroar|59/100|[from] item: Sitrus Berry\n|move|p2a: Victreebel|Strength Sap|p1b: samus\n|-unboost|p1b: samus|atk|1\n|\n|upkeep\n|turn|2\n|\n|t:|1776458434\n|move|p1a: the glue (sniffer)|Close Combat|p2b: Incineroar\n|-supereffective|p2b: Incineroar|1\n|-damage|p2b: Incineroar|0 fnt\n|-unboost|p1a: the glue (sniffer)|def|1\n|-unboost|p1a: the glue (sniffer)|spd|1\n|faint|p2b: Incineroar\n|move|p1b: samus|Close Combat|p2a: Victreebel\n|-resisted|p2a: Victreebel|1\n|-damage|p2a: Victreebel|84/100\n|-unboost|p1b: samus|def|1\n|-unboost|p1b: samus|spd|1\n|move|p2a: Victreebel|Strength Sap|p1a: the glue (sniffer)\n|-unboost|p1a: the glue (sniffer)|atk|1\n|-heal|p2a: Victreebel|100/100\n|\n|upkeep\n|\n|t:|1776458451\n|switch|p2b: Primarina|Primarina, L50, M|100/100\n|turn|3\n|\n|t:|1776458472\n|switch|p1b: fridge on mid|Rotom-Wash, L50|100/100\n|move|p1a: the glue (sniffer)|Protect|p1a: the glue (sniffer)\n|-singleturn|p1a: the glue (sniffer)|Protect\n|move|p2a: Victreebel|Power Whip|p1a: the glue (sniffer)\n|-activate|p1a: the glue (sniffer)|move: Protect\n|move|p2b: Primarina|Hyper Voice|p1b: fridge on mid|[spread] p1b\n|-activate|p1a: the glue (sniffer)|move: Protect\n|-resisted|p1b: fridge on mid|1\n|-damage|p1b: fridge on mid|80/100\n|\n|upkeep\n|turn|4\n|\n|t:|1776458508\n|switch|p2b: Sinistcha|Sinistcha, L50|100/100\n|move|p1a: the glue (sniffer)|Protect|p1a: the glue (sniffer)\n|-singleturn|p1a: the glue (sniffer)|Protect\n|move|p1b: fridge on mid|Will-O-Wisp|p2a: Victreebel\n|-status|p2a: Victreebel|brn\n|move|p2a: Victreebel|Power Whip|p1b: fridge on mid\n|-supereffective|p1b: fridge on mid|1\n|-enditem|p1b: fridge on mid|Rindo Berry|[eat]\n|-enditem|p1b: fridge on mid|Rindo Berry|[weaken]\n|-damage|p1b: fridge on mid|46/100\n|\n|-damage|p2a: Victreebel|95/100 brn|[from] brn\n|upkeep\n|turn|5\n|\n|t:|1776458534\n|move|p1a: the glue (sniffer)|Gunk Shot|p2b: Sinistcha\n|-damage|p2b: Sinistcha|75/100\n|move|p1b: fridge on mid|Volt Switch|p2b: Sinistcha\n|-resisted|p2b: Sinistcha|1\n|-damage|p2b: Sinistcha|59/100\n|\n|t:|1776458540\n|switch|p1b: samus|Scizor-Mega, L50, F|100/100|[from] Volt Switch\n|move|p2a: Victreebel|Sludge Wave|p1a: the glue (sniffer)|[spread] p2b,p1a\n|-immune|p1b: samus\n|-resisted|p1a: the glue (sniffer)|1\n|-damage|p2b: Sinistcha|18/100\n|-damage|p1a: the glue (sniffer)|61/100\n|move|p2b: Sinistcha|Trick Room|p2b: Sinistcha\n|-fieldstart|move: Trick Room|[of] p2b: Sinistcha\n|\n|-damage|p2a: Victreebel|89/100 brn|[from] brn\n|upkeep\n|turn|6\n|\n|t:|1776458559\n|switch|p2b: Primarina|Primarina, L50, M|100/100\n|move|p1a: the glue (sniffer)|Protect|p1a: the glue (sniffer)\n|-singleturn|p1a: the glue (sniffer)|Protect\n|move|p1b: samus|Bullet Punch|p2b: Primarina\n|-damage|p2b: Primarina|66/100\n|move|p2a: Victreebel|Strength Sap|p1b: samus\n|-unboost|p1b: samus|atk|1\n|-heal|p2a: Victreebel|100/100 brn\n|\n|-damage|p2a: Victreebel|95/100 brn|[from] brn\n|upkeep\n|turn|7\n|\n|t:|1776458587\n|switch|p1b: yum :d|Sinistcha, L50|100/100\n|-heal|p1a: the glue (sniffer)|86/100|[from] ability: Hospitality|[of] p1b: yum :d\n|move|p2b: Primarina|Protect|p2b: Primarina\n|-singleturn|p2b: Primarina|Protect\n|move|p2a: Victreebel|Encore|p1a: the glue (sniffer)\n|-start|p1a: the glue (sniffer)|Encore\n|move|p1a: the glue (sniffer)|Protect||[still]\n|-fail|p1a: the glue (sniffer)\n|\n|-damage|p2a: Victreebel|89/100 brn|[from] brn\n|upkeep\n|turn|8\n|\n|t:|1776458602\n|switch|p2b: Sinistcha|Sinistcha, L50|18/100\n|-heal|p2a: Victreebel|100/100 brn|[from] ability: Hospitality|[of] p2b: Sinistcha\n|switch|p1a: fridge on mid|Rotom-Wash, L50|46/100\n|move|p1b: yum :d|Protect|p1b: yum :d\n|-singleturn|p1b: yum :d|Protect\n|move|p2a: Victreebel|Sludge Wave|p1a: fridge on mid|[spread] p2b,p1a\n|-activate|p1b: yum :d|move: Protect\n|-damage|p2b: Sinistcha|0 fnt\n|-damage|p1a: fridge on mid|2/100\n|faint|p2b: Sinistcha\n|\n|-damage|p2a: Victreebel|95/100 brn|[from] brn\n|upkeep\n|\n|t:|1776458615\n|switch|p2b: Primarina|Primarina, L50, M|66/100\n|turn|9\n|\n|t:|1776458635\n|move|p2b: Primarina|Calm Mind|p2b: Primarina\n|-boost|p2b: Primarina|spa|1\n|-boost|p2b: Primarina|spd|1\n|move|p2a: Victreebel|Encore|p1b: yum :d\n|-start|p1b: yum :d|Encore\n|move|p1b: yum :d|Protect||[still]\n|-fail|p1b: yum :d\n|move|p1a: fridge on mid|Thunder|p2b: Primarina\n|-supereffective|p2b: Primarina|1\n|-damage|p2b: Primarina|21/100\n|-status|p2b: Primarina|par\n|\n|-damage|p2a: Victreebel|89/100 brn|[from] brn\n|-fieldend|move: Trick Room\n|upkeep\n|turn|10\n|\n|t:|1776458675\n|switch|p1b: the glue (sniffer)|Sneasler, L50, F|86/100\n|move|p1a: fridge on mid|Thunder|p2b: Primarina|[miss]\n|-miss|p1a: fridge on mid|p2b: Primarina\n|move|p2a: Victreebel|Power Whip|p1a: fridge on mid\n|-supereffective|p1a: fridge on mid|1\n|-damage|p1a: fridge on mid|0 fnt\n|faint|p1a: fridge on mid\n|move|p2b: Primarina|Hyper Voice|p1b: the glue (sniffer)\n|-damage|p1b: the glue (sniffer)|0 fnt\n|faint|p1b: the glue (sniffer)\n|\n|-damage|p2a: Victreebel|83/100 brn|[from] brn\n|upkeep\n|-message|boodooboo forfeited.\n|\n|win|tf_lecter\n|raw|tf_lecter's rating: 1111 &rarr; <strong>1141</strong><br />(+30 for winning)\n|raw|boodooboo's rating: 1186 &rarr; <strong>1156</strong><br />(-30 for losing)\n|l|\u2606boodooboo\n|player|p2|\n",
  "uploadtime": 1776458730,
  "views": 27,
  "formatid": "gen9championsvgc2026regma",
  "rating": 1141,
  "private": 0,
  "password": null
}