{
  "id": "gen9championsvgc2026regma-2582396365",
  "format": "[Gen 9 Champions] VGC 2026 Reg M-A",
  "players": [
    "bettercallsauls",
    "Azreal29"
  ],
  "log": "|j|\u2606bettercallsauls\n|j|\u2606Azreal29\n|t:|1776088920\n|gametype|doubles\n|player|p1|bettercallsauls|fantina|1090\n|player|p2|Azreal29|unknown|1094\n|gen|9\n|tier|[Gen 9 Champions] VGC 2026 Reg M-A\n|rated|\n|rule|Species Clause: Limit one of each Pok\u00e9mon\n|rule|Item Clause: Limit 1 of each item\n|clearpoke\n|poke|p1|Incineroar, L50, M|\n|poke|p1|Meganium, L50, M|\n|poke|p1|Pelipper, L50, M|\n|poke|p1|Archaludon, L50, M|\n|poke|p1|Floette-Eternal, L50, F|\n|poke|p1|Basculegion, L50, M|\n|poke|p2|Gengar, L50, F|\n|poke|p2|Sinistcha, L50|\n|poke|p2|Maushold-Four, L50|\n|poke|p2|Incineroar, L50, M|\n|poke|p2|Pelipper, L50, M|\n|poke|p2|Archaludon, L50, M|\n|teampreview|4\n|inactive|Battle timer is ON: inactive players will automatically lose when time's up. (requested by Azreal29)\nbettercallsauls has agreed to open team sheets.\n|\n|t:|1776088948\n|teamsize|p1|4\n|teamsize|p2|4\n|start\n|switch|p1a: Pelipper|Pelipper, L50, M|100/100\n|switch|p1b: Archaludon|Archaludon, L50, M|100/100\n|switch|p2a: Inumaki|Gengar, L50, F, shiny|100/100\n|switch|p2b: Incineroar|Incineroar, L50, M|100/100\n|-weather|RainDance|[from] ability: Drizzle|[of] p1a: Pelipper\n|-ability|p2b: Incineroar|Intimidate|boost\n|-unboost|p1a: Pelipper|atk|1\n|-unboost|p1b: Archaludon|atk|1\n|turn|1\n|\n|t:|1776088960\n|detailschange|p2a: Inumaki|Gengar-Mega, L50, F, shiny\n|-mega|p2a: Inumaki|Gengar|Gengarite\n|move|p2b: Incineroar|Fake Out|p1b: Archaludon\n|-resisted|p1b: Archaludon|1\n|-damage|p1b: Archaludon|97/100\n|-ability|p1b: Archaludon|Stamina|boost\n|-boost|p1b: Archaludon|def|1\n|move|p2a: Inumaki|Perish Song|p2a: Inumaki\n|-start|p1a: Pelipper|perish3|[silent]\n|-start|p1b: Archaludon|perish3|[silent]\n|-start|p2a: Inumaki|perish3|[silent]\n|-start|p2b: Incineroar|perish3|[silent]\n|-fieldactivate|move: Perish Song\n|cant|p1b: Archaludon|flinch\n|move|p1a: Pelipper|Tailwind|p1a: Pelipper\n|-sidestart|p1: bettercallsauls|move: Tailwind\n|\n|-weather|RainDance|[upkeep]\n|-heal|p1b: Archaludon|100/100|[from] item: Leftovers\n|-start|p1b: Archaludon|perish3\n|-start|p1a: Pelipper|perish3\n|-start|p2a: Inumaki|perish3\n|-start|p2b: Incineroar|perish3\n|upkeep\n|turn|2\n|\n|t:|1776088978\n|move|p2a: Inumaki|Protect|p2a: Inumaki\n|-singleturn|p2a: Inumaki|Protect\n|move|p1b: Archaludon|Electro Shot||[still]\n|-prepare|p1b: Archaludon|Electro Shot\n|-boost|p1b: Archaludon|spa|1\n|-anim|p1b: Archaludon|Electro Shot|p2a: Inumaki\n|-activate|p2a: Inumaki|move: Protect\n|move|p1a: Pelipper|Weather Ball|p2b: Incineroar\n|-supereffective|p2b: Incineroar|1\n|-damage|p2b: Incineroar|8/100\n|move|p2b: Incineroar|Parting Shot|p1b: Archaludon\n|-unboost|p1b: Archaludon|atk|1\n|-unboost|p1b: Archaludon|spa|1\n|\n|t:|1776088994\n|switch|p2b: Archaludon|Archaludon, L50, M, shiny|100/100|[from] Parting Shot\n|\n|-weather|RainDance|[upkeep]\n|-start|p1b: Archaludon|perish2\n|-start|p1a: Pelipper|perish2\n|-start|p2a: Inumaki|perish2\n|upkeep\n|turn|3\n|inactive|bettercallsauls has 30 seconds left.\n|inactive|bettercallsauls has 20 seconds left.\n|\n|t:|1776089032\n|move|p1b: Archaludon|Draco Meteor|p2b: Archaludon\n|-damage|p2b: Archaludon|36/100\n|-unboost|p1b: Archaludon|spa|2\n|-ability|p2b: Archaludon|Stamina|boost\n|-boost|p2b: Archaludon|def|1\n|move|p1a: Pelipper|Hurricane|p2a: Inumaki\n|-damage|p2a: Inumaki|58/100\n|-start|p2a: Inumaki|confusion\n|-activate|p2a: Inumaki|confusion\n|move|p2a: Inumaki|Disable|p1b: Archaludon\n|-start|p1b: Archaludon|Disable|Draco Meteor\n|move|p2b: Archaludon|Electro Shot||[still]\n|-prepare|p2b: Archaludon|Electro Shot\n|-boost|p2b: Archaludon|spa|1\n|-anim|p2b: Archaludon|Electro Shot|p1a: Pelipper\n|-supereffective|p1a: Pelipper|2\n|-enditem|p1a: Pelipper|Focus Sash\n|-damage|p1a: Pelipper|1/100\n|\n|-weather|RainDance|[upkeep]\n|-heal|p2b: Archaludon|42/100|[from] item: Leftovers\n|-start|p1b: Archaludon|perish1\n|-start|p1a: Pelipper|perish1\n|-start|p2a: Inumaki|perish1\n|upkeep\n|turn|4\n|inactive|Azreal29 has 30 seconds left.\n|inactive|Azreal29 has 20 seconds left.\n|inactive|Azreal29 has 15 seconds left.\n|\n|t:|1776089073\n|switch|p2a: Sinistcha|Sinistcha, L50|100/100\n|-heal|p2b: Archaludon|67/100|[from] ability: Hospitality|[of] p2a: Sinistcha\n|move|p1b: Archaludon|Electro Shot||[still]\n|-prepare|p1b: Archaludon|Electro Shot\n|-boost|p1b: Archaludon|spa|1\n|-anim|p1b: Archaludon|Electro Shot|p2a: Sinistcha\n|-resisted|p2a: Sinistcha|1\n|-damage|p2a: Sinistcha|89/100\n|move|p1a: Pelipper|Hurricane|p2a: Sinistcha\n|-supereffective|p2a: Sinistcha|1\n|-damage|p2a: Sinistcha|24/100\n|-enditem|p2a: Sinistcha|Sitrus Berry|[eat]\n|-heal|p2a: Sinistcha|48/100|[from] item: Sitrus Berry\n|move|p2b: Archaludon|Snarl|p1a: Pelipper|[spread] p1a,p1b\n|-damage|p1a: Pelipper|0 fnt\n|-damage|p1b: Archaludon|74/100\n|-unboost|p1b: Archaludon|spa|1\n|-ability|p1b: Archaludon|Stamina|boost\n|-boost|p1b: Archaludon|def|1\n|faint|p1a: Pelipper\n|\n|-weather|RainDance|[upkeep]\n|-heal|p1b: Archaludon|80/100|[from] item: Leftovers\n|-heal|p2b: Archaludon|73/100|[from] item: Leftovers\n|-start|p1b: Archaludon|perish0\n|-sideend|p1: bettercallsauls|move: Tailwind\n|upkeep\n|faint|p1b: Archaludon\n|\n|t:|1776089087\n|switch|p1b: Incineroar|Incineroar, L50, M|100/100\n|switch|p1a: Basculegion|Basculegion, L50, M|100/100\n|-ability|p1b: Incineroar|Intimidate|boost\n|-unboost|p2a: Sinistcha|atk|1\n|-unboost|p2b: Archaludon|atk|1\n|turn|5\n|\n|t:|1776089111\n|switch|p2a: Incineroar|Incineroar, L50, M|8/100\n|-ability|p2a: Incineroar|Intimidate|boost\n|-unboost|p1a: Basculegion|atk|1\n|-unboost|p1b: Incineroar|atk|1\n|move|p1a: Basculegion|Last Respects|p2a: Incineroar\n|-resisted|p2a: Incineroar|1\n|-damage|p2a: Incineroar|0 fnt\n|faint|p2a: Incineroar\n|move|p2b: Archaludon|Electro Shot||[still]\n|-prepare|p2b: Archaludon|Electro Shot\n|-boost|p2b: Archaludon|spa|1\n|-anim|p2b: Archaludon|Electro Shot|p1a: Basculegion\n|-supereffective|p1a: Basculegion|1\n|-damage|p1a: Basculegion|0 fnt\n|faint|p1a: Basculegion\n|move|p1b: Incineroar|Parting Shot|p2b: Archaludon\n|-unboost|p2b: Archaludon|atk|1\n|-unboost|p2b: Archaludon|spa|1\n|\n|-weather|none\n|-heal|p2b: Archaludon|80/100|[from] item: Leftovers\n|upkeep\n|-message|bettercallsauls forfeited.\n|\n|win|Azreal29\n|raw|bettercallsauls's rating: 1090 &rarr; <strong>1067</strong><br />(-23 for losing)\n|raw|Azreal29's rating: 1094 &rarr; <strong>1120</strong><br />(+26 for winning)\n|l|\u2606bettercallsauls\n|player|p1|\n",
  "uploadtime": 1776089137,
  "views": 11,
  "formatid": "gen9championsvgc2026regma",
  "rating": 1067,
  "private": 0,
  "password": null
}