{
  "id": "gen9championsvgc2026regma-2581510951",
  "format": "[Gen 9 Champions] VGC 2026 Reg M-A",
  "players": [
    "DORTMUND1stand2nd",
    "glapunt"
  ],
  "log": "|j|\u2606DORTMUND1stand2nd\n|j|\u2606glapunt\n|t:|1776007016\n|gametype|doubles\n|player|p1|DORTMUND1stand2nd|169|1183\n|player|p2|glapunt|102|1208\n|gen|9\n|tier|[Gen 9 Champions] VGC 2026 Reg M-A\n|rated|\n|rule|Species Clause: Limit one of each Pok\u00e9mon\n|rule|Item Clause: Limit 1 of each item\n|clearpoke\n|poke|p1|Drampa, L50, M|\n|poke|p1|Sinistcha, L50|\n|poke|p1|Incineroar, L50, F|\n|poke|p1|Basculegion, L50, M|\n|poke|p1|Sneasler, L50, F|\n|poke|p1|Corviknight, L50, F|\n|poke|p2|Garchomp, L50, F|\n|poke|p2|Kingambit, L50, M|\n|poke|p2|Whimsicott, L50, M|\n|poke|p2|Charizard, L50, M|\n|poke|p2|Sneasler, L50, M|\n|poke|p2|Incineroar, L50, M|\n|teampreview|4\n|\n|t:|1776007057\n|teamsize|p1|4\n|teamsize|p2|4\n|start\n|switch|p1a: Drampa|Drampa, L50, M|100/100\n|switch|p1b: Incineroar|Incineroar, L50, F|100/100\n|switch|p2a: Incineroar|Incineroar, L50, M|100/100\n|switch|p2b: Whimsicott|Whimsicott, L50, M|100/100\n|-ability|p2a: Incineroar|Intimidate|boost\n|-unboost|p1a: Drampa|atk|1\n|-unboost|p1b: Incineroar|atk|1\n|-ability|p1b: Incineroar|Intimidate|boost\n|-unboost|p2a: Incineroar|atk|1\n|-unboost|p2b: Whimsicott|atk|1\n|turn|1\n|\n|t:|1776007067\n|move|p2b: Whimsicott|Protect|p2b: Whimsicott\n|-singleturn|p2b: Whimsicott|Protect\n|move|p1a: Drampa|Protect|p1a: Drampa\n|-singleturn|p1a: Drampa|Protect\n|move|p2a: Incineroar|Fake Out|p1a: Drampa\n|-activate|p1a: Drampa|move: Protect\n|move|p1b: Incineroar|Parting Shot|p2b: Whimsicott\n|-activate|p2b: Whimsicott|move: Protect\n|\n|upkeep\n|turn|2\n|\n|t:|1776007079\n|detailschange|p1a: Drampa|Drampa-Mega, L50, M\n|-mega|p1a: Drampa|Drampa|Drampanite\n|move|p2b: Whimsicott|Tailwind|p2b: Whimsicott\n|-sidestart|p2: glapunt|move: Tailwind\n|move|p2a: Incineroar|Parting Shot|p1a: Drampa\n|-unboost|p1a: Drampa|atk|1\n|-unboost|p1a: Drampa|spa|1\n|\n|t:|1776007084\n|switch|p2a: Garchomp|Garchomp, L50, F|100/100|[from] Parting Shot\n|move|p1b: Incineroar|Parting Shot|p2b: Whimsicott\n|-unboost|p2b: Whimsicott|atk|1\n|-unboost|p2b: Whimsicott|spa|1\n|\n|t:|1776007089\n|switch|p1b: Basculegion|Basculegion, L50, M|100/100|[from] Parting Shot\n|move|p1a: Drampa|Calm Mind|p1a: Drampa\n|-boost|p1a: Drampa|spa|1\n|-boost|p1a: Drampa|spd|1\n|\n|upkeep\n|turn|3\n|\n|t:|1776007106\n|move|p2b: Whimsicott|Encore|p1a: Drampa\n|-start|p1a: Drampa|Encore\n|move|p2a: Garchomp|Dragon Claw|p1b: Basculegion\n|-damage|p1b: Basculegion|40/100\n|move|p1b: Basculegion|Flip Turn|p2a: Garchomp\n|-damage|p2a: Garchomp|65/100\n|-damage|p1b: Basculegion|28/100|[from] ability: Rough Skin|[of] p2a: Garchomp\n|\n|t:|1776007113\n|switch|p1b: Incineroar|Incineroar, L50, F|100/100|[from] Flip Turn\n|-ability|p1b: Incineroar|Intimidate|boost\n|-unboost|p2a: Garchomp|atk|1\n|-unboost|p2b: Whimsicott|atk|1\n|move|p1a: Drampa|Calm Mind|p1a: Drampa\n|-boost|p1a: Drampa|spa|1\n|-boost|p1a: Drampa|spd|1\n|\n|upkeep\n|turn|4\n|\n|t:|1776007127\n|switch|p2a: Incineroar|Incineroar, L50, M|100/100\n|-ability|p2a: Incineroar|Intimidate|boost\n|-unboost|p1a: Drampa|atk|1\n|-unboost|p1b: Incineroar|atk|1\n|switch|p1a: Sinistcha|Sinistcha, L50|100/100\n|move|p2b: Whimsicott|Protect|p2b: Whimsicott\n|-singleturn|p2b: Whimsicott|Protect\n|move|p1b: Incineroar|Darkest Lariat|p2a: Incineroar\n|-resisted|p2a: Incineroar|1\n|-damage|p2a: Incineroar|92/100\n|\n|upkeep\n|turn|5\n|\n|t:|1776007146\n|switch|p1a: Drampa|Drampa-Mega, L50, M|100/100\n|move|p2b: Whimsicott|Moonblast|p1b: Incineroar\n|-damage|p1b: Incineroar|80/100\n|move|p2a: Incineroar|Throat Chop|p1a: Drampa\n|-damage|p1a: Drampa|71/100\n|-start|p1a: Drampa|Throat Chop|[silent]\n|move|p1b: Incineroar|Flare Blitz|p2b: Whimsicott\n|-supereffective|p2b: Whimsicott|1\n|-crit|p2b: Whimsicott\n|-enditem|p2b: Whimsicott|Focus Sash\n|-damage|p2b: Whimsicott|1/100\n|-damage|p1b: Incineroar|58/100|[from] Recoil\n|\n|-sideend|p2: glapunt|move: Tailwind\n|upkeep\n|turn|6\n|\n|t:|1776007162\n|move|p1a: Drampa|Protect|p1a: Drampa\n|-singleturn|p1a: Drampa|Protect\n|move|p2b: Whimsicott|Tailwind|p2b: Whimsicott\n|-sidestart|p2: glapunt|move: Tailwind\n|move|p2a: Incineroar|Parting Shot|p1a: Drampa\n|-activate|p1a: Drampa|move: Protect\n|move|p1b: Incineroar|Parting Shot|p2b: Whimsicott\n|-unboost|p2b: Whimsicott|atk|1\n|-unboost|p2b: Whimsicott|spa|1\n|\n|t:|1776007164\n|switch|p1b: Sinistcha|Sinistcha, L50|100/100|[from] Parting Shot\n|-heal|p1a: Drampa|96/100|[from] ability: Hospitality|[of] p1b: Sinistcha\n|\n|-end|p1a: Drampa|Throat Chop|[silent]\n|upkeep\n|turn|7\n|\n|t:|1776007176\n|move|p1b: Sinistcha|Rage Powder|p1b: Sinistcha\n|-singleturn|p1b: Sinistcha|move: Rage Powder\n|move|p2b: Whimsicott|Encore|p1a: Drampa\n|-start|p1a: Drampa|Encore\n|move|p1a: Drampa|Protect|p1a: Drampa\n|-singleturn|p1a: Drampa|Protect\n|move|p2a: Incineroar|Throat Chop|p1b: Sinistcha\n|-supereffective|p1b: Sinistcha|1\n|-damage|p1b: Sinistcha|47/100\n|-start|p1b: Sinistcha|Throat Chop|[silent]\n|-enditem|p1b: Sinistcha|Sitrus Berry|[eat]\n|-heal|p1b: Sinistcha|71/100|[from] item: Sitrus Berry\n|\n|upkeep\n|turn|8\n|\n|t:|1776007188\n|switch|p1a: Incineroar|Incineroar, L50, F|58/100\n|-ability|p1a: Incineroar|Intimidate|boost\n|-unboost|p2a: Incineroar|atk|1\n|-unboost|p2b: Whimsicott|atk|1\n|move|p2b: Whimsicott|Moonblast|p1a: Incineroar\n|-damage|p1a: Incineroar|43/100\n|move|p2a: Incineroar|Throat Chop|p1b: Sinistcha\n|-supereffective|p1b: Sinistcha|1\n|-damage|p1b: Sinistcha|34/100\n|move|p1b: Sinistcha|Life Dew|p1b: Sinistcha|[spread] p1a,p1b\n|-heal|p1a: Incineroar|68/100\n|-heal|p1b: Sinistcha|59/100\n|\n|-end|p1b: Sinistcha|Throat Chop|[silent]\n|upkeep\n|turn|9\n|\n|t:|1776007212\n|switch|p1b: Drampa|Drampa-Mega, L50, M|96/100\n|move|p2b: Whimsicott|Protect|p2b: Whimsicott\n|-singleturn|p2b: Whimsicott|Protect\n|move|p2a: Incineroar|Parting Shot|p1b: Drampa\n|-unboost|p1b: Drampa|atk|1\n|-unboost|p1b: Drampa|spa|1\n|\n|t:|1776007222\n|switch|p2a: Garchomp|Garchomp, L50, F|65/100|[from] Parting Shot\n|move|p1a: Incineroar|Darkest Lariat|p2b: Whimsicott\n|-activate|p2b: Whimsicott|move: Protect\n|\n|-sideend|p2: glapunt|move: Tailwind\n|upkeep\n|turn|10\n|\n|t:|1776007257\n|switch|p2b: Incineroar|Incineroar, L50, M|92/100\n|-ability|p2b: Incineroar|Intimidate|boost\n|-unboost|p1a: Incineroar|atk|1\n|-unboost|p1b: Drampa|atk|1\n|move|p2a: Garchomp|Dragon Claw|p1b: Drampa\n|-supereffective|p1b: Drampa|1\n|-damage|p1b: Drampa|15/100\n|-ability|p1b: Drampa|Berserk|boost\n|-boost|p1b: Drampa|spa|1\n|move|p1a: Incineroar|Darkest Lariat|p2a: Garchomp\n|-damage|p2a: Garchomp|43/100\n|-damage|p1a: Incineroar|56/100|[from] ability: Rough Skin|[of] p2a: Garchomp\n|move|p1b: Drampa|Hyper Voice|p2a: Garchomp|[spread] p2a,p2b\n|-damage|p2a: Garchomp|0 fnt\n|-damage|p2b: Incineroar|46/100\n|-enditem|p2b: Incineroar|Sitrus Berry|[eat]\n|-heal|p2b: Incineroar|70/100|[from] item: Sitrus Berry\n|faint|p2a: Garchomp\n|\n|upkeep\n|\n|t:|1776007272\n|switch|p2a: Whimsicott|Whimsicott, L50, M|1/100\n|turn|11\n|\n|t:|1776007288\n|move|p1b: Drampa|Protect|p1b: Drampa\n|-singleturn|p1b: Drampa|Protect\n|move|p2a: Whimsicott|Tailwind|p2a: Whimsicott\n|-sidestart|p2: glapunt|move: Tailwind\n|move|p2b: Incineroar|Throat Chop|p1b: Drampa\n|-activate|p1b: Drampa|move: Protect\n|move|p1a: Incineroar|Parting Shot|p2a: Whimsicott\n|-unboost|p2a: Whimsicott|atk|1\n|-unboost|p2a: Whimsicott|spa|1\n|\n|t:|1776007294\n|switch|p1a: Sinistcha|Sinistcha, L50|59/100|[from] Parting Shot\n|-heal|p1b: Drampa|40/100|[from] ability: Hospitality|[of] p1a: Sinistcha\n|\n|upkeep\n|turn|12\n|\n|t:|1776007304\n|switch|p1a: Incineroar|Incineroar, L50, F|56/100\n|-ability|p1a: Incineroar|Intimidate|boost\n|-unboost|p2a: Whimsicott|atk|1\n|-unboost|p2b: Incineroar|atk|1\n|move|p2a: Whimsicott|Encore|p1b: Drampa\n|-start|p1b: Drampa|Encore\n|move|p1b: Drampa|Protect||[still]\n|-fail|p1b: Drampa\n|move|p2b: Incineroar|Throat Chop|p1a: Incineroar\n|-resisted|p1a: Incineroar|1\n|-damage|p1a: Incineroar|47/100\n|-start|p1a: Incineroar|Throat Chop|[silent]\n|\n|upkeep\n|turn|13\n|\n|t:|1776007321\n|move|p2a: Whimsicott|Protect|p2a: Whimsicott\n|-singleturn|p2a: Whimsicott|Protect\n|move|p1b: Drampa|Protect|p1b: Drampa\n|-singleturn|p1b: Drampa|Protect\n|move|p2b: Incineroar|Throat Chop|p1b: Drampa\n|-activate|p1b: Drampa|move: Protect\n|move|p1a: Incineroar|Darkest Lariat|p2a: Whimsicott\n|-activate|p2a: Whimsicott|move: Protect\n|\n|-end|p1a: Incineroar|Throat Chop|[silent]\n|upkeep\n|turn|14\n|\n|t:|1776007337\n|switch|p2a: Charizard|Charizard, L50, M|100/100\n|switch|p1b: Sinistcha|Sinistcha, L50|59/100\n|-heal|p1a: Incineroar|72/100|[from] ability: Hospitality|[of] p1b: Sinistcha\n|move|p2b: Incineroar|Throat Chop|p1b: Sinistcha\n|-supereffective|p1b: Sinistcha|1\n|-damage|p1b: Sinistcha|26/100\n|-start|p1b: Sinistcha|Throat Chop|[silent]\n|move|p1a: Incineroar|Darkest Lariat|p2a: Charizard\n|-damage|p2a: Charizard|48/100\n|\n|-sideend|p2: glapunt|move: Tailwind\n|upkeep\n|turn|15\n|\n|t:|1776007366\n|switch|p1b: Basculegion|Basculegion, L50, M|28/100\n|detailschange|p2a: Charizard|Charizard-Mega-Y, L50, M\n|-mega|p2a: Charizard|Charizard|Charizardite Y\n|-weather|SunnyDay|[from] ability: Drought|[of] p2a: Charizard\n|move|p2a: Charizard|Heat Wave|p1b: Basculegion|[spread] p1b\n|-miss|p2a: Charizard|p1a: Incineroar\n|-resisted|p1b: Basculegion|1\n|-damage|p1b: Basculegion|0 fnt\n|faint|p1b: Basculegion\n|move|p2b: Incineroar|Parting Shot|p1a: Incineroar\n|-unboost|p1a: Incineroar|atk|1\n|-unboost|p1a: Incineroar|spa|1\n|\n|t:|1776007376\n|switch|p2b: Whimsicott|Whimsicott, L50, M|1/100|[from] Parting Shot\n|move|p1a: Incineroar|Darkest Lariat|p2a: Charizard\n|-damage|p2a: Charizard|17/100\n|\n|-weather|SunnyDay|[upkeep]\n|upkeep\n|\n|t:|1776007395\n|switch|p1b: Drampa|Drampa-Mega, L50, M|40/100\n|turn|16\n|\n|t:|1776007408\n|move|p2a: Charizard|Protect|p2a: Charizard\n|-singleturn|p2a: Charizard|Protect\n|move|p2b: Whimsicott|Tailwind|p2b: Whimsicott\n|-sidestart|p2: glapunt|move: Tailwind\n|move|p1a: Incineroar|Parting Shot|p2b: Whimsicott\n|-unboost|p2b: Whimsicott|atk|1\n|-unboost|p2b: Whimsicott|spa|1\n|\n|t:|1776007413\n|switch|p1a: Sinistcha|Sinistcha, L50|26/100|[from] Parting Shot\n|-heal|p1b: Drampa|65/100|[from] ability: Hospitality|[of] p1a: Sinistcha\n|move|p1b: Drampa|Hyper Voice|p2a: Charizard|[spread] p2b\n|-activate|p2a: Charizard|move: Protect\n|-damage|p2b: Whimsicott|0 fnt\n|faint|p2b: Whimsicott\n|\n|-weather|SunnyDay|[upkeep]\n|upkeep\n|\n|t:|1776007417\n|switch|p2b: Incineroar|Incineroar, L50, M|70/100\n|-ability|p2b: Incineroar|Intimidate|boost\n|-unboost|p1a: Sinistcha|atk|1\n|-unboost|p1b: Drampa|atk|1\n|turn|17\n|\n|t:|1776007435\n|switch|p1a: Incineroar|Incineroar, L50, F|72/100\n|-ability|p1a: Incineroar|Intimidate|boost\n|-unboost|p2a: Charizard|atk|1\n|-unboost|p2b: Incineroar|atk|1\n|move|p2b: Incineroar|Fake Out|p1b: Drampa\n|-damage|p1b: Drampa|59/100\n|move|p2a: Charizard|Heat Wave|p1b: Drampa|[spread] p1a,p1b\n|-resisted|p1a: Incineroar|1\n|-resisted|p1b: Drampa|1\n|-damage|p1a: Incineroar|45/100\n|-damage|p1b: Drampa|31/100\n|-status|p1b: Drampa|brn\n|-ability|p1b: Drampa|Berserk|boost\n|-boost|p1b: Drampa|spa|1\n|cant|p1b: Drampa|flinch\n|\n|-weather|SunnyDay|[upkeep]\n|-damage|p1b: Drampa|25/100 brn|[from] brn\n|upkeep\n|turn|18\n|\n|t:|1776007470\n|move|p1a: Incineroar|Fake Out|p2b: Incineroar\n|-damage|p2b: Incineroar|61/100\n|move|p2a: Charizard|Air Slash|p1a: Incineroar\n|-damage|p1a: Incineroar|9/100\n|cant|p2b: Incineroar|flinch\n|move|p1b: Drampa|Dragon Pulse|p2b: Incineroar\n|-damage|p2b: Incineroar|0 fnt\n|faint|p2b: Incineroar\n|\n|-weather|SunnyDay|[upkeep]\n|-damage|p1b: Drampa|19/100 brn|[from] brn\n|upkeep\n|turn|19\n|\n|t:|1776007483\n|move|p1b: Drampa|Protect|p1b: Drampa\n|-singleturn|p1b: Drampa|Protect\n|move|p2a: Charizard|Heat Wave|p1a: Incineroar|[spread] p1a\n|-activate|p1b: Drampa|move: Protect\n|-resisted|p1a: Incineroar|1\n|-damage|p1a: Incineroar|0 fnt\n|faint|p1a: Incineroar\n|\n|-weather|none\n|-damage|p1b: Drampa|13/100 brn|[from] brn\n|-sideend|p2: glapunt|move: Tailwind\n|upkeep\n|\n|t:|1776007488\n|switch|p1a: Sinistcha|Sinistcha, L50|26/100\n|-heal|p1b: Drampa|38/100 brn|[from] ability: Hospitality|[of] p1a: Sinistcha\n|turn|20\n|\n|t:|1776007496\n|move|p1a: Sinistcha|Rage Powder|p1a: Sinistcha\n|-singleturn|p1a: Sinistcha|move: Rage Powder\n|move|p2a: Charizard|Heat Wave|p1b: Drampa|[spread] p1a,p1b\n|-supereffective|p1a: Sinistcha|1\n|-resisted|p1b: Drampa|1\n|-damage|p1a: Sinistcha|0 fnt\n|-damage|p1b: Drampa|20/100 brn\n|faint|p1a: Sinistcha\n|move|p1b: Drampa|Hyper Voice|p2a: Charizard\n|-damage|p2a: Charizard|0 fnt\n|faint|p2a: Charizard\n|\n|win|DORTMUND1stand2nd\n|raw|DORTMUND1stand2nd's rating: 1183 &rarr; <strong>1210</strong><br />(+27 for winning)\n|raw|glapunt's rating: 1208 &rarr; <strong>1181</strong><br />(-27 for losing)\n|c|\u2606glapunt|gg\n|l|\u2606DORTMUND1stand2nd\n|player|p1|\n",
  "uploadtime": 1776007506,
  "views": 16,
  "formatid": "gen9championsvgc2026regma",
  "rating": 1181,
  "private": 0,
  "password": null
}