{
  "id": "gen9championsvgc2026regma-2581860996",
  "format": "[Gen 9 Champions] VGC 2026 Reg M-A",
  "players": [
    "jeigan for smash",
    "Nenepoke"
  ],
  "log": "|j|\u2606jeigan for smash\n|j|\u2606Nenepoke\n|t:|1776034511\n|gametype|doubles\n|player|p1|jeigan for smash|giovanni|1318\n|player|p2|Nenepoke|265|1324\n|gen|9\n|tier|[Gen 9 Champions] VGC 2026 Reg M-A\n|rated|\n|rule|Species Clause: Limit one of each Pok\u00e9mon\n|rule|Item Clause: Limit 1 of each item\n|clearpoke\n|poke|p1|Tyranitar, L50, F|\n|poke|p1|Excadrill, L50, F|\n|poke|p1|Sinistcha, L50|\n|poke|p1|Rotom-Wash, L50|\n|poke|p1|Incineroar, L50, M|\n|poke|p1|Floette-Eternal, L50, F|\n|poke|p2|Kommo-o, L50, M|\n|poke|p2|Garchomp, L50, M|\n|poke|p2|Rotom-Wash, L50|\n|poke|p2|Sinistcha-Masterpiece, L50|\n|poke|p2|Incineroar, L50, M|\n|poke|p2|Aggron, L50, M|\n|teampreview|4\n|inactive|Battle timer is ON: inactive players will automatically lose when time's up. (requested by jeigan for smash)\n|l|\u2606Nenepoke\n|inactive|Nenepoke disconnected and has a minute to reconnect!\n|player|p2|\n|j|\u2606Nenepoke\n|inactive|Nenepoke reconnected and has 80 seconds left.\n|player|p2|Nenepoke|265|\n|j| Sace1of1\n|\n|t:|1776034536\n|teamsize|p1|4\n|teamsize|p2|4\n|start\n|switch|p1a: Floette|Floette-Eternal, L50, F|100/100\n|switch|p1b: Incineroar|Incineroar, L50, M|100/100\n|switch|p2a: Aggron|Aggron, L50, M, shiny|100/100\n|switch|p2b: Incineroar|Incineroar, L50, M, shiny|100/100\n|-ability|p2b: Incineroar|Intimidate|boost\n|-unboost|p1a: Floette|atk|1\n|-unboost|p1b: Incineroar|atk|1\n|-ability|p1b: Incineroar|Intimidate|boost\n|-unboost|p2a: Aggron|atk|1\n|-unboost|p2b: Incineroar|atk|1\n|turn|1\n|\n|t:|1776034547\n|detailschange|p1a: Floette|Floette-Mega, L50, F\n|-mega|p1a: Floette|Floette|Floettite\n|-ability|p1a: Floette|Fairy Aura\n|detailschange|p2a: Aggron|Aggron-Mega, L50, M, shiny\n|-mega|p2a: Aggron|Aggron|Aggronite\n|move|p2b: Incineroar|Fake Out|p1a: Floette\n|-damage|p1a: Floette|93/100\n|cant|p1a: Floette|flinch\n|move|p1b: Incineroar|Taunt|p2a: Aggron\n|-start|p2a: Aggron|move: Taunt\n|cant|p2a: Aggron|move: Taunt|Curse\n|\n|upkeep\n|turn|2\n|j| Kellydor\n|inactive|jeigan for smash has 30 seconds left.\n|\n|t:|1776034578\n|switch|p1a: Sinistcha|Sinistcha, L50|100/100\n|switch|p2a: Rotom|Rotom-Wash, L50|100/100\n|move|p2b: Incineroar|Parting Shot|p1a: Sinistcha\n|-unboost|p1a: Sinistcha|atk|1\n|-unboost|p1a: Sinistcha|spa|1\n|\n|t:|1776034585\n|switch|p2b: Aggron|Aggron-Mega, L50, M, shiny|100/100|[from] Parting Shot\n|move|p1b: Incineroar|Parting Shot|p2a: Rotom\n|-unboost|p2a: Rotom|atk|1\n|-unboost|p2a: Rotom|spa|1\n|\n|t:|1776034593\n|switch|p1b: Rotom|Rotom-Wash, L50|100/100|[from] Parting Shot\n|\n|upkeep\n|turn|3\n|\n|t:|1776034606\n|move|p2b: Aggron|Protect|p2b: Aggron\n|-singleturn|p2b: Aggron|Protect\n|move|p2a: Rotom|Dark Pulse|p1a: Sinistcha\n|-supereffective|p1a: Sinistcha|1\n|-damage|p1a: Sinistcha|65/100\n|move|p1b: Rotom|Hydro Pump|p2b: Aggron\n|-activate|p2b: Aggron|move: Protect\n|move|p1a: Sinistcha|Matcha Gotcha|p2a: Rotom|[spread] p2a\n|-activate|p2b: Aggron|move: Protect\n|-supereffective|p2a: Rotom|1\n|-damage|p2a: Rotom|61/100\n|-heal|p1a: Sinistcha|82/100|[from] drain|[of] p2a: Rotom\n|\n|upkeep\n|turn|4\n|\n|t:|1776034624\n|move|p2a: Rotom|Dark Pulse|p1a: Sinistcha\n|-supereffective|p1a: Sinistcha|1\n|-damage|p1a: Sinistcha|46/100\n|-enditem|p1a: Sinistcha|Sitrus Berry|[eat]\n|-heal|p1a: Sinistcha|71/100|[from] item: Sitrus Berry\n|move|p1b: Rotom|Hydro Pump|p2b: Aggron|[miss]\n|-miss|p1b: Rotom|p2b: Aggron\n|move|p1a: Sinistcha|Matcha Gotcha|p2b: Aggron|[spread] p2a,p2b\n|-supereffective|p2a: Rotom|1\n|-resisted|p2b: Aggron|1\n|-damage|p2a: Rotom|22/100\n|-heal|p1a: Sinistcha|88/100|[from] drain|[of] p2a: Rotom\n|-damage|p2b: Aggron|93/100\n|-heal|p1a: Sinistcha|92/100|[from] drain|[of] p2b: Aggron\n|move|p2b: Aggron|Heavy Slam|p1a: Sinistcha\n|-damage|p1a: Sinistcha|41/100\n|\n|upkeep\n|turn|5\n|\n|t:|1776034648\n|switch|p2a: Incineroar|Incineroar, L50, M, shiny|100/100\n|-ability|p2a: Incineroar|Intimidate|boost\n|-unboost|p1a: Sinistcha|atk|1\n|-unboost|p1b: Rotom|atk|1\n|move|p1b: Rotom|Volt Switch|p2a: Incineroar\n|-damage|p2a: Incineroar|78/100\n|\n|t:|1776034658\n|switch|p1b: Incineroar|Incineroar, L50, M|100/100|[from] Volt Switch\n|-ability|p1b: Incineroar|Intimidate|boost\n|-unboost|p2a: Incineroar|atk|1\n|-unboost|p2b: Aggron|atk|1\n|move|p1a: Sinistcha|Strength Sap|p2b: Aggron\n|-unboost|p2b: Aggron|atk|1\n|-heal|p1a: Sinistcha|100/100\n|move|p2b: Aggron|Heavy Slam|p1a: Sinistcha\n|-damage|p1a: Sinistcha|73/100\n|\n|upkeep\n|turn|6\n|\n|t:|1776034678\n|switch|p2a: Rotom|Rotom-Wash, L50|22/100\n|move|p1a: Sinistcha|Strength Sap|p2b: Aggron\n|-unboost|p2b: Aggron|atk|1\n|-heal|p1a: Sinistcha|100/100\n|move|p1b: Incineroar|Parting Shot|p2b: Aggron\n|-unboost|p2b: Aggron|atk|1\n|-unboost|p2b: Aggron|spa|1\n|\n|t:|1776034687\n|switch|p1b: Rotom|Rotom-Wash, L50|100/100|[from] Parting Shot\n|move|p2b: Aggron|Body Press|p1b: Rotom\n|-damage|p1b: Rotom|53/100\n|\n|-heal|p1b: Rotom|60/100|[from] item: Leftovers\n|upkeep\n|turn|7\n|\n|t:|1776034702\n|switch|p2b: Sinistcha|Sinistcha-Masterpiece, L50, shiny|100/100\n|-heal|p2a: Rotom|46/100|[from] ability: Hospitality|[of] p2b: Sinistcha\n|move|p2a: Rotom|Volt Switch|p1b: Rotom\n|-damage|p1b: Rotom|19/100\n|\n|t:|1776034710\n|switch|p2a: Aggron|Aggron-Mega, L50, M, shiny|93/100|[from] Volt Switch\n|move|p1b: Rotom|Volt Switch|p2a: Aggron\n|-damage|p2a: Aggron|64/100\n|\n|t:|1776034718\n|switch|p1b: Incineroar|Incineroar, L50, M|100/100|[from] Volt Switch\n|-ability|p1b: Incineroar|Intimidate|boost\n|-unboost|p2a: Aggron|atk|1\n|-unboost|p2b: Sinistcha|atk|1\n|move|p1a: Sinistcha|Matcha Gotcha|p2a: Aggron|[spread] p2a,p2b\n|-resisted|p2a: Aggron|1\n|-resisted|p2b: Sinistcha|1\n|-damage|p2a: Aggron|55/100\n|-damage|p2b: Sinistcha|92/100\n|-status|p2a: Aggron|brn\n|-status|p2b: Sinistcha|brn\n|\n|-damage|p2b: Sinistcha|86/100 brn|[from] brn\n|-damage|p2a: Aggron|49/100 brn|[from] brn\n|upkeep\n|turn|8\n|l| Kellydor\n|\n|t:|1776034738\n|move|p1a: Sinistcha|Matcha Gotcha|p2b: Sinistcha|[spread] p2a,p2b\n|-resisted|p2a: Aggron|1\n|-resisted|p2b: Sinistcha|1\n|-damage|p2a: Aggron|41/100 brn\n|-damage|p2b: Sinistcha|78/100 brn\n|move|p2b: Sinistcha|Shadow Ball|p1a: Sinistcha\n|-supereffective|p1a: Sinistcha|1\n|-damage|p1a: Sinistcha|40/100\n|move|p1b: Incineroar|Flare Blitz|p2b: Sinistcha\n|-supereffective|p2b: Sinistcha|1\n|-damage|p2b: Sinistcha|0 fnt\n|faint|p2b: Sinistcha\n|-damage|p1b: Incineroar|78/100|[from] Recoil\n|move|p2a: Aggron|Heavy Slam|p1a: Sinistcha\n|-damage|p1a: Sinistcha|21/100\n|\n|-damage|p2a: Aggron|34/100 brn|[from] brn\n|upkeep\n|\n|t:|1776034751\n|switch|p2b: Rotom|Rotom-Wash, L50|46/100\n|turn|9\n|\n|t:|1776034761\n|switch|p1a: Floette|Floette-Mega, L50, F|93/100\n|-ability|p1a: Floette|Fairy Aura\n|move|p2b: Rotom|Volt Switch|p1a: Floette\n|-damage|p1a: Floette|66/100\n|\n|t:|1776034768\n|switch|p2b: Incineroar|Incineroar, L50, M, shiny|78/100|[from] Volt Switch\n|-ability|p2b: Incineroar|Intimidate|boost\n|-unboost|p1a: Floette|atk|1\n|-unboost|p1b: Incineroar|atk|1\n|move|p1b: Incineroar|Parting Shot|p2a: Aggron\n|-unboost|p2a: Aggron|atk|1\n|-unboost|p2a: Aggron|spa|1\n|\n|t:|1776034776\n|switch|p1b: Sinistcha|Sinistcha, L50|21/100|[from] Parting Shot\n|-heal|p1a: Floette|91/100|[from] ability: Hospitality|[of] p1b: Sinistcha\n|move|p2a: Aggron|Body Press|p1b: Sinistcha\n|-immune|p1b: Sinistcha\n|\n|-damage|p2a: Aggron|28/100 brn|[from] brn\n|upkeep\n|turn|10\n|-message|Nenepoke forfeited.\n|\n|win|jeigan for smash\n|raw|jeigan for smash's rating: 1318 &rarr; <strong>1338</strong><br />(+20 for winning)\n|raw|Nenepoke's rating: 1324 &rarr; <strong>1304</strong><br />(-20 for losing)\n|l|\u2606Nenepoke\n|player|p2|\n|l|\u2606jeigan for smash\n|player|p1|\n",
  "uploadtime": 1776034807,
  "views": 22,
  "formatid": "gen9championsvgc2026regma",
  "rating": 1304,
  "private": 0,
  "password": null
}