{
  "id": "gen9championsvgc2026regma-2585363506",
  "format": "[Gen 9 Champions] VGC 2026 Reg M-A",
  "players": [
    "MisterP155",
    "THUNDERBOY4272"
  ],
  "log": "|j|\u2606MisterP155\n|j|\u2606THUNDERBOY4272\n|t:|1776341509\n|gametype|doubles\n|player|p1|MisterP155|lady|1365\n|player|p2|THUNDERBOY4272|170|1293\n|gen|9\n|tier|[Gen 9 Champions] VGC 2026 Reg M-A\n|rated|\n|rule|Species Clause: Limit one of each Pok\u00e9mon\n|rule|Item Clause: Limit 1 of each item\n|clearpoke\n|poke|p1|Sneasler, L50, M|\n|poke|p1|Kingambit, L50, M|\n|poke|p1|Garchomp, L50, M|\n|poke|p1|Venusaur, L50, F|\n|poke|p1|Whimsicott, L50, M|\n|poke|p1|Charizard, L50, F|\n|poke|p2|Charizard, L50, M|\n|poke|p2|Sneasler, L50, F|\n|poke|p2|Basculegion, L50, M|\n|poke|p2|Garchomp, L50, F|\n|poke|p2|Incineroar, L50, M|\n|poke|p2|Venusaur, L50, M|\n|teampreview|4\n|inactive|Battle timer is ON: inactive players will automatically lose when time's up. (requested by THUNDERBOY4272)\nTHUNDERBOY4272 rejected open team sheets.\n|\n|t:|1776341530\n|teamsize|p1|4\n|teamsize|p2|4\n|start\n|switch|p1a: Kingambit|Kingambit, L50, M|100/100\n|switch|p1b: Sneasler|Sneasler, L50, M|100/100\n|switch|p2a: Charizard|Charizard, L50, M|100/100\n|switch|p2b: Venusaur|Venusaur, L50, M|100/100\n|turn|1\n|\n|t:|1776341542\n|detailschange|p2a: Charizard|Charizard-Mega-Y, L50, M\n|-mega|p2a: Charizard|Charizard|Charizardite Y\n|-weather|SunnyDay|[from] ability: Drought|[of] p2a: Charizard\n|move|p1b: Sneasler|Fake Out|p2b: Venusaur\n|-damage|p2b: Venusaur|81/100\n|cant|p2b: Venusaur|flinch\n|move|p2a: Charizard|Heat Wave|p1a: Kingambit|[spread] p1a,p1b\n|-supereffective|p1a: Kingambit|1\n|-damage|p1a: Kingambit|0 fnt\n|-damage|p1b: Sneasler|6/100\n|faint|p1a: Kingambit\n|\n|-weather|SunnyDay|[upkeep]\n|upkeep\n|\n|t:|1776341555\n|switch|p1a: Garchomp|Garchomp, L50, M|100/100\n|turn|2\n|\n|t:|1776341564\n|move|p1b: Sneasler|Protect|p1b: Sneasler\n|-singleturn|p1b: Sneasler|Protect\n|move|p2b: Venusaur|Energy Ball|p1b: Sneasler\n|-activate|p1b: Sneasler|move: Protect\n|move|p1a: Garchomp|Rock Slide|p2a: Charizard|[spread] p2a,p2b\n|-supereffective|p2a: Charizard|2\n|-damage|p2a: Charizard|7/100\n|-damage|p2b: Venusaur|53/100\n|move|p2a: Charizard|Air Slash|p1a: Garchomp|[miss]\n|-miss|p2a: Charizard|p1a: Garchomp\n|\n|-weather|SunnyDay|[upkeep]\n|upkeep\n|turn|3\n|\n|t:|1776341592\n|switch|p1b: Charizard|Charizard, L50, F|100/100\n|move|p2b: Venusaur|Energy Ball|p1a: Garchomp\n|-damage|p1a: Garchomp|56/100\n|move|p1a: Garchomp|Rock Slide|p2b: Venusaur|[spread] p2a,p2b\n|-supereffective|p2a: Charizard|2\n|-crit|p2a: Charizard\n|-damage|p2a: Charizard|0 fnt\n|-damage|p2b: Venusaur|26/100\n|faint|p2a: Charizard\n|\n|-weather|SunnyDay|[upkeep]\n|upkeep\n|\n|t:|1776341603\n|switch|p2a: Basculegion|Basculegion, L50, M|100/100\n|turn|4\n|\n|t:|1776341609\n|detailschange|p1b: Charizard|Charizard-Mega-Y, L50, F\n|-mega|p1b: Charizard|Charizard|Charizardite Y\n|move|p2b: Venusaur|Energy Ball|p1a: Garchomp\n|-damage|p1a: Garchomp|12/100\n|move|p1a: Garchomp|Rock Slide|p2b: Venusaur|[spread] p2a,p2b\n|-damage|p2a: Basculegion|77/100\n|-damage|p2b: Venusaur|0 fnt\n|faint|p2b: Venusaur\n|move|p2a: Basculegion|Last Respects|p1b: Charizard\n|-damage|p1b: Charizard|0 fnt\n|faint|p1b: Charizard\n|\n|-weather|SunnyDay|[upkeep]\n|upkeep\n|\n|t:|1776341621\n|switch|p1b: Sneasler|Sneasler, L50, M|6/100\n|switch|p2b: Garchomp|Garchomp, L50, F|100/100\n|turn|5\n|\n|t:|1776341631\n|move|p1a: Garchomp|Rock Slide|p2b: Garchomp|[spread] p2a,p2b\n|-resisted|p2b: Garchomp|1\n|-damage|p2a: Basculegion|50/100\n|-damage|p2b: Garchomp|92/100\n|move|p2a: Basculegion|Last Respects|p1b: Sneasler\n|-damage|p1b: Sneasler|0 fnt\n|faint|p1b: Sneasler\n|move|p2b: Garchomp|Dragon Claw|p1a: Garchomp\n|-supereffective|p1a: Garchomp|1\n|-damage|p1a: Garchomp|0 fnt\n|-damage|p2b: Garchomp|80/100|[from] ability: Rough Skin|[of] p1a: Garchomp\n|faint|p1a: Garchomp\n|\n|win|THUNDERBOY4272\n|raw|MisterP155's rating: 1365 &rarr; <strong>1341</strong><br />(-24 for losing)\n|raw|THUNDERBOY4272's rating: 1293 &rarr; <strong>1323</strong><br />(+30 for winning)\n",
  "uploadtime": 1776341646,
  "views": 31,
  "formatid": "gen9championsvgc2026regma",
  "rating": 1323,
  "private": 0,
  "password": null
}