{
  "id": "gen9championsvgc2026regma-2584019496",
  "format": "[Gen 9 Champions] VGC 2026 Reg M-A",
  "players": [
    "coberdt",
    "testballs"
  ],
  "log": "|j|\u2606coberdt\n|j|\u203dtestballs\n|t:|1776217339\n|gametype|doubles\n|player|p1|coberdt|roxie|1158\n|player|p2|testballs|twins|1206\n|gen|9\n|tier|[Gen 9 Champions] VGC 2026 Reg M-A\n|rated|\n|rule|Species Clause: Limit one of each Pok\u00e9mon\n|rule|Item Clause: Limit 1 of each item\n|clearpoke\n|poke|p1|Pelipper, L50, M|\n|poke|p1|Archaludon, L50, M|\n|poke|p1|Incineroar, L50, F|\n|poke|p1|Sinistcha, L50|\n|poke|p1|Palafin, L50, F|\n|poke|p1|Gengar, L50, F|\n|poke|p2|Tyranitar, L50, M|\n|poke|p2|Volcarona, L50, M|\n|poke|p2|Glimmora, L50, M|\n|poke|p2|Espathra, L50, M|\n|poke|p2|Ninetales-Alola, L50, F|\n|poke|p2|Milotic, L50, M|\n|teampreview|4\ncoberdt has agreed to open team sheets.\n|inactive|Battle timer is ON: inactive players will automatically lose when time's up. (requested by coberdt)\n|inactive|coberdt has 60 seconds left.\n|inactive|testballs has 60 seconds left.\n|\n|t:|1776217384\n|teamsize|p1|4\n|teamsize|p2|4\n|start\n|switch|p1a: Archaludon|Archaludon, L50, M|100/100\n|switch|p1b: Palafin|Palafin, L50, F|100/100\n|switch|p2a: Volcarona|Volcarona, L50, M|100/100\n|switch|p2b: Espathra|Espathra, L50, M|100/100\n|turn|1\n|inactive|testballs has 30 seconds left.\n|\n|t:|1776217412\n|detailschange|p1b: Palafin|Palafin-Hero, L50, F\n|switch|p1b: Pelipper|Pelipper, L50, M|100/100\n|-weather|RainDance|[from] ability: Drizzle|[of] p1b: Pelipper\n|move|p1a: Archaludon|Electro Shot||[still]\n|-prepare|p1a: Archaludon|Electro Shot\n|-boost|p1a: Archaludon|spa|1\n|-anim|p1a: Archaludon|Electro Shot|p2b: Espathra\n|-damage|p2b: Espathra|0 fnt\n|faint|p2b: Espathra\n|move|p2a: Volcarona|Quiver Dance|p2a: Volcarona\n|-boost|p2a: Volcarona|spa|1\n|-boost|p2a: Volcarona|spd|1\n|-boost|p2a: Volcarona|spe|1\n|\n|-weather|RainDance|[upkeep]\n|upkeep\n|\n|t:|1776217422\n|switch|p2b: Ninetales|Ninetales-Alola, L50, F|100/100\n|-weather|Snowscape|[from] ability: Snow Warning|[of] p2b: Ninetales\n|turn|2\n|\n|t:|1776217446\n|move|p1a: Archaludon|Protect|p1a: Archaludon\n|-singleturn|p1a: Archaludon|Protect\n|move|p2b: Ninetales|Blizzard|p1a: Archaludon|[spread] p1b\n|-activate|p1a: Archaludon|move: Protect\n|-damage|p1b: Pelipper|49/100\n|move|p2a: Volcarona|Heat Wave|p1b: Pelipper|[spread] \n|-activate|p1a: Archaludon|move: Protect\n|-miss|p2a: Volcarona|p1b: Pelipper\n|move|p1b: Pelipper|Tailwind|p1b: Pelipper\n|-sidestart|p1: coberdt|move: Tailwind\n|\n|-weather|Snowscape|[upkeep]\n|upkeep\n|turn|3\n|\n|t:|1776217461\n|switch|p1b: Palafin|Palafin-Hero, L50, F|100/100\n|-activate|p1b: Palafin|ability: Zero to Hero\n|switch|p2b: Milotic|Milotic, L50, M|100/100\n|move|p1a: Archaludon|Flash Cannon|p2b: Milotic\n|-resisted|p2b: Milotic|1\n|-damage|p2b: Milotic|80/100\n|move|p2a: Volcarona|Heat Wave|p1b: Palafin|[spread] p1a,p1b\n|-resisted|p1b: Palafin|1\n|-damage|p1a: Archaludon|12/100\n|-damage|p1b: Palafin|65/100\n|\n|-weather|Snowscape|[upkeep]\n|-heal|p2b: Milotic|86/100|[from] item: Leftovers\n|upkeep\n|turn|4\n|inactive|testballs has 30 seconds left.\n|inactive|testballs has 20 seconds left.\n|inactive|testballs has 15 seconds left.\n|\n|t:|1776217505\n|move|p1a: Archaludon|Protect|p1a: Archaludon\n|-singleturn|p1a: Archaludon|Protect\n|move|p1b: Palafin|Wave Crash|p2a: Volcarona\n|-supereffective|p2a: Volcarona|1\n|-damage|p2a: Volcarona|0 fnt\n|faint|p2a: Volcarona\n|-damage|p1b: Palafin|32/100|[from] Recoil\n|move|p2b: Milotic|Icy Wind|p1b: Palafin|[spread] \n|-activate|p1a: Archaludon|move: Protect\n|-miss|p2b: Milotic|p1b: Palafin\n|\n|-weather|Snowscape|[upkeep]\n|-heal|p2b: Milotic|92/100|[from] item: Leftovers\n|upkeep\n|\n|t:|1776217511\n|switch|p2a: Ninetales|Ninetales-Alola, L50, F|100/100\n|turn|5\n|\n|t:|1776217524\n|switch|p1b: Pelipper|Pelipper, L50, M|49/100\n|-weather|RainDance|[from] ability: Drizzle|[of] p1b: Pelipper\n|move|p1a: Archaludon|Electro Shot||[still]\n|-prepare|p1a: Archaludon|Electro Shot\n|-boost|p1a: Archaludon|spa|1\n|-anim|p1a: Archaludon|Electro Shot|p2b: Milotic\n|-supereffective|p2b: Milotic|1\n|-damage|p2b: Milotic|0 fnt\n|faint|p2b: Milotic\n|move|p2a: Ninetales|Blizzard|p1b: Pelipper|[spread] p1a,p1b\n|-crit|p1b: Pelipper\n|-damage|p1a: Archaludon|0 fnt\n|-damage|p1b: Pelipper|0 fnt\n|faint|p1a: Archaludon\n|faint|p1b: Pelipper\n|\n|-weather|RainDance|[upkeep]\n|-sideend|p1: coberdt|move: Tailwind\n|upkeep\n|\n|t:|1776217536\n|switch|p1a: Palafin|Palafin-Hero, L50, F|32/100\n|switch|p1b: Sinistcha|Sinistcha, L50|100/100\n|-heal|p1a: Palafin|57/100|[from] ability: Hospitality|[of] p1b: Sinistcha\n|turn|6\n|\n|t:|1776217544\n|move|p2a: Ninetales|Blizzard|p1b: Sinistcha|[spread] \n|-miss|p2a: Ninetales|p1a: Palafin\n|-miss|p2a: Ninetales|p1b: Sinistcha\n|move|p1a: Palafin|Wave Crash|p2a: Ninetales\n|-damage|p2a: Ninetales|0 fnt\n|faint|p2a: Ninetales\n|-damage|p1a: Palafin|29/100|[from] Recoil\n|\n|win|coberdt\n|raw|coberdt's rating: 1158 &rarr; <strong>1186</strong><br />(+28 for winning)\n|raw|testballs's rating: 1206 &rarr; <strong>1178</strong><br />(-28 for losing)\n",
  "uploadtime": 1776217552,
  "views": 60,
  "formatid": "gen9championsvgc2026regma",
  "rating": 1178,
  "private": 0,
  "password": null
}