{
  "id": "gen9championsvgc2026regma-2587185677",
  "format": "[Gen 9 Champions] VGC 2026 Reg M-A",
  "players": [
    "3ncio",
    "soulo333"
  ],
  "log": "|j|\u26063ncio\n|j|\u2606soulo333\n|t:|1776505920\n|gametype|doubles\n|player|p1|3ncio|170|1306\n|player|p2|soulo333|102|1278\n|gen|9\n|tier|[Gen 9 Champions] VGC 2026 Reg M-A\n|rated|\n|rule|Species Clause: Limit one of each Pok\u00e9mon\n|rule|Item Clause: Limit 1 of each item\n|clearpoke\n|poke|p1|Meganium, L50, F|\n|poke|p1|Sneasler, L50, F|\n|poke|p1|Dragapult, L50, M|\n|poke|p1|Meowscarada, L50, M|\n|poke|p1|Froslass, L50, F|\n|poke|p1|Glaceon, L50, M|\n|poke|p2|Charizard, L50, F|\n|poke|p2|Sneasler, L50, F|\n|poke|p2|Sinistcha, L50|\n|poke|p2|Incineroar, L50, F|\n|poke|p2|Milotic, L50, F|\n|poke|p2|Tyranitar, L50, M|\n|teampreview|4\n|inactive|Battle timer is ON: inactive players will automatically lose when time's up. (requested by 3ncio)\n|\n|t:|1776505957\n|teamsize|p1|4\n|teamsize|p2|4\n|start\n|switch|p1a: Dragapult|Dragapult, L50, M|100/100\n|switch|p1b: Meowscarada|Meowscarada, L50, M|100/100\n|switch|p2a: Incineroar|Incineroar, L50, F|100/100\n|switch|p2b: Charizard|Charizard, L50, F|100/100\n|-ability|p2a: Incineroar|Intimidate|boost\n|-fail|p1a: Dragapult|unboost|[from] ability: Clear Body|[of] p1a: Dragapult\n|-unboost|p1b: Meowscarada|atk|1\n|turn|1\n|inactive|3ncio has 30 seconds left.\n|inactive|3ncio has 20 seconds left.\n|inactive|3ncio has 15 seconds left.\n|inactive|3ncio has 10 seconds left.\n|\n|t:|1776506006\n|move|p1b: Meowscarada|U-turn|p2a: Incineroar\n|-start|p1b: Meowscarada|typechange|Bug|[from] ability: Protean\n|-damage|p2a: Incineroar|80/100\n|\n|t:|1776506011\n|switch|p1b: Sneasler|Sneasler, L50, F|100/100|[from] U-turn\n|move|p1a: Dragapult|Dragon Dance|p1a: Dragapult\n|-boost|p1a: Dragapult|atk|1\n|-boost|p1a: Dragapult|spe|1\n|move|p2b: Charizard|Dragon Dance|p2b: Charizard\n|-boost|p2b: Charizard|atk|1\n|-boost|p2b: Charizard|spe|1\n|move|p2a: Incineroar|Throat Chop|p1a: Dragapult\n|-supereffective|p1a: Dragapult|1\n|-enditem|p1a: Dragapult|Colbur Berry|[eat]\n|-enditem|p1a: Dragapult|Colbur Berry|[weaken]\n|-damage|p1a: Dragapult|58/100\n|-start|p1a: Dragapult|Throat Chop|[silent]\n|\n|upkeep\n|turn|2\n|inactive|soulo333 has 30 seconds left.\n|\n|t:|1776506036\n|move|p1a: Dragapult|Breaking Swipe|p2a: Incineroar|[spread] p2a,p2b\n|-damage|p2a: Incineroar|47/100\n|-damage|p2b: Charizard|64/100\n|-unboost|p2a: Incineroar|atk|1\n|-unboost|p2b: Charizard|atk|1\n|-enditem|p2a: Incineroar|Sitrus Berry|[eat]\n|-heal|p2a: Incineroar|71/100|[from] item: Sitrus Berry\n|move|p2b: Charizard|Dragon Dance|p2b: Charizard\n|-boost|p2b: Charizard|atk|1\n|-boost|p2b: Charizard|spe|1\n|move|p1b: Sneasler|Close Combat|p2a: Incineroar\n|-supereffective|p2a: Incineroar|1\n|-damage|p2a: Incineroar|0 fnt\n|-unboost|p1b: Sneasler|def|1\n|-unboost|p1b: Sneasler|spd|1\n|faint|p2a: Incineroar\n|-enditem|p1b: Sneasler|White Herb\n|-clearnegativeboost|p1b: Sneasler|[silent]\n|\n|-end|p1a: Dragapult|Throat Chop|[silent]\n|upkeep\n|\n|t:|1776506050\n|switch|p2a: Milotic|Milotic, L50, F|100/100\n|turn|3\n|\n|t:|1776506060\n|detailschange|p2b: Charizard|Charizard-Mega-X, L50, F\n|-mega|p2b: Charizard|Charizard|Charizardite X\n|move|p1b: Sneasler|Dire Claw|p2b: Charizard\n|-damage|p2b: Charizard|26/100\n|move|p1a: Dragapult|Breaking Swipe|p2b: Charizard|[spread] p2a,p2b\n|-supereffective|p2b: Charizard|1\n|-damage|p2a: Milotic|66/100\n|-damage|p2b: Charizard|0 fnt\n|-unboost|p2a: Milotic|atk|1\n|-ability|p2a: Milotic|Competitive|boost\n|-boost|p2a: Milotic|spa|2\n|faint|p2b: Charizard\n|move|p2a: Milotic|Scald|p1b: Sneasler\n|-damage|p1b: Sneasler|20/100\n|-status|p1b: Sneasler|brn\n|\n|-heal|p2a: Milotic|72/100|[from] item: Leftovers\n|-damage|p1b: Sneasler|14/100 brn|[from] brn\n|upkeep\n|\n|t:|1776506068\n|switch|p2b: Tyranitar|Tyranitar, L50, M|100/100\n|-weather|Sandstorm|[from] ability: Sand Stream|[of] p2b: Tyranitar\n|turn|4\n|\n|t:|1776506082\n|move|p2b: Tyranitar|Protect|p2b: Tyranitar\n|-singleturn|p2b: Tyranitar|Protect\n|move|p1b: Sneasler|Close Combat|p2b: Tyranitar\n|-activate|p2b: Tyranitar|move: Protect\n|move|p1a: Dragapult|Phantom Force||[still]\n|-prepare|p1a: Dragapult|Phantom Force\n|move|p2a: Milotic|Icy Wind|p1b: Sneasler|[spread] p1b\n|-miss|p2a: Milotic|p1a: Dragapult\n|-damage|p1b: Sneasler|0 fnt\n|faint|p1b: Sneasler\n|\n|-weather|Sandstorm|[upkeep]\n|-damage|p1a: Dragapult|52/100|[from] Sandstorm\n|-damage|p2a: Milotic|66/100|[from] Sandstorm\n|-heal|p2a: Milotic|72/100|[from] item: Leftovers\n|upkeep\n|\n|t:|1776506094\n|switch|p1b: Meowscarada|Meowscarada, L50, M|100/100\n|turn|5\n|\n|t:|1776506105\n|move|p1a: Dragapult|Phantom Force|p2a: Milotic|[from] lockedmove\n|-damage|p2a: Milotic|8/100\n|move|p1b: Meowscarada|Flower Trick|p2a: Milotic\n|-start|p1b: Meowscarada|typechange|Grass|[from] ability: Protean\n|-supereffective|p2a: Milotic|1\n|-crit|p2a: Milotic\n|-damage|p2a: Milotic|0 fnt\n|faint|p2a: Milotic\n|move|p2b: Tyranitar|Knock Off|p1a: Dragapult\n|-supereffective|p1a: Dragapult|1\n|-damage|p1a: Dragapult|0 fnt\n|faint|p1a: Dragapult\n|\n|-weather|Sandstorm|[upkeep]\n|-damage|p1b: Meowscarada|95/100|[from] Sandstorm\n|upkeep\n|\n|t:|1776506117\n|switch|p1a: Froslass|Froslass, L50, F|100/100\n|turn|6\n|-message|soulo333 forfeited.\n|\n|win|3ncio\n|raw|3ncio's rating: 1306 &rarr; <strong>1324</strong><br />(+18 for winning)\n|raw|soulo333's rating: 1278 &rarr; <strong>1255</strong><br />(-23 for losing)\n",
  "uploadtime": 1776506123,
  "views": 34,
  "formatid": "gen9championsvgc2026regma",
  "rating": 1255,
  "private": 0,
  "password": null
}