{
  "id": "gen9championsvgc2026regma-2583026778",
  "format": "[Gen 9 Champions] VGC 2026 Reg M-A",
  "players": [
    "zenovirgola",
    "Mentalsyndrome"
  ],
  "log": "|j|\u2606zenovirgola\n|j|\u2606Mentalsyndrome\n|t:|1776134562\n|gametype|doubles\n|player|p1|zenovirgola|n|1083\n|player|p2|Mentalsyndrome|1|1180\n|gen|9\n|tier|[Gen 9 Champions] VGC 2026 Reg M-A\n|rated|\n|rule|Species Clause: Limit one of each Pok\u00e9mon\n|rule|Item Clause: Limit 1 of each item\n|clearpoke\n|poke|p1|Drampa, L50, M|\n|poke|p1|Scizor, L50, M|\n|poke|p1|Alakazam, L50, M|\n|poke|p1|Sinistcha, L50|\n|poke|p1|Pelipper, L50, M|\n|poke|p1|Basculegion, L50, M|\n|poke|p2|Bastiodon, L50, M|\n|poke|p2|Hawlucha, L50, M|\n|poke|p2|Milotic, L50, F|\n|poke|p2|Excadrill, L50, F|\n|poke|p2|Farigiraf, L50, M|\n|poke|p2|Tyranitar, L50, M|\n|teampreview|4\n|inactive|Battle timer is ON: inactive players will automatically lose when time's up. (requested by Mentalsyndrome)\n|inactive|Mentalsyndrome has 60 seconds left.\n|inactive|Mentalsyndrome has 30 seconds left.\n|\n|t:|1776134624\n|teamsize|p1|4\n|teamsize|p2|4\n|start\n|switch|p1a: Sinistcha|Sinistcha, L50|100/100\n|switch|p1b: Alakazam|Alakazam, L50, M|100/100\n|switch|p2a: Tyranitar|Tyranitar, L50, M|100/100\n|switch|p2b: Farigiraf|Farigiraf, L50, M|100/100\n|-weather|Sandstorm|[from] ability: Sand Stream|[of] p2a: Tyranitar\n|turn|1\n|inactive|zenovirgola has 30 seconds left.\n|\n|t:|1776134653\n|move|p1b: Alakazam|Reflect|p1b: Alakazam\n|-sidestart|p1: zenovirgola|Reflect\n|move|p2a: Tyranitar|Dragon Dance|p2a: Tyranitar\n|-boost|p2a: Tyranitar|atk|1\n|-boost|p2a: Tyranitar|spe|1\n|move|p1a: Sinistcha|Matcha Gotcha|p2b: Farigiraf|[spread] p2a,p2b\n|-supereffective|p2a: Tyranitar|1\n|-crit|p2a: Tyranitar\n|-damage|p2a: Tyranitar|54/100\n|-damage|p2b: Farigiraf|80/100\n|move|p2b: Farigiraf|Twin Beam|p1a: Sinistcha\n|-damage|p1a: Sinistcha|80/100\n|-damage|p1a: Sinistcha|60/100\n|-hitcount|p1a: Sinistcha|2\n|\n|-weather|Sandstorm|[upkeep]\n|-damage|p1b: Alakazam|94/100|[from] Sandstorm\n|-damage|p1a: Sinistcha|54/100|[from] Sandstorm\n|-damage|p2b: Farigiraf|74/100|[from] Sandstorm\n|upkeep\n|turn|2\n|inactive|zenovirgola has 30 seconds left.\n|inactive|Mentalsyndrome has 30 seconds left.\n|inactive|Mentalsyndrome has 20 seconds left.\n|inactive|Mentalsyndrome has 15 seconds left.\n|\n|t:|1776134698\n|move|p2b: Farigiraf|Helping Hand|p2a: Tyranitar\n|-singleturn|p2a: Tyranitar|Helping Hand|[of] p2b: Farigiraf\n|move|p1b: Alakazam|Light Screen|p1b: Alakazam\n|-sidestart|p1: zenovirgola|move: Light Screen\n|move|p2a: Tyranitar|Crunch|p1a: Sinistcha\n|-supereffective|p1a: Sinistcha|1\n|-damage|p1a: Sinistcha|0 fnt\n|faint|p1a: Sinistcha\n|\n|-weather|Sandstorm|[upkeep]\n|-damage|p1b: Alakazam|88/100|[from] Sandstorm\n|-damage|p2b: Farigiraf|68/100|[from] Sandstorm\n|upkeep\n|\n|t:|1776134710\n|switch|p1a: Drampa|Drampa, L50, M|100/100\n|-ability|p1a: Drampa|Cloud Nine\n|turn|3\n|\n|t:|1776134730\n|detailschange|p2a: Tyranitar|Tyranitar-Mega, L50, M\n|-mega|p2a: Tyranitar|Tyranitar|Tyranitarite\n|detailschange|p1a: Drampa|Drampa-Mega, L50, M\n|-mega|p1a: Drampa|Drampa|Drampanite\n|move|p1b: Alakazam|Speed Swap|p1a: Drampa\n|-activate|p1b: Alakazam|move: Speed Swap|[of] p1a: Drampa\n|move|p1a: Drampa|Hyper Voice|p2a: Tyranitar|[spread] p2a,p2b\n|-resisted|p2a: Tyranitar|1\n|-damage|p2a: Tyranitar|43/100\n|-damage|p2b: Farigiraf|31/100\n|move|p2a: Tyranitar|Dragon Dance|p2a: Tyranitar\n|-boost|p2a: Tyranitar|atk|1\n|-boost|p2a: Tyranitar|spe|1\n|move|p2b: Farigiraf|Twin Beam|p1a: Drampa\n|-damage|p1a: Drampa|92/100\n|-damage|p1a: Drampa|84/100\n|-hitcount|p1a: Drampa|2\n|\n|-weather|Sandstorm|[upkeep]\n|-damage|p1a: Drampa|78/100|[from] Sandstorm\n|-damage|p2b: Farigiraf|24/100|[from] Sandstorm\n|-damage|p1b: Alakazam|82/100|[from] Sandstorm\n|upkeep\n|turn|4\n|inactive|zenovirgola has 30 seconds left.\n|inactive|zenovirgola has 20 seconds left.\n|inactive|zenovirgola has 15 seconds left.\n|inactive|zenovirgola has 10 seconds left.\n|\n|t:|1776134778\n|switch|p1b: Pelipper|Pelipper, L50, M|100/100\n|-weather|RainDance|[from] ability: Drizzle|[of] p1b: Pelipper\n|move|p2b: Farigiraf|Helping Hand|p2a: Tyranitar\n|-singleturn|p2a: Tyranitar|Helping Hand|[of] p2b: Farigiraf\n|move|p2a: Tyranitar|Rock Slide|p1b: Pelipper|[spread] p1a,p1b\n|-supereffective|p1b: Pelipper|1\n|-damage|p1a: Drampa|20/100\n|-enditem|p1b: Pelipper|Focus Sash\n|-damage|p1b: Pelipper|1/100\n|-ability|p1a: Drampa|Berserk|boost\n|-boost|p1a: Drampa|spa|1\n|move|p1a: Drampa|Calm Mind|p1a: Drampa\n|-boost|p1a: Drampa|spa|1\n|-boost|p1a: Drampa|spd|1\n|\n|-weather|RainDance|[upkeep]\n|upkeep\n|turn|5\n|inactive|zenovirgola has 30 seconds left.\n|inactive|Mentalsyndrome has 30 seconds left.\n|inactive|zenovirgola has 20 seconds left.\n|inactive|zenovirgola has 15 seconds left.\n|inactive|zenovirgola has 10 seconds left.\n|inactive|Mentalsyndrome has 20 seconds left.\n|inactive|Mentalsyndrome has 15 seconds left.\n|\n|t:|1776134834\n|move|p2b: Farigiraf|Ally Switch|p2b: Farigiraf\n|swap|p2b: Farigiraf|0|[from] move: Ally Switch\n|move|p2b: Tyranitar|Crunch|p1a: Drampa\n|-damage|p1a: Drampa|0 fnt\n|faint|p1a: Drampa\n|move|p1b: Pelipper|Tailwind|p1b: Pelipper\n|-sidestart|p1: zenovirgola|move: Tailwind\n|\n|-weather|RainDance|[upkeep]\n|-sideend|p1: zenovirgola|Reflect\n|upkeep\n|\n|t:|1776134843\n|switch|p1a: Alakazam|Alakazam, L50, M|82/100\n|turn|6\n|\n|t:|1776134862\n|move|p2b: Tyranitar|Protect|p2b: Tyranitar\n|-singleturn|p2b: Tyranitar|Protect\n|move|p1a: Alakazam|Psychic|p2a: Farigiraf\n|-resisted|p2a: Farigiraf|1\n|-damage|p2a: Farigiraf|9/100\n|move|p1b: Pelipper|Weather Ball|p2b: Tyranitar\n|-activate|p2b: Tyranitar|move: Protect\n|move|p2a: Farigiraf|Twin Beam|p1b: Pelipper\n|-damage|p1b: Pelipper|0 fnt\n|faint|p1b: Pelipper\n|-hitcount|p1: Pelipper|1\n|\n|-weather|RainDance|[upkeep]\n|-sideend|p1: zenovirgola|move: Light Screen\n|upkeep\n|turn|7\n|-message|zenovirgola forfeited.\n|\n|win|Mentalsyndrome\n|raw|zenovirgola's rating: 1083 &rarr; <strong>1067</strong><br />(-16 for losing)\n|raw|Mentalsyndrome's rating: 1180 &rarr; <strong>1198</strong><br />(+18 for winning)\n|l|\u2606zenovirgola\n|player|p1|\n",
  "uploadtime": 1776134892,
  "views": 15,
  "formatid": "gen9championsvgc2026regma",
  "rating": 1067,
  "private": 0,
  "password": null
}