{
  "id": "gen9championsvgc2026regma-2582748007",
  "format": "[Gen 9 Champions] VGC 2026 Reg M-A",
  "players": [
    "BoWs1rJr",
    "AlejoB7"
  ],
  "log": "|j|\u2606BoWs1rJr\n|j|\u2606AlejoB7\n|t:|1776111351\n|gametype|doubles\n|player|p1|BoWs1rJr|miku-ghost|1200\n|player|p2|AlejoB7|blaine|1216\n|gen|9\n|tier|[Gen 9 Champions] VGC 2026 Reg M-A\n|rated|\n|rule|Species Clause: Limit one of each Pok\u00e9mon\n|rule|Item Clause: Limit 1 of each item\n|clearpoke\n|poke|p1|Meganium, L50, M|\n|poke|p1|Pelipper, L50, F|\n|poke|p1|Basculegion, L50, M|\n|poke|p1|Pinsir, L50, M|\n|poke|p1|Kingambit, L50, M|\n|poke|p1|Garchomp, L50, M|\n|poke|p2|Delphox, L50, M|\n|poke|p2|Sinistcha, L50|\n|poke|p2|Sneasler, L50, M|\n|poke|p2|Kingambit, L50, M|\n|poke|p2|Basculegion, L50, M|\n|poke|p2|Floette-Eternal, L50, F|\n|teampreview|4\n|inactive|Battle timer is ON: inactive players will automatically lose when time's up. (requested by AlejoB7)\n|j| Atticcus\n|inactive|BoWs1rJr has 60 seconds left.\n|\n|t:|1776111395\n|teamsize|p1|4\n|teamsize|p2|4\n|start\n|switch|p1a: Pelipper|Pelipper, L50, F|100/100\n|switch|p1b: Pinsir|Pinsir, L50, M|100/100\n|switch|p2a: Floette|Floette-Eternal, L50, F|100/100\n|switch|p2b: Sneasler|Sneasler, L50, M|100/100\n|-weather|RainDance|[from] ability: Drizzle|[of] p1a: Pelipper\n|turn|1\n|inactive|BoWs1rJr has 30 seconds left.\n|\n|t:|1776111427\n|detailschange|p2a: Floette|Floette-Mega, L50, F\n|-mega|p2a: Floette|Floette|Floettite\n|-ability|p2a: Floette|Fairy Aura\n|detailschange|p1b: Pinsir|Pinsir-Mega, L50, M\n|-mega|p1b: Pinsir|Pinsir|Pinsirite\n|move|p1b: Pinsir|Protect|p1b: Pinsir\n|-singleturn|p1b: Pinsir|Protect\n|move|p2b: Sneasler|Fake Out|p1a: Pelipper\n|-damage|p1a: Pelipper|82/100\n|move|p2a: Floette|Calm Mind|p2a: Floette\n|-boost|p2a: Floette|spa|1\n|-boost|p2a: Floette|spd|1\n|cant|p1a: Pelipper|flinch\n|\n|-weather|RainDance|[upkeep]\n|upkeep\n|turn|2\n|\n|t:|1776111450\n|move|p1a: Pelipper|Wide Guard|p1a: Pelipper\n|-singleturn|p1a: Pelipper|Wide Guard\n|move|p2b: Sneasler|Dire Claw|p1b: Pinsir\n|-damage|p1b: Pinsir|57/100\n|move|p1b: Pinsir|Body Slam|p2a: Floette\n|-damage|p2a: Floette|40/100\n|-status|p2a: Floette|par\n|move|p2a: Floette|Moonblast|p1a: Pelipper\n|-damage|p1a: Pelipper|0 fnt\n|faint|p1a: Pelipper\n|\n|-weather|RainDance|[upkeep]\n|upkeep\n|\n|t:|1776111461\n|switch|p1a: Basculegion|Basculegion, L50, M|100/100\n|turn|3\n|l| Atticcus\n|inactive|BoWs1rJr has 30 seconds left.\n|\n|t:|1776111487\n|switch|p2b: Sinistcha|Sinistcha, L50|100/100\n|-heal|p2a: Floette|65/100 par|[from] ability: Hospitality|[of] p2b: Sinistcha\n|move|p1a: Basculegion|Last Respects|p2b: Sinistcha\n|-supereffective|p2b: Sinistcha|1\n|-damage|p2b: Sinistcha|21/100\n|move|p1b: Pinsir|Body Slam|p2a: Floette\n|-damage|p2a: Floette|0 fnt\n|faint|p2a: Floette\n|\n|-weather|RainDance|[upkeep]\n|upkeep\n|\n|t:|1776111503\n|switch|p2a: Basculegion|Basculegion, L50, M|100/100\n|turn|4\n|\n|t:|1776111515\n|move|p1b: Pinsir|Feint|p2b: Sinistcha\n|-supereffective|p2b: Sinistcha|1\n|-damage|p2b: Sinistcha|0 fnt\n|faint|p2b: Sinistcha\n|move|p1a: Basculegion|Last Respects|p2a: Basculegion\n|-supereffective|p2a: Basculegion|1\n|-damage|p2a: Basculegion|0 fnt\n|faint|p2a: Basculegion\n|\n|-weather|RainDance|[upkeep]\n|upkeep\n|c|\u2606AlejoB7|gg, have to see the match a couple of times, first time i face a mega pinsir\n|inactive|AlejoB7 has 30 seconds left.\n|c|\u2606AlejoB7|not very sure of what happened lol\n|\n|t:|1776111548\n|switch|p2a: Sneasler|Sneasler, L50, M|100/100\n|turn|5\n|-message|AlejoB7 forfeited.\n|\n|win|BoWs1rJr\n|raw|BoWs1rJr's rating: 1200 &rarr; <strong>1226</strong><br />(+26 for winning)\n|raw|AlejoB7's rating: 1216 &rarr; <strong>1190</strong><br />(-26 for losing)\n|c|\u2606BoWs1rJr|glad to be your first\n|c|\u2606BoWs1rJr|ggs\n",
  "uploadtime": 1776111560,
  "views": 19,
  "formatid": "gen9championsvgc2026regma",
  "rating": 1190,
  "private": 0,
  "password": null
}