{
  "id": "gen9championsvgc2026regma-2583223079",
  "format": "[Gen 9 Champions] VGC 2026 Reg M-A",
  "players": [
    "BigSketch0",
    "XtinguisheD"
  ],
  "log": "|j|\u2606BigSketch0\n|j|\u2606XtinguisheD\n|t:|1776156529\n|gametype|doubles\n|player|p1|BigSketch0|1|1066\n|player|p2|XtinguisheD|cheren|1070\n|gen|9\n|tier|[Gen 9 Champions] VGC 2026 Reg M-A\n|rated|\n|rule|Species Clause: Limit one of each Pok\u00e9mon\n|rule|Item Clause: Limit 1 of each item\n|clearpoke\n|poke|p1|Hatterene, L50, F|\n|poke|p1|Clefable, L50, F|\n|poke|p1|Incineroar, L50, F|\n|poke|p1|Torkoal, L50, F|\n|poke|p1|Kingambit, L50, F|\n|poke|p1|Meowstic, L50, M|\n|poke|p2|Gyarados, L50, M|\n|poke|p2|Decidueye, L50, M|\n|poke|p2|Delphox, L50, M|\n|poke|p2|Raichu, L50, M|\n|poke|p2|Clefable, L50, F|\n|poke|p2|Dragapult, L50, F|\n|teampreview|4\n|inactive|Battle timer is ON: inactive players will automatically lose when time's up. (requested by BigSketch0)\n|inactive|BigSketch0 has 60 seconds left.\n|\n|t:|1776156571\n|teamsize|p1|4\n|teamsize|p2|4\n|start\n|switch|p1a: Hatterene|Hatterene, L50, F|100/100\n|switch|p1b: Incineroar|Incineroar, L50, F|100/100\n|switch|p2a: Delphox|Delphox, L50, M, shiny|100/100\n|switch|p2b: Raichu|Raichu, L50, M, shiny|100/100\n|-ability|p1b: Incineroar|Intimidate|boost\n|-unboost|p2a: Delphox|atk|1\n|-unboost|p2b: Raichu|atk|1\n|turn|1\n|\n|t:|1776156592\n|move|p2a: Delphox|Protect|p2a: Delphox\n|-singleturn|p2a: Delphox|Protect\n|move|p2b: Raichu|Fake Out|p1a: Hatterene\n|-damage|p1a: Hatterene|95/100\n|move|p1b: Incineroar|Darkest Lariat|p2a: Delphox\n|-activate|p2a: Delphox|move: Protect\n|cant|p1a: Hatterene|flinch\n|\n|-heal|p1a: Hatterene|100/100|[from] item: Leftovers\n|upkeep\n|turn|2\n|\n|t:|1776156615\n|switch|p2a: Clefable|Clefable, L50, F, shiny|100/100\n|move|p2b: Raichu|Nuzzle|p1a: Hatterene\n|-damage|p1a: Hatterene|96/100\n|-status|p1a: Hatterene|par\n|move|p1b: Incineroar|Darkest Lariat|p2a: Clefable\n|-resisted|p2a: Clefable|1\n|-damage|p2a: Clefable|83/100\n|move|p1a: Hatterene|Trick Room|p1a: Hatterene\n|-fieldstart|move: Trick Room|[of] p1a: Hatterene\n|\n|-heal|p1a: Hatterene|100/100 par|[from] item: Leftovers\n|-heal|p2a: Clefable|89/100|[from] item: Leftovers\n|upkeep\n|turn|3\n|inactive|BigSketch0 has 30 seconds left.\n|inactive|BigSketch0 has 20 seconds left.\n|inactive|BigSketch0 has 15 seconds left.\n|inactive|BigSketch0 has 10 seconds left.\n|inactive|BigSketch0 has 5 seconds left.\n|\n|t:|1776156665\n|move|p1a: Hatterene|Skill Swap|p1b: Incineroar\n|-activate|p1a: Hatterene|Skill Swap|||[of] p1b: Incineroar\n|-ability|p1a: Hatterene|Intimidate|boost\n|-unboost|p2a: Clefable|atk|1\n|-unboost|p2b: Raichu|atk|1\n|move|p1b: Incineroar|Parting Shot|p2a: Clefable\n|-unboost|p2a: Clefable|atk|1\n|-unboost|p2a: Clefable|spa|1\n|\n|t:|1776156674\n|switch|p1b: Torkoal|Torkoal, L50, F|100/100|[from] Parting Shot\n|-weather|SunnyDay|[from] ability: Drought|[of] p1b: Torkoal\n|move|p2a: Clefable|Calm Mind|p2a: Clefable\n|-boost|p2a: Clefable|spa|1\n|-boost|p2a: Clefable|spd|1\n|move|p2b: Raichu|Knock Off|p1a: Hatterene\n|-damage|p1a: Hatterene|90/100 par\n|-enditem|p1a: Hatterene|Leftovers|[from] move: Knock Off|[of] p2b: Raichu\n|\n|-weather|SunnyDay|[upkeep]\n|-heal|p2a: Clefable|95/100|[from] item: Leftovers\n|upkeep\n|turn|4\n|inactive|BigSketch0 has 30 seconds left.\n|\n|t:|1776156699\n|move|p2a: Clefable|Protect|p2a: Clefable\n|-singleturn|p2a: Clefable|Protect\n|move|p1a: Hatterene|Skill Swap|p1b: Torkoal\n|-activate|p1a: Hatterene|Skill Swap|||[of] p1b: Torkoal\n|-ability|p1b: Torkoal|Intimidate|boost\n|-unboost|p2a: Clefable|atk|1\n|-unboost|p2b: Raichu|atk|1\n|move|p1b: Torkoal|Eruption|p2b: Raichu|[spread] p2b\n|-activate|p2a: Clefable|move: Protect\n|-damage|p2b: Raichu|0 fnt\n|faint|p2b: Raichu\n|\n|-weather|SunnyDay|[upkeep]\n|-heal|p2a: Clefable|100/100|[from] item: Leftovers\n|upkeep\n|\n|t:|1776156716\n|switch|p2b: Gyarados|Gyarados, L50, M, shiny|100/100\n|-ability|p2b: Gyarados|Intimidate|boost\n|-unboost|p1a: Hatterene|atk|1\n|-unboost|p1b: Torkoal|atk|1\n|turn|5\n|inactive|BigSketch0 has 30 seconds left.\n|inactive|BigSketch0 has 20 seconds left.\n|\n|t:|1776156751\n|detailschange|p2b: Gyarados|Gyarados-Mega, L50, M, shiny\n|-mega|p2b: Gyarados|Gyarados|Gyaradosite\n|-ability|p2b: Gyarados|Mold Breaker\n|move|p1b: Torkoal|Protect|p1b: Torkoal\n|-singleturn|p1b: Torkoal|Protect\n|move|p1a: Hatterene|Skill Swap|p1b: Torkoal\n|-activate|p1b: Torkoal|move: Protect\n|move|p2a: Clefable|Calm Mind|p2a: Clefable\n|-boost|p2a: Clefable|spa|1\n|-boost|p2a: Clefable|spd|1\n|move|p2b: Gyarados|Dragon Dance|p2b: Gyarados\n|-boost|p2b: Gyarados|atk|1\n|-boost|p2b: Gyarados|spe|1\n|\n|-weather|SunnyDay|[upkeep]\n|upkeep\n|turn|6\n|inactive|BigSketch0 has 30 seconds left.\n|\n|t:|1776156780\n|move|p2b: Gyarados|Protect|p2b: Gyarados\n|-singleturn|p2b: Gyarados|Protect\n|move|p1a: Hatterene|Dazzling Gleam|p2a: Clefable|[spread] p2a\n|-activate|p2b: Gyarados|move: Protect\n|-damage|p2a: Clefable|87/100\n|move|p1b: Torkoal|Eruption|p2a: Clefable|[spread] p2a\n|-activate|p2b: Gyarados|move: Protect\n|-damage|p2a: Clefable|47/100\n|move|p2a: Clefable|Mystical Fire|p1b: Torkoal\n|-resisted|p1b: Torkoal|1\n|-damage|p1b: Torkoal|67/100\n|-unboost|p1b: Torkoal|spa|1\n|\n|-weather|SunnyDay|[upkeep]\n|-heal|p2a: Clefable|53/100|[from] item: Leftovers\n|-fieldend|move: Trick Room\n|upkeep\n|turn|7\n|inactive|BigSketch0 has 30 seconds left.\n|inactive|XtinguisheD has 30 seconds left.\n|inactive|BigSketch0 has 20 seconds left.\n|l|\u2606XtinguisheD\n|inactive|XtinguisheD disconnected and has a minute to reconnect!\n|player|p2|\n|inactive|BigSketch0 has 15 seconds left.\n|\n|t:|1776156820\n|switch|p1b: Incineroar|Incineroar, L50, F|100/100\n|-ability|p1b: Incineroar|Intimidate|boost\n|-unboost|p2a: Clefable|atk|1\n|-unboost|p2b: Gyarados|atk|1\n|move|p2b: Gyarados|Waterfall|p1b: Incineroar\n|-supereffective|p1b: Incineroar|1\n|-damage|p1b: Incineroar|61/100\n|move|p2a: Clefable|Draining Kiss|p1a: Hatterene\n|-damage|p1a: Hatterene|57/100 par\n|-heal|p2a: Clefable|73/100|[from] drain|[of] p1a: Hatterene\n|move|p1a: Hatterene|Trick Room|p1a: Hatterene\n|-fieldstart|move: Trick Room|[of] p1a: Hatterene\n|\n|-weather|none\n|-heal|p2a: Clefable|79/100|[from] item: Leftovers\n|upkeep\n|turn|8\n|j|\u2606XtinguisheD\n|inactive|XtinguisheD reconnected and has 45 seconds left.\n|player|p2|XtinguisheD|cheren|\n|inactive|BigSketch0 has 30 seconds left.\n|inactive|BigSketch0 has 20 seconds left.\n|inactive|BigSketch0 has 15 seconds left.\n|inactive|XtinguisheD has 30 seconds left.\n|\n|t:|1776156862\n|move|p2b: Gyarados|Protect|p2b: Gyarados\n|-singleturn|p2b: Gyarados|Protect\n|move|p1b: Incineroar|Fake Out|p2a: Clefable\n|-damage|p2a: Clefable|66/100\n|move|p1a: Hatterene|Skill Swap|p1b: Incineroar\n|-activate|p1a: Hatterene|Skill Swap|||[of] p1b: Incineroar\n|-weather|SunnyDay|[from] ability: Drought|[of] p1b: Incineroar\n|-ability|p1a: Hatterene|Intimidate|boost\n|-unboost|p2a: Clefable|atk|1\n|-unboost|p2b: Gyarados|atk|1\n|cant|p2a: Clefable|flinch\n|\n|-weather|SunnyDay|[upkeep]\n|-heal|p2a: Clefable|72/100|[from] item: Leftovers\n|upkeep\n|turn|9\n|inactive|BigSketch0 has 30 seconds left.\n|\n|t:|1776156888\n|switch|p2b: Delphox|Delphox, L50, M, shiny|100/100\n|move|p1b: Incineroar|Protect|p1b: Incineroar\n|-singleturn|p1b: Incineroar|Protect\n|cant|p1a: Hatterene|par\n|move|p2a: Clefable|Draining Kiss|p1b: Incineroar\n|-activate|p1b: Incineroar|move: Protect\n|\n|-weather|SunnyDay|[upkeep]\n|-heal|p2a: Clefable|78/100|[from] item: Leftovers\n|upkeep\n|turn|10\n|\n|t:|1776156909\n|move|p1a: Hatterene|Dazzling Gleam|p2b: Delphox|[spread] p2a,p2b\n|-resisted|p2b: Delphox|1\n|-damage|p2a: Clefable|65/100\n|-damage|p2b: Delphox|85/100\n|move|p1b: Incineroar|Darkest Lariat|p2b: Delphox\n|-supereffective|p2b: Delphox|1\n|-damage|p2b: Delphox|0 fnt\n|faint|p2b: Delphox\n|move|p2a: Clefable|Draining Kiss|p1b: Incineroar\n|-damage|p1b: Incineroar|33/100\n|-heal|p2a: Clefable|84/100|[from] drain|[of] p1b: Incineroar\n|\n|-weather|SunnyDay|[upkeep]\n|-heal|p2a: Clefable|90/100|[from] item: Leftovers\n|upkeep\n|\n|t:|1776156922\n|switch|p2b: Gyarados|Gyarados-Mega, L50, M, shiny|100/100\n|-ability|p2b: Gyarados|Mold Breaker\n|turn|11\n|\n|t:|1776156933\n|move|p1b: Incineroar|Protect|p1b: Incineroar\n|-singleturn|p1b: Incineroar|Protect\n|move|p2b: Gyarados|Protect|p2b: Gyarados\n|-singleturn|p2b: Gyarados|Protect\n|move|p1a: Hatterene|Dazzling Gleam|p2b: Gyarados|[spread] p2a\n|-activate|p2b: Gyarados|move: Protect\n|-damage|p2a: Clefable|78/100\n|move|p2a: Clefable|Calm Mind|p2a: Clefable\n|-boost|p2a: Clefable|spa|1\n|-boost|p2a: Clefable|spd|1\n|\n|-weather|SunnyDay|[upkeep]\n|-heal|p2a: Clefable|84/100|[from] item: Leftovers\n|-fieldend|move: Trick Room\n|upkeep\n|turn|12\n|\n|t:|1776156955\n|move|p2b: Gyarados|Waterfall|p1a: Hatterene\n|-damage|p1a: Hatterene|32/100 par\n|move|p2a: Clefable|Draining Kiss|p1b: Incineroar\n|-damage|p1b: Incineroar|0 fnt\n|-heal|p2a: Clefable|100/100|[from] drain|[of] p1b: Incineroar\n|faint|p1b: Incineroar\n|cant|p1a: Hatterene|flinch\n|\n|-weather|none\n|upkeep\n|\n|t:|1776156971\n|switch|p1b: Torkoal|Torkoal, L50, F|67/100\n|-weather|SunnyDay|[from] ability: Drought|[of] p1b: Torkoal\n|turn|13\n|inactive|BigSketch0 has 30 seconds left.\n|\n|t:|1776156997\n|switch|p1a: Clefable|Clefable, L50, F|100/100\n|move|p1b: Torkoal|Protect|p1b: Torkoal\n|-singleturn|p1b: Torkoal|Protect\n|move|p2b: Gyarados|Waterfall|p1b: Torkoal\n|-activate|p1b: Torkoal|move: Protect\n|move|p2a: Clefable|Draining Kiss|p1a: Clefable\n|-damage|p1a: Clefable|81/100\n|\n|-weather|SunnyDay|[upkeep]\n|upkeep\n|turn|14\n|inactive|BigSketch0 has 30 seconds left.\n|inactive|BigSketch0 has 20 seconds left.\n|inactive|BigSketch0 has 15 seconds left.\n|\n|t:|1776157042\n|detailschange|p1a: Clefable|Clefable-Mega, L50, F\n|-mega|p1a: Clefable|Clefable|Clefablite\n|move|p1b: Torkoal|Protect||[still]\n|-fail|p1b: Torkoal\n|move|p2b: Gyarados|Waterfall|p1b: Torkoal\n|-supereffective|p1b: Torkoal|1\n|-damage|p1b: Torkoal|25/100\n|move|p1a: Clefable|Dazzling Gleam|p2b: Gyarados|[spread] p2a,p2b\n|-supereffective|p2b: Gyarados|1\n|-damage|p2a: Clefable|91/100\n|-damage|p2b: Gyarados|62/100\n|move|p2a: Clefable|Calm Mind|p2a: Clefable\n|-boost|p2a: Clefable|spa|1\n|-boost|p2a: Clefable|spd|1\n|\n|-weather|SunnyDay|[upkeep]\n|-heal|p2a: Clefable|97/100|[from] item: Leftovers\n|upkeep\n|turn|15\n|inactive|BigSketch0 has 15 seconds left this turn.\n|inactive|BigSketch0 has 10 seconds left.\n|inactive|BigSketch0 has 5 seconds left.\n|-message|BigSketch0 lost due to inactivity.\n|\n|win|XtinguisheD\n|raw|BigSketch0's rating: 1066 &rarr; <strong>1046</strong><br />(-20 for losing)\n|raw|XtinguisheD's rating: 1070 &rarr; <strong>1099</strong><br />(+29 for winning)\n|l|\u2606BigSketch0\n|player|p1|\n",
  "uploadtime": 1776157069,
  "views": 19,
  "formatid": "gen9championsvgc2026regma",
  "rating": 1046,
  "private": 0,
  "password": null
}