{
  "id": "gen9championsvgc2026regma-2584471289",
  "format": "[Gen 9 Champions] VGC 2026 Reg M-A",
  "players": [
    "heroplayer2026",
    "aigissimp"
  ],
  "log": "|j|\u2606heroplayer2026\n|j|\u2606aigissimp\n|t:|1776263096\n|gametype|doubles\n|player|p1|heroplayer2026|fisherman-gen4|1148\n|player|p2|aigissimp|caitlin|1104\n|gen|9\n|tier|[Gen 9 Champions] VGC 2026 Reg M-A\n|rated|\n|rule|Species Clause: Limit one of each Pok\u00e9mon\n|rule|Item Clause: Limit 1 of each item\n|clearpoke\n|poke|p1|Torkoal, L50, F|\n|poke|p1|Incineroar, L50, M|\n|poke|p1|Farigiraf, L50, M|\n|poke|p1|Golurk, L50|\n|poke|p1|Conkeldurr, L50, F|\n|poke|p1|Garchomp, L50, F|\n|poke|p2|Tyranitar, L50, M|\n|poke|p2|Excadrill, L50, F|\n|poke|p2|Meganium, L50, F|\n|poke|p2|Incineroar, L50, F|\n|poke|p2|Aegislash, L50, M|\n|poke|p2|Whimsicott, L50, F|\n|teampreview|4\n|inactive|Battle timer is ON: inactive players will automatically lose when time's up. (requested by heroplayer2026)\n|\n|t:|1776263128\n|teamsize|p1|4\n|teamsize|p2|4\n|start\n|switch|p1a: Farigiraf|Farigiraf, L50, M|100/100\n|switch|p1b: Conkeldurr|Conkeldurr, L50, F|100/100\n|switch|p2a: Whimsicott|Whimsicott, L50, F|100/100\n|switch|p2b: Incineroar|Incineroar, L50, F|100/100\n|-ability|p2b: Incineroar|Intimidate|boost\n|-unboost|p1a: Farigiraf|atk|1\n|-unboost|p1b: Conkeldurr|atk|1\n|turn|1\n|inactive|aigissimp has 30 seconds left.\n|inactive|aigissimp has 20 seconds left.\n|inactive|aigissimp has 15 seconds left.\n|inactive|aigissimp has 10 seconds left.\n|inactive|aigissimp has 5 seconds left.\n|\n|t:|1776263180\n|move|p2b: Incineroar|Protect|p2b: Incineroar\n|-singleturn|p2b: Incineroar|Protect\n|move|p2a: Whimsicott|Moonblast|p1b: Conkeldurr\n|-supereffective|p1b: Conkeldurr|1\n|-damage|p1b: Conkeldurr|23/100\n|-unboost|p1b: Conkeldurr|spa|1\n|move|p1b: Conkeldurr|Drain Punch|p2b: Incineroar\n|-activate|p2b: Incineroar|move: Protect\n|move|p1a: Farigiraf|Trick Room|p1a: Farigiraf\n|-fieldstart|move: Trick Room|[of] p1a: Farigiraf\n|\n|-heal|p1b: Conkeldurr|29/100|[from] item: Leftovers\n|upkeep\n|turn|2\n|\n|t:|1776263198\n|move|p1a: Farigiraf|Helping Hand|p1b: Conkeldurr\n|-singleturn|p1b: Conkeldurr|Helping Hand|[of] p1a: Farigiraf\n|move|p2a: Whimsicott|Encore||[still]\n|cant|p1a: Farigiraf|ability: Armor Tail|Encore|[of] p2a: Whimsicott\n|move|p1b: Conkeldurr|Ice Punch|p2a: Whimsicott\n|-supereffective|p2a: Whimsicott|1\n|-damage|p2a: Whimsicott|11/100\n|move|p2b: Incineroar|Flare Blitz|p1b: Conkeldurr\n|-crit|p1b: Conkeldurr\n|-damage|p1b: Conkeldurr|0 fnt\n|faint|p1b: Conkeldurr\n|-damage|p2b: Incineroar|91/100|[from] Recoil\n|\n|upkeep\n|\n|t:|1776263205\n|switch|p1b: Torkoal|Torkoal, L50, F|100/100\n|-weather|SunnyDay|[from] ability: Drought|[of] p1b: Torkoal\n|turn|3\n|\n|t:|1776263222\n|switch|p2a: Tyranitar|Tyranitar, L50, M|100/100\n|-weather|Sandstorm|[from] ability: Sand Stream|[of] p2a: Tyranitar\n|move|p1a: Farigiraf|Helping Hand|p1b: Torkoal\n|-singleturn|p1b: Torkoal|Helping Hand|[of] p1a: Farigiraf\n|move|p1b: Torkoal|Eruption|p2a: Tyranitar|[spread] p2a,p2b\n|-resisted|p2a: Tyranitar|1\n|-resisted|p2b: Incineroar|1\n|-damage|p2a: Tyranitar|78/100\n|-damage|p2b: Incineroar|61/100\n|move|p2b: Incineroar|Parting Shot|p1b: Torkoal\n|-unboost|p1b: Torkoal|atk|1\n|-unboost|p1b: Torkoal|spa|1\n|\n|t:|1776263234\n|switch|p2b: Excadrill|Excadrill, L50, F|100/100|[from] Parting Shot\n|\n|-weather|Sandstorm|[upkeep]\n|-damage|p1b: Torkoal|94/100|[from] Sandstorm\n|-damage|p1a: Farigiraf|94/100|[from] Sandstorm\n|upkeep\n|turn|4\n|\n|t:|1776263249\n|switch|p1b: Golurk|Golurk, L50|100/100\n|move|p1a: Farigiraf|Hyper Voice|p2b: Excadrill|[spread] p2a,p2b\n|-resisted|p2a: Tyranitar|1\n|-resisted|p2b: Excadrill|1\n|-damage|p2a: Tyranitar|72/100\n|-damage|p2b: Excadrill|83/100\n|move|p2a: Tyranitar|Knock Off|p1a: Farigiraf\n|-supereffective|p1a: Farigiraf|1\n|-damage|p1a: Farigiraf|12/100\n|-enditem|p1a: Farigiraf|Mental Herb|[from] move: Knock Off|[of] p2a: Tyranitar\n|move|p2b: Excadrill|High Horsepower|p1b: Golurk\n|-damage|p1b: Golurk|42/100\n|\n|-weather|Sandstorm|[upkeep]\n|-damage|p1a: Farigiraf|6/100|[from] Sandstorm\n|upkeep\n|turn|5\n|\n|t:|1776263267\n|detailschange|p1b: Golurk|Golurk-Mega, L50\n|-mega|p1b: Golurk|Golurk|Golurkite\n|move|p1a: Farigiraf|Helping Hand|p1b: Golurk\n|-singleturn|p1b: Golurk|Helping Hand|[of] p1a: Farigiraf\n|move|p2a: Tyranitar|Protect|p2a: Tyranitar\n|-singleturn|p2a: Tyranitar|Protect\n|move|p2b: Excadrill|Protect|p2b: Excadrill\n|-singleturn|p2b: Excadrill|Protect\n|move|p1b: Golurk|Drain Punch|p2a: Tyranitar\n|-supereffective|p2a: Tyranitar|2\n|-ability|p1b: Golurk|Unseen Fist\n|-zbroken|p2a: Tyranitar\n|-damage|p2a: Tyranitar|33/100\n|-heal|p1b: Golurk|62/100|[from] drain|[of] p2a: Tyranitar\n|\n|-weather|Sandstorm|[upkeep]\n|-damage|p1a: Farigiraf|0 fnt|[from] Sandstorm\n|faint|p1a: Farigiraf\n|-fieldend|move: Trick Room\n|upkeep\n|\n|t:|1776263275\n|switch|p1a: Torkoal|Torkoal, L50, F|94/100\n|-weather|SunnyDay|[from] ability: Drought|[of] p1a: Torkoal\n|turn|6\n|\n|t:|1776263294\n|detailschange|p2a: Tyranitar|Tyranitar-Mega, L50, M\n|-mega|p2a: Tyranitar|Tyranitar|Tyranitarite\n|-weather|Sandstorm|[from] ability: Sand Stream|[of] p2a: Tyranitar\n|move|p2b: Excadrill|High Horsepower|p1a: Torkoal\n|-supereffective|p1a: Torkoal|1\n|-crit|p1a: Torkoal\n|-damage|p1a: Torkoal|0 fnt\n|faint|p1a: Torkoal\n|move|p2a: Tyranitar|Rock Slide|p1b: Golurk\n|-resisted|p1b: Golurk|1\n|-damage|p1b: Golurk|42/100\n|move|p1b: Golurk|Drain Punch|p2a: Tyranitar\n|-supereffective|p2a: Tyranitar|2\n|-damage|p2a: Tyranitar|0 fnt\n|-heal|p1b: Golurk|59/100|[from] drain|[of] p2a: Tyranitar\n|faint|p2a: Tyranitar\n|\n|-weather|Sandstorm|[upkeep]\n|upkeep\n|c|\u2606aigissimp|the crit of a lifetime\n|\n|t:|1776263313\n|switch|p2a: Whimsicott|Whimsicott, L50, F|11/100\n|turn|7\n|\n|t:|1776263327\n|move|p2b: Excadrill|Iron Head|p1b: Golurk\n|-damage|p1b: Golurk|18/100\n|move|p2a: Whimsicott|Moonblast|p1b: Golurk\n|-damage|p1b: Golurk|0 fnt\n|faint|p1b: Golurk\n|\n|win|aigissimp\n|raw|heroplayer2026's rating: 1148 &rarr; <strong>1120</strong><br />(-28 for losing)\n|raw|aigissimp's rating: 1104 &rarr; <strong>1132</strong><br />(+28 for winning)\n",
  "uploadtime": 1776263334,
  "views": 27,
  "formatid": "gen9championsvgc2026regma",
  "rating": 1120,
  "private": 0,
  "password": null
}