{
  "id": "gen9championsvgc2026regma-2586490795",
  "format": "[Gen 9 Champions] VGC 2026 Reg M-A",
  "players": [
    "TheBallistic1",
    "Jinxed_lll"
  ],
  "log": "|j|\u2606TheBallistic1\n|j|\u2606Jinxed_lll\n|t:|1776438321\n|gametype|doubles\n|player|p1|TheBallistic1|colress|1081\n|player|p2|Jinxed_lll|lady-gen4|1173\n|gen|9\n|tier|[Gen 9 Champions] VGC 2026 Reg M-A\n|rated|\n|rule|Species Clause: Limit one of each Pok\u00e9mon\n|rule|Item Clause: Limit 1 of each item\n|clearpoke\n|poke|p1|Tyranitar, L50, M|\n|poke|p1|Excadrill, L50, M|\n|poke|p1|Starmie, L50|\n|poke|p1|Garchomp, L50, F|\n|poke|p1|Rotom-Wash, L50|\n|poke|p1|Orthworm, L50, M|\n|poke|p2|Blastoise, L50, M|\n|poke|p2|Pelipper, L50, F|\n|poke|p2|Sneasler, L50, F|\n|poke|p2|Basculegion, L50, M|\n|poke|p2|Farigiraf, L50, F|\n|poke|p2|Sinistcha, L50|\n|teampreview|4\n|\n|t:|1776438371\n|teamsize|p1|4\n|teamsize|p2|4\n|start\n|switch|p1a: Rotom|Rotom-Wash, L50|100/100\n|switch|p1b: Orthworm|Orthworm, L50, M|100/100\n|switch|p2a: Utahime|Farigiraf, L50, F, shiny|100/100\n|switch|p2b: Yuji|Sneasler, L50, F|100/100\n|turn|1\n|\n|t:|1776438391\n|move|p2b: Yuji|Close Combat|p1b: Orthworm\n|-supereffective|p1b: Orthworm|1\n|-damage|p1b: Orthworm|21/100\n|-unboost|p2b: Yuji|def|1\n|-unboost|p2b: Yuji|spd|1\n|-enditem|p1b: Orthworm|Sitrus Berry|[eat]\n|-heal|p1b: Orthworm|46/100|[from] item: Sitrus Berry\n|-enditem|p2b: Yuji|White Herb\n|-clearnegativeboost|p2b: Yuji|[silent]\n|move|p1a: Rotom|Thunderbolt|p2b: Yuji\n|-damage|p2b: Yuji|48/100\n|move|p2a: Utahime|Calm Mind|p2a: Utahime\n|-boost|p2a: Utahime|spa|1\n|-boost|p2a: Utahime|spd|1\n|move|p1b: Orthworm|Shed Tail|p1b: Orthworm\n|-fail|p1b: Orthworm|move: Shed Tail|[weak]\n|\n|upkeep\n|turn|2\n|\n|t:|1776438430\n|move|p1b: Orthworm|Protect|p1b: Orthworm\n|-singleturn|p1b: Orthworm|Protect\n|move|p2b: Yuji|Close Combat|p1b: Orthworm\n|-activate|p1b: Orthworm|move: Protect\n|move|p1a: Rotom|Thunderbolt|p2b: Yuji\n|-damage|p2b: Yuji|0 fnt\n|faint|p2b: Yuji\n|move|p2a: Utahime|Calm Mind|p2a: Utahime\n|-boost|p2a: Utahime|spa|1\n|-boost|p2a: Utahime|spd|1\n|\n|upkeep\n|\n|t:|1776438434\n|switch|p2b: Crow no.43|Pelipper, L50, F, shiny|100/100\n|-weather|RainDance|[from] ability: Drizzle|[of] p2b: Crow no.43\n|turn|3\n|\n|t:|1776438444\n|switch|p1a: Tyranitar|Tyranitar, L50, M|100/100\n|-weather|Sandstorm|[from] ability: Sand Stream|[of] p1a: Tyranitar\n|move|p2b: Crow no.43|Protect|p2b: Crow no.43\n|-singleturn|p2b: Crow no.43|Protect\n|move|p2a: Utahime|Baton Pass|p2a: Utahime\n|\n|t:|1776438452\n|switch|p2a: Jane Julliet|Blastoise, L50, M|100/100|[from] Baton Pass\n|move|p1b: Orthworm|Body Press|p2a: Jane Julliet\n|-damage|p2a: Jane Julliet|70/100\n|\n|-weather|Sandstorm|[upkeep]\n|-damage|p2a: Jane Julliet|64/100|[from] Sandstorm\n|-damage|p2b: Crow no.43|94/100|[from] Sandstorm\n|upkeep\n|turn|4\n|inactive|Battle timer is ON: inactive players will automatically lose when time's up. (requested by Jinxed_lll)\n|\n|t:|1776438477\n|switch|p2b: Utahime|Farigiraf, L50, F, shiny|100/100\n|move|p2a: Jane Julliet|Protect|p2a: Jane Julliet\n|-singleturn|p2a: Jane Julliet|Protect\n|move|p1a: Tyranitar|Rock Slide|p2a: Jane Julliet|[spread] p2b\n|-activate|p2a: Jane Julliet|move: Protect\n|-damage|p2b: Utahime|75/100\n|move|p1b: Orthworm|Body Press|p2a: Jane Julliet\n|-activate|p2a: Jane Julliet|move: Protect\n|\n|-weather|Sandstorm|[upkeep]\n|-damage|p2a: Jane Julliet|58/100|[from] Sandstorm\n|-damage|p2b: Utahime|69/100|[from] Sandstorm\n|-heal|p2b: Utahime|75/100|[from] item: Leftovers\n|upkeep\n|turn|5\n|\n|t:|1776438487\n|switch|p2b: Crow no.43|Pelipper, L50, F, shiny|94/100\n|-weather|RainDance|[from] ability: Drizzle|[of] p2b: Crow no.43\n|switch|p1b: Rotom|Rotom-Wash, L50|100/100\n|detailschange|p2a: Jane Julliet|Blastoise-Mega, L50, M\n|-mega|p2a: Jane Julliet|Blastoise|Blastoisinite\n|move|p1a: Tyranitar|Rock Slide|p2b: Crow no.43|[spread] p2a,p2b\n|-supereffective|p2b: Crow no.43|1\n|-damage|p2a: Jane Julliet|36/100\n|-damage|p2b: Crow no.43|37/100\n|move|p2a: Jane Julliet|Water Pulse|p1a: Tyranitar\n|-supereffective|p1a: Tyranitar|1\n|-damage|p1a: Tyranitar|0 fnt\n|faint|p1a: Tyranitar\n|\n|-weather|RainDance|[upkeep]\n|upkeep\n|\n|t:|1776438497\n|switch|p1a: Starmie|Starmie, L50|100/100\n|turn|6\n|\n|t:|1776438510\n|detailschange|p1a: Starmie|Starmie-Mega, L50\n|-mega|p1a: Starmie|Starmie|Starminite\n|move|p2a: Jane Julliet|Protect|p2a: Jane Julliet\n|-singleturn|p2a: Jane Julliet|Protect\n|move|p1a: Starmie|Zen Headbutt|p2b: Crow no.43\n|-damage|p2b: Crow no.43|0 fnt\n|faint|p2b: Crow no.43\n|move|p1b: Rotom|Thunderbolt|p2a: Jane Julliet\n|-activate|p2a: Jane Julliet|move: Protect\n|\n|-weather|RainDance|[upkeep]\n|upkeep\n|\n|t:|1776438517\n|switch|p2b: Utahime|Farigiraf, L50, F, shiny|75/100\n|turn|7\n|\n|t:|1776438536\n|move|p2a: Jane Julliet|Protect||[still]\n|-fail|p2a: Jane Julliet\n|move|p1a: Starmie|Liquidation|p2b: Utahime\n|-damage|p2b: Utahime|0 fnt\n|faint|p2b: Utahime\n|move|p1b: Rotom|Thunderbolt|p2a: Jane Julliet\n|-supereffective|p2a: Jane Julliet|1\n|-damage|p2a: Jane Julliet|0 fnt\n|faint|p2a: Jane Julliet\n|\n|win|TheBallistic1\n|raw|TheBallistic1's rating: 1081 &rarr; <strong>1116</strong><br />(+35 for winning)\n|raw|Jinxed_lll's rating: 1173 &rarr; <strong>1142</strong><br />(-31 for losing)\n|l|\u2606Jinxed_lll\n|player|p2|\n",
  "uploadtime": 1776438546,
  "views": 26,
  "formatid": "gen9championsvgc2026regma",
  "rating": 1116,
  "private": 0,
  "password": null
}