{
  "id": "gen9championsvgc2026regma-2585070408",
  "format": "[Gen 9 Champions] VGC 2026 Reg M-A",
  "players": [
    "renatogaucho",
    "cloudyday1222"
  ],
  "log": "|j|\u2606renatogaucho\n|j|\u2606cloudyday1222\n|t:|1776308704\n|gametype|doubles\n|player|p1|renatogaucho|rosa|1000\n|player|p2|cloudyday1222|169|1076\n|gen|9\n|tier|[Gen 9 Champions] VGC 2026 Reg M-A\n|rated|\n|rule|Species Clause: Limit one of each Pok\u00e9mon\n|rule|Item Clause: Limit 1 of each item\n|clearpoke\n|poke|p1|Oranguru, L50, F|\n|poke|p1|Torkoal, L50, F|\n|poke|p1|Typhlosion-Hisui, L50, F|\n|poke|p1|Scovillain, L50, M|\n|poke|p1|Tauros-Paldea-Aqua, L50, M|\n|poke|p1|Sylveon, L50, F|\n|poke|p2|Emboar, L50, F|\n|poke|p2|Krookodile, L50, F|\n|poke|p2|Tsareena, L50, F|\n|poke|p2|Talonflame, L50, M|\n|poke|p2|Kangaskhan, L50, F|\n|poke|p2|Rotom-Wash, L50|\n|teampreview|4\n|inactive|Battle timer is ON: inactive players will automatically lose when time's up. (requested by renatogaucho)\n|inactive|renatogaucho has 60 seconds left.\n|inactive|cloudyday1222 has 60 seconds left.\n|\n|t:|1776308760\n|teamsize|p1|4\n|teamsize|p2|4\n|start\n|switch|p1a: Oranguru|Oranguru, L50, F|100/100\n|switch|p1b: Torkoal|Torkoal, L50, F|100/100\n|switch|p2a: Emboar|Emboar, L50, F|100/100\n|switch|p2b: Tsareena|Tsareena, L50, F|100/100\n|-weather|SunnyDay|[from] ability: Drought|[of] p1b: Torkoal\n|turn|1\n|inactive|renatogaucho has 30 seconds left.\n|inactive|cloudyday1222 has 30 seconds left.\n|inactive|renatogaucho has 20 seconds left.\n|inactive|cloudyday1222 has 20 seconds left.\n|\n|t:|1776308800\n|switch|p1b: Tauros|Tauros-Paldea-Aqua, L50, M|100/100\n|-ability|p1b: Tauros|Intimidate|boost\n|-unboost|p2a: Emboar|atk|1\n|-unboost|p2b: Tsareena|atk|1\n|detailschange|p2a: Emboar|Emboar-Mega, L50, F\n|-mega|p2a: Emboar|Emboar|Emboarite\n|-ability|p2a: Emboar|Mold Breaker\n|move|p2b: Tsareena|Taunt|p1a: Oranguru\n|-start|p1a: Oranguru|move: Taunt\n|-enditem|p1a: Oranguru|Mental Herb\n|-end|p1a: Oranguru|move: Taunt\n|move|p2a: Emboar|Rock Slide|p1a: Oranguru|[spread] p1a,p1b\n|-resisted|p1b: Tauros|1\n|-damage|p1a: Oranguru|88/100\n|-damage|p1b: Tauros|92/100\n|cant|p1a: Oranguru|flinch\n|\n|-weather|SunnyDay|[upkeep]\n|upkeep\n|turn|2\n|inactive|renatogaucho has 30 seconds left.\n|\n|t:|1776308828\n|move|p2a: Emboar|Protect|p2a: Emboar\n|-singleturn|p2a: Emboar|Protect\n|move|p1b: Tauros|High Horsepower|p2a: Emboar\n|-activate|p2a: Emboar|move: Protect\n|move|p2b: Tsareena|Taunt|p1a: Oranguru\n|-start|p1a: Oranguru|move: Taunt\n|cant|p1a: Oranguru|move: Taunt|Trick Room\n|\n|-weather|SunnyDay|[upkeep]\n|upkeep\n|turn|3\n|inactive|cloudyday1222 has 30 seconds left.\n|inactive|cloudyday1222 has 20 seconds left.\n|inactive|cloudyday1222 has 15 seconds left.\n|inactive|cloudyday1222 has 10 seconds left.\n|\n|t:|1776308874\n|switch|p2a: Talonflame|Talonflame, L50, M|100/100\n|move|p1b: Tauros|Rock Slide|p2a: Talonflame|[spread] p2a,p2b\n|-supereffective|p2a: Talonflame|2\n|-damage|p2a: Talonflame|0 fnt\n|-damage|p2b: Tsareena|81/100\n|faint|p2a: Talonflame\n|move|p2b: Tsareena|Trop Kick|p1b: Tauros\n|-supereffective|p1b: Tauros|1\n|-crit|p1b: Tauros\n|-damage|p1b: Tauros|0 fnt\n|faint|p1b: Tauros\n|move|p1a: Oranguru|Thunderbolt|p2b: Tsareena\n|-resisted|p2b: Tsareena|1\n|-damage|p2b: Tsareena|69/100\n|-status|p2b: Tsareena|par\n|\n|-weather|SunnyDay|[upkeep]\n|upkeep\n|inactive|renatogaucho has 30 seconds left.\n|\n|t:|1776308900\n|switch|p2a: Emboar|Emboar-Mega, L50, F|100/100\n|switch|p1b: Torkoal|Torkoal, L50, F|100/100\n|-ability|p2a: Emboar|Mold Breaker\n|turn|4\n|\n|t:|1776308914\n|move|p2a: Emboar|Rock Slide|p1a: Oranguru|[spread] p1a,p1b\n|-supereffective|p1b: Torkoal|1\n|-damage|p1a: Oranguru|71/100\n|-damage|p1b: Torkoal|67/100\n|move|p1a: Oranguru|Thunderbolt|p2a: Emboar\n|-damage|p2a: Emboar|86/100\n|move|p2b: Tsareena|Trop Kick|p1a: Oranguru\n|-damage|p1a: Oranguru|49/100\n|-unboost|p1a: Oranguru|atk|1\n|move|p1b: Torkoal|Yawn|p2a: Emboar\n|-start|p2a: Emboar|move: Yawn|[of] p1b: Torkoal\n|\n|-weather|SunnyDay|[upkeep]\n|-end|p1a: Oranguru|move: Taunt\n|upkeep\n|turn|5\n|\n|t:|1776308933\n|switch|p2a: Krookodile|Krookodile, L50, F|100/100\n|-ability|p2a: Krookodile|Intimidate|boost\n|-unboost|p1a: Oranguru|atk|1\n|-unboost|p1b: Torkoal|atk|1\n|switch|p1a: Sylveon|Sylveon, L50, F|100/100\n|move|p2b: Tsareena|Protect|p2b: Tsareena\n|-singleturn|p2b: Tsareena|Protect\n|move|p1b: Torkoal|Heat Wave|p2a: Krookodile|[spread] p2a\n|-activate|p2b: Tsareena|move: Protect\n|-damage|p2a: Krookodile|23/100\n|-status|p2a: Krookodile|brn\n|\n|-weather|none\n|-damage|p2a: Krookodile|17/100 brn|[from] brn\n|upkeep\n|turn|6\n|\n|t:|1776308954\n|move|p2a: Krookodile|Rock Slide|p1a: Sylveon|[spread] p1a\n|-miss|p2a: Krookodile|p1b: Torkoal\n|-damage|p1a: Sylveon|89/100\n|move|p1a: Sylveon|Hyper Voice|p2a: Krookodile|[spread] p2a,p2b\n|-supereffective|p2a: Krookodile|1\n|-damage|p2a: Krookodile|0 fnt\n|-damage|p2b: Tsareena|3/100 par\n|faint|p2a: Krookodile\n|move|p2b: Tsareena|Trop Kick|p1a: Sylveon\n|-crit|p1a: Sylveon\n|-damage|p1a: Sylveon|17/100\n|-unboost|p1a: Sylveon|atk|1\n|move|p1b: Torkoal|Heat Wave|p2b: Tsareena\n|-supereffective|p2b: Tsareena|1\n|-damage|p2b: Tsareena|0 fnt\n|faint|p2b: Tsareena\n|\n|upkeep\n|\n|t:|1776308968\n|switch|p2a: Emboar|Emboar-Mega, L50, F|86/100\n|-ability|p2a: Emboar|Mold Breaker\n|turn|7\n|\n|t:|1776308977\n|move|p1a: Sylveon|Protect|p1a: Sylveon\n|-singleturn|p1a: Sylveon|Protect\n|move|p2a: Emboar|Rock Slide|p1a: Sylveon|[spread] p1b\n|-activate|p1a: Sylveon|move: Protect\n|-supereffective|p1b: Torkoal|1\n|-damage|p1b: Torkoal|30/100\n|move|p1b: Torkoal|Yawn|p2a: Emboar\n|-start|p2a: Emboar|move: Yawn|[of] p1b: Torkoal\n|\n|upkeep\n|turn|8\n|\n|t:|1776308993\n|move|p1a: Sylveon|Protect||[still]\n|-fail|p1a: Sylveon\n|move|p1b: Torkoal|Protect|p1b: Torkoal\n|-singleturn|p1b: Torkoal|Protect\n|move|p2a: Emboar|Rock Slide|p1a: Sylveon|[spread] p1a\n|-activate|p1b: Torkoal|move: Protect\n|-damage|p1a: Sylveon|0 fnt\n|faint|p1a: Sylveon\n|\n|-end|p2a: Emboar|move: Yawn|[silent]\n|-status|p2a: Emboar|slp\n|upkeep\n|\n|t:|1776309004\n|switch|p1a: Oranguru|Oranguru, L50, F|49/100\n|turn|9\n|\n|t:|1776309017\n|cant|p2a: Emboar|slp\n|move|p1b: Torkoal|Heat Wave|p2a: Emboar\n|-resisted|p2a: Emboar|1\n|-damage|p2a: Emboar|67/100 slp\n|move|p1a: Oranguru|Trick Room|p1a: Oranguru\n|-fieldstart|move: Trick Room|[of] p1a: Oranguru\n|\n|upkeep\n|turn|10\n|\n|t:|1776309030\n|move|p1b: Torkoal|Heat Wave|p2a: Emboar\n|-resisted|p2a: Emboar|1\n|-damage|p2a: Emboar|48/100 slp\n|move|p1a: Oranguru|Thunderbolt|p2a: Emboar\n|-damage|p2a: Emboar|34/100 slp\n|cant|p2a: Emboar|slp\n|\n|upkeep\n|turn|11\n|\n|t:|1776309048\n|move|p1b: Torkoal|Heat Wave|p2a: Emboar\n|-resisted|p2a: Emboar|1\n|-damage|p2a: Emboar|17/100 slp\n|move|p1a: Oranguru|Instruct|p1b: Torkoal\n|-singleturn|p1b: Torkoal|move: Instruct|[of] p1a: Oranguru\n|move|p1b: Torkoal|Heat Wave|p2a: Emboar\n|-resisted|p2a: Emboar|1\n|-damage|p2a: Emboar|0 fnt\n|faint|p2a: Emboar\n|\n|win|renatogaucho\n|raw|renatogaucho's rating: 1000 &rarr; <strong>1049</strong><br />(+49 for winning)\n|raw|cloudyday1222's rating: 1076 &rarr; <strong>1050</strong><br />(-26 for losing)\n|l|\u2606cloudyday1222\n|player|p2|\n",
  "uploadtime": 1776309061,
  "views": 26,
  "formatid": "gen9championsvgc2026regma",
  "rating": 1049,
  "private": 0,
  "password": null
}