{
  "id": "gen9championsvgc2026regma-2585592251",
  "format": "[Gen 9 Champions] VGC 2026 Reg M-A",
  "players": [
    "scottyylmao",
    "Quyt_DZ"
  ],
  "log": "|j|\u2606scottyylmao\n|j|\u2606Quyt_DZ\n|t:|1776357591\n|gametype|doubles\n|player|p1|scottyylmao|caitlin|1263\n|player|p2|Quyt_DZ|worker-gen4|1352\n|gen|9\n|tier|[Gen 9 Champions] VGC 2026 Reg M-A\n|rated|\n|rule|Species Clause: Limit one of each Pok\u00e9mon\n|rule|Item Clause: Limit 1 of each item\n|clearpoke\n|poke|p1|Greninja-*, L50, F|\n|poke|p1|Talonflame, L50, M|\n|poke|p1|Sinistcha, L50|\n|poke|p1|Gallade, L50, M|\n|poke|p1|Empoleon, L50, M|\n|poke|p1|Sableye, L50, M|\n|poke|p2|Tyranitar, L50, F|\n|poke|p2|Excadrill, L50, M|\n|poke|p2|Milotic, L50, F|\n|poke|p2|Rotom-Wash, L50|\n|poke|p2|Garchomp, L50, M|\n|poke|p2|Gengar, L50, M|\n|teampreview|4\n|\n|t:|1776357638\n|teamsize|p1|4\n|teamsize|p2|4\n|start\n|switch|p1a: Sableye|Sableye, L50, M|100/100\n|switch|p1b: Greninja|Greninja, L50, F|100/100\n|switch|p2a: Garchomp|Garchomp, L50, M, shiny|100/100\n|switch|p2b: Gengar|Gengar, L50, M, shiny|100/100\n|turn|1\n|\n|t:|1776357653\n|detailschange|p1b: Greninja|Greninja-Mega, L50, F\n|-mega|p1b: Greninja|Greninja|Greninjite\n|detailschange|p2b: Gengar|Gengar-Mega, L50, M, shiny\n|-mega|p2b: Gengar|Gengar|Gengarite\n|move|p2b: Gengar|Protect|p2b: Gengar\n|-singleturn|p2b: Gengar|Protect\n|move|p1a: Sableye|Will-O-Wisp|p2a: Garchomp\n|-status|p2a: Garchomp|brn\n|move|p2a: Garchomp|Earthquake|p1b: Greninja|[spread] p1a,p1b\n|-activate|p2b: Gengar|move: Protect\n|-damage|p1a: Sableye|74/100\n|-damage|p1b: Greninja|66/100\n|move|p1b: Greninja|Dark Pulse|p2b: Gengar\n|-start|p1b: Greninja|typechange|Dark|[from] ability: Protean\n|-activate|p2b: Gengar|move: Protect\n|\n|-damage|p2a: Garchomp|95/100 brn|[from] brn\n|upkeep\n|turn|2\n|\n|t:|1776357687\n|switch|p2b: Tyranitar|Tyranitar, L50, F|100/100\n|-weather|Sandstorm|[from] ability: Sand Stream|[of] p2b: Tyranitar\n|move|p2a: Garchomp|Earthquake|p1b: Greninja|[spread] p2b,p1a,p1b\n|-supereffective|p2b: Tyranitar|1\n|-damage|p2b: Tyranitar|65/100\n|-damage|p1a: Sableye|48/100\n|-damage|p1b: Greninja|35/100\n|move|p1b: Greninja|Dark Pulse|p2b: Tyranitar\n|-resisted|p2b: Tyranitar|1\n|-damage|p2b: Tyranitar|54/100\n|move|p1a: Sableye|Foul Play|p2a: Garchomp|[miss]\n|-miss|p1a: Sableye|p2a: Garchomp\n|\n|-weather|Sandstorm|[upkeep]\n|-damage|p1b: Greninja|28/100|[from] Sandstorm\n|-damage|p1a: Sableye|43/100|[from] Sandstorm\n|-damage|p2a: Garchomp|89/100 brn|[from] brn\n|upkeep\n|turn|3\n|\n|t:|1776357727\n|switch|p1b: Sinistcha|Sinistcha, L50|100/100\n|-heal|p1a: Sableye|67/100|[from] ability: Hospitality|[of] p1b: Sinistcha\n|switch|p2b: Rotom|Rotom-Wash, L50|100/100\n|move|p2a: Garchomp|Earthquake|p1b: Sinistcha|[spread] p1a,p1b\n|-immune|p2b: Rotom|[from] ability: Levitate\n|-resisted|p1b: Sinistcha|1\n|-damage|p1a: Sableye|43/100\n|-damage|p1b: Sinistcha|91/100\n|move|p1a: Sableye|Foul Play|p2a: Garchomp\n|-damage|p2a: Garchomp|19/100 brn\n|\n|-weather|Sandstorm|[upkeep]\n|-damage|p2b: Rotom|95/100|[from] Sandstorm\n|-damage|p1b: Sinistcha|85/100|[from] Sandstorm\n|-damage|p1a: Sableye|37/100|[from] Sandstorm\n|-damage|p2a: Garchomp|13/100 brn|[from] brn\n|upkeep\n|turn|4\n|\n|t:|1776357769\n|move|p2a: Garchomp|Earthquake|p1a: Sableye|[spread] p1a,p1b\n|-immune|p2b: Rotom|[from] ability: Levitate\n|-resisted|p1b: Sinistcha|1\n|-damage|p1a: Sableye|13/100\n|-damage|p1b: Sinistcha|74/100\n|move|p2b: Rotom|Volt Switch|p1a: Sableye\n|-crit|p1a: Sableye\n|-damage|p1a: Sableye|0 fnt\n|faint|p1a: Sableye\n|\n|t:|1776357781\n|switch|p2b: Tyranitar|Tyranitar, L50, F|54/100|[from] Volt Switch\n|move|p1b: Sinistcha|Matcha Gotcha|p2b: Tyranitar|[spread] p2a,p2b\n|-supereffective|p2b: Tyranitar|1\n|-damage|p2a: Garchomp|0 fnt\n|-heal|p1b: Sinistcha|81/100|[from] drain|[of] p2a: Garchomp\n|-damage|p2b: Tyranitar|22/100\n|-heal|p1b: Sinistcha|99/100|[from] drain|[of] p2b: Tyranitar\n|faint|p2a: Garchomp\n|\n|-weather|Sandstorm|[upkeep]\n|-damage|p1b: Sinistcha|93/100|[from] Sandstorm\n|upkeep\n|\n|t:|1776357798\n|switch|p2a: Gengar|Gengar-Mega, L50, M, shiny|100/100\n|switch|p1a: Gallade|Gallade, L50, M|100/100\n|turn|5\n|\n|t:|1776357830\n|move|p1a: Gallade|Shadow Sneak|p2a: Gengar\n|-supereffective|p2a: Gengar|1\n|-damage|p2a: Gengar|51/100\n|move|p2a: Gengar|Shadow Ball|p1a: Gallade\n|-supereffective|p1a: Gallade|1\n|-enditem|p1a: Gallade|Focus Sash\n|-damage|p1a: Gallade|1/100\n|move|p1b: Sinistcha|Matcha Gotcha|p2a: Gengar|[spread] p2a,p2b\n|-resisted|p2a: Gengar|1\n|-supereffective|p2b: Tyranitar|1\n|-damage|p2a: Gengar|33/100\n|-heal|p1b: Sinistcha|99/100|[from] drain|[of] p2a: Gengar\n|-damage|p2b: Tyranitar|0 fnt\n|-heal|p1b: Sinistcha|100/100|[from] drain|[of] p2b: Tyranitar\n|faint|p2b: Tyranitar\n|\n|-weather|Sandstorm|[upkeep]\n|-damage|p2a: Gengar|28/100|[from] Sandstorm\n|-damage|p1a: Gallade|0 fnt|[from] Sandstorm\n|-damage|p1b: Sinistcha|94/100|[from] Sandstorm\n|faint|p1a: Gallade\n|upkeep\n|\n|t:|1776357847\n|switch|p1a: Greninja|Greninja-Mega, L50, F|28/100\n|switch|p2b: Rotom|Rotom-Wash, L50|95/100\n|turn|6\n|\n|t:|1776357862\n|move|p1a: Greninja|Protect|p1a: Greninja\n|-start|p1a: Greninja|typechange|Normal|[from] ability: Protean\n|-singleturn|p1a: Greninja|Protect\n|move|p2a: Gengar|Protect|p2a: Gengar\n|-singleturn|p2a: Gengar|Protect\n|move|p1b: Sinistcha|Protect|p1b: Sinistcha\n|-singleturn|p1b: Sinistcha|Protect\n|move|p2b: Rotom|Electroweb|p1b: Sinistcha|[spread] \n|-activate|p1a: Greninja|move: Protect\n|-activate|p1b: Sinistcha|move: Protect\n|\n|-weather|none\n|upkeep\n|turn|7\n|\n|t:|1776357888\n|move|p1a: Greninja|Dark Pulse|p2a: Gengar\n|-supereffective|p2a: Gengar|1\n|-damage|p2a: Gengar|0 fnt\n|faint|p2a: Gengar\n|move|p2b: Rotom|Volt Switch|p1a: Greninja\n|-damage|p1a: Greninja|0 fnt\n|faint|p1a: Greninja\n|move|p1b: Sinistcha|Matcha Gotcha|p2b: Rotom\n|-supereffective|p2b: Rotom|1\n|-damage|p2b: Rotom|18/100\n|-heal|p1b: Sinistcha|100/100|[from] drain|[of] p2b: Rotom\n|-enditem|p2b: Rotom|Sitrus Berry|[eat]\n|-heal|p2b: Rotom|43/100|[from] item: Sitrus Berry\n|\n|upkeep\n|turn|8\n|\n|t:|1776357900\n|move|p2b: Rotom|Hydro Pump|p1b: Sinistcha|[miss]\n|-miss|p2b: Rotom|p1b: Sinistcha\n|move|p1b: Sinistcha|Matcha Gotcha|p2b: Rotom|[miss]\n|-miss|p1b: Sinistcha|p2b: Rotom\n|\n|upkeep\n|turn|9\n|\n|t:|1776357906\n|move|p2b: Rotom|Will-O-Wisp|p1b: Sinistcha\n|-status|p1b: Sinistcha|brn\n|move|p1b: Sinistcha|Matcha Gotcha|p2b: Rotom|[miss]\n|-miss|p1b: Sinistcha|p2b: Rotom\n|\n|-damage|p1b: Sinistcha|94/100 brn|[from] brn\n|upkeep\n|turn|10\n|\n|t:|1776357915\n|move|p2b: Rotom|Hydro Pump|p1b: Sinistcha|[miss]\n|-miss|p2b: Rotom|p1b: Sinistcha\n|move|p1b: Sinistcha|Matcha Gotcha|p2b: Rotom\n|-supereffective|p2b: Rotom|1\n|-damage|p2b: Rotom|0 fnt\n|-heal|p1b: Sinistcha|100/100 brn|[from] drain|[of] p2b: Rotom\n|faint|p2b: Rotom\n|\n|win|scottyylmao\n|raw|scottyylmao's rating: 1263 &rarr; <strong>1294</strong><br />(+31 for winning)\n|raw|Quyt_DZ's rating: 1352 &rarr; <strong>1327</strong><br />(-25 for losing)\n|c|\u2606Quyt_DZ|gg\n|l|\u2606Quyt_DZ\n|player|p2|\n|c|\u2606scottyylmao|gg\n|c|\u2606scottyylmao|that was funny\n",
  "uploadtime": 1776357933,
  "views": 33,
  "formatid": "gen9championsvgc2026regma",
  "rating": 1294,
  "private": 0,
  "password": null
}