{
  "id": "gen9championsvgc2026regma-2583187254",
  "format": "[Gen 9 Champions] VGC 2026 Reg M-A",
  "players": [
    "Justiceforgreninja",
    "Todo CCT"
  ],
  "log": "|j|\u2606Justiceforgreninja\n|j|\u2606Todo CCT\n|t:|1776152510\n|gametype|doubles\n|player|p1|Justiceforgreninja|101|1320\n|player|p2|Todo CCT|giovanni|1342\n|gen|9\n|tier|[Gen 9 Champions] VGC 2026 Reg M-A\n|rated|\n|rule|Species Clause: Limit one of each Pok\u00e9mon\n|rule|Item Clause: Limit 1 of each item\n|clearpoke\n|poke|p1|Kingambit, L50, M|\n|poke|p1|Whimsicott, L50, F|\n|poke|p1|Gengar, L50, F|\n|poke|p1|Typhlosion-Hisui, L50, M|\n|poke|p1|Kommo-o, L50, M|\n|poke|p1|Gyarados, L50, M|\n|poke|p2|Charizard, L50, M|\n|poke|p2|Venusaur, L50, M|\n|poke|p2|Sneasler, L50, F|\n|poke|p2|Kingambit, L50, F|\n|poke|p2|Farigiraf, L50, F|\n|poke|p2|Torkoal, L50, M|\n|teampreview|4\n|\n|t:|1776152563\n|teamsize|p1|4\n|teamsize|p2|4\n|start\n|switch|p1a: Whimsicott|Whimsicott, L50, F|100/100\n|switch|p1b: Typhlosion|Typhlosion-Hisui, L50, M|100/100\n|switch|p2a: Charizard|Charizard, L50, M|100/100\n|switch|p2b: Kingambit|Kingambit, L50, F|100/100\n|-item|p2a: Charizard|Charizardite Y|[from] ability: Frisk|[of] p1b: Typhlosion\n|-item|p2b: Kingambit|Chople Berry|[from] ability: Frisk|[of] p1b: Typhlosion\n|turn|1\n|\n|t:|1776152583\n|switch|p1b: Kingambit|Kingambit, L50, M|100/100\n|detailschange|p2a: Charizard|Charizard-Mega-Y, L50, M\n|-mega|p2a: Charizard|Charizard|Charizardite Y\n|-weather|SunnyDay|[from] ability: Drought|[of] p2a: Charizard\n|move|p2b: Kingambit|Sucker Punch||[still]\n|-fail|p2b: Kingambit\n|move|p1a: Whimsicott|Moonblast|p2b: Kingambit\n|-damage|p2b: Kingambit|64/100\n|-unboost|p2b: Kingambit|spa|1\n|-ability|p2b: Kingambit|Defiant|boost\n|-boost|p2b: Kingambit|atk|2\n|move|p2a: Charizard|Heat Wave|p1b: Kingambit|[spread] p1a\n|-miss|p2a: Charizard|p1b: Kingambit\n|-supereffective|p1a: Whimsicott|1\n|-enditem|p1a: Whimsicott|Focus Sash\n|-damage|p1a: Whimsicott|1/100\n|\n|-weather|SunnyDay|[upkeep]\n|upkeep\n|turn|2\n|\n|t:|1776152597\n|move|p1b: Kingambit|Protect|p1b: Kingambit\n|-singleturn|p1b: Kingambit|Protect\n|move|p1a: Whimsicott|Tailwind|p1a: Whimsicott\n|-sidestart|p1: Justiceforgreninja|move: Tailwind\n|move|p2b: Kingambit|Sucker Punch||[still]\n|-fail|p2b: Kingambit\n|move|p2a: Charizard|Heat Wave|p1a: Whimsicott|[spread] p1a\n|-activate|p1b: Kingambit|move: Protect\n|-supereffective|p1a: Whimsicott|1\n|-damage|p1a: Whimsicott|0 fnt\n|faint|p1a: Whimsicott\n|\n|-weather|SunnyDay|[upkeep]\n|upkeep\n|\n|t:|1776152606\n|switch|p1a: Gyarados|Gyarados, L50, M|100/100\n|-ability|p1a: Gyarados|Intimidate|boost\n|-unboost|p2a: Charizard|atk|1\n|-unboost|p2b: Kingambit|atk|1\n|-ability|p2b: Kingambit|Defiant|boost\n|-boost|p2b: Kingambit|atk|2\n|turn|3\n|\n|t:|1776152618\n|detailschange|p1a: Gyarados|Gyarados-Mega, L50, M\n|-mega|p1a: Gyarados|Gyarados|Gyaradosite\n|-ability|p1a: Gyarados|Mold Breaker\n|move|p1b: Kingambit|Sucker Punch|p2a: Charizard\n|-damage|p2a: Charizard|48/100\n|move|p2b: Kingambit|Sucker Punch||[still]\n|-fail|p2b: Kingambit\n|move|p1a: Gyarados|Dragon Dance|p1a: Gyarados\n|-boost|p1a: Gyarados|atk|1\n|-boost|p1a: Gyarados|spe|1\n|move|p2a: Charizard|Heat Wave|p1b: Kingambit|[spread] p1b\n|-miss|p2a: Charizard|p1a: Gyarados\n|-supereffective|p1b: Kingambit|1\n|-damage|p1b: Kingambit|0 fnt\n|faint|p1b: Kingambit\n|\n|-weather|SunnyDay|[upkeep]\n|upkeep\n|\n|t:|1776152624\n|switch|p1b: Typhlosion|Typhlosion-Hisui, L50, M|100/100\n|-item|p2a: Charizard|Charizardite Y|[from] ability: Frisk|[of] p1b: Typhlosion\n|-item|p2b: Kingambit|Chople Berry|[from] ability: Frisk|[of] p1b: Typhlosion\n|turn|4\n|\n|t:|1776152636\n|move|p2b: Kingambit|Sucker Punch|p1b: Typhlosion\n|-supereffective|p1b: Typhlosion|1\n|-damage|p1b: Typhlosion|0 fnt\n|faint|p1b: Typhlosion\n|move|p1a: Gyarados|Earthquake|p2b: Kingambit|[spread] p2b\n|-immune|p2a: Charizard\n|-supereffective|p2b: Kingambit|1\n|-damage|p2b: Kingambit|0 fnt\n|faint|p2b: Kingambit\n|move|p2a: Charizard|Solar Beam||[still]\n|-prepare|p2a: Charizard|Solar Beam\n|-anim|p2a: Charizard|Solar Beam|p1a: Gyarados\n|-supereffective|p1a: Gyarados|1\n|-damage|p1a: Gyarados|23/100\n|\n|-weather|SunnyDay|[upkeep]\n|upkeep\n|\n|t:|1776152642\n|switch|p2b: Farigiraf|Farigiraf, L50, F|100/100\n|turn|5\n|-message|Justiceforgreninja forfeited.\n|\n|win|Todo CCT\n|raw|Justiceforgreninja's rating: 1320 &rarr; <strong>1301</strong><br />(-19 for losing)\n|raw|Todo CCT's rating: 1342 &rarr; <strong>1361</strong><br />(+19 for winning)\n|l|\u2606Justiceforgreninja\n|player|p1|\n",
  "uploadtime": 1776152653,
  "views": 37,
  "formatid": "gen9championsvgc2026regma",
  "rating": 1301,
  "private": 0,
  "password": null
}