{
  "id": "gen9championsvgc2026regma-2587496669",
  "format": "[Gen 9 Champions] VGC 2026 Reg M-A",
  "players": [
    "disciple of blahaj",
    "2rffwd"
  ],
  "log": "|j|\u2606disciple of blahaj\n|j|\u26062rffwd\n|t:|1776536780\n|gametype|doubles\n|player|p1|disciple of blahaj|jacinthe|1278\n|player|p2|2rffwd|kiawe|1242\n|gen|9\n|tier|[Gen 9 Champions] VGC 2026 Reg M-A\n|rated|\n|rule|Species Clause: Limit one of each Pok\u00e9mon\n|rule|Item Clause: Limit 1 of each item\n|clearpoke\n|poke|p1|Lopunny, L50, M, shiny|\n|poke|p1|Basculegion, L50, M|\n|poke|p1|Klefki, L50, M, shiny|\n|poke|p1|Pelipper, L50, M|\n|poke|p1|Garchomp, L50, F|\n|poke|p1|Aegislash, L50, M|\n|poke|p2|Aegislash, L50, M|\n|poke|p2|Gardevoir, L50, M|\n|poke|p2|Aerodactyl, L50, F|\n|poke|p2|Hydreigon, L50, M|\n|poke|p2|Tauros-Paldea-Aqua, L50, M|\n|poke|p2|Rotom-Heat, L50|\n|teampreview|4\n|inactive|Battle timer is ON: inactive players will automatically lose when time's up. (requested by 2rffwd)\n|inactive|disciple of blahaj has 60 seconds left.\n|inactive|2rffwd has 60 seconds left.\n|\n|t:|1776536838\n|teamsize|p1|4\n|teamsize|p2|4\n|start\n|switch|p1a: Lopunny|Lopunny, L50, M, shiny|100/100\n|switch|p1b: Basculegion|Basculegion, L50, M|100/100\n|switch|p2a: Rotom|Rotom-Heat, L50|100/100\n|switch|p2b: Aerodactyl|Aerodactyl, L50, F|100/100\n|turn|1\n|\n|t:|1776536862\n|switch|p2a: Hydreigon|Hydreigon, L50, M|100/100\n|detailschange|p1a: Lopunny|Lopunny-Mega, L50, M, shiny\n|-mega|p1a: Lopunny|Lopunny|Lopunnite\n|move|p2b: Aerodactyl|Protect|p2b: Aerodactyl\n|-singleturn|p2b: Aerodactyl|Protect\n|move|p1a: Lopunny|Fake Out|p2b: Aerodactyl\n|-activate|p2b: Aerodactyl|move: Protect\n|move|p1b: Basculegion|Flip Turn|p2b: Aerodactyl\n|-activate|p2b: Aerodactyl|move: Protect\n|\n|upkeep\n|turn|2\n|inactive|disciple of blahaj has 30 seconds left.\n|\n|t:|1776536889\n|move|p1a: Lopunny|Encore|p2b: Aerodactyl\n|-start|p2b: Aerodactyl|Encore\n|move|p2b: Aerodactyl|Protect||[still]\n|-fail|p2b: Aerodactyl\n|move|p1b: Basculegion|Flip Turn|p2b: Aerodactyl\n|-supereffective|p2b: Aerodactyl|1\n|-enditem|p2b: Aerodactyl|Focus Sash\n|-damage|p2b: Aerodactyl|1/100\n|\n|t:|1776536899\n|switch|p1b: Garchomp|Garchomp, L50, F|100/100|[from] Flip Turn\n|move|p2a: Hydreigon|Dark Pulse|p1b: Garchomp\n|-damage|p1b: Garchomp|64/100\n|\n|upkeep\n|turn|3\n|inactive|2rffwd has 30 seconds left.\n|\n|t:|1776536929\n|switch|p2b: Rotom|Rotom-Heat, L50|100/100\n|move|p1a: Lopunny|Close Combat|p2a: Hydreigon\n|-supereffective|p2a: Hydreigon|1\n|-enditem|p2a: Hydreigon|Chople Berry|[eat]\n|-enditem|p2a: Hydreigon|Chople Berry|[weaken]\n|-damage|p2a: Hydreigon|28/100\n|-unboost|p1a: Lopunny|def|1\n|-unboost|p1a: Lopunny|spd|1\n|move|p2a: Hydreigon|Draco Meteor|p1b: Garchomp\n|-supereffective|p1b: Garchomp|1\n|-enditem|p1b: Garchomp|Haban Berry|[eat]\n|-enditem|p1b: Garchomp|Haban Berry|[weaken]\n|-damage|p1b: Garchomp|3/100\n|-unboost|p2a: Hydreigon|spa|2\n|move|p1b: Garchomp|Rock Slide|p2b: Rotom|[spread] p2a,p2b\n|-crit|p2a: Hydreigon\n|-supereffective|p2b: Rotom|1\n|-damage|p2a: Hydreigon|0 fnt\n|-damage|p2b: Rotom|55/100\n|faint|p2a: Hydreigon\n|\n|upkeep\n|\n|t:|1776536934\n|switch|p2a: Gardevoir|Gardevoir, L50, M|100/100\n|-ability|p2a: Gardevoir|Scrappy|Trace|[from] ability: Trace|[of] p1a: Lopunny\n|turn|4\n|inactive|disciple of blahaj has 30 seconds left.\n|inactive|disciple of blahaj has 20 seconds left.\n|\n|t:|1776536969\n|detailschange|p2a: Gardevoir|Gardevoir-Mega, L50, M\n|-mega|p2a: Gardevoir|Gardevoir|Gardevoirite\n|move|p2b: Rotom|Electroweb|p1b: Garchomp|[spread] p1a\n|-immune|p1b: Garchomp\n|-damage|p1a: Lopunny|65/100\n|-unboost|p1a: Lopunny|spe|1\n|move|p2a: Gardevoir|Hyper Voice|p1a: Lopunny|[spread] p1a,p1b\n|-supereffective|p1a: Lopunny|1\n|-supereffective|p1b: Garchomp|1\n|-damage|p1a: Lopunny|0 fnt\n|-damage|p1b: Garchomp|0 fnt\n|faint|p1a: Lopunny\n|faint|p1b: Garchomp\n|\n|upkeep\n|\n|t:|1776536978\n|switch|p1a: Aegislash|Aegislash, L50, M|100/100\n|switch|p1b: Basculegion|Basculegion, L50, M|100/100\n|turn|5\n|\n|t:|1776536991\n|move|p2a: Gardevoir|Protect|p2a: Gardevoir\n|-singleturn|p2a: Gardevoir|Protect\n|move|p1b: Basculegion|Aqua Jet|p2b: Rotom\n|-supereffective|p2b: Rotom|1\n|-damage|p2b: Rotom|0 fnt\n|faint|p2b: Rotom\n|-formechange|p1a: Aegislash|Aegislash-Blade|\n|move|p1a: Aegislash|Poltergeist|p2a: Gardevoir\n|-activate|p2a: Gardevoir|move: Protect\n|\n|upkeep\n|\n|t:|1776536996\n|switch|p2b: Aerodactyl|Aerodactyl, L50, F|1/100\n|turn|6\n|\n|t:|1776537009\n|-formechange|p1a: Aegislash|Aegislash|\n|move|p1a: Aegislash|King's Shield|p1a: Aegislash\n|-singleturn|p1a: Aegislash|Protect\n|move|p1b: Basculegion|Aqua Jet|p2b: Aerodactyl\n|-supereffective|p2b: Aerodactyl|1\n|-damage|p2b: Aerodactyl|0 fnt\n|faint|p2b: Aerodactyl\n|move|p2a: Gardevoir|Hyper Voice|p1b: Basculegion|[spread] p1b\n|-activate|p1a: Aegislash|move: Protect\n|-damage|p1b: Basculegion|43/100\n|\n|upkeep\n|turn|7\n|\n|t:|1776537027\n|move|p1a: Aegislash|King's Shield|p1a: Aegislash\n|-singleturn|p1a: Aegislash|Protect\n|move|p1b: Basculegion|Aqua Jet|p2a: Gardevoir\n|-damage|p2a: Gardevoir|64/100\n|move|p2a: Gardevoir|Hyper Voice|p1b: Basculegion|[spread] p1b\n|-activate|p1a: Aegislash|move: Protect\n|-damage|p1b: Basculegion|0 fnt\n|faint|p1b: Basculegion\n|\n|upkeep\n|turn|8\n|\n|t:|1776537043\n|move|p2a: Gardevoir|Hyper Voice|p1a: Aegislash\n|-resisted|p1a: Aegislash|1\n|-damage|p1a: Aegislash|74/100\n|-formechange|p1a: Aegislash|Aegislash-Blade|\n|move|p1a: Aegislash|Iron Head|p2a: Gardevoir\n|-supereffective|p2a: Gardevoir|1\n|-damage|p2a: Gardevoir|0 fnt\n|faint|p2a: Gardevoir\n|\n|win|disciple of blahaj\n|raw|disciple of blahaj's rating: 1278 &rarr; <strong>1300</strong><br />(+22 for winning)\n|raw|2rffwd's rating: 1242 &rarr; <strong>1220</strong><br />(-22 for losing)\n|c|\u26062rffwd|gg\n|c|\u26062rffwd|wp\n|c|\u2606disciple of blahaj|Ggwp\n",
  "uploadtime": 1776537054,
  "views": 17,
  "formatid": "gen9championsvgc2026regma",
  "rating": 1220,
  "private": 0,
  "password": null
}