{
  "id": "gen9championsvgc2026regma-2589439706",
  "format": "[Gen 9 Champions] VGC 2026 Reg M-A",
  "players": [
    "15misfires",
    "MimikyuBot"
  ],
  "log": "|j|\u260615misfires\n|j|\u2606MimikyuBot\n|t:|1776723090\n|gametype|doubles\n|player|p1|15misfires|karen|1099\n|player|p2|MimikyuBot|266|1029\n|gen|9\n|tier|[Gen 9 Champions] VGC 2026 Reg M-A\n|rated|\n|rule|Species Clause: Limit one of each Pok\u00e9mon\n|rule|Item Clause: Limit 1 of each item\n|clearpoke\n|poke|p1|Victreebel, L50, F|\n|poke|p1|Rotom-Wash, L50|\n|poke|p1|Dragonite, L50, F|\n|poke|p1|Kingambit, L50, M|\n|poke|p1|Scizor, L50, F|\n|poke|p1|Sneasler, L50, M|\n|poke|p2|Aegislash, L50, F, shiny|\n|poke|p2|Whimsicott, L50, M, shiny|\n|poke|p2|Gallade, L50, M, shiny|\n|poke|p2|Incineroar, L50, F, shiny|\n|poke|p2|Clefable, L50, M, shiny|\n|poke|p2|Milotic, L50, F, shiny|\n|teampreview|4\nMimikyuBot has agreed to open team sheets.\n|inactive|Battle timer is ON: inactive players will automatically lose when time's up. (requested by 15misfires)\n15misfires rejected open team sheets.\n|\n|t:|1776723179\n|teamsize|p1|4\n|teamsize|p2|4\n|start\n|switch|p1a: Victreebel|Victreebel, L50, F|100/100\n|switch|p1b: Sneasler|Sneasler, L50, M|100/100\n|switch|p2a: Whimsicott|Whimsicott, L50, M, shiny|100/100\n|switch|p2b: Gallade|Gallade, L50, M, shiny|100/100\n|turn|1\n|inactive|MimikyuBot also wants the timer to be on.\n|\n|t:|1776723196\n|detailschange|p2b: Gallade|Gallade-Mega, L50, M, shiny\n|-mega|p2b: Gallade|Gallade|Galladite\n|detailschange|p1a: Victreebel|Victreebel-Mega, L50, F\n|-mega|p1a: Victreebel|Victreebel|Victreebelite\n|move|p1b: Sneasler|Dire Claw|p2a: Whimsicott\n|-supereffective|p2a: Whimsicott|2\n|-enditem|p2a: Whimsicott|Focus Sash\n|-damage|p2a: Whimsicott|1/100\n|-status|p2a: Whimsicott|psn\n|move|p2a: Whimsicott|Moonblast|p1a: Victreebel\n|-resisted|p1a: Victreebel|1\n|-damage|p1a: Victreebel|82/100\n|move|p2b: Gallade|Psycho Cut|p1a: Victreebel\n|-supereffective|p1a: Victreebel|1\n|-damage|p1a: Victreebel|0 fnt\n|-damage|p2b: Gallade|0 fnt|[from] ability: Innards Out|[of] p1a: Victreebel\n|faint|p1a: Victreebel\n|faint|p2b: Gallade\n|\n|-damage|p2a: Whimsicott|0 fnt|[from] psn\n|faint|p2a: Whimsicott\n|upkeep\n|\n|t:|1776723218\n|switch|p2a: Aegislash|Aegislash, L50, F, shiny|100/100\n|switch|p2b: Incineroar|Incineroar, L50, F, shiny|100/100\n|switch|p1a: Rotom|Rotom-Wash, L50|100/100\n|-ability|p2b: Incineroar|Intimidate|boost\n|-unboost|p1a: Rotom|atk|1\n|-unboost|p1b: Sneasler|atk|1\n|-enditem|p1b: Sneasler|White Herb\n|-clearnegativeboost|p1b: Sneasler|[silent]\n|turn|2\n|\n|t:|1776723232\n|move|p1b: Sneasler|Upper Hand||[still]\n|-fail|p1b: Sneasler\n|-formechange|p2a: Aegislash|Aegislash-Blade|\n|move|p2a: Aegislash|Shadow Sneak|p1b: Sneasler\n|-crit|p1b: Sneasler\n|-damage|p1b: Sneasler|28/100\n|move|p1a: Rotom|Hydro Pump|p2b: Incineroar\n|-supereffective|p2b: Incineroar|1\n|-damage|p2b: Incineroar|22/100\n|move|p2b: Incineroar|Flare Blitz|p1b: Sneasler\n|-damage|p1b: Sneasler|0 fnt\n|faint|p1b: Sneasler\n|-damage|p2b: Incineroar|15/100|[from] Recoil\n|\n|-heal|p2b: Incineroar|21/100|[from] item: Leftovers\n|upkeep\n|\n|t:|1776723241\n|switch|p1b: Scizor|Scizor, L50, F|100/100\n|turn|3\n|\n|t:|1776723260\n|move|p1b: Scizor|Bullet Punch|p2a: Aegislash\n|-resisted|p2a: Aegislash|1\n|-damage|p2a: Aegislash|66/100\n|move|p1a: Rotom|Hydro Pump|p2b: Incineroar\n|-supereffective|p2b: Incineroar|1\n|-damage|p2b: Incineroar|0 fnt\n|faint|p2b: Incineroar\n|move|p2a: Aegislash|Poltergeist|p1b: Scizor\n|-activate|p1b: Scizor|move: Poltergeist|Metal Coat\n|-damage|p1b: Scizor|22/100\n|\n|upkeep\n|turn|4\n|\n|t:|1776723273\n|move|p1b: Scizor|Protect|p1b: Scizor\n|-singleturn|p1b: Scizor|Protect\n|move|p1a: Rotom|Hydro Pump|p2a: Aegislash|[miss]\n|-miss|p1a: Rotom|p2a: Aegislash\n|move|p2a: Aegislash|Iron Head|p1b: Scizor\n|-activate|p1b: Scizor|move: Protect\n|\n|upkeep\n|turn|5\n|\n|t:|1776723281\n|move|p1b: Scizor|Bullet Punch|p2a: Aegislash\n|-resisted|p2a: Aegislash|1\n|-damage|p2a: Aegislash|28/100\n|move|p1a: Rotom|Hydro Pump|p2a: Aegislash\n|-damage|p2a: Aegislash|0 fnt\n|faint|p2a: Aegislash\n|\n|win|15misfires\n",
  "uploadtime": 1776723181,
  "views": 4,
  "formatid": "gen9championsvgc2026regma",
  "rating": null,
  "private": 0,
  "password": null
}