{
  "id": "gen9championsvgc2026regma-2588594292",
  "format": "[Gen 9 Champions] VGC 2026 Reg M-A",
  "players": [
    "PuffSun",
    "sunny_dayve"
  ],
  "log": "|j|\u2606PuffSun\n|j|\u2606sunny_dayve\n|t:|1776648343\n|gametype|doubles\n|player|p1|PuffSun|102|1498\n|player|p2|sunny_dayve|plasmagrunt|1497\n|gen|9\n|tier|[Gen 9 Champions] VGC 2026 Reg M-A\n|rated|\n|rule|Species Clause: Limit one of each Pok\u00e9mon\n|rule|Item Clause: Limit 1 of each item\n|clearpoke\n|poke|p1|Floette-Eternal, L50, F|\n|poke|p1|Maushold-Four, L50|\n|poke|p1|Sneasler, L50, M|\n|poke|p1|Sinistcha, L50|\n|poke|p1|Blastoise, L50, F|\n|poke|p1|Basculegion, L50, M|\n|poke|p2|Delphox, L50, F, shiny|\n|poke|p2|Aerodactyl, L50, F, shiny|\n|poke|p2|Rotom-Wash, L50|\n|poke|p2|Garchomp, L50, M, shiny|\n|poke|p2|Sneasler, L50, F|\n|poke|p2|Kingambit, L50, F, shiny|\n|teampreview|4\n|\n|t:|1776648439\n|teamsize|p1|4\n|teamsize|p2|4\n|start\n|switch|p1a: Maushold|Maushold-Four, L50|100/100\n|switch|p1b: Blastoise|Blastoise, L50, F|100/100\n|switch|p2a: Rotom|Rotom-Wash, L50|100/100\n|switch|p2b: Sneasler|Sneasler, L50, F|100/100\n|turn|1\n|\n|t:|1776648467\n|detailschange|p1b: Blastoise|Blastoise-Mega, L50, F\n|-mega|p1b: Blastoise|Blastoise|Blastoisinite\n|move|p1b: Blastoise|Protect|p1b: Blastoise\n|-singleturn|p1b: Blastoise|Protect\n|move|p2b: Sneasler|Fake Out|p1b: Blastoise\n|-activate|p1b: Blastoise|move: Protect\n|move|p2a: Rotom|Electroweb|p1b: Blastoise|[spread] p1a\n|-activate|p1b: Blastoise|move: Protect\n|-damage|p1a: Maushold|81/100\n|-unboost|p1a: Maushold|spe|1\n|move|p1a: Maushold|Super Fang|p2a: Rotom|[miss]\n|-miss|p1a: Maushold|p2a: Rotom\n|\n|upkeep\n|turn|2\n|\n|t:|1776648486\n|move|p1a: Maushold|Follow Me|p1a: Maushold\n|-singleturn|p1a: Maushold|move: Follow Me\n|move|p2a: Rotom|Electroweb|p1b: Blastoise|[spread] p1a,p1b\n|-supereffective|p1b: Blastoise|1\n|-damage|p1a: Maushold|62/100\n|-damage|p1b: Blastoise|68/100\n|-unboost|p1a: Maushold|spe|1\n|-unboost|p1b: Blastoise|spe|1\n|move|p2b: Sneasler|Close Combat|p1a: Maushold\n|-supereffective|p1a: Maushold|1\n|-damage|p1a: Maushold|0 fnt\n|-unboost|p2b: Sneasler|def|1\n|-unboost|p2b: Sneasler|spd|1\n|faint|p1a: Maushold\n|-enditem|p2b: Sneasler|White Herb\n|-clearnegativeboost|p2b: Sneasler|[silent]\n|move|p1b: Blastoise|Shell Smash|p1b: Blastoise\n|-unboost|p1b: Blastoise|def|1\n|-unboost|p1b: Blastoise|spd|1\n|-boost|p1b: Blastoise|atk|2\n|-boost|p1b: Blastoise|spa|2\n|-boost|p1b: Blastoise|spe|2\n|\n|upkeep\n|\n|t:|1776648503\n|switch|p1a: Sinistcha|Sinistcha, L50|100/100\n|-heal|p1b: Blastoise|93/100|[from] ability: Hospitality|[of] p1a: Sinistcha\n|turn|3\n|\n|t:|1776648515\n|move|p1b: Blastoise|Protect|p1b: Blastoise\n|-singleturn|p1b: Blastoise|Protect\n|move|p2b: Sneasler|Dire Claw|p1b: Blastoise\n|-activate|p1b: Blastoise|move: Protect\n|move|p2a: Rotom|Electroweb|p1a: Sinistcha|[spread] p1a\n|-activate|p1b: Blastoise|move: Protect\n|-resisted|p1a: Sinistcha|1\n|-damage|p1a: Sinistcha|89/100\n|-unboost|p1a: Sinistcha|spe|1\n|move|p1a: Sinistcha|Matcha Gotcha|p2a: Rotom|[spread] p2a,p2b\n|-supereffective|p2a: Rotom|1\n|-resisted|p2b: Sneasler|1\n|-damage|p2a: Rotom|33/100\n|-heal|p1a: Sinistcha|100/100|[from] drain|[of] p2a: Rotom\n|-damage|p2b: Sneasler|85/100\n|\n|upkeep\n|turn|4\n|\n|t:|1776648536\n|move|p2b: Sneasler|Dire Claw|p1b: Blastoise\n|-damage|p1b: Blastoise|24/100\n|move|p2a: Rotom|Electroweb|p1b: Blastoise|[spread] p1a,p1b\n|-resisted|p1a: Sinistcha|1\n|-supereffective|p1b: Blastoise|1\n|-damage|p1a: Sinistcha|88/100\n|-damage|p1b: Blastoise|0 fnt\n|-unboost|p1a: Sinistcha|spe|1\n|faint|p1b: Blastoise\n|move|p1a: Sinistcha|Life Dew|p1a: Sinistcha\n|-heal|p1a: Sinistcha|100/100\n|\n|upkeep\n|\n|t:|1776648547\n|switch|p1b: Basculegion|Basculegion, L50, M|100/100\n|turn|5\n|\n|t:|1776648557\n|move|p1a: Sinistcha|Rage Powder|p1a: Sinistcha\n|-singleturn|p1a: Sinistcha|move: Rage Powder\n|move|p2b: Sneasler|Dire Claw|p1a: Sinistcha\n|-damage|p1a: Sinistcha|68/100\n|-status|p1a: Sinistcha|slp\n|move|p1b: Basculegion|Last Respects|p2a: Rotom\n|-damage|p2a: Rotom|0 fnt\n|faint|p2a: Rotom\n|\n|-heal|p1a: Sinistcha|74/100 slp|[from] item: Leftovers\n|upkeep\n|\n|t:|1776648568\n|switch|p2a: Kingambit|Kingambit, L50, F, shiny|100/100\n|turn|6\n|\n|t:|1776648575\n|cant|p1a: Sinistcha|slp\n|move|p2a: Kingambit|Sucker Punch|p1b: Basculegion\n|-supereffective|p1b: Basculegion|1\n|-damage|p1b: Basculegion|0 fnt\n|faint|p1b: Basculegion\n|move|p2b: Sneasler|Dire Claw|p1a: Sinistcha\n|-damage|p1a: Sinistcha|43/100 slp\n|\n|-heal|p1a: Sinistcha|49/100 slp|[from] item: Leftovers\n|upkeep\n|turn|7\n|-message|PuffSun forfeited.\n|\n|win|sunny_dayve\n|raw|PuffSun's rating: 1498 &rarr; <strong>1478</strong><br />(-20 for losing)\n|raw|sunny_dayve's rating: 1497 &rarr; <strong>1517</strong><br />(+20 for winning)\n|l|\u2606PuffSun\n|player|p1|\n",
  "uploadtime": 1776648589,
  "views": 11,
  "formatid": "gen9championsvgc2026regma",
  "rating": 1478,
  "private": 0,
  "password": null
}