{
  "id": "gen9championsvgc2026regma-2586975135",
  "format": "[Gen 9 Champions] VGC 2026 Reg M-A",
  "players": [
    "kindlarkin",
    "MrTonegawa"
  ],
  "log": "|j|\u2606kindlarkin\n|j|\u2606MrTonegawa\n|t:|1776477327\n|gametype|doubles\n|player|p1|kindlarkin|265|1211\n|player|p2|MrTonegawa|giovanni|1171\n|gen|9\n|tier|[Gen 9 Champions] VGC 2026 Reg M-A\n|rated|\n|rule|Species Clause: Limit one of each Pok\u00e9mon\n|rule|Item Clause: Limit 1 of each item\n|clearpoke\n|poke|p1|Archaludon, L50, M|\n|poke|p1|Sinistcha, L50|\n|poke|p1|Camerupt, L50, M|\n|poke|p1|Hatterene, L50, F|\n|poke|p1|Crabominable, L50, F|\n|poke|p1|Palafin, L50, M|\n|poke|p2|Sinistcha, L50|\n|poke|p2|Starmie, L50|\n|poke|p2|Orthworm, L50, M|\n|poke|p2|Farigiraf, L50, F|\n|poke|p2|Garchomp, L50, M|\n|poke|p2|Whimsicott, L50, M|\n|teampreview|4\n|inactive|Battle timer is ON: inactive players will automatically lose when time's up. (requested by MrTonegawa)\n|\n|t:|1776477356\n|teamsize|p1|4\n|teamsize|p2|4\n|start\n|switch|p1a: Hatterene|Hatterene, L50, F|100/100\n|switch|p1b: Camerupt|Camerupt, L50, M|100/100\n|switch|p2a: Starmie|Starmie, L50|100/100\n|switch|p2b: Orthworm|Orthworm, L50, M|100/100\n|turn|1\n|inactive|MrTonegawa has 30 seconds left.\n|inactive|MrTonegawa has 20 seconds left.\n|inactive|MrTonegawa has 15 seconds left.\n|inactive|MrTonegawa has 10 seconds left.\n|\n|t:|1776477404\n|detailschange|p2a: Starmie|Starmie-Mega, L50\n|-mega|p2a: Starmie|Starmie|Starminite\n|detailschange|p1b: Camerupt|Camerupt-Mega, L50, M\n|-mega|p1b: Camerupt|Camerupt|Cameruptite\n|move|p1b: Camerupt|Protect|p1b: Camerupt\n|-singleturn|p1b: Camerupt|Protect\n|move|p2a: Starmie|Aqua Jet|p1b: Camerupt\n|-activate|p1b: Camerupt|move: Protect\n|move|p2b: Orthworm|Shed Tail|p2b: Orthworm\n|-start|p2b: Orthworm|Substitute|[from] move: Shed Tail\n|-damage|p2b: Orthworm|50/100\n|-enditem|p2b: Orthworm|Sitrus Berry|[eat]\n|-heal|p2b: Orthworm|75/100|[from] item: Sitrus Berry\n|\n|t:|1776477415\n|switch|p2b: Garchomp|Garchomp, L50, M|100/100|[from] Shed Tail\n|move|p1a: Hatterene|Trick Room|p1a: Hatterene\n|-fieldstart|move: Trick Room|[of] p1a: Hatterene\n|\n|upkeep\n|turn|2\n|inactive|kindlarkin has 30 seconds left.\n|inactive|kindlarkin has 20 seconds left.\n|inactive|kindlarkin has 15 seconds left.\n|\n|t:|1776477458\n|switch|p1b: Archaludon|Archaludon, L50, M|100/100\n|move|p1a: Hatterene|Reflect|p1a: Hatterene\n|-sidestart|p1: kindlarkin|Reflect\n|move|p2b: Garchomp|Earthquake|p1a: Hatterene|[spread] p2a,p1a,p1b\n|-supereffective|p1b: Archaludon|1\n|-damage|p2a: Starmie|62/100\n|-damage|p1a: Hatterene|72/100\n|-damage|p1b: Archaludon|68/100\n|-ability|p1b: Archaludon|Stamina|boost\n|-boost|p1b: Archaludon|def|1\n|move|p2a: Starmie|Skill Swap|p2b: Garchomp\n|-activate|p2a: Starmie|Skill Swap|||[of] p2b: Garchomp\n|\n|-heal|p1b: Archaludon|74/100|[from] item: Leftovers\n|upkeep\n|turn|3\n|inactive|kindlarkin has 30 seconds left.\n|inactive|MrTonegawa has 30 seconds left.\n|inactive|MrTonegawa has 20 seconds left.\n|inactive|MrTonegawa has 15 seconds left.\n|inactive|MrTonegawa has 10 seconds left.\n|inactive|MrTonegawa has 5 seconds left.\n|\n|t:|1776477510\n|switch|p2a: Sinistcha|Sinistcha, L50|100/100\n|move|p1a: Hatterene|Dazzling Gleam|p2b: Garchomp|[spread] p2a,p2b\n|-supereffective|p2b: Garchomp|1\n|-end|p2b: Garchomp|Substitute\n|-damage|p2a: Sinistcha|66/100\n|move|p1b: Archaludon|Electro Shot||[still]\n|-prepare|p1b: Archaludon|Electro Shot\n|-boost|p1b: Archaludon|spa|1\n|move|p2b: Garchomp|Poison Jab|p1a: Hatterene\n|-supereffective|p1a: Hatterene|1\n|-damage|p1a: Hatterene|0 fnt\n|faint|p1a: Hatterene\n|\n|-heal|p1b: Archaludon|80/100|[from] item: Leftovers\n|upkeep\n|\n|t:|1776477524\n|switch|p1a: Camerupt|Camerupt-Mega, L50, M|100/100\n|turn|4\n|inactive|MrTonegawa has 30 seconds left.\n|\n|t:|1776477552\n|switch|p2a: Orthworm|Orthworm, L50, M|75/100\n|move|p1a: Camerupt|Heat Wave|p2a: Orthworm|[spread] p2a\n|-miss|p1a: Camerupt|p2b: Garchomp\n|-supereffective|p2a: Orthworm|1\n|-damage|p2a: Orthworm|0 fnt\n|faint|p2a: Orthworm\n|move|p1b: Archaludon|Electro Shot|p2b: Garchomp|[from] lockedmove\n|-immune|p2b: Garchomp\n|move|p2b: Garchomp|Earthquake|p1b: Archaludon|[spread] p1a,p1b\n|-supereffective|p1a: Camerupt|1\n|-supereffective|p1b: Archaludon|1\n|-damage|p1a: Camerupt|0 fnt\n|-damage|p1b: Archaludon|37/100\n|-ability|p1b: Archaludon|Stamina|boost\n|-boost|p1b: Archaludon|def|1\n|faint|p1a: Camerupt\n|\n|-heal|p1b: Archaludon|43/100|[from] item: Leftovers\n|upkeep\n|\n|t:|1776477574\n|switch|p1a: Sinistcha|Sinistcha, L50|100/100\n|switch|p2a: Sinistcha|Sinistcha, L50|66/100\n|-heal|p1b: Archaludon|68/100|[from] ability: Hospitality|[of] p1a: Sinistcha\n|turn|5\n|inactive|MrTonegawa has 30 seconds left.\n|\n|t:|1776477606\n|move|p1a: Sinistcha|Shadow Ball|p2a: Sinistcha\n|-supereffective|p2a: Sinistcha|1\n|-damage|p2a: Sinistcha|0 fnt\n|faint|p2a: Sinistcha\n|move|p1b: Archaludon|Draco Meteor|p2b: Garchomp\n|-supereffective|p2b: Garchomp|1\n|-damage|p2b: Garchomp|0 fnt\n|-unboost|p1b: Archaludon|spa|2\n|faint|p2b: Garchomp\n|\n|-heal|p1b: Archaludon|74/100|[from] item: Leftovers\n|-fieldend|move: Trick Room\n|upkeep\n|c|\u2606kindlarkin|GG\n|c|\u2606MrTonegawa|gg\n|c|\u2606kindlarkin|that was scary\n|c|\u2606MrTonegawa|was it\n|inactive|MrTonegawa has 30 seconds left.\n|c|\u2606kindlarkin|you had a good stat\n|inactive|MrTonegawa has 20 seconds left.\n|inactive|MrTonegawa has 15 seconds left.\n|c|\u2606MrTonegawa|a bit overly ambitious, perhaps\n|c|\u2606kindlarkin|*strat\n|\n|t:|1776477650\n|switch|p2b: Starmie|Starmie-Mega, L50|62/100\n|turn|6\n|c|\u2606kindlarkin|nah I like it\n|c|\u2606kindlarkin|if draco missed\n|c|\u2606kindlarkin|me cooked\n|c|\u2606MrTonegawa|that is\n|\n|t:|1776477673\n|move|p2b: Starmie|Psycho Cut|p1a: Sinistcha\n|-damage|p1a: Sinistcha|74/100\n|move|p1b: Archaludon|Draco Meteor|p2b: Starmie\n|-damage|p2b: Starmie|24/100\n|-unboost|p1b: Archaludon|spa|2\n|move|p1a: Sinistcha|Shadow Ball|p2b: Starmie\n|-supereffective|p2b: Starmie|1\n|-damage|p2b: Starmie|0 fnt\n|faint|p2b: Starmie\n|\n|win|kindlarkin\n|raw|kindlarkin's rating: 1211 &rarr; <strong>1233</strong><br />(+22 for winning)\n|raw|MrTonegawa's rating: 1171 &rarr; <strong>1149</strong><br />(-22 for losing)\n|c|\u2606MrTonegawa|so far the only way I have won games LOL\n|c|\u2606MrTonegawa|a mnega dragonite missed its draco\n|c|\u2606kindlarkin|i see\n|l|\u2606MrTonegawa\n|player|p2|\n|c|\u2606kindlarkin|make you should coil first with orthworm\n|c|\u2606kindlarkin|maybe\n",
  "uploadtime": 1776477830,
  "views": 21,
  "formatid": "gen9championsvgc2026regma",
  "rating": 1149,
  "private": 0,
  "password": null
}