{
  "id": "gen9championsvgc2026regma-2581603252",
  "format": "[Gen 9 Champions] VGC 2026 Reg M-A",
  "players": [
    "21Kieran",
    "VanniVGC"
  ],
  "log": "|j|\u260621Kieran\n|j|\u2606VanniVGC\n|html|<table width=\"100%\"><tr><td align=\"left\">21Kieran</td><td align=\"right\">VanniVGC</tr><tr><td align=\"left\"><i class=\"fa fa-circle-o\"></i> <i class=\"fa fa-circle-o\"></i> </td><td align=\"right\"><i class=\"fa fa-circle-o\"></i> <i class=\"fa fa-circle-o\"></i> </tr></table>\n|uhtml|bestof|<h2><strong>Game 1</strong> of <a href=\"/game-bestof3-gen9championsvgc2026regma-2581603251\">a best-of-3</a></h2>\n|t:|1776014378\n|gametype|doubles\n|player|p1|21Kieran|taunie|\n|player|p2|VanniVGC|1|\n|gen|9\n|tier|[Gen 9 Champions] VGC 2026 Reg M-A\n|rated|Tournament battle\n|rule|Species Clause: Limit one of each Pok\u00e9mon\n|rule|Item Clause: Limit 1 of each item\n|raw|<div class=\"infobox\"><details class=\"readmore\" open><summary><strong>2 custom rules:</strong></summary> Force Open Team Sheets, Best of = 3</details></div>\n|clearpoke\n|poke|p1|Incineroar, L50, F|\n|poke|p1|Gengar, L50, M|\n|poke|p1|Sinistcha, L50|\n|poke|p1|Kingambit, L50, F|\n|poke|p1|Tyranitar, L50, M|\n|poke|p1|Kommo-o, L50, F|\n|poke|p2|Scovillain, L50, M|\n|poke|p2|Dragonite, L50, F|\n|poke|p2|Sneasler, L50, F|\n|poke|p2|Kingambit, L50, M|\n|poke|p2|Primarina, L50, M|\n|poke|p2|Garganacl, L50, F|\n|teampreview|4\n|showteam|p1|Incineroar||ShucaBerry|Intimidate|PartingShot,FakeOut,Protect,ThroatChop|||F|||50|]Gengar||Gengarite|CursedBody|ShadowBall,Protect,Substitute,PerishSong|||M|||50|]Sinistcha||SitrusBerry|Hospitality|MatchaGotcha,RagePowder,Protect,LifeDew||||||50|]Kingambit||ChopleBerry|Defiant|IronHead,Protect,LowKick,SuckerPunch|||F|||50|]Tyranitar||ChoiceScarf|SandStream|StoneEdge,IcePunch,LowKick,RockSlide|||M|||50|]Kommo-o||Leftovers|Soundproof|ClangingScales,ClangorousSoul,AuraSphere,Protect|||F|||50|\n|showteam|p2|Scovillain||Scovillainite|Chlorophyll|RagePowder,LeechSeed,Flamethrower,Protect|||M|||50|]Dragonite||LumBerry|InnerFocus|ScaleShot,ExtremeSpeed,LowKick,Protect|||F|||50|]Sneasler||WhiteHerb|Unburden|FakeOut,DireClaw,CloseCombat,Coaching|||F|||50|]Kingambit||ChopleBerry|Defiant|SuckerPunch,KowtowCleave,IronHead,Protect|||M|||50|]Primarina||SitrusBerry|LiquidVoice|CalmMind,HyperVoice,Moonblast,Protect|||M|||50|]Garganacl||Leftovers|PurifyingSalt|SaltCure,Recover,WideGuard,Protect|||F|||50|\n|inactive|Battle timer is ON: inactive players will automatically lose when time's up. (requested by 21Kieran)\n|j| Tealnotsu\n|inactive|21Kieran has 60 seconds left.\n|inactive|VanniVGC has 60 seconds left.\n|l| Tealnotsu\n|inactive|VanniVGC has 30 seconds left.\n|inactive|VanniVGC has 20 seconds left.\n|inactive|VanniVGC has 15 seconds left.\n|inactive|VanniVGC has 10 seconds left.\n|\n|t:|1776014464\n|teamsize|p1|4\n|teamsize|p2|4\n|start\n|switch|p1a: Kommo-o|Kommo-o, L50, F|100/100\n|switch|p1b: Tyranitar|Tyranitar, L50, M|100/100\n|switch|p2a: Sneasler|Sneasler, L50, F|100/100\n|switch|p2b: Garganacl|Garganacl, L50, F|100/100\n|-weather|Sandstorm|[from] ability: Sand Stream|[of] p1b: Tyranitar\n|turn|1\n|\n|t:|1776014487\n|switch|p1b: Gengar|Gengar, L50, M|100/100\n|move|p2a: Sneasler|Close Combat|p1b: Gengar\n|-immune|p1b: Gengar\n|move|p1a: Kommo-o|Clangorous Soul|p1a: Kommo-o\n|-boost|p1a: Kommo-o|atk|1\n|-boost|p1a: Kommo-o|def|1\n|-boost|p1a: Kommo-o|spa|1\n|-boost|p1a: Kommo-o|spd|1\n|-boost|p1a: Kommo-o|spe|1\n|-damage|p1a: Kommo-o|68/100\n|move|p2b: Garganacl|Salt Cure|p1a: Kommo-o\n|-resisted|p1a: Kommo-o|1\n|-damage|p1a: Kommo-o|64/100\n|-start|p1a: Kommo-o|Salt Cure\n|\n|-weather|Sandstorm|[upkeep]\n|-damage|p1a: Kommo-o|58/100|[from] Sandstorm\n|-damage|p2a: Sneasler|95/100|[from] Sandstorm\n|-damage|p1b: Gengar|95/100|[from] Sandstorm\n|-heal|p1a: Kommo-o|64/100|[from] item: Leftovers\n|-damage|p1a: Kommo-o|58/100|[from] Salt Cure\n|upkeep\n|turn|2\n|inactive|21Kieran has 30 seconds left.\n|inactive|VanniVGC has 30 seconds left.\n|inactive|21Kieran has 20 seconds left.\n|inactive|VanniVGC has 20 seconds left.\n|inactive|21Kieran has 15 seconds left.\n|inactive|21Kieran has 10 seconds left.\n|inactive|21Kieran has 5 seconds left.\n|\n|t:|1776014538\n|detailschange|p1b: Gengar|Gengar-Mega, L50, M\n|-mega|p1b: Gengar|Gengar|Gengarite\n|move|p1b: Gengar|Protect|p1b: Gengar\n|-singleturn|p1b: Gengar|Protect\n|move|p1a: Kommo-o|Clanging Scales|p2a: Sneasler|[spread] p2a,p2b\n|-damage|p2a: Sneasler|15/100\n|-damage|p2b: Garganacl|76/100\n|-unboost|p1a: Kommo-o|def|1\n|move|p2a: Sneasler|Dire Claw|p1b: Gengar\n|-activate|p1b: Gengar|move: Protect\n|move|p2b: Garganacl|Salt Cure|p1b: Gengar\n|-activate|p1b: Gengar|move: Protect\n|\n|-weather|Sandstorm|[upkeep]\n|-damage|p1a: Kommo-o|52/100|[from] Sandstorm\n|-damage|p1b: Gengar|89/100|[from] Sandstorm\n|-damage|p2a: Sneasler|9/100|[from] Sandstorm\n|-heal|p1a: Kommo-o|58/100|[from] item: Leftovers\n|-heal|p2b: Garganacl|82/100|[from] item: Leftovers\n|-damage|p1a: Kommo-o|52/100|[from] Salt Cure\n|upkeep\n|turn|3\n|\n|t:|1776014558\n|move|p1a: Kommo-o|Aura Sphere|p2b: Garganacl\n|-supereffective|p2b: Garganacl|1\n|-damage|p2b: Garganacl|29/100\n|move|p1b: Gengar|Shadow Ball|p2a: Sneasler\n|-damage|p2a: Sneasler|0 fnt\n|faint|p2a: Sneasler\n|move|p2b: Garganacl|Salt Cure|p1b: Gengar\n|-damage|p1b: Gengar|71/100\n|-start|p1b: Gengar|Salt Cure\n|\n|-weather|Sandstorm|[upkeep]\n|-damage|p1a: Kommo-o|46/100|[from] Sandstorm\n|-damage|p1b: Gengar|65/100|[from] Sandstorm\n|-heal|p1a: Kommo-o|52/100|[from] item: Leftovers\n|-heal|p2b: Garganacl|34/100|[from] item: Leftovers\n|-damage|p1a: Kommo-o|46/100|[from] Salt Cure\n|-damage|p1b: Gengar|59/100|[from] Salt Cure\n|upkeep\n|\n|t:|1776014572\n|switch|p2a: Primarina|Primarina, L50, M|100/100\n|turn|4\n|\n|t:|1776014583\n|move|p1a: Kommo-o|Protect|p1a: Kommo-o\n|-singleturn|p1a: Kommo-o|Protect\n|move|p1b: Gengar|Perish Song|p1b: Gengar\n|-immune|p1a: Kommo-o|[from] ability: Soundproof\n|-start|p1b: Gengar|perish3|[silent]\n|-start|p2a: Primarina|perish3|[silent]\n|-start|p2b: Garganacl|perish3|[silent]\n|-fieldactivate|move: Perish Song\n|move|p2a: Primarina|Calm Mind|p2a: Primarina\n|-boost|p2a: Primarina|spa|1\n|-boost|p2a: Primarina|spd|1\n|move|p2b: Garganacl|Recover|p2b: Garganacl\n|-heal|p2b: Garganacl|85/100\n|\n|-weather|Sandstorm|[upkeep]\n|-damage|p1a: Kommo-o|40/100|[from] Sandstorm\n|-damage|p1b: Gengar|53/100|[from] Sandstorm\n|-damage|p2a: Primarina|95/100|[from] Sandstorm\n|-heal|p1a: Kommo-o|46/100|[from] item: Leftovers\n|-heal|p2b: Garganacl|90/100|[from] item: Leftovers\n|-damage|p1a: Kommo-o|40/100|[from] Salt Cure\n|-damage|p1b: Gengar|47/100|[from] Salt Cure\n|-start|p1b: Gengar|perish3\n|-start|p2a: Primarina|perish3\n|-start|p2b: Garganacl|perish3\n|upkeep\n|turn|5\n|\n|t:|1776014598\n|switch|p1b: Sinistcha|Sinistcha, L50|100/100\n|-heal|p1a: Kommo-o|65/100|[from] ability: Hospitality|[of] p1b: Sinistcha\n|move|p1a: Kommo-o|Aura Sphere|p2b: Garganacl\n|-supereffective|p2b: Garganacl|1\n|-damage|p2b: Garganacl|38/100\n|move|p2a: Primarina|Hyper Voice|p1a: Kommo-o|[spread] p1b\n|-immune|p1a: Kommo-o|[from] ability: Soundproof\n|-resisted|p1b: Sinistcha|1\n|-damage|p1b: Sinistcha|77/100\n|move|p2b: Garganacl|Salt Cure|p1a: Kommo-o\n|-resisted|p1a: Kommo-o|1\n|-damage|p1a: Kommo-o|58/100\n|\n|-weather|none\n|-heal|p1a: Kommo-o|64/100|[from] item: Leftovers\n|-heal|p2b: Garganacl|44/100|[from] item: Leftovers\n|-damage|p1a: Kommo-o|58/100|[from] Salt Cure\n|-start|p2a: Primarina|perish2\n|-start|p2b: Garganacl|perish2\n|upkeep\n|turn|6\n|inactive|VanniVGC has 30 seconds left.\n|\n|t:|1776014625\n|switch|p2a: Kingambit|Kingambit, L50, M|100/100\n|move|p1a: Kommo-o|Protect|p1a: Kommo-o\n|-singleturn|p1a: Kommo-o|Protect\n|move|p1b: Sinistcha|Life Dew|p1b: Sinistcha|[spread] p1a,p1b\n|-heal|p1a: Kommo-o|83/100\n|-heal|p1b: Sinistcha|100/100\n|move|p2b: Garganacl|Salt Cure|p1b: Sinistcha\n|-damage|p1b: Sinistcha|87/100\n|-start|p1b: Sinistcha|Salt Cure\n|\n|-heal|p1a: Kommo-o|89/100|[from] item: Leftovers\n|-heal|p2b: Garganacl|50/100|[from] item: Leftovers\n|-damage|p1a: Kommo-o|83/100|[from] Salt Cure\n|-damage|p1b: Sinistcha|81/100|[from] Salt Cure\n|-start|p2b: Garganacl|perish1\n|upkeep\n|turn|7\n|\n|t:|1776014643\n|switch|p2b: Primarina|Primarina, L50, M|95/100\n|move|p2a: Kingambit|Protect|p2a: Kingambit\n|-singleturn|p2a: Kingambit|Protect\n|move|p1a: Kommo-o|Clangorous Soul|p1a: Kommo-o\n|-boost|p1a: Kommo-o|atk|1\n|-boost|p1a: Kommo-o|def|1\n|-boost|p1a: Kommo-o|spa|1\n|-boost|p1a: Kommo-o|spd|1\n|-boost|p1a: Kommo-o|spe|1\n|-damage|p1a: Kommo-o|50/100\n|move|p1b: Sinistcha|Life Dew|p1b: Sinistcha|[spread] p1a,p1b\n|-heal|p1a: Kommo-o|75/100\n|-heal|p1b: Sinistcha|100/100\n|\n|-heal|p1a: Kommo-o|81/100|[from] item: Leftovers\n|-damage|p1a: Kommo-o|75/100|[from] Salt Cure\n|-damage|p1b: Sinistcha|94/100|[from] Salt Cure\n|upkeep\n|turn|8\n|\n|t:|1776014657\n|switch|p2a: Garganacl|Garganacl, L50, F|50/100\n|move|p1b: Sinistcha|Rage Powder|p1b: Sinistcha\n|-singleturn|p1b: Sinistcha|move: Rage Powder\n|move|p1a: Kommo-o|Aura Sphere|p2a: Garganacl\n|-supereffective|p2a: Garganacl|1\n|-damage|p2a: Garganacl|0 fnt\n|faint|p2a: Garganacl\n|move|p2b: Primarina|Moonblast|p1b: Sinistcha\n|-damage|p1b: Sinistcha|48/100\n|-enditem|p1b: Sinistcha|Sitrus Berry|[eat]\n|-heal|p1b: Sinistcha|73/100|[from] item: Sitrus Berry\n|\n|-heal|p1a: Kommo-o|81/100|[from] item: Leftovers\n|-damage|p1a: Kommo-o|75/100|[from] Salt Cure\n|-damage|p1b: Sinistcha|67/100|[from] Salt Cure\n|upkeep\n|n|\u260621Kieran|21kieran\n|\n|t:|1776014664\n|switch|p2a: Kingambit|Kingambit, L50, M|100/100\n|turn|9\n|\n|t:|1776014679\n|move|p1a: Kommo-o|Protect|p1a: Kommo-o\n|-singleturn|p1a: Kommo-o|Protect\n|move|p1b: Sinistcha|Life Dew|p1b: Sinistcha|[spread] p1a,p1b\n|-heal|p1a: Kommo-o|100/100\n|-heal|p1b: Sinistcha|91/100\n|move|p2b: Primarina|Calm Mind|p2b: Primarina\n|-boost|p2b: Primarina|spa|1\n|-boost|p2b: Primarina|spd|1\n|move|p2a: Kingambit|Kowtow Cleave|p1b: Sinistcha\n|-supereffective|p1b: Sinistcha|1\n|-damage|p1b: Sinistcha|12/100\n|\n|-damage|p1a: Kommo-o|95/100|[from] Salt Cure\n|-damage|p1b: Sinistcha|6/100|[from] Salt Cure\n|upkeep\n|turn|10\n|\n|t:|1776014703\n|move|p2a: Kingambit|Protect|p2a: Kingambit\n|-singleturn|p2a: Kingambit|Protect\n|move|p1b: Sinistcha|Rage Powder|p1b: Sinistcha\n|-singleturn|p1b: Sinistcha|move: Rage Powder\n|move|p1a: Kommo-o|Aura Sphere|p2a: Kingambit\n|-activate|p2a: Kingambit|move: Protect\n|move|p2b: Primarina|Moonblast|p1b: Sinistcha\n|-damage|p1b: Sinistcha|0 fnt\n|faint|p1b: Sinistcha\n|\n|-heal|p1a: Kommo-o|100/100|[from] item: Leftovers\n|-damage|p1a: Kommo-o|95/100|[from] Salt Cure\n|upkeep\n|\n|t:|1776014706\n|switch|p1b: Tyranitar|Tyranitar, L50, M|100/100\n|-weather|Sandstorm|[from] ability: Sand Stream|[of] p1b: Tyranitar\n|turn|11\n|\n|t:|1776014718\n|move|p1a: Kommo-o|Aura Sphere|p2a: Kingambit\n|-supereffective|p2a: Kingambit|2\n|-enditem|p2a: Kingambit|Chople Berry|[eat]\n|-enditem|p2a: Kingambit|Chople Berry|[weaken]\n|-damage|p2a: Kingambit|0 fnt\n|faint|p2a: Kingambit\n|move|p1b: Tyranitar|Stone Edge|p2b: Primarina\n|-crit|p2b: Primarina\n|-damage|p2b: Primarina|15/100\n|-enditem|p2b: Primarina|Sitrus Berry|[eat]\n|-heal|p2b: Primarina|40/100|[from] item: Sitrus Berry\n|move|p2b: Primarina|Moonblast|p1b: Tyranitar\n|-supereffective|p1b: Tyranitar|1\n|-damage|p1b: Tyranitar|6/100\n|\n|-weather|Sandstorm|[upkeep]\n|-damage|p1a: Kommo-o|89/100|[from] Sandstorm\n|-damage|p2b: Primarina|34/100|[from] Sandstorm\n|-heal|p1a: Kommo-o|95/100|[from] item: Leftovers\n|-damage|p1a: Kommo-o|89/100|[from] Salt Cure\n|upkeep\n|turn|12\n|-message|VanniVGC forfeited.\n|\n|win|21Kieran\n",
  "uploadtime": 1776014728,
  "views": 17,
  "formatid": "gen9championsvgc2026regma",
  "rating": null,
  "private": 0,
  "password": null
}