{
  "id": "gen9championsvgc2026regma-2587798219",
  "format": "[Gen 9 Champions] VGC 2026 Reg M-A",
  "players": [
    "flurrage",
    "Boredrake2"
  ],
  "log": "|j|\u2606flurrage\n|j|\u2606Boredrake2\n|t:|1776565075\n|gametype|doubles\n|player|p1|flurrage|caitlin|1459\n|player|p2|Boredrake2|steven|1462\n|gen|9\n|tier|[Gen 9 Champions] VGC 2026 Reg M-A\n|rated|\n|rule|Species Clause: Limit one of each Pok\u00e9mon\n|rule|Item Clause: Limit 1 of each item\n|clearpoke\n|poke|p1|Tyranitar, L50, F|\n|poke|p1|Rotom-Wash, L50|\n|poke|p1|Venusaur, L50, F|\n|poke|p1|Garchomp, L50, F|\n|poke|p1|Corviknight, L50, F|\n|poke|p1|Farigiraf, L50, F|\n|poke|p2|Milotic, L50, F|\n|poke|p2|Farigiraf, L50, F|\n|poke|p2|Altaria, L50, F|\n|poke|p2|Volcarona, L50, F|\n|poke|p2|Aegislash, L50, M|\n|poke|p2|Garchomp, L50, F|\n|teampreview|4\n|inactive|Battle timer is ON: inactive players will automatically lose when time's up. (requested by Boredrake2)\n|inactive|flurrage has 60 seconds left.\n|inactive|Boredrake2 has 60 seconds left.\n|inactive|flurrage has 30 seconds left.\n|inactive|flurrage has 20 seconds left.\n|inactive|flurrage has 15 seconds left.\n|inactive|flurrage has 10 seconds left.\n|\n|t:|1776565156\n|teamsize|p1|4\n|teamsize|p2|4\n|start\n|switch|p1a: Corviknight|Corviknight, L50, F|100/100\n|switch|p1b: Garchomp|Garchomp, L50, F|100/100\n|switch|p2a: Aegislash|Aegislash, L50, M|100/100\n|switch|p2b: Volcarona|Volcarona, L50, F|100/100\n|turn|1\n|\n|t:|1776565172\n|move|p2b: Volcarona|Flamethrower|p1a: Corviknight\n|-supereffective|p1a: Corviknight|1\n|-damage|p1a: Corviknight|10/100\n|-status|p1a: Corviknight|brn\n|move|p1b: Garchomp|Earthquake|p2b: Volcarona|[spread] p2a,p2b\n|-immune|p1a: Corviknight\n|-supereffective|p2a: Aegislash|1\n|-damage|p2a: Aegislash|38/100\n|-damage|p2b: Volcarona|36/100\n|move|p1a: Corviknight|Tailwind|p1a: Corviknight\n|-sidestart|p1: flurrage|move: Tailwind\n|-formechange|p2a: Aegislash|Aegislash-Blade|\n|move|p2a: Aegislash|Poltergeist|p1b: Garchomp\n|-activate|p1b: Garchomp|move: Poltergeist|White Herb\n|-damage|p1b: Garchomp|37/100\n|\n|-heal|p2a: Aegislash|44/100|[from] item: Leftovers\n|-damage|p1a: Corviknight|4/100 brn|[from] brn\n|upkeep\n|turn|2\n|\n|t:|1776565189\n|move|p2b: Volcarona|Protect|p2b: Volcarona\n|-singleturn|p2b: Volcarona|Protect\n|-formechange|p2a: Aegislash|Aegislash|\n|move|p2a: Aegislash|King's Shield|p2a: Aegislash\n|-singleturn|p2a: Aegislash|Protect\n|move|p1b: Garchomp|Earthquake|p2b: Volcarona|[spread] \n|-activate|p2a: Aegislash|move: Protect\n|-activate|p2b: Volcarona|move: Protect\n|-immune|p1a: Corviknight\n|move|p1a: Corviknight|Brave Bird|p2b: Volcarona\n|-activate|p2b: Volcarona|move: Protect\n|\n|-heal|p2a: Aegislash|50/100|[from] item: Leftovers\n|-damage|p1a: Corviknight|0 fnt|[from] brn\n|faint|p1a: Corviknight\n|upkeep\n|\n|t:|1776565196\n|switch|p1a: Tyranitar|Tyranitar, L50, F|100/100\n|-weather|Sandstorm|[from] ability: Sand Stream|[of] p1a: Tyranitar\n|turn|3\n|inactive|Boredrake2 has 30 seconds left.\n|\n|t:|1776565225\n|switch|p2a: Altaria|Altaria, L50, F|100/100\n|-ability|p2a: Altaria|Cloud Nine\n|move|p1b: Garchomp|Rock Slide|p2b: Volcarona|[spread] p2a,p2b\n|-supereffective|p2a: Altaria|1\n|-supereffective|p2b: Volcarona|2\n|-damage|p2a: Altaria|49/100\n|-damage|p2b: Volcarona|0 fnt\n|faint|p2b: Volcarona\n|move|p1a: Tyranitar|Knock Off|p2a: Altaria\n|-damage|p2a: Altaria|6/100\n|\n|-weather|Sandstorm|[upkeep]\n|upkeep\n|\n|t:|1776565237\n|switch|p2b: Aegislash|Aegislash, L50, M|50/100\n|turn|4\n|\n|t:|1776565260\n|move|p2a: Altaria|Protect|p2a: Altaria\n|-singleturn|p2a: Altaria|Protect\n|move|p2b: Aegislash|King's Shield|p2b: Aegislash\n|-singleturn|p2b: Aegislash|Protect\n|move|p1b: Garchomp|Rock Slide|p2a: Altaria|[spread] \n|-activate|p2a: Altaria|move: Protect\n|-activate|p2b: Aegislash|move: Protect\n|move|p1a: Tyranitar|Knock Off|p2b: Aegislash\n|-activate|p2b: Aegislash|move: Protect\n|-unboost|p1a: Tyranitar|atk|1\n|\n|-weather|Sandstorm|[upkeep]\n|-heal|p2b: Aegislash|56/100|[from] item: Leftovers\n|-sideend|p1: flurrage|move: Tailwind\n|upkeep\n|turn|5\n|inactive|flurrage has 30 seconds left.\n|\n|t:|1776565289\n|detailschange|p2a: Altaria|Altaria-Mega, L50, F\n|-mega|p2a: Altaria|Altaria|Altarianite\n|move|p1b: Garchomp|Rock Slide|p2b: Aegislash|[spread] p2a,p2b\n|-resisted|p2b: Aegislash|1\n|-damage|p2a: Altaria|0 fnt\n|-damage|p2b: Aegislash|48/100\n|faint|p2a: Altaria\n|move|p1a: Tyranitar|Knock Off|p2b: Aegislash\n|-supereffective|p2b: Aegislash|1\n|-damage|p2b: Aegislash|0 fnt\n|-enditem|p2b: Aegislash|Leftovers|[from] move: Knock Off|[of] p1a: Tyranitar\n|faint|p2b: Aegislash\n|\n|-weather|Sandstorm|[upkeep]\n|upkeep\n|-message|Boredrake2 forfeited.\n|\n|win|flurrage\n|raw|flurrage's rating: 1459 &rarr; <strong>1479</strong><br />(+20 for winning)\n|raw|Boredrake2's rating: 1462 &rarr; <strong>1442</strong><br />(-20 for losing)\n|l|\u2606Boredrake2\n|player|p2|\n",
  "uploadtime": 1776565303,
  "views": 24,
  "formatid": "gen9championsvgc2026regma",
  "rating": 1442,
  "private": 0,
  "password": null
}