{
  "id": "gen9championsvgc2026regma-2584537664",
  "format": "[Gen 9 Champions] VGC 2026 Reg M-A",
  "players": [
    "RedPokemon0808",
    "tanberry"
  ],
  "log": "|j|\u2606RedPokemon0808\n|j|\u2606tanberry\n|t:|1776267355\n|gametype|doubles\n|player|p1|RedPokemon0808|red|1142\n|player|p2|tanberry|hilbert|1047\n|gen|9\n|tier|[Gen 9 Champions] VGC 2026 Reg M-A\n|rated|\n|rule|Species Clause: Limit one of each Pok\u00e9mon\n|rule|Item Clause: Limit 1 of each item\n|clearpoke\n|poke|p1|Charizard, L50, M|\n|poke|p1|Venusaur, L50, M|\n|poke|p1|Garchomp, L50, M|\n|poke|p1|Rotom-Wash, L50|\n|poke|p1|Sneasler, L50, F|\n|poke|p1|Incineroar, L50, M|\n|poke|p2|Hatterene, L50, F|\n|poke|p2|Alakazam, L50, M|\n|poke|p2|Armarouge, L50, F|\n|poke|p2|Meowstic, L50, M|\n|poke|p2|Aerodactyl, L50, M|\n|poke|p2|Garchomp, L50, M|\n|teampreview|4\n|inactive|Battle timer is ON: inactive players will automatically lose when time's up. (requested by RedPokemon0808)\n|\n|t:|1776267400\n|teamsize|p1|4\n|teamsize|p2|4\n|start\n|switch|p1a: Charizard|Charizard, L50, M, shiny|100/100\n|switch|p1b: Incineroar|Incineroar, L50, M, shiny|100/100\n|switch|p2a: Hatterene|Hatterene, L50, F|100/100\n|switch|p2b: Aerodactyl|Aerodactyl, L50, M|100/100\n|-ability|p2b: Aerodactyl|Unnerve\n|-ability|p1b: Incineroar|Intimidate|boost\n|-unboost|p2a: Hatterene|atk|1\n|-unboost|p2b: Aerodactyl|atk|1\n|turn|1\n|\n|t:|1776267421\n|detailschange|p1a: Charizard|Charizard-Mega-Y, L50, M, shiny\n|-mega|p1a: Charizard|Charizard|Charizardite Y\n|-weather|SunnyDay|[from] ability: Drought|[of] p1a: Charizard\n|move|p2b: Aerodactyl|Protect|p2b: Aerodactyl\n|-singleturn|p2b: Aerodactyl|Protect\n|move|p1b: Incineroar|Fake Out|p2b: Aerodactyl\n|-activate|p2b: Aerodactyl|move: Protect\n|move|p1a: Charizard|Heat Wave|p2a: Hatterene|[spread] p2a\n|-activate|p2b: Aerodactyl|move: Protect\n|-damage|p2a: Hatterene|47/100\n|move|p2a: Hatterene|Psychic Terrain|p2a: Hatterene\n|-fieldstart|move: Psychic Terrain\n|\n|-weather|SunnyDay|[upkeep]\n|-heal|p2a: Hatterene|54/100|[from] item: Leftovers\n|upkeep\n|turn|2\n|\n|t:|1776267445\n|move|p1a: Charizard|Protect|p1a: Charizard\n|-singleturn|p1a: Charizard|Protect\n|move|p2b: Aerodactyl|Rock Slide|p1b: Incineroar|[spread] p1b\n|-activate|p1a: Charizard|move: Protect\n|-supereffective|p1b: Incineroar|1\n|-crit|p1b: Incineroar\n|-damage|p1b: Incineroar|29/100\n|move|p1b: Incineroar|Parting Shot|p2a: Hatterene\n|move|p2a: Hatterene|Parting Shot|p1b: Incineroar|[from] ability: Magic Bounce\n|-unboost|p1b: Incineroar|atk|1\n|-unboost|p1b: Incineroar|spa|1\n|\n|t:|1776267457\n|switch|p2a: Alakazam|Alakazam, L50, M|100/100|[from] Parting Shot\n|\n|-weather|SunnyDay|[upkeep]\n|upkeep\n|turn|3\n|\n|t:|1776267469\n|switch|p1a: Garchomp|Garchomp, L50, M, shiny|100/100\n|detailschange|p2a: Alakazam|Alakazam-Mega, L50, M\n|-mega|p2a: Alakazam|Alakazam|Alakazite\n|-ability|p2a: Alakazam|Rough Skin|Trace|[from] ability: Trace|[of] p1a: Garchomp\n|move|p2a: Alakazam|Expanding Force|p1b: Incineroar|[spread] p1a\n|-immune|p1b: Incineroar\n|-damage|p1a: Garchomp|22/100\n|move|p2b: Aerodactyl|Rock Slide|p1b: Incineroar|[spread] p1a,p1b\n|-resisted|p1a: Garchomp|1\n|-supereffective|p1b: Incineroar|1\n|-damage|p1a: Garchomp|14/100\n|-damage|p1b: Incineroar|0 fnt\n|faint|p1b: Incineroar\n|\n|-weather|SunnyDay|[upkeep]\n|upkeep\n|\n|t:|1776267474\n|switch|p1b: Charizard|Charizard-Mega-Y, L50, M, shiny|100/100\n|turn|4\n|\n|t:|1776267489\n|move|p1a: Garchomp|Rock Slide|p2b: Aerodactyl|[spread] p2a,p2b\n|-supereffective|p2b: Aerodactyl|1\n|-damage|p2a: Alakazam|60/100\n|-damage|p2b: Aerodactyl|28/100\n|move|p2a: Alakazam|Calm Mind|p2a: Alakazam\n|-boost|p2a: Alakazam|spa|1\n|-boost|p2a: Alakazam|spd|1\n|move|p2b: Aerodactyl|Rock Slide|p1a: Garchomp|[spread] p1a,p1b\n|-resisted|p1a: Garchomp|1\n|-supereffective|p1b: Charizard|2\n|-damage|p1a: Garchomp|6/100\n|-damage|p1b: Charizard|0 fnt\n|faint|p1b: Charizard\n|\n|-weather|SunnyDay|[upkeep]\n|upkeep\n|\n|t:|1776267496\n|switch|p1b: Sneasler|Sneasler, L50, F, shiny|100/100\n|turn|5\n|\n|t:|1776267505\n|move|p2a: Alakazam|Protect|p2a: Alakazam\n|-singleturn|p2a: Alakazam|Protect\n|move|p1b: Sneasler|Fake Out|p2a: Alakazam\n|-activate|p2a: Alakazam|move: Psychic Terrain\n|move|p1a: Garchomp|Rock Slide|p2b: Aerodactyl|[spread] p2b\n|-activate|p2a: Alakazam|move: Protect\n|-supereffective|p2b: Aerodactyl|1\n|-damage|p2b: Aerodactyl|0 fnt\n|faint|p2b: Aerodactyl\n|\n|-weather|none\n|-fieldend|move: Psychic Terrain\n|upkeep\n|\n|t:|1776267517\n|switch|p2b: Armarouge|Armarouge, L50, F, shiny|100/100\n|turn|6\n|\n|t:|1776267528\n|move|p1a: Garchomp|Rock Slide|p2a: Alakazam|[spread] p2a,p2b\n|-supereffective|p2b: Armarouge|1\n|-damage|p2a: Alakazam|17/100\n|-damage|p2b: Armarouge|61/100\n|move|p2a: Alakazam|Expanding Force|p1b: Sneasler\n|-supereffective|p1b: Sneasler|2\n|-damage|p1b: Sneasler|0 fnt\n|faint|p1b: Sneasler\n|move|p2b: Armarouge|Expanding Force|p1a: Garchomp\n|-damage|p1a: Garchomp|0 fnt\n|faint|p1a: Garchomp\n|\n|win|tanberry\n|raw|RedPokemon0808's rating: 1142 &rarr; <strong>1110</strong><br />(-32 for losing)\n|raw|tanberry's rating: 1047 &rarr; <strong>1089</strong><br />(+42 for winning)\n|l|\u2606RedPokemon0808\n|player|p1|\n",
  "uploadtime": 1776267542,
  "views": 42,
  "formatid": "gen9championsvgc2026regma",
  "rating": 1089,
  "private": 0,
  "password": null
}