{
  "id": "gen9championsvgc2026regma-2581808066",
  "format": "[Gen 9 Champions] VGC 2026 Reg M-A",
  "players": [
    "bludoh",
    "Rhonder"
  ],
  "log": "|j|\u2606bludoh\n|j|\u2606Rhonder\n|t:|1776030070\n|gametype|doubles\n|player|p1|bludoh|265|1000\n|player|p2|Rhonder|roxie|1000\n|gen|9\n|tier|[Gen 9 Champions] VGC 2026 Reg M-A\n|rated|\n|rule|Species Clause: Limit one of each Pok\u00e9mon\n|rule|Item Clause: Limit 1 of each item\n|clearpoke\n|poke|p1|Greninja-*, L50, M|\n|poke|p1|Pelipper, L50, M|\n|poke|p1|Archaludon, L50, F|\n|poke|p1|Gyarados, L50, F|\n|poke|p1|Basculegion, L50, M|\n|poke|p1|Raichu, L50, F|\n|poke|p2|Delphox, L50, F|\n|poke|p2|Garchomp, L50, F|\n|poke|p2|Sneasler, L50, M|\n|poke|p2|Kingambit, L50, M|\n|poke|p2|Rotom-Wash, L50|\n|poke|p2|Whimsicott, L50, M|\n|teampreview|4\n|inactive|Battle timer is ON: inactive players will automatically lose when time's up. (requested by bludoh)\nRhonder has agreed to open team sheets.\n|inactive|Rhonder has 60 seconds left.\n|\n|t:|1776030112\n|teamsize|p1|4\n|teamsize|p2|4\n|start\n|switch|p1a: Pelipper|Pelipper, L50, M|100/100\n|switch|p1b: Gyarados|Gyarados, L50, F|100/100\n|switch|p2a: Rotom|Rotom-Wash, L50|100/100\n|switch|p2b: Garchomp|Garchomp, L50, F|100/100\n|-ability|p1b: Gyarados|Intimidate|boost\n|-unboost|p2a: Rotom|atk|1\n|-unboost|p2b: Garchomp|atk|1\n|-weather|RainDance|[from] ability: Drizzle|[of] p1a: Pelipper\n|turn|1\n|\n|t:|1776030134\n|move|p2b: Garchomp|Rock Slide|p1a: Pelipper|[spread] p1a,p1b\n|-supereffective|p1a: Pelipper|1\n|-crit|p1a: Pelipper\n|-supereffective|p1b: Gyarados|1\n|-damage|p1a: Pelipper|36/100\n|-damage|p1b: Gyarados|65/100\n|move|p1b: Gyarados|Earthquake|p2a: Rotom|[spread] p2b\n|-immune|p1a: Pelipper\n|-immune|p2a: Rotom|[from] ability: Levitate\n|-damage|p2b: Garchomp|77/100\n|move|p2a: Rotom|Hydro Pump|p1a: Pelipper\n|-resisted|p1a: Pelipper|1\n|-damage|p1a: Pelipper|0 fnt\n|faint|p1a: Pelipper\n|\n|-weather|RainDance|[upkeep]\n|upkeep\n|\n|t:|1776030148\n|switch|p1a: Greninja|Greninja, L50, M|100/100\n|turn|2\n|\n|t:|1776030159\n|switch|p1b: Raichu|Raichu, L50, F|100/100\n|detailschange|p1a: Greninja|Greninja-Mega, L50, M\n|-mega|p1a: Greninja|Greninja|Greninjite\n|move|p2b: Garchomp|Rock Slide|p1a: Greninja|[spread] p1a,p1b\n|-damage|p1a: Greninja|80/100\n|-damage|p1b: Raichu|78/100\n|move|p1a: Greninja|Ice Beam|p2b: Garchomp\n|-start|p1a: Greninja|typechange|Ice|[from] ability: Protean\n|-supereffective|p2b: Garchomp|2\n|-damage|p2b: Garchomp|0 fnt\n|faint|p2b: Garchomp\n|move|p2a: Rotom|Electroweb|p1b: Raichu|[spread] p1a\n|-ability|p1b: Raichu|Lightning Rod|boost\n|-boost|p1b: Raichu|spa|1\n|-damage|p1a: Greninja|53/100\n|-unboost|p1a: Greninja|spe|1\n|\n|-weather|RainDance|[upkeep]\n|-heal|p1b: Raichu|83/100|[from] item: Leftovers\n|upkeep\n|inactive|Rhonder has 30 seconds left.\n|inactive|Rhonder has 20 seconds left.\n|\n|t:|1776030196\n|switch|p2b: Sneasler|Sneasler, L50, M|100/100\n|turn|3\n|\n|t:|1776030214\n|move|p2b: Sneasler|Fake Out|p1b: Raichu\n|-damage|p1b: Raichu|64/100\n|cant|p1b: Raichu|flinch\n|move|p1a: Greninja|Extrasensory|p2b: Sneasler\n|-supereffective|p2b: Sneasler|2\n|-damage|p2b: Sneasler|0 fnt\n|faint|p2b: Sneasler\n|move|p2a: Rotom|Hydro Pump|p1b: Raichu\n|-damage|p1b: Raichu|0 fnt\n|faint|p1b: Raichu\n|\n|-weather|RainDance|[upkeep]\n|upkeep\n|\n|t:|1776030225\n|switch|p2b: Whimsicott|Whimsicott, L50, M|100/100\n|switch|p1b: Gyarados|Gyarados, L50, F|65/100\n|-ability|p1b: Gyarados|Intimidate|boost\n|-unboost|p2a: Rotom|atk|1\n|-unboost|p2b: Whimsicott|atk|1\n|turn|4\n|\n|t:|1776030243\n|move|p2b: Whimsicott|Tailwind|p2b: Whimsicott\n|-sidestart|p2: Rhonder|move: Tailwind\n|move|p1b: Gyarados|Crunch|p2a: Rotom\n|-damage|p2a: Rotom|79/100\n|move|p2a: Rotom|Electroweb|p1b: Gyarados|[spread] p1a,p1b\n|-supereffective|p1b: Gyarados|2\n|-damage|p1a: Greninja|28/100\n|-damage|p1b: Gyarados|0 fnt\n|-unboost|p1a: Greninja|spe|1\n|faint|p1b: Gyarados\n|move|p1a: Greninja|Acrobatics|p2b: Whimsicott\n|-supereffective|p2b: Whimsicott|1\n|-damage|p2b: Whimsicott|68/100\n|\n|-weather|RainDance|[upkeep]\n|upkeep\n|turn|5\n|\n|t:|1776030260\n|move|p2b: Whimsicott|Helping Hand|p2a: Rotom\n|-singleturn|p2a: Rotom|Helping Hand|[of] p2b: Whimsicott\n|move|p2a: Rotom|Thunderbolt|p1a: Greninja\n|-damage|p1a: Greninja|0 fnt\n|faint|p1a: Greninja\n|\n|win|Rhonder\n|raw|bludoh's rating: 1000 &rarr; <strong>1000</strong><br />(+0 for losing)\n|raw|Rhonder's rating: 1000 &rarr; <strong>1040</strong><br />(+40 for winning)\n|l|\u2606bludoh\n|player|p1|\n",
  "uploadtime": 1776030268,
  "views": 14,
  "formatid": "gen9championsvgc2026regma",
  "rating": 1000,
  "private": 0,
  "password": null
}