{
  "id": "gen9championsvgc2026regma-2588548713",
  "format": "[Gen 9 Champions] VGC 2026 Reg M-A",
  "players": [
    "Tabula Rasa (TB)",
    "AverageAsh"
  ],
  "log": "|j|\u2606Tabula Rasa (TB)\n|j|\u2606AverageAsh\n|t:|1776643886\n|gametype|doubles\n|player|p1|Tabula Rasa (TB)|zinzolin|1167\n|player|p2|AverageAsh|1|1118\n|gen|9\n|tier|[Gen 9 Champions] VGC 2026 Reg M-A\n|rated|\n|rule|Species Clause: Limit one of each Pok\u00e9mon\n|rule|Item Clause: Limit 1 of each item\n|clearpoke\n|poke|p1|Sableye, L50, M, shiny|\n|poke|p1|Sinistcha-Masterpiece, L50, shiny|\n|poke|p1|Incineroar, L50, M, shiny|\n|poke|p1|Zoroark-Hisui, L50, M, shiny|\n|poke|p1|Kommo-o, L50, M, shiny|\n|poke|p1|Gengar, L50, M, shiny|\n|poke|p2|Scovillain, L50, F|\n|poke|p2|Dragapult, L50, F|\n|poke|p2|Milotic, L50, M|\n|poke|p2|Oranguru, L50, M|\n|poke|p2|Glimmora, L50, F|\n|poke|p2|Delphox, L50, M|\n|teampreview|4\n|inactive|Battle timer is ON: inactive players will automatically lose when time's up. (requested by AverageAsh)\n|inactive|Tabula Rasa (TB) also wants the timer to be on.\n|inactive|Tabula Rasa (TB) has 60 seconds left.\n|inactive|AverageAsh has 60 seconds left.\n|inactive|AverageAsh has 30 seconds left.\n|inactive|AverageAsh has 20 seconds left.\n|\n|t:|1776643960\n|teamsize|p1|4\n|teamsize|p2|4\n|start\n|switch|p1a: Jewl|Sableye, L50, M, shiny|100/100\n|switch|p1b: Fright Night|Gengar, L50, M, shiny|100/100\n|switch|p2a: Scovillain|Scovillain, L50, F|100/100\n|switch|p2b: Milotic|Milotic, L50, M|100/100\n|turn|1\n|\n|t:|1776643980\n|switch|p2a: Glimmora|Glimmora, L50, F|100/100\n|move|p1a: Jewl|Protect|p1a: Jewl\n|-singleturn|p1a: Jewl|Protect\n|move|p1b: Fright Night|Protect|p1b: Fright Night\n|-singleturn|p1b: Fright Night|Protect\n|move|p2b: Milotic|Coil|p2b: Milotic\n|-boost|p2b: Milotic|atk|1\n|-boost|p2b: Milotic|def|1\n|-boost|p2b: Milotic|accuracy|1\n|\n|upkeep\n|turn|2\n|\n|t:|1776643996\n|move|p1a: Jewl|Encore|p2b: Milotic\n|-start|p2b: Milotic|Encore\n|move|p1b: Fright Night|Nasty Plot|p1b: Fright Night\n|-boost|p1b: Fright Night|spa|2\n|move|p2a: Glimmora|Earth Power|p1b: Fright Night\n|-damage|p1b: Fright Night|45/100\n|replace|p1b: Him|Zoroark-Hisui, L50, M, shiny\n|-end|p1b: Him|Illusion\n|move|p2b: Milotic|Coil|p2b: Milotic\n|-boost|p2b: Milotic|atk|1\n|-boost|p2b: Milotic|def|1\n|-boost|p2b: Milotic|accuracy|1\n|\n|upkeep\n|turn|3\n|\n|t:|1776644011\n|move|p1a: Jewl|Disable|p2a: Glimmora\n|-start|p2a: Glimmora|Disable|Earth Power\n|move|p1b: Him|Shadow Ball|p2a: Glimmora\n|-damage|p2a: Glimmora|23/100\n|move|p2a: Glimmora|Power Gem|p1b: Him\n|-damage|p1b: Him|0 fnt\n|faint|p1b: Him\n|move|p2b: Milotic|Coil|p2b: Milotic\n|-boost|p2b: Milotic|atk|1\n|-boost|p2b: Milotic|def|1\n|-boost|p2b: Milotic|accuracy|1\n|\n|upkeep\n|\n|t:|1776644026\n|switch|p1b: Sinistcha|Sinistcha-Masterpiece, L50, shiny|100/100\n|turn|4\n|\n|t:|1776644040\n|switch|p2a: Scovillain|Scovillain, L50, F|100/100\n|move|p1a: Jewl|Encore||[still]\n|-fail|p1a: Jewl\n|move|p2b: Milotic|Coil|p2b: Milotic\n|-boost|p2b: Milotic|atk|1\n|-boost|p2b: Milotic|def|1\n|-boost|p2b: Milotic|accuracy|1\n|move|p1b: Sinistcha|Trick Room|p1b: Sinistcha\n|-fieldstart|move: Trick Room|[of] p1b: Sinistcha\n|\n|-end|p2b: Milotic|Encore\n|upkeep\n|turn|5\n|\n|t:|1776644056\n|detailschange|p2a: Scovillain|Scovillain-Mega, L50, F\n|-mega|p2a: Scovillain|Scovillain|Scovillainite\n|move|p2a: Scovillain|Rage Powder|p2a: Scovillain\n|-singleturn|p2a: Scovillain|move: Rage Powder\n|move|p1a: Jewl|Encore|p2a: Scovillain\n|-start|p2a: Scovillain|Encore\n|move|p1b: Sinistcha|Matcha Gotcha|p2a: Scovillain|[spread] p2b\n|-miss|p1b: Sinistcha|p2a: Scovillain\n|-supereffective|p2b: Milotic|1\n|-damage|p2b: Milotic|65/100\n|move|p2b: Milotic|Hypnosis|p1b: Sinistcha\n|-status|p1b: Sinistcha|slp|[from] move: Hypnosis\n|\n|upkeep\n|turn|6\n|\n|t:|1776644070\n|move|p2a: Scovillain|Rage Powder|p2a: Scovillain\n|-singleturn|p2a: Scovillain|move: Rage Powder\n|move|p1a: Jewl|Disable|p2a: Scovillain\n|-start|p2a: Scovillain|Disable|Rage Powder\n|cant|p1b: Sinistcha|slp\n|move|p2b: Milotic|Muddy Water|p1a: Jewl|[spread] p1a,p1b\n|-resisted|p1b: Sinistcha|1\n|-damage|p1a: Jewl|60/100\n|-damage|p1b: Sinistcha|89/100 slp\n|-unboost|p1b: Sinistcha|accuracy|1\n|\n|upkeep\n|turn|7\n|\n|t:|1776644089\n|switch|p2a: Glimmora|Glimmora, L50, F|23/100\n|move|p1a: Jewl|Disable|p2b: Milotic\n|-start|p2b: Milotic|Disable|Muddy Water\n|-curestatus|p1b: Sinistcha|slp|[msg]\n|move|p1b: Sinistcha|Matcha Gotcha|p2a: Glimmora|[spread] p2b\n|-miss|p1b: Sinistcha|p2a: Glimmora\n|-supereffective|p2b: Milotic|1\n|-damage|p2b: Milotic|29/100\n|-heal|p1b: Sinistcha|100/100|[from] drain|[of] p2b: Milotic\n|-status|p2b: Milotic|brn\n|-enditem|p2b: Milotic|Sitrus Berry|[eat]\n|-heal|p2b: Milotic|54/100 brn|[from] item: Sitrus Berry\n|cant|p2b: Milotic|Disable|Muddy Water\n|\n|-damage|p2b: Milotic|48/100 brn|[from] brn\n|upkeep\n|turn|8\n|\n|t:|1776644109\n|switch|p2a: Scovillain|Scovillain-Mega, L50, F|100/100\n|move|p1a: Jewl|Encore|p2b: Milotic\n|-start|p2b: Milotic|Encore\n|move|p1b: Sinistcha|Matcha Gotcha|p2b: Milotic|[spread] p2a,p2b\n|-resisted|p2a: Scovillain|2\n|-supereffective|p2b: Milotic|1\n|-damage|p2a: Scovillain|94/100\n|-damage|p2b: Milotic|11/100 brn\n|-status|p1b: Sinistcha|brn|[from] ability: Spicy Spray|[of] p2a: Scovillain\n|cant|p2b: Milotic|Disable|Muddy Water\n|\n|-damage|p1b: Sinistcha|94/100 brn|[from] brn\n|-damage|p2b: Milotic|5/100 brn|[from] brn\n|-fieldend|move: Trick Room\n|upkeep\n|turn|9\n|\n|t:|1776644127\n|move|p1a: Jewl|Recover|p1a: Jewl\n|-heal|p1a: Jewl|100/100\n|move|p2a: Scovillain|Flamethrower|p1a: Jewl\n|-damage|p1a: Jewl|39/100\n|-activate|p2b: Milotic|move: Struggle\n|move|p2b: Milotic|Struggle|p1b: Sinistcha\n|-damage|p1b: Sinistcha|83/100 brn\n|-damage|p2b: Milotic|0 fnt|[from] recoil\n|faint|p2b: Milotic\n|move|p1b: Sinistcha|Trick Room|p1b: Sinistcha\n|-fieldstart|move: Trick Room|[of] p1b: Sinistcha\n|\n|-damage|p1b: Sinistcha|77/100 brn|[from] brn\n|upkeep\n|\n|t:|1776644137\n|switch|p2b: Glimmora|Glimmora, L50, F|23/100\n|turn|10\n|\n|t:|1776644147\n|move|p1a: Jewl|Disable|p2a: Scovillain\n|-start|p2a: Scovillain|Disable|Flamethrower\n|move|p1b: Sinistcha|Matcha Gotcha|p2b: Glimmora|[spread] p2b\n|-miss|p1b: Sinistcha|p2a: Scovillain\n|-damage|p2b: Glimmora|0 fnt\n|-heal|p1b: Sinistcha|89/100 brn|[from] drain|[of] p2b: Glimmora\n|faint|p2b: Glimmora\n|cant|p2a: Scovillain|Disable|Flamethrower\n|\n|-damage|p1b: Sinistcha|83/100 brn|[from] brn\n|upkeep\n|\n|t:|1776644151\n|switch|p2b: Dragapult|Dragapult, L50, F|100/100\n|turn|11\n|inactive|Tabula Rasa (TB) has 30 seconds left.\n|\n|t:|1776644181\n|detailschange|p1a: Jewl|Sableye-Mega, L50, M, shiny\n|-mega|p1a: Jewl|Sableye|Sablenite\n|move|p2a: Scovillain|Rage Powder|p2a: Scovillain\n|-singleturn|p2a: Scovillain|move: Rage Powder\n|move|p1a: Jewl|Recover|p1a: Jewl\n|-heal|p1a: Jewl|89/100\n|move|p1b: Sinistcha|Matcha Gotcha|p2b: Dragapult|[spread] p2b\n|-miss|p1b: Sinistcha|p2a: Scovillain\n|-resisted|p2b: Dragapult|1\n|-damage|p2b: Dragapult|83/100\n|-heal|p1b: Sinistcha|91/100 brn|[from] drain|[of] p2b: Dragapult\n|-status|p2b: Dragapult|brn\n|move|p2b: Dragapult|Dragon Pulse|p1a: Jewl\n|-damage|p1a: Jewl|50/100\n|\n|-damage|p1b: Sinistcha|85/100 brn|[from] brn\n|-damage|p2b: Dragapult|77/100 brn|[from] brn\n|upkeep\n|turn|12\n|inactive|AverageAsh has 30 seconds left.\n|\n|t:|1776644207\n|move|p2a: Scovillain|Rage Powder|p2a: Scovillain\n|-singleturn|p2a: Scovillain|move: Rage Powder\n|move|p1a: Jewl|Recover|p1a: Jewl\n|-heal|p1a: Jewl|100/100\n|move|p1b: Sinistcha|Matcha Gotcha|p2b: Dragapult|[spread] p2a\n|-miss|p1b: Sinistcha|p2b: Dragapult\n|-resisted|p2a: Scovillain|2\n|-damage|p2a: Scovillain|87/100\n|-heal|p1b: Sinistcha|88/100 brn|[from] drain|[of] p2a: Scovillain\n|move|p2b: Dragapult|Hex|p1b: Sinistcha\n|-supereffective|p1b: Sinistcha|1\n|-damage|p1b: Sinistcha|0 fnt\n|faint|p1b: Sinistcha\n|\n|-damage|p2b: Dragapult|71/100 brn|[from] brn\n|upkeep\n|inactive|Tabula Rasa (TB) has 30 seconds left.\n|\n|t:|1776644237\n|switch|p1b: Fright Night|Gengar, L50, M, shiny|100/100\n|turn|13\n|\n|t:|1776644248\n|move|p2a: Scovillain|Protect|p2a: Scovillain\n|-singleturn|p2a: Scovillain|Protect\n|move|p2b: Dragapult|Protect|p2b: Dragapult\n|-singleturn|p2b: Dragapult|Protect\n|move|p1a: Jewl|Encore|p2a: Scovillain\n|-activate|p2a: Scovillain|move: Protect\n|move|p1b: Fright Night|Perish Song|p1b: Fright Night\n|-start|p1a: Jewl|perish3|[silent]\n|-start|p1b: Fright Night|perish3|[silent]\n|-start|p2a: Scovillain|perish3|[silent]\n|-start|p2b: Dragapult|perish3|[silent]\n|-fieldactivate|move: Perish Song\n|\n|-damage|p2b: Dragapult|65/100 brn|[from] brn\n|-end|p2a: Scovillain|Disable\n|-start|p1a: Jewl|perish3\n|-start|p2a: Scovillain|perish3\n|-start|p1b: Fright Night|perish3\n|-start|p2b: Dragapult|perish3\n|-fieldend|move: Trick Room\n|upkeep\n|turn|14\n|inactive|Tabula Rasa (TB) has 30 seconds left.\n|inactive|AverageAsh has 30 seconds left.\n|\n|t:|1776644281\n|move|p1b: Fright Night|Protect|p1b: Fright Night\n|-singleturn|p1b: Fright Night|Protect\n|move|p2a: Scovillain|Rage Powder|p2a: Scovillain\n|-singleturn|p2a: Scovillain|move: Rage Powder\n|move|p2b: Dragapult|Dragon Pulse|p1a: Jewl\n|-damage|p1a: Jewl|62/100\n|move|p1a: Jewl|Disable|p2a: Scovillain\n|-start|p2a: Scovillain|Disable|Rage Powder\n|\n|-damage|p2b: Dragapult|58/100 brn|[from] brn\n|-start|p2b: Dragapult|perish2\n|-start|p1b: Fright Night|perish2\n|-start|p2a: Scovillain|perish2\n|-start|p1a: Jewl|perish2\n|upkeep\n|turn|15\n|inactive|Tabula Rasa (TB) has 30 seconds left.\n|\n|t:|1776644311\n|move|p2b: Dragapult|Hex|p1b: Fright Night\n|-supereffective|p1b: Fright Night|1\n|-damage|p1b: Fright Night|14/100\n|move|p1b: Fright Night|Disable|p2b: Dragapult\n|-start|p2b: Dragapult|Disable|Hex\n|move|p2a: Scovillain|Flamethrower|p1b: Fright Night\n|-damage|p1b: Fright Night|0 fnt\n|faint|p1b: Fright Night\n|move|p1a: Jewl|Recover|p1a: Jewl\n|-heal|p1a: Jewl|100/100\n|\n|-damage|p2b: Dragapult|52/100 brn|[from] brn\n|-start|p2b: Dragapult|perish1\n|-start|p2a: Scovillain|perish1\n|-start|p1a: Jewl|perish1\n|upkeep\n|turn|16\n|\n|t:|1776644322\n|move|p1a: Jewl|Protect|p1a: Jewl\n|-singleturn|p1a: Jewl|Protect\n|move|p2b: Dragapult|Flamethrower|p1a: Jewl\n|-activate|p1a: Jewl|move: Protect\n|move|p2a: Scovillain|Flamethrower|p1a: Jewl\n|-activate|p1a: Jewl|move: Protect\n|\n|-damage|p2b: Dragapult|46/100 brn|[from] brn\n|-start|p2b: Dragapult|perish0\n|-start|p2a: Scovillain|perish0\n|-start|p1a: Jewl|perish0\n|faint|p2b: Dragapult\n|faint|p2a: Scovillain\n|faint|p1a: Jewl\n|\n|win|Tabula Rasa (TB)\n|raw|Tabula Rasa (TB)'s rating: 1167 &rarr; <strong>1188</strong><br />(+21 for winning)\n|raw|AverageAsh's rating: 1118 &rarr; <strong>1097</strong><br />(-21 for losing)\n|c|\u2606AverageAsh|that was cool wp gg\n",
  "uploadtime": 1776644337,
  "views": 14,
  "formatid": "gen9championsvgc2026regma",
  "rating": 1097,
  "private": 0,
  "password": null
}