{
  "id": "gen9championsvgc2026regma-2581864588",
  "format": "[Gen 9 Champions] VGC 2026 Reg M-A",
  "players": [
    "Carrielis",
    "camala64"
  ],
  "log": "|j|\u2606Carrielis\n|j|\u2606camala64\n|html|<table width=\"100%\"><tr><td align=\"left\">Carrielis</td><td align=\"right\">camala64</tr><tr><td align=\"left\"><i class=\"fa fa-circle-o\"></i> <i class=\"fa fa-circle-o\"></i> </td><td align=\"right\"><i class=\"fa fa-circle-o\"></i> <i class=\"fa fa-circle\"></i> </tr></table>\n|uhtml|bestof|<h2><strong>Game 2</strong> of <a href=\"/game-bestof3-gen9championsvgc2026regma-2581862713\">a best-of-3</a></h2>\n|t:|1776034833\n|gametype|doubles\n|player|p1|Carrielis|iris-masters|\n|player|p2|camala64|lance-masters2|\n|gen|9\n|tier|[Gen 9 Champions] VGC 2026 Reg M-A\n|rule|Species Clause: Limit one of each Pok\u00e9mon\n|rule|Item Clause: Limit 1 of each item\n|raw|<div class=\"infobox\"><details class=\"readmore\" open><summary><strong>1 custom rule:</strong></summary> Best of = 3</details></div>\n|clearpoke\n|poke|p1|Clefable, L50, M|\n|poke|p1|Tyranitar, L50, M|\n|poke|p1|Delphox, L50, M|\n|poke|p1|Basculegion, L50, M|\n|poke|p1|Corviknight, L50, F|\n|poke|p1|Garchomp, L50, F|\n|poke|p2|Froslass, L50, F|\n|poke|p2|Arcanine-Hisui, L50, F|\n|poke|p2|Corviknight, L50, F|\n|poke|p2|Sylveon, L50, F|\n|poke|p2|Milotic, L50, F|\n|poke|p2|Garchomp, L50, F|\n|teampreview|4\n|c|\u2606camala64|Glhf\ncamala64 has agreed to open team sheets.\nCarrielis has agreed to open team sheets.\n|showteam|p1|Clefable||ChestoBerry|MagicGuard|Moonblast,FollowMe,HelpingHand,Protect|||M|||50|]Tyranitar||Tyranitarite|SandStream|RockSlide,KnockOff,LowKick,Protect|||M|||50|]Delphox||Delphoxite|Blaze|HeatWave,Psychic,Substitute,Protect|||M|||50|]Basculegion||ChoiceScarf|Adaptability|AquaJet,WaveCrash,LastRespects,FlipTurn|||M|||50|]Corviknight||Leftovers|MirrorArmor|BodyPress,BulkUp,Tailwind,Roost|||F|||50|]Garchomp||WhiteHerb|SandVeil|Earthquake,RockSlide,DragonClaw,Protect|||F|||50|\n|showteam|p2|Froslass||Froslassite|SnowCloak|Blizzard,Protect,ShadowBall,AuroraVeil|||F|||50|]Arcanine-Hisui||WhiteHerb|Intimidate|RockSlide,Protect,FlareBlitz,ExtremeSpeed|||F|||50|]Corviknight||Leftovers|MirrorArmor|Tailwind,IronHead,BulkUp,Protect|||F|||50|]Sylveon||FairyFeather|Pixilate|HyperVoice,Protect,CalmMind,Moonblast|||F|||50|]Milotic||SitrusBerry|Competitive|Scald,IceBeam,Recover,Protect|||F|||50|]Garchomp||ChoiceScarf|RoughSkin|StompingTantrum,Earthquake,RockSlide,DragonClaw|||F|||50|\n|c|\u2606Carrielis|Ironically the hardest thing on this team for me to deal with\n|c|\u2606Carrielis|Is milotic\n|\n|t:|1776034883\n|teamsize|p1|4\n|teamsize|p2|4\n|start\n|switch|p1a: Corviknight|Corviknight, L50, F|100/100\n|switch|p1b: Garchomp|Garchomp, L50, F|100/100\n|switch|p2a: Garchomp|Garchomp, L50, F, shiny|100/100\n|switch|p2b: Milotic|Milotic, L50, F, shiny|100/100\n|turn|1\n|\n|t:|1776034894\n|move|p1b: Garchomp|Protect|p1b: Garchomp\n|-singleturn|p1b: Garchomp|Protect\n|move|p2a: Garchomp|Dragon Claw|p1b: Garchomp\n|-activate|p1b: Garchomp|move: Protect\n|move|p2b: Milotic|Scald|p1a: Corviknight\n|-damage|p1a: Corviknight|71/100\n|-status|p1a: Corviknight|brn\n|move|p1a: Corviknight|Tailwind|p1a: Corviknight\n|-sidestart|p1: Carrielis|move: Tailwind\n|\n|-heal|p1a: Corviknight|77/100 brn|[from] item: Leftovers\n|-damage|p1a: Corviknight|71/100 brn|[from] brn\n|upkeep\n|turn|2\n|\n|t:|1776034916\n|switch|p1b: Basculegion|Basculegion, L50, M, shiny|100/100\n|move|p2a: Garchomp|Dragon Claw|p1b: Basculegion\n|-damage|p1b: Basculegion|41/100\n|move|p1a: Corviknight|Roost|p1a: Corviknight\n|-heal|p1a: Corviknight|100/100 brn\n|-singleturn|p1a: Corviknight|move: Roost\n|move|p2b: Milotic|Ice Beam|p1b: Basculegion\n|-resisted|p1b: Basculegion|1\n|-damage|p1b: Basculegion|27/100\n|\n|-damage|p1a: Corviknight|95/100 brn|[from] brn\n|upkeep\n|turn|3\n|\n|t:|1776034933\n|move|p1b: Basculegion|Wave Crash|p2a: Garchomp\n|-damage|p2a: Garchomp|30/100\n|-damage|p1b: Basculegion|15/100|[from] ability: Rough Skin|[of] p2a: Garchomp\n|-damage|p1b: Basculegion|0 fnt|[from] Recoil\n|faint|p1b: Basculegion\n|move|p2a: Garchomp|Dragon Claw|p1a: Corviknight\n|-resisted|p1a: Corviknight|1\n|-damage|p1a: Corviknight|80/100 brn\n|move|p1a: Corviknight|Body Press|p2a: Garchomp\n|-damage|p2a: Garchomp|17/100\n|-damage|p1a: Corviknight|68/100 brn|[from] ability: Rough Skin|[of] p2a: Garchomp\n|move|p2b: Milotic|Scald|p1a: Corviknight\n|-damage|p1a: Corviknight|37/100 brn\n|\n|-heal|p1a: Corviknight|43/100 brn|[from] item: Leftovers\n|-damage|p1a: Corviknight|37/100 brn|[from] brn\n|upkeep\n|\n|t:|1776034938\n|switch|p1b: Clefable|Clefable, L50, M|100/100\n|turn|4\n|\n|t:|1776034956\n|switch|p2a: Froslass|Froslass, L50, F|100/100\n|move|p1a: Corviknight|Roost|p1a: Corviknight\n|-heal|p1a: Corviknight|87/100 brn\n|-singleturn|p1a: Corviknight|move: Roost\n|move|p1b: Clefable|Moonblast|p2a: Froslass\n|-damage|p2a: Froslass|47/100\n|move|p2b: Milotic|Scald|p1a: Corviknight\n|-damage|p1a: Corviknight|59/100 brn\n|\n|-heal|p1a: Corviknight|65/100 brn|[from] item: Leftovers\n|-damage|p1a: Corviknight|59/100 brn|[from] brn\n|-sideend|p1: Carrielis|move: Tailwind\n|upkeep\n|turn|5\n|\n|t:|1776034975\n|detailschange|p2a: Froslass|Froslass-Mega, L50, F\n|-mega|p2a: Froslass|Froslass|Froslassite\n|-weather|Snowscape|[from] ability: Snow Warning|[of] p2a: Froslass\n|move|p2a: Froslass|Blizzard|p1b: Clefable|[spread] p1a,p1b\n|-damage|p1a: Corviknight|12/100 brn\n|-damage|p1b: Clefable|63/100\n|move|p2b: Milotic|Scald|p1b: Clefable\n|-damage|p1b: Clefable|40/100\n|move|p1a: Corviknight|Bulk Up|p1a: Corviknight\n|-boost|p1a: Corviknight|atk|1\n|-boost|p1a: Corviknight|def|1\n|move|p1b: Clefable|Moonblast|p2a: Froslass\n|-damage|p2a: Froslass|11/100\n|\n|-weather|Snowscape|[upkeep]\n|-heal|p1a: Corviknight|18/100 brn|[from] item: Leftovers\n|-damage|p1a: Corviknight|12/100 brn|[from] brn\n|upkeep\n|turn|6\n|\n|t:|1776034997\n|move|p1b: Clefable|Follow Me|p1b: Clefable\n|-singleturn|p1b: Clefable|move: Follow Me\n|move|p2a: Froslass|Blizzard|p1b: Clefable|[spread] p1a,p1b\n|-damage|p1a: Corviknight|0 fnt\n|-damage|p1b: Clefable|6/100\n|faint|p1a: Corviknight\n|move|p2b: Milotic|Scald|p1b: Clefable\n|-damage|p1b: Clefable|0 fnt\n|faint|p1b: Clefable\n|\n|-weather|Snowscape|[upkeep]\n|upkeep\n|\n|t:|1776035000\n|switch|p1b: Garchomp|Garchomp, L50, F|100/100\n|turn|7\n|-message|Carrielis forfeited.\n|\n|win|camala64\n|c|\u2606Carrielis|gg\n",
  "uploadtime": 1776035019,
  "views": 8,
  "formatid": "gen9championsvgc2026regma",
  "rating": null,
  "private": 0,
  "password": null
}