{
  "id": "gen9championsvgc2026regma-2584361942",
  "format": "[Gen 9 Champions] VGC 2026 Reg M-A",
  "players": [
    "GWeather",
    "randomname5642"
  ],
  "log": "|j|\u2606GWeather\n|j|\u2606randomname5642\n|t:|1776254933\n|gametype|doubles\n|player|p1|GWeather|n|1120\n|player|p2|randomname5642|1|1101\n|gen|9\n|tier|[Gen 9 Champions] VGC 2026 Reg M-A\n|rated|\n|rule|Species Clause: Limit one of each Pok\u00e9mon\n|rule|Item Clause: Limit 1 of each item\n|clearpoke\n|poke|p1|Kingambit, L50, F|\n|poke|p1|Garchomp, L50, F|\n|poke|p1|Tyranitar, L50, F|\n|poke|p1|Whimsicott, L50, F|\n|poke|p1|Scovillain, L50, F|\n|poke|p1|Sneasler, L50, M|\n|poke|p2|Crabominable, L50, M|\n|poke|p2|Drampa, L50, M|\n|poke|p2|Pelipper, L50, F|\n|poke|p2|Sinistcha, L50|\n|poke|p2|Hatterene, L50, F|\n|poke|p2|Incineroar, L50, M|\n|teampreview|4\n|inactive|Battle timer is ON: inactive players will automatically lose when time's up. (requested by GWeather)\n|\n|t:|1776254955\n|teamsize|p1|4\n|teamsize|p2|4\n|start\n|switch|p1a: Whimsicott|Whimsicott, L50, F|100/100\n|switch|p1b: Sneasler|Sneasler, L50, M|100/100\n|switch|p2a: Sinistcha|Sinistcha, L50|100/100\n|switch|p2b: Hatterene|Hatterene, L50, F|100/100\n|turn|1\n|inactive|randomname5642 has 30 seconds left.\n|\n|t:|1776254984\n|switch|p2b: Pelipper|Pelipper, L50, F|100/100\n|-weather|RainDance|[from] ability: Drizzle|[of] p2b: Pelipper\n|move|p1b: Sneasler|Fake Out|p2b: Pelipper\n|-damage|p2b: Pelipper|87/100\n|move|p1a: Whimsicott|Light Screen|p1a: Whimsicott\n|-sidestart|p1: GWeather|move: Light Screen\n|move|p2a: Sinistcha|Shadow Ball|p1b: Sneasler\n|-damage|p1b: Sneasler|62/100\n|\n|-weather|RainDance|[upkeep]\n|upkeep\n|turn|2\n|\n|t:|1776255005\n|switch|p1b: Tyranitar|Tyranitar, L50, F|100/100\n|-weather|Sandstorm|[from] ability: Sand Stream|[of] p1b: Tyranitar\n|move|p1a: Whimsicott|Tailwind|p1a: Whimsicott\n|-sidestart|p1: GWeather|move: Tailwind\n|move|p2b: Pelipper|Hurricane|p1a: Whimsicott\n|-supereffective|p1a: Whimsicott|1\n|-damage|p1a: Whimsicott|26/100\n|move|p2a: Sinistcha|Trick Room|p2a: Sinistcha\n|-fieldstart|move: Trick Room|[of] p2a: Sinistcha\n|\n|-weather|Sandstorm|[upkeep]\n|-damage|p2b: Pelipper|81/100|[from] Sandstorm\n|-damage|p2a: Sinistcha|94/100|[from] Sandstorm\n|-damage|p1a: Whimsicott|20/100|[from] Sandstorm\n|upkeep\n|turn|3\n|inactive|randomname5642 has 30 seconds left.\n|\n|t:|1776255033\n|switch|p2b: Hatterene|Hatterene, L50, F|100/100\n|move|p1a: Whimsicott|Encore|p2a: Sinistcha\n|-start|p2a: Sinistcha|Encore\n|move|p1b: Tyranitar|Rock Slide|p2b: Hatterene|[spread] p2a,p2b\n|-damage|p2a: Sinistcha|62/100\n|-damage|p2b: Hatterene|61/100\n|cant|p2a: Sinistcha|flinch\n|\n|-weather|Sandstorm|[upkeep]\n|-damage|p2b: Hatterene|55/100|[from] Sandstorm\n|-damage|p2a: Sinistcha|56/100|[from] Sandstorm\n|-damage|p1a: Whimsicott|14/100|[from] Sandstorm\n|-heal|p2b: Hatterene|61/100|[from] item: Leftovers\n|upkeep\n|turn|4\n|inactive|GWeather has 30 seconds left.\n|inactive|randomname5642 has 30 seconds left.\n|inactive|GWeather has 20 seconds left.\n|\n|t:|1776255073\n|switch|p2a: Pelipper|Pelipper, L50, F|81/100\n|-weather|RainDance|[from] ability: Drizzle|[of] p2a: Pelipper\n|move|p2b: Hatterene|Dazzling Gleam|p1b: Tyranitar|[spread] p1a,p1b\n|-supereffective|p1b: Tyranitar|1\n|-damage|p1a: Whimsicott|0 fnt\n|-damage|p1b: Tyranitar|55/100\n|faint|p1a: Whimsicott\n|move|p1b: Tyranitar|Rock Slide|p2b: Hatterene|[spread] p2b\n|-miss|p1b: Tyranitar|p2a: Pelipper\n|-damage|p2b: Hatterene|22/100\n|\n|-weather|RainDance|[upkeep]\n|-heal|p2b: Hatterene|29/100|[from] item: Leftovers\n|upkeep\n|\n|t:|1776255087\n|switch|p1a: Sneasler|Sneasler, L50, M|62/100\n|turn|5\n|inactive|GWeather has 30 seconds left.\n|\n|t:|1776255119\n|move|p1a: Sneasler|Fake Out|p2a: Pelipper\n|-damage|p2a: Pelipper|65/100\n|move|p2b: Hatterene|Dazzling Gleam|p1b: Tyranitar|[spread] p1a,p1b\n|-supereffective|p1b: Tyranitar|1\n|-damage|p1a: Sneasler|31/100\n|-damage|p1b: Tyranitar|14/100\n|cant|p2a: Pelipper|flinch\n|move|p1b: Tyranitar|Rock Slide|p2a: Pelipper|[spread] p2a,p2b\n|-supereffective|p2a: Pelipper|1\n|-damage|p2a: Pelipper|2/100\n|-damage|p2b: Hatterene|0 fnt\n|faint|p2b: Hatterene\n|\n|-weather|RainDance|[upkeep]\n|-sideend|p1: GWeather|move: Light Screen\n|-sideend|p1: GWeather|move: Tailwind\n|upkeep\n|\n|t:|1776255135\n|switch|p2b: Crabominable|Crabominable, L50, M|100/100\n|turn|6\n|\n|t:|1776255146\n|detailschange|p2b: Crabominable|Crabominable-Mega, L50, M\n|-mega|p2b: Crabominable|Crabominable|Crabominite\n|move|p1b: Tyranitar|Protect|p1b: Tyranitar\n|-singleturn|p1b: Tyranitar|Protect\n|move|p1a: Sneasler|Protect|p1a: Sneasler\n|-singleturn|p1a: Sneasler|Protect\n|move|p2a: Pelipper|Wide Guard|p2a: Pelipper\n|-singleturn|p2a: Pelipper|Wide Guard\n|move|p2b: Crabominable|Rock Slide|p1b: Tyranitar|[spread] \n|-activate|p1a: Sneasler|move: Protect\n|-activate|p1b: Tyranitar|move: Protect\n|\n|-weather|RainDance|[upkeep]\n|-fieldend|move: Trick Room\n|upkeep\n|turn|7\n|inactive|randomname5642 has 30 seconds left.\n|\n|t:|1776255173\n|move|p2a: Pelipper|Wide Guard|p2a: Pelipper\n|-singleturn|p2a: Pelipper|Wide Guard\n|move|p1a: Sneasler|Close Combat|p2b: Crabominable\n|-supereffective|p2b: Crabominable|1\n|-damage|p2b: Crabominable|9/100\n|-unboost|p1a: Sneasler|def|1\n|-unboost|p1a: Sneasler|spd|1\n|move|p1b: Tyranitar|Rock Slide|p2b: Crabominable|[spread] \n|-activate|p2a: Pelipper|move: Wide Guard\n|-activate|p2b: Crabominable|move: Wide Guard\n|move|p2b: Crabominable|Rock Slide|p1a: Sneasler|[spread] p1a,p1b\n|-resisted|p1a: Sneasler|1\n|-damage|p1a: Sneasler|0 fnt\n|-damage|p1b: Tyranitar|0 fnt\n|faint|p1a: Sneasler\n|faint|p1b: Tyranitar\n|\n|-weather|RainDance|[upkeep]\n|upkeep\n|\n|t:|1776255176\n|switch|p1b: Scovillain|Scovillain, L50, F|100/100\n|turn|8\n|inactive|randomname5642 has 30 seconds left.\n|\n|t:|1776255201\n|move|p1b: Scovillain|Protect|p1b: Scovillain\n|-singleturn|p1b: Scovillain|Protect\n|move|p2b: Crabominable|Mach Punch|p1b: Scovillain\n|-activate|p1b: Scovillain|move: Protect\n|move|p2a: Pelipper|Hurricane|p1b: Scovillain\n|-activate|p1b: Scovillain|move: Protect\n|\n|-weather|none\n|-ability|p1b: Scovillain|Moody|boost\n|-boost|p1b: Scovillain|spd|2\n|-unboost|p1b: Scovillain|atk|1\n|upkeep\n|turn|9\n|inactive|GWeather has 30 seconds left.\n|inactive|GWeather has 20 seconds left.\n|\n|t:|1776255236\n|detailschange|p1b: Scovillain|Scovillain-Mega, L50, F\n|-mega|p1b: Scovillain|Scovillain|Scovillainite\n|move|p2a: Pelipper|Wide Guard|p2a: Pelipper\n|-singleturn|p2a: Pelipper|Wide Guard\n|move|p1b: Scovillain|Flamethrower|p2b: Crabominable\n|-supereffective|p2b: Crabominable|1\n|-damage|p2b: Crabominable|0 fnt\n|faint|p2b: Crabominable\n|\n|upkeep\n|\n|t:|1776255246\n|switch|p2b: Sinistcha|Sinistcha, L50|56/100\n|-heal|p2a: Pelipper|27/100|[from] ability: Hospitality|[of] p2b: Sinistcha\n|turn|10\n|\n|t:|1776255263\n|move|p1b: Scovillain|Flamethrower|p2b: Sinistcha\n|-supereffective|p2b: Sinistcha|1\n|-damage|p2b: Sinistcha|0 fnt\n|faint|p2b: Sinistcha\n|move|p2a: Pelipper|Hurricane|p1b: Scovillain\n|-supereffective|p1b: Scovillain|1\n|-damage|p1b: Scovillain|48/100\n|-status|p2a: Pelipper|brn|[from] ability: Spicy Spray|[of] p1b: Scovillain\n|\n|-damage|p2a: Pelipper|21/100 brn|[from] brn\n|upkeep\n|turn|11\n|c|\u2606randomname5642|Gg\n|\n|t:|1776255281\n|move|p1b: Scovillain|Energy Ball|p2a: Pelipper\n|-damage|p2a: Pelipper|0 fnt\n|faint|p2a: Pelipper\n|\n|win|GWeather\n|raw|GWeather's rating: 1120 &rarr; <strong>1144</strong><br />(+24 for winning)\n|raw|randomname5642's rating: 1101 &rarr; <strong>1077</strong><br />(-24 for losing)\n|l|\u2606randomname5642\n|player|p2|\n",
  "uploadtime": 1776255286,
  "views": 21,
  "formatid": "gen9championsvgc2026regma",
  "rating": 1077,
  "private": 0,
  "password": null
}