{
  "id": "gen9championsvgc2026regma-2587647635",
  "format": "[Gen 9 Champions] VGC 2026 Reg M-A",
  "players": [
    "GoldLeafSnivy",
    "Da1mon!"
  ],
  "log": "|j|\u2606GoldLeafSnivy\n|j|\u2606Da1mon!\n|t:|1776550170\n|gametype|doubles\n|player|p1|GoldLeafSnivy|drayden|1271\n|player|p2|Da1mon!|ghetsis|1222\n|gen|9\n|tier|[Gen 9 Champions] VGC 2026 Reg M-A\n|rated|\n|rule|Species Clause: Limit one of each Pok\u00e9mon\n|rule|Item Clause: Limit 1 of each item\n|clearpoke\n|poke|p1|Aggron, L50, M|\n|poke|p1|Sinistcha, L50|\n|poke|p1|Incineroar, L50, F|\n|poke|p1|Drampa, L50, F|\n|poke|p1|Reuniclus, L50, F|\n|poke|p1|Toxicroak, L50, F|\n|poke|p2|Chesnaught, L50, M, shiny|\n|poke|p2|Slowking-Galar, L50, M|\n|poke|p2|Kingambit, L50, F|\n|poke|p2|Armarouge, L50, M|\n|poke|p2|Oranguru, L50, F|\n|poke|p2|Primarina, L50, M|\n|teampreview|4\n|\n|t:|1776550217\n|teamsize|p1|4\n|teamsize|p2|4\n|start\n|switch|p1a: Toxicroak|Toxicroak, L50, F|100/100\n|switch|p1b: Reuniclus|Reuniclus, L50, F|100/100\n|switch|p2a: Chesnaught|Chesnaught, L50, M, shiny|100/100\n|switch|p2b: Armarouge|Armarouge, L50, M|100/100\n|turn|1\n|\n|t:|1776550236\n|detailschange|p2a: Chesnaught|Chesnaught-Mega, L50, M, shiny\n|-mega|p2a: Chesnaught|Chesnaught|Chesnaughtite\n|move|p2a: Chesnaught|Spiky Shield|p2a: Chesnaught\n|-singleturn|p2a: Chesnaught|move: Protect\n|move|p1a: Toxicroak|Fake Out|p2b: Armarouge\n|-damage|p2b: Armarouge|89/100\n|cant|p2b: Armarouge|flinch\n|move|p1b: Reuniclus|Trick Room|p1b: Reuniclus\n|-fieldstart|move: Trick Room|[of] p1b: Reuniclus\n|\n|upkeep\n|turn|2\n|\n|t:|1776550259\n|move|p1a: Toxicroak|Sucker Punch|p2b: Armarouge\n|-supereffective|p2b: Armarouge|1\n|-damage|p2b: Armarouge|42/100\n|-enditem|p2b: Armarouge|Sitrus Berry|[eat]\n|-heal|p2b: Armarouge|67/100|[from] item: Sitrus Berry\n|move|p1b: Reuniclus|Psychic|p2a: Chesnaught\n|-supereffective|p2a: Chesnaught|1\n|-damage|p2a: Chesnaught|17/100\n|move|p2a: Chesnaught|Rock Slide|p1b: Reuniclus|[spread] p1a,p1b\n|-resisted|p1a: Toxicroak|1\n|-damage|p1a: Toxicroak|90/100\n|-damage|p1b: Reuniclus|83/100\n|move|p2b: Armarouge|Heat Wave|p1b: Reuniclus|[spread] p1a,p1b\n|-damage|p1a: Toxicroak|27/100\n|-damage|p1b: Reuniclus|48/100\n|\n|-heal|p1b: Reuniclus|54/100|[from] item: Leftovers\n|upkeep\n|turn|3\n|\n|t:|1776550280\n|switch|p2a: Kingambit|Kingambit, L50, F|100/100\n|move|p2b: Armarouge|Protect|p2b: Armarouge\n|-singleturn|p2b: Armarouge|Protect\n|move|p1a: Toxicroak|Sucker Punch||[still]\n|-fail|p1a: Toxicroak\n|move|p1b: Reuniclus|Shadow Ball|p2b: Armarouge\n|-activate|p2b: Armarouge|move: Protect\n|\n|-heal|p1b: Reuniclus|60/100|[from] item: Leftovers\n|upkeep\n|turn|4\n|\n|t:|1776550300\n|move|p1b: Reuniclus|Protect|p1b: Reuniclus\n|-singleturn|p1b: Reuniclus|Protect\n|move|p2a: Kingambit|Sucker Punch||[still]\n|-fail|p2a: Kingambit\n|move|p2b: Armarouge|Psychic|p1a: Toxicroak\n|-supereffective|p1a: Toxicroak|2\n|-damage|p1a: Toxicroak|0 fnt\n|faint|p1a: Toxicroak\n|\n|-heal|p1b: Reuniclus|66/100|[from] item: Leftovers\n|upkeep\n|\n|t:|1776550310\n|switch|p1a: THE WALL|Aggron, L50, M|100/100\n|turn|5\n|\n|t:|1776550329\n|switch|p2a: Oranguru|Oranguru, L50, F|100/100\n|detailschange|p1a: THE WALL|Aggron-Mega, L50, M\n|-mega|p1a: THE WALL|Aggron|Aggronite\n|move|p1b: Reuniclus|Shadow Ball|p2b: Armarouge\n|-supereffective|p2b: Armarouge|1\n|-damage|p2b: Armarouge|1/100\n|move|p1a: THE WALL|Body Press|p2a: Oranguru\n|-damage|p2a: Oranguru|69/100\n|move|p2b: Armarouge|Heat Wave|p1a: THE WALL|[spread] p1a,p1b\n|-supereffective|p1a: THE WALL|1\n|-damage|p1a: THE WALL|46/100\n|-damage|p1b: Reuniclus|26/100\n|\n|-heal|p1b: Reuniclus|32/100|[from] item: Leftovers\n|-fieldend|move: Trick Room\n|upkeep\n|turn|6\n|\n|t:|1776550350\n|move|p1a: THE WALL|Protect|p1a: THE WALL\n|-singleturn|p1a: THE WALL|Protect\n|move|p2a: Oranguru|Instruct|p2b: Armarouge\n|-singleturn|p2b: Armarouge|move: Instruct|[of] p2a: Oranguru\n|move|p2b: Armarouge|Heat Wave|p1a: THE WALL|[spread] p1b\n|-activate|p1a: THE WALL|move: Protect\n|-damage|p1b: Reuniclus|0 fnt\n|faint|p1b: Reuniclus\n|move|p2b: Armarouge|Heat Wave|p1a: THE WALL\n|-activate|p1a: THE WALL|move: Protect\n|\n|upkeep\n|\n|t:|1776550359\n|switch|p1b: Sinistcha|Sinistcha, L50|100/100\n|-heal|p1a: THE WALL|71/100|[from] ability: Hospitality|[of] p1b: Sinistcha\n|turn|7\n|\n|t:|1776550374\n|move|p2a: Oranguru|Instruct|p2b: Armarouge\n|-singleturn|p2b: Armarouge|move: Instruct|[of] p2a: Oranguru\n|move|p2b: Armarouge|Heat Wave|p1b: Sinistcha|[spread] p1a,p1b\n|-supereffective|p1a: THE WALL|1\n|-supereffective|p1b: Sinistcha|1\n|-damage|p1a: THE WALL|25/100\n|-damage|p1b: Sinistcha|12/100\n|move|p2b: Armarouge|Heat Wave|p1b: Sinistcha|[spread] p1a,p1b\n|-supereffective|p1a: THE WALL|1\n|-supereffective|p1b: Sinistcha|1\n|-damage|p1a: THE WALL|0 fnt\n|-damage|p1b: Sinistcha|0 fnt\n|faint|p1a: THE WALL\n|faint|p1b: Sinistcha\n|\n|win|Da1mon!\n|raw|GoldLeafSnivy's rating: 1271 &rarr; <strong>1242</strong><br />(-29 for losing)\n|raw|Da1mon!'s rating: 1222 &rarr; <strong>1251</strong><br />(+29 for winning)\n|l|\u2606GoldLeafSnivy\n|player|p1|\n",
  "uploadtime": 1776550428,
  "views": 17,
  "formatid": "gen9championsvgc2026regma",
  "rating": 1242,
  "private": 0,
  "password": null
}