{
  "id": "gen9championsvgc2026regma-2582942657",
  "format": "[Gen 9 Champions] VGC 2026 Reg M-A",
  "players": [
    "superboy245",
    "ASilentDragon"
  ],
  "log": "|j|\u2606superboy245\n|j|\u2606ASilentDragon\n|t:|1776127076\n|gametype|doubles\n|player|p1|superboy245|buck|1225\n|player|p2|ASilentDragon|cynthia-gen4|1171\n|gen|9\n|tier|[Gen 9 Champions] VGC 2026 Reg M-A\n|rated|\n|rule|Species Clause: Limit one of each Pok\u00e9mon\n|rule|Item Clause: Limit 1 of each item\n|clearpoke\n|poke|p1|Greninja-*, L50, M|\n|poke|p1|Politoed, L50, M|\n|poke|p1|Basculegion, L50, M|\n|poke|p1|Lucario, L50, M|\n|poke|p1|Sinistcha, L50|\n|poke|p1|Toxicroak, L50, M|\n|poke|p2|Meganium, L50, M|\n|poke|p2|Politoed, L50, M|\n|poke|p2|Aerodactyl, L50, M|\n|poke|p2|Archaludon, L50, F|\n|poke|p2|Sinistcha, L50|\n|poke|p2|Basculegion, L50, M|\n|teampreview|4\nsuperboy245 rejected open team sheets.\n|c|\u2606superboy245|Matcha's gotcha's!\n|inactive|Battle timer is ON: inactive players will automatically lose when time's up. (requested by superboy245)\n|\n|t:|1776127168\n|teamsize|p1|4\n|teamsize|p2|4\n|start\n|switch|p1a: Lucario|Lucario, L50, M|100/100\n|switch|p1b: Basculegion|Basculegion, L50, M|100/100\n|switch|p2a: Aerodactyl|Aerodactyl, L50, M|100/100\n|switch|p2b: Meganium|Meganium, L50, M|100/100\n|-ability|p2a: Aerodactyl|Unnerve\n|turn|1\n|inactiveoff|Battle timer is now OFF.\n|\n|t:|1776127206\n|switch|p1b: Sinistcha|Sinistcha, L50|100/100\n|detailschange|p1a: Lucario|Lucario-Mega, L50, M\n|-mega|p1a: Lucario|Lucario|Lucarionite\n|detailschange|p2b: Meganium|Meganium-Mega, L50, M\n|-mega|p2b: Meganium|Meganium|Meganiumite\n|move|p1a: Lucario|Bullet Punch|p2a: Aerodactyl\n|-supereffective|p2a: Aerodactyl|1\n|-enditem|p2a: Aerodactyl|Focus Sash\n|-damage|p2a: Aerodactyl|1/100\n|move|p2a: Aerodactyl|Dual Wingbeat|p1a: Lucario\n|-damage|p1a: Lucario|76/100\n|-damage|p1a: Lucario|51/100\n|-hitcount|p1a: Lucario|2\n|move|p2b: Meganium|Solar Beam||[still]\n|-prepare|p2b: Meganium|Solar Beam\n|-activate|p2b: Meganium|ability: Mega Sol\n|-anim|p2b: Meganium|Solar Beam|p1b: Sinistcha\n|-resisted|p1b: Sinistcha|1\n|-damage|p1b: Sinistcha|61/100\n|\n|-heal|p1b: Sinistcha|67/100|[from] item: Leftovers\n|upkeep\n|turn|2\n|\n|t:|1776127232\n|switch|p2a: Politoed|Politoed, L50, M|100/100\n|-weather|RainDance|[from] ability: Drizzle|[of] p2a: Politoed\n|move|p1b: Sinistcha|Rage Powder|p1b: Sinistcha\n|-singleturn|p1b: Sinistcha|move: Rage Powder\n|move|p1a: Lucario|Bullet Punch|p2a: Politoed\n|-resisted|p2a: Politoed|1\n|-damage|p2a: Politoed|83/100\n|move|p2b: Meganium|Weather Ball|p1a: Lucario\n|-supereffective|p1a: Lucario|1\n|-damage|p1a: Lucario|0 fnt\n|faint|p1a: Lucario\n|\n|-weather|RainDance|[upkeep]\n|-heal|p1b: Sinistcha|73/100|[from] item: Leftovers\n|-heal|p2a: Politoed|89/100|[from] item: Leftovers\n|upkeep\n|\n|t:|1776127242\n|switch|p1a: Toxicroak|Toxicroak, L50, M|100/100\n|turn|3\n|\n|t:|1776127252\n|switch|p2a: Aerodactyl|Aerodactyl, L50, M|1/100\n|-ability|p2a: Aerodactyl|Unnerve\n|move|p1a: Toxicroak|Poison Jab|p2b: Meganium\n|-supereffective|p2b: Meganium|2\n|-damage|p2b: Meganium|0 fnt\n|faint|p2b: Meganium\n|move|p1b: Sinistcha|Matcha Gotcha|p2a: Aerodactyl\n|-damage|p2a: Aerodactyl|0 fnt\n|-heal|p1b: Sinistcha|74/100|[from] drain|[of] p2a: Aerodactyl\n|faint|p2a: Aerodactyl\n|\n|-weather|RainDance|[upkeep]\n|-heal|p1b: Sinistcha|80/100|[from] item: Leftovers\n|upkeep\n|\n|t:|1776127260\n|switch|p2a: Basculegion|Basculegion, L50, M|100/100\n|switch|p2b: Politoed|Politoed, L50, M|89/100\n|turn|4\n|\n|t:|1776127283\n|move|p1b: Sinistcha|Rage Powder|p1b: Sinistcha\n|-singleturn|p1b: Sinistcha|move: Rage Powder\n|move|p1a: Toxicroak|Sucker Punch|p2a: Basculegion\n|-supereffective|p2a: Basculegion|1\n|-damage|p2a: Basculegion|46/100\n|move|p2a: Basculegion|Last Respects|p1b: Sinistcha\n|-supereffective|p1b: Sinistcha|1\n|-damage|p1b: Sinistcha|0 fnt\n|faint|p1b: Sinistcha\n|move|p2b: Politoed|Ice Beam|p1a: Toxicroak\n|-damage|p1a: Toxicroak|70/100\n|\n|-weather|RainDance|[upkeep]\n|-heal|p1a: Toxicroak|82/100|[from] ability: Dry Skin\n|-heal|p2b: Politoed|95/100|[from] item: Leftovers\n|upkeep\n|\n|t:|1776127292\n|switch|p1b: Basculegion|Basculegion, L50, M|100/100\n|turn|5\n|\n|t:|1776127301\n|move|p1a: Toxicroak|Sucker Punch|p2a: Basculegion\n|-supereffective|p2a: Basculegion|1\n|-damage|p2a: Basculegion|0 fnt\n|faint|p2a: Basculegion\n|move|p1b: Basculegion|Last Respects|p2b: Politoed\n|-damage|p2b: Politoed|11/100\n|move|p2b: Politoed|Ice Beam|p1a: Toxicroak\n|-damage|p1a: Toxicroak|49/100\n|\n|-weather|RainDance|[upkeep]\n|-heal|p1a: Toxicroak|62/100|[from] ability: Dry Skin\n|-heal|p2b: Politoed|17/100|[from] item: Leftovers\n|upkeep\n|turn|6\n|c|\u2606superboy245|Gg\n|\n|t:|1776127315\n|move|p1a: Toxicroak|Sucker Punch|p2b: Politoed\n|-damage|p2b: Politoed|0 fnt\n|faint|p2b: Politoed\n|\n|win|superboy245\n|raw|superboy245's rating: 1225 &rarr; <strong>1246</strong><br />(+21 for winning)\n|raw|ASilentDragon's rating: 1171 &rarr; <strong>1150</strong><br />(-21 for losing)\n|l|\u2606ASilentDragon\n|player|p2|\n|l|\u2606superboy245\n|player|p1|\n|j|\u2606superboy245\n|player|p1|superboy245|buck|\n",
  "uploadtime": 1776127333,
  "views": 14,
  "formatid": "gen9championsvgc2026regma",
  "rating": 1150,
  "private": 0,
  "password": null
}