{
  "id": "gen9championsvgc2026regma-2587574070",
  "format": "[Gen 9 Champions] VGC 2026 Reg M-A",
  "players": [
    "just Redo",
    "justluke7750"
  ],
  "log": "|j|\u203djust Redo\n|j|\u2606justluke7750\n|t:|1776543513\n|gametype|doubles\n|player|p1|just Redo|red|1078\n|player|p2|justluke7750|169|1056\n|gen|9\n|tier|[Gen 9 Champions] VGC 2026 Reg M-A\n|rated|\n|rule|Species Clause: Limit one of each Pok\u00e9mon\n|rule|Item Clause: Limit 1 of each item\n|clearpoke\n|poke|p1|Whimsicott, L50, M|\n|poke|p1|Charizard, L50, M|\n|poke|p1|Lucario, L50, M, shiny|\n|poke|p1|Raichu, L50, F|\n|poke|p1|Sylveon, L50, F|\n|poke|p1|Venusaur, L50, F|\n|poke|p2|Charizard, L50, M|\n|poke|p2|Whimsicott, L50, M|\n|poke|p2|Farigiraf, L50, M|\n|poke|p2|Sneasler, L50, F|\n|poke|p2|Garchomp, L50, M|\n|poke|p2|Kingambit, L50, F|\n|teampreview|4\n|inactive|Battle timer is ON: inactive players will automatically lose when time's up. (requested by just Redo)\njustluke7750 has agreed to open team sheets.\n|inactive|just Redo has 60 seconds left.\n|\n|t:|1776543559\n|teamsize|p1|4\n|teamsize|p2|4\n|start\n|switch|p1a: Lucario|Lucario, L50, M, shiny|100/100\n|switch|p1b: Whimsicott|Whimsicott, L50, M|100/100\n|switch|p2a: Charizard|Charizard, L50, M|100/100\n|switch|p2b: Whimsicott|Whimsicott, L50, M|100/100\n|turn|1\n|\n|t:|1776543582\n|detailschange|p2a: Charizard|Charizard-Mega-Y, L50, M\n|-mega|p2a: Charizard|Charizard|Charizardite Y\n|-weather|SunnyDay|[from] ability: Drought|[of] p2a: Charizard\n|detailschange|p1a: Lucario|Lucario-Mega, L50, M, shiny\n|-mega|p1a: Lucario|Lucario|Lucarionite\n|move|p1b: Whimsicott|Tailwind|p1b: Whimsicott\n|-sidestart|p1: just Redo|move: Tailwind\n|move|p1a: Lucario|Bullet Punch|p2b: Whimsicott\n|-supereffective|p2b: Whimsicott|1\n|-damage|p2b: Whimsicott|35/100\n|move|p2b: Whimsicott|Tailwind|p2b: Whimsicott\n|-sidestart|p2: justluke7750|move: Tailwind\n|move|p2a: Charizard|Heat Wave|p1a: Lucario|[spread] p1a\n|-miss|p2a: Charizard|p1b: Whimsicott\n|-supereffective|p1a: Lucario|1\n|-damage|p1a: Lucario|0 fnt\n|faint|p1a: Lucario\n|\n|-weather|SunnyDay|[upkeep]\n|upkeep\n|\n|t:|1776543600\n|switch|p1a: Raichu|Raichu, L50, F|100/100\n|turn|2\n|\n|t:|1776543610\n|move|p2b: Whimsicott|Encore|p1b: Whimsicott\n|-start|p1b: Whimsicott|Encore\n|move|p1b: Whimsicott|Tailwind||[still]\n|-fail|p1b: Whimsicott\n|move|p1a: Raichu|Thunderbolt|p2a: Charizard\n|-supereffective|p2a: Charizard|1\n|-damage|p2a: Charizard|6/100\n|move|p2a: Charizard|Heat Wave|p1b: Whimsicott|[spread] p1a\n|-miss|p2a: Charizard|p1b: Whimsicott\n|-damage|p1a: Raichu|0 fnt\n|faint|p1a: Raichu\n|\n|-weather|SunnyDay|[upkeep]\n|upkeep\n|\n|t:|1776543622\n|switch|p1a: Sylveon|Sylveon, L50, F|100/100\n|turn|3\n|inactive|just Redo has 30 seconds left.\n|inactive|just Redo has 20 seconds left.\n|inactive|just Redo has 15 seconds left.\n|inactive|just Redo has 10 seconds left.\n|inactive|just Redo has 5 seconds left.\n|\n|t:|1776543676\n|move|p1b: Whimsicott|Tailwind||[still]\n|-fail|p1b: Whimsicott\n|move|p2a: Charizard|Heat Wave|p1a: Sylveon|[spread] p1a\n|-miss|p2a: Charizard|p1b: Whimsicott\n|-damage|p1a: Sylveon|46/100\n|move|p2b: Whimsicott|Moonblast|p1b: Whimsicott\n|-damage|p1b: Whimsicott|55/100\n|move|p1a: Sylveon|Hyper Voice|p2a: Charizard|[spread] p2a,p2b\n|-resisted|p2a: Charizard|1\n|-crit|p2a: Charizard\n|-damage|p2a: Charizard|0 fnt\n|-damage|p2b: Whimsicott|0 fnt\n|faint|p2a: Charizard\n|faint|p2b: Whimsicott\n|\n|-weather|SunnyDay|[upkeep]\n|upkeep\n|\n|t:|1776543692\n|switch|p2a: Garchomp|Garchomp, L50, M|100/100\n|switch|p2b: Sneasler|Sneasler, L50, F|100/100\n|turn|4\n|\n|t:|1776543714\n|move|p1b: Whimsicott|Tailwind||[still]\n|-fail|p1b: Whimsicott\n|move|p2a: Garchomp|Rock Slide|p1a: Sylveon|[spread] p1a,p1b\n|-damage|p1a: Sylveon|15/100\n|-damage|p1b: Whimsicott|28/100\n|move|p2b: Sneasler|Dire Claw|p1a: Sylveon\n|-supereffective|p1a: Sylveon|1\n|-damage|p1a: Sylveon|0 fnt\n|faint|p1a: Sylveon\n|\n|-weather|SunnyDay|[upkeep]\n|-end|p1b: Whimsicott|Encore\n|-sideend|p1: just Redo|move: Tailwind\n|-sideend|p2: justluke7750|move: Tailwind\n|upkeep\n|turn|5\n|-message|just Redo forfeited.\n|\n|win|justluke7750\n|raw|just Redo's rating: 1078 &rarr; <strong>1055</strong><br />(-23 for losing)\n|raw|justluke7750's rating: 1056 &rarr; <strong>1090</strong><br />(+34 for winning)\n|l|\u203djust Redo\n|player|p1|\n",
  "uploadtime": 1776543749,
  "views": 22,
  "formatid": "gen9championsvgc2026regma",
  "rating": 1055,
  "private": 0,
  "password": null
}