{
  "id": "gen9championsvgc2026regma-2583296944",
  "format": "[Gen 9 Champions] VGC 2026 Reg M-A",
  "players": [
    "zangiefwin",
    "dianciexia\u8482\u5b89\u5e0c\u4fa0"
  ],
  "log": "|j|\u2606zangiefwin\n|j|\u2606dianciexia\u8482\u5b89\u5e0c\u4fa0\n|t:|1776164347\n|gametype|doubles\n|player|p1|zangiefwin|2|1144\n|player|p2|dianciexia\u8482\u5b89\u5e0c\u4fa0|caitlin-masters|1231\n|gen|9\n|tier|[Gen 9 Champions] VGC 2026 Reg M-A\n|rated|\n|rule|Species Clause: Limit one of each Pok\u00e9mon\n|rule|Item Clause: Limit 1 of each item\n|clearpoke\n|poke|p1|Garchomp, L50, F|\n|poke|p1|Meowscarada, L50, F|\n|poke|p1|Glimmora, L50, F|\n|poke|p1|Talonflame, L50, F|\n|poke|p1|Primarina, L50, F|\n|poke|p1|Incineroar, L50, F|\n|poke|p2|Gengar, L50, M|\n|poke|p2|Incineroar, L50, M|\n|poke|p2|Pelipper, L50, M|\n|poke|p2|Basculegion, L50, M|\n|poke|p2|Archaludon, L50, M|\n|poke|p2|Maushold, L50|\n|teampreview|4\n|inactive|Battle timer is ON: inactive players will automatically lose when time's up. (requested by dianciexia\u8482\u5b89\u5e0c\u4fa0)\n|inactive|zangiefwin has 60 seconds left.\ndianciexia\u8482\u5b89\u5e0c\u4fa0 has agreed to open team sheets.\n|inactive|zangiefwin has 30 seconds left.\n|inactive|zangiefwin has 20 seconds left.\n|inactive|zangiefwin has 15 seconds left.\n|\n|t:|1776164428\n|teamsize|p1|4\n|teamsize|p2|4\n|start\n|switch|p1a: Meowscarada|Meowscarada, L50, F|100/100\n|switch|p1b: Garchomp|Garchomp, L50, F|100/100\n|switch|p2a: Incineroar|Incineroar, L50, M|100/100\n|switch|p2b: Gengar|Gengar, L50, M|100/100\n|-ability|p2a: Incineroar|Intimidate|boost\n|-unboost|p1a: Meowscarada|atk|1\n|-unboost|p1b: Garchomp|atk|1\n|-enditem|p1b: Garchomp|White Herb\n|-clearnegativeboost|p1b: Garchomp|[silent]\n|turn|1\n|\n|t:|1776164445\n|detailschange|p2b: Gengar|Gengar-Mega, L50, M\n|-mega|p2b: Gengar|Gengar|Gengarite\n|move|p2b: Gengar|Protect|p2b: Gengar\n|-singleturn|p2b: Gengar|Protect\n|move|p1a: Meowscarada|U-turn|p2a: Incineroar\n|-start|p1a: Meowscarada|typechange|Bug|[from] ability: Protean\n|-damage|p2a: Incineroar|81/100\n|\n|t:|1776164455\n|switch|p1a: Incineroar|Incineroar, L50, F, shiny|100/100|[from] U-turn\n|-ability|p1a: Incineroar|Intimidate|boost\n|-unboost|p2a: Incineroar|atk|1\n|-unboost|p2b: Gengar|atk|1\n|move|p1b: Garchomp|Stomping Tantrum|p2b: Gengar\n|-activate|p2b: Gengar|move: Protect\n|move|p2a: Incineroar|Parting Shot|p1b: Garchomp\n|-unboost|p1b: Garchomp|atk|1\n|-unboost|p1b: Garchomp|spa|1\n|\n|t:|1776164461\n|switch|p2a: Basculegion|Basculegion, L50, M|100/100|[from] Parting Shot\n|\n|upkeep\n|turn|2\n|\n|t:|1776164480\n|move|p2b: Gengar|Shadow Ball|p1b: Garchomp\n|-damage|p1b: Garchomp|41/100\n|move|p1b: Garchomp|Stomping Tantrum|p2b: Gengar\n|-supereffective|p2b: Gengar|1\n|-damage|p2b: Gengar|26/100\n|move|p2a: Basculegion|Wave Crash|p1b: Garchomp\n|-damage|p1b: Garchomp|0 fnt\n|-damage|p2a: Basculegion|88/100|[from] ability: Rough Skin|[of] p1b: Garchomp\n|faint|p1b: Garchomp\n|-damage|p2a: Basculegion|77/100|[from] Recoil\n|move|p1a: Incineroar|Darkest Lariat|p2a: Basculegion\n|-supereffective|p2a: Basculegion|1\n|-damage|p2a: Basculegion|0 fnt\n|faint|p2a: Basculegion\n|\n|upkeep\n|\n|t:|1776164501\n|switch|p1b: Meowscarada|Meowscarada, L50, F|100/100\n|switch|p2a: Incineroar|Incineroar, L50, M|81/100\n|-ability|p2a: Incineroar|Intimidate|boost\n|-unboost|p1a: Incineroar|atk|1\n|-unboost|p1b: Meowscarada|atk|1\n|turn|3\n|inactive|zangiefwin has 30 seconds left.\n|\n|t:|1776164533\n|move|p2b: Gengar|Protect|p2b: Gengar\n|-singleturn|p2b: Gengar|Protect\n|move|p1b: Meowscarada|U-turn|p2a: Incineroar\n|-start|p1b: Meowscarada|typechange|Bug|[from] ability: Protean\n|-damage|p2a: Incineroar|63/100\n|\n|t:|1776164539\n|switch|p1b: Primarina|Primarina, L50, F|100/100|[from] U-turn\n|move|p1a: Incineroar|Parting Shot|p2a: Incineroar\n|-unboost|p2a: Incineroar|atk|1\n|-unboost|p2a: Incineroar|spa|1\n|\n|t:|1776164545\n|switch|p1a: Meowscarada|Meowscarada, L50, F|100/100|[from] Parting Shot\n|move|p2a: Incineroar|Parting Shot|p1a: Meowscarada\n|-unboost|p1a: Meowscarada|atk|1\n|-unboost|p1a: Meowscarada|spa|1\n|\n|t:|1776164548\n|switch|p2a: Archaludon|Archaludon, L50, M|100/100|[from] Parting Shot\n|\n|upkeep\n|turn|4\n|inactive|zangiefwin has 30 seconds left.\n|\n|t:|1776164573\n|switch|p2b: Incineroar|Incineroar, L50, M|63/100\n|-ability|p2b: Incineroar|Intimidate|boost\n|-unboost|p1a: Meowscarada|atk|1\n|-unboost|p1b: Primarina|atk|1\n|move|p1a: Meowscarada|U-turn|p2b: Incineroar\n|-start|p1a: Meowscarada|typechange|Bug|[from] ability: Protean\n|-damage|p2b: Incineroar|49/100\n|-enditem|p2b: Incineroar|Sitrus Berry|[eat]\n|-heal|p2b: Incineroar|74/100|[from] item: Sitrus Berry\n|\n|t:|1776164582\n|switch|p1a: Incineroar|Incineroar, L50, F, shiny|100/100|[from] U-turn\n|-ability|p1a: Incineroar|Intimidate|boost\n|-unboost|p2a: Archaludon|atk|1\n|-unboost|p2b: Incineroar|atk|1\n|move|p2a: Archaludon|Snarl|p1a: Incineroar|[spread] p1a,p1b\n|-resisted|p1a: Incineroar|1\n|-resisted|p1b: Primarina|1\n|-damage|p1a: Incineroar|96/100\n|-damage|p1b: Primarina|95/100\n|-unboost|p1a: Incineroar|spa|1\n|-unboost|p1b: Primarina|spa|1\n|move|p1b: Primarina|Hyper Voice|p2b: Incineroar|[spread] p2a,p2b\n|-resisted|p2a: Archaludon|1\n|-supereffective|p2b: Incineroar|1\n|-damage|p2a: Archaludon|83/100\n|-damage|p2b: Incineroar|23/100\n|-ability|p2a: Archaludon|Stamina|boost\n|-boost|p2a: Archaludon|def|1\n|\n|-heal|p2a: Archaludon|89/100|[from] item: Leftovers\n|upkeep\n|turn|5\n|inactive|zangiefwin has 30 seconds left.\n|inactive|zangiefwin has 20 seconds left.\n|inactive|zangiefwin has 15 seconds left.\n|\n|t:|1776164625\n|move|p2b: Incineroar|Fake Out|p1b: Primarina\n|-damage|p1b: Primarina|85/100\n|move|p2a: Archaludon|Electro Shot||[still]\n|-prepare|p2a: Archaludon|Electro Shot\n|-boost|p2a: Archaludon|spa|1\n|cant|p1b: Primarina|flinch\n|move|p1a: Incineroar|Parting Shot|p2a: Archaludon\n|-unboost|p2a: Archaludon|atk|1\n|-unboost|p2a: Archaludon|spa|1\n|\n|t:|1776164634\n|switch|p1a: Meowscarada|Meowscarada, L50, F|100/100|[from] Parting Shot\n|\n|-heal|p2a: Archaludon|95/100|[from] item: Leftovers\n|upkeep\n|turn|6\n|\n|t:|1776164651\n|move|p1b: Primarina|Protect|p1b: Primarina\n|-singleturn|p1b: Primarina|Protect\n|move|p2b: Incineroar|Protect|p2b: Incineroar\n|-singleturn|p2b: Incineroar|Protect\n|move|p1a: Meowscarada|Knock Off|p2a: Archaludon\n|-start|p1a: Meowscarada|typechange|Dark|[from] ability: Protean\n|-damage|p2a: Archaludon|76/100\n|-ability|p2a: Archaludon|Stamina|boost\n|-boost|p2a: Archaludon|def|1\n|-enditem|p2a: Archaludon|Leftovers|[from] move: Knock Off|[of] p1a: Meowscarada\n|move|p2a: Archaludon|Electro Shot|p1b: Primarina|[from] lockedmove\n|-activate|p1b: Primarina|move: Protect\n|\n|upkeep\n|turn|7\n|inactive|zangiefwin has 30 seconds left.\n|\n|t:|1776164686\n|move|p1a: Meowscarada|Knock Off|p2b: Incineroar\n|-resisted|p2b: Incineroar|1\n|-damage|p2b: Incineroar|11/100\n|move|p2a: Archaludon|Snarl|p1a: Meowscarada|[spread] p1a,p1b\n|-resisted|p1a: Meowscarada|1\n|-resisted|p1b: Primarina|1\n|-damage|p1a: Meowscarada|91/100\n|-damage|p1b: Primarina|79/100\n|-unboost|p1a: Meowscarada|spa|1\n|-unboost|p1b: Primarina|spa|1\n|move|p1b: Primarina|Dazzling Gleam|p2a: Archaludon|[spread] p2a,p2b\n|-damage|p2a: Archaludon|54/100\n|-damage|p2b: Incineroar|0 fnt\n|-ability|p2a: Archaludon|Stamina|boost\n|-boost|p2a: Archaludon|def|1\n|faint|p2b: Incineroar\n|\n|upkeep\n|\n|t:|1776164692\n|switch|p2b: Gengar|Gengar-Mega, L50, M|26/100\n|turn|8\n|\n|t:|1776164715\n|move|p2b: Gengar|Protect|p2b: Gengar\n|-singleturn|p2b: Gengar|Protect\n|move|p1a: Meowscarada|Knock Off|p2b: Gengar\n|-activate|p2b: Gengar|move: Protect\n|move|p2a: Archaludon|Draco Meteor|p1a: Meowscarada\n|-damage|p1a: Meowscarada|4/100\n|-unboost|p2a: Archaludon|spa|2\n|move|p1b: Primarina|Moonblast|p2a: Archaludon\n|-damage|p2a: Archaludon|22/100\n|-ability|p2a: Archaludon|Stamina|boost\n|-boost|p2a: Archaludon|def|1\n|\n|upkeep\n|turn|9\n|-message|dianciexia\u8482\u5b89\u5e0c\u4fa0 forfeited.\n|\n|win|zangiefwin\n|raw|zangiefwin's rating: 1144 &rarr; <strong>1176</strong><br />(+32 for winning)\n|raw|dianciexia\u8482\u5b89\u5e0c\u4fa0's rating: 1249 &rarr; <strong>1217</strong><br />(-32 for losing)\n|l|\u2606dianciexia\u8482\u5b89\u5e0c\u4fa0\n|player|p2|\n",
  "uploadtime": 1776164778,
  "views": 23,
  "formatid": "gen9championsvgc2026regma",
  "rating": 1176,
  "private": 0,
  "password": null
}