{
  "id": "gen9championsvgc2026regma-2585522694",
  "format": "[Gen 9 Champions] VGC 2026 Reg M-A",
  "players": [
    "HookGangGarth",
    "Crash0utVGC"
  ],
  "log": "|j|\u2606HookGangGarth\n|j|\u2606Crash0utVGC\n|t:|1776353175\n|gametype|doubles\n|player|p1|HookGangGarth|sailor|1142\n|player|p2|Crash0utVGC|colress|1073\n|gen|9\n|tier|[Gen 9 Champions] VGC 2026 Reg M-A\n|rated|\n|rule|Species Clause: Limit one of each Pok\u00e9mon\n|rule|Item Clause: Limit 1 of each item\n|clearpoke\n|poke|p1|Gengar, L50, M|\n|poke|p1|Kingambit, L50, F|\n|poke|p1|Rotom-Heat, L50|\n|poke|p1|Whimsicott, L50, F|\n|poke|p1|Dragapult, L50, M|\n|poke|p1|Tauros-Paldea-Aqua, L50, M|\n|poke|p2|Aggron, L50, F|\n|poke|p2|Pelipper, L50, M|\n|poke|p2|Incineroar, L50, M|\n|poke|p2|Sinistcha, L50|\n|poke|p2|Basculegion, L50, M|\n|poke|p2|Dragonite, L50, F|\n|teampreview|4\nHookGangGarth rejected open team sheets.\n|inactive|Battle timer is ON: inactive players will automatically lose when time's up. (requested by HookGangGarth)\n|\n|t:|1776353202\n|teamsize|p1|4\n|teamsize|p2|4\n|start\n|switch|p1a: Gengar|Gengar, L50, M|100/100\n|switch|p1b: Dragapult|Dragapult, L50, M|100/100\n|switch|p2a: Aggron|Aggron, L50, F, shiny|100/100\n|switch|p2b: Incineroar|Incineroar, L50, M|100/100\n|-ability|p2b: Incineroar|Intimidate|boost\n|-unboost|p1a: Gengar|atk|1\n|-unboost|p1b: Dragapult|atk|1\n|turn|1\n|inactive|HookGangGarth has 30 seconds left.\n|\n|t:|1776353235\n|detailschange|p1a: Gengar|Gengar-Mega, L50, M\n|-mega|p1a: Gengar|Gengar|Gengarite\n|move|p2a: Aggron|Protect|p2a: Aggron\n|-singleturn|p2a: Aggron|Protect\n|move|p1b: Dragapult|Will-O-Wisp|p2a: Aggron\n|-activate|p2a: Aggron|move: Protect\n|move|p1a: Gengar|Substitute|p1a: Gengar\n|-start|p1a: Gengar|Substitute\n|-damage|p1a: Gengar|76/100\n|move|p2b: Incineroar|Taunt|p1b: Dragapult\n|-start|p1b: Dragapult|move: Taunt\n|\n|upkeep\n|turn|2\n|inactive|HookGangGarth has 30 seconds left.\n|inactive|HookGangGarth has 20 seconds left.\n|\n|t:|1776353273\n|switch|p1b: Whimsicott|Whimsicott, L50, F|100/100\n|detailschange|p2a: Aggron|Aggron-Mega, L50, F, shiny\n|-mega|p2a: Aggron|Aggron|Aggronite\n|move|p1a: Gengar|Protect|p1a: Gengar\n|-singleturn|p1a: Gengar|Protect\n|move|p2b: Incineroar|Flare Blitz|p1a: Gengar\n|-activate|p1a: Gengar|move: Protect\n|move|p2a: Aggron|Heavy Slam|p1a: Gengar\n|-activate|p1a: Gengar|move: Protect\n|\n|upkeep\n|turn|3\n|\n|t:|1776353296\n|switch|p1a: Kingambit|Kingambit, L50, F|100/100\n|move|p1b: Whimsicott|Charm|p2a: Aggron\n|-unboost|p2a: Aggron|atk|2\n|move|p2b: Incineroar|Flare Blitz|p1a: Kingambit\n|-supereffective|p1a: Kingambit|1\n|-enditem|p1a: Kingambit|Occa Berry|[eat]\n|-enditem|p1a: Kingambit|Occa Berry|[weaken]\n|-damage|p1a: Kingambit|66/100\n|-damage|p2b: Incineroar|89/100|[from] Recoil\n|move|p2a: Aggron|Heavy Slam|p1a: Kingambit\n|-resisted|p1a: Kingambit|1\n|-damage|p1a: Kingambit|59/100\n|\n|upkeep\n|turn|4\n|inactive|HookGangGarth has 30 seconds left.\n|\n|t:|1776353321\n|move|p1b: Whimsicott|Tailwind|p1b: Whimsicott\n|-sidestart|p1: HookGangGarth|move: Tailwind\n|move|p1a: Kingambit|Low Kick|p2a: Aggron\n|-supereffective|p2a: Aggron|1\n|-damage|p2a: Aggron|65/100\n|move|p2b: Incineroar|Parting Shot|p1b: Whimsicott\n|-unboost|p1b: Whimsicott|atk|1\n|-unboost|p1b: Whimsicott|spa|1\n|\n|t:|1776353329\n|switch|p2b: Sinistcha|Sinistcha, L50|100/100|[from] Parting Shot\n|-heal|p2a: Aggron|90/100|[from] ability: Hospitality|[of] p2b: Sinistcha\n|move|p2a: Aggron|Body Press|p1a: Kingambit\n|-supereffective|p1a: Kingambit|2\n|-damage|p1a: Kingambit|0 fnt\n|faint|p1a: Kingambit\n|\n|upkeep\n|\n|t:|1776353337\n|switch|p1a: Gengar|Gengar-Mega, L50, M|76/100\n|turn|5\n|\n|t:|1776353347\n|move|p1b: Whimsicott|Encore|p2a: Aggron\n|-start|p2a: Aggron|Encore\n|move|p1a: Gengar|Substitute|p1a: Gengar\n|-start|p1a: Gengar|Substitute\n|-damage|p1a: Gengar|51/100\n|move|p2a: Aggron|Body Press|p1b: Whimsicott\n|-resisted|p1b: Whimsicott|1\n|-damage|p1b: Whimsicott|76/100\n|move|p2b: Sinistcha|Trick Room|p2b: Sinistcha\n|-fieldstart|move: Trick Room|[of] p2b: Sinistcha\n|\n|upkeep\n|turn|6\n|\n|t:|1776353369\n|switch|p2b: Incineroar|Incineroar, L50, M|89/100\n|-ability|p2b: Incineroar|Intimidate|boost\n|-immune|p1a: Gengar\n|-unboost|p1b: Whimsicott|atk|1\n|move|p1b: Whimsicott|Encore|p2b: Incineroar\n|-hint|Since gen 7, Dark is immune to Prankster moves.\n|-immune|p2b: Incineroar\n|move|p2a: Aggron|Body Press|p1b: Whimsicott\n|-resisted|p1b: Whimsicott|1\n|-damage|p1b: Whimsicott|51/100\n|move|p1a: Gengar|Shadow Ball|p2a: Aggron\n|-damage|p2a: Aggron|50/100\n|\n|upkeep\n|turn|7\n|\n|t:|1776353388\n|move|p1b: Whimsicott|Protect|p1b: Whimsicott\n|-singleturn|p1b: Whimsicott|Protect\n|move|p2a: Aggron|Body Press|p1b: Whimsicott\n|-activate|p1b: Whimsicott|move: Protect\n|move|p2b: Incineroar|Parting Shot|p1a: Gengar\n|-unboost|p1a: Gengar|atk|1\n|-unboost|p1a: Gengar|spa|1\n|\n|t:|1776353391\n|switch|p2b: Sinistcha|Sinistcha, L50|100/100|[from] Parting Shot\n|-heal|p2a: Aggron|75/100|[from] ability: Hospitality|[of] p2b: Sinistcha\n|move|p1a: Gengar|Shadow Ball|p2a: Aggron\n|-damage|p2a: Aggron|46/100\n|\n|-end|p2a: Aggron|Encore\n|-sideend|p1: HookGangGarth|move: Tailwind\n|upkeep\n|turn|8\n|\n|t:|1776353409\n|switch|p2b: Incineroar|Incineroar, L50, M|89/100\n|-ability|p2b: Incineroar|Intimidate|boost\n|-immune|p1a: Gengar\n|-unboost|p1b: Whimsicott|atk|1\n|move|p2a: Aggron|Protect|p2a: Aggron\n|-singleturn|p2a: Aggron|Protect\n|move|p1b: Whimsicott|Encore|p2a: Aggron\n|-activate|p2a: Aggron|move: Protect\n|move|p1a: Gengar|Shadow Ball|p2a: Aggron\n|-activate|p2a: Aggron|move: Protect\n|\n|upkeep\n|turn|9\n|\n|t:|1776353434\n|switch|p1b: Dragapult|Dragapult, L50, M|100/100\n|move|p2a: Aggron|Heavy Slam|p1b: Dragapult\n|-damage|p1b: Dragapult|62/100\n|move|p2b: Incineroar|Parting Shot|p1a: Gengar\n|-unboost|p1a: Gengar|atk|1\n|-unboost|p1a: Gengar|spa|1\n|\n|t:|1776353439\n|switch|p2b: Sinistcha|Sinistcha, L50|100/100|[from] Parting Shot\n|-heal|p2a: Aggron|71/100|[from] ability: Hospitality|[of] p2b: Sinistcha\n|move|p1a: Gengar|Shadow Ball|p2a: Aggron\n|-damage|p2a: Aggron|51/100\n|\n|-fieldend|move: Trick Room\n|upkeep\n|turn|10\n|inactive|HookGangGarth has 30 seconds left.\n|\n|t:|1776353470\n|switch|p2b: Incineroar|Incineroar, L50, M|89/100\n|-ability|p2b: Incineroar|Intimidate|boost\n|-immune|p1a: Gengar\n|-unboost|p1b: Dragapult|atk|1\n|move|p1b: Dragapult|Draco Meteor|p2b: Incineroar\n|-damage|p2b: Incineroar|38/100\n|-unboost|p1b: Dragapult|spa|2\n|move|p1a: Gengar|Sludge Bomb|p2b: Incineroar\n|-damage|p2b: Incineroar|16/100\n|move|p2a: Aggron|Heavy Slam|p1a: Gengar\n|-end|p1a: Gengar|Substitute\n|\n|upkeep\n|turn|11\n|\n|t:|1776353490\n|move|p1b: Dragapult|Draco Meteor|p2b: Incineroar\n|-damage|p2b: Incineroar|0 fnt\n|-unboost|p1b: Dragapult|spa|2\n|faint|p2b: Incineroar\n|move|p1a: Gengar|Sludge Bomb|p2a: Aggron\n|-immune|p2a: Aggron\n|move|p2a: Aggron|Heavy Slam|p1a: Gengar\n|-damage|p1a: Gengar|9/100\n|\n|upkeep\n|\n|t:|1776353514\n|switch|p2b: Basculegion|Basculegion, L50, M|100/100\n|turn|12\n|\n|t:|1776353529\n|switch|p1a: Whimsicott|Whimsicott, L50, F|51/100\n|move|p1b: Dragapult|Will-O-Wisp|p2a: Aggron|[miss]\n|-miss|p1b: Dragapult|p2a: Aggron\n|move|p2b: Basculegion|Last Respects|p1b: Dragapult\n|-supereffective|p1b: Dragapult|1\n|-damage|p1b: Dragapult|0 fnt\n|faint|p1b: Dragapult\n|move|p2a: Aggron|Heavy Slam|p1a: Whimsicott\n|-supereffective|p1a: Whimsicott|1\n|-damage|p1a: Whimsicott|0 fnt\n|faint|p1a: Whimsicott\n|\n|upkeep\n|-message|HookGangGarth forfeited.\n|\n|win|Crash0utVGC\n|raw|HookGangGarth's rating: 1142 &rarr; <strong>1112</strong><br />(-30 for losing)\n|raw|Crash0utVGC's rating: 1073 &rarr; <strong>1108</strong><br />(+35 for winning)\n",
  "uploadtime": 1776353540,
  "views": 18,
  "formatid": "gen9championsvgc2026regma",
  "rating": 1108,
  "private": 0,
  "password": null
}