{
  "id": "gen9championsvgc2026regma-2583782541",
  "format": "[Gen 9 Champions] VGC 2026 Reg M-A",
  "players": [
    "Arnav5678",
    "ragelax"
  ],
  "log": "|j|\u2606Arnav5678\n|j|\u2606ragelax\n|t:|1776197347\n|gametype|doubles\n|player|p1|Arnav5678|102|1040\n|player|p2|ragelax|pokemonbreeder|1044\n|gen|9\n|tier|[Gen 9 Champions] VGC 2026 Reg M-A\n|rated|\n|rule|Species Clause: Limit one of each Pok\u00e9mon\n|rule|Item Clause: Limit 1 of each item\n|clearpoke\n|poke|p1|Scovillain, L50, M|\n|poke|p1|Farigiraf, L50, M|\n|poke|p1|Sinistcha-Masterpiece, L50|\n|poke|p1|Incineroar, L50, F|\n|poke|p1|Rotom-Wash, L50|\n|poke|p1|Garganacl, L50, M|\n|poke|p2|Whimsicott, L50, M|\n|poke|p2|Charizard, L50, F|\n|poke|p2|Aerodactyl, L50, F|\n|poke|p2|Venusaur, L50, M|\n|poke|p2|Sneasler, L50, F|\n|poke|p2|Tsareena, L50, F|\n|teampreview|4\nragelax rejected open team sheets.\n|\n|t:|1776197416\n|teamsize|p1|4\n|teamsize|p2|4\n|start\n|switch|p1a: Farigiraf|Farigiraf, L50, M|100/100\n|switch|p1b: Rotom|Rotom-Wash, L50|100/100\n|switch|p2a: Tsareeny|Tsareena, L50, F|100/100\n|switch|p2b: Whimmy|Whimsicott, L50, M|100/100\n|turn|1\n|\n|t:|1776197467\n|switch|p1b: Sinistcha|Sinistcha-Masterpiece, L50|100/100\n|move|p2b: Whimmy|Protect|p2b: Whimmy\n|-singleturn|p2b: Whimmy|Protect\n|move|p2a: Tsareeny|Taunt|p1a: Farigiraf\n|-start|p1a: Farigiraf|move: Taunt\n|-enditem|p1a: Farigiraf|Mental Herb\n|-end|p1a: Farigiraf|move: Taunt\n|move|p1a: Farigiraf|Trick Room|p1a: Farigiraf\n|-fieldstart|move: Trick Room|[of] p1a: Farigiraf\n|\n|upkeep\n|turn|2\n|\n|t:|1776197492\n|switch|p1b: Garganacl|Garganacl, L50, M|100/100\n|switch|p2b: Charry|Charizard, L50, F|100/100\n|move|p1a: Farigiraf|Hyper Voice|p2a: Tsareeny|[spread] p2a,p2b\n|-damage|p2a: Tsareeny|76/100\n|-damage|p2b: Charry|70/100\n|move|p2a: Tsareeny|Acupressure|p2b: Charry\n|-boost|p2b: Charry|spa|2\n|\n|upkeep\n|turn|3\n|\n|t:|1776197512\n|switch|p1a: Rotom|Rotom-Wash, L50|100/100\n|move|p2b: Charry|Protect|p2b: Charry\n|-singleturn|p2b: Charry|Protect\n|move|p1b: Garganacl|Salt Cure|p2b: Charry\n|-activate|p2b: Charry|move: Protect\n|move|p2a: Tsareeny|Trop Kick|p1b: Garganacl\n|-supereffective|p1b: Garganacl|1\n|-damage|p1b: Garganacl|56/100\n|-unboost|p1b: Garganacl|atk|1\n|\n|-heal|p1b: Garganacl|63/100|[from] item: Leftovers\n|upkeep\n|turn|4\n|\n|t:|1776197537\n|move|p1b: Garganacl|Protect|p1b: Garganacl\n|-singleturn|p1b: Garganacl|Protect\n|move|p1a: Rotom|Hydro Pump|p2b: Charry\n|-supereffective|p2b: Charry|1\n|-damage|p2b: Charry|0 fnt\n|faint|p2b: Charry\n|move|p2a: Tsareeny|Trop Kick|p1a: Rotom\n|-supereffective|p1a: Rotom|1\n|-damage|p1a: Rotom|30/100\n|-unboost|p1a: Rotom|atk|1\n|\n|-heal|p1b: Garganacl|69/100|[from] item: Leftovers\n|upkeep\n|\n|t:|1776197551\n|switch|p2b: Veeny|Venusaur, L50, M|100/100\n|turn|5\n|\n|t:|1776197566\n|switch|p1a: Sinistcha|Sinistcha-Masterpiece, L50|100/100\n|-heal|p1b: Garganacl|94/100|[from] ability: Hospitality|[of] p1a: Sinistcha\n|move|p1b: Garganacl|Salt Cure|p2a: Tsareeny\n|-damage|p2a: Tsareeny|66/100\n|-start|p2a: Tsareeny|Salt Cure\n|move|p2b: Veeny|Giga Drain|p1a: Sinistcha\n|-resisted|p1a: Sinistcha|1\n|-damage|p1a: Sinistcha|84/100\n|move|p2a: Tsareeny|Trop Kick|p1b: Garganacl\n|-supereffective|p1b: Garganacl|1\n|-damage|p1b: Garganacl|49/100\n|-unboost|p1b: Garganacl|atk|1\n|\n|-heal|p1b: Garganacl|55/100|[from] item: Leftovers\n|-damage|p2a: Tsareeny|60/100|[from] Salt Cure\n|-fieldend|move: Trick Room\n|upkeep\n|turn|6\n|\n|t:|1776197587\n|move|p1b: Garganacl|Protect|p1b: Garganacl\n|-singleturn|p1b: Garganacl|Protect\n|move|p2a: Tsareeny|Acupressure|p2b: Veeny\n|-boost|p2b: Veeny|atk|2\n|move|p2b: Veeny|Sludge Bomb|p1a: Sinistcha\n|-damage|p1a: Sinistcha|43/100\n|-status|p1a: Sinistcha|psn\n|move|p1a: Sinistcha|Trick Room|p1a: Sinistcha\n|-fieldstart|move: Trick Room|[of] p1a: Sinistcha\n|\n|-heal|p1b: Garganacl|61/100|[from] item: Leftovers\n|-damage|p1a: Sinistcha|30/100 psn|[from] psn\n|-damage|p2a: Tsareeny|54/100|[from] Salt Cure\n|upkeep\n|turn|7\n|\n|t:|1776197605\n|switch|p1a: Farigiraf|Farigiraf, L50, M|100/100\n|move|p1b: Garganacl|Salt Cure|p2b: Veeny\n|-damage|p2b: Veeny|92/100\n|-start|p2b: Veeny|Salt Cure\n|move|p2b: Veeny|Giga Drain|p1b: Garganacl\n|-supereffective|p1b: Garganacl|1\n|-damage|p1b: Garganacl|7/100\n|-heal|p2b: Veeny|100/100|[from] drain|[of] p1b: Garganacl\n|move|p2a: Tsareeny|Reflect|p2a: Tsareeny\n|-sidestart|p2: ragelax|Reflect\n|\n|-heal|p1b: Garganacl|13/100|[from] item: Leftovers\n|-damage|p2b: Veeny|95/100|[from] Salt Cure\n|-damage|p2a: Tsareeny|48/100|[from] Salt Cure\n|upkeep\n|-enditem|p2a: Tsareeny|Sitrus Berry|[eat]\n|-heal|p2a: Tsareeny|73/100|[from] item: Sitrus Berry\n|turn|8\n|\n|t:|1776197624\n|switch|p1a: Sinistcha|Sinistcha-Masterpiece, L50|30/100 psn\n|-heal|p1b: Garganacl|38/100|[from] ability: Hospitality|[of] p1a: Sinistcha\n|move|p1b: Garganacl|Protect|p1b: Garganacl\n|-singleturn|p1b: Garganacl|Protect\n|move|p2b: Veeny|Protect|p2b: Veeny\n|-singleturn|p2b: Veeny|Protect\n|move|p2a: Tsareeny|Acupressure|p2b: Veeny\n|-boost|p2b: Veeny|evasion|2\n|\n|-heal|p1b: Garganacl|44/100|[from] item: Leftovers\n|-damage|p1a: Sinistcha|18/100 psn|[from] psn\n|-damage|p2b: Veeny|89/100|[from] Salt Cure\n|-damage|p2a: Tsareeny|66/100|[from] Salt Cure\n|upkeep\n|turn|9\n|\n|t:|1776197653\n|move|p1b: Garganacl|Recover|p1b: Garganacl\n|-heal|p1b: Garganacl|94/100\n|move|p1a: Sinistcha|Pain Split|p2b: Veeny\n|-sethp|p2b: Veeny|53/100|[from] move: Pain Split|[silent]\n|-sethp|p1a: Sinistcha|56/100 psn|[from] move: Pain Split\n|move|p2b: Veeny|Sludge Bomb|p1a: Sinistcha\n|-damage|p1a: Sinistcha|11/100 psn\n|move|p2a: Tsareeny|Taunt|p1b: Garganacl\n|-start|p1b: Garganacl|move: Taunt\n|\n|-heal|p1b: Garganacl|100/100|[from] item: Leftovers\n|-damage|p1a: Sinistcha|0 fnt|[from] psn\n|faint|p1a: Sinistcha\n|-damage|p2b: Veeny|47/100|[from] Salt Cure\n|-damage|p2a: Tsareeny|60/100|[from] Salt Cure\n|upkeep\n|\n|t:|1776197670\n|switch|p1a: Farigiraf|Farigiraf, L50, M|100/100\n|turn|10\n|inactive|Battle timer is ON: inactive players will automatically lose when time's up. (requested by Arnav5678)\n|inactive|ragelax has 60 seconds left.\n|c|\u2606Arnav5678|Dude go\n|c|\u2606Arnav5678|Youve been thinking for over a minute\n|inactive|ragelax has 30 seconds left.\n|inactive|ragelax has 20 seconds left.\n|c|\u2606Arnav5678|Dude I think you might have lost\n|inactive|ragelax has 15 seconds left.\n|inactive|ragelax has 10 seconds left.\n|inactive|ragelax has 5 seconds left.\n|\n|t:|1776197829\n|move|p2b: Veeny|Protect|p2b: Veeny\n|-singleturn|p2b: Veeny|Protect\n|move|p1b: Garganacl|Salt Cure|p2a: Tsareeny\n|-damage|p2a: Tsareeny|55/100\n|move|p2a: Tsareeny|Acupressure|p2a: Tsareeny\n|-boost|p2a: Tsareeny|def|2\n|move|p1a: Farigiraf|Mirror Coat||[still]\n|-fail|p1a: Farigiraf\n|\n|-damage|p2b: Veeny|41/100|[from] Salt Cure\n|-damage|p2a: Tsareeny|49/100|[from] Salt Cure\n|-fieldend|move: Trick Room\n|upkeep\n|turn|11\n|c|\u2606ragelax|my bad, work stuff\n|inactive|ragelax has 30 seconds left.\n|\n|t:|1776197854\n|switch|p2a: Whimmy|Whimsicott, L50, M|100/100\n|switch|p1b: Rotom|Rotom-Wash, L50|30/100\n|move|p2b: Veeny|Giga Drain|p1b: Rotom\n|-supereffective|p1b: Rotom|1\n|-damage|p1b: Rotom|0 fnt\n|-heal|p2b: Veeny|54/100|[from] drain|[of] p1b: Rotom\n|faint|p1b: Rotom\n|move|p1a: Farigiraf|Mirror Coat||[still]\n|-fail|p1a: Farigiraf\n|\n|-damage|p2b: Veeny|48/100|[from] Salt Cure\n|-sideend|p2: ragelax|Reflect\n|upkeep\n|c|\u2606Arnav5678|its alright\n|\n|t:|1776197867\n|switch|p1b: Garganacl|Garganacl, L50, M|100/100\n|turn|12\n|\n|t:|1776197892\n|move|p1b: Garganacl|Protect|p1b: Garganacl\n|-singleturn|p1b: Garganacl|Protect\n|move|p2a: Whimmy|Moonblast|p1b: Garganacl\n|-activate|p1b: Garganacl|move: Protect\n|move|p2b: Veeny|Sleep Powder|p1a: Farigiraf\n|-status|p1a: Farigiraf|slp|[from] move: Sleep Powder\n|cant|p1a: Farigiraf|slp\n|\n|-damage|p2b: Veeny|42/100|[from] Salt Cure\n|upkeep\n|turn|13\n|\n|t:|1776197917\n|move|p2a: Whimmy|Moonblast|p1a: Farigiraf\n|-damage|p1a: Farigiraf|70/100 slp\n|-unboost|p1a: Farigiraf|spa|1\n|move|p2b: Veeny|Giga Drain|p1b: Garganacl\n|-supereffective|p1b: Garganacl|1\n|-damage|p1b: Garganacl|42/100\n|-heal|p2b: Veeny|70/100|[from] drain|[of] p1b: Garganacl\n|move|p1b: Garganacl|Recover|p1b: Garganacl\n|-heal|p1b: Garganacl|92/100\n|cant|p1a: Farigiraf|slp\n|\n|-heal|p1b: Garganacl|98/100|[from] item: Leftovers\n|-damage|p2b: Veeny|64/100|[from] Salt Cure\n|upkeep\n|turn|14\n|inactive|Arnav5678 has 30 seconds left.\n|\n|t:|1776197942\n|switch|p2a: Tsareeny|Tsareena, L50, F|49/100\n|move|p2b: Veeny|Giga Drain|p1a: Farigiraf\n|-damage|p1a: Farigiraf|44/100 slp\n|-heal|p2b: Veeny|78/100|[from] drain|[of] p1a: Farigiraf\n|move|p1b: Garganacl|Recover|p1b: Garganacl\n|-heal|p1b: Garganacl|100/100\n|-curestatus|p1a: Farigiraf|slp|[msg]\n|move|p1a: Farigiraf|Trick Room|p1a: Farigiraf\n|-fieldstart|move: Trick Room|[of] p1a: Farigiraf\n|\n|-damage|p2b: Veeny|72/100|[from] Salt Cure\n|upkeep\n|turn|15\n|\n|t:|1776197962\n|move|p2b: Veeny|Protect|p2b: Veeny\n|-singleturn|p2b: Veeny|Protect\n|move|p1b: Garganacl|Iron Defense|p1b: Garganacl\n|-boost|p1b: Garganacl|def|2\n|move|p2a: Tsareeny|Acupressure|p2b: Veeny\n|-boost|p2b: Veeny|evasion|2\n|move|p1a: Farigiraf|Mirror Coat||[still]\n|-fail|p1a: Farigiraf\n|\n|-damage|p2b: Veeny|66/100|[from] Salt Cure\n|upkeep\n|turn|16\n|inactive|ragelax has 30 seconds left.\n|\n|t:|1776197987\n|move|p1b: Garganacl|Iron Defense|p1b: Garganacl\n|-boost|p1b: Garganacl|def|2\n|move|p1a: Farigiraf|Hyper Voice|p2b: Veeny|[spread] p2a\n|-miss|p1a: Farigiraf|p2b: Veeny\n|-damage|p2a: Tsareeny|32/100\n|move|p2b: Veeny|Giga Drain|p1a: Farigiraf\n|-damage|p1a: Farigiraf|18/100\n|-heal|p2b: Veeny|80/100|[from] drain|[of] p1a: Farigiraf\n|move|p2a: Tsareeny|Taunt|p1b: Garganacl\n|-start|p1b: Garganacl|move: Taunt\n|\n|-damage|p2b: Veeny|74/100|[from] Salt Cure\n|upkeep\n|turn|17\n|\n|t:|1776198010\n|move|p1a: Farigiraf|Protect|p1a: Farigiraf\n|-singleturn|p1a: Farigiraf|Protect\n|move|p1b: Garganacl|Salt Cure|p2a: Tsareeny\n|-damage|p2a: Tsareeny|17/100\n|-start|p2a: Tsareeny|Salt Cure\n|move|p2b: Veeny|Giga Drain|p1b: Garganacl\n|-supereffective|p1b: Garganacl|1\n|-damage|p1b: Garganacl|38/100\n|-heal|p2b: Veeny|100/100|[from] drain|[of] p1b: Garganacl\n|move|p2a: Tsareeny|Taunt|p1a: Farigiraf\n|-activate|p1a: Farigiraf|move: Protect\n|\n|-heal|p1b: Garganacl|45/100|[from] item: Leftovers\n|-damage|p2b: Veeny|95/100|[from] Salt Cure\n|-damage|p2a: Tsareeny|11/100|[from] Salt Cure\n|upkeep\n|turn|18\n|\n|t:|1776198033\n|switch|p2a: Whimmy|Whimsicott, L50, M|100/100\n|move|p1b: Garganacl|Salt Cure|p2a: Whimmy\n|-damage|p2a: Whimmy|83/100\n|-start|p2a: Whimmy|Salt Cure\n|move|p1a: Farigiraf|Hyper Voice|p2a: Whimmy|[spread] p2a\n|-miss|p1a: Farigiraf|p2b: Veeny\n|-damage|p2a: Whimmy|61/100\n|move|p2b: Veeny|Giga Drain|p1b: Garganacl\n|-supereffective|p1b: Garganacl|1\n|-damage|p1b: Garganacl|0 fnt\n|-heal|p2b: Veeny|100/100|[from] drain|[of] p1b: Garganacl\n|faint|p1b: Garganacl\n|\n|-damage|p2b: Veeny|95/100|[from] Salt Cure\n|-damage|p2a: Whimmy|55/100|[from] Salt Cure\n|-fieldend|move: Trick Room\n|upkeep\n|turn|19\n|\n|t:|1776198051\n|move|p2a: Whimmy|Moonblast|p1a: Farigiraf\n|-damage|p1a: Farigiraf|0 fnt\n|faint|p1a: Farigiraf\n|\n|win|ragelax\n|raw|Arnav5678's rating: 1040 &rarr; <strong>1024</strong><br />(-16 for losing)\n|raw|ragelax's rating: 1044 &rarr; <strong>1077</strong><br />(+33 for winning)\n|c|\u2606ragelax|sorry for the delays in turns\n|l|\u2606Arnav5678\n|player|p1|\n",
  "uploadtime": 1776198322,
  "views": 15,
  "formatid": "gen9championsvgc2026regma",
  "rating": 1024,
  "private": 0,
  "password": null
}