{
  "id": "gen9championsvgc2026regma-2585131396",
  "format": "[Gen 9 Champions] VGC 2026 Reg M-A",
  "players": [
    "xxbadkid",
    "jewstein7"
  ],
  "log": "|j|\u2606xxbadkid\n|j|\u2606jewstein7\n|t:|1776315506\n|gametype|doubles\n|player|p1|xxbadkid|102|1125\n|player|p2|jewstein7|cyclistf-gen4|1177\n|gen|9\n|tier|[Gen 9 Champions] VGC 2026 Reg M-A\n|rated|\n|rule|Species Clause: Limit one of each Pok\u00e9mon\n|rule|Item Clause: Limit 1 of each item\n|clearpoke\n|poke|p1|Sandaconda, L50, F|\n|poke|p1|Scizor, L50, M|\n|poke|p1|Tyranitar, L50, M|\n|poke|p1|Sinistcha, L50|\n|poke|p1|Meganium, L50, M|\n|poke|p1|Greninja-*, L50, M|\n|poke|p2|Alcremie, L50, F|\n|poke|p2|Abomasnow, L50, F|\n|poke|p2|Froslass, L50, F|\n|poke|p2|Farigiraf, L50, F|\n|poke|p2|Incineroar, L50, F|\n|poke|p2|Rotom-Wash, L50|\n|teampreview|4\n|inactive|Battle timer is ON: inactive players will automatically lose when time's up. (requested by jewstein7)\n|\n|t:|1776315592\n|teamsize|p1|4\n|teamsize|p2|4\n|start\n|switch|p1a: Meganium|Meganium, L50, M|100/100\n|switch|p1b: Scizor|Scizor, L50, M|100/100\n|switch|p2a: Farigiraf|Farigiraf, L50, F|100/100\n|switch|p2b: Rotom|Rotom-Wash, L50|100/100\n|turn|1\n|inactive|xxbadkid has 30 seconds left.\n|inactive|jewstein7 has 30 seconds left.\n|inactive|xxbadkid has 20 seconds left.\n|\n|t:|1776315629\n|detailschange|p1a: Meganium|Meganium-Mega, L50, M\n|-mega|p1a: Meganium|Meganium|Meganiumite\n|move|p2b: Rotom|Trick|p1b: Scizor\n|-activate|p2b: Rotom|move: Trick|[of] p1b: Scizor\n|-item|p1b: Scizor|Choice Scarf|[from] move: Trick\n|-item|p2b: Rotom|Focus Sash|[from] move: Trick\n|move|p1b: Scizor|Iron Defense|p1b: Scizor\n|-boost|p1b: Scizor|def|2\n|move|p1a: Meganium|Solar Beam||[still]\n|-prepare|p1a: Meganium|Solar Beam\n|-activate|p1a: Meganium|ability: Mega Sol\n|-anim|p1a: Meganium|Solar Beam|p2b: Rotom\n|-supereffective|p2b: Rotom|1\n|-enditem|p2b: Rotom|Focus Sash\n|-damage|p2b: Rotom|1/100\n|move|p2a: Farigiraf|Psychic Noise|p1a: Meganium\n|-damage|p1a: Meganium|73/100\n|-start|p1a: Meganium|move: Heal Block\n|\n|upkeep\n|turn|2\n|inactive|xxbadkid has 30 seconds left.\n|inactive|jewstein7 has 30 seconds left.\n|inactive|xxbadkid has 20 seconds left.\n|inactive|jewstein7 has 20 seconds left.\n|inactive|xxbadkid has 15 seconds left.\n|inactive|jewstein7 has 15 seconds left.\n|inactive|xxbadkid has 10 seconds left.\n|inactive|xxbadkid has 5 seconds left.\n|\n|t:|1776315681\n|switch|p1b: Tyranitar|Tyranitar, L50, M|100/100\n|-weather|Sandstorm|[from] ability: Sand Stream|[of] p1b: Tyranitar\n|move|p2b: Rotom|Volt Switch|p1b: Tyranitar\n|-damage|p1b: Tyranitar|81/100\n|\n|t:|1776315688\n|switch|p2b: Incineroar|Incineroar, L50, F|100/100|[from] Volt Switch\n|-ability|p2b: Incineroar|Intimidate|boost\n|-unboost|p1a: Meganium|atk|1\n|-unboost|p1b: Tyranitar|atk|1\n|move|p1a: Meganium|Dazzling Gleam|p2a: Farigiraf|[spread] p2a,p2b\n|-damage|p2a: Farigiraf|74/100\n|-damage|p2b: Incineroar|69/100\n|move|p2a: Farigiraf|Psychic Noise|p1a: Meganium\n|-damage|p1a: Meganium|48/100\n|\n|-weather|Sandstorm|[upkeep]\n|-damage|p1a: Meganium|42/100|[from] Sandstorm\n|-damage|p2b: Incineroar|63/100|[from] Sandstorm\n|-damage|p2a: Farigiraf|68/100|[from] Sandstorm\n|-heal|p2b: Incineroar|69/100|[from] item: Leftovers\n|-end|p1a: Meganium|move: Heal Block\n|upkeep\n|turn|3\n|inactive|xxbadkid has 30 seconds left.\n|inactive|jewstein7 has 30 seconds left.\n|inactive|xxbadkid has 20 seconds left.\n|inactive|jewstein7 has 20 seconds left.\n|inactive|xxbadkid has 15 seconds left.\n|inactive|xxbadkid has 10 seconds left.\n|inactive|xxbadkid has 5 seconds left.\n|\n|t:|1776315738\n|switch|p1a: Sandaconda|Sandaconda, L50, F|100/100\n|move|p2a: Farigiraf|Helping Hand|p2b: Incineroar\n|-singleturn|p2b: Incineroar|Helping Hand|[of] p2a: Farigiraf\n|move|p1b: Tyranitar|Rock Slide|p2a: Farigiraf|[spread] p2a,p2b\n|-supereffective|p2b: Incineroar|1\n|-damage|p2a: Farigiraf|42/100\n|-damage|p2b: Incineroar|30/100\n|-enditem|p2a: Farigiraf|Sitrus Berry|[eat]\n|-heal|p2a: Farigiraf|67/100|[from] item: Sitrus Berry\n|move|p2b: Incineroar|Close Combat|p1b: Tyranitar\n|-supereffective|p1b: Tyranitar|2\n|-damage|p1b: Tyranitar|0 fnt\n|-unboost|p2b: Incineroar|def|1\n|-unboost|p2b: Incineroar|spd|1\n|faint|p1b: Tyranitar\n|\n|-weather|Sandstorm|[upkeep]\n|-damage|p2b: Incineroar|24/100|[from] Sandstorm\n|-damage|p2a: Farigiraf|61/100|[from] Sandstorm\n|-heal|p2b: Incineroar|30/100|[from] item: Leftovers\n|upkeep\n|inactive|xxbadkid has 30 seconds left.\n|inactive|xxbadkid has 20 seconds left.\n|\n|t:|1776315775\n|switch|p1b: Scizor|Scizor, L50, M|100/100\n|turn|4\n|\n|t:|1776315794\n|switch|p2a: Rotom|Rotom-Wash, L50|1/100\n|move|p1b: Scizor|Bullet Punch|p2b: Incineroar\n|-resisted|p2b: Incineroar|1\n|-damage|p2b: Incineroar|13/100\n|move|p1a: Sandaconda|Minimize|p1a: Sandaconda\n|-boost|p1a: Sandaconda|evasion|2\n|move|p2b: Incineroar|Flare Blitz|p1b: Scizor\n|-supereffective|p1b: Scizor|2\n|-damage|p1b: Scizor|0 fnt\n|faint|p1b: Scizor\n|-damage|p2b: Incineroar|0 fnt|[from] Recoil\n|faint|p2b: Incineroar\n|\n|-weather|Sandstorm|[upkeep]\n|-damage|p2a: Rotom|0 fnt|[from] Sandstorm\n|faint|p2a: Rotom\n|upkeep\n|\n|t:|1776315813\n|switch|p2a: Froslass|Froslass, L50, F|100/100\n|switch|p1b: Meganium|Meganium-Mega, L50, M|42/100\n|switch|p2b: Farigiraf|Farigiraf, L50, F|61/100\n|turn|5\n|inactive|xxbadkid has 30 seconds left.\n|\n|t:|1776315847\n|detailschange|p2a: Froslass|Froslass-Mega, L50, F\n|-mega|p2a: Froslass|Froslass|Froslassite\n|-weather|Snowscape|[from] ability: Snow Warning|[of] p2a: Froslass\n|move|p2b: Farigiraf|Helping Hand|p2a: Froslass\n|-singleturn|p2a: Froslass|Helping Hand|[of] p2b: Farigiraf\n|move|p2a: Froslass|Blizzard|p1a: Sandaconda|[spread] p1a,p1b\n|-supereffective|p1a: Sandaconda|1\n|-supereffective|p1b: Meganium|1\n|-damage|p1a: Sandaconda|0 fnt\n|-damage|p1b: Meganium|0 fnt\n|faint|p1a: Sandaconda\n|faint|p1b: Meganium\n|\n|win|jewstein7\n|raw|xxbadkid's rating: 1125 &rarr; <strong>1104</strong><br />(-21 for losing)\n|raw|jewstein7's rating: 1177 &rarr; <strong>1198</strong><br />(+21 for winning)\n|l|\u2606xxbadkid\n|player|p1|\n",
  "uploadtime": 1776315863,
  "views": 28,
  "formatid": "gen9championsvgc2026regma",
  "rating": 1104,
  "private": 0,
  "password": null
}