{
  "id": "gen9championsvgc2026regma-2580634194",
  "format": "[Gen 9 Champions] VGC 2026 Reg M-A",
  "players": [
    "Ready1",
    "MigraineMan"
  ],
  "log": "|j|\u2606Ready1\n|j|\u2606MigraineMan\n|t:|1775919966\n|gametype|doubles\n|player|p1|Ready1|riley|1054\n|player|p2|MigraineMan|102|1127\n|gen|9\n|tier|[Gen 9 Champions] VGC 2026 Reg M-A\n|rated|\n|rule|Species Clause: Limit one of each Pok\u00e9mon\n|rule|Item Clause: Limit 1 of each item\n|clearpoke\n|poke|p1|Mamoswine, L50, M|\n|poke|p1|Talonflame, L50, M|\n|poke|p1|Dragonite, L50, F|\n|poke|p1|Orthworm, L50, M|\n|poke|p1|Sneasler, L50, M|\n|poke|p1|Froslass, L50, F|\n|poke|p2|Primarina, L50, F|\n|poke|p2|Kingambit, L50, M|\n|poke|p2|Scovillain, L50, F|\n|poke|p2|Sinistcha-Masterpiece, L50|\n|poke|p2|Incineroar, L50, F|\n|poke|p2|Pelipper, L50, F|\n|teampreview|4\n|inactive|Battle timer is ON: inactive players will automatically lose when time's up. (requested by Ready1)\n|inactive|Ready1 has 60 seconds left.\n|inactive|Ready1 has 30 seconds left.\n|inactive|Ready1 has 20 seconds left.\n|inactive|Ready1 has 15 seconds left.\n|\n|t:|1775920044\n|teamsize|p1|4\n|teamsize|p2|4\n|start\n|switch|p1a: Orthworm|Orthworm, L50, M, shiny|100/100\n|switch|p1b: Sneasler|Sneasler, L50, M|100/100\n|switch|p2a: Primarina|Primarina, L50, F, shiny|100/100\n|switch|p2b: Scovillain|Scovillain, L50, F|100/100\n|turn|1\n|\n|t:|1775920063\n|detailschange|p2b: Scovillain|Scovillain-Mega, L50, F\n|-mega|p2b: Scovillain|Scovillain|Scovillainite\n|move|p1b: Sneasler|Fake Out|p2a: Primarina\n|-damage|p2a: Primarina|83/100\n|move|p2b: Scovillain|Rage Powder|p2b: Scovillain\n|-singleturn|p2b: Scovillain|move: Rage Powder\n|move|p1a: Orthworm|Shed Tail|p1a: Orthworm\n|-start|p1a: Orthworm|Substitute|[from] move: Shed Tail\n|-damage|p1a: Orthworm|50/100\n|\n|t:|1775920072\n|switch|p1a: Froslass|Froslass, L50, F, shiny|100/100|[from] Shed Tail\n|cant|p2a: Primarina|flinch\n|\n|-heal|p2a: Primarina|89/100|[from] item: Leftovers\n|upkeep\n|turn|2\n|\n|t:|1775920090\n|detailschange|p1a: Froslass|Froslass-Mega, L50, F, shiny\n|-mega|p1a: Froslass|Froslass|Froslassite\n|-weather|Snowscape|[from] ability: Snow Warning|[of] p1a: Froslass\n|move|p2b: Scovillain|Rage Powder|p2b: Scovillain\n|-singleturn|p2b: Scovillain|move: Rage Powder\n|move|p1b: Sneasler|Dire Claw|p2b: Scovillain\n|-supereffective|p2b: Scovillain|1\n|-damage|p2b: Scovillain|9/100\n|-status|p2b: Scovillain|slp\n|-status|p1b: Sneasler|brn|[from] ability: Spicy Spray|[of] p2b: Scovillain\n|move|p1a: Froslass|Blizzard|p2b: Scovillain|[spread] p2a,p2b\n|-resisted|p2a: Primarina|1\n|-damage|p2a: Primarina|69/100\n|-damage|p2b: Scovillain|0 fnt\n|-status|p1a: Froslass|brn|[from] ability: Spicy Spray|[of] p2b: Scovillain\n|faint|p2b: Scovillain\n|move|p2a: Primarina|Calm Mind|p2a: Primarina\n|-boost|p2a: Primarina|spa|1\n|-boost|p2a: Primarina|spd|1\n|\n|-weather|Snowscape|[upkeep]\n|-heal|p2a: Primarina|75/100|[from] item: Leftovers\n|-damage|p1b: Sneasler|95/100 brn|[from] brn\n|-damage|p1a: Froslass|94/100 brn|[from] brn\n|upkeep\n|\n|t:|1775920104\n|switch|p2b: Pelipper|Pelipper, L50, F|100/100\n|-weather|RainDance|[from] ability: Drizzle|[of] p2b: Pelipper\n|turn|3\n|\n|t:|1775920120\n|move|p2a: Primarina|Protect|p2a: Primarina\n|-singleturn|p2a: Primarina|Protect\n|move|p1b: Sneasler|Dire Claw|p2a: Primarina\n|-activate|p2a: Primarina|move: Protect\n|move|p1a: Froslass|Nasty Plot|p1a: Froslass\n|-boost|p1a: Froslass|spa|2\n|move|p2b: Pelipper|Tailwind|p2b: Pelipper\n|-sidestart|p2: MigraineMan|move: Tailwind\n|\n|-weather|RainDance|[upkeep]\n|-heal|p2a: Primarina|81/100|[from] item: Leftovers\n|-damage|p1a: Froslass|88/100 brn|[from] brn\n|-damage|p1b: Sneasler|89/100 brn|[from] brn\n|upkeep\n|turn|4\n|\n|t:|1775920140\n|move|p2b: Pelipper|Hurricane|p1b: Sneasler\n|-supereffective|p1b: Sneasler|1\n|-damage|p1b: Sneasler|0 fnt\n|faint|p1b: Sneasler\n|move|p2a: Primarina|Calm Mind|p2a: Primarina\n|-boost|p2a: Primarina|spa|1\n|-boost|p2a: Primarina|spd|1\n|move|p1a: Froslass|Shadow Ball|p2a: Primarina\n|-damage|p2a: Primarina|39/100\n|\n|-weather|RainDance|[upkeep]\n|-heal|p2a: Primarina|45/100|[from] item: Leftovers\n|-damage|p1a: Froslass|82/100 brn|[from] brn\n|upkeep\n|\n|t:|1775920155\n|switch|p1b: Mamoswine|Mamoswine, L50, M, shiny|100/100\n|turn|5\n|\n|t:|1775920164\n|move|p1b: Mamoswine|Protect|p1b: Mamoswine\n|-singleturn|p1b: Mamoswine|Protect\n|move|p2b: Pelipper|Weather Ball|p1b: Mamoswine\n|-activate|p1b: Mamoswine|move: Protect\n|move|p2a: Primarina|Hyper Voice|p1a: Froslass|[spread] p1a\n|-activate|p1b: Mamoswine|move: Protect\n|-damage|p1a: Froslass|0 fnt\n|faint|p1a: Froslass\n|\n|-weather|RainDance|[upkeep]\n|-heal|p2a: Primarina|51/100|[from] item: Leftovers\n|upkeep\n|c|\u2606MigraineMan|GG\n|\n|t:|1775920178\n|switch|p1a: Orthworm|Orthworm, L50, M, shiny|50/100\n|turn|6\n|\n|t:|1775920186\n|switch|p2b: Sinistcha|Sinistcha-Masterpiece, L50|100/100\n|-heal|p2a: Primarina|75/100|[from] ability: Hospitality|[of] p2b: Sinistcha\n|move|p1a: Orthworm|Iron Head|p2a: Primarina\n|-damage|p2a: Primarina|48/100\n|move|p2a: Primarina|Hyper Voice|p1a: Orthworm|[spread] p1a,p1b\n|-supereffective|p1b: Mamoswine|1\n|-damage|p1a: Orthworm|0 fnt\n|-damage|p1b: Mamoswine|0 fnt\n|faint|p1a: Orthworm\n|faint|p1b: Mamoswine\n|\n|win|MigraineMan\n|raw|Ready1's rating: 1054 &rarr; <strong>1040</strong><br />(-14 for losing)\n|raw|MigraineMan's rating: 1127 &rarr; <strong>1147</strong><br />(+20 for winning)\n|l|\u2606Ready1\n|player|p1|\n",
  "uploadtime": 1775920213,
  "views": 17,
  "formatid": "gen9championsvgc2026regma",
  "rating": 1040,
  "private": 0,
  "password": null
}