{
  "id": "gen9championsvgc2026regma-2585512479",
  "format": "[Gen 9 Champions] VGC 2026 Reg M-A",
  "players": [
    "A5h3r",
    "benis_cult"
  ],
  "log": "|j|\u2606A5h3r\n|j|\u2606benis_cult\n|t:|1776352522\n|gametype|doubles\n|player|p1|A5h3r|alder|\n|player|p2|benis_cult|iris|\n|gen|9\n|tier|[Gen 9 Champions] VGC 2026 Reg M-A\n|rule|Species Clause: Limit one of each Pok\u00e9mon\n|rule|Item Clause: Limit 1 of each item\n|clearpoke\n|poke|p1|Tyranitar, L50, F|\n|poke|p1|Excadrill, L50, F|\n|poke|p1|Floette-Eternal, L50, F|\n|poke|p1|Alakazam, L50, F|\n|poke|p1|Palafin, L50, M|\n|poke|p1|Delphox, L50, F|\n|poke|p2|Incineroar, L50, F|\n|poke|p2|Archaludon, L50, M|\n|poke|p2|Meganium, L50, M|\n|poke|p2|Pelipper, L50, M|\n|poke|p2|Hawlucha, L50, F|\n|poke|p2|Basculegion, L50, M|\n|teampreview|4\n|\n|t:|1776352570\n|teamsize|p1|4\n|teamsize|p2|4\n|start\n|switch|p1a: Floette|Floette-Eternal, L50, F|100/100\n|switch|p1b: Alakazam|Alakazam, L50, F|100/100\n|switch|p2a: Incineroar|Incineroar, L50, F|100/100\n|switch|p2b: Hawlucha|Hawlucha, L50, F|100/100\n|-ability|p2a: Incineroar|Intimidate|boost\n|-unboost|p1a: Floette|atk|1\n|-unboost|p1b: Alakazam|atk|1\n|turn|1\n|\n|t:|1776352630\n|move|p2b: Hawlucha|Protect|p2b: Hawlucha\n|-singleturn|p2b: Hawlucha|Protect\n|move|p1a: Floette|Protect|p1a: Floette\n|-singleturn|p1a: Floette|Protect\n|move|p2a: Incineroar|Fake Out|p1b: Alakazam\n|-damage|p1b: Alakazam|70/100\n|cant|p1b: Alakazam|flinch\n|\n|upkeep\n|turn|2\n|\n|t:|1776352656\n|detailschange|p1a: Floette|Floette-Mega, L50, F\n|-mega|p1a: Floette|Floette|Floettite\n|-ability|p1a: Floette|Fairy Aura\n|move|p1b: Alakazam|Skill Swap|p1a: Floette\n|-activate|p1b: Alakazam|Skill Swap|||[of] p1a: Floette\n|-ability|p1b: Alakazam|Fairy Aura\n|move|p2b: Hawlucha|Close Combat|p1b: Alakazam\n|-resisted|p1b: Alakazam|1\n|-damage|p1b: Alakazam|7/100\n|-unboost|p2b: Hawlucha|def|1\n|-unboost|p2b: Hawlucha|spd|1\n|-enditem|p2b: Hawlucha|White Herb\n|-clearnegativeboost|p2b: Hawlucha|[silent]\n|move|p1a: Floette|Dazzling Gleam|p2a: Incineroar|[spread] p2a,p2b\n|-supereffective|p2b: Hawlucha|1\n|-damage|p2a: Incineroar|56/100\n|-damage|p2b: Hawlucha|0 fnt\n|faint|p2b: Hawlucha\n|move|p2a: Incineroar|Parting Shot|p1a: Floette\n|-unboost|p1a: Floette|atk|1\n|-unboost|p1a: Floette|spa|1\n|c|\u2606benis_cult|Steupssss\n|c|\u2606benis_cult|Say swr he take that\n|\n|t:|1776352690\n|switch|p2a: Basculegion|Basculegion, L50, M|100/100|[from] Parting Shot\n|\n|upkeep\n|\n|t:|1776352696\n|switch|p2b: Incineroar|Incineroar, L50, F|56/100\n|-ability|p2b: Incineroar|Intimidate|boost\n|-unboost|p1a: Floette|atk|1\n|-unboost|p1b: Alakazam|atk|1\n|turn|3\n|c|\u2606A5h3r|i wish alakazam had follow me\n|c|\u2606benis_cult|Dtm \ud83d\udc94\n|\n|t:|1776352742\n|move|p1b: Alakazam|Protect|p1b: Alakazam\n|-singleturn|p1b: Alakazam|Protect\n|move|p2a: Basculegion|Aqua Jet|p1b: Alakazam\n|-activate|p1b: Alakazam|move: Protect\n|move|p1a: Floette|Calm Mind|p1a: Floette\n|-boost|p1a: Floette|spa|1\n|-boost|p1a: Floette|spd|1\n|move|p2b: Incineroar|Parting Shot|p1a: Floette\n|-unboost|p1a: Floette|atk|1\n|-unboost|p1a: Floette|spa|1\n|\n|t:|1776352755\n|switch|p2b: Pelipper|Pelipper, L50, M|100/100|[from] Parting Shot\n|-weather|RainDance|[from] ability: Drizzle|[of] p2b: Pelipper\n|\n|-weather|RainDance|[upkeep]\n|upkeep\n|turn|4\n|\n|t:|1776352788\n|move|p2a: Basculegion|Wave Crash|p1a: Floette\n|-damage|p1a: Floette|0 fnt\n|faint|p1a: Floette\n|-damage|p2a: Basculegion|75/100|[from] Recoil\n|move|p1b: Alakazam|Encore||[still]\n|-fail|p1b: Alakazam\n|move|p2b: Pelipper|Weather Ball|p1b: Alakazam\n|-damage|p1b: Alakazam|0 fnt\n|faint|p1b: Alakazam\n|\n|-weather|RainDance|[upkeep]\n|upkeep\n|\n|t:|1776352802\n|switch|p1b: Tyranitar|Tyranitar, L50, F|100/100\n|switch|p1a: Excadrill|Excadrill, L50, F|100/100\n|-weather|Sandstorm|[from] ability: Sand Stream|[of] p1b: Tyranitar\n|turn|5\n|\n|t:|1776352834\n|move|p1a: Excadrill|Rock Slide|p2a: Basculegion|[spread] p2a,p2b\n|-supereffective|p2b: Pelipper|1\n|-damage|p2a: Basculegion|47/100\n|-damage|p2b: Pelipper|52/100\n|move|p2a: Basculegion|Wave Crash|p1b: Tyranitar\n|-supereffective|p1b: Tyranitar|1\n|-damage|p1b: Tyranitar|1/100\n|-damage|p2a: Basculegion|12/100|[from] Recoil\n|cant|p2b: Pelipper|flinch\n|move|p1b: Tyranitar|Lash Out|p2a: Basculegion\n|-supereffective|p2a: Basculegion|1\n|-damage|p2a: Basculegion|0 fnt\n|faint|p2a: Basculegion\n|\n|-weather|Sandstorm|[upkeep]\n|-damage|p2b: Pelipper|46/100|[from] Sandstorm\n|upkeep\n|\n|t:|1776352847\n|switch|p2a: Incineroar|Incineroar, L50, F|56/100\n|-ability|p2a: Incineroar|Intimidate|boost\n|-unboost|p1a: Excadrill|atk|1\n|-unboost|p1b: Tyranitar|atk|1\n|turn|6\n|c|\u2606benis_cult|How\n|c|\u2606A5h3r|uh\n|c|\u2606benis_cult|How df\n|c|\u2606benis_cult|How Ttar take that\n|c|\u2606benis_cult|There is no way you get that perfect 1 HP in EVs\n|\n|t:|1776352900\n|move|p1b: Tyranitar|Protect|p1b: Tyranitar\n|-singleturn|p1b: Tyranitar|Protect\n|move|p2a: Incineroar|Fake Out|p1a: Excadrill\n|-resisted|p1a: Excadrill|1\n|-damage|p1a: Excadrill|93/100\n|cant|p1a: Excadrill|flinch\n|move|p2b: Pelipper|Tailwind|p2b: Pelipper\n|-sidestart|p2: benis_cult|move: Tailwind\n|\n|-weather|Sandstorm|[upkeep]\n|-damage|p2b: Pelipper|40/100|[from] Sandstorm\n|-damage|p2a: Incineroar|50/100|[from] Sandstorm\n|-heal|p2a: Incineroar|56/100|[from] item: Leftovers\n|upkeep\n|turn|7\n|c|\u2606A5h3r|you have thiz one in the bag lowk\n|\n|t:|1776352935\n|move|p1a: Excadrill|Rock Slide|p2b: Pelipper|[spread] p2a,p2b\n|-supereffective|p2a: Incineroar|1\n|-supereffective|p2b: Pelipper|1\n|-damage|p2a: Incineroar|28/100\n|-damage|p2b: Pelipper|10/100\n|move|p2b: Pelipper|Hurricane|p1a: Excadrill\n|-resisted|p1a: Excadrill|1\n|-damage|p1a: Excadrill|66/100\n|-start|p1a: Excadrill|confusion\n|move|p2a: Incineroar|Throat Chop|p1b: Tyranitar\n|-resisted|p1b: Tyranitar|1\n|-damage|p1b: Tyranitar|0 fnt\n|faint|p1b: Tyranitar\n|\n|-weather|Sandstorm|[upkeep]\n|-damage|p2b: Pelipper|4/100|[from] Sandstorm\n|-damage|p2a: Incineroar|22/100|[from] Sandstorm\n|-heal|p2a: Incineroar|28/100|[from] item: Leftovers\n|upkeep\n|turn|8\n|c|\u2606benis_cult|In the bag he says \ud83e\udee9\n|c|\u2606A5h3r|u win\n|c|\u2606A5h3r|ggwp\n|\n|t:|1776352970\n|move|p2b: Pelipper|Protect|p2b: Pelipper\n|-singleturn|p2b: Pelipper|Protect\n|-activate|p1a: Excadrill|confusion\n|move|p1a: Excadrill|Rock Slide|p2b: Pelipper|[spread] p2a\n|-activate|p2b: Pelipper|move: Protect\n|-supereffective|p2a: Incineroar|1\n|-damage|p2a: Incineroar|2/100\n|cant|p2a: Incineroar|flinch\n|\n|-weather|Sandstorm|[upkeep]\n|-damage|p2b: Pelipper|0 fnt|[from] Sandstorm\n|-damage|p2a: Incineroar|0 fnt|[from] Sandstorm\n|faint|p2b: Pelipper\n|faint|p2a: Incineroar\n|\n|win|A5h3r\n|c|\u2606benis_cult|Bai\n|c|\u2606A5h3r|huh\n|c|\u2606A5h3r|huh\n|c|\u2606benis_cult|Had no\n|c|\u2606A5h3r|hm\n|c|\u2606A5h3r|i\n|c|\u2606A5h3r|idk what to say\n|c|\u2606benis_cult|You was winning\n|c|\u2606benis_cult|Unless full conf\n|c|\u2606benis_cult|But\n|c|\u2606benis_cult|That protect was dumb\n|c|\u2606benis_cult|Anyways\n|c|\u2606benis_cult|Lemme do smth with my life\n|c|\u2606A5h3r|sigjh\n",
  "uploadtime": 1776353032,
  "views": 20,
  "formatid": "gen9championsvgc2026regma",
  "rating": null,
  "private": 0,
  "password": null
}