{
  "id": "gen9championsvgc2026regma-2588133975",
  "format": "[Gen 9 Champions] VGC 2026 Reg M-A",
  "players": [
    "PersonAleatoria",
    "Juya"
  ],
  "log": "|j|\u2606PersonAleatoria\n|j|\u2606Juya\n|t:|1776607817\n|gametype|doubles\n|player|p1|PersonAleatoria|brawly|1255\n|player|p2|Juya|170|1299\n|gen|9\n|tier|[Gen 9 Champions] VGC 2026 Reg M-A\n|rated|\n|rule|Species Clause: Limit one of each Pok\u00e9mon\n|rule|Item Clause: Limit 1 of each item\n|clearpoke\n|poke|p1|Floette-Eternal, L50, F|\n|poke|p1|Sneasler, L50, F|\n|poke|p1|Basculegion, L50, M|\n|poke|p1|Froslass, L50, F|\n|poke|p1|Garchomp, L50, F|\n|poke|p1|Kingambit, L50, F|\n|poke|p2|Tyranitar, L50, M|\n|poke|p2|Excadrill, L50, M|\n|poke|p2|Incineroar, L50, M|\n|poke|p2|Corviknight, L50, F|\n|poke|p2|Sinistcha, L50|\n|poke|p2|Milotic, L50, F|\n|teampreview|4\n|inactive|Battle timer is ON: inactive players will automatically lose when time's up. (requested by Juya)\n|inactive|PersonAleatoria also wants the timer to be on.\n|inactive|Juya has 60 seconds left.\n|inactive|PersonAleatoria has 60 seconds left.\n|\n|t:|1776607855\n|teamsize|p1|4\n|teamsize|p2|4\n|start\n|switch|p1a: Sneasler|Sneasler, L50, F|100/100\n|switch|p1b: Floette|Floette-Eternal, L50, F|100/100\n|switch|p2a: Sinistcha|Sinistcha, L50|100/100\n|switch|p2b: Tyranitar|Tyranitar, L50, M|100/100\n|-weather|Sandstorm|[from] ability: Sand Stream|[of] p2b: Tyranitar\n|turn|1\n|\n|t:|1776607870\n|switch|p2b: Corviknight|Corviknight, L50, F|100/100\n|detailschange|p1b: Floette|Floette-Mega, L50, F\n|-mega|p1b: Floette|Floette|Floettite\n|-ability|p1b: Floette|Fairy Aura\n|move|p1a: Sneasler|Dire Claw|p2a: Sinistcha\n|-damage|p2a: Sinistcha|65/100\n|move|p1b: Floette|Moonblast|p2a: Sinistcha\n|-damage|p2a: Sinistcha|0 fnt\n|faint|p2a: Sinistcha\n|\n|-weather|Sandstorm|[upkeep]\n|-damage|p1a: Sneasler|95/100|[from] Sandstorm\n|-damage|p1b: Floette|94/100|[from] Sandstorm\n|upkeep\n|\n|t:|1776607881\n|switch|p2a: Excadrill|Excadrill, L50, M|100/100\n|turn|2\n|\n|t:|1776607895\n|switch|p1b: Basculegion|Basculegion, L50, M|100/100\n|move|p2a: Excadrill|High Horsepower|p1a: Sneasler\n|-supereffective|p1a: Sneasler|1\n|-damage|p1a: Sneasler|0 fnt\n|faint|p1a: Sneasler\n|move|p2b: Corviknight|Brave Bird|p1b: Basculegion\n|-damage|p1b: Basculegion|55/100\n|-damage|p2b: Corviknight|84/100|[from] Recoil\n|\n|-weather|Sandstorm|[upkeep]\n|-damage|p1b: Basculegion|49/100|[from] Sandstorm\n|-enditem|p1b: Basculegion|Sitrus Berry|[eat]\n|-heal|p1b: Basculegion|74/100|[from] item: Sitrus Berry\n|upkeep\n|\n|t:|1776607905\n|switch|p1a: Kingambit|Kingambit, L50, F|100/100\n|turn|3\n|\n|t:|1776607920\n|move|p2a: Excadrill|Protect|p2a: Excadrill\n|-singleturn|p2a: Excadrill|Protect\n|move|p1b: Basculegion|Aqua Jet|p2a: Excadrill\n|-activate|p2a: Excadrill|move: Protect\n|move|p1a: Kingambit|Sucker Punch||[still]\n|-fail|p1a: Kingambit\n|move|p2b: Corviknight|Iron Defense|p2b: Corviknight\n|-boost|p2b: Corviknight|def|2\n|\n|-weather|Sandstorm|[upkeep]\n|-damage|p1b: Basculegion|68/100|[from] Sandstorm\n|upkeep\n|turn|4\n|\n|t:|1776607939\n|move|p2a: Excadrill|Protect||[still]\n|-fail|p2a: Excadrill\n|move|p1b: Basculegion|Last Respects|p2b: Corviknight\n|-damage|p2b: Corviknight|59/100\n|move|p2b: Corviknight|Body Press|p1a: Kingambit\n|-supereffective|p1a: Kingambit|2\n|-enditem|p1a: Kingambit|Chople Berry|[eat]\n|-enditem|p1a: Kingambit|Chople Berry|[weaken]\n|-damage|p1a: Kingambit|35/100\n|move|p1a: Kingambit|Low Kick|p2b: Corviknight\n|-damage|p2b: Corviknight|47/100\n|-enditem|p2b: Corviknight|Sitrus Berry|[eat]\n|-heal|p2b: Corviknight|72/100|[from] item: Sitrus Berry\n|\n|-weather|Sandstorm|[upkeep]\n|-damage|p1b: Basculegion|62/100|[from] Sandstorm\n|upkeep\n|turn|5\n|\n|t:|1776607962\n|move|p1b: Basculegion|Protect|p1b: Basculegion\n|-singleturn|p1b: Basculegion|Protect\n|move|p1a: Kingambit|Protect|p1a: Kingambit\n|-singleturn|p1a: Kingambit|Protect\n|move|p2a: Excadrill|High Horsepower|p1b: Basculegion\n|-activate|p1b: Basculegion|move: Protect\n|move|p2b: Corviknight|Body Press|p1a: Kingambit\n|-activate|p1a: Kingambit|move: Protect\n|\n|-weather|none\n|upkeep\n|turn|6\n|\n|t:|1776607981\n|switch|p1a: Floette|Floette-Mega, L50, F|94/100\n|-ability|p1a: Floette|Fairy Aura\n|move|p2a: Excadrill|High Horsepower|p1b: Basculegion\n|-damage|p1b: Basculegion|1/100\n|move|p1b: Basculegion|Wave Crash|p2a: Excadrill\n|-supereffective|p2a: Excadrill|1\n|-enditem|p2a: Excadrill|Focus Sash\n|-damage|p2a: Excadrill|1/100\n|-damage|p1b: Basculegion|0 fnt|[from] Recoil\n|faint|p1b: Basculegion\n|move|p2b: Corviknight|Body Press|p1a: Floette\n|-resisted|p1a: Floette|1\n|-damage|p1a: Floette|67/100\n|\n|upkeep\n|\n|t:|1776607990\n|switch|p1b: Kingambit|Kingambit, L50, F|35/100\n|turn|7\n|\n|t:|1776608006\n|move|p2a: Excadrill|Protect|p2a: Excadrill\n|-singleturn|p2a: Excadrill|Protect\n|move|p1b: Kingambit|Sucker Punch||[still]\n|-fail|p1b: Kingambit\n|move|p1a: Floette|Light of Ruin|p2b: Corviknight\n|-resisted|p2b: Corviknight|1\n|-damage|p2b: Corviknight|19/100\n|-damage|p1a: Floette|36/100|[from] Recoil\n|move|p2b: Corviknight|Roost|p2b: Corviknight\n|-heal|p2b: Corviknight|70/100\n|-singleturn|p2b: Corviknight|move: Roost\n|\n|upkeep\n|turn|8\n|\n|t:|1776608029\n|move|p2a: Excadrill|Protect|p2a: Excadrill\n|-singleturn|p2a: Excadrill|Protect\n|move|p1a: Floette|Dazzling Gleam|p2b: Corviknight|[spread] p2b\n|-activate|p2a: Excadrill|move: Protect\n|-resisted|p2b: Corviknight|1\n|-damage|p2b: Corviknight|48/100\n|move|p2b: Corviknight|Body Press|p1b: Kingambit\n|-supereffective|p1b: Kingambit|2\n|-damage|p1b: Kingambit|0 fnt\n|faint|p1b: Kingambit\n|\n|upkeep\n|turn|9\n|-message|PersonAleatoria forfeited.\n|\n|win|Juya\n|raw|PersonAleatoria's rating: 1255 &rarr; <strong>1233</strong><br />(-22 for losing)\n|raw|Juya's rating: 1299 &rarr; <strong>1321</strong><br />(+22 for winning)\n|l|\u2606PersonAleatoria\n|player|p1|\n",
  "uploadtime": 1776608041,
  "views": 14,
  "formatid": "gen9championsvgc2026regma",
  "rating": 1233,
  "private": 0,
  "password": null
}