{
  "id": "gen9championsvgc2026regma-2584422935",
  "format": "[Gen 9 Champions] VGC 2026 Reg M-A",
  "players": [
    "flaemm",
    "pierretx"
  ],
  "log": "|j|\u2606flaemm\n|j|\u2606pierretx\n|t:|1776259799\n|gametype|doubles\n|player|p1|flaemm|alder|1202\n|player|p2|pierretx|266|1103\n|gen|9\n|tier|[Gen 9 Champions] VGC 2026 Reg M-A\n|rated|\n|rule|Species Clause: Limit one of each Pok\u00e9mon\n|rule|Item Clause: Limit 1 of each item\n|clearpoke\n|poke|p1|Farigiraf, L50, F|\n|poke|p1|Floette-Eternal, L50, F|\n|poke|p1|Incineroar, L50, M|\n|poke|p1|Delphox, L50, F|\n|poke|p1|Kommo-o, L50, M|\n|poke|p1|Sinistcha-Masterpiece, L50|\n|poke|p2|Aerodactyl, L50, M|\n|poke|p2|Typhlosion-Hisui, L50, F|\n|poke|p2|Feraligatr, L50, F|\n|poke|p2|Goodra-Hisui, L50, M|\n|poke|p2|Farigiraf, L50, M|\n|poke|p2|Klefki, L50, M|\n|teampreview|4\nflaemm rejected open team sheets.\n|\n|t:|1776259844\n|teamsize|p1|4\n|teamsize|p2|4\n|start\n|switch|p1a: Farigiraf|Farigiraf, L50, F|100/100\n|switch|p1b: Incineroar|Incineroar, L50, M|100/100\n|switch|p2a: Aerodactyl|Aerodactyl, L50, M|100/100\n|switch|p2b: Typhlosion|Typhlosion-Hisui, L50, F, shiny|100/100\n|-ability|p2a: Aerodactyl|Unnerve\n|-item|p1a: Farigiraf|Mental Herb|[from] ability: Frisk|[of] p2b: Typhlosion\n|-item|p1b: Incineroar|Sitrus Berry|[from] ability: Frisk|[of] p2b: Typhlosion\n|-ability|p1b: Incineroar|Intimidate|boost\n|-unboost|p2a: Aerodactyl|atk|1\n|-unboost|p2b: Typhlosion|atk|1\n|turn|1\n|\n|t:|1776259884\n|move|p2b: Typhlosion|Focus Blast|p1b: Incineroar|[miss]\n|-miss|p2b: Typhlosion|p1b: Incineroar\n|move|p2a: Aerodactyl|Stealth Rock|p1a: Farigiraf\n|-sidestart|p1: flaemm|move: Stealth Rock\n|move|p1b: Incineroar|Throat Chop|p2b: Typhlosion\n|-supereffective|p2b: Typhlosion|1\n|-damage|p2b: Typhlosion|16/100\n|-start|p2b: Typhlosion|Throat Chop|[silent]\n|move|p1a: Farigiraf|Trick Room|p1a: Farigiraf\n|-fieldstart|move: Trick Room|[of] p1a: Farigiraf\n|\n|upkeep\n|turn|2\n|\n|t:|1776259902\n|switch|p2a: Goodra|Goodra-Hisui, L50, M|100/100\n|move|p1a: Farigiraf|Calm Mind|p1a: Farigiraf\n|-boost|p1a: Farigiraf|spa|1\n|-boost|p1a: Farigiraf|spd|1\n|move|p1b: Incineroar|Throat Chop|p2a: Goodra\n|-damage|p2a: Goodra|76/100\n|-start|p2a: Goodra|Throat Chop|[silent]\n|-ability|p2a: Goodra|Gooey\n|-unboost|p1b: Incineroar|spe|1\n|move|p2b: Typhlosion|Focus Blast|p1b: Incineroar\n|-supereffective|p1b: Incineroar|1\n|-damage|p1b: Incineroar|46/100\n|-enditem|p1b: Incineroar|Sitrus Berry|[eat]\n|-heal|p1b: Incineroar|71/100|[from] item: Sitrus Berry\n|\n|-heal|p2a: Goodra|82/100|[from] item: Leftovers\n|-end|p2b: Typhlosion|Throat Chop|[silent]\n|upkeep\n|turn|3\n|\n|t:|1776259944\n|switch|p2b: Feraligatr|Feraligatr, L50, F|100/100\n|move|p1b: Incineroar|Flare Blitz|p2a: Goodra\n|-damage|p2a: Goodra|42/100\n|-ability|p2a: Goodra|Gooey\n|-unboost|p1b: Incineroar|spe|1\n|-damage|p1b: Incineroar|58/100|[from] Recoil\n|move|p1a: Farigiraf|Calm Mind|p1a: Farigiraf\n|-boost|p1a: Farigiraf|spa|1\n|-boost|p1a: Farigiraf|spd|1\n|move|p2a: Goodra|Thunderbolt|p1a: Farigiraf\n|-damage|p1a: Farigiraf|86/100\n|\n|-heal|p2a: Goodra|48/100|[from] item: Leftovers\n|-end|p2a: Goodra|Throat Chop|[silent]\n|upkeep\n|turn|4\n|\n|t:|1776259969\n|switch|p1b: Sinistcha|Sinistcha-Masterpiece, L50|100/100\n|-damage|p1b: Sinistcha|88/100|[from] Stealth Rock\n|-heal|p1a: Farigiraf|100/100|[from] ability: Hospitality|[of] p1b: Sinistcha\n|detailschange|p2b: Feraligatr|Feraligatr-Mega, L50, F\n|-mega|p2b: Feraligatr|Feraligatr|Feraligite\n|move|p2a: Goodra|Protect|p2a: Goodra\n|-singleturn|p2a: Goodra|Protect\n|move|p2b: Feraligatr|Protect|p2b: Feraligatr\n|-singleturn|p2b: Feraligatr|Protect\n|move|p1a: Farigiraf|Baton Pass|p1a: Farigiraf\n|\n|t:|1776259976\n|switch|p1a: Floette|Floette-Eternal, L50, F|100/100|[from] Baton Pass\n|-damage|p1a: Floette|88/100|[from] Stealth Rock\n|\n|-heal|p2a: Goodra|54/100|[from] item: Leftovers\n|-heal|p1b: Sinistcha|94/100|[from] item: Leftovers\n|upkeep\n|turn|5\n|\n|t:|1776259995\n|switch|p2b: Typhlosion|Typhlosion-Hisui, L50, F, shiny|16/100\n|-item|p1a: Floette|Floettite|[from] ability: Frisk|[of] p2b: Typhlosion\n|-item|p1b: Sinistcha|Leftovers|[from] ability: Frisk|[of] p2b: Typhlosion\n|detailschange|p1a: Floette|Floette-Mega, L50, F\n|-mega|p1a: Floette|Floette|Floettite\n|-ability|p1a: Floette|Fairy Aura\n|move|p1b: Sinistcha|Rage Powder|p1b: Sinistcha\n|-singleturn|p1b: Sinistcha|move: Rage Powder\n|move|p2a: Goodra|Flash Cannon|p1b: Sinistcha\n|-damage|p1b: Sinistcha|59/100\n|move|p1a: Floette|Dazzling Gleam|p2a: Goodra|[spread] p2a,p2b\n|-resisted|p2b: Typhlosion|1\n|-damage|p2a: Goodra|0 fnt\n|-damage|p2b: Typhlosion|0 fnt\n|faint|p2a: Goodra\n|faint|p2b: Typhlosion\n|\n|-heal|p1b: Sinistcha|65/100|[from] item: Leftovers\n|-fieldend|move: Trick Room\n|upkeep\n|\n|t:|1776260012\n|switch|p2b: Feraligatr|Feraligatr-Mega, L50, F|100/100\n|switch|p2a: Aerodactyl|Aerodactyl, L50, M|100/100\n|-ability|p2a: Aerodactyl|Unnerve\n|turn|6\n|\n|t:|1776260043\n|switch|p1b: Incineroar|Incineroar, L50, M|58/100\n|-damage|p1b: Incineroar|34/100|[from] Stealth Rock\n|-ability|p1b: Incineroar|Intimidate|boost\n|-unboost|p2a: Aerodactyl|atk|1\n|-unboost|p2b: Feraligatr|atk|1\n|move|p1a: Floette|Protect|p1a: Floette\n|-singleturn|p1a: Floette|Protect\n|move|p2a: Aerodactyl|Tailwind|p2a: Aerodactyl\n|-sidestart|p2: pierretx|move: Tailwind\n|move|p2b: Feraligatr|Waterfall|p1a: Floette\n|-activate|p1a: Floette|move: Protect\n|\n|upkeep\n|turn|7\n|\n|t:|1776260073\n|move|p1b: Incineroar|Fake Out|p2a: Aerodactyl\n|-resisted|p2a: Aerodactyl|1\n|-damage|p2a: Aerodactyl|93/100\n|cant|p2a: Aerodactyl|flinch\n|move|p2b: Feraligatr|Waterfall|p1a: Floette\n|-damage|p1a: Floette|59/100\n|move|p1a: Floette|Draining Kiss|p2b: Feraligatr\n|-supereffective|p2b: Feraligatr|1\n|-damage|p2b: Feraligatr|0 fnt\n|-heal|p1a: Floette|100/100|[from] drain|[of] p2b: Feraligatr\n|faint|p2b: Feraligatr\n|\n|upkeep\n|turn|8\n|-message|pierretx forfeited.\n|\n|win|flaemm\n|raw|flaemm's rating: 1202 &rarr; <strong>1220</strong><br />(+18 for winning)\n|raw|pierretx's rating: 1103 &rarr; <strong>1085</strong><br />(-18 for losing)\n|l|\u2606pierretx\n|player|p2|\n",
  "uploadtime": 1776260086,
  "views": 20,
  "formatid": "gen9championsvgc2026regma",
  "rating": 1085,
  "private": 0,
  "password": null
}