{
  "id": "gen9championsvgc2026regma-2587503155",
  "format": "[Gen 9 Champions] VGC 2026 Reg M-A",
  "players": [
    "jhiiii",
    "warges"
  ],
  "log": "|j|\u203djhiiii\n|j|\u2606warges\n|t:|1776537345\n|gametype|doubles\n|player|p1|jhiiii|sage|1266\n|player|p2|warges|101|1207\n|gen|9\n|tier|[Gen 9 Champions] VGC 2026 Reg M-A\n|rated|\n|rule|Species Clause: Limit one of each Pok\u00e9mon\n|rule|Item Clause: Limit 1 of each item\n|clearpoke\n|poke|p1|Charizard, L50, M|\n|poke|p1|Maushold-Four, L50|\n|poke|p1|Sneasler, L50, M|\n|poke|p1|Dragapult, L50, M|\n|poke|p1|Kingambit, L50, F|\n|poke|p1|Garchomp, L50, M|\n|poke|p2|Milotic, L50, F|\n|poke|p2|Whimsicott, L50, F|\n|poke|p2|Charizard, L50, F|\n|poke|p2|Rotom-Wash, L50|\n|poke|p2|Garchomp, L50, F|\n|poke|p2|Kingambit, L50, F|\n|teampreview|4\n|inactive|Battle timer is ON: inactive players will automatically lose when time's up. (requested by jhiiii)\n|inactive|warges has 60 seconds left.\n|\n|t:|1776537391\n|teamsize|p1|4\n|teamsize|p2|4\n|start\n|switch|p1a: Sneasler|Sneasler, L50, M|100/100\n|switch|p1b: Garchomp|Garchomp, L50, M|100/100\n|switch|p2a: Rotom|Rotom-Wash, L50|100/100\n|switch|p2b: Whimsicott|Whimsicott, L50, F|100/100\n|turn|1\n|\n|t:|1776537406\n|move|p2b: Whimsicott|Tailwind|p2b: Whimsicott\n|-sidestart|p2: warges|move: Tailwind\n|move|p2a: Rotom|Will-O-Wisp|p1b: Garchomp\n|-status|p1b: Garchomp|brn\n|move|p1b: Garchomp|Dragon Claw|p2a: Rotom\n|-damage|p2a: Rotom|70/100\n|move|p1a: Sneasler|Dire Claw|p2b: Whimsicott\n|-supereffective|p2b: Whimsicott|2\n|-enditem|p2b: Whimsicott|Focus Sash\n|-damage|p2b: Whimsicott|1/100\n|\n|-damage|p1b: Garchomp|95/100 brn|[from] brn\n|upkeep\n|turn|2\n|\n|t:|1776537426\n|switch|p1a: Charizard|Charizard, L50, M|100/100\n|move|p2a: Rotom|Will-O-Wisp|p1a: Charizard\n|-immune|p1a: Charizard\n|move|p2b: Whimsicott|Dazzling Gleam|p1b: Garchomp|[spread] p1a,p1b\n|-resisted|p1a: Charizard|1\n|-supereffective|p1b: Garchomp|1\n|-damage|p1a: Charizard|89/100\n|-damage|p1b: Garchomp|50/100 brn\n|move|p1b: Garchomp|Dragon Claw|p2a: Rotom\n|-damage|p2a: Rotom|41/100\n|\n|-damage|p1b: Garchomp|44/100 brn|[from] brn\n|upkeep\n|turn|3\n|inactive|warges has 30 seconds left.\n|\n|t:|1776537464\n|switch|p2a: Sunsetter|Charizard, L50, F|100/100\n|detailschange|p1a: Charizard|Charizard-Mega-Y, L50, M\n|-mega|p1a: Charizard|Charizard|Charizardite Y\n|-weather|SunnyDay|[from] ability: Drought|[of] p1a: Charizard\n|move|p2b: Whimsicott|Dazzling Gleam|p1a: Charizard|[spread] p1a,p1b\n|-resisted|p1a: Charizard|1\n|-supereffective|p1b: Garchomp|1\n|-damage|p1a: Charizard|79/100\n|-damage|p1b: Garchomp|0 fnt\n|faint|p1b: Garchomp\n|move|p1a: Charizard|Heat Wave|p2b: Whimsicott|[spread] p2a\n|-miss|p1a: Charizard|p2b: Whimsicott\n|-resisted|p2a: Sunsetter|1\n|-damage|p2a: Sunsetter|55/100\n|\n|-weather|SunnyDay|[upkeep]\n|-damage|p2a: Sunsetter|43/100|[from] ability: Solar Power|[of] p2a: Sunsetter\n|upkeep\n|\n|t:|1776537469\n|switch|p1b: Sneasler|Sneasler, L50, M|100/100\n|turn|4\n|\n|t:|1776537491\n|switch|p2b: Garchomp|Garchomp, L50, F|100/100\n|detailschange|p2a: Sunsetter|Charizard-Mega-Y, L50, F\n|-mega|p2a: Sunsetter|Charizard|Charizardite Y\n|move|p1b: Sneasler|Feint|p2a: Sunsetter\n|-damage|p2a: Sunsetter|27/100\n|move|p2a: Sunsetter|Ancient Power|p1a: Charizard\n|-supereffective|p1a: Charizard|2\n|-damage|p1a: Charizard|0 fnt\n|faint|p1a: Charizard\n|\n|-weather|SunnyDay|[upkeep]\n|-sideend|p2: warges|move: Tailwind\n|upkeep\n|\n|t:|1776537497\n|switch|p1a: Maushold|Maushold-Four, L50|100/100\n|turn|5\n|\n|t:|1776537511\n|move|p2a: Sunsetter|Protect|p2a: Sunsetter\n|-singleturn|p2a: Sunsetter|Protect\n|move|p1a: Maushold|Follow Me|p1a: Maushold\n|-singleturn|p1a: Maushold|move: Follow Me\n|move|p1b: Sneasler|Dire Claw|p2a: Sunsetter\n|-activate|p2a: Sunsetter|move: Protect\n|move|p2b: Garchomp|Earthquake|p1a: Maushold|[spread] p1a,p1b\n|-activate|p2a: Sunsetter|move: Protect\n|-supereffective|p1b: Sneasler|1\n|-damage|p1a: Maushold|55/100\n|-enditem|p1b: Sneasler|Focus Sash\n|-damage|p1b: Sneasler|1/100\n|\n|-weather|SunnyDay|[upkeep]\n|upkeep\n|turn|6\n|-message|jhiiii forfeited.\n|\n|win|warges\n|raw|jhiiii's rating: 1266 &rarr; <strong>1237</strong><br />(-29 for losing)\n|raw|warges's rating: 1207 &rarr; <strong>1236</strong><br />(+29 for winning)\n|l|\u203djhiiii\n|player|p1|\n",
  "uploadtime": 1776537528,
  "views": 19,
  "formatid": "gen9championsvgc2026regma",
  "rating": 1236,
  "private": 0,
  "password": null
}