{
  "id": "gen9championsvgc2026regma-2583970344",
  "format": "[Gen 9 Champions] VGC 2026 Reg M-A",
  "players": [
    "alelu1234",
    "silvermagicianvgc"
  ],
  "log": "|j|\u2606alelu1234\n|j|\u2606silvermagicianvgc\n|t:|1776212900\n|gametype|doubles\n|player|p1|alelu1234|170|1337\n|player|p2|silvermagicianvgc|silver|1356\n|gen|9\n|tier|[Gen 9 Champions] VGC 2026 Reg M-A\n|rated|\n|rule|Species Clause: Limit one of each Pok\u00e9mon\n|rule|Item Clause: Limit 1 of each item\n|clearpoke\n|poke|p1|Gallade, L50, M|\n|poke|p1|Politoed, L50, M|\n|poke|p1|Kingambit, L50, F|\n|poke|p1|Sinistcha, L50|\n|poke|p1|Incineroar, L50, M|\n|poke|p1|Archaludon, L50, F|\n|poke|p2|Floette-Eternal, L50, F|\n|poke|p2|Garchomp, L50, F|\n|poke|p2|Talonflame, L50, M|\n|poke|p2|Incineroar, L50, M|\n|poke|p2|Milotic, L50, F|\n|poke|p2|Sinistcha, L50|\n|teampreview|4\n|inactive|Battle timer is ON: inactive players will automatically lose when time's up. (requested by alelu1234)\n|\n|t:|1776212963\n|teamsize|p1|4\n|teamsize|p2|4\n|start\n|switch|p1a: Gallade|Gallade, L50, M, shiny|100/100\n|switch|p1b: Politoed|Politoed, L50, M|100/100\n|switch|p2a: Floette|Floette-Eternal, L50, F, shiny|100/100\n|switch|p2b: Sinistcha|Sinistcha, L50|100/100\n|-weather|RainDance|[from] ability: Drizzle|[of] p1b: Politoed\n|turn|1\n|inactive|silvermagicianvgc has 30 seconds left.\n|\n|t:|1776212989\n|switch|p1a: Kingambit|Kingambit, L50, F|100/100\n|detailschange|p2a: Floette|Floette-Mega, L50, F, shiny\n|-mega|p2a: Floette|Floette|Floettite\n|-ability|p2a: Floette|Fairy Aura\n|move|p2b: Sinistcha|Rage Powder|p2b: Sinistcha\n|-singleturn|p2b: Sinistcha|move: Rage Powder\n|move|p1b: Politoed|Icy Wind|p2a: Floette|[spread] p2a,p2b\n|-supereffective|p2b: Sinistcha|1\n|-damage|p2a: Floette|92/100\n|-damage|p2b: Sinistcha|77/100\n|-unboost|p2a: Floette|spe|1\n|-unboost|p2b: Sinistcha|spe|1\n|move|p2a: Floette|Calm Mind|p2a: Floette\n|-boost|p2a: Floette|spa|1\n|-boost|p2a: Floette|spd|1\n|\n|-weather|RainDance|[upkeep]\n|upkeep\n|turn|2\n|inactive|silvermagicianvgc has 30 seconds left.\n|\n|t:|1776213017\n|move|p2a: Floette|Protect|p2a: Floette\n|-singleturn|p2a: Floette|Protect\n|move|p1b: Politoed|Icy Wind|p2b: Sinistcha|[spread] p2b\n|-activate|p2a: Floette|move: Protect\n|-supereffective|p2b: Sinistcha|1\n|-damage|p2b: Sinistcha|53/100\n|-unboost|p2b: Sinistcha|spe|1\n|move|p1a: Kingambit|Kowtow Cleave|p2b: Sinistcha\n|-supereffective|p2b: Sinistcha|1\n|-damage|p2b: Sinistcha|0 fnt\n|faint|p2b: Sinistcha\n|\n|-weather|RainDance|[upkeep]\n|upkeep\n|\n|t:|1776213030\n|switch|p2b: Milotic|Milotic, L50, F, shiny|100/100\n|turn|3\n|inactive|alelu1234 has 30 seconds left.\n|inactive|alelu1234 has 20 seconds left.\n|inactive|alelu1234 has 15 seconds left.\n|\n|t:|1776213075\n|move|p1b: Politoed|Icy Wind|p2a: Floette|[spread] p2a,p2b\n|-resisted|p2b: Milotic|1\n|-damage|p2a: Floette|87/100\n|-damage|p2b: Milotic|96/100\n|-unboost|p2a: Floette|spe|1\n|-unboost|p2b: Milotic|spe|1\n|-ability|p2b: Milotic|Competitive|boost\n|-boost|p2b: Milotic|spa|2\n|move|p1a: Kingambit|Iron Head|p2a: Floette\n|-supereffective|p2a: Floette|1\n|-damage|p2a: Floette|0 fnt\n|faint|p2a: Floette\n|move|p2b: Milotic|Scald|p1b: Politoed\n|-resisted|p1b: Politoed|1\n|-damage|p1b: Politoed|39/100\n|\n|-weather|RainDance|[upkeep]\n|-heal|p2b: Milotic|100/100|[from] item: Leftovers\n|upkeep\n|\n|t:|1776213089\n|switch|p2a: Garchomp|Garchomp, L50, F|100/100\n|turn|4\n|\n|t:|1776213106\n|move|p1a: Kingambit|Protect|p1a: Kingambit\n|-singleturn|p1a: Kingambit|Protect\n|move|p2a: Garchomp|Stomping Tantrum|p1b: Politoed\n|-damage|p1b: Politoed|0 fnt\n|faint|p1b: Politoed\n|move|p2b: Milotic|Scald|p1a: Kingambit\n|-activate|p1a: Kingambit|move: Protect\n|\n|-weather|RainDance|[upkeep]\n|upkeep\n|\n|t:|1776213115\n|switch|p1b: Sinistcha|Sinistcha, L50|100/100\n|turn|5\n|\n|t:|1776213126\n|move|p1b: Sinistcha|Rage Powder|p1b: Sinistcha\n|-singleturn|p1b: Sinistcha|move: Rage Powder\n|move|p2a: Garchomp|Stomping Tantrum|p1b: Sinistcha\n|-resisted|p1b: Sinistcha|1\n|-damage|p1b: Sinistcha|80/100\n|move|p1a: Kingambit|Kowtow Cleave|p2b: Milotic\n|-damage|p2b: Milotic|46/100\n|move|p2b: Milotic|Scald|p1b: Sinistcha\n|-resisted|p1b: Sinistcha|1\n|-damage|p1b: Sinistcha|21/100\n|-enditem|p1b: Sinistcha|Sitrus Berry|[eat]\n|-heal|p1b: Sinistcha|45/100|[from] item: Sitrus Berry\n|\n|-weather|none\n|-heal|p2b: Milotic|52/100|[from] item: Leftovers\n|upkeep\n|turn|6\n|\n|t:|1776213145\n|move|p2b: Milotic|Protect|p2b: Milotic\n|-singleturn|p2b: Milotic|Protect\n|move|p1b: Sinistcha|Rage Powder|p1b: Sinistcha\n|-singleturn|p1b: Sinistcha|move: Rage Powder\n|move|p2a: Garchomp|Stomping Tantrum|p1b: Sinistcha\n|-resisted|p1b: Sinistcha|1\n|-damage|p1b: Sinistcha|25/100\n|move|p1a: Kingambit|Kowtow Cleave|p2b: Milotic\n|-activate|p2b: Milotic|move: Protect\n|\n|-heal|p2b: Milotic|58/100|[from] item: Leftovers\n|upkeep\n|turn|7\n|inactive|silvermagicianvgc has 30 seconds left.\n|\n|t:|1776213177\n|move|p2a: Garchomp|Stomping Tantrum|p1a: Kingambit\n|-supereffective|p1a: Kingambit|1\n|-damage|p1a: Kingambit|40/100\n|move|p1b: Sinistcha|Matcha Gotcha|p2b: Milotic|[spread] p2a,p2b\n|-supereffective|p2b: Milotic|1\n|-damage|p2a: Garchomp|70/100\n|-heal|p1b: Sinistcha|41/100|[from] drain|[of] p2a: Garchomp\n|-damage|p2b: Milotic|18/100\n|-heal|p1b: Sinistcha|63/100|[from] drain|[of] p2b: Milotic\n|move|p1a: Kingambit|Kowtow Cleave|p2a: Garchomp\n|-damage|p2a: Garchomp|19/100\n|-damage|p1a: Kingambit|28/100|[from] ability: Rough Skin|[of] p2a: Garchomp\n|move|p2b: Milotic|Life Dew|p2b: Milotic|[spread] p2a,p2b\n|-heal|p2a: Garchomp|44/100\n|-heal|p2b: Milotic|42/100\n|\n|-heal|p2b: Milotic|49/100|[from] item: Leftovers\n|upkeep\n|turn|8\n|inactive|silvermagicianvgc has 30 seconds left.\n|\n|t:|1776213206\n|move|p2b: Milotic|Protect|p2b: Milotic\n|-singleturn|p2b: Milotic|Protect\n|move|p1b: Sinistcha|Rage Powder|p1b: Sinistcha\n|-singleturn|p1b: Sinistcha|move: Rage Powder\n|move|p2a: Garchomp|Stomping Tantrum|p1b: Sinistcha\n|-resisted|p1b: Sinistcha|1\n|-damage|p1b: Sinistcha|44/100\n|move|p1a: Kingambit|Kowtow Cleave|p2a: Garchomp\n|-damage|p2a: Garchomp|0 fnt\n|-damage|p1a: Kingambit|15/100|[from] ability: Rough Skin|[of] p2a: Garchomp\n|faint|p2a: Garchomp\n|\n|-heal|p2b: Milotic|55/100|[from] item: Leftovers\n|upkeep\n|turn|9\n|\n|t:|1776213222\n|move|p1b: Sinistcha|Matcha Gotcha|p2b: Milotic\n|-supereffective|p2b: Milotic|1\n|-damage|p2b: Milotic|0 fnt\n|-heal|p1b: Sinistcha|74/100|[from] drain|[of] p2b: Milotic\n|faint|p2b: Milotic\n|\n|win|alelu1234\n|raw|alelu1234's rating: 1337 &rarr; <strong>1358</strong><br />(+21 for winning)\n|raw|silvermagicianvgc's rating: 1356 &rarr; <strong>1335</strong><br />(-21 for losing)\n|l|\u2606alelu1234\n|player|p1|\n",
  "uploadtime": 1776213228,
  "views": 40,
  "formatid": "gen9championsvgc2026regma",
  "rating": 1335,
  "private": 0,
  "password": null
}