{
  "id": "gen9championsvgc2026regma-2581950678",
  "format": "[Gen 9 Champions] VGC 2026 Reg M-A",
  "players": [
    "bioraza",
    "williat9"
  ],
  "log": "|j|\u2606bioraza\n|j|\u2606williat9\n|t:|1776042572\n|gametype|doubles\n|player|p1|bioraza|n-masters|1138\n|player|p2|williat9|102|1093\n|gen|9\n|tier|[Gen 9 Champions] VGC 2026 Reg M-A\n|rated|\n|rule|Species Clause: Limit one of each Pok\u00e9mon\n|rule|Item Clause: Limit 1 of each item\n|clearpoke\n|poke|p1|Incineroar, L50, M|\n|poke|p1|Slowbro, L50, F|\n|poke|p1|Araquanid, L50, M|\n|poke|p1|Maushold, L50|\n|poke|p1|Toxicroak, L50, F|\n|poke|p1|Hydreigon, L50, F|\n|poke|p2|Kingambit, L50, M|\n|poke|p2|Starmie, L50|\n|poke|p2|Incineroar, L50, F|\n|poke|p2|Sylveon, L50, F|\n|poke|p2|Sneasler, L50, M|\n|poke|p2|Sinistcha, L50|\n|teampreview|4\n|inactive|Battle timer is ON: inactive players will automatically lose when time's up. (requested by williat9)\n|inactive|bioraza also wants the timer to be on.\n|inactive|williat9 has 60 seconds left.\n|\n|t:|1776042618\n|teamsize|p1|4\n|teamsize|p2|4\n|start\n|switch|p1a: Toxicroak|Toxicroak, L50, F|100/100\n|switch|p1b: Slowbro|Slowbro, L50, F|100/100\n|switch|p2a: Starmie|Starmie, L50|100/100\n|switch|p2b: Sneasler|Sneasler, L50, M|100/100\n|turn|1\n|\n|t:|1776042639\n|switch|p2b: Incineroar|Incineroar, L50, F|100/100\n|-ability|p2b: Incineroar|Intimidate|boost\n|-unboost|p1a: Toxicroak|atk|1\n|-fail|p1b: Slowbro|unboost|Attack|[from] ability: Oblivious|[of] p1b: Slowbro\n|detailschange|p2a: Starmie|Starmie-Mega, L50\n|-mega|p2a: Starmie|Starmie|Starminite\n|detailschange|p1b: Slowbro|Slowbro-Mega, L50, F\n|-mega|p1b: Slowbro|Slowbro|Slowbronite\n|move|p1a: Toxicroak|Fake Out|p2a: Starmie\n|-damage|p2a: Starmie|89/100\n|cant|p2a: Starmie|flinch\n|move|p1b: Slowbro|Trick Room|p1b: Slowbro\n|-fieldstart|move: Trick Room|[of] p1b: Slowbro\n|\n|upkeep\n|turn|2\n|\n|t:|1776042663\n|switch|p1a: Araquanid|Araquanid, L50, M|100/100\n|move|p2a: Starmie|Protect|p2a: Starmie\n|-singleturn|p2a: Starmie|Protect\n|move|p1b: Slowbro|Nasty Plot|p1b: Slowbro\n|-boost|p1b: Slowbro|spa|2\n|move|p2b: Incineroar|Parting Shot|p1a: Araquanid\n|-unboost|p1a: Araquanid|atk|1\n|-unboost|p1a: Araquanid|spa|1\n|\n|t:|1776042670\n|switch|p2b: Sinistcha|Sinistcha, L50|100/100|[from] Parting Shot\n|-heal|p2a: Starmie|100/100|[from] ability: Hospitality|[of] p2b: Sinistcha\n|\n|upkeep\n|turn|3\n|inactive|williat9 has 30 seconds left.\n|\n|t:|1776042699\n|move|p1b: Slowbro|Surf|p2b: Sinistcha|[spread] p1a,p2a,p2b\n|-resisted|p1a: Araquanid|1\n|-resisted|p2a: Starmie|1\n|-resisted|p2b: Sinistcha|1\n|-damage|p1a: Araquanid|73/100\n|-damage|p2a: Starmie|58/100\n|-damage|p2b: Sinistcha|67/100\n|move|p1a: Araquanid|Skitter Smack|p2b: Sinistcha\n|-damage|p2b: Sinistcha|55/100\n|-unboost|p2b: Sinistcha|spa|1\n|move|p2a: Starmie|Substitute|p2a: Starmie\n|-start|p2a: Starmie|Substitute\n|-damage|p2a: Starmie|33/100\n|move|p2b: Sinistcha|Trick Room|p2b: Sinistcha\n|-fieldend|move: Trick Room\n|\n|-heal|p2b: Sinistcha|61/100|[from] item: Leftovers\n|-heal|p1a: Araquanid|79/100|[from] item: Leftovers\n|upkeep\n|turn|4\n|inactive|bioraza has 30 seconds left.\n|\n|t:|1776042725\n|switch|p1a: Hydreigon|Hydreigon, L50, F|100/100\n|move|p2a: Starmie|Zen Headbutt|p1a: Hydreigon\n|-immune|p1a: Hydreigon\n|move|p2b: Sinistcha|Matcha Gotcha|p1b: Slowbro|[spread] p1a,p1b\n|-resisted|p1a: Hydreigon|1\n|-supereffective|p1b: Slowbro|1\n|-damage|p1a: Hydreigon|92/100\n|-heal|p2b: Sinistcha|65/100|[from] drain|[of] p1a: Hydreigon\n|-damage|p1b: Slowbro|75/100\n|-heal|p2b: Sinistcha|78/100|[from] drain|[of] p1b: Slowbro\n|move|p1b: Slowbro|Trick Room|p1b: Slowbro\n|-fieldstart|move: Trick Room|[of] p1b: Slowbro\n|\n|-heal|p2b: Sinistcha|84/100|[from] item: Leftovers\n|upkeep\n|turn|5\n|\n|t:|1776042749\n|move|p1b: Slowbro|Slack Off|p1b: Slowbro\n|-heal|p1b: Slowbro|100/100\n|move|p2a: Starmie|Liquidation|p1a: Hydreigon\n|-resisted|p1a: Hydreigon|1\n|-damage|p1a: Hydreigon|45/100\n|move|p1a: Hydreigon|Dark Pulse|p2b: Sinistcha\n|-supereffective|p2b: Sinistcha|1\n|-damage|p2b: Sinistcha|8/100\n|move|p2b: Sinistcha|Trick Room|p2b: Sinistcha\n|-fieldend|move: Trick Room\n|\n|-heal|p2b: Sinistcha|15/100|[from] item: Leftovers\n|upkeep\n|turn|6\n|inactive|williat9 has 30 seconds left.\n|inactive|williat9 has 20 seconds left.\n|\n|t:|1776042790\n|switch|p2b: Incineroar|Incineroar, L50, F|100/100\n|-ability|p2b: Incineroar|Intimidate|boost\n|-unboost|p1a: Hydreigon|atk|1\n|-unboost|p1b: Slowbro|atk|1\n|move|p1a: Hydreigon|Dark Pulse|p2b: Incineroar\n|-resisted|p2b: Incineroar|1\n|-damage|p2b: Incineroar|80/100\n|move|p2a: Starmie|Liquidation|p1b: Slowbro\n|-resisted|p1b: Slowbro|1\n|-damage|p1b: Slowbro|73/100\n|move|p1b: Slowbro|Trick Room|p1b: Slowbro\n|-fieldstart|move: Trick Room|[of] p1b: Slowbro\n|\n|upkeep\n|turn|7\n|\n|t:|1776042808\n|switch|p1a: Toxicroak|Toxicroak, L50, F|100/100\n|move|p1b: Slowbro|Surf|p2a: Starmie|[spread] p2a,p2b\n|-immune|p1a: Toxicroak|[from] ability: Dry Skin\n|-resisted|p2a: Starmie|1\n|-end|p2a: Starmie|Substitute\n|-supereffective|p2b: Incineroar|1\n|-damage|p2b: Incineroar|0 fnt\n|faint|p2b: Incineroar\n|move|p2a: Starmie|Liquidation|p1b: Slowbro\n|-resisted|p1b: Slowbro|1\n|-damage|p1b: Slowbro|45/100\n|\n|upkeep\n|\n|t:|1776042817\n|switch|p2b: Sinistcha|Sinistcha, L50|15/100\n|-heal|p2a: Starmie|58/100|[from] ability: Hospitality|[of] p2b: Sinistcha\n|turn|8\n|\n|t:|1776042828\n|move|p1b: Slowbro|Slack Off|p1b: Slowbro\n|-heal|p1b: Slowbro|95/100\n|move|p2b: Sinistcha|Shadow Ball|p1b: Slowbro\n|-supereffective|p1b: Slowbro|1\n|-damage|p1b: Slowbro|35/100\n|-unboost|p1b: Slowbro|spd|1\n|move|p1a: Toxicroak|Knock Off|p2b: Sinistcha\n|-supereffective|p2b: Sinistcha|1\n|-damage|p2b: Sinistcha|0 fnt\n|-enditem|p2b: Sinistcha|Leftovers|[from] move: Knock Off|[of] p1a: Toxicroak\n|faint|p2b: Sinistcha\n|move|p2a: Starmie|Liquidation|p1b: Slowbro\n|-resisted|p1b: Slowbro|1\n|-damage|p1b: Slowbro|12/100\n|\n|upkeep\n|\n|t:|1776042834\n|switch|p2b: Sneasler|Sneasler, L50, M|100/100\n|turn|9\n|\n|t:|1776042850\n|move|p1b: Slowbro|Slack Off|p1b: Slowbro\n|-heal|p1b: Slowbro|62/100\n|move|p1a: Toxicroak|Knock Off|p2a: Starmie\n|-supereffective|p2a: Starmie|1\n|-damage|p2a: Starmie|2/100\n|move|p2a: Starmie|Liquidation|p1b: Slowbro\n|-resisted|p1b: Slowbro|1\n|-damage|p1b: Slowbro|35/100\n|move|p2b: Sneasler|Coaching|p2a: Starmie\n|-boost|p2a: Starmie|atk|1\n|-boost|p2a: Starmie|def|1\n|\n|upkeep\n|turn|10\n|\n|t:|1776042869\n|move|p2a: Starmie|Protect|p2a: Starmie\n|-singleturn|p2a: Starmie|Protect\n|move|p1b: Slowbro|Surf|p2b: Sneasler|[spread] p2b\n|-activate|p2a: Starmie|move: Protect\n|-immune|p1a: Toxicroak|[from] ability: Dry Skin\n|-damage|p2b: Sneasler|6/100\n|move|p1a: Toxicroak|Knock Off|p2b: Sneasler\n|-resisted|p2b: Sneasler|1\n|-damage|p2b: Sneasler|0 fnt\n|-enditem|p2b: Sneasler|Focus Sash|[from] move: Knock Off|[of] p1a: Toxicroak\n|faint|p2b: Sneasler\n|\n|-fieldend|move: Trick Room\n|upkeep\n|turn|11\n|-message|williat9 forfeited.\n|\n|win|bioraza\n|raw|bioraza's rating: 1138 &rarr; <strong>1160</strong><br />(+22 for winning)\n|raw|williat9's rating: 1093 &rarr; <strong>1072</strong><br />(-21 for losing)\n|l|\u2606williat9\n|player|p2|\n",
  "uploadtime": 1776042885,
  "views": 40,
  "formatid": "gen9championsvgc2026regma",
  "rating": 1072,
  "private": 0,
  "password": null
}