{
  "id": "gen9championsvgc2026regma-2582099806",
  "format": "[Gen 9 Champions] VGC 2026 Reg M-A",
  "players": [
    "ChilemRaen",
    "ioiimaspyioi"
  ],
  "log": "|j|\u2606ChilemRaen\n|j|\u2606ioiimaspyioi\n|t:|1776057819\n|gametype|doubles\n|player|p1|ChilemRaen|265|1122\n|player|p2|ioiimaspyioi|morty|1136\n|gen|9\n|tier|[Gen 9 Champions] VGC 2026 Reg M-A\n|rated|\n|rule|Species Clause: Limit one of each Pok\u00e9mon\n|rule|Item Clause: Limit 1 of each item\n|clearpoke\n|poke|p1|Sneasler, L50, F|\n|poke|p1|Pangoro, L50, F|\n|poke|p1|Sinistcha-Masterpiece, L50|\n|poke|p1|Floette-Eternal, L50, F|\n|poke|p1|Whimsicott, L50, F|\n|poke|p1|Aerodactyl, L50, M|\n|poke|p2|Charizard, L50, F|\n|poke|p2|Sneasler, L50, M|\n|poke|p2|Rotom-Wash, L50|\n|poke|p2|Kingambit, L50, F|\n|poke|p2|Garchomp, L50, M|\n|poke|p2|Whimsicott, L50, F|\n|teampreview|4\n|\n|t:|1776057854\n|teamsize|p1|4\n|teamsize|p2|4\n|start\n|switch|p1a: Pangoro|Pangoro, L50, F|100/100\n|switch|p1b: Whimsicott|Whimsicott, L50, F|100/100\n|switch|p2a: Garchomp|Garchomp, L50, M|100/100\n|switch|p2b: Sneasler|Sneasler, L50, M|100/100\n|turn|1\n|\n|t:|1776057879\n|switch|p1b: Aerodactyl|Aerodactyl, L50, M|100/100\n|-ability|p1b: Aerodactyl|Unnerve\n|move|p2b: Sneasler|Fake Out|p1b: Aerodactyl\n|-resisted|p1b: Aerodactyl|1\n|-crit|p1b: Aerodactyl\n|-damage|p1b: Aerodactyl|81/100\n|move|p2a: Garchomp|Poison Jab|p1b: Aerodactyl\n|-resisted|p1b: Aerodactyl|1\n|-damage|p1b: Aerodactyl|59/100\n|move|p1a: Pangoro|Storm Throw|p2a: Garchomp\n|-crit|p2a: Garchomp\n|-damage|p2a: Garchomp|64/100\n|-damage|p1a: Pangoro|88/100|[from] ability: Rough Skin|[of] p2a: Garchomp\n|\n|upkeep\n|turn|2\n|\n|t:|1776057903\n|switch|p2a: Whimsicott|Whimsicott, L50, F|100/100\n|switch|p1a: Whimsicott|Whimsicott, L50, F|100/100\n|move|p2b: Sneasler|Protect|p2b: Sneasler\n|-singleturn|p2b: Sneasler|Protect\n|move|p1b: Aerodactyl|Dual Wingbeat|p2b: Sneasler\n|-activate|p2b: Sneasler|move: Protect\n|\n|upkeep\n|turn|3\n|\n|t:|1776057952\n|switch|p2b: Garchomp|Garchomp, L50, M|64/100\n|move|p1a: Whimsicott|Tailwind|p1a: Whimsicott\n|-sidestart|p1: ChilemRaen|move: Tailwind\n|move|p2a: Whimsicott|Tailwind|p2a: Whimsicott\n|-sidestart|p2: ioiimaspyioi|move: Tailwind\n|move|p1b: Aerodactyl|Dual Wingbeat|p2a: Whimsicott\n|-supereffective|p2a: Whimsicott|1\n|-damage|p2a: Whimsicott|50/100\n|-supereffective|p2a: Whimsicott|1\n|-damage|p2a: Whimsicott|3/100\n|-hitcount|p2a: Whimsicott|2\n|\n|upkeep\n|turn|4\n|\n|t:|1776057975\n|move|p1b: Aerodactyl|Wide Guard|p1b: Aerodactyl\n|-singleturn|p1b: Aerodactyl|Wide Guard\n|move|p1a: Whimsicott|Encore|p2a: Whimsicott\n|-start|p2a: Whimsicott|Encore\n|move|p2a: Whimsicott|Tailwind||[still]\n|-fail|p2a: Whimsicott\n|move|p2b: Garchomp|Rock Slide|p1a: Whimsicott|[spread] \n|-activate|p1a: Whimsicott|move: Wide Guard\n|-activate|p1b: Aerodactyl|move: Wide Guard\n|\n|upkeep\n|turn|5\n|\n|t:|1776057986\n|move|p2a: Whimsicott|Tailwind||[still]\n|-fail|p2a: Whimsicott\n|move|p2b: Garchomp|Rock Slide|p1b: Aerodactyl|[spread] p1a,p1b\n|-supereffective|p1b: Aerodactyl|1\n|-damage|p1a: Whimsicott|75/100\n|-damage|p1b: Aerodactyl|0 fnt\n|faint|p1b: Aerodactyl\n|move|p1a: Whimsicott|Moonblast|p2b: Garchomp\n|-supereffective|p2b: Garchomp|1\n|-damage|p2b: Garchomp|8/100\n|\n|upkeep\n|\n|t:|1776057997\n|switch|p1b: Floette|Floette-Eternal, L50, F|100/100\n|turn|6\n|\n|t:|1776058006\n|detailschange|p1b: Floette|Floette-Mega, L50, F\n|-mega|p1b: Floette|Floette|Floettite\n|-ability|p1b: Floette|Fairy Aura\n|move|p1a: Whimsicott|Misty Terrain|p1a: Whimsicott\n|-fieldstart|move: Misty Terrain\n|move|p2a: Whimsicott|Tailwind||[still]\n|-fail|p2a: Whimsicott\n|move|p2b: Garchomp|Rock Slide|p1b: Floette|[spread] p1a,p1b\n|-damage|p1a: Whimsicott|51/100\n|-damage|p1b: Floette|76/100\n|move|p1b: Floette|Dazzling Gleam|p2b: Garchomp|[spread] p2a,p2b\n|-supereffective|p2b: Garchomp|1\n|-damage|p2a: Whimsicott|0 fnt\n|-damage|p2b: Garchomp|0 fnt\n|faint|p2a: Whimsicott\n|faint|p2b: Garchomp\n|\n|-sideend|p2: ioiimaspyioi|move: Tailwind\n|-sideend|p1: ChilemRaen|move: Tailwind\n|upkeep\n|\n|t:|1776058019\n|switch|p2a: Sneasler|Sneasler, L50, M|100/100\n|switch|p2b: Charizard|Charizard, L50, F, shiny|100/100\n|turn|7\n|\n|t:|1776058042\n|detailschange|p2b: Charizard|Charizard-Mega-Y, L50, F, shiny\n|-mega|p2b: Charizard|Charizard|Charizardite Y\n|-weather|SunnyDay|[from] ability: Drought|[of] p2b: Charizard\n|move|p1a: Whimsicott|Tailwind|p1a: Whimsicott\n|-sidestart|p1: ChilemRaen|move: Tailwind\n|move|p1b: Floette|Dazzling Gleam|p2b: Charizard|[spread] p2a,p2b\n|-resisted|p2b: Charizard|1\n|-damage|p2a: Sneasler|27/100\n|-damage|p2b: Charizard|78/100\n|move|p2a: Sneasler|Dire Claw|p1b: Floette\n|-supereffective|p1b: Floette|1\n|-damage|p1b: Floette|0 fnt\n|faint|p1b: Floette\n|move|p2b: Charizard|Heat Wave|p1a: Whimsicott\n|-supereffective|p1a: Whimsicott|1\n|-damage|p1a: Whimsicott|0 fnt\n|faint|p1a: Whimsicott\n|\n|-weather|SunnyDay|[upkeep]\n|upkeep\n|\n|t:|1776058051\n|switch|p1b: Pangoro|Pangoro, L50, F|88/100\n|turn|8\n|\n|t:|1776058064\n|move|p1b: Pangoro|Thunder Punch|p2b: Charizard\n|-supereffective|p2b: Charizard|1\n|-damage|p2b: Charizard|20/100\n|-status|p2b: Charizard|par\n|move|p2a: Sneasler|Close Combat|p1b: Pangoro\n|-supereffective|p1b: Pangoro|1\n|-enditem|p1b: Pangoro|Chople Berry|[eat]\n|-enditem|p1b: Pangoro|Chople Berry|[weaken]\n|-damage|p1b: Pangoro|16/100\n|-unboost|p2a: Sneasler|def|1\n|-unboost|p2a: Sneasler|spd|1\n|-enditem|p2a: Sneasler|White Herb\n|-clearnegativeboost|p2a: Sneasler|[silent]\n|move|p2b: Charizard|Weather Ball|p1b: Pangoro\n|-damage|p1b: Pangoro|0 fnt\n|faint|p1b: Pangoro\n|\n|win|ioiimaspyioi\n|raw|ChilemRaen's rating: 1122 &rarr; <strong>1098</strong><br />(-24 for losing)\n|raw|ioiimaspyioi's rating: 1136 &rarr; <strong>1160</strong><br />(+24 for winning)\n|l|\u2606ChilemRaen\n|player|p1|\n",
  "uploadtime": 1776058088,
  "views": 11,
  "formatid": "gen9championsvgc2026regma",
  "rating": 1098,
  "private": 0,
  "password": null
}