{
  "id": "gen9championsvgc2026regma-2587607283",
  "format": "[Gen 9 Champions] VGC 2026 Reg M-A",
  "players": [
    "ShadowS3raph",
    "juiceboost"
  ],
  "log": "|j|\u2606ShadowS3raph\n|j|\u2606juiceboost\n|t:|1776546468\n|gametype|doubles\n|player|p1|ShadowS3raph|2|1066\n|player|p2|juiceboost|brycenman|1081\n|gen|9\n|tier|[Gen 9 Champions] VGC 2026 Reg M-A\n|rated|\n|rule|Species Clause: Limit one of each Pok\u00e9mon\n|rule|Item Clause: Limit 1 of each item\n|clearpoke\n|poke|p1|Archaludon, L50, M|\n|poke|p1|Pelipper, L50, M|\n|poke|p1|Gyarados, L50, F|\n|poke|p1|Heliolisk, L50, F|\n|poke|p1|Sinistcha, L50|\n|poke|p1|Scizor, L50, F|\n|poke|p2|Froslass, L50, F|\n|poke|p2|Palafin, L50, M|\n|poke|p2|Kingambit, L50, F, shiny|\n|poke|p2|Arcanine-Hisui, L50, F|\n|poke|p2|Sinistcha, L50|\n|poke|p2|Sneasler, L50, F|\n|teampreview|4\n|inactive|Battle timer is ON: inactive players will automatically lose when time's up. (requested by juiceboost)\n|inactive|ShadowS3raph has 60 seconds left.\n|\n|t:|1776546522\n|teamsize|p1|4\n|teamsize|p2|4\n|start\n|switch|p1a: Archaludon|Archaludon, L50, M|100/100\n|switch|p1b: Scizor|Scizor, L50, F|100/100\n|switch|p2a: Palafin|Palafin, L50, M|100/100\n|switch|p2b: Froslass|Froslass, L50, F|100/100\n|turn|1\n|inactive|juiceboost has 30 seconds left.\n|inactive|ShadowS3raph has 30 seconds left.\n|inactive|juiceboost has 20 seconds left.\n|\n|t:|1776546561\n|detailschange|p2a: Palafin|Palafin-Hero, L50, M\n|switch|p2a: Sinistcha|Sinistcha, L50|100/100\n|detailschange|p1b: Scizor|Scizor-Mega, L50, F\n|-mega|p1b: Scizor|Scizor|Scizorite\n|move|p2b: Froslass|Protect|p2b: Froslass\n|-singleturn|p2b: Froslass|Protect\n|move|p1b: Scizor|Bullet Punch|p2b: Froslass\n|-activate|p2b: Froslass|move: Protect\n|move|p1a: Archaludon|Draco Meteor|p2a: Sinistcha\n|-damage|p2a: Sinistcha|41/100\n|-unboost|p1a: Archaludon|spa|2\n|-enditem|p2a: Sinistcha|Sitrus Berry|[eat]\n|-heal|p2a: Sinistcha|66/100|[from] item: Sitrus Berry\n|\n|upkeep\n|turn|2\n|inactive|juiceboost has 30 seconds left.\n|inactive|juiceboost has 20 seconds left.\n|\n|t:|1776546599\n|switch|p2b: Palafin|Palafin-Hero, L50, M|100/100\n|-activate|p2b: Palafin|ability: Zero to Hero\n|switch|p1a: Sinistcha|Sinistcha, L50|100/100\n|move|p1b: Scizor|Protect|p1b: Scizor\n|-singleturn|p1b: Scizor|Protect\n|move|p2a: Sinistcha|Rage Powder|p2a: Sinistcha\n|-singleturn|p2a: Sinistcha|move: Rage Powder\n|\n|upkeep\n|turn|3\n|l|\u2606ShadowS3raph\n|inactive|ShadowS3raph disconnected and has a minute to reconnect!\n|player|p1|\n|j|\u2606ShadowS3raph\n|inactive|ShadowS3raph reconnected and has 40 seconds left.\n|player|p1|ShadowS3raph|2|\n|inactive|ShadowS3raph has 30 seconds left.\n|inactive|juiceboost has 30 seconds left.\n|\n|t:|1776546633\n|move|p2b: Palafin|Wave Crash|p1b: Scizor\n|-damage|p1b: Scizor|23/100\n|-damage|p2b: Palafin|81/100|[from] Recoil\n|move|p1b: Scizor|Swords Dance|p1b: Scizor\n|-boost|p1b: Scizor|atk|2\n|move|p1a: Sinistcha|Matcha Gotcha|p2b: Palafin|[spread] p2a,p2b\n|-resisted|p2a: Sinistcha|1\n|-supereffective|p2b: Palafin|1\n|-damage|p2a: Sinistcha|53/100\n|-damage|p2b: Palafin|28/100\n|-status|p2a: Sinistcha|brn\n|move|p2a: Sinistcha|Matcha Gotcha|p1a: Sinistcha|[spread] p1a,p1b\n|-resisted|p1a: Sinistcha|1\n|-resisted|p1b: Scizor|2\n|-damage|p1a: Sinistcha|90/100\n|-heal|p2a: Sinistcha|58/100 brn|[from] drain|[of] p1a: Sinistcha\n|-damage|p1b: Scizor|16/100\n|-heal|p2a: Sinistcha|61/100 brn|[from] drain|[of] p1b: Scizor\n|\n|-damage|p2a: Sinistcha|55/100 brn|[from] brn\n|upkeep\n|turn|4\n|inactive|ShadowS3raph has 30 seconds left.\n|\n|t:|1776546659\n|move|p1a: Sinistcha|Rage Powder|p1a: Sinistcha\n|-singleturn|p1a: Sinistcha|move: Rage Powder\n|move|p2a: Sinistcha|Rage Powder|p2a: Sinistcha\n|-singleturn|p2a: Sinistcha|move: Rage Powder\n|move|p2b: Palafin|Jet Punch|p1a: Sinistcha\n|-resisted|p1a: Sinistcha|1\n|-damage|p1a: Sinistcha|66/100\n|move|p1b: Scizor|Bullet Punch|p2a: Sinistcha\n|-damage|p2a: Sinistcha|0 fnt\n|faint|p2a: Sinistcha\n|\n|upkeep\n|\n|t:|1776546672\n|switch|p2a: Froslass|Froslass, L50, F|100/100\n|turn|5\n|\n|t:|1776546680\n|detailschange|p2a: Froslass|Froslass-Mega, L50, F\n|-mega|p2a: Froslass|Froslass|Froslassite\n|-weather|Snowscape|[from] ability: Snow Warning|[of] p2a: Froslass\n|move|p1b: Scizor|Protect|p1b: Scizor\n|-singleturn|p1b: Scizor|Protect\n|move|p1a: Sinistcha|Protect|p1a: Sinistcha\n|-singleturn|p1a: Sinistcha|Protect\n|move|p2a: Froslass|Shadow Ball|p1b: Scizor\n|-activate|p1b: Scizor|move: Protect\n|move|p2b: Palafin|Wave Crash|p1b: Scizor\n|-activate|p1b: Scizor|move: Protect\n|\n|-weather|Snowscape|[upkeep]\n|upkeep\n|turn|6\n|inactive|ShadowS3raph has 30 seconds left.\n|\n|t:|1776546710\n|switch|p1b: Pelipper|Pelipper, L50, M|100/100\n|-weather|RainDance|[from] ability: Drizzle|[of] p1b: Pelipper\n|move|p2b: Palafin|Protect|p2b: Palafin\n|-singleturn|p2b: Palafin|Protect\n|move|p2a: Froslass|Aurora Veil||[still]\n|-fail|p2a: Froslass\n|move|p1a: Sinistcha|Matcha Gotcha|p2a: Froslass|[spread] p2a\n|-activate|p2b: Palafin|move: Protect\n|-damage|p2a: Froslass|72/100\n|-heal|p1a: Sinistcha|79/100|[from] drain|[of] p2a: Froslass\n|\n|-weather|RainDance|[upkeep]\n|upkeep\n|turn|7\n|\n|t:|1776546729\n|switch|p2b: Arcanine|Arcanine-Hisui, L50, F|100/100\n|-ability|p2b: Arcanine|Intimidate|boost\n|-unboost|p1a: Sinistcha|atk|1\n|-unboost|p1b: Pelipper|atk|1\n|move|p2a: Froslass|Blizzard|p1a: Sinistcha|[spread] p1b\n|-miss|p2a: Froslass|p1a: Sinistcha\n|-damage|p1b: Pelipper|49/100\n|-enditem|p1b: Pelipper|Sitrus Berry|[eat]\n|-heal|p1b: Pelipper|74/100|[from] item: Sitrus Berry\n|move|p1a: Sinistcha|Matcha Gotcha|p2b: Arcanine|[spread] p2a,p2b\n|-damage|p2a: Froslass|44/100\n|-heal|p1a: Sinistcha|93/100|[from] drain|[of] p2a: Froslass\n|-damage|p2b: Arcanine|69/100\n|-heal|p1a: Sinistcha|100/100|[from] drain|[of] p2b: Arcanine\n|move|p1b: Pelipper|Tailwind|p1b: Pelipper\n|-sidestart|p1: ShadowS3raph|move: Tailwind\n|\n|-weather|RainDance|[upkeep]\n|upkeep\n|turn|8\n|inactive|juiceboost has 30 seconds left.\n|\n|t:|1776546755\n|switch|p2a: Palafin|Palafin-Hero, L50, M|28/100\n|move|p1a: Sinistcha|Matcha Gotcha|p2a: Palafin|[spread] p2a,p2b\n|-supereffective|p2a: Palafin|1\n|-damage|p2a: Palafin|0 fnt\n|-damage|p2b: Arcanine|39/100\n|faint|p2a: Palafin\n|move|p1b: Pelipper|Surf|p2b: Arcanine|[spread] p1a,p2b\n|-resisted|p1a: Sinistcha|1\n|-supereffective|p2b: Arcanine|2\n|-damage|p1a: Sinistcha|83/100\n|-damage|p2b: Arcanine|0 fnt\n|faint|p2b: Arcanine\n|\n|-weather|RainDance|[upkeep]\n|upkeep\n|\n|t:|1776546766\n|switch|p2a: Froslass|Froslass-Mega, L50, F|44/100\n|-weather|Snowscape|[from] ability: Snow Warning|[of] p2a: Froslass\n|turn|9\n|\n|t:|1776546774\n|switch|p1b: Archaludon|Archaludon, L50, M|100/100\n|move|p1a: Sinistcha|Protect|p1a: Sinistcha\n|-singleturn|p1a: Sinistcha|Protect\n|move|p2a: Froslass|Blizzard|p1a: Sinistcha|[spread] p1b\n|-activate|p1a: Sinistcha|move: Protect\n|-damage|p1b: Archaludon|48/100\n|-ability|p1b: Archaludon|Stamina|boost\n|-boost|p1b: Archaludon|def|1\n|\n|-weather|Snowscape|[upkeep]\n|-heal|p1b: Archaludon|54/100|[from] item: Leftovers\n|upkeep\n|turn|10\n|-message|juiceboost forfeited.\n|\n|win|ShadowS3raph\n|raw|ShadowS3raph's rating: 1066 &rarr; <strong>1097</strong><br />(+31 for winning)\n|raw|juiceboost's rating: 1081 &rarr; <strong>1058</strong><br />(-23 for losing)\n|l|\u2606juiceboost\n|player|p2|\n|c|\u2606ShadowS3raph|Gg\n",
  "uploadtime": 1776546790,
  "views": 14,
  "formatid": "gen9championsvgc2026regma",
  "rating": 1058,
  "private": 0,
  "password": null
}