{
  "id": "gen9championsvgc2026regma-2587076755",
  "format": "[Gen 9 Champions] VGC 2026 Reg M-A",
  "players": [
    "Elite Fource",
    "cr1ppled"
  ],
  "log": "|j|\u2606Elite Fource\n|j|\u2606cr1ppled\n|t:|1776490203\n|gametype|doubles\n|player|p1|Elite Fource|infielder|1131\n|player|p2|cr1ppled|169|1070\n|gen|9\n|tier|[Gen 9 Champions] VGC 2026 Reg M-A\n|rated|\n|rule|Species Clause: Limit one of each Pok\u00e9mon\n|rule|Item Clause: Limit 1 of each item\n|clearpoke\n|poke|p1|Crabominable, L50, F, shiny|\n|poke|p1|Araquanid, L50, F, shiny|\n|poke|p1|Arcanine, L50, M|\n|poke|p1|Sinistcha, L50|\n|poke|p1|Jolteon, L50, M, shiny|\n|poke|p1|Floette-Eternal, L50, F|\n|poke|p2|Aerodactyl, L50, F|\n|poke|p2|Basculegion, L50, M|\n|poke|p2|Kingambit, L50, F|\n|poke|p2|Incineroar, L50, F, shiny|\n|poke|p2|Ninetales-Alola, L50, M|\n|poke|p2|Meganium, L50, M|\n|teampreview|4\n|inactive|Battle timer is ON: inactive players will automatically lose when time's up. (requested by Elite Fource)\n|inactive|Elite Fource has 60 seconds left.\ncr1ppled rejected open team sheets.\n|inactive|Elite Fource has 30 seconds left.\n|\n|t:|1776490273\n|teamsize|p1|4\n|teamsize|p2|4\n|start\n|switch|p1a: Green Shrek|Jolteon, L50, M, shiny|100/100\n|switch|p1b: 1000000000 years|Floette-Eternal, L50, F|100/100\n|switch|p2a: Incineroar|Incineroar, L50, F, shiny|100/100\n|switch|p2b: Basculegion|Basculegion, L50, M|100/100\n|-ability|p2a: Incineroar|Intimidate|boost\n|-unboost|p1a: Green Shrek|atk|1\n|-unboost|p1b: 1000000000 years|atk|1\n|turn|1\n|inactive|Elite Fource has 30 seconds left.\n|inactive|cr1ppled has 30 seconds left.\n|inactive|Elite Fource has 20 seconds left.\n|inactive|cr1ppled has 20 seconds left.\n|inactive|Elite Fource has 15 seconds left.\n|inactive|cr1ppled has 15 seconds left.\n|inactive|cr1ppled has 10 seconds left.\n|\n|t:|1776490318\n|move|p1a: Green Shrek|Detect|p1a: Green Shrek\n|-singleturn|p1a: Green Shrek|Protect\n|move|p2a: Incineroar|Fake Out|p1a: Green Shrek\n|-activate|p1a: Green Shrek|move: Protect\n|move|p1b: 1000000000 years|Moonblast|p2b: Basculegion\n|-damage|p2b: Basculegion|52/100\n|move|p2b: Basculegion|Flip Turn|p1b: 1000000000 years\n|-damage|p1b: 1000000000 years|36/100\n|-enditem|p1b: 1000000000 years|Sitrus Berry|[eat]\n|-heal|p1b: 1000000000 years|60/100|[from] item: Sitrus Berry\n|\n|t:|1776490335\n|switch|p2b: Ninetales|Ninetales-Alola, L50, M|100/100|[from] Flip Turn\n|-weather|Snowscape|[from] ability: Snow Warning|[of] p2b: Ninetales\n|\n|-weather|Snowscape|[upkeep]\n|upkeep\n|turn|2\n|inactive|Elite Fource has 30 seconds left.\n|inactive|cr1ppled has 30 seconds left.\n|inactive|Elite Fource has 20 seconds left.\n|inactive|Elite Fource has 15 seconds left.\n|inactive|Elite Fource has 10 seconds left.\n|\n|t:|1776490381\n|switch|p2a: Meganium|Meganium, L50, M|100/100\n|move|p1a: Green Shrek|Thunderbolt|p2b: Ninetales\n|-damage|p2b: Ninetales|52/100\n|move|p2b: Ninetales|Blizzard|p1b: 1000000000 years|[spread] p1a,p1b\n|-damage|p1a: Green Shrek|55/100\n|-damage|p1b: 1000000000 years|26/100\n|move|p1b: 1000000000 years|Moonblast|p2a: Meganium\n|-damage|p2a: Meganium|50/100\n|\n|-weather|Snowscape|[upkeep]\n|upkeep\n|turn|3\n|inactive|Elite Fource has 30 seconds left.\n|inactive|cr1ppled has 30 seconds left.\n|inactive|cr1ppled has 20 seconds left.\n|inactive|cr1ppled has 15 seconds left.\n|\n|t:|1776490426\n|switch|p1b: Ultraman|Araquanid, L50, F, shiny|100/100\n|detailschange|p2a: Meganium|Meganium-Mega, L50, M\n|-mega|p2a: Meganium|Meganium|Meganiumite\n|move|p2a: Meganium|Protect|p2a: Meganium\n|-singleturn|p2a: Meganium|Protect\n|move|p1a: Green Shrek|Thunderbolt|p2b: Ninetales\n|-damage|p2b: Ninetales|0 fnt\n|faint|p2b: Ninetales\n|\n|-weather|Snowscape|[upkeep]\n|upkeep\n|\n|t:|1776490436\n|switch|p2b: Basculegion|Basculegion, L50, M|52/100\n|turn|4\n|\n|t:|1776490458\n|move|p2b: Basculegion|Aqua Jet|p1a: Green Shrek\n|-damage|p1a: Green Shrek|0 fnt\n|faint|p1a: Green Shrek\n|move|p2a: Meganium|Solar Beam||[still]\n|-prepare|p2a: Meganium|Solar Beam\n|-activate|p2a: Meganium|ability: Mega Sol\n|-anim|p2a: Meganium|Solar Beam|p1b: Ultraman\n|-damage|p1b: Ultraman|54/100\n|move|p1b: Ultraman|Poison Jab|p2a: Meganium\n|-supereffective|p2a: Meganium|2\n|-damage|p2a: Meganium|0 fnt\n|faint|p2a: Meganium\n|\n|-weather|Snowscape|[upkeep]\n|upkeep\n|inactive|cr1ppled has 30 seconds left.\n|\n|t:|1776490486\n|switch|p1a: 1000000000 years|Floette-Eternal, L50, F|26/100\n|switch|p2a: Incineroar|Incineroar, L50, F, shiny|100/100\n|-ability|p2a: Incineroar|Intimidate|boost\n|-unboost|p1a: 1000000000 years|atk|1\n|-unboost|p1b: Ultraman|atk|1\n|turn|5\n|inactive|Elite Fource has 30 seconds left.\n|inactive|Elite Fource has 20 seconds left.\n|inactive|Elite Fource has 15 seconds left.\n|inactive|Elite Fource has 10 seconds left.\n|\n|t:|1776490533\n|move|p2a: Incineroar|Fake Out|p1b: Ultraman\n|-damage|p1b: Ultraman|42/100\n|move|p2b: Basculegion|Aqua Jet|p1a: 1000000000 years\n|-damage|p1a: 1000000000 years|0 fnt\n|faint|p1a: 1000000000 years\n|cant|p1b: Ultraman|flinch\n|\n|-weather|none\n|upkeep\n|\n|t:|1776490538\n|switch|p1a: Armor Abs Krabs|Crabominable, L50, F, shiny|100/100\n|turn|6\n|inactive|Elite Fource has 30 seconds left.\n|inactive|Elite Fource has 20 seconds left.\n|inactive|Elite Fource has 15 seconds left.\n|\n|t:|1776490579\n|detailschange|p1a: Armor Abs Krabs|Crabominable-Mega, L50, F, shiny\n|-mega|p1a: Armor Abs Krabs|Crabominable|Crabominite\n|move|p2b: Basculegion|Aqua Jet|p1b: Ultraman\n|-resisted|p1b: Ultraman|1\n|-damage|p1b: Ultraman|27/100\n|move|p2a: Incineroar|Flare Blitz|p1a: Armor Abs Krabs\n|-supereffective|p1a: Armor Abs Krabs|1\n|-damage|p1a: Armor Abs Krabs|29/100\n|-damage|p2a: Incineroar|73/100|[from] Recoil\n|move|p1b: Ultraman|Liquidation|p2a: Incineroar\n|-supereffective|p2a: Incineroar|1\n|-damage|p2a: Incineroar|20/100\n|-enditem|p2a: Incineroar|Sitrus Berry|[eat]\n|-heal|p2a: Incineroar|45/100|[from] item: Sitrus Berry\n|move|p1a: Armor Abs Krabs|Thunder Punch|p2b: Basculegion\n|-supereffective|p2b: Basculegion|1\n|-damage|p2b: Basculegion|0 fnt\n|faint|p2b: Basculegion\n|\n|upkeep\n|turn|7\n|inactive|cr1ppled has 30 seconds left.\n|c|\u2606Elite Fource|choose your fate\n|\n|t:|1776490605\n|move|p1a: Armor Abs Krabs|Mach Punch|p2a: Incineroar\n|-supereffective|p2a: Incineroar|1\n|-damage|p2a: Incineroar|0 fnt\n|faint|p2a: Incineroar\n|\n|win|Elite Fource\n|raw|Elite Fource's rating: 1131 &rarr; <strong>1152</strong><br />(+21 for winning)\n|raw|cr1ppled's rating: 1070 &rarr; <strong>1053</strong><br />(-17 for losing)\n|l|\u2606cr1ppled\n|player|p2|\n|c|\u2606Elite Fource|jk\n",
  "uploadtime": 1776490619,
  "views": 66,
  "formatid": "gen9championsvgc2026regma",
  "rating": 1053,
  "private": 0,
  "password": null
}