{
  "id": "gen9championsvgc2026regma-2585067110",
  "format": "[Gen 9 Champions] VGC 2026 Reg M-A",
  "players": [
    "Granny Pie",
    "konyeppi"
  ],
  "log": "|j|\u2606Granny Pie\n|j|\u2606konyeppi\n|t:|1776308389\n|gametype|doubles\n|player|p1|Granny Pie|medium|1215\n|player|p2|konyeppi|1|1231\n|gen|9\n|tier|[Gen 9 Champions] VGC 2026 Reg M-A\n|rated|\n|rule|Species Clause: Limit one of each Pok\u00e9mon\n|rule|Item Clause: Limit 1 of each item\n|clearpoke\n|poke|p1|Altaria, L50, F|\n|poke|p1|Toxicroak, L50, F|\n|poke|p1|Politoed, L50, F|\n|poke|p1|Archaludon, L50, M|\n|poke|p1|Basculegion, L50, M|\n|poke|p1|Hawlucha, L50, M|\n|poke|p2|Dragonite, L50, M|\n|poke|p2|Pelipper, L50, F|\n|poke|p2|Basculegion, L50, M|\n|poke|p2|Incineroar, L50, M|\n|poke|p2|Sneasler, L50, F|\n|poke|p2|Kingambit, L50, F|\n|teampreview|4\n|inactive|Battle timer is ON: inactive players will automatically lose when time's up. (requested by konyeppi)\n|inactive|Granny Pie also wants the timer to be on.\n|inactive|Granny Pie has 60 seconds left.\n|\n|t:|1776308420\n|teamsize|p1|4\n|teamsize|p2|4\n|start\n|switch|p1a: Politoed|Politoed, L50, F|100/100\n|switch|p1b: Archaludon|Archaludon, L50, M|100/100\n|switch|p2a: Dragonite|Dragonite, L50, M|100/100\n|switch|p2b: Basculegion|Basculegion, L50, M|100/100\n|-weather|RainDance|[from] ability: Drizzle|[of] p1a: Politoed\n|turn|1\n|\n|t:|1776308445\n|detailschange|p2a: Dragonite|Dragonite-Mega, L50, M\n|-mega|p2a: Dragonite|Dragonite|Dragoninite\n|move|p2b: Basculegion|Wave Crash|p1a: Politoed\n|-resisted|p1a: Politoed|1\n|-damage|p1a: Politoed|37/100\n|-damage|p2b: Basculegion|79/100|[from] Recoil\n|move|p2a: Dragonite|Draco Meteor|p1b: Archaludon\n|-damage|p1b: Archaludon|29/100\n|-unboost|p2a: Dragonite|spa|2\n|move|p1b: Archaludon|Electro Shot||[still]\n|-prepare|p1b: Archaludon|Electro Shot\n|-boost|p1b: Archaludon|spa|1\n|-anim|p1b: Archaludon|Electro Shot|p2b: Basculegion\n|-supereffective|p2b: Basculegion|1\n|-damage|p2b: Basculegion|0 fnt\n|faint|p2b: Basculegion\n|move|p1a: Politoed|Ice Beam|p2a: Dragonite\n|-supereffective|p2a: Dragonite|2\n|-damage|p2a: Dragonite|58/100\n|\n|-weather|RainDance|[upkeep]\n|upkeep\n|\n|t:|1776308466\n|switch|p2b: Pelipper|Pelipper, L50, F|100/100\n|turn|2\n|\n|t:|1776308480\n|move|p2a: Dragonite|Draco Meteor|p1b: Archaludon\n|-damage|p1b: Archaludon|0 fnt\n|-unboost|p2a: Dragonite|spa|2\n|faint|p1b: Archaludon\n|move|p2b: Pelipper|Hurricane|p1a: Politoed\n|-damage|p1a: Politoed|0 fnt\n|faint|p1a: Politoed\n|\n|-weather|RainDance|[upkeep]\n|upkeep\n|\n|t:|1776308488\n|switch|p1b: Altaria|Altaria, L50, F|100/100\n|switch|p1a: Basculegion|Basculegion, L50, M|100/100\n|-ability|p1b: Altaria|Cloud Nine\n|turn|3\n|inactive|Granny Pie has 30 seconds left.\n|\n|t:|1776308517\n|switch|p2a: Kingambit|Kingambit, L50, F|100/100\n|detailschange|p1b: Altaria|Altaria-Mega, L50, F\n|-mega|p1b: Altaria|Altaria|Altarianite\n|move|p2b: Pelipper|Protect|p2b: Pelipper\n|-singleturn|p2b: Pelipper|Protect\n|move|p1a: Basculegion|Last Respects|p2b: Pelipper\n|-activate|p2b: Pelipper|move: Protect\n|move|p1b: Altaria|Hyper Voice|p2b: Pelipper|[spread] p2a\n|-activate|p2b: Pelipper|move: Protect\n|-damage|p2a: Kingambit|55/100\n|\n|-weather|RainDance|[upkeep]\n|upkeep\n|turn|4\n|\n|t:|1776308541\n|move|p1a: Basculegion|Last Respects|p2b: Pelipper\n|-enditem|p2b: Pelipper|Focus Sash\n|-damage|p2b: Pelipper|1/100\n|move|p1b: Altaria|Weather Ball|p2a: Kingambit\n|-damage|p2a: Kingambit|0 fnt\n|faint|p2a: Kingambit\n|move|p2b: Pelipper|Hurricane|p1b: Altaria\n|-damage|p1b: Altaria|51/100\n|\n|-weather|RainDance|[upkeep]\n|upkeep\n|\n|t:|1776308552\n|switch|p2a: Dragonite|Dragonite-Mega, L50, M|58/100\n|turn|5\n|\n|t:|1776308573\n|move|p1a: Basculegion|Last Respects|p2a: Dragonite\n|-damage|p2a: Dragonite|0 fnt\n|faint|p2a: Dragonite\n|move|p1b: Altaria|Hyper Voice|p2b: Pelipper\n|-damage|p2b: Pelipper|0 fnt\n|faint|p2b: Pelipper\n|\n|win|Granny Pie\n|raw|Granny Pie's rating: 1215 &rarr; <strong>1241</strong><br />(+26 for winning)\n|raw|konyeppi's rating: 1231 &rarr; <strong>1205</strong><br />(-26 for losing)\n|l|\u2606konyeppi\n|player|p2|\n",
  "uploadtime": 1776308578,
  "views": 26,
  "formatid": "gen9championsvgc2026regma",
  "rating": 1205,
  "private": 0,
  "password": null
}