{
  "id": "gen9championsvgc2026regma-2581831532",
  "format": "[Gen 9 Champions] VGC 2026 Reg M-A",
  "players": [
    "kubitr",
    "kizasoza"
  ],
  "log": "|j|\u2606kubitr\n|j|\u2606kizasoza\n|t:|1776032001\n|gametype|doubles\n|player|p1|kubitr|blue|1198\n|player|p2|kizasoza|chuck|1211\n|gen|9\n|tier|[Gen 9 Champions] VGC 2026 Reg M-A\n|rated|\n|rule|Species Clause: Limit one of each Pok\u00e9mon\n|rule|Item Clause: Limit 1 of each item\n|clearpoke\n|poke|p1|Glimmora, L50, M|\n|poke|p1|Meowscarada, L50, F|\n|poke|p1|Sneasler, L50, F|\n|poke|p1|Aegislash, L50, M|\n|poke|p1|Garchomp, L50, F|\n|poke|p1|Basculegion, L50, M|\n|poke|p2|Froslass, L50, F|\n|poke|p2|Orthworm, L50, M|\n|poke|p2|Garchomp, L50, M|\n|poke|p2|Glimmora, L50, M|\n|poke|p2|Aerodactyl, L50, F|\n|poke|p2|Incineroar, L50, M|\n|teampreview|4\n|inactive|Battle timer is ON: inactive players will automatically lose when time's up. (requested by kizasoza)\n|inactive|kubitr also wants the timer to be on.\nkizasoza rejected open team sheets.\n|\n|t:|1776032028\n|teamsize|p1|4\n|teamsize|p2|4\n|start\n|switch|p1a: Basculegion|Basculegion, L50, M|100/100\n|switch|p1b: Garchomp|Garchomp, L50, F|100/100\n|switch|p2a: Orthworm|Orthworm, L50, M, shiny|100/100\n|switch|p2b: Incineroar|Incineroar, L50, M, shiny|100/100\n|-ability|p2b: Incineroar|Intimidate|boost\n|-unboost|p1a: Basculegion|atk|1\n|-unboost|p1b: Garchomp|atk|1\n|turn|1\n|\n|t:|1776032042\n|move|p1a: Basculegion|Wave Crash|p2b: Incineroar\n|-supereffective|p2b: Incineroar|1\n|-damage|p2b: Incineroar|19/100\n|-damage|p1a: Basculegion|73/100|[from] Recoil\n|move|p1b: Garchomp|Rock Slide|p2b: Incineroar|[spread] p2a,p2b\n|-resisted|p2a: Orthworm|1\n|-supereffective|p2b: Incineroar|1\n|-damage|p2a: Orthworm|96/100\n|-damage|p2b: Incineroar|0 fnt\n|faint|p2b: Incineroar\n|move|p2a: Orthworm|Shed Tail|p2a: Orthworm\n|-start|p2a: Orthworm|Substitute|[from] move: Shed Tail\n|-damage|p2a: Orthworm|46/100\n|-enditem|p2a: Orthworm|Sitrus Berry|[eat]\n|-heal|p2a: Orthworm|71/100|[from] item: Sitrus Berry\n|\n|t:|1776032046\n|switch|p2a: Froslass|Froslass, L50, F|100/100|[from] Shed Tail\n|\n|upkeep\n|\n|t:|1776032048\n|switch|p2b: Garchomp|Garchomp, L50, M|100/100\n|turn|2\n|\n|t:|1776032060\n|detailschange|p2a: Froslass|Froslass-Mega, L50, F\n|-mega|p2a: Froslass|Froslass|Froslassite\n|-weather|Snowscape|[from] ability: Snow Warning|[of] p2a: Froslass\n|move|p1a: Basculegion|Wave Crash|p2b: Garchomp\n|-damage|p2b: Garchomp|46/100\n|-damage|p1a: Basculegion|61/100|[from] ability: Rough Skin|[of] p2b: Garchomp\n|-damage|p1a: Basculegion|44/100|[from] Recoil\n|move|p2a: Froslass|Aurora Veil|p2a: Froslass\n|-sidestart|p2: kizasoza|move: Aurora Veil\n|move|p1b: Garchomp|Dragon Claw|p2b: Garchomp\n|-supereffective|p2b: Garchomp|1\n|-damage|p2b: Garchomp|11/100\n|-damage|p1b: Garchomp|88/100|[from] ability: Rough Skin|[of] p2b: Garchomp\n|move|p2b: Garchomp|Dragon Claw|p1b: Garchomp\n|-supereffective|p1b: Garchomp|1\n|-damage|p1b: Garchomp|9/100\n|-enditem|p1b: Garchomp|Sitrus Berry|[eat]\n|-heal|p1b: Garchomp|34/100|[from] item: Sitrus Berry\n|\n|-weather|Snowscape|[upkeep]\n|upkeep\n|turn|3\n|\n|t:|1776032074\n|move|p1a: Basculegion|Wave Crash|p2b: Garchomp\n|-damage|p2b: Garchomp|0 fnt\n|-damage|p1a: Basculegion|32/100|[from] ability: Rough Skin|[of] p2b: Garchomp\n|faint|p2b: Garchomp\n|-damage|p1a: Basculegion|28/100|[from] Recoil\n|move|p2a: Froslass|Blizzard|p1a: Basculegion|[spread] p1a,p1b\n|-resisted|p1a: Basculegion|1\n|-supereffective|p1b: Garchomp|2\n|-damage|p1a: Basculegion|4/100\n|-damage|p1b: Garchomp|0 fnt\n|-status|p1a: Basculegion|frz\n|faint|p1b: Garchomp\n|\n|-weather|Snowscape|[upkeep]\n|upkeep\n|\n|t:|1776032082\n|switch|p2b: Orthworm|Orthworm, L50, M, shiny|71/100\n|switch|p1b: Meowscarada|Meowscarada, L50, F|100/100\n|turn|4\n|\n|t:|1776032090\n|-curestatus|p1a: Basculegion|frz|[msg]\n|move|p1a: Basculegion|Wave Crash|p2b: Orthworm\n|-damage|p2b: Orthworm|46/100\n|-damage|p1a: Basculegion|0 fnt|[from] Recoil\n|faint|p1a: Basculegion\n|move|p1b: Meowscarada|Knock Off|p2a: Froslass\n|-start|p1b: Meowscarada|typechange|Dark|[from] ability: Protean\n|-supereffective|p2a: Froslass|1\n|-end|p2a: Froslass|Substitute\n|move|p2a: Froslass|Blizzard|p1b: Meowscarada\n|-enditem|p1b: Meowscarada|Focus Sash\n|-damage|p1b: Meowscarada|1/100\n|move|p2b: Orthworm|Heavy Slam|p1b: Meowscarada\n|-damage|p1b: Meowscarada|0 fnt\n|faint|p1b: Meowscarada\n|\n|-weather|Snowscape|[upkeep]\n|upkeep\n|\n|t:|1776032095\n|switch|p1b: Sneasler|Sneasler, L50, F|100/100\n|turn|5\n|\n|t:|1776032104\n|move|p2a: Froslass|Shadow Ball|p1b: Sneasler\n|-damage|p1b: Sneasler|42/100\n|move|p1b: Sneasler|Close Combat|p2b: Orthworm\n|-supereffective|p2b: Orthworm|1\n|-damage|p2b: Orthworm|0 fnt\n|-unboost|p1b: Sneasler|def|1\n|-unboost|p1b: Sneasler|spd|1\n|faint|p2b: Orthworm\n|-enditem|p1b: Sneasler|White Herb\n|-clearnegativeboost|p1b: Sneasler|[silent]\n|\n|-weather|Snowscape|[upkeep]\n|upkeep\n|turn|6\n|\n|t:|1776032110\n|move|p1b: Sneasler|Dire Claw|p2a: Froslass\n|-resisted|p2a: Froslass|1\n|-damage|p2a: Froslass|86/100\n|move|p2a: Froslass|Shadow Ball|p1b: Sneasler\n|-damage|p1b: Sneasler|0 fnt\n|faint|p1b: Sneasler\n|\n|win|kizasoza\n|raw|kubitr's rating: 1198 &rarr; <strong>1174</strong><br />(-24 for losing)\n|raw|kizasoza's rating: 1211 &rarr; <strong>1235</strong><br />(+24 for winning)\n|l|\u2606kubitr\n|player|p1|\n",
  "uploadtime": 1776032129,
  "views": 15,
  "formatid": "gen9championsvgc2026regma",
  "rating": 1174,
  "private": 0,
  "password": null
}