{
  "id": "gen9championsvgc2026regma-2587864542",
  "format": "[Gen 9 Champions] VGC 2026 Reg M-A",
  "players": [
    "Lechonkbro",
    "Pevar_8"
  ],
  "log": "|j|\u2606Lechonkbro\n|j|\u2606Pevar_8\n|t:|1776572094\n|gametype|doubles\n|player|p1|Lechonkbro|170|1243\n|player|p2|Pevar_8|101|1290\n|gen|9\n|tier|[Gen 9 Champions] VGC 2026 Reg M-A\n|rated|\n|rule|Species Clause: Limit one of each Pok\u00e9mon\n|rule|Item Clause: Limit 1 of each item\n|clearpoke\n|poke|p1|Sneasler, L50, M|\n|poke|p1|Sinistcha, L50|\n|poke|p1|Scovillain, L50, M|\n|poke|p1|Kingambit, L50, F|\n|poke|p1|Rotom-Wash, L50|\n|poke|p1|Meowstic, L50, M|\n|poke|p2|Basculegion, L50, M|\n|poke|p2|Pelipper, L50, M|\n|poke|p2|Sinistcha, L50|\n|poke|p2|Sneasler, L50, M|\n|poke|p2|Archaludon, L50, M|\n|poke|p2|Floette-Eternal, L50, F|\n|teampreview|4\n|inactive|Battle timer is ON: inactive players will automatically lose when time's up. (requested by Lechonkbro)\n|\n|t:|1776572115\n|teamsize|p1|4\n|teamsize|p2|4\n|start\n|switch|p1a: Scovillain|Scovillain, L50, M|100/100\n|switch|p1b: Meowstic|Meowstic, L50, M|100/100\n|switch|p2a: Pelipper|Pelipper, L50, M|100/100\n|switch|p2b: Sneasler|Sneasler, L50, M|100/100\n|-weather|RainDance|[from] ability: Drizzle|[of] p2a: Pelipper\n|turn|1\n|\n|t:|1776572134\n|detailschange|p1a: Scovillain|Scovillain-Mega, L50, M\n|-mega|p1a: Scovillain|Scovillain|Scovillainite\n|move|p2b: Sneasler|Fake Out|p1b: Meowstic\n|-damage|p1b: Meowstic|86/100\n|cant|p1b: Meowstic|flinch\n|move|p2a: Pelipper|Tailwind|p2a: Pelipper\n|-sidestart|p2: Pevar_8|move: Tailwind\n|move|p1a: Scovillain|Leech Seed|p2a: Pelipper\n|-start|p2a: Pelipper|move: Leech Seed\n|\n|-weather|RainDance|[upkeep]\n|-damage|p2a: Pelipper|89/100|[from] Leech Seed|[of] p1a: Scovillain\n|upkeep\n|turn|2\n|\n|t:|1776572149\n|move|p1b: Meowstic|Sunny Day|p1b: Meowstic\n|-weather|SunnyDay\n|move|p2b: Sneasler|Dire Claw|p1a: Scovillain\n|-supereffective|p1a: Scovillain|1\n|-damage|p1a: Scovillain|5/100\n|-status|p2b: Sneasler|brn|[from] ability: Spicy Spray|[of] p1a: Scovillain\n|move|p2a: Pelipper|Hurricane|p1a: Scovillain|[miss]\n|-miss|p2a: Pelipper|p1a: Scovillain\n|move|p1a: Scovillain|Leech Seed|p2b: Sneasler\n|-start|p2b: Sneasler|move: Leech Seed\n|\n|-weather|SunnyDay|[upkeep]\n|-damage|p2b: Sneasler|88/100 brn|[from] Leech Seed|[of] p1a: Scovillain\n|-heal|p1a: Scovillain|16/100|[silent]\n|-damage|p2a: Pelipper|77/100|[from] Leech Seed|[of] p1a: Scovillain\n|-heal|p1a: Scovillain|27/100|[silent]\n|-damage|p2b: Sneasler|83/100 brn|[from] brn\n|upkeep\n|turn|3\n|\n|t:|1776572173\n|move|p1a: Scovillain|Protect|p1a: Scovillain\n|-singleturn|p1a: Scovillain|Protect\n|move|p2b: Sneasler|Rain Dance|p2b: Sneasler\n|-weather|RainDance\n|move|p2a: Pelipper|Weather Ball|p1a: Scovillain\n|-activate|p1a: Scovillain|move: Protect\n|move|p1b: Meowstic|Trick Room|p1b: Meowstic\n|-fieldstart|move: Trick Room|[of] p1b: Meowstic\n|\n|-weather|RainDance|[upkeep]\n|-damage|p2a: Pelipper|65/100|[from] Leech Seed|[of] p1a: Scovillain\n|-heal|p1a: Scovillain|39/100|[silent]\n|-damage|p2b: Sneasler|71/100 brn|[from] Leech Seed|[of] p1a: Scovillain\n|-heal|p1a: Scovillain|50/100|[silent]\n|-damage|p2b: Sneasler|65/100 brn|[from] brn\n|upkeep\n|turn|4\n|inactive|Lechonkbro has 30 seconds left.\n|inactive|Pevar_8 has 30 seconds left.\n|inactive|Lechonkbro has 20 seconds left.\n|inactive|Lechonkbro has 15 seconds left.\n|inactive|Lechonkbro has 10 seconds left.\n|\n|t:|1776572222\n|move|p1a: Scovillain|Flamethrower|p2a: Pelipper\n|-resisted|p2a: Pelipper|1\n|-damage|p2a: Pelipper|49/100\n|move|p1b: Meowstic|Psychic Noise|p2b: Sneasler\n|-supereffective|p2b: Sneasler|2\n|-damage|p2b: Sneasler|0 fnt\n|faint|p2b: Sneasler\n|move|p2a: Pelipper|Weather Ball|p1a: Scovillain\n|-damage|p1a: Scovillain|0 fnt\n|-status|p2a: Pelipper|brn|[from] ability: Spicy Spray|[of] p1a: Scovillain\n|faint|p1a: Scovillain\n|\n|-weather|RainDance|[upkeep]\n|-damage|p2a: Pelipper|43/100 brn|[from] brn\n|-sideend|p2: Pevar_8|move: Tailwind\n|upkeep\n|\n|t:|1776572243\n|switch|p1a: Kingambit|Kingambit, L50, F|100/100\n|switch|p2b: Archaludon|Archaludon, L50, M|100/100\n|turn|5\n|\n|t:|1776572262\n|move|p1a: Kingambit|Swords Dance|p1a: Kingambit\n|-boost|p1a: Kingambit|atk|2\n|move|p2b: Archaludon|Electro Shot||[still]\n|-prepare|p2b: Archaludon|Electro Shot\n|-boost|p2b: Archaludon|spa|1\n|-anim|p2b: Archaludon|Electro Shot|p1a: Kingambit\n|-damage|p1a: Kingambit|35/100\n|move|p1b: Meowstic|Psychic Noise|p2a: Pelipper\n|-damage|p2a: Pelipper|12/100 brn\n|-start|p2a: Pelipper|move: Heal Block\n|move|p2a: Pelipper|Weather Ball|p1a: Kingambit\n|-damage|p1a: Kingambit|0 fnt\n|faint|p1a: Kingambit\n|\n|-weather|RainDance|[upkeep]\n|-damage|p2a: Pelipper|6/100 brn|[from] brn\n|upkeep\n|-message|Lechonkbro forfeited.\n|\n|win|Pevar_8\n|raw|Lechonkbro's rating: 1243 &rarr; <strong>1221</strong><br />(-22 for losing)\n|raw|Pevar_8's rating: 1290 &rarr; <strong>1312</strong><br />(+22 for winning)\n|l|\u2606Lechonkbro\n|player|p1|\n",
  "uploadtime": 1776572289,
  "views": 13,
  "formatid": "gen9championsvgc2026regma",
  "rating": 1221,
  "private": 0,
  "password": null
}