{
  "id": "gen9championsvgc2026regma-2581410979",
  "format": "[Gen 9 Champions] VGC 2026 Reg M-A",
  "players": [
    "Quaza15",
    "Plormby01"
  ],
  "log": "|j|\u2606Quaza15\n|j|\u2606Plormby01\n|t:|1775997640\n|gametype|doubles\n|player|p1|Quaza15|ruinmaniac|1105\n|player|p2|Plormby01|lucas-gen4pt|1136\n|gen|9\n|tier|[Gen 9 Champions] VGC 2026 Reg M-A\n|rated|\n|rule|Species Clause: Limit one of each Pok\u00e9mon\n|rule|Item Clause: Limit 1 of each item\n|clearpoke\n|poke|p1|Froslass, L50, F|\n|poke|p1|Meowscarada, L50, M|\n|poke|p1|Incineroar, L50, F|\n|poke|p1|Dragapult, L50, F|\n|poke|p1|Kingambit, L50, M|\n|poke|p1|Rotom-Wash, L50|\n|poke|p2|Torkoal, L50, M|\n|poke|p2|Arcanine-Hisui, L50, M|\n|poke|p2|Incineroar, L50, M|\n|poke|p2|Sinistcha, L50|\n|poke|p2|Chimecho, L50, M|\n|poke|p2|Araquanid, L50, M|\n|teampreview|4\n|inactive|Battle timer is ON: inactive players will automatically lose when time's up. (requested by Plormby01)\n|inactive|Quaza15 has 60 seconds left.\n|\n|t:|1775997683\n|teamsize|p1|4\n|teamsize|p2|4\n|start\n|switch|p1a: Dragapult|Dragapult, L50, F|100/100\n|switch|p1b: Froslass|Froslass, L50, F|100/100\n|switch|p2a: Torkoal|Torkoal, L50, M|100/100\n|switch|p2b: Chimecho|Chimecho, L50, M|100/100\n|-weather|SunnyDay|[from] ability: Drought|[of] p2a: Torkoal\n|turn|1\n|\n|t:|1775997705\n|detailschange|p1b: Froslass|Froslass-Mega, L50, F\n|-mega|p1b: Froslass|Froslass|Froslassite\n|-weather|Snowscape|[from] ability: Snow Warning|[of] p1b: Froslass\n|detailschange|p2b: Chimecho|Chimecho-Mega, L50, M\n|-mega|p2b: Chimecho|Chimecho|Chimechite\n|move|p1a: Dragapult|Dragon Darts|p2b: Chimecho\n|-resisted|p2b: Chimecho|1\n|-damage|p2b: Chimecho|89/100\n|-anim|p1a: Dragapult|Dragon Darts|p2a: Torkoal\n|-damage|p2a: Torkoal|80/100\n|move|p1b: Froslass|Shadow Ball|p2b: Chimecho\n|-supereffective|p2b: Chimecho|1\n|-damage|p2b: Chimecho|22/100\n|move|p2b: Chimecho|Flash Cannon|p1b: Froslass\n|-supereffective|p1b: Froslass|1\n|-damage|p1b: Froslass|3/100\n|move|p2a: Torkoal|Eruption|p1a: Dragapult|[spread] p1a,p1b\n|-resisted|p1a: Dragapult|1\n|-supereffective|p1b: Froslass|1\n|-damage|p1a: Dragapult|74/100\n|-damage|p1b: Froslass|0 fnt\n|faint|p1b: Froslass\n|\n|-weather|Snowscape|[upkeep]\n|-heal|p2a: Torkoal|86/100|[from] item: Leftovers\n|upkeep\n|\n|t:|1775997723\n|switch|p1b: Rotom|Rotom-Wash, L50|100/100\n|turn|2\n|\n|t:|1775997738\n|switch|p2a: Sinistcha|Sinistcha, L50|100/100\n|-heal|p2b: Chimecho|47/100|[from] ability: Hospitality|[of] p2a: Sinistcha\n|move|p1a: Dragapult|Dragon Darts|p2b: Chimecho\n|-resisted|p2b: Chimecho|1\n|-damage|p2b: Chimecho|35/100\n|-anim|p1a: Dragapult|Dragon Darts|p2a: Sinistcha\n|-damage|p2a: Sinistcha|75/100\n|move|p1b: Rotom|Hydro Pump|p2a: Sinistcha\n|-resisted|p2a: Sinistcha|1\n|-damage|p2a: Sinistcha|45/100\n|move|p2b: Chimecho|Trick Room|p2b: Chimecho\n|-fieldstart|move: Trick Room|[of] p2b: Chimecho\n|\n|-weather|Snowscape|[upkeep]\n|upkeep\n|turn|3\n|\n|t:|1775997758\n|switch|p1a: Incineroar|Incineroar, L50, F|100/100\n|-ability|p1a: Incineroar|Intimidate|boost\n|-unboost|p2a: Sinistcha|atk|1\n|-unboost|p2b: Chimecho|atk|1\n|move|p2b: Chimecho|Psyshock|p1b: Rotom\n|-damage|p1b: Rotom|50/100\n|-enditem|p1b: Rotom|Sitrus Berry|[eat]\n|-heal|p1b: Rotom|75/100|[from] item: Sitrus Berry\n|move|p2a: Sinistcha|Shadow Ball|p1a: Incineroar\n|-resisted|p1a: Incineroar|1\n|-damage|p1a: Incineroar|84/100\n|move|p1b: Rotom|Thunderbolt|p2b: Chimecho\n|-damage|p2b: Chimecho|0 fnt\n|faint|p2b: Chimecho\n|\n|-weather|Snowscape|[upkeep]\n|-heal|p1a: Incineroar|90/100|[from] item: Leftovers\n|upkeep\n|\n|t:|1775997777\n|switch|p2b: Torkoal|Torkoal, L50, M|86/100\n|-weather|SunnyDay|[from] ability: Drought|[of] p2b: Torkoal\n|turn|4\n|\n|t:|1775997785\n|move|p2b: Torkoal|Eruption|p1b: Rotom|[spread] p1a,p1b\n|-resisted|p1a: Incineroar|1\n|-resisted|p1b: Rotom|1\n|-damage|p1a: Incineroar|66/100\n|-damage|p1b: Rotom|43/100\n|move|p1a: Incineroar|Flare Blitz|p2a: Sinistcha\n|-supereffective|p2a: Sinistcha|1\n|-damage|p2a: Sinistcha|0 fnt\n|faint|p2a: Sinistcha\n|-damage|p1a: Incineroar|52/100|[from] Recoil\n|move|p1b: Rotom|Thunderbolt|p2b: Torkoal\n|-damage|p2b: Torkoal|38/100\n|\n|-weather|SunnyDay|[upkeep]\n|-heal|p2b: Torkoal|44/100|[from] item: Leftovers\n|-heal|p1a: Incineroar|58/100|[from] item: Leftovers\n|upkeep\n|\n|t:|1775997798\n|switch|p2a: Incineroar|Incineroar, L50, M|100/100\n|-ability|p2a: Incineroar|Intimidate|boost\n|-unboost|p1a: Incineroar|atk|1\n|-unboost|p1b: Rotom|atk|1\n|turn|5\n|\n|t:|1775997810\n|move|p1b: Rotom|Protect|p1b: Rotom\n|-singleturn|p1b: Rotom|Protect\n|move|p2a: Incineroar|Fake Out|p1b: Rotom\n|-activate|p1b: Rotom|move: Protect\n|move|p2b: Torkoal|Body Press|p1a: Incineroar\n|-supereffective|p1a: Incineroar|1\n|-damage|p1a: Incineroar|15/100\n|move|p1a: Incineroar|Parting Shot|p2b: Torkoal\n|-unboost|p2b: Torkoal|atk|1\n|-unboost|p2b: Torkoal|spa|1\n|\n|t:|1775997816\n|switch|p1a: Dragapult|Dragapult, L50, F|74/100|[from] Parting Shot\n|\n|-weather|SunnyDay|[upkeep]\n|-heal|p2b: Torkoal|50/100|[from] item: Leftovers\n|upkeep\n|turn|6\n|\n|t:|1775997831\n|switch|p1a: Incineroar|Incineroar, L50, F|15/100\n|-ability|p1a: Incineroar|Intimidate|boost\n|-unboost|p2a: Incineroar|atk|1\n|-unboost|p2b: Torkoal|atk|1\n|move|p2b: Torkoal|Body Press|p1b: Rotom\n|-damage|p1b: Rotom|17/100\n|move|p2a: Incineroar|Darkest Lariat|p1a: Incineroar\n|-resisted|p1a: Incineroar|1\n|-damage|p1a: Incineroar|3/100\n|move|p1b: Rotom|Thunderbolt|p2a: Incineroar\n|-damage|p2a: Incineroar|66/100\n|-status|p2a: Incineroar|par\n|\n|-weather|SunnyDay|[upkeep]\n|-heal|p2b: Torkoal|56/100|[from] item: Leftovers\n|-heal|p1a: Incineroar|8/100|[from] item: Leftovers\n|-fieldend|move: Trick Room\n|upkeep\n|turn|7\n|\n|t:|1775997850\n|move|p1b: Rotom|Thunderbolt|p2a: Incineroar\n|-damage|p2a: Incineroar|29/100 par\n|-enditem|p2a: Incineroar|Sitrus Berry|[eat]\n|-heal|p2a: Incineroar|53/100 par|[from] item: Sitrus Berry\n|move|p1a: Incineroar|Flare Blitz|p2a: Incineroar\n|-resisted|p2a: Incineroar|1\n|-damage|p2a: Incineroar|21/100 par\n|-damage|p1a: Incineroar|0 fnt|[from] Recoil\n|faint|p1a: Incineroar\n|move|p2a: Incineroar|Darkest Lariat|p1b: Rotom\n|-damage|p1b: Rotom|0 fnt\n|faint|p1b: Rotom\n|move|p2b: Torkoal|Body Press|p1: Incineroar|[notarget]\n|-fail|p2b: Torkoal\n|\n|-weather|SunnyDay|[upkeep]\n|-heal|p2b: Torkoal|63/100|[from] item: Leftovers\n|upkeep\n|\n|t:|1775997856\n|switch|p1b: Dragapult|Dragapult, L50, F|74/100\n|turn|8\n|\n|t:|1775997874\n|move|p1b: Dragapult|Dragon Darts|p2a: Incineroar\n|-damage|p2a: Incineroar|0 fnt\n|-anim|p1b: Dragapult|Dragon Darts|p2b: Torkoal\n|-damage|p2b: Torkoal|42/100\n|faint|p2a: Incineroar\n|move|p2b: Torkoal|Eruption|p1b: Dragapult\n|-resisted|p1b: Dragapult|1\n|-damage|p1b: Dragapult|56/100\n|\n|-weather|none\n|-heal|p2b: Torkoal|48/100|[from] item: Leftovers\n|upkeep\n|turn|9\n|-message|Plormby01 forfeited.\n|\n|win|Quaza15\n|raw|Quaza15's rating: 1105 &rarr; <strong>1132</strong><br />(+27 for winning)\n|raw|Plormby01's rating: 1136 &rarr; <strong>1109</strong><br />(-27 for losing)\n",
  "uploadtime": 1775997885,
  "views": 16,
  "formatid": "gen9championsvgc2026regma",
  "rating": 1109,
  "private": 0,
  "password": null
}