{
  "id": "gen9championsvgc2026regma-2587076671",
  "format": "[Gen 9 Champions] VGC 2026 Reg M-A",
  "players": [
    "TheBallistic1",
    "Deathninja952"
  ],
  "log": "|j|\u2606TheBallistic1\n|j|\u2606Deathninja952\n|t:|1776490192\n|gametype|doubles\n|player|p1|TheBallistic1|colress|\n|player|p2|Deathninja952|2|\n|gen|9\n|tier|[Gen 9 Champions] VGC 2026 Reg M-A\n|rated|Tournament battle\n|rule|Species Clause: Limit one of each Pok\u00e9mon\n|rule|Item Clause: Limit 1 of each item\n|clearpoke\n|poke|p1|Floette-Eternal, L50, F|\n|poke|p1|Sneasler, L50, F|\n|poke|p1|Milotic, L50, F|\n|poke|p1|Incineroar, L50, F|\n|poke|p1|Sinistcha, L50|\n|poke|p1|Garchomp, L50, M|\n|poke|p2|Aggron, L50, M|\n|poke|p2|Tyranitar, L50, M|\n|poke|p2|Sinistcha, L50|\n|poke|p2|Incineroar, L50, M|\n|poke|p2|Primarina, L50, M|\n|poke|p2|Sneasler, L50, M|\n|teampreview|4\n|c|\u2606TheBallistic1|yoooo\n|c|\u2606Deathninja952|yooooo\n|c|\u2606Deathninja952|the run back\n|c|\u2606TheBallistic1|the rematch\n|\n|t:|1776490254\n|teamsize|p1|4\n|teamsize|p2|4\n|start\n|switch|p1a: Sneasler|Sneasler, L50, F|100/100\n|switch|p1b: Milotic|Milotic, L50, F|100/100\n|switch|p2a: Primarina|Primarina, L50, M|100/100\n|switch|p2b: Tyranitar|Tyranitar, L50, M|100/100\n|-weather|Sandstorm|[from] ability: Sand Stream|[of] p2b: Tyranitar\n|turn|1\n|\n|t:|1776490281\n|switch|p2b: Sneasler|Sneasler, L50, M|100/100\n|move|p1a: Sneasler|Dire Claw|p2a: Primarina\n|-supereffective|p2a: Primarina|1\n|-damage|p2a: Primarina|0 fnt\n|faint|p2a: Primarina\n|move|p1b: Milotic|Scald|p2b: Sneasler\n|-damage|p2b: Sneasler|49/100\n|-status|p2b: Sneasler|brn\n|\n|-weather|Sandstorm|[upkeep]\n|-damage|p2b: Sneasler|43/100 brn|[from] Sandstorm\n|-damage|p1a: Sneasler|95/100|[from] Sandstorm\n|-damage|p1b: Milotic|95/100|[from] Sandstorm\n|-heal|p1b: Milotic|100/100|[from] item: Leftovers\n|-damage|p2b: Sneasler|37/100 brn|[from] brn\n|upkeep\n|\n|t:|1776490294\n|switch|p2a: Tyranitar|Tyranitar, L50, M|100/100\n|turn|2\n|\n|t:|1776490305\n|switch|p1a: Sinistcha|Sinistcha, L50|100/100\n|move|p2b: Sneasler|Fake Out|p1a: Sinistcha\n|-immune|p1a: Sinistcha\n|move|p2a: Tyranitar|Rock Slide|p1b: Milotic|[spread] p1a,p1b\n|-damage|p1a: Sinistcha|76/100\n|-damage|p1b: Milotic|65/100\n|move|p1b: Milotic|Scald|p2a: Tyranitar\n|-supereffective|p2a: Tyranitar|1\n|-damage|p2a: Tyranitar|46/100\n|\n|-weather|Sandstorm|[upkeep]\n|-damage|p2b: Sneasler|31/100 brn|[from] Sandstorm\n|-damage|p1b: Milotic|59/100|[from] Sandstorm\n|-damage|p1a: Sinistcha|70/100|[from] Sandstorm\n|-heal|p1b: Milotic|65/100|[from] item: Leftovers\n|-damage|p2b: Sneasler|25/100 brn|[from] brn\n|upkeep\n|turn|3\n|j| Hawkc10ie\n|\n|t:|1776490326\n|move|p2b: Sneasler|Close Combat|p1b: Milotic\n|-damage|p1b: Milotic|28/100\n|-unboost|p2b: Sneasler|def|1\n|-unboost|p2b: Sneasler|spd|1\n|-enditem|p2b: Sneasler|White Herb\n|-clearnegativeboost|p2b: Sneasler|[silent]\n|move|p2a: Tyranitar|Rock Slide|p1b: Milotic|[spread] p1a,p1b\n|-damage|p1a: Sinistcha|46/100\n|-damage|p1b: Milotic|0 fnt\n|faint|p1b: Milotic\n|move|p1a: Sinistcha|Matcha Gotcha|p2b: Sneasler|[spread] p2a,p2b\n|-supereffective|p2a: Tyranitar|1\n|-resisted|p2b: Sneasler|1\n|-damage|p2a: Tyranitar|14/100\n|-heal|p1a: Sinistcha|63/100|[from] drain|[of] p2a: Tyranitar\n|-damage|p2b: Sneasler|8/100 brn\n|-heal|p1a: Sinistcha|71/100|[from] drain|[of] p2b: Sneasler\n|\n|-weather|Sandstorm|[upkeep]\n|-damage|p2b: Sneasler|2/100 brn|[from] Sandstorm\n|-damage|p1a: Sinistcha|65/100|[from] Sandstorm\n|-damage|p2b: Sneasler|0 fnt|[from] brn\n|faint|p2b: Sneasler\n|upkeep\n|\n|t:|1776490341\n|switch|p2b: Aggron|Aggron, L50, M|100/100\n|switch|p1b: Sneasler|Sneasler, L50, F|95/100\n|turn|4\n|\n|t:|1776490349\n|detailschange|p2b: Aggron|Aggron-Mega, L50, M\n|-mega|p2b: Aggron|Aggron|Aggronite\n|move|p1b: Sneasler|Fake Out|p2b: Aggron\n|-resisted|p2b: Aggron|1\n|-damage|p2b: Aggron|97/100\n|move|p2a: Tyranitar|Rock Slide|p1b: Sneasler|[spread] p1a,p1b\n|-resisted|p1b: Sneasler|1\n|-damage|p1a: Sinistcha|43/100\n|-damage|p1b: Sneasler|70/100\n|cant|p1a: Sinistcha|flinch\n|cant|p2b: Aggron|flinch\n|\n|-weather|Sandstorm|[upkeep]\n|-damage|p1b: Sneasler|64/100|[from] Sandstorm\n|-damage|p1a: Sinistcha|37/100|[from] Sandstorm\n|upkeep\n|turn|5\n|\n|t:|1776490360\n|move|p1b: Sneasler|Close Combat|p2b: Aggron\n|-supereffective|p2b: Aggron|1\n|-damage|p2b: Aggron|50/100\n|-unboost|p1b: Sneasler|def|1\n|-unboost|p1b: Sneasler|spd|1\n|-enditem|p1b: Sneasler|White Herb\n|-clearnegativeboost|p1b: Sneasler|[silent]\n|move|p2a: Tyranitar|Rock Slide|p1a: Sinistcha|[spread] p1b\n|-miss|p2a: Tyranitar|p1a: Sinistcha\n|-resisted|p1b: Sneasler|1\n|-damage|p1b: Sneasler|41/100\n|move|p1a: Sinistcha|Matcha Gotcha|p2a: Tyranitar|[spread] p2a,p2b\n|-supereffective|p2a: Tyranitar|1\n|-resisted|p2b: Aggron|1\n|-damage|p2a: Tyranitar|0 fnt\n|-heal|p1a: Sinistcha|44/100|[from] drain|[of] p2a: Tyranitar\n|-damage|p2b: Aggron|38/100\n|-heal|p1a: Sinistcha|50/100|[from] drain|[of] p2b: Aggron\n|-status|p2b: Aggron|brn\n|faint|p2a: Tyranitar\n|move|p2b: Aggron|Iron Defense|p2b: Aggron\n|-boost|p2b: Aggron|def|2\n|\n|-weather|none\n|-damage|p2b: Aggron|32/100 brn|[from] brn\n|upkeep\n|turn|6\n|c|\u2606TheBallistic1|gahdanm\n|\n|t:|1776490380\n|move|p1b: Sneasler|Close Combat|p2b: Aggron\n|-supereffective|p2b: Aggron|1\n|-damage|p2b: Aggron|10/100 brn\n|-unboost|p1b: Sneasler|def|1\n|-unboost|p1b: Sneasler|spd|1\n|move|p1a: Sinistcha|Matcha Gotcha|p2b: Aggron|[miss]\n|-miss|p1a: Sinistcha|p2b: Aggron\n|move|p2b: Aggron|Body Press|p1b: Sneasler\n|-resisted|p1b: Sneasler|1\n|-damage|p1b: Sneasler|0 fnt\n|faint|p1b: Sneasler\n|\n|-damage|p2b: Aggron|4/100 brn|[from] brn\n|upkeep\n|c|\u2606Deathninja952|gg\n|\n|t:|1776490385\n|switch|p1b: Floette|Floette-Eternal, L50, F|100/100\n|turn|7\n|\n|t:|1776490390\n|detailschange|p1b: Floette|Floette-Mega, L50, F\n|-mega|p1b: Floette|Floette|Floettite\n|-ability|p1b: Floette|Fairy Aura\n|move|p1b: Floette|Moonblast|p2b: Aggron\n|-resisted|p2b: Aggron|1\n|-damage|p2b: Aggron|0 fnt\n|faint|p2b: Aggron\n|\n|win|TheBallistic1\n|n|\u2606TheBallistic1|theballistic1\n|n|\u2606Deathninja952|deathninja952\n|n| Hawkc10ie|hawkc10ie\n",
  "uploadtime": 1776490392,
  "views": 22,
  "formatid": "gen9championsvgc2026regma",
  "rating": null,
  "private": 0,
  "password": null
}