{
  "id": "gen9championsvgc2026regma-2586246195",
  "format": "[Gen 9 Champions] VGC 2026 Reg M-A",
  "players": [
    "AAAlelele",
    "henitusec"
  ],
  "log": "|j|\u2606AAAlelele\n|j|\u2606henitusec\n|t:|1776416892\n|gametype|doubles\n|player|p1|AAAlelele|ninjaboy|1263\n|player|p2|henitusec|volo|1282\n|gen|9\n|tier|[Gen 9 Champions] VGC 2026 Reg M-A\n|rated|\n|rule|Species Clause: Limit one of each Pok\u00e9mon\n|rule|Item Clause: Limit 1 of each item\n|clearpoke\n|poke|p1|Floette-Eternal, L50, F|\n|poke|p1|Sneasler, L50, M|\n|poke|p1|Kingambit, L50, F|\n|poke|p1|Farigiraf, L50, F|\n|poke|p1|Camerupt, L50, F|\n|poke|p1|Rotom-Heat, L50|\n|poke|p2|Gardevoir, L50, F|\n|poke|p2|Aegislash, L50, F|\n|poke|p2|Incineroar, L50, M|\n|poke|p2|Vivillon-Polar, L50, M|\n|poke|p2|Whimsicott, L50, F|\n|poke|p2|Tauros-Paldea-Aqua, L50, M|\n|teampreview|4\n|inactive|Battle timer is ON: inactive players will automatically lose when time's up. (requested by henitusec)\n|inactive|AAAlelele has 60 seconds left.\n|\n|t:|1776416928\n|teamsize|p1|4\n|teamsize|p2|4\n|start\n|switch|p1a: Sneasler|Sneasler, L50, M|100/100\n|switch|p1b: Farigiraf|Farigiraf, L50, F|100/100\n|switch|p2a: Tauros|Tauros-Paldea-Aqua, L50, M|100/100\n|switch|p2b: Vivillon|Vivillon-Polar, L50, M|100/100\n|-ability|p2a: Tauros|Intimidate|boost\n|-unboost|p1a: Sneasler|atk|1\n|-unboost|p1b: Farigiraf|atk|1\n|-enditem|p1a: Sneasler|White Herb\n|-clearnegativeboost|p1a: Sneasler|[silent]\n|turn|1\n|\n|t:|1776416941\n|move|p1a: Sneasler|Fake Out|p2b: Vivillon\n|-damage|p2b: Vivillon|72/100\n|cant|p2b: Vivillon|flinch\n|move|p2a: Tauros|Wave Crash|p1b: Farigiraf\n|-damage|p1b: Farigiraf|27/100\n|-damage|p2a: Tauros|73/100|[from] Recoil\n|move|p1b: Farigiraf|Trick Room|p1b: Farigiraf\n|-fieldstart|move: Trick Room|[of] p1b: Farigiraf\n|\n|upkeep\n|turn|2\n|\n|t:|1776416961\n|move|p2b: Vivillon|Rage Powder|p2b: Vivillon\n|-singleturn|p2b: Vivillon|move: Rage Powder\n|move|p1b: Farigiraf|Psychic|p2b: Vivillon\n|-damage|p2b: Vivillon|0 fnt\n|faint|p2b: Vivillon\n|move|p2a: Tauros|Wave Crash|p1b: Farigiraf\n|-damage|p1b: Farigiraf|0 fnt\n|faint|p1b: Farigiraf\n|-damage|p2a: Tauros|63/100|[from] Recoil\n|move|p1a: Sneasler|U-turn|p2a: Tauros\n|-resisted|p2a: Tauros|1\n|-damage|p2a: Tauros|51/100\n|\n|t:|1776416973\n|switch|p1a: Camerupt|Camerupt, L50, F|100/100|[from] U-turn\n|\n|upkeep\n|\n|t:|1776416981\n|switch|p1b: Sneasler|Sneasler, L50, M|100/100\n|switch|p2b: Aegislash|Aegislash, L50, F|100/100\n|turn|3\n|\n|t:|1776416988\n|detailschange|p1a: Camerupt|Camerupt-Mega, L50, F\n|-mega|p1a: Camerupt|Camerupt|Cameruptite\n|move|p2b: Aegislash|King's Shield|p2b: Aegislash\n|-singleturn|p2b: Aegislash|Protect\n|move|p2a: Tauros|Protect|p2a: Tauros\n|-singleturn|p2a: Tauros|Protect\n|move|p1b: Sneasler|Fake Out|p2a: Tauros\n|-activate|p2a: Tauros|move: Protect\n|move|p1a: Camerupt|Eruption|p2a: Tauros|[spread] \n|-activate|p2a: Tauros|move: Protect\n|-activate|p2b: Aegislash|move: Protect\n|\n|upkeep\n|turn|4\n|\n|t:|1776417010\n|switch|p1a: Kingambit|Kingambit, L50, F|100/100\n|move|p2a: Tauros|Aqua Jet|p1a: Kingambit\n|-damage|p1a: Kingambit|83/100\n|-formechange|p2b: Aegislash|Aegislash-Blade|\n|move|p2b: Aegislash|Rock Slide|p1b: Sneasler|[spread] p1a\n|-miss|p2b: Aegislash|p1b: Sneasler\n|-resisted|p1a: Kingambit|1\n|-damage|p1a: Kingambit|76/100\n|move|p1b: Sneasler|Close Combat|p2a: Tauros\n|-damage|p2a: Tauros|0 fnt\n|-unboost|p1b: Sneasler|def|1\n|-unboost|p1b: Sneasler|spd|1\n|faint|p2a: Tauros\n|\n|upkeep\n|\n|t:|1776417024\n|switch|p2a: Gardevoir|Gardevoir, L50, F, shiny|100/100\n|-ability|p2a: Gardevoir|Unburden|Trace|[from] ability: Trace|[of] p1b: Sneasler\n|turn|5\n|\n|t:|1776417039\n|switch|p1b: Camerupt|Camerupt-Mega, L50, F|100/100\n|detailschange|p2a: Gardevoir|Gardevoir-Mega, L50, F, shiny\n|-mega|p2a: Gardevoir|Gardevoir|Gardevoirite\n|move|p1a: Kingambit|Iron Head|p2a: Gardevoir\n|-supereffective|p2a: Gardevoir|1\n|-damage|p2a: Gardevoir|0 fnt\n|faint|p2a: Gardevoir\n|move|p2b: Aegislash|Sacred Sword|p1a: Kingambit\n|-supereffective|p1a: Kingambit|2\n|-damage|p1a: Kingambit|0 fnt\n|faint|p1a: Kingambit\n|\n|-fieldend|move: Trick Room\n|upkeep\n|\n|t:|1776417047\n|switch|p1a: Sneasler|Sneasler, L50, M|100/100\n|turn|6\n|\n|t:|1776417057\n|-formechange|p2b: Aegislash|Aegislash|\n|move|p2b: Aegislash|King's Shield|p2b: Aegislash\n|-singleturn|p2b: Aegislash|Protect\n|move|p1a: Sneasler|U-turn|p2b: Aegislash\n|-activate|p2b: Aegislash|move: Protect\n|-unboost|p1a: Sneasler|atk|1\n|move|p1b: Camerupt|Earth Power|p2b: Aegislash\n|-activate|p2b: Aegislash|move: Protect\n|\n|upkeep\n|turn|7\n|\n|t:|1776417076\n|move|p1a: Sneasler|U-turn|p2b: Aegislash\n|-resisted|p2b: Aegislash|2\n|-damage|p2b: Aegislash|98/100\n|-formechange|p2b: Aegislash|Aegislash-Blade|\n|move|p2b: Aegislash|Poltergeist|p1b: Camerupt\n|-activate|p1b: Camerupt|move: Poltergeist|Cameruptite\n|-damage|p1b: Camerupt|51/100\n|move|p1b: Camerupt|Earth Power|p2b: Aegislash\n|-supereffective|p2b: Aegislash|1\n|-damage|p2b: Aegislash|0 fnt\n|faint|p2b: Aegislash\n|\n|win|AAAlelele\n|raw|AAAlelele's rating: 1263 &rarr; <strong>1289</strong><br />(+26 for winning)\n|raw|henitusec's rating: 1282 &rarr; <strong>1256</strong><br />(-26 for losing)\n|l|\u2606henitusec\n|player|p2|\n",
  "uploadtime": 1776417091,
  "views": 29,
  "formatid": "gen9championsvgc2026regma",
  "rating": 1256,
  "private": 0,
  "password": null
}