{
  "id": "gen9championsvgc2026regma-2586711716",
  "format": "[Gen 9 Champions] VGC 2026 Reg M-A",
  "players": [
    "godsend888",
    "parrotkeet"
  ],
  "log": "|j|\u2606godsend888\n|j|\u2606parrotkeet\n|t:|1776454051\n|gametype|doubles\n|player|p1|godsend888|2|1113\n|player|p2|parrotkeet|101|1052\n|gen|9\n|tier|[Gen 9 Champions] VGC 2026 Reg M-A\n|rated|\n|rule|Species Clause: Limit one of each Pok\u00e9mon\n|rule|Item Clause: Limit 1 of each item\n|clearpoke\n|poke|p1|Tyranitar, L50, F|\n|poke|p1|Excadrill, L50, F|\n|poke|p1|Talonflame, L50, M|\n|poke|p1|Meganium, L50, M|\n|poke|p1|Tinkaton, L50, F|\n|poke|p1|Milotic, L50, M|\n|poke|p2|Aggron, L50, F|\n|poke|p2|Slowking-Galar, L50, F|\n|poke|p2|Incineroar, L50, M|\n|poke|p2|Lycanroc-Dusk, L50, M|\n|poke|p2|Kingambit, L50, M|\n|poke|p2|Sinistcha, L50|\n|teampreview|4\n|inactive|Battle timer is ON: inactive players will automatically lose when time's up. (requested by parrotkeet)\nparrotkeet has agreed to open team sheets.\ngodsend888 has agreed to open team sheets.\n|showteam|p1|Tyranitar||Tyranitarite|SandStream|KnockOff,RockSlide,DragonDance,Protect|||F|||50|]Excadrill||WhiteHerb|SandRush|HighHorsepower,Protect,IronHead,RockSlide|||F|||50|]Talonflame||Leftovers|GaleWings|BraveBird,Tailwind,Protect,FlareBlitz|||M|||50|]Meganium||Meganiumite|LeafGuard|SolarBeam,WeatherBall,Protect,Synthesis|||M|||50|]Tinkaton||FocusSash|MoldBreaker|FakeOut,Encore,GigatonHammer,PlayRough|||F|||50|]Milotic||SitrusBerry|Competitive|IceBeam,Scald,Protect,AlluringVoice|||M|||50|\n|showteam|p2|Aggron||Aggronite|Sturdy|BodyPress,HeavySlam,IronDefense,Protect|||F|||50|]Slowking-Galar||PoisonBarb|Regenerator|TrickRoom,EerieSpell,SludgeWave,Protect|||F|||50|]Incineroar||SitrusBerry|Intimidate|FakeOut,FlareBlitz,PartingShot,Taunt|||M|||50|]Lycanroc-Dusk||FocusSash|ToughClaws|Accelerock,RockSlide,SuckerPunch,Protect|||M|||50|]Kingambit||BlackGlasses|Defiant|SuckerPunch,KowtowCleave,Protect,IronHead|||M|||50|]Sinistcha||Leftovers|Hospitality|RagePowder,LifeDew,MatchaGotcha,Protect||||||50|\n|inactive|godsend888 has 60 seconds left.\n|inactive|godsend888 has 30 seconds left.\n|inactive|godsend888 has 20 seconds left.\n|inactive|godsend888 has 15 seconds left.\n|\n|t:|1776454127\n|teamsize|p1|4\n|teamsize|p2|4\n|start\n|switch|p1a: Ban Hammer|Tinkaton, L50, F|100/100\n|switch|p1b: Woerm|Milotic, L50, M|100/100\n|switch|p2a: Slowking|Slowking-Galar, L50, F|100/100\n|switch|p2b: Aggron|Aggron, L50, F|100/100\n|-ability|p1a: Ban Hammer|Mold Breaker\n|turn|1\n|inactive|parrotkeet has 30 seconds left.\n|\n|t:|1776454161\n|switch|p2a: Incineroar|Incineroar, L50, M|100/100\n|-ability|p2a: Incineroar|Intimidate|boost\n|-unboost|p1a: Ban Hammer|atk|1\n|-unboost|p1b: Woerm|atk|1\n|-ability|p1b: Woerm|Competitive|boost\n|-boost|p1b: Woerm|spa|2\n|detailschange|p2b: Aggron|Aggron-Mega, L50, F\n|-mega|p2b: Aggron|Aggron|Aggronite\n|move|p2b: Aggron|Protect|p2b: Aggron\n|-singleturn|p2b: Aggron|Protect\n|move|p1a: Ban Hammer|Fake Out|p2a: Incineroar\n|-damage|p2a: Incineroar|95/100\n|move|p1b: Woerm|Scald|p2b: Aggron\n|-activate|p2b: Aggron|move: Protect\n|\n|upkeep\n|turn|2\n|\n|t:|1776454180\n|move|p2a: Incineroar|Fake Out|p1b: Woerm\n|-damage|p1b: Woerm|89/100\n|move|p1a: Ban Hammer|Encore|p2a: Incineroar\n|-start|p2a: Incineroar|Encore\n|cant|p1b: Woerm|flinch\n|move|p2b: Aggron|Body Press|p1b: Woerm\n|-damage|p1b: Woerm|42/100\n|-enditem|p1b: Woerm|Sitrus Berry|[eat]\n|-heal|p1b: Woerm|66/100|[from] item: Sitrus Berry\n|\n|upkeep\n|turn|3\n|inactive|godsend888 has 30 seconds left.\n|\n|t:|1776454212\n|switch|p1a: beeg dreel|Excadrill, L50, F|100/100\n|switch|p2a: Sinistcha|Sinistcha, L50|100/100\n|move|p2b: Aggron|Protect|p2b: Aggron\n|-singleturn|p2b: Aggron|Protect\n|move|p1b: Woerm|Scald|p2b: Aggron\n|-activate|p2b: Aggron|move: Protect\n|\n|upkeep\n|turn|4\n|\n|t:|1776454231\n|move|p1a: beeg dreel|Protect|p1a: beeg dreel\n|-singleturn|p1a: beeg dreel|Protect\n|move|p2a: Sinistcha|Rage Powder|p2a: Sinistcha\n|-singleturn|p2a: Sinistcha|move: Rage Powder\n|move|p1b: Woerm|Ice Beam|p2a: Sinistcha\n|-supereffective|p2a: Sinistcha|1\n|-damage|p2a: Sinistcha|0 fnt\n|faint|p2a: Sinistcha\n|move|p2b: Aggron|Iron Defense|p2b: Aggron\n|-boost|p2b: Aggron|def|2\n|\n|upkeep\n|\n|t:|1776454240\n|switch|p2a: Incineroar|Incineroar, L50, M|95/100\n|-ability|p2a: Incineroar|Intimidate|boost\n|-unboost|p1a: beeg dreel|atk|1\n|-unboost|p1b: Woerm|atk|1\n|-ability|p1b: Woerm|Competitive|boost\n|-boost|p1b: Woerm|spa|2\n|-enditem|p1a: beeg dreel|White Herb\n|-clearnegativeboost|p1a: beeg dreel|[silent]\n|turn|5\n|\n|t:|1776454253\n|switch|p1a: Ban Hammer|Tinkaton, L50, F|100/100\n|-ability|p1a: Ban Hammer|Mold Breaker\n|move|p1b: Woerm|Protect|p1b: Woerm\n|-singleturn|p1b: Woerm|Protect\n|move|p2a: Incineroar|Fake Out|p1b: Woerm\n|-activate|p1b: Woerm|move: Protect\n|move|p2b: Aggron|Body Press|p1b: Woerm\n|-activate|p1b: Woerm|move: Protect\n|\n|upkeep\n|turn|6\n|inactive|parrotkeet has 30 seconds left.\n|inactive|parrotkeet has 20 seconds left.\n|inactive|parrotkeet has 15 seconds left.\n|inactive|parrotkeet has 10 seconds left.\n|\n|t:|1776454302\n|switch|p2a: Slowking|Slowking-Galar, L50, F|100/100\n|move|p2b: Aggron|Protect|p2b: Aggron\n|-singleturn|p2b: Aggron|Protect\n|move|p1a: Ban Hammer|Encore||[still]\n|-fail|p1a: Ban Hammer\n|move|p1b: Woerm|Scald|p2b: Aggron\n|-activate|p2b: Aggron|move: Protect\n|\n|upkeep\n|turn|7\n|\n|t:|1776454320\n|move|p1a: Ban Hammer|Encore|p2b: Aggron\n|-start|p2b: Aggron|Encore\n|move|p2b: Aggron|Protect||[still]\n|-fail|p2b: Aggron\n|move|p1b: Woerm|Scald|p2a: Slowking\n|-crit|p2a: Slowking\n|-damage|p2a: Slowking|0 fnt\n|faint|p2a: Slowking\n|\n|upkeep\n|\n|t:|1776454328\n|switch|p2a: Incineroar|Incineroar, L50, M|95/100\n|-ability|p2a: Incineroar|Intimidate|boost\n|-unboost|p1a: Ban Hammer|atk|1\n|-unboost|p1b: Woerm|atk|1\n|-ability|p1b: Woerm|Competitive|boost\n|-boost|p1b: Woerm|spa|2\n|turn|8\n|-message|parrotkeet forfeited.\n|\n|win|godsend888\n|raw|godsend888's rating: 1113 &rarr; <strong>1134</strong><br />(+21 for winning)\n|raw|parrotkeet's rating: 1052 &rarr; <strong>1037</strong><br />(-15 for losing)\n|l|\u2606parrotkeet\n|player|p2|\n",
  "uploadtime": 1776454349,
  "views": 25,
  "formatid": "gen9championsvgc2026regma",
  "rating": 1037,
  "private": 0,
  "password": null
}