{
  "id": "gen9championsvgc2026regma-2581392369",
  "format": "[Gen 9 Champions] VGC 2026 Reg M-A",
  "players": [
    "Montztar",
    "Spark the Pikagoss"
  ],
  "log": "|j|\u2606Montztar\n|j|\u2606Spark the Pikagoss\n|t:|1775995534\n|gametype|doubles\n|player|p1|Montztar|265|1096\n|player|p2|Spark the Pikagoss|gentleman|1090\n|gen|9\n|tier|[Gen 9 Champions] VGC 2026 Reg M-A\n|rated|\n|rule|Species Clause: Limit one of each Pok\u00e9mon\n|rule|Item Clause: Limit 1 of each item\n|clearpoke\n|poke|p1|Froslass, L50, F|\n|poke|p1|Incineroar, L50, F|\n|poke|p1|Garchomp, L50, F|\n|poke|p1|Orthworm, L50, F|\n|poke|p1|Basculegion, L50, M|\n|poke|p1|Rotom-Frost, L50|\n|poke|p2|Politoed, L50, F|\n|poke|p2|Gengar, L50, F|\n|poke|p2|Incineroar, L50, F|\n|poke|p2|Maushold, L50|\n|poke|p2|Basculegion, L50, M|\n|poke|p2|Archaludon, L50, F|\n|teampreview|4\n|\n|t:|1775995588\n|teamsize|p1|4\n|teamsize|p2|4\n|start\n|switch|p1a: Orthworm|Orthworm, L50, F|100/100\n|switch|p1b: Incineroar|Incineroar, L50, F, shiny|100/100\n|switch|p2a: Politoed|Politoed, L50, F|100/100\n|switch|p2b: Gengar|Gengar, L50, F|100/100\n|-weather|RainDance|[from] ability: Drizzle|[of] p2a: Politoed\n|-ability|p1b: Incineroar|Intimidate|boost\n|-unboost|p2a: Politoed|atk|1\n|-unboost|p2b: Gengar|atk|1\n|turn|1\n|\n|t:|1775995628\n|detailschange|p2b: Gengar|Gengar-Mega, L50, F\n|-mega|p2b: Gengar|Gengar|Gengarite\n|move|p2b: Gengar|Protect|p2b: Gengar\n|-singleturn|p2b: Gengar|Protect\n|move|p2a: Politoed|Perish Song|p2a: Politoed\n|-start|p1a: Orthworm|perish3|[silent]\n|-start|p1b: Incineroar|perish3|[silent]\n|-start|p2a: Politoed|perish3|[silent]\n|-start|p2b: Gengar|perish3|[silent]\n|-fieldactivate|move: Perish Song\n|move|p1a: Orthworm|Shed Tail|p1a: Orthworm\n|-start|p1a: Orthworm|Substitute|[from] move: Shed Tail\n|-damage|p1a: Orthworm|50/100\n|-enditem|p1a: Orthworm|Sitrus Berry|[eat]\n|-heal|p1a: Orthworm|75/100|[from] item: Sitrus Berry\n|\n|t:|1775995640\n|switch|p1a: Froslass|Froslass, L50, F|100/100|[from] Shed Tail\n|move|p1b: Incineroar|Darkest Lariat|p2b: Gengar\n|-activate|p2b: Gengar|move: Protect\n|\n|-weather|RainDance|[upkeep]\n|-start|p2b: Gengar|perish3\n|-start|p2a: Politoed|perish3\n|-start|p1b: Incineroar|perish3\n|upkeep\n|turn|2\n|\n|t:|1775995677\n|switch|p2b: Maushold|Maushold, L50|100/100\n|detailschange|p1a: Froslass|Froslass-Mega, L50, F\n|-mega|p1a: Froslass|Froslass|Froslassite\n|-weather|Snowscape|[from] ability: Snow Warning|[of] p1a: Froslass\n|move|p1a: Froslass|Shadow Ball|p2b: Maushold\n|-immune|p2b: Maushold\n|move|p2a: Politoed|Weather Ball|p1a: Froslass\n|-resisted|p1a: Froslass|1\n|-activate|p1a: Froslass|move: Substitute|[damage]\n|move|p1b: Incineroar|Darkest Lariat|p2b: Maushold\n|-damage|p2b: Maushold|60/100\n|\n|-weather|Snowscape|[upkeep]\n|-start|p2a: Politoed|perish2\n|-start|p1b: Incineroar|perish2\n|upkeep\n|turn|3\n|\n|t:|1775995721\n|move|p2b: Maushold|Protect|p2b: Maushold\n|-singleturn|p2b: Maushold|Protect\n|move|p1a: Froslass|Nasty Plot|p1a: Froslass\n|-boost|p1a: Froslass|spa|2\n|move|p2a: Politoed|Perish Song|p2a: Politoed\n|-start|p1a: Froslass|perish3|[silent]\n|-start|p2b: Maushold|perish3|[silent]\n|-fieldactivate|move: Perish Song\n|move|p1b: Incineroar|Darkest Lariat|p2a: Politoed\n|-damage|p2a: Politoed|73/100\n|\n|-weather|Snowscape|[upkeep]\n|-heal|p2a: Politoed|79/100|[from] item: Leftovers\n|-start|p1a: Froslass|perish3\n|-start|p2b: Maushold|perish3\n|-start|p2a: Politoed|perish1\n|-start|p1b: Incineroar|perish1\n|upkeep\n|turn|4\n|\n|t:|1775995770\n|switch|p2a: Gengar|Gengar-Mega, L50, F|100/100\n|switch|p1b: Rotom|Rotom-Frost, L50|100/100\n|move|p2b: Maushold|Follow Me|p2b: Maushold\n|-singleturn|p2b: Maushold|move: Follow Me\n|move|p1a: Froslass|Blizzard|p2a: Gengar|[spread] p2a,p2b\n|-damage|p2a: Gengar|2/100\n|-damage|p2b: Maushold|0 fnt\n|faint|p2b: Maushold\n|\n|-weather|Snowscape|[upkeep]\n|-start|p1a: Froslass|perish2\n|upkeep\n|\n|t:|1775995785\n|switch|p2b: Politoed|Politoed, L50, F|79/100\n|-weather|RainDance|[from] ability: Drizzle|[of] p2b: Politoed\n|turn|5\n|\n|t:|1775995801\n|move|p2a: Gengar|Protect|p2a: Gengar\n|-singleturn|p2a: Gengar|Protect\n|move|p2b: Politoed|Protect|p2b: Politoed\n|-singleturn|p2b: Politoed|Protect\n|move|p1a: Froslass|Blizzard|p2a: Gengar|[spread] \n|-activate|p2a: Gengar|move: Protect\n|-activate|p2b: Politoed|move: Protect\n|move|p1b: Rotom|Thunderbolt|p2b: Politoed\n|-activate|p2b: Politoed|move: Protect\n|\n|-weather|RainDance|[upkeep]\n|-heal|p2b: Politoed|85/100|[from] item: Leftovers\n|-start|p1a: Froslass|perish1\n|upkeep\n|turn|6\n|\n|t:|1775995833\n|move|p2a: Gengar|Sludge Bomb|p1b: Rotom\n|-damage|p1b: Rotom|23/100\n|move|p1a: Froslass|Blizzard|p2a: Gengar|[spread] p2a,p2b\n|-resisted|p2b: Politoed|1\n|-damage|p2a: Gengar|0 fnt\n|-damage|p2b: Politoed|56/100\n|faint|p2a: Gengar\n|move|p1b: Rotom|Thunderbolt|p2b: Politoed\n|-supereffective|p2b: Politoed|1\n|-crit|p2b: Politoed\n|-damage|p2b: Politoed|0 fnt\n|faint|p2b: Politoed\n|\n|-weather|RainDance|[upkeep]\n|-start|p1a: Froslass|perish0\n|upkeep\n|faint|p1a: Froslass\n|\n|t:|1775995873\n|switch|p1a: Orthworm|Orthworm, L50, F|75/100\n|switch|p2b: Archaludon|Archaludon, L50, F|100/100\n|turn|7\n|\n|t:|1775995916\n|move|p1b: Rotom|Helping Hand|p1a: Orthworm\n|-singleturn|p1a: Orthworm|Helping Hand|[of] p1b: Rotom\n|move|p2b: Archaludon|Electro Shot||[still]\n|-prepare|p2b: Archaludon|Electro Shot\n|-boost|p2b: Archaludon|spa|1\n|-anim|p2b: Archaludon|Electro Shot|p1b: Rotom\n|-resisted|p1b: Rotom|1\n|-damage|p1b: Rotom|0 fnt\n|faint|p1b: Rotom\n|move|p1a: Orthworm|Body Press|p2b: Archaludon\n|-supereffective|p2b: Archaludon|1\n|-enditem|p2b: Archaludon|Chople Berry|[eat]\n|-enditem|p2b: Archaludon|Chople Berry|[weaken]\n|-damage|p2b: Archaludon|72/100\n|-ability|p2b: Archaludon|Stamina|boost\n|-boost|p2b: Archaludon|def|1\n|\n|-weather|RainDance|[upkeep]\n|upkeep\n|\n|t:|1775995929\n|switch|p1b: Incineroar|Incineroar, L50, F, shiny|100/100\n|-ability|p1b: Incineroar|Intimidate|boost\n|-unboost|p2b: Archaludon|atk|1\n|turn|8\n|\n|t:|1775995941\n|move|p2b: Archaludon|Protect|p2b: Archaludon\n|-singleturn|p2b: Archaludon|Protect\n|move|p1b: Incineroar|Fake Out|p2b: Archaludon\n|-activate|p2b: Archaludon|move: Protect\n|move|p1a: Orthworm|Body Press|p2b: Archaludon\n|-activate|p2b: Archaludon|move: Protect\n|\n|-weather|RainDance|[upkeep]\n|upkeep\n|turn|9\n|\n|t:|1775995954\n|move|p2b: Archaludon|Electro Shot||[still]\n|-prepare|p2b: Archaludon|Electro Shot\n|-boost|p2b: Archaludon|spa|1\n|-anim|p2b: Archaludon|Electro Shot|p1a: Orthworm\n|-damage|p1a: Orthworm|0 fnt\n|faint|p1a: Orthworm\n|move|p1b: Incineroar|Flare Blitz|p2b: Archaludon\n|-damage|p2b: Archaludon|60/100\n|-ability|p2b: Archaludon|Stamina|boost\n|-boost|p2b: Archaludon|def|1\n|-damage|p1b: Incineroar|97/100|[from] Recoil\n|\n|-weather|none\n|upkeep\n|turn|10\n|c|\u2606Montztar|bs\n|c|\u2606Montztar|mon\n|\n|t:|1775995969\n|move|p2b: Archaludon|Draco Meteor|p1b: Incineroar\n|-damage|p1b: Incineroar|0 fnt\n|-unboost|p2b: Archaludon|spa|2\n|faint|p1b: Incineroar\n|\n|win|Spark the Pikagoss\n|raw|Montztar's rating: 1096 &rarr; <strong>1071</strong><br />(-25 for losing)\n|raw|Spark the Pikagoss's rating: 1090 &rarr; <strong>1117</strong><br />(+27 for winning)\n",
  "uploadtime": 1775995976,
  "views": 18,
  "formatid": "gen9championsvgc2026regma",
  "rating": 1071,
  "private": 0,
  "password": null
}