{
  "id": "gen9championsvgc2026regma-2588220605",
  "format": "[Gen 9 Champions] VGC 2026 Reg M-A",
  "players": [
    "talveznao",
    "SDLT 2KRL March"
  ],
  "log": "|j|\u2606talveznao\n|j|\u2606SDLT 2KRL March\n|t:|1776615575\n|gametype|doubles\n|player|p1|talveznao|evelyn|\n|player|p2|SDLT 2KRL March|valerie|\n|gen|9\n|tier|[Gen 9 Champions] VGC 2026 Reg M-A\n|rated|Tournament battle\n|rule|Species Clause: Limit one of each Pok\u00e9mon\n|rule|Item Clause: Limit 1 of each item\n|raw|<div class=\"infobox\"><details class=\"readmore\" open><summary><strong>1 custom rule:</strong></summary> Force Open Team Sheets</details></div>\n|clearpoke\n|poke|p1|Chandelure, L50, F|\n|poke|p1|Whimsicott, L50, F|\n|poke|p1|Serperior, L50, F|\n|poke|p1|Sneasler, L50, M|\n|poke|p1|Farigiraf, L50, M|\n|poke|p1|Incineroar, L50, M|\n|poke|p2|Kangaskhan, L50, F, shiny|\n|poke|p2|Farigiraf, L50, M, shiny|\n|poke|p2|Talonflame, L50, F, shiny|\n|poke|p2|Floette-Eternal, L50, F|\n|poke|p2|Sneasler, L50, M, shiny|\n|poke|p2|Basculegion, L50, M|\n|teampreview|4\n|showteam|p1|Chandelure||Chandelurite|FlashFire|HeatWave,ShadowBall,Protect,FireBlast|||F|||50|]Whimsicott||FocusSash|Prankster|SunnyDay,FakeTears,Tailwind,Protect|||F|||50|]Serperior||Leftovers|Contrary|LeafStorm,Synthesis,Glare,Protect|||F|||50|]Sneasler||WhiteHerb|Unburden|CloseCombat,FakeOut,DireClaw,Uturn|||M|||50|]Farigiraf||SitrusBerry|ArmorTail|TrickRoom,HyperVoice,HelpingHand,Protect|||M|||50|]Incineroar||QuickClaw|Intimidate|FlareBlitz,PartingShot,FakeOut,ThroatChop|||M|||50|\n|showteam|p2|Kangaskhan||Kangaskhanite|Scrappy|FakeOut,HammerArm,DoubleEdge,Crunch|||F|||50|]Farigiraf||ColburBerry|ArmorTail|ShadowBall,HyperVoice,TrickRoom,Psychic|||M|||50|]Talonflame||SharpBeak|GaleWings|Tailwind,Taunt,Protect,BraveBird|||F|||50|]Floette-Eternal||Floettite|FlowerVeil|Moonblast,LightofRuin,DazzlingGleam,Protect|||F|||50|]Sneasler||FocusSash|Unburden|FakeOut,CloseCombat,DireClaw,Protect|||M|||50|]Basculegion||MysticWater|Adaptability|AquaJet,LastRespects,Protect,WaveCrash|||M|||50|\n|inactive|Battle timer is ON: inactive players will automatically lose when time's up. (requested by SDLT 2KRL March)\n|inactive|talveznao also wants the timer to be on.\n|j| Rolling Stonedge\n|l| Rolling Stonedge\n|j| ssuausasj\n|c|\u2606talveznao|Hf\n|j| Rolling Stonedge\n|l| Rolling Stonedge\n|c|\u2606SDLT 2KRL March|glhf\n|inactive|talveznao has 60 seconds left.\n|j| Rolling Stonedge\n|l| Rolling Stonedge\n|\n|t:|1776615631\n|teamsize|p1|4\n|teamsize|p2|4\n|start\n|switch|p1a: Farigiraf|Farigiraf, L50, M|100/100\n|switch|p1b: Chandelure|Chandelure, L50, F|100/100\n|switch|p2a: Athena|Talonflame, L50, F, shiny|100/100\n|switch|p2b: Floette|Floette-Eternal, L50, F|100/100\n|turn|1\n|l| ssuausasj\n|\n|t:|1776615656\n|detailschange|p2b: Floette|Floette-Mega, L50, F\n|-mega|p2b: Floette|Floette|Floettite\n|-ability|p2b: Floette|Fairy Aura\n|detailschange|p1b: Chandelure|Chandelure-Mega, L50, F\n|-mega|p1b: Chandelure|Chandelure|Chandelurite\n|move|p1a: Farigiraf|Helping Hand|p1b: Chandelure\n|-singleturn|p1b: Chandelure|Helping Hand|[of] p1a: Farigiraf\n|move|p2a: Athena|Taunt|p1a: Farigiraf\n|-start|p1a: Farigiraf|move: Taunt\n|move|p2b: Floette|Dazzling Gleam|p1b: Chandelure|[spread] p1a,p1b\n|-resisted|p1b: Chandelure|1\n|-damage|p1a: Farigiraf|49/100\n|-damage|p1b: Chandelure|75/100\n|-enditem|p1a: Farigiraf|Sitrus Berry|[eat]\n|-heal|p1a: Farigiraf|74/100|[from] item: Sitrus Berry\n|move|p1b: Chandelure|Fire Blast|p2b: Floette|[miss]\n|-miss|p1b: Chandelure|p2b: Floette\n|\n|upkeep\n|turn|2\n|inactive|talveznao has 30 seconds left.\n|inactive|SDLT 2KRL March has 30 seconds left.\n|\n|t:|1776615683\n|move|p2a: Athena|Taunt|p1b: Chandelure\n|-start|p1b: Chandelure|move: Taunt\n|move|p2b: Floette|Dazzling Gleam|p1b: Chandelure|[spread] p1a,p1b\n|-resisted|p1b: Chandelure|1\n|-damage|p1a: Farigiraf|19/100\n|-damage|p1b: Chandelure|49/100\n|move|p1b: Chandelure|Fire Blast|p2b: Floette\n|-damage|p2b: Floette|35/100\n|move|p1a: Farigiraf|Hyper Voice|p2a: Athena|[spread] p2a,p2b\n|-damage|p2a: Athena|57/100\n|-damage|p2b: Floette|11/100\n|\n|upkeep\n|turn|3\n|\n|t:|1776615704\n|switch|p1a: Incineroar|Incineroar, L50, M|100/100\n|-ability|p1a: Incineroar|Intimidate|boost\n|-unboost|p2a: Athena|atk|1\n|-unboost|p2b: Floette|atk|1\n|move|p2a: Athena|Tailwind|p2a: Athena\n|-sidestart|p2: SDLT 2KRL March|move: Tailwind\n|move|p2b: Floette|Dazzling Gleam|p1b: Chandelure|[spread] p1a,p1b\n|-resisted|p1b: Chandelure|1\n|-damage|p1a: Incineroar|53/100\n|-damage|p1b: Chandelure|21/100\n|move|p1b: Chandelure|Heat Wave|p2a: Athena|[spread] p2a,p2b\n|-resisted|p2a: Athena|1\n|-damage|p2a: Athena|15/100\n|-damage|p2b: Floette|0 fnt\n|faint|p2b: Floette\n|\n|upkeep\n|\n|t:|1776615708\n|switch|p2b: Basculegion|Basculegion, L50, M|100/100\n|turn|4\n|\n|t:|1776615725\n|switch|p1b: Farigiraf|Farigiraf, L50, M|19/100\n|move|p2a: Athena|Protect|p2a: Athena\n|-singleturn|p2a: Athena|Protect\n|move|p2b: Basculegion|Protect|p2b: Basculegion\n|-singleturn|p2b: Basculegion|Protect\n|move|p1a: Incineroar|Parting Shot|p2b: Basculegion\n|-activate|p2b: Basculegion|move: Protect\n|\n|upkeep\n|turn|5\n|j| cubeandcroc\n|\n|t:|1776615741\n|move|p1b: Farigiraf|Protect|p1b: Farigiraf\n|-singleturn|p1b: Farigiraf|Protect\n|move|p2a: Athena|Brave Bird|p1b: Farigiraf\n|-activate|p1b: Farigiraf|move: Protect\n|move|p2b: Basculegion|Wave Crash|p1a: Incineroar\n|-supereffective|p1a: Incineroar|1\n|-damage|p1a: Incineroar|0 fnt\n|faint|p1a: Incineroar\n|-damage|p2b: Basculegion|84/100|[from] Recoil\n|\n|upkeep\n|\n|t:|1776615746\n|switch|p1a: Whimsicott|Whimsicott, L50, F|100/100\n|turn|6\n|\n|t:|1776615765\n|move|p1a: Whimsicott|Tailwind|p1a: Whimsicott\n|-sidestart|p1: talveznao|move: Tailwind\n|move|p2a: Athena|Brave Bird|p1a: Whimsicott\n|-supereffective|p1a: Whimsicott|1\n|-damage|p1a: Whimsicott|21/100\n|-damage|p2a: Athena|0 fnt|[from] Recoil\n|faint|p2a: Athena\n|move|p2b: Basculegion|Wave Crash|p1b: Farigiraf\n|-damage|p1b: Farigiraf|0 fnt\n|faint|p1b: Farigiraf\n|-damage|p2b: Basculegion|78/100|[from] Recoil\n|\n|-sideend|p2: SDLT 2KRL March|move: Tailwind\n|upkeep\n|j| 21Kieran\n|\n|t:|1776615780\n|switch|p2a: Sneasler|Sneasler, L50, M, shiny|100/100\n|switch|p1b: Chandelure|Chandelure-Mega, L50, F|21/100\n|turn|7\n|\n|t:|1776615788\n|move|p1a: Whimsicott|Protect|p1a: Whimsicott\n|-singleturn|p1a: Whimsicott|Protect\n|move|p1b: Chandelure|Protect|p1b: Chandelure\n|-singleturn|p1b: Chandelure|Protect\n|move|p2a: Sneasler|Fake Out|p1a: Whimsicott\n|-activate|p1a: Whimsicott|move: Protect\n|move|p2b: Basculegion|Aqua Jet|p1b: Chandelure\n|-activate|p1b: Chandelure|move: Protect\n|\n|upkeep\n|turn|8\n|c|\u2606SDLT 2KRL March|gg\n|j| sdlt 2krl coolguy\n|l| sdlt 2krl coolguy\n|l| 21Kieran\n|inactive|talveznao has 30 seconds left.\n|\n|t:|1776615817\n|move|p1a: Whimsicott|Sunny Day|p1a: Whimsicott\n|-weather|SunnyDay\n|move|p2b: Basculegion|Aqua Jet|p1b: Chandelure\n|-supereffective|p1b: Chandelure|1\n|-damage|p1b: Chandelure|0 fnt\n|faint|p1b: Chandelure\n|move|p2a: Sneasler|Dire Claw|p1a: Whimsicott\n|-supereffective|p1a: Whimsicott|2\n|-damage|p1a: Whimsicott|0 fnt\n|faint|p1a: Whimsicott\n|\n|win|SDLT 2KRL March\n|n|\u2606talveznao|talveznao\n|n|\u2606SDLT 2KRL March|sdlt2krlmarch\n|n| cubeandcroc|cubeandcroc\n",
  "uploadtime": 1776615817,
  "views": 5,
  "formatid": "gen9championsvgc2026regma",
  "rating": null,
  "private": 0,
  "password": null
}