{
  "id": "gen9championsvgc2026regma-2587982847",
  "format": "[Gen 9 Champions] VGC 2026 Reg M-A",
  "players": [
    "SunTufo",
    "Anti Anxo"
  ],
  "log": "|j|\u2606SunTufo\n|j|\u2606Anti Anxo\n|t:|1776588494\n|gametype|doubles\n|player|p1|SunTufo|li|1259\n|player|p2|Anti Anxo|265|1214\n|gen|9\n|tier|[Gen 9 Champions] VGC 2026 Reg M-A\n|rated|\n|rule|Species Clause: Limit one of each Pok\u00e9mon\n|rule|Item Clause: Limit 1 of each item\n|clearpoke\n|poke|p1|Froslass, L50, F, shiny|\n|poke|p1|Milotic, L50, F, shiny|\n|poke|p1|Sneasler, L50, M, shiny|\n|poke|p1|Rotom-Frost, L50|\n|poke|p1|Goodra-Hisui, L50, M, shiny|\n|poke|p1|Incineroar, L50, M, shiny|\n|poke|p2|Dragonite, L50, F|\n|poke|p2|Basculegion, L50, M|\n|poke|p2|Pelipper, L50, M|\n|poke|p2|Sneasler, L50, M|\n|poke|p2|Kingambit, L50, F|\n|poke|p2|Archaludon, L50, F|\n|teampreview|4\n|inactive|Battle timer is ON: inactive players will automatically lose when time's up. (requested by SunTufo)\n|\n|t:|1776588521\n|teamsize|p1|4\n|teamsize|p2|4\n|start\n|switch|p1a: Froslass|Froslass, L50, F, shiny|100/100\n|switch|p1b: Rotom|Rotom-Frost, L50|100/100\n|switch|p2a: Dragonite|Dragonite, L50, F|100/100\n|switch|p2b: Kingambit|Kingambit, L50, F|100/100\n|turn|1\n|inactive|SunTufo has 30 seconds left.\n|inactive|Anti Anxo has 30 seconds left.\n|\n|t:|1776588549\n|detailschange|p1a: Froslass|Froslass-Mega, L50, F, shiny\n|-mega|p1a: Froslass|Froslass|Froslassite\n|-weather|Snowscape|[from] ability: Snow Warning|[of] p1a: Froslass\n|move|p1b: Rotom|Volt Switch|p2a: Dragonite\n|-damage|p2a: Dragonite|73/100\n|\n|t:|1776588556\n|switch|p1b: Goodra|Goodra-Hisui, L50, M, shiny|100/100|[from] Volt Switch\n|move|p1a: Froslass|Aurora Veil|p1a: Froslass\n|-sidestart|p1: SunTufo|move: Aurora Veil\n|move|p2a: Dragonite|Tailwind|p2a: Dragonite\n|-sidestart|p2: Anti Anxo|move: Tailwind\n|move|p2b: Kingambit|Iron Head|p1b: Goodra\n|-resisted|p1b: Goodra|1\n|-damage|p1b: Goodra|86/100\n|\n|-weather|Snowscape|[upkeep]\n|-heal|p1b: Goodra|91/100|[from] item: Leftovers\n|upkeep\n|turn|2\n|\n|t:|1776588577\n|switch|p2a: Pelipper|Pelipper, L50, M|100/100\n|-weather|RainDance|[from] ability: Drizzle|[of] p2a: Pelipper\n|move|p1a: Froslass|Protect|p1a: Froslass\n|-singleturn|p1a: Froslass|Protect\n|move|p2b: Kingambit|Sucker Punch||[still]\n|-fail|p2b: Kingambit\n|move|p1b: Goodra|Shelter|p1b: Goodra\n|-boost|p1b: Goodra|def|2\n|\n|-weather|RainDance|[upkeep]\n|-heal|p1b: Goodra|97/100|[from] item: Leftovers\n|upkeep\n|turn|3\n|\n|t:|1776588598\n|switch|p1a: Sneasler|Sneasler, L50, M, shiny|100/100\n|move|p2b: Kingambit|Sucker Punch||[still]\n|-fail|p2b: Kingambit\n|move|p2a: Pelipper|Hurricane|p1b: Goodra\n|-resisted|p1b: Goodra|1\n|-damage|p1b: Goodra|86/100\n|move|p1b: Goodra|Body Press|p2b: Kingambit\n|-supereffective|p2b: Kingambit|2\n|-damage|p2b: Kingambit|0 fnt\n|faint|p2b: Kingambit\n|\n|-weather|RainDance|[upkeep]\n|-heal|p1b: Goodra|91/100|[from] item: Leftovers\n|upkeep\n|\n|t:|1776588617\n|switch|p2b: Dragonite|Dragonite, L50, F|73/100\n|turn|4\n|inactive|Anti Anxo has 30 seconds left.\n|inactive|SunTufo has 30 seconds left.\n|\n|t:|1776588648\n|detailschange|p2b: Dragonite|Dragonite-Mega, L50, F\n|-mega|p2b: Dragonite|Dragonite|Dragoninite\n|move|p2b: Dragonite|Protect|p2b: Dragonite\n|-singleturn|p2b: Dragonite|Protect\n|move|p1a: Sneasler|Fake Out|p2a: Pelipper\n|-damage|p2a: Pelipper|85/100\n|cant|p2a: Pelipper|flinch\n|move|p1b: Goodra|Heavy Slam|p2b: Dragonite\n|-activate|p2b: Dragonite|move: Protect\n|\n|-weather|RainDance|[upkeep]\n|-heal|p1b: Goodra|97/100|[from] item: Leftovers\n|-sideend|p2: Anti Anxo|move: Tailwind\n|upkeep\n|turn|5\n|\n|t:|1776588672\n|switch|p2b: Archaludon|Archaludon, L50, F|100/100\n|move|p1a: Sneasler|Dire Claw|p2b: Archaludon\n|-immune|p2b: Archaludon\n|move|p2a: Pelipper|Hurricane|p1a: Sneasler\n|-supereffective|p1a: Sneasler|1\n|-damage|p1a: Sneasler|8/100\n|move|p1b: Goodra|Body Press|p2b: Archaludon\n|-supereffective|p2b: Archaludon|1\n|-damage|p2b: Archaludon|31/100\n|-ability|p2b: Archaludon|Stamina|boost\n|-boost|p2b: Archaludon|def|1\n|\n|-weather|RainDance|[upkeep]\n|-heal|p1b: Goodra|100/100|[from] item: Leftovers\n|-sideend|p1: SunTufo|move: Aurora Veil\n|upkeep\n|turn|6\n|\n|t:|1776588691\n|move|p1a: Sneasler|Close Combat|p2a: Pelipper\n|-resisted|p2a: Pelipper|1\n|-damage|p2a: Pelipper|53/100\n|-unboost|p1a: Sneasler|def|1\n|-unboost|p1a: Sneasler|spd|1\n|-enditem|p1a: Sneasler|White Herb\n|-clearnegativeboost|p1a: Sneasler|[silent]\n|move|p2b: Archaludon|Rest|p2b: Archaludon\n|-status|p2b: Archaludon|slp|[from] move: Rest\n|-heal|p2b: Archaludon|100/100 slp|[silent]\n|-enditem|p2b: Archaludon|Chesto Berry|[eat]\n|-curestatus|p2b: Archaludon|slp|[msg]\n|move|p2a: Pelipper|Weather Ball|p1a: Sneasler\n|-damage|p1a: Sneasler|0 fnt\n|faint|p1a: Sneasler\n|move|p1b: Goodra|Body Press|p2b: Archaludon\n|-supereffective|p2b: Archaludon|1\n|-damage|p2b: Archaludon|51/100\n|-ability|p2b: Archaludon|Stamina|boost\n|-boost|p2b: Archaludon|def|1\n|\n|-weather|none\n|upkeep\n|\n|t:|1776588702\n|switch|p1a: Froslass|Froslass-Mega, L50, F, shiny|100/100\n|-weather|Snowscape|[from] ability: Snow Warning|[of] p1a: Froslass\n|turn|7\n|inactive|Anti Anxo has 30 seconds left.\n|\n|t:|1776588729\n|switch|p2a: Dragonite|Dragonite-Mega, L50, F|73/100\n|move|p1a: Froslass|Blizzard|p2a: Dragonite|[spread] p2a,p2b\n|-supereffective|p2a: Dragonite|2\n|-damage|p2a: Dragonite|0 fnt\n|-damage|p2b: Archaludon|0 fnt\n|faint|p2a: Dragonite\n|faint|p2b: Archaludon\n|move|p1b: Goodra|Body Press|p2: Dragonite|[notarget]\n|-fail|p1b: Goodra\n|\n|-weather|Snowscape|[upkeep]\n|upkeep\n|\n|t:|1776588741\n|switch|p2b: Pelipper|Pelipper, L50, M|53/100\n|-weather|RainDance|[from] ability: Drizzle|[of] p2b: Pelipper\n|turn|8\n|\n|t:|1776588750\n|move|p1a: Froslass|Shadow Ball|p2b: Pelipper\n|-damage|p2b: Pelipper|0 fnt\n|faint|p2b: Pelipper\n|\n|win|SunTufo\n|raw|SunTufo's rating: 1259 &rarr; <strong>1281</strong><br />(+22 for winning)\n|raw|Anti Anxo's rating: 1214 &rarr; <strong>1192</strong><br />(-22 for losing)\n",
  "uploadtime": 1776588750,
  "views": 9,
  "formatid": "gen9championsvgc2026regma",
  "rating": 1192,
  "private": 0,
  "password": null
}