{
  "id": "gen9championsvgc2026regma-2588564261",
  "format": "[Gen 9 Champions] VGC 2026 Reg M-A",
  "players": [
    "soulo333",
    "ElLocati"
  ],
  "log": "|j|\u2606soulo333\n|j|\u2606ElLocati\n|t:|1776645417\n|gametype|doubles\n|player|p1|soulo333|102|1253\n|player|p2|ElLocati|102|1350\n|gen|9\n|tier|[Gen 9 Champions] VGC 2026 Reg M-A\n|rated|\n|rule|Species Clause: Limit one of each Pok\u00e9mon\n|rule|Item Clause: Limit 1 of each item\n|clearpoke\n|poke|p1|Charizard, L50, M|\n|poke|p1|Sneasler, L50, F|\n|poke|p1|Sinistcha, L50|\n|poke|p1|Incineroar, L50, F|\n|poke|p1|Milotic, L50, F|\n|poke|p1|Tyranitar, L50, F|\n|poke|p2|Floette-Eternal, L50, F, shiny|\n|poke|p2|Aegislash, L50, M, shiny|\n|poke|p2|Talonflame, L50, M, shiny|\n|poke|p2|Incineroar, L50, M, shiny|\n|poke|p2|Garchomp, L50, M, shiny|\n|poke|p2|Rotom-Wash, L50, shiny|\n|teampreview|4\n|inactive|Battle timer is ON: inactive players will automatically lose when time's up. (requested by soulo333)\n|\n|t:|1776645473\n|teamsize|p1|4\n|teamsize|p2|4\n|start\n|switch|p1a: Sinistcha|Sinistcha, L50|100/100\n|switch|p1b: Incineroar|Incineroar, L50, F|100/100\n|switch|p2a: Garchomp|Garchomp, L50, M, shiny|100/100\n|switch|p2b: Talonflame|Talonflame, L50, M, shiny|100/100\n|-ability|p1b: Incineroar|Intimidate|boost\n|-unboost|p2a: Garchomp|atk|1\n|-unboost|p2b: Talonflame|atk|1\n|-enditem|p2a: Garchomp|White Herb\n|-clearnegativeboost|p2a: Garchomp|[silent]\n|turn|1\n|\n|t:|1776645498\n|move|p2b: Talonflame|Protect|p2b: Talonflame\n|-singleturn|p2b: Talonflame|Protect\n|move|p2a: Garchomp|Protect|p2a: Garchomp\n|-singleturn|p2a: Garchomp|Protect\n|move|p1b: Incineroar|Fake Out|p2b: Talonflame\n|-activate|p2b: Talonflame|move: Protect\n|move|p1a: Sinistcha|Trick Room|p1a: Sinistcha\n|-fieldstart|move: Trick Room|[of] p1a: Sinistcha\n|\n|upkeep\n|turn|2\n|\n|t:|1776645515\n|switch|p1a: Milotic|Milotic, L50, F|100/100\n|switch|p2b: Rotom|Rotom-Wash, L50, shiny|100/100\n|move|p1b: Incineroar|Parting Shot|p2a: Garchomp\n|-unboost|p2a: Garchomp|atk|1\n|-unboost|p2a: Garchomp|spa|1\n|\n|t:|1776645521\n|switch|p1b: Sinistcha|Sinistcha, L50|100/100|[from] Parting Shot\n|move|p2a: Garchomp|Earthquake|p1a: Milotic|[spread] p1a,p1b\n|-immune|p2b: Rotom|[from] ability: Levitate\n|-resisted|p1b: Sinistcha|1\n|-damage|p1a: Milotic|76/100\n|-damage|p1b: Sinistcha|89/100\n|\n|-heal|p1a: Milotic|82/100|[from] item: Leftovers\n|upkeep\n|turn|3\n|inactive|ElLocati has 30 seconds left.\n|\n|t:|1776645552\n|move|p2b: Rotom|Protect|p2b: Rotom\n|-singleturn|p2b: Rotom|Protect\n|move|p2a: Garchomp|Protect|p2a: Garchomp\n|-singleturn|p2a: Garchomp|Protect\n|move|p1b: Sinistcha|Matcha Gotcha|p2b: Rotom|[spread] \n|-activate|p2a: Garchomp|move: Protect\n|-activate|p2b: Rotom|move: Protect\n|move|p1a: Milotic|Scald|p2a: Garchomp\n|-activate|p2a: Garchomp|move: Protect\n|\n|-heal|p1a: Milotic|88/100|[from] item: Leftovers\n|upkeep\n|turn|4\n|\n|t:|1776645573\n|move|p1b: Sinistcha|Matcha Gotcha|p2b: Rotom|[spread] p2a,p2b\n|-supereffective|p2b: Rotom|1\n|-damage|p2a: Garchomp|75/100\n|-heal|p1b: Sinistcha|100/100|[from] drain|[of] p2a: Garchomp\n|-damage|p2b: Rotom|47/100\n|-enditem|p2b: Rotom|Sitrus Berry|[eat]\n|-heal|p2b: Rotom|72/100|[from] item: Sitrus Berry\n|move|p1a: Milotic|Scald|p2a: Garchomp\n|-damage|p2a: Garchomp|44/100\n|move|p2b: Rotom|Thunderbolt|p1a: Milotic\n|-supereffective|p1a: Milotic|1\n|-damage|p1a: Milotic|34/100\n|move|p2a: Garchomp|Rock Slide|p1a: Milotic|[spread] p1a,p1b\n|-damage|p1a: Milotic|22/100\n|-damage|p1b: Sinistcha|89/100\n|\n|-heal|p1a: Milotic|28/100|[from] item: Leftovers\n|upkeep\n|turn|5\n|inactive|ElLocati has 30 seconds left.\n|\n|t:|1776645603\n|move|p2b: Rotom|Protect|p2b: Rotom\n|-singleturn|p2b: Rotom|Protect\n|move|p2a: Garchomp|Protect|p2a: Garchomp\n|-singleturn|p2a: Garchomp|Protect\n|move|p1b: Sinistcha|Life Dew|p1b: Sinistcha|[spread] p1a,p1b\n|-heal|p1a: Milotic|53/100\n|-heal|p1b: Sinistcha|100/100\n|move|p1a: Milotic|Icy Wind|p2a: Garchomp|[spread] \n|-activate|p2a: Garchomp|move: Protect\n|-activate|p2b: Rotom|move: Protect\n|\n|-heal|p1a: Milotic|59/100|[from] item: Leftovers\n|-fieldend|move: Trick Room\n|upkeep\n|turn|6\n|inactive|ElLocati has 30 seconds left.\n|\n|t:|1776645635\n|move|p1a: Milotic|Protect|p1a: Milotic\n|-singleturn|p1a: Milotic|Protect\n|move|p2a: Garchomp|Earthquake|p1b: Sinistcha|[spread] p1b\n|-activate|p1a: Milotic|move: Protect\n|-immune|p2b: Rotom|[from] ability: Levitate\n|-resisted|p1b: Sinistcha|1\n|-damage|p1b: Sinistcha|89/100\n|move|p2b: Rotom|Thunderbolt|p1a: Milotic\n|-activate|p1a: Milotic|move: Protect\n|move|p1b: Sinistcha|Trick Room|p1b: Sinistcha\n|-fieldstart|move: Trick Room|[of] p1b: Sinistcha\n|\n|-heal|p1a: Milotic|65/100|[from] item: Leftovers\n|upkeep\n|turn|7\n|inactive|ElLocati has 30 seconds left.\n|\n|t:|1776645661\n|switch|p2a: Floette|Floette-Eternal, L50, F, shiny|100/100\n|move|p1b: Sinistcha|Matcha Gotcha|p2b: Rotom|[spread] p2a,p2b\n|-supereffective|p2b: Rotom|1\n|-damage|p2a: Floette|80/100\n|-heal|p1b: Sinistcha|99/100|[from] drain|[of] p2a: Floette\n|-damage|p2b: Rotom|22/100\n|-heal|p1b: Sinistcha|100/100|[from] drain|[of] p2b: Rotom\n|move|p1a: Milotic|Scald|p2a: Floette\n|-damage|p2a: Floette|56/100\n|move|p2b: Rotom|Thunderbolt|p1a: Milotic\n|-supereffective|p1a: Milotic|1\n|-damage|p1a: Milotic|11/100\n|\n|-heal|p1a: Milotic|17/100|[from] item: Leftovers\n|upkeep\n|turn|8\n|inactive|ElLocati has 30 seconds left.\n|inactive|ElLocati has 20 seconds left.\n|inactive|ElLocati has 15 seconds left.\n|\n|t:|1776645705\n|switch|p2b: Garchomp|Garchomp, L50, M, shiny|44/100\n|detailschange|p2a: Floette|Floette-Mega, L50, F, shiny\n|-mega|p2a: Floette|Floette|Floettite\n|-ability|p2a: Floette|Fairy Aura\n|move|p1b: Sinistcha|Matcha Gotcha|p2a: Floette|[spread] p2a,p2b\n|-damage|p2a: Floette|38/100\n|-damage|p2b: Garchomp|15/100\n|move|p1a: Milotic|Recover|p1a: Milotic\n|-heal|p1a: Milotic|67/100\n|move|p2a: Floette|Dazzling Gleam|p1b: Sinistcha|[spread] p1a,p1b\n|-damage|p1a: Milotic|38/100\n|-damage|p1b: Sinistcha|58/100\n|\n|-heal|p1a: Milotic|44/100|[from] item: Leftovers\n|upkeep\n|turn|9\n|inactive|ElLocati has 30 seconds left.\n|\n|t:|1776645734\n|move|p1b: Sinistcha|Matcha Gotcha|p2b: Garchomp|[spread] p2a,p2b\n|-damage|p2a: Floette|21/100\n|-heal|p1b: Sinistcha|67/100|[from] drain|[of] p2a: Floette\n|-damage|p2b: Garchomp|0 fnt\n|-heal|p1b: Sinistcha|75/100|[from] drain|[of] p2b: Garchomp\n|faint|p2b: Garchomp\n|move|p1a: Milotic|Scald|p2a: Floette\n|-damage|p2a: Floette|0 fnt\n|faint|p2a: Floette\n|\n|-heal|p1a: Milotic|50/100|[from] item: Leftovers\n|upkeep\n|-message|ElLocati forfeited.\n|\n|win|soulo333\n|raw|soulo333's rating: 1253 &rarr; <strong>1285</strong><br />(+32 for winning)\n|raw|ElLocati's rating: 1350 &rarr; <strong>1325</strong><br />(-25 for losing)\n",
  "uploadtime": 1776645745,
  "views": 8,
  "formatid": "gen9championsvgc2026regma",
  "rating": 1285,
  "private": 0,
  "password": null
}