{
  "id": "gen9championsvgc2026regma-2581780679",
  "format": "[Gen 9 Champions] VGC 2026 Reg M-A",
  "players": [
    "jyotsha",
    "SilverMagicianVGC"
  ],
  "log": "|j|\u2606jyotsha\n|j|\u2606SilverMagicianVGC\n|t:|1776027859\n|gametype|doubles\n|player|p1|jyotsha|169|1240\n|player|p2|SilverMagicianVGC|silver|1284\n|gen|9\n|tier|[Gen 9 Champions] VGC 2026 Reg M-A\n|rated|\n|rule|Species Clause: Limit one of each Pok\u00e9mon\n|rule|Item Clause: Limit 1 of each item\n|clearpoke\n|poke|p1|Froslass, L50, F|\n|poke|p1|Maushold, L50|\n|poke|p1|Glimmora, L50, F|\n|poke|p1|Weavile, L50, M|\n|poke|p1|Corviknight, L50, M|\n|poke|p1|Mudsdale, L50, F|\n|poke|p2|Floette-Eternal, L50, F|\n|poke|p2|Garchomp, L50, F|\n|poke|p2|Aerodactyl, L50, M|\n|poke|p2|Incineroar, L50, M|\n|poke|p2|Milotic, L50, F|\n|poke|p2|Sinistcha, L50|\n|teampreview|4\n|inactive|Battle timer is ON: inactive players will automatically lose when time's up. (requested by jyotsha)\n|inactive|jyotsha has 60 seconds left.\n|inactive|SilverMagicianVGC has 60 seconds left.\n|\n|t:|1776027906\n|teamsize|p1|4\n|teamsize|p2|4\n|start\n|switch|p1a: Froslass|Froslass, L50, F|100/100\n|switch|p1b: Weavile|Weavile, L50, M|100/100\n|switch|p2a: Garchomp|Garchomp, L50, F|100/100\n|switch|p2b: Floette|Floette-Eternal, L50, F, shiny|100/100\n|turn|1\n|\n|t:|1776027921\n|detailschange|p1a: Froslass|Froslass-Mega, L50, F\n|-mega|p1a: Froslass|Froslass|Froslassite\n|-weather|Snowscape|[from] ability: Snow Warning|[of] p1a: Froslass\n|detailschange|p2b: Floette|Floette-Mega, L50, F, shiny\n|-mega|p2b: Floette|Floette|Floettite\n|-ability|p2b: Floette|Fairy Aura\n|move|p1b: Weavile|Fake Out|p2b: Floette\n|-damage|p2b: Floette|86/100\n|move|p2a: Garchomp|Rock Slide|p1b: Weavile|[spread] p1a,p1b\n|-supereffective|p1a: Froslass|1\n|-supereffective|p1b: Weavile|1\n|-damage|p1a: Froslass|61/100\n|-damage|p1b: Weavile|52/100\n|move|p1a: Froslass|Aurora Veil|p1a: Froslass\n|-sidestart|p1: jyotsha|move: Aurora Veil\n|cant|p2b: Floette|flinch\n|\n|-weather|Snowscape|[upkeep]\n|upkeep\n|turn|2\n|inactive|SilverMagicianVGC has 30 seconds left.\n|\n|t:|1776027954\n|move|p2a: Garchomp|Rock Slide|p1a: Froslass|[spread] p1a,p1b\n|-supereffective|p1a: Froslass|1\n|-supereffective|p1b: Weavile|1\n|-damage|p1a: Froslass|38/100\n|-damage|p1b: Weavile|17/100\n|move|p1b: Weavile|Triple Axel|p2a: Garchomp\n|-supereffective|p2a: Garchomp|2\n|-damage|p2a: Garchomp|67/100\n|-damage|p1b: Weavile|5/100|[from] ability: Rough Skin|[of] p2a: Garchomp\n|-supereffective|p2a: Garchomp|2\n|-damage|p2a: Garchomp|0 fnt\n|-damage|p1b: Weavile|0 fnt|[from] ability: Rough Skin|[of] p2a: Garchomp\n|faint|p2a: Garchomp\n|faint|p1b: Weavile\n|-hitcount|p2: Garchomp|2\n|move|p1a: Froslass|Blizzard|p2b: Floette\n|-damage|p2b: Floette|43/100\n|-status|p2b: Floette|frz\n|cant|p2b: Floette|frz\n|\n|-weather|Snowscape|[upkeep]\n|upkeep\n|inactive|jyotsha has 30 seconds left.\n|\n|t:|1776027980\n|switch|p1b: Corviknight|Corviknight, L50, M|100/100\n|switch|p2a: Aerodactyl|Aerodactyl, L50, M|100/100\n|-ability|p2a: Aerodactyl|Unnerve\n|turn|3\n|inactive|jyotsha has 30 seconds left.\n|\n|t:|1776028005\n|move|p2a: Aerodactyl|Tailwind|p2a: Aerodactyl\n|-sidestart|p2: SilverMagicianVGC|move: Tailwind\n|-curestatus|p2b: Floette|frz|[msg]\n|move|p2b: Floette|Moonblast|p1a: Froslass\n|-damage|p1a: Froslass|0 fnt\n|faint|p1a: Froslass\n|move|p1b: Corviknight|Iron Head|p2a: Aerodactyl\n|-supereffective|p2a: Aerodactyl|1\n|-damage|p2a: Aerodactyl|1/100\n|\n|-weather|Snowscape|[upkeep]\n|upkeep\n|\n|t:|1776028013\n|switch|p1a: Maushold|Maushold, L50|100/100\n|turn|4\n|inactive|SilverMagicianVGC has 30 seconds left.\n|\n|t:|1776028043\n|move|p2a: Aerodactyl|Protect|p2a: Aerodactyl\n|-singleturn|p2a: Aerodactyl|Protect\n|move|p2b: Floette|Protect|p2b: Floette\n|-singleturn|p2b: Floette|Protect\n|move|p1a: Maushold|Protect|p1a: Maushold\n|-singleturn|p1a: Maushold|Protect\n|move|p1b: Corviknight|Iron Head|p2b: Floette\n|-activate|p2b: Floette|move: Protect\n|\n|-weather|Snowscape|[upkeep]\n|upkeep\n|turn|5\n|\n|t:|1776028063\n|move|p2a: Aerodactyl|Rock Slide|p1b: Corviknight|[spread] p1a\n|-miss|p2a: Aerodactyl|p1b: Corviknight\n|-damage|p1a: Maushold|82/100\n|move|p2b: Floette|Moonblast|p1a: Maushold\n|-damage|p1a: Maushold|18/100\n|-unboost|p1a: Maushold|spa|1\n|move|p1a: Maushold|Taunt|p2b: Floette\n|-start|p2b: Floette|move: Taunt\n|move|p1b: Corviknight|Iron Head|p2b: Floette\n|-supereffective|p2b: Floette|1\n|-damage|p2b: Floette|0 fnt\n|faint|p2b: Floette\n|\n|-weather|none\n|-sideend|p1: jyotsha|move: Aurora Veil\n|upkeep\n|\n|t:|1776028079\n|switch|p2b: Milotic|Milotic, L50, F, shiny|100/100\n|turn|6\n|\n|t:|1776028091\n|move|p1a: Maushold|Protect|p1a: Maushold\n|-singleturn|p1a: Maushold|Protect\n|move|p2a: Aerodactyl|Rock Slide|p1a: Maushold|[spread] p1b\n|-activate|p1a: Maushold|move: Protect\n|-damage|p1b: Corviknight|86/100\n|move|p2b: Milotic|Icy Wind|p1b: Corviknight|[spread] p1b\n|-activate|p1a: Maushold|move: Protect\n|-damage|p1b: Corviknight|76/100\n|-ability|p1b: Corviknight|Mirror Armor\n|-unboost|p2b: Milotic|spe|1\n|-ability|p2b: Milotic|Competitive|boost\n|-boost|p2b: Milotic|spa|2\n|move|p1b: Corviknight|Iron Head|p2a: Aerodactyl\n|-supereffective|p2a: Aerodactyl|1\n|-damage|p2a: Aerodactyl|0 fnt\n|faint|p2a: Aerodactyl\n|\n|-heal|p1b: Corviknight|82/100|[from] item: Leftovers\n|-sideend|p2: SilverMagicianVGC|move: Tailwind\n|upkeep\n|turn|7\n|inactive|jyotsha has 30 seconds left.\n|\n|t:|1776028121\n|move|p1a: Maushold|Super Fang|p2b: Milotic\n|-damage|p2b: Milotic|51/100\n|move|p1b: Corviknight|Iron Head|p2b: Milotic\n|-resisted|p2b: Milotic|1\n|-damage|p2b: Milotic|37/100\n|move|p2b: Milotic|Scald|p1a: Maushold\n|-damage|p1a: Maushold|0 fnt\n|faint|p1a: Maushold\n|\n|-heal|p1b: Corviknight|87/100|[from] item: Leftovers\n|-heal|p2b: Milotic|43/100|[from] item: Leftovers\n|upkeep\n|turn|8\n|\n|t:|1776028134\n|move|p2b: Milotic|Protect|p2b: Milotic\n|-singleturn|p2b: Milotic|Protect\n|move|p1b: Corviknight|Bulk Up|p1b: Corviknight\n|-boost|p1b: Corviknight|atk|1\n|-boost|p1b: Corviknight|def|1\n|\n|-heal|p1b: Corviknight|93/100|[from] item: Leftovers\n|-heal|p2b: Milotic|49/100|[from] item: Leftovers\n|upkeep\n|turn|9\n|\n|t:|1776028145\n|move|p1b: Corviknight|Brave Bird|p2b: Milotic\n|-damage|p2b: Milotic|0 fnt\n|faint|p2b: Milotic\n|-damage|p1b: Corviknight|76/100|[from] Recoil\n|\n|win|jyotsha\n|raw|jyotsha's rating: 1240 &rarr; <strong>1268</strong><br />(+28 for winning)\n|raw|SilverMagicianVGC's rating: 1284 &rarr; <strong>1256</strong><br />(-28 for losing)\n",
  "uploadtime": 1776028145,
  "views": 22,
  "formatid": "gen9championsvgc2026regma",
  "rating": 1256,
  "private": 0,
  "password": null
}