{
  "id": "gen9championsvgc2026regma-2581080707",
  "format": "[Gen 9 Champions] VGC 2026 Reg M-A",
  "players": [
    "pairinstability",
    "Rhicu"
  ],
  "log": "|j|\u2606pairinstability\n|j|\u2606Rhicu\n|t:|1775958013\n|gametype|doubles\n|player|p1|pairinstability|170|1083\n|player|p2|Rhicu|benga|1112\n|gen|9\n|tier|[Gen 9 Champions] VGC 2026 Reg M-A\n|rated|\n|rule|Species Clause: Limit one of each Pok\u00e9mon\n|rule|Item Clause: Limit 1 of each item\n|clearpoke\n|poke|p1|Victreebel, L50, M|\n|poke|p1|Dragonite, L50, F|\n|poke|p1|Aegislash, L50, M|\n|poke|p1|Basculegion, L50, M|\n|poke|p1|Pelipper, L50, F|\n|poke|p1|Rotom-Heat, L50|\n|poke|p2|Floette-Eternal, L50, F|\n|poke|p2|Whimsicott, L50, F|\n|poke|p2|Aerodactyl, L50, F|\n|poke|p2|Sinistcha-Masterpiece, L50|\n|poke|p2|Farigiraf, L50, F|\n|poke|p2|Arcanine, L50, M|\n|teampreview|4\n|\n|t:|1775958076\n|teamsize|p1|4\n|teamsize|p2|4\n|start\n|switch|p1a: Victreebel|Victreebel, L50, M|100/100\n|switch|p1b: Rotom|Rotom-Heat, L50|100/100\n|switch|p2a: Whimsicott|Whimsicott, L50, F|100/100\n|switch|p2b: Aerodactyl|Aerodactyl, L50, F|100/100\n|-ability|p2b: Aerodactyl|Unnerve\n|turn|1\n|\n|t:|1775958094\n|detailschange|p1a: Victreebel|Victreebel-Mega, L50, M\n|-mega|p1a: Victreebel|Victreebel|Victreebelite\n|move|p2a: Whimsicott|Tailwind|p2a: Whimsicott\n|-sidestart|p2: Rhicu|move: Tailwind\n|move|p2b: Aerodactyl|Rock Slide|p1a: Victreebel|[spread] p1a,p1b\n|-supereffective|p1b: Rotom|1\n|-damage|p1a: Victreebel|65/100\n|-damage|p1b: Rotom|42/100\n|move|p1b: Rotom|Volt Switch|p2b: Aerodactyl\n|-supereffective|p2b: Aerodactyl|1\n|-damage|p2b: Aerodactyl|5/100\n|\n|t:|1775958104\n|switch|p1b: Pelipper|Pelipper, L50, F|100/100|[from] Volt Switch\n|-weather|RainDance|[from] ability: Drizzle|[of] p1b: Pelipper\n|move|p1a: Victreebel|Sludge Wave|p2b: Aerodactyl|[spread] p1b,p2a,p2b\n|-supereffective|p2a: Whimsicott|2\n|-resisted|p2b: Aerodactyl|1\n|-damage|p1b: Pelipper|53/100\n|-damage|p2a: Whimsicott|0 fnt\n|-damage|p2b: Aerodactyl|0 fnt\n|faint|p2a: Whimsicott\n|faint|p2b: Aerodactyl\n|\n|-weather|RainDance|[upkeep]\n|upkeep\n|\n|t:|1775958114\n|switch|p2b: Farigiraf|Farigiraf, L50, F|100/100\n|switch|p2a: Floette|Floette-Eternal, L50, F|100/100\n|turn|2\n|\n|t:|1775958138\n|detailschange|p2a: Floette|Floette-Mega, L50, F\n|-mega|p2a: Floette|Floette|Floettite\n|-ability|p2a: Floette|Fairy Aura\n|move|p1b: Pelipper|Protect|p1b: Pelipper\n|-singleturn|p1b: Pelipper|Protect\n|move|p2a: Floette|Dazzling Gleam|p1b: Pelipper|[spread] p1a\n|-activate|p1b: Pelipper|move: Protect\n|-resisted|p1a: Victreebel|1\n|-damage|p1a: Victreebel|37/100\n|move|p2b: Farigiraf|Psychic|p1a: Victreebel\n|-supereffective|p1a: Victreebel|1\n|-damage|p1a: Victreebel|0 fnt\n|-damage|p2b: Farigiraf|75/100|[from] ability: Innards Out|[of] p1a: Victreebel\n|faint|p1a: Victreebel\n|\n|-weather|RainDance|[upkeep]\n|upkeep\n|\n|t:|1775958154\n|switch|p1a: Basculegion|Basculegion, L50, M|100/100\n|turn|3\n|\n|t:|1775958171\n|move|p2a: Floette|Protect|p2a: Floette\n|-singleturn|p2a: Floette|Protect\n|move|p1a: Basculegion|Protect|p1a: Basculegion\n|-singleturn|p1a: Basculegion|Protect\n|move|p2b: Farigiraf|Foul Play|p1a: Basculegion\n|-activate|p1a: Basculegion|move: Protect\n|move|p1b: Pelipper|Tailwind|p1b: Pelipper\n|-sidestart|p1: pairinstability|move: Tailwind\n|\n|-weather|RainDance|[upkeep]\n|upkeep\n|turn|4\n|\n|t:|1775958189\n|move|p1a: Basculegion|Last Respects|p2a: Floette\n|-damage|p2a: Floette|42/100\n|move|p2a: Floette|Dazzling Gleam|p1a: Basculegion|[spread] p1a,p1b\n|-damage|p1a: Basculegion|40/100\n|-damage|p1b: Pelipper|0 fnt\n|faint|p1b: Pelipper\n|move|p2b: Farigiraf|Foul Play|p1a: Basculegion\n|-supereffective|p1a: Basculegion|1\n|-damage|p1a: Basculegion|0 fnt\n|faint|p1a: Basculegion\n|\n|-weather|RainDance|[upkeep]\n|-sideend|p2: Rhicu|move: Tailwind\n|upkeep\n|\n|t:|1775958202\n|switch|p1b: Rotom|Rotom-Heat, L50|42/100\n|turn|5\n|\n|t:|1775958209\n|move|p1b: Rotom|Thunder|p2a: Floette\n|-damage|p2a: Floette|2/100\n|move|p2a: Floette|Dazzling Gleam|p1b: Rotom\n|-resisted|p1b: Rotom|1\n|-damage|p1b: Rotom|0 fnt\n|faint|p1b: Rotom\n|\n|win|Rhicu\n|raw|pairinstability's rating: 1083 &rarr; <strong>1062</strong><br />(-21 for losing)\n|raw|Rhicu's rating: 1112 &rarr; <strong>1135</strong><br />(+23 for winning)\n|l|\u2606pairinstability\n|player|p1|\n",
  "uploadtime": 1775958231,
  "views": 25,
  "formatid": "gen9championsvgc2026regma",
  "rating": 1062,
  "private": 0,
  "password": null
}