{
  "id": "gen9championsvgc2026regma-2582933602",
  "format": "[Gen 9 Champions] VGC 2026 Reg M-A",
  "players": [
    "EveJiie",
    "69ingIncineroar"
  ],
  "log": "|j|\u2606EveJiie\n|j|\u260669ingIncineroar\n|t:|1776126265\n|gametype|doubles\n|player|p1|EveJiie|waitress-gen4|1090\n|player|p2|69ingIncineroar|266|1119\n|gen|9\n|tier|[Gen 9 Champions] VGC 2026 Reg M-A\n|rated|\n|rule|Species Clause: Limit one of each Pok\u00e9mon\n|rule|Item Clause: Limit 1 of each item\n|clearpoke\n|poke|p1|Oranguru, L50, M|\n|poke|p1|Camerupt, L50, F|\n|poke|p1|Mimikyu, L50, M|\n|poke|p1|Feraligatr, L50, F|\n|poke|p1|Corviknight, L50, F|\n|poke|p1|Incineroar, L50, F|\n|poke|p2|Sneasler, L50, F|\n|poke|p2|Kingambit, L50, F|\n|poke|p2|Garchomp, L50, F|\n|poke|p2|Basculegion, L50, M|\n|poke|p2|Delphox, L50, F|\n|poke|p2|Aerodactyl, L50, F|\n|teampreview|4\n|inactive|Battle timer is ON: inactive players will automatically lose when time's up. (requested by 69ingIncineroar)\n|inactive|69ingIncineroar has 60 seconds left.\n|\n|t:|1776126300\n|teamsize|p1|4\n|teamsize|p2|4\n|start\n|switch|p1a: Mimikyu|Mimikyu, L50, M|100/100\n|switch|p1b: Camerupt|Camerupt, L50, F|100/100\n|switch|p2a: Kingambit|Kingambit, L50, F|100/100\n|switch|p2b: Garchomp|Garchomp, L50, F|100/100\n|turn|1\n|\n|t:|1776126311\n|move|p2a: Kingambit|Protect|p2a: Kingambit\n|-singleturn|p2a: Kingambit|Protect\n|move|p1b: Camerupt|Protect|p1b: Camerupt\n|-singleturn|p1b: Camerupt|Protect\n|move|p2b: Garchomp|Earthquake|p1b: Camerupt|[spread] p1a\n|-activate|p2a: Kingambit|move: Protect\n|-activate|p1b: Camerupt|move: Protect\n|-activate|p1a: Mimikyu|ability: Disguise\n|-damage|p1a: Mimikyu|100/100\n|detailschange|p1a: Mimikyu|Mimikyu-Busted, L50, M\n|-damage|p1a: Mimikyu|88/100|[from] pokemon: Mimikyu-Busted\n|move|p1a: Mimikyu|Trick Room|p1a: Mimikyu\n|-fieldstart|move: Trick Room|[of] p1a: Mimikyu\n|\n|upkeep\n|turn|2\n|inactive|EveJiie has 30 seconds left.\n|\n|t:|1776126338\n|detailschange|p1b: Camerupt|Camerupt-Mega, L50, F\n|-mega|p1b: Camerupt|Camerupt|Cameruptite\n|move|p2a: Kingambit|Sucker Punch|p1b: Camerupt\n|-damage|p1b: Camerupt|52/100\n|move|p1b: Camerupt|Earth Power|p2a: Kingambit\n|-supereffective|p2a: Kingambit|1\n|-damage|p2a: Kingambit|0 fnt\n|faint|p2a: Kingambit\n|move|p1a: Mimikyu|Play Rough|p2b: Garchomp|[miss]\n|-miss|p1a: Mimikyu|p2b: Garchomp\n|move|p2b: Garchomp|Stomping Tantrum|p1b: Camerupt\n|-supereffective|p1b: Camerupt|1\n|-damage|p1b: Camerupt|0 fnt\n|faint|p1b: Camerupt\n|\n|upkeep\n|\n|t:|1776126360\n|switch|p1b: Incineroar|Incineroar, L50, F|100/100\n|switch|p2a: Basculegion|Basculegion, L50, M|100/100\n|-ability|p1b: Incineroar|Intimidate|boost\n|-unboost|p2a: Basculegion|atk|1\n|-unboost|p2b: Garchomp|atk|1\n|turn|3\n|\n|t:|1776126374\n|move|p2b: Garchomp|Protect|p2b: Garchomp\n|-singleturn|p2b: Garchomp|Protect\n|move|p1a: Mimikyu|Shadow Sneak|p2a: Basculegion\n|-supereffective|p2a: Basculegion|1\n|-damage|p2a: Basculegion|60/100\n|move|p1b: Incineroar|Darkest Lariat|p2a: Basculegion\n|-supereffective|p2a: Basculegion|1\n|-damage|p2a: Basculegion|0 fnt\n|faint|p2a: Basculegion\n|\n|upkeep\n|\n|t:|1776126382\n|switch|p2a: Delphox|Delphox, L50, F, shiny|100/100\n|turn|4\n|\n|t:|1776126395\n|detailschange|p2a: Delphox|Delphox-Mega, L50, F, shiny\n|-mega|p2a: Delphox|Delphox|Delphoxite\n|move|p1b: Incineroar|Parting Shot|p2b: Garchomp\n|-unboost|p2b: Garchomp|atk|1\n|-unboost|p2b: Garchomp|spa|1\n|\n|t:|1776126400\n|switch|p1b: Oranguru|Oranguru, L50, M|100/100|[from] Parting Shot\n|move|p1a: Mimikyu|Swords Dance|p1a: Mimikyu\n|-boost|p1a: Mimikyu|atk|2\n|move|p2b: Garchomp|Earthquake|p1a: Mimikyu|[spread] p1a,p1b\n|-immune|p2a: Delphox|[from] ability: Levitate\n|-damage|p1a: Mimikyu|62/100\n|-damage|p1b: Oranguru|79/100\n|move|p2a: Delphox|Heat Wave|p1a: Mimikyu|[spread] p1a,p1b\n|-damage|p1a: Mimikyu|18/100\n|-damage|p1b: Oranguru|45/100\n|-status|p1b: Oranguru|brn\n|\n|-damage|p1b: Oranguru|39/100 brn|[from] brn\n|upkeep\n|turn|5\n|\n|t:|1776126420\n|move|p2b: Garchomp|Protect|p2b: Garchomp\n|-singleturn|p2b: Garchomp|Protect\n|move|p2a: Delphox|Protect|p2a: Delphox\n|-singleturn|p2a: Delphox|Protect\n|move|p1a: Mimikyu|Shadow Sneak|p2a: Delphox\n|-activate|p2a: Delphox|move: Protect\n|move|p1b: Oranguru|Knock Off|p2a: Delphox\n|-activate|p2a: Delphox|move: Protect\n|\n|-damage|p1b: Oranguru|33/100 brn|[from] brn\n|-fieldend|move: Trick Room\n|upkeep\n|turn|6\n|\n|t:|1776126434\n|move|p1a: Mimikyu|Shadow Sneak|p2a: Delphox\n|-supereffective|p2a: Delphox|1\n|-damage|p2a: Delphox|0 fnt\n|faint|p2a: Delphox\n|move|p2b: Garchomp|Earthquake|p1b: Oranguru|[spread] p1a,p1b\n|-damage|p1a: Mimikyu|0 fnt\n|-damage|p1b: Oranguru|13/100 brn\n|faint|p1a: Mimikyu\n|move|p1b: Oranguru|Trick Room|p1b: Oranguru\n|-fieldstart|move: Trick Room|[of] p1b: Oranguru\n|\n|-damage|p1b: Oranguru|7/100 brn|[from] brn\n|upkeep\n|\n|t:|1776126442\n|switch|p1a: Incineroar|Incineroar, L50, F|100/100\n|-ability|p1a: Incineroar|Intimidate|boost\n|-unboost|p2b: Garchomp|atk|1\n|turn|7\n|\n|t:|1776126453\n|move|p2b: Garchomp|Protect|p2b: Garchomp\n|-singleturn|p2b: Garchomp|Protect\n|move|p1a: Incineroar|Fake Out|p2b: Garchomp\n|-activate|p2b: Garchomp|move: Protect\n|move|p1b: Oranguru|Psychic|p2b: Garchomp\n|-activate|p2b: Garchomp|move: Protect\n|\n|-damage|p1b: Oranguru|1/100 brn|[from] brn\n|upkeep\n|turn|8\n|\n|t:|1776126470\n|move|p1a: Incineroar|Darkest Lariat|p2b: Garchomp\n|-damage|p2b: Garchomp|60/100\n|-damage|p1a: Incineroar|88/100|[from] ability: Rough Skin|[of] p2b: Garchomp\n|move|p1b: Oranguru|Knock Off|p2b: Garchomp\n|-damage|p2b: Garchomp|53/100\n|-damage|p1b: Oranguru|0 fnt|[from] ability: Rough Skin|[of] p2b: Garchomp\n|-enditem|p2b: Garchomp|Haban Berry|[from] move: Knock Off|[of] p1b: Oranguru\n|faint|p1b: Oranguru\n|move|p2b: Garchomp|Earthquake|p1a: Incineroar\n|-supereffective|p1a: Incineroar|1\n|-damage|p1a: Incineroar|49/100\n|-enditem|p1a: Incineroar|Sitrus Berry|[eat]\n|-heal|p1a: Incineroar|73/100|[from] item: Sitrus Berry\n|\n|upkeep\n|turn|9\n|inactive|69ingIncineroar has 30 seconds left.\n|\n|t:|1776126497\n|move|p1a: Incineroar|Darkest Lariat|p2b: Garchomp\n|-crit|p2b: Garchomp\n|-damage|p2b: Garchomp|0 fnt\n|-damage|p1a: Incineroar|61/100|[from] ability: Rough Skin|[of] p2b: Garchomp\n|faint|p2b: Garchomp\n|\n|win|EveJiie\n|raw|EveJiie's rating: 1090 &rarr; <strong>1119</strong><br />(+29 for winning)\n|raw|69ingIncineroar's rating: 1119 &rarr; <strong>1092</strong><br />(-27 for losing)\n|c|\u2606EveJiie|gg\n|l|\u260669ingIncineroar\n|player|p2|\n",
  "uploadtime": 1776126512,
  "views": 13,
  "formatid": "gen9championsvgc2026regma",
  "rating": 1092,
  "private": 0,
  "password": null
}