{
  "id": "gen9championsvgc2026regma-2580745027",
  "format": "[Gen 9 Champions] VGC 2026 Reg M-A",
  "players": [
    "ABITW",
    "xBabis_"
  ],
  "log": "|j|\u2606ABITW\n|j|\u2606xBabis_\n|t:|1775928990\n|gametype|doubles\n|player|p1|ABITW|265|1000\n|player|p2|xBabis_|170|1000\n|gen|9\n|tier|[Gen 9 Champions] VGC 2026 Reg M-A\n|rated|\n|rule|Species Clause: Limit one of each Pok\u00e9mon\n|rule|Item Clause: Limit 1 of each item\n|clearpoke\n|poke|p1|Mimikyu, L50, M|\n|poke|p1|Incineroar, L50, F|\n|poke|p1|Slowbro, L50, M|\n|poke|p1|Kingambit, L50, M|\n|poke|p1|Garchomp, L50, M|\n|poke|p1|Venusaur, L50, M|\n|poke|p2|Feraligatr, L50, F|\n|poke|p2|Empoleon, L50, F|\n|poke|p2|Rotom-Wash, L50|\n|poke|p2|Garchomp, L50, F|\n|poke|p2|Talonflame, L50, M|\n|poke|p2|Clefable, L50, F|\n|teampreview|4\nxBabis_ has agreed to open team sheets.\nABITW has agreed to open team sheets.\n|showteam|p1|Mimikyu||MentalHerb|Disguise|PlayRough,Protect,ShadowClaw,TrickRoom|||M|||50|]Incineroar||SitrusBerry|Intimidate|FlareBlitz,PartingShot,FakeOut,Protect|||F|||50|]Slowbro||Leftovers|Regenerator|TrickRoom,Scald,Psychic,Protect|||M|||50|]Kingambit||BlackGlasses|Defiant|KowtowCleave,SuckerPunch,IronHead,Protect|||M|||50|]Garchomp||KingsRock|RoughSkin|Earthquake,DragonClaw,RockSlide,SwordsDance|||M|||50|]Venusaur||Venusaurite|Chlorophyll|LeafStorm,SludgeBomb,EarthPower,WeatherBall|||M|||50|\n|showteam|p2|Feraligatr||Feraligite|SheerForce|Liquidation,SwordsDance,BodySlam,Protect|||F|||50|]Empoleon||Leftovers|Competitive|IcyWind,Surf,FlashCannon,Protect|||F|||50|]Rotom-Wash||SitrusBerry|Levitate|Thunderbolt,HydroPump,ThunderWave,Protect||||||50|]Garchomp|||RoughSkin|Earthquake,DragonClaw,SwordsDance,Protect|||F|||50|]Talonflame||FocusSash|GaleWings|Tailwind,BraveBird,WillOWisp,Protect|||M|||50|]Clefable||FairyFeather|CuteCharm|Protect,HelpingHand,FollowMe,ThunderWave|||F|||50|\n|\n|t:|1775929037\n|teamsize|p1|4\n|teamsize|p2|4\n|start\n|switch|p1a: Pyca|Mimikyu, L50, M, shiny|100/100\n|switch|p1b: Perish|Incineroar, L50, F|100/100\n|switch|p2a: Empoleon|Empoleon, L50, F|100/100\n|switch|p2b: Feraligatr|Feraligatr, L50, F|100/100\n|-ability|p1b: Perish|Intimidate|boost\n|-unboost|p2a: Empoleon|atk|1\n|-ability|p2a: Empoleon|Competitive|boost\n|-boost|p2a: Empoleon|spa|2\n|-unboost|p2b: Feraligatr|atk|1\n|turn|1\n|\n|t:|1775929080\n|move|p1b: Perish|Fake Out|p2a: Empoleon\n|-resisted|p2a: Empoleon|1\n|-crit|p2a: Empoleon\n|-damage|p2a: Empoleon|94/100\n|move|p2b: Feraligatr|Swords Dance|p2b: Feraligatr\n|-boost|p2b: Feraligatr|atk|2\n|cant|p2a: Empoleon|flinch\n|move|p1a: Pyca|Trick Room|p1a: Pyca\n|-fieldstart|move: Trick Room|[of] p1a: Pyca\n|\n|-heal|p2a: Empoleon|99/100|[from] item: Leftovers\n|upkeep\n|turn|2\n|\n|t:|1775929110\n|move|p1a: Pyca|Protect|p1a: Pyca\n|-singleturn|p1a: Pyca|Protect\n|move|p1b: Perish|Parting Shot|p2b: Feraligatr\n|-unboost|p2b: Feraligatr|atk|1\n|-unboost|p2b: Feraligatr|spa|1\n|\n|t:|1775929117\n|switch|p1b: Blue Steel|Kingambit, L50, M, shiny|100/100|[from] Parting Shot\n|move|p2a: Empoleon|Surf|p1b: Blue Steel|[spread] p2b,p1b\n|-activate|p1a: Pyca|move: Protect\n|-resisted|p2b: Feraligatr|1\n|-damage|p2b: Feraligatr|69/100\n|-damage|p1b: Blue Steel|55/100\n|move|p2b: Feraligatr|Body Slam|p1a: Pyca\n|-activate|p1a: Pyca|move: Protect\n|\n|-heal|p2a: Empoleon|100/100|[from] item: Leftovers\n|upkeep\n|turn|3\n|\n|t:|1775929172\n|move|p2b: Feraligatr|Protect|p2b: Feraligatr\n|-singleturn|p2b: Feraligatr|Protect\n|move|p1b: Blue Steel|Sucker Punch||[still]\n|-fail|p1b: Blue Steel\n|move|p2a: Empoleon|Flash Cannon|p1a: Pyca\n|-activate|p1a: Pyca|ability: Disguise\n|-damage|p1a: Pyca|100/100\n|detailschange|p1a: Pyca|Mimikyu-Busted, L50, M, shiny\n|-damage|p1a: Pyca|88/100|[from] pokemon: Mimikyu-Busted\n|move|p1a: Pyca|Shadow Claw|p2a: Empoleon\n|-damage|p2a: Empoleon|81/100\n|\n|-heal|p2a: Empoleon|87/100|[from] item: Leftovers\n|upkeep\n|turn|4\n|\n|t:|1775929203\n|move|p2a: Empoleon|Protect|p2a: Empoleon\n|-singleturn|p2a: Empoleon|Protect\n|move|p1a: Pyca|Protect|p1a: Pyca\n|-singleturn|p1a: Pyca|Protect\n|move|p1b: Blue Steel|Sucker Punch||[still]\n|-fail|p1b: Blue Steel\n|move|p2b: Feraligatr|Swords Dance|p2b: Feraligatr\n|-boost|p2b: Feraligatr|atk|2\n|\n|-heal|p2a: Empoleon|93/100|[from] item: Leftovers\n|upkeep\n|turn|5\n|\n|t:|1775929232\n|move|p1b: Blue Steel|Sucker Punch|p2b: Feraligatr\n|-damage|p2b: Feraligatr|16/100\n|move|p2a: Empoleon|Flash Cannon|p1a: Pyca\n|-supereffective|p1a: Pyca|1\n|-damage|p1a: Pyca|0 fnt\n|faint|p1a: Pyca\n|move|p2b: Feraligatr|Liquidation|p1b: Blue Steel\n|-damage|p1b: Blue Steel|0 fnt\n|faint|p1b: Blue Steel\n|\n|-heal|p2a: Empoleon|98/100|[from] item: Leftovers\n|-fieldend|move: Trick Room\n|upkeep\n|\n|t:|1775929245\n|switch|p1a: Garchomp|Garchomp, L50, M|100/100\n|switch|p1b: Perish|Incineroar, L50, F|100/100\n|-ability|p1b: Perish|Intimidate|boost\n|-unboost|p2a: Empoleon|atk|1\n|-ability|p2a: Empoleon|Competitive|boost\n|-boost|p2a: Empoleon|spa|2\n|-unboost|p2b: Feraligatr|atk|1\n|turn|6\n|\n|t:|1775929279\n|move|p2b: Feraligatr|Protect|p2b: Feraligatr\n|-singleturn|p2b: Feraligatr|Protect\n|move|p1b: Perish|Fake Out|p2a: Empoleon\n|-resisted|p2a: Empoleon|1\n|-damage|p2a: Empoleon|94/100\n|move|p1a: Garchomp|Swords Dance|p1a: Garchomp\n|-boost|p1a: Garchomp|atk|2\n|cant|p2a: Empoleon|flinch\n|\n|-heal|p2a: Empoleon|99/100|[from] item: Leftovers\n|upkeep\n|turn|7\n|\n|t:|1775929347\n|detailschange|p2b: Feraligatr|Feraligatr-Mega, L50, F\n|-mega|p2b: Feraligatr|Feraligatr|Feraligite\n|move|p2a: Empoleon|Protect|p2a: Empoleon\n|-singleturn|p2a: Empoleon|Protect\n|move|p1b: Perish|Protect|p1b: Perish\n|-singleturn|p1b: Perish|Protect\n|move|p2b: Feraligatr|Body Slam|p1a: Garchomp\n|-supereffective|p1a: Garchomp|1\n|-damage|p1a: Garchomp|0 fnt\n|-damage|p2b: Feraligatr|4/100|[from] ability: Rough Skin|[of] p1a: Garchomp\n|faint|p1a: Garchomp\n|\n|-heal|p2a: Empoleon|100/100|[from] item: Leftovers\n|upkeep\n|turn|8\n|-message|ABITW forfeited.\n|\n|win|xBabis_\n|raw|ABITW's rating: 1000 &rarr; <strong>1000</strong><br />(+0 for losing)\n|raw|xBabis_'s rating: 1000 &rarr; <strong>1040</strong><br />(+40 for winning)\n|l|\u2606ABITW\n|player|p1|\n",
  "uploadtime": 1775929396,
  "views": 12,
  "formatid": "gen9championsvgc2026regma",
  "rating": 1000,
  "private": 0,
  "password": null
}