{
  "id": "gen9championsvgc2026regma-2582642335",
  "format": "[Gen 9 Champions] VGC 2026 Reg M-A",
  "players": [
    "SimMikaze",
    "okstew"
  ],
  "log": "|j|\u2606SimMikaze\n|j|\u2606okstew\n|t:|1776104462\n|gametype|doubles\n|player|p1|SimMikaze|miku-ghost|1388\n|player|p2|okstew|schoolkid-gen4dp|1328\n|gen|9\n|tier|[Gen 9 Champions] VGC 2026 Reg M-A\n|rated|\n|rule|Species Clause: Limit one of each Pok\u00e9mon\n|rule|Item Clause: Limit 1 of each item\n|clearpoke\n|poke|p1|Gardevoir, L50, F|\n|poke|p1|Incineroar, L50, M|\n|poke|p1|Rotom-Wash, L50|\n|poke|p1|Garchomp, L50, F|\n|poke|p1|Excadrill, L50, M|\n|poke|p1|Tyranitar, L50, M|\n|poke|p2|Froslass, L50, F|\n|poke|p2|Sinistcha, L50|\n|poke|p2|Incineroar, L50, F|\n|poke|p2|Rotom-Wash, L50|\n|poke|p2|Corviknight, L50, M|\n|poke|p2|Sneasler, L50, F|\n|teampreview|4\n|j| number86\n|l| number86\n|inactive|Battle timer is ON: inactive players will automatically lose when time's up. (requested by okstew)\n|inactive|SimMikaze has 60 seconds left.\n|\n|t:|1776104551\n|teamsize|p1|4\n|teamsize|p2|4\n|start\n|switch|p1a: Tyranitar|Tyranitar, L50, M|100/100\n|switch|p1b: Rotom|Rotom-Wash, L50|100/100\n|switch|p2a: Incineroar|Incineroar, L50, F|100/100\n|switch|p2b: Corviknight|Corviknight, L50, M|100/100\n|-weather|Sandstorm|[from] ability: Sand Stream|[of] p1a: Tyranitar\n|-ability|p2a: Incineroar|Intimidate|boost\n|-unboost|p1a: Tyranitar|atk|1\n|-unboost|p1b: Rotom|atk|1\n|turn|1\n|inactive|SimMikaze has 30 seconds left.\n|\n|t:|1776104578\n|move|p1a: Tyranitar|Protect|p1a: Tyranitar\n|-singleturn|p1a: Tyranitar|Protect\n|move|p2a: Incineroar|Fake Out|p1b: Rotom\n|-damage|p1b: Rotom|81/100\n|cant|p1b: Rotom|flinch\n|move|p2b: Corviknight|Body Press|p1a: Tyranitar\n|-activate|p1a: Tyranitar|move: Protect\n|\n|-weather|Sandstorm|[upkeep]\n|-damage|p1b: Rotom|75/100|[from] Sandstorm\n|-damage|p2a: Incineroar|95/100|[from] Sandstorm\n|upkeep\n|turn|2\n|\n|t:|1776104598\n|switch|p1a: Garchomp|Garchomp, L50, F|100/100\n|move|p1b: Rotom|Volt Switch|p2b: Corviknight\n|-supereffective|p2b: Corviknight|1\n|-damage|p2b: Corviknight|28/100\n|-enditem|p2b: Corviknight|Sitrus Berry|[eat]\n|-heal|p2b: Corviknight|53/100|[from] item: Sitrus Berry\n|\n|t:|1776104610\n|switch|p1b: Excadrill|Excadrill, L50, M|100/100|[from] Volt Switch\n|move|p2b: Corviknight|Body Press|p1a: Garchomp\n|-damage|p1a: Garchomp|81/100\n|move|p2a: Incineroar|Throat Chop|p1b: Excadrill\n|-damage|p1b: Excadrill|52/100\n|-start|p1b: Excadrill|Throat Chop|[silent]\n|\n|-weather|Sandstorm|[upkeep]\n|-damage|p2a: Incineroar|89/100|[from] Sandstorm\n|upkeep\n|turn|3\n|inactive|SimMikaze has 30 seconds left.\n|inactive|SimMikaze has 20 seconds left.\n|inactive|SimMikaze has 15 seconds left.\n|inactive|SimMikaze has 10 seconds left.\n|\n|t:|1776104657\n|move|p1a: Garchomp|Protect|p1a: Garchomp\n|-singleturn|p1a: Garchomp|Protect\n|move|p1b: Excadrill|Earthquake|p2b: Corviknight|[spread] p2a\n|-activate|p1a: Garchomp|move: Protect\n|-immune|p2b: Corviknight\n|-supereffective|p2a: Incineroar|1\n|-crit|p2a: Incineroar\n|-damage|p2a: Incineroar|0 fnt\n|faint|p2a: Incineroar\n|move|p2b: Corviknight|Tailwind|p2b: Corviknight\n|-sidestart|p2: okstew|move: Tailwind\n|\n|-weather|Sandstorm|[upkeep]\n|-end|p1b: Excadrill|Throat Chop|[silent]\n|upkeep\n|\n|t:|1776104669\n|switch|p2a: Sneasler|Sneasler, L50, F|100/100\n|turn|4\n|inactive|SimMikaze has 30 seconds left.\n|inactive|SimMikaze has 20 seconds left.\n|inactive|SimMikaze has 15 seconds left.\n|\n|t:|1776104713\n|move|p2a: Sneasler|Close Combat|p1b: Excadrill\n|-supereffective|p1b: Excadrill|1\n|-damage|p1b: Excadrill|0 fnt\n|-unboost|p2a: Sneasler|def|1\n|-unboost|p2a: Sneasler|spd|1\n|faint|p1b: Excadrill\n|-enditem|p2a: Sneasler|White Herb\n|-clearnegativeboost|p2a: Sneasler|[silent]\n|move|p2b: Corviknight|Bulk Up|p2b: Corviknight\n|-boost|p2b: Corviknight|atk|1\n|-boost|p2b: Corviknight|def|1\n|move|p1a: Garchomp|Earthquake|p2a: Sneasler|[spread] p2a\n|-immune|p2b: Corviknight\n|-supereffective|p2a: Sneasler|1\n|-damage|p2a: Sneasler|0 fnt\n|faint|p2a: Sneasler\n|\n|-weather|Sandstorm|[upkeep]\n|upkeep\n|\n|t:|1776104727\n|switch|p2a: Froslass|Froslass, L50, F|100/100\n|switch|p1b: Rotom|Rotom-Wash, L50|75/100\n|turn|5\n|inactive|SimMikaze has 30 seconds left.\n|\n|t:|1776104758\n|move|p1a: Garchomp|Protect|p1a: Garchomp\n|-singleturn|p1a: Garchomp|Protect\n|move|p2a: Froslass|Blizzard|p1b: Rotom|[spread] \n|-activate|p1a: Garchomp|move: Protect\n|-miss|p2a: Froslass|p1b: Rotom\n|move|p1b: Rotom|Volt Switch|p2b: Corviknight\n|-supereffective|p2b: Corviknight|1\n|-damage|p2b: Corviknight|0 fnt\n|faint|p2b: Corviknight\n|\n|t:|1776104767\n|switch|p1b: Tyranitar|Tyranitar, L50, M|100/100|[from] Volt Switch\n|\n|-weather|none\n|upkeep\n|turn|6\n|\n|t:|1776104779\n|switch|p1a: Rotom|Rotom-Wash, L50|75/100\n|detailschange|p2a: Froslass|Froslass-Mega, L50, F\n|-mega|p2a: Froslass|Froslass|Froslassite\n|-weather|Snowscape|[from] ability: Snow Warning|[of] p2a: Froslass\n|move|p1b: Tyranitar|Protect|p1b: Tyranitar\n|-singleturn|p1b: Tyranitar|Protect\n|move|p2a: Froslass|Blizzard|p1a: Rotom|[spread] p1a\n|-activate|p1b: Tyranitar|move: Protect\n|-resisted|p1a: Rotom|1\n|-damage|p1a: Rotom|45/100\n|-status|p1a: Rotom|frz\n|\n|-weather|Snowscape|[upkeep]\n|-sideend|p2: okstew|move: Tailwind\n|upkeep\n|turn|7\n|\n|t:|1776104798\n|detailschange|p1b: Tyranitar|Tyranitar-Mega, L50, M\n|-mega|p1b: Tyranitar|Tyranitar|Tyranitarite\n|-weather|Sandstorm|[from] ability: Sand Stream|[of] p1b: Tyranitar\n|cant|p1a: Rotom|frz\n|move|p2a: Froslass|Aurora Veil||[still]\n|-fail|p2a: Froslass\n|move|p1b: Tyranitar|Knock Off|p2a: Froslass\n|-supereffective|p2a: Froslass|1\n|-damage|p2a: Froslass|0 fnt\n|faint|p2a: Froslass\n|\n|win|SimMikaze\n|raw|SimMikaze's rating: 1388 &rarr; <strong>1405</strong><br />(+17 for winning)\n|raw|okstew's rating: 1328 &rarr; <strong>1311</strong><br />(-17 for losing)\n|l|\u2606okstew\n|player|p2|\n",
  "uploadtime": 1776104804,
  "views": 23,
  "formatid": "gen9championsvgc2026regma",
  "rating": 1311,
  "private": 0,
  "password": null
}