{
  "id": "gen9championsvgc2026regma-2581347621",
  "format": "[Gen 9 Champions] VGC 2026 Reg M-A",
  "players": [
    "RazzvyBerry",
    "Bradzinho"
  ],
  "log": "|j|\u2606RazzvyBerry\n|j|\u2606Bradzinho\n|t:|1775989917\n|gametype|doubles\n|player|p1|RazzvyBerry|harlequin|1167\n|player|p2|Bradzinho|youngster-gen4dp|1135\n|gen|9\n|tier|[Gen 9 Champions] VGC 2026 Reg M-A\n|rated|\n|rule|Species Clause: Limit one of each Pok\u00e9mon\n|rule|Item Clause: Limit 1 of each item\n|clearpoke\n|poke|p1|Azumarill, L50, F|\n|poke|p1|Froslass, L50, F|\n|poke|p1|Sinistcha, L50|\n|poke|p1|Incineroar, L50, M|\n|poke|p1|Sneasler, L50, F|\n|poke|p1|Aerodactyl, L50, F|\n|poke|p2|Charizard, L50, F|\n|poke|p2|Venusaur, L50, F|\n|poke|p2|Milotic, L50, F|\n|poke|p2|Floette-Eternal, L50, F|\n|poke|p2|Incineroar, L50, F|\n|poke|p2|Garchomp, L50, F|\n|teampreview|4\n|inactive|Battle timer is ON: inactive players will automatically lose when time's up. (requested by RazzvyBerry)\n|\n|t:|1775990019\n|teamsize|p1|4\n|teamsize|p2|4\n|start\n|switch|p1a: Sneasler|Sneasler, L50, F|100/100\n|switch|p1b: Aerodactyl|Aerodactyl, L50, F|100/100\n|switch|p2a: Incineroar|Incineroar, L50, F|100/100\n|switch|p2b: Charizard|Charizard, L50, F|100/100\n|-ability|p1b: Aerodactyl|Unnerve\n|-ability|p2a: Incineroar|Intimidate|boost\n|-unboost|p1a: Sneasler|atk|1\n|-unboost|p1b: Aerodactyl|atk|1\n|-enditem|p1a: Sneasler|White Herb\n|-clearnegativeboost|p1a: Sneasler|[silent]\n|turn|1\n|inactive|Bradzinho has 30 seconds left.\n|inactive|Bradzinho has 20 seconds left.\n|\n|t:|1775990056\n|detailschange|p2b: Charizard|Charizard-Mega-Y, L50, F\n|-mega|p2b: Charizard|Charizard|Charizardite Y\n|-weather|SunnyDay|[from] ability: Drought|[of] p2b: Charizard\n|move|p2b: Charizard|Protect|p2b: Charizard\n|-singleturn|p2b: Charizard|Protect\n|move|p1a: Sneasler|Fake Out|p2a: Incineroar\n|-damage|p2a: Incineroar|89/100\n|cant|p2a: Incineroar|flinch\n|move|p1b: Aerodactyl|Rock Slide|p2b: Charizard|[spread] p2a\n|-activate|p2b: Charizard|move: Protect\n|-supereffective|p2a: Incineroar|1\n|-damage|p2a: Incineroar|59/100\n|\n|-weather|SunnyDay|[upkeep]\n|upkeep\n|turn|2\n|inactive|RazzvyBerry has 30 seconds left.\n|inactive|Bradzinho has 30 seconds left.\n|inactive|RazzvyBerry has 20 seconds left.\n|inactive|Bradzinho has 20 seconds left.\n|inactive|RazzvyBerry has 15 seconds left.\n|\n|t:|1775990100\n|switch|p2b: Garchomp|Garchomp, L50, F|100/100\n|switch|p2a: Milotic|Milotic, L50, F|100/100\n|move|p1a: Sneasler|Close Combat|p2a: Milotic\n|-damage|p2a: Milotic|46/100\n|-unboost|p1a: Sneasler|def|1\n|-unboost|p1a: Sneasler|spd|1\n|move|p1b: Aerodactyl|Rock Slide|p2a: Milotic|[spread] p2a,p2b\n|-resisted|p2b: Garchomp|1\n|-damage|p2a: Milotic|31/100\n|-damage|p2b: Garchomp|92/100\n|\n|-weather|SunnyDay|[upkeep]\n|-heal|p2a: Milotic|37/100|[from] item: Leftovers\n|upkeep\n|turn|3\n|inactive|RazzvyBerry has 30 seconds left.\n|inactive|Bradzinho has 30 seconds left.\n|inactive|RazzvyBerry has 20 seconds left.\n|inactive|Bradzinho has 20 seconds left.\n|inactive|RazzvyBerry has 15 seconds left.\n|inactive|Bradzinho has 15 seconds left.\n|inactive|RazzvyBerry has 10 seconds left.\n|inactive|Bradzinho has 10 seconds left.\n|\n|t:|1775990149\n|move|p2a: Milotic|Protect|p2a: Milotic\n|-singleturn|p2a: Milotic|Protect\n|move|p1a: Sneasler|Close Combat|p2a: Milotic\n|-activate|p2a: Milotic|move: Protect\n|move|p2b: Garchomp|Dragon Claw|p1b: Aerodactyl\n|-damage|p1b: Aerodactyl|35/100\n|move|p1b: Aerodactyl|Rock Slide|p2b: Garchomp|[spread] \n|-activate|p2a: Milotic|move: Protect\n|-miss|p1b: Aerodactyl|p2b: Garchomp\n|\n|-weather|SunnyDay|[upkeep]\n|-heal|p2a: Milotic|43/100|[from] item: Leftovers\n|upkeep\n|turn|4\n|inactive|RazzvyBerry has 30 seconds left.\n|inactive|Bradzinho has 30 seconds left.\n|inactive|RazzvyBerry has 20 seconds left.\n|inactive|Bradzinho has 20 seconds left.\n|inactive|RazzvyBerry has 15 seconds left.\n|inactive|Bradzinho has 15 seconds left.\n|inactive|RazzvyBerry has 10 seconds left.\n|inactive|Bradzinho has 10 seconds left.\n|\n|t:|1775990196\n|move|p1a: Sneasler|Close Combat|p2a: Milotic\n|-damage|p2a: Milotic|0 fnt\n|-unboost|p1a: Sneasler|def|1\n|-unboost|p1a: Sneasler|spd|1\n|faint|p2a: Milotic\n|move|p2b: Garchomp|Dragon Claw|p1b: Aerodactyl\n|-damage|p1b: Aerodactyl|0 fnt\n|faint|p1b: Aerodactyl\n|\n|-weather|SunnyDay|[upkeep]\n|upkeep\n|\n|t:|1775990209\n|switch|p1b: Froslass|Froslass, L50, F|100/100\n|switch|p2a: Incineroar|Incineroar, L50, F|59/100\n|-ability|p2a: Incineroar|Intimidate|boost\n|-unboost|p1a: Sneasler|atk|1\n|-unboost|p1b: Froslass|atk|1\n|turn|5\n|\n|t:|1775990225\n|detailschange|p1b: Froslass|Froslass-Mega, L50, F\n|-mega|p1b: Froslass|Froslass|Froslassite\n|-weather|Snowscape|[from] ability: Snow Warning|[of] p1b: Froslass\n|move|p1a: Sneasler|Protect|p1a: Sneasler\n|-singleturn|p1a: Sneasler|Protect\n|move|p2a: Incineroar|Fake Out|p1a: Sneasler\n|-activate|p1a: Sneasler|move: Protect\n|move|p2b: Garchomp|Dragon Claw|p1a: Sneasler\n|-activate|p1a: Sneasler|move: Protect\n|move|p1b: Froslass|Aurora Veil|p1b: Froslass\n|-sidestart|p1: RazzvyBerry|move: Aurora Veil\n|\n|-weather|Snowscape|[upkeep]\n|upkeep\n|turn|6\n|inactive|Bradzinho has 30 seconds left.\n|inactive|Bradzinho has 20 seconds left.\n|inactive|Bradzinho has 15 seconds left.\n|\n|t:|1775990268\n|switch|p2a: Charizard|Charizard-Mega-Y, L50, F|100/100\n|-weather|SunnyDay|[from] ability: Drought|[of] p2a: Charizard\n|move|p1a: Sneasler|Close Combat|p2a: Charizard\n|-resisted|p2a: Charizard|1\n|-damage|p2a: Charizard|70/100\n|-unboost|p1a: Sneasler|def|1\n|-unboost|p1a: Sneasler|spd|1\n|move|p2b: Garchomp|Dragon Claw|p1a: Sneasler\n|-damage|p1a: Sneasler|0 fnt\n|faint|p1a: Sneasler\n|move|p1b: Froslass|Blizzard|p2b: Garchomp|[spread] p2a\n|-miss|p1b: Froslass|p2b: Garchomp\n|-crit|p2a: Charizard\n|-damage|p2a: Charizard|6/100\n|\n|-weather|SunnyDay|[upkeep]\n|upkeep\n|\n|t:|1775990284\n|switch|p1a: Azumarill|Azumarill, L50, F|100/100\n|turn|7\n|inactive|Bradzinho has 30 seconds left.\n|\n|t:|1775990322\n|switch|p2b: Incineroar|Incineroar, L50, F|59/100\n|-ability|p2b: Incineroar|Intimidate|boost\n|-unboost|p1a: Azumarill|atk|1\n|-unboost|p1b: Froslass|atk|1\n|move|p2a: Charizard|Protect|p2a: Charizard\n|-singleturn|p2a: Charizard|Protect\n|move|p1b: Froslass|Shadow Ball|p2a: Charizard\n|-activate|p2a: Charizard|move: Protect\n|move|p1a: Azumarill|Play Rough|p2b: Incineroar\n|-damage|p2b: Incineroar|28/100\n|-enditem|p2b: Incineroar|Sitrus Berry|[eat]\n|-heal|p2b: Incineroar|52/100|[from] item: Sitrus Berry\n|\n|-weather|SunnyDay|[upkeep]\n|upkeep\n|turn|8\n|inactive|RazzvyBerry has 30 seconds left.\n|inactive|Bradzinho has 30 seconds left.\n|\n|t:|1775990357\n|move|p1a: Azumarill|Protect|p1a: Azumarill\n|-singleturn|p1a: Azumarill|Protect\n|move|p2b: Incineroar|Fake Out|p1b: Froslass\n|-immune|p1b: Froslass\n|move|p1b: Froslass|Shadow Ball|p2a: Charizard\n|-damage|p2a: Charizard|0 fnt\n|faint|p2a: Charizard\n|\n|-weather|SunnyDay|[upkeep]\n|upkeep\n|\n|t:|1775990368\n|switch|p2a: Garchomp|Garchomp, L50, F|92/100\n|turn|9\n|\n|t:|1775990393\n|move|p2a: Garchomp|Rock Slide|p1a: Azumarill|[spread] p1a,p1b\n|-supereffective|p1b: Froslass|1\n|-damage|p1a: Azumarill|86/100\n|-damage|p1b: Froslass|58/100\n|move|p1b: Froslass|Blizzard|p2a: Garchomp|[spread] p2a\n|-miss|p1b: Froslass|p2b: Incineroar\n|-supereffective|p2a: Garchomp|2\n|-damage|p2a: Garchomp|0 fnt\n|faint|p2a: Garchomp\n|move|p2b: Incineroar|Flare Blitz|p1a: Azumarill\n|-resisted|p1a: Azumarill|1\n|-damage|p1a: Azumarill|63/100\n|-status|p1a: Azumarill|brn\n|-damage|p2b: Incineroar|45/100|[from] Recoil\n|cant|p1a: Azumarill|flinch\n|\n|-weather|SunnyDay|[upkeep]\n|-damage|p1a: Azumarill|57/100 brn|[from] brn\n|-sideend|p1: RazzvyBerry|move: Aurora Veil\n|upkeep\n|turn|10\n|inactive|RazzvyBerry has 30 seconds left.\n|\n|t:|1775990427\n|move|p1b: Froslass|Shadow Ball|p2b: Incineroar\n|-resisted|p2b: Incineroar|1\n|-damage|p2b: Incineroar|28/100\n|move|p2b: Incineroar|Flare Blitz|p1b: Froslass\n|-supereffective|p1b: Froslass|1\n|-damage|p1b: Froslass|0 fnt\n|faint|p1b: Froslass\n|-damage|p2b: Incineroar|14/100|[from] Recoil\n|move|p1a: Azumarill|Play Rough|p2b: Incineroar\n|-damage|p2b: Incineroar|0 fnt\n|faint|p2b: Incineroar\n|\n|win|RazzvyBerry\n|raw|RazzvyBerry's rating: 1167 &rarr; <strong>1190</strong><br />(+23 for winning)\n|raw|Bradzinho's rating: 1135 &rarr; <strong>1112</strong><br />(-23 for losing)\n|l|\u2606Bradzinho\n|player|p2|\n",
  "uploadtime": 1775990455,
  "views": 20,
  "formatid": "gen9championsvgc2026regma",
  "rating": 1112,
  "private": 0,
  "password": null
}