{
  "id": "gen9championsvgc2026regma-2583880907",
  "format": "[Gen 9 Champions] VGC 2026 Reg M-A",
  "players": [
    "apexdesu",
    "GingerChord_"
  ],
  "log": "|j|\u2606apexdesu\n|j|\u2606GingerChord_\n|t:|1776205044\n|gametype|doubles\n|player|p1|apexdesu|cowgirl|1124\n|player|p2|GingerChord_|102|1066\n|gen|9\n|tier|[Gen 9 Champions] VGC 2026 Reg M-A\n|rated|\n|rule|Species Clause: Limit one of each Pok\u00e9mon\n|rule|Item Clause: Limit 1 of each item\n|clearpoke\n|poke|p1|Sinistcha, L50|\n|poke|p1|Crabominable, L50, M|\n|poke|p1|Camerupt, L50, M|\n|poke|p1|Incineroar, L50, F|\n|poke|p1|Farigiraf, L50, F|\n|poke|p1|Torkoal, L50, F|\n|poke|p2|Meganium, L50, F|\n|poke|p2|Archaludon, L50, M|\n|poke|p2|Aerodactyl, L50, M|\n|poke|p2|Typhlosion-Hisui, L50, F|\n|poke|p2|Tauros-Paldea-Aqua, L50, M|\n|poke|p2|Kangaskhan, L50, F|\n|teampreview|4\n|\n|t:|1776205068\n|teamsize|p1|4\n|teamsize|p2|4\n|start\n|switch|p1a: Incineroar|Incineroar, L50, F|100/100\n|switch|p1b: Farigiraf|Farigiraf, L50, F|100/100\n|switch|p2a: Kangaskhan|Kangaskhan, L50, F|100/100\n|switch|p2b: Aerodactyl|Aerodactyl, L50, M|100/100\n|-ability|p2b: Aerodactyl|Unnerve\n|-ability|p1a: Incineroar|Intimidate|boost\n|-fail|p2a: Kangaskhan|unboost|Attack|[from] ability: Inner Focus|[of] p2a: Kangaskhan\n|-unboost|p2b: Aerodactyl|atk|1\n|turn|1\n|inactive|Battle timer is ON: inactive players will automatically lose when time's up. (requested by GingerChord_)\n|\n|t:|1776205097\n|move|p2a: Kangaskhan|Fake Out||[still]\n|cant|p1b: Farigiraf|ability: Armor Tail|Fake Out|[of] p2a: Kangaskhan\n|move|p1a: Incineroar|Fake Out|p2b: Aerodactyl\n|-resisted|p2b: Aerodactyl|1\n|-damage|p2b: Aerodactyl|90/100\n|cant|p2b: Aerodactyl|flinch\n|move|p1b: Farigiraf|Trick Room|p1b: Farigiraf\n|-fieldstart|move: Trick Room|[of] p1b: Farigiraf\n|\n|upkeep\n|turn|2\n|inactive|apexdesu has 30 seconds left.\n|\n|t:|1776205129\n|move|p2a: Kangaskhan|Sucker Punch||[still]\n|cant|p1b: Farigiraf|ability: Armor Tail|Sucker Punch|[of] p2a: Kangaskhan\n|move|p1a: Incineroar|Parting Shot|p2a: Kangaskhan\n|-unboost|p2a: Kangaskhan|atk|1\n|-unboost|p2a: Kangaskhan|spa|1\n|\n|t:|1776205138\n|switch|p1a: Camerupt|Camerupt, L50, M|100/100|[from] Parting Shot\n|move|p1b: Farigiraf|Psychic|p2b: Aerodactyl\n|-damage|p2b: Aerodactyl|36/100\n|move|p2b: Aerodactyl|Rock Slide|p1b: Farigiraf|[spread] p1a,p1b\n|-damage|p1a: Camerupt|76/100\n|-damage|p1b: Farigiraf|87/100\n|\n|upkeep\n|turn|3\n|\n|t:|1776205157\n|detailschange|p1a: Camerupt|Camerupt-Mega, L50, M\n|-mega|p1a: Camerupt|Camerupt|Cameruptite\n|move|p1b: Farigiraf|Helping Hand|p1a: Camerupt\n|-singleturn|p1a: Camerupt|Helping Hand|[of] p1b: Farigiraf\n|move|p1a: Camerupt|Eruption|p2a: Kangaskhan|[spread] p2a,p2b\n|-resisted|p2b: Aerodactyl|1\n|-damage|p2a: Kangaskhan|8/100\n|-damage|p2b: Aerodactyl|0 fnt\n|faint|p2b: Aerodactyl\n|move|p2a: Kangaskhan|Low Kick|p1a: Camerupt\n|-damage|p1a: Camerupt|54/100\n|\n|upkeep\n|\n|t:|1776205165\n|switch|p2b: Tauros|Tauros-Paldea-Aqua, L50, M|100/100\n|-ability|p2b: Tauros|Intimidate|boost\n|-unboost|p1a: Camerupt|atk|1\n|-unboost|p1b: Farigiraf|atk|1\n|turn|4\n|inactive|apexdesu has 30 seconds left.\n|\n|t:|1776205190\n|move|p2b: Tauros|Protect|p2b: Tauros\n|-singleturn|p2b: Tauros|Protect\n|move|p1a: Camerupt|Heat Wave|p2b: Tauros|[spread] p2a\n|-activate|p2b: Tauros|move: Protect\n|-damage|p2a: Kangaskhan|0 fnt\n|faint|p2a: Kangaskhan\n|move|p1b: Farigiraf|Psychic|p2b: Tauros\n|-activate|p2b: Tauros|move: Protect\n|\n|upkeep\n|\n|t:|1776205195\n|switch|p2a: Meganium|Meganium, L50, F|100/100\n|turn|5\n|\n|t:|1776205208\n|detailschange|p2a: Meganium|Meganium-Mega, L50, F\n|-mega|p2a: Meganium|Meganium|Meganiumite\n|move|p1a: Camerupt|Heat Wave|p2a: Meganium|[spread] p2a,p2b\n|-supereffective|p2a: Meganium|1\n|-resisted|p2b: Tauros|1\n|-damage|p2a: Meganium|0 fnt\n|-damage|p2b: Tauros|62/100\n|faint|p2a: Meganium\n|move|p1b: Farigiraf|Psychic|p2b: Tauros\n|-supereffective|p2b: Tauros|1\n|-damage|p2b: Tauros|0 fnt\n|faint|p2b: Tauros\n|\n|win|apexdesu\n|raw|apexdesu's rating: 1124 &rarr; <strong>1145</strong><br />(+21 for winning)\n|raw|GingerChord_'s rating: 1066 &rarr; <strong>1049</strong><br />(-17 for losing)\n|l|\u2606GingerChord_\n|player|p2|\n",
  "uploadtime": 1776205221,
  "views": 15,
  "formatid": "gen9championsvgc2026regma",
  "rating": 1049,
  "private": 0,
  "password": null
}