{
  "id": "gen9championsvgc2026regma-2587027201",
  "format": "[Gen 9 Champions] VGC 2026 Reg M-A",
  "players": [
    "sprix",
    "AAAlelele"
  ],
  "log": "|j|\u2606sprix\n|j|\u2606AAAlelele\n|t:|1776482712\n|gametype|doubles\n|player|p1|sprix|benga|1327\n|player|p2|AAAlelele|ninjaboy|1392\n|gen|9\n|tier|[Gen 9 Champions] VGC 2026 Reg M-A\n|rated|\n|rule|Species Clause: Limit one of each Pok\u00e9mon\n|rule|Item Clause: Limit 1 of each item\n|clearpoke\n|poke|p1|Delphox, L50, F|\n|poke|p1|Sinistcha, L50|\n|poke|p1|Primarina, L50, F|\n|poke|p1|Rotom-Wash, L50|\n|poke|p1|Excadrill, L50, M|\n|poke|p1|Tyranitar, L50, M|\n|poke|p2|Floette-Eternal, L50, F|\n|poke|p2|Sneasler, L50, M|\n|poke|p2|Kingambit, L50, F|\n|poke|p2|Farigiraf, L50, M|\n|poke|p2|Camerupt, L50, F|\n|poke|p2|Rotom-Heat, L50|\n|teampreview|4\n|inactive|Battle timer is ON: inactive players will automatically lose when time's up. (requested by sprix)\n|inactive|sprix has 60 seconds left.\n|inactive|AAAlelele has 60 seconds left.\n|\n|t:|1776482751\n|teamsize|p1|4\n|teamsize|p2|4\n|start\n|switch|p1a: Excadrill|Excadrill, L50, M|100/100\n|switch|p1b: Tyranitar|Tyranitar, L50, M, shiny|100/100\n|switch|p2a: Sneasler|Sneasler, L50, M|100/100\n|switch|p2b: Rotom|Rotom-Heat, L50|100/100\n|-weather|Sandstorm|[from] ability: Sand Stream|[of] p1b: Tyranitar\n|turn|1\n|\n|t:|1776482775\n|move|p1a: Excadrill|Protect|p1a: Excadrill\n|-singleturn|p1a: Excadrill|Protect\n|move|p2a: Sneasler|Fake Out|p1a: Excadrill\n|-activate|p1a: Excadrill|move: Protect\n|move|p2b: Rotom|Volt Switch|p1b: Tyranitar\n|-damage|p1b: Tyranitar|82/100\n|\n|t:|1776482779\n|switch|p2b: Kingambit|Kingambit, L50, F|100/100|[from] Volt Switch\n|move|p1b: Tyranitar|Rock Slide|p2b: Kingambit|[spread] p2a\n|-miss|p1b: Tyranitar|p2b: Kingambit\n|-resisted|p2a: Sneasler|1\n|-damage|p2a: Sneasler|78/100\n|\n|-weather|Sandstorm|[upkeep]\n|-damage|p2a: Sneasler|72/100|[from] Sandstorm\n|upkeep\n|turn|2\n|\n|t:|1776482794\n|switch|p2a: Rotom|Rotom-Heat, L50|100/100\n|move|p1b: Tyranitar|Protect|p1b: Tyranitar\n|-singleturn|p1b: Tyranitar|Protect\n|move|p2b: Kingambit|Sucker Punch|p1a: Excadrill\n|-damage|p1a: Excadrill|28/100\n|move|p1a: Excadrill|Earthquake|p2b: Kingambit|[spread] p2b\n|-activate|p1b: Tyranitar|move: Protect\n|-immune|p2a: Rotom|[from] ability: Levitate\n|-supereffective|p2b: Kingambit|1\n|-damage|p2b: Kingambit|30/100\n|\n|-weather|Sandstorm|[upkeep]\n|-damage|p2a: Rotom|95/100|[from] Sandstorm\n|upkeep\n|turn|3\n|\n|t:|1776482820\n|switch|p1a: Rotom|Rotom-Wash, L50|100/100\n|move|p2a: Rotom|Thunderbolt|p1b: Tyranitar\n|-damage|p1b: Tyranitar|58/100\n|move|p1b: Tyranitar|Low Kick|p2b: Kingambit\n|-supereffective|p2b: Kingambit|2\n|-damage|p2b: Kingambit|0 fnt\n|faint|p2b: Kingambit\n|\n|-weather|Sandstorm|[upkeep]\n|-damage|p2a: Rotom|89/100|[from] Sandstorm\n|-damage|p1a: Rotom|95/100|[from] Sandstorm\n|upkeep\n|\n|t:|1776482832\n|switch|p2b: Sneasler|Sneasler, L50, M|72/100\n|turn|4\n|\n|t:|1776482848\n|switch|p1b: Primarina|Primarina, L50, F|100/100\n|move|p2a: Rotom|Thunderbolt|p1a: Rotom\n|-damage|p1a: Rotom|56/100\n|move|p2b: Sneasler|Close Combat|p1a: Rotom\n|-damage|p1a: Rotom|0 fnt\n|-unboost|p2b: Sneasler|def|1\n|-unboost|p2b: Sneasler|spd|1\n|faint|p1a: Rotom\n|-enditem|p2b: Sneasler|White Herb\n|-clearnegativeboost|p2b: Sneasler|[silent]\n|\n|-weather|Sandstorm|[upkeep]\n|-damage|p2b: Sneasler|66/100|[from] Sandstorm\n|-damage|p2a: Rotom|84/100|[from] Sandstorm\n|-damage|p1b: Primarina|95/100|[from] Sandstorm\n|-heal|p1b: Primarina|100/100|[from] item: Leftovers\n|upkeep\n|\n|t:|1776482867\n|switch|p1a: Excadrill|Excadrill, L50, M|28/100\n|turn|5\n|inactive|AAAlelele has 30 seconds left.\n|\n|t:|1776482893\n|move|p1a: Excadrill|Protect|p1a: Excadrill\n|-singleturn|p1a: Excadrill|Protect\n|move|p2b: Sneasler|Close Combat|p1a: Excadrill\n|-activate|p1a: Excadrill|move: Protect\n|move|p2a: Rotom|Thunderbolt|p1b: Primarina\n|-supereffective|p1b: Primarina|1\n|-damage|p1b: Primarina|29/100\n|move|p1b: Primarina|Calm Mind|p1b: Primarina\n|-boost|p1b: Primarina|spa|1\n|-boost|p1b: Primarina|spd|1\n|\n|-weather|none\n|-heal|p1b: Primarina|35/100|[from] item: Leftovers\n|upkeep\n|turn|6\n|\n|t:|1776482911\n|switch|p1a: Tyranitar|Tyranitar, L50, M, shiny|58/100\n|-weather|Sandstorm|[from] ability: Sand Stream|[of] p1a: Tyranitar\n|move|p1b: Primarina|Protect|p1b: Primarina\n|-singleturn|p1b: Primarina|Protect\n|move|p2b: Sneasler|Close Combat|p1a: Tyranitar\n|-supereffective|p1a: Tyranitar|2\n|-damage|p1a: Tyranitar|0 fnt\n|-unboost|p2b: Sneasler|def|1\n|-unboost|p2b: Sneasler|spd|1\n|faint|p1a: Tyranitar\n|move|p2a: Rotom|Thunderbolt|p1b: Primarina\n|-activate|p1b: Primarina|move: Protect\n|\n|-weather|Sandstorm|[upkeep]\n|-damage|p2b: Sneasler|60/100|[from] Sandstorm\n|-damage|p2a: Rotom|78/100|[from] Sandstorm\n|-damage|p1b: Primarina|29/100|[from] Sandstorm\n|-heal|p1b: Primarina|35/100|[from] item: Leftovers\n|upkeep\n|\n|t:|1776482928\n|switch|p1a: Excadrill|Excadrill, L50, M|28/100\n|turn|7\n|inactive|AAAlelele has 30 seconds left.\n|\n|t:|1776482956\n|switch|p2a: Floette|Floette-Eternal, L50, F|100/100\n|move|p2b: Sneasler|Dire Claw|p1b: Primarina\n|-supereffective|p1b: Primarina|1\n|-damage|p1b: Primarina|0 fnt\n|faint|p1b: Primarina\n|move|p1a: Excadrill|Rock Slide|p2a: Floette|[spread] p2a,p2b\n|-resisted|p2b: Sneasler|1\n|-damage|p2a: Floette|67/100\n|-damage|p2b: Sneasler|32/100\n|\n|-weather|Sandstorm|[upkeep]\n|-damage|p2b: Sneasler|26/100|[from] Sandstorm\n|-damage|p2a: Floette|61/100|[from] Sandstorm\n|upkeep\n|turn|8\n|\n|t:|1776482968\n|move|p2a: Floette|Protect|p2a: Floette\n|-singleturn|p2a: Floette|Protect\n|move|p2b: Sneasler|Close Combat|p1a: Excadrill\n|-supereffective|p1a: Excadrill|1\n|-damage|p1a: Excadrill|0 fnt\n|-unboost|p2b: Sneasler|def|1\n|-unboost|p2b: Sneasler|spd|1\n|faint|p1a: Excadrill\n|\n|win|AAAlelele\n|raw|sprix's rating: 1327 &rarr; <strong>1311</strong><br />(-16 for losing)\n|raw|AAAlelele's rating: 1392 &rarr; <strong>1408</strong><br />(+16 for winning)\n|l|\u2606sprix\n|player|p1|\n|l|\u2606AAAlelele\n|player|p2|\n|j|\u2606AAAlelele\n|player|p2|AAAlelele|ninjaboy|\n|l|\u2606AAAlelele\n|player|p2|\n|j|\u2606AAAlelele\n|player|p2|AAAlelele|ninjaboy|\n",
  "uploadtime": 1776482976,
  "views": 68,
  "formatid": "gen9championsvgc2026regma",
  "rating": 1311,
  "private": 0,
  "password": null
}