{
  "id": "gen9championsvgc2026regma-2587508968",
  "format": "[Gen 9 Champions] VGC 2026 Reg M-A",
  "players": [
    "Sublox",
    "Cello L."
  ],
  "log": "|j|\u2606Sublox\n|j|\u2606Cello L.\n|t:|1776537853\n|gametype|doubles\n|player|p1|Sublox|169|\n|player|p2|Cello L.|cynthia-gen4|\n|gen|9\n|tier|[Gen 9 Champions] VGC 2026 Reg M-A\n|rated|Tournament battle\n|rule|Species Clause: Limit one of each Pok\u00e9mon\n|rule|Item Clause: Limit 1 of each item\n|raw|<div class=\"infobox\"><details class=\"readmore\" open><summary><strong>1 custom rule:</strong></summary> Force Open Team Sheets</details></div>\n|clearpoke\n|poke|p1|Charizard, L50, M, shiny|\n|poke|p1|Whimsicott, L50, M|\n|poke|p1|Incineroar, L50, M|\n|poke|p1|Venusaur, L50, F|\n|poke|p1|Sneasler, L50, F|\n|poke|p1|Garchomp, L50, F|\n|poke|p2|Floette-Eternal, L50, F|\n|poke|p2|Tyranitar, L50, M|\n|poke|p2|Sneasler, L50, M|\n|poke|p2|Palafin, L50, F|\n|poke|p2|Incineroar, L50, F|\n|poke|p2|Sinistcha-Masterpiece, L50|\n|teampreview|4\n|showteam|p1|Charizard||CharizarditeY|Blaze|HeatWave,SolarBeam,WeatherBall,Protect|||M|||50|]Whimsicott||FocusSash|Prankster|Moonblast,Encore,Tailwind,SunnyDay|||M|||50|]Incineroar||SitrusBerry|Intimidate|FakeOut,FlareBlitz,DarkestLariat,PartingShot|||M|||50|]Venusaur||ScopeLens|Chlorophyll|EarthPower,SludgeBomb,SolarBeam,Protect|||F|||50|]Sneasler||WhiteHerb|PoisonTouch|DireClaw,CloseCombat,Protect,FakeOut|||F|||50|]Garchomp||Leftovers|RoughSkin|RockSlide,DragonClaw,StompingTantrum,Protect|||F|||50|\n|showteam|p2|Floette-Eternal||Floettite|FlowerVeil|Moonblast,DazzlingGleam,CalmMind,Protect|||F|||50|]Tyranitar||LumBerry|SandStream|RockSlide,KnockOff,HighHorsepower,Protect|||M|||50|]Sneasler||WhiteHerb|Unburden|CloseCombat,DireClaw,FakeOut,Protect|||M|||50|]Palafin||MysticWater|ZerotoHero|WaveCrash,JetPunch,CloseCombat,Protect|||F|||50|]Incineroar||ChopleBerry|Intimidate|FlareBlitz,DarkestLariat,FakeOut,PartingShot|||F|||50|]Sinistcha-Masterpiece||SitrusBerry|Hospitality|MatchaGotcha,RagePowder,LifeDew,TrickRoom||||||50|\n|j|~dhelmise\n|j| bosspark1737376\nCello L. has agreed to open team sheets.\n|l| bosspark1737376\n|\n|t:|1776537954\n|teamsize|p1|4\n|teamsize|p2|4\n|start\n|switch|p1a: Wolverina|Sneasler, L50, F|100/100\n|switch|p1b: Neg\u00e3o|Charizard, L50, M, shiny|100/100\n|switch|p2a: Heir|Floette-Eternal, L50, F|100/100\n|switch|p2b: Incineroar|Incineroar, L50, F|100/100\n|-ability|p2b: Incineroar|Intimidate|boost\n|-unboost|p1a: Wolverina|atk|1\n|-unboost|p1b: Neg\u00e3o|atk|1\n|-enditem|p1a: Wolverina|White Herb\n|-clearnegativeboost|p1a: Wolverina|[silent]\n|turn|1\n|\n|t:|1776537983\n|detailschange|p1b: Neg\u00e3o|Charizard-Mega-Y, L50, M, shiny\n|-mega|p1b: Neg\u00e3o|Charizard|Charizardite Y\n|-weather|SunnyDay|[from] ability: Drought|[of] p1b: Neg\u00e3o\n|detailschange|p2a: Heir|Floette-Mega, L50, F\n|-mega|p2a: Heir|Floette|Floettite\n|-ability|p2a: Heir|Fairy Aura\n|move|p1a: Wolverina|Fake Out|p2a: Heir\n|-damage|p2a: Heir|86/100\n|-status|p2a: Heir|psn|[from] ability: Poison Touch|[of] p1a: Wolverina\n|move|p2b: Incineroar|Fake Out|p1a: Wolverina\n|-damage|p1a: Wolverina|82/100\n|move|p1b: Neg\u00e3o|Heat Wave|p2a: Heir|[spread] p2a,p2b\n|-resisted|p2b: Incineroar|1\n|-damage|p2a: Heir|34/100 psn\n|-damage|p2b: Incineroar|70/100\n|cant|p2a: Heir|flinch\n|\n|-weather|SunnyDay|[upkeep]\n|-damage|p2a: Heir|22/100 psn|[from] psn\n|upkeep\n|turn|2\n|\n|t:|1776538020\n|move|p2a: Heir|Protect|p2a: Heir\n|-singleturn|p2a: Heir|Protect\n|move|p1a: Wolverina|Dire Claw|p2a: Heir\n|-activate|p2a: Heir|move: Protect\n|move|p1b: Neg\u00e3o|Heat Wave|p2b: Incineroar|[spread] p2b\n|-activate|p2a: Heir|move: Protect\n|-resisted|p2b: Incineroar|1\n|-crit|p2b: Incineroar\n|-damage|p2b: Incineroar|26/100\n|move|p2b: Incineroar|Flare Blitz|p1a: Wolverina\n|-damage|p1a: Wolverina|0 fnt\n|faint|p1a: Wolverina\n|-damage|p2b: Incineroar|5/100|[from] Recoil\n|\n|-weather|SunnyDay|[upkeep]\n|-damage|p2a: Heir|10/100 psn|[from] psn\n|upkeep\n|j| shadow193\n|\n|t:|1776538039\n|switch|p1a: Vov\u00f4 sapo|Venusaur, L50, F|100/100\n|turn|3\n|\n|t:|1776538056\n|switch|p2a: Tyranocif|Tyranitar, L50, M|100/100\n|-weather|Sandstorm|[from] ability: Sand Stream|[of] p2a: Tyranocif\n|move|p1b: Neg\u00e3o|Heat Wave|p2a: Tyranocif|[spread] p2a\n|-miss|p1b: Neg\u00e3o|p2b: Incineroar\n|-resisted|p2a: Tyranocif|1\n|-damage|p2a: Tyranocif|87/100\n|move|p1a: Vov\u00f4 sapo|Earth Power|p2a: Tyranocif\n|-supereffective|p2a: Tyranocif|1\n|-damage|p2a: Tyranocif|55/100\n|move|p2b: Incineroar|Flare Blitz|p1a: Vov\u00f4 sapo\n|-supereffective|p1a: Vov\u00f4 sapo|1\n|-damage|p1a: Vov\u00f4 sapo|0 fnt\n|faint|p1a: Vov\u00f4 sapo\n|-damage|p2b: Incineroar|0 fnt|[from] Recoil\n|faint|p2b: Incineroar\n|\n|-weather|Sandstorm|[upkeep]\n|-damage|p1b: Neg\u00e3o|95/100|[from] Sandstorm\n|upkeep\n|l| shadow193\n|\n|t:|1776538077\n|switch|p1a: Rompe Tormentas|Garchomp, L50, F|100/100\n|switch|p2b: Doctor|Sinistcha-Masterpiece, L50|100/100\n|-heal|p2a: Tyranocif|80/100|[from] ability: Hospitality|[of] p2b: Doctor\n|turn|4\n|\n|t:|1776538109\n|move|p1b: Neg\u00e3o|Protect|p1b: Neg\u00e3o\n|-singleturn|p1b: Neg\u00e3o|Protect\n|move|p2a: Tyranocif|Protect|p2a: Tyranocif\n|-singleturn|p2a: Tyranocif|Protect\n|move|p1a: Rompe Tormentas|Stomping Tantrum|p2a: Tyranocif\n|-activate|p2a: Tyranocif|move: Protect\n|move|p2b: Doctor|Trick Room|p2b: Doctor\n|-fieldstart|move: Trick Room|[of] p2b: Doctor\n|\n|-weather|Sandstorm|[upkeep]\n|-damage|p2b: Doctor|94/100|[from] Sandstorm\n|-damage|p1b: Neg\u00e3o|89/100|[from] Sandstorm\n|upkeep\n|turn|5\n|\n|t:|1776538131\n|move|p1b: Neg\u00e3o|Protect||[still]\n|-fail|p1b: Neg\u00e3o\n|move|p2a: Tyranocif|Rock Slide|p1a: Rompe Tormentas|[spread] p1a,p1b\n|-resisted|p1a: Rompe Tormentas|1\n|-supereffective|p1b: Neg\u00e3o|2\n|-damage|p1a: Rompe Tormentas|86/100\n|-damage|p1b: Neg\u00e3o|0 fnt\n|faint|p1b: Neg\u00e3o\n|move|p2b: Doctor|Matcha Gotcha|p1a: Rompe Tormentas\n|-damage|p1a: Rompe Tormentas|57/100\n|-heal|p2b: Doctor|100/100|[from] drain|[of] p1a: Rompe Tormentas\n|cant|p1a: Rompe Tormentas|flinch\n|\n|-weather|Sandstorm|[upkeep]\n|-damage|p2b: Doctor|94/100|[from] Sandstorm\n|-heal|p1a: Rompe Tormentas|63/100|[from] item: Leftovers\n|upkeep\n|turn|6\n|\n|t:|1776538150\n|move|p2a: Tyranocif|Knock Off|p1a: Rompe Tormentas\n|-damage|p1a: Rompe Tormentas|8/100\n|-damage|p2a: Tyranocif|68/100|[from] ability: Rough Skin|[of] p1a: Rompe Tormentas\n|-enditem|p1a: Rompe Tormentas|Leftovers|[from] move: Knock Off|[of] p2a: Tyranocif\n|move|p2b: Doctor|Matcha Gotcha|p1a: Rompe Tormentas\n|-damage|p1a: Rompe Tormentas|0 fnt\n|-heal|p2b: Doctor|99/100|[from] drain|[of] p1a: Rompe Tormentas\n|faint|p1a: Rompe Tormentas\n|\n|win|Cello L.\n|n|\u2606Sublox|sublox\n|n|\u2606Cello L.|cellol\n|n|~dhelmise|dhelmise\n|l|\u2606Sublox\n|player|p1|\n|l|~dhelmise\n",
  "uploadtime": 1776538410,
  "views": 12,
  "formatid": "gen9championsvgc2026regma",
  "rating": null,
  "private": 0,
  "password": null
}