{
  "id": "gen9championsvgc2026regma-2587187164",
  "format": "[Gen 9 Champions] VGC 2026 Reg M-A",
  "players": [
    "bobby0616",
    "ImprobableBlob"
  ],
  "log": "|j|\u2606bobby0616\n|j|\u2606ImprobableBlob\n|t:|1776506131\n|gametype|doubles\n|player|p1|bobby0616|170|1418\n|player|p2|ImprobableBlob|jasmine|1471\n|gen|9\n|tier|[Gen 9 Champions] VGC 2026 Reg M-A\n|rated|\n|rule|Species Clause: Limit one of each Pok\u00e9mon\n|rule|Item Clause: Limit 1 of each item\n|clearpoke\n|poke|p1|Garchomp, L50, M|\n|poke|p1|Charizard, L50, M|\n|poke|p1|Rotom-Wash, L50|\n|poke|p1|Venusaur, L50, F|\n|poke|p1|Incineroar, L50, F|\n|poke|p1|Aegislash, L50, M|\n|poke|p2|Incineroar, L50, M|\n|poke|p2|Farigiraf, L50, M|\n|poke|p2|Kingambit, L50, F|\n|poke|p2|Floette-Eternal, L50, F|\n|poke|p2|Crabominable, L50, F|\n|poke|p2|Aerodactyl, L50, M|\n|teampreview|4\n|inactive|Battle timer is ON: inactive players will automatically lose when time's up. (requested by ImprobableBlob)\n|inactive|bobby0616 has 60 seconds left.\n|inactive|ImprobableBlob has 60 seconds left.\n|\n|t:|1776506167\n|teamsize|p1|4\n|teamsize|p2|4\n|start\n|switch|p1a: Rotom|Rotom-Wash, L50|100/100\n|switch|p1b: Garchomp|Garchomp, L50, M|100/100\n|switch|p2a: Incineroar|Incineroar, L50, M|100/100\n|switch|p2b: Aerodactyl|Aerodactyl, L50, M|100/100\n|-ability|p2b: Aerodactyl|Unnerve\n|-ability|p2a: Incineroar|Intimidate|boost\n|-unboost|p1a: Rotom|atk|1\n|-unboost|p1b: Garchomp|atk|1\n|turn|1\n|\n|t:|1776506183\n|move|p2a: Incineroar|Fake Out|p1b: Garchomp\n|-damage|p1b: Garchomp|91/100\n|-damage|p2a: Incineroar|88/100|[from] ability: Rough Skin|[of] p1b: Garchomp\n|cant|p1b: Garchomp|flinch\n|move|p2b: Aerodactyl|Tailwind|p2b: Aerodactyl\n|-sidestart|p2: ImprobableBlob|move: Tailwind\n|move|p1a: Rotom|Will-O-Wisp|p2b: Aerodactyl\n|-status|p2b: Aerodactyl|brn\n|\n|-damage|p2b: Aerodactyl|95/100 brn|[from] brn\n|upkeep\n|turn|2\n|inactive|bobby0616 has 30 seconds left.\n|\n|t:|1776506209\n|switch|p2b: Floette|Floette-Eternal, L50, F|100/100\n|move|p1b: Garchomp|Stomping Tantrum|p2a: Incineroar\n|-supereffective|p2a: Incineroar|1\n|-damage|p2a: Incineroar|8/100\n|-enditem|p2a: Incineroar|Sitrus Berry|[eat]\n|-heal|p2a: Incineroar|33/100|[from] item: Sitrus Berry\n|move|p2a: Incineroar|Parting Shot|p1b: Garchomp\n|-unboost|p1b: Garchomp|atk|1\n|-unboost|p1b: Garchomp|spa|1\n|\n|t:|1776506216\n|switch|p2a: Kingambit|Kingambit, L50, F|100/100|[from] Parting Shot\n|move|p1a: Rotom|Thunderbolt|p2a: Kingambit\n|-damage|p2a: Kingambit|64/100\n|\n|upkeep\n|turn|3\n|\n|t:|1776506235\n|switch|p1b: Charizard|Charizard, L50, M|100/100\n|switch|p2a: Incineroar|Incineroar, L50, M|33/100\n|-ability|p2a: Incineroar|Intimidate|boost\n|-unboost|p1a: Rotom|atk|1\n|-unboost|p1b: Charizard|atk|1\n|detailschange|p2b: Floette|Floette-Mega, L50, F\n|-mega|p2b: Floette|Floette|Floettite\n|-ability|p2b: Floette|Fairy Aura\n|move|p2b: Floette|Dazzling Gleam|p1b: Charizard|[spread] p1a,p1b\n|-resisted|p1b: Charizard|1\n|-damage|p1a: Rotom|53/100\n|-damage|p1b: Charizard|70/100\n|move|p1a: Rotom|Will-O-Wisp|p2a: Incineroar\n|-immune|p2a: Incineroar\n|\n|-heal|p1a: Rotom|58/100|[from] item: Leftovers\n|upkeep\n|turn|4\n|j| fulimba\n|inactive|bobby0616 has 30 seconds left.\n|\n|t:|1776506262\n|move|p1b: Charizard|Protect|p1b: Charizard\n|-singleturn|p1b: Charizard|Protect\n|move|p2a: Incineroar|Fake Out|p1b: Charizard\n|-activate|p1b: Charizard|move: Protect\n|move|p2b: Floette|Moonblast|p1a: Rotom\n|-damage|p1a: Rotom|0 fnt\n|faint|p1a: Rotom\n|\n|-sideend|p2: ImprobableBlob|move: Tailwind\n|upkeep\n|\n|t:|1776506271\n|switch|p1a: Garchomp|Garchomp, L50, M|91/100\n|turn|5\n|\n|t:|1776506277\n|switch|p2a: Aerodactyl|Aerodactyl, L50, M|95/100 brn\n|-ability|p2a: Aerodactyl|Unnerve\n|detailschange|p1b: Charizard|Charizard-Mega-Y, L50, M\n|-mega|p1b: Charizard|Charizard|Charizardite Y\n|-weather|SunnyDay|[from] ability: Drought|[of] p1b: Charizard\n|move|p2b: Floette|Protect|p2b: Floette\n|-singleturn|p2b: Floette|Protect\n|move|p1a: Garchomp|Rock Slide|p2b: Floette|[spread] p2a\n|-activate|p2b: Floette|move: Protect\n|-supereffective|p2a: Aerodactyl|1\n|-damage|p2a: Aerodactyl|30/100 brn\n|move|p1b: Charizard|Heat Wave|p2b: Floette|[spread] p2a\n|-activate|p2b: Floette|move: Protect\n|-resisted|p2a: Aerodactyl|1\n|-damage|p2a: Aerodactyl|0 fnt\n|faint|p2a: Aerodactyl\n|\n|-weather|SunnyDay|[upkeep]\n|upkeep\n|\n|t:|1776506283\n|switch|p2a: Incineroar|Incineroar, L50, M|33/100\n|-ability|p2a: Incineroar|Intimidate|boost\n|-unboost|p1a: Garchomp|atk|1\n|-unboost|p1b: Charizard|atk|1\n|turn|6\n|\n|t:|1776506302\n|switch|p1a: Aegislash|Aegislash, L50, M|100/100\n|move|p1b: Charizard|Protect|p1b: Charizard\n|-singleturn|p1b: Charizard|Protect\n|move|p2b: Floette|Dazzling Gleam|p1a: Aegislash|[spread] p1a\n|-activate|p1b: Charizard|move: Protect\n|-resisted|p1a: Aegislash|1\n|-damage|p1a: Aegislash|83/100\n|move|p2a: Incineroar|Parting Shot|p1a: Aegislash\n|-unboost|p1a: Aegislash|atk|1\n|-unboost|p1a: Aegislash|spa|1\n|j| jasonrfry\n|\n|t:|1776506305\n|switch|p2a: Kingambit|Kingambit, L50, F|64/100|[from] Parting Shot\n|\n|-weather|SunnyDay|[upkeep]\n|upkeep\n|turn|7\n|l| jasonrfry\n|\n|t:|1776506329\n|move|p1a: Aegislash|King's Shield|p1a: Aegislash\n|-singleturn|p1a: Aegislash|Protect\n|move|p2a: Kingambit|Sucker Punch|p1b: Charizard\n|-damage|p1b: Charizard|17/100\n|move|p2b: Floette|Moonblast|p1b: Charizard\n|-resisted|p1b: Charizard|1\n|-damage|p1b: Charizard|0 fnt\n|faint|p1b: Charizard\n|\n|-weather|SunnyDay|[upkeep]\n|upkeep\n|\n|t:|1776506338\n|switch|p1b: Garchomp|Garchomp, L50, M|91/100\n|turn|8\n|\n|t:|1776506359\n|move|p2a: Kingambit|Protect|p2a: Kingambit\n|-singleturn|p2a: Kingambit|Protect\n|move|p1b: Garchomp|Earthquake|p2a: Kingambit|[spread] p1a,p2b\n|-activate|p2a: Kingambit|move: Protect\n|-supereffective|p1a: Aegislash|1\n|-damage|p1a: Aegislash|18/100\n|-damage|p2b: Floette|48/100\n|move|p2b: Floette|Moonblast|p1b: Garchomp\n|-supereffective|p1b: Garchomp|1\n|-damage|p1b: Garchomp|0 fnt\n|faint|p1b: Garchomp\n|-formechange|p1a: Aegislash|Aegislash-Blade|\n|move|p1a: Aegislash|Close Combat|p2a: Kingambit\n|-activate|p2a: Kingambit|move: Protect\n|\n|-weather|SunnyDay|[upkeep]\n|upkeep\n|turn|9\n|-message|bobby0616 forfeited.\n|\n|win|ImprobableBlob\n|raw|bobby0616's rating: 1418 &rarr; <strong>1401</strong><br />(-17 for losing)\n|raw|ImprobableBlob's rating: 1471 &rarr; <strong>1488</strong><br />(+17 for winning)\n|l|\u2606bobby0616\n|player|p1|\n",
  "uploadtime": 1776506372,
  "views": 26,
  "formatid": "gen9championsvgc2026regma",
  "rating": 1401,
  "private": 0,
  "password": null
}