{
  "id": "gen9championsvgc2026regma-2583861501",
  "format": "[Gen 9 Champions] VGC 2026 Reg M-A",
  "players": [
    "grapplebeam",
    "SimMikaze"
  ],
  "log": "|j|\u2606grapplebeam\n|j|\u2606SimMikaze\n|t:|1776203474\n|gametype|doubles\n|player|p1|grapplebeam|265|1413\n|player|p2|SimMikaze|miku-ghost|1333\n|gen|9\n|tier|[Gen 9 Champions] VGC 2026 Reg M-A\n|rated|\n|rule|Species Clause: Limit one of each Pok\u00e9mon\n|rule|Item Clause: Limit 1 of each item\n|clearpoke\n|poke|p1|Delphox, L50, F|\n|poke|p1|Garchomp, L50, M|\n|poke|p1|Sneasler, L50, M|\n|poke|p1|Kingambit, L50, M|\n|poke|p1|Floette-Eternal, L50, F|\n|poke|p1|Basculegion, L50, M|\n|poke|p2|Gengar, L50, M|\n|poke|p2|Kommo-o, L50, F|\n|poke|p2|Maushold, L50|\n|poke|p2|Whimsicott, L50, M|\n|poke|p2|Incineroar, L50, M|\n|poke|p2|Politoed, L50, M|\n|teampreview|4\n|\n|t:|1776203518\n|teamsize|p1|4\n|teamsize|p2|4\n|start\n|switch|p1a: Sneasler|Sneasler, L50, M|100/100\n|switch|p1b: Kingambit|Kingambit, L50, M|100/100\n|switch|p2a: Gengar|Gengar, L50, M, shiny|100/100\n|switch|p2b: Maushold|Maushold, L50|100/100\n|turn|1\n|\n|t:|1776203535\n|detailschange|p2a: Gengar|Gengar-Mega, L50, M, shiny\n|-mega|p2a: Gengar|Gengar|Gengarite\n|move|p2b: Maushold|Follow Me|p2b: Maushold\n|-singleturn|p2b: Maushold|move: Follow Me\n|move|p2a: Gengar|Perish Song|p2a: Gengar\n|-start|p1a: Sneasler|perish3|[silent]\n|-start|p1b: Kingambit|perish3|[silent]\n|-start|p2a: Gengar|perish3|[silent]\n|-start|p2b: Maushold|perish3|[silent]\n|-fieldactivate|move: Perish Song\n|move|p1a: Sneasler|Close Combat|p2b: Maushold\n|-supereffective|p2b: Maushold|1\n|-enditem|p2b: Maushold|Focus Sash\n|-damage|p2b: Maushold|1/100\n|-unboost|p1a: Sneasler|def|1\n|-unboost|p1a: Sneasler|spd|1\n|-enditem|p1a: Sneasler|White Herb\n|-clearnegativeboost|p1a: Sneasler|[silent]\n|move|p1b: Kingambit|Iron Head|p2b: Maushold\n|-damage|p2b: Maushold|0 fnt\n|faint|p2b: Maushold\n|\n|-start|p1a: Sneasler|perish3\n|-start|p2a: Gengar|perish3\n|-start|p1b: Kingambit|perish3\n|upkeep\n|inactive|Battle timer is ON: inactive players will automatically lose when time's up. (requested by grapplebeam)\n|\n|t:|1776203585\n|switch|p2b: Kommo-o|Kommo-o, L50, F|100/100\n|turn|2\n|inactive|grapplebeam has 30 seconds left.\n|inactive|grapplebeam has 20 seconds left.\n|\n|t:|1776203620\n|move|p2a: Gengar|Protect|p2a: Gengar\n|-singleturn|p2a: Gengar|Protect\n|move|p1a: Sneasler|Close Combat|p2b: Kommo-o\n|-damage|p2b: Kommo-o|61/100\n|-unboost|p1a: Sneasler|def|1\n|-unboost|p1a: Sneasler|spd|1\n|move|p2b: Kommo-o|Body Press|p1b: Kingambit\n|-supereffective|p1b: Kingambit|2\n|-enditem|p1b: Kingambit|Chople Berry|[eat]\n|-enditem|p1b: Kingambit|Chople Berry|[weaken]\n|-damage|p1b: Kingambit|41/100\n|-heal|p2b: Kommo-o|69/100|[from] item: Shell Bell|[of] p1b: Kingambit\n|move|p1b: Kingambit|Iron Head|p2b: Kommo-o\n|-damage|p2b: Kommo-o|41/100\n|\n|-start|p1a: Sneasler|perish2\n|-start|p2a: Gengar|perish2\n|-start|p1b: Kingambit|perish2\n|upkeep\n|turn|3\n|inactive|grapplebeam has 30 seconds left.\n|inactive|SimMikaze has 30 seconds left.\n|inactive|grapplebeam has 20 seconds left.\n|inactive|SimMikaze has 20 seconds left.\n|\n|t:|1776203657\n|move|p2b: Kommo-o|Protect|p2b: Kommo-o\n|-singleturn|p2b: Kommo-o|Protect\n|move|p1b: Kingambit|Sucker Punch||[still]\n|-fail|p1b: Kingambit\n|move|p1a: Sneasler|Close Combat|p2b: Kommo-o\n|-activate|p2b: Kommo-o|move: Protect\n|move|p2a: Gengar|Disable|p1b: Kingambit\n|-start|p1b: Kingambit|Disable|Sucker Punch\n|\n|-start|p1a: Sneasler|perish1\n|-start|p2a: Gengar|perish1\n|-start|p1b: Kingambit|perish1\n|upkeep\n|turn|4\n|\n|t:|1776203673\n|switch|p2a: Whimsicott|Whimsicott, L50, M|100/100\n|move|p2b: Kommo-o|Protect||[still]\n|-fail|p2b: Kommo-o\n|move|p1a: Sneasler|Close Combat|p2b: Kommo-o\n|-damage|p2b: Kommo-o|0 fnt\n|-unboost|p1a: Sneasler|def|1\n|-unboost|p1a: Sneasler|spd|1\n|faint|p2b: Kommo-o\n|move|p1b: Kingambit|Iron Head|p2a: Whimsicott\n|-supereffective|p2a: Whimsicott|1\n|-damage|p2a: Whimsicott|25/100\n|\n|-start|p1a: Sneasler|perish0\n|-start|p1b: Kingambit|perish0\n|upkeep\n|faint|p1a: Sneasler\n|faint|p1b: Kingambit\n|\n|t:|1776203683\n|switch|p1a: Delphox|Delphox, L50, F|100/100\n|switch|p2b: Gengar|Gengar-Mega, L50, M, shiny|100/100\n|switch|p1b: Basculegion|Basculegion, L50, M|100/100\n|turn|5\n|inactive|SimMikaze has 30 seconds left.\n|\n|t:|1776203716\n|detailschange|p1a: Delphox|Delphox-Mega, L50, F\n|-mega|p1a: Delphox|Delphox|Delphoxite\n|move|p2a: Whimsicott|Tailwind|p2a: Whimsicott\n|-sidestart|p2: SimMikaze|move: Tailwind\n|move|p2b: Gengar|Shadow Ball|p1b: Basculegion\n|-supereffective|p1b: Basculegion|1\n|-damage|p1b: Basculegion|7/100\n|-unboost|p1b: Basculegion|spd|1\n|move|p1a: Delphox|Psychic|p2b: Gengar\n|-supereffective|p2b: Gengar|1\n|-damage|p2b: Gengar|0 fnt\n|faint|p2b: Gengar\n|move|p1b: Basculegion|Last Respects|p2a: Whimsicott\n|-damage|p2a: Whimsicott|0 fnt\n|faint|p2a: Whimsicott\n|\n|win|grapplebeam\n|raw|grapplebeam's rating: 1413 &rarr; <strong>1428</strong><br />(+15 for winning)\n|raw|SimMikaze's rating: 1333 &rarr; <strong>1318</strong><br />(-15 for losing)\n|l|\u2606grapplebeam\n|player|p1|\n",
  "uploadtime": 1776203719,
  "views": 32,
  "formatid": "gen9championsvgc2026regma",
  "rating": 1318,
  "private": 0,
  "password": null
}