{
  "id": "gen9championsvgc2026regma-2584815653",
  "format": "[Gen 9 Champions] VGC 2026 Reg M-A",
  "players": [
    "Undyne547",
    "I'mSoTiredBro"
  ],
  "log": "|j|\u2606Undyne547\n|j|\u2606I'mSoTiredBro\n|t:|1776285755\n|gametype|doubles\n|player|p1|Undyne547|winona|1136\n|player|p2|I'mSoTiredBro|linebacker|1219\n|gen|9\n|tier|[Gen 9 Champions] VGC 2026 Reg M-A\n|rated|\n|rule|Species Clause: Limit one of each Pok\u00e9mon\n|rule|Item Clause: Limit 1 of each item\n|clearpoke\n|poke|p1|Glimmora, L50, F|\n|poke|p1|Whimsicott, L50, F|\n|poke|p1|Basculegion, L50, M|\n|poke|p1|Archaludon, L50, M|\n|poke|p1|Pelipper, L50, M|\n|poke|p1|Incineroar, L50, F|\n|poke|p2|Lycanroc-Midnight, L50, F|\n|poke|p2|Farigiraf, L50, M|\n|poke|p2|Pelipper, L50, M|\n|poke|p2|Ampharos, L50, F|\n|poke|p2|Skarmory, L50, F|\n|poke|p2|Decidueye-Hisui, L50, M|\n|teampreview|4\n|\n|t:|1776285821\n|teamsize|p1|4\n|teamsize|p2|4\n|start\n|switch|p1a: Glimmora|Glimmora, L50, F|100/100\n|switch|p1b: Incineroar|Incineroar, L50, F|100/100\n|switch|p2a: Ampharos|Ampharos, L50, F, shiny|100/100\n|switch|p2b: Decidueye|Decidueye-Hisui, L50, M|100/100\n|-ability|p1b: Incineroar|Intimidate|boost\n|-unboost|p2a: Ampharos|atk|1\n|-fail|p2b: Decidueye|unboost|Attack|[from] ability: Scrappy|[of] p2b: Decidueye\n|turn|1\n|\n|t:|1776285845\n|detailschange|p1a: Glimmora|Glimmora-Mega, L50, F\n|-mega|p1a: Glimmora|Glimmora|Glimmoranite\n|detailschange|p2a: Ampharos|Ampharos-Mega, L50, F, shiny\n|-mega|p2a: Ampharos|Ampharos|Ampharosite\n|-ability|p2a: Ampharos|Mold Breaker\n|move|p1a: Glimmora|Spiky Shield|p1a: Glimmora\n|-singleturn|p1a: Glimmora|move: Protect\n|move|p2b: Decidueye|Protect|p2b: Decidueye\n|-singleturn|p2b: Decidueye|Protect\n|move|p1b: Incineroar|Fake Out|p2a: Ampharos\n|-damage|p2a: Ampharos|91/100\n|cant|p2a: Ampharos|flinch\n|\n|upkeep\n|turn|2\n|\n|t:|1776285870\n|switch|p2a: Pelipper|Pelipper, L50, M, shiny|100/100\n|-weather|RainDance|[from] ability: Drizzle|[of] p2a: Pelipper\n|move|p1a: Glimmora|Earth Power|p2a: Pelipper\n|-immune|p2a: Pelipper\n|move|p1b: Incineroar|Parting Shot|p2b: Decidueye\n|-unboost|p2b: Decidueye|atk|1\n|-unboost|p2b: Decidueye|spa|1\n|\n|t:|1776285880\n|switch|p1b: Archaludon|Archaludon, L50, M|100/100|[from] Parting Shot\n|move|p2b: Decidueye|Triple Arrows|p1b: Archaludon\n|-supereffective|p1b: Archaludon|1\n|-damage|p1b: Archaludon|48/100\n|-unboost|p1b: Archaludon|def|1\n|-enditem|p1b: Archaludon|White Herb\n|-clearnegativeboost|p1b: Archaludon|[silent]\n|\n|-weather|RainDance|[upkeep]\n|upkeep\n|turn|3\n|\n|t:|1776285913\n|move|p2b: Decidueye|Protect|p2b: Decidueye\n|-singleturn|p2b: Decidueye|Protect\n|move|p1b: Archaludon|Draco Meteor|p2b: Decidueye\n|-activate|p2b: Decidueye|move: Protect\n|move|p2a: Pelipper|Tailwind|p2a: Pelipper\n|-sidestart|p2: I'mSoTiredBro|move: Tailwind\n|move|p1a: Glimmora|Power Gem|p2a: Pelipper\n|-supereffective|p2a: Pelipper|1\n|-enditem|p2a: Pelipper|Focus Sash\n|-damage|p2a: Pelipper|1/100\n|\n|-weather|RainDance|[upkeep]\n|upkeep\n|turn|4\n|\n|t:|1776285930\n|move|p1b: Archaludon|Protect|p1b: Archaludon\n|-singleturn|p1b: Archaludon|Protect\n|move|p1a: Glimmora|Spiky Shield|p1a: Glimmora\n|-singleturn|p1a: Glimmora|move: Protect\n|move|p2a: Pelipper|Weather Ball|p1a: Glimmora\n|-activate|p1a: Glimmora|move: Protect\n|move|p2b: Decidueye|Triple Arrows|p1b: Archaludon\n|-activate|p1b: Archaludon|move: Protect\n|\n|-weather|RainDance|[upkeep]\n|upkeep\n|turn|5\n|\n|t:|1776285963\n|switch|p1b: Pelipper|Pelipper, L50, M|100/100\n|move|p2a: Pelipper|Weather Ball|p1a: Glimmora\n|-supereffective|p1a: Glimmora|1\n|-damage|p1a: Glimmora|0 fnt\n|faint|p1a: Glimmora\n|move|p2b: Decidueye|Triple Arrows|p1b: Pelipper\n|-resisted|p1b: Pelipper|1\n|-crit|p1b: Pelipper\n|-damage|p1b: Pelipper|58/100\n|\n|-weather|RainDance|[upkeep]\n|upkeep\n|\n|t:|1776285981\n|switch|p1a: Incineroar|Incineroar, L50, F|100/100\n|-ability|p1a: Incineroar|Intimidate|boost\n|-unboost|p2a: Pelipper|atk|1\n|-fail|p2b: Decidueye|unboost|Attack|[from] ability: Scrappy|[of] p2b: Decidueye\n|turn|6\n|\n|t:|1776286009\n|switch|p2a: Lycanroc|Lycanroc-Midnight, L50, F, shiny|100/100\n|move|p1a: Incineroar|Fake Out|p2a: Lycanroc\n|-resisted|p2a: Lycanroc|1\n|-damage|p2a: Lycanroc|93/100\n|move|p2b: Decidueye|Triple Arrows|p1a: Incineroar\n|-supereffective|p1a: Incineroar|1\n|-crit|p1a: Incineroar\n|-damage|p1a: Incineroar|0 fnt\n|faint|p1a: Incineroar\n|move|p1b: Pelipper|Tailwind|p1b: Pelipper\n|-sidestart|p1: Undyne547|move: Tailwind\n|\n|-weather|none\n|-sideend|p2: I'mSoTiredBro|move: Tailwind\n|upkeep\n|\n|t:|1776286024\n|switch|p1a: Archaludon|Archaludon, L50, M|48/100\n|turn|7\n|\n|t:|1776286045\n|move|p1a: Archaludon|Flash Cannon|p2a: Lycanroc\n|-supereffective|p2a: Lycanroc|1\n|-damage|p2a: Lycanroc|0 fnt\n|faint|p2a: Lycanroc\n|move|p1b: Pelipper|Hurricane|p2b: Decidueye|[miss]\n|-miss|p1b: Pelipper|p2b: Decidueye\n|move|p2b: Decidueye|Triple Arrows|p1a: Archaludon\n|-supereffective|p1a: Archaludon|1\n|-crit|p1a: Archaludon\n|-damage|p1a: Archaludon|0 fnt\n|faint|p1a: Archaludon\n|\n|upkeep\n|\n|t:|1776286061\n|switch|p2a: Ampharos|Ampharos-Mega, L50, F, shiny|91/100\n|-ability|p2a: Ampharos|Mold Breaker\n|turn|8\n|\n|t:|1776286071\n|move|p1b: Pelipper|Hurricane|p2b: Decidueye|[miss]\n|-miss|p1b: Pelipper|p2b: Decidueye\n|move|p2b: Decidueye|Rain Dance|p2b: Decidueye\n|-weather|RainDance\n|move|p2a: Ampharos|Thunderbolt|p1b: Pelipper\n|-supereffective|p1b: Pelipper|2\n|-damage|p1b: Pelipper|0 fnt\n|faint|p1b: Pelipper\n|\n|win|I'mSoTiredBro\n|raw|Undyne547's rating: 1136 &rarr; <strong>1117</strong><br />(-19 for losing)\n|raw|I&apos;mSoTiredBro's rating: 1219 &rarr; <strong>1238</strong><br />(+19 for winning)\n|l|\u2606Undyne547\n|player|p1|\n",
  "uploadtime": 1776286094,
  "views": 46,
  "formatid": "gen9championsvgc2026regma",
  "rating": 1117,
  "private": 0,
  "password": null
}