{
  "id": "gen9championsvgc2026regma-2587838348",
  "format": "[Gen 9 Champions] VGC 2026 Reg M-A",
  "players": [
    "Spottedwoot",
    "radioiamp"
  ],
  "log": "|j|\u2606Spottedwoot\n|j|\u2606radioiamp\n|t:|1776569215\n|gametype|doubles\n|player|p1|Spottedwoot|102|1475\n|player|p2|radioiamp|170|1494\n|gen|9\n|tier|[Gen 9 Champions] VGC 2026 Reg M-A\n|rated|\n|rule|Species Clause: Limit one of each Pok\u00e9mon\n|rule|Item Clause: Limit 1 of each item\n|clearpoke\n|poke|p1|Gengar, L50, M|\n|poke|p1|Rotom-Wash, L50|\n|poke|p1|Incineroar, L50, M|\n|poke|p1|Sinistcha, L50|\n|poke|p1|Garchomp, L50, M|\n|poke|p1|Kingambit, L50, M|\n|poke|p2|Golurk, L50|\n|poke|p2|Sneasler, L50, F|\n|poke|p2|Venusaur, L50, F|\n|poke|p2|Torkoal, L50, M|\n|poke|p2|Farigiraf, L50, F|\n|poke|p2|Kleavor, L50, F|\n|teampreview|4\n|\n|t:|1776569264\n|teamsize|p1|4\n|teamsize|p2|4\n|start\n|switch|p1a: Kingambit|Kingambit, L50, M|100/100\n|switch|p1b: Garchomp|Garchomp, L50, M|100/100\n|switch|p2a: Venusaur|Venusaur, L50, F|100/100\n|switch|p2b: Torkoal|Torkoal, L50, M|100/100\n|-weather|SunnyDay|[from] ability: Drought|[of] p2b: Torkoal\n|turn|1\n|\n|t:|1776569277\n|switch|p1a: Incineroar|Incineroar, L50, M|100/100\n|-ability|p1a: Incineroar|Intimidate|boost\n|-unboost|p2a: Venusaur|atk|1\n|-unboost|p2b: Torkoal|atk|1\n|move|p2a: Venusaur|Sleep Powder|p1b: Garchomp\n|-status|p1b: Garchomp|slp|[from] move: Sleep Powder\n|cant|p1b: Garchomp|slp\n|move|p2b: Torkoal|Eruption|p1a: Incineroar|[spread] p1a,p1b\n|-resisted|p1a: Incineroar|1\n|-resisted|p1b: Garchomp|1\n|-damage|p1a: Incineroar|60/100\n|-damage|p1b: Garchomp|54/100 slp\n|\n|-weather|SunnyDay|[upkeep]\n|upkeep\n|turn|2\n|\n|t:|1776569301\n|switch|p2b: Farigiraf|Farigiraf, L50, F|100/100\n|detailschange|p2a: Venusaur|Venusaur-Mega, L50, F\n|-mega|p2a: Venusaur|Venusaur|Venusaurite\n|-curestatus|p1b: Garchomp|slp|[msg]\n|move|p1b: Garchomp|Stomping Tantrum|p2b: Farigiraf\n|-damage|p2b: Farigiraf|20/100\n|-enditem|p2b: Farigiraf|Sitrus Berry|[eat]\n|-heal|p2b: Farigiraf|45/100|[from] item: Sitrus Berry\n|move|p2a: Venusaur|Giga Drain|p1b: Garchomp\n|-damage|p1b: Garchomp|6/100\n|move|p1a: Incineroar|Flare Blitz|p2a: Venusaur\n|-supereffective|p2a: Venusaur|1\n|-crit|p2a: Venusaur\n|-damage|p2a: Venusaur|0 fnt\n|faint|p2a: Venusaur\n|-damage|p1a: Incineroar|32/100|[from] Recoil\n|\n|-weather|SunnyDay|[upkeep]\n|upkeep\n|\n|t:|1776569318\n|switch|p2a: Golurk|Golurk, L50|100/100\n|turn|3\n|\n|t:|1776569334\n|move|p2b: Farigiraf|Protect|p2b: Farigiraf\n|-singleturn|p2b: Farigiraf|Protect\n|move|p1b: Garchomp|Stomping Tantrum|p2b: Farigiraf\n|-activate|p2b: Farigiraf|move: Protect\n|move|p1a: Incineroar|Darkest Lariat|p2a: Golurk\n|-supereffective|p2a: Golurk|1\n|-damage|p2a: Golurk|15/100\n|move|p2a: Golurk|Ice Punch|p1b: Garchomp\n|-supereffective|p1b: Garchomp|2\n|-damage|p1b: Garchomp|0 fnt\n|-damage|p2a: Golurk|3/100|[from] ability: Rough Skin|[of] p1b: Garchomp\n|faint|p1b: Garchomp\n|\n|-weather|SunnyDay|[upkeep]\n|upkeep\n|\n|t:|1776569339\n|switch|p1b: Kingambit|Kingambit, L50, M|100/100\n|turn|4\n|\n|t:|1776569350\n|move|p2b: Farigiraf|Protect|p2b: Farigiraf\n|-singleturn|p2b: Farigiraf|Protect\n|move|p1a: Incineroar|Darkest Lariat|p2a: Golurk\n|-supereffective|p2a: Golurk|1\n|-damage|p2a: Golurk|0 fnt\n|faint|p2a: Golurk\n|move|p1b: Kingambit|Kowtow Cleave|p2b: Farigiraf\n|-activate|p2b: Farigiraf|move: Protect\n|\n|-weather|SunnyDay|[upkeep]\n|upkeep\n|\n|t:|1776569359\n|switch|p2a: Torkoal|Torkoal, L50, M|100/100\n|turn|5\n|\n|t:|1776569369\n|move|p2b: Farigiraf|Hyper Voice|p1a: Incineroar|[spread] p1a,p1b\n|-resisted|p1b: Kingambit|1\n|-damage|p1a: Incineroar|6/100\n|-damage|p1b: Kingambit|86/100\n|move|p1a: Incineroar|Darkest Lariat|p2b: Farigiraf\n|-supereffective|p2b: Farigiraf|1\n|-damage|p2b: Farigiraf|0 fnt\n|faint|p2b: Farigiraf\n|move|p1b: Kingambit|Kowtow Cleave|p2a: Torkoal\n|-damage|p2a: Torkoal|58/100\n|move|p2a: Torkoal|Heat Wave|p1b: Kingambit|[spread] p1a,p1b\n|-resisted|p1a: Incineroar|1\n|-supereffective|p1b: Kingambit|1\n|-damage|p1a: Incineroar|0 fnt\n|-damage|p1b: Kingambit|0 fnt\n|faint|p1a: Incineroar\n|faint|p1b: Kingambit\n|\n|-weather|none\n|upkeep\n|\n|t:|1776569375\n|switch|p1b: Rotom|Rotom-Wash, L50|100/100\n|turn|6\n|\n|t:|1776569387\n|move|p1b: Rotom|Volt Switch|p2a: Torkoal\n|-damage|p2a: Torkoal|23/100\n|move|p2a: Torkoal|Heat Wave|p1b: Rotom\n|-resisted|p1b: Rotom|1\n|-damage|p1b: Rotom|82/100\n|\n|upkeep\n|turn|7\n|\n|t:|1776569397\n|move|p1b: Rotom|Volt Switch|p2a: Torkoal\n|-damage|p2a: Torkoal|0 fnt\n|faint|p2a: Torkoal\n|\n|win|Spottedwoot\n|raw|Spottedwoot's rating: 1475 &rarr; <strong>1496</strong><br />(+21 for winning)\n|raw|radioiamp's rating: 1494 &rarr; <strong>1473</strong><br />(-21 for losing)\n|l|\u2606radioiamp\n|player|p2|\n|l|\u2606Spottedwoot\n|player|p1|\n",
  "uploadtime": 1776569446,
  "views": 13,
  "formatid": "gen9championsvgc2026regma",
  "rating": 1473,
  "private": 0,
  "password": null
}