{
  "id": "gen9championsvgc2026regma-2585344436",
  "format": "[Gen 9 Champions] VGC 2026 Reg M-A",
  "players": [
    "Pastor/Sinner",
    "nipter"
  ],
  "log": "|j|\u2606Pastor/Sinner\n|j|\u203dnipter\n|t:|1776339800\n|gametype|doubles\n|player|p1|Pastor/Sinner|265|1118\n|player|p2|nipter|az|1070\n|gen|9\n|tier|[Gen 9 Champions] VGC 2026 Reg M-A\n|rated|\n|rule|Species Clause: Limit one of each Pok\u00e9mon\n|rule|Item Clause: Limit 1 of each item\n|clearpoke\n|poke|p1|Tyranitar, L50, F|\n|poke|p1|Froslass, L50, F|\n|poke|p1|Aerodactyl, L50, F|\n|poke|p1|Vanilluxe, L50, F|\n|poke|p1|Milotic, L50, F|\n|poke|p1|Arcanine-Hisui, L50, M|\n|poke|p2|Floette-Eternal, L50, F|\n|poke|p2|Whimsicott, L50, F|\n|poke|p2|Tyranitar, L50, F|\n|poke|p2|Garchomp, L50, F|\n|poke|p2|Typhlosion-Hisui, L50, M|\n|poke|p2|Tsareena, L50, F|\n|teampreview|4\n|\n|t:|1776339840\n|teamsize|p1|4\n|teamsize|p2|4\n|start\n|switch|p1a: Arcanine|Arcanine-Hisui, L50, M|100/100\n|switch|p1b: Ten Twinkies|Milotic, L50, F, shiny|100/100\n|switch|p2a: Floette|Floette-Eternal, L50, F|100/100\n|switch|p2b: Whimsicott|Whimsicott, L50, F, shiny|100/100\n|-ability|p1a: Arcanine|Intimidate|boost\n|-unboost|p2a: Floette|atk|1\n|-block|p2b: Whimsicott|ability: Flower Veil|[of] p2a: Floette\n|turn|1\n|\n|t:|1776339866\n|detailschange|p2a: Floette|Floette-Mega, L50, F\n|-mega|p2a: Floette|Floette|Floettite\n|-ability|p2a: Floette|Fairy Aura\n|move|p2a: Floette|Protect|p2a: Floette\n|-singleturn|p2a: Floette|Protect\n|move|p2b: Whimsicott|Tailwind|p2b: Whimsicott\n|-sidestart|p2: nipter|move: Tailwind\n|move|p1a: Arcanine|Flare Blitz|p2a: Floette\n|-activate|p2a: Floette|move: Protect\n|move|p1b: Ten Twinkies|Muddy Water|p2a: Floette|[spread] p2b\n|-activate|p2a: Floette|move: Protect\n|-resisted|p2b: Whimsicott|1\n|-damage|p2b: Whimsicott|84/100\n|-unboost|p2b: Whimsicott|accuracy|1\n|\n|upkeep\n|turn|2\n|\n|t:|1776339902\n|move|p2b: Whimsicott|Fake Tears|p1a: Arcanine\n|-unboost|p1a: Arcanine|spd|2\n|move|p2a: Floette|Dazzling Gleam|p1a: Arcanine|[spread] p1a,p1b\n|-resisted|p1a: Arcanine|1\n|-damage|p1a: Arcanine|43/100\n|-damage|p1b: Ten Twinkies|67/100\n|move|p1a: Arcanine|Flare Blitz|p2a: Floette\n|-damage|p2a: Floette|18/100\n|-damage|p1a: Arcanine|20/100|[from] Recoil\n|move|p1b: Ten Twinkies|Muddy Water|p2a: Floette|[spread] p2a,p2b\n|-resisted|p2b: Whimsicott|1\n|-damage|p2a: Floette|0 fnt\n|-damage|p2b: Whimsicott|69/100\n|faint|p2a: Floette\n|\n|-heal|p1b: Ten Twinkies|73/100|[from] item: Leftovers\n|upkeep\n|\n|t:|1776339917\n|switch|p2a: Garchomp|Garchomp, L50, F, shiny|100/100\n|turn|3\n|\n|t:|1776339942\n|switch|p1a: Aerodactyl|Aerodactyl, L50, F|100/100\n|-ability|p1a: Aerodactyl|Unnerve\n|move|p2a: Garchomp|Dragon Claw|p1a: Aerodactyl\n|-damage|p1a: Aerodactyl|33/100\n|move|p2b: Whimsicott|Moonblast|p1b: Ten Twinkies\n|-damage|p1b: Ten Twinkies|56/100\n|move|p1b: Ten Twinkies|Muddy Water|p2a: Garchomp|[spread] p2a\n|-miss|p1b: Ten Twinkies|p2b: Whimsicott\n|-damage|p2a: Garchomp|73/100\n|-unboost|p2a: Garchomp|accuracy|1\n|\n|-heal|p1b: Ten Twinkies|62/100|[from] item: Leftovers\n|upkeep\n|turn|4\n|\n|t:|1776339967\n|switch|p2a: Tyranitar|Tyranitar, L50, F, shiny|100/100\n|-weather|Sandstorm|[from] ability: Sand Stream|[of] p2a: Tyranitar\n|move|p2b: Whimsicott|Moonblast|p1a: Aerodactyl\n|-damage|p1a: Aerodactyl|8/100\n|move|p1a: Aerodactyl|Dual Wingbeat|p2b: Whimsicott\n|-supereffective|p2b: Whimsicott|1\n|-damage|p2b: Whimsicott|32/100\n|-supereffective|p2b: Whimsicott|1\n|-damage|p2b: Whimsicott|0 fnt\n|faint|p2b: Whimsicott\n|-hitcount|p2: Whimsicott|2\n|move|p1b: Ten Twinkies|Dragon Pulse|p2a: Tyranitar\n|-damage|p2a: Tyranitar|84/100\n|\n|-weather|Sandstorm|[upkeep]\n|-damage|p1b: Ten Twinkies|56/100|[from] Sandstorm\n|-heal|p1b: Ten Twinkies|62/100|[from] item: Leftovers\n|-sideend|p2: nipter|move: Tailwind\n|upkeep\n|\n|t:|1776339984\n|switch|p2b: Garchomp|Garchomp, L50, F, shiny|73/100\n|turn|5\n|\n|t:|1776339995\n|move|p1a: Aerodactyl|Tailwind|p1a: Aerodactyl\n|-sidestart|p1: Pastor/Sinner|move: Tailwind\n|move|p1b: Ten Twinkies|Dragon Pulse|p2b: Garchomp\n|-supereffective|p2b: Garchomp|1\n|-damage|p2b: Garchomp|22/100\n|move|p2b: Garchomp|Dragon Claw|p1b: Ten Twinkies\n|-damage|p1b: Ten Twinkies|27/100\n|move|p2a: Tyranitar|Rock Slide|p1a: Aerodactyl|[spread] p1b\n|-miss|p2a: Tyranitar|p1a: Aerodactyl\n|-damage|p1b: Ten Twinkies|0 fnt\n|faint|p1b: Ten Twinkies\n|\n|-weather|Sandstorm|[upkeep]\n|upkeep\n|\n|t:|1776340011\n|switch|p1b: Arcanine|Arcanine-Hisui, L50, M|20/100\n|-ability|p1b: Arcanine|Intimidate|boost\n|-unboost|p2a: Tyranitar|atk|1\n|-unboost|p2b: Garchomp|atk|1\n|turn|6\n|\n|t:|1776340036\n|move|p1b: Arcanine|Close Combat|p2a: Tyranitar\n|-supereffective|p2a: Tyranitar|2\n|-damage|p2a: Tyranitar|0 fnt\n|-unboost|p1b: Arcanine|def|1\n|-unboost|p1b: Arcanine|spd|1\n|faint|p2a: Tyranitar\n|move|p1a: Aerodactyl|Dual Wingbeat|p2b: Garchomp\n|-damage|p2b: Garchomp|2/100\n|-damage|p2b: Garchomp|0 fnt\n|faint|p2b: Garchomp\n|-hitcount|p2: Garchomp|2\n|\n|win|Pastor/Sinner\n|raw|Pastor&#x2f;Sinner's rating: 1118 &rarr; <strong>1140</strong><br />(+22 for winning)\n|raw|nipter's rating: 1070 &rarr; <strong>1052</strong><br />(-18 for losing)\n|l|\u203dnipter\n|player|p2|\n",
  "uploadtime": 1776340048,
  "views": 36,
  "formatid": "gen9championsvgc2026regma",
  "rating": 1052,
  "private": 0,
  "password": null
}