{
  "id": "gen9championsvgc2026regma-2584653043",
  "format": "[Gen 9 Champions] VGC 2026 Reg M-A",
  "players": [
    "eteleks0-2",
    "Preschooler Mia"
  ],
  "log": "|j|\u2606eteleks0-2\n|j|\u2606Preschooler Mia\n|t:|1776274629\n|gametype|doubles\n|player|p1|eteleks0-2|170|1227\n|player|p2|Preschooler Mia|101|1319\n|gen|9\n|tier|[Gen 9 Champions] VGC 2026 Reg M-A\n|rated|\n|rule|Species Clause: Limit one of each Pok\u00e9mon\n|rule|Item Clause: Limit 1 of each item\n|clearpoke\n|poke|p1|Delphox, L50, F|\n|poke|p1|Venusaur, L50, M|\n|poke|p1|Raichu, L50, F|\n|poke|p1|Whimsicott, L50, F|\n|poke|p1|Garchomp, L50, M|\n|poke|p1|Corviknight, L50, F|\n|poke|p2|Sableye, L50, F|\n|poke|p2|Floette-Eternal, L50, F|\n|poke|p2|Meowscarada, L50, F|\n|poke|p2|Milotic, L50, F|\n|poke|p2|Delphox, L50, F|\n|poke|p2|Sneasler, L50, M|\n|teampreview|4\n|inactive|Battle timer is ON: inactive players will automatically lose when time's up. (requested by eteleks0-2)\n|inactive|Preschooler Mia has 60 seconds left.\n|\n|t:|1776274705\n|teamsize|p1|4\n|teamsize|p2|4\n|start\n|switch|p1a: Whimsicott|Whimsicott, L50, F|100/100\n|switch|p1b: Venusaur|Venusaur, L50, M|100/100\n|switch|p2a: Sableye|Sableye, L50, F|100/100\n|switch|p2b: Delphox|Delphox, L50, F, shiny|100/100\n|turn|1\n|\n|t:|1776274725\n|detailschange|p2b: Delphox|Delphox-Mega, L50, F, shiny\n|-mega|p2b: Delphox|Delphox|Delphoxite\n|move|p1b: Venusaur|Protect|p1b: Venusaur\n|-singleturn|p1b: Venusaur|Protect\n|move|p1a: Whimsicott|Sunny Day|p1a: Whimsicott\n|-weather|SunnyDay\n|move|p2a: Sableye|Quash|p1b: Venusaur\n|-activate|p1b: Venusaur|move: Protect\n|move|p2b: Delphox|Heat Wave|p1a: Whimsicott|[spread] p1a\n|-activate|p1b: Venusaur|move: Protect\n|-supereffective|p1a: Whimsicott|1\n|-enditem|p1a: Whimsicott|Focus Sash\n|-damage|p1a: Whimsicott|1/100\n|\n|-weather|SunnyDay|[upkeep]\n|upkeep\n|turn|2\n|inactive|Preschooler Mia has 30 seconds left.\n|inactive|Preschooler Mia has 20 seconds left.\n|inactive|Preschooler Mia has 15 seconds left.\n|inactive|Preschooler Mia has 10 seconds left.\n|\n|t:|1776274771\n|move|p1a: Whimsicott|Tailwind|p1a: Whimsicott\n|-sidestart|p1: eteleks0-2|move: Tailwind\n|move|p2a: Sableye|Encore|p1b: Venusaur\n|-start|p1b: Venusaur|Encore\n|move|p1b: Venusaur|Protect|p1b: Venusaur\n|-singleturn|p1b: Venusaur|Protect\n|move|p2b: Delphox|Heat Wave|p1a: Whimsicott|[spread] p1a\n|-activate|p1b: Venusaur|move: Protect\n|-supereffective|p1a: Whimsicott|1\n|-crit|p1a: Whimsicott\n|-damage|p1a: Whimsicott|0 fnt\n|faint|p1a: Whimsicott\n|\n|-weather|SunnyDay|[upkeep]\n|upkeep\n|\n|t:|1776274788\n|switch|p1a: Delphox|Delphox, L50, F|100/100\n|turn|3\n|\n|t:|1776274801\n|detailschange|p1a: Delphox|Delphox-Mega, L50, F\n|-mega|p1a: Delphox|Delphox|Delphoxite\n|move|p1b: Venusaur|Protect||[still]\n|-fail|p1b: Venusaur\n|move|p1a: Delphox|Heat Wave|p2a: Sableye|[spread] p2a\n|-miss|p1a: Delphox|p2b: Delphox\n|-damage|p2a: Sableye|28/100\n|move|p2b: Delphox|Heat Wave|p1b: Venusaur|[spread] p1a,p1b\n|-resisted|p1a: Delphox|1\n|-supereffective|p1b: Venusaur|1\n|-damage|p1a: Delphox|71/100\n|-damage|p1b: Venusaur|0 fnt\n|faint|p1b: Venusaur\n|move|p2a: Sableye|Snarl|p1a: Delphox\n|-supereffective|p1a: Delphox|1\n|-damage|p1a: Delphox|47/100\n|-unboost|p1a: Delphox|spa|1\n|\n|-weather|SunnyDay|[upkeep]\n|upkeep\n|\n|t:|1776274812\n|switch|p1b: Raichu|Raichu, L50, F|100/100\n|turn|4\n|\n|t:|1776274832\n|move|p2b: Delphox|Protect|p2b: Delphox\n|-singleturn|p2b: Delphox|Protect\n|move|p1b: Raichu|Fake Out|p2b: Delphox\n|-activate|p2b: Delphox|move: Protect\n|move|p1a: Delphox|Heat Wave|p2a: Sableye|[spread] p2a\n|-activate|p2b: Delphox|move: Protect\n|-damage|p2a: Sableye|0 fnt\n|faint|p2a: Sableye\n|\n|-weather|SunnyDay|[upkeep]\n|upkeep\n|\n|t:|1776274844\n|switch|p2a: Milotic|Milotic, L50, F, shiny|100/100\n|turn|5\n|\n|t:|1776274855\n|move|p1a: Delphox|Calm Mind|p1a: Delphox\n|-boost|p1a: Delphox|spa|1\n|-boost|p1a: Delphox|spd|1\n|move|p1b: Raichu|Volt Switch|p2a: Milotic\n|-supereffective|p2a: Milotic|1\n|-damage|p2a: Milotic|50/100\n|-enditem|p2a: Milotic|Sitrus Berry|[eat]\n|-heal|p2a: Milotic|75/100|[from] item: Sitrus Berry\n|move|p2b: Delphox|Heat Wave|p1a: Delphox|[spread] p1a,p1b\n|-resisted|p1a: Delphox|1\n|-damage|p1a: Delphox|27/100\n|-damage|p1b: Raichu|0 fnt\n|faint|p1b: Raichu\n|move|p2a: Milotic|Icy Wind|p1a: Delphox|[miss]\n|-miss|p2a: Milotic|p1a: Delphox\n|\n|-weather|none\n|-sideend|p1: eteleks0-2|move: Tailwind\n|upkeep\n|turn|6\n|\n|t:|1776274872\n|move|p1a: Delphox|Calm Mind|p1a: Delphox\n|-boost|p1a: Delphox|spa|1\n|-boost|p1a: Delphox|spd|1\n|move|p2b: Delphox|Psychic|p1a: Delphox\n|-resisted|p1a: Delphox|1\n|-crit|p1a: Delphox\n|-damage|p1a: Delphox|0 fnt\n|faint|p1a: Delphox\n|\n|win|Preschooler Mia\n|raw|eteleks0-2's rating: 1227 &rarr; <strong>1208</strong><br />(-19 for losing)\n|raw|Preschooler Mia's rating: 1319 &rarr; <strong>1334</strong><br />(+15 for winning)\n|l|\u2606eteleks0-2\n|player|p1|\n",
  "uploadtime": 1776274968,
  "views": 27,
  "formatid": "gen9championsvgc2026regma",
  "rating": 1208,
  "private": 0,
  "password": null
}