{
  "id": "gen9championsvgc2026regma-2584166853",
  "format": "[Gen 9 Champions] VGC 2026 Reg M-A",
  "players": [
    "Gabpsy",
    "yoyotheyogurt"
  ],
  "log": "|j|\u2606Gabpsy\n|j|\u2606yoyotheyogurt\n|t:|1776233290\n|gametype|doubles\n|player|p1|Gabpsy|psychic-gen4|1065\n|player|p2|yoyotheyogurt|101|1049\n|gen|9\n|tier|[Gen 9 Champions] VGC 2026 Reg M-A\n|rated|\n|rule|Species Clause: Limit one of each Pok\u00e9mon\n|rule|Item Clause: Limit 1 of each item\n|clearpoke\n|poke|p1|Pelipper, L50, M|\n|poke|p1|Basculegion, L50, M|\n|poke|p1|Froslass, L50, F|\n|poke|p1|Floette-Eternal, L50, F|\n|poke|p1|Volcarona, L50, F|\n|poke|p1|Aggron, L50, M|\n|poke|p2|Dragonite, L50, M|\n|poke|p2|Snorlax, L50, M|\n|poke|p2|Sableye, L50, F|\n|poke|p2|Kingambit, L50, M|\n|poke|p2|Rotom-Wash, L50|\n|poke|p2|Froslass, L50, F|\n|teampreview|4\n|inactive|Battle timer is ON: inactive players will automatically lose when time's up. (requested by Gabpsy)\n|inactive|yoyotheyogurt has 60 seconds left.\n|\n|t:|1776233331\n|teamsize|p1|4\n|teamsize|p2|4\n|start\n|switch|p1a: Pelipper|Pelipper, L50, M|100/100\n|switch|p1b: Basculegion|Basculegion, L50, M|100/100\n|switch|p2a: Froslass|Froslass, L50, F|100/100\n|switch|p2b: Sableye|Sableye, L50, F|100/100\n|-weather|RainDance|[from] ability: Drizzle|[of] p1a: Pelipper\n|turn|1\n|\n|t:|1776233354\n|switch|p1a: Aggron|Aggron, L50, M, shiny|100/100\n|detailschange|p2a: Froslass|Froslass-Mega, L50, F\n|-mega|p2a: Froslass|Froslass|Froslassite\n|-weather|Snowscape|[from] ability: Snow Warning|[of] p2a: Froslass\n|move|p2a: Froslass|Protect|p2a: Froslass\n|-singleturn|p2a: Froslass|Protect\n|move|p2b: Sableye|Will-O-Wisp|p1b: Basculegion\n|-status|p1b: Basculegion|brn\n|move|p1b: Basculegion|Last Respects|p2a: Froslass\n|-activate|p2a: Froslass|move: Protect\n|\n|-weather|Snowscape|[upkeep]\n|-damage|p1b: Basculegion|94/100 brn|[from] brn\n|upkeep\n|turn|2\n|\n|t:|1776233378\n|move|p2b: Sableye|Disable|p1b: Basculegion\n|-start|p1b: Basculegion|Disable|Last Respects\n|cant|p1b: Basculegion|Disable|Last Respects\n|move|p2a: Froslass|Aurora Veil|p2a: Froslass\n|-sidestart|p2: yoyotheyogurt|move: Aurora Veil\n|move|p1a: Aggron|Iron Defense|p1a: Aggron\n|-boost|p1a: Aggron|def|2\n|\n|-weather|Snowscape|[upkeep]\n|-damage|p1b: Basculegion|88/100 brn|[from] brn\n|upkeep\n|turn|3\n|\n|t:|1776233402\n|switch|p1b: Pelipper|Pelipper, L50, M|100/100\n|-weather|RainDance|[from] ability: Drizzle|[of] p1b: Pelipper\n|switch|p2a: Snorlax|Snorlax, L50, M, shiny|100/100\n|move|p2b: Sableye|Encore|p1a: Aggron\n|-start|p1a: Aggron|Encore\n|move|p1a: Aggron|Iron Defense|p1a: Aggron\n|-boost|p1a: Aggron|def|2\n|\n|-weather|RainDance|[upkeep]\n|upkeep\n|turn|4\n|\n|t:|1776233420\n|move|p2b: Sableye|Disable|p1a: Aggron\n|-start|p1a: Aggron|Disable|Iron Defense\n|move|p1b: Pelipper|Weather Ball|p2b: Sableye\n|-crit|p2b: Sableye\n|-damage|p2b: Sableye|14/100\n|-enditem|p2b: Sableye|Sitrus Berry|[eat]\n|-heal|p2b: Sableye|39/100|[from] item: Sitrus Berry\n|cant|p1a: Aggron|Disable|Iron Defense\n|move|p2a: Snorlax|Curse|p2a: Snorlax\n|-unboost|p2a: Snorlax|spe|1\n|-boost|p2a: Snorlax|atk|1\n|-boost|p2a: Snorlax|def|1\n|\n|-weather|RainDance|[upkeep]\n|upkeep\n|turn|5\n|\n|t:|1776233442\n|switch|p1a: Basculegion|Basculegion, L50, M|88/100 brn\n|move|p2b: Sableye|Disable|p1b: Pelipper\n|-start|p1b: Pelipper|Disable|Weather Ball\n|-enditem|p1b: Pelipper|Mental Herb\n|-end|p1b: Pelipper|Disable\n|move|p1b: Pelipper|Surf|p2a: Snorlax|[spread] p1a,p2a,p2b\n|-resisted|p1a: Basculegion|1\n|-damage|p1a: Basculegion|68/100 brn\n|-damage|p2a: Snorlax|89/100\n|-damage|p2b: Sableye|10/100\n|move|p2a: Snorlax|Curse|p2a: Snorlax\n|-unboost|p2a: Snorlax|spe|1\n|-boost|p2a: Snorlax|atk|1\n|-boost|p2a: Snorlax|def|1\n|\n|-weather|RainDance|[upkeep]\n|-damage|p1a: Basculegion|62/100 brn|[from] brn\n|upkeep\n|turn|6\n|inactive|yoyotheyogurt has 30 seconds left.\n|\n|t:|1776233470\n|switch|p2b: Rotom|Rotom-Wash, L50|100/100\n|move|p1a: Basculegion|Wave Crash|p2a: Snorlax\n|-damage|p2a: Snorlax|78/100\n|-damage|p1a: Basculegion|57/100 brn|[from] Recoil\n|move|p1b: Pelipper|Surf|p2b: Rotom|[spread] p1a,p2a,p2b\n|-resisted|p1a: Basculegion|1\n|-resisted|p2b: Rotom|1\n|-damage|p1a: Basculegion|37/100 brn\n|-damage|p2a: Snorlax|66/100\n|-damage|p2b: Rotom|90/100\n|move|p2a: Snorlax|Curse|p2a: Snorlax\n|-unboost|p2a: Snorlax|spe|1\n|-boost|p2a: Snorlax|atk|1\n|-boost|p2a: Snorlax|def|1\n|\n|-weather|RainDance|[upkeep]\n|-heal|p2b: Rotom|95/100|[from] item: Leftovers\n|-damage|p1a: Basculegion|31/100 brn|[from] brn\n|-sideend|p2: yoyotheyogurt|move: Aurora Veil\n|upkeep\n|turn|7\n|inactive|yoyotheyogurt has 30 seconds left.\n|\n|t:|1776233502\n|move|p1a: Basculegion|Wave Crash|p2a: Snorlax\n|-damage|p2a: Snorlax|51/100\n|-damage|p1a: Basculegion|25/100 brn|[from] Recoil\n|move|p1b: Pelipper|Weather Ball|p2b: Rotom\n|-resisted|p2b: Rotom|1\n|-damage|p2b: Rotom|72/100\n|move|p2b: Rotom|Volt Switch|p1b: Pelipper\n|-supereffective|p1b: Pelipper|2\n|-damage|p1b: Pelipper|0 fnt\n|faint|p1b: Pelipper\n|\n|t:|1776233521\n|switch|p2b: Froslass|Froslass-Mega, L50, F|100/100|[from] Volt Switch\n|-weather|Snowscape|[from] ability: Snow Warning|[of] p2b: Froslass\n|move|p2a: Snorlax|Curse|p2a: Snorlax\n|-unboost|p2a: Snorlax|spe|1\n|-boost|p2a: Snorlax|atk|1\n|-boost|p2a: Snorlax|def|1\n|\n|-weather|Snowscape|[upkeep]\n|-damage|p1a: Basculegion|18/100 brn|[from] brn\n|upkeep\n|\n|t:|1776233532\n|switch|p1b: Aggron|Aggron, L50, M, shiny|100/100\n|turn|8\n|\n|t:|1776233555\n|detailschange|p1b: Aggron|Aggron-Mega, L50, M, shiny\n|-mega|p1b: Aggron|Aggron|Aggronite\n|move|p1a: Basculegion|Wave Crash|p2a: Snorlax\n|-damage|p2a: Snorlax|44/100\n|-damage|p1a: Basculegion|15/100 brn|[from] Recoil\n|move|p2b: Froslass|Shadow Ball|p1a: Basculegion\n|-supereffective|p1a: Basculegion|1\n|-damage|p1a: Basculegion|0 fnt\n|faint|p1a: Basculegion\n|move|p1b: Aggron|Iron Head|p2b: Froslass\n|-supereffective|p2b: Froslass|1\n|-damage|p2b: Froslass|35/100\n|move|p2a: Snorlax|High Horsepower|p1b: Aggron\n|-supereffective|p1b: Aggron|1\n|-damage|p1b: Aggron|51/100\n|\n|-weather|Snowscape|[upkeep]\n|upkeep\n|\n|t:|1776233570\n|switch|p1a: Volcarona|Volcarona, L50, F|100/100\n|turn|9\n|\n|t:|1776233585\n|move|p2b: Froslass|Aurora Veil|p2b: Froslass\n|-sidestart|p2: yoyotheyogurt|move: Aurora Veil\n|move|p1a: Volcarona|Flamethrower|p2b: Froslass\n|-supereffective|p2b: Froslass|1\n|-damage|p2b: Froslass|0 fnt\n|faint|p2b: Froslass\n|move|p1b: Aggron|Ice Punch|p2a: Snorlax\n|-damage|p2a: Snorlax|42/100\n|move|p2a: Snorlax|Rest|p2a: Snorlax\n|-status|p2a: Snorlax|slp|[from] move: Rest\n|-enditem|p2a: Snorlax|Lum Berry|[eat]\n|-curestatus|p2a: Snorlax|slp|[msg]\n|-heal|p2a: Snorlax|100/100|[silent]\n|\n|-weather|Snowscape|[upkeep]\n|upkeep\n|\n|t:|1776233602\n|switch|p2b: Sableye|Sableye, L50, F|10/100\n|turn|10\n|\n|t:|1776233612\n|move|p2b: Sableye|Encore|p1b: Aggron\n|-start|p1b: Aggron|Encore\n|move|p1a: Volcarona|Quiver Dance|p1a: Volcarona\n|-boost|p1a: Volcarona|spa|1\n|-boost|p1a: Volcarona|spd|1\n|-boost|p1a: Volcarona|spe|1\n|move|p1b: Aggron|Ice Punch|p2b: Sableye\n|-damage|p2b: Sableye|0 fnt\n|faint|p2b: Sableye\n|move|p2a: Snorlax|High Horsepower|p1b: Aggron\n|-supereffective|p1b: Aggron|1\n|-damage|p1b: Aggron|5/100\n|\n|-weather|Snowscape|[upkeep]\n|upkeep\n|\n|t:|1776233624\n|switch|p2b: Rotom|Rotom-Wash, L50|72/100\n|turn|11\n|\n|t:|1776233640\n|move|p1a: Volcarona|Flamethrower|p2a: Snorlax\n|-damage|p2a: Snorlax|89/100\n|move|p2b: Rotom|Hydro Pump|p1a: Volcarona\n|-supereffective|p1a: Volcarona|1\n|-damage|p1a: Volcarona|47/100\n|move|p1b: Aggron|Ice Punch|p2b: Rotom\n|-resisted|p2b: Rotom|1\n|-damage|p2b: Rotom|66/100\n|move|p2a: Snorlax|High Horsepower|p1b: Aggron\n|-supereffective|p1b: Aggron|1\n|-damage|p1b: Aggron|0 fnt\n|faint|p1b: Aggron\n|\n|-weather|none\n|-heal|p1a: Volcarona|53/100|[from] item: Leftovers\n|-heal|p2b: Rotom|72/100|[from] item: Leftovers\n|upkeep\n|turn|12\n|\n|t:|1776233658\n|move|p1a: Volcarona|Giga Drain|p2b: Rotom\n|-supereffective|p2b: Rotom|1\n|-damage|p2b: Rotom|16/100\n|-heal|p1a: Volcarona|80/100|[from] drain|[of] p2b: Rotom\n|move|p2b: Rotom|Hydro Pump|p1a: Volcarona\n|-supereffective|p1a: Volcarona|1\n|-crit|p1a: Volcarona\n|-damage|p1a: Volcarona|0 fnt\n|faint|p1a: Volcarona\n|\n|win|yoyotheyogurt\n|raw|Gabpsy's rating: 1065 &rarr; <strong>1044</strong><br />(-21 for losing)\n|raw|yoyotheyogurt's rating: 1049 &rarr; <strong>1083</strong><br />(+34 for winning)\n|l|\u2606Gabpsy\n|player|p1|\n",
  "uploadtime": 1776233669,
  "views": 19,
  "formatid": "gen9championsvgc2026regma",
  "rating": 1044,
  "private": 0,
  "password": null
}