{
  "id": "gen9championsvgc2026regma-2582451715",
  "format": "[Gen 9 Champions] VGC 2026 Reg M-A",
  "players": [
    "jaycubs",
    "1#MiraidonHater"
  ],
  "log": "|j|\u2606jaycubs\n|j|\u26061#MiraidonHater\n|t:|1776092574\n|gametype|doubles\n|player|p1|jaycubs|steven|1097\n|player|p2|1#MiraidonHater|170|1195\n|gen|9\n|tier|[Gen 9 Champions] VGC 2026 Reg M-A\n|rated|\n|rule|Species Clause: Limit one of each Pok\u00e9mon\n|rule|Item Clause: Limit 1 of each item\n|clearpoke\n|poke|p1|Oranguru, L50, F|\n|poke|p1|Incineroar, L50, F|\n|poke|p1|Camerupt, L50, M|\n|poke|p1|Primarina, L50, M|\n|poke|p1|Maushold, L50|\n|poke|p1|Conkeldurr, L50, F|\n|poke|p2|Kommo-o, L50, M|\n|poke|p2|Incineroar, L50, M|\n|poke|p2|Glimmora, L50, M|\n|poke|p2|Sinistcha, L50|\n|poke|p2|Talonflame, L50, M|\n|poke|p2|Palafin, L50, F|\n|teampreview|4\n|\n|t:|1776092619\n|teamsize|p1|4\n|teamsize|p2|4\n|start\n|switch|p1a: Oranguru|Oranguru, L50, F|100/100\n|switch|p1b: Primarina|Primarina, L50, M|100/100\n|switch|p2a: Talonflame|Talonflame, L50, M|100/100\n|switch|p2b: Glimmora|Glimmora, L50, M|100/100\n|turn|1\n|\n|t:|1776092640\n|detailschange|p2b: Glimmora|Glimmora-Mega, L50, M\n|-mega|p2b: Glimmora|Glimmora|Glimmoranite\n|move|p2a: Talonflame|Dual Wingbeat|p1a: Oranguru\n|-damage|p1a: Oranguru|86/100\n|-damage|p1a: Oranguru|74/100\n|-hitcount|p1a: Oranguru|2\n|move|p2b: Glimmora|Sludge Bomb|p1b: Primarina\n|-supereffective|p1b: Primarina|1\n|-crit|p1b: Primarina\n|-damage|p1b: Primarina|0 fnt\n|faint|p1b: Primarina\n|move|p1a: Oranguru|Trick Room|p1a: Oranguru\n|-fieldstart|move: Trick Room|[of] p1a: Oranguru\n|\n|upkeep\n|\n|t:|1776092650\n|switch|p1b: Camerupt|Camerupt, L50, M|100/100\n|turn|2\n|\n|t:|1776092678\n|switch|p2a: Incineroar|Incineroar, L50, M|100/100\n|-ability|p2a: Incineroar|Intimidate|boost\n|-fail|p1a: Oranguru|unboost|Attack|[from] ability: Inner Focus|[of] p1a: Oranguru\n|-unboost|p1b: Camerupt|atk|1\n|detailschange|p1b: Camerupt|Camerupt-Mega, L50, M\n|-mega|p1b: Camerupt|Camerupt|Cameruptite\n|move|p2b: Glimmora|Spiky Shield|p2b: Glimmora\n|-singleturn|p2b: Glimmora|move: Protect\n|move|p1b: Camerupt|Eruption|p2a: Incineroar|[spread] p2a\n|-activate|p2b: Glimmora|move: Protect\n|-resisted|p2a: Incineroar|1\n|-damage|p2a: Incineroar|72/100\n|move|p1a: Oranguru|Instruct|p1b: Camerupt\n|-singleturn|p1b: Camerupt|move: Instruct|[of] p1a: Oranguru\n|move|p1b: Camerupt|Eruption|p2a: Incineroar|[spread] p2a\n|-activate|p2b: Glimmora|move: Protect\n|-resisted|p2a: Incineroar|1\n|-damage|p2a: Incineroar|42/100\n|\n|upkeep\n|turn|3\n|\n|t:|1776092753\n|switch|p2a: Sinistcha|Sinistcha, L50|100/100\n|move|p1b: Camerupt|Protect|p1b: Camerupt\n|-singleturn|p1b: Camerupt|Protect\n|move|p1a: Oranguru|Protect|p1a: Oranguru\n|-singleturn|p1a: Oranguru|Protect\n|move|p2b: Glimmora|Sludge Bomb|p1a: Oranguru\n|-activate|p1a: Oranguru|move: Protect\n|\n|upkeep\n|turn|4\n|\n|t:|1776092789\n|move|p2a: Sinistcha|Rage Powder|p2a: Sinistcha\n|-singleturn|p2a: Sinistcha|move: Rage Powder\n|move|p1b: Camerupt|Eruption|p2b: Glimmora|[spread] p2a,p2b\n|-supereffective|p2a: Sinistcha|1\n|-enditem|p2a: Sinistcha|Occa Berry|[eat]\n|-enditem|p2a: Sinistcha|Occa Berry|[weaken]\n|-resisted|p2b: Glimmora|1\n|-damage|p2a: Sinistcha|34/100\n|-damage|p2b: Glimmora|60/100\n|move|p1a: Oranguru|Instruct|p2a: Sinistcha\n|-singleturn|p2a: Sinistcha|move: Instruct|[of] p1a: Oranguru\n|move|p2a: Sinistcha|Rage Powder||[still]\n|-fail|p2a: Sinistcha\n|move|p2b: Glimmora|Power Gem|p1b: Camerupt\n|-damage|p1b: Camerupt|38/100\n|\n|upkeep\n|turn|5\n|\n|t:|1776092823\n|switch|p2a: Incineroar|Incineroar, L50, M|42/100\n|-ability|p2a: Incineroar|Intimidate|boost\n|-fail|p1a: Oranguru|unboost|Attack|[from] ability: Inner Focus|[of] p1a: Oranguru\n|-unboost|p1b: Camerupt|atk|1\n|move|p1a: Oranguru|Protect|p1a: Oranguru\n|-singleturn|p1a: Oranguru|Protect\n|move|p2b: Glimmora|Spiky Shield|p2b: Glimmora\n|-singleturn|p2b: Glimmora|move: Protect\n|move|p1b: Camerupt|Earth Power|p2b: Glimmora\n|-activate|p2b: Glimmora|move: Protect\n|\n|-fieldend|move: Trick Room\n|upkeep\n|turn|6\n|\n|t:|1776092860\n|move|p2b: Glimmora|Power Gem|p1a: Oranguru\n|-damage|p1a: Oranguru|30/100\n|move|p2a: Incineroar|Throat Chop|p1a: Oranguru\n|-supereffective|p1a: Oranguru|1\n|-damage|p1a: Oranguru|0 fnt\n|faint|p1a: Oranguru\n|move|p1b: Camerupt|Eruption|p2a: Incineroar|[spread] p2a,p2b\n|-resisted|p2a: Incineroar|1\n|-resisted|p2b: Glimmora|1\n|-damage|p2a: Incineroar|32/100\n|-damage|p2b: Glimmora|44/100\n|\n|upkeep\n|\n|t:|1776092869\n|switch|p1a: Incineroar|Incineroar, L50, F|100/100\n|-ability|p1a: Incineroar|Intimidate|boost\n|-unboost|p2a: Incineroar|atk|1\n|-unboost|p2b: Glimmora|atk|1\n|turn|7\n|\n|t:|1776092878\n|switch|p2a: Sinistcha|Sinistcha, L50|34/100\n|-heal|p2b: Glimmora|69/100|[from] ability: Hospitality|[of] p2a: Sinistcha\n|move|p2b: Glimmora|Spiky Shield|p2b: Glimmora\n|-singleturn|p2b: Glimmora|move: Protect\n|move|p1a: Incineroar|Fake Out|p2a: Sinistcha\n|-immune|p2a: Sinistcha\n|move|p1b: Camerupt|Earth Power|p2b: Glimmora\n|-activate|p2b: Glimmora|move: Protect\n|\n|upkeep\n|turn|8\n|-message|jaycubs forfeited.\n|\n|win|1#MiraidonHater\n",
  "uploadtime": 1776092577,
  "views": 13,
  "formatid": "gen9championsvgc2026regma",
  "rating": null,
  "private": 0,
  "password": null
}