{
  "id": "gen9championsvgc2026regma-2585195617",
  "format": "[Gen 9 Champions] VGC 2026 Reg M-A",
  "players": [
    "justin190511",
    "BailsOhay546"
  ],
  "log": "|j|\u2606justin190511\n|j|\u2606BailsOhay546\n|t:|1776323629\n|gametype|doubles\n|player|p1|justin190511|102|1087\n|player|p2|BailsOhay546|lady|1165\n|gen|9\n|tier|[Gen 9 Champions] VGC 2026 Reg M-A\n|rated|\n|rule|Species Clause: Limit one of each Pok\u00e9mon\n|rule|Item Clause: Limit 1 of each item\n|clearpoke\n|poke|p1|Beedrill, L50, M|\n|poke|p1|Clefable, L50, F|\n|poke|p1|Archaludon, L50, F|\n|poke|p1|Pelipper, L50, M|\n|poke|p1|Maushold-Four, L50|\n|poke|p1|Aromatisse, L50, M|\n|poke|p2|Dragonite, L50, M|\n|poke|p2|Archaludon, L50, F|\n|poke|p2|Politoed, L50, M|\n|poke|p2|Incineroar, L50, F|\n|poke|p2|Basculegion, L50, M|\n|poke|p2|Lycanroc, L50, M|\n|teampreview|4\n|inactive|Battle timer is ON: inactive players will automatically lose when time's up. (requested by justin190511)\n|inactive|BailsOhay546 has 60 seconds left.\njustin190511 has agreed to open team sheets.\n|\n|t:|1776323685\n|teamsize|p1|4\n|teamsize|p2|4\n|start\n|switch|p1a: WALL 1.5|Archaludon, L50, F|100/100\n|switch|p1b: Storks|Pelipper, L50, M|100/100\n|switch|p2a: Incineroar|Incineroar, L50, F|100/100\n|switch|p2b: Dragonite|Dragonite, L50, M|100/100\n|-weather|RainDance|[from] ability: Drizzle|[of] p1b: Storks\n|-ability|p2a: Incineroar|Intimidate|boost\n|-unboost|p1a: WALL 1.5|atk|1\n|-unboost|p1b: Storks|atk|1\n|turn|1\n|\n|t:|1776323704\n|detailschange|p2b: Dragonite|Dragonite-Mega, L50, M\n|-mega|p2b: Dragonite|Dragonite|Dragoninite\n|move|p2a: Incineroar|Fake Out|p1a: WALL 1.5\n|-resisted|p1a: WALL 1.5|1\n|-damage|p1a: WALL 1.5|97/100\n|-ability|p1a: WALL 1.5|Stamina|boost\n|-boost|p1a: WALL 1.5|def|1\n|move|p2b: Dragonite|Tailwind|p2b: Dragonite\n|-sidestart|p2: BailsOhay546|move: Tailwind\n|cant|p1a: WALL 1.5|flinch\n|move|p1b: Storks|Tailwind|p1b: Storks\n|-sidestart|p1: justin190511|move: Tailwind\n|\n|-weather|RainDance|[upkeep]\n|-heal|p1a: WALL 1.5|100/100|[from] item: Leftovers\n|upkeep\n|turn|2\n|inactive|BailsOhay546 has 30 seconds left.\n|\n|t:|1776323731\n|move|p2b: Dragonite|Protect|p2b: Dragonite\n|-singleturn|p2b: Dragonite|Protect\n|move|p1a: WALL 1.5|Electro Shot||[still]\n|-prepare|p1a: WALL 1.5|Electro Shot\n|-boost|p1a: WALL 1.5|spa|1\n|-anim|p1a: WALL 1.5|Electro Shot|p2b: Dragonite\n|-activate|p2b: Dragonite|move: Protect\n|move|p1b: Storks|Weather Ball|p2a: Incineroar\n|-supereffective|p2a: Incineroar|1\n|-damage|p2a: Incineroar|33/100\n|-enditem|p2a: Incineroar|Sitrus Berry|[eat]\n|-heal|p2a: Incineroar|58/100|[from] item: Sitrus Berry\n|move|p2a: Incineroar|Parting Shot|p1a: WALL 1.5\n|-unboost|p1a: WALL 1.5|atk|1\n|-unboost|p1a: WALL 1.5|spa|1\n|\n|t:|1776323745\n|switch|p2a: Archaludon|Archaludon, L50, F|100/100|[from] Parting Shot\n|\n|-weather|RainDance|[upkeep]\n|upkeep\n|turn|3\n|\n|t:|1776323766\n|move|p2b: Dragonite|Hurricane|p1a: WALL 1.5\n|-resisted|p1a: WALL 1.5|1\n|-damage|p1a: WALL 1.5|73/100\n|-ability|p1a: WALL 1.5|Stamina|boost\n|-boost|p1a: WALL 1.5|def|1\n|move|p2a: Archaludon|Draco Meteor|p1a: WALL 1.5|[miss]\n|-miss|p2a: Archaludon|p1a: WALL 1.5\n|move|p1a: WALL 1.5|Electro Shot||[still]\n|-prepare|p1a: WALL 1.5|Electro Shot\n|-boost|p1a: WALL 1.5|spa|1\n|-anim|p1a: WALL 1.5|Electro Shot|p2b: Dragonite\n|-damage|p2b: Dragonite|75/100\n|move|p1b: Storks|Weather Ball|p2b: Dragonite\n|-resisted|p2b: Dragonite|1\n|-damage|p2b: Dragonite|53/100\n|\n|-weather|RainDance|[upkeep]\n|-heal|p1a: WALL 1.5|79/100|[from] item: Leftovers\n|upkeep\n|turn|4\n|\n|t:|1776323790\n|move|p2b: Dragonite|Draco Meteor|p1a: WALL 1.5\n|-damage|p1a: WALL 1.5|10/100\n|-unboost|p2b: Dragonite|spa|2\n|-ability|p1a: WALL 1.5|Stamina|boost\n|-boost|p1a: WALL 1.5|def|1\n|move|p2a: Archaludon|Electro Shot||[still]\n|-prepare|p2a: Archaludon|Electro Shot\n|-boost|p2a: Archaludon|spa|1\n|-anim|p2a: Archaludon|Electro Shot|p1b: Storks\n|-supereffective|p1b: Storks|2\n|-damage|p1b: Storks|0 fnt\n|faint|p1b: Storks\n|move|p1a: WALL 1.5|Thunder Wave|p2a: Archaludon\n|-status|p2a: Archaludon|par\n|\n|-weather|RainDance|[upkeep]\n|-heal|p1a: WALL 1.5|16/100|[from] item: Leftovers\n|-sideend|p1: justin190511|move: Tailwind\n|-sideend|p2: BailsOhay546|move: Tailwind\n|upkeep\n|\n|t:|1776323803\n|switch|p1b: The Beast|Clefable, L50, F|100/100\n|turn|5\n|inactive|BailsOhay546 has 30 seconds left.\n|inactive|BailsOhay546 has 20 seconds left.\n|\n|t:|1776323842\n|move|p1b: The Beast|Follow Me|p1b: The Beast\n|-singleturn|p1b: The Beast|move: Follow Me\n|move|p2b: Dragonite|Tailwind|p2b: Dragonite\n|-sidestart|p2: BailsOhay546|move: Tailwind\n|cant|p2a: Archaludon|par\n|move|p1a: WALL 1.5|Thunder Wave|p2b: Dragonite\n|-status|p2b: Dragonite|par\n|\n|-weather|none\n|-heal|p1a: WALL 1.5|22/100|[from] item: Leftovers\n|upkeep\n|turn|6\n|\n|t:|1776323860\n|switch|p2b: Politoed|Politoed, L50, M|100/100\n|-weather|RainDance|[from] ability: Drizzle|[of] p2b: Politoed\n|move|p1b: The Beast|Follow Me|p1b: The Beast\n|-singleturn|p1b: The Beast|move: Follow Me\n|move|p2a: Archaludon|Electro Shot||[still]\n|-prepare|p2a: Archaludon|Electro Shot\n|-boost|p2a: Archaludon|spa|1\n|-anim|p2a: Archaludon|Electro Shot|p1b: The Beast|[miss]\n|-miss|p2a: Archaludon|p1b: The Beast\n|move|p1a: WALL 1.5|Dragon Pulse|p2b: Politoed\n|-damage|p2b: Politoed|63/100\n|\n|-weather|RainDance|[upkeep]\n|-heal|p2b: Politoed|69/100|[from] item: Leftovers\n|-heal|p1a: WALL 1.5|28/100|[from] item: Leftovers\n|upkeep\n|turn|7\n|inactive|BailsOhay546 has 30 seconds left.\n|\n|t:|1776323893\n|move|p1b: The Beast|Follow Me|p1b: The Beast\n|-singleturn|p1b: The Beast|move: Follow Me\n|move|p2b: Politoed|Weather Ball|p1b: The Beast\n|-damage|p1b: The Beast|60/100\n|move|p2a: Archaludon|Electro Shot||[still]\n|-prepare|p2a: Archaludon|Electro Shot\n|-boost|p2a: Archaludon|spa|1\n|-anim|p2a: Archaludon|Electro Shot|p1b: The Beast|[miss]\n|-miss|p2a: Archaludon|p1b: The Beast\n|move|p1a: WALL 1.5|Substitute|p1a: WALL 1.5\n|-start|p1a: WALL 1.5|Substitute\n|-damage|p1a: WALL 1.5|4/100\n|\n|-weather|RainDance|[upkeep]\n|-heal|p2b: Politoed|75/100|[from] item: Leftovers\n|-heal|p1a: WALL 1.5|10/100|[from] item: Leftovers\n|upkeep\n|turn|8\n|inactive|BailsOhay546 has 30 seconds left.\n|\n|t:|1776323925\n|move|p2b: Politoed|Perish Song|p2b: Politoed\n|-start|p1a: WALL 1.5|perish3|[silent]\n|-start|p1b: The Beast|perish3|[silent]\n|-start|p2a: Archaludon|perish3|[silent]\n|-start|p2b: Politoed|perish3|[silent]\n|-fieldactivate|move: Perish Song\n|move|p2a: Archaludon|Electro Shot||[still]\n|-prepare|p2a: Archaludon|Electro Shot\n|-boost|p2a: Archaludon|spa|1\n|-anim|p2a: Archaludon|Electro Shot|p1a: WALL 1.5\n|-resisted|p1a: WALL 1.5|1\n|-end|p1a: WALL 1.5|Substitute\n|move|p1a: WALL 1.5|Electro Shot||[still]\n|-prepare|p1a: WALL 1.5|Electro Shot\n|-boost|p1a: WALL 1.5|spa|1\n|-anim|p1a: WALL 1.5|Electro Shot|p2b: Politoed\n|-supereffective|p2b: Politoed|1\n|-damage|p2b: Politoed|0 fnt\n|faint|p2b: Politoed\n|move|p1b: The Beast|Cosmic Power|p1b: The Beast\n|-boost|p1b: The Beast|def|1\n|-boost|p1b: The Beast|spd|1\n|\n|-weather|RainDance|[upkeep]\n|-heal|p1a: WALL 1.5|16/100|[from] item: Leftovers\n|-start|p2a: Archaludon|perish3\n|-start|p1a: WALL 1.5|perish3\n|-start|p1b: The Beast|perish3\n|-sideend|p2: BailsOhay546|move: Tailwind\n|upkeep\n|\n|t:|1776323946\n|switch|p2b: Dragonite|Dragonite-Mega, L50, M|53/100 par\n|turn|9\n|\n|t:|1776323967\n|move|p1b: The Beast|Follow Me|p1b: The Beast\n|-singleturn|p1b: The Beast|move: Follow Me\n|move|p1a: WALL 1.5|Dragon Pulse|p2b: Dragonite\n|-supereffective|p2b: Dragonite|1\n|-damage|p2b: Dragonite|0 fnt\n|faint|p2b: Dragonite\n|cant|p2a: Archaludon|par\n|\n|-weather|RainDance|[upkeep]\n|-heal|p1a: WALL 1.5|22/100|[from] item: Leftovers\n|-start|p1a: WALL 1.5|perish2\n|-start|p1b: The Beast|perish2\n|-start|p2a: Archaludon|perish2\n|upkeep\n|c|\u2606BailsOhay546|nice\n|\n|t:|1776323978\n|switch|p2b: Incineroar|Incineroar, L50, F|58/100\n|-ability|p2b: Incineroar|Intimidate|boost\n|-unboost|p1a: WALL 1.5|atk|1\n|-unboost|p1b: The Beast|atk|1\n|turn|10\n|\n|t:|1776324000\n|move|p2a: Archaludon|Protect|p2a: Archaludon\n|-singleturn|p2a: Archaludon|Protect\n|move|p2b: Incineroar|Fake Out|p1a: WALL 1.5\n|-resisted|p1a: WALL 1.5|1\n|-damage|p1a: WALL 1.5|20/100\n|-ability|p1a: WALL 1.5|Stamina|boost\n|-boost|p1a: WALL 1.5|def|1\n|move|p1b: The Beast|Follow Me|p1b: The Beast\n|-singleturn|p1b: The Beast|move: Follow Me\n|cant|p1a: WALL 1.5|flinch\n|\n|-weather|none\n|-heal|p1a: WALL 1.5|26/100|[from] item: Leftovers\n|-start|p1a: WALL 1.5|perish1\n|-start|p1b: The Beast|perish1\n|-start|p2a: Archaludon|perish1\n|upkeep\n|turn|11\n|\n|t:|1776324017\n|switch|p1b: POTENTIAL MON|Beedrill, L50, M|100/100\n|move|p2b: Incineroar|Protect|p2b: Incineroar\n|-singleturn|p2b: Incineroar|Protect\n|move|p1a: WALL 1.5|Thunder Wave|p2b: Incineroar\n|-activate|p2b: Incineroar|move: Protect\n|move|p2a: Archaludon|Flash Cannon|p1b: POTENTIAL MON\n|-damage|p1b: POTENTIAL MON|0 fnt\n|faint|p1b: POTENTIAL MON\n|\n|-heal|p1a: WALL 1.5|32/100|[from] item: Leftovers\n|-start|p1a: WALL 1.5|perish0\n|-start|p2a: Archaludon|perish0\n|faint|p1a: WALL 1.5\n|faint|p2a: Archaludon\n|upkeep\n|\n|t:|1776324020\n|switch|p1b: The Beast|Clefable, L50, F|60/100\n|turn|12\n|\n|t:|1776324033\n|move|p2b: Incineroar|Darkest Lariat|p1b: The Beast\n|-resisted|p1b: The Beast|1\n|-damage|p1b: The Beast|47/100\n|move|p1b: The Beast|Cosmic Power|p1b: The Beast\n|-boost|p1b: The Beast|def|1\n|-boost|p1b: The Beast|spd|1\n|\n|upkeep\n|turn|13\n|\n|t:|1776324038\n|move|p2b: Incineroar|Darkest Lariat|p1b: The Beast\n|-resisted|p1b: The Beast|1\n|-damage|p1b: The Beast|32/100\n|move|p1b: The Beast|Cosmic Power|p1b: The Beast\n|-boost|p1b: The Beast|def|1\n|-boost|p1b: The Beast|spd|1\n|\n|upkeep\n|turn|14\n|\n|t:|1776324041\n|move|p2b: Incineroar|Darkest Lariat|p1b: The Beast\n|-resisted|p1b: The Beast|1\n|-damage|p1b: The Beast|17/100\n|move|p1b: The Beast|Moonlight|p1b: The Beast\n|-heal|p1b: The Beast|67/100\n|\n|upkeep\n|turn|15\n|\n|t:|1776324053\n|move|p2b: Incineroar|Darkest Lariat|p1b: The Beast\n|-resisted|p1b: The Beast|1\n|-damage|p1b: The Beast|54/100\n|move|p1b: The Beast|Cosmic Power|p1b: The Beast\n|-boost|p1b: The Beast|def|1\n|-boost|p1b: The Beast|spd|1\n|\n|upkeep\n|turn|16\n|\n|t:|1776324057\n|move|p2b: Incineroar|Parting Shot|p1b: The Beast\n|-unboost|p1b: The Beast|atk|1\n|-unboost|p1b: The Beast|spa|1\n|move|p1b: The Beast|Moonlight|p1b: The Beast\n|-heal|p1b: The Beast|100/100\n|\n|upkeep\n|turn|17\n|\n|t:|1776324060\n|move|p2b: Incineroar|Parting Shot|p1b: The Beast\n|-unboost|p1b: The Beast|atk|1\n|-unboost|p1b: The Beast|spa|1\n|move|p1b: The Beast|Cosmic Power|p1b: The Beast\n|-boost|p1b: The Beast|def|1\n|-boost|p1b: The Beast|spd|1\n|\n|upkeep\n|turn|18\n|\n|t:|1776324063\n|move|p2b: Incineroar|Parting Shot|p1b: The Beast\n|-unboost|p1b: The Beast|atk|1\n|-unboost|p1b: The Beast|spa|1\n|move|p1b: The Beast|Cosmic Power|p1b: The Beast\n|-boost|p1b: The Beast|def|1\n|-boost|p1b: The Beast|spd|1\n|\n|upkeep\n|turn|19\n|\n|t:|1776324066\n|move|p2b: Incineroar|Parting Shot|p1b: The Beast\n|-unboost|p1b: The Beast|atk|1\n|-unboost|p1b: The Beast|spa|1\n|move|p1b: The Beast|Cosmic Power|p1b: The Beast\n|-boost|p1b: The Beast|def|1\n|-boost|p1b: The Beast|spd|1\n|\n|upkeep\n|turn|20\n|\n|t:|1776324069\n|move|p1b: The Beast|Follow Me|p1b: The Beast\n|-singleturn|p1b: The Beast|move: Follow Me\n|move|p2b: Incineroar|Parting Shot|p1b: The Beast\n|-unboost|p1b: The Beast|atk|1\n|-unboost|p1b: The Beast|spa|1\n|\n|upkeep\n|turn|21\n|\n|t:|1776324073\n|move|p1b: The Beast|Follow Me|p1b: The Beast\n|-singleturn|p1b: The Beast|move: Follow Me\n|move|p2b: Incineroar|Parting Shot|p1b: The Beast\n|-unboost|p1b: The Beast|atk|1\n|-unboost|p1b: The Beast|spa|1\n|\n|upkeep\n|turn|22\n|\n|t:|1776324078\n|move|p1b: The Beast|Follow Me|p1b: The Beast\n|-singleturn|p1b: The Beast|move: Follow Me\n|move|p2b: Incineroar|Parting Shot|p1b: The Beast\n|-unboost|p1b: The Beast|atk|0\n|-unboost|p1b: The Beast|spa|0\n|\n|upkeep\n|turn|23\n|\n|t:|1776324079\n|move|p2b: Incineroar|Protect|p2b: Incineroar\n|-singleturn|p2b: Incineroar|Protect\n|move|p1b: The Beast|Follow Me|p1b: The Beast\n|-singleturn|p1b: The Beast|move: Follow Me\n|\n|upkeep\n|turn|24\n|\n|t:|1776324081\n|move|p1b: The Beast|Follow Me|p1b: The Beast\n|-singleturn|p1b: The Beast|move: Follow Me\n|move|p2b: Incineroar|Parting Shot|p1b: The Beast\n|-unboost|p1b: The Beast|atk|0\n|-unboost|p1b: The Beast|spa|0\n|\n|upkeep\n|turn|25\n|\n|t:|1776324082\n|move|p2b: Incineroar|Protect|p2b: Incineroar\n|-singleturn|p2b: Incineroar|Protect\n|move|p1b: The Beast|Follow Me|p1b: The Beast\n|-singleturn|p1b: The Beast|move: Follow Me\n|\n|upkeep\n|turn|26\n|\n|t:|1776324083\n|move|p1b: The Beast|Follow Me|p1b: The Beast\n|-singleturn|p1b: The Beast|move: Follow Me\n|move|p2b: Incineroar|Parting Shot|p1b: The Beast|[miss]\n|-miss|p2b: Incineroar|p1b: The Beast\n|\n|upkeep\n|turn|27\n|\n|t:|1776324084\n|move|p2b: Incineroar|Protect|p2b: Incineroar\n|-singleturn|p2b: Incineroar|Protect\n|move|p1b: The Beast|Follow Me|p1b: The Beast\n|-singleturn|p1b: The Beast|move: Follow Me\n|\n|upkeep\n|turn|28\n|\n|t:|1776324085\n|move|p1b: The Beast|Follow Me|p1b: The Beast\n|-singleturn|p1b: The Beast|move: Follow Me\n|move|p2b: Incineroar|Parting Shot|p1b: The Beast\n|-unboost|p1b: The Beast|atk|0\n|-unboost|p1b: The Beast|spa|0\n|\n|upkeep\n|turn|29\n|\n|t:|1776324087\n|move|p2b: Incineroar|Protect|p2b: Incineroar\n|-singleturn|p2b: Incineroar|Protect\n|move|p1b: The Beast|Follow Me|p1b: The Beast\n|-singleturn|p1b: The Beast|move: Follow Me\n|\n|upkeep\n|turn|30\n|\n|t:|1776324088\n|move|p1b: The Beast|Follow Me|p1b: The Beast\n|-singleturn|p1b: The Beast|move: Follow Me\n|move|p2b: Incineroar|Parting Shot|p1b: The Beast\n|-unboost|p1b: The Beast|atk|0\n|-unboost|p1b: The Beast|spa|0\n|\n|upkeep\n|turn|31\n|\n|t:|1776324089\n|move|p2b: Incineroar|Protect|p2b: Incineroar\n|-singleturn|p2b: Incineroar|Protect\n|move|p1b: The Beast|Follow Me|p1b: The Beast\n|-singleturn|p1b: The Beast|move: Follow Me\n|\n|upkeep\n|turn|32\n|\n|t:|1776324091\n|move|p1b: The Beast|Follow Me|p1b: The Beast\n|-singleturn|p1b: The Beast|move: Follow Me\n|move|p2b: Incineroar|Parting Shot|p1b: The Beast\n|-unboost|p1b: The Beast|atk|0\n|-unboost|p1b: The Beast|spa|0\n|\n|upkeep\n|turn|33\n|\n|t:|1776324093\n|move|p2b: Incineroar|Protect|p2b: Incineroar\n|-singleturn|p2b: Incineroar|Protect\n|move|p1b: The Beast|Follow Me|p1b: The Beast\n|-singleturn|p1b: The Beast|move: Follow Me\n|\n|upkeep\n|turn|34\n|\n|t:|1776324097\n|move|p1b: The Beast|Follow Me|p1b: The Beast\n|-singleturn|p1b: The Beast|move: Follow Me\n|move|p2b: Incineroar|Parting Shot|p1b: The Beast\n|-unboost|p1b: The Beast|atk|0\n|-unboost|p1b: The Beast|spa|0\n|\n|upkeep\n|turn|35\n|\n|t:|1776324099\n|move|p2b: Incineroar|Protect|p2b: Incineroar\n|-singleturn|p2b: Incineroar|Protect\n|move|p1b: The Beast|Cosmic Power|p1b: The Beast\n|-boost|p1b: The Beast|def|0\n|-boost|p1b: The Beast|spd|0\n|\n|upkeep\n|turn|36\n|\n|t:|1776324101\n|move|p2b: Incineroar|Parting Shot|p1b: The Beast\n|-unboost|p1b: The Beast|atk|0\n|-unboost|p1b: The Beast|spa|0\n|move|p1b: The Beast|Cosmic Power|p1b: The Beast\n|-boost|p1b: The Beast|def|0\n|-boost|p1b: The Beast|spd|0\n|\n|upkeep\n|turn|37\n|\n|t:|1776324103\n|move|p2b: Incineroar|Parting Shot|p1b: The Beast\n|-unboost|p1b: The Beast|atk|0\n|-unboost|p1b: The Beast|spa|0\n|move|p1b: The Beast|Cosmic Power|p1b: The Beast\n|-boost|p1b: The Beast|def|0\n|-boost|p1b: The Beast|spd|0\n|\n|upkeep\n|turn|38\n|\n|t:|1776324106\n|move|p2b: Incineroar|Parting Shot|p1b: The Beast\n|-unboost|p1b: The Beast|atk|0\n|-unboost|p1b: The Beast|spa|0\n|move|p1b: The Beast|Cosmic Power|p1b: The Beast\n|-boost|p1b: The Beast|def|0\n|-boost|p1b: The Beast|spd|0\n|\n|upkeep\n|turn|39\n|\n|t:|1776324109\n|move|p2b: Incineroar|Parting Shot|p1b: The Beast\n|-unboost|p1b: The Beast|atk|0\n|-unboost|p1b: The Beast|spa|0\n|move|p1b: The Beast|Cosmic Power|p1b: The Beast\n|-boost|p1b: The Beast|def|0\n|-boost|p1b: The Beast|spd|0\n|\n|upkeep\n|turn|40\n|\n|t:|1776324111\n|move|p2b: Incineroar|Parting Shot|p1b: The Beast\n|-unboost|p1b: The Beast|atk|0\n|-unboost|p1b: The Beast|spa|0\n|move|p1b: The Beast|Cosmic Power|p1b: The Beast\n|-boost|p1b: The Beast|def|0\n|-boost|p1b: The Beast|spd|0\n|\n|upkeep\n|turn|41\n|\n|t:|1776324113\n|move|p2b: Incineroar|Parting Shot|p1b: The Beast|[miss]\n|-miss|p2b: Incineroar|p1b: The Beast\n|move|p1b: The Beast|Cosmic Power|p1b: The Beast\n|-boost|p1b: The Beast|def|0\n|-boost|p1b: The Beast|spd|0\n|\n|upkeep\n|turn|42\n|\n|t:|1776324115\n|move|p2b: Incineroar|Darkest Lariat|p1b: The Beast\n|-resisted|p1b: The Beast|1\n|-damage|p1b: The Beast|85/100\n|move|p1b: The Beast|Cosmic Power|p1b: The Beast\n|-boost|p1b: The Beast|def|0\n|-boost|p1b: The Beast|spd|0\n|\n|upkeep\n|turn|43\n|\n|t:|1776324119\n|move|p2b: Incineroar|Darkest Lariat|p1b: The Beast\n|-resisted|p1b: The Beast|1\n|-damage|p1b: The Beast|71/100\n|move|p1b: The Beast|Cosmic Power|p1b: The Beast\n|-boost|p1b: The Beast|def|0\n|-boost|p1b: The Beast|spd|0\n|\n|upkeep\n|turn|44\n|\n|t:|1776324121\n|move|p2b: Incineroar|Darkest Lariat|p1b: The Beast\n|-resisted|p1b: The Beast|1\n|-damage|p1b: The Beast|57/100\n|move|p1b: The Beast|Cosmic Power|p1b: The Beast\n|-boost|p1b: The Beast|def|0\n|-boost|p1b: The Beast|spd|0\n|\n|upkeep\n|turn|45\n|\n|t:|1776324123\n|move|p2b: Incineroar|Darkest Lariat|p1b: The Beast|[miss]\n|-miss|p2b: Incineroar|p1b: The Beast\n|move|p1b: The Beast|Moonlight|p1b: The Beast\n|-heal|p1b: The Beast|100/100\n|\n|upkeep\n|turn|46\n|\n|t:|1776324125\n|move|p2b: Incineroar|Darkest Lariat|p1b: The Beast|[miss]\n|-miss|p2b: Incineroar|p1b: The Beast\n|move|p1b: The Beast|Cosmic Power|p1b: The Beast\n|-boost|p1b: The Beast|def|0\n|-boost|p1b: The Beast|spd|0\n|\n|upkeep\n|turn|47\n|\n|t:|1776324126\n|move|p2b: Incineroar|Darkest Lariat|p1b: The Beast\n|-resisted|p1b: The Beast|1\n|-damage|p1b: The Beast|86/100\n|move|p1b: The Beast|Cosmic Power|p1b: The Beast\n|-boost|p1b: The Beast|def|0\n|-boost|p1b: The Beast|spd|0\n|\n|upkeep\n|turn|48\n|\n|t:|1776324127\n|move|p2b: Incineroar|Darkest Lariat|p1b: The Beast\n|-resisted|p1b: The Beast|1\n|-crit|p1b: The Beast\n|-damage|p1b: The Beast|63/100\n|move|p1b: The Beast|Cosmic Power|p1b: The Beast\n|-boost|p1b: The Beast|def|0\n|-boost|p1b: The Beast|spd|0\n|\n|upkeep\n|turn|49\n|\n|t:|1776324130\n|move|p2b: Incineroar|Darkest Lariat|p1b: The Beast\n|-resisted|p1b: The Beast|1\n|-damage|p1b: The Beast|48/100\n|move|p1b: The Beast|Stored Power|p2b: Incineroar\n|-immune|p2b: Incineroar\n|\n|upkeep\n|turn|50\n|\n|t:|1776324132\n|-activate|p2b: Incineroar|move: Struggle\n|move|p2b: Incineroar|Struggle|p1b: The Beast\n|-damage|p1b: The Beast|45/100\n|-damage|p2b: Incineroar|33/100|[from] recoil\n|move|p1b: The Beast|Moonlight|p1b: The Beast\n|-heal|p1b: The Beast|95/100\n|\n|upkeep\n|turn|51\n|\n|t:|1776324137\n|-activate|p2b: Incineroar|move: Struggle\n|move|p2b: Incineroar|Struggle|p1b: The Beast\n|-damage|p1b: The Beast|92/100\n|-damage|p2b: Incineroar|8/100|[from] recoil\n|move|p1b: The Beast|Stored Power|p2b: Incineroar\n|-immune|p2b: Incineroar\n|\n|upkeep\n|turn|52\n|c|\u2606justin190511|Gg\n|c|\u2606BailsOhay546|yeah\n|-message|BailsOhay546 forfeited.\n|\n|win|justin190511\n|raw|justin190511's rating: 1087 &rarr; <strong>1120</strong><br />(+33 for winning)\n|raw|BailsOhay546's rating: 1165 &rarr; <strong>1134</strong><br />(-31 for losing)\n|l|\u2606BailsOhay546\n|player|p2|\n|c|\u2606justin190511|Well that was painful\n",
  "uploadtime": 1776324163,
  "views": 24,
  "formatid": "gen9championsvgc2026regma",
  "rating": 1120,
  "private": 0,
  "password": null
}