{
  "id": "gen9championsvgc2026regma-2582713374",
  "format": "[Gen 9 Champions] VGC 2026 Reg M-A",
  "players": [
    "sheikhswampert",
    "dmarin0301"
  ],
  "log": "|j|\u203dsheikhswampert\n|j|\u2606dmarin0301\n|t:|1776109032\n|gametype|doubles\n|player|p1|sheikhswampert|volkner|1108\n|player|p2|dmarin0301|unknown|1105\n|gen|9\n|tier|[Gen 9 Champions] VGC 2026 Reg M-A\n|rated|\n|rule|Species Clause: Limit one of each Pok\u00e9mon\n|rule|Item Clause: Limit 1 of each item\n|clearpoke\n|poke|p1|Gengar, L50, F|\n|poke|p1|Kingambit, L50, F|\n|poke|p1|Dragonite, L50, F|\n|poke|p1|Rotom-Wash, L50|\n|poke|p1|Corviknight, L50, F|\n|poke|p1|Sinistcha, L50|\n|poke|p2|Incineroar, L50, M|\n|poke|p2|Rotom-Frost, L50|\n|poke|p2|Orthworm, L50, M|\n|poke|p2|Basculegion-F, L50, F|\n|poke|p2|Garchomp, L50, M|\n|poke|p2|Froslass, L50, F|\n|teampreview|4\n|\n|t:|1776109051\n|teamsize|p1|4\n|teamsize|p2|4\n|start\n|switch|p1a: Gengar|Gengar, L50, F|100/100\n|switch|p1b: Kingambit|Kingambit, L50, F|100/100\n|switch|p2a: Incineroar|Incineroar, L50, M|100/100\n|switch|p2b: Orthworm|Orthworm, L50, M|100/100\n|-ability|p2a: Incineroar|Intimidate|boost\n|-unboost|p1a: Gengar|atk|1\n|-unboost|p1b: Kingambit|atk|1\n|-ability|p1b: Kingambit|Defiant|boost\n|-boost|p1b: Kingambit|atk|2\n|turn|1\n|inactive|Battle timer is ON: inactive players will automatically lose when time's up. (requested by dmarin0301)\n|\n|t:|1776109071\n|detailschange|p1a: Gengar|Gengar-Mega, L50, F\n|-mega|p1a: Gengar|Gengar|Gengarite\n|move|p1b: Kingambit|Protect|p1b: Kingambit\n|-singleturn|p1b: Kingambit|Protect\n|move|p2a: Incineroar|Fake Out|p1b: Kingambit\n|-activate|p1b: Kingambit|move: Protect\n|move|p1a: Gengar|Shadow Ball|p2b: Orthworm\n|-damage|p2b: Orthworm|37/100\n|-enditem|p2b: Orthworm|Sitrus Berry|[eat]\n|-heal|p2b: Orthworm|61/100|[from] item: Sitrus Berry\n|move|p2b: Orthworm|Shed Tail|p2b: Orthworm\n|-start|p2b: Orthworm|Substitute|[from] move: Shed Tail\n|-damage|p2b: Orthworm|11/100\n|\n|t:|1776109088\n|switch|p2b: Rotom|Rotom-Frost, L50|100/100|[from] Shed Tail\n|\n|upkeep\n|turn|2\n|\n|t:|1776109100\n|move|p1b: Kingambit|Sucker Punch|p2b: Rotom\n|-end|p2b: Rotom|Substitute\n|move|p1a: Gengar|Sludge Wave|p2b: Rotom|[spread] p2a,p2b\n|-immune|p1b: Kingambit\n|-damage|p2a: Incineroar|61/100\n|-damage|p2b: Rotom|45/100\n|move|p2b: Rotom|Thunderbolt|p1a: Gengar\n|-damage|p1a: Gengar|49/100\n|move|p2a: Incineroar|Flare Blitz|p1b: Kingambit\n|-supereffective|p1b: Kingambit|1\n|-damage|p1b: Kingambit|19/100\n|-damage|p2a: Incineroar|29/100|[from] Recoil\n|\n|upkeep\n|turn|3\n|\n|t:|1776109121\n|move|p2a: Incineroar|Protect|p2a: Incineroar\n|-singleturn|p2a: Incineroar|Protect\n|move|p1b: Kingambit|Sucker Punch|p2b: Rotom\n|-damage|p2b: Rotom|0 fnt\n|faint|p2b: Rotom\n|move|p1a: Gengar|Sludge Wave|p2a: Incineroar|[spread] \n|-activate|p2a: Incineroar|move: Protect\n|-immune|p1b: Kingambit\n|\n|upkeep\n|\n|t:|1776109131\n|switch|p2b: Froslass|Froslass, L50, F|100/100\n|turn|4\n|\n|t:|1776109153\n|detailschange|p2b: Froslass|Froslass-Mega, L50, F\n|-mega|p2b: Froslass|Froslass|Froslassite\n|-weather|Snowscape|[from] ability: Snow Warning|[of] p2b: Froslass\n|move|p1b: Kingambit|Sucker Punch|p2a: Incineroar\n|-resisted|p2a: Incineroar|1\n|-damage|p2a: Incineroar|0 fnt\n|faint|p2a: Incineroar\n|move|p1a: Gengar|Shadow Ball|p2b: Froslass\n|-supereffective|p2b: Froslass|1\n|-damage|p2b: Froslass|0 fnt\n|faint|p2b: Froslass\n|\n|-weather|Snowscape|[upkeep]\n|upkeep\n|\n|t:|1776109166\n|switch|p2b: Orthworm|Orthworm, L50, M|11/100\n|turn|5\n|\n|t:|1776109172\n|move|p1a: Gengar|Shadow Ball|p2b: Orthworm\n|-damage|p2b: Orthworm|0 fnt\n|faint|p2b: Orthworm\n|\n|win|sheikhswampert\n|raw|sheikhswampert's rating: 1108 &rarr; <strong>1133</strong><br />(+25 for winning)\n|raw|dmarin0301's rating: 1105 &rarr; <strong>1080</strong><br />(-25 for losing)\n|l|\u203dsheikhswampert\n|player|p1|\n",
  "uploadtime": 1776109183,
  "views": 12,
  "formatid": "gen9championsvgc2026regma",
  "rating": 1080,
  "private": 0,
  "password": null
}