{
  "id": "gen9championsvgc2026regma-2585761248",
  "format": "[Gen 9 Champions] VGC 2026 Reg M-A",
  "players": [
    "terrensosaurex",
    "kingambit kahn"
  ],
  "log": "|j|\u2606terrensosaurex\n|j|\u2606kingambit kahn\n|t:|1776368761\n|gametype|doubles\n|player|p1|terrensosaurex|101|1141\n|player|p2|kingambit kahn|roughneck|1136\n|gen|9\n|tier|[Gen 9 Champions] VGC 2026 Reg M-A\n|rated|\n|rule|Species Clause: Limit one of each Pok\u00e9mon\n|rule|Item Clause: Limit 1 of each item\n|clearpoke\n|poke|p1|Meowstic, L50, M|\n|poke|p1|Gengar, L50, F|\n|poke|p1|Kingambit, L50, F|\n|poke|p1|Starmie, L50|\n|poke|p1|Oranguru, L50, F|\n|poke|p1|Kommo-o, L50, F|\n|poke|p2|Blastoise, L50, M|\n|poke|p2|Maushold-Four, L50|\n|poke|p2|Pelipper, L50, M|\n|poke|p2|Meowscarada, L50, M|\n|poke|p2|Basculegion, L50, M|\n|poke|p2|Dragapult, L50, M|\n|teampreview|4\n|inactive|Battle timer is ON: inactive players will automatically lose when time's up. (requested by kingambit kahn)\nkingambit kahn rejected open team sheets.\n|\n|t:|1776368788\n|teamsize|p1|4\n|teamsize|p2|4\n|start\n|switch|p1a: Kommo-o|Kommo-o, L50, F|100/100\n|switch|p1b: Meowstic|Meowstic, L50, M|100/100\n|switch|p2a: Pelipper|Pelipper, L50, M|100/100\n|switch|p2b: Basculegion|Basculegion, L50, M|100/100\n|-weather|RainDance|[from] ability: Drizzle|[of] p2a: Pelipper\n|turn|1\n|c|\u2606terrensosaurex|mwahaha\n|inactive|terrensosaurex has 30 seconds left.\n|\n|t:|1776368821\n|move|p1b: Meowstic|Fake Out|p2a: Pelipper\n|-damage|p2a: Pelipper|93/100\n|cant|p2a: Pelipper|flinch\n|move|p2b: Basculegion|Liquidation|p1b: Meowstic\n|-enditem|p1b: Meowstic|Focus Sash\n|-damage|p1b: Meowstic|1/100\n|move|p1a: Kommo-o|Clangorous Soul|p1a: Kommo-o\n|-boost|p1a: Kommo-o|atk|1\n|-boost|p1a: Kommo-o|def|1\n|-boost|p1a: Kommo-o|spa|1\n|-boost|p1a: Kommo-o|spd|1\n|-boost|p1a: Kommo-o|spe|1\n|-damage|p1a: Kommo-o|68/100\n|\n|-weather|RainDance|[upkeep]\n|upkeep\n|turn|2\n|inactive|terrensosaurex has 30 seconds left.\n|c|\u2606kingambit kahn|Bro is evil laughing just to lose\n|inactive|terrensosaurex has 20 seconds left.\n|inactive|terrensosaurex has 15 seconds left.\n|\n|t:|1776368863\n|move|p1b: Meowstic|Yawn|p2b: Basculegion\n|-start|p2b: Basculegion|move: Yawn|[of] p1b: Meowstic\n|move|p2b: Basculegion|Aqua Jet|p1b: Meowstic\n|-damage|p1b: Meowstic|0 fnt\n|faint|p1b: Meowstic\n|move|p2a: Pelipper|Hurricane|p1a: Kommo-o\n|-supereffective|p1a: Kommo-o|1\n|-damage|p1a: Kommo-o|10/100\n|-start|p1a: Kommo-o|confusion\n|-enditem|p1a: Kommo-o|Sitrus Berry|[eat]\n|-heal|p1a: Kommo-o|35/100|[from] item: Sitrus Berry\n|-activate|p1a: Kommo-o|confusion\n|-damage|p1a: Kommo-o|27/100|[from] confusion\n|\n|-weather|RainDance|[upkeep]\n|upkeep\n|c|\u2606terrensosaurex|bruh\n|c|\u2606kingambit kahn|Mwahahahaha\n|\n|t:|1776368885\n|switch|p1b: Kingambit|Kingambit, L50, F|100/100\n|-activate|p1b: Kingambit|ability: Supreme Overlord\n|-start|p1b: Kingambit|fallen1|[silent]\n|turn|3\n|inactive|terrensosaurex has 30 seconds left.\n|\n|t:|1776368913\n|switch|p2b: Maushold|Maushold-Four, L50|100/100\n|move|p1b: Kingambit|Sucker Punch|p2a: Pelipper\n|-damage|p2a: Pelipper|39/100\n|move|p2a: Pelipper|Hurricane|p1a: Kommo-o\n|-supereffective|p1a: Kommo-o|1\n|-damage|p1a: Kommo-o|0 fnt\n|faint|p1a: Kommo-o\n|\n|-weather|RainDance|[upkeep]\n|upkeep\n|\n|t:|1776368921\n|switch|p1a: Gengar|Gengar, L50, F|100/100\n|turn|4\n|\n|t:|1776368942\n|detailschange|p1a: Gengar|Gengar-Mega, L50, F\n|-mega|p1a: Gengar|Gengar|Gengarite\n|move|p2a: Pelipper|Hurricane|p1a: Gengar\n|-damage|p1a: Gengar|33/100\n|move|p1a: Gengar|Focus Blast|p2b: Maushold|[miss]\n|-miss|p1a: Gengar|p2b: Maushold\n|move|p2b: Maushold|Super Fang|p1b: Kingambit\n|-damage|p1b: Kingambit|51/100\n|move|p1b: Kingambit|Kowtow Cleave|p2a: Pelipper\n|-damage|p2a: Pelipper|0 fnt\n|faint|p2a: Pelipper\n|\n|-weather|RainDance|[upkeep]\n|upkeep\n|\n|t:|1776368955\n|switch|p2a: Basculegion|Basculegion, L50, M|100/100\n|turn|5\n|c|\u2606terrensosaurex|i love this game\n|\n|t:|1776368967\n|move|p2b: Maushold|Follow Me|p2b: Maushold\n|-singleturn|p2b: Maushold|move: Follow Me\n|move|p2a: Basculegion|Aqua Jet|p1a: Gengar\n|-damage|p1a: Gengar|0 fnt\n|faint|p1a: Gengar\n|move|p1b: Kingambit|Kowtow Cleave|p2b: Maushold\n|-damage|p2b: Maushold|16/100\n|-enditem|p2b: Maushold|Sitrus Berry|[eat]\n|-heal|p2b: Maushold|41/100|[from] item: Sitrus Berry\n|\n|-weather|none\n|upkeep\n|turn|6\n|\n|t:|1776368978\n|move|p2b: Maushold|Follow Me|p2b: Maushold\n|-singleturn|p2b: Maushold|move: Follow Me\n|move|p1b: Kingambit|Sucker Punch||[still]\n|-fail|p1b: Kingambit\n|move|p2a: Basculegion|Liquidation|p1b: Kingambit\n|-damage|p1b: Kingambit|0 fnt\n|faint|p1b: Kingambit\n|-end|p1b: Kingambit|fallen1|[silent]\n|\n|win|kingambit kahn\n|raw|terrensosaurex's rating: 1141 &rarr; <strong>1116</strong><br />(-25 for losing)\n|raw|kingambit kahn's rating: 1136 &rarr; <strong>1161</strong><br />(+25 for winning)\n|l|\u2606terrensosaurex\n|player|p1|\n|c|\u2606kingambit kahn|Gg\n",
  "uploadtime": 1776368992,
  "views": 16,
  "formatid": "gen9championsvgc2026regma",
  "rating": 1116,
  "private": 0,
  "password": null
}