{
  "id": "gen9championsvgc2026regma-2588728085",
  "format": "[Gen 9 Champions] VGC 2026 Reg M-A",
  "players": [
    "MZMG",
    "Dy3axer"
  ],
  "log": "|j|\u2606MZMG\n|j|\u2606Dy3axer\n|t:|1776662796\n|gametype|doubles\n|player|p1|MZMG|169|1080\n|player|p2|Dy3axer|102|1050\n|gen|9\n|tier|[Gen 9 Champions] VGC 2026 Reg M-A\n|rated|\n|rule|Species Clause: Limit one of each Pok\u00e9mon\n|rule|Item Clause: Limit 1 of each item\n|clearpoke\n|poke|p1|Blastoise, L50, F|\n|poke|p1|Garchomp, L50, M|\n|poke|p1|Sneasler, L50, F|\n|poke|p1|Aerodactyl, L50, M|\n|poke|p1|Sylveon, L50, F|\n|poke|p1|Sinistcha-Masterpiece, L50|\n|poke|p2|Hydreigon, L50, F, shiny|\n|poke|p2|Incineroar, L50, M, shiny|\n|poke|p2|Lucario, L50, M|\n|poke|p2|Gardevoir, L50, F, shiny|\n|poke|p2|Sinistcha, L50|\n|poke|p2|Basculegion, L50, M|\n|teampreview|4\n|inactive|Battle timer is ON: inactive players will automatically lose when time's up. (requested by Dy3axer)\n|inactive|MZMG has 60 seconds left.\n|\n|t:|1776662849\n|teamsize|p1|4\n|teamsize|p2|4\n|start\n|switch|p1a: Aerodactyl|Aerodactyl, L50, M|100/100\n|switch|p1b: Garchomp|Garchomp, L50, M|100/100\n|switch|p2a: Hydreigon|Hydreigon, L50, F, shiny|100/100\n|switch|p2b: Incineroar|Incineroar, L50, M, shiny|100/100\n|-ability|p1a: Aerodactyl|Unnerve\n|-ability|p2b: Incineroar|Intimidate|boost\n|-unboost|p1a: Aerodactyl|atk|1\n|-unboost|p1b: Garchomp|atk|1\n|turn|1\n|l|\u2606Dy3axer\n|inactive|Dy3axer disconnected and has a minute to reconnect!\n|player|p2|\n|inactive|MZMG has 30 seconds left.\n|inactive|Dy3axer has 30 seconds left.\n|inactive|MZMG has 20 seconds left.\n|inactive|Dy3axer has 20 seconds left.\n|inactive|MZMG has 15 seconds left.\n|inactive|Dy3axer has 15 seconds left.\n|inactive|MZMG has 10 seconds left.\n|inactive|Dy3axer has 10 seconds left.\n|inactive|MZMG has 5 seconds left.\n|inactive|Dy3axer has 5 seconds left.\n|j|\u2606Dy3axer\n|inactive|Dy3axer reconnected and has 5 seconds left.\n|player|p2|Dy3axer|102|\n|\n|t:|1776662904\n|switch|p1b: Sinistcha|Sinistcha-Masterpiece, L50|100/100\n|move|p2b: Incineroar|Fake Out|p1a: Aerodactyl\n|-resisted|p1a: Aerodactyl|1\n|-damage|p1a: Aerodactyl|90/100\n|cant|p1a: Aerodactyl|flinch\n|move|p2a: Hydreigon|Snarl|p1b: Sinistcha|[spread] p1a,p1b\n|-supereffective|p1b: Sinistcha|1\n|-damage|p1a: Aerodactyl|63/100\n|-damage|p1b: Sinistcha|63/100\n|-unboost|p1a: Aerodactyl|spa|1\n|-unboost|p1b: Sinistcha|spa|1\n|\n|upkeep\n|turn|2\n|inactive|MZMG has 30 seconds left.\n|\n|t:|1776662929\n|switch|p1b: Garchomp|Garchomp, L50, M|100/100\n|move|p1a: Aerodactyl|Tailwind|p1a: Aerodactyl\n|-sidestart|p1: MZMG|move: Tailwind\n|move|p2a: Hydreigon|Tailwind|p2a: Hydreigon\n|-sidestart|p2: Dy3axer|move: Tailwind\n|move|p2b: Incineroar|Flare Blitz|p1b: Garchomp\n|-resisted|p1b: Garchomp|1\n|-damage|p1b: Garchomp|67/100\n|-damage|p2b: Incineroar|88/100|[from] ability: Rough Skin|[of] p1b: Garchomp\n|-damage|p2b: Incineroar|77/100|[from] Recoil\n|\n|upkeep\n|turn|3\n|\n|t:|1776662952\n|move|p1b: Garchomp|Dragon Claw|p2a: Hydreigon\n|-supereffective|p2a: Hydreigon|1\n|-crit|p2a: Hydreigon\n|-enditem|p2a: Hydreigon|Focus Sash\n|-damage|p2a: Hydreigon|1/100\n|move|p1a: Aerodactyl|Rock Slide|p2b: Incineroar|[spread] p2a,p2b\n|-supereffective|p2b: Incineroar|1\n|-damage|p2a: Hydreigon|0 fnt\n|-damage|p2b: Incineroar|41/100\n|faint|p2a: Hydreigon\n|move|p2b: Incineroar|Throat Chop|p1a: Aerodactyl\n|-damage|p1a: Aerodactyl|0 fnt\n|faint|p1a: Aerodactyl\n|\n|upkeep\n|\n|t:|1776662966\n|switch|p1a: Sneasler|Sneasler, L50, F|100/100\n|switch|p2a: Gardevoir|Gardevoir, L50, F, shiny|100/100\n|-ability|p2a: Gardevoir|Unburden|Trace|[from] ability: Trace|[of] p1a: Sneasler\n|turn|4\n|inactive|MZMG has 30 seconds left.\n|\n|t:|1776662998\n|switch|p2a: Sinistcha|Sinistcha, L50|100/100\n|-heal|p2b: Incineroar|66/100|[from] ability: Hospitality|[of] p2a: Sinistcha\n|move|p1b: Garchomp|Dragon Claw|p2b: Incineroar\n|-damage|p2b: Incineroar|23/100\n|move|p1a: Sneasler|Dire Claw|p2a: Sinistcha\n|-damage|p2a: Sinistcha|61/100\n|move|p2b: Incineroar|Parting Shot|p1a: Sneasler\n|-unboost|p1a: Sneasler|atk|1\n|-unboost|p1a: Sneasler|spa|1\n|\n|t:|1776663011\n|switch|p2b: Gardevoir|Gardevoir, L50, F, shiny|100/100|[from] Parting Shot\n|-enditem|p1a: Sneasler|White Herb\n|-clearnegativeboost|p1a: Sneasler|[silent]\n|-ability|p2b: Gardevoir|Rough Skin|Trace|[from] ability: Trace|[of] p1b: Garchomp\n|\n|upkeep\n|turn|5\n|inactive|MZMG has 30 seconds left.\n|\n|t:|1776663041\n|switch|p2b: Incineroar|Incineroar, L50, M, shiny|23/100\n|-ability|p2b: Incineroar|Intimidate|boost\n|-unboost|p1a: Sneasler|atk|1\n|-unboost|p1b: Garchomp|atk|1\n|move|p1a: Sneasler|Protect|p1a: Sneasler\n|-singleturn|p1a: Sneasler|Protect\n|move|p2a: Sinistcha|Rage Powder|p2a: Sinistcha\n|-singleturn|p2a: Sinistcha|move: Rage Powder\n|move|p1b: Garchomp|Dragon Claw|p2a: Sinistcha\n|-damage|p2a: Sinistcha|31/100\n|-enditem|p2a: Sinistcha|Sitrus Berry|[eat]\n|-heal|p2a: Sinistcha|56/100|[from] item: Sitrus Berry\n|\n|-sideend|p1: MZMG|move: Tailwind\n|-sideend|p2: Dy3axer|move: Tailwind\n|upkeep\n|turn|6\n|inactive|MZMG has 30 seconds left.\n|inactive|Dy3axer has 30 seconds left.\n|\n|t:|1776663067\n|move|p2b: Incineroar|Fake Out|p1a: Sneasler\n|-damage|p1a: Sneasler|86/100\n|cant|p1a: Sneasler|flinch\n|move|p1b: Garchomp|Dragon Claw|p2b: Incineroar\n|-damage|p2b: Incineroar|0 fnt\n|faint|p2b: Incineroar\n|move|p2a: Sinistcha|Strength Sap|p1a: Sneasler\n|-unboost|p1a: Sneasler|atk|1\n|-heal|p2a: Sinistcha|100/100\n|\n|upkeep\n|\n|t:|1776663080\n|switch|p2b: Gardevoir|Gardevoir, L50, F, shiny|100/100\n|-ability|p2b: Gardevoir|Rough Skin|Trace|[from] ability: Trace|[of] p1b: Garchomp\n|turn|7\n|\n|t:|1776663089\n|switch|p1a: Sinistcha|Sinistcha-Masterpiece, L50|63/100\n|-heal|p1b: Garchomp|92/100|[from] ability: Hospitality|[of] p1a: Sinistcha\n|detailschange|p2b: Gardevoir|Gardevoir-Mega, L50, F, shiny\n|-mega|p2b: Gardevoir|Gardevoir|Gardevoirite\n|move|p2a: Sinistcha|Rage Powder|p2a: Sinistcha\n|-singleturn|p2a: Sinistcha|move: Rage Powder\n|move|p1b: Garchomp|Dragon Claw|p2a: Sinistcha\n|-damage|p2a: Sinistcha|74/100\n|move|p2b: Gardevoir|Hyper Voice|p1b: Garchomp|[spread] p1a,p1b\n|-supereffective|p1b: Garchomp|1\n|-damage|p1a: Sinistcha|20/100\n|-damage|p1b: Garchomp|0 fnt\n|-enditem|p1a: Sinistcha|Sitrus Berry|[eat]\n|-heal|p1a: Sinistcha|44/100|[from] item: Sitrus Berry\n|faint|p1b: Garchomp\n|\n|upkeep\n|\n|t:|1776663100\n|switch|p1b: Sneasler|Sneasler, L50, F|86/100\n|turn|8\n|\n|t:|1776663118\n|move|p1b: Sneasler|Fake Out|p2b: Gardevoir\n|-damage|p2b: Gardevoir|77/100\n|move|p2a: Sinistcha|Rage Powder|p2a: Sinistcha\n|-singleturn|p2a: Sinistcha|move: Rage Powder\n|cant|p2b: Gardevoir|flinch\n|move|p1a: Sinistcha|Matcha Gotcha|p2a: Sinistcha|[spread] p2a,p2b\n|-resisted|p2a: Sinistcha|1\n|-damage|p2a: Sinistcha|64/100\n|-heal|p1a: Sinistcha|49/100|[from] drain|[of] p2a: Sinistcha\n|-damage|p2b: Gardevoir|54/100\n|-heal|p1a: Sinistcha|59/100|[from] drain|[of] p2b: Gardevoir\n|-status|p2b: Gardevoir|brn\n|\n|-damage|p2b: Gardevoir|48/100 brn|[from] brn\n|upkeep\n|turn|9\n|\n|t:|1776663136\n|move|p1b: Sneasler|Protect|p1b: Sneasler\n|-singleturn|p1b: Sneasler|Protect\n|move|p2a: Sinistcha|Rage Powder|p2a: Sinistcha\n|-singleturn|p2a: Sinistcha|move: Rage Powder\n|move|p2b: Gardevoir|Hyper Voice|p1b: Sneasler|[spread] p1a\n|-activate|p1b: Sneasler|move: Protect\n|-damage|p1a: Sinistcha|13/100\n|move|p1a: Sinistcha|Matcha Gotcha|p2a: Sinistcha|[spread] p2a,p2b\n|-resisted|p2a: Sinistcha|1\n|-damage|p2a: Sinistcha|54/100\n|-heal|p1a: Sinistcha|18/100|[from] drain|[of] p2a: Sinistcha\n|-damage|p2b: Gardevoir|26/100 brn\n|-heal|p1a: Sinistcha|27/100|[from] drain|[of] p2b: Gardevoir\n|\n|-damage|p2b: Gardevoir|21/100 brn|[from] brn\n|upkeep\n|turn|10\n|inactive|MZMG has 30 seconds left.\n|\n|t:|1776663165\n|move|p2a: Sinistcha|Rage Powder|p2a: Sinistcha\n|-singleturn|p2a: Sinistcha|move: Rage Powder\n|move|p2b: Gardevoir|Psychic|p1b: Sneasler\n|-supereffective|p1b: Sneasler|2\n|-damage|p1b: Sneasler|0 fnt\n|faint|p1b: Sneasler\n|move|p1a: Sinistcha|Matcha Gotcha|p2a: Sinistcha|[spread] p2a,p2b\n|-resisted|p2a: Sinistcha|1\n|-crit|p2b: Gardevoir\n|-damage|p2a: Sinistcha|44/100\n|-heal|p1a: Sinistcha|32/100|[from] drain|[of] p2a: Sinistcha\n|-damage|p2b: Gardevoir|0 fnt\n|-heal|p1a: Sinistcha|40/100|[from] drain|[of] p2b: Gardevoir\n|faint|p2b: Gardevoir\n|\n|upkeep\n|turn|11\n|\n|t:|1776663184\n|move|p1a: Sinistcha|Matcha Gotcha|p2a: Sinistcha\n|-resisted|p2a: Sinistcha|1\n|-damage|p2a: Sinistcha|32/100\n|-heal|p1a: Sinistcha|47/100|[from] drain|[of] p2a: Sinistcha\n|move|p2a: Sinistcha|Matcha Gotcha|p1a: Sinistcha\n|-resisted|p1a: Sinistcha|1\n|-damage|p1a: Sinistcha|33/100\n|-heal|p2a: Sinistcha|39/100|[from] drain|[of] p1a: Sinistcha\n|\n|upkeep\n|turn|12\n|\n|t:|1776663196\n|move|p1a: Sinistcha|Matcha Gotcha|p2a: Sinistcha\n|-resisted|p2a: Sinistcha|1\n|-damage|p2a: Sinistcha|26/100\n|-heal|p1a: Sinistcha|39/100|[from] drain|[of] p2a: Sinistcha\n|move|p2a: Sinistcha|Matcha Gotcha|p1a: Sinistcha\n|-resisted|p1a: Sinistcha|1\n|-damage|p1a: Sinistcha|24/100\n|-heal|p2a: Sinistcha|34/100|[from] drain|[of] p1a: Sinistcha\n|-status|p1a: Sinistcha|brn\n|\n|-damage|p1a: Sinistcha|18/100 brn|[from] brn\n|upkeep\n|turn|13\n|\n|t:|1776663212\n|move|p1a: Sinistcha|Matcha Gotcha|p2a: Sinistcha\n|-resisted|p2a: Sinistcha|1\n|-damage|p2a: Sinistcha|20/100\n|-heal|p1a: Sinistcha|25/100 brn|[from] drain|[of] p2a: Sinistcha\n|move|p2a: Sinistcha|Matcha Gotcha|p1a: Sinistcha\n|-resisted|p1a: Sinistcha|1\n|-damage|p1a: Sinistcha|9/100 brn\n|-heal|p2a: Sinistcha|27/100|[from] drain|[of] p1a: Sinistcha\n|\n|-damage|p1a: Sinistcha|3/100 brn|[from] brn\n|upkeep\n|turn|14\n|c|\u2606MZMG|what an endgame lmao\n|\n|t:|1776663227\n|move|p1a: Sinistcha|Matcha Gotcha|p2a: Sinistcha\n|-resisted|p2a: Sinistcha|1\n|-damage|p2a: Sinistcha|15/100\n|-heal|p1a: Sinistcha|9/100 brn|[from] drain|[of] p2a: Sinistcha\n|move|p2a: Sinistcha|Matcha Gotcha|p1a: Sinistcha\n|-resisted|p1a: Sinistcha|1\n|-damage|p1a: Sinistcha|0 fnt\n|-heal|p2a: Sinistcha|20/100|[from] drain|[of] p1a: Sinistcha\n|faint|p1a: Sinistcha\n|\n|win|Dy3axer\n|raw|MZMG's rating: 1080 &rarr; <strong>1056</strong><br />(-24 for losing)\n|raw|Dy3axer's rating: 1050 &rarr; <strong>1085</strong><br />(+35 for winning)\n",
  "uploadtime": 1776663238,
  "views": 24,
  "formatid": "gen9championsvgc2026regma",
  "rating": 1056,
  "private": 0,
  "password": null
}