{
  "id": "gen9championsvgc2026regma-2588466776",
  "format": "[Gen 9 Champions] VGC 2026 Reg M-A",
  "players": [
    "mabravodls",
    "sirae"
  ],
  "log": "|j|\u2606mabravodls\n|j|\u2606sirae\n|t:|1776636059\n|gametype|doubles\n|player|p1|mabravodls|265|1135\n|player|p2|sirae|caitlin|1132\n|gen|9\n|tier|[Gen 9 Champions] VGC 2026 Reg M-A\n|rated|\n|rule|Species Clause: Limit one of each Pok\u00e9mon\n|rule|Item Clause: Limit 1 of each item\n|clearpoke\n|poke|p1|Incineroar, L50, F|\n|poke|p1|Kommo-o, L50, M|\n|poke|p1|Rotom-Wash, L50|\n|poke|p1|Floette-Eternal, L50, F|\n|poke|p1|Aegislash, L50, M|\n|poke|p1|Sneasler, L50, F|\n|poke|p2|Feraligatr, L50, F|\n|poke|p2|Farigiraf, L50, F|\n|poke|p2|Aegislash, L50, F|\n|poke|p2|Incineroar, L50, F|\n|poke|p2|Toxicroak, L50, F|\n|poke|p2|Sylveon, L50, F|\n|teampreview|4\n|inactive|Battle timer is ON: inactive players will automatically lose when time's up. (requested by sirae)\n|inactive|mabravodls has 60 seconds left.\n|\n|t:|1776636105\n|teamsize|p1|4\n|teamsize|p2|4\n|start\n|switch|p1a: Floette|Floette-Eternal, L50, F|100/100\n|switch|p1b: Sneasler|Sneasler, L50, F|100/100\n|switch|p2a: Toxicroak|Toxicroak, L50, F|100/100\n|switch|p2b: Aegislash|Aegislash, L50, F|100/100\n|turn|1\n|inactive|mabravodls has 30 seconds left.\n|\n|t:|1776636137\n|switch|p1a: Aegislash|Aegislash, L50, M|100/100\n|move|p1b: Sneasler|Fake Out|p2a: Toxicroak\n|-damage|p2a: Toxicroak|85/100\n|cant|p2a: Toxicroak|flinch\n|-formechange|p2b: Aegislash|Aegislash-Blade|\n|move|p2b: Aegislash|Flash Cannon|p1a: Aegislash\n|-resisted|p1a: Aegislash|1\n|-damage|p1a: Aegislash|82/100\n|\n|upkeep\n|turn|2\n|inactive|mabravodls has 30 seconds left.\n|inactive|mabravodls has 20 seconds left.\n|\n|t:|1776636174\n|-formechange|p2b: Aegislash|Aegislash|\n|move|p2b: Aegislash|King's Shield|p2b: Aegislash\n|-singleturn|p2b: Aegislash|Protect\n|move|p1b: Sneasler|Close Combat|p2a: Toxicroak\n|-resisted|p2a: Toxicroak|1\n|-damage|p2a: Toxicroak|50/100\n|-unboost|p1b: Sneasler|def|1\n|-unboost|p1b: Sneasler|spd|1\n|move|p2a: Toxicroak|Coaching|p2b: Aegislash\n|-boost|p2b: Aegislash|atk|1\n|-boost|p2b: Aegislash|def|1\n|-formechange|p1a: Aegislash|Aegislash-Blade|\n|move|p1a: Aegislash|Poltergeist|p2a: Toxicroak\n|-activate|p2a: Toxicroak|move: Poltergeist|Focus Sash\n|-damage|p2a: Toxicroak|0 fnt\n|faint|p2a: Toxicroak\n|\n|upkeep\n|\n|t:|1776636195\n|switch|p2a: Feraligatr|Feraligatr, L50, F|100/100\n|turn|3\n|\n|t:|1776636210\n|detailschange|p2a: Feraligatr|Feraligatr-Mega, L50, F\n|-mega|p2a: Feraligatr|Feraligatr|Feraligite\n|-formechange|p1a: Aegislash|Aegislash|\n|move|p1a: Aegislash|King's Shield|p1a: Aegislash\n|-singleturn|p1a: Aegislash|Protect\n|move|p1b: Sneasler|Dire Claw|p2a: Feraligatr\n|-damage|p2a: Feraligatr|68/100\n|move|p2a: Feraligatr|Liquidation|p1b: Sneasler\n|-enditem|p1b: Sneasler|Focus Sash\n|-damage|p1b: Sneasler|1/100\n|-formechange|p2b: Aegislash|Aegislash-Blade|\n|move|p2b: Aegislash|Shadow Ball|p1a: Aegislash\n|-activate|p1a: Aegislash|move: Protect\n|\n|upkeep\n|turn|4\n|inactive|mabravodls has 30 seconds left.\n|inactive|sirae has 30 seconds left.\n|inactive|mabravodls has 20 seconds left.\n|inactive|mabravodls has 15 seconds left.\n|inactive|mabravodls has 10 seconds left.\n|\n|t:|1776636256\n|move|p2a: Feraligatr|Protect|p2a: Feraligatr\n|-singleturn|p2a: Feraligatr|Protect\n|move|p1b: Sneasler|Dire Claw|p2a: Feraligatr\n|-activate|p2a: Feraligatr|move: Protect\n|-formechange|p1a: Aegislash|Aegislash-Blade|\n|move|p1a: Aegislash|Poltergeist|p2a: Feraligatr\n|-activate|p2a: Feraligatr|move: Protect\n|move|p2b: Aegislash|Shadow Ball|p1a: Aegislash\n|-supereffective|p1a: Aegislash|1\n|-damage|p1a: Aegislash|0 fnt\n|faint|p1a: Aegislash\n|\n|upkeep\n|\n|t:|1776636275\n|switch|p1a: Floette|Floette-Eternal, L50, F|100/100\n|turn|5\n|inactive|mabravodls has 30 seconds left.\n|\n|t:|1776636301\n|switch|p1b: Kommo-o|Kommo-o, L50, M|100/100\n|detailschange|p1a: Floette|Floette-Mega, L50, F\n|-mega|p1a: Floette|Floette|Floettite\n|-ability|p1a: Floette|Fairy Aura\n|-formechange|p2b: Aegislash|Aegislash|\n|move|p2b: Aegislash|King's Shield|p2b: Aegislash\n|-singleturn|p2b: Aegislash|Protect\n|move|p2a: Feraligatr|Aqua Jet|p1b: Kommo-o\n|-resisted|p1b: Kommo-o|1\n|-damage|p1b: Kommo-o|89/100\n|move|p1a: Floette|Moonblast|p2a: Feraligatr\n|-supereffective|p2a: Feraligatr|1\n|-crit|p2a: Feraligatr\n|-damage|p2a: Feraligatr|0 fnt\n|faint|p2a: Feraligatr\n|\n|-heal|p1b: Kommo-o|95/100|[from] item: Leftovers\n|upkeep\n|\n|t:|1776636315\n|switch|p2a: Sylveon|Sylveon, L50, F|100/100\n|turn|6\n|\n|t:|1776636333\n|move|p1b: Kommo-o|Protect|p1b: Kommo-o\n|-singleturn|p1b: Kommo-o|Protect\n|move|p2a: Sylveon|Hyper Voice|p1b: Kommo-o|[spread] p1a\n|-activate|p1b: Kommo-o|move: Protect\n|-crit|p1a: Floette\n|-damage|p1a: Floette|43/100\n|move|p1a: Floette|Light of Ruin|p2a: Sylveon\n|-crit|p2a: Sylveon\n|-damage|p2a: Sylveon|0 fnt\n|faint|p2a: Sylveon\n|-damage|p1a: Floette|0 fnt|[from] Recoil\n|faint|p1a: Floette\n|-formechange|p2b: Aegislash|Aegislash-Blade|\n|move|p2b: Aegislash|Flash Cannon|p1b: Kommo-o\n|-activate|p1b: Kommo-o|move: Protect\n|\n|-heal|p1b: Kommo-o|100/100|[from] item: Leftovers\n|upkeep\n|\n|t:|1776636349\n|switch|p1a: Sneasler|Sneasler, L50, F|1/100\n|turn|7\n|\n|t:|1776636364\n|-formechange|p2b: Aegislash|Aegislash|\n|move|p2b: Aegislash|King's Shield|p2b: Aegislash\n|-singleturn|p2b: Aegislash|Protect\n|move|p1a: Sneasler|Dire Claw|p2b: Aegislash\n|-activate|p2b: Aegislash|move: Protect\n|-unboost|p1a: Sneasler|atk|1\n|move|p1b: Kommo-o|Clangorous Soul|p1b: Kommo-o\n|-boost|p1b: Kommo-o|atk|1\n|-boost|p1b: Kommo-o|def|1\n|-boost|p1b: Kommo-o|spa|1\n|-boost|p1b: Kommo-o|spd|1\n|-boost|p1b: Kommo-o|spe|1\n|-damage|p1b: Kommo-o|68/100\n|\n|-heal|p1b: Kommo-o|74/100|[from] item: Leftovers\n|upkeep\n|turn|8\n|\n|t:|1776636379\n|move|p1b: Kommo-o|Protect|p1b: Kommo-o\n|-singleturn|p1b: Kommo-o|Protect\n|move|p1a: Sneasler|Dire Claw|p2b: Aegislash\n|-immune|p2b: Aegislash\n|-formechange|p2b: Aegislash|Aegislash-Blade|\n|move|p2b: Aegislash|Shadow Ball|p1b: Kommo-o\n|-activate|p1b: Kommo-o|move: Protect\n|\n|-heal|p1b: Kommo-o|79/100|[from] item: Leftovers\n|upkeep\n|turn|9\n|\n|t:|1776636401\n|-formechange|p2b: Aegislash|Aegislash|\n|move|p2b: Aegislash|King's Shield|p2b: Aegislash\n|-singleturn|p2b: Aegislash|Protect\n|move|p1b: Kommo-o|Clangorous Soul|p1b: Kommo-o\n|-boost|p1b: Kommo-o|atk|1\n|-boost|p1b: Kommo-o|def|1\n|-boost|p1b: Kommo-o|spa|1\n|-boost|p1b: Kommo-o|spd|1\n|-boost|p1b: Kommo-o|spe|1\n|-damage|p1b: Kommo-o|47/100\n|move|p1a: Sneasler|Dire Claw|p2b: Aegislash\n|-activate|p2b: Aegislash|move: Protect\n|-unboost|p1a: Sneasler|atk|1\n|\n|-heal|p1b: Kommo-o|52/100|[from] item: Leftovers\n|upkeep\n|turn|10\n|\n|t:|1776636416\n|move|p2b: Aegislash|Wide Guard|p2b: Aegislash\n|-singleturn|p2b: Aegislash|Wide Guard\n|move|p1b: Kommo-o|Clanging Scales|p2b: Aegislash\n|-activate|p2b: Aegislash|move: Wide Guard\n|move|p1a: Sneasler|Dire Claw|p2b: Aegislash\n|-immune|p2b: Aegislash\n|\n|-heal|p1b: Kommo-o|58/100|[from] item: Leftovers\n|upkeep\n|turn|11\n|\n|t:|1776636428\n|move|p1b: Kommo-o|Protect|p1b: Kommo-o\n|-singleturn|p1b: Kommo-o|Protect\n|move|p2b: Aegislash|Wide Guard|p2b: Aegislash\n|-singleturn|p2b: Aegislash|Wide Guard\n|move|p1a: Sneasler|Dire Claw|p2b: Aegislash\n|-immune|p2b: Aegislash\n|\n|-heal|p1b: Kommo-o|64/100|[from] item: Leftovers\n|upkeep\n|turn|12\n|inactive|mabravodls has 30 seconds left.\n|\n|t:|1776636454\n|move|p1b: Kommo-o|Clanging Scales|p2b: Aegislash\n|-resisted|p2b: Aegislash|1\n|-damage|p2b: Aegislash|65/100\n|-unboost|p1b: Kommo-o|def|1\n|move|p1a: Sneasler|Dire Claw|p2b: Aegislash\n|-immune|p2b: Aegislash\n|-formechange|p2b: Aegislash|Aegislash-Blade|\n|move|p2b: Aegislash|Shadow Ball|p1b: Kommo-o\n|-damage|p1b: Kommo-o|34/100\n|-unboost|p1b: Kommo-o|spd|1\n|\n|-heal|p1b: Kommo-o|40/100|[from] item: Leftovers\n|upkeep\n|turn|13\n|\n|t:|1776636471\n|-formechange|p2b: Aegislash|Aegislash|\n|move|p2b: Aegislash|King's Shield|p2b: Aegislash\n|-singleturn|p2b: Aegislash|Protect\n|move|p1b: Kommo-o|Clangorous Soul|p1b: Kommo-o\n|-boost|p1b: Kommo-o|atk|1\n|-boost|p1b: Kommo-o|def|1\n|-boost|p1b: Kommo-o|spa|1\n|-boost|p1b: Kommo-o|spd|1\n|-boost|p1b: Kommo-o|spe|1\n|-damage|p1b: Kommo-o|7/100\n|move|p1a: Sneasler|Dire Claw|p2b: Aegislash\n|-activate|p2b: Aegislash|move: Protect\n|-unboost|p1a: Sneasler|atk|1\n|\n|-heal|p1b: Kommo-o|13/100|[from] item: Leftovers\n|upkeep\n|turn|14\n|\n|t:|1776636485\n|move|p1b: Kommo-o|Protect|p1b: Kommo-o\n|-singleturn|p1b: Kommo-o|Protect\n|move|p2b: Aegislash|Wide Guard|p2b: Aegislash\n|-singleturn|p2b: Aegislash|Wide Guard\n|move|p1a: Sneasler|Dire Claw|p2b: Aegislash\n|-immune|p2b: Aegislash\n|\n|-heal|p1b: Kommo-o|19/100|[from] item: Leftovers\n|upkeep\n|turn|15\n|\n|t:|1776636505\n|move|p1b: Kommo-o|Aura Sphere|p2b: Aegislash\n|-immune|p2b: Aegislash\n|move|p1a: Sneasler|Dire Claw|p2b: Aegislash\n|-immune|p2b: Aegislash\n|-formechange|p2b: Aegislash|Aegislash-Blade|\n|move|p2b: Aegislash|Shadow Ball|p1b: Kommo-o\n|-damage|p1b: Kommo-o|0 fnt\n|faint|p1b: Kommo-o\n|\n|upkeep\n|turn|16\n|-message|mabravodls forfeited.\n|\n|win|sirae\n|raw|mabravodls's rating: 1135 &rarr; <strong>1110</strong><br />(-25 for losing)\n|raw|sirae's rating: 1132 &rarr; <strong>1157</strong><br />(+25 for winning)\n|l|\u2606mabravodls\n|player|p1|\n",
  "uploadtime": 1776636521,
  "views": 12,
  "formatid": "gen9championsvgc2026regma",
  "rating": 1110,
  "private": 0,
  "password": null
}