{
  "id": "gen9championsvgc2026regma-2587832042",
  "format": "[Gen 9 Champions] VGC 2026 Reg M-A",
  "players": [
    "Lockjaw",
    "Crene"
  ],
  "log": "|j|\u2606Lockjaw\n|j|\u2606Crene\n|t:|1776568560\n|gametype|doubles\n|player|p1|Lockjaw|#puwciiibrazil|1458\n|player|p2|Crene|erika|1405\n|gen|9\n|tier|[Gen 9 Champions] VGC 2026 Reg M-A\n|rated|\n|rule|Species Clause: Limit one of each Pok\u00e9mon\n|rule|Item Clause: Limit 1 of each item\n|clearpoke\n|poke|p1|Meganium, L50, M|\n|poke|p1|Farigiraf, L50, M|\n|poke|p1|Incineroar, L50, F|\n|poke|p1|Basculegion, L50, M|\n|poke|p1|Kingambit, L50, F|\n|poke|p1|Aerodactyl, L50, F|\n|poke|p2|Delphox, L50, M, shiny|\n|poke|p2|Kingambit, L50, F, shiny|\n|poke|p2|Sneasler, L50, F, shiny|\n|poke|p2|Basculegion, L50, M, shiny|\n|poke|p2|Garchomp, L50, F, shiny|\n|poke|p2|Venusaur, L50, M, shiny|\n|teampreview|4\n|inactive|Battle timer is ON: inactive players will automatically lose when time's up. (requested by Crene)\n|inactive|Crene has 60 seconds left.\n|\n|t:|1776568610\n|teamsize|p1|4\n|teamsize|p2|4\n|start\n|switch|p1a: Aerodactyl|Aerodactyl, L50, F|100/100\n|switch|p1b: Meganium|Meganium, L50, M|100/100\n|switch|p2a: Delphox|Delphox, L50, M, shiny|100/100\n|switch|p2b: Garchomp|Garchomp, L50, F, shiny|100/100\n|-ability|p1a: Aerodactyl|Unnerve\n|turn|1\n|\n|t:|1776568627\n|detailschange|p2a: Delphox|Delphox-Mega, L50, M, shiny\n|-mega|p2a: Delphox|Delphox|Delphoxite\n|detailschange|p1b: Meganium|Meganium-Mega, L50, M\n|-mega|p1b: Meganium|Meganium|Meganiumite\n|move|p1b: Meganium|Protect|p1b: Meganium\n|-singleturn|p1b: Meganium|Protect\n|move|p2b: Garchomp|Rock Slide|p1b: Meganium|[spread] p1a\n|-activate|p1b: Meganium|move: Protect\n|-supereffective|p1a: Aerodactyl|1\n|-damage|p1a: Aerodactyl|33/100\n|move|p2a: Delphox|Heat Wave|p1a: Aerodactyl|[spread] \n|-activate|p1b: Meganium|move: Protect\n|-miss|p2a: Delphox|p1a: Aerodactyl\n|move|p1a: Aerodactyl|Rock Slide|p2b: Garchomp|[spread] p2a,p2b\n|-supereffective|p2a: Delphox|1\n|-resisted|p2b: Garchomp|1\n|-damage|p2a: Delphox|27/100\n|-damage|p2b: Garchomp|89/100\n|\n|upkeep\n|turn|2\n|\n|t:|1776568650\n|switch|p1a: Incineroar|Incineroar, L50, F|100/100\n|-ability|p1a: Incineroar|Intimidate|boost\n|-unboost|p2a: Delphox|atk|1\n|-unboost|p2b: Garchomp|atk|1\n|switch|p1b: Basculegion|Basculegion, L50, M|100/100\n|move|p2b: Garchomp|Rock Slide|p1b: Basculegion|[spread] p1a,p1b\n|-supereffective|p1a: Incineroar|1\n|-damage|p1a: Incineroar|81/100\n|-damage|p1b: Basculegion|83/100\n|move|p2a: Delphox|Heat Wave|p1a: Incineroar|[spread] p1a\n|-miss|p2a: Delphox|p1b: Basculegion\n|-resisted|p1a: Incineroar|1\n|-damage|p1a: Incineroar|59/100\n|\n|upkeep\n|turn|3\n|\n|t:|1776568676\n|move|p1a: Incineroar|Fake Out|p2b: Garchomp\n|-damage|p2b: Garchomp|78/100\n|-damage|p1a: Incineroar|47/100|[from] ability: Rough Skin|[of] p2b: Garchomp\n|move|p1b: Basculegion|Aqua Jet|p2a: Delphox\n|-supereffective|p2a: Delphox|1\n|-damage|p2a: Delphox|0 fnt\n|faint|p2a: Delphox\n|cant|p2b: Garchomp|flinch\n|\n|upkeep\n|\n|t:|1776568679\n|switch|p2a: Kingambit|Kingambit, L50, F, shiny|100/100\n|turn|4\n|\n|t:|1776568688\n|move|p1b: Basculegion|Protect|p1b: Basculegion\n|-singleturn|p1b: Basculegion|Protect\n|move|p2b: Garchomp|Rock Slide|p1a: Incineroar|[spread] p1a\n|-activate|p1b: Basculegion|move: Protect\n|-supereffective|p1a: Incineroar|1\n|-damage|p1a: Incineroar|26/100\n|move|p2a: Kingambit|Kowtow Cleave|p1b: Basculegion\n|-activate|p1b: Basculegion|move: Protect\n|move|p1a: Incineroar|Will-O-Wisp|p2a: Kingambit|[miss]\n|-miss|p1a: Incineroar|p2a: Kingambit\n|\n|upkeep\n|turn|5\n|\n|t:|1776568711\n|switch|p1b: Aerodactyl|Aerodactyl, L50, F|33/100\n|-ability|p1b: Aerodactyl|Unnerve\n|move|p2b: Garchomp|Rock Slide|p1a: Incineroar|[spread] p1a,p1b\n|-supereffective|p1a: Incineroar|1\n|-supereffective|p1b: Aerodactyl|1\n|-damage|p1a: Incineroar|5/100\n|-damage|p1b: Aerodactyl|0 fnt\n|faint|p1b: Aerodactyl\n|move|p2a: Kingambit|Kowtow Cleave|p1a: Incineroar\n|-resisted|p1a: Incineroar|1\n|-damage|p1a: Incineroar|0 fnt\n|faint|p1a: Incineroar\n|\n|upkeep\n|\n|t:|1776568719\n|switch|p1b: Meganium|Meganium-Mega, L50, M|100/100\n|switch|p1a: Basculegion|Basculegion, L50, M|83/100\n|turn|6\n|\n|t:|1776568735\n|switch|p2b: Basculegion|Basculegion, L50, M, shiny|100/100\n|move|p2a: Kingambit|Protect|p2a: Kingambit\n|-singleturn|p2a: Kingambit|Protect\n|move|p1b: Meganium|Weather Ball|p2a: Kingambit\n|-activate|p2a: Kingambit|move: Protect\n|move|p1a: Basculegion|Last Respects|p2b: Basculegion\n|-supereffective|p2b: Basculegion|1\n|-enditem|p2b: Basculegion|Focus Sash\n|-damage|p2b: Basculegion|1/100\n|\n|upkeep\n|turn|7\n|\n|t:|1776568760\n|switch|p2a: Garchomp|Garchomp, L50, F, shiny|78/100\n|move|p1a: Basculegion|Aqua Jet|p2b: Basculegion\n|-resisted|p2b: Basculegion|1\n|-damage|p2b: Basculegion|0 fnt\n|faint|p2b: Basculegion\n|move|p1b: Meganium|Weather Ball|p2a: Garchomp\n|-resisted|p2a: Garchomp|1\n|-damage|p2a: Garchomp|49/100\n|\n|upkeep\n|\n|t:|1776568762\n|switch|p2b: Kingambit|Kingambit, L50, F, shiny|100/100\n|turn|8\n|inactive|Crene has 30 seconds left.\n|\n|t:|1776568796\n|move|p1a: Basculegion|Protect|p1a: Basculegion\n|-singleturn|p1a: Basculegion|Protect\n|move|p2b: Kingambit|Sucker Punch|p1b: Meganium\n|-resisted|p1b: Meganium|1\n|-damage|p1b: Meganium|73/100\n|move|p2a: Garchomp|Rock Slide|p1b: Meganium|[spread] p1b\n|-activate|p1a: Basculegion|move: Protect\n|-damage|p1b: Meganium|50/100\n|cant|p1b: Meganium|flinch\n|\n|upkeep\n|turn|9\n|\n|t:|1776568820\n|move|p1a: Basculegion|Aqua Jet|p2b: Kingambit\n|-damage|p2b: Kingambit|74/100\n|move|p2b: Kingambit|Sucker Punch||[still]\n|-fail|p2b: Kingambit\n|move|p2a: Garchomp|Rock Slide|p1b: Meganium|[spread] p1a,p1b\n|-damage|p1a: Basculegion|56/100\n|-damage|p1b: Meganium|26/100\n|move|p1b: Meganium|Weather Ball|p2b: Kingambit\n|-supereffective|p2b: Kingambit|1\n|-damage|p2b: Kingambit|0 fnt\n|faint|p2b: Kingambit\n|\n|upkeep\n|turn|10\n|-message|Crene forfeited.\n|\n|win|Lockjaw\n|raw|Lockjaw's rating: 1458 &rarr; <strong>1475</strong><br />(+17 for winning)\n|raw|Crene's rating: 1405 &rarr; <strong>1388</strong><br />(-17 for losing)\n|l|\u2606Crene\n|player|p2|\n",
  "uploadtime": 1776568855,
  "views": 14,
  "formatid": "gen9championsvgc2026regma",
  "rating": 1388,
  "private": 0,
  "password": null
}