{
  "id": "gen9championsvgc2026regma-2583637019",
  "format": "[Gen 9 Champions] VGC 2026 Reg M-A",
  "players": [
    "Mahmoud69",
    "Tweasure"
  ],
  "log": "|j|\u2606Mahmoud69\n|j|\u2606Tweasure\n|t:|1776187980\n|gametype|doubles\n|player|p1|Mahmoud69|1|1122\n|player|p2|Tweasure|101|1025\n|gen|9\n|tier|[Gen 9 Champions] VGC 2026 Reg M-A\n|rated|\n|rule|Species Clause: Limit one of each Pok\u00e9mon\n|rule|Item Clause: Limit 1 of each item\n|clearpoke\n|poke|p1|Torkoal, L50, M|\n|poke|p1|Venusaur, L50, M|\n|poke|p1|Milotic, L50, F|\n|poke|p1|Mimikyu, L50, F|\n|poke|p1|Kangaskhan, L50, F|\n|poke|p1|Kingambit, L50, F|\n|poke|p2|Charizard, L50, F|\n|poke|p2|Venusaur, L50, F|\n|poke|p2|Garchomp, L50, F|\n|poke|p2|Rotom-Wash, L50|\n|poke|p2|Sneasler, L50, F|\n|poke|p2|Incineroar, L50, F|\n|teampreview|4\n|\n|t:|1776188050\n|teamsize|p1|4\n|teamsize|p2|4\n|start\n|switch|p1a: Mimikyu|Mimikyu, L50, F|100/100\n|switch|p1b: Kangaskhan|Kangaskhan, L50, F|100/100\n|switch|p2a: Charizard|Charizard, L50, F|100/100\n|switch|p2b: Venusaur|Venusaur, L50, F|100/100\n|turn|1\n|\n|t:|1776188080\n|detailschange|p2a: Charizard|Charizard-Mega-Y, L50, F\n|-mega|p2a: Charizard|Charizard|Charizardite Y\n|-weather|SunnyDay|[from] ability: Drought|[of] p2a: Charizard\n|detailschange|p1b: Kangaskhan|Kangaskhan-Mega, L50, F\n|-mega|p1b: Kangaskhan|Kangaskhan|Kangaskhanite\n|move|p1b: Kangaskhan|Fake Out|p2b: Venusaur\n|-damage|p2b: Venusaur|72/100\n|-damage|p2b: Venusaur|64/100\n|-hitcount|p2b: Venusaur|2\n|cant|p2b: Venusaur|flinch\n|move|p2a: Charizard|Heat Wave|p1b: Kangaskhan|[spread] p1b\n|-miss|p2a: Charizard|p1a: Mimikyu\n|-damage|p1b: Kangaskhan|49/100\n|-status|p1b: Kangaskhan|brn\n|move|p1a: Mimikyu|Trick Room|p1a: Mimikyu\n|-fieldstart|move: Trick Room|[of] p1a: Mimikyu\n|\n|-weather|SunnyDay|[upkeep]\n|-damage|p1b: Kangaskhan|43/100 brn|[from] brn\n|upkeep\n|turn|2\n|\n|t:|1776188117\n|move|p1a: Mimikyu|Shadow Claw|p2a: Charizard\n|-damage|p2a: Charizard|51/100\n|move|p1b: Kangaskhan|Double-Edge|p2a: Charizard\n|-damage|p2a: Charizard|4/100\n|-damage|p2a: Charizard|0 fnt\n|faint|p2a: Charizard\n|-hitcount|p2: Charizard|2\n|-damage|p1b: Kangaskhan|31/100 brn|[from] Recoil\n|move|p2b: Venusaur|Sludge Bomb|p1a: Mimikyu\n|-activate|p1a: Mimikyu|ability: Disguise\n|-damage|p1a: Mimikyu|100/100\n|-status|p1a: Mimikyu|psn\n|-enditem|p1a: Mimikyu|Lum Berry|[eat]\n|-curestatus|p1a: Mimikyu|psn|[msg]\n|detailschange|p1a: Mimikyu|Mimikyu-Busted, L50, F\n|-damage|p1a: Mimikyu|88/100|[from] pokemon: Mimikyu-Busted\n|\n|-weather|SunnyDay|[upkeep]\n|-damage|p1b: Kangaskhan|25/100 brn|[from] brn\n|upkeep\n|\n|t:|1776188138\n|switch|p2a: Sneasler|Sneasler, L50, F|100/100\n|turn|3\n|\n|t:|1776188157\n|move|p2a: Sneasler|Fake Out|p1b: Kangaskhan\n|-damage|p1b: Kangaskhan|13/100 brn\n|move|p1a: Mimikyu|Shadow Claw|p2a: Sneasler\n|-damage|p2a: Sneasler|42/100\n|cant|p1b: Kangaskhan|flinch\n|move|p2b: Venusaur|Sludge Bomb|p1a: Mimikyu\n|-damage|p1a: Mimikyu|45/100\n|\n|-weather|SunnyDay|[upkeep]\n|-damage|p1b: Kangaskhan|7/100 brn|[from] brn\n|upkeep\n|turn|4\n|\n|t:|1776188188\n|switch|p1b: Torkoal|Torkoal, L50, M|100/100\n|move|p2b: Venusaur|Protect|p2b: Venusaur\n|-singleturn|p2b: Venusaur|Protect\n|move|p1a: Mimikyu|Shadow Claw|p2a: Sneasler\n|-crit|p2a: Sneasler\n|-damage|p2a: Sneasler|0 fnt\n|faint|p2a: Sneasler\n|\n|-weather|SunnyDay|[upkeep]\n|upkeep\n|\n|t:|1776188198\n|switch|p2a: Garchomp|Garchomp, L50, F|100/100\n|turn|5\n|\n|t:|1776188223\n|move|p1b: Torkoal|Eruption|p2b: Venusaur|[spread] p2a,p2b\n|-resisted|p2a: Garchomp|1\n|-supereffective|p2b: Venusaur|1\n|-damage|p2a: Garchomp|49/100\n|-damage|p2b: Venusaur|0 fnt\n|faint|p2b: Venusaur\n|move|p1a: Mimikyu|Play Rough|p2a: Garchomp\n|-supereffective|p2a: Garchomp|1\n|-crit|p2a: Garchomp\n|-damage|p2a: Garchomp|0 fnt\n|-damage|p1a: Mimikyu|33/100|[from] ability: Rough Skin|[of] p2a: Garchomp\n|faint|p2a: Garchomp\n|\n|win|Mahmoud69\n|raw|Mahmoud69's rating: 1122 &rarr; <strong>1140</strong><br />(+18 for winning)\n|raw|Tweasure's rating: 1025 &rarr; <strong>1015</strong><br />(-10 for losing)\n",
  "uploadtime": 1776188237,
  "views": 27,
  "formatid": "gen9championsvgc2026regma",
  "rating": 1015,
  "private": 0,
  "password": null
}