{
  "id": "gen9championsvgc2026regma-2581109625",
  "format": "[Gen 9 Champions] VGC 2026 Reg M-A",
  "players": [
    "pipievgc103",
    "All Hail Ogerpon"
  ],
  "log": "|j|\u2606pipievgc103\n|j|\u2606All Hail Ogerpon\n|t:|1775960759\n|gametype|doubles\n|player|p1|pipievgc103|2|\n|player|p2|All Hail Ogerpon|raihan|\n|gen|9\n|tier|[Gen 9 Champions] VGC 2026 Reg M-A\n|rated|Tournament battle\n|rule|Species Clause: Limit one of each Pok\u00e9mon\n|rule|Item Clause: Limit 1 of each item\n|raw|<div class=\"infobox\"><details class=\"readmore\" open><summary><strong>1 custom rule:</strong></summary> Force Open Team Sheets</details></div>\n|clearpoke\n|poke|p1|Politoed, L50, F|\n|poke|p1|Gengar, L50, F|\n|poke|p1|Sneasler, L50, M|\n|poke|p1|Kingambit, L50, F|\n|poke|p1|Sinistcha, L50|\n|poke|p1|Basculegion, L50, M|\n|poke|p2|Dragonite, L50, F|\n|poke|p2|Whimsicott, L50, M|\n|poke|p2|Garchomp, L50, M|\n|poke|p2|Sneasler, L50, M|\n|poke|p2|Rotom-Wash, L50|\n|poke|p2|Kingambit, L50, F|\n|teampreview|4\n|showteam|p1|Politoed||MysticWater|Drizzle|MuddyWater,PerishSong,WeatherBall,IceBeam|||F|||50|]Gengar||Gengarite|CursedBody|Protect,IcyWind,SludgeBomb,ShadowBall|||F|||50|]Sneasler||WhiteHerb|Unburden|Protect,FakeOut,CloseCombat,DireClaw|||M|||50|]Kingambit||BlackGlasses|Defiant|SuckerPunch,KowtowCleave,Protect,IronHead|||F|||50|]Sinistcha||Leftovers|Hospitality|MatchaGotcha,RagePowder,LifeDew,Protect||||||50|]Basculegion||ChoiceScarf|SwiftSwim|WaveCrash,LastRespects,FlipTurn,AquaJet|||M|||50|\n|showteam|p2|Dragonite||Dragoninite|Multiscale|Tailwind,Protect,AirSlash,DracoMeteor|||F|||50|]Whimsicott||FocusSash|Prankster|Tailwind,Moonblast,Encore,Endeavor|||M|||50|]Garchomp||SoftSand|RoughSkin|Protect,Earthquake,RockSlide,StompingTantrum|||M|||50|]Sneasler||WhiteHerb|Unburden|Protect,FakeOut,CloseCombat,DireClaw|||M|||50|]Rotom-Wash||Magnet|Levitate|Thunderbolt,VoltSwitch,HydroPump,Protect||||||50|]Kingambit||BlackGlasses|Defiant|SwordsDance,KowtowCleave,SuckerPunch,IronHead|||F|||50|\n|j| Luigi Magnezone\n|j| Tealnotsu\n|j| imobile12345\n|l| imobile12345\n|\n|t:|1775960835\n|teamsize|p1|4\n|teamsize|p2|4\n|start\n|switch|p1a: Sneasler|Sneasler, L50, M|100/100\n|switch|p1b: Gengar|Gengar, L50, F, shiny|100/100\n|switch|p2a: Rotom|Rotom-Wash, L50|100/100\n|switch|p2b: Whimsicott|Whimsicott, L50, M, shiny|100/100\n|turn|1\n|l| Luigi Magnezone\n|j| WishMkrLucy\n|inactive|Battle timer is ON: inactive players will automatically lose when time's up. (requested by All Hail Ogerpon)\n|c|\u2606All Hail Ogerpon|glhf\n|\n|t:|1775960883\n|switch|p2b: Garchomp|Garchomp, L50, M|100/100\n|detailschange|p1b: Gengar|Gengar-Mega, L50, F, shiny\n|-mega|p1b: Gengar|Gengar|Gengarite\n|move|p1a: Sneasler|Fake Out|p2b: Garchomp\n|-damage|p2b: Garchomp|85/100\n|-damage|p1a: Sneasler|88/100|[from] ability: Rough Skin|[of] p2b: Garchomp\n|move|p1b: Gengar|Sludge Bomb|p2b: Garchomp\n|-resisted|p2b: Garchomp|1\n|-damage|p2b: Garchomp|57/100\n|move|p2a: Rotom|Volt Switch|p1a: Sneasler\n|-damage|p1a: Sneasler|34/100\n|\n|t:|1775960886\n|switch|p2a: Whimsicott|Whimsicott, L50, M, shiny|100/100|[from] Volt Switch\n|\n|upkeep\n|turn|2\n|inactive|pipievgc103 has 30 seconds left.\n|j|%Tb0lt\n|inactive|pipievgc103 has 20 seconds left.\n|inactive|pipievgc103 has 15 seconds left.\n|inactive|pipievgc103 has 10 seconds left.\n|l|%Tb0lt\n|inactive|pipievgc103 has 5 seconds left.\n|\n|t:|1775960939\n|switch|p1b: Sinistcha|Sinistcha, L50, shiny|100/100\n|-heal|p1a: Sneasler|59/100|[from] ability: Hospitality|[of] p1b: Sinistcha\n|switch|p1a: Politoed|Politoed, L50, F, shiny|100/100\n|-weather|RainDance|[from] ability: Drizzle|[of] p1a: Politoed\n|move|p2a: Whimsicott|Tailwind|p2a: Whimsicott\n|-sidestart|p2: All Hail Ogerpon|move: Tailwind\n|move|p2b: Garchomp|Earthquake|p1a: Politoed|[spread] p2a,p1a,p1b\n|-resisted|p2a: Whimsicott|1\n|-resisted|p1b: Sinistcha|1\n|-damage|p2a: Whimsicott|67/100\n|-damage|p1a: Politoed|39/100\n|-damage|p1b: Sinistcha|82/100\n|\n|-weather|RainDance|[upkeep]\n|-heal|p1b: Sinistcha|88/100|[from] item: Leftovers\n|upkeep\n|turn|3\n|inactive|pipievgc103 has 30 seconds left.\n|j| Luigi Magnezone\n|l| Luigi Magnezone\n|\n|t:|1775960972\n|move|p2a: Whimsicott|Moonblast|p1b: Sinistcha\n|-damage|p1b: Sinistcha|49/100\n|move|p2b: Garchomp|Earthquake|p1b: Sinistcha|[spread] p2a,p1a,p1b\n|-resisted|p2a: Whimsicott|1\n|-resisted|p1b: Sinistcha|1\n|-crit|p1b: Sinistcha\n|-damage|p2a: Whimsicott|33/100\n|-damage|p1a: Politoed|0 fnt\n|-damage|p1b: Sinistcha|24/100\n|faint|p1a: Politoed\n|move|p1b: Sinistcha|Matcha Gotcha|p2a: Whimsicott|[spread] p2a,p2b\n|-resisted|p2a: Whimsicott|1\n|-damage|p2a: Whimsicott|12/100\n|-heal|p1b: Sinistcha|31/100|[from] drain|[of] p2a: Whimsicott\n|-damage|p2b: Garchomp|28/100\n|-heal|p1b: Sinistcha|47/100|[from] drain|[of] p2b: Garchomp\n|\n|-weather|RainDance|[upkeep]\n|-heal|p1b: Sinistcha|53/100|[from] item: Leftovers\n|upkeep\n|\n|t:|1775960997\n|switch|p1a: Sneasler|Sneasler, L50, M|59/100\n|turn|4\n|\n|t:|1775961020\n|switch|p2a: Dragonite|Dragonite, L50, F, shiny|100/100\n|move|p2b: Garchomp|Protect|p2b: Garchomp\n|-singleturn|p2b: Garchomp|Protect\n|move|p1a: Sneasler|Fake Out|p2b: Garchomp\n|-activate|p2b: Garchomp|move: Protect\n|move|p1b: Sinistcha|Matcha Gotcha|p2b: Garchomp|[spread] p2a\n|-activate|p2b: Garchomp|move: Protect\n|-resisted|p2a: Dragonite|2\n|-damage|p2a: Dragonite|98/100\n|-heal|p1b: Sinistcha|54/100|[from] drain|[of] p2a: Dragonite\n|-status|p2a: Dragonite|brn\n|\n|-weather|RainDance|[upkeep]\n|-heal|p1b: Sinistcha|61/100|[from] item: Leftovers\n|-damage|p2a: Dragonite|92/100 brn|[from] brn\n|upkeep\n|turn|5\n|inactive|pipievgc103 has 30 seconds left.\n|\n|t:|1775961055\n|detailschange|p2a: Dragonite|Dragonite-Mega, L50, F, shiny\n|-mega|p2a: Dragonite|Dragonite|Dragoninite\n|move|p1a: Sneasler|Protect|p1a: Sneasler\n|-singleturn|p1a: Sneasler|Protect\n|move|p1b: Sinistcha|Protect|p1b: Sinistcha\n|-singleturn|p1b: Sinistcha|Protect\n|move|p2b: Garchomp|Earthquake|p1a: Sneasler|[spread] \n|-activate|p1a: Sneasler|move: Protect\n|-activate|p1b: Sinistcha|move: Protect\n|-immune|p2a: Dragonite\n|move|p2a: Dragonite|Air Slash|p1b: Sinistcha\n|-activate|p1b: Sinistcha|move: Protect\n|\n|-weather|RainDance|[upkeep]\n|-heal|p1b: Sinistcha|67/100|[from] item: Leftovers\n|-damage|p2a: Dragonite|86/100 brn|[from] brn\n|-sideend|p2: All Hail Ogerpon|move: Tailwind\n|upkeep\n|turn|6\n|\n|t:|1775961079\n|switch|p1b: Gengar|Gengar-Mega, L50, F, shiny|100/100\n|move|p2b: Garchomp|Protect|p2b: Garchomp\n|-singleturn|p2b: Garchomp|Protect\n|move|p1a: Sneasler|Close Combat|p2b: Garchomp\n|-activate|p2b: Garchomp|move: Protect\n|move|p2a: Dragonite|Tailwind|p2a: Dragonite\n|-sidestart|p2: All Hail Ogerpon|move: Tailwind\n|\n|-weather|none\n|-damage|p2a: Dragonite|80/100 brn|[from] brn\n|upkeep\n|turn|7\n|inactive|pipievgc103 has 30 seconds left.\n|\n|t:|1775961113\n|switch|p1a: Sinistcha|Sinistcha, L50, shiny|67/100\n|move|p1b: Gengar|Protect|p1b: Gengar\n|-singleturn|p1b: Gengar|Protect\n|move|p2b: Garchomp|Earthquake|p1b: Gengar|[spread] p1a\n|-activate|p1b: Gengar|move: Protect\n|-immune|p2a: Dragonite\n|-resisted|p1a: Sinistcha|1\n|-damage|p1a: Sinistcha|50/100\n|move|p2a: Dragonite|Air Slash|p1a: Sinistcha\n|-supereffective|p1a: Sinistcha|1\n|-damage|p1a: Sinistcha|0 fnt\n|faint|p1a: Sinistcha\n|\n|-damage|p2a: Dragonite|74/100 brn|[from] brn\n|upkeep\n|j| hesan514\n|\n|t:|1775961131\n|switch|p1a: Sneasler|Sneasler, L50, M|59/100\n|turn|8\n|l| hesan514\n|inactive|pipievgc103 has 30 seconds left.\n|j| psychic system\n|inactive|pipievgc103 has 20 seconds left.\n|inactive|pipievgc103 has 15 seconds left.\n|inactive|pipievgc103 has 10 seconds left.\n|\n|t:|1775961180\n|move|p2b: Garchomp|Protect|p2b: Garchomp\n|-singleturn|p2b: Garchomp|Protect\n|move|p1a: Sneasler|Fake Out|p2a: Dragonite\n|-damage|p2a: Dragonite|61/100 brn\n|cant|p2a: Dragonite|flinch\n|move|p1b: Gengar|Icy Wind|p2a: Dragonite|[spread] p2a\n|-activate|p2b: Garchomp|move: Protect\n|-supereffective|p2a: Dragonite|2\n|-damage|p2a: Dragonite|5/100 brn\n|-unboost|p2a: Dragonite|spe|1\n|\n|-damage|p2a: Dragonite|0 fnt|[from] brn\n|faint|p2a: Dragonite\n|upkeep\n|\n|t:|1775961191\n|switch|p2a: Whimsicott|Whimsicott, L50, M, shiny|12/100\n|turn|9\n|inactive|pipievgc103 has 30 seconds left.\n|inactive|pipievgc103 has 20 seconds left.\n|inactive|pipievgc103 has 15 seconds left.\n|inactive|pipievgc103 has 10 seconds left.\n|inactive|pipievgc103 has 5 seconds left.\n|\n|t:|1775961246\n|move|p1b: Gengar|Protect|p1b: Gengar\n|-singleturn|p1b: Gengar|Protect\n|move|p1a: Sneasler|Protect|p1a: Sneasler\n|-singleturn|p1a: Sneasler|Protect\n|move|p2a: Whimsicott|Encore|p1a: Sneasler\n|-activate|p1a: Sneasler|move: Protect\n|move|p2b: Garchomp|Stomping Tantrum|p1b: Gengar\n|-activate|p1b: Gengar|move: Protect\n|\n|-sideend|p2: All Hail Ogerpon|move: Tailwind\n|upkeep\n|turn|10\n|c|\u2606All Hail Ogerpon|gg\n|\n|t:|1775961266\n|move|p2a: Whimsicott|Tailwind|p2a: Whimsicott\n|-sidestart|p2: All Hail Ogerpon|move: Tailwind\n|move|p2b: Garchomp|Earthquake|p1a: Sneasler|[spread] p2a,p1a,p1b\n|-resisted|p2a: Whimsicott|1\n|-supereffective|p1a: Sneasler|1\n|-supereffective|p1b: Gengar|1\n|-damage|p2a: Whimsicott|0 fnt\n|-damage|p1a: Sneasler|0 fnt\n|-damage|p1b: Gengar|0 fnt\n|faint|p2a: Whimsicott\n|faint|p1a: Sneasler\n|faint|p1b: Gengar\n|\n|win|All Hail Ogerpon\n|n|\u2606pipievgc103|pipievgc103\n|n|\u2606All Hail Ogerpon|allhailogerpon\n|n| Tealnotsu|tealnotsu\n|n| WishMkrLucy|wishmkrlucy\n|n| psychic system|psychicsystem\n|l| WishMkrLucy\n",
  "uploadtime": 1775961278,
  "views": 29,
  "formatid": "gen9championsvgc2026regma",
  "rating": null,
  "private": 0,
  "password": null
}