{
  "id": "gen9championsvgc2026regma-2580892846",
  "format": "[Gen 9 Champions] VGC 2026 Reg M-A",
  "players": [
    "astenar",
    "iTz_Francy-_-"
  ],
  "log": "|j|\u2606astenar\n|j|\u2606iTz_Francy-_-\n|t:|1775941098\n|gametype|doubles\n|player|p1|astenar|169|1114\n|player|p2|iTz_Francy-_-|169|1152\n|gen|9\n|tier|[Gen 9 Champions] VGC 2026 Reg M-A\n|rated|\n|rule|Species Clause: Limit one of each Pok\u00e9mon\n|rule|Item Clause: Limit 1 of each item\n|clearpoke\n|poke|p1|Charizard, L50, F|\n|poke|p1|Venusaur, L50, F|\n|poke|p1|Gengar, L50, M|\n|poke|p1|Garchomp, L50, M|\n|poke|p1|Tauros-Paldea-Aqua, L50, M|\n|poke|p1|Incineroar, L50, F|\n|poke|p2|Archaludon, L50, M|\n|poke|p2|Meganium, L50, M|\n|poke|p2|Pelipper, L50, F|\n|poke|p2|Basculegion, L50, M|\n|poke|p2|Sneasler, L50, M|\n|poke|p2|Kingambit, L50, M|\n|teampreview|4\n|inactive|Battle timer is ON: inactive players will automatically lose when time's up. (requested by iTz_Francy-_-)\nastenar has agreed to open team sheets.\n|inactive|astenar has 60 seconds left.\n|\n|t:|1775941150\n|teamsize|p1|4\n|teamsize|p2|4\n|start\n|switch|p1a: Charizard|Charizard, L50, F|100/100\n|switch|p1b: Venusaur|Venusaur, L50, F|100/100\n|switch|p2a: Archaludon|Archaludon, L50, M|100/100\n|switch|p2b: Pelipper|Pelipper, L50, F|100/100\n|-weather|RainDance|[from] ability: Drizzle|[of] p2b: Pelipper\n|turn|1\n|inactive|iTz_Francy-_- has 30 seconds left.\n|\n|t:|1775941177\n|switch|p2b: Basculegion|Basculegion, L50, M|100/100\n|detailschange|p1a: Charizard|Charizard-Mega-Y, L50, F\n|-mega|p1a: Charizard|Charizard|Charizardite Y\n|-weather|SunnyDay|[from] ability: Drought|[of] p1a: Charizard\n|move|p2a: Archaludon|Protect|p2a: Archaludon\n|-singleturn|p2a: Archaludon|Protect\n|move|p1b: Venusaur|Sludge Bomb|p2b: Basculegion\n|-resisted|p2b: Basculegion|1\n|-damage|p2b: Basculegion|77/100\n|move|p1a: Charizard|Solar Beam||[still]\n|-prepare|p1a: Charizard|Solar Beam\n|-anim|p1a: Charizard|Solar Beam|p2b: Basculegion\n|-supereffective|p2b: Basculegion|1\n|-damage|p2b: Basculegion|0 fnt\n|faint|p2b: Basculegion\n|\n|-weather|SunnyDay|[upkeep]\n|upkeep\n|\n|t:|1775941193\n|switch|p2b: Pelipper|Pelipper, L50, F|100/100\n|-weather|RainDance|[from] ability: Drizzle|[of] p2b: Pelipper\n|turn|2\n|\n|t:|1775941204\n|switch|p1a: Incineroar|Incineroar, L50, F|100/100\n|-ability|p1a: Incineroar|Intimidate|boost\n|-unboost|p2a: Archaludon|atk|1\n|-unboost|p2b: Pelipper|atk|1\n|move|p2a: Archaludon|Electro Shot||[still]\n|-prepare|p2a: Archaludon|Electro Shot\n|-boost|p2a: Archaludon|spa|1\n|-anim|p2a: Archaludon|Electro Shot|p1a: Incineroar\n|-damage|p1a: Incineroar|30/100\n|-enditem|p1a: Incineroar|Sitrus Berry|[eat]\n|-heal|p1a: Incineroar|54/100|[from] item: Sitrus Berry\n|move|p1b: Venusaur|Sleep Powder|p2b: Pelipper\n|-status|p2b: Pelipper|slp|[from] move: Sleep Powder\n|cant|p2b: Pelipper|slp\n|\n|-weather|RainDance|[upkeep]\n|upkeep\n|turn|3\n|inactive|iTz_Francy-_- has 30 seconds left.\n|\n|t:|1775941235\n|switch|p2b: Meganium|Meganium, L50, M|100/100\n|move|p1a: Incineroar|Fake Out|p2a: Archaludon\n|-resisted|p2a: Archaludon|1\n|-damage|p2a: Archaludon|96/100\n|-ability|p2a: Archaludon|Stamina|boost\n|-boost|p2a: Archaludon|def|1\n|cant|p2a: Archaludon|flinch\n|move|p1b: Venusaur|Sludge Bomb|p2b: Meganium\n|-supereffective|p2b: Meganium|1\n|-damage|p2b: Meganium|4/100\n|\n|-weather|RainDance|[upkeep]\n|upkeep\n|turn|4\n|inactive|iTz_Francy-_- has 30 seconds left.\n|inactive|astenar has 30 seconds left.\n|\n|t:|1775941270\n|detailschange|p2b: Meganium|Meganium-Mega, L50, M\n|-mega|p2b: Meganium|Meganium|Meganiumite\n|move|p1b: Venusaur|Protect|p1b: Venusaur\n|-singleturn|p1b: Venusaur|Protect\n|move|p2a: Archaludon|Dragon Pulse|p1b: Venusaur\n|-activate|p1b: Venusaur|move: Protect\n|move|p2b: Meganium|Weather Ball|p1a: Incineroar\n|-resisted|p1a: Incineroar|1\n|-damage|p1a: Incineroar|37/100\n|move|p1a: Incineroar|Throat Chop|p2b: Meganium\n|-resisted|p2b: Meganium|1\n|-damage|p2b: Meganium|0 fnt\n|faint|p2b: Meganium\n|\n|-weather|RainDance|[upkeep]\n|upkeep\n|\n|t:|1775941287\n|switch|p2b: Pelipper|Pelipper, L50, F|100/100 slp\n|turn|5\n|c|\u2606astenar|why weater ball was not effetive?\n|\n|t:|1775941307\n|move|p2a: Archaludon|Flash Cannon|p1b: Venusaur\n|-damage|p1b: Venusaur|21/100\n|move|p1b: Venusaur|Sludge Bomb|p2b: Pelipper\n|-damage|p2b: Pelipper|59/100 slp\n|move|p1a: Incineroar|Parting Shot|p2a: Archaludon\n|-unboost|p2a: Archaludon|atk|1\n|-unboost|p2a: Archaludon|spa|1\n|-message|iTz_Francy-_- forfeited.\n|\n|win|astenar\n|raw|astenar's rating: 1114 &rarr; <strong>1142</strong><br />(+28 for winning)\n|raw|iTz_Francy-_-'s rating: 1152 &rarr; <strong>1124</strong><br />(-28 for losing)\n|l|\u2606iTz_Francy-_-\n|player|p2|\n",
  "uploadtime": 1775941388,
  "views": 19,
  "formatid": "gen9championsvgc2026regma",
  "rating": 1124,
  "private": 0,
  "password": null
}