{
  "id": "gen9championsvgc2026regma-2580484140",
  "format": "[Gen 9 Champions] VGC 2026 Reg M-A",
  "players": [
    "NathanaelW19",
    "fangyusuhe"
  ],
  "log": "|j|\u2606NathanaelW19\n|j|\u2606fangyusuhe\n|html|<table width=\"100%\"><tr><td align=\"left\">NathanaelW19</td><td align=\"right\">fangyusuhe</tr><tr><td align=\"left\"><i class=\"fa fa-circle-o\"></i> <i class=\"fa fa-circle-o\"></i> </td><td align=\"right\"><i class=\"fa fa-circle-o\"></i> <i class=\"fa fa-circle-o\"></i> </tr></table>\n|uhtml|bestof|<h2><strong>Game 1</strong> of <a href=\"/game-bestof3-gen9championsvgc2026regma-2580484139\">a best-of-3</a></h2>\n|t:|1775903303\n|gametype|doubles\n|player|p1|NathanaelW19|dragontamer|\n|player|p2|fangyusuhe|dawn|\n|gen|9\n|tier|[Gen 9 Champions] VGC 2026 Reg M-A\n|rated|Tournament battle\n|rule|Species Clause: Limit one of each Pok\u00e9mon\n|rule|Item Clause: Limit 1 of each item\n|raw|<div class=\"infobox\"><details class=\"readmore\" open><summary><strong>2 custom rules:</strong></summary> best of=3, force open team sheets</details></div>\n|clearpoke\n|poke|p1|Medicham, L50, M|\n|poke|p1|Arcanine-Hisui, L50, F|\n|poke|p1|Ninetales-Alola, L50, F|\n|poke|p1|Sneasler, L50, F|\n|poke|p1|Corviknight, L50, F|\n|poke|p1|Hydreigon, L50, M|\n|poke|p2|Charizard, L50, M|\n|poke|p2|Sneasler, L50, F|\n|poke|p2|Basculegion, L50, M|\n|poke|p2|Garchomp, L50, M|\n|poke|p2|Incineroar, L50, F|\n|poke|p2|Venusaur, L50, M|\n|teampreview|4\n|showteam|p1|Medicham||Medichamite|PurePower|CloseCombat,FakeOut,PsychoCut,Protect|||M|||50|]Arcanine-Hisui||PasshoBerry|Intimidate|ExtremeSpeed,RockSlide,FlareBlitz,Protect|||F|||50|]Ninetales-Alola||MentalHerb|SnowWarning|AuroraVeil,Protect,Moonblast,Blizzard|||F|||50|]Sneasler||WhiteHerb|Unburden|DireClaw,CloseCombat,FakeOut,Protect|||F|||50|]Corviknight||Leftovers|MirrorArmor|BodyPress,BraveBird,Tailwind,Protect|||F|||50|]Hydreigon||ChoiceScarf|Levitate|DracoMeteor,DarkPulse,EarthPower,Flamethrower|||M|||50|\n|showteam|p2|Charizard||CharizarditeY|Blaze|HeatWave,AirSlash,WeatherBall,Protect|||M|||50|]Sneasler||WhiteHerb|Unburden|CloseCombat,DireClaw,RockSlide,Protect|||F|||50|]Basculegion||ChoiceScarf|Adaptability|WaveCrash,LastRespects,AquaJet,FlipTurn|||M|||50|]Garchomp||HabanBerry|RoughSkin|DragonClaw,Earthquake,RockSlide,Protect|||M|||50|]Incineroar||SitrusBerry|Intimidate|ThroatChop,FlareBlitz,PartingShot,FakeOut|||F|||50|]Venusaur||FocusSash|Chlorophyll|EnergyBall,SludgeBomb,SleepPowder,Protect|||M|||50|\n|inactive|Battle timer is ON: inactive players will automatically lose when time's up. (requested by NathanaelW19)\n|c|\u2606NathanaelW19|Glhf\n|inactive|NathanaelW19 has 60 seconds left.\n|c|\u2606fangyusuhe|glhf\n|j| pr.iyanshu768500\n|inactive|NathanaelW19 has 30 seconds left.\n|\n|t:|1775903367\n|teamsize|p1|4\n|teamsize|p2|4\n|start\n|switch|p1a: Sneasler|Sneasler, L50, F|100/100\n|switch|p1b: Hydreigon|Hydreigon, L50, M|100/100\n|switch|p2a: Sneasler|Sneasler, L50, F|100/100\n|switch|p2b: Venusaur|Venusaur, L50, M|100/100\n|turn|1\n|j| Pandapop_VT\n|\n|t:|1775903381\n|move|p1a: Sneasler|Fake Out|p2a: Sneasler\n|-damage|p2a: Sneasler|75/100\n|move|p1b: Hydreigon|Draco Meteor|p2b: Venusaur\n|-damage|p2b: Venusaur|20/100\n|-unboost|p1b: Hydreigon|spa|2\n|cant|p2a: Sneasler|flinch\n|move|p2b: Venusaur|Sleep Powder|p1a: Sneasler|[miss]\n|-miss|p2b: Venusaur|p1a: Sneasler\n|\n|upkeep\n|turn|2\n|\n|t:|1775903397\n|switch|p1b: Medicham|Medicham, L50, M|100/100\n|move|p1a: Sneasler|Close Combat|p2b: Venusaur\n|-resisted|p2b: Venusaur|1\n|-damage|p2b: Venusaur|0 fnt\n|-unboost|p1a: Sneasler|def|1\n|-unboost|p1a: Sneasler|spd|1\n|faint|p2b: Venusaur\n|-enditem|p1a: Sneasler|White Herb\n|-clearnegativeboost|p1a: Sneasler|[silent]\n|move|p2a: Sneasler|Close Combat|p1b: Medicham\n|-resisted|p1b: Medicham|1\n|-damage|p1b: Medicham|48/100\n|-unboost|p2a: Sneasler|def|1\n|-unboost|p2a: Sneasler|spd|1\n|-enditem|p2a: Sneasler|White Herb\n|-clearnegativeboost|p2a: Sneasler|[silent]\n|\n|upkeep\n|\n|t:|1775903407\n|switch|p2b: Basculegion|Basculegion, L50, M|100/100\n|turn|3\n|l| Pandapop_VT\n|\n|t:|1775903422\n|move|p1b: Medicham|Protect|p1b: Medicham\n|-singleturn|p1b: Medicham|Protect\n|move|p1a: Sneasler|Dire Claw|p2b: Basculegion\n|-resisted|p2b: Basculegion|1\n|-damage|p2b: Basculegion|73/100\n|-status|p2b: Basculegion|psn\n|move|p2a: Sneasler|Dire Claw|p1a: Sneasler\n|-resisted|p1a: Sneasler|1\n|-damage|p1a: Sneasler|61/100\n|move|p2b: Basculegion|Last Respects|p1b: Medicham\n|-activate|p1b: Medicham|move: Protect\n|\n|-damage|p2b: Basculegion|61/100 psn|[from] psn\n|upkeep\n|turn|4\n|\n|t:|1775903434\n|switch|p1b: Hydreigon|Hydreigon, L50, M|100/100\n|move|p1a: Sneasler|Dire Claw|p2a: Sneasler\n|-resisted|p2a: Sneasler|1\n|-damage|p2a: Sneasler|40/100\n|move|p2a: Sneasler|Rock Slide|p1a: Sneasler|[spread] p1a,p1b\n|-resisted|p1a: Sneasler|1\n|-damage|p1a: Sneasler|41/100\n|-damage|p1b: Hydreigon|77/100\n|move|p2b: Basculegion|Last Respects|p1b: Hydreigon\n|-resisted|p1b: Hydreigon|1\n|-damage|p1b: Hydreigon|40/100\n|\n|-damage|p2b: Basculegion|49/100 psn|[from] psn\n|upkeep\n|turn|5\n|\n|t:|1775903445\n|move|p1a: Sneasler|Dire Claw|p2a: Sneasler\n|-resisted|p2a: Sneasler|1\n|-damage|p2a: Sneasler|3/100\n|move|p2a: Sneasler|Close Combat|p1b: Hydreigon\n|-supereffective|p1b: Hydreigon|1\n|-damage|p1b: Hydreigon|0 fnt\n|-unboost|p2a: Sneasler|def|1\n|-unboost|p2a: Sneasler|spd|1\n|faint|p1b: Hydreigon\n|move|p2b: Basculegion|Last Respects|p1a: Sneasler\n|-damage|p1a: Sneasler|0 fnt\n|faint|p1a: Sneasler\n|\n|-damage|p2b: Basculegion|36/100 psn|[from] psn\n|upkeep\n|\n|t:|1775903450\n|switch|p1a: Arcanine|Arcanine-Hisui, L50, F|100/100\n|switch|p1b: Medicham|Medicham, L50, M|48/100\n|-ability|p1a: Arcanine|Intimidate|boost\n|-unboost|p2a: Sneasler|atk|1\n|-unboost|p2b: Basculegion|atk|1\n|turn|6\n|l| pr.iyanshu768500\n|\n|t:|1775903473\n|move|p1b: Medicham|Protect|p1b: Medicham\n|-singleturn|p1b: Medicham|Protect\n|move|p1a: Arcanine|Extreme Speed|p2a: Sneasler\n|-damage|p2a: Sneasler|0 fnt\n|faint|p2a: Sneasler\n|move|p2b: Basculegion|Last Respects|p1a: Arcanine\n|-damage|p1a: Arcanine|19/100\n|\n|-damage|p2b: Basculegion|24/100 psn|[from] psn\n|upkeep\n|\n|t:|1775903477\n|switch|p2a: Charizard|Charizard, L50, M|100/100\n|turn|7\n|c|\u2606NathanaelW19|Ggs\n|\n|t:|1775903484\n|detailschange|p2a: Charizard|Charizard-Mega-Y, L50, M\n|-mega|p2a: Charizard|Charizard|Charizardite Y\n|-weather|SunnyDay|[from] ability: Drought|[of] p2a: Charizard\n|detailschange|p1b: Medicham|Medicham-Mega, L50, M\n|-mega|p1b: Medicham|Medicham|Medichamite\n|move|p2b: Basculegion|Last Respects|p1b: Medicham\n|-supereffective|p1b: Medicham|1\n|-damage|p1b: Medicham|0 fnt\n|faint|p1b: Medicham\n|move|p1a: Arcanine|Rock Slide|p2b: Basculegion|[spread] p2a,p2b\n|-supereffective|p2a: Charizard|2\n|-crit|p2b: Basculegion\n|-damage|p2a: Charizard|0 fnt\n|-damage|p2b: Basculegion|0 fnt\n|faint|p2a: Charizard\n|faint|p2b: Basculegion\n|\n|win|NathanaelW19\n|j| pr.iyanshu768500\n||NathanaelW19 is ready for game 2.\n|inactive|fangyusuhe has 30 seconds to confirm battle start!\n||fangyusuhe is ready for game 2.\n|uhtml|next|Next: <a href=\"/battle-gen9championsvgc2026regma-2580485574\"><strong>Game 2 of 3</strong></a>\n|l| pr.iyanshu768500\n",
  "uploadtime": 1775903655,
  "views": 13,
  "formatid": "gen9championsvgc2026regma",
  "rating": null,
  "private": 0,
  "password": null
}