{
  "id": "gen9championsvgc2026regma-2586242167",
  "format": "[Gen 9 Champions] VGC 2026 Reg M-A",
  "players": [
    "Adach6-1",
    "caligula340"
  ],
  "log": "|j|\u2606Adach6-1\n|j|\u2606caligula340\n|t:|1776416423\n|gametype|doubles\n|player|p1|Adach6-1|169|1084\n|player|p2|caligula340|266|1022\n|gen|9\n|tier|[Gen 9 Champions] VGC 2026 Reg M-A\n|rated|\n|rule|Species Clause: Limit one of each Pok\u00e9mon\n|rule|Item Clause: Limit 1 of each item\n|clearpoke\n|poke|p1|Garchomp, L50, F|\n|poke|p1|Oranguru, L50, F|\n|poke|p1|Tyranitar, L50, M|\n|poke|p1|Rotom-Mow, L50|\n|poke|p1|Excadrill, L50, F|\n|poke|p1|Gyarados, L50, F|\n|poke|p2|Meganium, L50, F|\n|poke|p2|Aerodactyl, L50, F|\n|poke|p2|Tauros-Paldea-Aqua, L50, M|\n|poke|p2|Typhlosion-Hisui, L50, F|\n|poke|p2|Archaludon, L50, F|\n|poke|p2|Kangaskhan, L50, F|\n|teampreview|4\n|inactive|Battle timer is ON: inactive players will automatically lose when time's up. (requested by Adach6-1)\n|c|\u2606Adach6-1|gl\n|\n|t:|1776416461\n|teamsize|p1|4\n|teamsize|p2|4\n|start\n|switch|p1a: Oranguru|Oranguru, L50, F|100/100\n|switch|p1b: Rotom|Rotom-Mow, L50|100/100\n|switch|p2a: Aerodactyl|Aerodactyl, L50, F|100/100\n|switch|p2b: Tauros|Tauros-Paldea-Aqua, L50, M|100/100\n|-ability|p2a: Aerodactyl|Unnerve\n|-ability|p2b: Tauros|Intimidate|boost\n|-unboost|p1a: Oranguru|atk|1\n|-unboost|p1b: Rotom|atk|1\n|turn|1\n|\n|t:|1776416485\n|move|p1b: Rotom|Volt Switch|p2a: Aerodactyl\n|-supereffective|p2a: Aerodactyl|1\n|-damage|p2a: Aerodactyl|15/100\n|\n|t:|1776416491\n|switch|p1b: Garchomp|Garchomp, L50, F|100/100|[from] Volt Switch\n|move|p2a: Aerodactyl|Dual Wingbeat|p1b: Garchomp\n|-crit|p1b: Garchomp\n|-damage|p1b: Garchomp|75/100\n|-damage|p1b: Garchomp|59/100\n|-hitcount|p1b: Garchomp|2\n|move|p2b: Tauros|Close Combat|p1b: Garchomp\n|-damage|p1b: Garchomp|8/100\n|-unboost|p2b: Tauros|def|1\n|-unboost|p2b: Tauros|spd|1\n|move|p1a: Oranguru|Trick Room|p1a: Oranguru\n|-fieldstart|move: Trick Room|[of] p1a: Oranguru\n|\n|upkeep\n|turn|2\n|inactive|Adach6-1 has 30 seconds left.\n|inactive|caligula340 has 30 seconds left.\n|\n|t:|1776416521\n|switch|p1a: Tyranitar|Tyranitar, L50, M|100/100\n|-weather|Sandstorm|[from] ability: Sand Stream|[of] p1a: Tyranitar\n|detailschange|p1b: Garchomp|Garchomp-Mega, L50, F\n|-mega|p1b: Garchomp|Garchomp|Garchompite\n|move|p1b: Garchomp|Protect|p1b: Garchomp\n|-singleturn|p1b: Garchomp|Protect\n|move|p2b: Tauros|Aqua Jet|p1b: Garchomp\n|-activate|p1b: Garchomp|move: Protect\n|move|p2a: Aerodactyl|Dual Wingbeat|p1a: Tyranitar\n|-resisted|p1a: Tyranitar|1\n|-damage|p1a: Tyranitar|95/100\n|-resisted|p1a: Tyranitar|1\n|-damage|p1a: Tyranitar|89/100\n|-hitcount|p1a: Tyranitar|2\n|\n|-weather|Sandstorm|[upkeep]\n|-damage|p2b: Tauros|94/100|[from] Sandstorm\n|upkeep\n|turn|3\n|\n|t:|1776416540\n|switch|p1b: Rotom|Rotom-Mow, L50|100/100\n|move|p2b: Tauros|Protect|p2b: Tauros\n|-singleturn|p2b: Tauros|Protect\n|move|p2a: Aerodactyl|Protect|p2a: Aerodactyl\n|-singleturn|p2a: Aerodactyl|Protect\n|move|p1a: Tyranitar|Rock Slide|p2a: Aerodactyl|[spread] \n|-activate|p2a: Aerodactyl|move: Protect\n|-activate|p2b: Tauros|move: Protect\n|\n|-weather|Sandstorm|[upkeep]\n|-damage|p2b: Tauros|88/100|[from] Sandstorm\n|-damage|p1b: Rotom|95/100|[from] Sandstorm\n|upkeep\n|turn|4\n|inactive|Adach6-1 has 30 seconds left.\n|\n|t:|1776416568\n|switch|p2a: Meganium|Meganium, L50, F|100/100\n|move|p1a: Tyranitar|Protect|p1a: Tyranitar\n|-singleturn|p1a: Tyranitar|Protect\n|move|p2b: Tauros|Wave Crash|p1a: Tyranitar\n|-activate|p1a: Tyranitar|move: Protect\n|move|p1b: Rotom|Volt Switch|p2b: Tauros\n|-supereffective|p2b: Tauros|1\n|-damage|p2b: Tauros|0 fnt\n|faint|p2b: Tauros\n|\n|t:|1776416582\n|switch|p1b: Oranguru|Oranguru, L50, F|100/100|[from] Volt Switch\n|\n|-weather|Sandstorm|[upkeep]\n|-damage|p1b: Oranguru|94/100|[from] Sandstorm\n|-damage|p2a: Meganium|95/100|[from] Sandstorm\n|upkeep\n|\n|t:|1776416593\n|switch|p2b: Aerodactyl|Aerodactyl, L50, F|15/100\n|-ability|p2b: Aerodactyl|Unnerve\n|turn|5\n|inactive|Adach6-1 has 30 seconds left.\n|inactive|Adach6-1 has 20 seconds left.\n|inactive|Adach6-1 has 15 seconds left.\n|inactive|Adach6-1 has 10 seconds left.\n|\n|t:|1776416639\n|switch|p1a: Rotom|Rotom-Mow, L50|95/100\n|detailschange|p2a: Meganium|Meganium-Mega, L50, F\n|-mega|p2a: Meganium|Meganium|Meganiumite\n|move|p2b: Aerodactyl|Protect|p2b: Aerodactyl\n|-singleturn|p2b: Aerodactyl|Protect\n|move|p1b: Oranguru|Hyper Voice|p2a: Meganium|[spread] p2a\n|-activate|p2b: Aerodactyl|move: Protect\n|-damage|p2a: Meganium|76/100\n|move|p2a: Meganium|Solar Beam||[still]\n|-prepare|p2a: Meganium|Solar Beam\n|-activate|p2a: Meganium|ability: Mega Sol\n|-anim|p2a: Meganium|Solar Beam|p1a: Rotom\n|-resisted|p1a: Rotom|1\n|-damage|p1a: Rotom|53/100\n|\n|-weather|Sandstorm|[upkeep]\n|-damage|p1b: Oranguru|88/100|[from] Sandstorm\n|-damage|p2a: Meganium|71/100|[from] Sandstorm\n|-damage|p1a: Rotom|47/100|[from] Sandstorm\n|-fieldend|move: Trick Room\n|upkeep\n|turn|6\n|\n|t:|1776416663\n|move|p1a: Rotom|Volt Switch|p2b: Aerodactyl\n|-supereffective|p2b: Aerodactyl|1\n|-damage|p2b: Aerodactyl|0 fnt\n|faint|p2b: Aerodactyl\n|\n|t:|1776416677\n|switch|p1a: Tyranitar|Tyranitar, L50, M|89/100|[from] Volt Switch\n|move|p2a: Meganium|Solar Beam||[still]\n|-prepare|p2a: Meganium|Solar Beam\n|-activate|p2a: Meganium|ability: Mega Sol\n|-anim|p2a: Meganium|Solar Beam|p1b: Oranguru\n|-damage|p1b: Oranguru|30/100\n|move|p1b: Oranguru|Trick Room|p1b: Oranguru\n|-fieldstart|move: Trick Room|[of] p1b: Oranguru\n|\n|-weather|none\n|upkeep\n|\n|t:|1776416686\n|switch|p2b: Typhlosion|Typhlosion-Hisui, L50, F, shiny|100/100\n|turn|7\n|\n|t:|1776416699\n|move|p1a: Tyranitar|Rock Slide|p2a: Meganium|[spread] p2a,p2b\n|-supereffective|p2b: Typhlosion|1\n|-damage|p2a: Meganium|46/100\n|-damage|p2b: Typhlosion|10/100\n|move|p1b: Oranguru|Instruct|p1a: Tyranitar\n|-singleturn|p1a: Tyranitar|move: Instruct|[of] p1b: Oranguru\n|move|p1a: Tyranitar|Rock Slide|p2b: Typhlosion|[spread] p2a,p2b\n|-supereffective|p2b: Typhlosion|1\n|-damage|p2a: Meganium|20/100\n|-damage|p2b: Typhlosion|0 fnt\n|faint|p2b: Typhlosion\n|cant|p2a: Meganium|flinch\n|\n|upkeep\n|turn|8\n|-message|caligula340 forfeited.\n|\n|win|Adach6-1\n|raw|Adach6-1's rating: 1084 &rarr; <strong>1107</strong><br />(+23 for winning)\n|raw|caligula340's rating: 1022 &rarr; <strong>1011</strong><br />(-11 for losing)\n|l|\u2606caligula340\n|player|p2|\n",
  "uploadtime": 1776416794,
  "views": 16,
  "formatid": "gen9championsvgc2026regma",
  "rating": 1011,
  "private": 0,
  "password": null
}