{
  "id": "gen9championsvgc2026regma-2584549474",
  "format": "[Gen 9 Champions] VGC 2026 Reg M-A",
  "players": [
    "BundE817",
    "ShinyMacaroni1i"
  ],
  "log": "|j|\u2606BundE817\n|j|\u2606ShinyMacaroni1i\n|t:|1776268098\n|gametype|doubles\n|player|p1|BundE817|101|1058\n|player|p2|ShinyMacaroni1i|101|1003\n|gen|9\n|tier|[Gen 9 Champions] VGC 2026 Reg M-A\n|rated|\n|rule|Species Clause: Limit one of each Pok\u00e9mon\n|rule|Item Clause: Limit 1 of each item\n|clearpoke\n|poke|p1|Oranguru, L50, M|\n|poke|p1|Orthworm, L50, F|\n|poke|p1|Crabominable, L50, F|\n|poke|p1|Sylveon, L50, F|\n|poke|p1|Maushold, L50|\n|poke|p1|Torkoal, L50, M|\n|poke|p2|Chandelure, L50, M|\n|poke|p2|Klefki, L50, M|\n|poke|p2|Weavile, L50, M|\n|poke|p2|Floette-Eternal, L50, F|\n|poke|p2|Whimsicott, L50, M|\n|poke|p2|Meowscarada, L50, M|\n|teampreview|4\n|inactive|Battle timer is ON: inactive players will automatically lose when time's up. (requested by BundE817)\nBundE817 rejected open team sheets.\n|inactive|ShinyMacaroni1i has 60 seconds left.\n|\n|t:|1776268136\n|teamsize|p1|4\n|teamsize|p2|4\n|start\n|switch|p1a: Oranguru|Oranguru, L50, M|100/100\n|switch|p1b: Orthworm|Orthworm, L50, F, shiny|100/100\n|switch|p2a: Meowscarada|Meowscarada, L50, M|100/100\n|switch|p2b: Weavile|Weavile, L50, M|100/100\n|-ability|p2b: Weavile|Pressure\n|turn|1\n|inactive|BundE817 has 30 seconds left.\n|inactive|ShinyMacaroni1i has 30 seconds left.\n|\n|t:|1776268162\n|move|p2a: Meowscarada|Knock Off|p1a: Oranguru\n|-supereffective|p1a: Oranguru|1\n|-damage|p1a: Oranguru|0 fnt\n|-enditem|p1a: Oranguru|Mental Herb|[from] move: Knock Off|[of] p2a: Meowscarada\n|faint|p1a: Oranguru\n|move|p2b: Weavile|Knock Off|p1b: Orthworm\n|-damage|p1b: Orthworm|71/100\n|-enditem|p1b: Orthworm|Sitrus Berry|[from] move: Knock Off|[of] p2b: Weavile\n|move|p1b: Orthworm|Shed Tail|p1b: Orthworm\n|-start|p1b: Orthworm|Substitute|[from] move: Shed Tail\n|-damage|p1b: Orthworm|21/100\n|\n|t:|1776268170\n|switch|p1b: Crabominable|Crabominable, L50, F|100/100|[from] Shed Tail\n|\n|upkeep\n|\n|t:|1776268176\n|switch|p1a: Sylveon|Sylveon, L50, F|100/100\n|turn|2\n|\n|t:|1776268201\n|switch|p2b: Klefki|Klefki, L50, M|100/100\n|move|p2a: Meowscarada|Knock Off|p1b: Crabominable\n|-resisted|p1b: Crabominable|1\n|-activate|p1b: Crabominable|move: Substitute|[damage]\n|move|p1a: Sylveon|Calm Mind|p1a: Sylveon\n|-boost|p1a: Sylveon|spa|1\n|-boost|p1a: Sylveon|spd|1\n|move|p1b: Crabominable|Bulk Up|p1b: Crabominable\n|-boost|p1b: Crabominable|atk|1\n|-boost|p1b: Crabominable|def|1\n|\n|upkeep\n|turn|3\n|inactive|BundE817 has 30 seconds left.\n|\n|t:|1776268231\n|detailschange|p1b: Crabominable|Crabominable-Mega, L50, F\n|-mega|p1b: Crabominable|Crabominable|Crabominite\n|move|p2b: Klefki|Reflect|p2b: Klefki\n|-sidestart|p2: ShinyMacaroni1i|Reflect\n|move|p2a: Meowscarada|Knock Off|p1b: Crabominable\n|-resisted|p1b: Crabominable|1\n|-end|p1b: Crabominable|Substitute\n|move|p1a: Sylveon|Hyper Voice|p2b: Klefki|[spread] p2a,p2b\n|-supereffective|p2a: Meowscarada|1\n|-resisted|p2b: Klefki|1\n|-damage|p2a: Meowscarada|0 fnt\n|-damage|p2b: Klefki|61/100\n|faint|p2a: Meowscarada\n|move|p1b: Crabominable|Ice Punch|p2b: Klefki\n|-resisted|p2b: Klefki|1\n|-damage|p2b: Klefki|36/100\n|\n|-heal|p2b: Klefki|43/100|[from] item: Leftovers\n|upkeep\n|\n|t:|1776268244\n|switch|p2a: Chandelure|Chandelure, L50, M|100/100\n|turn|4\n|\n|t:|1776268269\n|detailschange|p2a: Chandelure|Chandelure-Mega, L50, M\n|-mega|p2a: Chandelure|Chandelure|Chandelurite\n|move|p1a: Sylveon|Protect|p1a: Sylveon\n|-singleturn|p1a: Sylveon|Protect\n|move|p2b: Klefki|Light Screen|p2b: Klefki\n|-sidestart|p2: ShinyMacaroni1i|move: Light Screen\n|move|p2a: Chandelure|Calm Mind|p2a: Chandelure\n|-boost|p2a: Chandelure|spa|1\n|-boost|p2a: Chandelure|spd|1\n|move|p1b: Crabominable|Ice Punch|p2a: Chandelure\n|-resisted|p2a: Chandelure|1\n|-damage|p2a: Chandelure|74/100\n|\n|-heal|p2b: Klefki|49/100|[from] item: Leftovers\n|upkeep\n|turn|5\n|l|\u2606BundE817\n|inactive|BundE817 disconnected and has a minute to reconnect!\n|player|p1|\n|inactive|BundE817 has 30 seconds left.\n|j|\u2606BundE817\n|inactive|BundE817 reconnected and has 25 seconds left.\n|player|p1|BundE817|101|\n|inactive|BundE817 has 20 seconds left.\n|\n|t:|1776268306\n|move|p2b: Klefki|Thunder Wave|p1a: Sylveon\n|-status|p1a: Sylveon|par\n|move|p2a: Chandelure|Flamethrower|p1b: Crabominable\n|-supereffective|p1b: Crabominable|1\n|-damage|p1b: Crabominable|0 fnt\n|faint|p1b: Crabominable\n|move|p1a: Sylveon|Hyper Voice|p2b: Klefki|[spread] p2a,p2b\n|-resisted|p2a: Chandelure|1\n|-resisted|p2b: Klefki|1\n|-damage|p2a: Chandelure|57/100\n|-damage|p2b: Klefki|24/100\n|\n|-heal|p2b: Klefki|30/100|[from] item: Leftovers\n|upkeep\n|\n|t:|1776268312\n|switch|p1b: Orthworm|Orthworm, L50, F, shiny|21/100\n|turn|6\n|inactive|ShinyMacaroni1i has 30 seconds left.\n|\n|t:|1776268345\n|move|p2b: Klefki|Thunder Wave|p1b: Orthworm\n|-status|p1b: Orthworm|par\n|move|p2a: Chandelure|Shadow Ball|p1a: Sylveon\n|-damage|p1a: Sylveon|69/100 par\n|move|p1b: Orthworm|Heavy Slam|p2a: Chandelure\n|-resisted|p2a: Chandelure|1\n|-damage|p2a: Chandelure|47/100\n|move|p1a: Sylveon|Hyper Voice|p2a: Chandelure|[spread] p2a,p2b\n|-resisted|p2a: Chandelure|1\n|-resisted|p2b: Klefki|1\n|-damage|p2a: Chandelure|32/100\n|-damage|p2b: Klefki|5/100\n|\n|-heal|p2b: Klefki|11/100|[from] item: Leftovers\n|upkeep\n|turn|7\n|inactive|ShinyMacaroni1i has 30 seconds left.\n|inactive|ShinyMacaroni1i has 20 seconds left.\n|inactive|ShinyMacaroni1i has 15 seconds left.\n|\n|t:|1776268390\n|move|p1b: Orthworm|Protect|p1b: Orthworm\n|-singleturn|p1b: Orthworm|Protect\n|move|p2b: Klefki|Reflect||[still]\n|-fail|p2b: Klefki\n|move|p2a: Chandelure|Flamethrower|p1a: Sylveon\n|-damage|p1a: Sylveon|30/100 par\n|move|p1a: Sylveon|Hyper Voice|p2b: Klefki|[spread] p2a,p2b\n|-resisted|p2a: Chandelure|1\n|-resisted|p2b: Klefki|1\n|-damage|p2a: Chandelure|15/100\n|-damage|p2b: Klefki|0 fnt\n|faint|p2b: Klefki\n|\n|-sideend|p2: ShinyMacaroni1i|Reflect\n|upkeep\n|\n|t:|1776268402\n|switch|p2b: Weavile|Weavile, L50, M|100/100\n|-ability|p2b: Weavile|Pressure\n|turn|8\n|\n|t:|1776268419\n|move|p2b: Weavile|Fake Out|p1b: Orthworm\n|-resisted|p1b: Orthworm|1\n|-damage|p1b: Orthworm|17/100 par\n|move|p2a: Chandelure|Flamethrower|p1a: Sylveon\n|-damage|p1a: Sylveon|0 fnt\n|faint|p1a: Sylveon\n|cant|p1b: Orthworm|flinch\n|\n|-sideend|p2: ShinyMacaroni1i|move: Light Screen\n|upkeep\n|turn|9\n|\n|t:|1776268433\n|move|p2b: Weavile|Knock Off|p1b: Orthworm\n|-damage|p1b: Orthworm|0 fnt\n|faint|p1b: Orthworm\n|\n|win|ShinyMacaroni1i\n|raw|BundE817's rating: 1058 &rarr; <strong>1036</strong><br />(-22 for losing)\n|raw|ShinyMacaroni1i's rating: 1003 &rarr; <strong>1049</strong><br />(+46 for winning)\n",
  "uploadtime": 1776268436,
  "views": 48,
  "formatid": "gen9championsvgc2026regma",
  "rating": 1036,
  "private": 0,
  "password": null
}