{
  "id": "gen9championsvgc2026regma-2581791086",
  "format": "[Gen 9 Champions] VGC 2026 Reg M-A",
  "players": [
    "dbutt12",
    "Osdkiller"
  ],
  "log": "|j|\u2606dbutt12\n|j|\u2606Osdkiller\n|t:|1776028684\n|gametype|doubles\n|player|p1|dbutt12|1|1116\n|player|p2|Osdkiller|roxanne|1117\n|gen|9\n|tier|[Gen 9 Champions] VGC 2026 Reg M-A\n|rated|\n|rule|Species Clause: Limit one of each Pok\u00e9mon\n|rule|Item Clause: Limit 1 of each item\n|clearpoke\n|poke|p1|Meganium, L50, M|\n|poke|p1|Pelipper, L50, F|\n|poke|p1|Basculegion, L50, M|\n|poke|p1|Archaludon, L50, F|\n|poke|p1|Incineroar, L50, F|\n|poke|p1|Maushold, L50|\n|poke|p2|Froslass, L50, F|\n|poke|p2|Incineroar, L50, F|\n|poke|p2|Rotom-Frost, L50|\n|poke|p2|Garchomp, L50, F|\n|poke|p2|Basculegion, L50, M|\n|poke|p2|Orthworm, L50, M|\n|teampreview|4\ndbutt12 has agreed to open team sheets.\n|\n|t:|1776028724\n|teamsize|p1|4\n|teamsize|p2|4\n|start\n|switch|p1a: Archaludon|Archaludon, L50, F|100/100\n|switch|p1b: Maushold|Maushold, L50|100/100\n|switch|p2a: Rotom|Rotom-Frost, L50|100/100\n|switch|p2b: Froslass|Froslass, L50, F, shiny|100/100\n|turn|1\n|inactive|Battle timer is ON: inactive players will automatically lose when time's up. (requested by dbutt12)\n|\n|t:|1776028753\n|detailschange|p2b: Froslass|Froslass-Mega, L50, F, shiny\n|-mega|p2b: Froslass|Froslass|Froslassite\n|-weather|Snowscape|[from] ability: Snow Warning|[of] p2b: Froslass\n|move|p1a: Archaludon|Flash Cannon|p2b: Froslass\n|-supereffective|p2b: Froslass|1\n|-damage|p2b: Froslass|0 fnt\n|faint|p2b: Froslass\n|move|p1b: Maushold|Rain Dance|p1b: Maushold\n|-weather|RainDance\n|move|p2a: Rotom|Blizzard|p1b: Maushold|[spread] p1a,p1b\n|-crit|p1a: Archaludon\n|-damage|p1a: Archaludon|28/100\n|-damage|p1b: Maushold|49/100\n|\n|-weather|RainDance|[upkeep]\n|upkeep\n|inactive|Osdkiller has 30 seconds left.\n|\n|t:|1776028781\n|switch|p2b: Garchomp|Garchomp, L50, F|100/100\n|turn|2\n|inactive|dbutt12 has 30 seconds left.\n|inactive|Osdkiller has 30 seconds left.\n|c|\u2606Osdkiller|https://x.com/Damage5146/status/2043141155269849216\n|inactive|dbutt12 has 20 seconds left.\n|inactive|dbutt12 has 15 seconds left.\n|inactive|dbutt12 has 10 seconds left.\n|\n|t:|1776028828\n|switch|p1a: Pelipper|Pelipper, L50, F|100/100\n|move|p2a: Rotom|Protect|p2a: Rotom\n|-singleturn|p2a: Rotom|Protect\n|move|p1b: Maushold|Beat Up|p2a: Rotom\n|-activate|p2a: Rotom|move: Protect\n|move|p2b: Garchomp|Earthquake|p1a: Pelipper|[spread] p1b\n|-activate|p2a: Rotom|move: Protect\n|-immune|p1a: Pelipper\n|-damage|p1b: Maushold|0 fnt\n|faint|p1b: Maushold\n|\n|-weather|RainDance|[upkeep]\n|upkeep\n|c|\u2606Osdkiller|you are that guy!!!!!!\n|\n|t:|1776028850\n|switch|p1b: Archaludon|Archaludon, L50, F|28/100\n|turn|3\n|inactive|dbutt12 has 30 seconds left.\n|\n|t:|1776028881\n|switch|p2a: Orthworm|Orthworm, L50, M|100/100\n|move|p1a: Pelipper|Protect|p1a: Pelipper\n|-singleturn|p1a: Pelipper|Protect\n|move|p1b: Archaludon|Aura Sphere|p2a: Orthworm\n|-supereffective|p2a: Orthworm|1\n|-damage|p2a: Orthworm|17/100\n|-enditem|p2a: Orthworm|Sitrus Berry|[eat]\n|-heal|p2a: Orthworm|42/100|[from] item: Sitrus Berry\n|move|p2b: Garchomp|Earthquake|p1a: Pelipper|[spread] p1b\n|-activate|p1a: Pelipper|move: Protect\n|-heal|p2a: Orthworm|67/100|[from] ability: Earth Eater|[of] p2b: Garchomp\n|-supereffective|p1b: Archaludon|1\n|-damage|p1b: Archaludon|0 fnt\n|faint|p1b: Archaludon\n|\n|-weather|RainDance|[upkeep]\n|upkeep\n|\n|t:|1776028891\n|switch|p1b: Basculegion|Basculegion, L50, M|100/100\n|turn|4\n|\n|t:|1776028909\n|move|p1b: Basculegion|Wave Crash|p2b: Garchomp\n|-enditem|p2b: Garchomp|Focus Sash\n|-damage|p2b: Garchomp|1/100\n|-damage|p1b: Basculegion|88/100|[from] ability: Rough Skin|[of] p2b: Garchomp\n|-damage|p1b: Basculegion|57/100|[from] Recoil\n|move|p2b: Garchomp|Earthquake|p1b: Basculegion|[spread] p1b\n|-heal|p2a: Orthworm|91/100|[from] ability: Earth Eater|[of] p2b: Garchomp\n|-immune|p1a: Pelipper\n|-damage|p1b: Basculegion|6/100\n|move|p1a: Pelipper|Tailwind|p1a: Pelipper\n|-sidestart|p1: dbutt12|move: Tailwind\n|move|p2a: Orthworm|Iron Defense|p2a: Orthworm\n|-boost|p2a: Orthworm|def|2\n|\n|-weather|RainDance|[upkeep]\n|upkeep\n|turn|5\n|inactive|dbutt12 has 30 seconds left.\n|inactive|Osdkiller has 30 seconds left.\n|inactive|dbutt12 has 20 seconds left.\n|inactive|dbutt12 has 15 seconds left.\n|\n|t:|1776028953\n|move|p1b: Basculegion|Last Respects|p2a: Orthworm\n|-damage|p2a: Orthworm|71/100\n|move|p1a: Pelipper|Weather Ball|p2a: Orthworm\n|-damage|p2a: Orthworm|0 fnt\n|faint|p2a: Orthworm\n|move|p2b: Garchomp|Rock Slide|p1b: Basculegion|[spread] p1a,p1b\n|-supereffective|p1a: Pelipper|1\n|-damage|p1a: Pelipper|59/100\n|-damage|p1b: Basculegion|0 fnt\n|faint|p1b: Basculegion\n|\n|-weather|none\n|upkeep\n|\n|t:|1776028961\n|switch|p2a: Rotom|Rotom-Frost, L50|100/100\n|turn|6\n|-activate|p1a: Pelipper|item: Quick Claw\n|\n|t:|1776028970\n|move|p1a: Pelipper|Weather Ball|p2b: Garchomp\n|-damage|p2b: Garchomp|0 fnt\n|faint|p2b: Garchomp\n|move|p2a: Rotom|Thunderbolt|p1a: Pelipper\n|-supereffective|p1a: Pelipper|2\n|-damage|p1a: Pelipper|0 fnt\n|faint|p1a: Pelipper\n|\n|win|Osdkiller\n|raw|dbutt12's rating: 1116 &rarr; <strong>1091</strong><br />(-25 for losing)\n|raw|Osdkiller's rating: 1117 &rarr; <strong>1142</strong><br />(+25 for winning)\n|l|\u2606dbutt12\n|player|p1|\n|c|\u2606Osdkiller|gg man\n",
  "uploadtime": 1776029021,
  "views": 15,
  "formatid": "gen9championsvgc2026regma",
  "rating": 1091,
  "private": 0,
  "password": null
}