{
  "id": "gen9championsvgc2026regma-2589427849",
  "format": "[Gen 9 Champions] VGC 2026 Reg M-A",
  "players": [
    "PedroItalo1",
    "gonegeb"
  ],
  "log": "|j|\u2606PedroItalo1\n|j|\u2606gonegeb\n|t:|1776722088\n|gametype|doubles\n|player|p1|PedroItalo1|lucas|1107\n|player|p2|gonegeb|corbeau|1057\n|gen|9\n|tier|[Gen 9 Champions] VGC 2026 Reg M-A\n|rated|\n|rule|Species Clause: Limit one of each Pok\u00e9mon\n|rule|Item Clause: Limit 1 of each item\n|clearpoke\n|poke|p1|Aggron, L50, F|\n|poke|p1|Meganium, L50, M|\n|poke|p1|Dragonite, L50, F|\n|poke|p1|Gardevoir, L50, M|\n|poke|p1|Milotic, L50, F|\n|poke|p1|Arcanine, L50, F|\n|poke|p2|Lucario, L50, M|\n|poke|p2|Umbreon, L50, M, shiny|\n|poke|p2|Arcanine, L50, F, shiny|\n|poke|p2|Ceruledge, L50, M|\n|poke|p2|Corviknight, L50, M|\n|poke|p2|Whimsicott, L50, F, shiny|\n|teampreview|4\n|\n|t:|1776722135\n|teamsize|p1|4\n|teamsize|p2|4\n|start\n|switch|p1a: Dragonite|Dragonite, L50, F|100/100\n|switch|p1b: Milotic|Milotic, L50, F|100/100\n|switch|p2a: Anubis|Lucario, L50, M|100/100\n|switch|p2b: Luna|Whimsicott, L50, F, shiny|100/100\n|turn|1\n|\n|t:|1776722156\n|move|p2a: Anubis|Protect|p2a: Anubis\n|-singleturn|p2a: Anubis|Protect\n|move|p2b: Luna|Tailwind|p2b: Luna\n|-sidestart|p2: gonegeb|move: Tailwind\n|move|p1a: Dragonite|Tailwind|p1a: Dragonite\n|-sidestart|p1: PedroItalo1|move: Tailwind\n|move|p1b: Milotic|Ice Beam|p2b: Luna\n|-supereffective|p2b: Luna|1\n|-damage|p2b: Luna|41/100\n|\n|upkeep\n|turn|2\n|\n|t:|1776722191\n|move|p2b: Luna|Encore|p1a: Dragonite\n|-start|p1a: Dragonite|Encore\n|move|p2a: Anubis|Swords Dance|p2a: Anubis\n|-boost|p2a: Anubis|atk|2\n|move|p1a: Dragonite|Tailwind||[still]\n|-fail|p1a: Dragonite\n|move|p1b: Milotic|Scald|p2a: Anubis\n|-damage|p2a: Anubis|52/100\n|\n|upkeep\n|turn|3\n|\n|t:|1776722216\n|switch|p1a: Arcanine|Arcanine, L50, F|100/100\n|-ability|p1a: Arcanine|Intimidate|boost\n|-fail|p2a: Anubis|unboost|Attack|[from] ability: Inner Focus|[of] p2a: Anubis\n|-unboost|p2b: Luna|atk|1\n|detailschange|p2a: Anubis|Lucario-Mega, L50, M\n|-mega|p2a: Anubis|Lucario|Lucarionite\n|move|p2a: Anubis|Close Combat|p1b: Milotic\n|-damage|p1b: Milotic|0 fnt\n|-unboost|p2a: Anubis|def|1\n|-unboost|p2a: Anubis|spd|1\n|faint|p1b: Milotic\n|move|p2b: Luna|Moonblast|p1a: Arcanine\n|-resisted|p1a: Arcanine|1\n|-damage|p1a: Arcanine|84/100\n|\n|upkeep\n|\n|t:|1776722234\n|switch|p1b: Dragonite|Dragonite, L50, F|100/100\n|turn|4\n|\n|t:|1776722265\n|move|p2a: Anubis|Close Combat|p1a: Arcanine\n|-damage|p1a: Arcanine|0 fnt\n|-unboost|p2a: Anubis|def|1\n|-unboost|p2a: Anubis|spd|1\n|faint|p1a: Arcanine\n|move|p2b: Luna|Moonblast|p1b: Dragonite\n|-supereffective|p1b: Dragonite|1\n|-damage|p1b: Dragonite|54/100\n|move|p1b: Dragonite|Dragon Claw|p2b: Luna\n|-immune|p2b: Luna\n|\n|-sideend|p1: PedroItalo1|move: Tailwind\n|-sideend|p2: gonegeb|move: Tailwind\n|upkeep\n|c|\u2606gonegeb|...\n|\n|t:|1776722277\n|switch|p1a: Gardevoir|Gardevoir, L50, M|100/100\n|-ability|p1a: Gardevoir|Adaptability|Trace|[from] ability: Trace|[of] p2a: Anubis\n|turn|5\n|\n|t:|1776722299\n|detailschange|p1a: Gardevoir|Gardevoir-Mega, L50, M\n|-mega|p1a: Gardevoir|Gardevoir|Gardevoirite\n|move|p2a: Anubis|Meteor Mash|p1a: Gardevoir|[miss]\n|-miss|p2a: Anubis|p1a: Gardevoir\n|move|p1a: Gardevoir|Psychic|p2a: Anubis\n|-damage|p2a: Anubis|0 fnt\n|faint|p2a: Anubis\n|move|p2b: Luna|Moonblast|p1b: Dragonite\n|-supereffective|p1b: Dragonite|1\n|-damage|p1b: Dragonite|0 fnt\n|faint|p1b: Dragonite\n|\n|upkeep\n|\n|t:|1776722303\n|switch|p2a: Umbra|Umbreon, L50, M, shiny|100/100\n|turn|6\n|\n|t:|1776722334\n|move|p2b: Luna|Encore|p1a: Gardevoir\n|-start|p1a: Gardevoir|Encore\n|move|p1a: Gardevoir|Psychic|p2a: Umbra\n|-immune|p2a: Umbra\n|move|p2a: Umbra|Snarl|p1a: Gardevoir|[miss]\n|-miss|p2a: Umbra|p1a: Gardevoir\n|\n|upkeep\n|turn|7\n|c|\u2606gonegeb|:)\n|\n|t:|1776722349\n|move|p1a: Gardevoir|Psychic|p2b: Luna\n|-damage|p2b: Luna|0 fnt\n|faint|p2b: Luna\n|move|p2a: Umbra|Snarl|p1a: Gardevoir|[miss]\n|-miss|p2a: Umbra|p1a: Gardevoir\n|\n|upkeep\n|\n|t:|1776722352\n|switch|p2b: Nuumite|Corviknight, L50, M|100/100\n|-ability|p2b: Nuumite|Pressure\n|turn|8\n|\n|t:|1776722362\n|move|p1a: Gardevoir|Psychic|p2b: Nuumite\n|-resisted|p2b: Nuumite|1\n|-damage|p2b: Nuumite|75/100\n|move|p2b: Nuumite|Bulk Up|p2b: Nuumite\n|-boost|p2b: Nuumite|atk|1\n|-boost|p2b: Nuumite|def|1\n|move|p2a: Umbra|Snarl|p1a: Gardevoir\n|-damage|p1a: Gardevoir|88/100\n|-unboost|p1a: Gardevoir|spa|1\n|\n|-end|p1a: Gardevoir|Encore\n|upkeep\n|turn|9\n|\n|t:|1776722381\n|move|p1a: Gardevoir|Hyper Voice|p2b: Nuumite|[spread] p2a,p2b\n|-supereffective|p2a: Umbra|1\n|-resisted|p2b: Nuumite|1\n|-damage|p2a: Umbra|64/100\n|-damage|p2b: Nuumite|60/100\n|move|p2b: Nuumite|Bulk Up|p2b: Nuumite\n|-boost|p2b: Nuumite|atk|1\n|-boost|p2b: Nuumite|def|1\n|move|p2a: Umbra|Yawn|p1a: Gardevoir\n|-start|p1a: Gardevoir|move: Yawn|[of] p2a: Umbra\n|\n|-heal|p2a: Umbra|70/100|[from] item: Leftovers\n|upkeep\n|turn|10\n|\n|t:|1776722395\n|move|p1a: Gardevoir|Moonblast|p2a: Umbra\n|-supereffective|p2a: Umbra|1\n|-damage|p2a: Umbra|22/100\n|move|p2b: Nuumite|Roost|p2b: Nuumite\n|-heal|p2b: Nuumite|100/100\n|-singleturn|p2b: Nuumite|move: Roost\n|move|p2a: Umbra|Snarl|p1a: Gardevoir\n|-damage|p1a: Gardevoir|74/100\n|-unboost|p1a: Gardevoir|spa|1\n|\n|-heal|p2a: Umbra|28/100|[from] item: Leftovers\n|-end|p1a: Gardevoir|move: Yawn|[silent]\n|-status|p1a: Gardevoir|slp\n|upkeep\n|turn|11\n|\n|t:|1776722410\n|cant|p1a: Gardevoir|slp\n|move|p2b: Nuumite|Brave Bird|p1a: Gardevoir\n|-damage|p1a: Gardevoir|0 fnt\n|faint|p1a: Gardevoir\n|-damage|p2b: Nuumite|83/100|[from] Recoil\n|\n|win|gonegeb\n|raw|PedroItalo1's rating: 1107 &rarr; <strong>1078</strong><br />(-29 for losing)\n|raw|gonegeb's rating: 1057 &rarr; <strong>1093</strong><br />(+36 for winning)\n",
  "uploadtime": 1776722422,
  "views": 3,
  "formatid": "gen9championsvgc2026regma",
  "rating": 1078,
  "private": 0,
  "password": null
}