{
  "id": "gen9championsvgc2026regma-2586412843",
  "format": "[Gen 9 Champions] VGC 2026 Reg M-A",
  "players": [
    "Kiriann",
    "federico segu"
  ],
  "log": "|j|\u2606Kiriann\n|j|\u2606federico segu\n|t:|1776432897\n|gametype|doubles\n|player|p1|Kiriann|cynthia-gen4|1121\n|player|p2|federico segu|cameraman|1105\n|gen|9\n|tier|[Gen 9 Champions] VGC 2026 Reg M-A\n|rated|\n|rule|Species Clause: Limit one of each Pok\u00e9mon\n|rule|Item Clause: Limit 1 of each item\n|clearpoke\n|poke|p1|Garchomp, L50, M|\n|poke|p1|Skarmory, L50, M|\n|poke|p1|Reuniclus, L50, M|\n|poke|p1|Tyranitar, L50, M|\n|poke|p1|Orthworm, L50, M|\n|poke|p1|Torterra, L50, F|\n|poke|p2|Feraligatr, L50, F|\n|poke|p2|Meowstic-F, L50, F|\n|poke|p2|Tsareena, L50, F|\n|poke|p2|Whimsicott, L50, M|\n|poke|p2|Drampa, L50, M|\n|poke|p2|Incineroar, L50, M|\n|teampreview|4\n|inactive|Battle timer is ON: inactive players will automatically lose when time's up. (requested by federico segu)\n|\n|t:|1776432934\n|teamsize|p1|4\n|teamsize|p2|4\n|start\n|switch|p1a: Reuniclus|Reuniclus, L50, M, shiny|100/100\n|switch|p1b: Tyranitar|Tyranitar, L50, M|100/100\n|switch|p2a: Incineroar|Incineroar, L50, M|100/100\n|switch|p2b: Whimsicott|Whimsicott, L50, M|100/100\n|-ability|p2a: Incineroar|Intimidate|boost\n|-unboost|p1a: Reuniclus|atk|1\n|-unboost|p1b: Tyranitar|atk|1\n|-weather|Sandstorm|[from] ability: Sand Stream|[of] p1b: Tyranitar\n|turn|1\n|inactive|Kiriann has 30 seconds left.\n|\n|t:|1776432965\n|move|p1a: Reuniclus|Protect|p1a: Reuniclus\n|-singleturn|p1a: Reuniclus|Protect\n|move|p2a: Incineroar|Fake Out|p1b: Tyranitar\n|-resisted|p1b: Tyranitar|1\n|-crit|p1b: Tyranitar\n|-damage|p1b: Tyranitar|93/100\n|move|p2b: Whimsicott|Tailwind|p2b: Whimsicott\n|-sidestart|p2: federico segu|move: Tailwind\n|cant|p1b: Tyranitar|flinch\n|\n|-weather|Sandstorm|[upkeep]\n|-damage|p2b: Whimsicott|95/100|[from] Sandstorm\n|-damage|p2a: Incineroar|95/100|[from] Sandstorm\n|-heal|p2a: Incineroar|100/100|[from] item: Leftovers\n|upkeep\n|turn|2\n|\n|t:|1776432983\n|move|p2b: Whimsicott|Encore|p1a: Reuniclus\n|-start|p1a: Reuniclus|Encore\n|move|p1a: Reuniclus|Protect||[still]\n|-fail|p1a: Reuniclus\n|move|p2a: Incineroar|Parting Shot|p1b: Tyranitar\n|-unboost|p1b: Tyranitar|atk|1\n|-unboost|p1b: Tyranitar|spa|1\n|\n|t:|1776432986\n|switch|p2a: Tsareena|Tsareena, L50, F|100/100|[from] Parting Shot\n|move|p1b: Tyranitar|Avalanche|p2b: Whimsicott\n|-supereffective|p2b: Whimsicott|1\n|-damage|p2b: Whimsicott|55/100\n|\n|-weather|Sandstorm|[upkeep]\n|-damage|p2b: Whimsicott|49/100|[from] Sandstorm\n|-damage|p2a: Tsareena|95/100|[from] Sandstorm\n|upkeep\n|turn|3\n|\n|t:|1776433011\n|switch|p1b: Orthworm|Orthworm, L50, M, shiny|100/100\n|move|p1a: Reuniclus|Protect|p1a: Reuniclus\n|-singleturn|p1a: Reuniclus|Protect\n|move|p2b: Whimsicott|Endeavor|p1a: Reuniclus\n|-activate|p1a: Reuniclus|move: Protect\n|move|p2a: Tsareena|Trop Kick|p1b: Orthworm\n|-resisted|p1b: Orthworm|1\n|-damage|p1b: Orthworm|83/100\n|-unboost|p1b: Orthworm|atk|1\n|\n|-weather|Sandstorm|[upkeep]\n|-damage|p2b: Whimsicott|43/100|[from] Sandstorm\n|-damage|p2a: Tsareena|89/100|[from] Sandstorm\n|upkeep\n|turn|4\n|\n|t:|1776433036\n|switch|p2b: Incineroar|Incineroar, L50, M|100/100\n|-ability|p2b: Incineroar|Intimidate|boost\n|-unboost|p1a: Reuniclus|atk|1\n|-unboost|p1b: Orthworm|atk|1\n|switch|p1a: Tyranitar|Tyranitar, L50, M|93/100\n|move|p2a: Tsareena|Trop Kick|p1a: Tyranitar\n|-supereffective|p1a: Tyranitar|1\n|-damage|p1a: Tyranitar|18/100\n|-unboost|p1a: Tyranitar|atk|1\n|move|p1b: Orthworm|Shed Tail|p1b: Orthworm\n|-start|p1b: Orthworm|Substitute|[from] move: Shed Tail\n|-damage|p1b: Orthworm|33/100\n|-enditem|p1b: Orthworm|Sitrus Berry|[eat]\n|-heal|p1b: Orthworm|58/100|[from] item: Sitrus Berry\n|\n|t:|1776433052\n|switch|p1b: Garchomp|Garchomp, L50, M|100/100|[from] Shed Tail\n|\n|-weather|Sandstorm|[upkeep]\n|-damage|p2b: Incineroar|95/100|[from] Sandstorm\n|-damage|p2a: Tsareena|83/100|[from] Sandstorm\n|-heal|p2b: Incineroar|100/100|[from] item: Leftovers\n|-sideend|p2: federico segu|move: Tailwind\n|upkeep\n|turn|5\n|\n|t:|1776433064\n|detailschange|p1b: Garchomp|Garchomp-Mega, L50, M\n|-mega|p1b: Garchomp|Garchomp|Garchompite\n|move|p2a: Tsareena|Protect|p2a: Tsareena\n|-singleturn|p2a: Tsareena|Protect\n|move|p1a: Tyranitar|Protect|p1a: Tyranitar\n|-singleturn|p1a: Tyranitar|Protect\n|move|p2b: Incineroar|Parting Shot|p1b: Garchomp\n|-unboost|p1b: Garchomp|atk|1\n|-unboost|p1b: Garchomp|spa|1\n|\n|t:|1776433073\n|switch|p2b: Whimsicott|Whimsicott, L50, M|43/100|[from] Parting Shot\n|move|p1b: Garchomp|Earthquake|p2a: Tsareena|[spread] p2b\n|-activate|p1a: Tyranitar|move: Protect\n|-activate|p2a: Tsareena|move: Protect\n|-resisted|p2b: Whimsicott|1\n|-damage|p2b: Whimsicott|7/100\n|\n|-weather|none\n|upkeep\n|turn|6\n|\n|t:|1776433091\n|switch|p1a: Reuniclus|Reuniclus, L50, M, shiny|100/100\n|move|p1b: Garchomp|Protect|p1b: Garchomp\n|-singleturn|p1b: Garchomp|Protect\n|move|p2b: Whimsicott|Tailwind|p2b: Whimsicott\n|-sidestart|p2: federico segu|move: Tailwind\n|move|p2a: Tsareena|Triple Axel|p1b: Garchomp\n|-activate|p1b: Garchomp|move: Protect\n|\n|upkeep\n|turn|7\n|\n|t:|1776433109\n|switch|p2b: Incineroar|Incineroar, L50, M|100/100\n|-ability|p2b: Incineroar|Intimidate|boost\n|-unboost|p1a: Reuniclus|atk|1\n|-immune|p1b: Garchomp\n|move|p2a: Tsareena|Triple Axel|p1b: Garchomp\n|-supereffective|p1b: Garchomp|2\n|-crit|p1b: Garchomp\n|-end|p1b: Garchomp|Substitute\n|-supereffective|p1b: Garchomp|2\n|-damage|p1b: Garchomp|41/100\n|-supereffective|p1b: Garchomp|2\n|-damage|p1b: Garchomp|0 fnt\n|faint|p1b: Garchomp\n|-hitcount|p1: Garchomp|3\n|move|p1a: Reuniclus|Trick Room|p1a: Reuniclus\n|-fieldstart|move: Trick Room|[of] p1a: Reuniclus\n|\n|upkeep\n|\n|t:|1776433132\n|switch|p1b: Orthworm|Orthworm, L50, M, shiny|58/100\n|turn|8\n|\n|t:|1776433148\n|move|p2b: Incineroar|Fake Out|p1a: Reuniclus\n|-damage|p1a: Reuniclus|89/100\n|cant|p1a: Reuniclus|flinch\n|move|p1b: Orthworm|Shed Tail|p1b: Orthworm\n|-start|p1b: Orthworm|Substitute|[from] move: Shed Tail\n|-damage|p1b: Orthworm|7/100\n|\n|t:|1776433156\n|switch|p1b: Tyranitar|Tyranitar, L50, M|18/100|[from] Shed Tail\n|-weather|Sandstorm|[from] ability: Sand Stream|[of] p1b: Tyranitar\n|move|p2a: Tsareena|Trop Kick|p1b: Tyranitar\n|-supereffective|p1b: Tyranitar|1\n|-end|p1b: Tyranitar|Substitute\n|\n|-weather|Sandstorm|[upkeep]\n|-damage|p2a: Tsareena|77/100|[from] Sandstorm\n|-damage|p2b: Incineroar|95/100|[from] Sandstorm\n|-heal|p2b: Incineroar|100/100|[from] item: Leftovers\n|upkeep\n|turn|9\n|\n|t:|1776433180\n|move|p1a: Reuniclus|Expanding Force|p2a: Tsareena\n|-damage|p2a: Tsareena|23/100\n|move|p2a: Tsareena|Trop Kick|p1b: Tyranitar\n|-supereffective|p1b: Tyranitar|1\n|-damage|p1b: Tyranitar|0 fnt\n|faint|p1b: Tyranitar\n|move|p2b: Incineroar|Parting Shot|p1a: Reuniclus\n|-unboost|p1a: Reuniclus|atk|1\n|-unboost|p1a: Reuniclus|spa|1\n|\n|t:|1776433194\n|switch|p2b: Whimsicott|Whimsicott, L50, M|7/100|[from] Parting Shot\n|\n|-weather|Sandstorm|[upkeep]\n|-damage|p2a: Tsareena|17/100|[from] Sandstorm\n|-damage|p2b: Whimsicott|1/100|[from] Sandstorm\n|-sideend|p2: federico segu|move: Tailwind\n|upkeep\n|\n|t:|1776433201\n|switch|p1b: Orthworm|Orthworm, L50, M, shiny|7/100\n|turn|10\n|c|\u2606federico segu|how was i faster\n|\n|t:|1776433213\n|move|p1a: Reuniclus|Protect|p1a: Reuniclus\n|-singleturn|p1a: Reuniclus|Protect\n|move|p1b: Orthworm|Protect|p1b: Orthworm\n|-singleturn|p1b: Orthworm|Protect\n|move|p2a: Tsareena|Protect|p2a: Tsareena\n|-singleturn|p2a: Tsareena|Protect\n|move|p2b: Whimsicott|Endeavor|p1a: Reuniclus\n|-activate|p1a: Reuniclus|move: Protect\n|\n|-weather|Sandstorm|[upkeep]\n|-damage|p2a: Tsareena|11/100|[from] Sandstorm\n|-damage|p2b: Whimsicott|0 fnt|[from] Sandstorm\n|faint|p2b: Whimsicott\n|upkeep\n|\n|t:|1776433216\n|switch|p2b: Incineroar|Incineroar, L50, M|100/100\n|-ability|p2b: Incineroar|Intimidate|boost\n|-unboost|p1a: Reuniclus|atk|1\n|-unboost|p1b: Orthworm|atk|1\n|turn|11\n|\n|t:|1776433238\n|move|p2b: Incineroar|Fake Out|p1a: Reuniclus\n|-damage|p1a: Reuniclus|78/100\n|cant|p1a: Reuniclus|flinch\n|move|p1b: Orthworm|Body Press|p2b: Incineroar\n|-supereffective|p2b: Incineroar|1\n|-damage|p2b: Incineroar|25/100\n|move|p2a: Tsareena|Trop Kick|p1b: Orthworm\n|-resisted|p1b: Orthworm|1\n|-damage|p1b: Orthworm|0 fnt\n|faint|p1b: Orthworm\n|\n|-weather|Sandstorm|[upkeep]\n|-damage|p2a: Tsareena|6/100|[from] Sandstorm\n|-damage|p2b: Incineroar|19/100|[from] Sandstorm\n|-heal|p2b: Incineroar|25/100|[from] item: Leftovers\n|-fieldend|move: Trick Room\n|upkeep\n|turn|12\n|\n|t:|1776433261\n|move|p1a: Reuniclus|Protect|p1a: Reuniclus\n|-singleturn|p1a: Reuniclus|Protect\n|move|p2b: Incineroar|Darkest Lariat|p1a: Reuniclus\n|-activate|p1a: Reuniclus|move: Protect\n|move|p2a: Tsareena|Synthesis|p2a: Tsareena\n|-heal|p2a: Tsareena|31/100\n|\n|-weather|none\n|-heal|p2b: Incineroar|31/100|[from] item: Leftovers\n|upkeep\n|turn|13\n|\n|t:|1776433275\n|move|p2b: Incineroar|Darkest Lariat|p1a: Reuniclus\n|-supereffective|p1a: Reuniclus|1\n|-damage|p1a: Reuniclus|0 fnt\n|faint|p1a: Reuniclus\n|\n|win|federico segu\n|raw|Kiriann's rating: 1121 &rarr; <strong>1095</strong><br />(-26 for losing)\n|raw|federico segu's rating: 1105 &rarr; <strong>1131</strong><br />(+26 for winning)\n|l|\u2606federico segu\n|player|p2|\n",
  "uploadtime": 1776433282,
  "views": 26,
  "formatid": "gen9championsvgc2026regma",
  "rating": 1095,
  "private": 0,
  "password": null
}