{
  "id": "gen9championsvgc2026regma-2586736342",
  "format": "[Gen 9 Champions] VGC 2026 Reg M-A",
  "players": [
    "plini123456",
    "crapa"
  ],
  "log": "|j|\u2606plini123456\n|j|\u2606crapa\n|t:|1776455897\n|gametype|doubles\n|player|p1|plini123456|brycenman|1052\n|player|p2|crapa|170|1088\n|gen|9\n|tier|[Gen 9 Champions] VGC 2026 Reg M-A\n|rated|\n|rule|Species Clause: Limit one of each Pok\u00e9mon\n|rule|Item Clause: Limit 1 of each item\n|clearpoke\n|poke|p1|Sinistcha, L50|\n|poke|p1|Farigiraf, L50, M|\n|poke|p1|Rotom-Wash, L50|\n|poke|p1|Charizard, L50, M|\n|poke|p1|Goodra-Hisui, L50, M|\n|poke|p1|Altaria, L50, F|\n|poke|p2|Kingambit, L50, M|\n|poke|p2|Conkeldurr, L50, F|\n|poke|p2|Charizard, L50, F|\n|poke|p2|Venusaur, L50, F|\n|poke|p2|Kangaskhan, L50, F|\n|poke|p2|Whimsicott, L50, F|\n|teampreview|4\n|\n|t:|1776455939\n|teamsize|p1|4\n|teamsize|p2|4\n|start\n|switch|p1a: Charizard|Charizard, L50, M|100/100\n|switch|p1b: Farigiraf|Farigiraf, L50, M|100/100\n|switch|p2a: Venusaur|Venusaur, L50, F|100/100\n|switch|p2b: Charizard|Charizard, L50, F|100/100\n|turn|1\n|\n|t:|1776455967\n|detailschange|p2b: Charizard|Charizard-Mega-Y, L50, F\n|-mega|p2b: Charizard|Charizard|Charizardite Y\n|-weather|SunnyDay|[from] ability: Drought|[of] p2b: Charizard\n|detailschange|p1a: Charizard|Charizard-Mega-X, L50, M\n|-mega|p1a: Charizard|Charizard|Charizardite X\n|move|p1b: Farigiraf|Helping Hand|p1a: Charizard\n|-singleturn|p1a: Charizard|Helping Hand|[of] p1b: Farigiraf\n|move|p2a: Venusaur|Sleep Powder|p1b: Farigiraf|[miss]\n|-miss|p2a: Venusaur|p1b: Farigiraf\n|move|p2b: Charizard|Heat Wave|p1b: Farigiraf|[spread] p1a,p1b\n|-resisted|p1a: Charizard|2\n|-damage|p1a: Charizard|79/100\n|-damage|p1b: Farigiraf|39/100\n|-status|p1b: Farigiraf|brn\n|move|p1a: Charizard|Flare Blitz|p2a: Venusaur\n|-supereffective|p2a: Venusaur|1\n|-enditem|p2a: Venusaur|Focus Sash\n|-damage|p2a: Venusaur|1/100\n|-damage|p1a: Charizard|46/100|[from] Recoil\n|\n|-weather|SunnyDay|[upkeep]\n|-damage|p1b: Farigiraf|33/100 brn|[from] brn\n|upkeep\n|turn|2\n|\n|t:|1776456006\n|switch|p1b: Altaria|Altaria, L50, F|100/100\n|-ability|p1b: Altaria|Cloud Nine\n|move|p1a: Charizard|Dragon Claw|p2b: Charizard\n|-damage|p2b: Charizard|30/100\n|move|p2b: Charizard|Heat Wave|p1a: Charizard|[spread] p1a,p1b\n|-resisted|p1a: Charizard|2\n|-resisted|p1b: Altaria|1\n|-damage|p1a: Charizard|31/100\n|-damage|p1b: Altaria|81/100\n|move|p2a: Venusaur|Sleep Powder|p1a: Charizard\n|-status|p1a: Charizard|slp|[from] move: Sleep Powder\n|\n|-weather|SunnyDay|[upkeep]\n|upkeep\n|turn|3\n|\n|t:|1776456034\n|switch|p2a: Kingambit|Kingambit, L50, M|100/100\n|move|p2b: Charizard|Heat Wave|p1b: Altaria|[spread] p1a,p1b\n|-resisted|p1a: Charizard|2\n|-resisted|p1b: Altaria|1\n|-damage|p1a: Charizard|16/100 slp\n|-damage|p1b: Altaria|61/100\n|cant|p1a: Charizard|slp\n|move|p1b: Altaria|Will-O-Wisp|p2a: Kingambit\n|-status|p2a: Kingambit|brn\n|\n|-weather|SunnyDay|[upkeep]\n|-damage|p2a: Kingambit|94/100 brn|[from] brn\n|upkeep\n|turn|4\n|\n|t:|1776456057\n|move|p2b: Charizard|Heat Wave|p1b: Altaria|[spread] p1a,p1b\n|-resisted|p1a: Charizard|2\n|-resisted|p1b: Altaria|1\n|-damage|p1a: Charizard|2/100 slp\n|-damage|p1b: Altaria|43/100\n|cant|p1a: Charizard|slp\n|move|p1b: Altaria|Tailwind|p1b: Altaria\n|-sidestart|p1: plini123456|move: Tailwind\n|move|p2a: Kingambit|Kowtow Cleave|p1b: Altaria\n|-damage|p1b: Altaria|20/100\n|\n|-weather|SunnyDay|[upkeep]\n|-damage|p2a: Kingambit|88/100 brn|[from] brn\n|upkeep\n|turn|5\n|\n|t:|1776456089\n|move|p1b: Altaria|Protect|p1b: Altaria\n|-singleturn|p1b: Altaria|Protect\n|move|p2b: Charizard|Protect|p2b: Charizard\n|-singleturn|p2b: Charizard|Protect\n|move|p2a: Kingambit|Protect|p2a: Kingambit\n|-singleturn|p2a: Kingambit|Protect\n|-curestatus|p1a: Charizard|slp|[msg]\n|move|p1a: Charizard|Shadow Claw|p2b: Charizard\n|-activate|p2b: Charizard|move: Protect\n|\n|-weather|none\n|-damage|p2a: Kingambit|82/100 brn|[from] brn\n|upkeep\n|turn|6\n|\n|t:|1776456122\n|switch|p1b: Sinistcha|Sinistcha, L50|100/100\n|-heal|p1a: Charizard|27/100|[from] ability: Hospitality|[of] p1b: Sinistcha\n|move|p2a: Kingambit|Sucker Punch|p1a: Charizard\n|-damage|p1a: Charizard|3/100\n|move|p1a: Charizard|Dragon Claw|p2b: Charizard\n|-damage|p2b: Charizard|0 fnt\n|faint|p2b: Charizard\n|\n|-damage|p2a: Kingambit|75/100 brn|[from] brn\n|upkeep\n|\n|t:|1776456136\n|switch|p2b: Whimsicott|Whimsicott, L50, F|100/100\n|turn|7\n|\n|t:|1776456151\n|move|p1b: Sinistcha|Rage Powder|p1b: Sinistcha\n|-singleturn|p1b: Sinistcha|move: Rage Powder\n|move|p2b: Whimsicott|Encore|p1a: Charizard\n|-start|p1a: Charizard|Encore\n|move|p1a: Charizard|Dragon Claw|p2a: Kingambit\n|-resisted|p2a: Kingambit|1\n|-crit|p2a: Kingambit\n|-damage|p2a: Kingambit|45/100 brn\n|move|p2a: Kingambit|Kowtow Cleave|p1b: Sinistcha\n|-supereffective|p1b: Sinistcha|1\n|-damage|p1b: Sinistcha|49/100\n|\n|-damage|p2a: Kingambit|39/100 brn|[from] brn\n|-sideend|p1: plini123456|move: Tailwind\n|upkeep\n|turn|8\n|\n|t:|1776456186\n|switch|p1a: Farigiraf|Farigiraf, L50, M|33/100 brn\n|move|p2b: Whimsicott|Moonblast|p1a: Farigiraf\n|-damage|p1a: Farigiraf|0 fnt\n|faint|p1a: Farigiraf\n|move|p1b: Sinistcha|Shadow Ball|p2a: Kingambit\n|-resisted|p2a: Kingambit|1\n|-damage|p2a: Kingambit|20/100 brn\n|move|p2a: Kingambit|Kowtow Cleave|p1b: Sinistcha\n|-supereffective|p1b: Sinistcha|1\n|-damage|p1b: Sinistcha|0 fnt\n|faint|p1b: Sinistcha\n|\n|-damage|p2a: Kingambit|14/100 brn|[from] brn\n|upkeep\n|\n|t:|1776456204\n|switch|p1b: Charizard|Charizard-Mega-X, L50, M|3/100\n|switch|p1a: Altaria|Altaria, L50, F|20/100\n|-ability|p1a: Altaria|Cloud Nine\n|turn|9\n|\n|t:|1776456237\n|move|p2a: Kingambit|Sucker Punch|p1b: Charizard\n|-damage|p1b: Charizard|0 fnt\n|faint|p1b: Charizard\n|move|p2b: Whimsicott|Moonblast|p1a: Altaria\n|-supereffective|p1a: Altaria|1\n|-damage|p1a: Altaria|0 fnt\n|faint|p1a: Altaria\n|\n|win|crapa\n|raw|plini123456's rating: 1052 &rarr; <strong>1036</strong><br />(-16 for losing)\n|raw|crapa's rating: 1088 &rarr; <strong>1112</strong><br />(+24 for winning)\n|l|\u2606plini123456\n|player|p1|\n",
  "uploadtime": 1776456255,
  "views": 33,
  "formatid": "gen9championsvgc2026regma",
  "rating": 1036,
  "private": 0,
  "password": null
}