{
  "id": "gen9championsvgc2026regma-2582145544",
  "format": "[Gen 9 Champions] VGC 2026 Reg M-A",
  "players": [
    "lilyflows",
    "hershypark55"
  ],
  "log": "|j|\u2606lilyflows\n|j|\u2606hershypark55\n|t:|1776063858\n|gametype|doubles\n|player|p1|lilyflows|n|1093\n|player|p2|hershypark55|veteran|1043\n|gen|9\n|tier|[Gen 9 Champions] VGC 2026 Reg M-A\n|rated|\n|rule|Species Clause: Limit one of each Pok\u00e9mon\n|rule|Item Clause: Limit 1 of each item\n|clearpoke\n|poke|p1|Pelipper, L50, M|\n|poke|p1|Starmie, L50|\n|poke|p1|Archaludon, L50, F|\n|poke|p1|Sneasler, L50, M|\n|poke|p1|Lucario, L50, M|\n|poke|p1|Basculegion, L50, M|\n|poke|p2|Feraligatr, L50, M|\n|poke|p2|Maushold-Four, L50|\n|poke|p2|Sinistcha, L50|\n|poke|p2|Talonflame, L50, M|\n|poke|p2|Sneasler, L50, M|\n|poke|p2|Skarmory, L50, M|\n|teampreview|4\n|inactive|Battle timer is ON: inactive players will automatically lose when time's up. (requested by lilyflows)\n|inactive|hershypark55 has 60 seconds left.\n|\n|t:|1776063903\n|teamsize|p1|4\n|teamsize|p2|4\n|start\n|switch|p1a: Pelipper|Pelipper, L50, M|100/100\n|switch|p1b: Archaludon|Archaludon, L50, F|100/100\n|switch|p2a: Sneasler|Sneasler, L50, M|100/100\n|switch|p2b: Talonflame|Talonflame, L50, M|100/100\n|-weather|RainDance|[from] ability: Drizzle|[of] p1a: Pelipper\n|turn|1\n|inactive|hershypark55 has 30 seconds left.\n|\n|t:|1776063929\n|move|p1b: Archaludon|Protect|p1b: Archaludon\n|-singleturn|p1b: Archaludon|Protect\n|move|p2b: Talonflame|Tailwind|p2b: Talonflame\n|-sidestart|p2: hershypark55|move: Tailwind\n|move|p2a: Sneasler|Close Combat|p1b: Archaludon\n|-activate|p1b: Archaludon|move: Protect\n|move|p1a: Pelipper|Tailwind|p1a: Pelipper\n|-sidestart|p1: lilyflows|move: Tailwind\n|\n|-weather|RainDance|[upkeep]\n|upkeep\n|turn|2\n|inactive|lilyflows has 30 seconds left.\n|\n|t:|1776063955\n|switch|p1b: Basculegion|Basculegion, L50, M|100/100\n|move|p2b: Talonflame|Brave Bird|p1b: Basculegion\n|-damage|p1b: Basculegion|18/100\n|-damage|p2b: Talonflame|66/100|[from] Recoil\n|move|p2a: Sneasler|Close Combat|p1b: Basculegion\n|-immune|p1b: Basculegion\n|move|p1a: Pelipper|Hurricane|p2a: Sneasler\n|-supereffective|p2a: Sneasler|1\n|-damage|p2a: Sneasler|0 fnt\n|faint|p2a: Sneasler\n|\n|-weather|RainDance|[upkeep]\n|upkeep\n|\n|t:|1776063970\n|switch|p2a: Feraligatr|Feraligatr, L50, M|100/100\n|turn|3\n|\n|t:|1776063993\n|switch|p2b: Maushold|Maushold-Four, L50|100/100\n|detailschange|p2a: Feraligatr|Feraligatr-Mega, L50, M\n|-mega|p2a: Feraligatr|Feraligatr|Feraligite\n|move|p1b: Basculegion|Protect|p1b: Basculegion\n|-singleturn|p1b: Basculegion|Protect\n|move|p2a: Feraligatr|Aqua Jet|p1b: Basculegion\n|-activate|p1b: Basculegion|move: Protect\n|move|p1a: Pelipper|Weather Ball|p2b: Maushold\n|-damage|p2b: Maushold|46/100\n|-enditem|p2b: Maushold|Sitrus Berry|[eat]\n|-heal|p2b: Maushold|71/100|[from] item: Sitrus Berry\n|\n|-weather|RainDance|[upkeep]\n|upkeep\n|turn|4\n|inactive|lilyflows has 30 seconds left.\n|\n|t:|1776064025\n|switch|p1b: Archaludon|Archaludon, L50, F|100/100\n|move|p2a: Feraligatr|Aqua Jet|p1b: Archaludon\n|-resisted|p1b: Archaludon|1\n|-damage|p1b: Archaludon|83/100\n|-ability|p1b: Archaludon|Stamina|boost\n|-boost|p1b: Archaludon|def|1\n|move|p2b: Maushold|Super Fang|p1a: Pelipper\n|-damage|p1a: Pelipper|51/100\n|move|p1a: Pelipper|Hurricane|p2a: Feraligatr\n|-damage|p2a: Feraligatr|76/100\n|-start|p2a: Feraligatr|confusion\n|\n|-weather|RainDance|[upkeep]\n|-heal|p1a: Pelipper|57/100|[from] item: Leftovers\n|-sideend|p2: hershypark55|move: Tailwind\n|-sideend|p1: lilyflows|move: Tailwind\n|upkeep\n|turn|5\n|\n|t:|1776064050\n|move|p1b: Archaludon|Protect|p1b: Archaludon\n|-singleturn|p1b: Archaludon|Protect\n|move|p2b: Maushold|Follow Me|p2b: Maushold\n|-singleturn|p2b: Maushold|move: Follow Me\n|move|p1a: Pelipper|Tailwind|p1a: Pelipper\n|-sidestart|p1: lilyflows|move: Tailwind\n|-activate|p2a: Feraligatr|confusion\n|-damage|p2a: Feraligatr|59/100|[from] confusion\n|\n|-weather|none\n|-heal|p1a: Pelipper|63/100|[from] item: Leftovers\n|upkeep\n|turn|6\n|\n|t:|1776064064\n|switch|p1a: Lucario|Lucario, L50, M|100/100\n|move|p2b: Maushold|Follow Me|p2b: Maushold\n|-singleturn|p2b: Maushold|move: Follow Me\n|move|p1b: Archaludon|Draco Meteor|p2b: Maushold\n|-damage|p2b: Maushold|0 fnt\n|-unboost|p1b: Archaludon|spa|2\n|faint|p2b: Maushold\n|-activate|p2a: Feraligatr|confusion\n|-damage|p2a: Feraligatr|42/100|[from] confusion\n|\n|upkeep\n|\n|t:|1776064076\n|switch|p2b: Talonflame|Talonflame, L50, M|66/100\n|turn|7\n|\n|t:|1776064095\n|switch|p1b: Pelipper|Pelipper, L50, M|63/100\n|-weather|RainDance|[from] ability: Drizzle|[of] p1b: Pelipper\n|detailschange|p1a: Lucario|Lucario-Mega, L50, M\n|-mega|p1a: Lucario|Lucario|Lucarionite\n|-activate|p2a: Feraligatr|confusion\n|move|p2a: Feraligatr|Protect|p2a: Feraligatr\n|-singleturn|p2a: Feraligatr|Protect\n|move|p1a: Lucario|Dark Pulse|p2a: Feraligatr\n|-activate|p2a: Feraligatr|move: Protect\n|move|p2b: Talonflame|Tailwind|p2b: Talonflame\n|-sidestart|p2: hershypark55|move: Tailwind\n|\n|-weather|RainDance|[upkeep]\n|-heal|p1b: Pelipper|69/100|[from] item: Leftovers\n|upkeep\n|turn|8\n|inactive|lilyflows has 30 seconds left.\n|\n|t:|1776064124\n|move|p1a: Lucario|Detect|p1a: Lucario\n|-singleturn|p1a: Lucario|Protect\n|move|p2b: Talonflame|Brave Bird|p1a: Lucario\n|-activate|p1a: Lucario|move: Protect\n|move|p1b: Pelipper|Weather Ball|p2b: Talonflame\n|-supereffective|p2b: Talonflame|1\n|-damage|p2b: Talonflame|0 fnt\n|faint|p2b: Talonflame\n|-end|p2a: Feraligatr|confusion\n|move|p2a: Feraligatr|Rock Slide|p1b: Pelipper|[spread] p1b\n|-activate|p1a: Lucario|move: Protect\n|-supereffective|p1b: Pelipper|1\n|-damage|p1b: Pelipper|20/100\n|\n|-weather|RainDance|[upkeep]\n|-heal|p1b: Pelipper|26/100|[from] item: Leftovers\n|-sideend|p1: lilyflows|move: Tailwind\n|upkeep\n|turn|9\n|\n|t:|1776064146\n|move|p2a: Feraligatr|Rock Slide|p1b: Pelipper|[spread] p1a,p1b\n|-resisted|p1a: Lucario|2\n|-supereffective|p1b: Pelipper|1\n|-damage|p1a: Lucario|92/100\n|-damage|p1b: Pelipper|0 fnt\n|faint|p1b: Pelipper\n|move|p1a: Lucario|Aura Sphere|p2a: Feraligatr\n|-damage|p2a: Feraligatr|0 fnt\n|faint|p2a: Feraligatr\n|\n|win|lilyflows\n|raw|lilyflows's rating: 1093 &rarr; <strong>1115</strong><br />(+22 for winning)\n|raw|hershypark55's rating: 1043 &rarr; <strong>1029</strong><br />(-14 for losing)\n|l|\u2606hershypark55\n|player|p2|\n|c|\u2606lilyflows|gg\n",
  "uploadtime": 1776064160,
  "views": 19,
  "formatid": "gen9championsvgc2026regma",
  "rating": 1029,
  "private": 0,
  "password": null
}