{
  "id": "gen9championsvgc2026regma-2588380523",
  "format": "[Gen 9 Champions] VGC 2026 Reg M-A",
  "players": [
    "MatchMeUP",
    "Tamejo"
  ],
  "log": "|j|\u2606MatchMeUP\n|j|\u2606Tamejo\n|t:|1776628705\n|gametype|doubles\n|player|p1|MatchMeUP|ninjaboy|1175\n|player|p2|Tamejo|caitlin|1242\n|gen|9\n|tier|[Gen 9 Champions] VGC 2026 Reg M-A\n|rated|\n|rule|Species Clause: Limit one of each Pok\u00e9mon\n|rule|Item Clause: Limit 1 of each item\n|clearpoke\n|poke|p1|Gengar, L50, F, shiny|\n|poke|p1|Incineroar, L50, M|\n|poke|p1|Politoed, L50, M|\n|poke|p1|Sableye, L50, F|\n|poke|p1|Basculegion, L50, M|\n|poke|p1|Sneasler, L50, M|\n|poke|p2|Dragapult, L50, M|\n|poke|p2|Sylveon, L50, F|\n|poke|p2|Whimsicott, L50, F|\n|poke|p2|Glimmora, L50, F|\n|poke|p2|Charizard, L50, M|\n|poke|p2|Kingambit, L50, F|\n|teampreview|4\n|\n|t:|1776628757\n|teamsize|p1|4\n|teamsize|p2|4\n|start\n|switch|p1a: Gengar|Gengar, L50, F, shiny|100/100\n|switch|p1b: Sneasler|Sneasler, L50, M|100/100\n|switch|p2a: Kingambit|Kingambit, L50, F|100/100\n|switch|p2b: Whimsicott|Whimsicott, L50, F|100/100\n|turn|1\n|\n|t:|1776628787\n|switch|p2b: Dragapult|Dragapult, L50, M|100/100\n|detailschange|p1a: Gengar|Gengar-Mega, L50, F, shiny\n|-mega|p1a: Gengar|Gengar|Gengarite\n|move|p1b: Sneasler|Fake Out|p2a: Kingambit\n|-resisted|p2a: Kingambit|1\n|-damage|p2a: Kingambit|96/100\n|move|p1a: Gengar|Perish Song|p1a: Gengar\n|-start|p1a: Gengar|perish3|[silent]\n|-start|p1b: Sneasler|perish3|[silent]\n|-start|p2a: Kingambit|perish3|[silent]\n|-start|p2b: Dragapult|perish3|[silent]\n|-fieldactivate|move: Perish Song\n|cant|p2a: Kingambit|flinch\n|\n|-start|p2b: Dragapult|perish3\n|-start|p1a: Gengar|perish3\n|-start|p1b: Sneasler|perish3\n|-start|p2a: Kingambit|perish3\n|upkeep\n|turn|2\n|\n|t:|1776628811\n|move|p2b: Dragapult|Phantom Force||[still]\n|-prepare|p2b: Dragapult|Phantom Force\n|move|p1a: Gengar|Shadow Ball|p2b: Dragapult|[miss]\n|-miss|p1a: Gengar|p2b: Dragapult\n|move|p1b: Sneasler|Close Combat|p2a: Kingambit\n|-supereffective|p2a: Kingambit|2\n|-enditem|p2a: Kingambit|Chople Berry|[eat]\n|-enditem|p2a: Kingambit|Chople Berry|[weaken]\n|-damage|p2a: Kingambit|8/100\n|-unboost|p1b: Sneasler|def|1\n|-unboost|p1b: Sneasler|spd|1\n|move|p2a: Kingambit|Iron Head|p1b: Sneasler\n|-enditem|p1b: Sneasler|Focus Sash\n|-damage|p1b: Sneasler|1/100\n|\n|-start|p1b: Sneasler|perish2\n|-start|p2b: Dragapult|perish2\n|-start|p1a: Gengar|perish2\n|-start|p2a: Kingambit|perish2\n|upkeep\n|turn|3\n|\n|t:|1776628840\n|move|p1b: Sneasler|Protect|p1b: Sneasler\n|-singleturn|p1b: Sneasler|Protect\n|move|p2b: Dragapult|Phantom Force|p1a: Gengar|[from] lockedmove\n|-supereffective|p1a: Gengar|1\n|-crit|p1a: Gengar\n|-damage|p1a: Gengar|0 fnt\n|faint|p1a: Gengar\n|move|p2a: Kingambit|Low Kick|p1b: Sneasler\n|-activate|p1b: Sneasler|move: Protect\n|\n|-start|p1b: Sneasler|perish1\n|-start|p2b: Dragapult|perish1\n|-start|p2a: Kingambit|perish1\n|upkeep\n|\n|t:|1776628855\n|switch|p1a: Politoed|Politoed, L50, M|100/100\n|-weather|RainDance|[from] ability: Drizzle|[of] p1a: Politoed\n|turn|4\n|\n|t:|1776628873\n|move|p1b: Sneasler|Dire Claw|p2a: Kingambit\n|-immune|p2a: Kingambit\n|move|p2b: Dragapult|U-turn|p1b: Sneasler\n|-resisted|p1b: Sneasler|2\n|-damage|p1b: Sneasler|0 fnt\n|faint|p1b: Sneasler\n|\n|t:|1776628880\n|switch|p2b: Whimsicott|Whimsicott, L50, F|100/100|[from] U-turn\n|move|p1a: Politoed|Hypnosis|p2b: Whimsicott\n|-status|p2b: Whimsicott|slp|[from] move: Hypnosis\n|move|p2a: Kingambit|Low Kick|p1a: Politoed\n|-damage|p1a: Politoed|73/100\n|\n|-weather|RainDance|[upkeep]\n|-start|p2a: Kingambit|perish0\n|upkeep\n|faint|p2a: Kingambit\n|\n|t:|1776628889\n|switch|p1b: Basculegion|Basculegion, L50, M|100/100\n|switch|p2a: Dragapult|Dragapult, L50, M|100/100\n|turn|5\n|\n|t:|1776628925\n|move|p2a: Dragapult|Protect|p2a: Dragapult\n|-singleturn|p2a: Dragapult|Protect\n|cant|p2b: Whimsicott|slp\n|move|p1b: Basculegion|Last Respects|p2a: Dragapult\n|-activate|p2a: Dragapult|move: Protect\n|move|p1a: Politoed|Weather Ball|p2a: Dragapult\n|-activate|p2a: Dragapult|move: Protect\n|\n|-weather|RainDance|[upkeep]\n|upkeep\n|turn|6\n|\n|t:|1776628938\n|switch|p2a: Glimmora|Glimmora, L50, F|100/100\n|-curestatus|p2b: Whimsicott|slp|[msg]\n|move|p2b: Whimsicott|Tailwind|p2b: Whimsicott\n|-sidestart|p2: Tamejo|move: Tailwind\n|move|p1b: Basculegion|Last Respects|p2b: Whimsicott\n|-enditem|p2b: Whimsicott|Focus Sash\n|-damage|p2b: Whimsicott|1/100\n|move|p1a: Politoed|Hypnosis|p2a: Glimmora\n|-status|p2a: Glimmora|slp|[from] move: Hypnosis\n|\n|-weather|RainDance|[upkeep]\n|upkeep\n|turn|7\n|\n|t:|1776628966\n|detailschange|p2a: Glimmora|Glimmora-Mega, L50, F\n|-mega|p2a: Glimmora|Glimmora|Glimmoranite\n|move|p2b: Whimsicott|Moonblast|p1a: Politoed\n|-damage|p1a: Politoed|56/100\n|cant|p2a: Glimmora|slp\n|move|p1b: Basculegion|Last Respects|p2b: Whimsicott\n|-damage|p2b: Whimsicott|0 fnt\n|faint|p2b: Whimsicott\n|move|p1a: Politoed|Weather Ball|p2a: Glimmora\n|-supereffective|p2a: Glimmora|1\n|-damage|p2a: Glimmora|0 fnt\n|faint|p2a: Glimmora\n|\n|-weather|RainDance|[upkeep]\n|upkeep\n|\n|t:|1776628972\n|switch|p2b: Dragapult|Dragapult, L50, M|100/100\n|turn|8\n|\n|t:|1776628987\n|move|p2b: Dragapult|Phantom Force||[still]\n|-prepare|p2b: Dragapult|Phantom Force\n|move|p1b: Basculegion|Last Respects|p2b: Dragapult|[miss]\n|-miss|p1b: Basculegion|p2b: Dragapult\n|move|p1a: Politoed|Weather Ball|p2b: Dragapult|[miss]\n|-miss|p1a: Politoed|p2b: Dragapult\n|\n|-weather|none\n|upkeep\n|turn|9\n|\n|t:|1776629003\n|move|p2b: Dragapult|Phantom Force|p1b: Basculegion|[from] lockedmove\n|-supereffective|p1b: Basculegion|1\n|-damage|p1b: Basculegion|0 fnt\n|faint|p1b: Basculegion\n|move|p1a: Politoed|Hypnosis|p2b: Dragapult\n|-status|p2b: Dragapult|slp|[from] move: Hypnosis\n|\n|-sideend|p2: Tamejo|move: Tailwind\n|upkeep\n|turn|10\n|\n|t:|1776629033\n|cant|p2b: Dragapult|slp\n|move|p1a: Politoed|Perish Song|p1a: Politoed\n|-start|p1a: Politoed|perish3|[silent]\n|-start|p2b: Dragapult|perish3|[silent]\n|-fieldactivate|move: Perish Song\n|\n|-start|p2b: Dragapult|perish3\n|-start|p1a: Politoed|perish3\n|upkeep\n|turn|11\n|\n|t:|1776629061\n|cant|p2b: Dragapult|slp\n|move|p1a: Politoed|Weather Ball|p2b: Dragapult\n|-immune|p2b: Dragapult\n|\n|-start|p2b: Dragapult|perish2\n|-start|p1a: Politoed|perish2\n|upkeep\n|turn|12\n|\n|t:|1776629073\n|-curestatus|p2b: Dragapult|slp|[msg]\n|move|p2b: Dragapult|Dragon Darts|p1a: Politoed\n|-damage|p1a: Politoed|28/100\n|-anim|p2b: Dragapult|Dragon Darts|p1a: Politoed\n|-damage|p1a: Politoed|0 fnt\n|faint|p1a: Politoed\n|\n|win|Tamejo\n|raw|MatchMeUP's rating: 1175 &rarr; <strong>1156</strong><br />(-19 for losing)\n|raw|Tamejo's rating: 1260 &rarr; <strong>1279</strong><br />(+19 for winning)\n|l|\u2606MatchMeUP\n|player|p1|\n",
  "uploadtime": 1776629083,
  "views": 11,
  "formatid": "gen9championsvgc2026regma",
  "rating": 1156,
  "private": 0,
  "password": null
}