{
  "id": "gen9championsvgc2026regma-2583687665",
  "format": "[Gen 9 Champions] VGC 2026 Reg M-A",
  "players": [
    "Gesonel23",
    "pollita22"
  ],
  "log": "|j|\u2606Gesonel23\n|j|\u2606pollita22\n|t:|1776191081\n|gametype|doubles\n|player|p1|Gesonel23|bugcatcher-gen4dp|1105\n|player|p2|pollita22|hiker|1118\n|gen|9\n|tier|[Gen 9 Champions] VGC 2026 Reg M-A\n|rated|\n|rule|Species Clause: Limit one of each Pok\u00e9mon\n|rule|Item Clause: Limit 1 of each item\n|clearpoke\n|poke|p1|Volcarona, L50, M|\n|poke|p1|Araquanid, L50, M|\n|poke|p1|Vivillon, L50, F|\n|poke|p1|Kleavor, L50, F|\n|poke|p1|Scizor, L50, F|\n|poke|p1|Heracross, L50, F|\n|poke|p2|Froslass, L50, F|\n|poke|p2|Beartic, L50, F|\n|poke|p2|Garchomp, L50, F|\n|poke|p2|Milotic, L50, M|\n|poke|p2|Sneasler, L50, F|\n|poke|p2|Incineroar, L50, F|\n|teampreview|4\n|\n|t:|1776191117\n|teamsize|p1|4\n|teamsize|p2|4\n|start\n|switch|p1a: Heracross|Heracross, L50, F|100/100\n|switch|p1b: Araquanid|Araquanid, L50, M|100/100\n|switch|p2a: Froslass|Froslass, L50, F|100/100\n|switch|p2b: Incineroar|Incineroar, L50, F|100/100\n|-ability|p2b: Incineroar|Intimidate|boost\n|-unboost|p1a: Heracross|atk|1\n|-unboost|p1b: Araquanid|atk|1\n|turn|1\n|\n|t:|1776191139\n|detailschange|p2a: Froslass|Froslass-Mega, L50, F\n|-mega|p2a: Froslass|Froslass|Froslassite\n|-weather|Snowscape|[from] ability: Snow Warning|[of] p2a: Froslass\n|move|p1a: Heracross|Upper Hand|p2b: Incineroar\n|-supereffective|p2b: Incineroar|1\n|-damage|p2b: Incineroar|52/100\n|cant|p2b: Incineroar|flinch\n|move|p2a: Froslass|Blizzard|p1a: Heracross|[spread] p1a,p1b\n|-resisted|p1b: Araquanid|1\n|-damage|p1a: Heracross|41/100\n|-damage|p1b: Araquanid|77/100\n|move|p1b: Araquanid|Hydro Pump|p2b: Incineroar|[miss]\n|-miss|p1b: Araquanid|p2b: Incineroar\n|\n|-weather|Snowscape|[upkeep]\n|upkeep\n|turn|2\n|\n|t:|1776191162\n|move|p2b: Incineroar|Protect|p2b: Incineroar\n|-singleturn|p2b: Incineroar|Protect\n|move|p1b: Araquanid|Wide Guard|p1b: Araquanid\n|-singleturn|p1b: Araquanid|Wide Guard\n|move|p2a: Froslass|Blizzard|p1b: Araquanid|[spread] \n|-activate|p1a: Heracross|move: Wide Guard\n|-activate|p1b: Araquanid|move: Wide Guard\n|move|p1a: Heracross|Close Combat|p2b: Incineroar\n|-activate|p2b: Incineroar|move: Protect\n|\n|-weather|Snowscape|[upkeep]\n|upkeep\n|turn|3\n|\n|t:|1776191179\n|switch|p2b: Sneasler|Sneasler, L50, F|100/100\n|move|p1b: Araquanid|Wide Guard|p1b: Araquanid\n|-singleturn|p1b: Araquanid|Wide Guard\n|move|p2a: Froslass|Shadow Ball|p1a: Heracross\n|-damage|p1a: Heracross|0 fnt\n|faint|p1a: Heracross\n|\n|-weather|Snowscape|[upkeep]\n|upkeep\n|\n|t:|1776191190\n|switch|p1a: Scizor|Scizor, L50, F|100/100\n|turn|4\n|\n|t:|1776191209\n|detailschange|p1a: Scizor|Scizor-Mega, L50, F\n|-mega|p1a: Scizor|Scizor|Scizorite\n|move|p2b: Sneasler|Fake Out|p1a: Scizor\n|-resisted|p1a: Scizor|1\n|-damage|p1a: Scizor|94/100\n|cant|p1a: Scizor|flinch\n|move|p2a: Froslass|Shadow Ball|p1a: Scizor\n|-damage|p1a: Scizor|45/100\n|move|p1b: Araquanid|Hydro Pump|p2b: Sneasler|[miss]\n|-miss|p1b: Araquanid|p2b: Sneasler\n|\n|-weather|Snowscape|[upkeep]\n|upkeep\n|turn|5\n|\n|t:|1776191228\n|switch|p2a: Incineroar|Incineroar, L50, F|52/100\n|-ability|p2a: Incineroar|Intimidate|boost\n|-unboost|p1a: Scizor|atk|1\n|-unboost|p1b: Araquanid|atk|1\n|move|p1a: Scizor|Bullet Punch|p2a: Incineroar\n|-resisted|p2a: Incineroar|1\n|-damage|p2a: Incineroar|39/100\n|-enditem|p2a: Incineroar|Sitrus Berry|[eat]\n|-heal|p2a: Incineroar|64/100|[from] item: Sitrus Berry\n|move|p2b: Sneasler|Close Combat|p1a: Scizor\n|-damage|p1a: Scizor|0 fnt\n|-unboost|p2b: Sneasler|def|1\n|-unboost|p2b: Sneasler|spd|1\n|faint|p1a: Scizor\n|move|p1b: Araquanid|Hydro Pump|p2b: Sneasler\n|-crit|p2b: Sneasler\n|-enditem|p2b: Sneasler|Focus Sash\n|-damage|p2b: Sneasler|1/100\n|\n|-weather|none\n|upkeep\n|\n|t:|1776191246\n|switch|p1a: Volcarona|Volcarona, L50, M|100/100\n|turn|6\n|\n|t:|1776191263\n|move|p2a: Incineroar|Fake Out|p1a: Volcarona\n|-damage|p1a: Volcarona|77/100\n|-immune|p2a: Incineroar\n|move|p2b: Sneasler|Dire Claw|p1a: Volcarona\n|-damage|p1a: Volcarona|10/100\n|-status|p1a: Volcarona|par\n|cant|p1a: Volcarona|flinch\n|move|p1b: Araquanid|Hydro Pump|p2a: Incineroar\n|-supereffective|p2a: Incineroar|1\n|-crit|p2a: Incineroar\n|-damage|p2a: Incineroar|0 fnt\n|faint|p2a: Incineroar\n|\n|-heal|p1a: Volcarona|17/100 par|[from] item: Leftovers\n|upkeep\n|n|!Gesonel23|gesonel23\n|\n|t:|1776191275\n|switch|p2a: Froslass|Froslass-Mega, L50, F|100/100\n|-weather|Snowscape|[from] ability: Snow Warning|[of] p2a: Froslass\n|turn|7\n|\n|t:|1776191289\n|move|p2b: Sneasler|Dire Claw|p1a: Volcarona\n|-damage|p1a: Volcarona|0 fnt\n|faint|p1a: Volcarona\n|move|p2a: Froslass|Shadow Ball|p1b: Araquanid\n|-damage|p1b: Araquanid|28/100\n|move|p1b: Araquanid|Hydro Pump|p2a: Froslass\n|-damage|p2a: Froslass|18/100\n|\n|-weather|Snowscape|[upkeep]\n|upkeep\n|turn|8\n|\n|t:|1776191299\n|move|p2b: Sneasler|Dire Claw|p1b: Araquanid\n|-damage|p1b: Araquanid|0 fnt\n|faint|p1b: Araquanid\n|\n|win|pollita22\n",
  "uploadtime": 1776191269,
  "views": 13,
  "formatid": "gen9championsvgc2026regma",
  "rating": null,
  "private": 0,
  "password": null
}