{
  "id": "gen9championsvgc2026regma-2585612133",
  "format": "[Gen 9 Champions] VGC 2026 Reg M-A",
  "players": [
    "mkugmrs_guest",
    "upostylepolska"
  ],
  "log": "|j|\u2606mkugmrs_guest\n|j|\u2606upostylepolska\n|t:|1776358844\n|gametype|doubles\n|player|p1|mkugmrs_guest|iono-masters2|1127\n|player|p2|upostylepolska|n|1178\n|gen|9\n|tier|[Gen 9 Champions] VGC 2026 Reg M-A\n|rated|\n|rule|Species Clause: Limit one of each Pok\u00e9mon\n|rule|Item Clause: Limit 1 of each item\n|clearpoke\n|poke|p1|Aurorus, L50, F|\n|poke|p1|Tyranitar, L50, F|\n|poke|p1|Clefable, L50, F|\n|poke|p1|Garchomp, L50, F|\n|poke|p1|Chesnaught, L50, M|\n|poke|p1|Orthworm, L50, M|\n|poke|p2|Basculegion, L50, M|\n|poke|p2|Kingambit, L50, F|\n|poke|p2|Rotom-Heat, L50|\n|poke|p2|Froslass, L50, F|\n|poke|p2|Sneasler, L50, M|\n|poke|p2|Clefable, L50, F|\n|teampreview|4\nmkugmrs_guest rejected open team sheets.\n|c|\u2606upostylepolska|aurorus is tuff\n|c|\u2606mkugmrs_guest|ikr\n|c|\u2606upostylepolska|orthoworm too tho\n|c|\u2606mkugmrs_guest|its the only weather ball rock type :sob\n|c|\u2606upostylepolska|clefable my fav support in champions\n|c|\u2606mkugmrs_guest|best sand use\n|c|\u2606upostylepolska|tbh\n|c|\u2606upostylepolska|i have no idea what u may start tho lol\n|c|\u2606mkugmrs_guest|it could really be anything\n|c|\u2606mkugmrs_guest|ive only seen megas ive never faught before today\n|c|\u2606mkugmrs_guest|im trying everything out\n|\n|t:|1776359000\n|teamsize|p1|4\n|teamsize|p2|4\n|start\n|switch|p1a: Chesnaught|Chesnaught, L50, M|100/100\n|switch|p1b: Clefable|Clefable, L50, F|100/100\n|switch|p2a: Clefable|Clefable, L50, F|100/100\n|switch|p2b: Froslass|Froslass, L50, F|100/100\n|turn|1\n|\n|t:|1776359022\n|move|p2b: Froslass|Protect|p2b: Froslass\n|-singleturn|p2b: Froslass|Protect\n|move|p1a: Chesnaught|Spiky Shield|p1a: Chesnaught\n|-singleturn|p1a: Chesnaught|move: Protect\n|move|p2a: Clefable|Protect|p2a: Clefable\n|-singleturn|p2a: Clefable|Protect\n|move|p1b: Clefable|Protect||[still]\n|-fail|p1b: Clefable\n|\n|upkeep\n|turn|2\n|c|\u2606mkugmrs_guest|lol\n|c|\u2606upostylepolska|amazing turn\n|\n|t:|1776359065\n|switch|p1a: Orthworm|Orthworm, L50, M|100/100\n|detailschange|p2b: Froslass|Froslass-Mega, L50, F\n|-mega|p2b: Froslass|Froslass|Froslassite\n|-weather|Snowscape|[from] ability: Snow Warning|[of] p2b: Froslass\n|move|p2a: Clefable|Helping Hand|p2b: Froslass\n|-singleturn|p2b: Froslass|Helping Hand|[of] p2a: Clefable\n|move|p2b: Froslass|Blizzard|p1b: Clefable|[spread] p1a,p1b\n|-resisted|p1a: Orthworm|1\n|-damage|p1a: Orthworm|66/100\n|-damage|p1b: Clefable|38/100\n|move|p1b: Clefable|Alluring Voice|p2b: Froslass\n|-damage|p2b: Froslass|67/100\n|\n|-weather|Snowscape|[upkeep]\n|-heal|p1b: Clefable|44/100|[from] item: Leftovers\n|upkeep\n|turn|3\n|\n|t:|1776359089\n|move|p2a: Clefable|Helping Hand|p2b: Froslass\n|-singleturn|p2b: Froslass|Helping Hand|[of] p2a: Clefable\n|move|p2b: Froslass|Blizzard|p1a: Orthworm|[spread] p1a,p1b\n|-resisted|p1a: Orthworm|1\n|-damage|p1a: Orthworm|34/100\n|-damage|p1b: Clefable|0 fnt\n|-enditem|p1a: Orthworm|Sitrus Berry|[eat]\n|-heal|p1a: Orthworm|59/100|[from] item: Sitrus Berry\n|faint|p1b: Clefable\n|move|p1a: Orthworm|Shed Tail|p1a: Orthworm\n|-start|p1a: Orthworm|Substitute|[from] move: Shed Tail\n|-damage|p1a: Orthworm|9/100\n|\n|t:|1776359092\n|switch|p1a: Tyranitar|Tyranitar, L50, F|100/100|[from] Shed Tail\n|-weather|Sandstorm|[from] ability: Sand Stream|[of] p1a: Tyranitar\n|\n|-weather|Sandstorm|[upkeep]\n|-damage|p2b: Froslass|61/100|[from] Sandstorm\n|-damage|p2a: Clefable|95/100|[from] Sandstorm\n|upkeep\n|\n|t:|1776359097\n|switch|p1b: Orthworm|Orthworm, L50, M|9/100\n|turn|4\n|c|\u2606mkugmrs_guest|this would be a banger position for mega ttar\n|\n|t:|1776359133\n|move|p2b: Froslass|Protect|p2b: Froslass\n|-singleturn|p2b: Froslass|Protect\n|move|p2a: Clefable|Protect|p2a: Clefable\n|-singleturn|p2a: Clefable|Protect\n|move|p1b: Orthworm|Iron Head|p2a: Clefable\n|-activate|p2a: Clefable|move: Protect\n|move|p1a: Tyranitar|Rock Slide|p2a: Clefable|[spread] \n|-activate|p2a: Clefable|move: Protect\n|-activate|p2b: Froslass|move: Protect\n|\n|-weather|Sandstorm|[upkeep]\n|-damage|p2b: Froslass|55/100|[from] Sandstorm\n|-damage|p2a: Clefable|89/100|[from] Sandstorm\n|upkeep\n|turn|5\n|c|\u2606upostylepolska|alr so rock slide\n|\n|t:|1776359202\n|move|p2a: Clefable|Follow Me|p2a: Clefable\n|-singleturn|p2a: Clefable|move: Follow Me\n|move|p2b: Froslass|Shadow Ball|p1b: Orthworm\n|-damage|p1b: Orthworm|0 fnt\n|faint|p1b: Orthworm\n|move|p1a: Tyranitar|Rock Slide|p2b: Froslass|[spread] p2a,p2b\n|-supereffective|p2b: Froslass|1\n|-damage|p2a: Clefable|55/100\n|-damage|p2b: Froslass|0 fnt\n|faint|p2b: Froslass\n|\n|-weather|Sandstorm|[upkeep]\n|-damage|p2a: Clefable|50/100|[from] Sandstorm\n|-enditem|p2a: Clefable|Sitrus Berry|[eat]\n|-heal|p2a: Clefable|74/100|[from] item: Sitrus Berry\n|upkeep\n|\n|t:|1776359216\n|switch|p2b: Basculegion|Basculegion, L50, M|100/100\n|switch|p1b: Chesnaught|Chesnaught, L50, M|100/100\n|turn|6\n|c|\u2606mkugmrs_guest|hmm\n|c|\u2606mkugmrs_guest|fish is an issue\n|\n|t:|1776359273\n|detailschange|p1b: Chesnaught|Chesnaught-Mega, L50, M\n|-mega|p1b: Chesnaught|Chesnaught|Chesnaughtite\n|move|p2a: Clefable|Follow Me|p2a: Clefable\n|-singleturn|p2a: Clefable|move: Follow Me\n|move|p2b: Basculegion|Wave Crash|p1a: Tyranitar\n|-supereffective|p1a: Tyranitar|1\n|-end|p1a: Tyranitar|Substitute\n|-damage|p2b: Basculegion|93/100|[from] Recoil|[of] p1a: Tyranitar\n|move|p1a: Tyranitar|Thunder Wave|p2a: Clefable\n|-status|p2a: Clefable|par\n|move|p1b: Chesnaught|Bulk Up|p1b: Chesnaught\n|-boost|p1b: Chesnaught|atk|1\n|-boost|p1b: Chesnaught|def|1\n|\n|-weather|Sandstorm|[upkeep]\n|-damage|p2b: Basculegion|87/100|[from] Sandstorm\n|-damage|p1b: Chesnaught|94/100|[from] Sandstorm\n|-damage|p2a: Clefable|68/100 par|[from] Sandstorm\n|upkeep\n|turn|7\n|\n|t:|1776359293\n|move|p1a: Tyranitar|Protect|p1a: Tyranitar\n|-singleturn|p1a: Tyranitar|Protect\n|move|p2a: Clefable|Follow Me|p2a: Clefable\n|-singleturn|p2a: Clefable|move: Follow Me\n|move|p2b: Basculegion|Wave Crash|p1a: Tyranitar\n|-activate|p1a: Tyranitar|move: Protect\n|move|p1b: Chesnaught|Bulk Up|p1b: Chesnaught\n|-boost|p1b: Chesnaught|atk|1\n|-boost|p1b: Chesnaught|def|1\n|\n|-weather|none\n|upkeep\n|turn|8\n|\n|t:|1776359322\n|move|p2a: Clefable|Follow Me|p2a: Clefable\n|-singleturn|p2a: Clefable|move: Follow Me\n|move|p2b: Basculegion|Wave Crash|p1a: Tyranitar\n|-supereffective|p1a: Tyranitar|1\n|-enditem|p1a: Tyranitar|Focus Sash\n|-damage|p1a: Tyranitar|1/100\n|-damage|p2b: Basculegion|54/100|[from] Recoil\n|move|p1a: Tyranitar|Rock Slide|p2a: Clefable|[spread] p2a\n|-miss|p1a: Tyranitar|p2b: Basculegion\n|-damage|p2a: Clefable|39/100 par\n|move|p1b: Chesnaught|Bulk Up|p1b: Chesnaught\n|-boost|p1b: Chesnaught|atk|1\n|-boost|p1b: Chesnaught|def|1\n|\n|upkeep\n|turn|9\n|c|\u2606mkugmrs_guest|my greed knows no bounds\n|c|\u2606upostylepolska|hmm\n|\n|t:|1776359417\n|move|p1a: Tyranitar|Protect|p1a: Tyranitar\n|-singleturn|p1a: Tyranitar|Protect\n|move|p2a: Clefable|Follow Me|p2a: Clefable\n|-singleturn|p2a: Clefable|move: Follow Me\n|move|p2b: Basculegion|Wave Crash|p1a: Tyranitar\n|-activate|p1a: Tyranitar|move: Protect\n|move|p1b: Chesnaught|Drain Punch|p2a: Clefable\n|-resisted|p2a: Clefable|1\n|-damage|p2a: Clefable|18/100 par\n|-heal|p1b: Chesnaught|100/100|[from] drain|[of] p2a: Clefable\n|\n|upkeep\n|turn|10\n|\n|t:|1776359435\n|move|p2a: Clefable|Follow Me|p2a: Clefable\n|-singleturn|p2a: Clefable|move: Follow Me\n|move|p2b: Basculegion|Wave Crash|p1a: Tyranitar\n|-supereffective|p1a: Tyranitar|1\n|-damage|p1a: Tyranitar|0 fnt\n|faint|p1a: Tyranitar\n|-damage|p2b: Basculegion|53/100|[from] Recoil\n|move|p1b: Chesnaught|Drain Punch|p2a: Clefable\n|-resisted|p2a: Clefable|1\n|-damage|p2a: Clefable|0 fnt\n|faint|p2a: Clefable\n|\n|upkeep\n|\n|t:|1776359446\n|switch|p2a: Sneasler|Sneasler, L50, M|100/100\n|turn|11\n|\n|t:|1776359465\n|move|p1b: Chesnaught|Spiky Shield|p1b: Chesnaught\n|-singleturn|p1b: Chesnaught|move: Protect\n|move|p2a: Sneasler|Fake Out|p1b: Chesnaught\n|-activate|p1b: Chesnaught|move: Protect\n|-damage|p2a: Sneasler|88/100|[from] Spiky Shield|[of] p1b: Chesnaught\n|move|p2b: Basculegion|Wave Crash|p1b: Chesnaught\n|-activate|p1b: Chesnaught|move: Protect\n|-damage|p2b: Basculegion|41/100|[from] Spiky Shield|[of] p1b: Chesnaught\n|\n|upkeep\n|turn|12\n|c|\u2606mkugmrs_guest|hmmm\n|c|\u2606upostylepolska|chesnaught got too strong ig\n|\n|t:|1776359510\n|move|p2b: Basculegion|Wave Crash|p1b: Chesnaught\n|-resisted|p1b: Chesnaught|1\n|-crit|p1b: Chesnaught\n|-damage|p1b: Chesnaught|63/100\n|-damage|p2b: Basculegion|29/100|[from] Recoil\n|move|p2a: Sneasler|Dire Claw|p1b: Chesnaught\n|-supereffective|p1b: Chesnaught|1\n|-damage|p1b: Chesnaught|42/100\n|-status|p1b: Chesnaught|psn|[from] ability: Poison Touch|[of] p2a: Sneasler\n|move|p1b: Chesnaught|Drain Punch|p2a: Sneasler\n|-resisted|p2a: Sneasler|1\n|-damage|p2a: Sneasler|11/100\n|-heal|p1b: Chesnaught|72/100 psn|[from] drain|[of] p2a: Sneasler\n|\n|-damage|p1b: Chesnaught|60/100 psn|[from] psn\n|upkeep\n|turn|13\n|c|\u2606upostylepolska|WTF\n|c|\u2606mkugmrs_guest|i figured if you had a fairy move on clef you wouldve killed me by then\n|c|\u2606upostylepolska|i had\n|c|\u2606upostylepolska|actually\n|c|\u2606mkugmrs_guest|so i set up hella\n|c|\u2606upostylepolska|was afraid\n|c|\u2606mkugmrs_guest|you couldve easily killed me then :sob\n|c|\u2606upostylepolska|my basculegion will be killed by chesnaught\n|c|\u2606upostylepolska|would\n|c|\u2606upostylepolska|bruh\n|c|\u2606upostylepolska|i thought\n|\n|t:|1776359576\n|move|p2a: Sneasler|Protect|p2a: Sneasler\n|-singleturn|p2a: Sneasler|Protect\n|move|p1b: Chesnaught|Spiky Shield|p1b: Chesnaught\n|-singleturn|p1b: Chesnaught|move: Protect\n|move|p2b: Basculegion|Wave Crash|p1b: Chesnaught\n|-activate|p1b: Chesnaught|move: Protect\n|-damage|p2b: Basculegion|16/100|[from] Spiky Shield|[of] p1b: Chesnaught\n|\n|-damage|p1b: Chesnaught|48/100 psn|[from] psn\n|upkeep\n|turn|14\n|\n|t:|1776359603\n|move|p2b: Basculegion|Wave Crash|p1b: Chesnaught\n|-resisted|p1b: Chesnaught|1\n|-damage|p1b: Chesnaught|37/100 psn\n|-damage|p2b: Basculegion|13/100|[from] Recoil\n|move|p2a: Sneasler|Dire Claw|p1b: Chesnaught\n|-supereffective|p1b: Chesnaught|1\n|-damage|p1b: Chesnaught|15/100 psn\n|move|p1b: Chesnaught|Drain Punch|p2a: Sneasler\n|-resisted|p2a: Sneasler|1\n|-damage|p2a: Sneasler|0 fnt\n|-heal|p1b: Chesnaught|19/100 psn|[from] drain|[of] p2a: Sneasler\n|faint|p2a: Sneasler\n|\n|-damage|p1b: Chesnaught|7/100 psn|[from] psn\n|upkeep\n|turn|15\n|c|\u2606mkugmrs_guest|im so glad poison touch came in and not sleep from dire claw\n|\n|t:|1776359636\n|move|p1b: Chesnaught|Spiky Shield|p1b: Chesnaught\n|-singleturn|p1b: Chesnaught|move: Protect\n|move|p2b: Basculegion|Wave Crash|p1b: Chesnaught\n|-activate|p1b: Chesnaught|move: Protect\n|-damage|p2b: Basculegion|0 fnt|[from] Spiky Shield|[of] p1b: Chesnaught\n|faint|p2b: Basculegion\n|\n|win|mkugmrs_guest\n|raw|mkugmrs_guest's rating: 1127 &rarr; <strong>1156</strong><br />(+29 for winning)\n|raw|upostylepolska's rating: 1178 &rarr; <strong>1149</strong><br />(-29 for losing)\n|c|\u2606mkugmrs_guest|gg\n|c|\u2606upostylepolska|NOOO\n|c|\u2606upostylepolska|gg\n|c|\u2606upostylepolska|i thought he will stay\n|c|\u2606upostylepolska|oon some ikd\n|c|\u2606mkugmrs_guest|that was shockingly close ngl\n|c|\u2606upostylepolska|2 percent\n|c|\u2606upostylepolska|but yeah he did\n|c|\u2606upostylepolska|seppuku\n|c|\u2606upostylepolska|harakiri\n|c|\u2606upostylepolska|or sth\n|c|\u2606mkugmrs_guest|lol\n|c|\u2606upostylepolska|gg byeee\n|c|\u2606mkugmrs_guest|also poison touch and not unburden is interesting\n|c|\u2606upostylepolska|maybe\n|c|\u2606mkugmrs_guest|cya\n",
  "uploadtime": 1776359729,
  "views": 34,
  "formatid": "gen9championsvgc2026regma",
  "rating": 1149,
  "private": 0,
  "password": null
}