{
  "id": "gen9championsvgc2026regma-2589397678",
  "format": "[Gen 9 Champions] VGC 2026 Reg M-A",
  "players": [
    "g7ez",
    "Zatell"
  ],
  "log": "|j|\u2606g7ez\n|j|\u2606Zatell\n|t:|1776719691\n|gametype|doubles\n|player|p1|g7ez|bugcatcher-gen4dp|1069\n|player|p2|Zatell|266|1110\n|gen|9\n|tier|[Gen 9 Champions] VGC 2026 Reg M-A\n|rated|\n|rule|Species Clause: Limit one of each Pok\u00e9mon\n|rule|Item Clause: Limit 1 of each item\n|clearpoke\n|poke|p1|Pelipper, L50, F|\n|poke|p1|Gengar, L50, F|\n|poke|p1|Basculegion, L50, M|\n|poke|p1|Whimsicott, L50, F|\n|poke|p1|Kingambit, L50, M|\n|poke|p1|Lopunny, L50, F|\n|poke|p2|Oranguru, L50, M|\n|poke|p2|Sneasler, L50, F|\n|poke|p2|Gardevoir, L50, F|\n|poke|p2|Azumarill, L50, F|\n|poke|p2|Sinistcha, L50|\n|poke|p2|Machamp, L50, M|\n|teampreview|4\n|inactive|Battle timer is ON: inactive players will automatically lose when time's up. (requested by Zatell)\n|inactive|g7ez has 60 seconds left.\n|\n|t:|1776719733\n|teamsize|p1|4\n|teamsize|p2|4\n|start\n|switch|p1a: Lopunny|Lopunny, L50, F|100/100\n|switch|p1b: Basculegion|Basculegion, L50, M|100/100\n|switch|p2a: Sneasler|Sneasler, L50, F|100/100\n|switch|p2b: Oranguru|Oranguru, L50, M|100/100\n|turn|1\n|\n|t:|1776719755\n|detailschange|p1a: Lopunny|Lopunny-Mega, L50, F\n|-mega|p1a: Lopunny|Lopunny|Lopunnite\n|move|p1a: Lopunny|Fake Out|p2b: Oranguru\n|-damage|p2b: Oranguru|81/100\n|move|p2a: Sneasler|Fake Out|p1a: Lopunny\n|-damage|p1a: Lopunny|82/100\n|move|p1b: Basculegion|Wave Crash|p2a: Sneasler\n|-enditem|p2a: Sneasler|Focus Sash\n|-damage|p2a: Sneasler|1/100\n|-damage|p1b: Basculegion|75/100|[from] Recoil\n|move|p2b: Oranguru|Trick Room|p2b: Oranguru\n|-fieldstart|move: Trick Room|[of] p2b: Oranguru\n|\n|upkeep\n|turn|2\n|inactive|g7ez has 30 seconds left.\n|inactive|Zatell has 30 seconds left.\n|inactive|g7ez has 20 seconds left.\n|inactive|g7ez has 15 seconds left.\n|inactive|g7ez has 10 seconds left.\n|\n|t:|1776719801\n|switch|p2a: Azumarill|Azumarill, L50, F|100/100\n|move|p1a: Lopunny|Protect|p1a: Lopunny\n|-singleturn|p1a: Lopunny|Protect\n|move|p2b: Oranguru|Foul Play|p1b: Basculegion\n|-supereffective|p1b: Basculegion|1\n|-crit|p1b: Basculegion\n|-damage|p1b: Basculegion|0 fnt\n|faint|p1b: Basculegion\n|\n|upkeep\n|\n|t:|1776719819\n|switch|p1b: Gengar|Gengar, L50, F|100/100\n|turn|3\n|\n|t:|1776719830\n|switch|p1a: Kingambit|Kingambit, L50, M|100/100\n|move|p2a: Azumarill|Play Rough|p1a: Kingambit\n|-damage|p1a: Kingambit|58/100\n|-unboost|p1a: Kingambit|atk|1\n|-ability|p1a: Kingambit|Defiant|boost\n|-boost|p1a: Kingambit|atk|2\n|move|p2b: Oranguru|Foul Play|p1b: Gengar\n|-supereffective|p1b: Gengar|1\n|-damage|p1b: Gengar|41/100\n|-start|p2b: Oranguru|Disable|Foul Play|[from] ability: Cursed Body|[of] p1b: Gengar\n|-enditem|p2b: Oranguru|Mental Herb\n|-end|p2b: Oranguru|Disable\n|move|p1b: Gengar|Sludge Wave|p2b: Oranguru|[spread] p2a,p2b\n|-immune|p1a: Kingambit\n|-supereffective|p2a: Azumarill|1\n|-damage|p2a: Azumarill|30/100\n|-damage|p2b: Oranguru|56/100\n|-enditem|p2a: Azumarill|Sitrus Berry|[eat]\n|-heal|p2a: Azumarill|54/100|[from] item: Sitrus Berry\n|\n|upkeep\n|turn|4\n|inactive|g7ez has 30 seconds left.\n|inactive|Zatell has 30 seconds left.\n|\n|t:|1776719860\n|move|p1b: Gengar|Protect|p1b: Gengar\n|-singleturn|p1b: Gengar|Protect\n|move|p1a: Kingambit|Sucker Punch|p2a: Azumarill\n|-resisted|p2a: Azumarill|1\n|-damage|p2a: Azumarill|19/100\n|move|p2a: Azumarill|Play Rough|p1a: Kingambit|[miss]\n|-miss|p2a: Azumarill|p1a: Kingambit\n|move|p2b: Oranguru|Instruct|p2a: Azumarill\n|-singleturn|p2a: Azumarill|move: Instruct|[of] p2b: Oranguru\n|move|p2a: Azumarill|Play Rough|p1a: Kingambit\n|-damage|p1a: Kingambit|14/100\n|\n|upkeep\n|turn|5\n|\n|t:|1776719882\n|switch|p1b: Lopunny|Lopunny-Mega, L50, F|82/100\n|move|p1a: Kingambit|Protect|p1a: Kingambit\n|-singleturn|p1a: Kingambit|Protect\n|move|p2a: Azumarill|Aqua Jet|p1a: Kingambit\n|-activate|p1a: Kingambit|move: Protect\n|move|p2b: Oranguru|Foul Play|p1b: Lopunny\n|-resisted|p1b: Lopunny|1\n|-damage|p1b: Lopunny|58/100\n|\n|-fieldend|move: Trick Room\n|upkeep\n|turn|6\n|inactive|g7ez has 30 seconds left.\n|inactive|Zatell has 30 seconds left.\n|\n|t:|1776719913\n|switch|p2a: Gardevoir|Gardevoir, L50, F|100/100\n|-ability|p2a: Gardevoir|Scrappy|Trace|[from] ability: Trace|[of] p1b: Lopunny\n|move|p1b: Lopunny|Fake Out|p2a: Gardevoir\n|-damage|p2a: Gardevoir|68/100\n|move|p1a: Kingambit|Kowtow Cleave|p2b: Oranguru\n|-supereffective|p2b: Oranguru|1\n|-crit|p2b: Oranguru\n|-damage|p2b: Oranguru|0 fnt\n|faint|p2b: Oranguru\n|\n|upkeep\n|\n|t:|1776719925\n|switch|p2b: Sneasler|Sneasler, L50, F|1/100\n|turn|7\n|\n|t:|1776719947\n|detailschange|p2a: Gardevoir|Gardevoir-Mega, L50, F\n|-mega|p2a: Gardevoir|Gardevoir|Gardevoirite\n|move|p1a: Kingambit|Protect|p1a: Kingambit\n|-singleturn|p1a: Kingambit|Protect\n|move|p2b: Sneasler|Fake Out|p1a: Kingambit\n|-activate|p1a: Kingambit|move: Protect\n|move|p1b: Lopunny|Triple Axel|p2b: Sneasler\n|-damage|p2b: Sneasler|0 fnt\n|faint|p2b: Sneasler\n|-hitcount|p2: Sneasler|1\n|move|p2a: Gardevoir|Hyper Voice|p1b: Lopunny|[spread] p1b\n|-activate|p1a: Kingambit|move: Protect\n|-supereffective|p1b: Lopunny|1\n|-damage|p1b: Lopunny|0 fnt\n|faint|p1b: Lopunny\n|\n|upkeep\n|\n|t:|1776719964\n|switch|p1b: Gengar|Gengar, L50, F|41/100\n|switch|p2b: Azumarill|Azumarill, L50, F|19/100\n|turn|8\n|\n|t:|1776719978\n|move|p1a: Kingambit|Sucker Punch|p2a: Gardevoir\n|-damage|p2a: Gardevoir|0 fnt\n|faint|p2a: Gardevoir\n|move|p2b: Azumarill|Aqua Jet|p1a: Kingambit\n|-damage|p1a: Kingambit|0 fnt\n|faint|p1a: Kingambit\n|move|p1b: Gengar|Sludge Wave|p2b: Azumarill\n|-supereffective|p2b: Azumarill|1\n|-damage|p2b: Azumarill|0 fnt\n|faint|p2b: Azumarill\n|\n|win|g7ez\n|raw|g7ez's rating: 1069 &rarr; <strong>1102</strong><br />(+33 for winning)\n|raw|Zatell's rating: 1110 &rarr; <strong>1082</strong><br />(-28 for losing)\n|l|\u2606Zatell\n|player|p2|\n",
  "uploadtime": 1776719996,
  "views": 5,
  "formatid": "gen9championsvgc2026regma",
  "rating": 1082,
  "private": 0,
  "password": null
}