{
  "id": "gen9championsvgc2026regma-2581393867",
  "format": "[Gen 9 Champions] VGC 2026 Reg M-A",
  "players": [
    "themuggla",
    "Quaza15"
  ],
  "log": "|j|\u2606themuggla\n|j|\u2606Quaza15\n|t:|1775995714\n|gametype|doubles\n|player|p1|themuggla|argenta|1068\n|player|p2|Quaza15|ruinmaniac|1115\n|gen|9\n|tier|[Gen 9 Champions] VGC 2026 Reg M-A\n|rated|\n|rule|Species Clause: Limit one of each Pok\u00e9mon\n|rule|Item Clause: Limit 1 of each item\n|clearpoke\n|poke|p1|Milotic, L50, M|\n|poke|p1|Kingambit, L50, M|\n|poke|p1|Floette-Eternal, L50, F|\n|poke|p1|Aerodactyl, L50, F|\n|poke|p1|Arcanine, L50, M|\n|poke|p1|Abomasnow, L50, F|\n|poke|p2|Froslass, L50, F|\n|poke|p2|Meowscarada, L50, F|\n|poke|p2|Incineroar, L50, M|\n|poke|p2|Garchomp, L50, F|\n|poke|p2|Aerodactyl, L50, F|\n|poke|p2|Rotom-Wash, L50|\n|teampreview|4\n|\n|t:|1775995754\n|teamsize|p1|4\n|teamsize|p2|4\n|start\n|switch|p1a: Milotic|Milotic, L50, M|100/100\n|switch|p1b: Kingambit|Kingambit, L50, M|100/100\n|switch|p2a: Meowscarada|Meowscarada, L50, F|100/100\n|switch|p2b: Froslass|Froslass, L50, F|100/100\n|turn|1\n|\n|t:|1775995777\n|detailschange|p2b: Froslass|Froslass-Mega, L50, F\n|-mega|p2b: Froslass|Froslass|Froslassite\n|-weather|Snowscape|[from] ability: Snow Warning|[of] p2b: Froslass\n|move|p1a: Milotic|Protect|p1a: Milotic\n|-singleturn|p1a: Milotic|Protect\n|move|p2a: Meowscarada|Brick Break|p1b: Kingambit\n|-start|p2a: Meowscarada|typechange|Fighting|[from] ability: Protean\n|-supereffective|p1b: Kingambit|2\n|-enditem|p1b: Kingambit|Chople Berry|[eat]\n|-enditem|p1b: Kingambit|Chople Berry|[weaken]\n|-damage|p1b: Kingambit|48/100\n|move|p2b: Froslass|Aurora Veil|p2b: Froslass\n|-sidestart|p2: Quaza15|move: Aurora Veil\n|move|p1b: Kingambit|Swords Dance|p1b: Kingambit\n|-boost|p1b: Kingambit|atk|2\n|\n|-weather|Snowscape|[upkeep]\n|upkeep\n|turn|2\n|\n|t:|1775995797\n|switch|p2b: Garchomp|Garchomp, L50, F|100/100\n|move|p1b: Kingambit|Sucker Punch|p2a: Meowscarada\n|-resisted|p2a: Meowscarada|1\n|-crit|p2a: Meowscarada\n|-damage|p2a: Meowscarada|10/100\n|move|p2a: Meowscarada|Flower Trick|p1a: Milotic\n|-supereffective|p1a: Milotic|1\n|-crit|p1a: Milotic\n|-damage|p1a: Milotic|31/100\n|move|p1a: Milotic|Muddy Water|p2a: Meowscarada|[spread] \n|-miss|p1a: Milotic|p2a: Meowscarada\n|-miss|p1a: Milotic|p2b: Garchomp\n|\n|-weather|Snowscape|[upkeep]\n|upkeep\n|turn|3\n|\n|t:|1775995812\n|move|p1a: Milotic|Protect|p1a: Milotic\n|-singleturn|p1a: Milotic|Protect\n|move|p1b: Kingambit|Sucker Punch|p2a: Meowscarada\n|-resisted|p2a: Meowscarada|1\n|-damage|p2a: Meowscarada|0 fnt\n|faint|p2a: Meowscarada\n|move|p2b: Garchomp|Earthquake|p1a: Milotic|[spread] p1b\n|-activate|p1a: Milotic|move: Protect\n|-supereffective|p1b: Kingambit|1\n|-damage|p1b: Kingambit|0 fnt\n|faint|p1b: Kingambit\n|\n|-weather|Snowscape|[upkeep]\n|upkeep\n|\n|t:|1775995824\n|switch|p2a: Rotom|Rotom-Wash, L50|100/100\n|switch|p1b: Floette|Floette-Eternal, L50, F|100/100\n|turn|4\n|\n|t:|1775995832\n|switch|p1a: Abomasnow|Abomasnow, L50, F|100/100\n|detailschange|p1b: Floette|Floette-Mega, L50, F\n|-mega|p1b: Floette|Floette|Floettite\n|-ability|p1b: Floette|Fairy Aura\n|move|p2a: Rotom|Helping Hand|p2b: Garchomp\n|-singleturn|p2b: Garchomp|Helping Hand|[of] p2a: Rotom\n|move|p2b: Garchomp|Earthquake|p1a: Abomasnow|[spread] p1a,p1b\n|-immune|p2a: Rotom|[from] ability: Levitate\n|-resisted|p1a: Abomasnow|1\n|-crit|p1a: Abomasnow\n|-damage|p1a: Abomasnow|74/100\n|-damage|p1b: Floette|34/100\n|move|p1b: Floette|Dazzling Gleam|p2a: Rotom|[spread] p2a,p2b\n|-supereffective|p2b: Garchomp|1\n|-damage|p2a: Rotom|65/100\n|-damage|p2b: Garchomp|35/100\n|\n|-weather|Snowscape|[upkeep]\n|upkeep\n|turn|5\n|\n|t:|1775995856\n|move|p2b: Garchomp|Protect|p2b: Garchomp\n|-singleturn|p2b: Garchomp|Protect\n|move|p1a: Abomasnow|Ice Shard|p2b: Garchomp\n|-activate|p2b: Garchomp|move: Protect\n|move|p1b: Floette|Dazzling Gleam|p2b: Garchomp|[spread] p2a\n|-activate|p2b: Garchomp|move: Protect\n|-damage|p2a: Rotom|27/100\n|-enditem|p2a: Rotom|Sitrus Berry|[eat]\n|-heal|p2a: Rotom|51/100|[from] item: Sitrus Berry\n|move|p2a: Rotom|Hydro Pump|p1a: Abomasnow\n|-resisted|p1a: Abomasnow|1\n|-damage|p1a: Abomasnow|51/100\n|\n|-weather|none\n|-sideend|p2: Quaza15|move: Aurora Veil\n|upkeep\n|turn|6\n|\n|t:|1775995873\n|move|p2a: Rotom|Helping Hand|p2b: Garchomp\n|-singleturn|p2b: Garchomp|Helping Hand|[of] p2a: Rotom\n|move|p1a: Abomasnow|Ice Shard|p2b: Garchomp\n|-supereffective|p2b: Garchomp|2\n|-damage|p2b: Garchomp|0 fnt\n|faint|p2b: Garchomp\n|move|p1b: Floette|Dazzling Gleam|p2a: Rotom\n|-damage|p2a: Rotom|0 fnt\n|faint|p2a: Rotom\n|\n|upkeep\n|\n|t:|1775995879\n|switch|p2b: Froslass|Froslass-Mega, L50, F|100/100\n|-weather|Snowscape|[from] ability: Snow Warning|[of] p2b: Froslass\n|turn|7\n|\n|t:|1775995885\n|move|p2b: Froslass|Blizzard|p1a: Abomasnow|[spread] p1a,p1b\n|-damage|p1a: Abomasnow|11/100\n|-damage|p1b: Floette|2/100\n|move|p1b: Floette|Dazzling Gleam|p2b: Froslass\n|-damage|p2b: Froslass|26/100\n|move|p1a: Abomasnow|Wood Hammer|p2b: Froslass\n|-damage|p2b: Froslass|0 fnt\n|faint|p2b: Froslass\n|-damage|p1a: Abomasnow|4/100|[from] Recoil\n|\n|win|themuggla\n|raw|themuggla's rating: 1068 &rarr; <strong>1102</strong><br />(+34 for winning)\n|raw|Quaza15's rating: 1115 &rarr; <strong>1087</strong><br />(-28 for losing)\n",
  "uploadtime": 1775995885,
  "views": 28,
  "formatid": "gen9championsvgc2026regma",
  "rating": 1087,
  "private": 0,
  "password": null
}