{
  "id": "gen9championsvgc2026regma-2584947171",
  "format": "[Gen 9 Champions] VGC 2026 Reg M-A",
  "players": [
    "bluejayx2",
    "avenged789"
  ],
  "log": "|j|\u203dbluejayx2\n|j|\u2606avenged789\n|t:|1776297110\n|gametype|doubles\n|player|p1|bluejayx2|marley|1034\n|player|p2|avenged789|gentleman-gen4|1098\n|gen|9\n|tier|[Gen 9 Champions] VGC 2026 Reg M-A\n|rated|\n|rule|Species Clause: Limit one of each Pok\u00e9mon\n|rule|Item Clause: Limit 1 of each item\n|clearpoke\n|poke|p1|Pinsir, L50, F|\n|poke|p1|Clefable, L50, F|\n|poke|p1|Absol, L50, F|\n|poke|p1|Charizard, L50, F|\n|poke|p1|Politoed, L50, M|\n|poke|p1|Sableye, L50, F|\n|poke|p2|Delphox, L50, M|\n|poke|p2|Garchomp, L50, M|\n|poke|p2|Whimsicott, L50, F|\n|poke|p2|Sneasler, L50, M|\n|poke|p2|Arcanine, L50, M|\n|poke|p2|Hydreigon, L50, F|\n|teampreview|4\n|inactive|Battle timer is ON: inactive players will automatically lose when time's up. (requested by bluejayx2)\n|inactive|avenged789 has 60 seconds left.\n|\n|t:|1776297168\n|teamsize|p1|4\n|teamsize|p2|4\n|start\n|switch|p1a: Sableye|Sableye, L50, F, shiny|100/100\n|switch|p1b: Clefable|Clefable, L50, F, shiny|100/100\n|switch|p2a: Sneasler|Sneasler, L50, M|100/100\n|switch|p2b: Whimsicott|Whimsicott, L50, F|100/100\n|turn|1\n|inactive|avenged789 has 30 seconds left.\n|\n|t:|1776297194\n|move|p1b: Clefable|Protect|p1b: Clefable\n|-singleturn|p1b: Clefable|Protect\n|move|p2a: Sneasler|Fake Out|p1b: Clefable\n|-activate|p1b: Clefable|move: Protect\n|move|p2b: Whimsicott|Tailwind|p2b: Whimsicott\n|-sidestart|p2: avenged789|move: Tailwind\n|move|p1a: Sableye|Encore|p2b: Whimsicott\n|-start|p2b: Whimsicott|Encore\n|\n|upkeep\n|turn|2\n|\n|t:|1776297216\n|switch|p2b: Garchomp|Garchomp, L50, M|100/100\n|move|p1a: Sableye|Encore|p2a: Sneasler\n|-start|p2a: Sneasler|Encore\n|move|p2a: Sneasler|Fake Out||[still]\n|-hint|Fake Out only works on your first turn out.\n|-fail|p2a: Sneasler\n|move|p1b: Clefable|Moonblast|p2a: Sneasler\n|-crit|p2a: Sneasler\n|-damage|p2a: Sneasler|37/100\n|\n|upkeep\n|turn|3\n|inactive|avenged789 has 30 seconds left.\n|\n|t:|1776297247\n|switch|p2a: Delphox|Delphox, L50, M|100/100\n|move|p2b: Garchomp|Stomping Tantrum|p1a: Sableye\n|-damage|p1a: Sableye|43/100\n|move|p1b: Clefable|Moonblast|p2b: Garchomp\n|-supereffective|p2b: Garchomp|1\n|-crit|p2b: Garchomp\n|-damage|p2b: Garchomp|2/100\n|move|p1a: Sableye|Foul Play|p2b: Garchomp\n|-damage|p2b: Garchomp|0 fnt\n|-damage|p1a: Sableye|31/100|[from] ability: Rough Skin|[of] p2b: Garchomp\n|faint|p2b: Garchomp\n|\n|upkeep\n|\n|t:|1776297264\n|switch|p2b: Sneasler|Sneasler, L50, M|37/100\n|turn|4\n|\n|t:|1776297273\n|detailschange|p2a: Delphox|Delphox-Mega, L50, M\n|-mega|p2a: Delphox|Delphox|Delphoxite\n|move|p2b: Sneasler|Protect|p2b: Sneasler\n|-singleturn|p2b: Sneasler|Protect\n|move|p1b: Clefable|Protect|p1b: Clefable\n|-singleturn|p1b: Clefable|Protect\n|move|p2a: Delphox|Heat Wave|p1a: Sableye|[spread] p1a\n|-activate|p1b: Clefable|move: Protect\n|-damage|p1a: Sableye|0 fnt\n|faint|p1a: Sableye\n|\n|-sideend|p2: avenged789|move: Tailwind\n|upkeep\n|\n|t:|1776297287\n|switch|p1a: Politoed|Politoed, L50, M|100/100\n|-weather|RainDance|[from] ability: Drizzle|[of] p1a: Politoed\n|turn|5\n|\n|t:|1776297298\n|move|p1b: Clefable|Follow Me|p1b: Clefable\n|-singleturn|p1b: Clefable|move: Follow Me\n|move|p2a: Delphox|Hyper Voice|p1b: Clefable|[spread] p1a\n|-miss|p2a: Delphox|p1b: Clefable\n|-damage|p1a: Politoed|81/100\n|move|p2b: Sneasler|Dire Claw|p1b: Clefable\n|-supereffective|p1b: Clefable|1\n|-damage|p1b: Clefable|8/100\n|move|p1a: Politoed|Weather Ball|p2a: Delphox\n|-supereffective|p2a: Delphox|1\n|-damage|p2a: Delphox|3/100\n|\n|-weather|RainDance|[upkeep]\n|upkeep\n|turn|6\n|\n|t:|1776297318\n|switch|p2b: Whimsicott|Whimsicott, L50, F|100/100\n|move|p2a: Delphox|Protect|p2a: Delphox\n|-singleturn|p2a: Delphox|Protect\n|move|p1b: Clefable|Protect|p1b: Clefable\n|-singleturn|p1b: Clefable|Protect\n|move|p1a: Politoed|Icy Wind|p2a: Delphox|[spread] p2b\n|-activate|p2a: Delphox|move: Protect\n|-supereffective|p2b: Whimsicott|1\n|-crit|p2b: Whimsicott\n|-damage|p2b: Whimsicott|66/100\n|-unboost|p2b: Whimsicott|spe|1\n|\n|-weather|RainDance|[upkeep]\n|upkeep\n|turn|7\n|inactive|avenged789 has 30 seconds left.\n|\n|t:|1776297345\n|move|p1b: Clefable|Follow Me|p1b: Clefable\n|-singleturn|p1b: Clefable|move: Follow Me\n|move|p2b: Whimsicott|Sunny Day|p2b: Whimsicott\n|-weather|SunnyDay\n|move|p2a: Delphox|Heat Wave|p1b: Clefable|[spread] p1a,p1b\n|-resisted|p1a: Politoed|1\n|-damage|p1a: Politoed|58/100\n|-damage|p1b: Clefable|0 fnt\n|faint|p1b: Clefable\n|move|p1a: Politoed|Icy Wind|p2b: Whimsicott|[spread] p2a,p2b\n|-resisted|p2a: Delphox|1\n|-supereffective|p2b: Whimsicott|1\n|-damage|p2a: Delphox|0 fnt\n|-damage|p2b: Whimsicott|42/100\n|-unboost|p2b: Whimsicott|spe|1\n|-enditem|p2b: Whimsicott|Sitrus Berry|[eat]\n|-heal|p2b: Whimsicott|66/100|[from] item: Sitrus Berry\n|faint|p2a: Delphox\n|\n|-weather|SunnyDay|[upkeep]\n|upkeep\n|\n|t:|1776297363\n|switch|p2a: Sneasler|Sneasler, L50, M|37/100\n|switch|p1b: Pinsir|Pinsir, L50, F, shiny|100/100\n|turn|8\n|\n|t:|1776297379\n|move|p1b: Pinsir|Protect|p1b: Pinsir\n|-singleturn|p1b: Pinsir|Protect\n|move|p1a: Politoed|Protect|p1a: Politoed\n|-singleturn|p1a: Politoed|Protect\n|move|p2a: Sneasler|Fake Out|p1b: Pinsir\n|-activate|p1b: Pinsir|move: Protect\n|move|p2b: Whimsicott|Tailwind|p2b: Whimsicott\n|-sidestart|p2: avenged789|move: Tailwind\n|\n|-weather|SunnyDay|[upkeep]\n|upkeep\n|turn|9\n|-activate|p1a: Politoed|item: Quick Claw\n|\n|t:|1776297399\n|detailschange|p1b: Pinsir|Pinsir-Mega, L50, F, shiny\n|-mega|p1b: Pinsir|Pinsir|Pinsirite\n|move|p1b: Pinsir|Quick Attack|p2a: Sneasler\n|-supereffective|p2a: Sneasler|1\n|-crit|p2a: Sneasler\n|-damage|p2a: Sneasler|0 fnt\n|faint|p2a: Sneasler\n|move|p2b: Whimsicott|Encore|p1b: Pinsir\n|-start|p1b: Pinsir|Encore\n|move|p1a: Politoed|Weather Ball|p2b: Whimsicott\n|-supereffective|p2b: Whimsicott|1\n|-damage|p2b: Whimsicott|0 fnt\n|faint|p2b: Whimsicott\n|\n|win|bluejayx2\n|raw|bluejayx2's rating: 1034 &rarr; <strong>1075</strong><br />(+41 for winning)\n|raw|avenged789's rating: 1098 &rarr; <strong>1069</strong><br />(-29 for losing)\n|l|\u2606avenged789\n|player|p2|\n",
  "uploadtime": 1776297414,
  "views": 19,
  "formatid": "gen9championsvgc2026regma",
  "rating": 1069,
  "private": 0,
  "password": null
}