{
  "id": "gen9championsvgc2026regma-2588238170",
  "format": "[Gen 9 Champions] VGC 2026 Reg M-A",
  "players": [
    "Reds Revival",
    "Tania Irochi"
  ],
  "log": "|j|\u2606Reds Revival\n|j|\u2606Tania Irochi\n|t:|1776617055\n|gametype|doubles\n|player|p1|Reds Revival|red|1168\n|player|p2|Tania Irochi|lady-gen6|1111\n|gen|9\n|tier|[Gen 9 Champions] VGC 2026 Reg M-A\n|rated|\n|rule|Species Clause: Limit one of each Pok\u00e9mon\n|rule|Item Clause: Limit 1 of each item\n|clearpoke\n|poke|p1|Archaludon, L50, F|\n|poke|p1|Aerodactyl, L50, F|\n|poke|p1|Maushold-Four, L50|\n|poke|p1|Gallade, L50, M|\n|poke|p1|Typhlosion-Hisui, L50, M|\n|poke|p1|Tauros-Paldea-Aqua, L50, M|\n|poke|p2|Meganium, L50, F|\n|poke|p2|Pelipper, L50, M|\n|poke|p2|Archaludon, L50, M|\n|poke|p2|Beartic, L50, M|\n|poke|p2|Garchomp, L50, F|\n|poke|p2|Klefki, L50, F|\n|teampreview|4\n|\n|t:|1776617071\n|teamsize|p1|4\n|teamsize|p2|4\n|start\n|switch|p1a: Gallade|Gallade, L50, M|100/100\n|switch|p1b: Maushold|Maushold-Four, L50|100/100\n|switch|p2a: Pelipper|Pelipper, L50, M|100/100\n|switch|p2b: Beartic|Beartic, L50, M|100/100\n|-weather|RainDance|[from] ability: Drizzle|[of] p2a: Pelipper\n|turn|1\n|\n|t:|1776617082\n|move|p2b: Beartic|Liquidation|p1a: Gallade\n|-damage|p1a: Gallade|50/100\n|-unboost|p1a: Gallade|def|1\n|move|p1b: Maushold|Beat Up|p1a: Gallade\n|-damage|p1a: Gallade|46/100\n|-ability|p1a: Gallade|Justified|boost\n|-boost|p1a: Gallade|atk|1\n|-crit|p1a: Gallade\n|-damage|p1a: Gallade|40/100\n|-ability|p1a: Gallade|Justified|boost\n|-boost|p1a: Gallade|atk|1\n|-damage|p1a: Gallade|36/100\n|-ability|p1a: Gallade|Justified|boost\n|-boost|p1a: Gallade|atk|1\n|-damage|p1a: Gallade|32/100\n|-ability|p1a: Gallade|Justified|boost\n|-boost|p1a: Gallade|atk|1\n|-hitcount|p1a: Gallade|4\n|move|p1a: Gallade|Agility|p1a: Gallade\n|-boost|p1a: Gallade|spe|2\n|move|p2a: Pelipper|Tailwind|p2a: Pelipper\n|-sidestart|p2: Tania Irochi|move: Tailwind\n|\n|-weather|RainDance|[upkeep]\n|upkeep\n|turn|2\n|\n|t:|1776617110\n|detailschange|p1a: Gallade|Gallade-Mega, L50, M\n|-mega|p1a: Gallade|Gallade|Galladite\n|move|p1b: Maushold|Follow Me|p1b: Maushold\n|-singleturn|p1b: Maushold|move: Follow Me\n|move|p2b: Beartic|Liquidation|p1b: Maushold\n|-damage|p1b: Maushold|32/100\n|move|p1a: Gallade|Drain Punch|p2b: Beartic\n|-supereffective|p2b: Beartic|1\n|-damage|p2b: Beartic|0 fnt\n|-heal|p1a: Gallade|81/100|[from] drain|[of] p2b: Beartic\n|faint|p2b: Beartic\n|move|p2a: Pelipper|Hurricane|p1b: Maushold\n|-damage|p1b: Maushold|0 fnt\n|faint|p1b: Maushold\n|\n|-weather|RainDance|[upkeep]\n|upkeep\n|\n|t:|1776617122\n|switch|p1b: Aerodactyl|Aerodactyl, L50, F|100/100\n|switch|p2b: Meganium|Meganium, L50, F|100/100\n|-ability|p1b: Aerodactyl|Unnerve\n|turn|3\n|\n|t:|1776617133\n|detailschange|p2b: Meganium|Meganium-Mega, L50, F\n|-mega|p2b: Meganium|Meganium|Meganiumite\n|move|p1a: Gallade|Zen Headbutt|p2b: Meganium\n|-damage|p2b: Meganium|0 fnt\n|faint|p2b: Meganium\n|move|p1b: Aerodactyl|Tailwind|p1b: Aerodactyl\n|-sidestart|p1: Reds Revival|move: Tailwind\n|move|p2a: Pelipper|Hurricane|p1a: Gallade\n|-supereffective|p1a: Gallade|1\n|-damage|p1a: Gallade|16/100\n|-start|p1a: Gallade|confusion\n|\n|-weather|RainDance|[upkeep]\n|upkeep\n|\n|t:|1776617144\n|switch|p2b: Archaludon|Archaludon, L50, M|100/100\n|turn|4\n|\n|t:|1776617154\n|-activate|p1a: Gallade|confusion\n|move|p1a: Gallade|Drain Punch|p2b: Archaludon\n|-supereffective|p2b: Archaludon|1\n|-damage|p2b: Archaludon|0 fnt\n|-heal|p1a: Gallade|72/100|[from] drain|[of] p2b: Archaludon\n|faint|p2b: Archaludon\n|move|p1b: Aerodactyl|Dual Wingbeat|p2a: Pelipper\n|-damage|p2a: Pelipper|86/100\n|-damage|p2a: Pelipper|71/100\n|-hitcount|p2a: Pelipper|2\n|move|p2a: Pelipper|Weather Ball|p1b: Aerodactyl\n|-supereffective|p1b: Aerodactyl|1\n|-enditem|p1b: Aerodactyl|Focus Sash\n|-damage|p1b: Aerodactyl|1/100\n|\n|-weather|RainDance|[upkeep]\n|-sideend|p2: Tania Irochi|move: Tailwind\n|upkeep\n|turn|5\n|-message|Tania Irochi forfeited.\n|\n|win|Reds Revival\n|raw|Reds Revival's rating: 1168 &rarr; <strong>1189</strong><br />(+21 for winning)\n|raw|Tania Irochi's rating: 1111 &rarr; <strong>1090</strong><br />(-21 for losing)\n|l|\u2606Tania Irochi\n|player|p2|\n",
  "uploadtime": 1776617168,
  "views": 19,
  "formatid": "gen9championsvgc2026regma",
  "rating": 1090,
  "private": 0,
  "password": null
}