{
  "id": "gen9championsvgc2026regma-2581221889",
  "format": "[Gen 9 Champions] VGC 2026 Reg M-A",
  "players": [
    "Adicire",
    "StrikerMohamud"
  ],
  "log": "|j|\u2606Adicire\n|j|\u2606StrikerMohamud\n|t:|1775972603\n|gametype|doubles\n|player|p1|Adicire|102|1166\n|player|p2|StrikerMohamud|unknown|1091\n|gen|9\n|tier|[Gen 9 Champions] VGC 2026 Reg M-A\n|rated|\n|rule|Species Clause: Limit one of each Pok\u00e9mon\n|rule|Item Clause: Limit 1 of each item\n|clearpoke\n|poke|p1|Tyranitar, L50, M|\n|poke|p1|Excadrill, L50, M|\n|poke|p1|Sneasler, L50, F|\n|poke|p1|Incineroar, L50, M|\n|poke|p1|Sinistcha, L50|\n|poke|p1|Dragapult, L50, M|\n|poke|p2|Kangaskhan, L50, F|\n|poke|p2|Incineroar, L50, F|\n|poke|p2|Azumarill, L50, M|\n|poke|p2|Froslass, L50, F|\n|poke|p2|Garchomp, L50, F|\n|poke|p2|Talonflame, L50, M|\n|teampreview|4\n|\n|t:|1775972676\n|teamsize|p1|4\n|teamsize|p2|4\n|start\n|switch|p1a: Tyranitar|Tyranitar, L50, M|100/100\n|switch|p1b: Dragapult|Dragapult, L50, M|100/100\n|switch|p2a: Talonflame|Talonflame, L50, M, shiny|100/100\n|switch|p2b: Garchomp|Garchomp, L50, F|100/100\n|-weather|Sandstorm|[from] ability: Sand Stream|[of] p1a: Tyranitar\n|turn|1\n|\n|t:|1775972691\n|move|p2a: Talonflame|Tailwind|p2a: Talonflame\n|-sidestart|p2: StrikerMohamud|move: Tailwind\n|move|p2b: Garchomp|Earthquake|p1b: Dragapult|[spread] p1a,p1b\n|-immune|p2a: Talonflame\n|-supereffective|p1a: Tyranitar|1\n|-damage|p1a: Tyranitar|19/100\n|-damage|p1b: Dragapult|32/100\n|move|p1b: Dragapult|Draco Meteor|p2b: Garchomp\n|-supereffective|p2b: Garchomp|1\n|-damage|p2b: Garchomp|0 fnt\n|-unboost|p1b: Dragapult|spa|2\n|faint|p2b: Garchomp\n|move|p1a: Tyranitar|Rock Slide|p2a: Talonflame|[miss]\n|-miss|p1a: Tyranitar|p2a: Talonflame\n|\n|-weather|Sandstorm|[upkeep]\n|-damage|p2a: Talonflame|95/100|[from] Sandstorm\n|-damage|p1b: Dragapult|26/100|[from] Sandstorm\n|upkeep\n|\n|t:|1775972705\n|switch|p2b: Azumarill|Azumarill, L50, M, shiny|100/100\n|turn|2\n|c|\u2606Adicire|Aaaaaaaa\n|\n|t:|1775972740\n|move|p1a: Tyranitar|Protect|p1a: Tyranitar\n|-singleturn|p1a: Tyranitar|Protect\n|move|p2a: Talonflame|Dual Wingbeat|p1b: Dragapult\n|-damage|p1b: Dragapult|0 fnt\n|faint|p1b: Dragapult\n|-hitcount|p1: Dragapult|1\n|move|p2b: Azumarill|Belly Drum|p2b: Azumarill\n|-damage|p2b: Azumarill|50/100\n|-setboost|p2b: Azumarill|atk|6|[from] move: Belly Drum\n|-enditem|p2b: Azumarill|Sitrus Berry|[eat]\n|-heal|p2b: Azumarill|75/100|[from] item: Sitrus Berry\n|\n|-weather|Sandstorm|[upkeep]\n|-damage|p2a: Talonflame|89/100|[from] Sandstorm\n|-damage|p2b: Azumarill|70/100|[from] Sandstorm\n|upkeep\n|\n|t:|1775972757\n|switch|p1b: Sneasler|Sneasler, L50, F|100/100\n|turn|3\n|\n|t:|1775972782\n|move|p1b: Sneasler|Fake Out|p2b: Azumarill\n|-damage|p2b: Azumarill|53/100\n|cant|p2b: Azumarill|flinch\n|move|p2a: Talonflame|Dual Wingbeat|p1b: Sneasler\n|-supereffective|p1b: Sneasler|1\n|-damage|p1b: Sneasler|42/100\n|-supereffective|p1b: Sneasler|1\n|-damage|p1b: Sneasler|0 fnt\n|faint|p1b: Sneasler\n|-hitcount|p1: Sneasler|2\n|move|p1a: Tyranitar|Rock Slide|p2a: Talonflame|[spread] p2a,p2b\n|-supereffective|p2a: Talonflame|2\n|-damage|p2a: Talonflame|0 fnt\n|-damage|p2b: Azumarill|17/100\n|faint|p2a: Talonflame\n|\n|-weather|Sandstorm|[upkeep]\n|-damage|p2b: Azumarill|11/100|[from] Sandstorm\n|upkeep\n|\n|t:|1775972793\n|switch|p2a: Kangaskhan|Kangaskhan, L50, F|100/100\n|switch|p1b: Incineroar|Incineroar, L50, M|100/100\n|-ability|p1b: Incineroar|Intimidate|boost\n|-fail|p2a: Kangaskhan|unboost|Attack|[from] ability: Scrappy|[of] p2a: Kangaskhan\n|-unboost|p2b: Azumarill|atk|1\n|turn|4\n|\n|t:|1775972805\n|detailschange|p2a: Kangaskhan|Kangaskhan-Mega, L50, F\n|-mega|p2a: Kangaskhan|Kangaskhan|Kangaskhanite\n|detailschange|p1a: Tyranitar|Tyranitar-Mega, L50, M\n|-mega|p1a: Tyranitar|Tyranitar|Tyranitarite\n|move|p2a: Kangaskhan|Fake Out|p1b: Incineroar\n|-damage|p1b: Incineroar|79/100\n|-damage|p1b: Incineroar|74/100\n|-hitcount|p1b: Incineroar|2\n|cant|p1b: Incineroar|flinch\n|move|p2b: Azumarill|Aqua Jet|p1a: Tyranitar\n|-supereffective|p1a: Tyranitar|1\n|-damage|p1a: Tyranitar|0 fnt\n|faint|p1a: Tyranitar\n|\n|-weather|Sandstorm|[upkeep]\n|-damage|p2a: Kangaskhan|94/100|[from] Sandstorm\n|-damage|p2b: Azumarill|5/100|[from] Sandstorm\n|-damage|p1b: Incineroar|68/100|[from] Sandstorm\n|-sideend|p2: StrikerMohamud|move: Tailwind\n|upkeep\n|turn|5\n|-message|Adicire forfeited.\n|\n|win|StrikerMohamud\n",
  "uploadtime": 1775972607,
  "views": 11,
  "formatid": "gen9championsvgc2026regma",
  "rating": null,
  "private": 0,
  "password": null
}