{
  "id": "gen9championsvgc2026regma-2583833880",
  "format": "[Gen 9 Champions] VGC 2026 Reg M-A",
  "players": [
    "policho98",
    "Todo CCT"
  ],
  "log": "|j|\u2606policho98\n|j|\u2606Todo CCT\n|t:|1776201316\n|gametype|doubles\n|player|p1|policho98|pokemonranger|1531\n|player|p2|Todo CCT|giovanni|1430\n|gen|9\n|tier|[Gen 9 Champions] VGC 2026 Reg M-A\n|rated|\n|rule|Species Clause: Limit one of each Pok\u00e9mon\n|rule|Item Clause: Limit 1 of each item\n|clearpoke\n|poke|p1|Garchomp, L50, F|\n|poke|p1|Kingambit, L50, F|\n|poke|p1|Charizard, L50, F|\n|poke|p1|Sneasler, L50, M|\n|poke|p1|Maushold, L50|\n|poke|p1|Dragapult, L50, F|\n|poke|p2|Charizard, L50, F|\n|poke|p2|Venusaur, L50, M|\n|poke|p2|Sneasler, L50, M|\n|poke|p2|Kingambit, L50, M|\n|poke|p2|Farigiraf, L50, F|\n|poke|p2|Torkoal, L50, M|\n|teampreview|4\n|\n|t:|1776201350\n|teamsize|p1|4\n|teamsize|p2|4\n|start\n|switch|p1a: Dragapult|Dragapult, L50, F|100/100\n|switch|p1b: Garchomp|Garchomp, L50, F|100/100\n|switch|p2a: Sneasler|Sneasler, L50, M|100/100\n|switch|p2b: Farigiraf|Farigiraf, L50, F|100/100\n|turn|1\n|\n|t:|1776201366\n|switch|p1b: Charizard|Charizard, L50, F|100/100\n|move|p1a: Dragapult|Psychic Fangs|p2a: Sneasler\n|-supereffective|p2a: Sneasler|2\n|-damage|p2a: Sneasler|0 fnt\n|faint|p2a: Sneasler\n|move|p2b: Farigiraf|Trick Room|p2b: Farigiraf\n|-fieldstart|move: Trick Room|[of] p2b: Farigiraf\n|\n|upkeep\n|j| maliciousdeez\n|\n|t:|1776201375\n|switch|p2a: Torkoal|Torkoal, L50, M|100/100\n|-weather|SunnyDay|[from] ability: Drought|[of] p2a: Torkoal\n|turn|2\n|\n|t:|1776201386\n|detailschange|p1b: Charizard|Charizard-Mega-Y, L50, F\n|-mega|p1b: Charizard|Charizard|Charizardite Y\n|move|p2b: Farigiraf|Helping Hand|p2a: Torkoal\n|-singleturn|p2a: Torkoal|Helping Hand|[of] p2b: Farigiraf\n|move|p2a: Torkoal|Eruption|p1b: Charizard|[spread] p1a,p1b\n|-resisted|p1a: Dragapult|1\n|-resisted|p1b: Charizard|1\n|-damage|p1a: Dragapult|0 fnt\n|-damage|p1b: Charizard|44/100\n|faint|p1a: Dragapult\n|move|p1b: Charizard|Overheat|p2b: Farigiraf\n|-damage|p2b: Farigiraf|1/100\n|-unboost|p1b: Charizard|spa|2\n|\n|-weather|SunnyDay|[upkeep]\n|upkeep\n|\n|t:|1776201405\n|switch|p1a: Garchomp|Garchomp, L50, F|100/100\n|turn|3\n|\n|t:|1776201413\n|move|p2b: Farigiraf|Helping Hand|p2a: Torkoal\n|-singleturn|p2a: Torkoal|Helping Hand|[of] p2b: Farigiraf\n|move|p2a: Torkoal|Eruption|p1b: Charizard|[spread] p1a,p1b\n|-resisted|p1a: Garchomp|1\n|-resisted|p1b: Charizard|1\n|-damage|p1a: Garchomp|37/100\n|-damage|p1b: Charizard|0 fnt\n|faint|p1b: Charizard\n|move|p1a: Garchomp|Stomping Tantrum|p2a: Torkoal\n|-supereffective|p2a: Torkoal|1\n|-damage|p2a: Torkoal|32/100\n|\n|-weather|SunnyDay|[upkeep]\n|upkeep\n|\n|t:|1776201424\n|switch|p1b: Sneasler|Sneasler, L50, M|100/100\n|turn|4\n|\n|t:|1776201433\n|move|p2b: Farigiraf|Helping Hand|p2a: Torkoal\n|-singleturn|p2a: Torkoal|Helping Hand|[of] p2b: Farigiraf\n|move|p2a: Torkoal|Heat Wave|p1b: Sneasler|[spread] p1a,p1b\n|-resisted|p1a: Garchomp|1\n|-damage|p1a: Garchomp|0 fnt\n|-enditem|p1b: Sneasler|Focus Sash\n|-damage|p1b: Sneasler|1/100\n|faint|p1a: Garchomp\n|move|p1b: Sneasler|Close Combat|p2a: Torkoal\n|-damage|p2a: Torkoal|0 fnt\n|-unboost|p1b: Sneasler|def|1\n|-unboost|p1b: Sneasler|spd|1\n|faint|p2a: Torkoal\n|\n|-weather|SunnyDay|[upkeep]\n|upkeep\n|inactive|Battle timer is ON: inactive players will automatically lose when time's up. (requested by policho98)\n|\n|t:|1776201456\n|switch|p2a: Kingambit|Kingambit, L50, M|100/100\n|turn|5\n|\n|t:|1776201463\n|move|p2b: Farigiraf|Twin Beam|p1b: Sneasler\n|-supereffective|p1b: Sneasler|2\n|-damage|p1b: Sneasler|0 fnt\n|faint|p1b: Sneasler\n|-hitcount|p1: Sneasler|1\n|\n|win|Todo CCT\n|raw|policho98's rating: 1531 &rarr; <strong>1505</strong><br />(-26 for losing)\n|raw|Todo CCT's rating: 1430 &rarr; <strong>1456</strong><br />(+26 for winning)\n|l|\u2606policho98\n|player|p1|\n",
  "uploadtime": 1776201473,
  "views": 51,
  "formatid": "gen9championsvgc2026regma",
  "rating": 1456,
  "private": 0,
  "password": null
}