{
  "id": "gen9championsvgc2026regma-2582178636",
  "format": "[Gen 9 Champions] VGC 2026 Reg M-A",
  "players": [
    "seidifiori",
    "clammer9"
  ],
  "log": "|j|\u2606seidifiori\n|j|\u2606clammer9\n|t:|1776067940\n|gametype|doubles\n|player|p1|seidifiori|n|1049\n|player|p2|clammer9|101|1083\n|gen|9\n|tier|[Gen 9 Champions] VGC 2026 Reg M-A\n|rated|\n|rule|Species Clause: Limit one of each Pok\u00e9mon\n|rule|Item Clause: Limit 1 of each item\n|clearpoke\n|poke|p1|Greninja-*, L50, M|\n|poke|p1|Basculegion, L50, M|\n|poke|p1|Incineroar, L50, F|\n|poke|p1|Froslass, L50, F|\n|poke|p1|Infernape, L50, M|\n|poke|p1|Liepard, L50, F|\n|poke|p2|Lucario, L50, F|\n|poke|p2|Incineroar, L50, F|\n|poke|p2|Dragapult, L50, F|\n|poke|p2|Goodra, L50, F|\n|poke|p2|Araquanid, L50, M|\n|poke|p2|Medicham, L50, F|\n|teampreview|4\n|inactive|Battle timer is ON: inactive players will automatically lose when time's up. (requested by seidifiori)\n|inactive|clammer9 has 60 seconds left.\nseidifiori rejected open team sheets.\n|\n|t:|1776067979\n|teamsize|p1|4\n|teamsize|p2|4\n|start\n|switch|p1a: Darlene|Froslass, L50, F|100/100\n|switch|p1b: Meowls|Liepard, L50, F|100/100\n|switch|p2a: Incineroar|Incineroar, L50, F|100/100\n|switch|p2b: Goodra|Goodra, L50, F|100/100\n|-ability|p2a: Incineroar|Intimidate|boost\n|-unboost|p1a: Darlene|atk|1\n|-unboost|p1b: Meowls|atk|1\n|turn|1\n|\n|t:|1776068003\n|switch|p1a: Oni|Basculegion, L50, M|100/100\n|move|p1b: Meowls|Charm|p2b: Goodra\n|-unboost|p2b: Goodra|atk|2\n|move|p2b: Goodra|Sunny Day|p2b: Goodra\n|-weather|SunnyDay\n|move|p2a: Incineroar|Flare Blitz|p1a: Oni\n|-resisted|p1a: Oni|1\n|-damage|p1a: Oni|46/100\n|-damage|p2a: Incineroar|81/100|[from] Recoil\n|\n|-weather|SunnyDay|[upkeep]\n|upkeep\n|turn|2\n|inactive|clammer9 has 30 seconds left.\n|inactive|seidifiori has 30 seconds left.\n|\n|t:|1776068044\n|switch|p1a: Metaslave|Incineroar, L50, F|100/100\n|-ability|p1a: Metaslave|Intimidate|boost\n|-unboost|p2a: Incineroar|atk|1\n|-unboost|p2b: Goodra|atk|1\n|move|p1b: Meowls|Charm|p2a: Incineroar\n|-unboost|p2a: Incineroar|atk|2\n|move|p2b: Goodra|Acid Spray|p1a: Metaslave\n|-damage|p1a: Metaslave|93/100\n|-unboost|p1a: Metaslave|spd|2\n|move|p2a: Incineroar|Taunt|p1b: Meowls\n|-start|p1b: Meowls|move: Taunt\n|-enditem|p1b: Meowls|Mental Herb\n|-end|p1b: Meowls|move: Taunt\n|\n|-weather|SunnyDay|[upkeep]\n|upkeep\n|turn|3\n|inactive|seidifiori has 30 seconds left.\n|inactive|clammer9 has 30 seconds left.\n|inactive|seidifiori has 20 seconds left.\n|\n|t:|1776068080\n|switch|p1b: Oni|Basculegion, L50, M|46/100\n|move|p1a: Metaslave|Fake Out|p2a: Incineroar\n|-damage|p2a: Incineroar|68/100\n|move|p2b: Goodra|Acid Spray|p1a: Metaslave\n|-damage|p1a: Metaslave|78/100\n|-unboost|p1a: Metaslave|spd|2\n|cant|p2a: Incineroar|flinch\n|\n|-weather|SunnyDay|[upkeep]\n|upkeep\n|turn|4\n|\n|t:|1776068102\n|move|p1b: Oni|Wave Crash|p2a: Incineroar\n|-supereffective|p2a: Incineroar|1\n|-damage|p2a: Incineroar|0 fnt\n|faint|p2a: Incineroar\n|-damage|p1b: Oni|25/100|[from] Recoil\n|move|p2b: Goodra|Flamethrower|p1a: Metaslave\n|-resisted|p1a: Metaslave|1\n|-damage|p1a: Metaslave|41/100\n|move|p1a: Metaslave|Parting Shot|p2b: Goodra\n|-unboost|p2b: Goodra|atk|1\n|-unboost|p2b: Goodra|spa|1\n|\n|t:|1776068117\n|switch|p1a: Darlene|Froslass, L50, F|100/100|[from] Parting Shot\n|\n|-weather|SunnyDay|[upkeep]\n|upkeep\n|\n|t:|1776068122\n|switch|p2a: Araquanid|Araquanid, L50, M|100/100\n|turn|5\n|\n|t:|1776068127\n|switch|p1b: Meowls|Liepard, L50, F|100/100\n|detailschange|p1a: Darlene|Froslass-Mega, L50, F\n|-mega|p1a: Darlene|Froslass|Froslassite\n|-weather|Snowscape|[from] ability: Snow Warning|[of] p1a: Darlene\n|move|p1a: Darlene|Aurora Veil|p1a: Darlene\n|-sidestart|p1: seidifiori|move: Aurora Veil\n|move|p2b: Goodra|Flamethrower|p1a: Darlene\n|-supereffective|p1a: Darlene|1\n|-damage|p1a: Darlene|73/100\n|move|p2a: Araquanid|Liquidation|p1b: Meowls\n|-damage|p1b: Meowls|32/100\n|\n|-weather|Snowscape|[upkeep]\n|upkeep\n|turn|6\n|\n|t:|1776068142\n|move|p2a: Araquanid|Wide Guard|p2a: Araquanid\n|-singleturn|p2a: Araquanid|Wide Guard\n|move|p1a: Darlene|Nasty Plot|p1a: Darlene\n|-boost|p1a: Darlene|spa|2\n|move|p1b: Meowls|Attract|p2a: Araquanid\n|-start|p2a: Araquanid|Attract\n|move|p2b: Goodra|Sunny Day|p2b: Goodra\n|-weather|SunnyDay\n|\n|-weather|SunnyDay|[upkeep]\n|upkeep\n|turn|7\n|\n|t:|1776068163\n|switch|p2a: Medicham|Medicham, L50, F|100/100\n|move|p1a: Darlene|Shadow Ball|p2a: Medicham\n|-supereffective|p2a: Medicham|1\n|-damage|p2a: Medicham|0 fnt\n|faint|p2a: Medicham\n|move|p1b: Meowls|Charm|p2b: Goodra\n|-unboost|p2b: Goodra|atk|2\n|move|p2b: Goodra|Flamethrower|p1b: Meowls\n|-damage|p1b: Meowls|5/100\n|\n|-weather|SunnyDay|[upkeep]\n|upkeep\n|\n|t:|1776068174\n|switch|p2a: Araquanid|Araquanid, L50, M|100/100\n|turn|8\n|\n|t:|1776068183\n|move|p2a: Araquanid|Protect|p2a: Araquanid\n|-singleturn|p2a: Araquanid|Protect\n|move|p1a: Darlene|Shadow Ball|p2a: Araquanid\n|-activate|p2a: Araquanid|move: Protect\n|move|p1b: Meowls|Attract|p2a: Araquanid\n|-activate|p2a: Araquanid|move: Protect\n|move|p2b: Goodra|Flamethrower|p1b: Meowls\n|-damage|p1b: Meowls|0 fnt\n|faint|p1b: Meowls\n|\n|-weather|SunnyDay|[upkeep]\n|upkeep\n|\n|t:|1776068193\n|switch|p1b: Metaslave|Incineroar, L50, F|41/100\n|-ability|p1b: Metaslave|Intimidate|boost\n|-unboost|p2a: Araquanid|atk|1\n|-unboost|p2b: Goodra|atk|0\n|turn|9\n|\n|t:|1776068217\n|move|p1b: Metaslave|Fake Out|p2a: Araquanid\n|-damage|p2a: Araquanid|89/100\n|move|p1a: Darlene|Shadow Ball|p2a: Araquanid\n|-damage|p2a: Araquanid|23/100\n|move|p2b: Goodra|Acid Spray|p1a: Darlene\n|-resisted|p1a: Darlene|1\n|-damage|p1a: Darlene|69/100\n|-unboost|p1a: Darlene|spd|2\n|cant|p2a: Araquanid|flinch\n|\n|-weather|SunnyDay|[upkeep]\n|-sideend|p1: seidifiori|move: Aurora Veil\n|upkeep\n|turn|10\n|-activate|p1b: Metaslave|item: Quick Claw\n|\n|t:|1776068234\n|move|p2a: Araquanid|Protect|p2a: Araquanid\n|-singleturn|p2a: Araquanid|Protect\n|move|p1b: Metaslave|Darkest Lariat|p2a: Araquanid\n|-activate|p2a: Araquanid|move: Protect\n|move|p1a: Darlene|Shadow Ball|p2b: Goodra\n|-damage|p2b: Goodra|56/100\n|move|p2b: Goodra|Flamethrower|p1a: Darlene\n|-supereffective|p1a: Darlene|1\n|-damage|p1a: Darlene|0 fnt\n|faint|p1a: Darlene\n|\n|-weather|none\n|upkeep\n|\n|t:|1776068242\n|switch|p1a: Oni|Basculegion, L50, M|25/100\n|turn|11\n|\n|t:|1776068261\n|move|p1a: Oni|Wave Crash|p2a: Araquanid\n|-resisted|p2a: Araquanid|1\n|-crit|p2a: Araquanid\n|-damage|p2a: Araquanid|0 fnt\n|faint|p2a: Araquanid\n|-damage|p1a: Oni|19/100|[from] Recoil\n|move|p2b: Goodra|Flamethrower|p1a: Oni\n|-resisted|p1a: Oni|1\n|-damage|p1a: Oni|10/100\n|-status|p1a: Oni|brn\n|move|p1b: Metaslave|Darkest Lariat|p2b: Goodra\n|-crit|p2b: Goodra\n|-damage|p2b: Goodra|0 fnt\n|-ability|p2b: Goodra|Gooey\n|-unboost|p1b: Metaslave|spe|1\n|faint|p2b: Goodra\n|\n|win|seidifiori\n|raw|seidifiori's rating: 1049 &rarr; <strong>1085</strong><br />(+36 for winning)\n|raw|clammer9's rating: 1083 &rarr; <strong>1058</strong><br />(-25 for losing)\n|c|\u2606clammer9|gg\n|c|\u2606seidifiori|gg\n|l|\u2606seidifiori\n|player|p1|\n",
  "uploadtime": 1776068279,
  "views": 9,
  "formatid": "gen9championsvgc2026regma",
  "rating": 1058,
  "private": 0,
  "password": null
}