{
  "id": "gen9championsvgc2026regma-2583848205",
  "format": "[Gen 9 Champions] VGC 2026 Reg M-A",
  "players": [
    "Schlesi",
    "MelloJelloLol"
  ],
  "log": "|j|\u2606Schlesi\n|j|\u203dMelloJelloLol\n|t:|1776202427\n|gametype|doubles\n|player|p1|Schlesi|265|1342\n|player|p2|MelloJelloLol|rosa|1275\n|gen|9\n|tier|[Gen 9 Champions] VGC 2026 Reg M-A\n|rated|\n|rule|Species Clause: Limit one of each Pok\u00e9mon\n|rule|Item Clause: Limit 1 of each item\n|clearpoke\n|poke|p1|Tyrantrum, L50, M|\n|poke|p1|Tyranitar, L50, F|\n|poke|p1|Incineroar, L50, F|\n|poke|p1|Chimecho, L50, F|\n|poke|p1|Tsareena, L50, F|\n|poke|p1|Milotic, L50, F|\n|poke|p2|Gengar, L50, F|\n|poke|p2|Incineroar, L50, F|\n|poke|p2|Whimsicott, L50, M|\n|poke|p2|Sinistcha, L50|\n|poke|p2|Kommo-o, L50, M|\n|poke|p2|Politoed, L50, F|\n|teampreview|4\n|inactive|Battle timer is ON: inactive players will automatically lose when time's up. (requested by Schlesi)\n|inactive|MelloJelloLol has 60 seconds left.\n|\n|t:|1776202468\n|teamsize|p1|4\n|teamsize|p2|4\n|start\n|switch|p1a: Chimecho|Chimecho, L50, F|100/100\n|switch|p1b: Tsareena|Tsareena, L50, F|100/100\n|switch|p2a: Incineroar|Incineroar, L50, F|100/100\n|switch|p2b: Gengar|Gengar, L50, F, shiny|100/100\n|-ability|p2a: Incineroar|Intimidate|boost\n|-unboost|p1a: Chimecho|atk|1\n|-unboost|p1b: Tsareena|atk|1\n|-enditem|p1b: Tsareena|White Herb\n|-clearnegativeboost|p1b: Tsareena|[silent]\n|turn|1\n|\n|t:|1776202491\n|detailschange|p2b: Gengar|Gengar-Mega, L50, F, shiny\n|-mega|p2b: Gengar|Gengar|Gengarite\n|detailschange|p1a: Chimecho|Chimecho-Mega, L50, F\n|-mega|p1a: Chimecho|Chimecho|Chimechite\n|move|p2b: Gengar|Protect|p2b: Gengar\n|-singleturn|p2b: Gengar|Protect\n|move|p1b: Tsareena|Zen Headbutt|p2b: Gengar\n|-activate|p2b: Gengar|move: Protect\n|move|p2a: Incineroar|Parting Shot|p1b: Tsareena\n|-unboost|p1b: Tsareena|atk|1\n|-unboost|p1b: Tsareena|spa|1\n|\n|t:|1776202504\n|switch|p2a: Sinistcha|Sinistcha, L50|100/100|[from] Parting Shot\n|move|p1a: Chimecho|Trick Room|p1a: Chimecho\n|-fieldstart|move: Trick Room|[of] p1a: Chimecho\n|\n|upkeep\n|turn|2\n|\n|t:|1776202523\n|move|p2a: Sinistcha|Rage Powder|p2a: Sinistcha\n|-singleturn|p2a: Sinistcha|move: Rage Powder\n|move|p1a: Chimecho|Psychic|p2a: Sinistcha\n|-damage|p2a: Sinistcha|53/100\n|move|p1b: Tsareena|Taunt|p2a: Sinistcha\n|-start|p2a: Sinistcha|move: Taunt\n|move|p2b: Gengar|Perish Song|p2b: Gengar\n|-start|p1a: Chimecho|perish3|[silent]\n|-start|p1b: Tsareena|perish3|[silent]\n|-start|p2a: Sinistcha|perish3|[silent]\n|-start|p2b: Gengar|perish3|[silent]\n|-fieldactivate|move: Perish Song\n|\n|-start|p1a: Chimecho|perish3\n|-start|p2a: Sinistcha|perish3\n|-start|p1b: Tsareena|perish3\n|-start|p2b: Gengar|perish3\n|upkeep\n|turn|3\n|inactive|Schlesi has 30 seconds left.\n|inactive|MelloJelloLol has 30 seconds left.\n|\n|t:|1776202557\n|switch|p2a: Politoed|Politoed, L50, F|100/100\n|-weather|RainDance|[from] ability: Drizzle|[of] p2a: Politoed\n|move|p2b: Gengar|Protect|p2b: Gengar\n|-singleturn|p2b: Gengar|Protect\n|move|p1a: Chimecho|Psychic|p2a: Politoed\n|-damage|p2a: Politoed|50/100\n|move|p1b: Tsareena|Zen Headbutt|p2a: Politoed\n|-damage|p2a: Politoed|30/100\n|\n|-weather|RainDance|[upkeep]\n|-heal|p2a: Politoed|36/100|[from] item: Leftovers\n|-start|p1a: Chimecho|perish2\n|-start|p1b: Tsareena|perish2\n|-start|p2b: Gengar|perish2\n|upkeep\n|turn|4\n|inactive|MelloJelloLol has 30 seconds left.\n|inactive|MelloJelloLol has 20 seconds left.\n|inactive|MelloJelloLol has 15 seconds left.\n|\n|t:|1776202600\n|switch|p2b: Sinistcha|Sinistcha, L50|53/100\n|-heal|p2a: Politoed|60/100|[from] ability: Hospitality|[of] p2b: Sinistcha\n|move|p1a: Chimecho|Psychic|p2b: Sinistcha\n|-damage|p2b: Sinistcha|7/100\n|move|p1b: Tsareena|Taunt|p2a: Politoed\n|-start|p2a: Politoed|move: Taunt\n|move|p2a: Politoed|Weather Ball|p1a: Chimecho\n|-damage|p1a: Chimecho|51/100\n|\n|-weather|RainDance|[upkeep]\n|-heal|p2a: Politoed|66/100|[from] item: Leftovers\n|-start|p1a: Chimecho|perish1\n|-start|p1b: Tsareena|perish1\n|upkeep\n|turn|5\n|\n|t:|1776202624\n|switch|p1a: Tyranitar|Tyranitar, L50, F|100/100\n|-weather|Sandstorm|[from] ability: Sand Stream|[of] p1a: Tyranitar\n|switch|p2b: Gengar|Gengar-Mega, L50, F, shiny|100/100\n|switch|p1b: Tyrantrum|Tyrantrum, L50, M|100/100\n|move|p2a: Politoed|Weather Ball|p1a: Tyranitar\n|-damage|p1a: Tyranitar|87/100\n|\n|-weather|Sandstorm|[upkeep]\n|-damage|p2a: Politoed|60/100|[from] Sandstorm\n|-damage|p2b: Gengar|95/100|[from] Sandstorm\n|-heal|p2a: Politoed|66/100|[from] item: Leftovers\n|-fieldend|move: Trick Room\n|upkeep\n|turn|6\n|\n|t:|1776202634\n|switch|p2a: Incineroar|Incineroar, L50, F|100/100\n|-ability|p2a: Incineroar|Intimidate|boost\n|-unboost|p1a: Tyranitar|atk|1\n|-unboost|p1b: Tyrantrum|atk|1\n|move|p2b: Gengar|Protect|p2b: Gengar\n|-singleturn|p2b: Gengar|Protect\n|move|p1b: Tyrantrum|Head Smash|p2a: Incineroar\n|-supereffective|p2a: Incineroar|1\n|-damage|p2a: Incineroar|0 fnt\n|faint|p2a: Incineroar\n|move|p1a: Tyranitar|Knock Off|p2b: Gengar\n|-activate|p2b: Gengar|move: Protect\n|\n|-weather|Sandstorm|[upkeep]\n|-damage|p2b: Gengar|89/100|[from] Sandstorm\n|upkeep\n|\n|t:|1776202644\n|switch|p2a: Politoed|Politoed, L50, F|66/100\n|-weather|RainDance|[from] ability: Drizzle|[of] p2a: Politoed\n|turn|7\n|\n|t:|1776202657\n|move|p2b: Gengar|Disable|p1b: Tyrantrum\n|-start|p1b: Tyrantrum|Disable|Head Smash\n|move|p2a: Politoed|Weather Ball|p1a: Tyranitar\n|-supereffective|p1a: Tyranitar|1\n|-damage|p1a: Tyranitar|0 fnt\n|faint|p1a: Tyranitar\n|cant|p1b: Tyrantrum|Disable|Head Smash\n|\n|-weather|RainDance|[upkeep]\n|-heal|p2a: Politoed|72/100|[from] item: Leftovers\n|upkeep\n|\n|t:|1776202665\n|switch|p1a: Chimecho|Chimecho-Mega, L50, F|51/100\n|turn|8\n|\n|t:|1776202689\n|move|p1a: Chimecho|Protect|p1a: Chimecho\n|-singleturn|p1a: Chimecho|Protect\n|move|p2b: Gengar|Shadow Ball|p1a: Chimecho\n|-activate|p1a: Chimecho|move: Protect\n|move|p2a: Politoed|Weather Ball|p1b: Tyrantrum\n|-damage|p1b: Tyrantrum|29/100\n|move|p1b: Tyrantrum|Dragon Claw|p2b: Gengar\n|-damage|p2b: Gengar|53/100\n|\n|-weather|RainDance|[upkeep]\n|-heal|p2a: Politoed|78/100|[from] item: Leftovers\n|upkeep\n|turn|9\n|\n|t:|1776202702\n|move|p1b: Tyrantrum|Protect|p1b: Tyrantrum\n|-singleturn|p1b: Tyrantrum|Protect\n|move|p2b: Gengar|Shadow Ball|p1a: Chimecho\n|-supereffective|p1a: Chimecho|1\n|-damage|p1a: Chimecho|0 fnt\n|faint|p1a: Chimecho\n|move|p2a: Politoed|Weather Ball|p1b: Tyrantrum\n|-activate|p1b: Tyrantrum|move: Protect\n|\n|-weather|RainDance|[upkeep]\n|-heal|p2a: Politoed|84/100|[from] item: Leftovers\n|upkeep\n|\n|t:|1776202715\n|switch|p1a: Tsareena|Tsareena, L50, F|100/100\n|turn|10\n|inactive|MelloJelloLol has 30 seconds left.\n|inactive|MelloJelloLol has 20 seconds left.\n|\n|t:|1776202750\n|move|p2b: Gengar|Protect|p2b: Gengar\n|-singleturn|p2b: Gengar|Protect\n|move|p2a: Politoed|Perish Song|p2a: Politoed\n|-start|p1a: Tsareena|perish3|[silent]\n|-start|p1b: Tyrantrum|perish3|[silent]\n|-start|p2a: Politoed|perish3|[silent]\n|-start|p2b: Gengar|perish3|[silent]\n|-fieldactivate|move: Perish Song\n|move|p1a: Tsareena|Zen Headbutt|p2b: Gengar\n|-activate|p2b: Gengar|move: Protect\n|move|p1b: Tyrantrum|Dragon Claw|p2a: Politoed\n|-damage|p2a: Politoed|50/100\n|\n|-weather|RainDance|[upkeep]\n|-heal|p2a: Politoed|56/100|[from] item: Leftovers\n|-end|p1b: Tyrantrum|Disable\n|-start|p2b: Gengar|perish3\n|-start|p2a: Politoed|perish3\n|-start|p1a: Tsareena|perish3\n|-start|p1b: Tyrantrum|perish3\n|upkeep\n|turn|11\n|l|\u2606Schlesi\n|inactive|Schlesi disconnected and has a minute to reconnect!\n|player|p1|\n|j|\u2606Schlesi\n|inactive|Schlesi reconnected and has 35 seconds left.\n|player|p1|Schlesi|265|\n|inactive|Schlesi has 30 seconds left.\n|inactive|MelloJelloLol has 30 seconds left.\n|inactive|Schlesi has 20 seconds left.\n|inactive|MelloJelloLol has 20 seconds left.\n|inactive|Schlesi has 15 seconds left.\n|inactive|MelloJelloLol has 15 seconds left.\n|inactive|Schlesi has 10 seconds left.\n|inactive|Schlesi has 5 seconds left.\n|\n|t:|1776202804\n|move|p2b: Gengar|Disable|p1a: Tsareena\n|-start|p1a: Tsareena|Disable|Zen Headbutt\n|move|p2a: Politoed|Weather Ball|p1b: Tyrantrum\n|-damage|p1b: Tyrantrum|0 fnt\n|faint|p1b: Tyrantrum\n|cant|p1a: Tsareena|Disable|Zen Headbutt\n|\n|-weather|none\n|-heal|p2a: Politoed|62/100|[from] item: Leftovers\n|-start|p2b: Gengar|perish2\n|-start|p2a: Politoed|perish2\n|-start|p1a: Tsareena|perish2\n|upkeep\n|turn|12\n|\n|t:|1776202820\n|move|p2b: Gengar|Protect|p2b: Gengar\n|-singleturn|p2b: Gengar|Protect\n|move|p2a: Politoed|Encore|p1a: Tsareena\n|-start|p1a: Tsareena|Encore\n|cant|p1a: Tsareena|Disable|Zen Headbutt\n|\n|-heal|p2a: Politoed|68/100|[from] item: Leftovers\n|-start|p2b: Gengar|perish1\n|-start|p2a: Politoed|perish1\n|-start|p1a: Tsareena|perish1\n|upkeep\n|turn|13\n|inactive|Schlesi has 30 seconds left.\n|inactive|Schlesi has 20 seconds left.\n|inactive|Schlesi has 15 seconds left.\n|inactive|Schlesi has 10 seconds left.\n|inactive|Schlesi has 5 seconds left.\n|\n|t:|1776202875\n|move|p2a: Politoed|Protect|p2a: Politoed\n|-singleturn|p2a: Politoed|Protect\n|move|p2b: Gengar|Shadow Ball|p1a: Tsareena\n|-damage|p1a: Tsareena|53/100\n|-activate|p1a: Tsareena|move: Struggle\n|move|p1a: Tsareena|Struggle|p2a: Politoed\n|-activate|p2a: Politoed|move: Protect\n|\n|-heal|p2a: Politoed|74/100|[from] item: Leftovers\n|-start|p2b: Gengar|perish0\n|-start|p2a: Politoed|perish0\n|-start|p1a: Tsareena|perish0\n|faint|p2b: Gengar\n|faint|p2a: Politoed\n|faint|p1a: Tsareena\n|\n|win|MelloJelloLol\n|raw|Schlesi's rating: 1328 &rarr; <strong>1305</strong><br />(-23 for losing)\n|raw|MelloJelloLol's rating: 1275 &rarr; <strong>1304</strong><br />(+29 for winning)\n|l|\u203dMelloJelloLol\n|player|p2|\n|j|\u203dMelloJelloLol\n|player|p2|MelloJelloLol|rosa|\n|n|\u203dMelloJelloLol|mellojellolol\n",
  "uploadtime": 1776202986,
  "views": 29,
  "formatid": "gen9championsvgc2026regma",
  "rating": 1304,
  "private": 0,
  "password": null
}