{
  "id": "gen9championsvgc2026regma-2581575873",
  "format": "[Gen 9 Champions] VGC 2026 Reg M-A",
  "players": [
    "lairdfrazzler",
    "Obamna4"
  ],
  "log": "|j|\u2606lairdfrazzler\n|j|\u2606Obamna4\n|t:|1776012228\n|gametype|doubles\n|player|p1|lairdfrazzler|benga|1122\n|player|p2|Obamna4|169|1162\n|gen|9\n|tier|[Gen 9 Champions] VGC 2026 Reg M-A\n|rated|\n|rule|Species Clause: Limit one of each Pok\u00e9mon\n|rule|Item Clause: Limit 1 of each item\n|clearpoke\n|poke|p1|Archaludon, L50, F|\n|poke|p1|Pelipper, L50, M|\n|poke|p1|Sinistcha-Masterpiece, L50|\n|poke|p1|Sneasler, L50, F|\n|poke|p1|Starmie, L50|\n|poke|p1|Scizor, L50, M|\n|poke|p2|Excadrill, L50, F|\n|poke|p2|Tyranitar, L50, M|\n|poke|p2|Sneasler, L50, M|\n|poke|p2|Typhlosion-Hisui, L50, F|\n|poke|p2|Whimsicott, L50, M|\n|poke|p2|Primarina, L50, F|\n|teampreview|4\n|inactive|Battle timer is ON: inactive players will automatically lose when time's up. (requested by lairdfrazzler)\n|inactive|lairdfrazzler has 60 seconds left.\n|\n|t:|1776012268\n|teamsize|p1|4\n|teamsize|p2|4\n|start\n|switch|p1a: Nautilus|Starmie, L50, shiny|100/100\n|switch|p1b: GrassLover|Sneasler, L50, F|100/100\n|switch|p2a: Whimsicott|Whimsicott, L50, M|100/100\n|switch|p2b: Sneasler|Sneasler, L50, M|100/100\n|turn|1\n|\n|t:|1776012284\n|move|p2a: Whimsicott|Protect|p2a: Whimsicott\n|-singleturn|p2a: Whimsicott|Protect\n|move|p1a: Nautilus|Protect|p1a: Nautilus\n|-singleturn|p1a: Nautilus|Protect\n|move|p1b: GrassLover|Fake Out|p2a: Whimsicott\n|-activate|p2a: Whimsicott|move: Protect\n|move|p2b: Sneasler|Fake Out|p1a: Nautilus\n|-activate|p1a: Nautilus|move: Protect\n|\n|upkeep\n|turn|2\n|\n|t:|1776012301\n|detailschange|p1a: Nautilus|Starmie-Mega, L50, shiny\n|-mega|p1a: Nautilus|Starmie|Starminite\n|move|p2a: Whimsicott|Tailwind|p2a: Whimsicott\n|-sidestart|p2: Obamna4|move: Tailwind\n|move|p2b: Sneasler|Dire Claw|p1a: Nautilus\n|-damage|p1a: Nautilus|49/100\n|move|p1b: GrassLover|Dire Claw|p2a: Whimsicott\n|-supereffective|p2a: Whimsicott|2\n|-damage|p2a: Whimsicott|0 fnt\n|faint|p2a: Whimsicott\n|move|p1a: Nautilus|Flip Turn|p2b: Sneasler\n|-damage|p2b: Sneasler|7/100\n|c|\u2606Obamna4|paradox form iron legs\n|\n|t:|1776012324\n|switch|p1a: Blueberry|Archaludon, L50, F, shiny|100/100|[from] Flip Turn\n|\n|upkeep\n|\n|t:|1776012332\n|switch|p2a: Excadrill|Excadrill, L50, F, shiny|100/100\n|turn|3\n|c|\u2606lairdfrazzler|Lol that's funny\n|inactive|lairdfrazzler has 30 seconds left.\n|inactive|lairdfrazzler has 20 seconds left.\n|\n|t:|1776012367\n|switch|p1b: Bucket|Pelipper, L50, M, shiny|100/100\n|-weather|RainDance|[from] ability: Drizzle|[of] p1b: Bucket\n|move|p2b: Sneasler|Close Combat|p1a: Blueberry\n|-supereffective|p1a: Blueberry|1\n|-damage|p1a: Blueberry|0 fnt\n|-unboost|p2b: Sneasler|def|1\n|-unboost|p2b: Sneasler|spd|1\n|faint|p1a: Blueberry\n|move|p2a: Excadrill|High Horsepower|p1b: Bucket\n|-immune|p1b: Bucket\n|\n|-weather|RainDance|[upkeep]\n|upkeep\n|\n|t:|1776012382\n|switch|p1a: GrassLover|Sneasler, L50, F|100/100\n|turn|4\n|\n|t:|1776012395\n|move|p2a: Excadrill|Protect|p2a: Excadrill\n|-singleturn|p2a: Excadrill|Protect\n|move|p1a: GrassLover|Fake Out|p2b: Sneasler\n|-damage|p2b: Sneasler|0 fnt\n|faint|p2b: Sneasler\n|move|p1b: Bucket|Weather Ball|p2a: Excadrill\n|-activate|p2a: Excadrill|move: Protect\n|\n|-weather|RainDance|[upkeep]\n|upkeep\n|\n|t:|1776012401\n|switch|p2b: Tyranitar|Tyranitar, L50, M, shiny|100/100\n|-weather|Sandstorm|[from] ability: Sand Stream|[of] p2b: Tyranitar\n|turn|5\n|\n|t:|1776012423\n|detailschange|p2b: Tyranitar|Tyranitar-Mega, L50, M, shiny\n|-mega|p2b: Tyranitar|Tyranitar|Tyranitarite\n|move|p2b: Tyranitar|Protect|p2b: Tyranitar\n|-singleturn|p2b: Tyranitar|Protect\n|move|p2a: Excadrill|High Horsepower|p1a: GrassLover\n|-supereffective|p1a: GrassLover|1\n|-damage|p1a: GrassLover|0 fnt\n|faint|p1a: GrassLover\n|move|p1b: Bucket|Rain Dance|p1b: Bucket\n|-weather|RainDance\n|\n|-weather|RainDance|[upkeep]\n|-sideend|p2: Obamna4|move: Tailwind\n|upkeep\n|\n|t:|1776012430\n|switch|p1a: Nautilus|Starmie-Mega, L50, shiny|49/100\n|turn|6\n|\n|t:|1776012440\n|move|p1a: Nautilus|Protect|p1a: Nautilus\n|-singleturn|p1a: Nautilus|Protect\n|move|p2a: Excadrill|High Horsepower|p1a: Nautilus\n|-activate|p1a: Nautilus|move: Protect\n|move|p2b: Tyranitar|Rock Slide|p1a: Nautilus|[spread] p1b\n|-activate|p1a: Nautilus|move: Protect\n|-supereffective|p1b: Bucket|1\n|-damage|p1b: Bucket|41/100\n|-enditem|p1b: Bucket|Sitrus Berry|[eat]\n|-heal|p1b: Bucket|66/100|[from] item: Sitrus Berry\n|move|p1b: Bucket|Weather Ball|p2a: Excadrill\n|-supereffective|p2a: Excadrill|1\n|-enditem|p2a: Excadrill|Focus Sash\n|-damage|p2a: Excadrill|1/100\n|\n|-weather|RainDance|[upkeep]\n|upkeep\n|turn|7\n|\n|t:|1776012459\n|move|p1b: Bucket|Wide Guard|p1b: Bucket\n|-singleturn|p1b: Bucket|Wide Guard\n|move|p1a: Nautilus|Liquidation|p2a: Excadrill\n|-supereffective|p2a: Excadrill|1\n|-damage|p2a: Excadrill|0 fnt\n|faint|p2a: Excadrill\n|move|p2b: Tyranitar|Rock Slide|p1b: Bucket|[spread] \n|-activate|p1a: Nautilus|move: Wide Guard\n|-activate|p1b: Bucket|move: Wide Guard\n|\n|-weather|RainDance|[upkeep]\n|upkeep\n|turn|8\n|-message|Obamna4 forfeited.\n|\n|win|lairdfrazzler\n|raw|lairdfrazzler's rating: 1122 &rarr; <strong>1150</strong><br />(+28 for winning)\n|raw|Obamna4's rating: 1162 &rarr; <strong>1134</strong><br />(-28 for losing)\n|l|\u2606Obamna4\n|player|p2|\n",
  "uploadtime": 1776012488,
  "views": 16,
  "formatid": "gen9championsvgc2026regma",
  "rating": 1134,
  "private": 0,
  "password": null
}