{
  "id": "gen9championsvgc2026regma-2587300255",
  "format": "[Gen 9 Champions] VGC 2026 Reg M-A",
  "players": [
    "Nat bumrider",
    "yzy199708254513"
  ],
  "log": "|j|\u203dNat bumrider\n|j|\u2606yzy199708254513\n|t:|1776519795\n|gametype|doubles\n|player|p1|Nat bumrider|medium|1070\n|player|p2|yzy199708254513|ghetsis|1011\n|gen|9\n|tier|[Gen 9 Champions] VGC 2026 Reg M-A\n|rated|\n|rule|Species Clause: Limit one of each Pok\u00e9mon\n|rule|Item Clause: Limit 1 of each item\n|clearpoke\n|poke|p1|Snorlax, L50, M|\n|poke|p1|Incineroar, L50, M|\n|poke|p1|Hawlucha, L50, M|\n|poke|p1|Zoroark, L50, M|\n|poke|p1|Oranguru, L50, F|\n|poke|p1|Gengar, L50, F|\n|poke|p2|Froslass, L50, F|\n|poke|p2|Arcanine, L50, M|\n|poke|p2|Azumarill, L50, F|\n|poke|p2|Serperior, L50, M|\n|poke|p2|Garchomp, L50, M|\n|poke|p2|Kingambit, L50, M|\n|teampreview|4\n|\n|t:|1776519835\n|teamsize|p1|4\n|teamsize|p2|4\n|start\n|switch|p1a: Incineroar|Incineroar, L50, M|100/100\n|switch|p1b: Oranguru|Oranguru, L50, F|100/100\n|switch|p2a: Froslass|Froslass, L50, F|100/100\n|switch|p2b: Arcanine|Arcanine, L50, M|100/100\n|-ability|p2b: Arcanine|Intimidate|boost\n|-unboost|p1a: Incineroar|atk|1\n|-fail|p1b: Oranguru|unboost|Attack|[from] ability: Inner Focus|[of] p1b: Oranguru\n|turn|1\n|\n|t:|1776519864\n|detailschange|p2a: Froslass|Froslass-Mega, L50, F\n|-mega|p2a: Froslass|Froslass|Froslassite\n|-weather|Snowscape|[from] ability: Snow Warning|[of] p2a: Froslass\n|move|p2a: Froslass|Protect|p2a: Froslass\n|-singleturn|p2a: Froslass|Protect\n|move|p2b: Arcanine|Close Combat|p1a: Incineroar\n|-supereffective|p1a: Incineroar|1\n|-enditem|p1a: Incineroar|Focus Sash\n|-damage|p1a: Incineroar|1/100\n|-unboost|p2b: Arcanine|def|1\n|-unboost|p2b: Arcanine|spd|1\n|replace|p1a: Zoroark|Zoroark, L50, M\n|-end|p1a: Zoroark|Illusion\n|move|p1a: Zoroark|Knock Off|p2a: Froslass\n|-activate|p2a: Froslass|move: Protect\n|move|p1b: Oranguru|Trick Room|p1b: Oranguru\n|-fieldstart|move: Trick Room|[of] p1b: Oranguru\n|\n|-weather|Snowscape|[upkeep]\n|upkeep\n|turn|2\n|\n|t:|1776519897\n|move|p1a: Zoroark|Sucker Punch|p2a: Froslass\n|-supereffective|p2a: Froslass|1\n|-damage|p2a: Froslass|56/100\n|move|p1b: Oranguru|Psychic|p2a: Froslass\n|-damage|p2a: Froslass|18/100\n|move|p2a: Froslass|Blizzard|p1a: Zoroark|[spread] p1a,p1b\n|-damage|p1a: Zoroark|0 fnt\n|-damage|p1b: Oranguru|64/100\n|faint|p1a: Zoroark\n|move|p2b: Arcanine|Close Combat|p1b: Oranguru\n|-damage|p1b: Oranguru|32/100\n|-unboost|p2b: Arcanine|def|1\n|-unboost|p2b: Arcanine|spd|1\n|\n|-weather|Snowscape|[upkeep]\n|upkeep\n|\n|t:|1776519904\n|switch|p1a: Snorlax|Snorlax, L50, M|100/100\n|turn|3\n|\n|t:|1776519926\n|switch|p1b: Incineroar|Incineroar, L50, M|100/100\n|-ability|p1b: Incineroar|Intimidate|boost\n|-unboost|p2a: Froslass|atk|1\n|-unboost|p2b: Arcanine|atk|1\n|move|p1a: Snorlax|Body Press|p2b: Arcanine\n|-damage|p2b: Arcanine|46/100\n|move|p2a: Froslass|Aurora Veil|p2a: Froslass\n|-sidestart|p2: yzy199708254513|move: Aurora Veil\n|move|p2b: Arcanine|Close Combat|p1b: Incineroar\n|-supereffective|p1b: Incineroar|1\n|-enditem|p1b: Incineroar|Chople Berry|[eat]\n|-enditem|p1b: Incineroar|Chople Berry|[weaken]\n|-damage|p1b: Incineroar|75/100\n|-unboost|p2b: Arcanine|def|1\n|-unboost|p2b: Arcanine|spd|1\n|\n|-weather|Snowscape|[upkeep]\n|upkeep\n|turn|4\n|\n|t:|1776519953\n|move|p2a: Froslass|Protect|p2a: Froslass\n|-singleturn|p2a: Froslass|Protect\n|move|p1a: Snorlax|Stockpile|p1a: Snorlax\n|-start|p1a: Snorlax|stockpile1\n|-boost|p1a: Snorlax|def|1\n|-boost|p1a: Snorlax|spd|1\n|move|p1b: Incineroar|Throat Chop|p2b: Arcanine\n|-damage|p2b: Arcanine|0 fnt\n|faint|p2b: Arcanine\n|\n|-weather|Snowscape|[upkeep]\n|upkeep\n|\n|t:|1776519967\n|switch|p2b: Azumarill|Azumarill, L50, F|100/100\n|turn|5\n|\n|t:|1776519987\n|move|p1a: Snorlax|Stockpile|p1a: Snorlax\n|-start|p1a: Snorlax|stockpile2\n|-boost|p1a: Snorlax|def|1\n|-boost|p1a: Snorlax|spd|1\n|move|p1b: Incineroar|Parting Shot|p2b: Azumarill\n|-unboost|p2b: Azumarill|atk|1\n|-unboost|p2b: Azumarill|spa|1\n|\n|t:|1776519991\n|switch|p1b: Oranguru|Oranguru, L50, F|32/100|[from] Parting Shot\n|move|p2b: Azumarill|Liquidation|p1b: Oranguru\n|-damage|p1b: Oranguru|8/100\n|-unboost|p1b: Oranguru|def|1\n|move|p2a: Froslass|Blizzard|p1b: Oranguru|[spread] p1a,p1b\n|-damage|p1a: Snorlax|93/100\n|-damage|p1b: Oranguru|0 fnt\n|faint|p1b: Oranguru\n|\n|-weather|none\n|-heal|p1a: Snorlax|99/100|[from] item: Leftovers\n|-fieldend|move: Trick Room\n|upkeep\n|\n|t:|1776519992\n|switch|p1b: Incineroar|Incineroar, L50, M|75/100\n|-ability|p1b: Incineroar|Intimidate|boost\n|-unboost|p2a: Froslass|atk|1\n|-unboost|p2b: Azumarill|atk|1\n|turn|6\n|\n|t:|1776520028\n|switch|p2b: Garchomp|Garchomp, L50, M|100/100\n|move|p2a: Froslass|Aurora Veil||[still]\n|-fail|p2a: Froslass\n|move|p1b: Incineroar|Throat Chop|p2a: Froslass\n|-supereffective|p2a: Froslass|1\n|-damage|p2a: Froslass|0 fnt\n|faint|p2a: Froslass\n|move|p1a: Snorlax|Body Press|p2b: Garchomp\n|-damage|p2b: Garchomp|76/100\n|-damage|p1a: Snorlax|87/100|[from] ability: Rough Skin|[of] p2b: Garchomp\n|\n|-heal|p1a: Snorlax|93/100|[from] item: Leftovers\n|upkeep\n|\n|t:|1776520041\n|switch|p2a: Azumarill|Azumarill, L50, F|100/100\n|turn|7\n|\n|t:|1776520075\n|move|p2b: Garchomp|Dragon Pulse|p1a: Snorlax\n|-damage|p1a: Snorlax|86/100\n|move|p2a: Azumarill|Liquidation|p1b: Incineroar\n|-supereffective|p1b: Incineroar|1\n|-damage|p1b: Incineroar|0 fnt\n|faint|p1b: Incineroar\n|move|p1a: Snorlax|Body Press|p2a: Azumarill\n|-resisted|p2a: Azumarill|1\n|-damage|p2a: Azumarill|86/100\n|\n|-heal|p2a: Azumarill|92/100|[from] item: Leftovers\n|-heal|p1a: Snorlax|92/100|[from] item: Leftovers\n|-sideend|p2: yzy199708254513|move: Aurora Veil\n|upkeep\n|turn|8\n|\n|t:|1776520094\n|move|p2b: Garchomp|Dragon Pulse|p1a: Snorlax\n|-damage|p1a: Snorlax|85/100\n|move|p2a: Azumarill|Knock Off|p1a: Snorlax\n|-damage|p1a: Snorlax|73/100\n|-enditem|p1a: Snorlax|Leftovers|[from] move: Knock Off|[of] p2a: Azumarill\n|move|p1a: Snorlax|Fissure|p2a: Azumarill|[miss]\n|-miss|p1a: Snorlax|p2a: Azumarill\n|\n|-heal|p2a: Azumarill|98/100|[from] item: Leftovers\n|upkeep\n|turn|9\n|\n|t:|1776520121\n|move|p2b: Garchomp|Dragon Pulse|p1a: Snorlax\n|-damage|p1a: Snorlax|66/100\n|move|p2a: Azumarill|Play Rough|p1a: Snorlax\n|-damage|p1a: Snorlax|48/100\n|-unboost|p1a: Snorlax|atk|1\n|move|p1a: Snorlax|Fissure|p2a: Azumarill|[miss]\n|-miss|p1a: Snorlax|p2a: Azumarill\n|\n|-heal|p2a: Azumarill|100/100|[from] item: Leftovers\n|upkeep\n|turn|10\n|\n|t:|1776520148\n|move|p1a: Snorlax|Protect|p1a: Snorlax\n|-singleturn|p1a: Snorlax|Protect\n|move|p2b: Garchomp|Dragon Pulse|p1a: Snorlax\n|-activate|p1a: Snorlax|move: Protect\n|move|p2a: Azumarill|Play Rough|p1a: Snorlax\n|-activate|p1a: Snorlax|move: Protect\n|\n|upkeep\n|turn|11\n|\n|t:|1776520169\n|move|p2b: Garchomp|Dragon Pulse|p1a: Snorlax\n|-damage|p1a: Snorlax|41/100\n|move|p2a: Azumarill|Play Rough|p1a: Snorlax\n|-damage|p1a: Snorlax|25/100\n|move|p1a: Snorlax|Fissure|p2a: Azumarill\n|-damage|p2a: Azumarill|0 fnt\n|faint|p2a: Azumarill\n|-ohko\n|\n|upkeep\n|turn|12\n|\n|t:|1776520182\n|move|p2b: Garchomp|Earthquake|p1a: Snorlax\n|-damage|p1a: Snorlax|7/100\n|move|p1a: Snorlax|Fissure|p2b: Garchomp|[miss]\n|-miss|p1a: Snorlax|p2b: Garchomp\n|\n|upkeep\n|turn|13\n|\n|t:|1776520187\n|move|p2b: Garchomp|Earthquake|p1a: Snorlax\n|-damage|p1a: Snorlax|0 fnt\n|faint|p1a: Snorlax\n|\n|win|yzy199708254513\n|raw|Nat bumrider's rating: 1070 &rarr; <strong>1046</strong><br />(-24 for losing)\n|raw|yzy199708254513's rating: 1011 &rarr; <strong>1056</strong><br />(+45 for winning)\n|l|\u203dNat bumrider\n|player|p1|\n",
  "uploadtime": 1776520201,
  "views": 14,
  "formatid": "gen9championsvgc2026regma",
  "rating": 1046,
  "private": 0,
  "password": null
}