{
  "id": "gen9championsvgc2026regma-2588418414",
  "format": "[Gen 9 Champions] VGC 2026 Reg M-A",
  "players": [
    "Sindobato",
    "sdlt 2krl coolguy"
  ],
  "log": "|raw|<div class=\"broadcast-blue\"><strong>This battle is required to be public due to a player having a name starting with 'sdlt'.</div>\n|j|\u2606Sindobato\n|j|\u2606sdlt 2krl coolguy\n|t:|1776631851\n|gametype|doubles\n|player|p1|Sindobato|hilda|1456\n|player|p2|sdlt 2krl coolguy|leon-masters2|1360\n|gen|9\n|tier|[Gen 9 Champions] VGC 2026 Reg M-A\n|rated|\n|rule|Species Clause: Limit one of each Pok\u00e9mon\n|rule|Item Clause: Limit 1 of each item\n|clearpoke\n|poke|p1|Floette-Eternal, L50, F|\n|poke|p1|Pelipper, L50, M, shiny|\n|poke|p1|Basculegion, L50, M, shiny|\n|poke|p1|Archaludon, L50, M, shiny|\n|poke|p1|Kingambit, L50, M, shiny|\n|poke|p1|Gengar, L50, M, shiny|\n|poke|p2|Floette-Eternal, L50, F|\n|poke|p2|Incineroar, L50, M|\n|poke|p2|Sinistcha, L50|\n|poke|p2|Garchomp, L50, M|\n|poke|p2|Sneasler, L50, F|\n|poke|p2|Kingambit, L50, F|\n|teampreview|4\n|inactive|Battle timer is ON: inactive players will automatically lose when time's up. (requested by sdlt 2krl coolguy)\n|inactive|sdlt 2krl coolguy has 60 seconds left.\n|\n|t:|1776631893\n|teamsize|p1|4\n|teamsize|p2|4\n|start\n|switch|p1a: Ordinary World|Archaludon, L50, M, shiny|100/100\n|switch|p1b: Red Rain|Pelipper, L50, M, shiny|100/100\n|switch|p2a: Kingambit|Kingambit, L50, F|100/100\n|switch|p2b: Floette|Floette-Eternal, L50, F|100/100\n|-weather|RainDance|[from] ability: Drizzle|[of] p1b: Red Rain\n|turn|1\n|\n|t:|1776631906\n|switch|p2a: Sinistcha|Sinistcha, L50|100/100\n|detailschange|p2b: Floette|Floette-Mega, L50, F\n|-mega|p2b: Floette|Floette|Floettite\n|-ability|p2b: Floette|Fairy Aura\n|move|p2b: Floette|Calm Mind|p2b: Floette\n|-boost|p2b: Floette|spa|1\n|-boost|p2b: Floette|spd|1\n|move|p1b: Red Rain|Weather Ball|p2a: Sinistcha\n|-resisted|p2a: Sinistcha|1\n|-damage|p2a: Sinistcha|67/100\n|move|p1a: Ordinary World|Electro Shot||[still]\n|-prepare|p1a: Ordinary World|Electro Shot\n|-boost|p1a: Ordinary World|spa|1\n|-anim|p1a: Ordinary World|Electro Shot|p2a: Sinistcha\n|-resisted|p2a: Sinistcha|1\n|-damage|p2a: Sinistcha|34/100\n|-enditem|p2a: Sinistcha|Sitrus Berry|[eat]\n|-heal|p2a: Sinistcha|59/100|[from] item: Sitrus Berry\n|\n|-weather|RainDance|[upkeep]\n|upkeep\n|turn|2\n|\n|t:|1776631928\n|move|p1a: Ordinary World|Protect|p1a: Ordinary World\n|-singleturn|p1a: Ordinary World|Protect\n|move|p2b: Floette|Moonblast|p1a: Ordinary World\n|-activate|p1a: Ordinary World|move: Protect\n|move|p1b: Red Rain|Tailwind|p1b: Red Rain\n|-sidestart|p1: Sindobato|move: Tailwind\n|move|p2a: Sinistcha|Matcha Gotcha|p1a: Ordinary World|[spread] p1b\n|-activate|p1a: Ordinary World|move: Protect\n|-damage|p1b: Red Rain|61/100\n|-heal|p2a: Sinistcha|74/100|[from] drain|[of] p1b: Red Rain\n|\n|-weather|RainDance|[upkeep]\n|upkeep\n|turn|3\n|\n|t:|1776631952\n|move|p2a: Sinistcha|Rage Powder|p2a: Sinistcha\n|-singleturn|p2a: Sinistcha|move: Rage Powder\n|move|p1b: Red Rain|Hurricane|p2a: Sinistcha\n|-supereffective|p2a: Sinistcha|1\n|-damage|p2a: Sinistcha|0 fnt\n|faint|p2a: Sinistcha\n|move|p1a: Ordinary World|Electro Shot||[still]\n|-prepare|p1a: Ordinary World|Electro Shot\n|-boost|p1a: Ordinary World|spa|1\n|-anim|p1a: Ordinary World|Electro Shot|p2b: Floette\n|-damage|p2b: Floette|56/100\n|move|p2b: Floette|Dazzling Gleam|p1b: Red Rain|[spread] p1a,p1b\n|-damage|p1a: Ordinary World|29/100\n|-damage|p1b: Red Rain|0 fnt\n|-ability|p1a: Ordinary World|Stamina|boost\n|-boost|p1a: Ordinary World|def|1\n|faint|p1b: Red Rain\n|\n|-weather|RainDance|[upkeep]\n|-heal|p1a: Ordinary World|35/100|[from] item: Leftovers\n|upkeep\n|\n|t:|1776631966\n|switch|p1b: Arpeggi|Basculegion, L50, M, shiny|100/100\n|switch|p2a: Kingambit|Kingambit, L50, F|100/100\n|turn|4\n|\n|t:|1776631982\n|move|p2b: Floette|Protect|p2b: Floette\n|-singleturn|p2b: Floette|Protect\n|move|p1b: Arpeggi|Aqua Jet|p2b: Floette\n|-activate|p2b: Floette|move: Protect\n|move|p1a: Ordinary World|Electro Shot||[still]\n|-prepare|p1a: Ordinary World|Electro Shot\n|-boost|p1a: Ordinary World|spa|1\n|-anim|p1a: Ordinary World|Electro Shot|p2a: Kingambit\n|-damage|p2a: Kingambit|0 fnt\n|faint|p2a: Kingambit\n|\n|-weather|RainDance|[upkeep]\n|-heal|p1a: Ordinary World|41/100|[from] item: Leftovers\n|upkeep\n|\n|t:|1776631994\n|switch|p2a: Sneasler|Sneasler, L50, F|100/100\n|turn|5\n|\n|t:|1776632000\n|move|p2a: Sneasler|Fake Out|p1a: Ordinary World\n|-resisted|p1a: Ordinary World|1\n|-damage|p1a: Ordinary World|36/100\n|-ability|p1a: Ordinary World|Stamina|boost\n|-boost|p1a: Ordinary World|def|1\n|move|p1b: Arpeggi|Wave Crash|p2b: Floette\n|-damage|p2b: Floette|0 fnt\n|faint|p2b: Floette\n|-damage|p1b: Arpeggi|84/100|[from] Recoil\n|cant|p1a: Ordinary World|flinch\n|\n|-weather|none\n|-heal|p1a: Ordinary World|42/100|[from] item: Leftovers\n|-sideend|p1: Sindobato|move: Tailwind\n|upkeep\n|turn|6\n|-message|sdlt 2krl coolguy forfeited.\n|\n|win|Sindobato\n|raw|Sindobato's rating: 1456 &rarr; <strong>1471</strong><br />(+15 for winning)\n|raw|sdlt 2krl coolguy's rating: 1360 &rarr; <strong>1345</strong><br />(-15 for losing)\n",
  "uploadtime": 1776632010,
  "views": 13,
  "formatid": "gen9championsvgc2026regma",
  "rating": 1345,
  "private": 0,
  "password": null
}