{
  "id": "gen9championsvgc2026regma-2583434784",
  "format": "[Gen 9 Champions] VGC 2026 Reg M-A",
  "players": [
    "jobberlobby",
    "Niko highway"
  ],
  "log": "|j|\u2606jobberlobby\n|j|\u2606Niko highway\n|t:|1776175435\n|gametype|doubles\n|player|p1|jobberlobby|camper|1388\n|player|p2|Niko highway|169|1540\n|gen|9\n|tier|[Gen 9 Champions] VGC 2026 Reg M-A\n|rated|\n|rule|Species Clause: Limit one of each Pok\u00e9mon\n|rule|Item Clause: Limit 1 of each item\n|clearpoke\n|poke|p1|Tyranitar, L50, F|\n|poke|p1|Garchomp, L50, F|\n|poke|p1|Rotom-Wash, L50|\n|poke|p1|Corviknight, L50, M|\n|poke|p1|Floette-Eternal, L50, F|\n|poke|p1|Sneasler, L50, F|\n|poke|p2|Incineroar, L50, F|\n|poke|p2|Conkeldurr, L50, M|\n|poke|p2|Sinistcha, L50|\n|poke|p2|Cofagrigus, L50, M|\n|poke|p2|Drampa, L50, M|\n|poke|p2|Aegislash, L50, M|\n|teampreview|4\n|inactive|Battle timer is ON: inactive players will automatically lose when time's up. (requested by Niko highway)\n|\n|t:|1776175461\n|teamsize|p1|4\n|teamsize|p2|4\n|start\n|switch|p1a: Corviknight|Corviknight, L50, M|100/100\n|switch|p1b: Sneasler|Sneasler, L50, F|100/100\n|switch|p2a: Incineroar|Incineroar, L50, F|100/100\n|switch|p2b: Cofagrigus|Cofagrigus, L50, M|100/100\n|-ability|p2a: Incineroar|Intimidate|boost\n|-ability|p1a: Corviknight|Mirror Armor\n|-unboost|p2a: Incineroar|atk|1\n|-unboost|p1b: Sneasler|atk|1\n|-enditem|p1b: Sneasler|White Herb\n|-clearnegativeboost|p1b: Sneasler|[silent]\n|turn|1\n|inactive|jobberlobby has 30 seconds left.\n|inactive|jobberlobby has 20 seconds left.\n|\n|t:|1776175501\n|move|p1b: Sneasler|Fake Out|p2a: Incineroar\n|-damage|p2a: Incineroar|89/100\n|cant|p2a: Incineroar|flinch\n|move|p1a: Corviknight|Tailwind|p1a: Corviknight\n|-sidestart|p1: jobberlobby|move: Tailwind\n|move|p2b: Cofagrigus|Trick Room|p2b: Cofagrigus\n|-fieldstart|move: Trick Room|[of] p2b: Cofagrigus\n|\n|upkeep\n|turn|2\n|\n|t:|1776175523\n|switch|p1a: Tyranitar|Tyranitar, L50, F|100/100\n|-weather|Sandstorm|[from] ability: Sand Stream|[of] p1a: Tyranitar\n|move|p2b: Cofagrigus|Will-O-Wisp|p1a: Tyranitar\n|-status|p1a: Tyranitar|brn\n|move|p2a: Incineroar|Parting Shot|p1b: Sneasler\n|-unboost|p1b: Sneasler|atk|1\n|-unboost|p1b: Sneasler|spa|1\n|\n|t:|1776175534\n|switch|p2a: Aegislash|Aegislash, L50, M|100/100|[from] Parting Shot\n|move|p1b: Sneasler|Close Combat|p2a: Aegislash\n|-immune|p2a: Aegislash\n|\n|-weather|Sandstorm|[upkeep]\n|-damage|p2b: Cofagrigus|94/100|[from] Sandstorm\n|-damage|p1b: Sneasler|95/100|[from] Sandstorm\n|-heal|p2b: Cofagrigus|100/100|[from] item: Leftovers\n|-damage|p1a: Tyranitar|94/100 brn|[from] brn\n|upkeep\n|turn|3\n|inactive|jobberlobby has 30 seconds left.\n|\n|t:|1776175568\n|switch|p1b: Corviknight|Corviknight, L50, M|100/100\n|move|p2b: Cofagrigus|Will-O-Wisp|p1b: Corviknight\n|-status|p1b: Corviknight|brn\n|-formechange|p2a: Aegislash|Aegislash-Blade|\n|move|p2a: Aegislash|Iron Head|p1a: Tyranitar\n|-supereffective|p1a: Tyranitar|1\n|-damage|p1a: Tyranitar|25/100 brn\n|move|p1a: Tyranitar|Crunch|p2a: Aegislash\n|-supereffective|p2a: Aegislash|1\n|-crit|p2a: Aegislash\n|-damage|p2a: Aegislash|0 fnt\n|faint|p2a: Aegislash\n|\n|-weather|Sandstorm|[upkeep]\n|-damage|p2b: Cofagrigus|94/100|[from] Sandstorm\n|-heal|p2b: Cofagrigus|100/100|[from] item: Leftovers\n|-damage|p1a: Tyranitar|19/100 brn|[from] brn\n|-damage|p1b: Corviknight|94/100 brn|[from] brn\n|upkeep\n|\n|t:|1776175585\n|switch|p2a: Conkeldurr|Conkeldurr, L50, M|100/100\n|turn|4\n|inactive|Niko highway has 30 seconds left.\n|\n|t:|1776175617\n|move|p2b: Cofagrigus|Body Press|p1a: Tyranitar\n|-supereffective|p1a: Tyranitar|2\n|-damage|p1a: Tyranitar|0 fnt\n|faint|p1a: Tyranitar\n|move|p2a: Conkeldurr|Drain Punch|p1b: Corviknight\n|-damage|p1b: Corviknight|41/100 brn\n|-enditem|p1b: Corviknight|Sitrus Berry|[eat]\n|-heal|p1b: Corviknight|66/100 brn|[from] item: Sitrus Berry\n|move|p1b: Corviknight|Brave Bird|p2a: Conkeldurr\n|-supereffective|p2a: Conkeldurr|1\n|-damage|p2a: Conkeldurr|63/100\n|-damage|p1b: Corviknight|52/100 brn|[from] Recoil\n|\n|-weather|Sandstorm|[upkeep]\n|-damage|p2b: Cofagrigus|94/100|[from] Sandstorm\n|-damage|p2a: Conkeldurr|57/100|[from] Sandstorm\n|-heal|p2b: Cofagrigus|100/100|[from] item: Leftovers\n|-damage|p1b: Corviknight|46/100 brn|[from] brn\n|-sideend|p1: jobberlobby|move: Tailwind\n|upkeep\n|\n|t:|1776175628\n|switch|p1a: Floette|Floette-Eternal, L50, F|100/100\n|turn|5\n|\n|t:|1776175640\n|switch|p2a: Incineroar|Incineroar, L50, F|89/100\n|-ability|p2a: Incineroar|Intimidate|boost\n|-unboost|p1a: Floette|atk|1\n|-ability|p1b: Corviknight|Mirror Armor\n|-unboost|p2a: Incineroar|atk|1\n|detailschange|p1a: Floette|Floette-Mega, L50, F\n|-mega|p1a: Floette|Floette|Floettite\n|-ability|p1a: Floette|Fairy Aura\n|move|p1a: Floette|Protect|p1a: Floette\n|-singleturn|p1a: Floette|Protect\n|move|p2b: Cofagrigus|Shadow Ball|p1a: Floette\n|-activate|p1a: Floette|move: Protect\n|move|p1b: Corviknight|Tailwind|p1b: Corviknight\n|-sidestart|p1: jobberlobby|move: Tailwind\n|\n|-weather|Sandstorm|[upkeep]\n|-damage|p2b: Cofagrigus|94/100|[from] Sandstorm\n|-damage|p2a: Incineroar|83/100|[from] Sandstorm\n|-damage|p1a: Floette|95/100|[from] Sandstorm\n|-heal|p2b: Cofagrigus|100/100|[from] item: Leftovers\n|-damage|p1b: Corviknight|40/100 brn|[from] brn\n|-fieldend|move: Trick Room\n|upkeep\n|turn|6\n|inactive|jobberlobby has 30 seconds left.\n|\n|t:|1776175666\n|move|p2a: Incineroar|Fake Out|p1a: Floette\n|-damage|p1a: Floette|86/100\n|cant|p1a: Floette|flinch\n|move|p1b: Corviknight|Brave Bird|p2b: Cofagrigus\n|-damage|p2b: Cofagrigus|85/100\n|-activate|p2b: Cofagrigus|ability: Mummy|p1b: Corviknight|[ability] Mirror Armor\n|-damage|p1b: Corviknight|35/100 brn|[from] Recoil\n|move|p2b: Cofagrigus|Trick Room|p2b: Cofagrigus\n|-fieldstart|move: Trick Room|[of] p2b: Cofagrigus\n|\n|-weather|none\n|-heal|p2b: Cofagrigus|91/100|[from] item: Leftovers\n|-damage|p1b: Corviknight|29/100 brn|[from] brn\n|upkeep\n|turn|7\n|inactive|Niko highway has 30 seconds left.\n|\n|t:|1776175692\n|switch|p1b: Sneasler|Sneasler, L50, F|95/100\n|move|p2b: Cofagrigus|Shadow Ball|p1a: Floette\n|-damage|p1a: Floette|62/100\n|move|p2a: Incineroar|Parting Shot|p1b: Sneasler\n|-unboost|p1b: Sneasler|atk|1\n|-unboost|p1b: Sneasler|spa|1\n|\n|t:|1776175700\n|switch|p2a: Conkeldurr|Conkeldurr, L50, M|57/100|[from] Parting Shot\n|move|p1a: Floette|Dazzling Gleam|p2a: Conkeldurr|[spread] p2a,p2b\n|-supereffective|p2a: Conkeldurr|1\n|-damage|p2a: Conkeldurr|0 fnt\n|-damage|p2b: Cofagrigus|51/100\n|faint|p2a: Conkeldurr\n|\n|-heal|p2b: Cofagrigus|57/100|[from] item: Leftovers\n|upkeep\n|\n|t:|1776175706\n|switch|p2a: Incineroar|Incineroar, L50, F|83/100\n|-ability|p2a: Incineroar|Intimidate|boost\n|-unboost|p1a: Floette|atk|1\n|-unboost|p1b: Sneasler|atk|1\n|turn|8\n|\n|t:|1776175725\n|move|p1a: Floette|Protect|p1a: Floette\n|-singleturn|p1a: Floette|Protect\n|move|p2a: Incineroar|Fake Out|p1a: Floette\n|-activate|p1a: Floette|move: Protect\n|move|p2b: Cofagrigus|Shadow Ball|p1b: Sneasler\n|-damage|p1b: Sneasler|57/100\n|move|p1b: Sneasler|Close Combat|p2a: Incineroar\n|-supereffective|p2a: Incineroar|1\n|-damage|p2a: Incineroar|28/100\n|-unboost|p1b: Sneasler|def|1\n|-unboost|p1b: Sneasler|spd|1\n|-enditem|p2a: Incineroar|Sitrus Berry|[eat]\n|-heal|p2a: Incineroar|53/100|[from] item: Sitrus Berry\n|\n|-heal|p2b: Cofagrigus|64/100|[from] item: Leftovers\n|-sideend|p1: jobberlobby|move: Tailwind\n|upkeep\n|turn|9\n|inactive|Niko highway has 30 seconds left.\n|inactive|Niko highway has 20 seconds left.\n|inactive|Niko highway has 15 seconds left.\n|\n|t:|1776175767\n|switch|p1b: Corviknight|Corviknight, L50, M|29/100 brn\n|move|p2b: Cofagrigus|Shadow Ball|p1b: Corviknight\n|-damage|p1b: Corviknight|4/100 brn\n|move|p2a: Incineroar|Flare Blitz|p1a: Floette\n|-damage|p1a: Floette|0 fnt\n|faint|p1a: Floette\n|-damage|p2a: Incineroar|37/100|[from] Recoil\n|\n|-heal|p2b: Cofagrigus|70/100|[from] item: Leftovers\n|-damage|p1b: Corviknight|0 fnt|[from] brn\n|faint|p1b: Corviknight\n|upkeep\n|\n|t:|1776175781\n|switch|p1b: Sneasler|Sneasler, L50, F|57/100\n|turn|10\n|\n|t:|1776175787\n|move|p1b: Sneasler|Protect|p1b: Sneasler\n|-singleturn|p1b: Sneasler|Protect\n|move|p2b: Cofagrigus|Will-O-Wisp|p1b: Sneasler\n|-activate|p1b: Sneasler|move: Protect\n|move|p2a: Incineroar|Flare Blitz|p1b: Sneasler\n|-activate|p1b: Sneasler|move: Protect\n|\n|-heal|p2b: Cofagrigus|76/100|[from] item: Leftovers\n|-fieldend|move: Trick Room\n|upkeep\n|turn|11\n|\n|t:|1776175799\n|move|p1b: Sneasler|Dire Claw|p2b: Cofagrigus\n|-resisted|p2b: Cofagrigus|1\n|-crit|p2b: Cofagrigus\n|-damage|p2b: Cofagrigus|55/100\n|-activate|p2b: Cofagrigus|ability: Mummy|p1b: Sneasler|[ability] Unburden\n|move|p2a: Incineroar|Flare Blitz|p1b: Sneasler\n|-damage|p1b: Sneasler|0 fnt\n|-activate|p1b: Sneasler|ability: Mummy|p2a: Incineroar|[ability] Intimidate\n|faint|p1b: Sneasler\n|-damage|p2a: Incineroar|23/100|[from] Recoil\n|\n|win|Niko highway\n|raw|jobberlobby's rating: 1388 &rarr; <strong>1376</strong><br />(-12 for losing)\n|raw|Niko highway's rating: 1540 &rarr; <strong>1552</strong><br />(+12 for winning)\n|l|\u2606jobberlobby\n|player|p1|\n",
  "uploadtime": 1776175804,
  "views": 55,
  "formatid": "gen9championsvgc2026regma",
  "rating": 1376,
  "private": 0,
  "password": null
}