{
  "id": "gen9championsvgc2026regma-2585314698",
  "format": "[Gen 9 Champions] VGC 2026 Reg M-A",
  "players": [
    "Paquito40",
    "Cycanex"
  ],
  "log": "|j|\u2606Paquito40\n|j|\u2606Cycanex\n|t:|1776336885\n|gametype|doubles\n|player|p1|Paquito40|101|1088\n|player|p2|Cycanex|2|1042\n|gen|9\n|tier|[Gen 9 Champions] VGC 2026 Reg M-A\n|rated|\n|rule|Species Clause: Limit one of each Pok\u00e9mon\n|rule|Item Clause: Limit 1 of each item\n|clearpoke\n|poke|p1|Kangaskhan, L50, F|\n|poke|p1|Pelipper, L50, M|\n|poke|p1|Aggron, L50, M|\n|poke|p1|Manectric, L50, F|\n|poke|p1|Sinistcha, L50|\n|poke|p1|Basculegion, L50, M|\n|poke|p2|Excadrill, L50, F|\n|poke|p2|Tyranitar, L50, M|\n|poke|p2|Corviknight, L50, M|\n|poke|p2|Primarina, L50, F|\n|poke|p2|Incineroar, L50, F|\n|poke|p2|Sinistcha, L50|\n|teampreview|4\n|inactive|Battle timer is ON: inactive players will automatically lose when time's up. (requested by Paquito40)\n|\n|t:|1776336970\n|teamsize|p1|4\n|teamsize|p2|4\n|start\n|switch|p1a: Kangaskhan|Kangaskhan, L50, F|100/100\n|switch|p1b: Manectric|Manectric, L50, F|100/100\n|switch|p2a: Corviknight|Corviknight, L50, M|100/100\n|switch|p2b: Incineroar|Incineroar, L50, F|100/100\n|-ability|p2b: Incineroar|Intimidate|boost\n|-fail|p1a: Kangaskhan|unboost|Attack|[from] ability: Inner Focus|[of] p1a: Kangaskhan\n|-unboost|p1b: Manectric|atk|1\n|turn|1\n|inactive|Cycanex has 30 seconds left.\n|\n|t:|1776336998\n|detailschange|p1b: Manectric|Manectric-Mega, L50, F\n|-mega|p1b: Manectric|Manectric|Manectite\n|-ability|p1b: Manectric|Intimidate|boost\n|-ability|p2a: Corviknight|Mirror Armor\n|-unboost|p1b: Manectric|atk|1\n|-unboost|p2b: Incineroar|atk|1\n|move|p1a: Kangaskhan|Fake Out|p2b: Incineroar\n|-damage|p2b: Incineroar|82/100\n|cant|p2b: Incineroar|flinch\n|move|p1b: Manectric|Volt Switch|p2a: Corviknight\n|-supereffective|p2a: Corviknight|1\n|-damage|p2a: Corviknight|39/100\n|\n|t:|1776337010\n|switch|p1b: Pelipper|Pelipper, L50, M|100/100|[from] Volt Switch\n|-weather|RainDance|[from] ability: Drizzle|[of] p1b: Pelipper\n|move|p2a: Corviknight|Tailwind|p2a: Corviknight\n|-sidestart|p2: Cycanex|move: Tailwind\n|\n|-weather|RainDance|[upkeep]\n|-heal|p2a: Corviknight|45/100|[from] item: Leftovers\n|upkeep\n|turn|2\n|inactive|Cycanex has 30 seconds left.\n|\n|t:|1776337036\n|switch|p1a: Manectric|Manectric-Mega, L50, F|100/100\n|-ability|p1a: Manectric|Intimidate|boost\n|-ability|p2a: Corviknight|Mirror Armor\n|-unboost|p1a: Manectric|atk|1\n|-unboost|p2b: Incineroar|atk|1\n|move|p2a: Corviknight|Roost|p2a: Corviknight\n|-heal|p2a: Corviknight|95/100\n|-singleturn|p2a: Corviknight|move: Roost\n|move|p2b: Incineroar|Parting Shot|p1b: Pelipper\n|-unboost|p1b: Pelipper|atk|1\n|-unboost|p1b: Pelipper|spa|1\n|\n|t:|1776337048\n|switch|p2b: Tyranitar|Tyranitar, L50, M|100/100|[from] Parting Shot\n|-weather|Sandstorm|[from] ability: Sand Stream|[of] p2b: Tyranitar\n|move|p1b: Pelipper|Tailwind|p1b: Pelipper\n|-sidestart|p1: Paquito40|move: Tailwind\n|\n|-weather|Sandstorm|[upkeep]\n|-damage|p1a: Manectric|94/100|[from] Sandstorm\n|-damage|p1b: Pelipper|95/100|[from] Sandstorm\n|-heal|p2a: Corviknight|100/100|[from] item: Leftovers\n|upkeep\n|turn|3\n|inactive|Paquito40 has 30 seconds left.\n|inactive|Cycanex has 30 seconds left.\n|inactive|Cycanex has 20 seconds left.\n|inactive|Cycanex has 15 seconds left.\n|inactive|Cycanex has 10 seconds left.\n|\n|t:|1776337095\n|switch|p1b: Kangaskhan|Kangaskhan, L50, F|100/100\n|switch|p2a: Excadrill|Excadrill, L50, F|100/100\n|detailschange|p2b: Tyranitar|Tyranitar-Mega, L50, M\n|-mega|p2b: Tyranitar|Tyranitar|Tyranitarite\n|move|p1a: Manectric|Volt Switch|p2a: Excadrill\n|-immune|p2a: Excadrill\n|move|p2b: Tyranitar|Rock Slide|p1b: Kangaskhan|[spread] p1b\n|-miss|p2b: Tyranitar|p1a: Manectric\n|-damage|p1b: Kangaskhan|66/100\n|\n|-weather|Sandstorm|[upkeep]\n|-damage|p1a: Manectric|88/100|[from] Sandstorm\n|-damage|p1b: Kangaskhan|60/100|[from] Sandstorm\n|upkeep\n|turn|4\n|\n|t:|1776337118\n|switch|p1a: Pelipper|Pelipper, L50, M|95/100\n|-weather|RainDance|[from] ability: Drizzle|[of] p1a: Pelipper\n|move|p2a: Excadrill|Rock Slide|p1a: Pelipper|[spread] p1a,p1b\n|-supereffective|p1a: Pelipper|1\n|-damage|p1a: Pelipper|32/100\n|-damage|p1b: Kangaskhan|37/100\n|move|p1b: Kangaskhan|Low Kick|p2b: Tyranitar\n|-supereffective|p2b: Tyranitar|2\n|-damage|p2b: Tyranitar|12/100\n|move|p2b: Tyranitar|Low Kick|p1b: Kangaskhan\n|-supereffective|p1b: Kangaskhan|1\n|-enditem|p1b: Kangaskhan|Chople Berry|[eat]\n|-enditem|p1b: Kangaskhan|Chople Berry|[weaken]\n|-damage|p1b: Kangaskhan|1/100\n|\n|-weather|RainDance|[upkeep]\n|-sideend|p2: Cycanex|move: Tailwind\n|upkeep\n|turn|5\n|\n|t:|1776337141\n|move|p2b: Tyranitar|Protect|p2b: Tyranitar\n|-singleturn|p2b: Tyranitar|Protect\n|move|p1b: Kangaskhan|Sucker Punch||[still]\n|-fail|p1b: Kangaskhan\n|move|p1a: Pelipper|Weather Ball|p2a: Excadrill\n|-supereffective|p2a: Excadrill|1\n|-enditem|p2a: Excadrill|Focus Sash\n|-damage|p2a: Excadrill|1/100\n|move|p2a: Excadrill|Rock Slide|p1a: Pelipper|[spread] p1a,p1b\n|-supereffective|p1a: Pelipper|1\n|-damage|p1a: Pelipper|0 fnt\n|-damage|p1b: Kangaskhan|0 fnt\n|faint|p1a: Pelipper\n|faint|p1b: Kangaskhan\n|\n|-weather|RainDance|[upkeep]\n|-sideend|p1: Paquito40|move: Tailwind\n|upkeep\n|\n|t:|1776337156\n|switch|p1a: Manectric|Manectric-Mega, L50, F|88/100\n|switch|p1b: Basculegion|Basculegion, L50, M|100/100\n|-ability|p1a: Manectric|Intimidate|boost\n|-unboost|p2a: Excadrill|atk|1\n|-unboost|p2b: Tyranitar|atk|1\n|turn|6\n|inactive|Paquito40 has 30 seconds left.\n|\n|t:|1776337182\n|switch|p2b: Incineroar|Incineroar, L50, F|82/100\n|-ability|p2b: Incineroar|Intimidate|boost\n|-unboost|p1a: Manectric|atk|1\n|-unboost|p1b: Basculegion|atk|1\n|move|p1b: Basculegion|Wave Crash|p2b: Incineroar\n|-supereffective|p2b: Incineroar|1\n|-damage|p2b: Incineroar|0 fnt\n|faint|p2b: Incineroar\n|-damage|p1b: Basculegion|73/100|[from] Recoil\n|move|p1a: Manectric|Snarl|p2a: Excadrill\n|-damage|p2a: Excadrill|0 fnt\n|faint|p2a: Excadrill\n|\n|-weather|RainDance|[upkeep]\n|upkeep\n|\n|t:|1776337195\n|switch|p2a: Tyranitar|Tyranitar-Mega, L50, M|12/100\n|switch|p2b: Corviknight|Corviknight, L50, M|100/100\n|-weather|Sandstorm|[from] ability: Sand Stream|[of] p2a: Tyranitar\n|turn|7\n|\n|t:|1776337205\n|move|p2a: Tyranitar|Protect|p2a: Tyranitar\n|-singleturn|p2a: Tyranitar|Protect\n|move|p1b: Basculegion|Aqua Jet|p2a: Tyranitar\n|-activate|p2a: Tyranitar|move: Protect\n|move|p1a: Manectric|Volt Switch|p2b: Corviknight\n|-supereffective|p2b: Corviknight|1\n|-damage|p2b: Corviknight|42/100\n|move|p2b: Corviknight|Tailwind|p2b: Corviknight\n|-sidestart|p2: Cycanex|move: Tailwind\n|\n|-weather|Sandstorm|[upkeep]\n|-damage|p1a: Manectric|82/100|[from] Sandstorm\n|-damage|p1b: Basculegion|67/100|[from] Sandstorm\n|-heal|p2b: Corviknight|48/100|[from] item: Leftovers\n|upkeep\n|turn|8\n|inactive|Cycanex has 30 seconds left.\n|\n|t:|1776337233\n|move|p2a: Tyranitar|Protect||[still]\n|-fail|p2a: Tyranitar\n|move|p1b: Basculegion|Aqua Jet|p2a: Tyranitar\n|-supereffective|p2a: Tyranitar|1\n|-damage|p2a: Tyranitar|0 fnt\n|faint|p2a: Tyranitar\n|move|p1a: Manectric|Volt Switch|p2b: Corviknight\n|-supereffective|p2b: Corviknight|1\n|-damage|p2b: Corviknight|0 fnt\n|faint|p2b: Corviknight\n|\n|win|Paquito40\n|raw|Paquito40's rating: 1088 &rarr; <strong>1111</strong><br />(+23 for winning)\n|raw|Cycanex's rating: 1042 &rarr; <strong>1028</strong><br />(-14 for losing)\n|l|\u2606Cycanex\n|player|p2|\n",
  "uploadtime": 1776337250,
  "views": 28,
  "formatid": "gen9championsvgc2026regma",
  "rating": 1028,
  "private": 0,
  "password": null
}