{
  "id": "gen9championsvgc2026regma-2583202069",
  "format": "[Gen 9 Champions] VGC 2026 Reg M-A",
  "players": [
    "SprayquazaSV",
    "nefilim2002"
  ],
  "log": "|j|\u2606SprayquazaSV\n|j|\u2606nefilim2002\n|t:|1776154194\n|gametype|doubles\n|player|p1|SprayquazaSV|170|1127\n|player|p2|nefilim2002|1|1119\n|gen|9\n|tier|[Gen 9 Champions] VGC 2026 Reg M-A\n|rated|\n|rule|Species Clause: Limit one of each Pok\u00e9mon\n|rule|Item Clause: Limit 1 of each item\n|clearpoke\n|poke|p1|Aerodactyl, L50, F|\n|poke|p1|Garchomp, L50, M|\n|poke|p1|Sneasler, L50, F|\n|poke|p1|Floette-Eternal, L50, F|\n|poke|p1|Incineroar, L50, F|\n|poke|p1|Rotom-Wash, L50|\n|poke|p2|Crabominable, L50, M|\n|poke|p2|Ninetales-Alola, L50, F|\n|poke|p2|Arcanine-Hisui, L50, M|\n|poke|p2|Hydreigon, L50, M|\n|poke|p2|Zoroark-Hisui, L50, F|\n|poke|p2|Sinistcha, L50|\n|teampreview|4\n|inactive|Battle timer is ON: inactive players will automatically lose when time's up. (requested by SprayquazaSV)\n|\n|t:|1776154270\n|teamsize|p1|4\n|teamsize|p2|4\n|start\n|switch|p1a: Floette|Floette-Eternal, L50, F|100/100\n|switch|p1b: Aerodactyl|Aerodactyl, L50, F|100/100\n|switch|p2a: Arcanine|Arcanine-Hisui, L50, M|100/100\n|switch|p2b: Hydreigon|Hydreigon, L50, M|100/100\n|-ability|p1b: Aerodactyl|Unnerve\n|-ability|p2a: Arcanine|Intimidate|boost\n|-unboost|p1a: Floette|atk|1\n|-unboost|p1b: Aerodactyl|atk|1\n|turn|1\n|\n|t:|1776154286\n|detailschange|p1a: Floette|Floette-Mega, L50, F\n|-mega|p1a: Floette|Floette|Floettite\n|-ability|p1a: Floette|Fairy Aura\n|move|p1b: Aerodactyl|Tailwind|p1b: Aerodactyl\n|-sidestart|p1: SprayquazaSV|move: Tailwind\n|move|p1a: Floette|Dazzling Gleam|p2a: Arcanine|[spread] p2a,p2b\n|-resisted|p2a: Arcanine|1\n|-damage|p2a: Arcanine|73/100\n|-damage|p2b: Hydreigon|7/100\n|replace|p2b: Zoroark|Zoroark-Hisui, L50, F\n|-end|p2b: Zoroark|Illusion\n|move|p2b: Zoroark|Sludge Bomb|p1a: Floette\n|-supereffective|p1a: Floette|1\n|-damage|p1a: Floette|46/100\n|-status|p1a: Floette|psn\n|move|p2a: Arcanine|Flare Blitz|p1a: Floette\n|-damage|p1a: Floette|0 fnt\n|faint|p1a: Floette\n|-damage|p2a: Arcanine|59/100|[from] Recoil\n|\n|upkeep\n|\n|t:|1776154305\n|switch|p1a: Garchomp|Garchomp, L50, M|100/100\n|turn|2\n|\n|t:|1776154317\n|switch|p2a: Hydreigon|Hydreigon, L50, M|100/100\n|move|p1b: Aerodactyl|Rock Slide|p2b: Zoroark|[spread] p2a,p2b\n|-damage|p2a: Hydreigon|81/100\n|-damage|p2b: Zoroark|0 fnt\n|faint|p2b: Zoroark\n|move|p1a: Garchomp|Earthquake|p2a: Hydreigon|[spread] \n|-immune|p1b: Aerodactyl\n|-immune|p2a: Hydreigon|[from] ability: Levitate\n|\n|upkeep\n|\n|t:|1776154330\n|switch|p2b: Crabominable|Crabominable, L50, M|100/100\n|turn|3\n|\n|t:|1776154342\n|detailschange|p2b: Crabominable|Crabominable-Mega, L50, M\n|-mega|p2b: Crabominable|Crabominable|Crabominite\n|move|p2a: Hydreigon|Protect|p2a: Hydreigon\n|-singleturn|p2a: Hydreigon|Protect\n|move|p1b: Aerodactyl|Rock Slide|p2b: Crabominable|[spread] p2b\n|-activate|p2a: Hydreigon|move: Protect\n|-damage|p2b: Crabominable|87/100\n|move|p1a: Garchomp|Dragon Claw|p2a: Hydreigon\n|-activate|p2a: Hydreigon|move: Protect\n|move|p2b: Crabominable|Ice Hammer|p1a: Garchomp|[miss]\n|-miss|p2b: Crabominable|p1a: Garchomp\n|\n|upkeep\n|turn|4\n|\n|t:|1776154363\n|switch|p2a: Arcanine|Arcanine-Hisui, L50, M|59/100\n|-ability|p2a: Arcanine|Intimidate|boost\n|-unboost|p1a: Garchomp|atk|1\n|-unboost|p1b: Aerodactyl|atk|1\n|move|p1b: Aerodactyl|Rock Slide|p2b: Crabominable|[spread] p2a,p2b\n|-supereffective|p2a: Arcanine|1\n|-crit|p2b: Crabominable\n|-damage|p2a: Arcanine|27/100\n|-damage|p2b: Crabominable|55/100\n|move|p1a: Garchomp|Dragon Claw|p2a: Arcanine\n|-damage|p2a: Arcanine|0 fnt\n|faint|p2a: Arcanine\n|move|p2b: Crabominable|Ice Hammer|p1a: Garchomp\n|-supereffective|p1a: Garchomp|2\n|-damage|p1a: Garchomp|0 fnt\n|-unboost|p2b: Crabominable|spe|1\n|-damage|p2b: Crabominable|43/100|[from] ability: Rough Skin|[of] p1a: Garchomp\n|faint|p1a: Garchomp\n|\n|-sideend|p1: SprayquazaSV|move: Tailwind\n|upkeep\n|\n|t:|1776154380\n|switch|p2a: Hydreigon|Hydreigon, L50, M|81/100\n|switch|p1a: Sneasler|Sneasler, L50, F|100/100\n|turn|5\n|\n|t:|1776154396\n|move|p2a: Hydreigon|Protect|p2a: Hydreigon\n|-singleturn|p2a: Hydreigon|Protect\n|move|p1b: Aerodactyl|Dual Wingbeat|p2b: Crabominable\n|-supereffective|p2b: Crabominable|1\n|-damage|p2b: Crabominable|28/100\n|-supereffective|p2b: Crabominable|1\n|-damage|p2b: Crabominable|13/100\n|-hitcount|p2b: Crabominable|2\n|move|p1a: Sneasler|Close Combat|p2a: Hydreigon\n|-activate|p2a: Hydreigon|move: Protect\n|move|p2b: Crabominable|Ice Hammer|p1a: Sneasler\n|-damage|p1a: Sneasler|0 fnt\n|-unboost|p2b: Crabominable|spe|1\n|faint|p1a: Sneasler\n|\n|upkeep\n|turn|6\n|\n|t:|1776154412\n|move|p2b: Crabominable|Mach Punch|p1b: Aerodactyl\n|-damage|p1b: Aerodactyl|54/100\n|move|p1b: Aerodactyl|Rock Slide|p2a: Hydreigon|[spread] p2a,p2b\n|-damage|p2a: Hydreigon|66/100\n|-damage|p2b: Crabominable|2/100\n|move|p2a: Hydreigon|Draco Meteor|p1b: Aerodactyl\n|-crit|p1b: Aerodactyl\n|-damage|p1b: Aerodactyl|0 fnt\n|-unboost|p2a: Hydreigon|spa|2\n|faint|p1b: Aerodactyl\n|\n|win|nefilim2002\n|raw|SprayquazaSV's rating: 1127 &rarr; <strong>1101</strong><br />(-26 for losing)\n|raw|nefilim2002's rating: 1119 &rarr; <strong>1145</strong><br />(+26 for winning)\n|l|\u2606SprayquazaSV\n|player|p1|\n",
  "uploadtime": 1776154436,
  "views": 19,
  "formatid": "gen9championsvgc2026regma",
  "rating": 1101,
  "private": 0,
  "password": null
}