{
  "id": "gen9championsvgc2026regma-2584205449",
  "format": "[Gen 9 Champions] VGC 2026 Reg M-A",
  "players": [
    "Geistvgctest",
    "funmer"
  ],
  "log": "|j|\u2606Geistvgctest\n|j|\u2606funmer\n|t:|1776238030\n|gametype|doubles\n|player|p1|Geistvgctest|acetrainerf|1168\n|player|p2|funmer|266|1184\n|gen|9\n|tier|[Gen 9 Champions] VGC 2026 Reg M-A\n|rated|\n|rule|Species Clause: Limit one of each Pok\u00e9mon\n|rule|Item Clause: Limit 1 of each item\n|clearpoke\n|poke|p1|Charizard, L50, M|\n|poke|p1|Garchomp, L50, F|\n|poke|p1|Sneasler, L50, M|\n|poke|p1|Whimsicott, L50, M|\n|poke|p1|Aegislash, L50, F|\n|poke|p1|Milotic, L50, M|\n|poke|p2|Basculegion, L50, M|\n|poke|p2|Sneasler, L50, F|\n|poke|p2|Floette-Eternal, L50, F|\n|poke|p2|Gliscor, L50, F|\n|poke|p2|Kingambit, L50, M|\n|poke|p2|Delphox, L50, M|\n|teampreview|4\n|\n|t:|1776238071\n|teamsize|p1|4\n|teamsize|p2|4\n|start\n|switch|p1a: Garchomp|Garchomp, L50, F|100/100\n|switch|p1b: Whimsicott|Whimsicott, L50, M, shiny|100/100\n|switch|p2a: Delphox|Delphox, L50, M, shiny|100/100\n|switch|p2b: Gliscor|Gliscor, L50, F|100/100\n|turn|1\n|\n|t:|1776238090\n|detailschange|p2a: Delphox|Delphox-Mega, L50, M, shiny\n|-mega|p2a: Delphox|Delphox|Delphoxite\n|move|p1a: Garchomp|Stone Edge|p2a: Delphox\n|-supereffective|p2a: Delphox|1\n|-damage|p2a: Delphox|0 fnt\n|faint|p2a: Delphox\n|move|p1b: Whimsicott|Moonblast|p2b: Gliscor\n|-damage|p2b: Gliscor|57/100\n|-unboost|p2b: Gliscor|spa|1\n|move|p2b: Gliscor|Earthquake|p1a: Garchomp|[spread] p1a,p1b\n|-resisted|p1b: Whimsicott|1\n|-damage|p1a: Garchomp|66/100\n|-damage|p1b: Whimsicott|76/100\n|\n|upkeep\n|\n|t:|1776238106\n|switch|p2a: Basculegion|Basculegion, L50, M|100/100\n|turn|2\n|\n|t:|1776238122\n|move|p1b: Whimsicott|Tailwind|p1b: Whimsicott\n|-sidestart|p1: Geistvgctest|move: Tailwind\n|move|p1a: Garchomp|Stone Edge|p2a: Basculegion\n|-damage|p2a: Basculegion|55/100\n|move|p2a: Basculegion|Wave Crash|p1a: Garchomp\n|-damage|p1a: Garchomp|0 fnt\n|-damage|p2a: Basculegion|43/100|[from] ability: Rough Skin|[of] p1a: Garchomp\n|faint|p1a: Garchomp\n|-damage|p2a: Basculegion|23/100|[from] Recoil\n|move|p2b: Gliscor|Dual Wingbeat|p1b: Whimsicott\n|-supereffective|p1b: Whimsicott|1\n|-damage|p1b: Whimsicott|18/100\n|-supereffective|p1b: Whimsicott|1\n|-damage|p1b: Whimsicott|0 fnt\n|faint|p1b: Whimsicott\n|-hitcount|p1: Whimsicott|2\n|\n|upkeep\n|\n|t:|1776238148\n|switch|p1b: Sneasler|Sneasler, L50, M|100/100\n|switch|p1a: Charizard|Charizard, L50, M, shiny|100/100\n|turn|3\n|\n|t:|1776238164\n|detailschange|p1a: Charizard|Charizard-Mega-X, L50, M, shiny\n|-mega|p1a: Charizard|Charizard|Charizardite X\n|move|p2a: Basculegion|Protect|p2a: Basculegion\n|-singleturn|p2a: Basculegion|Protect\n|move|p2b: Gliscor|Protect|p2b: Gliscor\n|-singleturn|p2b: Gliscor|Protect\n|move|p1b: Sneasler|Fake Out|p2b: Gliscor\n|-activate|p2b: Gliscor|move: Protect\n|move|p1a: Charizard|Dragon Claw|p2a: Basculegion\n|-activate|p2a: Basculegion|move: Protect\n|\n|upkeep\n|turn|4\n|\n|t:|1776238187\n|switch|p2a: Sneasler|Sneasler, L50, F|100/100\n|move|p1b: Sneasler|Coaching|p1a: Charizard\n|-boost|p1a: Charizard|atk|1\n|-boost|p1a: Charizard|def|1\n|move|p1a: Charizard|Dragon Claw|p2a: Sneasler\n|-damage|p2a: Sneasler|0 fnt\n|faint|p2a: Sneasler\n|move|p2b: Gliscor|Earthquake|p1b: Sneasler|[spread] p1a,p1b\n|-supereffective|p1a: Charizard|1\n|-supereffective|p1b: Sneasler|1\n|-damage|p1a: Charizard|58/100\n|-damage|p1b: Sneasler|0 fnt\n|faint|p1b: Sneasler\n|\n|upkeep\n|\n|t:|1776238203\n|switch|p2a: Basculegion|Basculegion, L50, M|23/100\n|turn|5\n|\n|t:|1776238208\n|move|p2a: Basculegion|Protect|p2a: Basculegion\n|-singleturn|p2a: Basculegion|Protect\n|move|p2b: Gliscor|Protect|p2b: Gliscor\n|-singleturn|p2b: Gliscor|Protect\n|move|p1a: Charizard|Dragon Claw|p2a: Basculegion\n|-activate|p2a: Basculegion|move: Protect\n|\n|-sideend|p1: Geistvgctest|move: Tailwind\n|upkeep\n|turn|6\n|\n|t:|1776238219\n|move|p2a: Basculegion|Aqua Jet|p1a: Charizard\n|-damage|p1a: Charizard|43/100\n|move|p1a: Charizard|Dragon Claw|p2a: Basculegion\n|-damage|p2a: Basculegion|0 fnt\n|faint|p2a: Basculegion\n|move|p2b: Gliscor|Earthquake|p1a: Charizard\n|-supereffective|p1a: Charizard|1\n|-damage|p1a: Charizard|0 fnt\n|faint|p1a: Charizard\n|\n|win|funmer\n|raw|Geistvgctest's rating: 1168 &rarr; <strong>1144</strong><br />(-24 for losing)\n|raw|funmer's rating: 1184 &rarr; <strong>1208</strong><br />(+24 for winning)\n",
  "uploadtime": 1776238235,
  "views": 18,
  "formatid": "gen9championsvgc2026regma",
  "rating": 1144,
  "private": 0,
  "password": null
}