{
  "id": "gen9championsvgc2026regma-2588704181",
  "format": "[Gen 9 Champions] VGC 2026 Reg M-A",
  "players": [
    "It'sJustKen VGC",
    "21Kieran"
  ],
  "log": "|j|\u2606It'sJustKen VGC\n|j|\u260621Kieran\n|html|<table width=\"100%\"><tr><td align=\"left\">It&apos;sJustKen VGC</td><td align=\"right\">21Kieran</tr><tr><td align=\"left\"><i class=\"fa fa-circle\"></i> <i class=\"fa fa-circle-o\"></i> </td><td align=\"right\"><i class=\"fa fa-circle-o\"></i> <i class=\"fa fa-circle\"></i> </tr></table>\n|uhtml|bestof|<h2><strong>Game 3</strong> of <a href=\"/game-bestof3-gen9championsvgc2026regma-2588700631\">a best-of-3</a></h2>\n|t:|1776659767\n|gametype|doubles\n|player|p1|It'sJustKen VGC|player-go|\n|player|p2|21Kieran|gwynn|\n|gen|9\n|tier|[Gen 9 Champions] VGC 2026 Reg M-A\n|rated|Tournament battle\n|rule|Species Clause: Limit one of each Pok\u00e9mon\n|rule|Item Clause: Limit 1 of each item\n|raw|<div class=\"infobox\"><details class=\"readmore\" open><summary><strong>2 custom rules:</strong></summary> Force Open Team Sheets, Best of = 3</details></div>\n|clearpoke\n|poke|p1|Floette-Eternal, L50, F|\n|poke|p1|Espathra, L50, M|\n|poke|p1|Incineroar, L50, F|\n|poke|p1|Sneasler, L50, M|\n|poke|p1|Basculegion, L50, M|\n|poke|p1|Kingambit, L50, F|\n|poke|p2|Scovillain, L50, M|\n|poke|p2|Espathra, L50, M|\n|poke|p2|Milotic, L50, F|\n|poke|p2|Floette-Eternal, L50, F|\n|poke|p2|Sneasler, L50, M|\n|poke|p2|Incineroar, L50, F|\n|teampreview|4\n|showteam|p1|Floette-Eternal||Floettite|FlowerVeil|Protect,Moonblast,DazzlingGleam,Substitute|||F|||50|]Espathra||FocusSash|SpeedBoost|Protect,LuminaCrash,HelpingHand,TrickRoom|||M|||50|]Incineroar||SitrusBerry|Intimidate|FakeOut,PartingShot,FlareBlitz,Taunt|||F|||50|]Sneasler||WhiteHerb|Unburden|Protect,DireClaw,CloseCombat,FakeOut|||M|||50|]Basculegion||ChoiceScarf|Adaptability|WaveCrash,FlipTurn,AquaJet,LastRespects|||M|||50|]Kingambit||BlackGlasses|Defiant|Protect,SuckerPunch,SwordsDance,KowtowCleave|||F|||50|\n|showteam|p2|Scovillain||Scovillainite|Chlorophyll|Overheat,LeafStorm,RagePowder,Protect|||M|||50|]Espathra||FocusSash|SpeedBoost|LuminaCrash,BatonPass,CalmMind,Protect|||M|||50|]Milotic||Leftovers|Competitive|MuddyWater,IceBeam,Coil,Recover|||F|||50|]Floette-Eternal||Floettite|FlowerVeil|Moonblast,DazzlingGleam,Synthesis,Protect|||F|||50|]Sneasler||WhiteHerb|Unburden|CloseCombat,GunkShot,FakeOut,Protect|||M|||50|]Incineroar||SitrusBerry|Intimidate|FlareBlitz,DarkestLariat,PartingShot,FakeOut|||F|||50|\n|j| Uzumaki Meruem\n|j| toadsamongmen\n|inactive|Battle timer is ON: inactive players will automatically lose when time's up. (requested by It'sJustKen VGC)\n|inactive|21Kieran also wants the timer to be on.\n|\n|t:|1776659782\n|teamsize|p1|4\n|teamsize|p2|4\n|start\n|switch|p1a: Just Dance|Floette-Eternal, L50, F|100/100\n|switch|p1b: Bad Romance|Espathra, L50, M|100/100\n|switch|p2a: Espathra|Espathra, L50, M|100/100\n|switch|p2b: Incineroar|Incineroar, L50, F|100/100\n|-ability|p2b: Incineroar|Intimidate|boost\n|-unboost|p1a: Just Dance|atk|1\n|-unboost|p1b: Bad Romance|atk|1\n|turn|1\n|\n|t:|1776659797\n|switch|p1b: Die With A Smile|Incineroar, L50, F|100/100\n|-ability|p1b: Die With A Smile|Intimidate|boost\n|-unboost|p2a: Espathra|atk|1\n|-unboost|p2b: Incineroar|atk|1\n|move|p1a: Just Dance|Protect|p1a: Just Dance\n|-singleturn|p1a: Just Dance|Protect\n|move|p2b: Incineroar|Fake Out|p1b: Die With A Smile\n|-damage|p1b: Die With A Smile|94/100\n|move|p2a: Espathra|Calm Mind|p2a: Espathra\n|-boost|p2a: Espathra|spa|1\n|-boost|p2a: Espathra|spd|1\n|\n|-ability|p2a: Espathra|Speed Boost|boost\n|-boost|p2a: Espathra|spe|1\n|upkeep\n|turn|2\n|\n|t:|1776659807\n|switch|p2b: Sneasler|Sneasler, L50, M|100/100\n|detailschange|p1a: Just Dance|Floette-Mega, L50, F\n|-mega|p1a: Just Dance|Floette|Floettite\n|-ability|p1a: Just Dance|Fairy Aura\n|move|p2a: Espathra|Protect|p2a: Espathra\n|-singleturn|p2a: Espathra|Protect\n|move|p1b: Die With A Smile|Fake Out|p2b: Sneasler\n|-damage|p2b: Sneasler|88/100\n|move|p1a: Just Dance|Moonblast|p2b: Sneasler\n|-damage|p2b: Sneasler|18/100\n|\n|-ability|p2a: Espathra|Speed Boost|boost\n|-boost|p2a: Espathra|spe|1\n|upkeep\n|turn|3\n|\n|t:|1776659815\n|switch|p1b: Bad Romance|Espathra, L50, M|100/100\n|move|p2a: Espathra|Calm Mind|p2a: Espathra\n|-boost|p2a: Espathra|spa|1\n|-boost|p2a: Espathra|spd|1\n|move|p1a: Just Dance|Substitute|p1a: Just Dance\n|-start|p1a: Just Dance|Substitute\n|-damage|p1a: Just Dance|76/100\n|move|p2b: Sneasler|Close Combat|p1b: Bad Romance\n|-resisted|p1b: Bad Romance|1\n|-damage|p1b: Bad Romance|59/100\n|-unboost|p2b: Sneasler|def|1\n|-unboost|p2b: Sneasler|spd|1\n|-enditem|p2b: Sneasler|White Herb\n|-clearnegativeboost|p2b: Sneasler|[silent]\n|\n|-ability|p2a: Espathra|Speed Boost|boost\n|-boost|p2a: Espathra|spe|1\n|upkeep\n|turn|4\n|\n|t:|1776659833\n|move|p2b: Sneasler|Protect|p2b: Sneasler\n|-singleturn|p2b: Sneasler|Protect\n|move|p2a: Espathra|Baton Pass|p2a: Espathra\n|\n|t:|1776659835\n|switch|p2a: Floette|Floette-Eternal, L50, F|100/100|[from] Baton Pass\n|move|p1b: Bad Romance|Lumina Crash|p2a: Floette\n|-damage|p2a: Floette|87/100\n|-unboost|p2a: Floette|spd|2\n|move|p1a: Just Dance|Dazzling Gleam|p2b: Sneasler|[spread] p2a\n|-activate|p2b: Sneasler|move: Protect\n|-damage|p2a: Floette|52/100\n|\n|-ability|p1b: Bad Romance|Speed Boost|boost\n|-boost|p1b: Bad Romance|spe|1\n|upkeep\n|turn|5\n|inactive|It'sJustKen VGC has 30 seconds left.\n|inactive|It'sJustKen VGC has 20 seconds left.\n|inactive|It'sJustKen VGC has 15 seconds left.\n|inactive|It'sJustKen VGC has 10 seconds left.\n|inactive|It'sJustKen VGC has 5 seconds left.\n|\n|t:|1776659890\n|detailschange|p2a: Floette|Floette-Mega, L50, F\n|-mega|p2a: Floette|Floette|Floettite\n|-ability|p2a: Floette|Fairy Aura\n|move|p1b: Bad Romance|Protect|p1b: Bad Romance\n|-singleturn|p1b: Bad Romance|Protect\n|move|p1a: Just Dance|Protect|p1a: Just Dance\n|-singleturn|p1a: Just Dance|Protect\n|move|p2a: Floette|Dazzling Gleam|p1b: Bad Romance|[spread] \n|-activate|p1a: Just Dance|move: Protect\n|-activate|p1b: Bad Romance|move: Protect\n|move|p2b: Sneasler|Close Combat|p1a: Just Dance\n|-activate|p1a: Just Dance|move: Protect\n|\n|-ability|p1b: Bad Romance|Speed Boost|boost\n|-boost|p1b: Bad Romance|spe|1\n|upkeep\n|turn|6\n|\n|t:|1776659908\n|switch|p2b: Incineroar|Incineroar, L50, F|100/100\n|-ability|p2b: Incineroar|Intimidate|boost\n|-immune|p1a: Just Dance\n|-unboost|p1b: Bad Romance|atk|1\n|move|p1b: Bad Romance|Lumina Crash|p2a: Floette\n|-damage|p2a: Floette|26/100\n|-unboost|p2a: Floette|spd|2\n|move|p2a: Floette|Dazzling Gleam|p1a: Just Dance|[spread] p1a,p1b\n|-end|p1a: Just Dance|Substitute\n|-damage|p1b: Bad Romance|0 fnt\n|faint|p1b: Bad Romance\n|move|p1a: Just Dance|Dazzling Gleam|p2a: Floette|[spread] p2a,p2b\n|-damage|p2a: Floette|0 fnt\n|-damage|p2b: Incineroar|63/100\n|faint|p2a: Floette\n|\n|upkeep\n|\n|t:|1776659917\n|switch|p1b: Die With A Smile|Incineroar, L50, F|94/100\n|switch|p2a: Espathra|Espathra, L50, M|100/100\n|-ability|p1b: Die With A Smile|Intimidate|boost\n|-unboost|p2a: Espathra|atk|1\n|-unboost|p2b: Incineroar|atk|1\n|turn|7\n|c|\u2606It'sJustKen VGC|YES\n|\n|t:|1776659927\n|move|p1b: Die With A Smile|Fake Out|p2b: Incineroar\n|-damage|p2b: Incineroar|55/100\n|cant|p2b: Incineroar|flinch\n|move|p2a: Espathra|Calm Mind|p2a: Espathra\n|-boost|p2a: Espathra|spa|1\n|-boost|p2a: Espathra|spd|1\n|move|p1a: Just Dance|Dazzling Gleam|p2a: Espathra|[spread] p2a,p2b\n|-damage|p2a: Espathra|59/100\n|-damage|p2b: Incineroar|17/100\n|-enditem|p2b: Incineroar|Sitrus Berry|[eat]\n|-heal|p2b: Incineroar|42/100|[from] item: Sitrus Berry\n|\n|-ability|p2a: Espathra|Speed Boost|boost\n|-boost|p2a: Espathra|spe|1\n|upkeep\n|turn|8\n|\n|t:|1776659951\n|switch|p1b: Poker Face|Sneasler, L50, M|100/100\n|move|p2a: Espathra|Protect|p2a: Espathra\n|-singleturn|p2a: Espathra|Protect\n|move|p1a: Just Dance|Moonblast|p2b: Incineroar\n|-crit|p2b: Incineroar\n|-damage|p2b: Incineroar|0 fnt\n|faint|p2b: Incineroar\n|\n|-ability|p2a: Espathra|Speed Boost|boost\n|-boost|p2a: Espathra|spe|1\n|upkeep\n|\n|t:|1776659953\n|switch|p2b: Sneasler|Sneasler, L50, M|18/100\n|turn|9\n|\n|t:|1776659963\n|switch|p1a: Die With A Smile|Incineroar, L50, F|94/100\n|-ability|p1a: Die With A Smile|Intimidate|boost\n|-unboost|p2a: Espathra|atk|1\n|-unboost|p2b: Sneasler|atk|1\n|move|p1b: Poker Face|Fake Out|p2b: Sneasler\n|-damage|p2b: Sneasler|3/100\n|cant|p2b: Sneasler|flinch\n|move|p2a: Espathra|Lumina Crash|p1a: Die With A Smile\n|-immune|p1a: Die With A Smile\n|\n|-ability|p2a: Espathra|Speed Boost|boost\n|-boost|p2a: Espathra|spe|1\n|upkeep\n|turn|10\n|j| KeoneSpirit\n|\n|t:|1776659976\n|switch|p1b: Just Dance|Floette-Mega, L50, F|76/100\n|-ability|p1b: Just Dance|Fairy Aura\n|move|p2a: Espathra|Protect|p2a: Espathra\n|-singleturn|p2a: Espathra|Protect\n|move|p2b: Sneasler|Protect|p2b: Sneasler\n|-singleturn|p2b: Sneasler|Protect\n|move|p1a: Die With A Smile|Parting Shot|p1b: Just Dance\n|-unboost|p1b: Just Dance|atk|1\n|-unboost|p1b: Just Dance|spa|1\n|c|\u260621Kieran|uhm\n|\n|t:|1776659979\n|switch|p1a: Poker Face|Sneasler, L50, M|100/100|[from] Parting Shot\n|\n|-ability|p2a: Espathra|Speed Boost|boost\n|-boost|p2a: Espathra|spe|1\n|upkeep\n|turn|11\n|l| Uzumaki Meruem\n|\n|t:|1776659985\n|switch|p1b: Die With A Smile|Incineroar, L50, F|94/100\n|-ability|p1b: Die With A Smile|Intimidate|boost\n|-unboost|p2a: Espathra|atk|1\n|-unboost|p2b: Sneasler|atk|1\n|move|p1a: Poker Face|Fake Out|p2b: Sneasler\n|-damage|p2b: Sneasler|0 fnt\n|faint|p2b: Sneasler\n|move|p2a: Espathra|Lumina Crash|p1a: Poker Face\n|-supereffective|p1a: Poker Face|2\n|-damage|p1a: Poker Face|0 fnt\n|faint|p1a: Poker Face\n|\n|-ability|p2a: Espathra|Speed Boost|boost\n|-boost|p2a: Espathra|spe|1\n|upkeep\n|\n|t:|1776659987\n|switch|p1a: Just Dance|Floette-Mega, L50, F|76/100\n|-ability|p1a: Just Dance|Fairy Aura\n|turn|12\n|\n|t:|1776659990\n|move|p2a: Espathra|Protect|p2a: Espathra\n|-singleturn|p2a: Espathra|Protect\n|move|p1b: Die With A Smile|Fake Out|p2a: Espathra\n|-activate|p2a: Espathra|move: Protect\n|move|p1a: Just Dance|Substitute|p1a: Just Dance\n|-start|p1a: Just Dance|Substitute\n|-damage|p1a: Just Dance|51/100\n|\n|-ability|p2a: Espathra|Speed Boost|boost\n|-boost|p2a: Espathra|spe|1\n|upkeep\n|turn|13\n|c|\u2606It'sJustKen VGC|gg wp\n|\n|t:|1776659996\n|move|p2a: Espathra|Lumina Crash|p1a: Just Dance\n|-end|p1a: Just Dance|Substitute\n|move|p1a: Just Dance|Moonblast|p2a: Espathra\n|-damage|p2a: Espathra|0 fnt\n|faint|p2a: Espathra\n|\n|win|It'sJustKen VGC\n|c|\u2606It'sJustKen VGC|whew\n|c|\u260621Kieran|gg\n",
  "uploadtime": 1776659996,
  "views": 9,
  "formatid": "gen9championsvgc2026regma",
  "rating": null,
  "private": 0,
  "password": null
}