{
  "id": "gen9championsvgc2026regma-2580497009",
  "format": "[Gen 9 Champions] VGC 2026 Reg M-A",
  "players": [
    "Dupperdipper",
    "yubanmeiqin"
  ],
  "log": "|j|\u2606Dupperdipper\n|j|\u2606yubanmeiqin\n|t:|1775905038\n|gametype|doubles\n|player|p1|Dupperdipper|gambler|1045\n|player|p2|yubanmeiqin|lillie-masters2|1083\n|gen|9\n|tier|[Gen 9 Champions] VGC 2026 Reg M-A\n|rated|\n|rule|Species Clause: Limit one of each Pok\u00e9mon\n|rule|Item Clause: Limit 1 of each item\n|clearpoke\n|poke|p1|Incineroar, L50, M|\n|poke|p1|Gengar, L50, M|\n|poke|p1|Sinistcha-Masterpiece, L50|\n|poke|p1|Kingambit, L50, M|\n|poke|p1|Tyranitar, L50, F|\n|poke|p1|Kommo-o, L50, M|\n|poke|p2|Floette-Eternal, L50, F|\n|poke|p2|Dragapult, L50, F|\n|poke|p2|Talonflame, L50, F|\n|poke|p2|Tyranitar, L50, F|\n|poke|p2|Excadrill, L50, M|\n|poke|p2|Rotom-Wash, L50|\n|teampreview|4\n|inactive|Battle timer is ON: inactive players will automatically lose when time's up. (requested by Dupperdipper)\n|inactive|yubanmeiqin has 60 seconds left.\n|\n|t:|1775905072\n|teamsize|p1|4\n|teamsize|p2|4\n|start\n|switch|p1a: Octo\u2019s Mom|Gengar, L50, M, shiny|100/100\n|switch|p1b: Champ|Incineroar, L50, M, shiny|100/100\n|switch|p2a: Dragapult|Dragapult, L50, F, shiny|100/100\n|switch|p2b: Rotom|Rotom-Wash, L50|100/100\n|-ability|p1b: Champ|Intimidate|boost\n|-fail|p2a: Dragapult|unboost|[from] ability: Clear Body|[of] p2a: Dragapult\n|-unboost|p2b: Rotom|atk|1\n|turn|1\n|\n|t:|1775905089\n|detailschange|p1a: Octo\u2019s Mom|Gengar-Mega, L50, M, shiny\n|-mega|p1a: Octo\u2019s Mom|Gengar|Gengarite\n|move|p2a: Dragapult|Protect|p2a: Dragapult\n|-singleturn|p2a: Dragapult|Protect\n|move|p1b: Champ|Fake Out|p2b: Rotom\n|-damage|p2b: Rotom|86/100\n|cant|p2b: Rotom|flinch\n|move|p1a: Octo\u2019s Mom|Shadow Ball|p2a: Dragapult\n|-activate|p2a: Dragapult|move: Protect\n|\n|upkeep\n|turn|2\n|\n|t:|1775905104\n|move|p2b: Rotom|Volt Switch|p1a: Octo\u2019s Mom\n|-damage|p1a: Octo\u2019s Mom|68/100\n|\n|t:|1775905111\n|switch|p2b: Floette|Floette-Eternal, L50, F|100/100|[from] Volt Switch\n|move|p2a: Dragapult|Shadow Ball|p1a: Octo\u2019s Mom\n|-supereffective|p1a: Octo\u2019s Mom|1\n|-damage|p1a: Octo\u2019s Mom|0 fnt\n|faint|p1a: Octo\u2019s Mom\n|move|p1b: Champ|Throat Chop|p2a: Dragapult\n|-supereffective|p2a: Dragapult|1\n|-enditem|p2a: Dragapult|Colbur Berry|[eat]\n|-enditem|p2a: Dragapult|Colbur Berry|[weaken]\n|-damage|p2a: Dragapult|60/100\n|-start|p2a: Dragapult|Throat Chop|[silent]\n|\n|upkeep\n|\n|t:|1775905119\n|switch|p1a: Shiek|Kingambit, L50, M, shiny|100/100\n|turn|3\n|\n|t:|1775905128\n|detailschange|p2b: Floette|Floette-Mega, L50, F\n|-mega|p2b: Floette|Floette|Floettite\n|-ability|p2b: Floette|Fairy Aura\n|move|p2a: Dragapult|Will-O-Wisp|p1a: Shiek|[miss]\n|-miss|p2a: Dragapult|p1a: Shiek\n|move|p2b: Floette|Moonblast|p1b: Champ\n|-damage|p1b: Champ|43/100\n|-unboost|p1b: Champ|spa|1\n|move|p1b: Champ|Parting Shot|p2b: Floette\n|-unboost|p2b: Floette|atk|1\n|-unboost|p2b: Floette|spa|1\n|\n|t:|1775905140\n|switch|p1b: Finch|Kommo-o, L50, M|100/100|[from] Parting Shot\n|move|p1a: Shiek|Iron Head|p2b: Floette\n|-supereffective|p2b: Floette|1\n|-damage|p2b: Floette|0 fnt\n|faint|p2b: Floette\n|\n|-end|p2a: Dragapult|Throat Chop|[silent]\n|upkeep\n|\n|t:|1775905146\n|switch|p2b: Excadrill|Excadrill, L50, M|100/100\n|turn|4\n|\n|t:|1775905166\n|switch|p1a: Champ|Incineroar, L50, M, shiny|43/100\n|-ability|p1a: Champ|Intimidate|boost\n|-fail|p2a: Dragapult|unboost|[from] ability: Clear Body|[of] p2a: Dragapult\n|-unboost|p2b: Excadrill|atk|1\n|move|p2a: Dragapult|Draco Meteor|p1b: Finch\n|-supereffective|p1b: Finch|1\n|-damage|p1b: Finch|0 fnt\n|-unboost|p2a: Dragapult|spa|2\n|faint|p1b: Finch\n|move|p2b: Excadrill|Earthquake|p1a: Champ|[spread] p2a,p1a\n|-supereffective|p1a: Champ|1\n|-enditem|p1a: Champ|Shuca Berry|[eat]\n|-enditem|p1a: Champ|Shuca Berry|[weaken]\n|-damage|p2a: Dragapult|22/100\n|-damage|p1a: Champ|20/100\n|\n|upkeep\n|\n|t:|1775905175\n|switch|p1b: Shiek|Kingambit, L50, M, shiny|100/100\n|turn|5\n|\n|t:|1775905190\n|move|p1a: Champ|Protect|p1a: Champ\n|-singleturn|p1a: Champ|Protect\n|move|p1b: Shiek|Sucker Punch||[still]\n|-fail|p1b: Shiek\n|move|p2a: Dragapult|Will-O-Wisp|p1b: Shiek|[miss]\n|-miss|p2a: Dragapult|p1b: Shiek\n|move|p2b: Excadrill|Rock Slide|p1b: Shiek|[spread] p1b\n|-activate|p1a: Champ|move: Protect\n|-resisted|p1b: Shiek|1\n|-damage|p1b: Shiek|96/100\n|\n|upkeep\n|turn|6\n|\n|t:|1775905200\n|move|p2a: Dragapult|Will-O-Wisp|p1b: Shiek\n|-status|p1b: Shiek|brn\n|move|p2b: Excadrill|Rock Slide|p1b: Shiek|[spread] p1a,p1b\n|-supereffective|p1a: Champ|1\n|-resisted|p1b: Shiek|1\n|-damage|p1a: Champ|0 fnt\n|-damage|p1b: Shiek|91/100 brn\n|faint|p1a: Champ\n|move|p1b: Shiek|Low Kick|p2b: Excadrill\n|-supereffective|p2b: Excadrill|1\n|-damage|p2b: Excadrill|69/100\n|\n|-damage|p1b: Shiek|86/100 brn|[from] brn\n|upkeep\n|turn|7\n|\n|t:|1775905214\n|switch|p2a: Rotom|Rotom-Wash, L50|86/100\n|move|p1b: Shiek|Protect|p1b: Shiek\n|-singleturn|p1b: Shiek|Protect\n|move|p2b: Excadrill|Earthquake|p1b: Shiek|[spread] \n|-activate|p1b: Shiek|move: Protect\n|-immune|p2a: Rotom|[from] ability: Levitate\n|\n|-damage|p1b: Shiek|80/100 brn|[from] brn\n|upkeep\n|turn|8\n|-message|Dupperdipper forfeited.\n|\n|win|yubanmeiqin\n|raw|Dupperdipper's rating: 1045 &rarr; <strong>1030</strong><br />(-15 for losing)\n|raw|yubanmeiqin's rating: 1083 &rarr; <strong>1108</strong><br />(+25 for winning)\n|l|\u2606Dupperdipper\n|player|p1|\n",
  "uploadtime": 1775905225,
  "views": 17,
  "formatid": "gen9championsvgc2026regma",
  "rating": 1030,
  "private": 0,
  "password": null
}