{
  "id": "gen9championsvgc2026regma-2581239583",
  "format": "[Gen 9 Champions] VGC 2026 Reg M-A",
  "players": [
    "hello_5555",
    "dinonett"
  ],
  "log": "|j|\u2606hello_5555\n|j|\u2606dinonett\n|t:|1775974869\n|gametype|doubles\n|player|p1|hello_5555|rocketgruntf|1075\n|player|p2|dinonett|red-lgpe|1060\n|gen|9\n|tier|[Gen 9 Champions] VGC 2026 Reg M-A\n|rated|\n|rule|Species Clause: Limit one of each Pok\u00e9mon\n|rule|Item Clause: Limit 1 of each item\n|clearpoke\n|poke|p1|Crabominable, L50, M|\n|poke|p1|Whimsicott, L50, F|\n|poke|p1|Basculegion, L50, M|\n|poke|p1|Ninetales-Alola, L50, M|\n|poke|p1|Incineroar, L50, M|\n|poke|p1|Farigiraf, L50, F|\n|poke|p2|Slowking, L50, M|\n|poke|p2|Incineroar, L50, M|\n|poke|p2|Crabominable, L50, M|\n|poke|p2|Hatterene, L50, F|\n|poke|p2|Tsareena, L50, F|\n|poke|p2|Camerupt, L50, M|\n|teampreview|4\n|\n|t:|1775974910\n|teamsize|p1|4\n|teamsize|p2|4\n|start\n|switch|p1a: Incineroar|Incineroar, L50, M|100/100\n|switch|p1b: Farigiraf|Farigiraf, L50, F|100/100\n|switch|p2a: Slowking|Slowking, L50, M|100/100\n|switch|p2b: Incineroar|Incineroar, L50, M|100/100\n|-ability|p1a: Incineroar|Intimidate|boost\n|-fail|p2a: Slowking|unboost|Attack|[from] ability: Oblivious|[of] p2a: Slowking\n|-unboost|p2b: Incineroar|atk|1\n|-ability|p2b: Incineroar|Intimidate|boost\n|-unboost|p1a: Incineroar|atk|1\n|-unboost|p1b: Farigiraf|atk|1\n|turn|1\n|\n|t:|1775974948\n|move|p1a: Incineroar|Fake Out|p2a: Slowking\n|-damage|p2a: Slowking|92/100\n|move|p1b: Farigiraf|Hyper Voice|p2b: Incineroar|[spread] p2a,p2b\n|-damage|p2a: Slowking|65/100\n|-damage|p2b: Incineroar|66/100\n|move|p2b: Incineroar|Darkest Lariat|p1b: Farigiraf\n|-supereffective|p1b: Farigiraf|1\n|-damage|p1b: Farigiraf|32/100\n|cant|p2a: Slowking|flinch\n|\n|upkeep\n|turn|2\n|\n|t:|1775975032\n|switch|p1b: Ninetales|Ninetales-Alola, L50, M|100/100\n|-weather|Snowscape|[from] ability: Snow Warning|[of] p1b: Ninetales\n|move|p1a: Incineroar|Parting Shot|p2b: Incineroar\n|-unboost|p2b: Incineroar|atk|1\n|-unboost|p2b: Incineroar|spa|1\n|\n|t:|1775975046\n|switch|p1a: Crabominable|Crabominable, L50, M|100/100|[from] Parting Shot\n|move|p2b: Incineroar|Darkest Lariat|p1b: Ninetales\n|-resisted|p1b: Ninetales|1\n|-damage|p1b: Ninetales|88/100\n|move|p2a: Slowking|Trick Room|p2a: Slowking\n|-fieldstart|move: Trick Room|[of] p2a: Slowking\n|\n|-weather|Snowscape|[upkeep]\n|-heal|p1b: Ninetales|94/100|[from] item: Leftovers\n|upkeep\n|turn|3\n|\n|t:|1775975069\n|detailschange|p1a: Crabominable|Crabominable-Mega, L50, M\n|-mega|p1a: Crabominable|Crabominable|Crabominite\n|move|p2a: Slowking|Scald|p1a: Crabominable\n|-damage|p1a: Crabominable|74/100\n|move|p1a: Crabominable|Drain Punch|p2b: Incineroar\n|-supereffective|p2b: Incineroar|1\n|-damage|p2b: Incineroar|0 fnt\n|-heal|p1a: Crabominable|100/100|[from] drain|[of] p2b: Incineroar\n|faint|p2b: Incineroar\n|move|p1b: Ninetales|Aurora Veil|p1b: Ninetales\n|-sidestart|p1: hello_5555|move: Aurora Veil\n|\n|-weather|Snowscape|[upkeep]\n|-heal|p1b: Ninetales|100/100|[from] item: Leftovers\n|upkeep\n|\n|t:|1775975081\n|switch|p2b: Crabominable|Crabominable, L50, M, shiny|100/100\n|turn|4\n|\n|t:|1775975119\n|switch|p1b: Incineroar|Incineroar, L50, M|100/100\n|-ability|p1b: Incineroar|Intimidate|boost\n|-fail|p2a: Slowking|unboost|Attack|[from] ability: Oblivious|[of] p2a: Slowking\n|-fail|p2b: Crabominable|unboost|Attack|[from] ability: Hyper Cutter|[of] p2b: Crabominable\n|detailschange|p2b: Crabominable|Crabominable-Mega, L50, M, shiny\n|-mega|p2b: Crabominable|Crabominable|Crabominite\n|move|p2a: Slowking|Scald|p1a: Crabominable\n|-damage|p1a: Crabominable|81/100\n|move|p2b: Crabominable|Ice Hammer|p1a: Crabominable\n|-resisted|p1a: Crabominable|1\n|-damage|p1a: Crabominable|69/100\n|-unboost|p2b: Crabominable|spe|1\n|move|p1a: Crabominable|Drain Punch|p2b: Crabominable\n|-supereffective|p2b: Crabominable|1\n|-damage|p2b: Crabominable|45/100\n|-heal|p1a: Crabominable|100/100|[from] drain|[of] p2b: Crabominable\n|\n|-weather|Snowscape|[upkeep]\n|upkeep\n|turn|5\n|\n|t:|1775975191\n|move|p1b: Incineroar|Fake Out|p2a: Slowking\n|-damage|p2a: Slowking|53/100\n|move|p2b: Crabominable|Close Combat|p1a: Crabominable\n|-supereffective|p1a: Crabominable|1\n|-damage|p1a: Crabominable|54/100\n|-unboost|p2b: Crabominable|def|1\n|-unboost|p2b: Crabominable|spd|1\n|cant|p2a: Slowking|flinch\n|move|p1a: Crabominable|Drain Punch|p2b: Crabominable\n|-supereffective|p2b: Crabominable|1\n|-damage|p2b: Crabominable|0 fnt\n|-heal|p1a: Crabominable|80/100|[from] drain|[of] p2b: Crabominable\n|faint|p2b: Crabominable\n|\n|-weather|Snowscape|[upkeep]\n|upkeep\n|-message|dinonett forfeited.\n|\n|win|hello_5555\n|raw|hello_5555's rating: 1075 &rarr; <strong>1103</strong><br />(+28 for winning)\n|raw|dinonett's rating: 1060 &rarr; <strong>1042</strong><br />(-18 for losing)\n|l|\u2606dinonett\n|player|p2|\n",
  "uploadtime": 1775975276,
  "views": 13,
  "formatid": "gen9championsvgc2026regma",
  "rating": 1042,
  "private": 0,
  "password": null
}