{
  "id": "gen9championsvgc2026regma-2586943440",
  "format": "[Gen 9 Champions] VGC 2026 Reg M-A",
  "players": [
    "Crit Merchant",
    "yubanmeiqin\u4e24\u4eea\u5f0f"
  ],
  "log": "|j|\u2606Crit Merchant\n|j|\u2606yubanmeiqin\u4e24\u4eea\u5f0f\n|t:|1776474157\n|gametype|doubles\n|player|p1|Crit Merchant|101|1442\n|player|p2|yubanmeiqin\u4e24\u4eea\u5f0f|lillie-masters2|1482\n|gen|9\n|tier|[Gen 9 Champions] VGC 2026 Reg M-A\n|rated|\n|rule|Species Clause: Limit one of each Pok\u00e9mon\n|rule|Item Clause: Limit 1 of each item\n|clearpoke\n|poke|p1|Whimsicott, L50, F|\n|poke|p1|Pelipper, L50, M|\n|poke|p1|Archaludon, L50, F|\n|poke|p1|Basculegion, L50, M|\n|poke|p1|Dragonite, L50, M|\n|poke|p1|Sneasler, L50, M|\n|poke|p2|Delphox, L50, F|\n|poke|p2|Venusaur, L50, M|\n|poke|p2|Garchomp, L50, F|\n|poke|p2|Sneasler, L50, F|\n|poke|p2|Rotom-Wash, L50|\n|poke|p2|Clefable, L50, F|\n|teampreview|4\n|j| youwillbow\n|\n|t:|1776474191\n|teamsize|p1|4\n|teamsize|p2|4\n|start\n|switch|p1a: Whimsicott|Whimsicott, L50, F|100/100\n|switch|p1b: Basculegion|Basculegion, L50, M|100/100\n|switch|p2a: \u6076\u5146\u4e4b\u82b1 \u547d\u8fd0\u4e4b\u82b1|Venusaur, L50, M, shiny|100/100\n|switch|p2b: \u52a0\u6e7f\u52a0\u6e29|Rotom-Wash, L50, shiny|100/100\n|turn|1\n|\n|t:|1776474216\n|detailschange|p2a: \u6076\u5146\u4e4b\u82b1 \u547d\u8fd0\u4e4b\u82b1|Venusaur-Mega, L50, M, shiny\n|-mega|p2a: \u6076\u5146\u4e4b\u82b1 \u547d\u8fd0\u4e4b\u82b1|Venusaur|Venusaurite\n|move|p1a: Whimsicott|Protect|p1a: Whimsicott\n|-singleturn|p1a: Whimsicott|Protect\n|move|p2b: \u52a0\u6e7f\u52a0\u6e29|Electroweb|p1b: Basculegion|[spread] p1b\n|-activate|p1a: Whimsicott|move: Protect\n|-supereffective|p1b: Basculegion|1\n|-damage|p1b: Basculegion|57/100\n|-unboost|p1b: Basculegion|spe|1\n|move|p1b: Basculegion|Flip Turn|p2a: \u6076\u5146\u4e4b\u82b1 \u547d\u8fd0\u4e4b\u82b1\n|-resisted|p2a: \u6076\u5146\u4e4b\u82b1 \u547d\u8fd0\u4e4b\u82b1|1\n|-damage|p2a: \u6076\u5146\u4e4b\u82b1 \u547d\u8fd0\u4e4b\u82b1|83/100\n|\n|t:|1776474232\n|switch|p1b: Dragonite|Dragonite, L50, M|100/100|[from] Flip Turn\n|move|p2a: \u6076\u5146\u4e4b\u82b1 \u547d\u8fd0\u4e4b\u82b1|Sludge Bomb|p1a: Whimsicott\n|-activate|p1a: Whimsicott|move: Protect\n|\n|upkeep\n|turn|2\n|\n|t:|1776474250\n|move|p1b: Dragonite|Protect|p1b: Dragonite\n|-singleturn|p1b: Dragonite|Protect\n|move|p2a: \u6076\u5146\u4e4b\u82b1 \u547d\u8fd0\u4e4b\u82b1|Protect|p2a: \u6076\u5146\u4e4b\u82b1 \u547d\u8fd0\u4e4b\u82b1\n|-singleturn|p2a: \u6076\u5146\u4e4b\u82b1 \u547d\u8fd0\u4e4b\u82b1|Protect\n|move|p1a: Whimsicott|Tailwind|p1a: Whimsicott\n|-sidestart|p1: Crit Merchant|move: Tailwind\n|move|p2b: \u52a0\u6e7f\u52a0\u6e29|Electroweb|p1a: Whimsicott|[spread] p1a\n|-activate|p1b: Dragonite|move: Protect\n|-resisted|p1a: Whimsicott|1\n|-damage|p1a: Whimsicott|85/100\n|-unboost|p1a: Whimsicott|spe|1\n|\n|upkeep\n|turn|3\n|\n|t:|1776474270\n|switch|p2a: \u62c9\u6016\u6016|Sneasler, L50, F, shiny|100/100\n|detailschange|p1b: Dragonite|Dragonite-Mega, L50, M\n|-mega|p1b: Dragonite|Dragonite|Dragoninite\n|move|p1a: Whimsicott|Encore||[still]\n|-fail|p1a: Whimsicott\n|move|p1b: Dragonite|Thunder|p2b: \u52a0\u6e7f\u52a0\u6e29|[miss]\n|-miss|p1b: Dragonite|p2b: \u52a0\u6e7f\u52a0\u6e29\n|move|p2b: \u52a0\u6e7f\u52a0\u6e29|Electroweb|p1b: Dragonite|[spread] p1a,p1b\n|-resisted|p1a: Whimsicott|1\n|-damage|p1a: Whimsicott|70/100\n|-damage|p1b: Dragonite|94/100\n|-unboost|p1a: Whimsicott|spe|1\n|-unboost|p1b: Dragonite|spe|1\n|\n|upkeep\n|turn|4\n|\n|t:|1776474289\n|move|p1a: Whimsicott|Protect|p1a: Whimsicott\n|-singleturn|p1a: Whimsicott|Protect\n|move|p1b: Dragonite|Protect|p1b: Dragonite\n|-singleturn|p1b: Dragonite|Protect\n|move|p2b: \u52a0\u6e7f\u52a0\u6e29|Electroweb|p1a: Whimsicott|[spread] \n|-activate|p1a: Whimsicott|move: Protect\n|-activate|p1b: Dragonite|move: Protect\n|move|p2a: \u62c9\u6016\u6016|Dire Claw|p1b: Dragonite\n|-activate|p1b: Dragonite|move: Protect\n|\n|upkeep\n|turn|5\n|\n|t:|1776474303\n|switch|p1a: Pelipper|Pelipper, L50, M|100/100\n|-weather|RainDance|[from] ability: Drizzle|[of] p1a: Pelipper\n|move|p2b: \u52a0\u6e7f\u52a0\u6e29|Electroweb|p1b: Dragonite|[spread] p1a,p1b\n|-supereffective|p1a: Pelipper|2\n|-damage|p1a: Pelipper|0 fnt\n|-damage|p1b: Dragonite|79/100\n|-unboost|p1b: Dragonite|spe|1\n|faint|p1a: Pelipper\n|move|p2a: \u62c9\u6016\u6016|Dire Claw|p1b: Dragonite\n|-damage|p1b: Dragonite|43/100\n|-status|p1b: Dragonite|par\n|move|p1b: Dragonite|Hurricane|p2a: \u62c9\u6016\u6016\n|-supereffective|p2a: \u62c9\u6016\u6016|1\n|-enditem|p2a: \u62c9\u6016\u6016|Focus Sash\n|-damage|p2a: \u62c9\u6016\u6016|1/100\n|\n|-weather|RainDance|[upkeep]\n|-sideend|p1: Crit Merchant|move: Tailwind\n|upkeep\n|j| GoodraSweetheart76\n|\n|t:|1776474323\n|switch|p1a: Whimsicott|Whimsicott, L50, F|70/100\n|turn|6\n|\n|t:|1776474328\n|move|p1a: Whimsicott|Tailwind|p1a: Whimsicott\n|-sidestart|p1: Crit Merchant|move: Tailwind\n|move|p2a: \u62c9\u6016\u6016|Dire Claw|p1b: Dragonite\n|-damage|p1b: Dragonite|9/100 par\n|move|p2b: \u52a0\u6e7f\u52a0\u6e29|Electroweb|p1b: Dragonite|[spread] p1a,p1b\n|-resisted|p1a: Whimsicott|1\n|-damage|p1a: Whimsicott|56/100\n|-damage|p1b: Dragonite|0 fnt\n|-unboost|p1a: Whimsicott|spe|1\n|faint|p1b: Dragonite\n|\n|-weather|RainDance|[upkeep]\n|upkeep\n|\n|t:|1776474336\n|switch|p1b: Basculegion|Basculegion, L50, M|57/100\n|turn|7\n|\n|t:|1776474343\n|move|p1b: Basculegion|Last Respects|p2b: \u52a0\u6e7f\u52a0\u6e29\n|-damage|p2b: \u52a0\u6e7f\u52a0\u6e29|0 fnt\n|faint|p2b: \u52a0\u6e7f\u52a0\u6e29\n|move|p2a: \u62c9\u6016\u6016|Dire Claw|p1b: Basculegion\n|-resisted|p1b: Basculegion|1\n|-damage|p1b: Basculegion|28/100\n|-status|p1b: Basculegion|par\n|move|p1a: Whimsicott|Moonblast|p2a: \u62c9\u6016\u6016\n|-damage|p2a: \u62c9\u6016\u6016|0 fnt\n|faint|p2a: \u62c9\u6016\u6016\n|\n|-weather|RainDance|[upkeep]\n|upkeep\n|\n|t:|1776474352\n|switch|p2a: \u804b\uff0c\u53ef\u662f\u5730\u4ea1\u4e4b\u5f81\u554a|Garchomp, L50, F, shiny|100/100\n|switch|p2b: \u6076\u5146\u4e4b\u82b1 \u547d\u8fd0\u4e4b\u82b1|Venusaur-Mega, L50, M, shiny|83/100\n|turn|8\n|\n|t:|1776474369\n|move|p1a: Whimsicott|Protect|p1a: Whimsicott\n|-singleturn|p1a: Whimsicott|Protect\n|move|p1b: Basculegion|Last Respects|p2b: \u6076\u5146\u4e4b\u82b1 \u547d\u8fd0\u4e4b\u82b1\n|-damage|p2b: \u6076\u5146\u4e4b\u82b1 \u547d\u8fd0\u4e4b\u82b1|4/100\n|move|p2a: \u804b\uff0c\u53ef\u662f\u5730\u4ea1\u4e4b\u5f81\u554a|Dragon Claw|p1b: Basculegion\n|-damage|p1b: Basculegion|0 fnt\n|faint|p1b: Basculegion\n|move|p2b: \u6076\u5146\u4e4b\u82b1 \u547d\u8fd0\u4e4b\u82b1|Sludge Bomb|p1a: Whimsicott\n|-activate|p1a: Whimsicott|move: Protect\n|\n|-weather|RainDance|[upkeep]\n|upkeep\n|turn|9\n|\n|t:|1776474391\n|move|p1a: Whimsicott|Moonblast|p2b: \u6076\u5146\u4e4b\u82b1 \u547d\u8fd0\u4e4b\u82b1\n|-resisted|p2b: \u6076\u5146\u4e4b\u82b1 \u547d\u8fd0\u4e4b\u82b1|1\n|-damage|p2b: \u6076\u5146\u4e4b\u82b1 \u547d\u8fd0\u4e4b\u82b1|0 fnt\n|faint|p2b: \u6076\u5146\u4e4b\u82b1 \u547d\u8fd0\u4e4b\u82b1\n|move|p2a: \u804b\uff0c\u53ef\u662f\u5730\u4ea1\u4e4b\u5f81\u554a|Stomping Tantrum|p1a: Whimsicott\n|-resisted|p1a: Whimsicott|1\n|-damage|p1a: Whimsicott|30/100\n|\n|-weather|none\n|-sideend|p1: Crit Merchant|move: Tailwind\n|upkeep\n|turn|10\n|\n|t:|1776474405\n|move|p2a: \u804b\uff0c\u53ef\u662f\u5730\u4ea1\u4e4b\u5f81\u554a|Stomping Tantrum|p1a: Whimsicott\n|-resisted|p1a: Whimsicott|1\n|-damage|p1a: Whimsicott|0 fnt\n|faint|p1a: Whimsicott\n|\n|win|yubanmeiqin\u4e24\u4eea\u5f0f\n|raw|Crit Merchant's rating: 1442 &rarr; <strong>1424</strong><br />(-18 for losing)\n|raw|yubanmeiqin\u4e24\u4eea\u5f0f's rating: 1482 &rarr; <strong>1500</strong><br />(+18 for winning)\n|l|\u2606Crit Merchant\n|player|p1|\n",
  "uploadtime": 1776474413,
  "views": 38,
  "formatid": "gen9championsvgc2026regma",
  "rating": 1424,
  "private": 0,
  "password": null
}