{
  "id": "gen9championsvgc2026regma-2586527593",
  "format": "[Gen 9 Champions] VGC 2026 Reg M-A",
  "players": [
    "PhpRyV",
    "Febi"
  ],
  "log": "|j|\u2606PhpRyV\n|j|\u2606Febi\n|t:|1776440767\n|gametype|doubles\n|player|p1|PhpRyV|pokemonbreeder-gen4|1126\n|player|p2|Febi|170|1032\n|gen|9\n|tier|[Gen 9 Champions] VGC 2026 Reg M-A\n|rated|\n|rule|Species Clause: Limit one of each Pok\u00e9mon\n|rule|Item Clause: Limit 1 of each item\n|clearpoke\n|poke|p1|Lycanroc-Dusk, L50, M|\n|poke|p1|Garchomp, L50, M|\n|poke|p1|Incineroar, L50, M|\n|poke|p1|Ceruledge, L50, M|\n|poke|p1|Rotom-Wash, L50|\n|poke|p1|Gallade, L50, M|\n|poke|p2|Floette-Eternal, L50, F|\n|poke|p2|Incineroar, L50, M|\n|poke|p2|Pelipper, L50, F|\n|poke|p2|Sinistcha, L50|\n|poke|p2|Archaludon, L50, F|\n|poke|p2|Basculegion, L50, M|\n|teampreview|4\n|\n|t:|1776440794\n|teamsize|p1|4\n|teamsize|p2|4\n|start\n|switch|p1a: Garchomp|Garchomp, L50, M|100/100\n|switch|p1b: Rotom|Rotom-Wash, L50|100/100\n|switch|p2a: Pelipper|Pelipper, L50, F|100/100\n|switch|p2b: Floette|Floette-Eternal, L50, F|100/100\n|-weather|RainDance|[from] ability: Drizzle|[of] p2a: Pelipper\n|turn|1\n|inactive|Battle timer is ON: inactive players will automatically lose when time's up. (requested by Febi)\n|\n|t:|1776440820\n|switch|p2a: Incineroar|Incineroar, L50, M, shiny|100/100\n|-ability|p2a: Incineroar|Intimidate|boost\n|-unboost|p1a: Garchomp|atk|1\n|-unboost|p1b: Rotom|atk|1\n|move|p1a: Garchomp|Poison Jab|p2b: Floette\n|-supereffective|p2b: Floette|1\n|-damage|p2b: Floette|47/100\n|-status|p2b: Floette|psn\n|move|p2b: Floette|Calm Mind|p2b: Floette\n|-boost|p2b: Floette|spa|1\n|-boost|p2b: Floette|spd|1\n|move|p1b: Rotom|Discharge|p2b: Floette|[spread] p2a,p2b\n|-immune|p1a: Garchomp\n|-damage|p2a: Incineroar|73/100\n|-damage|p2b: Floette|28/100 psn\n|\n|-weather|RainDance|[upkeep]\n|-damage|p2b: Floette|16/100 psn|[from] psn\n|upkeep\n|turn|2\n|inactive|Febi has 30 seconds left.\n|\n|t:|1776440846\n|detailschange|p2b: Floette|Floette-Mega, L50, F\n|-mega|p2b: Floette|Floette|Floettite\n|-ability|p2b: Floette|Fairy Aura\n|move|p2a: Incineroar|Fake Out|p1a: Garchomp\n|-damage|p1a: Garchomp|89/100\n|-damage|p2a: Incineroar|60/100|[from] ability: Rough Skin|[of] p1a: Garchomp\n|cant|p1a: Garchomp|flinch\n|move|p2b: Floette|Giga Drain|p1a: Garchomp\n|-damage|p1a: Garchomp|35/100\n|-heal|p2b: Floette|49/100 psn|[from] drain|[of] p1a: Garchomp\n|move|p1b: Rotom|Discharge|p2a: Incineroar|[spread] p2a,p2b\n|-immune|p1a: Garchomp\n|-damage|p2a: Incineroar|33/100\n|-damage|p2b: Floette|33/100 psn\n|-enditem|p2a: Incineroar|Sitrus Berry|[eat]\n|-heal|p2a: Incineroar|58/100|[from] item: Sitrus Berry\n|\n|-weather|RainDance|[upkeep]\n|-damage|p2b: Floette|21/100 psn|[from] psn\n|upkeep\n|turn|3\n|inactive|PhpRyV has 30 seconds left.\n|inactive|Febi has 30 seconds left.\n|inactive|PhpRyV has 20 seconds left.\n|inactive|PhpRyV has 15 seconds left.\n|\n|t:|1776440889\n|move|p2b: Floette|Protect|p2b: Floette\n|-singleturn|p2b: Floette|Protect\n|move|p1a: Garchomp|Poison Jab|p2b: Floette\n|-activate|p2b: Floette|move: Protect\n|move|p1b: Rotom|Hydro Pump|p2a: Incineroar\n|-supereffective|p2a: Incineroar|1\n|-crit|p2a: Incineroar\n|-damage|p2a: Incineroar|0 fnt\n|faint|p2a: Incineroar\n|\n|-weather|RainDance|[upkeep]\n|-damage|p2b: Floette|9/100 psn|[from] psn\n|upkeep\n|\n|t:|1776440916\n|switch|p2a: Archaludon|Archaludon, L50, F|100/100\n|turn|4\n|inactive|PhpRyV has 30 seconds left.\n|\n|t:|1776440948\n|switch|p1a: Incineroar|Incineroar, L50, M|100/100\n|-ability|p1a: Incineroar|Intimidate|boost\n|-unboost|p2a: Archaludon|atk|1\n|-unboost|p2b: Floette|atk|1\n|move|p1b: Rotom|Protect|p1b: Rotom\n|-singleturn|p1b: Rotom|Protect\n|move|p2b: Floette|Giga Drain|p1b: Rotom\n|-activate|p1b: Rotom|move: Protect\n|move|p2a: Archaludon|Electro Shot||[still]\n|-prepare|p2a: Archaludon|Electro Shot\n|-boost|p2a: Archaludon|spa|1\n|-anim|p2a: Archaludon|Electro Shot|p1b: Rotom\n|-activate|p1b: Rotom|move: Protect\n|\n|-weather|RainDance|[upkeep]\n|-damage|p2b: Floette|0 fnt|[from] psn\n|faint|p2b: Floette\n|upkeep\n|inactive|Febi has 30 seconds left.\n|\n|t:|1776440984\n|switch|p2b: Pelipper|Pelipper, L50, F|100/100\n|turn|5\n|inactive|PhpRyV has 30 seconds left.\n|inactive|Febi has 30 seconds left.\n|inactive|Febi has 20 seconds left.\n|inactive|Febi has 15 seconds left.\n|\n|t:|1776441030\n|move|p2a: Archaludon|Protect|p2a: Archaludon\n|-singleturn|p2a: Archaludon|Protect\n|move|p1a: Incineroar|Fake Out|p2b: Pelipper\n|-damage|p2b: Pelipper|88/100\n|move|p1b: Rotom|Discharge|p2b: Pelipper|[spread] p1a,p2b\n|-activate|p2a: Archaludon|move: Protect\n|-supereffective|p2b: Pelipper|2\n|-damage|p1a: Incineroar|70/100\n|-damage|p2b: Pelipper|0 fnt\n|faint|p2b: Pelipper\n|\n|-weather|none\n|upkeep\n|turn|6\n|-message|Febi forfeited.\n|\n|win|PhpRyV\n|raw|PhpRyV's rating: 1126 &rarr; <strong>1144</strong><br />(+18 for winning)\n|raw|Febi's rating: 1032 &rarr; <strong>1021</strong><br />(-11 for losing)\n|l|\u2606Febi\n|player|p2|\n",
  "uploadtime": 1776441070,
  "views": 19,
  "formatid": "gen9championsvgc2026regma",
  "rating": 1021,
  "private": 0,
  "password": null
}