{
  "id": "gen9championsvgc2026regma-2584163450",
  "format": "[Gen 9 Champions] VGC 2026 Reg M-A",
  "players": [
    "3000 moths",
    "galladedagoat"
  ],
  "log": "|j|\u26063000 moths\n|j|\u2606galladedagoat\n|t:|1776232828\n|gametype|doubles\n|player|p1|3000 moths|miku-ghost|1352\n|player|p2|galladedagoat|169|1334\n|gen|9\n|tier|[Gen 9 Champions] VGC 2026 Reg M-A\n|rated|\n|rule|Species Clause: Limit one of each Pok\u00e9mon\n|rule|Item Clause: Limit 1 of each item\n|clearpoke\n|poke|p1|Maushold, L50|\n|poke|p1|Garchomp, L50, F|\n|poke|p1|Kingambit, L50, F|\n|poke|p1|Floette-Eternal, L50, F|\n|poke|p1|Farigiraf, L50, M|\n|poke|p1|Talonflame, L50, M|\n|poke|p2|Gallade, L50, M|\n|poke|p2|Whimsicott, L50, M|\n|poke|p2|Primarina, L50, M|\n|poke|p2|Tyranitar, L50, M|\n|poke|p2|Milotic, L50, M|\n|poke|p2|Incineroar, L50, F|\n|teampreview|4\n|inactive|Battle timer is ON: inactive players will automatically lose when time's up. (requested by 3000 moths)\n|inactive|3000 moths has 60 seconds left.\n|inactive|galladedagoat has 60 seconds left.\n|\n|t:|1776232867\n|teamsize|p1|4\n|teamsize|p2|4\n|start\n|switch|p1a: Smogon Bird|Talonflame, L50, M|100/100\n|switch|p1b: Let's Larp|Floette-Eternal, L50, F|100/100\n|switch|p2a: Primarina|Primarina, L50, M|100/100\n|switch|p2b: Gallade|Gallade, L50, M|100/100\n|turn|1\n|inactive|galladedagoat has 30 seconds left.\n|\n|t:|1776232895\n|switch|p2b: Whimsicott|Whimsicott, L50, M|100/100\n|detailschange|p1b: Let's Larp|Floette-Mega, L50, F\n|-mega|p1b: Let's Larp|Floette|Floettite\n|-ability|p1b: Let's Larp|Fairy Aura\n|move|p1a: Smogon Bird|Tailwind|p1a: Smogon Bird\n|-sidestart|p1: 3000 moths|move: Tailwind\n|move|p1b: Let's Larp|Moonblast|p2b: Whimsicott\n|-enditem|p2b: Whimsicott|Focus Sash\n|-damage|p2b: Whimsicott|1/100\n|move|p2a: Primarina|Hyper Voice|p1a: Smogon Bird|[spread] p1a,p1b\n|-supereffective|p1a: Smogon Bird|1\n|-damage|p1a: Smogon Bird|0 fnt\n|-damage|p1b: Let's Larp|68/100\n|faint|p1a: Smogon Bird\n|\n|upkeep\n|\n|t:|1776232906\n|switch|p1a: Screaming Child|Maushold, L50|100/100\n|turn|2\n|\n|t:|1776232917\n|move|p2b: Whimsicott|Tailwind|p2b: Whimsicott\n|-sidestart|p2: galladedagoat|move: Tailwind\n|move|p1a: Screaming Child|Super Fang|p2a: Primarina\n|-damage|p2a: Primarina|51/100\n|move|p1b: Let's Larp|Dazzling Gleam|p2a: Primarina|[spread] p2a,p2b\n|-damage|p2a: Primarina|4/100\n|-damage|p2b: Whimsicott|0 fnt\n|faint|p2b: Whimsicott\n|move|p2a: Primarina|Hyper Voice|p1b: Let's Larp|[spread] p1a,p1b\n|-crit|p1b: Let's Larp\n|-damage|p1a: Screaming Child|45/100\n|-damage|p1b: Let's Larp|29/100\n|\n|upkeep\n|\n|t:|1776232938\n|switch|p2b: Milotic|Milotic, L50, M|100/100\n|turn|3\n|inactive|galladedagoat has 30 seconds left.\n|inactive|galladedagoat has 20 seconds left.\n|inactive|galladedagoat has 15 seconds left.\n|inactive|galladedagoat has 10 seconds left.\n|\n|t:|1776232985\n|move|p2a: Primarina|Protect|p2a: Primarina\n|-singleturn|p2a: Primarina|Protect\n|move|p1a: Screaming Child|Super Fang|p2b: Milotic\n|-damage|p2b: Milotic|51/100\n|move|p1b: Let's Larp|Dazzling Gleam|p2a: Primarina|[spread] p2b\n|-activate|p2a: Primarina|move: Protect\n|-damage|p2b: Milotic|17/100\n|move|p2b: Milotic|Muddy Water|p1a: Screaming Child|[spread] p1a,p1b\n|-damage|p1a: Screaming Child|15/100\n|-damage|p1b: Let's Larp|11/100\n|-unboost|p1a: Screaming Child|accuracy|1\n|\n|-heal|p2b: Milotic|23/100|[from] item: Leftovers\n|upkeep\n|turn|4\n|\n|t:|1776233004\n|move|p2a: Primarina|Protect||[still]\n|-fail|p2a: Primarina\n|move|p1a: Screaming Child|Follow Me|p1a: Screaming Child\n|-singleturn|p1a: Screaming Child|move: Follow Me\n|move|p1b: Let's Larp|Dazzling Gleam|p2b: Milotic|[spread] p2a,p2b\n|-damage|p2a: Primarina|0 fnt\n|-damage|p2b: Milotic|0 fnt\n|faint|p2a: Primarina\n|faint|p2b: Milotic\n|\n|-sideend|p1: 3000 moths|move: Tailwind\n|upkeep\n|\n|t:|1776233016\n|switch|p2b: Gallade|Gallade, L50, M|100/100\n|turn|5\n|\n|t:|1776233023\n|detailschange|p2b: Gallade|Gallade-Mega, L50, M\n|-mega|p2b: Gallade|Gallade|Galladite\n|move|p1a: Screaming Child|Protect|p1a: Screaming Child\n|-singleturn|p1a: Screaming Child|Protect\n|move|p1b: Let's Larp|Protect|p1b: Let's Larp\n|-singleturn|p1b: Let's Larp|Protect\n|move|p2b: Gallade|Rock Slide|p1a: Screaming Child|[spread] \n|-activate|p1a: Screaming Child|move: Protect\n|-activate|p1b: Let's Larp|move: Protect\n|\n|-sideend|p2: galladedagoat|move: Tailwind\n|upkeep\n|turn|6\n|\n|t:|1776233044\n|move|p1a: Screaming Child|Super Fang|p2b: Gallade\n|-damage|p2b: Gallade|50/100\n|move|p2b: Gallade|Rock Slide|p1b: Let's Larp|[spread] p1a,p1b\n|-damage|p1a: Screaming Child|0 fnt\n|-damage|p1b: Let's Larp|0 fnt\n|faint|p1a: Screaming Child\n|faint|p1b: Let's Larp\n|\n|upkeep\n|\n|t:|1776233050\n|switch|p1b: Horse 2|Farigiraf, L50, M|100/100\n|turn|7\n|\n|t:|1776233057\n|move|p2b: Gallade|Drain Punch|p1b: Horse 2\n|-damage|p1b: Horse 2|56/100\n|-heal|p2b: Gallade|81/100|[from] drain|[of] p1b: Horse 2\n|move|p1b: Horse 2|Trick Room|p1b: Horse 2\n|-fieldstart|move: Trick Room|[of] p1b: Horse 2\n|\n|upkeep\n|turn|8\n|\n|t:|1776233067\n|move|p2b: Gallade|Protect|p2b: Gallade\n|-singleturn|p2b: Gallade|Protect\n|move|p1b: Horse 2|Psychic|p2b: Gallade\n|-activate|p2b: Gallade|move: Protect\n|\n|upkeep\n|turn|9\n|\n|t:|1776233074\n|move|p1b: Horse 2|Psychic|p2b: Gallade\n|-damage|p2b: Gallade|47/100\n|move|p2b: Gallade|Drain Punch|p1b: Horse 2\n|-damage|p1b: Horse 2|9/100\n|-heal|p2b: Gallade|79/100|[from] drain|[of] p1b: Horse 2\n|-enditem|p1b: Horse 2|Sitrus Berry|[eat]\n|-heal|p1b: Horse 2|34/100|[from] item: Sitrus Berry\n|\n|upkeep\n|turn|10\n|-message|3000 moths forfeited.\n|\n|win|galladedagoat\n|raw|3000 moths's rating: 1352 &rarr; <strong>1331</strong><br />(-21 for losing)\n|raw|galladedagoat's rating: 1334 &rarr; <strong>1355</strong><br />(+21 for winning)\n|l|\u26063000 moths\n|player|p1|\n",
  "uploadtime": 1776233084,
  "views": 46,
  "formatid": "gen9championsvgc2026regma",
  "rating": 1331,
  "private": 0,
  "password": null
}