{
  "id": "gen9championsvgc2026regma-2582448740",
  "format": "[Gen 9 Champions] VGC 2026 Reg M-A",
  "players": [
    "thepeasent",
    "suc vat vk"
  ],
  "log": "|j|\u2606thepeasent\n|j|\u2606suc vat vk\n|t:|1776092378\n|gametype|doubles\n|player|p1|thepeasent|gloria-dojo|1146\n|player|p2|suc vat vk|kimonogirl|1207\n|gen|9\n|tier|[Gen 9 Champions] VGC 2026 Reg M-A\n|rated|\n|rule|Species Clause: Limit one of each Pok\u00e9mon\n|rule|Item Clause: Limit 1 of each item\n|clearpoke\n|poke|p1|Glimmora, L50, M|\n|poke|p1|Tyranitar, L50, M|\n|poke|p1|Excadrill, L50, M|\n|poke|p1|Milotic, L50, F|\n|poke|p1|Sneasler, L50, M|\n|poke|p1|Rotom-Wash, L50|\n|poke|p2|Charizard, L50, M|\n|poke|p2|Whimsicott, L50, M|\n|poke|p2|Garchomp, L50, F|\n|poke|p2|Incineroar, L50, M|\n|poke|p2|Aerodactyl, L50, M|\n|poke|p2|Sneasler, L50, F|\n|teampreview|4\n|inactive|Battle timer is ON: inactive players will automatically lose when time's up. (requested by thepeasent)\n|inactive|thepeasent has 60 seconds left.\n|inactive|suc vat vk has 60 seconds left.\n|\n|t:|1776092423\n|teamsize|p1|4\n|teamsize|p2|4\n|start\n|switch|p1a: Excadrill|Excadrill, L50, M|100/100\n|switch|p1b: Rotom|Rotom-Wash, L50|100/100\n|switch|p2a: Sneasler|Sneasler, L50, F, shiny|100/100\n|switch|p2b: Charizard|Charizard, L50, M, shiny|100/100\n|turn|1\n|\n|t:|1776092445\n|detailschange|p2b: Charizard|Charizard-Mega-Y, L50, M, shiny\n|-mega|p2b: Charizard|Charizard|Charizardite Y\n|-weather|SunnyDay|[from] ability: Drought|[of] p2b: Charizard\n|move|p1a: Excadrill|Protect|p1a: Excadrill\n|-singleturn|p1a: Excadrill|Protect\n|move|p2a: Sneasler|Fake Out|p1a: Excadrill\n|-activate|p1a: Excadrill|move: Protect\n|move|p2b: Charizard|Heat Wave|p1a: Excadrill|[spread] p1b\n|-activate|p1a: Excadrill|move: Protect\n|-resisted|p1b: Rotom|1\n|-damage|p1b: Rotom|67/100\n|move|p1b: Rotom|Volt Switch|p2a: Sneasler\n|-damage|p2a: Sneasler|64/100\n|\n|t:|1776092461\n|switch|p1b: Tyranitar|Tyranitar, L50, M, shiny|100/100|[from] Volt Switch\n|-weather|Sandstorm|[from] ability: Sand Stream|[of] p1b: Tyranitar\n|\n|-weather|Sandstorm|[upkeep]\n|-damage|p2a: Sneasler|58/100|[from] Sandstorm\n|-damage|p2b: Charizard|95/100|[from] Sandstorm\n|upkeep\n|turn|2\n|\n|t:|1776092470\n|switch|p2b: Whimsicott|Whimsicott, L50, M, shiny|100/100\n|switch|p1b: Rotom|Rotom-Wash, L50|67/100\n|move|p1a: Excadrill|Earthquake|p2a: Sneasler|[spread] p2a,p2b\n|-immune|p1b: Rotom|[from] ability: Levitate\n|-supereffective|p2a: Sneasler|1\n|-resisted|p2b: Whimsicott|1\n|-damage|p2a: Sneasler|0 fnt\n|-damage|p2b: Whimsicott|65/100\n|faint|p2a: Sneasler\n|\n|-weather|Sandstorm|[upkeep]\n|-damage|p2b: Whimsicott|60/100|[from] Sandstorm\n|-damage|p1b: Rotom|61/100|[from] Sandstorm\n|upkeep\n|\n|t:|1776092480\n|switch|p2a: Charizard|Charizard-Mega-Y, L50, M, shiny|95/100\n|-weather|SunnyDay|[from] ability: Drought|[of] p2a: Charizard\n|turn|3\n|\n|t:|1776092488\n|switch|p1b: Tyranitar|Tyranitar, L50, M, shiny|100/100\n|-weather|Sandstorm|[from] ability: Sand Stream|[of] p1b: Tyranitar\n|move|p2b: Whimsicott|Sunny Day|p2b: Whimsicott\n|-weather|SunnyDay\n|move|p2a: Charizard|Solar Beam||[still]\n|-prepare|p2a: Charizard|Solar Beam\n|-anim|p2a: Charizard|Solar Beam|p1b: Tyranitar\n|-supereffective|p1b: Tyranitar|1\n|-damage|p1b: Tyranitar|0 fnt\n|faint|p1b: Tyranitar\n|move|p1a: Excadrill|Rock Slide|p2b: Whimsicott|[spread] p2b\n|-miss|p1a: Excadrill|p2a: Charizard\n|-damage|p2b: Whimsicott|27/100\n|\n|-weather|SunnyDay|[upkeep]\n|upkeep\n|\n|t:|1776092498\n|switch|p1b: Rotom|Rotom-Wash, L50|61/100\n|turn|4\n|inactive|suc vat vk has 30 seconds left.\n|\n|t:|1776092528\n|switch|p2b: Garchomp|Garchomp, L50, F, shiny|100/100\n|move|p1a: Excadrill|Protect|p1a: Excadrill\n|-singleturn|p1a: Excadrill|Protect\n|move|p2a: Charizard|Solar Beam||[still]\n|-prepare|p2a: Charizard|Solar Beam\n|-anim|p2a: Charizard|Solar Beam|p1b: Rotom\n|-supereffective|p1b: Rotom|1\n|-damage|p1b: Rotom|0 fnt\n|faint|p1b: Rotom\n|\n|-weather|SunnyDay|[upkeep]\n|upkeep\n|\n|t:|1776092531\n|switch|p1b: Milotic|Milotic, L50, F|100/100\n|turn|5\n|\n|t:|1776092538\n|move|p2b: Garchomp|Earthquake|p1b: Milotic|[spread] p1a,p1b\n|-immune|p2a: Charizard\n|-supereffective|p1a: Excadrill|1\n|-enditem|p1a: Excadrill|Focus Sash\n|-damage|p1a: Excadrill|1/100\n|-damage|p1b: Milotic|63/100\n|move|p2a: Charizard|Solar Beam||[still]\n|-prepare|p2a: Charizard|Solar Beam\n|-anim|p2a: Charizard|Solar Beam|p1b: Milotic\n|-supereffective|p1b: Milotic|1\n|-damage|p1b: Milotic|0 fnt\n|faint|p1b: Milotic\n|move|p1a: Excadrill|Rock Slide|p2a: Charizard|[spread] p2a,p2b\n|-supereffective|p2a: Charizard|2\n|-resisted|p2b: Garchomp|1\n|-damage|p2a: Charizard|0 fnt\n|-damage|p2b: Garchomp|89/100\n|faint|p2a: Charizard\n|\n|-weather|SunnyDay|[upkeep]\n|upkeep\n|\n|t:|1776092543\n|switch|p2a: Whimsicott|Whimsicott, L50, M, shiny|27/100\n|turn|6\n|\n|t:|1776092554\n|move|p2a: Whimsicott|Tailwind|p2a: Whimsicott\n|-sidestart|p2: suc vat vk|move: Tailwind\n|move|p2b: Garchomp|Earthquake|p1a: Excadrill|[spread] p2a,p1a\n|-resisted|p2a: Whimsicott|1\n|-supereffective|p1a: Excadrill|1\n|-damage|p2a: Whimsicott|0 fnt\n|-damage|p1a: Excadrill|0 fnt\n|faint|p2a: Whimsicott\n|faint|p1a: Excadrill\n|\n|win|suc vat vk\n|raw|thepeasent's rating: 1146 &rarr; <strong>1125</strong><br />(-21 for losing)\n|raw|suc vat vk's rating: 1207 &rarr; <strong>1228</strong><br />(+21 for winning)\n",
  "uploadtime": 1776092557,
  "views": 17,
  "formatid": "gen9championsvgc2026regma",
  "rating": 1125,
  "private": 0,
  "password": null
}