{
  "id": "gen9championsvgc2026regma-2582617157",
  "format": "[Gen 9 Champions] VGC 2026 Reg M-A",
  "players": [
    "Hadalbas",
    "luksm94"
  ],
  "log": "|j|\u2606Hadalbas\n|j|\u2606luksm94\n|t:|1776102897\n|gametype|doubles\n|player|p1|Hadalbas|iris-gen5bw2|1135\n|player|p2|luksm94|102|1041\n|gen|9\n|tier|[Gen 9 Champions] VGC 2026 Reg M-A\n|rated|\n|rule|Species Clause: Limit one of each Pok\u00e9mon\n|rule|Item Clause: Limit 1 of each item\n|clearpoke\n|poke|p1|Pelipper, L50, F|\n|poke|p1|Archaludon, L50, F|\n|poke|p1|Floette-Eternal, L50, F|\n|poke|p1|Sinistcha, L50|\n|poke|p1|Incineroar, L50, F|\n|poke|p1|Meganium, L50, F|\n|poke|p2|Sableye, L50, M|\n|poke|p2|Espathra, L50, M|\n|poke|p2|Milotic, L50, F|\n|poke|p2|Aerodactyl, L50, F|\n|poke|p2|Luxray, L50, F|\n|poke|p2|Volcarona, L50, F|\n|teampreview|4\n|inactive|Battle timer is ON: inactive players will automatically lose when time's up. (requested by Hadalbas)\n|\n|t:|1776102923\n|teamsize|p1|4\n|teamsize|p2|4\n|start\n|switch|p1a: Pelipper|Pelipper, L50, F|100/100\n|switch|p1b: Archaludon|Archaludon, L50, F|100/100\n|switch|p2a: Sableye|Sableye, L50, M|100/100\n|switch|p2b: Espathra|Espathra, L50, M|100/100\n|-weather|RainDance|[from] ability: Drizzle|[of] p1a: Pelipper\n|turn|1\n|\n|t:|1776102941\n|move|p2a: Sableye|Gravity|p2a: Sableye\n|-fieldstart|move: Gravity\n|move|p2b: Espathra|Hypnosis|p1a: Pelipper\n|-status|p1a: Pelipper|slp|[from] move: Hypnosis\n|move|p1b: Archaludon|Electro Shot||[still]\n|-prepare|p1b: Archaludon|Electro Shot\n|-boost|p1b: Archaludon|spa|1\n|-anim|p1b: Archaludon|Electro Shot|p2b: Espathra\n|-enditem|p2b: Espathra|Focus Sash\n|-damage|p2b: Espathra|1/100\n|cant|p1a: Pelipper|slp\n|\n|-weather|RainDance|[upkeep]\n|-ability|p2b: Espathra|Speed Boost|boost\n|-boost|p2b: Espathra|spe|1\n|upkeep\n|turn|2\n|inactive|Hadalbas has 30 seconds left.\n|\n|t:|1776102974\n|switch|p2a: Luxray|Luxray, L50, F|100/100\n|-ability|p2a: Luxray|Intimidate|boost\n|-unboost|p1a: Pelipper|atk|1\n|-unboost|p1b: Archaludon|atk|1\n|-enditem|p1b: Archaludon|White Herb\n|-clearnegativeboost|p1b: Archaludon|[silent]\n|move|p2b: Espathra|Hypnosis|p1b: Archaludon\n|-status|p1b: Archaludon|slp|[from] move: Hypnosis\n|cant|p1b: Archaludon|slp\n|cant|p1a: Pelipper|slp\n|\n|-weather|RainDance|[upkeep]\n|-ability|p2b: Espathra|Speed Boost|boost\n|-boost|p2b: Espathra|spe|1\n|upkeep\n|turn|3\n|\n|t:|1776102990\n|move|p2b: Espathra|Baton Pass|p2b: Espathra\n|\n|t:|1776102992\n|switch|p2b: Sableye|Sableye, L50, M|100/100|[from] Baton Pass\n|-curestatus|p1b: Archaludon|slp|[msg]\n|move|p1b: Archaludon|Draco Meteor|p2a: Luxray\n|-damage|p2a: Luxray|0 fnt\n|-unboost|p1b: Archaludon|spa|2\n|faint|p2a: Luxray\n|-curestatus|p1a: Pelipper|slp|[msg]\n|move|p1a: Pelipper|Hurricane|p2b: Sableye\n|-damage|p2b: Sableye|36/100\n|\n|-weather|RainDance|[upkeep]\n|upkeep\n|\n|t:|1776103005\n|switch|p2a: Espathra|Espathra, L50, M|1/100\n|turn|4\n|\n|t:|1776103019\n|move|p2a: Espathra|Lumina Crash|p1b: Archaludon\n|-resisted|p1b: Archaludon|1\n|-damage|p1b: Archaludon|73/100\n|-unboost|p1b: Archaludon|spd|2\n|move|p2b: Sableye|Foul Play|p1a: Pelipper\n|-damage|p1a: Pelipper|84/100\n|move|p1b: Archaludon|Flash Cannon|p2b: Sableye\n|-damage|p2b: Sableye|0 fnt\n|faint|p2b: Sableye\n|move|p1a: Pelipper|Hurricane|p2a: Espathra\n|-damage|p2a: Espathra|0 fnt\n|faint|p2a: Espathra\n|\n|-weather|RainDance|[upkeep]\n|upkeep\n|\n|t:|1776103023\n|switch|p2b: Volcarona|Volcarona, L50, F|100/100\n|turn|5\n|\n|t:|1776103036\n|switch|p1b: Sinistcha|Sinistcha, L50|100/100\n|-heal|p1a: Pelipper|100/100|[from] ability: Hospitality|[of] p1b: Sinistcha\n|move|p2b: Volcarona|Heat Wave|p1a: Pelipper|[spread] p1a,p1b\n|-resisted|p1a: Pelipper|1\n|-supereffective|p1b: Sinistcha|1\n|-damage|p1a: Pelipper|87/100\n|-damage|p1b: Sinistcha|60/100\n|move|p1a: Pelipper|Hurricane|p2b: Volcarona\n|-supereffective|p2b: Volcarona|1\n|-damage|p2b: Volcarona|12/100\n|\n|-weather|none\n|-fieldend|move: Gravity\n|upkeep\n|turn|6\n|\n|t:|1776103046\n|move|p2b: Volcarona|Heat Wave|p1a: Pelipper|[spread] p1a\n|-miss|p2b: Volcarona|p1b: Sinistcha\n|-resisted|p1a: Pelipper|1\n|-damage|p1a: Pelipper|61/100\n|move|p1a: Pelipper|U-turn|p2b: Volcarona\n|-resisted|p2b: Volcarona|1\n|-damage|p2b: Volcarona|9/100\n|-status|p1a: Pelipper|brn|[from] ability: Flame Body|[of] p2b: Volcarona\n|\n|t:|1776103056\n|switch|p1a: Floette|Floette-Eternal, L50, F|100/100|[from] U-turn\n|move|p1b: Sinistcha|Matcha Gotcha|p2b: Volcarona\n|-resisted|p2b: Volcarona|2\n|-damage|p2b: Volcarona|2/100\n|-heal|p1b: Sinistcha|64/100|[from] drain|[of] p2b: Volcarona\n|\n|upkeep\n|turn|7\n|inactive|luksm94 has 30 seconds left.\n|c|\u2606Hadalbas|I'm sorry, but never cook again\n|inactive|luksm94 has 20 seconds left.\n|inactive|luksm94 has 15 seconds left.\n|inactive|luksm94 has 10 seconds left.\n|inactive|luksm94 has 5 seconds left.\n|\n|t:|1776103112\n|detailschange|p1a: Floette|Floette-Mega, L50, F\n|-mega|p1a: Floette|Floette|Floettite\n|-ability|p1a: Floette|Fairy Aura\n|move|p1b: Sinistcha|Rage Powder|p1b: Sinistcha\n|-singleturn|p1b: Sinistcha|move: Rage Powder\n|move|p2b: Volcarona|Heat Wave|p1a: Floette|[spread] p1a,p1b\n|-supereffective|p1b: Sinistcha|1\n|-damage|p1a: Floette|72/100\n|-damage|p1b: Sinistcha|0 fnt\n|faint|p1b: Sinistcha\n|move|p1a: Floette|Moonblast|p2b: Volcarona\n|-resisted|p2b: Volcarona|1\n|-damage|p2b: Volcarona|0 fnt\n|faint|p2b: Volcarona\n|\n|win|Hadalbas\n|raw|Hadalbas's rating: 1135 &rarr; <strong>1153</strong><br />(+18 for winning)\n|raw|luksm94's rating: 1041 &rarr; <strong>1029</strong><br />(-12 for losing)\n|l|\u2606luksm94\n|player|p2|\n",
  "uploadtime": 1776103129,
  "views": 14,
  "formatid": "gen9championsvgc2026regma",
  "rating": 1029,
  "private": 0,
  "password": null
}