{
  "id": "gen9championsvgc2026regma-2584074286",
  "format": "[Gen 9 Champions] VGC 2026 Reg M-A",
  "players": [
    "Yab0ner",
    "Wadoooskyy"
  ],
  "log": "|j|\u2606Yab0ner\n|j|\u2606Wadoooskyy\n|t:|1776222518\n|gametype|doubles\n|player|p1|Yab0ner|crasherwake|\n|player|p2|Wadoooskyy|2|\n|gen|9\n|tier|[Gen 9 Champions] VGC 2026 Reg M-A\n|rule|Species Clause: Limit one of each Pok\u00e9mon\n|rule|Item Clause: Limit 1 of each item\n|clearpoke\n|poke|p1|Gengar, L50, F|\n|poke|p1|Primarina, L50, F|\n|poke|p1|Politoed, L50, M|\n|poke|p1|Kommo-o, L50, M|\n|poke|p1|Raichu, L50, F|\n|poke|p1|Incineroar, L50, M|\n|poke|p2|Charizard, L50, M|\n|poke|p2|Krookodile, L50, M|\n|poke|p2|Venusaur, L50, F|\n|poke|p2|Sylveon, L50, F|\n|poke|p2|Sneasler, L50, F|\n|poke|p2|Raichu, L50, F|\n|teampreview|4\n|inactive|Battle timer is ON: inactive players will automatically lose when time's up. (requested by Yab0ner)\n|inactive|Wadoooskyy has 60 seconds left.\n|\n|t:|1776222564\n|teamsize|p1|4\n|teamsize|p2|4\n|start\n|switch|p1a: Raichu|Raichu, L50, F, shiny|100/100\n|switch|p1b: Primarina|Primarina, L50, F|100/100\n|switch|p2a: Raichu|Raichu, L50, F|100/100\n|switch|p2b: Venusaur|Venusaur, L50, F|100/100\n|turn|1\n|\n|t:|1776222583\n|move|p1b: Primarina|Protect|p1b: Primarina\n|-singleturn|p1b: Primarina|Protect\n|move|p1a: Raichu|Fake Out|p2b: Venusaur\n|-damage|p2b: Venusaur|91/100\n|move|p2a: Raichu|Fake Out|p1a: Raichu\n|-damage|p1a: Raichu|83/100\n|cant|p2b: Venusaur|flinch\n|\n|upkeep\n|turn|2\n|inactive|Yab0ner has 30 seconds left.\n|\n|t:|1776222610\n|switch|p1a: Gengar|Gengar, L50, F, shiny|100/100\n|move|p2a: Raichu|Knock Off|p1b: Primarina\n|-resisted|p1b: Primarina|1\n|-damage|p1b: Primarina|89/100\n|-enditem|p1b: Primarina|Mystic Water|[from] move: Knock Off|[of] p2a: Raichu\n|move|p2b: Venusaur|Sleep Powder|p1b: Primarina\n|-status|p1b: Primarina|slp|[from] move: Sleep Powder\n|cant|p1b: Primarina|slp\n|\n|upkeep\n|turn|3\n|inactive|Yab0ner has 30 seconds left.\n|inactive|Wadoooskyy has 30 seconds left.\n|inactive|Yab0ner has 20 seconds left.\n|inactive|Yab0ner has 15 seconds left.\n|\n|t:|1776222653\n|switch|p2a: Krookodile|Krookodile, L50, M|100/100\n|-ability|p2a: Krookodile|Intimidate|boost\n|-unboost|p1a: Gengar|atk|1\n|-unboost|p1b: Primarina|atk|1\n|detailschange|p1a: Gengar|Gengar-Mega, L50, F, shiny\n|-mega|p1a: Gengar|Gengar|Gengarite\n|move|p1a: Gengar|Perish Song|p1a: Gengar\n|-start|p1a: Gengar|perish3|[silent]\n|-start|p1b: Primarina|perish3|[silent]\n|-start|p2a: Krookodile|perish3|[silent]\n|-start|p2b: Venusaur|perish3|[silent]\n|-fieldactivate|move: Perish Song\n|move|p2b: Venusaur|Sunny Day|p2b: Venusaur\n|-weather|SunnyDay\n|-curestatus|p1b: Primarina|slp|[msg]\n|move|p1b: Primarina|Flip Turn|p2a: Krookodile\n|-supereffective|p2a: Krookodile|1\n|-damage|p2a: Krookodile|90/100\n|\n|t:|1776222668\n|switch|p1b: Politoed|Politoed, L50, M|100/100|[from] Flip Turn\n|-weather|RainDance|[from] ability: Drizzle|[of] p1b: Politoed\n|\n|-weather|RainDance|[upkeep]\n|-heal|p2a: Krookodile|96/100|[from] item: Leftovers\n|-start|p1a: Gengar|perish3\n|-start|p2b: Venusaur|perish3\n|-start|p2a: Krookodile|perish3\n|upkeep\n|turn|4\n|\n|t:|1776222691\n|switch|p1b: Primarina|Primarina, L50, F|89/100\n|move|p1a: Gengar|Protect|p1a: Gengar\n|-singleturn|p1a: Gengar|Protect\n|move|p2a: Krookodile|Protect|p2a: Krookodile\n|-singleturn|p2a: Krookodile|Protect\n|move|p2b: Venusaur|Sunny Day|p2b: Venusaur\n|-weather|SunnyDay\n|\n|-weather|SunnyDay|[upkeep]\n|-heal|p2a: Krookodile|100/100|[from] item: Leftovers\n|-start|p2b: Venusaur|perish2\n|-start|p1a: Gengar|perish2\n|-start|p2a: Krookodile|perish2\n|upkeep\n|turn|5\n|\n|t:|1776222715\n|switch|p1a: Politoed|Politoed, L50, M|100/100\n|-weather|RainDance|[from] ability: Drizzle|[of] p1a: Politoed\n|move|p2b: Venusaur|Sleep Powder|p1a: Politoed|[miss]\n|-miss|p2b: Venusaur|p1a: Politoed\n|move|p2a: Krookodile|High Horsepower|p1a: Politoed\n|-damage|p1a: Politoed|56/100\n|move|p1b: Primarina|Flip Turn|p2a: Krookodile\n|-supereffective|p2a: Krookodile|1\n|-crit|p2a: Krookodile\n|-damage|p2a: Krookodile|30/100\n|\n|t:|1776222728\n|switch|p1b: Gengar|Gengar-Mega, L50, F, shiny|100/100|[from] Flip Turn\n|\n|-weather|RainDance|[upkeep]\n|-heal|p2a: Krookodile|36/100|[from] item: Leftovers\n|-heal|p1a: Politoed|62/100|[from] item: Leftovers\n|-start|p2b: Venusaur|perish1\n|-start|p2a: Krookodile|perish1\n|upkeep\n|turn|6\n|\n|t:|1776222753\n|switch|p1b: Primarina|Primarina, L50, F|89/100\n|move|p1a: Politoed|Protect|p1a: Politoed\n|-singleturn|p1a: Politoed|Protect\n|move|p2b: Venusaur|Energy Ball|p1a: Politoed\n|-activate|p1a: Politoed|move: Protect\n|move|p2a: Krookodile|Crunch|p1b: Primarina\n|-resisted|p1b: Primarina|1\n|-damage|p1b: Primarina|69/100\n|\n|-weather|RainDance|[upkeep]\n|-heal|p2a: Krookodile|42/100|[from] item: Leftovers\n|-heal|p1a: Politoed|68/100|[from] item: Leftovers\n|-start|p2b: Venusaur|perish0\n|-start|p2a: Krookodile|perish0\n|faint|p2b: Venusaur\n|faint|p2a: Krookodile\n|upkeep\n|\n|t:|1776222764\n|switch|p2b: Charizard|Charizard, L50, M, shiny|100/100\n|switch|p2a: Raichu|Raichu, L50, F|100/100\n|turn|7\n|inactive|Yab0ner has 30 seconds left.\n|\n|t:|1776222794\n|switch|p1a: Raichu|Raichu, L50, F, shiny|83/100\n|move|p1b: Primarina|Protect|p1b: Primarina\n|-singleturn|p1b: Primarina|Protect\n|move|p2a: Raichu|Fake Out|p1b: Primarina\n|-activate|p1b: Primarina|move: Protect\n|move|p2b: Charizard|Flamethrower|p1a: Raichu\n|-damage|p1a: Raichu|56/100\n|\n|-weather|RainDance|[upkeep]\n|upkeep\n|turn|8\n|inactive|Yab0ner has 30 seconds left.\n|inactive|Wadoooskyy has 30 seconds left.\n|-message|Wadoooskyy forfeited.\n|\n|win|Yab0ner\n|l|\u2606Wadoooskyy\n|player|p2|\n|l|\u2606Yab0ner\n|player|p1|\n|j|\u2606Yab0ner\n|player|p1|Yab0ner|crasherwake|\n",
  "uploadtime": 1776222906,
  "views": 20,
  "formatid": "gen9championsvgc2026regma",
  "rating": null,
  "private": 0,
  "password": null
}