{
  "id": "gen9championsvgc2026regma-2582994320",
  "format": "[Gen 9 Champions] VGC 2026 Reg M-A",
  "players": [
    "Yoshiforlife",
    "jackoftrade08"
  ],
  "log": "|j|\u2606Yoshiforlife\n|j|\u2606jackoftrade08\n|t:|1776131648\n|gametype|doubles\n|player|p1|Yoshiforlife|2|1096\n|player|p2|jackoftrade08|169|1089\n|gen|9\n|tier|[Gen 9 Champions] VGC 2026 Reg M-A\n|rated|\n|rule|Species Clause: Limit one of each Pok\u00e9mon\n|rule|Item Clause: Limit 1 of each item\n|clearpoke\n|poke|p1|Delphox, L50, F|\n|poke|p1|Basculegion, L50, M|\n|poke|p1|Clefable, L50, M|\n|poke|p1|Kingambit, L50, M|\n|poke|p1|Dragonite, L50, F|\n|poke|p1|Sneasler, L50, M|\n|poke|p2|Pelipper, L50, F|\n|poke|p2|Archaludon, L50, M|\n|poke|p2|Basculegion, L50, M|\n|poke|p2|Meganium, L50, F|\n|poke|p2|Dragonite, L50, F|\n|poke|p2|Kingambit, L50, F|\n|teampreview|4\n|inactive|Battle timer is ON: inactive players will automatically lose when time's up. (requested by Yoshiforlife)\n|\n|t:|1776131673\n|teamsize|p1|4\n|teamsize|p2|4\n|start\n|switch|p1a: Sneasler|Sneasler, L50, M|100/100\n|switch|p1b: Kingambit|Kingambit, L50, M|100/100\n|switch|p2a: Pelipper|Pelipper, L50, F|100/100\n|switch|p2b: Basculegion|Basculegion, L50, M|100/100\n|-weather|RainDance|[from] ability: Drizzle|[of] p2a: Pelipper\n|turn|1\n|\n|t:|1776131690\n|move|p1a: Sneasler|Protect|p1a: Sneasler\n|-singleturn|p1a: Sneasler|Protect\n|move|p2a: Pelipper|Protect|p2a: Pelipper\n|-singleturn|p2a: Pelipper|Protect\n|move|p2b: Basculegion|Flip Turn|p1a: Sneasler\n|-activate|p1a: Sneasler|move: Protect\n|move|p1b: Kingambit|Swords Dance|p1b: Kingambit\n|-boost|p1b: Kingambit|atk|2\n|\n|-weather|RainDance|[upkeep]\n|upkeep\n|turn|2\n|\n|t:|1776131709\n|move|p1b: Kingambit|Sucker Punch|p2b: Basculegion\n|-supereffective|p2b: Basculegion|1\n|-damage|p2b: Basculegion|0 fnt\n|faint|p2b: Basculegion\n|move|p1a: Sneasler|Dire Claw|p2a: Pelipper\n|-damage|p2a: Pelipper|62/100\n|move|p2a: Pelipper|Weather Ball|p1b: Kingambit\n|-damage|p1b: Kingambit|49/100\n|\n|-weather|RainDance|[upkeep]\n|upkeep\n|\n|t:|1776131717\n|switch|p2b: Dragonite|Dragonite, L50, F|100/100\n|turn|3\n|\n|t:|1776131727\n|detailschange|p2b: Dragonite|Dragonite-Mega, L50, F\n|-mega|p2b: Dragonite|Dragonite|Dragoninite\n|move|p1b: Kingambit|Sucker Punch|p2b: Dragonite\n|-damage|p2b: Dragonite|60/100\n|move|p1a: Sneasler|Dire Claw|p2a: Pelipper\n|-damage|p2a: Pelipper|24/100\n|-enditem|p2a: Pelipper|Sitrus Berry|[eat]\n|-heal|p2a: Pelipper|49/100|[from] item: Sitrus Berry\n|move|p2b: Dragonite|Hurricane|p1a: Sneasler\n|-supereffective|p1a: Sneasler|1\n|-enditem|p1a: Sneasler|Focus Sash\n|-damage|p1a: Sneasler|1/100\n|move|p2a: Pelipper|Weather Ball|p1b: Kingambit\n|-damage|p1b: Kingambit|0 fnt\n|faint|p1b: Kingambit\n|\n|-weather|RainDance|[upkeep]\n|upkeep\n|\n|t:|1776131748\n|switch|p1b: Basculegion|Basculegion, L50, M|100/100\n|turn|4\n|\n|t:|1776131761\n|move|p2b: Dragonite|Protect|p2b: Dragonite\n|-singleturn|p2b: Dragonite|Protect\n|move|p1a: Sneasler|Dire Claw|p2a: Pelipper\n|-damage|p2a: Pelipper|17/100\n|move|p1b: Basculegion|Last Respects|p2b: Dragonite\n|-activate|p2b: Dragonite|move: Protect\n|move|p2a: Pelipper|Tailwind|p2a: Pelipper\n|-sidestart|p2: jackoftrade08|move: Tailwind\n|\n|-weather|RainDance|[upkeep]\n|upkeep\n|turn|5\n|\n|t:|1776131785\n|move|p1a: Sneasler|Protect|p1a: Sneasler\n|-singleturn|p1a: Sneasler|Protect\n|move|p2b: Dragonite|Thunder|p1b: Basculegion\n|-supereffective|p1b: Basculegion|1\n|-damage|p1b: Basculegion|5/100\n|move|p1b: Basculegion|Last Respects|p2b: Dragonite\n|-damage|p2b: Dragonite|10/100\n|move|p2a: Pelipper|Hurricane|p1b: Basculegion\n|-damage|p1b: Basculegion|0 fnt\n|faint|p1b: Basculegion\n|\n|-weather|none\n|upkeep\n|\n|t:|1776131800\n|switch|p1b: Delphox|Delphox, L50, F|100/100\n|turn|6\n|\n|t:|1776131808\n|switch|p2a: Kingambit|Kingambit, L50, F|100/100\n|detailschange|p1b: Delphox|Delphox-Mega, L50, F\n|-mega|p1b: Delphox|Delphox|Delphoxite\n|move|p2b: Dragonite|Protect|p2b: Dragonite\n|-singleturn|p2b: Dragonite|Protect\n|move|p1a: Sneasler|Dire Claw|p2a: Kingambit\n|-immune|p2a: Kingambit\n|move|p1b: Delphox|Heat Wave|p2b: Dragonite|[spread] p2a\n|-activate|p2b: Dragonite|move: Protect\n|-supereffective|p2a: Kingambit|1\n|-damage|p2a: Kingambit|7/100\n|-status|p2a: Kingambit|brn\n|\n|-damage|p2a: Kingambit|1/100 brn|[from] brn\n|upkeep\n|turn|7\n|inactive|Yoshiforlife has 30 seconds left.\n|\n|t:|1776131837\n|switch|p2b: Pelipper|Pelipper, L50, F|17/100\n|-weather|RainDance|[from] ability: Drizzle|[of] p2b: Pelipper\n|move|p2a: Kingambit|Sucker Punch||[still]\n|-fail|p2a: Kingambit\n|move|p1a: Sneasler|Dire Claw|p2b: Pelipper\n|-damage|p2b: Pelipper|0 fnt\n|faint|p2b: Pelipper\n|move|p1b: Delphox|Substitute|p1b: Delphox\n|-start|p1b: Delphox|Substitute\n|-damage|p1b: Delphox|76/100\n|\n|-weather|RainDance|[upkeep]\n|-damage|p2a: Kingambit|0 fnt|[from] brn\n|faint|p2a: Kingambit\n|-sideend|p2: jackoftrade08|move: Tailwind\n|upkeep\n|-message|jackoftrade08 forfeited.\n|\n|win|Yoshiforlife\n|raw|Yoshiforlife's rating: 1096 &rarr; <strong>1121</strong><br />(+25 for winning)\n|raw|jackoftrade08's rating: 1089 &rarr; <strong>1066</strong><br />(-23 for losing)\n|l|\u2606jackoftrade08\n|player|p2|\n",
  "uploadtime": 1776131855,
  "views": 49,
  "formatid": "gen9championsvgc2026regma",
  "rating": 1066,
  "private": 0,
  "password": null
}