{
  "id": "gen9championsvgc2026regma-2581250791",
  "format": "[Gen 9 Champions] VGC 2026 Reg M-A",
  "players": [
    "Novicebest",
    "alfa ash"
  ],
  "log": "|j|\u2606Novicebest\n|j|\u2606alfa ash\n|t:|1775976391\n|gametype|doubles\n|player|p1|Novicebest|dawn|1245\n|player|p2|alfa ash|blue|1383\n|gen|9\n|tier|[Gen 9 Champions] VGC 2026 Reg M-A\n|rated|\n|rule|Species Clause: Limit one of each Pok\u00e9mon\n|rule|Item Clause: Limit 1 of each item\n|clearpoke\n|poke|p1|Charizard, L50, M|\n|poke|p1|Whimsicott, L50, F|\n|poke|p1|Farigiraf, L50, M|\n|poke|p1|Sneasler, L50, M|\n|poke|p1|Rotom-Wash, L50|\n|poke|p1|Incineroar, L50, M|\n|poke|p2|Drampa, L50, M|\n|poke|p2|Alakazam, L50, M|\n|poke|p2|Sinistcha, L50|\n|poke|p2|Pelipper, L50, F|\n|poke|p2|Scizor, L50, F|\n|poke|p2|Basculegion, L50, M|\n|teampreview|4\n|inactive|Battle timer is ON: inactive players will automatically lose when time's up. (requested by alfa ash)\n|j| epicpikachu12\n|inactive|Novicebest has 60 seconds left.\n|\n|t:|1775976425\n|teamsize|p1|4\n|teamsize|p2|4\n|start\n|switch|p1a: Charizard|Charizard, L50, M|100/100\n|switch|p1b: Farigiraf|Farigiraf, L50, M|100/100\n|switch|p2a: Drampa|Drampa, L50, M|100/100\n|switch|p2b: Alakazam|Alakazam, L50, M|100/100\n|-ability|p2a: Drampa|Cloud Nine\n|turn|1\n|\n|t:|1775976444\n|detailschange|p1a: Charizard|Charizard-Mega-Y, L50, M\n|-mega|p1a: Charizard|Charizard|Charizardite Y\n|-weather|SunnyDay|[from] ability: Drought|[of] p1a: Charizard\n|move|p2b: Alakazam|Light Screen|p2b: Alakazam\n|-sidestart|p2: alfa ash|move: Light Screen\n|move|p1a: Charizard|Heat Wave|p2a: Drampa|[spread] p2a,p2b\n|-resisted|p2a: Drampa|1\n|-damage|p2a: Drampa|86/100\n|-damage|p2b: Alakazam|68/100\n|move|p1b: Farigiraf|Imprison|p1b: Farigiraf\n|-start|p1b: Farigiraf|move: Imprison\n|move|p2a: Drampa|Calm Mind|p2a: Drampa\n|-boost|p2a: Drampa|spa|1\n|-boost|p2a: Drampa|spd|1\n|\n|-weather|SunnyDay|[upkeep]\n|upkeep\n|turn|2\n|inactive|alfa ash has 30 seconds left.\n|inactive|alfa ash has 20 seconds left.\n|inactive|alfa ash has 15 seconds left.\n|\n|t:|1775976488\n|switch|p2b: Pelipper|Pelipper, L50, F|100/100\n|-weather|RainDance|[from] ability: Drizzle|[of] p2b: Pelipper\n|switch|p1a: Incineroar|Incineroar, L50, M|100/100\n|-ability|p1a: Incineroar|Intimidate|boost\n|-unboost|p2a: Drampa|atk|1\n|-unboost|p2b: Pelipper|atk|1\n|detailschange|p2a: Drampa|Drampa-Mega, L50, M\n|-mega|p2a: Drampa|Drampa|Drampanite\n|move|p1b: Farigiraf|Hyper Voice|p2a: Drampa|[spread] p2a,p2b\n|-damage|p2a: Drampa|72/100\n|-damage|p2b: Pelipper|70/100\n|move|p2a: Drampa|Calm Mind|p2a: Drampa\n|-boost|p2a: Drampa|spa|1\n|-boost|p2a: Drampa|spd|1\n|\n|-weather|RainDance|[upkeep]\n|upkeep\n|turn|3\n|inactive|Novicebest has 30 seconds left.\n|inactive|alfa ash has 30 seconds left.\n|inactive|Novicebest has 20 seconds left.\n|inactive|alfa ash has 20 seconds left.\n|inactive|Novicebest has 15 seconds left.\n|\n|t:|1775976531\n|move|p1a: Incineroar|Fake Out|p2b: Pelipper\n|-damage|p2b: Pelipper|59/100\n|cant|p2b: Pelipper|flinch\n|move|p1b: Farigiraf|Psychic|p2b: Pelipper\n|-damage|p2b: Pelipper|15/100\n|move|p2a: Drampa|Earth Power|p1b: Farigiraf\n|-damage|p1b: Farigiraf|26/100\n|\n|-weather|RainDance|[upkeep]\n|upkeep\n|turn|4\n|\n|t:|1775976554\n|switch|p2b: Sinistcha|Sinistcha, L50|100/100\n|-heal|p2a: Drampa|96/100|[from] ability: Hospitality|[of] p2b: Sinistcha\n|switch|p1b: Charizard|Charizard-Mega-Y, L50, M|100/100\n|-weather|SunnyDay|[from] ability: Drought|[of] p1b: Charizard\n|move|p1a: Incineroar|Parting Shot|p2a: Drampa\n|-unboost|p2a: Drampa|atk|1\n|-unboost|p2a: Drampa|spa|1\n|\n|t:|1775976566\n|switch|p1a: Farigiraf|Farigiraf, L50, M|26/100|[from] Parting Shot\n|move|p2a: Drampa|Earth Power|p1b: Charizard\n|-immune|p1b: Charizard\n|\n|-weather|SunnyDay|[upkeep]\n|upkeep\n|turn|5\n|inactive|Novicebest has 30 seconds left.\n|inactive|alfa ash has 30 seconds left.\n|inactive|Novicebest has 20 seconds left.\n|\n|t:|1775976606\n|switch|p2b: Pelipper|Pelipper, L50, F|15/100\n|-weather|RainDance|[from] ability: Drizzle|[of] p2b: Pelipper\n|move|p1b: Charizard|Protect|p1b: Charizard\n|-singleturn|p1b: Charizard|Protect\n|move|p1a: Farigiraf|Hyper Voice|p2b: Pelipper|[spread] p2a,p2b\n|-damage|p2a: Drampa|86/100\n|-damage|p2b: Pelipper|0 fnt\n|faint|p2b: Pelipper\n|move|p2a: Drampa|Earth Power|p1a: Farigiraf\n|-damage|p1a: Farigiraf|0 fnt\n|faint|p1a: Farigiraf\n|\n|-weather|RainDance|[upkeep]\n|-sideend|p2: alfa ash|move: Light Screen\n|upkeep\n|inactive|Novicebest has 30 seconds left.\n|l|\u2606Novicebest\n|inactive|Novicebest disconnected and has a minute to reconnect!\n|player|p1|\n|j|\u2606Novicebest\n|inactive|Novicebest reconnected and has 25 seconds left.\n|player|p1|Novicebest|dawn|\n|inactive|Novicebest has 20 seconds left.\n|inactive|Novicebest has 15 seconds left.\n|\n|t:|1775976650\n|switch|p2b: Alakazam|Alakazam, L50, M|68/100\n|switch|p1a: Sneasler|Sneasler, L50, M|100/100\n|turn|6\n|\n|t:|1775976671\n|switch|p1b: Incineroar|Incineroar, L50, M|100/100\n|-ability|p1b: Incineroar|Intimidate|boost\n|-unboost|p2a: Drampa|atk|1\n|-fail|p2b: Alakazam|unboost|Attack|[from] ability: Inner Focus|[of] p2b: Alakazam\n|move|p1a: Sneasler|Fake Out|p2a: Drampa\n|-damage|p2a: Drampa|72/100\n|move|p2b: Alakazam|Psychic|p1a: Sneasler\n|-supereffective|p1a: Sneasler|2\n|-damage|p1a: Sneasler|0 fnt\n|faint|p1a: Sneasler\n|cant|p2a: Drampa|flinch\n|\n|-weather|RainDance|[upkeep]\n|upkeep\n|\n|t:|1775976686\n|switch|p1a: Charizard|Charizard-Mega-Y, L50, M|100/100\n|-weather|SunnyDay|[from] ability: Drought|[of] p1a: Charizard\n|turn|7\n|inactive|alfa ash has 30 seconds left.\n|\n|t:|1775976720\n|switch|p2b: Sinistcha|Sinistcha, L50|100/100\n|-heal|p2a: Drampa|96/100|[from] ability: Hospitality|[of] p2b: Sinistcha\n|move|p2a: Drampa|Protect|p2a: Drampa\n|-singleturn|p2a: Drampa|Protect\n|move|p1b: Incineroar|Fake Out|p2a: Drampa\n|-activate|p2a: Drampa|move: Protect\n|move|p1a: Charizard|Heat Wave|p2b: Sinistcha|[spread] p2b\n|-activate|p2a: Drampa|move: Protect\n|-supereffective|p2b: Sinistcha|1\n|-damage|p2b: Sinistcha|0 fnt\n|faint|p2b: Sinistcha\n|\n|-weather|SunnyDay|[upkeep]\n|upkeep\n|\n|t:|1775976731\n|switch|p2b: Alakazam|Alakazam, L50, M|68/100\n|turn|8\n|inactive|alfa ash has 30 seconds left.\n|\n|t:|1775976760\n|move|p1b: Incineroar|Helping Hand|p1a: Charizard\n|-singleturn|p1a: Charizard|Helping Hand|[of] p1b: Incineroar\n|move|p2b: Alakazam|Light Screen|p2b: Alakazam\n|-sidestart|p2: alfa ash|move: Light Screen\n|move|p1a: Charizard|Heat Wave|p2b: Alakazam|[spread] p2a,p2b\n|-resisted|p2a: Drampa|1\n|-damage|p2a: Drampa|83/100\n|-damage|p2b: Alakazam|0 fnt\n|faint|p2b: Alakazam\n|move|p2a: Drampa|Calm Mind|p2a: Drampa\n|-boost|p2a: Drampa|spa|1\n|-boost|p2a: Drampa|spd|1\n|\n|-weather|SunnyDay|[upkeep]\n|upkeep\n|turn|9\n|\n|t:|1775976775\n|move|p1a: Charizard|Weather Ball|p2a: Drampa\n|-resisted|p2a: Drampa|1\n|-damage|p2a: Drampa|72/100\n|move|p1b: Incineroar|Throat Chop|p2a: Drampa\n|-damage|p2a: Drampa|42/100\n|-start|p2a: Drampa|Throat Chop|[silent]\n|-ability|p2a: Drampa|Berserk|boost\n|-boost|p2a: Drampa|spa|1\n|cant|p2a: Drampa|move: Throat Chop\n|\n|-weather|SunnyDay|[upkeep]\n|upkeep\n|turn|10\n|\n|t:|1775976788\n|move|p1a: Charizard|Weather Ball|p2a: Drampa\n|-resisted|p2a: Drampa|1\n|-damage|p2a: Drampa|31/100\n|move|p1b: Incineroar|Throat Chop|p2a: Drampa\n|-damage|p2a: Drampa|1/100\n|move|p2a: Drampa|Earth Power|p1b: Incineroar\n|-supereffective|p1b: Incineroar|1\n|-damage|p1b: Incineroar|0 fnt\n|faint|p1b: Incineroar\n|\n|-weather|SunnyDay|[upkeep]\n|-end|p2a: Drampa|Throat Chop|[silent]\n|upkeep\n|turn|11\n|\n|t:|1775976802\n|move|p1a: Charizard|Weather Ball|p2a: Drampa\n|-resisted|p2a: Drampa|1\n|-damage|p2a: Drampa|0 fnt\n|faint|p2a: Drampa\n|\n|win|Novicebest\n|raw|Novicebest's rating: 1245 &rarr; <strong>1279</strong><br />(+34 for winning)\n|raw|alfa ash's rating: 1383 &rarr; <strong>1355</strong><br />(-28 for losing)\n|l|\u2606alfa ash\n|player|p2|\n",
  "uploadtime": 1775976808,
  "views": 21,
  "formatid": "gen9championsvgc2026regma",
  "rating": 1279,
  "private": 0,
  "password": null
}