{
  "id": "gen9championsvgc2026regma-2583777046",
  "format": "[Gen 9 Champions] VGC 2026 Reg M-A",
  "players": [
    "Mashndrow",
    "pc.giacomino"
  ],
  "log": "|j|\u2606Mashndrow\n|j|\u2606pc.giacomino\n|t:|1776196972\n|gametype|doubles\n|player|p1|Mashndrow|bugcatcher-gen4dp|1041\n|player|p2|pc.giacomino|ghetsis-gen5bw|1076\n|gen|9\n|tier|[Gen 9 Champions] VGC 2026 Reg M-A\n|rated|\n|rule|Species Clause: Limit one of each Pok\u00e9mon\n|rule|Item Clause: Limit 1 of each item\n|clearpoke\n|poke|p1|Arcanine-Hisui, L50, F|\n|poke|p1|Serperior, L50, F|\n|poke|p1|Clefable, L50, F|\n|poke|p1|Sneasler, L50, M|\n|poke|p2|Froslass, L50, F|\n|poke|p2|Palafin, L50, M|\n|poke|p2|Kingambit, L50, F|\n|poke|p2|Arcanine-Hisui, L50, M|\n|poke|p2|Sinistcha, L50|\n|poke|p2|Sneasler, L50, F|\n|teampreview|4\n|inactive|Battle timer is ON: inactive players will automatically lose when time's up. (requested by Mashndrow)\n|inactive|Mashndrow has 60 seconds left.\n|inactive|pc.giacomino has 60 seconds left.\n|\n|t:|1776197025\n|teamsize|p1|4\n|teamsize|p2|4\n|start\n|switch|p1a: Arcanine|Arcanine-Hisui, L50, F|100/100\n|switch|p1b: Serperior|Serperior, L50, F|100/100\n|switch|p2a: Sneasler|Sneasler, L50, F, shiny|100/100\n|switch|p2b: Palafin|Palafin, L50, M|100/100\n|-ability|p1a: Arcanine|Intimidate|boost\n|-unboost|p2a: Sneasler|atk|1\n|-unboost|p2b: Palafin|atk|1\n|-enditem|p2a: Sneasler|White Herb\n|-clearnegativeboost|p2a: Sneasler|[silent]\n|turn|1\n|inactive|Mashndrow has 30 seconds left.\n|inactive|pc.giacomino has 30 seconds left.\n|\n|t:|1776197059\n|move|p1a: Arcanine|Protect|p1a: Arcanine\n|-singleturn|p1a: Arcanine|Protect\n|move|p2a: Sneasler|Dire Claw|p1b: Serperior\n|-supereffective|p1b: Serperior|1\n|-enditem|p1b: Serperior|Kebia Berry|[eat]\n|-enditem|p1b: Serperior|Kebia Berry|[weaken]\n|-damage|p1b: Serperior|41/100\n|move|p1b: Serperior|Leaf Storm|p2b: Palafin\n|-supereffective|p2b: Palafin|1\n|-damage|p2b: Palafin|0 fnt\n|-boost|p1b: Serperior|spa|2\n|faint|p2b: Palafin\n|\n|upkeep\n|\n|t:|1776197071\n|switch|p2b: Arcanine|Arcanine-Hisui, L50, M|100/100\n|-ability|p2b: Arcanine|Intimidate|boost\n|-unboost|p1a: Arcanine|atk|1\n|-boost|p1b: Serperior|atk|1\n|turn|2\n|\n|t:|1776197083\n|switch|p1a: Sneasler|Sneasler, L50, M|100/100\n|move|p1b: Serperior|Protect|p1b: Serperior\n|-singleturn|p1b: Serperior|Protect\n|move|p2b: Arcanine|Protect|p2b: Arcanine\n|-singleturn|p2b: Arcanine|Protect\n|move|p2a: Sneasler|Dire Claw|p1b: Serperior\n|-activate|p1b: Serperior|move: Protect\n|\n|upkeep\n|turn|3\n|inactive|Mashndrow has 30 seconds left.\n|\n|t:|1776197117\n|switch|p1b: Arcanine|Arcanine-Hisui, L50, F|100/100\n|-ability|p1b: Arcanine|Intimidate|boost\n|-unboost|p2a: Sneasler|atk|1\n|-unboost|p2b: Arcanine|atk|1\n|move|p2a: Sneasler|Dire Claw|p1b: Arcanine\n|-resisted|p1b: Arcanine|1\n|-damage|p1b: Arcanine|83/100\n|-status|p1b: Arcanine|psn\n|move|p1a: Sneasler|Throat Chop|p2b: Arcanine\n|-damage|p2b: Arcanine|69/100\n|-start|p2b: Arcanine|Throat Chop|[silent]\n|move|p2b: Arcanine|Flare Blitz|p1a: Sneasler\n|-damage|p1a: Sneasler|36/100\n|-damage|p2b: Arcanine|50/100|[from] Recoil\n|\n|-damage|p1b: Arcanine|71/100 psn|[from] psn\n|upkeep\n|turn|4\n|\n|t:|1776197141\n|move|p1b: Arcanine|Protect|p1b: Arcanine\n|-singleturn|p1b: Arcanine|Protect\n|move|p2b: Arcanine|Protect|p2b: Arcanine\n|-singleturn|p2b: Arcanine|Protect\n|move|p2a: Sneasler|Close Combat|p1b: Arcanine\n|-activate|p1b: Arcanine|move: Protect\n|move|p1a: Sneasler|Close Combat|p2b: Arcanine\n|-activate|p2b: Arcanine|move: Protect\n|\n|-damage|p1b: Arcanine|59/100 psn|[from] psn\n|-end|p2b: Arcanine|Throat Chop|[silent]\n|upkeep\n|turn|5\n|\n|t:|1776197156\n|move|p2b: Arcanine|Extreme Speed|p1a: Sneasler\n|-damage|p1a: Sneasler|7/100\n|move|p2a: Sneasler|Close Combat|p1b: Arcanine\n|-supereffective|p1b: Arcanine|1\n|-damage|p1b: Arcanine|0 fnt\n|-unboost|p2a: Sneasler|def|1\n|-unboost|p2a: Sneasler|spd|1\n|faint|p1b: Arcanine\n|move|p1a: Sneasler|Close Combat|p2b: Arcanine\n|-supereffective|p2b: Arcanine|1\n|-damage|p2b: Arcanine|0 fnt\n|-unboost|p1a: Sneasler|def|1\n|-unboost|p1a: Sneasler|spd|1\n|faint|p2b: Arcanine\n|-enditem|p1a: Sneasler|White Herb\n|-clearnegativeboost|p1a: Sneasler|[silent]\n|\n|upkeep\n|\n|t:|1776197169\n|switch|p1b: Clefable|Clefable, L50, F|100/100\n|switch|p2b: Kingambit|Kingambit, L50, F, shiny|100/100\n|turn|6\n|inactive|pc.giacomino has 30 seconds left.\n|\n|t:|1776197199\n|move|p1a: Sneasler|Protect|p1a: Sneasler\n|-singleturn|p1a: Sneasler|Protect\n|move|p1b: Clefable|Protect|p1b: Clefable\n|-singleturn|p1b: Clefable|Protect\n|move|p2a: Sneasler|Dire Claw|p1b: Clefable\n|-activate|p1b: Clefable|move: Protect\n|move|p2b: Kingambit|Kowtow Cleave|p1a: Sneasler\n|-activate|p1a: Sneasler|move: Protect\n|\n|upkeep\n|turn|7\n|\n|t:|1776197215\n|move|p1b: Clefable|Follow Me|p1b: Clefable\n|-singleturn|p1b: Clefable|move: Follow Me\n|move|p2b: Kingambit|Sucker Punch||[still]\n|-fail|p2b: Kingambit\n|move|p1a: Sneasler|Close Combat|p2b: Kingambit\n|-supereffective|p2b: Kingambit|2\n|-damage|p2b: Kingambit|0 fnt\n|-unboost|p1a: Sneasler|def|1\n|-unboost|p1a: Sneasler|spd|1\n|faint|p2b: Kingambit\n|move|p2a: Sneasler|Dire Claw|p1b: Clefable\n|-supereffective|p1b: Clefable|1\n|-damage|p1b: Clefable|50/100\n|\n|-heal|p1b: Clefable|56/100|[from] item: Leftovers\n|upkeep\n|turn|8\n|-message|pc.giacomino forfeited.\n|\n|win|Mashndrow\n|raw|Mashndrow's rating: 1041 &rarr; <strong>1078</strong><br />(+37 for winning)\n|raw|pc.giacomino's rating: 1076 &rarr; <strong>1052</strong><br />(-24 for losing)\n|l|\u2606pc.giacomino\n|player|p2|\n",
  "uploadtime": 1776197235,
  "views": 15,
  "formatid": "gen9championsvgc2026regma",
  "rating": 1052,
  "private": 0,
  "password": null
}