{
  "id": "gen9championsvgc2026regma-2582588932",
  "format": "[Gen 9 Champions] VGC 2026 Reg M-A",
  "players": [
    "sirglizzi",
    "joe11o2a"
  ],
  "log": "|j|\u2606sirglizzi\n|j|\u2606joe11o2a\n|t:|1776101175\n|gametype|doubles\n|player|p1|sirglizzi|266|1062\n|player|p2|joe11o2a|266|1113\n|gen|9\n|tier|[Gen 9 Champions] VGC 2026 Reg M-A\n|rated|\n|rule|Species Clause: Limit one of each Pok\u00e9mon\n|rule|Item Clause: Limit 1 of each item\n|clearpoke\n|poke|p1|Sinistcha, L50|\n|poke|p1|Kommo-o, L50, M|\n|poke|p1|Scizor, L50, F|\n|poke|p1|Politoed, L50, F|\n|poke|p1|Basculegion, L50, M|\n|poke|p1|Incineroar, L50, F|\n|poke|p2|Froslass, L50, F|\n|poke|p2|Primarina, L50, M|\n|poke|p2|Aerodactyl, L50, M|\n|poke|p2|Rotom-Heat, L50|\n|poke|p2|Kommo-o, L50, M|\n|poke|p2|Sinistcha, L50|\n|teampreview|4\n|inactive|Battle timer is ON: inactive players will automatically lose when time's up. (requested by sirglizzi)\n|inactive|sirglizzi has 60 seconds left.\n|\n|t:|1776101207\n|teamsize|p1|4\n|teamsize|p2|4\n|start\n|switch|p1a: Politoed|Politoed, L50, F|100/100\n|switch|p1b: Kommo-o|Kommo-o, L50, M|100/100\n|switch|p2a: Aerodactyl|Aerodactyl, L50, M|100/100\n|switch|p2b: Kommo-o|Kommo-o, L50, M|100/100\n|-weather|RainDance|[from] ability: Drizzle|[of] p1a: Politoed\n|turn|1\n|\n|t:|1776101223\n|move|p2a: Aerodactyl|Tailwind|p2a: Aerodactyl\n|-sidestart|p2: joe11o2a|move: Tailwind\n|move|p2b: Kommo-o|Clangorous Soul|p2b: Kommo-o\n|-boost|p2b: Kommo-o|atk|1\n|-boost|p2b: Kommo-o|def|1\n|-boost|p2b: Kommo-o|spa|1\n|-boost|p2b: Kommo-o|spd|1\n|-boost|p2b: Kommo-o|spe|1\n|-damage|p2b: Kommo-o|68/100\n|move|p1b: Kommo-o|Clangorous Soul|p1b: Kommo-o\n|-boost|p1b: Kommo-o|atk|1\n|-boost|p1b: Kommo-o|def|1\n|-boost|p1b: Kommo-o|spa|1\n|-boost|p1b: Kommo-o|spd|1\n|-boost|p1b: Kommo-o|spe|1\n|-damage|p1b: Kommo-o|68/100\n|move|p1a: Politoed|Encore|p2b: Kommo-o\n|-start|p2b: Kommo-o|Encore\n|\n|-weather|RainDance|[upkeep]\n|upkeep\n|turn|2\n|\n|t:|1776101245\n|move|p2a: Aerodactyl|Wide Guard|p2a: Aerodactyl\n|-singleturn|p2a: Aerodactyl|Wide Guard\n|move|p2b: Kommo-o|Clangorous Soul|p2b: Kommo-o\n|-boost|p2b: Kommo-o|atk|1\n|-boost|p2b: Kommo-o|def|1\n|-boost|p2b: Kommo-o|spa|1\n|-boost|p2b: Kommo-o|spd|1\n|-boost|p2b: Kommo-o|spe|1\n|-damage|p2b: Kommo-o|35/100\n|move|p1b: Kommo-o|Clanging Scales|p2b: Kommo-o|[spread] \n|-activate|p2a: Aerodactyl|move: Wide Guard\n|-activate|p2b: Kommo-o|move: Wide Guard\n|move|p1a: Politoed|Weather Ball|p2a: Aerodactyl\n|-supereffective|p2a: Aerodactyl|1\n|-enditem|p2a: Aerodactyl|Focus Sash\n|-damage|p2a: Aerodactyl|1/100\n|\n|-weather|RainDance|[upkeep]\n|upkeep\n|turn|3\n|\n|t:|1776101264\n|switch|p2a: Sinistcha|Sinistcha, L50|100/100\n|-heal|p2b: Kommo-o|59/100|[from] ability: Hospitality|[of] p2a: Sinistcha\n|move|p2b: Kommo-o|Clangorous Soul|p2b: Kommo-o\n|-boost|p2b: Kommo-o|atk|1\n|-boost|p2b: Kommo-o|def|1\n|-boost|p2b: Kommo-o|spa|1\n|-boost|p2b: Kommo-o|spd|1\n|-boost|p2b: Kommo-o|spe|1\n|-damage|p2b: Kommo-o|26/100\n|move|p1b: Kommo-o|Flash Cannon|p2b: Kommo-o\n|-crit|p2b: Kommo-o\n|-damage|p2b: Kommo-o|0 fnt\n|faint|p2b: Kommo-o\n|move|p1a: Politoed|Weather Ball|p2a: Sinistcha\n|-resisted|p2a: Sinistcha|1\n|-damage|p2a: Sinistcha|77/100\n|\n|-weather|RainDance|[upkeep]\n|upkeep\n|\n|t:|1776101280\n|switch|p2b: Froslass|Froslass, L50, F|100/100\n|turn|4\n|\n|t:|1776101288\n|switch|p1a: Scizor|Scizor, L50, F|100/100\n|detailschange|p2b: Froslass|Froslass-Mega, L50, F\n|-mega|p2b: Froslass|Froslass|Froslassite\n|-weather|Snowscape|[from] ability: Snow Warning|[of] p2b: Froslass\n|move|p2b: Froslass|Blizzard|p1b: Kommo-o|[spread] p1a,p1b\n|-resisted|p1a: Scizor|1\n|-crit|p1a: Scizor\n|-supereffective|p1b: Kommo-o|1\n|-damage|p1a: Scizor|56/100\n|-damage|p1b: Kommo-o|0 fnt\n|faint|p1b: Kommo-o\n|move|p2a: Sinistcha|Matcha Gotcha|p1a: Scizor\n|-resisted|p1a: Scizor|2\n|-damage|p1a: Scizor|47/100\n|-heal|p2a: Sinistcha|81/100|[from] drain|[of] p1a: Scizor\n|\n|-weather|Snowscape|[upkeep]\n|-sideend|p2: joe11o2a|move: Tailwind\n|upkeep\n|\n|t:|1776101300\n|switch|p1b: Basculegion|Basculegion, L50, M|100/100\n|turn|5\n|\n|t:|1776101311\n|detailschange|p1a: Scizor|Scizor-Mega, L50, F\n|-mega|p1a: Scizor|Scizor|Scizorite\n|move|p1b: Basculegion|Last Respects|p2b: Froslass\n|-supereffective|p2b: Froslass|1\n|-damage|p2b: Froslass|0 fnt\n|faint|p2b: Froslass\n|move|p1a: Scizor|Swords Dance|p1a: Scizor\n|-boost|p1a: Scizor|atk|2\n|move|p2a: Sinistcha|Matcha Gotcha|p1a: Scizor|[spread] p1a,p1b\n|-resisted|p1a: Scizor|2\n|-supereffective|p1b: Basculegion|1\n|-damage|p1a: Scizor|42/100\n|-heal|p2a: Sinistcha|84/100|[from] drain|[of] p1a: Scizor\n|-damage|p1b: Basculegion|43/100\n|-heal|p2a: Sinistcha|100/100|[from] drain|[of] p1b: Basculegion\n|-status|p1a: Scizor|brn\n|\n|-weather|Snowscape|[upkeep]\n|-damage|p1a: Scizor|36/100 brn|[from] brn\n|upkeep\n|-message|joe11o2a forfeited.\n|\n|win|sirglizzi\n|raw|sirglizzi's rating: 1062 &rarr; <strong>1097</strong><br />(+35 for winning)\n|raw|joe11o2a's rating: 1113 &rarr; <strong>1084</strong><br />(-29 for losing)\n|l|\u2606joe11o2a\n|player|p2|\n",
  "uploadtime": 1776101332,
  "views": 21,
  "formatid": "gen9championsvgc2026regma",
  "rating": 1084,
  "private": 0,
  "password": null
}