{
  "id": "gen9championsvgc2026regma-2584536511",
  "format": "[Gen 9 Champions] VGC 2026 Reg M-A",
  "players": [
    "pavli04",
    "DriftmanREALVEVO"
  ],
  "log": "|j|\u2606pavli04\n|j|\u2606DriftmanREALVEVO\n|t:|1776267285\n|gametype|doubles\n|player|p1|pavli04|265|1049\n|player|p2|DriftmanREALVEVO|rood|1107\n|gen|9\n|tier|[Gen 9 Champions] VGC 2026 Reg M-A\n|rated|\n|rule|Species Clause: Limit one of each Pok\u00e9mon\n|rule|Item Clause: Limit 1 of each item\n|clearpoke\n|poke|p1|Milotic, L50, M|\n|poke|p1|Ninetales-Alola, L50, M|\n|poke|p1|Aegislash, L50, F|\n|poke|p1|Glimmora, L50, M|\n|poke|p1|Pelipper, L50, M|\n|poke|p1|Archaludon, L50, F|\n|poke|p2|Kingambit, L50, F|\n|poke|p2|Salazzle, L50, F|\n|poke|p2|Kleavor, L50, F|\n|poke|p2|Slowking-Galar, L50, F|\n|poke|p2|Starmie, L50|\n|poke|p2|Drampa, L50, F|\n|teampreview|4\n|\n|t:|1776267333\n|teamsize|p1|4\n|teamsize|p2|4\n|start\n|switch|p1a: Pelipper|Pelipper, L50, M|100/100\n|switch|p1b: Archaludon|Archaludon, L50, F|100/100\n|switch|p2a: Kleavor|Kleavor, L50, F, shiny|100/100\n|switch|p2b: Salazzle|Salazzle, L50, F, shiny|100/100\n|-weather|RainDance|[from] ability: Drizzle|[of] p1a: Pelipper\n|turn|1\n|\n|t:|1776267360\n|move|p2b: Salazzle|Fake Out|p1a: Pelipper\n|-damage|p1a: Pelipper|93/100\n|move|p2a: Kleavor|Stone Axe|p1a: Pelipper\n|-supereffective|p1a: Pelipper|1\n|-damage|p1a: Pelipper|0 fnt\n|-sidestart|p1: pavli04|move: Stealth Rock\n|faint|p1a: Pelipper\n|move|p1b: Archaludon|Electro Shot||[still]\n|-prepare|p1b: Archaludon|Electro Shot\n|-boost|p1b: Archaludon|spa|1\n|-anim|p1b: Archaludon|Electro Shot|p2a: Kleavor\n|-damage|p2a: Kleavor|0 fnt\n|faint|p2a: Kleavor\n|\n|-weather|RainDance|[upkeep]\n|upkeep\n|\n|t:|1776267435\n|switch|p2a: Kingambit|Kingambit, L50, F, shiny|100/100\n|switch|p1a: Milotic|Milotic, L50, M, shiny|100/100\n|-damage|p1a: Milotic|88/100|[from] Stealth Rock\n|turn|2\n|inactive|Battle timer is ON: inactive players will automatically lose when time's up. (requested by DriftmanREALVEVO)\n|\n|t:|1776267490\n|switch|p2a: Drampa|Drampa, L50, F, shiny|100/100\n|-ability|p2a: Drampa|Cloud Nine\n|move|p2b: Salazzle|Flamethrower|p1b: Archaludon\n|-damage|p1b: Archaludon|35/100\n|move|p1a: Milotic|Scald|p2b: Salazzle\n|-supereffective|p2b: Salazzle|1\n|-enditem|p2b: Salazzle|Focus Sash\n|-damage|p2b: Salazzle|1/100\n|move|p1b: Archaludon|Aura Sphere|p2a: Drampa\n|-supereffective|p2a: Drampa|1\n|-damage|p2a: Drampa|10/100\n|\n|-weather|RainDance|[upkeep]\n|upkeep\n|turn|3\n|inactive|DriftmanREALVEVO has 30 seconds left.\n|\n|t:|1776267517\n|move|p1b: Archaludon|Protect|p1b: Archaludon\n|-singleturn|p1b: Archaludon|Protect\n|move|p2a: Drampa|Protect|p2a: Drampa\n|-singleturn|p2a: Drampa|Protect\n|move|p2b: Salazzle|Flamethrower|p1b: Archaludon\n|-activate|p1b: Archaludon|move: Protect\n|move|p1a: Milotic|Icy Wind|p2b: Salazzle|[spread] p2b\n|-activate|p2a: Drampa|move: Protect\n|-resisted|p2b: Salazzle|1\n|-damage|p2b: Salazzle|0 fnt\n|faint|p2b: Salazzle\n|\n|-weather|RainDance|[upkeep]\n|upkeep\n|\n|t:|1776267532\n|switch|p2b: Kingambit|Kingambit, L50, F, shiny|100/100\n|turn|4\n|\n|t:|1776267542\n|detailschange|p2a: Drampa|Drampa-Mega, L50, F, shiny\n|-mega|p2a: Drampa|Drampa|Drampanite\n|move|p2b: Kingambit|Sucker Punch|p1b: Archaludon\n|-damage|p1b: Archaludon|0 fnt\n|faint|p1b: Archaludon\n|move|p1a: Milotic|Icy Wind|p2b: Kingambit|[spread] p2a,p2b\n|-supereffective|p2a: Drampa|1\n|-resisted|p2b: Kingambit|1\n|-damage|p2a: Drampa|0 fnt\n|-damage|p2b: Kingambit|95/100\n|-unboost|p2b: Kingambit|spe|1\n|-ability|p2b: Kingambit|Defiant|boost\n|-boost|p2b: Kingambit|atk|2\n|faint|p2a: Drampa\n|\n|-weather|RainDance|[upkeep]\n|upkeep\n|\n|t:|1776267559\n|switch|p1b: Aegislash|Aegislash, L50, F|100/100\n|-damage|p1b: Aegislash|95/100|[from] Stealth Rock\n|turn|5\n|\n|t:|1776267568\n|move|p2b: Kingambit|Sucker Punch|p1b: Aegislash\n|-supereffective|p1b: Aegislash|1\n|-damage|p1b: Aegislash|0 fnt\n|faint|p1b: Aegislash\n|move|p1a: Milotic|Scald|p2b: Kingambit\n|-damage|p2b: Kingambit|42/100\n|\n|-weather|none\n|upkeep\n|turn|6\n|\n|t:|1776267581\n|move|p2b: Kingambit|Sucker Punch|p1a: Milotic\n|-damage|p1a: Milotic|0 fnt\n|faint|p1a: Milotic\n|\n|win|DriftmanREALVEVO\n|raw|pavli04's rating: 1049 &rarr; <strong>1035</strong><br />(-14 for losing)\n|raw|DriftmanREALVEVO's rating: 1107 &rarr; <strong>1128</strong><br />(+21 for winning)\n",
  "uploadtime": 1776267590,
  "views": 25,
  "formatid": "gen9championsvgc2026regma",
  "rating": 1035,
  "private": 0,
  "password": null
}