{
  "id": "gen9championsvgc2026regma-2587806383",
  "format": "[Gen 9 Champions] VGC 2026 Reg M-A",
  "players": [
    "aderhell666",
    "Meep the rookie"
  ],
  "log": "|j|\u2606aderhell666\n|j|\u2606Meep the rookie\n|t:|1776565907\n|gametype|doubles\n|player|p1|aderhell666|101|1101\n|player|p2|Meep the rookie|102|1000\n|gen|9\n|tier|[Gen 9 Champions] VGC 2026 Reg M-A\n|rated|\n|rule|Species Clause: Limit one of each Pok\u00e9mon\n|rule|Item Clause: Limit 1 of each item\n|clearpoke\n|poke|p1|Tinkaton, L50, F|\n|poke|p1|Whimsicott, L50, F|\n|poke|p1|Incineroar, L50, F|\n|poke|p1|Farigiraf, L50, F|\n|poke|p1|Sneasler, L50, F|\n|poke|p1|Scizor, L50, M|\n|poke|p2|Tyranitar, L50, F|\n|poke|p2|Garchomp, L50, M|\n|poke|p2|Aerodactyl, L50, F|\n|poke|p2|Farigiraf, L50, M|\n|poke|p2|Aggron, L50, M|\n|poke|p2|Aegislash, L50, M|\n|teampreview|4\n|inactive|Battle timer is ON: inactive players will automatically lose when time's up. (requested by aderhell666)\n|\n|t:|1776565970\n|teamsize|p1|4\n|teamsize|p2|4\n|start\n|switch|p1a: Sneasler|Sneasler, L50, F|100/100\n|switch|p1b: Scizor|Scizor, L50, M|100/100\n|switch|p2a: Tyranitar|Tyranitar, L50, F|100/100\n|switch|p2b: Garchomp|Garchomp, L50, M|100/100\n|-weather|Sandstorm|[from] ability: Sand Stream|[of] p2a: Tyranitar\n|turn|1\n|inactive|Meep the rookie has 30 seconds left.\n|inactive|Meep the rookie has 20 seconds left.\n|inactive|Meep the rookie has 15 seconds left.\n|inactive|Meep the rookie has 10 seconds left.\n|\n|t:|1776566016\n|detailschange|p1b: Scizor|Scizor-Mega, L50, M\n|-mega|p1b: Scizor|Scizor|Scizorite\n|detailschange|p2a: Tyranitar|Tyranitar-Mega, L50, F\n|-mega|p2a: Tyranitar|Tyranitar|Tyranitarite\n|move|p2a: Tyranitar|Protect|p2a: Tyranitar\n|-singleturn|p2a: Tyranitar|Protect\n|move|p1a: Sneasler|Dire Claw|p2b: Garchomp|[miss]\n|-miss|p1a: Sneasler|p2b: Garchomp\n|move|p2b: Garchomp|Swords Dance|p2b: Garchomp\n|-boost|p2b: Garchomp|atk|2\n|move|p1b: Scizor|U-turn|p2a: Tyranitar\n|-activate|p2a: Tyranitar|move: Protect\n|\n|-weather|Sandstorm|[upkeep]\n|-damage|p1a: Sneasler|95/100|[from] Sandstorm\n|upkeep\n|turn|2\n|inactive|Meep the rookie has 30 seconds left.\n|\n|t:|1776566043\n|move|p1a: Sneasler|Dire Claw|p2b: Garchomp|[miss]\n|-miss|p1a: Sneasler|p2b: Garchomp\n|move|p2b: Garchomp|Earthquake|p1b: Scizor|[spread] p2a,p1a,p1b\n|-supereffective|p2a: Tyranitar|1\n|-supereffective|p1a: Sneasler|1\n|-damage|p2a: Tyranitar|0 fnt\n|-damage|p1a: Sneasler|0 fnt\n|-damage|p1b: Scizor|34/100\n|faint|p2a: Tyranitar\n|faint|p1a: Sneasler\n|move|p1b: Scizor|U-turn|p2b: Garchomp|[miss]\n|-miss|p1b: Scizor|p2b: Garchomp\n|\n|-weather|Sandstorm|[upkeep]\n|upkeep\n|\n|t:|1776566057\n|switch|p1a: Incineroar|Incineroar, L50, F|100/100\n|switch|p2a: Aerodactyl|Aerodactyl, L50, F|100/100\n|-ability|p2a: Aerodactyl|Unnerve\n|-ability|p1a: Incineroar|Intimidate|boost\n|-unboost|p2a: Aerodactyl|atk|1\n|-unboost|p2b: Garchomp|atk|1\n|turn|3\n|\n|t:|1776566079\n|move|p2a: Aerodactyl|Protect|p2a: Aerodactyl\n|-singleturn|p2a: Aerodactyl|Protect\n|move|p1a: Incineroar|Fake Out|p2b: Garchomp\n|-damage|p2b: Garchomp|88/100\n|cant|p2b: Garchomp|flinch\n|move|p1b: Scizor|Bug Bite|p2b: Garchomp\n|-damage|p2b: Garchomp|37/100\n|\n|-weather|Sandstorm|[upkeep]\n|-damage|p1a: Incineroar|95/100|[from] Sandstorm\n|upkeep\n|turn|4\n|\n|t:|1776566101\n|move|p1b: Scizor|Bullet Punch|p2b: Garchomp\n|-damage|p2b: Garchomp|0 fnt\n|faint|p2b: Garchomp\n|move|p2a: Aerodactyl|Tailwind|p2a: Aerodactyl\n|-sidestart|p2: Meep the rookie|move: Tailwind\n|move|p1a: Incineroar|Parting Shot|p2a: Aerodactyl\n|-unboost|p2a: Aerodactyl|atk|1\n|-unboost|p2a: Aerodactyl|spa|1\n|\n|t:|1776566106\n|switch|p1a: Tinkaton|Tinkaton, L50, F|100/100|[from] Parting Shot\n|\n|-weather|Sandstorm|[upkeep]\n|upkeep\n|\n|t:|1776566114\n|switch|p2b: Aegislash|Aegislash, L50, M|100/100\n|turn|5\n|\n|t:|1776566133\n|move|p1b: Scizor|Bullet Punch|p2a: Aerodactyl\n|-supereffective|p2a: Aerodactyl|1\n|-enditem|p2a: Aerodactyl|Focus Sash\n|-damage|p2a: Aerodactyl|1/100\n|move|p2a: Aerodactyl|Rock Slide|p1a: Tinkaton|[spread] p1a,p1b\n|-resisted|p1a: Tinkaton|1\n|-damage|p1a: Tinkaton|93/100\n|-damage|p1b: Scizor|23/100\n|-formechange|p2b: Aegislash|Aegislash-Blade|\n|move|p2b: Aegislash|Shadow Ball|p1a: Tinkaton\n|-damage|p1a: Tinkaton|50/100\n|move|p1a: Tinkaton|Skill Swap||[still]\n|-fail|p1a: Tinkaton\n|\n|-weather|none\n|upkeep\n|turn|6\n|inactive|Meep the rookie has 30 seconds left.\n|inactive|Meep the rookie has 20 seconds left.\n|\n|t:|1776566169\n|move|p2a: Aerodactyl|Protect|p2a: Aerodactyl\n|-singleturn|p2a: Aerodactyl|Protect\n|move|p2b: Aegislash|Shadow Sneak|p1b: Scizor\n|-damage|p1b: Scizor|4/100\n|move|p1b: Scizor|Bullet Punch|p2a: Aerodactyl\n|-activate|p2a: Aerodactyl|move: Protect\n|move|p1a: Tinkaton|Foul Play|p2b: Aegislash\n|-supereffective|p2b: Aegislash|1\n|-damage|p2b: Aegislash|0 fnt\n|faint|p2b: Aegislash\n|-heal|p1a: Tinkaton|61/100|[from] item: Shell Bell|[of] p2: Aegislash\n|\n|upkeep\n|turn|7\n|\n|t:|1776566186\n|move|p1b: Scizor|Bullet Punch|p2a: Aerodactyl\n|-supereffective|p2a: Aerodactyl|1\n|-damage|p2a: Aerodactyl|0 fnt\n|faint|p2a: Aerodactyl\n|\n|win|aderhell666\n|raw|aderhell666's rating: 1101 &rarr; <strong>1119</strong><br />(+18 for winning)\n|raw|Meep the rookie's rating: 1000 &rarr; <strong>1000</strong><br />(+0 for losing)\n|l|\u2606aderhell666\n|player|p1|\n|l|\u2606Meep the rookie\n|player|p2|\n|j|\u2606aderhell666\n|player|p1|aderhell666|101|\n",
  "uploadtime": 1776566202,
  "views": 8,
  "formatid": "gen9championsvgc2026regma",
  "rating": 1000,
  "private": 0,
  "password": null
}