{
  "id": "gen9championsvgc2026regma-2585143492",
  "format": "[Gen 9 Champions] VGC 2026 Reg M-A",
  "players": [
    "malphitemaniac",
    "roval2"
  ],
  "log": "|j|\u2606malphitemaniac\n|j|\u2606roval2\n|t:|1776317055\n|gametype|doubles\n|player|p1|malphitemaniac|169|1123\n|player|p2|roval2|hiker-gen4|1172\n|gen|9\n|tier|[Gen 9 Champions] VGC 2026 Reg M-A\n|rated|\n|rule|Species Clause: Limit one of each Pok\u00e9mon\n|rule|Item Clause: Limit 1 of each item\n|clearpoke\n|poke|p1|Glimmora, L50, M|\n|poke|p1|Espathra, L50, F|\n|poke|p1|Incineroar, L50, F|\n|poke|p1|Kingambit, L50, M|\n|poke|p1|Maushold, L50|\n|poke|p1|Venusaur, L50, F|\n|poke|p2|Crabominable, L50, F|\n|poke|p2|Farigiraf, L50, M|\n|poke|p2|Aerodactyl, L50, F|\n|poke|p2|Delphox, L50, M|\n|poke|p2|Sinistcha, L50|\n|poke|p2|Mudsdale, L50, F|\n|teampreview|4\n|inactive|Battle timer is ON: inactive players will automatically lose when time's up. (requested by malphitemaniac)\n|\n|t:|1776317082\n|teamsize|p1|4\n|teamsize|p2|4\n|start\n|switch|p1a: Espathra|Espathra, L50, F|100/100\n|switch|p1b: Incineroar|Incineroar, L50, F|100/100\n|switch|p2a: Sinistcha|Sinistcha, L50|100/100\n|switch|p2b: Mudsdale|Mudsdale, L50, F|100/100\n|-ability|p1b: Incineroar|Intimidate|boost\n|-unboost|p2a: Sinistcha|atk|1\n|-fail|p2b: Mudsdale|unboost|Attack|[from] ability: Inner Focus|[of] p2b: Mudsdale\n|turn|1\n|\n|t:|1776317105\n|move|p1b: Incineroar|Fake Out|p2b: Mudsdale\n|-damage|p2b: Mudsdale|91/100\n|move|p1a: Espathra|Calm Mind|p1a: Espathra\n|-boost|p1a: Espathra|spa|1\n|-boost|p1a: Espathra|spd|1\n|move|p2b: Mudsdale|High Horsepower|p1b: Incineroar\n|-supereffective|p1b: Incineroar|1\n|-damage|p1b: Incineroar|31/100\n|-enditem|p1b: Incineroar|Sitrus Berry|[eat]\n|-heal|p1b: Incineroar|56/100|[from] item: Sitrus Berry\n|move|p2a: Sinistcha|Trick Room|p2a: Sinistcha\n|-fieldstart|move: Trick Room|[of] p2a: Sinistcha\n|\n|-ability|p1a: Espathra|Speed Boost|boost\n|-boost|p1a: Espathra|spe|1\n|upkeep\n|turn|2\n|\n|t:|1776317127\n|move|p2b: Mudsdale|Rock Slide|p1a: Espathra|[spread] p1a,p1b\n|-supereffective|p1b: Incineroar|1\n|-crit|p1b: Incineroar\n|-damage|p1a: Espathra|72/100\n|-damage|p1b: Incineroar|13/100\n|cant|p1b: Incineroar|flinch\n|move|p2a: Sinistcha|Shadow Ball|p1a: Espathra\n|-supereffective|p1a: Espathra|1\n|-damage|p1a: Espathra|22/100\n|move|p1a: Espathra|Calm Mind|p1a: Espathra\n|-boost|p1a: Espathra|spa|1\n|-boost|p1a: Espathra|spd|1\n|\n|-ability|p1a: Espathra|Speed Boost|boost\n|-boost|p1a: Espathra|spe|1\n|upkeep\n|turn|3\n|\n|t:|1776317146\n|move|p1a: Espathra|Protect|p1a: Espathra\n|-singleturn|p1a: Espathra|Protect\n|move|p2b: Mudsdale|Rock Slide|p1a: Espathra|[spread] p1b\n|-activate|p1a: Espathra|move: Protect\n|-supereffective|p1b: Incineroar|1\n|-damage|p1b: Incineroar|0 fnt\n|faint|p1b: Incineroar\n|move|p2a: Sinistcha|Shadow Ball|p1a: Espathra\n|-activate|p1a: Espathra|move: Protect\n|\n|-ability|p1a: Espathra|Speed Boost|boost\n|-boost|p1a: Espathra|spe|1\n|upkeep\n|\n|t:|1776317151\n|switch|p1b: Kingambit|Kingambit, L50, M|100/100\n|turn|4\n|\n|t:|1776317163\n|move|p1b: Kingambit|Sucker Punch|p2a: Sinistcha\n|-supereffective|p2a: Sinistcha|1\n|-damage|p2a: Sinistcha|2/100\n|-enditem|p2a: Sinistcha|Sitrus Berry|[eat]\n|-heal|p2a: Sinistcha|27/100|[from] item: Sitrus Berry\n|move|p2b: Mudsdale|High Horsepower|p1b: Kingambit\n|-supereffective|p1b: Kingambit|1\n|-damage|p1b: Kingambit|22/100\n|move|p2a: Sinistcha|Shadow Ball|p1a: Espathra\n|-supereffective|p1a: Espathra|1\n|-damage|p1a: Espathra|0 fnt\n|faint|p1a: Espathra\n|\n|upkeep\n|\n|t:|1776317174\n|switch|p1a: Venusaur|Venusaur, L50, F, shiny|100/100\n|turn|5\n|\n|t:|1776317191\n|detailschange|p1a: Venusaur|Venusaur-Mega, L50, F, shiny\n|-mega|p1a: Venusaur|Venusaur|Venusaurite\n|move|p2a: Sinistcha|Rage Powder|p2a: Sinistcha\n|-singleturn|p2a: Sinistcha|move: Rage Powder\n|move|p1b: Kingambit|Sucker Punch||[still]\n|-fail|p1b: Kingambit\n|move|p2b: Mudsdale|Rock Slide|p1a: Venusaur|[spread] p1a,p1b\n|-resisted|p1b: Kingambit|1\n|-damage|p1a: Venusaur|83/100\n|-damage|p1b: Kingambit|15/100\n|move|p1a: Venusaur|Giga Drain|p2b: Mudsdale\n|-supereffective|p2b: Mudsdale|1\n|-damage|p2b: Mudsdale|7/100\n|-heal|p1a: Venusaur|100/100|[from] drain|[of] p2b: Mudsdale\n|\n|-fieldend|move: Trick Room\n|upkeep\n|turn|6\n|inactive|roval2 has 30 seconds left.\n|\n|t:|1776317216\n|move|p1a: Venusaur|Sludge Wave|p2a: Sinistcha|[spread] p2a,p2b\n|-immune|p1b: Kingambit\n|-crit|p2a: Sinistcha\n|-resisted|p2b: Mudsdale|1\n|-damage|p2a: Sinistcha|0 fnt\n|-damage|p2b: Mudsdale|0 fnt\n|faint|p2a: Sinistcha\n|faint|p2b: Mudsdale\n|move|p1b: Kingambit|Kowtow Cleave|p2: Sinistcha|[notarget]\n|-fail|p1b: Kingambit\n|\n|upkeep\n|\n|t:|1776317227\n|switch|p2a: Aerodactyl|Aerodactyl, L50, F|100/100\n|switch|p2b: Crabominable|Crabominable, L50, F|100/100\n|-ability|p2a: Aerodactyl|Unnerve\n|turn|7\n|inactive|roval2 has 30 seconds left.\n|\n|t:|1776317257\n|detailschange|p2b: Crabominable|Crabominable-Mega, L50, F\n|-mega|p2b: Crabominable|Crabominable|Crabominite\n|move|p1b: Kingambit|Sucker Punch||[still]\n|-fail|p1b: Kingambit\n|move|p2a: Aerodactyl|Tailwind|p2a: Aerodactyl\n|-sidestart|p2: roval2|move: Tailwind\n|move|p2b: Crabominable|Ice Punch|p1a: Venusaur\n|-supereffective|p1a: Venusaur|1\n|-damage|p1a: Venusaur|55/100\n|move|p1a: Venusaur|Sleep Powder|p2a: Aerodactyl\n|-status|p2a: Aerodactyl|slp|[from] move: Sleep Powder\n|\n|upkeep\n|turn|8\n|\n|t:|1776317276\n|move|p2b: Crabominable|Protect|p2b: Crabominable\n|-singleturn|p2b: Crabominable|Protect\n|move|p1b: Kingambit|Sucker Punch||[still]\n|-fail|p1b: Kingambit\n|cant|p2a: Aerodactyl|slp\n|move|p1a: Venusaur|Sludge Wave|p2a: Aerodactyl|[spread] p2a\n|-activate|p2b: Crabominable|move: Protect\n|-immune|p1b: Kingambit\n|-resisted|p2a: Aerodactyl|1\n|-damage|p2a: Aerodactyl|71/100 slp\n|\n|upkeep\n|turn|9\n|\n|t:|1776317296\n|cant|p2a: Aerodactyl|slp\n|move|p2b: Crabominable|Ice Punch|p1a: Venusaur\n|-supereffective|p1a: Venusaur|1\n|-damage|p1a: Venusaur|10/100\n|move|p1a: Venusaur|Giga Drain|p2a: Aerodactyl\n|-damage|p2a: Aerodactyl|12/100 slp\n|-heal|p1a: Venusaur|34/100|[from] drain|[of] p2a: Aerodactyl\n|move|p1b: Kingambit|Iron Head|p2b: Crabominable\n|-supereffective|p2b: Crabominable|1\n|-damage|p2b: Crabominable|27/100\n|\n|upkeep\n|turn|10\n|\n|t:|1776317316\n|move|p1b: Kingambit|Sucker Punch|p2b: Crabominable\n|-resisted|p2b: Crabominable|1\n|-damage|p2b: Crabominable|8/100\n|-curestatus|p2a: Aerodactyl|slp|[msg]\n|move|p2a: Aerodactyl|Rock Slide|p1b: Kingambit|[spread] p1a\n|-miss|p2a: Aerodactyl|p1b: Kingambit\n|-damage|p1a: Venusaur|10/100\n|move|p2b: Crabominable|Ice Punch|p1a: Venusaur\n|-supereffective|p1a: Venusaur|1\n|-damage|p1a: Venusaur|0 fnt\n|faint|p1a: Venusaur\n|\n|-sideend|p2: roval2|move: Tailwind\n|upkeep\n|turn|11\n|\n|t:|1776317338\n|move|p1b: Kingambit|Sucker Punch|p2b: Crabominable\n|-resisted|p2b: Crabominable|1\n|-damage|p2b: Crabominable|0 fnt\n|faint|p2b: Crabominable\n|move|p2a: Aerodactyl|Earthquake|p1b: Kingambit\n|-supereffective|p1b: Kingambit|1\n|-damage|p1b: Kingambit|0 fnt\n|faint|p1b: Kingambit\n|\n|win|roval2\n|raw|malphitemaniac's rating: 1123 &rarr; <strong>1102</strong><br />(-21 for losing)\n|raw|roval2's rating: 1172 &rarr; <strong>1193</strong><br />(+21 for winning)\n",
  "uploadtime": 1776317348,
  "views": 37,
  "formatid": "gen9championsvgc2026regma",
  "rating": 1102,
  "private": 0,
  "password": null
}