{
  "id": "gen9championsvgc2026regma-2582482380",
  "format": "[Gen 9 Champions] VGC 2026 Reg M-A",
  "players": [
    "BlueMonkey862",
    "porygon-epilepz"
  ],
  "log": "|j|\u2606BlueMonkey862\n|j|\u2606porygon-epilepz\n|t:|1776094533\n|gametype|doubles\n|player|p1|BlueMonkey862|brawly|1103\n|player|p2|porygon-epilepz|hiker-gen4|1111\n|gen|9\n|tier|[Gen 9 Champions] VGC 2026 Reg M-A\n|rated|\n|rule|Species Clause: Limit one of each Pok\u00e9mon\n|rule|Item Clause: Limit 1 of each item\n|clearpoke\n|poke|p1|Archaludon, L50, M|\n|poke|p1|Basculegion, L50, M|\n|poke|p1|Pelipper, L50, M|\n|poke|p1|Whimsicott, L50, M|\n|poke|p1|Gengar, L50, M|\n|poke|p1|Venusaur, L50, M|\n|poke|p2|Kommo-o, L50, M|\n|poke|p2|Incineroar, L50, F|\n|poke|p2|Glimmora, L50, F|\n|poke|p2|Sinistcha, L50|\n|poke|p2|Talonflame, L50, F|\n|poke|p2|Palafin, L50, M|\n|teampreview|4\n|\n|t:|1776094545\n|teamsize|p1|4\n|teamsize|p2|4\n|start\n|switch|p1a: Gengar|Gengar, L50, M, shiny|100/100\n|switch|p1b: Whimsicott|Whimsicott, L50, M|100/100\n|switch|p2a: Kommo-o|Kommo-o, L50, M|100/100\n|switch|p2b: Incineroar|Incineroar, L50, F|100/100\n|-ability|p2b: Incineroar|Intimidate|boost\n|-unboost|p1a: Gengar|atk|1\n|-unboost|p1b: Whimsicott|atk|1\n|turn|1\n|\n|t:|1776094569\n|switch|p1b: Pelipper|Pelipper, L50, M|100/100\n|-weather|RainDance|[from] ability: Drizzle|[of] p1b: Pelipper\n|switch|p2a: Palafin|Palafin, L50, M|100/100\n|detailschange|p1a: Gengar|Gengar-Mega, L50, M, shiny\n|-mega|p1a: Gengar|Gengar|Gengarite\n|move|p1a: Gengar|Will-O-Wisp|p2a: Palafin\n|-status|p2a: Palafin|brn\n|move|p2b: Incineroar|Throat Chop|p1a: Gengar\n|-supereffective|p1a: Gengar|1\n|-damage|p1a: Gengar|3/100\n|-start|p1a: Gengar|Throat Chop|[silent]\n|\n|-weather|RainDance|[upkeep]\n|-damage|p2a: Palafin|94/100 brn|[from] brn\n|upkeep\n|turn|2\n|\n|t:|1776094596\n|move|p1a: Gengar|Protect|p1a: Gengar\n|-singleturn|p1a: Gengar|Protect\n|move|p2a: Palafin|Flip Turn|p1b: Pelipper\n|-resisted|p1b: Pelipper|1\n|-damage|p1b: Pelipper|91/100\n|\n|t:|1776094604\n|detailschange|p2a: Palafin|Palafin-Hero, L50, M\n|switch|p2a: Kommo-o|Kommo-o, L50, M|100/100|[from] Flip Turn\n|move|p1b: Pelipper|Weather Ball|p2b: Incineroar\n|-supereffective|p2b: Incineroar|1\n|-damage|p2b: Incineroar|0 fnt\n|faint|p2b: Incineroar\n|\n|-weather|RainDance|[upkeep]\n|-end|p1a: Gengar|Throat Chop|[silent]\n|upkeep\n|\n|t:|1776094609\n|switch|p2b: Palafin|Palafin-Hero, L50, M|94/100 brn\n|-activate|p2b: Palafin|ability: Zero to Hero\n|turn|3\n|\n|t:|1776094631\n|move|p2b: Palafin|Wave Crash|p1a: Gengar\n|-damage|p1a: Gengar|0 fnt\n|faint|p1a: Gengar\n|-damage|p2b: Palafin|94/100 brn|[from] Recoil\n|move|p2a: Kommo-o|Clangorous Soul|p2a: Kommo-o\n|-boost|p2a: Kommo-o|atk|1\n|-boost|p2a: Kommo-o|def|1\n|-boost|p2a: Kommo-o|spa|1\n|-boost|p2a: Kommo-o|spd|1\n|-boost|p2a: Kommo-o|spe|1\n|-damage|p2a: Kommo-o|68/100\n|move|p1b: Pelipper|Tailwind|p1b: Pelipper\n|-sidestart|p1: BlueMonkey862|move: Tailwind\n|\n|-weather|RainDance|[upkeep]\n|-heal|p2a: Kommo-o|74/100|[from] item: Leftovers\n|-damage|p2b: Palafin|88/100 brn|[from] brn\n|upkeep\n|\n|t:|1776094647\n|switch|p1a: Whimsicott|Whimsicott, L50, M|100/100\n|turn|4\n|\n|t:|1776094656\n|move|p1a: Whimsicott|Moonblast|p2a: Kommo-o\n|-supereffective|p2a: Kommo-o|2\n|-damage|p2a: Kommo-o|0 fnt\n|faint|p2a: Kommo-o\n|move|p1b: Pelipper|Hurricane|p2b: Palafin\n|-damage|p2b: Palafin|32/100 brn\n|move|p2b: Palafin|Wave Crash|p1a: Whimsicott\n|-resisted|p1a: Whimsicott|1\n|-damage|p1a: Whimsicott|63/100\n|-damage|p2b: Palafin|22/100 brn|[from] Recoil\n|\n|-weather|RainDance|[upkeep]\n|-damage|p2b: Palafin|16/100 brn|[from] brn\n|upkeep\n|\n|t:|1776094659\n|switch|p2a: Glimmora|Glimmora, L50, F|100/100\n|turn|5\n|\n|t:|1776094678\n|detailschange|p2a: Glimmora|Glimmora-Mega, L50, F\n|-mega|p2a: Glimmora|Glimmora|Glimmoranite\n|move|p1b: Pelipper|Protect|p1b: Pelipper\n|-singleturn|p1b: Pelipper|Protect\n|move|p1a: Whimsicott|Moonblast|p2b: Palafin\n|-damage|p2b: Palafin|0 fnt\n|faint|p2b: Palafin\n|move|p2a: Glimmora|Sludge Bomb|p1a: Whimsicott\n|-supereffective|p1a: Whimsicott|2\n|-damage|p1a: Whimsicott|0 fnt\n|faint|p1a: Whimsicott\n|\n|-weather|none\n|upkeep\n|\n|t:|1776094689\n|switch|p1a: Basculegion|Basculegion, L50, M|100/100\n|turn|6\n|\n|t:|1776094701\n|move|p2a: Glimmora|Spiky Shield|p2a: Glimmora\n|-singleturn|p2a: Glimmora|move: Protect\n|move|p1a: Basculegion|Liquidation|p2a: Glimmora\n|-activate|p2a: Glimmora|move: Protect\n|-damage|p1a: Basculegion|88/100|[from] Spiky Shield|[of] p2a: Glimmora\n|move|p1b: Pelipper|Weather Ball|p2a: Glimmora\n|-activate|p2a: Glimmora|move: Protect\n|\n|-sideend|p1: BlueMonkey862|move: Tailwind\n|upkeep\n|turn|7\n|\n|t:|1776094713\n|move|p2a: Glimmora|Power Gem|p1a: Basculegion\n|-damage|p1a: Basculegion|21/100\n|move|p1a: Basculegion|Liquidation|p2a: Glimmora\n|-supereffective|p2a: Glimmora|1\n|-damage|p2a: Glimmora|0 fnt\n|faint|p2a: Glimmora\n|\n|win|BlueMonkey862\n|raw|BlueMonkey862's rating: 1103 &rarr; <strong>1129</strong><br />(+26 for winning)\n|raw|porygon-epilepz's rating: 1111 &rarr; <strong>1085</strong><br />(-26 for losing)\n",
  "uploadtime": 1776094536,
  "views": 13,
  "formatid": "gen9championsvgc2026regma",
  "rating": 1085,
  "private": 0,
  "password": null
}