{
  "id": "gen9championsvgc2026regma-2588363257",
  "format": "[Gen 9 Champions] VGC 2026 Reg M-A",
  "players": [
    "luisetex",
    "beyontle"
  ],
  "log": "|j|\u2606luisetex\n|j|\u2606beyontle\n|t:|1776627306\n|gametype|doubles\n|player|p1|luisetex|102|1074\n|player|p2|beyontle|wallace|1060\n|gen|9\n|tier|[Gen 9 Champions] VGC 2026 Reg M-A\n|rated|\n|rule|Species Clause: Limit one of each Pok\u00e9mon\n|rule|Item Clause: Limit 1 of each item\n|clearpoke\n|poke|p1|Gengar, L50, F|\n|poke|p1|Politoed, L50, F|\n|poke|p1|Blastoise, L50, M|\n|poke|p1|Incineroar, L50, M|\n|poke|p1|Snorlax, L50, M|\n|poke|p1|Scizor, L50, F|\n|poke|p2|Charizard, L50, F|\n|poke|p2|Whimsicott, L50, M|\n|poke|p2|Garchomp, L50, M|\n|poke|p2|Sneasler, L50, M|\n|poke|p2|Kingambit, L50, M|\n|poke|p2|Venusaur, L50, M|\n|teampreview|4\n|\n|t:|1776627342\n|teamsize|p1|4\n|teamsize|p2|4\n|start\n|switch|p1a: Gengar|Gengar, L50, F|100/100\n|switch|p1b: Blastoise|Blastoise, L50, M|100/100\n|switch|p2a: Charizard|Charizard, L50, F|100/100\n|switch|p2b: Venusaur|Venusaur, L50, M|100/100\n|turn|1\n|\n|t:|1776627356\n|detailschange|p2a: Charizard|Charizard-Mega-Y, L50, F\n|-mega|p2a: Charizard|Charizard|Charizardite Y\n|-weather|SunnyDay|[from] ability: Drought|[of] p2a: Charizard\n|detailschange|p1a: Gengar|Gengar-Mega, L50, F\n|-mega|p1a: Gengar|Gengar|Gengarite\n|move|p1b: Blastoise|Fake Out|p2b: Venusaur\n|-damage|p2b: Venusaur|89/100\n|cant|p2b: Venusaur|flinch\n|move|p1a: Gengar|Perish Song|p1a: Gengar\n|-start|p1a: Gengar|perish3|[silent]\n|-start|p1b: Blastoise|perish3|[silent]\n|-start|p2a: Charizard|perish3|[silent]\n|-start|p2b: Venusaur|perish3|[silent]\n|-fieldactivate|move: Perish Song\n|move|p2a: Charizard|Heat Wave|p1b: Blastoise|[spread] p1a,p1b\n|-resisted|p1b: Blastoise|1\n|-damage|p1a: Gengar|29/100\n|-damage|p1b: Blastoise|72/100\n|-status|p1b: Blastoise|brn\n|\n|-weather|SunnyDay|[upkeep]\n|-heal|p1b: Blastoise|78/100 brn|[from] item: Leftovers\n|-damage|p1b: Blastoise|72/100 brn|[from] brn\n|-start|p2b: Venusaur|perish3\n|-start|p1a: Gengar|perish3\n|-start|p2a: Charizard|perish3\n|-start|p1b: Blastoise|perish3\n|upkeep\n|turn|2\n|\n|t:|1776627380\n|switch|p1b: Incineroar|Incineroar, L50, M|100/100\n|-ability|p1b: Incineroar|Intimidate|boost\n|-unboost|p2a: Charizard|atk|1\n|-unboost|p2b: Venusaur|atk|1\n|move|p1a: Gengar|Protect|p1a: Gengar\n|-singleturn|p1a: Gengar|Protect\n|move|p2b: Venusaur|Sleep Powder|p1b: Incineroar\n|-status|p1b: Incineroar|slp|[from] move: Sleep Powder\n|move|p2a: Charizard|Heat Wave|p1b: Incineroar|[spread] p1b\n|-activate|p1a: Gengar|move: Protect\n|-resisted|p1b: Incineroar|1\n|-damage|p1b: Incineroar|71/100 slp\n|\n|-weather|SunnyDay|[upkeep]\n|-start|p2b: Venusaur|perish2\n|-start|p1a: Gengar|perish2\n|-start|p2a: Charizard|perish2\n|upkeep\n|turn|3\n|\n|t:|1776627416\n|switch|p1a: Politoed|Politoed, L50, F|100/100\n|-weather|RainDance|[from] ability: Drizzle|[of] p1a: Politoed\n|move|p2a: Charizard|Heat Wave|p1b: Incineroar|[spread] p1b\n|-miss|p2a: Charizard|p1a: Politoed\n|-resisted|p1b: Incineroar|1\n|-damage|p1b: Incineroar|62/100 slp\n|move|p2b: Venusaur|Sludge Bomb|p1b: Incineroar\n|-damage|p1b: Incineroar|14/100 slp\n|-enditem|p1b: Incineroar|Sitrus Berry|[eat]\n|-heal|p1b: Incineroar|39/100 slp|[from] item: Sitrus Berry\n|cant|p1b: Incineroar|slp\n|\n|-weather|RainDance|[upkeep]\n|-start|p2a: Charizard|perish1\n|-start|p2b: Venusaur|perish1\n|upkeep\n|turn|4\n|\n|t:|1776627452\n|switch|p2a: Sneasler|Sneasler, L50, M|100/100\n|switch|p2b: Garchomp|Garchomp, L50, M|100/100\n|-curestatus|p1b: Incineroar|slp|[msg]\n|move|p1b: Incineroar|Parting Shot|p2a: Sneasler\n|-unboost|p2a: Sneasler|atk|1\n|-unboost|p2a: Sneasler|spa|1\n|\n|t:|1776627461\n|switch|p1b: Gengar|Gengar-Mega, L50, F|29/100|[from] Parting Shot\n|-enditem|p2a: Sneasler|White Herb\n|-clearnegativeboost|p2a: Sneasler|[silent]\n|move|p1a: Politoed|Perish Song|p1a: Politoed\n|-start|p1a: Politoed|perish3|[silent]\n|-start|p1b: Gengar|perish3|[silent]\n|-start|p2a: Sneasler|perish3|[silent]\n|-start|p2b: Garchomp|perish3|[silent]\n|-fieldactivate|move: Perish Song\n|\n|-weather|RainDance|[upkeep]\n|-start|p2a: Sneasler|perish3\n|-start|p1b: Gengar|perish3\n|-start|p2b: Garchomp|perish3\n|-start|p1a: Politoed|perish3\n|upkeep\n|turn|5\n|\n|t:|1776627476\n|move|p1b: Gengar|Protect|p1b: Gengar\n|-singleturn|p1b: Gengar|Protect\n|move|p1a: Politoed|Protect|p1a: Politoed\n|-singleturn|p1a: Politoed|Protect\n|move|p2a: Sneasler|Coaching|p2b: Garchomp\n|-boost|p2b: Garchomp|atk|1\n|-boost|p2b: Garchomp|def|1\n|move|p2b: Garchomp|Stomping Tantrum|p1b: Gengar\n|-activate|p1b: Gengar|move: Protect\n|\n|-weather|RainDance|[upkeep]\n|-start|p2a: Sneasler|perish2\n|-start|p1b: Gengar|perish2\n|-start|p2b: Garchomp|perish2\n|-start|p1a: Politoed|perish2\n|upkeep\n|turn|6\n|\n|t:|1776627505\n|switch|p1b: Incineroar|Incineroar, L50, M|39/100\n|-ability|p1b: Incineroar|Intimidate|boost\n|-unboost|p2a: Sneasler|atk|1\n|-unboost|p2b: Garchomp|atk|1\n|move|p2b: Garchomp|Protect|p2b: Garchomp\n|-singleturn|p2b: Garchomp|Protect\n|move|p2a: Sneasler|Close Combat|p1a: Politoed\n|-damage|p1a: Politoed|59/100\n|-unboost|p2a: Sneasler|def|1\n|-unboost|p2a: Sneasler|spd|1\n|move|p1a: Politoed|Weather Ball|p2b: Garchomp\n|-activate|p2b: Garchomp|move: Protect\n|\n|-weather|RainDance|[upkeep]\n|-start|p2a: Sneasler|perish1\n|-start|p2b: Garchomp|perish1\n|-start|p1a: Politoed|perish1\n|upkeep\n|turn|7\n|\n|t:|1776627534\n|switch|p2a: Venusaur|Venusaur, L50, M|89/100\n|switch|p2b: Charizard|Charizard-Mega-Y, L50, F|100/100\n|-weather|SunnyDay|[from] ability: Drought|[of] p2b: Charizard\n|switch|p1b: Gengar|Gengar-Mega, L50, F|29/100\n|move|p1a: Politoed|Encore||[still]\n|-fail|p1a: Politoed\n|\n|-weather|SunnyDay|[upkeep]\n|-start|p1a: Politoed|perish0\n|upkeep\n|faint|p1a: Politoed\n|\n|t:|1776627556\n|switch|p1a: Incineroar|Incineroar, L50, M|39/100\n|-ability|p1a: Incineroar|Intimidate|boost\n|-unboost|p2a: Venusaur|atk|1\n|-unboost|p2b: Charizard|atk|1\n|turn|8\n|\n|t:|1776627567\n|move|p1a: Incineroar|Fake Out|p2a: Venusaur\n|-damage|p2a: Venusaur|76/100\n|cant|p2a: Venusaur|flinch\n|move|p1b: Gengar|Shadow Ball|p2a: Venusaur\n|-damage|p2a: Venusaur|25/100\n|move|p2b: Charizard|Heat Wave|p1b: Gengar|[spread] p1a\n|-miss|p2b: Charizard|p1b: Gengar\n|-resisted|p1a: Incineroar|1\n|-damage|p1a: Incineroar|12/100\n|\n|-weather|SunnyDay|[upkeep]\n|upkeep\n|turn|9\n|\n|t:|1776627585\n|move|p1b: Gengar|Protect|p1b: Gengar\n|-singleturn|p1b: Gengar|Protect\n|move|p2a: Venusaur|Weather Ball|p1b: Gengar\n|-activate|p1b: Gengar|move: Protect\n|move|p2b: Charizard|Heat Wave|p1a: Incineroar|[spread] p1a\n|-activate|p1b: Gengar|move: Protect\n|-resisted|p1a: Incineroar|1\n|-damage|p1a: Incineroar|0 fnt\n|faint|p1a: Incineroar\n|\n|-weather|SunnyDay|[upkeep]\n|upkeep\n|\n|t:|1776627594\n|switch|p1a: Blastoise|Blastoise, L50, M|72/100 brn\n|turn|10\n|\n|t:|1776627601\n|move|p2a: Venusaur|Protect|p2a: Venusaur\n|-singleturn|p2a: Venusaur|Protect\n|move|p1a: Blastoise|Fake Out|p2a: Venusaur\n|-activate|p2a: Venusaur|move: Protect\n|move|p1b: Gengar|Shadow Ball|p2a: Venusaur\n|-activate|p2a: Venusaur|move: Protect\n|move|p2b: Charizard|Weather Ball|p1b: Gengar\n|-damage|p1b: Gengar|0 fnt\n|faint|p1b: Gengar\n|\n|-weather|SunnyDay|[upkeep]\n|-heal|p1a: Blastoise|78/100 brn|[from] item: Leftovers\n|-damage|p1a: Blastoise|72/100 brn|[from] brn\n|upkeep\n|turn|11\n|-message|luisetex forfeited.\n|\n|win|beyontle\n|raw|luisetex's rating: 1074 &rarr; <strong>1052</strong><br />(-22 for losing)\n|raw|beyontle's rating: 1060 &rarr; <strong>1092</strong><br />(+32 for winning)\n",
  "uploadtime": 1776627628,
  "views": 17,
  "formatid": "gen9championsvgc2026regma",
  "rating": 1052,
  "private": 0,
  "password": null
}