{
  "id": "gen9championsvgc2026regma-2589574632",
  "format": "[Gen 9 Champions] VGC 2026 Reg M-A",
  "players": [
    "letsgogetum",
    "joaco_0529"
  ],
  "log": "|j|\u2606letsgogetum\n|j|\u2606joaco_0529\n|t:|1776735512\n|gametype|doubles\n|player|p1|letsgogetum|gentleman-gen4|1028\n|player|p2|joaco_0529|cynthia|1000\n|gen|9\n|tier|[Gen 9 Champions] VGC 2026 Reg M-A\n|rated|\n|rule|Species Clause: Limit one of each Pok\u00e9mon\n|rule|Item Clause: Limit 1 of each item\n|clearpoke\n|poke|p1|Lucario, L50, M, shiny|\n|poke|p1|Incineroar, L50, F|\n|poke|p1|Kingambit, L50, M, shiny|\n|poke|p1|Sneasler, L50, M|\n|poke|p1|Araquanid, L50, M|\n|poke|p1|Chandelure, L50, M|\n|poke|p2|Dragonite, L50, F, shiny|\n|poke|p2|Basculegion, L50, M, shiny|\n|poke|p2|Archaludon, L50, F, shiny|\n|poke|p2|Sneasler, L50, M, shiny|\n|poke|p2|Starmie, L50, shiny|\n|poke|p2|Pelipper, L50, M, shiny|\n|teampreview|4\n|inactive|Battle timer is ON: inactive players will automatically lose when time's up. (requested by letsgogetum)\n|inactive|joaco_0529 has 60 seconds left.\n|\n|t:|1776735555\n|teamsize|p1|4\n|teamsize|p2|4\n|start\n|switch|p1a: Incineroar|Incineroar, L50, F|100/100\n|switch|p1b: Sneasler|Sneasler, L50, M|100/100\n|switch|p2a: Pelipper|Pelipper, L50, M, shiny|100/100\n|switch|p2b: Archaludon|Archaludon, L50, F, shiny|100/100\n|-weather|RainDance|[from] ability: Drizzle|[of] p2a: Pelipper\n|-ability|p1a: Incineroar|Intimidate|boost\n|-unboost|p2a: Pelipper|atk|1\n|-unboost|p2b: Archaludon|atk|1\n|-enditem|p2b: Archaludon|White Herb\n|-clearnegativeboost|p2b: Archaludon|[silent]\n|turn|1\n|inactive|letsgogetum has 30 seconds left.\n|inactive|joaco_0529 has 30 seconds left.\n|inactive|letsgogetum has 20 seconds left.\n|inactive|letsgogetum has 15 seconds left.\n|inactive|letsgogetum has 10 seconds left.\n|inactive|letsgogetum has 5 seconds left.\n|\n|t:|1776735610\n|move|p2a: Pelipper|Protect|p2a: Pelipper\n|-singleturn|p2a: Pelipper|Protect\n|move|p1b: Sneasler|Upper Hand||[still]\n|-fail|p1b: Sneasler\n|move|p1a: Incineroar|Fake Out|p2a: Pelipper\n|-activate|p2a: Pelipper|move: Protect\n|move|p2b: Archaludon|Electro Shot||[still]\n|-prepare|p2b: Archaludon|Electro Shot\n|-boost|p2b: Archaludon|spa|1\n|-anim|p2b: Archaludon|Electro Shot|p1a: Incineroar\n|-crit|p1a: Incineroar\n|-damage|p1a: Incineroar|6/100\n|-enditem|p1a: Incineroar|Sitrus Berry|[eat]\n|-heal|p1a: Incineroar|31/100|[from] item: Sitrus Berry\n|\n|-weather|RainDance|[upkeep]\n|upkeep\n|turn|2\n|\n|t:|1776735632\n|move|p1b: Sneasler|Fling|p2a: Pelipper\n|-damage|p2a: Pelipper|89/100\n|-enditem|p1b: Sneasler|King's Rock|[from] move: Fling\n|move|p2b: Archaludon|Electro Shot||[still]\n|-prepare|p2b: Archaludon|Electro Shot\n|-boost|p2b: Archaludon|spa|1\n|-anim|p2b: Archaludon|Electro Shot|p1b: Sneasler\n|-damage|p1b: Sneasler|0 fnt\n|faint|p1b: Sneasler\n|cant|p2a: Pelipper|flinch\n|move|p1a: Incineroar|Parting Shot|p2b: Archaludon\n|-unboost|p2b: Archaludon|atk|1\n|-unboost|p2b: Archaludon|spa|1\n|inactive|letsgogetum has 30 seconds left.\n|\n|t:|1776735666\n|switch|p1a: Kingambit|Kingambit, L50, M, shiny|100/100|[from] Parting Shot\n|\n|-weather|RainDance|[upkeep]\n|upkeep\n|\n|t:|1776735670\n|switch|p1b: Incineroar|Incineroar, L50, F|31/100\n|-ability|p1b: Incineroar|Intimidate|boost\n|-unboost|p2a: Pelipper|atk|1\n|-unboost|p2b: Archaludon|atk|1\n|turn|3\n|\n|t:|1776735683\n|move|p1a: Kingambit|Sucker Punch|p2b: Archaludon\n|-damage|p2b: Archaludon|71/100\n|move|p2b: Archaludon|Electro Shot||[still]\n|-prepare|p2b: Archaludon|Electro Shot\n|-boost|p2b: Archaludon|spa|1\n|-anim|p2b: Archaludon|Electro Shot|p1a: Kingambit\n|-damage|p1a: Kingambit|15/100\n|move|p2a: Pelipper|Weather Ball|p1b: Incineroar\n|-supereffective|p1b: Incineroar|1\n|-damage|p1b: Incineroar|0 fnt\n|faint|p1b: Incineroar\n|\n|-weather|RainDance|[upkeep]\n|-heal|p1a: Kingambit|21/100|[from] item: Leftovers\n|upkeep\n|inactive|letsgogetum has 30 seconds left.\n|inactive|letsgogetum has 20 seconds left.\n|\n|t:|1776735720\n|switch|p1b: Lucario|Lucario, L50, M, shiny|100/100\n|turn|4\n|\n|t:|1776735733\n|detailschange|p1b: Lucario|Lucario-Mega, L50, M, shiny\n|-mega|p1b: Lucario|Lucario|Lucarionite\n|move|p1b: Lucario|Bulk Up|p1b: Lucario\n|-boost|p1b: Lucario|atk|1\n|-boost|p1b: Lucario|def|1\n|move|p2b: Archaludon|Electro Shot||[still]\n|-prepare|p2b: Archaludon|Electro Shot\n|-boost|p2b: Archaludon|spa|1\n|-anim|p2b: Archaludon|Electro Shot|p1b: Lucario\n|-damage|p1b: Lucario|0 fnt\n|faint|p1b: Lucario\n|move|p2a: Pelipper|Tailwind|p2a: Pelipper\n|-sidestart|p2: joaco_0529|move: Tailwind\n|move|p1a: Kingambit|Low Kick|p2b: Archaludon\n|-supereffective|p2b: Archaludon|1\n|-damage|p2b: Archaludon|22/100\n|\n|-weather|RainDance|[upkeep]\n|-heal|p1a: Kingambit|28/100|[from] item: Leftovers\n|upkeep\n|turn|5\n|\n|t:|1776735754\n|move|p2a: Pelipper|Protect|p2a: Pelipper\n|-singleturn|p2a: Pelipper|Protect\n|move|p1a: Kingambit|Sucker Punch|p2b: Archaludon\n|-damage|p2b: Archaludon|0 fnt\n|faint|p2b: Archaludon\n|\n|-weather|none\n|-heal|p1a: Kingambit|34/100|[from] item: Leftovers\n|upkeep\n|-message|letsgogetum forfeited.\n|\n|win|joaco_0529\n|raw|letsgogetum's rating: 1028 &rarr; <strong>1013</strong><br />(-15 for losing)\n|raw|joaco_0529's rating: 1000 &rarr; <strong>1043</strong><br />(+43 for winning)\n|l|\u2606letsgogetum\n|player|p1|\n",
  "uploadtime": 1776735767,
  "views": 4,
  "formatid": "gen9championsvgc2026regma",
  "rating": 1013,
  "private": 0,
  "password": null
}