{
  "id": "gen9championsvgc2026regma-2582903004",
  "format": "[Gen 9 Champions] VGC 2026 Reg M-A",
  "players": [
    "f1ish",
    "KilamanolaVGC"
  ],
  "log": "|badge|p1|bronze|gen9randombattle|100-9\n|uhtml|medal-msg|<div class=\"broadcast-blue\">Curious what those medals under the avatar are? PS now has Ladder Seasons! For more information, check out the <a href=\"https://www.smogon.com/forums/threads/3740067/\">thread on Smogon.</a></div>\n|j|\u203df1ish\n|j|\u203dKilamanolaVGC\n|t:|1776123532\n|gametype|doubles\n|player|p1|f1ish|266|1322\n|player|p2|KilamanolaVGC|benga|1367\n|gen|9\n|tier|[Gen 9 Champions] VGC 2026 Reg M-A\n|rated|\n|rule|Species Clause: Limit one of each Pok\u00e9mon\n|rule|Item Clause: Limit 1 of each item\n|clearpoke\n|poke|p1|Politoed, L50, F|\n|poke|p1|Primarina, L50, M|\n|poke|p1|Basculegion, L50, M|\n|poke|p1|Incineroar, L50, M|\n|poke|p1|Sinistcha, L50|\n|poke|p1|Gengar, L50, M|\n|poke|p2|Floette-Eternal, L50, F|\n|poke|p2|Garchomp, L50, M|\n|poke|p2|Aerodactyl, L50, M|\n|poke|p2|Kingambit, L50, F|\n|poke|p2|Basculegion, L50, M|\n|poke|p2|Sneasler, L50, M|\n|teampreview|4\n|inactive|Battle timer is ON: inactive players will automatically lose when time's up. (requested by KilamanolaVGC)\n|inactive|f1ish also wants the timer to be on.\nKilamanolaVGC has agreed to open team sheets.\n|inactive|f1ish has 60 seconds left.\n|\n|t:|1776123563\n|teamsize|p1|4\n|teamsize|p2|4\n|start\n|switch|p1a: Gengar|Gengar, L50, M|100/100\n|switch|p1b: Sinistcha|Sinistcha, L50|100/100\n|switch|p2a: Sneasler|Sneasler, L50, M, shiny|100/100\n|switch|p2b: Kingambit|Kingambit, L50, F, shiny|100/100\n|turn|1\n|\n|t:|1776123573\n|detailschange|p1a: Gengar|Gengar-Mega, L50, M\n|-mega|p1a: Gengar|Gengar|Gengarite\n|move|p1a: Gengar|Protect|p1a: Gengar\n|-singleturn|p1a: Gengar|Protect\n|move|p2a: Sneasler|Dire Claw|p1b: Sinistcha\n|-damage|p1b: Sinistcha|65/100\n|move|p1b: Sinistcha|Strength Sap|p2a: Sneasler\n|-unboost|p2a: Sneasler|atk|1\n|-heal|p1b: Sinistcha|100/100\n|-enditem|p2a: Sneasler|White Herb\n|-clearnegativeboost|p2a: Sneasler|[silent]\n|move|p2b: Kingambit|Kowtow Cleave|p1a: Gengar\n|-activate|p1a: Gengar|move: Protect\n|\n|upkeep\n|turn|2\n|\n|t:|1776123592\n|move|p2a: Sneasler|Dire Claw|p1a: Gengar\n|-resisted|p1a: Gengar|2\n|-damage|p1a: Gengar|87/100\n|-status|p1a: Gengar|par\n|move|p1a: Gengar|Disable|p2b: Kingambit\n|-start|p2b: Kingambit|Disable|Kowtow Cleave\n|move|p1b: Sinistcha|Strength Sap|p2a: Sneasler\n|-unboost|p2a: Sneasler|atk|1\n|cant|p2b: Kingambit|Disable|Kowtow Cleave\n|\n|upkeep\n|turn|3\n|\n|t:|1776123610\n|move|p1b: Sinistcha|Rage Powder|p1b: Sinistcha\n|-singleturn|p1b: Sinistcha|move: Rage Powder\n|move|p2a: Sneasler|Dire Claw|p1b: Sinistcha\n|-damage|p1b: Sinistcha|75/100\n|move|p1a: Gengar|Perish Song|p1a: Gengar\n|-start|p1a: Gengar|perish3|[silent]\n|-start|p1b: Sinistcha|perish3|[silent]\n|-start|p2a: Sneasler|perish3|[silent]\n|-start|p2b: Kingambit|perish3|[silent]\n|-fieldactivate|move: Perish Song\n|move|p2b: Kingambit|Iron Head|p1b: Sinistcha\n|-damage|p1b: Sinistcha|36/100\n|\n|-start|p2a: Sneasler|perish3\n|-start|p1a: Gengar|perish3\n|-start|p1b: Sinistcha|perish3\n|-start|p2b: Kingambit|perish3\n|upkeep\n|turn|4\n|\n|t:|1776123634\n|move|p1a: Gengar|Protect|p1a: Gengar\n|-singleturn|p1a: Gengar|Protect\n|move|p2a: Sneasler|Dire Claw|p1a: Gengar\n|-activate|p1a: Gengar|move: Protect\n|move|p1b: Sinistcha|Strength Sap|p2a: Sneasler\n|-unboost|p2a: Sneasler|atk|1\n|-heal|p1b: Sinistcha|100/100\n|move|p2b: Kingambit|Iron Head|p1a: Gengar\n|-activate|p1a: Gengar|move: Protect\n|\n|-start|p2a: Sneasler|perish2\n|-start|p1a: Gengar|perish2\n|-start|p1b: Sinistcha|perish2\n|-start|p2b: Kingambit|perish2\n|upkeep\n|turn|5\n|inactive|f1ish has 30 seconds left.\n|\n|t:|1776123664\n|move|p2a: Sneasler|Dire Claw|p1a: Gengar\n|-resisted|p1a: Gengar|2\n|-damage|p1a: Gengar|80/100 par\n|cant|p1a: Gengar|par\n|move|p1b: Sinistcha|Life Dew||[still]|[spread] p1a,p1b\n|-heal|p1a: Gengar|100/100 par\n|-fail|p1b: Sinistcha|heal\n|move|p2b: Kingambit|Iron Head|p1a: Gengar\n|-damage|p1a: Gengar|41/100 par\n|\n|-end|p2b: Kingambit|Disable\n|-start|p2a: Sneasler|perish1\n|-start|p1a: Gengar|perish1\n|-start|p1b: Sinistcha|perish1\n|-start|p2b: Kingambit|perish1\n|upkeep\n|turn|6\n|\n|t:|1776123686\n|switch|p1a: Incineroar|Incineroar, L50, M|100/100\n|-ability|p1a: Incineroar|Intimidate|boost\n|-unboost|p2a: Sneasler|atk|1\n|-unboost|p2b: Kingambit|atk|1\n|-ability|p2b: Kingambit|Defiant|boost\n|-boost|p2b: Kingambit|atk|2\n|switch|p1b: Politoed|Politoed, L50, F|100/100\n|-weather|RainDance|[from] ability: Drizzle|[of] p1b: Politoed\n|move|p2a: Sneasler|Dire Claw|p1b: Politoed\n|-damage|p1b: Politoed|84/100\n|move|p2b: Kingambit|Kowtow Cleave|p1a: Incineroar\n|-resisted|p1a: Incineroar|1\n|-damage|p1a: Incineroar|56/100\n|\n|-weather|RainDance|[upkeep]\n|-start|p2a: Sneasler|perish0\n|-start|p2b: Kingambit|perish0\n|upkeep\n|faint|p2a: Sneasler\n|faint|p2b: Kingambit\n|\n|t:|1776123691\n|switch|p2a: Floette|Floette-Eternal, L50, F|100/100\n|switch|p2b: Aerodactyl|Aerodactyl, L50, M|100/100\n|-ability|p2b: Aerodactyl|Unnerve\n|turn|7\n|\n|t:|1776123698\n|detailschange|p2a: Floette|Floette-Mega, L50, F\n|-mega|p2a: Floette|Floette|Floettite\n|-ability|p2a: Floette|Fairy Aura\n|move|p1a: Incineroar|Fake Out|p2a: Floette\n|-damage|p2a: Floette|85/100\n|move|p2b: Aerodactyl|Rock Slide|p1b: Politoed|[spread] p1b\n|-miss|p2b: Aerodactyl|p1a: Incineroar\n|-damage|p1b: Politoed|55/100\n|cant|p2a: Floette|flinch\n|move|p1b: Politoed|Perish Song|p1b: Politoed\n|-start|p1a: Incineroar|perish3|[silent]\n|-start|p1b: Politoed|perish3|[silent]\n|-start|p2a: Floette|perish3|[silent]\n|-start|p2b: Aerodactyl|perish3|[silent]\n|-fieldactivate|move: Perish Song\n|\n|-weather|RainDance|[upkeep]\n|-start|p2b: Aerodactyl|perish3\n|-start|p2a: Floette|perish3\n|-start|p1b: Politoed|perish3\n|-start|p1a: Incineroar|perish3\n|upkeep\n|turn|8\n|-message|KilamanolaVGC forfeited.\n|\n|win|f1ish\n|raw|f1ish's rating: 1322 &rarr; <strong>1345</strong><br />(+23 for winning)\n|raw|KilamanolaVGC's rating: 1367 &rarr; <strong>1344</strong><br />(-23 for losing)\n|l|\u203dKilamanolaVGC\n|player|p2|\n",
  "uploadtime": 1776123731,
  "views": 54,
  "formatid": "gen9championsvgc2026regma",
  "rating": 1344,
  "private": 0,
  "password": null
}