{
  "id": "gen9championsvgc2026regma-2584274007",
  "format": "[Gen 9 Champions] VGC 2026 Reg M-A",
  "players": [
    "AadarshT",
    "Cranky Trainer"
  ],
  "log": "|j|\u2606AadarshT\n|j|\u2606Cranky Trainer\n|t:|1776245899\n|gametype|doubles\n|player|p1|AadarshT|blackbelt-gen4dp|1066\n|player|p2|Cranky Trainer|170|1083\n|gen|9\n|tier|[Gen 9 Champions] VGC 2026 Reg M-A\n|rated|\n|rule|Species Clause: Limit one of each Pok\u00e9mon\n|rule|Item Clause: Limit 1 of each item\n|clearpoke\n|poke|p1|Charizard, L50, M|\n|poke|p1|Venusaur, L50, M|\n|poke|p1|Garchomp, L50, M|\n|poke|p1|Rotom-Wash, L50|\n|poke|p1|Sneasler, L50, M|\n|poke|p1|Incineroar, L50, F|\n|poke|p2|Froslass, L50, F|\n|poke|p2|Milotic, L50, M|\n|poke|p2|Mamoswine, L50, F|\n|poke|p2|Slowbro-Galar, L50, M|\n|poke|p2|Sableye, L50, M|\n|poke|p2|Trevenant, L50, M|\n|teampreview|4\n|inactive|Battle timer is ON: inactive players will automatically lose when time's up. (requested by Cranky Trainer)\n|\n|t:|1776245925\n|teamsize|p1|4\n|teamsize|p2|4\n|start\n|switch|p1a: Charizard|Charizard, L50, M|100/100\n|switch|p1b: Venusaur|Venusaur, L50, M|100/100\n|switch|p2a: Froslass|Froslass, L50, F|100/100\n|switch|p2b: Mamoswine|Mamoswine, L50, F|100/100\n|turn|1\n|inactive|Cranky Trainer has 30 seconds left.\n|\n|t:|1776245952\n|move|p2a: Froslass|Protect|p2a: Froslass\n|-singleturn|p2a: Froslass|Protect\n|move|p1b: Venusaur|Protect|p1b: Venusaur\n|-singleturn|p1b: Venusaur|Protect\n|move|p1a: Charizard|Protect|p1a: Charizard\n|-singleturn|p1a: Charizard|Protect\n|move|p2b: Mamoswine|Rock Slide|p1b: Venusaur|[spread] \n|-activate|p1a: Charizard|move: Protect\n|-activate|p1b: Venusaur|move: Protect\n|\n|upkeep\n|turn|2\n|\n|t:|1776245976\n|switch|p1a: Sneasler|Sneasler, L50, M|100/100\n|switch|p1b: Incineroar|Incineroar, L50, F|100/100\n|-ability|p1b: Incineroar|Intimidate|boost\n|-unboost|p2a: Froslass|atk|1\n|-unboost|p2b: Mamoswine|atk|1\n|detailschange|p2a: Froslass|Froslass-Mega, L50, F\n|-mega|p2a: Froslass|Froslass|Froslassite\n|-weather|Snowscape|[from] ability: Snow Warning|[of] p2a: Froslass\n|move|p2a: Froslass|Blizzard|p1b: Incineroar|[spread] p1a,p1b\n|-resisted|p1b: Incineroar|1\n|-crit|p1b: Incineroar\n|-damage|p1a: Sneasler|38/100\n|-damage|p1b: Incineroar|66/100\n|move|p2b: Mamoswine|Rock Slide|p1b: Incineroar|[spread] p1a,p1b\n|-resisted|p1a: Sneasler|1\n|-supereffective|p1b: Incineroar|1\n|-damage|p1a: Sneasler|26/100\n|-damage|p1b: Incineroar|44/100\n|-enditem|p1b: Incineroar|Sitrus Berry|[eat]\n|-heal|p1b: Incineroar|68/100|[from] item: Sitrus Berry\n|\n|-weather|Snowscape|[upkeep]\n|upkeep\n|turn|3\n|inactive|AadarshT has 30 seconds left.\n|inactive|Cranky Trainer has 30 seconds left.\n|inactive|AadarshT has 20 seconds left.\n|inactive|AadarshT has 15 seconds left.\n|\n|t:|1776246020\n|move|p2a: Froslass|Blizzard|p1a: Sneasler|[spread] p1a,p1b\n|-resisted|p1b: Incineroar|1\n|-damage|p1a: Sneasler|0 fnt\n|-damage|p1b: Incineroar|48/100\n|faint|p1a: Sneasler\n|move|p2b: Mamoswine|Rock Slide|p1b: Incineroar|[miss]\n|-miss|p2b: Mamoswine|p1b: Incineroar\n|move|p1b: Incineroar|Flare Blitz|p2a: Froslass\n|-supereffective|p2a: Froslass|1\n|-damage|p2a: Froslass|0 fnt\n|faint|p2a: Froslass\n|-damage|p1b: Incineroar|24/100|[from] Recoil\n|\n|-weather|Snowscape|[upkeep]\n|upkeep\n|inactive|AadarshT has 30 seconds left.\n|inactive|AadarshT has 20 seconds left.\n|\n|t:|1776246059\n|switch|p2a: Milotic|Milotic, L50, M|100/100\n|switch|p1a: Charizard|Charizard, L50, M|100/100\n|turn|4\n|\n|t:|1776246081\n|move|p2b: Mamoswine|Protect|p2b: Mamoswine\n|-singleturn|p2b: Mamoswine|Protect\n|move|p1a: Charizard|Protect|p1a: Charizard\n|-singleturn|p1a: Charizard|Protect\n|move|p2a: Milotic|Icy Wind|p1b: Incineroar|[spread] p1b\n|-activate|p1a: Charizard|move: Protect\n|-resisted|p1b: Incineroar|1\n|-damage|p1b: Incineroar|18/100\n|-unboost|p1b: Incineroar|spe|1\n|move|p1b: Incineroar|Flare Blitz|p2b: Mamoswine\n|-activate|p2b: Mamoswine|move: Protect\n|\n|-weather|Snowscape|[upkeep]\n|upkeep\n|turn|5\n|inactive|AadarshT has 30 seconds left.\n|inactive|AadarshT has 20 seconds left.\n|inactive|Cranky Trainer has 30 seconds left.\n|inactive|AadarshT has 15 seconds left.\n|inactive|AadarshT has 10 seconds left.\n|inactive|AadarshT has 5 seconds left.\n|-activate|p2b: Mamoswine|item: Quick Claw\n|\n|t:|1776246132\n|detailschange|p1a: Charizard|Charizard-Mega-Y, L50, M\n|-mega|p1a: Charizard|Charizard|Charizardite Y\n|-weather|SunnyDay|[from] ability: Drought|[of] p1a: Charizard\n|move|p2b: Mamoswine|Rock Slide|p1a: Charizard|[spread] p1a,p1b\n|-supereffective|p1a: Charizard|2\n|-supereffective|p1b: Incineroar|1\n|-damage|p1a: Charizard|42/100\n|-damage|p1b: Incineroar|0 fnt\n|faint|p1b: Incineroar\n|move|p1a: Charizard|Weather Ball|p2b: Mamoswine\n|-supereffective|p2b: Mamoswine|1\n|-damage|p2b: Mamoswine|0 fnt\n|faint|p2b: Mamoswine\n|move|p2a: Milotic|Scald|p1a: Charizard\n|-supereffective|p1a: Charizard|1\n|-damage|p1a: Charizard|3/100\n|\n|-weather|SunnyDay|[upkeep]\n|upkeep\n|\n|t:|1776246156\n|switch|p2b: Trevenant|Trevenant, L50, M|100/100\n|switch|p1b: Venusaur|Venusaur, L50, M|100/100\n|-item|p1a: Charizard|Charizardite Y|[from] ability: Frisk|[of] p2b: Trevenant\n|-item|p1b: Venusaur|Focus Sash|[from] ability: Frisk|[of] p2b: Trevenant\n|turn|6\n|inactive|AadarshT has 30 seconds left.\n|\n|t:|1776246181\n|move|p2b: Trevenant|Ally Switch|p2b: Trevenant\n|swap|p2b: Trevenant|0|[from] move: Ally Switch\n|move|p1b: Venusaur|Sludge Bomb|p2a: Trevenant\n|-damage|p2a: Trevenant|67/100\n|move|p1a: Charizard|Weather Ball|p2b: Milotic\n|-resisted|p2b: Milotic|1\n|-damage|p2b: Milotic|63/100\n|move|p2b: Milotic|Icy Wind|p1b: Venusaur|[spread] p1a,p1b\n|-supereffective|p1b: Venusaur|1\n|-damage|p1a: Charizard|0 fnt\n|-damage|p1b: Venusaur|76/100\n|-unboost|p1b: Venusaur|spe|1\n|faint|p1a: Charizard\n|\n|-weather|SunnyDay|[upkeep]\n|upkeep\n|turn|7\n|inactive|AadarshT has 30 seconds left.\n|\n|t:|1776246213\n|move|p1b: Venusaur|Sludge Bomb|p2b: Milotic\n|-damage|p2b: Milotic|34/100\n|move|p2b: Milotic|Icy Wind|p1b: Venusaur\n|-supereffective|p1b: Venusaur|1\n|-damage|p1b: Venusaur|43/100\n|-unboost|p1b: Venusaur|spe|1\n|move|p2a: Trevenant|Wood Hammer|p1b: Venusaur\n|-resisted|p1b: Venusaur|2\n|-damage|p1b: Venusaur|27/100\n|-damage|p2a: Trevenant|61/100|[from] Recoil\n|\n|-weather|SunnyDay|[upkeep]\n|upkeep\n|turn|8\n|inactive|AadarshT has 30 seconds left.\n|\n|t:|1776246241\n|move|p2a: Trevenant|Ally Switch|p2a: Trevenant\n|swap|p2a: Trevenant|1|[from] move: Ally Switch\n|move|p1b: Venusaur|Sleep Powder|p2b: Trevenant\n|-immune|p2b: Trevenant\n|move|p2a: Milotic|Recover|p2a: Milotic\n|-heal|p2a: Milotic|84/100\n|\n|-weather|SunnyDay|[upkeep]\n|upkeep\n|turn|9\n|inactive|AadarshT has 30 seconds left.\n|\n|t:|1776246271\n|move|p1b: Venusaur|Sleep Powder|p2a: Milotic\n|-status|p2a: Milotic|slp|[from] move: Sleep Powder\n|cant|p2a: Milotic|slp\n|move|p2b: Trevenant|Wood Hammer|p1b: Venusaur\n|-resisted|p1b: Venusaur|2\n|-damage|p1b: Venusaur|11/100\n|-damage|p2b: Trevenant|55/100|[from] Recoil\n|\n|-weather|none\n|upkeep\n|turn|10\n|\n|t:|1776246290\n|move|p2b: Trevenant|Protect|p2b: Trevenant\n|-singleturn|p2b: Trevenant|Protect\n|cant|p2a: Milotic|slp\n|move|p1b: Venusaur|Sludge Bomb|p2b: Trevenant\n|-activate|p2b: Trevenant|move: Protect\n|\n|upkeep\n|turn|11\n|\n|t:|1776246299\n|move|p2b: Trevenant|Ally Switch|p2b: Trevenant\n|swap|p2b: Trevenant|0|[from] move: Ally Switch\n|-curestatus|p2b: Milotic|slp|[msg]\n|move|p2b: Milotic|Icy Wind|p1b: Venusaur\n|-supereffective|p1b: Venusaur|1\n|-damage|p1b: Venusaur|0 fnt\n|faint|p1b: Venusaur\n|\n|win|Cranky Trainer\n|raw|AadarshT's rating: 1066 &rarr; <strong>1047</strong><br />(-19 for losing)\n|raw|Cranky Trainer's rating: 1083 &rarr; <strong>1109</strong><br />(+26 for winning)\n|l|\u2606AadarshT\n|player|p1|\n|l|\u2606Cranky Trainer\n|player|p2|\n|j|\u2606Cranky Trainer\n|player|p2|Cranky Trainer|170|\n",
  "uploadtime": 1776246519,
  "views": 30,
  "formatid": "gen9championsvgc2026regma",
  "rating": 1047,
  "private": 0,
  "password": null
}