{
  "id": "gen9championsvgc2026regma-2583616282",
  "format": "[Gen 9 Champions] VGC 2026 Reg M-A",
  "players": [
    "Faiafureku",
    "Devinifico"
  ],
  "log": "|j|\u2606Faiafureku\n|j|\u2606Devinifico\n|t:|1776186747\n|gametype|doubles\n|player|p1|Faiafureku|265|1010\n|player|p2|Devinifico|266|1070\n|gen|9\n|tier|[Gen 9 Champions] VGC 2026 Reg M-A\n|rated|\n|rule|Species Clause: Limit one of each Pok\u00e9mon\n|rule|Item Clause: Limit 1 of each item\n|clearpoke\n|poke|p1|Whimsicott, L50, M|\n|poke|p1|Incineroar, L50, M|\n|poke|p1|Garchomp, L50, M|\n|poke|p1|Ceruledge, L50, F|\n|poke|p1|Sneasler, L50, F|\n|poke|p1|Sinistcha, L50|\n|poke|p2|Klefki, L50, M|\n|poke|p2|Aurorus, L50, M|\n|poke|p2|Clefable, L50, M|\n|poke|p2|Aegislash, L50, M|\n|poke|p2|Milotic, L50, M|\n|poke|p2|Lopunny, L50, F|\n|teampreview|4\n|\n|t:|1776186762\n|teamsize|p1|4\n|teamsize|p2|4\n|start\n|switch|p1a: Garchomp|Garchomp, L50, M|100/100\n|switch|p1b: Whimsicott|Whimsicott, L50, M, shiny|100/100\n|switch|p2a: Milotic|Milotic, L50, M|100/100\n|switch|p2b: Clefable|Clefable, L50, M|100/100\n|turn|1\n|inactive|Battle timer is ON: inactive players will automatically lose when time's up. (requested by Faiafureku)\n|\n|t:|1776186781\n|move|p2b: Clefable|Helping Hand|p2a: Milotic\n|-singleturn|p2a: Milotic|Helping Hand|[of] p2b: Clefable\n|move|p1a: Garchomp|Protect|p1a: Garchomp\n|-singleturn|p1a: Garchomp|Protect\n|move|p1b: Whimsicott|Taunt|p2b: Clefable\n|-start|p2b: Clefable|move: Taunt\n|move|p2a: Milotic|Ice Beam|p1a: Garchomp\n|-activate|p1a: Garchomp|move: Protect\n|\n|upkeep\n|turn|2\n|\n|t:|1776186799\n|switch|p1a: Ceruledge|Ceruledge, L50, F|100/100\n|move|p1b: Whimsicott|Encore|p2a: Milotic\n|-start|p2a: Milotic|Encore\n|move|p2a: Milotic|Ice Beam|p1a: Ceruledge\n|-resisted|p1a: Ceruledge|1\n|-damage|p1a: Ceruledge|86/100\n|move|p2b: Clefable|Moonblast|p1a: Ceruledge\n|-resisted|p1a: Ceruledge|1\n|-crit|p1a: Ceruledge\n|-damage|p1a: Ceruledge|63/100\n|\n|-heal|p1a: Ceruledge|69/100|[from] item: Leftovers\n|upkeep\n|turn|3\n|\n|t:|1776186815\n|switch|p2a: Aurorus|Aurorus, L50, M|100/100\n|switch|p2b: Klefki|Klefki, L50, M|100/100\n|move|p1b: Whimsicott|Moonblast|p2a: Aurorus\n|-damage|p2a: Aurorus|77/100\n|move|p1a: Ceruledge|Bulk Up|p1a: Ceruledge\n|-boost|p1a: Ceruledge|atk|1\n|-boost|p1a: Ceruledge|def|1\n|\n|-heal|p1a: Ceruledge|75/100|[from] item: Leftovers\n|upkeep\n|turn|4\n|\n|t:|1776186830\n|move|p2a: Aurorus|Protect|p2a: Aurorus\n|-singleturn|p2a: Aurorus|Protect\n|move|p1b: Whimsicott|Encore||[still]\n|-fail|p1b: Whimsicott\n|move|p1a: Ceruledge|Poltergeist|p2a: Aurorus\n|-activate|p2a: Aurorus|move: Protect\n|move|p2b: Klefki|Trick Room|p2b: Klefki\n|-fieldstart|move: Trick Room|[of] p2b: Klefki\n|\n|-heal|p1a: Ceruledge|81/100|[from] item: Leftovers\n|upkeep\n|turn|5\n|\n|t:|1776186849\n|switch|p2a: Milotic|Milotic, L50, M|100/100\n|move|p1b: Whimsicott|Encore|p2b: Klefki\n|-start|p2b: Klefki|Encore\n|move|p1a: Ceruledge|Bitter Blade|p2a: Milotic\n|-resisted|p2a: Milotic|1\n|-damage|p2a: Milotic|57/100\n|-heal|p1a: Ceruledge|100/100|[from] drain|[of] p2a: Milotic\n|move|p2b: Klefki|Trick Room|p2b: Klefki\n|-fieldend|move: Trick Room\n|\n|-heal|p2a: Milotic|63/100|[from] item: Leftovers\n|upkeep\n|turn|6\n|\n|t:|1776186872\n|move|p2a: Milotic|Protect|p2a: Milotic\n|-singleturn|p2a: Milotic|Protect\n|move|p1b: Whimsicott|Tailwind|p1b: Whimsicott\n|-sidestart|p1: Faiafureku|move: Tailwind\n|move|p1a: Ceruledge|Poltergeist|p2a: Milotic\n|-activate|p2a: Milotic|move: Protect\n|move|p2b: Klefki|Trick Room|p2b: Klefki\n|-fieldstart|move: Trick Room|[of] p2b: Klefki\n|\n|-heal|p2a: Milotic|69/100|[from] item: Leftovers\n|upkeep\n|turn|7\n|\n|t:|1776186888\n|switch|p2b: Clefable|Clefable, L50, M|100/100\n|switch|p2a: Aurorus|Aurorus, L50, M|77/100\n|move|p1b: Whimsicott|Taunt|p2a: Aurorus\n|-start|p2a: Aurorus|move: Taunt\n|move|p1a: Ceruledge|Bulk Up|p1a: Ceruledge\n|-boost|p1a: Ceruledge|atk|1\n|-boost|p1a: Ceruledge|def|1\n|\n|upkeep\n|turn|8\n|\n|t:|1776186903\n|move|p2b: Clefable|Helping Hand|p2a: Aurorus\n|-singleturn|p2a: Aurorus|Helping Hand|[of] p2b: Clefable\n|move|p1b: Whimsicott|Taunt|p2b: Clefable\n|-start|p2b: Clefable|move: Taunt\n|move|p2a: Aurorus|Ancient Power|p1a: Ceruledge\n|-supereffective|p1a: Ceruledge|1\n|-damage|p1a: Ceruledge|7/100\n|move|p1a: Ceruledge|Bitter Blade|p2a: Aurorus\n|-damage|p2a: Aurorus|0 fnt\n|-heal|p1a: Ceruledge|55/100|[from] drain|[of] p2a: Aurorus\n|faint|p2a: Aurorus\n|\n|-heal|p1a: Ceruledge|61/100|[from] item: Leftovers\n|upkeep\n|\n|t:|1776186913\n|switch|p2a: Milotic|Milotic, L50, M|69/100\n|turn|9\n|\n|t:|1776186933\n|switch|p1a: Sneasler|Sneasler, L50, F|100/100\n|move|p2b: Clefable|Moonblast|p1b: Whimsicott\n|-damage|p1b: Whimsicott|59/100\n|move|p2a: Milotic|Scald|p1a: Sneasler\n|-damage|p1a: Sneasler|68/100\n|move|p1b: Whimsicott|Moonblast|p2a: Milotic\n|-damage|p2a: Milotic|46/100\n|\n|-heal|p2a: Milotic|52/100|[from] item: Leftovers\n|-sideend|p1: Faiafureku|move: Tailwind\n|upkeep\n|turn|10\n|\n|t:|1776186953\n|switch|p2b: Klefki|Klefki, L50, M|100/100\n|move|p2a: Milotic|Protect|p2a: Milotic\n|-singleturn|p2a: Milotic|Protect\n|move|p1a: Sneasler|Fake Out|p2a: Milotic\n|-activate|p2a: Milotic|move: Protect\n|move|p1b: Whimsicott|Tailwind|p1b: Whimsicott\n|-sidestart|p1: Faiafureku|move: Tailwind\n|\n|-heal|p2a: Milotic|58/100|[from] item: Leftovers\n|-fieldend|move: Trick Room\n|upkeep\n|turn|11\n|\n|t:|1776186964\n|move|p2a: Milotic|Protect|p2a: Milotic\n|-singleturn|p2a: Milotic|Protect\n|move|p1b: Whimsicott|Taunt|p2b: Klefki\n|-start|p2b: Klefki|move: Taunt\n|move|p1a: Sneasler|Close Combat|p2a: Milotic\n|-activate|p2a: Milotic|move: Protect\n|cant|p2b: Klefki|move: Taunt|Trick Room\n|\n|-heal|p2a: Milotic|64/100|[from] item: Leftovers\n|upkeep\n|turn|12\n|\n|t:|1776186974\n|switch|p2a: Clefable|Clefable, L50, M|100/100\n|move|p1b: Whimsicott|Moonblast|p2a: Clefable\n|-damage|p2a: Clefable|81/100\n|move|p1a: Sneasler|Close Combat|p2a: Clefable\n|-resisted|p2a: Clefable|1\n|-damage|p2a: Clefable|47/100\n|-unboost|p1a: Sneasler|def|1\n|-unboost|p1a: Sneasler|spd|1\n|-enditem|p2a: Clefable|Sitrus Berry|[eat]\n|-heal|p2a: Clefable|72/100|[from] item: Sitrus Berry\n|move|p2b: Klefki|Foul Play|p1a: Sneasler\n|-resisted|p1a: Sneasler|1\n|-damage|p1a: Sneasler|38/100\n|\n|upkeep\n|turn|13\n|\n|t:|1776186988\n|switch|p2b: Milotic|Milotic, L50, M|64/100\n|move|p2a: Clefable|Protect|p2a: Clefable\n|-singleturn|p2a: Clefable|Protect\n|move|p1b: Whimsicott|Taunt|p2a: Clefable\n|-activate|p2a: Clefable|move: Protect\n|move|p1a: Sneasler|Dire Claw|p2a: Clefable\n|-activate|p2a: Clefable|move: Protect\n|\n|-heal|p2b: Milotic|70/100|[from] item: Leftovers\n|-sideend|p1: Faiafureku|move: Tailwind\n|upkeep\n|turn|14\n|\n|t:|1776187012\n|move|p2a: Clefable|Follow Me|p2a: Clefable\n|-singleturn|p2a: Clefable|move: Follow Me\n|move|p1b: Whimsicott|Taunt|p2a: Clefable\n|-start|p2a: Clefable|move: Taunt\n|move|p2b: Milotic|Scald|p1a: Sneasler\n|-damage|p1a: Sneasler|0 fnt\n|faint|p1a: Sneasler\n|\n|-heal|p2b: Milotic|75/100|[from] item: Leftovers\n|upkeep\n|\n|t:|1776187022\n|switch|p1a: Garchomp|Garchomp, L50, M|100/100\n|turn|15\n|\n|t:|1776187034\n|move|p2b: Milotic|Protect|p2b: Milotic\n|-singleturn|p2b: Milotic|Protect\n|move|p1b: Whimsicott|Encore|p2b: Milotic\n|-activate|p2b: Milotic|move: Protect\n|move|p1a: Garchomp|Earthquake|p2b: Milotic|[spread] p1b,p2a\n|-activate|p2b: Milotic|move: Protect\n|-resisted|p1b: Whimsicott|1\n|-damage|p1b: Whimsicott|37/100\n|-damage|p2a: Clefable|28/100\n|move|p2a: Clefable|Moonblast|p1a: Garchomp\n|-supereffective|p1a: Garchomp|1\n|-damage|p1a: Garchomp|24/100\n|\n|-heal|p2b: Milotic|81/100|[from] item: Leftovers\n|upkeep\n|turn|16\n|\n|t:|1776187046\n|switch|p2b: Klefki|Klefki, L50, M|100/100\n|move|p1b: Whimsicott|Encore||[still]\n|-fail|p1b: Whimsicott\n|move|p1a: Garchomp|Earthquake|p2a: Clefable|[spread] p1b,p2a,p2b\n|-resisted|p1b: Whimsicott|1\n|-crit|p1b: Whimsicott\n|-supereffective|p2b: Klefki|1\n|-damage|p1b: Whimsicott|5/100\n|-damage|p2a: Clefable|0 fnt\n|-damage|p2b: Klefki|22/100\n|faint|p2a: Clefable\n|\n|upkeep\n|\n|t:|1776187055\n|switch|p2a: Milotic|Milotic, L50, M|81/100\n|turn|17\n|\n|t:|1776187064\n|move|p1b: Whimsicott|Taunt|p2b: Klefki\n|-start|p2b: Klefki|move: Taunt\n|move|p1a: Garchomp|Earthquake|p2b: Klefki|[spread] p1b,p2a,p2b\n|-resisted|p1b: Whimsicott|1\n|-supereffective|p2b: Klefki|1\n|-damage|p1b: Whimsicott|0 fnt\n|-damage|p2a: Milotic|32/100\n|-damage|p2b: Klefki|0 fnt\n|faint|p1b: Whimsicott\n|faint|p2b: Klefki\n|move|p2a: Milotic|Scald|p1a: Garchomp\n|-damage|p1a: Garchomp|0 fnt\n|faint|p1a: Garchomp\n|\n|-heal|p2a: Milotic|38/100|[from] item: Leftovers\n|upkeep\n|\n|t:|1776187072\n|switch|p1a: Ceruledge|Ceruledge, L50, F|61/100\n|turn|18\n|\n|t:|1776187080\n|move|p2a: Milotic|Protect|p2a: Milotic\n|-singleturn|p2a: Milotic|Protect\n|move|p1a: Ceruledge|Poltergeist|p2a: Milotic\n|-activate|p2a: Milotic|move: Protect\n|\n|-heal|p2a: Milotic|44/100|[from] item: Leftovers\n|-heal|p1a: Ceruledge|68/100|[from] item: Leftovers\n|upkeep\n|turn|19\n|\n|t:|1776187088\n|move|p2a: Milotic|Scald|p1a: Ceruledge\n|-supereffective|p1a: Ceruledge|1\n|-damage|p1a: Ceruledge|4/100\n|move|p1a: Ceruledge|Poltergeist|p2a: Milotic\n|-activate|p2a: Milotic|move: Poltergeist|Leftovers\n|-damage|p2a: Milotic|0 fnt\n|faint|p2a: Milotic\n|\n|win|Faiafureku\n|raw|Faiafureku's rating: 1010 &rarr; <strong>1055</strong><br />(+45 for winning)\n|raw|Devinifico's rating: 1070 &rarr; <strong>1046</strong><br />(-24 for losing)\n|l|\u2606Devinifico\n|player|p2|\n",
  "uploadtime": 1776187106,
  "views": 23,
  "formatid": "gen9championsvgc2026regma",
  "rating": 1046,
  "private": 0,
  "password": null
}