{
  "id": "gen9championsvgc2026regma-2584221031",
  "format": "[Gen 9 Champions] VGC 2026 Reg M-A",
  "players": [
    "Valency GL",
    "bdbdtakes"
  ],
  "log": "|j|\u2606Valency GL\n|j|\u2606bdbdtakes\n|t:|1776239859\n|gametype|doubles\n|player|p1|Valency GL|102|1076\n|player|p2|bdbdtakes|pokekid|1131\n|gen|9\n|tier|[Gen 9 Champions] VGC 2026 Reg M-A\n|rated|\n|rule|Species Clause: Limit one of each Pok\u00e9mon\n|rule|Item Clause: Limit 1 of each item\n|clearpoke\n|poke|p1|Azumarill, L50, F|\n|poke|p1|Maushold-Four, L50|\n|poke|p1|Glimmora, L50, F|\n|poke|p1|Sinistcha, L50|\n|poke|p1|Incineroar, L50, F|\n|poke|p1|Archaludon, L50, F|\n|poke|p2|Altaria, L50, M|\n|poke|p2|Sableye, L50, M|\n|poke|p2|Incineroar, L50, F|\n|poke|p2|Kingambit, L50, F|\n|poke|p2|Sinistcha, L50|\n|poke|p2|Garchomp, L50, M|\n|teampreview|4\n|inactive|Battle timer is ON: inactive players will automatically lose when time's up. (requested by Valency GL)\n|\n|t:|1776239898\n|teamsize|p1|4\n|teamsize|p2|4\n|start\n|switch|p1a: Maushold|Maushold-Four, L50|100/100\n|switch|p1b: Azumarill|Azumarill, L50, F|100/100\n|switch|p2a: Sableye|Sableye, L50, M|100/100\n|switch|p2b: Incineroar|Incineroar, L50, F|100/100\n|-ability|p2b: Incineroar|Intimidate|boost\n|-unboost|p1a: Maushold|atk|1\n|-unboost|p1b: Azumarill|atk|1\n|turn|1\n|inactive|bdbdtakes has 30 seconds left.\n|\n|t:|1776239926\n|move|p1a: Maushold|Protect|p1a: Maushold\n|-singleturn|p1a: Maushold|Protect\n|move|p1b: Azumarill|Protect|p1b: Azumarill\n|-singleturn|p1b: Azumarill|Protect\n|move|p2b: Incineroar|Fake Out|p1a: Maushold\n|-activate|p1a: Maushold|move: Protect\n|move|p2a: Sableye|Reflect|p2a: Sableye\n|-sidestart|p2: bdbdtakes|Reflect\n|\n|upkeep\n|turn|2\n|\n|t:|1776239952\n|move|p2a: Sableye|Encore|p1a: Maushold\n|-start|p1a: Maushold|Encore\n|move|p1a: Maushold|Protect|p1a: Maushold\n|-singleturn|p1a: Maushold|Protect\n|move|p1b: Azumarill|Belly Drum|p1b: Azumarill\n|-damage|p1b: Azumarill|50/100\n|-setboost|p1b: Azumarill|atk|6|[from] move: Belly Drum\n|-enditem|p1b: Azumarill|Sitrus Berry|[eat]\n|-heal|p1b: Azumarill|75/100|[from] item: Sitrus Berry\n|move|p2b: Incineroar|Parting Shot|p1b: Azumarill\n|-unboost|p1b: Azumarill|atk|1\n|-unboost|p1b: Azumarill|spa|1\n|\n|t:|1776239977\n|switch|p2b: Altaria|Altaria, L50, M|100/100|[from] Parting Shot\n|\n|upkeep\n|turn|3\n|\n|t:|1776240004\n|switch|p1a: Sinistcha|Sinistcha, L50|100/100\n|-heal|p1b: Azumarill|100/100|[from] ability: Hospitality|[of] p1a: Sinistcha\n|detailschange|p2b: Altaria|Altaria-Mega, L50, M\n|-mega|p2b: Altaria|Altaria|Altarianite\n|move|p1b: Azumarill|Aqua Jet|p2a: Sableye\n|-damage|p2a: Sableye|41/100\n|move|p2a: Sableye|Encore|p1b: Azumarill\n|-start|p1b: Azumarill|Encore\n|move|p2b: Altaria|Dragon Dance|p2b: Altaria\n|-boost|p2b: Altaria|atk|1\n|-boost|p2b: Altaria|spe|1\n|\n|upkeep\n|turn|4\n|inactive|bdbdtakes has 30 seconds left.\n|inactive|bdbdtakes has 20 seconds left.\n|inactive|bdbdtakes has 15 seconds left.\n|inactive|bdbdtakes has 10 seconds left.\n|\n|t:|1776240050\n|move|p1a: Sinistcha|Rage Powder|p1a: Sinistcha\n|-singleturn|p1a: Sinistcha|move: Rage Powder\n|move|p1b: Azumarill|Aqua Jet|p2b: Altaria\n|-resisted|p2b: Altaria|1\n|-damage|p2b: Altaria|82/100\n|move|p2b: Altaria|Cotton Guard|p2b: Altaria\n|-boost|p2b: Altaria|def|3\n|move|p2a: Sableye|Foul Play|p1a: Sinistcha\n|-supereffective|p1a: Sinistcha|1\n|-damage|p1a: Sinistcha|67/100\n|\n|upkeep\n|turn|5\n|inactive|bdbdtakes has 30 seconds left.\n|\n|t:|1776240083\n|switch|p1a: Incineroar|Incineroar, L50, F|100/100\n|-ability|p1a: Incineroar|Intimidate|boost\n|-unboost|p2a: Sableye|atk|1\n|-unboost|p2b: Altaria|atk|1\n|move|p1b: Azumarill|Aqua Jet|p2a: Sableye\n|-damage|p2a: Sableye|0 fnt\n|faint|p2a: Sableye\n|move|p2b: Altaria|Hyper Voice|p1b: Azumarill|[spread] p1a,p1b\n|-damage|p1a: Incineroar|72/100\n|-damage|p1b: Azumarill|70/100\n|\n|-sideend|p2: bdbdtakes|Reflect\n|upkeep\n|\n|t:|1776240098\n|switch|p2a: Incineroar|Incineroar, L50, F|100/100\n|-ability|p2a: Incineroar|Intimidate|boost\n|-unboost|p1a: Incineroar|atk|1\n|-unboost|p1b: Azumarill|atk|1\n|turn|6\n|\n|t:|1776240112\n|move|p1a: Incineroar|Fake Out|p2b: Altaria\n|-damage|p2b: Altaria|80/100\n|move|p2a: Incineroar|Fake Out|p1b: Azumarill\n|-damage|p1b: Azumarill|57/100\n|cant|p1b: Azumarill|flinch\n|cant|p2b: Altaria|flinch\n|\n|-end|p1b: Azumarill|Encore\n|upkeep\n|turn|7\n|inactive|bdbdtakes has 30 seconds left.\n|\n|t:|1776240149\n|move|p1b: Azumarill|Protect|p1b: Azumarill\n|-singleturn|p1b: Azumarill|Protect\n|move|p2a: Incineroar|Protect|p2a: Incineroar\n|-singleturn|p2a: Incineroar|Protect\n|move|p2b: Altaria|Cotton Guard|p2b: Altaria\n|-boost|p2b: Altaria|def|3\n|move|p1a: Incineroar|Parting Shot|p2b: Altaria\n|-unboost|p2b: Altaria|atk|1\n|-unboost|p2b: Altaria|spa|1\n|\n|t:|1776240160\n|switch|p1a: Sinistcha|Sinistcha, L50|67/100|[from] Parting Shot\n|-heal|p1b: Azumarill|82/100|[from] ability: Hospitality|[of] p1a: Sinistcha\n|\n|upkeep\n|turn|8\n|\n|t:|1776240180\n|switch|p1a: Incineroar|Incineroar, L50, F|72/100\n|-ability|p1a: Incineroar|Intimidate|boost\n|-unboost|p2a: Incineroar|atk|1\n|-unboost|p2b: Altaria|atk|1\n|move|p2b: Altaria|Hyper Voice|p1a: Incineroar|[spread] p1a,p1b\n|-damage|p1a: Incineroar|53/100\n|-damage|p1b: Azumarill|61/100\n|move|p1b: Azumarill|Play Rough|p2b: Altaria\n|-supereffective|p2b: Altaria|1\n|-damage|p2b: Altaria|33/100\n|move|p2a: Incineroar|Flare Blitz|p1a: Incineroar\n|-resisted|p1a: Incineroar|1\n|-damage|p1a: Incineroar|38/100\n|-damage|p2a: Incineroar|96/100|[from] Recoil\n|\n|-heal|p2a: Incineroar|100/100|[from] item: Leftovers\n|upkeep\n|turn|9\n|inactive|Valency GL has 30 seconds left.\n|inactive|bdbdtakes has 30 seconds left.\n|\n|t:|1776240209\n|switch|p1a: Sinistcha|Sinistcha, L50|67/100\n|-heal|p1b: Azumarill|86/100|[from] ability: Hospitality|[of] p1a: Sinistcha\n|move|p2b: Altaria|Hyper Voice|p1a: Sinistcha|[spread] p1a,p1b\n|-damage|p1a: Sinistcha|46/100\n|-damage|p1b: Azumarill|63/100\n|move|p1b: Azumarill|Play Rough|p2b: Altaria\n|-supereffective|p2b: Altaria|1\n|-damage|p2b: Altaria|0 fnt\n|faint|p2b: Altaria\n|move|p2a: Incineroar|Parting Shot|p1b: Azumarill\n|-unboost|p1b: Azumarill|atk|1\n|-unboost|p1b: Azumarill|spa|1\n|\n|t:|1776240220\n|switch|p2a: Garchomp|Garchomp, L50, M|100/100|[from] Parting Shot\n|\n|upkeep\n|\n|t:|1776240222\n|switch|p2b: Incineroar|Incineroar, L50, F|100/100\n|-ability|p2b: Incineroar|Intimidate|boost\n|-unboost|p1a: Sinistcha|atk|1\n|-unboost|p1b: Azumarill|atk|1\n|turn|10\n|\n|t:|1776240243\n|switch|p1a: Incineroar|Incineroar, L50, F|38/100\n|-ability|p1a: Incineroar|Intimidate|boost\n|-unboost|p2a: Garchomp|atk|1\n|-unboost|p2b: Incineroar|atk|1\n|move|p1b: Azumarill|Protect|p1b: Azumarill\n|-singleturn|p1b: Azumarill|Protect\n|move|p2b: Incineroar|Fake Out|p1b: Azumarill\n|-activate|p1b: Azumarill|move: Protect\n|move|p2a: Garchomp|Stomping Tantrum|p1b: Azumarill\n|-activate|p1b: Azumarill|move: Protect\n|\n|upkeep\n|turn|11\n|-message|bdbdtakes forfeited.\n|\n|win|Valency GL\n|raw|Valency GL's rating: 1076 &rarr; <strong>1109</strong><br />(+33 for winning)\n|raw|bdbdtakes's rating: 1131 &rarr; <strong>1102</strong><br />(-29 for losing)\n|l|\u2606bdbdtakes\n|player|p2|\n",
  "uploadtime": 1776240260,
  "views": 31,
  "formatid": "gen9championsvgc2026regma",
  "rating": 1102,
  "private": 0,
  "password": null
}