{
  "id": "gen9championsvgc2026regma-2587175350",
  "format": "[Gen 9 Champions] VGC 2026 Reg M-A",
  "players": [
    "TheBallistic1",
    "GreenAzumarill"
  ],
  "log": "|j|\u2606TheBallistic1\n|j|\u2606GreenAzumarill\n|t:|1776504458\n|gametype|doubles\n|player|p1|TheBallistic1|colress|1148\n|player|p2|GreenAzumarill|shadowtriad|1058\n|gen|9\n|tier|[Gen 9 Champions] VGC 2026 Reg M-A\n|rated|\n|rule|Species Clause: Limit one of each Pok\u00e9mon\n|rule|Item Clause: Limit 1 of each item\n|clearpoke\n|poke|p1|Floette-Eternal, L50, F|\n|poke|p1|Sneasler, L50, F|\n|poke|p1|Milotic, L50, F|\n|poke|p1|Incineroar, L50, F|\n|poke|p1|Sinistcha, L50|\n|poke|p1|Garchomp, L50, F|\n|poke|p2|Scovillain, L50, M, shiny|\n|poke|p2|Dragapult, L50, M, shiny|\n|poke|p2|Conkeldurr, L50, M, shiny|\n|poke|p2|Sneasler, L50, F, shiny|\n|poke|p2|Whimsicott, L50, F, shiny|\n|poke|p2|Incineroar, L50, M, shiny|\n|teampreview|4\n|inactive|Battle timer is ON: inactive players will automatically lose when time's up. (requested by TheBallistic1)\n|\n|t:|1776504482\n|teamsize|p1|4\n|teamsize|p2|4\n|start\n|switch|p1a: Sneasler|Sneasler, L50, F|100/100\n|switch|p1b: Milotic|Milotic, L50, F|100/100\n|switch|p2a: Scovillain|Scovillain, L50, M, shiny|100/100\n|switch|p2b: Dragapult|Dragapult, L50, M, shiny|100/100\n|turn|1\n|\n|t:|1776504501\n|move|p2a: Scovillain|Protect|p2a: Scovillain\n|-singleturn|p2a: Scovillain|Protect\n|move|p2b: Dragapult|Light Screen|p2b: Dragapult\n|-sidestart|p2: GreenAzumarill|move: Light Screen\n|move|p1a: Sneasler|Dire Claw|p2a: Scovillain\n|-activate|p2a: Scovillain|move: Protect\n|move|p1b: Milotic|Ice Beam|p2b: Dragapult\n|-supereffective|p2b: Dragapult|1\n|-damage|p2b: Dragapult|48/100\n|\n|-ability|p2a: Scovillain|Moody|boost\n|-boost|p2a: Scovillain|spa|2\n|-unboost|p2a: Scovillain|atk|1\n|upkeep\n|turn|2\n|\n|t:|1776504521\n|detailschange|p2a: Scovillain|Scovillain-Mega, L50, M, shiny\n|-mega|p2a: Scovillain|Scovillain|Scovillainite\n|move|p2a: Scovillain|Rage Powder|p2a: Scovillain\n|-singleturn|p2a: Scovillain|move: Rage Powder\n|move|p2b: Dragapult|Reflect|p2b: Dragapult\n|-sidestart|p2: GreenAzumarill|Reflect\n|move|p1a: Sneasler|Dire Claw|p2a: Scovillain\n|-supereffective|p2a: Scovillain|1\n|-damage|p2a: Scovillain|38/100\n|-status|p1a: Sneasler|brn|[from] ability: Spicy Spray|[of] p2a: Scovillain\n|move|p1b: Milotic|Ice Beam|p2a: Scovillain\n|-damage|p2a: Scovillain|21/100\n|-status|p1b: Milotic|brn|[from] ability: Spicy Spray|[of] p2a: Scovillain\n|\n|-damage|p1a: Sneasler|95/100 brn|[from] brn\n|-damage|p1b: Milotic|95/100 brn|[from] brn\n|upkeep\n|turn|3\n|inactive|GreenAzumarill has 30 seconds left.\n|\n|t:|1776504547\n|move|p2b: Dragapult|Dragon Darts|p1a: Sneasler\n|-damage|p1a: Sneasler|51/100 brn\n|-anim|p2b: Dragapult|Dragon Darts|p1b: Milotic\n|-damage|p1b: Milotic|65/100 brn\n|move|p1a: Sneasler|Dire Claw|p2a: Scovillain\n|-supereffective|p2a: Scovillain|1\n|-damage|p2a: Scovillain|0 fnt\n|faint|p2a: Scovillain\n|move|p1b: Milotic|Ice Beam|p2b: Dragapult\n|-supereffective|p2b: Dragapult|1\n|-crit|p2b: Dragapult\n|-damage|p2b: Dragapult|0 fnt\n|faint|p2b: Dragapult\n|\n|-heal|p1b: Milotic|70/100 brn|[from] item: Leftovers\n|-damage|p1a: Sneasler|45/100 brn|[from] brn\n|-damage|p1b: Milotic|65/100 brn|[from] brn\n|upkeep\n|\n|t:|1776504566\n|switch|p2b: Sneasler|Sneasler, L50, F, shiny|100/100\n|switch|p2a: Conkeldurr|Conkeldurr, L50, M, shiny|100/100\n|turn|4\n|\n|t:|1776504575\n|move|p2b: Sneasler|Fake Out|p1a: Sneasler\n|-damage|p1a: Sneasler|16/100 brn\n|cant|p1a: Sneasler|flinch\n|move|p1b: Milotic|Scald|p2b: Sneasler\n|-crit|p2b: Sneasler\n|-damage|p2b: Sneasler|15/100\n|-status|p2b: Sneasler|brn\n|move|p2a: Conkeldurr|Drain Punch|p1b: Milotic\n|-damage|p1b: Milotic|3/100 brn\n|\n|-heal|p1b: Milotic|9/100 brn|[from] item: Leftovers\n|-damage|p1a: Sneasler|11/100 brn|[from] brn\n|-damage|p2b: Sneasler|9/100 brn|[from] brn\n|-damage|p1b: Milotic|3/100 brn|[from] brn\n|upkeep\n|turn|5\n|\n|t:|1776504593\n|move|p2b: Sneasler|Protect|p2b: Sneasler\n|-singleturn|p2b: Sneasler|Protect\n|move|p1a: Sneasler|Dire Claw|p2a: Conkeldurr\n|-damage|p2a: Conkeldurr|89/100\n|move|p1b: Milotic|Scald|p2a: Conkeldurr\n|-damage|p2a: Conkeldurr|58/100\n|-status|p2a: Conkeldurr|brn\n|move|p2a: Conkeldurr|Earthquake|p1b: Milotic|[spread] p1a,p1b\n|-activate|p2b: Sneasler|move: Protect\n|-supereffective|p1a: Sneasler|1\n|-damage|p1a: Sneasler|0 fnt\n|-damage|p1b: Milotic|0 fnt\n|faint|p1a: Sneasler\n|faint|p1b: Milotic\n|\n|-heal|p2a: Conkeldurr|64/100 brn|[from] item: Leftovers\n|-damage|p2b: Sneasler|3/100 brn|[from] brn\n|-damage|p2a: Conkeldurr|58/100 brn|[from] brn\n|-sideend|p2: GreenAzumarill|move: Light Screen\n|upkeep\n|\n|t:|1776504603\n|switch|p1a: Floette|Floette-Eternal, L50, F|100/100\n|switch|p1b: Sinistcha|Sinistcha, L50|100/100\n|turn|6\n|\n|t:|1776504623\n|move|p1a: Floette|Protect|p1a: Floette\n|-singleturn|p1a: Floette|Protect\n|move|p1b: Sinistcha|Protect|p1b: Sinistcha\n|-singleturn|p1b: Sinistcha|Protect\n|move|p2b: Sneasler|Dire Claw|p1a: Floette\n|-activate|p1a: Floette|move: Protect\n|move|p2a: Conkeldurr|Rock Slide|p1b: Sinistcha|[spread] \n|-activate|p1a: Floette|move: Protect\n|-activate|p1b: Sinistcha|move: Protect\n|\n|-heal|p2a: Conkeldurr|64/100 brn|[from] item: Leftovers\n|-damage|p2b: Sneasler|0 fnt|[from] brn\n|faint|p2b: Sneasler\n|-damage|p2a: Conkeldurr|58/100 brn|[from] brn\n|-sideend|p2: GreenAzumarill|Reflect\n|upkeep\n|turn|7\n|\n|t:|1776504643\n|detailschange|p1a: Floette|Floette-Mega, L50, F\n|-mega|p1a: Floette|Floette|Floettite\n|-ability|p1a: Floette|Fairy Aura\n|move|p1a: Floette|Moonblast|p2a: Conkeldurr\n|-supereffective|p2a: Conkeldurr|1\n|-damage|p2a: Conkeldurr|0 fnt\n|faint|p2a: Conkeldurr\n|\n|win|TheBallistic1\n|raw|TheBallistic1's rating: 1148 &rarr; <strong>1167</strong><br />(+19 for winning)\n|raw|GreenAzumarill's rating: 1058 &rarr; <strong>1044</strong><br />(-14 for losing)\n",
  "uploadtime": 1776504649,
  "views": 17,
  "formatid": "gen9championsvgc2026regma",
  "rating": 1044,
  "private": 0,
  "password": null
}