{
  "id": "gen9championsvgc2026regma-2587269191",
  "format": "[Gen 9 Champions] VGC 2026 Reg M-A",
  "players": [
    "spidereyelamb",
    "hvv1409"
  ],
  "log": "|j|\u2606spidereyelamb\n|j|\u2606hvv1409\n|t:|1776516585\n|gametype|doubles\n|player|p1|spidereyelamb|unknown|1147\n|player|p2|hvv1409|pokemonranger-gen4|1088\n|gen|9\n|tier|[Gen 9 Champions] VGC 2026 Reg M-A\n|rated|\n|rule|Species Clause: Limit one of each Pok\u00e9mon\n|rule|Item Clause: Limit 1 of each item\n|clearpoke\n|poke|p1|Victreebel, L50, M|\n|poke|p1|Manectric, L50, F|\n|poke|p1|Ninetales, L50, M|\n|poke|p1|Garchomp, L50, F|\n|poke|p1|Rotom-Wash, L50, shiny|\n|poke|p1|Typhlosion-Hisui, L50, F|\n|poke|p2|Talonflame, L50, M, shiny|\n|poke|p2|Incineroar, L50, M, shiny|\n|poke|p2|Gardevoir, L50, F, shiny|\n|poke|p2|Garchomp, L50, M, shiny|\n|poke|p2|Charizard, L50, M, shiny|\n|poke|p2|Rotom-Heat, L50, shiny|\n|teampreview|4\nhvv1409 rejected open team sheets.\n|\n|t:|1776516640\n|teamsize|p1|4\n|teamsize|p2|4\n|start\n|switch|p1a: Garchomp|Garchomp, L50, F|100/100\n|switch|p1b: Rotom|Rotom-Wash, L50, shiny|100/100\n|switch|p2a: Talonflame|Talonflame, L50, M, shiny|100/100\n|switch|p2b: Rotom|Rotom-Heat, L50, shiny|100/100\n|turn|1\n|inactive|Battle timer is ON: inactive players will automatically lose when time's up. (requested by spidereyelamb)\n|\n|t:|1776516662\n|move|p2a: Talonflame|Tailwind|p2a: Talonflame\n|-sidestart|p2: hvv1409|move: Tailwind\n|move|p2b: Rotom|Sunny Day|p2b: Rotom\n|-weather|SunnyDay\n|move|p1b: Rotom|Electroweb|p2b: Rotom|[spread] p2a,p2b\n|-supereffective|p2a: Talonflame|1\n|-resisted|p2b: Rotom|1\n|-damage|p2a: Talonflame|42/100\n|-damage|p2b: Rotom|88/100\n|-unboost|p2a: Talonflame|spe|1\n|-unboost|p2b: Rotom|spe|1\n|move|p1a: Garchomp|Rock Slide|p2a: Talonflame|[spread] p2a,p2b\n|-supereffective|p2a: Talonflame|2\n|-supereffective|p2b: Rotom|1\n|-damage|p2a: Talonflame|0 fnt\n|-damage|p2b: Rotom|34/100\n|faint|p2a: Talonflame\n|\n|-weather|SunnyDay|[upkeep]\n|upkeep\n|\n|t:|1776516672\n|switch|p2a: fair|Garchomp, L50, M, shiny|100/100\n|turn|2\n|inactive|spidereyelamb has 30 seconds left.\n|inactive|spidereyelamb has 20 seconds left.\n|inactive|spidereyelamb has 15 seconds left.\n|\n|t:|1776516716\n|switch|p1a: Ninetales|Ninetales, L50, M|100/100\n|move|p2a: fair|Dragon Claw|p1a: Ninetales\n|-damage|p1a: Ninetales|34/100\n|move|p1b: Rotom|Electroweb|p2a: fair|[spread] p2b\n|-immune|p2a: fair\n|-resisted|p2b: Rotom|1\n|-damage|p2b: Rotom|20/100\n|-unboost|p2b: Rotom|spe|1\n|move|p2b: Rotom|Will-O-Wisp|p1a: Ninetales\n|-immune|p1a: Ninetales\n|\n|-weather|SunnyDay|[upkeep]\n|upkeep\n|turn|3\n|inactive|spidereyelamb has 30 seconds left.\n|inactive|hvv1409 has 30 seconds left.\n|inactive|hvv1409 has 20 seconds left.\n|inactive|hvv1409 has 15 seconds left.\n|inactive|hvv1409 has 10 seconds left.\n|inactive|hvv1409 has 5 seconds left.\n|\n|t:|1776516768\n|switch|p1b: Garchomp|Garchomp, L50, F|100/100\n|switch|p2b: Gardevoir|Gardevoir, L50, F, shiny|100/100\n|move|p2a: fair|Dragon Claw|p1a: Ninetales\n|-damage|p1a: Ninetales|0 fnt\n|faint|p1a: Ninetales\n|\n|-weather|SunnyDay|[upkeep]\n|upkeep\n|\n|t:|1776516777\n|switch|p1a: Victreebel|Victreebel, L50, M|100/100\n|turn|4\n|\n|t:|1776516803\n|switch|p1b: Rotom|Rotom-Wash, L50, shiny|100/100\n|detailschange|p2b: Gardevoir|Gardevoir-Mega, L50, F, shiny\n|-mega|p2b: Gardevoir|Gardevoir|Gardevoirite\n|detailschange|p1a: Victreebel|Victreebel-Mega, L50, M\n|-mega|p1a: Victreebel|Victreebel|Victreebelite\n|move|p2a: fair|Dragon Claw|p1b: Rotom\n|-damage|p1b: Rotom|44/100\n|move|p2b: Gardevoir|Psychic|p1a: Victreebel\n|-supereffective|p1a: Victreebel|1\n|-damage|p1a: Victreebel|0 fnt\n|-damage|p2b: Gardevoir|0 fnt|[from] ability: Innards Out|[of] p1a: Victreebel\n|faint|p1a: Victreebel\n|faint|p2b: Gardevoir\n|\n|-weather|SunnyDay|[upkeep]\n|-sideend|p2: hvv1409|move: Tailwind\n|upkeep\n|\n|t:|1776516817\n|switch|p2b: Rotom|Rotom-Heat, L50, shiny|20/100\n|switch|p1a: Garchomp|Garchomp, L50, F|100/100\n|turn|5\n|\n|t:|1776516828\n|move|p2a: fair|Dragon Claw|p1a: Garchomp\n|-supereffective|p1a: Garchomp|1\n|-damage|p1a: Garchomp|13/100\n|-damage|p2a: fair|88/100|[from] ability: Rough Skin|[of] p1a: Garchomp\n|move|p1b: Rotom|Hydro Pump|p2a: fair\n|-damage|p2a: fair|59/100\n|move|p1a: Garchomp|Dragon Claw|p2a: fair\n|-supereffective|p2a: fair|1\n|-damage|p2a: fair|0 fnt\n|-damage|p1a: Garchomp|0 fnt|[from] ability: Rough Skin|[of] p2a: fair\n|faint|p2a: fair\n|faint|p1a: Garchomp\n|move|p2b: Rotom|Thunderbolt|p1b: Rotom\n|-damage|p1b: Rotom|0 fnt\n|faint|p1b: Rotom\n|\n|win|hvv1409\n|raw|spidereyelamb's rating: 1147 &rarr; <strong>1118</strong><br />(-29 for losing)\n|raw|hvv1409's rating: 1088 &rarr; <strong>1119</strong><br />(+31 for winning)\n|c|\u2606hvv1409|holy moly\n|l|\u2606spidereyelamb\n|player|p1|\n",
  "uploadtime": 1776516869,
  "views": 35,
  "formatid": "gen9championsvgc2026regma",
  "rating": 1118,
  "private": 0,
  "password": null
}