{
  "id": "gen9championsvgc2026regma-2580478120",
  "format": "[Gen 9 Champions] VGC 2026 Reg M-A",
  "players": [
    "SagaSFull",
    "Itayg"
  ],
  "log": "|j|\u2606SagaSFull\n|j|\u2606Itayg\n|t:|1775902463\n|gametype|doubles\n|player|p1|SagaSFull|benga|1071\n|player|p2|Itayg|li|1016\n|gen|9\n|tier|[Gen 9 Champions] VGC 2026 Reg M-A\n|rated|\n|rule|Species Clause: Limit one of each Pok\u00e9mon\n|rule|Item Clause: Limit 1 of each item\n|clearpoke\n|poke|p1|Charizard, L50, F|\n|poke|p1|Garchomp, L50, F|\n|poke|p1|Sneasler, L50, M|\n|poke|p1|Kingambit, L50, M|\n|poke|p1|Whimsicott, L50, M|\n|poke|p1|Incineroar, L50, F|\n|poke|p2|Archaludon, L50, M|\n|poke|p2|Pelipper, L50, M|\n|poke|p2|Incineroar, L50, M|\n|poke|p2|Azumarill, L50, M|\n|poke|p2|Farigiraf, L50, M|\n|poke|p2|Slowbro, L50, M|\n|teampreview|4\n|inactive|Battle timer is ON: inactive players will automatically lose when time's up. (requested by SagaSFull)\n|\n|t:|1775902491\n|teamsize|p1|4\n|teamsize|p2|4\n|start\n|switch|p1a: Charizard|Charizard, L50, F, shiny|100/100\n|switch|p1b: Incineroar|Incineroar, L50, F|100/100\n|switch|p2a: Pelipper|Pelipper, L50, M|100/100\n|switch|p2b: Azumarill|Azumarill, L50, M, shiny|100/100\n|-weather|RainDance|[from] ability: Drizzle|[of] p2a: Pelipper\n|-ability|p1b: Incineroar|Intimidate|boost\n|-unboost|p2a: Pelipper|atk|1\n|-unboost|p2b: Azumarill|atk|1\n|turn|1\n|\n|t:|1775902513\n|switch|p2a: Slowbro|Slowbro, L50, M, shiny|100/100\n|detailschange|p1a: Charizard|Charizard-Mega-Y, L50, F, shiny\n|-mega|p1a: Charizard|Charizard|Charizardite Y\n|-weather|SunnyDay|[from] ability: Drought|[of] p1a: Charizard\n|move|p1b: Incineroar|Fake Out|p2b: Azumarill\n|-damage|p2b: Azumarill|86/100\n|move|p1a: Charizard|Solar Beam||[still]\n|-prepare|p1a: Charizard|Solar Beam\n|-anim|p1a: Charizard|Solar Beam|p2a: Slowbro\n|-supereffective|p2a: Slowbro|1\n|-damage|p2a: Slowbro|6/100\n|cant|p2b: Azumarill|flinch\n|\n|-weather|SunnyDay|[upkeep]\n|upkeep\n|turn|2\n|\n|t:|1775902533\n|switch|p2a: Pelipper|Pelipper, L50, M|100/100\n|-weather|RainDance|[from] ability: Drizzle|[of] p2a: Pelipper\n|move|p1a: Charizard|Heat Wave|p2a: Pelipper|[spread] p2a,p2b\n|-resisted|p2a: Pelipper|1\n|-resisted|p2b: Azumarill|1\n|-damage|p2a: Pelipper|86/100\n|-damage|p2b: Azumarill|76/100\n|move|p1b: Incineroar|Darkest Lariat|p2b: Azumarill\n|-resisted|p2b: Azumarill|1\n|-damage|p2b: Azumarill|55/100\n|move|p2b: Azumarill|Belly Drum|p2b: Azumarill\n|-damage|p2b: Azumarill|5/100\n|-setboost|p2b: Azumarill|atk|6|[from] move: Belly Drum\n|-enditem|p2b: Azumarill|Sitrus Berry|[eat]\n|-heal|p2b: Azumarill|30/100|[from] item: Sitrus Berry\n|\n|-weather|RainDance|[upkeep]\n|upkeep\n|turn|3\n|inactive|Itayg has 30 seconds left.\n|\n|t:|1775902560\n|move|p1a: Charizard|Protect|p1a: Charizard\n|-singleturn|p1a: Charizard|Protect\n|move|p2b: Azumarill|Protect|p2b: Azumarill\n|-singleturn|p2b: Azumarill|Protect\n|move|p2a: Pelipper|Surf|p1b: Incineroar|[spread] p1b\n|-activate|p2b: Azumarill|move: Protect\n|-activate|p1a: Charizard|move: Protect\n|-supereffective|p1b: Incineroar|1\n|-damage|p1b: Incineroar|0 fnt\n|faint|p1b: Incineroar\n|\n|-weather|RainDance|[upkeep]\n|upkeep\n|\n|t:|1775902567\n|switch|p1b: Whimsicott|Whimsicott, L50, M, shiny|100/100\n|turn|4\n|\n|t:|1775902581\n|move|p1b: Whimsicott|Encore|p2b: Azumarill\n|-start|p2b: Azumarill|Encore\n|move|p2b: Azumarill|Protect||[still]\n|-fail|p2b: Azumarill\n|move|p1a: Charizard|Heat Wave|p2b: Azumarill|[spread] p2a,p2b\n|-resisted|p2a: Pelipper|1\n|-resisted|p2b: Azumarill|1\n|-damage|p2a: Pelipper|72/100\n|-damage|p2b: Azumarill|18/100\n|move|p2a: Pelipper|Hurricane|p1b: Whimsicott\n|-supereffective|p1b: Whimsicott|1\n|-enditem|p1b: Whimsicott|Focus Sash\n|-damage|p1b: Whimsicott|1/100\n|\n|-weather|RainDance|[upkeep]\n|upkeep\n|turn|5\n|\n|t:|1775902597\n|move|p2b: Azumarill|Protect|p2b: Azumarill\n|-singleturn|p2b: Azumarill|Protect\n|move|p1b: Whimsicott|Sunny Day|p1b: Whimsicott\n|-weather|SunnyDay\n|move|p1a: Charizard|Solar Beam||[still]\n|-prepare|p1a: Charizard|Solar Beam\n|-anim|p1a: Charizard|Solar Beam|p2a: Pelipper\n|-damage|p2a: Pelipper|3/100\n|move|p2a: Pelipper|Surf|p1b: Whimsicott|[spread] p1a,p1b\n|-activate|p2b: Azumarill|move: Protect\n|-supereffective|p1a: Charizard|1\n|-resisted|p1b: Whimsicott|1\n|-damage|p1a: Charizard|68/100\n|-damage|p1b: Whimsicott|0 fnt\n|faint|p1b: Whimsicott\n|\n|-weather|SunnyDay|[upkeep]\n|upkeep\n|\n|t:|1775902609\n|switch|p1b: Garchomp|Garchomp, L50, F|100/100\n|turn|6\n|\n|t:|1775902618\n|move|p2b: Azumarill|Protect||[still]\n|-fail|p2b: Azumarill\n|move|p1b: Garchomp|Rock Slide|p2b: Azumarill|[spread] p2a,p2b\n|-supereffective|p2a: Pelipper|1\n|-damage|p2a: Pelipper|0 fnt\n|-damage|p2b: Azumarill|0 fnt\n|faint|p2a: Pelipper\n|faint|p2b: Azumarill\n|move|p1a: Charizard|Heat Wave|p2: Pelipper|[notarget]\n|-fail|p1a: Charizard\n|\n|-weather|SunnyDay|[upkeep]\n|upkeep\n|\n|t:|1775902623\n|switch|p2a: Slowbro|Slowbro, L50, M, shiny|40/100\n|switch|p2b: Archaludon|Archaludon, L50, M, shiny|100/100\n|turn|7\n|\n|t:|1775902635\n|detailschange|p2a: Slowbro|Slowbro-Mega, L50, M, shiny\n|-mega|p2a: Slowbro|Slowbro|Slowbronite\n|move|p1b: Garchomp|Rock Slide|p2b: Archaludon|[spread] p2a\n|-miss|p1b: Garchomp|p2b: Archaludon\n|-damage|p2a: Slowbro|27/100\n|move|p1a: Charizard|Heat Wave|p2b: Archaludon|[spread] p2a,p2b\n|-resisted|p2a: Slowbro|1\n|-damage|p2a: Slowbro|0 fnt\n|-damage|p2b: Archaludon|21/100\n|faint|p2a: Slowbro\n|move|p2b: Archaludon|Draco Meteor|p1b: Garchomp\n|-supereffective|p1b: Garchomp|1\n|-damage|p1b: Garchomp|0 fnt\n|-unboost|p2b: Archaludon|spa|2\n|faint|p1b: Garchomp\n|-enditem|p2b: Archaludon|White Herb\n|-clearnegativeboost|p2b: Archaludon|[silent]\n|\n|-weather|SunnyDay|[upkeep]\n|upkeep\n|turn|8\n|\n|t:|1775902650\n|move|p1a: Charizard|Weather Ball|p2b: Archaludon\n|-damage|p2b: Archaludon|0 fnt\n|faint|p2b: Archaludon\n|\n|win|SagaSFull\n|raw|SagaSFull's rating: 1071 &rarr; <strong>1096</strong><br />(+25 for winning)\n|raw|Itayg's rating: 1016 &rarr; <strong>1006</strong><br />(-10 for losing)\n|l|\u2606Itayg\n|player|p2|\n",
  "uploadtime": 1775902662,
  "views": 26,
  "formatid": "gen9championsvgc2026regma",
  "rating": 1006,
  "private": 0,
  "password": null
}