{
  "id": "gen9championsvgc2026regma-2581875345",
  "format": "[Gen 9 Champions] VGC 2026 Reg M-A",
  "players": [
    "KingOvershield",
    "rabuxi"
  ],
  "log": "|j|\u2606KingOvershield\n|j|\u2606rabuxi\n|t:|1776035789\n|gametype|doubles\n|player|p1|KingOvershield|bugcatcher-gen4dp|1100\n|player|p2|rabuxi|101|1098\n|gen|9\n|tier|[Gen 9 Champions] VGC 2026 Reg M-A\n|rated|\n|rule|Species Clause: Limit one of each Pok\u00e9mon\n|rule|Item Clause: Limit 1 of each item\n|clearpoke\n|poke|p1|Garganacl, L50, M|\n|poke|p1|Sylveon, L50, F|\n|poke|p1|Pinsir, L50, M|\n|poke|p1|Aegislash, L50, F|\n|poke|p1|Ninetales-Alola, L50, M|\n|poke|p1|Incineroar, L50, F|\n|poke|p2|Meganium, L50, F|\n|poke|p2|Pelipper, L50, M|\n|poke|p2|Archaludon, L50, F|\n|poke|p2|Basculegion-F, L50, F|\n|poke|p2|Clefable, L50, M|\n|poke|p2|Sinistcha-Masterpiece, L50|\n|teampreview|4\nrabuxi has agreed to open team sheets.\n|inactive|Battle timer is ON: inactive players will automatically lose when time's up. (requested by rabuxi)\n|inactive|KingOvershield has 60 seconds left.\n|\n|t:|1776035883\n|teamsize|p1|4\n|teamsize|p2|4\n|start\n|switch|p1a: Garganacl|Garganacl, L50, M|100/100\n|switch|p1b: Incineroar|Incineroar, L50, F|100/100\n|switch|p2a: Pelipper|Pelipper, L50, M|100/100\n|switch|p2b: Meganium|Meganium, L50, F|100/100\n|-ability|p1b: Incineroar|Intimidate|boost\n|-unboost|p2a: Pelipper|atk|1\n|-unboost|p2b: Meganium|atk|1\n|-weather|RainDance|[from] ability: Drizzle|[of] p2a: Pelipper\n|turn|1\n|inactive|KingOvershield has 30 seconds left.\n|inactive|rabuxi has 30 seconds left.\n|inactive|KingOvershield has 20 seconds left.\n|\n|t:|1776035919\n|switch|p2a: Basculegion|Basculegion-F, L50, F|100/100\n|detailschange|p2b: Meganium|Meganium-Mega, L50, F\n|-mega|p2b: Meganium|Meganium|Meganiumite\n|move|p1b: Incineroar|Fake Out|p2b: Meganium\n|-damage|p2b: Meganium|86/100\n|cant|p2b: Meganium|flinch\n|move|p1a: Garganacl|Stealth Rock|p2a: Basculegion\n|-sidestart|p2: rabuxi|move: Stealth Rock\n|\n|-weather|RainDance|[upkeep]\n|upkeep\n|turn|2\n|inactive|KingOvershield has 30 seconds left.\n|\n|t:|1776035949\n|move|p2a: Basculegion|Hydro Pump|p1b: Incineroar|[miss]\n|-miss|p2a: Basculegion|p1b: Incineroar\n|move|p2b: Meganium|Solar Beam||[still]\n|-prepare|p2b: Meganium|Solar Beam\n|-activate|p2b: Meganium|ability: Mega Sol\n|-anim|p2b: Meganium|Solar Beam|p1a: Garganacl\n|-supereffective|p1a: Garganacl|1\n|-damage|p1a: Garganacl|5/100\n|move|p1b: Incineroar|Parting Shot|p2b: Meganium\n|-unboost|p2b: Meganium|atk|1\n|-unboost|p2b: Meganium|spa|1\n|\n|t:|1776035960\n|switch|p1b: Ninetales|Ninetales-Alola, L50, M|100/100|[from] Parting Shot\n|-weather|Snowscape|[from] ability: Snow Warning|[of] p1b: Ninetales\n|move|p1a: Garganacl|Salt Cure|p2a: Basculegion\n|-damage|p2a: Basculegion|84/100\n|-start|p2a: Basculegion|Salt Cure\n|\n|-weather|Snowscape|[upkeep]\n|-damage|p2a: Basculegion|72/100|[from] Salt Cure\n|upkeep\n|turn|3\n|inactive|KingOvershield has 30 seconds left.\n|inactive|rabuxi has 30 seconds left.\n|inactive|KingOvershield has 20 seconds left.\n|inactive|KingOvershield has 15 seconds left.\n|inactive|KingOvershield has 10 seconds left.\n|\n|t:|1776036009\n|switch|p2b: Archaludon|Archaludon, L50, F|100/100\n|-damage|p2b: Archaludon|95/100|[from] Stealth Rock\n|switch|p2a: Pelipper|Pelipper, L50, M|100/100\n|-damage|p2a: Pelipper|76/100|[from] Stealth Rock\n|-weather|RainDance|[from] ability: Drizzle|[of] p2a: Pelipper\n|switch|p1a: Pinsir|Pinsir, L50, M|100/100\n|move|p1b: Ninetales|Blizzard|p2a: Pelipper|[spread] p2a,p2b\n|-damage|p2a: Pelipper|36/100\n|-damage|p2b: Archaludon|45/100\n|-status|p2b: Archaludon|frz\n|-ability|p2b: Archaludon|Stamina|boost\n|-boost|p2b: Archaludon|def|1\n|\n|-weather|RainDance|[upkeep]\n|-heal|p2a: Pelipper|42/100|[from] item: Leftovers\n|upkeep\n|turn|4\n|inactive|KingOvershield has 30 seconds left.\n|\n|t:|1776036037\n|detailschange|p1a: Pinsir|Pinsir-Mega, L50, M\n|-mega|p1a: Pinsir|Pinsir|Pinsirite\n|move|p1a: Pinsir|Feint|p2a: Pelipper\n|-damage|p2a: Pelipper|22/100\n|move|p1b: Ninetales|Freeze-Dry|p2a: Pelipper\n|-supereffective|p2a: Pelipper|2\n|-damage|p2a: Pelipper|0 fnt\n|faint|p2a: Pelipper\n|cant|p2b: Archaludon|frz\n|\n|-weather|RainDance|[upkeep]\n|upkeep\n|\n|t:|1776036047\n|switch|p2a: Basculegion|Basculegion-F, L50, F|72/100\n|-damage|p2a: Basculegion|59/100|[from] Stealth Rock\n|turn|5\n|\n|t:|1776036056\n|move|p1a: Pinsir|Feint|p2a: Basculegion\n|-damage|p2a: Basculegion|30/100\n|move|p2a: Basculegion|Ice Beam|p1a: Pinsir\n|-supereffective|p1a: Pinsir|1\n|-damage|p1a: Pinsir|27/100\n|move|p1b: Ninetales|Freeze-Dry|p2a: Basculegion\n|-supereffective|p2a: Basculegion|1\n|-damage|p2a: Basculegion|0 fnt\n|faint|p2a: Basculegion\n|cant|p2b: Archaludon|frz\n|\n|-weather|RainDance|[upkeep]\n|upkeep\n|\n|t:|1776036067\n|switch|p2a: Meganium|Meganium-Mega, L50, F|86/100\n|-damage|p2a: Meganium|73/100|[from] Stealth Rock\n|turn|6\n|\n|t:|1776036088\n|switch|p1b: Incineroar|Incineroar, L50, F|100/100\n|-ability|p1b: Incineroar|Intimidate|boost\n|-unboost|p2a: Meganium|atk|1\n|-unboost|p2b: Archaludon|atk|1\n|move|p1a: Pinsir|Body Slam|p2a: Meganium\n|-supereffective|p2a: Meganium|1\n|-damage|p2a: Meganium|0 fnt\n|faint|p2a: Meganium\n|-curestatus|p2b: Archaludon|frz|[msg]\n|move|p2b: Archaludon|Electro Shot||[still]\n|-prepare|p2b: Archaludon|Electro Shot\n|-boost|p2b: Archaludon|spa|1\n|-anim|p2b: Archaludon|Electro Shot|p1a: Pinsir\n|-supereffective|p1a: Pinsir|1\n|-damage|p1a: Pinsir|0 fnt\n|faint|p1a: Pinsir\n|\n|-weather|RainDance|[upkeep]\n|upkeep\n|\n|t:|1776036104\n|switch|p1a: Ninetales|Ninetales-Alola, L50, M|100/100\n|-weather|Snowscape|[from] ability: Snow Warning|[of] p1a: Ninetales\n|turn|7\n|\n|t:|1776036113\n|move|p1b: Incineroar|Fake Out|p2b: Archaludon\n|-resisted|p2b: Archaludon|1\n|-damage|p2b: Archaludon|42/100\n|-ability|p2b: Archaludon|Stamina|boost\n|-boost|p2b: Archaludon|def|1\n|move|p1a: Ninetales|Aurora Veil|p1a: Ninetales\n|-sidestart|p1: KingOvershield|move: Aurora Veil\n|cant|p2b: Archaludon|flinch\n|\n|-weather|Snowscape|[upkeep]\n|upkeep\n|turn|8\n|\n|t:|1776036125\n|move|p1a: Ninetales|Blizzard|p2b: Archaludon\n|-damage|p2b: Archaludon|0 fnt\n|faint|p2b: Archaludon\n|\n|win|KingOvershield\n|raw|KingOvershield's rating: 1100 &rarr; <strong>1125</strong><br />(+25 for winning)\n|raw|rabuxi's rating: 1098 &rarr; <strong>1073</strong><br />(-25 for losing)\n|l|\u2606rabuxi\n|player|p2|\n",
  "uploadtime": 1776036134,
  "views": 10,
  "formatid": "gen9championsvgc2026regma",
  "rating": 1073,
  "private": 0,
  "password": null
}