{
  "id": "gen9championsvgc2026regma-2587302781",
  "format": "[Gen 9 Champions] VGC 2026 Reg M-A",
  "players": [
    "ribnaturall",
    "Rainy07"
  ],
  "log": "|j|\u2606ribnaturall\n|j|\u2606Rainy07\n|t:|1776520040\n|gametype|doubles\n|player|p1|ribnaturall|waiter|1024\n|player|p2|Rainy07|102|1074\n|gen|9\n|tier|[Gen 9 Champions] VGC 2026 Reg M-A\n|rated|\n|rule|Species Clause: Limit one of each Pok\u00e9mon\n|rule|Item Clause: Limit 1 of each item\n|clearpoke\n|poke|p1|Rotom-Heat, L50|\n|poke|p1|Basculegion, L50, M|\n|poke|p1|Decidueye-Hisui, L50, M|\n|poke|p1|Mudsdale, L50, F|\n|poke|p1|Altaria, L50, F|\n|poke|p1|Skarmory, L50, M|\n|poke|p2|Sneasler, L50, F, shiny|\n|poke|p2|Farigiraf, L50, F, shiny|\n|poke|p2|Incineroar, L50, M, shiny|\n|poke|p2|Golurk, L50, shiny|\n|poke|p2|Torkoal, L50, F, shiny|\n|poke|p2|Venusaur, L50, F, shiny|\n|teampreview|4\n|\n|t:|1776520109\n|teamsize|p1|4\n|teamsize|p2|4\n|start\n|switch|p1a: Rotom|Rotom-Heat, L50|100/100\n|switch|p1b: Basculegion|Basculegion, L50, M|100/100\n|switch|p2a: Sneasler|Sneasler, L50, F, shiny|100/100\n|switch|p2b: Incineroar|Incineroar, L50, M, shiny|100/100\n|-ability|p2b: Incineroar|Intimidate|boost\n|-unboost|p1a: Rotom|atk|1\n|-unboost|p1b: Basculegion|atk|1\n|turn|1\n|\n|t:|1776520148\n|move|p2a: Sneasler|Fake Out|p1a: Rotom\n|-damage|p1a: Rotom|86/100\n|cant|p1a: Rotom|flinch\n|move|p1b: Basculegion|Wave Crash|p2b: Incineroar\n|-supereffective|p2b: Incineroar|1\n|-damage|p2b: Incineroar|0 fnt\n|faint|p2b: Incineroar\n|-damage|p1b: Basculegion|71/100|[from] Recoil\n|\n|upkeep\n|\n|t:|1776520161\n|switch|p2b: Venusaur|Venusaur, L50, F, shiny|100/100\n|turn|2\n|\n|t:|1776520191\n|switch|p2a: Torkoal|Torkoal, L50, F, shiny|100/100\n|-weather|SunnyDay|[from] ability: Drought|[of] p2a: Torkoal\n|switch|p1b: Skarmory|Skarmory, L50, M|100/100\n|move|p2b: Venusaur|Sleep Powder|p1a: Rotom\n|-status|p1a: Rotom|slp|[from] move: Sleep Powder\n|cant|p1a: Rotom|slp\n|\n|-weather|SunnyDay|[upkeep]\n|upkeep\n|turn|3\n|\n|t:|1776520226\n|switch|p1a: Decidueye|Decidueye-Hisui, L50, M|100/100\n|move|p1b: Skarmory|Protect|p1b: Skarmory\n|-singleturn|p1b: Skarmory|Protect\n|move|p2b: Venusaur|Sludge Bomb|p1a: Decidueye\n|-supereffective|p1a: Decidueye|1\n|-damage|p1a: Decidueye|23/100\n|-status|p1a: Decidueye|psn\n|move|p2a: Torkoal|Heat Wave|p1b: Skarmory|[spread] p1a\n|-activate|p1b: Skarmory|move: Protect\n|-supereffective|p1a: Decidueye|1\n|-damage|p1a: Decidueye|0 fnt\n|faint|p1a: Decidueye\n|\n|-weather|SunnyDay|[upkeep]\n|upkeep\n|\n|t:|1776520237\n|switch|p1a: Rotom|Rotom-Heat, L50|86/100 slp\n|turn|4\n|\n|t:|1776520263\n|detailschange|p1b: Skarmory|Skarmory-Mega, L50, M\n|-mega|p1b: Skarmory|Skarmory|Skarmorite\n|move|p2b: Venusaur|Sludge Bomb|p1a: Rotom\n|-damage|p1a: Rotom|54/100 slp\n|move|p1b: Skarmory|Dual Wingbeat|p2b: Venusaur\n|-supereffective|p2b: Venusaur|1\n|-damage|p2b: Venusaur|32/100\n|-supereffective|p2b: Venusaur|1\n|-damage|p2b: Venusaur|0 fnt\n|faint|p2b: Venusaur\n|-hitcount|p2: Venusaur|2\n|cant|p1a: Rotom|slp\n|move|p2a: Torkoal|Heat Wave|p1a: Rotom|[spread] p1a,p1b\n|-resisted|p1a: Rotom|1\n|-supereffective|p1b: Skarmory|1\n|-damage|p1a: Rotom|39/100 slp\n|-damage|p1b: Skarmory|0 fnt\n|-enditem|p1a: Rotom|Sitrus Berry|[eat]\n|-heal|p1a: Rotom|64/100 slp|[from] item: Sitrus Berry\n|faint|p1b: Skarmory\n|\n|-weather|SunnyDay|[upkeep]\n|upkeep\n|\n|t:|1776520297\n|switch|p1b: Basculegion|Basculegion, L50, M|71/100\n|switch|p2b: Sneasler|Sneasler, L50, F, shiny|100/100\n|turn|5\n|inactive|Battle timer is ON: inactive players will automatically lose when time's up. (requested by Rainy07)\n|\n|t:|1776520362\n|move|p2b: Sneasler|Dire Claw|p1b: Basculegion\n|-resisted|p1b: Basculegion|1\n|-damage|p1b: Basculegion|47/100\n|-curestatus|p1a: Rotom|slp|[msg]\n|move|p1a: Rotom|Volt Switch|p2b: Sneasler\n|-damage|p2b: Sneasler|64/100\n|move|p1b: Basculegion|Wave Crash|p2a: Torkoal\n|-supereffective|p2a: Torkoal|1\n|-damage|p2a: Torkoal|24/100\n|-damage|p1b: Basculegion|27/100|[from] Recoil\n|move|p2a: Torkoal|Heat Wave|p1a: Rotom|[spread] p1a,p1b\n|-resisted|p1a: Rotom|1\n|-resisted|p1b: Basculegion|1\n|-damage|p1a: Rotom|48/100\n|-damage|p1b: Basculegion|6/100\n|\n|-weather|SunnyDay|[upkeep]\n|upkeep\n|turn|6\n|inactive|Rainy07 has 30 seconds left.\n|inactive|Rainy07 has 20 seconds left.\n|\n|t:|1776520398\n|move|p1b: Basculegion|Aqua Jet|p2a: Torkoal\n|-supereffective|p2a: Torkoal|1\n|-damage|p2a: Torkoal|1/100\n|move|p2b: Sneasler|Dire Claw|p1b: Basculegion\n|-resisted|p1b: Basculegion|1\n|-damage|p1b: Basculegion|0 fnt\n|faint|p1b: Basculegion\n|move|p1a: Rotom|Will-O-Wisp|p2b: Sneasler\n|-status|p2b: Sneasler|brn\n|move|p2a: Torkoal|Heat Wave|p1a: Rotom|[miss]\n|-miss|p2a: Torkoal|p1a: Rotom\n|\n|-weather|none\n|-damage|p2b: Sneasler|58/100 brn|[from] brn\n|upkeep\n|turn|7\n|inactive|Rainy07 has 30 seconds left.\n|\n|t:|1776520431\n|move|p2b: Sneasler|Dire Claw|p1a: Rotom\n|-damage|p1a: Rotom|28/100\n|move|p1a: Rotom|Overheat|p2b: Sneasler\n|-damage|p2b: Sneasler|0 fnt\n|-unboost|p1a: Rotom|spa|2\n|faint|p2b: Sneasler\n|move|p2a: Torkoal|Heat Wave|p1a: Rotom\n|-resisted|p1a: Rotom|1\n|-damage|p1a: Rotom|15/100\n|\n|upkeep\n|turn|8\n|\n|t:|1776520443\n|move|p1a: Rotom|Volt Switch|p2a: Torkoal\n|-damage|p2a: Torkoal|0 fnt\n|faint|p2a: Torkoal\n|\n|win|ribnaturall\n|raw|ribnaturall's rating: 1024 &rarr; <strong>1066</strong><br />(+42 for winning)\n|raw|Rainy07's rating: 1074 &rarr; <strong>1050</strong><br />(-24 for losing)\n|l|\u2606Rainy07\n|player|p2|\n",
  "uploadtime": 1776520460,
  "views": 22,
  "formatid": "gen9championsvgc2026regma",
  "rating": 1050,
  "private": 0,
  "password": null
}