{
  "id": "gen9championsvgc2026regma-2587137730",
  "format": "[Gen 9 Champions] VGC 2026 Reg M-A",
  "players": [
    "54l23",
    "treeckoex"
  ],
  "log": "|j|\u260654l23\n|j|\u2606treeckoex\n|t:|1776498876\n|gametype|doubles\n|player|p1|54l23|veteran|\n|player|p2|treeckoex|1|\n|gen|9\n|tier|[Gen 9 Champions] VGC 2026 Reg M-A\n|rule|Species Clause: Limit one of each Pok\u00e9mon\n|rule|Item Clause: Limit 1 of each item\n|clearpoke\n|poke|p1|Beedrill, L50, F, shiny|\n|poke|p1|Gardevoir, L50, M, shiny|\n|poke|p1|Lopunny, L50, F, shiny|\n|poke|p1|Tsareena, L50, F, shiny|\n|poke|p1|Corviknight, L50, F|\n|poke|p1|Salazzle, L50, F|\n|poke|p2|Charizard, L50, F|\n|poke|p2|Venusaur, L50, F|\n|poke|p2|Luxray, L50, M|\n|poke|p2|Tinkaton, L50, F|\n|poke|p2|Zoroark-Hisui, L50, F|\n|poke|p2|Dragonite, L50, M|\n|teampreview|4\ntreeckoex rejected open team sheets.\n|\n|t:|1776498920\n|teamsize|p1|4\n|teamsize|p2|4\n|start\n|switch|p1a: The Bees|Beedrill, L50, F, shiny|100/100\n|switch|p1b: The Birds|Corviknight, L50, F|100/100\n|switch|p2a: Luxray|Luxray, L50, M|100/100\n|switch|p2b: Tinkaton|Tinkaton, L50, F|100/100\n|-ability|p2b: Tinkaton|Mold Breaker\n|turn|1\n|\n|t:|1776498956\n|move|p2b: Tinkaton|Fake Out|p1a: The Bees\n|-damage|p1a: The Bees|73/100\n|move|p2a: Luxray|Taunt|p1b: The Birds\n|-start|p1b: The Birds|move: Taunt\n|cant|p1a: The Bees|flinch\n|cant|p1b: The Birds|move: Taunt|Tailwind\n|\n|upkeep\n|turn|2\n|\n|t:|1776498986\n|switch|p2b: Luxray|Luxray, L50, M|100/100\n|-ability|p2b: Luxray|Intimidate|boost\n|-unboost|p1a: The Bees|atk|1\n|-ability|p1b: The Birds|Mirror Armor\n|-unboost|p2b: Luxray|atk|1\n|switch|p1b: Lopunny|Lopunny, L50, F, shiny|100/100\n|move|p2a: Luxray|Shadow Ball|p1a: The Bees\n|-damage|p1a: The Bees|14/100\n|move|p1a: The Bees|U-turn|p2a: Luxray\n|-resisted|p2a: Luxray|1\n|-damage|p2a: Luxray|82/100\n|replace|p2a: Zoroark|Zoroark-Hisui, L50, F\n|-end|p2a: Zoroark|Illusion\n|\n|t:|1776499010\n|switch|p1a: Gardevoir|Gardevoir, L50, M, shiny|100/100|[from] U-turn\n|-ability|p1a: Gardevoir|Intimidate|Trace|[from] ability: Trace|[of] p2b: Luxray\n|-ability|p1a: Gardevoir|Intimidate|boost\n|-unboost|p2a: Zoroark|atk|1\n|-unboost|p2b: Luxray|atk|1\n|\n|upkeep\n|turn|3\n|\n|t:|1776499055\n|switch|p1b: The Birds|Corviknight, L50, F|100/100\n|detailschange|p1a: Gardevoir|Gardevoir-Mega, L50, M, shiny\n|-mega|p1a: Gardevoir|Gardevoir|Gardevoirite\n|move|p2a: Zoroark|Protect|p2a: Zoroark\n|-singleturn|p2a: Zoroark|Protect\n|move|p2b: Luxray|Volt Switch|p1b: The Birds\n|-supereffective|p1b: The Birds|1\n|-damage|p1b: The Birds|62/100\n|\n|t:|1776499065\n|switch|p2b: Tinkaton|Tinkaton, L50, F|100/100|[from] Volt Switch\n|-ability|p2b: Tinkaton|Mold Breaker\n|move|p1a: Gardevoir|Hyper Voice|p2b: Tinkaton|[spread] p2b\n|-activate|p2a: Zoroark|move: Protect\n|-resisted|p2b: Tinkaton|1\n|-damage|p2b: Tinkaton|80/100\n|\n|-heal|p1b: The Birds|68/100|[from] item: Leftovers\n|upkeep\n|turn|4\n|\n|t:|1776499104\n|move|p1a: Gardevoir|Protect|p1a: Gardevoir\n|-singleturn|p1a: Gardevoir|Protect\n|move|p2b: Tinkaton|Fake Out|p1b: The Birds\n|-resisted|p1b: The Birds|1\n|-damage|p1b: The Birds|65/100\n|move|p2a: Zoroark|Shadow Ball|p1a: Gardevoir\n|-activate|p1a: Gardevoir|move: Protect\n|cant|p1b: The Birds|flinch\n|\n|-heal|p1b: The Birds|71/100|[from] item: Leftovers\n|upkeep\n|turn|5\n|\n|t:|1776499176\n|move|p2a: Zoroark|Taunt|p1b: The Birds\n|-start|p1b: The Birds|move: Taunt\n|move|p1a: Gardevoir|Calm Mind|p1a: Gardevoir\n|-boost|p1a: Gardevoir|spa|1\n|-boost|p1a: Gardevoir|spd|1\n|move|p2b: Tinkaton|Gigaton Hammer|p1a: Gardevoir\n|-supereffective|p1a: Gardevoir|1\n|-damage|p1a: Gardevoir|0 fnt\n|faint|p1a: Gardevoir\n|cant|p1b: The Birds|move: Taunt|Tailwind\n|\n|-heal|p1b: The Birds|77/100|[from] item: Leftovers\n|upkeep\n|\n|t:|1776499187\n|switch|p1a: Lopunny|Lopunny, L50, F, shiny|100/100\n|turn|6\n|\n|t:|1776499200\n|switch|p2b: Luxray|Luxray, L50, M|100/100\n|-ability|p2b: Luxray|Intimidate|boost\n|-unboost|p1a: Lopunny|atk|1\n|-ability|p1b: The Birds|Mirror Armor\n|-unboost|p2b: Luxray|atk|1\n|switch|p1b: The Bees|Beedrill, L50, F, shiny|14/100\n|move|p1a: Lopunny|Fake Out|p2b: Luxray\n|-damage|p2b: Luxray|89/100\n|move|p2a: Zoroark|Will-O-Wisp|p1a: Lopunny\n|-status|p1a: Lopunny|brn\n|\n|-damage|p1a: Lopunny|95/100 brn|[from] brn\n|upkeep\n|turn|7\n|\n|t:|1776499233\n|switch|p1a: The Birds|Corviknight, L50, F|77/100\n|move|p2b: Luxray|Volt Switch|p1a: The Birds\n|-supereffective|p1a: The Birds|1\n|-damage|p1a: The Birds|33/100\n|\n|t:|1776499240\n|switch|p2b: Tinkaton|Tinkaton, L50, F|80/100|[from] Volt Switch\n|-ability|p2b: Tinkaton|Mold Breaker\n|move|p2a: Zoroark|Shadow Ball|p1b: The Bees\n|-crit|p1b: The Bees\n|-damage|p1b: The Bees|0 fnt\n|faint|p1b: The Bees\n|\n|-heal|p1a: The Birds|39/100|[from] item: Leftovers\n|upkeep\n|\n|t:|1776499249\n|switch|p1b: Lopunny|Lopunny, L50, F, shiny|95/100 brn\n|turn|8\n|\n|t:|1776499276\n|switch|p2a: Luxray|Luxray, L50, M|89/100\n|-ability|p2a: Luxray|Intimidate|boost\n|-ability|p1a: The Birds|Mirror Armor\n|-unboost|p2a: Luxray|atk|1\n|-unboost|p1b: Lopunny|atk|1\n|move|p1b: Lopunny|Fake Out|p2b: Tinkaton\n|-resisted|p2b: Tinkaton|1\n|-damage|p2b: Tinkaton|77/100\n|cant|p2b: Tinkaton|flinch\n|move|p1a: The Birds|Brave Bird|p2a: Luxray\n|-resisted|p2a: Luxray|1\n|-damage|p2a: Luxray|69/100\n|-damage|p1a: The Birds|33/100|[from] Recoil\n|\n|-heal|p1a: The Birds|39/100|[from] item: Leftovers\n|-damage|p1b: Lopunny|89/100 brn|[from] brn\n|upkeep\n|turn|9\n|-activate|p2b: Tinkaton|item: Quick Claw\n|\n|t:|1776499301\n|move|p2b: Tinkaton|Protect|p2b: Tinkaton\n|-singleturn|p2b: Tinkaton|Protect\n|move|p2a: Luxray|Volt Switch|p1a: The Birds\n|-supereffective|p1a: The Birds|1\n|-damage|p1a: The Birds|0 fnt\n|faint|p1a: The Birds\n|-message|54l23 forfeited.\n|\n|win|treeckoex\n|l|\u260654l23\n|player|p1|\n|j|\u260654l23\n|player|p1|54l23|veteran|\n",
  "uploadtime": 1776499335,
  "views": 26,
  "formatid": "gen9championsvgc2026regma",
  "rating": null,
  "private": 0,
  "password": null
}