{
  "id": "gen9championsvgc2026regma-2583044511",
  "format": "[Gen 9 Champions] VGC 2026 Reg M-A",
  "players": [
    "guysguyswhoisjoe",
    "GilaMnStr"
  ],
  "log": "|j|\u2606guysguyswhoisjoe\n|j|\u2606GilaMnStr\n|t:|1776136185\n|gametype|doubles\n|player|p1|guysguyswhoisjoe|265|1089\n|player|p2|GilaMnStr|102|1000\n|gen|9\n|tier|[Gen 9 Champions] VGC 2026 Reg M-A\n|rated|\n|rule|Species Clause: Limit one of each Pok\u00e9mon\n|rule|Item Clause: Limit 1 of each item\n|clearpoke\n|poke|p1|Ampharos, L50, M|\n|poke|p1|Alakazam, L50, F|\n|poke|p1|Torkoal, L50, M|\n|poke|p1|Oranguru, L50, F|\n|poke|p1|Sneasler, L50, M|\n|poke|p1|Crabominable, L50, F|\n|poke|p2|Farigiraf, L50, M|\n|poke|p2|Incineroar, L50, F|\n|poke|p2|Crabominable, L50, F|\n|poke|p2|Araquanid, L50, M|\n|poke|p2|Sinistcha, L50|\n|poke|p2|Kingambit, L50, F|\n|teampreview|4\n|\n|t:|1776136227\n|teamsize|p1|4\n|teamsize|p2|4\n|start\n|switch|p1a: Torkoal|Torkoal, L50, M|100/100\n|switch|p1b: Alakazam|Alakazam, L50, F|100/100\n|switch|p2a: Kingambit|Kingambit, L50, F|100/100\n|switch|p2b: Incineroar|Incineroar, L50, F|100/100\n|-ability|p2b: Incineroar|Intimidate|boost\n|-unboost|p1a: Torkoal|atk|1\n|-fail|p1b: Alakazam|unboost|Attack|[from] ability: Inner Focus|[of] p1b: Alakazam\n|-weather|SunnyDay|[from] ability: Drought|[of] p1a: Torkoal\n|turn|1\n|\n|t:|1776136253\n|move|p1a: Torkoal|Protect|p1a: Torkoal\n|-singleturn|p1a: Torkoal|Protect\n|move|p2b: Incineroar|Fake Out|p1a: Torkoal\n|-activate|p1a: Torkoal|move: Protect\n|move|p1b: Alakazam|Reflect|p1b: Alakazam\n|-sidestart|p1: guysguyswhoisjoe|Reflect\n|move|p2a: Kingambit|Kowtow Cleave|p1b: Alakazam\n|-supereffective|p1b: Alakazam|1\n|-enditem|p1b: Alakazam|Focus Sash\n|-damage|p1b: Alakazam|1/100\n|\n|-weather|SunnyDay|[upkeep]\n|upkeep\n|turn|2\n|\n|t:|1776136286\n|switch|p2a: Farigiraf|Farigiraf, L50, M|100/100\n|move|p1b: Alakazam|Speed Swap|p1a: Torkoal\n|-activate|p1b: Alakazam|move: Speed Swap|[of] p1a: Torkoal\n|move|p1a: Torkoal|Eruption|p2b: Incineroar|[spread] p2a,p2b\n|-resisted|p2b: Incineroar|1\n|-damage|p2a: Farigiraf|23/100\n|-damage|p2b: Incineroar|63/100\n|move|p2b: Incineroar|Darkest Lariat|p1a: Torkoal\n|-damage|p1a: Torkoal|82/100\n|\n|-weather|SunnyDay|[upkeep]\n|upkeep\n|turn|3\n|\n|t:|1776136321\n|switch|p1b: Oranguru|Oranguru, L50, F|100/100\n|move|p1a: Torkoal|Protect|p1a: Torkoal\n|-singleturn|p1a: Torkoal|Protect\n|move|p2b: Incineroar|Darkest Lariat|p1b: Oranguru\n|-supereffective|p1b: Oranguru|1\n|-damage|p1b: Oranguru|59/100\n|move|p2a: Farigiraf|Trick Room|p2a: Farigiraf\n|-fieldstart|move: Trick Room|[of] p2a: Farigiraf\n|\n|-weather|SunnyDay|[upkeep]\n|upkeep\n|turn|4\n|\n|t:|1776136352\n|move|p2a: Farigiraf|Hyper Voice|p1a: Torkoal|[spread] p1a,p1b\n|-damage|p1a: Torkoal|44/100\n|-damage|p1b: Oranguru|33/100\n|move|p2b: Incineroar|Parting Shot|p1a: Torkoal\n|-unboost|p1a: Torkoal|atk|1\n|-unboost|p1a: Torkoal|spa|1\n|\n|t:|1776136362\n|switch|p2b: Crabominable|Crabominable, L50, F|100/100|[from] Parting Shot\n|move|p1a: Torkoal|Eruption|p2b: Crabominable|[spread] p2a,p2b\n|-supereffective|p2b: Crabominable|1\n|-damage|p2a: Farigiraf|0 fnt\n|-damage|p2b: Crabominable|42/100\n|faint|p2a: Farigiraf\n|move|p1b: Oranguru|Trick Room|p1b: Oranguru\n|-fieldend|move: Trick Room\n|\n|-weather|SunnyDay|[upkeep]\n|upkeep\n|\n|t:|1776136377\n|switch|p2a: Incineroar|Incineroar, L50, F|63/100\n|-ability|p2a: Incineroar|Intimidate|boost\n|-unboost|p1a: Torkoal|atk|1\n|-unboost|p1b: Oranguru|atk|1\n|turn|5\n|\n|t:|1776136398\n|detailschange|p2b: Crabominable|Crabominable-Mega, L50, F\n|-mega|p2b: Crabominable|Crabominable|Crabominite\n|move|p1a: Torkoal|Protect|p1a: Torkoal\n|-singleturn|p1a: Torkoal|Protect\n|move|p1b: Oranguru|Protect|p1b: Oranguru\n|-singleturn|p1b: Oranguru|Protect\n|move|p2a: Incineroar|Fake Out|p1a: Torkoal\n|-activate|p1a: Torkoal|move: Protect\n|move|p2b: Crabominable|Ice Hammer|p1a: Torkoal\n|-activate|p1a: Torkoal|move: Protect\n|\n|-weather|none\n|-sideend|p1: guysguyswhoisjoe|Reflect\n|upkeep\n|turn|6\n|\n|t:|1776136430\n|switch|p2b: Kingambit|Kingambit, L50, F|100/100\n|move|p1a: Torkoal|Heat Wave|p2b: Kingambit|[spread] p2a,p2b\n|-resisted|p2a: Incineroar|1\n|-supereffective|p2b: Kingambit|1\n|-damage|p2a: Incineroar|53/100\n|-damage|p2b: Kingambit|64/100\n|-status|p2b: Kingambit|brn\n|move|p1b: Oranguru|Instruct|p1a: Torkoal\n|-singleturn|p1a: Torkoal|move: Instruct|[of] p1b: Oranguru\n|move|p1a: Torkoal|Heat Wave|p2a: Incineroar|[spread] p2b\n|-miss|p1a: Torkoal|p2a: Incineroar\n|-supereffective|p2b: Kingambit|1\n|-damage|p2b: Kingambit|25/100 brn\n|move|p2a: Incineroar|Parting Shot|p1a: Torkoal\n|-unboost|p1a: Torkoal|atk|1\n|-unboost|p1a: Torkoal|spa|1\n|\n|t:|1776136453\n|switch|p2a: Crabominable|Crabominable-Mega, L50, F|42/100|[from] Parting Shot\n|\n|-damage|p2b: Kingambit|19/100 brn|[from] brn\n|upkeep\n|turn|7\n|\n|t:|1776136474\n|move|p2b: Kingambit|Sucker Punch|p1a: Torkoal\n|-damage|p1a: Torkoal|29/100\n|move|p1a: Torkoal|Heat Wave|p2b: Kingambit|[spread] p2a,p2b\n|-supereffective|p2a: Crabominable|1\n|-supereffective|p2b: Kingambit|1\n|-damage|p2a: Crabominable|14/100\n|-damage|p2b: Kingambit|0 fnt\n|faint|p2b: Kingambit\n|move|p1b: Oranguru|Instruct|p1a: Torkoal\n|-singleturn|p1a: Torkoal|move: Instruct|[of] p1b: Oranguru\n|move|p1a: Torkoal|Heat Wave|p2a: Crabominable\n|-supereffective|p2a: Crabominable|1\n|-damage|p2a: Crabominable|0 fnt\n|faint|p2a: Crabominable\n|\n|upkeep\n|\n|t:|1776136506\n|switch|p2b: Incineroar|Incineroar, L50, F|53/100\n|-ability|p2b: Incineroar|Intimidate|boost\n|-unboost|p1a: Torkoal|atk|1\n|-unboost|p1b: Oranguru|atk|1\n|turn|8\n|-message|GilaMnStr forfeited.\n|\n|win|guysguyswhoisjoe\n|raw|guysguyswhoisjoe's rating: 1089 &rarr; <strong>1109</strong><br />(+20 for winning)\n|raw|GilaMnStr's rating: 1000 &rarr; <strong>1000</strong><br />(+0 for losing)\n|l|\u2606GilaMnStr\n|player|p2|\n",
  "uploadtime": 1776136528,
  "views": 43,
  "formatid": "gen9championsvgc2026regma",
  "rating": 1000,
  "private": 0,
  "password": null
}