{
  "id": "gen9championsvgc2026regma-2581456376",
  "format": "[Gen 9 Champions] VGC 2026 Reg M-A",
  "players": [
    "Hehimhimhe",
    "carlyraejespeon"
  ],
  "log": "|j|\u2606Hehimhimhe\n|j|\u2606carlyraejespeon\n|t:|1776002195\n|gametype|doubles\n|player|p1|Hehimhimhe|101|1071\n|player|p2|carlyraejespeon|elesa|1045\n|gen|9\n|tier|[Gen 9 Champions] VGC 2026 Reg M-A\n|rated|\n|rule|Species Clause: Limit one of each Pok\u00e9mon\n|rule|Item Clause: Limit 1 of each item\n|clearpoke\n|poke|p1|Slowbro, L50, F|\n|poke|p1|Incineroar, L50, M|\n|poke|p1|Hatterene, L50, F|\n|poke|p1|Torkoal, L50, M|\n|poke|p1|Sinistcha, L50|\n|poke|p1|Typhlosion-Hisui, L50, F|\n|poke|p2|Skarmory, L50, M|\n|poke|p2|Glimmora, L50, M|\n|poke|p2|Mamoswine, L50, M|\n|poke|p2|Milotic, L50, F|\n|poke|p2|Incineroar, L50, M|\n|poke|p2|Kommo-o, L50, M|\n|teampreview|4\n|inactive|Battle timer is ON: inactive players will automatically lose when time's up. (requested by carlyraejespeon)\n|inactive|Hehimhimhe has 60 seconds left.\n|inactive|carlyraejespeon has 60 seconds left.\n|\n|t:|1776002249\n|teamsize|p1|4\n|teamsize|p2|4\n|start\n|switch|p1a: Incineroar|Incineroar, L50, M|100/100\n|switch|p1b: Hatterene|Hatterene, L50, F|100/100\n|switch|p2a: Milotic|Milotic, L50, F|100/100\n|switch|p2b: Glimmora|Glimmora, L50, M|100/100\n|-ability|p1a: Incineroar|Intimidate|boost\n|-unboost|p2a: Milotic|atk|1\n|-ability|p2a: Milotic|Competitive|boost\n|-boost|p2a: Milotic|spa|2\n|-unboost|p2b: Glimmora|atk|1\n|turn|1\n|inactive|carlyraejespeon has 30 seconds left.\n|\n|t:|1776002275\n|move|p2b: Glimmora|Spiky Shield|p2b: Glimmora\n|-singleturn|p2b: Glimmora|move: Protect\n|move|p1a: Incineroar|Fake Out|p2a: Milotic\n|-damage|p2a: Milotic|90/100\n|cant|p2a: Milotic|flinch\n|move|p1b: Hatterene|Trick Room|p1b: Hatterene\n|-fieldstart|move: Trick Room|[of] p1b: Hatterene\n|\n|-heal|p2a: Milotic|96/100|[from] item: Leftovers\n|upkeep\n|turn|2\n|\n|t:|1776002293\n|switch|p1a: Slowbro|Slowbro, L50, F|100/100\n|switch|p2b: Skarmory|Skarmory, L50, M|100/100\n|move|p1b: Hatterene|Psychic|p2b: Skarmory\n|-resisted|p2b: Skarmory|1\n|-damage|p2b: Skarmory|56/100\n|move|p2a: Milotic|Scald|p1a: Slowbro\n|-resisted|p1a: Slowbro|1\n|-damage|p1a: Slowbro|71/100\n|\n|-heal|p2a: Milotic|100/100|[from] item: Leftovers\n|upkeep\n|turn|3\n|\n|t:|1776002311\n|move|p2b: Skarmory|Protect|p2b: Skarmory\n|-singleturn|p2b: Skarmory|Protect\n|move|p1b: Hatterene|Mystical Fire|p2b: Skarmory\n|-activate|p2b: Skarmory|move: Protect\n|move|p1a: Slowbro|Amnesia|p1a: Slowbro\n|-boost|p1a: Slowbro|spd|2\n|move|p2a: Milotic|Scald|p1b: Hatterene\n|-damage|p1b: Hatterene|17/100\n|\n|upkeep\n|turn|4\n|\n|t:|1776002330\n|switch|p2b: Glimmora|Glimmora, L50, M|100/100\n|move|p1b: Hatterene|Psychic|p2a: Milotic\n|-damage|p2a: Milotic|63/100\n|move|p1a: Slowbro|Amnesia|p1a: Slowbro\n|-boost|p1a: Slowbro|spd|2\n|move|p2a: Milotic|Ice Beam|p1b: Hatterene\n|-damage|p1b: Hatterene|0 fnt\n|faint|p1b: Hatterene\n|\n|-heal|p2a: Milotic|69/100|[from] item: Leftovers\n|upkeep\n|inactive|Hehimhimhe has 30 seconds left.\n|inactive|Hehimhimhe has 20 seconds left.\n|inactive|Hehimhimhe has 15 seconds left.\n|inactive|Hehimhimhe has 10 seconds left.\n|inactive|Hehimhimhe has 5 seconds left.\n|\n|t:|1776002385\n|switch|p1b: Torkoal|Torkoal, L50, M|100/100\n|-weather|SunnyDay|[from] ability: Drought|[of] p1b: Torkoal\n|turn|5\n|\n|t:|1776002406\n|detailschange|p1a: Slowbro|Slowbro-Mega, L50, F\n|-mega|p1a: Slowbro|Slowbro|Slowbronite\n|move|p2a: Milotic|Protect|p2a: Milotic\n|-singleturn|p2a: Milotic|Protect\n|move|p2b: Glimmora|Spiky Shield|p2b: Glimmora\n|-singleturn|p2b: Glimmora|move: Protect\n|move|p1b: Torkoal|Solar Beam||[still]\n|-prepare|p1b: Torkoal|Solar Beam\n|-anim|p1b: Torkoal|Solar Beam|p2a: Milotic\n|-activate|p2a: Milotic|move: Protect\n|move|p1a: Slowbro|Iron Defense|p1a: Slowbro\n|-boost|p1a: Slowbro|def|2\n|\n|-weather|SunnyDay|[upkeep]\n|-heal|p2a: Milotic|75/100|[from] item: Leftovers\n|-fieldend|move: Trick Room\n|upkeep\n|turn|6\n|inactive|carlyraejespeon has 30 seconds left.\n|inactive|carlyraejespeon has 20 seconds left.\n|\n|t:|1776002442\n|detailschange|p2b: Glimmora|Glimmora-Mega, L50, M\n|-mega|p2b: Glimmora|Glimmora|Glimmoranite\n|move|p2b: Glimmora|Power Gem|p1b: Torkoal\n|-supereffective|p1b: Torkoal|1\n|-damage|p1b: Torkoal|0 fnt\n|faint|p1b: Torkoal\n|move|p2a: Milotic|Scald|p1a: Slowbro\n|-resisted|p1a: Slowbro|1\n|-damage|p1a: Slowbro|66/100\n|-status|p1a: Slowbro|brn\n|move|p1a: Slowbro|Body Press|p2b: Glimmora\n|-damage|p2b: Glimmora|65/100\n|\n|-weather|SunnyDay|[upkeep]\n|-heal|p2a: Milotic|81/100|[from] item: Leftovers\n|-damage|p1a: Slowbro|60/100 brn|[from] brn\n|upkeep\n|\n|t:|1776002452\n|switch|p1b: Incineroar|Incineroar, L50, M|100/100\n|-ability|p1b: Incineroar|Intimidate|boost\n|-unboost|p2a: Milotic|atk|1\n|-ability|p2a: Milotic|Competitive|boost\n|-boost|p2a: Milotic|spa|2\n|-unboost|p2b: Glimmora|atk|1\n|turn|7\n|\n|t:|1776002461\n|move|p2b: Glimmora|Spiky Shield|p2b: Glimmora\n|-singleturn|p2b: Glimmora|move: Protect\n|move|p1b: Incineroar|Fake Out|p2a: Milotic\n|-damage|p2a: Milotic|70/100\n|cant|p2a: Milotic|flinch\n|move|p1a: Slowbro|Iron Defense|p1a: Slowbro\n|-boost|p1a: Slowbro|def|2\n|\n|-weather|SunnyDay|[upkeep]\n|-heal|p2a: Milotic|76/100|[from] item: Leftovers\n|-damage|p1a: Slowbro|55/100 brn|[from] brn\n|upkeep\n|turn|8\n|\n|t:|1776002479\n|move|p2b: Glimmora|Sludge Bomb|p1a: Slowbro\n|-damage|p1a: Slowbro|30/100 brn\n|move|p2a: Milotic|Ice Beam|p1a: Slowbro\n|-resisted|p1a: Slowbro|1\n|-damage|p1a: Slowbro|19/100 brn\n|move|p1b: Incineroar|Flare Blitz|p2b: Glimmora\n|-resisted|p2b: Glimmora|1\n|-damage|p2b: Glimmora|32/100\n|-damage|p1b: Incineroar|92/100|[from] Recoil\n|move|p1a: Slowbro|Body Press|p2a: Milotic\n|-damage|p2a: Milotic|19/100\n|\n|-weather|SunnyDay|[upkeep]\n|-heal|p2a: Milotic|25/100|[from] item: Leftovers\n|-damage|p1a: Slowbro|13/100 brn|[from] brn\n|upkeep\n|turn|9\n|-message|Hehimhimhe forfeited.\n|\n|win|carlyraejespeon\n|raw|Hehimhimhe's rating: 1071 &rarr; <strong>1049</strong><br />(-22 for losing)\n|raw|carlyraejespeon's rating: 1045 &rarr; <strong>1081</strong><br />(+36 for winning)\n",
  "uploadtime": 1776002490,
  "views": 17,
  "formatid": "gen9championsvgc2026regma",
  "rating": 1049,
  "private": 0,
  "password": null
}