{
  "id": "gen9championsvgc2026regma-2588219768",
  "format": "[Gen 9 Champions] VGC 2026 Reg M-A",
  "players": [
    "Grurilla",
    "SDLT 2KRL March"
  ],
  "log": "|raw|<div class=\"broadcast-blue\"><strong>This battle is required to be public due to a player having a name starting with 'sdlt'.</div>\n|j|\u2606Grurilla\n|j|\u2606SDLT 2KRL March\n|t:|1776615502\n|gametype|doubles\n|player|p1|Grurilla|1|1210\n|player|p2|SDLT 2KRL March|valerie|1138\n|gen|9\n|tier|[Gen 9 Champions] VGC 2026 Reg M-A\n|rated|\n|rule|Species Clause: Limit one of each Pok\u00e9mon\n|rule|Item Clause: Limit 1 of each item\n|clearpoke\n|poke|p1|Kingambit, L50, F|\n|poke|p1|Whimsicott, L50, F|\n|poke|p1|Sneasler, L50, F|\n|poke|p1|Garchomp, L50, M|\n|poke|p1|Primarina, L50, M|\n|poke|p1|Sinistcha, L50|\n|poke|p2|Kangaskhan, L50, F, shiny|\n|poke|p2|Farigiraf, L50, F, shiny|\n|poke|p2|Talonflame, L50, F, shiny|\n|poke|p2|Floette-Eternal, L50, F|\n|poke|p2|Sneasler, L50, M, shiny|\n|poke|p2|Basculegion, L50, M|\n|teampreview|4\n|inactive|Battle timer is ON: inactive players will automatically lose when time's up. (requested by SDLT 2KRL March)\n|inactive|Grurilla has 60 seconds left.\n|\n|t:|1776615537\n|teamsize|p1|4\n|teamsize|p2|4\n|start\n|switch|p1a: Whimsicott|Whimsicott, L50, F|100/100\n|switch|p1b: Garchomp|Garchomp, L50, M|100/100\n|switch|p2a: Ryoiki Tenkai|Farigiraf, L50, F, shiny|100/100\n|switch|p2b: Kangaskhan|Kangaskhan, L50, F, shiny|100/100\n|turn|1\n|\n|t:|1776615557\n|move|p2b: Kangaskhan|Fake Out|p1b: Garchomp\n|-damage|p1b: Garchomp|79/100\n|-damage|p2b: Kangaskhan|88/100|[from] ability: Rough Skin|[of] p1b: Garchomp\n|move|p1a: Whimsicott|Moonblast|p2a: Ryoiki Tenkai\n|-damage|p2a: Ryoiki Tenkai|73/100\n|cant|p1b: Garchomp|flinch\n|move|p2a: Ryoiki Tenkai|Trick Room|p2a: Ryoiki Tenkai\n|-fieldstart|move: Trick Room|[of] p2a: Ryoiki Tenkai\n|\n|upkeep\n|turn|2\n|\n|t:|1776615574\n|detailschange|p2b: Kangaskhan|Kangaskhan-Mega, L50, F, shiny\n|-mega|p2b: Kangaskhan|Kangaskhan|Kangaskhanite\n|move|p1b: Garchomp|Protect|p1b: Garchomp\n|-singleturn|p1b: Garchomp|Protect\n|move|p1a: Whimsicott|Encore||[still]\n|cant|p2a: Ryoiki Tenkai|ability: Armor Tail|Encore|[of] p1a: Whimsicott\n|move|p2a: Ryoiki Tenkai|Hyper Voice|p1b: Garchomp|[spread] p1a\n|-activate|p1b: Garchomp|move: Protect\n|-damage|p1a: Whimsicott|51/100\n|move|p2b: Kangaskhan|Hammer Arm|p1b: Garchomp\n|-activate|p1b: Garchomp|move: Protect\n|\n|upkeep\n|turn|3\n|inactive|Grurilla has 30 seconds left.\n|\n|t:|1776615608\n|switch|p1b: Sneasler|Sneasler, L50, F|100/100\n|move|p1a: Whimsicott|Protect|p1a: Whimsicott\n|-singleturn|p1a: Whimsicott|Protect\n|move|p2a: Ryoiki Tenkai|Hyper Voice|p1b: Sneasler|[spread] p1b\n|-activate|p1a: Whimsicott|move: Protect\n|-damage|p1b: Sneasler|52/100\n|move|p2b: Kangaskhan|Crunch|p1b: Sneasler\n|-resisted|p1b: Sneasler|1\n|-damage|p1b: Sneasler|25/100\n|-resisted|p1b: Sneasler|1\n|-damage|p1b: Sneasler|19/100\n|-hitcount|p1b: Sneasler|2\n|\n|upkeep\n|turn|4\n|\n|t:|1776615633\n|switch|p1a: Kingambit|Kingambit, L50, F|100/100\n|move|p1b: Sneasler|Protect|p1b: Sneasler\n|-singleturn|p1b: Sneasler|Protect\n|move|p2a: Ryoiki Tenkai|Hyper Voice|p1b: Sneasler|[spread] p1a\n|-activate|p1b: Sneasler|move: Protect\n|-resisted|p1a: Kingambit|1\n|-damage|p1a: Kingambit|84/100\n|move|p2b: Kangaskhan|Crunch|p1a: Kingambit\n|-resisted|p1a: Kingambit|1\n|-damage|p1a: Kingambit|72/100\n|-unboost|p1a: Kingambit|def|1\n|-ability|p1a: Kingambit|Defiant|boost\n|-boost|p1a: Kingambit|atk|2\n|-resisted|p1a: Kingambit|1\n|-damage|p1a: Kingambit|69/100\n|-hitcount|p1a: Kingambit|2\n|\n|upkeep\n|turn|5\n|inactive|Grurilla has 30 seconds left.\n|\n|t:|1776615660\n|move|p1a: Kingambit|Kowtow Cleave|p2a: Ryoiki Tenkai\n|-supereffective|p2a: Ryoiki Tenkai|1\n|-enditem|p2a: Ryoiki Tenkai|Colbur Berry|[eat]\n|-enditem|p2a: Ryoiki Tenkai|Colbur Berry|[weaken]\n|-damage|p2a: Ryoiki Tenkai|0 fnt\n|faint|p2a: Ryoiki Tenkai\n|move|p2b: Kangaskhan|Hammer Arm|p1a: Kingambit\n|-supereffective|p1a: Kingambit|2\n|-damage|p1a: Kingambit|0 fnt\n|-unboost|p2b: Kangaskhan|spe|1\n|faint|p1a: Kingambit\n|-hitcount|p1: Kingambit|1\n|move|p1b: Sneasler|Close Combat|p2b: Kangaskhan\n|-supereffective|p2b: Kangaskhan|1\n|-damage|p2b: Kangaskhan|0 fnt\n|-unboost|p1b: Sneasler|def|1\n|-unboost|p1b: Sneasler|spd|1\n|faint|p2b: Kangaskhan\n|-enditem|p1b: Sneasler|White Herb\n|-clearnegativeboost|p1b: Sneasler|[silent]\n|\n|-fieldend|move: Trick Room\n|upkeep\n|\n|t:|1776615683\n|switch|p2b: Athena|Talonflame, L50, F, shiny|100/100\n|switch|p2a: Basculegion|Basculegion, L50, M|100/100\n|switch|p1a: Whimsicott|Whimsicott, L50, F|51/100\n|turn|6\n|inactive|Grurilla has 30 seconds left.\n|\n|t:|1776615717\n|move|p1b: Sneasler|Protect|p1b: Sneasler\n|-singleturn|p1b: Sneasler|Protect\n|move|p2b: Athena|Brave Bird|p1a: Whimsicott\n|-supereffective|p1a: Whimsicott|1\n|-damage|p1a: Whimsicott|0 fnt\n|faint|p1a: Whimsicott\n|-damage|p2b: Athena|82/100|[from] Recoil\n|move|p2a: Basculegion|Aqua Jet|p1b: Sneasler\n|-activate|p1b: Sneasler|move: Protect\n|\n|upkeep\n|\n|t:|1776615729\n|switch|p1a: Garchomp|Garchomp, L50, M|79/100\n|turn|7\n|\n|t:|1776615738\n|move|p2a: Basculegion|Aqua Jet|p1b: Sneasler\n|-crit|p1b: Sneasler\n|-damage|p1b: Sneasler|0 fnt\n|faint|p1b: Sneasler\n|move|p2b: Athena|Brave Bird|p1a: Garchomp\n|-damage|p1a: Garchomp|29/100\n|-damage|p2b: Athena|70/100|[from] ability: Rough Skin|[of] p1a: Garchomp\n|-damage|p2b: Athena|50/100|[from] Recoil\n|move|p1a: Garchomp|Rock Slide|p2b: Athena|[spread] p2a,p2b\n|-supereffective|p2b: Athena|2\n|-damage|p2a: Basculegion|82/100\n|-damage|p2b: Athena|0 fnt\n|faint|p2b: Athena\n|\n|upkeep\n|turn|8\n|\n|t:|1776615755\n|move|p2a: Basculegion|Aqua Jet|p1a: Garchomp\n|-damage|p1a: Garchomp|0 fnt\n|-damage|p2a: Basculegion|69/100|[from] ability: Rough Skin|[of] p1a: Garchomp\n|faint|p1a: Garchomp\n|\n|win|SDLT 2KRL March\n|raw|Grurilla's rating: 1210 &rarr; <strong>1181</strong><br />(-29 for losing)\n|raw|SDLT 2KRL March's rating: 1161 &rarr; <strong>1190</strong><br />(+29 for winning)\n",
  "uploadtime": 1776615755,
  "views": 8,
  "formatid": "gen9championsvgc2026regma",
  "rating": 1181,
  "private": 0,
  "password": null
}