{
  "id": "gen9championsvgc2026regma-2583137756",
  "format": "[Gen 9 Champions] VGC 2026 Reg M-A",
  "players": [
    "Niko highway",
    "Froth OClock"
  ],
  "log": "|j|\u2606Niko highway\n|j|\u2606Froth OClock\n|t:|1776146585\n|gametype|doubles\n|player|p1|Niko highway|169|1408\n|player|p2|Froth OClock|crasherwake|1507\n|gen|9\n|tier|[Gen 9 Champions] VGC 2026 Reg M-A\n|rated|\n|rule|Species Clause: Limit one of each Pok\u00e9mon\n|rule|Item Clause: Limit 1 of each item\n|clearpoke\n|poke|p1|Incineroar, L50, M|\n|poke|p1|Conkeldurr, L50, F|\n|poke|p1|Sinistcha, L50|\n|poke|p1|Cofagrigus, L50, F|\n|poke|p1|Drampa, L50, M|\n|poke|p1|Aegislash, L50, F|\n|poke|p2|Delphox, L50, M|\n|poke|p2|Garchomp, L50, F|\n|poke|p2|Primarina, L50, F|\n|poke|p2|Sneasler, L50, F|\n|poke|p2|Ninetales-Alola, L50, M|\n|poke|p2|Dragonite, L50, M|\n|teampreview|4\n|j| gamalvgc?\n|inactive|Battle timer is ON: inactive players will automatically lose when time's up. (requested by Niko highway)\n|\n|t:|1776146614\n|teamsize|p1|4\n|teamsize|p2|4\n|start\n|switch|p1a: Incineroar|Incineroar, L50, M|100/100\n|switch|p1b: Cofagrigus|Cofagrigus, L50, F|100/100\n|switch|p2a: The Phox|Delphox, L50, M|100/100\n|switch|p2b: The Sneas|Sneasler, L50, F|100/100\n|-ability|p1a: Incineroar|Intimidate|boost\n|-unboost|p2a: The Phox|atk|1\n|-unboost|p2b: The Sneas|atk|1\n|-enditem|p2b: The Sneas|White Herb\n|-clearnegativeboost|p2b: The Sneas|[silent]\n|turn|1\n|inactive|Niko highway has 30 seconds left.\n|inactive|Froth OClock has 30 seconds left.\n|\n|t:|1776146646\n|switch|p2b: The Prim|Primarina, L50, F|100/100\n|switch|p1a: Aegislash|Aegislash, L50, F|100/100\n|detailschange|p2a: The Phox|Delphox-Mega, L50, M\n|-mega|p2a: The Phox|Delphox|Delphoxite\n|move|p2a: The Phox|Heat Wave|p1b: Cofagrigus|[spread] p1a,p1b\n|-supereffective|p1a: Aegislash|1\n|-enditem|p1a: Aegislash|Occa Berry|[eat]\n|-enditem|p1a: Aegislash|Occa Berry|[weaken]\n|-damage|p1a: Aegislash|68/100\n|-damage|p1b: Cofagrigus|61/100\n|move|p1b: Cofagrigus|Trick Room|p1b: Cofagrigus\n|-fieldstart|move: Trick Room|[of] p1b: Cofagrigus\n|\n|-heal|p1b: Cofagrigus|67/100|[from] item: Leftovers\n|upkeep\n|turn|2\n|\n|t:|1776146666\n|move|p2a: The Phox|Protect|p2a: The Phox\n|-singleturn|p2a: The Phox|Protect\n|move|p1b: Cofagrigus|Shadow Ball|p2a: The Phox\n|-activate|p2a: The Phox|move: Protect\n|-formechange|p1a: Aegislash|Aegislash-Blade|\n|move|p1a: Aegislash|Poltergeist|p2b: The Prim\n|-activate|p2b: The Prim|move: Poltergeist|Leftovers\n|-damage|p2b: The Prim|40/100\n|move|p2b: The Prim|Hyper Voice|p1a: Aegislash|[spread] p1a,p1b\n|-damage|p1a: Aegislash|12/100\n|-damage|p1b: Cofagrigus|37/100\n|\n|-heal|p1b: Cofagrigus|43/100|[from] item: Leftovers\n|-heal|p2b: The Prim|45/100|[from] item: Leftovers\n|upkeep\n|turn|3\n|inactive|Niko highway has 30 seconds left.\n|\n|t:|1776146700\n|switch|p1b: Drampa|Drampa, L50, M|100/100\n|-ability|p1b: Drampa|Cloud Nine\n|switch|p2a: The Tails|Ninetales-Alola, L50, M|100/100\n|-weather|Snowscape|[from] ability: Snow Warning|[of] p2a: The Tails\n|move|p2b: The Prim|Protect|p2b: The Prim\n|-singleturn|p2b: The Prim|Protect\n|move|p1a: Aegislash|Poltergeist|p2a: The Tails\n|-activate|p2a: The Tails|move: Poltergeist|Babiri Berry\n|-damage|p2a: The Tails|14/100\n|\n|-weather|Snowscape|[upkeep]\n|-heal|p2b: The Prim|51/100|[from] item: Leftovers\n|upkeep\n|turn|4\n|inactive|Froth OClock has 30 seconds left.\n|\n|t:|1776146728\n|move|p2a: The Tails|Protect|p2a: The Tails\n|-singleturn|p2a: The Tails|Protect\n|move|p1b: Drampa|Hyper Voice|p2a: The Tails|[spread] p2b\n|-activate|p2a: The Tails|move: Protect\n|-damage|p2b: The Prim|13/100\n|move|p1a: Aegislash|Poltergeist|p2b: The Prim\n|-activate|p2b: The Prim|move: Poltergeist|Leftovers\n|-damage|p2b: The Prim|0 fnt\n|faint|p2b: The Prim\n|\n|-weather|Snowscape|[upkeep]\n|upkeep\n|\n|t:|1776146747\n|switch|p2b: The Sneas|Sneasler, L50, F|100/100\n|turn|5\n|\n|t:|1776146772\n|switch|p1b: Incineroar|Incineroar, L50, M|100/100\n|-ability|p1b: Incineroar|Intimidate|boost\n|-unboost|p2a: The Tails|atk|1\n|-unboost|p2b: The Sneas|atk|1\n|move|p1a: Aegislash|Shadow Sneak|p2a: The Tails\n|-damage|p2a: The Tails|0 fnt\n|faint|p2a: The Tails\n|move|p2b: The Sneas|Dire Claw|p1b: Incineroar\n|-damage|p1b: Incineroar|72/100\n|\n|-weather|Snowscape|[upkeep]\n|-fieldend|move: Trick Room\n|upkeep\n|\n|t:|1776146784\n|switch|p2a: The Phox|Delphox-Mega, L50, M|100/100\n|turn|6\n|inactive|Niko highway has 30 seconds left.\n|\n|t:|1776146811\n|move|p2a: The Phox|Protect|p2a: The Phox\n|-singleturn|p2a: The Phox|Protect\n|move|p2b: The Sneas|Protect|p2b: The Sneas\n|-singleturn|p2b: The Sneas|Protect\n|move|p1b: Incineroar|Fake Out|p2b: The Sneas\n|-activate|p2b: The Sneas|move: Protect\n|move|p1a: Aegislash|Shadow Sneak|p2a: The Phox\n|-activate|p2a: The Phox|move: Protect\n|\n|-weather|Snowscape|[upkeep]\n|upkeep\n|turn|7\n|inactive|Niko highway has 30 seconds left.\n|inactive|Froth OClock has 30 seconds left.\n|\n|t:|1776146838\n|move|p1a: Aegislash|Shadow Sneak|p2a: The Phox\n|-supereffective|p2a: The Phox|1\n|-damage|p2a: The Phox|29/100\n|move|p2a: The Phox|Heat Wave|p1b: Incineroar|[spread] p1a,p1b\n|-supereffective|p1a: Aegislash|1\n|-resisted|p1b: Incineroar|1\n|-damage|p1a: Aegislash|0 fnt\n|-damage|p1b: Incineroar|53/100\n|faint|p1a: Aegislash\n|move|p2b: The Sneas|Close Combat|p1b: Incineroar\n|-supereffective|p1b: Incineroar|1\n|-damage|p1b: Incineroar|0 fnt\n|-unboost|p2b: The Sneas|def|1\n|-unboost|p2b: The Sneas|spd|1\n|faint|p1b: Incineroar\n|\n|-weather|none\n|upkeep\n|\n|t:|1776146843\n|switch|p1a: Cofagrigus|Cofagrigus, L50, F|43/100\n|switch|p1b: Drampa|Drampa, L50, M|100/100\n|-ability|p1b: Drampa|Cloud Nine\n|turn|8\n|j| RottenPond\n|\n|t:|1776146865\n|move|p2a: The Phox|Heat Wave|p1b: Drampa|[spread] p1a,p1b\n|-resisted|p1b: Drampa|1\n|-damage|p1a: Cofagrigus|2/100\n|-damage|p1b: Drampa|77/100\n|move|p2b: The Sneas|Dire Claw|p1a: Cofagrigus\n|-resisted|p1a: Cofagrigus|1\n|-damage|p1a: Cofagrigus|0 fnt\n|-activate|p1a: Cofagrigus|ability: Mummy|p2b: The Sneas|[ability] Unburden\n|faint|p1a: Cofagrigus\n|move|p1b: Drampa|Hyper Voice|p2b: The Sneas|[spread] p2a,p2b\n|-damage|p2a: The Phox|0 fnt\n|-damage|p2b: The Sneas|1/100\n|faint|p2a: The Phox\n|\n|upkeep\n|turn|9\n|\n|t:|1776146881\n|move|p1b: Drampa|Protect|p1b: Drampa\n|-singleturn|p1b: Drampa|Protect\n|move|p2b: The Sneas|Close Combat|p1b: Drampa\n|-activate|p1b: Drampa|move: Protect\n|\n|upkeep\n|turn|10\n|c|\u2606Niko highway|I think\n|c|\u2606Niko highway|you win\n|\n|t:|1776146892\n|move|p2b: The Sneas|Close Combat|p1b: Drampa\n|-supereffective|p1b: Drampa|1\n|-damage|p1b: Drampa|0 fnt\n|-unboost|p2b: The Sneas|def|1\n|-unboost|p2b: The Sneas|spd|1\n|faint|p1b: Drampa\n|\n|win|Froth OClock\n|raw|Niko highway's rating: 1408 &rarr; <strong>1394</strong><br />(-14 for losing)\n|raw|Froth OClock's rating: 1507 &rarr; <strong>1521</strong><br />(+14 for winning)\n|l|\u2606Niko highway\n|player|p1|\n|c|\u2606Froth OClock|Gg\n|l| RottenPond\n",
  "uploadtime": 1776146902,
  "views": 50,
  "formatid": "gen9championsvgc2026regma",
  "rating": 1394,
  "private": 0,
  "password": null
}