{
  "id": "gen9championsvgc2026regma-2581212755",
  "format": "[Gen 9 Champions] VGC 2026 Reg M-A",
  "players": [
    "PharrowXL",
    "2sweep4u"
  ],
  "log": "|j|\u2606PharrowXL\n|j|\u26062sweep4u\n|t:|1775971476\n|gametype|doubles\n|player|p1|PharrowXL|linebacker|1000\n|player|p2|2sweep4u|unknownf|1000\n|gen|9\n|tier|[Gen 9 Champions] VGC 2026 Reg M-A\n|rated|\n|rule|Species Clause: Limit one of each Pok\u00e9mon\n|rule|Item Clause: Limit 1 of each item\n|clearpoke\n|poke|p1|Lycanroc-Dusk, L50, M|\n|poke|p1|Sableye, L50, M|\n|poke|p1|Palafin, L50, F|\n|poke|p1|Zoroark-Hisui, L50, F|\n|poke|p1|Whimsicott, L50, F|\n|poke|p1|Glalie, L50, F|\n|poke|p2|Milotic, L50, F|\n|poke|p2|Farigiraf, L50, F|\n|poke|p2|Sneasler, L50, F|\n|poke|p2|Dragapult, L50, F|\n|poke|p2|Aerodactyl, L50, M|\n|poke|p2|Clefable, L50, F|\n|teampreview|4\n|inactive|Battle timer is ON: inactive players will automatically lose when time's up. (requested by PharrowXL)\n|inactive|PharrowXL has 60 seconds left.\n|\n|t:|1775971507\n|teamsize|p1|4\n|teamsize|p2|4\n|start\n|switch|p1a: Lycanroc|Lycanroc-Dusk, L50, M|100/100\n|switch|p1b: Glalie|Glalie, L50, F|100/100\n|switch|p2a: Fentmaxxin'|Sneasler, L50, F|100/100\n|switch|p2b: Aerodactyl|Aerodactyl, L50, M, shiny|100/100\n|turn|1\n|inactive|PharrowXL has 30 seconds left.\n|inactive|2sweep4u has 30 seconds left.\n|inactive|PharrowXL has 20 seconds left.\n|inactive|PharrowXL has 15 seconds left.\n|inactive|PharrowXL has 10 seconds left.\n|\n|t:|1775971552\n|detailschange|p2b: Aerodactyl|Aerodactyl-Mega, L50, M, shiny\n|-mega|p2b: Aerodactyl|Aerodactyl|Aerodactylite\n|detailschange|p1b: Glalie|Glalie-Mega, L50, F\n|-mega|p1b: Glalie|Glalie|Glalitite\n|move|p2b: Aerodactyl|Tailwind|p2b: Aerodactyl\n|-sidestart|p2: 2sweep4u|move: Tailwind\n|move|p2a: Fentmaxxin'|Close Combat|p1b: Glalie\n|-supereffective|p1b: Glalie|1\n|-damage|p1b: Glalie|0 fnt\n|-unboost|p2a: Fentmaxxin'|def|1\n|-unboost|p2a: Fentmaxxin'|spd|1\n|faint|p1b: Glalie\n|-enditem|p2a: Fentmaxxin'|White Herb\n|-clearnegativeboost|p2a: Fentmaxxin'|[silent]\n|move|p1a: Lycanroc|Round|p2a: Fentmaxxin'\n|-damage|p2a: Fentmaxxin'|57/100\n|\n|upkeep\n|\n|t:|1775971561\n|switch|p1b: Palafin|Palafin, L50, F, shiny|100/100\n|turn|2\n|inactive|2sweep4u has 30 seconds left.\n|inactive|2sweep4u has 20 seconds left.\n|\n|t:|1775971600\n|detailschange|p1b: Palafin|Palafin-Hero, L50, F, shiny\n|switch|p1b: Lycanroc|Lycanroc-Dusk, L50, M|100/100\n|move|p2a: Fentmaxxin'|Close Combat|p1a: Lycanroc\n|-immune|p1a: Lycanroc\n|move|p2b: Aerodactyl|Dual Wingbeat|p1b: Lycanroc\n|-resisted|p1b: Lycanroc|1\n|-damage|p1b: Lycanroc|77/100\n|-resisted|p1b: Lycanroc|1\n|-damage|p1b: Lycanroc|56/100\n|-hitcount|p1b: Lycanroc|2\n|move|p1a: Lycanroc|Hyper Voice|p2b: Aerodactyl|[spread] p2a,p2b\n|-resisted|p2b: Aerodactyl|1\n|-damage|p2a: Fentmaxxin'|7/100\n|-damage|p2b: Aerodactyl|80/100\n|\n|upkeep\n|turn|3\n|\n|t:|1775971618\n|move|p1a: Lycanroc|Protect|p1a: Lycanroc\n|-singleturn|p1a: Lycanroc|Protect\n|move|p1b: Lycanroc|Accelerock|p2a: Fentmaxxin'\n|-resisted|p2a: Fentmaxxin'|1\n|-damage|p2a: Fentmaxxin'|0 fnt\n|faint|p2a: Fentmaxxin'\n|move|p2b: Aerodactyl|Rock Slide|p1a: Lycanroc|[spread] p1b\n|-activate|p1a: Lycanroc|move: Protect\n|-damage|p1b: Lycanroc|10/100\n|\n|upkeep\n|\n|t:|1775971629\n|switch|p2a: Clefable|Clefable, L50, F, shiny|100/100\n|turn|4\n|\n|t:|1775971641\n|move|p1b: Lycanroc|Accelerock|p2b: Aerodactyl\n|-supereffective|p2b: Aerodactyl|1\n|-damage|p2b: Aerodactyl|0 fnt\n|faint|p2b: Aerodactyl\n|move|p1a: Lycanroc|Hyper Voice|p2a: Clefable\n|-damage|p2a: Clefable|63/100\n|move|p2a: Clefable|Thunder Wave|p1a: Lycanroc\n|-status|p1a: Lycanroc|par\n|\n|-sideend|p2: 2sweep4u|move: Tailwind\n|upkeep\n|\n|t:|1775971647\n|switch|p2b: SouljaBoy|Dragapult, L50, F|100/100\n|turn|5\n|\n|t:|1775971658\n|move|p2a: Clefable|Follow Me|p2a: Clefable\n|-singleturn|p2a: Clefable|move: Follow Me\n|move|p1b: Lycanroc|Accelerock|p2a: Clefable\n|-damage|p2a: Clefable|36/100\n|move|p2b: SouljaBoy|Dragon Darts|p1b: Lycanroc\n|-damage|p1b: Lycanroc|0 fnt\n|-anim|p2b: SouljaBoy|Dragon Darts|p1a: Lycanroc\n|-crit|p1a: Lycanroc\n|-damage|p1a: Lycanroc|7/100 par\n|replace|p1a: Zoroark|Zoroark-Hisui, L50, F\n|-end|p1a: Zoroark|Illusion\n|faint|p1b: Lycanroc\n|move|p1a: Zoroark|Bitter Malice|p2a: Clefable\n|-crit|p2a: Clefable\n|-damage|p2a: Clefable|0 fnt\n|faint|p2a: Clefable\n|\n|upkeep\n|\n|t:|1775971665\n|switch|p1b: Palafin|Palafin-Hero, L50, F, shiny|100/100\n|-activate|p1b: Palafin|ability: Zero to Hero\n|turn|6\n|\n|t:|1775971680\n|move|p1b: Palafin|Jet Punch|p2b: SouljaBoy\n|-resisted|p2b: SouljaBoy|1\n|-damage|p2b: SouljaBoy|68/100\n|move|p2b: SouljaBoy|Dragon Darts|p1a: Zoroark\n|-damage|p1a: Zoroark|0 fnt\n|-anim|p2b: SouljaBoy|Dragon Darts|p1b: Palafin\n|-damage|p1b: Palafin|68/100\n|faint|p1a: Zoroark\n|\n|upkeep\n|turn|7\n|\n|t:|1775971701\n|move|p2b: SouljaBoy|Dragon Darts|p1b: Palafin\n|-damage|p1b: Palafin|37/100\n|-anim|p2b: SouljaBoy|Dragon Darts|p1b: Palafin\n|-damage|p1b: Palafin|5/100\n|move|p1b: Palafin|Ice Punch|p2b: SouljaBoy\n|-supereffective|p2b: SouljaBoy|1\n|-damage|p2b: SouljaBoy|0 fnt\n|faint|p2b: SouljaBoy\n|\n|win|PharrowXL\n|raw|PharrowXL's rating: 1000 &rarr; <strong>1040</strong><br />(+40 for winning)\n|raw|2sweep4u's rating: 1000 &rarr; <strong>1000</strong><br />(+0 for losing)\n",
  "uploadtime": 1775971701,
  "views": 14,
  "formatid": "gen9championsvgc2026regma",
  "rating": 1000,
  "private": 0,
  "password": null
}