{
  "id": "gen9championsvgc2026regma-2582749484",
  "format": "[Gen 9 Champions] VGC 2026 Reg M-A",
  "players": [
    "ilovechikorita",
    "thealex610"
  ],
  "log": "|j|\u2606ilovechikorita\n|j|\u2606thealex610\n|t:|1776111453\n|gametype|doubles\n|player|p1|ilovechikorita|265|1144\n|player|p2|thealex610|265|1149\n|gen|9\n|tier|[Gen 9 Champions] VGC 2026 Reg M-A\n|rated|\n|rule|Species Clause: Limit one of each Pok\u00e9mon\n|rule|Item Clause: Limit 1 of each item\n|clearpoke\n|poke|p1|Froslass, L50, F|\n|poke|p1|Kingambit, L50, F|\n|poke|p1|Volcarona, L50, F|\n|poke|p1|Sneasler, L50, F|\n|poke|p1|Sinistcha, L50|\n|poke|p1|Ninetales-Alola, L50, F|\n|poke|p2|Sneasler, L50, M|\n|poke|p2|Talonflame, L50, F|\n|poke|p2|Milotic, L50, F|\n|poke|p2|Aegislash, L50, F|\n|poke|p2|Scizor, L50, F|\n|poke|p2|Tyranitar, L50, F|\n|teampreview|4\n|inactive|Battle timer is ON: inactive players will automatically lose when time's up. (requested by thealex610)\n|\n|t:|1776111483\n|teamsize|p1|4\n|teamsize|p2|4\n|start\n|switch|p1a: Froslass|Froslass, L50, F|100/100\n|switch|p1b: Volcarona|Volcarona, L50, F|100/100\n|switch|p2a: Tyranitar|Tyranitar, L50, F|100/100\n|switch|p2b: Sneasler|Sneasler, L50, M|100/100\n|-weather|Sandstorm|[from] ability: Sand Stream|[of] p2a: Tyranitar\n|turn|1\n|\n|t:|1776111501\n|move|p1a: Froslass|Protect|p1a: Froslass\n|-singleturn|p1a: Froslass|Protect\n|move|p2b: Sneasler|Fake Out|p1b: Volcarona\n|-damage|p1b: Volcarona|84/100\n|cant|p1b: Volcarona|flinch\n|move|p2a: Tyranitar|Rock Slide|p1a: Froslass|[spread] \n|-activate|p1a: Froslass|move: Protect\n|-miss|p2a: Tyranitar|p1b: Volcarona\n|\n|-weather|Sandstorm|[upkeep]\n|-damage|p1a: Froslass|94/100|[from] Sandstorm\n|-damage|p2b: Sneasler|95/100|[from] Sandstorm\n|-damage|p1b: Volcarona|78/100|[from] Sandstorm\n|upkeep\n|turn|2\n|\n|t:|1776111526\n|detailschange|p1a: Froslass|Froslass-Mega, L50, F\n|-mega|p1a: Froslass|Froslass|Froslassite\n|-weather|Snowscape|[from] ability: Snow Warning|[of] p1a: Froslass\n|detailschange|p2a: Tyranitar|Tyranitar-Mega, L50, F\n|-mega|p2a: Tyranitar|Tyranitar|Tyranitarite\n|-weather|Sandstorm|[from] ability: Sand Stream|[of] p2a: Tyranitar\n|move|p1b: Volcarona|Rage Powder|p1b: Volcarona\n|-singleturn|p1b: Volcarona|move: Rage Powder\n|move|p1a: Froslass|Blizzard|p2b: Sneasler|[spread] p2a,p2b\n|-damage|p2a: Tyranitar|72/100\n|-damage|p2b: Sneasler|35/100\n|move|p2b: Sneasler|Dire Claw|p1b: Volcarona\n|-damage|p1b: Volcarona|24/100\n|-enditem|p1b: Volcarona|Sitrus Berry|[eat]\n|-heal|p1b: Volcarona|49/100|[from] item: Sitrus Berry\n|move|p2a: Tyranitar|Knock Off|p1b: Volcarona\n|-damage|p1b: Volcarona|4/100\n|-status|p2a: Tyranitar|brn|[from] ability: Flame Body|[of] p1b: Volcarona\n|\n|-weather|Sandstorm|[upkeep]\n|-damage|p1a: Froslass|88/100|[from] Sandstorm\n|-damage|p2b: Sneasler|29/100|[from] Sandstorm\n|-damage|p1b: Volcarona|0 fnt|[from] Sandstorm\n|faint|p1b: Volcarona\n|-damage|p2a: Tyranitar|67/100 brn|[from] brn\n|upkeep\n|\n|t:|1776111549\n|switch|p1b: Sneasler|Sneasler, L50, F|100/100\n|turn|3\n|\n|t:|1776111556\n|move|p2a: Tyranitar|Protect|p2a: Tyranitar\n|-singleturn|p2a: Tyranitar|Protect\n|move|p1b: Sneasler|Fake Out|p2b: Sneasler\n|-damage|p2b: Sneasler|0 fnt\n|faint|p2b: Sneasler\n|move|p1a: Froslass|Nasty Plot|p1a: Froslass\n|-boost|p1a: Froslass|spa|2\n|\n|-weather|Sandstorm|[upkeep]\n|-damage|p1a: Froslass|82/100|[from] Sandstorm\n|-damage|p1b: Sneasler|95/100|[from] Sandstorm\n|-damage|p2a: Tyranitar|61/100 brn|[from] brn\n|upkeep\n|\n|t:|1776111571\n|switch|p2b: Aegislash|Aegislash, L50, F|100/100\n|turn|4\n|\n|t:|1776111586\n|move|p1a: Froslass|Protect|p1a: Froslass\n|-singleturn|p1a: Froslass|Protect\n|-formechange|p2b: Aegislash|Aegislash-Blade|\n|move|p2b: Aegislash|Shadow Sneak|p1a: Froslass\n|-activate|p1a: Froslass|move: Protect\n|move|p1b: Sneasler|Close Combat|p2a: Tyranitar\n|-supereffective|p2a: Tyranitar|2\n|-damage|p2a: Tyranitar|0 fnt\n|-unboost|p1b: Sneasler|def|1\n|-unboost|p1b: Sneasler|spd|1\n|faint|p2a: Tyranitar\n|\n|-weather|Sandstorm|[upkeep]\n|-damage|p1a: Froslass|76/100|[from] Sandstorm\n|-damage|p1b: Sneasler|89/100|[from] Sandstorm\n|upkeep\n|\n|t:|1776111602\n|switch|p2a: Scizor|Scizor, L50, F, shiny|100/100\n|turn|5\n|\n|t:|1776111610\n|switch|p1b: Sinistcha|Sinistcha, L50|100/100\n|-heal|p1a: Froslass|100/100|[from] ability: Hospitality|[of] p1b: Sinistcha\n|move|p2a: Scizor|Bullet Punch|p1b: Sinistcha\n|-damage|p1b: Sinistcha|75/100\n|move|p2b: Aegislash|Shadow Sneak|p1a: Froslass\n|-supereffective|p1a: Froslass|1\n|-damage|p1a: Froslass|34/100\n|move|p1a: Froslass|Shadow Ball|p2a: Scizor\n|-damage|p2a: Scizor|0 fnt\n|faint|p2a: Scizor\n|\n|-weather|Sandstorm|[upkeep]\n|-damage|p1a: Froslass|28/100|[from] Sandstorm\n|-damage|p1b: Sinistcha|68/100|[from] Sandstorm\n|upkeep\n|turn|6\n|\n|t:|1776111635\n|move|p1a: Froslass|Protect|p1a: Froslass\n|-singleturn|p1a: Froslass|Protect\n|move|p2b: Aegislash|Shadow Sneak|p1b: Sinistcha\n|-supereffective|p1b: Sinistcha|1\n|-damage|p1b: Sinistcha|35/100\n|move|p1b: Sinistcha|Hex|p2b: Aegislash\n|-supereffective|p2b: Aegislash|1\n|-damage|p2b: Aegislash|7/100\n|\n|-weather|none\n|-heal|p2b: Aegislash|13/100|[from] item: Leftovers\n|upkeep\n|turn|7\n|\n|t:|1776111650\n|move|p2b: Aegislash|Shadow Sneak|p1a: Froslass\n|-supereffective|p1a: Froslass|1\n|-damage|p1a: Froslass|0 fnt\n|faint|p1a: Froslass\n|move|p1b: Sinistcha|Hex|p2b: Aegislash\n|-supereffective|p2b: Aegislash|1\n|-damage|p2b: Aegislash|0 fnt\n|faint|p2b: Aegislash\n|\n|win|ilovechikorita\n|raw|ilovechikorita's rating: 1144 &rarr; <strong>1169</strong><br />(+25 for winning)\n|raw|thealex610's rating: 1149 &rarr; <strong>1124</strong><br />(-25 for losing)\n|l|\u2606ilovechikorita\n|player|p1|\n",
  "uploadtime": 1776111660,
  "views": 37,
  "formatid": "gen9championsvgc2026regma",
  "rating": 1124,
  "private": 0,
  "password": null
}