{
  "id": "gen9championsvgc2026regma-2583120130",
  "format": "[Gen 9 Champions] VGC 2026 Reg M-A",
  "players": [
    "Jms14",
    "LaserDedenee"
  ],
  "log": "|j|\u2606Jms14\n|j|\u2606LaserDedenee\n|t:|1776144381\n|gametype|doubles\n|player|p1|Jms14|2|1083\n|player|p2|LaserDedenee|2|1166\n|gen|9\n|tier|[Gen 9 Champions] VGC 2026 Reg M-A\n|rated|\n|rule|Species Clause: Limit one of each Pok\u00e9mon\n|rule|Item Clause: Limit 1 of each item\n|clearpoke\n|poke|p1|Froslass, L50, F|\n|poke|p1|Talonflame, L50, M|\n|poke|p1|Rotom-Wash, L50|\n|poke|p1|Sneasler, L50, M|\n|poke|p1|Kingambit, L50, M|\n|poke|p1|Sinistcha, L50|\n|poke|p2|Gardevoir, L50, F|\n|poke|p2|Basculegion, L50, M|\n|poke|p2|Pelipper, L50, M|\n|poke|p2|Incineroar, L50, F|\n|poke|p2|Conkeldurr, L50, F|\n|poke|p2|Kingambit, L50, F|\n|teampreview|4\n|inactive|Battle timer is ON: inactive players will automatically lose when time's up. (requested by LaserDedenee)\nLaserDedenee rejected open team sheets.\n|\n|t:|1776144418\n|teamsize|p1|4\n|teamsize|p2|4\n|start\n|switch|p1a: Rotom|Rotom-Wash, L50|100/100\n|switch|p1b: Kingambit|Kingambit, L50, M|100/100\n|switch|p2a: Basculegion|Basculegion, L50, M|100/100\n|switch|p2b: Gardevoir|Gardevoir, L50, F, shiny|100/100\n|turn|1\n|inactive|Jms14 has 30 seconds left.\n|\n|t:|1776144451\n|detailschange|p2b: Gardevoir|Gardevoir-Mega, L50, F, shiny\n|-mega|p2b: Gardevoir|Gardevoir|Gardevoirite\n|move|p2a: Basculegion|Wave Crash|p1b: Kingambit\n|-damage|p1b: Kingambit|37/100\n|-damage|p2a: Basculegion|82/100|[from] Recoil\n|move|p1a: Rotom|Volt Switch|p2a: Basculegion\n|-supereffective|p2a: Basculegion|1\n|-damage|p2a: Basculegion|14/100\n|\n|t:|1776144460\n|switch|p1a: Sinistcha|Sinistcha, L50|100/100|[from] Volt Switch\n|-heal|p1b: Kingambit|62/100|[from] ability: Hospitality|[of] p1a: Sinistcha\n|move|p1b: Kingambit|Swords Dance|p1b: Kingambit\n|-boost|p1b: Kingambit|atk|2\n|move|p2b: Gardevoir|Trick Room|p2b: Gardevoir\n|-fieldstart|move: Trick Room|[of] p2b: Gardevoir\n|\n|upkeep\n|turn|2\n|inactive|Jms14 has 30 seconds left.\n|inactive|LaserDedenee has 30 seconds left.\n|inactive|Jms14 has 20 seconds left.\n|inactive|Jms14 has 15 seconds left.\n|\n|t:|1776144504\n|switch|p2b: Kingambit|Kingambit, L50, F|100/100\n|move|p1b: Kingambit|Kowtow Cleave|p2b: Kingambit\n|-resisted|p2b: Kingambit|1\n|-damage|p2b: Kingambit|58/100\n|move|p1a: Sinistcha|Matcha Gotcha|p2b: Kingambit|[spread] p2a,p2b\n|-supereffective|p2a: Basculegion|1\n|-resisted|p2b: Kingambit|1\n|-damage|p2a: Basculegion|0 fnt\n|-damage|p2b: Kingambit|46/100\n|faint|p2a: Basculegion\n|\n|upkeep\n|\n|t:|1776144514\n|switch|p2a: Conkeldurr|Conkeldurr, L50, F|100/100\n|turn|3\n|\n|t:|1776144529\n|move|p1a: Sinistcha|Rage Powder|p1a: Sinistcha\n|-singleturn|p1a: Sinistcha|move: Rage Powder\n|move|p2a: Conkeldurr|Drain Punch|p1a: Sinistcha\n|-immune|p1a: Sinistcha\n|move|p2b: Kingambit|Kowtow Cleave|p1a: Sinistcha\n|-supereffective|p1a: Sinistcha|1\n|-damage|p1a: Sinistcha|0 fnt\n|faint|p1a: Sinistcha\n|move|p1b: Kingambit|Kowtow Cleave|p2b: Kingambit\n|-resisted|p2b: Kingambit|1\n|-damage|p2b: Kingambit|5/100\n|\n|upkeep\n|inactive|Jms14 has 30 seconds left.\n|\n|t:|1776144557\n|switch|p1a: Rotom|Rotom-Wash, L50|100/100\n|turn|4\n|\n|t:|1776144565\n|switch|p2b: Gardevoir|Gardevoir-Mega, L50, F, shiny|100/100\n|move|p1b: Kingambit|Protect|p1b: Kingambit\n|-singleturn|p1b: Kingambit|Protect\n|move|p2a: Conkeldurr|Mach Punch|p1b: Kingambit\n|-activate|p1b: Kingambit|move: Protect\n|move|p1a: Rotom|Will-O-Wisp|p2a: Conkeldurr\n|-status|p2a: Conkeldurr|brn\n|\n|-damage|p2a: Conkeldurr|95/100 brn|[from] brn\n|upkeep\n|turn|5\n|\n|t:|1776144585\n|switch|p1b: Froslass|Froslass, L50, F|100/100\n|move|p2a: Conkeldurr|Drain Punch|p1b: Froslass\n|-immune|p1b: Froslass\n|move|p1a: Rotom|Volt Switch|p2b: Gardevoir\n|-damage|p2b: Gardevoir|74/100\n|\n|t:|1776144593\n|switch|p1a: Kingambit|Kingambit, L50, M|62/100|[from] Volt Switch\n|move|p2b: Gardevoir|Hyper Voice|p1b: Froslass|[spread] p1a,p1b\n|-damage|p1a: Kingambit|21/100\n|-damage|p1b: Froslass|21/100\n|\n|-damage|p2a: Conkeldurr|89/100 brn|[from] brn\n|-fieldend|move: Trick Room\n|upkeep\n|turn|6\n|\n|t:|1776144613\n|detailschange|p1b: Froslass|Froslass-Mega, L50, F\n|-mega|p1b: Froslass|Froslass|Froslassite\n|-weather|Snowscape|[from] ability: Snow Warning|[of] p1b: Froslass\n|move|p2b: Gardevoir|Protect|p2b: Gardevoir\n|-singleturn|p2b: Gardevoir|Protect\n|move|p1a: Kingambit|Sucker Punch||[still]\n|-fail|p1a: Kingambit\n|move|p2a: Conkeldurr|Mach Punch|p1a: Kingambit\n|-supereffective|p1a: Kingambit|2\n|-damage|p1a: Kingambit|0 fnt\n|faint|p1a: Kingambit\n|move|p1b: Froslass|Shadow Ball|p2b: Gardevoir\n|-activate|p2b: Gardevoir|move: Protect\n|\n|-weather|Snowscape|[upkeep]\n|-damage|p2a: Conkeldurr|83/100 brn|[from] brn\n|upkeep\n|\n|t:|1776144618\n|switch|p1a: Rotom|Rotom-Wash, L50|100/100\n|turn|7\n|\n|t:|1776144638\n|switch|p2b: Kingambit|Kingambit, L50, F|5/100\n|move|p1b: Froslass|Blizzard|p2a: Conkeldurr|[spread] p2a,p2b\n|-resisted|p2b: Kingambit|1\n|-damage|p2a: Conkeldurr|22/100 brn\n|-damage|p2b: Kingambit|0 fnt\n|faint|p2b: Kingambit\n|move|p1a: Rotom|Hydro Pump|p2a: Conkeldurr|[miss]\n|-miss|p1a: Rotom|p2a: Conkeldurr\n|move|p2a: Conkeldurr|Rock Slide|p1a: Rotom|[spread] p1a,p1b\n|-supereffective|p1b: Froslass|1\n|-damage|p1a: Rotom|85/100\n|-damage|p1b: Froslass|0 fnt\n|faint|p1b: Froslass\n|\n|-weather|Snowscape|[upkeep]\n|-heal|p1a: Rotom|91/100|[from] item: Leftovers\n|-damage|p2a: Conkeldurr|16/100 brn|[from] brn\n|upkeep\n|-message|Jms14 forfeited.\n|\n|win|LaserDedenee\n|raw|Jms14's rating: 1083 &rarr; <strong>1066</strong><br />(-17 for losing)\n|raw|LaserDedenee's rating: 1166 &rarr; <strong>1185</strong><br />(+19 for winning)\n|l|\u2606Jms14\n|player|p1|\n",
  "uploadtime": 1776144657,
  "views": 17,
  "formatid": "gen9championsvgc2026regma",
  "rating": 1066,
  "private": 0,
  "password": null
}