{
  "id": "gen9championsvgc2026regma-2589479596",
  "format": "[Gen 9 Champions] VGC 2026 Reg M-A",
  "players": [
    "thighjog",
    "michaelgscott"
  ],
  "log": "|j|\u2606thighjog\n|j|\u2606michaelgscott\n|t:|1776726699\n|gametype|doubles\n|player|p1|thighjog|102|1207\n|player|p2|michaelgscott|veteran|1217\n|gen|9\n|tier|[Gen 9 Champions] VGC 2026 Reg M-A\n|rated|\n|rule|Species Clause: Limit one of each Pok\u00e9mon\n|rule|Item Clause: Limit 1 of each item\n|clearpoke\n|poke|p1|Froslass, L50, F|\n|poke|p1|Garchomp, L50, M|\n|poke|p1|Rotom-Frost, L50|\n|poke|p1|Empoleon, L50, F|\n|poke|p1|Incineroar, L50, F|\n|poke|p1|Kingambit, L50, F|\n|poke|p2|Venusaur, L50, M|\n|poke|p2|Charizard, L50, M|\n|poke|p2|Blastoise, L50, M|\n|poke|p2|Aerodactyl, L50, F|\n|poke|p2|Jolteon, L50, F|\n|poke|p2|Machamp, L50, F|\n|teampreview|4\n|\n|t:|1776726730\n|teamsize|p1|4\n|teamsize|p2|4\n|start\n|switch|p1a: Froslass|Froslass, L50, F|100/100\n|switch|p1b: Rotom|Rotom-Frost, L50|100/100\n|switch|p2a: Aerodactyl|Aerodactyl, L50, F|100/100\n|switch|p2b: Blastoise|Blastoise, L50, M|100/100\n|-ability|p2a: Aerodactyl|Unnerve\n|turn|1\n|\n|t:|1776726750\n|detailschange|p1a: Froslass|Froslass-Mega, L50, F\n|-mega|p1a: Froslass|Froslass|Froslassite\n|-weather|Snowscape|[from] ability: Snow Warning|[of] p1a: Froslass\n|detailschange|p2b: Blastoise|Blastoise-Mega, L50, M\n|-mega|p2b: Blastoise|Blastoise|Blastoisinite\n|move|p1b: Rotom|Blizzard|p2a: Aerodactyl|[spread] p2a,p2b\n|-supereffective|p2a: Aerodactyl|1\n|-resisted|p2b: Blastoise|1\n|-enditem|p2a: Aerodactyl|Focus Sash\n|-damage|p2a: Aerodactyl|1/100\n|-damage|p2b: Blastoise|84/100\n|move|p2a: Aerodactyl|Tailwind|p2a: Aerodactyl\n|-sidestart|p2: michaelgscott|move: Tailwind\n|move|p2b: Blastoise|Water Spout|p1b: Rotom|[spread] p1a,p1b\n|-damage|p1a: Froslass|31/100\n|-damage|p1b: Rotom|30/100\n|move|p1a: Froslass|Aurora Veil|p1a: Froslass\n|-sidestart|p1: thighjog|move: Aurora Veil\n|\n|-weather|Snowscape|[upkeep]\n|upkeep\n|turn|2\n|\n|t:|1776726774\n|move|p2a: Aerodactyl|Rock Slide|p1a: Froslass|[spread] p1a,p1b\n|-supereffective|p1a: Froslass|1\n|-supereffective|p1b: Rotom|1\n|-damage|p1a: Froslass|0 fnt\n|-damage|p1b: Rotom|0 fnt\n|faint|p1a: Froslass\n|faint|p1b: Rotom\n|move|p2b: Blastoise|Water Spout|p1: Froslass|[notarget]\n|-fail|p2b: Blastoise\n|\n|-weather|Snowscape|[upkeep]\n|upkeep\n|\n|t:|1776726784\n|switch|p1a: Incineroar|Incineroar, L50, F|100/100\n|switch|p1b: Garchomp|Garchomp, L50, M|100/100\n|-ability|p1a: Incineroar|Intimidate|boost\n|-unboost|p2a: Aerodactyl|atk|1\n|-unboost|p2b: Blastoise|atk|1\n|turn|3\n|\n|t:|1776726802\n|move|p2a: Aerodactyl|Protect|p2a: Aerodactyl\n|-singleturn|p2a: Aerodactyl|Protect\n|move|p2b: Blastoise|Protect|p2b: Blastoise\n|-singleturn|p2b: Blastoise|Protect\n|move|p1a: Incineroar|Fake Out|p2a: Aerodactyl\n|-activate|p2a: Aerodactyl|move: Protect\n|move|p1b: Garchomp|Dragon Claw|p2b: Blastoise\n|-activate|p2b: Blastoise|move: Protect\n|\n|-weather|Snowscape|[upkeep]\n|upkeep\n|turn|4\n|\n|t:|1776726833\n|move|p2a: Aerodactyl|Rock Slide|p1a: Incineroar|[spread] p1a,p1b\n|-supereffective|p1a: Incineroar|1\n|-resisted|p1b: Garchomp|1\n|-damage|p1a: Incineroar|78/100\n|-damage|p1b: Garchomp|95/100\n|move|p2b: Blastoise|Water Spout|p1a: Incineroar|[spread] p1a,p1b\n|-supereffective|p1a: Incineroar|1\n|-damage|p1a: Incineroar|9/100\n|-damage|p1b: Garchomp|53/100\n|cant|p1b: Garchomp|flinch\n|cant|p1a: Incineroar|flinch\n|\n|-weather|Snowscape|[upkeep]\n|-sideend|p2: michaelgscott|move: Tailwind\n|upkeep\n|turn|5\n|-message|thighjog forfeited.\n|\n|win|michaelgscott\n|raw|thighjog's rating: 1207 &rarr; <strong>1183</strong><br />(-24 for losing)\n|raw|michaelgscott's rating: 1217 &rarr; <strong>1241</strong><br />(+24 for winning)\n|l|\u2606thighjog\n|player|p1|\n",
  "uploadtime": 1776726882,
  "views": 17,
  "formatid": "gen9championsvgc2026regma",
  "rating": 1183,
  "private": 0,
  "password": null
}