{
  "id": "gen9championsvgc2026regma-2581855067",
  "format": "[Gen 9 Champions] VGC 2026 Reg M-A",
  "players": [
    "fzz1998",
    "SimMikaze"
  ],
  "log": "|j|\u2606fzz1998\n|j|\u2606SimMikaze\n|t:|1776033999\n|gametype|doubles\n|player|p1|fzz1998|266|1261\n|player|p2|SimMikaze|miku-ghost|1312\n|gen|9\n|tier|[Gen 9 Champions] VGC 2026 Reg M-A\n|rated|\n|rule|Species Clause: Limit one of each Pok\u00e9mon\n|rule|Item Clause: Limit 1 of each item\n|clearpoke\n|poke|p1|Excadrill, L50, M|\n|poke|p1|Tyranitar, L50, F|\n|poke|p1|Corviknight, L50, M|\n|poke|p1|Primarina, L50, M|\n|poke|p1|Incineroar, L50, M|\n|poke|p1|Whimsicott, L50, M|\n|poke|p2|Hawlucha, L50, M|\n|poke|p2|Snorlax, L50, M|\n|poke|p2|Floette-Eternal, L50, F|\n|poke|p2|Incineroar, L50, M|\n|poke|p2|Sinistcha, L50|\n|poke|p2|Basculegion, L50, M|\n|teampreview|4\n|inactive|Battle timer is ON: inactive players will automatically lose when time's up. (requested by fzz1998)\n|\n|t:|1776034038\n|teamsize|p1|4\n|teamsize|p2|4\n|start\n|switch|p1a: Incineroar|Incineroar, L50, M|100/100\n|switch|p1b: Whimsicott|Whimsicott, L50, M|100/100\n|switch|p2a: Hawlucha|Hawlucha, L50, M|100/100\n|switch|p2b: Snorlax|Snorlax, L50, M|100/100\n|-ability|p1a: Incineroar|Intimidate|boost\n|-unboost|p2a: Hawlucha|atk|1\n|-unboost|p2b: Snorlax|atk|1\n|turn|1\n|\n|t:|1776034054\n|detailschange|p2a: Hawlucha|Hawlucha-Mega, L50, M\n|-mega|p2a: Hawlucha|Hawlucha|Hawluchanite\n|move|p1a: Incineroar|Fake Out|p2a: Hawlucha\n|-damage|p2a: Hawlucha|88/100\n|move|p1b: Whimsicott|Tailwind|p1b: Whimsicott\n|-sidestart|p1: fzz1998|move: Tailwind\n|cant|p2a: Hawlucha|flinch\n|move|p2b: Snorlax|Body Slam|p1b: Whimsicott\n|-damage|p1b: Whimsicott|78/100\n|\n|upkeep\n|turn|2\n|inactive|fzz1998 has 30 seconds left.\n|inactive|SimMikaze has 30 seconds left.\n|inactive|fzz1998 has 20 seconds left.\n|inactive|fzz1998 has 15 seconds left.\n|\n|t:|1776034096\n|switch|p1a: Excadrill|Excadrill, L50, M|100/100\n|move|p1b: Whimsicott|Protect|p1b: Whimsicott\n|-singleturn|p1b: Whimsicott|Protect\n|move|p2a: Hawlucha|Entrainment|p2b: Snorlax\n|-ability|p2b: Snorlax|No Guard|Thick Fat|[from] move: Entrainment|[of] p2a: Hawlucha\n|move|p2b: Snorlax|Fissure|p1b: Whimsicott\n|-activate|p1b: Whimsicott|move: Protect\n|\n|upkeep\n|turn|3\n|inactive|fzz1998 has 30 seconds left.\n|inactive|SimMikaze has 30 seconds left.\n|\n|t:|1776034129\n|switch|p1b: Tyranitar|Tyranitar, L50, F|100/100\n|-weather|Sandstorm|[from] ability: Sand Stream|[of] p1b: Tyranitar\n|switch|p2a: Incineroar|Incineroar, L50, M, shiny|100/100\n|-ability|p2a: Incineroar|Intimidate|boost\n|-unboost|p1a: Excadrill|atk|1\n|-unboost|p1b: Tyranitar|atk|1\n|move|p1a: Excadrill|Iron Head|p2a: Incineroar\n|-resisted|p2a: Incineroar|1\n|-damage|p2a: Incineroar|86/100\n|move|p2b: Snorlax|Fissure|p1a: Excadrill\n|-enditem|p1a: Excadrill|Focus Sash\n|-damage|p1a: Excadrill|1/100\n|\n|-weather|Sandstorm|[upkeep]\n|-damage|p2a: Incineroar|80/100|[from] Sandstorm\n|-damage|p2b: Snorlax|94/100|[from] Sandstorm\n|-heal|p2b: Snorlax|100/100|[from] item: Leftovers\n|upkeep\n|turn|4\n|inactive|fzz1998 has 30 seconds left.\n|\n|t:|1776034164\n|move|p2a: Incineroar|Fake Out|p1a: Excadrill\n|-resisted|p1a: Excadrill|1\n|-damage|p1a: Excadrill|0 fnt\n|faint|p1a: Excadrill\n|move|p1b: Tyranitar|Rock Slide|p2a: Incineroar|[spread] p2a,p2b\n|-supereffective|p2a: Incineroar|1\n|-damage|p2a: Incineroar|44/100\n|-damage|p2b: Snorlax|88/100\n|cant|p2b: Snorlax|flinch\n|\n|-weather|Sandstorm|[upkeep]\n|-damage|p2a: Incineroar|38/100|[from] Sandstorm\n|-damage|p2b: Snorlax|82/100|[from] Sandstorm\n|-heal|p2b: Snorlax|88/100|[from] item: Leftovers\n|-sideend|p1: fzz1998|move: Tailwind\n|upkeep\n|\n|t:|1776034180\n|switch|p1a: Incineroar|Incineroar, L50, M|100/100\n|-ability|p1a: Incineroar|Intimidate|boost\n|-unboost|p2a: Incineroar|atk|1\n|-unboost|p2b: Snorlax|atk|1\n|turn|5\n|inactive|SimMikaze has 30 seconds left.\n|\n|t:|1776034208\n|switch|p2a: Hawlucha|Hawlucha-Mega, L50, M|88/100\n|move|p2b: Snorlax|Protect|p2b: Snorlax\n|-singleturn|p2b: Snorlax|Protect\n|move|p1a: Incineroar|Flare Blitz|p2b: Snorlax\n|-activate|p2b: Snorlax|move: Protect\n|move|p1b: Tyranitar|Low Kick|p2b: Snorlax\n|-activate|p2b: Snorlax|move: Protect\n|\n|-weather|Sandstorm|[upkeep]\n|-damage|p2a: Hawlucha|82/100|[from] Sandstorm\n|-damage|p1a: Incineroar|94/100|[from] Sandstorm\n|-damage|p2b: Snorlax|82/100|[from] Sandstorm\n|-heal|p2b: Snorlax|88/100|[from] item: Leftovers\n|upkeep\n|turn|6\n|-message|fzz1998 forfeited.\n|\n|win|SimMikaze\n|raw|fzz1998's rating: 1261 &rarr; <strong>1240</strong><br />(-21 for losing)\n|raw|SimMikaze's rating: 1312 &rarr; <strong>1329</strong><br />(+17 for winning)\n|l|\u2606fzz1998\n|player|p1|\n",
  "uploadtime": 1776034234,
  "views": 30,
  "formatid": "gen9championsvgc2026regma",
  "rating": 1240,
  "private": 0,
  "password": null
}