{
  "id": "gen9championsvgc2026regma-2589424538",
  "format": "[Gen 9 Champions] VGC 2026 Reg M-A",
  "players": [
    "melon storme",
    "a single meatball"
  ],
  "log": "|j|\u2606melon storme\n|j|\u2606a single meatball\n|t:|1776721816\n|gametype|doubles\n|player|p1|melon storme|kieran-festival|1344\n|player|p2|a single meatball|clair|1434\n|gen|9\n|tier|[Gen 9 Champions] VGC 2026 Reg M-A\n|rated|\n|rule|Species Clause: Limit one of each Pok\u00e9mon\n|rule|Item Clause: Limit 1 of each item\n|clearpoke\n|poke|p1|Scovillain, L50, M|\n|poke|p1|Conkeldurr, L50, M|\n|poke|p1|Aerodactyl, L50, M|\n|poke|p1|Farigiraf, L50, F|\n|poke|p1|Dragapult, L50, M|\n|poke|p1|Kingambit, L50, M|\n|poke|p2|Meganium, L50, F|\n|poke|p2|Basculegion, L50, M|\n|poke|p2|Incineroar, L50, M|\n|poke|p2|Aerodactyl, L50, M|\n|poke|p2|Aegislash, L50, M|\n|poke|p2|Sneasler, L50, F|\n|teampreview|4\nmelon storme has agreed to open team sheets.\na single meatball has agreed to open team sheets.\n|showteam|p1|Scovillain||Scovillainite|Moody|Protect,RagePowder,Flamethrower,LeechSeed|||M|||50|]Conkeldurr||Leftovers|Guts|KnockOff,DrainPunch,Facade,Protect|||M|||50|]Aerodactyl||FocusSash|Unnerve|Protect,Tailwind,RockSlide,DualWingbeat|||M|||50|]Farigiraf||SitrusBerry|ArmorTail|TrickRoom,AllySwitch,HyperVoice,Psychic|||F|||50|]Dragapult||ColburBerry|ClearBody|Hex,DracoMeteor,Flamethrower,Protect|||M|||50|]Kingambit||ChopleBerry|Defiant|SuckerPunch,KowtowCleave,SwordsDance,Protect|||M|||50|\n|showteam|p2|Meganium||Meganiumite|Overgrow|SolarBeam,DazzlingGleam,WeatherBall,Protect|||F|||50|]Basculegion||MysticWater|Adaptability|WaveCrash,AquaJet,LastRespects,Protect|||M|||50|]Incineroar||SitrusBerry|Intimidate|FakeOut,FlareBlitz,PartingShot,DarkestLariat|||M|||50|]Aerodactyl||FocusSash|Unnerve|RockSlide,DualWingbeat,Tailwind,Protect|||M|||50|]Aegislash|||StanceChange|SacredSword,Poltergeist,WideGuard,KingsShield|||M|||50|]Sneasler||WhiteHerb|Unburden|FakeOut,CloseCombat,DireClaw,Protect|||F|||50|\n|\n|t:|1776721882\n|teamsize|p1|4\n|teamsize|p2|4\n|start\n|switch|p1a: Farigiraf|Farigiraf, L50, F|100/100\n|switch|p1b: Conkeldurr|Conkeldurr, L50, M|100/100\n|switch|p2a: Meganium|Meganium, L50, F|100/100\n|switch|p2b: Basculegion|Basculegion, L50, M|100/100\n|turn|1\n|\n|t:|1776721895\n|detailschange|p2a: Meganium|Meganium-Mega, L50, F\n|-mega|p2a: Meganium|Meganium|Meganiumite\n|move|p2b: Basculegion|Wave Crash|p1a: Farigiraf\n|-damage|p1a: Farigiraf|16/100\n|-enditem|p1a: Farigiraf|Sitrus Berry|[eat]\n|-heal|p1a: Farigiraf|41/100|[from] item: Sitrus Berry\n|-damage|p2b: Basculegion|68/100|[from] Recoil\n|move|p2a: Meganium|Dazzling Gleam|p1b: Conkeldurr|[spread] p1a,p1b\n|-supereffective|p1b: Conkeldurr|1\n|-damage|p1a: Farigiraf|8/100\n|-damage|p1b: Conkeldurr|30/100\n|move|p1b: Conkeldurr|Knock Off|p2b: Basculegion\n|-supereffective|p2b: Basculegion|1\n|-damage|p2b: Basculegion|0 fnt\n|-enditem|p2b: Basculegion|Mystic Water|[from] move: Knock Off|[of] p1b: Conkeldurr\n|faint|p2b: Basculegion\n|move|p1a: Farigiraf|Trick Room|p1a: Farigiraf\n|-fieldstart|move: Trick Room|[of] p1a: Farigiraf\n|\n|-heal|p1b: Conkeldurr|35/100|[from] item: Leftovers\n|upkeep\n|\n|t:|1776721909\n|switch|p2b: Incineroar|Incineroar, L50, M|100/100\n|-ability|p2b: Incineroar|Intimidate|boost\n|-unboost|p1a: Farigiraf|atk|1\n|-unboost|p1b: Conkeldurr|atk|1\n|turn|2\n|\n|t:|1776721935\n|move|p2a: Meganium|Protect|p2a: Meganium\n|-singleturn|p2a: Meganium|Protect\n|move|p1b: Conkeldurr|Drain Punch|p2b: Incineroar\n|-supereffective|p2b: Incineroar|1\n|-damage|p2b: Incineroar|53/100\n|-heal|p1b: Conkeldurr|61/100|[from] drain|[of] p2b: Incineroar\n|move|p1a: Farigiraf|Hyper Voice|p2a: Meganium|[spread] p2b\n|-activate|p2a: Meganium|move: Protect\n|-damage|p2b: Incineroar|29/100\n|-enditem|p2b: Incineroar|Sitrus Berry|[eat]\n|-heal|p2b: Incineroar|54/100|[from] item: Sitrus Berry\n|move|p2b: Incineroar|Parting Shot|p1a: Farigiraf\n|-unboost|p1a: Farigiraf|atk|1\n|-unboost|p1a: Farigiraf|spa|1\n|\n|t:|1776721944\n|switch|p2b: Aerodactyl|Aerodactyl, L50, M|100/100|[from] Parting Shot\n|-ability|p2b: Aerodactyl|Unnerve\n|\n|-heal|p1b: Conkeldurr|67/100|[from] item: Leftovers\n|upkeep\n|turn|3\n|\n|t:|1776721963\n|move|p2b: Aerodactyl|Protect|p2b: Aerodactyl\n|-singleturn|p2b: Aerodactyl|Protect\n|move|p1b: Conkeldurr|Drain Punch|p2b: Aerodactyl\n|-activate|p2b: Aerodactyl|move: Protect\n|move|p1a: Farigiraf|Hyper Voice|p2b: Aerodactyl|[spread] p2a\n|-activate|p2b: Aerodactyl|move: Protect\n|-damage|p2a: Meganium|84/100\n|move|p2a: Meganium|Dazzling Gleam|p1b: Conkeldurr|[spread] p1a,p1b\n|-supereffective|p1b: Conkeldurr|1\n|-damage|p1a: Farigiraf|0 fnt\n|-damage|p1b: Conkeldurr|0 fnt\n|faint|p1a: Farigiraf\n|faint|p1b: Conkeldurr\n|\n|upkeep\n|\n|t:|1776721967\n|switch|p1b: Scovillain|Scovillain, L50, M|100/100\n|switch|p1a: Kingambit|Kingambit, L50, M|100/100\n|turn|4\n|\n|t:|1776721984\n|move|p1a: Kingambit|Protect|p1a: Kingambit\n|-singleturn|p1a: Kingambit|Protect\n|move|p1b: Scovillain|Protect|p1b: Scovillain\n|-singleturn|p1b: Scovillain|Protect\n|move|p2a: Meganium|Weather Ball|p1a: Kingambit\n|-activate|p1a: Kingambit|move: Protect\n|move|p2b: Aerodactyl|Tailwind|p2b: Aerodactyl\n|-sidestart|p2: a single meatball|move: Tailwind\n|\n|-ability|p1b: Scovillain|Moody|boost\n|-boost|p1b: Scovillain|spa|2\n|-unboost|p1b: Scovillain|atk|1\n|upkeep\n|turn|5\n|\n|t:|1776722022\n|detailschange|p1b: Scovillain|Scovillain-Mega, L50, M\n|-mega|p1b: Scovillain|Scovillain|Scovillainite\n|move|p2a: Meganium|Protect|p2a: Meganium\n|-singleturn|p2a: Meganium|Protect\n|move|p1a: Kingambit|Kowtow Cleave|p2b: Aerodactyl\n|-damage|p2b: Aerodactyl|22/100\n|move|p1b: Scovillain|Flamethrower|p2a: Meganium\n|-activate|p2a: Meganium|move: Protect\n|move|p2b: Aerodactyl|Rock Slide|p1b: Scovillain|[spread] p1a\n|-miss|p2b: Aerodactyl|p1b: Scovillain\n|-resisted|p1a: Kingambit|1\n|-damage|p1a: Kingambit|92/100\n|\n|-fieldend|move: Trick Room\n|upkeep\n|turn|6\n|\n|t:|1776722059\n|move|p1b: Scovillain|Protect|p1b: Scovillain\n|-singleturn|p1b: Scovillain|Protect\n|move|p1a: Kingambit|Sucker Punch|p2b: Aerodactyl\n|-damage|p2b: Aerodactyl|0 fnt\n|faint|p2b: Aerodactyl\n|move|p2a: Meganium|Weather Ball|p1b: Scovillain\n|-activate|p1b: Scovillain|move: Protect\n|\n|upkeep\n|\n|t:|1776722062\n|switch|p2b: Incineroar|Incineroar, L50, M|54/100\n|-ability|p2b: Incineroar|Intimidate|boost\n|-unboost|p1a: Kingambit|atk|1\n|-ability|p1a: Kingambit|Defiant|boost\n|-boost|p1a: Kingambit|atk|2\n|-unboost|p1b: Scovillain|atk|1\n|turn|7\n|\n|t:|1776722087\n|move|p2b: Incineroar|Fake Out|p1a: Kingambit\n|-resisted|p1a: Kingambit|1\n|-damage|p1a: Kingambit|88/100\n|move|p2a: Meganium|Weather Ball|p1b: Scovillain\n|-damage|p1b: Scovillain|28/100\n|-status|p2a: Meganium|brn|[from] ability: Spicy Spray|[of] p1b: Scovillain\n|move|p1b: Scovillain|Flamethrower|p2a: Meganium\n|-supereffective|p2a: Meganium|1\n|-damage|p2a: Meganium|0 fnt\n|faint|p2a: Meganium\n|cant|p1a: Kingambit|flinch\n|\n|-sideend|p2: a single meatball|move: Tailwind\n|upkeep\n|turn|8\n|-message|a single meatball forfeited.\n|\n|win|melon storme\n|raw|melon storme's rating: 1344 &rarr; <strong>1369</strong><br />(+25 for winning)\n|raw|a single meatball's rating: 1434 &rarr; <strong>1409</strong><br />(-25 for losing)\n|l|\u2606a single meatball\n|player|p2|\n",
  "uploadtime": 1776722101,
  "views": 7,
  "formatid": "gen9championsvgc2026regma",
  "rating": 1369,
  "private": 0,
  "password": null
}