{
  "id": "gen9championsvgc2026regma-2580693952",
  "format": "[Gen 9 Champions] VGC 2026 Reg M-A",
  "players": [
    "bunearyboicherry",
    "ettiriddure"
  ],
  "log": "|j|\u2606bunearyboicherry\n|j|\u2606ettiriddure\n|t:|1775924839\n|gametype|doubles\n|player|p1|bunearyboicherry|preschoolerf-gen6|1084\n|player|p2|ettiriddure|hilbert|1052\n|gen|9\n|tier|[Gen 9 Champions] VGC 2026 Reg M-A\n|rated|\n|rule|Species Clause: Limit one of each Pok\u00e9mon\n|rule|Item Clause: Limit 1 of each item\n|clearpoke\n|poke|p1|Crabominable, L50, M|\n|poke|p1|Farigiraf, L50, F|\n|poke|p1|Drampa, L50, M|\n|poke|p1|Typhlosion-Hisui, L50, F|\n|poke|p1|Chesnaught, L50, M|\n|poke|p1|Primarina, L50, M|\n|poke|p2|Charizard, L50, F|\n|poke|p2|Typhlosion-Hisui, L50, M|\n|poke|p2|Whimsicott, L50, F|\n|poke|p2|Arcanine-Hisui, L50, F|\n|poke|p2|Sneasler, L50, M|\n|poke|p2|Archaludon, L50, F|\n|teampreview|4\n|inactive|Battle timer is ON: inactive players will automatically lose when time's up. (requested by ettiriddure)\n|inactive|ettiriddure has 60 seconds left.\n|\n|t:|1775924870\n|teamsize|p1|4\n|teamsize|p2|4\n|start\n|switch|p1a: Crabominable|Crabominable, L50, M|100/100\n|switch|p1b: Farigiraf|Farigiraf, L50, F, shiny|100/100\n|switch|p2a: Charizard|Charizard, L50, F|100/100\n|switch|p2b: Typhlosion|Typhlosion-Hisui, L50, M|100/100\n|turn|1\n|\n|t:|1775924879\n|detailschange|p2a: Charizard|Charizard-Mega-Y, L50, F\n|-mega|p2a: Charizard|Charizard|Charizardite Y\n|-weather|SunnyDay|[from] ability: Drought|[of] p2a: Charizard\n|move|p1a: Crabominable|Wide Guard|p1a: Crabominable\n|-singleturn|p1a: Crabominable|Wide Guard\n|move|p2a: Charizard|Heat Wave|p1a: Crabominable|[spread] \n|-activate|p1a: Crabominable|move: Wide Guard\n|-activate|p1b: Farigiraf|move: Wide Guard\n|move|p2b: Typhlosion|Eruption|p1a: Crabominable|[spread] \n|-activate|p1a: Crabominable|move: Wide Guard\n|-activate|p1b: Farigiraf|move: Wide Guard\n|move|p1b: Farigiraf|Trick Room|p1b: Farigiraf\n|-fieldstart|move: Trick Room|[of] p1b: Farigiraf\n|\n|-weather|SunnyDay|[upkeep]\n|upkeep\n|turn|2\n|\n|t:|1775924899\n|move|p2b: Typhlosion|Protect|p2b: Typhlosion\n|-singleturn|p2b: Typhlosion|Protect\n|move|p2a: Charizard|Protect|p2a: Charizard\n|-singleturn|p2a: Charizard|Protect\n|move|p1a: Crabominable|Wide Guard|p1a: Crabominable\n|-singleturn|p1a: Crabominable|Wide Guard\n|move|p1b: Farigiraf|Twin Beam|p2a: Charizard\n|-activate|p2a: Charizard|move: Protect\n|\n|-weather|SunnyDay|[upkeep]\n|upkeep\n|turn|3\n|\n|t:|1775924911\n|move|p1a: Crabominable|Ice Hammer|p2a: Charizard\n|-damage|p2a: Charizard|10/100\n|-unboost|p1a: Crabominable|spe|1\n|move|p1b: Farigiraf|Twin Beam|p2a: Charizard\n|-damage|p2a: Charizard|0 fnt\n|faint|p2a: Charizard\n|-hitcount|p2: Charizard|1\n|move|p2b: Typhlosion|Shadow Ball|p1a: Crabominable\n|-damage|p1a: Crabominable|46/100\n|\n|-weather|SunnyDay|[upkeep]\n|upkeep\n|\n|t:|1775924923\n|switch|p2a: Arcanine|Arcanine-Hisui, L50, F|100/100\n|-ability|p2a: Arcanine|Intimidate|boost\n|-unboost|p1a: Crabominable|atk|1\n|-unboost|p1b: Farigiraf|atk|1\n|turn|4\n|\n|t:|1775924932\n|detailschange|p1a: Crabominable|Crabominable-Mega, L50, M\n|-mega|p1a: Crabominable|Crabominable|Crabominite\n|move|p2a: Arcanine|Protect|p2a: Arcanine\n|-singleturn|p2a: Arcanine|Protect\n|move|p2b: Typhlosion|Protect|p2b: Typhlosion\n|-singleturn|p2b: Typhlosion|Protect\n|move|p1b: Farigiraf|Ally Switch|p1b: Farigiraf\n|swap|p1b: Farigiraf|0|[from] move: Ally Switch\n|move|p1b: Crabominable|Drain Punch|p2a: Arcanine\n|-activate|p2a: Arcanine|move: Protect\n|\n|-weather|SunnyDay|[upkeep]\n|upkeep\n|turn|5\n|\n|t:|1775924951\n|switch|p2a: Sneasler|Sneasler, L50, M|100/100\n|move|p1b: Crabominable|Drain Punch|p2a: Sneasler\n|-resisted|p2a: Sneasler|1\n|-damage|p2a: Sneasler|65/100\n|-heal|p1b: Crabominable|60/100|[from] drain|[of] p2a: Sneasler\n|move|p1a: Farigiraf|Twin Beam|p2b: Typhlosion\n|-damage|p2b: Typhlosion|76/100\n|-damage|p2b: Typhlosion|55/100\n|-hitcount|p2b: Typhlosion|2\n|move|p2b: Typhlosion|Heat Wave|p1a: Farigiraf|[spread] p1a,p1b\n|-supereffective|p1b: Crabominable|1\n|-damage|p1a: Farigiraf|42/100\n|-damage|p1b: Crabominable|0 fnt\n|faint|p1b: Crabominable\n|\n|-weather|none\n|-fieldend|move: Trick Room\n|upkeep\n|\n|t:|1775924963\n|switch|p1b: Primarina|Primarina, L50, M, shiny|100/100\n|turn|6\n|-activate|p1b: Primarina|item: Quick Claw\n|\n|t:|1775924978\n|move|p1b: Primarina|Hyper Voice|p2b: Typhlosion|[spread] p2a,p2b\n|-supereffective|p2b: Typhlosion|1\n|-damage|p2a: Sneasler|15/100\n|-damage|p2b: Typhlosion|0 fnt\n|faint|p2b: Typhlosion\n|move|p2a: Sneasler|Dire Claw|p1b: Primarina\n|-supereffective|p1b: Primarina|1\n|-damage|p1b: Primarina|0 fnt\n|faint|p1b: Primarina\n|move|p1a: Farigiraf|Trick Room|p1a: Farigiraf\n|-fieldstart|move: Trick Room|[of] p1a: Farigiraf\n|\n|upkeep\n|\n|t:|1775924986\n|switch|p1b: Drampa|Drampa, L50, M|100/100\n|switch|p2b: Arcanine|Arcanine-Hisui, L50, F|100/100\n|-ability|p1b: Drampa|Cloud Nine\n|-ability|p2b: Arcanine|Intimidate|boost\n|-unboost|p1a: Farigiraf|atk|1\n|-unboost|p1b: Drampa|atk|1\n|turn|7\n|\n|t:|1775924995\n|move|p1b: Drampa|Earth Power|p2b: Arcanine\n|-supereffective|p2b: Arcanine|2\n|-damage|p2b: Arcanine|0 fnt\n|faint|p2b: Arcanine\n|move|p1a: Farigiraf|Twin Beam|p2a: Sneasler\n|-supereffective|p2a: Sneasler|2\n|-damage|p2a: Sneasler|0 fnt\n|faint|p2a: Sneasler\n|-hitcount|p2: Sneasler|1\n|\n|win|bunearyboicherry\n|raw|bunearyboicherry's rating: 1084 &rarr; <strong>1109</strong><br />(+25 for winning)\n|raw|ettiriddure's rating: 1052 &rarr; <strong>1036</strong><br />(-16 for losing)\n|l|\u2606ettiriddure\n|player|p2|\n",
  "uploadtime": 1775925005,
  "views": 11,
  "formatid": "gen9championsvgc2026regma",
  "rating": 1036,
  "private": 0,
  "password": null
}