{
  "id": "gen9championsvgc2026regma-2582460747",
  "format": "[Gen 9 Champions] VGC 2026 Reg M-A",
  "players": [
    "Hibyehelp",
    "KogaAF1219"
  ],
  "log": "|j|\u2606Hibyehelp\n|j|\u2606KogaAF1219\n|t:|1776093158\n|gametype|doubles\n|player|p1|Hibyehelp|steven|1045\n|player|p2|KogaAF1219|koga|1143\n|gen|9\n|tier|[Gen 9 Champions] VGC 2026 Reg M-A\n|rated|\n|rule|Species Clause: Limit one of each Pok\u00e9mon\n|rule|Item Clause: Limit 1 of each item\n|clearpoke\n|poke|p1|Froslass, L50, F|\n|poke|p1|Orthworm, L50, F|\n|poke|p1|Garchomp, L50, F|\n|poke|p1|Basculegion, L50, M|\n|poke|p1|Rotom-Frost, L50|\n|poke|p1|Incineroar, L50, F|\n|poke|p2|Torkoal, L50, M|\n|poke|p2|Rotom-Fan, L50|\n|poke|p2|Excadrill, L50, M|\n|poke|p2|Venusaur, L50, M|\n|poke|p2|Dragapult, L50, F|\n|poke|p2|Incineroar, L50, M|\n|teampreview|4\n|inactive|Battle timer is ON: inactive players will automatically lose when time's up. (requested by Hibyehelp)\n|\n|t:|1776093195\n|teamsize|p1|4\n|teamsize|p2|4\n|start\n|switch|p1a: Orthworm|Orthworm, L50, F, shiny|100/100\n|switch|p1b: Incineroar|Incineroar, L50, F, shiny|100/100\n|switch|p2a: Dragapult|Dragapult, L50, F|100/100\n|switch|p2b: Rotom|Rotom-Fan, L50|100/100\n|-ability|p1b: Incineroar|Intimidate|boost\n|-fail|p2a: Dragapult|unboost|[from] ability: Clear Body|[of] p2a: Dragapult\n|-unboost|p2b: Rotom|atk|1\n|turn|1\n|\n|t:|1776093216\n|move|p2a: Dragapult|Protect|p2a: Dragapult\n|-singleturn|p2a: Dragapult|Protect\n|move|p1b: Incineroar|Fake Out|p2b: Rotom\n|-damage|p2b: Rotom|86/100\n|cant|p2b: Rotom|flinch\n|move|p1a: Orthworm|Shed Tail|p1a: Orthworm\n|-start|p1a: Orthworm|Substitute|[from] move: Shed Tail\n|-damage|p1a: Orthworm|50/100\n|-enditem|p1a: Orthworm|Sitrus Berry|[eat]\n|-heal|p1a: Orthworm|75/100|[from] item: Sitrus Berry\n|\n|t:|1776093226\n|switch|p1a: Froslass|Froslass, L50, F, shiny|100/100|[from] Shed Tail\n|\n|upkeep\n|turn|2\n|\n|t:|1776093236\n|switch|p2a: Incineroar|Incineroar, L50, M|100/100\n|-ability|p2a: Incineroar|Intimidate|boost\n|-immune|p1a: Froslass\n|-unboost|p1b: Incineroar|atk|1\n|move|p2b: Rotom|Volt Switch|p1a: Froslass\n|-end|p1a: Froslass|Substitute\n|\n|t:|1776093243\n|switch|p2b: Excadrill|Excadrill, L50, M|100/100|[from] Volt Switch\n|-ability|p2b: Excadrill|Mold Breaker\n|move|p1a: Froslass|Nasty Plot|p1a: Froslass\n|-boost|p1a: Froslass|spa|2\n|move|p1b: Incineroar|Darkest Lariat|p2a: Incineroar\n|-resisted|p2a: Incineroar|1\n|-damage|p2a: Incineroar|90/100\n|\n|upkeep\n|turn|3\n|\n|t:|1776093261\n|move|p1a: Froslass|Protect|p1a: Froslass\n|-singleturn|p1a: Froslass|Protect\n|move|p2a: Incineroar|Fake Out|p1b: Incineroar\n|-damage|p1b: Incineroar|89/100\n|move|p2b: Excadrill|Rock Slide|p1b: Incineroar|[spread] \n|-activate|p1a: Froslass|move: Protect\n|-miss|p2b: Excadrill|p1b: Incineroar\n|cant|p1b: Incineroar|flinch\n|\n|upkeep\n|turn|4\n|inactive|Hibyehelp has 30 seconds left.\n|\n|t:|1776093288\n|detailschange|p1a: Froslass|Froslass-Mega, L50, F, shiny\n|-mega|p1a: Froslass|Froslass|Froslassite\n|-weather|Snowscape|[from] ability: Snow Warning|[of] p1a: Froslass\n|move|p1a: Froslass|Blizzard|p2b: Excadrill|[spread] p2a,p2b\n|-resisted|p2a: Incineroar|1\n|-crit|p2b: Excadrill\n|-damage|p2a: Incineroar|50/100\n|-enditem|p2b: Excadrill|Focus Sash\n|-damage|p2b: Excadrill|1/100\n|move|p2b: Excadrill|Rock Slide|p1a: Froslass|[spread] p1a,p1b\n|-supereffective|p1a: Froslass|1\n|-supereffective|p1b: Incineroar|1\n|-damage|p1a: Froslass|62/100\n|-damage|p1b: Incineroar|50/100\n|move|p2a: Incineroar|Flare Blitz|p1a: Froslass\n|-supereffective|p1a: Froslass|1\n|-damage|p1a: Froslass|0 fnt\n|faint|p1a: Froslass\n|-damage|p2a: Incineroar|35/100|[from] Recoil\n|move|p1b: Incineroar|Flare Blitz|p2a: Incineroar\n|-resisted|p2a: Incineroar|1\n|-damage|p2a: Incineroar|21/100\n|-damage|p1b: Incineroar|45/100|[from] Recoil\n|\n|-weather|Snowscape|[upkeep]\n|upkeep\n|\n|t:|1776093310\n|switch|p1a: Orthworm|Orthworm, L50, F, shiny|75/100\n|turn|5\n|\n|t:|1776093325\n|move|p2b: Excadrill|Rock Slide|p1b: Incineroar|[spread] p1b\n|-miss|p2b: Excadrill|p1a: Orthworm\n|-supereffective|p1b: Incineroar|1\n|-damage|p1b: Incineroar|7/100\n|move|p2a: Incineroar|Flare Blitz|p1a: Orthworm\n|-supereffective|p1a: Orthworm|1\n|-damage|p1a: Orthworm|0 fnt\n|faint|p1a: Orthworm\n|-damage|p2a: Incineroar|1/100|[from] Recoil\n|move|p1b: Incineroar|Darkest Lariat|p2b: Excadrill\n|-damage|p2b: Excadrill|0 fnt\n|faint|p2b: Excadrill\n|\n|-weather|Snowscape|[upkeep]\n|upkeep\n|\n|t:|1776093338\n|switch|p2b: Rotom|Rotom-Fan, L50|86/100\n|switch|p1a: Basculegion|Basculegion, L50, M, shiny|100/100\n|turn|6\n|\n|t:|1776093351\n|switch|p2a: Dragapult|Dragapult, L50, F|100/100\n|move|p2b: Rotom|Will-O-Wisp|p1a: Basculegion\n|-status|p1a: Basculegion|brn\n|move|p1a: Basculegion|Last Respects|p2b: Rotom\n|-damage|p2b: Rotom|26/100\n|move|p1b: Incineroar|Darkest Lariat|p2a: Dragapult\n|-supereffective|p2a: Dragapult|1\n|-damage|p2a: Dragapult|33/100\n|\n|-weather|Snowscape|[upkeep]\n|-damage|p1a: Basculegion|94/100 brn|[from] brn\n|upkeep\n|turn|7\n|\n|t:|1776093369\n|switch|p2b: Incineroar|Incineroar, L50, M|1/100\n|-ability|p2b: Incineroar|Intimidate|boost\n|-unboost|p1a: Basculegion|atk|1\n|-unboost|p1b: Incineroar|atk|1\n|move|p2a: Dragapult|Protect|p2a: Dragapult\n|-singleturn|p2a: Dragapult|Protect\n|move|p1a: Basculegion|Last Respects|p2a: Dragapult\n|-activate|p2a: Dragapult|move: Protect\n|move|p1b: Incineroar|Darkest Lariat|p2b: Incineroar\n|-resisted|p2b: Incineroar|1\n|-damage|p2b: Incineroar|0 fnt\n|faint|p2b: Incineroar\n|\n|-weather|Snowscape|[upkeep]\n|-damage|p1a: Basculegion|88/100 brn|[from] brn\n|upkeep\n|\n|t:|1776093377\n|switch|p2b: Rotom|Rotom-Fan, L50|26/100\n|turn|8\n|\n|t:|1776093387\n|move|p2b: Rotom|Volt Switch|p1a: Basculegion\n|-supereffective|p1a: Basculegion|1\n|-damage|p1a: Basculegion|19/100 brn\n|move|p2a: Dragapult|Shadow Ball|p1b: Incineroar\n|-resisted|p1b: Incineroar|1\n|-damage|p1b: Incineroar|0 fnt\n|faint|p1b: Incineroar\n|move|p1a: Basculegion|Last Respects|p2a: Dragapult\n|-supereffective|p2a: Dragapult|1\n|-damage|p2a: Dragapult|0 fnt\n|faint|p2a: Dragapult\n|\n|-weather|none\n|-damage|p1a: Basculegion|13/100 brn|[from] brn\n|upkeep\n|turn|9\n|\n|t:|1776093401\n|move|p2b: Rotom|Volt Switch|p1a: Basculegion\n|-supereffective|p1a: Basculegion|1\n|-damage|p1a: Basculegion|0 fnt\n|faint|p1a: Basculegion\n|\n|win|KogaAF1219\n|raw|Hibyehelp's rating: 1045 &rarr; <strong>1033</strong><br />(-12 for losing)\n|raw|KogaAF1219's rating: 1143 &rarr; <strong>1161</strong><br />(+18 for winning)\n|l|\u2606Hibyehelp\n|player|p1|\n",
  "uploadtime": 1776093406,
  "views": 17,
  "formatid": "gen9championsvgc2026regma",
  "rating": 1033,
  "private": 0,
  "password": null
}