{
  "id": "gen9championsvgc2026regma-2580508195",
  "format": "[Gen 9 Champions] VGC 2026 Reg M-A",
  "players": [
    "just-vibingfrl",
    "katkraydel"
  ],
  "log": "|j|\u2606just-vibingfrl\n|j|\u2606katkraydel\n|t:|1775906546\n|gametype|doubles\n|player|p1|just-vibingfrl|zinnia|\n|player|p2|katkraydel|emmet-masters|\n|gen|9\n|tier|[Gen 9 Champions] VGC 2026 Reg M-A\n|rated|Tournament battle\n|rule|Species Clause: Limit one of each Pok\u00e9mon\n|rule|Item Clause: Limit 1 of each item\n|raw|<div class=\"infobox\"><details class=\"readmore\" open><summary><strong>1 custom rule:</strong></summary> Force Open Team Sheets</details></div>\n|clearpoke\n|poke|p1|Clefable, L50, F|\n|poke|p1|Aegislash, L50, F|\n|poke|p1|Sinistcha, L50|\n|poke|p1|Arcanine-Hisui, L50, M|\n|poke|p1|Drampa, L50, F|\n|poke|p1|Rotom-Wash, L50|\n|poke|p2|Froslass, L50, F|\n|poke|p2|Primarina, L50, M|\n|poke|p2|Sinistcha, L50|\n|poke|p2|Kingambit, L50, M|\n|poke|p2|Sneasler, L50, M|\n|poke|p2|Arcanine-Hisui, L50, F|\n|teampreview|4\n|showteam|p1|Clefable||SitrusBerry|MagicGuard|Moonblast,HelpingHand,FollowMe,HealPulse|||F|||50|]Aegislash||SpellTag|StanceChange|Poltergeist,IronHead,KingsShield,SacredSword|||F|||50|]Sinistcha||MentalHerb|Hospitality|MatchaGotcha,TrickRoom,LifeDew,RagePowder||||||50|]Arcanine-Hisui||FocusSash|Intimidate|RockSlide,FlareBlitz,CloseCombat,Protect|||M|||50|]Drampa||Drampanite|CloudNine|HyperVoice,DragonPulse,HeatWave,Protect|||F|||50|]Rotom-Wash||ChoiceScarf|Levitate|HydroPump,Thunderbolt,VoltSwitch,Trick||||||50|\n|showteam|p2|Froslass||Froslassite|CursedBody|Blizzard,ShadowBall,AuroraVeil,Protect|||F|||50|]Primarina||Leftovers|LiquidVoice|HyperVoice,Moonblast,Substitute,Protect|||M|||50|]Sinistcha||SitrusBerry|Hospitality|MatchaGotcha,RagePowder,TrickRoom,Protect||||||50|]Kingambit||BlackGlasses|Defiant|SuckerPunch,KowtowCleave,SwordsDance,Protect|||M|||50|]Sneasler||FocusSash|PoisonTouch|FakeOut,DireClaw,CloseCombat,Protect|||M|||50|]Arcanine-Hisui||WhiteHerb|Intimidate|RockSlide,FlareBlitz,ExtremeSpeed,Protect|||F|||50|\n|j| ugcl\n|l| ugcl\n|\n|t:|1775906585\n|teamsize|p1|4\n|teamsize|p2|4\n|start\n|switch|p1a: Sinistcha|Sinistcha, L50|100/100\n|switch|p1b: Arcanine|Arcanine-Hisui, L50, M|100/100\n|switch|p2a: Froslass|Froslass, L50, F|100/100\n|switch|p2b: Arcanine|Arcanine-Hisui, L50, F|100/100\n|-ability|p1b: Arcanine|Intimidate|boost\n|-unboost|p2a: Froslass|atk|1\n|-unboost|p2b: Arcanine|atk|1\n|-ability|p2b: Arcanine|Intimidate|boost\n|-unboost|p1a: Sinistcha|atk|1\n|-unboost|p1b: Arcanine|atk|1\n|-enditem|p2b: Arcanine|White Herb\n|-clearnegativeboost|p2b: Arcanine|[silent]\n|turn|1\n|\n|t:|1775906605\n|switch|p1a: Drampa|Drampa, L50, F, shiny|100/100\n|-ability|p1a: Drampa|Cloud Nine\n|detailschange|p2a: Froslass|Froslass-Mega, L50, F\n|-mega|p2a: Froslass|Froslass|Froslassite\n|-weather|Snowscape|[from] ability: Snow Warning|[of] p2a: Froslass\n|move|p2a: Froslass|Blizzard|p1a: Drampa|[spread] p1b\n|-miss|p2a: Froslass|p1a: Drampa\n|-resisted|p1b: Arcanine|1\n|-damage|p1b: Arcanine|71/100\n|move|p1b: Arcanine|Close Combat|p2b: Arcanine\n|-supereffective|p2b: Arcanine|1\n|-damage|p2b: Arcanine|38/100\n|-unboost|p1b: Arcanine|def|1\n|-unboost|p1b: Arcanine|spd|1\n|move|p2b: Arcanine|Rock Slide|p1b: Arcanine|[spread] p1a,p1b\n|-supereffective|p1b: Arcanine|1\n|-damage|p1a: Drampa|73/100\n|-damage|p1b: Arcanine|0 fnt\n|faint|p1b: Arcanine\n|\n|-weather|Snowscape|[upkeep]\n|upkeep\n|\n|t:|1775906627\n|switch|p1b: Sinistcha|Sinistcha, L50|100/100\n|-heal|p1a: Drampa|98/100|[from] ability: Hospitality|[of] p1b: Sinistcha\n|turn|2\n|\n|t:|1775906632\n|move|p1a: Drampa|Protect|p1a: Drampa\n|-singleturn|p1a: Drampa|Protect\n|move|p2a: Froslass|Blizzard|p1a: Drampa|[spread] \n|-activate|p1a: Drampa|move: Protect\n|-miss|p2a: Froslass|p1b: Sinistcha\n|move|p2b: Arcanine|Flare Blitz|p1b: Sinistcha\n|-supereffective|p1b: Sinistcha|1\n|-damage|p1b: Sinistcha|5/100\n|-damage|p2b: Arcanine|5/100|[from] Recoil\n|move|p1b: Sinistcha|Trick Room|p1b: Sinistcha\n|-fieldstart|move: Trick Room|[of] p1b: Sinistcha\n|\n|-weather|Snowscape|[upkeep]\n|upkeep\n|turn|3\n|\n|t:|1775906649\n|detailschange|p1a: Drampa|Drampa-Mega, L50, F, shiny\n|-mega|p1a: Drampa|Drampa|Drampanite\n|move|p2b: Arcanine|Extreme Speed|p1a: Drampa\n|-crit|p1a: Drampa\n|-damage|p1a: Drampa|66/100\n|move|p1a: Drampa|Heat Wave|p2b: Arcanine|[spread] p2a,p2b\n|-supereffective|p2a: Froslass|1\n|-resisted|p2b: Arcanine|2\n|-damage|p2a: Froslass|32/100\n|-damage|p2b: Arcanine|0 fnt\n|faint|p2b: Arcanine\n|move|p1b: Sinistcha|Life Dew|p1b: Sinistcha|[spread] p1a,p1b\n|-heal|p1a: Drampa|91/100\n|-heal|p1b: Sinistcha|30/100\n|move|p2a: Froslass|Blizzard|p1a: Drampa|[spread] p1a,p1b\n|-supereffective|p1a: Drampa|1\n|-supereffective|p1b: Sinistcha|1\n|-damage|p1a: Drampa|18/100\n|-damage|p1b: Sinistcha|0 fnt\n|-status|p1a: Drampa|frz\n|faint|p1b: Sinistcha\n|-ability|p1a: Drampa|Berserk|boost\n|-boost|p1a: Drampa|spa|1\n|\n|-weather|Snowscape|[upkeep]\n|upkeep\n|c|\u2606just-vibingfrl|bro\n|c|\u2606katkraydel|W speed\n|\n|t:|1775906673\n|switch|p1b: Aegislash|Aegislash, L50, F|100/100\n|switch|p2b: Mario|Kingambit, L50, M|100/100\n|turn|4\n|c|\u2606katkraydel|also you can not complain when the only way you got here was through 3 misses\n|\n|t:|1775906692\n|cant|p1a: Drampa|frz\n|-formechange|p1b: Aegislash|Aegislash-Blade|\n|move|p1b: Aegislash|Sacred Sword|p2b: Mario\n|-supereffective|p2b: Mario|2\n|-damage|p2b: Mario|0 fnt\n|faint|p2b: Mario\n|move|p2a: Froslass|Blizzard|p1b: Aegislash|[spread] p1a,p1b\n|-supereffective|p1a: Drampa|1\n|-resisted|p1b: Aegislash|1\n|-damage|p1a: Drampa|0 fnt\n|-damage|p1b: Aegislash|63/100\n|faint|p1a: Drampa\n|\n|-weather|Snowscape|[upkeep]\n|upkeep\n|j| mysticmarshtomp\n|\n|t:|1775906697\n|switch|p2b: Sneasler|Sneasler, L50, M|100/100\n|turn|5\n|c|\u2606katkraydel|well uhm\n|\n|t:|1775906716\n|move|p2a: Froslass|Protect|p2a: Froslass\n|-singleturn|p2a: Froslass|Protect\n|move|p1b: Aegislash|Poltergeist|p2a: Froslass\n|-activate|p2a: Froslass|move: Protect\n|move|p2b: Sneasler|Dire Claw|p1b: Aegislash\n|-immune|p1b: Aegislash\n|\n|-weather|none\n|upkeep\n|turn|6\n|c|\u2606katkraydel|that's an awkward situation\n|\n|t:|1775906729\n|move|p2a: Froslass|Protect|p2a: Froslass\n|-singleturn|p2a: Froslass|Protect\n|move|p1b: Aegislash|Poltergeist|p2a: Froslass\n|-activate|p2a: Froslass|move: Protect\n|move|p2b: Sneasler|Close Combat|p2a: Froslass\n|-activate|p2a: Froslass|move: Protect\n|\n|-fieldend|move: Trick Room\n|upkeep\n|turn|7\n|c|\u2606just-vibingfrl|this GAME\n|c|\u2606katkraydel|W speed\n|\n|t:|1775906742\n|-formechange|p1b: Aegislash|Aegislash|\n|move|p1b: Aegislash|King's Shield|p1b: Aegislash\n|-singleturn|p1b: Aegislash|Protect\n|move|p2a: Froslass|Shadow Ball|p1b: Aegislash\n|-activate|p1b: Aegislash|move: Protect\n|move|p2b: Sneasler|Close Combat|p1b: Aegislash\n|-activate|p1b: Aegislash|move: Protect\n|-unboost|p2b: Sneasler|atk|1\n|\n|upkeep\n|turn|8\n|\n|t:|1775906755\n|move|p2a: Froslass|Shadow Ball|p1b: Aegislash\n|-supereffective|p1b: Aegislash|1\n|-damage|p1b: Aegislash|0 fnt\n|faint|p1b: Aegislash\n|\n|win|katkraydel\n|n|\u2606just-vibingfrl|justvibingfrl\n|n|\u2606katkraydel|katkraydel\n|n| mysticmarshtomp|mysticmarshtomp\n|c|\u2606just-vibingfrl|BROOOOOOOOOOOOOOOOOOOOOOOO\n|l| mysticmarshtomp\n",
  "uploadtime": 1775906771,
  "views": 17,
  "formatid": "gen9championsvgc2026regma",
  "rating": null,
  "private": 0,
  "password": null
}