{
  "id": "gen9championsvgc2026regma-2588739999",
  "format": "[Gen 9 Champions] VGC 2026 Reg M-A",
  "players": [
    "Hoshinaaa",
    "steven he vgc"
  ],
  "log": "|j|\u2606Hoshinaaa\n|j|\u2606steven he vgc\n|t:|1776664417\n|gametype|doubles\n|player|p1|Hoshinaaa|rosa|1782\n|player|p2|steven he vgc|101|1652\n|gen|9\n|tier|[Gen 9 Champions] VGC 2026 Reg M-A\n|rated|\n|rule|Species Clause: Limit one of each Pok\u00e9mon\n|rule|Item Clause: Limit 1 of each item\n|clearpoke\n|poke|p1|Starmie, L50|\n|poke|p1|Incineroar, L50, M|\n|poke|p1|Sinistcha-Masterpiece, L50|\n|poke|p1|Kingambit, L50, M|\n|poke|p1|Glimmora, L50, M|\n|poke|p1|Corviknight, L50, M|\n|poke|p2|Floette-Eternal, L50, F|\n|poke|p2|Sneasler, L50, M|\n|poke|p2|Incineroar, L50, F|\n|poke|p2|Kingambit, L50, F|\n|poke|p2|Palafin, L50, F|\n|poke|p2|Rotom-Mow, L50|\n|teampreview|4\n|inactive|Battle timer is ON: inactive players will automatically lose when time's up. (requested by Hoshinaaa)\n|j| jemymet\n|j| Alice369\n|\n|t:|1776664444\n|teamsize|p1|4\n|teamsize|p2|4\n|start\n|switch|p1a: Glimmora|Glimmora, L50, M|100/100\n|switch|p1b: Starmie|Starmie, L50|100/100\n|switch|p2a: Rotom|Rotom-Mow, L50|100/100\n|switch|p2b: Palafin|Palafin, L50, F|100/100\n|turn|1\n|c| jemymet|s\n|j| Xheadhonchkrow\n|\n|t:|1776664465\n|switch|p1b: Sinistcha|Sinistcha-Masterpiece, L50|100/100\n|move|p1a: Glimmora|Spiky Shield|p1a: Glimmora\n|-singleturn|p1a: Glimmora|move: Protect\n|move|p2b: Palafin|Protect|p2b: Palafin\n|-singleturn|p2b: Palafin|Protect\n|move|p2a: Rotom|Volt Switch|p1a: Glimmora\n|-activate|p1a: Glimmora|move: Protect\n|\n|upkeep\n|turn|2\n|j| M0AK\n|l| M0AK\n|inactive|steven he vgc has 30 seconds left.\n|\n|t:|1776664494\n|detailschange|p2b: Palafin|Palafin-Hero, L50, F\n|switch|p2b: Sneasler|Sneasler, L50, M|100/100\n|move|p2a: Rotom|Volt Switch|p1a: Glimmora\n|-damage|p1a: Glimmora|60/100\n|\n|t:|1776664496\n|switch|p2a: Kingambit|Kingambit, L50, F|100/100|[from] Volt Switch\n|move|p1a: Glimmora|Sludge Bomb|p2a: Kingambit\n|-immune|p2a: Kingambit\n|move|p1b: Sinistcha|Matcha Gotcha|p2a: Kingambit|[spread] p2b\n|-miss|p1b: Sinistcha|p2a: Kingambit\n|-resisted|p2b: Sneasler|1\n|-damage|p2b: Sneasler|85/100\n|\n|upkeep\n|turn|3\n|j| M0AK\n|inactive|Hoshinaaa has 30 seconds left.\n|\n|t:|1776664525\n|switch|p2b: Rotom|Rotom-Mow, L50|100/100\n|move|p1a: Glimmora|Earth Power|p2b: Rotom\n|-immune|p2b: Rotom|[from] ability: Levitate\n|move|p1b: Sinistcha|Matcha Gotcha|p2b: Rotom|[spread] p2a,p2b\n|-resisted|p2a: Kingambit|1\n|-resisted|p2b: Rotom|1\n|-damage|p2a: Kingambit|89/100\n|-damage|p2b: Rotom|85/100\n|-status|p2a: Kingambit|brn\n|-status|p2b: Rotom|brn\n|move|p2a: Kingambit|Kowtow Cleave|p1b: Sinistcha\n|-supereffective|p1b: Sinistcha|1\n|-enditem|p1b: Sinistcha|Colbur Berry|[eat]\n|-enditem|p1b: Sinistcha|Colbur Berry|[weaken]\n|-damage|p1b: Sinistcha|79/100\n|\n|-damage|p2b: Rotom|79/100 brn|[from] brn\n|-damage|p2a: Kingambit|83/100 brn|[from] brn\n|upkeep\n|turn|4\n|inactive|Hoshinaaa has 30 seconds left.\n|\n|t:|1776664554\n|move|p2b: Rotom|Electroweb|p1b: Sinistcha|[spread] p1a,p1b\n|-resisted|p1b: Sinistcha|1\n|-damage|p1a: Glimmora|35/100\n|-damage|p1b: Sinistcha|69/100\n|-unboost|p1a: Glimmora|spe|1\n|-unboost|p1b: Sinistcha|spe|1\n|move|p1a: Glimmora|Earth Power|p2a: Kingambit\n|-supereffective|p2a: Kingambit|1\n|-damage|p2a: Kingambit|11/100 brn\n|move|p2a: Kingambit|Kowtow Cleave|p1b: Sinistcha\n|-supereffective|p1b: Sinistcha|1\n|-crit|p1b: Sinistcha\n|-damage|p1b: Sinistcha|0 fnt\n|faint|p1b: Sinistcha\n|\n|-damage|p2b: Rotom|74/100 brn|[from] brn\n|-damage|p2a: Kingambit|5/100 brn|[from] brn\n|upkeep\n|\n|t:|1776664570\n|switch|p1b: Kingambit|Kingambit, L50, M|100/100\n|turn|5\n|\n|t:|1776664591\n|switch|p2b: Palafin|Palafin-Hero, L50, F|100/100\n|-activate|p2b: Palafin|ability: Zero to Hero\n|move|p2a: Kingambit|Sucker Punch|p1a: Glimmora\n|-damage|p1a: Glimmora|5/100\n|-activate|p1a: Glimmora|ability: Toxic Debris\n|-sidestart|p2: steven he vgc|move: Toxic Spikes\n|move|p1a: Glimmora|Earth Power|p2a: Kingambit\n|-supereffective|p2a: Kingambit|1\n|-crit|p2a: Kingambit\n|-damage|p2a: Kingambit|0 fnt\n|faint|p2a: Kingambit\n|move|p1b: Kingambit|Iron Head|p2b: Palafin\n|-resisted|p2b: Palafin|1\n|-damage|p2b: Palafin|84/100\n|\n|-heal|p2b: Palafin|89/100|[from] item: Leftovers\n|upkeep\n|\n|t:|1776664598\n|switch|p2a: Rotom|Rotom-Mow, L50|74/100 brn\n|turn|6\n|\n|t:|1776664621\n|move|p2b: Palafin|Jet Punch|p1a: Glimmora\n|-supereffective|p1a: Glimmora|1\n|-damage|p1a: Glimmora|0 fnt\n|-activate|p1a: Glimmora|ability: Toxic Debris\n|-sidestart|p2: steven he vgc|move: Toxic Spikes\n|faint|p1a: Glimmora\n|move|p2a: Rotom|Will-O-Wisp|p1b: Kingambit\n|-status|p1b: Kingambit|brn\n|move|p1b: Kingambit|Kowtow Cleave|p2b: Palafin\n|-damage|p2b: Palafin|72/100\n|\n|-heal|p2b: Palafin|77/100|[from] item: Leftovers\n|-damage|p2a: Rotom|68/100 brn|[from] brn\n|-damage|p1b: Kingambit|94/100 brn|[from] brn\n|upkeep\n|-message|Hoshinaaa forfeited.\n|\n|win|steven he vgc\n|raw|Hoshinaaa's rating: 1782 &rarr; <strong>1756</strong><br />(-26 for losing)\n|raw|steven he vgc's rating: 1668 &rarr; <strong>1694</strong><br />(+26 for winning)\n|l|\u2606Hoshinaaa\n|player|p1|\n|l| Xheadhonchkrow\n|l| Alice369\n|l| M0AK\n|l|\u2606steven he vgc\n|player|p2|\n",
  "uploadtime": 1776664637,
  "views": 32,
  "formatid": "gen9championsvgc2026regma",
  "rating": 1694,
  "private": 0,
  "password": null
}