{
  "id": "gen9championsvgc2026regma-2580766605",
  "format": "[Gen 9 Champions] VGC 2026 Reg M-A",
  "players": [
    "tunnelzx",
    "Mach_10_Mario"
  ],
  "log": "|j|\u2606tunnelzx\n|j|\u2606Mach_10_Mario\n|t:|1775930774\n|gametype|doubles\n|player|p1|tunnelzx|harlequin|1027\n|player|p2|Mach_10_Mario|266|1000\n|gen|9\n|tier|[Gen 9 Champions] VGC 2026 Reg M-A\n|rated|\n|rule|Species Clause: Limit one of each Pok\u00e9mon\n|rule|Item Clause: Limit 1 of each item\n|clearpoke\n|poke|p1|Ampharos, L50, F|\n|poke|p1|Incineroar, L50, M|\n|poke|p1|Farigiraf, L50, F|\n|poke|p1|Sableye, L50, F|\n|poke|p1|Orthworm, L50, M|\n|poke|p1|Tsareena, L50, F|\n|poke|p2|Meganium, L50, M|\n|poke|p2|Incineroar, L50, M|\n|poke|p2|Feraligatr, L50, M|\n|poke|p2|Talonflame, L50, M|\n|poke|p2|Garchomp, L50, M|\n|poke|p2|Lucario, L50, F|\n|teampreview|4\n|\n|t:|1775930793\n|teamsize|p1|4\n|teamsize|p2|4\n|start\n|switch|p1a: tigrudo|Incineroar, L50, M, shiny|100/100\n|switch|p1b: choo choo|Orthworm, L50, M, shiny|100/100\n|switch|p2a: Lucario|Lucario, L50, F|100/100\n|switch|p2b: Talonflame|Talonflame, L50, M, shiny|100/100\n|-ability|p1a: tigrudo|Intimidate|boost\n|-fail|p2a: Lucario|unboost|Attack|[from] ability: Inner Focus|[of] p2a: Lucario\n|-unboost|p2b: Talonflame|atk|1\n|turn|1\n|\n|t:|1775930811\n|move|p2b: Talonflame|Protect|p2b: Talonflame\n|-singleturn|p2b: Talonflame|Protect\n|move|p2a: Lucario|Protect|p2a: Lucario\n|-singleturn|p2a: Lucario|Protect\n|move|p1a: tigrudo|Fake Out|p2b: Talonflame\n|-activate|p2b: Talonflame|move: Protect\n|move|p1b: choo choo|Shed Tail|p1b: choo choo\n|-start|p1b: choo choo|Substitute|[from] move: Shed Tail\n|-damage|p1b: choo choo|50/100\n|\n|t:|1775930824\n|switch|p1b: Amphy|Ampharos, L50, F, shiny|100/100|[from] Shed Tail\n|\n|upkeep\n|turn|2\n|\n|t:|1775930844\n|detailschange|p2a: Lucario|Lucario-Mega, L50, F\n|-mega|p2a: Lucario|Lucario|Lucarionite\n|detailschange|p1b: Amphy|Ampharos-Mega, L50, F, shiny\n|-mega|p1b: Amphy|Ampharos|Ampharosite\n|-ability|p1b: Amphy|Mold Breaker\n|move|p2b: Talonflame|Blaze Kick|p1b: Amphy\n|-resisted|p1b: Amphy|1\n|-activate|p1b: Amphy|move: Substitute|[damage]\n|move|p2a: Lucario|Close Combat|p1a: tigrudo\n|-supereffective|p1a: tigrudo|1\n|-damage|p1a: tigrudo|0 fnt\n|-unboost|p2a: Lucario|def|1\n|-unboost|p2a: Lucario|spd|1\n|faint|p1a: tigrudo\n|move|p1b: Amphy|Thunderbolt|p2b: Talonflame\n|-supereffective|p2b: Talonflame|1\n|-damage|p2b: Talonflame|0 fnt\n|faint|p2b: Talonflame\n|\n|upkeep\n|\n|t:|1775930861\n|switch|p2b: Incineroar|Incineroar, L50, M, shiny|100/100\n|switch|p1a: giig|Farigiraf, L50, F|100/100\n|-ability|p2b: Incineroar|Intimidate|boost\n|-unboost|p1a: giig|atk|1\n|-immune|p1b: Amphy\n|turn|3\n|\n|t:|1775930878\n|move|p2a: Lucario|Close Combat|p1a: giig\n|-damage|p1a: giig|4/100\n|-unboost|p2a: Lucario|def|1\n|-unboost|p2a: Lucario|spd|1\n|move|p2b: Incineroar|Flare Blitz|p1a: giig\n|-damage|p1a: giig|0 fnt\n|faint|p1a: giig\n|-damage|p2b: Incineroar|99/100|[from] Recoil\n|move|p1b: Amphy|Focus Blast|p2a: Lucario\n|-supereffective|p2a: Lucario|1\n|-damage|p2a: Lucario|0 fnt\n|faint|p2a: Lucario\n|\n|-heal|p2b: Incineroar|100/100|[from] item: Leftovers\n|upkeep\n|\n|t:|1775930892\n|switch|p2a: Garchomp|Garchomp, L50, M|100/100\n|switch|p1a: choo choo|Orthworm, L50, M, shiny|50/100\n|turn|4\n|\n|t:|1775930902\n|move|p1a: choo choo|Protect|p1a: choo choo\n|-singleturn|p1a: choo choo|Protect\n|move|p2a: Garchomp|Stomping Tantrum|p1b: Amphy\n|-supereffective|p1b: Amphy|1\n|-end|p1b: Amphy|Substitute\n|move|p2b: Incineroar|Flare Blitz|p1a: choo choo\n|-activate|p1a: choo choo|move: Protect\n|move|p1b: Amphy|Dragon Pulse|p2a: Garchomp\n|-supereffective|p2a: Garchomp|1\n|-enditem|p2a: Garchomp|Focus Sash\n|-damage|p2a: Garchomp|1/100\n|\n|-heal|p1a: choo choo|56/100|[from] item: Leftovers\n|upkeep\n|turn|5\n|\n|t:|1775930924\n|move|p2b: Incineroar|Helping Hand|p2a: Garchomp\n|-singleturn|p2a: Garchomp|Helping Hand|[of] p2b: Incineroar\n|move|p1b: Amphy|Protect|p1b: Amphy\n|-singleturn|p1b: Amphy|Protect\n|move|p2a: Garchomp|Earthquake|p1b: Amphy|[spread] p2b\n|-activate|p1b: Amphy|move: Protect\n|-heal|p1a: choo choo|81/100|[from] ability: Earth Eater|[of] p2a: Garchomp\n|-supereffective|p2b: Incineroar|1\n|-damage|p2b: Incineroar|1/100\n|move|p1a: choo choo|Iron Defense|p1a: choo choo\n|-boost|p1a: choo choo|def|2\n|\n|-heal|p1a: choo choo|88/100|[from] item: Leftovers\n|-heal|p2b: Incineroar|7/100|[from] item: Leftovers\n|upkeep\n|turn|6\n|\n|t:|1775930951\n|move|p2b: Incineroar|Helping Hand|p2a: Garchomp\n|-singleturn|p2a: Garchomp|Helping Hand|[of] p2b: Incineroar\n|move|p2a: Garchomp|Earthquake|p1a: choo choo|[spread] p2b,p1b\n|-heal|p1a: choo choo|100/100|[from] ability: Earth Eater|[of] p2a: Garchomp\n|-supereffective|p2b: Incineroar|1\n|-supereffective|p1b: Amphy|1\n|-damage|p2b: Incineroar|0 fnt\n|-damage|p1b: Amphy|3/100\n|faint|p2b: Incineroar\n|move|p1a: choo choo|Heavy Slam|p2a: Garchomp\n|-damage|p2a: Garchomp|0 fnt\n|-damage|p1a: choo choo|88/100|[from] ability: Rough Skin|[of] p2a: Garchomp\n|faint|p2a: Garchomp\n|\n|win|tunnelzx\n|raw|tunnelzx's rating: 1027 &rarr; <strong>1060</strong><br />(+33 for winning)\n|raw|Mach_10_Mario's rating: 1000 &rarr; <strong>1000</strong><br />(+0 for losing)\n|l|\u2606Mach_10_Mario\n|player|p2|\n",
  "uploadtime": 1775931045,
  "views": 20,
  "formatid": "gen9championsvgc2026regma",
  "rating": 1000,
  "private": 0,
  "password": null
}