{
  "id": "gen9championsvgc2026regma-2585259687",
  "format": "[Gen 9 Champions] VGC 2026 Reg M-A",
  "players": [
    "afjkegk",
    "isabellissima"
  ],
  "log": "|j|\u2606afjkegk\n|j|\u2606isabellissima\n|t:|1776331022\n|gametype|doubles\n|player|p1|afjkegk|266|1144\n|player|p2|isabellissima|265|1078\n|gen|9\n|tier|[Gen 9 Champions] VGC 2026 Reg M-A\n|rated|\n|rule|Species Clause: Limit one of each Pok\u00e9mon\n|rule|Item Clause: Limit 1 of each item\n|clearpoke\n|poke|p1|Pelipper, L50, F|\n|poke|p1|Feraligatr, L50, M|\n|poke|p1|Palafin, L50, F|\n|poke|p1|Raichu, L50, M|\n|poke|p1|Gengar, L50, M|\n|poke|p1|Arcanine, L50, F|\n|poke|p2|Incineroar, L50, F|\n|poke|p2|Gengar, L50, F|\n|poke|p2|Sneasler, L50, M|\n|poke|p2|Maushold-Four, L50|\n|poke|p2|Kommo-o, L50, F|\n|poke|p2|Politoed, L50, M|\n|teampreview|4\n|inactive|Battle timer is ON: inactive players will automatically lose when time's up. (requested by afjkegk)\n|\n|t:|1776331057\n|teamsize|p1|4\n|teamsize|p2|4\n|start\n|switch|p1a: Pelipper|Pelipper, L50, F, shiny|100/100\n|switch|p1b: Palafin|Palafin, L50, F|100/100\n|switch|p2a: Maushold|Maushold-Four, L50|100/100\n|switch|p2b: Gengar|Gengar, L50, F, shiny|100/100\n|-weather|RainDance|[from] ability: Drizzle|[of] p1a: Pelipper\n|turn|1\n|\n|t:|1776331081\n|detailschange|p2b: Gengar|Gengar-Mega, L50, F, shiny\n|-mega|p2b: Gengar|Gengar|Gengarite\n|move|p2b: Gengar|Protect|p2b: Gengar\n|-singleturn|p2b: Gengar|Protect\n|move|p1b: Palafin|Jet Punch|p2b: Gengar\n|-activate|p2b: Gengar|move: Protect\n|move|p2a: Maushold|Super Fang|p1a: Pelipper\n|-damage|p1a: Pelipper|51/100\n|move|p1a: Pelipper|Tailwind|p1a: Pelipper\n|-sidestart|p1: afjkegk|move: Tailwind\n|\n|-weather|RainDance|[upkeep]\n|upkeep\n|turn|2\n|\n|t:|1776331106\n|move|p2a: Maushold|Follow Me|p2a: Maushold\n|-singleturn|p2a: Maushold|move: Follow Me\n|move|p1b: Palafin|Flip Turn|p2a: Maushold\n|-damage|p2a: Maushold|50/100\n|\n|t:|1776331112\n|detailschange|p1b: Palafin|Palafin-Hero, L50, F\n|switch|p1b: Raichu|Raichu, L50, M|100/100|[from] Flip Turn\n|move|p1a: Pelipper|Hurricane|p2a: Maushold\n|-damage|p2a: Maushold|4/100\n|move|p2b: Gengar|Shadow Ball|p1b: Raichu\n|-damage|p1b: Raichu|19/100\n|-unboost|p1b: Raichu|spd|1\n|\n|-weather|RainDance|[upkeep]\n|-heal|p1b: Raichu|25/100|[from] item: Leftovers\n|upkeep\n|turn|3\n|\n|t:|1776331133\n|move|p2a: Maushold|Protect|p2a: Maushold\n|-singleturn|p2a: Maushold|Protect\n|move|p2b: Gengar|Protect|p2b: Gengar\n|-singleturn|p2b: Gengar|Protect\n|move|p1b: Raichu|Thunder|p2b: Gengar\n|-activate|p2b: Gengar|move: Protect\n|move|p1a: Pelipper|Hurricane|p2b: Gengar\n|-activate|p2b: Gengar|move: Protect\n|\n|-weather|RainDance|[upkeep]\n|-heal|p1b: Raichu|31/100|[from] item: Leftovers\n|upkeep\n|turn|4\n|\n|t:|1776331156\n|move|p2a: Maushold|Follow Me|p2a: Maushold\n|-singleturn|p2a: Maushold|move: Follow Me\n|move|p1b: Raichu|Volt Switch|p2a: Maushold\n|-damage|p2a: Maushold|0 fnt\n|faint|p2a: Maushold\n|\n|t:|1776331162\n|switch|p1b: Palafin|Palafin-Hero, L50, F|100/100|[from] Volt Switch\n|-activate|p1b: Palafin|ability: Zero to Hero\n|move|p1a: Pelipper|Hurricane|p2b: Gengar\n|-damage|p2b: Gengar|61/100\n|move|p2b: Gengar|Substitute|p2b: Gengar\n|-start|p2b: Gengar|Substitute\n|-damage|p2b: Gengar|36/100\n|\n|-weather|RainDance|[upkeep]\n|-sideend|p1: afjkegk|move: Tailwind\n|upkeep\n|\n|t:|1776331171\n|switch|p2a: Sneasler|Sneasler, L50, M|100/100\n|turn|5\n|\n|t:|1776331193\n|move|p2a: Sneasler|Fake Out|p1a: Pelipper\n|-damage|p1a: Pelipper|34/100\n|move|p1b: Palafin|Jet Punch|p2b: Gengar\n|-end|p2b: Gengar|Substitute\n|move|p2b: Gengar|Shadow Ball|p1b: Palafin\n|-damage|p1b: Palafin|47/100\n|-unboost|p1b: Palafin|spd|1\n|cant|p1a: Pelipper|flinch\n|\n|-weather|none\n|upkeep\n|turn|6\n|inactive|isabellissima has 30 seconds left.\n|\n|t:|1776331223\n|move|p2b: Gengar|Protect|p2b: Gengar\n|-singleturn|p2b: Gengar|Protect\n|move|p2a: Sneasler|Dire Claw|p1a: Pelipper\n|-damage|p1a: Pelipper|0 fnt\n|faint|p1a: Pelipper\n|move|p1b: Palafin|Wave Crash|p2a: Sneasler\n|-damage|p2a: Sneasler|0 fnt\n|faint|p2a: Sneasler\n|-damage|p1b: Palafin|18/100|[from] Recoil\n|\n|upkeep\n|\n|t:|1776331236\n|switch|p2a: Kommo-o|Kommo-o, L50, F, shiny|100/100\n|switch|p1a: Raichu|Raichu, L50, M|31/100\n|turn|7\n|\n|t:|1776331256\n|move|p1b: Palafin|Jet Punch|p2b: Gengar\n|-damage|p2b: Gengar|0 fnt\n|faint|p2b: Gengar\n|move|p1a: Raichu|Dazzling Gleam|p2a: Kommo-o\n|-supereffective|p2a: Kommo-o|2\n|-damage|p2a: Kommo-o|13/100\n|move|p2a: Kommo-o|Clangorous Soul||[still]\n|-fail|p2a: Kommo-o\n|\n|-heal|p1a: Raichu|37/100|[from] item: Leftovers\n|upkeep\n|turn|8\n|\n|t:|1776331272\n|move|p1b: Palafin|Flip Turn|p2a: Kommo-o\n|-resisted|p2a: Kommo-o|1\n|-damage|p2a: Kommo-o|0 fnt\n|faint|p2a: Kommo-o\n|\n|win|afjkegk\n|raw|afjkegk's rating: 1144 &rarr; <strong>1164</strong><br />(+20 for winning)\n|raw|isabellissima's rating: 1078 &rarr; <strong>1060</strong><br />(-18 for losing)\n",
  "uploadtime": 1776331275,
  "views": 43,
  "formatid": "gen9championsvgc2026regma",
  "rating": 1060,
  "private": 0,
  "password": null
}