{
  "id": "gen9championsvgc2026regma-2585602016",
  "format": "[Gen 9 Champions] VGC 2026 Reg M-A",
  "players": [
    "grotto22",
    "tapiocabun27"
  ],
  "log": "|j|\u2606grotto22\n|j|\u2606tapiocabun27\n|t:|1776358203\n|gametype|doubles\n|player|p1|grotto22|li|1194\n|player|p2|tapiocabun27|hilbert|1099\n|gen|9\n|tier|[Gen 9 Champions] VGC 2026 Reg M-A\n|rated|\n|rule|Species Clause: Limit one of each Pok\u00e9mon\n|rule|Item Clause: Limit 1 of each item\n|clearpoke\n|poke|p1|Starmie, L50|\n|poke|p1|Pelipper, L50, F|\n|poke|p1|Archaludon, L50, M|\n|poke|p1|Tsareena, L50, F|\n|poke|p1|Primarina, L50, F|\n|poke|p1|Maushold, L50|\n|poke|p2|Aggron, L50, F|\n|poke|p2|Incineroar, L50, M|\n|poke|p2|Tyranitar, L50, M|\n|poke|p2|Milotic, L50, F|\n|poke|p2|Sinistcha, L50|\n|poke|p2|Garchomp, L50, M|\n|teampreview|4\n|\n|t:|1776358243\n|teamsize|p1|4\n|teamsize|p2|4\n|start\n|switch|p1a: Starmie|Starmie, L50|100/100\n|switch|p1b: Tsareena|Tsareena, L50, F|100/100\n|switch|p2a: Sinistcha|Sinistcha, L50|100/100\n|switch|p2b: Aggron|Aggron, L50, F|100/100\n|turn|1\n|\n|t:|1776358275\n|detailschange|p1a: Starmie|Starmie-Mega, L50\n|-mega|p1a: Starmie|Starmie|Starminite\n|detailschange|p2b: Aggron|Aggron-Mega, L50, F\n|-mega|p2b: Aggron|Aggron|Aggronite\n|move|p1a: Starmie|Ice Spinner|p2a: Sinistcha\n|-supereffective|p2a: Sinistcha|1\n|-damage|p2a: Sinistcha|12/100\n|move|p1b: Tsareena|Knock Off|p2a: Sinistcha\n|-supereffective|p2a: Sinistcha|1\n|-damage|p2a: Sinistcha|0 fnt\n|-enditem|p2a: Sinistcha|Focus Sash|[from] move: Knock Off|[of] p1b: Tsareena\n|faint|p2a: Sinistcha\n|move|p2b: Aggron|Iron Defense|p2b: Aggron\n|-boost|p2b: Aggron|def|2\n|\n|upkeep\n|\n|t:|1776358282\n|switch|p2a: Incineroar|Incineroar, L50, M|100/100\n|-ability|p2a: Incineroar|Intimidate|boost\n|-unboost|p1a: Starmie|atk|1\n|-unboost|p1b: Tsareena|atk|1\n|turn|2\n|\n|t:|1776358308\n|switch|p1a: Pelipper|Pelipper, L50, F|100/100\n|-weather|RainDance|[from] ability: Drizzle|[of] p1a: Pelipper\n|move|p2a: Incineroar|Fake Out||[still]\n|cant|p1b: Tsareena|ability: Queenly Majesty|Fake Out|[of] p2a: Incineroar\n|move|p1b: Tsareena|Knock Off|p2a: Incineroar\n|-resisted|p2a: Incineroar|1\n|-damage|p2a: Incineroar|90/100\n|-enditem|p2a: Incineroar|Sitrus Berry|[from] move: Knock Off|[of] p1b: Tsareena\n|move|p2b: Aggron|Body Press|p1b: Tsareena\n|-damage|p1b: Tsareena|18/100\n|\n|-weather|RainDance|[upkeep]\n|upkeep\n|turn|3\n|\n|t:|1776358342\n|move|p2b: Aggron|Protect|p2b: Aggron\n|-singleturn|p2b: Aggron|Protect\n|move|p1a: Pelipper|Tailwind|p1a: Pelipper\n|-sidestart|p1: grotto22|move: Tailwind\n|move|p1b: Tsareena|U-turn|p2a: Incineroar\n|-damage|p2a: Incineroar|74/100\n|\n|t:|1776358348\n|switch|p1b: Starmie|Starmie-Mega, L50|100/100|[from] U-turn\n|move|p2a: Incineroar|Parting Shot|p1a: Pelipper\n|-unboost|p1a: Pelipper|atk|1\n|-unboost|p1a: Pelipper|spa|1\n|\n|t:|1776358352\n|switch|p2a: Tyranitar|Tyranitar, L50, M|100/100|[from] Parting Shot\n|-weather|Sandstorm|[from] ability: Sand Stream|[of] p2a: Tyranitar\n|\n|-weather|Sandstorm|[upkeep]\n|-damage|p1b: Starmie|95/100|[from] Sandstorm\n|-damage|p1a: Pelipper|95/100|[from] Sandstorm\n|upkeep\n|turn|4\n|\n|t:|1776358372\n|switch|p1a: Tsareena|Tsareena, L50, F|18/100\n|move|p1b: Starmie|Liquidation|p2a: Tyranitar\n|-supereffective|p2a: Tyranitar|1\n|-damage|p2a: Tyranitar|0 fnt\n|faint|p2a: Tyranitar\n|move|p2b: Aggron|Body Press|p1b: Starmie\n|-resisted|p1b: Starmie|1\n|-damage|p1b: Starmie|40/100\n|\n|-weather|Sandstorm|[upkeep]\n|-damage|p1b: Starmie|34/100|[from] Sandstorm\n|-damage|p1a: Tsareena|12/100|[from] Sandstorm\n|upkeep\n|\n|t:|1776358379\n|switch|p2a: Incineroar|Incineroar, L50, M|74/100\n|-ability|p2a: Incineroar|Intimidate|boost\n|-unboost|p1a: Tsareena|atk|1\n|-unboost|p1b: Starmie|atk|1\n|turn|5\n|\n|t:|1776358397\n|switch|p1b: Pelipper|Pelipper, L50, F|95/100\n|-weather|RainDance|[from] ability: Drizzle|[of] p1b: Pelipper\n|move|p1a: Tsareena|Trop Kick|p2b: Aggron\n|-resisted|p2b: Aggron|1\n|-damage|p2b: Aggron|96/100\n|-unboost|p2b: Aggron|atk|1\n|move|p2a: Incineroar|Darkest Lariat|p1b: Pelipper\n|-damage|p1b: Pelipper|45/100\n|move|p2b: Aggron|Iron Defense|p2b: Aggron\n|-boost|p2b: Aggron|def|2\n|\n|-weather|RainDance|[upkeep]\n|upkeep\n|turn|6\n|\n|t:|1776358421\n|move|p1b: Pelipper|Weather Ball|p2a: Incineroar\n|-supereffective|p2a: Incineroar|1\n|-damage|p2a: Incineroar|0 fnt\n|faint|p2a: Incineroar\n|move|p1a: Tsareena|Trop Kick|p2b: Aggron\n|-resisted|p2b: Aggron|1\n|-damage|p2b: Aggron|94/100\n|-unboost|p2b: Aggron|atk|1\n|move|p2b: Aggron|Iron Defense|p2b: Aggron\n|-boost|p2b: Aggron|def|2\n|\n|-weather|RainDance|[upkeep]\n|-sideend|p1: grotto22|move: Tailwind\n|upkeep\n|turn|7\n|\n|t:|1776358437\n|move|p1b: Pelipper|Tailwind|p1b: Pelipper\n|-sidestart|p1: grotto22|move: Tailwind\n|move|p1a: Tsareena|Trop Kick|p2b: Aggron\n|-resisted|p2b: Aggron|1\n|-crit|p2b: Aggron\n|-damage|p2b: Aggron|73/100\n|-unboost|p2b: Aggron|atk|1\n|move|p2b: Aggron|Body Press|p1b: Pelipper\n|-resisted|p1b: Pelipper|1\n|-damage|p1b: Pelipper|0 fnt\n|faint|p1b: Pelipper\n|\n|-weather|RainDance|[upkeep]\n|upkeep\n|\n|t:|1776358448\n|switch|p1b: Archaludon|Archaludon, L50, M|100/100\n|turn|8\n|\n|t:|1776358461\n|move|p1b: Archaludon|Aura Sphere|p2b: Aggron\n|-supereffective|p2b: Aggron|1\n|-damage|p2b: Aggron|28/100\n|move|p1a: Tsareena|Trop Kick|p2b: Aggron\n|-resisted|p2b: Aggron|1\n|-damage|p2b: Aggron|26/100\n|-unboost|p2b: Aggron|atk|1\n|move|p2b: Aggron|Body Press|p1b: Archaludon\n|-supereffective|p1b: Archaludon|1\n|-damage|p1b: Archaludon|0 fnt\n|faint|p1b: Archaludon\n|\n|-weather|RainDance|[upkeep]\n|upkeep\n|\n|t:|1776358473\n|switch|p1b: Starmie|Starmie-Mega, L50|34/100\n|turn|9\n|\n|t:|1776358486\n|move|p1b: Starmie|Liquidation|p2b: Aggron\n|-damage|p2b: Aggron|10/100\n|move|p1a: Tsareena|Knock Off|p2b: Aggron\n|-damage|p2b: Aggron|7/100\n|move|p2b: Aggron|Body Press|p1b: Starmie\n|-resisted|p1b: Starmie|1\n|-damage|p1b: Starmie|0 fnt\n|faint|p1b: Starmie\n|\n|-weather|none\n|upkeep\n|turn|10\n|\n|t:|1776358499\n|move|p2b: Aggron|Protect|p2b: Aggron\n|-singleturn|p2b: Aggron|Protect\n|move|p1a: Tsareena|Knock Off|p2b: Aggron\n|-activate|p2b: Aggron|move: Protect\n|\n|-sideend|p1: grotto22|move: Tailwind\n|upkeep\n|turn|11\n|\n|t:|1776358511\n|move|p1a: Tsareena|Knock Off|p2b: Aggron\n|-damage|p2b: Aggron|5/100\n|move|p2b: Aggron|Body Press|p1a: Tsareena\n|-damage|p1a: Tsareena|0 fnt\n|faint|p1a: Tsareena\n|\n|win|tapiocabun27\n|raw|grotto22's rating: 1194 &rarr; <strong>1162</strong><br />(-32 for losing)\n|raw|tapiocabun27's rating: 1099 &rarr; <strong>1131</strong><br />(+32 for winning)\n",
  "uploadtime": 1776358517,
  "views": 31,
  "formatid": "gen9championsvgc2026regma",
  "rating": 1131,
  "private": 0,
  "password": null
}