{
  "id": "gen9championsvgc2026regma-2582148480",
  "format": "[Gen 9 Champions] VGC 2026 Reg M-A",
  "players": [
    "Novicebest",
    "NiruSadaro"
  ],
  "log": "|j|\u2606Novicebest\n|j|\u2606NiruSadaro\n|t:|1776064237\n|gametype|doubles\n|player|p1|Novicebest|dawn|1286\n|player|p2|NiruSadaro|169|1232\n|gen|9\n|tier|[Gen 9 Champions] VGC 2026 Reg M-A\n|rated|\n|rule|Species Clause: Limit one of each Pok\u00e9mon\n|rule|Item Clause: Limit 1 of each item\n|clearpoke\n|poke|p1|Charizard, L50, M|\n|poke|p1|Whimsicott, L50, F|\n|poke|p1|Farigiraf, L50, F|\n|poke|p1|Sneasler, L50, F|\n|poke|p1|Rotom-Wash, L50|\n|poke|p1|Incineroar, L50, M|\n|poke|p2|Froslass, L50, F|\n|poke|p2|Incineroar, L50, M|\n|poke|p2|Garchomp, L50, M|\n|poke|p2|Rotom-Frost, L50|\n|poke|p2|Empoleon, L50, M|\n|poke|p2|Kingambit, L50, M|\n|teampreview|4\n|inactive|Battle timer is ON: inactive players will automatically lose when time's up. (requested by Novicebest)\n|\n|t:|1776064266\n|teamsize|p1|4\n|teamsize|p2|4\n|start\n|switch|p1a: Charizard|Charizard, L50, M|100/100\n|switch|p1b: Whimsicott|Whimsicott, L50, F|100/100\n|switch|p2a: Froslass|Froslass, L50, F|100/100\n|switch|p2b: Rotom|Rotom-Frost, L50|100/100\n|turn|1\n|inactive|NiruSadaro has 30 seconds left.\n|inactive|NiruSadaro has 20 seconds left.\n|inactive|NiruSadaro has 15 seconds left.\n|\n|t:|1776064307\n|switch|p2b: Garchomp|Garchomp, L50, M|100/100\n|switch|p1b: Incineroar|Incineroar, L50, M|100/100\n|-ability|p1b: Incineroar|Intimidate|boost\n|-unboost|p2a: Froslass|atk|1\n|-unboost|p2b: Garchomp|atk|1\n|-enditem|p2b: Garchomp|White Herb\n|-clearnegativeboost|p2b: Garchomp|[silent]\n|move|p2a: Froslass|Protect|p2a: Froslass\n|-singleturn|p2a: Froslass|Protect\n|move|p1a: Charizard|Protect||[still]\n|-fail|p1a: Charizard\n|\n|upkeep\n|turn|2\n|inactive|NiruSadaro has 30 seconds left.\n|inactive|NiruSadaro has 20 seconds left.\n|\n|t:|1776064342\n|switch|p2a: Incineroar|Incineroar, L50, M|100/100\n|-ability|p2a: Incineroar|Intimidate|boost\n|-unboost|p1a: Charizard|atk|1\n|-unboost|p1b: Incineroar|atk|1\n|detailschange|p1a: Charizard|Charizard-Mega-Y, L50, M\n|-mega|p1a: Charizard|Charizard|Charizardite Y\n|-weather|SunnyDay|[from] ability: Drought|[of] p1a: Charizard\n|move|p1b: Incineroar|Fake Out|p2b: Garchomp\n|-damage|p2b: Garchomp|93/100\n|-damage|p1b: Incineroar|88/100|[from] ability: Rough Skin|[of] p2b: Garchomp\n|cant|p2b: Garchomp|flinch\n|move|p1a: Charizard|Heat Wave|p2a: Incineroar|[spread] p2a,p2b\n|-resisted|p2a: Incineroar|1\n|-resisted|p2b: Garchomp|1\n|-damage|p2a: Incineroar|71/100\n|-damage|p2b: Garchomp|56/100\n|\n|-weather|SunnyDay|[upkeep]\n|upkeep\n|turn|3\n|inactive|NiruSadaro has 30 seconds left.\n|inactive|NiruSadaro has 20 seconds left.\n|inactive|NiruSadaro has 15 seconds left.\n|inactive|NiruSadaro has 10 seconds left.\n|inactive|NiruSadaro has 5 seconds left.\n|\n|t:|1776064398\n|switch|p1b: Whimsicott|Whimsicott, L50, F|100/100\n|move|p2b: Garchomp|Protect|p2b: Garchomp\n|-singleturn|p2b: Garchomp|Protect\n|move|p1a: Charizard|Protect|p1a: Charizard\n|-singleturn|p1a: Charizard|Protect\n|move|p2a: Incineroar|Fake Out|p1a: Charizard\n|-activate|p1a: Charizard|move: Protect\n|\n|-weather|SunnyDay|[upkeep]\n|upkeep\n|turn|4\n|inactive|NiruSadaro has 30 seconds left.\n|inactive|NiruSadaro has 20 seconds left.\n|inactive|NiruSadaro has 15 seconds left.\n|\n|t:|1776064439\n|move|p1b: Whimsicott|Moonblast|p2b: Garchomp\n|-supereffective|p2b: Garchomp|1\n|-damage|p2b: Garchomp|0 fnt\n|faint|p2b: Garchomp\n|move|p1a: Charizard|Heat Wave|p2a: Incineroar\n|-resisted|p2a: Incineroar|1\n|-crit|p2a: Incineroar\n|-damage|p2a: Incineroar|10/100\n|-enditem|p2a: Incineroar|Sitrus Berry|[eat]\n|-heal|p2a: Incineroar|35/100|[from] item: Sitrus Berry\n|move|p2a: Incineroar|Flare Blitz|p1b: Whimsicott\n|-supereffective|p1b: Whimsicott|1\n|-enditem|p1b: Whimsicott|Focus Sash\n|-damage|p1b: Whimsicott|1/100\n|-status|p1b: Whimsicott|brn\n|-damage|p2a: Incineroar|13/100|[from] Recoil\n|\n|-weather|SunnyDay|[upkeep]\n|-damage|p1b: Whimsicott|0 fnt|[from] brn\n|faint|p1b: Whimsicott\n|upkeep\n|\n|t:|1776064459\n|switch|p1b: Incineroar|Incineroar, L50, M|88/100\n|switch|p2b: Rotom|Rotom-Frost, L50|100/100\n|-ability|p1b: Incineroar|Intimidate|boost\n|-unboost|p2a: Incineroar|atk|1\n|-unboost|p2b: Rotom|atk|1\n|turn|5\n|\n|t:|1776064481\n|move|p1b: Incineroar|Fake Out|p2b: Rotom\n|-damage|p2b: Rotom|87/100\n|cant|p2b: Rotom|flinch\n|move|p1a: Charizard|Heat Wave|p2a: Incineroar|[spread] p2a,p2b\n|-resisted|p2a: Incineroar|1\n|-supereffective|p2b: Rotom|1\n|-damage|p2a: Incineroar|0 fnt\n|-damage|p2b: Rotom|0 fnt\n|faint|p2a: Incineroar\n|faint|p2b: Rotom\n|\n|-weather|SunnyDay|[upkeep]\n|upkeep\n|\n|t:|1776064492\n|switch|p2a: Froslass|Froslass, L50, F|100/100\n|turn|6\n|\n|t:|1776064516\n|switch|p1a: Sneasler|Sneasler, L50, F|100/100\n|detailschange|p2a: Froslass|Froslass-Mega, L50, F\n|-mega|p2a: Froslass|Froslass|Froslassite\n|-weather|Snowscape|[from] ability: Snow Warning|[of] p2a: Froslass\n|move|p2a: Froslass|Blizzard|p1a: Sneasler|[spread] p1a,p1b\n|-resisted|p1b: Incineroar|1\n|-damage|p1a: Sneasler|32/100\n|-damage|p1b: Incineroar|67/100\n|-status|p1b: Incineroar|frz\n|cant|p1b: Incineroar|frz\n|\n|-weather|Snowscape|[upkeep]\n|upkeep\n|turn|7\n|\n|t:|1776064540\n|move|p1a: Sneasler|Rock Tomb|p2a: Froslass\n|-supereffective|p2a: Froslass|1\n|-damage|p2a: Froslass|50/100\n|-unboost|p2a: Froslass|spe|1\n|move|p2a: Froslass|Shadow Ball|p1b: Incineroar\n|-resisted|p1b: Incineroar|1\n|-damage|p1b: Incineroar|45/100 frz\n|-enditem|p1b: Incineroar|Sitrus Berry|[eat]\n|-heal|p1b: Incineroar|69/100 frz|[from] item: Sitrus Berry\n|cant|p1b: Incineroar|frz\n|\n|-weather|Snowscape|[upkeep]\n|upkeep\n|turn|8\n|-message|NiruSadaro forfeited.\n|\n|win|Novicebest\n|raw|Novicebest's rating: 1286 &rarr; <strong>1307</strong><br />(+21 for winning)\n|raw|NiruSadaro's rating: 1232 &rarr; <strong>1211</strong><br />(-21 for losing)\n|l|\u2606NiruSadaro\n|player|p2|\n",
  "uploadtime": 1776064556,
  "views": 24,
  "formatid": "gen9championsvgc2026regma",
  "rating": 1211,
  "private": 0,
  "password": null
}