{
  "id": "gen9championsvgc2026regma-2584950000",
  "format": "[Gen 9 Champions] VGC 2026 Reg M-A",
  "players": [
    "akechi_c",
    "cam777x"
  ],
  "log": "|j|\u2606akechi_c\n|j|\u2606cam777x\n|t:|1776297372\n|gametype|doubles\n|player|p1|akechi_c|2|1072\n|player|p2|cam777x|102|1136\n|gen|9\n|tier|[Gen 9 Champions] VGC 2026 Reg M-A\n|rated|\n|rule|Species Clause: Limit one of each Pok\u00e9mon\n|rule|Item Clause: Limit 1 of each item\n|clearpoke\n|poke|p1|Aurorus, L50, M|\n|poke|p1|Froslass, L50, F|\n|poke|p1|Cofagrigus, L50, F|\n|poke|p1|Whimsicott, L50, F|\n|poke|p1|Samurott-Hisui, L50, M|\n|poke|p1|Zoroark-Hisui, L50, M|\n|poke|p2|Kangaskhan, L50, F|\n|poke|p2|Basculegion, L50, M|\n|poke|p2|Pelipper, L50, F|\n|poke|p2|Archaludon, L50, F|\n|poke|p2|Tauros-Paldea-Aqua, L50, M|\n|poke|p2|Aerodactyl, L50, M|\n|teampreview|4\n|inactive|Battle timer is ON: inactive players will automatically lose when time's up. (requested by akechi_c)\n|inactive|akechi_c has 60 seconds left.\n|\n|t:|1776297418\n|teamsize|p1|4\n|teamsize|p2|4\n|start\n|switch|p1a: Froslass|Froslass, L50, F|100/100\n|switch|p1b: Samurott|Samurott-Hisui, L50, M, shiny|100/100\n|switch|p2a: Kangaskhan|Kangaskhan, L50, F, shiny|100/100\n|switch|p2b: Basculegion|Basculegion, L50, M|100/100\n|turn|1\n|inactive|cam777x has 30 seconds left.\n|\n|t:|1776297450\n|detailschange|p1a: Froslass|Froslass-Mega, L50, F\n|-mega|p1a: Froslass|Froslass|Froslassite\n|-weather|Snowscape|[from] ability: Snow Warning|[of] p1a: Froslass\n|detailschange|p2a: Kangaskhan|Kangaskhan-Mega, L50, F, shiny\n|-mega|p2a: Kangaskhan|Kangaskhan|Kangaskhanite\n|move|p2a: Kangaskhan|Fake Out|p1b: Samurott\n|-immune|p1b: Samurott\n|move|p2b: Basculegion|Flip Turn|p1a: Froslass\n|-damage|p1a: Froslass|64/100\n|\n|t:|1776297462\n|switch|p2b: Tauros|Tauros-Paldea-Aqua, L50, M|100/100|[from] Flip Turn\n|-ability|p2b: Tauros|Intimidate|boost\n|-unboost|p1a: Froslass|atk|1\n|-unboost|p1b: Samurott|atk|1\n|move|p1a: Froslass|Aurora Veil|p1a: Froslass\n|-sidestart|p1: akechi_c|move: Aurora Veil\n|move|p1b: Samurott|Bitter Malice|p2b: Tauros\n|-damage|p2b: Tauros|41/100\n|-unboost|p2b: Tauros|atk|1\n|-enditem|p2b: Tauros|White Herb\n|-clearnegativeboost|p2b: Tauros|[silent]\n|\n|-weather|Snowscape|[upkeep]\n|upkeep\n|turn|2\n|\n|t:|1776297480\n|move|p2a: Kangaskhan|Sucker Punch|p1a: Froslass\n|-supereffective|p1a: Froslass|1\n|-damage|p1a: Froslass|32/100\n|-supereffective|p1a: Froslass|1\n|-damage|p1a: Froslass|24/100\n|-hitcount|p1a: Froslass|2\n|move|p1a: Froslass|Blizzard|p2b: Tauros|[spread] p2a,p2b\n|-resisted|p2b: Tauros|1\n|-damage|p2a: Kangaskhan|69/100\n|-damage|p2b: Tauros|10/100\n|move|p1b: Samurott|Hyper Beam|p2a: Kangaskhan\n|-damage|p2a: Kangaskhan|0 fnt\n|-mustrecharge|p1b: Samurott\n|faint|p2a: Kangaskhan\n|move|p2b: Tauros|Close Combat|p1b: Samurott\n|-immune|p1b: Samurott\n|\n|-weather|Snowscape|[upkeep]\n|upkeep\n|inactive|cam777x has 30 seconds left.\n|\n|t:|1776297506\n|switch|p2a: Basculegion|Basculegion, L50, M|100/100\n|turn|3\n|\n|t:|1776297516\n|move|p2a: Basculegion|Last Respects|p1a: Froslass\n|-supereffective|p1a: Froslass|1\n|-damage|p1a: Froslass|0 fnt\n|faint|p1a: Froslass\n|cant|p1b: Samurott|recharge\n|move|p2b: Tauros|Close Combat|p1b: Samurott\n|-immune|p1b: Samurott\n|\n|-weather|Snowscape|[upkeep]\n|upkeep\n|\n|t:|1776297524\n|switch|p1a: Aurorus|Aurorus, L50, M, shiny|100/100\n|turn|4\n|\n|t:|1776297534\n|move|p2a: Basculegion|Last Respects|p1b: Samurott\n|-immune|p1b: Samurott\n|move|p1b: Samurott|Bitter Malice|p2a: Basculegion\n|-supereffective|p2a: Basculegion|1\n|-damage|p2a: Basculegion|16/100\n|-unboost|p2a: Basculegion|atk|1\n|move|p2b: Tauros|Wave Crash|p1a: Aurorus\n|-supereffective|p1a: Aurorus|1\n|-damage|p1a: Aurorus|41/100\n|-damage|p2b: Tauros|0 fnt|[from] Recoil\n|faint|p2b: Tauros\n|move|p1a: Aurorus|Hyper Voice|p2a: Basculegion\n|-resisted|p2a: Basculegion|1\n|-damage|p2a: Basculegion|0 fnt\n|faint|p2a: Basculegion\n|\n|-weather|Snowscape|[upkeep]\n|upkeep\n|\n|t:|1776297552\n|switch|p2b: Archaludon|Archaludon, L50, F|100/100\n|turn|5\n|\n|t:|1776297558\n|move|p1b: Samurott|Hyper Beam|p2b: Archaludon\n|-resisted|p2b: Archaludon|1\n|-damage|p2b: Archaludon|29/100\n|-mustrecharge|p1b: Samurott\n|-ability|p2b: Archaludon|Stamina|boost\n|-boost|p2b: Archaludon|def|1\n|-enditem|p2b: Archaludon|Sitrus Berry|[eat]\n|-heal|p2b: Archaludon|53/100|[from] item: Sitrus Berry\n|move|p2b: Archaludon|Flash Cannon|p1a: Aurorus\n|-supereffective|p1a: Aurorus|2\n|-damage|p1a: Aurorus|0 fnt\n|faint|p1a: Aurorus\n|\n|-weather|none\n|-sideend|p1: akechi_c|move: Aurora Veil\n|upkeep\n|\n|t:|1776297566\n|switch|p1a: Samurott|Samurott-Hisui, L50, M, shiny|100/100\n|turn|6\n|\n|t:|1776297587\n|move|p1a: Samurott|Sacred Sword|p2b: Archaludon\n|-supereffective|p2b: Archaludon|1\n|-damage|p2b: Archaludon|0 fnt\n|faint|p2b: Archaludon\n|\n|win|akechi_c\n|raw|akechi_c's rating: 1072 &rarr; <strong>1107</strong><br />(+35 for winning)\n|raw|cam777x's rating: 1136 &rarr; <strong>1106</strong><br />(-30 for losing)\n|l|\u2606cam777x\n|player|p2|\n",
  "uploadtime": 1776297608,
  "views": 20,
  "formatid": "gen9championsvgc2026regma",
  "rating": 1106,
  "private": 0,
  "password": null
}