{
  "id": "gen9championsvgc2026regma-2585618752",
  "format": "[Gen 9 Champions] VGC 2026 Reg M-A",
  "players": [
    "mazakalas",
    "vnunesp12"
  ],
  "log": "|j|\u2606mazakalas\n|j|\u2606vnunesp12\n|t:|1776359262\n|gametype|doubles\n|player|p1|mazakalas|170|1109\n|player|p2|vnunesp12|red|1053\n|gen|9\n|tier|[Gen 9 Champions] VGC 2026 Reg M-A\n|rated|\n|rule|Species Clause: Limit one of each Pok\u00e9mon\n|rule|Item Clause: Limit 1 of each item\n|clearpoke\n|poke|p1|Talonflame, L50, F|\n|poke|p1|Garchomp, L50, M|\n|poke|p1|Floette-Eternal, L50, F|\n|poke|p1|Aegislash, L50, M|\n|poke|p1|Incineroar, L50, F|\n|poke|p1|Rotom-Wash, L50|\n|poke|p2|Manectric, L50, M|\n|poke|p2|Pelipper, L50, M|\n|poke|p2|Basculegion, L50, M|\n|poke|p2|Sneasler, L50, M|\n|poke|p2|Kingambit, L50, M|\n|poke|p2|Archaludon, L50, M|\n|teampreview|4\n|inactive|Battle timer is ON: inactive players will automatically lose when time's up. (requested by vnunesp12)\n|inactive|mazakalas has 60 seconds left.\n|inactive|vnunesp12 has 60 seconds left.\n|\n|t:|1776359310\n|teamsize|p1|4\n|teamsize|p2|4\n|start\n|switch|p1a: Talonflame|Talonflame, L50, F|100/100\n|switch|p1b: Aegislash|Aegislash, L50, M|100/100\n|switch|p2a: \u00c9verton Ribeiro|Pelipper, L50, M|100/100\n|switch|p2b: Pulga|Sneasler, L50, M|100/100\n|-weather|RainDance|[from] ability: Drizzle|[of] p2a: \u00c9verton Ribeiro\n|turn|1\n|\n|t:|1776359333\n|move|p1a: Talonflame|Protect|p1a: Talonflame\n|-singleturn|p1a: Talonflame|Protect\n|move|p1b: Aegislash|King's Shield|p1b: Aegislash\n|-singleturn|p1b: Aegislash|Protect\n|move|p2b: Pulga|Fake Out|p1a: Talonflame\n|-activate|p1a: Talonflame|move: Protect\n|move|p2a: \u00c9verton Ribeiro|Tailwind|p2a: \u00c9verton Ribeiro\n|-sidestart|p2: vnunesp12|move: Tailwind\n|\n|-weather|RainDance|[upkeep]\n|upkeep\n|turn|2\n|inactive|mazakalas has 30 seconds left.\n|\n|t:|1776359360\n|move|p2b: Pulga|Protect|p2b: Pulga\n|-singleturn|p2b: Pulga|Protect\n|move|p1a: Talonflame|Tailwind|p1a: Talonflame\n|-sidestart|p1: mazakalas|move: Tailwind\n|move|p2a: \u00c9verton Ribeiro|Weather Ball|p1a: Talonflame\n|-supereffective|p1a: Talonflame|1\n|-damage|p1a: Talonflame|0 fnt\n|faint|p1a: Talonflame\n|-formechange|p1b: Aegislash|Aegislash-Blade|\n|move|p1b: Aegislash|Poltergeist|p2a: \u00c9verton Ribeiro\n|-activate|p2a: \u00c9verton Ribeiro|move: Poltergeist|Focus Sash\n|-damage|p2a: \u00c9verton Ribeiro|19/100\n|\n|-weather|RainDance|[upkeep]\n|upkeep\n|\n|t:|1776359374\n|switch|p1a: Garchomp|Garchomp, L50, M|100/100\n|turn|3\n|\n|t:|1776359390\n|-formechange|p1b: Aegislash|Aegislash|\n|move|p1b: Aegislash|King's Shield|p1b: Aegislash\n|-singleturn|p1b: Aegislash|Protect\n|move|p2b: Pulga|Close Combat|p1a: Garchomp\n|-damage|p1a: Garchomp|48/100\n|-unboost|p2b: Pulga|def|1\n|-unboost|p2b: Pulga|spd|1\n|-damage|p2b: Pulga|88/100|[from] ability: Rough Skin|[of] p1a: Garchomp\n|-enditem|p2b: Pulga|White Herb\n|-clearnegativeboost|p2b: Pulga|[silent]\n|move|p1a: Garchomp|Earthquake|p2b: Pulga|[spread] p2b\n|-activate|p1b: Aegislash|move: Protect\n|-immune|p2a: \u00c9verton Ribeiro\n|-supereffective|p2b: Pulga|1\n|-damage|p2b: Pulga|0 fnt\n|faint|p2b: Pulga\n|move|p2a: \u00c9verton Ribeiro|Weather Ball|p1a: Garchomp\n|-damage|p1a: Garchomp|0 fnt\n|faint|p1a: Garchomp\n|\n|-weather|RainDance|[upkeep]\n|upkeep\n|inactive|vnunesp12 has 30 seconds left.\n|\n|t:|1776359419\n|switch|p2b: Jean Lucas|Basculegion, L50, M|100/100\n|switch|p1a: Floette|Floette-Eternal, L50, F|100/100\n|turn|4\n|inactive|mazakalas has 30 seconds left.\n|\n|t:|1776359450\n|detailschange|p1a: Floette|Floette-Mega, L50, F\n|-mega|p1a: Floette|Floette|Floettite\n|-ability|p1a: Floette|Fairy Aura\n|move|p2b: Jean Lucas|Flip Turn|p1a: Floette\n|-damage|p1a: Floette|65/100\n|\n|t:|1776359456\n|switch|p2b: Ronaldo|Archaludon, L50, M|100/100|[from] Flip Turn\n|move|p1a: Floette|Dazzling Gleam|p2b: Ronaldo|[spread] p2a,p2b\n|-damage|p2a: \u00c9verton Ribeiro|0 fnt\n|-damage|p2b: Ronaldo|39/100\n|-ability|p2b: Ronaldo|Stamina|boost\n|-boost|p2b: Ronaldo|def|1\n|faint|p2a: \u00c9verton Ribeiro\n|-formechange|p1b: Aegislash|Aegislash-Blade|\n|move|p1b: Aegislash|Poltergeist|p2b: Ronaldo\n|-activate|p2b: Ronaldo|move: Poltergeist|Leftovers\n|-damage|p2b: Ronaldo|6/100\n|-ability|p2b: Ronaldo|Stamina|boost\n|-boost|p2b: Ronaldo|def|1\n|\n|-weather|RainDance|[upkeep]\n|-heal|p2b: Ronaldo|12/100|[from] item: Leftovers\n|-sideend|p2: vnunesp12|move: Tailwind\n|upkeep\n|\n|t:|1776359476\n|switch|p2a: Jean Lucas|Basculegion, L50, M|100/100\n|turn|5\n|\n|t:|1776359496\n|move|p1a: Floette|Protect|p1a: Floette\n|-singleturn|p1a: Floette|Protect\n|-formechange|p1b: Aegislash|Aegislash|\n|move|p1b: Aegislash|King's Shield|p1b: Aegislash\n|-singleturn|p1b: Aegislash|Protect\n|move|p2b: Ronaldo|Protect|p2b: Ronaldo\n|-singleturn|p2b: Ronaldo|Protect\n|move|p2a: Jean Lucas|Last Respects|p1a: Floette\n|-activate|p1a: Floette|move: Protect\n|\n|-weather|none\n|-heal|p2b: Ronaldo|18/100|[from] item: Leftovers\n|-sideend|p1: mazakalas|move: Tailwind\n|upkeep\n|turn|6\n|\n|t:|1776359520\n|move|p2a: Jean Lucas|Last Respects|p1a: Floette\n|-damage|p1a: Floette|0 fnt\n|faint|p1a: Floette\n|move|p2b: Ronaldo|Draco Meteor|p1b: Aegislash\n|-resisted|p1b: Aegislash|1\n|-crit|p1b: Aegislash\n|-damage|p1b: Aegislash|62/100\n|-unboost|p2b: Ronaldo|spa|2\n|-formechange|p1b: Aegislash|Aegislash-Blade|\n|move|p1b: Aegislash|Poltergeist|p2a: Jean Lucas\n|-activate|p2a: Jean Lucas|move: Poltergeist|Choice Scarf\n|-supereffective|p2a: Jean Lucas|1\n|-damage|p2a: Jean Lucas|0 fnt\n|faint|p2a: Jean Lucas\n|\n|-heal|p2b: Ronaldo|24/100|[from] item: Leftovers\n|upkeep\n|turn|7\n|inactive|vnunesp12 has 30 seconds left.\n|\n|t:|1776359547\n|-formechange|p1b: Aegislash|Aegislash|\n|move|p1b: Aegislash|King's Shield|p1b: Aegislash\n|-singleturn|p1b: Aegislash|Protect\n|move|p2b: Ronaldo|Electro Shot||[still]\n|-prepare|p2b: Ronaldo|Electro Shot\n|-boost|p2b: Ronaldo|spa|1\n|\n|-heal|p2b: Ronaldo|30/100|[from] item: Leftovers\n|upkeep\n|turn|8\n|\n|t:|1776359558\n|move|p2b: Ronaldo|Electro Shot|p1b: Aegislash|[from] lockedmove\n|-damage|p1b: Aegislash|35/100\n|-formechange|p1b: Aegislash|Aegislash-Blade|\n|move|p1b: Aegislash|Poltergeist|p2b: Ronaldo\n|-activate|p2b: Ronaldo|move: Poltergeist|Leftovers\n|-damage|p2b: Ronaldo|4/100\n|-ability|p2b: Ronaldo|Stamina|boost\n|-boost|p2b: Ronaldo|def|1\n|\n|-heal|p2b: Ronaldo|10/100|[from] item: Leftovers\n|upkeep\n|turn|9\n|\n|t:|1776359575\n|move|p2b: Ronaldo|Protect|p2b: Ronaldo\n|-singleturn|p2b: Ronaldo|Protect\n|move|p1b: Aegislash|Shadow Sneak|p2b: Ronaldo\n|-activate|p2b: Ronaldo|move: Protect\n|\n|-heal|p2b: Ronaldo|16/100|[from] item: Leftovers\n|upkeep\n|turn|10\n|\n|t:|1776359591\n|move|p1b: Aegislash|Shadow Sneak|p2b: Ronaldo\n|-damage|p2b: Ronaldo|8/100\n|-ability|p2b: Ronaldo|Stamina|boost\n|-boost|p2b: Ronaldo|def|1\n|move|p2b: Ronaldo|Electro Shot||[still]\n|-prepare|p2b: Ronaldo|Electro Shot\n|-boost|p2b: Ronaldo|spa|1\n|\n|-heal|p2b: Ronaldo|14/100|[from] item: Leftovers\n|upkeep\n|turn|11\n|\n|t:|1776359602\n|-formechange|p1b: Aegislash|Aegislash|\n|move|p1b: Aegislash|King's Shield|p1b: Aegislash\n|-singleturn|p1b: Aegislash|Protect\n|move|p2b: Ronaldo|Electro Shot|p1b: Aegislash|[from] lockedmove\n|-activate|p1b: Aegislash|move: Protect\n|\n|-heal|p2b: Ronaldo|20/100|[from] item: Leftovers\n|upkeep\n|turn|12\n|\n|t:|1776359618\n|move|p2b: Ronaldo|Protect|p2b: Ronaldo\n|-singleturn|p2b: Ronaldo|Protect\n|-formechange|p1b: Aegislash|Aegislash-Blade|\n|move|p1b: Aegislash|Poltergeist|p2b: Ronaldo\n|-activate|p2b: Ronaldo|move: Protect\n|\n|-heal|p2b: Ronaldo|26/100|[from] item: Leftovers\n|upkeep\n|turn|13\n|\n|t:|1776359630\n|move|p2b: Ronaldo|Electro Shot||[still]\n|-prepare|p2b: Ronaldo|Electro Shot\n|-boost|p2b: Ronaldo|spa|1\n|move|p1b: Aegislash|Poltergeist|p2b: Ronaldo\n|-activate|p2b: Ronaldo|move: Poltergeist|Leftovers\n|-damage|p2b: Ronaldo|9/100\n|-ability|p2b: Ronaldo|Stamina|boost\n|-boost|p2b: Ronaldo|def|1\n|\n|-heal|p2b: Ronaldo|15/100|[from] item: Leftovers\n|upkeep\n|turn|14\n|\n|t:|1776359642\n|-formechange|p1b: Aegislash|Aegislash|\n|move|p1b: Aegislash|King's Shield|p1b: Aegislash\n|-singleturn|p1b: Aegislash|Protect\n|move|p2b: Ronaldo|Electro Shot|p1b: Aegislash|[from] lockedmove\n|-activate|p1b: Aegislash|move: Protect\n|\n|-heal|p2b: Ronaldo|21/100|[from] item: Leftovers\n|upkeep\n|turn|15\n|\n|t:|1776359661\n|move|p2b: Ronaldo|Protect|p2b: Ronaldo\n|-singleturn|p2b: Ronaldo|Protect\n|-formechange|p1b: Aegislash|Aegislash-Blade|\n|move|p1b: Aegislash|Poltergeist|p2b: Ronaldo\n|-activate|p2b: Ronaldo|move: Protect\n|\n|-heal|p2b: Ronaldo|27/100|[from] item: Leftovers\n|upkeep\n|turn|16\n|\n|t:|1776359682\n|move|p2b: Ronaldo|Electro Shot||[still]\n|-prepare|p2b: Ronaldo|Electro Shot\n|-boost|p2b: Ronaldo|spa|1\n|move|p1b: Aegislash|Poltergeist|p2b: Ronaldo\n|-activate|p2b: Ronaldo|move: Poltergeist|Leftovers\n|-damage|p2b: Ronaldo|12/100\n|-ability|p2b: Ronaldo|Stamina|boost\n|-boost|p2b: Ronaldo|def|1\n|\n|-heal|p2b: Ronaldo|18/100|[from] item: Leftovers\n|upkeep\n|turn|17\n|\n|t:|1776359695\n|-formechange|p1b: Aegislash|Aegislash|\n|move|p1b: Aegislash|King's Shield|p1b: Aegislash\n|-singleturn|p1b: Aegislash|Protect\n|move|p2b: Ronaldo|Electro Shot|p1b: Aegislash|[from] lockedmove\n|-activate|p1b: Aegislash|move: Protect\n|\n|-heal|p2b: Ronaldo|24/100|[from] item: Leftovers\n|upkeep\n|turn|18\n|\n|t:|1776359712\n|move|p2b: Ronaldo|Protect|p2b: Ronaldo\n|-singleturn|p2b: Ronaldo|Protect\n|-formechange|p1b: Aegislash|Aegislash-Blade|\n|move|p1b: Aegislash|Iron Head|p2b: Ronaldo\n|-activate|p2b: Ronaldo|move: Protect\n|\n|-heal|p2b: Ronaldo|30/100|[from] item: Leftovers\n|upkeep\n|turn|19\n|inactive|vnunesp12 has 30 seconds left.\n|\n|t:|1776359742\n|move|p2b: Ronaldo|Electro Shot||[still]\n|-prepare|p2b: Ronaldo|Electro Shot\n|-boost|p2b: Ronaldo|spa|1\n|move|p1b: Aegislash|Iron Head|p2b: Ronaldo\n|-resisted|p2b: Ronaldo|1\n|-damage|p2b: Ronaldo|26/100\n|\n|-heal|p2b: Ronaldo|32/100|[from] item: Leftovers\n|upkeep\n|turn|20\n|\n|t:|1776359754\n|-formechange|p1b: Aegislash|Aegislash|\n|move|p1b: Aegislash|King's Shield|p1b: Aegislash\n|-singleturn|p1b: Aegislash|Protect\n|move|p2b: Ronaldo|Electro Shot|p1b: Aegislash|[from] lockedmove\n|-activate|p1b: Aegislash|move: Protect\n|\n|-heal|p2b: Ronaldo|39/100|[from] item: Leftovers\n|upkeep\n|turn|21\n|c|\u2606mazakalas|crit crit crit critttt\n|\n|t:|1776359774\n|move|p2b: Ronaldo|Electro Shot||[still]\n|-prepare|p2b: Ronaldo|Electro Shot\n|-boost|p2b: Ronaldo|spa|1\n|-formechange|p1b: Aegislash|Aegislash-Blade|\n|move|p1b: Aegislash|Iron Head|p2b: Ronaldo\n|-resisted|p2b: Ronaldo|1\n|-damage|p2b: Ronaldo|35/100\n|\n|-heal|p2b: Ronaldo|41/100|[from] item: Leftovers\n|upkeep\n|turn|22\n|\n|t:|1776359786\n|move|p1b: Aegislash|Shadow Sneak|p2b: Ronaldo\n|-damage|p2b: Ronaldo|36/100\n|move|p2b: Ronaldo|Electro Shot|p1b: Aegislash|[from] lockedmove\n|-damage|p1b: Aegislash|0 fnt\n|faint|p1b: Aegislash\n|\n|win|vnunesp12\n|raw|mazakalas's rating: 1109 &rarr; <strong>1080</strong><br />(-29 for losing)\n|raw|vnunesp12's rating: 1053 &rarr; <strong>1090</strong><br />(+37 for winning)\n|c|\u2606mazakalas|gg\n|l|\u2606mazakalas\n|player|p1|\n|l|\u2606vnunesp12\n|player|p2|\n|j|\u2606vnunesp12\n|player|p2|vnunesp12|red|\n",
  "uploadtime": 1776359905,
  "views": 29,
  "formatid": "gen9championsvgc2026regma",
  "rating": 1080,
  "private": 0,
  "password": null
}