{
  "id": "gen9championsvgc2026regma-2587840469",
  "format": "[Gen 9 Champions] VGC 2026 Reg M-A",
  "players": [
    "Twishts",
    "jaesun0810"
  ],
  "log": "|j|\u2606Twishts\n|j|\u2606jaesun0810\n|t:|1776569438\n|gametype|doubles\n|player|p1|Twishts|policeman-gen4|1408\n|player|p2|jaesun0810|102|1505\n|gen|9\n|tier|[Gen 9 Champions] VGC 2026 Reg M-A\n|rated|\n|rule|Species Clause: Limit one of each Pok\u00e9mon\n|rule|Item Clause: Limit 1 of each item\n|clearpoke\n|poke|p1|Aerodactyl, L50, F|\n|poke|p1|Garchomp, L50, F|\n|poke|p1|Milotic, L50, F|\n|poke|p1|Floette-Eternal, L50, F|\n|poke|p1|Incineroar, L50, F|\n|poke|p1|Scizor, L50, F|\n|poke|p2|Basculegion, L50, M|\n|poke|p2|Sableye, L50, F|\n|poke|p2|Archaludon, L50, F|\n|poke|p2|Meganium, L50, F|\n|poke|p2|Pelipper, L50, F|\n|poke|p2|Sneasler, L50, M|\n|teampreview|4\n|inactive|Battle timer is ON: inactive players will automatically lose when time's up. (requested by Twishts)\n|\n|t:|1776569456\n|teamsize|p1|4\n|teamsize|p2|4\n|start\n|switch|p1a: Aerodactyl|Aerodactyl, L50, F|100/100\n|switch|p1b: Garchomp|Garchomp, L50, F|100/100\n|switch|p2a: Pelipper|Pelipper, L50, F|100/100\n|switch|p2b: Basculegion|Basculegion, L50, M|100/100\n|-ability|p1a: Aerodactyl|Unnerve\n|-weather|RainDance|[from] ability: Drizzle|[of] p2a: Pelipper\n|turn|1\n|j| tylerpserialkiller\n|inactive|jaesun0810 has 30 seconds left.\n|\n|t:|1776569488\n|move|p2b: Basculegion|Wave Crash|p1b: Garchomp\n|-damage|p1b: Garchomp|0 fnt\n|-damage|p2b: Basculegion|88/100|[from] ability: Rough Skin|[of] p1b: Garchomp\n|faint|p1b: Garchomp\n|-damage|p2b: Basculegion|57/100|[from] Recoil\n|move|p1a: Aerodactyl|Tailwind|p1a: Aerodactyl\n|-sidestart|p1: Twishts|move: Tailwind\n|move|p2a: Pelipper|Tailwind|p2a: Pelipper\n|-sidestart|p2: jaesun0810|move: Tailwind\n|\n|-weather|RainDance|[upkeep]\n|upkeep\n|\n|t:|1776569498\n|switch|p1b: Floette|Floette-Eternal, L50, F|100/100\n|turn|2\n|\n|t:|1776569508\n|switch|p1b: Milotic|Milotic, L50, F|100/100\n|move|p2a: Pelipper|Wide Guard|p2a: Pelipper\n|-singleturn|p2a: Pelipper|Wide Guard\n|move|p2b: Basculegion|Wave Crash|p1b: Milotic\n|-resisted|p1b: Milotic|1\n|-damage|p1b: Milotic|48/100\n|-damage|p2b: Basculegion|40/100|[from] Recoil\n|move|p1a: Aerodactyl|Rock Slide|p2b: Basculegion|[spread] \n|-activate|p2a: Pelipper|move: Wide Guard\n|-activate|p2b: Basculegion|move: Wide Guard\n|\n|-weather|RainDance|[upkeep]\n|-heal|p1b: Milotic|53/100|[from] item: Leftovers\n|upkeep\n|turn|3\n|\n|t:|1776569520\n|move|p1a: Aerodactyl|Protect|p1a: Aerodactyl\n|-singleturn|p1a: Aerodactyl|Protect\n|move|p1b: Milotic|Protect|p1b: Milotic\n|-singleturn|p1b: Milotic|Protect\n|move|p2b: Basculegion|Flip Turn|p1a: Aerodactyl\n|-activate|p1a: Aerodactyl|move: Protect\n|move|p2a: Pelipper|Weather Ball|p1a: Aerodactyl\n|-activate|p1a: Aerodactyl|move: Protect\n|\n|-weather|RainDance|[upkeep]\n|-heal|p1b: Milotic|59/100|[from] item: Leftovers\n|upkeep\n|turn|4\n|\n|t:|1776569538\n|move|p2b: Basculegion|Flip Turn|p1a: Aerodactyl\n|-supereffective|p1a: Aerodactyl|1\n|-enditem|p1a: Aerodactyl|Focus Sash\n|-damage|p1a: Aerodactyl|1/100\n|\n|t:|1776569542\n|switch|p2b: Archaludon|Archaludon, L50, F|100/100|[from] Flip Turn\n|move|p1a: Aerodactyl|Rock Slide|p2b: Archaludon|[spread] p2b\n|-miss|p1a: Aerodactyl|p2a: Pelipper\n|-resisted|p2b: Archaludon|1\n|-damage|p2b: Archaludon|91/100\n|-ability|p2b: Archaludon|Stamina|boost\n|-boost|p2b: Archaludon|def|1\n|move|p2a: Pelipper|Weather Ball|p1a: Aerodactyl\n|-supereffective|p1a: Aerodactyl|1\n|-damage|p1a: Aerodactyl|0 fnt\n|faint|p1a: Aerodactyl\n|move|p1b: Milotic|Life Dew|p1b: Milotic\n|-heal|p1b: Milotic|85/100\n|\n|-weather|RainDance|[upkeep]\n|-heal|p1b: Milotic|91/100|[from] item: Leftovers\n|-heal|p2b: Archaludon|97/100|[from] item: Leftovers\n|-sideend|p1: Twishts|move: Tailwind\n|-sideend|p2: jaesun0810|move: Tailwind\n|upkeep\n|c|\u2606Twishts|miss gg\n|\n|t:|1776569554\n|switch|p1a: Floette|Floette-Eternal, L50, F|100/100\n|turn|5\n|c|\u2606jaesun0810|no\n|c|\u2606jaesun0810|gg\n|\n|t:|1776569573\n|detailschange|p1a: Floette|Floette-Mega, L50, F\n|-mega|p1a: Floette|Floette|Floettite\n|-ability|p1a: Floette|Fairy Aura\n|move|p1b: Milotic|Protect|p1b: Milotic\n|-singleturn|p1b: Milotic|Protect\n|move|p1a: Floette|Calm Mind|p1a: Floette\n|-boost|p1a: Floette|spa|1\n|-boost|p1a: Floette|spd|1\n|move|p2a: Pelipper|Tailwind|p2a: Pelipper\n|-sidestart|p2: jaesun0810|move: Tailwind\n|move|p2b: Archaludon|Electro Shot||[still]\n|-prepare|p2b: Archaludon|Electro Shot\n|-boost|p2b: Archaludon|spa|1\n|-anim|p2b: Archaludon|Electro Shot|p1b: Milotic\n|-activate|p1b: Milotic|move: Protect\n|\n|-weather|none\n|-heal|p2b: Archaludon|100/100|[from] item: Leftovers\n|-heal|p1b: Milotic|97/100|[from] item: Leftovers\n|upkeep\n|turn|6\n|\n|t:|1776569588\n|switch|p2a: Sneasler|Sneasler, L50, M|100/100\n|move|p2b: Archaludon|Flash Cannon|p1a: Floette\n|-supereffective|p1a: Floette|1\n|-damage|p1a: Floette|52/100\n|move|p1a: Floette|Moonblast|p2b: Archaludon\n|-damage|p2b: Archaludon|0 fnt\n|faint|p2b: Archaludon\n|move|p1b: Milotic|Life Dew|p1b: Milotic|[spread] p1a,p1b\n|-heal|p1a: Floette|77/100\n|-heal|p1b: Milotic|100/100\n|\n|upkeep\n|\n|t:|1776569596\n|switch|p2b: Pelipper|Pelipper, L50, F|100/100\n|-weather|RainDance|[from] ability: Drizzle|[of] p2b: Pelipper\n|turn|7\n|\n|t:|1776569621\n|move|p1a: Floette|Protect|p1a: Floette\n|-singleturn|p1a: Floette|Protect\n|move|p2a: Sneasler|Fake Out|p1b: Milotic\n|-damage|p1b: Milotic|86/100\n|move|p2b: Pelipper|Hurricane|p1b: Milotic\n|-damage|p1b: Milotic|57/100\n|-start|p1b: Milotic|confusion\n|cant|p1b: Milotic|flinch\n|\n|-weather|RainDance|[upkeep]\n|-heal|p1b: Milotic|63/100|[from] item: Leftovers\n|upkeep\n|turn|8\n|c|\u2606jaesun0810|gg\n|c|\u2606jaesun0810|gg\n|l| tylerpserialkiller\n|inactive|Twishts has 30 seconds left.\n|\n|t:|1776569648\n|move|p1a: Floette|Protect|p1a: Floette\n|-singleturn|p1a: Floette|Protect\n|move|p2a: Sneasler|Dire Claw|p1a: Floette\n|-activate|p1a: Floette|move: Protect\n|move|p2b: Pelipper|Weather Ball|p1a: Floette\n|-activate|p1a: Floette|move: Protect\n|-activate|p1b: Milotic|confusion\n|move|p1b: Milotic|Life Dew|p1b: Milotic|[spread] p1a,p1b\n|-heal|p1a: Floette|100/100\n|-heal|p1b: Milotic|89/100\n|\n|-weather|RainDance|[upkeep]\n|-heal|p1b: Milotic|95/100|[from] item: Leftovers\n|-sideend|p2: jaesun0810|move: Tailwind\n|upkeep\n|turn|9\n|\n|t:|1776569667\n|move|p2b: Pelipper|Wide Guard|p2b: Pelipper\n|-singleturn|p2b: Pelipper|Wide Guard\n|move|p2a: Sneasler|Dire Claw|p1a: Floette\n|-supereffective|p1a: Floette|1\n|-damage|p1a: Floette|0 fnt\n|faint|p1a: Floette\n|-activate|p1b: Milotic|confusion\n|move|p1b: Milotic|Muddy Water|p2b: Pelipper|[spread] \n|-activate|p2a: Sneasler|move: Wide Guard\n|-activate|p2b: Pelipper|move: Wide Guard\n|\n|-weather|RainDance|[upkeep]\n|-heal|p1b: Milotic|100/100|[from] item: Leftovers\n|upkeep\n|turn|10\n|c|\u2606jaesun0810|gg\n|c|\u2606jaesun0810|gg\n|c|\u2606jaesun0810|ggg\n|c|\u2606jaesun0810|gg\n|c|\u2606jaesun0810|gg\n|c|\u2606Twishts|gg\n|\n|t:|1776569682\n|move|p2a: Sneasler|Close Combat|p1b: Milotic\n|-damage|p1b: Milotic|32/100\n|-unboost|p2a: Sneasler|def|1\n|-unboost|p2a: Sneasler|spd|1\n|-enditem|p2a: Sneasler|White Herb\n|-clearnegativeboost|p2a: Sneasler|[silent]\n|move|p2b: Pelipper|Hurricane|p1b: Milotic\n|-damage|p1b: Milotic|0 fnt\n|faint|p1b: Milotic\n|\n|win|jaesun0810\n|raw|Twishts's rating: 1408 &rarr; <strong>1393</strong><br />(-15 for losing)\n|raw|jaesun0810's rating: 1505 &rarr; <strong>1520</strong><br />(+15 for winning)\n|l|\u2606jaesun0810\n|player|p2|\n|l|\u2606Twishts\n|player|p1|\n",
  "uploadtime": 1776569740,
  "views": 16,
  "formatid": "gen9championsvgc2026regma",
  "rating": 1393,
  "private": 0,
  "password": null
}