{
  "id": "gen9championsvgc2026regma-2582846023",
  "format": "[Gen 9 Champions] VGC 2026 Reg M-A",
  "players": [
    "MattOkonma",
    "JeanPierre693"
  ],
  "log": "|j|\u203dMattOkonma\n|j|\u2606JeanPierre693\n|t:|1776118661\n|gametype|doubles\n|player|p1|MattOkonma|alder|1118\n|player|p2|JeanPierre693|elio|1067\n|gen|9\n|tier|[Gen 9 Champions] VGC 2026 Reg M-A\n|rated|\n|rule|Species Clause: Limit one of each Pok\u00e9mon\n|rule|Item Clause: Limit 1 of each item\n|clearpoke\n|poke|p1|Farigiraf, L50, F|\n|poke|p1|Incineroar, L50, M|\n|poke|p1|Hatterene, L50, F|\n|poke|p1|Maushold-Four, L50|\n|poke|p1|Golurk, L50|\n|poke|p1|Drampa, L50, F|\n|poke|p2|Froslass, L50, F|\n|poke|p2|Glaceon, L50, F|\n|poke|p2|Mamoswine, L50, M|\n|poke|p2|Milotic, L50, F|\n|poke|p2|Hatterene, L50, F|\n|poke|p2|Aurorus, L50, F|\n|teampreview|4\n|inactive|Battle timer is ON: inactive players will automatically lose when time's up. (requested by MattOkonma)\n|inactive|JeanPierre693 has 60 seconds left.\n|\n|t:|1776118727\n|teamsize|p1|4\n|teamsize|p2|4\n|start\n|switch|p1a: Farigiraf|Farigiraf, L50, F, shiny|100/100\n|switch|p1b: Maushold|Maushold-Four, L50, shiny|100/100\n|switch|p2a: Froslass|Froslass, L50, F|100/100\n|switch|p2b: Milotic|Milotic, L50, F|100/100\n|turn|1\n|\n|t:|1776118746\n|switch|p2b: Glaceon|Glaceon, L50, F, shiny|100/100\n|detailschange|p2a: Froslass|Froslass-Mega, L50, F\n|-mega|p2a: Froslass|Froslass|Froslassite\n|-weather|Snowscape|[from] ability: Snow Warning|[of] p2a: Froslass\n|move|p1a: Farigiraf|Protect|p1a: Farigiraf\n|-singleturn|p1a: Farigiraf|Protect\n|move|p2a: Froslass|Aurora Veil|p2a: Froslass\n|-sidestart|p2: JeanPierre693|move: Aurora Veil\n|move|p1b: Maushold|Tidy Up|p1b: Maushold\n|-boost|p1b: Maushold|atk|1\n|-boost|p1b: Maushold|spe|1\n|\n|-weather|Snowscape|[upkeep]\n|upkeep\n|turn|2\n|\n|t:|1776118764\n|move|p2a: Froslass|Protect|p2a: Froslass\n|-singleturn|p2a: Froslass|Protect\n|move|p1b: Maushold|Population Bomb|p2b: Glaceon\n|-damage|p2b: Glaceon|93/100\n|-damage|p2b: Glaceon|85/100\n|-damage|p2b: Glaceon|77/100\n|-damage|p2b: Glaceon|70/100\n|-damage|p2b: Glaceon|63/100\n|-damage|p2b: Glaceon|55/100\n|-crit|p2b: Glaceon\n|-damage|p2b: Glaceon|39/100\n|-crit|p2b: Glaceon\n|-damage|p2b: Glaceon|23/100\n|-hitcount|p2b: Glaceon|8\n|move|p2b: Glaceon|Blizzard|p1b: Maushold|[spread] p1a,p1b\n|-damage|p1a: Farigiraf|60/100\n|-damage|p1b: Maushold|35/100\n|-status|p1a: Farigiraf|frz\n|cant|p1a: Farigiraf|frz\n|\n|-weather|Snowscape|[upkeep]\n|-heal|p2b: Glaceon|29/100|[from] ability: Ice Body\n|-heal|p2b: Glaceon|35/100|[from] item: Leftovers\n|upkeep\n|turn|3\n|\n|t:|1776118786\n|move|p2b: Glaceon|Protect|p2b: Glaceon\n|-singleturn|p2b: Glaceon|Protect\n|move|p1b: Maushold|Population Bomb|p2b: Glaceon\n|-activate|p2b: Glaceon|move: Protect\n|move|p2a: Froslass|Blizzard|p1a: Farigiraf|[spread] p1a,p1b\n|-damage|p1a: Farigiraf|20/100 frz\n|-damage|p1b: Maushold|0 fnt\n|-enditem|p1a: Farigiraf|Sitrus Berry|[eat]\n|-heal|p1a: Farigiraf|45/100 frz|[from] item: Sitrus Berry\n|faint|p1b: Maushold\n|-curestatus|p1a: Farigiraf|frz|[msg]\n|move|p1a: Farigiraf|Trick Room|p1a: Farigiraf\n|-fieldstart|move: Trick Room|[of] p1a: Farigiraf\n|\n|-weather|Snowscape|[upkeep]\n|-heal|p2b: Glaceon|41/100|[from] ability: Ice Body\n|-heal|p2b: Glaceon|46/100|[from] item: Leftovers\n|upkeep\n|\n|t:|1776118794\n|switch|p1b: Incineroar|Incineroar, L50, M, shiny|100/100\n|-ability|p1b: Incineroar|Intimidate|boost\n|-unboost|p2a: Froslass|atk|1\n|-unboost|p2b: Glaceon|atk|1\n|turn|4\n|\n|t:|1776118812\n|switch|p2a: Milotic|Milotic, L50, F|100/100\n|move|p1b: Incineroar|Darkest Lariat|p2a: Milotic\n|-damage|p2a: Milotic|72/100\n|move|p1a: Farigiraf|Hyper Voice|p2a: Milotic|[spread] p2a,p2b\n|-damage|p2a: Milotic|59/100\n|-damage|p2b: Glaceon|25/100\n|move|p2b: Glaceon|Blizzard|p1b: Incineroar|[spread] p1a,p1b\n|-resisted|p1b: Incineroar|1\n|-damage|p1a: Farigiraf|4/100\n|-damage|p1b: Incineroar|77/100\n|\n|-weather|Snowscape|[upkeep]\n|-heal|p2b: Glaceon|31/100|[from] ability: Ice Body\n|-heal|p2b: Glaceon|37/100|[from] item: Leftovers\n|upkeep\n|turn|5\n|\n|t:|1776118832\n|move|p2b: Glaceon|Protect|p2b: Glaceon\n|-singleturn|p2b: Glaceon|Protect\n|move|p1b: Incineroar|Flare Blitz|p2b: Glaceon\n|-activate|p2b: Glaceon|move: Protect\n|move|p1a: Farigiraf|Hyper Voice|p2a: Milotic|[spread] p2a\n|-activate|p2b: Glaceon|move: Protect\n|-damage|p2a: Milotic|48/100\n|move|p2a: Milotic|Scald|p1b: Incineroar\n|-supereffective|p1b: Incineroar|1\n|-damage|p1b: Incineroar|23/100\n|\n|-weather|none\n|-heal|p2b: Glaceon|43/100|[from] item: Leftovers\n|-sideend|p2: JeanPierre693|move: Aurora Veil\n|upkeep\n|turn|6\n|\n|t:|1776118850\n|switch|p2b: Hatterene|Hatterene, L50, F, shiny|100/100\n|move|p1b: Incineroar|Flare Blitz|p2b: Hatterene\n|-damage|p2b: Hatterene|45/100\n|-status|p2b: Hatterene|brn\n|-enditem|p2b: Hatterene|Sitrus Berry|[eat]\n|-heal|p2b: Hatterene|70/100 brn|[from] item: Sitrus Berry\n|-damage|p1b: Incineroar|8/100|[from] Recoil\n|move|p1a: Farigiraf|Hyper Voice|p2a: Milotic|[spread] p2a,p2b\n|-damage|p2a: Milotic|29/100\n|-damage|p2b: Hatterene|44/100 brn\n|move|p2a: Milotic|Recover|p2a: Milotic\n|-heal|p2a: Milotic|79/100\n|\n|-damage|p2b: Hatterene|38/100 brn|[from] brn\n|upkeep\n|turn|7\n|\n|t:|1776118875\n|switch|p1a: Golurk|Golurk, L50, shiny|100/100\n|move|p2b: Hatterene|Dazzling Gleam|p1a: Golurk|[spread] p1a,p1b\n|-damage|p1a: Golurk|72/100\n|-damage|p1b: Incineroar|0 fnt\n|faint|p1b: Incineroar\n|move|p2a: Milotic|Recover|p2a: Milotic\n|-heal|p2a: Milotic|100/100\n|\n|-damage|p2b: Hatterene|32/100 brn|[from] brn\n|-fieldend|move: Trick Room\n|upkeep\n|\n|t:|1776118881\n|switch|p1b: Farigiraf|Farigiraf, L50, F, shiny|4/100\n|turn|8\n|\n|t:|1776118898\n|switch|p2b: Glaceon|Glaceon, L50, F, shiny|43/100\n|detailschange|p1a: Golurk|Golurk-Mega, L50, shiny\n|-mega|p1a: Golurk|Golurk|Golurkite\n|move|p1b: Farigiraf|Protect|p1b: Farigiraf\n|-singleturn|p1b: Farigiraf|Protect\n|move|p2a: Milotic|Scald|p1b: Farigiraf\n|-activate|p1b: Farigiraf|move: Protect\n|move|p1a: Golurk|Headlong Rush|p2b: Glaceon\n|-damage|p2b: Glaceon|0 fnt\n|-unboost|p1a: Golurk|def|1\n|-unboost|p1a: Golurk|spd|1\n|faint|p2b: Glaceon\n|\n|upkeep\n|\n|t:|1776118905\n|switch|p2b: Froslass|Froslass-Mega, L50, F|100/100\n|-weather|Snowscape|[from] ability: Snow Warning|[of] p2b: Froslass\n|turn|9\n|\n|t:|1776118924\n|move|p2b: Froslass|Blizzard|p1a: Golurk|[spread] p1a,p1b\n|-supereffective|p1a: Golurk|1\n|-damage|p1a: Golurk|0 fnt\n|-damage|p1b: Farigiraf|0 fnt\n|faint|p1a: Golurk\n|faint|p1b: Farigiraf\n|\n|win|JeanPierre693\n|raw|MattOkonma's rating: 1118 &rarr; <strong>1089</strong><br />(-29 for losing)\n|raw|JeanPierre693's rating: 1067 &rarr; <strong>1101</strong><br />(+34 for winning)\n|l|\u203dMattOkonma\n|player|p1|\n",
  "uploadtime": 1776119016,
  "views": 12,
  "formatid": "gen9championsvgc2026regma",
  "rating": 1089,
  "private": 0,
  "password": null
}