{
  "id": "gen9championsvgc2026regma-2583434889",
  "format": "[Gen 9 Champions] VGC 2026 Reg M-A",
  "players": [
    "M0AK",
    "Artorius365"
  ],
  "log": "|j|\u2606M0AK\n|j|\u2606Artorius365\n|t:|1776175442\n|gametype|doubles\n|player|p1|M0AK|1|1040\n|player|p2|Artorius365|paxton|1070\n|gen|9\n|tier|[Gen 9 Champions] VGC 2026 Reg M-A\n|rated|\n|rule|Species Clause: Limit one of each Pok\u00e9mon\n|rule|Item Clause: Limit 1 of each item\n|clearpoke\n|poke|p1|Pelipper, L50, F|\n|poke|p1|Archaludon, L50, M|\n|poke|p1|Basculegion, L50, M|\n|poke|p1|Kingambit, L50, F|\n|poke|p1|Sneasler, L50, F|\n|poke|p1|Sinistcha, L50|\n|poke|p2|Hawlucha, L50, M|\n|poke|p2|Krookodile, L50, F|\n|poke|p2|Araquanid, L50, M|\n|poke|p2|Blastoise, L50, F|\n|poke|p2|Ninetales, L50, F|\n|poke|p2|Volcarona, L50, M|\n|teampreview|4\n|inactive|Battle timer is ON: inactive players will automatically lose when time's up. (requested by M0AK)\n|inactive|M0AK has 60 seconds left.\n|\n|t:|1776175483\n|teamsize|p1|4\n|teamsize|p2|4\n|start\n|switch|p1a: Super Fly|Archaludon, L50, M|100/100\n|switch|p1b: Basculegion|Basculegion, L50, M|100/100\n|switch|p2a: Araquanid|Araquanid, L50, M|100/100\n|switch|p2b: Blastoise|Blastoise, L50, F|100/100\n|turn|1\n|\n|t:|1776175502\n|detailschange|p2b: Blastoise|Blastoise-Mega, L50, F\n|-mega|p2b: Blastoise|Blastoise|Blastoisinite\n|move|p1b: Basculegion|Flip Turn|p2b: Blastoise\n|-resisted|p2b: Blastoise|1\n|-damage|p2b: Blastoise|81/100\n|\n|t:|1776175508\n|switch|p1b: Weather Report|Pelipper, L50, F|100/100|[from] Flip Turn\n|-weather|RainDance|[from] ability: Drizzle|[of] p1b: Weather Report\n|move|p2b: Blastoise|Shell Smash|p2b: Blastoise\n|-unboost|p2b: Blastoise|def|1\n|-unboost|p2b: Blastoise|spd|1\n|-boost|p2b: Blastoise|atk|2\n|-boost|p2b: Blastoise|spa|2\n|-boost|p2b: Blastoise|spe|2\n|move|p1a: Super Fly|Electro Shot||[still]\n|-prepare|p1a: Super Fly|Electro Shot\n|-boost|p1a: Super Fly|spa|1\n|-anim|p1a: Super Fly|Electro Shot|p2a: Araquanid\n|-supereffective|p2a: Araquanid|1\n|-enditem|p2a: Araquanid|Focus Sash\n|-damage|p2a: Araquanid|1/100\n|move|p2a: Araquanid|Entrainment|p2b: Blastoise\n|-ability|p2b: Blastoise|Water Bubble|Mega Launcher|[from] move: Entrainment|[of] p2a: Araquanid\n|\n|-weather|RainDance|[upkeep]\n|upkeep\n|turn|2\n|\n|t:|1776175531\n|move|p1a: Super Fly|Protect|p1a: Super Fly\n|-singleturn|p1a: Super Fly|Protect\n|move|p2b: Blastoise|Surf|p1a: Super Fly|[spread] p2a,p1b\n|-activate|p1a: Super Fly|move: Protect\n|-resisted|p2a: Araquanid|1\n|-resisted|p1b: Weather Report|1\n|-damage|p2a: Araquanid|0 fnt\n|-enditem|p1b: Weather Report|Focus Sash\n|-damage|p1b: Weather Report|1/100\n|faint|p2a: Araquanid\n|move|p1b: Weather Report|Tailwind|p1b: Weather Report\n|-sidestart|p1: M0AK|move: Tailwind\n|\n|-weather|RainDance|[upkeep]\n|upkeep\n|\n|t:|1776175545\n|switch|p2a: Hawlucha|Hawlucha, L50, M|100/100\n|turn|3\n|\n|t:|1776175561\n|move|p2b: Blastoise|Surf|p1b: Weather Report|[spread] p2a,p1a,p1b\n|-resisted|p1a: Super Fly|1\n|-resisted|p1b: Weather Report|1\n|-damage|p2a: Hawlucha|0 fnt\n|-damage|p1a: Super Fly|0 fnt\n|-damage|p1b: Weather Report|0 fnt\n|faint|p2a: Hawlucha\n|faint|p1a: Super Fly\n|faint|p1b: Weather Report\n|\n|-weather|RainDance|[upkeep]\n|upkeep\n|\n|t:|1776175569\n|switch|p2a: Krookodile|Krookodile, L50, F|100/100\n|switch|p1b: Sinistcha|Sinistcha, L50|100/100\n|switch|p1a: Basculegion|Basculegion, L50, M|100/100\n|-ability|p2a: Krookodile|Intimidate|boost\n|-unboost|p1a: Basculegion|atk|1\n|-unboost|p1b: Sinistcha|atk|1\n|turn|4\n|\n|t:|1776175579\n|move|p1b: Sinistcha|Rage Powder|p1b: Sinistcha\n|-singleturn|p1b: Sinistcha|move: Rage Powder\n|move|p1a: Basculegion|Last Respects|p2b: Blastoise\n|-crit|p2b: Blastoise\n|-damage|p2b: Blastoise|0 fnt\n|faint|p2b: Blastoise\n|move|p2a: Krookodile|Knock Off|p1b: Sinistcha\n|-supereffective|p1b: Sinistcha|1\n|-damage|p1b: Sinistcha|22/100\n|-enditem|p1b: Sinistcha|Sitrus Berry|[from] move: Knock Off|[of] p2a: Krookodile\n|\n|-weather|RainDance|[upkeep]\n|upkeep\n|turn|5\n|\n|t:|1776175601\n|move|p1a: Basculegion|Last Respects|p2a: Krookodile\n|-resisted|p2a: Krookodile|1\n|-damage|p2a: Krookodile|60/100\n|move|p1b: Sinistcha|Matcha Gotcha|p2a: Krookodile\n|-supereffective|p2a: Krookodile|1\n|-damage|p2a: Krookodile|0 fnt\n|-heal|p1b: Sinistcha|50/100|[from] drain|[of] p2a: Krookodile\n|faint|p2a: Krookodile\n|\n|win|M0AK\n|raw|M0AK's rating: 1040 &rarr; <strong>1077</strong><br />(+37 for winning)\n|raw|Artorius365's rating: 1070 &rarr; <strong>1048</strong><br />(-22 for losing)\n|l|\u2606Artorius365\n|player|p2|\n|c|\u2606M0AK|ggwp\n",
  "uploadtime": 1776175614,
  "views": 15,
  "formatid": "gen9championsvgc2026regma",
  "rating": 1048,
  "private": 0,
  "password": null
}