{
  "id": "gen9championsvgc2026regma-2587929986",
  "format": "[Gen 9 Champions] VGC 2026 Reg M-A",
  "players": [
    "BeetleM",
    "kevinade"
  ],
  "log": "|j|\u2606BeetleM\n|j|\u2606kevinade\n|t:|1776580587\n|gametype|doubles\n|player|p1|BeetleM|2|1082\n|player|p2|kevinade|ethan|1000\n|gen|9\n|tier|[Gen 9 Champions] VGC 2026 Reg M-A\n|rated|\n|rule|Species Clause: Limit one of each Pok\u00e9mon\n|rule|Item Clause: Limit 1 of each item\n|clearpoke\n|poke|p1|Glimmora, L50, M|\n|poke|p1|Aerodactyl, L50, M|\n|poke|p1|Meowscarada, L50, M|\n|poke|p1|Milotic, L50, F|\n|poke|p1|Chandelure, L50, F|\n|poke|p1|Heracross, L50, F|\n|poke|p2|Meganium, L50, F|\n|poke|p2|Tyranitar, L50, M|\n|poke|p2|Incineroar, L50, M|\n|poke|p2|Aerodactyl, L50, M|\n|poke|p2|Milotic, L50, F|\n|poke|p2|Aegislash, L50, M|\n|teampreview|4\n|\n|t:|1776580612\n|teamsize|p1|4\n|teamsize|p2|4\n|start\n|switch|p1a: Aerodactyl|Aerodactyl, L50, M|100/100\n|switch|p1b: Glimmora|Glimmora, L50, M|100/100\n|switch|p2a: Aerodactyl|Aerodactyl, L50, M|100/100\n|switch|p2b: Meganium|Meganium, L50, F|100/100\n|-ability|p1a: Aerodactyl|Unnerve\n|turn|1\n|\n|t:|1776580642\n|detailschange|p1b: Glimmora|Glimmora-Mega, L50, M\n|-mega|p1b: Glimmora|Glimmora|Glimmoranite\n|detailschange|p2b: Meganium|Meganium-Mega, L50, F\n|-mega|p2b: Meganium|Meganium|Meganiumite\n|move|p2b: Meganium|Protect|p2b: Meganium\n|-singleturn|p2b: Meganium|Protect\n|move|p1a: Aerodactyl|Tailwind|p1a: Aerodactyl\n|-sidestart|p1: BeetleM|move: Tailwind\n|move|p1b: Glimmora|Sludge Wave|p2b: Meganium|[spread] p1a,p2a\n|-activate|p2b: Meganium|move: Protect\n|-resisted|p1a: Aerodactyl|1\n|-resisted|p2a: Aerodactyl|1\n|-damage|p1a: Aerodactyl|63/100\n|-damage|p2a: Aerodactyl|62/100\n|move|p2a: Aerodactyl|Rock Slide|p1a: Aerodactyl|[spread] p1a,p1b\n|-supereffective|p1a: Aerodactyl|1\n|-damage|p1a: Aerodactyl|0 fnt\n|-damage|p1b: Glimmora|75/100\n|faint|p1a: Aerodactyl\n|\n|upkeep\n|\n|t:|1776580659\n|switch|p1a: Milotic|Milotic, L50, F|100/100\n|turn|2\n|\n|t:|1776580691\n|switch|p2b: Aegislash|Aegislash, L50, M|100/100\n|move|p1a: Milotic|Protect|p1a: Milotic\n|-singleturn|p1a: Milotic|Protect\n|move|p1b: Glimmora|Sludge Wave|p2a: Aerodactyl|[spread] p2a\n|-activate|p1a: Milotic|move: Protect\n|-immune|p2b: Aegislash\n|-resisted|p2a: Aerodactyl|1\n|-damage|p2a: Aerodactyl|22/100\n|move|p2a: Aerodactyl|Tailwind|p2a: Aerodactyl\n|-sidestart|p2: kevinade|move: Tailwind\n|\n|upkeep\n|turn|3\n|\n|t:|1776580733\n|move|p1b: Glimmora|Protect|p1b: Glimmora\n|-singleturn|p1b: Glimmora|Protect\n|move|p2a: Aerodactyl|Rock Slide|p1a: Milotic|[spread] \n|-activate|p1b: Glimmora|move: Protect\n|-miss|p2a: Aerodactyl|p1a: Milotic\n|-formechange|p2b: Aegislash|Aegislash-Blade|\n|move|p2b: Aegislash|Sacred Sword|p1b: Glimmora\n|-activate|p1b: Glimmora|move: Protect\n|move|p1a: Milotic|Icy Wind|p2a: Aerodactyl|[spread] p2a,p2b\n|-supereffective|p2a: Aerodactyl|1\n|-resisted|p2b: Aegislash|1\n|-damage|p2a: Aerodactyl|0 fnt\n|-damage|p2b: Aegislash|90/100\n|-unboost|p2b: Aegislash|spe|1\n|faint|p2a: Aerodactyl\n|\n|upkeep\n|\n|t:|1776580748\n|switch|p2a: Incineroar|Incineroar, L50, M|100/100\n|-ability|p2a: Incineroar|Intimidate|boost\n|-unboost|p1a: Milotic|atk|1\n|-ability|p1a: Milotic|Competitive|boost\n|-boost|p1a: Milotic|spa|2\n|-unboost|p1b: Glimmora|atk|1\n|turn|4\n|\n|t:|1776580786\n|move|p2a: Incineroar|Fake Out|p1a: Milotic\n|-damage|p1a: Milotic|91/100\n|move|p1b: Glimmora|Earth Power|p2b: Aegislash\n|-supereffective|p2b: Aegislash|1\n|-damage|p2b: Aegislash|0 fnt\n|faint|p2b: Aegislash\n|cant|p1a: Milotic|flinch\n|\n|-heal|p1a: Milotic|97/100|[from] item: Leftovers\n|-sideend|p1: BeetleM|move: Tailwind\n|upkeep\n|\n|t:|1776580796\n|switch|p2b: Meganium|Meganium-Mega, L50, F|100/100\n|turn|5\n|\n|t:|1776580825\n|move|p1b: Glimmora|Protect|p1b: Glimmora\n|-singleturn|p1b: Glimmora|Protect\n|move|p1a: Milotic|Protect|p1a: Milotic\n|-singleturn|p1a: Milotic|Protect\n|move|p2b: Meganium|Solar Beam||[still]\n|-prepare|p2b: Meganium|Solar Beam\n|-activate|p2b: Meganium|ability: Mega Sol\n|-anim|p2b: Meganium|Solar Beam|p1a: Milotic\n|-activate|p1a: Milotic|move: Protect\n|move|p2a: Incineroar|Throat Chop|p1b: Glimmora\n|-activate|p1b: Glimmora|move: Protect\n|\n|-heal|p1a: Milotic|100/100|[from] item: Leftovers\n|-sideend|p2: kevinade|move: Tailwind\n|upkeep\n|turn|6\n|\n|t:|1776580855\n|move|p1b: Glimmora|Sludge Wave|p2b: Meganium|[spread] p1a,p2a,p2b\n|-supereffective|p2b: Meganium|2\n|-damage|p1a: Milotic|50/100\n|-damage|p2a: Incineroar|64/100\n|-damage|p2b: Meganium|0 fnt\n|faint|p2b: Meganium\n|move|p1a: Milotic|Scald|p2a: Incineroar\n|-supereffective|p2a: Incineroar|1\n|-damage|p2a: Incineroar|0 fnt\n|faint|p2a: Incineroar\n|\n|win|BeetleM\n|raw|BeetleM's rating: 1082 &rarr; <strong>1103</strong><br />(+21 for winning)\n|raw|kevinade's rating: 1000 &rarr; <strong>1000</strong><br />(+0 for losing)\n|l|\u2606kevinade\n|player|p2|\n",
  "uploadtime": 1776580881,
  "views": 19,
  "formatid": "gen9championsvgc2026regma",
  "rating": 1000,
  "private": 0,
  "password": null
}