{
  "id": "gen9championsvgc2026regma-2581578403",
  "format": "[Gen 9 Champions] VGC 2026 Reg M-A",
  "players": [
    "Shiba_so",
    "NekoMayDow"
  ],
  "log": "|j|\u2606Shiba_so\n|j|\u2606NekoMayDow\n|t:|1776012428\n|gametype|doubles\n|player|p1|Shiba_so|265|1020\n|player|p2|NekoMayDow|101|1046\n|gen|9\n|tier|[Gen 9 Champions] VGC 2026 Reg M-A\n|rated|\n|rule|Species Clause: Limit one of each Pok\u00e9mon\n|rule|Item Clause: Limit 1 of each item\n|clearpoke\n|poke|p1|Rotom-Heat, L50|\n|poke|p1|Aegislash, L50, F|\n|poke|p1|Tyranitar, L50, F|\n|poke|p1|Starmie, L50|\n|poke|p1|Aerodactyl, L50, F|\n|poke|p1|Garchomp, L50, M|\n|poke|p2|Camerupt, L50, F|\n|poke|p2|Aerodactyl, L50, F|\n|poke|p2|Garchomp, L50, F|\n|poke|p2|Vivillon, L50, M|\n|poke|p2|Farigiraf, L50, M|\n|poke|p2|Kingambit, L50, M|\n|teampreview|4\n|inactive|Battle timer is ON: inactive players will automatically lose when time's up. (requested by Shiba_so)\n|inactive|NekoMayDow has 60 seconds left.\n|\n|t:|1776012484\n|teamsize|p1|4\n|teamsize|p2|4\n|start\n|switch|p1a: Rotom|Rotom-Heat, L50|100/100\n|switch|p1b: Starmie|Starmie, L50|100/100\n|switch|p2a: Aerodactyl|Aerodactyl, L50, F|100/100\n|switch|p2b: Garchomp|Garchomp, L50, F|100/100\n|-ability|p2a: Aerodactyl|Unnerve\n|turn|1\n|inactive|Shiba_so has 30 seconds left.\n|inactive|Shiba_so has 20 seconds left.\n|\n|t:|1776012520\n|switch|p1a: Garchomp|Garchomp, L50, M|100/100\n|detailschange|p1b: Starmie|Starmie-Mega, L50\n|-mega|p1b: Starmie|Starmie|Starminite\n|move|p2a: Aerodactyl|Tailwind|p2a: Aerodactyl\n|-sidestart|p2: NekoMayDow|move: Tailwind\n|move|p2b: Garchomp|Swords Dance|p2b: Garchomp\n|-boost|p2b: Garchomp|atk|2\n|move|p1b: Starmie|Liquidation|p2a: Aerodactyl\n|-supereffective|p2a: Aerodactyl|1\n|-damage|p2a: Aerodactyl|0 fnt\n|faint|p2a: Aerodactyl\n|\n|upkeep\n|\n|t:|1776012537\n|switch|p2a: Vivillon|Vivillon, L50, M|100/100\n|turn|2\n|inactive|Shiba_so has 30 seconds left.\n|inactive|NekoMayDow has 30 seconds left.\n|\n|t:|1776012569\n|switch|p1a: Tyranitar|Tyranitar, L50, F|100/100\n|-weather|Sandstorm|[from] ability: Sand Stream|[of] p1a: Tyranitar\n|move|p2a: Vivillon|Sleep Powder|p1b: Starmie\n|-status|p1b: Starmie|slp|[from] move: Sleep Powder\n|move|p2b: Garchomp|Dragon Claw|p1a: Tyranitar\n|-damage|p1a: Tyranitar|12/100\n|cant|p1b: Starmie|slp\n|\n|-weather|Sandstorm|[upkeep]\n|-damage|p2a: Vivillon|95/100|[from] Sandstorm\n|-damage|p1b: Starmie|95/100 slp|[from] Sandstorm\n|upkeep\n|turn|3\n|\n|t:|1776012587\n|cant|p1b: Starmie|slp\n|move|p2a: Vivillon|Sleep Powder|p1b: Starmie|[miss]\n|-miss|p2a: Vivillon|p1b: Starmie\n|move|p2b: Garchomp|Earthquake|p1a: Tyranitar|[spread] p1a,p1b\n|-immune|p2a: Vivillon\n|-supereffective|p1a: Tyranitar|1\n|-damage|p1a: Tyranitar|0 fnt\n|-damage|p1b: Starmie|0 fnt\n|faint|p1a: Tyranitar\n|faint|p1b: Starmie\n|\n|-weather|Sandstorm|[upkeep]\n|-damage|p2a: Vivillon|89/100|[from] Sandstorm\n|upkeep\n|\n|t:|1776012596\n|switch|p1b: Rotom|Rotom-Heat, L50|100/100\n|switch|p1a: Garchomp|Garchomp, L50, M|100/100\n|turn|4\n|\n|t:|1776012606\n|move|p1a: Garchomp|Protect|p1a: Garchomp\n|-singleturn|p1a: Garchomp|Protect\n|move|p2a: Vivillon|Sleep Powder|p1b: Rotom\n|-status|p1b: Rotom|slp|[from] move: Sleep Powder\n|move|p2b: Garchomp|Dragon Claw|p1a: Garchomp\n|-activate|p1a: Garchomp|move: Protect\n|cant|p1b: Rotom|slp\n|\n|-weather|Sandstorm|[upkeep]\n|-damage|p2a: Vivillon|83/100|[from] Sandstorm\n|-damage|p1b: Rotom|95/100 slp|[from] Sandstorm\n|-sideend|p2: NekoMayDow|move: Tailwind\n|upkeep\n|turn|5\n|inactive|NekoMayDow has 30 seconds left.\n|\n|t:|1776012634\n|cant|p1b: Rotom|slp\n|move|p1a: Garchomp|Dragon Claw|p2b: Garchomp\n|-supereffective|p2b: Garchomp|1\n|-damage|p2b: Garchomp|42/100\n|-damage|p1a: Garchomp|88/100|[from] ability: Rough Skin|[of] p2b: Garchomp\n|move|p2a: Vivillon|Tailwind|p2a: Vivillon\n|-sidestart|p2: NekoMayDow|move: Tailwind\n|move|p2b: Garchomp|Dragon Claw|p1b: Rotom\n|-damage|p1b: Rotom|22/100 slp\n|-enditem|p1b: Rotom|Sitrus Berry|[eat]\n|-heal|p1b: Rotom|47/100 slp|[from] item: Sitrus Berry\n|\n|-weather|Sandstorm|[upkeep]\n|-damage|p2a: Vivillon|78/100|[from] Sandstorm\n|-damage|p1b: Rotom|41/100 slp|[from] Sandstorm\n|upkeep\n|turn|6\n|\n|t:|1776012655\n|move|p2a: Vivillon|Pollen Puff|p2b: Garchomp\n|-heal|p2b: Garchomp|92/100\n|move|p2b: Garchomp|Dragon Claw|p1b: Rotom\n|-damage|p1b: Rotom|0 fnt\n|faint|p1b: Rotom\n|move|p1a: Garchomp|Dragon Claw|p2b: Garchomp\n|-supereffective|p2b: Garchomp|1\n|-damage|p2b: Garchomp|35/100\n|-damage|p1a: Garchomp|76/100|[from] ability: Rough Skin|[of] p2b: Garchomp\n|\n|-weather|none\n|upkeep\n|turn|7\n|\n|t:|1776012669\n|move|p2a: Vivillon|Pollen Puff|p2b: Garchomp\n|-heal|p2b: Garchomp|85/100\n|move|p2b: Garchomp|Dragon Claw|p1a: Garchomp\n|-supereffective|p1a: Garchomp|1\n|-damage|p1a: Garchomp|0 fnt\n|faint|p1a: Garchomp\n|\n|win|NekoMayDow\n|raw|Shiba_so's rating: 1020 &rarr; <strong>1008</strong><br />(-12 for losing)\n|raw|NekoMayDow's rating: 1046 &rarr; <strong>1077</strong><br />(+31 for winning)\n",
  "uploadtime": 1776012675,
  "views": 11,
  "formatid": "gen9championsvgc2026regma",
  "rating": 1008,
  "private": 0,
  "password": null
}