{
  "id": "gen9championsvgc2026regma-2582176052",
  "format": "[Gen 9 Champions] VGC 2026 Reg M-A",
  "players": [
    "dynameow",
    "lolgz"
  ],
  "log": "|j|\u2606dynameow\n|j|\u2606lolgz\n|t:|1776067623\n|gametype|doubles\n|player|p1|dynameow|2|1321\n|player|p2|lolgz|266|1409\n|gen|9\n|tier|[Gen 9 Champions] VGC 2026 Reg M-A\n|rated|\n|rule|Species Clause: Limit one of each Pok\u00e9mon\n|rule|Item Clause: Limit 1 of each item\n|clearpoke\n|poke|p1|Golurk, L50|\n|poke|p1|Sinistcha, L50|\n|poke|p1|Farigiraf, L50, M|\n|poke|p1|Primarina, L50, M|\n|poke|p1|Slowking-Galar, L50, M|\n|poke|p1|Dragonite, L50, F|\n|poke|p2|Charizard, L50, M|\n|poke|p2|Whimsicott, L50, M|\n|poke|p2|Garchomp, L50, M|\n|poke|p2|Farigiraf, L50, F|\n|poke|p2|Sneasler, L50, M|\n|poke|p2|Floette-Eternal, L50, F|\n|teampreview|4\n|j| CARtu348rjf90\n|\n|t:|1776067676\n|teamsize|p1|4\n|teamsize|p2|4\n|start\n|switch|p1a: Farigiraf|Farigiraf, L50, M|100/100\n|switch|p1b: Golurk|Golurk, L50|100/100\n|switch|p2a: Farigiraf|Farigiraf, L50, F|100/100\n|switch|p2b: Charizard|Charizard, L50, M|100/100\n|turn|1\n|\n|t:|1776067730\n|detailschange|p2b: Charizard|Charizard-Mega-Y, L50, M\n|-mega|p2b: Charizard|Charizard|Charizardite Y\n|-weather|SunnyDay|[from] ability: Drought|[of] p2b: Charizard\n|detailschange|p1b: Golurk|Golurk-Mega, L50\n|-mega|p1b: Golurk|Golurk|Golurkite\n|move|p2b: Charizard|Solar Beam||[still]\n|-prepare|p2b: Charizard|Solar Beam\n|-anim|p2b: Charizard|Solar Beam|p1b: Golurk\n|-supereffective|p1b: Golurk|1\n|-damage|p1b: Golurk|19/100\n|move|p2a: Farigiraf|Imprison|p2a: Farigiraf\n|-start|p2a: Farigiraf|move: Imprison\n|move|p1b: Golurk|Rock Slide|p2a: Farigiraf|[spread] p2a,p2b\n|-supereffective|p2b: Charizard|2\n|-damage|p2a: Farigiraf|75/100\n|-damage|p2b: Charizard|0 fnt\n|faint|p2b: Charizard\n|cant|p1a: Farigiraf|move: Imprison|Trick Room\n|\n|-weather|SunnyDay|[upkeep]\n|upkeep\n|\n|t:|1776067743\n|switch|p2b: Garchomp|Garchomp, L50, M|100/100\n|turn|2\n|\n|t:|1776067759\n|move|p2b: Garchomp|Stomping Tantrum|p1a: Farigiraf\n|-damage|p1a: Farigiraf|60/100\n|move|p2a: Farigiraf|Psychic|p1b: Golurk\n|-damage|p1b: Golurk|0 fnt\n|faint|p1b: Golurk\n|move|p1a: Farigiraf|Dazzling Gleam|p2a: Farigiraf|[spread] p2a,p2b\n|-supereffective|p2b: Garchomp|1\n|-damage|p2a: Farigiraf|61/100\n|-damage|p2b: Garchomp|67/100\n|\n|-weather|SunnyDay|[upkeep]\n|upkeep\n|\n|t:|1776067766\n|switch|p1b: Primarina|Primarina, L50, M|100/100\n|turn|3\n|\n|t:|1776067782\n|move|p2b: Garchomp|Stomping Tantrum|p1b: Primarina\n|-damage|p1b: Primarina|61/100\n|move|p2a: Farigiraf|Psychic|p1b: Primarina\n|-damage|p1b: Primarina|29/100\n|move|p1a: Farigiraf|Dazzling Gleam|p2a: Farigiraf|[spread] p2a,p2b\n|-supereffective|p2b: Garchomp|1\n|-damage|p2a: Farigiraf|45/100\n|-damage|p2b: Garchomp|27/100\n|-enditem|p2a: Farigiraf|Sitrus Berry|[eat]\n|-heal|p2a: Farigiraf|70/100|[from] item: Sitrus Berry\n|move|p1b: Primarina|Moonblast|p2a: Farigiraf\n|-damage|p2a: Farigiraf|24/100\n|\n|-weather|SunnyDay|[upkeep]\n|-heal|p1b: Primarina|35/100|[from] item: Leftovers\n|upkeep\n|turn|4\n|\n|t:|1776067803\n|move|p2b: Garchomp|Stomping Tantrum|p1b: Primarina\n|-damage|p1b: Primarina|0 fnt\n|faint|p1b: Primarina\n|move|p2a: Farigiraf|Hyper Voice|p1a: Farigiraf\n|-damage|p1a: Farigiraf|28/100\n|move|p1a: Farigiraf|Dazzling Gleam|p2a: Farigiraf|[spread] p2a,p2b\n|-supereffective|p2b: Garchomp|1\n|-damage|p2a: Farigiraf|10/100\n|-damage|p2b: Garchomp|0 fnt\n|faint|p2b: Garchomp\n|\n|-weather|SunnyDay|[upkeep]\n|upkeep\n|\n|t:|1776067806\n|switch|p2b: Sneasler|Sneasler, L50, M|100/100\n|switch|p1b: Slowking|Slowking-Galar, L50, M|100/100\n|-clearboost|p1a: Farigiraf|[from] ability: Curious Medicine|[of] p1b: Slowking\n|turn|5\n|\n|t:|1776067821\n|move|p2b: Sneasler|Throat Chop|p1b: Slowking\n|-supereffective|p1b: Slowking|1\n|-damage|p1b: Slowking|49/100\n|-start|p1b: Slowking|Throat Chop|[silent]\n|-enditem|p1b: Slowking|Sitrus Berry|[eat]\n|-heal|p1b: Slowking|74/100|[from] item: Sitrus Berry\n|move|p2a: Farigiraf|Hyper Voice|p1a: Farigiraf|[spread] p1a,p1b\n|-damage|p1a: Farigiraf|5/100\n|-damage|p1b: Slowking|51/100\n|move|p1a: Farigiraf|Dazzling Gleam|p2a: Farigiraf|[spread] p2a,p2b\n|-damage|p2a: Farigiraf|0 fnt\n|-damage|p2b: Sneasler|76/100\n|faint|p2a: Farigiraf\n|move|p1b: Slowking|Sludge Bomb|p2b: Sneasler\n|-resisted|p2b: Sneasler|1\n|-damage|p2b: Sneasler|51/100\n|\n|-weather|none\n|upkeep\n|turn|6\n|\n|t:|1776067830\n|move|p2b: Sneasler|Throat Chop|p1a: Farigiraf\n|-supereffective|p1a: Farigiraf|1\n|-damage|p1a: Farigiraf|0 fnt\n|faint|p1a: Farigiraf\n|move|p1b: Slowking|Psychic|p2b: Sneasler\n|-supereffective|p2b: Sneasler|2\n|-damage|p2b: Sneasler|0 fnt\n|faint|p2b: Sneasler\n|\n|win|dynameow\n|raw|dynameow's rating: 1321 &rarr; <strong>1346</strong><br />(+25 for winning)\n|raw|lolgz's rating: 1409 &rarr; <strong>1384</strong><br />(-25 for losing)\n|l|\u2606lolgz\n|player|p2|\n|l|\u2606dynameow\n|player|p1|\n|j|\u2606lolgz\n|player|p2|lolgz|266|\n|l|\u2606lolgz\n|player|p2|\n",
  "uploadtime": 1776067831,
  "views": 21,
  "formatid": "gen9championsvgc2026regma",
  "rating": 1346,
  "private": 0,
  "password": null
}