{
  "id": "gen9championsvgc2026regma-2586804142",
  "format": "[Gen 9 Champions] VGC 2026 Reg M-A",
  "players": [
    "33A33",
    "jowi.exe"
  ],
  "log": "|j|\u260633A33\n|j|\u2606jowi.exe\n|t:|1776461244\n|gametype|doubles\n|player|p1|33A33|dragontamer|1084\n|player|p2|jowi.exe|170|1055\n|gen|9\n|tier|[Gen 9 Champions] VGC 2026 Reg M-A\n|rated|\n|rule|Species Clause: Limit one of each Pok\u00e9mon\n|rule|Item Clause: Limit 1 of each item\n|clearpoke\n|poke|p1|Zoroark-Hisui, L50, M|\n|poke|p1|Froslass, L50, F|\n|poke|p1|Whimsicott, L50, F|\n|poke|p1|Kangaskhan, L50, F|\n|poke|p1|Farigiraf, L50, F|\n|poke|p1|Sylveon, L50, F|\n|poke|p2|Charizard, L50, M|\n|poke|p2|Incineroar, L50, M|\n|poke|p2|Sneasler, L50, F|\n|poke|p2|Sinistcha, L50|\n|poke|p2|Milotic, L50, M|\n|poke|p2|Hydreigon, L50, M|\n|teampreview|4\njowi.exe rejected open team sheets.\n|inactive|Battle timer is ON: inactive players will automatically lose when time's up. (requested by 33A33)\n|inactive|jowi.exe has 60 seconds left.\n|\n|t:|1776461306\n|teamsize|p1|4\n|teamsize|p2|4\n|start\n|switch|p1a: Whimsicott|Whimsicott, L50, F|100/100\n|switch|p1b: Froslass|Froslass, L50, F|100/100\n|switch|p2a: Incineroar|Incineroar, L50, M|100/100\n|switch|p2b: Charizard|Charizard, L50, M|100/100\n|turn|1\n|\n|t:|1776461325\n|move|p1b: Froslass|Protect|p1b: Froslass\n|-singleturn|p1b: Froslass|Protect\n|move|p2a: Incineroar|Fake Out|p1a: Whimsicott\n|-immune|p1a: Whimsicott\n|move|p1a: Whimsicott|Icy Wind|p2b: Charizard|[spread] p2a,p2b\n|-resisted|p2a: Incineroar|1\n|-damage|p2a: Incineroar|94/100\n|-damage|p2b: Charizard|83/100\n|-unboost|p2a: Incineroar|spe|1\n|-unboost|p2b: Charizard|spe|1\n|move|p2b: Charizard|Flare Blitz|p1b: Froslass\n|-activate|p1b: Froslass|move: Protect\n|\n|upkeep\n|turn|2\n|inactive|jowi.exe has 30 seconds left.\n|\n|t:|1776461355\n|switch|p1b: Kangaskhan|Kangaskhan, L50, F|100/100\n|move|p1a: Whimsicott|Bitter Malice|p2b: Charizard\n|-damage|p2b: Charizard|39/100\n|-unboost|p2b: Charizard|atk|1\n|move|p2b: Charizard|Flare Blitz|p1b: Kangaskhan\n|-damage|p1b: Kangaskhan|68/100\n|-status|p1b: Kangaskhan|brn\n|-damage|p2b: Charizard|25/100|[from] Recoil\n|move|p2a: Incineroar|Flare Blitz|p1b: Kangaskhan\n|-damage|p1b: Kangaskhan|10/100 brn\n|-damage|p2a: Incineroar|70/100|[from] Recoil\n|\n|-damage|p1b: Kangaskhan|4/100 brn|[from] brn\n|upkeep\n|turn|3\n|inactive|jowi.exe has 30 seconds left.\n|\n|t:|1776461383\n|switch|p2a: Sinistcha|Sinistcha, L50|100/100\n|-heal|p2b: Charizard|50/100|[from] ability: Hospitality|[of] p2a: Sinistcha\n|detailschange|p2b: Charizard|Charizard-Mega-X, L50, M\n|-mega|p2b: Charizard|Charizard|Charizardite X\n|move|p2b: Charizard|Protect|p2b: Charizard\n|-singleturn|p2b: Charizard|Protect\n|move|p1a: Whimsicott|Bitter Malice|p2b: Charizard\n|-activate|p2b: Charizard|move: Protect\n|move|p1b: Kangaskhan|Double-Edge|p2a: Sinistcha\n|-damage|p2a: Sinistcha|81/100\n|-damage|p1b: Kangaskhan|0 fnt|[from] Recoil\n|faint|p1b: Kangaskhan\n|\n|upkeep\n|\n|t:|1776461391\n|switch|p1b: Whimsicott|Whimsicott, L50, F|100/100\n|turn|4\n|inactive|jowi.exe has 30 seconds left.\n|inactive|jowi.exe has 20 seconds left.\n|\n|t:|1776461426\n|move|p2a: Sinistcha|Rage Powder|p2a: Sinistcha\n|-singleturn|p2a: Sinistcha|move: Rage Powder\n|move|p1b: Whimsicott|Encore|p2b: Charizard\n|-start|p2b: Charizard|Encore\n|move|p2b: Charizard|Protect||[still]\n|-fail|p2b: Charizard\n|move|p1a: Whimsicott|Bitter Malice|p2a: Sinistcha\n|-supereffective|p2a: Sinistcha|1\n|-damage|p2a: Sinistcha|0 fnt\n|faint|p2a: Sinistcha\n|\n|upkeep\n|\n|t:|1776461438\n|switch|p2a: Sneasler|Sneasler, L50, F|100/100\n|-ability|p2a: Sneasler|Pressure\n|turn|5\n|inactive|33A33 has 30 seconds left.\n|inactive|33A33 has 20 seconds left.\n|\n|t:|1776461474\n|switch|p1b: Froslass|Froslass, L50, F|100/100\n|move|p2b: Charizard|Protect|p2b: Charizard\n|-singleturn|p2b: Charizard|Protect\n|move|p2a: Sneasler|Dire Claw|p1b: Froslass\n|-resisted|p1b: Froslass|1\n|-damage|p1b: Froslass|66/100\n|move|p1a: Whimsicott|Bitter Malice|p2a: Sneasler\n|-damage|p2a: Sneasler|47/100\n|-unboost|p2a: Sneasler|atk|1\n|-enditem|p2a: Sneasler|White Herb\n|-clearnegativeboost|p2a: Sneasler|[silent]\n|\n|upkeep\n|turn|6\n|inactive|jowi.exe has 30 seconds left.\n|\n|t:|1776461509\n|switch|p2b: Incineroar|Incineroar, L50, M|70/100\n|move|p1b: Froslass|Protect|p1b: Froslass\n|-singleturn|p1b: Froslass|Protect\n|move|p2a: Sneasler|Dire Claw|p1a: Whimsicott\n|-resisted|p1a: Whimsicott|1\n|-damage|p1a: Whimsicott|60/100\n|replace|p1a: Zoroark|Zoroark-Hisui, L50, M\n|-end|p1a: Zoroark|Illusion\n|move|p1a: Zoroark|Icy Wind|p2a: Sneasler|[spread] p2a,p2b\n|-resisted|p2b: Incineroar|1\n|-damage|p2a: Sneasler|29/100\n|-damage|p2b: Incineroar|62/100\n|-unboost|p2a: Sneasler|spe|1\n|-unboost|p2b: Incineroar|spe|1\n|\n|upkeep\n|turn|7\n|inactive|jowi.exe has 30 seconds left.\n|\n|t:|1776461542\n|detailschange|p1b: Froslass|Froslass-Mega, L50, F\n|-mega|p1b: Froslass|Froslass|Froslassite\n|-weather|Snowscape|[from] ability: Snow Warning|[of] p1b: Froslass\n|move|p1b: Froslass|Blizzard|p2b: Incineroar|[spread] p2a,p2b\n|-resisted|p2b: Incineroar|1\n|-damage|p2a: Sneasler|0 fnt\n|-damage|p2b: Incineroar|41/100\n|-enditem|p2b: Incineroar|Sitrus Berry|[eat]\n|-heal|p2b: Incineroar|66/100|[from] item: Sitrus Berry\n|faint|p2a: Sneasler\n|move|p1a: Zoroark|Bitter Malice|p2b: Incineroar\n|-resisted|p2b: Incineroar|1\n|-damage|p2b: Incineroar|48/100\n|-unboost|p2b: Incineroar|atk|1\n|move|p2b: Incineroar|Throat Chop|p1a: Zoroark\n|-supereffective|p1a: Zoroark|1\n|-crit|p1a: Zoroark\n|-damage|p1a: Zoroark|0 fnt\n|faint|p1a: Zoroark\n|\n|-weather|Snowscape|[upkeep]\n|upkeep\n|\n|t:|1776461560\n|switch|p2a: Charizard|Charizard-Mega-X, L50, M|50/100\n|switch|p1a: Whimsicott|Whimsicott, L50, F|100/100\n|turn|8\n|\n|t:|1776461577\n|move|p1b: Froslass|Protect|p1b: Froslass\n|-singleturn|p1b: Froslass|Protect\n|move|p1a: Whimsicott|Moonblast|p2b: Incineroar\n|-damage|p2b: Incineroar|19/100\n|move|p2a: Charizard|Dragon Dance|p2a: Charizard\n|-boost|p2a: Charizard|atk|1\n|-boost|p2a: Charizard|spe|1\n|move|p2b: Incineroar|Flare Blitz|p1b: Froslass\n|-activate|p1b: Froslass|move: Protect\n|\n|-weather|Snowscape|[upkeep]\n|upkeep\n|turn|9\n|\n|t:|1776461595\n|move|p1a: Whimsicott|Encore|p2a: Charizard\n|-start|p2a: Charizard|Encore\n|move|p2a: Charizard|Dragon Dance|p2a: Charizard\n|-boost|p2a: Charizard|atk|1\n|-boost|p2a: Charizard|spe|1\n|move|p1b: Froslass|Blizzard|p2a: Charizard|[spread] p2a,p2b\n|-resisted|p2b: Incineroar|1\n|-damage|p2a: Charizard|0 fnt\n|-damage|p2b: Incineroar|0 fnt\n|faint|p2a: Charizard\n|faint|p2b: Incineroar\n|\n|win|33A33\n|raw|33A33's rating: 1084 &rarr; <strong>1109</strong><br />(+25 for winning)\n|raw|jowi.exe's rating: 1055 &rarr; <strong>1038</strong><br />(-17 for losing)\n|l|\u2606jowi.exe\n|player|p2|\n",
  "uploadtime": 1776461607,
  "views": 21,
  "formatid": "gen9championsvgc2026regma",
  "rating": 1038,
  "private": 0,
  "password": null
}