{
  "id": "gen9championsvgc2026regma-2581201979",
  "format": "[Gen 9 Champions] VGC 2026 Reg M-A",
  "players": [
    "Azreal29",
    "BlackSuspect"
  ],
  "log": "|j|\u2606Azreal29\n|j|\u2606BlackSuspect\n|t:|1775970203\n|gametype|doubles\n|player|p1|Azreal29|unknown|1059\n|player|p2|BlackSuspect|101|1101\n|gen|9\n|tier|[Gen 9 Champions] VGC 2026 Reg M-A\n|rated|\n|rule|Species Clause: Limit one of each Pok\u00e9mon\n|rule|Item Clause: Limit 1 of each item\n|clearpoke\n|poke|p1|Gengar, L50, M|\n|poke|p1|Pelipper, L50, M|\n|poke|p1|Incineroar, L50, M|\n|poke|p1|Maushold-Four, L50|\n|poke|p1|Politoed, L50, M|\n|poke|p1|Archaludon, L50, F|\n|poke|p2|Rotom-Wash, L50|\n|poke|p2|Garchomp, L50, M|\n|poke|p2|Aerodactyl, L50, M|\n|poke|p2|Sneasler, L50, M|\n|poke|p2|Kingambit, L50, F|\n|poke|p2|Delphox, L50, M|\n|teampreview|4\n|inactive|Battle timer is ON: inactive players will automatically lose when time's up. (requested by Azreal29)\n|inactive|BlackSuspect has 60 seconds left.\n|\n|t:|1775970245\n|teamsize|p1|4\n|teamsize|p2|4\n|start\n|switch|p1a: Inumaki|Gengar, L50, M, shiny|100/100\n|switch|p1b: Maushold|Maushold-Four, L50|100/100\n|switch|p2a: Aerodactyl|Aerodactyl, L50, M|100/100\n|switch|p2b: Rotom|Rotom-Wash, L50|100/100\n|-ability|p2a: Aerodactyl|Unnerve\n|turn|1\n|inactive|Azreal29 has 30 seconds left.\n|\n|t:|1775970278\n|detailschange|p1a: Inumaki|Gengar-Mega, L50, M, shiny\n|-mega|p1a: Inumaki|Gengar|Gengarite\n|move|p1b: Maushold|Follow Me|p1b: Maushold\n|-singleturn|p1b: Maushold|move: Follow Me\n|move|p2a: Aerodactyl|Rock Slide|p1a: Inumaki|[spread] p1a,p1b\n|-damage|p1a: Inumaki|82/100\n|-damage|p1b: Maushold|77/100\n|move|p1a: Inumaki|Perish Song|p1a: Inumaki\n|-start|p1a: Inumaki|perish3|[silent]\n|-start|p1b: Maushold|perish3|[silent]\n|-start|p2a: Aerodactyl|perish3|[silent]\n|-start|p2b: Rotom|perish3|[silent]\n|-fieldactivate|move: Perish Song\n|move|p2b: Rotom|Electroweb|p1a: Inumaki|[spread] p1a,p1b\n|-damage|p1a: Inumaki|70/100\n|-damage|p1b: Maushold|60/100\n|-unboost|p1a: Inumaki|spe|1\n|-unboost|p1b: Maushold|spe|1\n|\n|-start|p2a: Aerodactyl|perish3\n|-start|p2b: Rotom|perish3\n|-start|p1a: Inumaki|perish3\n|-start|p1b: Maushold|perish3\n|upkeep\n|turn|2\n|inactive|Azreal29 has 30 seconds left.\n|inactive|BlackSuspect has 30 seconds left.\n|\n|t:|1775970304\n|move|p2a: Aerodactyl|Rock Slide|p1a: Inumaki|[spread] p1a,p1b\n|-damage|p1a: Inumaki|47/100\n|-damage|p1b: Maushold|35/100\n|move|p2b: Rotom|Hydro Pump|p1a: Inumaki\n|-crit|p1a: Inumaki\n|-damage|p1a: Inumaki|2/100\n|move|p1a: Inumaki|Disable|p2a: Aerodactyl\n|-start|p2a: Aerodactyl|Disable|Rock Slide\n|move|p1b: Maushold|Encore|p2a: Aerodactyl\n|-start|p2a: Aerodactyl|Encore\n|\n|-start|p2a: Aerodactyl|perish2\n|-start|p2b: Rotom|perish2\n|-start|p1a: Inumaki|perish2\n|-start|p1b: Maushold|perish2\n|upkeep\n|turn|3\n|\n|t:|1775970329\n|move|p1a: Inumaki|Protect|p1a: Inumaki\n|-singleturn|p1a: Inumaki|Protect\n|-activate|p2a: Aerodactyl|move: Struggle\n|move|p2a: Aerodactyl|Struggle|p1b: Maushold\n|-damage|p1b: Maushold|22/100\n|-damage|p2a: Aerodactyl|76/100|[from] recoil\n|move|p2b: Rotom|Electroweb|p1a: Inumaki|[spread] p1b\n|-activate|p1a: Inumaki|move: Protect\n|-damage|p1b: Maushold|6/100\n|-unboost|p1b: Maushold|spe|1\n|move|p1b: Maushold|Super Fang|p2b: Rotom|[miss]\n|-miss|p1b: Maushold|p2b: Rotom\n|\n|-start|p2a: Aerodactyl|perish1\n|-start|p2b: Rotom|perish1\n|-start|p1a: Inumaki|perish1\n|-start|p1b: Maushold|perish1\n|upkeep\n|turn|4\n|inactive|Azreal29 has 30 seconds left.\n|inactive|Azreal29 has 20 seconds left.\n|\n|t:|1775970366\n|move|p1b: Maushold|Follow Me|p1b: Maushold\n|-singleturn|p1b: Maushold|move: Follow Me\n|-activate|p2a: Aerodactyl|move: Struggle\n|move|p2a: Aerodactyl|Struggle|p1b: Maushold\n|-crit|p1b: Maushold\n|-damage|p1b: Maushold|0 fnt\n|faint|p1b: Maushold\n|-damage|p2a: Aerodactyl|51/100|[from] recoil\n|move|p2b: Rotom|Electroweb|p1a: Inumaki\n|-damage|p1a: Inumaki|0 fnt\n|faint|p1a: Inumaki\n|\n|-start|p2a: Aerodactyl|perish0\n|-start|p2b: Rotom|perish0\n|upkeep\n|faint|p2a: Aerodactyl\n|faint|p2b: Rotom\n|\n|t:|1775970379\n|switch|p2a: Sneasler|Sneasler, L50, M|100/100\n|switch|p1a: Pelipper|Pelipper, L50, M|100/100\n|switch|p1b: Archaludon|Archaludon, L50, F, shiny|100/100\n|switch|p2b: Delphox|Delphox, L50, M|100/100\n|-weather|RainDance|[from] ability: Drizzle|[of] p1a: Pelipper\n|turn|5\n|\n|t:|1775970401\n|detailschange|p2b: Delphox|Delphox-Mega, L50, M\n|-mega|p2b: Delphox|Delphox|Delphoxite\n|move|p2a: Sneasler|Fake Out|p1a: Pelipper\n|-damage|p1a: Pelipper|79/100\n|move|p2b: Delphox|Psychic|p1a: Pelipper\n|-damage|p1a: Pelipper|0 fnt\n|faint|p1a: Pelipper\n|move|p1b: Archaludon|Electro Shot||[still]\n|-prepare|p1b: Archaludon|Electro Shot\n|-boost|p1b: Archaludon|spa|1\n|-anim|p1b: Archaludon|Electro Shot|p2b: Delphox\n|-damage|p2b: Delphox|39/100\n|\n|-weather|RainDance|[upkeep]\n|upkeep\n|turn|6\n|\n|t:|1775970421\n|move|p2b: Delphox|Psychic|p1b: Archaludon\n|-resisted|p1b: Archaludon|1\n|-damage|p1b: Archaludon|67/100\n|-ability|p1b: Archaludon|Stamina|boost\n|-boost|p1b: Archaludon|def|1\n|move|p2a: Sneasler|Dire Claw|p1b: Archaludon\n|-immune|p1b: Archaludon\n|move|p1b: Archaludon|Electro Shot||[still]\n|-prepare|p1b: Archaludon|Electro Shot\n|-boost|p1b: Archaludon|spa|1\n|-anim|p1b: Archaludon|Electro Shot|p2a: Sneasler\n|-damage|p2a: Sneasler|0 fnt\n|faint|p2a: Sneasler\n|\n|-weather|RainDance|[upkeep]\n|-heal|p1b: Archaludon|73/100|[from] item: Leftovers\n|upkeep\n|turn|7\n|\n|t:|1775970435\n|move|p2b: Delphox|Psychic|p1b: Archaludon\n|-resisted|p1b: Archaludon|1\n|-crit|p1b: Archaludon\n|-damage|p1b: Archaludon|23/100\n|-ability|p1b: Archaludon|Stamina|boost\n|-boost|p1b: Archaludon|def|1\n|move|p1b: Archaludon|Snarl|p2b: Delphox\n|-supereffective|p2b: Delphox|1\n|-damage|p2b: Delphox|0 fnt\n|faint|p2b: Delphox\n|\n|win|Azreal29\n|raw|Azreal29's rating: 1059 &rarr; <strong>1094</strong><br />(+35 for winning)\n|raw|BlackSuspect's rating: 1101 &rarr; <strong>1073</strong><br />(-28 for losing)\n|l|\u2606BlackSuspect\n|player|p2|\n",
  "uploadtime": 1775970453,
  "views": 14,
  "formatid": "gen9championsvgc2026regma",
  "rating": 1073,
  "private": 0,
  "password": null
}