{
  "id": "gen9championsvgc2026regma-2583585516",
  "format": "[Gen 9 Champions] VGC 2026 Reg M-A",
  "players": [
    "DragonairJordan23",
    "Samohtmj"
  ],
  "log": "|j|\u2606DragonairJordan23\n|j|\u2606Samohtmj\n|t:|1776184893\n|gametype|doubles\n|player|p1|DragonairJordan23|dancer|1240\n|player|p2|Samohtmj|101|1140\n|gen|9\n|tier|[Gen 9 Champions] VGC 2026 Reg M-A\n|rated|\n|rule|Species Clause: Limit one of each Pok\u00e9mon\n|rule|Item Clause: Limit 1 of each item\n|clearpoke\n|poke|p1|Ampharos, L50, M|\n|poke|p1|Ninetales-Alola, L50, M|\n|poke|p1|Rotom-Frost, L50|\n|poke|p1|Gyarados, L50, F|\n|poke|p1|Mamoswine, L50, M|\n|poke|p1|Sinistcha, L50|\n|poke|p2|Klefki, L50, M|\n|poke|p2|Kommo-o, L50, M|\n|poke|p2|Wyrdeer, L50, M|\n|poke|p2|Torkoal, L50, M|\n|poke|p2|Primarina, L50, F|\n|poke|p2|Dragonite, L50, F|\n|teampreview|4\n|\n|t:|1776184977\n|teamsize|p1|4\n|teamsize|p2|4\n|start\n|switch|p1a: Rotom|Rotom-Frost, L50|100/100\n|switch|p1b: Mamoswine|Mamoswine, L50, M|100/100\n|switch|p2a: Klefki|Klefki, L50, M|100/100\n|switch|p2b: Dragonite|Dragonite, L50, F|100/100\n|turn|1\n|\n|t:|1776185038\n|detailschange|p2b: Dragonite|Dragonite-Mega, L50, F\n|-mega|p2b: Dragonite|Dragonite|Dragoninite\n|move|p1b: Mamoswine|Ice Shard|p2b: Dragonite\n|-supereffective|p2b: Dragonite|2\n|-damage|p2b: Dragonite|59/100\n|move|p2a: Klefki|Rain Dance|p2a: Klefki\n|-weather|RainDance\n|move|p1a: Rotom|Trick|p2a: Klefki\n|-activate|p1a: Rotom|move: Trick|[of] p2a: Klefki\n|-item|p2a: Klefki|Choice Scarf|[from] move: Trick\n|-item|p1a: Rotom|Focus Sash|[from] move: Trick\n|move|p2b: Dragonite|Draco Meteor|p1b: Mamoswine\n|-crit|p1b: Mamoswine\n|-enditem|p1b: Mamoswine|Focus Sash\n|-damage|p1b: Mamoswine|1/100\n|-unboost|p2b: Dragonite|spa|2\n|\n|-weather|RainDance|[upkeep]\n|upkeep\n|turn|2\n|\n|t:|1776185081\n|move|p2b: Dragonite|Protect|p2b: Dragonite\n|-singleturn|p2b: Dragonite|Protect\n|move|p1b: Mamoswine|Ice Shard|p2b: Dragonite\n|-activate|p2b: Dragonite|move: Protect\n|move|p1a: Rotom|Volt Switch|p2a: Klefki\n|-damage|p2a: Klefki|76/100\n|\n|t:|1776185093\n|switch|p1a: Ninetales|Ninetales-Alola, L50, M|100/100|[from] Volt Switch\n|-weather|Snowscape|[from] ability: Snow Warning|[of] p1a: Ninetales\n|move|p2a: Klefki|Foul Play|p1b: Mamoswine\n|-damage|p1b: Mamoswine|0 fnt\n|faint|p1b: Mamoswine\n|\n|-weather|Snowscape|[upkeep]\n|upkeep\n|\n|t:|1776185106\n|switch|p1b: Ampharos|Ampharos, L50, M|100/100\n|turn|3\n|inactive|Battle timer is ON: inactive players will automatically lose when time's up. (requested by DragonairJordan23)\n|\n|t:|1776185172\n|switch|p2a: Torkoal|Torkoal, L50, M|100/100\n|-weather|SunnyDay|[from] ability: Drought|[of] p2a: Torkoal\n|detailschange|p1b: Ampharos|Ampharos-Mega, L50, M\n|-mega|p1b: Ampharos|Ampharos|Ampharosite\n|-ability|p1b: Ampharos|Mold Breaker\n|move|p1a: Ninetales|Icy Wind|p2a: Torkoal|[spread] p2a,p2b\n|-resisted|p2a: Torkoal|1\n|-supereffective|p2b: Dragonite|2\n|-damage|p2a: Torkoal|92/100\n|-damage|p2b: Dragonite|20/100\n|-unboost|p2a: Torkoal|spe|1\n|-unboost|p2b: Dragonite|spe|1\n|move|p1b: Ampharos|Thunderbolt|p2b: Dragonite\n|-damage|p2b: Dragonite|0 fnt\n|faint|p2b: Dragonite\n|\n|-weather|SunnyDay|[upkeep]\n|upkeep\n|\n|t:|1776185189\n|switch|p2b: Klefki|Klefki, L50, M|76/100\n|turn|4\n|\n|t:|1776185210\n|switch|p1a: Rotom|Rotom-Frost, L50|100/100\n|move|p2a: Torkoal|Protect|p2a: Torkoal\n|-singleturn|p2a: Torkoal|Protect\n|move|p1b: Ampharos|Thunderbolt|p2b: Klefki\n|-damage|p2b: Klefki|23/100\n|move|p2b: Klefki|Trick Room|p2b: Klefki\n|-fieldstart|move: Trick Room|[of] p2b: Klefki\n|\n|-weather|SunnyDay|[upkeep]\n|upkeep\n|turn|5\n|inactive|Samohtmj has 30 seconds left.\n|\n|t:|1776185236\n|switch|p1a: Ninetales|Ninetales-Alola, L50, M|100/100\n|-weather|Snowscape|[from] ability: Snow Warning|[of] p1a: Ninetales\n|move|p2a: Torkoal|Eruption|p1a: Ninetales|[spread] p1a,p1b\n|-supereffective|p1a: Ninetales|1\n|-enditem|p1a: Ninetales|Occa Berry|[eat]\n|-enditem|p1a: Ninetales|Occa Berry|[weaken]\n|-resisted|p1b: Ampharos|1\n|-damage|p1a: Ninetales|48/100\n|-damage|p1b: Ampharos|74/100\n|move|p1b: Ampharos|Parabolic Charge|p2a: Torkoal|[spread] p1a,p2a,p2b\n|-damage|p1a: Ninetales|18/100\n|-heal|p1b: Ampharos|90/100|[from] drain|[of] p1a: Ninetales\n|-damage|p2a: Torkoal|53/100\n|-heal|p1b: Ampharos|100/100|[from] drain|[of] p2a: Torkoal\n|-damage|p2b: Klefki|0 fnt\n|faint|p2b: Klefki\n|\n|-weather|Snowscape|[upkeep]\n|upkeep\n|\n|t:|1776185252\n|switch|p2b: Primarina|Primarina, L50, F|100/100\n|turn|6\n|\n|t:|1776185271\n|move|p1b: Ampharos|Protect|p1b: Ampharos\n|-singleturn|p1b: Ampharos|Protect\n|move|p1a: Ninetales|Protect|p1a: Ninetales\n|-singleturn|p1a: Ninetales|Protect\n|move|p2a: Torkoal|Heat Wave|p1a: Ninetales|[spread] \n|-activate|p1a: Ninetales|move: Protect\n|-activate|p1b: Ampharos|move: Protect\n|move|p2b: Primarina|Moonblast|p1b: Ampharos\n|-activate|p1b: Ampharos|move: Protect\n|\n|-weather|Snowscape|[upkeep]\n|upkeep\n|turn|7\n|\n|t:|1776185289\n|switch|p1b: Rotom|Rotom-Frost, L50|100/100\n|move|p2a: Torkoal|Heat Wave|p1a: Ninetales|[spread] p1a,p1b\n|-supereffective|p1a: Ninetales|1\n|-supereffective|p1b: Rotom|1\n|-damage|p1a: Ninetales|0 fnt\n|-damage|p1b: Rotom|17/100\n|faint|p1a: Ninetales\n|move|p2b: Primarina|Moonblast|p1b: Rotom\n|-damage|p1b: Rotom|0 fnt\n|faint|p1b: Rotom\n|\n|-weather|Snowscape|[upkeep]\n|upkeep\n|\n|t:|1776185302\n|switch|p1b: Ampharos|Ampharos-Mega, L50, M|100/100\n|-ability|p1b: Ampharos|Mold Breaker\n|turn|8\n|\n|t:|1776185312\n|move|p1b: Ampharos|Protect|p1b: Ampharos\n|-singleturn|p1b: Ampharos|Protect\n|move|p2a: Torkoal|Earth Power|p1b: Ampharos\n|-activate|p1b: Ampharos|move: Protect\n|move|p2b: Primarina|Moonblast|p1b: Ampharos\n|-activate|p1b: Ampharos|move: Protect\n|\n|-weather|Snowscape|[upkeep]\n|-fieldend|move: Trick Room\n|upkeep\n|turn|9\n|\n|t:|1776185325\n|move|p1b: Ampharos|Thunderbolt|p2b: Primarina\n|-supereffective|p2b: Primarina|1\n|-damage|p2b: Primarina|3/100\n|move|p2b: Primarina|Moonblast|p1b: Ampharos\n|-supereffective|p1b: Ampharos|1\n|-damage|p1b: Ampharos|0 fnt\n|faint|p1b: Ampharos\n|\n|win|Samohtmj\n|raw|DragonairJordan23's rating: 1240 &rarr; <strong>1208</strong><br />(-32 for losing)\n|raw|Samohtmj's rating: 1140 &rarr; <strong>1172</strong><br />(+32 for winning)\n",
  "uploadtime": 1776185325,
  "views": 13,
  "formatid": "gen9championsvgc2026regma",
  "rating": 1172,
  "private": 0,
  "password": null
}