{
  "id": "gen9championsvgc2026regma-2580324267",
  "format": "[Gen 9 Champions] VGC 2026 Reg M-A",
  "players": [
    "Beada64",
    "elgra"
  ],
  "log": "|j|\u2606Beada64\n|j|\u2606elgra\n|t:|1775880534\n|gametype|doubles\n|player|p1|Beada64|acetrainer-gen4dp|1056\n|player|p2|elgra|proton|1000\n|gen|9\n|tier|[Gen 9 Champions] VGC 2026 Reg M-A\n|rated|\n|rule|Species Clause: Limit one of each Pok\u00e9mon\n|rule|Item Clause: Limit 1 of each item\n|clearpoke\n|poke|p1|Lopunny, L50, M|\n|poke|p1|Pelipper, L50, M|\n|poke|p1|Archaludon, L50, F|\n|poke|p1|Palafin, L50, M|\n|poke|p1|Rotom-Heat, L50|\n|poke|p1|Basculegion, L50, M|\n|poke|p2|Klefki, L50, F|\n|poke|p2|Pelipper, L50, F|\n|poke|p2|Gengar, L50, F|\n|poke|p2|Politoed, L50, F|\n|poke|p2|Archaludon, L50, M|\n|poke|p2|Ditto, L50|\n|teampreview|4\nelgra has agreed to open team sheets.\n|inactive|Battle timer is ON: inactive players will automatically lose when time's up. (requested by elgra)\nBeada64 has agreed to open team sheets.\n|showteam|p1|Lopunny||Lopunnite|CuteCharm|CloseCombat,Facade,SwordsDance,FakeOut|||M|||50|]Pelipper||QuickClaw|Drizzle|Hurricane,Tailwind,WeatherBall,WideGuard|||M|||50|]Archaludon||Leftovers|Stamina|ElectroShot,DracoMeteor,FlashCannon,Snarl|||F|||50|]Palafin||LumBerry|ZerotoHero|JetPunch,FlipTurn,DrainPunch,WaveCrash|||M|||50|]Rotom-Heat||BrightPowder|Levitate|Thunder,ShadowBall,VoltSwitch,Overheat||||||50|]Basculegion||MysticWater|Adaptability|WaveCrash,AquaJet,PhantomForce,Liquidation|||M|||50|\n|showteam|p2|Klefki||MentalHerb|Prankster|LightScreen,Reflect,ThunderWave,FoulPlay|||F|||50|]Pelipper||ChartiBerry|Drizzle|WeatherBall,Hurricane,Tailwind,Protect|||F|||50|]Gengar||Gengarite|CursedBody|ShadowBall,SludgeWave,Disable,PerishSong|||F|||50|]Politoed||Leftovers|Drizzle|Hypnosis,PerishSong,Protect,WeatherBall|||F|||50|]Archaludon||ChestoBerry|Stamina|ElectroShot,DracoMeteor,Roar,FlashCannon|||M|||50|]Ditto||ChoiceScarf|Imposter|Transform||||||50|\n|\n|t:|1775880590\n|teamsize|p1|4\n|teamsize|p2|4\n|start\n|switch|p1a: Lopunny|Lopunny, L50, M, shiny|100/100\n|switch|p1b: Palafin|Palafin, L50, M|100/100\n|switch|p2a: Klefki|Klefki, L50, F|100/100\n|switch|p2b: Gengar|Gengar, L50, F|100/100\n|turn|1\n|inactive|Beada64 has 30 seconds left.\n|inactive|elgra has 30 seconds left.\n|inactive|Beada64 has 20 seconds left.\n|\n|t:|1775880629\n|detailschange|p2b: Gengar|Gengar-Mega, L50, F\n|-mega|p2b: Gengar|Gengar|Gengarite\n|move|p1a: Lopunny|Fake Out|p2a: Klefki\n|-resisted|p2a: Klefki|1\n|-damage|p2a: Klefki|92/100\n|cant|p2a: Klefki|flinch\n|move|p2b: Gengar|Sludge Wave|p1a: Lopunny|[spread] p1a,p1b\n|-immune|p2a: Klefki\n|-damage|p1a: Lopunny|41/100\n|-damage|p1b: Palafin|39/100\n|move|p1b: Palafin|Flip Turn|p2b: Gengar\n|-damage|p2b: Gengar|65/100\n|\n|t:|1775880636\n|detailschange|p1b: Palafin|Palafin-Hero, L50, M\n|switch|p1b: Pelipper|Pelipper, L50, M|100/100|[from] Flip Turn\n|-weather|RainDance|[from] ability: Drizzle|[of] p1b: Pelipper\n|\n|-weather|RainDance|[upkeep]\n|upkeep\n|turn|2\n|inactive|Beada64 has 30 seconds left.\n|inactive|elgra has 30 seconds left.\n|inactive|Beada64 has 20 seconds left.\n|\n|t:|1775880675\n|detailschange|p1a: Lopunny|Lopunny-Mega, L50, M, shiny\n|-mega|p1a: Lopunny|Lopunny|Lopunnite\n|move|p2a: Klefki|Thunder Wave|p1a: Lopunny\n|-status|p1a: Lopunny|par\n|move|p2b: Gengar|Sludge Wave|p1a: Lopunny|[spread] p1a,p1b\n|-immune|p2a: Klefki\n|-damage|p1a: Lopunny|0 fnt\n|-damage|p1b: Pelipper|39/100\n|faint|p1a: Lopunny\n|move|p1b: Pelipper|Weather Ball|p2b: Gengar\n|-damage|p2b: Gengar|0 fnt\n|faint|p2b: Gengar\n|\n|-weather|RainDance|[upkeep]\n|upkeep\n|\n|t:|1775880688\n|switch|p1a: Palafin|Palafin-Hero, L50, M|39/100\n|switch|p2b: Archaludon|Archaludon, L50, M|100/100\n|-activate|p1a: Palafin|ability: Zero to Hero\n|turn|3\n|inactive|Beada64 has 30 seconds left.\n|\n|t:|1775880718\n|move|p2a: Klefki|Thunder Wave|p1a: Palafin\n|-status|p1a: Palafin|par\n|-enditem|p1a: Palafin|Lum Berry|[eat]\n|-curestatus|p1a: Palafin|par|[msg]\n|move|p1a: Palafin|Drain Punch|p2b: Archaludon\n|-supereffective|p2b: Archaludon|1\n|-damage|p2b: Archaludon|50/100\n|-heal|p1a: Palafin|63/100|[from] drain|[of] p2b: Archaludon\n|-ability|p2b: Archaludon|Stamina|boost\n|-boost|p2b: Archaludon|def|1\n|move|p2b: Archaludon|Electro Shot||[still]\n|-prepare|p2b: Archaludon|Electro Shot\n|-boost|p2b: Archaludon|spa|1\n|-anim|p2b: Archaludon|Electro Shot|p1a: Palafin\n|-supereffective|p1a: Palafin|1\n|-damage|p1a: Palafin|0 fnt\n|faint|p1a: Palafin\n|move|p1b: Pelipper|Weather Ball|p2b: Archaludon\n|-resisted|p2b: Archaludon|1\n|-damage|p2b: Archaludon|5/100\n|-ability|p2b: Archaludon|Stamina|boost\n|-boost|p2b: Archaludon|def|1\n|\n|-weather|RainDance|[upkeep]\n|upkeep\n|\n|t:|1775880721\n|switch|p1a: Rotom|Rotom-Heat, L50|100/100\n|turn|4\n|inactive|elgra has 30 seconds left.\n|inactive|elgra has 20 seconds left.\n|inactive|elgra has 15 seconds left.\n|\n|t:|1775880764\n|move|p2a: Klefki|Thunder Wave|p1b: Pelipper\n|-status|p1b: Pelipper|par\n|move|p1a: Rotom|Overheat|p2a: Klefki\n|-supereffective|p2a: Klefki|1\n|-damage|p2a: Klefki|30/100\n|-unboost|p1a: Rotom|spa|2\n|move|p2b: Archaludon|Draco Meteor|p1a: Rotom\n|-damage|p1a: Rotom|0 fnt\n|-unboost|p2b: Archaludon|spa|2\n|faint|p1a: Rotom\n|move|p1b: Pelipper|Weather Ball|p2b: Archaludon\n|-resisted|p2b: Archaludon|1\n|-damage|p2b: Archaludon|0 fnt\n|faint|p2b: Archaludon\n|\n|-weather|RainDance|[upkeep]\n|upkeep\n|\n|t:|1775880781\n|switch|p2b: Ditto|Ditto, L50|100/100\n|turn|5\n|\n|t:|1775880803\n|move|p2a: Klefki|Light Screen|p2a: Klefki\n|-sidestart|p2: elgra|move: Light Screen\n|move|p2b: Ditto|Transform|p1b: Pelipper\n|-transform|p2b: Ditto|p1b: Pelipper\n|move|p1b: Pelipper|Weather Ball|p2b: Ditto\n|-resisted|p2b: Ditto|1\n|-damage|p2b: Ditto|71/100\n|\n|-weather|none\n|upkeep\n|turn|6\n|c|\u2606elgra|Oh no, i forgot tomake him an imposter\n|c|\u2606Beada64|LOL yeah i was confused for a sec\n|inactive|Beada64 has 30 seconds left.\n|-activate|p1b: Pelipper|item: Quick Claw\n|\n|t:|1775880832\n|move|p1b: Pelipper|Hurricane|p2b: Ditto|[miss]\n|-miss|p1b: Pelipper|p2b: Ditto\n|move|p2b: Ditto|Weather Ball|p1b: Pelipper\n|-damage|p1b: Pelipper|17/100 par\n|move|p2a: Klefki|Foul Play|p1b: Pelipper\n|-damage|p1b: Pelipper|2/100 par\n|\n|upkeep\n|turn|7\n|inactive|elgra has 30 seconds left.\n|c|\u2606elgra|Obviously it was the strat lol, i lie\n|\n|t:|1775880863\n|move|p1b: Pelipper|Wide Guard|p1b: Pelipper\n|-singleturn|p1b: Pelipper|Wide Guard\n|move|p2b: Ditto|Weather Ball|p1b: Pelipper\n|-damage|p1b: Pelipper|0 fnt\n|faint|p1b: Pelipper\n|\n|win|elgra\n|raw|Beada64's rating: 1056 &rarr; <strong>1035</strong><br />(-21 for losing)\n|raw|elgra's rating: 1000 &rarr; <strong>1046</strong><br />(+46 for winning)\n|c|\u2606Beada64|ofc ofc for sure\n|c|\u2606Beada64|gg wp :)\n|c|\u2606elgra|Ggs\n",
  "uploadtime": 1775880879,
  "views": 11,
  "formatid": "gen9championsvgc2026regma",
  "rating": 1035,
  "private": 0,
  "password": null
}