{
  "id": "gen9championsvgc2026regma-2581307994",
  "format": "[Gen 9 Champions] VGC 2026 Reg M-A",
  "players": [
    "f1ish",
    "RyushinYuki"
  ],
  "log": "|badge|p1|bronze|gen9randombattle|100-9\n|uhtml|medal-msg|<div class=\"broadcast-blue\">Curious what those medals under the avatar are? PS now has Ladder Seasons! For more information, check out the <a href=\"https://www.smogon.com/forums/threads/3740067/\">thread on Smogon.</a></div>\n|j|\u203df1ish\n|j|\u2606RyushinYuki\n|t:|1775984504\n|gametype|doubles\n|player|p1|f1ish|266|1358\n|player|p2|RyushinYuki|cynthia-masters|1491\n|gen|9\n|tier|[Gen 9 Champions] VGC 2026 Reg M-A\n|rated|\n|rule|Species Clause: Limit one of each Pok\u00e9mon\n|rule|Item Clause: Limit 1 of each item\n|clearpoke\n|poke|p1|Politoed, L50, F|\n|poke|p1|Archaludon, L50, M|\n|poke|p1|Basculegion, L50, M|\n|poke|p1|Incineroar, L50, M|\n|poke|p1|Sinistcha, L50|\n|poke|p1|Gengar, L50, F|\n|poke|p2|Corviknight, L50, F|\n|poke|p2|Tyranitar, L50, M|\n|poke|p2|Excadrill, L50, F|\n|poke|p2|Meganium, L50, F|\n|poke|p2|Sneasler, L50, F|\n|poke|p2|Rotom-Wash, L50|\n|teampreview|4\n|inactive|Battle timer is ON: inactive players will automatically lose when time's up. (requested by f1ish)\n|inactive|RyushinYuki has 60 seconds left.\n|\n|t:|1775984544\n|teamsize|p1|4\n|teamsize|p2|4\n|start\n|switch|p1a: Gengar|Gengar, L50, F|100/100\n|switch|p1b: Politoed|Politoed, L50, F|100/100\n|switch|p2a: Excadrill|Excadrill, L50, F|100/100\n|switch|p2b: Sneasler|Sneasler, L50, F|100/100\n|-weather|RainDance|[from] ability: Drizzle|[of] p1b: Politoed\n|turn|1\n|j| gE1xjZRtuhW2DdT0AK\n|inactive|f1ish has 30 seconds left.\n|\n|t:|1775984573\n|switch|p2b: Tyranitar|Tyranitar, L50, M|100/100\n|-weather|Sandstorm|[from] ability: Sand Stream|[of] p2b: Tyranitar\n|switch|p1b: Incineroar|Incineroar, L50, M|100/100\n|-ability|p1b: Incineroar|Intimidate|boost\n|-unboost|p2a: Excadrill|atk|1\n|-unboost|p2b: Tyranitar|atk|1\n|detailschange|p1a: Gengar|Gengar-Mega, L50, F\n|-mega|p1a: Gengar|Gengar|Gengarite\n|move|p2a: Excadrill|High Horsepower|p1a: Gengar\n|-supereffective|p1a: Gengar|1\n|-damage|p1a: Gengar|13/100\n|move|p1a: Gengar|Perish Song|p1a: Gengar\n|-start|p1a: Gengar|perish3|[silent]\n|-start|p1b: Incineroar|perish3|[silent]\n|-start|p2a: Excadrill|perish3|[silent]\n|-start|p2b: Tyranitar|perish3|[silent]\n|-fieldactivate|move: Perish Song\n|\n|-weather|Sandstorm|[upkeep]\n|-damage|p1a: Gengar|7/100|[from] Sandstorm\n|-damage|p1b: Incineroar|95/100|[from] Sandstorm\n|-start|p2a: Excadrill|perish3\n|-start|p1a: Gengar|perish3\n|-start|p2b: Tyranitar|perish3\n|-start|p1b: Incineroar|perish3\n|upkeep\n|turn|2\n|j| VC824\n|inactive|f1ish has 30 seconds left.\n|inactive|RyushinYuki has 30 seconds left.\n|inactive|f1ish has 20 seconds left.\n|inactive|f1ish has 15 seconds left.\n|inactive|f1ish has 10 seconds left.\n|\n|t:|1775984621\n|switch|p1a: Politoed|Politoed, L50, F|100/100\n|-weather|RainDance|[from] ability: Drizzle|[of] p1a: Politoed\n|move|p2b: Tyranitar|Protect|p2b: Tyranitar\n|-singleturn|p2b: Tyranitar|Protect\n|move|p2a: Excadrill|Earthquake|p1a: Politoed|[spread] p1a,p1b\n|-activate|p2b: Tyranitar|move: Protect\n|-supereffective|p1b: Incineroar|1\n|-damage|p1a: Politoed|72/100\n|-damage|p1b: Incineroar|40/100\n|-enditem|p1b: Incineroar|Sitrus Berry|[eat]\n|-heal|p1b: Incineroar|65/100|[from] item: Sitrus Berry\n|move|p1b: Incineroar|Parting Shot|p2a: Excadrill\n|-unboost|p2a: Excadrill|atk|1\n|-unboost|p2a: Excadrill|spa|1\n|\n|t:|1775984637\n|switch|p1b: Gengar|Gengar-Mega, L50, F|7/100|[from] Parting Shot\n|\n|-weather|RainDance|[upkeep]\n|-heal|p1a: Politoed|78/100|[from] item: Leftovers\n|-start|p2a: Excadrill|perish2\n|-start|p2b: Tyranitar|perish2\n|upkeep\n|turn|3\n|l| VC824\n|\n|t:|1775984651\n|switch|p1a: Sinistcha|Sinistcha, L50|100/100\n|-heal|p1b: Gengar|32/100|[from] ability: Hospitality|[of] p1a: Sinistcha\n|detailschange|p2b: Tyranitar|Tyranitar-Mega, L50, M\n|-mega|p2b: Tyranitar|Tyranitar|Tyranitarite\n|-weather|Sandstorm|[from] ability: Sand Stream|[of] p2b: Tyranitar\n|move|p1b: Gengar|Protect|p1b: Gengar\n|-singleturn|p1b: Gengar|Protect\n|move|p2a: Excadrill|High Horsepower|p1a: Sinistcha\n|-resisted|p1a: Sinistcha|1\n|-damage|p1a: Sinistcha|89/100\n|move|p2b: Tyranitar|Knock Off|p1b: Gengar\n|-activate|p1b: Gengar|move: Protect\n|\n|-weather|Sandstorm|[upkeep]\n|-damage|p1b: Gengar|26/100|[from] Sandstorm\n|-damage|p1a: Sinistcha|83/100|[from] Sandstorm\n|-start|p2a: Excadrill|perish1\n|-start|p2b: Tyranitar|perish1\n|upkeep\n|turn|4\n|j| Andrey Koitrans\n|\n|t:|1775984674\n|switch|p1b: Politoed|Politoed, L50, F|78/100\n|-weather|RainDance|[from] ability: Drizzle|[of] p1b: Politoed\n|switch|p1a: Incineroar|Incineroar, L50, M|65/100\n|-ability|p1a: Incineroar|Intimidate|boost\n|-unboost|p2a: Excadrill|atk|1\n|-unboost|p2b: Tyranitar|atk|1\n|move|p2a: Excadrill|Earthquake|p1a: Incineroar|[spread] p2b,p1a,p1b\n|-supereffective|p2b: Tyranitar|1\n|-supereffective|p1a: Incineroar|1\n|-crit|p1a: Incineroar\n|-damage|p2b: Tyranitar|79/100\n|-damage|p1a: Incineroar|0 fnt\n|-damage|p1b: Politoed|58/100\n|faint|p1a: Incineroar\n|move|p2b: Tyranitar|Knock Off|p1b: Politoed\n|-damage|p1b: Politoed|24/100\n|-enditem|p1b: Politoed|Leftovers|[from] move: Knock Off|[of] p2b: Tyranitar\n|\n|-weather|RainDance|[upkeep]\n|-start|p2a: Excadrill|perish0\n|-start|p2b: Tyranitar|perish0\n|upkeep\n|faint|p2a: Excadrill\n|faint|p2b: Tyranitar\n|\n|t:|1775984693\n|switch|p2a: Rotom|Rotom-Wash, L50|100/100\n|switch|p2b: Sneasler|Sneasler, L50, F|100/100\n|switch|p1a: Sinistcha|Sinistcha, L50|83/100\n|-heal|p1b: Politoed|49/100|[from] ability: Hospitality|[of] p1a: Sinistcha\n|turn|5\n|\n|t:|1775984709\n|move|p1a: Sinistcha|Rage Powder|p1a: Sinistcha\n|-singleturn|p1a: Sinistcha|move: Rage Powder\n|move|p2b: Sneasler|Dire Claw|p1a: Sinistcha\n|-damage|p1a: Sinistcha|45/100\n|move|p2a: Rotom|Thunderbolt|p1a: Sinistcha\n|-resisted|p1a: Sinistcha|1\n|-damage|p1a: Sinistcha|23/100\n|move|p1b: Politoed|Perish Song|p1b: Politoed\n|-start|p1a: Sinistcha|perish3|[silent]\n|-start|p1b: Politoed|perish3|[silent]\n|-start|p2a: Rotom|perish3|[silent]\n|-start|p2b: Sneasler|perish3|[silent]\n|-fieldactivate|move: Perish Song\n|\n|-weather|RainDance|[upkeep]\n|-start|p2b: Sneasler|perish3\n|-start|p2a: Rotom|perish3\n|-start|p1b: Politoed|perish3\n|-start|p1a: Sinistcha|perish3\n|upkeep\n|turn|6\n|\n|t:|1775984734\n|switch|p1a: Gengar|Gengar-Mega, L50, F|26/100\n|move|p1b: Politoed|Protect|p1b: Politoed\n|-singleturn|p1b: Politoed|Protect\n|move|p2b: Sneasler|Close Combat|p1b: Politoed\n|-activate|p1b: Politoed|move: Protect\n|move|p2a: Rotom|Thunderbolt|p1a: Gengar\n|-damage|p1a: Gengar|0 fnt\n|faint|p1a: Gengar\n|\n|-weather|RainDance|[upkeep]\n|-start|p2b: Sneasler|perish2\n|-start|p2a: Rotom|perish2\n|-start|p1b: Politoed|perish2\n|upkeep\n|\n|t:|1775984745\n|switch|p1a: Sinistcha|Sinistcha, L50|23/100\n|-heal|p1b: Politoed|74/100|[from] ability: Hospitality|[of] p1a: Sinistcha\n|turn|7\n|\n|t:|1775984768\n|move|p1b: Politoed|Protect||[still]\n|-fail|p1b: Politoed\n|move|p1a: Sinistcha|Protect|p1a: Sinistcha\n|-singleturn|p1a: Sinistcha|Protect\n|move|p2b: Sneasler|Dire Claw|p1a: Sinistcha\n|-activate|p1a: Sinistcha|move: Protect\n|move|p2a: Rotom|Thunderbolt|p1b: Politoed\n|-supereffective|p1b: Politoed|1\n|-damage|p1b: Politoed|0 fnt\n|faint|p1b: Politoed\n|\n|-weather|RainDance|[upkeep]\n|-start|p2b: Sneasler|perish1\n|-start|p2a: Rotom|perish1\n|upkeep\n|turn|8\n|\n|t:|1775984782\n|move|p1a: Sinistcha|Protect||[still]\n|-fail|p1a: Sinistcha\n|move|p2b: Sneasler|Dire Claw|p1a: Sinistcha\n|-damage|p1a: Sinistcha|0 fnt\n|faint|p1a: Sinistcha\n|\n|win|RyushinYuki\n|raw|f1ish's rating: 1358 &rarr; <strong>1345</strong><br />(-13 for losing)\n|raw|RyushinYuki's rating: 1491 &rarr; <strong>1504</strong><br />(+13 for winning)\n",
  "uploadtime": 1775984817,
  "views": 99,
  "formatid": "gen9championsvgc2026regma",
  "rating": 1345,
  "private": 0,
  "password": null
}