{
  "id": "gen9championsvgc2026regma-2581970472",
  "format": "[Gen 9 Champions] VGC 2026 Reg M-A",
  "players": [
    "Double_e0_0",
    "amongdripgoku"
  ],
  "log": "|j|\u2606Double_e0_0\n|j|\u2606amongdripgoku\n|t:|1776044358\n|gametype|doubles\n|player|p1|Double_e0_0|roxie|1057\n|player|p2|amongdripgoku|169|1111\n|gen|9\n|tier|[Gen 9 Champions] VGC 2026 Reg M-A\n|rated|\n|rule|Species Clause: Limit one of each Pok\u00e9mon\n|rule|Item Clause: Limit 1 of each item\n|clearpoke\n|poke|p1|Sneasler, L50, F|\n|poke|p1|Charizard, L50, M|\n|poke|p1|Whimsicott, L50, F|\n|poke|p1|Venusaur, L50, F|\n|poke|p1|Garchomp, L50, F|\n|poke|p1|Heliolisk, L50, F|\n|poke|p2|Pelipper, L50, M|\n|poke|p2|Gengar, L50, F|\n|poke|p2|Greninja-*, L50, F|\n|poke|p2|Basculegion, L50, M|\n|poke|p2|Archaludon, L50, M|\n|poke|p2|Whimsicott, L50, F|\n|teampreview|4\n|inactive|Battle timer is ON: inactive players will automatically lose when time's up. (requested by Double_e0_0)\n|inactive|amongdripgoku has 60 seconds left.\n|\n|t:|1776044394\n|teamsize|p1|4\n|teamsize|p2|4\n|start\n|switch|p1a: Whimsicott|Whimsicott, L50, F|100/100\n|switch|p1b: Venusaur|Venusaur, L50, F, shiny|100/100\n|switch|p2a: Whimsicott|Whimsicott, L50, F|100/100\n|switch|p2b: Greninja|Greninja, L50, F|100/100\n|turn|1\n|\n|t:|1776044412\n|move|p1a: Whimsicott|Tailwind|p1a: Whimsicott\n|-sidestart|p1: Double_e0_0|move: Tailwind\n|move|p2a: Whimsicott|Tailwind|p2a: Whimsicott\n|-sidestart|p2: amongdripgoku|move: Tailwind\n|move|p2b: Greninja|Ice Beam|p1a: Whimsicott\n|-start|p2b: Greninja|typechange|Ice|[from] ability: Protean\n|-supereffective|p1a: Whimsicott|1\n|-enditem|p1a: Whimsicott|Focus Sash\n|-damage|p1a: Whimsicott|1/100\n|move|p1b: Venusaur|Sludge Bomb|p2a: Whimsicott\n|-supereffective|p2a: Whimsicott|2\n|-enditem|p2a: Whimsicott|Focus Sash\n|-damage|p2a: Whimsicott|1/100\n|-status|p2a: Whimsicott|psn\n|\n|-damage|p2a: Whimsicott|0 fnt|[from] psn\n|faint|p2a: Whimsicott\n|upkeep\n|\n|t:|1776044428\n|switch|p2a: Pelipper|Pelipper, L50, M|100/100\n|-weather|RainDance|[from] ability: Drizzle|[of] p2a: Pelipper\n|turn|2\n|c|\u2606Double_e0_0|ohhh are you doing the mega shuffle? to get double protean?\n|\n|t:|1776044441\n|move|p1a: Whimsicott|Sunny Day|p1a: Whimsicott\n|-weather|SunnyDay\n|move|p1b: Venusaur|Sleep Powder|p2b: Greninja\n|-status|p2b: Greninja|slp|[from] move: Sleep Powder\n|cant|p2b: Greninja|slp\n|move|p2a: Pelipper|Hurricane|p1b: Venusaur|[miss]\n|-miss|p2a: Pelipper|p1b: Venusaur\n|\n|-weather|SunnyDay|[upkeep]\n|upkeep\n|turn|3\n|\n|t:|1776044458\n|switch|p2a: Basculegion|Basculegion, L50, M|100/100\n|cant|p2b: Greninja|slp\n|move|p1b: Venusaur|Sludge Bomb|p2b: Greninja\n|-damage|p2b: Greninja|22/100 slp\n|move|p1a: Whimsicott|Moonblast|p2b: Greninja\n|-damage|p2b: Greninja|0 fnt\n|faint|p2b: Greninja\n|\n|-weather|SunnyDay|[upkeep]\n|upkeep\n|\n|t:|1776044465\n|switch|p2b: Pelipper|Pelipper, L50, M|100/100\n|-weather|RainDance|[from] ability: Drizzle|[of] p2b: Pelipper\n|turn|4\n|\n|t:|1776044472\n|move|p2a: Basculegion|Aqua Jet|p1a: Whimsicott\n|-resisted|p1a: Whimsicott|1\n|-damage|p1a: Whimsicott|0 fnt\n|faint|p1a: Whimsicott\n|move|p1b: Venusaur|Sleep Powder|p2a: Basculegion\n|-status|p2a: Basculegion|slp|[from] move: Sleep Powder\n|move|p2b: Pelipper|Hurricane|p1b: Venusaur\n|-supereffective|p1b: Venusaur|1\n|-crit|p1b: Venusaur\n|-damage|p1b: Venusaur|0 fnt\n|faint|p1b: Venusaur\n|\n|-weather|RainDance|[upkeep]\n|-sideend|p1: Double_e0_0|move: Tailwind\n|-sideend|p2: amongdripgoku|move: Tailwind\n|upkeep\n|\n|t:|1776044475\n|switch|p1a: Fafnir|Charizard, L50, M, shiny|100/100\n|switch|p1b: Heliolisk|Heliolisk, L50, F|100/100\n|turn|5\n|\n|t:|1776044490\n|detailschange|p1a: Fafnir|Charizard-Mega-Y, L50, M, shiny\n|-mega|p1a: Fafnir|Charizard|Charizardite Y\n|-weather|SunnyDay|[from] ability: Drought|[of] p1a: Fafnir\n|move|p2b: Pelipper|Wide Guard|p2b: Pelipper\n|-singleturn|p2b: Pelipper|Wide Guard\n|move|p1b: Heliolisk|Thunderbolt|p2b: Pelipper\n|-supereffective|p2b: Pelipper|2\n|-damage|p2b: Pelipper|0 fnt\n|faint|p2b: Pelipper\n|move|p1a: Fafnir|Solar Beam||[still]\n|-prepare|p1a: Fafnir|Solar Beam\n|-anim|p1a: Fafnir|Solar Beam|p2a: Basculegion\n|-supereffective|p2a: Basculegion|1\n|-damage|p2a: Basculegion|0 fnt\n|faint|p2a: Basculegion\n|\n|win|Double_e0_0\n|raw|Double_e0_0's rating: 1057 &rarr; <strong>1093</strong><br />(+36 for winning)\n|raw|amongdripgoku's rating: 1111 &rarr; <strong>1082</strong><br />(-29 for losing)\n",
  "uploadtime": 1776044491,
  "views": 11,
  "formatid": "gen9championsvgc2026regma",
  "rating": 1082,
  "private": 0,
  "password": null
}