{
  "id": "gen9championsvgc2026regma-2583938454",
  "format": "[Gen 9 Champions] VGC 2026 Reg M-A",
  "players": [
    "animuforever",
    "13thSkaven"
  ],
  "log": "|j|\u2606animuforever\n|j|\u260613thSkaven\n|t:|1776209996\n|gametype|doubles\n|player|p1|animuforever|2|\n|player|p2|13thSkaven|266|\n|gen|9\n|tier|[Gen 9 Champions] VGC 2026 Reg M-A\n|rule|Species Clause: Limit one of each Pok\u00e9mon\n|rule|Item Clause: Limit 1 of each item\n|clearpoke\n|poke|p1|Golurk, L50|\n|poke|p1|Incineroar, L50, M|\n|poke|p1|Aggron, L50, F|\n|poke|p1|Hawlucha, L50, F|\n|poke|p1|Leafeon, L50, F|\n|poke|p1|Espathra, L50, M|\n|poke|p2|Starmie, L50|\n|poke|p2|Kangaskhan, L50, F|\n|poke|p2|Gyarados, L50, M|\n|poke|p2|Talonflame, L50, F|\n|poke|p2|Aerodactyl, L50, F|\n|poke|p2|Runerigus, L50, F|\n|teampreview|4\n|inactive|Battle timer is ON: inactive players will automatically lose when time's up. (requested by animuforever)\n|inactive|animuforever has 60 seconds left.\n|\n|t:|1776210031\n|teamsize|p1|4\n|teamsize|p2|4\n|start\n|switch|p1a: Espathra|Espathra, L50, M|100/100\n|switch|p1b: Golurk|Golurk, L50|100/100\n|switch|p2a: Talonflame|Talonflame, L50, F|100/100\n|switch|p2b: Gyarados|Gyarados, L50, M|100/100\n|-ability|p2b: Gyarados|Intimidate|boost\n|-unboost|p1a: Espathra|atk|1\n|-unboost|p1b: Golurk|atk|1\n|turn|1\n|inactive|animuforever has 30 seconds left.\n|inactive|animuforever has 20 seconds left.\n|inactive|animuforever has 15 seconds left.\n|\n|t:|1776210076\n|move|p2a: Talonflame|Tailwind|p2a: Talonflame\n|-sidestart|p2: 13thSkaven|move: Tailwind\n|move|p2b: Gyarados|Thunder Wave|p1a: Espathra\n|-status|p1a: Espathra|par\n|move|p1b: Golurk|Knock Off|p2a: Talonflame\n|-damage|p2a: Talonflame|69/100\n|-enditem|p2a: Talonflame|Focus Sash|[from] move: Knock Off|[of] p1b: Golurk\n|move|p1a: Espathra|Calm Mind|p1a: Espathra\n|-boost|p1a: Espathra|spa|1\n|-boost|p1a: Espathra|spd|1\n|\n|-ability|p1a: Espathra|Speed Boost|boost\n|-boost|p1a: Espathra|spe|1\n|upkeep\n|turn|2\n|inactive|animuforever has 30 seconds left.\n|inactive|13thSkaven has 30 seconds left.\n|\n|t:|1776210108\n|switch|p2a: Kangaskhan|Kangaskhan, L50, F|100/100\n|detailschange|p1b: Golurk|Golurk-Mega, L50\n|-mega|p1b: Golurk|Golurk|Golurkite\n|move|p2b: Gyarados|Waterfall|p1b: Golurk\n|-supereffective|p1b: Golurk|1\n|-damage|p1b: Golurk|49/100\n|move|p1a: Espathra|Calm Mind|p1a: Espathra\n|-boost|p1a: Espathra|spa|1\n|-boost|p1a: Espathra|spd|1\n|cant|p1b: Golurk|flinch\n|\n|-ability|p1a: Espathra|Speed Boost|boost\n|-boost|p1a: Espathra|spe|1\n|upkeep\n|turn|3\n|inactive|animuforever has 30 seconds left.\n|inactive|animuforever has 20 seconds left.\n|inactive|animuforever has 15 seconds left.\n|\n|t:|1776210150\n|move|p2a: Kangaskhan|Fake Out|p1a: Espathra\n|-damage|p1a: Espathra|74/100 par\n|move|p2b: Gyarados|Waterfall|p1b: Golurk\n|-supereffective|p1b: Golurk|1\n|-damage|p1b: Golurk|0 fnt\n|faint|p1b: Golurk\n|cant|p1a: Espathra|flinch\n|\n|-ability|p1a: Espathra|Speed Boost|boost\n|-boost|p1a: Espathra|spe|1\n|upkeep\n|\n|t:|1776210162\n|switch|p1b: Incineroar|Incineroar, L50, M|100/100\n|-ability|p1b: Incineroar|Intimidate|boost\n|-fail|p2a: Kangaskhan|unboost|Attack|[from] ability: Scrappy|[of] p2a: Kangaskhan\n|-unboost|p2b: Gyarados|atk|1\n|turn|4\n|\n|t:|1776210180\n|move|p1b: Incineroar|Fake Out|p2b: Gyarados\n|-damage|p2b: Gyarados|88/100\n|move|p2a: Kangaskhan|Drain Punch|p1b: Incineroar\n|-supereffective|p1b: Incineroar|1\n|-damage|p1b: Incineroar|64/100\n|cant|p2b: Gyarados|flinch\n|cant|p1a: Espathra|par\n|\n|-sideend|p2: 13thSkaven|move: Tailwind\n|-ability|p1a: Espathra|Speed Boost|boost\n|-boost|p1a: Espathra|spe|1\n|upkeep\n|turn|5\n|\n|t:|1776210200\n|move|p1a: Espathra|Stored Power|p2a: Kangaskhan\n|-damage|p2a: Kangaskhan|0 fnt\n|faint|p2a: Kangaskhan\n|move|p2b: Gyarados|Waterfall|p1b: Incineroar\n|-supereffective|p1b: Incineroar|1\n|-damage|p1b: Incineroar|20/100\n|move|p1b: Incineroar|Crunch|p2b: Gyarados\n|-damage|p2b: Gyarados|52/100\n|\n|-ability|p1a: Espathra|Speed Boost|boost\n|-boost|p1a: Espathra|spe|1\n|upkeep\n|\n|t:|1776210213\n|switch|p2a: Talonflame|Talonflame, L50, F|69/100\n|turn|6\n|\n|t:|1776210223\n|move|p1a: Espathra|Stored Power|p2a: Talonflame\n|-crit|p2a: Talonflame\n|-damage|p2a: Talonflame|0 fnt\n|faint|p2a: Talonflame\n|move|p2b: Gyarados|Waterfall|p1a: Espathra\n|-damage|p1a: Espathra|45/100 par\n|move|p1b: Incineroar|Parting Shot|p2b: Gyarados\n|-unboost|p2b: Gyarados|atk|1\n|-unboost|p2b: Gyarados|spa|1\n|\n|t:|1776210231\n|switch|p1b: Hawlucha|Hawlucha, L50, F|100/100|[from] Parting Shot\n|-ability|p1b: Hawlucha|Mold Breaker\n|\n|-ability|p1a: Espathra|Speed Boost|boost\n|-boost|p1a: Espathra|spe|1\n|upkeep\n|\n|t:|1776210239\n|switch|p2a: Starmie|Starmie, L50|100/100\n|turn|7\n|\n|t:|1776210252\n|detailschange|p2a: Starmie|Starmie-Mega, L50\n|-mega|p2a: Starmie|Starmie|Starminite\n|move|p2b: Gyarados|Protect|p2b: Gyarados\n|-singleturn|p2b: Gyarados|Protect\n|move|p1a: Espathra|Stored Power|p2b: Gyarados\n|-activate|p2b: Gyarados|move: Protect\n|move|p2a: Starmie|Self-Destruct|p1b: Hawlucha|[spread] p1a,p1b\n|-activate|p2b: Gyarados|move: Protect\n|-damage|p1a: Espathra|0 fnt\n|-damage|p1b: Hawlucha|0 fnt\n|faint|p2a: Starmie\n|faint|p1a: Espathra\n|faint|p1b: Hawlucha\n|\n|upkeep\n|\n|t:|1776210263\n|switch|p1b: Incineroar|Incineroar, L50, M|20/100\n|-ability|p1b: Incineroar|Intimidate|boost\n|-unboost|p2b: Gyarados|atk|1\n|turn|8\n|\n|t:|1776210275\n|move|p2b: Gyarados|Protect||[still]\n|-fail|p2b: Gyarados\n|move|p1b: Incineroar|Fake Out|p2b: Gyarados\n|-damage|p2b: Gyarados|40/100\n|-enditem|p2b: Gyarados|Sitrus Berry|[eat]\n|-heal|p2b: Gyarados|64/100|[from] item: Sitrus Berry\n|\n|upkeep\n|turn|9\n|\n|t:|1776210285\n|move|p2b: Gyarados|Waterfall|p1b: Incineroar\n|-supereffective|p1b: Incineroar|1\n|-damage|p1b: Incineroar|0 fnt\n|faint|p1b: Incineroar\n|\n|win|13thSkaven\n|l|\u2606animuforever\n|player|p1|\n",
  "uploadtime": 1776210476,
  "views": 22,
  "formatid": "gen9championsvgc2026regma",
  "rating": null,
  "private": 0,
  "password": null
}