{
  "id": "gen9championsvgc2026regma-2582730683",
  "format": "[Gen 9 Champions] VGC 2026 Reg M-A",
  "players": [
    "BicVGC",
    "Zetious"
  ],
  "log": "|j|\u2606BicVGC\n|j|\u2606Zetious\n|t:|1776110173\n|gametype|doubles\n|player|p1|BicVGC|101|1077\n|player|p2|Zetious|iris|1156\n|gen|9\n|tier|[Gen 9 Champions] VGC 2026 Reg M-A\n|rated|\n|rule|Species Clause: Limit one of each Pok\u00e9mon\n|rule|Item Clause: Limit 1 of each item\n|clearpoke\n|poke|p1|Hawlucha, L50, M|\n|poke|p1|Vanilluxe, L50, M|\n|poke|p1|Aerodactyl, L50, F|\n|poke|p1|Incineroar, L50, F|\n|poke|p1|Trevenant, L50, M|\n|poke|p1|Garchomp, L50, F|\n|poke|p2|Froslass, L50, F|\n|poke|p2|Clefable, L50, F|\n|poke|p2|Kommo-o, L50, M|\n|poke|p2|Arcanine-Hisui, L50, M|\n|poke|p2|Kingambit, L50, M|\n|poke|p2|Palafin, L50, F|\n|teampreview|4\n|\n|t:|1776110198\n|teamsize|p1|4\n|teamsize|p2|4\n|start\n|switch|p1a: Hawlucha|Hawlucha, L50, M|100/100\n|switch|p1b: Aerodactyl|Aerodactyl, L50, F|100/100\n|switch|p2a: Arcanine|Arcanine-Hisui, L50, M|100/100\n|switch|p2b: Froslass|Froslass, L50, F|100/100\n|-ability|p1b: Aerodactyl|Unnerve\n|-ability|p2a: Arcanine|Intimidate|boost\n|-unboost|p1a: Hawlucha|atk|1\n|-unboost|p1b: Aerodactyl|atk|1\n|-ability|p1a: Hawlucha|Mold Breaker\n|turn|1\n|\n|t:|1776110216\n|detailschange|p2b: Froslass|Froslass-Mega, L50, F\n|-mega|p2b: Froslass|Froslass|Froslassite\n|-weather|Snowscape|[from] ability: Snow Warning|[of] p2b: Froslass\n|move|p2a: Arcanine|Protect|p2a: Arcanine\n|-singleturn|p2a: Arcanine|Protect\n|move|p1a: Hawlucha|Protect|p1a: Hawlucha\n|-singleturn|p1a: Hawlucha|Protect\n|move|p1b: Aerodactyl|Tailwind|p1b: Aerodactyl\n|-sidestart|p1: BicVGC|move: Tailwind\n|move|p2b: Froslass|Aurora Veil|p2b: Froslass\n|-sidestart|p2: Zetious|move: Aurora Veil\n|\n|-weather|Snowscape|[upkeep]\n|upkeep\n|turn|2\n|\n|t:|1776110238\n|switch|p1b: Vanilluxe|Vanilluxe, L50, M|100/100\n|detailschange|p1a: Hawlucha|Hawlucha-Mega, L50, M\n|-mega|p1a: Hawlucha|Hawlucha|Hawluchanite\n|move|p1a: Hawlucha|Entrainment|p1b: Vanilluxe\n|-ability|p1b: Vanilluxe|No Guard|Snow Warning|[from] move: Entrainment|[of] p1a: Hawlucha\n|move|p2b: Froslass|Blizzard|p1b: Vanilluxe|[spread] p1a,p1b\n|-supereffective|p1a: Hawlucha|1\n|-resisted|p1b: Vanilluxe|1\n|-damage|p1a: Hawlucha|0 fnt\n|-damage|p1b: Vanilluxe|79/100\n|faint|p1a: Hawlucha\n|move|p2a: Arcanine|Rock Slide|p1b: Vanilluxe\n|-supereffective|p1b: Vanilluxe|1\n|-damage|p1b: Vanilluxe|8/100\n|\n|-weather|Snowscape|[upkeep]\n|upkeep\n|\n|t:|1776110255\n|switch|p1a: Incineroar|Incineroar, L50, F|100/100\n|-ability|p1a: Incineroar|Intimidate|boost\n|-unboost|p2a: Arcanine|atk|1\n|-unboost|p2b: Froslass|atk|1\n|-enditem|p2a: Arcanine|White Herb\n|-clearnegativeboost|p2a: Arcanine|[silent]\n|turn|3\n|\n|t:|1776110267\n|move|p2a: Arcanine|Protect|p2a: Arcanine\n|-singleturn|p2a: Arcanine|Protect\n|move|p1b: Vanilluxe|Sheer Cold|p2a: Arcanine\n|-activate|p2a: Arcanine|move: Protect\n|move|p2b: Froslass|Blizzard|p1a: Incineroar|[spread] p1a,p1b\n|-resisted|p1a: Incineroar|1\n|-crit|p1a: Incineroar\n|-resisted|p1b: Vanilluxe|1\n|-damage|p1a: Incineroar|73/100\n|-damage|p1b: Vanilluxe|0 fnt\n|faint|p1b: Vanilluxe\n|move|p1a: Incineroar|Parting Shot|p2b: Froslass\n|-unboost|p2b: Froslass|atk|1\n|-unboost|p2b: Froslass|spa|1\n|\n|t:|1776110280\n|switch|p1a: Aerodactyl|Aerodactyl, L50, F|100/100|[from] Parting Shot\n|-ability|p1a: Aerodactyl|Unnerve\n|\n|-weather|Snowscape|[upkeep]\n|upkeep\n|\n|t:|1776110287\n|switch|p1b: Incineroar|Incineroar, L50, F|73/100\n|-ability|p1b: Incineroar|Intimidate|boost\n|-unboost|p2a: Arcanine|atk|1\n|-unboost|p2b: Froslass|atk|1\n|turn|4\n|\n|t:|1776110304\n|switch|p2a: Kommo-o|Kommo-o, L50, M|100/100\n|move|p1b: Incineroar|Fake Out|p2a: Kommo-o\n|-damage|p2a: Kommo-o|96/100\n|move|p1a: Aerodactyl|Rock Slide|p2b: Froslass|[spread] p2a\n|-miss|p1a: Aerodactyl|p2b: Froslass\n|-resisted|p2a: Kommo-o|1\n|-damage|p2a: Kommo-o|90/100\n|move|p2b: Froslass|Blizzard|p1a: Aerodactyl|[spread] p1a,p1b\n|-supereffective|p1a: Aerodactyl|1\n|-resisted|p1b: Incineroar|1\n|-damage|p1a: Aerodactyl|8/100\n|-damage|p1b: Incineroar|60/100\n|\n|-weather|Snowscape|[upkeep]\n|-heal|p2a: Kommo-o|96/100|[from] item: Leftovers\n|-sideend|p1: BicVGC|move: Tailwind\n|upkeep\n|turn|5\n|\n|t:|1776110330\n|move|p1a: Aerodactyl|Rock Slide|p2b: Froslass|[spread] p2a,p2b\n|-resisted|p2a: Kommo-o|1\n|-supereffective|p2b: Froslass|1\n|-damage|p2a: Kommo-o|91/100\n|-damage|p2b: Froslass|64/100\n|move|p2b: Froslass|Blizzard|p1b: Incineroar|[spread] p1a,p1b\n|-supereffective|p1a: Aerodactyl|1\n|-resisted|p1b: Incineroar|1\n|-damage|p1a: Aerodactyl|0 fnt\n|-damage|p1b: Incineroar|48/100\n|-enditem|p1b: Incineroar|Sitrus Berry|[eat]\n|-heal|p1b: Incineroar|73/100|[from] item: Sitrus Berry\n|faint|p1a: Aerodactyl\n|cant|p2a: Kommo-o|flinch\n|move|p1b: Incineroar|Parting Shot|p2a: Kommo-o\n|-unboost|p2a: Kommo-o|atk|1\n|-unboost|p2a: Kommo-o|spa|1\n|\n|-weather|none\n|-heal|p2a: Kommo-o|97/100|[from] item: Leftovers\n|-sideend|p2: Zetious|move: Aurora Veil\n|upkeep\n|turn|6\n|-message|BicVGC forfeited.\n|\n|win|Zetious\n|raw|BicVGC's rating: 1077 &rarr; <strong>1060</strong><br />(-17 for losing)\n|raw|Zetious's rating: 1156 &rarr; <strong>1175</strong><br />(+19 for winning)\n",
  "uploadtime": 1776110355,
  "views": 29,
  "formatid": "gen9championsvgc2026regma",
  "rating": 1060,
  "private": 0,
  "password": null
}