{
  "id": "gen9championsvgc2026regma-2587941421",
  "format": "[Gen 9 Champions] VGC 2026 Reg M-A",
  "players": [
    "Timthyeet",
    "anubisjr"
  ],
  "log": "|j|\u2606Timthyeet\n|j|\u2606anubisjr\n|t:|1776582281\n|gametype|doubles\n|player|p1|Timthyeet|1|1359\n|player|p2|anubisjr|102|1310\n|gen|9\n|tier|[Gen 9 Champions] VGC 2026 Reg M-A\n|rated|\n|rule|Species Clause: Limit one of each Pok\u00e9mon\n|rule|Item Clause: Limit 1 of each item\n|clearpoke\n|poke|p1|Starmie, L50|\n|poke|p1|Trevenant, L50, F|\n|poke|p1|Tyranitar, L50, F|\n|poke|p1|Torkoal, L50, F|\n|poke|p1|Meowscarada, L50, M|\n|poke|p1|Kingambit, L50, M|\n|poke|p2|Maushold, L50|\n|poke|p2|Scovillain, L50, F|\n|poke|p2|Farigiraf, L50, F|\n|poke|p2|Aegislash, L50, F|\n|poke|p2|Incineroar, L50, F|\n|poke|p2|Gyarados, L50, F|\n|teampreview|4\n|inactive|Battle timer is ON: inactive players will automatically lose when time's up. (requested by Timthyeet)\n|\n|t:|1776582311\n|teamsize|p1|4\n|teamsize|p2|4\n|start\n|switch|p1a: Starmie|Starmie, L50|100/100\n|switch|p1b: Trevenant|Trevenant, L50, F|100/100\n|switch|p2a: Scovillain|Scovillain, L50, F|100/100\n|switch|p2b: Maushold|Maushold, L50|100/100\n|-item|p2a: Scovillain|Scovillainite|[from] ability: Frisk|[of] p1b: Trevenant\n|-item|p2b: Maushold|King's Rock|[from] ability: Frisk|[of] p1b: Trevenant\n|turn|1\n|\n|t:|1776582328\n|detailschange|p1a: Starmie|Starmie-Mega, L50\n|-mega|p1a: Starmie|Starmie|Starminite\n|move|p2a: Scovillain|Protect|p2a: Scovillain\n|-singleturn|p2a: Scovillain|Protect\n|move|p1a: Starmie|Skill Swap|p1b: Trevenant\n|-activate|p1a: Starmie|Skill Swap|||[of] p1b: Trevenant\n|-item|p2a: Scovillain|Scovillainite|[from] ability: Frisk|[of] p1a: Starmie\n|-item|p2b: Maushold|King's Rock|[from] ability: Frisk|[of] p1a: Starmie\n|move|p2b: Maushold|Population Bomb|p1a: Starmie\n|-damage|p1a: Starmie|87/100\n|-damage|p1a: Starmie|75/100\n|-damage|p1a: Starmie|62/100\n|-damage|p1a: Starmie|50/100\n|-hitcount|p1a: Starmie|4\n|move|p1b: Trevenant|Trick Room|p1b: Trevenant\n|-fieldstart|move: Trick Room|[of] p1b: Trevenant\n|\n|-ability|p2a: Scovillain|Moody|boost\n|-boost|p2a: Scovillain|spa|2\n|-unboost|p2a: Scovillain|spd|1\n|upkeep\n|turn|2\n|inactive|anubisjr has 30 seconds left.\n|\n|t:|1776582362\n|switch|p2a: Farigiraf|Farigiraf, L50, F|100/100\n|move|p1b: Trevenant|Poltergeist|p2a: Farigiraf\n|-immune|p2a: Farigiraf\n|move|p2b: Maushold|Encore|p1b: Trevenant\n|-start|p1b: Trevenant|Encore\n|-enditem|p1b: Trevenant|Mental Herb\n|-end|p1b: Trevenant|Encore\n|move|p1a: Starmie|Liquidation|p2b: Maushold\n|-damage|p2b: Maushold|51/100\n|-unboost|p2b: Maushold|def|1\n|\n|upkeep\n|turn|3\n|\n|t:|1776582380\n|switch|p2b: Scovillain|Scovillain, L50, F|100/100\n|move|p1b: Trevenant|Horn Leech|p2a: Farigiraf\n|-damage|p2a: Farigiraf|30/100\n|move|p2a: Farigiraf|Hyper Voice|p1b: Trevenant|[spread] p1a\n|-immune|p1b: Trevenant\n|-damage|p1a: Starmie|16/100\n|move|p1a: Starmie|Liquidation|p2b: Scovillain\n|-damage|p2b: Scovillain|69/100\n|\n|-ability|p2b: Scovillain|Moody|boost\n|-boost|p2b: Scovillain|spa|2\n|-unboost|p2b: Scovillain|spd|1\n|upkeep\n|turn|4\n|\n|t:|1776582400\n|detailschange|p2b: Scovillain|Scovillain-Mega, L50, F\n|-mega|p2b: Scovillain|Scovillain|Scovillainite\n|move|p2a: Farigiraf|Ally Switch|p2a: Farigiraf\n|swap|p2a: Farigiraf|1|[from] move: Ally Switch\n|move|p1b: Trevenant|Poltergeist|p2b: Farigiraf\n|-immune|p2b: Farigiraf\n|move|p2a: Scovillain|Overheat|p1b: Trevenant|[miss]\n|-miss|p2a: Scovillain|p1b: Trevenant\n|move|p1a: Starmie|Liquidation|p2a: Scovillain\n|-damage|p2a: Scovillain|40/100\n|-status|p1a: Starmie|brn|[from] ability: Spicy Spray|[of] p2a: Scovillain\n|\n|-damage|p1a: Starmie|10/100 brn|[from] brn\n|upkeep\n|turn|5\n|\n|t:|1776582420\n|move|p1b: Trevenant|Protect|p1b: Trevenant\n|-singleturn|p1b: Trevenant|Protect\n|move|p2a: Scovillain|Protect|p2a: Scovillain\n|-singleturn|p2a: Scovillain|Protect\n|move|p1a: Starmie|Protect|p1a: Starmie\n|-singleturn|p1a: Starmie|Protect\n|move|p2b: Farigiraf|Psychic|p1b: Trevenant\n|-activate|p1b: Trevenant|move: Protect\n|\n|-damage|p1a: Starmie|4/100 brn|[from] brn\n|-fieldend|move: Trick Room\n|upkeep\n|turn|6\n|\n|t:|1776582437\n|move|p2b: Farigiraf|Ally Switch|p2b: Farigiraf\n|swap|p2b: Farigiraf|0|[from] move: Ally Switch\n|move|p1a: Starmie|Liquidation|p2a: Farigiraf\n|-damage|p2a: Farigiraf|15/100\n|move|p2b: Scovillain|Overheat|p1b: Trevenant\n|-supereffective|p1b: Trevenant|1\n|-damage|p1b: Trevenant|0 fnt\n|-unboost|p2b: Scovillain|spa|2\n|faint|p1b: Trevenant\n|\n|-damage|p1a: Starmie|0 fnt|[from] brn\n|faint|p1a: Starmie\n|upkeep\n|\n|t:|1776582442\n|switch|p1a: Torkoal|Torkoal, L50, F|100/100\n|switch|p1b: Kingambit|Kingambit, L50, M|100/100\n|-weather|SunnyDay|[from] ability: Drought|[of] p1a: Torkoal\n|turn|7\n|\n|t:|1776582458\n|move|p1b: Kingambit|Protect|p1b: Kingambit\n|-singleturn|p1b: Kingambit|Protect\n|move|p2b: Scovillain|Overheat|p1b: Kingambit\n|-activate|p1b: Kingambit|move: Protect\n|move|p2a: Farigiraf|Psychic|p1a: Torkoal\n|-damage|p1a: Torkoal|44/100\n|move|p1a: Torkoal|Eruption|p2a: Farigiraf|[spread] p2a,p2b\n|-damage|p2a: Farigiraf|0 fnt\n|-damage|p2b: Scovillain|0 fnt\n|-immune|p1a: Torkoal\n|faint|p2a: Farigiraf\n|faint|p2b: Scovillain\n|\n|-weather|SunnyDay|[upkeep]\n|upkeep\n|\n|t:|1776582461\n|switch|p2b: Maushold|Maushold, L50|51/100\n|switch|p2a: Aegislash|Aegislash, L50, F|100/100\n|turn|8\n|\n|t:|1776582477\n|move|p2b: Maushold|Encore|p1b: Kingambit\n|-start|p1b: Kingambit|Encore\n|move|p1b: Kingambit|Protect||[still]\n|-fail|p1b: Kingambit\n|-formechange|p2a: Aegislash|Aegislash-Blade|\n|move|p2a: Aegislash|Poltergeist|p1a: Torkoal\n|-activate|p1a: Torkoal|move: Poltergeist|Charcoal\n|-damage|p1a: Torkoal|0 fnt\n|faint|p1a: Torkoal\n|\n|-weather|SunnyDay|[upkeep]\n|upkeep\n|turn|9\n|\n|t:|1776582498\n|move|p1b: Kingambit|Protect|p1b: Kingambit\n|-singleturn|p1b: Kingambit|Protect\n|move|p2b: Maushold|Population Bomb|p1b: Kingambit\n|-activate|p1b: Kingambit|move: Protect\n|move|p2a: Aegislash|Poltergeist|p1b: Kingambit\n|-activate|p1b: Kingambit|move: Protect\n|\n|-weather|SunnyDay|[upkeep]\n|upkeep\n|turn|10\n|\n|t:|1776582504\n|move|p1b: Kingambit|Protect||[still]\n|-fail|p1b: Kingambit\n|move|p2b: Maushold|Population Bomb|p1b: Kingambit\n|-resisted|p1b: Kingambit|1\n|-damage|p1b: Kingambit|97/100\n|-resisted|p1b: Kingambit|1\n|-damage|p1b: Kingambit|92/100\n|-resisted|p1b: Kingambit|1\n|-damage|p1b: Kingambit|88/100\n|-resisted|p1b: Kingambit|1\n|-damage|p1b: Kingambit|84/100\n|-resisted|p1b: Kingambit|1\n|-damage|p1b: Kingambit|80/100\n|-resisted|p1b: Kingambit|1\n|-damage|p1b: Kingambit|76/100\n|-hitcount|p1b: Kingambit|6\n|move|p2a: Aegislash|Poltergeist|p1b: Kingambit\n|-activate|p1b: Kingambit|move: Poltergeist|Chople Berry\n|-resisted|p1b: Kingambit|1\n|-damage|p1b: Kingambit|47/100\n|\n|-weather|SunnyDay|[upkeep]\n|-end|p1b: Kingambit|Encore\n|upkeep\n|turn|11\n|\n|t:|1776582525\n|-formechange|p2a: Aegislash|Aegislash|\n|move|p2a: Aegislash|King's Shield|p2a: Aegislash\n|-singleturn|p2a: Aegislash|Protect\n|move|p1b: Kingambit|Sucker Punch||[still]\n|-fail|p1b: Kingambit\n|move|p2b: Maushold|Encore|p1b: Kingambit\n|-start|p1b: Kingambit|Encore\n|\n|-weather|none\n|upkeep\n|turn|12\n|\n|t:|1776582541\n|move|p2a: Aegislash|King's Shield|p2a: Aegislash\n|-singleturn|p2a: Aegislash|Protect\n|move|p1b: Kingambit|Sucker Punch||[still]\n|-fail|p1b: Kingambit\n|move|p2b: Maushold|Taunt|p1b: Kingambit\n|-start|p1b: Kingambit|move: Taunt\n|\n|upkeep\n|turn|13\n|\n|t:|1776582563\n|move|p1b: Kingambit|Sucker Punch|p2a: Aegislash\n|-supereffective|p2a: Aegislash|1\n|-damage|p2a: Aegislash|31/100\n|move|p2b: Maushold|Encore||[still]\n|-fail|p2b: Maushold\n|-formechange|p2a: Aegislash|Aegislash-Blade|\n|move|p2a: Aegislash|Poltergeist|p1b: Kingambit\n|-activate|p1b: Kingambit|move: Poltergeist|Chople Berry\n|-resisted|p1b: Kingambit|1\n|-damage|p1b: Kingambit|18/100\n|\n|upkeep\n|turn|14\n|\n|t:|1776582581\n|move|p2b: Maushold|Protect|p2b: Maushold\n|-singleturn|p2b: Maushold|Protect\n|-formechange|p2a: Aegislash|Aegislash|\n|move|p2a: Aegislash|King's Shield|p2a: Aegislash\n|-singleturn|p2a: Aegislash|Protect\n|move|p1b: Kingambit|Sucker Punch||[still]\n|-fail|p1b: Kingambit\n|\n|-end|p1b: Kingambit|Encore\n|upkeep\n|turn|15\n|\n|t:|1776582596\n|move|p2a: Aegislash|King's Shield||[still]\n|-fail|p2a: Aegislash\n|move|p1b: Kingambit|Sucker Punch||[still]\n|-fail|p1b: Kingambit\n|move|p2b: Maushold|Encore|p1b: Kingambit\n|-start|p1b: Kingambit|Encore\n|\n|-end|p1b: Kingambit|move: Taunt\n|upkeep\n|turn|16\n|\n|t:|1776582606\n|move|p2a: Aegislash|King's Shield|p2a: Aegislash\n|-singleturn|p2a: Aegislash|Protect\n|move|p1b: Kingambit|Sucker Punch||[still]\n|-fail|p1b: Kingambit\n|move|p2b: Maushold|Taunt|p1b: Kingambit\n|-start|p1b: Kingambit|move: Taunt\n|\n|upkeep\n|turn|17\n|\n|t:|1776582617\n|move|p2a: Aegislash|King's Shield||[still]\n|-fail|p2a: Aegislash\n|move|p1b: Kingambit|Sucker Punch||[still]\n|-fail|p1b: Kingambit\n|move|p2b: Maushold|Taunt||[still]\n|-fail|p2b: Maushold\n|\n|upkeep\n|turn|18\n|\n|t:|1776582634\n|move|p2b: Maushold|Protect|p2b: Maushold\n|-singleturn|p2b: Maushold|Protect\n|move|p2a: Aegislash|King's Shield|p2a: Aegislash\n|-singleturn|p2a: Aegislash|Protect\n|move|p1b: Kingambit|Sucker Punch||[still]\n|-fail|p1b: Kingambit\n|\n|-end|p1b: Kingambit|Encore\n|upkeep\n|turn|19\n|\n|t:|1776582641\n|move|p2a: Aegislash|King's Shield|p2a: Aegislash\n|-singleturn|p2a: Aegislash|Protect\n|move|p2b: Maushold|Encore||[still]\n|-fail|p2b: Maushold\n|move|p1b: Kingambit|Kowtow Cleave|p2a: Aegislash\n|-activate|p2a: Aegislash|move: Protect\n|-unboost|p1b: Kingambit|atk|1\n|-ability|p1b: Kingambit|Defiant|boost\n|-boost|p1b: Kingambit|atk|2\n|\n|-end|p1b: Kingambit|move: Taunt\n|upkeep\n|turn|20\n|\n|t:|1776582662\n|move|p2b: Maushold|Population Bomb|p1b: Kingambit\n|-resisted|p1b: Kingambit|1\n|-damage|p1b: Kingambit|14/100\n|-resisted|p1b: Kingambit|1\n|-damage|p1b: Kingambit|10/100\n|-resisted|p1b: Kingambit|1\n|-damage|p1b: Kingambit|5/100\n|-resisted|p1b: Kingambit|1\n|-damage|p1b: Kingambit|1/100\n|-resisted|p1b: Kingambit|1\n|-damage|p1b: Kingambit|0 fnt\n|faint|p1b: Kingambit\n|-hitcount|p1: Kingambit|5\n|\n|win|anubisjr\n|raw|Timthyeet's rating: 1359 &rarr; <strong>1336</strong><br />(-23 for losing)\n|raw|anubisjr's rating: 1310 &rarr; <strong>1333</strong><br />(+23 for winning)\n|l|\u2606Timthyeet\n|player|p1|\n",
  "uploadtime": 1776582895,
  "views": 21,
  "formatid": "gen9championsvgc2026regma",
  "rating": 1333,
  "private": 0,
  "password": null
}