{
  "id": "gen9championsvgc2026regma-2588634696",
  "format": "[Gen 9 Champions] VGC 2026 Reg M-A",
  "players": [
    "nemesis5164",
    "aroswing"
  ],
  "log": "|j|\u2606nemesis5164\n|j|\u2606aroswing\n|t:|1776652249\n|gametype|doubles\n|player|p1|nemesis5164|1|1231\n|player|p2|aroswing|marnie|1227\n|gen|9\n|tier|[Gen 9 Champions] VGC 2026 Reg M-A\n|rated|\n|rule|Species Clause: Limit one of each Pok\u00e9mon\n|rule|Item Clause: Limit 1 of each item\n|clearpoke\n|poke|p1|Charizard, L50, M|\n|poke|p1|Venusaur, L50, M|\n|poke|p1|Garchomp, L50, F|\n|poke|p1|Incineroar, L50, F|\n|poke|p1|Gardevoir, L50, M|\n|poke|p1|Milotic, L50, F|\n|poke|p2|Toxicroak, L50, M|\n|poke|p2|Pelipper, L50, M|\n|poke|p2|Blastoise, L50, M|\n|poke|p2|Sinistcha, L50|\n|poke|p2|Archaludon, L50, M|\n|poke|p2|Dragonite, L50, F|\n|teampreview|4\n|inactive|Battle timer is ON: inactive players will automatically lose when time's up. (requested by aroswing)\n|inactive|nemesis5164 has 60 seconds left.\n|\n|t:|1776652280\n|teamsize|p1|4\n|teamsize|p2|4\n|start\n|switch|p1a: Incineroar|Incineroar, L50, F|100/100\n|switch|p1b: Gardevoir|Gardevoir, L50, M|100/100\n|switch|p2a: Dragonite|Dragonite, L50, F|100/100\n|switch|p2b: Toxicroak|Toxicroak, L50, M|100/100\n|-ability|p1b: Gardevoir|Inner Focus|Trace|[from] ability: Trace|[of] p2a: Dragonite\n|-ability|p1a: Incineroar|Intimidate|boost\n|-fail|p2a: Dragonite|unboost|Attack|[from] ability: Inner Focus|[of] p2a: Dragonite\n|-unboost|p2b: Toxicroak|atk|1\n|-enditem|p2b: Toxicroak|White Herb\n|-clearnegativeboost|p2b: Toxicroak|[silent]\n|turn|1\n|inactive|aroswing has 30 seconds left.\n|inactive|aroswing has 20 seconds left.\n|inactive|aroswing has 15 seconds left.\n|inactive|aroswing has 10 seconds left.\n|inactive|aroswing has 5 seconds left.\n|\n|t:|1776652330\n|move|p2b: Toxicroak|Protect|p2b: Toxicroak\n|-singleturn|p2b: Toxicroak|Protect\n|move|p1b: Gardevoir|Icy Wind|p2a: Dragonite|[spread] p2a\n|-activate|p2b: Toxicroak|move: Protect\n|-supereffective|p2a: Dragonite|2\n|-damage|p2a: Dragonite|36/100\n|-unboost|p2a: Dragonite|spe|1\n|move|p2a: Dragonite|Tailwind|p2a: Dragonite\n|-sidestart|p2: aroswing|move: Tailwind\n|move|p1a: Incineroar|Parting Shot|p2a: Dragonite\n|-unboost|p2a: Dragonite|atk|1\n|-unboost|p2a: Dragonite|spa|1\n|\n|t:|1776652343\n|switch|p1a: Milotic|Milotic, L50, F|100/100|[from] Parting Shot\n|\n|upkeep\n|turn|2\n|\n|t:|1776652351\n|switch|p2a: Archaludon|Archaludon, L50, M|100/100\n|move|p2b: Toxicroak|Cross Poison|p1b: Gardevoir\n|-supereffective|p1b: Gardevoir|1\n|-damage|p1b: Gardevoir|0 fnt\n|faint|p1b: Gardevoir\n|move|p1a: Milotic|Scald|p2b: Toxicroak\n|-immune|p2b: Toxicroak|[from] ability: Dry Skin\n|\n|upkeep\n|\n|t:|1776652361\n|switch|p1b: Incineroar|Incineroar, L50, F|100/100\n|-ability|p1b: Incineroar|Intimidate|boost\n|-unboost|p2a: Archaludon|atk|1\n|-unboost|p2b: Toxicroak|atk|1\n|turn|3\n|\n|t:|1776652377\n|move|p1b: Incineroar|Fake Out|p2a: Archaludon\n|-resisted|p2a: Archaludon|1\n|-damage|p2a: Archaludon|96/100\n|cant|p2a: Archaludon|flinch\n|move|p2b: Toxicroak|Close Combat|p1b: Incineroar\n|-supereffective|p1b: Incineroar|1\n|-damage|p1b: Incineroar|52/100\n|-unboost|p2b: Toxicroak|def|1\n|-unboost|p2b: Toxicroak|spd|1\n|move|p1a: Milotic|Icy Wind|p2b: Toxicroak|[spread] p2a,p2b\n|-damage|p2a: Archaludon|78/100\n|-damage|p2b: Toxicroak|76/100\n|-unboost|p2a: Archaludon|spe|1\n|-unboost|p2b: Toxicroak|spe|1\n|\n|upkeep\n|turn|4\n|\n|t:|1776652398\n|switch|p2b: Pelipper|Pelipper, L50, M|100/100\n|-weather|RainDance|[from] ability: Drizzle|[of] p2b: Pelipper\n|move|p1a: Milotic|Protect|p1a: Milotic\n|-singleturn|p1a: Milotic|Protect\n|move|p2a: Archaludon|Electro Shot||[still]\n|-prepare|p2a: Archaludon|Electro Shot\n|-boost|p2a: Archaludon|spa|1\n|-anim|p2a: Archaludon|Electro Shot|p1a: Milotic\n|-activate|p1a: Milotic|move: Protect\n|move|p1b: Incineroar|Parting Shot|p2a: Archaludon\n|-unboost|p2a: Archaludon|atk|1\n|-unboost|p2a: Archaludon|spa|1\n|\n|t:|1776652415\n|switch|p1b: Garchomp|Garchomp, L50, F|100/100|[from] Parting Shot\n|\n|-weather|RainDance|[upkeep]\n|-sideend|p2: aroswing|move: Tailwind\n|upkeep\n|turn|5\n|\n|t:|1776652424\n|move|p2a: Archaludon|Protect|p2a: Archaludon\n|-singleturn|p2a: Archaludon|Protect\n|move|p1b: Garchomp|Dragon Claw|p2a: Archaludon\n|-activate|p2a: Archaludon|move: Protect\n|move|p2b: Pelipper|Tailwind|p2b: Pelipper\n|-sidestart|p2: aroswing|move: Tailwind\n|move|p1a: Milotic|Scald|p2a: Archaludon\n|-activate|p2a: Archaludon|move: Protect\n|\n|-weather|RainDance|[upkeep]\n|upkeep\n|turn|6\n|inactive|aroswing has 30 seconds left.\n|\n|t:|1776652458\n|move|p2b: Pelipper|Weather Ball|p1b: Garchomp\n|-damage|p1b: Garchomp|28/100\n|move|p2a: Archaludon|Electro Shot||[still]\n|-prepare|p2a: Archaludon|Electro Shot\n|-boost|p2a: Archaludon|spa|1\n|-anim|p2a: Archaludon|Electro Shot|p1a: Milotic\n|-supereffective|p1a: Milotic|1\n|-damage|p1a: Milotic|4/100\n|move|p1b: Garchomp|Dragon Claw|p2a: Archaludon\n|-damage|p2a: Archaludon|46/100\n|-enditem|p2a: Archaludon|Sitrus Berry|[eat]\n|-heal|p2a: Archaludon|71/100|[from] item: Sitrus Berry\n|move|p1a: Milotic|Scald|p2a: Archaludon\n|-resisted|p2a: Archaludon|1\n|-damage|p2a: Archaludon|29/100\n|-status|p2a: Archaludon|brn\n|\n|-weather|RainDance|[upkeep]\n|-heal|p1a: Milotic|10/100|[from] item: Leftovers\n|-damage|p2a: Archaludon|23/100 brn|[from] brn\n|upkeep\n|turn|7\n|\n|t:|1776652482\n|move|p1b: Garchomp|Protect|p1b: Garchomp\n|-singleturn|p1b: Garchomp|Protect\n|move|p1a: Milotic|Protect|p1a: Milotic\n|-singleturn|p1a: Milotic|Protect\n|move|p2b: Pelipper|Weather Ball|p1b: Garchomp\n|-activate|p1b: Garchomp|move: Protect\n|move|p2a: Archaludon|Electro Shot||[still]\n|-prepare|p2a: Archaludon|Electro Shot\n|-boost|p2a: Archaludon|spa|1\n|-anim|p2a: Archaludon|Electro Shot|p1a: Milotic\n|-activate|p1a: Milotic|move: Protect\n|\n|-weather|RainDance|[upkeep]\n|-heal|p1a: Milotic|16/100|[from] item: Leftovers\n|-damage|p2a: Archaludon|17/100 brn|[from] brn\n|upkeep\n|turn|8\n|\n|t:|1776652500\n|move|p1b: Garchomp|Protect|p1b: Garchomp\n|-singleturn|p1b: Garchomp|Protect\n|move|p1a: Milotic|Protect||[still]\n|-fail|p1a: Milotic\n|move|p2b: Pelipper|Weather Ball|p1b: Garchomp\n|-activate|p1b: Garchomp|move: Protect\n|move|p2a: Archaludon|Electro Shot||[still]\n|-prepare|p2a: Archaludon|Electro Shot\n|-boost|p2a: Archaludon|spa|1\n|-anim|p2a: Archaludon|Electro Shot|p1a: Milotic\n|-supereffective|p1a: Milotic|1\n|-damage|p1a: Milotic|0 fnt\n|faint|p1a: Milotic\n|\n|-weather|none\n|-damage|p2a: Archaludon|11/100 brn|[from] brn\n|-sideend|p2: aroswing|move: Tailwind\n|upkeep\n|\n|t:|1776652515\n|switch|p1a: Incineroar|Incineroar, L50, F|52/100\n|-ability|p1a: Incineroar|Intimidate|boost\n|-unboost|p2a: Archaludon|atk|1\n|-unboost|p2b: Pelipper|atk|1\n|turn|9\n|\n|t:|1776652527\n|move|p2a: Archaludon|Protect|p2a: Archaludon\n|-singleturn|p2a: Archaludon|Protect\n|move|p1a: Incineroar|Fake Out|p2b: Pelipper\n|-damage|p2b: Pelipper|87/100\n|move|p1b: Garchomp|Stone Edge|p2b: Pelipper\n|-supereffective|p2b: Pelipper|1\n|-damage|p2b: Pelipper|0 fnt\n|faint|p2b: Pelipper\n|\n|-damage|p2a: Archaludon|5/100 brn|[from] brn\n|upkeep\n|\n|t:|1776652544\n|switch|p2b: Toxicroak|Toxicroak, L50, M|76/100\n|turn|10\n|inactive|nemesis5164 has 30 seconds left.\n|inactive|nemesis5164 has 20 seconds left.\n|\n|t:|1776652581\n|move|p1b: Garchomp|Protect|p1b: Garchomp\n|-singleturn|p1b: Garchomp|Protect\n|move|p2b: Toxicroak|Fake Out|p1b: Garchomp\n|-activate|p1b: Garchomp|move: Protect\n|move|p2a: Archaludon|Draco Meteor|p1a: Incineroar\n|-damage|p1a: Incineroar|0 fnt\n|-unboost|p2a: Archaludon|spa|2\n|faint|p1a: Incineroar\n|\n|-damage|p2a: Archaludon|0 fnt|[from] brn\n|faint|p2a: Archaludon\n|upkeep\n|\n|t:|1776652592\n|switch|p2a: Dragonite|Dragonite, L50, F|36/100\n|turn|11\n|\n|t:|1776652602\n|detailschange|p2a: Dragonite|Dragonite-Mega, L50, F\n|-mega|p2a: Dragonite|Dragonite|Dragoninite\n|move|p1b: Garchomp|Dragon Claw|p2a: Dragonite\n|-supereffective|p2a: Dragonite|1\n|-damage|p2a: Dragonite|0 fnt\n|faint|p2a: Dragonite\n|move|p2b: Toxicroak|Close Combat|p1b: Garchomp\n|-damage|p1b: Garchomp|0 fnt\n|-unboost|p2b: Toxicroak|def|1\n|-unboost|p2b: Toxicroak|spd|1\n|-damage|p2b: Toxicroak|64/100|[from] ability: Rough Skin|[of] p1b: Garchomp\n|faint|p1b: Garchomp\n|\n|win|aroswing\n|raw|nemesis5164's rating: 1231 &rarr; <strong>1206</strong><br />(-25 for losing)\n|raw|aroswing's rating: 1227 &rarr; <strong>1252</strong><br />(+25 for winning)\n",
  "uploadtime": 1776652613,
  "views": 5,
  "formatid": "gen9championsvgc2026regma",
  "rating": 1206,
  "private": 0,
  "password": null
}