{
  "id": "gen9championsvgc2026regma-2587851256",
  "format": "[Gen 9 Champions] VGC 2026 Reg M-A",
  "players": [
    "mynamegrassgreen",
    "eriksp"
  ],
  "log": "|j|\u2606mynamegrassgreen\n|j|\u2606eriksp\n|t:|1776570609\n|gametype|doubles\n|player|p1|mynamegrassgreen|n-masters|\n|player|p2|eriksp|cynthia-masters4|\n|gen|9\n|tier|[Gen 9 Champions] VGC 2026 Reg M-A\n|rated|Tournament battle\n|rule|Species Clause: Limit one of each Pok\u00e9mon\n|rule|Item Clause: Limit 1 of each item\n|raw|<div class=\"infobox\"><details class=\"readmore\" open><summary><strong>1 custom rule:</strong></summary> Force Open Team Sheets</details></div>\n|clearpoke\n|poke|p1|Kommo-o, L50, F|\n|poke|p1|Gengar, L50, M|\n|poke|p1|Whimsicott, L50, M|\n|poke|p1|Sinistcha-Masterpiece, L50|\n|poke|p1|Incineroar, L50, M|\n|poke|p1|Tyranitar, L50, F|\n|poke|p2|Floette-Eternal, L50, F|\n|poke|p2|Delphox, L50, M|\n|poke|p2|Incineroar, L50, F|\n|poke|p2|Aerodactyl, L50, M|\n|poke|p2|Maushold, L50|\n|poke|p2|Garchomp, L50, M|\n|teampreview|4\n|showteam|p1|Kommo-o||Leftovers|Overcoat|ClangorousSoul,ClangingScales,AuraSphere,Protect|||F|||50|]Gengar||Gengarite|CursedBody|ShadowBall,PerishSong,Substitute,Protect|||M|||50|]Whimsicott||FocusSash|Prankster|Moonblast,Encore,Tailwind,Protect|||M|||50|]Sinistcha-Masterpiece||SitrusBerry|Hospitality|MatchaGotcha,RagePowder,TrickRoom,StrengthSap||||||50|]Incineroar||ShucaBerry|Intimidate|FakeOut,FlareBlitz,Protect,PartingShot|||M|||50|]Tyranitar||ChoiceScarf|SandStream|RockSlide,KnockOff,StoneEdge,LowKick|||F|||50|\n|showteam|p2|Floette-Eternal||Floettite|FlowerVeil|Moonblast,CalmMind,Protect,DazzlingGleam|||F|||50|]Delphox||Delphoxite|Blaze|HeatWave,Psychic,Substitute,Protect|||M|||50|]Incineroar||SitrusBerry|Intimidate|FakeOut,PartingShot,FlareBlitz,ThroatChop|||F|||50|]Aerodactyl||FocusSash|Unnerve|RockSlide,DualWingbeat,Protect,Tailwind|||M|||50|]Maushold||ChopleBerry|FriendGuard|FollowMe,SuperFang,Taunt,Protect||||||50|]Garchomp||WhiteHerb|RoughSkin|Earthquake,DragonClaw,RockSlide,Protect|||M|||50|\n|\n|t:|1776570656\n|teamsize|p1|4\n|teamsize|p2|4\n|start\n|switch|p1a: The King|Incineroar, L50, M|100/100\n|switch|p1b: Stay with me... \ud83c\udfb5|Gengar, L50, M|100/100\n|switch|p2a: Floette|Floette-Eternal, L50, F|100/100\n|switch|p2b: Maushold|Maushold, L50|100/100\n|-ability|p1a: The King|Intimidate|boost\n|-unboost|p2a: Floette|atk|1\n|-unboost|p2b: Maushold|atk|1\n|turn|1\n|\n|t:|1776570678\n|switch|p2a: Garchomp|Garchomp, L50, M|100/100\n|detailschange|p1b: Stay with me... \ud83c\udfb5|Gengar-Mega, L50, M\n|-mega|p1b: Stay with me... \ud83c\udfb5|Gengar|Gengarite\n|move|p1a: The King|Fake Out|p2a: Garchomp\n|-damage|p2a: Garchomp|94/100\n|-damage|p1a: The King|88/100|[from] ability: Rough Skin|[of] p2a: Garchomp\n|move|p1b: Stay with me... \ud83c\udfb5|Perish Song|p1b: Stay with me... \ud83c\udfb5\n|-start|p1a: The King|perish3|[silent]\n|-start|p1b: Stay with me... \ud83c\udfb5|perish3|[silent]\n|-start|p2a: Garchomp|perish3|[silent]\n|-start|p2b: Maushold|perish3|[silent]\n|-fieldactivate|move: Perish Song\n|move|p2b: Maushold|Taunt|p1b: Stay with me... \ud83c\udfb5\n|-start|p1b: Stay with me... \ud83c\udfb5|move: Taunt\n|\n|-start|p1b: Stay with me... \ud83c\udfb5|perish3\n|-start|p2b: Maushold|perish3\n|-start|p2a: Garchomp|perish3\n|-start|p1a: The King|perish3\n|upkeep\n|turn|2\n|\n|t:|1776570696\n|switch|p1b: LET IT RIP|Kommo-o, L50, F|100/100\n|move|p2b: Maushold|Protect|p2b: Maushold\n|-singleturn|p2b: Maushold|Protect\n|move|p2a: Garchomp|Earthquake|p1b: LET IT RIP|[spread] p1a,p1b\n|-activate|p2b: Maushold|move: Protect\n|-supereffective|p1a: The King|1\n|-enditem|p1a: The King|Shuca Berry|[eat]\n|-enditem|p1a: The King|Shuca Berry|[weaken]\n|-damage|p1a: The King|50/100\n|-damage|p1b: LET IT RIP|70/100\n|move|p1a: The King|Parting Shot|p2a: Garchomp\n|-unboost|p2a: Garchomp|atk|1\n|-unboost|p2a: Garchomp|spa|1\n|\n|t:|1776570710\n|switch|p1a: Stay with me... \ud83c\udfb5|Gengar-Mega, L50, M|100/100|[from] Parting Shot\n|-enditem|p2a: Garchomp|White Herb\n|-clearnegativeboost|p2a: Garchomp|[silent]\n|\n|-heal|p1b: LET IT RIP|76/100|[from] item: Leftovers\n|-start|p2b: Maushold|perish2\n|-start|p2a: Garchomp|perish2\n|upkeep\n|turn|3\n|j| seafgeneralbrasch\n|\n|t:|1776570719\n|move|p1a: Stay with me... \ud83c\udfb5|Protect|p1a: Stay with me... \ud83c\udfb5\n|-singleturn|p1a: Stay with me... \ud83c\udfb5|Protect\n|move|p1b: LET IT RIP|Protect|p1b: LET IT RIP\n|-singleturn|p1b: LET IT RIP|Protect\n|move|p2b: Maushold|Follow Me|p2b: Maushold\n|-singleturn|p2b: Maushold|move: Follow Me\n|move|p2a: Garchomp|Dragon Claw|p1b: LET IT RIP\n|-activate|p1b: LET IT RIP|move: Protect\n|\n|-heal|p1b: LET IT RIP|82/100|[from] item: Leftovers\n|-start|p2b: Maushold|perish1\n|-start|p2a: Garchomp|perish1\n|upkeep\n|turn|4\n|\n|t:|1776570728\n|switch|p1b: The King|Incineroar, L50, M|50/100\n|-ability|p1b: The King|Intimidate|boost\n|-unboost|p2a: Garchomp|atk|1\n|-unboost|p2b: Maushold|atk|1\n|move|p1a: Stay with me... \ud83c\udfb5|Substitute|p1a: Stay with me... \ud83c\udfb5\n|-start|p1a: Stay with me... \ud83c\udfb5|Substitute\n|-damage|p1a: Stay with me... \ud83c\udfb5|76/100\n|move|p2b: Maushold|Super Fang|p1b: The King\n|-damage|p1b: The King|26/100\n|move|p2a: Garchomp|Earthquake|p1b: The King|[spread] p2b,p1a,p1b\n|-supereffective|p1a: Stay with me... \ud83c\udfb5|1\n|-end|p1a: Stay with me... \ud83c\udfb5|Substitute\n|-supereffective|p1b: The King|1\n|-damage|p2b: Maushold|67/100\n|-damage|p1b: The King|0 fnt\n|faint|p1b: The King\n|\n|-start|p2b: Maushold|perish0\n|-start|p2a: Garchomp|perish0\n|upkeep\n|faint|p2b: Maushold\n|faint|p2a: Garchomp\n|\n|t:|1776570744\n|switch|p2b: Aerodactyl|Aerodactyl, L50, M|100/100\n|switch|p2a: Floette|Floette-Eternal, L50, F|100/100\n|switch|p1b: thinking of name|Tyranitar, L50, F|100/100\n|-ability|p2b: Aerodactyl|Unnerve\n|-weather|Sandstorm|[from] ability: Sand Stream|[of] p1b: thinking of name\n|turn|5\n|\n|t:|1776570765\n|detailschange|p2a: Floette|Floette-Mega, L50, F\n|-mega|p2a: Floette|Floette|Floettite\n|-ability|p2a: Floette|Fairy Aura\n|move|p1a: Stay with me... \ud83c\udfb5|Perish Song|p1a: Stay with me... \ud83c\udfb5\n|-start|p1a: Stay with me... \ud83c\udfb5|perish3|[silent]\n|-start|p1b: thinking of name|perish3|[silent]\n|-start|p2a: Floette|perish3|[silent]\n|-start|p2b: Aerodactyl|perish3|[silent]\n|-fieldactivate|move: Perish Song\n|move|p2b: Aerodactyl|Rock Slide|p1b: thinking of name|[spread] p1a\n|-miss|p2b: Aerodactyl|p1b: thinking of name\n|-damage|p1a: Stay with me... \ud83c\udfb5|45/100\n|move|p1b: thinking of name|Rock Slide|p2a: Floette|[spread] p2a,p2b\n|-supereffective|p2b: Aerodactyl|1\n|-damage|p2a: Floette|67/100\n|-damage|p2b: Aerodactyl|9/100\n|move|p2a: Floette|Dazzling Gleam|p1b: thinking of name|[spread] p1a,p1b\n|-resisted|p1a: Stay with me... \ud83c\udfb5|1\n|-supereffective|p1b: thinking of name|1\n|-damage|p1a: Stay with me... \ud83c\udfb5|14/100\n|-damage|p1b: thinking of name|33/100\n|\n|-weather|Sandstorm|[upkeep]\n|-damage|p1a: Stay with me... \ud83c\udfb5|8/100|[from] Sandstorm\n|-damage|p2a: Floette|61/100|[from] Sandstorm\n|-start|p2b: Aerodactyl|perish3\n|-start|p1a: Stay with me... \ud83c\udfb5|perish3\n|-start|p1b: thinking of name|perish3\n|-start|p2a: Floette|perish3\n|upkeep\n|turn|6\n|\n|t:|1776570782\n|move|p1a: Stay with me... \ud83c\udfb5|Protect|p1a: Stay with me... \ud83c\udfb5\n|-singleturn|p1a: Stay with me... \ud83c\udfb5|Protect\n|move|p2b: Aerodactyl|Tailwind|p2b: Aerodactyl\n|-sidestart|p2: eriksp|move: Tailwind\n|move|p2a: Floette|Dazzling Gleam|p1b: thinking of name|[spread] p1b\n|-activate|p1a: Stay with me... \ud83c\udfb5|move: Protect\n|-supereffective|p1b: thinking of name|1\n|-damage|p1b: thinking of name|0 fnt\n|faint|p1b: thinking of name\n|\n|-weather|Sandstorm|[upkeep]\n|-damage|p2a: Floette|55/100|[from] Sandstorm\n|-damage|p1a: Stay with me... \ud83c\udfb5|2/100|[from] Sandstorm\n|-start|p2b: Aerodactyl|perish2\n|-start|p2a: Floette|perish2\n|-start|p1a: Stay with me... \ud83c\udfb5|perish2\n|upkeep\n|\n|t:|1776570785\n|switch|p1b: LET IT RIP|Kommo-o, L50, F|82/100\n|turn|7\n|\n|t:|1776570791\n|move|p1b: LET IT RIP|Protect|p1b: LET IT RIP\n|-singleturn|p1b: LET IT RIP|Protect\n|move|p2b: Aerodactyl|Dual Wingbeat|p1b: LET IT RIP\n|-activate|p1b: LET IT RIP|move: Protect\n|move|p2a: Floette|Dazzling Gleam|p1a: Stay with me... \ud83c\udfb5|[spread] p1a\n|-activate|p1b: LET IT RIP|move: Protect\n|-resisted|p1a: Stay with me... \ud83c\udfb5|1\n|-damage|p1a: Stay with me... \ud83c\udfb5|0 fnt\n|faint|p1a: Stay with me... \ud83c\udfb5\n|\n|-weather|Sandstorm|[upkeep]\n|-damage|p2a: Floette|49/100|[from] Sandstorm\n|-heal|p1b: LET IT RIP|88/100|[from] item: Leftovers\n|-start|p2b: Aerodactyl|perish1\n|-start|p2a: Floette|perish1\n|upkeep\n|turn|8\n|c|\u2606mynamegrassgreen|ggs rip\n|\n|t:|1776570807\n|move|p1b: LET IT RIP|Protect|p1b: LET IT RIP\n|-singleturn|p1b: LET IT RIP|Protect\n|move|p2b: Aerodactyl|Dual Wingbeat|p1b: LET IT RIP\n|-activate|p1b: LET IT RIP|move: Protect\n|move|p2a: Floette|Moonblast|p1b: LET IT RIP\n|-activate|p1b: LET IT RIP|move: Protect\n|\n|-weather|Sandstorm|[upkeep]\n|-damage|p2a: Floette|43/100|[from] Sandstorm\n|-heal|p1b: LET IT RIP|94/100|[from] item: Leftovers\n|-start|p2b: Aerodactyl|perish0\n|-start|p2a: Floette|perish0\n|faint|p2b: Aerodactyl\n|faint|p2a: Floette\n|\n|win|mynamegrassgreen\n|n|\u2606mynamegrassgreen|mynamegrassgreen\n|n|\u2606eriksp|eriksp\n|n| seafgeneralbrasch|seafgeneralbrasch\n",
  "uploadtime": 1776570808,
  "views": 11,
  "formatid": "gen9championsvgc2026regma",
  "rating": null,
  "private": 0,
  "password": null
}