{
  "id": "gen9championsvgc2026regma-2586871987",
  "format": "[Gen 9 Champions] VGC 2026 Reg M-A",
  "players": [
    "Spectre Ace",
    "Zugucapretta"
  ],
  "log": "|j|\u2606Spectre Ace\n|j|\u2606Zugucapretta\n|t:|1776467209\n|gametype|doubles\n|player|p1|Spectre Ace|102|1230\n|player|p2|Zugucapretta|170|1183\n|gen|9\n|tier|[Gen 9 Champions] VGC 2026 Reg M-A\n|rated|\n|rule|Species Clause: Limit one of each Pok\u00e9mon\n|rule|Item Clause: Limit 1 of each item\n|clearpoke\n|poke|p1|Typhlosion-Hisui, L50, M|\n|poke|p1|Whimsicott, L50, F|\n|poke|p1|Floette-Eternal, L50, F|\n|poke|p1|Torkoal, L50, F|\n|poke|p1|Farigiraf, L50, M|\n|poke|p1|Kommo-o, L50, F|\n|poke|p2|Politoed, L50, M|\n|poke|p2|Gengar, L50, F|\n|poke|p2|Rotom-Heat, L50|\n|poke|p2|Pangoro, L50, M|\n|poke|p2|Clefable, L50, F|\n|poke|p2|Espathra, L50, M|\n|teampreview|4\nSpectre Ace rejected open team sheets.\n|inactive|Battle timer is ON: inactive players will automatically lose when time's up. (requested by Spectre Ace)\n|\n|t:|1776467301\n|teamsize|p1|4\n|teamsize|p2|4\n|start\n|switch|p1a: Guidance|Typhlosion-Hisui, L50, M|100/100\n|switch|p1b: Crocker|Torkoal, L50, F|100/100\n|switch|p2a: Espathra|Espathra, L50, M|100/100\n|switch|p2b: Rotom|Rotom-Heat, L50|100/100\n|-weather|SunnyDay|[from] ability: Drought|[of] p1b: Crocker\n|turn|1\n|inactive|Zugucapretta has 30 seconds left.\n|inactive|Zugucapretta has 20 seconds left.\n|\n|t:|1776467339\n|move|p2a: Espathra|Protect|p2a: Espathra\n|-singleturn|p2a: Espathra|Protect\n|move|p1a: Guidance|Eruption|p2b: Rotom|[spread] p2b\n|-activate|p2a: Espathra|move: Protect\n|-resisted|p2b: Rotom|1\n|-damage|p2b: Rotom|47/100\n|move|p2b: Rotom|Volt Switch|p1b: Crocker\n|-damage|p1b: Crocker|63/100\n|\n|t:|1776467353\n|switch|p2b: Politoed|Politoed, L50, M|100/100|[from] Volt Switch\n|-weather|RainDance|[from] ability: Drizzle|[of] p2b: Politoed\n|move|p1b: Crocker|Eruption|p2b: Politoed|[spread] p2b\n|-activate|p2a: Espathra|move: Protect\n|-resisted|p2b: Politoed|1\n|-damage|p2b: Politoed|93/100\n|\n|-weather|RainDance|[upkeep]\n|-ability|p2a: Espathra|Speed Boost|boost\n|-boost|p2a: Espathra|spe|1\n|upkeep\n|turn|2\n|\n|t:|1776467366\n|switch|p1a: Hairline Recede|Farigiraf, L50, M, shiny|100/100\n|move|p1b: Crocker|Protect|p1b: Crocker\n|-singleturn|p1b: Crocker|Protect\n|move|p2a: Espathra|Baton Pass|p2a: Espathra\n|\n|t:|1776467372\n|switch|p2a: Gengar|Gengar, L50, F|100/100|[from] Baton Pass\n|move|p2b: Politoed|Perish Song|p2b: Politoed\n|-start|p1a: Hairline Recede|perish3|[silent]\n|-start|p1b: Crocker|perish3|[silent]\n|-start|p2a: Gengar|perish3|[silent]\n|-start|p2b: Politoed|perish3|[silent]\n|-fieldactivate|move: Perish Song\n|\n|-weather|RainDance|[upkeep]\n|-start|p2a: Gengar|perish3\n|-start|p2b: Politoed|perish3\n|-start|p1a: Hairline Recede|perish3\n|-start|p1b: Crocker|perish3\n|upkeep\n|turn|3\n|inactive|Spectre Ace has 30 seconds left.\n|inactive|Zugucapretta has 30 seconds left.\n|\n|t:|1776467406\n|switch|p1b: Flower Flow|Floette-Eternal, L50, F|100/100\n|detailschange|p2a: Gengar|Gengar-Mega, L50, F\n|-mega|p2a: Gengar|Gengar|Gengarite\n|move|p2a: Gengar|Substitute|p2a: Gengar\n|-start|p2a: Gengar|Substitute\n|-damage|p2a: Gengar|76/100\n|move|p2b: Politoed|Weather Ball|p1b: Flower Flow\n|-damage|p1b: Flower Flow|50/100\n|move|p1a: Hairline Recede|Trick Room|p1a: Hairline Recede\n|-fieldstart|move: Trick Room|[of] p1a: Hairline Recede\n|\n|-weather|RainDance|[upkeep]\n|-start|p1a: Hairline Recede|perish2\n|-start|p2b: Politoed|perish2\n|-start|p2a: Gengar|perish2\n|upkeep\n|turn|4\n|inactive|Zugucapretta has 30 seconds left.\n|inactive|Zugucapretta has 20 seconds left.\n|\n|t:|1776467445\n|move|p1a: Hairline Recede|Twin Beam|p2a: Gengar\n|-supereffective|p2a: Gengar|1\n|-end|p2a: Gengar|Substitute\n|-supereffective|p2a: Gengar|1\n|-damage|p2a: Gengar|26/100\n|-hitcount|p2a: Gengar|2\n|move|p2b: Politoed|Weather Ball|p1b: Flower Flow\n|-damage|p1b: Flower Flow|2/100\n|move|p1b: Flower Flow|Dazzling Gleam|p2b: Politoed|[spread] p2a,p2b\n|-resisted|p2a: Gengar|1\n|-damage|p2a: Gengar|8/100\n|-damage|p2b: Politoed|69/100\n|move|p2a: Gengar|Shadow Ball|p1b: Flower Flow\n|-damage|p1b: Flower Flow|0 fnt\n|faint|p1b: Flower Flow\n|\n|-weather|RainDance|[upkeep]\n|-start|p1a: Hairline Recede|perish1\n|-start|p2b: Politoed|perish1\n|-start|p2a: Gengar|perish1\n|upkeep\n|\n|t:|1776467451\n|switch|p1b: Crocker|Torkoal, L50, F|63/100\n|-weather|SunnyDay|[from] ability: Drought|[of] p1b: Crocker\n|turn|5\n|inactive|Zugucapretta has 30 seconds left.\n|inactive|Zugucapretta has 20 seconds left.\n|inactive|Zugucapretta has 15 seconds left.\n|\n|t:|1776467496\n|switch|p2b: Rotom|Rotom-Heat, L50|47/100\n|move|p1b: Crocker|Heat Wave|p2b: Rotom|[spread] p2a\n|-miss|p1b: Crocker|p2b: Rotom\n|-damage|p2a: Gengar|0 fnt\n|faint|p2a: Gengar\n|move|p1a: Hairline Recede|Twin Beam|p2b: Rotom\n|-damage|p2b: Rotom|23/100\n|-damage|p2b: Rotom|1/100\n|-hitcount|p2b: Rotom|2\n|\n|-weather|SunnyDay|[upkeep]\n|-start|p1a: Hairline Recede|perish0\n|faint|p1a: Hairline Recede\n|upkeep\n|inactive|Zugucapretta has 30 seconds left.\n|\n|t:|1776467526\n|switch|p1a: Guidance|Typhlosion-Hisui, L50, M|100/100\n|switch|p2a: Espathra|Espathra, L50, M|100/100\n|turn|6\n|inactive|Zugucapretta has 30 seconds left.\n|\n|t:|1776467555\n|move|p2a: Espathra|Protect|p2a: Espathra\n|-singleturn|p2a: Espathra|Protect\n|move|p1b: Crocker|Heat Wave|p2a: Espathra|[spread] p2b\n|-activate|p2a: Espathra|move: Protect\n|-resisted|p2b: Rotom|1\n|-damage|p2b: Rotom|0 fnt\n|faint|p2b: Rotom\n|move|p1a: Guidance|Shadow Ball|p2a: Espathra\n|-activate|p2a: Espathra|move: Protect\n|\n|-weather|SunnyDay|[upkeep]\n|-ability|p2a: Espathra|Speed Boost|boost\n|-boost|p2a: Espathra|spe|1\n|upkeep\n|\n|t:|1776467562\n|switch|p2b: Politoed|Politoed, L50, M|69/100\n|-weather|RainDance|[from] ability: Drizzle|[of] p2b: Politoed\n|turn|7\n|\n|t:|1776467583\n|move|p1b: Crocker|Protect|p1b: Crocker\n|-singleturn|p1b: Crocker|Protect\n|move|p2b: Politoed|Weather Ball|p1a: Guidance\n|-supereffective|p1a: Guidance|1\n|-damage|p1a: Guidance|0 fnt\n|faint|p1a: Guidance\n|move|p2a: Espathra|Lumina Crash|p1b: Crocker\n|-activate|p1b: Crocker|move: Protect\n|\n|-weather|RainDance|[upkeep]\n|-fieldend|move: Trick Room\n|-ability|p2a: Espathra|Speed Boost|boost\n|-boost|p2a: Espathra|spe|1\n|upkeep\n|turn|8\n|-message|Spectre Ace forfeited.\n|\n|win|Zugucapretta\n|raw|Spectre Ace's rating: 1230 &rarr; <strong>1202</strong><br />(-28 for losing)\n|raw|Zugucapretta's rating: 1183 &rarr; <strong>1211</strong><br />(+28 for winning)\n|l|\u2606Spectre Ace\n|player|p1|\n",
  "uploadtime": 1776467598,
  "views": 34,
  "formatid": "gen9championsvgc2026regma",
  "rating": 1202,
  "private": 0,
  "password": null
}