{
  "id": "gen9championsvgc2026regma-2586990174",
  "format": "[Gen 9 Champions] VGC 2026 Reg M-A",
  "players": [
    "magicalarcher57",
    "Azul911381069"
  ],
  "log": "|j|\u2606magicalarcher57\n|j|\u2606Azul911381069\n|t:|1776478845\n|gametype|doubles\n|player|p1|magicalarcher57|valerie|\n|player|p2|Azul911381069|blue|\n|gen|9\n|tier|[Gen 9 Champions] VGC 2026 Reg M-A\n|rated|Tournament battle\n|rule|Species Clause: Limit one of each Pok\u00e9mon\n|rule|Item Clause: Limit 1 of each item\n|raw|<div class=\"infobox\"><details class=\"readmore\" open><summary><strong>1 custom rule:</strong></summary> Force Open Team Sheets</details></div>\n|clearpoke\n|poke|p1|Kangaskhan, L50, F|\n|poke|p1|Farigiraf, L50, F|\n|poke|p1|Basculegion, L50, M|\n|poke|p1|Talonflame, L50, F|\n|poke|p1|Floette-Eternal, L50, F|\n|poke|p1|Garchomp, L50, M|\n|poke|p2|Whimsicott, L50, M|\n|poke|p2|Sneasler, L50, M|\n|poke|p2|Milotic, L50, F|\n|poke|p2|Garchomp, L50, M|\n|poke|p2|Kingambit, L50, F|\n|poke|p2|Charizard, L50, M|\n|teampreview|4\n|showteam|p1|Kangaskhan||Kangaskhanite|Scrappy|FakeOut,HammerArm,DoubleEdge,Crunch|||F|||50|]Farigiraf||ColburBerry|ArmorTail|ShadowBall,HyperVoice,TrickRoom,Psychic|||F|||50|]Basculegion||MysticWater|Adaptability|WaveCrash,LastRespects,AquaJet,Protect|||M|||50|]Talonflame||SharpBeak|GaleWings|Tailwind,Taunt,BraveBird,FlareBlitz|||F|||50|]Floette-Eternal||Floettite|FlowerVeil|Moonblast,LightofRuin,DazzlingGleam,Protect|||F|||50|]Garchomp||DragonFang|RoughSkin|RockSlide,Earthquake,DragonClaw,Protect|||M|||50|\n|showteam|p2|Whimsicott||FocusSash|Prankster|Moonblast,Tailwind,LightScreen,Encore|||M|||50|]Sneasler||WhiteHerb|Unburden|CloseCombat,DireClaw,FakeOut,Protect|||M|||50|]Milotic||Leftovers|Competitive|Scald,IceBeam,Recover,Protect|||F|||50|]Garchomp||SitrusBerry|RoughSkin|Earthquake,RockSlide,DragonClaw,Protect|||M|||50|]Kingambit||BlackGlasses|SupremeOverlord|KowtowCleave,IronHead,SuckerPunch,Protect|||F|||50|]Charizard||CharizarditeY|Blaze|HeatWave,WeatherBall,SolarBeam,Protect|||M|||50|\n|j| FBISurveillanceMan\n|j|+holdingb\n|c|\u2606magicalarcher57|glhf\n|\n|t:|1776478866\n|teamsize|p1|4\n|teamsize|p2|4\n|start\n|switch|p1a: Garchomp|Garchomp, L50, M|100/100\n|switch|p1b: Athena|Talonflame, L50, F, shiny|100/100\n|switch|p2a: Garchomp|Garchomp, L50, M|100/100\n|switch|p2b: Whimsicott|Whimsicott, L50, M|100/100\n|turn|1\n|j| RenanLampaiao\n|\n|t:|1776478889\n|move|p1b: Athena|Tailwind|p1b: Athena\n|-sidestart|p1: magicalarcher57|move: Tailwind\n|move|p2b: Whimsicott|Tailwind|p2b: Whimsicott\n|-sidestart|p2: Azul911381069|move: Tailwind\n|move|p2a: Garchomp|Rock Slide|p1b: Athena|[spread] p1a,p1b\n|-resisted|p1a: Garchomp|1\n|-supereffective|p1b: Athena|2\n|-damage|p1a: Garchomp|90/100\n|-damage|p1b: Athena|0 fnt\n|faint|p1b: Athena\n|move|p1a: Garchomp|Earthquake|p2a: Garchomp|[spread] p2a,p2b\n|-resisted|p2b: Whimsicott|1\n|-damage|p2a: Garchomp|60/100\n|-damage|p2b: Whimsicott|68/100\n|\n|upkeep\n|\n|t:|1776478902\n|switch|p1b: Floette|Floette-Eternal, L50, F|100/100\n|turn|2\n|\n|t:|1776478915\n|detailschange|p1b: Floette|Floette-Mega, L50, F\n|-mega|p1b: Floette|Floette|Floettite\n|-ability|p1b: Floette|Fairy Aura\n|move|p1a: Garchomp|Protect|p1a: Garchomp\n|-singleturn|p1a: Garchomp|Protect\n|move|p2b: Whimsicott|Light Screen|p2b: Whimsicott\n|-sidestart|p2: Azul911381069|move: Light Screen\n|move|p2a: Garchomp|Dragon Claw|p1a: Garchomp\n|-activate|p1a: Garchomp|move: Protect\n|move|p1b: Floette|Dazzling Gleam|p2a: Garchomp|[spread] p2a,p2b\n|-supereffective|p2a: Garchomp|1\n|-damage|p2a: Garchomp|0 fnt\n|-damage|p2b: Whimsicott|14/100\n|faint|p2a: Garchomp\n|\n|upkeep\n|\n|t:|1776478946\n|switch|p2a: Kingambit|Kingambit, L50, F|100/100\n|-activate|p2a: Kingambit|ability: Supreme Overlord\n|-start|p2a: Kingambit|fallen1|[silent]\n|turn|3\n|n| Renato1813|renanlampaiao\n|l| Renato1813\n|\n|t:|1776478968\n|switch|p1a: Basculegion|Basculegion, L50, M, shiny|100/100\n|move|p2b: Whimsicott|Moonblast|p1a: Basculegion\n|-damage|p1a: Basculegion|58/100\n|move|p1b: Floette|Dazzling Gleam|p2b: Whimsicott|[spread] p2a,p2b\n|-damage|p2a: Kingambit|69/100\n|-damage|p2b: Whimsicott|0 fnt\n|faint|p2b: Whimsicott\n|move|p2a: Kingambit|Iron Head|p1b: Floette\n|-supereffective|p1b: Floette|1\n|-damage|p1b: Floette|0 fnt\n|faint|p1b: Floette\n|\n|upkeep\n|\n|t:|1776478982\n|switch|p2b: Charizard|Charizard, L50, M|100/100\n|switch|p1b: Garchomp|Garchomp, L50, M|90/100\n|turn|4\n|\n|t:|1776478994\n|detailschange|p2b: Charizard|Charizard-Mega-Y, L50, M\n|-mega|p2b: Charizard|Charizard|Charizardite Y\n|-weather|SunnyDay|[from] ability: Drought|[of] p2b: Charizard\n|move|p2b: Charizard|Protect|p2b: Charizard\n|-singleturn|p2b: Charizard|Protect\n|move|p1a: Basculegion|Protect|p1a: Basculegion\n|-singleturn|p1a: Basculegion|Protect\n|move|p2a: Kingambit|Sucker Punch||[still]\n|-fail|p2a: Kingambit\n|move|p1b: Garchomp|Rock Slide|p2a: Kingambit|[spread] p2a\n|-activate|p2b: Charizard|move: Protect\n|-resisted|p2a: Kingambit|1\n|-damage|p2a: Kingambit|60/100\n|\n|-weather|SunnyDay|[upkeep]\n|-sideend|p1: magicalarcher57|move: Tailwind\n|-sideend|p2: Azul911381069|move: Tailwind\n|upkeep\n|turn|5\n|\n|t:|1776479015\n|move|p1a: Basculegion|Aqua Jet|p2a: Kingambit\n|-damage|p2a: Kingambit|46/100\n|move|p2a: Kingambit|Sucker Punch|p1b: Garchomp\n|-damage|p1b: Garchomp|39/100\n|-damage|p2a: Kingambit|34/100|[from] ability: Rough Skin|[of] p1b: Garchomp\n|move|p2b: Charizard|Solar Beam||[still]\n|-prepare|p2b: Charizard|Solar Beam\n|-anim|p2b: Charizard|Solar Beam|p1a: Basculegion\n|-supereffective|p1a: Basculegion|1\n|-damage|p1a: Basculegion|0 fnt\n|faint|p1a: Basculegion\n|move|p1b: Garchomp|Rock Slide|p2a: Kingambit|[spread] p2a,p2b\n|-resisted|p2a: Kingambit|1\n|-supereffective|p2b: Charizard|2\n|-damage|p2a: Kingambit|26/100\n|-damage|p2b: Charizard|0 fnt\n|faint|p2b: Charizard\n|\n|-weather|SunnyDay|[upkeep]\n|upkeep\n|turn|6\n|j| Ghostistheman\n|\n|t:|1776479044\n|move|p1b: Garchomp|Protect|p1b: Garchomp\n|-singleturn|p1b: Garchomp|Protect\n|move|p2a: Kingambit|Sucker Punch||[still]\n|-fail|p2a: Kingambit\n|\n|-weather|SunnyDay|[upkeep]\n|-sideend|p2: Azul911381069|move: Light Screen\n|upkeep\n|turn|7\n|\n|t:|1776479047\n|move|p2a: Kingambit|Protect|p2a: Kingambit\n|-singleturn|p2a: Kingambit|Protect\n|move|p1b: Garchomp|Earthquake|p2a: Kingambit\n|-activate|p2a: Kingambit|move: Protect\n|\n|-weather|SunnyDay|[upkeep]\n|upkeep\n|turn|8\n|\n|t:|1776479054\n|move|p1b: Garchomp|Protect|p1b: Garchomp\n|-singleturn|p1b: Garchomp|Protect\n|move|p2a: Kingambit|Sucker Punch||[still]\n|-fail|p2a: Kingambit\n|\n|-weather|none\n|upkeep\n|turn|9\n|\n|t:|1776479058\n|move|p2a: Kingambit|Sucker Punch|p1b: Garchomp\n|-damage|p1b: Garchomp|0 fnt\n|-damage|p2a: Kingambit|14/100|[from] ability: Rough Skin|[of] p1b: Garchomp\n|faint|p1b: Garchomp\n|\n|win|Azul911381069\n|n|\u2606magicalarcher57|magicalarcher57\n|n|\u2606Azul911381069|azul911381069\n|n| FBISurveillanceMan|fbisurveillanceman\n|n| holdingb|holdingb\n|n| Ghostistheman|ghostistheman\n",
  "uploadtime": 1776479059,
  "views": 12,
  "formatid": "gen9championsvgc2026regma",
  "rating": null,
  "private": 0,
  "password": null
}