{
  "id": "gen9championsvgc2026regma-2588232873",
  "format": "[Gen 9 Champions] VGC 2026 Reg M-A",
  "players": [
    "LMTAHMED99",
    "driumip"
  ],
  "log": "|j|\u2606LMTAHMED99\n|j|\u2606driumip\n|t:|1776616601\n|gametype|doubles\n|player|p1|LMTAHMED99|n|1082\n|player|p2|driumip|102|1000\n|gen|9\n|tier|[Gen 9 Champions] VGC 2026 Reg M-A\n|rated|\n|rule|Species Clause: Limit one of each Pok\u00e9mon\n|rule|Item Clause: Limit 1 of each item\n|clearpoke\n|poke|p1|Aerodactyl, L50, F, shiny|\n|poke|p1|Floette-Eternal, L50, F, shiny|\n|poke|p1|Aegislash, L50, F, shiny|\n|poke|p1|Tauros-Paldea-Aqua, L50, M, shiny|\n|poke|p1|Kangaskhan, L50, F, shiny|\n|poke|p1|Gengar, L50, M|\n|poke|p2|Charizard, L50, M|\n|poke|p2|Talonflame, L50, M|\n|poke|p2|Torkoal, L50, M|\n|poke|p2|Venusaur, L50, M|\n|poke|p2|Dragonite, L50, M|\n|poke|p2|Gyarados, L50, M|\n|teampreview|4\n|\n|t:|1776616625\n|teamsize|p1|4\n|teamsize|p2|4\n|start\n|switch|p1a: Aerodactyl|Aerodactyl, L50, F, shiny|100/100\n|switch|p1b: Kangaskhan|Kangaskhan, L50, F, shiny|100/100\n|switch|p2a: Charizard|Charizard, L50, M|100/100\n|switch|p2b: Talonflame|Talonflame, L50, M|100/100\n|-ability|p1a: Aerodactyl|Unnerve\n|turn|1\n|\n|t:|1776616658\n|detailschange|p1b: Kangaskhan|Kangaskhan-Mega, L50, F, shiny\n|-mega|p1b: Kangaskhan|Kangaskhan|Kangaskhanite\n|move|p2a: Charizard|Protect|p2a: Charizard\n|-singleturn|p2a: Charizard|Protect\n|move|p1b: Kangaskhan|Fake Out|p2b: Talonflame\n|-crit|p2b: Talonflame\n|-damage|p2b: Talonflame|50/100\n|-damage|p2b: Talonflame|44/100\n|-hitcount|p2b: Talonflame|2\n|move|p1a: Aerodactyl|Rock Slide|p2b: Talonflame|[spread] p2b\n|-activate|p2a: Charizard|move: Protect\n|-supereffective|p2b: Talonflame|2\n|-damage|p2b: Talonflame|0 fnt\n|faint|p2b: Talonflame\n|\n|upkeep\n|inactive|Battle timer is ON: inactive players will automatically lose when time's up. (requested by LMTAHMED99)\n|\n|t:|1776616676\n|switch|p2b: Venusaur|Venusaur, L50, M|100/100\n|turn|2\n|\n|t:|1776616691\n|detailschange|p2a: Charizard|Charizard-Mega-Y, L50, M\n|-mega|p2a: Charizard|Charizard|Charizardite Y\n|-weather|SunnyDay|[from] ability: Drought|[of] p2a: Charizard\n|move|p1b: Kangaskhan|Sucker Punch|p2a: Charizard\n|-damage|p2a: Charizard|65/100\n|-damage|p2a: Charizard|57/100\n|-hitcount|p2a: Charizard|2\n|move|p2b: Venusaur|Solar Beam||[still]\n|-prepare|p2b: Venusaur|Solar Beam\n|-anim|p2b: Venusaur|Solar Beam|p1a: Aerodactyl\n|-damage|p1a: Aerodactyl|20/100\n|move|p1a: Aerodactyl|Tailwind|p1a: Aerodactyl\n|-sidestart|p1: LMTAHMED99|move: Tailwind\n|move|p2a: Charizard|Heat Wave|p1b: Kangaskhan|[spread] p1a,p1b\n|-resisted|p1a: Aerodactyl|1\n|-damage|p1a: Aerodactyl|0 fnt\n|-damage|p1b: Kangaskhan|42/100\n|faint|p1a: Aerodactyl\n|\n|-weather|SunnyDay|[upkeep]\n|upkeep\n|\n|t:|1776616714\n|switch|p1a: Tauros|Tauros-Paldea-Aqua, L50, M, shiny|100/100\n|-ability|p1a: Tauros|Intimidate|boost\n|-unboost|p2a: Charizard|atk|1\n|-unboost|p2b: Venusaur|atk|1\n|turn|3\n|inactive|LMTAHMED99 has 30 seconds left.\n|\n|t:|1776616748\n|move|p1a: Tauros|Protect|p1a: Tauros\n|-singleturn|p1a: Tauros|Protect\n|move|p2a: Charizard|Protect|p2a: Charizard\n|-singleturn|p2a: Charizard|Protect\n|move|p2b: Venusaur|Earth Power|p1b: Kangaskhan\n|-damage|p1b: Kangaskhan|16/100\n|move|p1b: Kangaskhan|Double-Edge|p2a: Charizard\n|-activate|p2a: Charizard|move: Protect\n|\n|-weather|SunnyDay|[upkeep]\n|upkeep\n|turn|4\n|inactive|LMTAHMED99 has 30 seconds left.\n|inactive|LMTAHMED99 has 20 seconds left.\n|\n|t:|1776616786\n|switch|p2a: Torkoal|Torkoal, L50, M|100/100\n|move|p1b: Kangaskhan|Sucker Punch||[still]\n|-fail|p1b: Kangaskhan\n|move|p1a: Tauros|Wave Crash|p2a: Torkoal\n|-supereffective|p2a: Torkoal|1\n|-damage|p2a: Torkoal|61/100\n|-damage|p1a: Tauros|86/100|[from] Recoil\n|move|p2b: Venusaur|Solar Beam||[still]\n|-prepare|p2b: Venusaur|Solar Beam\n|-anim|p2b: Venusaur|Solar Beam|p1a: Tauros\n|-supereffective|p1a: Tauros|1\n|-damage|p1a: Tauros|0 fnt\n|faint|p1a: Tauros\n|\n|-weather|SunnyDay|[upkeep]\n|upkeep\n|\n|t:|1776616800\n|switch|p1a: Aegislash|Aegislash, L50, F, shiny|100/100\n|turn|5\n|inactive|LMTAHMED99 has 30 seconds left.\n|\n|t:|1776616828\n|move|p1b: Kangaskhan|Sucker Punch|p2a: Torkoal\n|-damage|p2a: Torkoal|47/100\n|-damage|p2a: Torkoal|44/100\n|-hitcount|p2a: Torkoal|2\n|move|p2b: Venusaur|Earth Power|p1b: Kangaskhan\n|-damage|p1b: Kangaskhan|0 fnt\n|faint|p1b: Kangaskhan\n|-formechange|p1a: Aegislash|Aegislash-Blade|\n|move|p1a: Aegislash|Poltergeist|p2a: Torkoal\n|-activate|p2a: Torkoal|move: Poltergeist|Bright Powder\n|-damage|p2a: Torkoal|0 fnt\n|faint|p2a: Torkoal\n|\n|-weather|SunnyDay|[upkeep]\n|-sideend|p1: LMTAHMED99|move: Tailwind\n|upkeep\n|\n|t:|1776616847\n|switch|p2a: Charizard|Charizard-Mega-Y, L50, M|57/100\n|turn|6\n|\n|t:|1776616864\n|-formechange|p1a: Aegislash|Aegislash|\n|move|p1a: Aegislash|King's Shield|p1a: Aegislash\n|-singleturn|p1a: Aegislash|Protect\n|move|p2b: Venusaur|Earth Power|p1a: Aegislash\n|-activate|p1a: Aegislash|move: Protect\n|move|p2a: Charizard|Heat Wave|p1a: Aegislash\n|-activate|p1a: Aegislash|move: Protect\n|\n|-weather|none\n|upkeep\n|turn|7\n|\n|t:|1776616880\n|move|p2a: Charizard|Protect|p2a: Charizard\n|-singleturn|p2a: Charizard|Protect\n|move|p2b: Venusaur|Sunny Day|p2b: Venusaur\n|-weather|SunnyDay\n|move|p1a: Aegislash|Swords Dance|p1a: Aegislash\n|-boost|p1a: Aegislash|atk|2\n|\n|-weather|SunnyDay|[upkeep]\n|upkeep\n|turn|8\n|\n|t:|1776616903\n|-formechange|p1a: Aegislash|Aegislash-Blade|\n|move|p1a: Aegislash|Shadow Sneak|p2a: Charizard\n|-damage|p2a: Charizard|0 fnt\n|faint|p2a: Charizard\n|move|p2b: Venusaur|Earth Power|p1a: Aegislash\n|-supereffective|p1a: Aegislash|1\n|-damage|p1a: Aegislash|0 fnt\n|faint|p1a: Aegislash\n|\n|win|driumip\n|raw|LMTAHMED99's rating: 1082 &rarr; <strong>1055</strong><br />(-27 for losing)\n|raw|driumip's rating: 1000 &rarr; <strong>1049</strong><br />(+49 for winning)\n|l|\u2606LMTAHMED99\n|player|p1|\n",
  "uploadtime": 1776616914,
  "views": 15,
  "formatid": "gen9championsvgc2026regma",
  "rating": 1049,
  "private": 0,
  "password": null
}