{
  "id": "gen9championsvgc2026regma-2587383620",
  "format": "[Gen 9 Champions] VGC 2026 Reg M-A",
  "players": [
    "sends its regards",
    "chuarizard"
  ],
  "log": "|j|\u2606sends its regards\n|j|\u2606chuarizard\n|t:|1776527262\n|gametype|doubles\n|player|p1|sends its regards|unknown|1049\n|player|p2|chuarizard|169|1110\n|gen|9\n|tier|[Gen 9 Champions] VGC 2026 Reg M-A\n|rated|\n|rule|Species Clause: Limit one of each Pok\u00e9mon\n|rule|Item Clause: Limit 1 of each item\n|clearpoke\n|poke|p1|Skarmory, L50, M|\n|poke|p1|Sneasler, L50, F|\n|poke|p1|Garchomp, L50, F|\n|poke|p1|Incineroar, L50, M|\n|poke|p1|Sinistcha, L50|\n|poke|p1|Milotic, L50, M|\n|poke|p2|Feraligatr, L50, M|\n|poke|p2|Meganium, L50, F|\n|poke|p2|Pelipper, L50, F|\n|poke|p2|Archaludon, L50, F|\n|poke|p2|Incineroar, L50, F|\n|poke|p2|Maushold-Four, L50|\n|teampreview|4\n|\n|t:|1776527313\n|teamsize|p1|4\n|teamsize|p2|4\n|start\n|switch|p1a: Milotic|Milotic, L50, M|100/100\n|switch|p1b: Garchomp|Garchomp, L50, F|100/100\n|switch|p2a: Pelipper|Pelipper, L50, F|100/100\n|switch|p2b: Archaludon|Archaludon, L50, F|100/100\n|-weather|RainDance|[from] ability: Drizzle|[of] p2a: Pelipper\n|turn|1\n|inactive|Battle timer is ON: inactive players will automatically lose when time's up. (requested by chuarizard)\n|\n|t:|1776527358\n|switch|p1a: Sinistcha|Sinistcha, L50|100/100\n|move|p1b: Garchomp|Dragon Claw|p2b: Archaludon\n|-damage|p2b: Archaludon|64/100\n|move|p2b: Archaludon|Electro Shot||[still]\n|-prepare|p2b: Archaludon|Electro Shot\n|-boost|p2b: Archaludon|spa|1\n|-anim|p2b: Archaludon|Electro Shot|p1a: Sinistcha\n|-resisted|p1a: Sinistcha|1\n|-damage|p1a: Sinistcha|73/100\n|move|p2a: Pelipper|Tailwind|p2a: Pelipper\n|-sidestart|p2: chuarizard|move: Tailwind\n|\n|-weather|RainDance|[upkeep]\n|upkeep\n|turn|2\n|inactive|sends its regards has 30 seconds left.\n|\n|t:|1776527384\n|move|p1a: Sinistcha|Rage Powder|p1a: Sinistcha\n|-singleturn|p1a: Sinistcha|move: Rage Powder\n|move|p2b: Archaludon|Draco Meteor|p1b: Garchomp\n|-supereffective|p1b: Garchomp|1\n|-damage|p1b: Garchomp|0 fnt\n|-unboost|p2b: Archaludon|spa|2\n|faint|p1b: Garchomp\n|move|p2a: Pelipper|Hurricane|p1a: Sinistcha\n|-supereffective|p1a: Sinistcha|1\n|-damage|p1a: Sinistcha|7/100\n|-enditem|p1a: Sinistcha|Sitrus Berry|[eat]\n|-heal|p1a: Sinistcha|32/100|[from] item: Sitrus Berry\n|\n|-weather|RainDance|[upkeep]\n|upkeep\n|\n|t:|1776527407\n|switch|p1b: Milotic|Milotic, L50, M|100/100\n|turn|3\n|\n|t:|1776527427\n|switch|p2b: Feraligatr|Feraligatr, L50, M|100/100\n|move|p2a: Pelipper|Hurricane|p1a: Sinistcha\n|-supereffective|p1a: Sinistcha|1\n|-damage|p1a: Sinistcha|0 fnt\n|faint|p1a: Sinistcha\n|move|p1b: Milotic|Hypnosis|p2b: Feraligatr\n|-status|p2b: Feraligatr|slp|[from] move: Hypnosis\n|\n|-weather|RainDance|[upkeep]\n|upkeep\n|\n|t:|1776527437\n|switch|p1a: Skarmory|Skarmory, L50, M|100/100\n|turn|4\n|inactive|sends its regards has 30 seconds left.\n|inactive|chuarizard has 30 seconds left.\n|inactive|chuarizard has 20 seconds left.\n|inactive|sends its regards has 20 seconds left.\n|inactive|chuarizard has 15 seconds left.\n|inactive|sends its regards has 15 seconds left.\n|\n|t:|1776527484\n|detailschange|p2b: Feraligatr|Feraligatr-Mega, L50, M\n|-mega|p2b: Feraligatr|Feraligatr|Feraligite\n|detailschange|p1a: Skarmory|Skarmory-Mega, L50, M\n|-mega|p1a: Skarmory|Skarmory|Skarmorite\n|cant|p2b: Feraligatr|slp\n|move|p2a: Pelipper|Protect|p2a: Pelipper\n|-singleturn|p2a: Pelipper|Protect\n|move|p1a: Skarmory|Brave Bird|p2a: Pelipper\n|-activate|p2a: Pelipper|move: Protect\n|move|p1b: Milotic|Coil|p1b: Milotic\n|-boost|p1b: Milotic|atk|1\n|-boost|p1b: Milotic|def|1\n|-boost|p1b: Milotic|accuracy|1\n|\n|-weather|RainDance|[upkeep]\n|-sideend|p2: chuarizard|move: Tailwind\n|upkeep\n|turn|5\n|inactive|sends its regards has 30 seconds left.\n|inactive|chuarizard has 30 seconds left.\n|inactive|chuarizard has 20 seconds left.\n|\n|t:|1776527522\n|switch|p2a: Archaludon|Archaludon, L50, F|64/100\n|move|p1a: Skarmory|Brave Bird|p2a: Archaludon\n|-resisted|p2a: Archaludon|1\n|-damage|p2a: Archaludon|35/100\n|-damage|p1a: Skarmory|89/100|[from] Recoil\n|-curestatus|p2b: Feraligatr|slp|[msg]\n|move|p2b: Feraligatr|Dragon Dance|p2b: Feraligatr\n|-boost|p2b: Feraligatr|atk|1\n|-boost|p2b: Feraligatr|spe|1\n|move|p1b: Milotic|Muddy Water|p2b: Feraligatr|[spread] p2a,p2b\n|-resisted|p2a: Archaludon|1\n|-resisted|p2b: Feraligatr|2\n|-damage|p2a: Archaludon|6/100\n|-damage|p2b: Feraligatr|90/100\n|\n|-weather|none\n|upkeep\n|turn|6\n|inactive|chuarizard has 30 seconds left.\n|\n|t:|1776527551\n|move|p1a: Skarmory|Protect|p1a: Skarmory\n|-singleturn|p1a: Skarmory|Protect\n|move|p2a: Archaludon|Protect|p2a: Archaludon\n|-singleturn|p2a: Archaludon|Protect\n|move|p2b: Feraligatr|Double-Edge|p1b: Milotic\n|-damage|p1b: Milotic|29/100\n|-damage|p2b: Feraligatr|60/100|[from] Recoil\n|move|p1b: Milotic|Muddy Water|p2b: Feraligatr|[spread] p2b\n|-activate|p2a: Archaludon|move: Protect\n|-resisted|p2b: Feraligatr|2\n|-damage|p2b: Feraligatr|54/100\n|\n|-heal|p1b: Milotic|35/100|[from] item: Leftovers\n|upkeep\n|turn|7\n|inactive|sends its regards has 30 seconds left.\n|inactive|chuarizard has 30 seconds left.\n|\n|t:|1776527585\n|move|p2b: Feraligatr|Double-Edge|p1b: Milotic\n|-damage|p1b: Milotic|0 fnt\n|faint|p1b: Milotic\n|-damage|p2b: Feraligatr|39/100|[from] Recoil\n|move|p1a: Skarmory|Body Press|p2a: Archaludon\n|-supereffective|p2a: Archaludon|1\n|-damage|p2a: Archaludon|0 fnt\n|faint|p2a: Archaludon\n|\n|upkeep\n|\n|t:|1776527598\n|switch|p2a: Pelipper|Pelipper, L50, F|100/100\n|-weather|RainDance|[from] ability: Drizzle|[of] p2a: Pelipper\n|turn|8\n|\n|t:|1776527612\n|move|p1a: Skarmory|Protect|p1a: Skarmory\n|-singleturn|p1a: Skarmory|Protect\n|move|p2b: Feraligatr|Liquidation|p1a: Skarmory\n|-activate|p1a: Skarmory|move: Protect\n|move|p2a: Pelipper|Muddy Water|p1a: Skarmory\n|-activate|p1a: Skarmory|move: Protect\n|\n|-weather|RainDance|[upkeep]\n|upkeep\n|turn|9\n|\n|t:|1776527621\n|move|p2b: Feraligatr|Liquidation|p1a: Skarmory\n|-damage|p1a: Skarmory|0 fnt\n|faint|p1a: Skarmory\n|\n|win|chuarizard\n|raw|sends its regards's rating: 1049 &rarr; <strong>1035</strong><br />(-14 for losing)\n|raw|chuarizard's rating: 1110 &rarr; <strong>1131</strong><br />(+21 for winning)\n|l|\u2606chuarizard\n|player|p2|\n",
  "uploadtime": 1776527630,
  "views": 16,
  "formatid": "gen9championsvgc2026regma",
  "rating": 1035,
  "private": 0,
  "password": null
}