{
  "id": "gen9championsvgc2026regma-2583022387",
  "format": "[Gen 9 Champions] VGC 2026 Reg M-A",
  "players": [
    "Ginesect",
    "clammer9"
  ],
  "log": "|j|\u2606Ginesect\n|j|\u2606clammer9\n|t:|1776134161\n|gametype|doubles\n|player|p1|Ginesect|gambler|1112\n|player|p2|clammer9|265|1093\n|gen|9\n|tier|[Gen 9 Champions] VGC 2026 Reg M-A\n|rated|\n|rule|Species Clause: Limit one of each Pok\u00e9mon\n|rule|Item Clause: Limit 1 of each item\n|clearpoke\n|poke|p1|Delphox, L50, M|\n|poke|p1|Sneasler, L50, M|\n|poke|p1|Basculegion, L50, M|\n|poke|p1|Garchomp, L50, F|\n|poke|p1|Kingambit, L50, F|\n|poke|p1|Whimsicott, L50, F|\n|poke|p2|Lucario, L50, F|\n|poke|p2|Incineroar, L50, M|\n|poke|p2|Dragapult, L50, F|\n|poke|p2|Goodra, L50, M|\n|poke|p2|Araquanid, L50, F|\n|poke|p2|Medicham, L50, F|\n|teampreview|4\n|\n|t:|1776134194\n|teamsize|p1|4\n|teamsize|p2|4\n|start\n|switch|p1a: Sneasler|Sneasler, L50, M|100/100\n|switch|p1b: Garchomp|Garchomp, L50, F|100/100\n|switch|p2a: Incineroar|Incineroar, L50, M|100/100\n|switch|p2b: Goodra|Goodra, L50, M|100/100\n|-ability|p2a: Incineroar|Intimidate|boost\n|-unboost|p1a: Sneasler|atk|1\n|-unboost|p1b: Garchomp|atk|1\n|-enditem|p1a: Sneasler|White Herb\n|-clearnegativeboost|p1a: Sneasler|[silent]\n|turn|1\n|\n|t:|1776134247\n|move|p1b: Garchomp|Protect|p1b: Garchomp\n|-singleturn|p1b: Garchomp|Protect\n|move|p1a: Sneasler|Fake Out|p2b: Goodra\n|-damage|p2b: Goodra|85/100\n|-ability|p2b: Goodra|Gooey\n|-unboost|p1a: Sneasler|spe|1\n|cant|p2b: Goodra|flinch\n|move|p2a: Incineroar|Flare Blitz|p1a: Sneasler\n|-damage|p1a: Sneasler|0 fnt\n|faint|p1a: Sneasler\n|-damage|p2a: Incineroar|72/100|[from] Recoil\n|\n|upkeep\n|\n|t:|1776134264\n|switch|p1a: Basculegion|Basculegion, L50, M|100/100\n|turn|2\n|\n|t:|1776134280\n|switch|p2a: Araquanid|Araquanid, L50, F|100/100\n|move|p1a: Basculegion|Last Respects|p2b: Goodra\n|-damage|p2b: Goodra|1/100\n|move|p1b: Garchomp|Rock Slide|p2a: Araquanid|[spread] p2a,p2b\n|-supereffective|p2a: Araquanid|1\n|-damage|p2a: Araquanid|72/100\n|-damage|p2b: Goodra|0 fnt\n|faint|p2b: Goodra\n|\n|upkeep\n|\n|t:|1776134296\n|switch|p2b: Incineroar|Incineroar, L50, M|72/100\n|-ability|p2b: Incineroar|Intimidate|boost\n|-unboost|p1a: Basculegion|atk|1\n|-unboost|p1b: Garchomp|atk|1\n|turn|3\n|\n|t:|1776134313\n|switch|p1a: Kingambit|Kingambit, L50, F|100/100\n|move|p2a: Araquanid|Wide Guard|p2a: Araquanid\n|-singleturn|p2a: Araquanid|Wide Guard\n|move|p1b: Garchomp|Rock Slide|p2b: Incineroar|[spread] \n|-activate|p2a: Araquanid|move: Wide Guard\n|-activate|p2b: Incineroar|move: Wide Guard\n|move|p2b: Incineroar|Will-O-Wisp|p1a: Kingambit\n|-status|p1a: Kingambit|brn\n|\n|-damage|p1a: Kingambit|95/100 brn|[from] brn\n|upkeep\n|turn|4\n|\n|t:|1776134374\n|move|p1b: Garchomp|Dragon Claw|p2b: Incineroar\n|-damage|p2b: Incineroar|50/100\n|-enditem|p2b: Incineroar|Sitrus Berry|[eat]\n|-heal|p2b: Incineroar|75/100|[from] item: Sitrus Berry\n|move|p2b: Incineroar|Will-O-Wisp|p1b: Garchomp\n|-status|p1b: Garchomp|brn\n|move|p1a: Kingambit|Low Kick|p2b: Incineroar\n|-supereffective|p2b: Incineroar|1\n|-damage|p2b: Incineroar|47/100\n|move|p2a: Araquanid|Leech Life|p1a: Kingambit\n|-damage|p1a: Kingambit|79/100 brn\n|-heal|p2a: Araquanid|83/100|[from] drain|[of] p1a: Kingambit\n|\n|-damage|p1b: Garchomp|94/100 brn|[from] brn\n|-damage|p1a: Kingambit|73/100 brn|[from] brn\n|upkeep\n|turn|5\n|\n|t:|1776134411\n|move|p2a: Araquanid|Wide Guard|p2a: Araquanid\n|-singleturn|p2a: Araquanid|Wide Guard\n|move|p1b: Garchomp|Stomping Tantrum|p2b: Incineroar\n|-supereffective|p2b: Incineroar|1\n|-damage|p2b: Incineroar|26/100\n|move|p2b: Incineroar|Flare Blitz|p1a: Kingambit\n|-supereffective|p1a: Kingambit|1\n|-damage|p1a: Kingambit|0 fnt\n|faint|p1a: Kingambit\n|-damage|p2b: Incineroar|0 fnt|[from] Recoil\n|faint|p2b: Incineroar\n|\n|-damage|p1b: Garchomp|88/100 brn|[from] brn\n|upkeep\n|\n|t:|1776134423\n|switch|p2b: Lucario|Lucario, L50, F|100/100\n|switch|p1a: Basculegion|Basculegion, L50, M|100/100\n|turn|6\n|\n|t:|1776134445\n|move|p2b: Lucario|Detect|p2b: Lucario\n|-singleturn|p2b: Lucario|Protect\n|move|p1a: Basculegion|Last Respects|p2b: Lucario\n|-activate|p2b: Lucario|move: Protect\n|move|p1b: Garchomp|Rock Slide|p2a: Araquanid|[spread] p2a\n|-activate|p2b: Lucario|move: Protect\n|-supereffective|p2a: Araquanid|1\n|-damage|p2a: Araquanid|72/100\n|move|p2a: Araquanid|Liquidation|p1a: Basculegion\n|-resisted|p1a: Basculegion|1\n|-damage|p1a: Basculegion|62/100\n|\n|-damage|p1b: Garchomp|82/100 brn|[from] brn\n|upkeep\n|turn|7\n|\n|t:|1776134468\n|detailschange|p2b: Lucario|Lucario-Mega, L50, F\n|-mega|p2b: Lucario|Lucario|Lucarionite\n|move|p1a: Basculegion|Last Respects|p2b: Lucario\n|-damage|p2b: Lucario|0 fnt\n|faint|p2b: Lucario\n|move|p1b: Garchomp|Dragon Claw|p2a: Araquanid\n|-damage|p2a: Araquanid|61/100\n|move|p2a: Araquanid|Liquidation|p1a: Basculegion\n|-resisted|p1a: Basculegion|1\n|-damage|p1a: Basculegion|24/100\n|-unboost|p1a: Basculegion|def|1\n|\n|-damage|p1b: Garchomp|76/100 brn|[from] brn\n|upkeep\n|turn|8\n|c|\u2606clammer9|gg\n|\n|t:|1776134485\n|move|p2a: Araquanid|Protect|p2a: Araquanid\n|-singleturn|p2a: Araquanid|Protect\n|move|p1a: Basculegion|Last Respects|p2a: Araquanid\n|-activate|p2a: Araquanid|move: Protect\n|move|p1b: Garchomp|Rock Slide|p2a: Araquanid\n|-activate|p2a: Araquanid|move: Protect\n|\n|-damage|p1b: Garchomp|70/100 brn|[from] brn\n|upkeep\n|turn|9\n|c|\u2606Ginesect|gg\n|\n|t:|1776134495\n|move|p1a: Basculegion|Last Respects|p2a: Araquanid\n|-damage|p2a: Araquanid|0 fnt\n|faint|p2a: Araquanid\n|\n|win|Ginesect\n|raw|Ginesect's rating: 1112 &rarr; <strong>1136</strong><br />(+24 for winning)\n|raw|clammer9's rating: 1093 &rarr; <strong>1070</strong><br />(-23 for losing)\n",
  "uploadtime": 1776134505,
  "views": 13,
  "formatid": "gen9championsvgc2026regma",
  "rating": 1070,
  "private": 0,
  "password": null
}