{
  "id": "gen9championsvgc2026regma-2588263632",
  "format": "[Gen 9 Champions] VGC 2026 Reg M-A",
  "players": [
    "CoffeeMoffee",
    "maturo"
  ],
  "log": "|j|\u2606CoffeeMoffee\n|j|\u2606maturo\n|t:|1776619176\n|gametype|doubles\n|player|p1|CoffeeMoffee|scientist|1369\n|player|p2|maturo|265|1297\n|gen|9\n|tier|[Gen 9 Champions] VGC 2026 Reg M-A\n|rated|\n|rule|Species Clause: Limit one of each Pok\u00e9mon\n|rule|Item Clause: Limit 1 of each item\n|clearpoke\n|poke|p1|Charizard, L50, F, shiny|\n|poke|p1|Aerodactyl, L50, M, shiny|\n|poke|p1|Basculegion, L50, M, shiny|\n|poke|p1|Sneasler, L50, M, shiny|\n|poke|p1|Garchomp, L50, M, shiny|\n|poke|p1|Kingambit, L50, F, shiny|\n|poke|p2|Crabominable, L50, F|\n|poke|p2|Slowking-Galar, L50, M|\n|poke|p2|Primarina, L50, F|\n|poke|p2|Incineroar, L50, F|\n|poke|p2|Sinistcha-Masterpiece, L50|\n|poke|p2|Kingambit, L50, M|\n|teampreview|4\n|inactive|Battle timer is ON: inactive players will automatically lose when time's up. (requested by CoffeeMoffee)\n|inactive|CoffeeMoffee has 60 seconds left.\n|\n|t:|1776619223\n|teamsize|p1|4\n|teamsize|p2|4\n|start\n|switch|p1a: Kingambit|Kingambit, L50, F, shiny|100/100\n|switch|p1b: Sneasler|Sneasler, L50, M, shiny|100/100\n|switch|p2a: Slowking|Slowking-Galar, L50, M|100/100\n|switch|p2b: Incineroar|Incineroar, L50, F|100/100\n|-ability|p2b: Incineroar|Intimidate|boost\n|-unboost|p1a: Kingambit|atk|1\n|-ability|p1a: Kingambit|Defiant|boost\n|-boost|p1a: Kingambit|atk|2\n|-unboost|p1b: Sneasler|atk|1\n|-enditem|p1b: Sneasler|White Herb\n|-clearnegativeboost|p1b: Sneasler|[silent]\n|turn|1\n|\n|t:|1776619238\n|move|p1b: Sneasler|Fake Out|p2b: Incineroar\n|-damage|p2b: Incineroar|88/100\n|cant|p2b: Incineroar|flinch\n|move|p1a: Kingambit|Kowtow Cleave|p2a: Slowking\n|-supereffective|p2a: Slowking|1\n|-enditem|p2a: Slowking|Colbur Berry|[eat]\n|-enditem|p2a: Slowking|Colbur Berry|[weaken]\n|-damage|p2a: Slowking|14/100\n|move|p2a: Slowking|Trick Room|p2a: Slowking\n|-fieldstart|move: Trick Room|[of] p2a: Slowking\n|\n|upkeep\n|turn|2\n|inactive|CoffeeMoffee has 30 seconds left.\n|\n|t:|1776619267\n|switch|p2a: Primarina|Primarina, L50, F|100/100\n|move|p1a: Kingambit|Low Kick|p2b: Incineroar\n|-supereffective|p2b: Incineroar|1\n|-damage|p2b: Incineroar|3/100\n|-enditem|p2b: Incineroar|Sitrus Berry|[eat]\n|-heal|p2b: Incineroar|28/100|[from] item: Sitrus Berry\n|move|p2b: Incineroar|Parting Shot|p1b: Sneasler\n|-unboost|p1b: Sneasler|atk|1\n|-unboost|p1b: Sneasler|spa|1\n|\n|t:|1776619277\n|switch|p2b: Crabominable|Crabominable, L50, F|100/100|[from] Parting Shot\n|move|p1b: Sneasler|Close Combat|p2a: Primarina\n|-resisted|p2a: Primarina|1\n|-damage|p2a: Primarina|76/100\n|-unboost|p1b: Sneasler|def|1\n|-unboost|p1b: Sneasler|spd|1\n|\n|-heal|p2a: Primarina|82/100|[from] item: Leftovers\n|upkeep\n|turn|3\n|\n|t:|1776619298\n|switch|p1b: Basculegion|Basculegion, L50, M, shiny|100/100\n|detailschange|p2b: Crabominable|Crabominable-Mega, L50, F\n|-mega|p2b: Crabominable|Crabominable|Crabominite\n|move|p1a: Kingambit|Protect|p1a: Kingambit\n|-singleturn|p1a: Kingambit|Protect\n|move|p2b: Crabominable|Drain Punch|p1a: Kingambit\n|-activate|p1a: Kingambit|move: Protect\n|move|p2a: Primarina|Hyper Voice|p1a: Kingambit|[spread] p1b\n|-activate|p1a: Kingambit|move: Protect\n|-resisted|p1b: Basculegion|1\n|-damage|p1b: Basculegion|81/100\n|\n|-heal|p2a: Primarina|88/100|[from] item: Leftovers\n|upkeep\n|turn|4\n|inactive|CoffeeMoffee has 30 seconds left.\n|\n|t:|1776619329\n|switch|p1a: Sneasler|Sneasler, L50, M, shiny|100/100\n|move|p2b: Crabominable|Drain Punch|p1a: Sneasler\n|-resisted|p1a: Sneasler|1\n|-damage|p1a: Sneasler|46/100\n|move|p2a: Primarina|Moonblast|p1b: Basculegion\n|-damage|p1b: Basculegion|21/100\n|move|p1b: Basculegion|Wave Crash|p2b: Crabominable\n|-damage|p2b: Crabominable|32/100\n|-damage|p1b: Basculegion|1/100|[from] Recoil\n|\n|-heal|p2a: Primarina|94/100|[from] item: Leftovers\n|upkeep\n|turn|5\n|inactive|CoffeeMoffee has 30 seconds left.\n|inactive|CoffeeMoffee has 20 seconds left.\n|inactive|CoffeeMoffee has 15 seconds left.\n|inactive|CoffeeMoffee has 10 seconds left.\n|\n|t:|1776619377\n|switch|p2b: Incineroar|Incineroar, L50, F|28/100\n|-ability|p2b: Incineroar|Intimidate|boost\n|-unboost|p1a: Sneasler|atk|1\n|-unboost|p1b: Basculegion|atk|1\n|move|p1a: Sneasler|Fake Out|p2a: Primarina\n|-damage|p2a: Primarina|83/100\n|cant|p2a: Primarina|flinch\n|move|p1b: Basculegion|Wave Crash|p2b: Incineroar\n|-supereffective|p2b: Incineroar|1\n|-damage|p2b: Incineroar|0 fnt\n|faint|p2b: Incineroar\n|-damage|p1b: Basculegion|0 fnt|[from] Recoil\n|faint|p1b: Basculegion\n|\n|-heal|p2a: Primarina|89/100|[from] item: Leftovers\n|-fieldend|move: Trick Room\n|upkeep\n|\n|t:|1776619398\n|switch|p1b: Charizard|Charizard, L50, F, shiny|100/100\n|switch|p2b: Slowking|Slowking-Galar, L50, M|47/100\n|turn|6\n|inactive|CoffeeMoffee has 30 seconds left.\n|inactive|CoffeeMoffee has 20 seconds left.\n|\n|t:|1776619434\n|switch|p1a: Kingambit|Kingambit, L50, F, shiny|100/100\n|detailschange|p1b: Charizard|Charizard-Mega-Y, L50, F, shiny\n|-mega|p1b: Charizard|Charizard|Charizardite Y\n|-weather|SunnyDay|[from] ability: Drought|[of] p1b: Charizard\n|move|p1b: Charizard|Weather Ball|p2b: Slowking\n|-damage|p2b: Slowking|0 fnt\n|faint|p2b: Slowking\n|move|p2a: Primarina|Hyper Voice|p1b: Charizard|[spread] p1a,p1b\n|-supereffective|p1b: Charizard|1\n|-damage|p1a: Kingambit|81/100\n|-damage|p1b: Charizard|61/100\n|\n|-weather|SunnyDay|[upkeep]\n|-heal|p2a: Primarina|95/100|[from] item: Leftovers\n|upkeep\n|\n|t:|1776619443\n|switch|p2b: Crabominable|Crabominable-Mega, L50, F|32/100\n|turn|7\n|\n|t:|1776619457\n|move|p1b: Charizard|Solar Beam||[still]\n|-prepare|p1b: Charizard|Solar Beam\n|-anim|p1b: Charizard|Solar Beam|p2a: Primarina\n|-supereffective|p2a: Primarina|1\n|-damage|p2a: Primarina|1/100\n|move|p2a: Primarina|Hyper Voice|p1b: Charizard|[spread] p1a,p1b\n|-supereffective|p1b: Charizard|1\n|-damage|p1a: Kingambit|63/100\n|-damage|p1b: Charizard|22/100\n|move|p1a: Kingambit|Low Kick|p2b: Crabominable\n|-supereffective|p2b: Crabominable|1\n|-damage|p2b: Crabominable|0 fnt\n|faint|p2b: Crabominable\n|\n|-weather|SunnyDay|[upkeep]\n|-heal|p2a: Primarina|7/100|[from] item: Leftovers\n|upkeep\n|turn|8\n|-message|maturo forfeited.\n|\n|win|CoffeeMoffee\n|raw|CoffeeMoffee's rating: 1369 &rarr; <strong>1385</strong><br />(+16 for winning)\n|raw|maturo's rating: 1297 &rarr; <strong>1277</strong><br />(-20 for losing)\n|l|\u2606maturo\n|player|p2|\n",
  "uploadtime": 1776619473,
  "views": 17,
  "formatid": "gen9championsvgc2026regma",
  "rating": 1277,
  "private": 0,
  "password": null
}