{
  "id": "gen9championsvgc2026regma-2582363077",
  "format": "[Gen 9 Champions] VGC 2026 Reg M-A",
  "players": [
    "Braute",
    "kps8000"
  ],
  "log": "|j|\u2606Braute\n|j|\u2606kps8000\n|t:|1776086526\n|gametype|doubles\n|player|p1|Braute|miku-fire|1218\n|player|p2|kps8000|170|1161\n|gen|9\n|tier|[Gen 9 Champions] VGC 2026 Reg M-A\n|rated|\n|rule|Species Clause: Limit one of each Pok\u00e9mon\n|rule|Item Clause: Limit 1 of each item\n|clearpoke\n|poke|p1|Beedrill, L50, F|\n|poke|p1|Incineroar, L50, M|\n|poke|p1|Talonflame, L50, M|\n|poke|p1|Kingambit, L50, F|\n|poke|p1|Tyranitar, L50, M|\n|poke|p1|Excadrill, L50, M|\n|poke|p2|Hawlucha, L50, F|\n|poke|p2|Snorlax, L50, F|\n|poke|p2|Kingambit, L50, F|\n|poke|p2|Incineroar, L50, M|\n|poke|p2|Clawitzer, L50, M|\n|poke|p2|Abomasnow, L50, M|\n|teampreview|4\n|inactive|Battle timer is ON: inactive players will automatically lose when time's up. (requested by Braute)\n|\n|t:|1776086556\n|teamsize|p1|4\n|teamsize|p2|4\n|start\n|switch|p1a: Kingambit|Kingambit, L50, F, shiny|100/100\n|switch|p1b: Talonflame|Talonflame, L50, M|100/100\n|switch|p2a: Snorlax|Snorlax, L50, F|100/100\n|switch|p2b: Clawitzer|Clawitzer, L50, M|100/100\n|turn|1\n|\n|t:|1776086568\n|move|p1b: Talonflame|Tailwind|p1b: Talonflame\n|-sidestart|p1: Braute|move: Tailwind\n|move|p1a: Kingambit|Low Kick|p2a: Snorlax\n|-supereffective|p2a: Snorlax|1\n|-damage|p2a: Snorlax|33/100\n|-enditem|p2a: Snorlax|Sitrus Berry|[eat]\n|-heal|p2a: Snorlax|58/100|[from] item: Sitrus Berry\n|move|p2b: Clawitzer|Water Pulse|p1b: Talonflame\n|-supereffective|p1b: Talonflame|1\n|-damage|p1b: Talonflame|0 fnt\n|faint|p1b: Talonflame\n|move|p2a: Snorlax|Yawn|p1a: Kingambit\n|-start|p1a: Kingambit|move: Yawn|[of] p2a: Snorlax\n|\n|upkeep\n|\n|t:|1776086579\n|switch|p1b: Beedrill|Beedrill, L50, F, shiny|100/100\n|turn|2\n|\n|t:|1776086595\n|detailschange|p1b: Beedrill|Beedrill-Mega, L50, F, shiny\n|-mega|p1b: Beedrill|Beedrill|Beedrillite\n|move|p2a: Snorlax|Protect|p2a: Snorlax\n|-singleturn|p2a: Snorlax|Protect\n|move|p1b: Beedrill|Poison Jab|p2b: Clawitzer\n|-damage|p2b: Clawitzer|29/100\n|move|p1a: Kingambit|Low Kick|p2a: Snorlax\n|-activate|p2a: Snorlax|move: Protect\n|move|p2b: Clawitzer|Water Pulse|p1b: Beedrill\n|-damage|p1b: Beedrill|15/100\n|\n|-end|p1a: Kingambit|move: Yawn|[silent]\n|-status|p1a: Kingambit|slp\n|upkeep\n|turn|3\n|\n|t:|1776086612\n|move|p1b: Beedrill|U-turn|p2b: Clawitzer\n|-damage|p2b: Clawitzer|0 fnt\n|faint|p2b: Clawitzer\n|\n|t:|1776086615\n|switch|p1b: Excadrill|Excadrill, L50, M|100/100|[from] U-turn\n|cant|p1a: Kingambit|slp\n|move|p2a: Snorlax|Yawn|p1b: Excadrill\n|-start|p1b: Excadrill|move: Yawn|[of] p2a: Snorlax\n|\n|upkeep\n|\n|t:|1776086622\n|switch|p2b: Hawlucha|Hawlucha, L50, F|100/100\n|-ability|p2b: Hawlucha|Mold Breaker\n|turn|4\n|\n|t:|1776086642\n|detailschange|p2b: Hawlucha|Hawlucha-Mega, L50, F\n|-mega|p2b: Hawlucha|Hawlucha|Hawluchanite\n|move|p1b: Excadrill|Iron Head|p2b: Hawlucha\n|-damage|p2b: Hawlucha|55/100\n|move|p2b: Hawlucha|Entrainment|p2a: Snorlax\n|-ability|p2a: Snorlax|No Guard|Thick Fat|[from] move: Entrainment|[of] p2b: Hawlucha\n|-curestatus|p1a: Kingambit|slp|[msg]\n|move|p1a: Kingambit|Low Kick|p2a: Snorlax\n|-supereffective|p2a: Snorlax|1\n|-damage|p2a: Snorlax|0 fnt\n|faint|p2a: Snorlax\n|\n|-end|p1b: Excadrill|move: Yawn|[silent]\n|-status|p1b: Excadrill|slp\n|-sideend|p1: Braute|move: Tailwind\n|upkeep\n|\n|t:|1776086655\n|switch|p2a: Kingambit|Kingambit, L50, F|100/100\n|turn|5\n|\n|t:|1776086664\n|cant|p1b: Excadrill|slp\n|move|p1a: Kingambit|Protect|p1a: Kingambit\n|-singleturn|p1a: Kingambit|Protect\n|move|p2b: Hawlucha|Entrainment|p2a: Kingambit\n|-ability|p2a: Kingambit|No Guard|Defiant|[from] move: Entrainment|[of] p2b: Hawlucha\n|move|p2a: Kingambit|Guillotine|p1a: Kingambit\n|-activate|p1a: Kingambit|move: Protect\n|\n|upkeep\n|turn|6\n|inactive|kps8000 has 30 seconds left.\n|\n|t:|1776086692\n|move|p2b: Hawlucha|Close Combat|p1a: Kingambit\n|-supereffective|p1a: Kingambit|2\n|-damage|p1a: Kingambit|0 fnt\n|-unboost|p2b: Hawlucha|def|1\n|-unboost|p2b: Hawlucha|spd|1\n|faint|p1a: Kingambit\n|cant|p1b: Excadrill|slp\n|move|p2a: Kingambit|Guillotine|p1b: Excadrill\n|-enditem|p1b: Excadrill|Focus Sash\n|-damage|p1b: Excadrill|1/100 slp\n|\n|upkeep\n|\n|t:|1776086701\n|switch|p1a: Beedrill|Beedrill-Mega, L50, F, shiny|15/100\n|turn|7\n|\n|t:|1776086709\n|move|p2a: Kingambit|Sucker Punch|p1a: Beedrill\n|-damage|p1a: Beedrill|0 fnt\n|faint|p1a: Beedrill\n|move|p2b: Hawlucha|Dual Wingbeat|p1b: Excadrill\n|-resisted|p1b: Excadrill|1\n|-damage|p1b: Excadrill|0 fnt\n|faint|p1b: Excadrill\n|-hitcount|p1: Excadrill|1\n|\n|win|kps8000\n|raw|Braute's rating: 1218 &rarr; <strong>1189</strong><br />(-29 for losing)\n|raw|kps8000's rating: 1161 &rarr; <strong>1190</strong><br />(+29 for winning)\n",
  "uploadtime": 1776086709,
  "views": 35,
  "formatid": "gen9championsvgc2026regma",
  "rating": 1189,
  "private": 0,
  "password": null
}