{
  "id": "gen9championsvgc2026regma-2587374769",
  "format": "[Gen 9 Champions] VGC 2026 Reg M-A",
  "players": [
    "STNKYJ",
    "derutv"
  ],
  "log": "|j|\u2606STNKYJ\n|j|\u2606derutv\n|t:|1776526496\n|gametype|doubles\n|player|p1|STNKYJ|169|1157\n|player|p2|derutv|170|1225\n|gen|9\n|tier|[Gen 9 Champions] VGC 2026 Reg M-A\n|rated|\n|rule|Species Clause: Limit one of each Pok\u00e9mon\n|rule|Item Clause: Limit 1 of each item\n|clearpoke\n|poke|p1|Houndoom, L50, F|\n|poke|p1|Torkoal, L50, M|\n|poke|p1|Whimsicott, L50, F|\n|poke|p1|Farigiraf, L50, M|\n|poke|p1|Sinistcha, L50|\n|poke|p1|Drampa, L50, F|\n|poke|p2|Gengar, L50, F|\n|poke|p2|Incineroar, L50, F|\n|poke|p2|Politoed, L50, M|\n|poke|p2|Basculegion, L50, M|\n|poke|p2|Sinistcha, L50|\n|poke|p2|Floette-Eternal, L50, F|\n|teampreview|4\n|\n|t:|1776526526\n|teamsize|p1|4\n|teamsize|p2|4\n|start\n|switch|p1a: Houndoom|Houndoom, L50, F|100/100\n|switch|p1b: Torkoal|Torkoal, L50, M|100/100\n|switch|p2a: Gengar|Gengar, L50, F|100/100\n|switch|p2b: Basculegion|Basculegion, L50, M|100/100\n|-weather|SunnyDay|[from] ability: Drought|[of] p1b: Torkoal\n|turn|1\n|\n|t:|1776526568\n|switch|p1b: Farigiraf|Farigiraf, L50, M|100/100\n|detailschange|p2a: Gengar|Gengar-Mega, L50, F\n|-mega|p2a: Gengar|Gengar|Gengarite\n|move|p2a: Gengar|Protect|p2a: Gengar\n|-singleturn|p2a: Gengar|Protect\n|move|p1a: Houndoom|Protect|p1a: Houndoom\n|-singleturn|p1a: Houndoom|Protect\n|move|p2b: Basculegion|Flip Turn|p1b: Farigiraf\n|-damage|p1b: Farigiraf|85/100\n|\n|t:|1776526579\n|switch|p2b: Politoed|Politoed, L50, M|100/100|[from] Flip Turn\n|-weather|RainDance|[from] ability: Drizzle|[of] p2b: Politoed\n|\n|-weather|RainDance|[upkeep]\n|upkeep\n|turn|2\n|\n|t:|1776526609\n|switch|p2a: Incineroar|Incineroar, L50, F|100/100\n|-ability|p2a: Incineroar|Intimidate|boost\n|-unboost|p1a: Houndoom|atk|1\n|-unboost|p1b: Farigiraf|atk|1\n|detailschange|p1a: Houndoom|Houndoom-Mega, L50, F\n|-mega|p1a: Houndoom|Houndoom|Houndoominite\n|move|p1b: Farigiraf|Helping Hand|p1a: Houndoom\n|-singleturn|p1a: Houndoom|Helping Hand|[of] p1b: Farigiraf\n|move|p1a: Houndoom|Dark Pulse|p2a: Incineroar\n|-resisted|p2a: Incineroar|1\n|-damage|p2a: Incineroar|77/100\n|move|p2b: Politoed|Weather Ball|p1a: Houndoom\n|-supereffective|p1a: Houndoom|1\n|-damage|p1a: Houndoom|0 fnt\n|faint|p1a: Houndoom\n|\n|-weather|RainDance|[upkeep]\n|upkeep\n|\n|t:|1776526615\n|switch|p1a: Torkoal|Torkoal, L50, M|100/100\n|-weather|SunnyDay|[from] ability: Drought|[of] p1a: Torkoal\n|turn|3\n|\n|t:|1776526631\n|switch|p2b: Gengar|Gengar-Mega, L50, F|100/100\n|move|p2a: Incineroar|Parting Shot|p1a: Torkoal\n|-unboost|p1a: Torkoal|atk|1\n|-unboost|p1a: Torkoal|spa|1\n|\n|t:|1776526636\n|switch|p2a: Politoed|Politoed, L50, M|100/100|[from] Parting Shot\n|-weather|RainDance|[from] ability: Drizzle|[of] p2a: Politoed\n|move|p1a: Torkoal|Eruption|p2a: Politoed|[spread] p2a,p2b\n|-resisted|p2a: Politoed|1\n|-damage|p2a: Politoed|94/100\n|-damage|p2b: Gengar|81/100\n|move|p1b: Farigiraf|Trick Room|p1b: Farigiraf\n|-fieldstart|move: Trick Room|[of] p1b: Farigiraf\n|\n|-weather|RainDance|[upkeep]\n|-heal|p2a: Politoed|100/100|[from] item: Leftovers\n|upkeep\n|turn|4\n|\n|t:|1776526667\n|switch|p2b: Incineroar|Incineroar, L50, F|77/100\n|-ability|p2b: Incineroar|Intimidate|boost\n|-unboost|p1a: Torkoal|atk|1\n|-unboost|p1b: Farigiraf|atk|1\n|move|p1a: Torkoal|Protect|p1a: Torkoal\n|-singleturn|p1a: Torkoal|Protect\n|move|p1b: Farigiraf|Psychic|p2a: Politoed\n|-damage|p2a: Politoed|73/100\n|move|p2a: Politoed|Perish Song|p2a: Politoed\n|-start|p1a: Torkoal|perish3|[silent]\n|-start|p1b: Farigiraf|perish3|[silent]\n|-start|p2a: Politoed|perish3|[silent]\n|-start|p2b: Incineroar|perish3|[silent]\n|-fieldactivate|move: Perish Song\n|\n|-weather|RainDance|[upkeep]\n|-heal|p2a: Politoed|79/100|[from] item: Leftovers\n|-start|p1a: Torkoal|perish3\n|-start|p1b: Farigiraf|perish3\n|-start|p2b: Incineroar|perish3\n|-start|p2a: Politoed|perish3\n|upkeep\n|turn|5\n|\n|t:|1776526679\n|switch|p2a: Gengar|Gengar-Mega, L50, F|81/100\n|move|p1b: Farigiraf|Helping Hand|p1a: Torkoal\n|-singleturn|p1a: Torkoal|Helping Hand|[of] p1b: Farigiraf\n|move|p1a: Torkoal|Earth Power|p2b: Incineroar\n|-supereffective|p2b: Incineroar|1\n|-damage|p2b: Incineroar|38/100\n|move|p2b: Incineroar|Parting Shot|p1a: Torkoal\n|-unboost|p1a: Torkoal|atk|1\n|-unboost|p1a: Torkoal|spa|1\n|\n|t:|1776526688\n|switch|p2b: Politoed|Politoed, L50, M|79/100|[from] Parting Shot\n|\n|-weather|RainDance|[upkeep]\n|-heal|p2b: Politoed|85/100|[from] item: Leftovers\n|-start|p1a: Torkoal|perish2\n|-start|p1b: Farigiraf|perish2\n|upkeep\n|turn|6\n|\n|t:|1776526697\n|switch|p2b: Incineroar|Incineroar, L50, F|38/100\n|-ability|p2b: Incineroar|Intimidate|boost\n|-unboost|p1a: Torkoal|atk|1\n|-unboost|p1b: Farigiraf|atk|1\n|move|p2a: Gengar|Protect|p2a: Gengar\n|-singleturn|p2a: Gengar|Protect\n|move|p1a: Torkoal|Earth Power|p2b: Incineroar\n|-supereffective|p2b: Incineroar|1\n|-damage|p2b: Incineroar|19/100\n|move|p1b: Farigiraf|Psychic|p2b: Incineroar\n|-immune|p2b: Incineroar\n|\n|-weather|RainDance|[upkeep]\n|-start|p1a: Torkoal|perish1\n|-start|p1b: Farigiraf|perish1\n|upkeep\n|turn|7\n|\n|t:|1776526708\n|switch|p2a: Politoed|Politoed, L50, M|85/100\n|move|p1b: Farigiraf|Helping Hand|p1a: Torkoal\n|-singleturn|p1a: Torkoal|Helping Hand|[of] p1b: Farigiraf\n|move|p1a: Torkoal|Earth Power|p2b: Incineroar\n|-supereffective|p2b: Incineroar|1\n|-damage|p2b: Incineroar|0 fnt\n|faint|p2b: Incineroar\n|\n|-weather|none\n|-heal|p2a: Politoed|91/100|[from] item: Leftovers\n|-start|p1a: Torkoal|perish0\n|-start|p1b: Farigiraf|perish0\n|-fieldend|move: Trick Room\n|upkeep\n|faint|p1a: Torkoal\n|faint|p1b: Farigiraf\n|\n|t:|1776526714\n|switch|p1b: Drampa|Drampa, L50, F|100/100\n|switch|p2b: Gengar|Gengar-Mega, L50, F|81/100\n|-ability|p1b: Drampa|Cloud Nine\n|turn|8\n|\n|t:|1776526724\n|move|p2b: Gengar|Perish Song|p2b: Gengar\n|-start|p1b: Drampa|perish3|[silent]\n|-start|p2a: Politoed|perish3|[silent]\n|-start|p2b: Gengar|perish3|[silent]\n|-fieldactivate|move: Perish Song\n|move|p2a: Politoed|Icy Wind|p1b: Drampa\n|-supereffective|p1b: Drampa|1\n|-damage|p1b: Drampa|75/100\n|-unboost|p1b: Drampa|spe|1\n|move|p1b: Drampa|Thunderbolt|p2a: Politoed\n|-supereffective|p2a: Politoed|1\n|-damage|p2a: Politoed|39/100\n|\n|-heal|p2a: Politoed|45/100|[from] item: Leftovers\n|-start|p2b: Gengar|perish3\n|-start|p2a: Politoed|perish3\n|-start|p1b: Drampa|perish3\n|upkeep\n|turn|9\n|\n|t:|1776526737\n|move|p2b: Gengar|Disable|p1b: Drampa\n|-start|p1b: Drampa|Disable|Thunderbolt\n|move|p2a: Politoed|Perish Song||[still]\n|-fail|p2a: Politoed\n|move|p1b: Drampa|Focus Blast|p2a: Politoed\n|-damage|p2a: Politoed|11/100\n|\n|-heal|p2a: Politoed|17/100|[from] item: Leftovers\n|-start|p2b: Gengar|perish2\n|-start|p2a: Politoed|perish2\n|-start|p1b: Drampa|perish2\n|upkeep\n|turn|10\n|\n|t:|1776526750\n|move|p2b: Gengar|Protect|p2b: Gengar\n|-singleturn|p2b: Gengar|Protect\n|move|p2a: Politoed|Protect|p2a: Politoed\n|-singleturn|p2a: Politoed|Protect\n|move|p1b: Drampa|Hyper Voice|p2a: Politoed|[spread] \n|-activate|p2a: Politoed|move: Protect\n|-activate|p2b: Gengar|move: Protect\n|\n|-heal|p2a: Politoed|23/100|[from] item: Leftovers\n|-start|p2b: Gengar|perish1\n|-start|p2a: Politoed|perish1\n|-start|p1b: Drampa|perish1\n|upkeep\n|turn|11\n|\n|t:|1776526763\n|switch|p2b: Basculegion|Basculegion, L50, M|100/100\n|move|p2a: Politoed|Protect||[still]\n|-fail|p2a: Politoed\n|move|p1b: Drampa|Hyper Voice|p2a: Politoed|[spread] p2a\n|-immune|p2b: Basculegion\n|-damage|p2a: Politoed|0 fnt\n|faint|p2a: Politoed\n|\n|-start|p1b: Drampa|perish0\n|upkeep\n|faint|p1b: Drampa\n|\n|win|derutv\n|raw|STNKYJ's rating: 1157 &rarr; <strong>1137</strong><br />(-20 for losing)\n|raw|derutv's rating: 1225 &rarr; <strong>1245</strong><br />(+20 for winning)\n|l|\u2606derutv\n|player|p2|\n",
  "uploadtime": 1776526770,
  "views": 25,
  "formatid": "gen9championsvgc2026regma",
  "rating": 1137,
  "private": 0,
  "password": null
}