{
  "id": "gen9championsvgc2026regma-2580998394",
  "format": "[Gen 9 Champions] VGC 2026 Reg M-A",
  "players": [
    "mrpoopass",
    "Gonzacs"
  ],
  "log": "|j|\u2606mrpoopass\n|j|\u2606Gonzacs\n|t:|1775950322\n|gametype|doubles\n|player|p1|mrpoopass|blaine|1144\n|player|p2|Gonzacs|hilbert-wonderlauncher|1125\n|gen|9\n|tier|[Gen 9 Champions] VGC 2026 Reg M-A\n|rated|\n|rule|Species Clause: Limit one of each Pok\u00e9mon\n|rule|Item Clause: Limit 1 of each item\n|clearpoke\n|poke|p1|Scovillain, L50, F|\n|poke|p1|Tyranitar, L50, F|\n|poke|p1|Basculegion, L50, M|\n|poke|p1|Milotic, L50, F|\n|poke|p1|Excadrill, L50, M|\n|poke|p1|Sylveon, L50, M|\n|poke|p2|Talonflame, L50, M|\n|poke|p2|Garchomp, L50, M|\n|poke|p2|Rotom-Wash, L50|\n|poke|p2|Kingambit, L50, F|\n|poke|p2|Sinistcha, L50|\n|poke|p2|Floette-Eternal, L50, F|\n|teampreview|4\n|inactive|Battle timer is ON: inactive players will automatically lose when time's up. (requested by mrpoopass)\n|inactive|mrpoopass has 60 seconds left.\n|inactive|Gonzacs has 60 seconds left.\n|inactive|mrpoopass has 30 seconds left.\n|inactive|mrpoopass has 20 seconds left.\n|\n|t:|1775950395\n|teamsize|p1|4\n|teamsize|p2|4\n|start\n|switch|p1a: Scovillain|Scovillain, L50, F|100/100\n|switch|p1b: Sylveon|Sylveon, L50, M|100/100\n|switch|p2a: Talonflame|Talonflame, L50, M|100/100\n|switch|p2b: Garchomp|Garchomp, L50, M|100/100\n|turn|1\n|inactive|Gonzacs has 30 seconds left.\n|\n|t:|1775950425\n|move|p2b: Garchomp|Protect|p2b: Garchomp\n|-singleturn|p2b: Garchomp|Protect\n|move|p1b: Sylveon|Protect|p1b: Sylveon\n|-singleturn|p1b: Sylveon|Protect\n|move|p2a: Talonflame|Tailwind|p2a: Talonflame\n|-sidestart|p2: Gonzacs|move: Tailwind\n|move|p1a: Scovillain|Leech Seed|p2b: Garchomp\n|-activate|p2b: Garchomp|move: Protect\n|\n|-ability|p1a: Scovillain|Moody|boost\n|-boost|p1a: Scovillain|spe|2\n|-unboost|p1a: Scovillain|atk|1\n|upkeep\n|turn|2\n|\n|t:|1775950447\n|detailschange|p1a: Scovillain|Scovillain-Mega, L50, F\n|-mega|p1a: Scovillain|Scovillain|Scovillainite\n|move|p1a: Scovillain|Rage Powder|p1a: Scovillain\n|-singleturn|p1a: Scovillain|move: Rage Powder\n|move|p2a: Talonflame|Dual Wingbeat|p1a: Scovillain|[miss]\n|-miss|p2a: Talonflame|p1a: Scovillain\n|move|p2b: Garchomp|Rock Slide|p1a: Scovillain|[spread] p1a,p1b\n|-supereffective|p1a: Scovillain|1\n|-damage|p1a: Scovillain|66/100\n|-damage|p1b: Sylveon|75/100\n|-status|p2b: Garchomp|brn|[from] ability: Spicy Spray|[of] p1a: Scovillain\n|move|p1b: Sylveon|Hyper Voice|p2a: Talonflame|[spread] p2a,p2b\n|-resisted|p2a: Talonflame|1\n|-supereffective|p2b: Garchomp|1\n|-damage|p2a: Talonflame|64/100\n|-damage|p2b: Garchomp|0 fnt\n|faint|p2b: Garchomp\n|\n|upkeep\n|inactive|Gonzacs has 30 seconds left.\n|\n|t:|1775950473\n|switch|p2b: Kingambit|Kingambit, L50, F|100/100\n|turn|3\n|inactive|mrpoopass has 30 seconds left.\n|\n|t:|1775950501\n|move|p1a: Scovillain|Protect|p1a: Scovillain\n|-singleturn|p1a: Scovillain|Protect\n|move|p2b: Kingambit|Protect|p2b: Kingambit\n|-singleturn|p2b: Kingambit|Protect\n|move|p2a: Talonflame|Dual Wingbeat|p1a: Scovillain\n|-activate|p1a: Scovillain|move: Protect\n|move|p1b: Sylveon|Yawn|p2b: Kingambit\n|-activate|p2b: Kingambit|move: Protect\n|\n|upkeep\n|turn|4\n|\n|t:|1775950523\n|switch|p1a: Tyranitar|Tyranitar, L50, F|100/100\n|-weather|Sandstorm|[from] ability: Sand Stream|[of] p1a: Tyranitar\n|move|p2a: Talonflame|Dual Wingbeat|p1a: Tyranitar\n|-resisted|p1a: Tyranitar|1\n|-damage|p1a: Tyranitar|93/100\n|-resisted|p1a: Tyranitar|1\n|-damage|p1a: Tyranitar|87/100\n|-hitcount|p1a: Tyranitar|2\n|move|p2b: Kingambit|Iron Head|p1b: Sylveon\n|-supereffective|p1b: Sylveon|1\n|-damage|p1b: Sylveon|0 fnt\n|faint|p1b: Sylveon\n|\n|-weather|Sandstorm|[upkeep]\n|-damage|p2a: Talonflame|58/100|[from] Sandstorm\n|-sideend|p2: Gonzacs|move: Tailwind\n|upkeep\n|\n|t:|1775950539\n|switch|p1b: Excadrill|Excadrill, L50, M|100/100\n|turn|5\n|\n|t:|1775950560\n|move|p2b: Kingambit|Protect|p2b: Kingambit\n|-singleturn|p2b: Kingambit|Protect\n|move|p1b: Excadrill|Rock Slide|p2a: Talonflame|[spread] p2a\n|-activate|p2b: Kingambit|move: Protect\n|-supereffective|p2a: Talonflame|2\n|-damage|p2a: Talonflame|0 fnt\n|faint|p2a: Talonflame\n|move|p1a: Tyranitar|Rock Slide|p2b: Kingambit\n|-activate|p2b: Kingambit|move: Protect\n|\n|-weather|Sandstorm|[upkeep]\n|upkeep\n|\n|t:|1775950570\n|switch|p2a: Rotom|Rotom-Wash, L50|100/100\n|turn|6\n|\n|t:|1775950581\n|move|p1a: Tyranitar|Protect|p1a: Tyranitar\n|-singleturn|p1a: Tyranitar|Protect\n|move|p1b: Excadrill|Earthquake|p2a: Rotom|[spread] p2b\n|-activate|p1a: Tyranitar|move: Protect\n|-immune|p2a: Rotom|[from] ability: Levitate\n|-supereffective|p2b: Kingambit|1\n|-damage|p2b: Kingambit|35/100\n|move|p2a: Rotom|Hydro Pump|p1b: Excadrill\n|-supereffective|p1b: Excadrill|1\n|-enditem|p1b: Excadrill|Focus Sash\n|-damage|p1b: Excadrill|1/100\n|move|p2b: Kingambit|Iron Head|p1a: Tyranitar\n|-activate|p1a: Tyranitar|move: Protect\n|\n|-weather|Sandstorm|[upkeep]\n|-damage|p2a: Rotom|95/100|[from] Sandstorm\n|upkeep\n|turn|7\n|inactive|mrpoopass has 30 seconds left.\n|\n|t:|1775950613\n|move|p2a: Rotom|Protect|p2a: Rotom\n|-singleturn|p2a: Rotom|Protect\n|move|p2b: Kingambit|Sucker Punch|p1b: Excadrill\n|-damage|p1b: Excadrill|0 fnt\n|faint|p1b: Excadrill\n|move|p1a: Tyranitar|High Horsepower|p2b: Kingambit\n|-supereffective|p2b: Kingambit|1\n|-damage|p2b: Kingambit|0 fnt\n|faint|p2b: Kingambit\n|\n|-weather|Sandstorm|[upkeep]\n|-damage|p2a: Rotom|89/100|[from] Sandstorm\n|upkeep\n|\n|t:|1775950617\n|switch|p1b: Scovillain|Scovillain-Mega, L50, F|66/100\n|turn|8\n|\n|t:|1775950628\n|move|p1b: Scovillain|Rage Powder|p1b: Scovillain\n|-singleturn|p1b: Scovillain|move: Rage Powder\n|move|p2a: Rotom|Hydro Pump|p1b: Scovillain\n|-damage|p1b: Scovillain|20/100\n|-status|p2a: Rotom|brn|[from] ability: Spicy Spray|[of] p1b: Scovillain\n|move|p1a: Tyranitar|Knock Off|p2a: Rotom\n|-damage|p2a: Rotom|33/100 brn\n|-enditem|p2a: Rotom|Sitrus Berry|[from] move: Knock Off|[of] p1a: Tyranitar\n|\n|-weather|none\n|-damage|p2a: Rotom|27/100 brn|[from] brn\n|upkeep\n|turn|9\n|\n|t:|1775950640\n|move|p2a: Rotom|Hydro Pump|p1a: Tyranitar\n|-supereffective|p1a: Tyranitar|1\n|-damage|p1a: Tyranitar|8/100\n|move|p1b: Scovillain|Leech Seed|p2a: Rotom\n|-start|p2a: Rotom|move: Leech Seed\n|move|p1a: Tyranitar|Knock Off|p2a: Rotom\n|-damage|p2a: Rotom|0 fnt\n|faint|p2a: Rotom\n|\n|win|mrpoopass\n|raw|mrpoopass's rating: 1144 &rarr; <strong>1168</strong><br />(+24 for winning)\n|raw|Gonzacs's rating: 1125 &rarr; <strong>1101</strong><br />(-24 for losing)\n|l|\u2606Gonzacs\n|player|p2|\n",
  "uploadtime": 1775950648,
  "views": 29,
  "formatid": "gen9championsvgc2026regma",
  "rating": 1101,
  "private": 0,
  "password": null
}