{
  "id": "gen9championsvgc2026regma-2582014622",
  "format": "[Gen 9 Champions] VGC 2026 Reg M-A",
  "players": [
    "Dratanex",
    "SwirledX"
  ],
  "log": "|j|\u2606Dratanex\n|j|\u2606SwirledX\n|t:|1776048462\n|gametype|doubles\n|player|p1|Dratanex|swimmer-gen4|1102\n|player|p2|SwirledX|102|1041\n|gen|9\n|tier|[Gen 9 Champions] VGC 2026 Reg M-A\n|rated|\n|rule|Species Clause: Limit one of each Pok\u00e9mon\n|rule|Item Clause: Limit 1 of each item\n|clearpoke\n|poke|p1|Sableye, L50, F|\n|poke|p1|Dragapult, L50, M|\n|poke|p1|Kingambit, L50, F|\n|poke|p1|Garchomp, L50, F|\n|poke|p1|Meowscarada, L50, F|\n|poke|p1|Incineroar, L50, F|\n|poke|p2|Charizard, L50, F|\n|poke|p2|Venusaur, L50, M|\n|poke|p2|Garchomp, L50, M|\n|poke|p2|Rotom-Wash, L50|\n|poke|p2|Sneasler, L50, F|\n|poke|p2|Incineroar, L50, F|\n|teampreview|4\n|inactive|Battle timer is ON: inactive players will automatically lose when time's up. (requested by Dratanex)\n|inactive|SwirledX has 60 seconds left.\n|\n|t:|1776048526\n|teamsize|p1|4\n|teamsize|p2|4\n|start\n|switch|p1a: Sableye|Sableye, L50, F|100/100\n|switch|p1b: Garchomp|Garchomp, L50, F|100/100\n|switch|p2a: Incineroar|Incineroar, L50, F|100/100\n|switch|p2b: Sneasler|Sneasler, L50, F|100/100\n|-ability|p2a: Incineroar|Intimidate|boost\n|-unboost|p1a: Sableye|atk|1\n|-unboost|p1b: Garchomp|atk|1\n|turn|1\n|inactive|SwirledX has 30 seconds left.\n|\n|t:|1776048556\n|move|p1a: Sableye|Protect|p1a: Sableye\n|-singleturn|p1a: Sableye|Protect\n|move|p1b: Garchomp|Protect|p1b: Garchomp\n|-singleturn|p1b: Garchomp|Protect\n|move|p2b: Sneasler|Fake Out|p1b: Garchomp\n|-activate|p1b: Garchomp|move: Protect\n|move|p2a: Incineroar|Flare Blitz|p1a: Sableye\n|-activate|p1a: Sableye|move: Protect\n|\n|upkeep\n|turn|2\n|inactive|Dratanex has 30 seconds left.\n|inactive|SwirledX has 30 seconds left.\n|inactive|SwirledX has 20 seconds left.\n|inactive|SwirledX has 15 seconds left.\n|\n|t:|1776048600\n|switch|p2b: Garchomp|Garchomp, L50, M|100/100\n|move|p1a: Sableye|Encore||[still]\n|-fail|p1a: Sableye\n|move|p1b: Garchomp|Rock Slide|p2b: Garchomp|[spread] p2a\n|-miss|p1b: Garchomp|p2b: Garchomp\n|-supereffective|p2a: Incineroar|1\n|-damage|p2a: Incineroar|75/100\n|move|p2a: Incineroar|Flare Blitz|p1a: Sableye\n|-damage|p1a: Sableye|14/100\n|-damage|p2a: Incineroar|52/100|[from] Recoil\n|\n|upkeep\n|turn|3\n|\n|t:|1776048621\n|move|p1a: Sableye|Protect|p1a: Sableye\n|-singleturn|p1a: Sableye|Protect\n|move|p2b: Garchomp|Dragon Claw|p1b: Garchomp\n|-supereffective|p1b: Garchomp|1\n|-damage|p1b: Garchomp|21/100\n|-damage|p2b: Garchomp|88/100|[from] ability: Rough Skin|[of] p1b: Garchomp\n|move|p1b: Garchomp|Earthquake|p2a: Incineroar|[spread] p2a,p2b\n|-activate|p1a: Sableye|move: Protect\n|-supereffective|p2a: Incineroar|1\n|-damage|p2a: Incineroar|0 fnt\n|-damage|p2b: Garchomp|58/100\n|faint|p2a: Incineroar\n|\n|upkeep\n|\n|t:|1776048636\n|switch|p2a: Charizard|Charizard, L50, F|100/100\n|turn|4\n|\n|t:|1776048651\n|detailschange|p2a: Charizard|Charizard-Mega-Y, L50, F\n|-mega|p2a: Charizard|Charizard|Charizardite Y\n|-weather|SunnyDay|[from] ability: Drought|[of] p2a: Charizard\n|move|p1a: Sableye|Disable|p2b: Garchomp\n|-start|p2b: Garchomp|Disable|Dragon Claw\n|cant|p2b: Garchomp|Disable|Dragon Claw\n|move|p1b: Garchomp|Dragon Claw|p2b: Garchomp\n|-supereffective|p2b: Garchomp|1\n|-damage|p2b: Garchomp|5/100\n|-damage|p1b: Garchomp|9/100|[from] ability: Rough Skin|[of] p2b: Garchomp\n|move|p2a: Charizard|Heat Wave|p1b: Garchomp|[spread] p1a,p1b\n|-resisted|p1b: Garchomp|1\n|-damage|p1a: Sableye|0 fnt\n|-damage|p1b: Garchomp|0 fnt\n|faint|p1a: Sableye\n|faint|p1b: Garchomp\n|\n|-weather|SunnyDay|[upkeep]\n|upkeep\n|\n|t:|1776048667\n|switch|p1b: Meowscarada|Meowscarada, L50, F|100/100\n|switch|p1a: Kingambit|Kingambit, L50, F|100/100\n|-activate|p1a: Kingambit|ability: Supreme Overlord\n|-start|p1a: Kingambit|fallen2|[silent]\n|turn|5\n|inactive|SwirledX has 30 seconds left.\n|\n|t:|1776048693\n|move|p1b: Meowscarada|Protect|p1b: Meowscarada\n|-start|p1b: Meowscarada|typechange|Normal|[from] ability: Protean\n|-singleturn|p1b: Meowscarada|Protect\n|move|p1a: Kingambit|Protect|p1a: Kingambit\n|-singleturn|p1a: Kingambit|Protect\n|-activate|p2b: Garchomp|move: Struggle\n|move|p2b: Garchomp|Struggle|p1b: Meowscarada\n|-activate|p1b: Meowscarada|move: Protect\n|move|p2a: Charizard|Heat Wave|p1b: Meowscarada|[spread] \n|-activate|p1a: Kingambit|move: Protect\n|-activate|p1b: Meowscarada|move: Protect\n|\n|-weather|SunnyDay|[upkeep]\n|upkeep\n|turn|6\n|\n|t:|1776048717\n|-activate|p2b: Garchomp|move: Struggle\n|move|p2b: Garchomp|Struggle|p1a: Kingambit\n|-damage|p1a: Kingambit|88/100\n|-damage|p2b: Garchomp|0 fnt|[from] recoil\n|faint|p2b: Garchomp\n|move|p1b: Meowscarada|Knock Off|p2a: Charizard\n|-damage|p2a: Charizard|73/100\n|move|p2a: Charizard|Heat Wave|p1a: Kingambit|[spread] p1a,p1b\n|-supereffective|p1a: Kingambit|1\n|-damage|p1a: Kingambit|0 fnt\n|-damage|p1b: Meowscarada|7/100\n|faint|p1a: Kingambit\n|-end|p1a: Kingambit|fallen2|[silent]\n|\n|-weather|SunnyDay|[upkeep]\n|upkeep\n|-message|Dratanex forfeited.\n|\n|win|SwirledX\n|raw|Dratanex's rating: 1102 &rarr; <strong>1073</strong><br />(-29 for losing)\n|raw|SwirledX's rating: 1041 &rarr; <strong>1081</strong><br />(+40 for winning)\n|l|\u2606Dratanex\n|player|p1|\n",
  "uploadtime": 1776048738,
  "views": 19,
  "formatid": "gen9championsvgc2026regma",
  "rating": 1073,
  "private": 0,
  "password": null
}