{
  "id": "gen9championsvgc2026regma-2586462421",
  "format": "[Gen 9 Champions] VGC 2026 Reg M-A",
  "players": [
    "campeondelfitness",
    "elaba5"
  ],
  "log": "|j|\u2606campeondelfitness\n|j|\u2606elaba5\n|t:|1776436378\n|gametype|doubles\n|player|p1|campeondelfitness|swimmer|1306\n|player|p2|elaba5|101|1307\n|gen|9\n|tier|[Gen 9 Champions] VGC 2026 Reg M-A\n|rated|\n|rule|Species Clause: Limit one of each Pok\u00e9mon\n|rule|Item Clause: Limit 1 of each item\n|clearpoke\n|poke|p1|Tyranitar, L50, M|\n|poke|p1|Garchomp, L50, M|\n|poke|p1|Heliolisk, L50, M|\n|poke|p1|Rotom-Heat, L50|\n|poke|p1|Orthworm, L50, M|\n|poke|p1|Aerodactyl, L50, F|\n|poke|p2|Hydreigon, L50, M|\n|poke|p2|Milotic, L50, M|\n|poke|p2|Aerodactyl, L50, M|\n|poke|p2|Volcarona, L50, M|\n|poke|p2|Froslass, L50, F|\n|poke|p2|Sneasler, L50, F|\n|teampreview|4\n|inactive|Battle timer is ON: inactive players will automatically lose when time's up. (requested by campeondelfitness)\n|inactive|campeondelfitness has 60 seconds left.\n|inactive|elaba5 has 60 seconds left.\n|inactive|campeondelfitness has 30 seconds left.\n|inactive|elaba5 has 30 seconds left.\n|inactive|campeondelfitness has 20 seconds left.\n|\n|t:|1776436449\n|teamsize|p1|4\n|teamsize|p2|4\n|start\n|switch|p1a: Aerodactyl|Aerodactyl, L50, F|100/100\n|switch|p1b: Rotom|Rotom-Heat, L50|100/100\n|switch|p2a: Milotic|Milotic, L50, M, shiny|100/100\n|switch|p2b: Sneasler|Sneasler, L50, F, shiny|100/100\n|-ability|p1a: Aerodactyl|Unnerve\n|turn|1\n|inactive|campeondelfitness has 30 seconds left.\n|\n|t:|1776436481\n|move|p1a: Aerodactyl|Wide Guard|p1a: Aerodactyl\n|-singleturn|p1a: Aerodactyl|Wide Guard\n|move|p2b: Sneasler|Fake Out|p1a: Aerodactyl\n|-resisted|p1a: Aerodactyl|1\n|-damage|p1a: Aerodactyl|91/100\n|move|p1b: Rotom|Will-O-Wisp|p2b: Sneasler\n|-status|p2b: Sneasler|brn\n|move|p2a: Milotic|Scald|p1a: Aerodactyl\n|-supereffective|p1a: Aerodactyl|1\n|-damage|p1a: Aerodactyl|9/100\n|\n|-damage|p2b: Sneasler|95/100 brn|[from] brn\n|upkeep\n|turn|2\n|inactive|campeondelfitness has 30 seconds left.\n|inactive|elaba5 has 30 seconds left.\n|inactive|elaba5 has 20 seconds left.\n|\n|t:|1776436517\n|switch|p1a: Garchomp|Garchomp, L50, M|100/100\n|move|p2b: Sneasler|Dire Claw|p1a: Garchomp\n|-resisted|p1a: Garchomp|1\n|-damage|p1a: Garchomp|91/100\n|move|p1b: Rotom|Discharge|p2b: Sneasler|[spread] p2a,p2b\n|-immune|p1a: Garchomp\n|-supereffective|p2a: Milotic|1\n|-damage|p2a: Milotic|67/100\n|-damage|p2b: Sneasler|62/100 brn\n|move|p2a: Milotic|Scald|p1b: Rotom\n|-supereffective|p1b: Rotom|1\n|-damage|p1b: Rotom|32/100\n|\n|-damage|p2b: Sneasler|56/100 brn|[from] brn\n|upkeep\n|turn|3\n|inactive|campeondelfitness has 30 seconds left.\n|\n|t:|1776436545\n|switch|p2b: Froslass|Froslass, L50, F|100/100\n|switch|p1b: Tyranitar|Tyranitar, L50, M|100/100\n|-weather|Sandstorm|[from] ability: Sand Stream|[of] p1b: Tyranitar\n|move|p1a: Garchomp|Protect|p1a: Garchomp\n|-singleturn|p1a: Garchomp|Protect\n|move|p2a: Milotic|Protect||[still]\n|-fail|p2a: Milotic\n|\n|-weather|Sandstorm|[upkeep]\n|-damage|p2b: Froslass|94/100|[from] Sandstorm\n|-damage|p2a: Milotic|61/100|[from] Sandstorm\n|upkeep\n|turn|4\n|inactive|campeondelfitness has 30 seconds left.\n|\n|t:|1776436578\n|switch|p1a: Rotom|Rotom-Heat, L50|32/100\n|switch|p2a: Sneasler|Sneasler, L50, F, shiny|56/100 brn\n|move|p2b: Froslass|Protect|p2b: Froslass\n|-singleturn|p2b: Froslass|Protect\n|move|p1b: Tyranitar|Knock Off|p2b: Froslass\n|-activate|p2b: Froslass|move: Protect\n|\n|-weather|Sandstorm|[upkeep]\n|-damage|p2a: Sneasler|50/100 brn|[from] Sandstorm\n|-damage|p2b: Froslass|88/100|[from] Sandstorm\n|-damage|p1a: Rotom|26/100|[from] Sandstorm\n|-damage|p2a: Sneasler|44/100 brn|[from] brn\n|upkeep\n|turn|5\n|inactive|campeondelfitness has 30 seconds left.\n|\n|t:|1776436607\n|detailschange|p2b: Froslass|Froslass-Mega, L50, F\n|-mega|p2b: Froslass|Froslass|Froslassite\n|-weather|Snowscape|[from] ability: Snow Warning|[of] p2b: Froslass\n|move|p2a: Sneasler|Fake Out|p1b: Tyranitar\n|-resisted|p1b: Tyranitar|1\n|-damage|p1b: Tyranitar|98/100\n|move|p2b: Froslass|Shadow Ball|p1a: Rotom\n|-damage|p1a: Rotom|0 fnt\n|faint|p1a: Rotom\n|cant|p1b: Tyranitar|flinch\n|\n|-weather|Snowscape|[upkeep]\n|-damage|p2a: Sneasler|39/100 brn|[from] brn\n|upkeep\n|\n|t:|1776436618\n|switch|p1a: Aerodactyl|Aerodactyl, L50, F|9/100\n|-ability|p1a: Aerodactyl|Unnerve\n|turn|6\n|\n|t:|1776436639\n|move|p2b: Froslass|Protect|p2b: Froslass\n|-singleturn|p2b: Froslass|Protect\n|move|p1a: Aerodactyl|Tailwind|p1a: Aerodactyl\n|-sidestart|p1: campeondelfitness|move: Tailwind\n|move|p2a: Sneasler|Dire Claw|p1a: Aerodactyl\n|-resisted|p1a: Aerodactyl|1\n|-crit|p1a: Aerodactyl\n|-damage|p1a: Aerodactyl|0 fnt\n|faint|p1a: Aerodactyl\n|move|p1b: Tyranitar|Icy Wind|p2a: Sneasler|[spread] p2a\n|-activate|p2b: Froslass|move: Protect\n|-damage|p2a: Sneasler|26/100 brn\n|-unboost|p2a: Sneasler|spe|1\n|-enditem|p2a: Sneasler|White Herb\n|-clearnegativeboost|p2a: Sneasler|[silent]\n|\n|-weather|Snowscape|[upkeep]\n|-damage|p2a: Sneasler|20/100 brn|[from] brn\n|upkeep\n|\n|t:|1776436654\n|switch|p1a: Garchomp|Garchomp, L50, M|91/100\n|turn|7\n|inactive|campeondelfitness has 30 seconds left.\n|\n|t:|1776436680\n|switch|p2b: Aerodactyl|Aerodactyl, L50, M, shiny|100/100\n|-ability|p2b: Aerodactyl|Unnerve\n|detailschange|p1a: Garchomp|Garchomp-Mega, L50, M\n|-mega|p1a: Garchomp|Garchomp|Garchompite\n|move|p1b: Tyranitar|Helping Hand|p1a: Garchomp\n|-singleturn|p1a: Garchomp|Helping Hand|[of] p1b: Tyranitar\n|move|p2a: Sneasler|Close Combat|p1b: Tyranitar\n|-supereffective|p1b: Tyranitar|2\n|-damage|p1b: Tyranitar|16/100\n|-unboost|p2a: Sneasler|def|1\n|-unboost|p2a: Sneasler|spd|1\n|move|p1a: Garchomp|Dragon Claw|p2b: Aerodactyl\n|-crit|p2b: Aerodactyl\n|-enditem|p2b: Aerodactyl|Focus Sash\n|-damage|p2b: Aerodactyl|1/100\n|\n|-weather|Snowscape|[upkeep]\n|-damage|p2a: Sneasler|14/100 brn|[from] brn\n|upkeep\n|turn|8\n|inactive|campeondelfitness has 30 seconds left.\n|inactive|elaba5 has 30 seconds left.\n|\n|t:|1776436714\n|switch|p2b: Milotic|Milotic, L50, M, shiny|61/100\n|move|p2a: Sneasler|Close Combat|p1b: Tyranitar\n|-supereffective|p1b: Tyranitar|2\n|-damage|p1b: Tyranitar|0 fnt\n|-unboost|p2a: Sneasler|def|1\n|-unboost|p2a: Sneasler|spd|1\n|faint|p1b: Tyranitar\n|move|p1a: Garchomp|Dragon Claw|p2a: Sneasler\n|-damage|p2a: Sneasler|0 fnt\n|faint|p2a: Sneasler\n|\n|-weather|Snowscape|[upkeep]\n|upkeep\n|\n|t:|1776436730\n|switch|p2a: Aerodactyl|Aerodactyl, L50, M, shiny|1/100\n|-ability|p2a: Aerodactyl|Unnerve\n|turn|9\n|\n|t:|1776436735\n|move|p1a: Garchomp|Dragon Claw|p2a: Aerodactyl\n|-damage|p2a: Aerodactyl|0 fnt\n|faint|p2a: Aerodactyl\n|move|p2b: Milotic|Blizzard|p1a: Garchomp\n|-supereffective|p1a: Garchomp|2\n|-crit|p1a: Garchomp\n|-damage|p1a: Garchomp|0 fnt\n|faint|p1a: Garchomp\n|\n|win|elaba5\n|raw|campeondelfitness's rating: 1306 &rarr; <strong>1286</strong><br />(-20 for losing)\n|raw|elaba5's rating: 1307 &rarr; <strong>1327</strong><br />(+20 for winning)\n",
  "uploadtime": 1776436744,
  "views": 48,
  "formatid": "gen9championsvgc2026regma",
  "rating": 1286,
  "private": 0,
  "password": null
}