{
  "id": "gen9championsvgc2026regma-2585716754",
  "format": "[Gen 9 Champions] VGC 2026 Reg M-A",
  "players": [
    "Daniarceus",
    "prawnwizard"
  ],
  "log": "|j|\u2606Daniarceus\n|j|\u2606prawnwizard\n|t:|1776365714\n|gametype|doubles\n|player|p1|Daniarceus|170|1397\n|player|p2|prawnwizard|harlequin|1406\n|gen|9\n|tier|[Gen 9 Champions] VGC 2026 Reg M-A\n|rated|\n|rule|Species Clause: Limit one of each Pok\u00e9mon\n|rule|Item Clause: Limit 1 of each item\n|clearpoke\n|poke|p1|Aerodactyl, L50, M|\n|poke|p1|Incineroar, L50, M|\n|poke|p1|Floette-Eternal, L50, F|\n|poke|p1|Basculegion, L50, M|\n|poke|p1|Garchomp, L50, M|\n|poke|p1|Sneasler, L50, M|\n|poke|p2|Goodra-Hisui, L50, F|\n|poke|p2|Sinistcha, L50|\n|poke|p2|Incineroar, L50, M|\n|poke|p2|Scovillain, L50, M|\n|poke|p2|Politoed, L50, M|\n|poke|p2|Sableye, L50, F|\n|teampreview|4\n|inactive|Battle timer is ON: inactive players will automatically lose when time's up. (requested by prawnwizard)\n|inactive|Daniarceus has 60 seconds left.\n|\n|t:|1776365749\n|teamsize|p1|4\n|teamsize|p2|4\n|start\n|switch|p1a: Aerodactyl|Aerodactyl, L50, M|100/100\n|switch|p1b: Floette|Floette-Eternal, L50, F|100/100\n|switch|p2a: Scovillain|Scovillain, L50, M|100/100\n|switch|p2b: Goodra|Goodra-Hisui, L50, F|100/100\n|-ability|p1a: Aerodactyl|Unnerve\n|turn|1\n|\n|t:|1776365764\n|detailschange|p2a: Scovillain|Scovillain-Mega, L50, M\n|-mega|p2a: Scovillain|Scovillain|Scovillainite\n|move|p1b: Floette|Protect|p1b: Floette\n|-singleturn|p1b: Floette|Protect\n|move|p1a: Aerodactyl|Tailwind|p1a: Aerodactyl\n|-sidestart|p1: Daniarceus|move: Tailwind\n|move|p2a: Scovillain|Flamethrower|p1b: Floette\n|-activate|p1b: Floette|move: Protect\n|move|p2b: Goodra|Shelter|p2b: Goodra\n|-boost|p2b: Goodra|def|2\n|\n|upkeep\n|turn|2\n|\n|t:|1776365788\n|detailschange|p1b: Floette|Floette-Mega, L50, F\n|-mega|p1b: Floette|Floette|Floettite\n|-ability|p1b: Floette|Fairy Aura\n|move|p1a: Aerodactyl|Dual Wingbeat|p2a: Scovillain\n|-supereffective|p2a: Scovillain|1\n|-damage|p2a: Scovillain|54/100\n|-status|p1a: Aerodactyl|brn|[from] ability: Spicy Spray|[of] p2a: Scovillain\n|-supereffective|p2a: Scovillain|1\n|-damage|p2a: Scovillain|34/100\n|-hitcount|p2a: Scovillain|2\n|move|p1b: Floette|Dazzling Gleam|p2b: Goodra|[spread] p2a,p2b\n|-resisted|p2a: Scovillain|1\n|-damage|p2a: Scovillain|10/100\n|-damage|p2b: Goodra|69/100\n|-status|p1b: Floette|brn|[from] ability: Spicy Spray|[of] p2a: Scovillain\n|move|p2a: Scovillain|Flamethrower|p1b: Floette\n|-damage|p1b: Floette|63/100 brn\n|move|p2b: Goodra|Shelter|p2b: Goodra\n|-boost|p2b: Goodra|def|2\n|\n|-heal|p2b: Goodra|75/100|[from] item: Leftovers\n|-damage|p1a: Aerodactyl|95/100 brn|[from] brn\n|-damage|p1b: Floette|57/100 brn|[from] brn\n|upkeep\n|turn|3\n|\n|t:|1776365807\n|move|p1a: Aerodactyl|Rock Slide|p2a: Scovillain|[spread] p2a,p2b\n|-supereffective|p2a: Scovillain|1\n|-resisted|p2b: Goodra|1\n|-damage|p2a: Scovillain|0 fnt\n|-damage|p2b: Goodra|74/100\n|faint|p2a: Scovillain\n|move|p1b: Floette|Light of Ruin|p2b: Goodra\n|-damage|p2b: Goodra|4/100\n|-damage|p1b: Floette|14/100 brn|[from] Recoil\n|cant|p2b: Goodra|flinch\n|\n|-heal|p2b: Goodra|10/100|[from] item: Leftovers\n|-damage|p1a: Aerodactyl|89/100 brn|[from] brn\n|-damage|p1b: Floette|8/100 brn|[from] brn\n|upkeep\n|\n|t:|1776365811\n|switch|p2a: Sinistcha|Sinistcha, L50|100/100\n|-heal|p2b: Goodra|35/100|[from] ability: Hospitality|[of] p2a: Sinistcha\n|turn|4\n|\n|t:|1776365819\n|move|p2b: Goodra|Protect|p2b: Goodra\n|-singleturn|p2b: Goodra|Protect\n|move|p1a: Aerodactyl|Rock Slide|p2b: Goodra|[spread] p2a\n|-activate|p2b: Goodra|move: Protect\n|-damage|p2a: Sinistcha|92/100\n|move|p1b: Floette|Dazzling Gleam|p2b: Goodra|[spread] p2a\n|-activate|p2b: Goodra|move: Protect\n|-damage|p2a: Sinistcha|33/100\n|move|p2a: Sinistcha|Life Dew|p2a: Sinistcha|[spread] p2a,p2b\n|-heal|p2a: Sinistcha|58/100\n|-heal|p2b: Goodra|60/100\n|\n|-heal|p2b: Goodra|66/100|[from] item: Leftovers\n|-damage|p1a: Aerodactyl|83/100 brn|[from] brn\n|-damage|p1b: Floette|2/100 brn|[from] brn\n|-sideend|p1: Daniarceus|move: Tailwind\n|upkeep\n|turn|5\n|\n|t:|1776365831\n|move|p1a: Aerodactyl|Dual Wingbeat|p2a: Sinistcha\n|-supereffective|p2a: Sinistcha|1\n|-damage|p2a: Sinistcha|46/100\n|-supereffective|p2a: Sinistcha|1\n|-damage|p2a: Sinistcha|34/100\n|-hitcount|p2a: Sinistcha|2\n|move|p1b: Floette|Dazzling Gleam|p2a: Sinistcha|[spread] p2a,p2b\n|-damage|p2a: Sinistcha|0 fnt\n|-damage|p2b: Goodra|34/100\n|faint|p2a: Sinistcha\n|move|p2b: Goodra|Life Dew|p2b: Goodra\n|-heal|p2b: Goodra|59/100\n|\n|-heal|p2b: Goodra|65/100|[from] item: Leftovers\n|-damage|p1a: Aerodactyl|77/100 brn|[from] brn\n|-damage|p1b: Floette|0 fnt|[from] brn\n|faint|p1b: Floette\n|upkeep\n|\n|t:|1776365837\n|switch|p1b: Sneasler|Sneasler, L50, M|100/100\n|switch|p2a: Sableye|Sableye, L50, F|100/100\n|turn|6\n|\n|t:|1776365855\n|move|p1a: Aerodactyl|Protect|p1a: Aerodactyl\n|-singleturn|p1a: Aerodactyl|Protect\n|move|p1b: Sneasler|Protect|p1b: Sneasler\n|-singleturn|p1b: Sneasler|Protect\n|move|p2a: Sableye|Quash|p1b: Sneasler\n|-activate|p1b: Sneasler|move: Protect\n|move|p2b: Goodra|Body Press|p1b: Sneasler\n|-activate|p1b: Sneasler|move: Protect\n|\n|-heal|p2b: Goodra|71/100|[from] item: Leftovers\n|-damage|p1a: Aerodactyl|71/100 brn|[from] brn\n|upkeep\n|turn|7\n|\n|t:|1776365874\n|move|p2a: Sableye|Encore|p1b: Sneasler\n|-start|p1b: Sneasler|Encore\n|move|p1b: Sneasler|Protect||[still]\n|-fail|p1b: Sneasler\n|move|p1a: Aerodactyl|Rock Slide|p2a: Sableye|[spread] p2a,p2b\n|-resisted|p2b: Goodra|1\n|-damage|p2a: Sableye|85/100\n|-damage|p2b: Goodra|69/100\n|move|p2b: Goodra|Shelter|p2b: Goodra\n|-boost|p2b: Goodra|def|2\n|\n|-heal|p2b: Goodra|75/100|[from] item: Leftovers\n|-damage|p1a: Aerodactyl|66/100 brn|[from] brn\n|upkeep\n|turn|8\n|\n|t:|1776365887\n|switch|p1b: Garchomp|Garchomp, L50, M|100/100\n|move|p2a: Sableye|Quash|p1a: Aerodactyl\n|-activate|p1a: Aerodactyl|move: Quash\n|move|p2b: Goodra|Body Press|p1a: Aerodactyl\n|-damage|p1a: Aerodactyl|0 fnt\n|faint|p1a: Aerodactyl\n|\n|-heal|p2b: Goodra|81/100|[from] item: Leftovers\n|upkeep\n|\n|t:|1776365890\n|switch|p1a: Sneasler|Sneasler, L50, M|100/100\n|turn|9\n|\n|t:|1776365903\n|move|p2b: Goodra|Protect|p2b: Goodra\n|-singleturn|p2b: Goodra|Protect\n|move|p1a: Sneasler|Close Combat|p2b: Goodra\n|-activate|p2b: Goodra|move: Protect\n|move|p1b: Garchomp|Earthquake|p2b: Goodra|[spread] p1a,p2a\n|-activate|p2b: Goodra|move: Protect\n|-supereffective|p1a: Sneasler|1\n|-damage|p1a: Sneasler|0 fnt\n|-damage|p2a: Sableye|36/100\n|faint|p1a: Sneasler\n|move|p2a: Sableye|Snarl|p1b: Garchomp\n|-damage|p1b: Garchomp|84/100\n|-unboost|p1b: Garchomp|spa|1\n|\n|-heal|p2b: Goodra|87/100|[from] item: Leftovers\n|upkeep\n|turn|10\n|\n|t:|1776365912\n|move|p2a: Sableye|Disable|p1b: Garchomp\n|-start|p1b: Garchomp|Disable|Earthquake\n|cant|p1b: Garchomp|Disable|Earthquake\n|move|p2b: Goodra|Body Press|p1b: Garchomp\n|-damage|p1b: Garchomp|0 fnt\n|-damage|p2b: Goodra|74/100|[from] ability: Rough Skin|[of] p1b: Garchomp\n|faint|p1b: Garchomp\n|\n|win|prawnwizard\n|raw|Daniarceus's rating: 1397 &rarr; <strong>1378</strong><br />(-19 for losing)\n|raw|prawnwizard's rating: 1406 &rarr; <strong>1425</strong><br />(+19 for winning)\n|l|\u2606Daniarceus\n|player|p1|\n",
  "uploadtime": 1776366066,
  "views": 27,
  "formatid": "gen9championsvgc2026regma",
  "rating": 1378,
  "private": 0,
  "password": null
}