{
  "id": "gen9championsvgc2026regma-2583758674",
  "format": "[Gen 9 Champions] VGC 2026 Reg M-A",
  "players": [
    "Vain0",
    "squig chungus"
  ],
  "log": "|j|\u2606Vain0\n|j|\u2606squig chungus\n|t:|1776195737\n|gametype|doubles\n|player|p1|Vain0|101|1019\n|player|p2|squig chungus|bugcatcher-gen4dp|1034\n|gen|9\n|tier|[Gen 9 Champions] VGC 2026 Reg M-A\n|rated|\n|rule|Species Clause: Limit one of each Pok\u00e9mon\n|rule|Item Clause: Limit 1 of each item\n|clearpoke\n|poke|p1|Hawlucha, L50, F|\n|poke|p1|Excadrill, L50, F|\n|poke|p1|Tyranitar, L50, M|\n|poke|p1|Rotom-Heat, L50|\n|poke|p1|Aerodactyl, L50, M|\n|poke|p1|Primarina, L50, F|\n|poke|p2|Skarmory, L50, M|\n|poke|p2|Garganacl, L50, F|\n|poke|p2|Whimsicott, L50, F|\n|poke|p2|Farigiraf, L50, M|\n|poke|p2|Politoed, L50, F|\n|poke|p2|Jolteon, L50, M|\n|teampreview|4\n|\n|t:|1776195793\n|teamsize|p1|4\n|teamsize|p2|4\n|start\n|switch|p1a: Excadrill|Excadrill, L50, F|100/100\n|switch|p1b: Tyranitar|Tyranitar, L50, M|100/100\n|switch|p2a: Jolteon|Jolteon, L50, M|100/100\n|switch|p2b: Whimsicott|Whimsicott, L50, F|100/100\n|-weather|Sandstorm|[from] ability: Sand Stream|[of] p1b: Tyranitar\n|turn|1\n|\n|t:|1776195840\n|switch|p2a: Politoed|Politoed, L50, F|100/100\n|-weather|RainDance|[from] ability: Drizzle|[of] p2a: Politoed\n|move|p2b: Whimsicott|Tailwind|p2b: Whimsicott\n|-sidestart|p2: squig chungus|move: Tailwind\n|move|p1a: Excadrill|Earthquake|p2a: Politoed|[spread] p1b,p2a,p2b\n|-supereffective|p1b: Tyranitar|1\n|-enditem|p1b: Tyranitar|Shuca Berry|[eat]\n|-enditem|p1b: Tyranitar|Shuca Berry|[weaken]\n|-resisted|p2b: Whimsicott|1\n|-crit|p2b: Whimsicott\n|-damage|p1b: Tyranitar|68/100\n|-damage|p2a: Politoed|38/100\n|-damage|p2b: Whimsicott|65/100\n|move|p1b: Tyranitar|Rock Slide|p2a: Politoed|[spread] p2a,p2b\n|-damage|p2a: Politoed|1/100\n|-damage|p2b: Whimsicott|36/100\n|\n|-weather|RainDance|[upkeep]\n|upkeep\n|turn|2\n|\n|t:|1776195877\n|switch|p2b: Skarmory|Skarmory, L50, M|100/100\n|switch|p1b: Hawlucha|Hawlucha, L50, F|100/100\n|-ability|p1b: Hawlucha|Mold Breaker\n|move|p1a: Excadrill|Protect|p1a: Excadrill\n|-singleturn|p1a: Excadrill|Protect\n|move|p2a: Politoed|Weather Ball|p1b: Hawlucha\n|-damage|p1b: Hawlucha|12/100\n|\n|-weather|RainDance|[upkeep]\n|upkeep\n|turn|3\n|\n|t:|1776195919\n|detailschange|p1b: Hawlucha|Hawlucha-Mega, L50, F\n|-mega|p1b: Hawlucha|Hawlucha|Hawluchanite\n|move|p2a: Politoed|Weather Ball|p1a: Excadrill\n|-supereffective|p1a: Excadrill|1\n|-damage|p1a: Excadrill|0 fnt\n|faint|p1a: Excadrill\n|move|p2b: Skarmory|Swords Dance|p2b: Skarmory\n|-boost|p2b: Skarmory|atk|2\n|move|p1b: Hawlucha|High Jump Kick|p2b: Skarmory\n|-damage|p2b: Skarmory|35/100\n|\n|-weather|RainDance|[upkeep]\n|upkeep\n|\n|t:|1776195933\n|switch|p1a: Rotom|Rotom-Heat, L50|100/100\n|turn|4\n|\n|t:|1776195961\n|detailschange|p2b: Skarmory|Skarmory-Mega, L50, M\n|-mega|p2b: Skarmory|Skarmory|Skarmorite\n|move|p2a: Politoed|Weather Ball|p1a: Rotom\n|-supereffective|p1a: Rotom|1\n|-damage|p1a: Rotom|0 fnt\n|faint|p1a: Rotom\n|move|p2b: Skarmory|Reversal|p1b: Hawlucha\n|-resisted|p1b: Hawlucha|1\n|-damage|p1b: Hawlucha|0 fnt\n|faint|p1b: Hawlucha\n|\n|-weather|RainDance|[upkeep]\n|-sideend|p2: squig chungus|move: Tailwind\n|upkeep\n|\n|t:|1776195975\n|switch|p1b: Tyranitar|Tyranitar, L50, M|68/100\n|-weather|Sandstorm|[from] ability: Sand Stream|[of] p1b: Tyranitar\n|turn|5\n|\n|t:|1776195991\n|move|p2b: Skarmory|Endure|p2b: Skarmory\n|-singleturn|p2b: Skarmory|move: Endure\n|move|p2a: Politoed|Weather Ball|p1b: Tyranitar\n|-damage|p1b: Tyranitar|53/100\n|move|p1b: Tyranitar|Dragon Dance|p1b: Tyranitar\n|-boost|p1b: Tyranitar|atk|1\n|-boost|p1b: Tyranitar|spe|1\n|\n|-weather|Sandstorm|[upkeep]\n|-damage|p2a: Politoed|0 fnt|[from] Sandstorm\n|faint|p2a: Politoed\n|upkeep\n|\n|t:|1776196003\n|switch|p2a: Whimsicott|Whimsicott, L50, F|36/100\n|turn|6\n|\n|t:|1776196010\n|move|p2a: Whimsicott|Tailwind|p2a: Whimsicott\n|-sidestart|p2: squig chungus|move: Tailwind\n|move|p2b: Skarmory|Reversal|p1b: Tyranitar\n|-supereffective|p1b: Tyranitar|2\n|-damage|p1b: Tyranitar|0 fnt\n|faint|p1b: Tyranitar\n|\n|win|squig chungus\n|raw|Vain0's rating: 1019 &rarr; <strong>1007</strong><br />(-12 for losing)\n|raw|squig chungus's rating: 1034 &rarr; <strong>1067</strong><br />(+33 for winning)\n|l|\u2606Vain0\n|player|p1|\n",
  "uploadtime": 1776196018,
  "views": 30,
  "formatid": "gen9championsvgc2026regma",
  "rating": 1007,
  "private": 0,
  "password": null
}