{
  "id": "gen9championsvgc2026regma-2584729904",
  "format": "[Gen 9 Champions] VGC 2026 Reg M-A",
  "players": [
    "chillinark921",
    "ggsxd999"
  ],
  "log": "|j|\u2606chillinark921\n|j|\u2606ggsxd999\n|t:|1776279587\n|gametype|doubles\n|player|p1|chillinark921|102|1040\n|player|p2|ggsxd999|blue|1115\n|gen|9\n|tier|[Gen 9 Champions] VGC 2026 Reg M-A\n|rated|\n|rule|Species Clause: Limit one of each Pok\u00e9mon\n|rule|Item Clause: Limit 1 of each item\n|clearpoke\n|poke|p1|Floette-Eternal, L50, F|\n|poke|p1|Incineroar, L50, F|\n|poke|p1|Garchomp, L50, M|\n|poke|p1|Sinistcha, L50|\n|poke|p1|Aerodactyl, L50, F|\n|poke|p1|Kingambit, L50, M|\n|poke|p2|Tyranitar, L50, F|\n|poke|p2|Garchomp, L50, F|\n|poke|p2|Excadrill, L50, F|\n|poke|p2|Clefable, L50, F|\n|poke|p2|Rotom-Heat, L50|\n|poke|p2|Zoroark-Hisui, L50, F|\n|teampreview|4\n|inactive|Battle timer is ON: inactive players will automatically lose when time's up. (requested by ggsxd999)\n|\n|t:|1776279606\n|teamsize|p1|4\n|teamsize|p2|4\n|start\n|switch|p1a: worst shiny oat?|Garchomp, L50, M, shiny|100/100\n|switch|p1b: juicy in his prime|Aerodactyl, L50, F|100/100\n|switch|p2a: Rotom|Rotom-Heat, L50|100/100\n|switch|p2b: Exca \u2665|Excadrill, L50, F, shiny|100/100\n|-ability|p1b: juicy in his prime|Unnerve\n|turn|1\n|\n|t:|1776279624\n|move|p2b: Exca \u2665|Icy Wind|p1b: juicy in his prime|[spread] p1a,p1b\n|-supereffective|p1a: worst shiny oat?|2\n|-crit|p1a: worst shiny oat?\n|-supereffective|p1b: juicy in his prime|1\n|-damage|p1a: worst shiny oat?|18/100\n|-damage|p1b: juicy in his prime|59/100\n|-unboost|p1a: worst shiny oat?|spe|1\n|-unboost|p1b: juicy in his prime|spe|1\n|move|p1b: juicy in his prime|Rock Slide|p2b: Exca \u2665|[spread] p2a,p2b\n|-supereffective|p2a: Rotom|1\n|-damage|p2a: Rotom|54/100\n|-damage|p2b: Exca \u2665|50/100\n|replace|p2b: Zori \u2665|Zoroark-Hisui, L50, F, shiny\n|-end|p2b: Zori \u2665|Illusion\n|move|p2a: Rotom|Thunderbolt|p1b: juicy in his prime\n|-supereffective|p1b: juicy in his prime|1\n|-damage|p1b: juicy in his prime|0 fnt\n|faint|p1b: juicy in his prime\n|move|p1a: worst shiny oat?|Rock Slide|p2a: Rotom|[spread] p2a,p2b\n|-supereffective|p2a: Rotom|1\n|-damage|p2a: Rotom|18/100\n|-damage|p2b: Zori \u2665|16/100\n|-enditem|p2a: Rotom|Sitrus Berry|[eat]\n|-heal|p2a: Rotom|43/100|[from] item: Sitrus Berry\n|\n|-heal|p1a: worst shiny oat?|24/100|[from] item: Leftovers\n|upkeep\n|\n|t:|1776279644\n|switch|p1b: chop chop|Kingambit, L50, M|100/100\n|turn|2\n|\n|t:|1776279654\n|move|p1a: worst shiny oat?|Protect|p1a: worst shiny oat?\n|-singleturn|p1a: worst shiny oat?|Protect\n|move|p1b: chop chop|Sucker Punch||[still]\n|-fail|p1b: chop chop\n|move|p2b: Zori \u2665|Icy Wind|p1b: chop chop|[spread] p1b\n|-activate|p1a: worst shiny oat?|move: Protect\n|-resisted|p1b: chop chop|1\n|-damage|p1b: chop chop|94/100\n|-unboost|p1b: chop chop|spe|1\n|-ability|p1b: chop chop|Defiant|boost\n|-boost|p1b: chop chop|atk|2\n|move|p2a: Rotom|Will-O-Wisp|p1b: chop chop\n|-status|p1b: chop chop|brn\n|\n|-heal|p1a: worst shiny oat?|30/100|[from] item: Leftovers\n|-damage|p1b: chop chop|88/100 brn|[from] brn\n|upkeep\n|turn|3\n|\n|t:|1776279670\n|switch|p1a: the gunner|Floette-Eternal, L50, F|100/100\n|move|p1b: chop chop|Sucker Punch|p2b: Zori \u2665\n|-supereffective|p2b: Zori \u2665|1\n|-damage|p2b: Zori \u2665|0 fnt\n|faint|p2b: Zori \u2665\n|move|p2a: Rotom|Overheat|p1b: chop chop\n|-supereffective|p1b: chop chop|1\n|-damage|p1b: chop chop|0 fnt\n|-unboost|p2a: Rotom|spa|2\n|faint|p1b: chop chop\n|\n|upkeep\n|\n|t:|1776279677\n|switch|p2b: Tyra \u2665|Tyranitar, L50, F, shiny|100/100\n|switch|p1b: worst shiny oat?|Garchomp, L50, M, shiny|30/100\n|-weather|Sandstorm|[from] ability: Sand Stream|[of] p2b: Tyra \u2665\n|turn|4\n|\n|t:|1776279696\n|detailschange|p1a: the gunner|Floette-Mega, L50, F\n|-mega|p1a: the gunner|Floette|Floettite\n|-ability|p1a: the gunner|Fairy Aura\n|move|p1a: the gunner|Protect|p1a: the gunner\n|-singleturn|p1a: the gunner|Protect\n|move|p2b: Tyra \u2665|Protect|p2b: Tyra \u2665\n|-singleturn|p2b: Tyra \u2665|Protect\n|move|p1b: worst shiny oat?|Rock Slide|p2b: Tyra \u2665|[spread] p2a\n|-activate|p2b: Tyra \u2665|move: Protect\n|-supereffective|p2a: Rotom|1\n|-damage|p2a: Rotom|6/100\n|move|p2a: Rotom|Will-O-Wisp|p1b: worst shiny oat?\n|-status|p1b: worst shiny oat?|brn\n|\n|-weather|Sandstorm|[upkeep]\n|-damage|p1a: the gunner|94/100|[from] Sandstorm\n|-damage|p2a: Rotom|0 fnt|[from] Sandstorm\n|faint|p2a: Rotom\n|-heal|p1b: worst shiny oat?|36/100 brn|[from] item: Leftovers\n|-damage|p1b: worst shiny oat?|30/100 brn|[from] brn\n|upkeep\n|\n|t:|1776279709\n|switch|p2a: Exca \u2665|Excadrill, L50, F, shiny|100/100\n|turn|5\n|\n|t:|1776279720\n|detailschange|p2b: Tyra \u2665|Tyranitar-Mega, L50, F, shiny\n|-mega|p2b: Tyra \u2665|Tyranitar|Tyranitarite\n|move|p1a: the gunner|Protect||[still]\n|-fail|p1a: the gunner\n|move|p2a: Exca \u2665|Iron Head|p1a: the gunner\n|-supereffective|p1a: the gunner|1\n|-damage|p1a: the gunner|0 fnt\n|faint|p1a: the gunner\n|move|p1b: worst shiny oat?|Earthquake|p2b: Tyra \u2665|[spread] p2a,p2b\n|-supereffective|p2a: Exca \u2665|1\n|-supereffective|p2b: Tyra \u2665|1\n|-damage|p2a: Exca \u2665|52/100\n|-damage|p2b: Tyra \u2665|79/100\n|move|p2b: Tyra \u2665|Rock Slide|p1b: worst shiny oat?\n|-resisted|p1b: worst shiny oat?|1\n|-damage|p1b: worst shiny oat?|6/100 brn\n|\n|-weather|Sandstorm|[upkeep]\n|-heal|p1b: worst shiny oat?|12/100 brn|[from] item: Leftovers\n|-damage|p1b: worst shiny oat?|6/100 brn|[from] brn\n|upkeep\n|turn|6\n|\n|t:|1776279738\n|move|p2a: Exca \u2665|Iron Head|p1b: worst shiny oat?\n|-damage|p1b: worst shiny oat?|0 fnt\n|-damage|p2a: Exca \u2665|39/100|[from] ability: Rough Skin|[of] p1b: worst shiny oat?\n|faint|p1b: worst shiny oat?\n|\n|win|ggsxd999\n|raw|chillinark921's rating: 1040 &rarr; <strong>1027</strong><br />(-13 for losing)\n|raw|ggsxd999's rating: 1115 &rarr; <strong>1135</strong><br />(+20 for winning)\n|l|\u2606chillinark921\n|player|p1|\n",
  "uploadtime": 1776279743,
  "views": 19,
  "formatid": "gen9championsvgc2026regma",
  "rating": 1027,
  "private": 0,
  "password": null
}