{
  "id": "gen9championsvgc2026regma-2585437509",
  "format": "[Gen 9 Champions] VGC 2026 Reg M-A",
  "players": [
    "Auayayayayayauau",
    "MvillMpersonality"
  ],
  "log": "|j|\u2606Auayayayayayauau\n|j|\u2606MvillMpersonality\n|t:|1776347259\n|gametype|doubles\n|player|p1|Auayayayayayauau|265|1060\n|player|p2|MvillMpersonality|pokemaniac|1160\n|gen|9\n|tier|[Gen 9 Champions] VGC 2026 Reg M-A\n|rated|\n|rule|Species Clause: Limit one of each Pok\u00e9mon\n|rule|Item Clause: Limit 1 of each item\n|clearpoke\n|poke|p1|Basculegion, L50, M|\n|poke|p1|Incineroar, L50, M|\n|poke|p1|Meganium, L50, M|\n|poke|p1|Dragapult, L50, F|\n|poke|p1|Sneasler, L50, M|\n|poke|p1|Aerodactyl, L50, F|\n|poke|p2|Scovillain, L50, F|\n|poke|p2|Sinistcha, L50|\n|poke|p2|Hatterene, L50, F|\n|poke|p2|Kingambit, L50, M|\n|poke|p2|Rhyperior, L50, M|\n|poke|p2|Tyranitar, L50, F|\n|teampreview|4\n|inactive|Battle timer is ON: inactive players will automatically lose when time's up. (requested by Auayayayayayauau)\n|\n|t:|1776347301\n|teamsize|p1|4\n|teamsize|p2|4\n|start\n|switch|p1a: Incineroar|Incineroar, L50, M|100/100\n|switch|p1b: Sneasler|Sneasler, L50, M|100/100\n|switch|p2a: Scovillain|Scovillain, L50, F|100/100\n|switch|p2b: Rhyperior|Rhyperior, L50, M|100/100\n|-ability|p1a: Incineroar|Intimidate|boost\n|-unboost|p2a: Scovillain|atk|1\n|-unboost|p2b: Rhyperior|atk|1\n|turn|1\n|inactive|Auayayayayayauau has 30 seconds left.\n|\n|t:|1776347330\n|switch|p2b: Sinistcha|Sinistcha, L50|100/100\n|detailschange|p2a: Scovillain|Scovillain-Mega, L50, F\n|-mega|p2a: Scovillain|Scovillain|Scovillainite\n|move|p2a: Scovillain|Protect|p2a: Scovillain\n|-singleturn|p2a: Scovillain|Protect\n|move|p1a: Incineroar|Fake Out|p2a: Scovillain\n|-activate|p2a: Scovillain|move: Protect\n|move|p1b: Sneasler|Close Combat|p2b: Sinistcha\n|-immune|p2b: Sinistcha\n|\n|upkeep\n|turn|2\n|\n|t:|1776347350\n|move|p2a: Scovillain|Rage Powder|p2a: Scovillain\n|-singleturn|p2a: Scovillain|move: Rage Powder\n|move|p1b: Sneasler|Dire Claw|p2a: Scovillain\n|-supereffective|p2a: Scovillain|1\n|-damage|p2a: Scovillain|13/100\n|-status|p1b: Sneasler|brn|[from] ability: Spicy Spray|[of] p2a: Scovillain\n|move|p1a: Incineroar|Flare Blitz|p2a: Scovillain\n|-damage|p2a: Scovillain|0 fnt\n|-immune|p1a: Incineroar\n|faint|p2a: Scovillain\n|-damage|p1a: Incineroar|97/100|[from] Recoil\n|move|p2b: Sinistcha|Trick Room|p2b: Sinistcha\n|-fieldstart|move: Trick Room|[of] p2b: Sinistcha\n|\n|-damage|p1b: Sneasler|95/100 brn|[from] brn\n|upkeep\n|\n|t:|1776347364\n|switch|p2a: Rhyperior|Rhyperior, L50, M|100/100\n|turn|3\n|\n|t:|1776347384\n|switch|p1a: Meganium|Meganium, L50, M|100/100\n|switch|p2b: Kingambit|Kingambit, L50, M|100/100\n|move|p1b: Sneasler|Protect|p1b: Sneasler\n|-singleturn|p1b: Sneasler|Protect\n|move|p2a: Rhyperior|Rock Slide|p1b: Sneasler|[spread] p1a\n|-activate|p1b: Sneasler|move: Protect\n|-damage|p1a: Meganium|64/100\n|\n|-damage|p1b: Sneasler|89/100 brn|[from] brn\n|upkeep\n|turn|4\n|\n|t:|1776347406\n|switch|p1b: Basculegion|Basculegion, L50, M|100/100\n|detailschange|p1a: Meganium|Meganium-Mega, L50, M\n|-mega|p1a: Meganium|Meganium|Meganiumite\n|move|p2a: Rhyperior|Rock Slide|p1a: Meganium|[spread] p1b\n|-miss|p2a: Rhyperior|p1a: Meganium\n|-damage|p1b: Basculegion|55/100\n|move|p2b: Kingambit|Iron Head|p1a: Meganium\n|-supereffective|p1a: Meganium|1\n|-damage|p1a: Meganium|0 fnt\n|faint|p1a: Meganium\n|\n|upkeep\n|\n|t:|1776347420\n|switch|p1a: Sneasler|Sneasler, L50, M|89/100 brn\n|turn|5\n|inactive|MvillMpersonality has 30 seconds left.\n|inactive|MvillMpersonality has 20 seconds left.\n|\n|t:|1776347457\n|move|p2b: Kingambit|Protect|p2b: Kingambit\n|-singleturn|p2b: Kingambit|Protect\n|move|p1a: Sneasler|Fake Out|p2b: Kingambit\n|-activate|p2b: Kingambit|move: Protect\n|move|p2a: Rhyperior|High Horsepower|p1b: Basculegion\n|-damage|p1b: Basculegion|0 fnt\n|faint|p1b: Basculegion\n|\n|-damage|p1a: Sneasler|83/100 brn|[from] brn\n|upkeep\n|\n|t:|1776347469\n|switch|p1b: Incineroar|Incineroar, L50, M|97/100\n|-ability|p1b: Incineroar|Intimidate|boost\n|-unboost|p2a: Rhyperior|atk|1\n|-unboost|p2b: Kingambit|atk|1\n|-ability|p2b: Kingambit|Defiant|boost\n|-boost|p2b: Kingambit|atk|2\n|turn|6\n|inactive|MvillMpersonality has 30 seconds left.\n|\n|t:|1776347500\n|move|p2b: Kingambit|Protect||[still]\n|-fail|p2b: Kingambit\n|move|p1b: Incineroar|Fake Out|p2b: Kingambit\n|-resisted|p2b: Kingambit|1\n|-damage|p2b: Kingambit|95/100\n|move|p2a: Rhyperior|Swords Dance|p2a: Rhyperior\n|-boost|p2a: Rhyperior|atk|2\n|move|p1a: Sneasler|Close Combat|p2b: Kingambit\n|-supereffective|p2b: Kingambit|2\n|-damage|p2b: Kingambit|0 fnt\n|-unboost|p1a: Sneasler|def|1\n|-unboost|p1a: Sneasler|spd|1\n|faint|p2b: Kingambit\n|-enditem|p1a: Sneasler|White Herb\n|-clearnegativeboost|p1a: Sneasler|[silent]\n|\n|-damage|p1a: Sneasler|78/100 brn|[from] brn\n|-fieldend|move: Trick Room\n|upkeep\n|\n|t:|1776347516\n|switch|p2b: Sinistcha|Sinistcha, L50|100/100\n|turn|7\n|\n|t:|1776347526\n|move|p1a: Sneasler|Protect|p1a: Sneasler\n|-singleturn|p1a: Sneasler|Protect\n|move|p1b: Incineroar|Flare Blitz|p2b: Sinistcha\n|-supereffective|p2b: Sinistcha|1\n|-enditem|p2b: Sinistcha|Focus Sash\n|-damage|p2b: Sinistcha|1/100\n|-damage|p1b: Incineroar|68/100|[from] Recoil\n|move|p2a: Rhyperior|Rock Slide|p1b: Incineroar|[spread] p1b\n|-activate|p1a: Sneasler|move: Protect\n|-supereffective|p1b: Incineroar|1\n|-damage|p1b: Incineroar|0 fnt\n|faint|p1b: Incineroar\n|move|p2b: Sinistcha|Trick Room|p2b: Sinistcha\n|-fieldstart|move: Trick Room|[of] p2b: Sinistcha\n|\n|-damage|p1a: Sneasler|72/100 brn|[from] brn\n|upkeep\n|turn|8\n|-message|Auayayayayayauau forfeited.\n|\n|win|MvillMpersonality\n|raw|Auayayayayayauau's rating: 1060 &rarr; <strong>1046</strong><br />(-14 for losing)\n|raw|MvillMpersonality's rating: 1160 &rarr; <strong>1178</strong><br />(+18 for winning)\n|l|\u2606Auayayayayayauau\n|player|p1|\n",
  "uploadtime": 1776347587,
  "views": 30,
  "formatid": "gen9championsvgc2026regma",
  "rating": 1046,
  "private": 0,
  "password": null
}