{
  "id": "gen9championsvgc2026regma-2585478204",
  "format": "[Gen 9 Champions] VGC 2026 Reg M-A",
  "players": [
    "Matxp60",
    "KarmicPines2002"
  ],
  "log": "|j|\u2606Matxp60\n|j|\u2606KarmicPines2002\n|t:|1776350112\n|gametype|doubles\n|player|p1|Matxp60|ethan|1138\n|player|p2|KarmicPines2002|170|1122\n|gen|9\n|tier|[Gen 9 Champions] VGC 2026 Reg M-A\n|rated|\n|rule|Species Clause: Limit one of each Pok\u00e9mon\n|rule|Item Clause: Limit 1 of each item\n|clearpoke\n|poke|p1|Sableye, L50, M|\n|poke|p1|Chesnaught, L50, F|\n|poke|p1|Manectric, L50, M|\n|poke|p1|Sinistcha, L50|\n|poke|p1|Talonflame, L50, M|\n|poke|p1|Typhlosion, L50, M|\n|poke|p2|Politoed, L50, M|\n|poke|p2|Basculegion, L50, M|\n|poke|p2|Incineroar, L50, F|\n|poke|p2|Meganium, L50, F|\n|poke|p2|Kingambit, L50, M|\n|poke|p2|Aerodactyl, L50, F|\n|teampreview|4\n|inactive|Battle timer is ON: inactive players will automatically lose when time's up. (requested by KarmicPines2002)\n|inactive|KarmicPines2002 has 60 seconds left.\n|inactive|KarmicPines2002 has 30 seconds left.\n|inactive|KarmicPines2002 has 20 seconds left.\n|\n|t:|1776350186\n|teamsize|p1|4\n|teamsize|p2|4\n|start\n|switch|p1a: Chesnaught|Chesnaught, L50, F, shiny|100/100\n|switch|p1b: Manectric|Manectric, L50, M|100/100\n|switch|p2a: Politoed|Politoed, L50, M|100/100\n|switch|p2b: Aerodactyl|Aerodactyl, L50, F|100/100\n|-ability|p2b: Aerodactyl|Unnerve\n|-weather|RainDance|[from] ability: Drizzle|[of] p2a: Politoed\n|turn|1\n|inactive|KarmicPines2002 has 30 seconds left.\n|inactive|KarmicPines2002 has 20 seconds left.\n|\n|t:|1776350221\n|switch|p2a: Meganium|Meganium, L50, F|100/100\n|detailschange|p1b: Manectric|Manectric-Mega, L50, M\n|-mega|p1b: Manectric|Manectric|Manectite\n|-ability|p1b: Manectric|Intimidate|boost\n|-unboost|p2a: Meganium|atk|1\n|-unboost|p2b: Aerodactyl|atk|1\n|move|p1b: Manectric|Volt Switch|p2b: Aerodactyl\n|-supereffective|p2b: Aerodactyl|1\n|-enditem|p2b: Aerodactyl|Focus Sash\n|-damage|p2b: Aerodactyl|1/100\n|\n|t:|1776350231\n|switch|p1b: Sableye|Sableye, L50, M, shiny|100/100|[from] Volt Switch\n|move|p2b: Aerodactyl|Dual Wingbeat|p1a: Chesnaught\n|-supereffective|p1a: Chesnaught|2\n|-damage|p1a: Chesnaught|64/100\n|-supereffective|p1a: Chesnaught|2\n|-damage|p1a: Chesnaught|27/100\n|-hitcount|p1a: Chesnaught|2\n|move|p1a: Chesnaught|Iron Defense|p1a: Chesnaught\n|-boost|p1a: Chesnaught|def|2\n|\n|-weather|RainDance|[upkeep]\n|-heal|p1a: Chesnaught|33/100|[from] item: Leftovers\n|upkeep\n|turn|2\n|inactive|KarmicPines2002 has 30 seconds left.\n|\n|t:|1776350265\n|switch|p1b: Sinistcha|Sinistcha, L50|100/100\n|-heal|p1a: Chesnaught|57/100|[from] ability: Hospitality|[of] p1b: Sinistcha\n|detailschange|p2a: Meganium|Meganium-Mega, L50, F\n|-mega|p2a: Meganium|Meganium|Meganiumite\n|move|p1a: Chesnaught|Spiky Shield|p1a: Chesnaught\n|-singleturn|p1a: Chesnaught|move: Protect\n|move|p2b: Aerodactyl|Tailwind|p2b: Aerodactyl\n|-sidestart|p2: KarmicPines2002|move: Tailwind\n|move|p2a: Meganium|Dazzling Gleam|p1a: Chesnaught|[spread] p1b\n|-activate|p1a: Chesnaught|move: Protect\n|-damage|p1b: Sinistcha|57/100\n|\n|-weather|RainDance|[upkeep]\n|-heal|p1a: Chesnaught|64/100|[from] item: Leftovers\n|upkeep\n|turn|3\n|inactive|Matxp60 has 30 seconds left.\n|inactive|KarmicPines2002 has 30 seconds left.\n|inactive|Matxp60 has 20 seconds left.\n|\n|t:|1776350300\n|move|p1b: Sinistcha|Protect|p1b: Sinistcha\n|-singleturn|p1b: Sinistcha|Protect\n|move|p2b: Aerodactyl|Dual Wingbeat|p1a: Chesnaught\n|-supereffective|p1a: Chesnaught|2\n|-crit|p1a: Chesnaught\n|-damage|p1a: Chesnaught|0 fnt\n|faint|p1a: Chesnaught\n|-hitcount|p1: Chesnaught|1\n|move|p2a: Meganium|Weather Ball|p1b: Sinistcha\n|-activate|p1b: Sinistcha|move: Protect\n|\n|-weather|RainDance|[upkeep]\n|upkeep\n|\n|t:|1776350304\n|switch|p1a: Manectric|Manectric-Mega, L50, M|100/100\n|-ability|p1a: Manectric|Intimidate|boost\n|-unboost|p2a: Meganium|atk|1\n|-unboost|p2b: Aerodactyl|atk|1\n|turn|4\n|\n|t:|1776350328\n|switch|p1b: Sableye|Sableye, L50, M, shiny|100/100\n|move|p2b: Aerodactyl|Rock Slide|p1b: Sableye|[spread] p1a,p1b\n|-damage|p1a: Manectric|81/100\n|-damage|p1b: Sableye|81/100\n|cant|p1a: Manectric|flinch\n|move|p2a: Meganium|Weather Ball|p1b: Sableye\n|-damage|p1b: Sableye|20/100\n|\n|-weather|RainDance|[upkeep]\n|upkeep\n|turn|5\n|inactive|Matxp60 has 30 seconds left.\n|\n|t:|1776350353\n|move|p1b: Sableye|Fake Out|p2b: Aerodactyl\n|-resisted|p2b: Aerodactyl|1\n|-damage|p2b: Aerodactyl|0 fnt\n|-enditem|p1b: Sableye|Sitrus Berry|[eat]\n|-heal|p1b: Sableye|45/100|[from] item: Sitrus Berry\n|faint|p2b: Aerodactyl\n|move|p1a: Manectric|Snarl|p2a: Meganium\n|-resisted|p2a: Meganium|1\n|-damage|p2a: Meganium|92/100\n|-unboost|p2a: Meganium|spa|1\n|move|p2a: Meganium|Dazzling Gleam|p1b: Sableye|[spread] p1a,p1b\n|-supereffective|p1b: Sableye|1\n|-damage|p1a: Manectric|47/100\n|-damage|p1b: Sableye|0 fnt\n|faint|p1b: Sableye\n|\n|-weather|none\n|-sideend|p2: KarmicPines2002|move: Tailwind\n|upkeep\n|-message|Matxp60 forfeited.\n|\n|win|KarmicPines2002\n|raw|Matxp60's rating: 1138 &rarr; <strong>1112</strong><br />(-26 for losing)\n|raw|KarmicPines2002's rating: 1122 &rarr; <strong>1148</strong><br />(+26 for winning)\n|l|\u2606Matxp60\n|player|p1|\n",
  "uploadtime": 1776350371,
  "views": 24,
  "formatid": "gen9championsvgc2026regma",
  "rating": 1112,
  "private": 0,
  "password": null
}