{
  "id": "gen9championsvgc2026regma-2587962091",
  "format": "[Gen 9 Champions] VGC 2026 Reg M-A",
  "players": [
    "Tamejo",
    "zimunterovic"
  ],
  "log": "|j|\u2606Tamejo\n|j|\u2606zimunterovic\n|t:|1776585372\n|gametype|doubles\n|player|p1|Tamejo|caitlin|1210\n|player|p2|zimunterovic|veteran|1121\n|gen|9\n|tier|[Gen 9 Champions] VGC 2026 Reg M-A\n|rated|\n|rule|Species Clause: Limit one of each Pok\u00e9mon\n|rule|Item Clause: Limit 1 of each item\n|clearpoke\n|poke|p1|Dragapult, L50, F|\n|poke|p1|Sylveon, L50, F|\n|poke|p1|Whimsicott, L50, M|\n|poke|p1|Glimmora, L50, F|\n|poke|p1|Charizard, L50, F|\n|poke|p1|Kingambit, L50, F|\n|poke|p2|Sneasler, L50, F|\n|poke|p2|Rotom-Wash, L50|\n|poke|p2|Excadrill, L50, M|\n|poke|p2|Tyranitar, L50, F|\n|poke|p2|Gardevoir, L50, F|\n|poke|p2|Aegislash, L50, M|\n|teampreview|4\n|inactive|Battle timer is ON: inactive players will automatically lose when time's up. (requested by Tamejo)\n|\n|t:|1776585440\n|teamsize|p1|4\n|teamsize|p2|4\n|start\n|switch|p1a: Whimsicott|Whimsicott, L50, M|100/100\n|switch|p1b: Dragapult|Dragapult, L50, F|100/100\n|switch|p2a: Sneasler|Sneasler, L50, F|100/100\n|switch|p2b: Rotom|Rotom-Wash, L50|100/100\n|turn|1\n|inactive|zimunterovic has 30 seconds left.\n|\n|t:|1776585467\n|move|p1a: Whimsicott|Tailwind|p1a: Whimsicott\n|-sidestart|p1: Tamejo|move: Tailwind\n|move|p1b: Dragapult|Phantom Force||[still]\n|-prepare|p1b: Dragapult|Phantom Force\n|move|p2a: Sneasler|Dire Claw|p1a: Whimsicott\n|-supereffective|p1a: Whimsicott|2\n|-enditem|p1a: Whimsicott|Focus Sash\n|-damage|p1a: Whimsicott|1/100\n|-status|p1a: Whimsicott|psn\n|move|p2b: Rotom|Will-O-Wisp|p1b: Dragapult|[miss]\n|-miss|p2b: Rotom|p1b: Dragapult\n|\n|-damage|p1a: Whimsicott|0 fnt|[from] psn\n|faint|p1a: Whimsicott\n|upkeep\n|\n|t:|1776585480\n|switch|p1a: Charizard|Charizard, L50, F|100/100\n|turn|2\n|\n|t:|1776585490\n|detailschange|p1a: Charizard|Charizard-Mega-Y, L50, F\n|-mega|p1a: Charizard|Charizard|Charizardite Y\n|-weather|SunnyDay|[from] ability: Drought|[of] p1a: Charizard\n|move|p2a: Sneasler|Protect|p2a: Sneasler\n|-singleturn|p2a: Sneasler|Protect\n|move|p1b: Dragapult|Phantom Force|p2a: Sneasler|[from] lockedmove\n|-activate|p2a: Sneasler|move: Phantom Force|[broken]\n|-damage|p2a: Sneasler|31/100\n|move|p1a: Charizard|Solar Beam||[still]\n|-prepare|p1a: Charizard|Solar Beam\n|-anim|p1a: Charizard|Solar Beam|p2b: Rotom\n|-supereffective|p2b: Rotom|1\n|-damage|p2b: Rotom|0 fnt\n|faint|p2b: Rotom\n|\n|-weather|SunnyDay|[upkeep]\n|upkeep\n|\n|t:|1776585507\n|switch|p2b: Tyranitar|Tyranitar, L50, F|100/100\n|-weather|Sandstorm|[from] ability: Sand Stream|[of] p2b: Tyranitar\n|turn|3\n|\n|t:|1776585530\n|switch|p1a: Kingambit|Kingambit, L50, F|100/100\n|detailschange|p2b: Tyranitar|Tyranitar-Mega, L50, F\n|-mega|p2b: Tyranitar|Tyranitar|Tyranitarite\n|move|p1b: Dragapult|Phantom Force||[still]\n|-prepare|p1b: Dragapult|Phantom Force\n|move|p2a: Sneasler|Dire Claw|p1a: Kingambit\n|-immune|p1a: Kingambit\n|move|p2b: Tyranitar|Knock Off|p1b: Dragapult|[miss]\n|-miss|p2b: Tyranitar|p1b: Dragapult\n|\n|-weather|Sandstorm|[upkeep]\n|-damage|p1b: Dragapult|94/100|[from] Sandstorm\n|-damage|p2a: Sneasler|25/100|[from] Sandstorm\n|upkeep\n|turn|4\n|\n|t:|1776585555\n|switch|p2a: Excadrill|Excadrill, L50, M|100/100\n|move|p1b: Dragapult|Phantom Force|p2a: Excadrill|[from] lockedmove\n|-damage|p2a: Excadrill|41/100\n|move|p1a: Kingambit|Low Kick|p2b: Tyranitar\n|-supereffective|p2b: Tyranitar|2\n|-damage|p2b: Tyranitar|0 fnt\n|faint|p2b: Tyranitar\n|\n|-weather|Sandstorm|[upkeep]\n|-damage|p1b: Dragapult|88/100|[from] Sandstorm\n|-sideend|p1: Tamejo|move: Tailwind\n|upkeep\n|\n|t:|1776585572\n|switch|p2b: Sneasler|Sneasler, L50, F|25/100\n|turn|5\n|-message|zimunterovic forfeited.\n|\n|win|Tamejo\n|raw|Tamejo's rating: 1210 &rarr; <strong>1229</strong><br />(+19 for winning)\n|raw|zimunterovic's rating: 1121 &rarr; <strong>1102</strong><br />(-19 for losing)\n|l|\u2606zimunterovic\n|player|p2|\n|c|\u2606Tamejo|Gg\n",
  "uploadtime": 1776585593,
  "views": 8,
  "formatid": "gen9championsvgc2026regma",
  "rating": 1102,
  "private": 0,
  "password": null
}