{
  "id": "gen9championsvgc2026regma-2587868358",
  "format": "[Gen 9 Champions] VGC 2026 Reg M-A",
  "players": [
    "onemorefortheroad",
    "orionsayshi"
  ],
  "log": "|j|\u2606onemorefortheroad\n|j|\u2606orionsayshi\n|t:|1776572541\n|gametype|doubles\n|player|p1|onemorefortheroad|266|1117\n|player|p2|orionsayshi|elesa|1131\n|gen|9\n|tier|[Gen 9 Champions] VGC 2026 Reg M-A\n|rated|\n|rule|Species Clause: Limit one of each Pok\u00e9mon\n|rule|Item Clause: Limit 1 of each item\n|clearpoke\n|poke|p1|Zoroark-Hisui, L50, F|\n|poke|p1|Milotic, L50, M|\n|poke|p1|Whimsicott, L50, M|\n|poke|p1|Aegislash, L50, M|\n|poke|p1|Alakazam, L50, M|\n|poke|p1|Starmie, L50|\n|poke|p2|Incineroar, L50, F|\n|poke|p2|Gengar, L50, F|\n|poke|p2|Sableye, L50, M|\n|poke|p2|Bellibolt, L50, M|\n|poke|p2|Sinistcha, L50|\n|poke|p2|Kommo-o, L50, M|\n|teampreview|4\n|\n|t:|1776572572\n|teamsize|p1|4\n|teamsize|p2|4\n|start\n|switch|p1a: Milotic|Milotic, L50, M|100/100\n|switch|p1b: Whimsicott|Whimsicott, L50, M|100/100\n|switch|p2a: Bellibolt|Bellibolt, L50, M|100/100\n|switch|p2b: Sableye|Sableye, L50, M|100/100\n|turn|1\n|inactive|Battle timer is ON: inactive players will automatically lose when time's up. (requested by orionsayshi)\n|\n|t:|1776572659\n|move|p1b: Whimsicott|Worry Seed|p2a: Bellibolt\n|-ability|p2a: Bellibolt|Insomnia|Electromorphosis|[from] move: Worry Seed\n|move|p2b: Sableye|Gravity|p2b: Sableye\n|-fieldstart|move: Gravity\n|move|p1a: Milotic|Hydro Pump|p2b: Sableye\n|-damage|p2b: Sableye|14/100\n|move|p2a: Bellibolt|Zap Cannon|p1a: Milotic\n|-supereffective|p1a: Milotic|1\n|-damage|p1a: Milotic|17/100\n|-status|p1a: Milotic|par\n|\n|-heal|p1a: Milotic|23/100 par|[from] item: Leftovers\n|upkeep\n|turn|2\n|inactive|orionsayshi has 30 seconds left.\n|\n|t:|1776572687\n|switch|p2a: Sinistcha|Sinistcha, L50|100/100\n|-heal|p2b: Sableye|39/100|[from] ability: Hospitality|[of] p2a: Sinistcha\n|move|p1b: Whimsicott|Tailwind|p1b: Whimsicott\n|-sidestart|p1: onemorefortheroad|move: Tailwind\n|move|p2b: Sableye|Disable|p1a: Milotic\n|-start|p1a: Milotic|Disable|Hydro Pump\n|cant|p1a: Milotic|Disable|Hydro Pump\n|\n|-heal|p1a: Milotic|29/100 par|[from] item: Leftovers\n|upkeep\n|turn|3\n|\n|t:|1776572706\n|move|p1b: Whimsicott|Worry Seed|p2a: Sinistcha\n|-ability|p2a: Sinistcha|Insomnia|Hospitality|[from] move: Worry Seed\n|move|p2b: Sableye|Encore|p1b: Whimsicott\n|-start|p1b: Whimsicott|Encore\n|-enditem|p1b: Whimsicott|Mental Herb\n|-end|p1b: Whimsicott|Encore\n|move|p1a: Milotic|Ice Beam|p2b: Sableye\n|-damage|p2b: Sableye|0 fnt\n|faint|p2b: Sableye\n|move|p2a: Sinistcha|Matcha Gotcha|p1b: Whimsicott|[spread] p1a,p1b\n|-supereffective|p1a: Milotic|1\n|-resisted|p1b: Whimsicott|1\n|-damage|p1a: Milotic|0 fnt\n|-damage|p1b: Whimsicott|76/100\n|faint|p1a: Milotic\n|\n|upkeep\n|\n|t:|1776572722\n|switch|p1a: Alakazam|Alakazam, L50, M|100/100\n|switch|p2b: Gengar|Gengar, L50, F|100/100\n|turn|4\n|\n|t:|1776572739\n|detailschange|p1a: Alakazam|Alakazam-Mega, L50, M\n|-mega|p1a: Alakazam|Alakazam|Alakazite\n|-ability|p1a: Alakazam|Insomnia|Trace|[from] ability: Trace|[of] p2a: Sinistcha\n|detailschange|p2b: Gengar|Gengar-Mega, L50, F\n|-mega|p2b: Gengar|Gengar|Gengarite\n|move|p1b: Whimsicott|Protect|p1b: Whimsicott\n|-singleturn|p1b: Whimsicott|Protect\n|move|p2a: Sinistcha|Rage Powder|p2a: Sinistcha\n|-singleturn|p2a: Sinistcha|move: Rage Powder\n|move|p1a: Alakazam|Shadow Ball|p2a: Sinistcha\n|-supereffective|p2a: Sinistcha|1\n|-crit|p2a: Sinistcha\n|-damage|p2a: Sinistcha|0 fnt\n|faint|p2a: Sinistcha\n|move|p2b: Gengar|Perish Song|p2b: Gengar\n|-start|p1a: Alakazam|perish3|[silent]\n|-start|p1b: Whimsicott|perish3|[silent]\n|-start|p2b: Gengar|perish3|[silent]\n|-fieldactivate|move: Perish Song\n|\n|-start|p1a: Alakazam|perish3\n|-start|p1b: Whimsicott|perish3\n|-start|p2b: Gengar|perish3\n|upkeep\n|\n|t:|1776572756\n|switch|p2a: Bellibolt|Bellibolt, L50, M|100/100\n|turn|5\n|\n|t:|1776572776\n|move|p2b: Gengar|Protect|p2b: Gengar\n|-singleturn|p2b: Gengar|Protect\n|move|p2a: Bellibolt|Protect|p2a: Bellibolt\n|-singleturn|p2a: Bellibolt|Protect\n|move|p1b: Whimsicott|Worry Seed|p2a: Bellibolt\n|-activate|p2a: Bellibolt|move: Protect\n|move|p1a: Alakazam|Shadow Ball|p2b: Gengar\n|-activate|p2b: Gengar|move: Protect\n|\n|-start|p1a: Alakazam|perish2\n|-start|p1b: Whimsicott|perish2\n|-start|p2b: Gengar|perish2\n|-sideend|p1: onemorefortheroad|move: Tailwind\n|-fieldend|move: Gravity\n|upkeep\n|turn|6\n|\n|t:|1776572793\n|move|p1b: Whimsicott|Tailwind|p1b: Whimsicott\n|-sidestart|p1: onemorefortheroad|move: Tailwind\n|move|p1a: Alakazam|Shadow Ball|p2b: Gengar\n|-supereffective|p2b: Gengar|1\n|-damage|p2b: Gengar|25/100\n|move|p2b: Gengar|Shadow Ball|p1a: Alakazam\n|-supereffective|p1a: Alakazam|1\n|-damage|p1a: Alakazam|0 fnt\n|faint|p1a: Alakazam\n|move|p2a: Bellibolt|Parabolic Charge|p1b: Whimsicott|[spread] p2b,p1b\n|-resisted|p1b: Whimsicott|1\n|-damage|p2b: Gengar|0 fnt\n|-damage|p1b: Whimsicott|61/100\n|faint|p2b: Gengar\n|\n|-start|p1b: Whimsicott|perish1\n|upkeep\n|\n|t:|1776572807\n|switch|p1a: Whimsicott|Whimsicott, L50, M|100/100\n|turn|7\n|\n|t:|1776572817\n|move|p2a: Bellibolt|Protect|p2a: Bellibolt\n|-singleturn|p2a: Bellibolt|Protect\n|move|p1b: Whimsicott|Worry Seed|p2a: Bellibolt\n|-activate|p2a: Bellibolt|move: Protect\n|move|p1a: Whimsicott|Bitter Malice|p2a: Bellibolt\n|-activate|p2a: Bellibolt|move: Protect\n|\n|-start|p1b: Whimsicott|perish0\n|faint|p1b: Whimsicott\n|upkeep\n|turn|8\n|\n|t:|1776572825\n|move|p1a: Whimsicott|Bitter Malice|p2a: Bellibolt\n|-damage|p2a: Bellibolt|63/100\n|-unboost|p2a: Bellibolt|atk|1\n|-start|p2a: Bellibolt|Charge|Bitter Malice|[from] ability: Electromorphosis\n|move|p2a: Bellibolt|Parabolic Charge|p1a: Whimsicott\n|-enditem|p1a: Whimsicott|Focus Sash\n|-damage|p1a: Whimsicott|1/100\n|-heal|p2a: Bellibolt|99/100|[from] drain|[of] p1a: Whimsicott\n|replace|p1a: Zoroark|Zoroark-Hisui, L50, F\n|-end|p1a: Zoroark|Illusion\n|-end|p2a: Bellibolt|Charge|[silent]\n|\n|upkeep\n|turn|9\n|\n|t:|1776572839\n|move|p1a: Zoroark|Bitter Malice|p2a: Bellibolt\n|-damage|p2a: Bellibolt|62/100\n|-unboost|p2a: Bellibolt|atk|1\n|-start|p2a: Bellibolt|Charge|Bitter Malice|[from] ability: Electromorphosis\n|move|p2a: Bellibolt|Parabolic Charge|p1a: Zoroark\n|-damage|p1a: Zoroark|0 fnt\n|-heal|p2a: Bellibolt|63/100|[from] drain|[of] p1a: Zoroark\n|faint|p1a: Zoroark\n|-end|p2a: Bellibolt|Charge|[silent]\n|\n|win|orionsayshi\n|raw|onemorefortheroad's rating: 1117 &rarr; <strong>1093</strong><br />(-24 for losing)\n|raw|orionsayshi's rating: 1131 &rarr; <strong>1155</strong><br />(+24 for winning)\n|l|\u2606onemorefortheroad\n|player|p1|\n",
  "uploadtime": 1776572851,
  "views": 10,
  "formatid": "gen9championsvgc2026regma",
  "rating": 1093,
  "private": 0,
  "password": null
}