{
  "id": "gen9championsvgc2026regma-2581718488",
  "format": "[Gen 9 Champions] VGC 2026 Reg M-A",
  "players": [
    "king_kobold",
    "Nansral26"
  ],
  "log": "|j|\u2606king_kobold\n|j|\u2606Nansral26\n|t:|1776023120\n|gametype|doubles\n|player|p1|king_kobold|plasmagruntf-gen5bw|\n|player|p2|Nansral26|hiker-gen4|\n|gen|9\n|tier|[Gen 9 Champions] VGC 2026 Reg M-A\n|rule|Species Clause: Limit one of each Pok\u00e9mon\n|rule|Item Clause: Limit 1 of each item\n|clearpoke\n|poke|p1|Pelipper, L50, F|\n|poke|p1|Archaludon, L50, M|\n|poke|p1|Dragonite, L50, F|\n|poke|p1|Incineroar, L50, F|\n|poke|p1|Sinistcha-Masterpiece, L50|\n|poke|p1|Azumarill, L50, F|\n|poke|p2|Excadrill, L50, M|\n|poke|p2|Maushold, L50|\n|poke|p2|Pinsir, L50, F|\n|poke|p2|Garganacl, L50, M|\n|poke|p2|Hippowdon, L50, M|\n|poke|p2|Stunfisk, L50, M|\n|teampreview|4\n|inactive|Battle timer is ON: inactive players will automatically lose when time's up. (requested by king_kobold)\n|inactive|Nansral26 also wants the timer to be on.\n|\n|t:|1776023146\n|teamsize|p1|4\n|teamsize|p2|4\n|start\n|switch|p1a: Pelipper|Pelipper, L50, F|100/100\n|switch|p1b: Azumarill|Azumarill, L50, F|100/100\n|switch|p2a: Hippowdon|Hippowdon, L50, M|100/100\n|switch|p2b: Stunfisk|Stunfisk, L50, M|100/100\n|-weather|RainDance|[from] ability: Drizzle|[of] p1a: Pelipper\n|-weather|Sandstorm|[from] ability: Sand Stream|[of] p2a: Hippowdon\n|turn|1\n|inactive|king_kobold has 30 seconds left.\n|inactive|Nansral26 has 30 seconds left.\n|inactive|king_kobold has 20 seconds left.\n|inactive|Nansral26 has 20 seconds left.\n|-activate|p2a: Hippowdon|item: Quick Claw\n|\n|t:|1776023182\n|move|p2a: Hippowdon|Fissure|p1b: Azumarill\n|-damage|p1b: Azumarill|0 fnt\n|faint|p1b: Azumarill\n|-ohko\n|move|p1a: Pelipper|U-turn|p2b: Stunfisk\n|-damage|p2b: Stunfisk|93/100\n|\n|t:|1776023193\n|switch|p1a: Dragonite|Dragonite, L50, F|100/100|[from] U-turn\n|move|p2b: Stunfisk|Fissure|p1a: Dragonite\n|-immune|p1a: Dragonite\n|\n|-weather|Sandstorm|[upkeep]\n|-damage|p1a: Dragonite|95/100|[from] Sandstorm\n|upkeep\n|\n|t:|1776023195\n|switch|p1b: Pelipper|Pelipper, L50, F|100/100\n|-weather|RainDance|[from] ability: Drizzle|[of] p1b: Pelipper\n|turn|2\n|inactive|king_kobold has 30 seconds left.\n|\n|t:|1776023224\n|switch|p2a: Maushold|Maushold, L50|100/100\n|detailschange|p1a: Dragonite|Dragonite-Mega, L50, F\n|-mega|p1a: Dragonite|Dragonite|Dragoninite\n|move|p1a: Dragonite|Hurricane|p2a: Maushold\n|-damage|p2a: Maushold|0 fnt\n|faint|p2a: Maushold\n|move|p1b: Pelipper|Hurricane|p2b: Stunfisk\n|-resisted|p2b: Stunfisk|1\n|-damage|p2b: Stunfisk|76/100\n|move|p2b: Stunfisk|Yawn|p1a: Dragonite\n|-start|p1a: Dragonite|move: Yawn|[of] p2b: Stunfisk\n|\n|-weather|RainDance|[upkeep]\n|upkeep\n|\n|t:|1776023238\n|switch|p2a: Hippowdon|Hippowdon, L50, M|100/100\n|-weather|Sandstorm|[from] ability: Sand Stream|[of] p2a: Hippowdon\n|turn|3\n|inactive|Nansral26 has 30 seconds left.\n|inactive|king_kobold has 30 seconds left.\n|\n|t:|1776023270\n|move|p1a: Dragonite|Draco Meteor|p2b: Stunfisk\n|-damage|p2b: Stunfisk|27/100\n|-unboost|p1a: Dragonite|spa|2\n|move|p1b: Pelipper|U-turn|p2a: Hippowdon\n|-damage|p2a: Hippowdon|95/100\n|\n|t:|1776023273\n|switch|p1b: Archaludon|Archaludon, L50, M|100/100|[from] U-turn\n|move|p2a: Hippowdon|Body Press|p1a: Dragonite\n|-resisted|p1a: Dragonite|1\n|-damage|p1a: Dragonite|80/100\n|move|p2b: Stunfisk|Foul Play|p1b: Archaludon\n|-damage|p1b: Archaludon|83/100\n|-ability|p1b: Archaludon|Stamina|boost\n|-boost|p1b: Archaludon|def|1\n|\n|-weather|Sandstorm|[upkeep]\n|-damage|p1a: Dragonite|74/100|[from] Sandstorm\n|-heal|p1b: Archaludon|89/100|[from] item: Leftovers\n|-end|p1a: Dragonite|move: Yawn|[silent]\n|-status|p1a: Dragonite|slp\n|upkeep\n|turn|4\n|\n|t:|1776023286\n|switch|p1a: Pelipper|Pelipper, L50, F|100/100\n|-weather|RainDance|[from] ability: Drizzle|[of] p1a: Pelipper\n|move|p1b: Archaludon|Aura Sphere|p2b: Stunfisk\n|-damage|p2b: Stunfisk|9/100\n|move|p2a: Hippowdon|Fissure|p1b: Archaludon|[miss]\n|-miss|p2a: Hippowdon|p1b: Archaludon\n|move|p2b: Stunfisk|Fissure|p1b: Archaludon|[miss]\n|-miss|p2b: Stunfisk|p1b: Archaludon\n|\n|-weather|RainDance|[upkeep]\n|-heal|p1b: Archaludon|95/100|[from] item: Leftovers\n|upkeep\n|turn|5\n|inactive|king_kobold has 30 seconds left.\n|inactive|Nansral26 has 30 seconds left.\n|-activate|p2a: Hippowdon|item: Quick Claw\n|\n|t:|1776023317\n|move|p2a: Hippowdon|Fissure|p1b: Archaludon\n|-damage|p1b: Archaludon|0 fnt\n|faint|p1b: Archaludon\n|-ohko\n|move|p1a: Pelipper|U-turn|p2b: Stunfisk\n|-damage|p2b: Stunfisk|1/100\n|\n|t:|1776023320\n|switch|p1a: Dragonite|Dragonite-Mega, L50, F|74/100 slp|[from] U-turn\n|move|p2b: Stunfisk|Fissure|p1a: Dragonite\n|-immune|p1a: Dragonite\n|\n|-weather|RainDance|[upkeep]\n|upkeep\n|\n|t:|1776023323\n|switch|p1b: Pelipper|Pelipper, L50, F|100/100\n|turn|6\n|-message|king_kobold forfeited.\n|\n|win|Nansral26\n|l|\u2606king_kobold\n|player|p1|\n",
  "uploadtime": 1776023344,
  "views": 39,
  "formatid": "gen9championsvgc2026regma",
  "rating": null,
  "private": 0,
  "password": null
}