{
  "id": "gen9championsvgc2026regma-2587893362",
  "format": "[Gen 9 Champions] VGC 2026 Reg M-A",
  "players": [
    "Mintbiscuit",
    "ircktomfrd"
  ],
  "log": "|j|\u2606Mintbiscuit\n|j|\u2606ircktomfrd\n|t:|1776575573\n|gametype|doubles\n|player|p1|Mintbiscuit|depotagent|1090\n|player|p2|ircktomfrd|flannery|1143\n|gen|9\n|tier|[Gen 9 Champions] VGC 2026 Reg M-A\n|rated|\n|rule|Species Clause: Limit one of each Pok\u00e9mon\n|rule|Item Clause: Limit 1 of each item\n|clearpoke\n|poke|p1|Passimian, L50, F, shiny|\n|poke|p1|Starmie, L50|\n|poke|p1|Talonflame, L50, M|\n|poke|p1|Aerodactyl, L50, F|\n|poke|p1|Ninetales-Alola, L50, F|\n|poke|p1|Sinistcha, L50|\n|poke|p2|Gallade, L50, M, shiny|\n|poke|p2|Sylveon, L50, F|\n|poke|p2|Tyranitar, L50, M|\n|poke|p2|Gyarados, L50, M|\n|poke|p2|Talonflame, L50, M|\n|poke|p2|Scizor, L50, F|\n|teampreview|4\n|inactive|Battle timer is ON: inactive players will automatically lose when time's up. (requested by ircktomfrd)\n|inactive|ircktomfrd has 60 seconds left.\n|\n|t:|1776575622\n|teamsize|p1|4\n|teamsize|p2|4\n|start\n|switch|p1a: Passimian|Passimian, L50, F, shiny|100/100\n|switch|p1b: Starmie|Starmie, L50|100/100\n|switch|p2a: Gallade|Gallade, L50, M, shiny|100/100\n|switch|p2b: Gyarados|Gyarados, L50, M|100/100\n|-ability|p2b: Gyarados|Intimidate|boost\n|-unboost|p1a: Passimian|atk|1\n|-unboost|p1b: Starmie|atk|1\n|turn|1\n|\n|t:|1776575636\n|detailschange|p1b: Starmie|Starmie-Mega, L50\n|-mega|p1b: Starmie|Starmie|Starminite\n|detailschange|p2b: Gyarados|Gyarados-Mega, L50, M\n|-mega|p2b: Gyarados|Gyarados|Gyaradosite\n|-ability|p2b: Gyarados|Mold Breaker\n|move|p1a: Passimian|Protect|p1a: Passimian\n|-singleturn|p1a: Passimian|Protect\n|move|p1b: Starmie|Self-Destruct|p2b: Gyarados|[spread] p2a,p2b\n|-activate|p1a: Passimian|move: Protect\n|-enditem|p2a: Gallade|Focus Sash\n|-damage|p2a: Gallade|1/100\n|-damage|p2b: Gyarados|42/100\n|faint|p1b: Starmie\n|-ability|p1a: Passimian|Huge Power|Receiver|[from] ability: Receiver|[of] p1b: Starmie\n|move|p2b: Gyarados|Dragon Dance|p2b: Gyarados\n|-boost|p2b: Gyarados|atk|1\n|-boost|p2b: Gyarados|spe|1\n|move|p2a: Gallade|Psycho Cut|p1a: Passimian\n|-activate|p1a: Passimian|move: Protect\n|\n|upkeep\n|\n|t:|1776575650\n|switch|p1b: Talonflame|Talonflame, L50, M|100/100\n|turn|2\n|c|\u2606ircktomfrd|i aint een kno dat bitch gets self destro\n|c|\u2606ircktomfrd|gaddam\n|c|\u2606Mintbiscuit|me neither\n|c|\u2606ircktomfrd|knowledge now aye\n|inactive|ircktomfrd has 30 seconds left.\n|c|\u2606Mintbiscuit|keep it on the down low!\n|inactive|ircktomfrd has 20 seconds left.\n|c|\u2606ircktomfrd|jajaja fosh fosho\n|inactive|ircktomfrd has 15 seconds left.\n|inactive|ircktomfrd has 10 seconds left.\n|inactive|ircktomfrd has 5 seconds left.\n|\n|t:|1776575703\n|move|p1b: Talonflame|Tailwind|p1b: Talonflame\n|-sidestart|p1: Mintbiscuit|move: Tailwind\n|move|p1a: Passimian|Earthquake|p2b: Gyarados|[spread] p2a,p2b\n|-immune|p1b: Talonflame\n|-damage|p2a: Gallade|0 fnt\n|-damage|p2b: Gyarados|8/100\n|faint|p2a: Gallade\n|move|p2b: Gyarados|Waterfall|p1b: Talonflame\n|-supereffective|p1b: Talonflame|1\n|-damage|p1b: Talonflame|0 fnt\n|faint|p1b: Talonflame\n|\n|upkeep\n|\n|t:|1776575714\n|switch|p1b: Ninetales|Ninetales-Alola, L50, F|100/100\n|switch|p2a: Talonflame|Talonflame, L50, M|100/100\n|-weather|Snowscape|[from] ability: Snow Warning|[of] p1b: Ninetales\n|turn|3\n|inactive|Mintbiscuit has 30 seconds left.\n|inactive|ircktomfrd has 30 seconds left.\n|\n|t:|1776575750\n|move|p2a: Talonflame|Tailwind|p2a: Talonflame\n|-sidestart|p2: ircktomfrd|move: Tailwind\n|move|p2b: Gyarados|Waterfall|p1b: Ninetales\n|-damage|p1b: Ninetales|38/100\n|move|p1b: Ninetales|Aurora Veil|p1b: Ninetales\n|-sidestart|p1: Mintbiscuit|move: Aurora Veil\n|move|p1a: Passimian|Close Combat|p2b: Gyarados\n|-supereffective|p2b: Gyarados|1\n|-damage|p2b: Gyarados|0 fnt\n|-unboost|p1a: Passimian|def|1\n|-unboost|p1a: Passimian|spd|1\n|faint|p2b: Gyarados\n|\n|-weather|Snowscape|[upkeep]\n|upkeep\n|\n|t:|1776575756\n|switch|p2b: Scizor|Scizor, L50, F|100/100\n|turn|4\n|\n|t:|1776575769\n|move|p2a: Talonflame|Acrobatics|p1a: Passimian\n|-supereffective|p1a: Passimian|1\n|-damage|p1a: Passimian|12/100\n|move|p1b: Ninetales|Blizzard|p2a: Talonflame|[spread] p2a,p2b\n|-resisted|p2b: Scizor|1\n|-damage|p2a: Talonflame|51/100\n|-damage|p2b: Scizor|80/100\n|move|p1a: Passimian|Close Combat|p2b: Scizor\n|-damage|p2b: Scizor|0 fnt\n|-unboost|p1a: Passimian|def|1\n|-unboost|p1a: Passimian|spd|1\n|faint|p2b: Scizor\n|\n|-weather|Snowscape|[upkeep]\n|upkeep\n|turn|5\n|\n|t:|1776575787\n|move|p2a: Talonflame|Acrobatics|p1b: Ninetales\n|-damage|p1b: Ninetales|13/100\n|move|p1b: Ninetales|Blizzard|p2a: Talonflame\n|-damage|p2a: Talonflame|0 fnt\n|faint|p2a: Talonflame\n|\n|win|Mintbiscuit\n|raw|Mintbiscuit's rating: 1090 &rarr; <strong>1121</strong><br />(+31 for winning)\n|raw|ircktomfrd's rating: 1143 &rarr; <strong>1114</strong><br />(-29 for losing)\n|c|\u2606ircktomfrd|hotdamn got da done greedy w da swords dance aye jajaja\n|c|\u2606ircktomfrd|gg my bredda\n|c|\u2606Mintbiscuit|all g gg\n|c|\u2606ircktomfrd|keep the self plo on the down lo\n|c|\u2606ircktomfrd|i gotchu fosho\n|c|\u2606Mintbiscuit|ofc\n|l|\u2606ircktomfrd\n|player|p2|\n",
  "uploadtime": 1776575844,
  "views": 15,
  "formatid": "gen9championsvgc2026regma",
  "rating": 1114,
  "private": 0,
  "password": null
}