{
  "id": "gen9championsvgc2026regma-2580917871",
  "format": "[Gen 9 Champions] VGC 2026 Reg M-A",
  "players": [
    "Sfizio1908",
    "Dirtmaster3000"
  ],
  "log": "|j|\u2606Sfizio1908\n|j|\u2606Dirtmaster3000\n|html|<table width=\"100%\"><tr><td align=\"left\">Sfizio1908</td><td align=\"right\">Dirtmaster3000</tr><tr><td align=\"left\"><i class=\"fa fa-circle\"></i> <i class=\"fa fa-circle-o\"></i> </td><td align=\"right\"><i class=\"fa fa-circle-o\"></i> <i class=\"fa fa-circle-o\"></i> </tr></table>\n|uhtml|bestof|<h2><strong>Game 2</strong> of <a href=\"/game-bestof3-gen9championsvgc2026regma-2580912129\">a best-of-3</a></h2>\n|t:|1775943217\n|gametype|doubles\n|player|p1|Sfizio1908|ethan|\n|player|p2|Dirtmaster3000|ethan|\n|gen|9\n|tier|[Gen 9 Champions] VGC 2026 Reg M-A\n|rule|Species Clause: Limit one of each Pok\u00e9mon\n|rule|Item Clause: Limit 1 of each item\n|raw|<div class=\"infobox\"><details class=\"readmore\" open><summary><strong>1 custom rule:</strong></summary> Best of = 3</details></div>\n|clearpoke\n|poke|p1|Charizard, L50, F|\n|poke|p1|Whimsicott, L50, F|\n|poke|p1|Farigiraf, L50, F|\n|poke|p1|Sneasler, L50, M|\n|poke|p1|Basculegion, L50, M|\n|poke|p1|Meowscarada, L50, M|\n|poke|p2|Farigiraf, L50, F|\n|poke|p2|Pelipper, L50, M|\n|poke|p2|Basculegion, L50, M|\n|poke|p2|Meganium, L50, M|\n|poke|p2|Incineroar, L50, F|\n|poke|p2|Archaludon, L50, F|\n|teampreview|4\nSfizio1908 has agreed to open team sheets.\nDirtmaster3000 has agreed to open team sheets.\n|showteam|p1|Charizard||CharizarditeY|SolarPower|HeatWave,Overheat,SolarBeam,Protect|||F|||50|]Whimsicott||FocusSash|Prankster|Moonblast,Tailwind,Encore,Protect|||F|||50|]Farigiraf||SitrusBerry|ArmorTail|Psychic,HyperVoice,HelpingHand,TrickRoom|||F|||50|]Sneasler||WhiteHerb|Unburden|CloseCombat,DireClaw,FakeOut,Protect|||M|||50|]Basculegion||ChoiceScarf|Adaptability|WaveCrash,AquaJet,LastRespects,IceBeam|||M|||50|]Meowscarada||MiracleSeed|Protean|FlowerTrick,Uturn,SuckerPunch,Protect|||M|||50|\n|showteam|p2|Farigiraf||Leftovers|ArmorTail|Psychic,HelpingHand,TrickRoom,Protect|||F|||50|]Pelipper||FocusSash|Drizzle|Hurricane,WeatherBall,Tailwind,Protect|||M|||50|]Basculegion||ChoiceScarf|Adaptability|WaveCrash,LastRespects,AquaJet,FlipTurn|||M|||50|]Meganium||Meganiumite|Overgrow|SolarBeam,WeatherBall,Synthesis,Protect|||M|||50|]Incineroar||SitrusBerry|Intimidate|FakeOut,DarkestLariat,WillOWisp,PartingShot|||F|||50|]Archaludon||WhiteHerb|Sturdy|ElectroShot,DracoMeteor,FlashCannon,Protect|||F|||50|\n|\n|t:|1775943283\n|teamsize|p1|4\n|teamsize|p2|4\n|start\n|switch|p1a: Farigiraf|Farigiraf, L50, F|100/100\n|switch|p1b: Charizard|Charizard, L50, F|100/100\n|switch|p2a: Pelipper|Pelipper, L50, M|100/100\n|switch|p2b: Basculegion|Basculegion, L50, M|100/100\n|-weather|RainDance|[from] ability: Drizzle|[of] p2a: Pelipper\n|turn|1\n|inactive|Battle timer is ON: inactive players will automatically lose when time's up. (requested by Dirtmaster3000)\n|inactive|Dirtmaster3000 has 60 seconds left.\n|\n|t:|1775943319\n|move|p1b: Charizard|Protect|p1b: Charizard\n|-singleturn|p1b: Charizard|Protect\n|move|p2b: Basculegion|Flip Turn|p1b: Charizard\n|-activate|p1b: Charizard|move: Protect\n|move|p2a: Pelipper|Tailwind|p2a: Pelipper\n|-sidestart|p2: Dirtmaster3000|move: Tailwind\n|move|p1a: Farigiraf|Trick Room|p1a: Farigiraf\n|-fieldstart|move: Trick Room|[of] p1a: Farigiraf\n|\n|-weather|RainDance|[upkeep]\n|upkeep\n|turn|2\n|inactive|Dirtmaster3000 has 30 seconds left.\n|inactive|Sfizio1908 has 30 seconds left.\n|\n|t:|1775943351\n|switch|p2a: Incineroar|Incineroar, L50, F|100/100\n|-ability|p2a: Incineroar|Intimidate|boost\n|-unboost|p1a: Farigiraf|atk|1\n|-unboost|p1b: Charizard|atk|1\n|detailschange|p1b: Charizard|Charizard-Mega-Y, L50, F\n|-mega|p1b: Charizard|Charizard|Charizardite Y\n|-weather|SunnyDay|[from] ability: Drought|[of] p1b: Charizard\n|move|p1a: Farigiraf|Helping Hand|p1b: Charizard\n|-singleturn|p1b: Charizard|Helping Hand|[of] p1a: Farigiraf\n|move|p1b: Charizard|Solar Beam||[still]\n|-prepare|p1b: Charizard|Solar Beam\n|-anim|p1b: Charizard|Solar Beam|p2a: Incineroar\n|-resisted|p2a: Incineroar|1\n|-damage|p2a: Incineroar|67/100\n|move|p2b: Basculegion|Flip Turn|p1b: Charizard\n|-supereffective|p1b: Charizard|1\n|-damage|p1b: Charizard|41/100\n|\n|t:|1775943371\n|switch|p2b: Farigiraf|Farigiraf, L50, F, shiny|100/100|[from] Flip Turn\n|\n|-weather|SunnyDay|[upkeep]\n|upkeep\n|turn|3\n|\n|t:|1775943396\n|switch|p1b: Sneasler|Sneasler, L50, M|100/100\n|move|p1a: Farigiraf|Hyper Voice|p2a: Incineroar|[spread] p2a,p2b\n|-damage|p2a: Incineroar|45/100\n|-damage|p2b: Farigiraf|82/100\n|-enditem|p2a: Incineroar|Sitrus Berry|[eat]\n|-heal|p2a: Incineroar|70/100|[from] item: Sitrus Berry\n|move|p2a: Incineroar|Parting Shot|p1b: Sneasler\n|-unboost|p1b: Sneasler|atk|1\n|-unboost|p1b: Sneasler|spa|1\n|\n|t:|1775943411\n|switch|p2a: Pelipper|Pelipper, L50, M|100/100|[from] Parting Shot\n|-enditem|p1b: Sneasler|White Herb\n|-clearnegativeboost|p1b: Sneasler|[silent]\n|-weather|RainDance|[from] ability: Drizzle|[of] p2a: Pelipper\n|move|p2b: Farigiraf|Trick Room|p2b: Farigiraf\n|-fieldend|move: Trick Room\n|\n|-weather|RainDance|[upkeep]\n|-heal|p2b: Farigiraf|88/100|[from] item: Leftovers\n|upkeep\n|turn|4\n|inactive|Sfizio1908 has 30 seconds left.\n|inactive|Dirtmaster3000 has 30 seconds left.\n|inactive|Sfizio1908 has 20 seconds left.\n|inactive|Sfizio1908 has 15 seconds left.\n|inactive|Sfizio1908 has 10 seconds left.\n|\n|t:|1775943458\n|switch|p2b: Incineroar|Incineroar, L50, F|70/100\n|-ability|p2b: Incineroar|Intimidate|boost\n|-unboost|p1a: Farigiraf|atk|1\n|-unboost|p1b: Sneasler|atk|1\n|move|p1b: Sneasler|Dire Claw|p2b: Incineroar\n|-damage|p2b: Incineroar|47/100\n|move|p2a: Pelipper|Hurricane|p1b: Sneasler\n|-supereffective|p1b: Sneasler|1\n|-damage|p1b: Sneasler|0 fnt\n|faint|p1b: Sneasler\n|move|p1a: Farigiraf|Psychic|p2b: Incineroar\n|-immune|p2b: Incineroar\n|\n|-weather|RainDance|[upkeep]\n|-sideend|p2: Dirtmaster3000|move: Tailwind\n|upkeep\n|\n|t:|1775943472\n|switch|p1b: Charizard|Charizard-Mega-Y, L50, F|41/100\n|-weather|SunnyDay|[from] ability: Drought|[of] p1b: Charizard\n|turn|5\n|\n|t:|1775943492\n|switch|p2a: Farigiraf|Farigiraf, L50, F, shiny|88/100\n|move|p1a: Farigiraf|Helping Hand|p1b: Charizard\n|-singleturn|p1b: Charizard|Helping Hand|[of] p1a: Farigiraf\n|move|p1b: Charizard|Solar Beam||[still]\n|-prepare|p1b: Charizard|Solar Beam\n|-anim|p1b: Charizard|Solar Beam|p2a: Farigiraf\n|-damage|p2a: Farigiraf|34/100\n|move|p2b: Incineroar|Darkest Lariat|p1a: Farigiraf\n|-supereffective|p1a: Farigiraf|1\n|-damage|p1a: Farigiraf|52/100\n|\n|-weather|SunnyDay|[upkeep]\n|-heal|p2a: Farigiraf|41/100|[from] item: Leftovers\n|upkeep\n|turn|6\n|inactive|Sfizio1908 has 30 seconds left.\n|inactive|Dirtmaster3000 has 30 seconds left.\n|\n|t:|1775943527\n|switch|p2a: Pelipper|Pelipper, L50, M|100/100\n|-weather|RainDance|[from] ability: Drizzle|[of] p2a: Pelipper\n|move|p1a: Farigiraf|Helping Hand|p1b: Charizard\n|-singleturn|p1b: Charizard|Helping Hand|[of] p1a: Farigiraf\n|move|p1b: Charizard|Heat Wave|p2b: Incineroar|[spread] p2a,p2b\n|-resisted|p2a: Pelipper|1\n|-resisted|p2b: Incineroar|1\n|-damage|p2a: Pelipper|72/100\n|-damage|p2b: Incineroar|35/100\n|move|p2b: Incineroar|Darkest Lariat|p1a: Farigiraf\n|-supereffective|p1a: Farigiraf|1\n|-damage|p1a: Farigiraf|4/100\n|-enditem|p1a: Farigiraf|Sitrus Berry|[eat]\n|-heal|p1a: Farigiraf|28/100|[from] item: Sitrus Berry\n|\n|-weather|RainDance|[upkeep]\n|upkeep\n|turn|7\n|\n|t:|1775943549\n|switch|p1b: Meowscarada|Meowscarada, L50, M|100/100\n|switch|p2a: Basculegion|Basculegion, L50, M|100/100\n|move|p2b: Incineroar|Darkest Lariat|p1a: Farigiraf\n|-supereffective|p1a: Farigiraf|1\n|-damage|p1a: Farigiraf|0 fnt\n|faint|p1a: Farigiraf\n|\n|-weather|RainDance|[upkeep]\n|upkeep\n|\n|t:|1775943557\n|switch|p1a: Charizard|Charizard-Mega-Y, L50, F|41/100\n|-weather|SunnyDay|[from] ability: Drought|[of] p1a: Charizard\n|turn|8\n|\n|t:|1775943571\n|switch|p2b: Pelipper|Pelipper, L50, M|72/100\n|-weather|RainDance|[from] ability: Drizzle|[of] p2b: Pelipper\n|move|p1a: Charizard|Protect|p1a: Charizard\n|-singleturn|p1a: Charizard|Protect\n|move|p2a: Basculegion|Flip Turn|p1a: Charizard\n|-activate|p1a: Charizard|move: Protect\n|move|p1b: Meowscarada|Flower Trick|p2a: Basculegion\n|-start|p1b: Meowscarada|typechange|Grass|[from] ability: Protean\n|-supereffective|p2a: Basculegion|1\n|-crit|p2a: Basculegion\n|-damage|p2a: Basculegion|0 fnt\n|faint|p2a: Basculegion\n|\n|-weather|RainDance|[upkeep]\n|upkeep\n|\n|t:|1775943595\n|switch|p2a: Incineroar|Incineroar, L50, F|35/100\n|-ability|p2a: Incineroar|Intimidate|boost\n|-unboost|p1a: Charizard|atk|1\n|-unboost|p1b: Meowscarada|atk|1\n|turn|9\n|inactive|Sfizio1908 has 30 seconds left.\n|\n|t:|1775943621\n|move|p2a: Incineroar|Fake Out|p1b: Meowscarada\n|-damage|p1b: Meowscarada|84/100\n|cant|p1b: Meowscarada|flinch\n|move|p1a: Charizard|Solar Beam||[still]\n|-prepare|p1a: Charizard|Solar Beam\n|move|p2b: Pelipper|Tailwind|p2b: Pelipper\n|-sidestart|p2: Dirtmaster3000|move: Tailwind\n|\n|-weather|RainDance|[upkeep]\n|upkeep\n|turn|10\n|inactive|Dirtmaster3000 has 30 seconds left.\n|\n|t:|1775943648\n|switch|p2a: Farigiraf|Farigiraf, L50, F, shiny|41/100\n|move|p2b: Pelipper|Weather Ball|p1a: Charizard\n|-supereffective|p1a: Charizard|1\n|-damage|p1a: Charizard|0 fnt\n|faint|p1a: Charizard\n|move|p1b: Meowscarada|U-turn|p2a: Farigiraf\n|-supereffective|p2a: Farigiraf|1\n|-damage|p2a: Farigiraf|14/100\n|\n|-weather|RainDance|[upkeep]\n|-heal|p2a: Farigiraf|20/100|[from] item: Leftovers\n|upkeep\n|turn|11\n|\n|t:|1775943670\n|move|p2a: Farigiraf|Helping Hand|p2b: Pelipper\n|-singleturn|p2b: Pelipper|Helping Hand|[of] p2a: Farigiraf\n|move|p2b: Pelipper|Hurricane|p1b: Meowscarada\n|-supereffective|p1b: Meowscarada|1\n|-damage|p1b: Meowscarada|0 fnt\n|faint|p1b: Meowscarada\n|\n|win|Dirtmaster3000\n||Sfizio1908 is ready for game 3.\n||Dirtmaster3000 is ready for game 3.\n|uhtml|next|Next: <a href=\"/battle-gen9championsvgc2026regma-2580923321\"><strong>Game 3 of 3</strong></a>\n|l|\u2606Sfizio1908\n|player|p1|\n",
  "uploadtime": 1775944280,
  "views": 12,
  "formatid": "gen9championsvgc2026regma",
  "rating": null,
  "private": 0,
  "password": null
}