{
  "id": "gen9championsvgc2026regma-2586682169",
  "format": "[Gen 9 Champions] VGC 2026 Reg M-A",
  "players": [
    "Sammias",
    "Batman021"
  ],
  "log": "|j|\u2606Sammias\n|j|\u2606Batman021\n|t:|1776451819\n|gametype|doubles\n|player|p1|Sammias|miku-ground|1186\n|player|p2|Batman021|1|1178\n|gen|9\n|tier|[Gen 9 Champions] VGC 2026 Reg M-A\n|rated|\n|rule|Species Clause: Limit one of each Pok\u00e9mon\n|rule|Item Clause: Limit 1 of each item\n|clearpoke\n|poke|p1|Typhlosion-Hisui, L50, F|\n|poke|p1|Whimsicott, L50, M|\n|poke|p1|Floette-Eternal, L50, F|\n|poke|p1|Sinistcha, L50|\n|poke|p1|Aerodactyl, L50, M|\n|poke|p1|Garchomp, L50, F|\n|poke|p2|Steelix, L50, F|\n|poke|p2|Tyranitar, L50, M|\n|poke|p2|Medicham, L50, M|\n|poke|p2|Garchomp, L50, M|\n|poke|p2|Ditto, L50|\n|poke|p2|Meowscarada, L50, F|\n|teampreview|4\n|inactive|Battle timer is ON: inactive players will automatically lose when time's up. (requested by Sammias)\n|inactive|Batman021 also wants the timer to be on.\n|inactive|Batman021 has 60 seconds left.\n|\n|t:|1776451850\n|teamsize|p1|4\n|teamsize|p2|4\n|start\n|switch|p1a: Typhlosion|Typhlosion-Hisui, L50, F|100/100\n|switch|p1b: Floette|Floette-Eternal, L50, F|100/100\n|switch|p2a: Steelix|Steelix, L50, F|100/100\n|switch|p2b: Tyranitar|Tyranitar, L50, M|100/100\n|-weather|Sandstorm|[from] ability: Sand Stream|[of] p2b: Tyranitar\n|turn|1\n|\n|t:|1776451871\n|detailschange|p1b: Floette|Floette-Mega, L50, F\n|-mega|p1b: Floette|Floette|Floettite\n|-ability|p1b: Floette|Fairy Aura\n|move|p1a: Typhlosion|Eruption|p2a: Steelix|[spread] p2a,p2b\n|-supereffective|p2a: Steelix|1\n|-resisted|p2b: Tyranitar|1\n|-damage|p2a: Steelix|0 fnt\n|-damage|p2b: Tyranitar|85/100\n|faint|p2a: Steelix\n|move|p1b: Floette|Dazzling Gleam|p2b: Tyranitar\n|-supereffective|p2b: Tyranitar|1\n|-damage|p2b: Tyranitar|21/100\n|move|p2b: Tyranitar|Rock Slide|p1b: Floette|[spread] p1a,p1b\n|-supereffective|p1a: Typhlosion|1\n|-damage|p1a: Typhlosion|20/100\n|-damage|p1b: Floette|66/100\n|\n|-weather|Sandstorm|[upkeep]\n|-damage|p1a: Typhlosion|14/100|[from] Sandstorm\n|-damage|p1b: Floette|60/100|[from] Sandstorm\n|upkeep\n|\n|t:|1776451892\n|switch|p2a: Garchomp|Garchomp, L50, M|100/100\n|turn|2\n|\n|t:|1776451899\n|switch|p1a: Sinistcha|Sinistcha, L50|100/100\n|-heal|p1b: Floette|85/100|[from] ability: Hospitality|[of] p1a: Sinistcha\n|detailschange|p2a: Garchomp|Garchomp-Mega, L50, M\n|-mega|p2a: Garchomp|Garchomp|Garchompite\n|move|p1b: Floette|Dazzling Gleam|p2b: Tyranitar|[spread] p2a,p2b\n|-supereffective|p2a: Garchomp|1\n|-supereffective|p2b: Tyranitar|1\n|-damage|p2a: Garchomp|25/100\n|-damage|p2b: Tyranitar|0 fnt\n|faint|p2b: Tyranitar\n|move|p2a: Garchomp|Earthquake|p1a: Sinistcha|[spread] p1a,p1b\n|-resisted|p1a: Sinistcha|1\n|-damage|p1a: Sinistcha|74/100\n|-damage|p1b: Floette|13/100\n|\n|-weather|Sandstorm|[upkeep]\n|-damage|p1b: Floette|7/100|[from] Sandstorm\n|-damage|p1a: Sinistcha|69/100|[from] Sandstorm\n|upkeep\n|\n|t:|1776451916\n|switch|p2b: Medicham|Medicham, L50, M|100/100\n|turn|3\n|\n|t:|1776451926\n|move|p1b: Floette|Protect|p1b: Floette\n|-singleturn|p1b: Floette|Protect\n|move|p2a: Garchomp|Protect|p2a: Garchomp\n|-singleturn|p2a: Garchomp|Protect\n|move|p2b: Medicham|Skill Swap|p2a: Garchomp\n|-activate|p2a: Garchomp|move: Protect\n|move|p1a: Sinistcha|Life Dew|p1a: Sinistcha|[spread] p1a,p1b\n|-heal|p1a: Sinistcha|94/100\n|-heal|p1b: Floette|32/100\n|\n|-weather|Sandstorm|[upkeep]\n|-damage|p1b: Floette|26/100|[from] Sandstorm\n|-damage|p2b: Medicham|95/100|[from] Sandstorm\n|-damage|p1a: Sinistcha|88/100|[from] Sandstorm\n|upkeep\n|turn|4\n|\n|t:|1776451944\n|move|p2a: Garchomp|Protect|p2a: Garchomp\n|-singleturn|p2a: Garchomp|Protect\n|move|p1b: Floette|Dazzling Gleam|p2b: Medicham|[spread] p2b\n|-activate|p2a: Garchomp|move: Protect\n|-supereffective|p2b: Medicham|1\n|-damage|p2b: Medicham|0 fnt\n|faint|p2b: Medicham\n|move|p1a: Sinistcha|Life Dew|p1a: Sinistcha|[spread] p1a,p1b\n|-heal|p1a: Sinistcha|100/100\n|-heal|p1b: Floette|51/100\n|\n|-weather|Sandstorm|[upkeep]\n|-damage|p1b: Floette|46/100|[from] Sandstorm\n|-damage|p1a: Sinistcha|95/100|[from] Sandstorm\n|upkeep\n|turn|5\n|\n|t:|1776451956\n|move|p1b: Floette|Moonblast|p2a: Garchomp\n|-supereffective|p2a: Garchomp|1\n|-damage|p2a: Garchomp|0 fnt\n|faint|p2a: Garchomp\n|\n|win|Sammias\n|raw|Sammias's rating: 1186 &rarr; <strong>1210</strong><br />(+24 for winning)\n|raw|Batman021's rating: 1178 &rarr; <strong>1154</strong><br />(-24 for losing)\n|l|\u2606Batman021\n|player|p2|\n",
  "uploadtime": 1776451969,
  "views": 26,
  "formatid": "gen9championsvgc2026regma",
  "rating": 1154,
  "private": 0,
  "password": null
}