{
  "id": "gen9championsvgc2026regma-2587975633",
  "format": "[Gen 9 Champions] VGC 2026 Reg M-A",
  "players": [
    "Disfrazdetigre",
    "Olympicsvgc"
  ],
  "log": "|j|\u2606Disfrazdetigre\n|j|\u2606Olympicsvgc\n|t:|1776587416\n|gametype|doubles\n|player|p1|Disfrazdetigre|266|1431\n|player|p2|Olympicsvgc|dawn|1368\n|gen|9\n|tier|[Gen 9 Champions] VGC 2026 Reg M-A\n|rated|\n|rule|Species Clause: Limit one of each Pok\u00e9mon\n|rule|Item Clause: Limit 1 of each item\n|clearpoke\n|poke|p1|Scizor, L50, M|\n|poke|p1|Milotic, L50, M|\n|poke|p1|Medicham, L50, F|\n|poke|p1|Arcanine-Hisui, L50, M|\n|poke|p1|Heliolisk, L50, F|\n|poke|p1|Hydreigon, L50, M|\n|poke|p2|Floette-Eternal, L50, F|\n|poke|p2|Ariados, L50, M|\n|poke|p2|Incineroar, L50, F|\n|poke|p2|Basculegion, L50, M|\n|poke|p2|Archaludon, L50, M|\n|poke|p2|Pelipper, L50, F|\n|teampreview|4\n|\n|t:|1776587489\n|teamsize|p1|4\n|teamsize|p2|4\n|start\n|switch|p1a: Ashera|Medicham, L50, F|100/100\n|switch|p1b: Rajaion|Heliolisk, L50, F|100/100\n|switch|p2a: Floette|Floette-Eternal, L50, F|100/100\n|switch|p2b: Ariados|Ariados, L50, M|100/100\n|turn|1\n|\n|t:|1776587512\n|detailschange|p1a: Ashera|Medicham-Mega, L50, F\n|-mega|p1a: Ashera|Medicham|Medichamite\n|move|p2a: Floette|Protect|p2a: Floette\n|-singleturn|p2a: Floette|Protect\n|move|p2b: Ariados|Protect|p2b: Ariados\n|-singleturn|p2b: Ariados|Protect\n|move|p1a: Ashera|Fake Out|p2b: Ariados\n|-activate|p2b: Ariados|move: Protect\n|move|p1b: Rajaion|Hyper Voice|p2b: Ariados|[spread] \n|-activate|p2a: Floette|move: Protect\n|-activate|p2b: Ariados|move: Protect\n|\n|upkeep\n|turn|2\n|\n|t:|1776587552\n|switch|p1a: Tibarn|Scizor, L50, M|100/100\n|detailschange|p2a: Floette|Floette-Mega, L50, F\n|-mega|p2a: Floette|Floette|Floettite\n|-ability|p2a: Floette|Fairy Aura\n|move|p2b: Ariados|Rage Powder|p2b: Ariados\n|-singleturn|p2b: Ariados|move: Rage Powder\n|move|p1b: Rajaion|Eerie Impulse|p2b: Ariados\n|-unboost|p2b: Ariados|spa|2\n|move|p2a: Floette|Dazzling Gleam|p1a: Tibarn|[spread] p1a,p1b\n|-resisted|p1a: Tibarn|1\n|-damage|p1a: Tibarn|71/100\n|-damage|p1b: Rajaion|40/100\n|\n|upkeep\n|turn|3\n|\n|t:|1776587574\n|switch|p2b: Incineroar|Incineroar, L50, F|100/100\n|-ability|p2b: Incineroar|Intimidate|boost\n|-unboost|p1a: Tibarn|atk|1\n|-unboost|p1b: Rajaion|atk|1\n|move|p2a: Floette|Protect|p2a: Floette\n|-singleturn|p2a: Floette|Protect\n|move|p1a: Tibarn|Bullet Punch|p2b: Incineroar\n|-resisted|p2b: Incineroar|1\n|-damage|p2b: Incineroar|90/100\n|move|p1b: Rajaion|Hyper Voice|p2b: Incineroar|[spread] p2b\n|-activate|p2a: Floette|move: Protect\n|-damage|p2b: Incineroar|68/100\n|\n|upkeep\n|turn|4\n|\n|t:|1776587602\n|move|p2b: Incineroar|Fake Out|p1a: Tibarn\n|-resisted|p1a: Tibarn|1\n|-damage|p1a: Tibarn|65/100\n|move|p1b: Rajaion|Eerie Impulse|p2a: Floette\n|-unboost|p2a: Floette|spa|2\n|move|p2a: Floette|Dazzling Gleam|p1a: Tibarn|[spread] p1a,p1b\n|-resisted|p1a: Tibarn|1\n|-damage|p1a: Tibarn|50/100\n|-damage|p1b: Rajaion|5/100\n|cant|p1a: Tibarn|flinch\n|\n|upkeep\n|turn|5\n|\n|t:|1776587639\n|switch|p2a: Archaludon|Archaludon, L50, M|100/100\n|switch|p1a: Ashera|Medicham-Mega, L50, F|100/100\n|move|p1b: Rajaion|Hyper Voice|p2a: Archaludon|[spread] p2a,p2b\n|-resisted|p2a: Archaludon|1\n|-damage|p2a: Archaludon|82/100\n|-damage|p2b: Incineroar|43/100\n|-enditem|p2b: Incineroar|Sitrus Berry|[eat]\n|-heal|p2b: Incineroar|68/100|[from] item: Sitrus Berry\n|move|p2b: Incineroar|Darkest Lariat|p1a: Ashera\n|-damage|p1a: Ashera|47/100\n|\n|upkeep\n|turn|6\n|\n|t:|1776587669\n|switch|p2b: Ariados|Ariados, L50, M|100/100\n|move|p2a: Archaludon|Protect|p2a: Archaludon\n|-singleturn|p2a: Archaludon|Protect\n|move|p1b: Rajaion|Eerie Impulse|p2a: Archaludon\n|-activate|p2a: Archaludon|move: Protect\n|move|p1a: Ashera|Close Combat|p2b: Ariados\n|-resisted|p2b: Ariados|2\n|-damage|p2b: Ariados|65/100\n|-unboost|p1a: Ashera|def|1\n|-unboost|p1a: Ashera|spd|1\n|\n|upkeep\n|turn|7\n|\n|t:|1776587690\n|switch|p1a: Ashnard|Hydreigon, L50, M|100/100\n|switch|p2b: Incineroar|Incineroar, L50, F|68/100\n|-ability|p2b: Incineroar|Intimidate|boost\n|-unboost|p1a: Ashnard|atk|1\n|-unboost|p1b: Rajaion|atk|1\n|move|p1b: Rajaion|Hyper Voice|p2b: Incineroar|[spread] p2a,p2b\n|-resisted|p2a: Archaludon|1\n|-damage|p2a: Archaludon|61/100\n|-damage|p2b: Incineroar|45/100\n|move|p2a: Archaludon|Flash Cannon|p1a: Ashnard\n|-damage|p1a: Ashnard|56/100\n|\n|upkeep\n|turn|8\n|\n|t:|1776587717\n|move|p1b: Rajaion|Protect|p1b: Rajaion\n|-singleturn|p1b: Rajaion|Protect\n|move|p2a: Archaludon|Protect|p2a: Archaludon\n|-singleturn|p2a: Archaludon|Protect\n|move|p1a: Ashnard|Superpower|p2b: Incineroar\n|-supereffective|p2b: Incineroar|1\n|-damage|p2b: Incineroar|0 fnt\n|-unboost|p1a: Ashnard|atk|1\n|-unboost|p1a: Ashnard|def|1\n|faint|p2b: Incineroar\n|\n|upkeep\n|\n|t:|1776587748\n|switch|p2b: Floette|Floette-Mega, L50, F|100/100\n|-ability|p2b: Floette|Fairy Aura\n|turn|9\n|\n|t:|1776587785\n|switch|p2a: Ariados|Ariados, L50, M|65/100\n|move|p1b: Rajaion|Eerie Impulse|p2b: Floette\n|-unboost|p2b: Floette|spa|2\n|move|p2b: Floette|Dazzling Gleam|p1a: Ashnard|[spread] p1a,p1b\n|-supereffective|p1a: Ashnard|2\n|-damage|p1a: Ashnard|0 fnt\n|-damage|p1b: Rajaion|0 fnt\n|faint|p1a: Ashnard\n|faint|p1b: Rajaion\n|\n|upkeep\n|\n|t:|1776587795\n|switch|p1b: Ashera|Medicham-Mega, L50, F|47/100\n|switch|p1a: Tibarn|Scizor, L50, M|50/100\n|turn|10\n|\n|t:|1776587812\n|move|p2b: Floette|Protect|p2b: Floette\n|-singleturn|p2b: Floette|Protect\n|move|p2a: Ariados|Protect|p2a: Ariados\n|-singleturn|p2a: Ariados|Protect\n|move|p1b: Ashera|Psycho Cut|p2a: Ariados\n|-activate|p2a: Ariados|move: Protect\n|move|p1a: Tibarn|Swords Dance|p1a: Tibarn\n|-boost|p1a: Tibarn|atk|2\n|\n|upkeep\n|turn|11\n|\n|t:|1776587833\n|move|p2a: Ariados|Rage Powder|p2a: Ariados\n|-singleturn|p2a: Ariados|move: Rage Powder\n|move|p1a: Tibarn|Bullet Punch|p2a: Ariados\n|-damage|p2a: Ariados|0 fnt\n|faint|p2a: Ariados\n|move|p1b: Ashera|Poison Jab|p2b: Floette\n|-supereffective|p2b: Floette|1\n|-damage|p2b: Floette|0 fnt\n|faint|p2b: Floette\n|\n|upkeep\n|\n|t:|1776587841\n|switch|p2b: Archaludon|Archaludon, L50, M|61/100\n|turn|12\n|-message|Olympicsvgc forfeited.\n|\n|win|Disfrazdetigre\n|raw|Disfrazdetigre's rating: 1431 &rarr; <strong>1447</strong><br />(+16 for winning)\n|raw|Olympicsvgc's rating: 1368 &rarr; <strong>1352</strong><br />(-16 for losing)\n|l|\u2606Olympicsvgc\n|player|p2|\n",
  "uploadtime": 1776587856,
  "views": 16,
  "formatid": "gen9championsvgc2026regma",
  "rating": 1352,
  "private": 0,
  "password": null
}