{
  "id": "gen9championsvgc2026regma-2584944831",
  "format": "[Gen 9 Champions] VGC 2026 Reg M-A",
  "players": [
    "sighmon",
    "YoIssManny"
  ],
  "log": "|j|\u2606sighmon\n|j|\u2606YoIssManny\n|t:|1776296893\n|gametype|doubles\n|player|p1|sighmon|169|1152\n|player|p2|YoIssManny|102|1065\n|gen|9\n|tier|[Gen 9 Champions] VGC 2026 Reg M-A\n|rated|\n|rule|Species Clause: Limit one of each Pok\u00e9mon\n|rule|Item Clause: Limit 1 of each item\n|clearpoke\n|poke|p1|Froslass, L50, F|\n|poke|p1|Tinkaton, L50, F|\n|poke|p1|Incineroar, L50, M|\n|poke|p1|Aerodactyl, L50, M|\n|poke|p1|Glimmora, L50, F|\n|poke|p1|Sneasler, L50, F|\n|poke|p2|Farigiraf, L50, M|\n|poke|p2|Crabominable, L50, M|\n|poke|p2|Froslass, L50, F|\n|poke|p2|Runerigus, L50, F|\n|poke|p2|Sneasler, L50, M|\n|poke|p2|Conkeldurr, L50, M|\n|teampreview|4\nsighmon rejected open team sheets.\n|\n|t:|1776296929\n|teamsize|p1|4\n|teamsize|p2|4\n|start\n|switch|p1a: Froslass|Froslass, L50, F|100/100\n|switch|p1b: Glimmora|Glimmora, L50, F, shiny|100/100\n|switch|p2a: Sneasler|Sneasler, L50, M|100/100\n|switch|p2b: Runerigus|Runerigus, L50, F|100/100\n|turn|1\n|\n|t:|1776296959\n|detailschange|p1a: Froslass|Froslass-Mega, L50, F\n|-mega|p1a: Froslass|Froslass|Froslassite\n|-weather|Snowscape|[from] ability: Snow Warning|[of] p1a: Froslass\n|move|p1b: Glimmora|Spiky Shield|p1b: Glimmora\n|-singleturn|p1b: Glimmora|move: Protect\n|move|p1a: Froslass|Shadow Ball|p2b: Runerigus\n|-supereffective|p2b: Runerigus|1\n|-damage|p2b: Runerigus|29/100\n|move|p2a: Sneasler|Throat Chop|p1a: Froslass\n|-supereffective|p1a: Froslass|1\n|-damage|p1a: Froslass|33/100\n|-start|p1a: Froslass|Throat Chop|[silent]\n|move|p2b: Runerigus|Trick Room|p2b: Runerigus\n|-fieldstart|move: Trick Room|[of] p2b: Runerigus\n|\n|-weather|Snowscape|[upkeep]\n|upkeep\n|turn|2\n|\n|t:|1776296992\n|move|p1a: Froslass|Protect|p1a: Froslass\n|-singleturn|p1a: Froslass|Protect\n|move|p2b: Runerigus|Ally Switch|p2b: Runerigus\n|swap|p2b: Runerigus|0|[from] move: Ally Switch\n|move|p1b: Glimmora|Sludge Wave|p2a: Runerigus|[spread] p2a,p2b\n|-activate|p1a: Froslass|move: Protect\n|-resisted|p2a: Runerigus|2\n|-resisted|p2b: Sneasler|1\n|-damage|p2a: Runerigus|21/100\n|-damage|p2b: Sneasler|74/100\n|move|p2b: Sneasler|Throat Chop|p1a: Froslass\n|-activate|p1a: Froslass|move: Protect\n|\n|-weather|Snowscape|[upkeep]\n|-end|p1a: Froslass|Throat Chop|[silent]\n|upkeep\n|turn|3\n|\n|t:|1776297015\n|move|p2a: Runerigus|Body Press|p1b: Glimmora\n|-damage|p1b: Glimmora|65/100\n|-activate|p1b: Glimmora|ability: Toxic Debris\n|-sidestart|p2: YoIssManny|move: Toxic Spikes\n|move|p1b: Glimmora|Sludge Wave|p2a: Runerigus|[spread] p1a,p2a,p2b\n|-resisted|p1a: Froslass|1\n|-resisted|p2a: Runerigus|2\n|-resisted|p2b: Sneasler|1\n|-damage|p1a: Froslass|10/100\n|-damage|p2a: Runerigus|13/100\n|-damage|p2b: Sneasler|45/100\n|move|p2b: Sneasler|Throat Chop|p1a: Froslass\n|-supereffective|p1a: Froslass|1\n|-damage|p1a: Froslass|0 fnt\n|faint|p1a: Froslass\n|\n|-weather|Snowscape|[upkeep]\n|upkeep\n|\n|t:|1776297029\n|switch|p1a: Sneasler|Sneasler, L50, F|100/100\n|turn|4\n|\n|t:|1776297046\n|move|p1a: Sneasler|Fake Out|p2b: Sneasler\n|-damage|p2b: Sneasler|20/100\n|move|p2a: Runerigus|Will-O-Wisp|p1a: Sneasler\n|-status|p1a: Sneasler|brn\n|move|p1b: Glimmora|Power Gem|p2a: Runerigus\n|-resisted|p2a: Runerigus|1\n|-damage|p2a: Runerigus|0 fnt\n|faint|p2a: Runerigus\n|cant|p2b: Sneasler|flinch\n|\n|-weather|Snowscape|[upkeep]\n|-damage|p1a: Sneasler|95/100 brn|[from] brn\n|upkeep\n|\n|t:|1776297063\n|switch|p2a: Froslass|Froslass, L50, F|100/100\n|-status|p2a: Froslass|psn\n|turn|5\n|\n|t:|1776297133\n|switch|p2b: Crabominable|Crabominable, L50, M|100/100\n|-status|p2b: Crabominable|psn\n|move|p1b: Glimmora|Sludge Wave|p2b: Crabominable|[spread] p1a,p2a,p2b\n|-resisted|p1a: Sneasler|1\n|-resisted|p2a: Froslass|1\n|-damage|p1a: Sneasler|68/100 brn\n|-damage|p2a: Froslass|75/100 psn\n|-damage|p2b: Crabominable|58/100 psn\n|-start|p1b: Glimmora|Disable|Sludge Wave|[from] ability: Cursed Body|[of] p2a: Froslass\n|move|p1a: Sneasler|Dire Claw|p2a: Froslass\n|-resisted|p2a: Froslass|1\n|-damage|p2a: Froslass|64/100 psn\n|move|p2a: Froslass|Frost Breath|p2b: Crabominable|[miss]\n|-miss|p2a: Froslass|p2b: Crabominable\n|\n|-weather|none\n|-damage|p2b: Crabominable|45/100 psn|[from] psn\n|-damage|p2a: Froslass|52/100 psn|[from] psn\n|-damage|p1a: Sneasler|62/100 brn|[from] brn\n|-fieldend|move: Trick Room\n|upkeep\n|turn|6\n|\n|t:|1776297166\n|detailschange|p2b: Crabominable|Crabominable-Mega, L50, M\n|-mega|p2b: Crabominable|Crabominable|Crabominite\n|move|p2a: Froslass|Reflect|p2a: Froslass\n|-sidestart|p2: YoIssManny|Reflect\n|move|p1a: Sneasler|Close Combat|p2b: Crabominable\n|-supereffective|p2b: Crabominable|1\n|-damage|p2b: Crabominable|13/100 psn\n|-unboost|p1a: Sneasler|def|1\n|-unboost|p1a: Sneasler|spd|1\n|-enditem|p1a: Sneasler|White Herb\n|-clearnegativeboost|p1a: Sneasler|[silent]\n|move|p1b: Glimmora|Power Gem|p2a: Froslass\n|-supereffective|p2a: Froslass|1\n|-damage|p2a: Froslass|0 fnt\n|faint|p2a: Froslass\n|move|p2b: Crabominable|Drain Punch|p1b: Glimmora\n|-damage|p1b: Glimmora|0 fnt\n|-heal|p2b: Crabominable|39/100 psn|[from] drain|[of] p1b: Glimmora\n|-activate|p1b: Glimmora|ability: Toxic Debris\n|-sidestart|p2: YoIssManny|move: Toxic Spikes\n|faint|p1b: Glimmora\n|\n|-damage|p2b: Crabominable|27/100 psn|[from] psn\n|-damage|p1a: Sneasler|57/100 brn|[from] brn\n|upkeep\n|\n|t:|1776297185\n|switch|p2a: Sneasler|Sneasler, L50, M|20/100\n|switch|p1b: Aerodactyl|Aerodactyl, L50, M, shiny|100/100\n|-ability|p1b: Aerodactyl|Unnerve\n|-sideend|p2: YoIssManny|move: Toxic Spikes|[of] p2a: Sneasler\n|turn|7\n|\n|t:|1776297208\n|move|p1a: Sneasler|Quick Guard|p1a: Sneasler\n|-singleturn|p1a: Sneasler|Quick Guard\n|move|p1b: Aerodactyl|Tailwind|p1b: Aerodactyl\n|-sidestart|p1: sighmon|move: Tailwind\n|move|p2a: Sneasler|Close Combat|p1b: Aerodactyl\n|-enditem|p1b: Aerodactyl|Focus Sash\n|-damage|p1b: Aerodactyl|1/100\n|-unboost|p2a: Sneasler|def|1\n|-unboost|p2a: Sneasler|spd|1\n|-enditem|p2a: Sneasler|White Herb\n|-clearnegativeboost|p2a: Sneasler|[silent]\n|move|p2b: Crabominable|Rock Slide|p1b: Aerodactyl|[spread] p1a,p1b\n|-resisted|p1a: Sneasler|1\n|-supereffective|p1b: Aerodactyl|1\n|-damage|p1a: Sneasler|37/100 brn\n|-damage|p1b: Aerodactyl|0 fnt\n|faint|p1b: Aerodactyl\n|\n|-damage|p2b: Crabominable|14/100 psn|[from] psn\n|-damage|p1a: Sneasler|31/100 brn|[from] brn\n|upkeep\n|turn|8\n|\n|t:|1776297259\n|move|p1a: Sneasler|Close Combat|p2b: Crabominable\n|-supereffective|p2b: Crabominable|1\n|-damage|p2b: Crabominable|0 fnt\n|-unboost|p1a: Sneasler|def|1\n|-unboost|p1a: Sneasler|spd|1\n|faint|p2b: Crabominable\n|move|p2a: Sneasler|Close Combat|p1a: Sneasler\n|-resisted|p1a: Sneasler|1\n|-damage|p1a: Sneasler|0 fnt\n|-unboost|p2a: Sneasler|def|1\n|-unboost|p2a: Sneasler|spd|1\n|faint|p1a: Sneasler\n|\n|win|YoIssManny\n|raw|sighmon's rating: 1152 &rarr; <strong>1121</strong><br />(-31 for losing)\n|raw|YoIssManny's rating: 1065 &rarr; <strong>1103</strong><br />(+38 for winning)\n|l|\u2606sighmon\n|player|p1|\n",
  "uploadtime": 1776297273,
  "views": 23,
  "formatid": "gen9championsvgc2026regma",
  "rating": 1103,
  "private": 0,
  "password": null
}