{
  "id": "gen9championsvgc2026regma-2581992723",
  "format": "[Gen 9 Champions] VGC 2026 Reg M-A",
  "players": [
    "fffgs",
    "computer! stop!"
  ],
  "log": "|j|\u2606fffgs\n|j|\u2606computer! stop!\n|t:|1776046390\n|gametype|doubles\n|player|p1|fffgs|266|1203\n|player|p2|computer! stop!|jacinthe|1215\n|gen|9\n|tier|[Gen 9 Champions] VGC 2026 Reg M-A\n|rated|\n|rule|Species Clause: Limit one of each Pok\u00e9mon\n|rule|Item Clause: Limit 1 of each item\n|clearpoke\n|poke|p1|Farigiraf, L50, F|\n|poke|p1|Charizard, L50, F|\n|poke|p1|Venusaur, L50, M|\n|poke|p1|Crabominable, L50, M|\n|poke|p1|Incineroar, L50, F|\n|poke|p1|Torkoal, L50, M|\n|poke|p2|Scovillain, L50, F|\n|poke|p2|Basculegion, L50, M|\n|poke|p2|Garchomp, L50, M|\n|poke|p2|Orthworm, L50, M|\n|poke|p2|Delphox, L50, M|\n|poke|p2|Dragonite, L50, M|\n|teampreview|4\ncomputer! stop! rejected open team sheets.\n|\n|t:|1776046435\n|teamsize|p1|4\n|teamsize|p2|4\n|start\n|switch|p1a: Charizard|Charizard, L50, F|100/100\n|switch|p1b: Venusaur|Venusaur, L50, M|100/100\n|switch|p2a: Dragonite|Dragonite, L50, M|100/100\n|switch|p2b: Delphox|Delphox, L50, M, shiny|100/100\n|turn|1\n|\n|t:|1776046456\n|detailschange|p2b: Delphox|Delphox-Mega, L50, M, shiny\n|-mega|p2b: Delphox|Delphox|Delphoxite\n|detailschange|p1a: Charizard|Charizard-Mega-Y, L50, F\n|-mega|p1a: Charizard|Charizard|Charizardite Y\n|-weather|SunnyDay|[from] ability: Drought|[of] p1a: Charizard\n|move|p2b: Delphox|Protect|p2b: Delphox\n|-singleturn|p2b: Delphox|Protect\n|move|p1b: Venusaur|Sleep Powder|p2a: Dragonite\n|-status|p2a: Dragonite|slp|[from] move: Sleep Powder\n|-enditem|p2a: Dragonite|Lum Berry|[eat]\n|-curestatus|p2a: Dragonite|slp|[msg]\n|move|p1a: Charizard|Ancient Power|p2b: Delphox\n|-activate|p2b: Delphox|move: Protect\n|move|p2a: Dragonite|Tailwind|p2a: Dragonite\n|-sidestart|p2: computer! stop!|move: Tailwind\n|\n|-weather|SunnyDay|[upkeep]\n|upkeep\n|turn|2\n|\n|t:|1776046490\n|move|p2a: Dragonite|Extreme Speed|p1b: Venusaur\n|-damage|p1b: Venusaur|62/100\n|move|p2b: Delphox|Heat Wave|p1b: Venusaur|[spread] p1a,p1b\n|-resisted|p1a: Charizard|1\n|-supereffective|p1b: Venusaur|1\n|-damage|p1a: Charizard|68/100\n|-damage|p1b: Venusaur|0 fnt\n|faint|p1b: Venusaur\n|move|p1a: Charizard|Ancient Power|p2b: Delphox\n|-supereffective|p2b: Delphox|1\n|-damage|p2b: Delphox|55/100\n|\n|-weather|SunnyDay|[upkeep]\n|upkeep\n|\n|t:|1776046505\n|switch|p1b: Farigiraf|Farigiraf, L50, F|100/100\n|turn|3\n|\n|t:|1776046532\n|move|p1b: Farigiraf|Protect|p1b: Farigiraf\n|-singleturn|p1b: Farigiraf|Protect\n|move|p2b: Delphox|Mystical Fire|p1b: Farigiraf\n|-activate|p1b: Farigiraf|move: Protect\n|move|p2a: Dragonite|Scale Shot|p1b: Farigiraf\n|-activate|p1b: Farigiraf|move: Protect\n|move|p1a: Charizard|Overheat|p2b: Delphox\n|-resisted|p2b: Delphox|1\n|-damage|p2b: Delphox|0 fnt\n|-unboost|p1a: Charizard|spa|2\n|faint|p2b: Delphox\n|\n|-weather|SunnyDay|[upkeep]\n|upkeep\n|\n|t:|1776046540\n|switch|p2b: Garchomp|Garchomp, L50, M, shiny|100/100\n|turn|4\n|\n|t:|1776046551\n|switch|p1a: Torkoal|Torkoal, L50, M|100/100\n|move|p2b: Garchomp|Rock Slide|p1a: Torkoal|[spread] p1b\n|-miss|p2b: Garchomp|p1a: Torkoal\n|-damage|p1b: Farigiraf|85/100\n|move|p2a: Dragonite|Scale Shot|p1b: Farigiraf\n|-damage|p1b: Farigiraf|72/100\n|-damage|p1b: Farigiraf|60/100\n|-hitcount|p1b: Farigiraf|2\n|-unboost|p2a: Dragonite|def|1\n|-boost|p2a: Dragonite|spe|1\n|move|p1b: Farigiraf|Trick Room|p1b: Farigiraf\n|-fieldstart|move: Trick Room|[of] p1b: Farigiraf\n|\n|-weather|SunnyDay|[upkeep]\n|-sideend|p2: computer! stop!|move: Tailwind\n|upkeep\n|turn|5\n|\n|t:|1776046575\n|move|p2b: Garchomp|Protect|p2b: Garchomp\n|-singleturn|p2b: Garchomp|Protect\n|move|p2a: Dragonite|Protect|p2a: Dragonite\n|-singleturn|p2a: Dragonite|Protect\n|move|p1a: Torkoal|Eruption|p2b: Garchomp|[spread] \n|-activate|p2a: Dragonite|move: Protect\n|-activate|p2b: Garchomp|move: Protect\n|move|p1b: Farigiraf|Psychic|p2b: Garchomp\n|-activate|p2b: Garchomp|move: Protect\n|\n|-weather|none\n|upkeep\n|turn|6\n|\n|t:|1776046594\n|move|p2a: Dragonite|Extreme Speed||[still]\n|cant|p1b: Farigiraf|ability: Armor Tail|Extreme Speed|[of] p2a: Dragonite\n|move|p1a: Torkoal|Eruption|p2b: Garchomp|[spread] p2a,p2b\n|-resisted|p2a: Dragonite|1\n|-resisted|p2b: Garchomp|1\n|-damage|p2a: Dragonite|85/100\n|-damage|p2b: Garchomp|70/100\n|move|p1b: Farigiraf|Psychic|p2b: Garchomp\n|-damage|p2b: Garchomp|31/100\n|-unboost|p2b: Garchomp|spd|1\n|-enditem|p2b: Garchomp|White Herb\n|-clearnegativeboost|p2b: Garchomp|[silent]\n|move|p2b: Garchomp|Earthquake|p1b: Farigiraf|[spread] p1a,p1b\n|-immune|p2a: Dragonite\n|-supereffective|p1a: Torkoal|1\n|-damage|p1a: Torkoal|46/100\n|-damage|p1b: Farigiraf|27/100\n|\n|upkeep\n|turn|7\n|\n|t:|1776046645\n|switch|p1b: Charizard|Charizard-Mega-Y, L50, F|68/100\n|-weather|SunnyDay|[from] ability: Drought|[of] p1b: Charizard\n|move|p2b: Garchomp|Protect|p2b: Garchomp\n|-singleturn|p2b: Garchomp|Protect\n|move|p1a: Torkoal|Heat Wave|p2b: Garchomp|[spread] p2a\n|-activate|p2b: Garchomp|move: Protect\n|-resisted|p2a: Dragonite|1\n|-damage|p2a: Dragonite|56/100\n|move|p2a: Dragonite|Scale Shot|p1b: Charizard\n|-damage|p1b: Charizard|48/100\n|-damage|p1b: Charizard|28/100\n|-damage|p1b: Charizard|8/100\n|-hitcount|p1b: Charizard|3\n|-unboost|p2a: Dragonite|def|1\n|-boost|p2a: Dragonite|spe|1\n|\n|-weather|SunnyDay|[upkeep]\n|upkeep\n|turn|8\n|\n|t:|1776046684\n|move|p2a: Dragonite|Protect|p2a: Dragonite\n|-singleturn|p2a: Dragonite|Protect\n|move|p1a: Torkoal|Body Press|p2b: Garchomp\n|-damage|p2b: Garchomp|5/100\n|-damage|p1a: Torkoal|34/100|[from] ability: Rough Skin|[of] p2b: Garchomp\n|move|p1b: Charizard|Ancient Power|p2a: Dragonite\n|-activate|p2a: Dragonite|move: Protect\n|move|p2b: Garchomp|Earthquake|p1a: Torkoal|[spread] p1a\n|-activate|p2a: Dragonite|move: Protect\n|-immune|p1b: Charizard\n|-supereffective|p1a: Torkoal|1\n|-damage|p1a: Torkoal|0 fnt\n|faint|p1a: Torkoal\n|\n|-weather|SunnyDay|[upkeep]\n|-fieldend|move: Trick Room\n|upkeep\n|-message|fffgs forfeited.\n|\n|win|computer! stop!\n|raw|fffgs's rating: 1203 &rarr; <strong>1179</strong><br />(-24 for losing)\n|raw|computer! stop!'s rating: 1215 &rarr; <strong>1239</strong><br />(+24 for winning)\n|l|\u2606fffgs\n|player|p1|\n",
  "uploadtime": 1776046769,
  "views": 23,
  "formatid": "gen9championsvgc2026regma",
  "rating": 1179,
  "private": 0,
  "password": null
}