{
  "id": "gen9championsvgc2026regma-2587088765",
  "format": "[Gen 9 Champions] VGC 2026 Reg M-A",
  "players": [
    "mattybleh",
    "yosho2.0"
  ],
  "log": "|j|\u2606mattybleh\n|j|\u2606yosho2.0\n|t:|1776491795\n|gametype|doubles\n|player|p1|mattybleh|acetrainer-gen4dp|1081\n|player|p2|yosho2.0|dawn|1161\n|gen|9\n|tier|[Gen 9 Champions] VGC 2026 Reg M-A\n|rated|\n|rule|Species Clause: Limit one of each Pok\u00e9mon\n|rule|Item Clause: Limit 1 of each item\n|clearpoke\n|poke|p1|Politoed, L50, F|\n|poke|p1|Archaludon, L50, M, shiny|\n|poke|p1|Basculegion, L50, M, shiny|\n|poke|p1|Aggron, L50, F, shiny|\n|poke|p1|Scovillain, L50, F|\n|poke|p1|Heliolisk, L50, F|\n|poke|p2|Tyranitar, L50, F|\n|poke|p2|Garchomp, L50, F|\n|poke|p2|Aggron, L50, F|\n|poke|p2|Primarina, L50, M|\n|poke|p2|Sneasler, L50, F|\n|poke|p2|Incineroar, L50, M|\n|teampreview|4\n|inactive|Battle timer is ON: inactive players will automatically lose when time's up. (requested by mattybleh)\n|c|\u2606yosho2.0|The wall\n|inactive|mattybleh has 60 seconds left.\n|inactive|yosho2.0 has 60 seconds left.\n|inactive|yosho2.0 has 30 seconds left.\n|inactive|yosho2.0 has 20 seconds left.\n|inactive|yosho2.0 has 15 seconds left.\n|c|\u2606mattybleh|The wall x2\n|inactive|yosho2.0 has 10 seconds left.\n|\n|t:|1776491876\n|teamsize|p1|4\n|teamsize|p2|4\n|start\n|switch|p1a: Heliolisk|Heliolisk, L50, F|100/100\n|switch|p1b: The Airplane|Basculegion, L50, M, shiny|100/100\n|switch|p2a: Tyranitar|Tyranitar, L50, F|100/100\n|switch|p2b: Incineroar|Incineroar, L50, M|100/100\n|-weather|Sandstorm|[from] ability: Sand Stream|[of] p2a: Tyranitar\n|-ability|p2b: Incineroar|Intimidate|boost\n|-unboost|p1a: Heliolisk|atk|1\n|-unboost|p1b: The Airplane|atk|1\n|turn|1\n|inactive|mattybleh has 30 seconds left.\n|inactive|mattybleh has 20 seconds left.\n|\n|t:|1776491911\n|move|p2a: Tyranitar|Protect|p2a: Tyranitar\n|-singleturn|p2a: Tyranitar|Protect\n|move|p1a: Heliolisk|Shed Tail|p1a: Heliolisk\n|-start|p1a: Heliolisk|Substitute|[from] move: Shed Tail\n|-damage|p1a: Heliolisk|50/100\n|\n|t:|1776491921\n|switch|p1a: Polisload|Politoed, L50, F|100/100|[from] Shed Tail\n|-weather|RainDance|[from] ability: Drizzle|[of] p1a: Polisload\n|move|p1b: The Airplane|Flip Turn|p2b: Incineroar\n|-supereffective|p2b: Incineroar|1\n|-crit|p2b: Incineroar\n|-damage|p2b: Incineroar|0 fnt\n|faint|p2b: Incineroar\n|\n|t:|1776491934\n|switch|p1b: Heliolisk|Heliolisk, L50, F|50/100|[from] Flip Turn\n|\n|-weather|RainDance|[upkeep]\n|-heal|p1b: Heliolisk|62/100|[from] ability: Dry Skin\n|upkeep\n|\n|t:|1776491945\n|switch|p2b: Garchomp|Garchomp, L50, F|100/100\n|turn|2\n|\n|t:|1776491965\n|detailschange|p2a: Tyranitar|Tyranitar-Mega, L50, F\n|-mega|p2a: Tyranitar|Tyranitar|Tyranitarite\n|-weather|Sandstorm|[from] ability: Sand Stream|[of] p2a: Tyranitar\n|move|p1b: Heliolisk|Shed Tail|p1b: Heliolisk\n|-start|p1b: Heliolisk|Substitute|[from] move: Shed Tail\n|-damage|p1b: Heliolisk|12/100\n|\n|t:|1776491981\n|switch|p1b: Bofa|Scovillain, L50, F|100/100|[from] Shed Tail\n|move|p2b: Garchomp|Stomping Tantrum|p1b: Bofa\n|-end|p1b: Bofa|Substitute\n|move|p2a: Tyranitar|Rock Slide|p1b: Bofa|[spread] p1b\n|-miss|p2a: Tyranitar|p1a: Polisload\n|-supereffective|p1b: Bofa|1\n|-damage|p1b: Bofa|0 fnt\n|faint|p1b: Bofa\n|move|p1a: Polisload|Blizzard|p2b: Garchomp|[spread] p2b\n|-miss|p1a: Polisload|p2a: Tyranitar\n|-supereffective|p2b: Garchomp|2\n|-damage|p2b: Garchomp|0 fnt\n|faint|p2b: Garchomp\n|\n|-weather|Sandstorm|[upkeep]\n|-damage|p1a: Polisload|94/100|[from] Sandstorm\n|upkeep\n|inactive|mattybleh has 30 seconds left.\n|\n|t:|1776492014\n|switch|p2b: Primarina|Primarina, L50, M|100/100\n|switch|p1b: The Airplane|Basculegion, L50, M, shiny|100/100\n|turn|3\n|\n|t:|1776492034\n|move|p1a: Polisload|Helping Hand|p1b: The Airplane\n|-singleturn|p1b: The Airplane|Helping Hand|[of] p1a: Polisload\n|move|p1b: The Airplane|Flip Turn|p2a: Tyranitar\n|-supereffective|p2a: Tyranitar|1\n|-damage|p2a: Tyranitar|22/100\n|\n|t:|1776492039\n|switch|p1b: Heliolisk|Heliolisk, L50, F|12/100|[from] Flip Turn\n|move|p2a: Tyranitar|Knock Off|p1b: Heliolisk\n|-damage|p1b: Heliolisk|0 fnt\n|-enditem|p1b: Heliolisk|Choice Scarf|[from] move: Knock Off|[of] p2a: Tyranitar\n|faint|p1b: Heliolisk\n|move|p2b: Primarina|Moonblast|p1a: Polisload\n|-end|p1a: Polisload|Substitute\n|\n|-weather|Sandstorm|[upkeep]\n|-damage|p2b: Primarina|95/100|[from] Sandstorm\n|-damage|p1a: Polisload|88/100|[from] Sandstorm\n|-heal|p2b: Primarina|100/100|[from] item: Leftovers\n|upkeep\n|\n|t:|1776492054\n|switch|p1b: The Airplane|Basculegion, L50, M, shiny|100/100\n|turn|4\n|\n|t:|1776492067\n|move|p1a: Polisload|Helping Hand|p1b: The Airplane\n|-singleturn|p1b: The Airplane|Helping Hand|[of] p1a: Polisload\n|move|p2a: Tyranitar|Protect|p2a: Tyranitar\n|-singleturn|p2a: Tyranitar|Protect\n|move|p1b: The Airplane|Last Respects|p2b: Primarina\n|-damage|p2b: Primarina|0 fnt\n|faint|p2b: Primarina\n|\n|-weather|Sandstorm|[upkeep]\n|-damage|p1b: The Airplane|94/100|[from] Sandstorm\n|-damage|p1a: Polisload|82/100|[from] Sandstorm\n|upkeep\n|turn|5\n|c|\u2606mattybleh|GG\n|-message|yosho2.0 forfeited.\n|\n|win|mattybleh\n|raw|mattybleh's rating: 1081 &rarr; <strong>1115</strong><br />(+34 for winning)\n|raw|yosho2.0's rating: 1161 &rarr; <strong>1130</strong><br />(-31 for losing)\n|c|\u2606yosho2.0|Gg\n",
  "uploadtime": 1776492087,
  "views": 19,
  "formatid": "gen9championsvgc2026regma",
  "rating": 1115,
  "private": 0,
  "password": null
}