{
  "id": "gen9championsvgc2026regma-2587839136",
  "format": "[Gen 9 Champions] VGC 2026 Reg M-A",
  "players": [
    "soapeggs",
    "KilamanolaVGC"
  ],
  "log": "|j|\u2606soapeggs\n|j|\u203dKilamanolaVGC\n|t:|1776569301\n|gametype|doubles\n|player|p1|soapeggs|266|1339\n|player|p2|KilamanolaVGC|benga|1384\n|gen|9\n|tier|[Gen 9 Champions] VGC 2026 Reg M-A\n|rated|\n|rule|Species Clause: Limit one of each Pok\u00e9mon\n|rule|Item Clause: Limit 1 of each item\n|clearpoke\n|poke|p1|Sinistcha, L50|\n|poke|p1|Sneasler, L50, F|\n|poke|p1|Archaludon, L50, M|\n|poke|p1|Basculegion, L50, M|\n|poke|p1|Pelipper, L50, M|\n|poke|p1|Blastoise, L50, M|\n|poke|p2|Scovillain, L50, M, shiny|\n|poke|p2|Sneasler, L50, M, shiny|\n|poke|p2|Pelipper, L50, M, shiny|\n|poke|p2|Basculegion, L50, M|\n|poke|p2|Aerodactyl, L50, M, shiny|\n|poke|p2|Archaludon, L50, F, shiny|\n|teampreview|4\n|inactive|Battle timer is ON: inactive players will automatically lose when time's up. (requested by KilamanolaVGC)\nKilamanolaVGC has agreed to open team sheets.\n|inactive|soapeggs has 60 seconds left.\n|inactive|KilamanolaVGC has 60 seconds left.\nsoapeggs rejected open team sheets.\n|\n|t:|1776569358\n|teamsize|p1|4\n|teamsize|p2|4\n|start\n|switch|p1a: Pelipper|Pelipper, L50, M|100/100\n|switch|p1b: Blastoise|Blastoise, L50, M|100/100\n|switch|p2a: Scovillain|Scovillain, L50, M, shiny|100/100\n|switch|p2b: Basculegion|Basculegion, L50, M|100/100\n|-weather|RainDance|[from] ability: Drizzle|[of] p1a: Pelipper\n|turn|1\n|\n|t:|1776569370\n|switch|p2b: Archaludon|Archaludon, L50, F, shiny|100/100\n|move|p1b: Blastoise|Protect|p1b: Blastoise\n|-singleturn|p1b: Blastoise|Protect\n|move|p2a: Scovillain|Protect|p2a: Scovillain\n|-singleturn|p2a: Scovillain|Protect\n|move|p1a: Pelipper|Tailwind|p1a: Pelipper\n|-sidestart|p1: soapeggs|move: Tailwind\n|\n|-weather|RainDance|[upkeep]\n|-ability|p2a: Scovillain|Moody|boost\n|-boost|p2a: Scovillain|atk|2\n|-unboost|p2a: Scovillain|spd|1\n|upkeep\n|turn|2\n|\n|t:|1776569390\n|switch|p1b: Sinistcha|Sinistcha, L50|100/100\n|switch|p2a: Basculegion|Basculegion, L50, M|100/100\n|move|p1a: Pelipper|Hurricane|p2a: Basculegion\n|-damage|p2a: Basculegion|42/100\n|move|p2b: Archaludon|Electro Shot||[still]\n|-prepare|p2b: Archaludon|Electro Shot\n|-boost|p2b: Archaludon|spa|1\n|-anim|p2b: Archaludon|Electro Shot|p1b: Sinistcha\n|-resisted|p1b: Sinistcha|1\n|-damage|p1b: Sinistcha|59/100\n|\n|-weather|RainDance|[upkeep]\n|upkeep\n|turn|3\n|\n|t:|1776569409\n|move|p2a: Basculegion|Protect|p2a: Basculegion\n|-singleturn|p2a: Basculegion|Protect\n|move|p1a: Pelipper|Weather Ball|p2b: Archaludon\n|-resisted|p2b: Archaludon|1\n|-damage|p2b: Archaludon|52/100\n|move|p2b: Archaludon|Electro Shot||[still]\n|-prepare|p2b: Archaludon|Electro Shot\n|-boost|p2b: Archaludon|spa|1\n|-anim|p2b: Archaludon|Electro Shot|p1b: Sinistcha\n|-resisted|p1b: Sinistcha|1\n|-damage|p1b: Sinistcha|4/100\n|move|p1b: Sinistcha|Matcha Gotcha|p2b: Archaludon|[spread] p2b\n|-activate|p2a: Basculegion|move: Protect\n|-resisted|p2b: Archaludon|2\n|-damage|p2b: Archaludon|42/100\n|-heal|p1b: Sinistcha|8/100|[from] drain|[of] p2b: Archaludon\n|\n|-weather|RainDance|[upkeep]\n|upkeep\n|turn|4\n|\n|t:|1776569427\n|move|p1b: Sinistcha|Protect|p1b: Sinistcha\n|-singleturn|p1b: Sinistcha|Protect\n|move|p2a: Basculegion|Aqua Jet|p1b: Sinistcha\n|-activate|p1b: Sinistcha|move: Protect\n|move|p1a: Pelipper|Weather Ball|p2b: Archaludon\n|-resisted|p2b: Archaludon|1\n|-damage|p2b: Archaludon|0 fnt\n|faint|p2b: Archaludon\n|\n|-weather|RainDance|[upkeep]\n|-sideend|p1: soapeggs|move: Tailwind\n|upkeep\n|\n|t:|1776569438\n|switch|p2b: Sneasler|Sneasler, L50, M, shiny|100/100\n|turn|5\n|\n|t:|1776569452\n|switch|p1a: Basculegion|Basculegion, L50, M|100/100\n|switch|p1b: Blastoise|Blastoise, L50, M|100/100\n|move|p2a: Basculegion|Last Respects|p1a: Basculegion\n|-supereffective|p1a: Basculegion|1\n|-damage|p1a: Basculegion|0 fnt\n|faint|p1a: Basculegion\n|move|p2b: Sneasler|Dire Claw|p1b: Blastoise\n|-damage|p1b: Blastoise|59/100\n|\n|-weather|none\n|upkeep\n|\n|t:|1776569462\n|switch|p1a: Pelipper|Pelipper, L50, M|100/100\n|-weather|RainDance|[from] ability: Drizzle|[of] p1a: Pelipper\n|turn|6\n|\n|t:|1776569475\n|move|p1b: Blastoise|Protect|p1b: Blastoise\n|-singleturn|p1b: Blastoise|Protect\n|move|p2a: Basculegion|Last Respects|p1a: Pelipper\n|-damage|p1a: Pelipper|29/100\n|move|p2b: Sneasler|Close Combat|p1a: Pelipper\n|-resisted|p1a: Pelipper|1\n|-crit|p1a: Pelipper\n|-damage|p1a: Pelipper|0 fnt\n|-unboost|p2b: Sneasler|def|1\n|-unboost|p2b: Sneasler|spd|1\n|faint|p1a: Pelipper\n|-enditem|p2b: Sneasler|White Herb\n|-clearnegativeboost|p2b: Sneasler|[silent]\n|\n|-weather|RainDance|[upkeep]\n|-heal|p1b: Blastoise|65/100|[from] ability: Rain Dish\n|upkeep\n|\n|t:|1776569483\n|switch|p1a: Sinistcha|Sinistcha, L50|8/100\n|-heal|p1b: Blastoise|89/100|[from] ability: Hospitality|[of] p1a: Sinistcha\n|turn|7\n|\n|t:|1776569503\n|detailschange|p1b: Blastoise|Blastoise-Mega, L50, M\n|-mega|p1b: Blastoise|Blastoise|Blastoisinite\n|move|p1a: Sinistcha|Rage Powder|p1a: Sinistcha\n|-singleturn|p1a: Sinistcha|move: Rage Powder\n|move|p2b: Sneasler|Dire Claw|p1a: Sinistcha\n|-damage|p1a: Sinistcha|0 fnt\n|faint|p1a: Sinistcha\n|move|p2a: Basculegion|Last Respects|p1b: Blastoise\n|-damage|p1b: Blastoise|47/100\n|move|p1b: Blastoise|Shell Smash|p1b: Blastoise\n|-unboost|p1b: Blastoise|def|1\n|-unboost|p1b: Blastoise|spd|1\n|-boost|p1b: Blastoise|atk|2\n|-boost|p1b: Blastoise|spa|2\n|-boost|p1b: Blastoise|spe|2\n|\n|-weather|RainDance|[upkeep]\n|upkeep\n|turn|8\n|\n|t:|1776569519\n|move|p2a: Basculegion|Aqua Jet|p1b: Blastoise\n|-resisted|p1b: Blastoise|1\n|-damage|p1b: Blastoise|27/100\n|move|p2b: Sneasler|Dire Claw|p1b: Blastoise\n|-damage|p1b: Blastoise|0 fnt\n|faint|p1b: Blastoise\n|\n|win|KilamanolaVGC\n|raw|soapeggs's rating: 1339 &rarr; <strong>1322</strong><br />(-17 for losing)\n|raw|KilamanolaVGC's rating: 1384 &rarr; <strong>1401</strong><br />(+17 for winning)\n|c|\u2606soapeggs|that was horrible\n|l|\u2606soapeggs\n|player|p1|\n",
  "uploadtime": 1776569584,
  "views": 27,
  "formatid": "gen9championsvgc2026regma",
  "rating": 1322,
  "private": 0,
  "password": null
}