{
  "id": "gen9championsvgc2026regma-2580896865",
  "format": "[Gen 9 Champions] VGC 2026 Reg M-A",
  "players": [
    "MartillazoEnElAn0",
    "viperino7"
  ],
  "log": "|j|\u2606MartillazoEnElAn0\n|j|\u2606viperino7\n|t:|1775941433\n|gametype|doubles\n|player|p1|MartillazoEnElAn0|169|1000\n|player|p2|viperino7|170|1000\n|gen|9\n|tier|[Gen 9 Champions] VGC 2026 Reg M-A\n|rated|\n|rule|Species Clause: Limit one of each Pok\u00e9mon\n|rule|Item Clause: Limit 1 of each item\n|clearpoke\n|poke|p1|Abomasnow, L50, M|\n|poke|p1|Oranguru, L50, M|\n|poke|p1|Garganacl, L50, M|\n|poke|p1|Araquanid, L50, M|\n|poke|p1|Mimikyu, L50, F|\n|poke|p1|Slowking-Galar, L50, F|\n|poke|p2|Garchomp, L50, F|\n|poke|p2|Sneasler, L50, F|\n|poke|p2|Floette-Eternal, L50, F|\n|poke|p2|Rotom-Wash, L50|\n|poke|p2|Incineroar, L50, M|\n|poke|p2|Aerodactyl, L50, M|\n|teampreview|4\n|\n|t:|1775941499\n|teamsize|p1|4\n|teamsize|p2|4\n|start\n|switch|p1a: Abomasnow|Abomasnow, L50, M|100/100\n|switch|p1b: Oranguru|Oranguru, L50, M|100/100\n|switch|p2a: Incineroar|Incineroar, L50, M, shiny|100/100\n|switch|p2b: Sneasler|Sneasler, L50, F|100/100\n|-ability|p2a: Incineroar|Intimidate|boost\n|-unboost|p1a: Abomasnow|atk|1\n|-fail|p1b: Oranguru|unboost|Attack|[from] ability: Inner Focus|[of] p1b: Oranguru\n|-weather|Snowscape|[from] ability: Snow Warning|[of] p1a: Abomasnow\n|turn|1\n|inactive|Battle timer is ON: inactive players will automatically lose when time's up. (requested by viperino7)\n|\n|t:|1775941561\n|move|p1a: Abomasnow|Protect|p1a: Abomasnow\n|-singleturn|p1a: Abomasnow|Protect\n|move|p2b: Sneasler|Close Combat|p1b: Oranguru\n|-damage|p1b: Oranguru|56/100\n|-unboost|p2b: Sneasler|def|1\n|-unboost|p2b: Sneasler|spd|1\n|-enditem|p2b: Sneasler|White Herb\n|-clearnegativeboost|p2b: Sneasler|[silent]\n|move|p2a: Incineroar|Throat Chop|p1b: Oranguru\n|-supereffective|p1b: Oranguru|1\n|-crit|p1b: Oranguru\n|-damage|p1b: Oranguru|0 fnt\n|faint|p1b: Oranguru\n|\n|-weather|Snowscape|[upkeep]\n|upkeep\n|\n|t:|1775941582\n|switch|p1b: Slowking|Slowking-Galar, L50, F|100/100\n|turn|2\n|\n|t:|1775941606\n|switch|p1a: Garganacl|Garganacl, L50, M|100/100\n|move|p2b: Sneasler|Close Combat|p1a: Garganacl\n|-supereffective|p1a: Garganacl|1\n|-damage|p1a: Garganacl|21/100\n|-unboost|p2b: Sneasler|def|1\n|-unboost|p2b: Sneasler|spd|1\n|move|p2a: Incineroar|Throat Chop|p1b: Slowking\n|-supereffective|p1b: Slowking|1\n|-enditem|p1b: Slowking|Colbur Berry|[eat]\n|-enditem|p1b: Slowking|Colbur Berry|[weaken]\n|-damage|p1b: Slowking|70/100\n|-start|p1b: Slowking|Throat Chop|[silent]\n|move|p1b: Slowking|Trick Room|p1b: Slowking\n|-fieldstart|move: Trick Room|[of] p1b: Slowking\n|\n|-weather|Snowscape|[upkeep]\n|-heal|p1a: Garganacl|27/100|[from] item: Leftovers\n|upkeep\n|turn|3\n|inactive|MartillazoEnElAn0 has 30 seconds left.\n|inactive|viperino7 has 30 seconds left.\n|inactive|viperino7 has 20 seconds left.\n|inactive|viperino7 has 15 seconds left.\n|inactive|viperino7 has 10 seconds left.\n|inactive|viperino7 has 5 seconds left.\n|\n|t:|1775941658\n|move|p1a: Garganacl|Protect|p1a: Garganacl\n|-singleturn|p1a: Garganacl|Protect\n|move|p1b: Slowking|Psychic|p2b: Sneasler\n|-supereffective|p2b: Sneasler|2\n|-damage|p2b: Sneasler|0 fnt\n|faint|p2b: Sneasler\n|move|p2a: Incineroar|Parting Shot|p1b: Slowking\n|-unboost|p1b: Slowking|atk|1\n|-unboost|p1b: Slowking|spa|1\n|\n|t:|1775941677\n|switch|p2a: Floette|Floette-Eternal, L50, F|100/100|[from] Parting Shot\n|\n|-weather|Snowscape|[upkeep]\n|-heal|p1a: Garganacl|33/100|[from] item: Leftovers\n|-end|p1b: Slowking|Throat Chop|[silent]\n|upkeep\n|\n|t:|1775941679\n|switch|p2b: Incineroar|Incineroar, L50, M, shiny|100/100\n|-ability|p2b: Incineroar|Intimidate|boost\n|-unboost|p1a: Garganacl|atk|1\n|-unboost|p1b: Slowking|atk|1\n|turn|4\n|\n|t:|1775941690\n|switch|p1a: Abomasnow|Abomasnow, L50, M|100/100\n|detailschange|p2a: Floette|Floette-Mega, L50, F\n|-mega|p2a: Floette|Floette|Floettite\n|-ability|p2a: Floette|Fairy Aura\n|move|p2b: Incineroar|Fake Out|p1a: Abomasnow\n|-damage|p1a: Abomasnow|92/100\n|move|p1b: Slowking|Sludge Bomb|p2a: Floette\n|-supereffective|p2a: Floette|1\n|-damage|p2a: Floette|60/100\n|move|p2a: Floette|Calm Mind|p2a: Floette\n|-boost|p2a: Floette|spa|1\n|-boost|p2a: Floette|spd|1\n|\n|-weather|Snowscape|[upkeep]\n|upkeep\n|turn|5\n|\n|t:|1775941715\n|move|p2a: Floette|Protect|p2a: Floette\n|-singleturn|p2a: Floette|Protect\n|move|p1b: Slowking|Sludge Bomb|p2a: Floette\n|-activate|p2a: Floette|move: Protect\n|move|p1a: Abomasnow|Blizzard|p2b: Incineroar|[spread] p2b\n|-activate|p2a: Floette|move: Protect\n|-resisted|p2b: Incineroar|1\n|-damage|p2b: Incineroar|89/100\n|move|p2b: Incineroar|Parting Shot|p1a: Abomasnow\n|-unboost|p1a: Abomasnow|atk|1\n|-unboost|p1a: Abomasnow|spa|1\n|\n|t:|1775941726\n|switch|p2b: Rotom|Rotom-Wash, L50|100/100|[from] Parting Shot\n|\n|-weather|none\n|upkeep\n|turn|6\n|inactive|MartillazoEnElAn0 has 30 seconds left.\n|\n|t:|1775941753\n|move|p1b: Slowking|Sludge Bomb|p2a: Floette\n|-supereffective|p2a: Floette|1\n|-damage|p2a: Floette|30/100\n|move|p1a: Abomasnow|Blizzard|p2a: Floette|[spread] p2a,p2b\n|-resisted|p2b: Rotom|1\n|-damage|p2a: Floette|21/100\n|-damage|p2b: Rotom|94/100\n|move|p2b: Rotom|Thunderbolt|p1b: Slowking\n|-damage|p1b: Slowking|40/100\n|move|p2a: Floette|Moonblast|p1a: Abomasnow\n|-damage|p1a: Abomasnow|0 fnt\n|faint|p1a: Abomasnow\n|\n|-fieldend|move: Trick Room\n|upkeep\n|\n|t:|1775941766\n|switch|p1a: Garganacl|Garganacl, L50, M|33/100\n|turn|7\n|\n|t:|1775941771\n|move|p2a: Floette|Dazzling Gleam|p1a: Garganacl|[spread] p1a,p1b\n|-resisted|p1b: Slowking|1\n|-damage|p1a: Garganacl|0 fnt\n|-damage|p1b: Slowking|8/100\n|faint|p1a: Garganacl\n|move|p2b: Rotom|Thunderbolt|p1b: Slowking\n|-damage|p1b: Slowking|0 fnt\n|faint|p1b: Slowking\n|\n|win|viperino7\n|raw|MartillazoEnElAn0's rating: 1000 &rarr; <strong>1000</strong><br />(+0 for losing)\n|raw|viperino7's rating: 1000 &rarr; <strong>1040</strong><br />(+40 for winning)\n",
  "uploadtime": 1775941786,
  "views": 16,
  "formatid": "gen9championsvgc2026regma",
  "rating": 1000,
  "private": 0,
  "password": null
}