{
  "id": "gen9championsvgc2026regma-2580797796",
  "format": "[Gen 9 Champions] VGC 2026 Reg M-A",
  "players": [
    "Absol\u4e0d\u60f3\u6253\u53d7\u968abut\u53ef\u4ee5\u73a9\u53d7\u968a",
    "syshj"
  ],
  "log": "|j|\u2606Absol\u4e0d\u60f3\u6253\u53d7\u968abut\u53ef\u4ee5\u73a9\u53d7\u968a\n|j|\u2606syshj\n|t:|1775933306\n|gametype|doubles\n|player|p1|Absol\u4e0d\u60f3\u6253\u53d7\u968abut\u53ef\u4ee5\u73a9\u53d7\u968a|hilbert|1047\n|player|p2|syshj|dawn|1050\n|gen|9\n|tier|[Gen 9 Champions] VGC 2026 Reg M-A\n|rated|\n|rule|Species Clause: Limit one of each Pok\u00e9mon\n|rule|Item Clause: Limit 1 of each item\n|clearpoke\n|poke|p1|Excadrill, L50, F|\n|poke|p1|Tyranitar, L50, M|\n|poke|p1|Corviknight, L50, F|\n|poke|p1|Farigiraf, L50, F|\n|poke|p1|Araquanid, L50, F|\n|poke|p1|Rampardos, L50, M|\n|poke|p2|Incineroar, L50, M|\n|poke|p2|Sinistcha, L50|\n|poke|p2|Talonflame, L50, M|\n|poke|p2|Kingambit, L50, M|\n|poke|p2|Floette-Eternal, L50, F|\n|poke|p2|Garchomp, L50, F|\n|teampreview|4\n|\n|t:|1775933339\n|teamsize|p1|4\n|teamsize|p2|4\n|start\n|switch|p1a: Tyranitar|Tyranitar, L50, M|100/100\n|switch|p1b: Excadrill|Excadrill, L50, F|100/100\n|switch|p2a: Talonflame|Talonflame, L50, M|100/100\n|switch|p2b: Garchomp|Garchomp, L50, F|100/100\n|-weather|Sandstorm|[from] ability: Sand Stream|[of] p1a: Tyranitar\n|turn|1\n|\n|t:|1775933354\n|detailschange|p1a: Tyranitar|Tyranitar-Mega, L50, M\n|-mega|p1a: Tyranitar|Tyranitar|Tyranitarite\n|move|p2a: Talonflame|Tailwind|p2a: Talonflame\n|-sidestart|p2: syshj|move: Tailwind\n|move|p2b: Garchomp|Stomping Tantrum|p1b: Excadrill\n|-supereffective|p1b: Excadrill|1\n|-enditem|p1b: Excadrill|Focus Sash\n|-damage|p1b: Excadrill|1/100\n|move|p1b: Excadrill|Iron Head|p2b: Garchomp\n|-damage|p2b: Garchomp|58/100\n|-damage|p1b: Excadrill|0 fnt|[from] ability: Rough Skin|[of] p2b: Garchomp\n|faint|p1b: Excadrill\n|move|p1a: Tyranitar|Dragon Dance|p1a: Tyranitar\n|-boost|p1a: Tyranitar|atk|1\n|-boost|p1a: Tyranitar|spe|1\n|\n|-weather|Sandstorm|[upkeep]\n|-damage|p2a: Talonflame|95/100|[from] Sandstorm\n|upkeep\n|\n|t:|1775933377\n|switch|p1b: Corviknight|Corviknight, L50, F|100/100\n|turn|2\n|\n|t:|1775933391\n|move|p2b: Garchomp|Stomping Tantrum|p1a: Tyranitar\n|-supereffective|p1a: Tyranitar|1\n|-damage|p1a: Tyranitar|45/100\n|move|p2a: Talonflame|Will-O-Wisp|p1b: Corviknight\n|-status|p1b: Corviknight|brn\n|move|p1a: Tyranitar|Rock Slide|p2a: Talonflame|[spread] p2a,p2b\n|-supereffective|p2a: Talonflame|2\n|-crit|p2a: Talonflame\n|-resisted|p2b: Garchomp|1\n|-damage|p2a: Talonflame|0 fnt\n|-damage|p2b: Garchomp|30/100\n|faint|p2a: Talonflame\n|move|p1b: Corviknight|Iron Defense|p1b: Corviknight\n|-boost|p1b: Corviknight|def|2\n|\n|-weather|Sandstorm|[upkeep]\n|-damage|p1b: Corviknight|95/100 brn|[from] brn\n|upkeep\n|\n|t:|1775933402\n|switch|p2a: Incineroar|Incineroar, L50, M|100/100\n|-ability|p2a: Incineroar|Intimidate|boost\n|-unboost|p1a: Tyranitar|atk|1\n|-ability|p1b: Corviknight|Mirror Armor\n|-unboost|p2a: Incineroar|atk|1\n|turn|3\n|\n|t:|1775933411\n|move|p1a: Tyranitar|Protect|p1a: Tyranitar\n|-singleturn|p1a: Tyranitar|Protect\n|move|p2b: Garchomp|Stomping Tantrum|p1a: Tyranitar\n|-activate|p1a: Tyranitar|move: Protect\n|move|p2a: Incineroar|Flare Blitz|p1b: Corviknight\n|-supereffective|p1b: Corviknight|1\n|-damage|p1b: Corviknight|67/100 brn\n|-damage|p2a: Incineroar|92/100|[from] Recoil\n|move|p1b: Corviknight|Iron Defense|p1b: Corviknight\n|-boost|p1b: Corviknight|def|2\n|\n|-weather|Sandstorm|[upkeep]\n|-damage|p2a: Incineroar|86/100|[from] Sandstorm\n|-heal|p2a: Incineroar|92/100|[from] item: Leftovers\n|-heal|p1b: Corviknight|73/100 brn|[from] item: Leftovers\n|-damage|p1b: Corviknight|67/100 brn|[from] brn\n|upkeep\n|turn|4\n|\n|t:|1775933432\n|switch|p2a: Floette|Floette-Eternal, L50, F|100/100\n|move|p2b: Garchomp|Stomping Tantrum|p1a: Tyranitar\n|-supereffective|p1a: Tyranitar|1\n|-damage|p1a: Tyranitar|0 fnt\n|faint|p1a: Tyranitar\n|move|p1b: Corviknight|Body Press|p2a: Floette\n|-resisted|p2a: Floette|1\n|-damage|p2a: Floette|87/100\n|\n|-weather|Sandstorm|[upkeep]\n|-damage|p2a: Floette|81/100|[from] Sandstorm\n|-heal|p1b: Corviknight|73/100 brn|[from] item: Leftovers\n|-damage|p1b: Corviknight|67/100 brn|[from] brn\n|-sideend|p2: syshj|move: Tailwind\n|upkeep\n|\n|t:|1775933438\n|switch|p1a: Araquanid|Araquanid, L50, F|100/100\n|turn|5\n|\n|t:|1775933445\n|switch|p2b: Incineroar|Incineroar, L50, M|92/100\n|-ability|p2b: Incineroar|Intimidate|boost\n|-unboost|p1a: Araquanid|atk|1\n|-ability|p1b: Corviknight|Mirror Armor\n|-unboost|p2b: Incineroar|atk|1\n|detailschange|p2a: Floette|Floette-Mega, L50, F\n|-mega|p2a: Floette|Floette|Floettite\n|-ability|p2a: Floette|Fairy Aura\n|move|p2a: Floette|Calm Mind|p2a: Floette\n|-boost|p2a: Floette|spa|1\n|-boost|p2a: Floette|spd|1\n|move|p1b: Corviknight|Body Press|p2b: Incineroar\n|-supereffective|p2b: Incineroar|1\n|-damage|p2b: Incineroar|38/100\n|move|p1a: Araquanid|Waterfall|p2a: Floette\n|-damage|p2a: Floette|51/100\n|\n|-weather|none\n|-heal|p2b: Incineroar|44/100|[from] item: Leftovers\n|-heal|p1b: Corviknight|73/100 brn|[from] item: Leftovers\n|-damage|p1b: Corviknight|67/100 brn|[from] brn\n|upkeep\n|turn|6\n|\n|t:|1775933466\n|move|p2b: Incineroar|Fake Out|p1b: Corviknight\n|-resisted|p1b: Corviknight|1\n|-damage|p1b: Corviknight|66/100 brn\n|move|p2a: Floette|Moonblast|p1a: Araquanid\n|-damage|p1a: Araquanid|33/100\n|cant|p1b: Corviknight|flinch\n|move|p1a: Araquanid|Waterfall|p2a: Floette\n|-damage|p2a: Floette|21/100\n|\n|-heal|p2b: Incineroar|50/100|[from] item: Leftovers\n|-heal|p1b: Corviknight|72/100 brn|[from] item: Leftovers\n|-damage|p1b: Corviknight|66/100 brn|[from] brn\n|upkeep\n|turn|7\n|\n|t:|1775933476\n|move|p1a: Araquanid|Protect|p1a: Araquanid\n|-singleturn|p1a: Araquanid|Protect\n|move|p2a: Floette|Dazzling Gleam|p1a: Araquanid|[spread] p1b\n|-activate|p1a: Araquanid|move: Protect\n|-resisted|p1b: Corviknight|1\n|-crit|p1b: Corviknight\n|-damage|p1b: Corviknight|32/100 brn\n|move|p2b: Incineroar|Flare Blitz|p1b: Corviknight\n|-supereffective|p1b: Corviknight|1\n|-damage|p1b: Corviknight|14/100 brn\n|-damage|p2b: Incineroar|43/100|[from] Recoil\n|move|p1b: Corviknight|Iron Defense|p1b: Corviknight\n|-boost|p1b: Corviknight|def|2\n|\n|-heal|p2b: Incineroar|49/100|[from] item: Leftovers\n|-heal|p1b: Corviknight|20/100 brn|[from] item: Leftovers\n|-damage|p1b: Corviknight|14/100 brn|[from] brn\n|upkeep\n|turn|8\n|\n|t:|1775933494\n|move|p2a: Floette|Moonblast|p1b: Corviknight\n|-resisted|p1b: Corviknight|1\n|-damage|p1b: Corviknight|0 fnt\n|faint|p1b: Corviknight\n|move|p2b: Incineroar|Parting Shot|p1a: Araquanid\n|-unboost|p1a: Araquanid|atk|1\n|-unboost|p1a: Araquanid|spa|1\n|\n|t:|1775933496\n|switch|p2b: Garchomp|Garchomp, L50, F|30/100|[from] Parting Shot\n|move|p1a: Araquanid|Waterfall|p2a: Floette\n|-damage|p2a: Floette|0 fnt\n|faint|p2a: Floette\n|\n|upkeep\n|\n|t:|1775933498\n|switch|p2a: Incineroar|Incineroar, L50, M|49/100\n|-ability|p2a: Incineroar|Intimidate|boost\n|-unboost|p1a: Araquanid|atk|1\n|turn|9\n|l|\u2606Absol\u4e0d\u60f3\u6253\u53d7\u968abut\u53ef\u4ee5\u73a9\u53d7\u968a\n|player|p1|\n|\n|t:|1775933510\n|move|p1a: Araquanid|Protect|p1a: Araquanid\n|-singleturn|p1a: Araquanid|Protect\n|move|p2b: Garchomp|Rock Slide|p1a: Araquanid\n|-activate|p1a: Araquanid|move: Protect\n|move|p2a: Incineroar|Throat Chop|p1a: Araquanid\n|-activate|p1a: Araquanid|move: Protect\n|\n|-heal|p2a: Incineroar|55/100|[from] item: Leftovers\n|upkeep\n|turn|10\n|j|\u2606Absol\u4e0d\u60f3\u6253\u53d7\u968abut\u53ef\u4ee5\u73a9\u53d7\u968a\n|player|p1|Absol\u4e0d\u60f3\u6253\u53d7\u968abut\u53ef\u4ee5\u73a9\u53d7\u968a|hilbert|\n|\n|t:|1775933526\n|move|p2b: Garchomp|Rock Slide|p1a: Araquanid\n|-supereffective|p1a: Araquanid|1\n|-damage|p1a: Araquanid|0 fnt\n|faint|p1a: Araquanid\n|\n|win|syshj\n|raw|Absol\u4e0d\u60f3\u6253\u53d7\u968abut\u53ef\u4ee5\u73a9\u53d7\u968a's rating: 1047 &rarr; <strong>1030</strong><br />(-17 for losing)\n|raw|syshj's rating: 1050 &rarr; <strong>1082</strong><br />(+32 for winning)\n|l|\u2606Absol\u4e0d\u60f3\u6253\u53d7\u968abut\u53ef\u4ee5\u73a9\u53d7\u968a\n|player|p1|\n",
  "uploadtime": 1775933531,
  "views": 12,
  "formatid": "gen9championsvgc2026regma",
  "rating": 1030,
  "private": 0,
  "password": null
}