{
  "id": "gen9championsvgc2026regma-2583732261",
  "format": "[Gen 9 Champions] VGC 2026 Reg M-A",
  "players": [
    "TGinge",
    "unnamed_bot"
  ],
  "log": "|j|\u2606TGinge\n|j|\u2606unnamed_bot\n|t:|1776193922\n|gametype|doubles\n|player|p1|TGinge|rocketgrunt|1250\n|player|p2|unnamed_bot|265|1345\n|gen|9\n|tier|[Gen 9 Champions] VGC 2026 Reg M-A\n|rated|\n|rule|Species Clause: Limit one of each Pok\u00e9mon\n|rule|Item Clause: Limit 1 of each item\n|clearpoke\n|poke|p1|Chandelure, L50, M|\n|poke|p1|Hydrapple, L50, M|\n|poke|p1|Whimsicott, L50, M|\n|poke|p1|Incineroar, L50, M|\n|poke|p1|Basculegion, L50, M|\n|poke|p1|Kingambit, L50, F|\n|poke|p2|Tyranitar, L50, F|\n|poke|p2|Excadrill, L50, M|\n|poke|p2|Milotic, L50, M|\n|poke|p2|Dragapult, L50, F|\n|poke|p2|Sinistcha, L50|\n|poke|p2|Gardevoir, L50, M|\n|teampreview|4\n|inactive|Battle timer is ON: inactive players will automatically lose when time's up. (requested by TGinge)\n|\n|t:|1776193948\n|teamsize|p1|4\n|teamsize|p2|4\n|start\n|switch|p1a: Whimsicott|Whimsicott, L50, M|100/100\n|switch|p1b: Basculegion|Basculegion, L50, M|100/100\n|switch|p2a: Ceviche|Milotic, L50, M|100/100\n|switch|p2b: Dracukeo|Dragapult, L50, F|100/100\n|turn|1\n|inactive|unnamed_bot has 30 seconds left.\n|\n|t:|1776193978\n|move|p1b: Basculegion|Flip Turn|p2b: Dracukeo\n|-resisted|p2b: Dracukeo|1\n|-damage|p2b: Dracukeo|79/100\n|\n|t:|1776193982\n|switch|p1b: Kingambit|Kingambit, L50, F|100/100|[from] Flip Turn\n|move|p2b: Dracukeo|Reflect|p2b: Dracukeo\n|-sidestart|p2: unnamed_bot|Reflect\n|move|p2a: Ceviche|Ice Beam|p1a: Whimsicott\n|-supereffective|p1a: Whimsicott|1\n|-damage|p1a: Whimsicott|22/100\n|move|p1a: Whimsicott|Trick Room|p1a: Whimsicott\n|-fieldstart|move: Trick Room|[of] p1a: Whimsicott\n|\n|upkeep\n|turn|2\n|\n|t:|1776194007\n|switch|p1a: Chandelure|Chandelure, L50, M|100/100\n|move|p2b: Dracukeo|Protect|p2b: Dracukeo\n|-singleturn|p2b: Dracukeo|Protect\n|move|p1b: Kingambit|Kowtow Cleave|p2b: Dracukeo\n|-activate|p2b: Dracukeo|move: Protect\n|move|p2a: Ceviche|Scald|p1b: Kingambit\n|-damage|p1b: Kingambit|67/100\n|\n|upkeep\n|turn|3\n|inactive|unnamed_bot has 30 seconds left.\n|inactive|unnamed_bot has 20 seconds left.\n|inactive|unnamed_bot has 15 seconds left.\n|inactive|unnamed_bot has 10 seconds left.\n|\n|t:|1776194055\n|switch|p2b: Boldo|Sinistcha, L50|100/100\n|detailschange|p1a: Chandelure|Chandelure-Mega, L50, M\n|-mega|p1a: Chandelure|Chandelure|Chandelurite\n|move|p1b: Kingambit|Kowtow Cleave|p2a: Ceviche\n|-damage|p2a: Ceviche|67/100\n|move|p1a: Chandelure|Shadow Ball|p2b: Boldo\n|-supereffective|p2b: Boldo|1\n|-damage|p2b: Boldo|0 fnt\n|faint|p2b: Boldo\n|move|p2a: Ceviche|Scald|p1b: Kingambit\n|-damage|p1b: Kingambit|38/100\n|-status|p1b: Kingambit|brn\n|\n|-heal|p2a: Ceviche|73/100|[from] item: Leftovers\n|-damage|p1b: Kingambit|32/100 brn|[from] brn\n|upkeep\n|\n|t:|1776194076\n|switch|p2b: Dracukeo|Dragapult, L50, F|79/100\n|turn|4\n|\n|t:|1776194088\n|move|p1b: Kingambit|Kowtow Cleave|p2a: Ceviche\n|-damage|p2a: Ceviche|54/100\n|move|p1a: Chandelure|Shadow Ball|p2a: Ceviche\n|-damage|p2a: Ceviche|15/100\n|move|p2a: Ceviche|Scald|p1a: Chandelure\n|-supereffective|p1a: Chandelure|1\n|-crit|p1a: Chandelure\n|-damage|p1a: Chandelure|9/100\n|move|p2b: Dracukeo|Dragon Darts|p1a: Chandelure\n|-damage|p1a: Chandelure|0 fnt\n|-anim|p2b: Dracukeo|Dragon Darts|p1b: Kingambit\n|-resisted|p1b: Kingambit|1\n|-damage|p1b: Kingambit|23/100 brn\n|faint|p1a: Chandelure\n|\n|-heal|p2a: Ceviche|21/100|[from] item: Leftovers\n|-damage|p1b: Kingambit|17/100 brn|[from] brn\n|upkeep\n|\n|t:|1776194098\n|switch|p1a: Whimsicott|Whimsicott, L50, M|22/100\n|turn|5\n|inactive|unnamed_bot has 30 seconds left.\n|inactive|unnamed_bot has 20 seconds left.\n|\n|t:|1776194136\n|switch|p2b: Enigo|Gardevoir, L50, M|100/100\n|-ability|p2b: Enigo|Prankster|Trace|[from] ability: Trace|[of] p1a: Whimsicott\n|move|p1b: Kingambit|Sucker Punch||[still]\n|-fail|p1b: Kingambit\n|move|p1a: Whimsicott|Tailwind|p1a: Whimsicott\n|-sidestart|p1: TGinge|move: Tailwind\n|move|p2a: Ceviche|Icy Wind|p1b: Kingambit|[spread] p1a,p1b\n|-supereffective|p1a: Whimsicott|1\n|-resisted|p1b: Kingambit|1\n|-damage|p1a: Whimsicott|0 fnt\n|-damage|p1b: Kingambit|11/100 brn\n|-unboost|p1b: Kingambit|spe|1\n|-ability|p1b: Kingambit|Defiant|boost\n|-boost|p1b: Kingambit|atk|2\n|faint|p1a: Whimsicott\n|\n|-heal|p2a: Ceviche|27/100|[from] item: Leftovers\n|-damage|p1b: Kingambit|5/100 brn|[from] brn\n|-sideend|p2: unnamed_bot|Reflect\n|-fieldend|move: Trick Room\n|upkeep\n|\n|t:|1776194143\n|switch|p1a: Basculegion|Basculegion, L50, M|100/100\n|turn|6\n|inactive|unnamed_bot has 30 seconds left.\n|\n|t:|1776194171\n|move|p2b: Enigo|Protect|p2b: Enigo\n|-singleturn|p2b: Enigo|Protect\n|move|p2a: Ceviche|Protect|p2a: Ceviche\n|-singleturn|p2a: Ceviche|Protect\n|move|p1b: Kingambit|Sucker Punch||[still]\n|-fail|p1b: Kingambit\n|move|p1a: Basculegion|Last Respects|p2b: Enigo\n|-activate|p2b: Enigo|move: Protect\n|\n|-heal|p2a: Ceviche|33/100|[from] item: Leftovers\n|-damage|p1b: Kingambit|0 fnt|[from] brn\n|faint|p1b: Kingambit\n|upkeep\n|turn|7\n|inactive|unnamed_bot has 30 seconds left.\n|inactive|unnamed_bot has 20 seconds left.\n|inactive|unnamed_bot has 15 seconds left.\n|inactive|unnamed_bot has 10 seconds left.\n|inactive|unnamed_bot has 5 seconds left.\n|\n|t:|1776194226\n|move|p2b: Enigo|Protect||[still]\n|-fail|p2b: Enigo\n|move|p2a: Ceviche|Protect||[still]\n|-fail|p2a: Ceviche\n|move|p1a: Basculegion|Last Respects|p2b: Enigo\n|-supereffective|p2b: Enigo|1\n|-damage|p2b: Enigo|0 fnt\n|faint|p2b: Enigo\n|\n|-heal|p2a: Ceviche|39/100|[from] item: Leftovers\n|upkeep\n|\n|t:|1776194232\n|switch|p2b: Dracukeo|Dragapult, L50, F|79/100\n|turn|8\n|\n|t:|1776194241\n|move|p2b: Dracukeo|Protect|p2b: Dracukeo\n|-singleturn|p2b: Dracukeo|Protect\n|move|p2a: Ceviche|Protect|p2a: Ceviche\n|-singleturn|p2a: Ceviche|Protect\n|move|p1a: Basculegion|Last Respects|p2b: Dracukeo\n|-activate|p2b: Dracukeo|move: Protect\n|\n|-heal|p2a: Ceviche|45/100|[from] item: Leftovers\n|-sideend|p1: TGinge|move: Tailwind\n|upkeep\n|turn|9\n|inactive|unnamed_bot has 30 seconds left.\n|\n|t:|1776194268\n|move|p1a: Basculegion|Last Respects|p2b: Dracukeo\n|-supereffective|p2b: Dracukeo|1\n|-damage|p2b: Dracukeo|0 fnt\n|faint|p2b: Dracukeo\n|move|p2a: Ceviche|Icy Wind|p1a: Basculegion\n|-resisted|p1a: Basculegion|1\n|-damage|p1a: Basculegion|92/100\n|-unboost|p1a: Basculegion|spe|1\n|\n|-heal|p2a: Ceviche|50/100|[from] item: Leftovers\n|upkeep\n|turn|10\n|\n|t:|1776194274\n|move|p1a: Basculegion|Last Respects|p2a: Ceviche\n|-damage|p2a: Ceviche|0 fnt\n|faint|p2a: Ceviche\n|\n|win|TGinge\n|raw|TGinge's rating: 1250 &rarr; <strong>1282</strong><br />(+32 for winning)\n|raw|unnamed_bot's rating: 1345 &rarr; <strong>1320</strong><br />(-25 for losing)\n|l|\u2606unnamed_bot\n|player|p2|\n",
  "uploadtime": 1776194281,
  "views": 39,
  "formatid": "gen9championsvgc2026regma",
  "rating": 1282,
  "private": 0,
  "password": null
}