{
  "id": "gen9championsvgc2026regma-2586595367",
  "format": "[Gen 9 Champions] VGC 2026 Reg M-A",
  "players": [
    "kelfreak266",
    "macaco maldoso"
  ],
  "log": "|j|\u2606kelfreak266\n|j|\u2606macaco maldoso\n|t:|1776445606\n|gametype|doubles\n|player|p1|kelfreak266|benga|1068\n|player|p2|macaco maldoso|266|1060\n|gen|9\n|tier|[Gen 9 Champions] VGC 2026 Reg M-A\n|rated|\n|rule|Species Clause: Limit one of each Pok\u00e9mon\n|rule|Item Clause: Limit 1 of each item\n|clearpoke\n|poke|p1|Sableye, L50, F|\n|poke|p1|Kangaskhan, L50, F|\n|poke|p1|Milotic, L50, F|\n|poke|p1|Incineroar, L50, F|\n|poke|p1|Kommo-o, L50, M|\n|poke|p1|Sneasler, L50, M|\n|poke|p2|Hatterene, L50, F|\n|poke|p2|Sneasler, L50, F|\n|poke|p2|Drampa, L50, F|\n|poke|p2|Rampardos, L50, F|\n|poke|p2|Sinistcha, L50|\n|poke|p2|Maushold-Four, L50|\n|teampreview|4\n|\n|t:|1776445642\n|teamsize|p1|4\n|teamsize|p2|4\n|start\n|switch|p1a: Sableye|Sableye, L50, F|100/100\n|switch|p1b: Milotic|Milotic, L50, F|100/100\n|switch|p2a: Hatterene|Hatterene, L50, F, shiny|100/100\n|switch|p2b: Sinistcha|Sinistcha, L50|100/100\n|turn|1\n|\n|t:|1776445662\n|move|p2b: Sinistcha|Rage Powder|p2b: Sinistcha\n|-singleturn|p2b: Sinistcha|move: Rage Powder\n|move|p1a: Sableye|Taunt|p2b: Sinistcha\n|-start|p2b: Sinistcha|move: Taunt\n|move|p1b: Milotic|Icy Wind|p2b: Sinistcha|[spread] p2a,p2b\n|-supereffective|p2b: Sinistcha|1\n|-damage|p2a: Hatterene|93/100\n|-damage|p2b: Sinistcha|76/100\n|-unboost|p2a: Hatterene|spe|1\n|-unboost|p2b: Sinistcha|spe|1\n|move|p2a: Hatterene|Trick Room|p2a: Hatterene\n|-fieldstart|move: Trick Room|[of] p2a: Hatterene\n|\n|-heal|p2b: Sinistcha|82/100|[from] item: Leftovers\n|upkeep\n|turn|2\n|inactive|Battle timer is ON: inactive players will automatically lose when time's up. (requested by macaco maldoso)\n|\n|t:|1776445699\n|switch|p2b: Drampa|Drampa, L50, F|100/100\n|move|p2a: Hatterene|Dazzling Gleam|p1a: Sableye|[spread] p1a,p1b\n|-supereffective|p1a: Sableye|1\n|-damage|p1a: Sableye|36/100\n|-damage|p1b: Milotic|80/100\n|move|p1a: Sableye|Knock Off|p2a: Hatterene\n|-damage|p2a: Hatterene|67/100\n|-enditem|p2a: Hatterene|Mental Herb|[from] move: Knock Off|[of] p1a: Sableye\n|move|p1b: Milotic|Scald|p2a: Hatterene\n|-damage|p2a: Hatterene|43/100\n|\n|upkeep\n|turn|3\n|inactive|kelfreak266 has 30 seconds left.\n|inactive|macaco maldoso has 30 seconds left.\n|inactive|kelfreak266 has 20 seconds left.\n|\n|t:|1776445738\n|detailschange|p2b: Drampa|Drampa-Mega, L50, F\n|-mega|p2b: Drampa|Drampa|Drampanite\n|move|p1a: Sableye|Will-O-Wisp|p2b: Drampa\n|-status|p2b: Drampa|brn\n|move|p2a: Hatterene|Dazzling Gleam|p1b: Milotic|[spread] p1a,p1b\n|-supereffective|p1a: Sableye|1\n|-damage|p1a: Sableye|0 fnt\n|-damage|p1b: Milotic|60/100\n|faint|p1a: Sableye\n|move|p2b: Drampa|Hyper Voice|p1b: Milotic\n|-damage|p1b: Milotic|19/100\n|move|p1b: Milotic|Scald|p2a: Hatterene\n|-damage|p2a: Hatterene|21/100\n|\n|-damage|p2b: Drampa|95/100 brn|[from] brn\n|upkeep\n|\n|t:|1776445754\n|switch|p1a: Sneasler|Sneasler, L50, M|100/100\n|turn|4\n|inactive|kelfreak266 has 30 seconds left.\n|\n|t:|1776445786\n|move|p2a: Hatterene|Psychic|p1a: Sneasler\n|-supereffective|p1a: Sneasler|2\n|-damage|p1a: Sneasler|0 fnt\n|faint|p1a: Sneasler\n|move|p2b: Drampa|Hyper Voice|p1b: Milotic\n|-damage|p1b: Milotic|0 fnt\n|faint|p1b: Milotic\n|\n|-damage|p2b: Drampa|89/100 brn|[from] brn\n|upkeep\n|\n|t:|1776445796\n|switch|p1b: Kommo-o|Kommo-o, L50, M|100/100\n|turn|5\n|\n|t:|1776445806\n|move|p2a: Hatterene|Psychic|p1b: Kommo-o\n|-supereffective|p1b: Kommo-o|1\n|-damage|p1b: Kommo-o|15/100\n|move|p2b: Drampa|Draco Meteor|p1b: Kommo-o\n|-supereffective|p1b: Kommo-o|1\n|-damage|p1b: Kommo-o|0 fnt\n|-unboost|p2b: Drampa|spa|2\n|faint|p1b: Kommo-o\n|\n|win|macaco maldoso\n|raw|kelfreak266's rating: 1068 &rarr; <strong>1047</strong><br />(-21 for losing)\n|raw|macaco maldoso's rating: 1060 &rarr; <strong>1092</strong><br />(+32 for winning)\n|l|\u2606kelfreak266\n|player|p1|\n",
  "uploadtime": 1776445817,
  "views": 19,
  "formatid": "gen9championsvgc2026regma",
  "rating": 1047,
  "private": 0,
  "password": null
}