{
  "id": "gen9championsvgc2026regma-2583116709",
  "format": "[Gen 9 Champions] VGC 2026 Reg M-A",
  "players": [
    "apexdesu",
    "owlotter"
  ],
  "log": "|j|\u2606apexdesu\n|j|\u2606owlotter\n|t:|1776143960\n|gametype|doubles\n|player|p1|apexdesu|cowgirl|1121\n|player|p2|owlotter|266|1089\n|gen|9\n|tier|[Gen 9 Champions] VGC 2026 Reg M-A\n|rated|\n|rule|Species Clause: Limit one of each Pok\u00e9mon\n|rule|Item Clause: Limit 1 of each item\n|clearpoke\n|poke|p1|Incineroar, L50, F|\n|poke|p1|Farigiraf, L50, M|\n|poke|p1|Torkoal, L50, M|\n|poke|p1|Camerupt, L50, F|\n|poke|p1|Sinistcha, L50|\n|poke|p1|Crabominable, L50, F|\n|poke|p2|Floette-Eternal, L50, F|\n|poke|p2|Gengar, L50, F|\n|poke|p2|Whimsicott, L50, M|\n|poke|p2|Garchomp, L50, F|\n|poke|p2|Tyranitar, L50, M|\n|poke|p2|Incineroar, L50, F|\n|teampreview|4\n|inactive|Battle timer is ON: inactive players will automatically lose when time's up. (requested by owlotter)\n|inactive|owlotter has 60 seconds left.\n|\n|t:|1776143993\n|teamsize|p1|4\n|teamsize|p2|4\n|start\n|switch|p1a: Incineroar|Incineroar, L50, F|100/100\n|switch|p1b: Farigiraf|Farigiraf, L50, M|100/100\n|switch|p2a: Whimsicott|Whimsicott, L50, M|100/100\n|switch|p2b: Tyranitar|Tyranitar, L50, M|100/100\n|-ability|p1a: Incineroar|Intimidate|boost\n|-unboost|p2a: Whimsicott|atk|1\n|-unboost|p2b: Tyranitar|atk|1\n|-weather|Sandstorm|[from] ability: Sand Stream|[of] p2b: Tyranitar\n|turn|1\n|inactive|apexdesu has 30 seconds left.\n|\n|t:|1776144022\n|move|p2a: Whimsicott|Moonblast|p1a: Incineroar\n|-damage|p1a: Incineroar|77/100\n|move|p1a: Incineroar|Flare Blitz|p2a: Whimsicott\n|-supereffective|p2a: Whimsicott|1\n|-damage|p2a: Whimsicott|0 fnt\n|faint|p2a: Whimsicott\n|-damage|p1a: Incineroar|52/100|[from] Recoil\n|move|p2b: Tyranitar|Crunch|p1b: Farigiraf\n|-supereffective|p1b: Farigiraf|1\n|-damage|p1b: Farigiraf|45/100\n|-enditem|p1b: Farigiraf|Sitrus Berry|[eat]\n|-heal|p1b: Farigiraf|70/100|[from] item: Sitrus Berry\n|move|p1b: Farigiraf|Trick Room|p1b: Farigiraf\n|-fieldstart|move: Trick Room|[of] p1b: Farigiraf\n|\n|-weather|Sandstorm|[upkeep]\n|-damage|p1b: Farigiraf|63/100|[from] Sandstorm\n|-damage|p1a: Incineroar|47/100|[from] Sandstorm\n|upkeep\n|\n|t:|1776144033\n|switch|p2a: Garchomp|Garchomp, L50, F|100/100\n|turn|2\n|inactive|apexdesu has 30 seconds left.\n|inactive|apexdesu has 20 seconds left.\n|\n|t:|1776144069\n|switch|p1b: Torkoal|Torkoal, L50, M|100/100\n|-weather|SunnyDay|[from] ability: Drought|[of] p1b: Torkoal\n|move|p2b: Tyranitar|Protect|p2b: Tyranitar\n|-singleturn|p2b: Tyranitar|Protect\n|move|p1a: Incineroar|Parting Shot|p2a: Garchomp|[miss]\n|-miss|p1a: Incineroar|p2a: Garchomp\n|move|p2a: Garchomp|Earthquake|p1a: Incineroar|[spread] p1a,p1b\n|-activate|p2b: Tyranitar|move: Protect\n|-supereffective|p1a: Incineroar|1\n|-supereffective|p1b: Torkoal|1\n|-damage|p1a: Incineroar|0 fnt\n|-damage|p1b: Torkoal|38/100\n|faint|p1a: Incineroar\n|\n|-weather|SunnyDay|[upkeep]\n|upkeep\n|\n|t:|1776144086\n|switch|p1a: Camerupt|Camerupt, L50, F|100/100\n|turn|3\n|inactive|owlotter has 30 seconds left.\n|inactive|owlotter has 20 seconds left.\n|inactive|owlotter has 15 seconds left.\n|inactive|owlotter has 10 seconds left.\n|inactive|owlotter has 5 seconds left.\n|\n|t:|1776144137\n|detailschange|p1a: Camerupt|Camerupt-Mega, L50, F\n|-mega|p1a: Camerupt|Camerupt|Cameruptite\n|move|p1b: Torkoal|Heat Wave|p2b: Tyranitar|[spread] p2b\n|-miss|p1b: Torkoal|p2a: Garchomp\n|-resisted|p2b: Tyranitar|1\n|-damage|p2b: Tyranitar|73/100\n|move|p1a: Camerupt|Eruption|p2b: Tyranitar|[spread] p2a,p2b\n|-resisted|p2a: Garchomp|1\n|-resisted|p2b: Tyranitar|1\n|-damage|p2a: Garchomp|44/100\n|-damage|p2b: Tyranitar|18/100\n|move|p2b: Tyranitar|Rock Slide|p1a: Camerupt|[spread] p1a\n|-miss|p2b: Tyranitar|p1b: Torkoal\n|-damage|p1a: Camerupt|80/100\n|move|p2a: Garchomp|Rock Slide|p1a: Camerupt|[spread] p1a,p1b\n|-supereffective|p1b: Torkoal|1\n|-damage|p1a: Camerupt|61/100\n|-damage|p1b: Torkoal|11/100\n|\n|-weather|SunnyDay|[upkeep]\n|upkeep\n|turn|4\n|l|\u2606owlotter\n|inactive|owlotter disconnected and has a minute to reconnect!\n|player|p2|\n|j|\u2606owlotter\n|inactive|owlotter reconnected and has 45 seconds left.\n|player|p2|owlotter|266|\n|l|\u2606owlotter\n|inactive|owlotter disconnected and has a minute to reconnect!\n|player|p2|\n|j|\u2606owlotter\n|inactive|owlotter reconnected and has 35 seconds left.\n|player|p2|owlotter|266|\n|inactive|owlotter has 30 seconds left.\n|\n|t:|1776144168\n|move|p1b: Torkoal|Heat Wave|p2b: Tyranitar|[spread] p2a,p2b\n|-resisted|p2a: Garchomp|1\n|-resisted|p2b: Tyranitar|1\n|-damage|p2a: Garchomp|12/100\n|-damage|p2b: Tyranitar|0 fnt\n|faint|p2b: Tyranitar\n|move|p1a: Camerupt|Heat Wave|p2a: Garchomp\n|-resisted|p2a: Garchomp|1\n|-damage|p2a: Garchomp|0 fnt\n|faint|p2a: Garchomp\n|\n|-weather|SunnyDay|[upkeep]\n|upkeep\n|\n|t:|1776144175\n|switch|p2b: Gengar|Gengar, L50, F|100/100\n|turn|5\n|\n|t:|1776144196\n|detailschange|p2b: Gengar|Gengar-Mega, L50, F\n|-mega|p2b: Gengar|Gengar|Gengarite\n|move|p2b: Gengar|Protect|p2b: Gengar\n|-singleturn|p2b: Gengar|Protect\n|move|p1b: Torkoal|Weather Ball|p2b: Gengar\n|-activate|p2b: Gengar|move: Protect\n|move|p1a: Camerupt|Earth Power|p2b: Gengar\n|-activate|p2b: Gengar|move: Protect\n|\n|-weather|SunnyDay|[upkeep]\n|-fieldend|move: Trick Room\n|upkeep\n|turn|6\n|inactive|apexdesu has 30 seconds left.\n|inactive|apexdesu has 20 seconds left.\n|inactive|apexdesu has 15 seconds left.\n|\n|t:|1776144239\n|move|p2b: Gengar|Shadow Ball|p1a: Camerupt\n|-damage|p1a: Camerupt|11/100\n|move|p1b: Torkoal|Weather Ball|p2b: Gengar\n|-damage|p2b: Gengar|0 fnt\n|faint|p2b: Gengar\n|\n|win|apexdesu\n|raw|apexdesu's rating: 1121 &rarr; <strong>1144</strong><br />(+23 for winning)\n|raw|owlotter's rating: 1089 &rarr; <strong>1068</strong><br />(-21 for losing)\n|l|\u2606owlotter\n|player|p2|\n",
  "uploadtime": 1776144249,
  "views": 12,
  "formatid": "gen9championsvgc2026regma",
  "rating": 1068,
  "private": 0,
  "password": null
}