{
  "id": "gen9championsvgc2026regma-2587990913",
  "format": "[Gen 9 Champions] VGC 2026 Reg M-A",
  "players": [
    "RichardTheCompany",
    "fiordaliso"
  ],
  "log": "|j|\u2606RichardTheCompany\n|j|\u2606fiordaliso\n|html|<table width=\"100%\"><tr><td align=\"left\">RichardTheCompany</td><td align=\"right\">fiordaliso</tr><tr><td align=\"left\"><i class=\"fa fa-circle\"></i> <i class=\"fa fa-circle-o\"></i> </td><td align=\"right\"><i class=\"fa fa-circle-o\"></i> <i class=\"fa fa-circle\"></i> </tr></table>\n|uhtml|bestof|<h2><strong>Game 3</strong> of <a href=\"/game-bestof3-gen9championsvgc2026regma-2587985555\">a best-of-3</a></h2>\n|t:|1776589689\n|gametype|doubles\n|player|p1|RichardTheCompany|larry|\n|player|p2|fiordaliso|pokemonbreeder-gen4|\n|gen|9\n|tier|[Gen 9 Champions] VGC 2026 Reg M-A\n|rated|Tournament battle\n|rule|Species Clause: Limit one of each Pok\u00e9mon\n|rule|Item Clause: Limit 1 of each item\n|raw|<div class=\"infobox\"><details class=\"readmore\" open><summary><strong>2 custom rules:</strong></summary> Force Open Team Sheets, Best of = 3</details></div>\n|clearpoke\n|poke|p1|Pelipper, L50, M, shiny|\n|poke|p1|Slowbro, L50, F, shiny|\n|poke|p1|Tinkaton, L50, F, shiny|\n|poke|p1|Sinistcha, L50|\n|poke|p1|Kangaskhan, L50, F|\n|poke|p1|Garchomp, L50, F|\n|poke|p2|Zoroark-Hisui, L50, F|\n|poke|p2|Gallade, L50, M|\n|poke|p2|Sableye, L50, M|\n|poke|p2|Manectric, L50, F|\n|poke|p2|Tinkaton, L50, F|\n|poke|p2|Milotic, L50, M|\n|teampreview|4\n|showteam|p1|Pelipper||FocusSash|Drizzle|WeatherBall,Protect,WideGuard,Hurricane|||M|||50|]Slowbro||Slowbronite|Regenerator|CalmMind,Psychic,TrickRoom,MuddyWater|||F|||50|]Tinkaton||MetalCoat|MoldBreaker|FakeOut,PlayRough,Protect,GigatonHammer|||F|||50|]Sinistcha||SitrusBerry|Hospitality|RagePowder,MatchaGotcha,LifeDew,TrickRoom||||||50|]Kangaskhan||Kangaskhanite|Scrappy|FakeOut,DoubleEdge,LowKick,SuckerPunch|||F|||50|]Garchomp||ChoiceScarf|RoughSkin|RockSlide,Earthquake,StompingTantrum,DragonClaw|||F|||50|\n|showteam|p2|Zoroark-Hisui||FocusSash|Illusion|HyperVoice,Snarl,Protect,ShadowBall|||F|||50|]Gallade||WhiteHerb|Sharpness|ShadowSneak,SacredSword,PsychoCut,Protect|||M|||50|]Sableye||BrightPowder|Prankster|Quash,Encore,FoulPlay,WillOWisp|||M|||50|]Manectric||Manectite|LightningRod|Overheat,VoltSwitch,Thunderbolt,Protect|||F|||50|]Tinkaton||SitrusBerry|OwnTempo|FakeOut,GigatonHammer,PlayRough,IceHammer|||F|||50|]Milotic||Leftovers|Competitive|LifeDew,Scald,IceBeam,Protect|||M|||50|\n|\n|t:|1776589734\n|teamsize|p1|4\n|teamsize|p2|4\n|start\n|switch|p1a: Pelipper|Pelipper, L50, M, shiny|100/100\n|switch|p1b: Kangaskhan|Kangaskhan, L50, F|100/100\n|switch|p2a: Manectric|Manectric, L50, F|100/100\n|switch|p2b: Milotic|Milotic, L50, M|100/100\n|-weather|RainDance|[from] ability: Drizzle|[of] p1a: Pelipper\n|turn|1\n|\n|t:|1776589753\n|switch|p1a: Sinistcha|Sinistcha, L50|100/100\n|move|p2a: Manectric|Protect|p2a: Manectric\n|-singleturn|p2a: Manectric|Protect\n|move|p2b: Milotic|Protect|p2b: Milotic\n|-singleturn|p2b: Milotic|Protect\n|move|p1b: Kangaskhan|Fake Out|p2b: Milotic\n|-activate|p2b: Milotic|move: Protect\n|\n|-weather|RainDance|[upkeep]\n|upkeep\n|turn|2\n|\n|t:|1776589771\n|move|p2a: Manectric|Volt Switch|p1b: Kangaskhan\n|-damage|p1b: Kangaskhan|64/100\n|\n|t:|1776589776\n|switch|p2a: Gallade|Gallade, L50, M|100/100|[from] Volt Switch\n|move|p1b: Kangaskhan|Double-Edge|p2b: Milotic\n|-damage|p2b: Milotic|48/100\n|-damage|p1b: Kangaskhan|47/100|[from] Recoil\n|move|p2b: Milotic|Ice Beam|p1a: Sinistcha\n|-supereffective|p1a: Sinistcha|1\n|-damage|p1a: Sinistcha|43/100\n|-enditem|p1a: Sinistcha|Sitrus Berry|[eat]\n|-heal|p1a: Sinistcha|68/100|[from] item: Sitrus Berry\n|move|p1a: Sinistcha|Matcha Gotcha|p2a: Gallade|[spread] p2a,p2b\n|-supereffective|p2b: Milotic|1\n|-damage|p2a: Gallade|77/100\n|-heal|p1a: Sinistcha|79/100|[from] drain|[of] p2a: Gallade\n|-damage|p2b: Milotic|9/100\n|-heal|p1a: Sinistcha|100/100|[from] drain|[of] p2b: Milotic\n|\n|-weather|RainDance|[upkeep]\n|-heal|p2b: Milotic|15/100|[from] item: Leftovers\n|upkeep\n|turn|3\n|\n|t:|1776589816\n|detailschange|p1b: Kangaskhan|Kangaskhan-Mega, L50, F\n|-mega|p1b: Kangaskhan|Kangaskhan|Kangaskhanite\n|move|p1b: Kangaskhan|Sucker Punch||[still]\n|-fail|p1b: Kangaskhan\n|move|p2a: Gallade|Psycho Cut|p1b: Kangaskhan\n|-damage|p1b: Kangaskhan|0 fnt\n|faint|p1b: Kangaskhan\n|move|p2b: Milotic|Life Dew|p2b: Milotic|[spread] p2a,p2b\n|-heal|p2a: Gallade|100/100\n|-heal|p2b: Milotic|40/100\n|move|p1a: Sinistcha|Life Dew||[still]\n|-fail|p1a: Sinistcha|heal\n|\n|-weather|RainDance|[upkeep]\n|-heal|p2b: Milotic|46/100|[from] item: Leftovers\n|upkeep\n|\n|t:|1776589824\n|switch|p1b: Pelipper|Pelipper, L50, M, shiny|100/100\n|turn|4\n|j| porygon-epilepz\n|\n|t:|1776589851\n|move|p2a: Gallade|Protect|p2a: Gallade\n|-singleturn|p2a: Gallade|Protect\n|move|p2b: Milotic|Protect|p2b: Milotic\n|-singleturn|p2b: Milotic|Protect\n|move|p1b: Pelipper|Hurricane|p2a: Gallade\n|-activate|p2a: Gallade|move: Protect\n|move|p1a: Sinistcha|Matcha Gotcha|p2a: Gallade|[spread] \n|-activate|p2a: Gallade|move: Protect\n|-activate|p2b: Milotic|move: Protect\n|\n|-weather|RainDance|[upkeep]\n|-heal|p2b: Milotic|52/100|[from] item: Leftovers\n|upkeep\n|turn|5\n|\n|t:|1776589870\n|switch|p2a: Manectric|Manectric, L50, F|100/100\n|move|p1b: Pelipper|Hurricane|p2a: Manectric\n|-resisted|p2a: Manectric|1\n|-damage|p2a: Manectric|56/100\n|move|p2b: Milotic|Ice Beam|p1a: Sinistcha\n|-supereffective|p1a: Sinistcha|1\n|-damage|p1a: Sinistcha|45/100\n|move|p1a: Sinistcha|Matcha Gotcha|p2a: Manectric|[spread] p2a,p2b\n|-supereffective|p2b: Milotic|1\n|-damage|p2a: Manectric|9/100\n|-heal|p1a: Sinistcha|65/100|[from] drain|[of] p2a: Manectric\n|-damage|p2b: Milotic|14/100\n|-heal|p1a: Sinistcha|86/100|[from] drain|[of] p2b: Milotic\n|\n|-weather|none\n|-heal|p2b: Milotic|20/100|[from] item: Leftovers\n|upkeep\n|turn|6\n|\n|t:|1776589904\n|detailschange|p2a: Manectric|Manectric-Mega, L50, F\n|-mega|p2a: Manectric|Manectric|Manectite\n|-ability|p2a: Manectric|Intimidate|boost\n|-unboost|p1a: Sinistcha|atk|1\n|-unboost|p1b: Pelipper|atk|1\n|move|p1b: Pelipper|Protect|p1b: Pelipper\n|-singleturn|p1b: Pelipper|Protect\n|move|p2a: Manectric|Overheat|p1a: Sinistcha\n|-supereffective|p1a: Sinistcha|1\n|-damage|p1a: Sinistcha|0 fnt\n|-unboost|p2a: Manectric|spa|2\n|faint|p1a: Sinistcha\n|move|p2b: Milotic|Life Dew|p2b: Milotic|[spread] p2a,p2b\n|-heal|p2a: Manectric|35/100\n|-heal|p2b: Milotic|45/100\n|\n|-heal|p2b: Milotic|51/100|[from] item: Leftovers\n|upkeep\n|\n|t:|1776589912\n|switch|p1a: Garchomp|Garchomp, L50, F|100/100\n|turn|7\n|\n|t:|1776589920\n|move|p2a: Manectric|Protect|p2a: Manectric\n|-singleturn|p2a: Manectric|Protect\n|move|p2b: Milotic|Protect|p2b: Milotic\n|-singleturn|p2b: Milotic|Protect\n|move|p1a: Garchomp|Earthquake|p2a: Manectric|[spread] \n|-activate|p2a: Manectric|move: Protect\n|-activate|p2b: Milotic|move: Protect\n|-immune|p1b: Pelipper\n|move|p1b: Pelipper|Weather Ball|p2b: Milotic\n|-activate|p2b: Milotic|move: Protect\n|\n|-heal|p2b: Milotic|57/100|[from] item: Leftovers\n|upkeep\n|turn|8\n|j| fangyusuhe\n|\n|t:|1776589938\n|switch|p2a: Gallade|Gallade, L50, M|100/100\n|move|p1a: Garchomp|Earthquake|p2b: Milotic|[spread] p2a,p2b\n|-immune|p1b: Pelipper\n|-damage|p2a: Gallade|51/100\n|-damage|p2b: Milotic|20/100\n|move|p1b: Pelipper|Hurricane|p2b: Milotic\n|-damage|p2b: Milotic|0 fnt\n|faint|p2b: Milotic\n|\n|upkeep\n|l| fangyusuhe\n|\n|t:|1776589947\n|switch|p2b: Manectric|Manectric-Mega, L50, F|35/100\n|-ability|p2b: Manectric|Intimidate|boost\n|-unboost|p1a: Garchomp|atk|1\n|-unboost|p1b: Pelipper|atk|1\n|turn|9\n|l|\u2606RichardTheCompany\n|player|p1|\n|\n|t:|1776589981\n|move|p1a: Garchomp|Earthquake|p2b: Manectric|[spread] p2a,p2b\n|-immune|p1b: Pelipper\n|-supereffective|p2b: Manectric|1\n|-damage|p2a: Gallade|18/100\n|-damage|p2b: Manectric|0 fnt\n|faint|p2b: Manectric\n|move|p1b: Pelipper|Hurricane|p2a: Gallade\n|-supereffective|p2a: Gallade|1\n|-damage|p2a: Gallade|0 fnt\n|faint|p2a: Gallade\n|\n|upkeep\n|l| porygon-epilepz\n|\n|t:|1776589989\n|switch|p2b: Zoroark|Zoroark-Hisui, L50, F|100/100\n|turn|10\n|j|\u2606RichardTheCompany\n|player|p1|RichardTheCompany|larry|\n|\n|t:|1776590011\n|move|p1a: Garchomp|Earthquake|p2b: Zoroark|[spread] p2b\n|-immune|p1b: Pelipper\n|-damage|p2b: Zoroark|52/100\n|move|p2b: Zoroark|Shadow Ball|p1a: Garchomp\n|-damage|p1a: Garchomp|53/100\n|-unboost|p1a: Garchomp|spd|1\n|move|p1b: Pelipper|Hurricane|p2b: Zoroark|[miss]\n|-miss|p1b: Pelipper|p2b: Zoroark\n|\n|upkeep\n|turn|11\n|\n|t:|1776590021\n|move|p1a: Garchomp|Earthquake|p2b: Zoroark|[spread] p2b\n|-immune|p1b: Pelipper\n|-damage|p2b: Zoroark|2/100\n|move|p2b: Zoroark|Shadow Ball|p1a: Garchomp\n|-damage|p1a: Garchomp|0 fnt\n|faint|p1a: Garchomp\n|move|p1b: Pelipper|Hurricane|p2b: Zoroark\n|-damage|p2b: Zoroark|0 fnt\n|faint|p2b: Zoroark\n|\n|win|RichardTheCompany\n",
  "uploadtime": 1776589829,
  "views": 8,
  "formatid": "gen9championsvgc2026regma",
  "rating": null,
  "private": 0,
  "password": null
}