{
  "id": "gen9championsvgc2026regma-2586190060",
  "format": "[Gen 9 Champions] VGC 2026 Reg M-A",
  "players": [
    "Euphraxia",
    "yamzinyobooty"
  ],
  "log": "|j|\u2606Euphraxia\n|j|\u2606yamzinyobooty\n|t:|1776410366\n|gametype|doubles\n|player|p1|Euphraxia|maid|1024\n|player|p2|yamzinyobooty|102|1080\n|gen|9\n|tier|[Gen 9 Champions] VGC 2026 Reg M-A\n|rated|\n|rule|Species Clause: Limit one of each Pok\u00e9mon\n|rule|Item Clause: Limit 1 of each item\n|clearpoke\n|poke|p1|Incineroar, L50, F|\n|poke|p1|Floette-Eternal, L50, F|\n|poke|p1|Archaludon, L50, F|\n|poke|p1|Noivern, L50, M|\n|poke|p1|Whimsicott, L50, F|\n|poke|p1|Ceruledge, L50, F|\n|poke|p2|Charizard, L50, F|\n|poke|p2|Venusaur, L50, M|\n|poke|p2|Garchomp, L50, F|\n|poke|p2|Incineroar, L50, F|\n|poke|p2|Gardevoir, L50, M|\n|poke|p2|Milotic, L50, F|\n|teampreview|4\nEuphraxia rejected open team sheets.\n|inactive|Battle timer is ON: inactive players will automatically lose when time's up. (requested by yamzinyobooty)\n|\n|t:|1776410421\n|teamsize|p1|4\n|teamsize|p2|4\n|start\n|switch|p1a: Incineroar|Incineroar, L50, F|100/100\n|switch|p1b: Whimsicott|Whimsicott, L50, F|100/100\n|switch|p2a: Venusaur|Venusaur, L50, M|100/100\n|switch|p2b: Milotic|Milotic, L50, F|100/100\n|-ability|p1a: Incineroar|Intimidate|boost\n|-unboost|p2a: Venusaur|atk|1\n|-unboost|p2b: Milotic|atk|1\n|-ability|p2b: Milotic|Competitive|boost\n|-boost|p2b: Milotic|spa|2\n|turn|1\n|\n|t:|1776410443\n|move|p2a: Venusaur|Protect|p2a: Venusaur\n|-singleturn|p2a: Venusaur|Protect\n|move|p1a: Incineroar|Fake Out|p2b: Milotic\n|-damage|p2b: Milotic|92/100\n|move|p1b: Whimsicott|Taunt|p2a: Venusaur\n|-activate|p2a: Venusaur|move: Protect\n|cant|p2b: Milotic|flinch\n|\n|-heal|p2b: Milotic|98/100|[from] item: Leftovers\n|upkeep\n|turn|2\n|\n|t:|1776410456\n|switch|p2a: Garchomp|Garchomp, L50, F|100/100\n|move|p1b: Whimsicott|Stun Spore|p2b: Milotic\n|-status|p2b: Milotic|par\n|move|p1a: Incineroar|Parting Shot|p2a: Garchomp\n|-unboost|p2a: Garchomp|atk|1\n|-unboost|p2a: Garchomp|spa|1\n|\n|t:|1776410468\n|switch|p1a: Ceruledge|Ceruledge, L50, F|100/100|[from] Parting Shot\n|move|p2b: Milotic|Ice Beam|p1b: Whimsicott\n|-supereffective|p1b: Whimsicott|1\n|-damage|p1b: Whimsicott|0 fnt\n|faint|p1b: Whimsicott\n|\n|-heal|p2b: Milotic|100/100 par|[from] item: Leftovers\n|upkeep\n|\n|t:|1776410477\n|switch|p1b: Floette|Floette-Eternal, L50, F|100/100\n|turn|3\n|\n|t:|1776410498\n|move|p2a: Garchomp|Rock Slide|p1a: Ceruledge|[spread] p1a\n|-miss|p2a: Garchomp|p1b: Floette\n|-supereffective|p1a: Ceruledge|1\n|-damage|p1a: Ceruledge|67/100\n|-ability|p1a: Ceruledge|Weak Armor|boost\n|-unboost|p1a: Ceruledge|def|1\n|-boost|p1a: Ceruledge|spe|2\n|move|p1a: Ceruledge|Swords Dance|p1a: Ceruledge\n|-boost|p1a: Ceruledge|atk|2\n|move|p1b: Floette|Calm Mind|p1b: Floette\n|-boost|p1b: Floette|spa|1\n|-boost|p1b: Floette|spd|1\n|move|p2b: Milotic|Scald|p1b: Floette\n|-damage|p1b: Floette|64/100\n|\n|upkeep\n|turn|4\n|inactive|Euphraxia has 30 seconds left.\n|\n|t:|1776410527\n|move|p1a: Ceruledge|Bitter Blade|p2b: Milotic\n|-resisted|p2b: Milotic|1\n|-damage|p2b: Milotic|69/100 par\n|-heal|p1a: Ceruledge|88/100|[from] drain|[of] p2b: Milotic\n|move|p2a: Garchomp|Rock Slide|p1a: Ceruledge|[spread] p1a\n|-miss|p2a: Garchomp|p1b: Floette\n|-supereffective|p1a: Ceruledge|1\n|-damage|p1a: Ceruledge|39/100\n|-ability|p1a: Ceruledge|Weak Armor|boost\n|-unboost|p1a: Ceruledge|def|1\n|-boost|p1a: Ceruledge|spe|2\n|move|p1b: Floette|Dazzling Gleam|p2b: Milotic|[spread] p2a,p2b\n|-supereffective|p2a: Garchomp|1\n|-damage|p2a: Garchomp|0 fnt\n|-damage|p2b: Milotic|39/100 par\n|faint|p2a: Garchomp\n|cant|p2b: Milotic|par\n|\n|-heal|p2b: Milotic|45/100 par|[from] item: Leftovers\n|upkeep\n|\n|t:|1776410548\n|switch|p2a: Venusaur|Venusaur, L50, M|100/100\n|turn|5\n|\n|t:|1776410562\n|move|p2a: Venusaur|Protect|p2a: Venusaur\n|-singleturn|p2a: Venusaur|Protect\n|move|p1a: Ceruledge|Bitter Blade|p2a: Venusaur\n|-activate|p2a: Venusaur|move: Protect\n|move|p1b: Floette|Light of Ruin|p2b: Milotic\n|-damage|p2b: Milotic|0 fnt\n|faint|p2b: Milotic\n|-damage|p1b: Floette|34/100|[from] Recoil\n|\n|upkeep\n|\n|t:|1776410571\n|switch|p2b: Charizard|Charizard, L50, F|100/100\n|turn|6\n|inactive|yamzinyobooty has 30 seconds left.\n|\n|t:|1776410603\n|detailschange|p2b: Charizard|Charizard-Mega-Y, L50, F\n|-mega|p2b: Charizard|Charizard|Charizardite Y\n|-weather|SunnyDay|[from] ability: Drought|[of] p2b: Charizard\n|detailschange|p1b: Floette|Floette-Mega, L50, F\n|-mega|p1b: Floette|Floette|Floettite\n|-ability|p1b: Floette|Fairy Aura\n|move|p1a: Ceruledge|Bitter Blade|p2a: Venusaur\n|-supereffective|p2a: Venusaur|1\n|-enditem|p2a: Venusaur|Focus Sash\n|-damage|p2a: Venusaur|1/100\n|-heal|p1a: Ceruledge|90/100|[from] drain|[of] p2a: Venusaur\n|move|p2a: Venusaur|Sleep Powder|p1a: Ceruledge\n|-status|p1a: Ceruledge|slp|[from] move: Sleep Powder\n|move|p1b: Floette|Light of Ruin|p2b: Charizard\n|-resisted|p2b: Charizard|1\n|-damage|p2b: Charizard|13/100\n|-damage|p1b: Floette|0 fnt|[from] Recoil\n|faint|p1b: Floette\n|move|p2b: Charizard|Solar Beam||[still]\n|-prepare|p2b: Charizard|Solar Beam\n|-anim|p2b: Charizard|Solar Beam|p1a: Ceruledge\n|-resisted|p1a: Ceruledge|1\n|-damage|p1a: Ceruledge|62/100 slp\n|\n|-weather|SunnyDay|[upkeep]\n|upkeep\n|\n|t:|1776410624\n|switch|p1b: Incineroar|Incineroar, L50, F|100/100\n|-ability|p1b: Incineroar|Intimidate|boost\n|-unboost|p2a: Venusaur|atk|1\n|-unboost|p2b: Charizard|atk|1\n|turn|7\n|\n|t:|1776410632\n|move|p2a: Venusaur|Protect|p2a: Venusaur\n|-singleturn|p2a: Venusaur|Protect\n|move|p2b: Charizard|Protect|p2b: Charizard\n|-singleturn|p2b: Charizard|Protect\n|move|p1b: Incineroar|Fake Out|p2a: Venusaur\n|-activate|p2a: Venusaur|move: Protect\n|cant|p1a: Ceruledge|slp\n|\n|-weather|SunnyDay|[upkeep]\n|upkeep\n|turn|8\n|\n|t:|1776410648\n|cant|p1a: Ceruledge|slp\n|move|p2a: Venusaur|Sleep Powder|p1b: Incineroar\n|-status|p1b: Incineroar|slp|[from] move: Sleep Powder\n|move|p2b: Charizard|Solar Beam||[still]\n|-prepare|p2b: Charizard|Solar Beam\n|-anim|p2b: Charizard|Solar Beam|p1a: Ceruledge\n|-resisted|p1a: Ceruledge|1\n|-damage|p1a: Ceruledge|36/100 slp\n|cant|p1b: Incineroar|slp\n|\n|-weather|SunnyDay|[upkeep]\n|upkeep\n|turn|9\n|\n|t:|1776410661\n|-curestatus|p1a: Ceruledge|slp|[msg]\n|move|p1a: Ceruledge|Shadow Sneak|p2a: Venusaur\n|-damage|p2a: Venusaur|0 fnt\n|faint|p2a: Venusaur\n|move|p2b: Charizard|Solar Beam||[still]\n|-prepare|p2b: Charizard|Solar Beam\n|-anim|p2b: Charizard|Solar Beam|p1a: Ceruledge\n|-resisted|p1a: Ceruledge|1\n|-damage|p1a: Ceruledge|7/100\n|cant|p1b: Incineroar|slp\n|\n|-weather|SunnyDay|[upkeep]\n|upkeep\n|turn|10\n|c|\u2606yamzinyobooty|gsg\n|-message|yamzinyobooty forfeited.\n|\n|win|Euphraxia\n|raw|Euphraxia's rating: 1024 &rarr; <strong>1066</strong><br />(+42 for winning)\n|raw|yamzinyobooty's rating: 1080 &rarr; <strong>1054</strong><br />(-26 for losing)\n",
  "uploadtime": 1776410674,
  "views": 15,
  "formatid": "gen9championsvgc2026regma",
  "rating": 1054,
  "private": 0,
  "password": null
}