{
  "id": "gen9championsvgc2026regma-2581691973",
  "format": "[Gen 9 Champions] VGC 2026 Reg M-A",
  "players": [
    "Guccisan1",
    "SimplyNarwall"
  ],
  "log": "|j|\u2606Guccisan1\n|j|\u2606SimplyNarwall\n|t:|1776021098\n|gametype|doubles\n|player|p1|Guccisan1|266|1227\n|player|p2|SimplyNarwall|169|1220\n|gen|9\n|tier|[Gen 9 Champions] VGC 2026 Reg M-A\n|rated|\n|rule|Species Clause: Limit one of each Pok\u00e9mon\n|rule|Item Clause: Limit 1 of each item\n|clearpoke\n|poke|p1|Golurk, L50|\n|poke|p1|Farigiraf, L50, M|\n|poke|p1|Incineroar, L50, M|\n|poke|p1|Torkoal, L50, M|\n|poke|p1|Sneasler, L50, F|\n|poke|p1|Venusaur, L50, F|\n|poke|p2|Azumarill, L50, F|\n|poke|p2|Sinistcha, L50|\n|poke|p2|Chimecho, L50, F|\n|poke|p2|Dragonite, L50, M|\n|poke|p2|Chesnaught, L50, M|\n|poke|p2|Garganacl, L50, F|\n|teampreview|4\n|\n|t:|1776021128\n|teamsize|p1|4\n|teamsize|p2|4\n|start\n|switch|p1a: Incineroar|Incineroar, L50, M|100/100\n|switch|p1b: Farigiraf|Farigiraf, L50, M|100/100\n|switch|p2a: Chimecho|Chimecho, L50, F|100/100\n|switch|p2b: Chesnaught|Chesnaught, L50, M|100/100\n|-ability|p1a: Incineroar|Intimidate|boost\n|-unboost|p2a: Chimecho|atk|1\n|-unboost|p2b: Chesnaught|atk|1\n|turn|1\n|\n|t:|1776021150\n|switch|p2a: Azumarill|Azumarill, L50, F|100/100\n|switch|p2b: Garganacl|Garganacl, L50, F|100/100\n|move|p1a: Incineroar|Throat Chop|p2a: Azumarill\n|-resisted|p2a: Azumarill|1\n|-damage|p2a: Azumarill|85/100\n|-start|p2a: Azumarill|Throat Chop|[silent]\n|move|p1b: Farigiraf|Trick Room|p1b: Farigiraf\n|-fieldstart|move: Trick Room|[of] p1b: Farigiraf\n|\n|upkeep\n|turn|2\n|\n|t:|1776021165\n|move|p2b: Garganacl|Salt Cure|p1a: Incineroar\n|-supereffective|p1a: Incineroar|1\n|-damage|p1a: Incineroar|78/100\n|-start|p1a: Incineroar|Salt Cure\n|move|p2a: Azumarill|Play Rough|p1b: Farigiraf\n|-damage|p1b: Farigiraf|77/100\n|move|p1b: Farigiraf|Psychic|p2b: Garganacl\n|-damage|p2b: Garganacl|75/100\n|move|p1a: Incineroar|Parting Shot|p2a: Azumarill\n|-unboost|p2a: Azumarill|atk|1\n|-unboost|p2a: Azumarill|spa|1\n|\n|t:|1776021177\n|switch|p1a: Golurk|Golurk, L50|100/100|[from] Parting Shot\n|\n|-heal|p2b: Garganacl|81/100|[from] item: Leftovers\n|-end|p2a: Azumarill|Throat Chop|[silent]\n|upkeep\n|turn|3\n|\n|t:|1776021196\n|switch|p2b: Chesnaught|Chesnaught, L50, M|100/100\n|switch|p2a: Chimecho|Chimecho, L50, F|100/100\n|detailschange|p1a: Golurk|Golurk-Mega, L50\n|-mega|p1a: Golurk|Golurk|Golurkite\n|move|p1b: Farigiraf|Psychic|p2b: Chesnaught\n|-supereffective|p2b: Chesnaught|1\n|-damage|p2b: Chesnaught|10/100\n|-unboost|p2b: Chesnaught|spd|1\n|move|p1a: Golurk|Headlong Rush|p2a: Chimecho\n|-immune|p2a: Chimecho|[from] ability: Levitate\n|\n|upkeep\n|turn|4\n|\n|t:|1776021232\n|detailschange|p2a: Chimecho|Chimecho-Mega, L50, F\n|-mega|p2a: Chimecho|Chimecho|Chimechite\n|move|p1b: Farigiraf|Psychic|p2b: Chesnaught\n|-supereffective|p2b: Chesnaught|1\n|-damage|p2b: Chesnaught|0 fnt\n|faint|p2b: Chesnaught\n|move|p1a: Golurk|Poltergeist|p2a: Chimecho\n|-activate|p2a: Chimecho|move: Poltergeist|Chimechite\n|-supereffective|p2a: Chimecho|1\n|-damage|p2a: Chimecho|0 fnt\n|faint|p2a: Chimecho\n|\n|upkeep\n|\n|t:|1776021241\n|switch|p2b: Garganacl|Garganacl, L50, F|81/100\n|switch|p2a: Azumarill|Azumarill, L50, F|85/100\n|turn|5\n|\n|t:|1776021277\n|switch|p1a: Incineroar|Incineroar, L50, M|78/100\n|-ability|p1a: Incineroar|Intimidate|boost\n|-unboost|p2a: Azumarill|atk|1\n|-unboost|p2b: Garganacl|atk|1\n|move|p2b: Garganacl|Salt Cure|p1a: Incineroar\n|-supereffective|p1a: Incineroar|1\n|-damage|p1a: Incineroar|63/100\n|-start|p1a: Incineroar|Salt Cure\n|move|p2a: Azumarill|Play Rough|p1a: Incineroar\n|-damage|p1a: Incineroar|47/100\n|move|p1b: Farigiraf|Psychic|p2a: Azumarill\n|-damage|p2a: Azumarill|45/100\n|-enditem|p2a: Azumarill|Sitrus Berry|[eat]\n|-heal|p2a: Azumarill|70/100|[from] item: Sitrus Berry\n|\n|-heal|p2b: Garganacl|87/100|[from] item: Leftovers\n|-damage|p1a: Incineroar|41/100|[from] Salt Cure\n|-fieldend|move: Trick Room\n|upkeep\n|turn|6\n|-message|SimplyNarwall forfeited.\n|\n|win|Guccisan1\n|raw|Guccisan1's rating: 1227 &rarr; <strong>1251</strong><br />(+24 for winning)\n|raw|SimplyNarwall's rating: 1220 &rarr; <strong>1196</strong><br />(-24 for losing)\n|l|\u2606SimplyNarwall\n|player|p2|\n",
  "uploadtime": 1776021351,
  "views": 13,
  "formatid": "gen9championsvgc2026regma",
  "rating": 1196,
  "private": 0,
  "password": null
}