{
  "id": "gen9championsvgc2026regma-2582003617",
  "format": "[Gen 9 Champions] VGC 2026 Reg M-A",
  "players": [
    "elgra",
    "seethemalldie"
  ],
  "log": "|j|\u2606elgra\n|j|\u2606seethemalldie\n|t:|1776047427\n|gametype|doubles\n|player|p1|elgra|proton|1134\n|player|p2|seethemalldie|169|1114\n|gen|9\n|tier|[Gen 9 Champions] VGC 2026 Reg M-A\n|rated|\n|rule|Species Clause: Limit one of each Pok\u00e9mon\n|rule|Item Clause: Limit 1 of each item\n|clearpoke\n|poke|p1|Klefki, L50, F|\n|poke|p1|Pelipper, L50, M|\n|poke|p1|Gengar, L50, F|\n|poke|p1|Archaludon, L50, M|\n|poke|p1|Garchomp, L50, F|\n|poke|p1|Rotom-Heat, L50|\n|poke|p2|Lucario, L50, M|\n|poke|p2|Decidueye-Hisui, L50, F|\n|poke|p2|Aerodactyl, L50, M|\n|poke|p2|Clefable, L50, M|\n|poke|p2|Sableye, L50, M|\n|poke|p2|Maushold-Four, L50|\n|teampreview|4\n|inactive|Battle timer is ON: inactive players will automatically lose when time's up. (requested by seethemalldie)\nseethemalldie rejected open team sheets.\n|inactive|seethemalldie has 60 seconds left.\n|inactive|seethemalldie has 30 seconds left.\n|\n|t:|1776047496\n|teamsize|p1|4\n|teamsize|p2|4\n|start\n|switch|p1a: Klefki|Klefki, L50, F|100/100\n|switch|p1b: Pelipper|Pelipper, L50, M|100/100\n|switch|p2a: Sableye|Sableye, L50, M|100/100\n|switch|p2b: Decidueye|Decidueye-Hisui, L50, F|100/100\n|-weather|RainDance|[from] ability: Drizzle|[of] p1b: Pelipper\n|turn|1\n|\n|t:|1776047518\n|move|p2a: Sableye|Fake Out|p1b: Pelipper\n|-damage|p1b: Pelipper|92/100\n|move|p1a: Klefki|Thunder Wave|p2b: Decidueye\n|-status|p2b: Decidueye|par\n|cant|p1b: Pelipper|flinch\n|move|p2b: Decidueye|U-turn|p1a: Klefki\n|-resisted|p1a: Klefki|2\n|-damage|p1a: Klefki|95/100\n|\n|t:|1776047527\n|switch|p2b: Aerodactyl|Aerodactyl, L50, M|100/100|[from] U-turn\n|-ability|p2b: Aerodactyl|Pressure\n|\n|-weather|RainDance|[upkeep]\n|upkeep\n|turn|2\n|\n|t:|1776047545\n|switch|p1b: Archaludon|Archaludon, L50, M|100/100\n|detailschange|p2b: Aerodactyl|Aerodactyl-Mega, L50, M\n|-mega|p2b: Aerodactyl|Aerodactyl|Aerodactylite\n|move|p1a: Klefki|Thunder Wave|p2b: Aerodactyl\n|-status|p2b: Aerodactyl|par\n|move|p2a: Sableye|Quash||[still]\n|-fail|p2a: Sableye\n|move|p2b: Aerodactyl|Rock Slide|p1a: Klefki|[spread] p1a,p1b\n|-resisted|p1a: Klefki|1\n|-resisted|p1b: Archaludon|1\n|-damage|p1a: Klefki|81/100\n|-damage|p1b: Archaludon|89/100\n|-ability|p1b: Archaludon|Stamina|boost\n|-boost|p1b: Archaludon|def|1\n|\n|-weather|RainDance|[upkeep]\n|-heal|p1b: Archaludon|95/100|[from] item: Leftovers\n|upkeep\n|turn|3\n|\n|t:|1776047566\n|switch|p2a: Lucario|Lucario, L50, M|100/100\n|move|p2b: Aerodactyl|Protect|p2b: Aerodactyl\n|-singleturn|p2b: Aerodactyl|Protect\n|move|p1a: Klefki|Reflect|p1a: Klefki\n|-sidestart|p1: elgra|Reflect\n|move|p1b: Archaludon|Electro Shot||[still]\n|-prepare|p1b: Archaludon|Electro Shot\n|-boost|p1b: Archaludon|spa|1\n|-anim|p1b: Archaludon|Electro Shot|p2b: Aerodactyl\n|-activate|p2b: Aerodactyl|move: Protect\n|\n|-weather|RainDance|[upkeep]\n|-heal|p1b: Archaludon|100/100|[from] item: Leftovers\n|upkeep\n|turn|4\n|\n|t:|1776047582\n|switch|p2b: Sableye|Sableye, L50, M|100/100\n|move|p2a: Lucario|Protect|p2a: Lucario\n|-singleturn|p2a: Lucario|Protect\n|move|p1a: Klefki|Thunder Wave|p2a: Lucario\n|-activate|p2a: Lucario|move: Protect\n|move|p1b: Archaludon|Electro Shot||[still]\n|-prepare|p1b: Archaludon|Electro Shot\n|-boost|p1b: Archaludon|spa|1\n|-anim|p1b: Archaludon|Electro Shot|p2b: Sableye\n|-damage|p2b: Sableye|0 fnt\n|faint|p2b: Sableye\n|\n|-weather|RainDance|[upkeep]\n|upkeep\n|\n|t:|1776047596\n|switch|p2b: Decidueye|Decidueye-Hisui, L50, F|100/100 par\n|turn|5\n|-message|seethemalldie forfeited.\n|\n|win|elgra\n|raw|elgra's rating: 1134 &rarr; <strong>1158</strong><br />(+24 for winning)\n|raw|seethemalldie's rating: 1114 &rarr; <strong>1090</strong><br />(-24 for losing)\n|l|\u2606seethemalldie\n|player|p2|\n",
  "uploadtime": 1776047608,
  "views": 10,
  "formatid": "gen9championsvgc2026regma",
  "rating": 1090,
  "private": 0,
  "password": null
}