{
  "id": "gen9championsvgc2026regma-2587884135",
  "format": "[Gen 9 Champions] VGC 2026 Reg M-A",
  "players": [
    "testballs",
    "zhz2021"
  ],
  "log": "|j|\u203dtestballs\n|j|\u2606zhz2021\n|t:|1776574427\n|gametype|doubles\n|player|p1|testballs|twins|1402\n|player|p2|zhz2021|marley|1503\n|gen|9\n|tier|[Gen 9 Champions] VGC 2026 Reg M-A\n|rated|\n|rule|Species Clause: Limit one of each Pok\u00e9mon\n|rule|Item Clause: Limit 1 of each item\n|clearpoke\n|poke|p1|Hydreigon, L50, M|\n|poke|p1|Meganium, L50, M|\n|poke|p1|Volcarona, L50, M|\n|poke|p1|Scizor, L50, M|\n|poke|p1|Milotic, L50, F|\n|poke|p1|Sneasler, L50, M|\n|poke|p2|Sableye, L50, M|\n|poke|p2|Archaludon, L50, F|\n|poke|p2|Scovillain, L50, M, shiny|\n|poke|p2|Basculegion-F, L50, F, shiny|\n|poke|p2|Pelipper, L50, F|\n|poke|p2|Mamoswine, L50, M|\n|teampreview|4\n|inactive|Battle timer is ON: inactive players will automatically lose when time's up. (requested by testballs)\n|\n|t:|1776574460\n|teamsize|p1|4\n|teamsize|p2|4\n|start\n|switch|p1a: Meganium|Meganium, L50, M|100/100\n|switch|p1b: Hydreigon|Hydreigon, L50, M|100/100\n|switch|p2a: Pelipper|Pelipper, L50, F|100/100\n|switch|p2b: Scovillain|Scovillain, L50, M, shiny|100/100\n|-weather|RainDance|[from] ability: Drizzle|[of] p2a: Pelipper\n|turn|1\n|inactive|testballs has 30 seconds left.\n|\n|t:|1776574489\n|detailschange|p1a: Meganium|Meganium-Mega, L50, M\n|-mega|p1a: Meganium|Meganium|Meganiumite\n|detailschange|p2b: Scovillain|Scovillain-Mega, L50, M, shiny\n|-mega|p2b: Scovillain|Scovillain|Scovillainite\n|move|p1a: Meganium|Protect|p1a: Meganium\n|-singleturn|p1a: Meganium|Protect\n|move|p1b: Hydreigon|Snarl|p2a: Pelipper|[spread] p2a\n|-miss|p1b: Hydreigon|p2b: Scovillain\n|-damage|p2a: Pelipper|69/100\n|-unboost|p2a: Pelipper|spa|1\n|move|p2a: Pelipper|Soak|p1a: Meganium\n|-activate|p1a: Meganium|move: Protect\n|move|p2b: Scovillain|Giga Drain|p1a: Meganium\n|-activate|p1a: Meganium|move: Protect\n|\n|-weather|RainDance|[upkeep]\n|upkeep\n|turn|2\n|\n|t:|1776574506\n|move|p1b: Hydreigon|Snarl|p2b: Scovillain|[spread] p2a,p2b\n|-crit|p2a: Pelipper\n|-damage|p2a: Pelipper|25/100\n|-damage|p2b: Scovillain|80/100\n|-unboost|p2a: Pelipper|spa|1\n|-unboost|p2b: Scovillain|spa|1\n|-status|p1b: Hydreigon|brn|[from] ability: Spicy Spray|[of] p2b: Scovillain\n|-enditem|p2a: Pelipper|Sitrus Berry|[eat]\n|-heal|p2a: Pelipper|50/100|[from] item: Sitrus Berry\n|move|p2a: Pelipper|Soak|p1a: Meganium\n|-start|p1a: Meganium|typechange|Water\n|move|p1a: Meganium|Weather Ball|p2b: Scovillain\n|-damage|p2b: Scovillain|16/100\n|-status|p1a: Meganium|brn|[from] ability: Spicy Spray|[of] p2b: Scovillain\n|move|p2b: Scovillain|Giga Drain|p1a: Meganium\n|-supereffective|p1a: Meganium|1\n|-damage|p1a: Meganium|58/100 brn\n|-heal|p2b: Scovillain|39/100|[from] drain|[of] p1a: Meganium\n|\n|-weather|RainDance|[upkeep]\n|-damage|p1b: Hydreigon|95/100 brn|[from] brn\n|-damage|p1a: Meganium|52/100 brn|[from] brn\n|upkeep\n|turn|3\n|\n|t:|1776574526\n|move|p1b: Hydreigon|Snarl|p2a: Pelipper|[spread] p2a,p2b\n|-damage|p2a: Pelipper|17/100\n|-damage|p2b: Scovillain|14/100\n|-unboost|p2a: Pelipper|spa|1\n|-unboost|p2b: Scovillain|spa|1\n|move|p2a: Pelipper|Tailwind|p2a: Pelipper\n|-sidestart|p2: zhz2021|move: Tailwind\n|move|p2b: Scovillain|Giga Drain|p1a: Meganium\n|-supereffective|p1a: Meganium|1\n|-damage|p1a: Meganium|20/100 brn\n|-heal|p2b: Scovillain|32/100|[from] drain|[of] p1a: Meganium\n|move|p1a: Meganium|Dazzling Gleam|p2b: Scovillain|[spread] p2a,p2b\n|-resisted|p2b: Scovillain|1\n|-damage|p2a: Pelipper|0 fnt\n|-damage|p2b: Scovillain|19/100\n|faint|p2a: Pelipper\n|\n|-weather|RainDance|[upkeep]\n|-damage|p1b: Hydreigon|89/100 brn|[from] brn\n|-damage|p1a: Meganium|14/100 brn|[from] brn\n|upkeep\n|\n|t:|1776574532\n|switch|p2a: Mamoswine|Mamoswine, L50, M|100/100\n|turn|4\n|\n|t:|1776574554\n|move|p2a: Mamoswine|Icicle Crash|p1b: Hydreigon\n|-supereffective|p1b: Hydreigon|1\n|-damage|p1b: Hydreigon|0 fnt\n|faint|p1b: Hydreigon\n|move|p2b: Scovillain|Giga Drain|p1a: Meganium\n|-supereffective|p1a: Meganium|1\n|-damage|p1a: Meganium|0 fnt\n|-heal|p2b: Scovillain|26/100|[from] drain|[of] p1a: Meganium\n|faint|p1a: Meganium\n|\n|-weather|RainDance|[upkeep]\n|upkeep\n|\n|t:|1776574557\n|switch|p1b: Milotic|Milotic, L50, F|100/100\n|switch|p1a: Scizor|Scizor, L50, M|100/100\n|turn|5\n|\n|t:|1776574565\n|switch|p2a: Archaludon|Archaludon, L50, F|100/100\n|move|p2b: Scovillain|Giga Drain|p1b: Milotic\n|-supereffective|p1b: Milotic|1\n|-damage|p1b: Milotic|75/100\n|-heal|p2b: Scovillain|41/100|[from] drain|[of] p1b: Milotic\n|move|p1b: Milotic|Muddy Water|p2b: Scovillain|[spread] p2a,p2b\n|-resisted|p2a: Archaludon|1\n|-damage|p2a: Archaludon|80/100\n|-damage|p2b: Scovillain|2/100\n|-unboost|p2b: Scovillain|accuracy|1\n|-ability|p2a: Archaludon|Stamina|boost\n|-boost|p2a: Archaludon|def|1\n|-status|p1b: Milotic|brn|[from] ability: Spicy Spray|[of] p2b: Scovillain\n|move|p1a: Scizor|Swords Dance|p1a: Scizor\n|-boost|p1a: Scizor|atk|2\n|\n|-weather|none\n|-heal|p2a: Archaludon|86/100|[from] item: Leftovers\n|-heal|p1b: Milotic|81/100 brn|[from] item: Leftovers\n|-damage|p1b: Milotic|75/100 brn|[from] brn\n|upkeep\n|turn|6\n|\n|t:|1776574588\n|move|p2b: Scovillain|Rage Powder|p2b: Scovillain\n|-singleturn|p2b: Scovillain|move: Rage Powder\n|move|p1a: Scizor|Bullet Punch|p2b: Scovillain\n|-resisted|p2b: Scovillain|1\n|-damage|p2b: Scovillain|0 fnt\n|-status|p1a: Scizor|brn|[from] ability: Spicy Spray|[of] p2b: Scovillain\n|faint|p2b: Scovillain\n|move|p2a: Archaludon|Electro Shot||[still]\n|-prepare|p2a: Archaludon|Electro Shot\n|-boost|p2a: Archaludon|spa|1\n|move|p1b: Milotic|Muddy Water|p2a: Archaludon\n|-resisted|p2a: Archaludon|1\n|-damage|p2a: Archaludon|70/100\n|-unboost|p2a: Archaludon|accuracy|1\n|-ability|p2a: Archaludon|Stamina|boost\n|-boost|p2a: Archaludon|def|1\n|\n|-heal|p2a: Archaludon|76/100|[from] item: Leftovers\n|-heal|p1b: Milotic|81/100 brn|[from] item: Leftovers\n|-damage|p1b: Milotic|75/100 brn|[from] brn\n|-damage|p1a: Scizor|94/100 brn|[from] brn\n|-sideend|p2: zhz2021|move: Tailwind\n|upkeep\n|\n|t:|1776574592\n|switch|p2b: Mamoswine|Mamoswine, L50, M|100/100\n|turn|7\n|\n|t:|1776574599\n|move|p1a: Scizor|Bullet Punch|p2b: Mamoswine\n|-supereffective|p2b: Mamoswine|1\n|-damage|p2b: Mamoswine|22/100\n|move|p2b: Mamoswine|High Horsepower|p1b: Milotic\n|-damage|p1b: Milotic|31/100 brn\n|move|p2a: Archaludon|Electro Shot|p1b: Milotic|[from] lockedmove\n|-supereffective|p1b: Milotic|1\n|-damage|p1b: Milotic|0 fnt\n|faint|p1b: Milotic\n|\n|-heal|p2a: Archaludon|82/100|[from] item: Leftovers\n|-damage|p1a: Scizor|88/100 brn|[from] brn\n|upkeep\n|turn|8\n|-message|testballs forfeited.\n|\n|win|zhz2021\n|raw|testballs's rating: 1402 &rarr; <strong>1388</strong><br />(-14 for losing)\n|raw|zhz2021's rating: 1503 &rarr; <strong>1517</strong><br />(+14 for winning)\n|l|\u203dtestballs\n|player|p1|\n|l|\u2606zhz2021\n|player|p2|\n|j| Crvstal_K!tty\n",
  "uploadtime": 1776574651,
  "views": 19,
  "formatid": "gen9championsvgc2026regma",
  "rating": 1388,
  "private": 0,
  "password": null
}