{
  "id": "gen9championsvgc2026regma-2581406211",
  "format": "[Gen 9 Champions] VGC 2026 Reg M-A",
  "players": [
    "EvWX",
    "sirae"
  ],
  "log": "|j|\u2606EvWX\n|j|\u2606sirae\n|t:|1775997110\n|gametype|doubles\n|player|p1|EvWX|flannery|1101\n|player|p2|sirae|caitlin|1147\n|gen|9\n|tier|[Gen 9 Champions] VGC 2026 Reg M-A\n|rated|\n|rule|Species Clause: Limit one of each Pok\u00e9mon\n|rule|Item Clause: Limit 1 of each item\n|clearpoke\n|poke|p1|Feraligatr, L50, F|\n|poke|p1|Sneasler, L50, F|\n|poke|p1|Pelipper, L50, M|\n|poke|p1|Archaludon, L50, F|\n|poke|p1|Meganium, L50, F|\n|poke|p1|Garchomp, L50, M|\n|poke|p2|Floette-Eternal, L50, F|\n|poke|p2|Sylveon, L50, F|\n|poke|p2|Tyranitar, L50, F|\n|poke|p2|Excadrill, L50, F|\n|poke|p2|Sableye, L50, F|\n|poke|p2|Incineroar, L50, F|\n|teampreview|4\n|inactive|Battle timer is ON: inactive players will automatically lose when time's up. (requested by sirae)\n|inactive|EvWX has 60 seconds left.\n|inactive|sirae has 60 seconds left.\n|\n|t:|1775997153\n|teamsize|p1|4\n|teamsize|p2|4\n|start\n|switch|p1a: Pelipper|Pelipper, L50, M|100/100\n|switch|p1b: Sneasler|Sneasler, L50, F, shiny|100/100\n|switch|p2a: Fastest mon|Excadrill, L50, F|100/100\n|switch|p2b: the exception OU|Tyranitar, L50, F|100/100\n|-weather|RainDance|[from] ability: Drizzle|[of] p1a: Pelipper\n|-weather|Sandstorm|[from] ability: Sand Stream|[of] p2b: the exception OU\n|turn|1\n|\n|t:|1775997167\n|move|p2b: the exception OU|Protect|p2b: the exception OU\n|-singleturn|p2b: the exception OU|Protect\n|move|p1b: Sneasler|Fake Out|p2a: Fastest mon\n|-resisted|p2a: Fastest mon|1\n|-damage|p2a: Fastest mon|91/100\n|cant|p2a: Fastest mon|flinch\n|move|p1a: Pelipper|Rain Dance|p1a: Pelipper\n|-weather|RainDance\n|\n|-weather|RainDance|[upkeep]\n|upkeep\n|turn|2\n|\n|t:|1775997192\n|switch|p2b: Just this once|Floette-Eternal, L50, F|100/100\n|move|p1b: Sneasler|Close Combat|p2b: Just this once\n|-resisted|p2b: Just this once|1\n|-damage|p2b: Just this once|63/100\n|-unboost|p1b: Sneasler|def|1\n|-unboost|p1b: Sneasler|spd|1\n|-enditem|p1b: Sneasler|White Herb\n|-clearnegativeboost|p1b: Sneasler|[silent]\n|move|p2a: Fastest mon|Earthquake|p1a: Pelipper|[spread] p2b,p1b\n|-immune|p1a: Pelipper\n|-supereffective|p1b: Sneasler|1\n|-damage|p2b: Just this once|11/100\n|-damage|p1b: Sneasler|0 fnt\n|faint|p1b: Sneasler\n|move|p1a: Pelipper|Weather Ball|p2a: Fastest mon\n|-supereffective|p2a: Fastest mon|1\n|-damage|p2a: Fastest mon|0 fnt\n|faint|p2a: Fastest mon\n|\n|-weather|RainDance|[upkeep]\n|upkeep\n|\n|t:|1775997213\n|switch|p1b: lol BOOOMM|Meganium, L50, F, shiny|100/100\n|switch|p2a: Transgender|Sylveon, L50, F|100/100\n|turn|3\n|\n|t:|1775997227\n|detailschange|p2b: Just this once|Floette-Mega, L50, F\n|-mega|p2b: Just this once|Floette|Floettite\n|-ability|p2b: Just this once|Fairy Aura\n|detailschange|p1b: lol BOOOMM|Meganium-Mega, L50, F, shiny\n|-mega|p1b: lol BOOOMM|Meganium|Meganiumite\n|move|p2b: Just this once|Helping Hand|p2a: Transgender\n|-singleturn|p2a: Transgender|Helping Hand|[of] p2b: Just this once\n|move|p2a: Transgender|Hyper Voice|p1a: Pelipper|[spread] p1a,p1b\n|-damage|p1a: Pelipper|0 fnt\n|-damage|p1b: lol BOOOMM|24/100\n|faint|p1a: Pelipper\n|move|p1b: lol BOOOMM|Weather Ball|p2b: Just this once\n|-damage|p2b: Just this once|0 fnt\n|faint|p2b: Just this once\n|\n|-weather|RainDance|[upkeep]\n|upkeep\n|\n|t:|1775997244\n|switch|p2b: the exception OU|Tyranitar, L50, F|100/100\n|switch|p1a: Archaludon|Archaludon, L50, F, shiny|100/100\n|-weather|Sandstorm|[from] ability: Sand Stream|[of] p2b: the exception OU\n|turn|4\n|\n|t:|1775997261\n|move|p2a: Transgender|Hyper Voice|p1b: lol BOOOMM|[spread] p1a,p1b\n|-damage|p1a: Archaludon|48/100\n|-damage|p1b: lol BOOOMM|0 fnt\n|-ability|p1a: Archaludon|Stamina|boost\n|-boost|p1a: Archaludon|def|1\n|faint|p1b: lol BOOOMM\n|move|p1a: Archaludon|Flash Cannon|p2a: Transgender\n|-supereffective|p2a: Transgender|1\n|-damage|p2a: Transgender|23/100\n|move|p2b: the exception OU|High Horsepower|p1a: Archaludon\n|-supereffective|p1a: Archaludon|1\n|-damage|p1a: Archaludon|7/100\n|-ability|p1a: Archaludon|Stamina|boost\n|-boost|p1a: Archaludon|def|1\n|\n|-weather|Sandstorm|[upkeep]\n|-damage|p2a: Transgender|17/100|[from] Sandstorm\n|upkeep\n|turn|5\n|\n|t:|1775997275\n|move|p1a: Archaludon|Protect|p1a: Archaludon\n|-singleturn|p1a: Archaludon|Protect\n|move|p2a: Transgender|Hyper Voice|p1a: Archaludon\n|-activate|p1a: Archaludon|move: Protect\n|move|p2b: the exception OU|Knock Off|p1a: Archaludon\n|-activate|p1a: Archaludon|move: Protect\n|\n|-weather|Sandstorm|[upkeep]\n|-damage|p2a: Transgender|11/100|[from] Sandstorm\n|upkeep\n|turn|6\n|c|\u2606EvWX|unfort gg\n|\n|t:|1775997285\n|move|p2a: Transgender|Hyper Voice|p1a: Archaludon\n|-damage|p1a: Archaludon|0 fnt\n|faint|p1a: Archaludon\n|\n|win|sirae\n|raw|EvWX's rating: 1101 &rarr; <strong>1079</strong><br />(-22 for losing)\n|raw|sirae's rating: 1147 &rarr; <strong>1169</strong><br />(+22 for winning)\n|l|\u2606EvWX\n|player|p1|\n",
  "uploadtime": 1775997419,
  "views": 25,
  "formatid": "gen9championsvgc2026regma",
  "rating": 1079,
  "private": 0,
  "password": null
}