{
  "id": "gen9championsvgc2026regma-2580962776",
  "format": "[Gen 9 Champions] VGC 2026 Reg M-A",
  "players": [
    "yeanxy",
    "APazaDeUva"
  ],
  "log": "|j|\u2606yeanxy\n|j|\u2606APazaDeUva\n|t:|1775947088\n|gametype|doubles\n|player|p1|yeanxy|101|1000\n|player|p2|APazaDeUva|veteran|1000\n|gen|9\n|tier|[Gen 9 Champions] VGC 2026 Reg M-A\n|rated|\n|rule|Species Clause: Limit one of each Pok\u00e9mon\n|rule|Item Clause: Limit 1 of each item\n|clearpoke\n|poke|p1|Golurk, L50|\n|poke|p1|Farigiraf, L50, M|\n|poke|p1|Incineroar, L50, F|\n|poke|p1|Sneasler, L50, M|\n|poke|p1|Torkoal, L50, M|\n|poke|p1|Venusaur, L50, M|\n|poke|p2|Chandelure, L50, M|\n|poke|p2|Meowstic, L50, M|\n|poke|p2|Torkoal, L50, M|\n|poke|p2|Heliolisk, L50, F|\n|poke|p2|Whimsicott, L50, F|\n|poke|p2|Venusaur, L50, F|\n|teampreview|4\n|inactive|Battle timer is ON: inactive players will automatically lose when time's up. (requested by APazaDeUva)\n|\n|t:|1775947109\n|teamsize|p1|4\n|teamsize|p2|4\n|start\n|switch|p1a: Incineroar|Incineroar, L50, F|100/100\n|switch|p1b: Sneasler|Sneasler, L50, M|100/100\n|switch|p2a: Meowstic|Meowstic, L50, M|100/100\n|switch|p2b: Heliolisk|Heliolisk, L50, F|100/100\n|-ability|p1a: Incineroar|Intimidate|boost\n|-unboost|p2a: Meowstic|atk|1\n|-unboost|p2b: Heliolisk|atk|1\n|turn|1\n|inactive|yeanxy has 30 seconds left.\n|\n|t:|1775947136\n|move|p1a: Incineroar|Fake Out|p2a: Meowstic\n|-damage|p2a: Meowstic|87/100\n|cant|p2a: Meowstic|flinch\n|move|p1b: Sneasler|Coaching|p1a: Incineroar\n|-boost|p1a: Incineroar|atk|1\n|-boost|p1a: Incineroar|def|1\n|move|p2b: Heliolisk|Shed Tail|p2b: Heliolisk\n|-start|p2b: Heliolisk|Substitute|[from] move: Shed Tail\n|-damage|p2b: Heliolisk|50/100\n|-enditem|p2b: Heliolisk|Sitrus Berry|[eat]\n|-heal|p2b: Heliolisk|75/100|[from] item: Sitrus Berry\n|\n|t:|1775947149\n|switch|p2b: Torkoal|Torkoal, L50, M|100/100|[from] Shed Tail\n|-weather|SunnyDay|[from] ability: Drought|[of] p2b: Torkoal\n|\n|-weather|SunnyDay|[upkeep]\n|-heal|p2a: Meowstic|93/100|[from] item: Leftovers\n|upkeep\n|turn|2\n|inactive|yeanxy has 30 seconds left.\n|inactive|yeanxy has 20 seconds left.\n|inactive|yeanxy has 15 seconds left.\n|inactive|yeanxy has 10 seconds left.\n|\n|t:|1775947198\n|move|p1b: Sneasler|Dire Claw|p2a: Meowstic\n|-damage|p2a: Meowstic|45/100\n|move|p1a: Incineroar|Baton Pass|p1a: Incineroar\n|\n|t:|1775947205\n|switch|p1a: Golurk|Golurk, L50, shiny|100/100|[from] Baton Pass\n|move|p2b: Torkoal|Eruption|p1b: Sneasler|[spread] p1a,p1b\n|-damage|p1a: Golurk|19/100\n|-damage|p1b: Sneasler|6/100\n|move|p2a: Meowstic|Trick Room|p2a: Meowstic\n|-fieldstart|move: Trick Room|[of] p2a: Meowstic\n|\n|-weather|SunnyDay|[upkeep]\n|-heal|p2a: Meowstic|51/100|[from] item: Leftovers\n|upkeep\n|turn|3\n|inactive|yeanxy has 30 seconds left.\n|\n|t:|1775947233\n|switch|p2a: Chandelure|Chandelure, L50, M, shiny|100/100\n|switch|p1b: Incineroar|Incineroar, L50, F|100/100\n|-ability|p1b: Incineroar|Intimidate|boost\n|-unboost|p2a: Chandelure|atk|1\n|-immune|p2b: Torkoal\n|detailschange|p1a: Golurk|Golurk-Mega, L50, shiny\n|-mega|p1a: Golurk|Golurk|Golurkite\n|move|p1a: Golurk|Protect|p1a: Golurk\n|-singleturn|p1a: Golurk|Protect\n|move|p2b: Torkoal|Eruption|p1a: Golurk|[spread] p1b\n|-activate|p1a: Golurk|move: Protect\n|-resisted|p1b: Incineroar|1\n|-damage|p1b: Incineroar|65/100\n|\n|-weather|SunnyDay|[upkeep]\n|upkeep\n|turn|4\n|inactive|yeanxy has 30 seconds left.\n|inactive|APazaDeUva has 30 seconds left.\n|\n|t:|1775947265\n|move|p2a: Chandelure|Protect|p2a: Chandelure\n|-singleturn|p2a: Chandelure|Protect\n|move|p1b: Incineroar|Fake Out|p2b: Torkoal\n|-activate|p2b: Torkoal|move: Substitute|[damage]\n|move|p2b: Torkoal|Eruption|p1b: Incineroar|[spread] p1a,p1b\n|-resisted|p1b: Incineroar|1\n|-damage|p1a: Golurk|0 fnt\n|-damage|p1b: Incineroar|32/100\n|faint|p1a: Golurk\n|\n|-weather|SunnyDay|[upkeep]\n|upkeep\n|\n|t:|1775947283\n|switch|p1a: Torkoal|Torkoal, L50, M|100/100\n|turn|5\n|\n|t:|1775947296\n|detailschange|p2a: Chandelure|Chandelure-Mega, L50, M, shiny\n|-mega|p2a: Chandelure|Chandelure|Chandelurite\n|move|p1a: Torkoal|Eruption|p2a: Chandelure|[spread] p2a,p2b\n|-resisted|p2b: Torkoal|1\n|-end|p2b: Torkoal|Substitute\n|-resisted|p2a: Chandelure|1\n|-damage|p2a: Chandelure|59/100\n|move|p2b: Torkoal|Earth Power|p1a: Torkoal\n|-supereffective|p1a: Torkoal|1\n|-damage|p1a: Torkoal|29/100\n|move|p1b: Incineroar|Parting Shot|p2a: Chandelure\n|-unboost|p2a: Chandelure|atk|1\n|-unboost|p2a: Chandelure|spa|1\n|\n|t:|1775947313\n|switch|p1b: Sneasler|Sneasler, L50, M|6/100|[from] Parting Shot\n|move|p2a: Chandelure|Shadow Ball|p1a: Torkoal\n|-damage|p1a: Torkoal|0 fnt\n|faint|p1a: Torkoal\n|\n|-weather|none\n|upkeep\n|\n|t:|1775947323\n|switch|p1a: Incineroar|Incineroar, L50, F|32/100\n|-ability|p1a: Incineroar|Intimidate|boost\n|-unboost|p2a: Chandelure|atk|1\n|-unboost|p2b: Torkoal|atk|1\n|turn|6\n|\n|t:|1775947335\n|move|p2b: Torkoal|Protect|p2b: Torkoal\n|-singleturn|p2b: Torkoal|Protect\n|move|p1a: Incineroar|Fake Out|p2b: Torkoal\n|-activate|p2b: Torkoal|move: Protect\n|move|p2a: Chandelure|Heat Wave|p1b: Sneasler|[spread] p1a,p1b\n|-resisted|p1a: Incineroar|1\n|-damage|p1a: Incineroar|17/100\n|-damage|p1b: Sneasler|0 fnt\n|faint|p1b: Sneasler\n|\n|-fieldend|move: Trick Room\n|upkeep\n|turn|7\n|-message|yeanxy forfeited.\n|\n|win|APazaDeUva\n|raw|yeanxy's rating: 1000 &rarr; <strong>1000</strong><br />(+0 for losing)\n|raw|APazaDeUva's rating: 1000 &rarr; <strong>1040</strong><br />(+40 for winning)\n|l|\u2606yeanxy\n|player|p1|\n",
  "uploadtime": 1775947357,
  "views": 41,
  "formatid": "gen9championsvgc2026regma",
  "rating": 1000,
  "private": 0,
  "password": null
}