{
  "id": "gen9championsvgc2026regma-2585389713",
  "format": "[Gen 9 Champions] VGC 2026 Reg M-A",
  "players": [
    "prof. jubokko",
    "Sharkhy_"
  ],
  "log": "|j|\u2606prof. jubokko\n|j|\u2606Sharkhy_\n|t:|1776343688\n|gametype|doubles\n|player|p1|prof. jubokko|cyrus|1064\n|player|p2|Sharkhy_|n|1158\n|gen|9\n|tier|[Gen 9 Champions] VGC 2026 Reg M-A\n|rated|\n|rule|Species Clause: Limit one of each Pok\u00e9mon\n|rule|Item Clause: Limit 1 of each item\n|clearpoke\n|poke|p1|Tyranitar, L50, M|\n|poke|p1|Aegislash, L50, F|\n|poke|p1|Passimian, L50, M|\n|poke|p1|Aggron, L50, F|\n|poke|p1|Talonflame, L50, F|\n|poke|p1|Weavile, L50, F|\n|poke|p2|Charizard, L50, F|\n|poke|p2|Maushold-Four, L50|\n|poke|p2|Sneasler, L50, M|\n|poke|p2|Dragapult, L50, F|\n|poke|p2|Kingambit, L50, M|\n|poke|p2|Garchomp, L50, F|\n|teampreview|4\n|\n|t:|1776343719\n|teamsize|p1|4\n|teamsize|p2|4\n|start\n|switch|p1a: Weavile|Weavile, L50, F|100/100\n|switch|p1b: Talonflame|Talonflame, L50, F|100/100\n|switch|p2a: Sneasler|Sneasler, L50, M|100/100\n|switch|p2b: Garchomp|Garchomp, L50, F|100/100\n|turn|1\n|inactive|Battle timer is ON: inactive players will automatically lose when time's up. (requested by Sharkhy_)\n|\n|t:|1776343744\n|move|p1b: Talonflame|Tailwind|p1b: Talonflame\n|-sidestart|p1: prof. jubokko|move: Tailwind\n|move|p1a: Weavile|Ice Spinner|p2b: Garchomp\n|-supereffective|p2b: Garchomp|2\n|-damage|p2b: Garchomp|0 fnt\n|-damage|p1a: Weavile|88/100|[from] ability: Rough Skin|[of] p2b: Garchomp\n|faint|p2b: Garchomp\n|move|p2a: Sneasler|Close Combat|p1a: Weavile\n|-supereffective|p1a: Weavile|2\n|-damage|p1a: Weavile|0 fnt\n|-unboost|p2a: Sneasler|def|1\n|-unboost|p2a: Sneasler|spd|1\n|faint|p1a: Weavile\n|\n|upkeep\n|\n|t:|1776343762\n|switch|p1a: Tyranitar|Tyranitar, L50, M|100/100\n|switch|p2b: Charizard|Charizard, L50, F|100/100\n|-weather|Sandstorm|[from] ability: Sand Stream|[of] p1a: Tyranitar\n|turn|2\n|inactive|prof. jubokko has 30 seconds left.\n|\n|t:|1776343788\n|switch|p2a: Maushold|Maushold-Four, L50|100/100\n|move|p1a: Tyranitar|Protect|p1a: Tyranitar\n|-singleturn|p1a: Tyranitar|Protect\n|move|p2b: Charizard|Protect|p2b: Charizard\n|-singleturn|p2b: Charizard|Protect\n|move|p1b: Talonflame|Brave Bird|p2a: Maushold\n|-damage|p2a: Maushold|40/100\n|-damage|p1b: Talonflame|77/100|[from] Recoil\n|\n|-weather|Sandstorm|[upkeep]\n|-damage|p1b: Talonflame|71/100|[from] Sandstorm\n|-damage|p2a: Maushold|34/100|[from] Sandstorm\n|-damage|p2b: Charizard|94/100|[from] Sandstorm\n|upkeep\n|turn|3\n|inactive|prof. jubokko has 30 seconds left.\n|inactive|Sharkhy_ has 30 seconds left.\n|\n|t:|1776343815\n|switch|p2b: Sneasler|Sneasler, L50, M|100/100\n|move|p1b: Talonflame|Brave Bird|p2a: Maushold\n|-damage|p2a: Maushold|0 fnt\n|faint|p2a: Maushold\n|-damage|p1b: Talonflame|59/100|[from] Recoil\n|move|p1a: Tyranitar|Rock Slide|p2b: Sneasler\n|-resisted|p2b: Sneasler|1\n|-damage|p2b: Sneasler|62/100\n|\n|-weather|Sandstorm|[upkeep]\n|-damage|p1b: Talonflame|53/100|[from] Sandstorm\n|-damage|p2b: Sneasler|56/100|[from] Sandstorm\n|upkeep\n|\n|t:|1776343827\n|switch|p2a: Charizard|Charizard, L50, F|94/100\n|turn|4\n|\n|t:|1776343846\n|switch|p1a: Aegislash|Aegislash, L50, F|100/100\n|move|p2a: Charizard|Protect|p2a: Charizard\n|-singleturn|p2a: Charizard|Protect\n|move|p1b: Talonflame|Brave Bird|p2b: Sneasler\n|-supereffective|p2b: Sneasler|1\n|-damage|p2b: Sneasler|0 fnt\n|faint|p2b: Sneasler\n|-damage|p1b: Talonflame|34/100|[from] Recoil\n|\n|-weather|Sandstorm|[upkeep]\n|-damage|p1b: Talonflame|28/100|[from] Sandstorm\n|-damage|p2a: Charizard|88/100|[from] Sandstorm\n|-sideend|p1: prof. jubokko|move: Tailwind\n|upkeep\n|turn|5\n|\n|t:|1776343869\n|detailschange|p2a: Charizard|Charizard-Mega-Y, L50, F\n|-mega|p2a: Charizard|Charizard|Charizardite Y\n|-weather|SunnyDay|[from] ability: Drought|[of] p2a: Charizard\n|move|p1b: Talonflame|Tailwind|p1b: Talonflame\n|-sidestart|p1: prof. jubokko|move: Tailwind\n|-formechange|p1a: Aegislash|Aegislash-Blade|\n|move|p1a: Aegislash|Rock Slide|p2a: Charizard\n|-supereffective|p2a: Charizard|2\n|-damage|p2a: Charizard|0 fnt\n|faint|p2a: Charizard\n|\n|win|prof. jubokko\n|raw|prof. jubokko's rating: 1064 &rarr; <strong>1102</strong><br />(+38 for winning)\n|raw|Sharkhy_'s rating: 1158 &rarr; <strong>1126</strong><br />(-32 for losing)\n",
  "uploadtime": 1776343900,
  "views": 30,
  "formatid": "gen9championsvgc2026regma",
  "rating": 1102,
  "private": 0,
  "password": null
}