{
  "id": "gen9championsvgc2026regma-2583622390",
  "format": "[Gen 9 Champions] VGC 2026 Reg M-A",
  "players": [
    "Kotuuu",
    "Yalper"
  ],
  "log": "|j|\u2606Kotuuu\n|j|\u2606Yalper\n|t:|1776187113\n|gametype|doubles\n|player|p1|Kotuuu|102|1000\n|player|p2|Yalper|266|1000\n|gen|9\n|tier|[Gen 9 Champions] VGC 2026 Reg M-A\n|rated|\n|rule|Species Clause: Limit one of each Pok\u00e9mon\n|rule|Item Clause: Limit 1 of each item\n|clearpoke\n|poke|p1|Floette-Eternal, L50, F|\n|poke|p1|Sneasler, L50, F|\n|poke|p1|Incineroar, L50, M|\n|poke|p1|Sinistcha, L50|\n|poke|p1|Garchomp, L50, M|\n|poke|p1|Charizard, L50, M|\n|poke|p2|Delphox, L50, F|\n|poke|p2|Garchomp, L50, M|\n|poke|p2|Whimsicott, L50, F|\n|poke|p2|Rotom-Wash, L50|\n|poke|p2|Sneasler, L50, F|\n|poke|p2|Aerodactyl, L50, M|\n|teampreview|4\nKotuuu has agreed to open team sheets.\n|inactive|Battle timer is ON: inactive players will automatically lose when time's up. (requested by Kotuuu)\n|\n|t:|1776187173\n|teamsize|p1|4\n|teamsize|p2|4\n|start\n|switch|p1a: Floette|Floette-Eternal, L50, F|100/100\n|switch|p1b: Sinistcha|Sinistcha, L50|100/100\n|switch|p2a: Delphox|Delphox, L50, F|100/100\n|switch|p2b: Garchomp|Garchomp, L50, M|100/100\n|turn|1\n|inactive|Kotuuu has 30 seconds left.\n|inactive|Kotuuu has 20 seconds left.\n|inactive|Kotuuu has 15 seconds left.\n|\n|t:|1776187214\n|detailschange|p2a: Delphox|Delphox-Mega, L50, F\n|-mega|p2a: Delphox|Delphox|Delphoxite\n|move|p1b: Sinistcha|Rage Powder|p1b: Sinistcha\n|-singleturn|p1b: Sinistcha|move: Rage Powder\n|move|p2b: Garchomp|Earthquake|p1a: Floette|[spread] p1a,p1b\n|-immune|p2a: Delphox|[from] ability: Levitate\n|-resisted|p1b: Sinistcha|1\n|-damage|p1a: Floette|37/100\n|-damage|p1b: Sinistcha|87/100\n|move|p2a: Delphox|Heat Wave|p1b: Sinistcha|[spread] p1a,p1b\n|-supereffective|p1b: Sinistcha|1\n|-damage|p1a: Floette|0 fnt\n|-damage|p1b: Sinistcha|0 fnt\n|faint|p1a: Floette\n|faint|p1b: Sinistcha\n|\n|upkeep\n|\n|t:|1776187229\n|switch|p1a: Sneasler|Sneasler, L50, F|100/100\n|switch|p1b: Charizard|Charizard, L50, M|100/100\n|turn|2\n|\n|t:|1776187245\n|switch|p2b: Sneasler|Sneasler, L50, F|100/100\n|detailschange|p1b: Charizard|Charizard-Mega-Y, L50, M\n|-mega|p1b: Charizard|Charizard|Charizardite Y\n|-weather|SunnyDay|[from] ability: Drought|[of] p1b: Charizard\n|move|p2a: Delphox|Protect|p2a: Delphox\n|-singleturn|p2a: Delphox|Protect\n|move|p1a: Sneasler|Fake Out|p2a: Delphox\n|-activate|p2a: Delphox|move: Protect\n|move|p1b: Charizard|Solar Beam||[still]\n|-prepare|p1b: Charizard|Solar Beam\n|-anim|p1b: Charizard|Solar Beam|p2b: Sneasler\n|-resisted|p2b: Sneasler|1\n|-damage|p2b: Sneasler|65/100\n|\n|-weather|SunnyDay|[upkeep]\n|upkeep\n|turn|3\n|inactive|Kotuuu has 30 seconds left.\n|inactive|Yalper has 30 seconds left.\n|inactive|Kotuuu has 20 seconds left.\n|\n|t:|1776187283\n|move|p2b: Sneasler|Fake Out|p1b: Charizard\n|-damage|p1b: Charizard|77/100\n|move|p2a: Delphox|Heat Wave|p1b: Charizard|[spread] p1b\n|-miss|p2a: Delphox|p1a: Sneasler\n|-resisted|p1b: Charizard|1\n|-damage|p1b: Charizard|44/100\n|move|p1a: Sneasler|Dire Claw|p2a: Delphox\n|-damage|p2a: Delphox|39/100\n|cant|p1b: Charizard|flinch\n|\n|-weather|SunnyDay|[upkeep]\n|upkeep\n|turn|4\n|\n|t:|1776187302\n|move|p1b: Charizard|Protect|p1b: Charizard\n|-singleturn|p1b: Charizard|Protect\n|move|p2a: Delphox|Psychic|p1a: Sneasler\n|-supereffective|p1a: Sneasler|2\n|-damage|p1a: Sneasler|0 fnt\n|faint|p1a: Sneasler\n|move|p2b: Sneasler|Dire Claw|p1b: Charizard\n|-activate|p1b: Charizard|move: Protect\n|\n|-weather|SunnyDay|[upkeep]\n|upkeep\n|turn|5\n|-message|Kotuuu forfeited.\n|l|\u2606Kotuuu\n|inactive|Kotuuu disconnected and has a minute to reconnect!\n|player|p1|\n|\n|win|Yalper\n|raw|Kotuuu's rating: 1000 &rarr; <strong>1000</strong><br />(+0 for losing)\n|raw|Yalper's rating: 1000 &rarr; <strong>1040</strong><br />(+40 for winning)\n",
  "uploadtime": 1776187320,
  "views": 13,
  "formatid": "gen9championsvgc2026regma",
  "rating": 1000,
  "private": 0,
  "password": null
}