{
  "id": "gen9championsvgc2026regma-2587110757",
  "format": "[Gen 9 Champions] VGC 2026 Reg M-A",
  "players": [
    "tyneham",
    "KAlecs"
  ],
  "log": "|j|\u2606tyneham\n|j|\u2606KAlecs\n|t:|1776494887\n|gametype|doubles\n|player|p1|tyneham|akari|1096\n|player|p2|KAlecs|miku-ghost|1042\n|gen|9\n|tier|[Gen 9 Champions] VGC 2026 Reg M-A\n|rated|\n|rule|Species Clause: Limit one of each Pok\u00e9mon\n|rule|Item Clause: Limit 1 of each item\n|clearpoke\n|poke|p1|Farigiraf, L50, F|\n|poke|p1|Torkoal, L50, M|\n|poke|p1|Incineroar, L50, M|\n|poke|p1|Drampa, L50, F|\n|poke|p1|Golurk, L50|\n|poke|p1|Bellibolt, L50, M|\n|poke|p2|Glaceon, L50, M, shiny|\n|poke|p2|Talonflame, L50, F|\n|poke|p2|Froslass, L50, F|\n|poke|p2|Lopunny, L50, M|\n|poke|p2|Tinkaton, L50, F|\n|poke|p2|Slowking, L50, F|\n|teampreview|4\n|\n|t:|1776494908\n|teamsize|p1|4\n|teamsize|p2|4\n|start\n|switch|p1a: Farigiraf|Farigiraf, L50, F|100/100\n|switch|p1b: Incineroar|Incineroar, L50, M|100/100\n|switch|p2a: Talonflame|Talonflame, L50, F|100/100\n|switch|p2b: Tinkaton|Tinkaton, L50, F|100/100\n|-ability|p1b: Incineroar|Intimidate|boost\n|-unboost|p2a: Talonflame|atk|1\n|-fail|p2b: Tinkaton|unboost|Attack|[from] ability: Own Tempo|[of] p2b: Tinkaton\n|turn|1\n|inactive|Battle timer is ON: inactive players will automatically lose when time's up. (requested by tyneham)\n|\n|t:|1776494950\n|move|p2a: Talonflame|Protect|p2a: Talonflame\n|-singleturn|p2a: Talonflame|Protect\n|move|p1b: Incineroar|Fake Out|p2a: Talonflame\n|-activate|p2a: Talonflame|move: Protect\n|move|p2b: Tinkaton|Skill Swap|p1a: Farigiraf\n|-activate|p2b: Tinkaton|Skill Swap|Armor Tail|Own Tempo|[of] p1a: Farigiraf\n|move|p1a: Farigiraf|Trick Room|p1a: Farigiraf\n|-fieldstart|move: Trick Room|[of] p1a: Farigiraf\n|\n|upkeep\n|turn|2\n|inactive|tyneham has 30 seconds left.\n|inactive|KAlecs has 30 seconds left.\n|inactive|KAlecs has 20 seconds left.\n|inactive|KAlecs has 15 seconds left.\n|inactive|KAlecs has 10 seconds left.\n|\n|t:|1776494995\n|switch|p2a: Slowking|Slowking, L50, F|100/100\n|move|p1b: Incineroar|Parting Shot|p2a: Slowking\n|-unboost|p2a: Slowking|atk|1\n|-unboost|p2a: Slowking|spa|1\n|\n|t:|1776495007\n|switch|p1b: Torkoal|Torkoal, L50, M|100/100|[from] Parting Shot\n|-weather|SunnyDay|[from] ability: Drought|[of] p1b: Torkoal\n|move|p1a: Farigiraf|Hyper Voice|p2a: Slowking|[spread] p2a,p2b\n|-resisted|p2b: Tinkaton|1\n|-damage|p2a: Slowking|77/100\n|-damage|p2b: Tinkaton|85/100\n|move|p2b: Tinkaton|Gigaton Hammer|p1b: Torkoal\n|-resisted|p1b: Torkoal|1\n|-damage|p1b: Torkoal|83/100\n|\n|-weather|SunnyDay|[upkeep]\n|upkeep\n|turn|3\n|\n|t:|1776495026\n|move|p1a: Farigiraf|Helping Hand|p1b: Torkoal\n|-singleturn|p1b: Torkoal|Helping Hand|[of] p1a: Farigiraf\n|move|p2b: Tinkaton|Protect|p2b: Tinkaton\n|-singleturn|p2b: Tinkaton|Protect\n|move|p1b: Torkoal|Eruption|p2a: Slowking|[spread] p2a\n|-activate|p2b: Tinkaton|move: Protect\n|-resisted|p2a: Slowking|1\n|-damage|p2a: Slowking|39/100\n|move|p2a: Slowking|Scald|p1b: Torkoal\n|-supereffective|p1b: Torkoal|1\n|-damage|p1b: Torkoal|61/100\n|\n|-weather|SunnyDay|[upkeep]\n|upkeep\n|turn|4\n|\n|t:|1776495047\n|move|p1b: Torkoal|Eruption|p2b: Tinkaton|[spread] p2a,p2b\n|-resisted|p2a: Slowking|1\n|-supereffective|p2b: Tinkaton|1\n|-damage|p2a: Slowking|20/100\n|-damage|p2b: Tinkaton|0 fnt\n|faint|p2b: Tinkaton\n|move|p2a: Slowking|Slack Off|p2a: Slowking\n|-heal|p2a: Slowking|70/100\n|move|p1a: Farigiraf|Hyper Voice|p2a: Slowking\n|-damage|p2a: Slowking|37/100\n|\n|-weather|SunnyDay|[upkeep]\n|upkeep\n|\n|t:|1776495057\n|switch|p2b: Lopunny|Lopunny, L50, M|100/100\n|turn|5\n|-activate|p2a: Slowking|item: Quick Claw\n|\n|t:|1776495075\n|detailschange|p2b: Lopunny|Lopunny-Mega, L50, M\n|-mega|p2b: Lopunny|Lopunny|Lopunnite\n|move|p2b: Lopunny|Fake Out|p1b: Torkoal\n|-damage|p1b: Torkoal|42/100\n|-prepare|p2a: Slowking|Chilly Reception|[premajor]\n|move|p2a: Slowking|Chilly Reception|p2a: Slowking\n|-weather|Snowscape\n|\n|t:|1776495082\n|switch|p2a: Talonflame|Talonflame, L50, F|100/100|[from] Chilly Reception\n|cant|p1b: Torkoal|flinch\n|move|p1a: Farigiraf|Hyper Voice|p2b: Lopunny|[spread] p2a,p2b\n|-damage|p2a: Talonflame|57/100\n|-damage|p2b: Lopunny|55/100\n|\n|-weather|Snowscape|[upkeep]\n|-fieldend|move: Trick Room\n|upkeep\n|turn|6\n|\n|t:|1776495104\n|move|p1b: Torkoal|Protect|p1b: Torkoal\n|-singleturn|p1b: Torkoal|Protect\n|move|p2b: Lopunny|High Jump Kick|p1a: Farigiraf\n|-crit|p1a: Farigiraf\n|-damage|p1a: Farigiraf|0 fnt\n|faint|p1a: Farigiraf\n|move|p2a: Talonflame|Brave Bird|p1b: Torkoal\n|-activate|p1b: Torkoal|move: Protect\n|\n|-weather|Snowscape|[upkeep]\n|upkeep\n|\n|t:|1776495115\n|switch|p1a: Incineroar|Incineroar, L50, M|100/100\n|-ability|p1a: Incineroar|Intimidate|boost\n|-unboost|p2a: Talonflame|atk|1\n|-fail|p2b: Lopunny|unboost|Attack|[from] ability: Scrappy|[of] p2b: Lopunny\n|turn|7\n|\n|t:|1776495133\n|move|p2a: Talonflame|Upper Hand|p1a: Incineroar\n|-supereffective|p1a: Incineroar|1\n|-damage|p1a: Incineroar|77/100\n|cant|p1a: Incineroar|flinch\n|move|p2b: Lopunny|High Jump Kick|p1a: Incineroar|[miss]\n|-miss|p2b: Lopunny|p1a: Incineroar\n|-damage|p2b: Lopunny|5/100|[from] highjumpkick\n|move|p1b: Torkoal|Lava Plume|p2b: Lopunny|[spread] p1a,p2a,p2b\n|-resisted|p1a: Incineroar|1\n|-resisted|p2a: Talonflame|1\n|-damage|p1a: Incineroar|65/100\n|-damage|p2a: Talonflame|34/100\n|-damage|p2b: Lopunny|0 fnt\n|faint|p2b: Lopunny\n|\n|-weather|Snowscape|[upkeep]\n|upkeep\n|\n|t:|1776495146\n|switch|p2b: Slowking|Slowking, L50, F|70/100\n|turn|8\n|\n|t:|1776495165\n|move|p2a: Talonflame|Brave Bird|p1a: Incineroar\n|-damage|p1a: Incineroar|32/100\n|-damage|p2a: Talonflame|20/100|[from] Recoil\n|move|p1a: Incineroar|Throat Chop|p2b: Slowking\n|-supereffective|p2b: Slowking|1\n|-damage|p2b: Slowking|1/100\n|-start|p2b: Slowking|Throat Chop|[silent]\n|move|p2b: Slowking|Scald|p1a: Incineroar\n|-supereffective|p1a: Incineroar|1\n|-damage|p1a: Incineroar|0 fnt\n|faint|p1a: Incineroar\n|move|p1b: Torkoal|Lava Plume|p2a: Talonflame|[spread] p2a,p2b\n|-resisted|p2a: Talonflame|1\n|-resisted|p2b: Slowking|1\n|-damage|p2a: Talonflame|0 fnt\n|-damage|p2b: Slowking|0 fnt\n|faint|p2a: Talonflame\n|faint|p2b: Slowking\n|\n|win|tyneham\n|raw|tyneham's rating: 1096 &rarr; <strong>1118</strong><br />(+22 for winning)\n|raw|KAlecs's rating: 1042 &rarr; <strong>1028</strong><br />(-14 for losing)\n",
  "uploadtime": 1776495185,
  "views": 25,
  "formatid": "gen9championsvgc2026regma",
  "rating": 1028,
  "private": 0,
  "password": null
}