{
  "id": "gen9championsvgc2026regma-2582561279",
  "format": "[Gen 9 Champions] VGC 2026 Reg M-A",
  "players": [
    "may0505",
    "Nerumy07"
  ],
  "log": "|j|\u2606may0505\n|j|\u2606Nerumy07\n|t:|1776099462\n|gametype|doubles\n|player|p1|may0505|fisherman-gen4|1285\n|player|p2|Nerumy07|acetrainer|1269\n|gen|9\n|tier|[Gen 9 Champions] VGC 2026 Reg M-A\n|rated|\n|rule|Species Clause: Limit one of each Pok\u00e9mon\n|rule|Item Clause: Limit 1 of each item\n|clearpoke\n|poke|p1|Incineroar, L50, M|\n|poke|p1|Basculegion, L50, M|\n|poke|p1|Aerodactyl, L50, F|\n|poke|p1|Meganium, L50, F|\n|poke|p1|Farigiraf, L50, M|\n|poke|p1|Crabominable, L50, M|\n|poke|p2|Dragonite, L50, M|\n|poke|p2|Politoed, L50, M|\n|poke|p2|Archaludon, L50, M|\n|poke|p2|Sneasler, L50, M|\n|poke|p2|Sinistcha, L50|\n|poke|p2|Talonflame, L50, F|\n|teampreview|4\n|inactive|Battle timer is ON: inactive players will automatically lose when time's up. (requested by may0505)\n|inactive|may0505 has 60 seconds left.\n|inactive|Nerumy07 has 60 seconds left.\n|\n|t:|1776099511\n|teamsize|p1|4\n|teamsize|p2|4\n|start\n|switch|p1a: Incineroar|Incineroar, L50, M|100/100\n|switch|p1b: Farigiraf|Farigiraf, L50, M|100/100\n|switch|p2a: Dragonite|Dragonite, L50, M|100/100\n|switch|p2b: Talonflame|Talonflame, L50, F|100/100\n|-ability|p1a: Incineroar|Intimidate|boost\n|-fail|p2a: Dragonite|unboost|Attack|[from] ability: Inner Focus|[of] p2a: Dragonite\n|-unboost|p2b: Talonflame|atk|1\n|turn|1\n|inactive|may0505 has 30 seconds left.\n|inactive|Nerumy07 has 30 seconds left.\n|\n|t:|1776099549\n|detailschange|p2a: Dragonite|Dragonite-Mega, L50, M\n|-mega|p2a: Dragonite|Dragonite|Dragoninite\n|move|p2b: Talonflame|Taunt|p1b: Farigiraf\n|-start|p1b: Farigiraf|move: Taunt\n|move|p2a: Dragonite|Dragon Pulse|p1b: Farigiraf\n|-damage|p1b: Farigiraf|54/100\n|move|p1a: Incineroar|Parting Shot|p2b: Talonflame\n|-unboost|p2b: Talonflame|atk|1\n|-unboost|p2b: Talonflame|spa|1\n|\n|t:|1776099566\n|switch|p1a: Basculegion|Basculegion, L50, M|100/100|[from] Parting Shot\n|cant|p1b: Farigiraf|move: Taunt|Trick Room\n|\n|upkeep\n|turn|2\n|\n|t:|1776099580\n|switch|p1b: Incineroar|Incineroar, L50, M|100/100\n|-ability|p1b: Incineroar|Intimidate|boost\n|-unboost|p2a: Dragonite|atk|1\n|-unboost|p2b: Talonflame|atk|1\n|move|p1a: Basculegion|Aqua Jet|p2b: Talonflame\n|-supereffective|p2b: Talonflame|1\n|-damage|p2b: Talonflame|33/100\n|move|p2b: Talonflame|Rain Dance|p2b: Talonflame\n|-weather|RainDance\n|move|p2a: Dragonite|Hurricane|p1a: Basculegion\n|-damage|p1a: Basculegion|35/100\n|\n|-weather|RainDance|[upkeep]\n|upkeep\n|turn|3\n|inactive|Nerumy07 has 30 seconds left.\n|\n|t:|1776099607\n|switch|p2b: Archaludon|Archaludon, L50, M|100/100\n|move|p1b: Incineroar|Fake Out|p2a: Dragonite\n|-damage|p2a: Dragonite|96/100\n|move|p1a: Basculegion|Aqua Jet|p2b: Archaludon\n|-resisted|p2b: Archaludon|1\n|-damage|p2b: Archaludon|87/100\n|-ability|p2b: Archaludon|Stamina|boost\n|-boost|p2b: Archaludon|def|1\n|cant|p2a: Dragonite|flinch\n|\n|-weather|RainDance|[upkeep]\n|upkeep\n|turn|4\n|\n|t:|1776099629\n|switch|p1a: Farigiraf|Farigiraf, L50, M|54/100\n|move|p2a: Dragonite|Hurricane|p1b: Incineroar\n|-damage|p1b: Incineroar|57/100\n|move|p2b: Archaludon|Dragon Pulse|p1a: Farigiraf\n|-damage|p1a: Farigiraf|6/100\n|move|p1b: Incineroar|Parting Shot|p2a: Dragonite\n|-unboost|p2a: Dragonite|atk|1\n|-unboost|p2a: Dragonite|spa|1\n|\n|t:|1776099639\n|switch|p1b: Basculegion|Basculegion, L50, M|35/100|[from] Parting Shot\n|\n|-weather|RainDance|[upkeep]\n|upkeep\n|turn|5\n|\n|t:|1776099654\n|move|p2a: Dragonite|Protect|p2a: Dragonite\n|-singleturn|p2a: Dragonite|Protect\n|move|p1a: Farigiraf|Protect|p1a: Farigiraf\n|-singleturn|p1a: Farigiraf|Protect\n|move|p1b: Basculegion|Flip Turn|p2a: Dragonite\n|-activate|p2a: Dragonite|move: Protect\n|move|p2b: Archaludon|Dragon Pulse|p1a: Farigiraf\n|-activate|p1a: Farigiraf|move: Protect\n|\n|-weather|RainDance|[upkeep]\n|upkeep\n|turn|6\n|\n|t:|1776099668\n|switch|p1a: Incineroar|Incineroar, L50, M|57/100\n|-ability|p1a: Incineroar|Intimidate|boost\n|-unboost|p2a: Dragonite|atk|1\n|-unboost|p2b: Archaludon|atk|1\n|move|p1b: Basculegion|Flip Turn|p2a: Dragonite\n|-resisted|p2a: Dragonite|1\n|-damage|p2a: Dragonite|67/100\n|inactive|may0505 has 30 seconds left.\n|\n|t:|1776099694\n|switch|p1b: Farigiraf|Farigiraf, L50, M|6/100|[from] Flip Turn\n|move|p2a: Dragonite|Tailwind|p2a: Dragonite\n|-sidestart|p2: Nerumy07|move: Tailwind\n|move|p2b: Archaludon|Dragon Pulse|p1a: Incineroar\n|-damage|p1a: Incineroar|20/100\n|-enditem|p1a: Incineroar|Sitrus Berry|[eat]\n|-heal|p1a: Incineroar|45/100|[from] item: Sitrus Berry\n|\n|-weather|none\n|upkeep\n|turn|7\n|inactive|may0505 has 30 seconds left.\n|inactive|may0505 has 20 seconds left.\n|inactive|may0505 has 15 seconds left.\n|inactive|may0505 has 10 seconds left.\n|\n|t:|1776099741\n|move|p1a: Incineroar|Fake Out|p2b: Archaludon\n|-resisted|p2b: Archaludon|1\n|-damage|p2b: Archaludon|85/100\n|-ability|p2b: Archaludon|Stamina|boost\n|-boost|p2b: Archaludon|def|1\n|move|p2a: Dragonite|Dragon Pulse|p1b: Farigiraf\n|-damage|p1b: Farigiraf|0 fnt\n|faint|p1b: Farigiraf\n|cant|p2b: Archaludon|flinch\n|\n|upkeep\n|\n|t:|1776099753\n|switch|p1b: Crabominable|Crabominable, L50, M|100/100\n|turn|8\n|inactive|may0505 has 30 seconds left.\n|inactive|Nerumy07 has 30 seconds left.\n|inactive|may0505 has 20 seconds left.\n|\n|t:|1776099790\n|switch|p2a: Talonflame|Talonflame, L50, F|33/100\n|detailschange|p1b: Crabominable|Crabominable-Mega, L50, M\n|-mega|p1b: Crabominable|Crabominable|Crabominite\n|move|p2b: Archaludon|Protect|p2b: Archaludon\n|-singleturn|p2b: Archaludon|Protect\n|move|p1a: Incineroar|Throat Chop|p2a: Talonflame\n|-damage|p2a: Talonflame|0 fnt\n|faint|p2a: Talonflame\n|move|p1b: Crabominable|Drain Punch|p2b: Archaludon\n|-activate|p2b: Archaludon|move: Protect\n|\n|upkeep\n|\n|t:|1776099808\n|switch|p2a: Sneasler|Sneasler, L50, M, shiny|100/100\n|turn|9\n|inactive|may0505 has 30 seconds left.\n|inactive|Nerumy07 has 30 seconds left.\n|\n|t:|1776099839\n|move|p1b: Crabominable|Protect|p1b: Crabominable\n|-singleturn|p1b: Crabominable|Protect\n|move|p2a: Sneasler|Fake Out|p1a: Incineroar\n|-damage|p1a: Incineroar|34/100\n|move|p2b: Archaludon|Flash Cannon|p1b: Crabominable\n|-activate|p1b: Crabominable|move: Protect\n|cant|p1a: Incineroar|flinch\n|\n|-sideend|p2: Nerumy07|move: Tailwind\n|upkeep\n|turn|10\n|\n|t:|1776099854\n|move|p2a: Sneasler|Close Combat|p1a: Incineroar\n|-supereffective|p1a: Incineroar|1\n|-damage|p1a: Incineroar|0 fnt\n|-unboost|p2a: Sneasler|def|1\n|-unboost|p2a: Sneasler|spd|1\n|faint|p1a: Incineroar\n|-enditem|p2a: Sneasler|White Herb\n|-clearnegativeboost|p2a: Sneasler|[silent]\n|move|p2b: Archaludon|Flash Cannon|p1b: Crabominable\n|-supereffective|p1b: Crabominable|1\n|-damage|p1b: Crabominable|27/100\n|move|p1b: Crabominable|Close Combat|p2b: Archaludon\n|-supereffective|p2b: Archaludon|1\n|-damage|p2b: Archaludon|27/100\n|-unboost|p1b: Crabominable|def|1\n|-unboost|p1b: Crabominable|spd|1\n|-ability|p2b: Archaludon|Stamina|boost\n|-boost|p2b: Archaludon|def|1\n|\n|upkeep\n|\n|t:|1776099869\n|switch|p1a: Basculegion|Basculegion, L50, M|35/100\n|turn|11\n|inactive|may0505 has 30 seconds left.\n|inactive|may0505 has 20 seconds left.\n|\n|t:|1776099904\n|move|p1a: Basculegion|Aqua Jet|p2a: Sneasler\n|-damage|p2a: Sneasler|54/100\n|move|p2a: Sneasler|Close Combat|p1b: Crabominable\n|-supereffective|p1b: Crabominable|1\n|-damage|p1b: Crabominable|0 fnt\n|-unboost|p2a: Sneasler|def|1\n|-unboost|p2a: Sneasler|spd|1\n|faint|p1b: Crabominable\n|move|p2b: Archaludon|Dragon Pulse|p1a: Basculegion\n|-damage|p1a: Basculegion|0 fnt\n|faint|p1a: Basculegion\n|\n|win|Nerumy07\n|raw|may0505's rating: 1285 &rarr; <strong>1259</strong><br />(-26 for losing)\n|raw|Nerumy07's rating: 1269 &rarr; <strong>1295</strong><br />(+26 for winning)\n",
  "uploadtime": 1776099952,
  "views": 25,
  "formatid": "gen9championsvgc2026regma",
  "rating": 1259,
  "private": 0,
  "password": null
}