{
  "id": "gen9championsvgc2026regma-2586740391",
  "format": "[Gen 9 Champions] VGC 2026 Reg M-A",
  "players": [
    "Ducktile",
    "holdingb"
  ],
  "log": "|j|\u2606Ducktile\n|j|\u2606holdingb\n|t:|1776456208\n|gametype|doubles\n|player|p1|Ducktile|giovanni-masters|\n|player|p2|holdingb|266|\n|gen|9\n|tier|[Gen 9 Champions] VGC 2026 Reg M-A\n|rated|Tournament battle\n|rule|Species Clause: Limit one of each Pok\u00e9mon\n|rule|Item Clause: Limit 1 of each item\n|raw|<div class=\"infobox\"><details class=\"readmore\" open><summary><strong>1 custom rule:</strong></summary> Force Open Team Sheets</details></div>\n|clearpoke\n|poke|p1|Floette-Eternal, L50, F|\n|poke|p1|Sinistcha, L50|\n|poke|p1|Aerodactyl, L50, M|\n|poke|p1|Sneasler, L50, F|\n|poke|p1|Incineroar, L50, M|\n|poke|p1|Rotom-Wash, L50|\n|poke|p2|Clefable, L50, F|\n|poke|p2|Starmie, L50|\n|poke|p2|Meowstic, L50, M|\n|poke|p2|Sneasler, L50, F|\n|poke|p2|Talonflame, L50, F|\n|poke|p2|Garchomp, L50, F|\n|teampreview|4\n|showteam|p1|Floette-Eternal||Floettite|FlowerVeil|Moonblast,DazzlingGleam,CalmMind,Protect|||F|||50|]Sinistcha||OccaBerry|Hospitality|MatchaGotcha,LifeDew,RagePowder,TrickRoom||||||50|]Aerodactyl||FocusSash|Unnerve|RockSlide,DualWingbeat,Tailwind,WideGuard|||M|||50|]Sneasler||WhiteHerb|Unburden|FakeOut,DireClaw,CloseCombat,Protect|||F|||50|]Incineroar||ChopleBerry|Intimidate|FlareBlitz,ThroatChop,PartingShot,FakeOut|||M|||50|]Rotom-Wash||SitrusBerry|Levitate|VoltSwitch,Thunderbolt,HydroPump,WillOWisp||||||50|\n|showteam|p2|Clefable||Clefablite|MagicGuard|Moonblast,PsychUp,StoredPower,Moonlight|||F|||50|]Starmie||Leftovers|Analytic|Scald,CosmicPower,Recover,Minimize||||||50|]Meowstic||ChestoBerry|Prankster|ChargeBeam,PsychUp,Rest,StoredPower|||M|||50|]Sneasler||FocusSash|Unburden|FakeOut,DireClaw,CloseCombat,RockSlide|||F|||50|]Talonflame||SharpBeak|GaleWings|Tailwind,QuickGuard,BraveBird,SunnyDay|||F|||50|]Garchomp||WhiteHerb|RoughSkin|Earthquake,RockSlide,DragonClaw,Protect|||F|||50|\n|inactive|Battle timer is ON: inactive players will automatically lose when time's up. (requested by holdingb)\n|c|\u2606Ducktile|glhf\n|c|\u2606holdingb|u2\n|c|\u2606Ducktile|minimize is funny\n|inactive|Ducktile has 60 seconds left.\n|\n|t:|1776456253\n|teamsize|p1|4\n|teamsize|p2|4\n|start\n|switch|p1a: Aerodactyl|Aerodactyl, L50, M|100/100\n|switch|p1b: Floette|Floette-Eternal, L50, F|100/100\n|switch|p2a: Sneasler|Sneasler, L50, F|100/100\n|switch|p2b: Starmie|Starmie, L50|100/100\n|-ability|p1a: Aerodactyl|Unnerve\n|turn|1\n|inactive|holdingb has 30 seconds left.\n|\n|t:|1776456280\n|switch|p1b: Rotom|Rotom-Wash, L50|100/100\n|move|p2a: Sneasler|Fake Out|p1a: Aerodactyl\n|-resisted|p1a: Aerodactyl|1\n|-damage|p1a: Aerodactyl|90/100\n|cant|p1a: Aerodactyl|flinch\n|move|p2b: Starmie|Minimize|p2b: Starmie\n|-boost|p2b: Starmie|evasion|2\n|\n|upkeep\n|turn|2\n|\n|t:|1776456297\n|move|p1a: Aerodactyl|Rock Slide|p2a: Sneasler|[spread] p2a,p2b\n|-resisted|p2a: Sneasler|1\n|-crit|p2b: Starmie\n|-damage|p2a: Sneasler|77/100\n|-damage|p2b: Starmie|55/100\n|cant|p2a: Sneasler|flinch\n|move|p2b: Starmie|Minimize|p2b: Starmie\n|-boost|p2b: Starmie|evasion|2\n|move|p1b: Rotom|Thunderbolt|p2b: Starmie|[miss]\n|-miss|p1b: Rotom|p2b: Starmie\n|\n|-heal|p2b: Starmie|61/100|[from] item: Leftovers\n|upkeep\n|turn|3\n|\n|t:|1776456317\n|move|p1a: Aerodactyl|Dual Wingbeat|p2a: Sneasler\n|-supereffective|p2a: Sneasler|1\n|-damage|p2a: Sneasler|11/100\n|-supereffective|p2a: Sneasler|1\n|-damage|p2a: Sneasler|0 fnt\n|faint|p2a: Sneasler\n|-hitcount|p2: Sneasler|2\n|move|p2b: Starmie|Cosmic Power|p2b: Starmie\n|-boost|p2b: Starmie|def|1\n|-boost|p2b: Starmie|spd|1\n|move|p1b: Rotom|Thunderbolt|p2b: Starmie|[miss]\n|-miss|p1b: Rotom|p2b: Starmie\n|\n|-heal|p2b: Starmie|67/100|[from] item: Leftovers\n|upkeep\n|\n|t:|1776456325\n|switch|p2a: Meowstic|Meowstic, L50, M|100/100\n|turn|4\n|\n|t:|1776456338\n|move|p2a: Meowstic|Psych Up|p2b: Starmie\n|-copyboost|p2a: Meowstic|p2b: Starmie|[from] move: Psych Up\n|move|p1a: Aerodactyl|Rock Slide|p2a: Meowstic|[spread] \n|-miss|p1a: Aerodactyl|p2a: Meowstic\n|-miss|p1a: Aerodactyl|p2b: Starmie\n|move|p2b: Starmie|Cosmic Power|p2b: Starmie\n|-boost|p2b: Starmie|def|1\n|-boost|p2b: Starmie|spd|1\n|move|p1b: Rotom|Thunderbolt|p2a: Meowstic|[miss]\n|-miss|p1b: Rotom|p2a: Meowstic\n|\n|-heal|p2b: Starmie|73/100|[from] item: Leftovers\n|upkeep\n|turn|5\n|\n|t:|1776456358\n|move|p1a: Aerodactyl|Rock Slide|p2a: Meowstic|[spread] p2a,p2b\n|-damage|p2a: Meowstic|84/100\n|-damage|p2b: Starmie|59/100\n|move|p2b: Starmie|Minimize|p2b: Starmie\n|-boost|p2b: Starmie|evasion|2\n|move|p2a: Meowstic|Stored Power|p1b: Rotom\n|-damage|p1b: Rotom|50/100\n|-enditem|p1b: Rotom|Sitrus Berry|[eat]\n|-heal|p1b: Rotom|75/100|[from] item: Sitrus Berry\n|move|p1b: Rotom|Thunderbolt|p2a: Meowstic|[miss]\n|-miss|p1b: Rotom|p2a: Meowstic\n|\n|-heal|p2b: Starmie|65/100|[from] item: Leftovers\n|upkeep\n|turn|6\n|c|\u2606Ducktile|just gotta hit the gigacrit fr\n|inactive|holdingb has 30 seconds left.\n|\n|t:|1776456389\n|move|p2a: Meowstic|Psych Up|p2b: Starmie\n|-copyboost|p2a: Meowstic|p2b: Starmie|[from] move: Psych Up\n|move|p1a: Aerodactyl|Tailwind|p1a: Aerodactyl\n|-sidestart|p1: Ducktile|move: Tailwind\n|move|p1b: Rotom|Thunderbolt|p2b: Starmie|[miss]\n|-miss|p1b: Rotom|p2b: Starmie\n|move|p2b: Starmie|Cosmic Power|p2b: Starmie\n|-boost|p2b: Starmie|def|1\n|-boost|p2b: Starmie|spd|1\n|\n|-heal|p2b: Starmie|71/100|[from] item: Leftovers\n|upkeep\n|turn|7\n|c|\u2606holdingb|i've always thought crit should ignore accuracy\n|c|\u2606holdingb|maybe exactly for this reason\n|\n|t:|1776456413\n|move|p1a: Aerodactyl|Rock Slide|p2a: Meowstic|[spread] p2a\n|-miss|p1a: Aerodactyl|p2b: Starmie\n|-damage|p2a: Meowstic|71/100\n|move|p1b: Rotom|Thunderbolt|p2b: Starmie|[miss]\n|-miss|p1b: Rotom|p2b: Starmie\n|move|p2b: Starmie|Scald|p1a: Aerodactyl\n|-supereffective|p1a: Aerodactyl|1\n|-damage|p1a: Aerodactyl|13/100\n|cant|p2a: Meowstic|flinch\n|\n|-heal|p2b: Starmie|77/100|[from] item: Leftovers\n|upkeep\n|turn|8\n|j| A Regu1ar Guy\n|j| Gurrasnurra5\n|\n|t:|1776456426\n|move|p1a: Aerodactyl|Rock Slide|p2b: Starmie|[spread] p2a\n|-miss|p1a: Aerodactyl|p2b: Starmie\n|-damage|p2a: Meowstic|57/100\n|move|p1b: Rotom|Thunderbolt|p2b: Starmie\n|-supereffective|p2b: Starmie|1\n|-damage|p2b: Starmie|48/100\n|move|p2b: Starmie|Scald|p1a: Aerodactyl\n|-supereffective|p1a: Aerodactyl|1\n|-damage|p1a: Aerodactyl|0 fnt\n|faint|p1a: Aerodactyl\n|move|p2a: Meowstic|Stored Power|p1b: Rotom\n|-damage|p1b: Rotom|8/100\n|\n|-heal|p2b: Starmie|54/100|[from] item: Leftovers\n|upkeep\n|j| snorlaxpikachu1\n|c|\u2606Ducktile|im just lowkey of the opinion it shouldnt be in the game lol\n|\n|t:|1776456437\n|switch|p1a: Floette|Floette-Eternal, L50, F|100/100\n|turn|9\n|l| Gurrasnurra5\n|\n|t:|1776456448\n|detailschange|p1a: Floette|Floette-Mega, L50, F\n|-mega|p1a: Floette|Floette|Floettite\n|-ability|p1a: Floette|Fairy Aura\n|move|p1a: Floette|Calm Mind|p1a: Floette\n|-boost|p1a: Floette|spa|1\n|-boost|p1a: Floette|spd|1\n|move|p1b: Rotom|Volt Switch|p2b: Starmie\n|-supereffective|p2b: Starmie|1\n|-damage|p2b: Starmie|31/100\n|\n|t:|1776456452\n|switch|p1b: Sinistcha|Sinistcha, L50|100/100|[from] Volt Switch\n|move|p2b: Starmie|Cosmic Power|p2b: Starmie\n|-boost|p2b: Starmie|def|1\n|-boost|p2b: Starmie|spd|1\n|move|p2a: Meowstic|Charge Beam|p1b: Sinistcha\n|-resisted|p1b: Sinistcha|1\n|-damage|p1b: Sinistcha|95/100\n|-boost|p2a: Meowstic|spa|1\n|\n|-heal|p2b: Starmie|37/100|[from] item: Leftovers\n|-sideend|p1: Ducktile|move: Tailwind\n|upkeep\n|turn|10\n|l| snorlaxpikachu1\n|\n|t:|1776456466\n|move|p2b: Starmie|Cosmic Power|p2b: Starmie\n|-boost|p2b: Starmie|def|1\n|-boost|p2b: Starmie|spd|1\n|move|p1a: Floette|Calm Mind|p1a: Floette\n|-boost|p1a: Floette|spa|1\n|-boost|p1a: Floette|spd|1\n|move|p2a: Meowstic|Stored Power|p1b: Sinistcha\n|-damage|p1b: Sinistcha|3/100\n|move|p1b: Sinistcha|Matcha Gotcha|p2b: Starmie|[spread] \n|-miss|p1b: Sinistcha|p2a: Meowstic\n|-miss|p1b: Sinistcha|p2b: Starmie\n|\n|-heal|p2b: Starmie|43/100|[from] item: Leftovers\n|upkeep\n|turn|11\n|c|\u2606Ducktile|its a really funny mechanic even if its so silly\n|j| snorlaxpikachu1\n|inactive|Ducktile has 30 seconds left.\n|\n|t:|1776456494\n|move|p2b: Starmie|Recover|p2b: Starmie\n|-heal|p2b: Starmie|93/100\n|move|p1a: Floette|Dazzling Gleam|p2a: Meowstic|[spread] p2a,p2b\n|-damage|p2a: Meowstic|14/100\n|-damage|p2b: Starmie|71/100\n|move|p2a: Meowstic|Charge Beam|p1b: Sinistcha|[miss]\n|-miss|p2a: Meowstic|p1b: Sinistcha\n|move|p1b: Sinistcha|Matcha Gotcha|p2b: Starmie|[spread] \n|-miss|p1b: Sinistcha|p2a: Meowstic\n|-miss|p1b: Sinistcha|p2b: Starmie\n|\n|-heal|p2b: Starmie|77/100|[from] item: Leftovers\n|upkeep\n|turn|12\n|\n|t:|1776456506\n|move|p2a: Meowstic|Rest|p2a: Meowstic\n|-status|p2a: Meowstic|slp|[from] move: Rest\n|-heal|p2a: Meowstic|100/100 slp|[silent]\n|-enditem|p2a: Meowstic|Chesto Berry|[eat]\n|-curestatus|p2a: Meowstic|slp|[msg]\n|move|p2b: Starmie|Scald|p1b: Sinistcha\n|-resisted|p1b: Sinistcha|1\n|-damage|p1b: Sinistcha|0 fnt\n|faint|p1b: Sinistcha\n|move|p1a: Floette|Dazzling Gleam|p2b: Starmie|[spread] \n|-miss|p1a: Floette|p2a: Meowstic\n|-miss|p1a: Floette|p2b: Starmie\n|\n|-heal|p2b: Starmie|83/100|[from] item: Leftovers\n|upkeep\n|\n|t:|1776456509\n|switch|p1b: Rotom|Rotom-Wash, L50|8/100\n|turn|13\n|\n|t:|1776456516\n|move|p2b: Starmie|Scald|p1a: Floette\n|-damage|p1a: Floette|90/100\n|-status|p1a: Floette|brn\n|move|p1a: Floette|Dazzling Gleam|p2b: Starmie|[spread] p2a\n|-miss|p1a: Floette|p2b: Starmie\n|-damage|p2a: Meowstic|54/100\n|move|p2a: Meowstic|Charge Beam|p1b: Rotom\n|-damage|p1b: Rotom|0 fnt\n|-boost|p2a: Meowstic|spa|1\n|faint|p1b: Rotom\n|\n|-heal|p2b: Starmie|89/100|[from] item: Leftovers\n|-damage|p1a: Floette|84/100 brn|[from] brn\n|upkeep\n|turn|14\n|\n|t:|1776456525\n|move|p2b: Starmie|Scald|p1a: Floette\n|-damage|p1a: Floette|73/100 brn\n|move|p1a: Floette|Dazzling Gleam|p2a: Meowstic|[spread] \n|-miss|p1a: Floette|p2a: Meowstic\n|-miss|p1a: Floette|p2b: Starmie\n|move|p2a: Meowstic|Stored Power|p1a: Floette\n|-damage|p1a: Floette|13/100 brn\n|\n|-heal|p2b: Starmie|95/100|[from] item: Leftovers\n|-damage|p1a: Floette|7/100 brn|[from] brn\n|upkeep\n|turn|15\n|-message|holdingb forfeited.\n|\n|win|Ducktile\n|n|\u2606Ducktile|ducktile\n|n|\u2606holdingb|holdingb\n|n| A Regu1ar Guy|aregu1arguy\n|n| snorlaxpikachu1|snorlaxpikachu1\n|c|\u2606holdingb|gotta go\n|c|\u2606Ducktile|oop lol gg\n|l| A Regu1ar Guy\n|c|\u2606holdingb|sorry this happened to you\n|c|\u2606holdingb|gg\n|l| snorlaxpikachu1\n|c|\u2606Ducktile|nah its funny dw\n|c|\u2606Ducktile|i will be using this on ingame i fear\n|l|\u2606Ducktile\n|player|p1|\n",
  "uploadtime": 1776456551,
  "views": 31,
  "formatid": "gen9championsvgc2026regma",
  "rating": null,
  "private": 0,
  "password": null
}