{
  "id": "gen9championsvgc2026regma-2584438285",
  "format": "[Gen 9 Champions] VGC 2026 Reg M-A",
  "players": [
    "null04",
    "nikbutawesome"
  ],
  "log": "|j|\u2606null04\n|j|\u2606nikbutawesome\n|t:|1776260879\n|gametype|doubles\n|player|p1|null04|265|1264\n|player|p2|nikbutawesome|265|1202\n|gen|9\n|tier|[Gen 9 Champions] VGC 2026 Reg M-A\n|rated|\n|rule|Species Clause: Limit one of each Pok\u00e9mon\n|rule|Item Clause: Limit 1 of each item\n|clearpoke\n|poke|p1|Feraligatr, L50, M|\n|poke|p1|Torterra, L50, M|\n|poke|p1|Archaludon, L50, M|\n|poke|p1|Incineroar, L50, M|\n|poke|p1|Pelipper, L50, F|\n|poke|p1|Basculegion, L50, M|\n|poke|p2|Scizor, L50, M|\n|poke|p2|Tyranitar, L50, M|\n|poke|p2|Incineroar, L50, M|\n|poke|p2|Aerodactyl, L50, F|\n|poke|p2|Rotom-Mow, L50|\n|poke|p2|Maushold-Four, L50|\n|teampreview|4\n|inactive|Battle timer is ON: inactive players will automatically lose when time's up. (requested by null04)\n|inactive|null04 has 60 seconds left.\n|\n|t:|1776260921\n|teamsize|p1|4\n|teamsize|p2|4\n|start\n|switch|p1a: Feraligatr|Feraligatr, L50, M, shiny|100/100\n|switch|p1b: Incineroar|Incineroar, L50, M, shiny|100/100\n|switch|p2a: Maushold|Maushold-Four, L50|100/100\n|switch|p2b: Rotom|Rotom-Mow, L50|100/100\n|-ability|p1b: Incineroar|Intimidate|boost\n|-unboost|p2a: Maushold|atk|1\n|-unboost|p2b: Rotom|atk|1\n|turn|1\n|inactive|nikbutawesome has 30 seconds left.\n|inactive|null04 has 30 seconds left.\n|\n|t:|1776260957\n|detailschange|p1a: Feraligatr|Feraligatr-Mega, L50, M, shiny\n|-mega|p1a: Feraligatr|Feraligatr|Feraligite\n|move|p1b: Incineroar|Fake Out|p2b: Rotom\n|-damage|p2b: Rotom|90/100\n|move|p2a: Maushold|Follow Me|p2a: Maushold\n|-singleturn|p2a: Maushold|move: Follow Me\n|cant|p2b: Rotom|flinch\n|move|p1a: Feraligatr|Swords Dance|p1a: Feraligatr\n|-boost|p1a: Feraligatr|atk|2\n|\n|upkeep\n|turn|2\n|\n|t:|1776260974\n|move|p1a: Feraligatr|Protect|p1a: Feraligatr\n|-singleturn|p1a: Feraligatr|Protect\n|move|p2b: Rotom|Volt Switch|p1b: Incineroar\n|-damage|p1b: Incineroar|72/100\n|\n|t:|1776260983\n|switch|p2b: Tyranitar|Tyranitar, L50, M|100/100|[from] Volt Switch\n|-weather|Sandstorm|[from] ability: Sand Stream|[of] p2b: Tyranitar\n|move|p2a: Maushold|Encore|p1a: Feraligatr\n|-activate|p1a: Feraligatr|move: Protect\n|move|p1b: Incineroar|Flare Blitz|p2b: Tyranitar\n|-resisted|p2b: Tyranitar|1\n|-damage|p2b: Tyranitar|84/100\n|-damage|p1b: Incineroar|67/100|[from] Recoil\n|\n|-weather|Sandstorm|[upkeep]\n|-damage|p2a: Maushold|94/100|[from] Sandstorm\n|-damage|p1a: Feraligatr|94/100|[from] Sandstorm\n|-damage|p1b: Incineroar|61/100|[from] Sandstorm\n|upkeep\n|turn|3\n|\n|t:|1776261001\n|switch|p1b: Pelipper|Pelipper, L50, F, shiny|100/100\n|-weather|RainDance|[from] ability: Drizzle|[of] p1b: Pelipper\n|move|p2a: Maushold|Encore|p1a: Feraligatr\n|-start|p1a: Feraligatr|Encore\n|move|p1a: Feraligatr|Protect||[still]\n|-fail|p1a: Feraligatr\n|move|p2b: Tyranitar|Rock Slide|p1a: Feraligatr|[spread] p1a,p1b\n|-supereffective|p1b: Pelipper|1\n|-damage|p1a: Feraligatr|69/100\n|-damage|p1b: Pelipper|7/100\n|\n|-weather|RainDance|[upkeep]\n|upkeep\n|turn|4\n|inactive|null04 has 30 seconds left.\n|inactive|nikbutawesome has 30 seconds left.\n|inactive|nikbutawesome has 20 seconds left.\n|\n|t:|1776261036\n|switch|p2a: Rotom|Rotom-Mow, L50|90/100\n|switch|p1a: Incineroar|Incineroar, L50, M, shiny|61/100\n|-ability|p1a: Incineroar|Intimidate|boost\n|-unboost|p2a: Rotom|atk|1\n|-unboost|p2b: Tyranitar|atk|1\n|-enditem|p2b: Tyranitar|White Herb\n|-clearnegativeboost|p2b: Tyranitar|[silent]\n|move|p1b: Pelipper|Weather Ball|p2b: Tyranitar\n|-supereffective|p2b: Tyranitar|1\n|-damage|p2b: Tyranitar|0 fnt\n|faint|p2b: Tyranitar\n|\n|-weather|RainDance|[upkeep]\n|upkeep\n|\n|t:|1776261049\n|switch|p2b: Maushold|Maushold-Four, L50|94/100\n|turn|5\n|\n|t:|1776261070\n|move|p1a: Incineroar|Fake Out|p2a: Rotom\n|-damage|p2a: Rotom|80/100\n|cant|p2a: Rotom|flinch\n|move|p2b: Maushold|Super Fang|p1a: Incineroar|[miss]\n|-miss|p2b: Maushold|p1a: Incineroar\n|move|p1b: Pelipper|Hurricane|p2a: Rotom\n|-damage|p2a: Rotom|32/100\n|\n|-weather|RainDance|[upkeep]\n|upkeep\n|turn|6\n|\n|t:|1776261089\n|move|p2b: Maushold|Follow Me|p2b: Maushold\n|-singleturn|p2b: Maushold|move: Follow Me\n|move|p2a: Rotom|Electroweb|p1a: Incineroar|[spread] p1a,p1b\n|-supereffective|p1b: Pelipper|2\n|-damage|p1a: Incineroar|45/100\n|-damage|p1b: Pelipper|0 fnt\n|-unboost|p1a: Incineroar|spe|1\n|-enditem|p1a: Incineroar|Sitrus Berry|[eat]\n|-heal|p1a: Incineroar|69/100|[from] item: Sitrus Berry\n|faint|p1b: Pelipper\n|move|p1a: Incineroar|Darkest Lariat|p2b: Maushold\n|-damage|p2b: Maushold|56/100\n|\n|-weather|RainDance|[upkeep]\n|upkeep\n|\n|t:|1776261097\n|switch|p1b: Basculegion|Basculegion, L50, M, shiny|100/100\n|turn|7\n|\n|t:|1776261106\n|move|p2b: Maushold|Follow Me|p2b: Maushold\n|-singleturn|p2b: Maushold|move: Follow Me\n|move|p1b: Basculegion|Wave Crash|p2b: Maushold\n|-damage|p2b: Maushold|0 fnt\n|faint|p2b: Maushold\n|-damage|p1b: Basculegion|85/100|[from] Recoil\n|move|p2a: Rotom|Electroweb|p1b: Basculegion|[spread] p1a,p1b\n|-supereffective|p1b: Basculegion|1\n|-damage|p1a: Incineroar|52/100\n|-damage|p1b: Basculegion|43/100\n|-unboost|p1a: Incineroar|spe|1\n|-unboost|p1b: Basculegion|spe|1\n|move|p1a: Incineroar|Darkest Lariat|p2a: Rotom\n|-damage|p2a: Rotom|0 fnt\n|faint|p2a: Rotom\n|\n|-weather|none\n|upkeep\n|\n|t:|1776261115\n|switch|p2b: Scizor|Scizor, L50, M|100/100\n|turn|8\n|\n|t:|1776261132\n|detailschange|p2b: Scizor|Scizor-Mega, L50, M\n|-mega|p2b: Scizor|Scizor|Scizorite\n|move|p2b: Scizor|Dual Wingbeat|p1a: Incineroar\n|-damage|p1a: Incineroar|34/100\n|-damage|p1a: Incineroar|17/100\n|-hitcount|p1a: Incineroar|2\n|move|p1b: Basculegion|Last Respects|p2b: Scizor\n|-damage|p2b: Scizor|57/100\n|move|p1a: Incineroar|Flare Blitz|p2b: Scizor\n|-supereffective|p2b: Scizor|2\n|-damage|p2b: Scizor|0 fnt\n|faint|p2b: Scizor\n|-damage|p1a: Incineroar|3/100|[from] Recoil\n|\n|win|null04\n|raw|null04's rating: 1264 &rarr; <strong>1285</strong><br />(+21 for winning)\n|raw|nikbutawesome's rating: 1202 &rarr; <strong>1181</strong><br />(-21 for losing)\n|c|\u2606nikbutawesome|gg\n|l|\u2606null04\n|player|p1|\n",
  "uploadtime": 1776261343,
  "views": 24,
  "formatid": "gen9championsvgc2026regma",
  "rating": 1181,
  "private": 0,
  "password": null
}