{
  "id": "gen9championsvgc2026regma-2583607675",
  "format": "[Gen 9 Champions] VGC 2026 Reg M-A",
  "players": [
    "SahutPitt",
    "hanenwang"
  ],
  "log": "|j|\u2606SahutPitt\n|j|\u2606hanenwang\n|t:|1776186228\n|gametype|doubles\n|player|p1|SahutPitt|giovanni|1136\n|player|p2|hanenwang|twins-gen4dp|1110\n|gen|9\n|tier|[Gen 9 Champions] VGC 2026 Reg M-A\n|rated|\n|rule|Species Clause: Limit one of each Pok\u00e9mon\n|rule|Item Clause: Limit 1 of each item\n|clearpoke\n|poke|p1|Basculegion, L50, M|\n|poke|p1|Charizard, L50, M|\n|poke|p1|Venusaur, L50, F|\n|poke|p1|Incineroar, L50, F|\n|poke|p1|Sneasler, L50, F|\n|poke|p1|Kingambit, L50, M|\n|poke|p2|Gengar, L50, F|\n|poke|p2|Incineroar, L50, M|\n|poke|p2|Clefable, L50, M|\n|poke|p2|Vivillon, L50, F|\n|poke|p2|Aegislash, L50, M|\n|poke|p2|Slowking, L50, M|\n|teampreview|4\nSahutPitt rejected open team sheets.\n|\n|t:|1776186274\n|teamsize|p1|4\n|teamsize|p2|4\n|start\n|switch|p1a: Kingambit|Kingambit, L50, M|100/100\n|switch|p1b: Sneasler|Sneasler, L50, F|100/100\n|switch|p2a: Gengar|Gengar, L50, F|100/100\n|switch|p2b: Incineroar|Incineroar, L50, M|100/100\n|-ability|p2b: Incineroar|Intimidate|boost\n|-unboost|p1a: Kingambit|atk|1\n|-ability|p1a: Kingambit|Defiant|boost\n|-boost|p1a: Kingambit|atk|2\n|-unboost|p1b: Sneasler|atk|1\n|-enditem|p1b: Sneasler|White Herb\n|-clearnegativeboost|p1b: Sneasler|[silent]\n|turn|1\n|\n|t:|1776186290\n|detailschange|p2a: Gengar|Gengar-Mega, L50, F\n|-mega|p2a: Gengar|Gengar|Gengarite\n|move|p2b: Incineroar|Fake Out|p1a: Kingambit\n|-resisted|p1a: Kingambit|1\n|-damage|p1a: Kingambit|97/100\n|move|p1b: Sneasler|Close Combat|p2b: Incineroar\n|-supereffective|p2b: Incineroar|1\n|-damage|p2b: Incineroar|0 fnt\n|-unboost|p1b: Sneasler|def|1\n|-unboost|p1b: Sneasler|spd|1\n|faint|p2b: Incineroar\n|move|p2a: Gengar|Perish Song|p2a: Gengar\n|-start|p1a: Kingambit|perish3|[silent]\n|-start|p1b: Sneasler|perish3|[silent]\n|-start|p2a: Gengar|perish3|[silent]\n|-fieldactivate|move: Perish Song\n|cant|p1a: Kingambit|flinch\n|\n|-start|p1b: Sneasler|perish3\n|-start|p2a: Gengar|perish3\n|-start|p1a: Kingambit|perish3\n|upkeep\n|\n|t:|1776186302\n|switch|p2b: Vivillon|Vivillon, L50, F|100/100\n|turn|2\n|\n|t:|1776186314\n|move|p2a: Gengar|Protect|p2a: Gengar\n|-singleturn|p2a: Gengar|Protect\n|move|p2b: Vivillon|Protect|p2b: Vivillon\n|-singleturn|p2b: Vivillon|Protect\n|move|p1b: Sneasler|Rock Tomb|p2b: Vivillon\n|-activate|p2b: Vivillon|move: Protect\n|move|p1a: Kingambit|Kowtow Cleave|p2a: Gengar\n|-activate|p2a: Gengar|move: Protect\n|\n|-start|p1b: Sneasler|perish2\n|-start|p2a: Gengar|perish2\n|-start|p1a: Kingambit|perish2\n|upkeep\n|turn|3\n|\n|t:|1776186334\n|switch|p2a: Slowking|Slowking, L50, M|100/100\n|move|p1b: Sneasler|Rock Tomb|p2b: Vivillon\n|-supereffective|p2b: Vivillon|2\n|-enditem|p2b: Vivillon|Focus Sash\n|-damage|p2b: Vivillon|1/100\n|-unboost|p2b: Vivillon|spe|1\n|move|p2b: Vivillon|Sleep Powder|p1a: Kingambit\n|-status|p1a: Kingambit|slp|[from] move: Sleep Powder\n|cant|p1a: Kingambit|slp\n|\n|-start|p1b: Sneasler|perish1\n|-start|p1a: Kingambit|perish1\n|upkeep\n|turn|4\n|\n|t:|1776186358\n|switch|p1b: Charizard|Charizard, L50, M|100/100\n|cant|p1a: Kingambit|slp\n|move|p2b: Vivillon|Air Slash|p1b: Charizard\n|-damage|p1b: Charizard|77/100\n|-prepare|p2a: Slowking|Chilly Reception|[premajor]\n|move|p2a: Slowking|Chilly Reception|p2a: Slowking\n|-weather|Snowscape\n|\n|t:|1776186362\n|switch|p2a: Gengar|Gengar-Mega, L50, F|100/100|[from] Chilly Reception\n|\n|-weather|Snowscape|[upkeep]\n|-start|p1a: Kingambit|perish0\n|upkeep\n|faint|p1a: Kingambit\n|\n|t:|1776186374\n|switch|p1a: Bas-Cul\u00f3n|Basculegion, L50, M|100/100\n|turn|5\n|\n|t:|1776186391\n|move|p2b: Vivillon|Rage Powder|p2b: Vivillon\n|-singleturn|p2b: Vivillon|move: Rage Powder\n|move|p1a: Bas-Cul\u00f3n|Last Respects|p2b: Vivillon\n|-damage|p2b: Vivillon|0 fnt\n|faint|p2b: Vivillon\n|move|p2a: Gengar|Shadow Ball|p1a: Bas-Cul\u00f3n\n|-supereffective|p1a: Bas-Cul\u00f3n|1\n|-damage|p1a: Bas-Cul\u00f3n|0 fnt\n|faint|p1a: Bas-Cul\u00f3n\n|move|p1b: Charizard|Weather Ball|p2a: Gengar\n|-damage|p2a: Gengar|65/100\n|\n|-weather|Snowscape|[upkeep]\n|upkeep\n|\n|t:|1776186402\n|switch|p2b: Slowking|Slowking, L50, M|100/100\n|switch|p1a: Sneasler|Sneasler, L50, F|100/100\n|turn|6\n|\n|t:|1776186419\n|detailschange|p1b: Charizard|Charizard-Mega-Y, L50, M\n|-mega|p1b: Charizard|Charizard|Charizardite Y\n|-weather|SunnyDay|[from] ability: Drought|[of] p1b: Charizard\n|move|p2a: Gengar|Protect|p2a: Gengar\n|-singleturn|p2a: Gengar|Protect\n|move|p1a: Sneasler|Rock Tomb|p2a: Gengar\n|-activate|p2a: Gengar|move: Protect\n|move|p1b: Charizard|Heat Wave|p2a: Gengar|[spread] p2b\n|-activate|p2a: Gengar|move: Protect\n|-resisted|p2b: Slowking|1\n|-damage|p2b: Slowking|78/100\n|-prepare|p2b: Slowking|Chilly Reception|[premajor]\n|move|p2b: Slowking|Chilly Reception|p2b: Slowking\n|-weather|Snowscape\n|\n|-weather|Snowscape|[upkeep]\n|upkeep\n|turn|7\n|\n|t:|1776186469\n|move|p2a: Gengar|Perish Song|p2a: Gengar\n|-start|p1a: Sneasler|perish3|[silent]\n|-start|p1b: Charizard|perish3|[silent]\n|-start|p2a: Gengar|perish3|[silent]\n|-start|p2b: Slowking|perish3|[silent]\n|-fieldactivate|move: Perish Song\n|move|p1a: Sneasler|Rock Tomb|p2a: Gengar\n|-damage|p2a: Gengar|36/100\n|-unboost|p2a: Gengar|spe|1\n|move|p1b: Charizard|Weather Ball|p2a: Gengar\n|-damage|p2a: Gengar|0 fnt\n|faint|p2a: Gengar\n|move|p2b: Slowking|Reflect|p2b: Slowking\n|-sidestart|p2: hanenwang|Reflect\n|\n|-weather|Snowscape|[upkeep]\n|-start|p1a: Sneasler|perish3\n|-start|p1b: Charizard|perish3\n|-start|p2b: Slowking|perish3\n|upkeep\n|turn|8\n|\n|t:|1776186483\n|move|p2b: Slowking|Protect|p2b: Slowking\n|-singleturn|p2b: Slowking|Protect\n|move|p1a: Sneasler|Dire Claw|p2b: Slowking\n|-activate|p2b: Slowking|move: Protect\n|move|p1b: Charizard|Solar Beam||[still]\n|-prepare|p1b: Charizard|Solar Beam\n|\n|-weather|Snowscape|[upkeep]\n|-start|p1a: Sneasler|perish2\n|-start|p1b: Charizard|perish2\n|-start|p2b: Slowking|perish2\n|upkeep\n|turn|9\n|\n|t:|1776186491\n|move|p2b: Slowking|Protect||[still]\n|-fail|p2b: Slowking\n|move|p1a: Sneasler|Dire Claw|p2b: Slowking\n|-damage|p2b: Slowking|51/100\n|move|p1b: Charizard|Solar Beam|p2b: Slowking|[from] lockedmove\n|-supereffective|p2b: Slowking|1\n|-damage|p2b: Slowking|21/100\n|\n|-weather|Snowscape|[upkeep]\n|-start|p1a: Sneasler|perish1\n|-start|p1b: Charizard|perish1\n|-start|p2b: Slowking|perish1\n|upkeep\n|turn|10\n|c|\u2606hanenwang|ggs\n|\n|t:|1776186502\n|move|p2b: Slowking|Protect|p2b: Slowking\n|-singleturn|p2b: Slowking|Protect\n|move|p1a: Sneasler|Dire Claw|p2b: Slowking\n|-activate|p2b: Slowking|move: Protect\n|move|p1b: Charizard|Solar Beam||[still]\n|-prepare|p1b: Charizard|Solar Beam\n|\n|-weather|none\n|-start|p1a: Sneasler|perish0\n|-start|p1b: Charizard|perish0\n|-start|p2b: Slowking|perish0\n|faint|p1a: Sneasler\n|faint|p1b: Charizard\n|faint|p2b: Slowking\n|\n|win|hanenwang\n|raw|SahutPitt's rating: 1136 &rarr; <strong>1109</strong><br />(-27 for losing)\n|raw|hanenwang's rating: 1110 &rarr; <strong>1137</strong><br />(+27 for winning)\n",
  "uploadtime": 1776186506,
  "views": 24,
  "formatid": "gen9championsvgc2026regma",
  "rating": 1109,
  "private": 0,
  "password": null
}