{
  "id": "gen9championsvgc2026regma-2580706345",
  "format": "[Gen 9 Champions] VGC 2026 Reg M-A",
  "players": [
    "ashen0",
    "el choro 37"
  ],
  "log": "|j|\u2606ashen0\n|j|\u2606el choro 37\n|t:|1775925853\n|gametype|doubles\n|player|p1|ashen0|red|1000\n|player|p2|el choro 37|cyrus|1074\n|gen|9\n|tier|[Gen 9 Champions] VGC 2026 Reg M-A\n|rated|\n|rule|Species Clause: Limit one of each Pok\u00e9mon\n|rule|Item Clause: Limit 1 of each item\n|clearpoke\n|poke|p1|Chandelure, L50, M|\n|poke|p1|Tsareena, L50, F|\n|poke|p1|Whimsicott, L50, F|\n|poke|p1|Incineroar, L50, M|\n|poke|p1|Garchomp, L50, M|\n|poke|p1|Sneasler, L50, F|\n|poke|p2|Starmie, L50|\n|poke|p2|Aegislash, L50, M|\n|poke|p2|Kingambit, L50, F|\n|poke|p2|Incineroar, L50, M|\n|poke|p2|Slowking-Galar, L50, F|\n|poke|p2|Whimsicott, L50, M|\n|teampreview|4\n|inactive|Battle timer is ON: inactive players will automatically lose when time's up. (requested by el choro 37)\nel choro 37 has agreed to open team sheets.\n|inactive|ashen0 has 60 seconds left.\n|\n|t:|1775925940\n|teamsize|p1|4\n|teamsize|p2|4\n|start\n|switch|p1a: Chandelure|Chandelure, L50, M|100/100\n|switch|p1b: Whimsicott|Whimsicott, L50, F|100/100\n|switch|p2a: Incineroar|Incineroar, L50, M|100/100\n|switch|p2b: Kingambit|Kingambit, L50, F|100/100\n|-ability|p2a: Incineroar|Intimidate|boost\n|-unboost|p1a: Chandelure|atk|1\n|-unboost|p1b: Whimsicott|atk|1\n|turn|1\n|inactive|ashen0 has 30 seconds left.\n|\n|t:|1775925972\n|move|p1a: Chandelure|Protect|p1a: Chandelure\n|-singleturn|p1a: Chandelure|Protect\n|move|p2a: Incineroar|Fake Out|p1b: Whimsicott\n|-damage|p1b: Whimsicott|82/100\n|cant|p1b: Whimsicott|flinch\n|move|p2b: Kingambit|Sucker Punch||[still]\n|-fail|p2b: Kingambit\n|\n|upkeep\n|turn|2\n|inactive|ashen0 has 30 seconds left.\n|\n|t:|1775926006\n|switch|p1b: Tsareena|Tsareena, L50, F|100/100\n|detailschange|p1a: Chandelure|Chandelure-Mega, L50, M\n|-mega|p1a: Chandelure|Chandelure|Chandelurite\n|move|p2b: Kingambit|Sucker Punch||[still]\n|cant|p1b: Tsareena|ability: Queenly Majesty|Sucker Punch|[of] p2b: Kingambit\n|move|p1a: Chandelure|Heat Wave|p2b: Kingambit|[spread] p2a,p2b\n|-resisted|p2a: Incineroar|1\n|-supereffective|p2b: Kingambit|1\n|-damage|p2a: Incineroar|83/100\n|-damage|p2b: Kingambit|0 fnt\n|faint|p2b: Kingambit\n|move|p2a: Incineroar|Flare Blitz|p1b: Tsareena\n|-supereffective|p1b: Tsareena|1\n|-enditem|p1b: Tsareena|Occa Berry|[eat]\n|-enditem|p1b: Tsareena|Occa Berry|[weaken]\n|-damage|p1b: Tsareena|50/100\n|-damage|p2a: Incineroar|68/100|[from] Recoil\n|\n|upkeep\n|\n|t:|1775926021\n|switch|p2b: Don Eduardo|Starmie, L50|100/100\n|turn|3\n|inactive|ashen0 has 30 seconds left.\n|inactive|ashen0 has 20 seconds left.\n|inactive|ashen0 has 15 seconds left.\n|\n|t:|1775926063\n|detailschange|p2b: Don Eduardo|Starmie-Mega, L50\n|-mega|p2b: Don Eduardo|Starmie|Starminite\n|move|p1a: Chandelure|Protect|p1a: Chandelure\n|-singleturn|p1a: Chandelure|Protect\n|move|p2b: Don Eduardo|Flip Turn|p1a: Chandelure\n|-activate|p1a: Chandelure|move: Protect\n|move|p1b: Tsareena|Power Whip|p2b: Don Eduardo\n|-supereffective|p2b: Don Eduardo|1\n|-damage|p2b: Don Eduardo|0 fnt\n|faint|p2b: Don Eduardo\n|move|p2a: Incineroar|Flare Blitz|p1b: Tsareena\n|-supereffective|p1b: Tsareena|1\n|-damage|p1b: Tsareena|0 fnt\n|faint|p1b: Tsareena\n|-damage|p2a: Incineroar|53/100|[from] Recoil\n|\n|upkeep\n|\n|t:|1775926081\n|switch|p2b: Aegislash|Aegislash, L50, M|100/100\n|switch|p1b: Whimsicott|Whimsicott, L50, F|82/100\n|turn|4\n|\n|t:|1775926096\n|move|p2b: Aegislash|King's Shield|p2b: Aegislash\n|-singleturn|p2b: Aegislash|Protect\n|move|p1b: Whimsicott|Sunny Day|p1b: Whimsicott\n|-weather|SunnyDay\n|move|p1a: Chandelure|Heat Wave|p2b: Aegislash|[spread] \n|-activate|p2b: Aegislash|move: Protect\n|-miss|p1a: Chandelure|p2a: Incineroar\n|move|p2a: Incineroar|Darkest Lariat|p1a: Chandelure\n|-supereffective|p1a: Chandelure|1\n|-damage|p1a: Chandelure|21/100\n|\n|-weather|SunnyDay|[upkeep]\n|upkeep\n|turn|5\n|\n|t:|1775926112\n|move|p1b: Whimsicott|Tailwind|p1b: Whimsicott\n|-sidestart|p1: ashen0|move: Tailwind\n|-formechange|p2b: Aegislash|Aegislash-Blade|\n|move|p2b: Aegislash|Shadow Sneak|p1a: Chandelure\n|-supereffective|p1a: Chandelure|1\n|-damage|p1a: Chandelure|0 fnt\n|faint|p1a: Chandelure\n|move|p2a: Incineroar|Flare Blitz|p1b: Whimsicott\n|-supereffective|p1b: Whimsicott|1\n|-damage|p1b: Whimsicott|0 fnt\n|faint|p1b: Whimsicott\n|-damage|p2a: Incineroar|35/100|[from] Recoil\n|\n|-weather|SunnyDay|[upkeep]\n|upkeep\n|\n|t:|1775926119\n|switch|p1b: Garchomp|Garchomp, L50, M|100/100\n|turn|6\n|\n|t:|1775926138\n|-formechange|p2b: Aegislash|Aegislash|\n|move|p2b: Aegislash|King's Shield|p2b: Aegislash\n|-singleturn|p2b: Aegislash|Protect\n|move|p1b: Garchomp|Stomping Tantrum|p2b: Aegislash\n|-activate|p2b: Aegislash|move: Protect\n|-unboost|p1b: Garchomp|atk|1\n|move|p2a: Incineroar|Parting Shot|p1b: Garchomp\n|-unboost|p1b: Garchomp|atk|1\n|-unboost|p1b: Garchomp|spa|1\n|\n|-weather|SunnyDay|[upkeep]\n|upkeep\n|turn|7\n|\n|t:|1775926158\n|move|p1b: Garchomp|Stomping Tantrum|p2b: Aegislash\n|-supereffective|p2b: Aegislash|1\n|-damage|p2b: Aegislash|65/100\n|move|p2b: Aegislash|Swords Dance|p2b: Aegislash\n|-boost|p2b: Aegislash|atk|2\n|move|p2a: Incineroar|Darkest Lariat|p1b: Garchomp\n|-damage|p1b: Garchomp|68/100\n|-damage|p2a: Incineroar|23/100|[from] ability: Rough Skin|[of] p1b: Garchomp\n|\n|-weather|SunnyDay|[upkeep]\n|-heal|p2b: Aegislash|71/100|[from] item: Leftovers\n|upkeep\n|turn|8\n|\n|t:|1775926176\n|move|p1b: Garchomp|Stomping Tantrum|p2b: Aegislash\n|-supereffective|p2b: Aegislash|1\n|-damage|p2b: Aegislash|37/100\n|move|p2a: Incineroar|Darkest Lariat|p1b: Garchomp\n|-damage|p1b: Garchomp|35/100\n|-damage|p2a: Incineroar|10/100|[from] ability: Rough Skin|[of] p1b: Garchomp\n|-formechange|p2b: Aegislash|Aegislash-Blade|\n|move|p2b: Aegislash|Close Combat|p1b: Garchomp\n|-damage|p1b: Garchomp|0 fnt\n|-unboost|p2b: Aegislash|def|1\n|-unboost|p2b: Aegislash|spd|1\n|-damage|p2b: Aegislash|25/100|[from] ability: Rough Skin|[of] p1b: Garchomp\n|faint|p1b: Garchomp\n|\n|win|el choro 37\n|raw|ashen0's rating: 1000 &rarr; <strong>1000</strong><br />(+0 for losing)\n|raw|el choro 37's rating: 1074 &rarr; <strong>1097</strong><br />(+23 for winning)\n|l|\u2606ashen0\n|player|p1|\n",
  "uploadtime": 1775926193,
  "views": 9,
  "formatid": "gen9championsvgc2026regma",
  "rating": 1000,
  "private": 0,
  "password": null
}