{
  "id": "gen9championsvgc2026regma-2588810438",
  "format": "[Gen 9 Champions] VGC 2026 Reg M-A",
  "players": [
    "Ice124567890",
    "crazyshit14"
  ],
  "log": "|j|\u2606Ice124567890\n|j|\u2606crazyshit14\n|t:|1776673673\n|gametype|doubles\n|player|p1|Ice124567890|2|1533\n|player|p2|crazyshit14|1|1434\n|gen|9\n|tier|[Gen 9 Champions] VGC 2026 Reg M-A\n|rated|\n|rule|Species Clause: Limit one of each Pok\u00e9mon\n|rule|Item Clause: Limit 1 of each item\n|clearpoke\n|poke|p1|Incineroar, L50, M|\n|poke|p1|Sinistcha, L50|\n|poke|p1|Kingambit, L50, F|\n|poke|p1|Delphox, L50, M|\n|poke|p1|Sneasler, L50, F|\n|poke|p1|Floette-Eternal, L50, F|\n|poke|p2|Floette-Eternal, L50, F|\n|poke|p2|Sableye, L50, M|\n|poke|p2|Slowbro, L50, M|\n|poke|p2|Incineroar, L50, M|\n|poke|p2|Tsareena, L50, F|\n|poke|p2|Aegislash, L50, F|\n|teampreview|4\n|inactive|Battle timer is ON: inactive players will automatically lose when time's up. (requested by Ice124567890)\n|j| newacount2\n|inactive|Ice124567890 has 60 seconds left.\n|\n|t:|1776673713\n|teamsize|p1|4\n|teamsize|p2|4\n|start\n|switch|p1a: Floette|Floette-Eternal, L50, F|100/100\n|switch|p1b: Kingambit|Kingambit, L50, F|100/100\n|switch|p2a: Floette|Floette-Eternal, L50, F|100/100\n|switch|p2b: Sableye|Sableye, L50, M|100/100\n|turn|1\n|\n|t:|1776673731\n|detailschange|p1a: Floette|Floette-Mega, L50, F\n|-mega|p1a: Floette|Floette|Floettite\n|-ability|p1a: Floette|Fairy Aura\n|detailschange|p2a: Floette|Floette-Mega, L50, F\n|-mega|p2a: Floette|Floette|Floettite\n|-ability|p2a: Floette|Fairy Aura\n|move|p2b: Sableye|Reflect|p2b: Sableye\n|-sidestart|p2: crazyshit14|Reflect\n|move|p1a: Floette|Calm Mind|p1a: Floette\n|-boost|p1a: Floette|spa|1\n|-boost|p1a: Floette|spd|1\n|move|p2a: Floette|Calm Mind|p2a: Floette\n|-boost|p2a: Floette|spa|1\n|-boost|p2a: Floette|spd|1\n|move|p1b: Kingambit|Iron Head|p2a: Floette\n|-supereffective|p2a: Floette|1\n|-damage|p2a: Floette|43/100\n|\n|upkeep\n|turn|2\n|\n|t:|1776673753\n|move|p2a: Floette|Protect|p2a: Floette\n|-singleturn|p2a: Floette|Protect\n|move|p2b: Sableye|Encore|p1a: Floette\n|-start|p1a: Floette|Encore\n|move|p1a: Floette|Calm Mind|p1a: Floette\n|-boost|p1a: Floette|spa|1\n|-boost|p1a: Floette|spd|1\n|move|p1b: Kingambit|Iron Head|p2a: Floette\n|-activate|p2a: Floette|move: Protect\n|\n|upkeep\n|turn|3\n|\n|t:|1776673768\n|move|p2b: Sableye|Reflect||[still]\n|-fail|p2b: Sableye\n|move|p1a: Floette|Calm Mind|p1a: Floette\n|-boost|p1a: Floette|spa|1\n|-boost|p1a: Floette|spd|1\n|move|p2a: Floette|Draining Kiss|p1b: Kingambit\n|-damage|p1b: Kingambit|53/100\n|-heal|p2a: Floette|84/100|[from] drain|[of] p1b: Kingambit\n|move|p1b: Kingambit|Iron Head|p2a: Floette\n|-supereffective|p2a: Floette|1\n|-damage|p2a: Floette|35/100\n|\n|upkeep\n|turn|4\n|\n|t:|1776673781\n|switch|p1b: Sinistcha|Sinistcha, L50|100/100\n|move|p2b: Sableye|Light Screen|p2b: Sableye\n|-sidestart|p2: crazyshit14|move: Light Screen\n|move|p1a: Floette|Calm Mind|p1a: Floette\n|-boost|p1a: Floette|spa|1\n|-boost|p1a: Floette|spd|1\n|move|p2a: Floette|Draining Kiss|p1b: Sinistcha\n|-damage|p1b: Sinistcha|39/100\n|-heal|p2a: Floette|78/100|[from] drain|[of] p1b: Sinistcha\n|-enditem|p1b: Sinistcha|Sitrus Berry|[eat]\n|-heal|p1b: Sinistcha|63/100|[from] item: Sitrus Berry\n|\n|-end|p1a: Floette|Encore\n|upkeep\n|turn|5\n|j| pangpokemon666\n|\n|t:|1776673803\n|move|p1b: Sinistcha|Rage Powder|p1b: Sinistcha\n|-singleturn|p1b: Sinistcha|move: Rage Powder\n|move|p2b: Sableye|Encore|p1b: Sinistcha\n|-start|p1b: Sinistcha|Encore\n|move|p1a: Floette|Dazzling Gleam|p2b: Sableye|[spread] p2a,p2b\n|-supereffective|p2b: Sableye|1\n|-damage|p2a: Floette|32/100\n|-enditem|p2b: Sableye|Focus Sash\n|-damage|p2b: Sableye|1/100\n|move|p2a: Floette|Dazzling Gleam|p1b: Sinistcha|[spread] p1a,p1b\n|-damage|p1a: Floette|83/100\n|-damage|p1b: Sinistcha|0 fnt\n|faint|p1b: Sinistcha\n|\n|-sideend|p2: crazyshit14|Reflect\n|upkeep\n|l|\u2606Ice124567890\n|inactive|Ice124567890 disconnected and has a minute to reconnect!\n|player|p1|\n|inactive|Ice124567890 has 30 seconds left.\n|inactive|Ice124567890 has 20 seconds left.\n|j|\u2606Ice124567890\n|inactive|Ice124567890 reconnected and has 20 seconds left.\n|player|p1|Ice124567890|2|\n|inactive|Ice124567890 has 15 seconds left.\n|inactive|Ice124567890 has 10 seconds left.\n|\n|t:|1776673851\n|switch|p1b: Kingambit|Kingambit, L50, F|53/100\n|turn|6\n|\n|t:|1776673864\n|move|p2a: Floette|Protect|p2a: Floette\n|-singleturn|p2a: Floette|Protect\n|move|p2b: Sableye|Disable|p1a: Floette\n|-start|p1a: Floette|Disable|Dazzling Gleam\n|cant|p1a: Floette|Disable|Dazzling Gleam\n|move|p1b: Kingambit|Kowtow Cleave|p2a: Floette\n|-activate|p2a: Floette|move: Protect\n|\n|upkeep\n|turn|7\n|\n|t:|1776673887\n|move|p1a: Floette|Protect|p1a: Floette\n|-singleturn|p1a: Floette|Protect\n|move|p2b: Sableye|Reflect|p2b: Sableye\n|-sidestart|p2: crazyshit14|Reflect\n|move|p2a: Floette|Draining Kiss|p1b: Kingambit\n|-damage|p1b: Kingambit|3/100\n|-heal|p2a: Floette|75/100|[from] drain|[of] p1b: Kingambit\n|move|p1b: Kingambit|Iron Head|p2b: Sableye\n|-damage|p2b: Sableye|0 fnt\n|faint|p2b: Sableye\n|\n|upkeep\n|\n|t:|1776673906\n|switch|p2b: Slowbro|Slowbro, L50, M|100/100\n|turn|8\n|\n|t:|1776673916\n|move|p1a: Floette|Moonblast|p2a: Floette\n|-damage|p2a: Floette|8/100\n|move|p2a: Floette|Dazzling Gleam|p1a: Floette|[spread] p1a,p1b\n|-damage|p1a: Floette|65/100\n|-damage|p1b: Kingambit|0 fnt\n|faint|p1b: Kingambit\n|move|p2b: Slowbro|Trick Room|p2b: Slowbro\n|-fieldstart|move: Trick Room|[of] p2b: Slowbro\n|\n|-sideend|p2: crazyshit14|move: Light Screen\n|upkeep\n|\n|t:|1776673921\n|switch|p1b: Incineroar|Incineroar, L50, M|100/100\n|-ability|p1b: Incineroar|Intimidate|boost\n|-unboost|p2a: Floette|atk|1\n|-fail|p2b: Slowbro|unboost|Attack|[from] ability: Oblivious|[of] p2b: Slowbro\n|turn|9\n|\n|t:|1776673935\n|move|p2a: Floette|Protect|p2a: Floette\n|-singleturn|p2a: Floette|Protect\n|move|p1b: Incineroar|Fake Out|p2a: Floette\n|-activate|p2a: Floette|move: Protect\n|move|p2b: Slowbro|Flamethrower|p1a: Floette\n|-damage|p1a: Floette|59/100\n|move|p1a: Floette|Moonblast|p2b: Slowbro\n|-damage|p2b: Slowbro|0 fnt\n|faint|p2b: Slowbro\n|\n|-end|p1a: Floette|Disable\n|upkeep\n|\n|t:|1776673950\n|switch|p2b: Tsareena|Tsareena, L50, F|100/100\n|turn|10\n|inactive|crazyshit14 has 30 seconds left.\n|inactive|crazyshit14 has 20 seconds left.\n|\n|t:|1776673990\n|move|p1b: Incineroar|Flare Blitz|p2a: Floette\n|-damage|p2a: Floette|0 fnt\n|faint|p2a: Floette\n|-damage|p1b: Incineroar|99/100|[from] Recoil\n|move|p2b: Tsareena|Trop Kick|p1a: Floette\n|-damage|p1a: Floette|5/100\n|-unboost|p1a: Floette|atk|1\n|move|p1a: Floette|Moonblast|p2b: Tsareena\n|-damage|p2b: Tsareena|0 fnt\n|faint|p2b: Tsareena\n|\n|win|Ice124567890\n|raw|Ice124567890's rating: 1533 &rarr; <strong>1547</strong><br />(+14 for winning)\n|raw|crazyshit14's rating: 1434 &rarr; <strong>1420</strong><br />(-14 for losing)\n|l|\u2606crazyshit14\n|player|p2|\n",
  "uploadtime": 1776674008,
  "views": 11,
  "formatid": "gen9championsvgc2026regma",
  "rating": 1420,
  "private": 0,
  "password": null
}