{
  "id": "gen9championsvgc2026regma-2582977402",
  "format": "[Gen 9 Champions] VGC 2026 Reg M-A",
  "players": [
    "XavyNotWavy",
    "leolc0926"
  ],
  "log": "|j|\u2606XavyNotWavy\n|j|\u2606leolc0926\n|t:|1776130150\n|gametype|doubles\n|player|p1|XavyNotWavy|flannery|1093\n|player|p2|leolc0926|steven|1027\n|gen|9\n|tier|[Gen 9 Champions] VGC 2026 Reg M-A\n|rated|\n|rule|Species Clause: Limit one of each Pok\u00e9mon\n|rule|Item Clause: Limit 1 of each item\n|clearpoke\n|poke|p1|Glimmora, L50, M|\n|poke|p1|Maushold-Four, L50|\n|poke|p1|Tyranitar, L50, M|\n|poke|p1|Aerodactyl, L50, M|\n|poke|p1|Sinistcha, L50|\n|poke|p1|Excadrill, L50, M|\n|poke|p2|Venusaur, L50, F|\n|poke|p2|Incineroar, L50, M|\n|poke|p2|Golurk, L50|\n|poke|p2|Torkoal, L50, F|\n|poke|p2|Kingambit, L50, M|\n|poke|p2|Farigiraf, L50, F|\n|teampreview|4\n|\n|t:|1776130175\n|teamsize|p1|4\n|teamsize|p2|4\n|start\n|switch|p1a: Tyranitar|Tyranitar, L50, M|100/100\n|switch|p1b: Aerodactyl|Aerodactyl, L50, M|100/100\n|switch|p2a: Kingambit|Kingambit, L50, M|100/100\n|switch|p2b: Farigiraf|Farigiraf, L50, F|100/100\n|-ability|p1b: Aerodactyl|Unnerve\n|-weather|Sandstorm|[from] ability: Sand Stream|[of] p1a: Tyranitar\n|turn|1\n|inactive|Battle timer is ON: inactive players will automatically lose when time's up. (requested by leolc0926)\n|inactive|leolc0926 has 60 seconds left.\n|\n|t:|1776130226\n|move|p1a: Tyranitar|Protect|p1a: Tyranitar\n|-singleturn|p1a: Tyranitar|Protect\n|move|p1b: Aerodactyl|Taunt|p2b: Farigiraf\n|-start|p2b: Farigiraf|move: Taunt\n|move|p2a: Kingambit|Kowtow Cleave|p1b: Aerodactyl\n|-damage|p1b: Aerodactyl|14/100\n|cant|p2b: Farigiraf|move: Taunt|Trick Room\n|\n|-weather|Sandstorm|[upkeep]\n|-damage|p2b: Farigiraf|95/100|[from] Sandstorm\n|upkeep\n|turn|2\n|\n|t:|1776130245\n|switch|p2b: Torkoal|Torkoal, L50, F|100/100\n|-weather|SunnyDay|[from] ability: Drought|[of] p2b: Torkoal\n|move|p1b: Aerodactyl|Tailwind|p1b: Aerodactyl\n|-sidestart|p1: XavyNotWavy|move: Tailwind\n|move|p1a: Tyranitar|Knock Off|p2b: Torkoal\n|-damage|p2b: Torkoal|60/100\n|-enditem|p2b: Torkoal|Charcoal|[from] move: Knock Off|[of] p1a: Tyranitar\n|move|p2a: Kingambit|Iron Head|p1a: Tyranitar\n|-supereffective|p1a: Tyranitar|1\n|-damage|p1a: Tyranitar|24/100\n|\n|-weather|SunnyDay|[upkeep]\n|upkeep\n|turn|3\n|\n|t:|1776130269\n|switch|p1a: Sinistcha|Sinistcha, L50|100/100\n|-heal|p1b: Aerodactyl|38/100|[from] ability: Hospitality|[of] p1a: Sinistcha\n|move|p2a: Kingambit|Sucker Punch|p1b: Aerodactyl\n|-damage|p1b: Aerodactyl|0 fnt\n|faint|p1b: Aerodactyl\n|move|p2b: Torkoal|Weather Ball|p1a: Sinistcha\n|-supereffective|p1a: Sinistcha|1\n|-damage|p1a: Sinistcha|0 fnt\n|faint|p1a: Sinistcha\n|\n|-weather|SunnyDay|[upkeep]\n|upkeep\n|\n|t:|1776130276\n|switch|p1b: Excadrill|Excadrill, L50, M|100/100\n|switch|p1a: Tyranitar|Tyranitar, L50, M|24/100\n|-weather|Sandstorm|[from] ability: Sand Stream|[of] p1a: Tyranitar\n|turn|4\n|inactive|leolc0926 has 30 seconds left.\n|\n|t:|1776130307\n|move|p2b: Torkoal|Helping Hand|p2a: Kingambit\n|-singleturn|p2a: Kingambit|Helping Hand|[of] p2b: Torkoal\n|move|p2a: Kingambit|Sucker Punch|p1b: Excadrill\n|-damage|p1b: Excadrill|2/100\n|move|p1b: Excadrill|High Horsepower|p2b: Torkoal\n|-supereffective|p2b: Torkoal|1\n|-damage|p2b: Torkoal|0 fnt\n|faint|p2b: Torkoal\n|move|p1a: Tyranitar|Dragon Dance|p1a: Tyranitar\n|-boost|p1a: Tyranitar|atk|1\n|-boost|p1a: Tyranitar|spe|1\n|\n|-weather|Sandstorm|[upkeep]\n|upkeep\n|\n|t:|1776130328\n|switch|p2b: Farigiraf|Farigiraf, L50, F|95/100\n|turn|5\n|\n|t:|1776130345\n|detailschange|p1b: Excadrill|Excadrill-Mega, L50, M\n|-mega|p1b: Excadrill|Excadrill|Excadrite\n|move|p2b: Farigiraf|Helping Hand|p2a: Kingambit\n|-singleturn|p2a: Kingambit|Helping Hand|[of] p2b: Farigiraf\n|move|p2a: Kingambit|Sucker Punch|p1a: Tyranitar\n|-resisted|p1a: Tyranitar|1\n|-crit|p1a: Tyranitar\n|-damage|p1a: Tyranitar|0 fnt\n|faint|p1a: Tyranitar\n|move|p1b: Excadrill|High Horsepower|p2a: Kingambit\n|-supereffective|p2a: Kingambit|1\n|-damage|p2a: Kingambit|11/100\n|\n|-weather|Sandstorm|[upkeep]\n|-damage|p2b: Farigiraf|89/100|[from] Sandstorm\n|-sideend|p1: XavyNotWavy|move: Tailwind\n|upkeep\n|turn|6\n|-message|XavyNotWavy forfeited.\n|\n|win|leolc0926\n|raw|XavyNotWavy's rating: 1093 &rarr; <strong>1065</strong><br />(-28 for losing)\n|raw|leolc0926's rating: 1027 &rarr; <strong>1070</strong><br />(+43 for winning)\n|l|\u2606XavyNotWavy\n|player|p1|\n|c|\u2606leolc0926|gg\n",
  "uploadtime": 1776130363,
  "views": 18,
  "formatid": "gen9championsvgc2026regma",
  "rating": 1065,
  "private": 0,
  "password": null
}