{
  "id": "gen9championsvgc2026regma-2587241093",
  "format": "[Gen 9 Champions] VGC 2026 Reg M-A",
  "players": [
    "g7ez",
    "rockanjon"
  ],
  "log": "|j|\u2606g7ez\n|j|\u2606rockanjon\n|t:|1776513304\n|gametype|doubles\n|player|p1|g7ez|bugcatcher-gen4dp|1286\n|player|p2|rockanjon|ethan|1228\n|gen|9\n|tier|[Gen 9 Champions] VGC 2026 Reg M-A\n|rated|\n|rule|Species Clause: Limit one of each Pok\u00e9mon\n|rule|Item Clause: Limit 1 of each item\n|clearpoke\n|poke|p1|Pelipper, L50, F|\n|poke|p1|Meganium, L50, F|\n|poke|p1|Basculegion, L50, M|\n|poke|p1|Tinkaton, L50, F|\n|poke|p1|Archaludon, L50, M|\n|poke|p1|Lopunny, L50, M|\n|poke|p2|Tyranitar, L50, M, shiny|\n|poke|p2|Excadrill, L50, M|\n|poke|p2|Corviknight, L50, M, shiny|\n|poke|p2|Kommo-o, L50, F|\n|poke|p2|Incineroar, L50, F, shiny|\n|poke|p2|Sinistcha, L50|\n|teampreview|4\n|inactive|Battle timer is ON: inactive players will automatically lose when time's up. (requested by g7ez)\n|\n|t:|1776513343\n|teamsize|p1|4\n|teamsize|p2|4\n|start\n|switch|p1a: Lopunny|Lopunny, L50, M|100/100\n|switch|p1b: Basculegion|Basculegion, L50, M|100/100\n|switch|p2a: Corviknight|Corviknight, L50, M, shiny|100/100\n|switch|p2b: Incineroar|Incineroar, L50, F, shiny|100/100\n|-ability|p2b: Incineroar|Intimidate|boost\n|-unboost|p1a: Lopunny|atk|1\n|-unboost|p1b: Basculegion|atk|1\n|turn|1\n|\n|t:|1776513366\n|detailschange|p1a: Lopunny|Lopunny-Mega, L50, M\n|-mega|p1a: Lopunny|Lopunny|Lopunnite\n|move|p1a: Lopunny|Fake Out|p2a: Corviknight\n|-resisted|p2a: Corviknight|1\n|-damage|p2a: Corviknight|95/100\n|move|p2b: Incineroar|Fake Out|p1a: Lopunny\n|-damage|p1a: Lopunny|86/100\n|move|p1b: Basculegion|Flip Turn|p2b: Incineroar\n|-supereffective|p2b: Incineroar|1\n|-enditem|p2b: Incineroar|Passho Berry|[eat]\n|-enditem|p2b: Incineroar|Passho Berry|[weaken]\n|-damage|p2b: Incineroar|78/100\n|\n|t:|1776513382\n|switch|p1b: Tinkaton|Tinkaton, L50, F|100/100|[from] Flip Turn\n|-ability|p1b: Tinkaton|Mold Breaker\n|cant|p2a: Corviknight|flinch\n|\n|-heal|p2a: Corviknight|100/100|[from] item: Leftovers\n|upkeep\n|turn|2\n|\n|t:|1776513399\n|switch|p1a: Pelipper|Pelipper, L50, F|100/100\n|-weather|RainDance|[from] ability: Drizzle|[of] p1a: Pelipper\n|move|p1b: Tinkaton|Encore|p2b: Incineroar\n|-start|p2b: Incineroar|Encore\n|move|p2b: Incineroar|Fake Out||[still]\n|-hint|Fake Out only works on your first turn out.\n|-fail|p2b: Incineroar\n|move|p2a: Corviknight|Bulk Up|p2a: Corviknight\n|-boost|p2a: Corviknight|atk|1\n|-boost|p2a: Corviknight|def|1\n|\n|-weather|RainDance|[upkeep]\n|upkeep\n|turn|3\n|\n|t:|1776513417\n|switch|p2b: Tyranitar|Tyranitar, L50, M, shiny|100/100\n|-weather|Sandstorm|[from] ability: Sand Stream|[of] p2b: Tyranitar\n|move|p1b: Tinkaton|Encore|p2a: Corviknight\n|-start|p2a: Corviknight|Encore\n|move|p1a: Pelipper|Tailwind|p1a: Pelipper\n|-sidestart|p1: g7ez|move: Tailwind\n|move|p2a: Corviknight|Bulk Up|p2a: Corviknight\n|-boost|p2a: Corviknight|atk|1\n|-boost|p2a: Corviknight|def|1\n|\n|-weather|Sandstorm|[upkeep]\n|-damage|p1a: Pelipper|95/100|[from] Sandstorm\n|upkeep\n|turn|4\n|inactive|g7ez has 30 seconds left.\n|\n|t:|1776513445\n|switch|p1a: Basculegion|Basculegion, L50, M|100/100\n|move|p1b: Tinkaton|Gigaton Hammer|p2b: Tyranitar\n|-supereffective|p2b: Tyranitar|1\n|-damage|p2b: Tyranitar|8/100\n|move|p2a: Corviknight|Bulk Up|p2a: Corviknight\n|-boost|p2a: Corviknight|atk|1\n|-boost|p2a: Corviknight|def|1\n|move|p2b: Tyranitar|Rock Slide|p1a: Basculegion|[spread] p1a,p1b\n|-resisted|p1b: Tinkaton|1\n|-damage|p1a: Basculegion|55/100\n|-damage|p1b: Tinkaton|78/100\n|\n|-weather|Sandstorm|[upkeep]\n|-damage|p1a: Basculegion|49/100|[from] Sandstorm\n|upkeep\n|turn|5\n|inactive|g7ez has 30 seconds left.\n|inactive|g7ez has 20 seconds left.\n|\n|t:|1776513482\n|switch|p1b: Lopunny|Lopunny-Mega, L50, M|86/100\n|move|p2b: Tyranitar|Protect|p2b: Tyranitar\n|-singleturn|p2b: Tyranitar|Protect\n|move|p1a: Basculegion|Flip Turn|p2b: Tyranitar\n|-activate|p2b: Tyranitar|move: Protect\n|move|p2a: Corviknight|Bulk Up|p2a: Corviknight\n|-boost|p2a: Corviknight|atk|1\n|-boost|p2a: Corviknight|def|1\n|\n|-weather|Sandstorm|[upkeep]\n|-damage|p1b: Lopunny|80/100|[from] Sandstorm\n|-damage|p1a: Basculegion|43/100|[from] Sandstorm\n|-end|p2a: Corviknight|Encore\n|upkeep\n|turn|6\n|inactive|g7ez has 30 seconds left.\n|inactive|rockanjon has 30 seconds left.\n|\n|t:|1776513517\n|switch|p2b: Incineroar|Incineroar, L50, F, shiny|78/100\n|-ability|p2b: Incineroar|Intimidate|boost\n|-unboost|p1a: Basculegion|atk|1\n|-fail|p1b: Lopunny|unboost|Attack|[from] ability: Scrappy|[of] p1b: Lopunny\n|move|p1b: Lopunny|Fake Out|p2a: Corviknight\n|-resisted|p2a: Corviknight|1\n|-damage|p2a: Corviknight|98/100\n|move|p1a: Basculegion|Flip Turn|p2b: Incineroar\n|-supereffective|p2b: Incineroar|1\n|-damage|p2b: Incineroar|30/100\n|\n|t:|1776513529\n|switch|p1a: Tinkaton|Tinkaton, L50, F|78/100|[from] Flip Turn\n|-ability|p1a: Tinkaton|Mold Breaker\n|cant|p2a: Corviknight|flinch\n|\n|-weather|Sandstorm|[upkeep]\n|-damage|p1b: Lopunny|74/100|[from] Sandstorm\n|-damage|p2b: Incineroar|24/100|[from] Sandstorm\n|-heal|p2a: Corviknight|100/100|[from] item: Leftovers\n|-sideend|p1: g7ez|move: Tailwind\n|upkeep\n|turn|7\n|inactive|rockanjon has 30 seconds left.\n|\n|t:|1776513563\n|move|p1b: Lopunny|Close Combat|p2b: Incineroar\n|-supereffective|p2b: Incineroar|1\n|-damage|p2b: Incineroar|0 fnt\n|-unboost|p1b: Lopunny|def|1\n|-unboost|p1b: Lopunny|spd|1\n|faint|p2b: Incineroar\n|move|p1a: Tinkaton|Encore|p2a: Corviknight\n|-start|p2a: Corviknight|Encore\n|move|p2a: Corviknight|Bulk Up|p2a: Corviknight\n|-boost|p2a: Corviknight|atk|1\n|-boost|p2a: Corviknight|def|1\n|\n|-weather|none\n|upkeep\n|\n|t:|1776513580\n|switch|p2b: Tyranitar|Tyranitar, L50, M, shiny|8/100\n|-weather|Sandstorm|[from] ability: Sand Stream|[of] p2b: Tyranitar\n|turn|8\n|\n|t:|1776513598\n|switch|p1b: Pelipper|Pelipper, L50, F|95/100\n|-weather|RainDance|[from] ability: Drizzle|[of] p1b: Pelipper\n|move|p2b: Tyranitar|Protect|p2b: Tyranitar\n|-singleturn|p2b: Tyranitar|Protect\n|move|p1a: Tinkaton|Gigaton Hammer|p2b: Tyranitar\n|-activate|p2b: Tyranitar|move: Protect\n|move|p2a: Corviknight|Bulk Up|p2a: Corviknight\n|-boost|p2a: Corviknight|atk|1\n|-boost|p2a: Corviknight|def|1\n|\n|-weather|RainDance|[upkeep]\n|upkeep\n|turn|9\n|inactive|rockanjon has 30 seconds left.\n|\n|t:|1776513628\n|detailschange|p2b: Tyranitar|Tyranitar-Mega, L50, M, shiny\n|-mega|p2b: Tyranitar|Tyranitar|Tyranitarite\n|-weather|Sandstorm|[from] ability: Sand Stream|[of] p2b: Tyranitar\n|move|p1a: Tinkaton|Encore|p2b: Tyranitar\n|-start|p2b: Tyranitar|Encore\n|move|p2b: Tyranitar|Protect|p2b: Tyranitar\n|-singleturn|p2b: Tyranitar|Protect\n|move|p1b: Pelipper|Weather Ball|p2a: Corviknight\n|-damage|p2a: Corviknight|81/100\n|move|p2a: Corviknight|Bulk Up|p2a: Corviknight\n|-boost|p2a: Corviknight|atk|0\n|-boost|p2a: Corviknight|def|0\n|\n|-weather|Sandstorm|[upkeep]\n|-damage|p1b: Pelipper|89/100|[from] Sandstorm\n|-heal|p2a: Corviknight|87/100|[from] item: Leftovers\n|-end|p2a: Corviknight|Encore\n|upkeep\n|turn|10\n|\n|t:|1776513651\n|switch|p1b: Basculegion|Basculegion, L50, M|43/100\n|switch|p2b: Excadrill|Excadrill, L50, M|100/100\n|move|p1a: Tinkaton|Encore|p2a: Corviknight\n|-start|p2a: Corviknight|Encore\n|move|p2a: Corviknight|Bulk Up|p2a: Corviknight\n|-boost|p2a: Corviknight|atk|0\n|-boost|p2a: Corviknight|def|0\n|\n|-weather|Sandstorm|[upkeep]\n|-damage|p1b: Basculegion|37/100|[from] Sandstorm\n|-heal|p2a: Corviknight|93/100|[from] item: Leftovers\n|upkeep\n|turn|11\n|inactive|rockanjon has 30 seconds left.\n|\n|t:|1776513680\n|switch|p1b: Pelipper|Pelipper, L50, F|89/100\n|-weather|RainDance|[from] ability: Drizzle|[of] p1b: Pelipper\n|move|p1a: Tinkaton|Protect|p1a: Tinkaton\n|-singleturn|p1a: Tinkaton|Protect\n|move|p2b: Excadrill|Earthquake|p1a: Tinkaton|[spread] \n|-activate|p1a: Tinkaton|move: Protect\n|-immune|p2a: Corviknight\n|-immune|p1b: Pelipper\n|move|p2a: Corviknight|Bulk Up|p2a: Corviknight\n|-boost|p2a: Corviknight|atk|0\n|-boost|p2a: Corviknight|def|0\n|\n|-weather|RainDance|[upkeep]\n|-heal|p2a: Corviknight|99/100|[from] item: Leftovers\n|upkeep\n|turn|12\n|inactive|g7ez has 30 seconds left.\n|inactive|g7ez has 20 seconds left.\n|\n|t:|1776513716\n|switch|p1a: Basculegion|Basculegion, L50, M|37/100\n|switch|p2a: Tyranitar|Tyranitar-Mega, L50, M, shiny|8/100\n|-weather|Sandstorm|[from] ability: Sand Stream|[of] p2a: Tyranitar\n|move|p2b: Excadrill|Earthquake|p1b: Pelipper|[spread] p2a,p1a\n|-immune|p1b: Pelipper\n|-supereffective|p2a: Tyranitar|1\n|-damage|p2a: Tyranitar|0 fnt\n|-damage|p1a: Basculegion|0 fnt\n|faint|p2a: Tyranitar\n|faint|p1a: Basculegion\n|move|p1b: Pelipper|Weather Ball|p2b: Excadrill\n|-resisted|p2b: Excadrill|2\n|-damage|p2b: Excadrill|93/100\n|\n|-weather|Sandstorm|[upkeep]\n|-damage|p1b: Pelipper|84/100|[from] Sandstorm\n|upkeep\n|inactive|g7ez has 30 seconds left.\n|\n|t:|1776513742\n|switch|p1a: Lopunny|Lopunny-Mega, L50, M|74/100\n|switch|p2a: Corviknight|Corviknight, L50, M, shiny|99/100\n|turn|13\n|\n|t:|1776513755\n|switch|p1b: Tinkaton|Tinkaton, L50, F|78/100\n|-ability|p1b: Tinkaton|Mold Breaker\n|move|p1a: Lopunny|Fake Out|p2b: Excadrill\n|-resisted|p2b: Excadrill|1\n|-damage|p2b: Excadrill|77/100\n|cant|p2b: Excadrill|flinch\n|move|p2a: Corviknight|Brave Bird|p1a: Lopunny\n|-supereffective|p1a: Lopunny|1\n|-damage|p1a: Lopunny|0 fnt\n|faint|p1a: Lopunny\n|-damage|p2a: Corviknight|81/100|[from] Recoil\n|\n|-weather|Sandstorm|[upkeep]\n|-heal|p2a: Corviknight|87/100|[from] item: Leftovers\n|upkeep\n|\n|t:|1776513772\n|switch|p1a: Pelipper|Pelipper, L50, F|84/100\n|-weather|RainDance|[from] ability: Drizzle|[of] p1a: Pelipper\n|turn|14\n|\n|t:|1776513787\n|move|p1b: Tinkaton|Fake Out|p2b: Excadrill\n|-resisted|p2b: Excadrill|1\n|-damage|p2b: Excadrill|70/100\n|cant|p2b: Excadrill|flinch\n|move|p1a: Pelipper|Weather Ball|p2b: Excadrill\n|-supereffective|p2b: Excadrill|1\n|-damage|p2b: Excadrill|0 fnt\n|faint|p2b: Excadrill\n|move|p2a: Corviknight|Brave Bird|p1a: Pelipper\n|-damage|p1a: Pelipper|50/100\n|-damage|p2a: Corviknight|79/100|[from] Recoil\n|\n|-weather|RainDance|[upkeep]\n|-heal|p2a: Corviknight|84/100|[from] item: Leftovers\n|upkeep\n|turn|15\n|inactive|g7ez has 30 seconds left.\n|\n|t:|1776513818\n|move|p1b: Tinkaton|Gigaton Hammer|p2a: Corviknight\n|-resisted|p2a: Corviknight|1\n|-damage|p2a: Corviknight|63/100\n|move|p1a: Pelipper|Weather Ball|p2a: Corviknight\n|-damage|p2a: Corviknight|16/100\n|move|p2a: Corviknight|Brave Bird|p1a: Pelipper\n|-damage|p1a: Pelipper|13/100\n|-damage|p2a: Corviknight|7/100|[from] Recoil\n|\n|-weather|RainDance|[upkeep]\n|-heal|p2a: Corviknight|13/100|[from] item: Leftovers\n|upkeep\n|turn|16\n|inactive|rockanjon has 30 seconds left.\n|inactive|rockanjon has 20 seconds left.\n|inactive|rockanjon has 15 seconds left.\n|inactive|rockanjon has 10 seconds left.\n|inactive|rockanjon has 5 seconds left.\n|\n|t:|1776513873\n|move|p1b: Tinkaton|Protect|p1b: Tinkaton\n|-singleturn|p1b: Tinkaton|Protect\n|move|p1a: Pelipper|Weather Ball|p2a: Corviknight\n|-damage|p2a: Corviknight|0 fnt\n|faint|p2a: Corviknight\n|\n|win|g7ez\n|raw|g7ez's rating: 1286 &rarr; <strong>1307</strong><br />(+21 for winning)\n|raw|rockanjon's rating: 1228 &rarr; <strong>1207</strong><br />(-21 for losing)\n",
  "uploadtime": 1776513882,
  "views": 19,
  "formatid": "gen9championsvgc2026regma",
  "rating": 1207,
  "private": 0,
  "password": null
}