{
  "id": "gen9championsvgc2026regma-2586490672",
  "format": "[Gen 9 Champions] VGC 2026 Reg M-A",
  "players": [
    "iliasdelm",
    "gurbederbeste"
  ],
  "log": "|j|\u2606iliasdelm\n|j|\u2606gurbederbeste\n|t:|1776438313\n|gametype|doubles\n|player|p1|iliasdelm|gambler|1434\n|player|p2|gurbederbeste|pryce|1360\n|gen|9\n|tier|[Gen 9 Champions] VGC 2026 Reg M-A\n|rated|\n|rule|Species Clause: Limit one of each Pok\u00e9mon\n|rule|Item Clause: Limit 1 of each item\n|clearpoke\n|poke|p1|Heracross, L50, F|\n|poke|p1|Pelipper, L50, F|\n|poke|p1|Archaludon, L50, F|\n|poke|p1|Dragonite, L50, M|\n|poke|p1|Basculegion, L50, M|\n|poke|p1|Incineroar, L50, F|\n|poke|p2|Aggron, L50, M|\n|poke|p2|Sinistcha, L50|\n|poke|p2|Incineroar, L50, M|\n|poke|p2|Pelipper, L50, M|\n|poke|p2|Dragonite, L50, M|\n|poke|p2|Kleavor, L50, F|\n|teampreview|4\n|inactive|Battle timer is ON: inactive players will automatically lose when time's up. (requested by gurbederbeste)\n|\n|t:|1776438371\n|teamsize|p1|4\n|teamsize|p2|4\n|start\n|switch|p1a: Archaludon|Archaludon, L50, F|100/100\n|switch|p1b: Incineroar|Incineroar, L50, F, shiny|100/100\n|switch|p2a: Kleavor|Kleavor, L50, F|100/100\n|switch|p2b: Aggron|Aggron, L50, M|100/100\n|-ability|p1b: Incineroar|Intimidate|boost\n|-unboost|p2a: Kleavor|atk|1\n|-unboost|p2b: Aggron|atk|1\n|turn|1\n|\n|t:|1776438396\n|detailschange|p2b: Aggron|Aggron-Mega, L50, M\n|-mega|p2b: Aggron|Aggron|Aggronite\n|move|p1b: Incineroar|Fake Out|p2b: Aggron\n|-resisted|p2b: Aggron|1\n|-damage|p2b: Aggron|98/100\n|move|p2a: Kleavor|Stone Axe|p1b: Incineroar\n|-supereffective|p1b: Incineroar|1\n|-damage|p1b: Incineroar|39/100\n|-sidestart|p1: iliasdelm|move: Stealth Rock\n|move|p1a: Archaludon|Flash Cannon|p2a: Kleavor\n|-supereffective|p2a: Kleavor|1\n|-damage|p2a: Kleavor|0 fnt\n|faint|p2a: Kleavor\n|cant|p2b: Aggron|flinch\n|\n|-heal|p1b: Incineroar|45/100|[from] item: Leftovers\n|upkeep\n|\n|t:|1776438409\n|switch|p2a: Incineroar|Incineroar, L50, M|100/100\n|-ability|p2a: Incineroar|Intimidate|boost\n|-unboost|p1a: Archaludon|atk|1\n|-unboost|p1b: Incineroar|atk|1\n|turn|2\n|\n|t:|1776438417\n|switch|p1b: Pelipper|Pelipper, L50, F|100/100\n|-damage|p1b: Pelipper|76/100|[from] Stealth Rock\n|-weather|RainDance|[from] ability: Drizzle|[of] p1b: Pelipper\n|move|p1a: Archaludon|Electro Shot||[still]\n|-prepare|p1a: Archaludon|Electro Shot\n|-boost|p1a: Archaludon|spa|1\n|-anim|p1a: Archaludon|Electro Shot|p2b: Aggron\n|-damage|p2b: Aggron|47/100\n|move|p2a: Incineroar|Parting Shot|p1a: Archaludon\n|-unboost|p1a: Archaludon|atk|1\n|-unboost|p1a: Archaludon|spa|1\n|\n|t:|1776438430\n|switch|p2a: Sinistcha|Sinistcha, L50|100/100|[from] Parting Shot\n|-heal|p2b: Aggron|72/100|[from] ability: Hospitality|[of] p2a: Sinistcha\n|move|p2b: Aggron|Iron Defense|p2b: Aggron\n|-boost|p2b: Aggron|def|2\n|\n|-weather|RainDance|[upkeep]\n|upkeep\n|turn|3\n|\n|t:|1776438453\n|switch|p2a: Incineroar|Incineroar, L50, M|100/100\n|-ability|p2a: Incineroar|Intimidate|boost\n|-unboost|p1a: Archaludon|atk|1\n|-unboost|p1b: Pelipper|atk|1\n|move|p1a: Archaludon|Electro Shot||[still]\n|-prepare|p1a: Archaludon|Electro Shot\n|-boost|p1a: Archaludon|spa|1\n|-anim|p1a: Archaludon|Electro Shot|p2b: Aggron\n|-damage|p2b: Aggron|20/100\n|move|p1b: Pelipper|Hurricane|p2a: Incineroar\n|-damage|p2a: Incineroar|71/100\n|move|p2b: Aggron|Body Press|p1a: Archaludon\n|-supereffective|p1a: Archaludon|1\n|-damage|p1a: Archaludon|0 fnt\n|faint|p1a: Archaludon\n|\n|-weather|RainDance|[upkeep]\n|upkeep\n|\n|t:|1776438466\n|switch|p1a: Heracross|Heracross, L50, F|100/100\n|-damage|p1a: Heracross|88/100|[from] Stealth Rock\n|turn|4\n|\n|t:|1776438482\n|switch|p2a: Sinistcha|Sinistcha, L50|100/100\n|-heal|p2b: Aggron|45/100|[from] ability: Hospitality|[of] p2a: Sinistcha\n|detailschange|p1a: Heracross|Heracross-Mega, L50, F\n|-mega|p1a: Heracross|Heracross|Heracronite\n|move|p1a: Heracross|Protect|p1a: Heracross\n|-singleturn|p1a: Heracross|Protect\n|move|p1b: Pelipper|Hurricane|p2a: Sinistcha\n|-supereffective|p2a: Sinistcha|1\n|-damage|p2a: Sinistcha|23/100\n|move|p2b: Aggron|Body Press|p1b: Pelipper\n|-resisted|p1b: Pelipper|1\n|-damage|p1b: Pelipper|33/100\n|\n|-weather|RainDance|[upkeep]\n|upkeep\n|turn|5\n|\n|t:|1776438504\n|switch|p1a: Incineroar|Incineroar, L50, F, shiny|45/100\n|-damage|p1a: Incineroar|20/100|[from] Stealth Rock\n|-ability|p1a: Incineroar|Intimidate|boost\n|-unboost|p2a: Sinistcha|atk|1\n|-unboost|p2b: Aggron|atk|1\n|switch|p2a: Incineroar|Incineroar, L50, M|71/100\n|-ability|p2a: Incineroar|Intimidate|boost\n|-unboost|p1a: Incineroar|atk|1\n|-unboost|p1b: Pelipper|atk|1\n|move|p1b: Pelipper|Hurricane|p2a: Incineroar\n|-crit|p2a: Incineroar\n|-damage|p2a: Incineroar|29/100\n|move|p2b: Aggron|Body Press|p1b: Pelipper\n|-resisted|p1b: Pelipper|1\n|-damage|p1b: Pelipper|0 fnt\n|faint|p1b: Pelipper\n|\n|-weather|RainDance|[upkeep]\n|-heal|p1a: Incineroar|26/100|[from] item: Leftovers\n|upkeep\n|\n|t:|1776438512\n|switch|p1b: Heracross|Heracross-Mega, L50, F|88/100\n|-damage|p1b: Heracross|76/100|[from] Stealth Rock\n|turn|6\n|\n|t:|1776438531\n|switch|p2a: Sinistcha|Sinistcha, L50|23/100\n|-heal|p2b: Aggron|70/100|[from] ability: Hospitality|[of] p2a: Sinistcha\n|move|p2b: Aggron|Protect|p2b: Aggron\n|-singleturn|p2b: Aggron|Protect\n|move|p1a: Incineroar|Fake Out|p2a: Sinistcha\n|-immune|p2a: Sinistcha\n|move|p1b: Heracross|Close Combat|p2b: Aggron\n|-activate|p2b: Aggron|move: Protect\n|\n|-weather|none\n|-heal|p1a: Incineroar|32/100|[from] item: Leftovers\n|upkeep\n|turn|7\n|\n|t:|1776438548\n|move|p2a: Sinistcha|Rage Powder|p2a: Sinistcha\n|-singleturn|p2a: Sinistcha|move: Rage Powder\n|move|p1b: Heracross|Close Combat|p2a: Sinistcha\n|-immune|p2a: Sinistcha\n|move|p1a: Incineroar|Flare Blitz|p2a: Sinistcha\n|-supereffective|p2a: Sinistcha|1\n|-damage|p2a: Sinistcha|0 fnt\n|faint|p2a: Sinistcha\n|-damage|p1a: Incineroar|26/100|[from] Recoil\n|move|p2b: Aggron|Body Press|p1a: Incineroar\n|-supereffective|p1a: Incineroar|1\n|-damage|p1a: Incineroar|0 fnt\n|faint|p1a: Incineroar\n|\n|upkeep\n|\n|t:|1776438559\n|switch|p2a: Incineroar|Incineroar, L50, M|29/100\n|-ability|p2a: Incineroar|Intimidate|boost\n|-unboost|p1b: Heracross|atk|1\n|turn|8\n|\n|t:|1776438565\n|move|p1b: Heracross|Protect|p1b: Heracross\n|-singleturn|p1b: Heracross|Protect\n|move|p2a: Incineroar|Fake Out|p1b: Heracross\n|-activate|p1b: Heracross|move: Protect\n|move|p2b: Aggron|Iron Defense|p2b: Aggron\n|-boost|p2b: Aggron|def|2\n|\n|upkeep\n|turn|9\n|\n|t:|1776438575\n|move|p1b: Heracross|Close Combat|p2b: Aggron\n|-supereffective|p2b: Aggron|1\n|-damage|p2b: Aggron|56/100\n|-unboost|p1b: Heracross|def|1\n|-unboost|p1b: Heracross|spd|1\n|move|p2a: Incineroar|Flare Blitz|p1b: Heracross\n|-supereffective|p1b: Heracross|1\n|-damage|p1b: Heracross|0 fnt\n|faint|p1b: Heracross\n|-damage|p2a: Incineroar|7/100|[from] Recoil\n|\n|win|gurbederbeste\n|raw|iliasdelm's rating: 1434 &rarr; <strong>1410</strong><br />(-24 for losing)\n|raw|gurbederbeste's rating: 1360 &rarr; <strong>1384</strong><br />(+24 for winning)\n|l|\u2606iliasdelm\n|player|p1|\n",
  "uploadtime": 1776438576,
  "views": 40,
  "formatid": "gen9championsvgc2026regma",
  "rating": 1384,
  "private": 0,
  "password": null
}