{
  "id": "gen9championsvgc2026regma-2580470560",
  "format": "[Gen 9 Champions] VGC 2026 Reg M-A",
  "players": [
    "dfghjkj",
    "Braute"
  ],
  "log": "|j|\u2606dfghjkj\n|j|\u2606Braute\n|t:|1775901390\n|gametype|doubles\n|player|p1|dfghjkj|1|1031\n|player|p2|Braute|miku-fire|1045\n|gen|9\n|tier|[Gen 9 Champions] VGC 2026 Reg M-A\n|rated|\n|rule|Species Clause: Limit one of each Pok\u00e9mon\n|rule|Item Clause: Limit 1 of each item\n|clearpoke\n|poke|p1|Milotic, L50, M|\n|poke|p1|Floette-Eternal, L50, F|\n|poke|p1|Corviknight, L50, F|\n|poke|p1|Rotom-Wash, L50|\n|poke|p1|Garchomp, L50, M|\n|poke|p1|Incineroar, L50, F|\n|poke|p2|Beedrill, L50, F|\n|poke|p2|Dragapult, L50, F|\n|poke|p2|Arcanine-Hisui, L50, F|\n|poke|p2|Sinistcha, L50|\n|poke|p2|Talonflame, L50, F|\n|poke|p2|Basculegion, L50, M|\n|teampreview|4\n|inactive|Battle timer is ON: inactive players will automatically lose when time's up. (requested by Braute)\n|\n|t:|1775901419\n|teamsize|p1|4\n|teamsize|p2|4\n|start\n|switch|p1a: Incineroar|Incineroar, L50, F|100/100\n|switch|p1b: Floette|Floette-Eternal, L50, F|100/100\n|switch|p2a: Beedrill|Beedrill, L50, F, shiny|100/100\n|switch|p2b: Sinistcha|Sinistcha, L50|100/100\n|-ability|p1a: Incineroar|Intimidate|boost\n|-unboost|p2a: Beedrill|atk|1\n|-unboost|p2b: Sinistcha|atk|1\n|turn|1\n|\n|t:|1775901443\n|switch|p2b: Basculegion|Basculegion, L50, M|100/100\n|detailschange|p1b: Floette|Floette-Mega, L50, F\n|-mega|p1b: Floette|Floette|Floettite\n|-ability|p1b: Floette|Fairy Aura\n|move|p2a: Beedrill|Protect|p2a: Beedrill\n|-singleturn|p2a: Beedrill|Protect\n|move|p1b: Floette|Calm Mind|p1b: Floette\n|-boost|p1b: Floette|spa|1\n|-boost|p1b: Floette|spd|1\n|move|p1a: Incineroar|Flare Blitz|p2a: Beedrill\n|-activate|p2a: Beedrill|move: Protect\n|\n|upkeep\n|turn|2\n|inactive|dfghjkj has 30 seconds left.\n|inactive|dfghjkj has 20 seconds left.\n|\n|t:|1775901483\n|detailschange|p2a: Beedrill|Beedrill-Mega, L50, F, shiny\n|-mega|p2a: Beedrill|Beedrill|Beedrillite\n|move|p2a: Beedrill|Poison Jab|p1b: Floette\n|-supereffective|p1b: Floette|1\n|-damage|p1b: Floette|0 fnt\n|faint|p1b: Floette\n|move|p2b: Basculegion|Wave Crash|p1a: Incineroar\n|-supereffective|p1a: Incineroar|1\n|-damage|p1a: Incineroar|0 fnt\n|faint|p1a: Incineroar\n|-damage|p2b: Basculegion|66/100|[from] Recoil\n|\n|upkeep\n|\n|t:|1775901497\n|switch|p1b: Rotom|Rotom-Wash, L50|100/100\n|switch|p1a: Corviknight|Corviknight, L50, F|100/100\n|turn|3\n|\n|t:|1775901508\n|move|p2a: Beedrill|U-turn|p1b: Rotom\n|-damage|p1b: Rotom|65/100\n|\n|t:|1775901511\n|switch|p2a: Sinistcha|Sinistcha, L50|100/100|[from] U-turn\n|-heal|p2b: Basculegion|91/100|[from] ability: Hospitality|[of] p2a: Sinistcha\n|move|p2b: Basculegion|Wave Crash|p1a: Corviknight\n|-damage|p1a: Corviknight|51/100\n|-damage|p2b: Basculegion|73/100|[from] Recoil\n|move|p1b: Rotom|Charge Beam|p2b: Basculegion\n|-supereffective|p2b: Basculegion|1\n|-damage|p2b: Basculegion|29/100\n|-boost|p1b: Rotom|spa|1\n|move|p1a: Corviknight|Bulk Up|p1a: Corviknight\n|-boost|p1a: Corviknight|atk|1\n|-boost|p1a: Corviknight|def|1\n|\n|-heal|p1a: Corviknight|57/100|[from] item: Leftovers\n|upkeep\n|turn|4\n|inactive|dfghjkj has 30 seconds left.\n|inactive|Braute has 30 seconds left.\n|inactive|dfghjkj has 20 seconds left.\n|\n|t:|1775901550\n|move|p2a: Sinistcha|Rage Powder|p2a: Sinistcha\n|-singleturn|p2a: Sinistcha|move: Rage Powder\n|move|p2b: Basculegion|Wave Crash|p1a: Corviknight\n|-damage|p1a: Corviknight|22/100\n|-damage|p2b: Basculegion|17/100|[from] Recoil\n|move|p1b: Rotom|Volt Switch|p2a: Sinistcha\n|-resisted|p2a: Sinistcha|1\n|-damage|p2a: Sinistcha|84/100\n|move|p1a: Corviknight|Roost|p1a: Corviknight\n|-heal|p1a: Corviknight|73/100\n|-singleturn|p1a: Corviknight|move: Roost\n|\n|-heal|p1a: Corviknight|79/100|[from] item: Leftovers\n|upkeep\n|turn|5\n|\n|t:|1775901573\n|move|p2b: Basculegion|Wave Crash|p1a: Corviknight\n|-damage|p1a: Corviknight|46/100\n|-damage|p2b: Basculegion|6/100|[from] Recoil\n|move|p1b: Rotom|Charge Beam|p2a: Sinistcha\n|-resisted|p2a: Sinistcha|1\n|-damage|p2a: Sinistcha|70/100\n|-boost|p1b: Rotom|spa|1\n|move|p2a: Sinistcha|Matcha Gotcha|p1b: Rotom|[spread] p1a,p1b\n|-resisted|p1a: Corviknight|2\n|-supereffective|p1b: Rotom|1\n|-damage|p1a: Corviknight|40/100\n|-heal|p2a: Sinistcha|74/100|[from] drain|[of] p1a: Corviknight\n|-damage|p1b: Rotom|22/100\n|-heal|p2a: Sinistcha|93/100|[from] drain|[of] p1b: Rotom\n|-enditem|p1b: Rotom|Sitrus Berry|[eat]\n|-heal|p1b: Rotom|46/100|[from] item: Sitrus Berry\n|move|p1a: Corviknight|Bulk Up|p1a: Corviknight\n|-boost|p1a: Corviknight|atk|1\n|-boost|p1a: Corviknight|def|1\n|\n|-heal|p1a: Corviknight|46/100|[from] item: Leftovers\n|upkeep\n|turn|6\n|inactive|dfghjkj has 30 seconds left.\n|\n|t:|1775901600\n|move|p2b: Basculegion|Wave Crash|p1a: Corviknight\n|-damage|p1a: Corviknight|18/100\n|-damage|p2b: Basculegion|0 fnt|[from] Recoil\n|faint|p2b: Basculegion\n|move|p1b: Rotom|Hydro Pump|p2a: Sinistcha|[miss]\n|-miss|p1b: Rotom|p2a: Sinistcha\n|move|p2a: Sinistcha|Matcha Gotcha|p1b: Rotom|[spread] p1a,p1b\n|-resisted|p1a: Corviknight|2\n|-supereffective|p1b: Rotom|1\n|-damage|p1a: Corviknight|12/100\n|-heal|p2a: Sinistcha|96/100|[from] drain|[of] p1a: Corviknight\n|-damage|p1b: Rotom|8/100\n|-heal|p2a: Sinistcha|100/100|[from] drain|[of] p1b: Rotom\n|-status|p1a: Corviknight|brn\n|move|p1a: Corviknight|Roost|p1a: Corviknight\n|-heal|p1a: Corviknight|62/100 brn\n|-singleturn|p1a: Corviknight|move: Roost\n|\n|-heal|p1a: Corviknight|68/100 brn|[from] item: Leftovers\n|-damage|p1a: Corviknight|62/100 brn|[from] brn\n|upkeep\n|\n|t:|1775901617\n|switch|p2b: Dragapult|Dragapult, L50, F|100/100\n|turn|7\n|\n|t:|1775901627\n|move|p2b: Dragapult|Shadow Ball|p1a: Corviknight\n|-damage|p1a: Corviknight|14/100 brn\n|move|p1b: Rotom|Hydro Pump|p2b: Dragapult\n|-resisted|p2b: Dragapult|1\n|-damage|p2b: Dragapult|50/100\n|move|p2a: Sinistcha|Matcha Gotcha|p1b: Rotom|[spread] \n|-miss|p2a: Sinistcha|p1a: Corviknight\n|-miss|p2a: Sinistcha|p1b: Rotom\n|move|p1a: Corviknight|Brave Bird|p2a: Sinistcha\n|-supereffective|p2a: Sinistcha|1\n|-damage|p2a: Sinistcha|33/100\n|-enditem|p2a: Sinistcha|Sitrus Berry|[eat]\n|-heal|p2a: Sinistcha|58/100|[from] item: Sitrus Berry\n|-damage|p1a: Corviknight|0 fnt|[from] Recoil\n|faint|p1a: Corviknight\n|\n|upkeep\n|turn|8\n|-message|dfghjkj forfeited.\n|\n|win|Braute\n|raw|dfghjkj's rating: 1031 &rarr; <strong>1017</strong><br />(-14 for losing)\n|raw|Braute's rating: 1045 &rarr; <strong>1077</strong><br />(+32 for winning)\n",
  "uploadtime": 1775901641,
  "views": 15,
  "formatid": "gen9championsvgc2026regma",
  "rating": 1017,
  "private": 0,
  "password": null
}