{
  "id": "gen9championsvgc2026regma-2586356918",
  "format": "[Gen 9 Champions] VGC 2026 Reg M-A",
  "players": [
    "bugeater",
    "Neutralzr"
  ],
  "log": "|j|\u2606bugeater\n|j|\u2606Neutralzr\n|t:|1776428396\n|gametype|doubles\n|player|p1|bugeater|pokemaniac|1321\n|player|p2|Neutralzr|lance|1236\n|gen|9\n|tier|[Gen 9 Champions] VGC 2026 Reg M-A\n|rated|\n|rule|Species Clause: Limit one of each Pok\u00e9mon\n|rule|Item Clause: Limit 1 of each item\n|clearpoke\n|poke|p1|Froslass, L50, F|\n|poke|p1|Conkeldurr, L50, M|\n|poke|p1|Clefable, L50, M|\n|poke|p1|Kingambit, L50, F|\n|poke|p1|Floette-Eternal, L50, F|\n|poke|p1|Emboar, L50, M|\n|poke|p2|Mimikyu, L50, F|\n|poke|p2|Milotic, L50, F|\n|poke|p2|Charizard, L50, M|\n|poke|p2|Aerodactyl, L50, M|\n|poke|p2|Incineroar, L50, M|\n|poke|p2|Sinistcha-Masterpiece, L50|\n|teampreview|4\n|inactive|Battle timer is ON: inactive players will automatically lose when time's up. (requested by Neutralzr)\n|inactive|bugeater has 60 seconds left.\n|\n|t:|1776428456\n|teamsize|p1|4\n|teamsize|p2|4\n|start\n|switch|p1a: Floette|Floette-Eternal, L50, F, shiny|100/100\n|switch|p1b: Clefable|Clefable, L50, M|100/100\n|switch|p2a: Mimikyu|Mimikyu, L50, F|100/100\n|switch|p2b: Milotic|Milotic, L50, F, shiny|100/100\n|turn|1\n|\n|t:|1776428479\n|detailschange|p1a: Floette|Floette-Mega, L50, F, shiny\n|-mega|p1a: Floette|Floette|Floettite\n|-ability|p1a: Floette|Fairy Aura\n|move|p1a: Floette|Dazzling Gleam|p2a: Mimikyu|[spread] p2a,p2b\n|-activate|p2a: Mimikyu|ability: Disguise\n|-damage|p2a: Mimikyu|100/100\n|-damage|p2b: Milotic|63/100\n|detailschange|p2a: Mimikyu|Mimikyu-Busted, L50, F\n|-damage|p2a: Mimikyu|88/100|[from] pokemon: Mimikyu-Busted\n|move|p2a: Mimikyu|Swords Dance|p2a: Mimikyu\n|-boost|p2a: Mimikyu|atk|2\n|move|p2b: Milotic|Scald|p1b: Clefable\n|-damage|p1b: Clefable|76/100\n|move|p1b: Clefable|Light Screen|p1b: Clefable\n|-sidestart|p1: bugeater|move: Light Screen\n|\n|-heal|p2b: Milotic|69/100|[from] item: Leftovers\n|-heal|p1b: Clefable|82/100|[from] item: Leftovers\n|upkeep\n|turn|2\n|inactive|Neutralzr has 30 seconds left.\n|\n|t:|1776428505\n|move|p1b: Clefable|Follow Me|p1b: Clefable\n|-singleturn|p1b: Clefable|move: Follow Me\n|move|p1a: Floette|Calm Mind|p1a: Floette\n|-boost|p1a: Floette|spa|1\n|-boost|p1a: Floette|spd|1\n|move|p2a: Mimikyu|Play Rough|p1b: Clefable|[miss]\n|-miss|p2a: Mimikyu|p1b: Clefable\n|move|p2b: Milotic|Life Dew|p2b: Milotic|[spread] p2a,p2b\n|-heal|p2a: Mimikyu|100/100\n|-heal|p2b: Milotic|94/100\n|\n|-heal|p2b: Milotic|99/100|[from] item: Leftovers\n|-heal|p1b: Clefable|88/100|[from] item: Leftovers\n|upkeep\n|turn|3\n|inactive|Neutralzr has 30 seconds left.\n|inactive|Neutralzr has 20 seconds left.\n|\n|t:|1776428543\n|switch|p2b: Charizard|Charizard, L50, M|100/100\n|move|p1b: Clefable|Follow Me|p1b: Clefable\n|-singleturn|p1b: Clefable|move: Follow Me\n|move|p1a: Floette|Dazzling Gleam|p2b: Charizard|[spread] p2a,p2b\n|-resisted|p2b: Charizard|1\n|-damage|p2a: Mimikyu|3/100\n|-damage|p2b: Charizard|60/100\n|move|p2a: Mimikyu|Play Rough|p1b: Clefable\n|-damage|p1b: Clefable|28/100\n|\n|-heal|p1b: Clefable|34/100|[from] item: Leftovers\n|upkeep\n|turn|4\n|inactive|Neutralzr has 30 seconds left.\n|inactive|Neutralzr has 20 seconds left.\n|\n|t:|1776428579\n|move|p2b: Charizard|Protect|p2b: Charizard\n|-singleturn|p2b: Charizard|Protect\n|move|p1b: Clefable|Follow Me|p1b: Clefable\n|-singleturn|p1b: Clefable|move: Follow Me\n|move|p2a: Mimikyu|Shadow Sneak|p1b: Clefable\n|-damage|p1b: Clefable|10/100\n|move|p1a: Floette|Dazzling Gleam|p2a: Mimikyu|[spread] p2a\n|-activate|p2b: Charizard|move: Protect\n|-damage|p2a: Mimikyu|0 fnt\n|faint|p2a: Mimikyu\n|\n|-heal|p1b: Clefable|16/100|[from] item: Leftovers\n|upkeep\n|\n|t:|1776428589\n|switch|p2a: Incineroar|Incineroar, L50, M|100/100\n|-ability|p2a: Incineroar|Intimidate|boost\n|-unboost|p1a: Floette|atk|1\n|-unboost|p1b: Clefable|atk|1\n|turn|5\n|\n|t:|1776428613\n|move|p1a: Floette|Protect|p1a: Floette\n|-singleturn|p1a: Floette|Protect\n|move|p1b: Clefable|Protect|p1b: Clefable\n|-singleturn|p1b: Clefable|Protect\n|move|p2a: Incineroar|Fake Out|p1b: Clefable\n|-activate|p1b: Clefable|move: Protect\n|move|p2b: Charizard|Dragon Dance|p2b: Charizard\n|-boost|p2b: Charizard|atk|1\n|-boost|p2b: Charizard|spe|1\n|\n|-heal|p1b: Clefable|22/100|[from] item: Leftovers\n|-sideend|p1: bugeater|move: Light Screen\n|upkeep\n|turn|6\n|\n|t:|1776428629\n|move|p2b: Charizard|Protect|p2b: Charizard\n|-singleturn|p2b: Charizard|Protect\n|move|p1b: Clefable|Follow Me|p1b: Clefable\n|-singleturn|p1b: Clefable|move: Follow Me\n|move|p1a: Floette|Light of Ruin|p2b: Charizard\n|-activate|p2b: Charizard|move: Protect\n|move|p2a: Incineroar|Flare Blitz|p1b: Clefable\n|-damage|p1b: Clefable|0 fnt\n|faint|p1b: Clefable\n|-damage|p2a: Incineroar|94/100|[from] Recoil\n|\n|upkeep\n|\n|t:|1776428634\n|switch|p1b: Emboar|Emboar, L50, M|100/100\n|turn|7\n|inactive|bugeater has 30 seconds left.\n|inactive|Neutralzr has 30 seconds left.\n|inactive|Neutralzr has 20 seconds left.\n|inactive|Neutralzr has 15 seconds left.\n|inactive|Neutralzr has 10 seconds left.\n|inactive|Neutralzr has 5 seconds left.\n|\n|t:|1776428687\n|switch|p2a: Milotic|Milotic, L50, F, shiny|99/100\n|detailschange|p2b: Charizard|Charizard-Mega-X, L50, M\n|-mega|p2b: Charizard|Charizard|Charizardite X\n|move|p1a: Floette|Protect|p1a: Floette\n|-singleturn|p1a: Floette|Protect\n|move|p2b: Charizard|Dragon Claw|p1b: Emboar\n|-damage|p1b: Emboar|0 fnt\n|faint|p1b: Emboar\n|\n|-heal|p2a: Milotic|100/100|[from] item: Leftovers\n|upkeep\n|\n|t:|1776428696\n|switch|p1b: Kingambit|Kingambit, L50, F|100/100\n|-activate|p1b: Kingambit|ability: Supreme Overlord\n|-start|p1b: Kingambit|fallen2|[silent]\n|turn|8\n|\n|t:|1776428710\n|switch|p2a: Incineroar|Incineroar, L50, M|94/100\n|-ability|p2a: Incineroar|Intimidate|boost\n|-unboost|p1a: Floette|atk|1\n|-unboost|p1b: Kingambit|atk|1\n|move|p1b: Kingambit|Sucker Punch|p2b: Charizard\n|-damage|p2b: Charizard|29/100\n|move|p2b: Charizard|Flare Blitz|p1a: Floette\n|-damage|p1a: Floette|0 fnt\n|faint|p1a: Floette\n|-damage|p2b: Charizard|2/100|[from] Recoil\n|\n|upkeep\n|turn|9\n|\n|t:|1776428734\n|move|p2b: Charizard|Protect|p2b: Charizard\n|-singleturn|p2b: Charizard|Protect\n|move|p1b: Kingambit|Sucker Punch||[still]\n|-fail|p1b: Kingambit\n|move|p2a: Incineroar|Parting Shot|p1b: Kingambit\n|-unboost|p1b: Kingambit|atk|1\n|-unboost|p1b: Kingambit|spa|1\n|-message|bugeater forfeited.\n|\n|win|Neutralzr\n|raw|bugeater's rating: 1321 &rarr; <strong>1296</strong><br />(-25 for losing)\n|raw|Neutralzr's rating: 1236 &rarr; <strong>1267</strong><br />(+31 for winning)\n|l|\u2606bugeater\n|player|p1|\n",
  "uploadtime": 1776428760,
  "views": 40,
  "formatid": "gen9championsvgc2026regma",
  "rating": 1267,
  "private": 0,
  "password": null
}