{
  "id": "gen9championsvgc2026regma-2584924342",
  "format": "[Gen 9 Champions] VGC 2026 Reg M-A",
  "players": [
    "EXSA",
    "Samteago"
  ],
  "log": "|j|\u2606EXSA\n|j|\u2606Samteago\n|t:|1776294993\n|gametype|doubles\n|player|p1|EXSA|1|1284\n|player|p2|Samteago|102|1250\n|gen|9\n|tier|[Gen 9 Champions] VGC 2026 Reg M-A\n|rated|\n|rule|Species Clause: Limit one of each Pok\u00e9mon\n|rule|Item Clause: Limit 1 of each item\n|clearpoke\n|poke|p1|Charizard, L50, F|\n|poke|p1|Incineroar, L50, M|\n|poke|p1|Maushold-Four, L50|\n|poke|p1|Garchomp, L50, F|\n|poke|p1|Whimsicott, L50, F|\n|poke|p1|Medicham, L50, F|\n|poke|p2|Sneasler, L50, M|\n|poke|p2|Kingambit, L50, F|\n|poke|p2|Charizard, L50, M|\n|poke|p2|Milotic, L50, F|\n|poke|p2|Garchomp, L50, M|\n|poke|p2|Gardevoir, L50, F|\n|teampreview|4\n|j| greninja the g\n|\n|t:|1776295033\n|teamsize|p1|4\n|teamsize|p2|4\n|start\n|switch|p1a: Garchomp|Garchomp, L50, F|100/100\n|switch|p1b: Whimsicott|Whimsicott, L50, F|100/100\n|switch|p2a: Kingambit|Kingambit, L50, F|100/100\n|switch|p2b: Sneasler|Sneasler, L50, M|100/100\n|turn|1\n|inactive|Battle timer is ON: inactive players will automatically lose when time's up. (requested by Samteago)\n|\n|t:|1776295062\n|switch|p1b: Charizard|Charizard, L50, F, shiny|100/100\n|move|p2b: Sneasler|Fake Out|p1a: Garchomp\n|-damage|p1a: Garchomp|86/100\n|-damage|p2b: Sneasler|88/100|[from] ability: Rough Skin|[of] p1a: Garchomp\n|cant|p1a: Garchomp|flinch\n|move|p2a: Kingambit|Iron Head|p1b: Charizard\n|-resisted|p1b: Charizard|1\n|-damage|p1b: Charizard|66/100\n|\n|upkeep\n|turn|2\n|\n|t:|1776295088\n|switch|p2b: Charizard|Charizard, L50, M|100/100\n|detailschange|p1b: Charizard|Charizard-Mega-Y, L50, F, shiny\n|-mega|p1b: Charizard|Charizard|Charizardite Y\n|-weather|SunnyDay|[from] ability: Drought|[of] p1b: Charizard\n|move|p2a: Kingambit|Protect|p2a: Kingambit\n|-singleturn|p2a: Kingambit|Protect\n|move|p1a: Garchomp|Earthquake|p2a: Kingambit|[spread] \n|-activate|p2a: Kingambit|move: Protect\n|-immune|p1b: Charizard\n|-immune|p2b: Charizard\n|move|p1b: Charizard|Weather Ball|p2a: Kingambit\n|-activate|p2a: Kingambit|move: Protect\n|\n|-weather|SunnyDay|[upkeep]\n|-damage|p2b: Charizard|88/100|[from] ability: Solar Power|[of] p2b: Charizard\n|upkeep\n|turn|3\n|\n|t:|1776295109\n|switch|p2a: Garchomp|Garchomp, L50, M|100/100\n|detailschange|p2b: Charizard|Charizard-Mega-Y, L50, M\n|-mega|p2b: Charizard|Charizard|Charizardite Y\n|move|p1a: Garchomp|Earthquake|p2a: Garchomp|[spread] p2a\n|-immune|p1b: Charizard\n|-immune|p2b: Charizard\n|-damage|p2a: Garchomp|61/100\n|move|p1b: Charizard|Heat Wave|p2b: Charizard|[spread] p2a,p2b\n|-resisted|p2a: Garchomp|1\n|-resisted|p2b: Charizard|1\n|-damage|p2a: Garchomp|34/100\n|-damage|p2b: Charizard|61/100\n|move|p2b: Charizard|Solar Beam||[still]\n|-prepare|p2b: Charizard|Solar Beam\n|-anim|p2b: Charizard|Solar Beam|p1a: Garchomp\n|-damage|p1a: Garchomp|30/100\n|\n|-weather|SunnyDay|[upkeep]\n|upkeep\n|turn|4\n|\n|t:|1776295134\n|move|p2a: Garchomp|Protect|p2a: Garchomp\n|-singleturn|p2a: Garchomp|Protect\n|move|p1a: Garchomp|Earthquake|p2a: Garchomp|[spread] \n|-activate|p2a: Garchomp|move: Protect\n|-immune|p1b: Charizard\n|-immune|p2b: Charizard\n|move|p1b: Charizard|Weather Ball|p2b: Charizard\n|-resisted|p2b: Charizard|1\n|-damage|p2b: Charizard|21/100\n|move|p2b: Charizard|Heat Wave|p1a: Garchomp|[spread] p1b\n|-miss|p2b: Charizard|p1a: Garchomp\n|-resisted|p1b: Charizard|1\n|-damage|p1b: Charizard|31/100\n|\n|-weather|SunnyDay|[upkeep]\n|upkeep\n|turn|5\n|\n|t:|1776295150\n|move|p2b: Charizard|Protect|p2b: Charizard\n|-singleturn|p2b: Charizard|Protect\n|move|p1a: Garchomp|Earthquake|p2a: Garchomp|[spread] p2a\n|-activate|p2b: Charizard|move: Protect\n|-immune|p1b: Charizard\n|-damage|p2a: Garchomp|0 fnt\n|faint|p2a: Garchomp\n|move|p1b: Charizard|Heat Wave|p2b: Charizard\n|-activate|p2b: Charizard|move: Protect\n|\n|-weather|SunnyDay|[upkeep]\n|upkeep\n|\n|t:|1776295170\n|switch|p2a: Kingambit|Kingambit, L50, F|100/100\n|turn|6\n|\n|t:|1776295190\n|move|p2b: Charizard|Protect|p2b: Charizard\n|-singleturn|p2b: Charizard|Protect\n|move|p2a: Kingambit|Protect|p2a: Kingambit\n|-singleturn|p2a: Kingambit|Protect\n|move|p1a: Garchomp|Earthquake|p2a: Kingambit|[spread] \n|-activate|p2a: Kingambit|move: Protect\n|-activate|p2b: Charizard|move: Protect\n|-immune|p1b: Charizard\n|move|p1b: Charizard|Heat Wave|p2a: Kingambit|[spread] \n|-activate|p2a: Kingambit|move: Protect\n|-activate|p2b: Charizard|move: Protect\n|\n|-weather|none\n|upkeep\n|turn|7\n|inactive|EXSA has 30 seconds left.\n|inactive|EXSA has 20 seconds left.\n|inactive|EXSA has 15 seconds left.\n|inactive|EXSA has 10 seconds left.\n|\n|t:|1776295240\n|switch|p1a: Incineroar|Incineroar, L50, M|100/100\n|-ability|p1a: Incineroar|Intimidate|boost\n|-unboost|p2a: Kingambit|atk|1\n|-ability|p2a: Kingambit|Defiant|boost\n|-boost|p2a: Kingambit|atk|2\n|-unboost|p2b: Charizard|atk|1\n|move|p2a: Kingambit|Sucker Punch||[still]\n|-fail|p2a: Kingambit\n|move|p1b: Charizard|Heat Wave|p2b: Charizard|[spread] p2a,p2b\n|-supereffective|p2a: Kingambit|1\n|-resisted|p2b: Charizard|1\n|-damage|p2a: Kingambit|24/100\n|-damage|p2b: Charizard|2/100\n|move|p2b: Charizard|Heat Wave|p1a: Incineroar|[spread] p1a,p1b\n|-resisted|p1a: Incineroar|1\n|-resisted|p1b: Charizard|1\n|-damage|p1a: Incineroar|80/100\n|-damage|p1b: Charizard|10/100\n|\n|upkeep\n|turn|8\n|inactive|EXSA has 30 seconds left.\n|\n|t:|1776295271\n|move|p2b: Charizard|Protect|p2b: Charizard\n|-singleturn|p2b: Charizard|Protect\n|move|p2a: Kingambit|Protect|p2a: Kingambit\n|-singleturn|p2a: Kingambit|Protect\n|move|p1a: Incineroar|Fake Out|p2b: Charizard\n|-activate|p2b: Charizard|move: Protect\n|move|p1b: Charizard|Heat Wave|p2a: Kingambit|[spread] \n|-activate|p2a: Kingambit|move: Protect\n|-activate|p2b: Charizard|move: Protect\n|\n|upkeep\n|turn|9\n|\n|t:|1776295288\n|switch|p1b: Whimsicott|Whimsicott, L50, F|100/100\n|move|p2a: Kingambit|Sucker Punch||[still]\n|-fail|p2a: Kingambit\n|move|p2b: Charizard|Heat Wave|p1a: Incineroar|[spread] p1a,p1b\n|-resisted|p1a: Incineroar|1\n|-supereffective|p1b: Whimsicott|1\n|-damage|p1a: Incineroar|59/100\n|-enditem|p1b: Whimsicott|Focus Sash\n|-damage|p1b: Whimsicott|1/100\n|move|p1a: Incineroar|Flare Blitz|p2a: Kingambit\n|-supereffective|p2a: Kingambit|1\n|-damage|p2a: Kingambit|0 fnt\n|faint|p2a: Kingambit\n|-damage|p1a: Incineroar|50/100|[from] Recoil\n|-enditem|p1a: Incineroar|Sitrus Berry|[eat]\n|-heal|p1a: Incineroar|75/100|[from] item: Sitrus Berry\n|\n|upkeep\n|\n|t:|1776295304\n|switch|p2a: Sneasler|Sneasler, L50, M|88/100\n|turn|10\n|\n|t:|1776295313\n|move|p1b: Whimsicott|Tailwind|p1b: Whimsicott\n|-sidestart|p1: EXSA|move: Tailwind\n|move|p2a: Sneasler|Dire Claw|p1a: Incineroar\n|-damage|p1a: Incineroar|23/100\n|move|p1a: Incineroar|Parting Shot|p2a: Sneasler\n|-unboost|p2a: Sneasler|atk|1\n|-unboost|p2a: Sneasler|spa|1\n|\n|t:|1776295323\n|switch|p1a: Garchomp|Garchomp, L50, F|30/100|[from] Parting Shot\n|-enditem|p2a: Sneasler|White Herb\n|-clearnegativeboost|p2a: Sneasler|[silent]\n|move|p2b: Charizard|Heat Wave|p1a: Garchomp|[spread] p1a,p1b\n|-resisted|p1a: Garchomp|1\n|-supereffective|p1b: Whimsicott|1\n|-damage|p1a: Garchomp|8/100\n|-damage|p1b: Whimsicott|0 fnt\n|faint|p1b: Whimsicott\n|\n|upkeep\n|\n|t:|1776295333\n|switch|p1b: Charizard|Charizard-Mega-Y, L50, F, shiny|10/100\n|-weather|SunnyDay|[from] ability: Drought|[of] p1b: Charizard\n|turn|11\n|\n|t:|1776295343\n|move|p2b: Charizard|Protect|p2b: Charizard\n|-singleturn|p2b: Charizard|Protect\n|move|p2a: Sneasler|Feint|p1b: Charizard\n|-damage|p1b: Charizard|0 fnt\n|faint|p1b: Charizard\n|move|p1a: Garchomp|Earthquake|p2a: Sneasler|[spread] p2a\n|-activate|p2b: Charizard|move: Protect\n|-supereffective|p2a: Sneasler|1\n|-damage|p2a: Sneasler|0 fnt\n|faint|p2a: Sneasler\n|\n|-weather|SunnyDay|[upkeep]\n|upkeep\n|\n|t:|1776295346\n|switch|p1b: Incineroar|Incineroar, L50, M|23/100\n|-ability|p1b: Incineroar|Intimidate|boost\n|-unboost|p2b: Charizard|atk|1\n|turn|12\n|\n|t:|1776295356\n|move|p1b: Incineroar|Fake Out|p2b: Charizard\n|-damage|p2b: Charizard|0 fnt\n|faint|p2b: Charizard\n|\n|win|EXSA\n|raw|EXSA's rating: 1284 &rarr; <strong>1307</strong><br />(+23 for winning)\n|raw|Samteago's rating: 1250 &rarr; <strong>1227</strong><br />(-23 for losing)\n",
  "uploadtime": 1776295359,
  "views": 23,
  "formatid": "gen9championsvgc2026regma",
  "rating": 1227,
  "private": 0,
  "password": null
}