{
  "id": "gen9championsvgc2026regma-2584535478",
  "format": "[Gen 9 Champions] VGC 2026 Reg M-A",
  "players": [
    "45tr4m",
    "fimmm"
  ],
  "log": "|j|\u260645tr4m\n|j|\u2606fimmm\n|t:|1776267222\n|gametype|doubles\n|player|p1|45tr4m|unknown|1185\n|player|p2|fimmm|whitney|1247\n|gen|9\n|tier|[Gen 9 Champions] VGC 2026 Reg M-A\n|rated|\n|rule|Species Clause: Limit one of each Pok\u00e9mon\n|rule|Item Clause: Limit 1 of each item\n|clearpoke\n|poke|p1|Gengar, L50, M|\n|poke|p1|Farigiraf, L50, F|\n|poke|p1|Orthworm, L50, F|\n|poke|p1|Incineroar, L50, M|\n|poke|p1|Hydreigon, L50, F|\n|poke|p1|Garchomp, L50, M|\n|poke|p2|Aurorus, L50, F|\n|poke|p2|Aerodactyl, L50, F|\n|poke|p2|Tyranitar, L50, F|\n|poke|p2|Aegislash, L50, F|\n|poke|p2|Excadrill, L50, M|\n|poke|p2|Rotom-Mow, L50|\n|teampreview|4\n|inactive|Battle timer is ON: inactive players will automatically lose when time's up. (requested by fimmm)\n|inactive|fimmm has 60 seconds left.\n|\n|t:|1776267272\n|teamsize|p1|4\n|teamsize|p2|4\n|start\n|switch|p1a: Pixula|Orthworm, L50, F, shiny|100/100\n|switch|p1b: Hydra|Hydreigon, L50, F|100/100\n|switch|p2a: Rotom|Rotom-Mow, L50|100/100\n|switch|p2b: Aerodactyl|Aerodactyl, L50, F|100/100\n|-ability|p2b: Aerodactyl|Unnerve\n|turn|1\n|\n|t:|1776267291\n|move|p2a: Rotom|Trick|p1b: Hydra\n|-activate|p2a: Rotom|move: Trick|[of] p1b: Hydra\n|-item|p1b: Hydra|Choice Scarf|[from] move: Trick\n|-item|p2a: Rotom|Focus Sash|[from] move: Trick\n|move|p1b: Hydra|Tailwind|p1b: Hydra\n|-sidestart|p1: 45tr4m|move: Tailwind\n|move|p2b: Aerodactyl|Tailwind|p2b: Aerodactyl\n|-sidestart|p2: fimmm|move: Tailwind\n|move|p1a: Pixula|Shed Tail|p1a: Pixula\n|-start|p1a: Pixula|Substitute|[from] move: Shed Tail\n|-damage|p1a: Pixula|50/100\n|\n|t:|1776267301\n|switch|p1a: Chark|Garchomp, L50, M|100/100|[from] Shed Tail\n|\n|upkeep\n|turn|2\n|inactive|fimmm has 30 seconds left.\n|\n|t:|1776267332\n|switch|p1b: Incinegoat|Incineroar, L50, M, shiny|100/100\n|-ability|p1b: Incinegoat|Intimidate|boost\n|-unboost|p2a: Rotom|atk|1\n|-unboost|p2b: Aerodactyl|atk|1\n|switch|p2b: Tyranitar|Tyranitar, L50, F|100/100\n|-weather|Sandstorm|[from] ability: Sand Stream|[of] p2b: Tyranitar\n|move|p1a: Chark|Protect|p1a: Chark\n|-singleturn|p1a: Chark|Protect\n|move|p2a: Rotom|Trick|p1b: Incinegoat\n|-activate|p2a: Rotom|move: Trick|[of] p1b: Incinegoat\n|-item|p1b: Incinegoat|Focus Sash|[from] move: Trick\n|-item|p2a: Rotom|Sitrus Berry|[from] move: Trick\n|\n|-weather|Sandstorm|[upkeep]\n|-damage|p2a: Rotom|95/100|[from] Sandstorm\n|-damage|p1b: Incinegoat|95/100|[from] Sandstorm\n|upkeep\n|turn|3\n|inactive|fimmm has 30 seconds left.\n|\n|t:|1776267358\n|switch|p1b: Hydra|Hydreigon, L50, F|100/100\n|detailschange|p1a: Chark|Garchomp-Mega, L50, M\n|-mega|p1a: Chark|Garchomp|Garchompite\n|move|p2b: Tyranitar|Protect|p2b: Tyranitar\n|-singleturn|p2b: Tyranitar|Protect\n|move|p2a: Rotom|Volt Switch|p1b: Hydra\n|-resisted|p1b: Hydra|1\n|-damage|p1b: Hydra|82/100\n|\n|t:|1776267364\n|switch|p2a: Aerodactyl|Aerodactyl, L50, F|100/100|[from] Volt Switch\n|-ability|p2a: Aerodactyl|Unnerve\n|move|p1a: Chark|Earthquake|p2b: Tyranitar|[spread] \n|-activate|p2b: Tyranitar|move: Protect\n|-immune|p1b: Hydra|[from] ability: Levitate\n|-immune|p2a: Aerodactyl\n|\n|-weather|Sandstorm|[upkeep]\n|-damage|p1b: Hydra|76/100|[from] Sandstorm\n|upkeep\n|turn|4\n|inactive|fimmm has 30 seconds left.\n|\n|t:|1776267393\n|move|p1b: Hydra|Dark Pulse|p2a: Aerodactyl\n|-damage|p2a: Aerodactyl|64/100\n|cant|p2a: Aerodactyl|flinch\n|move|p2b: Tyranitar|Dragon Dance|p2b: Tyranitar\n|-boost|p2b: Tyranitar|atk|1\n|-boost|p2b: Tyranitar|spe|1\n|move|p1a: Chark|Earthquake|p2a: Aerodactyl|[spread] p2b\n|-immune|p1b: Hydra|[from] ability: Levitate\n|-immune|p2a: Aerodactyl\n|-supereffective|p2b: Tyranitar|1\n|-damage|p2b: Tyranitar|0 fnt\n|faint|p2b: Tyranitar\n|\n|-weather|Sandstorm|[upkeep]\n|-damage|p1b: Hydra|70/100|[from] Sandstorm\n|-sideend|p2: fimmm|move: Tailwind\n|-sideend|p1: 45tr4m|move: Tailwind\n|upkeep\n|\n|t:|1776267411\n|switch|p2b: Aurorus|Aurorus, L50, F|100/100\n|turn|5\n|\n|t:|1776267434\n|switch|p1b: Incinegoat|Incineroar, L50, M, shiny|95/100\n|-ability|p1b: Incinegoat|Intimidate|boost\n|-unboost|p2a: Aerodactyl|atk|1\n|-unboost|p2b: Aurorus|atk|1\n|move|p1a: Chark|Protect|p1a: Chark\n|-singleturn|p1a: Chark|Protect\n|move|p2a: Aerodactyl|Tailwind|p2a: Aerodactyl\n|-sidestart|p2: fimmm|move: Tailwind\n|move|p2b: Aurorus|Hyper Voice|p1a: Chark|[spread] p1b\n|-activate|p1a: Chark|move: Protect\n|-resisted|p1b: Incinegoat|1\n|-damage|p1b: Incinegoat|80/100\n|\n|-weather|Sandstorm|[upkeep]\n|-damage|p1b: Incinegoat|74/100|[from] Sandstorm\n|upkeep\n|turn|6\n|\n|t:|1776267457\n|switch|p2a: Rotom|Rotom-Mow, L50|95/100\n|move|p2b: Aurorus|Protect|p2b: Aurorus\n|-singleturn|p2b: Aurorus|Protect\n|move|p1b: Incinegoat|Fake Out|p2b: Aurorus\n|-activate|p2b: Aurorus|move: Protect\n|move|p1a: Chark|Earthquake|p2a: Rotom|[spread] p1b\n|-activate|p2b: Aurorus|move: Protect\n|-immune|p2a: Rotom|[from] ability: Levitate\n|-supereffective|p1b: Incinegoat|1\n|-crit|p1b: Incinegoat\n|-damage|p1b: Incinegoat|0 fnt\n|faint|p1b: Incinegoat\n|\n|-weather|none\n|upkeep\n|\n|t:|1776267472\n|switch|p1b: Pixula|Orthworm, L50, F, shiny|50/100\n|turn|7\n|\n|t:|1776267494\n|move|p1a: Chark|Protect|p1a: Chark\n|-singleturn|p1a: Chark|Protect\n|move|p2a: Rotom|Volt Switch|p1b: Pixula\n|-damage|p1b: Pixula|0 fnt\n|faint|p1b: Pixula\n|\n|t:|1776267496\n|switch|p2a: Aerodactyl|Aerodactyl, L50, F|64/100|[from] Volt Switch\n|-ability|p2a: Aerodactyl|Unnerve\n|move|p2b: Aurorus|Hyper Voice|p1a: Chark\n|-activate|p1a: Chark|move: Protect\n|\n|upkeep\n|\n|t:|1776267506\n|switch|p1b: Hydra|Hydreigon, L50, F|70/100\n|turn|8\n|\n|t:|1776267518\n|move|p2a: Aerodactyl|Rock Slide|p1a: Chark|[spread] p1a,p1b\n|-resisted|p1a: Chark|1\n|-activate|p1a: Chark|move: Substitute|[damage]\n|-damage|p1b: Hydra|38/100\n|cant|p1b: Hydra|flinch\n|move|p2b: Aurorus|Hyper Voice|p1a: Chark|[spread] p1a,p1b\n|-supereffective|p1a: Chark|2\n|-supereffective|p1b: Hydra|1\n|-damage|p1a: Chark|0 fnt\n|-damage|p1b: Hydra|0 fnt\n|faint|p1a: Chark\n|faint|p1b: Hydra\n|\n|win|fimmm\n|raw|45tr4m's rating: 1185 &rarr; <strong>1164</strong><br />(-21 for losing)\n|raw|fimmm's rating: 1247 &rarr; <strong>1268</strong><br />(+21 for winning)\n|l|\u260645tr4m\n|player|p1|\n",
  "uploadtime": 1776267537,
  "views": 44,
  "formatid": "gen9championsvgc2026regma",
  "rating": 1164,
  "private": 0,
  "password": null
}