{
  "id": "gen9championsvgc2026regma-2583066863",
  "format": "[Gen 9 Champions] VGC 2026 Reg M-A",
  "players": [
    "CasualitoGaming",
    "Mikeyd01"
  ],
  "log": "|j|\u2606CasualitoGaming\n|j|\u2606Mikeyd01\n|t:|1776138359\n|gametype|doubles\n|player|p1|CasualitoGaming|harlequin|1076\n|player|p2|Mikeyd01|1|1148\n|gen|9\n|tier|[Gen 9 Champions] VGC 2026 Reg M-A\n|rated|\n|rule|Species Clause: Limit one of each Pok\u00e9mon\n|rule|Item Clause: Limit 1 of each item\n|clearpoke\n|poke|p1|Froslass, L50, F|\n|poke|p1|Sharpedo, L50, F|\n|poke|p1|Raichu, L50, F|\n|poke|p1|Sneasler, L50, M|\n|poke|p1|Delphox, L50, F|\n|poke|p1|Whimsicott, L50, F|\n|poke|p2|Meganium, L50, F|\n|poke|p2|Archaludon, L50, F|\n|poke|p2|Pelipper, L50, M|\n|poke|p2|Talonflame, L50, M|\n|poke|p2|Excadrill, L50, M|\n|poke|p2|Incineroar, L50, M|\n|teampreview|4\n|\n|t:|1776138406\n|teamsize|p1|4\n|teamsize|p2|4\n|start\n|switch|p1a: Froslass|Froslass, L50, F|100/100\n|switch|p1b: Raichu|Raichu, L50, F|100/100\n|switch|p2a: Meganium|Meganium, L50, F|100/100\n|switch|p2b: Incineroar|Incineroar, L50, M|100/100\n|-ability|p2b: Incineroar|Intimidate|boost\n|-unboost|p1a: Froslass|atk|1\n|-unboost|p1b: Raichu|atk|1\n|turn|1\n|\n|t:|1776138428\n|detailschange|p1a: Froslass|Froslass-Mega, L50, F\n|-mega|p1a: Froslass|Froslass|Froslassite\n|-weather|Snowscape|[from] ability: Snow Warning|[of] p1a: Froslass\n|detailschange|p2a: Meganium|Meganium-Mega, L50, F\n|-mega|p2a: Meganium|Meganium|Meganiumite\n|move|p1b: Raichu|Fake Out|p2b: Incineroar\n|-damage|p2b: Incineroar|95/100\n|move|p1a: Froslass|Blizzard|p2a: Meganium|[spread] p2a,p2b\n|-supereffective|p2a: Meganium|1\n|-resisted|p2b: Incineroar|1\n|-damage|p2a: Meganium|23/100\n|-damage|p2b: Incineroar|74/100\n|-status|p2b: Incineroar|frz\n|move|p2a: Meganium|Earth Power|p1b: Raichu\n|-supereffective|p1b: Raichu|1\n|-damage|p1b: Raichu|0 fnt\n|faint|p1b: Raichu\n|cant|p2b: Incineroar|frz\n|\n|-weather|Snowscape|[upkeep]\n|upkeep\n|inactive|Battle timer is ON: inactive players will automatically lose when time's up. (requested by Mikeyd01)\n|\n|t:|1776138449\n|switch|p1b: Sharpedo|Sharpedo, L50, F|100/100\n|turn|2\n|inactive|CasualitoGaming has 30 seconds left.\n|\n|t:|1776138475\n|switch|p1b: Sneasler|Sneasler, L50, M|100/100\n|switch|p2b: Pelipper|Pelipper, L50, M|100/100\n|-weather|RainDance|[from] ability: Drizzle|[of] p2b: Pelipper\n|move|p1a: Froslass|Shadow Ball|p2a: Meganium\n|-damage|p2a: Meganium|0 fnt\n|faint|p2a: Meganium\n|\n|-weather|RainDance|[upkeep]\n|upkeep\n|\n|t:|1776138490\n|switch|p2a: Incineroar|Incineroar, L50, M|74/100 frz\n|-ability|p2a: Incineroar|Intimidate|boost\n|-unboost|p1a: Froslass|atk|1\n|-unboost|p1b: Sneasler|atk|1\n|-enditem|p1b: Sneasler|White Herb\n|-clearnegativeboost|p1b: Sneasler|[silent]\n|turn|3\n|inactive|CasualitoGaming has 30 seconds left.\n|\n|t:|1776138518\n|cant|p2a: Incineroar|frz\n|move|p1b: Sneasler|Close Combat|p2b: Pelipper\n|-resisted|p2b: Pelipper|1\n|-crit|p2b: Pelipper\n|-damage|p2b: Pelipper|56/100\n|-unboost|p1b: Sneasler|def|1\n|-unboost|p1b: Sneasler|spd|1\n|move|p1a: Froslass|Shadow Ball|p2b: Pelipper\n|-damage|p2b: Pelipper|0 fnt\n|faint|p2b: Pelipper\n|\n|-weather|RainDance|[upkeep]\n|upkeep\n|\n|t:|1776138532\n|switch|p2b: Talonflame|Talonflame, L50, M|100/100\n|turn|4\n|\n|t:|1776138555\n|switch|p1a: Sharpedo|Sharpedo, L50, F|100/100\n|move|p1b: Sneasler|Protect|p1b: Sneasler\n|-singleturn|p1b: Sneasler|Protect\n|move|p2b: Talonflame|Protect|p2b: Talonflame\n|-singleturn|p2b: Talonflame|Protect\n|-curestatus|p2a: Incineroar|frz|[msg]\n|move|p2a: Incineroar|Darkest Lariat|p1a: Sharpedo\n|-resisted|p1a: Sharpedo|1\n|-damage|p1a: Sharpedo|47/100\n|\n|-weather|RainDance|[upkeep]\n|upkeep\n|turn|5\n|\n|t:|1776138580\n|switch|p1b: Froslass|Froslass-Mega, L50, F|100/100\n|-weather|Snowscape|[from] ability: Snow Warning|[of] p1b: Froslass\n|move|p1a: Sharpedo|Protect|p1a: Sharpedo\n|-singleturn|p1a: Sharpedo|Protect\n|move|p2b: Talonflame|Brave Bird|p1a: Sharpedo\n|-activate|p1a: Sharpedo|move: Protect\n|move|p2a: Incineroar|Parting Shot|p1b: Froslass\n|-unboost|p1b: Froslass|atk|1\n|-unboost|p1b: Froslass|spa|1\n|\n|-weather|Snowscape|[upkeep]\n|-ability|p1a: Sharpedo|Speed Boost|boost\n|-boost|p1a: Sharpedo|spe|1\n|upkeep\n|turn|6\n|inactive|CasualitoGaming has 30 seconds left.\n|\n|t:|1776138611\n|move|p2b: Talonflame|Brave Bird|p1a: Sharpedo\n|-damage|p1a: Sharpedo|0 fnt\n|faint|p1a: Sharpedo\n|-damage|p2b: Talonflame|86/100|[from] Recoil\n|move|p1b: Froslass|Aurora Veil|p1b: Froslass\n|-sidestart|p1: CasualitoGaming|move: Aurora Veil\n|move|p2a: Incineroar|Darkest Lariat|p1b: Froslass\n|-supereffective|p1b: Froslass|1\n|-damage|p1b: Froslass|35/100\n|\n|-weather|Snowscape|[upkeep]\n|upkeep\n|\n|t:|1776138620\n|switch|p1a: Sneasler|Sneasler, L50, M|100/100\n|turn|7\n|\n|t:|1776138638\n|move|p1a: Sneasler|Close Combat|p2a: Incineroar\n|-supereffective|p2a: Incineroar|1\n|-damage|p2a: Incineroar|0 fnt\n|-unboost|p1a: Sneasler|def|1\n|-unboost|p1a: Sneasler|spd|1\n|faint|p2a: Incineroar\n|move|p1b: Froslass|Blizzard|p2b: Talonflame\n|-damage|p2b: Talonflame|18/100\n|move|p2b: Talonflame|Brave Bird|p1a: Sneasler\n|-supereffective|p1a: Sneasler|1\n|-damage|p1a: Sneasler|0 fnt\n|faint|p1a: Sneasler\n|-damage|p2b: Talonflame|0 fnt|[from] Recoil\n|faint|p2b: Talonflame\n|\n|win|CasualitoGaming\n|raw|CasualitoGaming's rating: 1076 &rarr; <strong>1110</strong><br />(+34 for winning)\n|raw|Mikeyd01's rating: 1148 &rarr; <strong>1118</strong><br />(-30 for losing)\n|c|\u2606CasualitoGaming|gg\n|l|\u2606Mikeyd01\n|player|p2|\n",
  "uploadtime": 1776138653,
  "views": 14,
  "formatid": "gen9championsvgc2026regma",
  "rating": 1110,
  "private": 0,
  "password": null
}