{
  "id": "gen9championsvgc2026regma-2588003757",
  "format": "[Gen 9 Champions] VGC 2026 Reg M-A",
  "players": [
    "Dis_Plot",
    "1#miraidonhater"
  ],
  "log": "|j|\u2606Dis_Plot\n|j|\u26061#miraidonhater\n|t:|1776591556\n|gametype|doubles\n|player|p1|Dis_Plot|pokemaniac|1482\n|player|p2|1#miraidonhater|volkner|1424\n|gen|9\n|tier|[Gen 9 Champions] VGC 2026 Reg M-A\n|rated|\n|rule|Species Clause: Limit one of each Pok\u00e9mon\n|rule|Item Clause: Limit 1 of each item\n|clearpoke\n|poke|p1|Delphox, L50, F|\n|poke|p1|Sneasler, L50, M|\n|poke|p1|Clefable, L50, M|\n|poke|p1|Basculegion, L50, M|\n|poke|p1|Dragonite, L50, M|\n|poke|p1|Kingambit, L50, F|\n|poke|p2|Gardevoir, L50, M|\n|poke|p2|Basculegion, L50, M|\n|poke|p2|Tsareena, L50, F|\n|poke|p2|Incineroar, L50, F|\n|poke|p2|Pelipper, L50, F|\n|poke|p2|Archaludon, L50, M|\n|teampreview|4\n|inactive|Battle timer is ON: inactive players will automatically lose when time's up. (requested by Dis_Plot)\n|inactive|1#miraidonhater has 60 seconds left.\n|inactive|1#miraidonhater has 30 seconds left.\n|inactive|1#miraidonhater has 20 seconds left.\n|inactive|1#miraidonhater has 15 seconds left.\n|\n|t:|1776591635\n|teamsize|p1|4\n|teamsize|p2|4\n|start\n|switch|p1a: Sneasler|Sneasler, L50, M|100/100\n|switch|p1b: Basculegion|Basculegion, L50, M|100/100\n|switch|p2a: Killer Queen|Tsareena, L50, F|100/100\n|switch|p2b: Teaser|Incineroar, L50, F|100/100\n|-ability|p2b: Teaser|Intimidate|boost\n|-unboost|p1a: Sneasler|atk|1\n|-unboost|p1b: Basculegion|atk|1\n|-enditem|p1a: Sneasler|White Herb\n|-clearnegativeboost|p1a: Sneasler|[silent]\n|turn|1\n|inactive|1#miraidonhater has 30 seconds left.\n|inactive|Dis_Plot has 30 seconds left.\n|\n|t:|1776591670\n|move|p1a: Sneasler|Protect|p1a: Sneasler\n|-singleturn|p1a: Sneasler|Protect\n|move|p2b: Teaser|Fake Out|p1a: Sneasler\n|-activate|p1a: Sneasler|move: Protect\n|move|p1b: Basculegion|Flip Turn|p2b: Teaser\n|-supereffective|p2b: Teaser|1\n|-damage|p2b: Teaser|57/100\n|\n|t:|1776591680\n|switch|p1b: Kingambit|Kingambit, L50, F|100/100|[from] Flip Turn\n|move|p2a: Killer Queen|Trop Kick|p1b: Kingambit\n|-resisted|p1b: Kingambit|1\n|-damage|p1b: Kingambit|87/100\n|-unboost|p1b: Kingambit|atk|1\n|-ability|p1b: Kingambit|Defiant|boost\n|-boost|p1b: Kingambit|atk|2\n|\n|upkeep\n|turn|2\n|\n|t:|1776591694\n|switch|p2b: Dop Dururum|Basculegion, L50, M|100/100\n|move|p1a: Sneasler|Close Combat|p2b: Dop Dururum\n|-immune|p2b: Dop Dururum\n|move|p2a: Killer Queen|Low Kick|p1b: Kingambit\n|-supereffective|p1b: Kingambit|2\n|-damage|p1b: Kingambit|2/100\n|move|p1b: Kingambit|Kowtow Cleave|p2a: Killer Queen\n|-damage|p2a: Killer Queen|13/100\n|-enditem|p2a: Killer Queen|Sitrus Berry|[eat]\n|-heal|p2a: Killer Queen|37/100|[from] item: Sitrus Berry\n|\n|upkeep\n|turn|3\n|inactive|1#miraidonhater has 30 seconds left.\n|inactive|Dis_Plot has 30 seconds left.\n|inactive|Dis_Plot has 20 seconds left.\n|\n|t:|1776591736\n|switch|p2a: Teaser|Incineroar, L50, F|57/100\n|-ability|p2a: Teaser|Intimidate|boost\n|-unboost|p1a: Sneasler|atk|1\n|-unboost|p1b: Kingambit|atk|1\n|-ability|p1b: Kingambit|Defiant|boost\n|-boost|p1b: Kingambit|atk|2\n|move|p2b: Dop Dururum|Aqua Jet|p1b: Kingambit\n|-damage|p1b: Kingambit|0 fnt\n|faint|p1b: Kingambit\n|move|p1a: Sneasler|Close Combat|p2a: Teaser\n|-supereffective|p2a: Teaser|1\n|-crit|p2a: Teaser\n|-damage|p2a: Teaser|0 fnt\n|-unboost|p1a: Sneasler|def|1\n|-unboost|p1a: Sneasler|spd|1\n|faint|p2a: Teaser\n|\n|upkeep\n|\n|t:|1776591750\n|switch|p2a: Bishow|Gardevoir, L50, M|100/100\n|switch|p1b: Basculegion|Basculegion, L50, M|100/100\n|-ability|p2a: Bishow|Adaptability|Trace|[from] ability: Trace|[of] p1b: Basculegion\n|turn|4\n|\n|t:|1776591767\n|switch|p2b: Killer Queen|Tsareena, L50, F|37/100\n|move|p2a: Bishow|Protect|p2a: Bishow\n|-singleturn|p2a: Bishow|Protect\n|move|p1a: Sneasler|Dire Claw|p2a: Bishow\n|-activate|p2a: Bishow|move: Protect\n|move|p1b: Basculegion|Last Respects|p2b: Killer Queen\n|-damage|p2b: Killer Queen|0 fnt\n|faint|p2b: Killer Queen\n|\n|upkeep\n|\n|t:|1776591776\n|switch|p2b: Dop Dururum|Basculegion, L50, M|100/100\n|turn|5\n|\n|t:|1776591784\n|detailschange|p2a: Bishow|Gardevoir-Mega, L50, M\n|-mega|p2a: Bishow|Gardevoir|Gardevoirite\n|move|p1a: Sneasler|Dire Claw|p2a: Bishow\n|-supereffective|p2a: Bishow|1\n|-damage|p2a: Bishow|11/100\n|move|p2b: Dop Dururum|Last Respects|p1b: Basculegion\n|-supereffective|p1b: Basculegion|1\n|-damage|p1b: Basculegion|0 fnt\n|faint|p1b: Basculegion\n|move|p2a: Bishow|Psychic|p1a: Sneasler\n|-supereffective|p1a: Sneasler|2\n|-damage|p1a: Sneasler|0 fnt\n|faint|p1a: Sneasler\n|\n|upkeep\n|-message|Dis_Plot forfeited.\n|\n|win|1#miraidonhater\n",
  "uploadtime": 1776591558,
  "views": 8,
  "formatid": "gen9championsvgc2026regma",
  "rating": null,
  "private": 0,
  "password": null
}