{
  "id": "gen9championsvgc2026regma-2586088038",
  "format": "[Gen 9 Champions] VGC 2026 Reg M-A",
  "players": [
    "cunnybapist",
    "henitusec"
  ],
  "log": "|j|\u2606cunnybapist\n|j|\u2606henitusec\n|t:|1776397661\n|gametype|doubles\n|player|p1|cunnybapist|caitlin|1194\n|player|p2|henitusec|volo|1134\n|gen|9\n|tier|[Gen 9 Champions] VGC 2026 Reg M-A\n|rated|\n|rule|Species Clause: Limit one of each Pok\u00e9mon\n|rule|Item Clause: Limit 1 of each item\n|clearpoke\n|poke|p1|Maushold-Four, L50|\n|poke|p1|Pelipper, L50, M|\n|poke|p1|Basculegion, L50, M|\n|poke|p1|Sinistcha, L50|\n|poke|p1|Floette-Eternal, L50, F|\n|poke|p1|Archaludon, L50, F|\n|poke|p2|Gardevoir, L50, F|\n|poke|p2|Aegislash, L50, F|\n|poke|p2|Incineroar, L50, M|\n|poke|p2|Vivillon-Polar, L50, F|\n|poke|p2|Whimsicott, L50, F|\n|poke|p2|Tauros-Paldea-Aqua, L50, M|\n|teampreview|4\n|inactive|Battle timer is ON: inactive players will automatically lose when time's up. (requested by henitusec)\n|inactive|henitusec has 60 seconds left.\n|inactive|cunnybapist has 60 seconds left.\n|\n|t:|1776397702\n|teamsize|p1|4\n|teamsize|p2|4\n|start\n|switch|p1a: Pelipper|Pelipper, L50, M|100/100\n|switch|p1b: Archaludon|Archaludon, L50, F|100/100\n|switch|p2a: Vivillon|Vivillon-Polar, L50, F|100/100\n|switch|p2b: Gardevoir|Gardevoir, L50, F, shiny|100/100\n|-weather|RainDance|[from] ability: Drizzle|[of] p1a: Pelipper\n|-ability|p2b: Gardevoir|Drizzle|Trace|[from] ability: Trace|[of] p1a: Pelipper\n|turn|1\n|\n|t:|1776397716\n|detailschange|p2b: Gardevoir|Gardevoir-Mega, L50, F, shiny\n|-mega|p2b: Gardevoir|Gardevoir|Gardevoirite\n|move|p2a: Vivillon|Sleep Powder|p1b: Archaludon\n|-status|p1b: Archaludon|slp|[from] move: Sleep Powder\n|move|p2b: Gardevoir|Hyper Voice|p1a: Pelipper|[spread] p1a,p1b\n|-damage|p1a: Pelipper|18/100\n|-damage|p1b: Archaludon|40/100 slp\n|-ability|p1b: Archaludon|Stamina|boost\n|-boost|p1b: Archaludon|def|1\n|move|p1a: Pelipper|Weather Ball|p2b: Gardevoir\n|-damage|p2b: Gardevoir|47/100\n|cant|p1b: Archaludon|slp\n|\n|-weather|RainDance|[upkeep]\n|upkeep\n|turn|2\n|inactive|henitusec has 30 seconds left.\n|inactive|henitusec has 20 seconds left.\n|\n|t:|1776397753\n|cant|p1b: Archaludon|slp\n|move|p2a: Vivillon|Hurricane|p1b: Archaludon\n|-resisted|p1b: Archaludon|1\n|-damage|p1b: Archaludon|11/100 slp\n|-ability|p1b: Archaludon|Stamina|boost\n|-boost|p1b: Archaludon|def|1\n|move|p2b: Gardevoir|Hyper Voice|p1b: Archaludon|[spread] p1a,p1b\n|-damage|p1a: Pelipper|0 fnt\n|-damage|p1b: Archaludon|0 fnt\n|faint|p1a: Pelipper\n|faint|p1b: Archaludon\n|\n|-weather|RainDance|[upkeep]\n|upkeep\n|\n|t:|1776397761\n|switch|p1a: Sinistcha|Sinistcha, L50|100/100\n|switch|p1b: Floette|Floette-Eternal, L50, F|100/100\n|turn|3\n|\n|t:|1776397777\n|detailschange|p1b: Floette|Floette-Mega, L50, F\n|-mega|p1b: Floette|Floette|Floettite\n|-ability|p1b: Floette|Fairy Aura\n|move|p2a: Vivillon|Rage Powder|p2a: Vivillon\n|-singleturn|p2a: Vivillon|move: Rage Powder\n|move|p2b: Gardevoir|Hyper Voice|p1a: Sinistcha|[spread] p1a,p1b\n|-damage|p1a: Sinistcha|40/100\n|-damage|p1b: Floette|55/100\n|-enditem|p1a: Sinistcha|Sitrus Berry|[eat]\n|-heal|p1a: Sinistcha|65/100|[from] item: Sitrus Berry\n|move|p1b: Floette|Calm Mind|p1b: Floette\n|-boost|p1b: Floette|spa|1\n|-boost|p1b: Floette|spd|1\n|move|p1a: Sinistcha|Trick Room|p1a: Sinistcha\n|-fieldstart|move: Trick Room|[of] p1a: Sinistcha\n|\n|-weather|RainDance|[upkeep]\n|upkeep\n|turn|4\n|\n|t:|1776397794\n|move|p2a: Vivillon|Rage Powder|p2a: Vivillon\n|-singleturn|p2a: Vivillon|move: Rage Powder\n|move|p1a: Sinistcha|Life Dew|p1a: Sinistcha|[spread] p1a,p1b\n|-heal|p1a: Sinistcha|90/100\n|-heal|p1b: Floette|80/100\n|move|p1b: Floette|Moonblast|p2a: Vivillon\n|-enditem|p2a: Vivillon|Focus Sash\n|-damage|p2a: Vivillon|1/100\n|move|p2b: Gardevoir|Destiny Bond|p2b: Gardevoir\n|-singlemove|p2b: Gardevoir|Destiny Bond\n|\n|-weather|RainDance|[upkeep]\n|upkeep\n|turn|5\n|inactive|cunnybapist has 30 seconds left.\n|\n|t:|1776397826\n|move|p1a: Sinistcha|Life Dew|p1a: Sinistcha|[spread] p1a,p1b\n|-heal|p1a: Sinistcha|100/100\n|-heal|p1b: Floette|100/100\n|move|p1b: Floette|Moonblast|p2a: Vivillon\n|-damage|p2a: Vivillon|0 fnt\n|faint|p2a: Vivillon\n|move|p2b: Gardevoir|Hyper Voice|p1a: Sinistcha|[spread] p1a,p1b\n|-damage|p1a: Sinistcha|38/100\n|-damage|p1b: Floette|72/100\n|\n|-weather|none\n|upkeep\n|\n|t:|1776397838\n|switch|p2a: Aegislash|Aegislash, L50, F|100/100\n|turn|6\n|\n|t:|1776397853\n|move|p1a: Sinistcha|Life Dew|p1a: Sinistcha|[spread] p1a,p1b\n|-heal|p1a: Sinistcha|63/100\n|-heal|p1b: Floette|97/100\n|-formechange|p2a: Aegislash|Aegislash-Blade|\n|move|p2a: Aegislash|Poltergeist||[still]\n|-fail|p2a: Aegislash\n|move|p1b: Floette|Light of Ruin|p2a: Aegislash\n|-resisted|p2a: Aegislash|1\n|-damage|p2a: Aegislash|0 fnt\n|faint|p2a: Aegislash\n|-damage|p1b: Floette|51/100|[from] Recoil\n|move|p2b: Gardevoir|Hyper Voice|p1a: Sinistcha|[spread] p1a,p1b\n|-damage|p1a: Sinistcha|0 fnt\n|-damage|p1b: Floette|19/100\n|faint|p1a: Sinistcha\n|\n|upkeep\n|\n|t:|1776397863\n|switch|p2a: Whimsicott|Whimsicott, L50, F|100/100\n|turn|7\n|inactive|henitusec has 30 seconds left.\n|\n|t:|1776397893\n|move|p2a: Whimsicott|Light Screen|p2a: Whimsicott\n|-sidestart|p2: henitusec|move: Light Screen\n|move|p1b: Floette|Draining Kiss|p2b: Gardevoir\n|-damage|p2b: Gardevoir|18/100\n|-heal|p1b: Floette|41/100|[from] drain|[of] p2b: Gardevoir\n|move|p2b: Gardevoir|Hyper Voice|p1b: Floette\n|-damage|p1b: Floette|4/100\n|\n|-fieldend|move: Trick Room\n|upkeep\n|turn|8\n|-message|cunnybapist forfeited.\n|\n|win|henitusec\n|raw|cunnybapist's rating: 1194 &rarr; <strong>1165</strong><br />(-29 for losing)\n|raw|henitusec's rating: 1134 &rarr; <strong>1163</strong><br />(+29 for winning)\n|l|\u2606cunnybapist\n|player|p1|\n",
  "uploadtime": 1776397909,
  "views": 18,
  "formatid": "gen9championsvgc2026regma",
  "rating": 1163,
  "private": 0,
  "password": null
}