{
  "id": "gen9championsvgc2026regma-2581201562",
  "format": "[Gen 9 Champions] VGC 2026 Reg M-A",
  "players": [
    "platanopower420",
    "Panjiro_6"
  ],
  "log": "|j|\u2606platanopower420\n|j|\u2606Panjiro_6\n|t:|1775970154\n|gametype|doubles\n|player|p1|platanopower420|psychic-gen4|1144\n|player|p2|Panjiro_6|lusamine-nihilego|1148\n|gen|9\n|tier|[Gen 9 Champions] VGC 2026 Reg M-A\n|rated|\n|rule|Species Clause: Limit one of each Pok\u00e9mon\n|rule|Item Clause: Limit 1 of each item\n|clearpoke\n|poke|p1|Delphox, L50, M|\n|poke|p1|Garchomp, L50, F|\n|poke|p1|Floette-Eternal, L50, F|\n|poke|p1|Whimsicott, L50, M|\n|poke|p1|Sneasler, L50, M|\n|poke|p1|Arcanine-Hisui, L50, F|\n|poke|p2|Basculegion, L50, M|\n|poke|p2|Scizor, L50, F|\n|poke|p2|Sinistcha, L50|\n|poke|p2|Drampa, L50, M|\n|poke|p2|Sneasler, L50, M|\n|poke|p2|Pelipper, L50, F|\n|teampreview|4\n|inactive|Battle timer is ON: inactive players will automatically lose when time's up. (requested by Panjiro_6)\n|inactive|platanopower420 also wants the timer to be on.\nPanjiro_6 has agreed to open team sheets.\nplatanopower420 has agreed to open team sheets.\n|showteam|p1|Delphox||Delphoxite|Blaze|HeatWave,Protect,CalmMind,Psychic|||M|||50|]Garchomp||ChoiceScarf|RoughSkin|PoisonJab,Earthquake,DragonClaw,RockSlide|||F|||50|]Floette-Eternal||Floettite|FlowerVeil|Protect,DrainingKiss,DazzlingGleam,CalmMind|||F|||50|]Whimsicott||FocusSash|Prankster|Tailwind,Encore,SunnyDay,Moonblast|||M|||50|]Sneasler||WhiteHerb|Unburden|FakeOut,DireClaw,CloseCombat,Protect|||M|||50|]Arcanine-Hisui||Leftovers|Intimidate|ExtremeSpeed,RockSlide,FlareBlitz,Protect|||F|||50|\n|showteam|p2|Basculegion||ChoiceScarf|Adaptability|WaveCrash,LastRespects,FlipTurn,AquaJet|||M|||50|]Scizor||Scizorite|Technician|SwordsDance,BulletPunch,DualWingbeat,Protect|||F|||50|]Sinistcha||SitrusBerry|Hospitality|RagePowder,TrickRoom,MatchaGotcha,LifeDew||||||50|]Drampa||Drampanite|CloudNine|HyperVoice,CalmMind,EarthPower,Protect|||M|||50|]Sneasler||WhiteHerb|Unburden|CloseCombat,DireClaw,FakeOut,RockTomb|||M|||50|]Pelipper||FocusSash|Drizzle|WideGuard,WeatherBall,Hurricane,Protect|||F|||50|\n|inactive|Panjiro_6 has 60 seconds left.\n|\n|t:|1775970193\n|teamsize|p1|4\n|teamsize|p2|4\n|start\n|switch|p1a: Delphox|Delphox, L50, M|100/100\n|switch|p1b: Arcanine|Arcanine-Hisui, L50, F|100/100\n|switch|p2a: Sneasler|Sneasler, L50, M, shiny|100/100\n|switch|p2b: Basculegion|Basculegion, L50, M, shiny|100/100\n|-ability|p1b: Arcanine|Intimidate|boost\n|-unboost|p2a: Sneasler|atk|1\n|-unboost|p2b: Basculegion|atk|1\n|-enditem|p2a: Sneasler|White Herb\n|-clearnegativeboost|p2a: Sneasler|[silent]\n|turn|1\n|inactive|Panjiro_6 has 30 seconds left.\n|\n|t:|1775970220\n|switch|p1b: Whimsicott|Whimsicott, L50, M|100/100\n|detailschange|p1a: Delphox|Delphox-Mega, L50, M\n|-mega|p1a: Delphox|Delphox|Delphoxite\n|move|p1a: Delphox|Protect|p1a: Delphox\n|-singleturn|p1a: Delphox|Protect\n|move|p2a: Sneasler|Fake Out|p1b: Whimsicott\n|-damage|p1b: Whimsicott|87/100\n|move|p2b: Basculegion|Wave Crash|p1a: Delphox\n|-activate|p1a: Delphox|move: Protect\n|\n|upkeep\n|turn|2\n|\n|t:|1775970237\n|switch|p2a: Sinistcha|Sinistcha, L50|100/100\n|switch|p1a: Garchomp|Garchomp, L50, F|100/100\n|move|p1b: Whimsicott|Tailwind|p1b: Whimsicott\n|-sidestart|p1: platanopower420|move: Tailwind\n|move|p2b: Basculegion|Wave Crash|p1a: Garchomp\n|-damage|p1a: Garchomp|45/100\n|-damage|p2b: Basculegion|88/100|[from] ability: Rough Skin|[of] p1a: Garchomp\n|-damage|p2b: Basculegion|71/100|[from] Recoil\n|\n|upkeep\n|turn|3\n|\n|t:|1775970249\n|move|p2a: Sinistcha|Rage Powder|p2a: Sinistcha\n|-singleturn|p2a: Sinistcha|move: Rage Powder\n|move|p1b: Whimsicott|Sunny Day|p1b: Whimsicott\n|-weather|SunnyDay\n|move|p1a: Garchomp|Dragon Claw|p2a: Sinistcha\n|-damage|p2a: Sinistcha|66/100\n|move|p2b: Basculegion|Wave Crash|p1a: Garchomp\n|-damage|p1a: Garchomp|22/100\n|-damage|p2b: Basculegion|58/100|[from] ability: Rough Skin|[of] p1a: Garchomp\n|-damage|p2b: Basculegion|51/100|[from] Recoil\n|\n|-weather|SunnyDay|[upkeep]\n|upkeep\n|turn|4\n|\n|t:|1775970265\n|move|p2a: Sinistcha|Rage Powder|p2a: Sinistcha\n|-singleturn|p2a: Sinistcha|move: Rage Powder\n|move|p1a: Garchomp|Dragon Claw|p2a: Sinistcha\n|-damage|p2a: Sinistcha|29/100\n|-enditem|p2a: Sinistcha|Sitrus Berry|[eat]\n|-heal|p2a: Sinistcha|53/100|[from] item: Sitrus Berry\n|move|p1b: Whimsicott|Moonblast|p2a: Sinistcha\n|-damage|p2a: Sinistcha|26/100\n|move|p2b: Basculegion|Wave Crash|p1a: Garchomp\n|-damage|p1a: Garchomp|0 fnt\n|-damage|p2b: Basculegion|38/100|[from] ability: Rough Skin|[of] p1a: Garchomp\n|faint|p1a: Garchomp\n|-damage|p2b: Basculegion|32/100|[from] Recoil\n|\n|-weather|SunnyDay|[upkeep]\n|upkeep\n|\n|t:|1775970274\n|switch|p1a: Delphox|Delphox-Mega, L50, M|100/100\n|turn|5\n|\n|t:|1775970296\n|switch|p2a: Drampa|Drampa, L50, M, shiny|100/100\n|-ability|p2a: Drampa|Cloud Nine\n|move|p1a: Delphox|Heat Wave|p2b: Basculegion|[spread] p2a,p2b\n|-resisted|p2a: Drampa|1\n|-resisted|p2b: Basculegion|1\n|-damage|p2a: Drampa|78/100\n|-damage|p2b: Basculegion|5/100\n|move|p1b: Whimsicott|Moonblast|p2a: Drampa\n|-supereffective|p2a: Drampa|1\n|-damage|p2a: Drampa|18/100\n|move|p2b: Basculegion|Wave Crash|p1a: Delphox\n|-supereffective|p1a: Delphox|1\n|-damage|p1a: Delphox|0 fnt\n|faint|p1a: Delphox\n|-damage|p2b: Basculegion|0 fnt|[from] Recoil\n|faint|p2b: Basculegion\n|\n|-weather|SunnyDay|[upkeep]\n|-sideend|p1: platanopower420|move: Tailwind\n|upkeep\n|\n|t:|1775970306\n|switch|p1a: Arcanine|Arcanine-Hisui, L50, F|100/100\n|switch|p2b: Sinistcha|Sinistcha, L50|26/100\n|-ability|p1a: Arcanine|Intimidate|boost\n|-unboost|p2a: Drampa|atk|1\n|-unboost|p2b: Sinistcha|atk|1\n|-heal|p2a: Drampa|42/100|[from] ability: Hospitality|[of] p2b: Sinistcha\n|turn|6\n|\n|t:|1775970313\n|detailschange|p2a: Drampa|Drampa-Mega, L50, M, shiny\n|-mega|p2a: Drampa|Drampa|Drampanite\n|move|p2b: Sinistcha|Rage Powder|p2b: Sinistcha\n|-singleturn|p2b: Sinistcha|move: Rage Powder\n|move|p1b: Whimsicott|Tailwind|p1b: Whimsicott\n|-sidestart|p1: platanopower420|move: Tailwind\n|move|p1a: Arcanine|Rock Slide|p2a: Drampa|[spread] p2a,p2b\n|-damage|p2a: Drampa|22/100\n|-damage|p2b: Sinistcha|0 fnt\n|faint|p2b: Sinistcha\n|move|p2a: Drampa|Earth Power|p1a: Arcanine\n|-supereffective|p1a: Arcanine|2\n|-crit|p1a: Arcanine\n|-damage|p1a: Arcanine|0 fnt\n|faint|p1a: Arcanine\n|\n|-weather|SunnyDay|[upkeep]\n|upkeep\n|\n|t:|1775970315\n|switch|p2b: Sneasler|Sneasler, L50, M, shiny|100/100\n|turn|7\n|\n|t:|1775970325\n|move|p2b: Sneasler|Fake Out|p1b: Whimsicott\n|-crit|p1b: Whimsicott\n|-damage|p1b: Whimsicott|65/100\n|cant|p1b: Whimsicott|flinch\n|move|p2a: Drampa|Hyper Voice|p1b: Whimsicott\n|-crit|p1b: Whimsicott\n|-damage|p1b: Whimsicott|0 fnt\n|faint|p1b: Whimsicott\n|\n|win|Panjiro_6\n|raw|platanopower420's rating: 1144 &rarr; <strong>1119</strong><br />(-25 for losing)\n|raw|Panjiro_6's rating: 1148 &rarr; <strong>1173</strong><br />(+25 for winning)\n|l|\u2606platanopower420\n|player|p1|\n",
  "uploadtime": 1775970343,
  "views": 19,
  "formatid": "gen9championsvgc2026regma",
  "rating": 1119,
  "private": 0,
  "password": null
}