{
  "id": "gen9championsvgc2026regma-2581843192",
  "format": "[Gen 9 Champions] VGC 2026 Reg M-A",
  "players": [
    "Sevaunn",
    "TomyMedra11"
  ],
  "log": "|j|\u2606Sevaunn\n|j|\u2606TomyMedra11\n|t:|1776032985\n|gametype|doubles\n|player|p1|Sevaunn|hilbert|1134\n|player|p2|TomyMedra11|blue|1127\n|gen|9\n|tier|[Gen 9 Champions] VGC 2026 Reg M-A\n|rated|\n|rule|Species Clause: Limit one of each Pok\u00e9mon\n|rule|Item Clause: Limit 1 of each item\n|clearpoke\n|poke|p1|Excadrill, L50, F|\n|poke|p1|Tyranitar, L50, M|\n|poke|p1|Gyarados, L50, M|\n|poke|p1|Raichu, L50, M|\n|poke|p1|Dragonite, L50, M|\n|poke|p1|Primarina, L50, F|\n|poke|p2|Dragonite, L50, M|\n|poke|p2|Pelipper, L50, M|\n|poke|p2|Basculegion, L50, M|\n|poke|p2|Archaludon, L50, M|\n|poke|p2|Sneasler, L50, M|\n|poke|p2|Beartic, L50, M|\n|teampreview|4\n|\n|t:|1776033018\n|teamsize|p1|4\n|teamsize|p2|4\n|start\n|switch|p1a: HONKAHONKA|Primarina, L50, F|100/100\n|switch|p1b: D.DAWG|Dragonite, L50, M|100/100\n|switch|p2a: Cartero|Pelipper, L50, M|100/100\n|switch|p2b: Shinyler|Sneasler, L50, M, shiny|100/100\n|-weather|RainDance|[from] ability: Drizzle|[of] p2a: Cartero\n|turn|1\n|\n|t:|1776033040\n|move|p2b: Shinyler|Protect|p2b: Shinyler\n|-singleturn|p2b: Shinyler|Protect\n|move|p1b: D.DAWG|Dragon Claw|p2a: Cartero\n|-damage|p2a: Cartero|65/100\n|move|p1a: HONKAHONKA|Dazzling Gleam|p2b: Shinyler|[spread] p2a\n|-activate|p2b: Shinyler|move: Protect\n|-damage|p2a: Cartero|20/100\n|move|p2a: Cartero|Tailwind|p2a: Cartero\n|-sidestart|p2: TomyMedra11|move: Tailwind\n|\n|-weather|RainDance|[upkeep]\n|upkeep\n|turn|2\n|\n|t:|1776033057\n|move|p2a: Cartero|Protect|p2a: Cartero\n|-singleturn|p2a: Cartero|Protect\n|move|p1a: HONKAHONKA|Protect|p1a: HONKAHONKA\n|-singleturn|p1a: HONKAHONKA|Protect\n|move|p2b: Shinyler|Dire Claw|p1a: HONKAHONKA\n|-activate|p1a: HONKAHONKA|move: Protect\n|move|p1b: D.DAWG|Tailwind|p1b: D.DAWG\n|-sidestart|p1: Sevaunn|move: Tailwind\n|\n|-weather|RainDance|[upkeep]\n|upkeep\n|turn|3\n|\n|t:|1776033074\n|move|p2b: Shinyler|Dire Claw|p1a: HONKAHONKA\n|-supereffective|p1a: HONKAHONKA|1\n|-enditem|p1a: HONKAHONKA|Kebia Berry|[eat]\n|-enditem|p1a: HONKAHONKA|Kebia Berry|[weaken]\n|-damage|p1a: HONKAHONKA|39/100\n|move|p1b: D.DAWG|Dragon Dance|p1b: D.DAWG\n|-boost|p1b: D.DAWG|atk|1\n|-boost|p1b: D.DAWG|spe|1\n|move|p1a: HONKAHONKA|Dazzling Gleam|p2a: Cartero|[spread] p2a,p2b\n|-damage|p2a: Cartero|0 fnt\n|-damage|p2b: Shinyler|52/100\n|faint|p2a: Cartero\n|\n|-weather|RainDance|[upkeep]\n|upkeep\n|\n|t:|1776033091\n|switch|p2a: Torre Arasaka|Archaludon, L50, M|100/100\n|turn|4\n|\n|t:|1776033119\n|switch|p1a: AY|Raichu, L50, M|100/100\n|move|p1b: D.DAWG|Dragon Claw|p2b: Shinyler\n|-damage|p2b: Shinyler|0 fnt\n|faint|p2b: Shinyler\n|move|p2a: Torre Arasaka|Electro Shot||[still]\n|-activate|p1a: AY|ability: Lightning Rod\n|-prepare|p2a: Torre Arasaka|Electro Shot\n|-boost|p2a: Torre Arasaka|spa|1\n|-anim|p2a: Torre Arasaka|Electro Shot|p1a: AY\n|-ability|p1a: AY|Lightning Rod|boost\n|-boost|p1a: AY|spa|1\n|\n|-weather|RainDance|[upkeep]\n|-sideend|p2: TomyMedra11|move: Tailwind\n|upkeep\n|\n|t:|1776033131\n|switch|p2b: Popi|Dragonite, L50, M|100/100\n|turn|5\n|\n|t:|1776033163\n|detailschange|p2b: Popi|Dragonite-Mega, L50, M\n|-mega|p2b: Popi|Dragonite|Dragoninite\n|move|p2a: Torre Arasaka|Protect|p2a: Torre Arasaka\n|-singleturn|p2a: Torre Arasaka|Protect\n|move|p1a: AY|Fake Out|p2b: Popi\n|-damage|p2b: Popi|97/100\n|move|p1b: D.DAWG|Dragon Claw|p2a: Torre Arasaka\n|-activate|p2a: Torre Arasaka|move: Protect\n|cant|p2b: Popi|flinch\n|\n|-weather|none\n|-sideend|p1: Sevaunn|move: Tailwind\n|upkeep\n|turn|6\n|\n|t:|1776033189\n|move|p1b: D.DAWG|Dragon Claw|p2b: Popi\n|-supereffective|p2b: Popi|1\n|-damage|p2b: Popi|0 fnt\n|faint|p2b: Popi\n|move|p1a: AY|Encore|p2a: Torre Arasaka\n|-start|p2a: Torre Arasaka|Encore\n|move|p2a: Torre Arasaka|Protect|p2a: Torre Arasaka\n|-singleturn|p2a: Torre Arasaka|Protect\n|\n|upkeep\n|turn|7\n|-message|TomyMedra11 forfeited.\n|\n|win|Sevaunn\n|raw|Sevaunn's rating: 1114 &rarr; <strong>1140</strong><br />(+26 for winning)\n|raw|TomyMedra11's rating: 1127 &rarr; <strong>1101</strong><br />(-26 for losing)\n|l|\u2606TomyMedra11\n|player|p2|\n",
  "uploadtime": 1776033200,
  "views": 17,
  "formatid": "gen9championsvgc2026regma",
  "rating": 1101,
  "private": 0,
  "password": null
}