{
  "id": "gen9championsvgc2026regma-2588168060",
  "format": "[Gen 9 Champions] VGC 2026 Reg M-A",
  "players": [
    "slothgameplay",
    "Javich07"
  ],
  "log": "|j|\u2606slothgameplay\n|j|\u2606Javich07\n|t:|1776610957\n|gametype|doubles\n|player|p1|slothgameplay|169|1186\n|player|p2|Javich07|emmet|1188\n|gen|9\n|tier|[Gen 9 Champions] VGC 2026 Reg M-A\n|rated|\n|rule|Species Clause: Limit one of each Pok\u00e9mon\n|rule|Item Clause: Limit 1 of each item\n|clearpoke\n|poke|p1|Gengar, L50, F, shiny|\n|poke|p1|Incineroar, L50, M|\n|poke|p1|Sinistcha-Masterpiece, L50|\n|poke|p1|Garchomp, L50, M|\n|poke|p1|Tyranitar, L50, M|\n|poke|p1|Kommo-o, L50, M|\n|poke|p2|Mimikyu, L50, M|\n|poke|p2|Golurk, L50|\n|poke|p2|Tyranitar, L50, M|\n|poke|p2|Sneasler, L50, F|\n|poke|p2|Milotic, L50, F|\n|poke|p2|Sinistcha, L50|\n|teampreview|4\n|inactive|Battle timer is ON: inactive players will automatically lose when time's up. (requested by Javich07)\n|inactive|Javich07 has 60 seconds left.\n|\n|t:|1776611012\n|teamsize|p1|4\n|teamsize|p2|4\n|start\n|switch|p1a: Incineroar|Incineroar, L50, M|100/100\n|switch|p1b: Sinistcha|Sinistcha-Masterpiece, L50|100/100\n|switch|p2a: Milotic|Milotic, L50, F|100/100\n|switch|p2b: Sneasler|Sneasler, L50, F|100/100\n|-ability|p1a: Incineroar|Intimidate|boost\n|-unboost|p2a: Milotic|atk|1\n|-ability|p2a: Milotic|Competitive|boost\n|-boost|p2a: Milotic|spa|2\n|-unboost|p2b: Sneasler|atk|1\n|-enditem|p2b: Sneasler|White Herb\n|-clearnegativeboost|p2b: Sneasler|[silent]\n|turn|1\n|inactive|slothgameplay has 30 seconds left.\n|inactive|slothgameplay has 20 seconds left.\n|\n|t:|1776611049\n|move|p1a: Incineroar|Protect|p1a: Incineroar\n|-singleturn|p1a: Incineroar|Protect\n|move|p2b: Sneasler|Dire Claw|p1b: Sinistcha\n|-damage|p1b: Sinistcha|59/100\n|move|p2a: Milotic|Icy Wind|p1b: Sinistcha|[spread] p1b\n|-activate|p1a: Incineroar|move: Protect\n|-supereffective|p1b: Sinistcha|1\n|-damage|p1b: Sinistcha|20/100\n|-unboost|p1b: Sinistcha|spe|1\n|-enditem|p1b: Sinistcha|Sitrus Berry|[eat]\n|-heal|p1b: Sinistcha|45/100|[from] item: Sitrus Berry\n|move|p1b: Sinistcha|Trick Room|p1b: Sinistcha\n|-fieldstart|move: Trick Room|[of] p1b: Sinistcha\n|\n|upkeep\n|turn|2\n|\n|t:|1776611073\n|switch|p1b: Tyranitar|Tyranitar, L50, M|100/100\n|-weather|Sandstorm|[from] ability: Sand Stream|[of] p1b: Tyranitar\n|move|p2b: Sneasler|Protect|p2b: Sneasler\n|-singleturn|p2b: Sneasler|Protect\n|move|p1a: Incineroar|Throat Chop|p2b: Sneasler\n|-activate|p2b: Sneasler|move: Protect\n|move|p2a: Milotic|Icy Wind|p1b: Tyranitar|[spread] p1a,p1b\n|-resisted|p1a: Incineroar|1\n|-damage|p1a: Incineroar|93/100\n|-damage|p1b: Tyranitar|89/100\n|-unboost|p1a: Incineroar|spe|1\n|-unboost|p1b: Tyranitar|spe|1\n|\n|-weather|Sandstorm|[upkeep]\n|-damage|p1a: Incineroar|87/100|[from] Sandstorm\n|-damage|p2a: Milotic|95/100|[from] Sandstorm\n|-damage|p2b: Sneasler|95/100|[from] Sandstorm\n|-heal|p2a: Milotic|100/100|[from] item: Leftovers\n|upkeep\n|turn|3\n|inactive|slothgameplay has 30 seconds left.\n|inactive|slothgameplay has 20 seconds left.\n|inactive|slothgameplay has 15 seconds left.\n|\n|t:|1776611116\n|switch|p1a: Sinistcha|Sinistcha-Masterpiece, L50|45/100\n|-heal|p1b: Tyranitar|100/100|[from] ability: Hospitality|[of] p1a: Sinistcha\n|switch|p2b: Mimikyu|Mimikyu, L50, M|100/100\n|detailschange|p1b: Tyranitar|Tyranitar-Mega, L50, M\n|-mega|p1b: Tyranitar|Tyranitar|Tyranitarite\n|move|p1b: Tyranitar|Rock Slide|p2b: Mimikyu|[spread] p2a,p2b\n|-damage|p2a: Milotic|66/100\n|-activate|p2b: Mimikyu|ability: Disguise\n|-damage|p2b: Mimikyu|100/100\n|detailschange|p2b: Mimikyu|Mimikyu-Busted, L50, M\n|-damage|p2b: Mimikyu|88/100|[from] pokemon: Mimikyu-Busted\n|move|p2a: Milotic|Scald|p1a: Sinistcha\n|-resisted|p1a: Sinistcha|1\n|-crit|p1a: Sinistcha\n|-damage|p1a: Sinistcha|4/100\n|\n|-weather|Sandstorm|[upkeep]\n|-damage|p1a: Sinistcha|0 fnt|[from] Sandstorm\n|-damage|p2b: Mimikyu|82/100|[from] Sandstorm\n|-damage|p2a: Milotic|60/100|[from] Sandstorm\n|faint|p1a: Sinistcha\n|-heal|p2a: Milotic|66/100|[from] item: Leftovers\n|upkeep\n|inactive|slothgameplay has 30 seconds left.\n|\n|t:|1776611146\n|switch|p1a: Incineroar|Incineroar, L50, M|87/100\n|-ability|p1a: Incineroar|Intimidate|boost\n|-unboost|p2a: Milotic|atk|1\n|-ability|p2a: Milotic|Competitive|boost\n|-boost|p2a: Milotic|spa|2\n|-unboost|p2b: Mimikyu|atk|1\n|turn|4\n|\n|t:|1776611166\n|move|p2a: Milotic|Protect|p2a: Milotic\n|-singleturn|p2a: Milotic|Protect\n|move|p1a: Incineroar|Fake Out|p2a: Milotic\n|-activate|p2a: Milotic|move: Protect\n|move|p1b: Tyranitar|Knock Off|p2b: Mimikyu\n|-damage|p2b: Mimikyu|0 fnt\n|-enditem|p2b: Mimikyu|Mental Herb|[from] move: Knock Off|[of] p1b: Tyranitar\n|faint|p2b: Mimikyu\n|\n|-weather|Sandstorm|[upkeep]\n|-damage|p1a: Incineroar|81/100|[from] Sandstorm\n|-damage|p2a: Milotic|60/100|[from] Sandstorm\n|-heal|p2a: Milotic|66/100|[from] item: Leftovers\n|upkeep\n|\n|t:|1776611174\n|switch|p2b: Golurk|Golurk, L50|100/100\n|turn|5\n|\n|t:|1776611195\n|detailschange|p2b: Golurk|Golurk-Mega, L50\n|-mega|p2b: Golurk|Golurk|Golurkite\n|move|p1b: Tyranitar|Knock Off|p2b: Golurk\n|-supereffective|p2b: Golurk|1\n|-damage|p2b: Golurk|18/100\n|move|p2b: Golurk|Hammer Arm|p1b: Tyranitar\n|-supereffective|p1b: Tyranitar|2\n|-damage|p1b: Tyranitar|0 fnt\n|-unboost|p2b: Golurk|spe|1\n|faint|p1b: Tyranitar\n|move|p1a: Incineroar|Throat Chop|p2b: Golurk\n|-supereffective|p2b: Golurk|1\n|-damage|p2b: Golurk|0 fnt\n|faint|p2b: Golurk\n|move|p2a: Milotic|Recover|p2a: Milotic\n|-heal|p2a: Milotic|100/100\n|\n|-weather|Sandstorm|[upkeep]\n|-damage|p1a: Incineroar|75/100|[from] Sandstorm\n|-damage|p2a: Milotic|95/100|[from] Sandstorm\n|-heal|p2a: Milotic|100/100|[from] item: Leftovers\n|-fieldend|move: Trick Room\n|upkeep\n|\n|t:|1776611214\n|switch|p1b: Kommo-o|Kommo-o, L50, M|100/100\n|switch|p2b: Sneasler|Sneasler, L50, F|95/100\n|turn|6\n|\n|t:|1776611228\n|move|p2b: Sneasler|Fake Out|p1b: Kommo-o\n|-damage|p1b: Kommo-o|87/100\n|cant|p1b: Kommo-o|flinch\n|move|p2a: Milotic|Scald|p1a: Incineroar\n|-supereffective|p1a: Incineroar|1\n|-damage|p1a: Incineroar|0 fnt\n|faint|p1a: Incineroar\n|\n|-weather|none\n|-heal|p1b: Kommo-o|93/100|[from] item: Leftovers\n|upkeep\n|turn|7\n|\n|t:|1776611243\n|move|p2b: Sneasler|Close Combat|p1b: Kommo-o\n|-damage|p1b: Kommo-o|37/100\n|-unboost|p2b: Sneasler|def|1\n|-unboost|p2b: Sneasler|spd|1\n|move|p1b: Kommo-o|Clanging Scales|p2b: Sneasler|[spread] p2a,p2b\n|-damage|p2a: Milotic|79/100\n|-damage|p2b: Sneasler|24/100\n|-unboost|p1b: Kommo-o|def|1\n|move|p2a: Milotic|Icy Wind|p1b: Kommo-o\n|-supereffective|p1b: Kommo-o|1\n|-damage|p1b: Kommo-o|0 fnt\n|faint|p1b: Kommo-o\n|\n|win|Javich07\n|raw|slothgameplay's rating: 1186 &rarr; <strong>1161</strong><br />(-25 for losing)\n|raw|Javich07's rating: 1188 &rarr; <strong>1213</strong><br />(+25 for winning)\n",
  "uploadtime": 1776611244,
  "views": 7,
  "formatid": "gen9championsvgc2026regma",
  "rating": 1161,
  "private": 0,
  "password": null
}