{
  "id": "gen9championsvgc2026regma-2582782621",
  "format": "[Gen 9 Champions] VGC 2026 Reg M-A",
  "players": [
    "goddeadyt",
    "doogralyks"
  ],
  "log": "|j|\u2606goddeadyt\n|j|\u2606doogralyks\n|t:|1776113765\n|gametype|doubles\n|player|p1|goddeadyt|ingo|1107\n|player|p2|doogralyks|n|1056\n|gen|9\n|tier|[Gen 9 Champions] VGC 2026 Reg M-A\n|rated|\n|rule|Species Clause: Limit one of each Pok\u00e9mon\n|rule|Item Clause: Limit 1 of each item\n|clearpoke\n|poke|p1|Sableye, L50, M|\n|poke|p1|Charizard, L50, F|\n|poke|p1|Garchomp, L50, M|\n|poke|p1|Espathra, L50, F|\n|poke|p1|Gardevoir, L50, F|\n|poke|p1|Milotic, L50, F|\n|poke|p2|Delphox, L50, F|\n|poke|p2|Torkoal, L50, F|\n|poke|p2|Sneasler, L50, F|\n|poke|p2|Incineroar, L50, M|\n|poke|p2|Garchomp, L50, M|\n|poke|p2|Gengar, L50, M|\n|teampreview|4\n|inactive|Battle timer is ON: inactive players will automatically lose when time's up. (requested by doogralyks)\n|inactive|goddeadyt also wants the timer to be on.\n|j| random05\ndoogralyks rejected open team sheets.\n|inactive|goddeadyt has 60 seconds left.\n|\n|t:|1776113803\n|teamsize|p1|4\n|teamsize|p2|4\n|start\n|switch|p1a: Espathra|Espathra, L50, F|100/100\n|switch|p1b: Charizard|Charizard, L50, F|100/100\n|switch|p2a: Sneasler|Sneasler, L50, F|100/100\n|switch|p2b: Incineroar|Incineroar, L50, M|100/100\n|-ability|p2b: Incineroar|Intimidate|boost\n|-unboost|p1a: Espathra|atk|1\n|-unboost|p1b: Charizard|atk|1\n|turn|1\n|\n|t:|1776113819\n|detailschange|p1b: Charizard|Charizard-Mega-Y, L50, F\n|-mega|p1b: Charizard|Charizard|Charizardite Y\n|-weather|SunnyDay|[from] ability: Drought|[of] p1b: Charizard\n|move|p1a: Espathra|Protect|p1a: Espathra\n|-singleturn|p1a: Espathra|Protect\n|move|p2a: Sneasler|Fake Out|p1a: Espathra\n|-activate|p1a: Espathra|move: Protect\n|move|p2b: Incineroar|Fake Out|p1b: Charizard\n|-damage|p1b: Charizard|88/100\n|cant|p1b: Charizard|flinch\n|\n|-weather|SunnyDay|[upkeep]\n|-ability|p1a: Espathra|Speed Boost|boost\n|-boost|p1a: Espathra|spe|1\n|upkeep\n|turn|2\n|\n|t:|1776113836\n|move|p1a: Espathra|Psychic Terrain|p1a: Espathra\n|-fieldstart|move: Psychic Terrain\n|move|p2a: Sneasler|U-turn|p1a: Espathra\n|-supereffective|p1a: Espathra|1\n|-damage|p1a: Espathra|16/100\n|\n|t:|1776113842\n|switch|p2a: Delphox|Delphox, L50, F, shiny|100/100|[from] U-turn\n|move|p1b: Charizard|Weather Ball|p2a: Delphox\n|-resisted|p2a: Delphox|1\n|-crit|p2a: Delphox\n|-damage|p2a: Delphox|20/100\n|move|p2b: Incineroar|Parting Shot|p1b: Charizard\n|-unboost|p1b: Charizard|atk|1\n|-unboost|p1b: Charizard|spa|1\n|l| random05\n|\n|t:|1776113854\n|switch|p2b: Garchomp|Garchomp, L50, M|100/100|[from] Parting Shot\n|\n|-weather|SunnyDay|[upkeep]\n|-ability|p1a: Espathra|Speed Boost|boost\n|-boost|p1a: Espathra|spe|1\n|upkeep\n|turn|3\n|\n|t:|1776113868\n|detailschange|p2a: Delphox|Delphox-Mega, L50, F, shiny\n|-mega|p2a: Delphox|Delphox|Delphoxite\n|move|p1a: Espathra|Lumina Crash|p2b: Garchomp\n|-damage|p2b: Garchomp|55/100\n|-unboost|p2b: Garchomp|spd|2\n|move|p2a: Delphox|Psyshock|p1b: Charizard\n|-damage|p1b: Charizard|25/100\n|move|p2b: Garchomp|Breaking Swipe|p1b: Charizard|[spread] p1a,p1b\n|-damage|p1a: Espathra|0 fnt\n|-damage|p1b: Charizard|1/100\n|-unboost|p1b: Charizard|atk|1\n|faint|p1a: Espathra\n|move|p1b: Charizard|Heat Wave|p2a: Delphox|[spread] p2a,p2b\n|-resisted|p2a: Delphox|1\n|-resisted|p2b: Garchomp|1\n|-damage|p2a: Delphox|0 fnt\n|-damage|p2b: Garchomp|9/100\n|faint|p2a: Delphox\n|\n|-weather|SunnyDay|[upkeep]\n|upkeep\n|\n|t:|1776113890\n|switch|p2a: Sneasler|Sneasler, L50, F|100/100\n|switch|p1a: Gardevoir|Gardevoir, L50, F|100/100\n|turn|4\n|\n|t:|1776113899\n|move|p1b: Charizard|Protect|p1b: Charizard\n|-singleturn|p1b: Charizard|Protect\n|move|p1a: Gardevoir|Expanding Force|p2b: Garchomp|[spread] p2a,p2b\n|-supereffective|p2a: Sneasler|2\n|-damage|p2a: Sneasler|0 fnt\n|-damage|p2b: Garchomp|0 fnt\n|faint|p2a: Sneasler\n|faint|p2b: Garchomp\n|\n|-weather|SunnyDay|[upkeep]\n|upkeep\n|\n|t:|1776113902\n|switch|p2a: Incineroar|Incineroar, L50, M|100/100\n|-ability|p2a: Incineroar|Intimidate|boost\n|-unboost|p1a: Gardevoir|atk|1\n|-unboost|p1b: Charizard|atk|1\n|turn|5\n|-message|doogralyks forfeited.\n|\n|win|goddeadyt\n|raw|goddeadyt's rating: 1107 &rarr; <strong>1128</strong><br />(+21 for winning)\n|raw|doogralyks's rating: 1056 &rarr; <strong>1040</strong><br />(-16 for losing)\n|l|\u2606doogralyks\n|player|p2|\n",
  "uploadtime": 1776113915,
  "views": 20,
  "formatid": "gen9championsvgc2026regma",
  "rating": 1040,
  "private": 0,
  "password": null
}