{
  "id": "gen9championsvgc2026regma-2584805531",
  "format": "[Gen 9 Champions] VGC 2026 Reg M-A",
  "players": [
    "WaluigiVGC",
    "BeThePancakes"
  ],
  "log": "|j|\u2606WaluigiVGC\n|j|\u2606BeThePancakes\n|t:|1776284986\n|gametype|doubles\n|player|p1|WaluigiVGC|101|1215\n|player|p2|BeThePancakes|2|1145\n|gen|9\n|tier|[Gen 9 Champions] VGC 2026 Reg M-A\n|rated|\n|rule|Species Clause: Limit one of each Pok\u00e9mon\n|rule|Item Clause: Limit 1 of each item\n|clearpoke\n|poke|p1|Sneasler, L50, M|\n|poke|p1|Aerodactyl, L50, F|\n|poke|p1|Basculegion, L50, M|\n|poke|p1|Incineroar, L50, F|\n|poke|p1|Floette-Eternal, L50, F|\n|poke|p1|Sinistcha, L50|\n|poke|p2|Skarmory, L50, F|\n|poke|p2|Medicham, L50, F|\n|poke|p2|Milotic, L50, F|\n|poke|p2|Incineroar, L50, M|\n|poke|p2|Aerodactyl, L50, F|\n|poke|p2|Torkoal, L50, M|\n|teampreview|4\n|inactive|Battle timer is ON: inactive players will automatically lose when time's up. (requested by BeThePancakes)\n|\n|t:|1776285009\n|teamsize|p1|4\n|teamsize|p2|4\n|start\n|switch|p1a: Sneasler|Sneasler, L50, M|100/100\n|switch|p1b: Floette|Floette-Eternal, L50, F|100/100\n|switch|p2a: Skarmory|Skarmory, L50, F|100/100\n|switch|p2b: Medicham|Medicham, L50, F|100/100\n|turn|1\n|\n|t:|1776285024\n|detailschange|p2a: Skarmory|Skarmory-Mega, L50, F\n|-mega|p2a: Skarmory|Skarmory|Skarmorite\n|detailschange|p1b: Floette|Floette-Mega, L50, F\n|-mega|p1b: Floette|Floette|Floettite\n|-ability|p1b: Floette|Fairy Aura\n|move|p1a: Sneasler|Fake Out|p2b: Medicham\n|-damage|p2b: Medicham|82/100\n|cant|p2b: Medicham|flinch\n|move|p2a: Skarmory|Iron Head|p1b: Floette\n|-supereffective|p1b: Floette|1\n|-damage|p1b: Floette|0 fnt\n|faint|p1b: Floette\n|\n|upkeep\n|\n|t:|1776285039\n|switch|p1b: Basculegion|Basculegion, L50, M|100/100\n|turn|2\n|\n|t:|1776285050\n|move|p2b: Medicham|Skill Swap|p2a: Skarmory\n|-activate|p2b: Medicham|Skill Swap|||[of] p2a: Skarmory\n|move|p1b: Basculegion|Wave Crash|p2a: Skarmory\n|-damage|p2a: Skarmory|13/100\n|-damage|p1b: Basculegion|80/100|[from] Recoil\n|move|p1a: Sneasler|Close Combat|p2b: Medicham\n|-resisted|p2b: Medicham|1\n|-damage|p2b: Medicham|36/100\n|-unboost|p1a: Sneasler|def|1\n|-unboost|p1a: Sneasler|spd|1\n|-enditem|p1a: Sneasler|White Herb\n|-clearnegativeboost|p1a: Sneasler|[silent]\n|move|p2a: Skarmory|Dual Wingbeat|p1b: Basculegion\n|-damage|p1b: Basculegion|26/100\n|-damage|p1b: Basculegion|0 fnt\n|faint|p1b: Basculegion\n|-hitcount|p1: Basculegion|2\n|\n|upkeep\n|\n|t:|1776285068\n|switch|p1b: Sinistcha|Sinistcha, L50|100/100\n|turn|3\n|\n|t:|1776285085\n|switch|p2b: Incineroar|Incineroar, L50, M|100/100\n|-ability|p2b: Incineroar|Intimidate|boost\n|-unboost|p1a: Sneasler|atk|1\n|-unboost|p1b: Sinistcha|atk|1\n|move|p2a: Skarmory|Protect|p2a: Skarmory\n|-singleturn|p2a: Skarmory|Protect\n|move|p1b: Sinistcha|Rage Powder|p1b: Sinistcha\n|-singleturn|p1b: Sinistcha|move: Rage Powder\n|move|p1a: Sneasler|Close Combat|p2a: Skarmory\n|-activate|p2a: Skarmory|move: Protect\n|\n|upkeep\n|turn|4\n|inactive|BeThePancakes has 30 seconds left.\n|inactive|BeThePancakes has 20 seconds left.\n|inactive|BeThePancakes has 15 seconds left.\n|inactive|BeThePancakes has 10 seconds left.\n|\n|t:|1776285131\n|move|p1a: Sneasler|Protect|p1a: Sneasler\n|-singleturn|p1a: Sneasler|Protect\n|move|p1b: Sinistcha|Protect|p1b: Sinistcha\n|-singleturn|p1b: Sinistcha|Protect\n|move|p2b: Incineroar|Fake Out|p1a: Sneasler\n|-activate|p1a: Sneasler|move: Protect\n|move|p2a: Skarmory|Dual Wingbeat|p1a: Sneasler\n|-activate|p1a: Sneasler|move: Protect\n|\n|upkeep\n|turn|5\n|inactive|WaluigiVGC has 30 seconds left.\n|\n|t:|1776285156\n|move|p1b: Sinistcha|Rage Powder|p1b: Sinistcha\n|-singleturn|p1b: Sinistcha|move: Rage Powder\n|move|p1a: Sneasler|Close Combat|p2a: Skarmory\n|-damage|p2a: Skarmory|0 fnt\n|-unboost|p1a: Sneasler|def|1\n|-unboost|p1a: Sneasler|spd|1\n|faint|p2a: Skarmory\n|move|p2b: Incineroar|Parting Shot|p1b: Sinistcha\n|-unboost|p1b: Sinistcha|atk|1\n|-unboost|p1b: Sinistcha|spa|1\n|\n|t:|1776285166\n|switch|p2b: Milotic|Milotic, L50, F|100/100|[from] Parting Shot\n|\n|upkeep\n|\n|t:|1776285169\n|switch|p2a: Incineroar|Incineroar, L50, M|100/100\n|-ability|p2a: Incineroar|Intimidate|boost\n|-unboost|p1a: Sneasler|atk|1\n|-unboost|p1b: Sinistcha|atk|1\n|turn|6\n|\n|t:|1776285186\n|move|p1a: Sneasler|Dire Claw|p2b: Milotic\n|-damage|p2b: Milotic|85/100\n|-status|p2b: Milotic|slp\n|cant|p2b: Milotic|slp\n|move|p1b: Sinistcha|Matcha Gotcha|p2b: Milotic|[spread] p2a,p2b\n|-resisted|p2a: Incineroar|1\n|-supereffective|p2b: Milotic|1\n|-damage|p2a: Incineroar|95/100\n|-damage|p2b: Milotic|63/100 slp\n|move|p2a: Incineroar|Throat Chop|p1b: Sinistcha\n|-supereffective|p1b: Sinistcha|1\n|-damage|p1b: Sinistcha|58/100\n|-start|p1b: Sinistcha|Throat Chop|[silent]\n|\n|-heal|p2b: Milotic|69/100 slp|[from] item: Leftovers\n|upkeep\n|turn|7\n|inactive|BeThePancakes has 30 seconds left.\n|\n|t:|1776285214\n|cant|p2b: Milotic|slp\n|move|p1a: Sneasler|Close Combat|p2a: Incineroar\n|-supereffective|p2a: Incineroar|1\n|-damage|p2a: Incineroar|30/100\n|-unboost|p1a: Sneasler|def|1\n|-unboost|p1a: Sneasler|spd|1\n|-enditem|p2a: Incineroar|Sitrus Berry|[eat]\n|-heal|p2a: Incineroar|54/100|[from] item: Sitrus Berry\n|move|p1b: Sinistcha|Matcha Gotcha|p2b: Milotic|[spread] p2a\n|-miss|p1b: Sinistcha|p2b: Milotic\n|-resisted|p2a: Incineroar|1\n|-crit|p2a: Incineroar\n|-damage|p2a: Incineroar|43/100\n|-heal|p1b: Sinistcha|65/100|[from] drain|[of] p2a: Incineroar\n|move|p2a: Incineroar|Throat Chop|p1b: Sinistcha\n|-supereffective|p1b: Sinistcha|1\n|-damage|p1b: Sinistcha|20/100\n|-enditem|p1b: Sinistcha|Sitrus Berry|[eat]\n|-heal|p1b: Sinistcha|45/100|[from] item: Sitrus Berry\n|\n|-heal|p2b: Milotic|75/100 slp|[from] item: Leftovers\n|-end|p1b: Sinistcha|Throat Chop|[silent]\n|upkeep\n|turn|8\n|inactive|WaluigiVGC has 30 seconds left.\n|\n|t:|1776285242\n|move|p1a: Sneasler|Close Combat|p2a: Incineroar\n|-supereffective|p2a: Incineroar|1\n|-damage|p2a: Incineroar|0 fnt\n|-unboost|p1a: Sneasler|def|1\n|-unboost|p1a: Sneasler|spd|1\n|faint|p2a: Incineroar\n|-curestatus|p2b: Milotic|slp|[msg]\n|move|p2b: Milotic|Ice Beam|p1b: Sinistcha\n|-supereffective|p1b: Sinistcha|1\n|-crit|p1b: Sinistcha\n|-damage|p1b: Sinistcha|0 fnt\n|faint|p1b: Sinistcha\n|\n|-heal|p2b: Milotic|81/100|[from] item: Leftovers\n|upkeep\n|\n|t:|1776285246\n|switch|p2a: Medicham|Medicham, L50, F|36/100\n|turn|9\n|\n|t:|1776285261\n|move|p1a: Sneasler|Close Combat|p2a: Medicham\n|-resisted|p2a: Medicham|1\n|-damage|p2a: Medicham|16/100\n|-unboost|p1a: Sneasler|def|1\n|-unboost|p1a: Sneasler|spd|1\n|move|p2a: Medicham|Psycho Cut|p1a: Sneasler\n|-supereffective|p1a: Sneasler|2\n|-damage|p1a: Sneasler|0 fnt\n|faint|p1a: Sneasler\n|\n|win|BeThePancakes\n|raw|WaluigiVGC's rating: 1215 &rarr; <strong>1185</strong><br />(-30 for losing)\n|raw|BeThePancakes's rating: 1145 &rarr; <strong>1175</strong><br />(+30 for winning)\n",
  "uploadtime": 1776285271,
  "views": 20,
  "formatid": "gen9championsvgc2026regma",
  "rating": 1175,
  "private": 0,
  "password": null
}