{
  "id": "gen9championsvgc2026regma-2580351743",
  "format": "[Gen 9 Champions] VGC 2026 Reg M-A",
  "players": [
    "teupai789",
    "saldocep"
  ],
  "log": "|j|\u2606teupai789\n|j|\u2606saldocep\n|t:|1775884008\n|gametype|doubles\n|player|p1|teupai789|morty|1040\n|player|p2|saldocep|101|1000\n|gen|9\n|tier|[Gen 9 Champions] VGC 2026 Reg M-A\n|rated|\n|rule|Species Clause: Limit one of each Pok\u00e9mon\n|rule|Item Clause: Limit 1 of each item\n|clearpoke\n|poke|p1|Emolga, L50, M|\n|poke|p1|Machamp, L50, F|\n|poke|p1|Sinistcha, L50|\n|poke|p1|Milotic, L50, F|\n|poke|p1|Volcarona, L50, M|\n|poke|p1|Sneasler, L50, F|\n|poke|p2|Pelipper, L50, M|\n|poke|p2|Meganium, L50, F|\n|poke|p2|Aegislash, L50, F|\n|poke|p2|Milotic, L50, M|\n|poke|p2|Dragapult, L50, F|\n|poke|p2|Oranguru, L50, M|\n|teampreview|4\n|inactive|Battle timer is ON: inactive players will automatically lose when time's up. (requested by saldocep)\n|inactive|saldocep has 60 seconds left.\n|inactive|saldocep has 30 seconds left.\n|\n|t:|1775884077\n|teamsize|p1|4\n|teamsize|p2|4\n|start\n|switch|p1a: Emolga|Emolga, L50, M|100/100\n|switch|p1b: Sneasler|Sneasler, L50, F|100/100\n|switch|p2a: Dragapult|Dragapult, L50, F|100/100\n|switch|p2b: Oranguru|Oranguru, L50, M|100/100\n|turn|1\n|\n|t:|1775884092\n|move|p1b: Sneasler|Fake Out|p2b: Oranguru\n|-damage|p2b: Oranguru|86/100\n|move|p2a: Dragapult|Dragon Dance|p2a: Dragapult\n|-boost|p2a: Dragapult|atk|1\n|-boost|p2a: Dragapult|spe|1\n|move|p1a: Emolga|Thunder Wave|p2a: Dragapult\n|-status|p2a: Dragapult|par\n|move|p2b: Oranguru|Reflect|p2b: Oranguru\n|-sidestart|p2: saldocep|Reflect\n|\n|upkeep\n|turn|2\n|\n|t:|1775884110\n|move|p1a: Emolga|Helping Hand|p1b: Sneasler\n|-singleturn|p1b: Sneasler|Helping Hand|[of] p1a: Emolga\n|move|p1b: Sneasler|Dire Claw|p2a: Dragapult\n|-resisted|p2a: Dragapult|1\n|-damage|p2a: Dragapult|70/100 par\n|move|p2a: Dragapult|Dragon Darts|p1b: Sneasler\n|-damage|p1b: Sneasler|22/100\n|-anim|p2a: Dragapult|Dragon Darts|p1a: Emolga\n|-enditem|p1a: Emolga|Focus Sash\n|-damage|p1a: Emolga|1/100\n|move|p2b: Oranguru|Instruct|p2a: Dragapult\n|-singleturn|p2a: Dragapult|move: Instruct|[of] p2b: Oranguru\n|move|p2a: Dragapult|Dragon Darts|p1b: Sneasler\n|-damage|p1b: Sneasler|0 fnt\n|-anim|p2a: Dragapult|Dragon Darts|p1a: Emolga\n|-damage|p1a: Emolga|0 fnt\n|faint|p1b: Sneasler\n|faint|p1a: Emolga\n|\n|upkeep\n|\n|t:|1775884129\n|switch|p1b: Machamp|Machamp, L50, F|100/100\n|switch|p1a: Milotic|Milotic, L50, F, shiny|100/100\n|turn|3\n|\n|t:|1775884144\n|move|p2a: Dragapult|Dragon Darts|p1b: Machamp\n|-damage|p1b: Machamp|46/100\n|-anim|p2a: Dragapult|Dragon Darts|p1a: Milotic\n|-damage|p1a: Milotic|50/100\n|move|p1a: Milotic|Icy Wind|p2b: Oranguru|[spread] p2a,p2b\n|-supereffective|p2a: Dragapult|1\n|-damage|p2a: Dragapult|38/100 par\n|-damage|p2b: Oranguru|79/100\n|-unboost|p2a: Dragapult|spe|1\n|-unboost|p2b: Oranguru|spe|1\n|move|p1b: Machamp|Ice Punch|p2a: Dragapult\n|-supereffective|p2a: Dragapult|1\n|-damage|p2a: Dragapult|0 fnt\n|faint|p2a: Dragapult\n|move|p2b: Oranguru|Instruct|p2: Dragapult|[notarget]\n|-fail|p2b: Oranguru\n|\n|-heal|p1a: Milotic|56/100|[from] item: Leftovers\n|upkeep\n|\n|t:|1775884169\n|switch|p2a: Pelipper|Pelipper, L50, M|100/100\n|-weather|RainDance|[from] ability: Drizzle|[of] p2a: Pelipper\n|turn|4\n|inactive|teupai789 has 30 seconds left.\n|\n|t:|1775884195\n|move|p2a: Pelipper|Tailwind|p2a: Pelipper\n|-sidestart|p2: saldocep|move: Tailwind\n|move|p1a: Milotic|Scald|p2b: Oranguru\n|-damage|p2b: Oranguru|49/100\n|-status|p2b: Oranguru|brn\n|-enditem|p2b: Oranguru|Sitrus Berry|[eat]\n|-heal|p2b: Oranguru|74/100 brn|[from] item: Sitrus Berry\n|move|p2b: Oranguru|Light Screen|p2b: Oranguru\n|-sidestart|p2: saldocep|move: Light Screen\n|move|p1b: Machamp|Rock Slide|p2b: Oranguru|[spread] p2a,p2b\n|-supereffective|p2a: Pelipper|1\n|-damage|p2a: Pelipper|72/100\n|-damage|p2b: Oranguru|59/100 brn\n|\n|-weather|RainDance|[upkeep]\n|-heal|p1a: Milotic|62/100|[from] item: Leftovers\n|-damage|p2b: Oranguru|53/100 brn|[from] brn\n|upkeep\n|turn|5\n|inactive|teupai789 has 30 seconds left.\n|-activate|p1b: Machamp|item: Quick Claw\n|\n|t:|1775884228\n|switch|p2b: Meganium|Meganium, L50, F|100/100\n|move|p2a: Pelipper|Protect|p2a: Pelipper\n|-singleturn|p2a: Pelipper|Protect\n|move|p1b: Machamp|Dynamic Punch|p2b: Meganium\n|-damage|p2b: Meganium|58/100\n|-start|p2b: Meganium|confusion\n|move|p1a: Milotic|Icy Wind|p2b: Meganium|[spread] p2b\n|-activate|p2a: Pelipper|move: Protect\n|-supereffective|p2b: Meganium|1\n|-crit|p2b: Meganium\n|-damage|p2b: Meganium|19/100\n|-unboost|p2b: Meganium|spe|1\n|\n|-weather|RainDance|[upkeep]\n|-heal|p1a: Milotic|68/100|[from] item: Leftovers\n|-sideend|p2: saldocep|Reflect\n|upkeep\n|turn|6\n|inactive|teupai789 has 30 seconds left.\n|inactive|saldocep has 30 seconds left.\n|\n|t:|1775884257\n|detailschange|p2b: Meganium|Meganium-Mega, L50, F\n|-mega|p2b: Meganium|Meganium|Meganiumite\n|-activate|p2b: Meganium|confusion\n|move|p2b: Meganium|Protect|p2b: Meganium\n|-singleturn|p2b: Meganium|Protect\n|move|p1b: Machamp|Bullet Punch|p2b: Meganium\n|-activate|p2b: Meganium|move: Protect\n|move|p2a: Pelipper|Hurricane|p1b: Machamp\n|-supereffective|p1b: Machamp|1\n|-damage|p1b: Machamp|0 fnt\n|faint|p1b: Machamp\n|move|p1a: Milotic|Icy Wind|p2b: Meganium|[spread] p2a\n|-activate|p2b: Meganium|move: Protect\n|-damage|p2a: Pelipper|60/100\n|-unboost|p2a: Pelipper|spe|1\n|\n|-weather|RainDance|[upkeep]\n|-heal|p1a: Milotic|74/100|[from] item: Leftovers\n|upkeep\n|turn|7\n|inactive|saldocep has 30 seconds left.\n|\n|t:|1775884292\n|move|p2a: Pelipper|Hurricane|p1a: Milotic\n|-damage|p1a: Milotic|48/100\n|-activate|p2b: Meganium|confusion\n|move|p2b: Meganium|Solar Beam||[still]\n|-prepare|p2b: Meganium|Solar Beam\n|-activate|p2b: Meganium|ability: Mega Sol\n|-anim|p2b: Meganium|Solar Beam|p1a: Milotic\n|-supereffective|p1a: Milotic|1\n|-damage|p1a: Milotic|0 fnt\n|faint|p1a: Milotic\n|\n|win|saldocep\n|raw|teupai789's rating: 1040 &rarr; <strong>1022</strong><br />(-18 for losing)\n|raw|saldocep's rating: 1000 &rarr; <strong>1045</strong><br />(+45 for winning)\n|c|\u2606teupai789|what u think gae\n|l|\u2606teupai789\n|player|p1|\n",
  "uploadtime": 1775884307,
  "views": 23,
  "formatid": "gen9championsvgc2026regma",
  "rating": 1022,
  "private": 0,
  "password": null
}