{
  "id": "gen9championsvgc2026regma-2588910119",
  "format": "[Gen 9 Champions] VGC 2026 Reg M-A",
  "players": [
    "jingming",
    "shewdola"
  ],
  "log": "|j|\u2606jingming\n|j|\u2606shewdola\n|t:|1776684966\n|gametype|doubles\n|player|p1|jingming|rosa|1172\n|player|p2|shewdola|hugh|1171\n|gen|9\n|tier|[Gen 9 Champions] VGC 2026 Reg M-A\n|rated|\n|rule|Species Clause: Limit one of each Pok\u00e9mon\n|rule|Item Clause: Limit 1 of each item\n|clearpoke\n|poke|p1|Aerodactyl, L50, F|\n|poke|p1|Tyranitar, L50, F|\n|poke|p1|Excadrill, L50, M|\n|poke|p1|Corviknight, L50, M|\n|poke|p1|Sinistcha, L50|\n|poke|p1|Dragapult, L50, F|\n|poke|p2|Aggron, L50, F|\n|poke|p2|Sinistcha, L50|\n|poke|p2|Tyranitar, L50, F|\n|poke|p2|Sneasler, L50, M|\n|poke|p2|Incineroar, L50, F|\n|poke|p2|Whimsicott, L50, F|\n|teampreview|4\n|inactive|Battle timer is ON: inactive players will automatically lose when time's up. (requested by jingming)\n|\n|t:|1776684996\n|teamsize|p1|4\n|teamsize|p2|4\n|start\n|switch|p1a: Corviknight|Corviknight, L50, M|100/100\n|switch|p1b: Aerodactyl|Aerodactyl, L50, F|100/100\n|switch|p2a: Aggron|Aggron, L50, F|100/100\n|switch|p2b: Sneasler|Sneasler, L50, M|100/100\n|-ability|p1b: Aerodactyl|Unnerve\n|turn|1\n|inactive|shewdola has 30 seconds left.\n|inactive|shewdola has 20 seconds left.\n|inactive|shewdola has 15 seconds left.\n|inactive|shewdola has 10 seconds left.\n|\n|t:|1776685043\n|detailschange|p2a: Aggron|Aggron-Mega, L50, F\n|-mega|p2a: Aggron|Aggron|Aggronite\n|move|p1b: Aerodactyl|Protect|p1b: Aerodactyl\n|-singleturn|p1b: Aerodactyl|Protect\n|move|p2b: Sneasler|Fake Out|p1b: Aerodactyl\n|-activate|p1b: Aerodactyl|move: Protect\n|move|p1a: Corviknight|Iron Defense|p1a: Corviknight\n|-boost|p1a: Corviknight|def|2\n|move|p2a: Aggron|Iron Defense|p2a: Aggron\n|-boost|p2a: Aggron|def|2\n|\n|upkeep\n|turn|2\n|\n|t:|1776685063\n|move|p1b: Aerodactyl|Dual Wingbeat|p2b: Sneasler\n|-supereffective|p2b: Sneasler|1\n|-damage|p2b: Sneasler|39/100\n|-supereffective|p2b: Sneasler|1\n|-damage|p2b: Sneasler|0 fnt\n|faint|p2b: Sneasler\n|-hitcount|p2: Sneasler|2\n|move|p1a: Corviknight|Body Press|p2a: Aggron\n|-supereffective|p2a: Aggron|1\n|-damage|p2a: Aggron|85/100\n|move|p2a: Aggron|Body Press|p1a: Corviknight\n|-damage|p1a: Corviknight|67/100\n|\n|-heal|p1a: Corviknight|73/100|[from] item: Leftovers\n|upkeep\n|\n|t:|1776685086\n|switch|p2b: Incineroar|Incineroar, L50, F|100/100\n|-ability|p2b: Incineroar|Intimidate|boost\n|-ability|p1a: Corviknight|Mirror Armor\n|-unboost|p2b: Incineroar|atk|1\n|-unboost|p1b: Aerodactyl|atk|1\n|turn|3\n|inactive|shewdola has 30 seconds left.\n|\n|t:|1776685119\n|move|p2b: Incineroar|Fake Out|p1a: Corviknight\n|-resisted|p1a: Corviknight|1\n|-damage|p1a: Corviknight|71/100\n|move|p1b: Aerodactyl|Rock Slide|p2a: Aggron|[spread] p2a,p2b\n|-resisted|p2a: Aggron|1\n|-supereffective|p2b: Incineroar|1\n|-damage|p2a: Aggron|84/100\n|-damage|p2b: Incineroar|73/100\n|cant|p1a: Corviknight|flinch\n|move|p2a: Aggron|Body Press|p1b: Aerodactyl\n|-enditem|p1b: Aerodactyl|Focus Sash\n|-damage|p1b: Aerodactyl|1/100\n|\n|-heal|p1a: Corviknight|77/100|[from] item: Leftovers\n|upkeep\n|turn|4\n|inactive|shewdola has 30 seconds left.\n|\n|t:|1776685154\n|move|p1b: Aerodactyl|Rock Slide|p2a: Aggron|[spread] p2b\n|-miss|p1b: Aerodactyl|p2a: Aggron\n|-supereffective|p2b: Incineroar|1\n|-damage|p2b: Incineroar|49/100\n|move|p1a: Corviknight|Iron Defense|p1a: Corviknight\n|-boost|p1a: Corviknight|def|2\n|move|p2b: Incineroar|Flare Blitz|p1a: Corviknight\n|-supereffective|p1a: Corviknight|1\n|-damage|p1a: Corviknight|60/100\n|-damage|p2b: Incineroar|43/100|[from] Recoil\n|move|p2a: Aggron|Body Press|p1a: Corviknight\n|-damage|p1a: Corviknight|38/100\n|\n|-heal|p1a: Corviknight|43/100|[from] item: Leftovers\n|upkeep\n|turn|5\n|inactive|shewdola has 30 seconds left.\n|\n|t:|1776685181\n|move|p1b: Aerodactyl|Rock Slide|p2b: Incineroar|[spread] p2b\n|-miss|p1b: Aerodactyl|p2a: Aggron\n|-supereffective|p2b: Incineroar|1\n|-damage|p2b: Incineroar|18/100\n|move|p1a: Corviknight|Roost|p1a: Corviknight\n|-heal|p1a: Corviknight|94/100\n|-singleturn|p1a: Corviknight|move: Roost\n|move|p2b: Incineroar|Flare Blitz|p1b: Aerodactyl\n|-resisted|p1b: Aerodactyl|1\n|-damage|p1b: Aerodactyl|0 fnt\n|faint|p1b: Aerodactyl\n|-damage|p2b: Incineroar|18/100|[from] Recoil\n|move|p2a: Aggron|Body Press|p1a: Corviknight\n|-supereffective|p1a: Corviknight|1\n|-damage|p1a: Corviknight|49/100\n|\n|-heal|p1a: Corviknight|55/100|[from] item: Leftovers\n|upkeep\n|\n|t:|1776685197\n|switch|p1b: Dragapult|Dragapult, L50, F|100/100\n|turn|6\n|\n|t:|1776685214\n|move|p2b: Incineroar|Protect|p2b: Incineroar\n|-singleturn|p2b: Incineroar|Protect\n|move|p1b: Dragapult|Will-O-Wisp|p2a: Aggron\n|-status|p2a: Aggron|brn\n|move|p1a: Corviknight|Body Press|p2b: Incineroar\n|-activate|p2b: Incineroar|move: Protect\n|move|p2a: Aggron|Heavy Slam|p1b: Dragapult\n|-damage|p1b: Dragapult|64/100\n|\n|-heal|p1a: Corviknight|60/100|[from] item: Leftovers\n|-damage|p2a: Aggron|77/100 brn|[from] brn\n|upkeep\n|turn|7\n|\n|t:|1776685234\n|move|p1b: Dragapult|Shadow Ball|p2a: Aggron\n|-damage|p2a: Aggron|40/100 brn\n|move|p1a: Corviknight|Body Press|p2b: Incineroar\n|-supereffective|p2b: Incineroar|1\n|-enditem|p2b: Incineroar|Chople Berry|[eat]\n|-enditem|p2b: Incineroar|Chople Berry|[weaken]\n|-damage|p2b: Incineroar|0 fnt\n|faint|p2b: Incineroar\n|move|p2a: Aggron|Heavy Slam|p1b: Dragapult\n|-damage|p1b: Dragapult|25/100\n|\n|-heal|p1a: Corviknight|66/100|[from] item: Leftovers\n|-damage|p2a: Aggron|34/100 brn|[from] brn\n|upkeep\n|\n|t:|1776685245\n|switch|p2b: Sinistcha|Sinistcha, L50|100/100\n|-heal|p2a: Aggron|59/100 brn|[from] ability: Hospitality|[of] p2b: Sinistcha\n|turn|8\n|inactive|shewdola has 30 seconds left.\n|\n|t:|1776685273\n|switch|p1b: Sinistcha|Sinistcha, L50|100/100\n|-heal|p1a: Corviknight|91/100|[from] ability: Hospitality|[of] p1b: Sinistcha\n|move|p2b: Sinistcha|Strength Sap||[still]\n|-ability|p1a: Corviknight|Mirror Armor\n|-unboost|p2b: Sinistcha|atk|1\n|-fail|p2b: Sinistcha\n|move|p1a: Corviknight|Brave Bird|p2b: Sinistcha\n|-supereffective|p2b: Sinistcha|1\n|-damage|p2b: Sinistcha|42/100\n|-enditem|p2b: Sinistcha|Sitrus Berry|[eat]\n|-heal|p2b: Sinistcha|67/100|[from] item: Sitrus Berry\n|-damage|p1a: Corviknight|75/100|[from] Recoil\n|move|p2a: Aggron|Heavy Slam|p1b: Sinistcha\n|-damage|p1b: Sinistcha|80/100\n|\n|-heal|p1a: Corviknight|80/100|[from] item: Leftovers\n|-damage|p2a: Aggron|52/100 brn|[from] brn\n|upkeep\n|turn|9\n|inactive|jingming has 30 seconds left.\n|inactive|shewdola has 30 seconds left.\n|\n|t:|1776685303\n|move|p2b: Sinistcha|Matcha Gotcha|p1a: Corviknight|[spread] p1a,p1b\n|-resisted|p1a: Corviknight|2\n|-crit|p1a: Corviknight\n|-resisted|p1b: Sinistcha|1\n|-damage|p1a: Corviknight|75/100\n|-heal|p2b: Sinistcha|70/100|[from] drain|[of] p1a: Corviknight\n|-damage|p1b: Sinistcha|67/100\n|-heal|p2b: Sinistcha|76/100|[from] drain|[of] p1b: Sinistcha\n|-status|p1a: Corviknight|brn\n|-status|p1b: Sinistcha|brn\n|move|p1a: Corviknight|Brave Bird|p2b: Sinistcha\n|-supereffective|p2b: Sinistcha|1\n|-damage|p2b: Sinistcha|49/100\n|-damage|p1a: Corviknight|67/100 brn|[from] Recoil\n|move|p1b: Sinistcha|Matcha Gotcha|p2b: Sinistcha|[spread] p2b\n|-miss|p1b: Sinistcha|p2a: Aggron\n|-resisted|p2b: Sinistcha|1\n|-damage|p2b: Sinistcha|36/100\n|-heal|p1b: Sinistcha|74/100 brn|[from] drain|[of] p2b: Sinistcha\n|move|p2a: Aggron|Heavy Slam|p1b: Sinistcha\n|-damage|p1b: Sinistcha|54/100 brn\n|\n|-heal|p1a: Corviknight|73/100 brn|[from] item: Leftovers\n|-damage|p1a: Corviknight|67/100 brn|[from] brn\n|-damage|p1b: Sinistcha|48/100 brn|[from] brn\n|-damage|p2a: Aggron|46/100 brn|[from] brn\n|upkeep\n|turn|10\n|\n|t:|1776685326\n|move|p2b: Sinistcha|Protect|p2b: Sinistcha\n|-singleturn|p2b: Sinistcha|Protect\n|move|p1a: Corviknight|Body Press|p2a: Aggron\n|-supereffective|p2a: Aggron|1\n|-damage|p2a: Aggron|36/100 brn\n|move|p1b: Sinistcha|Matcha Gotcha|p2a: Aggron|[spread] p2a\n|-activate|p2b: Sinistcha|move: Protect\n|-resisted|p2a: Aggron|1\n|-damage|p2a: Aggron|25/100 brn\n|-heal|p1b: Sinistcha|53/100 brn|[from] drain|[of] p2a: Aggron\n|move|p2a: Aggron|Heavy Slam|p1b: Sinistcha\n|-crit|p1b: Sinistcha\n|-damage|p1b: Sinistcha|21/100 brn\n|\n|-heal|p1a: Corviknight|73/100 brn|[from] item: Leftovers\n|-damage|p1a: Corviknight|67/100 brn|[from] brn\n|-damage|p1b: Sinistcha|15/100 brn|[from] brn\n|-damage|p2a: Aggron|19/100 brn|[from] brn\n|upkeep\n|turn|11\n|\n|t:|1776685347\n|switch|p1b: Dragapult|Dragapult, L50, F|25/100\n|move|p2b: Sinistcha|Strength Sap|p1b: Dragapult\n|-fail|p1b: Dragapult|unboost|[from] ability: Clear Body|[of] p1b: Dragapult\n|-heal|p2b: Sinistcha|100/100\n|move|p1a: Corviknight|Brave Bird|p2b: Sinistcha\n|-supereffective|p2b: Sinistcha|1\n|-crit|p2b: Sinistcha\n|-damage|p2b: Sinistcha|54/100\n|-damage|p1a: Corviknight|54/100 brn|[from] Recoil\n|move|p2a: Aggron|Heavy Slam|p1b: Dragapult\n|-damage|p1b: Dragapult|0 fnt\n|faint|p1b: Dragapult\n|\n|-heal|p1a: Corviknight|60/100 brn|[from] item: Leftovers\n|-damage|p1a: Corviknight|54/100 brn|[from] brn\n|-damage|p2a: Aggron|13/100 brn|[from] brn\n|upkeep\n|\n|t:|1776685361\n|switch|p1b: Sinistcha|Sinistcha, L50|15/100 brn\n|-heal|p1a: Corviknight|79/100 brn|[from] ability: Hospitality|[of] p1b: Sinistcha\n|turn|12\n|\n|t:|1776685377\n|move|p2b: Sinistcha|Matcha Gotcha|p1b: Sinistcha|[spread] p1b\n|-miss|p2b: Sinistcha|p1a: Corviknight\n|-resisted|p1b: Sinistcha|1\n|-damage|p1b: Sinistcha|0 fnt\n|-heal|p2b: Sinistcha|62/100|[from] drain|[of] p1b: Sinistcha\n|faint|p1b: Sinistcha\n|move|p1a: Corviknight|Body Press|p2a: Aggron\n|-supereffective|p2a: Aggron|1\n|-damage|p2a: Aggron|2/100 brn\n|move|p2a: Aggron|Heavy Slam|p1a: Corviknight\n|-resisted|p1a: Corviknight|1\n|-damage|p1a: Corviknight|75/100 brn\n|\n|-heal|p1a: Corviknight|80/100 brn|[from] item: Leftovers\n|-damage|p1a: Corviknight|75/100 brn|[from] brn\n|-damage|p2a: Aggron|0 fnt|[from] brn\n|faint|p2a: Aggron\n|upkeep\n|turn|13\n|\n|t:|1776685400\n|move|p2b: Sinistcha|Matcha Gotcha|p1a: Corviknight\n|-resisted|p1a: Corviknight|2\n|-crit|p1a: Corviknight\n|-damage|p1a: Corviknight|66/100 brn\n|-heal|p2b: Sinistcha|67/100|[from] drain|[of] p1a: Corviknight\n|move|p1a: Corviknight|Brave Bird|p1: Sinistcha|[notarget]\n|-fail|p1a: Corviknight\n|\n|-heal|p1a: Corviknight|72/100 brn|[from] item: Leftovers\n|-damage|p1a: Corviknight|66/100 brn|[from] brn\n|upkeep\n|turn|14\n|inactive|shewdola has 30 seconds left.\n|inactive|shewdola has 20 seconds left.\n|inactive|shewdola has 15 seconds left.\n|inactive|shewdola has 10 seconds left.\n|inactive|shewdola has 5 seconds left.\n|\n|t:|1776685455\n|move|p1a: Corviknight|Iron Defense|p1a: Corviknight\n|-boost|p1a: Corviknight|def|2\n|move|p2b: Sinistcha|Trick Room|p2b: Sinistcha\n|-fieldstart|move: Trick Room|[of] p2b: Sinistcha\n|\n|-heal|p1a: Corviknight|72/100 brn|[from] item: Leftovers\n|-damage|p1a: Corviknight|66/100 brn|[from] brn\n|upkeep\n|turn|15\n|\n|t:|1776685464\n|move|p1a: Corviknight|Brave Bird|p1: Sinistcha|[notarget]\n|-fail|p1a: Corviknight\n|move|p2b: Sinistcha|Matcha Gotcha|p1a: Corviknight|[miss]\n|-miss|p2b: Sinistcha|p1a: Corviknight\n|\n|-heal|p1a: Corviknight|72/100 brn|[from] item: Leftovers\n|-damage|p1a: Corviknight|66/100 brn|[from] brn\n|upkeep\n|turn|16\n|\n|t:|1776685470\n|move|p2b: Sinistcha|Protect|p2b: Sinistcha\n|-singleturn|p2b: Sinistcha|Protect\n|move|p1a: Corviknight|Brave Bird|p1: Sinistcha|[notarget]\n|-fail|p1a: Corviknight\n|\n|-heal|p1a: Corviknight|72/100 brn|[from] item: Leftovers\n|-damage|p1a: Corviknight|66/100 brn|[from] brn\n|upkeep\n|turn|17\n|\n|t:|1776685479\n|move|p1a: Corviknight|Brave Bird|p1: Sinistcha|[notarget]\n|-fail|p1a: Corviknight\n|move|p2b: Sinistcha|Matcha Gotcha|p1a: Corviknight\n|-resisted|p1a: Corviknight|2\n|-damage|p1a: Corviknight|60/100 brn\n|-heal|p2b: Sinistcha|70/100|[from] drain|[of] p1a: Corviknight\n|\n|-heal|p1a: Corviknight|66/100 brn|[from] item: Leftovers\n|-damage|p1a: Corviknight|60/100 brn|[from] brn\n|upkeep\n|turn|18\n|inactive|shewdola has 30 seconds left.\n|\n|t:|1776685490\n|move|p1a: Corviknight|Roost|p1a: Corviknight\n|-heal|p1a: Corviknight|100/100 brn\n|-singleturn|p1a: Corviknight|move: Roost\n|move|p2b: Sinistcha|Matcha Gotcha|p1a: Corviknight\n|-resisted|p1a: Corviknight|1\n|-damage|p1a: Corviknight|88/100 brn\n|-heal|p2b: Sinistcha|77/100|[from] drain|[of] p1a: Corviknight\n|\n|-heal|p1a: Corviknight|94/100 brn|[from] item: Leftovers\n|-damage|p1a: Corviknight|88/100 brn|[from] brn\n|-fieldend|move: Trick Room\n|upkeep\n|turn|19\n|inactive|shewdola has 25 seconds left this turn.\n|\n|t:|1776685498\n|move|p2b: Sinistcha|Protect|p2b: Sinistcha\n|-singleturn|p2b: Sinistcha|Protect\n|move|p1a: Corviknight|Brave Bird|p1: Sinistcha|[notarget]\n|-fail|p1a: Corviknight\n|\n|-heal|p1a: Corviknight|94/100 brn|[from] item: Leftovers\n|-damage|p1a: Corviknight|88/100 brn|[from] brn\n|upkeep\n|turn|20\n|inactive|shewdola has 25 seconds left this turn.\n|inactive|shewdola has 20 seconds left.\n|\n|t:|1776685508\n|move|p2b: Sinistcha|Matcha Gotcha|p1a: Corviknight|[miss]\n|-miss|p2b: Sinistcha|p1a: Corviknight\n|move|p1a: Corviknight|Brave Bird|p1: Sinistcha|[notarget]\n|-fail|p1a: Corviknight\n|\n|-heal|p1a: Corviknight|94/100 brn|[from] item: Leftovers\n|-damage|p1a: Corviknight|88/100 brn|[from] brn\n|upkeep\n|turn|21\n|inactive|shewdola has 20 seconds left this turn.\n|inactive|shewdola has 15 seconds left.\n|inactive|shewdola has 10 seconds left.\n|\n|t:|1776685519\n|move|p2b: Sinistcha|Matcha Gotcha|p1a: Corviknight\n|-resisted|p1a: Corviknight|2\n|-crit|p1a: Corviknight\n|-damage|p1a: Corviknight|80/100 brn\n|-heal|p2b: Sinistcha|83/100|[from] drain|[of] p1a: Corviknight\n|move|p1a: Corviknight|Body Press|p1: Sinistcha|[notarget]\n|-fail|p1a: Corviknight\n|\n|-heal|p1a: Corviknight|86/100 brn|[from] item: Leftovers\n|-damage|p1a: Corviknight|80/100 brn|[from] brn\n|upkeep\n|turn|22\n|inactive|shewdola has 10 seconds left this turn.\n|\n|t:|1776685522\n|move|p2b: Sinistcha|Matcha Gotcha|p1a: Corviknight\n|-resisted|p1a: Corviknight|2\n|-damage|p1a: Corviknight|74/100 brn\n|-heal|p2b: Sinistcha|86/100|[from] drain|[of] p1a: Corviknight\n|move|p1a: Corviknight|Body Press|p1: Sinistcha|[notarget]\n|-fail|p1a: Corviknight\n|\n|-heal|p1a: Corviknight|80/100 brn|[from] item: Leftovers\n|-damage|p1a: Corviknight|74/100 brn|[from] brn\n|upkeep\n|turn|23\n|inactive|shewdola has 10 seconds left this turn.\n|\n|t:|1776685527\n|move|p2b: Sinistcha|Matcha Gotcha|p1a: Corviknight\n|-resisted|p1a: Corviknight|2\n|-damage|p1a: Corviknight|68/100 brn\n|-heal|p2b: Sinistcha|89/100|[from] drain|[of] p1a: Corviknight\n|move|p1a: Corviknight|Iron Defense|p1a: Corviknight\n|-boost|p1a: Corviknight|def|0\n|\n|-heal|p1a: Corviknight|74/100 brn|[from] item: Leftovers\n|-damage|p1a: Corviknight|68/100 brn|[from] brn\n|upkeep\n|turn|24\n|inactive|shewdola has 10 seconds left this turn.\n|\n|t:|1776685530\n|move|p2b: Sinistcha|Matcha Gotcha|p1a: Corviknight\n|-resisted|p1a: Corviknight|2\n|-damage|p1a: Corviknight|62/100 brn\n|-heal|p2b: Sinistcha|93/100|[from] drain|[of] p1a: Corviknight\n|move|p1a: Corviknight|Iron Defense|p1a: Corviknight\n|-boost|p1a: Corviknight|def|0\n|\n|-heal|p1a: Corviknight|68/100 brn|[from] item: Leftovers\n|-damage|p1a: Corviknight|62/100 brn|[from] brn\n|upkeep\n|turn|25\n|inactive|shewdola has 10 seconds left this turn.\n|\n|t:|1776685534\n|move|p2b: Sinistcha|Protect|p2b: Sinistcha\n|-singleturn|p2b: Sinistcha|Protect\n|move|p1a: Corviknight|Iron Defense|p1a: Corviknight\n|-boost|p1a: Corviknight|def|0\n|\n|-heal|p1a: Corviknight|68/100 brn|[from] item: Leftovers\n|-damage|p1a: Corviknight|62/100 brn|[from] brn\n|upkeep\n|turn|26\n|inactive|shewdola has 10 seconds left this turn.\n|\n|t:|1776685537\n|move|p2b: Sinistcha|Protect|p2b: Sinistcha\n|-singleturn|p2b: Sinistcha|Protect\n|move|p1a: Corviknight|Iron Defense|p1a: Corviknight\n|-boost|p1a: Corviknight|def|0\n|\n|-heal|p1a: Corviknight|68/100 brn|[from] item: Leftovers\n|-damage|p1a: Corviknight|62/100 brn|[from] brn\n|upkeep\n|turn|27\n|inactive|shewdola has 10 seconds left this turn.\n|\n|t:|1776685549\n|move|p2b: Sinistcha|Matcha Gotcha|p1a: Corviknight|[miss]\n|-miss|p2b: Sinistcha|p1a: Corviknight\n|move|p1a: Corviknight|Roost|p1a: Corviknight\n|-heal|p1a: Corviknight|100/100 brn\n|-singleturn|p1a: Corviknight|move: Roost\n|\n|-damage|p1a: Corviknight|95/100 brn|[from] brn\n|upkeep\n|turn|28\n|inactive|shewdola has 10 seconds left this turn.\n|inactive|shewdola has 5 seconds left.\n|\n|t:|1776685562\n|move|p2b: Sinistcha|Protect|p2b: Sinistcha\n|-singleturn|p2b: Sinistcha|Protect\n|move|p1a: Corviknight|Iron Defense|p1a: Corviknight\n|-boost|p1a: Corviknight|def|0\n|\n|-heal|p1a: Corviknight|100/100 brn|[from] item: Leftovers\n|-damage|p1a: Corviknight|95/100 brn|[from] brn\n|upkeep\n|turn|29\n|inactive|shewdola has 5 seconds left this turn.\n|\n|t:|1776685569\n|move|p2b: Sinistcha|Matcha Gotcha|p1a: Corviknight\n|-resisted|p1a: Corviknight|2\n|-damage|p1a: Corviknight|89/100 brn\n|-heal|p2b: Sinistcha|96/100|[from] drain|[of] p1a: Corviknight\n|move|p1a: Corviknight|Body Press|p1: Sinistcha|[notarget]\n|-fail|p1a: Corviknight\n|\n|-heal|p1a: Corviknight|95/100 brn|[from] item: Leftovers\n|-damage|p1a: Corviknight|89/100 brn|[from] brn\n|upkeep\n|turn|30\n|inactive|shewdola has 5 seconds left this turn.\n|\n|t:|1776685573\n|move|p2b: Sinistcha|Protect|p2b: Sinistcha\n|-singleturn|p2b: Sinistcha|Protect\n|move|p1a: Corviknight|Body Press|p1: Sinistcha|[notarget]\n|-fail|p1a: Corviknight\n|\n|-heal|p1a: Corviknight|95/100 brn|[from] item: Leftovers\n|-damage|p1a: Corviknight|89/100 brn|[from] brn\n|upkeep\n|turn|31\n|inactive|shewdola has 5 seconds left this turn.\n|\n|t:|1776685579\n|move|p2b: Sinistcha|Matcha Gotcha|p1a: Corviknight|[miss]\n|-miss|p2b: Sinistcha|p1a: Corviknight\n|move|p1a: Corviknight|Body Press|p1: Sinistcha|[notarget]\n|-fail|p1a: Corviknight\n|\n|-heal|p1a: Corviknight|95/100 brn|[from] item: Leftovers\n|-damage|p1a: Corviknight|89/100 brn|[from] brn\n|upkeep\n|turn|32\n|inactive|shewdola has 5 seconds left this turn.\n|\n|t:|1776685582\n|move|p2b: Sinistcha|Protect|p2b: Sinistcha\n|-singleturn|p2b: Sinistcha|Protect\n|move|p1a: Corviknight|Body Press|p1: Sinistcha|[notarget]\n|-fail|p1a: Corviknight\n|\n|-heal|p1a: Corviknight|95/100 brn|[from] item: Leftovers\n|-damage|p1a: Corviknight|89/100 brn|[from] brn\n|upkeep\n|turn|33\n|inactive|shewdola has 5 seconds left this turn.\n|\n|t:|1776685588\n|move|p2b: Sinistcha|Matcha Gotcha|p1a: Corviknight\n|-resisted|p1a: Corviknight|2\n|-damage|p1a: Corviknight|83/100 brn\n|-heal|p2b: Sinistcha|99/100|[from] drain|[of] p1a: Corviknight\n|move|p1a: Corviknight|Body Press|p1: Sinistcha|[notarget]\n|-fail|p1a: Corviknight\n|\n|-heal|p1a: Corviknight|89/100 brn|[from] item: Leftovers\n|-damage|p1a: Corviknight|83/100 brn|[from] brn\n|upkeep\n|turn|34\n|inactive|shewdola has 5 seconds left this turn.\n|\n|t:|1776685597\n|move|p2b: Sinistcha|Matcha Gotcha|p1a: Corviknight\n|-resisted|p1a: Corviknight|2\n|-damage|p1a: Corviknight|78/100 brn\n|-heal|p2b: Sinistcha|100/100|[from] drain|[of] p1a: Corviknight\n|move|p1a: Corviknight|Iron Defense|p1a: Corviknight\n|-boost|p1a: Corviknight|def|0\n|\n|-heal|p1a: Corviknight|83/100 brn|[from] item: Leftovers\n|-damage|p1a: Corviknight|78/100 brn|[from] brn\n|upkeep\n|turn|35\n|inactive|shewdola has 5 seconds left this turn.\n|\n|t:|1776685601\n|move|p1a: Corviknight|Brave Bird|p2b: Sinistcha\n|-supereffective|p2b: Sinistcha|1\n|-damage|p2b: Sinistcha|70/100\n|-damage|p1a: Corviknight|69/100 brn|[from] Recoil\n|move|p2b: Sinistcha|Trick Room|p2b: Sinistcha\n|-fieldstart|move: Trick Room|[of] p2b: Sinistcha\n|\n|-heal|p1a: Corviknight|75/100 brn|[from] item: Leftovers\n|-damage|p1a: Corviknight|69/100 brn|[from] brn\n|upkeep\n|turn|36\n|inactive|shewdola has 5 seconds left this turn.\n|\n|t:|1776685605\n|move|p1a: Corviknight|Brave Bird|p2b: Sinistcha\n|-supereffective|p2b: Sinistcha|1\n|-damage|p2b: Sinistcha|39/100\n|-damage|p1a: Corviknight|60/100 brn|[from] Recoil\n|move|p2b: Sinistcha|Strength Sap|p1a: Corviknight\n|-ability|p1a: Corviknight|Mirror Armor\n|-unboost|p2b: Sinistcha|atk|1\n|-heal|p2b: Sinistcha|99/100\n|\n|-heal|p1a: Corviknight|66/100 brn|[from] item: Leftovers\n|-damage|p1a: Corviknight|60/100 brn|[from] brn\n|upkeep\n|turn|37\n|inactive|shewdola has 5 seconds left this turn.\n|\n|t:|1776685611\n|move|p1a: Corviknight|Roost|p1a: Corviknight\n|-heal|p1a: Corviknight|100/100 brn\n|-singleturn|p1a: Corviknight|move: Roost\n|move|p2b: Sinistcha|Strength Sap|p1a: Corviknight\n|-ability|p1a: Corviknight|Mirror Armor\n|-unboost|p2b: Sinistcha|atk|1\n|-heal|p2b: Sinistcha|100/100\n|\n|-damage|p1a: Corviknight|95/100 brn|[from] brn\n|upkeep\n|turn|38\n|inactive|shewdola has 5 seconds left this turn.\n|\n|t:|1776685617\n|move|p1a: Corviknight|Iron Defense|p1a: Corviknight\n|-boost|p1a: Corviknight|def|0\n|move|p2b: Sinistcha|Trick Room|p2b: Sinistcha\n|-fieldend|move: Trick Room\n|\n|-heal|p1a: Corviknight|100/100 brn|[from] item: Leftovers\n|-damage|p1a: Corviknight|95/100 brn|[from] brn\n|upkeep\n|turn|39\n|inactive|shewdola has 5 seconds left this turn.\n|\n|t:|1776685621\n|move|p2b: Sinistcha|Strength Sap||[still]\n|-ability|p1a: Corviknight|Mirror Armor\n|-unboost|p2b: Sinistcha|atk|1\n|-fail|p2b: Sinistcha\n|move|p1a: Corviknight|Iron Defense|p1a: Corviknight\n|-boost|p1a: Corviknight|def|0\n|\n|-heal|p1a: Corviknight|100/100 brn|[from] item: Leftovers\n|-damage|p1a: Corviknight|95/100 brn|[from] brn\n|upkeep\n|turn|40\n|inactive|shewdola has 5 seconds left this turn.\n|\n|t:|1776685624\n|move|p1a: Corviknight|Iron Defense|p1a: Corviknight\n|-boost|p1a: Corviknight|def|0\n|move|p2b: Sinistcha|Trick Room|p2b: Sinistcha\n|-fieldstart|move: Trick Room|[of] p2b: Sinistcha\n|\n|-heal|p1a: Corviknight|100/100 brn|[from] item: Leftovers\n|-damage|p1a: Corviknight|95/100 brn|[from] brn\n|upkeep\n|turn|41\n|inactive|shewdola has 5 seconds left this turn.\n|\n|t:|1776685626\n|move|p1a: Corviknight|Iron Defense|p1a: Corviknight\n|-boost|p1a: Corviknight|def|0\n|move|p2b: Sinistcha|Strength Sap||[still]\n|-ability|p1a: Corviknight|Mirror Armor\n|-unboost|p2b: Sinistcha|atk|1\n|-fail|p2b: Sinistcha\n|\n|-heal|p1a: Corviknight|100/100 brn|[from] item: Leftovers\n|-damage|p1a: Corviknight|95/100 brn|[from] brn\n|upkeep\n|turn|42\n|inactive|shewdola has 5 seconds left this turn.\n|\n|t:|1776685631\n|move|p1a: Corviknight|Iron Defense|p1a: Corviknight\n|-boost|p1a: Corviknight|def|0\n|move|p2b: Sinistcha|Trick Room|p2b: Sinistcha\n|-fieldend|move: Trick Room\n|\n|-heal|p1a: Corviknight|100/100 brn|[from] item: Leftovers\n|-damage|p1a: Corviknight|95/100 brn|[from] brn\n|upkeep\n|turn|43\n|inactive|shewdola has 5 seconds left this turn.\n|-message|shewdola lost due to inactivity.\n|\n|win|jingming\n|raw|jingming's rating: 1172 &rarr; <strong>1197</strong><br />(+25 for winning)\n|raw|shewdola's rating: 1171 &rarr; <strong>1146</strong><br />(-25 for losing)\n",
  "uploadtime": 1776685642,
  "views": 12,
  "formatid": "gen9championsvgc2026regma",
  "rating": 1146,
  "private": 0,
  "password": null
}