{
  "id": "gen9championsvgc2026regma-2587000190",
  "format": "[Gen 9 Champions] VGC 2026 Reg M-A",
  "players": [
    "Achro 11",
    "Beada64"
  ],
  "log": "|j|\u2606Achro 11\n|j|\u2606Beada64\n|t:|1776479869\n|gametype|doubles\n|player|p1|Achro 11|cyrus|1284\n|player|p2|Beada64|acetrainer-gen4dp|1188\n|gen|9\n|tier|[Gen 9 Champions] VGC 2026 Reg M-A\n|rated|\n|rule|Species Clause: Limit one of each Pok\u00e9mon\n|rule|Item Clause: Limit 1 of each item\n|clearpoke\n|poke|p1|Talonflame, L50, F|\n|poke|p1|Meowscarada, L50, M|\n|poke|p1|Gardevoir, L50, M|\n|poke|p1|Garchomp, L50, F|\n|poke|p1|Empoleon, L50, M|\n|poke|p1|Froslass, L50, F|\n|poke|p2|Pelipper, L50, M|\n|poke|p2|Archaludon, L50, M|\n|poke|p2|Palafin, L50, F|\n|poke|p2|Meganium, L50, M|\n|poke|p2|Basculegion, L50, M|\n|poke|p2|Lopunny, L50, M|\n|teampreview|4\n|\n|t:|1776479909\n|teamsize|p1|4\n|teamsize|p2|4\n|start\n|switch|p1a: Froslass|Froslass, L50, F|100/100\n|switch|p1b: Talonflame|Talonflame, L50, F|100/100\n|switch|p2a: Palafin|Palafin, L50, F|100/100\n|switch|p2b: Lopunny|Lopunny, L50, M, shiny|100/100\n|turn|1\n|\n|t:|1776479969\n|detailschange|p2a: Palafin|Palafin-Hero, L50, F\n|switch|p2a: Archaludon|Archaludon, L50, M|100/100\n|detailschange|p2b: Lopunny|Lopunny-Mega, L50, M, shiny\n|-mega|p2b: Lopunny|Lopunny|Lopunnite\n|move|p1b: Talonflame|Protect|p1b: Talonflame\n|-singleturn|p1b: Talonflame|Protect\n|move|p2b: Lopunny|Fake Out|p1a: Froslass\n|-damage|p1a: Froslass|72/100\n|cant|p1a: Froslass|flinch\n|\n|upkeep\n|turn|2\n|\n|t:|1776479993\n|switch|p2b: Pelipper|Pelipper, L50, M|100/100\n|-weather|RainDance|[from] ability: Drizzle|[of] p2b: Pelipper\n|move|p1a: Froslass|Protect|p1a: Froslass\n|-singleturn|p1a: Froslass|Protect\n|move|p1b: Talonflame|Dual Wingbeat|p2b: Pelipper\n|-damage|p2b: Pelipper|79/100\n|-damage|p2b: Pelipper|57/100\n|-hitcount|p2b: Pelipper|2\n|move|p2a: Archaludon|Electro Shot||[still]\n|-prepare|p2a: Archaludon|Electro Shot\n|-boost|p2a: Archaludon|spa|1\n|-anim|p2a: Archaludon|Electro Shot|p1b: Talonflame\n|-supereffective|p1b: Talonflame|1\n|-damage|p1b: Talonflame|0 fnt\n|faint|p1b: Talonflame\n|\n|-weather|RainDance|[upkeep]\n|upkeep\n|\n|t:|1776480012\n|switch|p1b: Garchomp|Garchomp, L50, F|100/100\n|turn|3\n|-activate|p2b: Pelipper|item: Quick Claw\n|\n|t:|1776480034\n|detailschange|p1a: Froslass|Froslass-Mega, L50, F\n|-mega|p1a: Froslass|Froslass|Froslassite\n|-weather|Snowscape|[from] ability: Snow Warning|[of] p1a: Froslass\n|move|p2b: Pelipper|Weather Ball|p1a: Froslass\n|-resisted|p1a: Froslass|1\n|-damage|p1a: Froslass|56/100\n|move|p1b: Garchomp|Rock Slide|p2b: Pelipper|[spread] p2a,p2b\n|-resisted|p2a: Archaludon|1\n|-supereffective|p2b: Pelipper|1\n|-damage|p2a: Archaludon|91/100\n|-damage|p2b: Pelipper|0 fnt\n|-ability|p2a: Archaludon|Stamina|boost\n|-boost|p2a: Archaludon|def|1\n|faint|p2b: Pelipper\n|cant|p2a: Archaludon|flinch\n|move|p1a: Froslass|Blizzard|p2a: Archaludon\n|-damage|p2a: Archaludon|0 fnt\n|faint|p2a: Archaludon\n|\n|-weather|Snowscape|[upkeep]\n|upkeep\n|\n|t:|1776480051\n|switch|p2a: Lopunny|Lopunny-Mega, L50, M, shiny|100/100\n|switch|p2b: Palafin|Palafin-Hero, L50, F|100/100\n|-activate|p2b: Palafin|ability: Zero to Hero\n|turn|4\n|\n|t:|1776480074\n|move|p1b: Garchomp|Protect|p1b: Garchomp\n|-singleturn|p1b: Garchomp|Protect\n|move|p1a: Froslass|Protect|p1a: Froslass\n|-singleturn|p1a: Froslass|Protect\n|move|p2a: Lopunny|Fake Out|p1b: Garchomp\n|-activate|p1b: Garchomp|move: Protect\n|move|p2b: Palafin|Wave Crash|p1a: Froslass\n|-activate|p1a: Froslass|move: Protect\n|\n|-weather|Snowscape|[upkeep]\n|upkeep\n|turn|5\n|\n|t:|1776480093\n|move|p2a: Lopunny|Close Combat|p1a: Froslass\n|-supereffective|p1a: Froslass|1\n|-damage|p1a: Froslass|0 fnt\n|-unboost|p2a: Lopunny|def|1\n|-unboost|p2a: Lopunny|spd|1\n|faint|p1a: Froslass\n|move|p2b: Palafin|Wave Crash|p1b: Garchomp\n|-damage|p1b: Garchomp|26/100\n|-damage|p2b: Palafin|88/100|[from] ability: Rough Skin|[of] p1b: Garchomp\n|-damage|p2b: Palafin|62/100|[from] Recoil\n|move|p1b: Garchomp|Dragon Claw|p2a: Lopunny\n|-damage|p2a: Lopunny|12/100\n|\n|-weather|Snowscape|[upkeep]\n|upkeep\n|\n|t:|1776480107\n|switch|p1a: Meowscarada|Meowscarada, L50, M|100/100\n|turn|6\n|\n|t:|1776480128\n|move|p1b: Garchomp|Protect|p1b: Garchomp\n|-singleturn|p1b: Garchomp|Protect\n|move|p1a: Meowscarada|Sucker Punch|p2a: Lopunny\n|-resisted|p2a: Lopunny|1\n|-damage|p2a: Lopunny|0 fnt\n|faint|p2a: Lopunny\n|move|p2b: Palafin|Drain Punch|p1a: Meowscarada\n|-supereffective|p1a: Meowscarada|1\n|-damage|p1a: Meowscarada|8/100\n|-heal|p2b: Palafin|100/100|[from] drain|[of] p1a: Meowscarada\n|\n|-weather|Snowscape|[upkeep]\n|upkeep\n|turn|7\n|c|\u2606Beada64|overgrow meowscarada????\n|\n|t:|1776480167\n|move|p1a: Meowscarada|Protect|p1a: Meowscarada\n|-singleturn|p1a: Meowscarada|Protect\n|move|p2b: Palafin|Jet Punch|p1a: Meowscarada\n|-activate|p1a: Meowscarada|move: Protect\n|move|p1b: Garchomp|Dragon Claw|p2b: Palafin\n|-damage|p2b: Palafin|56/100\n|\n|-weather|none\n|upkeep\n|turn|8\n|\n|t:|1776480177\n|move|p1a: Meowscarada|Sucker Punch|p2b: Palafin\n|-damage|p2b: Palafin|18/100\n|move|p2b: Palafin|Jet Punch|p1a: Meowscarada\n|-resisted|p1a: Meowscarada|1\n|-damage|p1a: Meowscarada|0 fnt\n|faint|p1a: Meowscarada\n|move|p1b: Garchomp|Dragon Claw|p2b: Palafin\n|-damage|p2b: Palafin|0 fnt\n|faint|p2b: Palafin\n|\n|win|Achro 11\n|raw|Achro 11's rating: 1284 &rarr; <strong>1302</strong><br />(+18 for winning)\n|raw|Beada64's rating: 1188 &rarr; <strong>1170</strong><br />(-18 for losing)\n|c|\u2606Beada64|gg\n|c|\u2606Beada64|maybe overgrow is the new meta\n|l|\u2606Beada64\n|player|p2|\n",
  "uploadtime": 1776480309,
  "views": 23,
  "formatid": "gen9championsvgc2026regma",
  "rating": 1170,
  "private": 0,
  "password": null
}