{
  "id": "gen9championsvgc2026regma-2585448289",
  "format": "[Gen 9 Champions] VGC 2026 Reg M-A",
  "players": [
    "ExpectedVariance",
    "dkapflzksh"
  ],
  "log": "|j|\u2606ExpectedVariance\n|j|\u2606dkapflzksh\n|t:|1776347985\n|gametype|doubles\n|player|p1|ExpectedVariance|1|1338\n|player|p2|dkapflzksh|scientist-gen4dp|1442\n|gen|9\n|tier|[Gen 9 Champions] VGC 2026 Reg M-A\n|rated|\n|rule|Species Clause: Limit one of each Pok\u00e9mon\n|rule|Item Clause: Limit 1 of each item\n|clearpoke\n|poke|p1|Floette-Eternal, L50, F|\n|poke|p1|Sinistcha, L50|\n|poke|p1|Aerodactyl, L50, F|\n|poke|p1|Garchomp, L50, M|\n|poke|p1|Incineroar, L50, F|\n|poke|p1|Rotom-Wash, L50|\n|poke|p2|Basculegion, L50, M|\n|poke|p2|Dragonite, L50, F|\n|poke|p2|Archaludon, L50, F|\n|poke|p2|Pelipper, L50, F|\n|poke|p2|Floette-Eternal, L50, F|\n|poke|p2|Kingambit, L50, M|\n|teampreview|4\n|inactive|Battle timer is ON: inactive players will automatically lose when time's up. (requested by ExpectedVariance)\n|inactive|dkapflzksh has 60 seconds left.\n|inactive|dkapflzksh has 30 seconds left.\n|inactive|dkapflzksh has 20 seconds left.\n|inactive|dkapflzksh has 15 seconds left.\n|inactive|dkapflzksh has 10 seconds left.\n|inactive|dkapflzksh has 5 seconds left.\n|\n|t:|1776348094\n|teamsize|p1|4\n|teamsize|p2|4\n|start\n|switch|p1a: Aerodactyl|Aerodactyl, L50, F|100/100\n|switch|p1b: Garchomp|Garchomp, L50, M|100/100\n|switch|p2a: Pelipper|Pelipper, L50, F, shiny|100/100\n|switch|p2b: Basculegion|Basculegion, L50, M, shiny|100/100\n|-ability|p1a: Aerodactyl|Unnerve\n|-weather|RainDance|[from] ability: Drizzle|[of] p2a: Pelipper\n|turn|1\n|inactive|dkapflzksh has 30 seconds left.\n|inactive|dkapflzksh has 20 seconds left.\n|inactive|dkapflzksh has 15 seconds left.\n|\n|t:|1776348134\n|move|p2b: Basculegion|Flip Turn|p1a: Aerodactyl\n|-supereffective|p1a: Aerodactyl|1\n|-enditem|p1a: Aerodactyl|Focus Sash\n|-damage|p1a: Aerodactyl|1/100\n|\n|t:|1776348138\n|switch|p2b: Archaludon|Archaludon, L50, F, shiny|100/100|[from] Flip Turn\n|move|p1a: Aerodactyl|Tailwind|p1a: Aerodactyl\n|-sidestart|p1: ExpectedVariance|move: Tailwind\n|move|p1b: Garchomp|Dragon Claw|p2a: Pelipper\n|-damage|p2a: Pelipper|43/100\n|move|p2a: Pelipper|Tailwind|p2a: Pelipper\n|-sidestart|p2: dkapflzksh|move: Tailwind\n|\n|-weather|RainDance|[upkeep]\n|upkeep\n|turn|2\n|\n|t:|1776348162\n|move|p2a: Pelipper|Wide Guard|p2a: Pelipper\n|-singleturn|p2a: Pelipper|Wide Guard\n|move|p1a: Aerodactyl|Rock Slide|p2a: Pelipper|[spread] \n|-activate|p2a: Pelipper|move: Wide Guard\n|-activate|p2b: Archaludon|move: Wide Guard\n|move|p1b: Garchomp|Earthquake|p2b: Archaludon|[spread] \n|-activate|p2a: Pelipper|move: Wide Guard\n|-activate|p2b: Archaludon|move: Wide Guard\n|-immune|p1a: Aerodactyl\n|move|p2b: Archaludon|Electro Shot||[still]\n|-prepare|p2b: Archaludon|Electro Shot\n|-boost|p2b: Archaludon|spa|1\n|-anim|p2b: Archaludon|Electro Shot|p1a: Aerodactyl\n|-supereffective|p1a: Aerodactyl|1\n|-damage|p1a: Aerodactyl|0 fnt\n|faint|p1a: Aerodactyl\n|\n|-weather|RainDance|[upkeep]\n|upkeep\n|\n|t:|1776348171\n|switch|p1a: Rotom|Rotom-Wash, L50|100/100\n|turn|3\n|\n|t:|1776348192\n|move|p2a: Pelipper|Wide Guard|p2a: Pelipper\n|-singleturn|p2a: Pelipper|Wide Guard\n|move|p1b: Garchomp|Stomping Tantrum|p2b: Archaludon\n|-supereffective|p2b: Archaludon|1\n|-damage|p2b: Archaludon|0 fnt\n|faint|p2b: Archaludon\n|move|p1a: Rotom|Volt Switch|p2a: Pelipper\n|-supereffective|p2a: Pelipper|2\n|-damage|p2a: Pelipper|0 fnt\n|faint|p2a: Pelipper\n|\n|t:|1776348212\n|switch|p1a: Floette|Floette-Eternal, L50, F|100/100|[from] Volt Switch\n|\n|-weather|RainDance|[upkeep]\n|upkeep\n|\n|t:|1776348217\n|switch|p2a: Basculegion|Basculegion, L50, M, shiny|100/100\n|switch|p2b: Floette|Floette-Eternal, L50, F|100/100\n|turn|4\n|inactive|dkapflzksh has 30 seconds left.\n|\n|t:|1776348249\n|detailschange|p1a: Floette|Floette-Mega, L50, F\n|-mega|p1a: Floette|Floette|Floettite\n|-ability|p1a: Floette|Fairy Aura\n|detailschange|p2b: Floette|Floette-Mega, L50, F\n|-mega|p2b: Floette|Floette|Floettite\n|-ability|p2b: Floette|Fairy Aura\n|move|p2a: Basculegion|Last Respects|p1b: Garchomp\n|-damage|p1b: Garchomp|5/100\n|move|p1b: Garchomp|Stomping Tantrum|p2a: Basculegion\n|-damage|p2a: Basculegion|48/100\n|move|p1a: Floette|Dazzling Gleam|p2b: Floette|[spread] p2a,p2b\n|-damage|p2a: Basculegion|0 fnt\n|-damage|p2b: Floette|70/100\n|faint|p2a: Basculegion\n|move|p2b: Floette|Calm Mind|p2b: Floette\n|-boost|p2b: Floette|spa|1\n|-boost|p2b: Floette|spd|1\n|\n|-weather|RainDance|[upkeep]\n|-sideend|p2: dkapflzksh|move: Tailwind\n|-sideend|p1: ExpectedVariance|move: Tailwind\n|upkeep\n|turn|5\n|\n|t:|1776348269\n|move|p1b: Garchomp|Stomping Tantrum|p2b: Floette\n|-damage|p2b: Floette|22/100\n|move|p1a: Floette|Moonblast|p2b: Floette\n|-damage|p2b: Floette|0 fnt\n|faint|p2b: Floette\n|\n|win|ExpectedVariance\n|raw|ExpectedVariance's rating: 1338 &rarr; <strong>1364</strong><br />(+26 for winning)\n|raw|dkapflzksh's rating: 1442 &rarr; <strong>1416</strong><br />(-26 for losing)\n",
  "uploadtime": 1776348269,
  "views": 36,
  "formatid": "gen9championsvgc2026regma",
  "rating": 1364,
  "private": 0,
  "password": null
}