{
  "id": "gen9championsvgc2026regma-2581600918",
  "format": "[Gen 9 Champions] VGC 2026 Reg M-A",
  "players": [
    "rustymircowave",
    "Sceptilicious"
  ],
  "log": "|j|\u2606rustymircowave\n|j|\u2606Sceptilicious\n|t:|1776014192\n|gametype|doubles\n|player|p1|rustymircowave|crasherwake|1080\n|player|p2|Sceptilicious|169|1088\n|gen|9\n|tier|[Gen 9 Champions] VGC 2026 Reg M-A\n|rated|\n|rule|Species Clause: Limit one of each Pok\u00e9mon\n|rule|Item Clause: Limit 1 of each item\n|clearpoke\n|poke|p1|Delphox, L50, F|\n|poke|p1|Torkoal, L50, F|\n|poke|p1|Meganium, L50, F|\n|poke|p1|Garchomp, L50, F|\n|poke|p1|Mimikyu, L50, F|\n|poke|p1|Incineroar, L50, F|\n|poke|p2|Sinistcha, L50|\n|poke|p2|Dragonite, L50, F|\n|poke|p2|Milotic, L50, F|\n|poke|p2|Incineroar, L50, M|\n|poke|p2|Rotom-Wash, L50|\n|poke|p2|Maushold, L50|\n|teampreview|4\n|\n|t:|1776014215\n|teamsize|p1|4\n|teamsize|p2|4\n|start\n|switch|p1a: Garchomp|Garchomp, L50, F|100/100\n|switch|p1b: Delphox|Delphox, L50, F, shiny|100/100\n|switch|p2a: Wolfey|Incineroar, L50, M|100/100\n|switch|p2b: Lucy|Milotic, L50, F, shiny|100/100\n|-ability|p2a: Wolfey|Intimidate|boost\n|-unboost|p1a: Garchomp|atk|1\n|-unboost|p1b: Delphox|atk|1\n|turn|1\n|\n|t:|1776014233\n|detailschange|p1b: Delphox|Delphox-Mega, L50, F, shiny\n|-mega|p1b: Delphox|Delphox|Delphoxite\n|move|p1b: Delphox|Grass Knot|p2b: Lucy\n|-supereffective|p2b: Lucy|1\n|-damage|p2b: Lucy|45/100\n|move|p1a: Garchomp|Earthquake|p2a: Wolfey|[spread] p2a,p2b\n|-immune|p1b: Delphox|[from] ability: Levitate\n|-supereffective|p2a: Wolfey|1\n|-damage|p2a: Wolfey|37/100\n|-damage|p2b: Lucy|20/100\n|move|p2b: Lucy|Ice Beam|p1a: Garchomp\n|-supereffective|p1a: Garchomp|2\n|-damage|p1a: Garchomp|2/100\n|move|p2a: Wolfey|Parting Shot|p1b: Delphox\n|-unboost|p1b: Delphox|atk|1\n|-unboost|p1b: Delphox|spa|1\n|\n|t:|1776014258\n|switch|p2a: Tea Time|Sinistcha, L50|100/100|[from] Parting Shot\n|-heal|p2b: Lucy|45/100|[from] ability: Hospitality|[of] p2a: Tea Time\n|\n|upkeep\n|turn|2\n|\n|t:|1776014272\n|move|p2a: Tea Time|Rage Powder|p2a: Tea Time\n|-singleturn|p2a: Tea Time|move: Rage Powder\n|move|p1b: Delphox|Flamethrower|p2a: Tea Time\n|-supereffective|p2a: Tea Time|1\n|-damage|p2a: Tea Time|22/100\n|-enditem|p2a: Tea Time|Sitrus Berry|[eat]\n|-heal|p2a: Tea Time|47/100|[from] item: Sitrus Berry\n|move|p1a: Garchomp|Earthquake|p2a: Tea Time|[spread] p2a,p2b\n|-immune|p1b: Delphox|[from] ability: Levitate\n|-resisted|p2a: Tea Time|1\n|-damage|p2a: Tea Time|32/100\n|-damage|p2b: Lucy|18/100\n|move|p2b: Lucy|Recover|p2b: Lucy\n|-heal|p2b: Lucy|68/100\n|\n|upkeep\n|turn|3\n|\n|t:|1776014290\n|move|p2a: Tea Time|Rage Powder|p2a: Tea Time\n|-singleturn|p2a: Tea Time|move: Rage Powder\n|move|p1b: Delphox|Flamethrower|p2a: Tea Time\n|-supereffective|p2a: Tea Time|1\n|-damage|p2a: Tea Time|0 fnt\n|faint|p2a: Tea Time\n|move|p1a: Garchomp|Earthquake|p2b: Lucy|[spread] p2b\n|-immune|p1b: Delphox|[from] ability: Levitate\n|-damage|p2b: Lucy|40/100\n|move|p2b: Lucy|Scald|p1b: Delphox\n|-supereffective|p1b: Delphox|1\n|-damage|p1b: Delphox|35/100\n|\n|upkeep\n|\n|t:|1776014306\n|switch|p2a: Wolfey|Incineroar, L50, M|37/100\n|-ability|p2a: Wolfey|Intimidate|boost\n|-unboost|p1a: Garchomp|atk|1\n|-unboost|p1b: Delphox|atk|1\n|turn|4\n|\n|t:|1776014315\n|move|p2a: Wolfey|Fake Out|p1a: Garchomp\n|-damage|p1a: Garchomp|0 fnt\n|faint|p1a: Garchomp\n|-heal|p2a: Wolfey|38/100|[from] item: Shell Bell|[of] p1: Garchomp\n|move|p1b: Delphox|Grass Knot|p2b: Lucy\n|-supereffective|p2b: Lucy|1\n|-damage|p2b: Lucy|3/100\n|move|p2b: Lucy|Recover|p2b: Lucy\n|-heal|p2b: Lucy|53/100\n|\n|upkeep\n|\n|t:|1776014326\n|switch|p1a: Meganium|Meganium, L50, F, shiny|100/100\n|turn|5\n|\n|t:|1776014342\n|move|p1b: Delphox|Psychic|p2a: Wolfey\n|-immune|p2a: Wolfey\n|move|p1a: Meganium|Solar Beam||[still]\n|-prepare|p1a: Meganium|Solar Beam\n|move|p2b: Lucy|Recover|p2b: Lucy\n|-heal|p2b: Lucy|100/100\n|move|p2a: Wolfey|Flare Blitz|p1a: Meganium\n|-supereffective|p1a: Meganium|1\n|-damage|p1a: Meganium|0 fnt\n|faint|p1a: Meganium\n|-damage|p2a: Wolfey|9/100|[from] Recoil\n|-heal|p2a: Wolfey|19/100|[from] item: Shell Bell|[of] p1: Meganium\n|\n|upkeep\n|\n|t:|1776014353\n|switch|p1a: Incineroar|Incineroar, L50, F|100/100\n|-ability|p1a: Incineroar|Intimidate|boost\n|-unboost|p2a: Wolfey|atk|1\n|-unboost|p2b: Lucy|atk|1\n|-ability|p2b: Lucy|Competitive|boost\n|-boost|p2b: Lucy|spa|2\n|turn|6\n|\n|t:|1776014367\n|move|p1a: Incineroar|Fake Out|p2a: Wolfey\n|-damage|p2a: Wolfey|8/100\n|move|p1b: Delphox|Grass Knot|p2b: Lucy\n|-supereffective|p2b: Lucy|1\n|-damage|p2b: Lucy|60/100\n|move|p2b: Lucy|Rain Dance|p2b: Lucy\n|-weather|RainDance\n|cant|p2a: Wolfey|flinch\n|\n|-weather|RainDance|[upkeep]\n|upkeep\n|turn|7\n|\n|t:|1776014380\n|move|p1b: Delphox|Grass Knot|p2b: Lucy\n|-supereffective|p2b: Lucy|1\n|-damage|p2b: Lucy|20/100\n|move|p2b: Lucy|Scald|p1b: Delphox\n|-supereffective|p1b: Delphox|1\n|-damage|p1b: Delphox|0 fnt\n|faint|p1b: Delphox\n|move|p2a: Wolfey|Parting Shot|p1a: Incineroar\n|-unboost|p1a: Incineroar|atk|1\n|-unboost|p1a: Incineroar|spa|1\n|\n|t:|1776014389\n|switch|p2a: Nicole|Dragonite, L50, F, shiny|100/100|[from] Parting Shot\n|move|p1a: Incineroar|Darkest Lariat|p2a: Nicole\n|-damage|p2a: Nicole|73/100\n|\n|-weather|RainDance|[upkeep]\n|upkeep\n|turn|8\n|\n|t:|1776014400\n|detailschange|p2a: Nicole|Dragonite-Mega, L50, F, shiny\n|-mega|p2a: Nicole|Dragonite|Dragoninite\n|move|p2a: Nicole|Draco Meteor|p1a: Incineroar\n|-damage|p1a: Incineroar|39/100\n|-unboost|p2a: Nicole|spa|2\n|-enditem|p1a: Incineroar|Sitrus Berry|[eat]\n|-heal|p1a: Incineroar|64/100|[from] item: Sitrus Berry\n|move|p2b: Lucy|Scald|p1a: Incineroar\n|-supereffective|p1a: Incineroar|1\n|-damage|p1a: Incineroar|0 fnt\n|faint|p1a: Incineroar\n|\n|win|Sceptilicious\n|raw|rustymircowave's rating: 1080 &rarr; <strong>1059</strong><br />(-21 for losing)\n|raw|Sceptilicious's rating: 1088 &rarr; <strong>1114</strong><br />(+26 for winning)\n|l|\u2606rustymircowave\n|player|p1|\n",
  "uploadtime": 1776014415,
  "views": 14,
  "formatid": "gen9championsvgc2026regma",
  "rating": 1059,
  "private": 0,
  "password": null
}