{
  "id": "gen9championsvgc2026regma-2585811924",
  "format": "[Gen 9 Champions] VGC 2026 Reg M-A",
  "players": [
    "Poyogobrr",
    "Tserulean"
  ],
  "log": "|j|\u2606Poyogobrr\n|j|\u2606Tserulean\n|t:|1776372411\n|gametype|doubles\n|player|p1|Poyogobrr|170|1070\n|player|p2|Tserulean|hilda|1028\n|gen|9\n|tier|[Gen 9 Champions] VGC 2026 Reg M-A\n|rated|\n|rule|Species Clause: Limit one of each Pok\u00e9mon\n|rule|Item Clause: Limit 1 of each item\n|clearpoke\n|poke|p1|Hawlucha, L50, M|\n|poke|p1|Garchomp, L50, F|\n|poke|p1|Tinkaton, L50, F|\n|poke|p1|Kingambit, L50, M|\n|poke|p1|Altaria, L50, F|\n|poke|p1|Rotom-Wash, L50|\n|poke|p2|Tyranitar, L50, F|\n|poke|p2|Sinistcha, L50|\n|poke|p2|Sneasler, L50, F|\n|poke|p2|Rotom-Heat, L50|\n|poke|p2|Whimsicott, L50, M|\n|poke|p2|Aegislash, L50, F|\n|teampreview|4\n|inactive|Battle timer is ON: inactive players will automatically lose when time's up. (requested by Poyogobrr)\n|c|\u2606Tserulean|nice pic\n|inactive|Poyogobrr has 60 seconds left.\n|inactive|Tserulean has 60 seconds left.\n|\n|t:|1776372457\n|teamsize|p1|4\n|teamsize|p2|4\n|start\n|switch|p1a: Altaria|Altaria, L50, F|100/100\n|switch|p1b: Tinkaton|Tinkaton, L50, F|100/100\n|switch|p2a: Sneasler|Sneasler, L50, F|100/100\n|switch|p2b: Whimsicott|Whimsicott, L50, M, shiny|100/100\n|-ability|p1a: Altaria|Cloud Nine\n|turn|1\n|\n|t:|1776372476\n|move|p1a: Altaria|Protect|p1a: Altaria\n|-singleturn|p1a: Altaria|Protect\n|move|p2a: Sneasler|Fake Out|p1b: Tinkaton\n|-resisted|p1b: Tinkaton|1\n|-damage|p1b: Tinkaton|94/100\n|move|p2b: Whimsicott|Tailwind|p2b: Whimsicott\n|-sidestart|p2: Tserulean|move: Tailwind\n|cant|p1b: Tinkaton|flinch\n|\n|-heal|p1b: Tinkaton|99/100|[from] item: Leftovers\n|upkeep\n|turn|2\n|\n|t:|1776372498\n|detailschange|p1a: Altaria|Altaria-Mega, L50, F\n|-mega|p1a: Altaria|Altaria|Altarianite\n|move|p2b: Whimsicott|Encore|p1a: Altaria\n|-start|p1a: Altaria|Encore\n|move|p1a: Altaria|Protect||[still]\n|-fail|p1a: Altaria\n|move|p2a: Sneasler|Close Combat|p1b: Tinkaton\n|-damage|p1b: Tinkaton|45/100\n|-unboost|p2a: Sneasler|def|1\n|-unboost|p2a: Sneasler|spd|1\n|move|p1b: Tinkaton|Gigaton Hammer|p2b: Whimsicott\n|-supereffective|p2b: Whimsicott|1\n|-crit|p2b: Whimsicott\n|-damage|p2b: Whimsicott|0 fnt\n|faint|p2b: Whimsicott\n|\n|-heal|p1b: Tinkaton|51/100|[from] item: Leftovers\n|upkeep\n|\n|t:|1776372513\n|switch|p2b: Tyranitar|Tyranitar, L50, F|100/100\n|-weather|Sandstorm|[from] ability: Sand Stream|[of] p2b: Tyranitar\n|turn|3\n|inactive|Poyogobrr has 30 seconds left.\n|\n|t:|1776372542\n|switch|p1a: Kingambit|Kingambit, L50, M|100/100\n|move|p2a: Sneasler|Dire Claw|p1a: Kingambit\n|-immune|p1a: Kingambit\n|move|p2b: Tyranitar|Dragon Dance|p2b: Tyranitar\n|-boost|p2b: Tyranitar|atk|1\n|-boost|p2b: Tyranitar|spe|1\n|move|p1b: Tinkaton|Brick Break|p2a: Sneasler\n|-resisted|p2a: Sneasler|1\n|-damage|p2a: Sneasler|82/100\n|\n|-weather|Sandstorm|[upkeep]\n|-damage|p2a: Sneasler|76/100|[from] Sandstorm\n|-heal|p1b: Tinkaton|57/100|[from] item: Leftovers\n|upkeep\n|turn|4\n|inactive|Poyogobrr has 30 seconds left.\n|\n|t:|1776372571\n|switch|p1b: Altaria|Altaria-Mega, L50, F|100/100\n|detailschange|p2b: Tyranitar|Tyranitar-Mega, L50, F\n|-mega|p2b: Tyranitar|Tyranitar|Tyranitarite\n|move|p1a: Kingambit|Protect|p1a: Kingambit\n|-singleturn|p1a: Kingambit|Protect\n|move|p2a: Sneasler|Close Combat|p1a: Kingambit\n|-activate|p1a: Kingambit|move: Protect\n|move|p2b: Tyranitar|Rock Slide|p1a: Kingambit|[spread] p1b\n|-activate|p1a: Kingambit|move: Protect\n|-damage|p1b: Altaria|52/100\n|\n|-weather|Sandstorm|[upkeep]\n|-damage|p2a: Sneasler|71/100|[from] Sandstorm\n|-damage|p1b: Altaria|46/100|[from] Sandstorm\n|-sideend|p2: Tserulean|move: Tailwind\n|upkeep\n|turn|5\n|inactive|Poyogobrr has 30 seconds left.\n|inactive|Poyogobrr has 20 seconds left.\n|\n|t:|1776372607\n|switch|p1a: Hawlucha|Hawlucha, L50, M|100/100\n|-ability|p1a: Hawlucha|Mold Breaker\n|move|p1b: Altaria|Protect|p1b: Altaria\n|-singleturn|p1b: Altaria|Protect\n|move|p2a: Sneasler|Close Combat|p1a: Hawlucha\n|-resisted|p1a: Hawlucha|1\n|-damage|p1a: Hawlucha|54/100\n|-unboost|p2a: Sneasler|def|1\n|-unboost|p2a: Sneasler|spd|1\n|move|p2b: Tyranitar|Rock Slide|p1b: Altaria|[spread] \n|-activate|p1b: Altaria|move: Protect\n|-miss|p2b: Tyranitar|p1a: Hawlucha\n|\n|-weather|Sandstorm|[upkeep]\n|-damage|p2a: Sneasler|65/100|[from] Sandstorm\n|-damage|p1a: Hawlucha|48/100|[from] Sandstorm\n|-damage|p1b: Altaria|40/100|[from] Sandstorm\n|upkeep\n|turn|6\n|inactive|Poyogobrr has 30 seconds left.\n|\n|t:|1776372633\n|move|p2a: Sneasler|Dire Claw|p1b: Altaria\n|-supereffective|p1b: Altaria|1\n|-damage|p1b: Altaria|0 fnt\n|faint|p1b: Altaria\n|move|p2b: Tyranitar|Rock Slide|p1a: Hawlucha\n|-damage|p1a: Hawlucha|0 fnt\n|faint|p1a: Hawlucha\n|\n|-weather|Sandstorm|[upkeep]\n|-damage|p2a: Sneasler|59/100|[from] Sandstorm\n|upkeep\n|\n|t:|1776372640\n|switch|p1a: Tinkaton|Tinkaton, L50, F|57/100\n|switch|p1b: Kingambit|Kingambit, L50, M|100/100\n|turn|7\n|\n|t:|1776372656\n|move|p2a: Sneasler|Protect|p2a: Sneasler\n|-singleturn|p2a: Sneasler|Protect\n|move|p1a: Tinkaton|Fake Out|p2a: Sneasler\n|-activate|p2a: Sneasler|move: Protect\n|move|p2b: Tyranitar|Dragon Dance|p2b: Tyranitar\n|-boost|p2b: Tyranitar|atk|1\n|-boost|p2b: Tyranitar|spe|1\n|move|p1b: Kingambit|Guillotine|p2b: Tyranitar|[miss]\n|-miss|p1b: Kingambit|p2b: Tyranitar\n|\n|-weather|none\n|-heal|p1a: Tinkaton|62/100|[from] item: Leftovers\n|upkeep\n|turn|8\n|\n|t:|1776372679\n|move|p1b: Kingambit|Protect|p1b: Kingambit\n|-singleturn|p1b: Kingambit|Protect\n|move|p2b: Tyranitar|Rock Slide|p1a: Tinkaton|[spread] \n|-activate|p1b: Kingambit|move: Protect\n|-miss|p2b: Tyranitar|p1a: Tinkaton\n|move|p2a: Sneasler|Close Combat|p1a: Tinkaton\n|-damage|p1a: Tinkaton|3/100\n|-unboost|p2a: Sneasler|def|1\n|-unboost|p2a: Sneasler|spd|1\n|move|p1a: Tinkaton|Brick Break|p2b: Tyranitar\n|-supereffective|p2b: Tyranitar|2\n|-damage|p2b: Tyranitar|58/100\n|\n|-heal|p1a: Tinkaton|9/100|[from] item: Leftovers\n|upkeep\n|turn|9\n|\n|t:|1776372698\n|move|p1b: Kingambit|Sucker Punch|p2a: Sneasler\n|-resisted|p2a: Sneasler|1\n|-damage|p2a: Sneasler|0 fnt\n|faint|p2a: Sneasler\n|move|p2b: Tyranitar|Rock Slide|p1a: Tinkaton|[spread] p1a,p1b\n|-resisted|p1a: Tinkaton|1\n|-resisted|p1b: Kingambit|1\n|-damage|p1a: Tinkaton|0 fnt\n|-damage|p1b: Kingambit|70/100\n|faint|p1a: Tinkaton\n|\n|upkeep\n|\n|t:|1776372707\n|switch|p2a: Aegislash|Aegislash, L50, F|100/100\n|turn|10\n|\n|t:|1776372730\n|move|p2b: Tyranitar|Crunch|p1b: Kingambit\n|-resisted|p1b: Kingambit|1\n|-damage|p1b: Kingambit|24/100\n|-formechange|p2a: Aegislash|Aegislash-Blade|\n|move|p2a: Aegislash|Shadow Ball|p1b: Kingambit\n|-resisted|p1b: Kingambit|1\n|-damage|p1b: Kingambit|3/100\n|-unboost|p1b: Kingambit|spd|1\n|-ability|p1b: Kingambit|Defiant|boost\n|-boost|p1b: Kingambit|atk|2\n|move|p1b: Kingambit|Guillotine|p2b: Tyranitar\n|-damage|p2b: Tyranitar|0 fnt\n|faint|p2b: Tyranitar\n|-ohko\n|\n|upkeep\n|turn|11\n|\n|t:|1776372744\n|move|p1b: Kingambit|Sucker Punch|p2a: Aegislash\n|-supereffective|p2a: Aegislash|1\n|-damage|p2a: Aegislash|0 fnt\n|faint|p2a: Aegislash\n|\n|win|Poyogobrr\n|raw|Poyogobrr's rating: 1070 &rarr; <strong>1096</strong><br />(+26 for winning)\n|raw|Tserulean's rating: 1028 &rarr; <strong>1016</strong><br />(-12 for losing)\n",
  "uploadtime": 1776372748,
  "views": 23,
  "formatid": "gen9championsvgc2026regma",
  "rating": 1016,
  "private": 0,
  "password": null
}