{
  "id": "gen9championsvgc2026regma-2580531879",
  "format": "[Gen 9 Champions] VGC 2026 Reg M-A",
  "players": [
    "LampTG",
    "coursermaker2"
  ],
  "log": "|j|\u2606LampTG\n|j|\u2606coursermaker2\n|t:|1775909589\n|gametype|doubles\n|player|p1|LampTG|101|1000\n|player|p2|coursermaker2|lucas|1000\n|gen|9\n|tier|[Gen 9 Champions] VGC 2026 Reg M-A\n|rated|\n|rule|Species Clause: Limit one of each Pok\u00e9mon\n|rule|Item Clause: Limit 1 of each item\n|clearpoke\n|poke|p1|Charizard, L50, F|\n|poke|p1|Arcanine-Hisui, L50, M|\n|poke|p1|Typhlosion-Hisui, L50, F|\n|poke|p1|Clefable, L50, F|\n|poke|p1|Garchomp, L50, F|\n|poke|p1|Meowscarada, L50, M|\n|poke|p2|Scovillain, L50, M|\n|poke|p2|Conkeldurr, L50, F|\n|poke|p2|Charizard, L50, F|\n|poke|p2|Venusaur, L50, M|\n|poke|p2|Farigiraf, L50, M|\n|poke|p2|Incineroar, L50, M|\n|teampreview|4\n|inactive|Battle timer is ON: inactive players will automatically lose when time's up. (requested by LampTG)\n|\n|t:|1775909604\n|teamsize|p1|4\n|teamsize|p2|4\n|start\n|switch|p1a: Arcanine|Arcanine-Hisui, L50, M|100/100\n|switch|p1b: Garchomp|Garchomp, L50, F|100/100\n|switch|p2a: Farigiraf|Farigiraf, L50, M|100/100\n|switch|p2b: Incineroar|Incineroar, L50, M|100/100\n|-ability|p1a: Arcanine|Intimidate|boost\n|-unboost|p2a: Farigiraf|atk|1\n|-unboost|p2b: Incineroar|atk|1\n|-ability|p2b: Incineroar|Intimidate|boost\n|-unboost|p1a: Arcanine|atk|1\n|-unboost|p1b: Garchomp|atk|1\n|turn|1\n|inactive|LampTG has 30 seconds left.\n|\n|t:|1775909636\n|move|p1b: Garchomp|Stone Edge|p2b: Incineroar|[miss]\n|-miss|p1b: Garchomp|p2b: Incineroar\n|move|p1a: Arcanine|Rock Slide|p2a: Farigiraf|[spread] p2a,p2b\n|-supereffective|p2b: Incineroar|1\n|-damage|p2a: Farigiraf|87/100\n|-damage|p2b: Incineroar|68/100\n|move|p2b: Incineroar|Parting Shot|p1b: Garchomp\n|-unboost|p1b: Garchomp|atk|1\n|-unboost|p1b: Garchomp|spa|1\n|c|\u2606LampTG|gg\n|\n|t:|1775909647\n|switch|p2b: Scovillain|Scovillain, L50, M|100/100|[from] Parting Shot\n|move|p2a: Farigiraf|Trick Room|p2a: Farigiraf\n|-fieldstart|move: Trick Room|[of] p2a: Farigiraf\n|\n|upkeep\n|turn|2\n|\n|t:|1775909663\n|switch|p2a: Conkeldurr|Conkeldurr, L50, F|100/100\n|detailschange|p2b: Scovillain|Scovillain-Mega, L50, M\n|-mega|p2b: Scovillain|Scovillain|Scovillainite\n|move|p2b: Scovillain|Protect|p2b: Scovillain\n|-singleturn|p2b: Scovillain|Protect\n|move|p1a: Arcanine|Rock Slide|p2a: Conkeldurr|[spread] p2a\n|-activate|p2b: Scovillain|move: Protect\n|-resisted|p2a: Conkeldurr|1\n|-damage|p2a: Conkeldurr|93/100\n|move|p1b: Garchomp|Stone Edge|p2b: Scovillain\n|-activate|p2b: Scovillain|move: Protect\n|\n|upkeep\n|turn|3\n|\n|t:|1775909684\n|move|p1a: Arcanine|Protect|p1a: Arcanine\n|-singleturn|p1a: Arcanine|Protect\n|move|p1b: Garchomp|Protect|p1b: Garchomp\n|-singleturn|p1b: Garchomp|Protect\n|move|p2b: Scovillain|Rage Powder|p2b: Scovillain\n|-singleturn|p2b: Scovillain|move: Rage Powder\n|move|p2a: Conkeldurr|Earthquake|p1b: Garchomp|[spread] p2b\n|-activate|p1a: Arcanine|move: Protect\n|-activate|p1b: Garchomp|move: Protect\n|-damage|p2b: Scovillain|64/100\n|-status|p2a: Conkeldurr|brn|[from] ability: Spicy Spray|[of] p2b: Scovillain\n|\n|-damage|p2a: Conkeldurr|87/100 brn|[from] brn\n|upkeep\n|turn|4\n|\n|t:|1775909706\n|switch|p1a: Typhlosion|Typhlosion-Hisui, L50, F|100/100\n|switch|p1b: Charizard|Charizard, L50, F|100/100\n|move|p2a: Conkeldurr|Earthquake|p1a: Typhlosion|[spread] p2b,p1a\n|-immune|p1b: Charizard\n|-supereffective|p1a: Typhlosion|1\n|-damage|p2b: Scovillain|14/100\n|-damage|p1a: Typhlosion|0 fnt\n|faint|p1a: Typhlosion\n|move|p2b: Scovillain|Endeavor|p1b: Charizard\n|-damage|p1b: Charizard|14/100\n|\n|-damage|p2a: Conkeldurr|81/100 brn|[from] brn\n|upkeep\n|\n|t:|1775909717\n|switch|p1a: Arcanine|Arcanine-Hisui, L50, M|100/100\n|-ability|p1a: Arcanine|Intimidate|boost\n|-unboost|p2a: Conkeldurr|atk|1\n|-unboost|p2b: Scovillain|atk|1\n|turn|5\n|\n|t:|1775909731\n|switch|p2a: Incineroar|Incineroar, L50, M|68/100\n|-ability|p2a: Incineroar|Intimidate|boost\n|-unboost|p1a: Arcanine|atk|1\n|-unboost|p1b: Charizard|atk|1\n|detailschange|p1b: Charizard|Charizard-Mega-Y, L50, F\n|-mega|p1b: Charizard|Charizard|Charizardite Y\n|-weather|SunnyDay|[from] ability: Drought|[of] p1b: Charizard\n|move|p1a: Arcanine|Extreme Speed|p2b: Scovillain\n|-damage|p2b: Scovillain|0 fnt\n|-immune|p1a: Arcanine\n|faint|p2b: Scovillain\n|move|p1b: Charizard|Air Slash|p2a: Incineroar\n|-damage|p2a: Incineroar|16/100\n|\n|-weather|SunnyDay|[upkeep]\n|-fieldend|move: Trick Room\n|upkeep\n|\n|t:|1775909742\n|switch|p2b: Farigiraf|Farigiraf, L50, M|87/100\n|turn|6\n|\n|t:|1775909752\n|move|p2a: Incineroar|Fake Out|p1b: Charizard\n|-damage|p1b: Charizard|0 fnt\n|faint|p1b: Charizard\n|move|p1a: Arcanine|Rock Slide|p2a: Incineroar|[spread] p2a,p2b\n|-supereffective|p2a: Incineroar|1\n|-damage|p2a: Incineroar|0 fnt\n|-damage|p2b: Farigiraf|71/100\n|faint|p2a: Incineroar\n|cant|p2b: Farigiraf|flinch\n|\n|-weather|SunnyDay|[upkeep]\n|upkeep\n|\n|t:|1775909762\n|switch|p1b: Garchomp|Garchomp, L50, F|100/100\n|switch|p2a: Conkeldurr|Conkeldurr, L50, F|81/100 brn\n|turn|7\n|inactive|LampTG has 30 seconds left.\n|\n|t:|1775909789\n|move|p1b: Garchomp|Earthquake|p2a: Conkeldurr|[spread] p1a,p2a,p2b\n|-supereffective|p1a: Arcanine|2\n|-enditem|p1a: Arcanine|Shuca Berry|[eat]\n|-enditem|p1a: Arcanine|Shuca Berry|[weaken]\n|-damage|p1a: Arcanine|0 fnt\n|-damage|p2a: Conkeldurr|38/100 brn\n|-damage|p2b: Farigiraf|31/100\n|-enditem|p2a: Conkeldurr|Sitrus Berry|[eat]\n|-heal|p2a: Conkeldurr|63/100 brn|[from] item: Sitrus Berry\n|faint|p1a: Arcanine\n|move|p2a: Conkeldurr|Drain Punch|p1b: Garchomp\n|-crit|p1b: Garchomp\n|-damage|p1b: Garchomp|0 fnt\n|-heal|p2a: Conkeldurr|100/100 brn|[from] drain|[of] p1b: Garchomp\n|-damage|p2a: Conkeldurr|88/100 brn|[from] ability: Rough Skin|[of] p1b: Garchomp\n|faint|p1b: Garchomp\n|\n|win|coursermaker2\n|raw|LampTG's rating: 1000 &rarr; <strong>1000</strong><br />(+0 for losing)\n|raw|coursermaker2's rating: 1000 &rarr; <strong>1040</strong><br />(+40 for winning)\n|l|\u2606LampTG\n|player|p1|\n",
  "uploadtime": 1775909815,
  "views": 47,
  "formatid": "gen9championsvgc2026regma",
  "rating": 1000,
  "private": 0,
  "password": null
}