{
  "id": "gen9championsvgc2026regma-2587856076",
  "format": "[Gen 9 Champions] VGC 2026 Reg M-A",
  "players": [
    "aggsapphire",
    "KingzinPro2026"
  ],
  "log": "|j|\u2606aggsapphire\n|j|\u2606KingzinPro2026\n|t:|1776571139\n|gametype|doubles\n|player|p1|aggsapphire|265|1189\n|player|p2|KingzinPro2026|giovanni|1168\n|gen|9\n|tier|[Gen 9 Champions] VGC 2026 Reg M-A\n|rated|\n|rule|Species Clause: Limit one of each Pok\u00e9mon\n|rule|Item Clause: Limit 1 of each item\n|clearpoke\n|poke|p1|Floette-Eternal, L50, F|\n|poke|p1|Corviknight, L50, M|\n|poke|p1|Sinistcha, L50|\n|poke|p1|Politoed, L50, F|\n|poke|p1|Tyranitar, L50, M|\n|poke|p1|Incineroar, L50, F|\n|poke|p2|Tyranitar, L50, M|\n|poke|p2|Excadrill, L50, F|\n|poke|p2|Incineroar, L50, M|\n|poke|p2|Rotom-Wash, L50|\n|poke|p2|Clefable, L50, M|\n|poke|p2|Corviknight, L50, F|\n|teampreview|4\n|\n|t:|1776571164\n|teamsize|p1|4\n|teamsize|p2|4\n|start\n|switch|p1a: Incineroar|Incineroar, L50, F|100/100\n|switch|p1b: Corviknight|Corviknight, L50, M|100/100\n|switch|p2a: Rotom|Rotom-Wash, L50|100/100\n|switch|p2b: Excadrill|Excadrill, L50, F|100/100\n|-ability|p1a: Incineroar|Intimidate|boost\n|-unboost|p2a: Rotom|atk|1\n|-unboost|p2b: Excadrill|atk|1\n|turn|1\n|\n|t:|1776571181\n|move|p2b: Excadrill|Protect|p2b: Excadrill\n|-singleturn|p2b: Excadrill|Protect\n|move|p1a: Incineroar|Fake Out|p2a: Rotom\n|-damage|p2a: Rotom|89/100\n|cant|p2a: Rotom|flinch\n|move|p1b: Corviknight|Bulk Up|p1b: Corviknight\n|-boost|p1b: Corviknight|atk|1\n|-boost|p1b: Corviknight|def|1\n|\n|upkeep\n|turn|2\n|\n|t:|1776571201\n|move|p2a: Rotom|Discharge|p1a: Incineroar|[spread] p1a\n|-immune|p2b: Excadrill\n|-miss|p2a: Rotom|p1b: Corviknight\n|-damage|p1a: Incineroar|79/100\n|-status|p1a: Incineroar|par\n|move|p2b: Excadrill|Earthquake|p1a: Incineroar|[spread] p1a\n|-immune|p2a: Rotom|[from] ability: Levitate\n|-immune|p1b: Corviknight\n|-supereffective|p1a: Incineroar|1\n|-damage|p1a: Incineroar|33/100 par\n|move|p1b: Corviknight|Body Press|p2b: Excadrill\n|-supereffective|p2b: Excadrill|1\n|-damage|p2b: Excadrill|6/100\n|move|p1a: Incineroar|Parting Shot|p2a: Rotom\n|-unboost|p2a: Rotom|atk|1\n|-unboost|p2a: Rotom|spa|1\n|\n|t:|1776571221\n|switch|p1a: Floette|Floette-Eternal, L50, F|100/100|[from] Parting Shot\n|\n|upkeep\n|turn|3\n|\n|t:|1776571244\n|detailschange|p1a: Floette|Floette-Mega, L50, F\n|-mega|p1a: Floette|Floette|Floettite\n|-ability|p1a: Floette|Fairy Aura\n|move|p2b: Excadrill|Protect|p2b: Excadrill\n|-singleturn|p2b: Excadrill|Protect\n|move|p2a: Rotom|Discharge|p1b: Corviknight|[spread] p1a,p1b\n|-activate|p2b: Excadrill|move: Protect\n|-supereffective|p1b: Corviknight|1\n|-damage|p1a: Floette|87/100\n|-damage|p1b: Corviknight|67/100\n|move|p1a: Floette|Calm Mind|p1a: Floette\n|-boost|p1a: Floette|spa|1\n|-boost|p1a: Floette|spd|1\n|move|p1b: Corviknight|Body Press|p2b: Excadrill\n|-activate|p2b: Excadrill|move: Protect\n|\n|upkeep\n|turn|4\n|\n|t:|1776571267\n|move|p2a: Rotom|Discharge|p1b: Corviknight|[spread] p1a,p1b\n|-immune|p2b: Excadrill\n|-supereffective|p1b: Corviknight|1\n|-damage|p1a: Floette|78/100\n|-damage|p1b: Corviknight|34/100\n|-status|p1b: Corviknight|par\n|move|p2b: Excadrill|Iron Head|p1a: Floette\n|-supereffective|p1a: Floette|1\n|-damage|p1a: Floette|18/100\n|move|p1a: Floette|Moonblast|p2a: Rotom\n|-damage|p2a: Rotom|0 fnt\n|faint|p2a: Rotom\n|move|p1b: Corviknight|Body Press|p2b: Excadrill\n|-supereffective|p2b: Excadrill|1\n|-damage|p2b: Excadrill|0 fnt\n|faint|p2b: Excadrill\n|\n|upkeep\n|\n|t:|1776571287\n|switch|p2b: Tyranitar|Tyranitar, L50, M|100/100\n|switch|p2a: Incineroar|Incineroar, L50, M|100/100\n|-weather|Sandstorm|[from] ability: Sand Stream|[of] p2b: Tyranitar\n|-ability|p2a: Incineroar|Intimidate|boost\n|-unboost|p1a: Floette|atk|1\n|-ability|p1b: Corviknight|Mirror Armor\n|-unboost|p2a: Incineroar|atk|1\n|turn|5\n|\n|t:|1776571304\n|switch|p1a: Sinistcha|Sinistcha, L50|100/100\n|-heal|p1b: Corviknight|59/100 par|[from] ability: Hospitality|[of] p1a: Sinistcha\n|detailschange|p2b: Tyranitar|Tyranitar-Mega, L50, M\n|-mega|p2b: Tyranitar|Tyranitar|Tyranitarite\n|move|p2a: Incineroar|Fake Out|p1a: Sinistcha\n|-immune|p1a: Sinistcha\n|move|p2b: Tyranitar|Rock Slide|p1b: Corviknight|[spread] p1a,p1b\n|-damage|p1a: Sinistcha|67/100\n|-damage|p1b: Corviknight|41/100 par\n|cant|p1b: Corviknight|flinch\n|\n|-weather|Sandstorm|[upkeep]\n|-damage|p1a: Sinistcha|61/100|[from] Sandstorm\n|-damage|p2a: Incineroar|95/100|[from] Sandstorm\n|upkeep\n|turn|6\n|\n|t:|1776571335\n|switch|p1a: Incineroar|Incineroar, L50, F|33/100 par\n|-ability|p1a: Incineroar|Intimidate|boost\n|-unboost|p2a: Incineroar|atk|1\n|-unboost|p2b: Tyranitar|atk|1\n|move|p2b: Tyranitar|Rock Slide|p1a: Incineroar|[spread] p1a,p1b\n|-supereffective|p1a: Incineroar|1\n|-damage|p1a: Incineroar|0 fnt\n|-damage|p1b: Corviknight|30/100 par\n|faint|p1a: Incineroar\n|move|p2a: Incineroar|Throat Chop|p1b: Corviknight\n|-damage|p1b: Corviknight|20/100 par\n|-start|p1b: Corviknight|Throat Chop|[silent]\n|cant|p1b: Corviknight|flinch\n|\n|-weather|Sandstorm|[upkeep]\n|-damage|p2a: Incineroar|89/100|[from] Sandstorm\n|upkeep\n|\n|t:|1776571348\n|switch|p1a: Sinistcha|Sinistcha, L50|61/100\n|-heal|p1b: Corviknight|45/100 par|[from] ability: Hospitality|[of] p1a: Sinistcha\n|turn|7\n|\n|t:|1776571361\n|move|p1a: Sinistcha|Protect|p1a: Sinistcha\n|-singleturn|p1a: Sinistcha|Protect\n|move|p2b: Tyranitar|Rock Slide|p1a: Sinistcha|[spread] p1b\n|-activate|p1a: Sinistcha|move: Protect\n|-damage|p1b: Corviknight|32/100 par\n|move|p2a: Incineroar|Throat Chop|p1a: Sinistcha\n|-activate|p1a: Sinistcha|move: Protect\n|move|p1b: Corviknight|Bulk Up|p1b: Corviknight\n|-boost|p1b: Corviknight|atk|1\n|-boost|p1b: Corviknight|def|1\n|\n|-weather|Sandstorm|[upkeep]\n|-damage|p1a: Sinistcha|54/100|[from] Sandstorm\n|-damage|p2a: Incineroar|83/100|[from] Sandstorm\n|-end|p1b: Corviknight|Throat Chop|[silent]\n|upkeep\n|turn|8\n|\n|t:|1776571387\n|move|p2b: Tyranitar|Protect|p2b: Tyranitar\n|-singleturn|p2b: Tyranitar|Protect\n|move|p1a: Sinistcha|Life Dew|p1a: Sinistcha|[spread] p1a,p1b\n|-heal|p1a: Sinistcha|80/100\n|-heal|p1b: Corviknight|57/100 par\n|move|p2a: Incineroar|Flare Blitz|p1b: Corviknight\n|-supereffective|p1b: Corviknight|1\n|-damage|p1b: Corviknight|38/100 par\n|-damage|p2a: Incineroar|76/100|[from] Recoil\n|move|p1b: Corviknight|Roost|p1b: Corviknight\n|-heal|p1b: Corviknight|88/100 par\n|-singleturn|p1b: Corviknight|move: Roost\n|\n|-weather|Sandstorm|[upkeep]\n|-damage|p1a: Sinistcha|74/100|[from] Sandstorm\n|-damage|p2a: Incineroar|70/100|[from] Sandstorm\n|upkeep\n|turn|9\n|\n|t:|1776571412\n|move|p1a: Sinistcha|Protect|p1a: Sinistcha\n|-singleturn|p1a: Sinistcha|Protect\n|move|p2b: Tyranitar|Rock Slide|p1b: Corviknight|[spread] \n|-activate|p1a: Sinistcha|move: Protect\n|-miss|p2b: Tyranitar|p1b: Corviknight\n|move|p2a: Incineroar|Flare Blitz|p1b: Corviknight\n|-supereffective|p1b: Corviknight|1\n|-damage|p1b: Corviknight|68/100 par\n|-damage|p2a: Incineroar|63/100|[from] Recoil\n|move|p1b: Corviknight|Bulk Up|p1b: Corviknight\n|-boost|p1b: Corviknight|atk|1\n|-boost|p1b: Corviknight|def|1\n|\n|-weather|none\n|upkeep\n|turn|10\n|\n|t:|1776571444\n|move|p2b: Tyranitar|Knock Off|p1a: Sinistcha\n|-supereffective|p1a: Sinistcha|1\n|-damage|p1a: Sinistcha|2/100\n|-enditem|p1a: Sinistcha|Sitrus Berry|[from] move: Knock Off|[of] p2b: Tyranitar\n|move|p1a: Sinistcha|Matcha Gotcha|p2a: Incineroar|[spread] p2a,p2b\n|-resisted|p2a: Incineroar|1\n|-supereffective|p2b: Tyranitar|1\n|-damage|p2a: Incineroar|55/100\n|-heal|p1a: Sinistcha|7/100|[from] drain|[of] p2a: Incineroar\n|-damage|p2b: Tyranitar|66/100\n|-heal|p1a: Sinistcha|27/100|[from] drain|[of] p2b: Tyranitar\n|move|p2a: Incineroar|Parting Shot|p1b: Corviknight\n|-ability|p1b: Corviknight|Mirror Armor\n|-unboost|p2a: Incineroar|atk|1\n|-ability|p1b: Corviknight|Mirror Armor\n|-unboost|p2a: Incineroar|spa|1\n|cant|p1b: Corviknight|par\n|\n|upkeep\n|turn|11\n|\n|t:|1776571477\n|move|p1a: Sinistcha|Protect|p1a: Sinistcha\n|-singleturn|p1a: Sinistcha|Protect\n|move|p2b: Tyranitar|Knock Off|p1b: Corviknight\n|-damage|p1b: Corviknight|54/100 par\n|-enditem|p1b: Corviknight|Bright Powder|[from] move: Knock Off|[of] p2b: Tyranitar\n|move|p2a: Incineroar|Throat Chop|p1b: Corviknight\n|-damage|p1b: Corviknight|50/100 par\n|-start|p1b: Corviknight|Throat Chop|[silent]\n|move|p1b: Corviknight|Body Press|p2b: Tyranitar\n|-supereffective|p2b: Tyranitar|2\n|-damage|p2b: Tyranitar|0 fnt\n|faint|p2b: Tyranitar\n|\n|upkeep\n|turn|12\n|-message|KingzinPro2026 forfeited.\n|\n|win|aggsapphire\n|raw|aggsapphire's rating: 1189 &rarr; <strong>1212</strong><br />(+23 for winning)\n|raw|KingzinPro2026's rating: 1168 &rarr; <strong>1145</strong><br />(-23 for losing)\n|l|\u2606KingzinPro2026\n|player|p2|\n",
  "uploadtime": 1776571500,
  "views": 12,
  "formatid": "gen9championsvgc2026regma",
  "rating": 1145,
  "private": 0,
  "password": null
}