{
  "id": "gen9championsvgc2026regma-2587372360",
  "format": "[Gen 9 Champions] VGC 2026 Reg M-A",
  "players": [
    "hallieberdly",
    "scizor slam"
  ],
  "log": "|j|\u2606hallieberdly\n|j|\u2606scizor slam\n|t:|1776526284\n|gametype|doubles\n|player|p1|hallieberdly|101|1055\n|player|p2|scizor slam|hilbert-wonderlauncher|1080\n|gen|9\n|tier|[Gen 9 Champions] VGC 2026 Reg M-A\n|rated|\n|rule|Species Clause: Limit one of each Pok\u00e9mon\n|rule|Item Clause: Limit 1 of each item\n|clearpoke\n|poke|p1|Tyranitar, L50, M|\n|poke|p1|Garchomp, L50, F|\n|poke|p1|Floette-Eternal, L50, F|\n|poke|p1|Sneasler, L50, F|\n|poke|p1|Sinistcha, L50|\n|poke|p1|Decidueye-Hisui, L50, M|\n|poke|p2|Aegislash, L50, M|\n|poke|p2|Hawlucha, L50, F|\n|poke|p2|Zoroark-Hisui, L50, F|\n|poke|p2|Milotic, L50, M|\n|poke|p2|Drampa, L50, M, shiny|\n|poke|p2|Whimsicott, L50, M|\n|teampreview|4\n|\n|t:|1776526313\n|teamsize|p1|4\n|teamsize|p2|4\n|start\n|switch|p1a: Garchomp|Garchomp, L50, F|100/100\n|switch|p1b: Sneasler|Sneasler, L50, F|100/100\n|switch|p2a: Iron Head!!!|Aegislash, L50, M|100/100\n|switch|p2b: Fort Worth|Hawlucha, L50, F|100/100\n|turn|1\n|\n|t:|1776526328\n|move|p2a: Iron Head!!!|King's Shield|p2a: Iron Head!!!\n|-singleturn|p2a: Iron Head!!!|Protect\n|move|p1b: Sneasler|Fake Out|p2b: Fort Worth\n|-immune|p2b: Fort Worth\n|move|p2b: Fort Worth|Psychic|p1b: Sneasler\n|-supereffective|p1b: Sneasler|2\n|-damage|p1b: Sneasler|0 fnt\n|faint|p1b: Sneasler\n|move|p1a: Garchomp|Swords Dance|p1a: Garchomp\n|-boost|p1a: Garchomp|atk|2\n|\n|upkeep\n|\n|t:|1776526338\n|switch|p1b: Tyranitar|Tyranitar, L50, M|100/100\n|-weather|Sandstorm|[from] ability: Sand Stream|[of] p1b: Tyranitar\n|turn|2\n|\n|t:|1776526362\n|switch|p2a: Fort Worth|Hawlucha, L50, F|100/100\n|move|p2b: Fort Worth|Bitter Malice|p1a: Garchomp\n|-damage|p1a: Garchomp|70/100\n|-unboost|p1a: Garchomp|atk|1\n|move|p1a: Garchomp|Rock Slide|p2a: Fort Worth|[spread] p2a,p2b\n|-damage|p2a: Fort Worth|71/100\n|-damage|p2b: Fort Worth|54/100\n|replace|p2b: Hot Fox|Zoroark-Hisui, L50, F\n|-end|p2b: Hot Fox|Illusion\n|move|p1b: Tyranitar|Earthquake|p2a: Fort Worth|[spread] p2b\n|-immune|p2a: Fort Worth\n|-miss|p1b: Tyranitar|p1a: Garchomp\n|-damage|p2b: Hot Fox|0 fnt\n|faint|p2b: Hot Fox\n|\n|-weather|Sandstorm|[upkeep]\n|-damage|p2a: Fort Worth|65/100|[from] Sandstorm\n|upkeep\n|\n|t:|1776526384\n|switch|p2b: Milly Rock|Milotic, L50, M|100/100\n|turn|3\n|\n|t:|1776526401\n|move|p2a: Fort Worth|Protect|p2a: Fort Worth\n|-singleturn|p2a: Fort Worth|Protect\n|move|p1a: Garchomp|Protect|p1a: Garchomp\n|-singleturn|p1a: Garchomp|Protect\n|move|p1b: Tyranitar|Earthquake|p2a: Fort Worth|[spread] p2b\n|-activate|p1a: Garchomp|move: Protect\n|-activate|p2a: Fort Worth|move: Protect\n|-damage|p2b: Milly Rock|76/100\n|move|p2b: Milly Rock|Surf|p1a: Garchomp|[spread] p1b\n|-activate|p2a: Fort Worth|move: Protect\n|-activate|p1a: Garchomp|move: Protect\n|-supereffective|p1b: Tyranitar|1\n|-damage|p1b: Tyranitar|65/100\n|\n|-weather|Sandstorm|[upkeep]\n|-damage|p2a: Fort Worth|59/100|[from] Sandstorm\n|-damage|p2b: Milly Rock|70/100|[from] Sandstorm\n|-heal|p2b: Milly Rock|76/100|[from] item: Leftovers\n|upkeep\n|turn|4\n|\n|t:|1776526420\n|move|p2a: Fort Worth|Close Combat|p1b: Tyranitar\n|-supereffective|p1b: Tyranitar|2\n|-enditem|p1b: Tyranitar|Chople Berry|[eat]\n|-enditem|p1b: Tyranitar|Chople Berry|[weaken]\n|-damage|p1b: Tyranitar|0 fnt\n|-unboost|p2a: Fort Worth|def|1\n|-unboost|p2a: Fort Worth|spd|1\n|faint|p1b: Tyranitar\n|-enditem|p2a: Fort Worth|White Herb\n|-clearnegativeboost|p2a: Fort Worth|[silent]\n|move|p1a: Garchomp|Swords Dance|p1a: Garchomp\n|-boost|p1a: Garchomp|atk|2\n|move|p2b: Milly Rock|Icy Wind|p1a: Garchomp\n|-supereffective|p1a: Garchomp|2\n|-damage|p1a: Garchomp|23/100\n|-unboost|p1a: Garchomp|spe|1\n|\n|-weather|Sandstorm|[upkeep]\n|-damage|p2a: Fort Worth|54/100|[from] Sandstorm\n|-damage|p2b: Milly Rock|70/100|[from] Sandstorm\n|-heal|p2b: Milly Rock|76/100|[from] item: Leftovers\n|upkeep\n|\n|t:|1776526430\n|switch|p1b: Floette|Floette-Eternal, L50, F|100/100\n|turn|5\n|\n|t:|1776526445\n|detailschange|p1b: Floette|Floette-Mega, L50, F\n|-mega|p1b: Floette|Floette|Floettite\n|-ability|p1b: Floette|Fairy Aura\n|move|p2a: Fort Worth|Acrobatics|p1b: Floette\n|-damage|p1b: Floette|60/100\n|move|p1b: Floette|Calm Mind|p1b: Floette\n|-boost|p1b: Floette|spa|1\n|-boost|p1b: Floette|spd|1\n|move|p2b: Milly Rock|Icy Wind|p1b: Floette|[spread] p1b\n|-miss|p2b: Milly Rock|p1a: Garchomp\n|-damage|p1b: Floette|55/100\n|-unboost|p1b: Floette|spe|1\n|move|p1a: Garchomp|Rock Slide|p2a: Fort Worth|[spread] p2a\n|-miss|p1a: Garchomp|p2b: Milly Rock\n|-damage|p2a: Fort Worth|0 fnt\n|faint|p2a: Fort Worth\n|\n|-weather|Sandstorm|[upkeep]\n|-damage|p2b: Milly Rock|70/100|[from] Sandstorm\n|-damage|p1b: Floette|49/100|[from] Sandstorm\n|-heal|p2b: Milly Rock|76/100|[from] item: Leftovers\n|upkeep\n|\n|t:|1776526461\n|switch|p2a: Iron Head!!!|Aegislash, L50, M|100/100\n|turn|6\n|\n|t:|1776526476\n|move|p2a: Iron Head!!!|King's Shield|p2a: Iron Head!!!\n|-singleturn|p2a: Iron Head!!!|Protect\n|move|p2b: Milly Rock|Surf|p1b: Floette|[spread] p1b\n|-activate|p2a: Iron Head!!!|move: Protect\n|-miss|p2b: Milly Rock|p1a: Garchomp\n|-damage|p1b: Floette|35/100\n|move|p1b: Floette|Light of Ruin|p2a: Iron Head!!!\n|-activate|p2a: Iron Head!!!|move: Protect\n|move|p1a: Garchomp|Rock Slide|p2b: Milly Rock|[spread] p2b\n|-activate|p2a: Iron Head!!!|move: Protect\n|-damage|p2b: Milly Rock|42/100\n|\n|-weather|none\n|-heal|p2b: Milly Rock|48/100|[from] item: Leftovers\n|upkeep\n|turn|7\n|\n|t:|1776526509\n|move|p2b: Milly Rock|Recover|p2b: Milly Rock\n|-heal|p2b: Milly Rock|98/100\n|-formechange|p2a: Iron Head!!!|Aegislash-Blade|\n|move|p2a: Iron Head!!!|Iron Head|p1b: Floette\n|-supereffective|p1b: Floette|1\n|-damage|p1b: Floette|0 fnt\n|faint|p1b: Floette\n|move|p1a: Garchomp|Rock Slide|p2b: Milly Rock|[spread] p2b\n|-miss|p1a: Garchomp|p2a: Iron Head!!!\n|-damage|p2b: Milly Rock|61/100\n|\n|-heal|p2b: Milly Rock|67/100|[from] item: Leftovers\n|upkeep\n|turn|8\n|-message|hallieberdly forfeited.\n|\n|win|scizor slam\n|raw|hallieberdly's rating: 1055 &rarr; <strong>1038</strong><br />(-17 for losing)\n|raw|scizor slam's rating: 1080 &rarr; <strong>1106</strong><br />(+26 for winning)\n|l|\u2606hallieberdly\n|player|p1|\n|c|\u2606scizor slam|gg\n",
  "uploadtime": 1776526528,
  "views": 22,
  "formatid": "gen9championsvgc2026regma",
  "rating": 1038,
  "private": 0,
  "password": null
}