{
  "id": "gen9championsvgc2026regma-2584055723",
  "format": "[Gen 9 Champions] VGC 2026 Reg M-A",
  "players": [
    "kot10987",
    "squig chungus"
  ],
  "log": "|j|\u2606kot10987\n|j|\u2606squig chungus\n|t:|1776220724\n|gametype|doubles\n|player|p1|kot10987|2|1140\n|player|p2|squig chungus|bugcatcher-gen4dp|1041\n|gen|9\n|tier|[Gen 9 Champions] VGC 2026 Reg M-A\n|rated|\n|rule|Species Clause: Limit one of each Pok\u00e9mon\n|rule|Item Clause: Limit 1 of each item\n|clearpoke\n|poke|p1|Starmie, L50|\n|poke|p1|Aegislash, L50, M|\n|poke|p1|Sneasler, L50, F|\n|poke|p1|Pelipper, L50, F|\n|poke|p1|Archaludon, L50, F|\n|poke|p1|Maushold, L50|\n|poke|p2|Scovillain, L50, F|\n|poke|p2|Snorlax, L50, F|\n|poke|p2|Torterra, L50, F|\n|poke|p2|Farigiraf, L50, F|\n|poke|p2|Araquanid, L50, F|\n|poke|p2|Ampharos, L50, M|\n|teampreview|4\n|\n|t:|1776220752\n|teamsize|p1|4\n|teamsize|p2|4\n|start\n|switch|p1a: Maushold|Maushold, L50|100/100\n|switch|p1b: Starmie|Starmie, L50|100/100\n|switch|p2a: Scovillain|Scovillain, L50, F|100/100\n|switch|p2b: Snorlax|Snorlax, L50, F|100/100\n|turn|1\n|\n|t:|1776220780\n|detailschange|p1b: Starmie|Starmie-Mega, L50\n|-mega|p1b: Starmie|Starmie|Starminite\n|move|p1a: Maushold|Taunt|p2a: Scovillain\n|-start|p2a: Scovillain|move: Taunt\n|move|p1b: Starmie|Liquidation|p2a: Scovillain\n|-damage|p2a: Scovillain|19/100\n|-unboost|p2a: Scovillain|def|1\n|cant|p2a: Scovillain|move: Taunt|Leech Seed\n|move|p2b: Snorlax|Belly Drum|p2b: Snorlax\n|-damage|p2b: Snorlax|51/100\n|-setboost|p2b: Snorlax|atk|6|[from] move: Belly Drum\n|\n|-heal|p2b: Snorlax|57/100|[from] item: Leftovers\n|-ability|p2a: Scovillain|Moody|boost\n|-boost|p2a: Scovillain|spa|2\n|-unboost|p2a: Scovillain|atk|1\n|upkeep\n|turn|2\n|\n|t:|1776220806\n|switch|p2a: Farigiraf|Farigiraf, L50, F|100/100\n|move|p2b: Snorlax|Protect|p2b: Snorlax\n|-singleturn|p2b: Snorlax|Protect\n|move|p1a: Maushold|Feint||[still]\n|cant|p2a: Farigiraf|ability: Armor Tail|Feint|[of] p1a: Maushold\n|move|p1b: Starmie|Liquidation|p2a: Farigiraf\n|-damage|p2a: Farigiraf|22/100\n|-enditem|p2a: Farigiraf|Sitrus Berry|[eat]\n|-heal|p2a: Farigiraf|47/100|[from] item: Sitrus Berry\n|\n|-heal|p2b: Snorlax|63/100|[from] item: Leftovers\n|upkeep\n|turn|3\n|\n|t:|1776220838\n|move|p2a: Farigiraf|Protect|p2a: Farigiraf\n|-singleturn|p2a: Farigiraf|Protect\n|move|p1a: Maushold|Follow Me|p1a: Maushold\n|-singleturn|p1a: Maushold|move: Follow Me\n|move|p1b: Starmie|Liquidation|p2a: Farigiraf\n|-activate|p2a: Farigiraf|move: Protect\n|move|p2b: Snorlax|Earthquake|p1b: Starmie|[spread] p1a,p1b\n|-activate|p2a: Farigiraf|move: Protect\n|-damage|p1a: Maushold|0 fnt\n|-damage|p1b: Starmie|12/100\n|faint|p1a: Maushold\n|\n|-heal|p2b: Snorlax|69/100|[from] item: Leftovers\n|upkeep\n|\n|t:|1776220850\n|switch|p1a: Pelipper|Pelipper, L50, F|100/100\n|-weather|RainDance|[from] ability: Drizzle|[of] p1a: Pelipper\n|turn|4\n|\n|t:|1776220865\n|move|p1b: Starmie|Liquidation|p2a: Farigiraf\n|-damage|p2a: Farigiraf|0 fnt\n|faint|p2a: Farigiraf\n|move|p1a: Pelipper|Hurricane|p2b: Snorlax\n|-damage|p2b: Snorlax|37/100\n|move|p2b: Snorlax|Body Slam|p1a: Pelipper\n|-enditem|p1a: Pelipper|Focus Sash\n|-damage|p1a: Pelipper|1/100\n|\n|-weather|RainDance|[upkeep]\n|-heal|p2b: Snorlax|43/100|[from] item: Leftovers\n|upkeep\n|\n|t:|1776220883\n|switch|p2a: Scovillain|Scovillain, L50, F|19/100\n|turn|5\n|\n|t:|1776220898\n|detailschange|p2a: Scovillain|Scovillain-Mega, L50, F\n|-mega|p2a: Scovillain|Scovillain|Scovillainite\n|move|p1b: Starmie|Protect|p1b: Starmie\n|-singleturn|p1b: Starmie|Protect\n|move|p2a: Scovillain|Rage Powder|p2a: Scovillain\n|-singleturn|p2a: Scovillain|move: Rage Powder\n|move|p1a: Pelipper|Hurricane|p2a: Scovillain\n|-supereffective|p2a: Scovillain|1\n|-damage|p2a: Scovillain|0 fnt\n|-status|p1a: Pelipper|brn|[from] ability: Spicy Spray|[of] p2a: Scovillain\n|faint|p2a: Scovillain\n|move|p2b: Snorlax|Body Slam|p1b: Starmie\n|-activate|p1b: Starmie|move: Protect\n|\n|-weather|RainDance|[upkeep]\n|-heal|p2b: Snorlax|49/100|[from] item: Leftovers\n|-damage|p1a: Pelipper|0 fnt|[from] brn\n|faint|p1a: Pelipper\n|upkeep\n|\n|t:|1776220913\n|switch|p1a: Archaludon|Archaludon, L50, F|100/100\n|switch|p2a: Torterra|Torterra, L50, F|100/100\n|turn|6\n|\n|t:|1776220934\n|move|p2b: Snorlax|Protect|p2b: Snorlax\n|-singleturn|p2b: Snorlax|Protect\n|move|p1b: Starmie|Ice Spinner|p2a: Torterra\n|-supereffective|p2a: Torterra|2\n|-enditem|p2a: Torterra|Yache Berry|[eat]\n|-enditem|p2a: Torterra|Yache Berry|[weaken]\n|-damage|p2a: Torterra|21/100\n|move|p1a: Archaludon|Flash Cannon|p2b: Snorlax\n|-activate|p2b: Snorlax|move: Protect\n|move|p2a: Torterra|Giga Drain|p1b: Starmie\n|-supereffective|p1b: Starmie|1\n|-damage|p1b: Starmie|0 fnt\n|-heal|p2a: Torterra|25/100|[from] drain|[of] p1b: Starmie\n|faint|p1b: Starmie\n|\n|-weather|RainDance|[upkeep]\n|-heal|p2b: Snorlax|55/100|[from] item: Leftovers\n|upkeep\n|turn|7\n|\n|t:|1776220956\n|move|p2a: Torterra|Wide Guard|p2a: Torterra\n|-singleturn|p2a: Torterra|Wide Guard\n|move|p1a: Archaludon|Electro Shot||[still]\n|-prepare|p1a: Archaludon|Electro Shot\n|-boost|p1a: Archaludon|spa|1\n|-anim|p1a: Archaludon|Electro Shot|p2b: Snorlax\n|-damage|p2b: Snorlax|17/100\n|move|p2b: Snorlax|Earthquake|p1a: Archaludon|[spread] p1a\n|-activate|p2a: Torterra|move: Wide Guard\n|-supereffective|p1a: Archaludon|1\n|-damage|p1a: Archaludon|0 fnt\n|faint|p1a: Archaludon\n|\n|win|squig chungus\n|raw|kot10987's rating: 1140 &rarr; <strong>1108</strong><br />(-32 for losing)\n|raw|squig chungus's rating: 1041 &rarr; <strong>1084</strong><br />(+43 for winning)\n",
  "uploadtime": 1776220972,
  "views": 21,
  "formatid": "gen9championsvgc2026regma",
  "rating": 1084,
  "private": 0,
  "password": null
}