{
  "id": "gen9championsvgc2026regma-2585858301",
  "format": "[Gen 9 Champions] VGC 2026 Reg M-A",
  "players": [
    "boysenorange",
    "51_vm"
  ],
  "log": "|j|\u2606boysenorange\n|j|\u260651_vm\n|t:|1776376070\n|gametype|doubles\n|player|p1|boysenorange|turo|1212\n|player|p2|51_vm|unknown|1240\n|gen|9\n|tier|[Gen 9 Champions] VGC 2026 Reg M-A\n|rated|\n|rule|Species Clause: Limit one of each Pok\u00e9mon\n|rule|Item Clause: Limit 1 of each item\n|clearpoke\n|poke|p1|Farigiraf, L50, M|\n|poke|p1|Gardevoir, L50, M|\n|poke|p1|Kangaskhan, L50, F|\n|poke|p1|Camerupt, L50, F|\n|poke|p1|Conkeldurr, L50, F|\n|poke|p1|Tinkaton, L50, F|\n|poke|p2|Samurott-Hisui, L50, M|\n|poke|p2|Charizard, L50, M|\n|poke|p2|Whimsicott, L50, F|\n|poke|p2|Sneasler, L50, F|\n|poke|p2|Meowstic, L50, M|\n|poke|p2|Garganacl, L50, M|\n|teampreview|4\n|inactive|Battle timer is ON: inactive players will automatically lose when time's up. (requested by 51_vm)\n|inactive|boysenorange has 60 seconds left.\n|\n|t:|1776376116\n|teamsize|p1|4\n|teamsize|p2|4\n|start\n|switch|p1a: Farigiraf|Farigiraf, L50, M|100/100\n|switch|p1b: Kangaskhan|Kangaskhan, L50, F|100/100\n|switch|p2a: Meowstic|Meowstic, L50, M, shiny|100/100\n|switch|p2b: Samurott|Samurott-Hisui, L50, M|100/100\n|turn|1\n|\n|t:|1776376132\n|move|p1b: Kangaskhan|Fake Out|p2b: Samurott\n|-damage|p2b: Samurott|73/100\n|move|p2a: Meowstic|Imprison|p2a: Meowstic\n|-start|p2a: Meowstic|move: Imprison\n|cant|p2b: Samurott|flinch\n|cant|p1a: Farigiraf|move: Imprison|Trick Room\n|\n|upkeep\n|turn|2\n|\n|t:|1776376153\n|switch|p1a: Conkeldurr|Conkeldurr, L50, F|100/100\n|move|p2a: Meowstic|Dark Pulse|p1a: Conkeldurr\n|-resisted|p1a: Conkeldurr|1\n|-damage|p1a: Conkeldurr|91/100\n|move|p2b: Samurott|Sacred Sword|p1b: Kangaskhan\n|-supereffective|p1b: Kangaskhan|1\n|-damage|p1b: Kangaskhan|22/100\n|move|p1b: Kangaskhan|Last Resort|p2a: Meowstic\n|-damage|p2a: Meowstic|16/100\n|-enditem|p2a: Meowstic|Sitrus Berry|[eat]\n|-heal|p2a: Meowstic|41/100|[from] item: Sitrus Berry\n|\n|upkeep\n|turn|3\n|inactive|boysenorange has 30 seconds left.\n|inactive|51_vm has 30 seconds left.\n|inactive|boysenorange has 20 seconds left.\n|\n|t:|1776376190\n|switch|p1b: Farigiraf|Farigiraf, L50, M|100/100\n|move|p2a: Meowstic|Protect|p2a: Meowstic\n|-singleturn|p2a: Meowstic|Protect\n|move|p1a: Conkeldurr|Mach Punch|p2b: Samurott\n|-supereffective|p2b: Samurott|1\n|-damage|p2b: Samurott|0 fnt\n|faint|p2b: Samurott\n|\n|upkeep\n|\n|t:|1776376201\n|switch|p2b: Sneasler|Sneasler, L50, F, shiny|100/100\n|turn|4\n|inactive|boysenorange has 30 seconds left.\n|inactive|boysenorange has 20 seconds left.\n|inactive|boysenorange has 15 seconds left.\n|\n|t:|1776376244\n|move|p2b: Sneasler|Protect|p2b: Sneasler\n|-singleturn|p2b: Sneasler|Protect\n|move|p2a: Meowstic|Dark Pulse|p1b: Farigiraf\n|-supereffective|p1b: Farigiraf|1\n|-damage|p1b: Farigiraf|77/100\n|cant|p1b: Farigiraf|flinch\n|move|p1a: Conkeldurr|Thunder Punch|p2a: Meowstic\n|-damage|p2a: Meowstic|0 fnt\n|faint|p2a: Meowstic\n|\n|upkeep\n|\n|t:|1776376256\n|switch|p2a: Charizard|Charizard, L50, M|100/100\n|turn|5\n|\n|t:|1776376272\n|detailschange|p2a: Charizard|Charizard-Mega-X, L50, M\n|-mega|p2a: Charizard|Charizard|Charizardite X\n|move|p1b: Farigiraf|Protect|p1b: Farigiraf\n|-singleturn|p1b: Farigiraf|Protect\n|move|p2b: Sneasler|Close Combat|p1b: Farigiraf\n|-activate|p1b: Farigiraf|move: Protect\n|move|p2a: Charizard|Dragon Claw|p1a: Conkeldurr\n|-damage|p1a: Conkeldurr|37/100\n|move|p1a: Conkeldurr|Thunder Punch|p2a: Charizard\n|-resisted|p2a: Charizard|1\n|-damage|p2a: Charizard|82/100\n|-status|p2a: Charizard|par\n|\n|upkeep\n|turn|6\n|\n|t:|1776376296\n|move|p1a: Conkeldurr|Mach Punch|p2a: Charizard\n|-damage|p2a: Charizard|46/100 par\n|move|p2b: Sneasler|Close Combat|p1a: Conkeldurr\n|-damage|p1a: Conkeldurr|0 fnt\n|-unboost|p2b: Sneasler|def|1\n|-unboost|p2b: Sneasler|spd|1\n|faint|p1a: Conkeldurr\n|-enditem|p2b: Sneasler|White Herb\n|-clearnegativeboost|p2b: Sneasler|[silent]\n|move|p2a: Charizard|Dragon Claw|p1b: Farigiraf\n|-damage|p1b: Farigiraf|20/100\n|move|p1b: Farigiraf|Trick Room|p1b: Farigiraf\n|-fieldstart|move: Trick Room|[of] p1b: Farigiraf\n|\n|upkeep\n|\n|t:|1776376317\n|switch|p1a: Kangaskhan|Kangaskhan, L50, F|22/100\n|turn|7\n|\n|t:|1776376321\n|move|p2a: Charizard|Protect|p2a: Charizard\n|-singleturn|p2a: Charizard|Protect\n|move|p2b: Sneasler|Protect|p2b: Sneasler\n|-singleturn|p2b: Sneasler|Protect\n|move|p1a: Kangaskhan|Fake Out|p2a: Charizard\n|-activate|p2a: Charizard|move: Protect\n|move|p1b: Farigiraf|Psychic|p2b: Sneasler\n|-activate|p2b: Sneasler|move: Protect\n|\n|upkeep\n|turn|8\n|\n|t:|1776376337\n|move|p1b: Farigiraf|Psychic|p2b: Sneasler\n|-supereffective|p2b: Sneasler|2\n|-damage|p2b: Sneasler|0 fnt\n|faint|p2b: Sneasler\n|move|p2a: Charizard|Dragon Claw|p1a: Kangaskhan\n|-damage|p1a: Kangaskhan|0 fnt\n|faint|p1a: Kangaskhan\n|\n|upkeep\n|\n|t:|1776376344\n|switch|p1a: Camerupt|Camerupt, L50, F|100/100\n|turn|9\n|\n|t:|1776376354\n|move|p2a: Charizard|Protect|p2a: Charizard\n|-singleturn|p2a: Charizard|Protect\n|move|p1a: Camerupt|Earth Power|p2a: Charizard\n|-activate|p2a: Charizard|move: Protect\n|move|p1b: Farigiraf|Psychic|p2a: Charizard\n|-activate|p2a: Charizard|move: Protect\n|\n|upkeep\n|turn|10\n|\n|t:|1776376365\n|move|p2a: Charizard|Protect||[still]\n|-fail|p2a: Charizard\n|move|p1a: Camerupt|Earth Power|p2a: Charizard\n|-supereffective|p2a: Charizard|1\n|-crit|p2a: Charizard\n|-damage|p2a: Charizard|0 fnt\n|faint|p2a: Charizard\n|\n|win|boysenorange\n|raw|boysenorange's rating: 1212 &rarr; <strong>1239</strong><br />(+27 for winning)\n|raw|51_vm's rating: 1240 &rarr; <strong>1213</strong><br />(-27 for losing)\n",
  "uploadtime": 1776376369,
  "views": 41,
  "formatid": "gen9championsvgc2026regma",
  "rating": 1213,
  "private": 0,
  "password": null
}