{
  "id": "gen9championsvgc2026regma-2585388989",
  "format": "[Gen 9 Champions] VGC 2026 Reg M-A",
  "players": [
    "XenGg07",
    "Azure Resolution"
  ],
  "log": "|j|\u2606XenGg07\n|j|\u2606Azure Resolution\n|t:|1776343632\n|gametype|doubles\n|player|p1|XenGg07|red|1244\n|player|p2|Azure Resolution|gentleman-gen4dp|1183\n|gen|9\n|tier|[Gen 9 Champions] VGC 2026 Reg M-A\n|rated|\n|rule|Species Clause: Limit one of each Pok\u00e9mon\n|rule|Item Clause: Limit 1 of each item\n|clearpoke\n|poke|p1|Tyranitar, L50, M|\n|poke|p1|Aegislash, L50, F|\n|poke|p1|Excadrill, L50, F|\n|poke|p1|Sinistcha-Masterpiece, L50|\n|poke|p1|Farigiraf, L50, F|\n|poke|p1|Rotom-Wash, L50|\n|poke|p2|Altaria, L50, F|\n|poke|p2|Delphox, L50, F|\n|poke|p2|Kingambit, L50, F|\n|poke|p2|Basculegion, L50, M|\n|poke|p2|Rotom-Wash, L50|\n|poke|p2|Sableye, L50, M|\n|teampreview|4\n|inactive|Battle timer is ON: inactive players will automatically lose when time's up. (requested by XenGg07)\n|\n|t:|1776343652\n|teamsize|p1|4\n|teamsize|p2|4\n|start\n|switch|p1a: Tyranitar|Tyranitar, L50, M|100/100\n|switch|p1b: Aegislash|Aegislash, L50, F|100/100\n|switch|p2a: Silly Goose|Altaria, L50, F|100/100\n|switch|p2b: Rotom|Rotom-Wash, L50|100/100\n|-ability|p2a: Silly Goose|Cloud Nine\n|-weather|Sandstorm|[from] ability: Sand Stream|[of] p1a: Tyranitar\n|turn|1\n|inactive|Azure Resolution has 30 seconds left.\n|inactive|Azure Resolution has 20 seconds left.\n|\n|t:|1776343691\n|detailschange|p1a: Tyranitar|Tyranitar-Mega, L50, M\n|-mega|p1a: Tyranitar|Tyranitar|Tyranitarite\n|move|p2b: Rotom|Hydro Pump|p1a: Tyranitar\n|-supereffective|p1a: Tyranitar|1\n|-damage|p1a: Tyranitar|25/100\n|move|p2a: Silly Goose|Tailwind|p2a: Silly Goose\n|-sidestart|p2: Azure Resolution|move: Tailwind\n|move|p1a: Tyranitar|Rock Slide|p2a: Silly Goose|[spread] p2a\n|-miss|p1a: Tyranitar|p2b: Rotom\n|-supereffective|p2a: Silly Goose|1\n|-damage|p2a: Silly Goose|18/100\n|-enditem|p2a: Silly Goose|Sitrus Berry|[eat]\n|-heal|p2a: Silly Goose|43/100|[from] item: Sitrus Berry\n|-formechange|p1b: Aegislash|Aegislash-Blade|\n|move|p1b: Aegislash|Shadow Ball|p2b: Rotom\n|-damage|p2b: Rotom|36/100\n|\n|-weather|Sandstorm|[upkeep]\n|-heal|p2b: Rotom|41/100|[from] item: Leftovers\n|upkeep\n|turn|2\n|inactive|Azure Resolution has 30 seconds left.\n|inactive|Azure Resolution has 20 seconds left.\n|inactive|Azure Resolution has 15 seconds left.\n|inactive|Azure Resolution has 10 seconds left.\n|\n|t:|1776343736\n|move|p1a: Tyranitar|Protect|p1a: Tyranitar\n|-singleturn|p1a: Tyranitar|Protect\n|move|p2b: Rotom|Volt Switch|p1a: Tyranitar\n|-activate|p1a: Tyranitar|move: Protect\n|move|p2a: Silly Goose|Brave Bird|p1a: Tyranitar\n|-activate|p1a: Tyranitar|move: Protect\n|move|p1b: Aegislash|Shadow Ball|p2b: Rotom\n|-damage|p2b: Rotom|0 fnt\n|faint|p2b: Rotom\n|\n|-weather|Sandstorm|[upkeep]\n|upkeep\n|\n|t:|1776343751\n|switch|p2b: Delphox|Delphox, L50, F|100/100\n|turn|3\n|inactive|Azure Resolution has 30 seconds left.\n|\n|t:|1776343779\n|switch|p1b: Sinistcha|Sinistcha-Masterpiece, L50|100/100\n|-heal|p1a: Tyranitar|50/100|[from] ability: Hospitality|[of] p1b: Sinistcha\n|detailschange|p2b: Delphox|Delphox-Mega, L50, F\n|-mega|p2b: Delphox|Delphox|Delphoxite\n|move|p2a: Silly Goose|Protect|p2a: Silly Goose\n|-singleturn|p2a: Silly Goose|Protect\n|move|p2b: Delphox|Substitute|p2b: Delphox\n|-start|p2b: Delphox|Substitute\n|-damage|p2b: Delphox|75/100\n|move|p1a: Tyranitar|Rock Slide|p2b: Delphox|[spread] p2b\n|-activate|p2a: Silly Goose|move: Protect\n|-supereffective|p2b: Delphox|1\n|-end|p2b: Delphox|Substitute\n|\n|-weather|Sandstorm|[upkeep]\n|upkeep\n|turn|4\n|inactive|Azure Resolution has 30 seconds left.\n|\n|t:|1776343812\n|switch|p1b: Rotom|Rotom-Wash, L50|100/100\n|move|p2b: Delphox|Protect|p2b: Delphox\n|-singleturn|p2b: Delphox|Protect\n|move|p2a: Silly Goose|Breaking Swipe|p1a: Tyranitar|[spread] p1a,p1b\n|-damage|p1a: Tyranitar|42/100\n|-damage|p1b: Rotom|90/100\n|-unboost|p1a: Tyranitar|atk|1\n|-unboost|p1b: Rotom|atk|1\n|move|p1a: Tyranitar|Crunch|p2b: Delphox\n|-activate|p2b: Delphox|move: Protect\n|\n|-weather|Sandstorm|[upkeep]\n|-sideend|p2: Azure Resolution|move: Tailwind\n|upkeep\n|turn|5\n|inactive|Azure Resolution has 30 seconds left.\n|inactive|Azure Resolution has 20 seconds left.\n|inactive|Azure Resolution has 15 seconds left.\n|inactive|Azure Resolution has 10 seconds left.\n|\n|t:|1776343857\n|switch|p1b: Sinistcha|Sinistcha-Masterpiece, L50|100/100\n|-heal|p1a: Tyranitar|67/100|[from] ability: Hospitality|[of] p1b: Sinistcha\n|move|p2a: Silly Goose|Protect|p2a: Silly Goose\n|-singleturn|p2a: Silly Goose|Protect\n|move|p2b: Delphox|Substitute|p2b: Delphox\n|-start|p2b: Delphox|Substitute\n|-damage|p2b: Delphox|50/100\n|move|p1a: Tyranitar|Crunch|p2b: Delphox\n|-supereffective|p2b: Delphox|1\n|-end|p2b: Delphox|Substitute\n|\n|-weather|none\n|upkeep\n|turn|6\n|inactive|Azure Resolution has 30 seconds left.\n|\n|t:|1776343890\n|switch|p1b: Rotom|Rotom-Wash, L50|90/100\n|move|p2b: Delphox|Heat Wave|p1b: Rotom|[spread] p1a,p1b\n|-resisted|p1a: Tyranitar|1\n|-resisted|p1b: Rotom|1\n|-damage|p1a: Tyranitar|50/100\n|-damage|p1b: Rotom|73/100\n|move|p2a: Silly Goose|Tailwind|p2a: Silly Goose\n|-sidestart|p2: Azure Resolution|move: Tailwind\n|move|p1a: Tyranitar|Rock Slide|p2b: Delphox|[spread] p2a,p2b\n|-supereffective|p2a: Silly Goose|1\n|-supereffective|p2b: Delphox|1\n|-damage|p2a: Silly Goose|0 fnt\n|-damage|p2b: Delphox|0 fnt\n|faint|p2a: Silly Goose\n|faint|p2b: Delphox\n|\n|upkeep\n|\n|t:|1776343904\n|switch|p2b: Basculegion|Basculegion, L50, M|100/100\n|turn|7\n|\n|t:|1776343910\n|switch|p1a: Sinistcha|Sinistcha-Masterpiece, L50|100/100\n|-heal|p1b: Rotom|98/100|[from] ability: Hospitality|[of] p1a: Sinistcha\n|move|p2b: Basculegion|Last Respects|p1a: Sinistcha\n|-supereffective|p1a: Sinistcha|1\n|-damage|p1a: Sinistcha|0 fnt\n|faint|p1a: Sinistcha\n|move|p1b: Rotom|Thunderbolt|p2b: Basculegion\n|-supereffective|p2b: Basculegion|1\n|-damage|p2b: Basculegion|29/100\n|\n|upkeep\n|\n|t:|1776343918\n|switch|p1a: Aegislash|Aegislash, L50, F|100/100\n|turn|8\n|\n|t:|1776343922\n|move|p2b: Basculegion|Last Respects|p1b: Rotom\n|-damage|p1b: Rotom|0 fnt\n|faint|p1b: Rotom\n|-formechange|p1a: Aegislash|Aegislash-Blade|\n|move|p1a: Aegislash|Shadow Ball|p2b: Basculegion\n|-supereffective|p2b: Basculegion|1\n|-damage|p2b: Basculegion|0 fnt\n|faint|p2b: Basculegion\n|\n|win|XenGg07\n|raw|XenGg07's rating: 1244 &rarr; <strong>1265</strong><br />(+21 for winning)\n|raw|Azure Resolution's rating: 1183 &rarr; <strong>1162</strong><br />(-21 for losing)\n|l|\u2606XenGg07\n|player|p1|\n",
  "uploadtime": 1776343932,
  "views": 30,
  "formatid": "gen9championsvgc2026regma",
  "rating": 1162,
  "private": 0,
  "password": null
}