{
  "id": "gen9championsvgc2026regma-2584710957",
  "format": "[Gen 9 Champions] VGC 2026 Reg M-A",
  "players": [
    "BesameGuapo",
    "imfinking"
  ],
  "log": "|j|\u2606BesameGuapo\n|j|\u2606imfinking\n|t:|1776278350\n|gametype|doubles\n|player|p1|BesameGuapo|169|1243\n|player|p2|imfinking|sada|1250\n|gen|9\n|tier|[Gen 9 Champions] VGC 2026 Reg M-A\n|rated|\n|rule|Species Clause: Limit one of each Pok\u00e9mon\n|rule|Item Clause: Limit 1 of each item\n|clearpoke\n|poke|p1|Sneasler, L50, M|\n|poke|p1|Pelipper, L50, F|\n|poke|p1|Basculegion, L50, M|\n|poke|p1|Archaludon, L50, M|\n|poke|p1|Floette-Eternal, L50, F|\n|poke|p1|Kingambit, L50, F|\n|poke|p2|Venusaur, L50, M|\n|poke|p2|Farigiraf, L50, M|\n|poke|p2|Golurk, L50|\n|poke|p2|Torkoal, L50, F|\n|poke|p2|Sneasler, L50, F|\n|poke|p2|Incineroar, L50, M|\n|teampreview|4\nBesameGuapo has agreed to open team sheets.\n|\n|t:|1776278389\n|teamsize|p1|4\n|teamsize|p2|4\n|start\n|switch|p1a: Kingambit|Kingambit, L50, F|100/100\n|switch|p1b: Floette|Floette-Eternal, L50, F|100/100\n|switch|p2a: he stole my drinky|Farigiraf, L50, M|100/100\n|switch|p2b: Sneasler|Sneasler, L50, F|100/100\n|turn|1\n|inactive|Battle timer is ON: inactive players will automatically lose when time's up. (requested by BesameGuapo)\n|\n|t:|1776278416\n|move|p1b: Floette|Protect|p1b: Floette\n|-singleturn|p1b: Floette|Protect\n|move|p1a: Kingambit|Protect|p1a: Kingambit\n|-singleturn|p1a: Kingambit|Protect\n|move|p2b: Sneasler|Close Combat|p1a: Kingambit\n|-activate|p1a: Kingambit|move: Protect\n|move|p2a: he stole my drinky|Trick Room|p2a: he stole my drinky\n|-fieldstart|move: Trick Room|[of] p2a: he stole my drinky\n|\n|upkeep\n|turn|2\n|\n|t:|1776278433\n|switch|p2b: or is it the bagel|Torkoal, L50, F|100/100\n|-weather|SunnyDay|[from] ability: Drought|[of] p2b: or is it the bagel\n|detailschange|p1b: Floette|Floette-Mega, L50, F\n|-mega|p1b: Floette|Floette|Floettite\n|-ability|p1b: Floette|Fairy Aura\n|move|p1a: Kingambit|Kowtow Cleave|p2a: he stole my drinky\n|-supereffective|p2a: he stole my drinky|1\n|-damage|p2a: he stole my drinky|18/100\n|-enditem|p2a: he stole my drinky|Sitrus Berry|[eat]\n|-heal|p2a: he stole my drinky|43/100|[from] item: Sitrus Berry\n|move|p2a: he stole my drinky|Hyper Voice|p1b: Floette|[spread] p1a,p1b\n|-resisted|p1a: Kingambit|1\n|-damage|p1a: Kingambit|86/100\n|-damage|p1b: Floette|79/100\n|move|p1b: Floette|Moonblast|p2b: or is it the bagel\n|-resisted|p2b: or is it the bagel|1\n|-damage|p2b: or is it the bagel|49/100\n|\n|-weather|SunnyDay|[upkeep]\n|upkeep\n|turn|3\n|inactive|imfinking has 30 seconds left.\n|\n|t:|1776278460\n|switch|p1a: Pelipper|Pelipper, L50, F|100/100\n|-weather|RainDance|[from] ability: Drizzle|[of] p1a: Pelipper\n|move|p2a: he stole my drinky|Helping Hand|p2b: or is it the bagel\n|-singleturn|p2b: or is it the bagel|Helping Hand|[of] p2a: he stole my drinky\n|move|p2b: or is it the bagel|Heat Wave|p1a: Pelipper|[spread] p1a,p1b\n|-resisted|p1a: Pelipper|1\n|-damage|p1a: Pelipper|83/100\n|-damage|p1b: Floette|60/100\n|-status|p1b: Floette|brn\n|move|p1b: Floette|Dazzling Gleam|p2a: he stole my drinky|[spread] p2a,p2b\n|-resisted|p2b: or is it the bagel|1\n|-damage|p2a: he stole my drinky|0 fnt\n|-damage|p2b: or is it the bagel|14/100\n|faint|p2a: he stole my drinky\n|\n|-weather|RainDance|[upkeep]\n|-damage|p1b: Floette|55/100 brn|[from] brn\n|upkeep\n|\n|t:|1776278483\n|switch|p2a: you must die|Golurk, L50|100/100\n|turn|4\n|\n|t:|1776278498\n|detailschange|p2a: you must die|Golurk-Mega, L50\n|-mega|p2a: you must die|Golurk|Golurkite\n|move|p1a: Pelipper|Protect|p1a: Pelipper\n|-singleturn|p1a: Pelipper|Protect\n|move|p1b: Floette|Protect|p1b: Floette\n|-singleturn|p1b: Floette|Protect\n|move|p2b: or is it the bagel|Weather Ball|p1a: Pelipper\n|-activate|p1a: Pelipper|move: Protect\n|move|p2a: you must die|Poltergeist|p1a: Pelipper\n|-activate|p1a: Pelipper|move: Protect\n|\n|-weather|RainDance|[upkeep]\n|-damage|p1b: Floette|49/100 brn|[from] brn\n|upkeep\n|turn|5\n|\n|t:|1776278515\n|switch|p1a: Kingambit|Kingambit, L50, F|86/100\n|move|p2b: or is it the bagel|Weather Ball|p1b: Floette\n|-damage|p1b: Floette|19/100 brn\n|move|p2a: you must die|Poltergeist|p1a: Kingambit\n|-activate|p1a: Kingambit|move: Poltergeist|Sitrus Berry\n|-resisted|p1a: Kingambit|1\n|-damage|p1a: Kingambit|61/100\n|move|p1b: Floette|Moonblast|p2a: you must die\n|-damage|p2a: you must die|21/100\n|\n|-weather|RainDance|[upkeep]\n|-damage|p1b: Floette|13/100 brn|[from] brn\n|-fieldend|move: Trick Room\n|upkeep\n|turn|6\n|\n|t:|1776278535\n|switch|p2b: Sneasler|Sneasler, L50, F|100/100\n|move|p2a: you must die|Protect|p2a: you must die\n|-singleturn|p2a: you must die|Protect\n|move|p1a: Kingambit|Sucker Punch||[still]\n|-fail|p1a: Kingambit\n|move|p1b: Floette|Dazzling Gleam|p2a: you must die|[spread] p2b\n|-activate|p2a: you must die|move: Protect\n|-damage|p2b: Sneasler|29/100\n|\n|-weather|RainDance|[upkeep]\n|-damage|p1b: Floette|7/100 brn|[from] brn\n|upkeep\n|turn|7\n|inactive|imfinking has 30 seconds left.\n|\n|t:|1776278565\n|switch|p2a: or is it the bagel|Torkoal, L50, F|14/100\n|-weather|SunnyDay|[from] ability: Drought|[of] p2a: or is it the bagel\n|move|p1a: Kingambit|Sucker Punch|p2b: Sneasler\n|-resisted|p2b: Sneasler|1\n|-damage|p2b: Sneasler|0 fnt\n|faint|p2b: Sneasler\n|move|p1b: Floette|Dazzling Gleam|p2a: or is it the bagel\n|-resisted|p2a: or is it the bagel|1\n|-damage|p2a: or is it the bagel|0 fnt\n|faint|p2a: or is it the bagel\n|\n|-weather|SunnyDay|[upkeep]\n|-damage|p1b: Floette|2/100 brn|[from] brn\n|upkeep\n|\n|t:|1776278575\n|switch|p2b: you must die|Golurk-Mega, L50|21/100\n|turn|8\n|\n|t:|1776278582\n|move|p2b: you must die|Protect|p2b: you must die\n|-singleturn|p2b: you must die|Protect\n|move|p1a: Kingambit|Sucker Punch||[still]\n|-fail|p1a: Kingambit\n|move|p1b: Floette|Moonblast|p2b: you must die\n|-activate|p2b: you must die|move: Protect\n|\n|-weather|SunnyDay|[upkeep]\n|-damage|p1b: Floette|0 fnt|[from] brn\n|faint|p1b: Floette\n|upkeep\n|\n|t:|1776278591\n|switch|p1b: Pelipper|Pelipper, L50, F|83/100\n|-weather|RainDance|[from] ability: Drizzle|[of] p1b: Pelipper\n|turn|9\n|\n|t:|1776278601\n|move|p1a: Kingambit|Sucker Punch|p2b: you must die\n|-supereffective|p2b: you must die|1\n|-damage|p2b: you must die|0 fnt\n|faint|p2b: you must die\n|\n|win|BesameGuapo\n|raw|BesameGuapo's rating: 1243 &rarr; <strong>1269</strong><br />(+26 for winning)\n|raw|imfinking's rating: 1250 &rarr; <strong>1224</strong><br />(-26 for losing)\n",
  "uploadtime": 1776278603,
  "views": 39,
  "formatid": "gen9championsvgc2026regma",
  "rating": 1224,
  "private": 0,
  "password": null
}