{
  "id": "gen9championsvgc2026regma-2583491676",
  "format": "[Gen 9 Champions] VGC 2026 Reg M-A",
  "players": [
    "Mihaimiches",
    "Juya"
  ],
  "log": "|j|\u2606Mihaimiches\n|j|\u2606Juya\n|t:|1776179052\n|gametype|doubles\n|player|p1|Mihaimiches|102|1198\n|player|p2|Juya|266|1198\n|gen|9\n|tier|[Gen 9 Champions] VGC 2026 Reg M-A\n|rated|\n|rule|Species Clause: Limit one of each Pok\u00e9mon\n|rule|Item Clause: Limit 1 of each item\n|clearpoke\n|poke|p1|Raichu, L50, M|\n|poke|p1|Sableye, L50, F|\n|poke|p1|Basculegion, L50, M|\n|poke|p1|Archaludon, L50, M|\n|poke|p1|Pidgeot, L50, F|\n|poke|p1|Garchomp, L50, M|\n|poke|p2|Floette-Eternal, L50, F|\n|poke|p2|Whimsicott, L50, M|\n|poke|p2|Tyranitar, L50, F|\n|poke|p2|Garchomp, L50, M|\n|poke|p2|Typhlosion-Hisui, L50, F|\n|poke|p2|Tsareena, L50, F|\n|teampreview|4\n|inactive|Battle timer is ON: inactive players will automatically lose when time's up. (requested by Juya)\n|inactive|Mihaimiches has 60 seconds left.\n|\n|t:|1776179099\n|teamsize|p1|4\n|teamsize|p2|4\n|start\n|switch|p1a: Sableye|Sableye, L50, F|100/100\n|switch|p1b: Garchomp|Garchomp, L50, M|100/100\n|switch|p2a: Whimsicott|Whimsicott, L50, M, shiny|100/100\n|switch|p2b: Typhlosion|Typhlosion-Hisui, L50, F|100/100\n|turn|1\n|inactive|Juya has 30 seconds left.\n|\n|t:|1776179125\n|move|p1a: Sableye|Fake Out|p2a: Whimsicott\n|-damage|p2a: Whimsicott|90/100\n|move|p1b: Garchomp|Rock Slide|p2a: Whimsicott|[spread] p2a,p2b\n|-supereffective|p2b: Typhlosion|1\n|-damage|p2a: Whimsicott|63/100\n|-damage|p2b: Typhlosion|37/100\n|move|p2b: Typhlosion|Shadow Ball|p1b: Garchomp\n|-damage|p1b: Garchomp|50/100\n|cant|p2a: Whimsicott|flinch\n|\n|upkeep\n|turn|2\n|\n|t:|1776179142\n|move|p2a: Whimsicott|Tailwind|p2a: Whimsicott\n|-sidestart|p2: Juya|move: Tailwind\n|move|p1a: Sableye|Rain Dance|p1a: Sableye\n|-weather|RainDance\n|move|p2b: Typhlosion|Shadow Ball|p1b: Garchomp\n|-damage|p1b: Garchomp|4/100\n|move|p1b: Garchomp|Rock Slide|p2b: Typhlosion|[spread] p2a,p2b\n|-supereffective|p2b: Typhlosion|1\n|-crit|p2b: Typhlosion\n|-damage|p2a: Whimsicott|32/100\n|-damage|p2b: Typhlosion|0 fnt\n|faint|p2b: Typhlosion\n|\n|-weather|RainDance|[upkeep]\n|upkeep\n|\n|t:|1776179155\n|switch|p2b: Tyranitar|Tyranitar, L50, F|100/100\n|-weather|Sandstorm|[from] ability: Sand Stream|[of] p2b: Tyranitar\n|turn|3\n|\n|t:|1776179169\n|move|p1a: Sableye|Rain Dance|p1a: Sableye\n|-weather|RainDance\n|move|p2a: Whimsicott|Moonblast|p1a: Sableye\n|-supereffective|p1a: Sableye|1\n|-damage|p1a: Sableye|13/100\n|move|p1b: Garchomp|Rock Slide|p2b: Tyranitar|[spread] p2a,p2b\n|-damage|p2a: Whimsicott|0 fnt\n|-damage|p2b: Tyranitar|86/100\n|faint|p2a: Whimsicott\n|cant|p2b: Tyranitar|flinch\n|\n|-weather|RainDance|[upkeep]\n|upkeep\n|\n|t:|1776179179\n|switch|p2a: Floette|Floette-Eternal, L50, F|100/100\n|turn|4\n|inactive|Mihaimiches has 30 seconds left.\n|\n|t:|1776179209\n|detailschange|p2a: Floette|Floette-Mega, L50, F\n|-mega|p2a: Floette|Floette|Floettite\n|-ability|p2a: Floette|Fairy Aura\n|move|p1a: Sableye|Quash|p2a: Floette\n|-activate|p2a: Floette|move: Quash\n|move|p1b: Garchomp|Rock Slide|p2b: Tyranitar|[spread] p2a,p2b\n|-damage|p2a: Floette|74/100\n|-damage|p2b: Tyranitar|71/100\n|cant|p2b: Tyranitar|flinch\n|move|p2a: Floette|Dazzling Gleam|p1a: Sableye|[spread] p1a,p1b\n|-supereffective|p1a: Sableye|1\n|-supereffective|p1b: Garchomp|1\n|-damage|p1a: Sableye|0 fnt\n|-damage|p1b: Garchomp|0 fnt\n|faint|p1a: Sableye\n|faint|p1b: Garchomp\n|\n|-weather|RainDance|[upkeep]\n|upkeep\n|\n|t:|1776179229\n|switch|p1b: Pidgeot|Pidgeot, L50, F|100/100\n|switch|p1a: Basculegion|Basculegion, L50, M, shiny|100/100\n|turn|5\n|inactive|Mihaimiches has 30 seconds left.\n|inactive|Mihaimiches has 20 seconds left.\n|inactive|Mihaimiches has 15 seconds left.\n|inactive|Juya has 30 seconds left.\n|\n|t:|1776179272\n|detailschange|p1b: Pidgeot|Pidgeot-Mega, L50, F\n|-mega|p1b: Pidgeot|Pidgeot|Pidgeotite\n|move|p1b: Pidgeot|Protect|p1b: Pidgeot\n|-singleturn|p1b: Pidgeot|Protect\n|move|p2a: Floette|Light of Ruin|p1a: Basculegion\n|-damage|p1a: Basculegion|0 fnt\n|faint|p1a: Basculegion\n|-damage|p2a: Floette|9/100|[from] Recoil\n|move|p2b: Tyranitar|Rock Slide|p1b: Pidgeot\n|-activate|p1b: Pidgeot|move: Protect\n|\n|-weather|RainDance|[upkeep]\n|-sideend|p2: Juya|move: Tailwind\n|upkeep\n|turn|6\n|inactive|Mihaimiches has 30 seconds left.\n|inactive|Mihaimiches has 20 seconds left.\n|inactive|Mihaimiches has 15 seconds left.\n|inactive|Mihaimiches has 10 seconds left.\n|inactive|Mihaimiches has 5 seconds left.\n|\n|t:|1776179327\n|move|p1b: Pidgeot|Hurricane|p2a: Floette\n|-damage|p2a: Floette|0 fnt\n|faint|p2a: Floette\n|move|p2b: Tyranitar|Rock Slide|p1b: Pidgeot\n|-supereffective|p1b: Pidgeot|1\n|-damage|p1b: Pidgeot|0 fnt\n|faint|p1b: Pidgeot\n|\n|win|Juya\n|raw|Mihaimiches's rating: 1198 &rarr; <strong>1173</strong><br />(-25 for losing)\n|raw|Juya's rating: 1198 &rarr; <strong>1223</strong><br />(+25 for winning)\n|l|\u2606Mihaimiches\n|player|p1|\n",
  "uploadtime": 1776179335,
  "views": 14,
  "formatid": "gen9championsvgc2026regma",
  "rating": 1173,
  "private": 0,
  "password": null
}