{
  "id": "gen9championsvgc2026regma-2581261707",
  "format": "[Gen 9 Champions] VGC 2026 Reg M-A",
  "players": [
    "lolgz",
    "Pasta-Army"
  ],
  "log": "|j|\u2606lolgz\n|j|\u2606Pasta-Army\n|t:|1775977915\n|gametype|doubles\n|player|p1|lolgz|170|1189\n|player|p2|Pasta-Army|firebreather|1106\n|gen|9\n|tier|[Gen 9 Champions] VGC 2026 Reg M-A\n|rated|\n|rule|Species Clause: Limit one of each Pok\u00e9mon\n|rule|Item Clause: Limit 1 of each item\n|clearpoke\n|poke|p1|Charizard, L50, M|\n|poke|p1|Whimsicott, L50, F|\n|poke|p1|Basculegion, L50, M|\n|poke|p1|Dragapult, L50, M|\n|poke|p1|Sneasler, L50, F|\n|poke|p1|Floette-Eternal, L50, F|\n|poke|p2|Charizard, L50, M|\n|poke|p2|Incineroar, L50, M|\n|poke|p2|Venusaur, L50, F|\n|poke|p2|Rotom-Wash, L50|\n|poke|p2|Garchomp, L50, F|\n|poke|p2|Hatterene, L50, F|\n|teampreview|4\n|\n|t:|1775977973\n|teamsize|p1|4\n|teamsize|p2|4\n|start\n|switch|p1a: Whimsicott|Whimsicott, L50, F|100/100\n|switch|p1b: Charizard|Charizard, L50, M|100/100\n|switch|p2a: Washed|Rotom-Wash, L50|100/100\n|switch|p2b: Unmasked Royal|Incineroar, L50, M|100/100\n|-ability|p2b: Unmasked Royal|Intimidate|boost\n|-unboost|p1a: Whimsicott|atk|1\n|-unboost|p1b: Charizard|atk|1\n|turn|1\n|inactive|Battle timer is ON: inactive players will automatically lose when time's up. (requested by Pasta-Army)\n|\n|t:|1775977992\n|move|p1b: Charizard|Protect|p1b: Charizard\n|-singleturn|p1b: Charizard|Protect\n|move|p2b: Unmasked Royal|Fake Out|p1a: Whimsicott\n|-damage|p1a: Whimsicott|84/100\n|cant|p1a: Whimsicott|flinch\n|move|p2a: Washed|Volt Switch|p1b: Charizard\n|-activate|p1b: Charizard|move: Protect\n|\n|upkeep\n|turn|2\n|\n|t:|1775978003\n|detailschange|p1b: Charizard|Charizard-Mega-Y, L50, M\n|-mega|p1b: Charizard|Charizard|Charizardite Y\n|-weather|SunnyDay|[from] ability: Drought|[of] p1b: Charizard\n|move|p1a: Whimsicott|Tailwind|p1a: Whimsicott\n|-sidestart|p1: lolgz|move: Tailwind\n|move|p1b: Charizard|Solar Beam||[still]\n|-prepare|p1b: Charizard|Solar Beam\n|-anim|p1b: Charizard|Solar Beam|p2a: Washed\n|-supereffective|p2a: Washed|1\n|-damage|p2a: Washed|0 fnt\n|faint|p2a: Washed\n|move|p2b: Unmasked Royal|Flare Blitz|p1a: Whimsicott\n|-supereffective|p1a: Whimsicott|1\n|-damage|p1a: Whimsicott|0 fnt\n|faint|p1a: Whimsicott\n|-damage|p2b: Unmasked Royal|81/100|[from] Recoil\n|\n|-weather|SunnyDay|[upkeep]\n|upkeep\n|\n|t:|1775978016\n|switch|p1a: Sneasler|Sneasler, L50, F|100/100\n|switch|p2a: Phrog|Venusaur, L50, F, shiny|100/100\n|turn|3\n|\n|t:|1775978026\n|move|p2a: Phrog|Protect|p2a: Phrog\n|-singleturn|p2a: Phrog|Protect\n|move|p1a: Sneasler|Fake Out|p2a: Phrog\n|-activate|p2a: Phrog|move: Protect\n|move|p1b: Charizard|Heat Wave|p2a: Phrog|[spread] p2b\n|-activate|p2a: Phrog|move: Protect\n|-resisted|p2b: Unmasked Royal|1\n|-damage|p2b: Unmasked Royal|58/100\n|move|p2b: Unmasked Royal|Parting Shot|p1a: Sneasler\n|-unboost|p1a: Sneasler|atk|1\n|-unboost|p1a: Sneasler|spa|1\n|\n|t:|1775978035\n|switch|p2b: \"Scar\"let|Charizard, L50, M|100/100|[from] Parting Shot\n|-enditem|p1a: Sneasler|White Herb\n|-clearnegativeboost|p1a: Sneasler|[silent]\n|\n|-weather|SunnyDay|[upkeep]\n|upkeep\n|turn|4\n|\n|t:|1775978055\n|switch|p2a: Unmasked Royal|Incineroar, L50, M|58/100\n|-ability|p2a: Unmasked Royal|Intimidate|boost\n|-unboost|p1a: Sneasler|atk|1\n|-unboost|p1b: Charizard|atk|1\n|detailschange|p2b: \"Scar\"let|Charizard-Mega-Y, L50, M\n|-mega|p2b: \"Scar\"let|Charizard|Charizardite Y\n|move|p1a: Sneasler|Dire Claw|p2b: \"Scar\"let\n|-damage|p2b: \"Scar\"let|59/100\n|move|p1b: Charizard|Heat Wave|p2b: \"Scar\"let|[spread] p2a,p2b\n|-resisted|p2a: Unmasked Royal|1\n|-resisted|p2b: \"Scar\"let|1\n|-damage|p2a: Unmasked Royal|37/100\n|-damage|p2b: \"Scar\"let|29/100\n|-enditem|p2a: Unmasked Royal|Sitrus Berry|[eat]\n|-heal|p2a: Unmasked Royal|62/100|[from] item: Sitrus Berry\n|move|p2b: \"Scar\"let|Heat Wave|p1b: Charizard|[spread] p1a,p1b\n|-resisted|p1b: Charizard|1\n|-damage|p1a: Sneasler|6/100\n|-damage|p1b: Charizard|68/100\n|-status|p1a: Sneasler|brn\n|\n|-weather|SunnyDay|[upkeep]\n|-damage|p1a: Sneasler|0 fnt|[from] brn\n|faint|p1a: Sneasler\n|upkeep\n|\n|t:|1775978066\n|switch|p1a: Dragapult|Dragapult, L50, M|100/100\n|turn|5\n|\n|t:|1775978077\n|move|p2a: Unmasked Royal|Fake Out|p1b: Charizard\n|-damage|p1b: Charizard|50/100\n|move|p1a: Dragapult|Dragon Darts|p2a: Unmasked Royal\n|-damage|p2a: Unmasked Royal|30/100\n|-anim|p1a: Dragapult|Dragon Darts|p2b: \"Scar\"let\n|-damage|p2b: \"Scar\"let|0 fnt\n|faint|p2b: \"Scar\"let\n|cant|p1b: Charizard|flinch\n|\n|-weather|SunnyDay|[upkeep]\n|-sideend|p1: lolgz|move: Tailwind\n|upkeep\n|\n|t:|1775978083\n|switch|p2b: Phrog|Venusaur, L50, F, shiny|100/100\n|turn|6\n|\n|t:|1775978098\n|move|p1a: Dragapult|Protect|p1a: Dragapult\n|-singleturn|p1a: Dragapult|Protect\n|move|p1b: Charizard|Protect|p1b: Charizard\n|-singleturn|p1b: Charizard|Protect\n|move|p2b: Phrog|Sludge Bomb|p1b: Charizard\n|-activate|p1b: Charizard|move: Protect\n|move|p2a: Unmasked Royal|Throat Chop|p1a: Dragapult\n|-activate|p1a: Dragapult|move: Protect\n|\n|-weather|none\n|upkeep\n|turn|7\n|\n|t:|1775978108\n|move|p2b: Phrog|Protect|p2b: Phrog\n|-singleturn|p2b: Phrog|Protect\n|move|p1a: Dragapult|Dragon Darts|p2a: Unmasked Royal\n|-damage|p2a: Unmasked Royal|3/100\n|-anim|p1a: Dragapult|Dragon Darts|p2a: Unmasked Royal\n|-damage|p2a: Unmasked Royal|0 fnt\n|faint|p2a: Unmasked Royal\n|move|p1b: Charizard|Heat Wave|p2b: Phrog\n|-activate|p2b: Phrog|move: Protect\n|\n|upkeep\n|turn|8\n|-message|Pasta-Army forfeited.\n|\n|win|lolgz\n|raw|lolgz's rating: 1189 &rarr; <strong>1208</strong><br />(+19 for winning)\n|raw|Pasta-Army's rating: 1106 &rarr; <strong>1087</strong><br />(-19 for losing)\n",
  "uploadtime": 1775978117,
  "views": 13,
  "formatid": "gen9championsvgc2026regma",
  "rating": 1087,
  "private": 0,
  "password": null
}