{
  "id": "gen9championsvgc2026regma-2586845238",
  "format": "[Gen 9 Champions] VGC 2026 Reg M-A",
  "players": [
    "Hittmanchan",
    "dolphined"
  ],
  "log": "|j|\u2606Hittmanchan\n|j|\u2606dolphined\n|t:|1776464770\n|gametype|doubles\n|player|p1|Hittmanchan|102|1114\n|player|p2|dolphined|169|1112\n|gen|9\n|tier|[Gen 9 Champions] VGC 2026 Reg M-A\n|rated|\n|rule|Species Clause: Limit one of each Pok\u00e9mon\n|rule|Item Clause: Limit 1 of each item\n|clearpoke\n|poke|p1|Incineroar, L50, F|\n|poke|p1|Garchomp, L50, F|\n|poke|p1|Tyranitar, L50, F|\n|poke|p1|Talonflame, L50, M|\n|poke|p1|Milotic, L50, F|\n|poke|p1|Espathra, L50, F|\n|poke|p2|Tyranitar, L50, M|\n|poke|p2|Gardevoir, L50, M|\n|poke|p2|Gyarados, L50, M|\n|poke|p2|Excadrill, L50, M|\n|poke|p2|Sinistcha, L50|\n|poke|p2|Rotom-Heat, L50|\n|teampreview|4\n|\n|t:|1776464817\n|teamsize|p1|4\n|teamsize|p2|4\n|start\n|switch|p1a: Incineroar|Incineroar, L50, F|100/100\n|switch|p1b: Tyranitar|Tyranitar, L50, F|100/100\n|switch|p2a: Excadrill|Excadrill, L50, M|100/100\n|switch|p2b: Gyarados|Gyarados, L50, M, shiny|100/100\n|-weather|Sandstorm|[from] ability: Sand Stream|[of] p1b: Tyranitar\n|-ability|p2b: Gyarados|Intimidate|boost\n|-unboost|p1a: Incineroar|atk|1\n|-unboost|p1b: Tyranitar|atk|1\n|-ability|p1a: Incineroar|Intimidate|boost\n|-unboost|p2a: Excadrill|atk|1\n|-unboost|p2b: Gyarados|atk|1\n|turn|1\n|\n|t:|1776464847\n|detailschange|p1b: Tyranitar|Tyranitar-Mega, L50, F\n|-mega|p1b: Tyranitar|Tyranitar|Tyranitarite\n|move|p2a: Excadrill|Protect|p2a: Excadrill\n|-singleturn|p2a: Excadrill|Protect\n|move|p1a: Incineroar|Fake Out|p2a: Excadrill\n|-activate|p2a: Excadrill|move: Protect\n|move|p1b: Tyranitar|Rock Slide|p2b: Gyarados|[spread] p2b\n|-activate|p2a: Excadrill|move: Protect\n|-supereffective|p2b: Gyarados|1\n|-damage|p2b: Gyarados|62/100\n|cant|p2b: Gyarados|flinch\n|\n|-weather|Sandstorm|[upkeep]\n|-damage|p2b: Gyarados|56/100|[from] Sandstorm\n|-damage|p1a: Incineroar|95/100|[from] Sandstorm\n|-heal|p2b: Gyarados|62/100|[from] item: Leftovers\n|upkeep\n|turn|2\n|\n|t:|1776464896\n|switch|p1b: Milotic|Milotic, L50, F|100/100\n|move|p2a: Excadrill|High Horsepower|p1a: Incineroar\n|-supereffective|p1a: Incineroar|1\n|-damage|p1a: Incineroar|43/100\n|-enditem|p1a: Incineroar|Sitrus Berry|[eat]\n|-heal|p1a: Incineroar|68/100|[from] item: Sitrus Berry\n|move|p2b: Gyarados|Waterfall|p1b: Milotic\n|-resisted|p1b: Milotic|1\n|-damage|p1b: Milotic|90/100\n|move|p1a: Incineroar|Parting Shot|p2a: Excadrill\n|-unboost|p2a: Excadrill|atk|1\n|-unboost|p2a: Excadrill|spa|1\n|\n|t:|1776464915\n|switch|p1a: Tyranitar|Tyranitar-Mega, L50, F|100/100|[from] Parting Shot\n|\n|-weather|Sandstorm|[upkeep]\n|-damage|p2b: Gyarados|56/100|[from] Sandstorm\n|-damage|p1b: Milotic|84/100|[from] Sandstorm\n|-heal|p2b: Gyarados|62/100|[from] item: Leftovers\n|-heal|p1b: Milotic|90/100|[from] item: Leftovers\n|upkeep\n|turn|3\n|\n|t:|1776464940\n|move|p2a: Excadrill|High Horsepower|p1a: Tyranitar\n|-supereffective|p1a: Tyranitar|1\n|-damage|p1a: Tyranitar|69/100\n|move|p1a: Tyranitar|Rock Slide|p2a: Excadrill|[spread] p2a,p2b\n|-resisted|p2a: Excadrill|2\n|-supereffective|p2b: Gyarados|1\n|-damage|p2a: Excadrill|89/100\n|-damage|p2b: Gyarados|2/100\n|move|p2b: Gyarados|Waterfall|p1a: Tyranitar\n|-supereffective|p1a: Tyranitar|1\n|-damage|p1a: Tyranitar|42/100\n|move|p1b: Milotic|Scald|p2a: Excadrill\n|-supereffective|p2a: Excadrill|1\n|-damage|p2a: Excadrill|0 fnt\n|faint|p2a: Excadrill\n|\n|-weather|Sandstorm|[upkeep]\n|-damage|p2b: Gyarados|0 fnt|[from] Sandstorm\n|-damage|p1b: Milotic|84/100|[from] Sandstorm\n|faint|p2b: Gyarados\n|-heal|p1b: Milotic|90/100|[from] item: Leftovers\n|upkeep\n|\n|t:|1776464958\n|switch|p2a: Gardevoir|Gardevoir, L50, M, shiny|100/100\n|switch|p2b: Tyranitar|Tyranitar, L50, M|100/100\n|turn|4\n|inactive|Battle timer is ON: inactive players will automatically lose when time's up. (requested by Hittmanchan)\n|\n|t:|1776464997\n|detailschange|p2a: Gardevoir|Gardevoir-Mega, L50, M, shiny\n|-mega|p2a: Gardevoir|Gardevoir|Gardevoirite\n|move|p2b: Tyranitar|Rock Slide|p1b: Milotic|[spread] p1a,p1b\n|-damage|p1a: Tyranitar|22/100\n|-damage|p1b: Milotic|55/100\n|move|p1a: Tyranitar|High Horsepower|p2b: Tyranitar\n|-supereffective|p2b: Tyranitar|1\n|-damage|p2b: Tyranitar|29/100\n|move|p2a: Gardevoir|Hyper Voice|p1b: Milotic|[spread] p1a,p1b\n|-supereffective|p1a: Tyranitar|1\n|-crit|p1b: Milotic\n|-damage|p1a: Tyranitar|0 fnt\n|-damage|p1b: Milotic|5/100\n|faint|p1a: Tyranitar\n|cant|p1b: Milotic|flinch\n|\n|-weather|Sandstorm|[upkeep]\n|-damage|p2a: Gardevoir|95/100|[from] Sandstorm\n|-damage|p1b: Milotic|0 fnt|[from] Sandstorm\n|faint|p1b: Milotic\n|upkeep\n|\n|t:|1776465017\n|switch|p1a: Incineroar|Incineroar, L50, F|68/100\n|switch|p1b: Garchomp|Garchomp, L50, F|100/100\n|-ability|p1a: Incineroar|Intimidate|boost\n|-unboost|p2a: Gardevoir|atk|1\n|-unboost|p2b: Tyranitar|atk|1\n|turn|5\n|inactive|Hittmanchan has 30 seconds left.\n|\n|t:|1776465046\n|move|p1a: Incineroar|Fake Out|p2a: Gardevoir\n|-damage|p2a: Gardevoir|83/100\n|move|p1b: Garchomp|Dragon Claw|p2b: Tyranitar\n|-damage|p2b: Tyranitar|0 fnt\n|faint|p2b: Tyranitar\n|cant|p2a: Gardevoir|flinch\n|\n|-weather|none\n|upkeep\n|turn|6\n|inactive|Hittmanchan has 30 seconds left.\n|\n|t:|1776465079\n|move|p1a: Incineroar|Protect|p1a: Incineroar\n|-singleturn|p1a: Incineroar|Protect\n|move|p1b: Garchomp|Earthquake|p2a: Gardevoir|[spread] p2a\n|-activate|p1a: Incineroar|move: Protect\n|-damage|p2a: Gardevoir|43/100\n|move|p2a: Gardevoir|Hyper Voice|p1a: Incineroar|[spread] p1b\n|-activate|p1a: Incineroar|move: Protect\n|-supereffective|p1b: Garchomp|1\n|-damage|p1b: Garchomp|7/100\n|\n|upkeep\n|turn|7\n|inactive|Hittmanchan has 30 seconds left.\n|\n|t:|1776465110\n|move|p2a: Gardevoir|Protect|p2a: Gardevoir\n|-singleturn|p2a: Gardevoir|Protect\n|move|p1b: Garchomp|Earthquake|p2a: Gardevoir|[spread] p1a\n|-activate|p2a: Gardevoir|move: Protect\n|-supereffective|p1a: Incineroar|1\n|-damage|p1a: Incineroar|7/100\n|move|p1a: Incineroar|Darkest Lariat|p2a: Gardevoir\n|-activate|p2a: Gardevoir|move: Protect\n|\n|upkeep\n|turn|8\n|\n|t:|1776465126\n|move|p1a: Incineroar|Protect|p1a: Incineroar\n|-singleturn|p1a: Incineroar|Protect\n|move|p1b: Garchomp|Earthquake|p2a: Gardevoir|[spread] p2a\n|-activate|p1a: Incineroar|move: Protect\n|-damage|p2a: Gardevoir|0 fnt\n|faint|p2a: Gardevoir\n|\n|win|Hittmanchan\n|raw|Hittmanchan's rating: 1114 &rarr; <strong>1139</strong><br />(+25 for winning)\n|raw|dolphined's rating: 1112 &rarr; <strong>1087</strong><br />(-25 for losing)\n|l|\u2606Hittmanchan\n|player|p1|\n",
  "uploadtime": 1776465159,
  "views": 22,
  "formatid": "gen9championsvgc2026regma",
  "rating": 1087,
  "private": 0,
  "password": null
}