{
  "id": "gen9championsvgc2026regma-2583975277",
  "format": "[Gen 9 Champions] VGC 2026 Reg M-A",
  "players": [
    "MvillMpersonality",
    "sisi1"
  ],
  "log": "|j|\u2606MvillMpersonality\n|j|\u2606sisi1\n|t:|1776213349\n|gametype|doubles\n|player|p1|MvillMpersonality|pokemaniac|1083\n|player|p2|sisi1|dawn|1000\n|gen|9\n|tier|[Gen 9 Champions] VGC 2026 Reg M-A\n|rated|\n|rule|Species Clause: Limit one of each Pok\u00e9mon\n|rule|Item Clause: Limit 1 of each item\n|clearpoke\n|poke|p1|Scovillain, L50, F|\n|poke|p1|Sinistcha, L50|\n|poke|p1|Gallade, L50, M|\n|poke|p1|Kingambit, L50, M|\n|poke|p1|Rhyperior, L50, F|\n|poke|p1|Primarina, L50, F|\n|poke|p2|Maushold, L50|\n|poke|p2|Meowstic, L50, M|\n|poke|p2|Talonflame, L50, F|\n|poke|p2|Gallade, L50, M|\n|poke|p2|Alakazam, L50, F|\n|poke|p2|Ninetales-Alola, L50, F|\n|teampreview|4\n|\n|t:|1776213394\n|teamsize|p1|4\n|teamsize|p2|4\n|start\n|switch|p1a: Scovillain|Scovillain, L50, F|100/100\n|switch|p1b: Gallade|Gallade, L50, M|100/100\n|switch|p2a: Meowstic|Meowstic, L50, M|100/100\n|switch|p2b: Gallade|Gallade, L50, M|100/100\n|turn|1\n|\n|t:|1776213429\n|detailschange|p1a: Scovillain|Scovillain-Mega, L50, F\n|-mega|p1a: Scovillain|Scovillain|Scovillainite\n|move|p2a: Meowstic|Fake Out|p1b: Gallade\n|-damage|p1b: Gallade|94/100\n|move|p1a: Scovillain|Rage Powder|p1a: Scovillain\n|-singleturn|p1a: Scovillain|move: Rage Powder\n|move|p2b: Gallade|Psycho Cut|p1a: Scovillain\n|-damage|p1a: Scovillain|37/100\n|-status|p2b: Gallade|brn|[from] ability: Spicy Spray|[of] p1a: Scovillain\n|cant|p1b: Gallade|flinch\n|\n|-damage|p2b: Gallade|95/100 brn|[from] brn\n|upkeep\n|turn|2\n|\n|t:|1776213456\n|move|p1a: Scovillain|Rage Powder|p1a: Scovillain\n|-singleturn|p1a: Scovillain|move: Rage Powder\n|move|p2a: Meowstic|Psychic Terrain|p2a: Meowstic\n|-fieldstart|move: Psychic Terrain\n|move|p2b: Gallade|Psycho Cut|p1a: Scovillain\n|-damage|p1a: Scovillain|0 fnt\n|faint|p1a: Scovillain\n|move|p1b: Gallade|Trick Room|p1b: Gallade\n|-fieldstart|move: Trick Room|[of] p1b: Gallade\n|\n|-damage|p2b: Gallade|89/100 brn|[from] brn\n|upkeep\n|\n|t:|1776213470\n|switch|p1a: Kingambit|Kingambit, L50, M|100/100\n|turn|3\n|\n|t:|1776213503\n|switch|p1b: Rhyperior|Rhyperior, L50, F|100/100\n|move|p2a: Meowstic|Gravity|p2a: Meowstic\n|-fieldstart|move: Gravity\n|move|p1a: Kingambit|Iron Head|p2b: Gallade\n|-damage|p2b: Gallade|28/100 brn\n|move|p2b: Gallade|Trick Room|p2b: Gallade\n|-fieldend|move: Trick Room\n|\n|-damage|p2b: Gallade|23/100 brn|[from] brn\n|upkeep\n|turn|4\n|\n|t:|1776213524\n|move|p2a: Meowstic|Helping Hand|p2b: Gallade\n|-singleturn|p2b: Gallade|Helping Hand|[of] p2a: Meowstic\n|move|p2b: Gallade|Sacred Sword|p1a: Kingambit\n|-supereffective|p1a: Kingambit|2\n|-damage|p1a: Kingambit|0 fnt\n|faint|p1a: Kingambit\n|move|p1b: Rhyperior|Rock Slide|p2a: Meowstic|[spread] p2a,p2b\n|-resisted|p2b: Gallade|1\n|-damage|p2a: Meowstic|63/100\n|-damage|p2b: Gallade|0 fnt\n|faint|p2b: Gallade\n|\n|upkeep\n|\n|t:|1776213535\n|switch|p2b: Alakazam|Alakazam, L50, F|100/100\n|switch|p1a: Gallade|Gallade, L50, M|94/100\n|turn|5\n|\n|t:|1776213543\n|detailschange|p2b: Alakazam|Alakazam-Mega, L50, F\n|-mega|p2b: Alakazam|Alakazam|Alakazite\n|-ability|p2b: Alakazam|Sharpness|Trace|[from] ability: Trace|[of] p1a: Gallade\n|move|p2a: Meowstic|Helping Hand|p2b: Alakazam\n|-singleturn|p2b: Alakazam|Helping Hand|[of] p2a: Meowstic\n|move|p1a: Gallade|Protect|p1a: Gallade\n|-singleturn|p1a: Gallade|Protect\n|move|p1b: Rhyperior|Protect|p1b: Rhyperior\n|-singleturn|p1b: Rhyperior|Protect\n|move|p2b: Alakazam|Expanding Force|p1a: Gallade|[spread] \n|-activate|p1a: Gallade|move: Protect\n|-activate|p1b: Rhyperior|move: Protect\n|\n|upkeep\n|turn|6\n|\n|t:|1776213564\n|move|p2a: Meowstic|Helping Hand|p2b: Alakazam\n|-singleturn|p2b: Alakazam|Helping Hand|[of] p2a: Meowstic\n|move|p1b: Rhyperior|Protect||[still]\n|-fail|p1b: Rhyperior\n|move|p2b: Alakazam|Expanding Force|p1b: Rhyperior|[spread] p1a,p1b\n|-damage|p1a: Gallade|0 fnt\n|-damage|p1b: Rhyperior|0 fnt\n|faint|p1a: Gallade\n|faint|p1b: Rhyperior\n|\n|win|sisi1\n|raw|MvillMpersonality's rating: 1083 &rarr; <strong>1055</strong><br />(-28 for losing)\n|raw|sisi1's rating: 1000 &rarr; <strong>1049</strong><br />(+49 for winning)\n|l|\u2606MvillMpersonality\n|player|p1|\n",
  "uploadtime": 1776213579,
  "views": 17,
  "formatid": "gen9championsvgc2026regma",
  "rating": 1049,
  "private": 0,
  "password": null
}