{
  "id": "gen9championsvgc2026regma-2585444857",
  "format": "[Gen 9 Champions] VGC 2026 Reg M-A",
  "players": [
    "pseudo_777",
    "problamatic"
  ],
  "log": "|j|\u2606pseudo_777\n|j|\u2606problamatic\n|t:|1776347754\n|gametype|doubles\n|player|p1|pseudo_777|marshal|1413\n|player|p2|problamatic|102|1348\n|gen|9\n|tier|[Gen 9 Champions] VGC 2026 Reg M-A\n|rated|\n|rule|Species Clause: Limit one of each Pok\u00e9mon\n|rule|Item Clause: Limit 1 of each item\n|clearpoke\n|poke|p1|Delphox, L50, M|\n|poke|p1|Clefable, L50, F|\n|poke|p1|Incineroar, L50, M|\n|poke|p1|Garchomp, L50, M|\n|poke|p1|Rotom-Wash, L50|\n|poke|p1|Kingambit, L50, M|\n|poke|p2|Scizor, L50, M|\n|poke|p2|Tyranitar, L50, M|\n|poke|p2|Excadrill, L50, M|\n|poke|p2|Milotic, L50, F|\n|poke|p2|Aegislash, L50, F|\n|poke|p2|Incineroar, L50, M|\n|teampreview|4\n|inactive|Battle timer is ON: inactive players will automatically lose when time's up. (requested by problamatic)\n|inactive|pseudo_777 has 60 seconds left.\n|inactive|problamatic has 60 seconds left.\n|\n|t:|1776347808\n|teamsize|p1|4\n|teamsize|p2|4\n|start\n|switch|p1a: Rotom|Rotom-Wash, L50|100/100\n|switch|p1b: Delphox|Delphox, L50, M|100/100\n|switch|p2a: Tyranitar|Tyranitar, L50, M, shiny|100/100\n|switch|p2b: Aegislash|Aegislash, L50, F, shiny|100/100\n|-weather|Sandstorm|[from] ability: Sand Stream|[of] p2a: Tyranitar\n|turn|1\n|\n|t:|1776347820\n|detailschange|p1b: Delphox|Delphox-Mega, L50, M\n|-mega|p1b: Delphox|Delphox|Delphoxite\n|detailschange|p2a: Tyranitar|Tyranitar-Mega, L50, M, shiny\n|-mega|p2a: Tyranitar|Tyranitar|Tyranitarite\n|move|p1b: Delphox|Protect|p1b: Delphox\n|-singleturn|p1b: Delphox|Protect\n|move|p2a: Tyranitar|Crunch|p1b: Delphox\n|-activate|p1b: Delphox|move: Protect\n|move|p1a: Rotom|Will-O-Wisp|p2a: Tyranitar\n|-status|p2a: Tyranitar|brn\n|-formechange|p2b: Aegislash|Aegislash-Blade|\n|move|p2b: Aegislash|Poltergeist|p1a: Rotom\n|-activate|p1a: Rotom|move: Poltergeist|Leftovers\n|-damage|p1a: Rotom|11/100\n|\n|-weather|Sandstorm|[upkeep]\n|-damage|p1b: Delphox|95/100|[from] Sandstorm\n|-damage|p1a: Rotom|5/100|[from] Sandstorm\n|-heal|p1a: Rotom|11/100|[from] item: Leftovers\n|-damage|p2a: Tyranitar|95/100 brn|[from] brn\n|upkeep\n|turn|2\n|inactive|problamatic has 30 seconds left.\n|\n|t:|1776347851\n|switch|p2a: Incineroar|Incineroar, L50, M, shiny|100/100\n|-ability|p2a: Incineroar|Intimidate|boost\n|-unboost|p1a: Rotom|atk|1\n|-unboost|p1b: Delphox|atk|1\n|-formechange|p2b: Aegislash|Aegislash|\n|move|p2b: Aegislash|King's Shield|p2b: Aegislash\n|-singleturn|p2b: Aegislash|Protect\n|move|p1b: Delphox|Heat Wave|p2a: Incineroar|[spread] p2a\n|-activate|p2b: Aegislash|move: Protect\n|-resisted|p2a: Incineroar|1\n|-damage|p2a: Incineroar|86/100\n|move|p1a: Rotom|Hydro Pump|p2a: Incineroar|[miss]\n|-miss|p1a: Rotom|p2a: Incineroar\n|\n|-weather|Sandstorm|[upkeep]\n|-damage|p1b: Delphox|89/100|[from] Sandstorm\n|-damage|p1a: Rotom|5/100|[from] Sandstorm\n|-damage|p2a: Incineroar|80/100|[from] Sandstorm\n|-heal|p1a: Rotom|11/100|[from] item: Leftovers\n|upkeep\n|turn|3\n|inactive|problamatic has 30 seconds left.\n|\n|t:|1776347882\n|switch|p1a: Incineroar|Incineroar, L50, M|100/100\n|-ability|p1a: Incineroar|Intimidate|boost\n|-unboost|p2a: Incineroar|atk|1\n|-unboost|p2b: Aegislash|atk|1\n|move|p1b: Delphox|Protect|p1b: Delphox\n|-singleturn|p1b: Delphox|Protect\n|move|p2a: Incineroar|Fake Out|p1b: Delphox\n|-activate|p1b: Delphox|move: Protect\n|-formechange|p2b: Aegislash|Aegislash-Blade|\n|move|p2b: Aegislash|Shadow Sneak|p1a: Incineroar\n|-resisted|p1a: Incineroar|1\n|-damage|p1a: Incineroar|90/100\n|\n|-weather|Sandstorm|[upkeep]\n|-damage|p1b: Delphox|83/100|[from] Sandstorm\n|-damage|p1a: Incineroar|84/100|[from] Sandstorm\n|-damage|p2a: Incineroar|74/100|[from] Sandstorm\n|upkeep\n|turn|4\n|\n|t:|1776347905\n|switch|p1b: Garchomp|Garchomp, L50, M|100/100\n|-formechange|p2b: Aegislash|Aegislash|\n|move|p2b: Aegislash|King's Shield|p2b: Aegislash\n|-singleturn|p2b: Aegislash|Protect\n|move|p2a: Incineroar|Protect|p2a: Incineroar\n|-singleturn|p2a: Incineroar|Protect\n|move|p1a: Incineroar|Parting Shot|p2b: Aegislash\n|-unboost|p2b: Aegislash|atk|1\n|-unboost|p2b: Aegislash|spa|1\n|\n|t:|1776347918\n|switch|p1a: Delphox|Delphox-Mega, L50, M|83/100|[from] Parting Shot\n|\n|-weather|Sandstorm|[upkeep]\n|-damage|p1a: Delphox|77/100|[from] Sandstorm\n|-damage|p2a: Incineroar|68/100|[from] Sandstorm\n|upkeep\n|turn|5\n|\n|t:|1776347935\n|switch|p2b: Tyranitar|Tyranitar-Mega, L50, M, shiny|95/100 brn\n|switch|p2a: Milotic|Milotic, L50, F, shiny|100/100\n|move|p1b: Garchomp|Earthquake|p2a: Milotic|[spread] p2a,p2b\n|-immune|p1a: Delphox|[from] ability: Levitate\n|-supereffective|p2b: Tyranitar|1\n|-damage|p2a: Milotic|64/100\n|-damage|p2b: Tyranitar|40/100 brn\n|move|p1a: Delphox|Heat Wave|p2a: Milotic|[spread] p2a,p2b\n|-resisted|p2a: Milotic|1\n|-resisted|p2b: Tyranitar|1\n|-damage|p2a: Milotic|51/100\n|-damage|p2b: Tyranitar|30/100 brn\n|\n|-weather|none\n|-heal|p2a: Milotic|57/100|[from] item: Leftovers\n|-damage|p2b: Tyranitar|24/100 brn|[from] brn\n|upkeep\n|turn|6\n|\n|t:|1776347955\n|switch|p2b: Incineroar|Incineroar, L50, M, shiny|68/100\n|-ability|p2b: Incineroar|Intimidate|boost\n|-unboost|p1a: Delphox|atk|1\n|-unboost|p1b: Garchomp|atk|1\n|move|p1b: Garchomp|Earthquake|p2a: Milotic|[spread] p2a,p2b\n|-immune|p1a: Delphox|[from] ability: Levitate\n|-supereffective|p2b: Incineroar|1\n|-damage|p2a: Milotic|29/100\n|-damage|p2b: Incineroar|17/100\n|-enditem|p2b: Incineroar|Sitrus Berry|[eat]\n|-heal|p2b: Incineroar|42/100|[from] item: Sitrus Berry\n|move|p1a: Delphox|Psychic|p2a: Milotic\n|-damage|p2a: Milotic|0 fnt\n|faint|p2a: Milotic\n|\n|upkeep\n|\n|t:|1776347968\n|switch|p2a: Tyranitar|Tyranitar-Mega, L50, M, shiny|24/100 brn\n|-weather|Sandstorm|[from] ability: Sand Stream|[of] p2a: Tyranitar\n|turn|7\n|\n|t:|1776347982\n|switch|p1b: Rotom|Rotom-Wash, L50|11/100\n|move|p1a: Delphox|Protect|p1a: Delphox\n|-singleturn|p1a: Delphox|Protect\n|move|p2b: Incineroar|Fake Out|p1b: Rotom\n|-damage|p1b: Rotom|0 fnt\n|faint|p1b: Rotom\n|move|p2a: Tyranitar|Rock Slide|p1a: Delphox\n|-activate|p1a: Delphox|move: Protect\n|\n|-weather|Sandstorm|[upkeep]\n|-damage|p1a: Delphox|71/100|[from] Sandstorm\n|-damage|p2b: Incineroar|36/100|[from] Sandstorm\n|-damage|p2a: Tyranitar|18/100 brn|[from] brn\n|upkeep\n|\n|t:|1776347985\n|switch|p1b: Garchomp|Garchomp, L50, M|100/100\n|turn|8\n|\n|t:|1776347996\n|switch|p2b: Aegislash|Aegislash, L50, F, shiny|100/100\n|move|p2a: Tyranitar|Protect|p2a: Tyranitar\n|-singleturn|p2a: Tyranitar|Protect\n|move|p1b: Garchomp|Earthquake|p2b: Aegislash|[spread] p2b\n|-activate|p2a: Tyranitar|move: Protect\n|-immune|p1a: Delphox|[from] ability: Levitate\n|-supereffective|p2b: Aegislash|1\n|-damage|p2b: Aegislash|33/100\n|move|p1a: Delphox|Nasty Plot|p1a: Delphox\n|-boost|p1a: Delphox|spa|2\n|\n|-weather|Sandstorm|[upkeep]\n|-damage|p1a: Delphox|65/100|[from] Sandstorm\n|-damage|p2a: Tyranitar|13/100 brn|[from] brn\n|upkeep\n|turn|9\n|\n|t:|1776348008\n|move|p1a: Delphox|Protect|p1a: Delphox\n|-singleturn|p1a: Delphox|Protect\n|-formechange|p2b: Aegislash|Aegislash-Blade|\n|move|p2b: Aegislash|Shadow Sneak|p1a: Delphox\n|-activate|p1a: Delphox|move: Protect\n|move|p1b: Garchomp|Earthquake|p2a: Tyranitar|[spread] p2a,p2b\n|-activate|p1a: Delphox|move: Protect\n|-supereffective|p2a: Tyranitar|1\n|-supereffective|p2b: Aegislash|1\n|-damage|p2a: Tyranitar|0 fnt\n|-damage|p2b: Aegislash|0 fnt\n|faint|p2a: Tyranitar\n|faint|p2b: Aegislash\n|\n|-weather|Sandstorm|[upkeep]\n|-damage|p1a: Delphox|60/100|[from] Sandstorm\n|upkeep\n|-message|problamatic forfeited.\n|\n|win|pseudo_777\n|raw|pseudo_777's rating: 1413 &rarr; <strong>1429</strong><br />(+16 for winning)\n|raw|problamatic's rating: 1348 &rarr; <strong>1332</strong><br />(-16 for losing)\n",
  "uploadtime": 1776348030,
  "views": 56,
  "formatid": "gen9championsvgc2026regma",
  "rating": 1332,
  "private": 0,
  "password": null
}