{
  "id": "gen9championsvgc2026regma-2586182945",
  "format": "[Gen 9 Champions] VGC 2026 Reg M-A",
  "players": [
    "NoxxinVGC",
    "surchoux"
  ],
  "log": "|j|\u2606NoxxinVGC\n|j|\u2606surchoux\n|t:|1776409511\n|gametype|doubles\n|player|p1|NoxxinVGC|giovanni|1096\n|player|p2|surchoux|169|1145\n|gen|9\n|tier|[Gen 9 Champions] VGC 2026 Reg M-A\n|rated|\n|rule|Species Clause: Limit one of each Pok\u00e9mon\n|rule|Item Clause: Limit 1 of each item\n|clearpoke\n|poke|p1|Delphox, L50, M|\n|poke|p1|Basculegion, L50, M|\n|poke|p1|Clefable, L50, F|\n|poke|p1|Kingambit, L50, M|\n|poke|p1|Dragonite, L50, M|\n|poke|p1|Sneasler, L50, M|\n|poke|p2|Dragonite, L50, F|\n|poke|p2|Pelipper, L50, F|\n|poke|p2|Basculegion, L50, M|\n|poke|p2|Archaludon, L50, M|\n|poke|p2|Gengar, L50, F|\n|poke|p2|Arcanine, L50, M|\n|teampreview|4\n|inactive|Battle timer is ON: inactive players will automatically lose when time's up. (requested by NoxxinVGC)\nNoxxinVGC rejected open team sheets.\n|l|\u2606surchoux\n|inactive|surchoux disconnected and has a minute to reconnect!\n|player|p2|\n|j|\u2606surchoux\n|inactive|surchoux reconnected and has 50 seconds left.\n|player|p2|surchoux|169|\n|\n|t:|1776409558\n|teamsize|p1|4\n|teamsize|p2|4\n|start\n|switch|p1a: Sneasler|Sneasler, L50, M|100/100\n|switch|p1b: Dragonite|Dragonite, L50, M, shiny|100/100\n|switch|p2a: Aetharia|Dragonite, L50, F, shiny|100/100\n|switch|p2b: Pelipper|Pelipper, L50, F|100/100\n|-weather|RainDance|[from] ability: Drizzle|[of] p2b: Pelipper\n|turn|1\n|l|\u2606surchoux\n|inactive|surchoux disconnected and has a minute to reconnect!\n|player|p2|\n|inactive|surchoux has 30 seconds left.\n|j|\u2606surchoux\n|inactive|surchoux reconnected and has 30 seconds left.\n|player|p2|surchoux|169|\n|inactive|surchoux has 20 seconds left.\n|inactive|surchoux has 15 seconds left.\n|\n|t:|1776409600\n|detailschange|p2a: Aetharia|Dragonite-Mega, L50, F, shiny\n|-mega|p2a: Aetharia|Dragonite|Dragoninite\n|move|p2a: Aetharia|Protect|p2a: Aetharia\n|-singleturn|p2a: Aetharia|Protect\n|move|p1a: Sneasler|Fake Out|p2a: Aetharia\n|-activate|p2a: Aetharia|move: Protect\n|move|p1b: Dragonite|Scale Shot|p2b: Pelipper\n|-damage|p2b: Pelipper|80/100\n|-damage|p2b: Pelipper|60/100\n|-damage|p2b: Pelipper|39/100\n|-hitcount|p2b: Pelipper|3\n|-unboost|p1b: Dragonite|def|1\n|-boost|p1b: Dragonite|spe|1\n|move|p2b: Pelipper|Tailwind|p2b: Pelipper\n|-sidestart|p2: surchoux|move: Tailwind\n|\n|-weather|RainDance|[upkeep]\n|upkeep\n|turn|2\n|l|\u2606surchoux\n|inactive|surchoux disconnected and has a minute to reconnect!\n|player|p2|\n|inactive|NoxxinVGC has 30 seconds left.\n|inactive|surchoux has 30 seconds left.\n|j|\u2606surchoux\n|inactive|surchoux reconnected and has 30 seconds left.\n|player|p2|surchoux|169|\n|inactive|surchoux has 20 seconds left.\n|inactive|surchoux has 15 seconds left.\n|inactive|surchoux has 10 seconds left.\n|inactive|surchoux has 5 seconds left.\n|\n|t:|1776409651\n|switch|p2b: Archaludon|Archaludon, L50, M|100/100\n|switch|p1b: Clefable|Clefable, L50, F|100/100\n|switch|p1a: Basculegion|Basculegion, L50, M|100/100\n|move|p2a: Aetharia|Draco Meteor|p1b: Clefable\n|-immune|p1b: Clefable\n|\n|-weather|RainDance|[upkeep]\n|upkeep\n|turn|3\n|l|\u2606surchoux\n|inactive|surchoux disconnected and has a minute to reconnect!\n|player|p2|\n|inactive|surchoux has 30 seconds left.\n|j|\u2606surchoux\n|inactive|surchoux reconnected and has 30 seconds left.\n|player|p2|surchoux|169|\n|inactive|surchoux has 20 seconds left.\n|inactive|surchoux has 15 seconds left.\n|inactive|surchoux has 10 seconds left.\n|\n|t:|1776409697\n|switch|p2a: Basculegion|Basculegion, L50, M|100/100\n|move|p2b: Archaludon|Electro Shot||[still]\n|-prepare|p2b: Archaludon|Electro Shot\n|-boost|p2b: Archaludon|spa|1\n|-anim|p2b: Archaludon|Electro Shot|p1a: Basculegion\n|-supereffective|p1a: Basculegion|1\n|-damage|p1a: Basculegion|0 fnt\n|faint|p1a: Basculegion\n|move|p1b: Clefable|Moonblast|p2a: Basculegion\n|-damage|p2a: Basculegion|67/100\n|\n|-weather|RainDance|[upkeep]\n|upkeep\n|\n|t:|1776409711\n|switch|p1a: Sneasler|Sneasler, L50, M|100/100\n|turn|4\n|inactive|surchoux has 30 seconds left.\n|inactive|surchoux has 20 seconds left.\n|inactive|surchoux has 15 seconds left.\n|inactive|surchoux has 10 seconds left.\n|\n|t:|1776409760\n|move|p1b: Clefable|Follow Me|p1b: Clefable\n|-singleturn|p1b: Clefable|move: Follow Me\n|move|p2a: Basculegion|Flip Turn|p1b: Clefable\n|-damage|p1b: Clefable|56/100\n|\n|t:|1776409772\n|switch|p2a: Aetharia|Dragonite-Mega, L50, F, shiny|100/100|[from] Flip Turn\n|move|p2b: Archaludon|Flash Cannon|p1b: Clefable\n|-supereffective|p1b: Clefable|1\n|-damage|p1b: Clefable|0 fnt\n|faint|p1b: Clefable\n|move|p1a: Sneasler|Close Combat|p2b: Archaludon\n|-supereffective|p2b: Archaludon|1\n|-crit|p2b: Archaludon\n|-damage|p2b: Archaludon|0 fnt\n|-unboost|p1a: Sneasler|def|1\n|-unboost|p1a: Sneasler|spd|1\n|faint|p2b: Archaludon\n|\n|-weather|RainDance|[upkeep]\n|-sideend|p2: surchoux|move: Tailwind\n|upkeep\n|l|\u2606surchoux\n|inactive|surchoux disconnected and has a minute to reconnect!\n|player|p2|\n|inactive|surchoux has 30 seconds left.\n|j|\u2606surchoux\n|inactive|surchoux reconnected and has 30 seconds left.\n|player|p2|surchoux|169|\n|\n|t:|1776409804\n|switch|p2b: Basculegion|Basculegion, L50, M|67/100\n|switch|p1b: Dragonite|Dragonite, L50, M, shiny|100/100\n|turn|5\n|l|\u2606surchoux\n|inactive|surchoux disconnected and has a minute to reconnect!\n|player|p2|\n|inactive|surchoux has 30 seconds left.\n|inactive|surchoux has 20 seconds left.\n|j|\u2606surchoux\n|inactive|surchoux reconnected and has 20 seconds left.\n|player|p2|surchoux|169|\n|inactive|surchoux has 15 seconds left.\n|\n|t:|1776409846\n|switch|p2b: Pelipper|Pelipper, L50, F|39/100\n|move|p1b: Dragonite|Protect|p1b: Dragonite\n|-singleturn|p1b: Dragonite|Protect\n|move|p1a: Sneasler|Dire Claw|p2a: Aetharia\n|-damage|p2a: Aetharia|81/100\n|move|p2a: Aetharia|Draco Meteor|p1b: Dragonite\n|-activate|p1b: Dragonite|move: Protect\n|\n|-weather|none\n|upkeep\n|turn|6\n|\n|t:|1776409866\n|move|p1a: Sneasler|Dire Claw|p2a: Aetharia\n|-crit|p2a: Aetharia\n|-damage|p2a: Aetharia|18/100\n|move|p2a: Aetharia|Draco Meteor|p1b: Dragonite|[miss]\n|-miss|p2a: Aetharia|p1b: Dragonite\n|move|p1b: Dragonite|Scale Shot|p2a: Aetharia\n|-supereffective|p2a: Aetharia|1\n|-damage|p2a: Aetharia|0 fnt\n|faint|p2a: Aetharia\n|-hitcount|p2: Aetharia|1\n|-unboost|p1b: Dragonite|def|1\n|-boost|p1b: Dragonite|spe|1\n|move|p2b: Pelipper|Tailwind|p2b: Pelipper\n|-sidestart|p2: surchoux|move: Tailwind\n|\n|upkeep\n|\n|t:|1776409874\n|switch|p2a: Basculegion|Basculegion, L50, M|67/100\n|turn|7\n|\n|t:|1776409890\n|move|p2a: Basculegion|Last Respects|p1b: Dragonite\n|-damage|p1b: Dragonite|35/100\n|move|p2b: Pelipper|Rain Dance|p2b: Pelipper\n|-weather|RainDance\n|move|p1b: Dragonite|Scale Shot|p2a: Basculegion\n|-damage|p2a: Basculegion|47/100\n|-damage|p2a: Basculegion|28/100\n|-hitcount|p2a: Basculegion|2\n|-unboost|p1b: Dragonite|def|1\n|-boost|p1b: Dragonite|spe|1\n|move|p1a: Sneasler|Dire Claw|p2b: Pelipper\n|-damage|p2b: Pelipper|0 fnt\n|faint|p2b: Pelipper\n|\n|-weather|RainDance|[upkeep]\n|upkeep\n|turn|8\n|l|\u2606surchoux\n|inactive|surchoux disconnected and has a minute to reconnect!\n|player|p2|\n|j|\u2606surchoux\n|inactive|surchoux reconnected and has 35 seconds left.\n|player|p2|surchoux|169|\n|inactive|surchoux has 30 seconds left.\n|-message|surchoux forfeited.\n|\n|win|NoxxinVGC\n|raw|NoxxinVGC's rating: 1096 &rarr; <strong>1125</strong><br />(+29 for winning)\n|raw|surchoux's rating: 1145 &rarr; <strong>1116</strong><br />(-29 for losing)\n",
  "uploadtime": 1776409922,
  "views": 21,
  "formatid": "gen9championsvgc2026regma",
  "rating": 1116,
  "private": 0,
  "password": null
}