{
  "id": "gen9championsvgc2026regma-2587008654",
  "format": "[Gen 9 Champions] VGC 2026 Reg M-A",
  "players": [
    "goldennorc",
    "Party gengar"
  ],
  "log": "|j|\u2606goldennorc\n|j|\u2606Party gengar\n|t:|1776480745\n|gametype|doubles\n|player|p1|goldennorc|hero-conquest|1322\n|player|p2|Party gengar|maid|1325\n|gen|9\n|tier|[Gen 9 Champions] VGC 2026 Reg M-A\n|rated|\n|rule|Species Clause: Limit one of each Pok\u00e9mon\n|rule|Item Clause: Limit 1 of each item\n|clearpoke\n|poke|p1|Dragapult, L50, M|\n|poke|p1|Primarina, L50, M|\n|poke|p1|Incineroar, L50, F|\n|poke|p1|Venusaur, L50, M|\n|poke|p1|Corviknight, L50, F|\n|poke|p1|Tyranitar, L50, F|\n|poke|p2|Delphox, L50, F|\n|poke|p2|Audino, L50, M|\n|poke|p2|Gengar, L50, F|\n|poke|p2|Decidueye-Hisui, L50, M|\n|poke|p2|Garchomp, L50, F|\n|poke|p2|Golurk, L50|\n|teampreview|4\n|c|\u2606Party gengar|hf\n|c|\u2606goldennorc|gl hf\n|c|\u2606goldennorc|this is the first team in like 5 games that isnt peliper arch rain with sneasler thank the lord\n|c|\u2606Party gengar|bless up brother\n|j| underrated battler\n|c| underrated battler|it is nice to see sumn fresh\n|\n|t:|1776480824\n|teamsize|p1|4\n|teamsize|p2|4\n|start\n|switch|p1a: Tyranitar|Tyranitar, L50, F|100/100\n|switch|p1b: Primarina|Primarina, L50, M|100/100\n|switch|p2a: Gengar|Gengar, L50, F|100/100\n|switch|p2b: Decidueye|Decidueye-Hisui, L50, M|100/100\n|-weather|Sandstorm|[from] ability: Sand Stream|[of] p1a: Tyranitar\n|turn|1\n|inactive|Battle timer is ON: inactive players will automatically lose when time's up. (requested by Party gengar)\n|\n|t:|1776480845\n|switch|p1a: Dragapult|Dragapult, L50, M|100/100\n|switch|p1b: Venusaur|Venusaur, L50, M|100/100\n|move|p2a: Gengar|Icy Wind|p1b: Venusaur|[spread] p1a,p1b\n|-supereffective|p1a: Dragapult|1\n|-crit|p1a: Dragapult\n|-supereffective|p1b: Venusaur|1\n|-damage|p1a: Dragapult|55/100\n|-damage|p1b: Venusaur|75/100\n|-unboost|p1b: Venusaur|spe|1\n|move|p2b: Decidueye|Leaf Blade|p1b: Venusaur\n|-resisted|p1b: Venusaur|2\n|-crit|p1b: Venusaur\n|-damage|p1b: Venusaur|55/100\n|\n|-weather|Sandstorm|[upkeep]\n|-damage|p1a: Dragapult|49/100|[from] Sandstorm\n|-damage|p2a: Gengar|95/100|[from] Sandstorm\n|-damage|p2b: Decidueye|94/100|[from] Sandstorm\n|-damage|p1b: Venusaur|49/100|[from] Sandstorm\n|upkeep\n|turn|2\n|inactive|Party gengar has 30 seconds left.\n|inactive|Party gengar has 20 seconds left.\n|inactive|Party gengar has 15 seconds left.\n|\n|t:|1776480888\n|detailschange|p1b: Venusaur|Venusaur-Mega, L50, M\n|-mega|p1b: Venusaur|Venusaur|Venusaurite\n|move|p1a: Dragapult|Phantom Force||[still]\n|-prepare|p1a: Dragapult|Phantom Force\n|move|p2b: Decidueye|Dual Wingbeat|p1b: Venusaur|[miss]\n|-miss|p2b: Decidueye|p1b: Venusaur\n|move|p1b: Venusaur|Sludge Bomb|p2b: Decidueye\n|-supereffective|p2b: Decidueye|1\n|-damage|p2b: Decidueye|4/100\n|move|p2a: Gengar|Trick Room|p2a: Gengar\n|-fieldstart|move: Trick Room|[of] p2a: Gengar\n|\n|-weather|Sandstorm|[upkeep]\n|-damage|p1b: Venusaur|43/100|[from] Sandstorm\n|-damage|p2b: Decidueye|0 fnt|[from] Sandstorm\n|-damage|p2a: Gengar|89/100|[from] Sandstorm\n|-damage|p1a: Dragapult|43/100|[from] Sandstorm\n|faint|p2b: Decidueye\n|upkeep\n|c|\u2606Party gengar|DUAL WING YOU PIECE OF SHIT\n|c| underrated battler|:(\n|c|\u2606goldennorc|if its not 100% accurate its 50% accurate\n|inactive|Party gengar has 30 seconds left.\n|inactive|Party gengar has 20 seconds left.\n|inactive|Party gengar has 15 seconds left.\n|c|\u2606Party gengar|move is literally only for sneasler I should just run BB\n|inactive|Party gengar has 10 seconds left.\n|\n|t:|1776480936\n|switch|p2b: Golurk|Golurk, L50|100/100\n|turn|3\n|\n|t:|1776480951\n|switch|p2a: Audino|Audino, L50, M|100/100\n|detailschange|p2b: Golurk|Golurk-Mega, L50\n|-mega|p2b: Golurk|Golurk|Golurkite\n|move|p1b: Venusaur|Energy Ball|p2b: Golurk\n|-supereffective|p2b: Golurk|1\n|-damage|p2b: Golurk|18/100\n|move|p2b: Golurk|Ice Punch|p1b: Venusaur\n|-supereffective|p1b: Venusaur|1\n|-damage|p1b: Venusaur|18/100\n|move|p1a: Dragapult|Phantom Force|p2a: Audino|[from] lockedmove\n|-immune|p2a: Audino\n|\n|-weather|Sandstorm|[upkeep]\n|-damage|p1b: Venusaur|12/100|[from] Sandstorm\n|-damage|p2a: Audino|94/100|[from] Sandstorm\n|-damage|p1a: Dragapult|36/100|[from] Sandstorm\n|upkeep\n|turn|4\n|c| underrated battler|25...\n|inactive|goldennorc has 30 seconds left.\n|c|\u2606goldennorc|this guys fat as hell dude\n|c|\u2606Party gengar|ngl I forgot about thick fat until I clicked that\n|c| underrated battler|OH dude\n|\n|t:|1776480984\n|switch|p1a: Tyranitar|Tyranitar, L50, F|100/100\n|move|p1b: Venusaur|Energy Ball|p2b: Golurk\n|-supereffective|p2b: Golurk|1\n|-damage|p2b: Golurk|0 fnt\n|faint|p2b: Golurk\n|move|p2a: Audino|Heal Pulse|p2: Golurk|[notarget]\n|-fail|p2a: Audino\n|\n|-weather|Sandstorm|[upkeep]\n|-damage|p1b: Venusaur|6/100|[from] Sandstorm\n|-damage|p2a: Audino|88/100|[from] Sandstorm\n|upkeep\n|c| underrated battler|i didnt realize it mega'd lol\n|\n|t:|1776480991\n|switch|p2b: Gengar|Gengar, L50, F|89/100\n|turn|5\n|c|\u2606Party gengar|ye gg\n|c|\u2606Party gengar|stupid ass 90%\n|-message|Party gengar forfeited.\n|\n|win|goldennorc\n",
  "uploadtime": 1776480902,
  "views": 13,
  "formatid": "gen9championsvgc2026regma",
  "rating": null,
  "private": 0,
  "password": null
}