{
  "id": "gen9championsvgc2026regma-2588877855",
  "format": "[Gen 9 Champions] VGC 2026 Reg M-A",
  "players": [
    "Kugrak",
    "ErringSleet6"
  ],
  "log": "|j|\u2606Kugrak\n|j|\u2606ErringSleet6\n|t:|1776681545\n|gametype|doubles\n|player|p1|Kugrak|hiker-gen4|1071\n|player|p2|ErringSleet6|101|1061\n|gen|9\n|tier|[Gen 9 Champions] VGC 2026 Reg M-A\n|rated|\n|rule|Species Clause: Limit one of each Pok\u00e9mon\n|rule|Item Clause: Limit 1 of each item\n|clearpoke\n|poke|p1|Hydreigon, L50, M|\n|poke|p1|Archaludon, L50, F|\n|poke|p1|Pelipper, L50, F|\n|poke|p1|Goodra, L50, F, shiny|\n|poke|p1|Glimmora, L50, F|\n|poke|p1|Incineroar, L50, F|\n|poke|p2|Aggron, L50, F|\n|poke|p2|Sinistcha, L50|\n|poke|p2|Incineroar, L50, M|\n|poke|p2|Pelipper, L50, F|\n|poke|p2|Aerodactyl, L50, M|\n|poke|p2|Meganium, L50, M|\n|teampreview|4\nErringSleet6 has agreed to open team sheets.\nKugrak has agreed to open team sheets.\n|showteam|p1|Hydreigon||WhiteHerb|Levitate|DracoMeteor,FlashCannon,Protect,DarkPulse|||M|||50|]Archaludon||ScopeLens|Stamina|DragonPulse,ElectroShot,FlashCannon,HyperBeam|||F|||50|]Pelipper||FocusSash|Drizzle|Tailwind,WeatherBall,Hurricane,WideGuard|||F|||50|]Goodra||Leftovers|Gooey|DragonPulse,Thunder,MuddyWater,Protect|||F|||50|]Glimmora||Glimmoranite|ToxicDebris|EarthPower,PowerGem,SludgeBomb,Protect|||F|||50|]Incineroar||SitrusBerry|Intimidate|FakeOut,PartingShot,FlareBlitz,Snarl|||F|||50|\n|showteam|p2|Aggron||Aggronite|Sturdy|IronDefense,BodyPress,HeavySlam,Roar|||F|||50|]Sinistcha||Leftovers|Hospitality|RagePowder,MatchaGotcha,TrickRoom,StrengthSap||||||50|]Incineroar||MentalHerb|Intimidate|FakeOut,PartingShot,ThroatChop,Protect|||M|||50|]Pelipper||SitrusBerry|Drizzle|Hurricane,Tailwind,Protect,WeatherBall|||F|||50|]Aerodactyl||FocusSash|Unnerve|StealthRock,Tailwind,DualWingbeat,RockSlide|||M|||50|]Meganium||Meganiumite|LeafGuard|Protect,SolarBeam,DazzlingGleam,WeatherBall|||M|||50|\n|inactive|Battle timer is ON: inactive players will automatically lose when time's up. (requested by ErringSleet6)\n|\n|t:|1776681604\n|teamsize|p1|4\n|teamsize|p2|4\n|start\n|switch|p1a: Goodra|Goodra, L50, F, shiny|100/100\n|switch|p1b: Incineroar|Incineroar, L50, F|100/100\n|switch|p2a: Incineroar|Incineroar, L50, M|100/100\n|switch|p2b: Aggron|Aggron, L50, F|100/100\n|-ability|p1b: Incineroar|Intimidate|boost\n|-unboost|p2a: Incineroar|atk|1\n|-unboost|p2b: Aggron|atk|1\n|-ability|p2a: Incineroar|Intimidate|boost\n|-unboost|p1a: Goodra|atk|1\n|-unboost|p1b: Incineroar|atk|1\n|turn|1\n|\n|t:|1776681624\n|detailschange|p2b: Aggron|Aggron-Mega, L50, F\n|-mega|p2b: Aggron|Aggron|Aggronite\n|move|p1b: Incineroar|Fake Out|p2b: Aggron\n|-resisted|p2b: Aggron|1\n|-damage|p2b: Aggron|99/100\n|move|p2a: Incineroar|Fake Out|p1a: Goodra\n|-damage|p1a: Goodra|92/100\n|-ability|p1a: Goodra|Gooey\n|-unboost|p2a: Incineroar|spe|1\n|cant|p1a: Goodra|flinch\n|cant|p2b: Aggron|flinch\n|\n|-heal|p1a: Goodra|98/100|[from] item: Leftovers\n|upkeep\n|turn|2\n|inactive|Kugrak has 30 seconds left.\n|\n|t:|1776681649\n|move|p1a: Goodra|Muddy Water|p2a: Incineroar|[spread] p2a,p2b\n|-supereffective|p2a: Incineroar|1\n|-damage|p2a: Incineroar|70/100\n|-damage|p2b: Aggron|84/100\n|move|p1b: Incineroar|Parting Shot|p2b: Aggron\n|-unboost|p2b: Aggron|atk|1\n|-unboost|p2b: Aggron|spa|1\n|\n|t:|1776681659\n|switch|p1b: Glimmora|Glimmora, L50, F|100/100|[from] Parting Shot\n|move|p2b: Aggron|Iron Defense|p2b: Aggron\n|-boost|p2b: Aggron|def|2\n|move|p2a: Incineroar|Parting Shot|p1a: Goodra\n|-unboost|p1a: Goodra|atk|1\n|-unboost|p1a: Goodra|spa|1\n|\n|t:|1776681668\n|switch|p2a: Sinistcha|Sinistcha, L50|100/100|[from] Parting Shot\n|-heal|p2b: Aggron|100/100|[from] ability: Hospitality|[of] p2a: Sinistcha\n|\n|-heal|p1a: Goodra|100/100|[from] item: Leftovers\n|upkeep\n|turn|3\n|inactive|Kugrak has 30 seconds left.\n|\n|t:|1776681694\n|detailschange|p1b: Glimmora|Glimmora-Mega, L50, F\n|-mega|p1b: Glimmora|Glimmora|Glimmoranite\n|move|p1a: Goodra|Protect|p1a: Goodra\n|-singleturn|p1a: Goodra|Protect\n|move|p2a: Sinistcha|Rage Powder|p2a: Sinistcha\n|-singleturn|p2a: Sinistcha|move: Rage Powder\n|move|p1b: Glimmora|Power Gem|p2a: Sinistcha\n|-crit|p2a: Sinistcha\n|-damage|p2a: Sinistcha|16/100\n|move|p2b: Aggron|Body Press|p1b: Glimmora\n|-damage|p1b: Glimmora|24/100\n|\n|-heal|p2a: Sinistcha|22/100|[from] item: Leftovers\n|upkeep\n|turn|4\n|\n|t:|1776681717\n|switch|p2a: Incineroar|Incineroar, L50, M|70/100\n|-ability|p2a: Incineroar|Intimidate|boost\n|-unboost|p1a: Goodra|atk|1\n|-unboost|p1b: Glimmora|atk|1\n|move|p1b: Glimmora|Earth Power|p2b: Aggron\n|-supereffective|p2b: Aggron|1\n|-damage|p2b: Aggron|58/100\n|move|p1a: Goodra|Dragon Pulse|p2a: Incineroar\n|-damage|p2a: Incineroar|51/100\n|move|p2b: Aggron|Body Press|p1b: Glimmora\n|-damage|p1b: Glimmora|0 fnt\n|faint|p1b: Glimmora\n|\n|upkeep\n|\n|t:|1776681732\n|switch|p1b: Incineroar|Incineroar, L50, F|100/100\n|-ability|p1b: Incineroar|Intimidate|boost\n|-unboost|p2a: Incineroar|atk|1\n|-unboost|p2b: Aggron|atk|1\n|turn|5\n|\n|t:|1776681750\n|move|p1b: Incineroar|Fake Out|p2a: Incineroar\n|-damage|p2a: Incineroar|43/100\n|cant|p2a: Incineroar|flinch\n|move|p1a: Goodra|Muddy Water|p2b: Aggron|[spread] p2a,p2b\n|-supereffective|p2a: Incineroar|1\n|-damage|p2a: Incineroar|24/100\n|-damage|p2b: Aggron|49/100\n|-unboost|p2a: Incineroar|accuracy|1\n|move|p2b: Aggron|Iron Defense|p2b: Aggron\n|-boost|p2b: Aggron|def|2\n|\n|upkeep\n|turn|6\n|\n|t:|1776681768\n|move|p1a: Goodra|Dragon Pulse|p2a: Incineroar\n|-damage|p2a: Incineroar|6/100\n|move|p1b: Incineroar|Snarl|p2a: Incineroar|[spread] p2a,p2b\n|-resisted|p2a: Incineroar|1\n|-damage|p2a: Incineroar|2/100\n|-damage|p2b: Aggron|39/100\n|-unboost|p2a: Incineroar|spa|1\n|-unboost|p2b: Aggron|spa|1\n|move|p2a: Incineroar|Parting Shot|p1a: Goodra\n|-unboost|p1a: Goodra|atk|1\n|-unboost|p1a: Goodra|spa|1\n|\n|t:|1776681779\n|switch|p2a: Sinistcha|Sinistcha, L50|22/100|[from] Parting Shot\n|-heal|p2b: Aggron|64/100|[from] ability: Hospitality|[of] p2a: Sinistcha\n|move|p2b: Aggron|Body Press|p1b: Incineroar\n|-supereffective|p1b: Incineroar|1\n|-damage|p1b: Incineroar|0 fnt\n|faint|p1b: Incineroar\n|\n|-heal|p2a: Sinistcha|28/100|[from] item: Leftovers\n|upkeep\n|\n|t:|1776681789\n|switch|p1b: Archaludon|Archaludon, L50, F|100/100\n|turn|7\n|\n|t:|1776681801\n|move|p1b: Archaludon|Flash Cannon|p2b: Aggron\n|-resisted|p2b: Aggron|1\n|-damage|p2b: Aggron|48/100\n|-unboost|p2b: Aggron|spd|1\n|move|p1a: Goodra|Dragon Pulse|p2a: Sinistcha\n|-damage|p2a: Sinistcha|11/100\n|move|p2b: Aggron|Body Press|p1b: Archaludon\n|-supereffective|p1b: Archaludon|1\n|-damage|p1b: Archaludon|0 fnt\n|faint|p1b: Archaludon\n|move|p2a: Sinistcha|Trick Room|p2a: Sinistcha\n|-fieldstart|move: Trick Room|[of] p2a: Sinistcha\n|\n|-heal|p2a: Sinistcha|17/100|[from] item: Leftovers\n|upkeep\n|turn|8\n|c|\u2606ErringSleet6|gg\n|\n|t:|1776681821\n|move|p2b: Aggron|Body Press|p1a: Goodra\n|-damage|p1a: Goodra|0 fnt\n|-ability|p1a: Goodra|Gooey\n|-unboost|p2b: Aggron|spe|1\n|faint|p1a: Goodra\n|\n|win|ErringSleet6\n|raw|Kugrak's rating: 1071 &rarr; <strong>1050</strong><br />(-21 for losing)\n|raw|ErringSleet6's rating: 1061 &rarr; <strong>1093</strong><br />(+32 for winning)\n|l|\u2606Kugrak\n|player|p1|\n",
  "uploadtime": 1776681830,
  "views": 13,
  "formatid": "gen9championsvgc2026regma",
  "rating": 1050,
  "private": 0,
  "password": null
}