{
  "id": "gen9championsvgc2026regma-2585499070",
  "format": "[Gen 9 Champions] VGC 2026 Reg M-A",
  "players": [
    "luiz red",
    "Arsyro"
  ],
  "log": "|j|\u2606luiz red\n|j|\u2606Arsyro\n|t:|1776351639\n|gametype|doubles\n|player|p1|luiz red|veteran|1024\n|player|p2|Arsyro|2|1110\n|gen|9\n|tier|[Gen 9 Champions] VGC 2026 Reg M-A\n|rated|\n|rule|Species Clause: Limit one of each Pok\u00e9mon\n|rule|Item Clause: Limit 1 of each item\n|clearpoke\n|poke|p1|Infernape, L50, F|\n|poke|p1|Araquanid, L50, F|\n|poke|p1|Empoleon, L50, M|\n|poke|p1|Hippowdon, L50, F|\n|poke|p1|Garchomp, L50, F|\n|poke|p1|Corviknight, L50, F|\n|poke|p2|Chandelure, L50, F|\n|poke|p2|Whimsicott, L50, F|\n|poke|p2|Torkoal, L50, M|\n|poke|p2|Incineroar, L50, F|\n|poke|p2|Raichu, L50, F|\n|poke|p2|Hydreigon, L50, F|\n|teampreview|4\n|inactive|Battle timer is ON: inactive players will automatically lose when time's up. (requested by Arsyro)\n|\n|t:|1776351690\n|teamsize|p1|4\n|teamsize|p2|4\n|start\n|switch|p1a: Infernape|Infernape, L50, F|100/100\n|switch|p1b: Empoleon|Empoleon, L50, M|100/100\n|switch|p2a: Raichu|Raichu, L50, F|100/100\n|switch|p2b: Whimsicott|Whimsicott, L50, F|100/100\n|turn|1\n|l|\u2606Arsyro\n|inactive|Arsyro disconnected and has a minute to reconnect!\n|player|p2|\n|j|\u2606Arsyro\n|inactive|Arsyro reconnected and has 55 seconds left.\n|player|p2|Arsyro|2|\n|inactive|luiz red has 30 seconds left.\n|inactive|Arsyro has 30 seconds left.\n|\n|t:|1776351728\n|move|p2b: Whimsicott|Tailwind|p2b: Whimsicott\n|-sidestart|p2: Arsyro|move: Tailwind\n|move|p2a: Raichu|Nuzzle|p1a: Infernape\n|-damage|p1a: Infernape|89/100\n|-status|p1a: Infernape|par\n|move|p1a: Infernape|Heat Wave|p2b: Whimsicott|[spread] p2a,p2b\n|-supereffective|p2b: Whimsicott|1\n|-damage|p2a: Raichu|42/100\n|-damage|p2b: Whimsicott|7/100\n|move|p1b: Empoleon|Ice Beam|p2b: Whimsicott\n|-supereffective|p2b: Whimsicott|1\n|-damage|p2b: Whimsicott|0 fnt\n|faint|p2b: Whimsicott\n|\n|upkeep\n|\n|t:|1776351740\n|switch|p2b: Chandelure|Chandelure, L50, F|100/100\n|turn|2\n|\n|t:|1776351755\n|switch|p1a: Hippowdon|Hippowdon, L50, F|100/100\n|-weather|Sandstorm|[from] ability: Sand Stream|[of] p1a: Hippowdon\n|detailschange|p2b: Chandelure|Chandelure-Mega, L50, F\n|-mega|p2b: Chandelure|Chandelure|Chandelurite\n|move|p1b: Empoleon|Protect|p1b: Empoleon\n|-singleturn|p1b: Empoleon|Protect\n|move|p2a: Raichu|Endeavor|p1b: Empoleon\n|-activate|p1b: Empoleon|move: Protect\n|move|p2b: Chandelure|Heat Wave|p1b: Empoleon|[spread] p1a\n|-activate|p1b: Empoleon|move: Protect\n|-damage|p1a: Hippowdon|63/100\n|\n|-weather|Sandstorm|[upkeep]\n|-damage|p2a: Raichu|36/100|[from] Sandstorm\n|-damage|p2b: Chandelure|95/100|[from] Sandstorm\n|upkeep\n|turn|3\n|inactive|luiz red has 30 seconds left.\n|inactive|Arsyro has 30 seconds left.\n|\n|t:|1776351785\n|switch|p1b: Garchomp|Garchomp, L50, F|100/100\n|move|p2b: Chandelure|Protect|p2b: Chandelure\n|-singleturn|p2b: Chandelure|Protect\n|move|p2a: Raichu|Endeavor|p1b: Garchomp\n|-damage|p1b: Garchomp|26/100\n|-damage|p2a: Raichu|24/100|[from] ability: Rough Skin|[of] p1b: Garchomp\n|move|p1a: Hippowdon|Earthquake|p2b: Chandelure|[spread] p1b,p2a\n|-activate|p2b: Chandelure|move: Protect\n|-supereffective|p2a: Raichu|1\n|-crit|p2a: Raichu\n|-damage|p1b: Garchomp|0 fnt\n|-damage|p2a: Raichu|0 fnt\n|faint|p1b: Garchomp\n|faint|p2a: Raichu\n|\n|-weather|Sandstorm|[upkeep]\n|-damage|p2b: Chandelure|89/100|[from] Sandstorm\n|upkeep\n|\n|t:|1776351805\n|switch|p2a: Incineroar|Incineroar, L50, F|100/100\n|switch|p1b: Infernape|Infernape, L50, F|89/100 par\n|-ability|p2a: Incineroar|Intimidate|boost\n|-unboost|p1a: Hippowdon|atk|1\n|-unboost|p1b: Infernape|atk|1\n|turn|4\n|\n|t:|1776351827\n|switch|p1a: Empoleon|Empoleon, L50, M|100/100\n|move|p2a: Incineroar|Fake Out|p1a: Empoleon\n|-resisted|p1a: Empoleon|1\n|-damage|p1a: Empoleon|94/100\n|move|p2b: Chandelure|Heat Wave|p1b: Infernape|[spread] p1b\n|-miss|p2b: Chandelure|p1a: Empoleon\n|-resisted|p1b: Infernape|1\n|-crit|p1b: Infernape\n|-damage|p1b: Infernape|36/100 par\n|move|p1b: Infernape|Aura Sphere|p2a: Incineroar\n|-supereffective|p2a: Incineroar|1\n|-damage|p2a: Incineroar|23/100\n|-enditem|p2a: Incineroar|Sitrus Berry|[eat]\n|-heal|p2a: Incineroar|48/100|[from] item: Sitrus Berry\n|\n|-weather|Sandstorm|[upkeep]\n|-damage|p2b: Chandelure|83/100|[from] Sandstorm\n|-damage|p2a: Incineroar|42/100|[from] Sandstorm\n|-damage|p1b: Infernape|30/100 par|[from] Sandstorm\n|-sideend|p2: Arsyro|move: Tailwind\n|upkeep\n|turn|5\n|\n|t:|1776351849\n|move|p1b: Infernape|Aura Sphere|p2a: Incineroar\n|-supereffective|p2a: Incineroar|1\n|-damage|p2a: Incineroar|0 fnt\n|faint|p2a: Incineroar\n|move|p2b: Chandelure|Heat Wave|p1a: Empoleon|[spread] p1a\n|-miss|p2b: Chandelure|p1b: Infernape\n|-damage|p1a: Empoleon|50/100\n|move|p1a: Empoleon|Surf|p2b: Chandelure|[spread] p1b,p2b\n|-supereffective|p1b: Infernape|1\n|-supereffective|p2b: Chandelure|1\n|-damage|p1b: Infernape|0 fnt\n|-damage|p2b: Chandelure|11/100\n|faint|p1b: Infernape\n|\n|-weather|Sandstorm|[upkeep]\n|-damage|p2b: Chandelure|5/100|[from] Sandstorm\n|upkeep\n|\n|t:|1776351863\n|switch|p1b: Hippowdon|Hippowdon, L50, F|63/100\n|turn|6\n|\n|t:|1776351869\n|move|p1a: Empoleon|Protect|p1a: Empoleon\n|-singleturn|p1a: Empoleon|Protect\n|move|p2b: Chandelure|Heat Wave|p1b: Hippowdon|[spread] \n|-activate|p1a: Empoleon|move: Protect\n|-miss|p2b: Chandelure|p1b: Hippowdon\n|move|p1b: Hippowdon|Yawn|p2b: Chandelure\n|-start|p2b: Chandelure|move: Yawn|[of] p1b: Hippowdon\n|\n|-weather|none\n|upkeep\n|turn|7\n|\n|t:|1776351882\n|move|p1b: Hippowdon|Protect|p1b: Hippowdon\n|-singleturn|p1b: Hippowdon|Protect\n|move|p2b: Chandelure|Heat Wave|p1a: Empoleon|[spread] p1a\n|-activate|p1b: Hippowdon|move: Protect\n|-damage|p1a: Empoleon|5/100\n|move|p1a: Empoleon|Surf|p2b: Chandelure|[spread] p2b\n|-activate|p1b: Hippowdon|move: Protect\n|-supereffective|p2b: Chandelure|1\n|-damage|p2b: Chandelure|0 fnt\n|faint|p2b: Chandelure\n|\n|win|luiz red\n|raw|luiz red's rating: 1024 &rarr; <strong>1069</strong><br />(+45 for winning)\n|raw|Arsyro's rating: 1110 &rarr; <strong>1079</strong><br />(-31 for losing)\n|l|\u2606Arsyro\n|player|p2|\n",
  "uploadtime": 1776351893,
  "views": 24,
  "formatid": "gen9championsvgc2026regma",
  "rating": 1069,
  "private": 0,
  "password": null
}