{
  "id": "gen9championsvgc2026regma-2588799636",
  "format": "[Gen 9 Champions] VGC 2026 Reg M-A",
  "players": [
    "mizutiga",
    "Elitelgndry3921"
  ],
  "log": "|j|\u2606mizutiga\n|j|\u2606Elitelgndry3921\n|t:|1776672336\n|gametype|doubles\n|player|p1|mizutiga|266|1134\n|player|p2|Elitelgndry3921|169|1104\n|gen|9\n|tier|[Gen 9 Champions] VGC 2026 Reg M-A\n|rated|\n|rule|Species Clause: Limit one of each Pok\u00e9mon\n|rule|Item Clause: Limit 1 of each item\n|clearpoke\n|poke|p1|Serperior, L50, M, shiny|\n|poke|p1|Incineroar, L50, F|\n|poke|p1|Tauros-Paldea-Aqua, L50, M|\n|poke|p1|Pelipper, L50, F|\n|poke|p1|Dragonite, L50, F|\n|poke|p1|Milotic, L50, M|\n|poke|p2|Meganium, L50, F|\n|poke|p2|Aerodactyl, L50, F|\n|poke|p2|Tauros-Paldea-Aqua, L50, M|\n|poke|p2|Typhlosion-Hisui, L50, M|\n|poke|p2|Archaludon, L50, M|\n|poke|p2|Kangaskhan, L50, F|\n|teampreview|4\n|\n|t:|1776672371\n|teamsize|p1|4\n|teamsize|p2|4\n|start\n|switch|p1a: Incineroar|Incineroar, L50, F|100/100\n|switch|p1b: Pelipper|Pelipper, L50, F|100/100\n|switch|p2a: Aerodactyl|Aerodactyl, L50, F|100/100\n|switch|p2b: Tauros|Tauros-Paldea-Aqua, L50, M|100/100\n|-ability|p2a: Aerodactyl|Unnerve\n|-ability|p2b: Tauros|Intimidate|boost\n|-unboost|p1a: Incineroar|atk|1\n|-unboost|p1b: Pelipper|atk|1\n|-weather|RainDance|[from] ability: Drizzle|[of] p1b: Pelipper\n|-ability|p1a: Incineroar|Intimidate|boost\n|-unboost|p2a: Aerodactyl|atk|1\n|-unboost|p2b: Tauros|atk|1\n|-enditem|p2b: Tauros|White Herb\n|-clearnegativeboost|p2b: Tauros|[silent]\n|turn|1\n|\n|t:|1776672389\n|move|p2a: Aerodactyl|Protect|p2a: Aerodactyl\n|-singleturn|p2a: Aerodactyl|Protect\n|move|p2b: Tauros|Protect|p2b: Tauros\n|-singleturn|p2b: Tauros|Protect\n|move|p1a: Incineroar|Fake Out|p2a: Aerodactyl\n|-activate|p2a: Aerodactyl|move: Protect\n|move|p1b: Pelipper|Weather Ball|p2a: Aerodactyl\n|-activate|p2a: Aerodactyl|move: Protect\n|\n|-weather|RainDance|[upkeep]\n|upkeep\n|turn|2\n|\n|t:|1776672402\n|switch|p1a: Milotic|Milotic, L50, M|100/100\n|move|p2a: Aerodactyl|Rock Slide|p1b: Pelipper|[spread] p1a,p1b\n|-supereffective|p1b: Pelipper|1\n|-damage|p1a: Milotic|88/100\n|-damage|p1b: Pelipper|75/100\n|move|p2b: Tauros|Close Combat|p1a: Milotic\n|-damage|p1a: Milotic|44/100\n|-unboost|p2b: Tauros|def|1\n|-unboost|p2b: Tauros|spd|1\n|move|p1b: Pelipper|Weather Ball|p2a: Aerodactyl\n|-supereffective|p2a: Aerodactyl|1\n|-enditem|p2a: Aerodactyl|Focus Sash\n|-damage|p2a: Aerodactyl|1/100\n|\n|-weather|RainDance|[upkeep]\n|-heal|p1a: Milotic|50/100|[from] item: Leftovers\n|upkeep\n|turn|3\n|\n|t:|1776672420\n|move|p2a: Aerodactyl|Dual Wingbeat|p1a: Milotic\n|-damage|p1a: Milotic|41/100\n|-damage|p1a: Milotic|32/100\n|-hitcount|p1a: Milotic|2\n|move|p2b: Tauros|Close Combat|p1a: Milotic\n|-damage|p1a: Milotic|0 fnt\n|-unboost|p2b: Tauros|def|1\n|-unboost|p2b: Tauros|spd|1\n|faint|p1a: Milotic\n|move|p1b: Pelipper|Hurricane|p2b: Tauros\n|-supereffective|p2b: Tauros|1\n|-damage|p2b: Tauros|0 fnt\n|faint|p2b: Tauros\n|\n|-weather|RainDance|[upkeep]\n|upkeep\n|\n|t:|1776672439\n|switch|p2b: Archaludon|Archaludon, L50, M|100/100\n|switch|p1a: Tauros|Tauros-Paldea-Aqua, L50, M|100/100\n|-ability|p1a: Tauros|Intimidate|boost\n|-unboost|p2a: Aerodactyl|atk|1\n|-unboost|p2b: Archaludon|atk|1\n|turn|4\n|\n|t:|1776672456\n|move|p2a: Aerodactyl|Protect|p2a: Aerodactyl\n|-singleturn|p2a: Aerodactyl|Protect\n|move|p1a: Tauros|Protect|p1a: Tauros\n|-singleturn|p1a: Tauros|Protect\n|move|p2b: Archaludon|Protect|p2b: Archaludon\n|-singleturn|p2b: Archaludon|Protect\n|move|p1b: Pelipper|U-turn|p2a: Aerodactyl\n|-activate|p2a: Aerodactyl|move: Protect\n|\n|-weather|RainDance|[upkeep]\n|upkeep\n|turn|5\n|\n|t:|1776672474\n|move|p2a: Aerodactyl|Tailwind|p2a: Aerodactyl\n|-sidestart|p2: Elitelgndry3921|move: Tailwind\n|move|p2b: Archaludon|Thunderbolt|p1a: Tauros\n|-supereffective|p1a: Tauros|1\n|-damage|p1a: Tauros|0 fnt\n|faint|p1a: Tauros\n|move|p1b: Pelipper|U-turn|p2a: Aerodactyl\n|-resisted|p2a: Aerodactyl|1\n|-damage|p2a: Aerodactyl|0 fnt\n|faint|p2a: Aerodactyl\n|\n|t:|1776672480\n|switch|p1b: Incineroar|Incineroar, L50, F|100/100|[from] U-turn\n|-ability|p1b: Incineroar|Intimidate|boost\n|-unboost|p2b: Archaludon|atk|1\n|\n|-weather|none\n|upkeep\n|\n|t:|1776672483\n|switch|p2a: Kangaskhan|Kangaskhan, L50, F|100/100\n|switch|p1a: Pelipper|Pelipper, L50, F|75/100\n|-weather|RainDance|[from] ability: Drizzle|[of] p1a: Pelipper\n|turn|6\n|\n|t:|1776672503\n|detailschange|p2a: Kangaskhan|Kangaskhan-Mega, L50, F\n|-mega|p2a: Kangaskhan|Kangaskhan|Kangaskhanite\n|move|p2a: Kangaskhan|Fake Out|p1a: Pelipper\n|-damage|p1a: Pelipper|59/100\n|-damage|p1a: Pelipper|55/100\n|-hitcount|p1a: Pelipper|2\n|move|p1b: Incineroar|Fake Out|p2b: Archaludon\n|-resisted|p2b: Archaludon|1\n|-damage|p2b: Archaludon|95/100\n|cant|p2b: Archaludon|flinch\n|cant|p1a: Pelipper|flinch\n|\n|-weather|RainDance|[upkeep]\n|-heal|p2b: Archaludon|100/100|[from] item: Leftovers\n|upkeep\n|turn|7\n|\n|t:|1776672526\n|move|p2a: Kangaskhan|Low Kick|p1b: Incineroar\n|-supereffective|p1b: Incineroar|1\n|-crit|p1b: Incineroar\n|-damage|p1b: Incineroar|18/100\n|-enditem|p1b: Incineroar|Sitrus Berry|[eat]\n|-heal|p1b: Incineroar|43/100|[from] item: Sitrus Berry\n|-supereffective|p1b: Incineroar|1\n|-damage|p1b: Incineroar|31/100\n|-hitcount|p1b: Incineroar|2\n|move|p2b: Archaludon|Thunderbolt|p1a: Pelipper\n|-supereffective|p1a: Pelipper|2\n|-damage|p1a: Pelipper|0 fnt\n|faint|p1a: Pelipper\n|move|p1b: Incineroar|Flare Blitz|p2a: Kangaskhan\n|-damage|p2a: Kangaskhan|76/100\n|-damage|p1b: Incineroar|24/100|[from] Recoil\n|\n|-weather|RainDance|[upkeep]\n|upkeep\n|turn|8\n|\n|t:|1776672538\n|move|p2a: Kangaskhan|Low Kick|p1b: Incineroar\n|-supereffective|p1b: Incineroar|1\n|-crit|p1b: Incineroar\n|-damage|p1b: Incineroar|0 fnt\n|faint|p1b: Incineroar\n|-hitcount|p1: Incineroar|1\n|\n|win|Elitelgndry3921\n|raw|mizutiga's rating: 1134 &rarr; <strong>1107</strong><br />(-27 for losing)\n|raw|Elitelgndry3921's rating: 1104 &rarr; <strong>1131</strong><br />(+27 for winning)\n",
  "uploadtime": 1776672539,
  "views": 14,
  "formatid": "gen9championsvgc2026regma",
  "rating": 1107,
  "private": 0,
  "password": null
}