{
  "id": "gen9championsvgc2026regma-2587650121",
  "format": "[Gen 9 Champions] VGC 2026 Reg M-A",
  "players": [
    "gonegeb",
    "nicotronn"
  ],
  "log": "|j|\u2606gonegeb\n|j|\u2606nicotronn\n|t:|1776550390\n|gametype|doubles\n|player|p1|gonegeb|corbeau|1165\n|player|p2|nicotronn|dawn|1147\n|gen|9\n|tier|[Gen 9 Champions] VGC 2026 Reg M-A\n|rated|\n|rule|Species Clause: Limit one of each Pok\u00e9mon\n|rule|Item Clause: Limit 1 of each item\n|clearpoke\n|poke|p1|Lucario, L50, M|\n|poke|p1|Umbreon, L50, M, shiny|\n|poke|p1|Arcanine, L50, F, shiny|\n|poke|p1|Ceruledge, L50, M|\n|poke|p1|Corviknight, L50, M|\n|poke|p1|Whimsicott, L50, F, shiny|\n|poke|p2|Oranguru, L50, M|\n|poke|p2|Drampa, L50, M, shiny|\n|poke|p2|Aegislash, L50, F|\n|poke|p2|Heracross, L50, M|\n|poke|p2|Meganium, L50, F|\n|poke|p2|Sneasler, L50, F|\n|teampreview|4\n|\n|t:|1776550444\n|teamsize|p1|4\n|teamsize|p2|4\n|start\n|switch|p1a: Umbra|Umbreon, L50, M, shiny|100/100\n|switch|p1b: Luna|Whimsicott, L50, F, shiny|100/100\n|switch|p2a: Oranguru|Oranguru, L50, M|100/100\n|switch|p2b: Sneasler|Sneasler, L50, F|100/100\n|turn|1\n|\n|t:|1776550479\n|switch|p1a: Obsidian|Ceruledge, L50, M|100/100\n|move|p2b: Sneasler|Fake Out|p1a: Obsidian\n|-immune|p1a: Obsidian\n|move|p1b: Luna|Taunt|p2a: Oranguru\n|-start|p2a: Oranguru|move: Taunt\n|-enditem|p2a: Oranguru|Mental Herb\n|-end|p2a: Oranguru|move: Taunt\n|move|p2a: Oranguru|Trick Room|p2a: Oranguru\n|-fieldstart|move: Trick Room|[of] p2a: Oranguru\n|\n|upkeep\n|turn|2\n|\n|t:|1776550531\n|switch|p2a: Drampa|Drampa, L50, M, shiny|100/100\n|move|p1b: Luna|Encore|p2b: Sneasler\n|-start|p2b: Sneasler|Encore\n|move|p2b: Sneasler|Fake Out||[still]\n|-hint|Fake Out only works on your first turn out.\n|-fail|p2b: Sneasler\n|move|p1a: Obsidian|Bulk Up|p1a: Obsidian\n|-boost|p1a: Obsidian|atk|1\n|-boost|p1a: Obsidian|def|1\n|\n|upkeep\n|turn|3\n|\n|t:|1776550555\n|switch|p2b: Oranguru|Oranguru, L50, M|100/100\n|move|p1b: Luna|Taunt|p2a: Drampa\n|-start|p2a: Drampa|move: Taunt\n|move|p2a: Drampa|Heat Wave|p1a: Obsidian|[spread] p1b\n|-start|p1a: Obsidian|ability: Flash Fire\n|-supereffective|p1b: Luna|1\n|-damage|p1b: Luna|26/100\n|move|p1a: Obsidian|Bulk Up|p1a: Obsidian\n|-boost|p1a: Obsidian|atk|1\n|-boost|p1a: Obsidian|def|1\n|\n|upkeep\n|turn|4\n|\n|t:|1776550576\n|detailschange|p2a: Drampa|Drampa-Mega, L50, M, shiny\n|-mega|p2a: Drampa|Drampa|Drampanite\n|move|p1b: Luna|Taunt|p2b: Oranguru\n|-start|p2b: Oranguru|move: Taunt\n|move|p2a: Drampa|Dragon Pulse|p1a: Obsidian\n|-damage|p1a: Obsidian|63/100\n|cant|p2b: Oranguru|move: Taunt|Instruct\n|move|p1a: Obsidian|Bitter Blade|p2a: Drampa\n|-resisted|p2a: Drampa|1\n|-damage|p2a: Drampa|47/100\n|-heal|p1a: Obsidian|90/100|[from] drain|[of] p2a: Drampa\n|-ability|p2a: Drampa|Berserk|boost\n|-boost|p2a: Drampa|spa|1\n|-heal|p1a: Obsidian|97/100|[from] item: Shell Bell|[of] p2a: Drampa\n|\n|upkeep\n|turn|5\n|\n|t:|1776550623\n|switch|p2b: Heracross|Heracross, L50, M|100/100\n|switch|p1b: Umbra|Umbreon, L50, M, shiny|100/100\n|move|p2a: Drampa|Dragon Pulse|p1a: Obsidian\n|-crit|p1a: Obsidian\n|-damage|p1a: Obsidian|7/100\n|move|p1a: Obsidian|Bitter Blade|p2a: Drampa\n|-resisted|p2a: Drampa|1\n|-damage|p2a: Drampa|0 fnt\n|-heal|p1a: Obsidian|31/100|[from] drain|[of] p2a: Drampa\n|faint|p2a: Drampa\n|-heal|p1a: Obsidian|36/100|[from] item: Shell Bell|[of] p2: Drampa\n|\n|-fieldend|move: Trick Room\n|upkeep\n|\n|t:|1776550636\n|switch|p2a: Oranguru|Oranguru, L50, M|100/100\n|turn|6\n|\n|t:|1776550646\n|move|p1a: Obsidian|Bitter Blade|p2b: Heracross\n|-supereffective|p2b: Heracross|1\n|-damage|p2b: Heracross|0 fnt\n|-heal|p1a: Obsidian|88/100|[from] drain|[of] p2b: Heracross\n|faint|p2b: Heracross\n|-heal|p1a: Obsidian|100/100|[from] item: Shell Bell|[of] p2: Heracross\n|move|p1b: Umbra|Taunt|p2a: Oranguru\n|-start|p2a: Oranguru|move: Taunt\n|cant|p2a: Oranguru|move: Taunt|Trick Room\n|\n|upkeep\n|-message|nicotronn forfeited.\n|\n|win|gonegeb\n|raw|gonegeb's rating: 1165 &rarr; <strong>1189</strong><br />(+24 for winning)\n|raw|nicotronn's rating: 1147 &rarr; <strong>1123</strong><br />(-24 for losing)\n|l|\u2606nicotronn\n|player|p2|\n",
  "uploadtime": 1776550657,
  "views": 10,
  "formatid": "gen9championsvgc2026regma",
  "rating": 1123,
  "private": 0,
  "password": null
}