{
  "id": "gen9championsvgc2026regma-2588627895",
  "format": "[Gen 9 Champions] VGC 2026 Reg M-A",
  "players": [
    "dkapflzksh",
    "gwonyul"
  ],
  "log": "|j|\u2606dkapflzksh\n|j|\u2606gwonyul\n|t:|1776651586\n|gametype|doubles\n|player|p1|dkapflzksh|scientist-gen4dp|\n|player|p2|gwonyul|1|\n|gen|9\n|tier|[Gen 9 Champions] VGC 2026 Reg M-A\n|rule|Species Clause: Limit one of each Pok\u00e9mon\n|rule|Item Clause: Limit 1 of each item\n|clearpoke\n|poke|p1|Floette-Eternal, L50, F|\n|poke|p1|Whimsicott, L50, M, shiny|\n|poke|p1|Sinistcha-Masterpiece, L50|\n|poke|p1|Sneasler, L50, F, shiny|\n|poke|p1|Kingambit, L50, M, shiny|\n|poke|p1|Sableye, L50, F|\n|poke|p2|Snorlax, L50, M|\n|poke|p2|Maushold-Four, L50|\n|poke|p2|Glalie, L50, F|\n|poke|p2|Farigiraf, L50, M|\n|poke|p2|Beartic, L50, M|\n|poke|p2|Ninetales-Alola, L50, F|\n|teampreview|4\n|\n|t:|1776651597\n|teamsize|p1|4\n|teamsize|p2|4\n|start\n|switch|p1a: Floette|Floette-Eternal, L50, F|100/100\n|switch|p1b: Sneasler|Sneasler, L50, F, shiny|100/100\n|switch|p2a: Ninetales|Ninetales-Alola, L50, F|100/100\n|switch|p2b: Glalie|Glalie, L50, F|100/100\n|-weather|Snowscape|[from] ability: Snow Warning|[of] p2a: Ninetales\n|turn|1\n|\n|t:|1776651613\n|detailschange|p1a: Floette|Floette-Mega, L50, F\n|-mega|p1a: Floette|Floette|Floettite\n|-ability|p1a: Floette|Fairy Aura\n|move|p2b: Glalie|Protect|p2b: Glalie\n|-singleturn|p2b: Glalie|Protect\n|move|p2a: Ninetales|Aurora Veil|p2a: Ninetales\n|-sidestart|p2: gwonyul|move: Aurora Veil\n|move|p1b: Sneasler|Fling|p2b: Glalie\n|-activate|p2b: Glalie|move: Protect\n|-enditem|p1b: Sneasler|King's Rock|[from] move: Fling\n|move|p1a: Floette|Calm Mind|p1a: Floette\n|-boost|p1a: Floette|spa|1\n|-boost|p1a: Floette|spd|1\n|\n|-weather|Snowscape|[upkeep]\n|-ability|p2b: Glalie|Moody|boost\n|-boost|p2b: Glalie|spd|2\n|-unboost|p2b: Glalie|atk|1\n|upkeep\n|turn|2\n|\n|t:|1776651635\n|move|p1b: Sneasler|Close Combat|p2b: Glalie\n|-supereffective|p2b: Glalie|1\n|-enditem|p2b: Glalie|Chople Berry|[eat]\n|-enditem|p2b: Glalie|Chople Berry|[weaken]\n|-damage|p2b: Glalie|67/100\n|-unboost|p1b: Sneasler|def|1\n|-unboost|p1b: Sneasler|spd|1\n|move|p2a: Ninetales|Aurora Veil||[still]\n|-fail|p2a: Ninetales\n|move|p1a: Floette|Calm Mind|p1a: Floette\n|-boost|p1a: Floette|spa|1\n|-boost|p1a: Floette|spd|1\n|move|p2b: Glalie|Sheer Cold|p1a: Floette\n|-damage|p1a: Floette|0 fnt\n|faint|p1a: Floette\n|-ohko\n|\n|-weather|Snowscape|[upkeep]\n|-ability|p2b: Glalie|Moody|boost\n|-boost|p2b: Glalie|def|2\n|-unboost|p2b: Glalie|spd|1\n|upkeep\n|\n|t:|1776651649\n|switch|p1a: Kingambit|Kingambit, L50, M, shiny|100/100\n|turn|3\n|\n|t:|1776651662\n|switch|p2a: Beartic|Beartic, L50, M|100/100\n|move|p1b: Sneasler|Close Combat|p2b: Glalie\n|-supereffective|p2b: Glalie|1\n|-damage|p2b: Glalie|37/100\n|-unboost|p1b: Sneasler|def|1\n|-unboost|p1b: Sneasler|spd|1\n|move|p2b: Glalie|Rest|p2b: Glalie\n|-status|p2b: Glalie|slp|[from] move: Rest\n|-heal|p2b: Glalie|100/100 slp|[silent]\n|move|p1a: Kingambit|Iron Head|p2b: Glalie\n|-supereffective|p2b: Glalie|1\n|-damage|p2b: Glalie|81/100 slp\n|\n|-weather|Snowscape|[upkeep]\n|-ability|p2b: Glalie|Moody|boost\n|-boost|p2b: Glalie|def|2\n|-unboost|p2b: Glalie|atk|1\n|upkeep\n|turn|4\n|\n|t:|1776651684\n|move|p1b: Sneasler|Close Combat|p2a: Beartic\n|-supereffective|p2a: Beartic|1\n|-damage|p2a: Beartic|47/100\n|-unboost|p1b: Sneasler|def|1\n|-unboost|p1b: Sneasler|spd|1\n|cant|p2b: Glalie|slp\n|move|p2b: Glalie|Sleep Talk|p2b: Glalie\n|move|p2b: Glalie|Rest||[from] move: Sleep Talk|[still]\n|-fail|p2b: Glalie\n|move|p2a: Beartic|Sheer Cold|p1b: Sneasler\n|-damage|p1b: Sneasler|0 fnt\n|faint|p1b: Sneasler\n|-ohko\n|move|p1a: Kingambit|Iron Head|p2a: Beartic\n|-supereffective|p2a: Beartic|1\n|-damage|p2a: Beartic|10/100\n|\n|-weather|Snowscape|[upkeep]\n|-ability|p2b: Glalie|Moody|boost\n|-boost|p2b: Glalie|atk|2\n|-unboost|p2b: Glalie|spa|1\n|upkeep\n|\n|t:|1776651695\n|switch|p1b: Sinistcha|Sinistcha-Masterpiece, L50|100/100\n|turn|5\n|\n|t:|1776651708\n|move|p1b: Sinistcha|Matcha Gotcha|p2b: Glalie|[spread] p2a,p2b\n|-damage|p2a: Beartic|0 fnt\n|-damage|p2b: Glalie|71/100 slp\n|faint|p2a: Beartic\n|cant|p2b: Glalie|slp\n|move|p2b: Glalie|Sleep Talk|p2b: Glalie\n|move|p2b: Glalie|Sheer Cold|p1a: Kingambit|[from] move: Sleep Talk|[miss]\n|-miss|p2b: Glalie|p1a: Kingambit\n|move|p1a: Kingambit|Iron Head|p2b: Glalie\n|-supereffective|p2b: Glalie|1\n|-damage|p2b: Glalie|58/100 slp\n|\n|-weather|none\n|-sideend|p2: gwonyul|move: Aurora Veil\n|-ability|p2b: Glalie|Moody|boost\n|-boost|p2b: Glalie|spd|2\n|-unboost|p2b: Glalie|atk|1\n|upkeep\n|\n|t:|1776651719\n|switch|p2a: Ninetales|Ninetales-Alola, L50, F|100/100\n|-weather|Snowscape|[from] ability: Snow Warning|[of] p2a: Ninetales\n|turn|6\n|\n|t:|1776651728\n|move|p2a: Ninetales|Aurora Veil|p2a: Ninetales\n|-sidestart|p2: gwonyul|move: Aurora Veil\n|move|p1b: Sinistcha|Matcha Gotcha|p2a: Ninetales|[spread] p2a,p2b\n|-damage|p2a: Ninetales|84/100\n|-damage|p2b: Glalie|52/100 slp\n|-curestatus|p2b: Glalie|slp|[msg]\n|move|p2b: Glalie|Rest|p2b: Glalie\n|-status|p2b: Glalie|slp|[from] move: Rest\n|-heal|p2b: Glalie|100/100 slp|[silent]\n|move|p1a: Kingambit|Iron Head|p2a: Ninetales\n|-supereffective|p2a: Ninetales|2\n|-damage|p2a: Ninetales|0 fnt\n|faint|p2a: Ninetales\n|\n|-weather|Snowscape|[upkeep]\n|-ability|p2b: Glalie|Moody|boost\n|-boost|p2b: Glalie|atk|2\n|-unboost|p2b: Glalie|spd|1\n|upkeep\n|\n|t:|1776651740\n|switch|p2a: Snorlax|Snorlax, L50, M|100/100\n|turn|7\n|\n|t:|1776651758\n|move|p1b: Sinistcha|Matcha Gotcha|p2a: Snorlax|[spread] p2a,p2b\n|-damage|p2a: Snorlax|93/100\n|-damage|p2b: Glalie|92/100 slp\n|cant|p2b: Glalie|slp\n|move|p2b: Glalie|Sleep Talk|p2b: Glalie\n|move|p2b: Glalie|Protect|p2b: Glalie|[from] move: Sleep Talk\n|-singleturn|p2b: Glalie|Protect\n|move|p1a: Kingambit|Kowtow Cleave|p2a: Snorlax\n|-damage|p2a: Snorlax|67/100\n|move|p2a: Snorlax|Fissure|p1b: Sinistcha|[miss]\n|-miss|p2a: Snorlax|p1b: Sinistcha\n|\n|-weather|Snowscape|[upkeep]\n|-ability|p2b: Glalie|Moody|boost\n|-boost|p2b: Glalie|spe|2\n|-unboost|p2b: Glalie|def|1\n|upkeep\n|turn|8\n|\n|t:|1776651776\n|cant|p2b: Glalie|slp\n|move|p2b: Glalie|Sleep Talk|p2b: Glalie\n|move|p2b: Glalie|Protect|p2b: Glalie|[from] move: Sleep Talk\n|-singleturn|p2b: Glalie|Protect\n|move|p1b: Sinistcha|Matcha Gotcha|p2a: Snorlax|[spread] p2a\n|-activate|p2b: Glalie|move: Protect\n|-crit|p2a: Snorlax\n|-damage|p2a: Snorlax|48/100\n|-enditem|p2a: Snorlax|Sitrus Berry|[eat]\n|-heal|p2a: Snorlax|72/100|[from] item: Sitrus Berry\n|move|p1a: Kingambit|Kowtow Cleave|p2a: Snorlax\n|-damage|p2a: Snorlax|45/100\n|move|p2a: Snorlax|Fissure|p1b: Sinistcha\n|-damage|p1b: Sinistcha|0 fnt\n|faint|p1b: Sinistcha\n|-ohko\n|\n|-weather|Snowscape|[upkeep]\n|-ability|p2b: Glalie|Moody|boost\n|-boost|p2b: Glalie|spa|2\n|-unboost|p2b: Glalie|spd|1\n|upkeep\n|turn|9\n|\n|t:|1776651795\n|-curestatus|p2b: Glalie|slp|[msg]\n|move|p2b: Glalie|Sleep Talk||[still]\n|-fail|p2b: Glalie\n|move|p1a: Kingambit|Kowtow Cleave|p2a: Snorlax\n|-damage|p2a: Snorlax|15/100\n|move|p2a: Snorlax|Fissure|p1a: Kingambit|[miss]\n|-miss|p2a: Snorlax|p1a: Kingambit\n|\n|-weather|Snowscape|[upkeep]\n|-ability|p2b: Glalie|Moody|boost\n|-boost|p2b: Glalie|atk|2\n|-unboost|p2b: Glalie|spa|1\n|upkeep\n|turn|10\n|\n|t:|1776651808\n|move|p2b: Glalie|Sheer Cold|p1a: Kingambit|[miss]\n|-miss|p2b: Glalie|p1a: Kingambit\n|move|p1a: Kingambit|Kowtow Cleave|p2a: Snorlax\n|-damage|p2a: Snorlax|0 fnt\n|faint|p2a: Snorlax\n|\n|-weather|none\n|-sideend|p2: gwonyul|move: Aurora Veil\n|-ability|p2b: Glalie|Moody|boost\n|-boost|p2b: Glalie|spe|2\n|-unboost|p2b: Glalie|spd|1\n|upkeep\n|turn|11\n|\n|t:|1776651814\n|move|p2b: Glalie|Sheer Cold|p1a: Kingambit\n|-damage|p1a: Kingambit|0 fnt\n|faint|p1a: Kingambit\n|-ohko\n|\n|win|gwonyul\n",
  "uploadtime": 1776651815,
  "views": 2,
  "formatid": "gen9championsvgc2026regma",
  "rating": null,
  "private": 0,
  "password": null
}