{
  "id": "gen9championsvgc2026regma-2584241164",
  "format": "[Gen 9 Champions] VGC 2026 Reg M-A",
  "players": [
    "noahguyvgc",
    "CaliberChamp"
  ],
  "log": "|j|\u2606noahguyvgc\n|j|\u2606CaliberChamp\n|t:|1776242187\n|gametype|doubles\n|player|p1|noahguyvgc|roxie|1117\n|player|p2|CaliberChamp|red-masters|1077\n|gen|9\n|tier|[Gen 9 Champions] VGC 2026 Reg M-A\n|rated|\n|rule|Species Clause: Limit one of each Pok\u00e9mon\n|rule|Item Clause: Limit 1 of each item\n|clearpoke\n|poke|p1|Gengar, L50, F|\n|poke|p1|Whimsicott, L50, F|\n|poke|p1|Incineroar, L50, F|\n|poke|p1|Kommo-o, L50, F|\n|poke|p1|Heliolisk, L50, M|\n|poke|p1|Basculegion, L50, M|\n|poke|p2|Greninja-*, L50, M|\n|poke|p2|Aegislash, L50, F|\n|poke|p2|Hawlucha, L50, M|\n|poke|p2|Klefki, L50, F|\n|poke|p2|Tyrantrum, L50, M|\n|poke|p2|Noivern, L50, F|\n|teampreview|4\n|inactive|Battle timer is ON: inactive players will automatically lose when time's up. (requested by noahguyvgc)\n|inactive|noahguyvgc has 60 seconds left.\n|\n|t:|1776242219\n|teamsize|p1|4\n|teamsize|p2|4\n|start\n|switch|p1a: Whimsicott|Whimsicott, L50, F|100/100\n|switch|p1b: Incineroar|Incineroar, L50, F|100/100\n|switch|p2a: Greninja|Greninja, L50, M|100/100\n|switch|p2b: Noivern|Noivern, L50, F|100/100\n|-ability|p1b: Incineroar|Intimidate|boost\n|-unboost|p2a: Greninja|atk|1\n|-unboost|p2b: Noivern|atk|1\n|turn|1\n|\n|t:|1776242237\n|move|p1b: Incineroar|Fake Out|p2a: Greninja\n|-damage|p2a: Greninja|77/100\n|move|p1a: Whimsicott|Tailwind|p1a: Whimsicott\n|-sidestart|p1: noahguyvgc|move: Tailwind\n|cant|p2a: Greninja|flinch\n|move|p2b: Noivern|Tailwind|p2b: Noivern\n|-sidestart|p2: CaliberChamp|move: Tailwind\n|\n|upkeep\n|turn|2\n|\n|t:|1776242252\n|move|p1b: Incineroar|Protect|p1b: Incineroar\n|-singleturn|p1b: Incineroar|Protect\n|move|p2a: Greninja|Sludge Wave|p1b: Incineroar|[spread] p1a\n|-start|p2a: Greninja|typechange|Poison|[from] ability: Protean\n|-activate|p1b: Incineroar|move: Protect\n|-activate|p2b: Noivern|ability: Telepathy\n|-supereffective|p1a: Whimsicott|2\n|-damage|p1a: Whimsicott|0 fnt\n|faint|p1a: Whimsicott\n|move|p2b: Noivern|Heat Wave|p1b: Incineroar\n|-activate|p1b: Incineroar|move: Protect\n|\n|upkeep\n|\n|t:|1776242268\n|switch|p1a: Gengar|Gengar, L50, F|100/100\n|turn|3\n|inactive|CaliberChamp has 30 seconds left.\n|\n|t:|1776242296\n|detailschange|p1a: Gengar|Gengar-Mega, L50, F\n|-mega|p1a: Gengar|Gengar|Gengarite\n|move|p1a: Gengar|Protect|p1a: Gengar\n|-singleturn|p1a: Gengar|Protect\n|move|p2a: Greninja|Sludge Wave|p1a: Gengar|[spread] p1b\n|-activate|p1a: Gengar|move: Protect\n|-activate|p2b: Noivern|ability: Telepathy\n|-damage|p1b: Incineroar|62/100\n|move|p2b: Noivern|Air Slash|p1b: Incineroar\n|-damage|p1b: Incineroar|25/100\n|-enditem|p1b: Incineroar|Sitrus Berry|[eat]\n|-heal|p1b: Incineroar|49/100|[from] item: Sitrus Berry\n|move|p1b: Incineroar|Parting Shot|p2a: Greninja\n|-unboost|p2a: Greninja|atk|1\n|-unboost|p2a: Greninja|spa|1\n|\n|t:|1776242312\n|switch|p1b: Basculegion|Basculegion, L50, M|100/100|[from] Parting Shot\n|\n|upkeep\n|turn|4\n|\n|t:|1776242335\n|switch|p1b: Incineroar|Incineroar, L50, F|49/100\n|-ability|p1b: Incineroar|Intimidate|boost\n|-unboost|p2a: Greninja|atk|1\n|-unboost|p2b: Noivern|atk|1\n|move|p2a: Greninja|Sludge Wave|p1b: Incineroar|[spread] p1a,p1b\n|-activate|p2b: Noivern|ability: Telepathy\n|-resisted|p1a: Gengar|2\n|-damage|p1a: Gengar|95/100\n|-damage|p1b: Incineroar|24/100\n|move|p1a: Gengar|Perish Song|p1a: Gengar\n|-start|p1a: Gengar|perish3|[silent]\n|-start|p1b: Incineroar|perish3|[silent]\n|-start|p2a: Greninja|perish3|[silent]\n|-start|p2b: Noivern|perish3|[silent]\n|-fieldactivate|move: Perish Song\n|move|p2b: Noivern|Air Slash|p1a: Gengar\n|-damage|p1a: Gengar|54/100\n|\n|-start|p2a: Greninja|perish3\n|-start|p1a: Gengar|perish3\n|-start|p2b: Noivern|perish3\n|-start|p1b: Incineroar|perish3\n|-sideend|p1: noahguyvgc|move: Tailwind\n|-sideend|p2: CaliberChamp|move: Tailwind\n|upkeep\n|turn|5\n|inactive|CaliberChamp has 30 seconds left.\n|\n|t:|1776242366\n|move|p1b: Incineroar|Fake Out|p2b: Noivern\n|-damage|p2b: Noivern|83/100\n|move|p2a: Greninja|Sludge Wave|p1b: Incineroar|[spread] p1a,p1b\n|-activate|p2b: Noivern|ability: Telepathy\n|-resisted|p1a: Gengar|2\n|-damage|p1a: Gengar|48/100\n|-damage|p1b: Incineroar|0 fnt\n|faint|p1b: Incineroar\n|move|p1a: Gengar|Disable|p2a: Greninja\n|-start|p2a: Greninja|Disable|Sludge Wave\n|cant|p2b: Noivern|flinch\n|\n|-start|p2a: Greninja|perish2\n|-start|p1a: Gengar|perish2\n|-start|p2b: Noivern|perish2\n|upkeep\n|\n|t:|1776242376\n|switch|p1b: Basculegion|Basculegion, L50, M|100/100\n|turn|6\n|inactive|CaliberChamp has 30 seconds left.\n|inactive|CaliberChamp has 20 seconds left.\n|\n|t:|1776242416\n|-activate|p2a: Greninja|move: Struggle\n|move|p2a: Greninja|Struggle|p1b: Basculegion\n|-damage|p1b: Basculegion|95/100\n|-damage|p2a: Greninja|52/100|[from] recoil\n|move|p1b: Basculegion|Last Respects|p2b: Noivern\n|-damage|p2b: Noivern|0 fnt\n|faint|p2b: Noivern\n|move|p1a: Gengar|Shadow Ball|p2a: Greninja\n|-damage|p2a: Greninja|0 fnt\n|faint|p2a: Greninja\n|\n|-start|p1a: Gengar|perish1\n|upkeep\n|\n|t:|1776242434\n|switch|p2b: Hawlucha|Hawlucha, L50, M|100/100\n|switch|p2a: Klefki|Klefki, L50, F|100/100\n|-ability|p2b: Hawlucha|Mold Breaker\n|turn|7\n|\n|t:|1776242456\n|detailschange|p2b: Hawlucha|Hawlucha-Mega, L50, M\n|-mega|p2b: Hawlucha|Hawlucha|Hawluchanite\n|move|p2a: Klefki|Thunder Wave|p1b: Basculegion\n|-status|p1b: Basculegion|par\n|move|p1a: Gengar|Shadow Ball|p2b: Hawlucha\n|-damage|p2b: Hawlucha|45/100\n|-unboost|p2b: Hawlucha|spd|1\n|move|p2b: Hawlucha|Dual Wingbeat|p1b: Basculegion\n|-damage|p1b: Basculegion|63/100 par\n|-damage|p1b: Basculegion|29/100 par\n|-hitcount|p1b: Basculegion|2\n|move|p1b: Basculegion|Last Respects|p2b: Hawlucha\n|-damage|p2b: Hawlucha|0 fnt\n|faint|p2b: Hawlucha\n|\n|-start|p1a: Gengar|perish0\n|upkeep\n|faint|p1a: Gengar\n|turn|8\n|\n|t:|1776242478\n|move|p1b: Basculegion|Last Respects|p2a: Klefki\n|-damage|p2a: Klefki|0 fnt\n|faint|p2a: Klefki\n|\n|win|noahguyvgc\n|raw|noahguyvgc's rating: 1117 &rarr; <strong>1139</strong><br />(+22 for winning)\n|raw|CaliberChamp's rating: 1077 &rarr; <strong>1058</strong><br />(-19 for losing)\n",
  "uploadtime": 1776242490,
  "views": 30,
  "formatid": "gen9championsvgc2026regma",
  "rating": 1058,
  "private": 0,
  "password": null
}