{
  "id": "gen9championsvgc2026regma-2582179190",
  "format": "[Gen 9 Champions] VGC 2026 Reg M-A",
  "players": [
    "heypolo",
    "Nazurokku"
  ],
  "log": "|j|\u2606heypolo\n|j|\u2606Nazurokku\n|t:|1776068010\n|gametype|doubles\n|player|p1|heypolo|flint|1072\n|player|p2|Nazurokku|hugh|1000\n|gen|9\n|tier|[Gen 9 Champions] VGC 2026 Reg M-A\n|rated|\n|rule|Species Clause: Limit one of each Pok\u00e9mon\n|rule|Item Clause: Limit 1 of each item\n|clearpoke\n|poke|p1|Dragonite, L50, M|\n|poke|p1|Politoed, L50, F|\n|poke|p1|Gengar, L50, M|\n|poke|p1|Incineroar, L50, F|\n|poke|p1|Whimsicott, L50, F|\n|poke|p1|Basculegion, L50, M|\n|poke|p2|Charizard, L50, M|\n|poke|p2|Whimsicott, L50, M|\n|poke|p2|Goodra-Hisui, L50, M|\n|poke|p2|Feraligatr, L50, M|\n|poke|p2|Appletun, L50, M|\n|poke|p2|Hatterene, L50, F|\n|teampreview|4\n|inactive|Battle timer is ON: inactive players will automatically lose when time's up. (requested by heypolo)\nheypolo has agreed to open team sheets.\n|inactive|Nazurokku also wants the timer to be on.\n|\n|t:|1776068041\n|teamsize|p1|4\n|teamsize|p2|4\n|start\n|switch|p1a: Gengar|Gengar, L50, M|100/100\n|switch|p1b: Incineroar|Incineroar, L50, F|100/100\n|switch|p2a: Charizard|Charizard, L50, M|100/100\n|switch|p2b: Whimsicott|Whimsicott, L50, M|100/100\n|-ability|p1b: Incineroar|Intimidate|boost\n|-unboost|p2a: Charizard|atk|1\n|-unboost|p2b: Whimsicott|atk|1\n|turn|1\n|\n|t:|1776068058\n|detailschange|p1a: Gengar|Gengar-Mega, L50, M\n|-mega|p1a: Gengar|Gengar|Gengarite\n|move|p1b: Incineroar|Fake Out|p2a: Charizard\n|-damage|p2a: Charizard|86/100\n|move|p2b: Whimsicott|Sunny Day|p2b: Whimsicott\n|-weather|SunnyDay\n|move|p1a: Gengar|Perish Song|p1a: Gengar\n|-start|p1a: Gengar|perish3|[silent]\n|-start|p1b: Incineroar|perish3|[silent]\n|-start|p2a: Charizard|perish3|[silent]\n|-start|p2b: Whimsicott|perish3|[silent]\n|-fieldactivate|move: Perish Song\n|cant|p2a: Charizard|flinch\n|\n|-weather|SunnyDay|[upkeep]\n|-damage|p2a: Charizard|74/100|[from] ability: Solar Power|[of] p2a: Charizard\n|-start|p1a: Gengar|perish3\n|-start|p2b: Whimsicott|perish3\n|-start|p2a: Charizard|perish3\n|-start|p1b: Incineroar|perish3\n|upkeep\n|turn|2\n|\n|t:|1776068078\n|move|p2b: Whimsicott|Helping Hand|p2a: Charizard\n|-singleturn|p2a: Charizard|Helping Hand|[of] p2b: Whimsicott\n|move|p1a: Gengar|Protect|p1a: Gengar\n|-singleturn|p1a: Gengar|Protect\n|move|p2a: Charizard|Heat Wave|p1b: Incineroar|[spread] p1b\n|-activate|p1a: Gengar|move: Protect\n|-resisted|p1b: Incineroar|1\n|-damage|p1b: Incineroar|40/100\n|-enditem|p1b: Incineroar|Sitrus Berry|[eat]\n|-heal|p1b: Incineroar|65/100|[from] item: Sitrus Berry\n|move|p1b: Incineroar|Parting Shot|p2a: Charizard\n|-unboost|p2a: Charizard|atk|1\n|-unboost|p2a: Charizard|spa|1\n|\n|t:|1776068093\n|switch|p1b: Politoed|Politoed, L50, F|100/100|[from] Parting Shot\n|-weather|RainDance|[from] ability: Drizzle|[of] p1b: Politoed\n|\n|-weather|RainDance|[upkeep]\n|-start|p1a: Gengar|perish2\n|-start|p2b: Whimsicott|perish2\n|-start|p2a: Charizard|perish2\n|upkeep\n|turn|3\n|\n|t:|1776068112\n|move|p2b: Whimsicott|Sunny Day|p2b: Whimsicott\n|-weather|SunnyDay\n|move|p1a: Gengar|Disable|p2a: Charizard\n|-start|p2a: Charizard|Disable|Heat Wave\n|cant|p2a: Charizard|Disable|Heat Wave\n|move|p1b: Politoed|Weather Ball|p2a: Charizard\n|-resisted|p2a: Charizard|1\n|-damage|p2a: Charizard|52/100\n|\n|-weather|SunnyDay|[upkeep]\n|-damage|p2a: Charizard|40/100|[from] ability: Solar Power|[of] p2a: Charizard\n|-start|p1a: Gengar|perish1\n|-start|p2b: Whimsicott|perish1\n|-start|p2a: Charizard|perish1\n|upkeep\n|turn|4\n|\n|t:|1776068132\n|switch|p1a: Incineroar|Incineroar, L50, F|65/100\n|-ability|p1a: Incineroar|Intimidate|boost\n|-unboost|p2a: Charizard|atk|1\n|-unboost|p2b: Whimsicott|atk|1\n|move|p1b: Politoed|Protect|p1b: Politoed\n|-singleturn|p1b: Politoed|Protect\n|move|p2b: Whimsicott|Dazzling Gleam|p1b: Politoed|[spread] p1a\n|-activate|p1b: Politoed|move: Protect\n|-damage|p1a: Incineroar|50/100\n|move|p2a: Charizard|Air Slash|p1a: Incineroar|[miss]\n|-miss|p2a: Charizard|p1a: Incineroar\n|\n|-weather|SunnyDay|[upkeep]\n|-damage|p2a: Charizard|28/100|[from] ability: Solar Power|[of] p2a: Charizard\n|-start|p2b: Whimsicott|perish0\n|-start|p2a: Charizard|perish0\n|faint|p2b: Whimsicott\n|faint|p2a: Charizard\n|upkeep\n|\n|t:|1776068149\n|switch|p2b: Feraligatr|Feraligatr, L50, M|100/100\n|switch|p2a: Hatterene|Hatterene, L50, F|100/100\n|turn|5\n|\n|t:|1776068157\n|detailschange|p2b: Feraligatr|Feraligatr-Mega, L50, M\n|-mega|p2b: Feraligatr|Feraligatr|Feraligite\n|move|p1a: Incineroar|Fake Out|p2b: Feraligatr\n|-damage|p2b: Feraligatr|90/100\n|cant|p2b: Feraligatr|flinch\n|move|p1b: Politoed|Perish Song|p1b: Politoed\n|-start|p1a: Incineroar|perish3|[silent]\n|-start|p1b: Politoed|perish3|[silent]\n|-start|p2a: Hatterene|perish3|[silent]\n|-start|p2b: Feraligatr|perish3|[silent]\n|-fieldactivate|move: Perish Song\n|move|p2a: Hatterene|Trick Room|p2a: Hatterene\n|-fieldstart|move: Trick Room|[of] p2a: Hatterene\n|\n|-weather|SunnyDay|[upkeep]\n|-start|p2a: Hatterene|perish3\n|-start|p1a: Incineroar|perish3\n|-start|p1b: Politoed|perish3\n|-start|p2b: Feraligatr|perish3\n|upkeep\n|turn|6\n|\n|t:|1776068177\n|move|p2a: Hatterene|Dazzling Gleam|p1a: Incineroar|[spread] p1a,p1b\n|-damage|p1a: Incineroar|21/100\n|-damage|p1b: Politoed|69/100\n|move|p1a: Incineroar|Parting Shot|p2b: Feraligatr\n|-unboost|p2b: Feraligatr|atk|1\n|-unboost|p2b: Feraligatr|spa|1\n|\n|t:|1776068184\n|switch|p1a: Whimsicott|Whimsicott, L50, F|100/100|[from] Parting Shot\n|move|p1b: Politoed|Dive||[still]\n|-prepare|p1b: Politoed|Dive\n|move|p2b: Feraligatr|Dragon Dance|p2b: Feraligatr\n|-boost|p2b: Feraligatr|atk|1\n|-boost|p2b: Feraligatr|spe|1\n|\n|-weather|SunnyDay|[upkeep]\n|-start|p2a: Hatterene|perish2\n|-start|p1b: Politoed|perish2\n|-start|p2b: Feraligatr|perish2\n|upkeep\n|turn|7\n|\n|t:|1776068209\n|move|p1a: Whimsicott|Encore|p2b: Feraligatr\n|-start|p2b: Feraligatr|Encore\n|move|p2a: Hatterene|Mystical Fire|p1a: Whimsicott\n|-supereffective|p1a: Whimsicott|1\n|-enditem|p1a: Whimsicott|Focus Sash\n|-damage|p1a: Whimsicott|1/100\n|-unboost|p1a: Whimsicott|spa|1\n|move|p1b: Politoed|Dive|p2a: Hatterene|[from] lockedmove\n|-damage|p2a: Hatterene|90/100\n|move|p2b: Feraligatr|Dragon Dance|p2b: Feraligatr\n|-boost|p2b: Feraligatr|atk|1\n|-boost|p2b: Feraligatr|spe|1\n|\n|-weather|none\n|-start|p2a: Hatterene|perish1\n|-start|p1b: Politoed|perish1\n|-start|p2b: Feraligatr|perish1\n|upkeep\n|turn|8\n|\n|t:|1776068225\n|move|p1a: Whimsicott|Protect|p1a: Whimsicott\n|-singleturn|p1a: Whimsicott|Protect\n|move|p2a: Hatterene|Dazzling Gleam|p1a: Whimsicott|[spread] p1b\n|-activate|p1a: Whimsicott|move: Protect\n|-damage|p1b: Politoed|41/100\n|move|p1b: Politoed|Dive||[still]\n|-prepare|p1b: Politoed|Dive\n|move|p2b: Feraligatr|Dragon Dance|p2b: Feraligatr\n|-boost|p2b: Feraligatr|atk|1\n|-boost|p2b: Feraligatr|spe|1\n|\n|-start|p2a: Hatterene|perish0\n|-start|p1b: Politoed|perish0\n|-start|p2b: Feraligatr|perish0\n|faint|p2a: Hatterene\n|faint|p1b: Politoed\n|faint|p2b: Feraligatr\n|\n|win|heypolo\n|raw|heypolo's rating: 1072 &rarr; <strong>1095</strong><br />(+23 for winning)\n|raw|Nazurokku's rating: 1000 &rarr; <strong>1000</strong><br />(+0 for losing)\n|l|\u2606Nazurokku\n|player|p2|\n",
  "uploadtime": 1776068243,
  "views": 24,
  "formatid": "gen9championsvgc2026regma",
  "rating": 1000,
  "private": 0,
  "password": null
}