{
  "id": "gen9championsvgc2026regma-2585804067",
  "format": "[Gen 9 Champions] VGC 2026 Reg M-A",
  "players": [
    "Katiconyt",
    "Vika_F44"
  ],
  "log": "|j|\u2606Katiconyt\n|j|\u2606Vika_F44\n|t:|1776371826\n|gametype|doubles\n|player|p1|Katiconyt|colress|1275\n|player|p2|Vika_F44|bianca|1344\n|gen|9\n|tier|[Gen 9 Champions] VGC 2026 Reg M-A\n|rated|\n|rule|Species Clause: Limit one of each Pok\u00e9mon\n|rule|Item Clause: Limit 1 of each item\n|clearpoke\n|poke|p1|Incineroar, L50, M|\n|poke|p1|Farigiraf, L50, M|\n|poke|p1|Golurk, L50|\n|poke|p1|Sneasler, L50, F|\n|poke|p1|Torkoal, L50, F|\n|poke|p1|Venusaur, L50, F|\n|poke|p2|Raichu, L50, M|\n|poke|p2|Blastoise, L50, M|\n|poke|p2|Kingambit, L50, M|\n|poke|p2|Farigiraf, L50, M|\n|poke|p2|Sinistcha, L50|\n|poke|p2|Aerodactyl, L50, F|\n|teampreview|4\n|inactive|Battle timer is ON: inactive players will automatically lose when time's up. (requested by Katiconyt)\nVika_F44 has agreed to open team sheets.\n|inactive|Katiconyt has 60 seconds left.\n|inactive|Vika_F44 has 60 seconds left.\n|\n|t:|1776371882\n|teamsize|p1|4\n|teamsize|p2|4\n|start\n|switch|p1a: Farigiraf|Farigiraf, L50, M|100/100\n|switch|p1b: Golurk|Golurk, L50|100/100\n|switch|p2a: Aerodactyl|Aerodactyl, L50, F|100/100\n|switch|p2b: Blastoise|Blastoise, L50, M|100/100\n|-ability|p2a: Aerodactyl|Unnerve\n|turn|1\n|\n|t:|1776371904\n|detailschange|p2b: Blastoise|Blastoise-Mega, L50, M\n|-mega|p2b: Blastoise|Blastoise|Blastoisinite\n|move|p1b: Golurk|Protect|p1b: Golurk\n|-singleturn|p1b: Golurk|Protect\n|move|p2a: Aerodactyl|Dual Wingbeat|p1a: Farigiraf\n|-damage|p1a: Farigiraf|87/100\n|-crit|p1a: Farigiraf\n|-damage|p1a: Farigiraf|66/100\n|-hitcount|p1a: Farigiraf|2\n|move|p2b: Blastoise|Dark Pulse|p1a: Farigiraf\n|-supereffective|p1a: Farigiraf|1\n|-damage|p1a: Farigiraf|0 fnt\n|faint|p1a: Farigiraf\n|\n|upkeep\n|\n|t:|1776371915\n|switch|p1a: Incineroar|Incineroar, L50, M|100/100\n|-ability|p1a: Incineroar|Intimidate|boost\n|-unboost|p2a: Aerodactyl|atk|1\n|-unboost|p2b: Blastoise|atk|1\n|turn|2\n|\n|t:|1776371932\n|detailschange|p1b: Golurk|Golurk-Mega, L50\n|-mega|p1b: Golurk|Golurk|Golurkite\n|move|p2a: Aerodactyl|Protect|p2a: Aerodactyl\n|-singleturn|p2a: Aerodactyl|Protect\n|move|p2b: Blastoise|Protect|p2b: Blastoise\n|-singleturn|p2b: Blastoise|Protect\n|move|p1a: Incineroar|Fake Out|p2b: Blastoise\n|-activate|p2b: Blastoise|move: Protect\n|move|p1b: Golurk|Poltergeist|p2a: Aerodactyl\n|-activate|p2a: Aerodactyl|move: Protect\n|\n|upkeep\n|turn|3\n|\n|t:|1776371952\n|move|p1b: Golurk|Protect|p1b: Golurk\n|-singleturn|p1b: Golurk|Protect\n|move|p2a: Aerodactyl|Rock Slide|p1b: Golurk|[spread] p1a\n|-activate|p1b: Golurk|move: Protect\n|-supereffective|p1a: Incineroar|1\n|-damage|p1a: Incineroar|71/100\n|move|p2b: Blastoise|Water Spout|p1a: Incineroar|[spread] p1a\n|-activate|p1b: Golurk|move: Protect\n|-supereffective|p1a: Incineroar|1\n|-damage|p1a: Incineroar|0 fnt\n|faint|p1a: Incineroar\n|\n|upkeep\n|\n|t:|1776371961\n|switch|p1a: Sneasler|Sneasler, L50, F|100/100\n|turn|4\n|\n|t:|1776371974\n|switch|p2a: Farigiraf|Farigiraf, L50, M|100/100\n|move|p1a: Sneasler|Coaching|p1b: Golurk\n|-boost|p1b: Golurk|atk|1\n|-boost|p1b: Golurk|def|1\n|move|p2b: Blastoise|Water Spout|p1b: Golurk|[spread] p1a,p1b\n|-supereffective|p1b: Golurk|1\n|-damage|p1a: Sneasler|2/100\n|-damage|p1b: Golurk|0 fnt\n|faint|p1b: Golurk\n|\n|upkeep\n|turn|5\n|-message|Katiconyt forfeited.\n|\n|win|Vika_F44\n|raw|Katiconyt's rating: 1275 &rarr; <strong>1255</strong><br />(-20 for losing)\n|raw|Vika_F44's rating: 1344 &rarr; <strong>1360</strong><br />(+16 for winning)\n|l|\u2606Katiconyt\n|player|p1|\n",
  "uploadtime": 1776371988,
  "views": 25,
  "formatid": "gen9championsvgc2026regma",
  "rating": 1255,
  "private": 0,
  "password": null
}