{
  "id": "gen9championsvgc2026regma-2582608429",
  "format": "[Gen 9 Champions] VGC 2026 Reg M-A",
  "players": [
    "tunnelzx",
    "Dimzthegoat"
  ],
  "log": "|j|\u2606tunnelzx\n|j|\u2606Dimzthegoat\n|t:|1776102364\n|gametype|doubles\n|player|p1|tunnelzx|harlequin|1074\n|player|p2|Dimzthegoat|clair|1031\n|gen|9\n|tier|[Gen 9 Champions] VGC 2026 Reg M-A\n|rated|\n|rule|Species Clause: Limit one of each Pok\u00e9mon\n|rule|Item Clause: Limit 1 of each item\n|clearpoke\n|poke|p1|Politoed, L50, M|\n|poke|p1|Sableye, L50, M|\n|poke|p1|Meganium, L50, F|\n|poke|p1|Toxicroak, L50, M|\n|poke|p1|Araquanid, L50, M|\n|poke|p1|Raichu, L50, F|\n|poke|p2|Whimsicott, L50, F|\n|poke|p2|Starmie, L50|\n|poke|p2|Pelipper, L50, M|\n|poke|p2|Beartic, L50, M|\n|poke|p2|Tyranitar, L50, F|\n|poke|p2|Sinistcha-Masterpiece, L50|\n|teampreview|4\nDimzthegoat rejected open team sheets.\n|\n|t:|1776102395\n|teamsize|p1|4\n|teamsize|p2|4\n|start\n|switch|p1a: stitch|Sableye, L50, M, shiny|100/100\n|switch|p1b: Toxicroak|Toxicroak, L50, M|100/100\n|switch|p2a: Pelipper|Pelipper, L50, M|100/100\n|switch|p2b: Whimsicott|Whimsicott, L50, F, shiny|100/100\n|-weather|RainDance|[from] ability: Drizzle|[of] p2a: Pelipper\n|turn|1\n|\n|t:|1776102415\n|switch|p2b: Starmie|Starmie, L50, shiny|100/100\n|move|p1a: stitch|Detect|p1a: stitch\n|-singleturn|p1a: stitch|Protect\n|move|p1b: Toxicroak|Fake Out|p2b: Starmie\n|-damage|p2b: Starmie|81/100\n|move|p2a: Pelipper|Tailwind|p2a: Pelipper\n|-sidestart|p2: Dimzthegoat|move: Tailwind\n|\n|-weather|RainDance|[upkeep]\n|upkeep\n|turn|2\n|\n|t:|1776102435\n|switch|p2a: Tyranitar|Tyranitar, L50, F|100/100\n|-ability|p2a: Tyranitar|Unnerve\n|switch|p1a: Lesbian|Meganium, L50, F, shiny|100/100\n|detailschange|p2b: Starmie|Starmie-Mega, L50, shiny\n|-mega|p2b: Starmie|Starmie|Starminite\n|move|p2b: Starmie|Skill Swap|p2a: Tyranitar\n|-activate|p2b: Starmie|Skill Swap|||[of] p2a: Tyranitar\n|-ability|p2b: Starmie|Unnerve\n|move|p1b: Toxicroak|Knock Off|p2b: Starmie\n|-supereffective|p2b: Starmie|1\n|-damage|p2b: Starmie|31/100\n|\n|-weather|RainDance|[upkeep]\n|upkeep\n|turn|3\n|\n|t:|1776102468\n|switch|p2b: Pelipper|Pelipper, L50, M|100/100\n|detailschange|p1a: Lesbian|Meganium-Mega, L50, F, shiny\n|-mega|p1a: Lesbian|Meganium|Meganiumite\n|move|p2a: Tyranitar|Earthquake|p1a: Lesbian|[spread] p1a,p1b\n|-immune|p2b: Pelipper\n|-resisted|p1a: Lesbian|1\n|-supereffective|p1b: Toxicroak|1\n|-damage|p1a: Lesbian|74/100\n|-enditem|p1b: Toxicroak|Focus Sash\n|-damage|p1b: Toxicroak|1/100\n|move|p1b: Toxicroak|Knock Off|p2a: Tyranitar\n|-resisted|p2a: Tyranitar|1\n|-damage|p2a: Tyranitar|87/100\n|-enditem|p2a: Tyranitar|Hard Stone|[from] move: Knock Off|[of] p1b: Toxicroak\n|move|p1a: Lesbian|Solar Beam||[still]\n|-prepare|p1a: Lesbian|Solar Beam\n|-activate|p1a: Lesbian|ability: Mega Sol\n|-anim|p1a: Lesbian|Solar Beam|p2a: Tyranitar\n|-supereffective|p2a: Tyranitar|1\n|-damage|p2a: Tyranitar|0 fnt\n|faint|p2a: Tyranitar\n|\n|-weather|RainDance|[upkeep]\n|-heal|p1b: Toxicroak|14/100|[from] ability: Dry Skin\n|upkeep\n|\n|t:|1776102498\n|switch|p2a: Starmie|Starmie-Mega, L50, shiny|31/100\n|turn|4\n|\n|t:|1776102507\n|move|p2a: Starmie|Expanding Force|p1b: Toxicroak\n|-supereffective|p1b: Toxicroak|2\n|-damage|p1b: Toxicroak|0 fnt\n|faint|p1b: Toxicroak\n|move|p2b: Pelipper|Hurricane|p1a: Lesbian\n|-supereffective|p1a: Lesbian|1\n|-damage|p1a: Lesbian|0 fnt\n|faint|p1a: Lesbian\n|\n|-weather|RainDance|[upkeep]\n|-sideend|p2: Dimzthegoat|move: Tailwind\n|upkeep\n|\n|t:|1776102519\n|switch|p1b: stitch|Sableye, L50, M, shiny|100/100\n|switch|p1a: Pichaku|Raichu, L50, F|100/100\n|turn|5\n|\n|t:|1776102540\n|switch|p2b: Whimsicott|Whimsicott, L50, F, shiny|100/100\n|move|p1a: Pichaku|Fake Out|p2a: Starmie\n|-damage|p2a: Starmie|20/100\n|move|p1b: stitch|Disable|p2a: Starmie\n|-start|p2a: Starmie|Disable|Expanding Force\n|cant|p2a: Starmie|flinch\n|\n|-weather|none\n|upkeep\n|turn|6\n|\n|t:|1776102554\n|move|p2b: Whimsicott|Tailwind|p2b: Whimsicott\n|-sidestart|p2: Dimzthegoat|move: Tailwind\n|move|p1b: stitch|Rain Dance|p1b: stitch\n|-weather|RainDance\n|move|p2a: Starmie|Scald|p1a: Pichaku\n|-damage|p1a: Pichaku|14/100\n|-status|p1a: Pichaku|brn\n|move|p1a: Pichaku|Thunder|p2a: Starmie\n|-supereffective|p2a: Starmie|1\n|-damage|p2a: Starmie|0 fnt\n|faint|p2a: Starmie\n|\n|-weather|RainDance|[upkeep]\n|-damage|p1a: Pichaku|8/100 brn|[from] brn\n|upkeep\n|\n|t:|1776102566\n|switch|p2a: Pelipper|Pelipper, L50, M|100/100\n|turn|7\n|\n|t:|1776102580\n|move|p1a: Pichaku|Protect|p1a: Pichaku\n|-singleturn|p1a: Pichaku|Protect\n|move|p1b: stitch|Encore|p2b: Whimsicott\n|-start|p2b: Whimsicott|Encore\n|move|p2b: Whimsicott|Tailwind||[still]\n|-fail|p2b: Whimsicott\n|move|p2a: Pelipper|Hurricane|p1b: stitch\n|-damage|p1b: stitch|39/100\n|\n|-weather|RainDance|[upkeep]\n|-damage|p1a: Pichaku|2/100 brn|[from] brn\n|upkeep\n|turn|8\n|\n|t:|1776102595\n|move|p2b: Whimsicott|Tailwind||[still]\n|-fail|p2b: Whimsicott\n|move|p1b: stitch|Disable|p2a: Pelipper\n|-start|p2a: Pelipper|Disable|Hurricane\n|move|p1a: Pichaku|Thunder|p2a: Pelipper\n|-supereffective|p2a: Pelipper|2\n|-damage|p2a: Pelipper|0 fnt\n|faint|p2a: Pelipper\n|\n|-weather|RainDance|[upkeep]\n|-damage|p1a: Pichaku|0 fnt|[from] brn\n|faint|p1a: Pichaku\n|upkeep\n|turn|9\n|\n|t:|1776102611\n|move|p2b: Whimsicott|Tailwind||[still]\n|-fail|p2b: Whimsicott\n|move|p1b: stitch|Disable|p2b: Whimsicott\n|-start|p2b: Whimsicott|Disable|Tailwind\n|\n|-weather|RainDance|[upkeep]\n|-end|p2b: Whimsicott|Encore\n|-sideend|p2: Dimzthegoat|move: Tailwind\n|upkeep\n|turn|10\n|inactive|Battle timer is ON: inactive players will automatically lose when time's up. (requested by Dimzthegoat)\n|\n|t:|1776102622\n|move|p1b: stitch|Encore|p2b: Whimsicott\n|-start|p2b: Whimsicott|Encore\n|cant|p2b: Whimsicott|Disable|Tailwind\n|\n|-weather|none\n|upkeep\n|turn|11\n|\n|t:|1776102627\n|move|p1b: stitch|Detect|p1b: stitch\n|-singleturn|p1b: stitch|Protect\n|-activate|p2b: Whimsicott|move: Struggle\n|move|p2b: Whimsicott|Struggle|p1b: stitch\n|-activate|p1b: stitch|move: Protect\n|\n|upkeep\n|turn|12\n|\n|t:|1776102634\n|move|p1b: stitch|Rain Dance|p1b: stitch\n|-weather|RainDance\n|-activate|p2b: Whimsicott|move: Struggle\n|move|p2b: Whimsicott|Struggle|p1b: stitch\n|-damage|p1b: stitch|30/100\n|-damage|p2b: Whimsicott|75/100|[from] recoil\n|\n|-weather|RainDance|[upkeep]\n|-end|p2b: Whimsicott|Encore\n|upkeep\n|turn|13\n|-message|Dimzthegoat forfeited.\n|\n|win|tunnelzx\n|raw|tunnelzx's rating: 1074 &rarr; <strong>1099</strong><br />(+25 for winning)\n|raw|Dimzthegoat's rating: 1031 &rarr; <strong>1018</strong><br />(-13 for losing)\n|l|\u2606Dimzthegoat\n|player|p2|\n|j|\u2606Dimzthegoat\n|player|p2|Dimzthegoat|clair|\n",
  "uploadtime": 1776102650,
  "views": 14,
  "formatid": "gen9championsvgc2026regma",
  "rating": 1018,
  "private": 0,
  "password": null
}