{
  "id": "gen9championsvgc2026regma-2589573216",
  "format": "[Gen 9 Champions] VGC 2026 Reg M-A",
  "players": [
    "Otterz",
    "testy accounty 2"
  ],
  "log": "|j|\u2606Otterz\n|j|\u2606testy accounty 2\n|t:|1776735380\n|gametype|doubles\n|player|p1|Otterz|wattson|1612\n|player|p2|testy accounty 2|102|1673\n|gen|9\n|tier|[Gen 9 Champions] VGC 2026 Reg M-A\n|rated|\n|rule|Species Clause: Limit one of each Pok\u00e9mon\n|rule|Item Clause: Limit 1 of each item\n|clearpoke\n|poke|p1|Meganium, L50, M|\n|poke|p1|Aegislash, L50, F|\n|poke|p1|Ceruledge, L50, F|\n|poke|p1|Farigiraf, L50, F|\n|poke|p1|Aerodactyl, L50, M|\n|poke|p1|Milotic, L50, F|\n|poke|p2|Incineroar, L50, M|\n|poke|p2|Gengar, L50, F, shiny|\n|poke|p2|Politoed, L50, M|\n|poke|p2|Archaludon, L50, F|\n|poke|p2|Meganium, L50, M|\n|poke|p2|Volcarona, L50, F|\n|teampreview|4\n|\n|t:|1776735404\n|teamsize|p1|4\n|teamsize|p2|4\n|start\n|switch|p1a: Milotic|Milotic, L50, F|100/100\n|switch|p1b: Ceruledge|Ceruledge, L50, F|100/100\n|switch|p2a: Ian|Incineroar, L50, M|100/100\n|switch|p2b: Gengar|Gengar, L50, F, shiny|100/100\n|-ability|p2a: Ian|Intimidate|boost\n|-unboost|p1a: Milotic|atk|1\n|-ability|p1a: Milotic|Competitive|boost\n|-boost|p1a: Milotic|spa|2\n|-unboost|p1b: Ceruledge|atk|1\n|turn|1\n|\n|t:|1776735417\n|switch|p2b: Kathleen|Archaludon, L50, F|100/100\n|move|p2a: Ian|Fake Out|p1a: Milotic\n|-damage|p1a: Milotic|90/100\n|move|p1b: Ceruledge|Swords Dance|p1b: Ceruledge\n|-boost|p1b: Ceruledge|atk|2\n|cant|p1a: Milotic|flinch\n|\n|-heal|p1a: Milotic|96/100|[from] item: Leftovers\n|upkeep\n|turn|2\n|j| Urfredo981\n|l| Urfredo981\n|\n|t:|1776735435\n|switch|p2a: Rosey|Politoed, L50, M|100/100\n|-weather|RainDance|[from] ability: Drizzle|[of] p2a: Rosey\n|move|p2b: Kathleen|Electro Shot||[still]\n|-prepare|p2b: Kathleen|Electro Shot\n|-boost|p2b: Kathleen|spa|1\n|-anim|p2b: Kathleen|Electro Shot|p1a: Milotic\n|-supereffective|p1a: Milotic|1\n|-damage|p1a: Milotic|0 fnt\n|faint|p1a: Milotic\n|move|p1b: Ceruledge|Bitter Blade|p2b: Kathleen\n|-damage|p2b: Kathleen|71/100\n|-ability|p2b: Kathleen|Stamina|boost\n|-boost|p2b: Kathleen|def|1\n|\n|-weather|RainDance|[upkeep]\n|upkeep\n|\n|t:|1776735448\n|switch|p1a: Meganium|Meganium, L50, M|100/100\n|turn|3\n|\n|t:|1776735459\n|switch|p2a: Ian|Incineroar, L50, M|100/100\n|-ability|p2a: Ian|Intimidate|boost\n|-unboost|p1a: Meganium|atk|1\n|-unboost|p1b: Ceruledge|atk|1\n|detailschange|p1a: Meganium|Meganium-Mega, L50, M\n|-mega|p1a: Meganium|Meganium|Meganiumite\n|move|p1a: Meganium|Weather Ball|p2b: Kathleen\n|-damage|p2b: Kathleen|0 fnt\n|faint|p2b: Kathleen\n|move|p1b: Ceruledge|Swords Dance|p1b: Ceruledge\n|-boost|p1b: Ceruledge|atk|2\n|\n|-weather|RainDance|[upkeep]\n|upkeep\n|\n|t:|1776735473\n|switch|p2b: Gengar|Gengar, L50, F, shiny|100/100\n|turn|4\n|\n|t:|1776735485\n|detailschange|p2b: Gengar|Gengar-Mega, L50, F, shiny\n|-mega|p2b: Gengar|Gengar|Gengarite\n|move|p2b: Gengar|Protect|p2b: Gengar\n|-singleturn|p2b: Gengar|Protect\n|move|p1a: Meganium|Protect|p1a: Meganium\n|-singleturn|p1a: Meganium|Protect\n|move|p1b: Ceruledge|Protect|p1b: Ceruledge\n|-singleturn|p1b: Ceruledge|Protect\n|move|p2a: Ian|Throat Chop|p1b: Ceruledge\n|-activate|p1b: Ceruledge|move: Protect\n|\n|-weather|RainDance|[upkeep]\n|upkeep\n|turn|5\n|j| Badaxx\n|\n|t:|1776735510\n|switch|p2b: Rosey|Politoed, L50, M|100/100\n|move|p1b: Ceruledge|Shadow Sneak|p2b: Rosey\n|-damage|p2b: Rosey|53/100\n|move|p1a: Meganium|Solar Beam||[still]\n|-prepare|p1a: Meganium|Solar Beam\n|-activate|p1a: Meganium|ability: Mega Sol\n|-anim|p1a: Meganium|Solar Beam|p2b: Rosey\n|-supereffective|p2b: Rosey|1\n|-damage|p2b: Rosey|0 fnt\n|faint|p2b: Rosey\n|move|p2a: Ian|Throat Chop|p1b: Ceruledge\n|-supereffective|p1b: Ceruledge|1\n|-enditem|p1b: Ceruledge|Colbur Berry|[eat]\n|-enditem|p1b: Ceruledge|Colbur Berry|[weaken]\n|-damage|p1b: Ceruledge|67/100\n|-start|p1b: Ceruledge|Throat Chop|[silent]\n|\n|-weather|RainDance|[upkeep]\n|upkeep\n|\n|t:|1776735522\n|switch|p2b: Gengar|Gengar-Mega, L50, F, shiny|100/100\n|turn|6\n|j| Charlie Kirkegaard\n|\n|t:|1776735538\n|move|p1b: Ceruledge|Shadow Sneak|p2b: Gengar\n|-supereffective|p2b: Gengar|1\n|-damage|p2b: Gengar|6/100\n|move|p2b: Gengar|Shadow Ball|p1b: Ceruledge\n|-supereffective|p1b: Ceruledge|1\n|-damage|p1b: Ceruledge|0 fnt\n|faint|p1b: Ceruledge\n|move|p1a: Meganium|Dazzling Gleam|p2a: Ian|[spread] p2a,p2b\n|-resisted|p2b: Gengar|1\n|-damage|p2a: Ian|71/100\n|-damage|p2b: Gengar|0 fnt\n|faint|p2b: Gengar\n|move|p2a: Ian|Throat Chop|p1a: Meganium\n|-resisted|p1a: Meganium|1\n|-damage|p1a: Meganium|86/100\n|-start|p1a: Meganium|Throat Chop|[silent]\n|\n|-weather|none\n|upkeep\n|-message|testy accounty 2 forfeited.\n|\n|win|Otterz\n|raw|Otterz's rating: 1612 &rarr; <strong>1635</strong><br />(+23 for winning)\n|raw|testy accounty 2's rating: 1673 &rarr; <strong>1650</strong><br />(-23 for losing)\n|l|\u2606testy accounty 2\n|player|p2|\n|j| Urfredo981\n",
  "uploadtime": 1776735569,
  "views": 7,
  "formatid": "gen9championsvgc2026regma",
  "rating": 1635,
  "private": 0,
  "password": null
}