{
  "id": "gen9championsvgc2026regma-2583692330",
  "format": "[Gen 9 Champions] VGC 2026 Reg M-A",
  "players": [
    "MrnSweven",
    "MefShowdown0"
  ],
  "log": "|j|\u2606MrnSweven\n|j|\u2606MefShowdown0\n|t:|1776191371\n|gametype|doubles\n|player|p1|MrnSweven|burglar|1000\n|player|p2|MefShowdown0|selene-masters2|1000\n|gen|9\n|tier|[Gen 9 Champions] VGC 2026 Reg M-A\n|rated|\n|rule|Species Clause: Limit one of each Pok\u00e9mon\n|rule|Item Clause: Limit 1 of each item\n|clearpoke\n|poke|p1|Floette-Eternal, L50, F|\n|poke|p1|Sneasler, L50, F|\n|poke|p1|Aerodactyl, L50, F|\n|poke|p1|Kangaskhan, L50, F|\n|poke|p1|Whimsicott, L50, M|\n|poke|p1|Maushold-Four, L50|\n|poke|p2|Floette-Eternal, L50, F|\n|poke|p2|Delphox, L50, F|\n|poke|p2|Aerodactyl, L50, M|\n|poke|p2|Maushold, L50|\n|poke|p2|Garchomp, L50, M|\n|poke|p2|Incineroar, L50, F|\n|teampreview|4\n|inactive|Battle timer is ON: inactive players will automatically lose when time's up. (requested by MrnSweven)\n|inactive|MefShowdown0 also wants the timer to be on.\n|\n|t:|1776191442\n|teamsize|p1|4\n|teamsize|p2|4\n|start\n|switch|p1a: Maushold|Maushold-Four, L50|100/100\n|switch|p1b: Whimsicott|Whimsicott, L50, M|100/100\n|switch|p2a: Delphox|Delphox, L50, F|100/100\n|switch|p2b: Garchomp|Garchomp, L50, M|100/100\n|turn|1\n|\n|t:|1776191459\n|detailschange|p2a: Delphox|Delphox-Mega, L50, F\n|-mega|p2a: Delphox|Delphox|Delphoxite\n|move|p2b: Garchomp|Protect|p2b: Garchomp\n|-singleturn|p2b: Garchomp|Protect\n|move|p1b: Whimsicott|Tailwind|p1b: Whimsicott\n|-sidestart|p1: MrnSweven|move: Tailwind\n|move|p1a: Maushold|Population Bomb|p2a: Delphox\n|-damage|p2a: Delphox|93/100\n|-crit|p2a: Delphox\n|-damage|p2a: Delphox|82/100\n|-damage|p2a: Delphox|74/100\n|-damage|p2a: Delphox|67/100\n|-hitcount|p2a: Delphox|4\n|cant|p2a: Delphox|flinch\n|\n|upkeep\n|turn|2\n|\n|t:|1776191478\n|switch|p2b: Incineroar|Incineroar, L50, F|100/100\n|-ability|p2b: Incineroar|Intimidate|boost\n|-unboost|p1a: Maushold|atk|1\n|-unboost|p1b: Whimsicott|atk|1\n|move|p1a: Maushold|Population Bomb|p2a: Delphox\n|-damage|p2a: Delphox|62/100\n|-hitcount|p2a: Delphox|1\n|move|p1b: Whimsicott|Dazzling Gleam|p2b: Incineroar|[spread] p2a,p2b\n|-resisted|p2a: Delphox|1\n|-crit|p2a: Delphox\n|-damage|p2a: Delphox|50/100\n|-damage|p2b: Incineroar|87/100\n|move|p2a: Delphox|Heat Wave|p1b: Whimsicott|[spread] p1a,p1b\n|-supereffective|p1b: Whimsicott|1\n|-damage|p1a: Maushold|52/100\n|-damage|p1b: Whimsicott|30/100\n|-status|p1a: Maushold|brn\n|\n|-damage|p1a: Maushold|46/100 brn|[from] brn\n|upkeep\n|turn|3\n|\n|t:|1776191501\n|move|p2b: Incineroar|Fake Out|p1a: Maushold\n|-damage|p1a: Maushold|33/100 brn\n|move|p1b: Whimsicott|Taunt|p2b: Incineroar\n|-hint|Since gen 7, Dark is immune to Prankster moves.\n|-immune|p2b: Incineroar\n|cant|p1a: Maushold|flinch\n|move|p2a: Delphox|Heat Wave|p1b: Whimsicott|[spread] p1a,p1b\n|-supereffective|p1b: Whimsicott|1\n|-damage|p1a: Maushold|0 fnt\n|-damage|p1b: Whimsicott|0 fnt\n|faint|p1a: Maushold\n|faint|p1b: Whimsicott\n|\n|upkeep\n|\n|t:|1776191505\n|switch|p1a: Kangaskhan|Kangaskhan, L50, F|100/100\n|switch|p1b: Sneasler|Sneasler, L50, F|100/100\n|turn|4\n|\n|t:|1776191523\n|detailschange|p1a: Kangaskhan|Kangaskhan-Mega, L50, F\n|-mega|p1a: Kangaskhan|Kangaskhan|Kangaskhanite\n|move|p2a: Delphox|Protect|p2a: Delphox\n|-singleturn|p2a: Delphox|Protect\n|move|p1b: Sneasler|Fake Out|p2b: Incineroar\n|-damage|p2b: Incineroar|75/100\n|move|p1a: Kangaskhan|Fake Out|p2a: Delphox\n|-activate|p2a: Delphox|move: Protect\n|cant|p2b: Incineroar|flinch\n|\n|-sideend|p1: MrnSweven|move: Tailwind\n|upkeep\n|turn|5\n|\n|t:|1776191542\n|move|p1a: Kangaskhan|Sucker Punch|p2a: Delphox\n|-supereffective|p2a: Delphox|1\n|-damage|p2a: Delphox|0 fnt\n|faint|p2a: Delphox\n|-hitcount|p2: Delphox|1\n|move|p1b: Sneasler|Dire Claw|p2b: Incineroar\n|-damage|p2b: Incineroar|42/100\n|-enditem|p2b: Incineroar|Sitrus Berry|[eat]\n|-heal|p2b: Incineroar|67/100|[from] item: Sitrus Berry\n|move|p2b: Incineroar|Parting Shot|p1a: Kangaskhan\n|-unboost|p1a: Kangaskhan|atk|1\n|-unboost|p1a: Kangaskhan|spa|1\n|\n|t:|1776191552\n|switch|p2b: Aerodactyl|Aerodactyl, L50, M|100/100|[from] Parting Shot\n|-ability|p2b: Aerodactyl|Unnerve\n|\n|upkeep\n|\n|t:|1776191557\n|switch|p2a: Garchomp|Garchomp, L50, M|100/100\n|turn|6\n|\n|t:|1776191576\n|switch|p2a: Incineroar|Incineroar, L50, F|67/100\n|-ability|p2a: Incineroar|Intimidate|boost\n|-unboost|p1a: Kangaskhan|atk|1\n|-unboost|p1b: Sneasler|atk|1\n|-enditem|p1b: Sneasler|White Herb\n|-clearnegativeboost|p1b: Sneasler|[silent]\n|move|p1a: Kangaskhan|Sucker Punch||[still]\n|-fail|p1a: Kangaskhan\n|move|p1b: Sneasler|Taunt|p2b: Aerodactyl\n|-start|p2b: Aerodactyl|move: Taunt\n|move|p2b: Aerodactyl|Dual Wingbeat|p1b: Sneasler\n|-supereffective|p1b: Sneasler|1\n|-damage|p1b: Sneasler|39/100\n|-supereffective|p1b: Sneasler|1\n|-damage|p1b: Sneasler|0 fnt\n|faint|p1b: Sneasler\n|-hitcount|p1: Sneasler|2\n|\n|upkeep\n|turn|7\n|\n|t:|1776191594\n|move|p2a: Incineroar|Fake Out|p1a: Kangaskhan\n|-damage|p1a: Kangaskhan|92/100\n|move|p2b: Aerodactyl|Dual Wingbeat|p1a: Kangaskhan\n|-damage|p1a: Kangaskhan|75/100\n|-damage|p1a: Kangaskhan|60/100\n|-hitcount|p1a: Kangaskhan|2\n|cant|p1a: Kangaskhan|flinch\n|\n|upkeep\n|turn|8\n|\n|t:|1776191601\n|move|p2b: Aerodactyl|Rock Slide|p1a: Kangaskhan\n|-damage|p1a: Kangaskhan|33/100\n|move|p1a: Kangaskhan|Low Kick|p2a: Incineroar\n|-supereffective|p2a: Incineroar|1\n|-damage|p2a: Incineroar|44/100\n|-supereffective|p2a: Incineroar|1\n|-damage|p2a: Incineroar|38/100\n|-hitcount|p2a: Incineroar|2\n|move|p2a: Incineroar|Flare Blitz|p1a: Kangaskhan\n|-damage|p1a: Kangaskhan|0 fnt\n|faint|p1a: Kangaskhan\n|-damage|p2a: Incineroar|27/100|[from] Recoil\n|\n|win|MefShowdown0\n|raw|MrnSweven's rating: 1000 &rarr; <strong>1000</strong><br />(+0 for losing)\n|raw|MefShowdown0's rating: 1000 &rarr; <strong>1040</strong><br />(+40 for winning)\n",
  "uploadtime": 1776191601,
  "views": 14,
  "formatid": "gen9championsvgc2026regma",
  "rating": 1000,
  "private": 0,
  "password": null
}