{
  "id": "gen9championsvgc2026regma-2583353342",
  "format": "[Gen 9 Champions] VGC 2026 Reg M-A",
  "players": [
    "Alfa ash",
    "Jah_08"
  ],
  "log": "|j|\u2606Alfa ash\n|j|\u2606Jah_08\n|t:|1776169488\n|gametype|doubles\n|player|p1|Alfa ash|blue|1311\n|player|p2|Jah_08|alder|1423\n|gen|9\n|tier|[Gen 9 Champions] VGC 2026 Reg M-A\n|rated|\n|rule|Species Clause: Limit one of each Pok\u00e9mon\n|rule|Item Clause: Limit 1 of each item\n|clearpoke\n|poke|p1|Alakazam, L50, M|\n|poke|p1|Sinistcha, L50|\n|poke|p1|Pelipper, L50, M|\n|poke|p1|Scizor, L50, F|\n|poke|p1|Basculegion, L50, M|\n|poke|p1|Crabominable, L50, M|\n|poke|p2|Excadrill, L50, F|\n|poke|p2|Whimsicott, L50, M|\n|poke|p2|Chandelure, L50, F|\n|poke|p2|Zoroark-Hisui, L50, M|\n|poke|p2|Basculegion, L50, M|\n|poke|p2|Conkeldurr, L50, F|\n|teampreview|4\n|inactive|Battle timer is ON: inactive players will automatically lose when time's up. (requested by Alfa ash)\n|inactive|Jah_08 has 60 seconds left.\n|\n|t:|1776169529\n|teamsize|p1|4\n|teamsize|p2|4\n|start\n|switch|p1a: Crabominable|Crabominable, L50, M|100/100\n|switch|p1b: Basculegion|Basculegion, L50, M|100/100\n|switch|p2a: Whimsicott|Whimsicott, L50, M, shiny|100/100\n|switch|p2b: Basculegion|Basculegion, L50, M|100/100\n|turn|1\n|j| jimmy quassia\n|inactive|Alfa ash has 30 seconds left.\n|\n|t:|1776169560\n|detailschange|p1a: Crabominable|Crabominable-Mega, L50, M\n|-mega|p1a: Crabominable|Crabominable|Crabominite\n|move|p2a: Whimsicott|Tailwind|p2a: Whimsicott\n|-sidestart|p2: Jah_08|move: Tailwind\n|move|p2b: Basculegion|Shadow Ball|p1b: Basculegion\n|-supereffective|p1b: Basculegion|1\n|-damage|p1b: Basculegion|2/100\n|move|p1b: Basculegion|Flip Turn|p2b: Basculegion\n|-damage|p2b: Basculegion|13/100\n|replace|p2b: Zoroark|Zoroark-Hisui, L50, M\n|-end|p2b: Zoroark|Illusion\n|\n|t:|1776169571\n|switch|p1b: Sinistcha|Sinistcha, L50|100/100|[from] Flip Turn\n|move|p1a: Crabominable|Ice Hammer|p2a: Whimsicott\n|-supereffective|p2a: Whimsicott|1\n|-damage|p2a: Whimsicott|0 fnt\n|-unboost|p1a: Crabominable|spe|1\n|faint|p2a: Whimsicott\n|\n|upkeep\n|\n|t:|1776169582\n|switch|p2a: Chandelure|Chandelure, L50, F|100/100\n|turn|2\n|\n|t:|1776169600\n|switch|p1a: Pelipper|Pelipper, L50, M|100/100\n|-weather|RainDance|[from] ability: Drizzle|[of] p1a: Pelipper\n|detailschange|p2a: Chandelure|Chandelure-Mega, L50, F\n|-mega|p2a: Chandelure|Chandelure|Chandelurite\n|move|p2b: Zoroark|Shadow Ball|p1b: Sinistcha\n|-supereffective|p1b: Sinistcha|1\n|-damage|p1b: Sinistcha|22/100\n|-enditem|p1b: Sinistcha|Sitrus Berry|[eat]\n|-heal|p1b: Sinistcha|47/100|[from] item: Sitrus Berry\n|move|p2a: Chandelure|Heat Wave|p1a: Pelipper|[spread] p1a,p1b\n|-resisted|p1a: Pelipper|1\n|-supereffective|p1b: Sinistcha|1\n|-damage|p1a: Pelipper|86/100\n|-damage|p1b: Sinistcha|0 fnt\n|faint|p1b: Sinistcha\n|\n|-weather|RainDance|[upkeep]\n|upkeep\n|\n|t:|1776169615\n|switch|p1b: Basculegion|Basculegion, L50, M|2/100\n|turn|3\n|\n|t:|1776169631\n|move|p2a: Chandelure|Protect|p2a: Chandelure\n|-singleturn|p2a: Chandelure|Protect\n|move|p1b: Basculegion|Aqua Jet|p2b: Zoroark\n|-damage|p2b: Zoroark|0 fnt\n|faint|p2b: Zoroark\n|move|p1a: Pelipper|Weather Ball|p2a: Chandelure\n|-activate|p2a: Chandelure|move: Protect\n|\n|-weather|RainDance|[upkeep]\n|upkeep\n|\n|t:|1776169643\n|switch|p2b: Basculegion|Basculegion, L50, M|100/100\n|turn|4\n|\n|t:|1776169653\n|move|p1b: Basculegion|Aqua Jet|p2a: Chandelure\n|-supereffective|p2a: Chandelure|1\n|-damage|p2a: Chandelure|0 fnt\n|faint|p2a: Chandelure\n|move|p2b: Basculegion|Last Respects|p1b: Basculegion\n|-supereffective|p1b: Basculegion|1\n|-damage|p1b: Basculegion|0 fnt\n|faint|p1b: Basculegion\n|move|p1a: Pelipper|Hurricane|p2b: Basculegion\n|-damage|p2b: Basculegion|54/100\n|\n|-weather|RainDance|[upkeep]\n|-sideend|p2: Jah_08|move: Tailwind\n|upkeep\n|\n|t:|1776169666\n|switch|p1b: Crabominable|Crabominable-Mega, L50, M|100/100\n|turn|5\n|\n|t:|1776169677\n|move|p2b: Basculegion|Last Respects|p1a: Pelipper\n|-damage|p1a: Pelipper|0 fnt\n|faint|p1a: Pelipper\n|move|p1b: Crabominable|Thunder Punch|p2b: Basculegion\n|-supereffective|p2b: Basculegion|1\n|-damage|p2b: Basculegion|0 fnt\n|faint|p2b: Basculegion\n|\n|win|Alfa ash\n|raw|Alfa ash's rating: 1311 &rarr; <strong>1337</strong><br />(+26 for winning)\n|raw|Jah_08's rating: 1423 &rarr; <strong>1397</strong><br />(-26 for losing)\n|l|\u2606Alfa ash\n|player|p1|\n",
  "uploadtime": 1776169690,
  "views": 23,
  "formatid": "gen9championsvgc2026regma",
  "rating": 1337,
  "private": 0,
  "password": null
}