{
  "id": "gen9championsvgc2026regma-2588463579",
  "format": "[Gen 9 Champions] VGC 2026 Reg M-A",
  "players": [
    "Sheepsoft",
    "thicc latina lover"
  ],
  "log": "|j|\u2606Sheepsoft\n|j|\u2606thicc latina lover\n|t:|1776635771\n|gametype|doubles\n|player|p1|Sheepsoft|maid|1312\n|player|p2|thicc latina lover|skyla|1341\n|gen|9\n|tier|[Gen 9 Champions] VGC 2026 Reg M-A\n|rated|\n|rule|Species Clause: Limit one of each Pok\u00e9mon\n|rule|Item Clause: Limit 1 of each item\n|clearpoke\n|poke|p1|Hydreigon, L50, M|\n|poke|p1|Aegislash, L50, M|\n|poke|p1|Floette-Eternal, L50, F|\n|poke|p1|Rotom-Wash, L50|\n|poke|p1|Volcarona, L50, F|\n|poke|p1|Sneasler, L50, M|\n|poke|p2|Venusaur, L50, F, shiny|\n|poke|p2|Pelipper, L50, M, shiny|\n|poke|p2|Basculegion, L50, M|\n|poke|p2|Archaludon, L50, M|\n|poke|p2|Sneasler, L50, M|\n|poke|p2|Garchomp, L50, F|\n|teampreview|4\n|\n|t:|1776635841\n|teamsize|p1|4\n|teamsize|p2|4\n|start\n|switch|p1a: Rotom|Rotom-Wash, L50|100/100\n|switch|p1b: Hydreigon|Hydreigon, L50, M|100/100\n|switch|p2a: Venusaur|Venusaur, L50, F, shiny|100/100\n|switch|p2b: Sneasler|Sneasler, L50, M|100/100\n|turn|1\n|\n|t:|1776635859\n|detailschange|p2a: Venusaur|Venusaur-Mega, L50, F, shiny\n|-mega|p2a: Venusaur|Venusaur|Venusaurite\n|move|p1a: Rotom|Volt Switch|p2b: Sneasler\n|-damage|p2b: Sneasler|54/100\n|\n|t:|1776635865\n|switch|p1a: Aegislash|Aegislash, L50, M|100/100|[from] Volt Switch\n|move|p2b: Sneasler|Coaching|p2a: Venusaur\n|-boost|p2a: Venusaur|atk|1\n|-boost|p2a: Venusaur|def|1\n|move|p1b: Hydreigon|Heat Wave|p2b: Sneasler|[spread] p2a,p2b\n|-supereffective|p2a: Venusaur|1\n|-damage|p2a: Venusaur|86/100\n|-damage|p2b: Sneasler|17/100\n|move|p2a: Venusaur|Leech Seed|p1b: Hydreigon|[miss]\n|-miss|p2a: Venusaur|p1b: Hydreigon\n|\n|upkeep\n|turn|2\n|\n|t:|1776635883\n|move|p2b: Sneasler|Close Combat|p1b: Hydreigon\n|-supereffective|p1b: Hydreigon|1\n|-damage|p1b: Hydreigon|0 fnt\n|-unboost|p2b: Sneasler|def|1\n|-unboost|p2b: Sneasler|spd|1\n|faint|p1b: Hydreigon\n|-enditem|p2b: Sneasler|White Herb\n|-clearnegativeboost|p2b: Sneasler|[silent]\n|move|p2a: Venusaur|Leech Seed|p1a: Aegislash\n|-start|p1a: Aegislash|move: Leech Seed\n|-formechange|p1a: Aegislash|Aegislash-Blade|\n|move|p1a: Aegislash|Shadow Ball|p2a: Venusaur\n|-damage|p2a: Venusaur|55/100\n|-unboost|p2a: Venusaur|spd|1\n|\n|-damage|p1a: Aegislash|89/100|[from] Leech Seed|[of] p2a: Venusaur\n|-heal|p2a: Venusaur|66/100|[silent]\n|upkeep\n|\n|t:|1776635900\n|switch|p1b: Floette|Floette-Eternal, L50, F|100/100\n|turn|3\n|\n|t:|1776635909\n|move|p1b: Floette|Protect|p1b: Floette\n|-singleturn|p1b: Floette|Protect\n|move|p2a: Venusaur|Protect|p2a: Venusaur\n|-singleturn|p2a: Venusaur|Protect\n|move|p2b: Sneasler|Dire Claw|p1b: Floette\n|-activate|p1b: Floette|move: Protect\n|move|p1a: Aegislash|Shadow Ball|p2b: Sneasler\n|-damage|p2b: Sneasler|0 fnt\n|faint|p2b: Sneasler\n|\n|-heal|p1a: Aegislash|95/100|[from] item: Leftovers\n|-damage|p1a: Aegislash|83/100|[from] Leech Seed|[of] p2a: Venusaur\n|-heal|p2a: Venusaur|76/100|[silent]\n|upkeep\n|\n|t:|1776635925\n|switch|p2b: Basculegion|Basculegion, L50, M|100/100\n|turn|4\n|\n|t:|1776635945\n|switch|p1a: Rotom|Rotom-Wash, L50|100/100\n|detailschange|p1b: Floette|Floette-Mega, L50, F\n|-mega|p1b: Floette|Floette|Floettite\n|-ability|p1b: Floette|Fairy Aura\n|move|p2b: Basculegion|Last Respects|p1a: Rotom\n|-damage|p1a: Rotom|6/100\n|move|p1b: Floette|Moonblast|p2a: Venusaur\n|-resisted|p2a: Venusaur|1\n|-damage|p2a: Venusaur|41/100\n|move|p2a: Venusaur|Leech Seed|p1b: Floette\n|-start|p1b: Floette|move: Leech Seed\n|\n|-damage|p1b: Floette|88/100|[from] Leech Seed|[of] p2a: Venusaur\n|-heal|p2a: Venusaur|51/100|[silent]\n|upkeep\n|turn|5\n|\n|t:|1776635967\n|switch|p2b: Archaludon|Archaludon, L50, M|100/100\n|move|p1a: Rotom|Electroweb|p2b: Archaludon|[spread] p2a,p2b\n|-resisted|p2a: Venusaur|1\n|-resisted|p2b: Archaludon|1\n|-damage|p2a: Venusaur|42/100\n|-damage|p2b: Archaludon|93/100\n|-unboost|p2a: Venusaur|spe|1\n|-unboost|p2b: Archaludon|spe|1\n|-ability|p2b: Archaludon|Stamina|boost\n|-boost|p2b: Archaludon|def|1\n|move|p1b: Floette|Moonblast|p2a: Venusaur\n|-resisted|p2a: Venusaur|1\n|-damage|p2a: Venusaur|9/100\n|move|p2a: Venusaur|Giga Drain|p1a: Rotom\n|-supereffective|p1a: Rotom|1\n|-damage|p1a: Rotom|0 fnt\n|-heal|p2a: Venusaur|11/100|[from] drain|[of] p1a: Rotom\n|faint|p1a: Rotom\n|\n|-heal|p2b: Archaludon|99/100|[from] item: Leftovers\n|-damage|p1b: Floette|76/100|[from] Leech Seed|[of] p2a: Venusaur\n|-heal|p2a: Venusaur|21/100|[silent]\n|upkeep\n|\n|t:|1776635986\n|switch|p1a: Aegislash|Aegislash, L50, M|83/100\n|turn|6\n|\n|t:|1776636004\n|move|p2a: Venusaur|Protect|p2a: Venusaur\n|-singleturn|p2a: Venusaur|Protect\n|move|p1b: Floette|Dazzling Gleam|p2b: Archaludon|[spread] p2b\n|-activate|p2a: Venusaur|move: Protect\n|-damage|p2b: Archaludon|55/100\n|-ability|p2b: Archaludon|Stamina|boost\n|-boost|p2b: Archaludon|def|1\n|-formechange|p1a: Aegislash|Aegislash-Blade|\n|move|p1a: Aegislash|Shadow Ball|p2a: Venusaur\n|-activate|p2a: Venusaur|move: Protect\n|move|p2b: Archaludon|Dragon Pulse|p1a: Aegislash\n|-resisted|p1a: Aegislash|1\n|-damage|p1a: Aegislash|48/100\n|\n|-heal|p2b: Archaludon|61/100|[from] item: Leftovers\n|-heal|p1a: Aegislash|54/100|[from] item: Leftovers\n|-damage|p1b: Floette|63/100|[from] Leech Seed|[of] p2a: Venusaur\n|-heal|p2a: Venusaur|31/100|[silent]\n|upkeep\n|turn|7\n|\n|t:|1776636039\n|switch|p2a: Basculegion|Basculegion, L50, M|100/100\n|move|p1b: Floette|Moonblast|p2a: Basculegion\n|-damage|p2a: Basculegion|15/100\n|move|p2b: Archaludon|Dragon Pulse|p1a: Aegislash\n|-resisted|p1a: Aegislash|1\n|-damage|p1a: Aegislash|21/100\n|move|p1a: Aegislash|Shadow Ball|p2b: Archaludon\n|-damage|p2b: Archaludon|22/100\n|-ability|p2b: Archaludon|Stamina|boost\n|-boost|p2b: Archaludon|def|1\n|\n|-heal|p1a: Aegislash|27/100|[from] item: Leftovers\n|-heal|p2b: Archaludon|28/100|[from] item: Leftovers\n|-damage|p1b: Floette|51/100|[from] Leech Seed|[of] p2a: Basculegion\n|-heal|p2a: Basculegion|24/100|[silent]\n|upkeep\n|turn|8\n|\n|t:|1776636075\n|switch|p2b: Venusaur|Venusaur-Mega, L50, F, shiny|31/100\n|-formechange|p1a: Aegislash|Aegislash|\n|move|p1a: Aegislash|King's Shield|p1a: Aegislash\n|-singleturn|p1a: Aegislash|Protect\n|move|p2a: Basculegion|Aqua Jet|p1a: Aegislash\n|-activate|p1a: Aegislash|move: Protect\n|-unboost|p2a: Basculegion|atk|1\n|move|p1b: Floette|Dazzling Gleam|p2b: Venusaur|[spread] p2a,p2b\n|-resisted|p2b: Venusaur|1\n|-damage|p2a: Basculegion|0 fnt\n|-damage|p2b: Venusaur|17/100\n|faint|p2a: Basculegion\n|\n|-heal|p1a: Aegislash|33/100|[from] item: Leftovers\n|upkeep\n|\n|t:|1776636080\n|switch|p2a: Archaludon|Archaludon, L50, M|28/100\n|turn|9\n|\n|t:|1776636092\n|move|p2a: Archaludon|Protect|p2a: Archaludon\n|-singleturn|p2a: Archaludon|Protect\n|move|p2b: Venusaur|Protect|p2b: Venusaur\n|-singleturn|p2b: Venusaur|Protect\n|move|p1b: Floette|Dazzling Gleam|p2a: Archaludon|[spread] \n|-activate|p2a: Archaludon|move: Protect\n|-activate|p2b: Venusaur|move: Protect\n|-formechange|p1a: Aegislash|Aegislash-Blade|\n|move|p1a: Aegislash|Shadow Ball|p2a: Archaludon\n|-activate|p2a: Archaludon|move: Protect\n|\n|-heal|p2a: Archaludon|35/100|[from] item: Leftovers\n|-heal|p1a: Aegislash|39/100|[from] item: Leftovers\n|-damage|p1b: Floette|38/100|[from] Leech Seed|[of] p2a: Archaludon\n|-heal|p2a: Archaludon|44/100|[silent]\n|upkeep\n|turn|10\n|\n|t:|1776636115\n|-formechange|p1a: Aegislash|Aegislash|\n|move|p1a: Aegislash|King's Shield|p1a: Aegislash\n|-singleturn|p1a: Aegislash|Protect\n|move|p1b: Floette|Dazzling Gleam|p2a: Archaludon|[spread] p2a,p2b\n|-resisted|p2b: Venusaur|1\n|-damage|p2a: Archaludon|3/100\n|-damage|p2b: Venusaur|3/100\n|-ability|p2a: Archaludon|Stamina|boost\n|-boost|p2a: Archaludon|def|1\n|move|p2a: Archaludon|Dragon Pulse|p1a: Aegislash\n|-activate|p1a: Aegislash|move: Protect\n|move|p2b: Venusaur|Sludge Bomb|p1b: Floette\n|-supereffective|p1b: Floette|1\n|-damage|p1b: Floette|0 fnt\n|faint|p1b: Floette\n|\n|-heal|p2a: Archaludon|9/100|[from] item: Leftovers\n|-heal|p1a: Aegislash|45/100|[from] item: Leftovers\n|upkeep\n|turn|11\n|\n|t:|1776636138\n|move|p2a: Archaludon|Protect|p2a: Archaludon\n|-singleturn|p2a: Archaludon|Protect\n|move|p2b: Venusaur|Protect|p2b: Venusaur\n|-singleturn|p2b: Venusaur|Protect\n|-formechange|p1a: Aegislash|Aegislash-Blade|\n|move|p1a: Aegislash|Shadow Ball|p2a: Archaludon\n|-activate|p2a: Archaludon|move: Protect\n|\n|-heal|p2a: Archaludon|15/100|[from] item: Leftovers\n|-heal|p1a: Aegislash|51/100|[from] item: Leftovers\n|upkeep\n|turn|12\n|\n|t:|1776636153\n|-formechange|p1a: Aegislash|Aegislash|\n|move|p1a: Aegislash|King's Shield|p1a: Aegislash\n|-singleturn|p1a: Aegislash|Protect\n|move|p2a: Archaludon|Dragon Pulse|p1a: Aegislash\n|-activate|p1a: Aegislash|move: Protect\n|move|p2b: Venusaur|Leech Seed|p1a: Aegislash\n|-start|p1a: Aegislash|move: Leech Seed\n|\n|-heal|p2a: Archaludon|21/100|[from] item: Leftovers\n|-heal|p1a: Aegislash|57/100|[from] item: Leftovers\n|-damage|p1a: Aegislash|45/100|[from] Leech Seed|[of] p2b: Venusaur\n|-heal|p2b: Venusaur|13/100|[silent]\n|upkeep\n|turn|13\n|\n|t:|1776636172\n|move|p2a: Archaludon|Protect|p2a: Archaludon\n|-singleturn|p2a: Archaludon|Protect\n|move|p2b: Venusaur|Protect|p2b: Venusaur\n|-singleturn|p2b: Venusaur|Protect\n|move|p1a: Aegislash|Wide Guard||[still]\n|-fail|p1a: Aegislash\n|\n|-heal|p2a: Archaludon|27/100|[from] item: Leftovers\n|-heal|p1a: Aegislash|51/100|[from] item: Leftovers\n|-damage|p1a: Aegislash|39/100|[from] Leech Seed|[of] p2b: Venusaur\n|-heal|p2b: Venusaur|24/100|[silent]\n|upkeep\n|turn|14\n|\n|t:|1776636182\n|move|p2a: Archaludon|Dragon Pulse|p1a: Aegislash\n|-resisted|p1a: Aegislash|1\n|-damage|p1a: Aegislash|24/100\n|move|p2b: Venusaur|Giga Drain|p1a: Aegislash\n|-resisted|p1a: Aegislash|1\n|-crit|p1a: Aegislash\n|-damage|p1a: Aegislash|6/100\n|-heal|p2b: Venusaur|32/100|[from] drain|[of] p1a: Aegislash\n|-formechange|p1a: Aegislash|Aegislash-Blade|\n|move|p1a: Aegislash|Shadow Ball|p2b: Venusaur\n|-damage|p2b: Venusaur|2/100\n|\n|-heal|p2a: Archaludon|33/100|[from] item: Leftovers\n|-heal|p1a: Aegislash|12/100|[from] item: Leftovers\n|-damage|p1a: Aegislash|0 fnt|[from] Leech Seed|[of] p2b: Venusaur\n|-heal|p2b: Venusaur|12/100|[silent]\n|faint|p1a: Aegislash\n|\n|win|thicc latina lover\n|raw|Sheepsoft's rating: 1312 &rarr; <strong>1294</strong><br />(-18 for losing)\n|raw|thicc latina lover's rating: 1341 &rarr; <strong>1359</strong><br />(+18 for winning)\n",
  "uploadtime": 1776636183,
  "views": 11,
  "formatid": "gen9championsvgc2026regma",
  "rating": 1294,
  "private": 0,
  "password": null
}