{
  "id": "gen9championsvgc2026regma-2588176784",
  "format": "[Gen 9 Champions] VGC 2026 Reg M-A",
  "players": [
    "woobiusart",
    "anakbawangnieboss"
  ],
  "log": "|j|\u2606woobiusart\n|j|\u2606anakbawangnieboss\n|t:|1776611725\n|gametype|doubles\n|player|p1|woobiusart|170|1067\n|player|p2|anakbawangnieboss|benga|1141\n|gen|9\n|tier|[Gen 9 Champions] VGC 2026 Reg M-A\n|rated|\n|rule|Species Clause: Limit one of each Pok\u00e9mon\n|rule|Item Clause: Limit 1 of each item\n|clearpoke\n|poke|p1|Glimmora, L50, M, shiny|\n|poke|p1|Dragonite, L50, F|\n|poke|p1|Clefable, L50, F|\n|poke|p1|Gengar, L50, F|\n|poke|p1|Kingambit, L50, M|\n|poke|p1|Basculegion, L50, M|\n|poke|p2|Beedrill, L50, F|\n|poke|p2|Aegislash, L50, M|\n|poke|p2|Farigiraf, L50, F|\n|poke|p2|Whimsicott, L50, F|\n|poke|p2|Snorlax, L50, F|\n|poke|p2|Greninja, L50, F|\n|teampreview|4\n|inactive|Battle timer is ON: inactive players will automatically lose when time's up. (requested by anakbawangnieboss)\n|inactive|anakbawangnieboss has 60 seconds left.\n|l|\u2606anakbawangnieboss\n|inactive|anakbawangnieboss disconnected and has a minute to reconnect!\n|player|p2|\n|j|\u2606anakbawangnieboss\n|inactive|anakbawangnieboss reconnected and has 35 seconds left.\n|player|p2|anakbawangnieboss|benga|\n|inactive|anakbawangnieboss has 30 seconds left.\n|inactive|anakbawangnieboss has 20 seconds left.\n|inactive|anakbawangnieboss has 15 seconds left.\n|inactive|anakbawangnieboss has 10 seconds left.\n|inactive|anakbawangnieboss has 5 seconds left.\n|\n|t:|1776611816\n|teamsize|p1|4\n|teamsize|p2|4\n|start\n|switch|p1a: palm|Glimmora, L50, M, shiny|100/100\n|switch|p1b: Pollux|Gengar, L50, F|100/100\n|switch|p2a: Beedrill|Beedrill, L50, F|100/100\n|switch|p2b: Aegislash|Aegislash, L50, M|100/100\n|turn|1\n|inactive|woobiusart has 30 seconds left.\n|inactive|woobiusart has 20 seconds left.\n|\n|t:|1776611851\n|detailschange|p1b: Pollux|Gengar-Mega, L50, F\n|-mega|p1b: Pollux|Gengar|Gengarite\n|move|p2a: Beedrill|Protect|p2a: Beedrill\n|-singleturn|p2a: Beedrill|Protect\n|move|p1b: Pollux|Shadow Ball|p2b: Aegislash\n|-supereffective|p2b: Aegislash|1\n|-damage|p2b: Aegislash|25/100\n|move|p1a: palm|Earth Power|p2b: Aegislash\n|-supereffective|p2b: Aegislash|1\n|-damage|p2b: Aegislash|0 fnt\n|faint|p2b: Aegislash\n|\n|upkeep\n|\n|t:|1776611863\n|switch|p2b: Whimsicott|Whimsicott, L50, F|100/100\n|turn|2\n|\n|t:|1776611876\n|detailschange|p2a: Beedrill|Beedrill-Mega, L50, F\n|-mega|p2a: Beedrill|Beedrill|Beedrillite\n|move|p2b: Whimsicott|Encore|p1b: Pollux\n|-start|p1b: Pollux|Encore\n|move|p2a: Beedrill|U-turn|p1b: Pollux\n|-resisted|p1b: Pollux|2\n|-damage|p1b: Pollux|80/100\n|\n|t:|1776611883\n|switch|p2a: Farigiraf|Farigiraf, L50, F|100/100|[from] U-turn\n|move|p1b: Pollux|Shadow Ball|p2a: Farigiraf\n|-immune|p2a: Farigiraf\n|move|p1a: palm|Sludge Bomb|p2b: Whimsicott\n|-supereffective|p2b: Whimsicott|2\n|-enditem|p2b: Whimsicott|Focus Sash\n|-damage|p2b: Whimsicott|1/100\n|\n|upkeep\n|turn|3\n|\n|t:|1776611903\n|switch|p1b: Dragonite|Dragonite, L50, F|100/100\n|move|p1a: palm|Spiky Shield|p1a: palm\n|-singleturn|p1a: palm|move: Protect\n|move|p2b: Whimsicott|Encore|p1a: palm\n|-activate|p1a: palm|move: Protect\n|move|p2a: Farigiraf|Psychic Noise|p1a: palm\n|-activate|p1a: palm|move: Protect\n|\n|upkeep\n|turn|4\n|\n|t:|1776611925\n|move|p1b: Dragonite|Extreme Speed||[still]\n|cant|p2a: Farigiraf|ability: Armor Tail|Extreme Speed|[of] p1b: Dragonite\n|move|p2b: Whimsicott|Encore|p1a: palm\n|-start|p1a: palm|Encore\n|move|p1a: palm|Spiky Shield||[still]\n|-fail|p1a: palm\n|move|p2a: Farigiraf|Psychic Noise|p1b: Dragonite\n|-damage|p1b: Dragonite|86/100\n|-start|p1b: Dragonite|move: Heal Block\n|\n|upkeep\n|turn|5\n|\n|t:|1776611948\n|move|p1a: palm|Spiky Shield|p1a: palm\n|-singleturn|p1a: palm|move: Protect\n|move|p2b: Whimsicott|Encore|p1b: Dragonite\n|-start|p1b: Dragonite|Encore\n|move|p1b: Dragonite|Extreme Speed||[still]\n|cant|p2a: Farigiraf|ability: Armor Tail|Extreme Speed|[of] p1b: Dragonite\n|move|p2a: Farigiraf|Psychic Noise|p1a: palm\n|-activate|p1a: palm|move: Protect\n|\n|-end|p1b: Dragonite|move: Heal Block\n|upkeep\n|turn|6\n|inactive|woobiusart has 30 seconds left.\n|inactive|woobiusart has 20 seconds left.\n|\n|t:|1776611984\n|switch|p1b: Sockeye|Basculegion, L50, M|100/100\n|move|p1a: palm|Spiky Shield||[still]\n|-fail|p1a: palm\n|move|p2b: Whimsicott|Moonblast|p1b: Sockeye\n|-damage|p1b: Sockeye|74/100\n|move|p2a: Farigiraf|Psychic Noise|p1a: palm\n|-supereffective|p1a: palm|1\n|-damage|p1a: palm|28/100\n|-start|p1a: palm|move: Heal Block\n|\n|-heal|p1b: Sockeye|80/100|[from] item: Leftovers\n|-end|p1a: palm|Encore\n|upkeep\n|turn|7\n|inactive|woobiusart has 30 seconds left.\n|inactive|anakbawangnieboss has 30 seconds left.\n|\n|t:|1776612018\n|move|p2b: Whimsicott|Protect|p2b: Whimsicott\n|-singleturn|p2b: Whimsicott|Protect\n|move|p1a: palm|Earth Power|p2a: Farigiraf\n|-damage|p2a: Farigiraf|71/100\n|move|p1b: Sockeye|Last Respects|p2b: Whimsicott\n|-activate|p2b: Whimsicott|move: Protect\n|move|p2a: Farigiraf|Psychic Noise|p1a: palm\n|-supereffective|p1a: palm|1\n|-damage|p1a: palm|0 fnt\n|faint|p1a: palm\n|\n|-heal|p1b: Sockeye|86/100|[from] item: Leftovers\n|upkeep\n|\n|t:|1776612039\n|switch|p1a: Dragonite|Dragonite, L50, F|86/100\n|turn|8\n|\n|t:|1776612055\n|move|p2b: Whimsicott|Encore|p1b: Sockeye\n|-start|p1b: Sockeye|Encore\n|move|p1a: Dragonite|Iron Head|p2b: Whimsicott\n|-supereffective|p2b: Whimsicott|1\n|-damage|p2b: Whimsicott|0 fnt\n|faint|p2b: Whimsicott\n|move|p1b: Sockeye|Last Respects|p2a: Farigiraf\n|-immune|p2a: Farigiraf\n|move|p2a: Farigiraf|Foul Play|p1b: Sockeye\n|-supereffective|p1b: Sockeye|1\n|-damage|p1b: Sockeye|8/100\n|\n|-heal|p1b: Sockeye|15/100|[from] item: Leftovers\n|upkeep\n|\n|t:|1776612069\n|switch|p2b: Beedrill|Beedrill-Mega, L50, F|100/100\n|turn|9\n|\n|t:|1776612088\n|move|p2b: Beedrill|Protect|p2b: Beedrill\n|-singleturn|p2b: Beedrill|Protect\n|move|p1a: Dragonite|Outrage|p2a: Farigiraf\n|-damage|p2a: Farigiraf|27/100\n|move|p1b: Sockeye|Last Respects|p2b: Beedrill\n|-activate|p2b: Beedrill|move: Protect\n|move|p2a: Farigiraf|Foul Play|p1b: Sockeye\n|-supereffective|p1b: Sockeye|1\n|-damage|p1b: Sockeye|0 fnt\n|faint|p1b: Sockeye\n|\n|upkeep\n|\n|t:|1776612101\n|switch|p1b: Pollux|Gengar-Mega, L50, F|80/100\n|turn|10\n|\n|t:|1776612117\n|move|p2b: Beedrill|Poison Jab|p1b: Pollux\n|-resisted|p1b: Pollux|2\n|-damage|p1b: Pollux|57/100\n|move|p1b: Pollux|Sludge Bomb|p2a: Farigiraf\n|-damage|p2a: Farigiraf|0 fnt\n|faint|p2a: Farigiraf\n|move|p1a: Dragonite|Outrage|p2b: Beedrill|[from] lockedmove\n|-damage|p2b: Beedrill|0 fnt\n|faint|p2b: Beedrill\n|\n|win|woobiusart\n|raw|woobiusart's rating: 1067 &rarr; <strong>1103</strong><br />(+36 for winning)\n|raw|anakbawangnieboss's rating: 1141 &rarr; <strong>1111</strong><br />(-30 for losing)\n|l|\u2606anakbawangnieboss\n|player|p2|\n",
  "uploadtime": 1776612131,
  "views": 8,
  "formatid": "gen9championsvgc2026regma",
  "rating": 1103,
  "private": 0,
  "password": null
}