{
  "id": "gen9championsvgc2026regma-2585784804",
  "format": "[Gen 9 Champions] VGC 2026 Reg M-A",
  "players": [
    "nicholth",
    "Govek314"
  ],
  "log": "|j|\u2606nicholth\n|j|\u2606Govek314\n|t:|1776370435\n|gametype|doubles\n|player|p1|nicholth|265|1205\n|player|p2|Govek314|266|1220\n|gen|9\n|tier|[Gen 9 Champions] VGC 2026 Reg M-A\n|rated|\n|rule|Species Clause: Limit one of each Pok\u00e9mon\n|rule|Item Clause: Limit 1 of each item\n|clearpoke\n|poke|p1|Charizard, L50, M|\n|poke|p1|Incineroar, L50, F|\n|poke|p1|Venusaur, L50, F|\n|poke|p1|Garchomp, L50, M|\n|poke|p1|Rotom-Wash, L50|\n|poke|p1|Sneasler, L50, F|\n|poke|p2|Tyranitar, L50, F|\n|poke|p2|Excadrill, L50, F|\n|poke|p2|Meganium, L50, F|\n|poke|p2|Sneasler, L50, F|\n|poke|p2|Dragapult, L50, F|\n|poke|p2|Rotom-Wash, L50|\n|teampreview|4\n|\n|t:|1776370473\n|teamsize|p1|4\n|teamsize|p2|4\n|start\n|switch|p1a: Venusaur|Venusaur, L50, F|100/100\n|switch|p1b: Garchomp|Garchomp, L50, M|100/100\n|switch|p2a: Sneasler|Sneasler, L50, F|100/100\n|switch|p2b: Tyranitar|Tyranitar, L50, F|100/100\n|-weather|Sandstorm|[from] ability: Sand Stream|[of] p2b: Tyranitar\n|turn|1\n|\n|t:|1776370499\n|switch|p1a: Incineroar|Incineroar, L50, F|100/100\n|-ability|p1a: Incineroar|Intimidate|boost\n|-unboost|p2a: Sneasler|atk|1\n|-unboost|p2b: Tyranitar|atk|1\n|-enditem|p2a: Sneasler|White Herb\n|-clearnegativeboost|p2a: Sneasler|[silent]\n|detailschange|p2b: Tyranitar|Tyranitar-Mega, L50, F\n|-mega|p2b: Tyranitar|Tyranitar|Tyranitarite\n|move|p1b: Garchomp|Protect|p1b: Garchomp\n|-singleturn|p1b: Garchomp|Protect\n|move|p2a: Sneasler|Fake Out|p1b: Garchomp\n|-activate|p1b: Garchomp|move: Protect\n|move|p2b: Tyranitar|Dragon Dance|p2b: Tyranitar\n|-boost|p2b: Tyranitar|atk|1\n|-boost|p2b: Tyranitar|spe|1\n|\n|-weather|Sandstorm|[upkeep]\n|-damage|p2a: Sneasler|95/100|[from] Sandstorm\n|-damage|p1a: Incineroar|95/100|[from] Sandstorm\n|upkeep\n|turn|2\n|\n|t:|1776370535\n|switch|p1a: Rotom|Rotom-Wash, L50|100/100\n|move|p2b: Tyranitar|Protect|p2b: Tyranitar\n|-singleturn|p2b: Tyranitar|Protect\n|move|p2a: Sneasler|Coaching|p2b: Tyranitar\n|-boost|p2b: Tyranitar|atk|1\n|-boost|p2b: Tyranitar|def|1\n|move|p1b: Garchomp|Earthquake|p2a: Sneasler|[spread] p2a\n|-activate|p2b: Tyranitar|move: Protect\n|-immune|p1a: Rotom|[from] ability: Levitate\n|-supereffective|p2a: Sneasler|1\n|-damage|p2a: Sneasler|0 fnt\n|faint|p2a: Sneasler\n|\n|-weather|Sandstorm|[upkeep]\n|-damage|p1a: Rotom|95/100|[from] Sandstorm\n|upkeep\n|\n|t:|1776370555\n|switch|p2a: Dragapult|Dragapult, L50, F|100/100\n|turn|3\n|\n|t:|1776370572\n|move|p2a: Dragapult|Will-O-Wisp|p1b: Garchomp\n|-status|p1b: Garchomp|brn\n|move|p1a: Rotom|Will-O-Wisp|p2b: Tyranitar\n|-status|p2b: Tyranitar|brn\n|move|p2b: Tyranitar|Rock Slide|p1a: Rotom|[spread] p1a,p1b\n|-resisted|p1b: Garchomp|1\n|-damage|p1a: Rotom|59/100\n|-damage|p1b: Garchomp|89/100 brn\n|cant|p1b: Garchomp|flinch\n|\n|-weather|Sandstorm|[upkeep]\n|-damage|p2a: Dragapult|94/100|[from] Sandstorm\n|-damage|p1a: Rotom|53/100|[from] Sandstorm\n|-damage|p2b: Tyranitar|94/100 brn|[from] brn\n|-damage|p1b: Garchomp|83/100 brn|[from] brn\n|upkeep\n|turn|4\n|\n|t:|1776370594\n|switch|p1b: Incineroar|Incineroar, L50, F|95/100\n|-ability|p1b: Incineroar|Intimidate|boost\n|-fail|p2a: Dragapult|unboost|[from] ability: Clear Body|[of] p2a: Dragapult\n|-unboost|p2b: Tyranitar|atk|1\n|move|p2a: Dragapult|Protect|p2a: Dragapult\n|-singleturn|p2a: Dragapult|Protect\n|move|p1a: Rotom|Will-O-Wisp|p2a: Dragapult\n|-activate|p2a: Dragapult|move: Protect\n|move|p2b: Tyranitar|Dragon Dance|p2b: Tyranitar\n|-boost|p2b: Tyranitar|atk|1\n|-boost|p2b: Tyranitar|spe|1\n|\n|-weather|Sandstorm|[upkeep]\n|-damage|p2a: Dragapult|88/100|[from] Sandstorm\n|-damage|p1a: Rotom|48/100|[from] Sandstorm\n|-damage|p1b: Incineroar|89/100|[from] Sandstorm\n|-damage|p2b: Tyranitar|88/100 brn|[from] brn\n|upkeep\n|turn|5\n|\n|t:|1776370625\n|switch|p1a: Garchomp|Garchomp, L50, M|83/100 brn\n|move|p2b: Tyranitar|Rock Slide|p1b: Incineroar|[spread] p1a,p1b\n|-resisted|p1a: Garchomp|1\n|-supereffective|p1b: Incineroar|1\n|-damage|p1a: Garchomp|72/100 brn\n|-damage|p1b: Incineroar|43/100\n|-enditem|p1b: Incineroar|Sitrus Berry|[eat]\n|-heal|p1b: Incineroar|67/100|[from] item: Sitrus Berry\n|move|p2a: Dragapult|Phantom Force||[still]\n|-prepare|p2a: Dragapult|Phantom Force\n|move|p1b: Incineroar|Throat Chop|p2a: Dragapult|[miss]\n|-miss|p1b: Incineroar|p2a: Dragapult\n|\n|-weather|none\n|-damage|p2b: Tyranitar|82/100 brn|[from] brn\n|-damage|p1a: Garchomp|67/100 brn|[from] brn\n|upkeep\n|turn|6\n|\n|t:|1776370652\n|switch|p1b: Rotom|Rotom-Wash, L50|48/100\n|move|p2b: Tyranitar|Rock Slide|p1b: Rotom|[spread] p1a,p1b\n|-resisted|p1a: Garchomp|1\n|-damage|p1a: Garchomp|55/100 brn\n|-damage|p1b: Rotom|12/100\n|move|p2a: Dragapult|Phantom Force|p1a: Garchomp|[from] lockedmove\n|-damage|p1a: Garchomp|14/100 brn\n|-damage|p2a: Dragapult|76/100|[from] ability: Rough Skin|[of] p1a: Garchomp\n|move|p1a: Garchomp|Earthquake|p2b: Tyranitar|[spread] p2a,p2b\n|-immune|p1b: Rotom|[from] ability: Levitate\n|-supereffective|p2b: Tyranitar|1\n|-damage|p2a: Dragapult|51/100\n|-damage|p2b: Tyranitar|62/100 brn\n|\n|-damage|p2b: Tyranitar|56/100 brn|[from] brn\n|-damage|p1a: Garchomp|8/100 brn|[from] brn\n|upkeep\n|turn|7\n|\n|t:|1776370678\n|switch|p2b: Excadrill|Excadrill, L50, F|100/100\n|move|p2a: Dragapult|Dragon Darts|p1a: Garchomp\n|-supereffective|p1a: Garchomp|1\n|-enditem|p1a: Garchomp|Haban Berry|[eat]\n|-enditem|p1a: Garchomp|Haban Berry|[weaken]\n|-damage|p1a: Garchomp|0 fnt\n|-anim|p2a: Dragapult|Dragon Darts|p1b: Rotom\n|-crit|p1b: Rotom\n|-damage|p1b: Rotom|0 fnt\n|faint|p1a: Garchomp\n|faint|p1b: Rotom\n|\n|upkeep\n|\n|t:|1776370688\n|switch|p1a: Venusaur|Venusaur, L50, F|100/100\n|switch|p1b: Incineroar|Incineroar, L50, F|67/100\n|-ability|p1b: Incineroar|Intimidate|boost\n|-fail|p2a: Dragapult|unboost|[from] ability: Clear Body|[of] p2a: Dragapult\n|-unboost|p2b: Excadrill|atk|1\n|turn|8\n|\n|t:|1776370705\n|switch|p2b: Tyranitar|Tyranitar-Mega, L50, F|56/100 brn\n|-weather|Sandstorm|[from] ability: Sand Stream|[of] p2b: Tyranitar\n|move|p1b: Incineroar|Fake Out|p2b: Tyranitar\n|-resisted|p2b: Tyranitar|1\n|-damage|p2b: Tyranitar|52/100 brn\n|move|p2a: Dragapult|Phantom Force||[still]\n|-prepare|p2a: Dragapult|Phantom Force\n|move|p1a: Venusaur|Sleep Powder|p2a: Dragapult|[miss]\n|-miss|p1a: Venusaur|p2a: Dragapult\n|\n|-weather|Sandstorm|[upkeep]\n|-damage|p2a: Dragapult|45/100|[from] Sandstorm\n|-damage|p1a: Venusaur|95/100|[from] Sandstorm\n|-damage|p1b: Incineroar|61/100|[from] Sandstorm\n|-damage|p2b: Tyranitar|46/100 brn|[from] brn\n|upkeep\n|turn|9\n|\n|t:|1776370730\n|move|p2a: Dragapult|Phantom Force|p1a: Venusaur|[from] lockedmove\n|-damage|p1a: Venusaur|37/100\n|move|p2b: Tyranitar|Rock Slide|p1b: Incineroar|[spread] p1a\n|-miss|p2b: Tyranitar|p1b: Incineroar\n|-damage|p1a: Venusaur|16/100\n|cant|p1a: Venusaur|flinch\n|move|p1b: Incineroar|Throat Chop|p2a: Dragapult\n|-supereffective|p2a: Dragapult|1\n|-enditem|p2a: Dragapult|Colbur Berry|[eat]\n|-enditem|p2a: Dragapult|Colbur Berry|[weaken]\n|-damage|p2a: Dragapult|0 fnt\n|faint|p2a: Dragapult\n|\n|-weather|Sandstorm|[upkeep]\n|-damage|p1a: Venusaur|10/100|[from] Sandstorm\n|-damage|p1b: Incineroar|55/100|[from] Sandstorm\n|-damage|p2b: Tyranitar|40/100 brn|[from] brn\n|upkeep\n|-message|nicholth forfeited.\n|\n|win|Govek314\n|raw|nicholth's rating: 1205 &rarr; <strong>1181</strong><br />(-24 for losing)\n|raw|Govek314's rating: 1220 &rarr; <strong>1244</strong><br />(+24 for winning)\n|l|\u2606nicholth\n|player|p1|\n",
  "uploadtime": 1776370759,
  "views": 18,
  "formatid": "gen9championsvgc2026regma",
  "rating": 1181,
  "private": 0,
  "password": null
}