{
  "id": "gen9championsvgc2026regma-2588944683",
  "format": "[Gen 9 Champions] VGC 2026 Reg M-A",
  "players": [
    "Masterno25",
    "DanTheMackGaming"
  ],
  "log": "|j|\u2606Masterno25\n|j|\u2606DanTheMackGaming\n|t:|1776688279\n|gametype|doubles\n|player|p1|Masterno25|1|1213\n|player|p2|DanTheMackGaming|101|1190\n|gen|9\n|tier|[Gen 9 Champions] VGC 2026 Reg M-A\n|rated|\n|rule|Species Clause: Limit one of each Pok\u00e9mon\n|rule|Item Clause: Limit 1 of each item\n|clearpoke\n|poke|p1|Tyranitar, L50, F|\n|poke|p1|Orthworm, L50, F|\n|poke|p1|Excadrill, L50, F|\n|poke|p1|Sinistcha, L50|\n|poke|p1|Starmie, L50|\n|poke|p1|Incineroar, L50, M|\n|poke|p2|Slowbro, L50, M|\n|poke|p2|Sinistcha, L50|\n|poke|p2|Tyranitar, L50, F|\n|poke|p2|Basculegion, L50, M|\n|poke|p2|Kingambit, L50, M|\n|poke|p2|Excadrill, L50, F|\n|teampreview|4\n|\n|t:|1776688300\n|teamsize|p1|4\n|teamsize|p2|4\n|start\n|switch|p1a: Tyranitar|Tyranitar, L50, F|100/100\n|switch|p1b: Orthworm|Orthworm, L50, F|100/100\n|switch|p2a: Slowbro|Slowbro, L50, M|100/100\n|switch|p2b: Basculegion|Basculegion, L50, M|100/100\n|-weather|Sandstorm|[from] ability: Sand Stream|[of] p1a: Tyranitar\n|turn|1\n|\n|t:|1776688324\n|detailschange|p1a: Tyranitar|Tyranitar-Mega, L50, F\n|-mega|p1a: Tyranitar|Tyranitar|Tyranitarite\n|detailschange|p2a: Slowbro|Slowbro-Mega, L50, M\n|-mega|p2a: Slowbro|Slowbro|Slowbronite\n|move|p2b: Basculegion|Flip Turn|p1a: Tyranitar\n|-supereffective|p1a: Tyranitar|1\n|-damage|p1a: Tyranitar|42/100\n|\n|t:|1776688333\n|switch|p2b: Excadrill|Excadrill, L50, F|100/100|[from] Flip Turn\n|move|p1a: Tyranitar|Knock Off|p2b: Excadrill\n|-damage|p2b: Excadrill|6/100\n|-enditem|p2b: Excadrill|Focus Sash|[from] move: Knock Off|[of] p1a: Tyranitar\n|move|p1b: Orthworm|Shed Tail|p1b: Orthworm\n|-start|p1b: Orthworm|Substitute|[from] move: Shed Tail\n|-damage|p1b: Orthworm|50/100\n|\n|t:|1776688343\n|switch|p1b: Excadrill|Excadrill, L50, F|100/100|[from] Shed Tail\n|move|p2a: Slowbro|Iron Defense|p2a: Slowbro\n|-boost|p2a: Slowbro|def|2\n|\n|-weather|Sandstorm|[upkeep]\n|-damage|p2a: Slowbro|95/100|[from] Sandstorm\n|upkeep\n|turn|2\n|\n|t:|1776688358\n|switch|p1a: Orthworm|Orthworm, L50, F|50/100\n|move|p1b: Excadrill|Earthquake|p2a: Slowbro|[spread] p2a,p2b\n|-heal|p1a: Orthworm|75/100|[from] ability: Earth Eater|[of] p1b: Excadrill\n|-supereffective|p2b: Excadrill|1\n|-damage|p2a: Slowbro|84/100\n|-damage|p2b: Excadrill|0 fnt\n|faint|p2b: Excadrill\n|move|p2a: Slowbro|Scald|p1b: Excadrill\n|-supereffective|p1b: Excadrill|1\n|-end|p1b: Excadrill|Substitute\n|\n|-weather|Sandstorm|[upkeep]\n|-damage|p2a: Slowbro|78/100|[from] Sandstorm\n|-heal|p1a: Orthworm|81/100|[from] item: Leftovers\n|upkeep\n|\n|t:|1776688366\n|switch|p2b: Sinistcha|Sinistcha, L50|100/100\n|-heal|p2a: Slowbro|100/100|[from] ability: Hospitality|[of] p2b: Sinistcha\n|turn|3\n|\n|t:|1776688384\n|switch|p1b: Tyranitar|Tyranitar-Mega, L50, F|42/100\n|move|p1a: Orthworm|Shed Tail|p1a: Orthworm\n|-start|p1a: Orthworm|Substitute|[from] move: Shed Tail\n|-damage|p1a: Orthworm|31/100\n|\n|t:|1776688389\n|switch|p1a: Sinistcha|Sinistcha, L50|100/100|[from] Shed Tail\n|-heal|p1b: Tyranitar|67/100|[from] ability: Hospitality|[of] p1a: Sinistcha\n|move|p2b: Sinistcha|Matcha Gotcha|p1a: Sinistcha|[spread] p1a,p1b\n|-resisted|p1a: Sinistcha|1\n|-activate|p1a: Sinistcha|move: Substitute|[damage]\n|-supereffective|p1b: Tyranitar|1\n|-damage|p1b: Tyranitar|39/100\n|-status|p1b: Tyranitar|brn\n|move|p2a: Slowbro|Body Press|p1b: Tyranitar\n|-supereffective|p1b: Tyranitar|2\n|-damage|p1b: Tyranitar|0 fnt\n|faint|p1b: Tyranitar\n|\n|-weather|Sandstorm|[upkeep]\n|-damage|p1a: Sinistcha|94/100|[from] Sandstorm\n|-damage|p2b: Sinistcha|94/100|[from] Sandstorm\n|-damage|p2a: Slowbro|95/100|[from] Sandstorm\n|upkeep\n|\n|t:|1776688408\n|switch|p1b: Excadrill|Excadrill, L50, F|100/100\n|turn|4\n|\n|t:|1776688432\n|move|p1b: Excadrill|X-Scissor|p2a: Slowbro\n|-supereffective|p2a: Slowbro|1\n|-damage|p2a: Slowbro|80/100\n|move|p1a: Sinistcha|Shadow Ball|p2b: Sinistcha\n|-supereffective|p2b: Sinistcha|1\n|-damage|p2b: Sinistcha|22/100\n|-enditem|p2b: Sinistcha|Sitrus Berry|[eat]\n|-heal|p2b: Sinistcha|47/100|[from] item: Sitrus Berry\n|move|p2b: Sinistcha|Matcha Gotcha|p1a: Sinistcha|[spread] p1a,p1b\n|-resisted|p1a: Sinistcha|1\n|-end|p1a: Sinistcha|Substitute\n|-heal|p2b: Sinistcha|53/100|[from] drain|[of] p1a: Sinistcha\n|-damage|p1b: Excadrill|65/100\n|-heal|p2b: Sinistcha|71/100|[from] drain|[of] p1b: Excadrill\n|-status|p1b: Excadrill|brn\n|move|p2a: Slowbro|Body Press|p1b: Excadrill\n|-supereffective|p1b: Excadrill|1\n|-damage|p1b: Excadrill|0 fnt\n|faint|p1b: Excadrill\n|\n|-weather|Sandstorm|[upkeep]\n|-damage|p1a: Sinistcha|88/100|[from] Sandstorm\n|-damage|p2b: Sinistcha|65/100|[from] Sandstorm\n|-damage|p2a: Slowbro|74/100|[from] Sandstorm\n|upkeep\n|\n|t:|1776688454\n|switch|p1b: Orthworm|Orthworm, L50, F|31/100\n|turn|5\n|\n|t:|1776688465\n|move|p1a: Sinistcha|Shadow Ball|p2b: Sinistcha\n|-supereffective|p2b: Sinistcha|1\n|-damage|p2b: Sinistcha|0 fnt\n|faint|p2b: Sinistcha\n|move|p1b: Orthworm|Iron Defense|p1b: Orthworm\n|-boost|p1b: Orthworm|def|2\n|move|p2a: Slowbro|Body Press|p1b: Orthworm\n|-supereffective|p1b: Orthworm|1\n|-damage|p1b: Orthworm|0 fnt\n|faint|p1b: Orthworm\n|\n|-weather|none\n|upkeep\n|\n|t:|1776688468\n|switch|p2b: Basculegion|Basculegion, L50, M|100/100\n|turn|6\n|\n|t:|1776688478\n|move|p2b: Basculegion|Last Respects|p1a: Sinistcha\n|-supereffective|p1a: Sinistcha|1\n|-damage|p1a: Sinistcha|0 fnt\n|faint|p1a: Sinistcha\n|\n|win|DanTheMackGaming\n|raw|Masterno25's rating: 1213 &rarr; <strong>1186</strong><br />(-27 for losing)\n|raw|DanTheMackGaming's rating: 1190 &rarr; <strong>1217</strong><br />(+27 for winning)\n|l|\u2606Masterno25\n|player|p1|\n",
  "uploadtime": 1776688833,
  "views": 9,
  "formatid": "gen9championsvgc2026regma",
  "rating": 1186,
  "private": 0,
  "password": null
}