{
  "id": "gen9championsvgc2026regma-2587303172",
  "format": "[Gen 9 Champions] VGC 2026 Reg M-A",
  "players": [
    "ertyuiko",
    "mzzkiwi"
  ],
  "log": "|j|\u2606ertyuiko\n|j|\u2606mzzkiwi\n|t:|1776520076\n|gametype|doubles\n|player|p1|ertyuiko|2|1130\n|player|p2|mzzkiwi|169|1153\n|gen|9\n|tier|[Gen 9 Champions] VGC 2026 Reg M-A\n|rated|\n|rule|Species Clause: Limit one of each Pok\u00e9mon\n|rule|Item Clause: Limit 1 of each item\n|clearpoke\n|poke|p1|Crabominable, L50, F|\n|poke|p1|Slowking, L50, F|\n|poke|p1|Incineroar, L50, M|\n|poke|p1|Camerupt, L50, M|\n|poke|p1|Tsareena, L50, F|\n|poke|p1|Mimikyu, L50, M|\n|poke|p2|Delphox, L50, F|\n|poke|p2|Farigiraf, L50, F|\n|poke|p2|Aerodactyl, L50, F|\n|poke|p2|Aegislash, L50, M|\n|poke|p2|Garchomp, L50, F|\n|poke|p2|Incineroar, L50, F|\n|teampreview|4\nmzzkiwi rejected open team sheets.\n|inactive|Battle timer is ON: inactive players will automatically lose when time's up. (requested by mzzkiwi)\n|\n|t:|1776520162\n|teamsize|p1|4\n|teamsize|p2|4\n|start\n|switch|p1a: Slowking|Slowking, L50, F|100/100\n|switch|p1b: Tsareena|Tsareena, L50, F|100/100\n|switch|p2a: Delphox|Delphox, L50, F|100/100\n|switch|p2b: Incineroar|Incineroar, L50, F|100/100\n|-ability|p2b: Incineroar|Intimidate|boost\n|-unboost|p1a: Slowking|atk|1\n|-unboost|p1b: Tsareena|atk|1\n|turn|1\n|\n|t:|1776520180\n|detailschange|p2a: Delphox|Delphox-Mega, L50, F\n|-mega|p2a: Delphox|Delphox|Delphoxite\n|move|p2b: Incineroar|Fake Out||[still]\n|cant|p1b: Tsareena|ability: Queenly Majesty|Fake Out|[of] p2b: Incineroar\n|move|p2a: Delphox|Calm Mind|p2a: Delphox\n|-boost|p2a: Delphox|spa|1\n|-boost|p2a: Delphox|spd|1\n|move|p1b: Tsareena|Knock Off|p2a: Delphox\n|-supereffective|p2a: Delphox|1\n|-damage|p2a: Delphox|71/100\n|move|p1a: Slowking|Trick Room|p1a: Slowking\n|-fieldstart|move: Trick Room|[of] p1a: Slowking\n|\n|upkeep\n|turn|2\n|\n|t:|1776520204\n|switch|p1a: Incineroar|Incineroar, L50, M|100/100\n|-ability|p1a: Incineroar|Intimidate|boost\n|-unboost|p2a: Delphox|atk|1\n|-unboost|p2b: Incineroar|atk|1\n|move|p2a: Delphox|Protect|p2a: Delphox\n|-singleturn|p2a: Delphox|Protect\n|move|p1b: Tsareena|Knock Off|p2a: Delphox\n|-activate|p2a: Delphox|move: Protect\n|move|p2b: Incineroar|Flare Blitz|p1b: Tsareena\n|-supereffective|p1b: Tsareena|1\n|-enditem|p1b: Tsareena|Occa Berry|[eat]\n|-enditem|p1b: Tsareena|Occa Berry|[weaken]\n|-damage|p1b: Tsareena|63/100\n|-damage|p2b: Incineroar|88/100|[from] Recoil\n|\n|upkeep\n|turn|3\n|\n|t:|1776520225\n|move|p1a: Incineroar|Parting Shot|p2a: Delphox\n|-unboost|p2a: Delphox|atk|1\n|-unboost|p2a: Delphox|spa|1\n|\n|t:|1776520230\n|switch|p1a: Slowking|Slowking, L50, F|100/100|[from] Parting Shot\n|move|p1b: Tsareena|Endeavor|p2b: Incineroar\n|-damage|p2b: Incineroar|66/100\n|move|p2b: Incineroar|Flare Blitz|p1b: Tsareena\n|-supereffective|p1b: Tsareena|1\n|-damage|p1b: Tsareena|0 fnt\n|faint|p1b: Tsareena\n|-damage|p2b: Incineroar|44/100|[from] Recoil\n|move|p2a: Delphox|Heat Wave|p1a: Slowking\n|-resisted|p1a: Slowking|1\n|-damage|p1a: Slowking|79/100\n|-status|p1a: Slowking|brn\n|\n|-damage|p1a: Slowking|73/100 brn|[from] brn\n|upkeep\n|\n|t:|1776520242\n|switch|p1b: Crabominable|Crabominable, L50, F|100/100\n|turn|4\n|\n|t:|1776520256\n|detailschange|p1b: Crabominable|Crabominable-Mega, L50, F\n|-mega|p1b: Crabominable|Crabominable|Crabominite\n|move|p2a: Delphox|Protect|p2a: Delphox\n|-singleturn|p2a: Delphox|Protect\n|-prepare|p1a: Slowking|Chilly Reception|[premajor]\n|move|p1a: Slowking|Chilly Reception|p1a: Slowking\n|-weather|Snowscape\n|\n|t:|1776520263\n|switch|p1a: Incineroar|Incineroar, L50, M|100/100|[from] Chilly Reception\n|-ability|p1a: Incineroar|Intimidate|boost\n|-unboost|p2a: Delphox|atk|1\n|-unboost|p2b: Incineroar|atk|1\n|move|p1b: Crabominable|Rock Slide|p2a: Delphox|[spread] p2b\n|-activate|p2a: Delphox|move: Protect\n|-supereffective|p2b: Incineroar|1\n|-damage|p2b: Incineroar|0 fnt\n|faint|p2b: Incineroar\n|\n|-weather|Snowscape|[upkeep]\n|upkeep\n|\n|t:|1776520276\n|switch|p2b: Garchomp|Garchomp, L50, F|100/100\n|turn|5\n|\n|t:|1776520289\n|move|p1a: Incineroar|Fake Out|p2a: Delphox\n|-damage|p2a: Delphox|57/100\n|move|p1b: Crabominable|Ice Hammer|p2b: Garchomp|[miss]\n|-miss|p1b: Crabominable|p2b: Garchomp\n|cant|p2a: Delphox|flinch\n|move|p2b: Garchomp|Rock Slide|p1a: Incineroar|[spread] p1a,p1b\n|-supereffective|p1a: Incineroar|1\n|-damage|p1a: Incineroar|68/100\n|-damage|p1b: Crabominable|92/100\n|\n|-weather|Snowscape|[upkeep]\n|-fieldend|move: Trick Room\n|upkeep\n|turn|6\n|\n|t:|1776520303\n|switch|p1b: Slowking|Slowking, L50, F|100/100 brn\n|move|p2b: Garchomp|Rock Slide|p1a: Incineroar|[spread] p1a,p1b\n|-supereffective|p1a: Incineroar|1\n|-damage|p1a: Incineroar|35/100\n|-damage|p1b: Slowking|84/100 brn\n|-enditem|p1a: Incineroar|Sitrus Berry|[eat]\n|-heal|p1a: Incineroar|60/100|[from] item: Sitrus Berry\n|move|p2a: Delphox|Heat Wave|p1a: Incineroar|[spread] p1a,p1b\n|-resisted|p1a: Incineroar|1\n|-resisted|p1b: Slowking|1\n|-damage|p1a: Incineroar|38/100\n|-damage|p1b: Slowking|65/100 brn\n|move|p1a: Incineroar|Parting Shot|p2a: Delphox\n|-unboost|p2a: Delphox|atk|1\n|-unboost|p2a: Delphox|spa|1\n|\n|t:|1776520308\n|switch|p1a: Crabominable|Crabominable-Mega, L50, F|92/100|[from] Parting Shot\n|\n|-weather|Snowscape|[upkeep]\n|-damage|p1b: Slowking|59/100 brn|[from] brn\n|upkeep\n|turn|7\n|\n|t:|1776520328\n|move|p2b: Garchomp|Rock Slide|p1b: Slowking|[spread] p1a,p1b\n|-damage|p1a: Crabominable|81/100\n|-damage|p1b: Slowking|42/100 brn\n|move|p2a: Delphox|Psychic|p1a: Crabominable\n|-supereffective|p1a: Crabominable|1\n|-damage|p1a: Crabominable|13/100\n|move|p1a: Crabominable|Ice Hammer|p2b: Garchomp\n|-supereffective|p2b: Garchomp|2\n|-damage|p2b: Garchomp|0 fnt\n|-unboost|p1a: Crabominable|spe|1\n|faint|p2b: Garchomp\n|move|p1b: Slowking|Trick Room|p1b: Slowking\n|-fieldstart|move: Trick Room|[of] p1b: Slowking\n|\n|-weather|Snowscape|[upkeep]\n|-damage|p1b: Slowking|36/100 brn|[from] brn\n|upkeep\n|\n|t:|1776520342\n|switch|p2b: Aerodactyl|Aerodactyl, L50, F|100/100\n|-ability|p2b: Aerodactyl|Unnerve\n|turn|8\n|\n|t:|1776520353\n|switch|p1b: Incineroar|Incineroar, L50, M|38/100\n|-ability|p1b: Incineroar|Intimidate|boost\n|-unboost|p2a: Delphox|atk|1\n|-unboost|p2b: Aerodactyl|atk|1\n|move|p2b: Aerodactyl|Protect|p2b: Aerodactyl\n|-singleturn|p2b: Aerodactyl|Protect\n|move|p1a: Crabominable|Rock Slide|p2b: Aerodactyl|[spread] p2a\n|-activate|p2b: Aerodactyl|move: Protect\n|-supereffective|p2a: Delphox|1\n|-damage|p2a: Delphox|0 fnt\n|faint|p2a: Delphox\n|\n|-weather|none\n|upkeep\n|turn|9\n|\n|t:|1776520369\n|move|p1a: Crabominable|Ice Hammer|p2b: Aerodactyl\n|-supereffective|p2b: Aerodactyl|1\n|-damage|p2b: Aerodactyl|0 fnt\n|-unboost|p1a: Crabominable|spe|1\n|faint|p2b: Aerodactyl\n|\n|win|ertyuiko\n|raw|ertyuiko's rating: 1130 &rarr; <strong>1157</strong><br />(+27 for winning)\n|raw|mzzkiwi's rating: 1153 &rarr; <strong>1126</strong><br />(-27 for losing)\n|l|\u2606mzzkiwi\n|player|p2|\n",
  "uploadtime": 1776520399,
  "views": 16,
  "formatid": "gen9championsvgc2026regma",
  "rating": 1126,
  "private": 0,
  "password": null
}