{
  "id": "gen9championsvgc2026regma-2581260725",
  "format": "[Gen 9 Champions] VGC 2026 Reg M-A",
  "players": [
    "defiantvgc",
    "poisondart0424"
  ],
  "log": "|j|\u2606defiantvgc\n|j|\u2606poisondart0424\n|t:|1775977774\n|gametype|doubles\n|player|p1|defiantvgc|spark-casual|\n|player|p2|poisondart0424|colress|\n|gen|9\n|tier|[Gen 9 Champions] VGC 2026 Reg M-A\n|rated|Tournament battle\n|rule|Species Clause: Limit one of each Pok\u00e9mon\n|rule|Item Clause: Limit 1 of each item\n|clearpoke\n|poke|p1|Glimmora, L50, M|\n|poke|p1|Incineroar, L50, F|\n|poke|p1|Kommo-o, L50, M|\n|poke|p1|Whimsicott, L50, M|\n|poke|p1|Ninetales-Alola, L50, M|\n|poke|p1|Rotom-Wash, L50|\n|poke|p2|Sinistcha, L50|\n|poke|p2|Garchomp, L50, M|\n|poke|p2|Incineroar, L50, M|\n|poke|p2|Floette-Eternal, L50, F|\n|poke|p2|Rotom-Wash, L50|\n|poke|p2|Aerodactyl, L50, F|\n|teampreview|4\n|j| imobile12345\n|j| aurora ltd\n|j| shoccco<3\n|l| imobile12345\n|j| Reign1997\n|j| do something babe\n|\n|t:|1775977802\n|teamsize|p1|4\n|teamsize|p2|4\n|start\n|switch|p1a: Ninetales|Ninetales-Alola, L50, M|100/100\n|switch|p1b: Whimsicott|Whimsicott, L50, M|100/100\n|switch|p2a: Aerodactyl|Aerodactyl, L50, F|100/100\n|switch|p2b: Rotom|Rotom-Wash, L50|100/100\n|-ability|p2a: Aerodactyl|Unnerve\n|-weather|Snowscape|[from] ability: Snow Warning|[of] p1a: Ninetales\n|turn|1\n|\n|t:|1775977829\n|switch|p2b: Incineroar|Incineroar, L50, M|100/100\n|-ability|p2b: Incineroar|Intimidate|boost\n|-unboost|p1a: Ninetales|atk|1\n|-unboost|p1b: Whimsicott|atk|1\n|detailschange|p2a: Aerodactyl|Aerodactyl-Mega, L50, F\n|-mega|p2a: Aerodactyl|Aerodactyl|Aerodactylite\n|move|p1b: Whimsicott|Tailwind|p1b: Whimsicott\n|-sidestart|p1: defiantvgc|move: Tailwind\n|move|p1a: Ninetales|Blizzard|p2b: Incineroar|[spread] p2a,p2b\n|-supereffective|p2a: Aerodactyl|1\n|-resisted|p2b: Incineroar|1\n|-damage|p2a: Aerodactyl|27/100\n|-damage|p2b: Incineroar|89/100\n|-status|p2b: Incineroar|frz\n|move|p2a: Aerodactyl|Iron Head|p1a: Ninetales\n|-supereffective|p1a: Ninetales|2\n|-enditem|p1a: Ninetales|Focus Sash\n|-damage|p1a: Ninetales|1/100\n|\n|-weather|Snowscape|[upkeep]\n|upkeep\n|turn|2\n|\n|t:|1775977866\n|cant|p2b: Incineroar|frz\n|move|p1a: Ninetales|Blizzard|p2a: Aerodactyl|[spread] p2a,p2b\n|-supereffective|p2a: Aerodactyl|1\n|-resisted|p2b: Incineroar|1\n|-damage|p2a: Aerodactyl|0 fnt\n|-damage|p2b: Incineroar|77/100 frz\n|faint|p2a: Aerodactyl\n|move|p1b: Whimsicott|Moonblast|p2b: Incineroar\n|-damage|p2b: Incineroar|51/100 frz\n|\n|-weather|Snowscape|[upkeep]\n|upkeep\n|\n|t:|1775977881\n|switch|p2a: Rotom|Rotom-Wash, L50|100/100\n|turn|3\n|\n|t:|1775977894\n|move|p1a: Ninetales|Protect|p1a: Ninetales\n|-singleturn|p1a: Ninetales|Protect\n|move|p1b: Whimsicott|Fake Tears|p2a: Rotom\n|-unboost|p2a: Rotom|spd|2\n|move|p2a: Rotom|Discharge|p1b: Whimsicott|[spread] p2b,p1b\n|-activate|p1a: Ninetales|move: Protect\n|-resisted|p1b: Whimsicott|1\n|-damage|p2b: Incineroar|32/100 frz\n|-damage|p1b: Whimsicott|87/100\n|-enditem|p2b: Incineroar|Sitrus Berry|[eat]\n|-heal|p2b: Incineroar|56/100 frz|[from] item: Sitrus Berry\n|-curestatus|p2b: Incineroar|frz|[from] move: Flare Blitz\n|move|p2b: Incineroar|Flare Blitz|p1b: Whimsicott\n|-supereffective|p1b: Whimsicott|1\n|-crit|p1b: Whimsicott\n|-damage|p1b: Whimsicott|0 fnt\n|faint|p1b: Whimsicott\n|-damage|p2b: Incineroar|33/100|[from] Recoil\n|\n|-weather|Snowscape|[upkeep]\n|upkeep\n|\n|t:|1775977898\n|switch|p1b: Glimmora|Glimmora, L50, M|100/100\n|turn|4\n|\n|t:|1775977916\n|switch|p1a: Incineroar|Incineroar, L50, F|100/100\n|-ability|p1a: Incineroar|Intimidate|boost\n|-unboost|p2a: Rotom|atk|1\n|-unboost|p2b: Incineroar|atk|1\n|detailschange|p1b: Glimmora|Glimmora-Mega, L50, M\n|-mega|p1b: Glimmora|Glimmora|Glimmoranite\n|move|p1b: Glimmora|Sludge Bomb|p2a: Rotom\n|-damage|p2a: Rotom|0 fnt\n|faint|p2a: Rotom\n|move|p2b: Incineroar|Parting Shot|p1a: Incineroar\n|-unboost|p1a: Incineroar|atk|1\n|-unboost|p1a: Incineroar|spa|1\n|\n|t:|1775977927\n|switch|p2b: Garchomp|Garchomp, L50, M|100/100|[from] Parting Shot\n|\n|-weather|Snowscape|[upkeep]\n|-sideend|p1: defiantvgc|move: Tailwind\n|upkeep\n|\n|t:|1775977931\n|switch|p2a: Incineroar|Incineroar, L50, M|33/100\n|-ability|p2a: Incineroar|Intimidate|boost\n|-unboost|p1a: Incineroar|atk|1\n|-unboost|p1b: Glimmora|atk|1\n|turn|5\n|j| khungcanh\n|l| khungcanh\n|j| khungcanh\n|\n|t:|1775977960\n|move|p1b: Glimmora|Spiky Shield|p1b: Glimmora\n|-singleturn|p1b: Glimmora|move: Protect\n|move|p2a: Incineroar|Fake Out|p1a: Incineroar\n|-damage|p1a: Incineroar|92/100\n|move|p2b: Garchomp|Earthquake|p1a: Incineroar|[spread] p2a,p1a\n|-activate|p1b: Glimmora|move: Protect\n|-supereffective|p2a: Incineroar|1\n|-supereffective|p1a: Incineroar|1\n|-enditem|p1a: Incineroar|Shuca Berry|[eat]\n|-enditem|p1a: Incineroar|Shuca Berry|[weaken]\n|-damage|p2a: Incineroar|0 fnt\n|-damage|p1a: Incineroar|55/100\n|faint|p2a: Incineroar\n|cant|p1a: Incineroar|flinch\n|\n|-weather|none\n|upkeep\n|turn|6\n|\n|t:|1775977976\n|move|p1b: Glimmora|Spiky Shield|p1b: Glimmora\n|-singleturn|p1b: Glimmora|move: Protect\n|move|p2b: Garchomp|Earthquake|p1a: Incineroar|[spread] p1a\n|-activate|p1b: Glimmora|move: Protect\n|-supereffective|p1a: Incineroar|1\n|-damage|p1a: Incineroar|0 fnt\n|faint|p1a: Incineroar\n|\n|upkeep\n|\n|t:|1775977978\n|switch|p1a: Ninetales|Ninetales-Alola, L50, M|1/100\n|-weather|Snowscape|[from] ability: Snow Warning|[of] p1a: Ninetales\n|turn|7\n|\n|t:|1775977989\n|move|p1a: Ninetales|Blizzard|p2b: Garchomp\n|-supereffective|p2b: Garchomp|2\n|-damage|p2b: Garchomp|0 fnt\n|faint|p2b: Garchomp\n|\n|win|defiantvgc\n|n|\u2606defiantvgc|defiantvgc\n|n|\u2606poisondart0424|poisondart0424\n|n| aurora ltd|auroraltd\n|n| shoccco<3|shoccco3\n|n| Reign1997|reign1997\n|n| do something babe|dosomethingbabe\n|n| khungcanh|khungcanh\n|l|\u2606defiantvgc\n|player|p1|\n|l| do something babe\n|c|\u2606poisondart0424|ggs\n",
  "uploadtime": 1775978002,
  "views": 16,
  "formatid": "gen9championsvgc2026regma",
  "rating": null,
  "private": 0,
  "password": null
}