{
  "id": "gen9championsvgc2026regma-2588370180",
  "format": "[Gen 9 Champions] VGC 2026 Reg M-A",
  "players": [
    "Kroakstool",
    "underlinegui"
  ],
  "log": "|j|\u2606Kroakstool\n|j|\u2606underlinegui\n|t:|1776627865\n|gametype|doubles\n|player|p1|Kroakstool|169|1276\n|player|p2|underlinegui|265|1291\n|gen|9\n|tier|[Gen 9 Champions] VGC 2026 Reg M-A\n|rated|\n|rule|Species Clause: Limit one of each Pok\u00e9mon\n|rule|Item Clause: Limit 1 of each item\n|clearpoke\n|poke|p1|Scizor, L50, M|\n|poke|p1|Pelipper, L50, M|\n|poke|p1|Archaludon, L50, F|\n|poke|p1|Torterra, L50, M|\n|poke|p1|Torkoal, L50, F|\n|poke|p1|Slowbro, L50, F|\n|poke|p2|Meganium, L50, F|\n|poke|p2|Archaludon, L50, F|\n|poke|p2|Aerodactyl, L50, F|\n|poke|p2|Typhlosion-Hisui, L50, F|\n|poke|p2|Tauros-Paldea-Aqua, L50, M|\n|poke|p2|Kangaskhan, L50, F|\n|teampreview|4\n|inactive|Battle timer is ON: inactive players will automatically lose when time's up. (requested by underlinegui)\n|inactive|Kroakstool has 60 seconds left.\n|\n|t:|1776627897\n|teamsize|p1|4\n|teamsize|p2|4\n|start\n|switch|p1a: Scizor|Scizor, L50, M|100/100\n|switch|p1b: Slowbro|Slowbro, L50, F|100/100\n|switch|p2a: Aerodactyl|Aerodactyl, L50, F|100/100\n|switch|p2b: Kangaskhan|Kangaskhan, L50, F|100/100\n|-ability|p2a: Aerodactyl|Unnerve\n|turn|1\n|inactive|Kroakstool has 30 seconds left.\n|inactive|Kroakstool has 20 seconds left.\n|inactive|Kroakstool has 15 seconds left.\n|\n|t:|1776627942\n|switch|p2a: Typhlosion|Typhlosion-Hisui, L50, F|100/100\n|-item|p1a: Scizor|Scizorite|[from] ability: Frisk|[of] p2a: Typhlosion\n|-item|p1b: Slowbro|Slowbronite|[from] ability: Frisk|[of] p2a: Typhlosion\n|detailschange|p2b: Kangaskhan|Kangaskhan-Mega, L50, F\n|-mega|p2b: Kangaskhan|Kangaskhan|Kangaskhanite\n|detailschange|p1a: Scizor|Scizor-Mega, L50, M\n|-mega|p1a: Scizor|Scizor|Scizorite\n|move|p2b: Kangaskhan|Fake Out|p1b: Slowbro\n|-damage|p1b: Slowbro|83/100\n|-damage|p1b: Slowbro|78/100\n|-hitcount|p1b: Slowbro|2\n|move|p1a: Scizor|Swords Dance|p1a: Scizor\n|-boost|p1a: Scizor|atk|2\n|cant|p1b: Slowbro|flinch\n|\n|upkeep\n|turn|2\n|inactive|Kroakstool has 30 seconds left.\n|inactive|underlinegui has 30 seconds left.\n|\n|t:|1776627978\n|switch|p1a: Pelipper|Pelipper, L50, M|100/100\n|-weather|RainDance|[from] ability: Drizzle|[of] p1a: Pelipper\n|move|p2a: Typhlosion|Eruption|p1b: Slowbro|[spread] p1a,p1b\n|-resisted|p1a: Pelipper|1\n|-resisted|p1b: Slowbro|1\n|-crit|p1b: Slowbro\n|-damage|p1a: Pelipper|86/100\n|-damage|p1b: Slowbro|60/100\n|move|p2b: Kangaskhan|Double-Edge|p1b: Slowbro\n|-damage|p1b: Slowbro|3/100\n|-damage|p1b: Slowbro|0 fnt\n|faint|p1b: Slowbro\n|-hitcount|p1: Slowbro|2\n|-damage|p2b: Kangaskhan|79/100|[from] Recoil\n|\n|-weather|RainDance|[upkeep]\n|upkeep\n|\n|t:|1776627997\n|switch|p1b: Torterra|Torterra, L50, M|100/100\n|turn|3\n|\n|t:|1776628010\n|move|p1a: Pelipper|Wide Guard|p1a: Pelipper\n|-singleturn|p1a: Pelipper|Wide Guard\n|move|p2b: Kangaskhan|Sucker Punch|p1b: Torterra\n|-damage|p1b: Torterra|77/100\n|-damage|p1b: Torterra|72/100\n|-hitcount|p1b: Torterra|2\n|move|p2a: Typhlosion|Eruption|p1a: Pelipper|[spread] \n|-activate|p1a: Pelipper|move: Wide Guard\n|-activate|p1b: Torterra|move: Wide Guard\n|move|p1b: Torterra|Earthquake|p2a: Typhlosion|[spread] p2a,p2b\n|-activate|p1a: Pelipper|move: Wide Guard\n|-supereffective|p2a: Typhlosion|1\n|-crit|p2a: Typhlosion\n|-damage|p2a: Typhlosion|0 fnt\n|-damage|p2b: Kangaskhan|50/100\n|faint|p2a: Typhlosion\n|\n|-weather|RainDance|[upkeep]\n|upkeep\n|\n|t:|1776628017\n|switch|p2a: Aerodactyl|Aerodactyl, L50, F|100/100\n|-ability|p2a: Aerodactyl|Unnerve\n|turn|4\n|inactive|Kroakstool has 30 seconds left.\n|inactive|Kroakstool has 20 seconds left.\n|inactive|Kroakstool has 15 seconds left.\n|\n|t:|1776628059\n|move|p1b: Torterra|Wide Guard|p1b: Torterra\n|-singleturn|p1b: Torterra|Wide Guard\n|move|p2a: Aerodactyl|Dual Wingbeat|p1b: Torterra\n|-supereffective|p1b: Torterra|1\n|-damage|p1b: Torterra|41/100\n|-supereffective|p1b: Torterra|1\n|-damage|p1b: Torterra|7/100\n|-hitcount|p1b: Torterra|2\n|move|p2b: Kangaskhan|Double-Edge|p1a: Pelipper\n|-damage|p1a: Pelipper|19/100\n|-crit|p1a: Pelipper\n|-damage|p1a: Pelipper|0 fnt\n|faint|p1a: Pelipper\n|-hitcount|p1: Pelipper|2\n|-damage|p2b: Kangaskhan|24/100|[from] Recoil\n|\n|-weather|RainDance|[upkeep]\n|upkeep\n|\n|t:|1776628075\n|switch|p1a: Scizor|Scizor-Mega, L50, M|100/100\n|turn|5\n|\n|t:|1776628085\n|move|p1a: Scizor|Bullet Punch|p2a: Aerodactyl\n|-supereffective|p2a: Aerodactyl|1\n|-enditem|p2a: Aerodactyl|Focus Sash\n|-damage|p2a: Aerodactyl|1/100\n|move|p2a: Aerodactyl|Dual Wingbeat|p1b: Torterra\n|-supereffective|p1b: Torterra|1\n|-damage|p1b: Torterra|0 fnt\n|faint|p1b: Torterra\n|-hitcount|p1: Torterra|1\n|move|p2b: Kangaskhan|Double-Edge|p1a: Scizor\n|-resisted|p1a: Scizor|1\n|-damage|p1a: Scizor|75/100\n|-resisted|p1a: Scizor|1\n|-crit|p1a: Scizor\n|-damage|p1a: Scizor|65/100\n|-hitcount|p1a: Scizor|2\n|-damage|p2b: Kangaskhan|13/100|[from] Recoil\n|\n|-weather|RainDance|[upkeep]\n|upkeep\n|turn|6\n|inactive|underlinegui has 30 seconds left.\n|\n|t:|1776628120\n|switch|p2a: Tauros|Tauros-Paldea-Aqua, L50, M|100/100\n|-ability|p2a: Tauros|Intimidate|boost\n|-unboost|p1a: Scizor|atk|1\n|move|p2b: Kangaskhan|Double-Edge|p1a: Scizor\n|-resisted|p1a: Scizor|1\n|-damage|p1a: Scizor|38/100\n|-resisted|p1a: Scizor|1\n|-damage|p1a: Scizor|32/100\n|-hitcount|p1a: Scizor|2\n|-damage|p2b: Kangaskhan|2/100|[from] Recoil\n|move|p1a: Scizor|Dual Wingbeat|p2b: Kangaskhan\n|-damage|p2b: Kangaskhan|0 fnt\n|faint|p2b: Kangaskhan\n|-hitcount|p2: Kangaskhan|1\n|\n|-weather|none\n|upkeep\n|\n|t:|1776628131\n|switch|p2b: Aerodactyl|Aerodactyl, L50, F|1/100\n|-ability|p2b: Aerodactyl|Unnerve\n|turn|7\n|\n|t:|1776628142\n|move|p2b: Aerodactyl|Dual Wingbeat|p1a: Scizor\n|-crit|p1a: Scizor\n|-damage|p1a: Scizor|9/100\n|-damage|p1a: Scizor|0 fnt\n|faint|p1a: Scizor\n|-hitcount|p1: Scizor|2\n|\n|win|underlinegui\n|raw|Kroakstool's rating: 1276 &rarr; <strong>1252</strong><br />(-24 for losing)\n|raw|underlinegui's rating: 1291 &rarr; <strong>1315</strong><br />(+24 for winning)\n",
  "uploadtime": 1776628149,
  "views": 16,
  "formatid": "gen9championsvgc2026regma",
  "rating": 1252,
  "private": 0,
  "password": null
}