{
  "id": "gen9championsvgc2026regma-2583242047",
  "format": "[Gen 9 Champions] VGC 2026 Reg M-A",
  "players": [
    "Smokin Koffin",
    "youmel1"
  ],
  "log": "|j|\u2606Smokin Koffin\n|j|\u2606youmel1\n|t:|1776158621\n|gametype|doubles\n|player|p1|Smokin Koffin|2|1071\n|player|p2|youmel1|101|1000\n|gen|9\n|tier|[Gen 9 Champions] VGC 2026 Reg M-A\n|rated|\n|rule|Species Clause: Limit one of each Pok\u00e9mon\n|rule|Item Clause: Limit 1 of each item\n|clearpoke\n|poke|p1|Altaria, L50, F|\n|poke|p1|Gengar, L50, M|\n|poke|p1|Incineroar, L50, M|\n|poke|p1|Sneasler, L50, M|\n|poke|p1|Sinistcha, L50|\n|poke|p1|Gyarados, L50, M|\n|poke|p2|Pelipper, L50, F|\n|poke|p2|Dragonite, L50, F|\n|poke|p2|Manectric, L50, F|\n|poke|p2|Primarina, L50, F|\n|poke|p2|Sneasler, L50, F|\n|poke|p2|Archaludon, L50, F|\n|teampreview|4\n|\n|t:|1776158659\n|teamsize|p1|4\n|teamsize|p2|4\n|start\n|switch|p1a: Gengar|Gengar, L50, M|100/100\n|switch|p1b: Sneasler|Sneasler, L50, M|100/100\n|switch|p2a: Dragonite|Dragonite, L50, F|100/100\n|switch|p2b: Sneasler|Sneasler, L50, F|100/100\n|turn|1\n|\n|t:|1776158690\n|detailschange|p1a: Gengar|Gengar-Mega, L50, M\n|-mega|p1a: Gengar|Gengar|Gengarite\n|detailschange|p2a: Dragonite|Dragonite-Mega, L50, F\n|-mega|p2a: Dragonite|Dragonite|Dragoninite\n|move|p2b: Sneasler|Protect|p2b: Sneasler\n|-singleturn|p2b: Sneasler|Protect\n|move|p1b: Sneasler|Fake Out|p2a: Dragonite\n|-damage|p2a: Dragonite|95/100\n|move|p1a: Gengar|Perish Song|p1a: Gengar\n|-start|p1a: Gengar|perish3|[silent]\n|-start|p1b: Sneasler|perish3|[silent]\n|-start|p2a: Dragonite|perish3|[silent]\n|-start|p2b: Sneasler|perish3|[silent]\n|-fieldactivate|move: Perish Song\n|cant|p2a: Dragonite|flinch\n|\n|-start|p1a: Gengar|perish3\n|-start|p2b: Sneasler|perish3\n|-start|p1b: Sneasler|perish3\n|-start|p2a: Dragonite|perish3\n|upkeep\n|turn|2\n|\n|t:|1776158706\n|switch|p1b: Incineroar|Incineroar, L50, M, shiny|100/100\n|-ability|p1b: Incineroar|Intimidate|boost\n|-unboost|p2a: Dragonite|atk|1\n|-unboost|p2b: Sneasler|atk|1\n|move|p1a: Gengar|Protect|p1a: Gengar\n|-singleturn|p1a: Gengar|Protect\n|move|p2b: Sneasler|Rock Slide|p1a: Gengar|[spread] p1b\n|-activate|p1a: Gengar|move: Protect\n|-supereffective|p1b: Incineroar|1\n|-crit|p1b: Incineroar\n|-damage|p1b: Incineroar|64/100\n|move|p2a: Dragonite|Tailwind|p2a: Dragonite\n|-sidestart|p2: youmel1|move: Tailwind\n|\n|-start|p2b: Sneasler|perish2\n|-start|p2a: Dragonite|perish2\n|-start|p1a: Gengar|perish2\n|upkeep\n|turn|3\n|\n|t:|1776158733\n|move|p1b: Incineroar|Fake Out|p2a: Dragonite\n|-damage|p2a: Dragonite|86/100\n|move|p2b: Sneasler|Rock Slide|p1b: Incineroar|[spread] p1a\n|-miss|p2b: Sneasler|p1b: Incineroar\n|-damage|p1a: Gengar|87/100\n|cant|p2a: Dragonite|flinch\n|move|p1a: Gengar|Shadow Ball|p2b: Sneasler\n|-damage|p2b: Sneasler|35/100\n|\n|-start|p2b: Sneasler|perish1\n|-start|p2a: Dragonite|perish1\n|-start|p1a: Gengar|perish1\n|upkeep\n|turn|4\n|\n|t:|1776158750\n|switch|p1a: Sneasler|Sneasler, L50, M|100/100\n|move|p2b: Sneasler|Rock Slide|p1b: Incineroar|[spread] p1a,p1b\n|-resisted|p1a: Sneasler|1\n|-crit|p1a: Sneasler\n|-supereffective|p1b: Incineroar|1\n|-damage|p1a: Sneasler|82/100\n|-damage|p1b: Incineroar|47/100\n|move|p2a: Dragonite|Hurricane|p1b: Incineroar|[miss]\n|-miss|p2a: Dragonite|p1b: Incineroar\n|move|p1b: Incineroar|Parting Shot|p2b: Sneasler\n|-unboost|p2b: Sneasler|atk|1\n|-unboost|p2b: Sneasler|spa|1\n|\n|t:|1776158761\n|switch|p1b: Gengar|Gengar-Mega, L50, M|87/100|[from] Parting Shot\n|\n|-start|p2b: Sneasler|perish0\n|-start|p2a: Dragonite|perish0\n|faint|p2b: Sneasler\n|faint|p2a: Dragonite\n|upkeep\n|\n|t:|1776158770\n|switch|p2b: Archaludon|Archaludon, L50, F|100/100\n|switch|p2a: Pelipper|Pelipper, L50, F|100/100\n|-weather|RainDance|[from] ability: Drizzle|[of] p2a: Pelipper\n|turn|5\n|\n|t:|1776158779\n|move|p1a: Sneasler|Fake Out|p2b: Archaludon\n|-resisted|p2b: Archaludon|1\n|-damage|p2b: Archaludon|95/100\n|-ability|p2b: Archaludon|Stamina|boost\n|-boost|p2b: Archaludon|def|1\n|-immune|p2b: Archaludon\n|move|p2a: Pelipper|Hurricane|p1a: Sneasler\n|-supereffective|p1a: Sneasler|1\n|-damage|p1a: Sneasler|0 fnt\n|faint|p1a: Sneasler\n|cant|p2b: Archaludon|flinch\n|move|p1b: Gengar|Perish Song|p1b: Gengar\n|-start|p1b: Gengar|perish3|[silent]\n|-start|p2a: Pelipper|perish3|[silent]\n|-start|p2b: Archaludon|perish3|[silent]\n|-fieldactivate|move: Perish Song\n|\n|-weather|RainDance|[upkeep]\n|-heal|p2b: Archaludon|100/100|[from] item: Leftovers\n|-start|p2a: Pelipper|perish3\n|-start|p2b: Archaludon|perish3\n|-start|p1b: Gengar|perish3\n|-sideend|p2: youmel1|move: Tailwind\n|upkeep\n|\n|t:|1776158788\n|switch|p1a: Incineroar|Incineroar, L50, M, shiny|47/100\n|-ability|p1a: Incineroar|Intimidate|boost\n|-unboost|p2a: Pelipper|atk|1\n|-unboost|p2b: Archaludon|atk|1\n|turn|6\n|\n|t:|1776158806\n|move|p1a: Incineroar|Fake Out|p2b: Archaludon\n|-resisted|p2b: Archaludon|1\n|-damage|p2b: Archaludon|98/100\n|-ability|p2b: Archaludon|Stamina|boost\n|-boost|p2b: Archaludon|def|1\n|move|p1b: Gengar|Sludge Bomb|p2a: Pelipper\n|-damage|p2a: Pelipper|22/100\n|move|p2a: Pelipper|Hurricane|p1b: Gengar\n|-damage|p1b: Gengar|43/100\n|-start|p1b: Gengar|confusion\n|cant|p2b: Archaludon|flinch\n|\n|-weather|RainDance|[upkeep]\n|-heal|p2b: Archaludon|100/100|[from] item: Leftovers\n|-start|p1b: Gengar|perish2\n|-start|p2a: Pelipper|perish2\n|-start|p2b: Archaludon|perish2\n|upkeep\n|turn|7\n|\n|t:|1776158820\n|switch|p1a: Altaria|Altaria, L50, F|100/100\n|-ability|p1a: Altaria|Cloud Nine\n|-activate|p1b: Gengar|confusion\n|-damage|p1b: Gengar|35/100|[from] confusion\n|move|p2a: Pelipper|Hurricane|p1b: Gengar|[miss]\n|-miss|p2a: Pelipper|p1b: Gengar\n|move|p2b: Archaludon|Electro Shot||[still]\n|-prepare|p2b: Archaludon|Electro Shot\n|-boost|p2b: Archaludon|spa|1\n|\n|-weather|RainDance|[upkeep]\n|-start|p1b: Gengar|perish1\n|-start|p2a: Pelipper|perish1\n|-start|p2b: Archaludon|perish1\n|upkeep\n|turn|8\n|-message|youmel1 forfeited.\n|\n|win|Smokin Koffin\n|raw|Smokin Koffin's rating: 1071 &rarr; <strong>1094</strong><br />(+23 for winning)\n|raw|youmel1's rating: 1000 &rarr; <strong>1000</strong><br />(+0 for losing)\n|l|\u2606youmel1\n|player|p2|\n",
  "uploadtime": 1776159135,
  "views": 19,
  "formatid": "gen9championsvgc2026regma",
  "rating": 1000,
  "private": 0,
  "password": null
}