{
  "id": "gen9championsvgc2026regma-2588702620",
  "format": "[Gen 9 Champions] VGC 2026 Reg M-A",
  "players": [
    "Oddball1",
    "Loucario7"
  ],
  "log": "|j|\u2606Oddball1\n|j|\u2606Loucario7\n|t:|1776659571\n|gametype|doubles\n|player|p1|Oddball1|burglar|1174\n|player|p2|Loucario7|101|1164\n|gen|9\n|tier|[Gen 9 Champions] VGC 2026 Reg M-A\n|rated|\n|rule|Species Clause: Limit one of each Pok\u00e9mon\n|rule|Item Clause: Limit 1 of each item\n|clearpoke\n|poke|p1|Floette-Eternal, L50, F|\n|poke|p1|Incineroar, L50, F|\n|poke|p1|Sinistcha, L50|\n|poke|p1|Aerodactyl, L50, F|\n|poke|p1|Garchomp, L50, F|\n|poke|p1|Kingambit, L50, F|\n|poke|p2|Golurk, L50|\n|poke|p2|Farigiraf, L50, F|\n|poke|p2|Sneasler, L50, M|\n|poke|p2|Torkoal, L50, F|\n|poke|p2|Venusaur, L50, F|\n|poke|p2|Incineroar, L50, M|\n|teampreview|4\n|inactive|Battle timer is ON: inactive players will automatically lose when time's up. (requested by Loucario7)\n|c|\u2606Loucario7|glhf\n|inactive|Oddball1 has 60 seconds left.\n|inactive|Loucario7 has 60 seconds left.\n|inactive|Loucario7 has 30 seconds left.\n|inactive|Loucario7 has 20 seconds left.\n|inactive|Loucario7 has 15 seconds left.\n|\n|t:|1776659647\n|teamsize|p1|4\n|teamsize|p2|4\n|start\n|switch|p1a: Sinistcha|Sinistcha, L50|100/100\n|switch|p1b: Floette|Floette-Eternal, L50, F|100/100\n|switch|p2a: Farigiraf|Farigiraf, L50, F|100/100\n|switch|p2b: Sneasler|Sneasler, L50, M|100/100\n|turn|1\n|\n|t:|1776659660\n|switch|p2b: Golurk|Golurk, L50|100/100\n|switch|p1a: DrDapperpuss|Incineroar, L50, F|100/100\n|-ability|p1a: DrDapperpuss|Intimidate|boost\n|-unboost|p2a: Farigiraf|atk|1\n|-unboost|p2b: Golurk|atk|1\n|detailschange|p1b: Floette|Floette-Mega, L50, F\n|-mega|p1b: Floette|Floette|Floettite\n|-ability|p1b: Floette|Fairy Aura\n|move|p1b: Floette|Protect|p1b: Floette\n|-singleturn|p1b: Floette|Protect\n|move|p2a: Farigiraf|Trick Room|p2a: Farigiraf\n|-fieldstart|move: Trick Room|[of] p2a: Farigiraf\n|\n|upkeep\n|turn|2\n|inactive|Oddball1 has 30 seconds left.\n|inactive|Loucario7 has 30 seconds left.\n|\n|t:|1776659687\n|switch|p2b: Torkoal|Torkoal, L50, F|100/100\n|-weather|SunnyDay|[from] ability: Drought|[of] p2b: Torkoal\n|move|p2a: Farigiraf|Hyper Voice|p1a: DrDapperpuss|[spread] p1a,p1b\n|-damage|p1a: DrDapperpuss|82/100\n|-damage|p1b: Floette|78/100\n|move|p1a: DrDapperpuss|Parting Shot|p2b: Torkoal\n|-unboost|p2b: Torkoal|atk|1\n|-unboost|p2b: Torkoal|spa|1\n|\n|t:|1776659691\n|switch|p1a: Garchomp|Garchomp, L50, F|100/100|[from] Parting Shot\n|move|p1b: Floette|Calm Mind|p1b: Floette\n|-boost|p1b: Floette|spa|1\n|-boost|p1b: Floette|spd|1\n|\n|-weather|SunnyDay|[upkeep]\n|upkeep\n|turn|3\n|\n|t:|1776659702\n|move|p1b: Floette|Protect|p1b: Floette\n|-singleturn|p1b: Floette|Protect\n|move|p2b: Torkoal|Eruption|p1a: Garchomp|[spread] p1a\n|-activate|p1b: Floette|move: Protect\n|-resisted|p1a: Garchomp|1\n|-damage|p1a: Garchomp|68/100\n|move|p2a: Farigiraf|Hyper Voice|p1b: Floette|[spread] p1a\n|-activate|p1b: Floette|move: Protect\n|-damage|p1a: Garchomp|39/100\n|move|p1a: Garchomp|Rock Slide|p2b: Torkoal|[spread] p2a,p2b\n|-crit|p2a: Farigiraf\n|-supereffective|p2b: Torkoal|1\n|-damage|p2a: Farigiraf|70/100\n|-damage|p2b: Torkoal|69/100\n|\n|-weather|SunnyDay|[upkeep]\n|upkeep\n|turn|4\n|\n|t:|1776659722\n|switch|p1a: DrDapperpuss|Incineroar, L50, F|82/100\n|-ability|p1a: DrDapperpuss|Intimidate|boost\n|-unboost|p2a: Farigiraf|atk|1\n|-unboost|p2b: Torkoal|atk|1\n|move|p2b: Torkoal|Weather Ball|p1b: Floette\n|-damage|p1b: Floette|48/100\n|move|p2a: Farigiraf|Psychic|p1a: DrDapperpuss\n|-immune|p1a: DrDapperpuss\n|move|p1b: Floette|Moonblast|p2b: Torkoal\n|-resisted|p2b: Torkoal|1\n|-damage|p2b: Torkoal|0 fnt\n|faint|p2b: Torkoal\n|\n|-weather|SunnyDay|[upkeep]\n|upkeep\n|\n|t:|1776659725\n|switch|p2b: Golurk|Golurk, L50|100/100\n|turn|5\n|\n|t:|1776659741\n|switch|p1a: Sinistcha|Sinistcha, L50|100/100\n|-heal|p1b: Floette|72/100|[from] ability: Hospitality|[of] p1a: Sinistcha\n|detailschange|p2b: Golurk|Golurk-Mega, L50\n|-mega|p2b: Golurk|Golurk|Golurkite\n|move|p1b: Floette|Protect|p1b: Floette\n|-singleturn|p1b: Floette|Protect\n|move|p2a: Farigiraf|Psychic|p1b: Floette\n|-activate|p1b: Floette|move: Protect\n|move|p2b: Golurk|Headlong Rush|p1a: Sinistcha\n|-resisted|p1a: Sinistcha|1\n|-damage|p1a: Sinistcha|68/100\n|-unboost|p2b: Golurk|def|1\n|-unboost|p2b: Golurk|spd|1\n|\n|-weather|SunnyDay|[upkeep]\n|-heal|p1a: Sinistcha|75/100|[from] item: Leftovers\n|-fieldend|move: Trick Room\n|upkeep\n|turn|6\n|\n|t:|1776659747\n|switch|p2b: Sneasler|Sneasler, L50, M|100/100\n|move|p1b: Floette|Dazzling Gleam|p2b: Sneasler|[spread] p2a,p2b\n|-damage|p2a: Farigiraf|12/100\n|-damage|p2b: Sneasler|0 fnt\n|faint|p2b: Sneasler\n|move|p1a: Sinistcha|Matcha Gotcha|p2a: Farigiraf\n|-damage|p2a: Farigiraf|0 fnt\n|-heal|p1a: Sinistcha|82/100|[from] drain|[of] p2a: Farigiraf\n|faint|p2a: Farigiraf\n|\n|-weather|none\n|-heal|p1a: Sinistcha|88/100|[from] item: Leftovers\n|upkeep\n|\n|t:|1776659753\n|switch|p2b: Golurk|Golurk-Mega, L50|100/100\n|turn|7\n|\n|t:|1776659758\n|move|p1b: Floette|Moonblast|p2b: Golurk\n|-damage|p2b: Golurk|0 fnt\n|faint|p2b: Golurk\n|\n|win|Oddball1\n|raw|Oddball1's rating: 1174 &rarr; <strong>1198</strong><br />(+24 for winning)\n|raw|Loucario7's rating: 1164 &rarr; <strong>1140</strong><br />(-24 for losing)\n|c|\u2606Loucario7|ggs\n|l|\u2606Loucario7\n|player|p2|\n|l|\u2606Oddball1\n|player|p1|\n|j|\u2606Oddball1\n|player|p1|Oddball1|burglar|\n",
  "uploadtime": 1776659767,
  "views": 13,
  "formatid": "gen9championsvgc2026regma",
  "rating": 1140,
  "private": 0,
  "password": null
}