{
  "id": "gen9championsvgc2026regma-2580998313",
  "format": "[Gen 9 Champions] VGC 2026 Reg M-A",
  "players": [
    "Staryu Shuriken",
    "bugawup"
  ],
  "log": "|j|\u2606Staryu Shuriken\n|j|\u2606bugawup\n|t:|1775950315\n|gametype|doubles\n|player|p1|Staryu Shuriken|worker|1000\n|player|p2|bugawup|101|1019\n|gen|9\n|tier|[Gen 9 Champions] VGC 2026 Reg M-A\n|rated|\n|rule|Species Clause: Limit one of each Pok\u00e9mon\n|rule|Item Clause: Limit 1 of each item\n|clearpoke\n|poke|p1|Chandelure, L50, M|\n|poke|p1|Farigiraf, L50, M|\n|poke|p1|Torkoal, L50, F|\n|poke|p1|Kangaskhan, L50, F|\n|poke|p1|Sneasler, L50, F|\n|poke|p1|Azumarill, L50, M|\n|poke|p2|Meowscarada, L50, M|\n|poke|p2|Mudsdale, L50, M|\n|poke|p2|Skarmory, L50, F|\n|poke|p2|Lucario, L50, F|\n|poke|p2|Whimsicott, L50, M|\n|poke|p2|Zoroark-Hisui, L50, M|\n|teampreview|4\n|inactive|Battle timer is ON: inactive players will automatically lose when time's up. (requested by bugawup)\n|\n|t:|1775950378\n|teamsize|p1|4\n|teamsize|p2|4\n|start\n|switch|p1a: Chandelure|Chandelure, L50, M|100/100\n|switch|p1b: Kangaskhan|Kangaskhan, L50, F|100/100\n|switch|p2a: Skarmory|Skarmory, L50, F|100/100\n|switch|p2b: Meowscarada|Meowscarada, L50, M|100/100\n|turn|1\n|\n|t:|1775950393\n|move|p1b: Kangaskhan|Fake Out|p2b: Meowscarada\n|-damage|p2b: Meowscarada|73/100\n|move|p1a: Chandelure|Heat Wave|p2b: Meowscarada|[spread] p2a\n|-miss|p1a: Chandelure|p2b: Meowscarada\n|-damage|p2a: Skarmory|14/100\n|replace|p2a: Zoroark|Zoroark-Hisui, L50, M\n|-end|p2a: Zoroark|Illusion\n|move|p2a: Zoroark|Bitter Malice|p1a: Chandelure\n|-supereffective|p1a: Chandelure|1\n|-damage|p1a: Chandelure|0 fnt\n|faint|p1a: Chandelure\n|cant|p2b: Meowscarada|flinch\n|\n|upkeep\n|\n|t:|1775950408\n|switch|p1a: Farigiraf|Farigiraf, L50, M|100/100\n|turn|2\n|\n|t:|1775950430\n|detailschange|p1b: Kangaskhan|Kangaskhan-Mega, L50, F\n|-mega|p1b: Kangaskhan|Kangaskhan|Kangaskhanite\n|move|p1b: Kangaskhan|Sucker Punch||[still]\n|-fail|p1b: Kangaskhan\n|move|p2a: Zoroark|Curse|p1b: Kangaskhan\n|-start|p1b: Kangaskhan|Curse|[of] p2a: Zoroark\n|-damage|p2a: Zoroark|0 fnt\n|faint|p2a: Zoroark\n|move|p2b: Meowscarada|Throat Chop|p1a: Farigiraf\n|-start|p2b: Meowscarada|typechange|Dark|[from] ability: Protean\n|-supereffective|p1a: Farigiraf|1\n|-damage|p1a: Farigiraf|26/100\n|-start|p1a: Farigiraf|Throat Chop|[silent]\n|move|p1a: Farigiraf|Trick Room|p1a: Farigiraf\n|-fieldstart|move: Trick Room|[of] p1a: Farigiraf\n|\n|-damage|p1b: Kangaskhan|75/100|[from] Curse\n|upkeep\n|\n|t:|1775950444\n|switch|p2a: Mudsdale|Mudsdale, L50, M|100/100\n|turn|3\n|\n|t:|1775950464\n|move|p1a: Farigiraf|Helping Hand|p1b: Kangaskhan\n|-singleturn|p1b: Kangaskhan|Helping Hand|[of] p1a: Farigiraf\n|move|p2b: Meowscarada|Protect|p2b: Meowscarada\n|-singleturn|p2b: Meowscarada|Protect\n|move|p2a: Mudsdale|Earthquake|p1a: Farigiraf|[spread] p1a,p1b\n|-activate|p2b: Meowscarada|move: Protect\n|-damage|p1a: Farigiraf|0 fnt\n|-damage|p1b: Kangaskhan|40/100\n|faint|p1a: Farigiraf\n|move|p1b: Kangaskhan|Low Kick|p2b: Meowscarada\n|-activate|p2b: Meowscarada|move: Protect\n|\n|-damage|p1b: Kangaskhan|15/100|[from] Curse\n|upkeep\n|\n|t:|1775950472\n|switch|p1a: Torkoal|Torkoal, L50, F|100/100\n|-weather|SunnyDay|[from] ability: Drought|[of] p1a: Torkoal\n|turn|4\n|\n|t:|1775950496\n|move|p1b: Kangaskhan|Sucker Punch|p2a: Mudsdale\n|-damage|p2a: Mudsdale|78/100\n|-ability|p2a: Mudsdale|Stamina|boost\n|-boost|p2a: Mudsdale|def|1\n|-damage|p2a: Mudsdale|74/100\n|-ability|p2a: Mudsdale|Stamina|boost\n|-boost|p2a: Mudsdale|def|1\n|-hitcount|p2a: Mudsdale|2\n|move|p1a: Torkoal|Eruption|p2b: Meowscarada|[spread] p2a,p2b\n|-damage|p2a: Mudsdale|0 fnt\n|-damage|p2b: Meowscarada|0 fnt\n|faint|p2a: Mudsdale\n|faint|p2b: Meowscarada\n|\n|-weather|SunnyDay|[upkeep]\n|-damage|p1b: Kangaskhan|0 fnt|[from] Curse\n|faint|p1b: Kangaskhan\n|upkeep\n|\n|t:|1775950513\n|switch|p2a: Skarmory|Skarmory, L50, F|100/100\n|turn|5\n|-message|bugawup forfeited.\n|\n|win|Staryu Shuriken\n|raw|Staryu Shuriken's rating: 1000 &rarr; <strong>1042</strong><br />(+42 for winning)\n|raw|bugawup's rating: 1019 &rarr; <strong>1005</strong><br />(-14 for losing)\n|l|\u2606bugawup\n|player|p2|\n",
  "uploadtime": 1775950525,
  "views": 11,
  "formatid": "gen9championsvgc2026regma",
  "rating": 1005,
  "private": 0,
  "password": null
}