{
  "id": "gen9championsvgc2026regma-2582484857",
  "format": "[Gen 9 Champions] VGC 2026 Reg M-A",
  "players": [
    "LGPESWEEPER",
    "LycheeEXE"
  ],
  "log": "|j|\u2606LGPESWEEPER\n|j|\u2606LycheeEXE\n|t:|1776094686\n|gametype|doubles\n|player|p1|LGPESWEEPER|169|1087\n|player|p2|LycheeEXE|170|1000\n|gen|9\n|tier|[Gen 9 Champions] VGC 2026 Reg M-A\n|rated|\n|rule|Species Clause: Limit one of each Pok\u00e9mon\n|rule|Item Clause: Limit 1 of each item\n|clearpoke\n|poke|p1|Gyarados, L50, F|\n|poke|p1|Garchomp, L50, M|\n|poke|p1|Tinkaton, L50, F|\n|poke|p1|Sneasler, L50, M|\n|poke|p1|Sinistcha, L50|\n|poke|p1|Pelipper, L50, F|\n|poke|p2|Vivillon, L50, F|\n|poke|p2|Volcarona, L50, M|\n|poke|p2|Heracross, L50, M|\n|poke|p2|Scizor, L50, M|\n|poke|p2|Araquanid, L50, M|\n|poke|p2|Ariados, L50, M|\n|teampreview|4\n|\n|t:|1776094713\n|teamsize|p1|4\n|teamsize|p2|4\n|start\n|switch|p1a: Gyarados|Gyarados, L50, F|100/100\n|switch|p1b: Garchomp|Garchomp, L50, M|100/100\n|switch|p2a: Vivillon|Vivillon, L50, F|100/100\n|switch|p2b: Heracross|Heracross, L50, M|100/100\n|-ability|p1a: Gyarados|Intimidate|boost\n|-unboost|p2a: Vivillon|atk|1\n|-unboost|p2b: Heracross|atk|1\n|turn|1\n|\n|t:|1776094726\n|switch|p1a: Tinkaton|Tinkaton, L50, F|100/100\n|-ability|p1a: Tinkaton|Mold Breaker\n|detailschange|p2b: Heracross|Heracross-Mega, L50, M\n|-mega|p2b: Heracross|Heracross|Heracronite\n|move|p2a: Vivillon|Sleep Powder|p1b: Garchomp\n|-status|p1b: Garchomp|slp|[from] move: Sleep Powder\n|cant|p1b: Garchomp|slp\n|move|p2b: Heracross|Rock Blast|p1a: Tinkaton|[miss]\n|-miss|p2b: Heracross|p1a: Tinkaton\n|\n|upkeep\n|turn|2\n|\n|t:|1776094747\n|switch|p1b: Gyarados|Gyarados, L50, F|100/100\n|-ability|p1b: Gyarados|Intimidate|boost\n|-unboost|p2a: Vivillon|atk|1\n|-unboost|p2b: Heracross|atk|1\n|move|p1a: Tinkaton|Fake Out|p2a: Vivillon\n|-damage|p2a: Vivillon|83/100\n|cant|p2a: Vivillon|flinch\n|move|p2b: Heracross|Earthquake|p1a: Tinkaton|[spread] p1a\n|-immune|p2a: Vivillon\n|-immune|p1b: Gyarados\n|-supereffective|p1a: Tinkaton|1\n|-damage|p1a: Tinkaton|62/100\n|\n|upkeep\n|turn|3\n|\n|t:|1776094768\n|switch|p1b: Garchomp|Garchomp, L50, M|100/100 slp\n|move|p2a: Vivillon|Sleep Powder|p1b: Garchomp\n|-fail|p1b: Garchomp|slp\n|move|p2b: Heracross|Rock Blast|p1b: Garchomp\n|-resisted|p1b: Garchomp|1\n|-damage|p1b: Garchomp|97/100 slp\n|-resisted|p1b: Garchomp|1\n|-damage|p1b: Garchomp|95/100 slp\n|-resisted|p1b: Garchomp|1\n|-crit|p1b: Garchomp\n|-damage|p1b: Garchomp|85/100 slp\n|-resisted|p1b: Garchomp|1\n|-damage|p1b: Garchomp|83/100 slp\n|-resisted|p1b: Garchomp|1\n|-damage|p1b: Garchomp|80/100 slp\n|-hitcount|p1b: Garchomp|5\n|move|p1a: Tinkaton|Gigaton Hammer|p2a: Vivillon\n|-damage|p2a: Vivillon|0 fnt\n|faint|p2a: Vivillon\n|\n|upkeep\n|\n|t:|1776094771\n|switch|p2a: Araquanid|Araquanid, L50, M|100/100\n|turn|4\n|inactive|Battle timer is ON: inactive players will automatically lose when time's up. (requested by LycheeEXE)\n|\n|t:|1776094792\n|switch|p2b: Volcarona|Volcarona, L50, M|100/100\n|switch|p1a: Gyarados|Gyarados, L50, F|100/100\n|-ability|p1a: Gyarados|Intimidate|boost\n|-unboost|p2a: Araquanid|atk|1\n|-unboost|p2b: Volcarona|atk|1\n|cant|p1b: Garchomp|slp\n|move|p2a: Araquanid|Hydro Pump|p1b: Garchomp\n|-crit|p1b: Garchomp\n|-damage|p1b: Garchomp|0 fnt\n|faint|p1b: Garchomp\n|\n|upkeep\n|\n|t:|1776094805\n|switch|p1b: Pelipper|Pelipper, L50, F|100/100\n|-weather|RainDance|[from] ability: Drizzle|[of] p1b: Pelipper\n|turn|5\n|\n|t:|1776094821\n|move|p2b: Volcarona|Protect|p2b: Volcarona\n|-singleturn|p2b: Volcarona|Protect\n|move|p1a: Gyarados|Waterfall|p2b: Volcarona\n|-activate|p2b: Volcarona|move: Protect\n|move|p1b: Pelipper|Tailwind|p1b: Pelipper\n|-sidestart|p1: LGPESWEEPER|move: Tailwind\n|move|p2a: Araquanid|Ice Beam|p1a: Gyarados\n|-crit|p1a: Gyarados\n|-damage|p1a: Gyarados|65/100\n|\n|-weather|RainDance|[upkeep]\n|upkeep\n|turn|6\n|\n|t:|1776094838\n|switch|p2b: Heracross|Heracross-Mega, L50, M|100/100\n|move|p1a: Gyarados|Waterfall|p2b: Heracross\n|-damage|p2b: Heracross|43/100\n|move|p1b: Pelipper|Hurricane|p2a: Araquanid\n|-supereffective|p2a: Araquanid|1\n|-damage|p2a: Araquanid|9/100\n|move|p2a: Araquanid|Ice Beam|p1a: Gyarados\n|-crit|p1a: Gyarados\n|-damage|p1a: Gyarados|28/100\n|\n|-weather|RainDance|[upkeep]\n|upkeep\n|turn|7\n|\n|t:|1776094861\n|move|p1a: Gyarados|Waterfall|p2b: Heracross\n|-damage|p2b: Heracross|0 fnt\n|faint|p2b: Heracross\n|move|p1b: Pelipper|Hurricane|p2a: Araquanid\n|-supereffective|p2a: Araquanid|1\n|-damage|p2a: Araquanid|0 fnt\n|faint|p2a: Araquanid\n|\n|-weather|RainDance|[upkeep]\n|upkeep\n|\n|t:|1776094866\n|switch|p2b: Volcarona|Volcarona, L50, M|100/100\n|turn|8\n|\n|t:|1776094876\n|move|p2b: Volcarona|Protect|p2b: Volcarona\n|-singleturn|p2b: Volcarona|Protect\n|move|p1a: Gyarados|Dragon Dance|p1a: Gyarados\n|-boost|p1a: Gyarados|atk|1\n|-boost|p1a: Gyarados|spe|1\n|move|p1b: Pelipper|Weather Ball|p2b: Volcarona\n|-activate|p2b: Volcarona|move: Protect\n|\n|-weather|RainDance|[upkeep]\n|-sideend|p1: LGPESWEEPER|move: Tailwind\n|upkeep\n|turn|9\n|\n|t:|1776094888\n|move|p1a: Gyarados|Waterfall|p2b: Volcarona\n|-supereffective|p2b: Volcarona|1\n|-damage|p2b: Volcarona|0 fnt\n|faint|p2b: Volcarona\n|\n|win|LGPESWEEPER\n|raw|LGPESWEEPER's rating: 1087 &rarr; <strong>1107</strong><br />(+20 for winning)\n|raw|LycheeEXE's rating: 1000 &rarr; <strong>1000</strong><br />(+0 for losing)\n|l|\u2606LycheeEXE\n|player|p2|\n",
  "uploadtime": 1776094894,
  "views": 11,
  "formatid": "gen9championsvgc2026regma",
  "rating": 1000,
  "private": 0,
  "password": null
}