{
  "id": "gen9championsvgc2026regma-2585894396",
  "format": "[Gen 9 Champions] VGC 2026 Reg M-A",
  "players": [
    "sleepoligy",
    "Lmar13"
  ],
  "log": "|j|\u2606sleepoligy\n|j|\u2606Lmar13\n|t:|1776379176\n|gametype|doubles\n|player|p1|sleepoligy|102|1103\n|player|p2|Lmar13|266|1139\n|gen|9\n|tier|[Gen 9 Champions] VGC 2026 Reg M-A\n|rated|\n|rule|Species Clause: Limit one of each Pok\u00e9mon\n|rule|Item Clause: Limit 1 of each item\n|clearpoke\n|poke|p1|Meowscarada, L50, M|\n|poke|p1|Sylveon, L50, M|\n|poke|p1|Basculegion, L50, M|\n|poke|p1|Sneasler, L50, M|\n|poke|p1|Floette-Eternal, L50, F|\n|poke|p1|Maushold-Four, L50|\n|poke|p2|Froslass, L50, F|\n|poke|p2|Milotic, L50, F|\n|poke|p2|Incineroar, L50, F|\n|poke|p2|Sinistcha, L50|\n|poke|p2|Garchomp, L50, F|\n|poke|p2|Kingambit, L50, M|\n|teampreview|4\n|l|\u2606sleepoligy\n|player|p1|\n|j|\u2606sleepoligy\n|player|p1|sleepoligy|102|\n|inactive|Battle timer is ON: inactive players will automatically lose when time's up. (requested by sleepoligy)\n|inactive|Lmar13 also wants the timer to be on.\n|inactive|sleepoligy has 60 seconds left.\n|inactive|sleepoligy has 30 seconds left.\n|inactive|sleepoligy has 20 seconds left.\n|c|\u2606Lmar13|COME ON\n|inactive|sleepoligy has 15 seconds left.\n|inactive|sleepoligy has 10 seconds left.\n|inactive|sleepoligy has 5 seconds left.\n|\n|t:|1776379286\n|teamsize|p1|4\n|teamsize|p2|4\n|start\n|switch|p1a: Sneasler|Sneasler, L50, M|100/100\n|switch|p1b: Floette|Floette-Eternal, L50, F|100/100\n|switch|p2a: Incineroar|Incineroar, L50, F, shiny|100/100\n|switch|p2b: Kingambit|Kingambit, L50, M, shiny|100/100\n|-ability|p2a: Incineroar|Intimidate|boost\n|-unboost|p1a: Sneasler|atk|1\n|-unboost|p1b: Floette|atk|1\n|-enditem|p1a: Sneasler|White Herb\n|-clearnegativeboost|p1a: Sneasler|[silent]\n|turn|1\n|inactive|sleepoligy has 30 seconds left.\n|inactive|sleepoligy has 20 seconds left.\n|inactive|sleepoligy has 15 seconds left.\n|inactive|sleepoligy has 10 seconds left.\n|\n|t:|1776379333\n|switch|p2a: Froslass|Froslass, L50, F, shiny|100/100\n|detailschange|p1b: Floette|Floette-Mega, L50, F\n|-mega|p1b: Floette|Floette|Floettite\n|-ability|p1b: Floette|Fairy Aura\n|move|p2b: Kingambit|Protect|p2b: Kingambit\n|-singleturn|p2b: Kingambit|Protect\n|move|p1a: Sneasler|Fake Out|p2b: Kingambit\n|-activate|p2b: Kingambit|move: Protect\n|move|p1b: Floette|Calm Mind|p1b: Floette\n|-boost|p1b: Floette|spa|1\n|-boost|p1b: Floette|spd|1\n|\n|upkeep\n|turn|2\n|\n|t:|1776379353\n|detailschange|p2a: Froslass|Froslass-Mega, L50, F, shiny\n|-mega|p2a: Froslass|Froslass|Froslassite\n|-weather|Snowscape|[from] ability: Snow Warning|[of] p2a: Froslass\n|move|p1a: Sneasler|Close Combat|p2b: Kingambit\n|-supereffective|p2b: Kingambit|2\n|-damage|p2b: Kingambit|0 fnt\n|-unboost|p1a: Sneasler|def|1\n|-unboost|p1a: Sneasler|spd|1\n|faint|p2b: Kingambit\n|move|p2a: Froslass|Aurora Veil|p2a: Froslass\n|-sidestart|p2: Lmar13|move: Aurora Veil\n|move|p1b: Floette|Dazzling Gleam|p2a: Froslass\n|-damage|p2a: Froslass|33/100\n|\n|-weather|Snowscape|[upkeep]\n|upkeep\n|\n|t:|1776379366\n|switch|p2b: Incineroar|Incineroar, L50, F, shiny|100/100\n|-ability|p2b: Incineroar|Intimidate|boost\n|-unboost|p1a: Sneasler|atk|1\n|-unboost|p1b: Floette|atk|1\n|turn|3\n|\n|t:|1776379384\n|switch|p1a: Basculegion|Basculegion, L50, M|100/100\n|move|p1b: Floette|Protect|p1b: Floette\n|-singleturn|p1b: Floette|Protect\n|move|p2b: Incineroar|Fake Out|p1b: Floette\n|-activate|p1b: Floette|move: Protect\n|move|p2a: Froslass|Blizzard|p1a: Basculegion|[spread] p1a\n|-activate|p1b: Floette|move: Protect\n|-resisted|p1a: Basculegion|1\n|-damage|p1a: Basculegion|75/100\n|\n|-weather|Snowscape|[upkeep]\n|upkeep\n|turn|4\n|\n|t:|1776379401\n|move|p2a: Froslass|Protect|p2a: Froslass\n|-singleturn|p2a: Froslass|Protect\n|move|p1a: Basculegion|Flip Turn|p2b: Incineroar\n|-supereffective|p2b: Incineroar|1\n|-damage|p2b: Incineroar|71/100\n|\n|t:|1776379416\n|switch|p1a: Sylveon|Sylveon, L50, M|100/100|[from] Flip Turn\n|move|p1b: Floette|Dazzling Gleam|p2a: Froslass|[spread] p2b\n|-activate|p2a: Froslass|move: Protect\n|-damage|p2b: Incineroar|35/100\n|move|p2b: Incineroar|Parting Shot|p1b: Floette\n|-unboost|p1b: Floette|atk|1\n|-unboost|p1b: Floette|spa|1\n|\n|t:|1776379425\n|switch|p2b: Garchomp|Garchomp, L50, F|100/100|[from] Parting Shot\n|\n|-weather|Snowscape|[upkeep]\n|upkeep\n|turn|5\n|\n|t:|1776379434\n|switch|p2b: Incineroar|Incineroar, L50, F, shiny|35/100\n|-ability|p2b: Incineroar|Intimidate|boost\n|-unboost|p1a: Sylveon|atk|1\n|-unboost|p1b: Floette|atk|1\n|move|p2a: Froslass|Blizzard|p1a: Sylveon|[spread] p1a,p1b\n|-damage|p1a: Sylveon|66/100\n|-damage|p1b: Floette|75/100\n|move|p1b: Floette|Dazzling Gleam|p2b: Incineroar|[spread] p2a,p2b\n|-damage|p2a: Froslass|0 fnt\n|-damage|p2b: Incineroar|10/100\n|faint|p2a: Froslass\n|move|p1a: Sylveon|Hyper Voice|p2b: Incineroar\n|-damage|p2b: Incineroar|0 fnt\n|faint|p2b: Incineroar\n|\n|-weather|Snowscape|[upkeep]\n|upkeep\n|\n|t:|1776379445\n|switch|p2b: Garchomp|Garchomp, L50, F|100/100\n|turn|6\n|-message|Lmar13 forfeited.\n|\n|win|sleepoligy\n|raw|sleepoligy's rating: 1103 &rarr; <strong>1131</strong><br />(+28 for winning)\n|raw|Lmar13's rating: 1139 &rarr; <strong>1111</strong><br />(-28 for losing)\n|l|\u2606Lmar13\n|player|p2|\n",
  "uploadtime": 1776379457,
  "views": 29,
  "formatid": "gen9championsvgc2026regma",
  "rating": 1111,
  "private": 0,
  "password": null
}