{
  "id": "gen9championsvgc2026regma-2584779892",
  "format": "[Gen 9 Champions] VGC 2026 Reg M-A",
  "players": [
    "lilgoldship",
    "hvhjhv"
  ],
  "log": "|j|\u2606lilgoldship\n|j|\u2606hvhjhv\n|t:|1776283106\n|gametype|doubles\n|player|p1|lilgoldship|winona-gen6|1115\n|player|p2|hvhjhv|2|1144\n|gen|9\n|tier|[Gen 9 Champions] VGC 2026 Reg M-A\n|rated|\n|rule|Species Clause: Limit one of each Pok\u00e9mon\n|rule|Item Clause: Limit 1 of each item\n|clearpoke\n|poke|p1|Reuniclus, L50, M|\n|poke|p1|Aegislash, L50, M|\n|poke|p1|Incineroar, L50, F|\n|poke|p1|Gallade, L50, M|\n|poke|p1|Ampharos, L50, F|\n|poke|p1|Farigiraf, L50, M|\n|poke|p2|Bellibolt, L50, F|\n|poke|p2|Froslass, L50, F|\n|poke|p2|Kingambit, L50, F|\n|poke|p2|Ninetales-Alola, L50, M|\n|poke|p2|Arcanine-Hisui, L50, M|\n|poke|p2|Kommo-o, L50, F|\n|teampreview|4\nlilgoldship rejected open team sheets.\n|inactive|Battle timer is ON: inactive players will automatically lose when time's up. (requested by lilgoldship)\n|\n|t:|1776283148\n|teamsize|p1|4\n|teamsize|p2|4\n|start\n|switch|p1a: fly sperma|Reuniclus, L50, M, shiny|100/100\n|switch|p1b: espada|Aegislash, L50, M|100/100\n|switch|p2a: Kingambit|Kingambit, L50, F|100/100\n|switch|p2b: Kommo-o|Kommo-o, L50, F|100/100\n|turn|1\n|\n|t:|1776283163\n|move|p1b: espada|King's Shield|p1b: espada\n|-singleturn|p1b: espada|Protect\n|move|p2b: Kommo-o|Clangorous Soul|p2b: Kommo-o\n|-boost|p2b: Kommo-o|atk|1\n|-boost|p2b: Kommo-o|def|1\n|-boost|p2b: Kommo-o|spa|1\n|-boost|p2b: Kommo-o|spd|1\n|-boost|p2b: Kommo-o|spe|1\n|-damage|p2b: Kommo-o|68/100\n|move|p2a: Kingambit|Swords Dance|p2a: Kingambit\n|-boost|p2a: Kingambit|atk|2\n|move|p1a: fly sperma|Trick Room|p1a: fly sperma\n|-fieldstart|move: Trick Room|[of] p1a: fly sperma\n|\n|-heal|p2b: Kommo-o|74/100|[from] item: Leftovers\n|upkeep\n|turn|2\n|inactive|lilgoldship has 30 seconds left.\n|\n|t:|1776283190\n|move|p1b: espada|King's Shield||[still]\n|-fail|p1b: espada\n|move|p2a: Kingambit|Sucker Punch||[still]\n|-fail|p2a: Kingambit\n|move|p1a: fly sperma|Focus Blast|p2a: Kingambit\n|-supereffective|p2a: Kingambit|2\n|-enditem|p2a: Kingambit|Chople Berry|[eat]\n|-enditem|p2a: Kingambit|Chople Berry|[weaken]\n|-damage|p2a: Kingambit|6/100\n|move|p2b: Kommo-o|Drain Punch|p1a: fly sperma\n|-resisted|p1a: fly sperma|1\n|-damage|p1a: fly sperma|76/100\n|-heal|p2b: Kommo-o|90/100|[from] drain|[of] p1a: fly sperma\n|\n|-heal|p1a: fly sperma|82/100|[from] item: Leftovers\n|-heal|p2b: Kommo-o|96/100|[from] item: Leftovers\n|upkeep\n|turn|3\n|inactive|lilgoldship has 30 seconds left.\n|inactive|hvhjhv has 30 seconds left.\n|\n|t:|1776283221\n|move|p2a: Kingambit|Sucker Punch|p1a: fly sperma\n|-supereffective|p1a: fly sperma|1\n|-damage|p1a: fly sperma|0 fnt\n|faint|p1a: fly sperma\n|-formechange|p1b: espada|Aegislash-Blade|\n|move|p1b: espada|Flash Cannon|p2a: Kingambit\n|-resisted|p2a: Kingambit|1\n|-damage|p2a: Kingambit|0 fnt\n|faint|p2a: Kingambit\n|move|p2b: Kommo-o|Fire Punch|p1b: espada\n|-supereffective|p1b: espada|1\n|-damage|p1b: espada|0 fnt\n|faint|p1b: espada\n|\n|-heal|p2b: Kommo-o|100/100|[from] item: Leftovers\n|upkeep\n|\n|t:|1776283234\n|switch|p1a: nemesis|Gallade, L50, M|100/100\n|switch|p2a: Froslass|Froslass, L50, F|100/100\n|switch|p1b: who is this?|Ampharos, L50, F|100/100\n|turn|4\n|inactive|lilgoldship has 30 seconds left.\n|inactive|hvhjhv has 30 seconds left.\n|inactive|lilgoldship has 20 seconds left.\n|\n|t:|1776283270\n|detailschange|p1b: who is this?|Ampharos-Mega, L50, F\n|-mega|p1b: who is this?|Ampharos|Ampharosite\n|-ability|p1b: who is this?|Mold Breaker\n|detailschange|p2a: Froslass|Froslass-Mega, L50, F\n|-mega|p2a: Froslass|Froslass|Froslassite\n|-weather|Snowscape|[from] ability: Snow Warning|[of] p2a: Froslass\n|move|p2b: Kommo-o|Protect|p2b: Kommo-o\n|-singleturn|p2b: Kommo-o|Protect\n|move|p1b: who is this?|Dazzling Gleam|p2a: Froslass|[spread] p2a\n|-activate|p2b: Kommo-o|move: Protect\n|-crit|p2a: Froslass\n|-damage|p2a: Froslass|53/100\n|move|p1a: nemesis|Psycho Cut|p2a: Froslass\n|-damage|p2a: Froslass|0 fnt\n|faint|p2a: Froslass\n|\n|-weather|Snowscape|[upkeep]\n|upkeep\n|\n|t:|1776283284\n|switch|p2a: Ninetales|Ninetales-Alola, L50, M|100/100\n|turn|5\n|\n|t:|1776283301\n|move|p1b: who is this?|Thunderbolt|p2a: Ninetales\n|-damage|p2a: Ninetales|32/100\n|move|p1a: nemesis|Sacred Sword|p2a: Ninetales\n|-damage|p2a: Ninetales|0 fnt\n|faint|p2a: Ninetales\n|move|p2b: Kommo-o|Drain Punch|p1b: who is this?\n|-damage|p1b: who is this?|53/100\n|\n|-weather|Snowscape|[upkeep]\n|-fieldend|move: Trick Room\n|upkeep\n|turn|6\n|\n|t:|1776283317\n|move|p2b: Kommo-o|Fire Punch|p1a: nemesis\n|-damage|p1a: nemesis|46/100\n|move|p1a: nemesis|Psycho Cut|p2b: Kommo-o\n|-supereffective|p2b: Kommo-o|1\n|-damage|p2b: Kommo-o|24/100\n|move|p1b: who is this?|Dazzling Gleam|p2b: Kommo-o\n|-supereffective|p2b: Kommo-o|2\n|-damage|p2b: Kommo-o|0 fnt\n|faint|p2b: Kommo-o\n|\n|win|lilgoldship\n|raw|lilgoldship's rating: 1115 &rarr; <strong>1142</strong><br />(+27 for winning)\n|raw|hvhjhv's rating: 1144 &rarr; <strong>1117</strong><br />(-27 for losing)\n|l|\u2606hvhjhv\n|player|p2|\n",
  "uploadtime": 1776283326,
  "views": 25,
  "formatid": "gen9championsvgc2026regma",
  "rating": 1117,
  "private": 0,
  "password": null
}