{
  "id": "gen9championsvgc2026regma-2586194865",
  "format": "[Gen 9 Champions] VGC 2026 Reg M-A",
  "players": [
    "Ikklau",
    "yamzinyobooty"
  ],
  "log": "|j|\u2606Ikklau\n|j|\u2606yamzinyobooty\n|t:|1776410957\n|gametype|doubles\n|player|p1|Ikklau|psychic-gen4|1094\n|player|p2|yamzinyobooty|102|1081\n|gen|9\n|tier|[Gen 9 Champions] VGC 2026 Reg M-A\n|rated|\n|rule|Species Clause: Limit one of each Pok\u00e9mon\n|rule|Item Clause: Limit 1 of each item\n|clearpoke\n|poke|p1|Gengar, L50, F|\n|poke|p1|Incineroar, L50, M|\n|poke|p1|Maushold-Four, L50|\n|poke|p1|Politoed, L50, F|\n|poke|p1|Whimsicott, L50, F|\n|poke|p1|Clefable, L50, F|\n|poke|p2|Charizard, L50, M|\n|poke|p2|Venusaur, L50, M|\n|poke|p2|Garchomp, L50, F|\n|poke|p2|Incineroar, L50, F|\n|poke|p2|Gardevoir, L50, M|\n|poke|p2|Milotic, L50, M|\n|teampreview|4\n|inactive|Battle timer is ON: inactive players will automatically lose when time's up. (requested by yamzinyobooty)\n|\n|t:|1776410997\n|teamsize|p1|4\n|teamsize|p2|4\n|start\n|switch|p1a: Gengar|Gengar, L50, F, shiny|100/100\n|switch|p1b: Maushold|Maushold-Four, L50|100/100\n|switch|p2a: Milotic|Milotic, L50, M|100/100\n|switch|p2b: Venusaur|Venusaur, L50, M|100/100\n|turn|1\n|\n|t:|1776411017\n|detailschange|p1a: Gengar|Gengar-Mega, L50, F, shiny\n|-mega|p1a: Gengar|Gengar|Gengarite\n|move|p1b: Maushold|Follow Me|p1b: Maushold\n|-singleturn|p1b: Maushold|move: Follow Me\n|move|p1a: Gengar|Perish Song|p1a: Gengar\n|-start|p1a: Gengar|perish3|[silent]\n|-start|p1b: Maushold|perish3|[silent]\n|-start|p2a: Milotic|perish3|[silent]\n|-start|p2b: Venusaur|perish3|[silent]\n|-fieldactivate|move: Perish Song\n|move|p2b: Venusaur|Sleep Powder|p1b: Maushold|[miss]\n|-miss|p2b: Venusaur|p1b: Maushold\n|move|p2a: Milotic|Scald|p1b: Maushold\n|-damage|p1b: Maushold|62/100\n|-status|p1b: Maushold|brn\n|\n|-damage|p1b: Maushold|56/100 brn|[from] brn\n|-start|p1a: Gengar|perish3\n|-start|p1b: Maushold|perish3\n|-start|p2b: Venusaur|perish3\n|-start|p2a: Milotic|perish3\n|upkeep\n|turn|2\n|\n|t:|1776411034\n|move|p1a: Gengar|Protect|p1a: Gengar\n|-singleturn|p1a: Gengar|Protect\n|move|p1b: Maushold|Protect|p1b: Maushold\n|-singleturn|p1b: Maushold|Protect\n|move|p2b: Venusaur|Sleep Powder|p1a: Gengar\n|-activate|p1a: Gengar|move: Protect\n|move|p2a: Milotic|Scald|p1a: Gengar\n|-activate|p1a: Gengar|move: Protect\n|\n|-damage|p1b: Maushold|49/100 brn|[from] brn\n|-start|p1a: Gengar|perish2\n|-start|p1b: Maushold|perish2\n|-start|p2b: Venusaur|perish2\n|-start|p2a: Milotic|perish2\n|upkeep\n|turn|3\n|\n|t:|1776411054\n|move|p1b: Maushold|Follow Me|p1b: Maushold\n|-singleturn|p1b: Maushold|move: Follow Me\n|move|p1a: Gengar|Disable|p2a: Milotic\n|-start|p2a: Milotic|Disable|Scald\n|move|p2b: Venusaur|Sludge Bomb|p1b: Maushold\n|-damage|p1b: Maushold|0 fnt\n|faint|p1b: Maushold\n|cant|p2a: Milotic|Disable|Scald\n|\n|-start|p1a: Gengar|perish1\n|-start|p2b: Venusaur|perish1\n|-start|p2a: Milotic|perish1\n|upkeep\n|\n|t:|1776411066\n|switch|p1b: Politoed|Politoed, L50, F|100/100\n|-weather|RainDance|[from] ability: Drizzle|[of] p1b: Politoed\n|turn|4\n|\n|t:|1776411079\n|switch|p1a: Incineroar|Incineroar, L50, M|100/100\n|-ability|p1a: Incineroar|Intimidate|boost\n|-unboost|p2a: Milotic|atk|1\n|-ability|p2a: Milotic|Competitive|boost\n|-boost|p2a: Milotic|spa|2\n|-unboost|p2b: Venusaur|atk|1\n|move|p1b: Politoed|Protect|p1b: Politoed\n|-singleturn|p1b: Politoed|Protect\n|move|p2b: Venusaur|Sleep Powder|p1a: Incineroar\n|-status|p1a: Incineroar|slp|[from] move: Sleep Powder\n|move|p2a: Milotic|Ice Beam|p1a: Incineroar\n|-resisted|p1a: Incineroar|1\n|-damage|p1a: Incineroar|81/100 slp\n|\n|-weather|RainDance|[upkeep]\n|-start|p2b: Venusaur|perish0\n|-start|p2a: Milotic|perish0\n|faint|p2b: Venusaur\n|faint|p2a: Milotic\n|upkeep\n|\n|t:|1776411092\n|switch|p2b: Charizard|Charizard, L50, M|100/100\n|switch|p2a: Garchomp|Garchomp, L50, F|100/100\n|turn|5\n|\n|t:|1776411107\n|detailschange|p2b: Charizard|Charizard-Mega-Y, L50, M\n|-mega|p2b: Charizard|Charizard|Charizardite Y\n|-weather|SunnyDay|[from] ability: Drought|[of] p2b: Charizard\n|cant|p1a: Incineroar|slp\n|move|p2a: Garchomp|Earthquake|p1b: Politoed|[spread] p1a,p1b\n|-immune|p2b: Charizard\n|-supereffective|p1a: Incineroar|1\n|-damage|p1a: Incineroar|22/100 slp\n|-damage|p1b: Politoed|62/100\n|-enditem|p1a: Incineroar|Sitrus Berry|[eat]\n|-heal|p1a: Incineroar|47/100 slp|[from] item: Sitrus Berry\n|move|p2b: Charizard|Solar Beam||[still]\n|-prepare|p2b: Charizard|Solar Beam\n|-anim|p2b: Charizard|Solar Beam|p1b: Politoed\n|-supereffective|p1b: Politoed|1\n|-damage|p1b: Politoed|0 fnt\n|faint|p1b: Politoed\n|\n|-weather|SunnyDay|[upkeep]\n|upkeep\n|inactive|Ikklau has 30 seconds left.\n|-message|Ikklau forfeited.\n|\n|win|yamzinyobooty\n|raw|Ikklau's rating: 1094 &rarr; <strong>1069</strong><br />(-25 for losing)\n|raw|yamzinyobooty's rating: 1081 &rarr; <strong>1110</strong><br />(+29 for winning)\n",
  "uploadtime": 1776411136,
  "views": 17,
  "formatid": "gen9championsvgc2026regma",
  "rating": 1069,
  "private": 0,
  "password": null
}