{
  "id": "gen9championsvgc2026regma-2581756924",
  "format": "[Gen 9 Champions] VGC 2026 Reg M-A",
  "players": [
    "nk.luna",
    "vngaaa"
  ],
  "log": "|j|\u2606nk.luna\n|j|\u2606vngaaa\n|t:|1776026023\n|gametype|doubles\n|player|p1|nk.luna|marley|1135\n|player|p2|vngaaa|101|1198\n|gen|9\n|tier|[Gen 9 Champions] VGC 2026 Reg M-A\n|rated|\n|rule|Species Clause: Limit one of each Pok\u00e9mon\n|rule|Item Clause: Limit 1 of each item\n|clearpoke\n|poke|p1|Aggron, L50, M|\n|poke|p1|Froslass, L50, F|\n|poke|p1|Ninetales-Alola, L50, M|\n|poke|p1|Primarina, L50, F|\n|poke|p1|Incineroar, L50, M|\n|poke|p1|Meowscarada, L50, F|\n|poke|p2|Alakazam, L50, F|\n|poke|p2|Basculegion, L50, M|\n|poke|p2|Espathra, L50, M|\n|poke|p2|Tauros-Paldea-Blaze, L50, M|\n|poke|p2|Maushold, L50|\n|poke|p2|Raichu-Alola, L50, M|\n|teampreview|4\n|inactive|Battle timer is ON: inactive players will automatically lose when time's up. (requested by nk.luna)\n|inactive|vngaaa has 60 seconds left.\n|\n|t:|1776026069\n|teamsize|p1|4\n|teamsize|p2|4\n|start\n|switch|p1a: Aggron|Aggron, L50, M|100/100\n|switch|p1b: Primarina|Primarina, L50, F|100/100\n|switch|p2a: Basculegion|Basculegion, L50, M|100/100\n|switch|p2b: Espathra|Espathra, L50, M|100/100\n|turn|1\n|\n|t:|1776026087\n|detailschange|p1a: Aggron|Aggron-Mega, L50, M\n|-mega|p1a: Aggron|Aggron|Aggronite\n|move|p2a: Basculegion|Flip Turn|p1a: Aggron\n|-damage|p1a: Aggron|78/100\n|\n|t:|1776026095\n|switch|p2a: Alakazam|Alakazam, L50, F|100/100|[from] Flip Turn\n|move|p2b: Espathra|Psychic Terrain|p2b: Espathra\n|-fieldstart|move: Psychic Terrain\n|move|p1b: Primarina|Moonblast|p2a: Alakazam\n|-damage|p2a: Alakazam|28/100\n|move|p1a: Aggron|Iron Defense|p1a: Aggron\n|-boost|p1a: Aggron|def|2\n|\n|-ability|p2b: Espathra|Speed Boost|boost\n|-boost|p2b: Espathra|spe|1\n|upkeep\n|turn|2\n|\n|t:|1776026116\n|detailschange|p2a: Alakazam|Alakazam-Mega, L50, F\n|-mega|p2a: Alakazam|Alakazam|Alakazite\n|-ability|p2a: Alakazam|Liquid Voice|Trace|[from] ability: Trace|[of] p1b: Primarina\n|move|p2a: Alakazam|Protect|p2a: Alakazam\n|-singleturn|p2a: Alakazam|Protect\n|move|p1b: Primarina|Protect|p1b: Primarina\n|-singleturn|p1b: Primarina|Protect\n|move|p2b: Espathra|U-turn|p1a: Aggron\n|-resisted|p1a: Aggron|1\n|-damage|p1a: Aggron|77/100\n|\n|t:|1776026126\n|switch|p2b: Maushold|Maushold, L50|100/100|[from] U-turn\n|move|p1a: Aggron|Heavy Slam|p2a: Alakazam\n|-activate|p2a: Alakazam|move: Protect\n|\n|upkeep\n|turn|3\n|\n|t:|1776026147\n|move|p2b: Maushold|Helping Hand|p2a: Alakazam\n|-singleturn|p2a: Alakazam|Helping Hand|[of] p2b: Maushold\n|move|p2a: Alakazam|Expanding Force|p1b: Primarina|[spread] p1a,p1b\n|-resisted|p1a: Aggron|1\n|-damage|p1a: Aggron|21/100\n|-damage|p1b: Primarina|0 fnt\n|faint|p1b: Primarina\n|move|p1a: Aggron|Heavy Slam|p2a: Alakazam\n|-damage|p2a: Alakazam|0 fnt\n|faint|p2a: Alakazam\n|\n|upkeep\n|\n|t:|1776026160\n|switch|p2a: Espathra|Espathra, L50, M|100/100\n|switch|p1b: Meowscarada|Meowscarada, L50, F|100/100\n|turn|4\n|\n|t:|1776026170\n|move|p2b: Maushold|Follow Me|p2b: Maushold\n|-singleturn|p2b: Maushold|move: Follow Me\n|move|p1b: Meowscarada|Knock Off|p2b: Maushold\n|-start|p1b: Meowscarada|typechange|Dark|[from] ability: Protean\n|-crit|p2b: Maushold\n|-damage|p2b: Maushold|6/100\n|-enditem|p2b: Maushold|Focus Sash|[from] move: Knock Off|[of] p1b: Meowscarada\n|move|p2a: Espathra|Lumina Crash|p1a: Aggron\n|-resisted|p1a: Aggron|1\n|-damage|p1a: Aggron|0 fnt\n|faint|p1a: Aggron\n|\n|-ability|p2a: Espathra|Speed Boost|boost\n|-boost|p2a: Espathra|spe|1\n|upkeep\n|\n|t:|1776026182\n|switch|p1a: Incineroar|Incineroar, L50, M|100/100\n|-ability|p1a: Incineroar|Intimidate|boost\n|-unboost|p2a: Espathra|atk|1\n|-unboost|p2b: Maushold|atk|1\n|turn|5\n|\n|t:|1776026200\n|move|p2a: Espathra|U-turn|p1b: Meowscarada\n|-supereffective|p1b: Meowscarada|1\n|-damage|p1b: Meowscarada|81/100\n|\n|t:|1776026203\n|switch|p2a: Basculegion|Basculegion, L50, M|100/100|[from] U-turn\n|move|p1b: Meowscarada|Knock Off|p2a: Basculegion\n|-supereffective|p2a: Basculegion|1\n|-damage|p2a: Basculegion|8/100\n|-enditem|p2a: Basculegion|Choice Scarf|[from] move: Knock Off|[of] p1b: Meowscarada\n|move|p2b: Maushold|Super Fang|p1a: Incineroar\n|-damage|p1a: Incineroar|51/100\n|move|p1a: Incineroar|Darkest Lariat|p2a: Basculegion\n|-supereffective|p2a: Basculegion|1\n|-damage|p2a: Basculegion|0 fnt\n|faint|p2a: Basculegion\n|\n|-fieldend|move: Psychic Terrain\n|upkeep\n|\n|t:|1776026216\n|switch|p2a: Espathra|Espathra, L50, M|100/100\n|turn|6\n|-message|vngaaa forfeited.\n|\n|win|nk.luna\n|raw|nk.luna's rating: 1135 &rarr; <strong>1164</strong><br />(+29 for winning)\n|raw|vngaaa's rating: 1198 &rarr; <strong>1169</strong><br />(-29 for losing)\n|l|\u2606vngaaa\n|player|p2|\n",
  "uploadtime": 1776026226,
  "views": 22,
  "formatid": "gen9championsvgc2026regma",
  "rating": 1164,
  "private": 0,
  "password": null
}