{
  "id": "gen9championsvgc2026regma-2586828376",
  "format": "[Gen 9 Champions] VGC 2026 Reg M-A",
  "players": [
    "Komodo_TheDragon",
    "autiorez"
  ],
  "log": "|j|\u2606Komodo_TheDragon\n|j|\u2606autiorez\n|t:|1776463300\n|gametype|doubles\n|player|p1|Komodo_TheDragon|blaine|1132\n|player|p2|autiorez|youngn|1153\n|gen|9\n|tier|[Gen 9 Champions] VGC 2026 Reg M-A\n|rated|\n|rule|Species Clause: Limit one of each Pok\u00e9mon\n|rule|Item Clause: Limit 1 of each item\n|clearpoke\n|poke|p1|Charizard, L50, M|\n|poke|p1|Heliolisk, L50, M|\n|poke|p1|Decidueye, L50, M|\n|poke|p1|Sneasler, L50, M|\n|poke|p1|Incineroar, L50, F|\n|poke|p1|Aegislash, L50, M|\n|poke|p2|Sneasler, L50, F|\n|poke|p2|Aerodactyl, L50, M|\n|poke|p2|Floette-Eternal, L50, F|\n|poke|p2|Weavile, L50, M|\n|poke|p2|Greninja-*, L50, F|\n|poke|p2|Zoroark-Hisui, L50, M|\n|teampreview|4\n|inactive|Battle timer is ON: inactive players will automatically lose when time's up. (requested by autiorez)\n|inactive|autiorez has 60 seconds left.\n|\n|t:|1776463337\n|teamsize|p1|4\n|teamsize|p2|4\n|start\n|switch|p1a: Incineroar|Incineroar, L50, F|100/100\n|switch|p1b: Aegislash|Aegislash, L50, M|100/100\n|switch|p2a: Weavile|Weavile, L50, M|100/100\n|switch|p2b: Sneasler|Sneasler, L50, F|100/100\n|-ability|p1a: Incineroar|Intimidate|boost\n|-unboost|p2a: Weavile|atk|1\n|-unboost|p2b: Sneasler|atk|1\n|turn|1\n|\n|t:|1776463360\n|move|p1a: Incineroar|Protect|p1a: Incineroar\n|-singleturn|p1a: Incineroar|Protect\n|move|p2b: Sneasler|Shadow Ball|p1b: Aegislash\n|-supereffective|p1b: Aegislash|1\n|-damage|p1b: Aegislash|54/100\n|move|p2a: Weavile|Knock Off|p1b: Aegislash\n|-supereffective|p1b: Aegislash|1\n|-damage|p1b: Aegislash|0 fnt\n|-enditem|p1b: Aegislash|Leftovers|[from] move: Knock Off|[of] p2a: Weavile\n|faint|p1b: Aegislash\n|\n|upkeep\n|\n|t:|1776463373\n|switch|p1b: Charizard|Charizard, L50, M, shiny|100/100\n|turn|2\n|\n|t:|1776463383\n|detailschange|p1b: Charizard|Charizard-Mega-Y, L50, M, shiny\n|-mega|p1b: Charizard|Charizard|Charizardite Y\n|-weather|SunnyDay|[from] ability: Drought|[of] p1b: Charizard\n|move|p2b: Sneasler|Protect|p2b: Sneasler\n|-singleturn|p2b: Sneasler|Protect\n|move|p2a: Weavile|Protect|p2a: Weavile\n|-singleturn|p2a: Weavile|Protect\n|move|p1b: Charizard|Scorching Sands|p2b: Sneasler\n|-activate|p2b: Sneasler|move: Protect\n|move|p1a: Incineroar|Flare Blitz|p2a: Weavile\n|-activate|p2a: Weavile|move: Protect\n|\n|-weather|SunnyDay|[upkeep]\n|upkeep\n|turn|3\n|\n|t:|1776463400\n|move|p2b: Sneasler|Shadow Ball|p1b: Charizard\n|-damage|p1b: Charizard|58/100\n|-unboost|p1b: Charizard|spd|1\n|move|p2a: Weavile|Triple Axel|p1b: Charizard\n|-damage|p1b: Charizard|48/100\n|-damage|p1b: Charizard|31/100\n|-damage|p1b: Charizard|6/100\n|-hitcount|p1b: Charizard|3\n|move|p1b: Charizard|Weather Ball|p2a: Weavile\n|-supereffective|p2a: Weavile|1\n|-enditem|p2a: Weavile|Focus Sash\n|-damage|p2a: Weavile|1/100\n|move|p1a: Incineroar|Parting Shot|p2b: Sneasler\n|-unboost|p2b: Sneasler|atk|1\n|-unboost|p2b: Sneasler|spa|1\n|\n|t:|1776463416\n|switch|p1a: Heliolisk|Heliolisk, L50, M, shiny|100/100|[from] Parting Shot\n|\n|-weather|SunnyDay|[upkeep]\n|-damage|p1a: Heliolisk|88/100|[from] ability: Solar Power|[of] p1a: Heliolisk\n|upkeep\n|turn|4\n|c|\u2606autiorez|why would you not go for the KO\n|c|\u2606Komodo_TheDragon|why do you have shadowball?\n|c|\u2606Komodo_TheDragon|lemme do my own thing\n|\n|t:|1776463439\n|move|p2a: Weavile|Protect|p2a: Weavile\n|-singleturn|p2a: Weavile|Protect\n|move|p1b: Charizard|Protect|p1b: Charizard\n|-singleturn|p1b: Charizard|Protect\n|move|p1a: Heliolisk|Surf|p2a: Weavile|[spread] p2b\n|-activate|p1b: Charizard|move: Protect\n|-activate|p2a: Weavile|move: Protect\n|-damage|p2b: Sneasler|69/100\n|replace|p2b: Zoroark|Zoroark-Hisui, L50, M, shiny\n|-end|p2b: Zoroark|Illusion\n|move|p2b: Zoroark|Hyper Voice|p1a: Heliolisk|[spread] p1a\n|-activate|p1b: Charizard|move: Protect\n|-damage|p1a: Heliolisk|55/100\n|\n|-weather|SunnyDay|[upkeep]\n|-damage|p1a: Heliolisk|42/100|[from] ability: Solar Power|[of] p1a: Heliolisk\n|upkeep\n|turn|5\n|c|\u2606autiorez|its a special set\n|c|\u2606autiorez|it works doesnt it\n|c|\u2606autiorez|whiffed it\n|inactive|Komodo_TheDragon has 30 seconds left.\n|\n|t:|1776463465\n|move|p1b: Charizard|Protect|p1b: Charizard\n|-singleturn|p1b: Charizard|Protect\n|move|p1a: Heliolisk|Surf|p2b: Zoroark|[spread] p2a,p2b\n|-activate|p1b: Charizard|move: Protect\n|-damage|p2a: Weavile|0 fnt\n|-damage|p2b: Zoroark|39/100\n|faint|p2a: Weavile\n|move|p2b: Zoroark|Hyper Voice|p1a: Heliolisk|[spread] p1a\n|-activate|p1b: Charizard|move: Protect\n|-damage|p1a: Heliolisk|13/100\n|\n|-weather|SunnyDay|[upkeep]\n|-damage|p1a: Heliolisk|0 fnt|[from] ability: Solar Power|[of] p1a: Heliolisk\n|faint|p1a: Heliolisk\n|upkeep\n|\n|t:|1776463478\n|switch|p2a: Sneasler|Sneasler, L50, F|100/100\n|switch|p1a: Incineroar|Incineroar, L50, F|100/100\n|-ability|p1a: Incineroar|Intimidate|boost\n|-unboost|p2a: Sneasler|atk|1\n|-unboost|p2b: Zoroark|atk|1\n|-enditem|p2a: Sneasler|White Herb\n|-clearnegativeboost|p2a: Sneasler|[silent]\n|turn|6\n|c|\u2606autiorez|why in hell are you running surf in sun\n|c|\u2606Komodo_TheDragon|cause im a dawg?\n|\n|t:|1776463496\n|move|p2a: Sneasler|Upper Hand|p1a: Incineroar\n|-supereffective|p1a: Incineroar|1\n|-damage|p1a: Incineroar|43/100\n|cant|p1a: Incineroar|flinch\n|move|p2b: Zoroark|Hyper Voice|p1b: Charizard|[spread] p1a,p1b\n|-damage|p1a: Incineroar|27/100\n|-damage|p1b: Charizard|0 fnt\n|faint|p1b: Charizard\n|\n|-weather|none\n|upkeep\n|turn|7\n|c|\u2606autiorez|right\n|c|\u2606Komodo_TheDragon|js say you not bout it?\n|c|\u2606autiorez|gg\n|\n|t:|1776463512\n|move|p2a: Sneasler|Dire Claw|p1a: Incineroar\n|-damage|p1a: Incineroar|0 fnt\n|faint|p1a: Incineroar\n|\n|win|autiorez\n|raw|Komodo_TheDragon's rating: 1132 &rarr; <strong>1109</strong><br />(-23 for losing)\n|raw|autiorez's rating: 1153 &rarr; <strong>1176</strong><br />(+23 for winning)\n|l|\u2606Komodo_TheDragon\n|player|p1|\n|c|\u2606autiorez|lost btw\n",
  "uploadtime": 1776463552,
  "views": 23,
  "formatid": "gen9championsvgc2026regma",
  "rating": 1109,
  "private": 0,
  "password": null
}