{
  "id": "gen9championsvgc2026regma-2585754916",
  "format": "[Gen 9 Champions] VGC 2026 Reg M-A",
  "players": [
    "Dragoninite Stone",
    "pits fiend"
  ],
  "log": "|j|\u2606Dragoninite Stone\n|j|\u2606pits fiend\n|t:|1776368325\n|gametype|doubles\n|player|p1|Dragoninite Stone|miku-fairy|\n|player|p2|pits fiend|gwynn|\n|gen|9\n|tier|[Gen 9 Champions] VGC 2026 Reg M-A\n|rated|Tournament battle\n|rule|Species Clause: Limit one of each Pok\u00e9mon\n|rule|Item Clause: Limit 1 of each item\n|raw|<div class=\"infobox\"><details class=\"readmore\" open><summary><strong>1 custom rule:</strong></summary> !open team sheets</details></div>\n|clearpoke\n|poke|p1|Dragonite, L50, F|\n|poke|p1|Sneasler, L50, M|\n|poke|p1|Meowscarada, L50, M|\n|poke|p1|Arcanine, L50, F|\n|poke|p1|Archaludon, L50, F|\n|poke|p1|Pelipper, L50, F|\n|poke|p2|Gardevoir, L50, M|\n|poke|p2|Garchomp, L50, M|\n|poke|p2|Rotom-Wash, L50|\n|poke|p2|Tsareena, L50, F|\n|poke|p2|Incineroar, L50, F|\n|poke|p2|Corviknight, L50, M|\n|teampreview|4\n|c|\u2606pits fiend|glhf\n|c|\u2606Dragoninite Stone|u2\n|c|\u2606Dragoninite Stone|banger name\n|\n|t:|1776368353\n|teamsize|p1|4\n|teamsize|p2|4\n|start\n|switch|p1a: Sneasler|Sneasler, L50, M|100/100\n|switch|p1b: Meowscarada|Meowscarada, L50, M|100/100\n|switch|p2a: Rotom|Rotom-Wash, L50|100/100\n|switch|p2b: Gardevoir|Gardevoir, L50, M, shiny|100/100\n|-ability|p2b: Gardevoir|Protean|Trace|[from] ability: Trace|[of] p1b: Meowscarada\n|turn|1\n|c|\u2606pits fiend|thank you, thats what I stand for\n|j| mind goblin games\n|\n|t:|1776368411\n|detailschange|p2b: Gardevoir|Gardevoir-Mega, L50, M, shiny\n|-mega|p2b: Gardevoir|Gardevoir|Gardevoirite\n|move|p2b: Gardevoir|Protect|p2b: Gardevoir\n|-singleturn|p2b: Gardevoir|Protect\n|move|p1a: Sneasler|Fake Out|p2b: Gardevoir\n|-activate|p2b: Gardevoir|move: Protect\n|move|p1b: Meowscarada|Flower Trick|p2a: Rotom\n|-start|p1b: Meowscarada|typechange|Grass|[from] ability: Protean\n|-supereffective|p2a: Rotom|1\n|-crit|p2a: Rotom\n|-damage|p2a: Rotom|0 fnt\n|faint|p2a: Rotom\n|\n|upkeep\n|\n|t:|1776368428\n|switch|p2a: Tsareena|Tsareena, L50, F|100/100\n|turn|2\n|\n|t:|1776368439\n|switch|p2b: Garchomp|Garchomp, L50, M|100/100\n|move|p1b: Meowscarada|Flower Trick|p2b: Garchomp\n|-crit|p2b: Garchomp\n|-damage|p2b: Garchomp|50/100\n|move|p1a: Sneasler|Dire Claw|p2b: Garchomp\n|-resisted|p2b: Garchomp|1\n|-damage|p2b: Garchomp|29/100\n|-damage|p1a: Sneasler|88/100|[from] ability: Rough Skin|[of] p2b: Garchomp\n|move|p2a: Tsareena|Knock Off|p1a: Sneasler\n|-resisted|p1a: Sneasler|1\n|-damage|p1a: Sneasler|60/100\n|-enditem|p1a: Sneasler|White Herb|[from] move: Knock Off|[of] p2a: Tsareena\n|\n|upkeep\n|turn|3\n|\n|t:|1776368465\n|switch|p1b: Pelipper|Pelipper, L50, F|100/100\n|-weather|RainDance|[from] ability: Drizzle|[of] p1b: Pelipper\n|move|p2b: Garchomp|Protect|p2b: Garchomp\n|-singleturn|p2b: Garchomp|Protect\n|move|p1a: Sneasler|Dire Claw|p2a: Tsareena\n|-supereffective|p2a: Tsareena|1\n|-damage|p2a: Tsareena|16/100\n|-status|p2a: Tsareena|psn\n|move|p2a: Tsareena|Knock Off|p1b: Pelipper\n|-damage|p1b: Pelipper|61/100\n|-enditem|p1b: Pelipper|Focus Sash|[from] move: Knock Off|[of] p2a: Tsareena\n|\n|-weather|RainDance|[upkeep]\n|-damage|p2a: Tsareena|3/100 psn|[from] psn\n|upkeep\n|turn|4\n|j| grime wizard\n|\n|t:|1776368485\n|move|p1a: Sneasler|Dire Claw|p2b: Garchomp\n|-resisted|p2b: Garchomp|1\n|-damage|p2b: Garchomp|9/100\n|-damage|p1a: Sneasler|48/100|[from] ability: Rough Skin|[of] p2b: Garchomp\n|move|p2b: Garchomp|Rock Slide|p1b: Pelipper|[spread] p1a,p1b\n|-resisted|p1a: Sneasler|1\n|-supereffective|p1b: Pelipper|1\n|-crit|p1b: Pelipper\n|-damage|p1a: Sneasler|32/100\n|-damage|p1b: Pelipper|0 fnt\n|faint|p1b: Pelipper\n|move|p2a: Tsareena|Trop Kick|p1a: Sneasler\n|-resisted|p1a: Sneasler|1\n|-damage|p1a: Sneasler|0 fnt\n|faint|p1a: Sneasler\n|\n|-weather|RainDance|[upkeep]\n|-damage|p2a: Tsareena|0 fnt|[from] psn\n|faint|p2a: Tsareena\n|upkeep\n|\n|t:|1776368499\n|switch|p1a: Meowscarada|Meowscarada, L50, M|100/100\n|switch|p1b: Dragonite|Dragonite, L50, F|100/100\n|switch|p2a: Gardevoir|Gardevoir-Mega, L50, M, shiny|100/100\n|turn|5\n|\n|t:|1776368522\n|detailschange|p1b: Dragonite|Dragonite-Mega, L50, F\n|-mega|p1b: Dragonite|Dragonite|Dragoninite\n|move|p1a: Meowscarada|Triple Axel|p2b: Garchomp\n|-start|p1a: Meowscarada|typechange|Ice|[from] ability: Protean\n|-supereffective|p2b: Garchomp|2\n|-crit|p2b: Garchomp\n|-damage|p2b: Garchomp|0 fnt\n|-damage|p1a: Meowscarada|89/100|[from] ability: Rough Skin|[of] p2b: Garchomp\n|faint|p2b: Garchomp\n|-hitcount|p2: Garchomp|1\n|move|p1b: Dragonite|Hurricane|p2a: Gardevoir\n|-damage|p2a: Gardevoir|39/100\n|move|p2a: Gardevoir|Hyper Voice|p1a: Meowscarada|[spread] p1a,p1b\n|-supereffective|p1b: Dragonite|1\n|-damage|p1a: Meowscarada|3/100\n|-damage|p1b: Dragonite|53/100\n|\n|-weather|RainDance|[upkeep]\n|upkeep\n|turn|6\n|c|\u2606Dragoninite Stone|gg\n|\n|t:|1776368533\n|move|p1a: Meowscarada|Triple Axel|p2a: Gardevoir\n|-damage|p2a: Gardevoir|23/100\n|-damage|p2a: Gardevoir|0 fnt\n|faint|p2a: Gardevoir\n|-hitcount|p2: Gardevoir|2\n|\n|win|Dragoninite Stone\n|n|\u2606Dragoninite Stone|dragoninitestone\n|n|\u2606pits fiend|pitsfiend\n|n| mind goblin games|mindgoblingames\n|n| grime wizard|grimewizard\n",
  "uploadtime": 1776368534,
  "views": 14,
  "formatid": "gen9championsvgc2026regma",
  "rating": null,
  "private": 0,
  "password": null
}