{
  "id": "gen9championsvgc2026regma-2586416872",
  "format": "[Gen 9 Champions] VGC 2026 Reg M-A",
  "players": [
    "bod4",
    "KaFe-03"
  ],
  "log": "|j|\u2606bod4\n|j|\u2606KaFe-03\n|t:|1776433189\n|gametype|doubles\n|player|p1|bod4|266|1067\n|player|p2|KaFe-03|crispin|1079\n|gen|9\n|tier|[Gen 9 Champions] VGC 2026 Reg M-A\n|rated|\n|rule|Species Clause: Limit one of each Pok\u00e9mon\n|rule|Item Clause: Limit 1 of each item\n|clearpoke\n|poke|p1|Froslass, L50, F|\n|poke|p1|Ninetales-Alola, L50, F|\n|poke|p1|Incineroar, L50, F|\n|poke|p1|Garchomp, L50, M|\n|poke|p1|Basculegion, L50, M|\n|poke|p1|Aerodactyl, L50, F|\n|poke|p2|Archaludon, L50, M|\n|poke|p2|Pelipper, L50, F|\n|poke|p2|Sinistcha-Masterpiece, L50|\n|poke|p2|Sneasler, L50, F|\n|poke|p2|Dragonite, L50, F|\n|poke|p2|Basculegion, L50, M|\n|teampreview|4\n|inactive|Battle timer is ON: inactive players will automatically lose when time's up. (requested by KaFe-03)\n|inactive|KaFe-03 has 60 seconds left.\n|inactive|bod4 has 60 seconds left.\n|\n|t:|1776433236\n|teamsize|p1|4\n|teamsize|p2|4\n|start\n|switch|p1a: Aerodactyl|Aerodactyl, L50, F|100/100\n|switch|p1b: Garchomp|Garchomp, L50, M|100/100\n|switch|p2a: Sneasler|Sneasler, L50, F|100/100\n|switch|p2b: Sinistcha|Sinistcha-Masterpiece, L50|100/100\n|-ability|p1a: Aerodactyl|Unnerve\n|turn|1\n|inactive|bod4 has 30 seconds left.\n|\n|t:|1776433264\n|move|p2a: Sneasler|Fake Out|p1a: Aerodactyl\n|-resisted|p1a: Aerodactyl|1\n|-damage|p1a: Aerodactyl|88/100\n|cant|p1a: Aerodactyl|flinch\n|move|p1b: Garchomp|Earthquake|p2b: Sinistcha|[spread] p2a,p2b\n|-immune|p1a: Aerodactyl\n|-supereffective|p2a: Sneasler|1\n|-resisted|p2b: Sinistcha|1\n|-damage|p2a: Sneasler|0 fnt\n|-damage|p2b: Sinistcha|85/100\n|faint|p2a: Sneasler\n|move|p2b: Sinistcha|Matcha Gotcha|p1b: Garchomp|[spread] p1b\n|-miss|p2b: Sinistcha|p1a: Aerodactyl\n|-crit|p1b: Garchomp\n|-damage|p1b: Garchomp|56/100\n|-heal|p2b: Sinistcha|100/100|[from] drain|[of] p1b: Garchomp\n|-status|p1b: Garchomp|brn\n|\n|-damage|p1b: Garchomp|50/100 brn|[from] brn\n|upkeep\n|\n|t:|1776433285\n|switch|p2a: Pelipper|Pelipper, L50, F|100/100\n|-weather|RainDance|[from] ability: Drizzle|[of] p2a: Pelipper\n|turn|2\n|inactive|KaFe-03 has 30 seconds left.\n|\n|t:|1776433320\n|move|p2b: Sinistcha|Rage Powder|p2b: Sinistcha\n|-singleturn|p2b: Sinistcha|move: Rage Powder\n|move|p1a: Aerodactyl|Dual Wingbeat|p2b: Sinistcha\n|-supereffective|p2b: Sinistcha|1\n|-damage|p2b: Sinistcha|72/100\n|-supereffective|p2b: Sinistcha|1\n|-damage|p2b: Sinistcha|44/100\n|-hitcount|p2b: Sinistcha|2\n|move|p1b: Garchomp|Swords Dance|p1b: Garchomp\n|-boost|p1b: Garchomp|atk|2\n|move|p2a: Pelipper|Weather Ball|p1a: Aerodactyl\n|-supereffective|p1a: Aerodactyl|1\n|-damage|p1a: Aerodactyl|0 fnt\n|-enditem|p2b: Sinistcha|Sitrus Berry|[eat]\n|-heal|p2b: Sinistcha|69/100|[from] item: Sitrus Berry\n|faint|p1a: Aerodactyl\n|\n|-weather|RainDance|[upkeep]\n|-damage|p1b: Garchomp|44/100 brn|[from] brn\n|upkeep\n|\n|t:|1776433339\n|switch|p1a: Froslass|Froslass, L50, F|100/100\n|turn|3\n|inactive|KaFe-03 has 30 seconds left.\n|\n|t:|1776433369\n|detailschange|p1a: Froslass|Froslass-Mega, L50, F\n|-mega|p1a: Froslass|Froslass|Froslassite\n|-weather|Snowscape|[from] ability: Snow Warning|[of] p1a: Froslass\n|move|p2b: Sinistcha|Rage Powder|p2b: Sinistcha\n|-singleturn|p2b: Sinistcha|move: Rage Powder\n|move|p1a: Froslass|Blizzard|p2a: Pelipper|[spread] p2a,p2b\n|-supereffective|p2b: Sinistcha|1\n|-damage|p2a: Pelipper|22/100\n|-damage|p2b: Sinistcha|0 fnt\n|faint|p2b: Sinistcha\n|move|p1b: Garchomp|Dragon Claw|p2a: Pelipper\n|-crit|p2a: Pelipper\n|-damage|p2a: Pelipper|0 fnt\n|faint|p2a: Pelipper\n|\n|-weather|Snowscape|[upkeep]\n|-damage|p1b: Garchomp|38/100 brn|[from] brn\n|upkeep\n|\n|t:|1776433392\n|switch|p2b: Archaludon|Archaludon, L50, M|100/100\n|turn|4\n|\n|t:|1776433414\n|move|p2b: Archaludon|Protect|p2b: Archaludon\n|-singleturn|p2b: Archaludon|Protect\n|move|p1a: Froslass|Blizzard|p2b: Archaludon\n|-activate|p2b: Archaludon|move: Protect\n|move|p1b: Garchomp|Dragon Claw|p2b: Archaludon\n|-activate|p2b: Archaludon|move: Protect\n|\n|-weather|Snowscape|[upkeep]\n|-damage|p1b: Garchomp|32/100 brn|[from] brn\n|upkeep\n|turn|5\n|inactive|KaFe-03 has 30 seconds left.\n|\n|t:|1776433442\n|move|p1a: Froslass|Blizzard|p2b: Archaludon\n|-damage|p2b: Archaludon|16/100\n|move|p1b: Garchomp|Dragon Claw|p2b: Archaludon\n|-damage|p2b: Archaludon|0 fnt\n|faint|p2b: Archaludon\n|\n|win|bod4\n|raw|bod4's rating: 1067 &rarr; <strong>1098</strong><br />(+31 for winning)\n|raw|KaFe-03's rating: 1079 &rarr; <strong>1056</strong><br />(-23 for losing)\n",
  "uploadtime": 1776433446,
  "views": 25,
  "formatid": "gen9championsvgc2026regma",
  "rating": 1056,
  "private": 0,
  "password": null
}