{
  "id": "gen9championsvgc2026regma-2581659016",
  "format": "[Gen 9 Champions] VGC 2026 Reg M-A",
  "players": [
    "KrosFace",
    "Boby Marley"
  ],
  "log": "|j|\u2606KrosFace\n|j|\u2606Boby Marley\n|t:|1776018620\n|gametype|doubles\n|player|p1|KrosFace|1|1230\n|player|p2|Boby Marley|101|1291\n|gen|9\n|tier|[Gen 9 Champions] VGC 2026 Reg M-A\n|rated|\n|rule|Species Clause: Limit one of each Pok\u00e9mon\n|rule|Item Clause: Limit 1 of each item\n|clearpoke\n|poke|p1|Froslass, L50, F|\n|poke|p1|Glaceon, L50, M|\n|poke|p1|Incineroar, L50, F|\n|poke|p1|Tauros-Paldea-Aqua, L50, M|\n|poke|p1|Talonflame, L50, F|\n|poke|p1|Tyranitar, L50, F|\n|poke|p2|Farigiraf, L50, M|\n|poke|p2|Archaludon, L50, M|\n|poke|p2|Crabominable, L50, M|\n|poke|p2|Incineroar, L50, F|\n|poke|p2|Pelipper, L50, M|\n|poke|p2|Basculegion, L50, M|\n|teampreview|4\n|\n|t:|1776018686\n|teamsize|p1|4\n|teamsize|p2|4\n|start\n|switch|p1a: Froslass|Froslass, L50, F|100/100\n|switch|p1b: Glaceon|Glaceon, L50, M|100/100\n|switch|p2a: Farigiraf|Farigiraf, L50, M|100/100\n|switch|p2b: Incineroar|Incineroar, L50, F|100/100\n|-ability|p2b: Incineroar|Intimidate|boost\n|-unboost|p1a: Froslass|atk|1\n|-unboost|p1b: Glaceon|atk|1\n|turn|1\n|\n|t:|1776018708\n|detailschange|p1a: Froslass|Froslass-Mega, L50, F\n|-mega|p1a: Froslass|Froslass|Froslassite\n|-weather|Snowscape|[from] ability: Snow Warning|[of] p1a: Froslass\n|move|p1a: Froslass|Blizzard|p2a: Farigiraf|[spread] p2a,p2b\n|-resisted|p2b: Incineroar|1\n|-damage|p2a: Farigiraf|60/100\n|-damage|p2b: Incineroar|84/100\n|move|p1b: Glaceon|Blizzard|p2b: Incineroar|[spread] p2a,p2b\n|-resisted|p2b: Incineroar|1\n|-damage|p2a: Farigiraf|22/100\n|-damage|p2b: Incineroar|65/100\n|-enditem|p2a: Farigiraf|Sitrus Berry|[eat]\n|-heal|p2a: Farigiraf|47/100|[from] item: Sitrus Berry\n|move|p2b: Incineroar|Snarl|p1a: Froslass|[spread] p1a\n|-miss|p2b: Incineroar|p1b: Glaceon\n|-supereffective|p1a: Froslass|1\n|-damage|p1a: Froslass|72/100\n|-unboost|p1a: Froslass|spa|1\n|move|p2a: Farigiraf|Trick Room|p2a: Farigiraf\n|-fieldstart|move: Trick Room|[of] p2a: Farigiraf\n|\n|-weather|Snowscape|[upkeep]\n|upkeep\n|turn|2\n|\n|t:|1776018743\n|move|p2b: Incineroar|Flare Blitz|p1b: Glaceon|[miss]\n|-miss|p2b: Incineroar|p1b: Glaceon\n|move|p2a: Farigiraf|Hyper Voice|p1a: Froslass|[spread] \n|-immune|p1a: Froslass\n|-miss|p2a: Farigiraf|p1b: Glaceon\n|move|p1b: Glaceon|Blizzard|p2a: Farigiraf|[spread] p2a,p2b\n|-resisted|p2b: Incineroar|1\n|-damage|p2a: Farigiraf|4/100\n|-damage|p2b: Incineroar|49/100\n|-status|p2a: Farigiraf|frz\n|move|p1a: Froslass|Aurora Veil|p1a: Froslass\n|-sidestart|p1: KrosFace|move: Aurora Veil\n|\n|-weather|Snowscape|[upkeep]\n|-activate|p2a: Farigiraf|ability: Cud Chew\n|-enditem|p2a: Farigiraf|Sitrus Berry|[eat]\n|-heal|p2a: Farigiraf|29/100 frz|[from] item: Sitrus Berry\n|upkeep\n|turn|3\n|c|\u2606Boby Marley|wtf xDDD\n|\n|t:|1776018775\n|cant|p2a: Farigiraf|frz\n|move|p2b: Incineroar|Flare Blitz|p1a: Froslass\n|-supereffective|p1a: Froslass|1\n|-damage|p1a: Froslass|2/100\n|-damage|p2b: Incineroar|32/100|[from] Recoil\n|move|p1b: Glaceon|Blizzard|p2b: Incineroar|[spread] p2a,p2b\n|-resisted|p2b: Incineroar|1\n|-damage|p2a: Farigiraf|0 fnt\n|-damage|p2b: Incineroar|15/100\n|faint|p2a: Farigiraf\n|move|p1a: Froslass|Blizzard|p2b: Incineroar\n|-resisted|p2b: Incineroar|1\n|-damage|p2b: Incineroar|0 fnt\n|faint|p2b: Incineroar\n|\n|-weather|Snowscape|[upkeep]\n|upkeep\n|\n|t:|1776018788\n|switch|p2a: Crabominable|Crabominable, L50, M|100/100\n|switch|p2b: Archaludon|Archaludon, L50, M|100/100\n|turn|4\n|\n|t:|1776018805\n|switch|p1a: Tauros|Tauros-Paldea-Aqua, L50, M|100/100\n|-ability|p1a: Tauros|Intimidate|boost\n|-unboost|p2a: Crabominable|atk|1\n|-unboost|p2b: Archaludon|atk|1\n|detailschange|p2a: Crabominable|Crabominable-Mega, L50, M\n|-mega|p2a: Crabominable|Crabominable|Crabominite\n|move|p2a: Crabominable|Drain Punch|p1b: Glaceon|[miss]\n|-miss|p2a: Crabominable|p1b: Glaceon\n|move|p2b: Archaludon|Flash Cannon|p1b: Glaceon\n|-supereffective|p1b: Glaceon|1\n|-damage|p1b: Glaceon|20/100\n|move|p1b: Glaceon|Blizzard|p2b: Archaludon|[spread] p2a,p2b\n|-resisted|p2a: Crabominable|1\n|-damage|p2a: Crabominable|83/100\n|-damage|p2b: Archaludon|43/100\n|-ability|p2b: Archaludon|Stamina|boost\n|-boost|p2b: Archaludon|def|1\n|\n|-weather|Snowscape|[upkeep]\n|-heal|p2b: Archaludon|49/100|[from] item: Leftovers\n|upkeep\n|turn|5\n|\n|t:|1776018857\n|move|p1a: Tauros|Protect|p1a: Tauros\n|-singleturn|p1a: Tauros|Protect\n|move|p2a: Crabominable|Drain Punch|p1b: Glaceon|[miss]\n|-miss|p2a: Crabominable|p1b: Glaceon\n|move|p2b: Archaludon|Dragon Pulse|p1a: Tauros\n|-activate|p1a: Tauros|move: Protect\n|move|p1b: Glaceon|Blizzard|p2a: Crabominable|[spread] p2a,p2b\n|-resisted|p2a: Crabominable|1\n|-crit|p2b: Archaludon\n|-damage|p2a: Crabominable|66/100\n|-damage|p2b: Archaludon|0 fnt\n|faint|p2b: Archaludon\n|\n|-weather|none\n|-fieldend|move: Trick Room\n|upkeep\n|turn|6\n|-message|Boby Marley forfeited.\n|\n|win|KrosFace\n|raw|KrosFace's rating: 1230 &rarr; <strong>1259</strong><br />(+29 for winning)\n|raw|Boby Marley's rating: 1291 &rarr; <strong>1262</strong><br />(-29 for losing)\n|l|\u2606Boby Marley\n|player|p2|\n",
  "uploadtime": 1776018878,
  "views": 33,
  "formatid": "gen9championsvgc2026regma",
  "rating": 1259,
  "private": 0,
  "password": null
}