{
  "id": "gen9championsvgc2026regma-2585824446",
  "format": "[Gen 9 Champions] VGC 2026 Reg M-A",
  "players": [
    "crsec",
    "drackmast"
  ],
  "log": "|j|\u203dcrsec\n|j|\u2606drackmast\n|t:|1776373375\n|gametype|doubles\n|player|p1|crsec|169|1199\n|player|p2|drackmast|veteran|1122\n|gen|9\n|tier|[Gen 9 Champions] VGC 2026 Reg M-A\n|rated|\n|rule|Species Clause: Limit one of each Pok\u00e9mon\n|rule|Item Clause: Limit 1 of each item\n|clearpoke\n|poke|p1|Glimmora, L50, M|\n|poke|p1|Pelipper, L50, M|\n|poke|p1|Archaludon, L50, F|\n|poke|p1|Whimsicott, L50, M|\n|poke|p1|Incineroar, L50, M|\n|poke|p1|Basculegion, L50, M|\n|poke|p2|Pelipper, L50, F|\n|poke|p2|Incineroar, L50, M|\n|poke|p2|Archaludon, L50, F|\n|poke|p2|Sinistcha-Masterpiece, L50|\n|poke|p2|Kingambit, L50, F|\n|poke|p2|Milotic, L50, M|\n|teampreview|4\n|inactive|Battle timer is ON: inactive players will automatically lose when time's up. (requested by drackmast)\n|inactive|crsec also wants the timer to be on.\ndrackmast rejected open team sheets.\n|\n|t:|1776373398\n|teamsize|p1|4\n|teamsize|p2|4\n|start\n|switch|p1a: Incineroar|Incineroar, L50, M|100/100\n|switch|p1b: Archaludon|Archaludon, L50, F|100/100\n|switch|p2a: ALEXA|Milotic, L50, M, shiny|100/100\n|switch|p2b: Moustake|Kingambit, L50, F, shiny|100/100\n|-ability|p1a: Incineroar|Intimidate|boost\n|-unboost|p2a: ALEXA|atk|1\n|-ability|p2a: ALEXA|Competitive|boost\n|-boost|p2a: ALEXA|spa|2\n|-unboost|p2b: Moustake|atk|1\n|-ability|p2b: Moustake|Defiant|boost\n|-boost|p2b: Moustake|atk|2\n|turn|1\n|inactive|crsec has 30 seconds left.\n|inactive|drackmast has 30 seconds left.\n|\n|t:|1776373436\n|switch|p1b: Whimsicott|Whimsicott, L50, M|100/100\n|switch|p2a: Prisma|Archaludon, L50, F, shiny|100/100\n|move|p1a: Incineroar|Fake Out|p2a: Prisma\n|-resisted|p2a: Prisma|1\n|-damage|p2a: Prisma|96/100\n|-ability|p2a: Prisma|Stamina|boost\n|-boost|p2a: Prisma|def|1\n|move|p2b: Moustake|Kowtow Cleave|p1a: Incineroar\n|-resisted|p1a: Incineroar|1\n|-damage|p1a: Incineroar|71/100\n|\n|upkeep\n|turn|2\n|inactive|drackmast has 30 seconds left.\n|\n|t:|1776373465\n|switch|p2a: ALEXA|Milotic, L50, M, shiny|100/100\n|move|p1b: Whimsicott|Tailwind|p1b: Whimsicott\n|-sidestart|p1: crsec|move: Tailwind\n|move|p1a: Incineroar|Flare Blitz|p2b: Moustake\n|-supereffective|p2b: Moustake|1\n|-damage|p2b: Moustake|30/100\n|-damage|p1a: Incineroar|50/100|[from] Recoil\n|-enditem|p1a: Incineroar|Sitrus Berry|[eat]\n|-heal|p1a: Incineroar|74/100|[from] item: Sitrus Berry\n|move|p2b: Moustake|Iron Head|p1b: Whimsicott\n|-supereffective|p1b: Whimsicott|1\n|-damage|p1b: Whimsicott|0 fnt\n|faint|p1b: Whimsicott\n|\n|upkeep\n|\n|t:|1776373479\n|switch|p1b: Archaludon|Archaludon, L50, F|100/100\n|turn|3\n|\n|t:|1776373491\n|switch|p2a: QUIERE te?|Sinistcha-Masterpiece, L50, shiny|100/100\n|-heal|p2b: Moustake|55/100|[from] ability: Hospitality|[of] p2a: QUIERE te?\n|move|p1b: Archaludon|Protect|p1b: Archaludon\n|-singleturn|p1b: Archaludon|Protect\n|move|p2b: Moustake|Protect|p2b: Moustake\n|-singleturn|p2b: Moustake|Protect\n|move|p1a: Incineroar|Flare Blitz|p2b: Moustake\n|-activate|p2b: Moustake|move: Protect\n|\n|upkeep\n|turn|4\n|inactive|crsec has 30 seconds left.\n|\n|t:|1776373517\n|switch|p2b: ALEXA|Milotic, L50, M, shiny|100/100\n|move|p2a: QUIERE te?|Protect|p2a: QUIERE te?\n|-singleturn|p2a: QUIERE te?|Protect\n|move|p1b: Archaludon|Flash Cannon|p2a: QUIERE te?\n|-activate|p2a: QUIERE te?|move: Protect\n|move|p1a: Incineroar|Flare Blitz|p2a: QUIERE te?\n|-activate|p2a: QUIERE te?|move: Protect\n|\n|upkeep\n|turn|5\n|inactive|drackmast has 30 seconds left.\n|\n|t:|1776373551\n|switch|p2a: Prisma|Archaludon, L50, F, shiny|96/100\n|move|p1b: Archaludon|Electro Shot||[still]\n|-prepare|p1b: Archaludon|Electro Shot\n|-boost|p1b: Archaludon|spa|1\n|move|p1a: Incineroar|Flare Blitz|p2a: Prisma\n|-damage|p2a: Prisma|62/100\n|-ability|p2a: Prisma|Stamina|boost\n|-boost|p2a: Prisma|def|1\n|-damage|p1a: Incineroar|64/100|[from] Recoil\n|move|p2b: ALEXA|Hypnosis|p1b: Archaludon\n|-status|p1b: Archaludon|slp|[from] move: Hypnosis\n|\n|-sideend|p1: crsec|move: Tailwind\n|upkeep\n|turn|6\n|-activate|p2a: Prisma|item: Quick Claw\n|\n|t:|1776373568\n|move|p2a: Prisma|Aura Sphere|p1a: Incineroar\n|-supereffective|p1a: Incineroar|1\n|-damage|p1a: Incineroar|14/100\n|cant|p1b: Archaludon|slp\n|move|p2b: ALEXA|Muddy Water|p1b: Archaludon|[spread] p1a,p1b\n|-supereffective|p1a: Incineroar|1\n|-crit|p1a: Incineroar\n|-resisted|p1b: Archaludon|1\n|-damage|p1a: Incineroar|0 fnt\n|-damage|p1b: Archaludon|77/100 slp\n|-ability|p1b: Archaludon|Stamina|boost\n|-boost|p1b: Archaludon|def|1\n|faint|p1a: Incineroar\n|\n|upkeep\n|\n|t:|1776373577\n|switch|p1a: Pelipper|Pelipper, L50, M|100/100\n|-weather|RainDance|[from] ability: Drizzle|[of] p1a: Pelipper\n|turn|7\n|\n|t:|1776373588\n|switch|p2b: QUIERE te?|Sinistcha-Masterpiece, L50, shiny|100/100\n|-heal|p2a: Prisma|87/100|[from] ability: Hospitality|[of] p2b: QUIERE te?\n|move|p1a: Pelipper|Hurricane|p2a: Prisma\n|-resisted|p2a: Prisma|1\n|-damage|p2a: Prisma|54/100\n|-ability|p2a: Prisma|Stamina|boost\n|-boost|p2a: Prisma|def|1\n|-curestatus|p1b: Archaludon|slp|[msg]\n|move|p1b: Archaludon|Electro Shot||[still]\n|-prepare|p1b: Archaludon|Electro Shot\n|-boost|p1b: Archaludon|spa|1\n|-anim|p1b: Archaludon|Electro Shot|p2b: QUIERE te?\n|-resisted|p2b: QUIERE te?|1\n|-damage|p2b: QUIERE te?|56/100\n|move|p2a: Prisma|Aura Sphere|p1b: Archaludon\n|-supereffective|p1b: Archaludon|1\n|-damage|p1b: Archaludon|0 fnt\n|faint|p1b: Archaludon\n|\n|-weather|RainDance|[upkeep]\n|-heal|p2b: QUIERE te?|62/100|[from] item: Leftovers\n|upkeep\n|turn|8\n|-message|crsec forfeited.\n|l|\u203dcrsec\n|inactive|crsec disconnected and has a minute to reconnect!\n|player|p1|\n|-activate|p2a: Prisma|item: Quick Claw\n|\n|t:|1776373607\n|move|p2b: QUIERE te?|Rage Powder|p2b: QUIERE te?\n|-singleturn|p2b: QUIERE te?|move: Rage Powder\n|move|p2a: Prisma|Electro Shot||[still]\n|-prepare|p2a: Prisma|Electro Shot\n|-boost|p2a: Prisma|spa|1\n|-anim|p2a: Prisma|Electro Shot|p1a: Pelipper\n|-supereffective|p1a: Pelipper|2\n|-damage|p1a: Pelipper|0 fnt\n|faint|p1a: Pelipper\n|\n|win|drackmast\n|raw|crsec's rating: 1199 &rarr; <strong>1169</strong><br />(-30 for losing)\n|raw|drackmast's rating: 1122 &rarr; <strong>1152</strong><br />(+30 for winning)\n",
  "uploadtime": 1776373636,
  "views": 18,
  "formatid": "gen9championsvgc2026regma",
  "rating": 1152,
  "private": 0,
  "password": null
}