{
  "id": "gen9championsvgc2026regma-2583160198",
  "format": "[Gen 9 Champions] VGC 2026 Reg M-A",
  "players": [
    "PeJavier",
    "Kobeisherepokemon"
  ],
  "log": "|j|\u2606PeJavier\n|j|\u2606Kobeisherepokemon\n|t:|1776149342\n|gametype|doubles\n|player|p1|PeJavier|170|1059\n|player|p2|Kobeisherepokemon|265|1070\n|gen|9\n|tier|[Gen 9 Champions] VGC 2026 Reg M-A\n|rated|\n|rule|Species Clause: Limit one of each Pok\u00e9mon\n|rule|Item Clause: Limit 1 of each item\n|clearpoke\n|poke|p1|Charizard, L50, M|\n|poke|p1|Maushold, L50|\n|poke|p1|Garchomp, L50, M|\n|poke|p1|Dragapult, L50, M|\n|poke|p1|Kingambit, L50, M|\n|poke|p1|Sneasler, L50, F|\n|poke|p2|Incineroar, L50, M|\n|poke|p2|Banette, L50, F|\n|poke|p2|Conkeldurr, L50, M|\n|poke|p2|Typhlosion-Hisui, L50, F|\n|poke|p2|Torkoal, L50, M|\n|poke|p2|Farigiraf, L50, F|\n|teampreview|4\n|inactive|Battle timer is ON: inactive players will automatically lose when time's up. (requested by PeJavier)\n|l|\u2606PeJavier\n|inactive|PeJavier disconnected and has a minute to reconnect!\n|player|p1|\n|inactive|PeJavier has 30 seconds to reconnect!\n|inactive|PeJavier has 20 seconds to reconnect!\nKobeisherepokemon has agreed to open team sheets.\n|inactive|PeJavier has 15 seconds to reconnect!\n|j|\u2606PeJavier\n|inactive|PeJavier reconnected and has 30 seconds left.\n|player|p1|PeJavier|170|\n|inactive|PeJavier has 20 seconds left.\n|inactive|PeJavier has 15 seconds left.\n|inactive|PeJavier has 10 seconds left.\n|inactive|PeJavier has 5 seconds left.\n|\n|t:|1776149437\n|teamsize|p1|4\n|teamsize|p2|4\n|start\n|switch|p1a: Charizard|Charizard, L50, M|100/100\n|switch|p1b: Maushold|Maushold, L50|100/100\n|switch|p2a: Typhlosion|Typhlosion-Hisui, L50, F, shiny|100/100\n|switch|p2b: Farigiraf|Farigiraf, L50, F, shiny|100/100\n|-item|p1a: Charizard|Charizardite Y|[from] ability: Frisk|[of] p2a: Typhlosion\n|-item|p1b: Maushold|Chople Berry|[from] ability: Frisk|[of] p2a: Typhlosion\n|turn|1\n|inactive|PeJavier has 30 seconds left.\n|inactive|PeJavier has 20 seconds left.\n|inactive|PeJavier has 15 seconds left.\n|inactive|PeJavier has 10 seconds left.\n|inactive|PeJavier has 5 seconds left.\n|\n|t:|1776149490\n|detailschange|p1a: Charizard|Charizard-Mega-Y, L50, M\n|-mega|p1a: Charizard|Charizard|Charizardite Y\n|-weather|SunnyDay|[from] ability: Drought|[of] p1a: Charizard\n|move|p2a: Typhlosion|Eruption|p1b: Maushold|[spread] p1a,p1b\n|-resisted|p1a: Charizard|1\n|-damage|p1a: Charizard|71/100\n|-damage|p1b: Maushold|0 fnt\n|faint|p1b: Maushold\n|move|p1a: Charizard|Heat Wave|p2b: Farigiraf|[spread] p2a,p2b\n|-resisted|p2a: Typhlosion|1\n|-damage|p2a: Typhlosion|52/100\n|-damage|p2b: Farigiraf|36/100\n|move|p2b: Farigiraf|Trick Room|p2b: Farigiraf\n|-fieldstart|move: Trick Room|[of] p2b: Farigiraf\n|\n|-weather|SunnyDay|[upkeep]\n|upkeep\n|\n|t:|1776149502\n|switch|p1b: Dragapult|Dragapult, L50, M|100/100\n|turn|2\n|\n|t:|1776149514\n|move|p2b: Farigiraf|Protect|p2b: Farigiraf\n|-singleturn|p2b: Farigiraf|Protect\n|move|p1a: Charizard|Heat Wave|p2a: Typhlosion|[spread] p2a\n|-activate|p2b: Farigiraf|move: Protect\n|-resisted|p2a: Typhlosion|1\n|-damage|p2a: Typhlosion|0 fnt\n|faint|p2a: Typhlosion\n|move|p1b: Dragapult|Shadow Ball|p2b: Farigiraf\n|-activate|p2b: Farigiraf|move: Protect\n|\n|-weather|SunnyDay|[upkeep]\n|upkeep\n|\n|t:|1776149526\n|switch|p2a: Banette|Banette, L50, F, shiny|100/100\n|turn|3\n|l|\u2606Kobeisherepokemon\n|inactive|Kobeisherepokemon disconnected and has a minute to reconnect!\n|player|p2|\n|inactive|Kobeisherepokemon has 30 seconds left.\n|j|\u2606Kobeisherepokemon\n|inactive|Kobeisherepokemon reconnected and has 30 seconds left.\n|player|p2|Kobeisherepokemon|265|\n|inactive|Kobeisherepokemon has 20 seconds left.\n|inactive|Kobeisherepokemon has 15 seconds left.\n|\n|t:|1776149567\n|switch|p2b: Conkeldurr|Conkeldurr, L50, M, shiny|100/100\n|switch|p1a: Garchomp|Garchomp, L50, M|100/100\n|detailschange|p2a: Banette|Banette-Mega, L50, F, shiny\n|-mega|p2a: Banette|Banette|Banettite\n|move|p2a: Banette|Will-O-Wisp|p1b: Dragapult\n|-status|p1b: Dragapult|brn\n|-enditem|p1b: Dragapult|Lum Berry|[eat]\n|-curestatus|p1b: Dragapult|brn|[msg]\n|move|p1b: Dragapult|Will-O-Wisp|p2a: Banette\n|-status|p2a: Banette|brn\n|\n|-weather|SunnyDay|[upkeep]\n|-damage|p2a: Banette|95/100 brn|[from] brn\n|upkeep\n|turn|4\n|inactive|PeJavier has 30 seconds left.\n|inactive|Kobeisherepokemon has 30 seconds left.\n|\n|t:|1776149599\n|move|p2a: Banette|Swagger|p2b: Conkeldurr|[miss]\n|-miss|p2a: Banette|p2b: Conkeldurr\n|move|p2b: Conkeldurr|Ice Punch|p1a: Garchomp\n|-supereffective|p1a: Garchomp|2\n|-damage|p1a: Garchomp|0 fnt\n|-damage|p2b: Conkeldurr|88/100|[from] ability: Rough Skin|[of] p1a: Garchomp\n|faint|p1a: Garchomp\n|move|p1b: Dragapult|Shadow Ball|p2a: Banette\n|-supereffective|p2a: Banette|1\n|-damage|p2a: Banette|21/100 brn\n|\n|-weather|SunnyDay|[upkeep]\n|-damage|p2a: Banette|15/100 brn|[from] brn\n|upkeep\n|\n|t:|1776149612\n|switch|p1a: Charizard|Charizard-Mega-Y, L50, M|71/100\n|turn|5\n|\n|t:|1776149632\n|move|p1a: Charizard|Protect|p1a: Charizard\n|-singleturn|p1a: Charizard|Protect\n|move|p2a: Banette|Swagger|p2b: Conkeldurr\n|-boost|p2b: Conkeldurr|atk|2\n|-start|p2b: Conkeldurr|confusion\n|-enditem|p2b: Conkeldurr|Lum Berry|[eat]\n|-end|p2b: Conkeldurr|confusion\n|move|p2b: Conkeldurr|Knock Off|p1b: Dragapult\n|-supereffective|p1b: Dragapult|1\n|-damage|p1b: Dragapult|0 fnt\n|faint|p1b: Dragapult\n|\n|-weather|none\n|-damage|p2a: Banette|9/100 brn|[from] brn\n|-fieldend|move: Trick Room\n|upkeep\n|turn|6\n|l|\u2606Kobeisherepokemon\n|inactive|Kobeisherepokemon disconnected and has a minute to reconnect!\n|player|p2|\n|j|\u2606Kobeisherepokemon\n|inactive|Kobeisherepokemon reconnected and has 35 seconds left.\n|player|p2|Kobeisherepokemon|265|\n|inactive|PeJavier has 30 seconds left.\n|inactive|Kobeisherepokemon has 30 seconds left.\n|inactive|PeJavier has 20 seconds left.\n|inactive|PeJavier has 15 seconds left.\n|inactive|PeJavier has 10 seconds left.\n|inactive|PeJavier has 5 seconds left.\n|\n|t:|1776149685\n|move|p1a: Charizard|Heat Wave|p2b: Conkeldurr|[spread] p2b\n|-miss|p1a: Charizard|p2a: Banette\n|-damage|p2b: Conkeldurr|46/100\n|move|p2b: Conkeldurr|Knock Off|p1a: Charizard\n|-damage|p1a: Charizard|13/100\n|move|p2a: Banette|Trick Room|p2a: Banette\n|-fieldstart|move: Trick Room|[of] p2a: Banette\n|\n|-damage|p2a: Banette|3/100 brn|[from] brn\n|upkeep\n|turn|7\n|\n|t:|1776149697\n|move|p2b: Conkeldurr|Ice Punch|p1a: Charizard\n|-damage|p1a: Charizard|0 fnt\n|faint|p1a: Charizard\n|\n|win|Kobeisherepokemon\n|raw|PeJavier's rating: 1059 &rarr; <strong>1041</strong><br />(-18 for losing)\n|raw|Kobeisherepokemon's rating: 1070 &rarr; <strong>1099</strong><br />(+29 for winning)\n|l|\u2606PeJavier\n|player|p1|\n",
  "uploadtime": 1776149706,
  "views": 17,
  "formatid": "gen9championsvgc2026regma",
  "rating": 1041,
  "private": 0,
  "password": null
}