{
  "id": "gen9championsvgc2026regma-2583739737",
  "format": "[Gen 9 Champions] VGC 2026 Reg M-A",
  "players": [
    "Zoomander",
    "Threata_Goonberg"
  ],
  "log": "|j|\u2606Zoomander\n|j|\u2606Threata_Goonberg\n|t:|1776194440\n|gametype|doubles\n|player|p1|Zoomander|alec-anime|1066\n|player|p2|Threata_Goonberg|2|1148\n|gen|9\n|tier|[Gen 9 Champions] VGC 2026 Reg M-A\n|rated|\n|rule|Species Clause: Limit one of each Pok\u00e9mon\n|rule|Item Clause: Limit 1 of each item\n|clearpoke\n|poke|p1|Froslass, L50, F|\n|poke|p1|Arcanine-Hisui, L50, F|\n|poke|p1|Zoroark-Hisui, L50, F|\n|poke|p1|Farigiraf, L50, F|\n|poke|p1|Whimsicott, L50, F|\n|poke|p1|Sneasler, L50, M|\n|poke|p2|Ampharos, L50, M|\n|poke|p2|Farigiraf, L50, M|\n|poke|p2|Slowbro, L50, M|\n|poke|p2|Aerodactyl, L50, F|\n|poke|p2|Incineroar, L50, F|\n|poke|p2|Volcarona, L50, M|\n|teampreview|4\n|inactive|Battle timer is ON: inactive players will automatically lose when time's up. (requested by Zoomander)\nZoomander has agreed to open team sheets.\n|inactive|Threata_Goonberg has 60 seconds left.\n|\n|t:|1776194482\n|teamsize|p1|4\n|teamsize|p2|4\n|start\n|switch|p1a: Farigiraf|Farigiraf, L50, F|100/100\n|switch|p1b: Sneasler|Sneasler, L50, M|100/100\n|switch|p2a: Incineroar|Incineroar, L50, F|100/100\n|switch|p2b: Aerodactyl|Aerodactyl, L50, F|100/100\n|-ability|p2b: Aerodactyl|Unnerve\n|-ability|p2a: Incineroar|Intimidate|boost\n|-unboost|p1a: Farigiraf|atk|1\n|-unboost|p1b: Sneasler|atk|1\n|turn|1\n|\n|t:|1776194505\n|move|p2b: Aerodactyl|Tailwind|p2b: Aerodactyl\n|-sidestart|p2: Threata_Goonberg|move: Tailwind\n|move|p1b: Sneasler|Fake Tears|p2b: Aerodactyl\n|-unboost|p2b: Aerodactyl|spd|2\n|move|p2a: Incineroar|Will-O-Wisp|p1b: Sneasler\n|-status|p1b: Sneasler|brn\n|move|p1a: Farigiraf|Psychic|p2b: Aerodactyl\n|-enditem|p2b: Aerodactyl|Focus Sash\n|-damage|p2b: Aerodactyl|1/100\n|\n|-damage|p1b: Sneasler|94/100 brn|[from] brn\n|upkeep\n|turn|2\n|inactive|Threata_Goonberg has 30 seconds left.\n|\n|t:|1776194536\n|move|p2b: Aerodactyl|Dual Wingbeat|p1b: Sneasler\n|-crit|p1b: Sneasler\n|-damage|p1b: Sneasler|37/100 brn\n|replace|p1b: Zoroark|Zoroark-Hisui, L50, F\n|-end|p1b: Zoroark|Illusion\n|-damage|p1b: Zoroark|0 fnt\n|faint|p1b: Zoroark\n|-hitcount|p1: Zoroark|2\n|move|p2a: Incineroar|Darkest Lariat|p1a: Farigiraf\n|-supereffective|p1a: Farigiraf|1\n|-damage|p1a: Farigiraf|17/100\n|move|p1a: Farigiraf|Hyper Voice|p2a: Incineroar|[spread] p2a,p2b\n|-resisted|p2b: Aerodactyl|1\n|-damage|p2a: Incineroar|69/100\n|-damage|p2b: Aerodactyl|0 fnt\n|faint|p2b: Aerodactyl\n|\n|upkeep\n|\n|t:|1776194551\n|switch|p2b: Ampharos|Ampharos, L50, M, shiny|100/100\n|switch|p1b: Sneasler|Sneasler, L50, M|100/100\n|turn|3\n|\n|t:|1776194562\n|detailschange|p2b: Ampharos|Ampharos-Mega, L50, M, shiny\n|-mega|p2b: Ampharos|Ampharos|Ampharosite\n|-ability|p2b: Ampharos|Mold Breaker\n|move|p1b: Sneasler|Fake Out|p2a: Incineroar\n|-damage|p2a: Incineroar|57/100\n|cant|p2a: Incineroar|flinch\n|move|p2b: Ampharos|Dragon Pulse|p1a: Farigiraf\n|-damage|p1a: Farigiraf|0 fnt\n|faint|p1a: Farigiraf\n|\n|upkeep\n|\n|t:|1776194570\n|switch|p1a: Froslass|Froslass, L50, F|100/100\n|turn|4\n|inactive|Threata_Goonberg has 30 seconds left.\n|inactive|Threata_Goonberg has 20 seconds left.\n|inactive|Threata_Goonberg has 15 seconds left.\n|\n|t:|1776194611\n|detailschange|p1a: Froslass|Froslass-Mega, L50, F\n|-mega|p1a: Froslass|Froslass|Froslassite\n|-weather|Snowscape|[from] ability: Snow Warning|[of] p1a: Froslass\n|move|p1a: Froslass|Protect|p1a: Froslass\n|-singleturn|p1a: Froslass|Protect\n|move|p1b: Sneasler|Close Combat|p2a: Incineroar\n|-supereffective|p2a: Incineroar|1\n|-damage|p2a: Incineroar|0 fnt\n|-unboost|p1b: Sneasler|def|1\n|-unboost|p1b: Sneasler|spd|1\n|faint|p2a: Incineroar\n|move|p2b: Ampharos|Dragon Pulse|p1a: Froslass\n|-activate|p1a: Froslass|move: Protect\n|\n|-weather|Snowscape|[upkeep]\n|-sideend|p2: Threata_Goonberg|move: Tailwind\n|upkeep\n|\n|t:|1776194620\n|switch|p2a: Farigiraf|Farigiraf, L50, M|100/100\n|turn|5\n|\n|t:|1776194637\n|move|p1b: Sneasler|Fling|p2a: Farigiraf\n|-supereffective|p2a: Farigiraf|1\n|-damage|p2a: Farigiraf|81/100\n|-enditem|p1b: Sneasler|King's Rock|[from] move: Fling\n|move|p1a: Froslass|Blizzard|p2a: Farigiraf|[spread] p2a,p2b\n|-supereffective|p2b: Ampharos|1\n|-damage|p2a: Farigiraf|29/100\n|-damage|p2b: Ampharos|12/100\n|move|p2b: Ampharos|Dragon Pulse|p1b: Sneasler\n|-damage|p1b: Sneasler|2/100\n|cant|p2a: Farigiraf|flinch\n|\n|-weather|Snowscape|[upkeep]\n|-heal|p2a: Farigiraf|35/100|[from] item: Leftovers\n|upkeep\n|turn|6\n|\n|t:|1776194653\n|move|p2a: Farigiraf|Protect|p2a: Farigiraf\n|-singleturn|p2a: Farigiraf|Protect\n|move|p1b: Sneasler|Close Combat|p2a: Farigiraf\n|-activate|p2a: Farigiraf|move: Protect\n|move|p1a: Froslass|Blizzard|p2a: Farigiraf|[spread] p2b\n|-activate|p2a: Farigiraf|move: Protect\n|-supereffective|p2b: Ampharos|1\n|-damage|p2b: Ampharos|0 fnt\n|faint|p2b: Ampharos\n|\n|-weather|Snowscape|[upkeep]\n|-heal|p2a: Farigiraf|41/100|[from] item: Leftovers\n|upkeep\n|turn|7\n|-message|Threata_Goonberg forfeited.\n|\n|win|Zoomander\n|raw|Zoomander's rating: 1066 &rarr; <strong>1103</strong><br />(+37 for winning)\n|raw|Threata_Goonberg's rating: 1148 &rarr; <strong>1117</strong><br />(-31 for losing)\n|l|\u2606Threata_Goonberg\n|player|p2|\n",
  "uploadtime": 1776194710,
  "views": 17,
  "formatid": "gen9championsvgc2026regma",
  "rating": 1103,
  "private": 0,
  "password": null
}