{
  "id": "gen9championsvgc2026regma-2581327749",
  "format": "[Gen 9 Champions] VGC 2026 Reg M-A",
  "players": [
    "Murphy's kitchen",
    "schLIM2"
  ],
  "log": "|j|\u2606Murphy's kitchen\n|j|\u2606schLIM2\n|t:|1775987213\n|gametype|doubles\n|player|p1|Murphy's kitchen|1|1170\n|player|p2|schLIM2|1|1098\n|gen|9\n|tier|[Gen 9 Champions] VGC 2026 Reg M-A\n|rated|\n|rule|Species Clause: Limit one of each Pok\u00e9mon\n|rule|Item Clause: Limit 1 of each item\n|clearpoke\n|poke|p1|Starmie, L50|\n|poke|p1|Maushold-Four, L50|\n|poke|p1|Kommo-o, L50, M|\n|poke|p1|Aegislash, L50, M|\n|poke|p1|Rotom-Heat, L50|\n|poke|p1|Whimsicott, L50, M|\n|poke|p2|Gengar, L50, F|\n|poke|p2|Clefable, L50, F|\n|poke|p2|Incineroar, L50, M|\n|poke|p2|Farigiraf, L50, F|\n|poke|p2|Whimsicott, L50, F|\n|poke|p2|Arcanine-Hisui, L50, M|\n|teampreview|4\nschLIM2 has agreed to open team sheets.\n|inactive|Battle timer is ON: inactive players will automatically lose when time's up. (requested by schLIM2)\n|\n|t:|1775987289\n|teamsize|p1|4\n|teamsize|p2|4\n|start\n|switch|p1a: Kommo-o|Kommo-o, L50, M|100/100\n|switch|p1b: Rotom|Rotom-Heat, L50|100/100\n|switch|p2a: Incineroar|Incineroar, L50, M|100/100\n|switch|p2b: Farigiraf|Farigiraf, L50, F|100/100\n|-ability|p2a: Incineroar|Intimidate|boost\n|-unboost|p1a: Kommo-o|atk|1\n|-unboost|p1b: Rotom|atk|1\n|turn|1\n|inactive|Murphy's kitchen has 30 seconds left.\n|\n|t:|1775987314\n|move|p2a: Incineroar|Fake Out|p1a: Kommo-o\n|-damage|p1a: Kommo-o|89/100\n|move|p1b: Rotom|Volt Switch|p2b: Farigiraf\n|-damage|p2b: Farigiraf|78/100\n|\n|t:|1775987327\n|switch|p1b: Starmie|Starmie, L50|100/100|[from] Volt Switch\n|cant|p1a: Kommo-o|flinch\n|move|p2b: Farigiraf|Light Screen|p2b: Farigiraf\n|-sidestart|p2: schLIM2|move: Light Screen\n|\n|upkeep\n|turn|2\n|inactive|Murphy's kitchen has 30 seconds left.\n|inactive|schLIM2 has 30 seconds left.\n|\n|t:|1775987357\n|switch|p2a: Arcanine|Arcanine-Hisui, L50, M|100/100\n|detailschange|p1b: Starmie|Starmie-Mega, L50\n|-mega|p1b: Starmie|Starmie|Starminite\n|move|p1b: Starmie|Liquidation|p2b: Farigiraf\n|-damage|p2b: Farigiraf|0 fnt\n|faint|p2b: Farigiraf\n|move|p1a: Kommo-o|Clanging Scales|p2a: Arcanine\n|-damage|p2a: Arcanine|56/100\n|-unboost|p1a: Kommo-o|def|1\n|\n|upkeep\n|\n|t:|1775987366\n|switch|p2b: Incineroar|Incineroar, L50, M|100/100\n|-ability|p2b: Incineroar|Intimidate|boost\n|-unboost|p1a: Kommo-o|atk|1\n|-unboost|p1b: Starmie|atk|1\n|turn|3\n|\n|t:|1775987387\n|move|p1b: Starmie|Protect|p1b: Starmie\n|-singleturn|p1b: Starmie|Protect\n|move|p1a: Kommo-o|Protect|p1a: Kommo-o\n|-singleturn|p1a: Kommo-o|Protect\n|move|p2b: Incineroar|Fake Out|p1b: Starmie\n|-activate|p1b: Starmie|move: Protect\n|move|p2a: Arcanine|Head Smash|p1a: Kommo-o\n|-activate|p1a: Kommo-o|move: Protect\n|\n|upkeep\n|turn|4\n|\n|t:|1775987401\n|switch|p1b: Aegislash|Aegislash, L50, M|100/100\n|move|p2a: Arcanine|Head Smash|p1a: Kommo-o|[miss]\n|-miss|p2a: Arcanine|p1a: Kommo-o\n|move|p1a: Kommo-o|Aura Sphere|p2b: Incineroar\n|-supereffective|p2b: Incineroar|1\n|-damage|p2b: Incineroar|62/100\n|move|p2b: Incineroar|Parting Shot|p1b: Aegislash\n|-unboost|p1b: Aegislash|atk|1\n|-unboost|p1b: Aegislash|spa|1\n|\n|t:|1775987412\n|switch|p2b: Gengar|Gengar, L50, F|100/100|[from] Parting Shot\n|\n|upkeep\n|turn|5\n|\n|t:|1775987427\n|detailschange|p2b: Gengar|Gengar-Mega, L50, F\n|-mega|p2b: Gengar|Gengar|Gengarite\n|move|p2b: Gengar|Protect|p2b: Gengar\n|-singleturn|p2b: Gengar|Protect\n|move|p2a: Arcanine|Head Smash|p1a: Kommo-o\n|-resisted|p1a: Kommo-o|1\n|-damage|p1a: Kommo-o|36/100\n|-enditem|p1a: Kommo-o|Sitrus Berry|[eat]\n|-heal|p1a: Kommo-o|61/100|[from] item: Sitrus Berry\n|move|p1a: Kommo-o|Aura Sphere|p2a: Arcanine\n|-supereffective|p2a: Arcanine|1\n|-damage|p2a: Arcanine|0 fnt\n|faint|p2a: Arcanine\n|-formechange|p1b: Aegislash|Aegislash-Blade|\n|move|p1b: Aegislash|Poltergeist|p2b: Gengar\n|-activate|p2b: Gengar|move: Protect\n|\n|-sideend|p2: schLIM2|move: Light Screen\n|upkeep\n|\n|t:|1775987444\n|switch|p2a: Incineroar|Incineroar, L50, M|62/100\n|-ability|p2a: Incineroar|Intimidate|boost\n|-unboost|p1a: Kommo-o|atk|1\n|-unboost|p1b: Aegislash|atk|1\n|turn|6\n|\n|t:|1775987459\n|switch|p1b: Rotom|Rotom-Heat, L50|100/100\n|move|p2a: Incineroar|Fake Out|p1a: Kommo-o\n|-damage|p1a: Kommo-o|45/100\n|move|p2b: Gengar|Hex|p1b: Rotom\n|-crit|p1b: Rotom\n|-damage|p1b: Rotom|29/100\n|cant|p1a: Kommo-o|flinch\n|\n|upkeep\n|turn|7\n|inactive|schLIM2 has 30 seconds left.\n|\n|t:|1775987486\n|move|p1b: Rotom|Electroweb|p2b: Gengar|[spread] p2a,p2b\n|-damage|p2a: Incineroar|50/100\n|-damage|p2b: Gengar|78/100\n|-unboost|p2a: Incineroar|spe|1\n|-unboost|p2b: Gengar|spe|1\n|-enditem|p2a: Incineroar|Sitrus Berry|[eat]\n|-heal|p2a: Incineroar|75/100|[from] item: Sitrus Berry\n|move|p1a: Kommo-o|Clanging Scales|p2b: Gengar|[spread] p2a,p2b\n|-damage|p2a: Incineroar|49/100\n|-damage|p2b: Gengar|33/100\n|-unboost|p1a: Kommo-o|def|1\n|move|p2b: Gengar|Hex|p1a: Kommo-o\n|-crit|p1a: Kommo-o\n|-damage|p1a: Kommo-o|0 fnt\n|faint|p1a: Kommo-o\n|move|p2a: Incineroar|Close Combat|p1b: Rotom\n|-damage|p1b: Rotom|0 fnt\n|-unboost|p2a: Incineroar|def|1\n|-unboost|p2a: Incineroar|spd|1\n|faint|p1b: Rotom\n|\n|upkeep\n|-message|schLIM2 forfeited.\n|\n|win|Murphy's kitchen\n|raw|Murphy&apos;s kitchen's rating: 1170 &rarr; <strong>1190</strong><br />(+20 for winning)\n|raw|schLIM2's rating: 1098 &rarr; <strong>1078</strong><br />(-20 for losing)\n|l|\u2606schLIM2\n|player|p2|\n",
  "uploadtime": 1775987511,
  "views": 36,
  "formatid": "gen9championsvgc2026regma",
  "rating": 1078,
  "private": 0,
  "password": null
}