{
  "id": "gen9championsvgc2026regma-2586434323",
  "format": "[Gen 9 Champions] VGC 2026 Reg M-A",
  "players": [
    "iliasdelm",
    "kenantoobrown"
  ],
  "log": "|j|\u2606iliasdelm\n|j|\u2606kenantoobrown\n|t:|1776434435\n|gametype|doubles\n|player|p1|iliasdelm|gambler|1419\n|player|p2|kenantoobrown|169|1454\n|gen|9\n|tier|[Gen 9 Champions] VGC 2026 Reg M-A\n|rated|\n|rule|Species Clause: Limit one of each Pok\u00e9mon\n|rule|Item Clause: Limit 1 of each item\n|clearpoke\n|poke|p1|Heracross, L50, M|\n|poke|p1|Pelipper, L50, F|\n|poke|p1|Archaludon, L50, F|\n|poke|p1|Sneasler, L50, F|\n|poke|p1|Basculegion, L50, M|\n|poke|p1|Incineroar, L50, M|\n|poke|p2|Meganium, L50, M|\n|poke|p2|Tyranitar, L50, F|\n|poke|p2|Excadrill, L50, F|\n|poke|p2|Rotom-Wash, L50|\n|poke|p2|Sneasler, L50, F|\n|poke|p2|Dragapult, L50, M|\n|teampreview|4\n|\n|t:|1776434476\n|teamsize|p1|4\n|teamsize|p2|4\n|start\n|switch|p1a: Basculegion|Basculegion, L50, M|100/100\n|switch|p1b: Incineroar|Incineroar, L50, M, shiny|100/100\n|switch|p2a: Tyranitar|Tyranitar, L50, F|100/100\n|switch|p2b: Excadrill|Excadrill, L50, F|100/100\n|-weather|Sandstorm|[from] ability: Sand Stream|[of] p2a: Tyranitar\n|-ability|p1b: Incineroar|Intimidate|boost\n|-unboost|p2a: Tyranitar|atk|1\n|-unboost|p2b: Excadrill|atk|1\n|turn|1\n|\n|t:|1776434510\n|switch|p2a: Rotom|Rotom-Wash, L50|100/100\n|move|p2b: Excadrill|Protect|p2b: Excadrill\n|-singleturn|p2b: Excadrill|Protect\n|move|p1b: Incineroar|Fake Out|p2b: Excadrill\n|-activate|p2b: Excadrill|move: Protect\n|move|p1a: Basculegion|Flip Turn|p2a: Rotom\n|-resisted|p2a: Rotom|1\n|-damage|p2a: Rotom|81/100\n|\n|t:|1776434526\n|switch|p1a: Pelipper|Pelipper, L50, F|100/100|[from] Flip Turn\n|-weather|RainDance|[from] ability: Drizzle|[of] p1a: Pelipper\n|\n|-weather|RainDance|[upkeep]\n|upkeep\n|turn|2\n|\n|t:|1776434544\n|move|p2b: Excadrill|High Horsepower|p1b: Incineroar\n|-supereffective|p1b: Incineroar|1\n|-damage|p1b: Incineroar|42/100\n|move|p2a: Rotom|Volt Switch|p1a: Pelipper\n|-supereffective|p1a: Pelipper|2\n|-enditem|p1a: Pelipper|Focus Sash\n|-damage|p1a: Pelipper|1/100\n|\n|t:|1776434551\n|switch|p2a: Tyranitar|Tyranitar, L50, F|100/100|[from] Volt Switch\n|-weather|Sandstorm|[from] ability: Sand Stream|[of] p2a: Tyranitar\n|move|p1b: Incineroar|Parting Shot|p2b: Excadrill\n|-unboost|p2b: Excadrill|atk|1\n|-unboost|p2b: Excadrill|spa|1\n|\n|t:|1776434558\n|switch|p1b: Heracross|Heracross, L50, M|100/100|[from] Parting Shot\n|move|p1a: Pelipper|Icy Wind|p2a: Tyranitar|[spread] p2a,p2b\n|-damage|p2a: Tyranitar|94/100\n|-damage|p2b: Excadrill|87/100\n|-unboost|p2a: Tyranitar|spe|1\n|-unboost|p2b: Excadrill|spe|1\n|\n|-weather|Sandstorm|[upkeep]\n|-damage|p1b: Heracross|94/100|[from] Sandstorm\n|-damage|p1a: Pelipper|0 fnt|[from] Sandstorm\n|faint|p1a: Pelipper\n|upkeep\n|\n|t:|1776434561\n|switch|p1a: Incineroar|Incineroar, L50, M, shiny|42/100\n|-ability|p1a: Incineroar|Intimidate|boost\n|-unboost|p2a: Tyranitar|atk|1\n|-unboost|p2b: Excadrill|atk|1\n|turn|3\n|\n|t:|1776434574\n|switch|p2b: Dragapult|Dragapult, L50, M|100/100\n|detailschange|p1b: Heracross|Heracross-Mega, L50, M\n|-mega|p1b: Heracross|Heracross|Heracronite\n|move|p2a: Tyranitar|Protect|p2a: Tyranitar\n|-singleturn|p2a: Tyranitar|Protect\n|move|p1a: Incineroar|Fake Out|p2b: Dragapult\n|-immune|p2b: Dragapult\n|move|p1b: Heracross|Close Combat|p2a: Tyranitar\n|-activate|p2a: Tyranitar|move: Protect\n|\n|-weather|Sandstorm|[upkeep]\n|-damage|p2b: Dragapult|94/100|[from] Sandstorm\n|-damage|p1b: Heracross|88/100|[from] Sandstorm\n|-damage|p1a: Incineroar|36/100|[from] Sandstorm\n|-heal|p1a: Incineroar|42/100|[from] item: Leftovers\n|upkeep\n|turn|4\n|\n|t:|1776434594\n|switch|p2a: Rotom|Rotom-Wash, L50|81/100\n|move|p2b: Dragapult|Will-O-Wisp|p1b: Heracross\n|-status|p1b: Heracross|brn\n|move|p1b: Heracross|Close Combat|p2a: Rotom\n|-damage|p2a: Rotom|39/100\n|-unboost|p1b: Heracross|def|1\n|-unboost|p1b: Heracross|spd|1\n|-enditem|p2a: Rotom|Sitrus Berry|[eat]\n|-heal|p2a: Rotom|64/100|[from] item: Sitrus Berry\n|move|p1a: Incineroar|Darkest Lariat|p2b: Dragapult\n|-supereffective|p2b: Dragapult|1\n|-damage|p2b: Dragapult|0 fnt\n|faint|p2b: Dragapult\n|\n|-weather|Sandstorm|[upkeep]\n|-damage|p2a: Rotom|58/100|[from] Sandstorm\n|-damage|p1b: Heracross|82/100 brn|[from] Sandstorm\n|-damage|p1a: Incineroar|36/100|[from] Sandstorm\n|-heal|p1a: Incineroar|42/100|[from] item: Leftovers\n|-damage|p1b: Heracross|76/100 brn|[from] brn\n|upkeep\n|\n|t:|1776434616\n|switch|p2b: Excadrill|Excadrill, L50, F|87/100\n|turn|5\n|\n|t:|1776434624\n|switch|p1a: Basculegion|Basculegion, L50, M|100/100\n|move|p1b: Heracross|Protect|p1b: Heracross\n|-singleturn|p1b: Heracross|Protect\n|move|p2b: Excadrill|Earthquake|p1b: Heracross|[spread] p1a\n|-activate|p1b: Heracross|move: Protect\n|-immune|p2a: Rotom|[from] ability: Levitate\n|-damage|p1a: Basculegion|47/100\n|move|p2a: Rotom|Thunderbolt|p1b: Heracross\n|-activate|p1b: Heracross|move: Protect\n|\n|-weather|Sandstorm|[upkeep]\n|-damage|p1a: Basculegion|41/100|[from] Sandstorm\n|-damage|p2a: Rotom|52/100|[from] Sandstorm\n|-damage|p1b: Heracross|70/100 brn|[from] Sandstorm\n|-damage|p1b: Heracross|64/100 brn|[from] brn\n|upkeep\n|turn|6\n|\n|t:|1776434650\n|switch|p1b: Incineroar|Incineroar, L50, M, shiny|42/100\n|-ability|p1b: Incineroar|Intimidate|boost\n|-unboost|p2a: Rotom|atk|1\n|-unboost|p2b: Excadrill|atk|1\n|move|p2b: Excadrill|Earthquake|p1b: Incineroar|[spread] p1a,p1b\n|-immune|p2a: Rotom|[from] ability: Levitate\n|-supereffective|p1b: Incineroar|1\n|-damage|p1a: Basculegion|4/100\n|-damage|p1b: Incineroar|0 fnt\n|faint|p1b: Incineroar\n|move|p1a: Basculegion|Flip Turn|p2b: Excadrill\n|-supereffective|p2b: Excadrill|1\n|-damage|p2b: Excadrill|0 fnt\n|faint|p2b: Excadrill\n|\n|t:|1776434661\n|switch|p1a: Heracross|Heracross-Mega, L50, M|64/100 brn|[from] Flip Turn\n|move|p2a: Rotom|Volt Switch|p1a: Heracross\n|-damage|p1a: Heracross|35/100 brn\n|\n|t:|1776434667\n|switch|p2a: Tyranitar|Tyranitar, L50, F|94/100|[from] Volt Switch\n|\n|-weather|none\n|-damage|p1a: Heracross|29/100 brn|[from] brn\n|upkeep\n|\n|t:|1776434672\n|switch|p2b: Rotom|Rotom-Wash, L50|52/100\n|switch|p1b: Basculegion|Basculegion, L50, M|4/100\n|turn|7\n|\n|t:|1776434696\n|move|p2a: Tyranitar|Protect|p2a: Tyranitar\n|-singleturn|p2a: Tyranitar|Protect\n|move|p1b: Basculegion|Phantom Force||[still]\n|-prepare|p1b: Basculegion|Phantom Force\n|move|p2b: Rotom|Thunderbolt|p1a: Heracross\n|-damage|p1a: Heracross|0 fnt\n|faint|p1a: Heracross\n|\n|upkeep\n|turn|8\n|\n|t:|1776434709\n|move|p1b: Basculegion|Phantom Force|p2b: Rotom|[from] lockedmove\n|-damage|p2b: Rotom|0 fnt\n|faint|p2b: Rotom\n|move|p2a: Tyranitar|Rock Slide|p1b: Basculegion\n|-damage|p1b: Basculegion|0 fnt\n|faint|p1b: Basculegion\n|\n|win|kenantoobrown\n|raw|iliasdelm's rating: 1419 &rarr; <strong>1401</strong><br />(-18 for losing)\n|raw|kenantoobrown's rating: 1454 &rarr; <strong>1472</strong><br />(+18 for winning)\n",
  "uploadtime": 1776434709,
  "views": 52,
  "formatid": "gen9championsvgc2026regma",
  "rating": 1401,
  "private": 0,
  "password": null
}