{
  "id": "gen9championsvgc2026regma-2583568101",
  "format": "[Gen 9 Champions] VGC 2026 Reg M-A",
  "players": [
    "chris466",
    "Proderf"
  ],
  "log": "|j|\u2606chris466\n|j|\u2606Proderf\n|t:|1776183821\n|gametype|doubles\n|player|p1|chris466|red|1063\n|player|p2|Proderf|lucas|1000\n|gen|9\n|tier|[Gen 9 Champions] VGC 2026 Reg M-A\n|rated|\n|rule|Species Clause: Limit one of each Pok\u00e9mon\n|rule|Item Clause: Limit 1 of each item\n|clearpoke\n|poke|p1|Sneasler, L50, M|\n|poke|p1|Golurk, L50|\n|poke|p1|Ninetales-Alola, L50, M|\n|poke|p1|Incineroar, L50, F|\n|poke|p1|Archaludon, L50, F|\n|poke|p1|Primarina, L50, F|\n|poke|p2|Charizard, L50, F|\n|poke|p2|Torkoal, L50, M|\n|poke|p2|Farigiraf, L50, F|\n|poke|p2|Incineroar, L50, M|\n|teampreview|4\n|\n|t:|1776183827\n|teamsize|p1|4\n|teamsize|p2|4\n|start\n|switch|p1a: Incineroar|Incineroar, L50, F|100/100\n|switch|p1b: Golurk|Golurk, L50|100/100\n|switch|p2a: Incineroar|Incineroar, L50, M|100/100\n|switch|p2b: Farigiraf|Farigiraf, L50, F|100/100\n|-ability|p1a: Incineroar|Intimidate|boost\n|-unboost|p2a: Incineroar|atk|1\n|-unboost|p2b: Farigiraf|atk|1\n|turn|1\n|inactive|Battle timer is ON: inactive players will automatically lose when time's up. (requested by Proderf)\n|\n|t:|1776183848\n|detailschange|p1b: Golurk|Golurk-Mega, L50\n|-mega|p1b: Golurk|Golurk|Golurkite\n|move|p2a: Incineroar|Fake Out|p1a: Incineroar\n|-damage|p1a: Incineroar|93/100\n|cant|p1a: Incineroar|flinch\n|move|p1b: Golurk|Headlong Rush|p2a: Incineroar\n|-supereffective|p2a: Incineroar|1\n|-damage|p2a: Incineroar|0 fnt\n|-unboost|p1b: Golurk|def|1\n|-unboost|p1b: Golurk|spd|1\n|faint|p2a: Incineroar\n|move|p2b: Farigiraf|Trick Room|p2b: Farigiraf\n|-fieldstart|move: Trick Room|[of] p2b: Farigiraf\n|\n|upkeep\n|\n|t:|1776183865\n|switch|p2a: Torkoal|Torkoal, L50, M|100/100\n|-weather|SunnyDay|[from] ability: Drought|[of] p2a: Torkoal\n|turn|2\n|\n|t:|1776183872\n|move|p1b: Golurk|Protect|p1b: Golurk\n|-singleturn|p1b: Golurk|Protect\n|move|p2a: Torkoal|Solar Beam||[still]\n|-prepare|p2a: Torkoal|Solar Beam\n|-anim|p2a: Torkoal|Solar Beam|p1b: Golurk\n|-activate|p1b: Golurk|move: Protect\n|move|p2b: Farigiraf|Dazzling Gleam|p1a: Incineroar|[spread] p1a\n|-activate|p1b: Golurk|move: Protect\n|-damage|p1a: Incineroar|79/100\n|move|p1a: Incineroar|Parting Shot|p2a: Torkoal\n|-unboost|p2a: Torkoal|atk|1\n|-unboost|p2a: Torkoal|spa|1\n|\n|t:|1776183881\n|switch|p1a: Ninetales|Ninetales-Alola, L50, M|100/100|[from] Parting Shot\n|-weather|Snowscape|[from] ability: Snow Warning|[of] p1a: Ninetales\n|\n|-weather|Snowscape|[upkeep]\n|upkeep\n|turn|3\n|inactive|Proderf has 30 seconds left.\n|\n|t:|1776183908\n|switch|p1b: Incineroar|Incineroar, L50, F|79/100\n|-ability|p1b: Incineroar|Intimidate|boost\n|-unboost|p2a: Torkoal|atk|1\n|-unboost|p2b: Farigiraf|atk|1\n|switch|p2b: Charizard|Charizard, L50, F|100/100\n|move|p2a: Torkoal|Protect|p2a: Torkoal\n|-singleturn|p2a: Torkoal|Protect\n|move|p1a: Ninetales|Protect||[still]\n|-fail|p1a: Ninetales\n|\n|-weather|Snowscape|[upkeep]\n|upkeep\n|turn|4\n|\n|t:|1776183920\n|switch|p2a: Farigiraf|Farigiraf, L50, F|100/100\n|switch|p1a: Primarina|Primarina, L50, F|100/100\n|detailschange|p2b: Charizard|Charizard-Mega-X, L50, F\n|-mega|p2b: Charizard|Charizard|Charizardite X\n|move|p1b: Incineroar|Parting Shot|p2b: Charizard\n|-unboost|p2b: Charizard|atk|1\n|-unboost|p2b: Charizard|spa|1\n|\n|t:|1776183928\n|switch|p1b: Golurk|Golurk-Mega, L50|100/100|[from] Parting Shot\n|move|p2b: Charizard|Steel Wing|p1a: Primarina\n|-damage|p1a: Primarina|81/100\n|\n|-weather|Snowscape|[upkeep]\n|-heal|p1a: Primarina|87/100|[from] item: Leftovers\n|upkeep\n|turn|5\n|inactive|Proderf has 30 seconds left.\n|\n|t:|1776183958\n|move|p1b: Golurk|Headlong Rush|p2b: Charizard\n|-supereffective|p2b: Charizard|1\n|-damage|p2b: Charizard|0 fnt\n|-unboost|p1b: Golurk|def|1\n|-unboost|p1b: Golurk|spd|1\n|faint|p2b: Charizard\n|move|p2a: Farigiraf|Psychic|p1a: Primarina\n|-damage|p1a: Primarina|57/100\n|move|p1a: Primarina|Hyper Voice|p2a: Farigiraf\n|-damage|p2a: Farigiraf|70/100\n|\n|-weather|Snowscape|[upkeep]\n|-heal|p1a: Primarina|63/100|[from] item: Leftovers\n|-fieldend|move: Trick Room\n|upkeep\n|\n|t:|1776183963\n|switch|p2b: Torkoal|Torkoal, L50, M|100/100\n|-weather|SunnyDay|[from] ability: Drought|[of] p2b: Torkoal\n|turn|6\n|\n|t:|1776183978\n|move|p1a: Primarina|Hyper Voice|p2b: Torkoal|[spread] p2a,p2b\n|-supereffective|p2b: Torkoal|1\n|-damage|p2a: Farigiraf|58/100\n|-damage|p2b: Torkoal|73/100\n|move|p2a: Farigiraf|Dazzling Gleam|p1a: Primarina|[spread] p1a,p1b\n|-damage|p1a: Primarina|50/100\n|-damage|p1b: Golurk|81/100\n|move|p1b: Golurk|Headlong Rush|p2b: Torkoal\n|-supereffective|p2b: Torkoal|1\n|-damage|p2b: Torkoal|0 fnt\n|-unboost|p1b: Golurk|def|1\n|-unboost|p1b: Golurk|spd|1\n|faint|p2b: Torkoal\n|\n|-weather|SunnyDay|[upkeep]\n|-heal|p1a: Primarina|56/100|[from] item: Leftovers\n|upkeep\n|turn|7\n|-message|Proderf forfeited.\n|\n|win|chris466\n|raw|chris466's rating: 1063 &rarr; <strong>1088</strong><br />(+25 for winning)\n|raw|Proderf's rating: 1000 &rarr; <strong>1000</strong><br />(+0 for losing)\n|l|\u2606Proderf\n|player|p2|\n",
  "uploadtime": 1776183985,
  "views": 15,
  "formatid": "gen9championsvgc2026regma",
  "rating": 1000,
  "private": 0,
  "password": null
}