{
  "id": "gen9championsvgc2026regma-2585966437",
  "format": "[Gen 9 Champions] VGC 2026 Reg M-A",
  "players": [
    "Komodo_TheDragon",
    "katecorvidoe"
  ],
  "log": "|j|\u2606Komodo_TheDragon\n|j|\u2606katecorvidoe\n|t:|1776385860\n|gametype|doubles\n|player|p1|Komodo_TheDragon|blaine|1079\n|player|p2|katecorvidoe|acetrainerf-gen4dp|1005\n|gen|9\n|tier|[Gen 9 Champions] VGC 2026 Reg M-A\n|rated|\n|rule|Species Clause: Limit one of each Pok\u00e9mon\n|rule|Item Clause: Limit 1 of each item\n|clearpoke\n|poke|p1|Tyranitar, L50, M|\n|poke|p1|Aggron, L50, M|\n|poke|p1|Incineroar, L50, M|\n|poke|p1|Sneasler, L50, M|\n|poke|p1|Primarina, L50, M|\n|poke|p1|Alakazam, L50, M|\n|poke|p2|Snorlax, L50, M|\n|poke|p2|Chandelure, L50, M|\n|poke|p2|Mimikyu, L50, M|\n|poke|p2|Arcanine-Hisui, L50, F|\n|poke|p2|Garchomp, L50, F|\n|poke|p2|Hatterene, L50, F|\n|teampreview|4\nkatecorvidoe rejected open team sheets.\n|inactive|Battle timer is ON: inactive players will automatically lose when time's up. (requested by katecorvidoe)\n|inactive|katecorvidoe has 60 seconds left.\n|inactive|Komodo_TheDragon has 30 seconds left.\n|\n|t:|1776385922\n|teamsize|p1|4\n|teamsize|p2|4\n|start\n|switch|p1a: Aggron|Aggron, L50, M, shiny|100/100\n|switch|p1b: Alakazam|Alakazam, L50, M|100/100\n|switch|p2a: Hatterene|Hatterene, L50, F|100/100\n|switch|p2b: Chandelure|Chandelure, L50, M|100/100\n|turn|1\n|\n|t:|1776385947\n|detailschange|p1a: Aggron|Aggron-Mega, L50, M, shiny\n|-mega|p1a: Aggron|Aggron|Aggronite\n|move|p1b: Alakazam|Speed Swap|p1a: Aggron\n|-activate|p1b: Alakazam|move: Speed Swap|[of] p1a: Aggron\n|move|p1a: Aggron|Heavy Slam|p2a: Hatterene\n|-supereffective|p2a: Hatterene|1\n|-enditem|p2a: Hatterene|Focus Sash\n|-damage|p2a: Hatterene|1/100\n|move|p2b: Chandelure|Shadow Ball|p1b: Alakazam\n|-supereffective|p1b: Alakazam|1\n|-damage|p1b: Alakazam|0 fnt\n|faint|p1b: Alakazam\n|move|p2a: Hatterene|Trick Room|p2a: Hatterene\n|-fieldstart|move: Trick Room|[of] p2a: Hatterene\n|\n|upkeep\n|\n|t:|1776385967\n|switch|p1b: Tyranitar|Tyranitar, L50, M|100/100\n|-weather|Sandstorm|[from] ability: Sand Stream|[of] p1b: Tyranitar\n|turn|2\n|\n|t:|1776385981\n|switch|p2a: Snorlax|Snorlax, L50, M|100/100\n|move|p1a: Aggron|Protect|p1a: Aggron\n|-singleturn|p1a: Aggron|Protect\n|move|p1b: Tyranitar|Rock Slide|p2a: Snorlax|[spread] p2b\n|-miss|p1b: Tyranitar|p2a: Snorlax\n|-supereffective|p2b: Chandelure|1\n|-damage|p2b: Chandelure|40/100\n|move|p2b: Chandelure|Energy Ball|p1b: Tyranitar\n|-supereffective|p1b: Tyranitar|1\n|-damage|p1b: Tyranitar|59/100\n|\n|-weather|Sandstorm|[upkeep]\n|-damage|p2a: Snorlax|95/100|[from] Sandstorm\n|-damage|p2b: Chandelure|34/100|[from] Sandstorm\n|upkeep\n|turn|3\n|inactive|katecorvidoe has 30 seconds left.\n|\n|t:|1776386009\n|switch|p1b: Incineroar|Incineroar, L50, M|100/100\n|-ability|p1b: Incineroar|Intimidate|boost\n|-unboost|p2a: Snorlax|atk|1\n|-unboost|p2b: Chandelure|atk|1\n|move|p2a: Snorlax|Body Press|p1b: Incineroar\n|-supereffective|p1b: Incineroar|1\n|-damage|p1b: Incineroar|73/100\n|move|p2b: Chandelure|Heat Wave|p1a: Aggron|[spread] p1a,p1b\n|-supereffective|p1a: Aggron|1\n|-resisted|p1b: Incineroar|1\n|-damage|p1a: Aggron|36/100\n|-damage|p1b: Incineroar|52/100\n|move|p1a: Aggron|Body Press|p2a: Snorlax\n|-supereffective|p2a: Snorlax|1\n|-damage|p2a: Snorlax|26/100\n|-enditem|p2a: Snorlax|Sitrus Berry|[eat]\n|-heal|p2a: Snorlax|50/100|[from] item: Sitrus Berry\n|\n|-weather|Sandstorm|[upkeep]\n|-damage|p2a: Snorlax|44/100|[from] Sandstorm\n|-damage|p1b: Incineroar|46/100|[from] Sandstorm\n|-damage|p2b: Chandelure|28/100|[from] Sandstorm\n|upkeep\n|turn|4\n|\n|t:|1776386029\n|move|p1a: Aggron|Protect|p1a: Aggron\n|-singleturn|p1a: Aggron|Protect\n|move|p2a: Snorlax|Body Press|p1b: Incineroar\n|-supereffective|p1b: Incineroar|1\n|-damage|p1b: Incineroar|21/100\n|move|p1b: Incineroar|Darkest Lariat|p2b: Chandelure\n|-supereffective|p2b: Chandelure|1\n|-damage|p2b: Chandelure|0 fnt\n|faint|p2b: Chandelure\n|\n|-weather|Sandstorm|[upkeep]\n|-damage|p2a: Snorlax|38/100|[from] Sandstorm\n|-damage|p1b: Incineroar|15/100|[from] Sandstorm\n|upkeep\n|\n|t:|1776386041\n|switch|p2b: Hatterene|Hatterene, L50, F|1/100\n|turn|5\n|\n|t:|1776386054\n|switch|p1a: Tyranitar|Tyranitar, L50, M|59/100\n|move|p1b: Incineroar|Protect|p1b: Incineroar\n|-singleturn|p1b: Incineroar|Protect\n|move|p2b: Hatterene|Life Dew|p2b: Hatterene|[spread] p2a,p2b\n|-heal|p2a: Snorlax|63/100\n|-heal|p2b: Hatterene|26/100\n|move|p2a: Snorlax|Stockpile|p2a: Snorlax\n|-start|p2a: Snorlax|stockpile1\n|-boost|p2a: Snorlax|def|1\n|-boost|p2a: Snorlax|spd|1\n|\n|-weather|Sandstorm|[upkeep]\n|-damage|p2b: Hatterene|20/100|[from] Sandstorm\n|-damage|p2a: Snorlax|58/100|[from] Sandstorm\n|-damage|p1b: Incineroar|9/100|[from] Sandstorm\n|-fieldend|move: Trick Room\n|upkeep\n|turn|6\n|inactive|Komodo_TheDragon has 30 seconds left.\n|\n|t:|1776386080\n|switch|p2b: Garchomp|Garchomp, L50, F|100/100\n|move|p1b: Incineroar|Flare Blitz|p2b: Garchomp\n|-resisted|p2b: Garchomp|1\n|-damage|p2b: Garchomp|70/100\n|-damage|p1b: Incineroar|0 fnt|[from] ability: Rough Skin|[of] p2b: Garchomp\n|faint|p1b: Incineroar\n|move|p1a: Tyranitar|Low Kick|p2a: Snorlax\n|-supereffective|p2a: Snorlax|1\n|-damage|p2a: Snorlax|23/100\n|move|p2a: Snorlax|Body Press|p1a: Tyranitar\n|-supereffective|p1a: Tyranitar|2\n|-enditem|p1a: Tyranitar|Chople Berry|[eat]\n|-enditem|p1a: Tyranitar|Chople Berry|[weaken]\n|-damage|p1a: Tyranitar|20/100\n|\n|-weather|none\n|upkeep\n|\n|t:|1776386093\n|switch|p1b: Aggron|Aggron-Mega, L50, M, shiny|36/100\n|turn|7\n|\n|t:|1776386117\n|detailschange|p2b: Garchomp|Garchomp-Mega, L50, F\n|-mega|p2b: Garchomp|Garchomp|Garchompite\n|move|p1a: Tyranitar|Protect|p1a: Tyranitar\n|-singleturn|p1a: Tyranitar|Protect\n|move|p1b: Aggron|Protect|p1b: Aggron\n|-singleturn|p1b: Aggron|Protect\n|move|p2a: Snorlax|Protect|p2a: Snorlax\n|-singleturn|p2a: Snorlax|Protect\n|move|p2b: Garchomp|Earth Power|p1a: Tyranitar\n|-activate|p1a: Tyranitar|move: Protect\n|\n|upkeep\n|turn|8\n|inactive|katecorvidoe has 30 seconds left.\n|\n|t:|1776386146\n|move|p2b: Garchomp|Earth Power|p1a: Tyranitar\n|-supereffective|p1a: Tyranitar|1\n|-damage|p1a: Tyranitar|0 fnt\n|faint|p1a: Tyranitar\n|move|p1b: Aggron|Body Press|p2a: Snorlax\n|-supereffective|p2a: Snorlax|1\n|-damage|p2a: Snorlax|0 fnt\n|faint|p2a: Snorlax\n|\n|upkeep\n|\n|t:|1776386154\n|switch|p2a: Hatterene|Hatterene, L50, F|20/100\n|turn|9\n|\n|t:|1776386164\n|move|p2b: Garchomp|Earth Power|p1b: Aggron\n|-supereffective|p1b: Aggron|1\n|-damage|p1b: Aggron|0 fnt\n|faint|p1b: Aggron\n|\n|win|katecorvidoe\n|raw|Komodo_TheDragon's rating: 1079 &rarr; <strong>1053</strong><br />(-26 for losing)\n|raw|katecorvidoe's rating: 1005 &rarr; <strong>1052</strong><br />(+47 for winning)\n",
  "uploadtime": 1776386174,
  "views": 16,
  "formatid": "gen9championsvgc2026regma",
  "rating": 1052,
  "private": 0,
  "password": null
}