{
  "id": "gen9championsvgc2026regma-2586036173",
  "format": "[Gen 9 Champions] VGC 2026 Reg M-A",
  "players": [
    "Solmyr12",
    "vegemite360"
  ],
  "log": "|j|\u2606Solmyr12\n|j|\u2606vegemite360\n|t:|1776392461\n|gametype|doubles\n|player|p1|Solmyr12|linebacker|1230\n|player|p2|vegemite360|bugcatcher-gen4dp|1266\n|gen|9\n|tier|[Gen 9 Champions] VGC 2026 Reg M-A\n|rated|\n|rule|Species Clause: Limit one of each Pok\u00e9mon\n|rule|Item Clause: Limit 1 of each item\n|clearpoke\n|poke|p1|Banette, L50, M|\n|poke|p1|Snorlax, L50, F|\n|poke|p1|Abomasnow, L50, M|\n|poke|p1|Farigiraf, L50, M|\n|poke|p1|Clefable, L50, M|\n|poke|p1|Incineroar, L50, F|\n|poke|p2|Crabominable, L50, M|\n|poke|p2|Primarina, L50, M|\n|poke|p2|Kingambit, L50, M|\n|poke|p2|Slowking-Galar, L50, F|\n|poke|p2|Incineroar, L50, M|\n|poke|p2|Sinistcha, L50|\n|teampreview|4\n|inactive|Battle timer is ON: inactive players will automatically lose when time's up. (requested by vegemite360)\n|inactive|Solmyr12 has 60 seconds left.\n|inactive|vegemite360 has 60 seconds left.\n|\n|t:|1776392508\n|teamsize|p1|4\n|teamsize|p2|4\n|start\n|switch|p1a: Banette|Banette, L50, M|100/100\n|switch|p1b: Farigiraf|Farigiraf, L50, M|100/100\n|switch|p2a: Incineroar|Incineroar, L50, M|100/100\n|switch|p2b: Kingambit|Kingambit, L50, M|100/100\n|-item|p2a: Incineroar|Sitrus Berry|[from] ability: Frisk|[of] p1a: Banette\n|-item|p2b: Kingambit|Black Glasses|[from] ability: Frisk|[of] p1a: Banette\n|-ability|p2a: Incineroar|Intimidate|boost\n|-unboost|p1a: Banette|atk|1\n|-unboost|p1b: Farigiraf|atk|1\n|turn|1\n|inactive|vegemite360 has 30 seconds left.\n|\n|t:|1776392538\n|detailschange|p1a: Banette|Banette-Mega, L50, M\n|-mega|p1a: Banette|Banette|Banettite\n|move|p1a: Banette|Protect|p1a: Banette\n|-singleturn|p1a: Banette|Protect\n|move|p1b: Farigiraf|Protect|p1b: Farigiraf\n|-singleturn|p1b: Farigiraf|Protect\n|move|p2a: Incineroar|Parting Shot|p1a: Banette\n|-activate|p1a: Banette|move: Protect\n|move|p2b: Kingambit|Kowtow Cleave|p1b: Farigiraf\n|-activate|p1b: Farigiraf|move: Protect\n|\n|upkeep\n|turn|2\n|inactive|Solmyr12 has 30 seconds left.\n|inactive|vegemite360 has 30 seconds left.\n|inactive|vegemite360 has 20 seconds left.\n|inactive|vegemite360 has 15 seconds left.\n|\n|t:|1776392582\n|switch|p1b: Incineroar|Incineroar, L50, F|100/100\n|-ability|p1b: Incineroar|Intimidate|boost\n|-unboost|p2a: Incineroar|atk|1\n|-unboost|p2b: Kingambit|atk|1\n|-ability|p2b: Kingambit|Defiant|boost\n|-boost|p2b: Kingambit|atk|2\n|move|p1a: Banette|Poltergeist|p2a: Incineroar|[miss]\n|-miss|p1a: Banette|p2a: Incineroar\n|move|p2a: Incineroar|Flare Blitz|p1b: Incineroar\n|-resisted|p1b: Incineroar|1\n|-damage|p1b: Incineroar|85/100\n|-damage|p2a: Incineroar|95/100|[from] Recoil\n|move|p2b: Kingambit|Kowtow Cleave|p1b: Incineroar\n|-resisted|p1b: Incineroar|1\n|-damage|p1b: Incineroar|40/100\n|\n|upkeep\n|turn|3\n|inactive|Solmyr12 has 30 seconds left.\n|inactive|vegemite360 has 30 seconds left.\n|\n|t:|1776392613\n|move|p2b: Kingambit|Protect|p2b: Kingambit\n|-singleturn|p2b: Kingambit|Protect\n|move|p1a: Banette|Poltergeist|p2b: Kingambit\n|-activate|p2b: Kingambit|move: Protect\n|move|p2a: Incineroar|Parting Shot|p1b: Incineroar\n|-unboost|p1b: Incineroar|atk|1\n|-unboost|p1b: Incineroar|spa|1\n|\n|t:|1776392623\n|switch|p2a: Primarina|Primarina, L50, M|100/100|[from] Parting Shot\n|move|p1b: Incineroar|Flare Blitz|p2b: Kingambit\n|-activate|p2b: Kingambit|move: Protect\n|\n|upkeep\n|turn|4\n|\n|t:|1776392635\n|switch|p1b: Farigiraf|Farigiraf, L50, M|100/100\n|move|p2b: Kingambit|Sucker Punch||[still]\n|cant|p1b: Farigiraf|ability: Armor Tail|Sucker Punch|[of] p2b: Kingambit\n|move|p1a: Banette|Poltergeist|p2a: Primarina\n|-activate|p2a: Primarina|move: Poltergeist|Leftovers\n|-damage|p2a: Primarina|44/100\n|move|p2a: Primarina|Hyper Voice|p1a: Banette|[spread] p1a,p1b\n|-damage|p1a: Banette|57/100\n|-damage|p1b: Farigiraf|70/100\n|\n|-heal|p2a: Primarina|50/100|[from] item: Leftovers\n|upkeep\n|turn|5\n|c|\u2606Solmyr12|Why did dark types need to be immune to prankster?\n|inactive|Solmyr12 has 30 seconds left.\n|inactive|Solmyr12 has 20 seconds left.\n|\n|t:|1776392672\n|switch|p2a: Incineroar|Incineroar, L50, M|95/100\n|-ability|p2a: Incineroar|Intimidate|boost\n|-unboost|p1a: Banette|atk|1\n|-unboost|p1b: Farigiraf|atk|1\n|move|p1b: Farigiraf|Protect|p1b: Farigiraf\n|-singleturn|p1b: Farigiraf|Protect\n|move|p1a: Banette|Disable|p2a: Incineroar\n|-hint|Since gen 7, Dark is immune to Prankster moves.\n|-immune|p2a: Incineroar\n|move|p2b: Kingambit|Kowtow Cleave|p1b: Farigiraf\n|-activate|p1b: Farigiraf|move: Protect\n|\n|upkeep\n|turn|6\n|\n|t:|1776392688\n|move|p1a: Banette|Destiny Bond|p1a: Banette\n|-singlemove|p1a: Banette|Destiny Bond\n|move|p2a: Incineroar|Flare Blitz|p1a: Banette\n|-damage|p1a: Banette|0 fnt\n|faint|p1a: Banette\n|-activate|p1a: Banette|move: Destiny Bond\n|faint|p2a: Incineroar\n|move|p2b: Kingambit|Kowtow Cleave|p1b: Farigiraf\n|-supereffective|p1b: Farigiraf|1\n|-damage|p1b: Farigiraf|0 fnt\n|faint|p1b: Farigiraf\n|\n|upkeep\n|\n|t:|1776392705\n|switch|p1a: Snorlax|Snorlax, L50, F|100/100\n|switch|p2a: Crabominable|Crabominable, L50, M|100/100\n|switch|p1b: Incineroar|Incineroar, L50, F|40/100\n|-ability|p1b: Incineroar|Intimidate|boost\n|-fail|p2a: Crabominable|unboost|Attack|[from] ability: Hyper Cutter|[of] p2a: Crabominable\n|-unboost|p2b: Kingambit|atk|1\n|-ability|p2b: Kingambit|Defiant|boost\n|-boost|p2b: Kingambit|atk|2\n|turn|7\n|inactive|Solmyr12 has 30 seconds left.\n|inactive|Solmyr12 has 20 seconds left.\n|inactive|vegemite360 has 30 seconds left.\n|inactive|Solmyr12 has 15 seconds left.\n|inactive|Solmyr12 has 10 seconds left.\n|inactive|Solmyr12 has 5 seconds left.\n|\n|t:|1776392756\n|detailschange|p2a: Crabominable|Crabominable-Mega, L50, M\n|-mega|p2a: Crabominable|Crabominable|Crabominite\n|move|p1b: Incineroar|Fake Out|p2b: Kingambit\n|-resisted|p2b: Kingambit|1\n|-damage|p2b: Kingambit|96/100\n|cant|p2b: Kingambit|flinch\n|move|p2a: Crabominable|Drain Punch|p1a: Snorlax\n|-supereffective|p1a: Snorlax|1\n|-damage|p1a: Snorlax|0 fnt\n|faint|p1a: Snorlax\n|\n|upkeep\n|turn|8\n|\n|t:|1776392769\n|move|p2a: Crabominable|Mach Punch|p1b: Incineroar\n|-supereffective|p1b: Incineroar|1\n|-damage|p1b: Incineroar|0 fnt\n|faint|p1b: Incineroar\n|\n|win|vegemite360\n|raw|Solmyr12's rating: 1230 &rarr; <strong>1208</strong><br />(-22 for losing)\n|raw|vegemite360's rating: 1266 &rarr; <strong>1288</strong><br />(+22 for winning)\n",
  "uploadtime": 1776392771,
  "views": 20,
  "formatid": "gen9championsvgc2026regma",
  "rating": 1208,
  "private": 0,
  "password": null
}