{
  "id": "gen9championsvgc2026regma-2587891717",
  "format": "[Gen 9 Champions] VGC 2026 Reg M-A",
  "players": [
    "Suspenceful",
    "TheGamingMammoth"
  ],
  "log": "|j|\u2606Suspenceful\n|j|\u2606TheGamingMammoth\n|t:|1776575367\n|gametype|doubles\n|player|p1|Suspenceful|steven|1214\n|player|p2|TheGamingMammoth|1|1116\n|gen|9\n|tier|[Gen 9 Champions] VGC 2026 Reg M-A\n|rated|\n|rule|Species Clause: Limit one of each Pok\u00e9mon\n|rule|Item Clause: Limit 1 of each item\n|clearpoke\n|poke|p1|Aerodactyl, L50, M|\n|poke|p1|Garchomp, L50, M|\n|poke|p1|Incineroar, L50, F|\n|poke|p1|Clefable, L50, M|\n|poke|p1|Sinistcha, L50|\n|poke|p1|Empoleon, L50, M|\n|poke|p2|Politoed, L50, M|\n|poke|p2|Venusaur, L50, M|\n|poke|p2|Charizard, L50, M, shiny|\n|poke|p2|Clefable, L50, F|\n|poke|p2|Scizor, L50, F|\n|poke|p2|Sableye, L50, M|\n|teampreview|4\n|inactive|Battle timer is ON: inactive players will automatically lose when time's up. (requested by Suspenceful)\n|inactive|Suspenceful has 60 seconds left.\n|inactive|TheGamingMammoth has 60 seconds left.\n|\n|t:|1776575424\n|teamsize|p1|4\n|teamsize|p2|4\n|start\n|switch|p1a: Clefable|Clefable, L50, M|100/100\n|switch|p1b: Garchomp|Garchomp, L50, M|100/100\n|switch|p2a: Venusaur|Venusaur, L50, M|100/100\n|switch|p2b: Sableye|Sableye, L50, M|100/100\n|turn|1\n|\n|t:|1776575442\n|detailschange|p1a: Clefable|Clefable-Mega, L50, M\n|-mega|p1a: Clefable|Clefable|Clefablite\n|move|p2b: Sableye|Fake Out|p1b: Garchomp\n|-damage|p1b: Garchomp|94/100\n|-damage|p2b: Sableye|88/100|[from] ability: Rough Skin|[of] p1b: Garchomp\n|move|p1a: Clefable|Follow Me|p1a: Clefable\n|-singleturn|p1a: Clefable|move: Follow Me\n|cant|p1b: Garchomp|flinch\n|move|p2a: Venusaur|Sleep Powder|p1a: Clefable\n|move|p1a: Clefable|Sleep Powder|p2a: Venusaur|[from] ability: Magic Bounce\n|-immune|p2a: Venusaur\n|\n|-heal|p2b: Sableye|94/100|[from] item: Leftovers\n|upkeep\n|turn|2\n|inactive|TheGamingMammoth has 30 seconds left.\n|inactive|TheGamingMammoth has 20 seconds left.\n|inactive|TheGamingMammoth has 15 seconds left.\n|\n|t:|1776575483\n|switch|p2b: Scizor|Scizor, L50, F|100/100\n|detailschange|p2a: Venusaur|Venusaur-Mega, L50, M\n|-mega|p2a: Venusaur|Venusaur|Venusaurite\n|move|p1a: Clefable|Protect|p1a: Clefable\n|-singleturn|p1a: Clefable|Protect\n|move|p1b: Garchomp|Dragon Claw|p2a: Venusaur\n|-damage|p2a: Venusaur|70/100\n|move|p2a: Venusaur|Sludge Bomb|p1a: Clefable\n|-activate|p1a: Clefable|move: Protect\n|\n|upkeep\n|turn|3\n|\n|t:|1776575499\n|switch|p1a: Incineroar|Incineroar, L50, F|100/100\n|-ability|p1a: Incineroar|Intimidate|boost\n|-unboost|p2a: Venusaur|atk|1\n|-unboost|p2b: Scizor|atk|1\n|move|p1b: Garchomp|Dragon Claw|p2a: Venusaur\n|-damage|p2a: Venusaur|37/100\n|move|p2a: Venusaur|Sludge Bomb|p1a: Incineroar\n|-damage|p1a: Incineroar|66/100\n|move|p2b: Scizor|Swords Dance|p2b: Scizor\n|-boost|p2b: Scizor|atk|2\n|\n|upkeep\n|turn|4\n|inactive|Suspenceful has 30 seconds left.\n|\n|t:|1776575529\n|switch|p2a: Politoed|Politoed, L50, M|100/100\n|-weather|RainDance|[from] ability: Drizzle|[of] p2a: Politoed\n|move|p2b: Scizor|Protect|p2b: Scizor\n|-singleturn|p2b: Scizor|Protect\n|move|p1a: Incineroar|Fake Out|p2b: Scizor\n|-activate|p2b: Scizor|move: Protect\n|move|p1b: Garchomp|Dragon Claw|p2a: Politoed\n|-damage|p2a: Politoed|46/100\n|\n|-weather|RainDance|[upkeep]\n|upkeep\n|turn|5\n|\n|t:|1776575551\n|move|p2a: Politoed|Ice Beam|p1b: Garchomp\n|-supereffective|p1b: Garchomp|2\n|-damage|p1b: Garchomp|0 fnt\n|faint|p1b: Garchomp\n|move|p2b: Scizor|Bug Bite|p1a: Incineroar\n|-damage|p1a: Incineroar|0 fnt\n|-enditem|p1a: Incineroar|Sitrus Berry|[from] stealeat|[move] Bug Bite|[of] p2b: Scizor\n|faint|p1a: Incineroar\n|\n|-weather|RainDance|[upkeep]\n|upkeep\n|\n|t:|1776575558\n|switch|p1b: Clefable|Clefable-Mega, L50, M|100/100\n|switch|p1a: Sinistcha|Sinistcha, L50|100/100\n|turn|6\n|\n|t:|1776575568\n|move|p1a: Sinistcha|Rage Powder|p1a: Sinistcha\n|-singleturn|p1a: Sinistcha|move: Rage Powder\n|move|p2a: Politoed|Ice Beam|p1a: Sinistcha\n|-supereffective|p1a: Sinistcha|1\n|-damage|p1a: Sinistcha|43/100\n|-status|p1a: Sinistcha|frz\n|move|p1b: Clefable|Moonblast|p2a: Politoed\n|-damage|p2a: Politoed|0 fnt\n|faint|p2a: Politoed\n|move|p2b: Scizor|Bug Bite|p1a: Sinistcha\n|-damage|p1a: Sinistcha|0 fnt\n|-enditem|p1a: Sinistcha|Kasib Berry|[from] stealeat|[move] Bug Bite|[of] p2b: Scizor\n|faint|p1a: Sinistcha\n|\n|-weather|RainDance|[upkeep]\n|upkeep\n|\n|t:|1776575580\n|switch|p2a: Venusaur|Venusaur-Mega, L50, M|37/100\n|turn|7\n|\n|t:|1776575586\n|move|p2b: Scizor|Bullet Punch|p1b: Clefable\n|-supereffective|p1b: Clefable|1\n|-damage|p1b: Clefable|23/100\n|move|p2a: Venusaur|Sludge Bomb|p1b: Clefable\n|-supereffective|p1b: Clefable|1\n|-damage|p1b: Clefable|0 fnt\n|faint|p1b: Clefable\n|\n|win|TheGamingMammoth\n|raw|Suspenceful's rating: 1214 &rarr; <strong>1182</strong><br />(-32 for losing)\n|raw|TheGamingMammoth's rating: 1116 &rarr; <strong>1148</strong><br />(+32 for winning)\n",
  "uploadtime": 1776575586,
  "views": 13,
  "formatid": "gen9championsvgc2026regma",
  "rating": 1148,
  "private": 0,
  "password": null
}