{
  "id": "gen9championsvgc2026regma-2585602239",
  "format": "[Gen 9 Champions] VGC 2026 Reg M-A",
  "players": [
    "slowbroloveseating",
    "Blaze Neo!"
  ],
  "log": "|j|\u2606slowbroloveseating\n|j|\u2606Blaze Neo!\n|t:|1776358217\n|gametype|doubles\n|player|p1|slowbroloveseating|colress|1069\n|player|p2|Blaze Neo!|265|1025\n|gen|9\n|tier|[Gen 9 Champions] VGC 2026 Reg M-A\n|rated|\n|rule|Species Clause: Limit one of each Pok\u00e9mon\n|rule|Item Clause: Limit 1 of each item\n|clearpoke\n|poke|p1|Tyranitar, L50, F|\n|poke|p1|Meganium, L50, M|\n|poke|p1|Basculegion, L50, M|\n|poke|p1|Garchomp, L50, F|\n|poke|p1|Sneasler, L50, M|\n|poke|p1|Aerodactyl, L50, F|\n|poke|p2|Greninja-*, L50, M|\n|poke|p2|Pelipper, L50, F|\n|poke|p2|Volcarona, L50, F|\n|poke|p2|Rotom-Wash, L50|\n|poke|p2|Archaludon, L50, M|\n|poke|p2|Gengar, L50, M|\n|teampreview|4\n|c|\u2606slowbroloveseating|gl and hf\n|\n|t:|1776358272\n|teamsize|p1|4\n|teamsize|p2|4\n|start\n|switch|p1a: Garchomp|Garchomp, L50, F|100/100\n|switch|p1b: Aerodactyl|Aerodactyl, L50, F|100/100\n|switch|p2a: Greninja|Greninja, L50, M|100/100\n|switch|p2b: Pelipper|Pelipper, L50, F|100/100\n|-ability|p1b: Aerodactyl|Unnerve\n|-weather|RainDance|[from] ability: Drizzle|[of] p2b: Pelipper\n|turn|1\n|\n|t:|1776358303\n|move|p1a: Garchomp|Protect|p1a: Garchomp\n|-singleturn|p1a: Garchomp|Protect\n|move|p1b: Aerodactyl|Tailwind|p1b: Aerodactyl\n|-sidestart|p1: slowbroloveseating|move: Tailwind\n|move|p2a: Greninja|Ice Beam|p1a: Garchomp\n|-start|p2a: Greninja|typechange|Ice|[from] ability: Protean\n|-activate|p1a: Garchomp|move: Protect\n|move|p2b: Pelipper|Hurricane|p1b: Aerodactyl\n|-resisted|p1b: Aerodactyl|1\n|-damage|p1b: Aerodactyl|64/100\n|\n|-weather|RainDance|[upkeep]\n|upkeep\n|turn|2\n|\n|t:|1776358351\n|switch|p2b: Rotom|Rotom-Wash, L50|100/100\n|move|p2a: Greninja|Protect|p2a: Greninja\n|-singleturn|p2a: Greninja|Protect\n|move|p1b: Aerodactyl|Rock Slide|p2b: Rotom|[spread] p2b\n|-activate|p2a: Greninja|move: Protect\n|-damage|p2b: Rotom|76/100\n|move|p1a: Garchomp|Scale Shot|p2a: Greninja\n|-activate|p2a: Greninja|move: Protect\n|\n|-weather|RainDance|[upkeep]\n|upkeep\n|turn|3\n|\n|t:|1776358387\n|switch|p1b: Meganium|Meganium, L50, M|100/100\n|detailschange|p2a: Greninja|Greninja-Mega, L50, M\n|-mega|p2a: Greninja|Greninja|Greninjite\n|move|p1a: Garchomp|Protect|p1a: Garchomp\n|-singleturn|p1a: Garchomp|Protect\n|move|p2a: Greninja|Ice Beam|p1a: Garchomp\n|-start|p2a: Greninja|typechange|Ice|[from] ability: Protean\n|-activate|p1a: Garchomp|move: Protect\n|move|p2b: Rotom|Volt Switch|p1b: Meganium\n|-resisted|p1b: Meganium|1\n|-damage|p1b: Meganium|89/100\n|\n|t:|1776358410\n|switch|p2b: Volcarona|Volcarona, L50, F|100/100|[from] Volt Switch\n|\n|-weather|RainDance|[upkeep]\n|upkeep\n|turn|4\n|\n|t:|1776358464\n|detailschange|p1b: Meganium|Meganium-Mega, L50, M\n|-mega|p1b: Meganium|Meganium|Meganiumite\n|move|p1a: Garchomp|Earthquake|p2b: Volcarona|[spread] p1b,p2a,p2b\n|-resisted|p1b: Meganium|1\n|-damage|p1b: Meganium|70/100\n|-damage|p2a: Greninja|16/100\n|-damage|p2b: Volcarona|29/100\n|move|p1b: Meganium|Dazzling Gleam|p2b: Volcarona|[spread] p2a,p2b\n|-resisted|p2b: Volcarona|1\n|-damage|p2a: Greninja|0 fnt\n|-damage|p2b: Volcarona|9/100\n|faint|p2a: Greninja\n|move|p2b: Volcarona|Heat Wave|p1a: Garchomp|[spread] p1a,p1b\n|-resisted|p1a: Garchomp|1\n|-supereffective|p1b: Meganium|1\n|-damage|p1a: Garchomp|91/100\n|-damage|p1b: Meganium|31/100\n|\n|-weather|RainDance|[upkeep]\n|-heal|p2b: Volcarona|15/100|[from] item: Leftovers\n|-sideend|p1: slowbroloveseating|move: Tailwind\n|upkeep\n|\n|t:|1776358488\n|switch|p2a: Pelipper|Pelipper, L50, F|100/100\n|turn|5\n|\n|t:|1776358510\n|move|p1b: Meganium|Protect|p1b: Meganium\n|-singleturn|p1b: Meganium|Protect\n|move|p2b: Volcarona|Heat Wave|p1b: Meganium|[spread] p1a\n|-activate|p1b: Meganium|move: Protect\n|-resisted|p1a: Garchomp|1\n|-damage|p1a: Garchomp|81/100\n|move|p1a: Garchomp|Scale Shot|p2b: Volcarona\n|-damage|p2b: Volcarona|0 fnt\n|faint|p2b: Volcarona\n|-hitcount|p2: Volcarona|1\n|-unboost|p1a: Garchomp|def|1\n|-boost|p1a: Garchomp|spe|1\n|move|p2a: Pelipper|Hurricane|p1a: Garchomp\n|-damage|p1a: Garchomp|30/100\n|\n|-weather|none\n|upkeep\n|\n|t:|1776358528\n|switch|p2b: Rotom|Rotom-Wash, L50|76/100\n|turn|6\n|\n|t:|1776358587\n|switch|p1b: Aerodactyl|Aerodactyl, L50, F|64/100\n|-ability|p1b: Aerodactyl|Unnerve\n|move|p1a: Garchomp|Scale Shot|p2a: Pelipper\n|-damage|p2a: Pelipper|85/100\n|-damage|p2a: Pelipper|70/100\n|-damage|p2a: Pelipper|56/100\n|-hitcount|p2a: Pelipper|3\n|-unboost|p1a: Garchomp|def|1\n|-boost|p1a: Garchomp|spe|1\n|move|p2b: Rotom|Electroweb|p1a: Garchomp|[spread] p1b\n|-immune|p1a: Garchomp\n|-supereffective|p1b: Aerodactyl|1\n|-damage|p1b: Aerodactyl|29/100\n|-unboost|p1b: Aerodactyl|spe|1\n|move|p2a: Pelipper|Icy Wind|p1a: Garchomp|[spread] p1a\n|-miss|p2a: Pelipper|p1b: Aerodactyl\n|-supereffective|p1a: Garchomp|2\n|-damage|p1a: Garchomp|0 fnt\n|faint|p1a: Garchomp\n|\n|upkeep\n|\n|t:|1776358613\n|switch|p1a: Meganium|Meganium-Mega, L50, M|31/100\n|turn|7\n|\n|t:|1776358626\n|move|p1a: Meganium|Protect|p1a: Meganium\n|-singleturn|p1a: Meganium|Protect\n|move|p1b: Aerodactyl|Tailwind|p1b: Aerodactyl\n|-sidestart|p1: slowbroloveseating|move: Tailwind\n|move|p2b: Rotom|Electroweb|p1b: Aerodactyl|[spread] p1b\n|-activate|p1a: Meganium|move: Protect\n|-supereffective|p1b: Aerodactyl|1\n|-damage|p1b: Aerodactyl|0 fnt\n|faint|p1b: Aerodactyl\n|move|p2a: Pelipper|Icy Wind|p1a: Meganium\n|-activate|p1a: Meganium|move: Protect\n|\n|upkeep\n|\n|t:|1776358637\n|switch|p1b: Basculegion|Basculegion, L50, M|100/100\n|turn|8\n|c|\u2606slowbroloveseating|gg\n|\n|t:|1776358665\n|move|p1b: Basculegion|Last Respects|p2a: Pelipper\n|-damage|p2a: Pelipper|0 fnt\n|faint|p2a: Pelipper\n|move|p1a: Meganium|Solar Beam||[still]\n|-prepare|p1a: Meganium|Solar Beam\n|-activate|p1a: Meganium|ability: Mega Sol\n|-anim|p1a: Meganium|Solar Beam|p2b: Rotom\n|-supereffective|p2b: Rotom|1\n|-enditem|p2b: Rotom|Rindo Berry|[eat]\n|-enditem|p2b: Rotom|Rindo Berry|[weaken]\n|-damage|p2b: Rotom|2/100\n|move|p2b: Rotom|Volt Switch|p1b: Basculegion\n|-supereffective|p1b: Basculegion|1\n|-damage|p1b: Basculegion|41/100\n|\n|upkeep\n|turn|9\n|\n|t:|1776358692\n|move|p1b: Basculegion|Last Respects|p2b: Rotom\n|-damage|p2b: Rotom|0 fnt\n|faint|p2b: Rotom\n|\n|win|slowbroloveseating\n|raw|slowbroloveseating's rating: 1069 &rarr; <strong>1095</strong><br />(+26 for winning)\n|raw|Blaze Neo!'s rating: 1025 &rarr; <strong>1013</strong><br />(-12 for losing)\n",
  "uploadtime": 1776358702,
  "views": 29,
  "formatid": "gen9championsvgc2026regma",
  "rating": 1013,
  "private": 0,
  "password": null
}