{
  "id": "gen9championsvgc2026regma-2580918912",
  "format": "[Gen 9 Champions] VGC 2026 Reg M-A",
  "players": [
    "Patesaus77",
    "Ahren_pkkm"
  ],
  "log": "|j|\u2606Patesaus77\n|j|\u2606Ahren_pkkm\n|t:|1775943305\n|gametype|doubles\n|player|p1|Patesaus77|cyrus|1060\n|player|p2|Ahren_pkkm|barry|1078\n|gen|9\n|tier|[Gen 9 Champions] VGC 2026 Reg M-A\n|rated|\n|rule|Species Clause: Limit one of each Pok\u00e9mon\n|rule|Item Clause: Limit 1 of each item\n|clearpoke\n|poke|p1|Incineroar, L50, M|\n|poke|p1|Sneasler, L50, M|\n|poke|p1|Pelipper, L50, M|\n|poke|p1|Feraligatr, L50, M|\n|poke|p1|Archaludon, L50, M|\n|poke|p1|Basculegion, L50, M|\n|poke|p2|Slowbro-Galar, L50, M|\n|poke|p2|Incineroar, L50, F|\n|poke|p2|Lopunny, L50, F|\n|poke|p2|Milotic, L50, M|\n|poke|p2|Corviknight, L50, F|\n|poke|p2|Garchomp, L50, M|\n|teampreview|4\n|\n|t:|1775943335\n|teamsize|p1|4\n|teamsize|p2|4\n|start\n|switch|p1a: Pelipper|Pelipper, L50, M|100/100\n|switch|p1b: Archaludon|Archaludon, L50, M|100/100\n|switch|p2a: Garchomp|Garchomp, L50, M|100/100\n|switch|p2b: Milotic|Milotic, L50, M|100/100\n|-weather|RainDance|[from] ability: Drizzle|[of] p1a: Pelipper\n|turn|1\n|\n|t:|1775943355\n|move|p1b: Archaludon|Protect|p1b: Archaludon\n|-singleturn|p1b: Archaludon|Protect\n|move|p2a: Garchomp|Stone Edge|p1a: Pelipper|[miss]\n|-miss|p2a: Garchomp|p1a: Pelipper\n|move|p2b: Milotic|Ice Beam|p1a: Pelipper\n|-damage|p1a: Pelipper|64/100\n|-status|p1a: Pelipper|frz\n|-curestatus|p1a: Pelipper|frz|[msg]\n|move|p1a: Pelipper|Tailwind|p1a: Pelipper\n|-sidestart|p1: Patesaus77|move: Tailwind\n|\n|-weather|RainDance|[upkeep]\n|upkeep\n|turn|2\n|\n|t:|1775943384\n|move|p1a: Pelipper|Protect|p1a: Pelipper\n|-singleturn|p1a: Pelipper|Protect\n|move|p2a: Garchomp|Protect|p2a: Garchomp\n|-singleturn|p2a: Garchomp|Protect\n|move|p1b: Archaludon|Electro Shot||[still]\n|-prepare|p1b: Archaludon|Electro Shot\n|-boost|p1b: Archaludon|spa|1\n|-anim|p1b: Archaludon|Electro Shot|p2b: Milotic\n|-supereffective|p2b: Milotic|1\n|-damage|p2b: Milotic|5/100\n|move|p2b: Milotic|Ice Beam|p1a: Pelipper\n|-activate|p1a: Pelipper|move: Protect\n|\n|-weather|RainDance|[upkeep]\n|-heal|p2b: Milotic|11/100|[from] item: Leftovers\n|upkeep\n|turn|3\n|\n|t:|1775943407\n|switch|p1a: Sneasler|Sneasler, L50, M|100/100\n|move|p1b: Archaludon|Electro Shot||[still]\n|-prepare|p1b: Archaludon|Electro Shot\n|-boost|p1b: Archaludon|spa|1\n|-anim|p1b: Archaludon|Electro Shot|p2b: Milotic\n|-supereffective|p2b: Milotic|1\n|-damage|p2b: Milotic|0 fnt\n|faint|p2b: Milotic\n|move|p2a: Garchomp|Stone Edge|p1a: Sneasler\n|-resisted|p1a: Sneasler|1\n|-damage|p1a: Sneasler|69/100\n|\n|-weather|RainDance|[upkeep]\n|upkeep\n|\n|t:|1775943419\n|switch|p2b: Corviknight|Corviknight, L50, F, shiny|100/100\n|turn|4\n|\n|t:|1775943428\n|move|p2a: Garchomp|Protect|p2a: Garchomp\n|-singleturn|p2a: Garchomp|Protect\n|move|p1a: Sneasler|Fake Out|p2a: Garchomp\n|-activate|p2a: Garchomp|move: Protect\n|move|p1b: Archaludon|Electro Shot||[still]\n|-prepare|p1b: Archaludon|Electro Shot\n|-boost|p1b: Archaludon|spa|1\n|-anim|p1b: Archaludon|Electro Shot|p2b: Corviknight\n|-supereffective|p2b: Corviknight|1\n|-damage|p2b: Corviknight|0 fnt\n|faint|p2b: Corviknight\n|\n|-weather|RainDance|[upkeep]\n|-sideend|p1: Patesaus77|move: Tailwind\n|upkeep\n|\n|t:|1775943439\n|switch|p2b: Lopunny|Lopunny, L50, F|100/100\n|turn|5\n|\n|t:|1775943465\n|detailschange|p2b: Lopunny|Lopunny-Mega, L50, F\n|-mega|p2b: Lopunny|Lopunny|Lopunnite\n|move|p1b: Archaludon|Protect|p1b: Archaludon\n|-singleturn|p1b: Archaludon|Protect\n|move|p2b: Lopunny|Close Combat|p1b: Archaludon\n|-activate|p1b: Archaludon|move: Protect\n|move|p1a: Sneasler|Close Combat|p2b: Lopunny\n|-supereffective|p2b: Lopunny|1\n|-damage|p2b: Lopunny|0 fnt\n|-unboost|p1a: Sneasler|def|1\n|-unboost|p1a: Sneasler|spd|1\n|faint|p2b: Lopunny\n|-enditem|p1a: Sneasler|White Herb\n|-clearnegativeboost|p1a: Sneasler|[silent]\n|move|p2a: Garchomp|Earthquake|p1b: Archaludon|[spread] p1a\n|-activate|p1b: Archaludon|move: Protect\n|-supereffective|p1a: Sneasler|1\n|-damage|p1a: Sneasler|0 fnt\n|faint|p1a: Sneasler\n|\n|-weather|none\n|upkeep\n|-message|Ahren_pkkm forfeited.\n|\n|win|Patesaus77\n|raw|Patesaus77's rating: 1060 &rarr; <strong>1093</strong><br />(+33 for winning)\n|raw|Ahren_pkkm's rating: 1078 &rarr; <strong>1055</strong><br />(-23 for losing)\n|l|\u2606Ahren_pkkm\n|player|p2|\n",
  "uploadtime": 1775943522,
  "views": 21,
  "formatid": "gen9championsvgc2026regma",
  "rating": 1055,
  "private": 0,
  "password": null
}