{
  "id": "gen9championsvgc2026regma-2583664363",
  "format": "[Gen 9 Champions] VGC 2026 Reg M-A",
  "players": [
    "Okidogi11#2",
    "ohko_muk"
  ],
  "log": "|j|\u2606Okidogi11#2\n|j|\u2606ohko_muk\n|html|<table width=\"100%\"><tr><td align=\"left\">Okidogi11#2</td><td align=\"right\">ohko_muk</tr><tr><td align=\"left\"><i class=\"fa fa-circle\"></i> <i class=\"fa fa-circle-o\"></i> </td><td align=\"right\"><i class=\"fa fa-circle-o\"></i> <i class=\"fa fa-circle\"></i> </tr></table>\n|uhtml|bestof|<h2><strong>Game 3</strong> of <a href=\"/game-bestof3-gen9championsvgc2026regma-2583654360\">a best-of-3</a></h2>\n|t:|1776189641\n|gametype|doubles\n|player|p1|Okidogi11#2|170|\n|player|p2|ohko_muk|gambler|\n|gen|9\n|tier|[Gen 9 Champions] VGC 2026 Reg M-A\n|rated|Tournament battle\n|rule|Species Clause: Limit one of each Pok\u00e9mon\n|rule|Item Clause: Limit 1 of each item\n|raw|<div class=\"infobox\"><details class=\"readmore\" open><summary><strong>2 custom rules:</strong></summary> Force Open Team Sheets, Best of = 3</details></div>\n|clearpoke\n|poke|p1|Feraligatr, L50, F|\n|poke|p1|Clefable, L50, F|\n|poke|p1|Incineroar, L50, M|\n|poke|p1|Sneasler, L50, F|\n|poke|p1|Delphox, L50, F|\n|poke|p1|Kingambit, L50, M|\n|poke|p2|Farigiraf, L50, F|\n|poke|p2|Blastoise, L50, M|\n|poke|p2|Bellibolt, L50, F|\n|poke|p2|Mamoswine, L50, M|\n|poke|p2|Whimsicott, L50, F|\n|poke|p2|Delphox, L50, F|\n|teampreview|4\n|showteam|p1|Feraligatr||Feraligite|Torrent|DoubleEdge,DragonDance,Liquidation,Protect|||F|||50|]Clefable||SitrusBerry|Unaware|FollowMe,Moonblast,LifeDew,Protect|||F|||50|]Incineroar||ShucaBerry|Intimidate|FakeOut,PartingShot,FlareBlitz,ThroatChop|||M|||50|]Sneasler||WhiteHerb|Unburden|Coaching,DireClaw,FakeOut,CloseCombat|||F|||50|]Delphox||Delphoxite|Blaze|NastyPlot,HeatWave,Psychic,Protect|||F|||50|]Kingambit||FocusSash|Defiant|KowtowCleave,SuckerPunch,IronHead,Protect|||M|||50|\n|showteam|p2|Farigiraf||SilkScarf|ArmorTail|HyperVoice,Psychic,TrickRoom,RainDance|||F|||50|]Blastoise||Blastoisinite|Torrent|WaterSpout,FakeOut,DarkPulse,MuddyWater|||M|||50|]Bellibolt||SitrusBerry|Electromorphosis|Discharge,Thunderbolt,ParabolicCharge,Protect|||F|||50|]Mamoswine||FocusSash|Oblivious|Earthquake,IcicleCrash,IceShard,Protect|||M|||50|]Whimsicott||BabiriBerry|Prankster|Moonblast,Tailwind,Encore,SunnyDay|||F|||50|]Delphox||Delphoxite|Blaze|HeatWave,Psychic,NastyPlot,Protect|||F|||50|\n|inactive|Battle timer is ON: inactive players will automatically lose when time's up. (requested by ohko_muk)\n|j| Chillley\n|c| Chillley|feels the aura\n|inactive|Okidogi11#2 has 60 seconds left.\n|\n|t:|1776189707\n|teamsize|p1|4\n|teamsize|p2|4\n|start\n|switch|p1a: Feraligatr|Feraligatr, L50, F|100/100\n|switch|p1b: Kingambit|Kingambit, L50, M|100/100\n|switch|p2a: Farigiraf|Farigiraf, L50, F|100/100\n|switch|p2b: Blastoise|Blastoise, L50, M|100/100\n|turn|1\n|\n|t:|1776189732\n|detailschange|p1a: Feraligatr|Feraligatr-Mega, L50, F\n|-mega|p1a: Feraligatr|Feraligatr|Feraligite\n|detailschange|p2b: Blastoise|Blastoise-Mega, L50, M\n|-mega|p2b: Blastoise|Blastoise|Blastoisinite\n|move|p2b: Blastoise|Fake Out|p1b: Kingambit\n|-resisted|p1b: Kingambit|1\n|-damage|p1b: Kingambit|97/100\n|move|p1a: Feraligatr|Dragon Dance|p1a: Feraligatr\n|-boost|p1a: Feraligatr|atk|1\n|-boost|p1a: Feraligatr|spe|1\n|cant|p1b: Kingambit|flinch\n|move|p2a: Farigiraf|Trick Room|p2a: Farigiraf\n|-fieldstart|move: Trick Room|[of] p2a: Farigiraf\n|\n|upkeep\n|turn|2\n|inactive|Okidogi11#2 has 30 seconds left.\n|inactive|ohko_muk has 30 seconds left.\n|\n|t:|1776189764\n|move|p2a: Farigiraf|Psychic|p1a: Feraligatr\n|-damage|p1a: Feraligatr|57/100\n|move|p2b: Blastoise|Dark Pulse|p1a: Feraligatr\n|-damage|p1a: Feraligatr|11/100\n|move|p1b: Kingambit|Kowtow Cleave|p2a: Farigiraf\n|-supereffective|p2a: Farigiraf|1\n|-damage|p2a: Farigiraf|1/100\n|move|p1a: Feraligatr|Double-Edge|p2b: Blastoise\n|-damage|p2b: Blastoise|0 fnt\n|faint|p2b: Blastoise\n|-damage|p1a: Feraligatr|0 fnt|[from] Recoil\n|faint|p1a: Feraligatr\n|\n|upkeep\n|c|\u2606Okidogi11#2|Mega for mega\n|c| Chillley|just naturally survived at 1%\n|c| Chillley|damn\n|inactive|Okidogi11#2 has 30 seconds left.\n|c| Chillley|no sash\n|\n|t:|1776189791\n|switch|p2b: Bellibolt|Bellibolt, L50, F|100/100\n|switch|p1a: Clefable|Clefable, L50, F|100/100\n|turn|3\n|c|\u2606ohko_muk|Farig has near perfect bulk\n|inactive|ohko_muk has 30 seconds left.\n|\n|t:|1776189817\n|switch|p2a: Mamoswine|Mamoswine, L50, M|100/100\n|move|p1a: Clefable|Protect|p1a: Clefable\n|-singleturn|p1a: Clefable|Protect\n|move|p1b: Kingambit|Protect|p1b: Kingambit\n|-singleturn|p1b: Kingambit|Protect\n|move|p2b: Bellibolt|Discharge|p1b: Kingambit|[spread] \n|-activate|p1a: Clefable|move: Protect\n|-activate|p1b: Kingambit|move: Protect\n|-immune|p2a: Mamoswine\n|\n|upkeep\n|turn|4\n|inactive|Okidogi11#2 has 30 seconds left.\n|inactive|Okidogi11#2 has 20 seconds left.\n|\n|t:|1776189853\n|switch|p1b: Incineroar|Incineroar, L50, M|100/100\n|-ability|p1b: Incineroar|Intimidate|boost\n|-fail|p2a: Mamoswine|unboost|Attack|[from] ability: Oblivious|[of] p2a: Mamoswine\n|-unboost|p2b: Bellibolt|atk|1\n|move|p2a: Mamoswine|Ice Shard|p2b: Bellibolt\n|-damage|p2b: Bellibolt|81/100\n|-start|p2b: Bellibolt|Charge|Ice Shard|[from] ability: Electromorphosis\n|move|p2b: Bellibolt|Discharge|p1a: Clefable|[spread] p1a,p1b\n|-immune|p2a: Mamoswine\n|-damage|p1a: Clefable|43/100\n|-damage|p1b: Incineroar|51/100\n|-enditem|p1a: Clefable|Sitrus Berry|[eat]\n|-heal|p1a: Clefable|67/100|[from] item: Sitrus Berry\n|-end|p2b: Bellibolt|Charge|[silent]\n|move|p1a: Clefable|Life Dew|p1a: Clefable|[spread] p1a,p1b\n|-heal|p1a: Clefable|93/100\n|-heal|p1b: Incineroar|76/100\n|\n|upkeep\n|turn|5\n|inactive|ohko_muk has 30 seconds left.\n|\n|t:|1776189882\n|switch|p2a: Farigiraf|Farigiraf, L50, F|1/100\n|move|p1a: Clefable|Protect|p1a: Clefable\n|-singleturn|p1a: Clefable|Protect\n|move|p1b: Incineroar|Fake Out||[still]\n|cant|p2a: Farigiraf|ability: Armor Tail|Fake Out|[of] p1b: Incineroar\n|move|p2b: Bellibolt|Thunderbolt|p1b: Incineroar\n|-damage|p1b: Incineroar|42/100\n|\n|-fieldend|move: Trick Room\n|upkeep\n|turn|6\n|inactive|Okidogi11#2 has 30 seconds left.\n|inactive|ohko_muk has 30 seconds left.\n|inactive|ohko_muk has 20 seconds left.\n|inactive|ohko_muk has 15 seconds left.\n|\n|t:|1776189923\n|move|p1b: Incineroar|Parting Shot|p2b: Bellibolt\n|-unboost|p2b: Bellibolt|atk|1\n|-unboost|p2b: Bellibolt|spa|1\n|\n|t:|1776189927\n|switch|p1b: Kingambit|Kingambit, L50, M|97/100|[from] Parting Shot\n|move|p1a: Clefable|Moonblast|p2a: Farigiraf\n|-damage|p2a: Farigiraf|0 fnt\n|faint|p2a: Farigiraf\n|move|p2b: Bellibolt|Discharge|p1b: Kingambit|[spread] p1a,p1b\n|-damage|p1a: Clefable|66/100\n|-damage|p1b: Kingambit|76/100\n|\n|upkeep\n|\n|t:|1776189931\n|switch|p2a: Mamoswine|Mamoswine, L50, M|100/100\n|turn|7\n|\n|t:|1776189955\n|move|p2a: Mamoswine|Icicle Crash|p1a: Clefable\n|-crit|p1a: Clefable\n|-damage|p1a: Clefable|3/100\n|move|p1b: Kingambit|Iron Head|p2a: Mamoswine\n|-supereffective|p2a: Mamoswine|1\n|-enditem|p2a: Mamoswine|Focus Sash\n|-damage|p2a: Mamoswine|1/100\n|move|p1a: Clefable|Moonblast|p2a: Mamoswine\n|-damage|p2a: Mamoswine|0 fnt\n|faint|p2a: Mamoswine\n|move|p2b: Bellibolt|Thunderbolt|p1a: Clefable\n|-damage|p1a: Clefable|0 fnt\n|faint|p1a: Clefable\n|\n|upkeep\n|\n|t:|1776189968\n|switch|p1a: Incineroar|Incineroar, L50, M|42/100\n|-ability|p1a: Incineroar|Intimidate|boost\n|-unboost|p2b: Bellibolt|atk|1\n|turn|8\n|\n|t:|1776189993\n|move|p2b: Bellibolt|Protect|p2b: Bellibolt\n|-singleturn|p2b: Bellibolt|Protect\n|move|p1b: Kingambit|Sucker Punch||[still]\n|-fail|p1b: Kingambit\n|move|p1a: Incineroar|Parting Shot|p2b: Bellibolt\n|-activate|p2b: Bellibolt|move: Protect\n|\n|upkeep\n|turn|9\n|\n|t:|1776190011\n|move|p1b: Kingambit|Kowtow Cleave|p2b: Bellibolt\n|-damage|p2b: Bellibolt|39/100\n|-start|p2b: Bellibolt|Charge|Kowtow Cleave|[from] ability: Electromorphosis\n|-enditem|p2b: Bellibolt|Sitrus Berry|[eat]\n|-heal|p2b: Bellibolt|64/100|[from] item: Sitrus Berry\n|move|p1a: Incineroar|Flare Blitz|p2b: Bellibolt\n|-damage|p2b: Bellibolt|25/100\n|-start|p2b: Bellibolt|Charge|Flare Blitz|[from] ability: Electromorphosis\n|-damage|p1a: Incineroar|30/100|[from] Recoil\n|move|p2b: Bellibolt|Discharge|p1b: Kingambit|[spread] p1a,p1b\n|-damage|p1a: Incineroar|0 fnt\n|-damage|p1b: Kingambit|32/100\n|faint|p1a: Incineroar\n|-end|p2b: Bellibolt|Charge|[silent]\n|\n|upkeep\n|turn|10\n|inactive|ohko_muk has 30 seconds left.\n|\n|t:|1776190039\n|move|p1b: Kingambit|Kowtow Cleave|p2b: Bellibolt\n|-damage|p2b: Bellibolt|0 fnt\n|faint|p2b: Bellibolt\n|\n|win|Okidogi11#2\n",
  "uploadtime": 1776190045,
  "views": 17,
  "formatid": "gen9championsvgc2026regma",
  "rating": null,
  "private": 0,
  "password": null
}