{
  "id": "gen9championsvgc2026regma-2585886914",
  "format": "[Gen 9 Champions] VGC 2026 Reg M-A",
  "players": [
    "sleepoligy",
    "aureo197"
  ],
  "log": "|j|\u2606sleepoligy\n|j|\u2606aureo197\n|t:|1776378509\n|gametype|doubles\n|player|p1|sleepoligy|102|1069\n|player|p2|aureo197|170|1121\n|gen|9\n|tier|[Gen 9 Champions] VGC 2026 Reg M-A\n|rated|\n|rule|Species Clause: Limit one of each Pok\u00e9mon\n|rule|Item Clause: Limit 1 of each item\n|clearpoke\n|poke|p1|Meowscarada, L50, F|\n|poke|p1|Sylveon, L50, M|\n|poke|p1|Basculegion, L50, M|\n|poke|p1|Sneasler, L50, M|\n|poke|p1|Floette-Eternal, L50, F|\n|poke|p1|Maushold-Four, L50|\n|poke|p2|Camerupt, L50, F|\n|poke|p2|Hydrapple, L50, F|\n|poke|p2|Oranguru, L50, M|\n|poke|p2|Clefable, L50, F|\n|poke|p2|Gyarados, L50, M|\n|poke|p2|Kingambit, L50, F|\n|teampreview|4\n|inactive|Battle timer is ON: inactive players will automatically lose when time's up. (requested by sleepoligy)\n|j| Surge9719\n|inactive|sleepoligy has 60 seconds left.\n|inactive|sleepoligy has 30 seconds left.\n|inactive|sleepoligy has 20 seconds left.\n|\n|t:|1776378608\n|teamsize|p1|4\n|teamsize|p2|4\n|start\n|switch|p1a: Meowscarada|Meowscarada, L50, F|100/100\n|switch|p1b: Sneasler|Sneasler, L50, M|100/100\n|switch|p2a: Camerupt|Camerupt, L50, F|100/100\n|switch|p2b: Oranguru|Oranguru, L50, M|100/100\n|turn|1\n|inactive|sleepoligy has 30 seconds left.\n|\n|t:|1776378637\n|detailschange|p2a: Camerupt|Camerupt-Mega, L50, F\n|-mega|p2a: Camerupt|Camerupt|Cameruptite\n|move|p2a: Camerupt|Protect|p2a: Camerupt\n|-singleturn|p2a: Camerupt|Protect\n|move|p1b: Sneasler|Fake Out|p2a: Camerupt\n|-activate|p2a: Camerupt|move: Protect\n|move|p1a: Meowscarada|Trick Room|p1a: Meowscarada\n|-start|p1a: Meowscarada|typechange|Psychic|[from] ability: Protean\n|-fieldstart|move: Trick Room|[of] p1a: Meowscarada\n|move|p2b: Oranguru|Trick Room|p2b: Oranguru\n|-fieldend|move: Trick Room\n|\n|upkeep\n|turn|2\n|inactive|sleepoligy has 30 seconds left.\n|inactive|aureo197 has 30 seconds left.\n|inactive|sleepoligy has 20 seconds left.\n|inactive|aureo197 has 20 seconds left.\n|\n|t:|1776378683\n|switch|p2b: Kingambit|Kingambit, L50, F|100/100\n|move|p1b: Sneasler|Close Combat|p2a: Camerupt\n|-damage|p2a: Camerupt|28/100\n|-unboost|p1b: Sneasler|def|1\n|-unboost|p1b: Sneasler|spd|1\n|-enditem|p1b: Sneasler|White Herb\n|-clearnegativeboost|p1b: Sneasler|[silent]\n|move|p1a: Meowscarada|Flower Trick|p2a: Camerupt\n|-crit|p2a: Camerupt\n|-damage|p2a: Camerupt|0 fnt\n|faint|p2a: Camerupt\n|\n|upkeep\n|\n|t:|1776378697\n|switch|p2a: Oranguru|Oranguru, L50, M|100/100\n|turn|3\n|\n|t:|1776378719\n|move|p1b: Sneasler|Dire Claw|p2a: Oranguru\n|-crit|p2a: Oranguru\n|-damage|p2a: Oranguru|53/100\n|move|p1a: Meowscarada|Flower Trick|p2a: Oranguru\n|-crit|p2a: Oranguru\n|-damage|p2a: Oranguru|25/100\n|-enditem|p2a: Oranguru|Sitrus Berry|[eat]\n|-heal|p2a: Oranguru|50/100|[from] item: Sitrus Berry\n|move|p2a: Oranguru|Psychic|p1b: Sneasler\n|-supereffective|p1b: Sneasler|2\n|-damage|p1b: Sneasler|0 fnt\n|faint|p1b: Sneasler\n|move|p2b: Kingambit|Kowtow Cleave|p1a: Meowscarada\n|-supereffective|p1a: Meowscarada|1\n|-enditem|p1a: Meowscarada|Focus Sash\n|-damage|p1a: Meowscarada|1/100\n|\n|upkeep\n|\n|t:|1776378738\n|switch|p1b: Floette|Floette-Eternal, L50, F|100/100\n|turn|4\n|inactive|sleepoligy has 30 seconds left.\n|\n|t:|1776378771\n|detailschange|p1b: Floette|Floette-Mega, L50, F\n|-mega|p1b: Floette|Floette|Floettite\n|-ability|p1b: Floette|Fairy Aura\n|move|p2b: Kingambit|Sucker Punch|p1a: Meowscarada\n|-supereffective|p1a: Meowscarada|1\n|-damage|p1a: Meowscarada|0 fnt\n|faint|p1a: Meowscarada\n|move|p1b: Floette|Dazzling Gleam|p2a: Oranguru|[spread] p2a,p2b\n|-damage|p2a: Oranguru|18/100\n|-damage|p2b: Kingambit|64/100\n|move|p2a: Oranguru|Yawn|p1b: Floette\n|-start|p1b: Floette|move: Yawn|[of] p2a: Oranguru\n|\n|upkeep\n|\n|t:|1776378780\n|switch|p1a: Sylveon|Sylveon, L50, M|100/100\n|turn|5\n|inactive|sleepoligy has 30 seconds left.\n|inactive|aureo197 has 30 seconds left.\n|inactive|sleepoligy has 20 seconds left.\n|inactive|sleepoligy has 15 seconds left.\n|inactive|sleepoligy has 10 seconds left.\n|\n|t:|1776378825\n|move|p1b: Floette|Dazzling Gleam|p2b: Kingambit|[spread] p2a,p2b\n|-damage|p2a: Oranguru|0 fnt\n|-damage|p2b: Kingambit|23/100\n|faint|p2a: Oranguru\n|move|p1a: Sylveon|Calm Mind|p1a: Sylveon\n|-boost|p1a: Sylveon|spa|1\n|-boost|p1a: Sylveon|spd|1\n|move|p2b: Kingambit|Iron Head|p1a: Sylveon\n|-supereffective|p1a: Sylveon|1\n|-damage|p1a: Sylveon|9/100\n|\n|-end|p1b: Floette|move: Yawn|[silent]\n|-status|p1b: Floette|slp\n|upkeep\n|\n|t:|1776378836\n|switch|p2a: Hydrapple|Hydrapple, L50, F|100/100\n|turn|6\n|\n|t:|1776378847\n|move|p1a: Sylveon|Protect|p1a: Sylveon\n|-singleturn|p1a: Sylveon|Protect\n|move|p2b: Kingambit|Sucker Punch||[still]\n|-fail|p2b: Kingambit\n|cant|p1b: Floette|slp\n|move|p2a: Hydrapple|Energy Ball|p1a: Sylveon\n|-activate|p1a: Sylveon|move: Protect\n|\n|upkeep\n|turn|7\n|\n|t:|1776378856\n|cant|p1b: Floette|slp\n|move|p1a: Sylveon|Hyper Voice|p2a: Hydrapple|[spread] p2a,p2b\n|-supereffective|p2a: Hydrapple|1\n|-crit|p2b: Kingambit\n|-damage|p2a: Hydrapple|0 fnt\n|-damage|p2b: Kingambit|0 fnt\n|faint|p2a: Hydrapple\n|faint|p2b: Kingambit\n|\n|win|sleepoligy\n|raw|sleepoligy's rating: 1069 &rarr; <strong>1103</strong><br />(+34 for winning)\n|raw|aureo197's rating: 1121 &rarr; <strong>1092</strong><br />(-29 for losing)\n",
  "uploadtime": 1776378865,
  "views": 26,
  "formatid": "gen9championsvgc2026regma",
  "rating": 1092,
  "private": 0,
  "password": null
}