{
  "id": "gen9championsvgc2026regma-2587770031",
  "format": "[Gen 9 Champions] VGC 2026 Reg M-A",
  "players": [
    "dinobinoid7",
    "ivoryP"
  ],
  "log": "|j|\u2606dinobinoid7\n|j|\u2606ivoryP\n|t:|1776562222\n|gametype|doubles\n|player|p1|dinobinoid7|cress|1283\n|player|p2|ivoryP|bugcatcher-gen4dp|1313\n|gen|9\n|tier|[Gen 9 Champions] VGC 2026 Reg M-A\n|rated|\n|rule|Species Clause: Limit one of each Pok\u00e9mon\n|rule|Item Clause: Limit 1 of each item\n|clearpoke\n|poke|p1|Crabominable, L50, F, shiny|\n|poke|p1|Slowking-Galar, L50, F|\n|poke|p1|Kingambit, L50, F, shiny|\n|poke|p1|Primarina, L50, F|\n|poke|p1|Incineroar, L50, F|\n|poke|p1|Sinistcha, L50|\n|poke|p2|Gengar, L50, F|\n|poke|p2|Whimsicott, L50, F|\n|poke|p2|Volcarona, L50, F|\n|poke|p2|Aerodactyl, L50, F|\n|poke|p2|Kingambit, L50, M|\n|poke|p2|Kommo-o, L50, M|\n|teampreview|4\n|inactive|Battle timer is ON: inactive players will automatically lose when time's up. (requested by ivoryP)\n|\n|t:|1776562255\n|teamsize|p1|4\n|teamsize|p2|4\n|start\n|switch|p1a: Slowking|Slowking-Galar, L50, F|100/100\n|switch|p1b: Primarina|Primarina, L50, F|100/100\n|switch|p2a: Kingambit|Kingambit, L50, M|100/100\n|switch|p2b: Kommo-o|Kommo-o, L50, M|100/100\n|turn|1\n|\n|t:|1776562271\n|move|p2b: Kommo-o|Protect|p2b: Kommo-o\n|-singleturn|p2b: Kommo-o|Protect\n|move|p1b: Primarina|Moonblast|p2b: Kommo-o\n|-activate|p2b: Kommo-o|move: Protect\n|move|p2a: Kingambit|Kowtow Cleave|p1a: Slowking\n|-supereffective|p1a: Slowking|1\n|-enditem|p1a: Slowking|Colbur Berry|[eat]\n|-enditem|p1a: Slowking|Colbur Berry|[weaken]\n|-damage|p1a: Slowking|46/100\n|move|p1a: Slowking|Trick Room|p1a: Slowking\n|-fieldstart|move: Trick Room|[of] p1a: Slowking\n|\n|upkeep\n|turn|2\n|inactive|dinobinoid7 has 30 seconds left.\n|\n|t:|1776562300\n|move|p1b: Primarina|Protect|p1b: Primarina\n|-singleturn|p1b: Primarina|Protect\n|-prepare|p1a: Slowking|Chilly Reception|[premajor]\n|move|p1a: Slowking|Chilly Reception|p1a: Slowking\n|-weather|Snowscape\n|\n|t:|1776562304\n|switch|p1a: Crabominable|Crabominable, L50, F, shiny|100/100|[from] Chilly Reception\n|move|p2a: Kingambit|Iron Head|p1b: Primarina\n|-activate|p1b: Primarina|move: Protect\n|move|p2b: Kommo-o|Clanging Scales|p1b: Primarina|[spread] p1a\n|-activate|p1b: Primarina|move: Protect\n|-damage|p1a: Crabominable|56/100\n|-unboost|p2b: Kommo-o|def|1\n|\n|-weather|Snowscape|[upkeep]\n|upkeep\n|turn|3\n|\n|t:|1776562316\n|switch|p2b: Volcarona|Volcarona, L50, F|100/100\n|detailschange|p1a: Crabominable|Crabominable-Mega, L50, F, shiny\n|-mega|p1a: Crabominable|Crabominable|Crabominite\n|move|p2a: Kingambit|Protect|p2a: Kingambit\n|-singleturn|p2a: Kingambit|Protect\n|move|p1a: Crabominable|Drain Punch|p2a: Kingambit\n|-activate|p2a: Kingambit|move: Protect\n|move|p1b: Primarina|Moonblast|p2b: Volcarona\n|-resisted|p2b: Volcarona|1\n|-damage|p2b: Volcarona|72/100\n|\n|-weather|Snowscape|[upkeep]\n|-heal|p2b: Volcarona|79/100|[from] item: Leftovers\n|upkeep\n|turn|4\n|\n|t:|1776562332\n|move|p2b: Volcarona|Rage Powder|p2b: Volcarona\n|-singleturn|p2b: Volcarona|move: Rage Powder\n|move|p1a: Crabominable|Drain Punch|p2b: Volcarona\n|-resisted|p2b: Volcarona|1\n|-damage|p2b: Volcarona|44/100\n|-heal|p1a: Crabominable|70/100|[from] drain|[of] p2b: Volcarona\n|-status|p1a: Crabominable|brn|[from] ability: Flame Body|[of] p2b: Volcarona\n|move|p2a: Kingambit|Iron Head|p1b: Primarina\n|-damage|p1b: Primarina|48/100\n|cant|p1b: Primarina|flinch\n|\n|-weather|Snowscape|[upkeep]\n|-heal|p1b: Primarina|54/100|[from] item: Leftovers\n|-heal|p2b: Volcarona|50/100|[from] item: Leftovers\n|-damage|p1a: Crabominable|64/100 brn|[from] brn\n|upkeep\n|turn|5\n|\n|t:|1776562355\n|move|p2a: Kingambit|Protect|p2a: Kingambit\n|-singleturn|p2a: Kingambit|Protect\n|move|p2b: Volcarona|Protect|p2b: Volcarona\n|-singleturn|p2b: Volcarona|Protect\n|move|p1a: Crabominable|Drain Punch|p2a: Kingambit\n|-activate|p2a: Kingambit|move: Protect\n|move|p1b: Primarina|Hyper Voice|p2b: Volcarona|[spread] \n|-activate|p2a: Kingambit|move: Protect\n|-activate|p2b: Volcarona|move: Protect\n|\n|-weather|Snowscape|[upkeep]\n|-heal|p1b: Primarina|60/100|[from] item: Leftovers\n|-heal|p2b: Volcarona|57/100|[from] item: Leftovers\n|-damage|p1a: Crabominable|58/100 brn|[from] brn\n|-fieldend|move: Trick Room\n|upkeep\n|turn|6\n|inactive|ivoryP has 30 seconds left.\n|\n|t:|1776562388\n|switch|p2b: Kommo-o|Kommo-o, L50, M|100/100\n|move|p1a: Crabominable|Protect|p1a: Crabominable\n|-singleturn|p1a: Crabominable|Protect\n|move|p1b: Primarina|Hyper Voice|p2b: Kommo-o|[spread] p2a\n|-immune|p2b: Kommo-o|[from] ability: Soundproof\n|-damage|p2a: Kingambit|68/100\n|move|p2a: Kingambit|Iron Head|p1a: Crabominable\n|-activate|p1a: Crabominable|move: Protect\n|\n|-weather|none\n|-heal|p1b: Primarina|66/100|[from] item: Leftovers\n|-damage|p1a: Crabominable|52/100 brn|[from] brn\n|upkeep\n|turn|7\n|\n|t:|1776562408\n|switch|p1a: Kingambit|Kingambit, L50, F, shiny|100/100\n|move|p2b: Kommo-o|Protect|p2b: Kommo-o\n|-singleturn|p2b: Kommo-o|Protect\n|move|p1b: Primarina|Protect|p1b: Primarina\n|-singleturn|p1b: Primarina|Protect\n|move|p2a: Kingambit|Iron Head|p1a: Kingambit\n|-resisted|p1a: Kingambit|1\n|-damage|p1a: Kingambit|83/100\n|\n|-heal|p1b: Primarina|72/100|[from] item: Leftovers\n|upkeep\n|turn|8\n|\n|t:|1776562419\n|move|p2b: Kommo-o|Aura Sphere|p1a: Kingambit\n|-supereffective|p1a: Kingambit|2\n|-crit|p1a: Kingambit\n|-damage|p1a: Kingambit|0 fnt\n|faint|p1a: Kingambit\n|move|p1b: Primarina|Moonblast|p2b: Kommo-o\n|-supereffective|p2b: Kommo-o|2\n|-damage|p2b: Kommo-o|0 fnt\n|faint|p2b: Kommo-o\n|move|p2a: Kingambit|Iron Head|p1b: Primarina\n|-damage|p1b: Primarina|19/100\n|\n|-heal|p1b: Primarina|25/100|[from] item: Leftovers\n|upkeep\n|inactive|ivoryP has 30 seconds left.\n|\n|t:|1776562452\n|switch|p2b: Gengar|Gengar, L50, F|100/100\n|switch|p1a: Slowking|Slowking-Galar, L50, F|79/100\n|turn|9\n|\n|t:|1776562465\n|detailschange|p2b: Gengar|Gengar-Mega, L50, F\n|-mega|p2b: Gengar|Gengar|Gengarite\n|move|p2a: Kingambit|Sucker Punch|p1b: Primarina\n|-resisted|p1b: Primarina|1\n|-damage|p1b: Primarina|0 fnt\n|faint|p1b: Primarina\n|move|p2b: Gengar|Shadow Ball|p1a: Slowking\n|-supereffective|p1a: Slowking|1\n|-damage|p1a: Slowking|0 fnt\n|faint|p1a: Slowking\n|\n|upkeep\n|\n|t:|1776562472\n|switch|p1b: Crabominable|Crabominable-Mega, L50, F, shiny|52/100 brn\n|turn|10\n|\n|t:|1776562480\n|move|p1b: Crabominable|Mach Punch|p2a: Kingambit\n|-supereffective|p2a: Kingambit|2\n|-damage|p2a: Kingambit|15/100\n|move|p2b: Gengar|Sludge Bomb|p1b: Crabominable\n|-damage|p1b: Crabominable|0 fnt\n|faint|p1b: Crabominable\n|\n|win|ivoryP\n|raw|dinobinoid7's rating: 1283 &rarr; <strong>1260</strong><br />(-23 for losing)\n|raw|ivoryP's rating: 1313 &rarr; <strong>1331</strong><br />(+18 for winning)\n|l|\u2606dinobinoid7\n|player|p1|\n|l|\u2606ivoryP\n|player|p2|\n|j|\u2606ivoryP\n|player|p2|ivoryP|bugcatcher-gen4dp|\n",
  "uploadtime": 1776563268,
  "views": 16,
  "formatid": "gen9championsvgc2026regma",
  "rating": 1260,
  "private": 0,
  "password": null
}