{
  "id": "gen9championsvgc2026regma-2587086722",
  "format": "[Gen 9 Champions] VGC 2026 Reg M-A",
  "players": [
    "Warehouse User",
    "smooth719"
  ],
  "log": "|j|\u2606Warehouse User\n|j|\u2606smooth719\n|t:|1776491518\n|gametype|doubles\n|player|p1|Warehouse User|102|1087\n|player|p2|smooth719|101|1035\n|gen|9\n|tier|[Gen 9 Champions] VGC 2026 Reg M-A\n|rated|\n|rule|Species Clause: Limit one of each Pok\u00e9mon\n|rule|Item Clause: Limit 1 of each item\n|clearpoke\n|poke|p1|Aegislash, L50, M|\n|poke|p1|Maushold-Four, L50|\n|poke|p1|Azumarill, L50, M|\n|poke|p1|Whimsicott, L50, F|\n|poke|p1|Beedrill, L50, M|\n|poke|p1|Castform, L50, F|\n|poke|p2|Chandelure, L50, F|\n|poke|p2|Flapple, L50, M|\n|poke|p2|Sableye, L50, M|\n|poke|p2|Tauros-Paldea-Blaze, L50, M|\n|poke|p2|Scizor, L50, F|\n|poke|p2|Basculegion, L50, M|\n|teampreview|4\n|inactive|Battle timer is ON: inactive players will automatically lose when time's up. (requested by smooth719)\n|\n|t:|1776491536\n|teamsize|p1|4\n|teamsize|p2|4\n|start\n|switch|p1a: Whimsicott|Whimsicott, L50, F|100/100\n|switch|p1b: Aegislash|Aegislash, L50, M|100/100\n|switch|p2a: Flapple|Flapple, L50, M|100/100\n|switch|p2b: Sableye|Sableye, L50, M|100/100\n|turn|1\n|inactive|smooth719 has 30 seconds left.\n|\n|t:|1776491568\n|switch|p2a: Tauros|Tauros-Paldea-Blaze, L50, M|100/100\n|-ability|p2a: Tauros|Intimidate|boost\n|-unboost|p1a: Whimsicott|atk|1\n|-unboost|p1b: Aegislash|atk|1\n|move|p2b: Sableye|Will-O-Wisp|p1b: Aegislash\n|-status|p1b: Aegislash|brn\n|move|p1a: Whimsicott|Moonblast|p2b: Sableye\n|-supereffective|p2b: Sableye|1\n|-damage|p2b: Sableye|20/100\n|move|p1b: Aegislash|Swords Dance|p1b: Aegislash\n|-boost|p1b: Aegislash|atk|2\n|\n|-damage|p1b: Aegislash|95/100 brn|[from] brn\n|upkeep\n|turn|2\n|inactive|Warehouse User has 30 seconds left.\n|\n|t:|1776491598\n|switch|p1b: Azumarill|Azumarill, L50, M|100/100\n|move|p1a: Whimsicott|Tailwind|p1a: Whimsicott\n|-sidestart|p1: Warehouse User|move: Tailwind\n|move|p2b: Sableye|Gravity|p2b: Sableye\n|-fieldstart|move: Gravity\n|move|p2a: Tauros|Flare Blitz|p1a: Whimsicott\n|-supereffective|p1a: Whimsicott|1\n|-enditem|p1a: Whimsicott|Focus Sash\n|-damage|p1a: Whimsicott|1/100\n|-damage|p2a: Tauros|70/100|[from] Recoil\n|\n|upkeep\n|turn|3\n|\n|t:|1776491617\n|move|p1b: Azumarill|Aqua Jet|p2b: Sableye\n|-damage|p2b: Sableye|0 fnt\n|faint|p2b: Sableye\n|move|p1a: Whimsicott|Moonblast|p2a: Tauros\n|-damage|p2a: Tauros|12/100\n|move|p2a: Tauros|Rock Slide|p1a: Whimsicott|[spread] p1a,p1b\n|-damage|p1a: Whimsicott|0 fnt\n|-damage|p1b: Azumarill|82/100\n|faint|p1a: Whimsicott\n|\n|upkeep\n|\n|t:|1776491630\n|switch|p1a: Maushold|Maushold-Four, L50|100/100\n|switch|p2b: Flapple|Flapple, L50, M|100/100\n|turn|4\n|\n|t:|1776491643\n|move|p1a: Maushold|Follow Me|p1a: Maushold\n|-singleturn|p1a: Maushold|move: Follow Me\n|move|p2a: Tauros|Close Combat|p1a: Maushold\n|-supereffective|p1a: Maushold|1\n|-enditem|p1a: Maushold|Chople Berry|[eat]\n|-enditem|p1a: Maushold|Chople Berry|[weaken]\n|-damage|p1a: Maushold|24/100\n|-unboost|p2a: Tauros|def|1\n|-unboost|p2a: Tauros|spd|1\n|move|p1b: Azumarill|Play Rough|p2b: Flapple\n|-supereffective|p2b: Flapple|1\n|-damage|p2b: Flapple|0 fnt\n|faint|p2b: Flapple\n|\n|upkeep\n|\n|t:|1776491656\n|switch|p2b: Chandelure|Chandelure, L50, F|100/100\n|turn|5\n|\n|t:|1776491663\n|detailschange|p2b: Chandelure|Chandelure-Mega, L50, F\n|-mega|p2b: Chandelure|Chandelure|Chandelurite\n|move|p1a: Maushold|Protect|p1a: Maushold\n|-singleturn|p1a: Maushold|Protect\n|move|p1b: Azumarill|Aqua Jet|p2b: Chandelure\n|-supereffective|p2b: Chandelure|1\n|-damage|p2b: Chandelure|34/100\n|move|p2a: Tauros|Rock Slide|p1a: Maushold|[spread] p1b\n|-activate|p1a: Maushold|move: Protect\n|-damage|p1b: Azumarill|69/100\n|move|p2b: Chandelure|Shadow Ball|p1b: Azumarill\n|-damage|p1b: Azumarill|31/100\n|-enditem|p1b: Azumarill|Sitrus Berry|[eat]\n|-heal|p1b: Azumarill|56/100|[from] item: Sitrus Berry\n|\n|-sideend|p1: Warehouse User|move: Tailwind\n|upkeep\n|turn|6\n|inactive|smooth719 has 30 seconds left.\n|inactive|Warehouse User has 30 seconds left.\n|inactive|smooth719 has 20 seconds left.\n|inactive|smooth719 has 15 seconds left.\n|\n|t:|1776491705\n|move|p1a: Maushold|Follow Me|p1a: Maushold\n|-singleturn|p1a: Maushold|move: Follow Me\n|move|p1b: Azumarill|Aqua Jet|p2a: Tauros\n|-supereffective|p2a: Tauros|1\n|-damage|p2a: Tauros|0 fnt\n|faint|p2a: Tauros\n|move|p2b: Chandelure|Shadow Ball|p1a: Maushold\n|-immune|p1a: Maushold\n|\n|-fieldend|move: Gravity\n|upkeep\n|turn|7\n|\n|t:|1776491719\n|move|p1a: Maushold|Follow Me|p1a: Maushold\n|-singleturn|p1a: Maushold|move: Follow Me\n|move|p1b: Azumarill|Aqua Jet|p2b: Chandelure\n|-supereffective|p2b: Chandelure|1\n|-damage|p2b: Chandelure|0 fnt\n|faint|p2b: Chandelure\n|\n|win|Warehouse User\n|raw|Warehouse User's rating: 1087 &rarr; <strong>1110</strong><br />(+23 for winning)\n|raw|smooth719's rating: 1035 &rarr; <strong>1022</strong><br />(-13 for losing)\n|l|\u2606smooth719\n|player|p2|\n",
  "uploadtime": 1776491732,
  "views": 15,
  "formatid": "gen9championsvgc2026regma",
  "rating": 1022,
  "private": 0,
  "password": null
}