{
  "id": "gen9championsvgc2026regma-2584566129",
  "format": "[Gen 9 Champions] VGC 2026 Reg M-A",
  "players": [
    "alvarriderr",
    "Boomboompow202"
  ],
  "log": "|j|\u2606alvarriderr\n|j|\u2606Boomboompow202\n|t:|1776269168\n|gametype|doubles\n|player|p1|alvarriderr|hilbert-wonderlauncher|1158\n|player|p2|Boomboompow202|1|1148\n|gen|9\n|tier|[Gen 9 Champions] VGC 2026 Reg M-A\n|rated|\n|rule|Species Clause: Limit one of each Pok\u00e9mon\n|rule|Item Clause: Limit 1 of each item\n|clearpoke\n|poke|p1|Hawlucha, L50, M|\n|poke|p1|Excadrill, L50, M|\n|poke|p1|Tyranitar, L50, M|\n|poke|p1|Sinistcha, L50|\n|poke|p1|Rotom-Wash, L50|\n|poke|p1|Volcarona, L50, M|\n|poke|p2|Incineroar, L50, M|\n|poke|p2|Sinistcha, L50|\n|poke|p2|Politoed, L50, F|\n|poke|p2|Gengar, L50, F|\n|poke|p2|Garchomp, L50, F|\n|poke|p2|Sneasler, L50, F|\n|teampreview|4\nalvarriderr has agreed to open team sheets.\n|inactive|Battle timer is ON: inactive players will automatically lose when time's up. (requested by Boomboompow202)\n|inactive|alvarriderr has 60 seconds left.\n|\n|t:|1776269229\n|teamsize|p1|4\n|teamsize|p2|4\n|start\n|switch|p1a: Hawlucha|Hawlucha, L50, M|100/100\n|switch|p1b: Excadrill|Excadrill, L50, M|100/100\n|switch|p2a: Incineroar|Incineroar, L50, M|100/100\n|switch|p2b: Sneasler|Sneasler, L50, F|100/100\n|-ability|p2a: Incineroar|Intimidate|boost\n|-unboost|p1a: Hawlucha|atk|1\n|-unboost|p1b: Excadrill|atk|1\n|turn|1\n|\n|t:|1776269249\n|detailschange|p1a: Hawlucha|Hawlucha-Mega, L50, M\n|-mega|p1a: Hawlucha|Hawlucha|Hawluchanite\n|move|p1b: Excadrill|Protect|p1b: Excadrill\n|-singleturn|p1b: Excadrill|Protect\n|move|p1a: Hawlucha|Upper Hand|p2a: Incineroar\n|-supereffective|p2a: Incineroar|1\n|-enditem|p2a: Incineroar|Chople Berry|[eat]\n|-enditem|p2a: Incineroar|Chople Berry|[weaken]\n|-damage|p2a: Incineroar|79/100\n|cant|p2a: Incineroar|flinch\n|move|p2b: Sneasler|Close Combat|p1b: Excadrill\n|-activate|p1b: Excadrill|move: Protect\n|\n|upkeep\n|turn|2\n|inactive|alvarriderr has 30 seconds left.\n|\n|t:|1776269277\n|switch|p1a: Tyranitar|Tyranitar, L50, M|100/100\n|-weather|Sandstorm|[from] ability: Sand Stream|[of] p1a: Tyranitar\n|move|p1b: Excadrill|Earthquake|p2a: Incineroar|[spread] p1a,p2a,p2b\n|-supereffective|p1a: Tyranitar|1\n|-supereffective|p2a: Incineroar|1\n|-supereffective|p2b: Sneasler|1\n|-damage|p1a: Tyranitar|62/100\n|-damage|p2a: Incineroar|23/100\n|-damage|p2b: Sneasler|11/100\n|move|p2b: Sneasler|Close Combat|p1b: Excadrill\n|-supereffective|p1b: Excadrill|1\n|-enditem|p1b: Excadrill|Focus Sash\n|-damage|p1b: Excadrill|1/100\n|-unboost|p2b: Sneasler|def|1\n|-unboost|p2b: Sneasler|spd|1\n|-enditem|p2b: Sneasler|White Herb\n|-clearnegativeboost|p2b: Sneasler|[silent]\n|move|p2a: Incineroar|Flare Blitz|p1a: Tyranitar\n|-resisted|p1a: Tyranitar|1\n|-damage|p1a: Tyranitar|43/100\n|-damage|p2a: Incineroar|16/100|[from] Recoil\n|\n|-weather|Sandstorm|[upkeep]\n|-damage|p2b: Sneasler|6/100|[from] Sandstorm\n|-damage|p2a: Incineroar|10/100|[from] Sandstorm\n|upkeep\n|turn|3\n|inactive|alvarriderr has 30 seconds left.\n|inactive|Boomboompow202 has 30 seconds left.\n|\n|t:|1776269312\n|switch|p1b: Rotom|Rotom-Wash, L50|100/100\n|switch|p2a: Politoed|Politoed, L50, F|100/100\n|-weather|RainDance|[from] ability: Drizzle|[of] p2a: Politoed\n|move|p1a: Tyranitar|Protect|p1a: Tyranitar\n|-singleturn|p1a: Tyranitar|Protect\n|move|p2b: Sneasler|Close Combat|p1a: Tyranitar\n|-activate|p1a: Tyranitar|move: Protect\n|\n|-weather|RainDance|[upkeep]\n|upkeep\n|turn|4\n|inactive|alvarriderr has 30 seconds left.\n|inactive|Boomboompow202 has 30 seconds left.\n|\n|t:|1776269343\n|switch|p2b: Incineroar|Incineroar, L50, M|10/100\n|-ability|p2b: Incineroar|Intimidate|boost\n|-unboost|p1a: Tyranitar|atk|1\n|-unboost|p1b: Rotom|atk|1\n|-enditem|p1a: Tyranitar|White Herb\n|-clearnegativeboost|p1a: Tyranitar|[silent]\n|switch|p1a: Hawlucha|Hawlucha-Mega, L50, M|100/100\n|move|p1b: Rotom|Volt Switch|p2b: Incineroar\n|-damage|p2b: Incineroar|0 fnt\n|faint|p2b: Incineroar\n|\n|t:|1776269363\n|switch|p1b: Tyranitar|Tyranitar, L50, M|43/100|[from] Volt Switch\n|-weather|Sandstorm|[from] ability: Sand Stream|[of] p1b: Tyranitar\n|move|p2a: Politoed|Weather Ball|p1a: Hawlucha\n|-damage|p1a: Hawlucha|78/100\n|\n|-weather|Sandstorm|[upkeep]\n|-damage|p1a: Hawlucha|72/100|[from] Sandstorm\n|-damage|p2a: Politoed|94/100|[from] Sandstorm\n|-heal|p2a: Politoed|100/100|[from] item: Leftovers\n|upkeep\n|\n|t:|1776269381\n|switch|p2b: Sneasler|Sneasler, L50, F|6/100\n|turn|5\n|inactive|alvarriderr has 30 seconds left.\n|inactive|Boomboompow202 has 30 seconds left.\n|inactive|Boomboompow202 has 20 seconds left.\n|\n|t:|1776269417\n|switch|p2b: Gengar|Gengar, L50, F|100/100\n|move|p2a: Politoed|Protect|p2a: Politoed\n|-singleturn|p2a: Politoed|Protect\n|move|p1b: Tyranitar|Protect|p1b: Tyranitar\n|-singleturn|p1b: Tyranitar|Protect\n|move|p1a: Hawlucha|Flying Press|p2b: Gengar\n|-immune|p2b: Gengar\n|\n|-weather|Sandstorm|[upkeep]\n|-damage|p1a: Hawlucha|66/100|[from] Sandstorm\n|-damage|p2b: Gengar|95/100|[from] Sandstorm\n|-damage|p2a: Politoed|94/100|[from] Sandstorm\n|-heal|p2a: Politoed|100/100|[from] item: Leftovers\n|upkeep\n|turn|6\n|inactive|alvarriderr has 30 seconds left.\n|inactive|Boomboompow202 has 30 seconds left.\n|inactive|Boomboompow202 has 20 seconds left.\n|inactive|Boomboompow202 has 15 seconds left.\n|inactive|Boomboompow202 has 10 seconds left.\n|inactive|Boomboompow202 has 5 seconds left.\n|\n|t:|1776269471\n|detailschange|p2b: Gengar|Gengar-Mega, L50, F\n|-mega|p2b: Gengar|Gengar|Gengarite\n|move|p2b: Gengar|Protect|p2b: Gengar\n|-singleturn|p2b: Gengar|Protect\n|move|p1a: Hawlucha|Entrainment|p2b: Gengar\n|-activate|p2b: Gengar|move: Protect\n|move|p2a: Politoed|Encore|p1b: Tyranitar\n|-start|p1b: Tyranitar|Encore\n|move|p1b: Tyranitar|Protect||[still]\n|-fail|p1b: Tyranitar\n|\n|-weather|Sandstorm|[upkeep]\n|-damage|p2b: Gengar|89/100|[from] Sandstorm\n|-damage|p1a: Hawlucha|60/100|[from] Sandstorm\n|-damage|p2a: Politoed|94/100|[from] Sandstorm\n|-heal|p2a: Politoed|100/100|[from] item: Leftovers\n|upkeep\n|turn|7\n|inactive|Boomboompow202 has 30 seconds left.\n|\n|t:|1776269498\n|move|p1b: Tyranitar|Protect|p1b: Tyranitar\n|-singleturn|p1b: Tyranitar|Protect\n|move|p2b: Gengar|Substitute|p2b: Gengar\n|-start|p2b: Gengar|Substitute\n|-damage|p2b: Gengar|64/100\n|move|p1a: Hawlucha|Entrainment||[still]\n|-fail|p1a: Hawlucha\n|move|p2a: Politoed|Weather Ball|p1a: Hawlucha\n|-damage|p1a: Hawlucha|39/100\n|\n|-weather|Sandstorm|[upkeep]\n|-damage|p2b: Gengar|58/100|[from] Sandstorm\n|-damage|p1a: Hawlucha|33/100|[from] Sandstorm\n|-damage|p2a: Politoed|94/100|[from] Sandstorm\n|-heal|p2a: Politoed|100/100|[from] item: Leftovers\n|upkeep\n|turn|8\n|inactive|alvarriderr has 30 seconds left.\n|inactive|Boomboompow202 has 30 seconds left.\n|\n|t:|1776269528\n|move|p1b: Tyranitar|Protect||[still]\n|-fail|p1b: Tyranitar\n|move|p2b: Gengar|Sludge Bomb|p1a: Hawlucha\n|-damage|p1a: Hawlucha|0 fnt\n|faint|p1a: Hawlucha\n|move|p2a: Politoed|Weather Ball|p1b: Tyranitar\n|-damage|p1b: Tyranitar|31/100\n|\n|-weather|none\n|-end|p1b: Tyranitar|Encore\n|upkeep\n|\n|t:|1776269541\n|switch|p1a: Rotom|Rotom-Wash, L50|100/100\n|turn|9\n|\n|t:|1776269560\n|move|p1b: Tyranitar|Protect|p1b: Tyranitar\n|-singleturn|p1b: Tyranitar|Protect\n|move|p2b: Gengar|Sludge Bomb|p1a: Rotom\n|-damage|p1a: Rotom|47/100\n|move|p1a: Rotom|Discharge|p2b: Gengar|[spread] p2a,p2b\n|-activate|p1b: Tyranitar|move: Protect\n|-activate|p2b: Gengar|move: Substitute|[damage]\n|-supereffective|p2a: Politoed|1\n|-damage|p2a: Politoed|71/100\n|-status|p2a: Politoed|par\n|move|p2a: Politoed|Encore|p1b: Tyranitar\n|-activate|p1b: Tyranitar|move: Protect\n|\n|-heal|p1a: Rotom|53/100|[from] item: Leftovers\n|-heal|p2a: Politoed|77/100 par|[from] item: Leftovers\n|upkeep\n|turn|10\n|inactive|alvarriderr has 30 seconds left.\n|inactive|Boomboompow202 has 30 seconds left.\n|inactive|Boomboompow202 has 20 seconds left.\n|\n|t:|1776269597\n|move|p2b: Gengar|Sludge Bomb|p1a: Rotom\n|-damage|p1a: Rotom|0 fnt\n|faint|p1a: Rotom\n|move|p1b: Tyranitar|Rock Slide|p2a: Politoed|[spread] p2a\n|-miss|p1b: Tyranitar|p2b: Gengar\n|-damage|p2a: Politoed|46/100 par\n|move|p2a: Politoed|Weather Ball|p1b: Tyranitar\n|-resisted|p1b: Tyranitar|1\n|-damage|p1b: Tyranitar|27/100\n|\n|-heal|p2a: Politoed|52/100 par|[from] item: Leftovers\n|upkeep\n|\n|t:|1776269610\n|switch|p1a: Excadrill|Excadrill, L50, M|1/100\n|turn|11\n|inactive|alvarriderr has 30 seconds left.\n|\n|t:|1776269645\n|move|p2b: Gengar|Protect|p2b: Gengar\n|-singleturn|p2b: Gengar|Protect\n|move|p1a: Excadrill|Iron Head|p2b: Gengar\n|-activate|p2b: Gengar|move: Protect\n|move|p1b: Tyranitar|Rock Slide|p2b: Gengar|[spread] p2a\n|-activate|p2b: Gengar|move: Protect\n|-damage|p2a: Politoed|24/100 par\n|move|p2a: Politoed|Perish Song|p2a: Politoed\n|-start|p1a: Excadrill|perish3|[silent]\n|-start|p1b: Tyranitar|perish3|[silent]\n|-start|p2a: Politoed|perish3|[silent]\n|-start|p2b: Gengar|perish3|[silent]\n|-fieldactivate|move: Perish Song\n|\n|-heal|p2a: Politoed|30/100 par|[from] item: Leftovers\n|-start|p2b: Gengar|perish3\n|-start|p1a: Excadrill|perish3\n|-start|p1b: Tyranitar|perish3\n|-start|p2a: Politoed|perish3\n|upkeep\n|turn|12\n|inactive|alvarriderr has 30 seconds left.\n|inactive|Boomboompow202 has 30 seconds left.\n|inactive|alvarriderr has 20 seconds left.\n|inactive|alvarriderr has 15 seconds left.\n|inactive|Boomboompow202 has 20 seconds left.\n|inactive|Boomboompow202 has 15 seconds left.\n|inactive|Boomboompow202 has 10 seconds left.\n|\n|t:|1776269696\n|move|p2b: Gengar|Sludge Bomb|p1b: Tyranitar\n|-resisted|p1b: Tyranitar|1\n|-crit|p1b: Tyranitar\n|-damage|p1b: Tyranitar|0 fnt\n|faint|p1b: Tyranitar\n|move|p1a: Excadrill|Iron Head|p2b: Gengar\n|-end|p2b: Gengar|Substitute\n|move|p2a: Politoed|Weather Ball|p1a: Excadrill\n|-resisted|p1a: Excadrill|1\n|-damage|p1a: Excadrill|0 fnt\n|faint|p1a: Excadrill\n|\n|win|Boomboompow202\n|raw|alvarriderr's rating: 1158 &rarr; <strong>1132</strong><br />(-26 for losing)\n|raw|Boomboompow202's rating: 1148 &rarr; <strong>1174</strong><br />(+26 for winning)\n|c|\u2606alvarriderr|gg\n",
  "uploadtime": 1776269709,
  "views": 35,
  "formatid": "gen9championsvgc2026regma",
  "rating": 1132,
  "private": 0,
  "password": null
}