{
  "id": "gen9championsvgc2026regma-2587369219",
  "format": "[Gen 9 Champions] VGC 2026 Reg M-A",
  "players": [
    "MrMythicorn",
    "kyusoca"
  ],
  "log": "|j|\u2606MrMythicorn\n|j|\u2606kyusoca\n|t:|1776526014\n|gametype|doubles\n|player|p1|MrMythicorn|shauna-masters|1055\n|player|p2|kyusoca|170|1059\n|gen|9\n|tier|[Gen 9 Champions] VGC 2026 Reg M-A\n|rated|\n|rule|Species Clause: Limit one of each Pok\u00e9mon\n|rule|Item Clause: Limit 1 of each item\n|clearpoke\n|poke|p1|Drampa, L50, F, shiny|\n|poke|p1|Mimikyu, L50, M, shiny|\n|poke|p1|Pelipper, L50, M|\n|poke|p1|Sharpedo, L50, F, shiny|\n|poke|p1|Incineroar, L50, M|\n|poke|p1|Slowking-Galar, L50, M, shiny|\n|poke|p2|Charizard, L50, M|\n|poke|p2|Reuniclus, L50, F|\n|poke|p2|Sneasler, L50, F|\n|poke|p2|Sinistcha, L50|\n|poke|p2|Talonflame, L50, M|\n|poke|p2|Incineroar, L50, M|\n|teampreview|4\n|inactive|Battle timer is ON: inactive players will automatically lose when time's up. (requested by MrMythicorn)\n|inactive|MrMythicorn has 60 seconds left.\n|\n|t:|1776526049\n|teamsize|p1|4\n|teamsize|p2|4\n|start\n|switch|p1a: Unction|Drampa, L50, F, shiny|100/100\n|switch|p1b: Miffy|Mimikyu, L50, M, shiny|100/100\n|switch|p2a: Charizard|Charizard, L50, M|100/100\n|switch|p2b: Talonflame|Talonflame, L50, M|100/100\n|turn|1\n|\n|t:|1776526069\n|detailschange|p2a: Charizard|Charizard-Mega-X, L50, M\n|-mega|p2a: Charizard|Charizard|Charizardite X\n|detailschange|p1a: Unction|Drampa-Mega, L50, F, shiny\n|-mega|p1a: Unction|Drampa|Drampanite\n|move|p2b: Talonflame|Tailwind|p2b: Talonflame\n|-sidestart|p2: kyusoca|move: Tailwind\n|move|p2a: Charizard|Dragon Dance|p2a: Charizard\n|-boost|p2a: Charizard|atk|1\n|-boost|p2a: Charizard|spe|1\n|move|p1a: Unction|Calm Mind|p1a: Unction\n|-boost|p1a: Unction|spa|1\n|-boost|p1a: Unction|spd|1\n|move|p1b: Miffy|Trick Room|p1b: Miffy\n|-fieldstart|move: Trick Room|[of] p1b: Miffy\n|\n|upkeep\n|turn|2\n|inactive|MrMythicorn has 30 seconds left.\n|\n|t:|1776526097\n|switch|p1b: Bowlmouth|Pelipper, L50, M|100/100\n|-weather|RainDance|[from] ability: Drizzle|[of] p1b: Bowlmouth\n|move|p2a: Charizard|Protect|p2a: Charizard\n|-singleturn|p2a: Charizard|Protect\n|move|p2b: Talonflame|Acrobatics|p1a: Unction\n|-damage|p1a: Unction|60/100\n|move|p1a: Unction|Hurricane|p2a: Charizard\n|-activate|p2a: Charizard|move: Protect\n|\n|-weather|RainDance|[upkeep]\n|upkeep\n|turn|3\n|inactive|kyusoca has 30 seconds left.\n|\n|t:|1776526131\n|switch|p2b: Incineroar|Incineroar, L50, M|100/100\n|-ability|p2b: Incineroar|Intimidate|boost\n|-unboost|p1a: Unction|atk|1\n|-unboost|p1b: Bowlmouth|atk|1\n|move|p1a: Unction|Hurricane|p2a: Charizard\n|-damage|p2a: Charizard|4/100\n|-start|p2a: Charizard|confusion\n|move|p1b: Bowlmouth|Weather Ball|p2b: Incineroar\n|-supereffective|p2b: Incineroar|1\n|-damage|p2b: Incineroar|14/100\n|-enditem|p2b: Incineroar|Sitrus Berry|[eat]\n|-heal|p2b: Incineroar|39/100|[from] item: Sitrus Berry\n|-activate|p2a: Charizard|confusion\n|-damage|p2a: Charizard|0 fnt|[from] confusion\n|faint|p2a: Charizard\n|\n|-weather|RainDance|[upkeep]\n|upkeep\n|\n|t:|1776526147\n|switch|p2a: Sinistcha|Sinistcha, L50|100/100\n|-heal|p2b: Incineroar|64/100|[from] ability: Hospitality|[of] p2a: Sinistcha\n|turn|4\n|\n|t:|1776526162\n|move|p2a: Sinistcha|Protect|p2a: Sinistcha\n|-singleturn|p2a: Sinistcha|Protect\n|move|p1a: Unction|Hurricane|p2a: Sinistcha\n|-activate|p2a: Sinistcha|move: Protect\n|move|p1b: Bowlmouth|Weather Ball|p2b: Incineroar\n|-supereffective|p2b: Incineroar|1\n|-damage|p2b: Incineroar|0 fnt\n|faint|p2b: Incineroar\n|\n|-weather|RainDance|[upkeep]\n|-sideend|p2: kyusoca|move: Tailwind\n|upkeep\n|\n|t:|1776526172\n|switch|p2b: Talonflame|Talonflame, L50, M|100/100\n|turn|5\n|l|\u2606MrMythicorn\n|inactive|MrMythicorn disconnected and has a minute to reconnect!\n|player|p1|\n|j|\u2606MrMythicorn\n|inactive|MrMythicorn reconnected and has 35 seconds left.\n|player|p1|MrMythicorn|shauna-masters|\n|inactive|MrMythicorn has 30 seconds left.\n|\n|t:|1776526199\n|move|p2b: Talonflame|Acrobatics|p1a: Unction\n|-damage|p1a: Unction|21/100\n|-ability|p1a: Unction|Berserk|boost\n|-boost|p1a: Unction|spa|1\n|move|p1a: Unction|Hurricane|p2a: Sinistcha\n|-supereffective|p2a: Sinistcha|1\n|-damage|p2a: Sinistcha|0 fnt\n|faint|p2a: Sinistcha\n|move|p1b: Bowlmouth|Weather Ball|p2b: Talonflame\n|-supereffective|p2b: Talonflame|1\n|-damage|p2b: Talonflame|0 fnt\n|faint|p2b: Talonflame\n|\n|win|MrMythicorn\n|raw|MrMythicorn's rating: 1055 &rarr; <strong>1087</strong><br />(+32 for winning)\n|raw|kyusoca's rating: 1059 &rarr; <strong>1040</strong><br />(-19 for losing)\n|l|\u2606kyusoca\n|player|p2|\n",
  "uploadtime": 1776526214,
  "views": 20,
  "formatid": "gen9championsvgc2026regma",
  "rating": 1040,
  "private": 0,
  "password": null
}