{
  "id": "gen9championsvgc2026regma-2583663004",
  "format": "[Gen 9 Champions] VGC 2026 Reg M-A",
  "players": [
    "NotCoxy",
    "NEONxTOKYO"
  ],
  "log": "|j|\u2606NotCoxy\n|j|\u2606NEONxTOKYO\n|t:|1776189559\n|gametype|doubles\n|player|p1|NotCoxy|1|1118\n|player|p2|NEONxTOKYO|unknown|1174\n|gen|9\n|tier|[Gen 9 Champions] VGC 2026 Reg M-A\n|rated|\n|rule|Species Clause: Limit one of each Pok\u00e9mon\n|rule|Item Clause: Limit 1 of each item\n|clearpoke\n|poke|p1|Crabominable, L50, F|\n|poke|p1|Farigiraf, L50, M|\n|poke|p1|Pelipper, L50, M|\n|poke|p1|Archaludon, L50, M|\n|poke|p1|Basculegion, L50, M|\n|poke|p1|Primarina, L50, F|\n|poke|p2|Garchomp, L50, F|\n|poke|p2|Tyranitar, L50, M|\n|poke|p2|Excadrill, L50, M|\n|poke|p2|Corviknight, L50, M|\n|poke|p2|Rotom-Wash, L50|\n|poke|p2|Archaludon, L50, M|\n|teampreview|4\n|inactive|Battle timer is ON: inactive players will automatically lose when time's up. (requested by NotCoxy)\nNotCoxy has agreed to open team sheets.\n|\n|t:|1776189582\n|teamsize|p1|4\n|teamsize|p2|4\n|start\n|switch|p1a: Farigiraf|Farigiraf, L50, M|100/100\n|switch|p1b: Basculegion|Basculegion, L50, M|100/100\n|switch|p2a: Tyranitar|Tyranitar, L50, M|100/100\n|switch|p2b: Excadrill|Excadrill, L50, M|100/100\n|-weather|Sandstorm|[from] ability: Sand Stream|[of] p2a: Tyranitar\n|turn|1\n|inactive|NotCoxy has 30 seconds left.\n|inactive|NEONxTOKYO has 30 seconds left.\n|\n|t:|1776189614\n|detailschange|p2a: Tyranitar|Tyranitar-Mega, L50, M\n|-mega|p2a: Tyranitar|Tyranitar|Tyranitarite\n|move|p1a: Farigiraf|Protect|p1a: Farigiraf\n|-singleturn|p1a: Farigiraf|Protect\n|move|p2b: Excadrill|High Horsepower|p1a: Farigiraf\n|-activate|p1a: Farigiraf|move: Protect\n|move|p1b: Basculegion|Flip Turn|p2b: Excadrill\n|-supereffective|p2b: Excadrill|1\n|-enditem|p2b: Excadrill|Focus Sash\n|-damage|p2b: Excadrill|1/100\n|\n|t:|1776189624\n|switch|p1b: Primarina|Primarina, L50, F|100/100|[from] Flip Turn\n|move|p2a: Tyranitar|Crunch|p1a: Farigiraf\n|-activate|p1a: Farigiraf|move: Protect\n|\n|-weather|Sandstorm|[upkeep]\n|-damage|p1a: Farigiraf|94/100|[from] Sandstorm\n|-damage|p1b: Primarina|95/100|[from] Sandstorm\n|-heal|p1b: Primarina|100/100|[from] item: Leftovers\n|upkeep\n|turn|2\n|\n|t:|1776189642\n|move|p2b: Excadrill|Iron Head|p1a: Farigiraf\n|-damage|p1a: Farigiraf|56/100\n|move|p2a: Tyranitar|Crunch|p1a: Farigiraf\n|-supereffective|p1a: Farigiraf|1\n|-crit|p1a: Farigiraf\n|-damage|p1a: Farigiraf|0 fnt\n|faint|p1a: Farigiraf\n|move|p1b: Primarina|Hyper Voice|p2a: Tyranitar|[spread] p2a,p2b\n|-supereffective|p2a: Tyranitar|1\n|-supereffective|p2b: Excadrill|1\n|-damage|p2a: Tyranitar|65/100\n|-damage|p2b: Excadrill|0 fnt\n|faint|p2b: Excadrill\n|\n|-weather|Sandstorm|[upkeep]\n|-damage|p1b: Primarina|95/100|[from] Sandstorm\n|-heal|p1b: Primarina|100/100|[from] item: Leftovers\n|upkeep\n|\n|t:|1776189651\n|switch|p2b: Archaludon|Archaludon, L50, M|100/100\n|switch|p1a: Basculegion|Basculegion, L50, M|100/100\n|turn|3\n|\n|t:|1776189671\n|move|p2a: Tyranitar|Protect|p2a: Tyranitar\n|-singleturn|p2a: Tyranitar|Protect\n|move|p1a: Basculegion|Flip Turn|p2a: Tyranitar\n|-activate|p2a: Tyranitar|move: Protect\n|move|p2b: Archaludon|Thunderbolt|p1a: Basculegion\n|-supereffective|p1a: Basculegion|1\n|-damage|p1a: Basculegion|22/100\n|move|p1b: Primarina|Moonblast|p2b: Archaludon\n|-damage|p2b: Archaludon|29/100\n|-ability|p2b: Archaludon|Stamina|boost\n|-boost|p2b: Archaludon|def|1\n|\n|-weather|Sandstorm|[upkeep]\n|-damage|p1a: Basculegion|16/100|[from] Sandstorm\n|-damage|p1b: Primarina|95/100|[from] Sandstorm\n|-heal|p1b: Primarina|100/100|[from] item: Leftovers\n|upkeep\n|turn|4\n|\n|t:|1776189693\n|switch|p2a: Rotom|Rotom-Wash, L50|100/100\n|move|p1a: Basculegion|Flip Turn|p2a: Rotom\n|-resisted|p2a: Rotom|1\n|-damage|p2a: Rotom|79/100\n|\n|t:|1776189696\n|switch|p1a: Crabominable|Crabominable, L50, F|100/100|[from] Flip Turn\n|move|p2b: Archaludon|Thunderbolt|p1b: Primarina\n|-supereffective|p1b: Primarina|1\n|-damage|p1b: Primarina|48/100\n|move|p1b: Primarina|Moonblast|p2a: Rotom\n|-damage|p2a: Rotom|19/100\n|-enditem|p2a: Rotom|Sitrus Berry|[eat]\n|-heal|p2a: Rotom|44/100|[from] item: Sitrus Berry\n|\n|-weather|Sandstorm|[upkeep]\n|-damage|p2a: Rotom|38/100|[from] Sandstorm\n|-damage|p1b: Primarina|42/100|[from] Sandstorm\n|-damage|p1a: Crabominable|95/100|[from] Sandstorm\n|-heal|p1b: Primarina|48/100|[from] item: Leftovers\n|upkeep\n|turn|5\n|inactive|NEONxTOKYO has 30 seconds left.\n|\n|t:|1776189723\n|detailschange|p1a: Crabominable|Crabominable-Mega, L50, F\n|-mega|p1a: Crabominable|Crabominable|Crabominite\n|move|p2b: Archaludon|Protect|p2b: Archaludon\n|-singleturn|p2b: Archaludon|Protect\n|move|p1b: Primarina|Protect|p1b: Primarina\n|-singleturn|p1b: Primarina|Protect\n|move|p1a: Crabominable|Mach Punch|p2b: Archaludon\n|-activate|p2b: Archaludon|move: Protect\n|move|p2a: Rotom|Will-O-Wisp|p1a: Crabominable\n|-status|p1a: Crabominable|brn\n|\n|-weather|none\n|-heal|p1b: Primarina|54/100|[from] item: Leftovers\n|-damage|p1a: Crabominable|89/100 brn|[from] brn\n|upkeep\n|turn|6\n|c|\u2606NotCoxy|nice play\n|\n|t:|1776189744\n|move|p2a: Rotom|Thunderbolt|p1b: Primarina\n|-supereffective|p1b: Primarina|1\n|-damage|p1b: Primarina|0 fnt\n|faint|p1b: Primarina\n|move|p2b: Archaludon|Thunderbolt|p1a: Crabominable\n|-damage|p1a: Crabominable|63/100 brn\n|move|p1a: Crabominable|Ice Hammer|p2a: Rotom\n|-resisted|p2a: Rotom|1\n|-damage|p2a: Rotom|16/100\n|-unboost|p1a: Crabominable|spe|1\n|\n|-damage|p1a: Crabominable|57/100 brn|[from] brn\n|upkeep\n|\n|t:|1776189747\n|switch|p1b: Basculegion|Basculegion, L50, M|16/100\n|turn|7\n|inactive|NEONxTOKYO has 30 seconds left.\n|\n|t:|1776189779\n|move|p1a: Crabominable|Mach Punch|p2a: Rotom\n|-damage|p2a: Rotom|0 fnt\n|faint|p2a: Rotom\n|move|p1b: Basculegion|Last Respects|p2b: Archaludon\n|-damage|p2b: Archaludon|0 fnt\n|faint|p2b: Archaludon\n|\n|-damage|p1a: Crabominable|51/100 brn|[from] brn\n|upkeep\n|\n|t:|1776189789\n|switch|p2b: Tyranitar|Tyranitar-Mega, L50, M|65/100\n|-weather|Sandstorm|[from] ability: Sand Stream|[of] p2b: Tyranitar\n|turn|8\n|\n|t:|1776189794\n|move|p2b: Tyranitar|Protect|p2b: Tyranitar\n|-singleturn|p2b: Tyranitar|Protect\n|move|p1a: Crabominable|Mach Punch|p2b: Tyranitar\n|-activate|p2b: Tyranitar|move: Protect\n|move|p1b: Basculegion|Last Respects|p2b: Tyranitar\n|-activate|p2b: Tyranitar|move: Protect\n|\n|-weather|Sandstorm|[upkeep]\n|-damage|p1b: Basculegion|10/100|[from] Sandstorm\n|-damage|p1a: Crabominable|46/100 brn|[from] Sandstorm\n|-damage|p1a: Crabominable|40/100 brn|[from] brn\n|upkeep\n|turn|9\n|c|\u2606NotCoxy|gg\n|\n|t:|1776189811\n|move|p1a: Crabominable|Mach Punch|p2b: Tyranitar\n|-supereffective|p2b: Tyranitar|2\n|-damage|p2b: Tyranitar|29/100\n|move|p1b: Basculegion|Last Respects|p2b: Tyranitar\n|-resisted|p2b: Tyranitar|1\n|-damage|p2b: Tyranitar|0 fnt\n|faint|p2b: Tyranitar\n|\n|win|NotCoxy\n|raw|NotCoxy's rating: 1118 &rarr; <strong>1147</strong><br />(+29 for winning)\n|raw|NEONxTOKYO's rating: 1174 &rarr; <strong>1145</strong><br />(-29 for losing)\n",
  "uploadtime": 1776189812,
  "views": 15,
  "formatid": "gen9championsvgc2026regma",
  "rating": 1145,
  "private": 0,
  "password": null
}