{
  "id": "gen9championsvgc2026regma-2583711216",
  "format": "[Gen 9 Champions] VGC 2026 Reg M-A",
  "players": [
    "JimmiBunnie",
    "B1sm"
  ],
  "log": "|j|\u2606JimmiBunnie\n|j|\u2606B1sm\n|t:|1776192547\n|gametype|doubles\n|player|p1|JimmiBunnie|pokekid|1090\n|player|p2|B1sm|cynthia|1013\n|gen|9\n|tier|[Gen 9 Champions] VGC 2026 Reg M-A\n|rated|\n|rule|Species Clause: Limit one of each Pok\u00e9mon\n|rule|Item Clause: Limit 1 of each item\n|clearpoke\n|poke|p1|Lopunny, L50, F|\n|poke|p1|Garchomp, L50, M|\n|poke|p1|Incineroar, L50, M|\n|poke|p1|Rotom-Wash, L50|\n|poke|p1|Whimsicott, L50, F|\n|poke|p1|Sinistcha, L50|\n|poke|p2|Delphox, L50, F|\n|poke|p2|Milotic, L50, F|\n|poke|p2|Sylveon, L50, M|\n|poke|p2|Altaria, L50, M|\n|poke|p2|Corviknight, L50, F|\n|poke|p2|Tyranitar, L50, F|\n|teampreview|4\n|\n|t:|1776192586\n|teamsize|p1|4\n|teamsize|p2|4\n|start\n|switch|p1a: Lopunny|Lopunny, L50, F|100/100\n|switch|p1b: Whimsicott|Whimsicott, L50, F|100/100\n|switch|p2a: Sylveon|Sylveon, L50, M|100/100\n|switch|p2b: Tyranitar|Tyranitar, L50, F|100/100\n|-ability|p2b: Tyranitar|Unnerve\n|turn|1\n|\n|t:|1776192609\n|detailschange|p1a: Lopunny|Lopunny-Mega, L50, F\n|-mega|p1a: Lopunny|Lopunny|Lopunnite\n|move|p1b: Whimsicott|Tailwind|p1b: Whimsicott\n|-sidestart|p1: JimmiBunnie|move: Tailwind\n|move|p1a: Lopunny|Close Combat|p2b: Tyranitar\n|-supereffective|p2b: Tyranitar|2\n|-enditem|p2b: Tyranitar|Chople Berry|[eat]\n|-enditem|p2b: Tyranitar|Chople Berry|[weaken]\n|-damage|p2b: Tyranitar|11/100\n|-unboost|p1a: Lopunny|def|1\n|-unboost|p1a: Lopunny|spd|1\n|move|p2a: Sylveon|Reflect|p2a: Sylveon\n|-sidestart|p2: B1sm|Reflect\n|move|p2b: Tyranitar|Thunder Wave|p1a: Lopunny\n|-status|p1a: Lopunny|par\n|\n|upkeep\n|turn|2\n|\n|t:|1776192630\n|switch|p2a: Delphox|Delphox, L50, F|100/100\n|move|p2b: Tyranitar|Protect|p2b: Tyranitar\n|-singleturn|p2b: Tyranitar|Protect\n|move|p1b: Whimsicott|Moonblast|p2b: Tyranitar\n|-activate|p2b: Tyranitar|move: Protect\n|move|p1a: Lopunny|Close Combat|p2a: Delphox\n|-resisted|p2a: Delphox|1\n|-damage|p2a: Delphox|70/100\n|-unboost|p1a: Lopunny|def|1\n|-unboost|p1a: Lopunny|spd|1\n|\n|upkeep\n|turn|3\n|\n|t:|1776192651\n|switch|p1a: Incineroar|Incineroar, L50, M|100/100\n|-ability|p1a: Incineroar|Intimidate|boost\n|-unboost|p2a: Delphox|atk|1\n|-unboost|p2b: Tyranitar|atk|1\n|switch|p2b: Sylveon|Sylveon, L50, M|100/100\n|detailschange|p2a: Delphox|Delphox-Mega, L50, F\n|-mega|p2a: Delphox|Delphox|Delphoxite\n|move|p1b: Whimsicott|Moonblast|p2b: Sylveon\n|-damage|p2b: Sylveon|73/100\n|move|p2a: Delphox|Psyshock|p1a: Incineroar\n|-immune|p1a: Incineroar\n|\n|upkeep\n|turn|4\n|\n|t:|1776192678\n|move|p2a: Delphox|Protect|p2a: Delphox\n|-singleturn|p2a: Delphox|Protect\n|move|p1a: Incineroar|Fake Out|p2a: Delphox\n|-activate|p2a: Delphox|move: Protect\n|move|p1b: Whimsicott|Moonblast|p2a: Delphox\n|-activate|p2a: Delphox|move: Protect\n|move|p2b: Sylveon|Hyper Voice|p1b: Whimsicott|[spread] p1a,p1b\n|-damage|p1a: Incineroar|72/100\n|-damage|p1b: Whimsicott|44/100\n|\n|-sideend|p1: JimmiBunnie|move: Tailwind\n|upkeep\n|turn|5\n|\n|t:|1776192699\n|switch|p1b: Rotom|Rotom-Wash, L50|100/100\n|move|p2a: Delphox|Heat Wave|p1a: Incineroar|[spread] p1a,p1b\n|-resisted|p1a: Incineroar|1\n|-resisted|p1b: Rotom|1\n|-damage|p1a: Incineroar|57/100\n|-damage|p1b: Rotom|79/100\n|move|p2b: Sylveon|Hyper Voice|p1b: Rotom|[spread] p1a,p1b\n|-damage|p1a: Incineroar|27/100\n|-damage|p1b: Rotom|38/100\n|-enditem|p1a: Incineroar|Sitrus Berry|[eat]\n|-heal|p1a: Incineroar|52/100|[from] item: Sitrus Berry\n|move|p1a: Incineroar|Parting Shot|p2a: Delphox\n|-unboost|p2a: Delphox|atk|1\n|-unboost|p2a: Delphox|spa|1\n|\n|t:|1776192713\n|switch|p1a: Lopunny|Lopunny-Mega, L50, F|100/100 par|[from] Parting Shot\n|\n|-heal|p1b: Rotom|44/100|[from] item: Leftovers\n|-sideend|p2: B1sm|Reflect\n|upkeep\n|turn|6\n|\n|t:|1776192726\n|move|p1a: Lopunny|Fake Out|p2b: Sylveon\n|-damage|p2b: Sylveon|42/100\n|move|p2a: Delphox|Heat Wave|p1a: Lopunny|[spread] p1a\n|-miss|p2a: Delphox|p1b: Rotom\n|-damage|p1a: Lopunny|62/100 par\n|cant|p2b: Sylveon|flinch\n|move|p1b: Rotom|Hydro Pump|p2a: Delphox|[miss]\n|-miss|p1b: Rotom|p2a: Delphox\n|\n|-heal|p1b: Rotom|50/100|[from] item: Leftovers\n|upkeep\n|turn|7\n|\n|t:|1776192751\n|switch|p2b: Milotic|Milotic, L50, F|100/100\n|move|p2a: Delphox|Psyshock|p1a: Lopunny\n|-supereffective|p1a: Lopunny|1\n|-damage|p1a: Lopunny|0 fnt\n|faint|p1a: Lopunny\n|move|p1b: Rotom|Volt Switch|p2b: Milotic\n|-supereffective|p2b: Milotic|1\n|-damage|p2b: Milotic|56/100\n|\n|t:|1776192762\n|switch|p1b: Whimsicott|Whimsicott, L50, F|44/100|[from] Volt Switch\n|\n|-heal|p2b: Milotic|62/100|[from] item: Leftovers\n|upkeep\n|\n|t:|1776192768\n|switch|p1a: Rotom|Rotom-Wash, L50|50/100\n|turn|8\n|\n|t:|1776192779\n|move|p2a: Delphox|Protect|p2a: Delphox\n|-singleturn|p2a: Delphox|Protect\n|move|p1b: Whimsicott|Moonblast|p2b: Milotic\n|-damage|p2b: Milotic|36/100\n|move|p1a: Rotom|Volt Switch|p2b: Milotic\n|-supereffective|p2b: Milotic|1\n|-damage|p2b: Milotic|0 fnt\n|faint|p2b: Milotic\n|\n|t:|1776192791\n|switch|p1a: Incineroar|Incineroar, L50, M|52/100|[from] Volt Switch\n|-ability|p1a: Incineroar|Intimidate|boost\n|-unboost|p2a: Delphox|atk|1\n|\n|upkeep\n|\n|t:|1776192797\n|switch|p2b: Tyranitar|Tyranitar, L50, F|11/100\n|-ability|p2b: Tyranitar|Unnerve\n|turn|9\n|\n|t:|1776192810\n|move|p1a: Incineroar|Fake Out|p2a: Delphox\n|-damage|p2a: Delphox|56/100\n|cant|p2a: Delphox|flinch\n|move|p1b: Whimsicott|Moonblast|p2b: Tyranitar\n|-supereffective|p2b: Tyranitar|1\n|-damage|p2b: Tyranitar|0 fnt\n|faint|p2b: Tyranitar\n|\n|upkeep\n|\n|t:|1776192817\n|switch|p2b: Sylveon|Sylveon, L50, M|42/100\n|turn|10\n|\n|t:|1776192830\n|move|p2a: Delphox|Heat Wave|p1a: Incineroar|[spread] p1a,p1b\n|-resisted|p1a: Incineroar|1\n|-supereffective|p1b: Whimsicott|1\n|-damage|p1a: Incineroar|42/100\n|-damage|p1b: Whimsicott|0 fnt\n|faint|p1b: Whimsicott\n|move|p2b: Sylveon|Reflect|p2b: Sylveon\n|-sidestart|p2: B1sm|Reflect\n|move|p1a: Incineroar|Throat Chop|p2a: Delphox\n|-supereffective|p2a: Delphox|1\n|-damage|p2a: Delphox|1/100\n|-start|p2a: Delphox|Throat Chop|[silent]\n|\n|upkeep\n|\n|t:|1776192838\n|switch|p1b: Rotom|Rotom-Wash, L50|50/100\n|turn|11\n|\n|t:|1776192862\n|move|p2a: Delphox|Heat Wave|p1b: Rotom|[spread] p1a,p1b\n|-resisted|p1a: Incineroar|1\n|-resisted|p1b: Rotom|1\n|-crit|p1b: Rotom\n|-damage|p1a: Incineroar|31/100\n|-damage|p1b: Rotom|16/100\n|move|p2b: Sylveon|Reflect||[still]\n|-fail|p2b: Sylveon\n|move|p1b: Rotom|Hydro Pump|p2b: Sylveon\n|-damage|p2b: Sylveon|2/100\n|move|p1a: Incineroar|Throat Chop|p2a: Delphox\n|-supereffective|p2a: Delphox|1\n|-damage|p2a: Delphox|0 fnt\n|faint|p2a: Delphox\n|\n|-heal|p1b: Rotom|22/100|[from] item: Leftovers\n|upkeep\n|turn|12\n|-message|B1sm forfeited.\n|\n|win|JimmiBunnie\n|raw|JimmiBunnie's rating: 1090 &rarr; <strong>1111</strong><br />(+21 for winning)\n|raw|B1sm's rating: 1013 &rarr; <strong>1004</strong><br />(-9 for losing)\n|l|\u2606B1sm\n|player|p2|\n",
  "uploadtime": 1776192879,
  "views": 13,
  "formatid": "gen9championsvgc2026regma",
  "rating": 1004,
  "private": 0,
  "password": null
}