{
  "id": "gen9championsvgc2026regma-2586059652",
  "format": "[Gen 9 Champions] VGC 2026 Reg M-A",
  "players": [
    "romulus1253",
    "michiganfan86"
  ],
  "log": "|j|\u2606romulus1253\n|j|\u2606michiganfan86\n|t:|1776394733\n|gametype|doubles\n|player|p1|romulus1253|169|1073\n|player|p2|michiganfan86|169|1049\n|gen|9\n|tier|[Gen 9 Champions] VGC 2026 Reg M-A\n|rated|\n|rule|Species Clause: Limit one of each Pok\u00e9mon\n|rule|Item Clause: Limit 1 of each item\n|clearpoke\n|poke|p1|Basculegion, L50, M|\n|poke|p1|Pelipper, L50, M|\n|poke|p1|Bellibolt, L50, F|\n|poke|p1|Whimsicott, L50, F|\n|poke|p1|Meganium, L50, M|\n|poke|p1|Emolga, L50, F|\n|poke|p2|Blastoise, L50, F|\n|poke|p2|Pelipper, L50, M|\n|poke|p2|Sinistcha-Masterpiece, L50|\n|poke|p2|Hydreigon, L50, F|\n|poke|p2|Archaludon, L50, F|\n|poke|p2|Infernape, L50, F|\n|teampreview|4\n|\n|t:|1776394764\n|teamsize|p1|4\n|teamsize|p2|4\n|start\n|switch|p1a: Whimsicott|Whimsicott, L50, F|100/100\n|switch|p1b: Bellibolt|Bellibolt, L50, F|100/100\n|switch|p2a: Pelipper|Pelipper, L50, M|100/100\n|switch|p2b: Blastoise|Blastoise, L50, F|100/100\n|-weather|RainDance|[from] ability: Drizzle|[of] p2a: Pelipper\n|turn|1\n|\n|t:|1776394790\n|detailschange|p2b: Blastoise|Blastoise-Mega, L50, F\n|-mega|p2b: Blastoise|Blastoise|Blastoisinite\n|move|p1a: Whimsicott|Tailwind|p1a: Whimsicott\n|-sidestart|p1: romulus1253|move: Tailwind\n|move|p2b: Blastoise|Shell Smash|p2b: Blastoise\n|-unboost|p2b: Blastoise|def|1\n|-unboost|p2b: Blastoise|spd|1\n|-boost|p2b: Blastoise|atk|2\n|-boost|p2b: Blastoise|spa|2\n|-boost|p2b: Blastoise|spe|2\n|move|p1b: Bellibolt|Soak|p2b: Blastoise\n|-fail|p2b: Blastoise\n|move|p2a: Pelipper|Tailwind|p2a: Pelipper\n|-sidestart|p2: michiganfan86|move: Tailwind\n|\n|-weather|RainDance|[upkeep]\n|upkeep\n|turn|2\n|\n|t:|1776394811\n|move|p1a: Whimsicott|Encore|p2b: Blastoise\n|-start|p2b: Blastoise|Encore\n|move|p2b: Blastoise|Shell Smash|p2b: Blastoise\n|-unboost|p2b: Blastoise|def|1\n|-unboost|p2b: Blastoise|spd|1\n|-boost|p2b: Blastoise|atk|2\n|-boost|p2b: Blastoise|spa|2\n|-boost|p2b: Blastoise|spe|2\n|move|p2a: Pelipper|Hurricane|p1a: Whimsicott\n|-supereffective|p1a: Whimsicott|1\n|-damage|p1a: Whimsicott|0 fnt\n|faint|p1a: Whimsicott\n|move|p1b: Bellibolt|Discharge|p2b: Blastoise|[spread] p2a,p2b\n|-supereffective|p2a: Pelipper|2\n|-supereffective|p2b: Blastoise|1\n|-enditem|p2a: Pelipper|Focus Sash\n|-damage|p2a: Pelipper|1/100\n|-damage|p2b: Blastoise|16/100\n|\n|-weather|RainDance|[upkeep]\n|upkeep\n|\n|t:|1776394826\n|switch|p1a: Emolga|Emolga, L50, F|100/100\n|turn|3\n|\n|t:|1776394851\n|switch|p2b: Archaludon|Archaludon, L50, F|100/100\n|move|p1a: Emolga|Nuzzle|p2b: Archaludon\n|-resisted|p2b: Archaludon|1\n|-damage|p2b: Archaludon|98/100\n|-status|p2b: Archaludon|par\n|-ability|p2b: Archaludon|Stamina|boost\n|-boost|p2b: Archaludon|def|1\n|move|p2a: Pelipper|Weather Ball|p1b: Bellibolt\n|-damage|p1b: Bellibolt|31/100\n|-start|p1b: Bellibolt|Charge|Weather Ball|[from] ability: Electromorphosis\n|-enditem|p1b: Bellibolt|Sitrus Berry|[eat]\n|-heal|p1b: Bellibolt|56/100|[from] item: Sitrus Berry\n|move|p1b: Bellibolt|Discharge|p2b: Archaludon|[spread] p2a,p2b\n|-ability|p1a: Emolga|Motor Drive|boost\n|-boost|p1a: Emolga|spe|1\n|-supereffective|p2a: Pelipper|2\n|-resisted|p2b: Archaludon|1\n|-damage|p2a: Pelipper|0 fnt\n|-damage|p2b: Archaludon|68/100 par\n|-ability|p2b: Archaludon|Stamina|boost\n|-boost|p2b: Archaludon|def|1\n|faint|p2a: Pelipper\n|-end|p1b: Bellibolt|Charge|[silent]\n|\n|-weather|RainDance|[upkeep]\n|upkeep\n|\n|t:|1776394872\n|switch|p2a: Infernape|Infernape, L50, F|100/100\n|turn|4\n|\n|t:|1776394897\n|move|p1a: Emolga|Nuzzle|p2a: Infernape\n|-damage|p2a: Infernape|91/100\n|-status|p2a: Infernape|par\n|move|p2a: Infernape|Drain Punch|p1b: Bellibolt\n|-damage|p1b: Bellibolt|25/100\n|-heal|p2a: Infernape|100/100 par|[from] drain|[of] p1b: Bellibolt\n|-start|p1b: Bellibolt|Charge|Drain Punch|[from] ability: Electromorphosis\n|move|p2b: Archaludon|Dragon Pulse|p1a: Emolga\n|-damage|p1a: Emolga|34/100\n|move|p1b: Bellibolt|Soak|p2b: Archaludon\n|-start|p2b: Archaludon|typechange|Water\n|\n|-weather|RainDance|[upkeep]\n|-sideend|p2: michiganfan86|move: Tailwind\n|-sideend|p1: romulus1253|move: Tailwind\n|upkeep\n|turn|5\n|\n|t:|1776394922\n|move|p1a: Emolga|Helping Hand|p1b: Bellibolt\n|-singleturn|p1b: Bellibolt|Helping Hand|[of] p1a: Emolga\n|move|p2b: Archaludon|Protect|p2b: Archaludon\n|-singleturn|p2b: Archaludon|Protect\n|cant|p2a: Infernape|par\n|move|p1b: Bellibolt|Parabolic Charge|p2b: Archaludon|[spread] p2a\n|-activate|p2b: Archaludon|move: Protect\n|-ability|p1a: Emolga|Motor Drive|boost\n|-boost|p1a: Emolga|spe|1\n|-damage|p2a: Infernape|14/100 par\n|-heal|p1b: Bellibolt|56/100|[from] drain|[of] p2a: Infernape\n|-end|p1b: Bellibolt|Charge|[silent]\n|\n|-weather|none\n|upkeep\n|turn|6\n|\n|t:|1776394941\n|move|p2b: Archaludon|Protect||[still]\n|-fail|p2b: Archaludon\n|move|p1a: Emolga|Electro Ball|p2b: Archaludon\n|-supereffective|p2b: Archaludon|1\n|-damage|p2b: Archaludon|0 fnt\n|faint|p2b: Archaludon\n|move|p2a: Infernape|Drain Punch|p1b: Bellibolt\n|-damage|p1b: Bellibolt|26/100\n|-heal|p2a: Infernape|35/100 par|[from] drain|[of] p1b: Bellibolt\n|-start|p1b: Bellibolt|Charge|Drain Punch|[from] ability: Electromorphosis\n|move|p1b: Bellibolt|Parabolic Charge|p2a: Infernape|[spread] p2a\n|-ability|p1a: Emolga|Motor Drive|boost\n|-boost|p1a: Emolga|spe|1\n|-damage|p2a: Infernape|0 fnt\n|-heal|p1b: Bellibolt|39/100|[from] drain|[of] p2a: Infernape\n|faint|p2a: Infernape\n|-end|p1b: Bellibolt|Charge|[silent]\n|\n|upkeep\n|-message|michiganfan86 forfeited.\n|\n|win|romulus1253\n|raw|romulus1253's rating: 1073 &rarr; <strong>1100</strong><br />(+27 for winning)\n|raw|michiganfan86's rating: 1049 &rarr; <strong>1033</strong><br />(-16 for losing)\n|l|\u2606michiganfan86\n|player|p2|\n",
  "uploadtime": 1776394971,
  "views": 47,
  "formatid": "gen9championsvgc2026regma",
  "rating": 1033,
  "private": 0,
  "password": null
}