{
  "id": "gen9championsvgc2026regma-2585572270",
  "format": "[Gen 9 Champions] VGC 2026 Reg M-A",
  "players": [
    "Lordlollig",
    "Coradar"
  ],
  "log": "|j|\u2606Lordlollig\n|j|\u2606Coradar\n|t:|1776356318\n|gametype|doubles\n|player|p1|Lordlollig|170|1172\n|player|p2|Coradar|265|1083\n|gen|9\n|tier|[Gen 9 Champions] VGC 2026 Reg M-A\n|rated|\n|rule|Species Clause: Limit one of each Pok\u00e9mon\n|rule|Item Clause: Limit 1 of each item\n|clearpoke\n|poke|p1|Charizard, L50, F|\n|poke|p1|Sableye, L50, M|\n|poke|p1|Milotic, L50, F|\n|poke|p1|Farigiraf, L50, M|\n|poke|p1|Sylveon, L50, M|\n|poke|p1|Corviknight, L50, M|\n|poke|p2|Tyranitar, L50, F|\n|poke|p2|Excadrill, L50, F|\n|poke|p2|Whimsicott, L50, M|\n|poke|p2|Kingambit, L50, M|\n|poke|p2|Rotom-Wash, L50|\n|poke|p2|Corviknight, L50, F|\n|teampreview|4\n|inactive|Battle timer is ON: inactive players will automatically lose when time's up. (requested by Lordlollig)\n|\n|t:|1776356396\n|teamsize|p1|4\n|teamsize|p2|4\n|start\n|switch|p1a: Charizard|Charizard, L50, F|100/100\n|switch|p1b: Sableye|Sableye, L50, M, shiny|100/100\n|switch|p2a: Whimsicott|Whimsicott, L50, M|100/100\n|switch|p2b: Kingambit|Kingambit, L50, M|100/100\n|turn|1\n|inactive|Lordlollig has 30 seconds left.\n|\n|t:|1776356428\n|detailschange|p1a: Charizard|Charizard-Mega-X, L50, F\n|-mega|p1a: Charizard|Charizard|Charizardite X\n|move|p2b: Kingambit|Protect|p2b: Kingambit\n|-singleturn|p2b: Kingambit|Protect\n|move|p1b: Sableye|Fake Out|p2b: Kingambit\n|-activate|p2b: Kingambit|move: Protect\n|move|p2a: Whimsicott|Tailwind|p2a: Whimsicott\n|-sidestart|p2: Coradar|move: Tailwind\n|move|p1a: Charizard|Flare Blitz|p2a: Whimsicott\n|-supereffective|p2a: Whimsicott|1\n|-damage|p2a: Whimsicott|0 fnt\n|faint|p2a: Whimsicott\n|-damage|p1a: Charizard|76/100|[from] Recoil\n|\n|upkeep\n|inactive|Coradar has 30 seconds left.\n|inactive|Coradar has 20 seconds left.\n|inactive|Coradar has 15 seconds left.\n|\n|t:|1776356472\n|switch|p2a: Tyranitar|Tyranitar, L50, F|100/100\n|-weather|Sandstorm|[from] ability: Sand Stream|[of] p2a: Tyranitar\n|turn|2\n|\n|t:|1776356495\n|switch|p1b: Milotic|Milotic, L50, F|100/100\n|move|p2a: Tyranitar|Rock Slide|p1a: Charizard|[spread] p1a,p1b\n|-supereffective|p1a: Charizard|1\n|-damage|p1a: Charizard|18/100\n|-damage|p1b: Milotic|75/100\n|move|p2b: Kingambit|Kowtow Cleave|p1a: Charizard\n|-damage|p1a: Charizard|0 fnt\n|faint|p1a: Charizard\n|\n|-weather|Sandstorm|[upkeep]\n|-damage|p1b: Milotic|69/100|[from] Sandstorm\n|upkeep\n|\n|t:|1776356512\n|switch|p1a: Sableye|Sableye, L50, M, shiny|100/100\n|turn|3\n|\n|t:|1776356531\n|switch|p2a: Rotom|Rotom-Wash, L50|100/100\n|move|p2b: Kingambit|Protect|p2b: Kingambit\n|-singleturn|p2b: Kingambit|Protect\n|move|p1a: Sableye|Fake Out|p2b: Kingambit\n|-activate|p2b: Kingambit|move: Protect\n|move|p1b: Milotic|Hydro Pump|p2a: Rotom|[miss]\n|-miss|p1b: Milotic|p2a: Rotom\n|\n|-weather|Sandstorm|[upkeep]\n|-damage|p2a: Rotom|95/100|[from] Sandstorm\n|-damage|p1b: Milotic|63/100|[from] Sandstorm\n|-damage|p1a: Sableye|95/100|[from] Sandstorm\n|upkeep\n|turn|4\n|inactive|Coradar has 30 seconds left.\n|inactive|Coradar has 20 seconds left.\n|inactive|Coradar has 15 seconds left.\n|\n|t:|1776356574\n|move|p1a: Sableye|Feint|p2a: Rotom\n|-damage|p2a: Rotom|86/100\n|move|p2a: Rotom|Thunderbolt|p1b: Milotic\n|-supereffective|p1b: Milotic|1\n|-damage|p1b: Milotic|9/100\n|-enditem|p1b: Milotic|Sitrus Berry|[eat]\n|-heal|p1b: Milotic|34/100|[from] item: Sitrus Berry\n|move|p2b: Kingambit|Kowtow Cleave|p1b: Milotic\n|-damage|p1b: Milotic|0 fnt\n|faint|p1b: Milotic\n|\n|-weather|Sandstorm|[upkeep]\n|-damage|p2a: Rotom|80/100|[from] Sandstorm\n|-damage|p1a: Sableye|89/100|[from] Sandstorm\n|-sideend|p2: Coradar|move: Tailwind\n|upkeep\n|\n|t:|1776356588\n|switch|p1b: Corviknight|Corviknight, L50, M|100/100\n|turn|5\n|inactive|Coradar has 30 seconds left.\n|inactive|Coradar has 20 seconds left.\n|inactive|Coradar has 15 seconds left.\n|\n|t:|1776356629\n|move|p2b: Kingambit|Protect|p2b: Kingambit\n|-singleturn|p2b: Kingambit|Protect\n|move|p2a: Rotom|Thunderbolt|p1b: Corviknight\n|-supereffective|p1b: Corviknight|1\n|-damage|p1b: Corviknight|47/100\n|move|p1b: Corviknight|Bulk Up|p1b: Corviknight\n|-boost|p1b: Corviknight|atk|1\n|-boost|p1b: Corviknight|def|1\n|move|p1a: Sableye|Foul Play|p2a: Rotom\n|-damage|p2a: Rotom|52/100\n|\n|-weather|Sandstorm|[upkeep]\n|-damage|p2a: Rotom|46/100|[from] Sandstorm\n|-damage|p1a: Sableye|83/100|[from] Sandstorm\n|-enditem|p2a: Rotom|Sitrus Berry|[eat]\n|-heal|p2a: Rotom|71/100|[from] item: Sitrus Berry\n|-heal|p1b: Corviknight|53/100|[from] item: Leftovers\n|upkeep\n|turn|6\n|inactive|Coradar has 30 seconds left.\n|\n|t:|1776356656\n|move|p2a: Rotom|Will-O-Wisp|p1b: Corviknight|[miss]\n|-miss|p2a: Rotom|p1b: Corviknight\n|move|p1b: Corviknight|Roost|p1b: Corviknight\n|-heal|p1b: Corviknight|100/100\n|-singleturn|p1b: Corviknight|move: Roost\n|move|p2b: Kingambit|Kowtow Cleave|p1a: Sableye\n|-damage|p1a: Sableye|0 fnt\n|faint|p1a: Sableye\n|\n|-weather|none\n|upkeep\n|turn|7\n|\n|t:|1776356680\n|move|p2b: Kingambit|Protect|p2b: Kingambit\n|-singleturn|p2b: Kingambit|Protect\n|move|p2a: Rotom|Will-O-Wisp|p1b: Corviknight\n|-status|p1b: Corviknight|brn\n|move|p1b: Corviknight|Brave Bird|p2a: Rotom\n|-resisted|p2a: Rotom|1\n|-damage|p2a: Rotom|53/100\n|-damage|p1b: Corviknight|97/100 brn|[from] Recoil\n|\n|-heal|p1b: Corviknight|100/100 brn|[from] item: Leftovers\n|-damage|p1b: Corviknight|95/100 brn|[from] brn\n|upkeep\n|turn|8\n|-message|Lordlollig forfeited.\n|\n|win|Coradar\n|raw|Lordlollig's rating: 1172 &rarr; <strong>1141</strong><br />(-31 for losing)\n|raw|Coradar's rating: 1083 &rarr; <strong>1117</strong><br />(+34 for winning)\n|l|\u2606Lordlollig\n|player|p1|\n",
  "uploadtime": 1776356699,
  "views": 25,
  "formatid": "gen9championsvgc2026regma",
  "rating": 1117,
  "private": 0,
  "password": null
}