{
  "id": "gen9championsvgc2026regma-2583794640",
  "format": "[Gen 9 Champions] VGC 2026 Reg M-A",
  "players": [
    "TheFunniGuy_8",
    "mura10900"
  ],
  "log": "|j|\u203dTheFunniGuy_8\n|j|\u2606mura10900\n|t:|1776198210\n|gametype|doubles\n|player|p1|TheFunniGuy_8|101|1000\n|player|p2|mura10900|170|1056\n|gen|9\n|tier|[Gen 9 Champions] VGC 2026 Reg M-A\n|rated|\n|rule|Species Clause: Limit one of each Pok\u00e9mon\n|rule|Item Clause: Limit 1 of each item\n|clearpoke\n|poke|p1|Sinistcha, L50|\n|poke|p1|Gengar, L50, F|\n|poke|p1|Whimsicott, L50, F|\n|poke|p1|Incineroar, L50, F|\n|poke|p1|Corviknight, L50, M|\n|poke|p1|Clefable, L50, F|\n|poke|p2|Lucario, L50, F|\n|poke|p2|Incineroar, L50, M|\n|poke|p2|Zoroark-Hisui, L50, F|\n|poke|p2|Torkoal, L50, M|\n|poke|p2|Gengar, L50, F|\n|poke|p2|Aerodactyl, L50, M|\n|teampreview|4\n|\n|t:|1776198245\n|teamsize|p1|4\n|teamsize|p2|4\n|start\n|switch|p1a: Gengar|Gengar, L50, F, shiny|100/100\n|switch|p1b: Whimsicott|Whimsicott, L50, F|100/100\n|switch|p2a: Incineroar|Incineroar, L50, M|100/100\n|switch|p2b: Lucario|Lucario, L50, F|100/100\n|turn|1\n|\n|t:|1776198257\n|detailschange|p1a: Gengar|Gengar-Mega, L50, F, shiny\n|-mega|p1a: Gengar|Gengar|Gengarite\n|detailschange|p2b: Lucario|Lucario-Mega, L50, F\n|-mega|p2b: Lucario|Lucario|Lucarionite\n|move|p1b: Whimsicott|Protect|p1b: Whimsicott\n|-singleturn|p1b: Whimsicott|Protect\n|move|p2b: Lucario|Bullet Punch|p1b: Whimsicott\n|-activate|p1b: Whimsicott|move: Protect\n|move|p2a: Incineroar|Bitter Malice|p1a: Gengar\n|-supereffective|p1a: Gengar|1\n|-damage|p1a: Gengar|25/100\n|-unboost|p1a: Gengar|atk|1\n|move|p1a: Gengar|Perish Song|p1a: Gengar\n|-start|p1a: Gengar|perish3|[silent]\n|-start|p1b: Whimsicott|perish3|[silent]\n|-start|p2a: Incineroar|perish3|[silent]\n|-start|p2b: Lucario|perish3|[silent]\n|-fieldactivate|move: Perish Song\n|\n|-start|p2a: Incineroar|perish3\n|-start|p1a: Gengar|perish3\n|-start|p2b: Lucario|perish3\n|-start|p1b: Whimsicott|perish3\n|upkeep\n|turn|2\n|\n|t:|1776198285\n|move|p2b: Lucario|Bullet Punch|p1b: Whimsicott\n|-supereffective|p1b: Whimsicott|1\n|-damage|p1b: Whimsicott|19/100\n|move|p1b: Whimsicott|Tailwind|p1b: Whimsicott\n|-sidestart|p1: TheFunniGuy_8|move: Tailwind\n|move|p1a: Gengar|Disable|p2a: Incineroar\n|-start|p2a: Incineroar|Disable|Bitter Malice\n|cant|p2a: Incineroar|Disable|Bitter Malice\n|\n|-start|p1a: Gengar|perish2\n|-start|p1b: Whimsicott|perish2\n|-start|p2a: Incineroar|perish2\n|-start|p2b: Lucario|perish2\n|upkeep\n|turn|3\n|\n|t:|1776198310\n|switch|p2a: Gengar|Gengar, L50, F|100/100\n|move|p1b: Whimsicott|Protect|p1b: Whimsicott\n|-singleturn|p1b: Whimsicott|Protect\n|move|p2b: Lucario|Bullet Punch|p1a: Gengar\n|-damage|p1a: Gengar|0 fnt\n|faint|p1a: Gengar\n|\n|-start|p1b: Whimsicott|perish1\n|-start|p2b: Lucario|perish1\n|upkeep\n|\n|t:|1776198322\n|switch|p1a: Sinistcha|Sinistcha, L50|100/100\n|-heal|p1b: Whimsicott|44/100|[from] ability: Hospitality|[of] p1a: Sinistcha\n|turn|4\n|c|\u2606mura10900|good try man\n|c|\u2606mura10900|perish is hard\n|\n|t:|1776198336\n|switch|p2b: Incineroar|Incineroar, L50, M|100/100\n|-ability|p2b: Incineroar|Intimidate|boost\n|-unboost|p1a: Sinistcha|atk|1\n|-unboost|p1b: Whimsicott|atk|1\n|move|p1b: Whimsicott|Protect|p1b: Whimsicott\n|-singleturn|p1b: Whimsicott|Protect\n|move|p1a: Sinistcha|Shadow Ball|p2a: Gengar\n|-supereffective|p2a: Gengar|1\n|-damage|p2a: Gengar|0 fnt\n|-start|p1a: Sinistcha|Disable|Shadow Ball|[from] ability: Cursed Body|[of] p2a: Gengar\n|faint|p2a: Gengar\n|\n|-start|p1b: Whimsicott|perish0\n|faint|p1b: Whimsicott\n|upkeep\n|\n|t:|1776198350\n|switch|p2a: Lucario|Lucario-Mega, L50, F|100/100\n|switch|p1b: Incineroar|Incineroar, L50, F|100/100\n|-ability|p1b: Incineroar|Intimidate|boost\n|-unboost|p2a: Lucario|atk|1\n|-unboost|p2b: Incineroar|atk|1\n|turn|5\n|\n|t:|1776198373\n|switch|p2a: Lucario|Lucario-Mega, L50, F|100/100\n|move|p1b: Incineroar|Fake Out|p2a: Lucario\n|-resisted|p2a: Lucario|1\n|-damage|p2a: Lucario|93/100\n|move|p1a: Sinistcha|Strength Sap|p2a: Lucario\n|-unboost|p2a: Lucario|atk|1\n|move|p2b: Incineroar|Parting Shot|p1a: Sinistcha\n|-unboost|p1a: Sinistcha|atk|1\n|-unboost|p1a: Sinistcha|spa|1\n|\n|t:|1776198383\n|switch|p2b: Incineroar|Incineroar, L50, M|100/100|[from] Parting Shot\n|\n|-sideend|p1: TheFunniGuy_8|move: Tailwind\n|upkeep\n|turn|6\n|\n|t:|1776198400\n|move|p1a: Sinistcha|Protect|p1a: Sinistcha\n|-singleturn|p1a: Sinistcha|Protect\n|move|p2b: Incineroar|Bitter Malice|p1a: Sinistcha\n|-activate|p1a: Sinistcha|move: Protect\n|move|p2a: Lucario|Close Combat|p1b: Incineroar\n|-supereffective|p1b: Incineroar|1\n|-enditem|p1b: Incineroar|Chople Berry|[eat]\n|-enditem|p1b: Incineroar|Chople Berry|[weaken]\n|-damage|p1b: Incineroar|45/100\n|-unboost|p2a: Lucario|def|1\n|-unboost|p2a: Lucario|spd|1\n|move|p1b: Incineroar|Darkest Lariat|p2b: Incineroar\n|-supereffective|p2b: Incineroar|1\n|-damage|p2b: Incineroar|0 fnt\n|replace|p2b: Zoroark|Zoroark-Hisui, L50, F\n|-end|p2b: Zoroark|Illusion\n|faint|p2b: Zoroark\n|\n|upkeep\n|\n|t:|1776198414\n|switch|p2b: Incineroar|Incineroar, L50, M|100/100\n|-ability|p2b: Incineroar|Intimidate|boost\n|-unboost|p1a: Sinistcha|atk|1\n|-unboost|p1b: Incineroar|atk|1\n|turn|7\n|\n|t:|1776198434\n|move|p1b: Incineroar|Protect|p1b: Incineroar\n|-singleturn|p1b: Incineroar|Protect\n|move|p2b: Incineroar|Fake Out|p1b: Incineroar\n|-activate|p1b: Incineroar|move: Protect\n|move|p2a: Lucario|Bullet Punch|p1a: Sinistcha\n|-damage|p1a: Sinistcha|79/100\n|move|p1a: Sinistcha|Matcha Gotcha|p2a: Lucario|[spread] p2a,p2b\n|-resisted|p2a: Lucario|1\n|-resisted|p2b: Incineroar|1\n|-damage|p2a: Lucario|75/100\n|-heal|p1a: Sinistcha|87/100|[from] drain|[of] p2a: Lucario\n|-damage|p2b: Incineroar|93/100\n|-heal|p1a: Sinistcha|92/100|[from] drain|[of] p2b: Incineroar\n|\n|-end|p1a: Sinistcha|Disable\n|upkeep\n|turn|8\n|\n|t:|1776198455\n|move|p2a: Lucario|Detect|p2a: Lucario\n|-singleturn|p2a: Lucario|Protect\n|move|p1a: Sinistcha|Shadow Ball|p2a: Lucario\n|-activate|p2a: Lucario|move: Protect\n|move|p2b: Incineroar|Will-O-Wisp|p1a: Sinistcha\n|-status|p1a: Sinistcha|brn\n|move|p1b: Incineroar|Parting Shot|p2a: Lucario\n|-activate|p2a: Lucario|move: Protect\n|\n|-damage|p1a: Sinistcha|85/100 brn|[from] brn\n|upkeep\n|turn|9\n|\n|t:|1776198473\n|move|p2a: Lucario|Close Combat|p1b: Incineroar\n|-supereffective|p1b: Incineroar|1\n|-damage|p1b: Incineroar|0 fnt\n|-unboost|p2a: Lucario|def|1\n|-unboost|p2a: Lucario|spd|1\n|faint|p1b: Incineroar\n|move|p1a: Sinistcha|Shadow Ball|p2a: Lucario\n|-damage|p2a: Lucario|7/100\n|move|p2b: Incineroar|Parting Shot|p1a: Sinistcha\n|-unboost|p1a: Sinistcha|atk|1\n|-unboost|p1a: Sinistcha|spa|1\n|\n|-damage|p1a: Sinistcha|79/100 brn|[from] brn\n|upkeep\n|turn|10\n|\n|t:|1776198488\n|move|p2a: Lucario|Detect|p2a: Lucario\n|-singleturn|p2a: Lucario|Protect\n|move|p2b: Incineroar|Protect|p2b: Incineroar\n|-singleturn|p2b: Incineroar|Protect\n|move|p1a: Sinistcha|Matcha Gotcha|p2b: Incineroar|[spread] \n|-activate|p2a: Lucario|move: Protect\n|-activate|p2b: Incineroar|move: Protect\n|\n|-damage|p1a: Sinistcha|73/100 brn|[from] brn\n|upkeep\n|turn|11\n|\n|t:|1776198504\n|move|p1a: Sinistcha|Protect|p1a: Sinistcha\n|-singleturn|p1a: Sinistcha|Protect\n|move|p2a: Lucario|Bullet Punch|p1a: Sinistcha\n|-activate|p1a: Sinistcha|move: Protect\n|move|p2b: Incineroar|Parting Shot|p1a: Sinistcha\n|-activate|p1a: Sinistcha|move: Protect\n|\n|-damage|p1a: Sinistcha|67/100 brn|[from] brn\n|upkeep\n|turn|12\n|\n|t:|1776198517\n|move|p2a: Lucario|Bullet Punch|p1a: Sinistcha\n|-damage|p1a: Sinistcha|47/100 brn\n|move|p1a: Sinistcha|Matcha Gotcha|p2b: Incineroar|[spread] p2a,p2b\n|-resisted|p2a: Lucario|1\n|-resisted|p2b: Incineroar|1\n|-damage|p2a: Lucario|0 fnt\n|-heal|p1a: Sinistcha|49/100 brn|[from] drain|[of] p2a: Lucario\n|-damage|p2b: Incineroar|88/100\n|-heal|p1a: Sinistcha|52/100 brn|[from] drain|[of] p2b: Incineroar\n|faint|p2a: Lucario\n|move|p2b: Incineroar|Parting Shot|p1a: Sinistcha\n|-unboost|p1a: Sinistcha|atk|1\n|-unboost|p1a: Sinistcha|spa|1\n|\n|-damage|p1a: Sinistcha|46/100 brn|[from] brn\n|upkeep\n|turn|13\n|\n|t:|1776198537\n|move|p2b: Incineroar|Protect|p2b: Incineroar\n|-singleturn|p2b: Incineroar|Protect\n|move|p1a: Sinistcha|Strength Sap|p2b: Incineroar\n|-activate|p2b: Incineroar|move: Protect\n|\n|-damage|p1a: Sinistcha|40/100 brn|[from] brn\n|upkeep\n|turn|14\n|c|\u2606mura10900|no way this is how it ends\n|\n|t:|1776198546\n|move|p1a: Sinistcha|Strength Sap|p2b: Incineroar\n|-unboost|p2b: Incineroar|atk|1\n|-heal|p1a: Sinistcha|100/100 brn\n|move|p2b: Incineroar|Parting Shot|p1a: Sinistcha\n|-unboost|p1a: Sinistcha|atk|1\n|-unboost|p1a: Sinistcha|spa|1\n|\n|-damage|p1a: Sinistcha|94/100 brn|[from] brn\n|upkeep\n|turn|15\n|c|\u2606mura10900|WAT\n|\n|t:|1776198556\n|move|p2b: Incineroar|Protect|p2b: Incineroar\n|-singleturn|p2b: Incineroar|Protect\n|move|p1a: Sinistcha|Shadow Ball|p2b: Incineroar\n|-activate|p2b: Incineroar|move: Protect\n|\n|-damage|p1a: Sinistcha|88/100 brn|[from] brn\n|upkeep\n|turn|16\n|\n|t:|1776198567\n|move|p1a: Sinistcha|Matcha Gotcha|p2b: Incineroar\n|-resisted|p2b: Incineroar|1\n|-damage|p2b: Incineroar|84/100\n|-heal|p1a: Sinistcha|91/100 brn|[from] drain|[of] p2b: Incineroar\n|move|p2b: Incineroar|Parting Shot|p1a: Sinistcha\n|-unboost|p1a: Sinistcha|atk|0\n|-unboost|p1a: Sinistcha|spa|1\n|\n|-damage|p1a: Sinistcha|85/100 brn|[from] brn\n|upkeep\n|turn|17\n|\n|t:|1776198577\n|move|p2b: Incineroar|Protect|p2b: Incineroar\n|-singleturn|p2b: Incineroar|Protect\n|move|p1a: Sinistcha|Shadow Ball|p2b: Incineroar\n|-activate|p2b: Incineroar|move: Protect\n|\n|-damage|p1a: Sinistcha|79/100 brn|[from] brn\n|upkeep\n|turn|18\n|\n|t:|1776198586\n|move|p1a: Sinistcha|Protect|p1a: Sinistcha\n|-singleturn|p1a: Sinistcha|Protect\n|move|p2b: Incineroar|Parting Shot|p1a: Sinistcha\n|-activate|p1a: Sinistcha|move: Protect\n|\n|-damage|p1a: Sinistcha|72/100 brn|[from] brn\n|upkeep\n|turn|19\n|\n|t:|1776198597\n|move|p2b: Incineroar|Protect|p2b: Incineroar\n|-singleturn|p2b: Incineroar|Protect\n|move|p1a: Sinistcha|Shadow Ball|p2b: Incineroar\n|-activate|p2b: Incineroar|move: Protect\n|\n|-damage|p1a: Sinistcha|66/100 brn|[from] brn\n|upkeep\n|turn|20\n|\n|t:|1776198607\n|move|p2b: Incineroar|Protect|p2b: Incineroar\n|-singleturn|p2b: Incineroar|Protect\n|move|p1a: Sinistcha|Shadow Ball|p2b: Incineroar\n|-activate|p2b: Incineroar|move: Protect\n|\n|-damage|p1a: Sinistcha|60/100 brn|[from] brn\n|upkeep\n|turn|21\n|\n|t:|1776198616\n|move|p1a: Sinistcha|Shadow Ball|p2b: Incineroar\n|-resisted|p2b: Incineroar|1\n|-damage|p2b: Incineroar|80/100\n|-unboost|p2b: Incineroar|spd|1\n|move|p2b: Incineroar|Parting Shot|p1a: Sinistcha\n|-unboost|p1a: Sinistcha|atk|0\n|-unboost|p1a: Sinistcha|spa|1\n|\n|-damage|p1a: Sinistcha|54/100 brn|[from] brn\n|upkeep\n|turn|22\n|\n|t:|1776198627\n|move|p2b: Incineroar|Protect|p2b: Incineroar\n|-singleturn|p2b: Incineroar|Protect\n|move|p1a: Sinistcha|Shadow Ball|p2b: Incineroar\n|-activate|p2b: Incineroar|move: Protect\n|\n|-damage|p1a: Sinistcha|48/100 brn|[from] brn\n|upkeep\n|turn|23\n|\n|t:|1776198636\n|move|p2b: Incineroar|Protect|p2b: Incineroar\n|-singleturn|p2b: Incineroar|Protect\n|move|p1a: Sinistcha|Strength Sap|p2b: Incineroar\n|-activate|p2b: Incineroar|move: Protect\n|\n|-damage|p1a: Sinistcha|42/100 brn|[from] brn\n|upkeep\n|turn|24\n|\n|t:|1776198648\n|move|p1a: Sinistcha|Strength Sap|p2b: Incineroar\n|-unboost|p2b: Incineroar|atk|1\n|-heal|p1a: Sinistcha|92/100 brn\n|move|p2b: Incineroar|Parting Shot|p1a: Sinistcha\n|-unboost|p1a: Sinistcha|atk|0\n|-unboost|p1a: Sinistcha|spa|0\n|\n|-damage|p1a: Sinistcha|86/100 brn|[from] brn\n|upkeep\n|turn|25\n|\n|t:|1776198671\n|move|p1a: Sinistcha|Strength Sap|p2b: Incineroar\n|-unboost|p2b: Incineroar|atk|1\n|-heal|p1a: Sinistcha|100/100 brn\n|move|p2b: Incineroar|Parting Shot|p1a: Sinistcha\n|-unboost|p1a: Sinistcha|atk|0\n|-unboost|p1a: Sinistcha|spa|0\n|\n|-damage|p1a: Sinistcha|94/100 brn|[from] brn\n|upkeep\n|turn|26\n|\n|t:|1776198686\n|move|p1a: Sinistcha|Matcha Gotcha|p2b: Incineroar\n|-resisted|p2b: Incineroar|1\n|-damage|p2b: Incineroar|74/100\n|-heal|p1a: Sinistcha|98/100 brn|[from] drain|[of] p2b: Incineroar\n|move|p2b: Incineroar|Parting Shot|p1a: Sinistcha\n|-unboost|p1a: Sinistcha|atk|0\n|-unboost|p1a: Sinistcha|spa|0\n|\n|-damage|p1a: Sinistcha|92/100 brn|[from] brn\n|upkeep\n|turn|27\n|\n|t:|1776198698\n|move|p1a: Sinistcha|Shadow Ball|p2b: Incineroar\n|-resisted|p2b: Incineroar|1\n|-damage|p2b: Incineroar|68/100\n|move|p2b: Incineroar|Will-O-Wisp|p1a: Sinistcha\n|-fail|p1a: Sinistcha|brn\n|\n|-damage|p1a: Sinistcha|85/100 brn|[from] brn\n|upkeep\n|turn|28\n|\n|t:|1776198712\n|move|p1a: Sinistcha|Shadow Ball|p2b: Incineroar\n|-resisted|p2b: Incineroar|1\n|-damage|p2b: Incineroar|62/100\n|move|p2b: Incineroar|Will-O-Wisp|p1a: Sinistcha\n|-fail|p1a: Sinistcha|brn\n|\n|-damage|p1a: Sinistcha|79/100 brn|[from] brn\n|upkeep\n|turn|29\n|\n|t:|1776198720\n|move|p1a: Sinistcha|Shadow Ball|p2b: Incineroar\n|-resisted|p2b: Incineroar|1\n|-damage|p2b: Incineroar|56/100\n|move|p2b: Incineroar|Will-O-Wisp|p1a: Sinistcha\n|-fail|p1a: Sinistcha|brn\n|\n|-damage|p1a: Sinistcha|73/100 brn|[from] brn\n|upkeep\n|turn|30\n|\n|t:|1776198730\n|move|p1a: Sinistcha|Shadow Ball|p2b: Incineroar\n|-resisted|p2b: Incineroar|1\n|-damage|p2b: Incineroar|51/100\n|move|p2b: Incineroar|Will-O-Wisp|p1a: Sinistcha\n|-fail|p1a: Sinistcha|brn\n|\n|-damage|p1a: Sinistcha|67/100 brn|[from] brn\n|upkeep\n|turn|31\n|c|\u2606mura10900|lol im done gg\n|-message|mura10900 forfeited.\n|\n|win|TheFunniGuy_8\n|raw|TheFunniGuy_8's rating: 1000 &rarr; <strong>1046</strong><br />(+46 for winning)\n|raw|mura10900's rating: 1056 &rarr; <strong>1035</strong><br />(-21 for losing)\n",
  "uploadtime": 1776198751,
  "views": 20,
  "formatid": "gen9championsvgc2026regma",
  "rating": 1035,
  "private": 0,
  "password": null
}