{
  "id": "gen9championsvgc2026regma-2585544559",
  "format": "[Gen 9 Champions] VGC 2026 Reg M-A",
  "players": [
    "JobberKatie",
    "KUTF1"
  ],
  "log": "|j|\u2606JobberKatie\n|j|\u2606KUTF1\n|t:|1776354555\n|gametype|doubles\n|player|p1|JobberKatie|bellelba|1239\n|player|p2|KUTF1|harlequin|1324\n|gen|9\n|tier|[Gen 9 Champions] VGC 2026 Reg M-A\n|rated|\n|rule|Species Clause: Limit one of each Pok\u00e9mon\n|rule|Item Clause: Limit 1 of each item\n|clearpoke\n|poke|p1|Tyranitar, L50, F|\n|poke|p1|Excadrill, L50, F|\n|poke|p1|Corviknight, L50, F|\n|poke|p1|Sinistcha, L50|\n|poke|p1|Rotom-Wash, L50|\n|poke|p1|Kingambit, L50, M|\n|poke|p2|Drampa, L50, M|\n|poke|p2|Emboar, L50, F|\n|poke|p2|Decidueye-Hisui, L50, F|\n|poke|p2|Kingambit, L50, F|\n|poke|p2|Farigiraf, L50, M|\n|poke|p2|Incineroar, L50, M|\n|teampreview|4\n|inactive|Battle timer is ON: inactive players will automatically lose when time's up. (requested by KUTF1)\n|\n|t:|1776354564\n|teamsize|p1|4\n|teamsize|p2|4\n|start\n|switch|p1a: Tyranitar|Tyranitar, L50, F|100/100\n|switch|p1b: Excadrill|Excadrill, L50, F|100/100\n|switch|p2a: Yoo Mira|Farigiraf, L50, M|100/100\n|switch|p2b: The Gourd|Incineroar, L50, M|100/100\n|-weather|Sandstorm|[from] ability: Sand Stream|[of] p1a: Tyranitar\n|-ability|p2b: The Gourd|Intimidate|boost\n|-unboost|p1a: Tyranitar|atk|1\n|-unboost|p1b: Excadrill|atk|1\n|turn|1\n|\n|t:|1776354582\n|detailschange|p1a: Tyranitar|Tyranitar-Mega, L50, F\n|-mega|p1a: Tyranitar|Tyranitar|Tyranitarite\n|move|p2b: The Gourd|Fake Out|p1a: Tyranitar\n|-resisted|p1a: Tyranitar|1\n|-damage|p1a: Tyranitar|95/100\n|move|p1b: Excadrill|Iron Head|p2a: Yoo Mira\n|-damage|p2a: Yoo Mira|70/100\n|cant|p1a: Tyranitar|flinch\n|move|p2a: Yoo Mira|Trick Room|p2a: Yoo Mira\n|-fieldstart|move: Trick Room|[of] p2a: Yoo Mira\n|\n|-weather|Sandstorm|[upkeep]\n|-damage|p2a: Yoo Mira|64/100|[from] Sandstorm\n|-damage|p2b: The Gourd|95/100|[from] Sandstorm\n|upkeep\n|turn|2\n|\n|t:|1776354591\n|switch|p1a: Rotom|Rotom-Wash, L50|100/100\n|move|p2a: Yoo Mira|Hyper Voice|p1a: Rotom|[spread] p1a,p1b\n|-resisted|p1b: Excadrill|1\n|-damage|p1a: Rotom|79/100\n|-damage|p1b: Excadrill|84/100\n|move|p2b: The Gourd|Flare Blitz|p1b: Excadrill\n|-supereffective|p1b: Excadrill|1\n|-damage|p1b: Excadrill|0 fnt\n|faint|p1b: Excadrill\n|-damage|p2b: The Gourd|69/100|[from] Recoil\n|\n|-weather|Sandstorm|[upkeep]\n|-damage|p2a: Yoo Mira|58/100|[from] Sandstorm\n|-damage|p2b: The Gourd|63/100|[from] Sandstorm\n|-damage|p1a: Rotom|73/100|[from] Sandstorm\n|upkeep\n|\n|t:|1776354600\n|switch|p1b: Tyranitar|Tyranitar-Mega, L50, F|95/100\n|turn|3\n|\n|t:|1776354605\n|move|p2a: Yoo Mira|Hyper Voice|p1a: Rotom|[spread] p1a,p1b\n|-resisted|p1b: Tyranitar|1\n|-damage|p1a: Rotom|50/100\n|-damage|p1b: Tyranitar|89/100\n|move|p2b: The Gourd|Darkest Lariat|p1a: Rotom\n|-damage|p1a: Rotom|4/100\n|move|p1b: Tyranitar|Low Kick|p2b: The Gourd\n|-supereffective|p2b: The Gourd|1\n|-damage|p2b: The Gourd|0 fnt\n|faint|p2b: The Gourd\n|move|p1a: Rotom|Trick|p2a: Yoo Mira\n|-activate|p1a: Rotom|move: Trick|[of] p2a: Yoo Mira\n|-item|p2a: Yoo Mira|Choice Scarf|[from] move: Trick\n|-item|p1a: Rotom|Lum Berry|[from] move: Trick\n|\n|-weather|Sandstorm|[upkeep]\n|-damage|p2a: Yoo Mira|52/100|[from] Sandstorm\n|-damage|p1a: Rotom|0 fnt|[from] Sandstorm\n|faint|p1a: Rotom\n|upkeep\n|\n|t:|1776354613\n|switch|p2b: Jin Mori|Emboar, L50, F, shiny|100/100\n|switch|p1a: Corviknight|Corviknight, L50, F|100/100\n|turn|4\n|\n|t:|1776354622\n|switch|p2a: Guendoowun|Drampa, L50, M, shiny|100/100\n|-ability|p2a: Guendoowun|Cloud Nine\n|move|p2b: Jin Mori|Protect|p2b: Jin Mori\n|-singleturn|p2b: Jin Mori|Protect\n|move|p1a: Corviknight|Brave Bird|p2b: Jin Mori\n|-activate|p2b: Jin Mori|move: Protect\n|move|p1b: Tyranitar|Rock Slide|p2b: Jin Mori|[spread] \n|-activate|p2b: Jin Mori|move: Protect\n|-miss|p1b: Tyranitar|p2a: Guendoowun\n|\n|-weather|Sandstorm|[upkeep]\n|upkeep\n|turn|5\n|\n|t:|1776354635\n|move|p1b: Tyranitar|Protect|p1b: Tyranitar\n|-singleturn|p1b: Tyranitar|Protect\n|move|p2a: Guendoowun|Hyper Voice|p1a: Corviknight|[spread] p1a\n|-activate|p1b: Tyranitar|move: Protect\n|-resisted|p1a: Corviknight|1\n|-damage|p1a: Corviknight|82/100\n|move|p2b: Jin Mori|Flare Blitz|p1a: Corviknight\n|-supereffective|p1a: Corviknight|1\n|-damage|p1a: Corviknight|0 fnt\n|faint|p1a: Corviknight\n|-damage|p2b: Jin Mori|75/100|[from] Recoil\n|\n|-weather|none\n|-fieldend|move: Trick Room\n|upkeep\n|turn|6\n|\n|t:|1776354645\n|detailschange|p2a: Guendoowun|Drampa-Mega, L50, M, shiny\n|-mega|p2a: Guendoowun|Drampa|Drampanite\n|move|p1b: Tyranitar|Rock Slide|p2a: Guendoowun|[spread] p2a,p2b\n|-damage|p2a: Guendoowun|68/100\n|-damage|p2b: Jin Mori|34/100\n|move|p2b: Jin Mori|Close Combat|p1b: Tyranitar\n|-supereffective|p1b: Tyranitar|2\n|-damage|p1b: Tyranitar|0 fnt\n|-unboost|p2b: Jin Mori|def|1\n|-unboost|p2b: Jin Mori|spd|1\n|faint|p1b: Tyranitar\n|\n|win|KUTF1\n|raw|JobberKatie's rating: 1239 &rarr; <strong>1220</strong><br />(-19 for losing)\n|raw|KUTF1's rating: 1324 &rarr; <strong>1339</strong><br />(+15 for winning)\n",
  "uploadtime": 1776354647,
  "views": 20,
  "formatid": "gen9championsvgc2026regma",
  "rating": 1220,
  "private": 0,
  "password": null
}