{
  "id": "gen9championsvgc2026regma-2586705003",
  "format": "[Gen 9 Champions] VGC 2026 Reg M-A",
  "players": [
    "0gredose",
    "IdkImScared"
  ],
  "log": "|j|\u203d0gredose\n|j|\u2606IdkImScared\n|t:|1776453551\n|gametype|doubles\n|player|p1|0gredose|2|1307\n|player|p2|IdkImScared|workerice|1335\n|gen|9\n|tier|[Gen 9 Champions] VGC 2026 Reg M-A\n|rated|\n|rule|Species Clause: Limit one of each Pok\u00e9mon\n|rule|Item Clause: Limit 1 of each item\n|clearpoke\n|poke|p1|Starmie, L50|\n|poke|p1|Pelipper, L50, M|\n|poke|p1|Sneasler, L50, F|\n|poke|p1|Garchomp, L50, M|\n|poke|p1|Farigiraf, L50, M|\n|poke|p1|Archaludon, L50, F|\n|poke|p2|Aerodactyl, L50, F|\n|poke|p2|Incineroar, L50, F|\n|poke|p2|Garchomp, L50, F|\n|poke|p2|Rotom-Wash, L50|\n|poke|p2|Floette-Eternal, L50, F|\n|poke|p2|Kingambit, L50, F|\n|teampreview|4\n|\n|t:|1776453620\n|teamsize|p1|4\n|teamsize|p2|4\n|start\n|switch|p1a: Starmie|Starmie, L50|100/100\n|switch|p1b: Pelipper|Pelipper, L50, M|100/100\n|switch|p2a: Aerodactyl|Aerodactyl, L50, F|100/100\n|switch|p2b: Rotom|Rotom-Wash, L50|100/100\n|-ability|p2a: Aerodactyl|Unnerve\n|-weather|RainDance|[from] ability: Drizzle|[of] p1b: Pelipper\n|turn|1\n|\n|t:|1776453665\n|switch|p1b: Sneasler|Sneasler, L50, F|100/100\n|detailschange|p1a: Starmie|Starmie-Mega, L50\n|-mega|p1a: Starmie|Starmie|Starminite\n|move|p1a: Starmie|Protect|p1a: Starmie\n|-singleturn|p1a: Starmie|Protect\n|move|p2a: Aerodactyl|Rock Slide|p1a: Starmie|[spread] p1b\n|-activate|p1a: Starmie|move: Protect\n|-resisted|p1b: Sneasler|1\n|-damage|p1b: Sneasler|80/100\n|move|p2b: Rotom|Thunderbolt|p1b: Sneasler\n|-damage|p1b: Sneasler|20/100\n|-status|p1b: Sneasler|par\n|\n|-weather|RainDance|[upkeep]\n|upkeep\n|turn|2\n|\n|t:|1776453695\n|move|p2a: Aerodactyl|Protect|p2a: Aerodactyl\n|-singleturn|p2a: Aerodactyl|Protect\n|move|p1b: Sneasler|Fake Out|p2b: Rotom\n|-damage|p2b: Rotom|84/100\n|move|p1a: Starmie|Flip Turn|p2a: Aerodactyl\n|-activate|p2a: Aerodactyl|move: Protect\n|cant|p2b: Rotom|flinch\n|\n|-weather|RainDance|[upkeep]\n|-heal|p2b: Rotom|90/100|[from] item: Leftovers\n|upkeep\n|turn|3\n|\n|t:|1776453734\n|move|p1a: Starmie|Protect|p1a: Starmie\n|-singleturn|p1a: Starmie|Protect\n|move|p2a: Aerodactyl|Tailwind|p2a: Aerodactyl\n|-sidestart|p2: IdkImScared|move: Tailwind\n|move|p2b: Rotom|Volt Switch|p1a: Starmie\n|-activate|p1a: Starmie|move: Protect\n|move|p1b: Sneasler|Close Combat|p2b: Rotom\n|-damage|p2b: Rotom|19/100\n|-unboost|p1b: Sneasler|def|1\n|-unboost|p1b: Sneasler|spd|1\n|-enditem|p1b: Sneasler|White Herb\n|-clearnegativeboost|p1b: Sneasler|[silent]\n|\n|-weather|RainDance|[upkeep]\n|-heal|p2b: Rotom|25/100|[from] item: Leftovers\n|upkeep\n|turn|4\n|\n|t:|1776453754\n|switch|p1a: Farigiraf|Farigiraf, L50, M|100/100\n|move|p2a: Aerodactyl|Rock Slide|p1a: Farigiraf|[spread] p1a,p1b\n|-resisted|p1b: Sneasler|1\n|-damage|p1a: Farigiraf|74/100\n|-damage|p1b: Sneasler|0 fnt\n|faint|p1b: Sneasler\n|move|p2b: Rotom|Thunderbolt|p1a: Farigiraf\n|-damage|p1a: Farigiraf|30/100\n|\n|-weather|RainDance|[upkeep]\n|-heal|p2b: Rotom|30/100|[from] item: Leftovers\n|upkeep\n|\n|t:|1776453773\n|switch|p1b: Starmie|Starmie-Mega, L50|100/100\n|turn|5\n|\n|t:|1776453802\n|move|p2a: Aerodactyl|Protect|p2a: Aerodactyl\n|-singleturn|p2a: Aerodactyl|Protect\n|move|p1a: Farigiraf|Protect|p1a: Farigiraf\n|-singleturn|p1a: Farigiraf|Protect\n|move|p2b: Rotom|Thunderbolt|p1a: Farigiraf\n|-activate|p1a: Farigiraf|move: Protect\n|move|p1b: Starmie|Psycho Cut|p2b: Rotom\n|-damage|p2b: Rotom|0 fnt\n|faint|p2b: Rotom\n|\n|-weather|none\n|upkeep\n|\n|t:|1776453814\n|switch|p2b: Floette|Floette-Eternal, L50, F|100/100\n|turn|6\n|\n|t:|1776453823\n|switch|p1a: Pelipper|Pelipper, L50, M|100/100\n|-weather|RainDance|[from] ability: Drizzle|[of] p1a: Pelipper\n|detailschange|p2b: Floette|Floette-Mega, L50, F\n|-mega|p2b: Floette|Floette|Floettite\n|-ability|p2b: Floette|Fairy Aura\n|move|p1b: Starmie|Protect|p1b: Starmie\n|-singleturn|p1b: Starmie|Protect\n|move|p2a: Aerodactyl|Rock Slide|p1a: Pelipper|[spread] p1a\n|-activate|p1b: Starmie|move: Protect\n|-supereffective|p1a: Pelipper|1\n|-damage|p1a: Pelipper|41/100\n|move|p2b: Floette|Dazzling Gleam|p1a: Pelipper|[spread] p1a\n|-activate|p1b: Starmie|move: Protect\n|-damage|p1a: Pelipper|0 fnt\n|faint|p1a: Pelipper\n|\n|-weather|RainDance|[upkeep]\n|-sideend|p2: IdkImScared|move: Tailwind\n|upkeep\n|\n|t:|1776453845\n|switch|p1a: Farigiraf|Farigiraf, L50, M|30/100\n|turn|7\n|\n|t:|1776453878\n|move|p2a: Aerodactyl|Tailwind|p2a: Aerodactyl\n|-sidestart|p2: IdkImScared|move: Tailwind\n|move|p2b: Floette|Dazzling Gleam|p1a: Farigiraf|[spread] p1a,p1b\n|-damage|p1a: Farigiraf|0 fnt\n|-damage|p1b: Starmie|34/100\n|faint|p1a: Farigiraf\n|move|p1b: Starmie|Substitute|p1b: Starmie\n|-start|p1b: Starmie|Substitute\n|-damage|p1b: Starmie|9/100\n|\n|-weather|RainDance|[upkeep]\n|upkeep\n|turn|8\n|\n|t:|1776453899\n|move|p2a: Aerodactyl|Dual Wingbeat|p1b: Starmie\n|-crit|p1b: Starmie\n|-end|p1b: Starmie|Substitute\n|-damage|p1b: Starmie|0 fnt\n|faint|p1b: Starmie\n|-hitcount|p1: Starmie|2\n|\n|win|IdkImScared\n|raw|0gredose's rating: 1307 &rarr; <strong>1289</strong><br />(-18 for losing)\n|raw|IdkImScared's rating: 1335 &rarr; <strong>1353</strong><br />(+18 for winning)\n|l|\u203d0gredose\n|player|p1|\n",
  "uploadtime": 1776453911,
  "views": 52,
  "formatid": "gen9championsvgc2026regma",
  "rating": 1289,
  "private": 0,
  "password": null
}