{
  "id": "gen9championsvgc2026regma-2585046373",
  "format": "[Gen 9 Champions] VGC 2026 Reg M-A",
  "players": [
    "Dyltran2807",
    "imfinking"
  ],
  "log": "|j|\u2606Dyltran2807\n|j|\u2606imfinking\n|t:|1776306419\n|gametype|doubles\n|player|p1|Dyltran2807|nate|1206\n|player|p2|imfinking|sada|1228\n|gen|9\n|tier|[Gen 9 Champions] VGC 2026 Reg M-A\n|rated|\n|rule|Species Clause: Limit one of each Pok\u00e9mon\n|rule|Item Clause: Limit 1 of each item\n|clearpoke\n|poke|p1|Sneasler, L50, F|\n|poke|p1|Corviknight, L50, M|\n|poke|p1|Dragapult, L50, F|\n|poke|p1|Rotom-Wash, L50|\n|poke|p1|Excadrill, L50, M|\n|poke|p1|Tyranitar, L50, M|\n|poke|p2|Venusaur, L50, F|\n|poke|p2|Farigiraf, L50, M|\n|poke|p2|Golurk, L50|\n|poke|p2|Torkoal, L50, M|\n|poke|p2|Sneasler, L50, F|\n|poke|p2|Incineroar, L50, F|\n|teampreview|4\n|l|\u2606imfinking\n|player|p2|\n|j|\u2606imfinking\n|player|p2|imfinking|sada|\n|\n|t:|1776306458\n|teamsize|p1|4\n|teamsize|p2|4\n|start\n|switch|p1a: Tyranitar|Tyranitar, L50, M, shiny|100/100\n|switch|p1b: Excadrill|Excadrill, L50, M|100/100\n|switch|p2a: he stole my drinky|Farigiraf, L50, M|100/100\n|switch|p2b: PING AS|Incineroar, L50, F|100/100\n|-weather|Sandstorm|[from] ability: Sand Stream|[of] p1a: Tyranitar\n|-ability|p2b: PING AS|Intimidate|boost\n|-unboost|p1a: Tyranitar|atk|1\n|-unboost|p1b: Excadrill|atk|1\n|turn|1\n|\n|t:|1776306507\n|move|p1b: Excadrill|Protect|p1b: Excadrill\n|-singleturn|p1b: Excadrill|Protect\n|move|p2b: PING AS|Fake Out|p1a: Tyranitar\n|-resisted|p1a: Tyranitar|1\n|-damage|p1a: Tyranitar|96/100\n|cant|p1a: Tyranitar|flinch\n|move|p2a: he stole my drinky|Trick Room|p2a: he stole my drinky\n|-fieldstart|move: Trick Room|[of] p2a: he stole my drinky\n|\n|-weather|Sandstorm|[upkeep]\n|-damage|p2a: he stole my drinky|94/100|[from] Sandstorm\n|-damage|p2b: PING AS|94/100|[from] Sandstorm\n|upkeep\n|turn|2\n|\n|t:|1776306559\n|switch|p1b: Corviknight|Corviknight, L50, M, shiny|100/100\n|detailschange|p1a: Tyranitar|Tyranitar-Mega, L50, M, shiny\n|-mega|p1a: Tyranitar|Tyranitar|Tyranitarite\n|move|p2a: he stole my drinky|Hyper Voice|p1a: Tyranitar|[spread] p1a,p1b\n|-resisted|p1a: Tyranitar|1\n|-crit|p1a: Tyranitar\n|-resisted|p1b: Corviknight|1\n|-damage|p1a: Tyranitar|84/100\n|-damage|p1b: Corviknight|88/100\n|move|p2b: PING AS|Flare Blitz|p1b: Corviknight\n|-supereffective|p1b: Corviknight|1\n|-damage|p1b: Corviknight|3/100\n|-damage|p2b: PING AS|66/100|[from] Recoil\n|move|p1a: Tyranitar|Rock Slide|p2b: PING AS|[spread] p2a,p2b\n|-supereffective|p2b: PING AS|1\n|-damage|p2a: he stole my drinky|73/100\n|-damage|p2b: PING AS|29/100\n|\n|-weather|Sandstorm|[upkeep]\n|-damage|p2a: he stole my drinky|67/100|[from] Sandstorm\n|-damage|p2b: PING AS|23/100|[from] Sandstorm\n|-heal|p1b: Corviknight|9/100|[from] item: Leftovers\n|upkeep\n|turn|3\n|\n|t:|1776306597\n|switch|p2b: or is it the bagel|Torkoal, L50, M|100/100\n|-weather|SunnyDay|[from] ability: Drought|[of] p2b: or is it the bagel\n|move|p2a: he stole my drinky|Hyper Voice|p1b: Corviknight|[spread] p1a,p1b\n|-resisted|p1a: Tyranitar|1\n|-resisted|p1b: Corviknight|1\n|-damage|p1a: Tyranitar|72/100\n|-damage|p1b: Corviknight|0 fnt\n|faint|p1b: Corviknight\n|move|p1a: Tyranitar|Rock Slide|p2b: or is it the bagel|[spread] p2b\n|-miss|p1a: Tyranitar|p2a: he stole my drinky\n|-supereffective|p2b: or is it the bagel|1\n|-damage|p2b: or is it the bagel|57/100\n|\n|-weather|SunnyDay|[upkeep]\n|upkeep\n|\n|t:|1776306611\n|switch|p1b: Dragapult|Dragapult, L50, F|100/100\n|turn|4\n|\n|t:|1776306637\n|switch|p2a: PING AS|Incineroar, L50, F|23/100\n|-ability|p2a: PING AS|Intimidate|boost\n|-unboost|p1a: Tyranitar|atk|1\n|-fail|p1b: Dragapult|unboost|[from] ability: Clear Body|[of] p1b: Dragapult\n|move|p2b: or is it the bagel|Heat Wave|p1a: Tyranitar|[spread] p1a\n|-miss|p2b: or is it the bagel|p1b: Dragapult\n|-resisted|p1a: Tyranitar|1\n|-damage|p1a: Tyranitar|47/100\n|move|p1a: Tyranitar|Rock Slide|p2a: PING AS|[spread] p2a,p2b\n|-supereffective|p2a: PING AS|1\n|-supereffective|p2b: or is it the bagel|1\n|-crit|p2b: or is it the bagel\n|-damage|p2a: PING AS|0 fnt\n|-damage|p2b: or is it the bagel|0 fnt\n|faint|p2a: PING AS\n|faint|p2b: or is it the bagel\n|move|p1b: Dragapult|Shadow Ball|p2: PING AS|[notarget]\n|-fail|p1b: Dragapult\n|\n|-weather|SunnyDay|[upkeep]\n|upkeep\n|\n|t:|1776306654\n|switch|p2b: he stole my drinky|Farigiraf, L50, M|67/100\n|switch|p2a: you must die|Golurk, L50|100/100\n|turn|5\n|\n|t:|1776306669\n|switch|p1a: Excadrill|Excadrill, L50, M|100/100\n|detailschange|p2a: you must die|Golurk-Mega, L50\n|-mega|p2a: you must die|Golurk|Golurkite\n|move|p2b: he stole my drinky|Psychic|p1b: Dragapult\n|-damage|p1b: Dragapult|53/100\n|move|p2a: you must die|Poltergeist|p1b: Dragapult\n|-activate|p1b: Dragapult|move: Poltergeist|Haban Berry\n|-supereffective|p1b: Dragapult|1\n|-damage|p1b: Dragapult|0 fnt\n|faint|p1b: Dragapult\n|\n|-weather|SunnyDay|[upkeep]\n|-fieldend|move: Trick Room\n|upkeep\n|\n|t:|1776306681\n|switch|p1b: Tyranitar|Tyranitar-Mega, L50, M, shiny|47/100\n|-weather|Sandstorm|[from] ability: Sand Stream|[of] p1b: Tyranitar\n|turn|6\n|\n|t:|1776306713\n|move|p2a: you must die|Protect|p2a: you must die\n|-singleturn|p2a: you must die|Protect\n|move|p1a: Excadrill|Iron Head|p2a: you must die\n|-activate|p2a: you must die|move: Protect\n|move|p1b: Tyranitar|Knock Off|p2a: you must die\n|-activate|p2a: you must die|move: Protect\n|move|p2b: he stole my drinky|Trick Room|p2b: he stole my drinky\n|-fieldstart|move: Trick Room|[of] p2b: he stole my drinky\n|\n|-weather|Sandstorm|[upkeep]\n|-damage|p2b: he stole my drinky|61/100|[from] Sandstorm\n|upkeep\n|turn|7\n|\n|t:|1776306732\n|move|p1b: Tyranitar|Protect|p1b: Tyranitar\n|-singleturn|p1b: Tyranitar|Protect\n|move|p2b: he stole my drinky|Hyper Voice|p1a: Excadrill|[spread] p1a\n|-activate|p1b: Tyranitar|move: Protect\n|-resisted|p1a: Excadrill|1\n|-damage|p1a: Excadrill|81/100\n|move|p2a: you must die|Headlong Rush|p1b: Tyranitar\n|-supereffective|p1b: Tyranitar|1\n|-ability|p2a: you must die|Unseen Fist\n|-zbroken|p1b: Tyranitar\n|-damage|p1b: Tyranitar|20/100\n|-unboost|p2a: you must die|def|1\n|-unboost|p2a: you must die|spd|1\n|move|p1a: Excadrill|High Horsepower|p2a: you must die\n|-damage|p2a: you must die|27/100\n|\n|-weather|Sandstorm|[upkeep]\n|-damage|p2b: he stole my drinky|54/100|[from] Sandstorm\n|upkeep\n|turn|8\n|\n|t:|1776306764\n|move|p2b: he stole my drinky|Hyper Voice|p1b: Tyranitar|[spread] p1a,p1b\n|-resisted|p1a: Excadrill|1\n|-resisted|p1b: Tyranitar|1\n|-damage|p1a: Excadrill|63/100\n|-damage|p1b: Tyranitar|12/100\n|move|p2a: you must die|Headlong Rush|p1a: Excadrill\n|-supereffective|p1a: Excadrill|1\n|-damage|p1a: Excadrill|0 fnt\n|-unboost|p2a: you must die|def|1\n|-unboost|p2a: you must die|spd|1\n|faint|p1a: Excadrill\n|move|p1b: Tyranitar|Knock Off|p2a: you must die\n|-supereffective|p2a: you must die|1\n|-damage|p2a: you must die|0 fnt\n|faint|p2a: you must die\n|\n|-weather|Sandstorm|[upkeep]\n|-damage|p2b: he stole my drinky|48/100|[from] Sandstorm\n|-enditem|p2b: he stole my drinky|Sitrus Berry|[eat]\n|-heal|p2b: he stole my drinky|73/100|[from] item: Sitrus Berry\n|upkeep\n|turn|9\n|\n|t:|1776306795\n|move|p2b: he stole my drinky|Hyper Voice|p1b: Tyranitar\n|-resisted|p1b: Tyranitar|1\n|-damage|p1b: Tyranitar|1/100\n|move|p1b: Tyranitar|Knock Off|p2b: he stole my drinky\n|-supereffective|p2b: he stole my drinky|1\n|-crit|p2b: he stole my drinky\n|-damage|p2b: he stole my drinky|0 fnt\n|faint|p2b: he stole my drinky\n|\n|win|Dyltran2807\n|raw|Dyltran2807's rating: 1206 &rarr; <strong>1233</strong><br />(+27 for winning)\n|raw|imfinking's rating: 1228 &rarr; <strong>1201</strong><br />(-27 for losing)\n|l|\u2606imfinking\n|player|p2|\n|j|\u2606imfinking\n|player|p2|imfinking|sada|\n",
  "uploadtime": 1776306897,
  "views": 38,
  "formatid": "gen9championsvgc2026regma",
  "rating": 1201,
  "private": 0,
  "password": null
}