{
  "id": "gen9championsvgc2026regma-2583899877",
  "format": "[Gen 9 Champions] VGC 2026 Reg M-A",
  "players": [
    "inb4kuriboh",
    "LtFurry"
  ],
  "log": "|j|\u2606inb4kuriboh\n|j|\u2606LtFurry\n|t:|1776206637\n|gametype|doubles\n|player|p1|inb4kuriboh|carmine|1143\n|player|p2|LtFurry|lass-gen4|1076\n|gen|9\n|tier|[Gen 9 Champions] VGC 2026 Reg M-A\n|rated|\n|rule|Species Clause: Limit one of each Pok\u00e9mon\n|rule|Item Clause: Limit 1 of each item\n|clearpoke\n|poke|p1|Oranguru, L50, M|\n|poke|p1|Rhyperior, L50, F|\n|poke|p1|Gardevoir, L50, F|\n|poke|p1|Ampharos, L50, F|\n|poke|p1|Incineroar, L50, M|\n|poke|p1|Chimecho, L50, F|\n|poke|p2|Ninetales, L50, M|\n|poke|p2|Sinistcha, L50|\n|poke|p2|Sneasler, L50, F|\n|poke|p2|Kingambit, L50, M|\n|poke|p2|Delphox, L50, M|\n|poke|p2|Banette, L50, M|\n|teampreview|4\ninb4kuriboh rejected open team sheets.\n|\n|t:|1776206666\n|teamsize|p1|4\n|teamsize|p2|4\n|start\n|switch|p1a: Oranguru|Oranguru, L50, M|100/100\n|switch|p1b: Gardevoir|Gardevoir, L50, F|100/100\n|switch|p2a: Delphox|Delphox, L50, M|100/100\n|switch|p2b: Ninetales|Ninetales, L50, M|100/100\n|-weather|SunnyDay|[from] ability: Drought|[of] p2b: Ninetales\n|turn|1\n|\n|t:|1776206696\n|switch|p1b: Rhyperior|Rhyperior, L50, F|100/100\n|detailschange|p2a: Delphox|Delphox-Mega, L50, M\n|-mega|p2a: Delphox|Delphox|Delphoxite\n|move|p2a: Delphox|Nasty Plot|p2a: Delphox\n|-boost|p2a: Delphox|spa|2\n|move|p2b: Ninetales|Encore||[still]\n|-fail|p2b: Ninetales\n|move|p1a: Oranguru|Trick Room|p1a: Oranguru\n|-fieldstart|move: Trick Room|[of] p1a: Oranguru\n|\n|-weather|SunnyDay|[upkeep]\n|upkeep\n|turn|2\n|\n|t:|1776206717\n|move|p2b: Ninetales|Protect|p2b: Ninetales\n|-singleturn|p2b: Ninetales|Protect\n|move|p1b: Rhyperior|Rock Slide|p2a: Delphox|[spread] p2a\n|-activate|p2b: Ninetales|move: Protect\n|-supereffective|p2a: Delphox|1\n|-damage|p2a: Delphox|0 fnt\n|faint|p2a: Delphox\n|move|p1a: Oranguru|Instruct|p1b: Rhyperior\n|-singleturn|p1b: Rhyperior|move: Instruct|[of] p1a: Oranguru\n|move|p1b: Rhyperior|Rock Slide|p2b: Ninetales\n|-activate|p2b: Ninetales|move: Protect\n|\n|-weather|SunnyDay|[upkeep]\n|upkeep\n|\n|t:|1776206730\n|switch|p2a: Kingambit|Kingambit, L50, M|100/100\n|turn|3\n|\n|t:|1776206743\n|move|p2a: Kingambit|Sucker Punch|p1b: Rhyperior\n|-damage|p1b: Rhyperior|71/100\n|move|p1b: Rhyperior|Earthquake|p2a: Kingambit|[spread] p2a,p2b\n|-activate|p1a: Oranguru|ability: Telepathy\n|-supereffective|p2a: Kingambit|1\n|-supereffective|p2b: Ninetales|1\n|-damage|p2a: Kingambit|17/100\n|-damage|p2b: Ninetales|0 fnt\n|faint|p2b: Ninetales\n|move|p1a: Oranguru|Instruct|p1b: Rhyperior\n|-singleturn|p1b: Rhyperior|move: Instruct|[of] p1a: Oranguru\n|move|p1b: Rhyperior|Earthquake|p2a: Kingambit|[spread] p2a\n|-activate|p1a: Oranguru|ability: Telepathy\n|-supereffective|p2a: Kingambit|1\n|-damage|p2a: Kingambit|0 fnt\n|faint|p2a: Kingambit\n|\n|-weather|SunnyDay|[upkeep]\n|upkeep\n|\n|t:|1776206750\n|switch|p2a: Sneasler|Sneasler, L50, F|100/100\n|turn|4\n|\n|t:|1776206762\n|move|p2a: Sneasler|Fake Out|p1b: Rhyperior\n|-resisted|p1b: Rhyperior|1\n|-damage|p1b: Rhyperior|66/100\n|cant|p1b: Rhyperior|flinch\n|move|p1a: Oranguru|Psychic Noise|p2a: Sneasler\n|-supereffective|p2a: Sneasler|2\n|-enditem|p2a: Sneasler|Focus Sash\n|-damage|p2a: Sneasler|1/100\n|-start|p2a: Sneasler|move: Heal Block\n|\n|-weather|SunnyDay|[upkeep]\n|upkeep\n|turn|5\n|\n|t:|1776206771\n|move|p1b: Rhyperior|Earthquake|p2a: Sneasler|[spread] p2a\n|-activate|p1a: Oranguru|ability: Telepathy\n|-supereffective|p2a: Sneasler|1\n|-damage|p2a: Sneasler|0 fnt\n|faint|p2a: Sneasler\n|\n|win|inb4kuriboh\n|raw|inb4kuriboh's rating: 1143 &rarr; <strong>1163</strong><br />(+20 for winning)\n|raw|LtFurry's rating: 1076 &rarr; <strong>1059</strong><br />(-17 for losing)\n|l|\u2606LtFurry\n|player|p2|\n",
  "uploadtime": 1776206775,
  "views": 29,
  "formatid": "gen9championsvgc2026regma",
  "rating": 1059,
  "private": 0,
  "password": null
}