{
  "id": "gen9championsvgc2026regma-2581596272",
  "format": "[Gen 9 Champions] VGC 2026 Reg M-A",
  "players": [
    "swenix",
    "soulo333"
  ],
  "log": "|j|\u2606swenix\n|j|\u2606soulo333\n|t:|1776013821\n|gametype|doubles\n|player|p1|swenix|swimmer|1098\n|player|p2|soulo333|2|1189\n|gen|9\n|tier|[Gen 9 Champions] VGC 2026 Reg M-A\n|rated|\n|rule|Species Clause: Limit one of each Pok\u00e9mon\n|rule|Item Clause: Limit 1 of each item\n|clearpoke\n|poke|p1|Chesnaught, L50, F|\n|poke|p1|Arcanine-Hisui, L50, M|\n|poke|p1|Primarina, L50, F|\n|poke|p1|Farigiraf, L50, M|\n|poke|p1|Meowstic, L50, M|\n|poke|p1|Sneasler, L50, F|\n|poke|p2|Charizard, L50, M|\n|poke|p2|Rotom-Wash, L50|\n|poke|p2|Sneasler, L50, F|\n|poke|p2|Garchomp, L50, M|\n|poke|p2|Sinistcha, L50|\n|poke|p2|Kingambit, L50, M|\n|teampreview|4\n|\n|t:|1776013856\n|teamsize|p1|4\n|teamsize|p2|4\n|start\n|switch|p1a: Primarina|Primarina, L50, F|100/100\n|switch|p1b: Meowstic|Meowstic, L50, M|100/100\n|switch|p2a: Kingambit|Kingambit, L50, M|100/100\n|switch|p2b: Rotom|Rotom-Wash, L50|100/100\n|turn|1\n|\n|t:|1776013901\n|switch|p1a: Chesnaught|Chesnaught, L50, F|100/100\n|move|p1b: Meowstic|Fake Out|p2a: Kingambit\n|-resisted|p2a: Kingambit|1\n|-damage|p2a: Kingambit|99/100\n|move|p2b: Rotom|Volt Switch|p1a: Chesnaught\n|-resisted|p1a: Chesnaught|1\n|-damage|p1a: Chesnaught|86/100\n|\n|t:|1776013908\n|switch|p2b: Charizard|Charizard, L50, M|100/100|[from] Volt Switch\n|cant|p2a: Kingambit|flinch\n|\n|upkeep\n|turn|2\n|l|\u2606swenix\n|player|p1|\n|inactive|Battle timer is ON: inactive players will automatically lose when time's up. (requested by soulo333)\n|j|\u2606swenix\n|inactive|swenix reconnected and has 90 seconds left.\n|player|p1|swenix|swimmer|\n|\n|t:|1776013967\n|detailschange|p2b: Charizard|Charizard-Mega-X, L50, M\n|-mega|p2b: Charizard|Charizard|Charizardite X\n|detailschange|p1a: Chesnaught|Chesnaught-Mega, L50, F\n|-mega|p1a: Chesnaught|Chesnaught|Chesnaughtite\n|move|p1a: Chesnaught|Spiky Shield|p1a: Chesnaught\n|-singleturn|p1a: Chesnaught|move: Protect\n|move|p1b: Meowstic|Reflect|p1b: Meowstic\n|-sidestart|p1: swenix|Reflect\n|move|p2b: Charizard|Dragon Dance|p2b: Charizard\n|-boost|p2b: Charizard|atk|1\n|-boost|p2b: Charizard|spe|1\n|move|p2a: Kingambit|Kowtow Cleave|p1b: Meowstic\n|-supereffective|p1b: Meowstic|1\n|-damage|p1b: Meowstic|19/100\n|\n|upkeep\n|turn|3\n|inactive|swenix has 30 seconds left.\n|inactive|soulo333 has 30 seconds left.\n|\n|t:|1776014006\n|move|p1b: Meowstic|Rain Dance|p1b: Meowstic\n|-weather|RainDance\n|move|p2b: Charizard|Flare Blitz|p1a: Chesnaught\n|-supereffective|p1a: Chesnaught|1\n|-damage|p1a: Chesnaught|53/100\n|-damage|p2b: Charizard|89/100|[from] Recoil\n|move|p2a: Kingambit|Iron Head|p1b: Meowstic\n|-damage|p1b: Meowstic|0 fnt\n|faint|p1b: Meowstic\n|move|p1a: Chesnaught|Body Press|p2a: Kingambit\n|-supereffective|p2a: Kingambit|2\n|-enditem|p2a: Kingambit|Chople Berry|[eat]\n|-enditem|p2a: Kingambit|Chople Berry|[weaken]\n|-damage|p2a: Kingambit|17/100\n|\n|-weather|RainDance|[upkeep]\n|upkeep\n|\n|t:|1776014022\n|switch|p1b: Primarina|Primarina, L50, F|100/100\n|turn|4\n|\n|t:|1776014033\n|move|p2b: Charizard|Protect|p2b: Charizard\n|-singleturn|p2b: Charizard|Protect\n|move|p1a: Chesnaught|Spiky Shield|p1a: Chesnaught\n|-singleturn|p1a: Chesnaught|move: Protect\n|move|p2a: Kingambit|Sucker Punch|p1b: Primarina\n|-resisted|p1b: Primarina|1\n|-crit|p1b: Primarina\n|-damage|p1b: Primarina|64/100\n|move|p1b: Primarina|Hyper Voice|p2b: Charizard|[spread] p2a\n|-activate|p2b: Charizard|move: Protect\n|-crit|p2a: Kingambit\n|-damage|p2a: Kingambit|0 fnt\n|faint|p2a: Kingambit\n|\n|-weather|RainDance|[upkeep]\n|upkeep\n|\n|t:|1776014040\n|switch|p2a: Sinistcha|Sinistcha, L50|100/100\n|-heal|p2b: Charizard|100/100|[from] ability: Hospitality|[of] p2a: Sinistcha\n|turn|5\n|\n|t:|1776014063\n|move|p2b: Charizard|Dragon Dance|p2b: Charizard\n|-boost|p2b: Charizard|atk|1\n|-boost|p2b: Charizard|spe|1\n|move|p2a: Sinistcha|Matcha Gotcha|p1a: Chesnaught|[spread] p1a,p1b\n|-resisted|p1a: Chesnaught|1\n|-supereffective|p1b: Primarina|1\n|-damage|p1a: Chesnaught|40/100\n|-damage|p1b: Primarina|10/100\n|-status|p1a: Chesnaught|brn\n|move|p1b: Primarina|Hyper Voice|p2b: Charizard|[spread] p2a,p2b\n|-resisted|p2a: Sinistcha|1\n|-damage|p2a: Sinistcha|59/100\n|-damage|p2b: Charizard|29/100\n|move|p1a: Chesnaught|Body Press|p2b: Charizard\n|-damage|p2b: Charizard|3/100\n|\n|-weather|RainDance|[upkeep]\n|-damage|p1a: Chesnaught|34/100 brn|[from] brn\n|upkeep\n|turn|6\n|inactive|swenix has 30 seconds left.\n|\n|t:|1776014091\n|move|p2b: Charizard|Protect|p2b: Charizard\n|-singleturn|p2b: Charizard|Protect\n|move|p1a: Chesnaught|Spiky Shield|p1a: Chesnaught\n|-singleturn|p1a: Chesnaught|move: Protect\n|move|p2a: Sinistcha|Matcha Gotcha|p1a: Chesnaught|[spread] p1b\n|-activate|p1a: Chesnaught|move: Protect\n|-supereffective|p1b: Primarina|1\n|-damage|p1b: Primarina|0 fnt\n|-heal|p2a: Sinistcha|65/100|[from] drain|[of] p1b: Primarina\n|faint|p1b: Primarina\n|\n|-weather|RainDance|[upkeep]\n|-damage|p1a: Chesnaught|28/100 brn|[from] brn\n|-sideend|p1: swenix|Reflect\n|upkeep\n|\n|t:|1776014107\n|switch|p1b: Arcanine|Arcanine-Hisui, L50, M|100/100\n|turn|7\n|inactive|swenix has 30 seconds left.\n|inactive|swenix has 20 seconds left.\n|inactive|soulo333 has 30 seconds left.\n|\n|t:|1776014143\n|move|p2b: Charizard|Flare Blitz|p1a: Chesnaught\n|-supereffective|p1a: Chesnaught|1\n|-damage|p1a: Chesnaught|0 fnt\n|faint|p1a: Chesnaught\n|-damage|p2b: Charizard|0 fnt|[from] Recoil\n|faint|p2b: Charizard\n|move|p1b: Arcanine|Flare Blitz|p2a: Sinistcha\n|-supereffective|p2a: Sinistcha|1\n|-damage|p2a: Sinistcha|0 fnt\n|faint|p2a: Sinistcha\n|\n|-weather|none\n|upkeep\n|\n|t:|1776014146\n|switch|p2b: Rotom|Rotom-Wash, L50|100/100\n|turn|8\n|\n|t:|1776014158\n|move|p1b: Arcanine|Flare Blitz|p2b: Rotom\n|-resisted|p2b: Rotom|1\n|-damage|p2b: Rotom|64/100\n|move|p2b: Rotom|Hydro Pump|p1b: Arcanine\n|-supereffective|p1b: Arcanine|2\n|-damage|p1b: Arcanine|0 fnt\n|faint|p1b: Arcanine\n|\n|win|soulo333\n|raw|swenix's rating: 1098 &rarr; <strong>1080</strong><br />(-18 for losing)\n|raw|soulo333's rating: 1189 &rarr; <strong>1208</strong><br />(+19 for winning)\n",
  "uploadtime": 1776014158,
  "views": 22,
  "formatid": "gen9championsvgc2026regma",
  "rating": 1080,
  "private": 0,
  "password": null
}