{
  "id": "gen9championsvgc2026regma-2585259383",
  "format": "[Gen 9 Champions] VGC 2026 Reg M-A",
  "players": [
    "tukitiko",
    "Duetti"
  ],
  "log": "|j|\u2606tukitiko\n|j|\u2606Duetti\n|t:|1776330987\n|gametype|doubles\n|player|p1|tukitiko|aquasuit|1238\n|player|p2|Duetti|1|1278\n|gen|9\n|tier|[Gen 9 Champions] VGC 2026 Reg M-A\n|rated|\n|rule|Species Clause: Limit one of each Pok\u00e9mon\n|rule|Item Clause: Limit 1 of each item\n|clearpoke\n|poke|p1|Kingambit, L50, M|\n|poke|p1|Crabominable, L50, M|\n|poke|p1|Slowking-Galar, L50, M|\n|poke|p1|Primarina, L50, M|\n|poke|p1|Sinistcha-Masterpiece, L50|\n|poke|p1|Incineroar, L50, M|\n|poke|p2|Aggron, L50, F|\n|poke|p2|Sinistcha, L50|\n|poke|p2|Incineroar, L50, F|\n|poke|p2|Garchomp, L50, F|\n|poke|p2|Sneasler, L50, F|\n|poke|p2|Aerodactyl, L50, M|\n|teampreview|4\n|\n|t:|1776331019\n|teamsize|p1|4\n|teamsize|p2|4\n|start\n|switch|p1a: Jhon VGC|Incineroar, L50, M|100/100\n|switch|p1b: Bucket|Slowking-Galar, L50, M|100/100\n|switch|p2a: Aggron|Aggron, L50, F, shiny|100/100\n|switch|p2b: Sneasler|Sneasler, L50, F, shiny|100/100\n|-ability|p1a: Jhon VGC|Intimidate|boost\n|-unboost|p2a: Aggron|atk|1\n|-unboost|p2b: Sneasler|atk|1\n|-enditem|p2b: Sneasler|White Herb\n|-clearnegativeboost|p2b: Sneasler|[silent]\n|turn|1\n|\n|t:|1776331043\n|detailschange|p2a: Aggron|Aggron-Mega, L50, F, shiny\n|-mega|p2a: Aggron|Aggron|Aggronite\n|move|p1b: Bucket|Protect|p1b: Bucket\n|-singleturn|p1b: Bucket|Protect\n|move|p2b: Sneasler|Fake Out|p1a: Jhon VGC\n|-damage|p1a: Jhon VGC|88/100\n|cant|p1a: Jhon VGC|flinch\n|move|p2a: Aggron|Iron Defense|p2a: Aggron\n|-boost|p2a: Aggron|def|2\n|\n|upkeep\n|turn|2\n|\n|t:|1776331066\n|switch|p2b: Incineroar|Incineroar, L50, F, shiny|100/100\n|-ability|p2b: Incineroar|Intimidate|boost\n|-unboost|p1a: Jhon VGC|atk|1\n|-unboost|p1b: Bucket|atk|1\n|move|p1a: Jhon VGC|Will-O-Wisp|p2a: Aggron\n|-status|p2a: Aggron|brn\n|move|p2a: Aggron|Body Press|p1a: Jhon VGC\n|-supereffective|p1a: Jhon VGC|1\n|-damage|p1a: Jhon VGC|8/100\n|-enditem|p1a: Jhon VGC|Sitrus Berry|[eat]\n|-heal|p1a: Jhon VGC|33/100|[from] item: Sitrus Berry\n|move|p1b: Bucket|Trick Room|p1b: Bucket\n|-fieldstart|move: Trick Room|[of] p1b: Bucket\n|\n|-damage|p2a: Aggron|94/100 brn|[from] brn\n|upkeep\n|turn|3\n|\n|t:|1776331089\n|-prepare|p1b: Bucket|Chilly Reception|[premajor]\n|move|p1b: Bucket|Chilly Reception|p1b: Bucket\n|-weather|Snowscape\n|\n|t:|1776331092\n|switch|p1b: Crabbo|Crabominable, L50, M|100/100|[from] Chilly Reception\n|move|p2a: Aggron|Iron Defense|p2a: Aggron\n|-boost|p2a: Aggron|def|2\n|move|p1a: Jhon VGC|Parting Shot|p2b: Incineroar\n|-unboost|p2b: Incineroar|atk|1\n|-unboost|p2b: Incineroar|spa|1\n|\n|t:|1776331094\n|switch|p1a: Poppy|Primarina, L50, M|100/100|[from] Parting Shot\n|move|p2b: Incineroar|Parting Shot|p1a: Poppy\n|-unboost|p1a: Poppy|atk|1\n|-unboost|p1a: Poppy|spa|1\n|\n|t:|1776331106\n|switch|p2b: Sneasler|Sneasler, L50, F, shiny|100/100|[from] Parting Shot\n|\n|-weather|Snowscape|[upkeep]\n|-damage|p2a: Aggron|88/100 brn|[from] brn\n|upkeep\n|turn|4\n|\n|t:|1776331114\n|move|p1b: Crabbo|Protect|p1b: Crabbo\n|-singleturn|p1b: Crabbo|Protect\n|move|p2b: Sneasler|Fake Out|p1a: Poppy\n|-damage|p1a: Poppy|85/100\n|move|p2a: Aggron|Body Press|p1b: Crabbo\n|-activate|p1b: Crabbo|move: Protect\n|cant|p1a: Poppy|flinch\n|\n|-weather|Snowscape|[upkeep]\n|-heal|p1a: Poppy|91/100|[from] item: Leftovers\n|-damage|p2a: Aggron|82/100 brn|[from] brn\n|upkeep\n|turn|5\n|\n|t:|1776331131\n|detailschange|p1b: Crabbo|Crabominable-Mega, L50, M\n|-mega|p1b: Crabbo|Crabominable|Crabominite\n|move|p1b: Crabbo|Drain Punch|p2a: Aggron\n|-supereffective|p2a: Aggron|1\n|-damage|p2a: Aggron|69/100 brn\n|move|p2a: Aggron|Body Press|p1b: Crabbo\n|-supereffective|p1b: Crabbo|1\n|-damage|p1b: Crabbo|35/100\n|move|p1a: Poppy|Hyper Voice|p2a: Aggron|[spread] p2a,p2b\n|-damage|p2a: Aggron|47/100 brn\n|-damage|p2b: Sneasler|66/100\n|move|p2b: Sneasler|Dire Claw|p1a: Poppy\n|-supereffective|p1a: Poppy|1\n|-damage|p1a: Poppy|0 fnt\n|faint|p1a: Poppy\n|\n|-weather|Snowscape|[upkeep]\n|-damage|p2a: Aggron|41/100 brn|[from] brn\n|upkeep\n|\n|t:|1776331135\n|switch|p1a: Jhon VGC|Incineroar, L50, M|33/100\n|-ability|p1a: Jhon VGC|Intimidate|boost\n|-unboost|p2a: Aggron|atk|1\n|-unboost|p2b: Sneasler|atk|1\n|turn|6\n|\n|t:|1776331151\n|switch|p2b: Sinistcha|Sinistcha, L50, shiny|100/100\n|-heal|p2a: Aggron|66/100 brn|[from] ability: Hospitality|[of] p2b: Sinistcha\n|move|p2a: Aggron|Protect|p2a: Aggron\n|-singleturn|p2a: Aggron|Protect\n|move|p1b: Crabbo|Drain Punch|p2a: Aggron\n|-activate|p2a: Aggron|move: Protect\n|move|p1a: Jhon VGC|Will-O-Wisp|p2b: Sinistcha\n|-status|p2b: Sinistcha|brn\n|\n|-weather|Snowscape|[upkeep]\n|-damage|p2a: Aggron|60/100 brn|[from] brn\n|-damage|p2b: Sinistcha|94/100 brn|[from] brn\n|-fieldend|move: Trick Room\n|upkeep\n|turn|7\n|\n|t:|1776331166\n|switch|p1b: Bucket|Slowking-Galar, L50, M|100/100\n|move|p1a: Jhon VGC|Parting Shot|p2b: Sinistcha\n|-unboost|p2b: Sinistcha|atk|1\n|-unboost|p2b: Sinistcha|spa|1\n|\n|t:|1776331167\n|switch|p1a: Crabbo|Crabominable-Mega, L50, M|35/100|[from] Parting Shot\n|move|p2b: Sinistcha|Life Dew|p2b: Sinistcha|[spread] p2a,p2b\n|-heal|p2a: Aggron|85/100 brn\n|-heal|p2b: Sinistcha|100/100 brn\n|move|p2a: Aggron|Body Press|p1a: Crabbo\n|-supereffective|p1a: Crabbo|1\n|-damage|p1a: Crabbo|0 fnt\n|faint|p1a: Crabbo\n|\n|-weather|none\n|-damage|p2b: Sinistcha|94/100 brn|[from] brn\n|-damage|p2a: Aggron|78/100 brn|[from] brn\n|upkeep\n|\n|t:|1776331168\n|switch|p1a: Jhon VGC|Incineroar, L50, M|33/100\n|-ability|p1a: Jhon VGC|Intimidate|boost\n|-unboost|p2a: Aggron|atk|1\n|-unboost|p2b: Sinistcha|atk|1\n|turn|8\n|\n|t:|1776331184\n|switch|p2b: Incineroar|Incineroar, L50, F, shiny|100/100\n|-ability|p2b: Incineroar|Intimidate|boost\n|-unboost|p1a: Jhon VGC|atk|1\n|-unboost|p1b: Bucket|atk|1\n|move|p2a: Aggron|Protect|p2a: Aggron\n|-singleturn|p2a: Aggron|Protect\n|move|p1a: Jhon VGC|Fake Out|p2a: Aggron\n|-activate|p2a: Aggron|move: Protect\n|move|p1b: Bucket|Sludge Bomb|p2b: Incineroar\n|-damage|p2b: Incineroar|66/100\n|\n|-heal|p2b: Incineroar|72/100|[from] item: Leftovers\n|-damage|p2a: Aggron|72/100 brn|[from] brn\n|upkeep\n|turn|9\n|\n|t:|1776331214\n|move|p2b: Incineroar|Fake Out|p1b: Bucket\n|-damage|p1b: Bucket|91/100\n|move|p1a: Jhon VGC|Throat Chop|p2b: Incineroar\n|-resisted|p2b: Incineroar|1\n|-damage|p2b: Incineroar|64/100\n|-start|p2b: Incineroar|Throat Chop|[silent]\n|move|p2a: Aggron|Body Press|p1a: Jhon VGC\n|-supereffective|p1a: Jhon VGC|1\n|-damage|p1a: Jhon VGC|0 fnt\n|faint|p1a: Jhon VGC\n|cant|p1b: Bucket|flinch\n|\n|-heal|p2b: Incineroar|70/100|[from] item: Leftovers\n|-damage|p2a: Aggron|66/100 brn|[from] brn\n|upkeep\n|turn|10\n|\n|t:|1776331224\n|move|p2b: Incineroar|Darkest Lariat|p1b: Bucket\n|-supereffective|p1b: Bucket|1\n|-enditem|p1b: Bucket|Colbur Berry|[eat]\n|-enditem|p1b: Bucket|Colbur Berry|[weaken]\n|-damage|p1b: Bucket|65/100\n|move|p2a: Aggron|Body Press|p1b: Bucket\n|-resisted|p1b: Bucket|2\n|-damage|p1b: Bucket|51/100\n|move|p1b: Bucket|Sludge Bomb|p2b: Incineroar\n|-damage|p2b: Incineroar|39/100\n|\n|-heal|p2b: Incineroar|45/100|[from] item: Leftovers\n|-damage|p2a: Aggron|60/100 brn|[from] brn\n|-end|p2b: Incineroar|Throat Chop|[silent]\n|upkeep\n|turn|11\n|\n|t:|1776331254\n|move|p2b: Incineroar|Darkest Lariat|p1b: Bucket\n|-supereffective|p1b: Bucket|1\n|-damage|p1b: Bucket|0 fnt\n|faint|p1b: Bucket\n|\n|win|Duetti\n|raw|tukitiko's rating: 1238 &rarr; <strong>1216</strong><br />(-22 for losing)\n|raw|Duetti's rating: 1278 &rarr; <strong>1300</strong><br />(+22 for winning)\n",
  "uploadtime": 1776331260,
  "views": 34,
  "formatid": "gen9championsvgc2026regma",
  "rating": 1216,
  "private": 0,
  "password": null
}