{
  "id": "gen9championsvgc2026regma-2585327077",
  "format": "[Gen 9 Champions] VGC 2026 Reg M-A",
  "players": [
    "tangorella",
    "Shitmon Scientist"
  ],
  "log": "|j|\u2606tangorella\n|j|\u2606Shitmon Scientist\n|t:|1776338145\n|gametype|doubles\n|player|p1|tangorella|ingo|1141\n|player|p2|Shitmon Scientist|scientist-gen4dp|1050\n|gen|9\n|tier|[Gen 9 Champions] VGC 2026 Reg M-A\n|rated|\n|rule|Species Clause: Limit one of each Pok\u00e9mon\n|rule|Item Clause: Limit 1 of each item\n|clearpoke\n|poke|p1|Incineroar, L50, F|\n|poke|p1|Farigiraf, L50, F|\n|poke|p1|Golurk, L50|\n|poke|p1|Sneasler, L50, M|\n|poke|p1|Torkoal, L50, M|\n|poke|p1|Venusaur, L50, M|\n|poke|p2|Venusaur, L50, M|\n|poke|p2|Glimmora, L50, F|\n|poke|p2|Maushold-Four, L50|\n|poke|p2|Sinistcha-Masterpiece, L50|\n|poke|p2|Vaporeon, L50, M|\n|poke|p2|Sylveon, L50, M|\n|teampreview|4\n|inactive|Battle timer is ON: inactive players will automatically lose when time's up. (requested by tangorella)\n|inactive|Shitmon Scientist has 60 seconds left.\n|\n|t:|1776338176\n|teamsize|p1|4\n|teamsize|p2|4\n|start\n|switch|p1a: Farigiraf|Farigiraf, L50, F|100/100\n|switch|p1b: Sneasler|Sneasler, L50, M|100/100\n|switch|p2a: Venusaur|Venusaur, L50, M|100/100\n|switch|p2b: Sylveon|Sylveon, L50, M|100/100\n|turn|1\n|\n|t:|1776338200\n|detailschange|p2a: Venusaur|Venusaur-Mega, L50, M\n|-mega|p2a: Venusaur|Venusaur|Venusaurite\n|move|p1b: Sneasler|Fake Out|p2b: Sylveon\n|-damage|p2b: Sylveon|82/100\n|move|p2a: Venusaur|Leech Seed|p1a: Farigiraf\n|-start|p1a: Farigiraf|move: Leech Seed\n|cant|p2b: Sylveon|flinch\n|move|p1a: Farigiraf|Trick Room|p1a: Farigiraf\n|-fieldstart|move: Trick Room|[of] p1a: Farigiraf\n|\n|-damage|p1a: Farigiraf|88/100|[from] Leech Seed|[of] p2a: Venusaur\n|upkeep\n|turn|2\n|inactive|tangorella has 30 seconds left.\n|\n|t:|1776338234\n|switch|p1b: Torkoal|Torkoal, L50, M|100/100\n|-weather|SunnyDay|[from] ability: Drought|[of] p1b: Torkoal\n|move|p1a: Farigiraf|Hyper Voice|p2a: Venusaur|[spread] p2a,p2b\n|-damage|p2a: Venusaur|73/100\n|-damage|p2b: Sylveon|55/100\n|move|p2b: Sylveon|Yawn|p1b: Torkoal\n|-start|p1b: Torkoal|move: Yawn|[of] p2b: Sylveon\n|move|p2a: Venusaur|Leech Seed|p1b: Torkoal\n|-start|p1b: Torkoal|move: Leech Seed\n|\n|-weather|SunnyDay|[upkeep]\n|-damage|p1b: Torkoal|88/100|[from] Leech Seed|[of] p2a: Venusaur\n|-heal|p2a: Venusaur|84/100|[silent]\n|-damage|p1a: Farigiraf|76/100|[from] Leech Seed|[of] p2a: Venusaur\n|-heal|p2a: Venusaur|99/100|[silent]\n|upkeep\n|turn|3\n|\n|t:|1776338258\n|switch|p2b: Glimmora|Glimmora, L50, F|100/100\n|move|p2a: Venusaur|Protect|p2a: Venusaur\n|-singleturn|p2a: Venusaur|Protect\n|move|p1b: Torkoal|Eruption|p2b: Glimmora|[spread] p2b\n|-activate|p2a: Venusaur|move: Protect\n|-resisted|p2b: Glimmora|1\n|-damage|p2b: Glimmora|70/100\n|move|p1a: Farigiraf|Psychic|p2a: Venusaur\n|-activate|p2a: Venusaur|move: Protect\n|\n|-weather|SunnyDay|[upkeep]\n|-damage|p1b: Torkoal|76/100|[from] Leech Seed|[of] p2a: Venusaur\n|-heal|p2a: Venusaur|100/100|[silent]\n|-damage|p1a: Farigiraf|63/100|[from] Leech Seed|[of] p2a: Venusaur\n|-end|p1b: Torkoal|move: Yawn|[silent]\n|-status|p1b: Torkoal|slp\n|upkeep\n|turn|4\n|inactive|tangorella has 30 seconds left.\n|inactive|Shitmon Scientist has 30 seconds left.\n|\n|t:|1776338285\n|switch|p1b: Golurk|Golurk, L50|100/100\n|switch|p2a: Sylveon|Sylveon, L50, M|55/100\n|move|p1a: Farigiraf|Psychic|p2b: Glimmora\n|-supereffective|p2b: Glimmora|1\n|-damage|p2b: Glimmora|0 fnt\n|faint|p2b: Glimmora\n|\n|-weather|SunnyDay|[upkeep]\n|-damage|p1a: Farigiraf|51/100|[from] Leech Seed|[of] p2a: Sylveon\n|-heal|p2a: Sylveon|69/100|[silent]\n|upkeep\n|\n|t:|1776338298\n|switch|p2b: Vaporeon|Vaporeon, L50, M|100/100\n|turn|5\n|inactive|tangorella has 30 seconds left.\n|\n|t:|1776338328\n|detailschange|p1b: Golurk|Golurk-Mega, L50\n|-mega|p1b: Golurk|Golurk|Golurkite\n|move|p1a: Farigiraf|Hyper Voice|p2a: Sylveon|[spread] p2a,p2b\n|-damage|p2a: Sylveon|44/100\n|-damage|p2b: Vaporeon|73/100\n|move|p1b: Golurk|Headlong Rush|p2b: Vaporeon\n|-damage|p2b: Vaporeon|0 fnt\n|-unboost|p1b: Golurk|def|1\n|-unboost|p1b: Golurk|spd|1\n|faint|p2b: Vaporeon\n|move|p2a: Sylveon|Yawn|p1a: Farigiraf\n|-start|p1a: Farigiraf|move: Yawn|[of] p2a: Sylveon\n|\n|-weather|SunnyDay|[upkeep]\n|-damage|p1a: Farigiraf|39/100|[from] Leech Seed|[of] p2a: Sylveon\n|-heal|p2a: Sylveon|58/100|[silent]\n|-fieldend|move: Trick Room\n|upkeep\n|-enditem|p1a: Farigiraf|Sitrus Berry|[eat]\n|-heal|p1a: Farigiraf|63/100|[from] item: Sitrus Berry\n|\n|t:|1776338343\n|switch|p2b: Venusaur|Venusaur-Mega, L50, M|100/100\n|turn|6\n|inactive|tangorella has 30 seconds left.\n|inactive|Shitmon Scientist has 30 seconds left.\n|\n|t:|1776338382\n|move|p2b: Venusaur|Leech Seed|p1b: Golurk\n|-start|p1b: Golurk|move: Leech Seed\n|move|p2a: Sylveon|Yawn|p1b: Golurk\n|-start|p1b: Golurk|move: Yawn|[of] p2a: Sylveon\n|move|p1b: Golurk|Headlong Rush|p2b: Venusaur\n|-damage|p2b: Venusaur|41/100\n|-unboost|p1b: Golurk|def|1\n|-unboost|p1b: Golurk|spd|1\n|move|p1a: Farigiraf|Trick Room|p1a: Farigiraf\n|-fieldstart|move: Trick Room|[of] p1a: Farigiraf\n|\n|-weather|none\n|-damage|p1a: Farigiraf|51/100|[from] Leech Seed|[of] p2a: Sylveon\n|-heal|p2a: Sylveon|72/100|[silent]\n|-damage|p1b: Golurk|88/100|[from] Leech Seed|[of] p2b: Venusaur\n|-heal|p2b: Venusaur|54/100|[silent]\n|-end|p1a: Farigiraf|move: Yawn|[silent]\n|-status|p1a: Farigiraf|slp\n|upkeep\n|turn|7\n|inactive|tangorella has 30 seconds left.\n|\n|t:|1776338409\n|move|p2a: Sylveon|Detect|p2a: Sylveon\n|-singleturn|p2a: Sylveon|Protect\n|move|p2b: Venusaur|Protect|p2b: Venusaur\n|-singleturn|p2b: Venusaur|Protect\n|cant|p1a: Farigiraf|slp\n|move|p1b: Golurk|Headlong Rush|p2a: Sylveon\n|-ability|p1b: Golurk|Unseen Fist\n|-zbroken|p2a: Sylveon\n|-damage|p2a: Sylveon|50/100\n|-unboost|p1b: Golurk|def|1\n|-unboost|p1b: Golurk|spd|1\n|\n|-damage|p1a: Farigiraf|39/100 slp|[from] Leech Seed|[of] p2a: Sylveon\n|-heal|p2a: Sylveon|64/100|[silent]\n|-damage|p1b: Golurk|76/100|[from] Leech Seed|[of] p2b: Venusaur\n|-heal|p2b: Venusaur|67/100|[silent]\n|-end|p1b: Golurk|move: Yawn|[silent]\n|-status|p1b: Golurk|slp\n|upkeep\n|turn|8\n|inactive|tangorella has 30 seconds left.\n|\n|t:|1776338436\n|cant|p1a: Farigiraf|slp\n|cant|p1b: Golurk|slp\n|move|p2a: Sylveon|Hyper Voice|p1a: Farigiraf|[spread] p1a,p1b\n|-damage|p1a: Farigiraf|0 fnt\n|-damage|p1b: Golurk|0 fnt\n|faint|p1a: Farigiraf\n|faint|p1b: Golurk\n|move|p2b: Venusaur|Giga Drain|p1: Farigiraf|[notarget]\n|-fail|p2b: Venusaur\n|\n|upkeep\n|\n|t:|1776338446\n|switch|p1a: Torkoal|Torkoal, L50, M|76/100 slp\n|switch|p1b: Sneasler|Sneasler, L50, M|100/100\n|-weather|SunnyDay|[from] ability: Drought|[of] p1a: Torkoal\n|turn|9\n|\n|t:|1776338461\n|move|p1b: Sneasler|Fake Out|p2b: Venusaur\n|-damage|p2b: Venusaur|53/100\n|cant|p1a: Torkoal|slp\n|move|p2a: Sylveon|Yawn|p1b: Sneasler\n|-start|p1b: Sneasler|move: Yawn|[of] p2a: Sylveon\n|cant|p2b: Venusaur|flinch\n|\n|-weather|SunnyDay|[upkeep]\n|upkeep\n|turn|10\n|\n|t:|1776338485\n|move|p2a: Sylveon|Detect|p2a: Sylveon\n|-singleturn|p2a: Sylveon|Protect\n|move|p2b: Venusaur|Protect|p2b: Venusaur\n|-singleturn|p2b: Venusaur|Protect\n|cant|p1a: Torkoal|slp\n|move|p1b: Sneasler|Dire Claw|p2a: Sylveon\n|-activate|p2a: Sylveon|move: Protect\n|\n|-weather|SunnyDay|[upkeep]\n|-end|p1b: Sneasler|move: Yawn|[silent]\n|-status|p1b: Sneasler|slp\n|-fieldend|move: Trick Room\n|upkeep\n|turn|11\n|inactive|Shitmon Scientist has 30 seconds left.\n|\n|t:|1776338514\n|cant|p1b: Sneasler|slp\n|move|p2b: Venusaur|Sludge Bomb|p1a: Torkoal\n|-damage|p1a: Torkoal|26/100 slp\n|move|p2a: Sylveon|Hyper Voice|p1a: Torkoal|[spread] p1a,p1b\n|-resisted|p1a: Torkoal|1\n|-damage|p1a: Torkoal|0 fnt\n|-damage|p1b: Sneasler|36/100 slp\n|faint|p1a: Torkoal\n|\n|-weather|SunnyDay|[upkeep]\n|upkeep\n|turn|12\n|-message|tangorella forfeited.\n|\n|win|Shitmon Scientist\n|raw|tangorella's rating: 1141 &rarr; <strong>1110</strong><br />(-31 for losing)\n|raw|Shitmon Scientist's rating: 1050 &rarr; <strong>1091</strong><br />(+41 for winning)\n|l|\u2606tangorella\n|player|p1|\n",
  "uploadtime": 1776338530,
  "views": 23,
  "formatid": "gen9championsvgc2026regma",
  "rating": 1091,
  "private": 0,
  "password": null
}