{
  "id": "gen9championsvgc2026regma-2587673350",
  "format": "[Gen 9 Champions] VGC 2026 Reg M-A",
  "players": [
    "Millygan15",
    "Kakabow"
  ],
  "log": "|j|\u2606Millygan15\n|j|\u2606Kakabow\n|t:|1776552561\n|gametype|doubles\n|player|p1|Millygan15|volkner|1176\n|player|p2|Kakabow|hugh|1103\n|gen|9\n|tier|[Gen 9 Champions] VGC 2026 Reg M-A\n|rated|\n|rule|Species Clause: Limit one of each Pok\u00e9mon\n|rule|Item Clause: Limit 1 of each item\n|clearpoke\n|poke|p1|Zoroark-Hisui, L50, M|\n|poke|p1|Ditto, L50|\n|poke|p1|Incineroar, L50, F|\n|poke|p1|Dragonite, L50, F|\n|poke|p1|Sneasler, L50, F|\n|poke|p1|Ninetales-Alola, L50, F|\n|poke|p2|Skarmory, L50, F, shiny|\n|poke|p2|Sneasler, L50, F|\n|poke|p2|Garchomp, L50, M|\n|poke|p2|Hippowdon, L50, F|\n|poke|p2|Milotic, L50, M|\n|poke|p2|Rotom-Heat, L50|\n|teampreview|4\n|inactive|Battle timer is ON: inactive players will automatically lose when time's up. (requested by Kakabow)\n|\n|t:|1776552581\n|teamsize|p1|4\n|teamsize|p2|4\n|start\n|switch|p1a: Sneasler|Sneasler, L50, F|100/100\n|switch|p1b: Ditto|Ditto, L50|100/100\n|switch|p2a: Skarmory|Skarmory, L50, F, shiny|100/100\n|switch|p2b: Sneasler|Sneasler, L50, F|100/100\n|-transform|p1b: Ditto|p2a: Skarmory|[from] ability: Imposter\n|turn|1\n|\n|t:|1776552605\n|detailschange|p2a: Skarmory|Skarmory-Mega, L50, F, shiny\n|-mega|p2a: Skarmory|Skarmory|Skarmorite\n|move|p1b: Ditto|Protect|p1b: Ditto\n|-singleturn|p1b: Ditto|Protect\n|move|p2b: Sneasler|Fake Out|p1a: Sneasler\n|-immune|p1a: Sneasler\n|move|p2a: Skarmory|Brave Bird|p1a: Sneasler\n|-damage|p1a: Sneasler|0 fnt\n|replace|p1a: Zoroark|Zoroark-Hisui, L50, M\n|-end|p1a: Zoroark|Illusion\n|faint|p1a: Zoroark\n|-damage|p2a: Skarmory|63/100|[from] Recoil\n|\n|upkeep\n|\n|t:|1776552624\n|switch|p1a: Sneasler|Sneasler, L50, F|100/100\n|turn|2\n|\n|t:|1776552641\n|move|p2a: Skarmory|Protect|p2a: Skarmory\n|-singleturn|p2a: Skarmory|Protect\n|move|p1a: Sneasler|Fake Out|p2a: Skarmory\n|-activate|p2a: Skarmory|move: Protect\n|move|p2b: Sneasler|Coaching|p2a: Skarmory\n|-boost|p2a: Skarmory|atk|1\n|-boost|p2a: Skarmory|def|1\n|move|p1b: Ditto|Brave Bird|p2b: Sneasler\n|-supereffective|p2b: Sneasler|1\n|-enditem|p2b: Sneasler|Focus Sash\n|-damage|p2b: Sneasler|1/100\n|-damage|p1b: Ditto|68/100|[from] Recoil\n|\n|upkeep\n|turn|3\n|\n|t:|1776552663\n|move|p1a: Sneasler|Protect|p1a: Sneasler\n|-singleturn|p1a: Sneasler|Protect\n|move|p2b: Sneasler|Close Combat|p1b: Ditto\n|-damage|p1b: Ditto|17/100\n|-unboost|p2b: Sneasler|def|1\n|-unboost|p2b: Sneasler|spd|1\n|-ability|p1b: Ditto|Weak Armor|boost\n|-unboost|p1b: Ditto|def|1\n|-boost|p1b: Ditto|spe|2\n|move|p1b: Ditto|Rock Slide|p2a: Skarmory|[spread] p2a\n|-miss|p1b: Ditto|p2b: Sneasler\n|-damage|p2a: Skarmory|50/100\n|cant|p2a: Skarmory|flinch\n|\n|upkeep\n|turn|4\n|inactive|Millygan15 has 30 seconds left.\n|inactive|Millygan15 has 20 seconds left.\n|inactive|Kakabow has 30 seconds left.\n|inactive|Millygan15 has 15 seconds left.\n|inactive|Millygan15 has 10 seconds left.\n|\n|t:|1776552711\n|switch|p2b: Milotic|Milotic, L50, M|100/100\n|move|p1b: Ditto|Protect|p1b: Ditto\n|-singleturn|p1b: Ditto|Protect\n|move|p1a: Sneasler|Close Combat|p2a: Skarmory\n|-damage|p2a: Skarmory|0 fnt\n|-unboost|p1a: Sneasler|def|1\n|-unboost|p1a: Sneasler|spd|1\n|faint|p2a: Skarmory\n|\n|upkeep\n|\n|t:|1776552725\n|switch|p2a: Sneasler|Sneasler, L50, F|1/100\n|turn|5\n|\n|t:|1776552733\n|move|p1a: Sneasler|Protect|p1a: Sneasler\n|-singleturn|p1a: Sneasler|Protect\n|move|p2a: Sneasler|Fake Out|p1a: Sneasler\n|-activate|p1a: Sneasler|move: Protect\n|move|p1b: Ditto|Rock Slide|p2a: Sneasler|[spread] p2a,p2b\n|-resisted|p2a: Sneasler|1\n|-damage|p2a: Sneasler|0 fnt\n|-damage|p2b: Milotic|84/100\n|faint|p2a: Sneasler\n|cant|p2b: Milotic|flinch\n|\n|upkeep\n|\n|t:|1776552745\n|switch|p2a: Rotom|Rotom-Heat, L50|100/100\n|turn|6\n|\n|t:|1776552759\n|move|p1b: Ditto|Rock Slide|p2b: Milotic|[spread] p2b\n|-miss|p1b: Ditto|p2a: Rotom\n|-damage|p2b: Milotic|66/100\n|move|p1a: Sneasler|Close Combat|p2b: Milotic\n|-damage|p2b: Milotic|0 fnt\n|-unboost|p1a: Sneasler|def|1\n|-unboost|p1a: Sneasler|spd|1\n|faint|p2b: Milotic\n|move|p2a: Rotom|Thunderbolt|p1a: Sneasler\n|-damage|p1a: Sneasler|0 fnt\n|faint|p1a: Sneasler\n|\n|upkeep\n|\n|t:|1776552770\n|switch|p1a: Ninetales|Ninetales-Alola, L50, F|100/100\n|-weather|Snowscape|[from] ability: Snow Warning|[of] p1a: Ninetales\n|turn|7\n|\n|t:|1776552782\n|move|p1b: Ditto|Rock Slide|p2a: Rotom\n|-supereffective|p2a: Rotom|1\n|-damage|p2a: Rotom|56/100\n|move|p1a: Ninetales|Moonblast|p2a: Rotom\n|-resisted|p2a: Rotom|1\n|-damage|p2a: Rotom|33/100\n|cant|p2a: Rotom|flinch\n|\n|-weather|Snowscape|[upkeep]\n|upkeep\n|turn|8\n|c|\u2606Kakabow|Double flinch\n|c|\u2606Kakabow|Triple\n|c|\u2606Kakabow|How unlucky can i get XD\n|inactive|Kakabow has 30 seconds left.\n|c|\u2606Millygan15|no kings rock as well\n|\n|t:|1776552810\n|move|p1b: Ditto|Rock Slide|p2a: Rotom\n|-supereffective|p2a: Rotom|1\n|-damage|p2a: Rotom|0 fnt\n|faint|p2a: Rotom\n|\n|win|Millygan15\n|raw|Millygan15's rating: 1176 &rarr; <strong>1196</strong><br />(+20 for winning)\n|raw|Kakabow's rating: 1103 &rarr; <strong>1083</strong><br />(-20 for losing)\n|c|\u2606Millygan15|gg\n|c|\u2606Kakabow|Gg\n",
  "uploadtime": 1776552830,
  "views": 10,
  "formatid": "gen9championsvgc2026regma",
  "rating": 1083,
  "private": 0,
  "password": null
}