{
  "id": "gen9championsvgc2026regma-2585032982",
  "format": "[Gen 9 Champions] VGC 2026 Reg M-A",
  "players": [
    "Joano o Barato",
    "areestoo"
  ],
  "log": "|j|\u2606Joano o Barato\n|j|\u2606areestoo\n|t:|1776305164\n|gametype|doubles\n|player|p1|Joano o Barato|102|1130\n|player|p2|areestoo|101|1220\n|gen|9\n|tier|[Gen 9 Champions] VGC 2026 Reg M-A\n|rated|\n|rule|Species Clause: Limit one of each Pok\u00e9mon\n|rule|Item Clause: Limit 1 of each item\n|clearpoke\n|poke|p1|Charizard, L50, F|\n|poke|p1|Venusaur, L50, M|\n|poke|p1|Farigiraf, L50, M|\n|poke|p1|Scizor, L50, F|\n|poke|p1|Lycanroc-Dusk, L50, F|\n|poke|p1|Primarina, L50, F|\n|poke|p2|Blastoise, L50, M|\n|poke|p2|Pelipper, L50, F|\n|poke|p2|Floette-Eternal, L50, F|\n|poke|p2|Wyrdeer, L50, F|\n|poke|p2|Weavile, L50, M|\n|poke|p2|Rhyperior, L50, M|\n|teampreview|4\n|inactive|Battle timer is ON: inactive players will automatically lose when time's up. (requested by areestoo)\n|inactive|Joano o Barato also wants the timer to be on.\n|inactive|areestoo has 60 seconds left.\n|inactive|areestoo has 30 seconds left.\n|inactive|areestoo has 20 seconds left.\n|inactive|areestoo has 15 seconds left.\n|inactive|areestoo has 10 seconds left.\n|\n|t:|1776305249\n|teamsize|p1|4\n|teamsize|p2|4\n|start\n|switch|p1a: Farigiraf|Farigiraf, L50, M, shiny|100/100\n|switch|p1b: Venusaur|Venusaur, L50, M|100/100\n|switch|p2a: Wyrdeer|Wyrdeer, L50, F|100/100\n|switch|p2b: Weavile|Weavile, L50, M|100/100\n|-ability|p2b: Weavile|Pressure\n|-ability|p2a: Wyrdeer|Intimidate|boost\n|-unboost|p1a: Farigiraf|atk|1\n|-unboost|p1b: Venusaur|atk|1\n|turn|1\n|\n|t:|1776305273\n|detailschange|p1b: Venusaur|Venusaur-Mega, L50, M\n|-mega|p1b: Venusaur|Venusaur|Venusaurite\n|move|p1a: Farigiraf|Protect|p1a: Farigiraf\n|-singleturn|p1a: Farigiraf|Protect\n|move|p2a: Wyrdeer|Protect|p2a: Wyrdeer\n|-singleturn|p2a: Wyrdeer|Protect\n|move|p2b: Weavile|Triple Axel|p1b: Venusaur\n|-supereffective|p1b: Venusaur|1\n|-damage|p1b: Venusaur|91/100\n|-supereffective|p1b: Venusaur|1\n|-damage|p1b: Venusaur|75/100\n|-supereffective|p1b: Venusaur|1\n|-damage|p1b: Venusaur|44/100\n|-hitcount|p1b: Venusaur|3\n|move|p1b: Venusaur|Sludge Bomb|p2b: Weavile\n|-damage|p2b: Weavile|26/100\n|-status|p2b: Weavile|psn\n|\n|-damage|p2b: Weavile|14/100 psn|[from] psn\n|upkeep\n|turn|2\n|inactive|areestoo has 30 seconds left.\n|\n|t:|1776305306\n|move|p1b: Venusaur|Protect|p1b: Venusaur\n|-singleturn|p1b: Venusaur|Protect\n|move|p2b: Weavile|Triple Axel|p1b: Venusaur\n|-activate|p1b: Venusaur|move: Protect\n|move|p1a: Farigiraf|Trick Room|p1a: Farigiraf\n|-fieldstart|move: Trick Room|[of] p1a: Farigiraf\n|move|p2a: Wyrdeer|Trick Room|p2a: Wyrdeer\n|-fieldend|move: Trick Room\n|\n|-damage|p2b: Weavile|2/100 psn|[from] psn\n|upkeep\n|turn|3\n|\n|t:|1776305319\n|switch|p1b: Scizor|Scizor, L50, F|100/100\n|move|p1a: Farigiraf|Protect|p1a: Farigiraf\n|-singleturn|p1a: Farigiraf|Protect\n|move|p2b: Weavile|Triple Axel|p1b: Scizor\n|-resisted|p1b: Scizor|1\n|-damage|p1b: Scizor|95/100\n|-resisted|p1b: Scizor|1\n|-damage|p1b: Scizor|85/100\n|-resisted|p1b: Scizor|1\n|-damage|p1b: Scizor|72/100\n|-hitcount|p1b: Scizor|3\n|move|p2a: Wyrdeer|Trick Room|p2a: Wyrdeer\n|-fieldstart|move: Trick Room|[of] p2a: Wyrdeer\n|\n|-damage|p2b: Weavile|0 fnt|[from] psn\n|faint|p2b: Weavile\n|upkeep\n|\n|t:|1776305329\n|switch|p2b: Blastoise|Blastoise, L50, M|100/100\n|turn|4\n|\n|t:|1776305342\n|detailschange|p2b: Blastoise|Blastoise-Mega, L50, M\n|-mega|p2b: Blastoise|Blastoise|Blastoisinite\n|move|p2a: Wyrdeer|Double-Edge|p1a: Farigiraf\n|-damage|p1a: Farigiraf|47/100\n|-enditem|p1a: Farigiraf|Sitrus Berry|[eat]\n|-heal|p1a: Farigiraf|72/100|[from] item: Sitrus Berry\n|-damage|p2a: Wyrdeer|81/100|[from] Recoil\n|move|p1a: Farigiraf|Hyper Voice|p2b: Blastoise|[spread] p2a,p2b\n|-damage|p2a: Wyrdeer|51/100\n|-damage|p2b: Blastoise|76/100\n|move|p1b: Scizor|Swords Dance|p1b: Scizor\n|-boost|p1b: Scizor|atk|2\n|move|p2b: Blastoise|Water Spout|p1b: Scizor|[spread] p1a,p1b\n|-damage|p1a: Farigiraf|24/100\n|-damage|p1b: Scizor|7/100\n|\n|upkeep\n|turn|5\n|\n|t:|1776305363\n|move|p1b: Scizor|Bullet Punch|p2b: Blastoise\n|-resisted|p2b: Blastoise|1\n|-damage|p2b: Blastoise|43/100\n|move|p2a: Wyrdeer|Psyshield Bash|p1b: Scizor\n|-resisted|p1b: Scizor|1\n|-damage|p1b: Scizor|0 fnt\n|-boost|p2a: Wyrdeer|def|1\n|faint|p1b: Scizor\n|move|p1a: Farigiraf|Hyper Voice|p2b: Blastoise|[spread] p2a,p2b\n|-damage|p2a: Wyrdeer|21/100\n|-damage|p2b: Blastoise|18/100\n|-enditem|p2a: Wyrdeer|Sitrus Berry|[eat]\n|-heal|p2a: Wyrdeer|46/100|[from] item: Sitrus Berry\n|move|p2b: Blastoise|Water Pulse|p1a: Farigiraf\n|-damage|p1a: Farigiraf|0 fnt\n|faint|p1a: Farigiraf\n|\n|upkeep\n|\n|t:|1776305373\n|switch|p1a: Lycanroc|Lycanroc-Dusk, L50, F|100/100\n|switch|p1b: Venusaur|Venusaur-Mega, L50, M|44/100\n|turn|6\n|\n|t:|1776305394\n|move|p1a: Lycanroc|Accelerock|p2b: Blastoise\n|-damage|p2b: Blastoise|0 fnt\n|faint|p2b: Blastoise\n|move|p2a: Wyrdeer|Psyshield Bash|p1b: Venusaur\n|-supereffective|p1b: Venusaur|1\n|-crit|p1b: Venusaur\n|-damage|p1b: Venusaur|0 fnt\n|-boost|p2a: Wyrdeer|def|1\n|faint|p1b: Venusaur\n|\n|upkeep\n|\n|t:|1776305399\n|switch|p2b: Rhyperior|Rhyperior, L50, M|100/100\n|turn|7\n|\n|t:|1776305405\n|move|p1a: Lycanroc|Protect|p1a: Lycanroc\n|-singleturn|p1a: Lycanroc|Protect\n|move|p2b: Rhyperior|Stomping Tantrum|p1a: Lycanroc\n|-activate|p1a: Lycanroc|move: Protect\n|move|p2a: Wyrdeer|Psyshield Bash|p1a: Lycanroc\n|-activate|p1a: Lycanroc|move: Protect\n|\n|-fieldend|move: Trick Room\n|upkeep\n|turn|8\n|\n|t:|1776305413\n|move|p1a: Lycanroc|Close Combat|p2b: Rhyperior\n|-supereffective|p2b: Rhyperior|1\n|-damage|p2b: Rhyperior|33/100\n|-unboost|p1a: Lycanroc|def|1\n|-unboost|p1a: Lycanroc|spd|1\n|move|p2b: Rhyperior|Stomping Tantrum|p1a: Lycanroc\n|-supereffective|p1a: Lycanroc|1\n|-enditem|p1a: Lycanroc|Focus Sash\n|-damage|p1a: Lycanroc|1/100\n|move|p2a: Wyrdeer|Trick Room|p2a: Wyrdeer\n|-fieldstart|move: Trick Room|[of] p2a: Wyrdeer\n|\n|upkeep\n|turn|9\n|\n|t:|1776305423\n|move|p1a: Lycanroc|Accelerock|p2a: Wyrdeer\n|-damage|p2a: Wyrdeer|29/100\n|move|p2b: Rhyperior|Stomping Tantrum|p1a: Lycanroc\n|-supereffective|p1a: Lycanroc|1\n|-damage|p1a: Lycanroc|0 fnt\n|faint|p1a: Lycanroc\n|\n|win|areestoo\n|raw|Joano o Barato's rating: 1130 &rarr; <strong>1111</strong><br />(-19 for losing)\n|raw|areestoo's rating: 1220 &rarr; <strong>1239</strong><br />(+19 for winning)\n",
  "uploadtime": 1776305423,
  "views": 25,
  "formatid": "gen9championsvgc2026regma",
  "rating": 1111,
  "private": 0,
  "password": null
}