{
  "id": "gen9championsvgc2026regma-2581202624",
  "format": "[Gen 9 Champions] VGC 2026 Reg M-A",
  "players": [
    "xRAIOOx",
    "catcathead25b"
  ],
  "log": "|j|\u2606xRAIOOx\n|j|\u2606catcathead25b\n|t:|1775970278\n|gametype|doubles\n|player|p1|xRAIOOx|hiker-gen4|1031\n|player|p2|catcathead25b|swimmerf|1110\n|gen|9\n|tier|[Gen 9 Champions] VGC 2026 Reg M-A\n|rated|\n|rule|Species Clause: Limit one of each Pok\u00e9mon\n|rule|Item Clause: Limit 1 of each item\n|clearpoke\n|poke|p1|Stunfisk-Galar, L50, M|\n|poke|p1|Whimsicott, L50, M|\n|poke|p1|Meganium, L50, F|\n|poke|p1|Pelipper, L50, M|\n|poke|p1|Tinkaton, L50, F|\n|poke|p1|Basculegion, L50, M|\n|poke|p2|Floette-Eternal, L50, F|\n|poke|p2|Whimsicott, L50, F|\n|poke|p2|Delphox, L50, F|\n|poke|p2|Sneasler, L50, F|\n|poke|p2|Garchomp, L50, F|\n|poke|p2|Kingambit, L50, M|\n|teampreview|4\n|inactive|Battle timer is ON: inactive players will automatically lose when time's up. (requested by xRAIOOx)\n|inactive|catcathead25b has 60 seconds left.\n|\n|t:|1775970316\n|teamsize|p1|4\n|teamsize|p2|4\n|start\n|switch|p1a: Stunfisk|Stunfisk-Galar, L50, M|100/100\n|switch|p1b: Whimsicott|Whimsicott, L50, M|100/100\n|switch|p2a: Floette|Floette-Eternal, L50, F|100/100\n|switch|p2b: Sneasler|Sneasler, L50, F|100/100\n|turn|1\n|\n|t:|1775970335\n|detailschange|p2a: Floette|Floette-Mega, L50, F\n|-mega|p2a: Floette|Floette|Floettite\n|-ability|p2a: Floette|Fairy Aura\n|move|p2b: Sneasler|Fake Out|p1b: Whimsicott\n|-damage|p1b: Whimsicott|88/100\n|cant|p1b: Whimsicott|flinch\n|move|p2a: Floette|Moonblast|p1b: Whimsicott\n|-damage|p1b: Whimsicott|0 fnt\n|faint|p1b: Whimsicott\n|move|p1a: Stunfisk|Counter||[still]\n|-fail|p1a: Stunfisk\n|\n|upkeep\n|\n|t:|1775970346\n|switch|p1b: Pelipper|Pelipper, L50, M|100/100\n|-weather|RainDance|[from] ability: Drizzle|[of] p1b: Pelipper\n|turn|2\n|\n|t:|1775970355\n|move|p2b: Sneasler|Close Combat|p1a: Stunfisk\n|-supereffective|p1a: Stunfisk|1\n|-crit|p1a: Stunfisk\n|-damage|p1a: Stunfisk|0 fnt\n|-unboost|p2b: Sneasler|def|1\n|-unboost|p2b: Sneasler|spd|1\n|faint|p1a: Stunfisk\n|-enditem|p2b: Sneasler|White Herb\n|-clearnegativeboost|p2b: Sneasler|[silent]\n|move|p2a: Floette|Light of Ruin|p1b: Pelipper|[miss]\n|-miss|p2a: Floette|p1b: Pelipper\n|move|p1b: Pelipper|Hurricane|p2b: Sneasler\n|-supereffective|p2b: Sneasler|1\n|-damage|p2b: Sneasler|0 fnt\n|faint|p2b: Sneasler\n|\n|-weather|RainDance|[upkeep]\n|upkeep\n|\n|t:|1775970370\n|switch|p2b: Whimsicott|Whimsicott, L50, F|100/100\n|switch|p1a: Meganium|Meganium, L50, F|100/100\n|turn|3\n|\n|t:|1775970382\n|detailschange|p1a: Meganium|Meganium-Mega, L50, F\n|-mega|p1a: Meganium|Meganium|Meganiumite\n|move|p2b: Whimsicott|Tailwind|p2b: Whimsicott\n|-sidestart|p2: catcathead25b|move: Tailwind\n|move|p2a: Floette|Light of Ruin|p1a: Meganium|[miss]\n|-miss|p2a: Floette|p1a: Meganium\n|move|p1a: Meganium|Weather Ball|p2b: Whimsicott\n|-supereffective|p2b: Whimsicott|1\n|-crit|p2b: Whimsicott\n|-enditem|p2b: Whimsicott|Focus Sash\n|-damage|p2b: Whimsicott|1/100\n|move|p1b: Pelipper|Hurricane|p2b: Whimsicott\n|-supereffective|p2b: Whimsicott|1\n|-damage|p2b: Whimsicott|0 fnt\n|faint|p2b: Whimsicott\n|\n|-weather|RainDance|[upkeep]\n|upkeep\n|\n|t:|1775970396\n|switch|p2b: Garchomp|Garchomp, L50, F|100/100\n|turn|4\n|\n|t:|1775970409\n|move|p2b: Garchomp|Iron Head|p1a: Meganium\n|-supereffective|p1a: Meganium|1\n|-damage|p1a: Meganium|43/100\n|move|p2a: Floette|Light of Ruin|p1b: Pelipper\n|-damage|p1b: Pelipper|0 fnt\n|faint|p1b: Pelipper\n|-damage|p2a: Floette|59/100|[from] Recoil\n|move|p1a: Meganium|Dazzling Gleam|p2b: Garchomp|[spread] p2a,p2b\n|-supereffective|p2b: Garchomp|1\n|-damage|p2a: Floette|28/100\n|-damage|p2b: Garchomp|10/100\n|\n|-weather|RainDance|[upkeep]\n|upkeep\n|turn|5\n|\n|t:|1775970423\n|move|p2b: Garchomp|Iron Head|p1a: Meganium\n|-supereffective|p1a: Meganium|1\n|-damage|p1a: Meganium|0 fnt\n|faint|p1a: Meganium\n|\n|win|catcathead25b\n|raw|xRAIOOx's rating: 1031 &rarr; <strong>1020</strong><br />(-11 for losing)\n|raw|catcathead25b's rating: 1110 &rarr; <strong>1129</strong><br />(+19 for winning)\n",
  "uploadtime": 1775970428,
  "views": 14,
  "formatid": "gen9championsvgc2026regma",
  "rating": 1020,
  "private": 0,
  "password": null
}