{
  "id": "gen9championsvgc2026regma-2580974215",
  "format": "[Gen 9 Champions] VGC 2026 Reg M-A",
  "players": [
    "the xpurt",
    "SaintV10"
  ],
  "log": "|j|\u2606the xpurt\n|j|\u2606SaintV10\n|t:|1775948106\n|gametype|doubles\n|player|p1|the xpurt|harlequin|1136\n|player|p2|SaintV10|lance|1199\n|gen|9\n|tier|[Gen 9 Champions] VGC 2026 Reg M-A\n|rated|\n|rule|Species Clause: Limit one of each Pok\u00e9mon\n|rule|Item Clause: Limit 1 of each item\n|clearpoke\n|poke|p1|Crabominable, L50, M|\n|poke|p1|Sinistcha, L50|\n|poke|p1|Ninetales-Alola, L50, F|\n|poke|p1|Hydrapple, L50, M|\n|poke|p1|Kingambit, L50, M|\n|poke|p1|Slowking, L50, F|\n|poke|p2|Froslass, L50, F|\n|poke|p2|Sneasler, L50, F|\n|poke|p2|Rotom-Wash, L50|\n|poke|p2|Kingambit, L50, M|\n|poke|p2|Garganacl, L50, F|\n|poke|p2|Garchomp, L50, M|\n|teampreview|4\n|\n|t:|1775948125\n|teamsize|p1|4\n|teamsize|p2|4\n|start\n|switch|p1a: Sinistcha|Sinistcha, L50, shiny|100/100\n|switch|p1b: Slowking|Slowking, L50, F, shiny|100/100\n|switch|p2a: Rotom|Rotom-Wash, L50|100/100\n|switch|p2b: Sneasler|Sneasler, L50, F|100/100\n|turn|1\n|\n|t:|1775948142\n|move|p2b: Sneasler|Dire Claw|p1a: Sinistcha\n|-damage|p1a: Sinistcha|60/100\n|move|p2a: Rotom|Thunderbolt|p1b: Slowking\n|-supereffective|p1b: Slowking|1\n|-damage|p1b: Slowking|52/100\n|-prepare|p1b: Slowking|Chilly Reception|[premajor]\n|move|p1b: Slowking|Chilly Reception|p1b: Slowking\n|-weather|Snowscape\n|\n|t:|1775948151\n|switch|p1b: Crabominable|Crabominable, L50, M|100/100|[from] Chilly Reception\n|move|p1a: Sinistcha|Trick Room|p1a: Sinistcha\n|-fieldstart|move: Trick Room|[of] p1a: Sinistcha\n|\n|-weather|Snowscape|[upkeep]\n|upkeep\n|turn|2\n|\n|t:|1775948173\n|detailschange|p1b: Crabominable|Crabominable-Mega, L50, M\n|-mega|p1b: Crabominable|Crabominable|Crabominite\n|move|p1b: Crabominable|Ice Hammer|p2b: Sneasler\n|-enditem|p2b: Sneasler|Focus Sash\n|-damage|p2b: Sneasler|1/100\n|-unboost|p1b: Crabominable|spe|1\n|move|p1a: Sinistcha|Matcha Gotcha|p2a: Rotom|[spread] p2a,p2b\n|-supereffective|p2a: Rotom|1\n|-resisted|p2b: Sneasler|1\n|-damage|p2a: Rotom|43/100\n|-heal|p1a: Sinistcha|85/100|[from] drain|[of] p2a: Rotom\n|-damage|p2b: Sneasler|0 fnt\n|-heal|p1a: Sinistcha|86/100|[from] drain|[of] p2b: Sneasler\n|-enditem|p2a: Rotom|Sitrus Berry|[eat]\n|-heal|p2a: Rotom|68/100|[from] item: Sitrus Berry\n|faint|p2b: Sneasler\n|move|p2a: Rotom|Will-O-Wisp|p1b: Crabominable\n|-status|p1b: Crabominable|brn\n|\n|-weather|Snowscape|[upkeep]\n|-damage|p1b: Crabominable|95/100 brn|[from] brn\n|upkeep\n|\n|t:|1775948199\n|switch|p2b: Kingambit|Kingambit, L50, M|100/100\n|turn|3\n|\n|t:|1775948220\n|move|p2a: Rotom|Protect|p2a: Rotom\n|-singleturn|p2a: Rotom|Protect\n|move|p1a: Sinistcha|Rage Powder|p1a: Sinistcha\n|-singleturn|p1a: Sinistcha|move: Rage Powder\n|move|p2b: Kingambit|Sucker Punch||[still]\n|-fail|p2b: Kingambit\n|move|p1b: Crabominable|Drain Punch|p2b: Kingambit\n|-supereffective|p2b: Kingambit|2\n|-enditem|p2b: Kingambit|Chople Berry|[eat]\n|-enditem|p2b: Kingambit|Chople Berry|[weaken]\n|-damage|p2b: Kingambit|58/100\n|-heal|p1b: Crabominable|100/100 brn|[from] drain|[of] p2b: Kingambit\n|\n|-weather|Snowscape|[upkeep]\n|-damage|p1b: Crabominable|95/100 brn|[from] brn\n|upkeep\n|turn|4\n|\n|t:|1775948253\n|switch|p2a: Garganacl|Garganacl, L50, F|100/100\n|move|p1b: Crabominable|Drain Punch|p2b: Kingambit\n|-supereffective|p2b: Kingambit|2\n|-damage|p2b: Kingambit|0 fnt\n|-heal|p1b: Crabominable|100/100 brn|[from] drain|[of] p2b: Kingambit\n|faint|p2b: Kingambit\n|move|p1a: Sinistcha|Matcha Gotcha|p2a: Garganacl\n|-supereffective|p2a: Garganacl|1\n|-damage|p2a: Garganacl|48/100\n|-heal|p1a: Sinistcha|100/100|[from] drain|[of] p2a: Garganacl\n|\n|-weather|Snowscape|[upkeep]\n|-heal|p2a: Garganacl|54/100|[from] item: Leftovers\n|-damage|p1b: Crabominable|95/100 brn|[from] brn\n|upkeep\n|\n|t:|1775948268\n|switch|p2b: Rotom|Rotom-Wash, L50|68/100\n|turn|5\n|\n|t:|1775948277\n|move|p1b: Crabominable|Drain Punch|p2a: Garganacl\n|-supereffective|p2a: Garganacl|1\n|-damage|p2a: Garganacl|17/100\n|-heal|p1b: Crabominable|100/100 brn|[from] drain|[of] p2a: Garganacl\n|move|p2a: Garganacl|Salt Cure|p1a: Sinistcha\n|-damage|p1a: Sinistcha|86/100\n|-start|p1a: Sinistcha|Salt Cure\n|move|p1a: Sinistcha|Matcha Gotcha|p2a: Garganacl|[spread] \n|-miss|p1a: Sinistcha|p2a: Garganacl\n|-miss|p1a: Sinistcha|p2b: Rotom\n|move|p2b: Rotom|Will-O-Wisp|p1a: Sinistcha\n|-status|p1a: Sinistcha|brn\n|\n|-weather|none\n|-heal|p2a: Garganacl|23/100|[from] item: Leftovers\n|-damage|p1b: Crabominable|95/100 brn|[from] brn\n|-damage|p1a: Sinistcha|80/100 brn|[from] brn\n|-damage|p1a: Sinistcha|74/100 brn|[from] Salt Cure\n|-fieldend|move: Trick Room\n|upkeep\n|turn|6\n|\n|t:|1775948310\n|switch|p1b: Slowking|Slowking, L50, F, shiny|52/100\n|move|p2b: Rotom|Protect|p2b: Rotom\n|-singleturn|p2b: Rotom|Protect\n|move|p2a: Garganacl|Recover|p2a: Garganacl\n|-heal|p2a: Garganacl|73/100\n|move|p1a: Sinistcha|Trick Room|p1a: Sinistcha\n|-fieldstart|move: Trick Room|[of] p1a: Sinistcha\n|\n|-heal|p1b: Slowking|58/100|[from] item: Leftovers\n|-heal|p2a: Garganacl|79/100|[from] item: Leftovers\n|-damage|p1a: Sinistcha|68/100 brn|[from] brn\n|-damage|p1a: Sinistcha|62/100 brn|[from] Salt Cure\n|upkeep\n|turn|7\n|\n|t:|1775948334\n|move|p1b: Slowking|Psychic|p2b: Rotom\n|-damage|p2b: Rotom|37/100\n|move|p2a: Garganacl|Salt Cure|p1b: Slowking\n|-damage|p1b: Slowking|45/100\n|-start|p1b: Slowking|Salt Cure\n|move|p1a: Sinistcha|Matcha Gotcha|p2a: Garganacl|[spread] p2a,p2b\n|-supereffective|p2a: Garganacl|1\n|-supereffective|p2b: Rotom|1\n|-damage|p2a: Garganacl|42/100\n|-heal|p1a: Sinistcha|84/100 brn|[from] drain|[of] p2a: Garganacl\n|-damage|p2b: Rotom|0 fnt\n|-heal|p1a: Sinistcha|99/100 brn|[from] drain|[of] p2b: Rotom\n|faint|p2b: Rotom\n|\n|-heal|p1b: Slowking|50/100|[from] item: Leftovers\n|-heal|p2a: Garganacl|47/100|[from] item: Leftovers\n|-damage|p1a: Sinistcha|94/100 brn|[from] brn\n|-damage|p1b: Slowking|38/100|[from] Salt Cure\n|-damage|p1a: Sinistcha|88/100 brn|[from] Salt Cure\n|upkeep\n|turn|8\n|\n|t:|1775948360\n|move|p1a: Sinistcha|Rage Powder|p1a: Sinistcha\n|-singleturn|p1a: Sinistcha|move: Rage Powder\n|-prepare|p1b: Slowking|Chilly Reception|[premajor]\n|move|p1b: Slowking|Chilly Reception|p1b: Slowking\n|-weather|Snowscape\n|\n|t:|1775948364\n|switch|p1b: Crabominable|Crabominable-Mega, L50, M|95/100 brn|[from] Chilly Reception\n|move|p2a: Garganacl|Recover|p2a: Garganacl\n|-heal|p2a: Garganacl|98/100\n|\n|-weather|Snowscape|[upkeep]\n|-heal|p2a: Garganacl|100/100|[from] item: Leftovers\n|-damage|p1b: Crabominable|89/100 brn|[from] brn\n|-damage|p1a: Sinistcha|81/100 brn|[from] brn\n|-damage|p1a: Sinistcha|75/100 brn|[from] Salt Cure\n|upkeep\n|turn|9\n|\n|t:|1775948378\n|move|p1b: Crabominable|Ice Hammer|p2a: Garganacl\n|-damage|p2a: Garganacl|74/100\n|-unboost|p1b: Crabominable|spe|1\n|move|p2a: Garganacl|Salt Cure|p1b: Crabominable\n|-damage|p1b: Crabominable|81/100 brn\n|-start|p1b: Crabominable|Salt Cure\n|move|p1a: Sinistcha|Matcha Gotcha|p2a: Garganacl\n|-supereffective|p2a: Garganacl|1\n|-damage|p2a: Garganacl|22/100\n|-heal|p1a: Sinistcha|100/100 brn|[from] drain|[of] p2a: Garganacl\n|\n|-weather|Snowscape|[upkeep]\n|-heal|p2a: Garganacl|28/100|[from] item: Leftovers\n|-damage|p1b: Crabominable|75/100 brn|[from] brn\n|-damage|p1a: Sinistcha|94/100 brn|[from] brn\n|-damage|p1b: Crabominable|69/100 brn|[from] Salt Cure\n|-damage|p1a: Sinistcha|88/100 brn|[from] Salt Cure\n|upkeep\n|turn|10\n|\n|t:|1775948397\n|move|p1b: Crabominable|Drain Punch|p2a: Garganacl\n|-supereffective|p2a: Garganacl|1\n|-damage|p2a: Garganacl|0 fnt\n|-heal|p1b: Crabominable|84/100 brn|[from] drain|[of] p2a: Garganacl\n|faint|p2a: Garganacl\n|\n|win|the xpurt\n|raw|the xpurt's rating: 1136 &rarr; <strong>1165</strong><br />(+29 for winning)\n|raw|SaintV10's rating: 1199 &rarr; <strong>1170</strong><br />(-29 for losing)\n|l|\u2606SaintV10\n|player|p2|\n|c|\u2606the xpurt|gg\n",
  "uploadtime": 1775948405,
  "views": 35,
  "formatid": "gen9championsvgc2026regma",
  "rating": 1165,
  "private": 0,
  "password": null
}