{
  "id": "gen9championsvgc2026regma-2589437474",
  "format": "[Gen 9 Champions] VGC 2026 Reg M-A",
  "players": [
    "power404",
    "SDLT LucaIaria63"
  ],
  "log": "|raw|<div class=\"broadcast-blue\"><strong>This battle is required to be public due to a player having a name starting with 'sdlt'.</div>\n|j|\u2606power404\n|j|\u2606SDLT LucaIaria63\n|t:|1776722899\n|gametype|doubles\n|player|p1|power404|pryce|1169\n|player|p2|SDLT LucaIaria63|colress|1173\n|gen|9\n|tier|[Gen 9 Champions] VGC 2026 Reg M-A\n|rated|\n|rule|Species Clause: Limit one of each Pok\u00e9mon\n|rule|Item Clause: Limit 1 of each item\n|clearpoke\n|poke|p1|Feraligatr, L50, F, shiny|\n|poke|p1|Sinistcha-Masterpiece, L50|\n|poke|p1|Kingambit, L50, F, shiny|\n|poke|p1|Aerodactyl, L50, M, shiny|\n|poke|p1|Delphox, L50, F|\n|poke|p1|Garchomp, L50, M|\n|poke|p2|Gardevoir, L50, M|\n|poke|p2|Sinistcha, L50|\n|poke|p2|Politoed, L50, M|\n|poke|p2|Noivern, L50, M|\n|poke|p2|Garchomp, L50, F|\n|poke|p2|Rotom-Wash, L50|\n|teampreview|4\n|inactive|Battle timer is ON: inactive players will automatically lose when time's up. (requested by power404)\n|\n|t:|1776722928\n|teamsize|p1|4\n|teamsize|p2|4\n|start\n|switch|p1a: Aerodactyl|Aerodactyl, L50, M, shiny|100/100\n|switch|p1b: Delphox|Delphox, L50, F|100/100\n|switch|p2a: Garchomp|Garchomp, L50, F|100/100\n|switch|p2b: Rotom|Rotom-Wash, L50|100/100\n|-ability|p1a: Aerodactyl|Unnerve\n|turn|1\n|\n|t:|1776722943\n|detailschange|p1b: Delphox|Delphox-Mega, L50, F\n|-mega|p1b: Delphox|Delphox|Delphoxite\n|move|p1b: Delphox|Protect|p1b: Delphox\n|-singleturn|p1b: Delphox|Protect\n|move|p1a: Aerodactyl|Tailwind|p1a: Aerodactyl\n|-sidestart|p1: power404|move: Tailwind\n|move|p2a: Garchomp|Rock Slide|p1b: Delphox|[spread] p1a\n|-activate|p1b: Delphox|move: Protect\n|-supereffective|p1a: Aerodactyl|1\n|-damage|p1a: Aerodactyl|33/100\n|move|p2b: Rotom|Thunderbolt|p1a: Aerodactyl\n|-supereffective|p1a: Aerodactyl|1\n|-damage|p1a: Aerodactyl|0 fnt\n|faint|p1a: Aerodactyl\n|\n|upkeep\n|j| badalakazam\n|inactive|power404 has 30 seconds left.\n|\n|t:|1776722970\n|switch|p1a: Sinistcha|Sinistcha-Masterpiece, L50|100/100\n|turn|2\n|\n|t:|1776722987\n|switch|p1b: Kingambit|Kingambit, L50, F, shiny|100/100\n|move|p2a: Garchomp|Protect|p2a: Garchomp\n|-singleturn|p2a: Garchomp|Protect\n|move|p2b: Rotom|Protect|p2b: Rotom\n|-singleturn|p2b: Rotom|Protect\n|move|p1a: Sinistcha|Matcha Gotcha|p2b: Rotom|[spread] \n|-activate|p2a: Garchomp|move: Protect\n|-activate|p2b: Rotom|move: Protect\n|\n|upkeep\n|turn|3\n|\n|t:|1776723001\n|move|p1b: Kingambit|Protect|p1b: Kingambit\n|-singleturn|p1b: Kingambit|Protect\n|move|p1a: Sinistcha|Matcha Gotcha|p2a: Garchomp|[spread] p2a,p2b\n|-supereffective|p2b: Rotom|1\n|-damage|p2a: Garchomp|74/100\n|-damage|p2b: Rotom|47/100\n|move|p2a: Garchomp|Earthquake|p1a: Sinistcha|[spread] p1a\n|-activate|p1b: Kingambit|move: Protect\n|-immune|p2b: Rotom|[from] ability: Levitate\n|-resisted|p1a: Sinistcha|1\n|-damage|p1a: Sinistcha|82/100\n|move|p2b: Rotom|Will-O-Wisp|p1b: Kingambit\n|-activate|p1b: Kingambit|move: Protect\n|\n|-heal|p2b: Rotom|53/100|[from] item: Leftovers\n|upkeep\n|turn|4\n|inactive|power404 has 30 seconds left.\n|\n|t:|1776723031\n|switch|p1b: Delphox|Delphox-Mega, L50, F|100/100\n|move|p2b: Rotom|Protect|p2b: Rotom\n|-singleturn|p2b: Rotom|Protect\n|move|p1a: Sinistcha|Matcha Gotcha|p2b: Rotom|[spread] p2a\n|-activate|p2b: Rotom|move: Protect\n|-damage|p2a: Garchomp|49/100\n|-heal|p1a: Sinistcha|97/100|[from] drain|[of] p2a: Garchomp\n|-status|p2a: Garchomp|brn\n|-enditem|p2a: Garchomp|Sitrus Berry|[eat]\n|-heal|p2a: Garchomp|74/100 brn|[from] item: Sitrus Berry\n|move|p2a: Garchomp|Earthquake|p1a: Sinistcha|[spread] p1a\n|-activate|p2b: Rotom|move: Protect\n|-immune|p1b: Delphox|[from] ability: Levitate\n|-resisted|p1a: Sinistcha|1\n|-damage|p1a: Sinistcha|89/100\n|\n|-heal|p2b: Rotom|58/100|[from] item: Leftovers\n|-damage|p2a: Garchomp|67/100 brn|[from] brn\n|-sideend|p1: power404|move: Tailwind\n|upkeep\n|turn|5\n|\n|t:|1776723050\n|switch|p2b: Sinistcha|Sinistcha, L50|100/100\n|-heal|p2a: Garchomp|92/100 brn|[from] ability: Hospitality|[of] p2b: Sinistcha\n|move|p1b: Delphox|Protect|p1b: Delphox\n|-singleturn|p1b: Delphox|Protect\n|move|p2a: Garchomp|Rock Slide|p1a: Sinistcha|[spread] p1a\n|-activate|p1b: Delphox|move: Protect\n|-damage|p1a: Sinistcha|80/100\n|move|p1a: Sinistcha|Matcha Gotcha|p2b: Sinistcha|[spread] p2a,p2b\n|-resisted|p2b: Sinistcha|1\n|-damage|p2a: Garchomp|64/100 brn\n|-heal|p1a: Sinistcha|97/100|[from] drain|[of] p2a: Garchomp\n|-damage|p2b: Sinistcha|84/100\n|-heal|p1a: Sinistcha|100/100|[from] drain|[of] p2b: Sinistcha\n|\n|-damage|p2a: Garchomp|58/100 brn|[from] brn\n|upkeep\n|turn|6\n|inactive|power404 has 30 seconds left.\n|inactive|power404 has 20 seconds left.\n|inactive|power404 has 15 seconds left.\n|\n|t:|1776723093\n|move|p1b: Delphox|Heat Wave|p2b: Sinistcha|[spread] p2b\n|-miss|p1b: Delphox|p2a: Garchomp\n|-supereffective|p2b: Sinistcha|1\n|-damage|p2b: Sinistcha|0 fnt\n|faint|p2b: Sinistcha\n|move|p2a: Garchomp|Rock Slide|p1a: Sinistcha|[spread] p1a,p1b\n|-supereffective|p1b: Delphox|1\n|-damage|p1a: Sinistcha|93/100\n|-damage|p1b: Delphox|66/100\n|cant|p1a: Sinistcha|flinch\n|\n|-damage|p2a: Garchomp|52/100 brn|[from] brn\n|upkeep\n|\n|t:|1776723096\n|switch|p2b: Gardevoir|Gardevoir, L50, M|100/100\n|-ability|p2b: Gardevoir|Levitate|Trace|[from] ability: Trace|[of] p1b: Delphox\n|turn|7\n|inactive|power404 has 30 seconds left.\n|\n|t:|1776723125\n|detailschange|p2b: Gardevoir|Gardevoir-Mega, L50, M\n|-mega|p2b: Gardevoir|Gardevoir|Gardevoirite\n|move|p1b: Delphox|Protect|p1b: Delphox\n|-singleturn|p1b: Delphox|Protect\n|move|p2a: Garchomp|Rock Slide|p1b: Delphox|[spread] p1a\n|-activate|p1b: Delphox|move: Protect\n|-damage|p1a: Sinistcha|85/100\n|move|p2b: Gardevoir|Calm Mind|p2b: Gardevoir\n|-boost|p2b: Gardevoir|spa|1\n|-boost|p2b: Gardevoir|spd|1\n|cant|p1a: Sinistcha|flinch\n|\n|-damage|p2a: Garchomp|46/100 brn|[from] brn\n|upkeep\n|turn|8\n|\n|t:|1776723148\n|move|p1b: Delphox|Encore|p2b: Gardevoir\n|-start|p2b: Gardevoir|Encore\n|move|p2a: Garchomp|Rock Slide|p1b: Delphox|[spread] p1a\n|-miss|p2a: Garchomp|p1b: Delphox\n|-damage|p1a: Sinistcha|77/100\n|move|p2b: Gardevoir|Calm Mind|p2b: Gardevoir\n|-boost|p2b: Gardevoir|spa|1\n|-boost|p2b: Gardevoir|spd|1\n|move|p1a: Sinistcha|Matcha Gotcha|p2a: Garchomp|[spread] p2b\n|-miss|p1a: Sinistcha|p2a: Garchomp\n|-damage|p2b: Gardevoir|89/100\n|-heal|p1a: Sinistcha|82/100|[from] drain|[of] p2b: Gardevoir\n|\n|-damage|p2a: Garchomp|40/100 brn|[from] brn\n|upkeep\n|turn|9\n|inactive|power404 has 30 seconds left.\n|\n|t:|1776723175\n|move|p1b: Delphox|Psyshock|p2b: Gardevoir\n|-resisted|p2b: Gardevoir|1\n|-damage|p2b: Gardevoir|52/100\n|move|p2a: Garchomp|Rock Slide|p1a: Sinistcha|[spread] p1a,p1b\n|-supereffective|p1b: Delphox|1\n|-damage|p1a: Sinistcha|73/100\n|-damage|p1b: Delphox|37/100\n|move|p2b: Gardevoir|Calm Mind|p2b: Gardevoir\n|-boost|p2b: Gardevoir|spa|1\n|-boost|p2b: Gardevoir|spd|1\n|cant|p1a: Sinistcha|flinch\n|\n|-damage|p2a: Garchomp|34/100 brn|[from] brn\n|upkeep\n|turn|10\n|\n|t:|1776723194\n|move|p1b: Delphox|Encore||[still]\n|-fail|p1b: Delphox\n|move|p2a: Garchomp|Rock Slide|p1b: Delphox|[spread] p1a,p1b\n|-supereffective|p1b: Delphox|1\n|-damage|p1a: Sinistcha|64/100\n|-damage|p1b: Delphox|4/100\n|move|p2b: Gardevoir|Calm Mind|p2b: Gardevoir\n|-boost|p2b: Gardevoir|spa|1\n|-boost|p2b: Gardevoir|spd|1\n|move|p1a: Sinistcha|Matcha Gotcha|p2a: Garchomp|[spread] p2a,p2b\n|-damage|p2a: Garchomp|9/100 brn\n|-heal|p1a: Sinistcha|79/100|[from] drain|[of] p2a: Garchomp\n|-damage|p2b: Gardevoir|45/100\n|-heal|p1a: Sinistcha|82/100|[from] drain|[of] p2b: Gardevoir\n|-status|p2b: Gardevoir|brn\n|\n|-damage|p2a: Garchomp|3/100 brn|[from] brn\n|-damage|p2b: Gardevoir|39/100 brn|[from] brn\n|-end|p2b: Gardevoir|Encore\n|upkeep\n|turn|11\n|inactive|power404 has 30 seconds left.\n|inactive|power404 has 20 seconds left.\n|\n|t:|1776723229\n|move|p1b: Delphox|Psyshock|p2b: Gardevoir\n|-resisted|p2b: Gardevoir|1\n|-damage|p2b: Gardevoir|1/100 brn\n|move|p2a: Garchomp|Rock Slide|p1a: Sinistcha|[spread] p1a,p1b\n|-supereffective|p1b: Delphox|1\n|-damage|p1a: Sinistcha|74/100\n|-damage|p1b: Delphox|0 fnt\n|faint|p1b: Delphox\n|move|p2b: Gardevoir|Hyper Voice|p1a: Sinistcha\n|-damage|p1a: Sinistcha|0 fnt\n|faint|p1a: Sinistcha\n|\n|-damage|p2a: Garchomp|0 fnt|[from] brn\n|faint|p2a: Garchomp\n|-damage|p2b: Gardevoir|0 fnt|[from] brn\n|faint|p2b: Gardevoir\n|upkeep\n|\n|t:|1776723241\n|switch|p2b: Rotom|Rotom-Wash, L50|58/100\n|switch|p1a: Kingambit|Kingambit, L50, F, shiny|100/100\n|turn|12\n|\n|t:|1776723246\n|move|p2b: Rotom|Will-O-Wisp|p1a: Kingambit\n|-status|p1a: Kingambit|brn\n|move|p1a: Kingambit|Kowtow Cleave|p2b: Rotom\n|-damage|p2b: Rotom|32/100\n|\n|-heal|p2b: Rotom|37/100|[from] item: Leftovers\n|-damage|p1a: Kingambit|95/100 brn|[from] brn\n|upkeep\n|turn|13\n|\n|t:|1776723255\n|move|p2b: Rotom|Protect|p2b: Rotom\n|-singleturn|p2b: Rotom|Protect\n|move|p1a: Kingambit|Kowtow Cleave|p2b: Rotom\n|-activate|p2b: Rotom|move: Protect\n|\n|-heal|p2b: Rotom|43/100|[from] item: Leftovers\n|-damage|p1a: Kingambit|89/100 brn|[from] brn\n|upkeep\n|turn|14\n|\n|t:|1776723258\n|move|p2b: Rotom|Hydro Pump|p1a: Kingambit\n|-damage|p1a: Kingambit|52/100 brn\n|move|p1a: Kingambit|Kowtow Cleave|p2b: Rotom\n|-damage|p2b: Rotom|18/100\n|\n|-heal|p2b: Rotom|23/100|[from] item: Leftovers\n|-damage|p1a: Kingambit|46/100 brn|[from] brn\n|upkeep\n|turn|15\n|\n|t:|1776723264\n|move|p2b: Rotom|Protect|p2b: Rotom\n|-singleturn|p2b: Rotom|Protect\n|move|p1a: Kingambit|Kowtow Cleave|p2b: Rotom\n|-activate|p2b: Rotom|move: Protect\n|\n|-heal|p2b: Rotom|29/100|[from] item: Leftovers\n|-damage|p1a: Kingambit|41/100 brn|[from] brn\n|upkeep\n|turn|16\n|\n|t:|1776723267\n|move|p2b: Rotom|Hydro Pump|p1a: Kingambit\n|-damage|p1a: Kingambit|3/100 brn\n|move|p1a: Kingambit|Kowtow Cleave|p2b: Rotom\n|-damage|p2b: Rotom|2/100\n|\n|-heal|p2b: Rotom|8/100|[from] item: Leftovers\n|-damage|p1a: Kingambit|0 fnt|[from] brn\n|faint|p1a: Kingambit\n|\n|win|SDLT LucaIaria63\n|raw|power404's rating: 1169 &rarr; <strong>1144</strong><br />(-25 for losing)\n|raw|SDLT LucaIaria63's rating: 1173 &rarr; <strong>1198</strong><br />(+25 for winning)\n",
  "uploadtime": 1776723274,
  "views": 6,
  "formatid": "gen9championsvgc2026regma",
  "rating": 1144,
  "private": 0,
  "password": null
}