{
  "id": "gen9championsvgc2026regma-2589561705",
  "format": "[Gen 9 Champions] VGC 2026 Reg M-A",
  "players": [
    "BHPO",
    "soten soten"
  ],
  "log": "|j|\u2606BHPO\n|j|\u2606soten soten\n|t:|1776734327\n|gametype|doubles\n|player|p1|BHPO|benga|1281\n|player|p2|soten soten|hilbert|1214\n|gen|9\n|tier|[Gen 9 Champions] VGC 2026 Reg M-A\n|rated|\n|rule|Species Clause: Limit one of each Pok\u00e9mon\n|rule|Item Clause: Limit 1 of each item\n|clearpoke\n|poke|p1|Tyranitar, L50, F|\n|poke|p1|Garchomp, L50, F|\n|poke|p1|Corviknight, L50, M, shiny|\n|poke|p1|Rotom-Wash, L50|\n|poke|p1|Sinistcha, L50|\n|poke|p1|Sneasler, L50, M|\n|poke|p2|Gallade, L50, M|\n|poke|p2|Gengar, L50, M|\n|poke|p2|Dragonite, L50, F|\n|poke|p2|Hydreigon, L50, M|\n|poke|p2|Kingambit, L50, M|\n|poke|p2|Aegislash, L50, M|\n|teampreview|4\n|inactive|Battle timer is ON: inactive players will automatically lose when time's up. (requested by soten soten)\n|inactive|BHPO has 60 seconds left.\n|inactive|soten soten has 60 seconds left.\n|inactive|BHPO has 30 seconds left.\n|\n|t:|1776734393\n|teamsize|p1|4\n|teamsize|p2|4\n|start\n|switch|p1a: Garchomp|Garchomp, L50, F|100/100\n|switch|p1b: Corviknight|Corviknight, L50, M, shiny|100/100\n|switch|p2a: Gengar|Gengar, L50, M|100/100\n|switch|p2b: Hydreigon|Hydreigon, L50, M|100/100\n|turn|1\n|\n|t:|1776734405\n|detailschange|p2a: Gengar|Gengar-Mega, L50, M\n|-mega|p2a: Gengar|Gengar|Gengarite\n|move|p1a: Garchomp|Dragon Claw|p2b: Hydreigon\n|-supereffective|p2b: Hydreigon|1\n|-damage|p2b: Hydreigon|4/100\n|move|p2b: Hydreigon|Draco Meteor|p1a: Garchomp\n|-supereffective|p1a: Garchomp|1\n|-damage|p1a: Garchomp|0 fnt\n|-unboost|p2b: Hydreigon|spa|2\n|faint|p1a: Garchomp\n|move|p2a: Gengar|Substitute|p2a: Gengar\n|-start|p2a: Gengar|Substitute\n|-damage|p2a: Gengar|76/100\n|move|p1b: Corviknight|Tailwind|p1b: Corviknight\n|-sidestart|p1: BHPO|move: Tailwind\n|\n|upkeep\n|\n|t:|1776734422\n|switch|p1a: Sneasler|Sneasler, L50, M|100/100\n|turn|2\n|\n|t:|1776734430\n|switch|p2b: Dragonite|Dragonite, L50, F|100/100\n|move|p1a: Sneasler|Close Combat|p2b: Dragonite\n|-resisted|p2b: Dragonite|1\n|-crit|p2b: Dragonite\n|-damage|p2b: Dragonite|80/100\n|-unboost|p1a: Sneasler|def|1\n|-unboost|p1a: Sneasler|spd|1\n|-enditem|p1a: Sneasler|White Herb\n|-clearnegativeboost|p1a: Sneasler|[silent]\n|move|p1b: Corviknight|Brave Bird|p2a: Gengar\n|-end|p2a: Gengar|Substitute\n|-damage|p1b: Corviknight|95/100|[from] Recoil|[of] p2a: Gengar\n|move|p2a: Gengar|Shadow Ball|p1a: Sneasler\n|-damage|p1a: Sneasler|44/100\n|-unboost|p1a: Sneasler|spd|1\n|\n|upkeep\n|turn|3\n|\n|t:|1776734454\n|move|p2b: Dragonite|Extreme Speed|p1a: Sneasler\n|-damage|p1a: Sneasler|6/100\n|move|p1a: Sneasler|Dire Claw|p2b: Dragonite\n|-damage|p2b: Dragonite|42/100\n|move|p1b: Corviknight|Brave Bird|p2a: Gengar\n|-damage|p2a: Gengar|3/100\n|-damage|p1b: Corviknight|78/100|[from] Recoil\n|move|p2a: Gengar|Substitute|p2a: Gengar\n|-fail|p2a: Gengar|move: Substitute|[weak]\n|\n|upkeep\n|turn|4\n|\n|t:|1776734476\n|move|p1a: Sneasler|Protect|p1a: Sneasler\n|-singleturn|p1a: Sneasler|Protect\n|move|p2a: Gengar|Protect|p2a: Gengar\n|-singleturn|p2a: Gengar|Protect\n|move|p2b: Dragonite|Protect|p2b: Dragonite\n|-singleturn|p2b: Dragonite|Protect\n|move|p1b: Corviknight|Iron Head|p2a: Gengar\n|-activate|p2a: Gengar|move: Protect\n|\n|-sideend|p1: BHPO|move: Tailwind\n|upkeep\n|turn|5\n|\n|t:|1776734486\n|move|p2b: Dragonite|Extreme Speed|p1a: Sneasler\n|-damage|p1a: Sneasler|0 fnt\n|faint|p1a: Sneasler\n|move|p2a: Gengar|Shadow Ball|p1b: Corviknight\n|-damage|p1b: Corviknight|22/100\n|move|p1b: Corviknight|Iron Head|p2a: Gengar\n|-damage|p2a: Gengar|0 fnt\n|faint|p2a: Gengar\n|\n|upkeep\n|\n|t:|1776734493\n|switch|p2a: Hydreigon|Hydreigon, L50, M|4/100\n|switch|p1a: Sinistcha|Sinistcha, L50|100/100\n|-heal|p1b: Corviknight|47/100|[from] ability: Hospitality|[of] p1a: Sinistcha\n|turn|6\n|\n|t:|1776734502\n|move|p2a: Hydreigon|Dark Pulse|p1a: Sinistcha\n|-supereffective|p1a: Sinistcha|1\n|-damage|p1a: Sinistcha|30/100\n|-enditem|p1a: Sinistcha|Sitrus Berry|[eat]\n|-heal|p1a: Sinistcha|54/100|[from] item: Sitrus Berry\n|move|p1b: Corviknight|Tailwind|p1b: Corviknight\n|-sidestart|p1: BHPO|move: Tailwind\n|move|p2b: Dragonite|Dragon Claw|p1a: Sinistcha\n|-damage|p1a: Sinistcha|17/100\n|move|p1a: Sinistcha|Trick Room|p1a: Sinistcha\n|-fieldstart|move: Trick Room|[of] p1a: Sinistcha\n|\n|upkeep\n|turn|7\n|-message|BHPO forfeited.\n|\n|win|soten soten\n|raw|BHPO's rating: 1281 &rarr; <strong>1251</strong><br />(-30 for losing)\n|raw|soten soten's rating: 1214 &rarr; <strong>1244</strong><br />(+30 for winning)\n|l|\u2606BHPO\n|player|p1|\n",
  "uploadtime": 1776734510,
  "views": 3,
  "formatid": "gen9championsvgc2026regma",
  "rating": 1244,
  "private": 0,
  "password": null
}