{
  "id": "gen9championsvgc2026regma-2584199594",
  "format": "[Gen 9 Champions] VGC 2026 Reg M-A",
  "players": [
    "mimizuzu",
    "San gerger"
  ],
  "log": "|j|\u2606mimizuzu\n|j|\u2606San gerger\n|t:|1776237337\n|gametype|doubles\n|player|p1|mimizuzu|1|1585\n|player|p2|San gerger|1|1470\n|gen|9\n|tier|[Gen 9 Champions] VGC 2026 Reg M-A\n|rated|\n|rule|Species Clause: Limit one of each Pok\u00e9mon\n|rule|Item Clause: Limit 1 of each item\n|clearpoke\n|poke|p1|Pelipper, L50, F|\n|poke|p1|Starmie, L50|\n|poke|p1|Gengar, L50, F|\n|poke|p1|Ceruledge, L50, M|\n|poke|p1|Sneasler, L50, M|\n|poke|p1|Kingambit, L50, M|\n|poke|p2|Delphox, L50, F|\n|poke|p2|Floette-Eternal, L50, F|\n|poke|p2|Aerodactyl, L50, M|\n|poke|p2|Kingambit, L50, F|\n|poke|p2|Basculegion-F, L50, F|\n|poke|p2|Sneasler, L50, M|\n|teampreview|4\n|inactive|Battle timer is ON: inactive players will automatically lose when time's up. (requested by mimizuzu)\n|inactive|San gerger has 60 seconds left.\n|inactive|San gerger has 30 seconds left.\n|\n|t:|1776237409\n|teamsize|p1|4\n|teamsize|p2|4\n|start\n|switch|p1a: Starmie|Starmie, L50, shiny|100/100\n|switch|p1b: Kingambit|Kingambit, L50, M, shiny|100/100\n|switch|p2a: Aerodactyl|Aerodactyl, L50, M|100/100\n|switch|p2b: Floette|Floette-Eternal, L50, F|100/100\n|-ability|p2a: Aerodactyl|Unnerve\n|turn|1\n|inactive|mimizuzu has 30 seconds left.\n|\n|t:|1776237442\n|switch|p1b: Ceruledge|Ceruledge, L50, M|100/100\n|detailschange|p1a: Starmie|Starmie-Mega, L50, shiny\n|-mega|p1a: Starmie|Starmie|Starminite\n|detailschange|p2b: Floette|Floette-Mega, L50, F\n|-mega|p2b: Floette|Floette|Floettite\n|-ability|p2b: Floette|Fairy Aura\n|move|p1a: Starmie|Aqua Jet|p2a: Aerodactyl\n|-supereffective|p2a: Aerodactyl|1\n|-enditem|p2a: Aerodactyl|Focus Sash\n|-damage|p2a: Aerodactyl|1/100\n|move|p2a: Aerodactyl|Tailwind|p2a: Aerodactyl\n|-sidestart|p2: San gerger|move: Tailwind\n|move|p2b: Floette|Light of Ruin|p1b: Ceruledge\n|-resisted|p1b: Ceruledge|1\n|-crit|p1b: Ceruledge\n|-damage|p1b: Ceruledge|43/100\n|-damage|p2b: Floette|70/100|[from] Recoil\n|\n|upkeep\n|turn|2\n|inactive|San gerger has 30 seconds left.\n|inactive|mimizuzu has 30 seconds left.\n|inactive|San gerger has 20 seconds left.\n|inactive|San gerger has 15 seconds left.\n|inactive|San gerger has 10 seconds left.\n|\n|t:|1776237489\n|switch|p2a: Kingambit|Kingambit, L50, F|100/100\n|move|p1a: Starmie|Aqua Jet|p2a: Kingambit\n|-damage|p2a: Kingambit|74/100\n|move|p2b: Floette|Moonblast|p1a: Starmie\n|-damage|p1a: Starmie|21/100\n|-unboost|p1a: Starmie|spa|1\n|move|p1b: Ceruledge|Bitter Blade|p2b: Floette\n|-damage|p2b: Floette|36/100\n|-heal|p1b: Ceruledge|59/100|[from] drain|[of] p2b: Floette\n|\n|upkeep\n|turn|3\n|j| grapplebeam\n|\n|t:|1776237510\n|move|p1a: Starmie|Aqua Jet|p2b: Floette\n|-damage|p2b: Floette|0 fnt\n|faint|p2b: Floette\n|move|p2a: Kingambit|Sucker Punch|p1b: Ceruledge\n|-supereffective|p1b: Ceruledge|1\n|-enditem|p1b: Ceruledge|Colbur Berry|[eat]\n|-enditem|p1b: Ceruledge|Colbur Berry|[weaken]\n|-damage|p1b: Ceruledge|10/100\n|move|p1b: Ceruledge|Shadow Sneak|p2a: Kingambit\n|-resisted|p2a: Kingambit|1\n|-damage|p2a: Kingambit|68/100\n|\n|upkeep\n|\n|t:|1776237520\n|switch|p2b: Basculegion|Basculegion-F, L50, F|100/100\n|turn|4\n|l| grapplebeam\n|\n|t:|1776237541\n|move|p1a: Starmie|Protect|p1a: Starmie\n|-singleturn|p1a: Starmie|Protect\n|move|p2a: Kingambit|Sucker Punch|p1b: Ceruledge\n|-supereffective|p1b: Ceruledge|1\n|-damage|p1b: Ceruledge|0 fnt\n|faint|p1b: Ceruledge\n|move|p2b: Basculegion|Muddy Water|p1a: Starmie\n|-activate|p1a: Starmie|move: Protect\n|\n|-sideend|p2: San gerger|move: Tailwind\n|upkeep\n|j| Gwynn x Canari\n|\n|t:|1776237560\n|switch|p1b: Kingambit|Kingambit, L50, M, shiny|100/100\n|turn|5\n|\n|t:|1776237567\n|switch|p2b: Aerodactyl|Aerodactyl, L50, M|1/100\n|-ability|p2b: Aerodactyl|Unnerve\n|switch|p1a: Sneasler|Sneasler, L50, M, shiny|100/100\n|move|p2a: Kingambit|Sucker Punch||[still]\n|-fail|p2a: Kingambit\n|move|p1b: Kingambit|Kowtow Cleave|p2b: Aerodactyl\n|-damage|p2b: Aerodactyl|0 fnt\n|faint|p2b: Aerodactyl\n|\n|upkeep\n|-message|San gerger forfeited.\n|\n|win|mimizuzu\n|raw|mimizuzu's rating: 1558 &rarr; <strong>1573</strong><br />(+15 for winning)\n|raw|San gerger's rating: 1470 &rarr; <strong>1455</strong><br />(-15 for losing)\n|l|\u2606San gerger\n|player|p2|\n|l|\u2606mimizuzu\n|player|p1|\n",
  "uploadtime": 1776237628,
  "views": 61,
  "formatid": "gen9championsvgc2026regma",
  "rating": 1455,
  "private": 0,
  "password": null
}