{
  "id": "gen9championsvgc2026regma-2583128711",
  "format": "[Gen 9 Champions] VGC 2026 Reg M-A",
  "players": [
    "Snail Fan",
    "WorkRoo136"
  ],
  "log": "|j|\u2606Snail Fan\n|j|\u2606WorkRoo136\n|t:|1776145454\n|gametype|doubles\n|player|p1|Snail Fan|colress|1065\n|player|p2|WorkRoo136|101|1047\n|gen|9\n|tier|[Gen 9 Champions] VGC 2026 Reg M-A\n|rated|\n|rule|Species Clause: Limit one of each Pok\u00e9mon\n|rule|Item Clause: Limit 1 of each item\n|clearpoke\n|poke|p1|Tyranitar, L50, F|\n|poke|p1|Sandaconda, L50, M|\n|poke|p1|Aerodactyl, L50, M|\n|poke|p1|Sneasler, L50, F|\n|poke|p1|Sinistcha, L50|\n|poke|p1|Bellibolt, L50, F|\n|poke|p2|Meowstic, L50, M|\n|poke|p2|Delphox, L50, M|\n|poke|p2|Goodra, L50, F|\n|poke|p2|Venusaur, L50, F|\n|poke|p2|Maushold-Four, L50|\n|poke|p2|Krookodile, L50, F|\n|teampreview|4\nSnail Fan rejected open team sheets.\n|inactive|Battle timer is ON: inactive players will automatically lose when time's up. (requested by WorkRoo136)\n|\n|t:|1776145504\n|teamsize|p1|4\n|teamsize|p2|4\n|start\n|switch|p1a: Tyranitar|Tyranitar, L50, F, shiny|100/100\n|switch|p1b: Sandaconda|Sandaconda, L50, M, shiny|100/100\n|switch|p2a: Meowstic|Meowstic, L50, M|100/100\n|switch|p2b: Venusaur|Venusaur, L50, F|100/100\n|-weather|Sandstorm|[from] ability: Sand Stream|[of] p1a: Tyranitar\n|turn|1\n|\n|t:|1776145526\n|move|p2a: Meowstic|Sunny Day|p2a: Meowstic\n|-weather|SunnyDay\n|move|p2b: Venusaur|Sleep Powder|p1a: Tyranitar|[miss]\n|-miss|p2b: Venusaur|p1a: Tyranitar\n|move|p1b: Sandaconda|Minimize|p1b: Sandaconda\n|-boost|p1b: Sandaconda|evasion|2\n|move|p1a: Tyranitar|Rock Slide|p2b: Venusaur|[spread] p2a,p2b\n|-damage|p2a: Meowstic|63/100\n|-damage|p2b: Venusaur|68/100\n|\n|-weather|SunnyDay|[upkeep]\n|upkeep\n|turn|2\n|\n|t:|1776145549\n|switch|p1a: Sinistcha|Sinistcha, L50, shiny|100/100\n|move|p2a: Meowstic|Psychic Terrain|p2a: Meowstic\n|-fieldstart|move: Psychic Terrain\n|move|p2b: Venusaur|Sleep Powder|p1a: Sinistcha\n|-immune|p1a: Sinistcha\n|move|p1b: Sandaconda|Minimize|p1b: Sandaconda\n|-boost|p1b: Sandaconda|evasion|2\n|\n|-weather|SunnyDay|[upkeep]\n|upkeep\n|turn|3\n|\n|t:|1776145571\n|switch|p2b: Delphox|Delphox, L50, M|100/100\n|move|p2a: Meowstic|Expanding Force|p1a: Sinistcha|[spread] p1a\n|-miss|p2a: Meowstic|p1b: Sandaconda\n|-damage|p1a: Sinistcha|48/100\n|move|p1a: Sinistcha|Shadow Ball|p2a: Meowstic\n|-supereffective|p2a: Meowstic|1\n|-damage|p2a: Meowstic|0 fnt\n|faint|p2a: Meowstic\n|move|p1b: Sandaconda|Minimize|p1b: Sandaconda\n|-boost|p1b: Sandaconda|evasion|2\n|\n|-weather|SunnyDay|[upkeep]\n|upkeep\n|\n|t:|1776145579\n|switch|p2a: Krookodile|Krookodile, L50, F|100/100\n|turn|4\n|\n|t:|1776145592\n|switch|p1a: Tyranitar|Tyranitar, L50, F, shiny|100/100\n|-weather|Sandstorm|[from] ability: Sand Stream|[of] p1a: Tyranitar\n|detailschange|p2b: Delphox|Delphox-Mega, L50, M\n|-mega|p2b: Delphox|Delphox|Delphoxite\n|move|p2a: Krookodile|Earthquake|p1b: Sandaconda|[spread] p1a,p1b\n|-immune|p2b: Delphox|[from] ability: Levitate\n|-supereffective|p1a: Tyranitar|1\n|-crit|p1a: Tyranitar\n|-damage|p1a: Tyranitar|11/100\n|-damage|p1b: Sandaconda|72/100\n|move|p2b: Delphox|Expanding Force|p1a: Tyranitar\n|-immune|p1a: Tyranitar\n|move|p1b: Sandaconda|Coil|p1b: Sandaconda\n|-boost|p1b: Sandaconda|atk|1\n|-boost|p1b: Sandaconda|def|1\n|-boost|p1b: Sandaconda|accuracy|1\n|\n|-weather|Sandstorm|[upkeep]\n|-damage|p2b: Delphox|95/100|[from] Sandstorm\n|-heal|p1b: Sandaconda|78/100|[from] item: Leftovers\n|upkeep\n|turn|5\n|inactive|Snail Fan has 30 seconds left.\n|inactive|Snail Fan has 20 seconds left.\n|\n|t:|1776145628\n|switch|p1a: Aerodactyl|Aerodactyl, L50, M|100/100\n|-ability|p1a: Aerodactyl|Unnerve\n|move|p2a: Krookodile|Earthquake|p1a: Aerodactyl|[spread] \n|-immune|p2b: Delphox|[from] ability: Levitate\n|-immune|p1a: Aerodactyl\n|-miss|p2a: Krookodile|p1b: Sandaconda\n|move|p2b: Delphox|Expanding Force|p1b: Sandaconda|[miss]\n|-miss|p2b: Delphox|p1b: Sandaconda\n|move|p1b: Sandaconda|Rock Slide|p2b: Delphox|[spread] p2a,p2b\n|-resisted|p2a: Krookodile|1\n|-supereffective|p2b: Delphox|1\n|-damage|p2a: Krookodile|89/100\n|-damage|p2b: Delphox|34/100\n|\n|-weather|Sandstorm|[upkeep]\n|-damage|p2b: Delphox|28/100|[from] Sandstorm\n|-heal|p1b: Sandaconda|84/100|[from] item: Leftovers\n|upkeep\n|turn|6\n|\n|t:|1776145647\n|detailschange|p1a: Aerodactyl|Aerodactyl-Mega, L50, M\n|-mega|p1a: Aerodactyl|Aerodactyl|Aerodactylite\n|move|p2a: Krookodile|Earthquake|p1a: Aerodactyl|[spread] \n|-immune|p2b: Delphox|[from] ability: Levitate\n|-immune|p1a: Aerodactyl\n|-miss|p2a: Krookodile|p1b: Sandaconda\n|move|p1a: Aerodactyl|Tailwind|p1a: Aerodactyl\n|-sidestart|p1: Snail Fan|move: Tailwind\n|move|p2b: Delphox|Expanding Force|p1a: Aerodactyl\n|-damage|p1a: Aerodactyl|71/100\n|move|p1b: Sandaconda|Rock Slide|p2b: Delphox|[spread] p2a,p2b\n|-resisted|p2a: Krookodile|1\n|-supereffective|p2b: Delphox|1\n|-damage|p2a: Krookodile|77/100\n|-damage|p2b: Delphox|0 fnt\n|faint|p2b: Delphox\n|\n|-weather|Sandstorm|[upkeep]\n|-heal|p1b: Sandaconda|90/100|[from] item: Leftovers\n|-fieldend|move: Psychic Terrain\n|upkeep\n|-message|WorkRoo136 forfeited.\n|\n|win|Snail Fan\n|raw|Snail Fan's rating: 1065 &rarr; <strong>1094</strong><br />(+29 for winning)\n|raw|WorkRoo136's rating: 1047 &rarr; <strong>1031</strong><br />(-16 for losing)\n|l|\u2606WorkRoo136\n|player|p2|\n",
  "uploadtime": 1776145666,
  "views": 18,
  "formatid": "gen9championsvgc2026regma",
  "rating": 1031,
  "private": 0,
  "password": null
}