{
  "id": "gen9championsvgc2026regma-2581581737",
  "format": "[Gen 9 Champions] VGC 2026 Reg M-A",
  "players": [
    "Slafyx",
    "kukuxia"
  ],
  "log": "|j|\u2606Slafyx\n|j|\u2606kukuxia\n|t:|1776012688\n|gametype|doubles\n|player|p1|Slafyx|101|1000\n|player|p2|kukuxia|169|1000\n|gen|9\n|tier|[Gen 9 Champions] VGC 2026 Reg M-A\n|rated|\n|rule|Species Clause: Limit one of each Pok\u00e9mon\n|rule|Item Clause: Limit 1 of each item\n|clearpoke\n|poke|p1|Venusaur, L50, M|\n|poke|p1|Sneasler, L50, M|\n|poke|p1|Rotom-Wash, L50|\n|poke|p1|Incineroar, L50, M|\n|poke|p1|Dragonite, L50, M|\n|poke|p1|Ninetales-Alola, L50, M|\n|poke|p2|Excadrill, L50, M|\n|poke|p2|Hawlucha, L50, M|\n|poke|p2|Archaludon, L50, M|\n|poke|p2|Incineroar, L50, M|\n|poke|p2|Garganacl, L50, F|\n|poke|p2|Charizard, L50, F|\n|teampreview|4\nSlafyx has agreed to open team sheets.\n|inactive|Battle timer is ON: inactive players will automatically lose when time's up. (requested by kukuxia)\n|l|\u2606kukuxia\n|inactive|kukuxia disconnected and has a minute to reconnect!\n|player|p2|\n|j|\u2606kukuxia\n|inactive|kukuxia reconnected.\n|player|p2|kukuxia|169|\n|\n|t:|1776012738\n|teamsize|p1|4\n|teamsize|p2|4\n|start\n|switch|p1a: Sneasler|Sneasler, L50, M|100/100\n|switch|p1b: Incineroar|Incineroar, L50, M|100/100\n|switch|p2a: Garganacl|Garganacl, L50, F|100/100\n|switch|p2b: Incineroar|Incineroar, L50, M|100/100\n|-ability|p1b: Incineroar|Intimidate|boost\n|-fail|p2a: Garganacl|unboost|[from] ability: Clear Body|[of] p2a: Garganacl\n|-unboost|p2b: Incineroar|atk|1\n|-ability|p2b: Incineroar|Intimidate|boost\n|-unboost|p1a: Sneasler|atk|1\n|-unboost|p1b: Incineroar|atk|1\n|turn|1\n|\n|t:|1776012756\n|move|p2b: Incineroar|Fake Out|p1a: Sneasler\n|-damage|p1a: Sneasler|88/100\n|move|p1b: Incineroar|Fake Out|p2a: Garganacl\n|-resisted|p2a: Garganacl|1\n|-damage|p2a: Garganacl|99/100\n|cant|p1a: Sneasler|flinch\n|cant|p2a: Garganacl|flinch\n|\n|-heal|p2a: Garganacl|100/100|[from] item: Leftovers\n|upkeep\n|turn|2\n|\n|t:|1776012776\n|switch|p2a: Hawlucha|Hawlucha, L50, M|100/100\n|move|p1a: Sneasler|Close Combat|p2b: Incineroar\n|-supereffective|p2b: Incineroar|1\n|-damage|p2b: Incineroar|12/100\n|-unboost|p1a: Sneasler|def|1\n|-unboost|p1a: Sneasler|spd|1\n|-enditem|p2b: Incineroar|Sitrus Berry|[eat]\n|-heal|p2b: Incineroar|37/100|[from] item: Sitrus Berry\n|move|p1b: Incineroar|Flare Blitz|p2b: Incineroar\n|-resisted|p2b: Incineroar|1\n|-damage|p2b: Incineroar|22/100\n|-damage|p1b: Incineroar|96/100|[from] Recoil\n|move|p2b: Incineroar|Will-O-Wisp|p1a: Sneasler\n|-status|p1a: Sneasler|brn\n|\n|-damage|p1a: Sneasler|82/100 brn|[from] brn\n|upkeep\n|turn|3\n|inactive|kukuxia has 30 seconds left.\n|\n|t:|1776012801\n|detailschange|p2a: Hawlucha|Hawlucha-Mega, L50, M\n|-mega|p2a: Hawlucha|Hawlucha|Hawluchanite\n|move|p1a: Sneasler|Dire Claw|p2a: Hawlucha\n|-damage|p2a: Hawlucha|86/100\n|move|p2a: Hawlucha|High Jump Kick|p1b: Incineroar\n|-supereffective|p1b: Incineroar|1\n|-damage|p1b: Incineroar|0 fnt\n|faint|p1b: Incineroar\n|move|p2b: Incineroar|Parting Shot|p1a: Sneasler\n|-unboost|p1a: Sneasler|atk|1\n|-unboost|p1a: Sneasler|spa|1\n|\n|t:|1776012813\n|switch|p2b: Excadrill|Excadrill, L50, M|100/100|[from] Parting Shot\n|-ability|p2b: Excadrill|Mold Breaker\n|\n|-damage|p1a: Sneasler|76/100 brn|[from] brn\n|upkeep\n|\n|t:|1776012817\n|switch|p1b: Ninetales|Ninetales-Alola, L50, M|100/100\n|-weather|Snowscape|[from] ability: Snow Warning|[of] p1b: Ninetales\n|turn|4\n|\n|t:|1776012827\n|move|p1a: Sneasler|Close Combat|p2b: Excadrill\n|-supereffective|p2b: Excadrill|1\n|-damage|p2b: Excadrill|59/100\n|-unboost|p1a: Sneasler|def|1\n|-unboost|p1a: Sneasler|spd|1\n|move|p1b: Ninetales|Blizzard|p2a: Hawlucha|[spread] p2a,p2b\n|-supereffective|p2a: Hawlucha|1\n|-damage|p2a: Hawlucha|31/100\n|-damage|p2b: Excadrill|24/100\n|move|p2a: Hawlucha|Entrainment|p2b: Excadrill\n|-ability|p2b: Excadrill|No Guard|Mold Breaker|[from] move: Entrainment|[of] p2a: Hawlucha\n|move|p2b: Excadrill|Horn Drill|p1b: Ninetales\n|-damage|p1b: Ninetales|0 fnt\n|faint|p1b: Ninetales\n|-ohko\n|\n|-weather|Snowscape|[upkeep]\n|-damage|p1a: Sneasler|71/100 brn|[from] brn\n|upkeep\n|\n|t:|1776012840\n|switch|p1b: Venusaur|Venusaur, L50, M|100/100\n|turn|5\n|\n|t:|1776012859\n|switch|p2b: Incineroar|Incineroar, L50, M|22/100\n|-ability|p2b: Incineroar|Intimidate|boost\n|-unboost|p1a: Sneasler|atk|1\n|-unboost|p1b: Venusaur|atk|1\n|detailschange|p1b: Venusaur|Venusaur-Mega, L50, M\n|-mega|p1b: Venusaur|Venusaur|Venusaurite\n|move|p1a: Sneasler|Protect|p1a: Sneasler\n|-singleturn|p1a: Sneasler|Protect\n|move|p2a: Hawlucha|Protect|p2a: Hawlucha\n|-singleturn|p2a: Hawlucha|Protect\n|move|p1b: Venusaur|Sludge Bomb|p2a: Hawlucha\n|-activate|p2a: Hawlucha|move: Protect\n|\n|-weather|Snowscape|[upkeep]\n|-damage|p1a: Sneasler|65/100 brn|[from] brn\n|upkeep\n|turn|6\n|\n|t:|1776012884\n|move|p1a: Sneasler|Protect||[still]\n|-fail|p1a: Sneasler\n|move|p2b: Incineroar|Fake Out|p1b: Venusaur\n|-damage|p1b: Venusaur|92/100\n|move|p2a: Hawlucha|Encore|p1a: Sneasler\n|-start|p1a: Sneasler|Encore\n|cant|p1b: Venusaur|flinch\n|\n|-weather|Snowscape|[upkeep]\n|-damage|p1a: Sneasler|59/100 brn|[from] brn\n|upkeep\n|turn|7\n|\n|t:|1776012904\n|switch|p2a: Garganacl|Garganacl, L50, F|100/100\n|move|p1a: Sneasler|Protect|p1a: Sneasler\n|-singleturn|p1a: Sneasler|Protect\n|move|p1b: Venusaur|Leech Seed|p2a: Garganacl\n|-start|p2a: Garganacl|move: Leech Seed\n|move|p2b: Incineroar|Will-O-Wisp|p1b: Venusaur\n|-status|p1b: Venusaur|brn\n|\n|-weather|Snowscape|[upkeep]\n|-damage|p2a: Garganacl|88/100|[from] Leech Seed|[of] p1b: Venusaur\n|-heal|p1b: Venusaur|100/100 brn|[silent]\n|-damage|p1a: Sneasler|53/100 brn|[from] brn\n|-damage|p1b: Venusaur|95/100 brn|[from] brn\n|upkeep\n|turn|8\n|\n|t:|1776012925\n|switch|p2b: Excadrill|Excadrill, L50, M|24/100\n|-ability|p2b: Excadrill|Mold Breaker\n|move|p1a: Sneasler|Protect|p1a: Sneasler\n|-singleturn|p1a: Sneasler|Protect\n|move|p1b: Venusaur|Leech Seed|p2b: Excadrill\n|-start|p2b: Excadrill|move: Leech Seed\n|move|p2a: Garganacl|Salt Cure|p1b: Venusaur\n|-damage|p1b: Venusaur|83/100 brn\n|-start|p1b: Venusaur|Salt Cure\n|\n|-weather|none\n|-heal|p2a: Garganacl|94/100|[from] item: Leftovers\n|-damage|p2b: Excadrill|12/100|[from] Leech Seed|[of] p1b: Venusaur\n|-heal|p1b: Venusaur|96/100 brn|[silent]\n|-damage|p2a: Garganacl|82/100|[from] Leech Seed|[of] p1b: Venusaur\n|-heal|p1b: Venusaur|100/100 brn|[silent]\n|-damage|p1a: Sneasler|48/100 brn|[from] brn\n|-damage|p1b: Venusaur|95/100 brn|[from] brn\n|-damage|p1b: Venusaur|89/100 brn|[from] Salt Cure\n|upkeep\n|turn|9\n|inactive|kukuxia has 30 seconds left.\n|\n|t:|1776012956\n|move|p1a: Sneasler|Protect||[still]\n|-fail|p1a: Sneasler\n|move|p1b: Venusaur|Protect|p1b: Venusaur\n|-singleturn|p1b: Venusaur|Protect\n|move|p2b: Excadrill|Horn Drill|p1b: Venusaur\n|-activate|p1b: Venusaur|move: Protect\n|move|p2a: Garganacl|Power Gem|p1b: Venusaur\n|-activate|p1b: Venusaur|move: Protect\n|\n|-heal|p2a: Garganacl|88/100|[from] item: Leftovers\n|-damage|p2b: Excadrill|0 fnt|[from] Leech Seed|[of] p1b: Venusaur\n|-heal|p1b: Venusaur|100/100 brn|[silent]\n|faint|p2b: Excadrill\n|-damage|p2a: Garganacl|76/100|[from] Leech Seed|[of] p1b: Venusaur\n|-damage|p1a: Sneasler|42/100 brn|[from] brn\n|-damage|p1b: Venusaur|95/100 brn|[from] brn\n|-damage|p1b: Venusaur|89/100 brn|[from] Salt Cure\n|-end|p1a: Sneasler|Encore\n|upkeep\n|\n|t:|1776012971\n|switch|p2b: Incineroar|Incineroar, L50, M|22/100\n|-ability|p2b: Incineroar|Intimidate|boost\n|-unboost|p1a: Sneasler|atk|1\n|-unboost|p1b: Venusaur|atk|1\n|turn|10\n|\n|t:|1776012988\n|move|p2b: Incineroar|Fake Out|p1b: Venusaur\n|-damage|p1b: Venusaur|81/100 brn\n|move|p1a: Sneasler|Close Combat|p2b: Incineroar\n|-supereffective|p2b: Incineroar|1\n|-damage|p2b: Incineroar|1/100\n|-unboost|p1a: Sneasler|def|1\n|-unboost|p1a: Sneasler|spd|1\n|cant|p1b: Venusaur|flinch\n|move|p2a: Garganacl|Salt Cure|p1a: Sneasler\n|-resisted|p1a: Sneasler|1\n|-damage|p1a: Sneasler|11/100 brn\n|-start|p1a: Sneasler|Salt Cure\n|\n|-heal|p2a: Garganacl|82/100|[from] item: Leftovers\n|-damage|p2a: Garganacl|70/100|[from] Leech Seed|[of] p1b: Venusaur\n|-heal|p1b: Venusaur|94/100 brn|[silent]\n|-damage|p1a: Sneasler|6/100 brn|[from] brn\n|-damage|p1b: Venusaur|88/100 brn|[from] brn\n|-damage|p1a: Sneasler|0 fnt|[from] Salt Cure\n|faint|p1a: Sneasler\n|-damage|p1b: Venusaur|82/100 brn|[from] Salt Cure\n|upkeep\n|turn|11\n|inactive|kukuxia has 30 seconds left.\n|\n|t:|1776013019\n|move|p1b: Venusaur|Leech Seed|p2b: Incineroar\n|-start|p2b: Incineroar|move: Leech Seed\n|move|p2b: Incineroar|Taunt|p1b: Venusaur\n|-start|p1b: Venusaur|move: Taunt\n|move|p2a: Garganacl|Power Gem|p1b: Venusaur\n|-damage|p1b: Venusaur|71/100 brn\n|\n|-heal|p2a: Garganacl|75/100|[from] item: Leftovers\n|-damage|p2b: Incineroar|0 fnt|[from] Leech Seed|[of] p1b: Venusaur\n|-heal|p1b: Venusaur|72/100 brn|[silent]\n|faint|p2b: Incineroar\n|-damage|p2a: Garganacl|63/100|[from] Leech Seed|[of] p1b: Venusaur\n|-heal|p1b: Venusaur|85/100 brn|[silent]\n|-damage|p1b: Venusaur|79/100 brn|[from] brn\n|-damage|p1b: Venusaur|73/100 brn|[from] Salt Cure\n|upkeep\n|\n|t:|1776013036\n|switch|p2b: Hawlucha|Hawlucha-Mega, L50, M|31/100\n|turn|12\n|\n|t:|1776013052\n|move|p2b: Hawlucha|Encore|p1b: Venusaur\n|-start|p1b: Venusaur|Encore\n|cant|p1b: Venusaur|move: Taunt|Leech Seed\n|move|p2a: Garganacl|Earthquake|p1b: Venusaur|[spread] p1b\n|-immune|p2b: Hawlucha\n|-damage|p1b: Venusaur|61/100 brn\n|\n|-heal|p2a: Garganacl|69/100|[from] item: Leftovers\n|-damage|p2a: Garganacl|57/100|[from] Leech Seed|[of] p1b: Venusaur\n|-heal|p1b: Venusaur|74/100 brn|[silent]\n|-damage|p1b: Venusaur|68/100 brn|[from] brn\n|-damage|p1b: Venusaur|63/100 brn|[from] Salt Cure\n|upkeep\n|turn|13\n|\n|t:|1776013067\n|move|p2b: Hawlucha|High Jump Kick|p1b: Venusaur\n|-resisted|p1b: Venusaur|1\n|-damage|p1b: Venusaur|36/100 brn\n|-activate|p1b: Venusaur|move: Struggle\n|move|p1b: Venusaur|Struggle|p2b: Hawlucha\n|-damage|p2b: Hawlucha|29/100\n|-damage|p1b: Venusaur|11/100 brn|[from] recoil\n|move|p2a: Garganacl|Earthquake|p1b: Venusaur|[spread] p1b\n|-immune|p2b: Hawlucha\n|-damage|p1b: Venusaur|0 fnt\n|faint|p1b: Venusaur\n|\n|win|kukuxia\n|raw|Slafyx's rating: 1000 &rarr; <strong>1000</strong><br />(+0 for losing)\n|raw|kukuxia's rating: 1000 &rarr; <strong>1040</strong><br />(+40 for winning)\n|l|\u2606Slafyx\n|player|p1|\n|l|\u2606kukuxia\n|player|p2|\n|j|\u2606kukuxia\n|player|p2|kukuxia|169|\n",
  "uploadtime": 1776013068,
  "views": 17,
  "formatid": "gen9championsvgc2026regma",
  "rating": 1000,
  "private": 0,
  "password": null
}