{
  "id": "gen9championsvgc2026regma-2586984663",
  "format": "[Gen 9 Champions] VGC 2026 Reg M-A",
  "players": [
    "z3r0cool",
    "irw25"
  ],
  "log": "|j|\u2606z3r0cool\n|j|\u2606irw25\n|t:|1776478296\n|gametype|doubles\n|player|p1|z3r0cool|lorelei-gen1|1093\n|player|p2|irw25|hilbert-wonderlauncher|1040\n|gen|9\n|tier|[Gen 9 Champions] VGC 2026 Reg M-A\n|rated|\n|rule|Species Clause: Limit one of each Pok\u00e9mon\n|rule|Item Clause: Limit 1 of each item\n|clearpoke\n|poke|p1|Incineroar, L50, F|\n|poke|p1|Torkoal, L50, M|\n|poke|p1|Venusaur, L50, F|\n|poke|p1|Golurk, L50|\n|poke|p1|Sneasler, L50, F|\n|poke|p1|Farigiraf, L50, F|\n|poke|p2|Aegislash, L50, F|\n|poke|p2|Meowstic, L50, M|\n|poke|p2|Primarina, L50, M|\n|poke|p2|Kangaskhan, L50, F|\n|poke|p2|Meowscarada, L50, M|\n|poke|p2|Aerodactyl, L50, M|\n|teampreview|4\n|\n|t:|1776478311\n|teamsize|p1|4\n|teamsize|p2|4\n|start\n|switch|p1a: Incineroar|Incineroar, L50, F|100/100\n|switch|p1b: Farigiraf|Farigiraf, L50, F|100/100\n|switch|p2a: Meowstic|Meowstic, L50, M|100/100\n|switch|p2b: Aegislash|Aegislash, L50, F|100/100\n|-ability|p1a: Incineroar|Intimidate|boost\n|-unboost|p2a: Meowstic|atk|1\n|-unboost|p2b: Aegislash|atk|1\n|turn|1\n|inactive|Battle timer is ON: inactive players will automatically lose when time's up. (requested by z3r0cool)\n|\n|t:|1776478342\n|move|p1a: Incineroar|Parting Shot|p2a: Meowstic\n|-unboost|p2a: Meowstic|atk|1\n|-unboost|p2a: Meowstic|spa|1\n|\n|t:|1776478350\n|switch|p1a: Golurk|Golurk, L50, shiny|100/100|[from] Parting Shot\n|move|p2b: Aegislash|Swords Dance|p2b: Aegislash\n|-boost|p2b: Aegislash|atk|2\n|move|p2a: Meowstic|Trick Room|p2a: Meowstic\n|-fieldstart|move: Trick Room|[of] p2a: Meowstic\n|move|p1b: Farigiraf|Trick Room|p1b: Farigiraf\n|-fieldend|move: Trick Room\n|\n|upkeep\n|turn|2\n|\n|t:|1776478375\n|switch|p1a: Incineroar|Incineroar, L50, F|100/100\n|-ability|p1a: Incineroar|Intimidate|boost\n|-unboost|p2a: Meowstic|atk|1\n|-unboost|p2b: Aegislash|atk|1\n|move|p2a: Meowstic|Helping Hand|p2b: Aegislash\n|-singleturn|p2b: Aegislash|Helping Hand|[of] p2a: Meowstic\n|-formechange|p2b: Aegislash|Aegislash-Blade|\n|move|p2b: Aegislash|Shadow Sneak||[still]\n|cant|p1b: Farigiraf|ability: Armor Tail|Shadow Sneak|[of] p2b: Aegislash\n|move|p1b: Farigiraf|Trick Room|p1b: Farigiraf\n|-fieldstart|move: Trick Room|[of] p1b: Farigiraf\n|\n|upkeep\n|turn|3\n|inactive|z3r0cool has 30 seconds left.\n|\n|t:|1776478405\n|move|p2a: Meowstic|Helping Hand|p2b: Aegislash\n|-singleturn|p2b: Aegislash|Helping Hand|[of] p2a: Meowstic\n|move|p1b: Farigiraf|Twin Beam|p2a: Meowstic\n|-resisted|p2a: Meowstic|1\n|-damage|p2a: Meowstic|92/100\n|-resisted|p2a: Meowstic|1\n|-crit|p2a: Meowstic\n|-damage|p2a: Meowstic|81/100\n|-hitcount|p2a: Meowstic|2\n|move|p2b: Aegislash|Sacred Sword|p1a: Incineroar\n|-supereffective|p1a: Incineroar|1\n|-damage|p1a: Incineroar|29/100\n|move|p1a: Incineroar|Throat Chop|p2a: Meowstic\n|-supereffective|p2a: Meowstic|1\n|-damage|p2a: Meowstic|11/100\n|-start|p2a: Meowstic|Throat Chop|[silent]\n|\n|upkeep\n|turn|4\n|inactive|z3r0cool has 30 seconds left.\n|inactive|irw25 has 30 seconds left.\n|\n|t:|1776478434\n|switch|p1a: Golurk|Golurk, L50, shiny|100/100\n|-formechange|p2b: Aegislash|Aegislash|\n|move|p2b: Aegislash|King's Shield|p2b: Aegislash\n|-singleturn|p2b: Aegislash|Protect\n|move|p1b: Farigiraf|Twin Beam|p2a: Meowstic\n|-resisted|p2a: Meowstic|1\n|-damage|p2a: Meowstic|3/100\n|-resisted|p2a: Meowstic|1\n|-damage|p2a: Meowstic|0 fnt\n|faint|p2a: Meowstic\n|-hitcount|p2: Meowstic|2\n|\n|upkeep\n|\n|t:|1776478445\n|switch|p2a: Primarina|Primarina, L50, M|100/100\n|turn|5\n|\n|t:|1776478463\n|switch|p1b: Torkoal|Torkoal, L50, M|100/100\n|-weather|SunnyDay|[from] ability: Drought|[of] p1b: Torkoal\n|detailschange|p1a: Golurk|Golurk-Mega, L50, shiny\n|-mega|p1a: Golurk|Golurk|Golurkite\n|move|p1a: Golurk|Poltergeist|p2b: Aegislash\n|-activate|p2b: Aegislash|move: Poltergeist|Leftovers\n|-supereffective|p2b: Aegislash|1\n|-damage|p2b: Aegislash|2/100\n|move|p2a: Primarina|Calm Mind|p2a: Primarina\n|-boost|p2a: Primarina|spa|1\n|-boost|p2a: Primarina|spd|1\n|move|p2b: Aegislash|Swords Dance|p2b: Aegislash\n|-boost|p2b: Aegislash|atk|2\n|\n|-weather|SunnyDay|[upkeep]\n|-heal|p2b: Aegislash|8/100|[from] item: Leftovers\n|upkeep\n|turn|6\n|inactive|z3r0cool has 30 seconds left.\n|inactive|irw25 has 30 seconds left.\n|inactive|irw25 has 20 seconds left.\n|\n|t:|1776478498\n|move|p1b: Torkoal|Eruption|p2a: Primarina|[spread] p2a,p2b\n|-resisted|p2a: Primarina|1\n|-crit|p2a: Primarina\n|-supereffective|p2b: Aegislash|1\n|-damage|p2a: Primarina|46/100\n|-damage|p2b: Aegislash|0 fnt\n|-enditem|p2a: Primarina|Sitrus Berry|[eat]\n|-heal|p2a: Primarina|71/100|[from] item: Sitrus Berry\n|faint|p2b: Aegislash\n|move|p2a: Primarina|Calm Mind|p2a: Primarina\n|-boost|p2a: Primarina|spa|1\n|-boost|p2a: Primarina|spd|1\n|move|p1a: Golurk|Headlong Rush|p2a: Primarina\n|-damage|p2a: Primarina|0 fnt\n|-unboost|p1a: Golurk|def|1\n|-unboost|p1a: Golurk|spd|1\n|faint|p2a: Primarina\n|\n|-weather|SunnyDay|[upkeep]\n|-fieldend|move: Trick Room\n|upkeep\n|-message|irw25 forfeited.\n|\n|win|z3r0cool\n|raw|z3r0cool's rating: 1093 &rarr; <strong>1115</strong><br />(+22 for winning)\n|raw|irw25's rating: 1040 &rarr; <strong>1026</strong><br />(-14 for losing)\n|l|\u2606irw25\n|player|p2|\n|c|\u2606z3r0cool|gg\n",
  "uploadtime": 1776478515,
  "views": 14,
  "formatid": "gen9championsvgc2026regma",
  "rating": 1026,
  "private": 0,
  "password": null
}