{
  "id": "gen9championsvgc2026regma-2585977023",
  "format": "[Gen 9 Champions] VGC 2026 Reg M-A",
  "players": [
    "colfox",
    "200liam"
  ],
  "log": "|j|\u203dcolfox\n|j|\u2606200liam\n|t:|1776386848\n|gametype|doubles\n|player|p1|colfox|1|1284\n|player|p2|200liam|lucas|1202\n|gen|9\n|tier|[Gen 9 Champions] VGC 2026 Reg M-A\n|rated|\n|rule|Species Clause: Limit one of each Pok\u00e9mon\n|rule|Item Clause: Limit 1 of each item\n|clearpoke\n|poke|p1|Tyranitar, L50, M|\n|poke|p1|Excadrill, L50, M|\n|poke|p1|Dragapult, L50, F|\n|poke|p1|Milotic, L50, F|\n|poke|p1|Raichu, L50, M|\n|poke|p1|Scizor, L50, M|\n|poke|p2|Kingambit, L50, F|\n|poke|p2|Rotom-Mow, L50|\n|poke|p2|Aerodactyl, L50, M|\n|poke|p2|Dragapult, L50, M|\n|poke|p2|Sneasler, L50, M|\n|poke|p2|Charizard, L50, M|\n|teampreview|4\n|l|\u203dcolfox\n|player|p1|\n200liam rejected open team sheets.\n|j|\u203dcolfox\n|player|p1|colfox|1|\n|n|\u203dcolfox|colfox\n|\n|t:|1776386954\n|teamsize|p1|4\n|teamsize|p2|4\n|start\n|switch|p1a: Tyranitar|Tyranitar, L50, M|100/100\n|switch|p1b: Excadrill|Excadrill, L50, M|100/100\n|switch|p2a: Sneasler|Sneasler, L50, M|100/100\n|switch|p2b: Kingambit|Kingambit, L50, F|100/100\n|-weather|Sandstorm|[from] ability: Sand Stream|[of] p1a: Tyranitar\n|turn|1\n|\n|t:|1776386997\n|detailschange|p1a: Tyranitar|Tyranitar-Mega, L50, M\n|-mega|p1a: Tyranitar|Tyranitar|Tyranitarite\n|move|p1b: Excadrill|Protect|p1b: Excadrill\n|-singleturn|p1b: Excadrill|Protect\n|move|p2a: Sneasler|Fake Out|p1b: Excadrill\n|-activate|p1b: Excadrill|move: Protect\n|move|p1a: Tyranitar|Knock Off|p2b: Kingambit\n|-resisted|p2b: Kingambit|1\n|-damage|p2b: Kingambit|78/100\n|-enditem|p2b: Kingambit|Black Glasses|[from] move: Knock Off|[of] p1a: Tyranitar\n|move|p2b: Kingambit|Iron Head|p1a: Tyranitar\n|-supereffective|p1a: Tyranitar|1\n|-damage|p1a: Tyranitar|37/100\n|\n|-weather|Sandstorm|[upkeep]\n|-damage|p2a: Sneasler|95/100|[from] Sandstorm\n|upkeep\n|turn|2\n|\n|t:|1776387020\n|move|p2a: Sneasler|Protect|p2a: Sneasler\n|-singleturn|p2a: Sneasler|Protect\n|move|p1a: Tyranitar|Protect|p1a: Tyranitar\n|-singleturn|p1a: Tyranitar|Protect\n|move|p2b: Kingambit|Sucker Punch|p1b: Excadrill\n|-damage|p1b: Excadrill|41/100\n|move|p1b: Excadrill|High Horsepower|p2b: Kingambit\n|-supereffective|p2b: Kingambit|1\n|-damage|p2b: Kingambit|9/100\n|\n|-weather|Sandstorm|[upkeep]\n|-damage|p2a: Sneasler|89/100|[from] Sandstorm\n|upkeep\n|turn|3\n|\n|t:|1776387044\n|switch|p1a: Dragapult|Dragapult, L50, F|100/100\n|move|p2b: Kingambit|Sucker Punch|p1b: Excadrill\n|-damage|p1b: Excadrill|0 fnt\n|faint|p1b: Excadrill\n|move|p2a: Sneasler|Close Combat|p1a: Dragapult\n|-immune|p1a: Dragapult\n|\n|-weather|Sandstorm|[upkeep]\n|-damage|p1a: Dragapult|94/100|[from] Sandstorm\n|-damage|p2a: Sneasler|83/100|[from] Sandstorm\n|upkeep\n|\n|t:|1776387057\n|switch|p1b: Raichu|Raichu, L50, M|100/100\n|turn|4\n|\n|t:|1776387064\n|move|p2a: Sneasler|Protect|p2a: Sneasler\n|-singleturn|p2a: Sneasler|Protect\n|move|p2b: Kingambit|Protect|p2b: Kingambit\n|-singleturn|p2b: Kingambit|Protect\n|move|p1b: Raichu|Fake Out|p2b: Kingambit\n|-activate|p2b: Kingambit|move: Protect\n|move|p1a: Dragapult|Dragon Darts|p2b: Kingambit\n|-activate|p2a: Sneasler|move: Protect\n|\n|-weather|Sandstorm|[upkeep]\n|-damage|p1a: Dragapult|88/100|[from] Sandstorm\n|-damage|p2a: Sneasler|78/100|[from] Sandstorm\n|-damage|p1b: Raichu|95/100|[from] Sandstorm\n|upkeep\n|turn|5\n|\n|t:|1776387086\n|move|p2b: Kingambit|Sucker Punch|p1a: Dragapult\n|-supereffective|p1a: Dragapult|1\n|-damage|p1a: Dragapult|0 fnt\n|faint|p1a: Dragapult\n|move|p2a: Sneasler|Close Combat|p1b: Raichu\n|-damage|p1b: Raichu|0 fnt\n|-unboost|p2a: Sneasler|def|1\n|-unboost|p2a: Sneasler|spd|1\n|faint|p1b: Raichu\n|-enditem|p2a: Sneasler|White Herb\n|-clearnegativeboost|p2a: Sneasler|[silent]\n|\n|-weather|none\n|upkeep\n|-message|colfox forfeited.\n|\n|win|200liam\n|raw|colfox's rating: 1284 &rarr; <strong>1253</strong><br />(-31 for losing)\n|raw|200liam's rating: 1202 &rarr; <strong>1233</strong><br />(+31 for winning)\n|l|\u2606200liam\n|player|p2|\n",
  "uploadtime": 1776387107,
  "views": 49,
  "formatid": "gen9championsvgc2026regma",
  "rating": 1233,
  "private": 0,
  "password": null
}