{
  "id": "gen9championsvgc2026regma-2580828510",
  "format": "[Gen 9 Champions] VGC 2026 Reg M-A",
  "players": [
    "egswuidguiw",
    "VariAble55"
  ],
  "log": "|j|\u2606egswuidguiw\n|j|\u2606VariAble55\n|t:|1775935811\n|gametype|doubles\n|player|p1|egswuidguiw|169|1072\n|player|p2|VariAble55|dana|1072\n|gen|9\n|tier|[Gen 9 Champions] VGC 2026 Reg M-A\n|rated|\n|rule|Species Clause: Limit one of each Pok\u00e9mon\n|rule|Item Clause: Limit 1 of each item\n|clearpoke\n|poke|p1|Rotom-Wash, L50|\n|poke|p1|Arcanine, L50, F|\n|poke|p1|Gardevoir, L50, M|\n|poke|p1|Garchomp, L50, M|\n|poke|p1|Tyranitar, L50, M|\n|poke|p1|Sinistcha, L50|\n|poke|p2|Froslass, L50, F|\n|poke|p2|Incineroar, L50, M|\n|poke|p2|Sneasler, L50, F|\n|poke|p2|Empoleon, L50, F|\n|poke|p2|Chandelure, L50, M|\n|poke|p2|Ninetales-Alola, L50, M|\n|teampreview|4\n|inactive|Battle timer is ON: inactive players will automatically lose when time's up. (requested by VariAble55)\n|inactive|egswuidguiw also wants the timer to be on.\n|\n|t:|1775935836\n|teamsize|p1|4\n|teamsize|p2|4\n|start\n|switch|p1a: Gardevoir|Gardevoir, L50, M|100/100\n|switch|p1b: Arcanine|Arcanine, L50, F|100/100\n|switch|p2a: Ninetales|Ninetales-Alola, L50, M|100/100\n|switch|p2b: Incineroar|Incineroar, L50, M|100/100\n|-weather|Snowscape|[from] ability: Snow Warning|[of] p2a: Ninetales\n|-ability|p1b: Arcanine|Intimidate|boost\n|-unboost|p2a: Ninetales|atk|1\n|-unboost|p2b: Incineroar|atk|1\n|-ability|p2b: Incineroar|Intimidate|boost\n|-unboost|p1a: Gardevoir|atk|1\n|-unboost|p1b: Arcanine|atk|1\n|turn|1\n|\n|t:|1775935849\n|detailschange|p1a: Gardevoir|Gardevoir-Mega, L50, M\n|-mega|p1a: Gardevoir|Gardevoir|Gardevoirite\n|move|p2b: Incineroar|Fake Out|p1b: Arcanine\n|-damage|p1b: Arcanine|90/100\n|move|p2a: Ninetales|Aurora Veil|p2a: Ninetales\n|-sidestart|p2: VariAble55|move: Aurora Veil\n|cant|p1b: Arcanine|flinch\n|move|p1a: Gardevoir|Hyper Voice|p2b: Incineroar|[spread] p2a,p2b\n|-damage|p2a: Ninetales|61/100\n|-damage|p2b: Incineroar|67/100\n|\n|-weather|Snowscape|[upkeep]\n|upkeep\n|turn|2\n|inactive|VariAble55 has 30 seconds left.\n|\n|t:|1775935876\n|move|p2a: Ninetales|Blizzard|p1a: Gardevoir|[spread] p1a,p1b\n|-resisted|p1b: Arcanine|1\n|-damage|p1a: Gardevoir|71/100\n|-damage|p1b: Arcanine|76/100\n|move|p1b: Arcanine|Snarl|p2a: Ninetales|[spread] p2a,p2b\n|-resisted|p2a: Ninetales|1\n|-resisted|p2b: Incineroar|1\n|-damage|p2a: Ninetales|57/100\n|-damage|p2b: Incineroar|64/100\n|-unboost|p2a: Ninetales|spa|1\n|-unboost|p2b: Incineroar|spa|1\n|move|p1a: Gardevoir|Hyper Voice|p2a: Ninetales|[spread] p2a,p2b\n|-damage|p2a: Ninetales|14/100\n|-damage|p2b: Incineroar|33/100\n|move|p2b: Incineroar|Parting Shot|p1b: Arcanine\n|-unboost|p1b: Arcanine|atk|1\n|-unboost|p1b: Arcanine|spa|1\n|\n|t:|1775935889\n|switch|p2b: Froslass|Froslass, L50, F|100/100|[from] Parting Shot\n|\n|-weather|Snowscape|[upkeep]\n|upkeep\n|turn|3\n|\n|t:|1775935900\n|detailschange|p2b: Froslass|Froslass-Mega, L50, F\n|-mega|p2b: Froslass|Froslass|Froslassite\n|move|p1b: Arcanine|Protect|p1b: Arcanine\n|-singleturn|p1b: Arcanine|Protect\n|move|p1a: Gardevoir|Protect|p1a: Gardevoir\n|-singleturn|p1a: Gardevoir|Protect\n|move|p2b: Froslass|Shadow Ball|p1b: Arcanine\n|-activate|p1b: Arcanine|move: Protect\n|move|p2a: Ninetales|Blizzard|p1b: Arcanine|[spread] \n|-activate|p1a: Gardevoir|move: Protect\n|-activate|p1b: Arcanine|move: Protect\n|\n|-weather|Snowscape|[upkeep]\n|upkeep\n|turn|4\n|\n|t:|1775935919\n|switch|p1a: Tyranitar|Tyranitar, L50, M|100/100\n|-weather|Sandstorm|[from] ability: Sand Stream|[of] p1a: Tyranitar\n|move|p2b: Froslass|Shadow Ball|p1b: Arcanine\n|-damage|p1b: Arcanine|32/100\n|-enditem|p1b: Arcanine|Sitrus Berry|[eat]\n|-heal|p1b: Arcanine|57/100|[from] item: Sitrus Berry\n|move|p2a: Ninetales|Blizzard|p1b: Arcanine|[spread] p1b\n|-miss|p2a: Ninetales|p1a: Tyranitar\n|-resisted|p1b: Arcanine|1\n|-damage|p1b: Arcanine|46/100\n|move|p1b: Arcanine|Snarl|p2a: Ninetales|[spread] p2a,p2b\n|-resisted|p2a: Ninetales|1\n|-supereffective|p2b: Froslass|1\n|-damage|p2a: Ninetales|11/100\n|-damage|p2b: Froslass|90/100\n|-unboost|p2a: Ninetales|spa|1\n|-unboost|p2b: Froslass|spa|1\n|\n|-weather|Sandstorm|[upkeep]\n|-damage|p2b: Froslass|84/100|[from] Sandstorm\n|-damage|p2a: Ninetales|5/100|[from] Sandstorm\n|-damage|p1b: Arcanine|40/100|[from] Sandstorm\n|upkeep\n|turn|5\n|inactive|egswuidguiw has 30 seconds left.\n|\n|t:|1775935947\n|switch|p2b: Incineroar|Incineroar, L50, M|33/100\n|-ability|p2b: Incineroar|Intimidate|boost\n|-unboost|p1a: Tyranitar|atk|1\n|-unboost|p1b: Arcanine|atk|1\n|switch|p2a: Empoleon|Empoleon, L50, F|100/100\n|move|p1b: Arcanine|Snarl|p2a: Empoleon|[spread] p2a,p2b\n|-resisted|p2b: Incineroar|1\n|-damage|p2a: Empoleon|97/100\n|-damage|p2b: Incineroar|31/100\n|-unboost|p2a: Empoleon|spa|1\n|-ability|p2a: Empoleon|Competitive|boost\n|-boost|p2a: Empoleon|spa|2\n|-unboost|p2b: Incineroar|spa|1\n|move|p1a: Tyranitar|Knock Off|p2b: Incineroar\n|-resisted|p2b: Incineroar|1\n|-damage|p2b: Incineroar|20/100\n|-enditem|p2b: Incineroar|Bright Powder|[from] move: Knock Off|[of] p1a: Tyranitar\n|\n|-weather|Sandstorm|[upkeep]\n|-damage|p1b: Arcanine|34/100|[from] Sandstorm\n|-damage|p2b: Incineroar|14/100|[from] Sandstorm\n|-heal|p2a: Empoleon|100/100|[from] item: Leftovers\n|-sideend|p2: VariAble55|move: Aurora Veil\n|upkeep\n|turn|6\n|inactive|egswuidguiw has 30 seconds left.\n|\n|t:|1775935980\n|switch|p1a: Rotom|Rotom-Wash, L50|100/100\n|move|p2b: Incineroar|Fake Out|p1a: Rotom\n|-damage|p1a: Rotom|88/100\n|move|p1b: Arcanine|Bulldoze|p2a: Empoleon|[spread] p2a,p2b\n|-immune|p1a: Rotom|[from] ability: Levitate\n|-supereffective|p2a: Empoleon|1\n|-supereffective|p2b: Incineroar|1\n|-damage|p2a: Empoleon|89/100\n|-damage|p2b: Incineroar|4/100\n|-unboost|p2a: Empoleon|spe|1\n|-ability|p2a: Empoleon|Competitive|boost\n|-boost|p2a: Empoleon|spa|2\n|-unboost|p2b: Incineroar|spe|1\n|move|p2a: Empoleon|Hydro Pump|p1b: Arcanine|[miss]\n|-miss|p2a: Empoleon|p1b: Arcanine\n|\n|-weather|Sandstorm|[upkeep]\n|-damage|p1a: Rotom|83/100|[from] Sandstorm\n|-damage|p1b: Arcanine|28/100|[from] Sandstorm\n|-damage|p2b: Incineroar|0 fnt|[from] Sandstorm\n|faint|p2b: Incineroar\n|-heal|p2a: Empoleon|95/100|[from] item: Leftovers\n|upkeep\n|\n|t:|1775935998\n|switch|p2b: Ninetales|Ninetales-Alola, L50, M|5/100\n|-weather|Snowscape|[from] ability: Snow Warning|[of] p2b: Ninetales\n|turn|7\n|\n|t:|1775936011\n|switch|p1b: Tyranitar|Tyranitar, L50, M|100/100\n|-weather|Sandstorm|[from] ability: Sand Stream|[of] p1b: Tyranitar\n|move|p2a: Empoleon|Protect|p2a: Empoleon\n|-singleturn|p2a: Empoleon|Protect\n|move|p2b: Ninetales|Blizzard|p1b: Tyranitar|[spread] p1a,p1b\n|-resisted|p1a: Rotom|1\n|-damage|p1a: Rotom|65/100\n|-damage|p1b: Tyranitar|82/100\n|-status|p1b: Tyranitar|frz\n|move|p1a: Rotom|Thunderbolt|p2a: Empoleon\n|-activate|p2a: Empoleon|move: Protect\n|\n|-weather|Sandstorm|[upkeep]\n|-damage|p2b: Ninetales|0 fnt|[from] Sandstorm\n|-damage|p1a: Rotom|59/100|[from] Sandstorm\n|faint|p2b: Ninetales\n|-heal|p2a: Empoleon|100/100|[from] item: Leftovers\n|upkeep\n|\n|t:|1775936025\n|switch|p2b: Froslass|Froslass-Mega, L50, F|84/100\n|-weather|Snowscape|[from] ability: Snow Warning|[of] p2b: Froslass\n|turn|8\n|\n|t:|1775936035\n|switch|p1b: Arcanine|Arcanine, L50, F|28/100\n|-ability|p1b: Arcanine|Intimidate|boost\n|-unboost|p2a: Empoleon|atk|1\n|-ability|p2a: Empoleon|Competitive|boost\n|-boost|p2a: Empoleon|spa|2\n|-unboost|p2b: Froslass|atk|1\n|move|p2b: Froslass|Aurora Veil|p2b: Froslass\n|-sidestart|p2: VariAble55|move: Aurora Veil\n|move|p1a: Rotom|Thunderbolt|p2a: Empoleon\n|-supereffective|p2a: Empoleon|1\n|-damage|p2a: Empoleon|58/100\n|move|p2a: Empoleon|Flash Cannon|p1b: Arcanine\n|-resisted|p1b: Arcanine|1\n|-damage|p1b: Arcanine|0 fnt\n|faint|p1b: Arcanine\n|\n|-weather|Snowscape|[upkeep]\n|-heal|p2a: Empoleon|63/100|[from] item: Leftovers\n|upkeep\n|\n|t:|1775936039\n|switch|p1b: Tyranitar|Tyranitar, L50, M|82/100 frz\n|-weather|Sandstorm|[from] ability: Sand Stream|[of] p1b: Tyranitar\n|turn|9\n|\n|t:|1775936056\n|move|p2b: Froslass|Shadow Ball|p1a: Rotom\n|-damage|p1a: Rotom|13/100\n|move|p1a: Rotom|Thunderbolt|p2a: Empoleon\n|-supereffective|p2a: Empoleon|1\n|-damage|p2a: Empoleon|23/100\n|-curestatus|p1b: Tyranitar|frz|[msg]\n|move|p1b: Tyranitar|Knock Off|p2b: Froslass\n|-supereffective|p2b: Froslass|1\n|-damage|p2b: Froslass|12/100\n|move|p2a: Empoleon|Flash Cannon|p1b: Tyranitar\n|-supereffective|p1b: Tyranitar|1\n|-damage|p1b: Tyranitar|0 fnt\n|faint|p1b: Tyranitar\n|\n|-weather|Sandstorm|[upkeep]\n|-damage|p2b: Froslass|5/100|[from] Sandstorm\n|-damage|p1a: Rotom|8/100|[from] Sandstorm\n|-heal|p2a: Empoleon|28/100|[from] item: Leftovers\n|upkeep\n|\n|t:|1775936067\n|switch|p1b: Gardevoir|Gardevoir-Mega, L50, M|71/100\n|turn|10\n|\n|t:|1775936074\n|move|p1b: Gardevoir|Protect|p1b: Gardevoir\n|-singleturn|p1b: Gardevoir|Protect\n|move|p2b: Froslass|Shadow Ball|p1a: Rotom\n|-damage|p1a: Rotom|0 fnt\n|faint|p1a: Rotom\n|move|p2a: Empoleon|Flash Cannon|p1b: Gardevoir\n|-activate|p1b: Gardevoir|move: Protect\n|\n|-weather|Sandstorm|[upkeep]\n|-damage|p2b: Froslass|0 fnt|[from] Sandstorm\n|-damage|p1b: Gardevoir|66/100|[from] Sandstorm\n|faint|p2b: Froslass\n|-heal|p2a: Empoleon|34/100|[from] item: Leftovers\n|upkeep\n|turn|11\n|\n|t:|1775936088\n|move|p2a: Empoleon|Protect|p2a: Empoleon\n|-singleturn|p2a: Empoleon|Protect\n|move|p1b: Gardevoir|Hyper Voice|p2a: Empoleon\n|-activate|p2a: Empoleon|move: Protect\n|\n|-weather|Sandstorm|[upkeep]\n|-damage|p1b: Gardevoir|60/100|[from] Sandstorm\n|-heal|p2a: Empoleon|39/100|[from] item: Leftovers\n|upkeep\n|turn|12\n|\n|t:|1775936097\n|move|p1b: Gardevoir|Hyper Voice|p2a: Empoleon\n|-resisted|p2a: Empoleon|1\n|-damage|p2a: Empoleon|20/100\n|move|p2a: Empoleon|Flash Cannon|p1b: Gardevoir\n|-supereffective|p1b: Gardevoir|1\n|-damage|p1b: Gardevoir|0 fnt\n|faint|p1b: Gardevoir\n|\n|win|VariAble55\n|raw|egswuidguiw's rating: 1072 &rarr; <strong>1051</strong><br />(-21 for losing)\n|raw|VariAble55's rating: 1072 &rarr; <strong>1101</strong><br />(+29 for winning)\n|l|\u2606egswuidguiw\n|player|p1|\n",
  "uploadtime": 1775936106,
  "views": 12,
  "formatid": "gen9championsvgc2026regma",
  "rating": 1051,
  "private": 0,
  "password": null
}