{
  "id": "gen9championsvgc2026regma-2586081449",
  "format": "[Gen 9 Champions] VGC 2026 Reg M-A",
  "players": [
    "W0kMeDed",
    "LaserDedenee"
  ],
  "log": "|j|\u2606W0kMeDed\n|j|\u2606LaserDedenee\n|t:|1776396963\n|gametype|doubles\n|player|p1|W0kMeDed|palmer|1429\n|player|p2|LaserDedenee|266|1334\n|gen|9\n|tier|[Gen 9 Champions] VGC 2026 Reg M-A\n|rated|\n|rule|Species Clause: Limit one of each Pok\u00e9mon\n|rule|Item Clause: Limit 1 of each item\n|clearpoke\n|poke|p1|Charizard, L50, F|\n|poke|p1|Whimsicott, L50, M|\n|poke|p1|Typhlosion-Hisui, L50, M|\n|poke|p1|Garchomp, L50, F|\n|poke|p1|Rotom-Wash, L50|\n|poke|p1|Kingambit, L50, M|\n|poke|p2|Kingambit, L50, M|\n|poke|p2|Kangaskhan, L50, F|\n|poke|p2|Blastoise, L50, F|\n|poke|p2|Sinistcha, L50|\n|poke|p2|Farigiraf, L50, F|\n|poke|p2|Camerupt, L50, F|\n|teampreview|4\n|inactive|Battle timer is ON: inactive players will automatically lose when time's up. (requested by LaserDedenee)\n|\n|t:|1776397016\n|teamsize|p1|4\n|teamsize|p2|4\n|start\n|switch|p1a: Garchomp|Garchomp, L50, F|100/100\n|switch|p1b: Rotom|Rotom-Wash, L50|100/100\n|switch|p2a: Kangaskhan|Kangaskhan, L50, F|100/100\n|switch|p2b: Farigiraf|Farigiraf, L50, F|100/100\n|turn|1\n|\n|t:|1776397026\n|move|p2a: Kangaskhan|Fake Out|p1b: Rotom\n|-damage|p1b: Rotom|77/100\n|move|p1a: Garchomp|Rock Slide|p2a: Kangaskhan|[spread] p2a,p2b\n|-damage|p2a: Kangaskhan|81/100\n|-damage|p2b: Farigiraf|86/100\n|cant|p1b: Rotom|flinch\n|move|p2b: Farigiraf|Trick Room|p2b: Farigiraf\n|-fieldstart|move: Trick Room|[of] p2b: Farigiraf\n|\n|upkeep\n|turn|2\n|\n|t:|1776397043\n|move|p2b: Farigiraf|Helping Hand|p2a: Kangaskhan\n|-singleturn|p2a: Kangaskhan|Helping Hand|[of] p2b: Farigiraf\n|move|p2a: Kangaskhan|Last Resort|p1b: Rotom\n|-damage|p1b: Rotom|0 fnt\n|faint|p1b: Rotom\n|move|p1a: Garchomp|Earthquake|p2a: Kangaskhan|[spread] p2a,p2b\n|-damage|p2a: Kangaskhan|44/100\n|-damage|p2b: Farigiraf|60/100\n|\n|upkeep\n|\n|t:|1776397056\n|switch|p1b: Kingambit|Kingambit, L50, M|100/100\n|turn|3\n|\n|t:|1776397075\n|move|p2b: Farigiraf|Rain Dance|p2b: Farigiraf\n|-weather|RainDance\n|move|p1b: Kingambit|Iron Head|p2a: Kangaskhan\n|-crit|p2a: Kangaskhan\n|-damage|p2a: Kangaskhan|0 fnt\n|faint|p2a: Kangaskhan\n|move|p1a: Garchomp|Dragon Claw|p2b: Farigiraf\n|-damage|p2b: Farigiraf|31/100\n|-enditem|p2b: Farigiraf|Sitrus Berry|[eat]\n|-heal|p2b: Farigiraf|55/100|[from] item: Sitrus Berry\n|\n|-weather|RainDance|[upkeep]\n|upkeep\n|\n|t:|1776397081\n|switch|p2a: Blastoise|Blastoise, L50, F|100/100\n|turn|4\n|inactive|W0kMeDed has 30 seconds left.\n|inactive|W0kMeDed has 20 seconds left.\n|\n|t:|1776397120\n|detailschange|p2a: Blastoise|Blastoise-Mega, L50, F\n|-mega|p2a: Blastoise|Blastoise|Blastoisinite\n|move|p2b: Farigiraf|Helping Hand|p2a: Blastoise\n|-singleturn|p2a: Blastoise|Helping Hand|[of] p2b: Farigiraf\n|move|p1b: Kingambit|Kowtow Cleave|p2a: Blastoise\n|-damage|p2a: Blastoise|61/100\n|move|p2a: Blastoise|Water Spout|p1a: Garchomp|[spread] p1a,p1b\n|-damage|p1a: Garchomp|0 fnt\n|-damage|p1b: Kingambit|6/100\n|faint|p1a: Garchomp\n|\n|-weather|RainDance|[upkeep]\n|upkeep\n|\n|t:|1776397131\n|switch|p1a: Chosen 1|Charizard, L50, F|100/100\n|turn|5\n|\n|t:|1776397146\n|move|p2b: Farigiraf|Helping Hand|p2a: Blastoise\n|-singleturn|p2a: Blastoise|Helping Hand|[of] p2b: Farigiraf\n|move|p1b: Kingambit|Protect|p1b: Kingambit\n|-singleturn|p1b: Kingambit|Protect\n|move|p1a: Chosen 1|Protect|p1a: Chosen 1\n|-singleturn|p1a: Chosen 1|Protect\n|move|p2a: Blastoise|Water Spout|p1b: Kingambit|[spread] \n|-activate|p1a: Chosen 1|move: Protect\n|-activate|p1b: Kingambit|move: Protect\n|\n|-weather|RainDance|[upkeep]\n|-fieldend|move: Trick Room\n|upkeep\n|turn|6\n|\n|t:|1776397162\n|detailschange|p1a: Chosen 1|Charizard-Mega-Y, L50, F\n|-mega|p1a: Chosen 1|Charizard|Charizardite Y\n|-weather|SunnyDay|[from] ability: Drought|[of] p1a: Chosen 1\n|move|p1a: Chosen 1|Solar Beam||[still]\n|-prepare|p1a: Chosen 1|Solar Beam\n|-anim|p1a: Chosen 1|Solar Beam|p2a: Blastoise\n|-supereffective|p2a: Blastoise|1\n|-damage|p2a: Blastoise|0 fnt\n|faint|p2a: Blastoise\n|move|p1b: Kingambit|Kowtow Cleave|p2b: Farigiraf\n|-supereffective|p2b: Farigiraf|1\n|-damage|p2b: Farigiraf|0 fnt\n|faint|p2b: Farigiraf\n|\n|-weather|SunnyDay|[upkeep]\n|upkeep\n|\n|t:|1776397168\n|switch|p2b: Kingambit|Kingambit, L50, M|100/100\n|turn|7\n|\n|t:|1776397183\n|move|p2b: Kingambit|Sucker Punch|p1a: Chosen 1\n|-damage|p1a: Chosen 1|41/100\n|move|p1a: Chosen 1|Weather Ball|p2b: Kingambit\n|-supereffective|p2b: Kingambit|1\n|-damage|p2b: Kingambit|0 fnt\n|faint|p2b: Kingambit\n|\n|win|W0kMeDed\n|raw|W0kMeDed's rating: 1429 &rarr; <strong>1444</strong><br />(+15 for winning)\n|raw|LaserDedenee's rating: 1334 &rarr; <strong>1319</strong><br />(-15 for losing)\n",
  "uploadtime": 1776397192,
  "views": 37,
  "formatid": "gen9championsvgc2026regma",
  "rating": 1319,
  "private": 0,
  "password": null
}