{
  "id": "gen9championsvgc2026regma-2583257788",
  "format": "[Gen 9 Champions] VGC 2026 Reg M-A",
  "players": [
    "stewpeed",
    "TheManOfSausage"
  ],
  "log": "|j|\u2606stewpeed\n|j|\u2606TheManOfSausage\n|t:|1776160297\n|gametype|doubles\n|player|p1|stewpeed|grimsley|1394\n|player|p2|TheManOfSausage|miku-water|1396\n|gen|9\n|tier|[Gen 9 Champions] VGC 2026 Reg M-A\n|rated|\n|rule|Species Clause: Limit one of each Pok\u00e9mon\n|rule|Item Clause: Limit 1 of each item\n|clearpoke\n|poke|p1|Oranguru, L50, M|\n|poke|p1|Sinistcha, L50|\n|poke|p1|Incineroar, L50, M|\n|poke|p1|Crabominable, L50, M|\n|poke|p1|Primarina, L50, F|\n|poke|p1|Camerupt, L50, M|\n|poke|p2|Floette-Eternal, L50, F|\n|poke|p2|Volcarona, L50, M|\n|poke|p2|Basculegion, L50, M|\n|poke|p2|Sneasler, L50, M|\n|poke|p2|Aerodactyl, L50, M|\n|poke|p2|Garchomp, L50, M|\n|teampreview|4\nTheManOfSausage has agreed to open team sheets.\n|\n|t:|1776160320\n|teamsize|p1|4\n|teamsize|p2|4\n|start\n|switch|p1a: Oranguru|Oranguru, L50, M|100/100\n|switch|p1b: Incineroar|Incineroar, L50, M|100/100\n|switch|p2a: Floette|Floette-Eternal, L50, F|100/100\n|switch|p2b: Basculegion|Basculegion, L50, M|100/100\n|-ability|p1b: Incineroar|Intimidate|boost\n|-unboost|p2a: Floette|atk|1\n|-unboost|p2b: Basculegion|atk|1\n|turn|1\n|\n|t:|1776160339\n|detailschange|p2a: Floette|Floette-Mega, L50, F\n|-mega|p2a: Floette|Floette|Floettite\n|-ability|p2a: Floette|Fairy Aura\n|move|p2b: Basculegion|Flip Turn|p1a: Oranguru\n|-damage|p1a: Oranguru|77/100\n|\n|t:|1776160343\n|switch|p2b: Volcarona|Volcarona, L50, M, shiny|100/100|[from] Flip Turn\n|move|p2a: Floette|Calm Mind|p2a: Floette\n|-boost|p2a: Floette|spa|1\n|-boost|p2a: Floette|spd|1\n|move|p1b: Incineroar|Will-O-Wisp|p2b: Volcarona\n|-immune|p2b: Volcarona\n|move|p1a: Oranguru|Trick Room|p1a: Oranguru\n|-fieldstart|move: Trick Room|[of] p1a: Oranguru\n|\n|upkeep\n|turn|2\n|\n|t:|1776160355\n|move|p2b: Volcarona|Rage Powder|p2b: Volcarona\n|-singleturn|p2b: Volcarona|move: Rage Powder\n|move|p1a: Oranguru|Psychic|p2b: Volcarona\n|-damage|p2b: Volcarona|75/100\n|move|p1b: Incineroar|Parting Shot|p2b: Volcarona\n|-unboost|p2b: Volcarona|atk|1\n|-unboost|p2b: Volcarona|spa|1\n|\n|t:|1776160360\n|switch|p1b: Camerupt|Camerupt, L50, M|100/100|[from] Parting Shot\n|move|p2a: Floette|Calm Mind|p2a: Floette\n|-boost|p2a: Floette|spa|1\n|-boost|p2a: Floette|spd|1\n|\n|-heal|p2b: Volcarona|82/100|[from] item: Leftovers\n|upkeep\n|turn|3\n|\n|t:|1776160369\n|detailschange|p1b: Camerupt|Camerupt-Mega, L50, M\n|-mega|p1b: Camerupt|Camerupt|Cameruptite\n|move|p2b: Volcarona|Protect|p2b: Volcarona\n|-singleturn|p2b: Volcarona|Protect\n|move|p2a: Floette|Protect|p2a: Floette\n|-singleturn|p2a: Floette|Protect\n|move|p1b: Camerupt|Eruption|p2b: Volcarona|[spread] \n|-activate|p2a: Floette|move: Protect\n|-activate|p2b: Volcarona|move: Protect\n|move|p1a: Oranguru|Psychic|p2b: Volcarona\n|-activate|p2b: Volcarona|move: Protect\n|\n|-heal|p2b: Volcarona|88/100|[from] item: Leftovers\n|upkeep\n|turn|4\n|\n|t:|1776160379\n|move|p2b: Volcarona|Rage Powder|p2b: Volcarona\n|-singleturn|p2b: Volcarona|move: Rage Powder\n|move|p1b: Camerupt|Eruption|p2a: Floette|[spread] p2a,p2b\n|-damage|p2a: Floette|71/100\n|-damage|p2b: Volcarona|23/100\n|move|p1a: Oranguru|Instruct|p2b: Volcarona\n|-singleturn|p2b: Volcarona|move: Instruct|[of] p1a: Oranguru\n|move|p2b: Volcarona|Rage Powder||[still]\n|-fail|p2b: Volcarona\n|move|p2a: Floette|Dazzling Gleam|p1b: Camerupt|[spread] p1a,p1b\n|-resisted|p1b: Camerupt|1\n|-damage|p1a: Oranguru|0 fnt\n|-damage|p1b: Camerupt|53/100\n|faint|p1a: Oranguru\n|\n|-heal|p2b: Volcarona|30/100|[from] item: Leftovers\n|upkeep\n|\n|t:|1776160388\n|switch|p1a: Sinistcha|Sinistcha, L50|100/100\n|-heal|p1b: Camerupt|78/100|[from] ability: Hospitality|[of] p1a: Sinistcha\n|turn|5\n|\n|t:|1776160395\n|move|p2b: Volcarona|Protect|p2b: Volcarona\n|-singleturn|p2b: Volcarona|Protect\n|move|p2a: Floette|Protect|p2a: Floette\n|-singleturn|p2a: Floette|Protect\n|move|p1b: Camerupt|Eruption|p2b: Volcarona|[spread] \n|-activate|p2a: Floette|move: Protect\n|-activate|p2b: Volcarona|move: Protect\n|move|p1a: Sinistcha|Life Dew||[still]|[spread] p1a,p1b\n|-fail|p1a: Sinistcha|heal\n|-heal|p1b: Camerupt|100/100\n|\n|-heal|p2b: Volcarona|36/100|[from] item: Leftovers\n|-fieldend|move: Trick Room\n|upkeep\n|turn|6\n|\n|t:|1776160410\n|move|p1b: Camerupt|Protect|p1b: Camerupt\n|-singleturn|p1b: Camerupt|Protect\n|move|p2a: Floette|Moonblast|p1a: Sinistcha\n|-crit|p1a: Sinistcha\n|-damage|p1a: Sinistcha|0 fnt\n|faint|p1a: Sinistcha\n|move|p2b: Volcarona|Struggle Bug|p1b: Camerupt\n|-activate|p1b: Camerupt|move: Protect\n|\n|-heal|p2b: Volcarona|42/100|[from] item: Leftovers\n|upkeep\n|-message|stewpeed forfeited.\n|\n|win|TheManOfSausage\n|raw|stewpeed's rating: 1394 &rarr; <strong>1374</strong><br />(-20 for losing)\n|raw|TheManOfSausage's rating: 1396 &rarr; <strong>1416</strong><br />(+20 for winning)\n|l|\u2606stewpeed\n|player|p1|\n|l|\u2606TheManOfSausage\n|player|p2|\n",
  "uploadtime": 1776160552,
  "views": 31,
  "formatid": "gen9championsvgc2026regma",
  "rating": 1374,
  "private": 0,
  "password": null
}