{
  "id": "gen9championsvgc2026regma-2583226117",
  "format": "[Gen 9 Champions] VGC 2026 Reg M-A",
  "players": [
    "henitusec",
    "issam14"
  ],
  "log": "|j|\u2606henitusec\n|j|\u2606issam14\n|t:|1776156853\n|gametype|doubles\n|player|p1|henitusec|volo|1150\n|player|p2|issam14|1|1061\n|gen|9\n|tier|[Gen 9 Champions] VGC 2026 Reg M-A\n|rated|\n|rule|Species Clause: Limit one of each Pok\u00e9mon\n|rule|Item Clause: Limit 1 of each item\n|clearpoke\n|poke|p1|Gardevoir, L50, F|\n|poke|p1|Aegislash, L50, M|\n|poke|p1|Incineroar, L50, M|\n|poke|p1|Vivillon-Polar, L50, F|\n|poke|p1|Hydreigon, L50, M|\n|poke|p1|Tauros-Paldea-Aqua, L50, M|\n|poke|p2|Pelipper, L50, F|\n|poke|p2|Meganium, L50, F|\n|poke|p2|Archaludon, L50, F|\n|poke|p2|Sinistcha, L50|\n|poke|p2|Incineroar, L50, M|\n|poke|p2|Farigiraf, L50, F|\n|teampreview|4\n|inactive|Battle timer is ON: inactive players will automatically lose when time's up. (requested by henitusec)\n|inactive|issam14 has 60 seconds left.\n|inactive|issam14 has 30 seconds left.\n|inactive|issam14 has 20 seconds left.\n|\n|t:|1776156927\n|teamsize|p1|4\n|teamsize|p2|4\n|start\n|switch|p1a: Gardevoir|Gardevoir, L50, F, shiny|100/100\n|switch|p1b: Hydreigon|Hydreigon, L50, M|100/100\n|switch|p2a: Incineroar|Incineroar, L50, M|100/100\n|switch|p2b: Meganium|Meganium, L50, F|100/100\n|-ability|p1a: Gardevoir|Intimidate|Trace|[from] ability: Trace|[of] p2a: Incineroar\n|-ability|p1a: Gardevoir|Intimidate|boost\n|-unboost|p2a: Incineroar|atk|1\n|-unboost|p2b: Meganium|atk|1\n|-ability|p2a: Incineroar|Intimidate|boost\n|-unboost|p1a: Gardevoir|atk|1\n|-unboost|p1b: Hydreigon|atk|1\n|turn|1\n|inactive|issam14 has 30 seconds left.\n|inactive|issam14 has 20 seconds left.\n|inactive|issam14 has 15 seconds left.\n|\n|t:|1776156971\n|detailschange|p1a: Gardevoir|Gardevoir-Mega, L50, F, shiny\n|-mega|p1a: Gardevoir|Gardevoir|Gardevoirite\n|detailschange|p2b: Meganium|Meganium-Mega, L50, F\n|-mega|p2b: Meganium|Meganium|Meganiumite\n|move|p1b: Hydreigon|Tailwind|p1b: Hydreigon\n|-sidestart|p1: henitusec|move: Tailwind\n|move|p1a: Gardevoir|Calm Mind|p1a: Gardevoir\n|-boost|p1a: Gardevoir|spa|1\n|-boost|p1a: Gardevoir|spd|1\n|move|p2b: Meganium|Solar Beam||[still]\n|-prepare|p2b: Meganium|Solar Beam\n|-activate|p2b: Meganium|ability: Mega Sol\n|-anim|p2b: Meganium|Solar Beam|p1a: Gardevoir\n|-damage|p1a: Gardevoir|66/100\n|move|p2a: Incineroar|Parting Shot|p1a: Gardevoir\n|-unboost|p1a: Gardevoir|atk|1\n|-unboost|p1a: Gardevoir|spa|1\n|\n|t:|1776156994\n|switch|p2a: Archaludon|Archaludon, L50, F|100/100|[from] Parting Shot\n|\n|upkeep\n|turn|2\n|inactive|henitusec has 30 seconds left.\n|\n|t:|1776157023\n|move|p1b: Hydreigon|Dark Pulse|p2a: Archaludon\n|-damage|p2a: Archaludon|63/100\n|-ability|p2a: Archaludon|Stamina|boost\n|-boost|p2a: Archaludon|def|1\n|move|p1a: Gardevoir|Hyper Voice|p2b: Meganium|[spread] p2a,p2b\n|-damage|p2a: Archaludon|19/100\n|-damage|p2b: Meganium|63/100\n|-ability|p2a: Archaludon|Stamina|boost\n|-boost|p2a: Archaludon|def|1\n|cant|p2a: Archaludon|flinch\n|move|p2b: Meganium|Solar Beam||[still]\n|-prepare|p2b: Meganium|Solar Beam\n|-activate|p2b: Meganium|ability: Mega Sol\n|-anim|p2b: Meganium|Solar Beam|p1a: Gardevoir\n|-damage|p1a: Gardevoir|29/100\n|\n|-heal|p2a: Archaludon|25/100|[from] item: Leftovers\n|upkeep\n|turn|3\n|inactive|issam14 has 30 seconds left.\n|\n|t:|1776157057\n|switch|p2a: Incineroar|Incineroar, L50, M|100/100\n|-ability|p2a: Incineroar|Intimidate|boost\n|-unboost|p1a: Gardevoir|atk|1\n|-unboost|p1b: Hydreigon|atk|1\n|move|p1b: Hydreigon|Dark Pulse|p2a: Incineroar\n|-resisted|p2a: Incineroar|1\n|-damage|p2a: Incineroar|84/100\n|move|p1a: Gardevoir|Mystical Fire|p2b: Meganium\n|-supereffective|p2b: Meganium|1\n|-damage|p2b: Meganium|17/100\n|-unboost|p2b: Meganium|spa|1\n|move|p2b: Meganium|Synthesis|p2b: Meganium\n|-heal|p2b: Meganium|84/100\n|\n|upkeep\n|turn|4\n|inactive|henitusec has 30 seconds left.\n|inactive|issam14 has 30 seconds left.\n|\n|t:|1776157091\n|move|p1b: Hydreigon|Dark Pulse|p2b: Meganium\n|-resisted|p2b: Meganium|1\n|-damage|p2b: Meganium|68/100\n|move|p1a: Gardevoir|Hyper Voice|p2b: Meganium|[spread] p2a,p2b\n|-damage|p2a: Incineroar|43/100\n|-damage|p2b: Meganium|26/100\n|move|p2b: Meganium|Solar Beam||[still]\n|-prepare|p2b: Meganium|Solar Beam\n|-activate|p2b: Meganium|ability: Mega Sol\n|-anim|p2b: Meganium|Solar Beam|p1b: Hydreigon\n|-resisted|p1b: Hydreigon|1\n|-damage|p1b: Hydreigon|78/100\n|move|p2a: Incineroar|Flare Blitz|p1a: Gardevoir\n|-damage|p1a: Gardevoir|0 fnt\n|faint|p1a: Gardevoir\n|-damage|p2a: Incineroar|34/100|[from] Recoil\n|\n|-sideend|p1: henitusec|move: Tailwind\n|upkeep\n|\n|t:|1776157111\n|switch|p1a: Aegislash|Aegislash, L50, M|100/100\n|turn|5\n|\n|t:|1776157124\n|move|p1b: Hydreigon|Tailwind|p1b: Hydreigon\n|-sidestart|p1: henitusec|move: Tailwind\n|-formechange|p1a: Aegislash|Aegislash-Blade|\n|move|p1a: Aegislash|Poltergeist|p2b: Meganium\n|-activate|p2b: Meganium|move: Poltergeist|Meganiumite\n|-damage|p2b: Meganium|0 fnt\n|faint|p2b: Meganium\n|move|p2a: Incineroar|Flare Blitz|p1a: Aegislash\n|-supereffective|p1a: Aegislash|1\n|-damage|p1a: Aegislash|0 fnt\n|faint|p1a: Aegislash\n|-damage|p2a: Incineroar|6/100|[from] Recoil\n|\n|upkeep\n|\n|t:|1776157140\n|switch|p1a: Vivillon|Vivillon-Polar, L50, F|100/100\n|switch|p2b: Pelipper|Pelipper, L50, F|100/100\n|turn|6\n|\n|t:|1776157163\n|move|p1a: Vivillon|Sleep Powder|p2b: Pelipper\n|-status|p2b: Pelipper|slp|[from] move: Sleep Powder\n|move|p1b: Hydreigon|Dark Pulse|p2a: Incineroar\n|-resisted|p2a: Incineroar|1\n|-damage|p2a: Incineroar|0 fnt\n|faint|p2a: Incineroar\n|cant|p2b: Pelipper|slp\n|\n|upkeep\n|\n|t:|1776157171\n|switch|p2a: Archaludon|Archaludon, L50, F|25/100\n|turn|7\n|\n|t:|1776157190\n|move|p1a: Vivillon|Hurricane|p2b: Pelipper\n|-damage|p2b: Pelipper|15/100 slp\n|-start|p2b: Pelipper|confusion\n|move|p1b: Hydreigon|Dark Pulse|p2a: Archaludon\n|-damage|p2a: Archaludon|0 fnt\n|faint|p2a: Archaludon\n|cant|p2b: Pelipper|slp\n|\n|upkeep\n|turn|8\n|-message|issam14 forfeited.\n|\n|win|henitusec\n|raw|henitusec's rating: 1150 &rarr; <strong>1169</strong><br />(+19 for winning)\n|raw|issam14's rating: 1061 &rarr; <strong>1047</strong><br />(-14 for losing)\n|l|\u2606issam14\n|player|p2|\n",
  "uploadtime": 1776157203,
  "views": 17,
  "formatid": "gen9championsvgc2026regma",
  "rating": 1047,
  "private": 0,
  "password": null
}