{
  "id": "gen9championsvgc2026regma-2587747034",
  "format": "[Gen 9 Champions] VGC 2026 Reg M-A",
  "players": [
    "Clueless845",
    "RamiCane"
  ],
  "log": "|j|\u2606Clueless845\n|j|\u2606RamiCane\n|t:|1776559916\n|gametype|doubles\n|player|p1|Clueless845|2|1040\n|player|p2|RamiCane|veteran|1057\n|gen|9\n|tier|[Gen 9 Champions] VGC 2026 Reg M-A\n|rated|\n|rule|Species Clause: Limit one of each Pok\u00e9mon\n|rule|Item Clause: Limit 1 of each item\n|clearpoke\n|poke|p1|Meganium, L50, F|\n|poke|p1|Aerodactyl, L50, M|\n|poke|p1|Kangaskhan, L50, F|\n|poke|p1|Typhlosion-Hisui, L50, M|\n|poke|p1|Tauros-Paldea-Aqua, L50, M|\n|poke|p1|Archaludon, L50, F|\n|poke|p2|Umbreon, L50, M|\n|poke|p2|Skarmory, L50, M|\n|poke|p2|Ninetales, L50, F|\n|poke|p2|Venusaur, L50, M|\n|poke|p2|Vaporeon, L50, F, shiny|\n|poke|p2|Garchomp, L50, M|\n|teampreview|4\n|\n|t:|1776559959\n|teamsize|p1|4\n|teamsize|p2|4\n|start\n|switch|p1a: Aerodactyl|Aerodactyl, L50, M|100/100\n|switch|p1b: Typhlosion|Typhlosion-Hisui, L50, M|100/100\n|switch|p2a: Skarmory|Skarmory, L50, M|100/100\n|switch|p2b: Vaporeon|Vaporeon, L50, F, shiny|100/100\n|-ability|p1a: Aerodactyl|Unnerve\n|-item|p2a: Skarmory|Skarmorite|[from] ability: Frisk|[of] p1b: Typhlosion\n|-item|p2b: Vaporeon|Quick Claw|[from] ability: Frisk|[of] p1b: Typhlosion\n|turn|1\n|\n|t:|1776560006\n|switch|p1b: Kangaskhan|Kangaskhan, L50, F|100/100\n|move|p1a: Aerodactyl|Tailwind|p1a: Aerodactyl\n|-sidestart|p1: Clueless845|move: Tailwind\n|move|p2a: Skarmory|Tailwind|p2a: Skarmory\n|-sidestart|p2: RamiCane|move: Tailwind\n|move|p2b: Vaporeon|Scald|p1a: Aerodactyl\n|-supereffective|p1a: Aerodactyl|1\n|-enditem|p1a: Aerodactyl|Focus Sash\n|-damage|p1a: Aerodactyl|1/100\n|\n|upkeep\n|turn|2\n|\n|t:|1776560037\n|detailschange|p1b: Kangaskhan|Kangaskhan-Mega, L50, F\n|-mega|p1b: Kangaskhan|Kangaskhan|Kangaskhanite\n|move|p1a: Aerodactyl|Protect|p1a: Aerodactyl\n|-singleturn|p1a: Aerodactyl|Protect\n|move|p2a: Skarmory|Protect|p2a: Skarmory\n|-singleturn|p2a: Skarmory|Protect\n|move|p1b: Kangaskhan|Fake Out|p2b: Vaporeon\n|-damage|p2b: Vaporeon|79/100\n|-damage|p2b: Vaporeon|73/100\n|-hitcount|p2b: Vaporeon|2\n|cant|p2b: Vaporeon|flinch\n|\n|upkeep\n|turn|3\n|-activate|p2b: Vaporeon|item: Quick Claw\n|\n|t:|1776560071\n|move|p2b: Vaporeon|Scald|p1a: Aerodactyl\n|-supereffective|p1a: Aerodactyl|1\n|-damage|p1a: Aerodactyl|0 fnt\n|faint|p1a: Aerodactyl\n|move|p1b: Kangaskhan|Low Kick|p2a: Skarmory\n|-damage|p2a: Skarmory|74/100\n|-damage|p2a: Skarmory|68/100\n|-hitcount|p2a: Skarmory|2\n|move|p2a: Skarmory|Iron Head|p1b: Kangaskhan\n|-damage|p1b: Kangaskhan|69/100\n|\n|upkeep\n|\n|t:|1776560082\n|switch|p1a: Tauros|Tauros-Paldea-Aqua, L50, M|100/100\n|-ability|p1a: Tauros|Intimidate|boost\n|-unboost|p2a: Skarmory|atk|1\n|-unboost|p2b: Vaporeon|atk|1\n|turn|4\n|\n|t:|1776560095\n|move|p2a: Skarmory|Protect|p2a: Skarmory\n|-singleturn|p2a: Skarmory|Protect\n|move|p1a: Tauros|Close Combat|p2a: Skarmory\n|-activate|p2a: Skarmory|move: Protect\n|move|p1b: Kangaskhan|Double-Edge|p2b: Vaporeon\n|-damage|p2b: Vaporeon|12/100\n|-damage|p2b: Vaporeon|0 fnt\n|faint|p2b: Vaporeon\n|-hitcount|p2: Vaporeon|2\n|-damage|p1b: Kangaskhan|37/100|[from] Recoil\n|\n|-sideend|p1: Clueless845|move: Tailwind\n|-sideend|p2: RamiCane|move: Tailwind\n|upkeep\n|\n|t:|1776560109\n|switch|p2b: Ninetales|Ninetales, L50, F|100/100\n|-weather|SunnyDay|[from] ability: Drought|[of] p2b: Ninetales\n|turn|5\n|\n|t:|1776560140\n|detailschange|p2a: Skarmory|Skarmory-Mega, L50, M\n|-mega|p2a: Skarmory|Skarmory|Skarmorite\n|move|p1b: Kangaskhan|Sucker Punch|p2a: Skarmory\n|-damage|p2a: Skarmory|39/100\n|-damage|p2a: Skarmory|33/100\n|-hitcount|p2a: Skarmory|2\n|move|p2a: Skarmory|Brave Bird|p1a: Tauros\n|-supereffective|p1a: Tauros|1\n|-damage|p1a: Tauros|0 fnt\n|faint|p1a: Tauros\n|-damage|p2a: Skarmory|0 fnt|[from] Recoil\n|faint|p2a: Skarmory\n|move|p2b: Ninetales|Nasty Plot|p2b: Ninetales\n|-boost|p2b: Ninetales|spa|2\n|\n|-weather|SunnyDay|[upkeep]\n|upkeep\n|\n|t:|1776560154\n|switch|p2a: Umbreon|Umbreon, L50, M|100/100\n|switch|p1a: Typhlosion|Typhlosion-Hisui, L50, M|100/100\n|-item|p2a: Umbreon|Leftovers|[from] ability: Frisk|[of] p1a: Typhlosion\n|-item|p2b: Ninetales|Focus Sash|[from] ability: Frisk|[of] p1a: Typhlosion\n|turn|6\n|\n|t:|1776560172\n|move|p2b: Ninetales|Protect|p2b: Ninetales\n|-singleturn|p2b: Ninetales|Protect\n|move|p1a: Typhlosion|Eruption|p2b: Ninetales|[spread] p2a\n|-activate|p2b: Ninetales|move: Protect\n|-damage|p2a: Umbreon|46/100\n|move|p1b: Kangaskhan|Double-Edge|p2b: Ninetales\n|-activate|p2b: Ninetales|move: Protect\n|move|p2a: Umbreon|Foul Play|p1b: Kangaskhan\n|-damage|p1b: Kangaskhan|0 fnt\n|faint|p1b: Kangaskhan\n|\n|-weather|SunnyDay|[upkeep]\n|-heal|p2a: Umbreon|52/100|[from] item: Leftovers\n|upkeep\n|turn|7\n|\n|t:|1776560198\n|move|p1a: Typhlosion|Eruption|p2a: Umbreon|[spread] p2a,p2b\n|-resisted|p2b: Ninetales|1\n|-damage|p2a: Umbreon|0 fnt\n|-damage|p2b: Ninetales|51/100\n|faint|p2a: Umbreon\n|move|p2b: Ninetales|Heat Wave|p1a: Typhlosion\n|-resisted|p1a: Typhlosion|1\n|-damage|p1a: Typhlosion|22/100\n|\n|-weather|SunnyDay|[upkeep]\n|upkeep\n|turn|8\n|\n|t:|1776560209\n|move|p1a: Typhlosion|Eruption|p2b: Ninetales\n|-resisted|p2b: Ninetales|1\n|-damage|p2b: Ninetales|37/100\n|move|p2b: Ninetales|Heat Wave|p1a: Typhlosion\n|-resisted|p1a: Typhlosion|1\n|-damage|p1a: Typhlosion|0 fnt\n|faint|p1a: Typhlosion\n|\n|win|RamiCane\n|raw|Clueless845's rating: 1040 &rarr; <strong>1025</strong><br />(-15 for losing)\n|raw|RamiCane's rating: 1057 &rarr; <strong>1087</strong><br />(+30 for winning)\n|c|\u2606RamiCane|gg\n|c|\u2606Clueless845|gg\n|l|\u2606Clueless845\n|player|p1|\n",
  "uploadtime": 1776560221,
  "views": 15,
  "formatid": "gen9championsvgc2026regma",
  "rating": 1025,
  "private": 0,
  "password": null
}