{
  "id": "gen9championsvgc2026regma-2582495113",
  "format": "[Gen 9 Champions] VGC 2026 Reg M-A",
  "players": [
    "not_lolu",
    "poncy3"
  ],
  "log": "|j|\u2606not_lolu\n|j|\u2606poncy3\n|t:|1776095328\n|gametype|doubles\n|player|p1|not_lolu|169|\n|player|p2|poncy3|1|\n|gen|9\n|tier|[Gen 9 Champions] VGC 2026 Reg M-A\n|rule|Species Clause: Limit one of each Pok\u00e9mon\n|rule|Item Clause: Limit 1 of each item\n|clearpoke\n|poke|p1|Froslass, L50, F|\n|poke|p1|Meowscarada, L50, M|\n|poke|p1|Incineroar, L50, M|\n|poke|p1|Ninetales-Alola, L50, F|\n|poke|p1|Floette-Eternal, L50, F|\n|poke|p1|Starmie, L50|\n|poke|p2|Charizard, L50, F|\n|poke|p2|Venusaur, L50, F|\n|poke|p2|Aerodactyl, L50, F|\n|poke|p2|Garchomp, L50, M|\n|poke|p2|Incineroar, L50, M|\n|poke|p2|Rotom-Heat, L50|\n|teampreview|4\n|\n|t:|1776095350\n|teamsize|p1|4\n|teamsize|p2|4\n|start\n|switch|p1a: Starmie|Starmie, L50|100/100\n|switch|p1b: Incineroar|Incineroar, L50, M|100/100\n|switch|p2a: Charizard|Charizard, L50, F|100/100\n|switch|p2b: Venusaur|Venusaur, L50, F|100/100\n|-ability|p1b: Incineroar|Intimidate|boost\n|-unboost|p2a: Charizard|atk|1\n|-unboost|p2b: Venusaur|atk|1\n|turn|1\n|\n|t:|1776095368\n|detailschange|p1a: Starmie|Starmie-Mega, L50\n|-mega|p1a: Starmie|Starmie|Starminite\n|move|p2a: Charizard|Protect|p2a: Charizard\n|-singleturn|p2a: Charizard|Protect\n|move|p2b: Venusaur|Protect|p2b: Venusaur\n|-singleturn|p2b: Venusaur|Protect\n|move|p1a: Starmie|Bulk Up|p1a: Starmie\n|-boost|p1a: Starmie|atk|1\n|-boost|p1a: Starmie|def|1\n|move|p1b: Incineroar|Parting Shot|p2a: Charizard\n|-activate|p2a: Charizard|move: Protect\n|\n|upkeep\n|turn|2\n|\n|t:|1776095409\n|switch|p2a: Incineroar|Incineroar, L50, M|100/100\n|-ability|p2a: Incineroar|Intimidate|boost\n|-unboost|p1a: Starmie|atk|1\n|-unboost|p1b: Incineroar|atk|1\n|move|p1b: Incineroar|Protect|p1b: Incineroar\n|-singleturn|p1b: Incineroar|Protect\n|move|p1a: Starmie|Self-Destruct|p2a: Incineroar|[spread] p2a,p2b\n|-activate|p1b: Incineroar|move: Protect\n|-damage|p2a: Incineroar|21/100\n|-damage|p2b: Venusaur|3/100\n|-enditem|p2a: Incineroar|Sitrus Berry|[eat]\n|-heal|p2a: Incineroar|46/100|[from] item: Sitrus Berry\n|faint|p1a: Starmie\n|move|p2b: Venusaur|Sleep Powder|p1b: Incineroar\n|-activate|p1b: Incineroar|move: Protect\n|\n|upkeep\n|\n|t:|1776095417\n|switch|p1a: Floette|Floette-Eternal, L50, F|100/100\n|turn|3\n|\n|t:|1776095451\n|move|p2a: Incineroar|Fake Out|p1a: Floette\n|-damage|p1a: Floette|81/100\n|move|p2b: Venusaur|Sleep Powder|p1a: Floette\n|-status|p1a: Floette|slp|[from] move: Sleep Powder\n|cant|p1a: Floette|slp\n|move|p1b: Incineroar|Darkest Lariat|p2b: Venusaur\n|-damage|p2b: Venusaur|0 fnt\n|faint|p2b: Venusaur\n|\n|upkeep\n|\n|t:|1776095457\n|switch|p2b: Charizard|Charizard, L50, F|100/100\n|turn|4\n|\n|t:|1776095472\n|detailschange|p2b: Charizard|Charizard-Mega-Y, L50, F\n|-mega|p2b: Charizard|Charizard|Charizardite Y\n|-weather|SunnyDay|[from] ability: Drought|[of] p2b: Charizard\n|move|p2b: Charizard|Flamethrower|p1a: Floette\n|-damage|p1a: Floette|9/100 slp\n|-curestatus|p1a: Floette|slp|[msg]\n|move|p1a: Floette|Synthesis|p1a: Floette\n|-heal|p1a: Floette|75/100\n|move|p2a: Incineroar|Parting Shot|p1b: Incineroar\n|-unboost|p1b: Incineroar|atk|1\n|-unboost|p1b: Incineroar|spa|1\n|\n|t:|1776095485\n|switch|p2a: Rotom|Rotom-Heat, L50|100/100|[from] Parting Shot\n|move|p1b: Incineroar|Parting Shot|p2b: Charizard\n|-unboost|p2b: Charizard|atk|1\n|-unboost|p2b: Charizard|spa|1\n|\n|t:|1776095491\n|switch|p1b: Meowscarada|Meowscarada, L50, M|100/100|[from] Parting Shot\n|\n|-weather|SunnyDay|[upkeep]\n|upkeep\n|turn|5\n|\n|t:|1776095517\n|move|p2a: Rotom|Helping Hand|p2b: Charizard\n|-singleturn|p2b: Charizard|Helping Hand|[of] p2a: Rotom\n|move|p1a: Floette|Protect|p1a: Floette\n|-singleturn|p1a: Floette|Protect\n|move|p1b: Meowscarada|Throat Chop|p2b: Charizard\n|-start|p1b: Meowscarada|typechange|Dark|[from] ability: Protean\n|-damage|p2b: Charizard|44/100\n|-start|p2b: Charizard|Throat Chop|[silent]\n|move|p2b: Charizard|Heat Wave|p1a: Floette|[spread] p1b\n|-activate|p1a: Floette|move: Protect\n|-damage|p1b: Meowscarada|0 fnt\n|faint|p1b: Meowscarada\n|\n|-weather|SunnyDay|[upkeep]\n|upkeep\n|\n|t:|1776095521\n|switch|p1b: Incineroar|Incineroar, L50, M|100/100\n|-ability|p1b: Incineroar|Intimidate|boost\n|-unboost|p2a: Rotom|atk|1\n|-unboost|p2b: Charizard|atk|1\n|turn|6\n|\n|t:|1776095539\n|move|p2b: Charizard|Protect|p2b: Charizard\n|-singleturn|p2b: Charizard|Protect\n|move|p1b: Incineroar|Fake Out|p2a: Rotom\n|-damage|p2a: Rotom|88/100\n|cant|p2a: Rotom|flinch\n|move|p1a: Floette|Calm Mind|p1a: Floette\n|-boost|p1a: Floette|spa|1\n|-boost|p1a: Floette|spd|1\n|\n|-weather|SunnyDay|[upkeep]\n|-heal|p2a: Rotom|93/100|[from] item: Leftovers\n|-end|p2b: Charizard|Throat Chop|[silent]\n|upkeep\n|turn|7\n|\n|t:|1776095554\n|move|p2b: Charizard|Heat Wave|p1a: Floette|[spread] p1a,p1b\n|-resisted|p1b: Incineroar|1\n|-damage|p1a: Floette|53/100\n|-damage|p1b: Incineroar|76/100\n|-status|p1a: Floette|brn\n|move|p2a: Rotom|Thunder Wave||[still]\n|-fail|p2a: Rotom\n|move|p1a: Floette|Light of Ruin|p2b: Charizard\n|-resisted|p2b: Charizard|1\n|-damage|p2b: Charizard|0 fnt\n|faint|p2b: Charizard\n|-damage|p1a: Floette|30/100 brn|[from] Recoil\n|move|p1b: Incineroar|Darkest Lariat|p2a: Rotom\n|-damage|p2a: Rotom|53/100\n|\n|-weather|SunnyDay|[upkeep]\n|-heal|p2a: Rotom|58/100|[from] item: Leftovers\n|-heal|p1b: Incineroar|82/100|[from] item: Leftovers\n|-damage|p1a: Floette|24/100 brn|[from] brn\n|upkeep\n|\n|t:|1776095564\n|switch|p2b: Incineroar|Incineroar, L50, M|46/100\n|-ability|p2b: Incineroar|Intimidate|boost\n|-unboost|p1a: Floette|atk|1\n|-unboost|p1b: Incineroar|atk|1\n|turn|8\n|\n|t:|1776095575\n|move|p1b: Incineroar|Protect|p1b: Incineroar\n|-singleturn|p1b: Incineroar|Protect\n|move|p2a: Rotom|Thunderbolt|p1b: Incineroar\n|-activate|p1b: Incineroar|move: Protect\n|move|p1a: Floette|Synthesis|p1a: Floette\n|-heal|p1a: Floette|90/100 brn\n|move|p2b: Incineroar|Flare Blitz|p1b: Incineroar\n|-activate|p1b: Incineroar|move: Protect\n|\n|-weather|none\n|-heal|p2a: Rotom|64/100|[from] item: Leftovers\n|-heal|p1b: Incineroar|88/100|[from] item: Leftovers\n|-damage|p1a: Floette|84/100 brn|[from] brn\n|upkeep\n|turn|9\n|\n|t:|1776095588\n|move|p2a: Rotom|Thunderbolt|p1b: Incineroar\n|-damage|p1b: Incineroar|48/100\n|move|p1a: Floette|Light of Ruin|p2b: Incineroar\n|-damage|p2b: Incineroar|0 fnt\n|faint|p2b: Incineroar\n|-damage|p1a: Floette|54/100 brn|[from] Recoil\n|move|p1b: Incineroar|Darkest Lariat|p2a: Rotom\n|-damage|p2a: Rotom|36/100\n|\n|-heal|p2a: Rotom|41/100|[from] item: Leftovers\n|-heal|p1b: Incineroar|53/100|[from] item: Leftovers\n|-damage|p1a: Floette|47/100 brn|[from] brn\n|upkeep\n|turn|10\n|-message|poncy3 forfeited.\n|\n|win|not_lolu\n|l|\u2606poncy3\n|player|p2|\n",
  "uploadtime": 1776095644,
  "views": 25,
  "formatid": "gen9championsvgc2026regma",
  "rating": null,
  "private": 0,
  "password": null
}