{
  "id": "gen9championsvgc2026regma-2584752283",
  "format": "[Gen 9 Champions] VGC 2026 Reg M-A",
  "players": [
    "absol990",
    "joshferd"
  ],
  "log": "|j|\u2606absol990\n|j|\u2606joshferd\n|t:|1776281161\n|gametype|doubles\n|player|p1|absol990|elesa|1055\n|player|p2|joshferd|169|1134\n|gen|9\n|tier|[Gen 9 Champions] VGC 2026 Reg M-A\n|rated|\n|rule|Species Clause: Limit one of each Pok\u00e9mon\n|rule|Item Clause: Limit 1 of each item\n|clearpoke\n|poke|p1|Talonflame, L50, M|\n|poke|p1|Garchomp, L50, F|\n|poke|p1|Froslass, L50, F|\n|poke|p1|Milotic, L50, M|\n|poke|p1|Clefable, L50, F|\n|poke|p1|Aegislash, L50, F|\n|poke|p2|Ditto, L50|\n|poke|p2|Aegislash, L50, F|\n|poke|p2|Lopunny, L50, F|\n|poke|p2|Ninetales-Alola, L50, M|\n|poke|p2|Rotom-Heat, L50|\n|poke|p2|Hydreigon, L50, F|\n|teampreview|4\n|\n|t:|1776281188\n|teamsize|p1|4\n|teamsize|p2|4\n|start\n|switch|p1a: Jetstream Sam|Talonflame, L50, M, shiny|100/100\n|switch|p1b: Spiff|Clefable, L50, F|100/100\n|switch|p2a: Lopunny|Lopunny, L50, F, shiny|100/100\n|switch|p2b: Rotom|Rotom-Heat, L50|100/100\n|turn|1\n|\n|t:|1776281214\n|detailschange|p2a: Lopunny|Lopunny-Mega, L50, F, shiny\n|-mega|p2a: Lopunny|Lopunny|Lopunnite\n|move|p2a: Lopunny|Fake Out|p1a: Jetstream Sam\n|-damage|p1a: Jetstream Sam|69/100\n|cant|p1a: Jetstream Sam|flinch\n|move|p2b: Rotom|Volt Switch|p1a: Jetstream Sam\n|-supereffective|p1a: Jetstream Sam|1\n|-damage|p1a: Jetstream Sam|0 fnt\n|faint|p1a: Jetstream Sam\n|\n|t:|1776281225\n|switch|p2b: Aegislash|Aegislash, L50, F|100/100|[from] Volt Switch\n|move|p1b: Spiff|Moonblast|p2b: Aegislash\n|-resisted|p2b: Aegislash|1\n|-damage|p2b: Aegislash|86/100\n|\n|upkeep\n|\n|t:|1776281230\n|switch|p1a: Mifuyu|Froslass, L50, F|100/100\n|turn|2\n|\n|t:|1776281251\n|detailschange|p1a: Mifuyu|Froslass-Mega, L50, F\n|-mega|p1a: Mifuyu|Froslass|Froslassite\n|-weather|Snowscape|[from] ability: Snow Warning|[of] p1a: Mifuyu\n|move|p1b: Spiff|Follow Me|p1b: Spiff\n|-singleturn|p1b: Spiff|move: Follow Me\n|move|p2a: Lopunny|Close Combat|p1b: Spiff\n|-resisted|p1b: Spiff|1\n|-damage|p1b: Spiff|69/100\n|-unboost|p2a: Lopunny|def|1\n|-unboost|p2a: Lopunny|spd|1\n|move|p1a: Mifuyu|Shadow Ball|p2b: Aegislash\n|-supereffective|p2b: Aegislash|1\n|-damage|p2b: Aegislash|21/100\n|-unboost|p2b: Aegislash|spd|1\n|-formechange|p2b: Aegislash|Aegislash-Blade|\n|move|p2b: Aegislash|Flash Cannon|p1b: Spiff\n|-supereffective|p1b: Spiff|1\n|-damage|p1b: Spiff|0 fnt\n|faint|p1b: Spiff\n|\n|-weather|Snowscape|[upkeep]\n|upkeep\n|\n|t:|1776281265\n|switch|p1b: Wallace|Milotic, L50, M, shiny|100/100\n|turn|3\n|\n|t:|1776281294\n|switch|p2a: Rotom|Rotom-Heat, L50|100/100\n|move|p1a: Mifuyu|Blizzard|p2a: Rotom|[spread] p2a,p2b\n|-resisted|p2a: Rotom|1\n|-resisted|p2b: Aegislash|1\n|-damage|p2a: Rotom|79/100\n|-damage|p2b: Aegislash|0 fnt\n|faint|p2b: Aegislash\n|move|p1b: Wallace|Coil|p1b: Wallace\n|-boost|p1b: Wallace|atk|1\n|-boost|p1b: Wallace|def|1\n|-boost|p1b: Wallace|accuracy|1\n|\n|-weather|Snowscape|[upkeep]\n|upkeep\n|\n|t:|1776281302\n|switch|p2b: Ditto|Ditto, L50|100/100\n|-transform|p2b: Ditto|p1a: Mifuyu|[from] ability: Imposter\n|turn|4\n|\n|t:|1776281315\n|move|p1a: Mifuyu|Protect|p1a: Mifuyu\n|-singleturn|p1a: Mifuyu|Protect\n|move|p2b: Ditto|Shadow Ball|p1a: Mifuyu\n|-activate|p1a: Mifuyu|move: Protect\n|move|p1b: Wallace|Hydro Pump|p2a: Rotom\n|-supereffective|p2a: Rotom|1\n|-damage|p2a: Rotom|0 fnt\n|faint|p2a: Rotom\n|\n|-weather|Snowscape|[upkeep]\n|upkeep\n|\n|t:|1776281318\n|switch|p2a: Lopunny|Lopunny-Mega, L50, F, shiny|100/100\n|turn|5\n|\n|t:|1776281341\n|move|p1b: Wallace|Protect|p1b: Wallace\n|-singleturn|p1b: Wallace|Protect\n|move|p2a: Lopunny|Fake Out|p1b: Wallace\n|-activate|p1b: Wallace|move: Protect\n|move|p2b: Ditto|Shadow Ball|p1a: Mifuyu\n|-supereffective|p1a: Mifuyu|1\n|-damage|p1a: Mifuyu|18/100\n|move|p1a: Mifuyu|Shadow Ball|p2b: Ditto\n|-supereffective|p2b: Ditto|1\n|-damage|p2b: Ditto|0 fnt\n|faint|p2b: Ditto\n|\n|-weather|Snowscape|[upkeep]\n|upkeep\n|turn|6\n|inactive|Battle timer is ON: inactive players will automatically lose when time's up. (requested by joshferd)\n|\n|t:|1776281360\n|move|p2a: Lopunny|Encore|p1b: Wallace\n|-start|p1b: Wallace|Encore\n|move|p1b: Wallace|Protect||[still]\n|-fail|p1b: Wallace\n|move|p1a: Mifuyu|Aurora Veil|p1a: Mifuyu\n|-sidestart|p1: absol990|move: Aurora Veil\n|\n|-weather|none\n|upkeep\n|turn|7\n|\n|t:|1776281370\n|move|p1a: Mifuyu|Protect|p1a: Mifuyu\n|-singleturn|p1a: Mifuyu|Protect\n|move|p1b: Wallace|Protect|p1b: Wallace\n|-singleturn|p1b: Wallace|Protect\n|move|p2a: Lopunny|Close Combat|p1a: Mifuyu\n|-activate|p1a: Mifuyu|move: Protect\n|\n|upkeep\n|turn|8\n|\n|t:|1776281381\n|move|p1b: Wallace|Protect|p1b: Wallace\n|-singleturn|p1b: Wallace|Protect\n|move|p2a: Lopunny|Close Combat|p1a: Mifuyu\n|-supereffective|p1a: Mifuyu|1\n|-damage|p1a: Mifuyu|0 fnt\n|-unboost|p2a: Lopunny|def|1\n|-unboost|p2a: Lopunny|spd|1\n|faint|p1a: Mifuyu\n|\n|-end|p1b: Wallace|Encore\n|upkeep\n|turn|9\n|\n|t:|1776281394\n|move|p2a: Lopunny|Encore|p1b: Wallace\n|-start|p1b: Wallace|Encore\n|move|p1b: Wallace|Protect||[still]\n|-fail|p1b: Wallace\n|\n|upkeep\n|turn|10\n|\n|t:|1776281401\n|move|p2a: Lopunny|Protect|p2a: Lopunny\n|-singleturn|p2a: Lopunny|Protect\n|move|p1b: Wallace|Protect||[still]\n|-fail|p1b: Wallace\n|\n|-sideend|p1: absol990|move: Aurora Veil\n|upkeep\n|turn|11\n|\n|t:|1776281411\n|move|p2a: Lopunny|Protect||[still]\n|-fail|p2a: Lopunny\n|move|p1b: Wallace|Protect||[still]\n|-fail|p1b: Wallace\n|\n|-end|p1b: Wallace|Encore\n|upkeep\n|turn|12\n|\n|t:|1776281419\n|move|p2a: Lopunny|Encore|p1b: Wallace\n|-start|p1b: Wallace|Encore\n|move|p1b: Wallace|Protect||[still]\n|-fail|p1b: Wallace\n|\n|-end|p1b: Wallace|Encore\n|upkeep\n|turn|13\n|\n|t:|1776281428\n|move|p2a: Lopunny|Encore||[still]\n|-fail|p2a: Lopunny\n|move|p1b: Wallace|Hydro Pump|p2a: Lopunny\n|-damage|p2a: Lopunny|14/100\n|\n|upkeep\n|turn|14\n|\n|t:|1776281434\n|move|p2a: Lopunny|Close Combat|p1b: Wallace\n|-damage|p1b: Wallace|54/100\n|-unboost|p2a: Lopunny|def|1\n|-unboost|p2a: Lopunny|spd|1\n|move|p1b: Wallace|Hydro Pump|p2a: Lopunny\n|-damage|p2a: Lopunny|0 fnt\n|faint|p2a: Lopunny\n|\n|win|absol990\n|raw|absol990's rating: 1055 &rarr; <strong>1094</strong><br />(+39 for winning)\n|raw|joshferd's rating: 1134 &rarr; <strong>1103</strong><br />(-31 for losing)\n|l|\u2606joshferd\n|player|p2|\n",
  "uploadtime": 1776281449,
  "views": 18,
  "formatid": "gen9championsvgc2026regma",
  "rating": 1094,
  "private": 0,
  "password": null
}