{
  "id": "gen9championsvgc2026regma-2584223407",
  "format": "[Gen 9 Champions] VGC 2026 Reg M-A",
  "players": [
    "jperraka85",
    "AAAlelele"
  ],
  "log": "|j|\u2606jperraka85\n|j|\u2606AAAlelele\n|t:|1776240141\n|gametype|doubles\n|player|p1|jperraka85|1|1111\n|player|p2|AAAlelele|ninjaboy|1185\n|gen|9\n|tier|[Gen 9 Champions] VGC 2026 Reg M-A\n|rated|\n|rule|Species Clause: Limit one of each Pok\u00e9mon\n|rule|Item Clause: Limit 1 of each item\n|clearpoke\n|poke|p1|Venusaur, L50, F|\n|poke|p1|Pelipper, L50, M|\n|poke|p1|Incineroar, L50, M|\n|poke|p1|Sinistcha, L50|\n|poke|p1|Starmie, L50|\n|poke|p1|Sneasler, L50, F|\n|poke|p2|Sneasler, L50, F|\n|poke|p2|Farigiraf, L50, F|\n|poke|p2|Aerodactyl, L50, F|\n|poke|p2|Lucario, L50, F|\n|poke|p2|Primarina, L50, M|\n|poke|p2|Kingambit, L50, F|\n|teampreview|4\n|\n|t:|1776240203\n|teamsize|p1|4\n|teamsize|p2|4\n|start\n|switch|p1a: Pelipper|Pelipper, L50, M|100/100\n|switch|p1b: Sneasler|Sneasler, L50, F|100/100\n|switch|p2a: Aerodactyl|Aerodactyl, L50, F|100/100\n|switch|p2b: Farigiraf|Farigiraf, L50, F|100/100\n|-ability|p2a: Aerodactyl|Unnerve\n|-weather|RainDance|[from] ability: Drizzle|[of] p1a: Pelipper\n|turn|1\n|\n|t:|1776240233\n|switch|p1b: Incineroar|Incineroar, L50, M|100/100\n|-ability|p1b: Incineroar|Intimidate|boost\n|-unboost|p2a: Aerodactyl|atk|1\n|-unboost|p2b: Farigiraf|atk|1\n|move|p2a: Aerodactyl|Dual Wingbeat|p1b: Incineroar\n|-damage|p1b: Incineroar|88/100\n|-damage|p1b: Incineroar|75/100\n|-hitcount|p1b: Incineroar|2\n|move|p1a: Pelipper|Hydro Pump|p2a: Aerodactyl\n|-supereffective|p2a: Aerodactyl|1\n|-enditem|p2a: Aerodactyl|Focus Sash\n|-damage|p2a: Aerodactyl|1/100\n|move|p2b: Farigiraf|Psychic|p1b: Incineroar\n|-immune|p1b: Incineroar\n|\n|-weather|RainDance|[upkeep]\n|upkeep\n|turn|2\n|\n|t:|1776240254\n|move|p2a: Aerodactyl|Tailwind|p2a: Aerodactyl\n|-sidestart|p2: AAAlelele|move: Tailwind\n|move|p2b: Farigiraf|Hyper Voice|p1b: Incineroar|[spread] p1a,p1b\n|-damage|p1a: Pelipper|46/100\n|-damage|p1b: Incineroar|44/100\n|move|p1a: Pelipper|Hurricane|p2a: Aerodactyl\n|-resisted|p2a: Aerodactyl|1\n|-damage|p2a: Aerodactyl|0 fnt\n|-enditem|p1b: Incineroar|Sitrus Berry|[eat]\n|-heal|p1b: Incineroar|69/100|[from] item: Sitrus Berry\n|faint|p2a: Aerodactyl\n|move|p1b: Incineroar|Throat Chop|p2b: Farigiraf\n|-supereffective|p2b: Farigiraf|1\n|-enditem|p2b: Farigiraf|Colbur Berry|[eat]\n|-enditem|p2b: Farigiraf|Colbur Berry|[weaken]\n|-damage|p2b: Farigiraf|61/100\n|-start|p2b: Farigiraf|Throat Chop|[silent]\n|\n|-weather|RainDance|[upkeep]\n|upkeep\n|\n|t:|1776240266\n|switch|p2a: Lucario|Lucario, L50, F, shiny|100/100\n|turn|3\n|inactive|Battle timer is ON: inactive players will automatically lose when time's up. (requested by jperraka85)\n|\n|t:|1776240311\n|switch|p1b: Sneasler|Sneasler, L50, F|100/100\n|detailschange|p2a: Lucario|Lucario-Mega, L50, F, shiny\n|-mega|p2a: Lucario|Lucario|Lucarionite\n|move|p2a: Lucario|Close Combat|p1b: Sneasler\n|-resisted|p1b: Sneasler|1\n|-damage|p1b: Sneasler|18/100\n|-unboost|p2a: Lucario|def|1\n|-unboost|p2a: Lucario|spd|1\n|move|p2b: Farigiraf|Psychic|p1a: Pelipper\n|-damage|p1a: Pelipper|0 fnt\n|faint|p1a: Pelipper\n|\n|-weather|RainDance|[upkeep]\n|-end|p2b: Farigiraf|Throat Chop|[silent]\n|upkeep\n|\n|t:|1776240334\n|switch|p1a: Venusaur|Venusaur, L50, F|100/100\n|turn|4\n|l|\u2606AAAlelele\n|inactive|AAAlelele disconnected and has a minute to reconnect!\n|player|p2|\n|inactive|AAAlelele has 30 seconds left.\n|j|\u2606AAAlelele\n|inactive|AAAlelele reconnected and has 25 seconds left.\n|player|p2|AAAlelele|ninjaboy|\n|inactive|AAAlelele has 20 seconds left.\n|inactive|AAAlelele has 15 seconds left.\n|inactive|AAAlelele has 10 seconds left.\n|\n|t:|1776240380\n|detailschange|p1a: Venusaur|Venusaur-Mega, L50, F\n|-mega|p1a: Venusaur|Venusaur|Venusaurite\n|move|p2a: Lucario|Bullet Punch|p1a: Venusaur\n|-damage|p1a: Venusaur|74/100\n|move|p1b: Sneasler|Throat Chop|p2b: Farigiraf\n|-supereffective|p2b: Farigiraf|1\n|-damage|p2b: Farigiraf|2/100\n|-start|p2b: Farigiraf|Throat Chop|[silent]\n|move|p2b: Farigiraf|Psychic|p1a: Venusaur\n|-supereffective|p1a: Venusaur|1\n|-damage|p1a: Venusaur|3/100\n|move|p1a: Venusaur|Earth Power|p2a: Lucario\n|-supereffective|p2a: Lucario|1\n|-damage|p2a: Lucario|0 fnt\n|faint|p2a: Lucario\n|\n|-weather|RainDance|[upkeep]\n|upkeep\n|\n|t:|1776240390\n|switch|p2a: Kingambit|Kingambit, L50, F|100/100\n|turn|5\n|inactive|jperraka85 has 30 seconds left.\n|inactive|jperraka85 has 20 seconds left.\n|inactive|AAAlelele has 30 seconds left.\n|inactive|jperraka85 has 15 seconds left.\n|inactive|jperraka85 has 10 seconds left.\n|inactive|AAAlelele has 20 seconds left.\n|inactive|AAAlelele has 15 seconds left.\n|inactive|AAAlelele has 10 seconds left.\n|\n|t:|1776240448\n|switch|p1b: Incineroar|Incineroar, L50, M|69/100\n|-ability|p1b: Incineroar|Intimidate|boost\n|-unboost|p2a: Kingambit|atk|1\n|-ability|p2a: Kingambit|Defiant|boost\n|-boost|p2a: Kingambit|atk|2\n|-unboost|p2b: Farigiraf|atk|1\n|move|p2a: Kingambit|Sucker Punch||[still]\n|-fail|p2a: Kingambit\n|move|p1a: Venusaur|Synthesis|p1a: Venusaur\n|-heal|p1a: Venusaur|28/100\n|move|p2b: Farigiraf|Trick Room|p2b: Farigiraf\n|-fieldstart|move: Trick Room|[of] p2b: Farigiraf\n|\n|-weather|none\n|-end|p2b: Farigiraf|Throat Chop|[silent]\n|-sideend|p2: AAAlelele|move: Tailwind\n|upkeep\n|turn|6\n|inactive|jperraka85 has 30 seconds left.\n|inactive|AAAlelele has 30 seconds left.\n|\n|t:|1776240480\n|move|p2a: Kingambit|Iron Head|p1a: Venusaur\n|-damage|p1a: Venusaur|0 fnt\n|faint|p1a: Venusaur\n|move|p2b: Farigiraf|Hyper Voice|p1b: Incineroar\n|-damage|p1b: Incineroar|24/100\n|move|p1b: Incineroar|Flare Blitz|p2a: Kingambit\n|-supereffective|p2a: Kingambit|1\n|-damage|p2a: Kingambit|21/100\n|-damage|p1b: Incineroar|0 fnt|[from] Recoil\n|faint|p1b: Incineroar\n|\n|upkeep\n|-message|jperraka85 forfeited.\n|\n|win|AAAlelele\n|raw|jperraka85's rating: 1111 &rarr; <strong>1091</strong><br />(-20 for losing)\n|raw|AAAlelele's rating: 1185 &rarr; <strong>1205</strong><br />(+20 for winning)\n|l|\u2606jperraka85\n|player|p1|\n",
  "uploadtime": 1776240510,
  "views": 20,
  "formatid": "gen9championsvgc2026regma",
  "rating": 1091,
  "private": 0,
  "password": null
}