{
  "id": "gen9championsvgc2026regma-2587623184",
  "format": "[Gen 9 Champions] VGC 2026 Reg M-A",
  "players": [
    "PM77Switch",
    "voltichalberd"
  ],
  "log": "|badge|p2|bronze|gen9ru|100-9\n|uhtml|medal-msg|<div class=\"broadcast-blue\">Curious what those medals under the avatar are? PS now has Ladder Seasons! For more information, check out the <a href=\"https://www.smogon.com/forums/threads/3740067/\">thread on Smogon.</a></div>\n|j|\u2606PM77Switch\n|j|\u2606voltichalberd\n|t:|1776547887\n|gametype|doubles\n|player|p1|PM77Switch|may-masters3|1342\n|player|p2|voltichalberd|aaron|1257\n|gen|9\n|tier|[Gen 9 Champions] VGC 2026 Reg M-A\n|rated|\n|rule|Species Clause: Limit one of each Pok\u00e9mon\n|rule|Item Clause: Limit 1 of each item\n|clearpoke\n|poke|p1|Blastoise, L50, F|\n|poke|p1|Kingambit, L50, M|\n|poke|p1|Sneasler, L50, F|\n|poke|p1|Aerodactyl, L50, F|\n|poke|p1|Sinistcha, L50|\n|poke|p1|Incineroar, L50, F|\n|poke|p2|Heliolisk, L50, M|\n|poke|p2|Charizard, L50, F|\n|poke|p2|Venusaur, L50, F, shiny|\n|poke|p2|Sneasler, L50, M|\n|poke|p2|Farigiraf, L50, F|\n|poke|p2|Golurk, L50, shiny|\n|teampreview|4\n|inactive|Battle timer is ON: inactive players will automatically lose when time's up. (requested by PM77Switch)\n|\n|t:|1776547917\n|teamsize|p1|4\n|teamsize|p2|4\n|start\n|switch|p1a: Incineroar|Incineroar, L50, F|100/100\n|switch|p1b: Aerodactyl|Aerodactyl, L50, F|100/100\n|switch|p2a: Heliolisk|Heliolisk, L50, M|100/100\n|switch|p2b: Charizard|Charizard, L50, F|100/100\n|-ability|p1b: Aerodactyl|Unnerve\n|-ability|p1a: Incineroar|Intimidate|boost\n|-unboost|p2a: Heliolisk|atk|1\n|-unboost|p2b: Charizard|atk|1\n|turn|1\n|\n|t:|1776547926\n|detailschange|p2b: Charizard|Charizard-Mega-Y, L50, F\n|-mega|p2b: Charizard|Charizard|Charizardite Y\n|-weather|SunnyDay|[from] ability: Drought|[of] p2b: Charizard\n|move|p2b: Charizard|Protect|p2b: Charizard\n|-singleturn|p2b: Charizard|Protect\n|move|p1a: Incineroar|Fake Out|p2a: Heliolisk\n|-damage|p2a: Heliolisk|76/100\n|cant|p2a: Heliolisk|flinch\n|move|p1b: Aerodactyl|Rock Slide|p2a: Heliolisk|[spread] p2a\n|-activate|p2b: Charizard|move: Protect\n|-damage|p2a: Heliolisk|23/100\n|\n|-weather|SunnyDay|[upkeep]\n|-damage|p2a: Heliolisk|11/100|[from] ability: Solar Power|[of] p2a: Heliolisk\n|upkeep\n|turn|2\n|\n|t:|1776547947\n|switch|p2b: Sneasler|Sneasler, L50, M|100/100\n|move|p2a: Heliolisk|Hyper Voice|p1a: Incineroar|[spread] p1a,p1b\n|-resisted|p1b: Aerodactyl|1\n|-damage|p1a: Incineroar|60/100\n|-damage|p1b: Aerodactyl|62/100\n|move|p1b: Aerodactyl|Rock Slide|p2a: Heliolisk|[spread] p2a,p2b\n|-resisted|p2b: Sneasler|1\n|-crit|p2b: Sneasler\n|-damage|p2a: Heliolisk|0 fnt\n|-damage|p2b: Sneasler|67/100\n|faint|p2a: Heliolisk\n|move|p1a: Incineroar|Darkest Lariat|p2b: Sneasler\n|-resisted|p2b: Sneasler|1\n|-damage|p2b: Sneasler|32/100\n|\n|-weather|SunnyDay|[upkeep]\n|upkeep\n|\n|t:|1776547959\n|switch|p2a: Venusaur|Venusaur, L50, F, shiny|100/100\n|turn|3\n|inactive|PM77Switch has 30 seconds left.\n|inactive|voltichalberd has 30 seconds left.\n|\n|t:|1776547999\n|move|p1b: Aerodactyl|Protect|p1b: Aerodactyl\n|-singleturn|p1b: Aerodactyl|Protect\n|move|p2a: Venusaur|Leaf Storm|p1b: Aerodactyl\n|-activate|p1b: Aerodactyl|move: Protect\n|move|p2b: Sneasler|Fling|p1a: Incineroar\n|-resisted|p1a: Incineroar|1\n|-damage|p1a: Incineroar|55/100\n|-enditem|p2b: Sneasler|King's Rock|[from] move: Fling\n|cant|p1a: Incineroar|flinch\n|\n|-weather|SunnyDay|[upkeep]\n|upkeep\n|turn|4\n|\n|t:|1776548017\n|switch|p1b: Kingambit|Kingambit, L50, M|100/100\n|move|p2b: Sneasler|Close Combat|p1a: Incineroar\n|-supereffective|p1a: Incineroar|1\n|-damage|p1a: Incineroar|0 fnt\n|-unboost|p2b: Sneasler|def|1\n|-unboost|p2b: Sneasler|spd|1\n|faint|p1a: Incineroar\n|move|p2a: Venusaur|Leaf Storm|p1b: Kingambit\n|-resisted|p1b: Kingambit|1\n|-damage|p1b: Kingambit|69/100\n|-unboost|p2a: Venusaur|spa|2\n|\n|-weather|SunnyDay|[upkeep]\n|upkeep\n|\n|t:|1776548028\n|switch|p1a: Aerodactyl|Aerodactyl, L50, F|62/100\n|-ability|p1a: Aerodactyl|Unnerve\n|turn|5\n|\n|t:|1776548040\n|move|p1a: Aerodactyl|Protect|p1a: Aerodactyl\n|-singleturn|p1a: Aerodactyl|Protect\n|move|p1b: Kingambit|Sucker Punch|p2b: Sneasler\n|-resisted|p2b: Sneasler|1\n|-damage|p2b: Sneasler|0 fnt\n|faint|p2b: Sneasler\n|move|p2a: Venusaur|Sleep Powder|p1b: Kingambit\n|-status|p1b: Kingambit|slp|[from] move: Sleep Powder\n|\n|-weather|none\n|upkeep\n|\n|t:|1776548046\n|switch|p2b: Charizard|Charizard-Mega-Y, L50, F|100/100\n|-weather|SunnyDay|[from] ability: Drought|[of] p2b: Charizard\n|turn|6\n|\n|t:|1776548063\n|cant|p1b: Kingambit|slp\n|move|p2a: Venusaur|Sleep Powder|p1a: Aerodactyl\n|-status|p1a: Aerodactyl|slp|[from] move: Sleep Powder\n|cant|p1a: Aerodactyl|slp\n|move|p2b: Charizard|Heat Wave|p1a: Aerodactyl|[spread] p1a,p1b\n|-resisted|p1a: Aerodactyl|1\n|-supereffective|p1b: Kingambit|1\n|-damage|p1a: Aerodactyl|15/100 slp\n|-damage|p1b: Kingambit|0 fnt\n|faint|p1b: Kingambit\n|\n|-weather|SunnyDay|[upkeep]\n|upkeep\n|\n|t:|1776548071\n|switch|p1b: Blastoise|Blastoise, L50, F|100/100\n|turn|7\n|\n|t:|1776548083\n|detailschange|p1b: Blastoise|Blastoise-Mega, L50, F\n|-mega|p1b: Blastoise|Blastoise|Blastoisinite\n|-curestatus|p1a: Aerodactyl|slp|[msg]\n|move|p1a: Aerodactyl|Protect|p1a: Aerodactyl\n|-singleturn|p1a: Aerodactyl|Protect\n|move|p2a: Venusaur|Leaf Storm|p1b: Blastoise\n|-supereffective|p1b: Blastoise|1\n|-damage|p1b: Blastoise|49/100\n|-unboost|p2a: Venusaur|spa|2\n|move|p2b: Charizard|Heat Wave|p1a: Aerodactyl|[spread] p1b\n|-activate|p1a: Aerodactyl|move: Protect\n|-resisted|p1b: Blastoise|1\n|-damage|p1b: Blastoise|22/100\n|move|p1b: Blastoise|Ice Beam|p2a: Venusaur\n|-supereffective|p2a: Venusaur|1\n|-crit|p2a: Venusaur\n|-enditem|p2a: Venusaur|Focus Sash\n|-damage|p2a: Venusaur|1/100\n|\n|-weather|SunnyDay|[upkeep]\n|upkeep\n|turn|8\n|inactive|PM77Switch has 30 seconds left.\n|inactive|voltichalberd has 30 seconds left.\n|inactive|PM77Switch has 20 seconds left.\n|inactive|PM77Switch has 15 seconds left.\n|\n|t:|1776548124\n|move|p2a: Venusaur|Leaf Storm|p1a: Aerodactyl\n|-damage|p1a: Aerodactyl|0 fnt\n|-unboost|p2a: Venusaur|spa|2\n|faint|p1a: Aerodactyl\n|move|p2b: Charizard|Solar Beam||[still]\n|-prepare|p2b: Charizard|Solar Beam\n|-anim|p2b: Charizard|Solar Beam|p1b: Blastoise\n|-supereffective|p1b: Blastoise|1\n|-damage|p1b: Blastoise|0 fnt\n|faint|p1b: Blastoise\n|\n|win|voltichalberd\n|raw|PM77Switch's rating: 1342 &rarr; <strong>1317</strong><br />(-25 for losing)\n|raw|voltichalberd's rating: 1257 &rarr; <strong>1288</strong><br />(+31 for winning)\n|c|\u2606voltichalberd|Gg\n",
  "uploadtime": 1776548129,
  "views": 28,
  "formatid": "gen9championsvgc2026regma",
  "rating": 1288,
  "private": 0,
  "password": null
}