{
  "id": "gen9championsvgc2026regma-2583688405",
  "format": "[Gen 9 Champions] VGC 2026 Reg M-A",
  "players": [
    "jljlnlnll",
    "Blackbeard_78x"
  ],
  "log": "|j|\u2606jljlnlnll\n|j|\u2606Blackbeard_78x\n|t:|1776191128\n|gametype|doubles\n|player|p1|jljlnlnll|266|\n|player|p2|Blackbeard_78x|az|\n|gen|9\n|tier|[Gen 9 Champions] VGC 2026 Reg M-A\n|rule|Species Clause: Limit one of each Pok\u00e9mon\n|rule|Item Clause: Limit 1 of each item\n|clearpoke\n|poke|p1|Palafin, L50, F|\n|poke|p1|Pelipper, L50, F|\n|poke|p1|Charizard, L50, F|\n|poke|p1|Venusaur, L50, M|\n|poke|p1|Sylveon, L50, F|\n|poke|p1|Kingambit, L50, M|\n|poke|p2|Charizard, L50, M|\n|poke|p2|Jolteon, L50, F|\n|poke|p2|Arcanine-Hisui, L50, M|\n|poke|p2|Venusaur, L50, M|\n|poke|p2|Whimsicott, L50, M|\n|poke|p2|Maushold, L50|\n|teampreview|4\n|inactive|Battle timer is ON: inactive players will automatically lose when time's up. (requested by Blackbeard_78x)\nBlackbeard_78x has agreed to open team sheets.\n|inactive|jljlnlnll has 60 seconds left.\n|\n|t:|1776191159\n|teamsize|p1|4\n|teamsize|p2|4\n|start\n|switch|p1a: Palafin|Palafin, L50, F|100/100\n|switch|p1b: Pelipper|Pelipper, L50, F|100/100\n|switch|p2a: Charizard|Charizard, L50, M, shiny|100/100\n|switch|p2b: Whimsicott|Whimsicott, L50, M|100/100\n|-weather|RainDance|[from] ability: Drizzle|[of] p1b: Pelipper\n|turn|1\n|\n|t:|1776191176\n|detailschange|p1a: Palafin|Palafin-Hero, L50, F\n|switch|p1a: Charizard|Charizard, L50, F|100/100\n|detailschange|p2a: Charizard|Charizard-Mega-Y, L50, M, shiny\n|-mega|p2a: Charizard|Charizard|Charizardite Y\n|-weather|SunnyDay|[from] ability: Drought|[of] p2a: Charizard\n|move|p2b: Whimsicott|Tailwind|p2b: Whimsicott\n|-sidestart|p2: Blackbeard_78x|move: Tailwind\n|move|p2a: Charizard|Solar Beam||[still]\n|-prepare|p2a: Charizard|Solar Beam\n|-anim|p2a: Charizard|Solar Beam|p1a: Charizard\n|-resisted|p1a: Charizard|2\n|-damage|p1a: Charizard|88/100\n|move|p1b: Pelipper|Tailwind|p1b: Pelipper\n|-sidestart|p1: jljlnlnll|move: Tailwind\n|\n|-weather|SunnyDay|[upkeep]\n|upkeep\n|turn|2\n|inactive|jljlnlnll has 30 seconds left.\n|\n|t:|1776191204\n|switch|p2a: Venusaur|Venusaur, L50, M|100/100\n|detailschange|p1a: Charizard|Charizard-Mega-X, L50, F\n|-mega|p1a: Charizard|Charizard|Charizardite X\n|move|p1b: Pelipper|Protect|p1b: Pelipper\n|-singleturn|p1b: Pelipper|Protect\n|move|p2b: Whimsicott|Encore|p1b: Pelipper\n|-activate|p1b: Pelipper|move: Protect\n|move|p1a: Charizard|Swords Dance|p1a: Charizard\n|-boost|p1a: Charizard|atk|2\n|\n|-weather|SunnyDay|[upkeep]\n|upkeep\n|turn|3\n|\n|t:|1776191223\n|switch|p1b: Sylveon|Sylveon, L50, F|100/100\n|move|p2b: Whimsicott|Encore|p1a: Charizard\n|-start|p1a: Charizard|Encore\n|move|p2a: Venusaur|Sleep Powder|p1b: Sylveon\n|-status|p1b: Sylveon|slp|[from] move: Sleep Powder\n|move|p1a: Charizard|Swords Dance|p1a: Charizard\n|-boost|p1a: Charizard|atk|2\n|\n|-weather|SunnyDay|[upkeep]\n|upkeep\n|turn|4\n|\n|t:|1776191237\n|move|p2a: Venusaur|Sludge Bomb|p1b: Sylveon\n|-supereffective|p1b: Sylveon|1\n|-damage|p1b: Sylveon|46/100 slp\n|move|p2b: Whimsicott|Moonblast|p1a: Charizard\n|-damage|p1a: Charizard|47/100\n|-unboost|p1a: Charizard|spa|1\n|move|p1a: Charizard|Swords Dance|p1a: Charizard\n|-boost|p1a: Charizard|atk|2\n|cant|p1b: Sylveon|slp\n|\n|-weather|SunnyDay|[upkeep]\n|-sideend|p2: Blackbeard_78x|move: Tailwind\n|-sideend|p1: jljlnlnll|move: Tailwind\n|upkeep\n|turn|5\n|\n|t:|1776191250\n|move|p2a: Venusaur|Sludge Bomb|p1b: Sylveon\n|-supereffective|p1b: Sylveon|1\n|-damage|p1b: Sylveon|0 fnt\n|faint|p1b: Sylveon\n|move|p2b: Whimsicott|Moonblast|p1a: Charizard\n|-crit|p1a: Charizard\n|-damage|p1a: Charizard|0 fnt\n|faint|p1a: Charizard\n|\n|-weather|none\n|upkeep\n|\n|t:|1776191258\n|switch|p1a: Palafin|Palafin-Hero, L50, F|100/100\n|switch|p1b: Pelipper|Pelipper, L50, F|100/100\n|-activate|p1a: Palafin|ability: Zero to Hero\n|-weather|RainDance|[from] ability: Drizzle|[of] p1b: Pelipper\n|turn|6\n|\n|t:|1776191274\n|move|p2b: Whimsicott|Tailwind|p2b: Whimsicott\n|-sidestart|p2: Blackbeard_78x|move: Tailwind\n|move|p1a: Palafin|Jet Punch|p2a: Venusaur\n|-resisted|p2a: Venusaur|1\n|-damage|p2a: Venusaur|65/100\n|move|p2a: Venusaur|Sleep Powder|p1a: Palafin|[miss]\n|-miss|p2a: Venusaur|p1a: Palafin\n|move|p1b: Pelipper|Hurricane|p2a: Venusaur\n|-supereffective|p2a: Venusaur|1\n|-damage|p2a: Venusaur|0 fnt\n|faint|p2a: Venusaur\n|\n|-weather|RainDance|[upkeep]\n|upkeep\n|\n|t:|1776191281\n|switch|p2a: Jolteon|Jolteon, L50, F|100/100\n|turn|7\n|\n|t:|1776191296\n|switch|p2b: Charizard|Charizard-Mega-Y, L50, M, shiny|100/100\n|-weather|SunnyDay|[from] ability: Drought|[of] p2b: Charizard\n|move|p1b: Pelipper|Protect|p1b: Pelipper\n|-singleturn|p1b: Pelipper|Protect\n|move|p2a: Jolteon|Thunderbolt|p1a: Palafin\n|-supereffective|p1a: Palafin|1\n|-damage|p1a: Palafin|0 fnt\n|faint|p1a: Palafin\n|\n|-weather|SunnyDay|[upkeep]\n|upkeep\n|turn|8\n|\n|t:|1776191308\n|move|p2a: Jolteon|Thunderbolt|p1b: Pelipper\n|-supereffective|p1b: Pelipper|2\n|-enditem|p1b: Pelipper|Focus Sash\n|-damage|p1b: Pelipper|1/100\n|move|p2b: Charizard|Air Slash|p1b: Pelipper\n|-damage|p1b: Pelipper|0 fnt\n|faint|p1b: Pelipper\n|\n|win|Blackbeard_78x\n|l|\u2606jljlnlnll\n|player|p1|\n",
  "uploadtime": 1776191317,
  "views": 16,
  "formatid": "gen9championsvgc2026regma",
  "rating": null,
  "private": 0,
  "password": null
}