{
  "id": "gen9championsvgc2026regma-2581784474",
  "format": "[Gen 9 Champions] VGC 2026 Reg M-A",
  "players": [
    "cameruptthegoat O",
    "kemp1412"
  ],
  "log": "|j|\u2606cameruptthegoat O\n|j|\u2606kemp1412\n|t:|1776028158\n|gametype|doubles\n|player|p1|cameruptthegoat O|1|1153\n|player|p2|kemp1412|169|1145\n|gen|9\n|tier|[Gen 9 Champions] VGC 2026 Reg M-A\n|rated|\n|rule|Species Clause: Limit one of each Pok\u00e9mon\n|rule|Item Clause: Limit 1 of each item\n|clearpoke\n|poke|p1|Camerupt, L50, F|\n|poke|p1|Farigiraf, L50, M|\n|poke|p1|Incineroar, L50, F|\n|poke|p1|Torkoal, L50, F|\n|poke|p1|Sinistcha, L50|\n|poke|p2|Charizard, L50, M|\n|poke|p2|Venusaur, L50, M|\n|poke|p2|Garchomp, L50, M|\n|poke|p2|Rotom-Wash, L50|\n|poke|p2|Sneasler, L50, M|\n|poke|p2|Incineroar, L50, M|\n|teampreview|4\n|\n|t:|1776028183\n|teamsize|p1|4\n|teamsize|p2|4\n|start\n|switch|p1a: Farigiraf|Farigiraf, L50, M|100/100\n|switch|p1b: Incineroar|Incineroar, L50, F|100/100\n|switch|p2a: Sneasler|Sneasler, L50, M|100/100\n|switch|p2b: Garchomp|Garchomp, L50, M|100/100\n|-ability|p1b: Incineroar|Intimidate|boost\n|-unboost|p2a: Sneasler|atk|1\n|-unboost|p2b: Garchomp|atk|1\n|-enditem|p2a: Sneasler|White Herb\n|-clearnegativeboost|p2a: Sneasler|[silent]\n|turn|1\n|\n|t:|1776028211\n|switch|p2b: Rotom|Rotom-Wash, L50|100/100\n|move|p2a: Sneasler|Dire Claw|p1a: Farigiraf\n|-damage|p1a: Farigiraf|66/100\n|move|p1b: Incineroar|Parting Shot|p2a: Sneasler\n|-unboost|p2a: Sneasler|atk|1\n|-unboost|p2a: Sneasler|spa|1\n|\n|t:|1776028235\n|switch|p1b: Torkoal|Torkoal, L50, F|100/100|[from] Parting Shot\n|-weather|SunnyDay|[from] ability: Drought|[of] p1b: Torkoal\n|move|p1a: Farigiraf|Trick Room|p1a: Farigiraf\n|-fieldstart|move: Trick Room|[of] p1a: Farigiraf\n|\n|-weather|SunnyDay|[upkeep]\n|upkeep\n|turn|2\n|\n|t:|1776028246\n|move|p1b: Torkoal|Eruption|p2b: Rotom|[spread] p2a,p2b\n|-resisted|p2b: Rotom|1\n|-damage|p2a: Sneasler|0 fnt\n|-damage|p2b: Rotom|53/100\n|faint|p2a: Sneasler\n|move|p1a: Farigiraf|Hyper Voice|p2b: Rotom\n|-damage|p2b: Rotom|3/100\n|move|p2b: Rotom|Hydro Pump|p1b: Torkoal|[miss]\n|-miss|p2b: Rotom|p1b: Torkoal\n|\n|-weather|SunnyDay|[upkeep]\n|-heal|p2b: Rotom|9/100|[from] item: Leftovers\n|upkeep\n|\n|t:|1776028249\n|switch|p2a: Garchomp|Garchomp, L50, M|100/100\n|turn|3\n|\n|t:|1776028271\n|move|p2b: Rotom|Protect|p2b: Rotom\n|-singleturn|p2b: Rotom|Protect\n|move|p1b: Torkoal|Eruption|p2b: Rotom|[spread] p2a\n|-activate|p2b: Rotom|move: Protect\n|-resisted|p2a: Garchomp|1\n|-damage|p2a: Garchomp|52/100\n|move|p1a: Farigiraf|Hyper Voice|p2a: Garchomp|[spread] p2a\n|-activate|p2b: Rotom|move: Protect\n|-damage|p2a: Garchomp|16/100\n|move|p2a: Garchomp|Earthquake|p1a: Farigiraf|[spread] p1a,p1b\n|-activate|p2b: Rotom|move: Protect\n|-supereffective|p1b: Torkoal|1\n|-damage|p1a: Farigiraf|33/100\n|-damage|p1b: Torkoal|39/100\n|\n|-weather|SunnyDay|[upkeep]\n|-heal|p2b: Rotom|15/100|[from] item: Leftovers\n|upkeep\n|turn|4\n|\n|t:|1776028290\n|switch|p2a: Charizard|Charizard, L50, M|100/100\n|move|p2b: Rotom|Protect||[still]\n|-fail|p2b: Rotom\n|move|p1b: Torkoal|Weather Ball|p2a: Charizard\n|-resisted|p2a: Charizard|1\n|-damage|p2a: Charizard|50/100\n|move|p1a: Farigiraf|Hyper Voice|p2a: Charizard|[spread] p2a,p2b\n|-damage|p2a: Charizard|4/100\n|-damage|p2b: Rotom|0 fnt\n|faint|p2b: Rotom\n|\n|-weather|SunnyDay|[upkeep]\n|-damage|p2a: Charizard|0 fnt|[from] ability: Solar Power|[of] p2a: Charizard\n|faint|p2a: Charizard\n|upkeep\n|\n|t:|1776028294\n|switch|p2b: Garchomp|Garchomp, L50, M|16/100\n|turn|5\n|\n|t:|1776028311\n|switch|p1b: Incineroar|Incineroar, L50, F|100/100\n|-ability|p1b: Incineroar|Intimidate|boost\n|-unboost|p2b: Garchomp|atk|1\n|move|p1a: Farigiraf|Hyper Voice|p2b: Garchomp\n|-damage|p2b: Garchomp|0 fnt\n|faint|p2b: Garchomp\n|\n|win|cameruptthegoat O\n|raw|cameruptthegoat O's rating: 1153 &rarr; <strong>1177</strong><br />(+24 for winning)\n|raw|kemp1412's rating: 1145 &rarr; <strong>1121</strong><br />(-24 for losing)\n",
  "uploadtime": 1776028319,
  "views": 16,
  "formatid": "gen9championsvgc2026regma",
  "rating": 1121,
  "private": 0,
  "password": null
}