{
  "id": "gen9championsvgc2026regma-2585627314",
  "format": "[Gen 9 Champions] VGC 2026 Reg M-A",
  "players": [
    "yamzinyobooty",
    "magikarpwithlegs"
  ],
  "log": "|j|\u2606yamzinyobooty\n|j|\u2606magikarpwithlegs\n|html|<table width=\"100%\"><tr><td align=\"left\">yamzinyobooty</td><td align=\"right\">magikarpwithlegs</tr><tr><td align=\"left\"><i class=\"fa fa-circle-o\"></i> <i class=\"fa fa-circle-o\"></i> </td><td align=\"right\"><i class=\"fa fa-circle-o\"></i> <i class=\"fa fa-circle-o\"></i> </tr></table>\n|uhtml|bestof|<h2><strong>Game 1</strong> of <a href=\"/game-bestof3-gen9championsvgc2026regma-2585627313\">a best-of-3</a></h2>\n|t:|1776359808\n|gametype|doubles\n|player|p1|yamzinyobooty|266|\n|player|p2|magikarpwithlegs|olympia|\n|gen|9\n|tier|[Gen 9 Champions] VGC 2026 Reg M-A\n|rated|Tournament battle\n|rule|Species Clause: Limit one of each Pok\u00e9mon\n|rule|Item Clause: Limit 1 of each item\n|raw|<div class=\"infobox\"><details class=\"readmore\" open><summary><strong>2 custom rules:</strong></summary> Force Open Team Sheets, Best of = 3</details></div>\n|clearpoke\n|poke|p1|Charizard, L50, F|\n|poke|p1|Venusaur, L50, F|\n|poke|p1|Garchomp, L50, F|\n|poke|p1|Incineroar, L50, M|\n|poke|p1|Gardevoir, L50, M|\n|poke|p1|Milotic, L50, F|\n|poke|p2|Lopunny, L50, M|\n|poke|p2|Tinkaton, L50, F|\n|poke|p2|Mr. Rime, L50, F|\n|poke|p2|Meowscarada, L50, F|\n|poke|p2|Aegislash, L50, M|\n|poke|p2|Oranguru, L50, M|\n|teampreview|4\n|showteam|p1|Charizard||CharizarditeY|SolarPower|HeatWave,WeatherBall,SolarBeam,Protect|||F|||50|]Venusaur||FocusSash|Chlorophyll|EnergyBall,SludgeBomb,SleepPowder,Protect|||F|||50|]Garchomp||YacheBerry|RoughSkin|DragonClaw,Earthquake,RockSlide,Protect|||F|||50|]Incineroar||SitrusBerry|Intimidate|FlareBlitz,ThroatChop,HelpingHand,FakeOut|||M|||50|]Gardevoir||ChoiceScarf|Telepathy|Moonblast,DazzlingGleam,Psychic,IcyWind|||M|||50|]Milotic||Leftovers|Competitive|Scald,IceBeam,LifeDew,Protect|||F|||50|\n|showteam|p2|Lopunny||SitrusBerry|CuteCharm|TeeterDance,Acrobatics,CloseCombat,Encore|||M|||50|]Tinkaton||MentalHerb|OwnTempo|GigatonHammer,IceHammer,PlayRough,Flatter|||F|||50|]Mr. Rime||BrightPowder|TangledFeet|ExpandingForce,FocusBlast,DazzlingGleam,PsychicTerrain|||F|||50|]Meowscarada||QuickClaw|Protean|PollenPuff,PowerGem,ShadowBall,DarkPulse|||F|||50|]Aegislash||OccaBerry|StanceChange|KingsShield,ShadowSneak,SacredSword,IronHead|||M|||50|]Oranguru||ColburBerry|InnerFocus|Instruct,PainSplit,Protect,Yawn|||M|||50|\n|inactive|Battle timer is ON: inactive players will automatically lose when time's up. (requested by yamzinyobooty)\n|j| divra7\n|c|\u2606magikarpwithlegs|glhf\n|\n|t:|1776359835\n|teamsize|p1|4\n|teamsize|p2|4\n|start\n|switch|p1a: Charizard|Charizard, L50, F|100/100\n|switch|p1b: Venusaur|Venusaur, L50, F|100/100\n|switch|p2a: Confusion for All|Lopunny, L50, M|100/100\n|switch|p2b: Tappity Tap Tap|Mr. Rime, L50, F|100/100\n|turn|1\n|inactive|yamzinyobooty has 30 seconds left.\n|\n|t:|1776359860\n|detailschange|p1a: Charizard|Charizard-Mega-Y, L50, F\n|-mega|p1a: Charizard|Charizard|Charizardite Y\n|-weather|SunnyDay|[from] ability: Drought|[of] p1a: Charizard\n|move|p1b: Venusaur|Protect|p1b: Venusaur\n|-singleturn|p1b: Venusaur|Protect\n|move|p1a: Charizard|Protect|p1a: Charizard\n|-singleturn|p1a: Charizard|Protect\n|move|p2a: Confusion for All|Teeter Dance|p1b: Venusaur|[spread] p2b\n|-activate|p1a: Charizard|move: Protect\n|-activate|p1b: Venusaur|move: Protect\n|-start|p2b: Tappity Tap Tap|confusion\n|-activate|p2b: Tappity Tap Tap|confusion\n|move|p2b: Tappity Tap Tap|Psychic Terrain|p2b: Tappity Tap Tap\n|-fieldstart|move: Psychic Terrain\n|\n|-weather|SunnyDay|[upkeep]\n|upkeep\n|turn|2\n|inactive|yamzinyobooty has 30 seconds left.\n|\n|t:|1776359889\n|switch|p1b: Garchomp|Garchomp, L50, F|100/100\n|move|p2a: Confusion for All|Teeter Dance|p1b: Garchomp|[spread] p1a,p1b\n|-miss|p2a: Confusion for All|p2b: Tappity Tap Tap\n|-start|p1a: Charizard|confusion\n|-start|p1b: Garchomp|confusion\n|-activate|p1a: Charizard|confusion\n|move|p1a: Charizard|Heat Wave|p2a: Confusion for All|[spread] p2a\n|-miss|p1a: Charizard|p2b: Tappity Tap Tap\n|-damage|p2a: Confusion for All|16/100\n|-enditem|p2a: Confusion for All|Sitrus Berry|[eat]\n|-heal|p2a: Confusion for All|41/100|[from] item: Sitrus Berry\n|-activate|p2b: Tappity Tap Tap|confusion\n|move|p2b: Tappity Tap Tap|Expanding Force|p1b: Garchomp|[spread] p1a,p1b\n|-damage|p1a: Charizard|39/100\n|-damage|p1b: Garchomp|35/100\n|\n|-weather|SunnyDay|[upkeep]\n|upkeep\n|turn|3\n|inactive|yamzinyobooty has 30 seconds left.\n|\n|t:|1776359924\n|move|p2a: Confusion for All|Teeter Dance||[still]|[spread] \n|-fail|p2a: Confusion for All\n|-activate|p1b: Garchomp|confusion\n|move|p1b: Garchomp|Earthquake|p2b: Tappity Tap Tap|[spread] p2a\n|-immune|p1a: Charizard\n|-miss|p1b: Garchomp|p2b: Tappity Tap Tap\n|-damage|p2a: Confusion for All|0 fnt\n|faint|p2a: Confusion for All\n|-activate|p1a: Charizard|confusion\n|-damage|p1a: Charizard|26/100|[from] confusion\n|-activate|p2b: Tappity Tap Tap|confusion\n|move|p2b: Tappity Tap Tap|Expanding Force|p1b: Garchomp|[spread] p1a,p1b\n|-damage|p1a: Charizard|0 fnt\n|-damage|p1b: Garchomp|0 fnt\n|faint|p1a: Charizard\n|faint|p1b: Garchomp\n|\n|-weather|SunnyDay|[upkeep]\n|upkeep\n|\n|t:|1776359945\n|switch|p2a: Bonk|Tinkaton, L50, F|100/100\n|switch|p1b: Incineroar|Incineroar, L50, M|100/100\n|switch|p1a: Venusaur|Venusaur, L50, F|100/100\n|-ability|p1b: Incineroar|Intimidate|boost\n|-fail|p2a: Bonk|unboost|Attack|[from] ability: Own Tempo|[of] p2a: Bonk\n|-unboost|p2b: Tappity Tap Tap|atk|1\n|turn|4\n|\n|t:|1776359955\n|move|p1b: Incineroar|Fake Out|p2a: Bonk\n|-activate|p2a: Bonk|move: Psychic Terrain\n|move|p1a: Venusaur|Sleep Powder|p2a: Bonk\n|-status|p2a: Bonk|slp|[from] move: Sleep Powder\n|cant|p2a: Bonk|slp\n|-activate|p2b: Tappity Tap Tap|confusion\n|-damage|p2b: Tappity Tap Tap|93/100|[from] confusion\n|\n|-weather|SunnyDay|[upkeep]\n|upkeep\n|turn|5\n|inactive|magikarpwithlegs has 30 seconds left.\n|\n|t:|1776359981\n|move|p1a: Venusaur|Sleep Powder|p2b: Tappity Tap Tap|[miss]\n|-miss|p1a: Venusaur|p2b: Tappity Tap Tap\n|cant|p2a: Bonk|slp\n|-end|p2b: Tappity Tap Tap|confusion\n|move|p2b: Tappity Tap Tap|Dazzling Gleam|p1b: Incineroar|[spread] p1a,p1b\n|-resisted|p1a: Venusaur|1\n|-damage|p1a: Venusaur|89/100\n|-damage|p1b: Incineroar|87/100\n|move|p1b: Incineroar|Flare Blitz|p2b: Tappity Tap Tap\n|-supereffective|p2b: Tappity Tap Tap|1\n|-damage|p2b: Tappity Tap Tap|0 fnt\n|faint|p2b: Tappity Tap Tap\n|-damage|p1b: Incineroar|63/100|[from] Recoil\n|\n|-weather|none\n|-fieldend|move: Psychic Terrain\n|upkeep\n|\n|t:|1776359996\n|switch|p2b: Meowscarada|Meowscarada, L50, F|100/100\n|turn|6\n|\n|t:|1776360018\n|move|p2b: Meowscarada|Power Gem|p1b: Incineroar\n|-start|p2b: Meowscarada|typechange|Rock|[from] ability: Protean\n|-supereffective|p1b: Incineroar|1\n|-damage|p1b: Incineroar|18/100\n|-enditem|p1b: Incineroar|Sitrus Berry|[eat]\n|-heal|p1b: Incineroar|43/100|[from] item: Sitrus Berry\n|-curestatus|p2a: Bonk|slp|[msg]\n|move|p2a: Bonk|Ice Hammer|p1a: Venusaur\n|-supereffective|p1a: Venusaur|1\n|-damage|p1a: Venusaur|27/100\n|-unboost|p2a: Bonk|spe|1\n|move|p1a: Venusaur|Sludge Bomb|p2b: Meowscarada\n|-resisted|p2b: Meowscarada|1\n|-damage|p2b: Meowscarada|69/100\n|move|p1b: Incineroar|Flare Blitz|p2a: Bonk\n|-supereffective|p2a: Bonk|1\n|-damage|p2a: Bonk|0 fnt\n|faint|p2a: Bonk\n|-damage|p1b: Incineroar|16/100|[from] Recoil\n|\n|upkeep\n|turn|7\n|inactive|yamzinyobooty has 30 seconds left.\n|inactive|magikarpwithlegs has 30 seconds left.\n|inactive|yamzinyobooty has 20 seconds left.\n|inactive|yamzinyobooty has 15 seconds left.\n|inactive|yamzinyobooty has 10 seconds left.\n|inactive|yamzinyobooty has 5 seconds left.\n|-activate|p2b: Meowscarada|item: Quick Claw\n|\n|t:|1776360069\n|move|p2b: Meowscarada|Power Gem|p1b: Incineroar\n|-supereffective|p1b: Incineroar|1\n|-damage|p1b: Incineroar|0 fnt\n|faint|p1b: Incineroar\n|move|p1a: Venusaur|Energy Ball|p2b: Meowscarada\n|-supereffective|p2b: Meowscarada|1\n|-damage|p2b: Meowscarada|0 fnt\n|faint|p2b: Meowscarada\n|\n|win|yamzinyobooty\n",
  "uploadtime": 1776360069,
  "views": 16,
  "formatid": "gen9championsvgc2026regma",
  "rating": null,
  "private": 0,
  "password": null
}