{
  "id": "gen9championsvgc2026regma-2582778906",
  "format": "[Gen 9 Champions] VGC 2026 Reg M-A",
  "players": [
    "ayetea",
    "DLotR"
  ],
  "log": "|j|\u2606ayetea\n|j|\u2606DLotR\n|t:|1776113494\n|gametype|doubles\n|player|p1|ayetea|harlequin|1000\n|player|p2|DLotR|hilbert|1088\n|gen|9\n|tier|[Gen 9 Champions] VGC 2026 Reg M-A\n|rated|\n|rule|Species Clause: Limit one of each Pok\u00e9mon\n|rule|Item Clause: Limit 1 of each item\n|clearpoke\n|poke|p1|Greninja-*, L50, M|\n|poke|p1|Farigiraf, L50, M|\n|poke|p1|Volcarona, L50, M|\n|poke|p1|Kommo-o, L50, F|\n|poke|p1|Sneasler, L50, F|\n|poke|p1|Tinkaton, L50, F|\n|poke|p2|Golurk, L50|\n|poke|p2|Cofagrigus, L50, F|\n|poke|p2|Conkeldurr, L50, F|\n|poke|p2|Sinistcha, L50|\n|poke|p2|Chesnaught, L50, F|\n|poke|p2|Aerodactyl, L50, M|\n|teampreview|4\n|\n|t:|1776113533\n|teamsize|p1|4\n|teamsize|p2|4\n|start\n|switch|p1a: Greninja|Greninja, L50, M|100/100\n|switch|p1b: Tinkaton|Tinkaton, L50, F|100/100\n|switch|p2a: Aerodactyl|Aerodactyl, L50, M|100/100\n|switch|p2b: Cofagrigus|Cofagrigus, L50, F|100/100\n|turn|1\n|\n|t:|1776113558\n|detailschange|p1a: Greninja|Greninja-Mega, L50, M\n|-mega|p1a: Greninja|Greninja|Greninjite\n|move|p2a: Aerodactyl|Protect|p2a: Aerodactyl\n|-singleturn|p2a: Aerodactyl|Protect\n|move|p1b: Tinkaton|Fake Out|p2a: Aerodactyl\n|-activate|p2a: Aerodactyl|move: Protect\n|move|p1a: Greninja|Swords Dance|p1a: Greninja\n|-start|p1a: Greninja|typechange|Normal|[from] ability: Protean\n|-boost|p1a: Greninja|atk|2\n|move|p2b: Cofagrigus|Iron Defense|p2b: Cofagrigus\n|-boost|p2b: Cofagrigus|def|2\n|\n|upkeep\n|turn|2\n|\n|t:|1776113595\n|switch|p1b: Farigiraf|Farigiraf, L50, M|100/100\n|detailschange|p2a: Aerodactyl|Aerodactyl-Mega, L50, M\n|-mega|p2a: Aerodactyl|Aerodactyl|Aerodactylite\n|move|p2a: Aerodactyl|Rock Slide|p1b: Farigiraf|[spread] p1a\n|-miss|p2a: Aerodactyl|p1b: Farigiraf\n|-damage|p1a: Greninja|56/100\n|move|p1a: Greninja|Liquidation|p2a: Aerodactyl\n|-supereffective|p2a: Aerodactyl|1\n|-damage|p2a: Aerodactyl|0 fnt\n|faint|p2a: Aerodactyl\n|move|p2b: Cofagrigus|Body Press|p1a: Greninja\n|-supereffective|p1a: Greninja|1\n|-damage|p1a: Greninja|0 fnt\n|faint|p1a: Greninja\n|\n|upkeep\n|\n|t:|1776113618\n|switch|p2a: Conkeldurr|Conkeldurr, L50, F|100/100\n|switch|p1a: Volcarona|Volcarona, L50, M|100/100\n|turn|3\n|\n|t:|1776113642\n|move|p1a: Volcarona|Rage Powder|p1a: Volcarona\n|-singleturn|p1a: Volcarona|move: Rage Powder\n|move|p1b: Farigiraf|Psychic|p2a: Conkeldurr\n|-supereffective|p2a: Conkeldurr|1\n|-damage|p2a: Conkeldurr|35/100\n|-enditem|p2a: Conkeldurr|Sitrus Berry|[eat]\n|-heal|p2a: Conkeldurr|59/100|[from] item: Sitrus Berry\n|move|p2a: Conkeldurr|Bulk Up|p2a: Conkeldurr\n|-boost|p2a: Conkeldurr|atk|1\n|-boost|p2a: Conkeldurr|def|1\n|move|p2b: Cofagrigus|Trick Room|p2b: Cofagrigus\n|-fieldstart|move: Trick Room|[of] p2b: Cofagrigus\n|\n|upkeep\n|turn|4\n|\n|t:|1776113667\n|switch|p2b: Sinistcha|Sinistcha, L50|100/100\n|-heal|p2a: Conkeldurr|84/100|[from] ability: Hospitality|[of] p2b: Sinistcha\n|move|p2a: Conkeldurr|Protect|p2a: Conkeldurr\n|-singleturn|p2a: Conkeldurr|Protect\n|move|p1a: Volcarona|Quiver Dance|p1a: Volcarona\n|-boost|p1a: Volcarona|spa|1\n|-boost|p1a: Volcarona|spd|1\n|-boost|p1a: Volcarona|spe|1\n|move|p1b: Farigiraf|Trick Room|p1b: Farigiraf\n|-fieldend|move: Trick Room\n|\n|upkeep\n|turn|5\n|\n|t:|1776113699\n|move|p1a: Volcarona|Heat Wave|p2a: Conkeldurr|[spread] p2a,p2b\n|-supereffective|p2b: Sinistcha|1\n|-damage|p2a: Conkeldurr|26/100\n|-damage|p2b: Sinistcha|0 fnt\n|faint|p2b: Sinistcha\n|move|p1b: Farigiraf|Psychic|p2a: Conkeldurr\n|-supereffective|p2a: Conkeldurr|1\n|-damage|p2a: Conkeldurr|0 fnt\n|faint|p2a: Conkeldurr\n|\n|upkeep\n|\n|t:|1776113706\n|switch|p2b: Cofagrigus|Cofagrigus, L50, F|100/100\n|turn|6\n|-message|DLotR forfeited.\n|\n|win|ayetea\n|raw|ayetea's rating: 1000 &rarr; <strong>1050</strong><br />(+50 for winning)\n|raw|DLotR's rating: 1088 &rarr; <strong>1059</strong><br />(-29 for losing)\n",
  "uploadtime": 1776113737,
  "views": 18,
  "formatid": "gen9championsvgc2026regma",
  "rating": 1050,
  "private": 0,
  "password": null
}