{
  "id": "gen9championsvgc2026regma-2583584285",
  "format": "[Gen 9 Champions] VGC 2026 Reg M-A",
  "players": [
    "chusaco11",
    "juqiantangnang"
  ],
  "log": "|j|\u2606chusaco11\n|j|\u2606juqiantangnang\n|t:|1776184819\n|gametype|doubles\n|player|p1|chusaco11|ethan|1247\n|player|p2|juqiantangnang|cynthia|1299\n|gen|9\n|tier|[Gen 9 Champions] VGC 2026 Reg M-A\n|rated|\n|rule|Species Clause: Limit one of each Pok\u00e9mon\n|rule|Item Clause: Limit 1 of each item\n|clearpoke\n|poke|p1|Floette-Eternal, L50, F|\n|poke|p1|Maushold-Four, L50|\n|poke|p1|Aerodactyl, L50, M|\n|poke|p1|Talonflame, L50, F|\n|poke|p1|Aegislash, L50, F|\n|poke|p1|Garchomp, L50, F|\n|poke|p2|Floette-Eternal, L50, F|\n|poke|p2|Sinistcha, L50|\n|poke|p2|Scizor, L50, M|\n|poke|p2|Sneasler, L50, M|\n|poke|p2|Aerodactyl, L50, M|\n|poke|p2|Incineroar, L50, M|\n|teampreview|4\n|inactive|Battle timer is ON: inactive players will automatically lose when time's up. (requested by juqiantangnang)\n|inactive|chusaco11 has 60 seconds left.\n|inactive|juqiantangnang has 60 seconds left.\n|\n|t:|1776184866\n|teamsize|p1|4\n|teamsize|p2|4\n|start\n|switch|p1a: 4|Maushold-Four, L50|100/100\n|switch|p1b: Floette|Floette-Eternal, L50, F|100/100\n|switch|p2a: Scizor|Scizor, L50, M|100/100\n|switch|p2b: Incineroar|Incineroar, L50, M|100/100\n|-ability|p2b: Incineroar|Intimidate|boost\n|-unboost|p1a: 4|atk|1\n|-unboost|p1b: Floette|atk|1\n|turn|1\n|\n|t:|1776184882\n|detailschange|p2a: Scizor|Scizor-Mega, L50, M\n|-mega|p2a: Scizor|Scizor|Scizorite\n|move|p1a: 4|Protect|p1a: 4\n|-singleturn|p1a: 4|Protect\n|move|p1b: Floette|Protect|p1b: Floette\n|-singleturn|p1b: Floette|Protect\n|move|p2b: Incineroar|Fake Out|p1a: 4\n|-activate|p1a: 4|move: Protect\n|move|p2a: Scizor|Swords Dance|p2a: Scizor\n|-boost|p2a: Scizor|atk|2\n|\n|upkeep\n|turn|2\n|\n|t:|1776184909\n|detailschange|p1b: Floette|Floette-Mega, L50, F\n|-mega|p1b: Floette|Floette|Floettite\n|-ability|p1b: Floette|Fairy Aura\n|move|p1a: 4|Follow Me|p1a: 4\n|-singleturn|p1a: 4|move: Follow Me\n|move|p1b: Floette|Dazzling Gleam|p2b: Incineroar|[spread] p2a,p2b\n|-resisted|p2a: Scizor|1\n|-damage|p2a: Scizor|75/100\n|-damage|p2b: Incineroar|56/100\n|move|p2a: Scizor|Swords Dance|p2a: Scizor\n|-boost|p2a: Scizor|atk|2\n|move|p2b: Incineroar|Flare Blitz|p1a: 4\n|-damage|p1a: 4|56/100\n|-damage|p2b: Incineroar|42/100|[from] Recoil\n|\n|upkeep\n|turn|3\n|\n|t:|1776184931\n|switch|p2b: Sinistcha|Sinistcha, L50|100/100\n|-heal|p2a: Scizor|99/100|[from] ability: Hospitality|[of] p2b: Sinistcha\n|move|p1a: 4|Follow Me|p1a: 4\n|-singleturn|p1a: 4|move: Follow Me\n|move|p2a: Scizor|Bullet Punch|p1a: 4\n|-damage|p1a: 4|0 fnt\n|faint|p1a: 4\n|move|p1b: Floette|Dazzling Gleam|p2b: Sinistcha|[spread] p2a,p2b\n|-resisted|p2a: Scizor|1\n|-damage|p2a: Scizor|72/100\n|-damage|p2b: Sinistcha|53/100\n|\n|upkeep\n|\n|t:|1776184951\n|switch|p1a: Garchomp|Garchomp, L50, F|100/100\n|turn|4\n|\n|t:|1776184975\n|switch|p1b: Aegislash|Aegislash, L50, F, shiny|100/100\n|move|p2a: Scizor|Bullet Punch|p1b: Aegislash\n|-resisted|p1b: Aegislash|1\n|-damage|p1b: Aegislash|53/100\n|move|p1a: Garchomp|Dragon Claw|p2a: Scizor\n|-resisted|p2a: Scizor|1\n|-damage|p2a: Scizor|54/100\n|move|p2b: Sinistcha|Life Dew|p2b: Sinistcha|[spread] p2a,p2b\n|-heal|p2a: Scizor|79/100\n|-heal|p2b: Sinistcha|79/100\n|\n|upkeep\n|turn|5\n|inactive|chusaco11 has 30 seconds left.\n|inactive|juqiantangnang has 30 seconds left.\n|\n|t:|1776185001\n|move|p2a: Scizor|Bullet Punch|p1b: Aegislash\n|-resisted|p1b: Aegislash|1\n|-damage|p1b: Aegislash|3/100\n|move|p1a: Garchomp|Dragon Claw|p2b: Sinistcha\n|-damage|p2b: Sinistcha|36/100\n|-enditem|p2b: Sinistcha|Sitrus Berry|[eat]\n|-heal|p2b: Sinistcha|61/100|[from] item: Sitrus Berry\n|move|p2b: Sinistcha|Life Dew|p2b: Sinistcha|[spread] p2a,p2b\n|-heal|p2a: Scizor|100/100\n|-heal|p2b: Sinistcha|86/100\n|-formechange|p1b: Aegislash|Aegislash-Blade|\n|move|p1b: Aegislash|Poltergeist||[still]\n|-fail|p1b: Aegislash\n|\n|upkeep\n|turn|6\n|inactive|chusaco11 has 30 seconds left.\n|\n|t:|1776185027\n|-formechange|p1b: Aegislash|Aegislash|\n|move|p1b: Aegislash|King's Shield|p1b: Aegislash\n|-singleturn|p1b: Aegislash|Protect\n|move|p2a: Scizor|Bullet Punch|p1a: Garchomp\n|-damage|p1a: Garchomp|4/100\n|-damage|p2a: Scizor|88/100|[from] ability: Rough Skin|[of] p1a: Garchomp\n|move|p1a: Garchomp|Rock Slide|p2a: Scizor|[spread] p2a,p2b\n|-damage|p2a: Scizor|72/100\n|-damage|p2b: Sinistcha|68/100\n|move|p2b: Sinistcha|Matcha Gotcha|p1b: Aegislash|[spread] p1a\n|-activate|p1b: Aegislash|move: Protect\n|-damage|p1a: Garchomp|0 fnt\n|-heal|p2b: Sinistcha|70/100|[from] drain|[of] p1a: Garchomp\n|faint|p1a: Garchomp\n|\n|upkeep\n|-message|chusaco11 forfeited.\n|\n|win|juqiantangnang\n|raw|chusaco11's rating: 1247 &rarr; <strong>1226</strong><br />(-21 for losing)\n|raw|juqiantangnang's rating: 1299 &rarr; <strong>1320</strong><br />(+21 for winning)\n|l|\u2606chusaco11\n|player|p1|\n",
  "uploadtime": 1776185045,
  "views": 22,
  "formatid": "gen9championsvgc2026regma",
  "rating": 1226,
  "private": 0,
  "password": null
}