{
  "id": "gen9championsvgc2026regma-2588143980",
  "format": "[Gen 9 Champions] VGC 2026 Reg M-A",
  "players": [
    "the_kenzi",
    "dfhffff"
  ],
  "log": "|j|\u2606the_kenzi\n|j|\u2606dfhffff\n|t:|1776608758\n|gametype|doubles\n|player|p1|the_kenzi|shauntal|1093\n|player|p2|dfhffff|170|1066\n|gen|9\n|tier|[Gen 9 Champions] VGC 2026 Reg M-A\n|rated|\n|rule|Species Clause: Limit one of each Pok\u00e9mon\n|rule|Item Clause: Limit 1 of each item\n|clearpoke\n|poke|p1|Pelipper, L50, F|\n|poke|p1|Incineroar, L50, F|\n|poke|p1|Meganium, L50, M|\n|poke|p1|Starmie, L50|\n|poke|p1|Archaludon, L50, F|\n|poke|p1|Meowstic, L50, M|\n|poke|p2|Drampa, L50, M, shiny|\n|poke|p2|Spiritomb, L50, M|\n|poke|p2|Torkoal, L50, M|\n|poke|p2|Kingambit, L50, M|\n|poke|p2|Clawitzer, L50, M|\n|poke|p2|Dragapult, L50, F|\n|teampreview|4\n|\n|t:|1776608776\n|teamsize|p1|4\n|teamsize|p2|4\n|start\n|switch|p1a: Starmie|Starmie, L50|100/100\n|switch|p1b: Meowstic|Meowstic, L50, M|100/100\n|switch|p2a: Drampa|Drampa, L50, M, shiny|100/100\n|switch|p2b: Spiritomb|Spiritomb, L50, M|100/100\n|-ability|p2a: Drampa|Cloud Nine\n|turn|1\n|\n|t:|1776608803\n|switch|p1b: Archaludon|Archaludon, L50, F|100/100\n|detailschange|p1a: Starmie|Starmie-Mega, L50\n|-mega|p1a: Starmie|Starmie|Starminite\n|move|p2a: Drampa|Protect|p2a: Drampa\n|-singleturn|p2a: Drampa|Protect\n|move|p1a: Starmie|Scald|p2b: Spiritomb\n|-damage|p2b: Spiritomb|60/100\n|move|p2b: Spiritomb|Trick Room|p2b: Spiritomb\n|-fieldstart|move: Trick Room|[of] p2b: Spiritomb\n|\n|upkeep\n|turn|2\n|\n|t:|1776608831\n|move|p2b: Spiritomb|Foul Play|p1a: Starmie\n|-supereffective|p1a: Starmie|1\n|-damage|p1a: Starmie|19/100\n|move|p2a: Drampa|Hyper Voice|p1a: Starmie|[spread] p1a,p1b\n|-resisted|p1b: Archaludon|1\n|-damage|p1a: Starmie|0 fnt\n|-damage|p1b: Archaludon|75/100\n|-ability|p1b: Archaludon|Stamina|boost\n|-boost|p1b: Archaludon|def|1\n|faint|p1a: Starmie\n|move|p1b: Archaludon|Heavy Slam|p2b: Spiritomb\n|-damage|p2b: Spiritomb|46/100\n|\n|upkeep\n|\n|t:|1776608842\n|switch|p1a: Pelipper|Pelipper, L50, F|100/100\n|-weather|RainDance|[from] ability: Drizzle|[of] p1a: Pelipper\n|turn|3\n|\n|t:|1776608870\n|detailschange|p2a: Drampa|Drampa-Mega, L50, M, shiny\n|-mega|p2a: Drampa|Drampa|Drampanite\n|move|p2b: Spiritomb|Foul Play|p1b: Archaludon\n|-damage|p1b: Archaludon|64/100\n|-ability|p1b: Archaludon|Stamina|boost\n|-boost|p1b: Archaludon|def|1\n|move|p2a: Drampa|Heat Wave|p1b: Archaludon|[spread] p1a,p1b\n|-resisted|p1a: Pelipper|1\n|-damage|p1a: Pelipper|91/100\n|-damage|p1b: Archaludon|44/100\n|-ability|p1b: Archaludon|Stamina|boost\n|-boost|p1b: Archaludon|def|1\n|move|p1a: Pelipper|Hydro Pump|p2b: Spiritomb|[miss]\n|-miss|p1a: Pelipper|p2b: Spiritomb\n|move|p1b: Archaludon|Iron Defense|p1b: Archaludon\n|-boost|p1b: Archaludon|def|2\n|\n|-weather|RainDance|[upkeep]\n|upkeep\n|turn|4\n|\n|t:|1776608897\n|switch|p2b: Torkoal|Torkoal, L50, M|100/100\n|-weather|SunnyDay|[from] ability: Drought|[of] p2b: Torkoal\n|switch|p1a: Meowstic|Meowstic, L50, M|100/100\n|move|p2a: Drampa|Heat Wave|p1b: Archaludon|[spread] p1a,p1b\n|-damage|p1a: Meowstic|62/100\n|-damage|p1b: Archaludon|0 fnt\n|faint|p1b: Archaludon\n|\n|-weather|SunnyDay|[upkeep]\n|upkeep\n|\n|t:|1776608907\n|switch|p1b: Pelipper|Pelipper, L50, F|91/100\n|-weather|RainDance|[from] ability: Drizzle|[of] p1b: Pelipper\n|turn|5\n|\n|t:|1776608921\n|switch|p2b: Spiritomb|Spiritomb, L50, M|46/100\n|move|p2a: Drampa|Protect|p2a: Drampa\n|-singleturn|p2a: Drampa|Protect\n|move|p1a: Meowstic|Psychic Terrain|p1a: Meowstic\n|-fieldstart|move: Psychic Terrain\n|move|p1b: Pelipper|Hydro Pump|p2b: Spiritomb\n|-damage|p2b: Spiritomb|0 fnt\n|faint|p2b: Spiritomb\n|\n|-weather|RainDance|[upkeep]\n|-fieldend|move: Trick Room\n|upkeep\n|\n|t:|1776608929\n|switch|p2b: Torkoal|Torkoal, L50, M|100/100\n|-weather|SunnyDay|[from] ability: Drought|[of] p2b: Torkoal\n|turn|6\n|\n|t:|1776608957\n|move|p1a: Meowstic|Expanding Force|p2b: Torkoal|[spread] p2a,p2b\n|-damage|p2a: Drampa|68/100\n|-damage|p2b: Torkoal|59/100\n|move|p1b: Pelipper|Hydro Pump|p2b: Torkoal\n|-supereffective|p2b: Torkoal|1\n|-crit|p2b: Torkoal\n|-damage|p2b: Torkoal|0 fnt\n|faint|p2b: Torkoal\n|move|p2a: Drampa|Hyper Voice|p1b: Pelipper|[spread] p1a,p1b\n|-damage|p1a: Meowstic|25/100\n|-damage|p1b: Pelipper|35/100\n|\n|-weather|SunnyDay|[upkeep]\n|upkeep\n|\n|t:|1776608960\n|switch|p2b: Clawitzer|Clawitzer, L50, M|100/100\n|turn|7\n|-activate|p1a: Meowstic|item: Quick Claw\n|\n|t:|1776608977\n|move|p1a: Meowstic|Expanding Force|p2a: Drampa|[spread] p2a,p2b\n|-damage|p2a: Drampa|36/100\n|-damage|p2b: Clawitzer|65/100\n|-ability|p2a: Drampa|Berserk|boost\n|-boost|p2a: Drampa|spa|1\n|move|p1b: Pelipper|Roost|p1b: Pelipper\n|-heal|p1b: Pelipper|86/100\n|-singleturn|p1b: Pelipper|move: Roost\n|move|p2b: Clawitzer|Dark Pulse|p1b: Pelipper\n|-damage|p1b: Pelipper|33/100\n|move|p2a: Drampa|Heat Wave|p1a: Meowstic|[spread] p1a,p1b\n|-resisted|p1b: Pelipper|1\n|-damage|p1a: Meowstic|0 fnt\n|-damage|p1b: Pelipper|0 fnt\n|faint|p1a: Meowstic\n|faint|p1b: Pelipper\n|\n|win|dfhffff\n|raw|the_kenzi's rating: 1093 &rarr; <strong>1067</strong><br />(-26 for losing)\n|raw|dfhffff's rating: 1066 &rarr; <strong>1098</strong><br />(+32 for winning)\n|l|\u2606the_kenzi\n|player|p1|\n",
  "uploadtime": 1776608992,
  "views": 9,
  "formatid": "gen9championsvgc2026regma",
  "rating": 1067,
  "private": 0,
  "password": null
}