{
  "id": "gen9championsvgc2026regma-2581879557",
  "format": "[Gen 9 Champions] VGC 2026 Reg M-A",
  "players": [
    "A5h3r",
    "tur927"
  ],
  "log": "|j|\u2606A5h3r\n|j|\u2606tur927\n|t:|1776036166\n|gametype|doubles\n|player|p1|A5h3r|alder|1141\n|player|p2|tur927|flannery|1125\n|gen|9\n|tier|[Gen 9 Champions] VGC 2026 Reg M-A\n|rated|\n|rule|Species Clause: Limit one of each Pok\u00e9mon\n|rule|Item Clause: Limit 1 of each item\n|clearpoke\n|poke|p1|Pelipper, L50, F|\n|poke|p1|Starmie, L50|\n|poke|p1|Archaludon, L50, F|\n|poke|p1|Sinistcha, L50|\n|poke|p1|Incineroar, L50, M|\n|poke|p1|Kangaskhan, L50, F|\n|poke|p2|Excadrill, L50, M|\n|poke|p2|Tyranitar, L50, M|\n|poke|p2|Torkoal, L50, M|\n|poke|p2|Venusaur, L50, F|\n|poke|p2|Incineroar, L50, F|\n|poke|p2|Mimikyu, L50, M|\n|teampreview|4\n|inactive|Battle timer is ON: inactive players will automatically lose when time's up. (requested by tur927)\n|\n|t:|1776036234\n|teamsize|p1|4\n|teamsize|p2|4\n|start\n|switch|p1a: oh yeah|Incineroar, L50, M|100/100\n|switch|p1b: Unity Towers|Archaludon, L50, F|100/100\n|switch|p2a: Torkoal|Torkoal, L50, M|100/100\n|switch|p2b: Tyranitar|Tyranitar, L50, M|100/100\n|-weather|Sandstorm|[from] ability: Sand Stream|[of] p2b: Tyranitar\n|-ability|p1a: oh yeah|Intimidate|boost\n|-unboost|p2a: Torkoal|atk|1\n|-unboost|p2b: Tyranitar|atk|1\n|-weather|SunnyDay|[from] ability: Drought|[of] p2a: Torkoal\n|turn|1\n|inactive|tur927 has 30 seconds left.\n|\n|t:|1776036268\n|move|p1a: oh yeah|Fake Out|p2a: Torkoal\n|-damage|p2a: Torkoal|91/100\n|move|p1b: Unity Towers|Flash Cannon|p2b: Tyranitar\n|-supereffective|p2b: Tyranitar|1\n|-damage|p2b: Tyranitar|15/100\n|move|p2b: Tyranitar|Knock Off|p1a: oh yeah\n|-resisted|p1a: oh yeah|1\n|-damage|p1a: oh yeah|88/100\n|-enditem|p1a: oh yeah|Shuca Berry|[from] move: Knock Off|[of] p2b: Tyranitar\n|cant|p2a: Torkoal|flinch\n|\n|-weather|SunnyDay|[upkeep]\n|upkeep\n|turn|2\n|inactive|A5h3r has 30 seconds left.\n|\n|t:|1776036298\n|move|p2b: Tyranitar|Protect|p2b: Tyranitar\n|-singleturn|p2b: Tyranitar|Protect\n|move|p1b: Unity Towers|Flash Cannon|p2b: Tyranitar\n|-activate|p2b: Tyranitar|move: Protect\n|move|p1a: oh yeah|Parting Shot|p2a: Torkoal\n|-unboost|p2a: Torkoal|atk|1\n|-unboost|p2a: Torkoal|spa|1\n|\n|t:|1776036304\n|switch|p1a: DUMPSTER|Pelipper, L50, F|100/100|[from] Parting Shot\n|-weather|RainDance|[from] ability: Drizzle|[of] p1a: DUMPSTER\n|move|p2a: Torkoal|Yawn|p1b: Unity Towers\n|-start|p1b: Unity Towers|move: Yawn|[of] p2a: Torkoal\n|\n|-weather|RainDance|[upkeep]\n|upkeep\n|turn|3\n|\n|t:|1776036325\n|switch|p2a: Excadrill|Excadrill, L50, M|100/100\n|detailschange|p2b: Tyranitar|Tyranitar-Mega, L50, M\n|-mega|p2b: Tyranitar|Tyranitar|Tyranitarite\n|-weather|Sandstorm|[from] ability: Sand Stream|[of] p2b: Tyranitar\n|move|p1a: DUMPSTER|Weather Ball|p2b: Tyranitar\n|-damage|p2b: Tyranitar|0 fnt\n|faint|p2b: Tyranitar\n|move|p1b: Unity Towers|Electro Shot||[still]\n|-prepare|p1b: Unity Towers|Electro Shot\n|-boost|p1b: Unity Towers|spa|1\n|\n|-weather|Sandstorm|[upkeep]\n|-damage|p1a: DUMPSTER|95/100|[from] Sandstorm\n|-end|p1b: Unity Towers|move: Yawn|[silent]\n|-status|p1b: Unity Towers|slp\n|upkeep\n|\n|t:|1776036342\n|switch|p2b: Venusaur|Venusaur, L50, F|100/100\n|turn|4\n|\n|t:|1776036355\n|switch|p1a: oh yeah|Incineroar, L50, M|88/100\n|-ability|p1a: oh yeah|Intimidate|boost\n|-unboost|p2a: Excadrill|atk|1\n|-unboost|p2b: Venusaur|atk|1\n|move|p2a: Excadrill|Swords Dance|p2a: Excadrill\n|-boost|p2a: Excadrill|atk|2\n|move|p2b: Venusaur|Sleep Powder|p1a: oh yeah\n|-status|p1a: oh yeah|slp|[from] move: Sleep Powder\n|cant|p1b: Unity Towers|slp\n|\n|-weather|Sandstorm|[upkeep]\n|-damage|p2b: Venusaur|95/100|[from] Sandstorm\n|-damage|p1a: oh yeah|82/100 slp|[from] Sandstorm\n|-heal|p2b: Venusaur|100/100|[from] item: Leftovers\n|upkeep\n|turn|5\n|\n|t:|1776036376\n|switch|p1b: DUMPSTER|Pelipper, L50, F|95/100\n|-weather|RainDance|[from] ability: Drizzle|[of] p1b: DUMPSTER\n|cant|p1a: oh yeah|slp\n|move|p2a: Excadrill|Drill Run|p1b: DUMPSTER\n|-immune|p1b: DUMPSTER\n|move|p2b: Venusaur|Weather Ball|p1a: oh yeah\n|-supereffective|p1a: oh yeah|1\n|-damage|p1a: oh yeah|0 fnt\n|faint|p1a: oh yeah\n|\n|-weather|RainDance|[upkeep]\n|upkeep\n|\n|t:|1776036387\n|switch|p1a: STRUT IT|Starmie, L50, shiny|100/100\n|turn|6\n|inactive|A5h3r has 30 seconds left.\n|inactive|tur927 has 30 seconds left.\n|inactive|tur927 has 20 seconds left.\n|\n|t:|1776036426\n|detailschange|p1a: STRUT IT|Starmie-Mega, L50, shiny\n|-mega|p1a: STRUT IT|Starmie|Starminite\n|move|p2b: Venusaur|Protect|p2b: Venusaur\n|-singleturn|p2b: Venusaur|Protect\n|move|p1a: STRUT IT|Liquidation|p2a: Excadrill\n|-supereffective|p2a: Excadrill|1\n|-enditem|p2a: Excadrill|Focus Sash\n|-damage|p2a: Excadrill|1/100\n|-unboost|p2a: Excadrill|def|1\n|move|p2a: Excadrill|Iron Head|p1b: DUMPSTER\n|-resisted|p1b: DUMPSTER|1\n|-damage|p1b: DUMPSTER|51/100\n|move|p1b: DUMPSTER|Hurricane|p2b: Venusaur\n|-activate|p2b: Venusaur|move: Protect\n|\n|-weather|RainDance|[upkeep]\n|upkeep\n|turn|7\n|\n|t:|1776036450\n|switch|p2a: Torkoal|Torkoal, L50, M|91/100\n|-weather|SunnyDay|[from] ability: Drought|[of] p2a: Torkoal\n|move|p1a: STRUT IT|Aqua Jet|p2a: Torkoal\n|-supereffective|p2a: Torkoal|1\n|-damage|p2a: Torkoal|70/100\n|move|p2b: Venusaur|Solar Beam||[still]\n|-prepare|p2b: Venusaur|Solar Beam\n|-anim|p2b: Venusaur|Solar Beam|p1a: STRUT IT\n|-supereffective|p1a: STRUT IT|1\n|-damage|p1a: STRUT IT|0 fnt\n|faint|p1a: STRUT IT\n|move|p1b: DUMPSTER|Hurricane|p2b: Venusaur|[miss]\n|-miss|p1b: DUMPSTER|p2b: Venusaur\n|\n|-weather|SunnyDay|[upkeep]\n|upkeep\n|\n|t:|1776036467\n|switch|p1a: Unity Towers|Archaludon, L50, F|100/100 slp\n|turn|8\n|\n|t:|1776036478\n|move|p2b: Venusaur|Protect|p2b: Venusaur\n|-singleturn|p2b: Venusaur|Protect\n|move|p1b: DUMPSTER|Hurricane|p2b: Venusaur\n|-activate|p2b: Venusaur|move: Protect\n|-curestatus|p1a: Unity Towers|slp|[msg]\n|move|p1a: Unity Towers|Draco Meteor|p2a: Torkoal\n|-damage|p2a: Torkoal|0 fnt\n|-unboost|p1a: Unity Towers|spa|2\n|faint|p2a: Torkoal\n|-enditem|p1a: Unity Towers|White Herb\n|-clearnegativeboost|p1a: Unity Towers|[silent]\n|\n|-weather|SunnyDay|[upkeep]\n|upkeep\n|\n|t:|1776036493\n|switch|p2a: Excadrill|Excadrill, L50, M|1/100\n|turn|9\n|\n|t:|1776036512\n|move|p2b: Venusaur|Solar Beam||[still]\n|-prepare|p2b: Venusaur|Solar Beam\n|-anim|p2b: Venusaur|Solar Beam|p1b: DUMPSTER\n|-damage|p1b: DUMPSTER|0 fnt\n|faint|p1b: DUMPSTER\n|move|p2a: Excadrill|Drill Run|p1a: Unity Towers\n|-supereffective|p1a: Unity Towers|1\n|-damage|p1a: Unity Towers|27/100\n|move|p1a: Unity Towers|Flash Cannon|p2a: Excadrill\n|-resisted|p2a: Excadrill|1\n|-damage|p2a: Excadrill|0 fnt\n|faint|p2a: Excadrill\n|\n|-weather|SunnyDay|[upkeep]\n|upkeep\n|turn|10\n|\n|t:|1776036527\n|move|p1a: Unity Towers|Protect|p1a: Unity Towers\n|-singleturn|p1a: Unity Towers|Protect\n|move|p2b: Venusaur|Sleep Powder|p1a: Unity Towers\n|-activate|p1a: Unity Towers|move: Protect\n|\n|-weather|SunnyDay|[upkeep]\n|upkeep\n|turn|11\n|\n|t:|1776036539\n|move|p2b: Venusaur|Sleep Powder|p1a: Unity Towers|[miss]\n|-miss|p2b: Venusaur|p1a: Unity Towers\n|move|p1a: Unity Towers|Flash Cannon|p2b: Venusaur\n|-damage|p2b: Venusaur|51/100\n|\n|-weather|none\n|-heal|p2b: Venusaur|57/100|[from] item: Leftovers\n|upkeep\n|turn|12\n|\n|t:|1776036550\n|move|p2b: Venusaur|Sleep Powder|p1a: Unity Towers\n|-status|p1a: Unity Towers|slp|[from] move: Sleep Powder\n|cant|p1a: Unity Towers|slp\n|\n|-heal|p2b: Venusaur|62/100|[from] item: Leftovers\n|upkeep\n|turn|13\n|\n|t:|1776036561\n|move|p2b: Venusaur|Solar Beam||[still]\n|-prepare|p2b: Venusaur|Solar Beam\n|cant|p1a: Unity Towers|slp\n|\n|-heal|p2b: Venusaur|68/100|[from] item: Leftovers\n|upkeep\n|turn|14\n|\n|t:|1776036568\n|-curestatus|p1a: Unity Towers|slp|[msg]\n|move|p1a: Unity Towers|Protect|p1a: Unity Towers\n|-singleturn|p1a: Unity Towers|Protect\n|move|p2b: Venusaur|Solar Beam|p1a: Unity Towers|[from] lockedmove\n|-activate|p1a: Unity Towers|move: Protect\n|\n|-heal|p2b: Venusaur|74/100|[from] item: Leftovers\n|upkeep\n|turn|15\n|\n|t:|1776036579\n|move|p2b: Venusaur|Protect|p2b: Venusaur\n|-singleturn|p2b: Venusaur|Protect\n|move|p1a: Unity Towers|Flash Cannon|p2b: Venusaur\n|-activate|p2b: Venusaur|move: Protect\n|\n|-heal|p2b: Venusaur|79/100|[from] item: Leftovers\n|upkeep\n|turn|16\n|c|\u2606tur927|Turned into a singles game \ud83d\udc94\n|\n|t:|1776036596\n|move|p2b: Venusaur|Sleep Powder|p1a: Unity Towers|[miss]\n|-miss|p2b: Venusaur|p1a: Unity Towers\n|move|p1a: Unity Towers|Flash Cannon|p2b: Venusaur\n|-damage|p2b: Venusaur|30/100\n|-unboost|p2b: Venusaur|spd|1\n|\n|-heal|p2b: Venusaur|36/100|[from] item: Leftovers\n|upkeep\n|turn|17\n|\n|t:|1776036606\n|move|p2b: Venusaur|Sleep Powder|p1a: Unity Towers\n|-status|p1a: Unity Towers|slp|[from] move: Sleep Powder\n|cant|p1a: Unity Towers|slp\n|\n|-heal|p2b: Venusaur|41/100|[from] item: Leftovers\n|upkeep\n|turn|18\n|c|\u2606A5h3r|lmao\n|\n|t:|1776036621\n|-curestatus|p1a: Unity Towers|slp|[msg]\n|move|p1a: Unity Towers|Protect|p1a: Unity Towers\n|-singleturn|p1a: Unity Towers|Protect\n|move|p2b: Venusaur|Solar Beam||[still]\n|-prepare|p2b: Venusaur|Solar Beam\n|\n|-heal|p2b: Venusaur|47/100|[from] item: Leftovers\n|upkeep\n|turn|19\n|c|\u2606tur927|Ggs\n|\n|t:|1776036632\n|move|p2b: Venusaur|Solar Beam|p1a: Unity Towers|[from] lockedmove\n|-resisted|p1a: Unity Towers|2\n|-damage|p1a: Unity Towers|10/100\n|move|p1a: Unity Towers|Draco Meteor|p2b: Venusaur\n|-damage|p2b: Venusaur|0 fnt\n|-unboost|p1a: Unity Towers|spa|2\n|faint|p2b: Venusaur\n|\n|win|A5h3r\n|raw|A5h3r's rating: 1141 &rarr; <strong>1165</strong><br />(+24 for winning)\n|raw|tur927's rating: 1125 &rarr; <strong>1101</strong><br />(-24 for losing)\n|c|\u2606A5h3r|ggwp\n|l|\u2606tur927\n|player|p2|\n",
  "uploadtime": 1776036642,
  "views": 26,
  "formatid": "gen9championsvgc2026regma",
  "rating": 1101,
  "private": 0,
  "password": null
}