{
  "id": "gen9championsvgc2026regma-2583893058",
  "format": "[Gen 9 Champions] VGC 2026 Reg M-A",
  "players": [
    "Deletudisuvgc",
    "Zarato"
  ],
  "log": "|j|\u203dDeletudisuvgc\n|j|\u2606Zarato\n|t:|1776206065\n|gametype|doubles\n|player|p1|Deletudisuvgc|266|1072\n|player|p2|Zarato|n|1000\n|gen|9\n|tier|[Gen 9 Champions] VGC 2026 Reg M-A\n|rated|\n|rule|Species Clause: Limit one of each Pok\u00e9mon\n|rule|Item Clause: Limit 1 of each item\n|clearpoke\n|poke|p1|Charizard, L50, M|\n|poke|p1|Garchomp, L50, M|\n|poke|p1|Kingambit, L50, F|\n|poke|p1|Sneasler, L50, M|\n|poke|p1|Basculegion, L50, M|\n|poke|p1|Armarouge, L50, M|\n|poke|p2|Weavile, L50, F|\n|poke|p2|Glaceon, L50, F|\n|poke|p2|Froslass, L50, F|\n|poke|p2|Incineroar, L50, F|\n|poke|p2|Sinistcha, L50|\n|poke|p2|Sneasler, L50, M|\n|teampreview|4\nZarato has agreed to open team sheets.\n|inactive|Battle timer is ON: inactive players will automatically lose when time's up. (requested by Zarato)\n|\n|t:|1776206115\n|teamsize|p1|4\n|teamsize|p2|4\n|start\n|switch|p1a: Sneasler|Sneasler, L50, M|100/100\n|switch|p1b: Kingambit|Kingambit, L50, F|100/100\n|switch|p2a: Weavile|Weavile, L50, F|100/100\n|switch|p2b: Froslass|Froslass, L50, F|100/100\n|-ability|p2a: Weavile|Pressure\n|turn|1\n|inactive|Zarato has 30 seconds left.\n|inactive|Zarato has 20 seconds left.\n|\n|t:|1776206153\n|detailschange|p2b: Froslass|Froslass-Mega, L50, F\n|-mega|p2b: Froslass|Froslass|Froslassite\n|-weather|Snowscape|[from] ability: Snow Warning|[of] p2b: Froslass\n|move|p1a: Sneasler|Protect|p1a: Sneasler\n|-singleturn|p1a: Sneasler|Protect\n|move|p2b: Froslass|Blizzard|p1b: Kingambit|[spread] p1b\n|-activate|p1a: Sneasler|move: Protect\n|-resisted|p1b: Kingambit|1\n|-damage|p1b: Kingambit|80/100\n|-status|p1b: Kingambit|frz\n|move|p2a: Weavile|Knock Off|p1a: Sneasler\n|-activate|p1a: Sneasler|move: Protect\n|cant|p1b: Kingambit|frz\n|\n|-weather|Snowscape|[upkeep]\n|-heal|p1b: Kingambit|87/100 frz|[from] item: Leftovers\n|upkeep\n|turn|2\n|inactive|Deletudisuvgc has 30 seconds left.\n|inactive|Deletudisuvgc has 20 seconds left.\n|inactive|Deletudisuvgc has 15 seconds left.\n|\n|t:|1776206195\n|cant|p1b: Kingambit|frz\n|move|p1a: Sneasler|Close Combat|p2b: Froslass\n|-immune|p2b: Froslass\n|move|p2b: Froslass|Blizzard|p1a: Sneasler|[spread] p1a,p1b\n|-resisted|p1b: Kingambit|1\n|-crit|p1b: Kingambit\n|-damage|p1a: Sneasler|35/100\n|-damage|p1b: Kingambit|57/100 frz\n|-status|p1a: Sneasler|frz\n|move|p2a: Weavile|Knock Off|p1a: Sneasler\n|-resisted|p1a: Sneasler|1\n|-damage|p1a: Sneasler|0 fnt\n|-enditem|p1a: Sneasler|Focus Sash|[from] move: Knock Off|[of] p2a: Weavile\n|faint|p1a: Sneasler\n|\n|-weather|Snowscape|[upkeep]\n|-heal|p1b: Kingambit|63/100 frz|[from] item: Leftovers\n|upkeep\n|inactive|Deletudisuvgc has 30 seconds left.\n|inactive|Deletudisuvgc has 20 seconds left.\n|inactive|Deletudisuvgc has 15 seconds left.\n|inactive|Deletudisuvgc has 10 seconds left.\n|inactive|Deletudisuvgc has 5 seconds left.\n|\n|t:|1776206250\n|switch|p1a: Basculegion|Basculegion, L50, M|100/100\n|turn|3\n|\n|t:|1776206275\n|move|p2b: Froslass|Protect|p2b: Froslass\n|-singleturn|p2b: Froslass|Protect\n|move|p1a: Basculegion|Wave Crash|p2b: Froslass\n|-activate|p2b: Froslass|move: Protect\n|move|p2a: Weavile|Knock Off|p1a: Basculegion\n|-supereffective|p1a: Basculegion|1\n|-damage|p1a: Basculegion|0 fnt\n|-enditem|p1a: Basculegion|Choice Scarf|[from] move: Knock Off|[of] p2a: Weavile\n|faint|p1a: Basculegion\n|-curestatus|p1b: Kingambit|frz|[msg]\n|move|p1b: Kingambit|Iron Head|p2a: Weavile\n|-supereffective|p2a: Weavile|1\n|-damage|p2a: Weavile|0 fnt\n|faint|p2a: Weavile\n|\n|-weather|Snowscape|[upkeep]\n|-heal|p1b: Kingambit|69/100|[from] item: Leftovers\n|upkeep\n|\n|t:|1776206293\n|switch|p2a: Sneasler|Sneasler, L50, M|100/100\n|switch|p1a: Armarouge|Armarouge, L50, M|100/100\n|turn|4\n|\n|t:|1776206305\n|move|p2a: Sneasler|Fake Out|p1b: Kingambit\n|-resisted|p1b: Kingambit|1\n|-damage|p1b: Kingambit|64/100\n|move|p1a: Armarouge|Wide Guard|p1a: Armarouge\n|-singleturn|p1a: Armarouge|Wide Guard\n|move|p2b: Froslass|Blizzard|p1a: Armarouge|[spread] \n|-activate|p1a: Armarouge|move: Wide Guard\n|-activate|p1b: Kingambit|move: Wide Guard\n|cant|p1b: Kingambit|flinch\n|\n|-weather|Snowscape|[upkeep]\n|-heal|p1b: Kingambit|70/100|[from] item: Leftovers\n|upkeep\n|turn|5\n|\n|t:|1776206324\n|move|p1a: Armarouge|Wide Guard|p1a: Armarouge\n|-singleturn|p1a: Armarouge|Wide Guard\n|move|p2b: Froslass|Shadow Ball|p1a: Armarouge\n|-supereffective|p1a: Armarouge|1\n|-damage|p1a: Armarouge|5/100\n|move|p2a: Sneasler|Close Combat|p1b: Kingambit\n|-supereffective|p1b: Kingambit|2\n|-damage|p1b: Kingambit|0 fnt\n|-unboost|p2a: Sneasler|def|1\n|-unboost|p2a: Sneasler|spd|1\n|faint|p1b: Kingambit\n|\n|-weather|none\n|upkeep\n|turn|6\n|\n|t:|1776206345\n|move|p2b: Froslass|Shadow Ball|p1a: Armarouge\n|-supereffective|p1a: Armarouge|1\n|-damage|p1a: Armarouge|0 fnt\n|faint|p1a: Armarouge\n|\n|win|Zarato\n|raw|Deletudisuvgc's rating: 1072 &rarr; <strong>1047</strong><br />(-25 for losing)\n|raw|Zarato's rating: 1000 &rarr; <strong>1048</strong><br />(+48 for winning)\n|l|\u203dDeletudisuvgc\n|player|p1|\n",
  "uploadtime": 1776206392,
  "views": 23,
  "formatid": "gen9championsvgc2026regma",
  "rating": 1047,
  "private": 0,
  "password": null
}