{
  "id": "gen9championsvgc2026regma-2588307072",
  "format": "[Gen 9 Champions] VGC 2026 Reg M-A",
  "players": [
    "Aletumadre",
    "nk.luna"
  ],
  "log": "|j|\u2606Aletumadre\n|j|\u2606nk.luna\n|t:|1776622757\n|gametype|doubles\n|player|p1|Aletumadre|101|1107\n|player|p2|nk.luna|marley|1098\n|gen|9\n|tier|[Gen 9 Champions] VGC 2026 Reg M-A\n|rated|\n|rule|Species Clause: Limit one of each Pok\u00e9mon\n|rule|Item Clause: Limit 1 of each item\n|clearpoke\n|poke|p1|Incineroar, L50, F|\n|poke|p1|Garchomp, L50, F|\n|poke|p1|Rotom-Wash, L50|\n|poke|p1|Aegislash, L50, F|\n|poke|p1|Talonflame, L50, M|\n|poke|p1|Floette-Eternal, L50, F|\n|poke|p2|Gardevoir, L50, F, shiny|\n|poke|p2|Whimsicott, L50, M|\n|poke|p2|Ninetales-Alola, L50, F|\n|poke|p2|Incineroar, L50, F|\n|poke|p2|Primarina, L50, M|\n|poke|p2|Froslass, L50, F|\n|teampreview|4\n|inactive|Battle timer is ON: inactive players will automatically lose when time's up. (requested by nk.luna)\n|inactive|Aletumadre has 60 seconds left.\n|\n|t:|1776622799\n|teamsize|p1|4\n|teamsize|p2|4\n|start\n|switch|p1a: Talonflame|Talonflame, L50, M|100/100\n|switch|p1b: Aegislash|Aegislash, L50, F|100/100\n|switch|p2a: fire bear|Incineroar, L50, F|100/100\n|switch|p2b: whimsi|Whimsicott, L50, M|100/100\n|-ability|p2a: fire bear|Intimidate|boost\n|-unboost|p1a: Talonflame|atk|1\n|-unboost|p1b: Aegislash|atk|1\n|turn|1\n|\n|t:|1776622821\n|move|p1a: Talonflame|Protect|p1a: Talonflame\n|-singleturn|p1a: Talonflame|Protect\n|move|p1b: Aegislash|King's Shield|p1b: Aegislash\n|-singleturn|p1b: Aegislash|Protect\n|move|p2a: fire bear|Fake Out|p1a: Talonflame\n|-activate|p1a: Talonflame|move: Protect\n|move|p2b: whimsi|Taunt|p1a: Talonflame\n|-activate|p1a: Talonflame|move: Protect\n|\n|upkeep\n|turn|2\n|\n|t:|1776622841\n|switch|p1b: Incineroar|Incineroar, L50, F|100/100\n|-ability|p1b: Incineroar|Intimidate|boost\n|-unboost|p2a: fire bear|atk|1\n|-unboost|p2b: whimsi|atk|1\n|move|p1a: Talonflame|Tailwind|p1a: Talonflame\n|-sidestart|p1: Aletumadre|move: Tailwind\n|move|p2b: whimsi|Tailwind|p2b: whimsi\n|-sidestart|p2: nk.luna|move: Tailwind\n|move|p2a: fire bear|Flare Blitz|p1b: Incineroar\n|-resisted|p1b: Incineroar|1\n|-damage|p1b: Incineroar|86/100\n|-damage|p2a: fire bear|95/100|[from] Recoil\n|\n|-heal|p1b: Incineroar|92/100|[from] item: Leftovers\n|upkeep\n|turn|3\n|\n|t:|1776622864\n|switch|p1a: Floette|Floette-Eternal, L50, F|100/100\n|switch|p2b: Primarina|Primarina, L50, M|100/100\n|move|p1b: Incineroar|Fake Out|p2b: Primarina\n|-crit|p2b: Primarina\n|-damage|p2b: Primarina|85/100\n|move|p2a: fire bear|Parting Shot|p1a: Floette\n|-unboost|p1a: Floette|atk|1\n|-unboost|p1a: Floette|spa|1\n|\n|t:|1776622868\n|switch|p2a: Gardevoir|Gardevoir, L50, F, shiny|100/100|[from] Parting Shot\n|\n|-heal|p1b: Incineroar|98/100|[from] item: Leftovers\n|-heal|p2b: Primarina|91/100|[from] item: Leftovers\n|upkeep\n|turn|4\n|inactive|Aletumadre has 30 seconds left.\n|inactive|Aletumadre has 20 seconds left.\n|\n|t:|1776622906\n|detailschange|p1a: Floette|Floette-Mega, L50, F\n|-mega|p1a: Floette|Floette|Floettite\n|-ability|p1a: Floette|Fairy Aura\n|move|p2a: Gardevoir|Protect|p2a: Gardevoir\n|-singleturn|p2a: Gardevoir|Protect\n|move|p1a: Floette|Calm Mind|p1a: Floette\n|-boost|p1a: Floette|spa|1\n|-boost|p1a: Floette|spd|1\n|move|p2b: Primarina|Hyper Voice|p1b: Incineroar|[spread] p1a,p1b\n|-supereffective|p1b: Incineroar|1\n|-damage|p1a: Floette|85/100\n|-damage|p1b: Incineroar|43/100\n|move|p1b: Incineroar|Parting Shot|p2a: Gardevoir\n|-activate|p2a: Gardevoir|move: Protect\n|\n|-heal|p2b: Primarina|97/100|[from] item: Leftovers\n|-heal|p1b: Incineroar|49/100|[from] item: Leftovers\n|upkeep\n|turn|5\n|\n|t:|1776622927\n|detailschange|p2a: Gardevoir|Gardevoir-Mega, L50, F, shiny\n|-mega|p2a: Gardevoir|Gardevoir|Gardevoirite\n|move|p2a: Gardevoir|Hyper Voice|p1a: Floette|[spread] p1a,p1b\n|-damage|p1a: Floette|51/100\n|-damage|p1b: Incineroar|0 fnt\n|faint|p1b: Incineroar\n|move|p1a: Floette|Calm Mind|p1a: Floette\n|-boost|p1a: Floette|spa|1\n|-boost|p1a: Floette|spd|1\n|move|p2b: Primarina|Hyper Voice|p1a: Floette\n|-damage|p1a: Floette|33/100\n|\n|-heal|p2b: Primarina|100/100|[from] item: Leftovers\n|-sideend|p2: nk.luna|move: Tailwind\n|-sideend|p1: Aletumadre|move: Tailwind\n|upkeep\n|\n|t:|1776622944\n|switch|p1b: Aegislash|Aegislash, L50, F|100/100\n|turn|6\n|\n|t:|1776622961\n|move|p2a: Gardevoir|Protect|p2a: Gardevoir\n|-singleturn|p2a: Gardevoir|Protect\n|move|p1a: Floette|Protect|p1a: Floette\n|-singleturn|p1a: Floette|Protect\n|-formechange|p1b: Aegislash|Aegislash-Blade|\n|move|p1b: Aegislash|Iron Head|p2a: Gardevoir\n|-activate|p2a: Gardevoir|move: Protect\n|move|p2b: Primarina|Haze|p2b: Primarina\n|-clearallboost\n|\n|upkeep\n|turn|7\n|inactive|Aletumadre has 30 seconds left.\n|\n|t:|1776622991\n|switch|p2a: fire bear|Incineroar, L50, F|95/100\n|-ability|p2a: fire bear|Intimidate|boost\n|-unboost|p1a: Floette|atk|1\n|-unboost|p1b: Aegislash|atk|1\n|move|p1a: Floette|Dazzling Gleam|p2a: fire bear|[spread] p2a,p2b\n|-damage|p2a: fire bear|59/100\n|-damage|p2b: Primarina|65/100\n|move|p1b: Aegislash|Iron Head|p2a: fire bear\n|-resisted|p2a: fire bear|1\n|-damage|p2a: fire bear|44/100\n|-enditem|p2a: fire bear|Sitrus Berry|[eat]\n|-heal|p2a: fire bear|69/100|[from] item: Sitrus Berry\n|move|p2b: Primarina|Hyper Voice|p1b: Aegislash|[spread] p1a,p1b\n|-damage|p1a: Floette|7/100\n|-damage|p1b: Aegislash|38/100\n|\n|-heal|p2b: Primarina|71/100|[from] item: Leftovers\n|upkeep\n|turn|8\n|-message|Aletumadre forfeited.\n|\n|win|nk.luna\n|raw|Aletumadre's rating: 1107 &rarr; <strong>1081</strong><br />(-26 for losing)\n|raw|nk.luna's rating: 1098 &rarr; <strong>1124</strong><br />(+26 for winning)\n|l|\u2606Aletumadre\n|player|p1|\n",
  "uploadtime": 1776623017,
  "views": 16,
  "formatid": "gen9championsvgc2026regma",
  "rating": 1081,
  "private": 0,
  "password": null
}