{
  "id": "gen9championsvgc2026regma-2581643835",
  "format": "[Gen 9 Champions] VGC 2026 Reg M-A",
  "players": [
    "V1olet Gu4rd",
    "Maxitoscratch2"
  ],
  "log": "|j|\u2606V1olet Gu4rd\n|j|\u2606Maxitoscratch2\n|t:|1776017471\n|gametype|doubles\n|player|p1|V1olet Gu4rd|265|1044\n|player|p2|Maxitoscratch2|lucas|1061\n|gen|9\n|tier|[Gen 9 Champions] VGC 2026 Reg M-A\n|rated|\n|rule|Species Clause: Limit one of each Pok\u00e9mon\n|rule|Item Clause: Limit 1 of each item\n|clearpoke\n|poke|p1|Orthworm, L50, M|\n|poke|p1|Basculegion, L50, M|\n|poke|p1|Incineroar, L50, M|\n|poke|p1|Rotom-Frost, L50|\n|poke|p1|Froslass, L50, F|\n|poke|p1|Garchomp, L50, F|\n|poke|p2|Froslass, L50, F|\n|poke|p2|Primarina, L50, M|\n|poke|p2|Sinistcha, L50|\n|poke|p2|Alcremie, L50, F|\n|poke|p2|Incineroar, L50, M|\n|poke|p2|Lycanroc-Dusk, L50, M|\n|teampreview|4\nV1olet Gu4rd rejected open team sheets.\n|inactive|Battle timer is ON: inactive players will automatically lose when time's up. (requested by V1olet Gu4rd)\n|inactive|Maxitoscratch2 has 60 seconds left.\n|\n|t:|1776017529\n|teamsize|p1|4\n|teamsize|p2|4\n|start\n|switch|p1a: Orthworm|Orthworm, L50, M, shiny|100/100\n|switch|p1b: Incineroar|Incineroar, L50, M, shiny|100/100\n|switch|p2a: Incineroar|Incineroar, L50, M|100/100\n|switch|p2b: Alcremie|Alcremie, L50, F|100/100\n|-ability|p2a: Incineroar|Intimidate|boost\n|-unboost|p1a: Orthworm|atk|1\n|-unboost|p1b: Incineroar|atk|1\n|-ability|p1b: Incineroar|Intimidate|boost\n|-unboost|p2a: Incineroar|atk|1\n|-unboost|p2b: Alcremie|atk|1\n|turn|1\n|inactive|Maxitoscratch2 has 30 seconds left.\n|inactive|Maxitoscratch2 has 20 seconds left.\n|inactive|Maxitoscratch2 has 15 seconds left.\n|inactive|Maxitoscratch2 has 10 seconds left.\n|inactive|Maxitoscratch2 has 5 seconds left.\n|\n|t:|1776017583\n|move|p2b: Alcremie|Helping Hand|p2a: Incineroar\n|-singleturn|p2a: Incineroar|Helping Hand|[of] p2b: Alcremie\n|move|p2a: Incineroar|Fake Out|p1b: Incineroar\n|-damage|p1b: Incineroar|91/100\n|move|p1a: Orthworm|Shed Tail|p1a: Orthworm\n|-start|p1a: Orthworm|Substitute|[from] move: Shed Tail\n|-damage|p1a: Orthworm|50/100\n|-enditem|p1a: Orthworm|Sitrus Berry|[eat]\n|-heal|p1a: Orthworm|75/100|[from] item: Sitrus Berry\n|\n|t:|1776017592\n|switch|p1a: Froslass|Froslass, L50, F, shiny|100/100|[from] Shed Tail\n|cant|p1b: Incineroar|flinch\n|\n|upkeep\n|turn|2\n|\n|t:|1776017614\n|move|p1a: Froslass|Protect|p1a: Froslass\n|-singleturn|p1a: Froslass|Protect\n|move|p2b: Alcremie|Light Screen|p2b: Alcremie\n|-sidestart|p2: Maxitoscratch2|move: Light Screen\n|move|p2a: Incineroar|Parting Shot|p1a: Froslass\n|-activate|p1a: Froslass|move: Protect\n|move|p1b: Incineroar|Parting Shot|p2a: Incineroar\n|-unboost|p2a: Incineroar|atk|1\n|-unboost|p2a: Incineroar|spa|1\n|\n|t:|1776017623\n|switch|p1b: Basculegion|Basculegion, L50, M, shiny|100/100|[from] Parting Shot\n|\n|upkeep\n|turn|3\n|l|\u2606V1olet Gu4rd\n|inactive|V1olet Gu4rd disconnected and has a minute to reconnect!\n|player|p1|\n|inactive|Maxitoscratch2 has 30 seconds left.\n|inactive|Maxitoscratch2 has 20 seconds left.\n|j|\u2606V1olet Gu4rd\n|inactive|V1olet Gu4rd reconnected.\n|player|p1|V1olet Gu4rd|265|\n|inactive|Maxitoscratch2 has 15 seconds left.\n|\n|t:|1776017667\n|switch|p2b: Lycanroc|Lycanroc-Dusk, L50, M|100/100\n|move|p1b: Basculegion|Flip Turn|p2b: Lycanroc\n|-supereffective|p2b: Lycanroc|1\n|-enditem|p2b: Lycanroc|Focus Sash\n|-damage|p2b: Lycanroc|1/100\n|\n|t:|1776017674\n|switch|p1b: Incineroar|Incineroar, L50, M, shiny|91/100|[from] Flip Turn\n|-ability|p1b: Incineroar|Intimidate|boost\n|-unboost|p2a: Incineroar|atk|1\n|-unboost|p2b: Lycanroc|atk|1\n|move|p1a: Froslass|Nasty Plot|p1a: Froslass\n|-boost|p1a: Froslass|spa|2\n|move|p2a: Incineroar|Parting Shot|p1b: Incineroar\n|-unboost|p1b: Incineroar|atk|1\n|-unboost|p1b: Incineroar|spa|1\n|\n|t:|1776017689\n|switch|p2a: Froslass|Froslass, L50, F|100/100|[from] Parting Shot\n|\n|upkeep\n|turn|4\n|\n|t:|1776017716\n|detailschange|p1a: Froslass|Froslass-Mega, L50, F, shiny\n|-mega|p1a: Froslass|Froslass|Froslassite\n|-weather|Snowscape|[from] ability: Snow Warning|[of] p1a: Froslass\n|move|p2a: Froslass|Protect|p2a: Froslass\n|-singleturn|p2a: Froslass|Protect\n|move|p1b: Incineroar|Fake Out|p2b: Lycanroc\n|-resisted|p2b: Lycanroc|1\n|-damage|p2b: Lycanroc|0 fnt\n|faint|p2b: Lycanroc\n|move|p1a: Froslass|Shadow Ball|p2a: Froslass\n|-activate|p2a: Froslass|move: Protect\n|\n|-weather|Snowscape|[upkeep]\n|upkeep\n|\n|t:|1776017737\n|switch|p2b: Alcremie|Alcremie, L50, F|100/100\n|turn|5\n|\n|t:|1776017751\n|detailschange|p2a: Froslass|Froslass-Mega, L50, F\n|-mega|p2a: Froslass|Froslass|Froslassite\n|move|p2a: Froslass|Aurora Veil|p2a: Froslass\n|-sidestart|p2: Maxitoscratch2|move: Aurora Veil\n|move|p1a: Froslass|Shadow Ball|p2a: Froslass\n|-supereffective|p2a: Froslass|1\n|-damage|p2a: Froslass|0 fnt\n|faint|p2a: Froslass\n|move|p2b: Alcremie|Pain Split|p2: Froslass|[notarget]\n|-fail|p2b: Alcremie\n|move|p1b: Incineroar|Flare Blitz|p2b: Alcremie\n|-damage|p2b: Alcremie|71/100\n|-damage|p1b: Incineroar|82/100|[from] Recoil\n|\n|-weather|Snowscape|[upkeep]\n|upkeep\n|\n|t:|1776017768\n|switch|p2a: Incineroar|Incineroar, L50, M|100/100\n|-ability|p2a: Incineroar|Intimidate|boost\n|-immune|p1a: Froslass\n|-unboost|p1b: Incineroar|atk|1\n|turn|6\n|\n|t:|1776017779\n|switch|p1b: Orthworm|Orthworm, L50, M, shiny|75/100\n|move|p2a: Incineroar|Fake Out|p1b: Orthworm\n|-resisted|p1b: Orthworm|1\n|-damage|p1b: Orthworm|72/100\n|move|p1a: Froslass|Blizzard|p2b: Alcremie|[spread] p2a,p2b\n|-resisted|p2a: Incineroar|1\n|-damage|p2a: Incineroar|78/100\n|-damage|p2b: Alcremie|35/100\n|-enditem|p2b: Alcremie|Sitrus Berry|[eat]\n|-heal|p2b: Alcremie|60/100|[from] item: Sitrus Berry\n|move|p2b: Alcremie|Decorate|p2a: Incineroar\n|-boost|p2a: Incineroar|atk|2\n|-boost|p2a: Incineroar|spa|2\n|\n|-weather|Snowscape|[upkeep]\n|-sideend|p2: Maxitoscratch2|move: Light Screen\n|upkeep\n|turn|7\n|inactive|Maxitoscratch2 has 30 seconds left.\n|inactive|Maxitoscratch2 has 20 seconds left.\n|\n|t:|1776017815\n|move|p1a: Froslass|Blizzard|p2a: Incineroar|[spread] p2a,p2b\n|-resisted|p2a: Incineroar|1\n|-damage|p2a: Incineroar|59/100\n|-damage|p2b: Alcremie|22/100\n|move|p1b: Orthworm|Body Press|p2a: Incineroar\n|-supereffective|p2a: Incineroar|1\n|-damage|p2a: Incineroar|19/100\n|move|p2b: Alcremie|Light Screen|p2b: Alcremie\n|-sidestart|p2: Maxitoscratch2|move: Light Screen\n|move|p2a: Incineroar|Flare Blitz|p1a: Froslass\n|-supereffective|p1a: Froslass|1\n|-end|p1a: Froslass|Substitute\n|-damage|p2a: Incineroar|11/100|[from] Recoil|[of] p1a: Froslass\n|\n|-weather|Snowscape|[upkeep]\n|upkeep\n|turn|8\n|\n|t:|1776017834\n|move|p1a: Froslass|Blizzard|p2a: Incineroar|[spread] p2a,p2b\n|-resisted|p2a: Incineroar|1\n|-damage|p2a: Incineroar|0 fnt\n|-damage|p2b: Alcremie|0 fnt\n|faint|p2a: Incineroar\n|faint|p2b: Alcremie\n|\n|win|V1olet Gu4rd\n|raw|V1olet Gu4rd's rating: 1044 &rarr; <strong>1079</strong><br />(+35 for winning)\n|raw|Maxitoscratch2's rating: 1061 &rarr; <strong>1041</strong><br />(-20 for losing)\n",
  "uploadtime": 1776017842,
  "views": 19,
  "formatid": "gen9championsvgc2026regma",
  "rating": 1041,
  "private": 0,
  "password": null
}