{
  "id": "gen9championsvgc2026regma-2581280506",
  "format": "[Gen 9 Champions] VGC 2026 Reg M-A",
  "players": [
    "yamede\u86c7\u5982",
    "sjysjy"
  ],
  "log": "|j|\u2606yamede\u86c7\u5982\n|j|\u2606sjysjy\n|t:|1775980661\n|gametype|doubles\n|player|p1|yamede\u86c7\u5982|265|1409\n|player|p2|sjysjy|265|1378\n|gen|9\n|tier|[Gen 9 Champions] VGC 2026 Reg M-A\n|rated|\n|rule|Species Clause: Limit one of each Pok\u00e9mon\n|rule|Item Clause: Limit 1 of each item\n|clearpoke\n|poke|p1|Tyranitar, L50, F|\n|poke|p1|Milotic, L50, F|\n|poke|p1|Excadrill, L50, M|\n|poke|p1|Gardevoir, L50, F|\n|poke|p1|Incineroar, L50, F|\n|poke|p1|Sinistcha, L50|\n|poke|p2|Gengar, L50, F|\n|poke|p2|Garchomp, L50, M|\n|poke|p2|Whimsicott, L50, M|\n|poke|p2|Typhlosion-Hisui, L50, M|\n|poke|p2|Kingambit, L50, F|\n|poke|p2|Rotom-Wash, L50|\n|teampreview|4\n|j| jungro\n|inactive|Battle timer is ON: inactive players will automatically lose when time's up. (requested by yamede\u86c7\u5982)\n|c|\u2606sjysjy|\u53c8\u662f\u4f60\n|j| gE1xjZRtuhW2DdT0AK\n|l| jungro\n|j| Baby Kunai\n|inactive|yamede\u86c7\u5982 has 60 seconds left.\n|j| Jackie67890\n|inactive|yamede\u86c7\u5982 has 30 seconds left.\n|\n|t:|1775980735\n|teamsize|p1|4\n|teamsize|p2|4\n|start\n|switch|p1a: Milotic|Milotic, L50, F, shiny|100/100\n|switch|p1b: Gardevoir|Gardevoir, L50, F|100/100\n|switch|p2a: Whimsicott|Whimsicott, L50, M|100/100\n|switch|p2b: Rotom|Rotom-Wash, L50|100/100\n|-ability|p1b: Gardevoir|Prankster|Trace|[from] ability: Trace|[of] p2a: Whimsicott\n|turn|1\n|inactive|sjysjy has 30 seconds left.\n|\n|t:|1775980768\n|detailschange|p1b: Gardevoir|Gardevoir-Mega, L50, F\n|-mega|p1b: Gardevoir|Gardevoir|Gardevoirite\n|move|p2a: Whimsicott|Tailwind|p2a: Whimsicott\n|-sidestart|p2: sjysjy|move: Tailwind\n|move|p2b: Rotom|Thunderbolt|p1b: Gardevoir\n|-damage|p1b: Gardevoir|65/100\n|move|p1b: Gardevoir|Hyper Voice|p2a: Whimsicott|[spread] p2a,p2b\n|-damage|p2a: Whimsicott|9/100\n|-damage|p2b: Rotom|52/100\n|move|p1a: Milotic|Coil|p1a: Milotic\n|-boost|p1a: Milotic|atk|1\n|-boost|p1a: Milotic|def|1\n|-boost|p1a: Milotic|accuracy|1\n|\n|upkeep\n|turn|2\n|inactive|yamede\u86c7\u5982 has 30 seconds left.\n|\n|t:|1775980795\n|switch|p1a: Sinistcha|Sinistcha, L50|100/100\n|-heal|p1b: Gardevoir|90/100|[from] ability: Hospitality|[of] p1a: Sinistcha\n|move|p2a: Whimsicott|Encore||[still]\n|-fail|p2a: Whimsicott\n|move|p2b: Rotom|Thunderbolt|p1b: Gardevoir\n|-damage|p1b: Gardevoir|59/100\n|move|p1b: Gardevoir|Hyper Voice|p2b: Rotom|[spread] p2a,p2b\n|-damage|p2a: Whimsicott|0 fnt\n|-damage|p2b: Rotom|0 fnt\n|faint|p2a: Whimsicott\n|faint|p2b: Rotom\n|\n|upkeep\n|\n|t:|1775980802\n|switch|p2a: Garchomp|Garchomp, L50, M|100/100\n|switch|p2b: Kingambit|Kingambit, L50, F|100/100\n|turn|3\n|\n|t:|1775980816\n|move|p1a: Sinistcha|Rage Powder|p1a: Sinistcha\n|-singleturn|p1a: Sinistcha|move: Rage Powder\n|move|p2a: Garchomp|Rock Slide|p1a: Sinistcha|[spread] p1a,p1b\n|-damage|p1a: Sinistcha|84/100\n|-damage|p1b: Gardevoir|24/100\n|move|p1b: Gardevoir|Hyper Voice|p2b: Kingambit|[spread] p2a,p2b\n|-supereffective|p2a: Garchomp|1\n|-damage|p2a: Garchomp|0 fnt\n|-damage|p2b: Kingambit|53/100\n|faint|p2a: Garchomp\n|move|p2b: Kingambit|Kowtow Cleave|p1a: Sinistcha\n|-supereffective|p1a: Sinistcha|1\n|-damage|p1a: Sinistcha|0 fnt\n|faint|p1a: Sinistcha\n|\n|upkeep\n|\n|t:|1775980826\n|switch|p1a: Milotic|Milotic, L50, F, shiny|100/100\n|turn|4\n|\n|t:|1775980835\n|move|p1b: Gardevoir|Protect|p1b: Gardevoir\n|-singleturn|p1b: Gardevoir|Protect\n|move|p2b: Kingambit|Sucker Punch||[still]\n|-fail|p2b: Kingambit\n|move|p1a: Milotic|Coil|p1a: Milotic\n|-boost|p1a: Milotic|atk|1\n|-boost|p1a: Milotic|def|1\n|-boost|p1a: Milotic|accuracy|1\n|\n|-sideend|p2: sjysjy|move: Tailwind\n|upkeep\n|turn|5\n|-message|sjysjy forfeited.\n|\n|win|yamede\u86c7\u5982\n|raw|yamede\u86c7\u5982's rating: 1409 &rarr; <strong>1427</strong><br />(+18 for winning)\n|raw|sjysjy's rating: 1378 &rarr; <strong>1360</strong><br />(-18 for losing)\n|l|\u2606sjysjy\n|player|p2|\n|l|\u2606yamede\u86c7\u5982\n|player|p1|\n",
  "uploadtime": 1775980904,
  "views": 45,
  "formatid": "gen9championsvgc2026regma",
  "rating": 1360,
  "private": 0,
  "password": null
}