{
  "id": "gen9championsvgc2026regma-2589496718",
  "format": "[Gen 9 Champions] VGC 2026 Reg M-A",
  "players": [
    "Ernewrld",
    "guioguoguo"
  ],
  "log": "|j|\u2606Ernewrld\n|j|\u2606guioguoguo\n|t:|1776728286\n|gametype|doubles\n|player|p1|Ernewrld|cynthia-gen4|1026\n|player|p2|guioguoguo|266|1052\n|gen|9\n|tier|[Gen 9 Champions] VGC 2026 Reg M-A\n|rated|\n|rule|Species Clause: Limit one of each Pok\u00e9mon\n|rule|Item Clause: Limit 1 of each item\n|clearpoke\n|poke|p1|Aerodactyl, L50, M|\n|poke|p1|Garchomp, L50, M|\n|poke|p1|Aegislash, L50, F|\n|poke|p1|Floette-Eternal, L50, F|\n|poke|p1|Rotom-Wash, L50|\n|poke|p1|Incineroar, L50, M|\n|poke|p2|Excadrill, L50, M, shiny|\n|poke|p2|Hawlucha, L50, M, shiny|\n|poke|p2|Tyranitar, L50, F, shiny|\n|poke|p2|Espathra, L50, M, shiny|\n|poke|p2|Sinistcha, L50, shiny|\n|poke|p2|Incineroar, L50, F, shiny|\n|teampreview|4\n|\n|t:|1776728330\n|teamsize|p1|4\n|teamsize|p2|4\n|start\n|switch|p1a: Aerodactyl|Aerodactyl, L50, M|100/100\n|switch|p1b: Incineroar|Incineroar, L50, M|100/100\n|switch|p2a: Espathra|Espathra, L50, M, shiny|100/100\n|switch|p2b: Incineroar|Incineroar, L50, F, shiny|100/100\n|-ability|p1a: Aerodactyl|Unnerve\n|-ability|p1b: Incineroar|Intimidate|boost\n|-unboost|p2a: Espathra|atk|1\n|-unboost|p2b: Incineroar|atk|1\n|-ability|p2b: Incineroar|Intimidate|boost\n|-unboost|p1a: Aerodactyl|atk|1\n|-unboost|p1b: Incineroar|atk|1\n|turn|1\n|inactive|Battle timer is ON: inactive players will automatically lose when time's up. (requested by guioguoguo)\n|\n|t:|1776728356\n|move|p1b: Incineroar|Fake Out|p2b: Incineroar\n|-damage|p2b: Incineroar|95/100\n|cant|p2b: Incineroar|flinch\n|move|p1a: Aerodactyl|Rock Slide|p2b: Incineroar|[spread] p2a,p2b\n|-supereffective|p2b: Incineroar|1\n|-damage|p2a: Espathra|78/100\n|-damage|p2b: Incineroar|70/100\n|move|p2a: Espathra|Calm Mind|p2a: Espathra\n|-boost|p2a: Espathra|spa|1\n|-boost|p2a: Espathra|spd|1\n|\n|-ability|p2a: Espathra|Speed Boost|boost\n|-boost|p2a: Espathra|spe|1\n|upkeep\n|turn|2\n|inactive|guioguoguo has 30 seconds left.\n|\n|t:|1776728388\n|move|p2a: Espathra|Protect|p2a: Espathra\n|-singleturn|p2a: Espathra|Protect\n|move|p1a: Aerodactyl|Tailwind|p1a: Aerodactyl\n|-sidestart|p1: Ernewrld|move: Tailwind\n|move|p1b: Incineroar|Parting Shot|p2a: Espathra\n|-activate|p2a: Espathra|move: Protect\n|move|p2b: Incineroar|Parting Shot|p1b: Incineroar\n|-unboost|p1b: Incineroar|atk|1\n|-unboost|p1b: Incineroar|spa|1\n|inactive|guioguoguo has 30 seconds left.\n|\n|t:|1776728414\n|switch|p2b: Hawlucha|Hawlucha, L50, M, shiny|100/100|[from] Parting Shot\n|-ability|p2b: Hawlucha|Mold Breaker\n|\n|-ability|p2a: Espathra|Speed Boost|boost\n|-boost|p2a: Espathra|spe|1\n|upkeep\n|turn|3\n|inactive|guioguoguo has 30 seconds left.\n|\n|t:|1776728443\n|detailschange|p2b: Hawlucha|Hawlucha-Mega, L50, M, shiny\n|-mega|p2b: Hawlucha|Hawlucha|Hawluchanite\n|move|p1a: Aerodactyl|Dual Wingbeat|p2b: Hawlucha\n|-supereffective|p2b: Hawlucha|1\n|-damage|p2b: Hawlucha|70/100\n|-supereffective|p2b: Hawlucha|1\n|-damage|p2b: Hawlucha|42/100\n|-hitcount|p2b: Hawlucha|2\n|move|p2a: Espathra|Stored Power|p1a: Aerodactyl\n|-enditem|p1a: Aerodactyl|Focus Sash\n|-damage|p1a: Aerodactyl|1/100\n|move|p2b: Hawlucha|Rock Slide|p1b: Incineroar|[spread] p1a,p1b\n|-supereffective|p1a: Aerodactyl|1\n|-supereffective|p1b: Incineroar|1\n|-crit|p1b: Incineroar\n|-damage|p1a: Aerodactyl|0 fnt\n|-damage|p1b: Incineroar|47/100\n|faint|p1a: Aerodactyl\n|cant|p1b: Incineroar|flinch\n|\n|-ability|p2a: Espathra|Speed Boost|boost\n|-boost|p2a: Espathra|spe|1\n|upkeep\n|\n|t:|1776728465\n|switch|p1a: Floette|Floette-Eternal, L50, F|100/100\n|turn|4\n|\n|t:|1776728489\n|switch|p2b: Sinistcha|Sinistcha, L50, shiny|100/100\n|-heal|p2a: Espathra|100/100|[from] ability: Hospitality|[of] p2b: Sinistcha\n|switch|p1b: Garchomp|Garchomp, L50, M|100/100\n|move|p2a: Espathra|Protect|p2a: Espathra\n|-singleturn|p2a: Espathra|Protect\n|move|p1a: Floette|Calm Mind|p1a: Floette\n|-boost|p1a: Floette|spa|1\n|-boost|p1a: Floette|spd|1\n|\n|-ability|p2a: Espathra|Speed Boost|boost\n|-boost|p2a: Espathra|spe|1\n|upkeep\n|turn|5\n|inactive|Ernewrld has 30 seconds left.\n|inactive|guioguoguo has 30 seconds left.\n|inactive|guioguoguo has 20 seconds left.\n|\n|t:|1776728526\n|move|p2a: Espathra|Dazzling Gleam|p1b: Garchomp|[spread] p1a,p1b\n|-crit|p1a: Floette\n|-supereffective|p1b: Garchomp|1\n|-damage|p1a: Floette|68/100\n|-damage|p1b: Garchomp|46/100\n|move|p1b: Garchomp|Dragon Claw|p2a: Espathra\n|-damage|p2a: Espathra|36/100\n|move|p1a: Floette|Dazzling Gleam|p2a: Espathra|[spread] p2a,p2b\n|-damage|p2a: Espathra|0 fnt\n|-damage|p2b: Sinistcha|40/100\n|faint|p2a: Espathra\n|move|p2b: Sinistcha|Matcha Gotcha|p1a: Floette|[spread] p1a,p1b\n|-damage|p1a: Floette|51/100\n|-heal|p2b: Sinistcha|49/100|[from] drain|[of] p1a: Floette\n|-damage|p1b: Garchomp|14/100\n|-heal|p2b: Sinistcha|69/100|[from] drain|[of] p1b: Garchomp\n|\n|-sideend|p1: Ernewrld|move: Tailwind\n|upkeep\n|\n|t:|1776728548\n|switch|p2a: Incineroar|Incineroar, L50, F, shiny|70/100\n|-ability|p2a: Incineroar|Intimidate|boost\n|-unboost|p1a: Floette|atk|1\n|-unboost|p1b: Garchomp|atk|1\n|-enditem|p1b: Garchomp|White Herb\n|-clearnegativeboost|p1b: Garchomp|[silent]\n|turn|6\n|\n|t:|1776728559\n|switch|p1b: Incineroar|Incineroar, L50, M|47/100\n|-ability|p1b: Incineroar|Intimidate|boost\n|-unboost|p2a: Incineroar|atk|1\n|-unboost|p2b: Sinistcha|atk|1\n|move|p1a: Floette|Protect|p1a: Floette\n|-singleturn|p1a: Floette|Protect\n|move|p2a: Incineroar|Fake Out|p1a: Floette\n|-activate|p1a: Floette|move: Protect\n|move|p2b: Sinistcha|Matcha Gotcha|p1b: Incineroar|[spread] p1b\n|-activate|p1a: Floette|move: Protect\n|-resisted|p1b: Incineroar|1\n|-damage|p1b: Incineroar|34/100\n|-heal|p2b: Sinistcha|79/100|[from] drain|[of] p1b: Incineroar\n|\n|upkeep\n|turn|7\n|\n|t:|1776728582\n|move|p2b: Sinistcha|Matcha Gotcha|p1b: Incineroar|[spread] p1b\n|-miss|p2b: Sinistcha|p1a: Floette\n|-resisted|p1b: Incineroar|1\n|-damage|p1b: Incineroar|22/100\n|-heal|p2b: Sinistcha|87/100|[from] drain|[of] p1b: Incineroar\n|move|p1a: Floette|Dazzling Gleam|p2b: Sinistcha|[spread] p2a,p2b\n|-damage|p2a: Incineroar|30/100\n|-damage|p2b: Sinistcha|20/100\n|-enditem|p2a: Incineroar|Sitrus Berry|[eat]\n|-heal|p2a: Incineroar|55/100|[from] item: Sitrus Berry\n|move|p1b: Incineroar|Flare Blitz|p2b: Sinistcha\n|-supereffective|p2b: Sinistcha|1\n|-damage|p2b: Sinistcha|0 fnt\n|faint|p2b: Sinistcha\n|-damage|p1b: Incineroar|17/100|[from] Recoil\n|move|p2a: Incineroar|Flare Blitz|p1a: Floette\n|-damage|p1a: Floette|15/100\n|-damage|p2a: Incineroar|45/100|[from] Recoil\n|\n|upkeep\n|\n|t:|1776728600\n|switch|p2b: Hawlucha|Hawlucha-Mega, L50, M, shiny|42/100\n|turn|8\n|\n|t:|1776728623\n|move|p1a: Floette|Protect|p1a: Floette\n|-singleturn|p1a: Floette|Protect\n|move|p2b: Hawlucha|Rock Slide|p1a: Floette|[spread] p1b\n|-activate|p1a: Floette|move: Protect\n|-supereffective|p1b: Incineroar|1\n|-crit|p1b: Incineroar\n|-damage|p1b: Incineroar|0 fnt\n|faint|p1b: Incineroar\n|move|p2a: Incineroar|Flare Blitz|p1a: Floette\n|-activate|p1a: Floette|move: Protect\n|\n|upkeep\n|\n|t:|1776728635\n|switch|p1b: Garchomp|Garchomp, L50, M|14/100\n|turn|9\n|\n|t:|1776728643\n|move|p2b: Hawlucha|Rock Slide|p1b: Garchomp|[spread] p1a,p1b\n|-resisted|p1b: Garchomp|1\n|-damage|p1a: Floette|0 fnt\n|-damage|p1b: Garchomp|5/100\n|faint|p1a: Floette\n|move|p1b: Garchomp|Dragon Claw|p2b: Hawlucha\n|-damage|p2b: Hawlucha|0 fnt\n|faint|p2b: Hawlucha\n|move|p2a: Incineroar|Flare Blitz|p1b: Garchomp\n|-resisted|p1b: Garchomp|1\n|-damage|p1b: Garchomp|0 fnt\n|-damage|p2a: Incineroar|33/100|[from] ability: Rough Skin|[of] p1b: Garchomp\n|faint|p1b: Garchomp\n|-damage|p2a: Incineroar|31/100|[from] Recoil\n|\n|win|guioguoguo\n|raw|Ernewrld's rating: 1026 &rarr; <strong>1013</strong><br />(-13 for losing)\n|raw|guioguoguo's rating: 1052 &rarr; <strong>1082</strong><br />(+30 for winning)\n",
  "uploadtime": 1776728667,
  "views": 5,
  "formatid": "gen9championsvgc2026regma",
  "rating": 1013,
  "private": 0,
  "password": null
}