{
  "id": "gen9championsvgc2026regma-2583119328",
  "format": "[Gen 9 Champions] VGC 2026 Reg M-A",
  "players": [
    "xelsior",
    "apexdesu"
  ],
  "log": "|j|\u2606xelsior\n|j|\u2606apexdesu\n|t:|1776144285\n|gametype|doubles\n|player|p1|xelsior|colress|1096\n|player|p2|apexdesu|cowgirl|1144\n|gen|9\n|tier|[Gen 9 Champions] VGC 2026 Reg M-A\n|rated|\n|rule|Species Clause: Limit one of each Pok\u00e9mon\n|rule|Item Clause: Limit 1 of each item\n|clearpoke\n|poke|p1|Manectric, L50, F|\n|poke|p1|Gyarados, L50, M|\n|poke|p1|Garchomp, L50, M|\n|poke|p1|Aerodactyl, L50, M|\n|poke|p1|Sneasler, L50, M|\n|poke|p1|Sinistcha, L50|\n|poke|p2|Incineroar, L50, F|\n|poke|p2|Farigiraf, L50, M|\n|poke|p2|Torkoal, L50, M|\n|poke|p2|Camerupt, L50, M|\n|poke|p2|Sinistcha, L50|\n|poke|p2|Crabominable, L50, M|\n|teampreview|4\n|c|\u2606xelsior|glhf\n|\n|t:|1776144347\n|teamsize|p1|4\n|teamsize|p2|4\n|start\n|switch|p1a: Gyarados|Gyarados, L50, M|100/100\n|switch|p1b: Sneasler|Sneasler, L50, M|100/100\n|switch|p2a: Incineroar|Incineroar, L50, F|100/100\n|switch|p2b: Farigiraf|Farigiraf, L50, M|100/100\n|-ability|p1a: Gyarados|Intimidate|boost\n|-unboost|p2a: Incineroar|atk|1\n|-unboost|p2b: Farigiraf|atk|1\n|-ability|p2a: Incineroar|Intimidate|boost\n|-unboost|p1a: Gyarados|atk|1\n|-unboost|p1b: Sneasler|atk|1\n|-enditem|p1b: Sneasler|White Herb\n|-clearnegativeboost|p1b: Sneasler|[silent]\n|turn|1\n|inactive|Battle timer is ON: inactive players will automatically lose when time's up. (requested by apexdesu)\n|inactive|xelsior has 60 seconds left.\n|\n|t:|1776144379\n|move|p2a: Incineroar|Fake Out|p1b: Sneasler\n|-damage|p1b: Sneasler|83/100\n|cant|p1b: Sneasler|flinch\n|move|p1a: Gyarados|Crunch|p2b: Farigiraf\n|-supereffective|p2b: Farigiraf|1\n|-damage|p2b: Farigiraf|63/100\n|move|p2b: Farigiraf|Trick Room|p2b: Farigiraf\n|-fieldstart|move: Trick Room|[of] p2b: Farigiraf\n|\n|upkeep\n|turn|2\n|inactive|apexdesu has 30 seconds left.\n|\n|t:|1776144408\n|switch|p1a: Garchomp|Garchomp, L50, M|100/100\n|move|p2b: Farigiraf|Psychic|p1b: Sneasler\n|-supereffective|p1b: Sneasler|2\n|-damage|p1b: Sneasler|0 fnt\n|faint|p1b: Sneasler\n|move|p2a: Incineroar|Parting Shot|p1a: Garchomp\n|-unboost|p1a: Garchomp|atk|1\n|-unboost|p1a: Garchomp|spa|1\n|\n|t:|1776144418\n|switch|p2a: Torkoal|Torkoal, L50, M|100/100|[from] Parting Shot\n|-weather|SunnyDay|[from] ability: Drought|[of] p2a: Torkoal\n|\n|-weather|SunnyDay|[upkeep]\n|upkeep\n|inactive|xelsior has 30 seconds left.\n|\n|t:|1776144444\n|switch|p1b: Manectric|Manectric, L50, F|100/100\n|turn|3\n|\n|t:|1776144468\n|switch|p1a: Gyarados|Gyarados, L50, M|100/100\n|-ability|p1a: Gyarados|Intimidate|boost\n|-unboost|p2a: Torkoal|atk|1\n|-unboost|p2b: Farigiraf|atk|1\n|move|p1b: Manectric|Protect|p1b: Manectric\n|-singleturn|p1b: Manectric|Protect\n|move|p2a: Torkoal|Eruption|p1b: Manectric|[spread] p1a\n|-activate|p1b: Manectric|move: Protect\n|-resisted|p1a: Gyarados|1\n|-damage|p1a: Gyarados|61/100\n|move|p2b: Farigiraf|Hyper Voice|p1b: Manectric|[spread] p1a\n|-activate|p1b: Manectric|move: Protect\n|-damage|p1a: Gyarados|36/100\n|\n|-weather|SunnyDay|[upkeep]\n|upkeep\n|turn|4\n|inactive|xelsior has 30 seconds left.\n|inactive|apexdesu has 30 seconds left.\n|inactive|xelsior has 20 seconds left.\n|inactive|xelsior has 15 seconds left.\n|inactive|xelsior has 10 seconds left.\n|\n|t:|1776144517\n|detailschange|p1b: Manectric|Manectric-Mega, L50, F\n|-mega|p1b: Manectric|Manectric|Manectite\n|-ability|p1b: Manectric|Intimidate|boost\n|-unboost|p2a: Torkoal|atk|1\n|-unboost|p2b: Farigiraf|atk|1\n|move|p2a: Torkoal|Eruption|p1a: Gyarados|[spread] p1a,p1b\n|-resisted|p1a: Gyarados|1\n|-damage|p1a: Gyarados|0 fnt\n|-damage|p1b: Manectric|0 fnt\n|faint|p1a: Gyarados\n|faint|p1b: Manectric\n|move|p2b: Farigiraf|Hyper Voice|p1: Gyarados|[notarget]\n|-fail|p2b: Farigiraf\n|\n|-weather|SunnyDay|[upkeep]\n|upkeep\n|\n|t:|1776144528\n|switch|p1b: Garchomp|Garchomp, L50, M|100/100\n|turn|5\n|-message|xelsior forfeited.\n|\n|win|apexdesu\n|raw|xelsior's rating: 1096 &rarr; <strong>1075</strong><br />(-21 for losing)\n|raw|apexdesu's rating: 1144 &rarr; <strong>1166</strong><br />(+22 for winning)\n|l|\u2606xelsior\n|player|p1|\n",
  "uploadtime": 1776144548,
  "views": 15,
  "formatid": "gen9championsvgc2026regma",
  "rating": 1075,
  "private": 0,
  "password": null
}