{
  "id": "gen9championsvgc2026regma-2586938657",
  "format": "[Gen 9 Champions] VGC 2026 Reg M-A",
  "players": [
    "pablozo",
    "guyguigiug"
  ],
  "log": "|j|\u2606pablozo\n|j|\u2606guyguigiug\n|t:|1776473687\n|gametype|doubles\n|player|p1|pablozo|170|1000\n|player|p2|guyguigiug|265|1028\n|gen|9\n|tier|[Gen 9 Champions] VGC 2026 Reg M-A\n|rated|\n|rule|Species Clause: Limit one of each Pok\u00e9mon\n|rule|Item Clause: Limit 1 of each item\n|clearpoke\n|poke|p1|Pelipper, L50, M|\n|poke|p1|Basculegion, L50, M|\n|poke|p1|Rotom-Wash, L50|\n|poke|p1|Archaludon, L50, F|\n|poke|p1|Meganium, L50, M|\n|poke|p1|Sneasler, L50, M|\n|poke|p2|Gallade, L50, M|\n|poke|p2|Sneasler, L50, F|\n|poke|p2|Sableye, L50, M|\n|poke|p2|Sinistcha, L50|\n|poke|p2|Hydreigon, L50, M|\n|poke|p2|Aegislash, L50, F|\n|teampreview|4\n|inactive|Battle timer is ON: inactive players will automatically lose when time's up. (requested by guyguigiug)\nguyguigiug rejected open team sheets.\n|inactive|pablozo has 60 seconds left.\n|\n|t:|1776473734\n|teamsize|p1|4\n|teamsize|p2|4\n|start\n|switch|p1a: Pelipper|Pelipper, L50, M|100/100\n|switch|p1b: Basculegion|Basculegion, L50, M|100/100\n|switch|p2a: Hydreigon|Hydreigon, L50, M|100/100\n|switch|p2b: Sneasler|Sneasler, L50, F|100/100\n|-weather|RainDance|[from] ability: Drizzle|[of] p1a: Pelipper\n|turn|1\n|inactive|pablozo has 30 seconds left.\n|\n|t:|1776473766\n|move|p2b: Sneasler|Fake Out|p1a: Pelipper\n|-damage|p1a: Pelipper|81/100\n|move|p1b: Basculegion|Flip Turn|p2b: Sneasler\n|-enditem|p2b: Sneasler|Focus Sash\n|-damage|p2b: Sneasler|1/100\n|\n|t:|1776473781\n|switch|p1b: Meganium|Meganium, L50, M|100/100|[from] Flip Turn\n|move|p2a: Hydreigon|Dark Pulse|p1b: Meganium\n|-damage|p1b: Meganium|58/100\n|cant|p1a: Pelipper|flinch\n|\n|-weather|RainDance|[upkeep]\n|upkeep\n|turn|2\n|\n|t:|1776473801\n|detailschange|p1b: Meganium|Meganium-Mega, L50, M\n|-mega|p1b: Meganium|Meganium|Meganiumite\n|move|p2b: Sneasler|Protect|p2b: Sneasler\n|-singleturn|p2b: Sneasler|Protect\n|move|p2a: Hydreigon|Protect|p2a: Hydreigon\n|-singleturn|p2a: Hydreigon|Protect\n|move|p1b: Meganium|Dazzling Gleam|p2a: Hydreigon|[spread] \n|-activate|p2a: Hydreigon|move: Protect\n|-activate|p2b: Sneasler|move: Protect\n|move|p1a: Pelipper|Tailwind|p1a: Pelipper\n|-sidestart|p1: pablozo|move: Tailwind\n|\n|-weather|RainDance|[upkeep]\n|upkeep\n|turn|3\n|\n|t:|1776473825\n|move|p2b: Sneasler|Dire Claw|p1b: Meganium\n|-supereffective|p1b: Meganium|2\n|-damage|p1b: Meganium|0 fnt\n|faint|p1b: Meganium\n|move|p1a: Pelipper|Hurricane|p2b: Sneasler\n|-supereffective|p2b: Sneasler|1\n|-damage|p2b: Sneasler|0 fnt\n|faint|p2b: Sneasler\n|move|p2a: Hydreigon|Focus Energy|p2a: Hydreigon\n|-start|p2a: Hydreigon|move: Focus Energy\n|\n|-weather|RainDance|[upkeep]\n|upkeep\n|\n|t:|1776473841\n|switch|p2b: Sableye|Sableye, L50, M|100/100\n|switch|p1b: Archaludon|Archaludon, L50, F|100/100\n|turn|4\n|\n|t:|1776473860\n|move|p2b: Sableye|Fake Out|p1a: Pelipper\n|-damage|p1a: Pelipper|71/100\n|move|p1b: Archaludon|Dragon Pulse|p2a: Hydreigon\n|-supereffective|p2a: Hydreigon|1\n|-damage|p2a: Hydreigon|3/100\n|cant|p1a: Pelipper|flinch\n|move|p2a: Hydreigon|Draco Meteor|p1b: Archaludon|[miss]\n|-miss|p2a: Hydreigon|p1b: Archaludon\n|\n|-weather|RainDance|[upkeep]\n|upkeep\n|turn|5\n|inactive|pablozo has 30 seconds left.\n|\n|t:|1776473890\n|move|p2a: Hydreigon|Protect|p2a: Hydreigon\n|-singleturn|p2a: Hydreigon|Protect\n|move|p2b: Sableye|Thunder Wave|p1b: Archaludon\n|-status|p1b: Archaludon|par\n|move|p1a: Pelipper|Hurricane|p2a: Hydreigon\n|-activate|p2a: Hydreigon|move: Protect\n|move|p1b: Archaludon|Electro Shot||[still]\n|-prepare|p1b: Archaludon|Electro Shot\n|-boost|p1b: Archaludon|spa|1\n|-anim|p1b: Archaludon|Electro Shot|p2b: Sableye\n|-damage|p2b: Sableye|3/100\n|-enditem|p2b: Sableye|Sitrus Berry|[eat]\n|-heal|p2b: Sableye|28/100|[from] item: Sitrus Berry\n|\n|-weather|none\n|-sideend|p1: pablozo|move: Tailwind\n|upkeep\n|turn|6\n|inactive|pablozo has 30 seconds left.\n|inactive|pablozo has 20 seconds left.\n|inactive|pablozo has 15 seconds left.\n|inactive|pablozo has 10 seconds left.\n|\n|t:|1776473936\n|move|p2b: Sableye|Thunder Wave|p1a: Pelipper\n|-status|p1a: Pelipper|par\n|move|p2a: Hydreigon|Draco Meteor|p1b: Archaludon\n|-crit|p1b: Archaludon\n|-damage|p1b: Archaludon|0 fnt\n|-unboost|p2a: Hydreigon|spa|2\n|faint|p1b: Archaludon\n|move|p1a: Pelipper|Hurricane|p2a: Hydreigon|[miss]\n|-miss|p1a: Pelipper|p2a: Hydreigon\n|\n|upkeep\n|\n|t:|1776473949\n|switch|p1b: Basculegion|Basculegion, L50, M|100/100\n|turn|7\n|inactive|pablozo has 30 seconds left.\n|\n|t:|1776473981\n|move|p1b: Basculegion|Aqua Jet|p2b: Sableye\n|-damage|p2b: Sableye|5/100\n|move|p2b: Sableye|Thunder Wave|p1b: Basculegion\n|-status|p1b: Basculegion|par\n|move|p2a: Hydreigon|Dark Pulse|p1b: Basculegion\n|-supereffective|p1b: Basculegion|1\n|-crit|p1b: Basculegion\n|-damage|p1b: Basculegion|0 fnt\n|faint|p1b: Basculegion\n|move|p1a: Pelipper|Hurricane|p2a: Hydreigon|[miss]\n|-miss|p1a: Pelipper|p2a: Hydreigon\n|\n|upkeep\n|turn|8\n|\n|t:|1776474002\n|move|p2a: Hydreigon|Draco Meteor|p1a: Pelipper\n|-crit|p1a: Pelipper\n|-damage|p1a: Pelipper|0 fnt\n|-unboost|p2a: Hydreigon|spa|2\n|faint|p1a: Pelipper\n|\n|win|guyguigiug\n|raw|pablozo's rating: 1000 &rarr; <strong>1000</strong><br />(+0 for losing)\n|raw|guyguigiug's rating: 1028 &rarr; <strong>1061</strong><br />(+33 for winning)\n|l|\u2606pablozo\n|player|p1|\n",
  "uploadtime": 1776474011,
  "views": 17,
  "formatid": "gen9championsvgc2026regma",
  "rating": 1000,
  "private": 0,
  "password": null
}