{
  "id": "gen9championsvgc2026regma-2583244314",
  "format": "[Gen 9 Champions] VGC 2026 Reg M-A",
  "players": [
    "jordiirr19",
    "piedidiconkeldurr"
  ],
  "log": "|j|\u2606jordiirr19\n|j|\u2606piedidiconkeldurr\n|t:|1776158869\n|gametype|doubles\n|player|p1|jordiirr19|1|1069\n|player|p2|piedidiconkeldurr|cynthia|1066\n|gen|9\n|tier|[Gen 9 Champions] VGC 2026 Reg M-A\n|rated|\n|rule|Species Clause: Limit one of each Pok\u00e9mon\n|rule|Item Clause: Limit 1 of each item\n|clearpoke\n|poke|p1|Blastoise, L50, F|\n|poke|p1|Luxray, L50, M|\n|poke|p1|Tyranitar, L50, F|\n|poke|p1|Corviknight, L50, M|\n|poke|p1|Dragapult, L50, F|\n|poke|p1|Kingambit, L50, F|\n|poke|p2|Mudsdale, L50, M|\n|poke|p2|Farigiraf, L50, F|\n|poke|p2|Sinistcha, L50|\n|poke|p2|Incineroar, L50, M|\n|poke|p2|Delphox, L50, M|\n|poke|p2|Camerupt, L50, M|\n|teampreview|4\n|inactive|Battle timer is ON: inactive players will automatically lose when time's up. (requested by jordiirr19)\njordiirr19 rejected open team sheets.\n|inactive|piedidiconkeldurr has 60 seconds left.\n|\n|t:|1776158949\n|teamsize|p1|4\n|teamsize|p2|4\n|start\n|switch|p1a: Tyranitar|Tyranitar, L50, F|100/100\n|switch|p1b: Corviknight|Corviknight, L50, M|100/100\n|switch|p2a: Farigiraf|Farigiraf, L50, F|100/100\n|switch|p2b: Incineroar|Incineroar, L50, M|100/100\n|-weather|Sandstorm|[from] ability: Sand Stream|[of] p1a: Tyranitar\n|-ability|p2b: Incineroar|Intimidate|boost\n|-unboost|p1a: Tyranitar|atk|1\n|-ability|p1b: Corviknight|Mirror Armor\n|-unboost|p2b: Incineroar|atk|1\n|turn|1\n|\n|t:|1776158969\n|move|p1b: Corviknight|Tailwind|p1b: Corviknight\n|-sidestart|p1: jordiirr19|move: Tailwind\n|move|p1a: Tyranitar|Crunch|p2a: Farigiraf\n|-supereffective|p2a: Farigiraf|1\n|-damage|p2a: Farigiraf|45/100\n|move|p2b: Incineroar|Parting Shot|p1a: Tyranitar\n|-unboost|p1a: Tyranitar|atk|1\n|-unboost|p1a: Tyranitar|spa|1\n|\n|t:|1776158979\n|switch|p2b: Camerupt|Camerupt, L50, M|100/100|[from] Parting Shot\n|move|p2a: Farigiraf|Trick Room|p2a: Farigiraf\n|-fieldstart|move: Trick Room|[of] p2a: Farigiraf\n|\n|-weather|Sandstorm|[upkeep]\n|-damage|p2a: Farigiraf|39/100|[from] Sandstorm\n|upkeep\n|turn|2\n|\n|t:|1776158993\n|switch|p1a: Blastoise|Blastoise, L50, F|100/100\n|detailschange|p2b: Camerupt|Camerupt-Mega, L50, M\n|-mega|p2b: Camerupt|Camerupt|Cameruptite\n|move|p2a: Farigiraf|Helping Hand|p2b: Camerupt\n|-singleturn|p2b: Camerupt|Helping Hand|[of] p2a: Farigiraf\n|move|p1b: Corviknight|Protect|p1b: Corviknight\n|-singleturn|p1b: Corviknight|Protect\n|move|p2b: Camerupt|Eruption|p1b: Corviknight|[spread] p1a\n|-activate|p1b: Corviknight|move: Protect\n|-resisted|p1a: Blastoise|1\n|-damage|p1a: Blastoise|47/100\n|\n|-weather|Sandstorm|[upkeep]\n|-damage|p2a: Farigiraf|33/100|[from] Sandstorm\n|-damage|p1a: Blastoise|41/100|[from] Sandstorm\n|upkeep\n|turn|3\n|inactive|jordiirr19 has 30 seconds left.\n|\n|t:|1776159028\n|detailschange|p1a: Blastoise|Blastoise-Mega, L50, F\n|-mega|p1a: Blastoise|Blastoise|Blastoisinite\n|move|p2b: Camerupt|Eruption|p1b: Corviknight|[spread] p1a,p1b\n|-resisted|p1a: Blastoise|1\n|-supereffective|p1b: Corviknight|1\n|-damage|p1a: Blastoise|6/100\n|-damage|p1b: Corviknight|0 fnt\n|faint|p1b: Corviknight\n|move|p2a: Farigiraf|Psychic|p1a: Blastoise\n|-damage|p1a: Blastoise|0 fnt\n|faint|p1a: Blastoise\n|\n|-weather|Sandstorm|[upkeep]\n|-damage|p2a: Farigiraf|26/100|[from] Sandstorm\n|upkeep\n|\n|t:|1776159039\n|switch|p1b: Luxray|Luxray, L50, M|100/100\n|switch|p1a: Tyranitar|Tyranitar, L50, F|100/100\n|-ability|p1b: Luxray|Intimidate|boost\n|-unboost|p2a: Farigiraf|atk|1\n|-unboost|p2b: Camerupt|atk|1\n|turn|4\n|\n|t:|1776159055\n|switch|p2a: Incineroar|Incineroar, L50, M|100/100\n|-ability|p2a: Incineroar|Intimidate|boost\n|-unboost|p1a: Tyranitar|atk|1\n|-unboost|p1b: Luxray|atk|1\n|move|p2b: Camerupt|Earth Power|p1a: Tyranitar\n|-supereffective|p1a: Tyranitar|1\n|-damage|p1a: Tyranitar|18/100\n|move|p1a: Tyranitar|Low Kick|p2b: Camerupt\n|-damage|p2b: Camerupt|68/100\n|move|p1b: Luxray|Wild Charge|p2a: Incineroar\n|-damage|p2a: Incineroar|80/100\n|-damage|p1b: Luxray|95/100|[from] Recoil\n|\n|-weather|Sandstorm|[upkeep]\n|-damage|p2a: Incineroar|74/100|[from] Sandstorm\n|-damage|p1b: Luxray|89/100|[from] Sandstorm\n|-sideend|p1: jordiirr19|move: Tailwind\n|upkeep\n|turn|5\n|-message|jordiirr19 forfeited.\n|\n|win|piedidiconkeldurr\n|raw|jordiirr19's rating: 1069 &rarr; <strong>1048</strong><br />(-21 for losing)\n|raw|piedidiconkeldurr's rating: 1066 &rarr; <strong>1096</strong><br />(+30 for winning)\n|l|\u2606jordiirr19\n|player|p1|\n",
  "uploadtime": 1776159072,
  "views": 14,
  "formatid": "gen9championsvgc2026regma",
  "rating": 1048,
  "private": 0,
  "password": null
}