{
  "id": "gen9championsvgc2026regma-2582363553",
  "format": "[Gen 9 Champions] VGC 2026 Reg M-A",
  "players": [
    "idunnoagoodnam",
    "Sn12"
  ],
  "log": "|j|\u2606idunnoagoodnam\n|j|\u2606Sn12\n|t:|1776086563\n|gametype|doubles\n|player|p1|idunnoagoodnam|2|1196\n|player|p2|Sn12|266|1201\n|gen|9\n|tier|[Gen 9 Champions] VGC 2026 Reg M-A\n|rated|\n|rule|Species Clause: Limit one of each Pok\u00e9mon\n|rule|Item Clause: Limit 1 of each item\n|clearpoke\n|poke|p1|Glimmora, L50, M|\n|poke|p1|Whimsicott, L50, F|\n|poke|p1|Basculegion, L50, M|\n|poke|p1|Incineroar, L50, F|\n|poke|p1|Gallade, L50, M|\n|poke|p1|Floette-Eternal, L50, F|\n|poke|p2|Archaludon, L50, F|\n|poke|p2|Pelipper, L50, F|\n|poke|p2|Meganium, L50, F|\n|poke|p2|Basculegion, L50, M|\n|poke|p2|Sableye, L50, M|\n|poke|p2|Garchomp, L50, M|\n|teampreview|4\n|inactive|Battle timer is ON: inactive players will automatically lose when time's up. (requested by Sn12)\n|inactive|Sn12 has 60 seconds left.\n|\n|t:|1776086600\n|teamsize|p1|4\n|teamsize|p2|4\n|start\n|switch|p1a: Whimsicott|Whimsicott, L50, F|100/100\n|switch|p1b: Gallade|Gallade, L50, M, shiny|100/100\n|switch|p2a: Pelipper|Pelipper, L50, F|100/100\n|switch|p2b: Archaludon|Archaludon, L50, F|100/100\n|-weather|RainDance|[from] ability: Drizzle|[of] p2a: Pelipper\n|turn|1\n|\n|t:|1776086613\n|switch|p2b: Sableye|Sableye, L50, M|100/100\n|move|p1b: Gallade|Protect|p1b: Gallade\n|-singleturn|p1b: Gallade|Protect\n|move|p1a: Whimsicott|Tailwind|p1a: Whimsicott\n|-sidestart|p1: idunnoagoodnam|move: Tailwind\n|move|p2a: Pelipper|Tailwind|p2a: Pelipper\n|-sidestart|p2: Sn12|move: Tailwind\n|\n|-weather|RainDance|[upkeep]\n|upkeep\n|turn|2\n|\n|t:|1776086627\n|switch|p1b: Floette|Floette-Eternal, L50, F|100/100\n|move|p1a: Whimsicott|Encore|p2a: Pelipper\n|-start|p2a: Pelipper|Encore\n|move|p2b: Sableye|Encore||[still]\n|-fail|p2b: Sableye\n|move|p2a: Pelipper|Tailwind||[still]\n|-fail|p2a: Pelipper\n|\n|-weather|RainDance|[upkeep]\n|upkeep\n|turn|3\n|\n|t:|1776086650\n|switch|p2a: Archaludon|Archaludon, L50, F|100/100\n|switch|p2b: Meganium|Meganium, L50, F|100/100\n|detailschange|p1b: Floette|Floette-Mega, L50, F\n|-mega|p1b: Floette|Floette|Floettite\n|-ability|p1b: Floette|Fairy Aura\n|move|p1a: Whimsicott|Dazzling Gleam|p2b: Meganium|[spread] p2a,p2b\n|-damage|p2a: Archaludon|73/100\n|-damage|p2b: Meganium|80/100\n|-ability|p2a: Archaludon|Stamina|boost\n|-boost|p2a: Archaludon|def|1\n|move|p1b: Floette|Dazzling Gleam|p2a: Archaludon|[spread] p2a,p2b\n|-crit|p2a: Archaludon\n|-damage|p2a: Archaludon|0 fnt\n|-damage|p2b: Meganium|36/100\n|faint|p2a: Archaludon\n|\n|-weather|RainDance|[upkeep]\n|upkeep\n|\n|t:|1776086661\n|switch|p2a: Pelipper|Pelipper, L50, F|100/100\n|turn|4\n|\n|t:|1776086680\n|detailschange|p2b: Meganium|Meganium-Mega, L50, F\n|-mega|p2b: Meganium|Meganium|Meganiumite\n|move|p1a: Whimsicott|Dazzling Gleam|p2a: Pelipper|[spread] p2a,p2b\n|-damage|p2a: Pelipper|69/100\n|-damage|p2b: Meganium|15/100\n|move|p1b: Floette|Dazzling Gleam|p2a: Pelipper|[spread] p2a,p2b\n|-damage|p2a: Pelipper|8/100\n|-damage|p2b: Meganium|0 fnt\n|faint|p2b: Meganium\n|move|p2a: Pelipper|Hurricane|p1a: Whimsicott\n|-supereffective|p1a: Whimsicott|1\n|-enditem|p1a: Whimsicott|Focus Sash\n|-damage|p1a: Whimsicott|1/100\n|-start|p1a: Whimsicott|confusion\n|\n|-weather|RainDance|[upkeep]\n|-sideend|p1: idunnoagoodnam|move: Tailwind\n|-sideend|p2: Sn12|move: Tailwind\n|upkeep\n|\n|t:|1776086684\n|switch|p2b: Sableye|Sableye, L50, M|100/100\n|turn|5\n|\n|t:|1776086693\n|-activate|p1a: Whimsicott|confusion\n|move|p1a: Whimsicott|Tailwind|p1a: Whimsicott\n|-sidestart|p1: idunnoagoodnam|move: Tailwind\n|move|p1b: Floette|Moonblast|p2b: Sableye\n|-supereffective|p2b: Sableye|1\n|-damage|p2b: Sableye|0 fnt\n|faint|p2b: Sableye\n|move|p2a: Pelipper|Hurricane|p1b: Floette\n|-damage|p1b: Floette|58/100\n|-start|p1b: Floette|confusion\n|\n|-weather|none\n|upkeep\n|turn|6\n|\n|t:|1776086703\n|-activate|p1a: Whimsicott|confusion\n|-damage|p1a: Whimsicott|0 fnt|[from] confusion\n|faint|p1a: Whimsicott\n|-activate|p1b: Floette|confusion\n|-damage|p1b: Floette|47/100|[from] confusion\n|move|p2a: Pelipper|Hurricane|p1b: Floette\n|-damage|p1b: Floette|3/100\n|\n|upkeep\n|\n|t:|1776086706\n|switch|p1a: Basculegion|Basculegion, L50, M|100/100\n|turn|7\n|\n|t:|1776086712\n|move|p1a: Basculegion|Wave Crash|p2a: Pelipper\n|-resisted|p2a: Pelipper|1\n|-damage|p2a: Pelipper|0 fnt\n|faint|p2a: Pelipper\n|-damage|p1a: Basculegion|98/100|[from] Recoil\n|\n|win|idunnoagoodnam\n|raw|idunnoagoodnam's rating: 1196 &rarr; <strong>1221</strong><br />(+25 for winning)\n|raw|Sn12's rating: 1201 &rarr; <strong>1176</strong><br />(-25 for losing)\n|l|\u2606Sn12\n|player|p2|\n",
  "uploadtime": 1776086718,
  "views": 21,
  "formatid": "gen9championsvgc2026regma",
  "rating": 1176,
  "private": 0,
  "password": null
}