{
  "id": "gen9championsvgc2026regma-2586799004",
  "format": "[Gen 9 Champions] VGC 2026 Reg M-A",
  "players": [
    "bandstudent",
    "Slapazz"
  ],
  "log": "|j|\u2606bandstudent\n|j|\u2606Slapazz\n|t:|1776460819\n|gametype|doubles\n|player|p1|bandstudent|ingo|1179\n|player|p2|Slapazz|steven|1144\n|gen|9\n|tier|[Gen 9 Champions] VGC 2026 Reg M-A\n|rated|\n|rule|Species Clause: Limit one of each Pok\u00e9mon\n|rule|Item Clause: Limit 1 of each item\n|clearpoke\n|poke|p1|Crabominable, L50, M|\n|poke|p1|Oranguru, L50, M|\n|poke|p1|Camerupt, L50, F|\n|poke|p1|Torkoal, L50, F|\n|poke|p1|Aegislash, L50, F|\n|poke|p1|Reuniclus, L50, M|\n|poke|p2|Garchomp, L50, F|\n|poke|p2|Sinistcha, L50|\n|poke|p2|Rotom-Wash, L50|\n|poke|p2|Basculegion, L50, M|\n|poke|p2|Incineroar, L50, M|\n|poke|p2|Sneasler, L50, M|\n|teampreview|4\n|inactive|Battle timer is ON: inactive players will automatically lose when time's up. (requested by Slapazz)\nbandstudent has agreed to open team sheets.\nSlapazz rejected open team sheets.\n|inactive|Slapazz has 60 seconds left.\n|inactive|Slapazz has 30 seconds left.\n|inactive|Slapazz has 20 seconds left.\n|inactive|Slapazz has 15 seconds left.\n|inactive|Slapazz has 10 seconds left.\n|inactive|Slapazz has 5 seconds left.\n|\n|t:|1776460906\n|teamsize|p1|4\n|teamsize|p2|4\n|start\n|switch|p1a: Crabominable|Crabominable, L50, M|100/100\n|switch|p1b: Oranguru|Oranguru, L50, M|100/100\n|switch|p2a: Garchomp|Garchomp, L50, F|100/100\n|switch|p2b: Sneasler|Sneasler, L50, M|100/100\n|turn|1\n|inactive|Slapazz has 30 seconds left.\n|\n|t:|1776460939\n|move|p1a: Crabominable|Protect|p1a: Crabominable\n|-singleturn|p1a: Crabominable|Protect\n|move|p2b: Sneasler|Fake Out|p1a: Crabominable\n|-activate|p1a: Crabominable|move: Protect\n|move|p2a: Garchomp|Dragon Claw|p1b: Oranguru\n|-damage|p1b: Oranguru|73/100\n|move|p1b: Oranguru|Trick Room|p1b: Oranguru\n|-fieldstart|move: Trick Room|[of] p1b: Oranguru\n|\n|upkeep\n|turn|2\n|\n|t:|1776460960\n|detailschange|p1a: Crabominable|Crabominable-Mega, L50, M\n|-mega|p1a: Crabominable|Crabominable|Crabominite\n|move|p2a: Garchomp|Protect|p2a: Garchomp\n|-singleturn|p2a: Garchomp|Protect\n|move|p2b: Sneasler|Protect|p2b: Sneasler\n|-singleturn|p2b: Sneasler|Protect\n|move|p1a: Crabominable|Ice Hammer|p2a: Garchomp\n|-activate|p2a: Garchomp|move: Protect\n|move|p1b: Oranguru|Psychic|p2b: Sneasler\n|-activate|p2b: Sneasler|move: Protect\n|\n|upkeep\n|turn|3\n|\n|t:|1776460980\n|switch|p2a: Rotom|Rotom-Wash, L50|100/100\n|switch|p2b: Sinistcha|Sinistcha, L50|100/100\n|move|p1a: Crabominable|Ice Hammer|p2a: Rotom|[miss]\n|-miss|p1a: Crabominable|p2a: Rotom\n|move|p1b: Oranguru|Instruct|p1a: Crabominable\n|-singleturn|p1a: Crabominable|move: Instruct|[of] p1b: Oranguru\n|move|p1a: Crabominable|Ice Hammer|p2a: Rotom\n|-resisted|p2a: Rotom|1\n|-damage|p2a: Rotom|55/100\n|-unboost|p1a: Crabominable|spe|1\n|\n|-heal|p2a: Rotom|61/100|[from] item: Leftovers\n|upkeep\n|turn|4\n|inactive|bandstudent has 30 seconds left.\n|\n|t:|1776461006\n|move|p1a: Crabominable|Ice Hammer|p2b: Sinistcha\n|-supereffective|p2b: Sinistcha|1\n|-damage|p2b: Sinistcha|0 fnt\n|-unboost|p1a: Crabominable|spe|1\n|faint|p2b: Sinistcha\n|move|p1b: Oranguru|Instruct|p1a: Crabominable\n|-singleturn|p1a: Crabominable|move: Instruct|[of] p1b: Oranguru\n|move|p1a: Crabominable|Ice Hammer|p2a: Rotom|[miss]\n|-miss|p1a: Crabominable|p2a: Rotom\n|move|p2a: Rotom|Discharge|p1b: Oranguru|[spread] p1a,p1b\n|-damage|p1a: Crabominable|75/100\n|-damage|p1b: Oranguru|50/100\n|-status|p1b: Oranguru|par\n|\n|-heal|p2a: Rotom|67/100|[from] item: Leftovers\n|upkeep\n|\n|t:|1776461024\n|switch|p2b: Garchomp|Garchomp, L50, F|100/100\n|turn|5\n|\n|t:|1776461034\n|move|p2b: Garchomp|Protect|p2b: Garchomp\n|-singleturn|p2b: Garchomp|Protect\n|move|p1a: Crabominable|Drain Punch|p2a: Rotom\n|-crit|p2a: Rotom\n|-damage|p2a: Rotom|0 fnt\n|-heal|p1a: Crabominable|100/100|[from] drain|[of] p2a: Rotom\n|faint|p2a: Rotom\n|cant|p1b: Oranguru|par\n|\n|-fieldend|move: Trick Room\n|upkeep\n|\n|t:|1776461044\n|switch|p2a: Sneasler|Sneasler, L50, M|100/100\n|turn|6\n|\n|t:|1776461060\n|move|p1a: Crabominable|Protect|p1a: Crabominable\n|-singleturn|p1a: Crabominable|Protect\n|move|p2a: Sneasler|Close Combat|p1b: Oranguru\n|-damage|p1b: Oranguru|0 fnt\n|-unboost|p2a: Sneasler|def|1\n|-unboost|p2a: Sneasler|spd|1\n|faint|p1b: Oranguru\n|-enditem|p2a: Sneasler|White Herb\n|-clearnegativeboost|p2a: Sneasler|[silent]\n|move|p2b: Garchomp|Dragon Claw|p1a: Crabominable\n|-activate|p1a: Crabominable|move: Protect\n|\n|upkeep\n|\n|t:|1776461073\n|switch|p1b: Reuniclus|Reuniclus, L50, M|100/100\n|turn|7\n|\n|t:|1776461086\n|move|p2a: Sneasler|Close Combat|p1a: Crabominable\n|-supereffective|p1a: Crabominable|1\n|-damage|p1a: Crabominable|0 fnt\n|-unboost|p2a: Sneasler|def|1\n|-unboost|p2a: Sneasler|spd|1\n|faint|p1a: Crabominable\n|move|p2b: Garchomp|Dragon Claw|p1b: Reuniclus\n|-damage|p1b: Reuniclus|65/100\n|move|p1b: Reuniclus|Trick Room|p1b: Reuniclus\n|-fieldstart|move: Trick Room|[of] p1b: Reuniclus\n|\n|-heal|p1b: Reuniclus|71/100|[from] item: Leftovers\n|upkeep\n|\n|t:|1776461097\n|switch|p1a: Aegislash|Aegislash, L50, F|100/100\n|turn|8\n|\n|t:|1776461117\n|move|p2a: Sneasler|Protect|p2a: Sneasler\n|-singleturn|p2a: Sneasler|Protect\n|move|p1b: Reuniclus|Psychic|p2a: Sneasler\n|-activate|p2a: Sneasler|move: Protect\n|-formechange|p1a: Aegislash|Aegislash-Blade|\n|move|p1a: Aegislash|Poltergeist|p2b: Garchomp\n|-activate|p2b: Garchomp|move: Poltergeist|Shell Bell\n|-damage|p2b: Garchomp|28/100\n|move|p2b: Garchomp|Earth Power|p1a: Aegislash\n|-supereffective|p1a: Aegislash|1\n|-damage|p1a: Aegislash|0 fnt\n|faint|p1a: Aegislash\n|-heal|p2b: Garchomp|38/100|[from] item: Shell Bell|[of] p1: Aegislash\n|\n|-heal|p1b: Reuniclus|77/100|[from] item: Leftovers\n|upkeep\n|turn|9\n|\n|t:|1776461139\n|move|p1b: Reuniclus|Psychic|p2a: Sneasler\n|-supereffective|p2a: Sneasler|2\n|-damage|p2a: Sneasler|0 fnt\n|faint|p2a: Sneasler\n|move|p2b: Garchomp|Dragon Claw|p1b: Reuniclus\n|-damage|p1b: Reuniclus|43/100\n|-heal|p2b: Garchomp|43/100|[from] item: Shell Bell|[of] p1b: Reuniclus\n|\n|-heal|p1b: Reuniclus|49/100|[from] item: Leftovers\n|upkeep\n|turn|10\n|\n|t:|1776461162\n|move|p1b: Reuniclus|Psychic|p2b: Garchomp\n|-damage|p2b: Garchomp|0 fnt\n|faint|p2b: Garchomp\n|\n|win|bandstudent\n|raw|bandstudent's rating: 1179 &rarr; <strong>1201</strong><br />(+22 for winning)\n|raw|Slapazz's rating: 1144 &rarr; <strong>1122</strong><br />(-22 for losing)\n|l|\u2606Slapazz\n|player|p2|\n|c|\u2606bandstudent|gg\n",
  "uploadtime": 1776461287,
  "views": 28,
  "formatid": "gen9championsvgc2026regma",
  "rating": 1122,
  "private": 0,
  "password": null
}