{
  "id": "gen9championsvgc2026regma-2582360692",
  "format": "[Gen 9 Champions] VGC 2026 Reg M-A",
  "players": [
    "prove it to ya",
    "Silencedkill"
  ],
  "log": "|j|\u2606prove it to ya\n|j|\u2606Silencedkill\n|t:|1776086349\n|gametype|doubles\n|player|p1|prove it to ya|pokemonranger-gen4|1000\n|player|p2|Silencedkill|101|1083\n|gen|9\n|tier|[Gen 9 Champions] VGC 2026 Reg M-A\n|rated|\n|rule|Species Clause: Limit one of each Pok\u00e9mon\n|rule|Item Clause: Limit 1 of each item\n|clearpoke\n|poke|p1|Ninetales-Alola, L50, M|\n|poke|p1|Garchomp, L50, F|\n|poke|p1|Rotom-Wash, L50|\n|poke|p1|Dragonite, L50, F|\n|poke|p1|Gengar, L50, M|\n|poke|p1|Incineroar, L50, F|\n|poke|p2|Sandaconda, L50, F|\n|poke|p2|Tyranitar, L50, F|\n|poke|p2|Sinistcha-Masterpiece, L50|\n|poke|p2|Glimmora, L50, F|\n|poke|p2|Incineroar, L50, F|\n|poke|p2|Hydrapple, L50, M|\n|teampreview|4\n|inactive|Battle timer is ON: inactive players will automatically lose when time's up. (requested by prove it to ya)\n|inactive|prove it to ya has 60 seconds left.\n|inactive|Silencedkill has 60 seconds left.\n|inactive|prove it to ya has 30 seconds left.\n|inactive|prove it to ya has 20 seconds left.\n|\n|t:|1776086423\n|teamsize|p1|4\n|teamsize|p2|4\n|start\n|switch|p1a: Gengar|Gengar, L50, M|100/100\n|switch|p1b: Garchomp|Garchomp, L50, F|100/100\n|switch|p2a: Incineroar|Incineroar, L50, F|100/100\n|switch|p2b: Sandaconda|Sandaconda, L50, F|100/100\n|-ability|p2a: Incineroar|Intimidate|boost\n|-unboost|p1a: Gengar|atk|1\n|-unboost|p1b: Garchomp|atk|1\n|turn|1\n|\n|t:|1776086436\n|detailschange|p1a: Gengar|Gengar-Mega, L50, M\n|-mega|p1a: Gengar|Gengar|Gengarite\n|move|p2a: Incineroar|Fake Out|p1b: Garchomp\n|-damage|p1b: Garchomp|89/100\n|-damage|p2a: Incineroar|88/100|[from] ability: Rough Skin|[of] p1b: Garchomp\n|cant|p1b: Garchomp|flinch\n|move|p1a: Gengar|Taunt|p2b: Sandaconda\n|-start|p2b: Sandaconda|move: Taunt\n|cant|p2b: Sandaconda|move: Taunt|Minimize\n|\n|upkeep\n|turn|2\n|c|\u2606Silencedkill|Boooooooo\n|c|\u2606Silencedkill|you knew lol\n|c|\u2606Silencedkill|Awwww\n|inactive|Silencedkill has 30 seconds left.\n|c|\u2606Silencedkill|Gg\n|c|\u2606prove it to ya|gg\n|inactive|Silencedkill has 20 seconds left.\n|inactive|Silencedkill has 15 seconds left.\n|\n|t:|1776086481\n|move|p1b: Garchomp|Stomping Tantrum|p2a: Incineroar\n|-supereffective|p2a: Incineroar|1\n|-damage|p2a: Incineroar|0 fnt\n|faint|p2a: Incineroar\n|move|p1a: Gengar|Sludge Bomb|p2b: Sandaconda\n|-resisted|p2b: Sandaconda|1\n|-damage|p2b: Sandaconda|75/100\n|move|p2b: Sandaconda|Sand Tomb|p1a: Gengar\n|-supereffective|p1a: Gengar|1\n|-damage|p1a: Gengar|64/100\n|-activate|p1a: Gengar|move: Sand Tomb|[of] p2b: Sandaconda\n|\n|-damage|p1a: Gengar|52/100|[from] move: Sand Tomb|[partiallytrapped]\n|upkeep\n|\n|t:|1776086490\n|switch|p2a: Tyranitar|Tyranitar, L50, F|100/100\n|-weather|Sandstorm|[from] ability: Sand Stream|[of] p2a: Tyranitar\n|turn|3\n|inactive|prove it to ya has 30 seconds left.\n|\n|t:|1776086521\n|switch|p1b: Ninetales|Ninetales-Alola, L50, M|100/100\n|-weather|Snowscape|[from] ability: Snow Warning|[of] p1b: Ninetales\n|move|p1a: Gengar|Protect|p1a: Gengar\n|-singleturn|p1a: Gengar|Protect\n|move|p2b: Sandaconda|Sand Tomb|p1b: Ninetales\n|-damage|p1b: Ninetales|88/100\n|-activate|p1b: Ninetales|move: Sand Tomb|[of] p2b: Sandaconda\n|move|p2a: Tyranitar|Knock Off|p1a: Gengar\n|-activate|p1a: Gengar|move: Protect\n|\n|-weather|Snowscape|[upkeep]\n|-damage|p1a: Gengar|40/100|[from] move: Sand Tomb|[partiallytrapped]\n|-damage|p1b: Ninetales|76/100|[from] move: Sand Tomb|[partiallytrapped]\n|-end|p2b: Sandaconda|move: Taunt\n|upkeep\n|turn|4\n|inactive|Silencedkill has 30 seconds left.\n|\n|t:|1776086546\n|switch|p1a: Garchomp|Garchomp, L50, F|89/100\n|detailschange|p2a: Tyranitar|Tyranitar-Mega, L50, F\n|-mega|p2a: Tyranitar|Tyranitar|Tyranitarite\n|-weather|Sandstorm|[from] ability: Sand Stream|[of] p2a: Tyranitar\n|move|p1b: Ninetales|Blizzard|p2b: Sandaconda|[spread] p2a,p2b\n|-supereffective|p2b: Sandaconda|1\n|-damage|p2a: Tyranitar|86/100\n|-damage|p2b: Sandaconda|25/100\n|-status|p2b: Sandaconda|frz\n|move|p2a: Tyranitar|Knock Off|p1a: Garchomp\n|-damage|p1a: Garchomp|39/100\n|-damage|p2a: Tyranitar|73/100|[from] ability: Rough Skin|[of] p1a: Garchomp\n|-enditem|p1a: Garchomp|Choice Scarf|[from] move: Knock Off|[of] p2a: Tyranitar\n|cant|p2b: Sandaconda|frz\n|\n|-weather|Sandstorm|[upkeep]\n|-damage|p1b: Ninetales|70/100|[from] Sandstorm\n|-damage|p1b: Ninetales|58/100|[from] move: Sand Tomb|[partiallytrapped]\n|upkeep\n|turn|5\n|inactive|prove it to ya has 30 seconds left.\n|inactive|Silencedkill has 30 seconds left.\n|\n|t:|1776086572\n|move|p1b: Ninetales|Encore|p2b: Sandaconda|[miss]\n|-miss|p1b: Ninetales|p2b: Sandaconda\n|move|p1a: Garchomp|Stomping Tantrum|p2a: Tyranitar\n|-supereffective|p2a: Tyranitar|1\n|-damage|p2a: Tyranitar|27/100\n|move|p2a: Tyranitar|Rock Slide|p1b: Ninetales|[spread] p1a\n|-miss|p2a: Tyranitar|p1b: Ninetales\n|-resisted|p1a: Garchomp|1\n|-damage|p1a: Garchomp|24/100\n|cant|p2b: Sandaconda|frz\n|\n|-weather|Sandstorm|[upkeep]\n|-damage|p1b: Ninetales|52/100|[from] Sandstorm\n|-damage|p1b: Ninetales|40/100|[from] move: Sand Tomb|[partiallytrapped]\n|upkeep\n|turn|6\n|inactive|Silencedkill has 30 seconds left.\n|inactive|prove it to ya has 30 seconds left.\n|\n|t:|1776086614\n|switch|p2b: Sinistcha|Sinistcha-Masterpiece, L50|100/100\n|-heal|p2a: Tyranitar|52/100|[from] ability: Hospitality|[of] p2b: Sinistcha\n|move|p1b: Ninetales|Encore|p2a: Tyranitar\n|-start|p2a: Tyranitar|Encore\n|move|p1a: Garchomp|Dragon Claw|p2b: Sinistcha\n|-damage|p2b: Sinistcha|56/100\n|move|p2a: Tyranitar|Rock Slide|p1a: Garchomp|[spread] p1a,p1b\n|-resisted|p1a: Garchomp|1\n|-supereffective|p1b: Ninetales|1\n|-crit|p1b: Ninetales\n|-damage|p1a: Garchomp|7/100\n|-damage|p1b: Ninetales|0 fnt\n|faint|p1b: Ninetales\n|\n|-weather|Sandstorm|[upkeep]\n|-damage|p2b: Sinistcha|50/100|[from] Sandstorm\n|-heal|p2b: Sinistcha|56/100|[from] item: Leftovers\n|upkeep\n|\n|t:|1776086628\n|switch|p1b: Gengar|Gengar-Mega, L50, M|40/100\n|turn|7\n|\n|t:|1776086651\n|move|p2b: Sinistcha|Rage Powder|p2b: Sinistcha\n|-singleturn|p2b: Sinistcha|move: Rage Powder\n|move|p1b: Gengar|Shadow Ball|p2b: Sinistcha\n|-supereffective|p2b: Sinistcha|1\n|-damage|p2b: Sinistcha|0 fnt\n|faint|p2b: Sinistcha\n|move|p1a: Garchomp|Stomping Tantrum|p2a: Tyranitar\n|-supereffective|p2a: Tyranitar|1\n|-damage|p2a: Tyranitar|4/100\n|move|p2a: Tyranitar|Rock Slide|p1a: Garchomp|[spread] p1a\n|-miss|p2a: Tyranitar|p1b: Gengar\n|-resisted|p1a: Garchomp|1\n|-damage|p1a: Garchomp|0 fnt\n|faint|p1a: Garchomp\n|\n|-weather|Sandstorm|[upkeep]\n|-damage|p1b: Gengar|34/100|[from] Sandstorm\n|upkeep\n|\n|t:|1776086670\n|switch|p1a: Dragonite|Dragonite, L50, F|100/100\n|switch|p2b: Sandaconda|Sandaconda, L50, F|25/100 frz\n|turn|8\n|\n|t:|1776086695\n|move|p1a: Dragonite|Extreme Speed|p2a: Tyranitar\n|-resisted|p2a: Tyranitar|1\n|-damage|p2a: Tyranitar|0 fnt\n|faint|p2a: Tyranitar\n|move|p1b: Gengar|Shadow Ball|p2b: Sandaconda\n|-damage|p2b: Sandaconda|0 fnt\n|faint|p2b: Sandaconda\n|\n|win|prove it to ya\n|raw|prove it to ya's rating: 1000 &rarr; <strong>1049</strong><br />(+49 for winning)\n|raw|Silencedkill's rating: 1083 &rarr; <strong>1055</strong><br />(-28 for losing)\n",
  "uploadtime": 1776086696,
  "views": 10,
  "formatid": "gen9championsvgc2026regma",
  "rating": 1049,
  "private": 0,
  "password": null
}