{
  "id": "gen9championsvgc2026regma-2580305134",
  "format": "[Gen 9 Champions] VGC 2026 Reg M-A",
  "players": [
    "KEYBLUE12",
    "jiayezi007"
  ],
  "log": "|j|\u2606KEYBLUE12\n|j|\u2606jiayezi007\n|t:|1775878255\n|gametype|doubles\n|player|p1|KEYBLUE12|1|1074\n|player|p2|jiayezi007|169|1040\n|gen|9\n|tier|[Gen 9 Champions] VGC 2026 Reg M-A\n|rated|\n|rule|Species Clause: Limit one of each Pok\u00e9mon\n|rule|Item Clause: Limit 1 of each item\n|clearpoke\n|poke|p1|Froslass, L50, F|\n|poke|p1|Garchomp, L50, M|\n|poke|p1|Rotom-Frost, L50|\n|poke|p1|Empoleon, L50, M|\n|poke|p1|Incineroar, L50, F|\n|poke|p1|Kingambit, L50, F|\n|poke|p2|Garchomp, L50, F|\n|poke|p2|Charizard, L50, F|\n|poke|p2|Milotic, L50, F|\n|poke|p2|Sneasler, L50, F|\n|poke|p2|Whimsicott, L50, F|\n|poke|p2|Incineroar, L50, F|\n|teampreview|4\n|inactive|Battle timer is ON: inactive players will automatically lose when time's up. (requested by jiayezi007)\nKEYBLUE12 rejected open team sheets.\n|\n|t:|1775878290\n|teamsize|p1|4\n|teamsize|p2|4\n|start\n|switch|p1a: Froslass|Froslass, L50, F|100/100\n|switch|p1b: Incineroar|Incineroar, L50, F|100/100\n|switch|p2a: Garchomp|Garchomp, L50, F|100/100\n|switch|p2b: Milotic|Milotic, L50, F, shiny|100/100\n|-ability|p1b: Incineroar|Intimidate|boost\n|-unboost|p2a: Garchomp|atk|1\n|-unboost|p2b: Milotic|atk|1\n|-ability|p2b: Milotic|Competitive|boost\n|-boost|p2b: Milotic|spa|2\n|turn|1\n|inactive|KEYBLUE12 has 30 seconds left.\n|\n|t:|1775878320\n|detailschange|p1a: Froslass|Froslass-Mega, L50, F\n|-mega|p1a: Froslass|Froslass|Froslassite\n|-weather|Snowscape|[from] ability: Snow Warning|[of] p1a: Froslass\n|move|p1a: Froslass|Protect|p1a: Froslass\n|-singleturn|p1a: Froslass|Protect\n|move|p2a: Garchomp|Rock Slide|p1a: Froslass|[spread] p1b\n|-activate|p1a: Froslass|move: Protect\n|-supereffective|p1b: Incineroar|1\n|-damage|p1b: Incineroar|75/100\n|move|p2b: Milotic|Coil|p2b: Milotic\n|-boost|p2b: Milotic|atk|1\n|-boost|p2b: Milotic|def|1\n|-boost|p2b: Milotic|accuracy|1\n|move|p1b: Incineroar|Parting Shot|p2a: Garchomp\n|-unboost|p2a: Garchomp|atk|1\n|-unboost|p2a: Garchomp|spa|1\n|\n|t:|1775878335\n|switch|p1b: Empoleon|Empoleon, L50, M|100/100|[from] Parting Shot\n|\n|-weather|Snowscape|[upkeep]\n|upkeep\n|turn|2\n|\n|t:|1775878345\n|switch|p2a: Whimsicott|Whimsicott, L50, F, shiny|100/100\n|move|p1a: Froslass|Blizzard|p2b: Milotic|[spread] p2a,p2b\n|-supereffective|p2a: Whimsicott|1\n|-resisted|p2b: Milotic|1\n|-enditem|p2a: Whimsicott|Focus Sash\n|-damage|p2a: Whimsicott|1/100\n|-damage|p2b: Milotic|83/100\n|move|p2b: Milotic|Hypnosis|p1a: Froslass\n|-status|p1a: Froslass|slp|[from] move: Hypnosis\n|move|p1b: Empoleon|Roar|p2b: Milotic\n|drag|p2b: Garchomp|Garchomp, L50, F|100/100\n|\n|-weather|Snowscape|[upkeep]\n|upkeep\n|turn|3\n|inactive|KEYBLUE12 has 30 seconds left.\n|inactive|jiayezi007 has 30 seconds left.\n|\n|t:|1775878377\n|switch|p1a: Incineroar|Incineroar, L50, F|75/100\n|-ability|p1a: Incineroar|Intimidate|boost\n|-unboost|p2a: Whimsicott|atk|1\n|-unboost|p2b: Garchomp|atk|1\n|move|p2a: Whimsicott|Sunny Day|p2a: Whimsicott\n|-weather|SunnyDay\n|move|p2b: Garchomp|Rock Slide|p1a: Incineroar|[spread] p1a,p1b\n|-supereffective|p1a: Incineroar|1\n|-resisted|p1b: Empoleon|1\n|-crit|p1b: Empoleon\n|-damage|p1a: Incineroar|50/100\n|-damage|p1b: Empoleon|85/100\n|-enditem|p1a: Incineroar|Sitrus Berry|[eat]\n|-heal|p1a: Incineroar|75/100|[from] item: Sitrus Berry\n|move|p1b: Empoleon|Water Pulse|p2a: Whimsicott\n|-resisted|p2a: Whimsicott|1\n|-damage|p2a: Whimsicott|0 fnt\n|faint|p2a: Whimsicott\n|\n|-weather|SunnyDay|[upkeep]\n|-heal|p1b: Empoleon|91/100|[from] item: Leftovers\n|upkeep\n|\n|t:|1775878397\n|switch|p2a: Charizard|Charizard, L50, F|100/100\n|turn|4\n|\n|t:|1775878419\n|switch|p2b: Milotic|Milotic, L50, F, shiny|83/100\n|switch|p1b: Froslass|Froslass-Mega, L50, F|100/100 slp\n|-weather|Snowscape|[from] ability: Snow Warning|[of] p1b: Froslass\n|detailschange|p2a: Charizard|Charizard-Mega-Y, L50, F\n|-mega|p2a: Charizard|Charizard|Charizardite Y\n|-weather|SunnyDay|[from] ability: Drought|[of] p2a: Charizard\n|move|p2a: Charizard|Solar Beam||[still]\n|-prepare|p2a: Charizard|Solar Beam\n|-anim|p2a: Charizard|Solar Beam|p1b: Froslass\n|-damage|p1b: Froslass|43/100 slp\n|move|p1a: Incineroar|Parting Shot|p2b: Milotic\n|-unboost|p2b: Milotic|atk|1\n|-ability|p2b: Milotic|Competitive|boost\n|-boost|p2b: Milotic|spa|2\n|-unboost|p2b: Milotic|spa|1\n|-ability|p2b: Milotic|Competitive|boost\n|-boost|p2b: Milotic|spa|2\n|\n|t:|1775878444\n|switch|p1a: Empoleon|Empoleon, L50, M|91/100|[from] Parting Shot\n|\n|-weather|SunnyDay|[upkeep]\n|-heal|p2b: Milotic|89/100|[from] item: Leftovers\n|-heal|p1a: Empoleon|97/100|[from] item: Leftovers\n|upkeep\n|turn|5\n|\n|t:|1775878457\n|cant|p1b: Froslass|slp\n|move|p2a: Charizard|Heat Wave|p1b: Froslass|[spread] p1a,p1b\n|-supereffective|p1b: Froslass|1\n|-damage|p1a: Empoleon|40/100\n|-damage|p1b: Froslass|0 fnt\n|faint|p1b: Froslass\n|move|p2b: Milotic|Hypnosis|p1a: Empoleon\n|-status|p1a: Empoleon|slp|[from] move: Hypnosis\n|cant|p1a: Empoleon|slp\n|\n|-weather|SunnyDay|[upkeep]\n|-heal|p2b: Milotic|95/100|[from] item: Leftovers\n|-heal|p1a: Empoleon|46/100 slp|[from] item: Leftovers\n|upkeep\n|\n|t:|1775878470\n|switch|p1b: Rotom|Rotom-Frost, L50|100/100\n|turn|6\n|\n|t:|1775878481\n|move|p1b: Rotom|Thunderbolt|p2a: Charizard\n|-supereffective|p2a: Charizard|1\n|-crit|p2a: Charizard\n|-damage|p2a: Charizard|0 fnt\n|faint|p2a: Charizard\n|move|p2b: Milotic|Hypnosis|p1b: Rotom\n|-status|p1b: Rotom|slp|[from] move: Hypnosis\n|cant|p1a: Empoleon|slp\n|\n|-weather|SunnyDay|[upkeep]\n|-heal|p2b: Milotic|100/100|[from] item: Leftovers\n|-heal|p1a: Empoleon|52/100 slp|[from] item: Leftovers\n|upkeep\n|\n|t:|1775878487\n|switch|p2a: Garchomp|Garchomp, L50, F|100/100\n|turn|7\n|inactive|jiayezi007 has 30 seconds left.\n|\n|t:|1775878520\n|switch|p1b: Incineroar|Incineroar, L50, F|75/100\n|-ability|p1b: Incineroar|Intimidate|boost\n|-unboost|p2a: Garchomp|atk|1\n|-unboost|p2b: Milotic|atk|1\n|-ability|p2b: Milotic|Competitive|boost\n|-boost|p2b: Milotic|spa|2\n|move|p2a: Garchomp|Earthquake|p1a: Empoleon|[spread] p2b,p1a,p1b\n|-supereffective|p1a: Empoleon|1\n|-supereffective|p1b: Incineroar|1\n|-damage|p2b: Milotic|81/100\n|-damage|p1a: Empoleon|0 fnt\n|-damage|p1b: Incineroar|27/100\n|faint|p1a: Empoleon\n|move|p2b: Milotic|Scald|p1b: Incineroar\n|-supereffective|p1b: Incineroar|1\n|-damage|p1b: Incineroar|0 fnt\n|faint|p1b: Incineroar\n|\n|-weather|SunnyDay|[upkeep]\n|-heal|p2b: Milotic|87/100|[from] item: Leftovers\n|upkeep\n|\n|t:|1775878538\n|switch|p1b: Rotom|Rotom-Frost, L50|100/100 slp\n|turn|8\n|-message|KEYBLUE12 forfeited.\n|\n|win|jiayezi007\n|raw|KEYBLUE12's rating: 1074 &rarr; <strong>1051</strong><br />(-23 for losing)\n|raw|jiayezi007's rating: 1040 &rarr; <strong>1077</strong><br />(+37 for winning)\n|l|\u2606KEYBLUE12\n|player|p1|\n",
  "uploadtime": 1775878549,
  "views": 14,
  "formatid": "gen9championsvgc2026regma",
  "rating": 1051,
  "private": 0,
  "password": null
}