{
  "id": "gen9championsvgc2026regma-2582650477",
  "format": "[Gen 9 Champions] VGC 2026 Reg M-A",
  "players": [
    "Tinen",
    "semoe"
  ],
  "log": "|j|\u2606Tinen\n|j|\u2606semoe\n|t:|1776104966\n|gametype|doubles\n|player|p1|Tinen|dancer|1028\n|player|p2|semoe|swimmerf|1071\n|gen|9\n|tier|[Gen 9 Champions] VGC 2026 Reg M-A\n|rated|\n|rule|Species Clause: Limit one of each Pok\u00e9mon\n|rule|Item Clause: Limit 1 of each item\n|clearpoke\n|poke|p1|Dragonite, L50, M|\n|poke|p1|Scizor, L50, M|\n|poke|p1|Pelipper, L50, M|\n|poke|p1|Basculegion, L50, M|\n|poke|p1|Sinistcha, L50|\n|poke|p1|Umbreon, L50, M|\n|poke|p2|Rotom-Wash, L50|\n|poke|p2|Kangaskhan, L50, F|\n|poke|p2|Incineroar, L50, M|\n|poke|p2|Gengar, L50, M|\n|poke|p2|Palafin, L50, F|\n|poke|p2|Espeon, L50, M|\n|teampreview|4\n|inactive|Battle timer is ON: inactive players will automatically lose when time's up. (requested by semoe)\n|\n|t:|1776105014\n|teamsize|p1|4\n|teamsize|p2|4\n|start\n|switch|p1a: Umbreon|Umbreon, L50, M|100/100\n|switch|p1b: Sinistcha|Sinistcha, L50|100/100\n|switch|p2a: Gengar|Gengar, L50, M|100/100\n|switch|p2b: Rotom|Rotom-Wash, L50|100/100\n|turn|1\n|\n|t:|1776105032\n|switch|p2b: Incineroar|Incineroar, L50, M|100/100\n|-ability|p2b: Incineroar|Intimidate|boost\n|-unboost|p1a: Umbreon|atk|1\n|-unboost|p1b: Sinistcha|atk|1\n|move|p2a: Gengar|Protect|p2a: Gengar\n|-singleturn|p2a: Gengar|Protect\n|move|p1b: Sinistcha|Matcha Gotcha|p2b: Incineroar|[spread] p2b\n|-activate|p2a: Gengar|move: Protect\n|-resisted|p2b: Incineroar|1\n|-damage|p2b: Incineroar|91/100\n|move|p1a: Umbreon|Light Screen|p1a: Umbreon\n|-sidestart|p1: Tinen|move: Light Screen\n|\n|upkeep\n|turn|2\n|\n|t:|1776105050\n|switch|p1b: Pelipper|Pelipper, L50, M|100/100\n|-weather|RainDance|[from] ability: Drizzle|[of] p1b: Pelipper\n|detailschange|p2a: Gengar|Gengar-Mega, L50, M\n|-mega|p2a: Gengar|Gengar|Gengarite\n|move|p2b: Incineroar|Fake Out|p1a: Umbreon\n|-damage|p1a: Umbreon|91/100\n|move|p2a: Gengar|Sludge Bomb|p1b: Pelipper\n|-crit|p1b: Pelipper\n|-enditem|p1b: Pelipper|Focus Sash\n|-damage|p1b: Pelipper|1/100\n|cant|p1a: Umbreon|flinch\n|\n|-weather|RainDance|[upkeep]\n|-heal|p1a: Umbreon|97/100|[from] item: Leftovers\n|upkeep\n|turn|3\n|\n|t:|1776105074\n|switch|p2b: Palafin|Palafin, L50, F|100/100\n|move|p2a: Gengar|Protect|p2a: Gengar\n|-singleturn|p2a: Gengar|Protect\n|move|p1b: Pelipper|Weather Ball|p2b: Palafin\n|-resisted|p2b: Palafin|1\n|-damage|p2b: Palafin|50/100\n|move|p1a: Umbreon|Reflect|p1a: Umbreon\n|-sidestart|p1: Tinen|Reflect\n|\n|-weather|RainDance|[upkeep]\n|-heal|p1a: Umbreon|100/100|[from] item: Leftovers\n|upkeep\n|turn|4\n|\n|t:|1776105094\n|move|p2b: Palafin|Jet Punch|p1b: Pelipper\n|-resisted|p1b: Pelipper|1\n|-damage|p1b: Pelipper|0 fnt\n|faint|p1b: Pelipper\n|move|p2a: Gengar|Will-O-Wisp|p1a: Umbreon\n|-status|p1a: Umbreon|brn\n|-activate|p1a: Umbreon|ability: Synchronize\n|-status|p2a: Gengar|brn\n|move|p1a: Umbreon|Wish|p1a: Umbreon\n|\n|-weather|RainDance|[upkeep]\n|-damage|p2a: Gengar|95/100 brn|[from] brn\n|-damage|p1a: Umbreon|95/100 brn|[from] brn\n|upkeep\n|\n|t:|1776105100\n|switch|p1b: Dragonite|Dragonite, L50, M, shiny|100/100\n|turn|5\n|\n|t:|1776105120\n|detailschange|p2b: Palafin|Palafin-Hero, L50, F\n|switch|p2b: Incineroar|Incineroar, L50, M|91/100\n|-ability|p2b: Incineroar|Intimidate|boost\n|-unboost|p1a: Umbreon|atk|1\n|-unboost|p1b: Dragonite|atk|1\n|detailschange|p1b: Dragonite|Dragonite-Mega, L50, M, shiny\n|-mega|p1b: Dragonite|Dragonite|Dragoninite\n|move|p1a: Umbreon|Protect|p1a: Umbreon\n|-singleturn|p1a: Umbreon|Protect\n|move|p1b: Dragonite|Hurricane|p2a: Gengar\n|-damage|p2a: Gengar|38/100 brn\n|move|p2a: Gengar|Perish Song|p2a: Gengar\n|-start|p1a: Umbreon|perish3|[silent]\n|-start|p1b: Dragonite|perish3|[silent]\n|-start|p2a: Gengar|perish3|[silent]\n|-start|p2b: Incineroar|perish3|[silent]\n|-fieldactivate|move: Perish Song\n|\n|-weather|RainDance|[upkeep]\n|-heal|p1a: Umbreon|100/100 brn|[from] move: Wish|[wisher] Umbreon\n|-damage|p2a: Gengar|32/100 brn|[from] brn\n|-damage|p1a: Umbreon|95/100 brn|[from] brn\n|-start|p1b: Dragonite|perish3\n|-start|p2a: Gengar|perish3\n|-start|p1a: Umbreon|perish3\n|-start|p2b: Incineroar|perish3\n|-sideend|p1: Tinen|move: Light Screen\n|upkeep\n|turn|6\n|inactive|Tinen has 30 seconds left.\n|\n|t:|1776105148\n|move|p2a: Gengar|Protect|p2a: Gengar\n|-singleturn|p2a: Gengar|Protect\n|move|p1b: Dragonite|Weather Ball|p2b: Incineroar\n|-supereffective|p2b: Incineroar|1\n|-damage|p2b: Incineroar|2/100\n|-enditem|p2b: Incineroar|Sitrus Berry|[eat]\n|-heal|p2b: Incineroar|27/100|[from] item: Sitrus Berry\n|move|p1a: Umbreon|Wish|p1a: Umbreon\n|move|p2b: Incineroar|Parting Shot|p1b: Dragonite\n|-unboost|p1b: Dragonite|atk|1\n|-unboost|p1b: Dragonite|spa|1\n|\n|t:|1776105160\n|switch|p2b: Palafin|Palafin-Hero, L50, F|50/100|[from] Parting Shot\n|-activate|p2b: Palafin|ability: Zero to Hero\n|\n|-weather|none\n|-heal|p1a: Umbreon|100/100 brn|[from] item: Leftovers\n|-damage|p2a: Gengar|26/100 brn|[from] brn\n|-damage|p1a: Umbreon|95/100 brn|[from] brn\n|-start|p1b: Dragonite|perish2\n|-start|p2a: Gengar|perish2\n|-start|p1a: Umbreon|perish2\n|upkeep\n|turn|7\n|\n|t:|1776105178\n|switch|p2a: Incineroar|Incineroar, L50, M|27/100\n|-ability|p2a: Incineroar|Intimidate|boost\n|-unboost|p1a: Umbreon|atk|1\n|-unboost|p1b: Dragonite|atk|1\n|move|p2b: Palafin|Flip Turn|p1b: Dragonite\n|-resisted|p1b: Dragonite|1\n|-damage|p1b: Dragonite|95/100\n|\n|t:|1776105185\n|switch|p2b: Gengar|Gengar-Mega, L50, M|26/100 brn|[from] Flip Turn\n|move|p1b: Dragonite|Draco Meteor|p2a: Incineroar\n|-damage|p2a: Incineroar|0 fnt\n|-unboost|p1b: Dragonite|spa|2\n|faint|p2a: Incineroar\n|move|p1a: Umbreon|Wish||[still]\n|-fail|p1a: Umbreon\n|\n|-heal|p1a: Umbreon|100/100 brn|[from] move: Wish|[wisher] Umbreon\n|-damage|p2b: Gengar|20/100 brn|[from] brn\n|-damage|p1a: Umbreon|95/100 brn|[from] brn\n|-start|p1b: Dragonite|perish1\n|-start|p1a: Umbreon|perish1\n|-sideend|p1: Tinen|Reflect\n|upkeep\n|\n|t:|1776105207\n|switch|p2a: Rotom|Rotom-Wash, L50|100/100\n|turn|8\n|\n|t:|1776105218\n|move|p2b: Gengar|Protect|p2b: Gengar\n|-singleturn|p2b: Gengar|Protect\n|move|p1b: Dragonite|Thunder|p2a: Rotom\n|-damage|p2a: Rotom|83/100\n|move|p2a: Rotom|Light Screen|p2a: Rotom\n|-sidestart|p2: semoe|move: Light Screen\n|move|p1a: Umbreon|Wish|p1a: Umbreon\n|\n|-heal|p2a: Rotom|89/100|[from] item: Leftovers\n|-heal|p1a: Umbreon|100/100 brn|[from] item: Leftovers\n|-damage|p2b: Gengar|14/100 brn|[from] brn\n|-damage|p1a: Umbreon|95/100 brn|[from] brn\n|-start|p1b: Dragonite|perish0\n|-start|p1a: Umbreon|perish0\n|faint|p1b: Dragonite\n|faint|p1a: Umbreon\n|upkeep\n|\n|t:|1776105226\n|switch|p1b: Sinistcha|Sinistcha, L50|100/100\n|turn|9\n|\n|t:|1776105244\n|move|p2b: Gengar|Perish Song|p2b: Gengar\n|-start|p1b: Sinistcha|perish3|[silent]\n|-start|p2a: Rotom|perish3|[silent]\n|-start|p2b: Gengar|perish3|[silent]\n|-fieldactivate|move: Perish Song\n|move|p2a: Rotom|Will-O-Wisp|p1b: Sinistcha|[miss]\n|-miss|p2a: Rotom|p1b: Sinistcha\n|move|p1b: Sinistcha|Matcha Gotcha|p2a: Rotom|[spread] p2a,p2b\n|-supereffective|p2a: Rotom|1\n|-resisted|p2b: Gengar|1\n|-damage|p2a: Rotom|48/100\n|-damage|p2b: Gengar|6/100 brn\n|\n|-heal|p2a: Rotom|54/100|[from] item: Leftovers\n|-damage|p2b: Gengar|0 fnt|[from] brn\n|faint|p2b: Gengar\n|-start|p2a: Rotom|perish3\n|-start|p1b: Sinistcha|perish3\n|upkeep\n|\n|t:|1776105253\n|switch|p2b: Palafin|Palafin-Hero, L50, F|50/100\n|turn|10\n|\n|t:|1776105267\n|move|p2a: Rotom|Helping Hand|p2b: Palafin\n|-singleturn|p2b: Palafin|Helping Hand|[of] p2a: Rotom\n|move|p2b: Palafin|Jet Punch|p1b: Sinistcha\n|-resisted|p1b: Sinistcha|1\n|-damage|p1b: Sinistcha|74/100\n|move|p1b: Sinistcha|Matcha Gotcha|p2a: Rotom|[spread] \n|-miss|p1b: Sinistcha|p2a: Rotom\n|-miss|p1b: Sinistcha|p2b: Palafin\n|\n|-heal|p2a: Rotom|60/100|[from] item: Leftovers\n|-start|p2a: Rotom|perish2\n|-start|p1b: Sinistcha|perish2\n|upkeep\n|turn|11\n|\n|t:|1776105277\n|move|p2b: Palafin|Jet Punch|p1b: Sinistcha\n|-resisted|p1b: Sinistcha|1\n|-damage|p1b: Sinistcha|58/100\n|move|p2a: Rotom|Will-O-Wisp|p1b: Sinistcha\n|-status|p1b: Sinistcha|brn\n|move|p1b: Sinistcha|Matcha Gotcha|p2a: Rotom|[spread] p2a,p2b\n|-supereffective|p2a: Rotom|1\n|-supereffective|p2b: Palafin|1\n|-damage|p2a: Rotom|13/100\n|-heal|p1b: Sinistcha|79/100 brn|[from] drain|[of] p2a: Rotom\n|-damage|p2b: Palafin|6/100\n|-heal|p1b: Sinistcha|100/100 brn|[from] drain|[of] p2b: Palafin\n|\n|-heal|p2a: Rotom|19/100|[from] item: Leftovers\n|-damage|p1b: Sinistcha|94/100 brn|[from] brn\n|-start|p2a: Rotom|perish1\n|-start|p1b: Sinistcha|perish1\n|upkeep\n|turn|12\n|\n|t:|1776105297\n|move|p2b: Palafin|Jet Punch|p1b: Sinistcha\n|-resisted|p1b: Sinistcha|1\n|-damage|p1b: Sinistcha|77/100 brn\n|move|p2a: Rotom|Thunderbolt|p1b: Sinistcha\n|-resisted|p1b: Sinistcha|1\n|-damage|p1b: Sinistcha|53/100 brn\n|move|p1b: Sinistcha|Matcha Gotcha|p2a: Rotom|[spread] p2a,p2b\n|-supereffective|p2a: Rotom|1\n|-supereffective|p2b: Palafin|1\n|-damage|p2a: Rotom|0 fnt\n|-heal|p1b: Sinistcha|62/100 brn|[from] drain|[of] p2a: Rotom\n|-damage|p2b: Palafin|0 fnt\n|-heal|p1b: Sinistcha|65/100 brn|[from] drain|[of] p2b: Palafin\n|faint|p2a: Rotom\n|faint|p2b: Palafin\n|\n|win|Tinen\n|raw|Tinen's rating: 1028 &rarr; <strong>1068</strong><br />(+40 for winning)\n|raw|semoe's rating: 1071 &rarr; <strong>1048</strong><br />(-23 for losing)\n|l|\u2606semoe\n|player|p2|\n",
  "uploadtime": 1776105298,
  "views": 13,
  "formatid": "gen9championsvgc2026regma",
  "rating": 1048,
  "private": 0,
  "password": null
}