{
  "id": "gen9championsvgc2026regma-2587182739",
  "format": "[Gen 9 Champions] VGC 2026 Reg M-A",
  "players": [
    "minosakelu",
    "ImprobableBlob"
  ],
  "log": "|j|\u2606minosakelu\n|j|\u2606ImprobableBlob\n|t:|1776505502\n|gametype|doubles\n|player|p1|minosakelu|102|1411\n|player|p2|ImprobableBlob|jasmine|1478\n|gen|9\n|tier|[Gen 9 Champions] VGC 2026 Reg M-A\n|rated|\n|rule|Species Clause: Limit one of each Pok\u00e9mon\n|rule|Item Clause: Limit 1 of each item\n|clearpoke\n|poke|p1|Ceruledge, L50, F|\n|poke|p1|Sinistcha, L50|\n|poke|p1|Rotom-Wash, L50|\n|poke|p1|Sneasler, L50, M|\n|poke|p1|Incineroar, L50, M|\n|poke|p1|Clefable, L50, M|\n|poke|p2|Incineroar, L50, F|\n|poke|p2|Farigiraf, L50, F|\n|poke|p2|Kingambit, L50, F|\n|poke|p2|Floette-Eternal, L50, F|\n|poke|p2|Crabominable, L50, F|\n|poke|p2|Aerodactyl, L50, M|\n|teampreview|4\n|inactive|Battle timer is ON: inactive players will automatically lose when time's up. (requested by ImprobableBlob)\n|\n|t:|1776505526\n|teamsize|p1|4\n|teamsize|p2|4\n|start\n|switch|p1a: Ceruledge|Ceruledge, L50, F|100/100\n|switch|p1b: Rotom|Rotom-Wash, L50|100/100\n|switch|p2a: Aerodactyl|Aerodactyl, L50, M|100/100\n|switch|p2b: Incineroar|Incineroar, L50, F|100/100\n|-ability|p2a: Aerodactyl|Unnerve\n|-ability|p2b: Incineroar|Intimidate|boost\n|-unboost|p1a: Ceruledge|atk|1\n|-unboost|p1b: Rotom|atk|1\n|turn|1\n|\n|t:|1776505545\n|switch|p1b: Incineroar|Incineroar, L50, M|100/100\n|-ability|p1b: Incineroar|Intimidate|boost\n|-unboost|p2a: Aerodactyl|atk|1\n|-unboost|p2b: Incineroar|atk|1\n|move|p1a: Ceruledge|Protect|p1a: Ceruledge\n|-singleturn|p1a: Ceruledge|Protect\n|move|p2b: Incineroar|Fake Out|p1b: Incineroar\n|-damage|p1b: Incineroar|95/100\n|move|p2a: Aerodactyl|Tailwind|p2a: Aerodactyl\n|-sidestart|p2: ImprobableBlob|move: Tailwind\n|\n|upkeep\n|turn|2\n|\n|t:|1776505559\n|move|p1b: Incineroar|Fake Out|p2a: Aerodactyl\n|-resisted|p2a: Aerodactyl|1\n|-damage|p2a: Aerodactyl|93/100\n|cant|p2a: Aerodactyl|flinch\n|move|p2b: Incineroar|Parting Shot|p1a: Ceruledge\n|-unboost|p1a: Ceruledge|atk|1\n|-unboost|p1a: Ceruledge|spa|1\n|\n|t:|1776505568\n|switch|p2b: Floette|Floette-Eternal, L50, F|100/100|[from] Parting Shot\n|move|p1a: Ceruledge|Bulk Up|p1a: Ceruledge\n|-boost|p1a: Ceruledge|atk|1\n|-boost|p1a: Ceruledge|def|1\n|\n|upkeep\n|turn|3\n|\n|t:|1776505587\n|detailschange|p2b: Floette|Floette-Mega, L50, F\n|-mega|p2b: Floette|Floette|Floettite\n|-ability|p2b: Floette|Fairy Aura\n|move|p2a: Aerodactyl|Rock Slide|p1b: Incineroar|[spread] p1a,p1b\n|-supereffective|p1a: Ceruledge|1\n|-supereffective|p1b: Incineroar|1\n|-damage|p1a: Ceruledge|75/100\n|-damage|p1b: Incineroar|65/100\n|move|p2b: Floette|Moonblast|p1a: Ceruledge\n|-resisted|p1a: Ceruledge|1\n|-damage|p1a: Ceruledge|49/100\n|-unboost|p1a: Ceruledge|spa|1\n|move|p1a: Ceruledge|Bulk Up|p1a: Ceruledge\n|-boost|p1a: Ceruledge|atk|1\n|-boost|p1a: Ceruledge|def|1\n|move|p1b: Incineroar|Parting Shot|p2a: Aerodactyl\n|-unboost|p2a: Aerodactyl|atk|1\n|-unboost|p2a: Aerodactyl|spa|1\n|\n|t:|1776505602\n|switch|p1b: Sinistcha|Sinistcha, L50|100/100|[from] Parting Shot\n|-heal|p1a: Ceruledge|74/100|[from] ability: Hospitality|[of] p1b: Sinistcha\n|\n|-heal|p1a: Ceruledge|80/100|[from] item: Leftovers\n|upkeep\n|turn|4\n|\n|t:|1776505613\n|switch|p2a: Incineroar|Incineroar, L50, F|100/100\n|-ability|p2a: Incineroar|Intimidate|boost\n|-unboost|p1a: Ceruledge|atk|1\n|-unboost|p1b: Sinistcha|atk|1\n|move|p2b: Floette|Calm Mind|p2b: Floette\n|-boost|p2b: Floette|spa|1\n|-boost|p2b: Floette|spd|1\n|move|p1a: Ceruledge|Bulk Up|p1a: Ceruledge\n|-boost|p1a: Ceruledge|atk|1\n|-boost|p1a: Ceruledge|def|1\n|move|p1b: Sinistcha|Matcha Gotcha|p2b: Floette|[spread] p2a,p2b\n|-resisted|p2a: Incineroar|1\n|-damage|p2a: Incineroar|89/100\n|-damage|p2b: Floette|86/100\n|\n|-heal|p1a: Ceruledge|86/100|[from] item: Leftovers\n|-sideend|p2: ImprobableBlob|move: Tailwind\n|upkeep\n|turn|5\n|\n|t:|1776505623\n|move|p1b: Sinistcha|Rage Powder|p1b: Sinistcha\n|-singleturn|p1b: Sinistcha|move: Rage Powder\n|move|p2b: Floette|Calm Mind|p2b: Floette\n|-boost|p2b: Floette|spa|1\n|-boost|p2b: Floette|spd|1\n|move|p1a: Ceruledge|Bulk Up|p1a: Ceruledge\n|-boost|p1a: Ceruledge|atk|1\n|-boost|p1a: Ceruledge|def|1\n|move|p2a: Incineroar|Parting Shot|p1b: Sinistcha\n|-unboost|p1b: Sinistcha|atk|1\n|-unboost|p1b: Sinistcha|spa|1\n|\n|t:|1776505628\n|switch|p2a: Aerodactyl|Aerodactyl, L50, M|93/100|[from] Parting Shot\n|-ability|p2a: Aerodactyl|Unnerve\n|\n|-heal|p1a: Ceruledge|93/100|[from] item: Leftovers\n|upkeep\n|turn|6\n|\n|t:|1776505640\n|switch|p1b: Incineroar|Incineroar, L50, M|65/100\n|-ability|p1b: Incineroar|Intimidate|boost\n|-unboost|p2a: Aerodactyl|atk|1\n|-unboost|p2b: Floette|atk|1\n|move|p2a: Aerodactyl|Rock Slide|p1b: Incineroar|[spread] p1a,p1b\n|-supereffective|p1a: Ceruledge|1\n|-supereffective|p1b: Incineroar|1\n|-damage|p1a: Ceruledge|79/100\n|-damage|p1b: Incineroar|31/100\n|move|p2b: Floette|Moonblast|p1a: Ceruledge\n|-resisted|p1a: Ceruledge|1\n|-damage|p1a: Ceruledge|26/100\n|move|p1a: Ceruledge|Bulk Up|p1a: Ceruledge\n|-boost|p1a: Ceruledge|atk|1\n|-boost|p1a: Ceruledge|def|1\n|\n|-heal|p1a: Ceruledge|32/100|[from] item: Leftovers\n|upkeep\n|turn|7\n|\n|t:|1776505654\n|move|p2a: Aerodactyl|Protect|p2a: Aerodactyl\n|-singleturn|p2a: Aerodactyl|Protect\n|move|p2b: Floette|Protect|p2b: Floette\n|-singleturn|p2b: Floette|Protect\n|move|p1b: Incineroar|Fake Out|p2a: Aerodactyl\n|-activate|p2a: Aerodactyl|move: Protect\n|move|p1a: Ceruledge|Bitter Blade|p2b: Floette\n|-activate|p2b: Floette|move: Protect\n|\n|-heal|p1a: Ceruledge|39/100|[from] item: Leftovers\n|upkeep\n|turn|8\n|\n|t:|1776505665\n|switch|p1b: Sinistcha|Sinistcha, L50|100/100\n|-heal|p1a: Ceruledge|64/100|[from] ability: Hospitality|[of] p1b: Sinistcha\n|move|p2a: Aerodactyl|Rock Slide|p1a: Ceruledge|[spread] p1a,p1b\n|-supereffective|p1a: Ceruledge|1\n|-damage|p1a: Ceruledge|52/100\n|-damage|p1b: Sinistcha|88/100\n|move|p2b: Floette|Moonblast|p1a: Ceruledge\n|-resisted|p1a: Ceruledge|1\n|-damage|p1a: Ceruledge|2/100\n|move|p1a: Ceruledge|Bitter Blade|p2b: Floette\n|-damage|p2b: Floette|0 fnt\n|-heal|p1a: Ceruledge|39/100|[from] drain|[of] p2b: Floette\n|faint|p2b: Floette\n|\n|-heal|p1a: Ceruledge|45/100|[from] item: Leftovers\n|upkeep\n|-message|ImprobableBlob forfeited.\n|\n|win|minosakelu\n|raw|minosakelu's rating: 1411 &rarr; <strong>1435</strong><br />(+24 for winning)\n|raw|ImprobableBlob's rating: 1478 &rarr; <strong>1454</strong><br />(-24 for losing)\n|l|\u2606ImprobableBlob\n|player|p2|\n|l|\u2606minosakelu\n|player|p1|\n",
  "uploadtime": 1776505714,
  "views": 43,
  "formatid": "gen9championsvgc2026regma",
  "rating": 1435,
  "private": 0,
  "password": null
}