{
  "id": "gen9championsvgc2026regma-2583771432",
  "format": "[Gen 9 Champions] VGC 2026 Reg M-A",
  "players": [
    "bo1scammer",
    "chumimaster"
  ],
  "log": "|j|\u2606bo1scammer\n|j|\u2606chumimaster\n|t:|1776196602\n|gametype|doubles\n|player|p1|bo1scammer|rocketgruntf|1120\n|player|p2|chumimaster|acetrainersnowf|1091\n|gen|9\n|tier|[Gen 9 Champions] VGC 2026 Reg M-A\n|rated|\n|rule|Species Clause: Limit one of each Pok\u00e9mon\n|rule|Item Clause: Limit 1 of each item\n|clearpoke\n|poke|p1|Incineroar, L50, M|\n|poke|p1|Floette-Eternal, L50, F|\n|poke|p1|Sneasler, L50, M|\n|poke|p1|Aerodactyl, L50, F|\n|poke|p1|Garchomp, L50, F|\n|poke|p1|Sinistcha, L50|\n|poke|p2|Gengar, L50, M|\n|poke|p2|Alakazam, L50, F|\n|poke|p2|Sinistcha, L50|\n|poke|p2|Kingambit, L50, F|\n|poke|p2|Ninetales-Alola, L50, M|\n|poke|p2|Sneasler, L50, F|\n|teampreview|4\n|inactive|Battle timer is ON: inactive players will automatically lose when time's up. (requested by bo1scammer)\n|\n|t:|1776196632\n|teamsize|p1|4\n|teamsize|p2|4\n|start\n|switch|p1a: Incineroar|Incineroar, L50, M|100/100\n|switch|p1b: Aerodactyl|Aerodactyl, L50, F|100/100\n|switch|p2a: Sneasler|Sneasler, L50, F|100/100\n|switch|p2b: Ninetales|Ninetales-Alola, L50, M|100/100\n|-ability|p1b: Aerodactyl|Unnerve\n|-weather|Snowscape|[from] ability: Snow Warning|[of] p2b: Ninetales\n|-ability|p1a: Incineroar|Intimidate|boost\n|-unboost|p2a: Sneasler|atk|1\n|-unboost|p2b: Ninetales|atk|1\n|-enditem|p2a: Sneasler|White Herb\n|-clearnegativeboost|p2a: Sneasler|[silent]\n|turn|1\n|\n|t:|1776196655\n|move|p1b: Aerodactyl|Protect|p1b: Aerodactyl\n|-singleturn|p1b: Aerodactyl|Protect\n|move|p1a: Incineroar|Fake Out|p2a: Sneasler\n|-damage|p2a: Sneasler|84/100\n|cant|p2a: Sneasler|flinch\n|move|p2b: Ninetales|Aurora Veil|p2b: Ninetales\n|-sidestart|p2: chumimaster|move: Aurora Veil\n|\n|-weather|Snowscape|[upkeep]\n|upkeep\n|turn|2\n|\n|t:|1776196671\n|move|p2a: Sneasler|Rock Slide|p1b: Aerodactyl|[spread] p1a,p1b\n|-supereffective|p1a: Incineroar|1\n|-supereffective|p1b: Aerodactyl|1\n|-damage|p1a: Incineroar|64/100\n|-damage|p1b: Aerodactyl|32/100\n|move|p1b: Aerodactyl|Tailwind|p1b: Aerodactyl\n|-sidestart|p1: bo1scammer|move: Tailwind\n|cant|p1a: Incineroar|flinch\n|move|p2b: Ninetales|Encore|p1b: Aerodactyl\n|-start|p1b: Aerodactyl|Encore\n|\n|-weather|Snowscape|[upkeep]\n|upkeep\n|turn|3\n|\n|t:|1776196693\n|switch|p1b: Sneasler|Sneasler, L50, M|100/100\n|move|p2a: Sneasler|Close Combat|p1a: Incineroar\n|-supereffective|p1a: Incineroar|1\n|-damage|p1a: Incineroar|0 fnt\n|-unboost|p2a: Sneasler|def|1\n|-unboost|p2a: Sneasler|spd|1\n|faint|p1a: Incineroar\n|move|p2b: Ninetales|Blizzard|p1b: Sneasler\n|-damage|p1b: Sneasler|35/100\n|\n|-weather|Snowscape|[upkeep]\n|upkeep\n|\n|t:|1776196713\n|switch|p1a: Garchomp|Garchomp, L50, F, shiny|100/100\n|turn|4\n|\n|t:|1776196727\n|move|p1b: Sneasler|Fake Out|p2b: Ninetales\n|-damage|p2b: Ninetales|92/100\n|move|p1a: Garchomp|Stomping Tantrum|p2a: Sneasler\n|-supereffective|p2a: Sneasler|1\n|-damage|p2a: Sneasler|0 fnt\n|faint|p2a: Sneasler\n|cant|p2b: Ninetales|flinch\n|\n|-weather|Snowscape|[upkeep]\n|upkeep\n|\n|t:|1776196737\n|switch|p2a: Gengar|Gengar, L50, M|100/100\n|turn|5\n|inactive|bo1scammer has 30 seconds left.\n|inactive|bo1scammer has 20 seconds left.\n|inactive|bo1scammer has 15 seconds left.\n|inactive|bo1scammer has 10 seconds left.\n|\n|t:|1776196786\n|detailschange|p2a: Gengar|Gengar-Mega, L50, M\n|-mega|p2a: Gengar|Gengar|Gengarite\n|move|p2a: Gengar|Protect|p2a: Gengar\n|-singleturn|p2a: Gengar|Protect\n|move|p1a: Garchomp|Stomping Tantrum|p2a: Gengar\n|-activate|p2a: Gengar|move: Protect\n|move|p1b: Sneasler|Throat Chop|p2a: Gengar\n|-activate|p2a: Gengar|move: Protect\n|move|p2b: Ninetales|Blizzard|p1a: Garchomp|[spread] p1a,p1b\n|-supereffective|p1a: Garchomp|2\n|-damage|p1a: Garchomp|0 fnt\n|-damage|p1b: Sneasler|0 fnt\n|faint|p1a: Garchomp\n|faint|p1b: Sneasler\n|\n|-weather|none\n|-sideend|p1: bo1scammer|move: Tailwind\n|-sideend|p2: chumimaster|move: Aurora Veil\n|upkeep\n|\n|t:|1776196791\n|switch|p1a: Aerodactyl|Aerodactyl, L50, F|32/100\n|-ability|p1a: Aerodactyl|Unnerve\n|turn|6\n|\n|t:|1776196809\n|switch|p2b: Sinistcha|Sinistcha, L50|100/100\n|move|p1a: Aerodactyl|Rock Slide|p2a: Gengar|[spread] p2a\n|-miss|p1a: Aerodactyl|p2b: Sinistcha\n|-damage|p2a: Gengar|71/100\n|move|p2a: Gengar|Shadow Ball|p1a: Aerodactyl\n|-damage|p1a: Aerodactyl|0 fnt\n|faint|p1a: Aerodactyl\n|\n|win|chumimaster\n|raw|bo1scammer's rating: 1120 &rarr; <strong>1093</strong><br />(-27 for losing)\n|raw|chumimaster's rating: 1091 &rarr; <strong>1120</strong><br />(+29 for winning)\n",
  "uploadtime": 1776196809,
  "views": 15,
  "formatid": "gen9championsvgc2026regma",
  "rating": 1093,
  "private": 0,
  "password": null
}