{
  "id": "gen9championsvgc2026regma-2584166187",
  "format": "[Gen 9 Champions] VGC 2026 Reg M-A",
  "players": [
    "VicsGC",
    "massan2580"
  ],
  "log": "|j|\u2606VicsGC\n|j|\u2606massan2580\n|t:|1776233198\n|gametype|doubles\n|player|p1|VicsGC|266|1484\n|player|p2|massan2580|169|1544\n|gen|9\n|tier|[Gen 9 Champions] VGC 2026 Reg M-A\n|rated|\n|rule|Species Clause: Limit one of each Pok\u00e9mon\n|rule|Item Clause: Limit 1 of each item\n|clearpoke\n|poke|p1|Froslass, L50, F|\n|poke|p1|Sinistcha, L50|\n|poke|p1|Incineroar, L50, F|\n|poke|p1|Primarina, L50, M|\n|poke|p1|Sneasler, L50, F|\n|poke|p1|Garchomp, L50, F|\n|poke|p2|Floette-Eternal, L50, F|\n|poke|p2|Sneasler, L50, M|\n|poke|p2|Basculegion, L50, M|\n|poke|p2|Sylveon, L50, F|\n|poke|p2|Hydreigon, L50, M|\n|poke|p2|Talonflame, L50, F|\n|teampreview|4\n|\n|t:|1776233230\n|teamsize|p1|4\n|teamsize|p2|4\n|start\n|switch|p1a: Incineroar|Incineroar, L50, F|100/100\n|switch|p1b: Primarina|Primarina, L50, M|100/100\n|switch|p2a: Talonflame|Talonflame, L50, F|100/100\n|switch|p2b: Floette|Floette-Eternal, L50, F|100/100\n|-ability|p1a: Incineroar|Intimidate|boost\n|-unboost|p2a: Talonflame|atk|1\n|-unboost|p2b: Floette|atk|1\n|turn|1\n|\n|t:|1776233243\n|detailschange|p2b: Floette|Floette-Mega, L50, F\n|-mega|p2b: Floette|Floette|Floettite\n|-ability|p2b: Floette|Fairy Aura\n|move|p2a: Talonflame|Protect|p2a: Talonflame\n|-singleturn|p2a: Talonflame|Protect\n|move|p1b: Primarina|Protect|p1b: Primarina\n|-singleturn|p1b: Primarina|Protect\n|move|p2b: Floette|Calm Mind|p2b: Floette\n|-boost|p2b: Floette|spa|1\n|-boost|p2b: Floette|spd|1\n|move|p1a: Incineroar|Parting Shot|p2b: Floette\n|-unboost|p2b: Floette|atk|1\n|-unboost|p2b: Floette|spa|1\n|\n|t:|1776233259\n|switch|p1a: Sneasler|Sneasler, L50, F|100/100|[from] Parting Shot\n|\n|upkeep\n|turn|2\n|\n|t:|1776233281\n|switch|p2a: Basculegion|Basculegion, L50, M|100/100\n|move|p1a: Sneasler|Fake Out|p2a: Basculegion\n|-immune|p2a: Basculegion\n|move|p2b: Floette|Moonblast|p1a: Sneasler\n|-damage|p1a: Sneasler|0 fnt\n|faint|p1a: Sneasler\n|move|p1b: Primarina|Calm Mind|p1b: Primarina\n|-boost|p1b: Primarina|spa|1\n|-boost|p1b: Primarina|spd|1\n|\n|upkeep\n|\n|t:|1776233302\n|switch|p1a: Froslass|Froslass, L50, F|100/100\n|turn|3\n|\n|t:|1776233314\n|detailschange|p1a: Froslass|Froslass-Mega, L50, F\n|-mega|p1a: Froslass|Froslass|Froslassite\n|-weather|Snowscape|[from] ability: Snow Warning|[of] p1a: Froslass\n|move|p2a: Basculegion|Last Respects|p1a: Froslass\n|-supereffective|p1a: Froslass|1\n|-damage|p1a: Froslass|25/100\n|move|p1a: Froslass|Aurora Veil|p1a: Froslass\n|-sidestart|p1: VicsGC|move: Aurora Veil\n|move|p2b: Floette|Dazzling Gleam|p1b: Primarina|[spread] p1a,p1b\n|-damage|p1a: Froslass|0 fnt\n|-damage|p1b: Primarina|84/100\n|faint|p1a: Froslass\n|move|p1b: Primarina|Calm Mind|p1b: Primarina\n|-boost|p1b: Primarina|spa|1\n|-boost|p1b: Primarina|spd|1\n|\n|-weather|Snowscape|[upkeep]\n|-heal|p1b: Primarina|90/100|[from] item: Leftovers\n|upkeep\n|\n|t:|1776233321\n|switch|p1a: Incineroar|Incineroar, L50, F|100/100\n|-ability|p1a: Incineroar|Intimidate|boost\n|-unboost|p2a: Basculegion|atk|1\n|-unboost|p2b: Floette|atk|1\n|turn|4\n|\n|t:|1776233335\n|switch|p2a: Talonflame|Talonflame, L50, F|100/100\n|move|p2b: Floette|Protect|p2b: Floette\n|-singleturn|p2b: Floette|Protect\n|move|p1a: Incineroar|Fake Out|p2b: Floette\n|-activate|p2b: Floette|move: Protect\n|move|p1b: Primarina|Calm Mind|p1b: Primarina\n|-boost|p1b: Primarina|spa|1\n|-boost|p1b: Primarina|spd|1\n|\n|-weather|Snowscape|[upkeep]\n|-heal|p1b: Primarina|96/100|[from] item: Leftovers\n|upkeep\n|turn|5\n|\n|t:|1776233353\n|move|p2a: Talonflame|Dual Wingbeat|p1b: Primarina\n|-damage|p1b: Primarina|87/100\n|-damage|p1b: Primarina|79/100\n|-hitcount|p1b: Primarina|2\n|move|p2b: Floette|Moonblast|p1a: Incineroar\n|-damage|p1a: Incineroar|63/100\n|move|p1b: Primarina|Hyper Voice|p2a: Talonflame|[spread] p2a,p2b\n|-supereffective|p2a: Talonflame|1\n|-crit|p2a: Talonflame\n|-enditem|p2a: Talonflame|Focus Sash\n|-damage|p2a: Talonflame|1/100\n|-damage|p2b: Floette|62/100\n|move|p1a: Incineroar|Flare Blitz|p2b: Floette\n|-damage|p2b: Floette|18/100\n|-status|p2b: Floette|brn\n|-damage|p1a: Incineroar|51/100|[from] Recoil\n|\n|-weather|Snowscape|[upkeep]\n|-heal|p1b: Primarina|84/100|[from] item: Leftovers\n|-damage|p2b: Floette|12/100 brn|[from] brn\n|upkeep\n|turn|6\n|\n|t:|1776233383\n|move|p2a: Talonflame|Dual Wingbeat|p1a: Incineroar\n|-damage|p1a: Incineroar|42/100\n|-enditem|p1a: Incineroar|Sitrus Berry|[eat]\n|-heal|p1a: Incineroar|67/100|[from] item: Sitrus Berry\n|-crit|p1a: Incineroar\n|-damage|p1a: Incineroar|49/100\n|-hitcount|p1a: Incineroar|2\n|move|p2b: Floette|Moonblast|p1a: Incineroar\n|-damage|p1a: Incineroar|10/100\n|move|p1b: Primarina|Hyper Voice|p2b: Floette|[spread] p2a,p2b\n|-supereffective|p2a: Talonflame|1\n|-damage|p2a: Talonflame|0 fnt\n|-damage|p2b: Floette|0 fnt\n|faint|p2a: Talonflame\n|faint|p2b: Floette\n|move|p1a: Incineroar|Parting Shot|p2: Talonflame|[notarget]\n|-fail|p1a: Incineroar\n|\n|-weather|Snowscape|[upkeep]\n|-heal|p1b: Primarina|90/100|[from] item: Leftovers\n|upkeep\n|\n|t:|1776233395\n|switch|p2a: Sylveon|Sylveon, L50, F|100/100\n|switch|p2b: Basculegion|Basculegion, L50, M|100/100\n|turn|7\n|\n|t:|1776233417\n|move|p2b: Basculegion|Last Respects|p1b: Primarina\n|-damage|p1b: Primarina|39/100\n|move|p2a: Sylveon|Hyper Voice|p1b: Primarina|[spread] p1a,p1b\n|-damage|p1a: Incineroar|0 fnt\n|-damage|p1b: Primarina|28/100\n|faint|p1a: Incineroar\n|move|p1b: Primarina|Moonblast|p2b: Basculegion\n|-damage|p2b: Basculegion|0 fnt\n|faint|p2b: Basculegion\n|\n|-weather|none\n|-heal|p1b: Primarina|34/100|[from] item: Leftovers\n|-sideend|p1: VicsGC|move: Aurora Veil\n|upkeep\n|turn|8\n|\n|t:|1776233432\n|move|p1b: Primarina|Protect|p1b: Primarina\n|-singleturn|p1b: Primarina|Protect\n|move|p2a: Sylveon|Yawn|p1b: Primarina\n|-activate|p1b: Primarina|move: Protect\n|\n|-heal|p1b: Primarina|40/100|[from] item: Leftovers\n|upkeep\n|turn|9\n|inactive|Battle timer is ON: inactive players will automatically lose when time's up. (requested by massan2580)\n|\n|t:|1776233445\n|move|p2a: Sylveon|Yawn|p1b: Primarina\n|-start|p1b: Primarina|move: Yawn|[of] p2a: Sylveon\n|move|p1b: Primarina|Moonblast|p2a: Sylveon\n|-damage|p2a: Sylveon|27/100\n|\n|-heal|p1b: Primarina|46/100|[from] item: Leftovers\n|upkeep\n|turn|10\n|\n|t:|1776233458\n|move|p2a: Sylveon|Protect|p2a: Sylveon\n|-singleturn|p2a: Sylveon|Protect\n|move|p1b: Primarina|Calm Mind|p1b: Primarina\n|-boost|p1b: Primarina|spa|1\n|-boost|p1b: Primarina|spd|1\n|\n|-heal|p1b: Primarina|52/100|[from] item: Leftovers\n|-end|p1b: Primarina|move: Yawn|[silent]\n|-status|p1b: Primarina|slp\n|upkeep\n|turn|11\n|\n|t:|1776233469\n|move|p2a: Sylveon|Hyper Voice|p1b: Primarina\n|-damage|p1b: Primarina|31/100 slp\n|cant|p1b: Primarina|slp\n|\n|-heal|p1b: Primarina|37/100 slp|[from] item: Leftovers\n|upkeep\n|turn|12\n|\n|t:|1776233479\n|move|p2a: Sylveon|Hyper Voice|p1b: Primarina\n|-damage|p1b: Primarina|19/100 slp\n|cant|p1b: Primarina|slp\n|\n|-heal|p1b: Primarina|25/100 slp|[from] item: Leftovers\n|upkeep\n|turn|13\n|\n|t:|1776233494\n|move|p2a: Sylveon|Hyper Voice|p1b: Primarina\n|-damage|p1b: Primarina|5/100 slp\n|-curestatus|p1b: Primarina|slp|[msg]\n|move|p1b: Primarina|Moonblast|p2a: Sylveon\n|-damage|p2a: Sylveon|0 fnt\n|faint|p2a: Sylveon\n|\n|win|VicsGC\n|raw|VicsGC's rating: 1484 &rarr; <strong>1507</strong><br />(+23 for winning)\n|raw|massan2580's rating: 1544 &rarr; <strong>1521</strong><br />(-23 for losing)\n|j| Duelyst II\n|l|\u2606massan2580\n|player|p2|\n",
  "uploadtime": 1776233503,
  "views": 64,
  "formatid": "gen9championsvgc2026regma",
  "rating": 1507,
  "private": 0,
  "password": null
}