{
  "id": "gen9championsvgc2026regma-2583401961",
  "format": "[Gen 9 Champions] VGC 2026 Reg M-A",
  "players": [
    "Barber1",
    "rohitking"
  ],
  "log": "|j|\u2606Barber1\n|j|\u2606rohitking\n|t:|1776173202\n|gametype|doubles\n|player|p1|Barber1|cynthia-gen4|1216\n|player|p2|rohitking|hilbert-wonderlauncher|1162\n|gen|9\n|tier|[Gen 9 Champions] VGC 2026 Reg M-A\n|rated|\n|rule|Species Clause: Limit one of each Pok\u00e9mon\n|rule|Item Clause: Limit 1 of each item\n|clearpoke\n|poke|p1|Floette-Eternal, L50, F|\n|poke|p1|Sneasler, L50, M|\n|poke|p1|Aerodactyl, L50, M|\n|poke|p1|Delphox, L50, M|\n|poke|p1|Kingambit, L50, F|\n|poke|p1|Garchomp, L50, F|\n|poke|p2|Incineroar, L50, F|\n|poke|p2|Whimsicott, L50, F|\n|poke|p2|Dragonite, L50, M|\n|poke|p2|Floette-Eternal, L50, F|\n|poke|p2|Sinistcha, L50|\n|poke|p2|Charizard, L50, F|\n|teampreview|4\n|inactive|Battle timer is ON: inactive players will automatically lose when time's up. (requested by Barber1)\n|inactive|rohitking also wants the timer to be on.\n|inactive|Barber1 has 60 seconds left.\n|inactive|rohitking has 60 seconds left.\n|\n|t:|1776173247\n|teamsize|p1|4\n|teamsize|p2|4\n|start\n|switch|p1a: Floette|Floette-Eternal, L50, F|100/100\n|switch|p1b: Aerodactyl|Aerodactyl, L50, M|100/100\n|switch|p2a: Dragonite|Dragonite, L50, M|100/100\n|switch|p2b: Whimsicott|Whimsicott, L50, F|100/100\n|turn|1\n|\n|t:|1776173271\n|detailschange|p1a: Floette|Floette-Mega, L50, F\n|-mega|p1a: Floette|Floette|Floettite\n|-ability|p1a: Floette|Fairy Aura\n|move|p2b: Whimsicott|Tailwind|p2b: Whimsicott\n|-sidestart|p2: rohitking|move: Tailwind\n|move|p2a: Dragonite|Dragon Claw|p1b: Aerodactyl\n|-damage|p1b: Aerodactyl|31/100\n|move|p1b: Aerodactyl|Dual Wingbeat|p2b: Whimsicott\n|-supereffective|p2b: Whimsicott|1\n|-damage|p2b: Whimsicott|39/100\n|-supereffective|p2b: Whimsicott|1\n|-damage|p2b: Whimsicott|0 fnt\n|faint|p2b: Whimsicott\n|-hitcount|p2: Whimsicott|2\n|move|p1a: Floette|Dazzling Gleam|p2a: Dragonite\n|-supereffective|p2a: Dragonite|1\n|-damage|p2a: Dragonite|0 fnt\n|faint|p2a: Dragonite\n|\n|upkeep\n|\n|t:|1776173291\n|switch|p2b: Incineroar|Incineroar, L50, F|100/100\n|switch|p2a: Floette|Floette-Eternal, L50, F|100/100\n|-ability|p2b: Incineroar|Intimidate|boost\n|-unboost|p1a: Floette|atk|1\n|-unboost|p1b: Aerodactyl|atk|1\n|turn|2\n|\n|t:|1776173305\n|detailschange|p2a: Floette|Floette-Mega, L50, F\n|-mega|p2a: Floette|Floette|Floettite\n|-ability|p2a: Floette|Fairy Aura\n|move|p1b: Aerodactyl|Protect|p1b: Aerodactyl\n|-singleturn|p1b: Aerodactyl|Protect\n|move|p1a: Floette|Protect|p1a: Floette\n|-singleturn|p1a: Floette|Protect\n|move|p2b: Incineroar|Fake Out|p1a: Floette\n|-activate|p1a: Floette|move: Protect\n|move|p2a: Floette|Dazzling Gleam|p1b: Aerodactyl|[spread] \n|-activate|p1a: Floette|move: Protect\n|-activate|p1b: Aerodactyl|move: Protect\n|\n|upkeep\n|turn|3\n|\n|t:|1776173327\n|switch|p1b: Sneasler|Sneasler, L50, M|100/100\n|move|p2a: Floette|Dazzling Gleam|p1a: Floette|[spread] p1a,p1b\n|-damage|p1a: Floette|60/100\n|-damage|p1b: Sneasler|33/100\n|move|p2b: Incineroar|Flare Blitz|p1a: Floette\n|-damage|p1a: Floette|11/100\n|-damage|p2b: Incineroar|85/100|[from] Recoil\n|move|p1a: Floette|Dazzling Gleam|p2b: Incineroar|[spread] p2a,p2b\n|-damage|p2a: Floette|56/100\n|-damage|p2b: Incineroar|39/100\n|\n|upkeep\n|turn|4\n|\n|t:|1776173348\n|move|p2a: Floette|Protect|p2a: Floette\n|-singleturn|p2a: Floette|Protect\n|move|p1b: Sneasler|Protect|p1b: Sneasler\n|-singleturn|p1b: Sneasler|Protect\n|move|p1a: Floette|Protect|p1a: Floette\n|-singleturn|p1a: Floette|Protect\n|move|p2b: Incineroar|Flare Blitz|p1b: Sneasler\n|-activate|p1b: Sneasler|move: Protect\n|\n|-sideend|p2: rohitking|move: Tailwind\n|upkeep\n|turn|5\n|\n|t:|1776173361\n|move|p1b: Sneasler|Dire Claw|p2a: Floette\n|-supereffective|p2a: Floette|1\n|-damage|p2a: Floette|0 fnt\n|faint|p2a: Floette\n|move|p1a: Floette|Moonblast|p2b: Incineroar\n|-damage|p2b: Incineroar|0 fnt\n|faint|p2b: Incineroar\n|\n|win|Barber1\n|raw|Barber1's rating: 1216 &rarr; <strong>1237</strong><br />(+21 for winning)\n|raw|rohitking's rating: 1162 &rarr; <strong>1141</strong><br />(-21 for losing)\n|l|\u2606rohitking\n|player|p2|\n",
  "uploadtime": 1776173376,
  "views": 19,
  "formatid": "gen9championsvgc2026regma",
  "rating": 1141,
  "private": 0,
  "password": null
}