{
  "id": "gen9championsvgc2026regma-2582179088",
  "format": "[Gen 9 Champions] VGC 2026 Reg M-A",
  "players": [
    "iacidicowl",
    "ye979166426"
  ],
  "log": "|j|\u2606iacidicowl\n|j|\u203dye979166426\n|t:|1776067998\n|gametype|doubles\n|player|p1|iacidicowl|dahlia|1413\n|player|p2|ye979166426|265|1364\n|gen|9\n|tier|[Gen 9 Champions] VGC 2026 Reg M-A\n|rated|\n|rule|Species Clause: Limit one of each Pok\u00e9mon\n|rule|Item Clause: Limit 1 of each item\n|clearpoke\n|poke|p1|Garchomp, L50, M|\n|poke|p1|Orthworm, L50, M|\n|poke|p1|Basculegion, L50, M|\n|poke|p1|Floette-Eternal, L50, F|\n|poke|p1|Sneasler, L50, M|\n|poke|p1|Farigiraf, L50, M|\n|poke|p2|Excadrill, L50, F|\n|poke|p2|Tyranitar, L50, F|\n|poke|p2|Corviknight, L50, M|\n|poke|p2|Rotom-Wash, L50|\n|poke|p2|Primarina, L50, M|\n|poke|p2|Sneasler, L50, M|\n|teampreview|4\n|j| CARtu348rjf90\n|\n|t:|1776068046\n|teamsize|p1|4\n|teamsize|p2|4\n|start\n|switch|p1a: Garchomp|Garchomp, L50, M|100/100\n|switch|p1b: Orthworm|Orthworm, L50, M|100/100\n|switch|p2a: Primarina|Primarina, L50, M, shiny|100/100\n|switch|p2b: Corviknight|Corviknight, L50, M, shiny|100/100\n|turn|1\n|\n|t:|1776068072\n|move|p1a: Garchomp|Earthquake|p2a: Primarina|[spread] p2a\n|-immune|p1b: Orthworm|[from] ability: Earth Eater\n|-immune|p2b: Corviknight\n|-damage|p2a: Primarina|54/100\n|move|p2b: Corviknight|Tailwind|p2b: Corviknight\n|-sidestart|p2: ye979166426|move: Tailwind\n|move|p2a: Primarina|Hyper Voice|p1b: Orthworm|[spread] p1a,p1b\n|-damage|p1a: Garchomp|59/100\n|-damage|p1b: Orthworm|56/100\n|move|p1b: Orthworm|Shed Tail|p1b: Orthworm\n|-start|p1b: Orthworm|Substitute|[from] move: Shed Tail\n|-damage|p1b: Orthworm|6/100\n|-enditem|p1b: Orthworm|Sitrus Berry|[eat]\n|-heal|p1b: Orthworm|30/100|[from] item: Sitrus Berry\n|\n|t:|1776068108\n|switch|p1b: Sneasler|Sneasler, L50, M|100/100|[from] Shed Tail\n|\n|upkeep\n|turn|2\n|j| toririn8000\n|\n|t:|1776068145\n|switch|p1a: Orthworm|Orthworm, L50, M|30/100\n|move|p2a: Primarina|Protect|p2a: Primarina\n|-singleturn|p2a: Primarina|Protect\n|move|p2b: Corviknight|Brave Bird|p1b: Sneasler\n|-supereffective|p1b: Sneasler|1\n|-end|p1b: Sneasler|Substitute\n|-damage|p2b: Corviknight|93/100|[from] Recoil|[of] p1b: Sneasler\n|move|p1b: Sneasler|Close Combat|p2b: Corviknight\n|-damage|p2b: Corviknight|52/100\n|-unboost|p1b: Sneasler|def|1\n|-unboost|p1b: Sneasler|spd|1\n|-enditem|p1b: Sneasler|White Herb\n|-clearnegativeboost|p1b: Sneasler|[silent]\n|\n|-heal|p2b: Corviknight|58/100|[from] item: Leftovers\n|upkeep\n|turn|3\n|\n|t:|1776068164\n|switch|p2a: Tyranitar|Tyranitar, L50, F, shiny|100/100\n|-weather|Sandstorm|[from] ability: Sand Stream|[of] p2a: Tyranitar\n|move|p1b: Sneasler|Dire Claw|p2a: Tyranitar\n|-resisted|p2a: Tyranitar|1\n|-damage|p2a: Tyranitar|83/100\n|move|p2b: Corviknight|Brave Bird|p1b: Sneasler\n|-supereffective|p1b: Sneasler|1\n|-crit|p1b: Sneasler\n|-damage|p1b: Sneasler|0 fnt\n|faint|p1b: Sneasler\n|-damage|p2b: Corviknight|33/100|[from] Recoil\n|move|p1a: Orthworm|Iron Defense|p1a: Orthworm\n|-boost|p1a: Orthworm|def|2\n|\n|-weather|Sandstorm|[upkeep]\n|-heal|p2b: Corviknight|39/100|[from] item: Leftovers\n|upkeep\n|\n|t:|1776068183\n|switch|p1b: Garchomp|Garchomp, L50, M|59/100\n|turn|4\n|\n|t:|1776068204\n|detailschange|p2a: Tyranitar|Tyranitar-Mega, L50, F, shiny\n|-mega|p2a: Tyranitar|Tyranitar|Tyranitarite\n|move|p1b: Garchomp|Protect|p1b: Garchomp\n|-singleturn|p1b: Garchomp|Protect\n|move|p2b: Corviknight|Body Press|p1a: Orthworm\n|-supereffective|p1a: Orthworm|1\n|-damage|p1a: Orthworm|12/100\n|move|p2a: Tyranitar|Assurance|p1a: Orthworm\n|-damage|p1a: Orthworm|0 fnt\n|faint|p1a: Orthworm\n|\n|-weather|Sandstorm|[upkeep]\n|-heal|p2b: Corviknight|44/100|[from] item: Leftovers\n|-sideend|p2: ye979166426|move: Tailwind\n|upkeep\n|\n|t:|1776068214\n|switch|p1a: Floette|Floette-Eternal, L50, F|100/100\n|turn|5\n|\n|t:|1776068239\n|detailschange|p1a: Floette|Floette-Mega, L50, F\n|-mega|p1a: Floette|Floette|Floettite\n|-ability|p1a: Floette|Fairy Aura\n|move|p1a: Floette|Moonblast|p2b: Corviknight\n|-resisted|p2b: Corviknight|1\n|-damage|p2b: Corviknight|6/100\n|-ability|p2b: Corviknight|Mirror Armor\n|-unboost|p1a: Floette|spa|1\n|move|p1b: Garchomp|Rock Slide|p2a: Tyranitar|[spread] p2a,p2b\n|-damage|p2a: Tyranitar|71/100\n|-damage|p2b: Corviknight|0 fnt\n|faint|p2b: Corviknight\n|cant|p2a: Tyranitar|flinch\n|\n|-weather|Sandstorm|[upkeep]\n|-damage|p1a: Floette|95/100|[from] Sandstorm\n|upkeep\n|\n|t:|1776068256\n|switch|p2b: Primarina|Primarina, L50, M, shiny|54/100\n|turn|6\n|\n|t:|1776068268\n|move|p2b: Primarina|Protect|p2b: Primarina\n|-singleturn|p2b: Primarina|Protect\n|move|p1a: Floette|Dazzling Gleam|p2a: Tyranitar|[spread] p2a\n|-activate|p2b: Primarina|move: Protect\n|-supereffective|p2a: Tyranitar|1\n|-damage|p2a: Tyranitar|39/100\n|move|p1b: Garchomp|Earthquake|p2b: Primarina|[spread] p1a,p2a\n|-activate|p2b: Primarina|move: Protect\n|-supereffective|p2a: Tyranitar|1\n|-damage|p1a: Floette|41/100\n|-damage|p2a: Tyranitar|0 fnt\n|faint|p2a: Tyranitar\n|\n|-weather|Sandstorm|[upkeep]\n|-damage|p1a: Floette|35/100|[from] Sandstorm\n|-damage|p2b: Primarina|48/100|[from] Sandstorm\n|upkeep\n|\n|t:|1776068281\n|switch|p2a: Excadrill|Excadrill, L50, F, shiny|100/100\n|turn|7\n|\n|t:|1776068300\n|move|p2a: Excadrill|Protect|p2a: Excadrill\n|-singleturn|p2a: Excadrill|Protect\n|move|p1b: Garchomp|Protect|p1b: Garchomp\n|-singleturn|p1b: Garchomp|Protect\n|move|p1a: Floette|Protect|p1a: Floette\n|-singleturn|p1a: Floette|Protect\n|move|p2b: Primarina|Moonblast|p1b: Garchomp\n|-activate|p1b: Garchomp|move: Protect\n|\n|-weather|none\n|upkeep\n|turn|8\n|\n|t:|1776068326\n|move|p2b: Primarina|Aqua Jet|p1b: Garchomp\n|-damage|p1b: Garchomp|49/100\n|-damage|p2b: Primarina|36/100|[from] ability: Rough Skin|[of] p1b: Garchomp\n|move|p1a: Floette|Dazzling Gleam|p2a: Excadrill|[spread] p2a,p2b\n|-resisted|p2a: Excadrill|1\n|-damage|p2a: Excadrill|81/100\n|-damage|p2b: Primarina|8/100\n|move|p1b: Garchomp|Earthquake|p2a: Excadrill|[spread] p1a,p2a,p2b\n|-supereffective|p2a: Excadrill|1\n|-damage|p1a: Floette|0 fnt\n|-damage|p2a: Excadrill|0 fnt\n|-damage|p2b: Primarina|0 fnt\n|faint|p1a: Floette\n|faint|p2a: Excadrill\n|faint|p2b: Primarina\n|\n|win|iacidicowl\n|raw|iacidicowl's rating: 1413 &rarr; <strong>1430</strong><br />(+17 for winning)\n|raw|ye979166426's rating: 1364 &rarr; <strong>1347</strong><br />(-17 for losing)\n|l|\u203dye979166426\n|player|p2|\n|l|\u2606iacidicowl\n|player|p1|\n|l| toririn8000\n",
  "uploadtime": 1776068399,
  "views": 32,
  "formatid": "gen9championsvgc2026regma",
  "rating": 1347,
  "private": 0,
  "password": null
}