{
  "id": "gen9championsvgc2026regma-2582892736",
  "format": "[Gen 9 Champions] VGC 2026 Reg M-A",
  "players": [
    "Morrocan AXL BLAZE",
    "sethwell"
  ],
  "log": "|j|\u2606Morrocan AXL BLAZE\n|j|\u2606sethwell\n|t:|1776122637\n|gametype|doubles\n|player|p1|Morrocan AXL BLAZE|nate|1117\n|player|p2|sethwell|blue|1203\n|gen|9\n|tier|[Gen 9 Champions] VGC 2026 Reg M-A\n|rated|\n|rule|Species Clause: Limit one of each Pok\u00e9mon\n|rule|Item Clause: Limit 1 of each item\n|clearpoke\n|poke|p1|Tyranitar, L50, F|\n|poke|p1|Excadrill, L50, F|\n|poke|p1|Corviknight, L50, M|\n|poke|p1|Gyarados, L50, F|\n|poke|p1|Rotom-Heat, L50|\n|poke|p1|Sinistcha, L50|\n|poke|p2|Blastoise, L50, M|\n|poke|p2|Orthworm, L50, M|\n|poke|p2|Pelipper, L50, M|\n|poke|p2|Garchomp, L50, F|\n|poke|p2|Sinistcha, L50|\n|poke|p2|Sneasler, L50, F|\n|teampreview|4\n|inactive|Battle timer is ON: inactive players will automatically lose when time's up. (requested by sethwell)\nMorrocan AXL BLAZE has agreed to open team sheets.\n|\n|t:|1776122662\n|teamsize|p1|4\n|teamsize|p2|4\n|start\n|switch|p1a: Rotom|Rotom-Heat, L50, shiny|100/100\n|switch|p1b: Corviknight|Corviknight, L50, M|100/100\n|switch|p2a: Orthworm|Orthworm, L50, M|100/100\n|switch|p2b: Sneasler|Sneasler, L50, F|100/100\n|turn|1\n|\n|t:|1776122669\n|move|p2b: Sneasler|Fake Out|p1a: Rotom\n|-damage|p1a: Rotom|82/100\n|cant|p1a: Rotom|flinch\n|move|p1b: Corviknight|Tailwind|p1b: Corviknight\n|-sidestart|p1: Morrocan AXL BLAZE|move: Tailwind\n|move|p2a: Orthworm|Shed Tail|p2a: Orthworm\n|-start|p2a: Orthworm|Substitute|[from] move: Shed Tail\n|-damage|p2a: Orthworm|50/100\n|-enditem|p2a: Orthworm|Sitrus Berry|[eat]\n|-heal|p2a: Orthworm|75/100|[from] item: Sitrus Berry\n|\n|t:|1776122677\n|switch|p2a: Blastoise|Blastoise, L50, M|100/100|[from] Shed Tail\n|\n|upkeep\n|turn|2\n|\n|t:|1776122686\n|detailschange|p2a: Blastoise|Blastoise-Mega, L50, M\n|-mega|p2a: Blastoise|Blastoise|Blastoisinite\n|move|p1a: Rotom|Volt Switch|p2a: Blastoise\n|-supereffective|p2a: Blastoise|1\n|-end|p2a: Blastoise|Substitute\n|\n|t:|1776122696\n|switch|p1a: Tyranitar|Tyranitar, L50, F, shiny|100/100|[from] Volt Switch\n|-weather|Sandstorm|[from] ability: Sand Stream|[of] p1a: Tyranitar\n|move|p1b: Corviknight|Brave Bird|p2a: Blastoise\n|-damage|p2a: Blastoise|54/100\n|-damage|p1b: Corviknight|87/100|[from] Recoil\n|move|p2b: Sneasler|Rock Slide|p1b: Corviknight|[spread] p1a,p1b\n|-damage|p1a: Tyranitar|83/100\n|-damage|p1b: Corviknight|68/100\n|move|p2a: Blastoise|Shell Smash|p2a: Blastoise\n|-unboost|p2a: Blastoise|def|1\n|-unboost|p2a: Blastoise|spd|1\n|-boost|p2a: Blastoise|atk|2\n|-boost|p2a: Blastoise|spa|2\n|-boost|p2a: Blastoise|spe|2\n|\n|-weather|Sandstorm|[upkeep]\n|-damage|p2a: Blastoise|48/100|[from] Sandstorm\n|-damage|p2b: Sneasler|95/100|[from] Sandstorm\n|-heal|p1b: Corviknight|74/100|[from] item: Leftovers\n|upkeep\n|turn|3\n|inactive|Morrocan AXL BLAZE has 30 seconds left.\n|inactive|sethwell has 30 seconds left.\n|inactive|sethwell has 20 seconds left.\n|inactive|sethwell has 15 seconds left.\n|\n|t:|1776122738\n|detailschange|p1a: Tyranitar|Tyranitar-Mega, L50, F, shiny\n|-mega|p1a: Tyranitar|Tyranitar|Tyranitarite\n|move|p2a: Blastoise|Water Pulse|p1b: Corviknight\n|-damage|p1b: Corviknight|0 fnt\n|faint|p1b: Corviknight\n|move|p1a: Tyranitar|Rock Slide|p2a: Blastoise|[spread] p2a,p2b\n|-resisted|p2b: Sneasler|1\n|-crit|p2b: Sneasler\n|-damage|p2a: Blastoise|0 fnt\n|-damage|p2b: Sneasler|42/100\n|faint|p2a: Blastoise\n|cant|p2b: Sneasler|flinch\n|\n|-weather|Sandstorm|[upkeep]\n|-damage|p2b: Sneasler|37/100|[from] Sandstorm\n|upkeep\n|\n|t:|1776122754\n|switch|p2a: Orthworm|Orthworm, L50, M|75/100\n|switch|p1b: Rotom|Rotom-Heat, L50, shiny|82/100\n|turn|4\n|\n|t:|1776122765\n|switch|p2b: Pelipper|Pelipper, L50, M|100/100\n|-weather|RainDance|[from] ability: Drizzle|[of] p2b: Pelipper\n|move|p1b: Rotom|Volt Switch|p2b: Pelipper\n|-supereffective|p2b: Pelipper|2\n|-enditem|p2b: Pelipper|Focus Sash\n|-damage|p2b: Pelipper|1/100\n|\n|t:|1776122770\n|switch|p1b: Excadrill|Excadrill, L50, F|100/100|[from] Volt Switch\n|move|p1a: Tyranitar|Low Kick|p2a: Orthworm\n|-supereffective|p2a: Orthworm|1\n|-damage|p2a: Orthworm|0 fnt\n|faint|p2a: Orthworm\n|\n|-weather|RainDance|[upkeep]\n|-sideend|p1: Morrocan AXL BLAZE|move: Tailwind\n|upkeep\n|\n|t:|1776122778\n|switch|p2a: Sneasler|Sneasler, L50, F|37/100\n|turn|5\n|\n|t:|1776122800\n|switch|p1a: Rotom|Rotom-Heat, L50, shiny|82/100\n|move|p2a: Sneasler|Fake Out|p1b: Excadrill\n|-resisted|p1b: Excadrill|1\n|-damage|p1b: Excadrill|89/100\n|cant|p1b: Excadrill|flinch\n|move|p2b: Pelipper|Weather Ball|p1a: Rotom\n|-supereffective|p1a: Rotom|1\n|-damage|p1a: Rotom|0 fnt\n|faint|p1a: Rotom\n|\n|-weather|RainDance|[upkeep]\n|upkeep\n|\n|t:|1776122804\n|switch|p1a: Tyranitar|Tyranitar-Mega, L50, F, shiny|83/100\n|-weather|Sandstorm|[from] ability: Sand Stream|[of] p1a: Tyranitar\n|turn|6\n|\n|t:|1776122814\n|move|p1b: Excadrill|Protect|p1b: Excadrill\n|-singleturn|p1b: Excadrill|Protect\n|move|p1a: Tyranitar|Protect|p1a: Tyranitar\n|-singleturn|p1a: Tyranitar|Protect\n|move|p2a: Sneasler|Close Combat|p1b: Excadrill\n|-activate|p1b: Excadrill|move: Protect\n|move|p2b: Pelipper|Tailwind|p2b: Pelipper\n|-sidestart|p2: sethwell|move: Tailwind\n|\n|-weather|Sandstorm|[upkeep]\n|-damage|p2a: Sneasler|31/100|[from] Sandstorm\n|-damage|p2b: Pelipper|0 fnt|[from] Sandstorm\n|faint|p2b: Pelipper\n|upkeep\n|turn|7\n|\n|t:|1776122826\n|move|p2a: Sneasler|Close Combat|p1b: Excadrill\n|-supereffective|p1b: Excadrill|1\n|-damage|p1b: Excadrill|0 fnt\n|-unboost|p2a: Sneasler|def|1\n|-unboost|p2a: Sneasler|spd|1\n|faint|p1b: Excadrill\n|-enditem|p2a: Sneasler|White Herb\n|-clearnegativeboost|p2a: Sneasler|[silent]\n|move|p1a: Tyranitar|Crunch|p2a: Sneasler\n|-resisted|p2a: Sneasler|1\n|-damage|p2a: Sneasler|0 fnt\n|faint|p2a: Sneasler\n|\n|win|Morrocan AXL BLAZE\n|raw|Morrocan AXL BLAZE's rating: 1117 &rarr; <strong>1148</strong><br />(+31 for winning)\n|raw|sethwell's rating: 1203 &rarr; <strong>1172</strong><br />(-31 for losing)\n",
  "uploadtime": 1776122826,
  "views": 16,
  "formatid": "gen9championsvgc2026regma",
  "rating": 1148,
  "private": 0,
  "password": null
}