{
  "id": "gen9championsvgc2026regma-2581252838",
  "format": "[Gen 9 Champions] VGC 2026 Reg M-A",
  "players": [
    "fati394826",
    "KeoneSpirit"
  ],
  "log": "|j|\u2606fati394826\n|j|\u2606KeoneSpirit\n|t:|1775976668\n|gametype|doubles\n|player|p1|fati394826|smasher|1134\n|player|p2|KeoneSpirit|1|1192\n|gen|9\n|tier|[Gen 9 Champions] VGC 2026 Reg M-A\n|rated|\n|rule|Species Clause: Limit one of each Pok\u00e9mon\n|rule|Item Clause: Limit 1 of each item\n|clearpoke\n|poke|p1|Gengar, L50, F|\n|poke|p1|Whimsicott, L50, M|\n|poke|p1|Archaludon, L50, F|\n|poke|p1|Politoed, L50, F|\n|poke|p1|Incineroar, L50, M|\n|poke|p1|Dragonite, L50, M|\n|poke|p2|Slowbro, L50, F|\n|poke|p2|Oranguru, L50, F|\n|poke|p2|Torkoal, L50, M|\n|poke|p2|Sinistcha-Masterpiece, L50|\n|poke|p2|Venusaur, L50, M|\n|poke|p2|Golurk, L50|\n|teampreview|4\n|inactive|Battle timer is ON: inactive players will automatically lose when time's up. (requested by fati394826)\n|\n|t:|1775976704\n|teamsize|p1|4\n|teamsize|p2|4\n|start\n|switch|p1a: Gengar|Gengar, L50, F|100/100\n|switch|p1b: Whimsicott|Whimsicott, L50, M|100/100\n|switch|p2a: Slowbro|Slowbro, L50, F, shiny|100/100\n|switch|p2b: Oranguru|Oranguru, L50, F, shiny|100/100\n|turn|1\n|inactive|fati394826 has 30 seconds left.\n|\n|t:|1775976730\n|detailschange|p1a: Gengar|Gengar-Mega, L50, F\n|-mega|p1a: Gengar|Gengar|Gengarite\n|move|p1b: Whimsicott|Protect|p1b: Whimsicott\n|-singleturn|p1b: Whimsicott|Protect\n|move|p1a: Gengar|Protect|p1a: Gengar\n|-singleturn|p1a: Gengar|Protect\n|move|p2a: Slowbro|Calm Mind|p2a: Slowbro\n|-boost|p2a: Slowbro|spa|1\n|-boost|p2a: Slowbro|spd|1\n|move|p2b: Oranguru|Trick Room|p2b: Oranguru\n|-fieldstart|move: Trick Room|[of] p2b: Oranguru\n|\n|upkeep\n|turn|2\n|\n|t:|1775976747\n|move|p1b: Whimsicott|Encore|p2a: Slowbro\n|-start|p2a: Slowbro|Encore\n|move|p2a: Slowbro|Calm Mind|p2a: Slowbro\n|-boost|p2a: Slowbro|spa|1\n|-boost|p2a: Slowbro|spd|1\n|move|p2b: Oranguru|Instruct|p2a: Slowbro\n|-singleturn|p2a: Slowbro|move: Instruct|[of] p2b: Oranguru\n|move|p2a: Slowbro|Calm Mind|p2a: Slowbro\n|-boost|p2a: Slowbro|spa|1\n|-boost|p2a: Slowbro|spd|1\n|move|p1a: Gengar|Disable|p2a: Slowbro\n|-start|p2a: Slowbro|Disable|Calm Mind\n|\n|upkeep\n|turn|3\n|inactive|fati394826 has 30 seconds left.\n|\n|t:|1775976774\n|-activate|p2a: Slowbro|move: Struggle\n|move|p2a: Slowbro|Struggle|p1b: Whimsicott\n|-damage|p1b: Whimsicott|91/100\n|-damage|p2a: Slowbro|75/100|[from] recoil\n|move|p2b: Oranguru|Foul Play|p1a: Gengar\n|-supereffective|p1a: Gengar|1\n|-damage|p1a: Gengar|55/100\n|move|p1b: Whimsicott|Moonblast|p2a: Slowbro\n|-damage|p2a: Slowbro|62/100\n|move|p1a: Gengar|Nasty Plot|p1a: Gengar\n|-boost|p1a: Gengar|spa|2\n|\n|upkeep\n|turn|4\n|c|\u2606KeoneSpirit|oh\n|inactive|fati394826 has 30 seconds left.\n|\n|t:|1775976806\n|move|p1b: Whimsicott|Encore|p2b: Oranguru\n|-start|p2b: Oranguru|Encore\n|-enditem|p2b: Oranguru|Mental Herb\n|-end|p2b: Oranguru|Encore\n|-activate|p2a: Slowbro|move: Struggle\n|move|p2a: Slowbro|Struggle|p1b: Whimsicott\n|-damage|p1b: Whimsicott|80/100\n|-damage|p2a: Slowbro|37/100|[from] recoil\n|move|p2b: Oranguru|Foul Play|p1a: Gengar\n|-supereffective|p1a: Gengar|1\n|-damage|p1a: Gengar|14/100\n|move|p1a: Gengar|Disable|p2b: Oranguru\n|-start|p2b: Oranguru|Disable|Foul Play\n|\n|-end|p2a: Slowbro|Encore\n|upkeep\n|turn|5\n|inactive|KeoneSpirit has 30 seconds left.\n|\n|t:|1775976834\n|move|p1a: Gengar|Protect|p1a: Gengar\n|-singleturn|p1a: Gengar|Protect\n|move|p1b: Whimsicott|Tailwind|p1b: Whimsicott\n|-sidestart|p1: fati394826|move: Tailwind\n|move|p2a: Slowbro|Psychic|p1b: Whimsicott\n|-damage|p1b: Whimsicott|0 fnt\n|faint|p1b: Whimsicott\n|move|p2b: Oranguru|Instruct|p2a: Slowbro\n|-singleturn|p2a: Slowbro|move: Instruct|[of] p2b: Oranguru\n|move|p2a: Slowbro|Psychic|p1a: Gengar\n|-activate|p1a: Gengar|move: Protect\n|\n|-fieldend|move: Trick Room\n|upkeep\n|\n|t:|1775976846\n|switch|p1b: Politoed|Politoed, L50, F|100/100\n|-weather|RainDance|[from] ability: Drizzle|[of] p1b: Politoed\n|turn|6\n|\n|t:|1775976859\n|detailschange|p2a: Slowbro|Slowbro-Mega, L50, F, shiny\n|-mega|p2a: Slowbro|Slowbro|Slowbronite\n|move|p1a: Gengar|Shadow Ball|p2a: Slowbro\n|-supereffective|p2a: Slowbro|1\n|-damage|p2a: Slowbro|0 fnt\n|faint|p2a: Slowbro\n|move|p1b: Politoed|Focus Blast|p2b: Oranguru|[miss]\n|-miss|p1b: Politoed|p2b: Oranguru\n|move|p2b: Oranguru|Trick Room|p2b: Oranguru\n|-fieldstart|move: Trick Room|[of] p2b: Oranguru\n|\n|-weather|RainDance|[upkeep]\n|upkeep\n|\n|t:|1775976870\n|switch|p2a: Golurk|Golurk, L50, shiny|100/100\n|turn|7\n|\n|t:|1775976888\n|move|p1a: Gengar|Protect|p1a: Gengar\n|-singleturn|p1a: Gengar|Protect\n|move|p2a: Golurk|Headlong Rush|p1b: Politoed\n|-damage|p1b: Politoed|23/100\n|-unboost|p2a: Golurk|def|1\n|-unboost|p2a: Golurk|spd|1\n|move|p2b: Oranguru|Instruct|p2a: Golurk\n|-singleturn|p2a: Golurk|move: Instruct|[of] p2b: Oranguru\n|move|p2a: Golurk|Headlong Rush|p1b: Politoed\n|-crit|p1b: Politoed\n|-damage|p1b: Politoed|0 fnt\n|-unboost|p2a: Golurk|def|1\n|-unboost|p2a: Golurk|spd|1\n|faint|p1b: Politoed\n|\n|-weather|RainDance|[upkeep]\n|upkeep\n|\n|t:|1775976904\n|switch|p1b: Archaludon|Archaludon, L50, F|100/100\n|turn|8\n|\n|t:|1775976920\n|move|p1b: Archaludon|Protect|p1b: Archaludon\n|-singleturn|p1b: Archaludon|Protect\n|move|p2a: Golurk|Headlong Rush|p1a: Gengar\n|-supereffective|p1a: Gengar|1\n|-damage|p1a: Gengar|0 fnt\n|-unboost|p2a: Golurk|def|1\n|-unboost|p2a: Golurk|spd|1\n|faint|p1a: Gengar\n|move|p2b: Oranguru|Instruct|p2a: Golurk\n|-singleturn|p2a: Golurk|move: Instruct|[of] p2b: Oranguru\n|move|p2a: Golurk|Headlong Rush|p1b: Archaludon\n|-activate|p1b: Archaludon|move: Protect\n|\n|-weather|RainDance|[upkeep]\n|-end|p2b: Oranguru|Disable\n|-sideend|p1: fati394826|move: Tailwind\n|upkeep\n|turn|9\n|\n|t:|1775976948\n|move|p2a: Golurk|Headlong Rush|p1b: Archaludon\n|-supereffective|p1b: Archaludon|1\n|-damage|p1b: Archaludon|0 fnt\n|-unboost|p2a: Golurk|def|1\n|-unboost|p2a: Golurk|spd|1\n|faint|p1b: Archaludon\n|\n|win|KeoneSpirit\n|raw|fati394826's rating: 1134 &rarr; <strong>1113</strong><br />(-21 for losing)\n|raw|KeoneSpirit's rating: 1192 &rarr; <strong>1213</strong><br />(+21 for winning)\n|l|\u2606fati394826\n|player|p1|\n",
  "uploadtime": 1775976967,
  "views": 27,
  "formatid": "gen9championsvgc2026regma",
  "rating": 1113,
  "private": 0,
  "password": null
}