{
  "id": "gen9championsvgc2026regma-2587045169",
  "format": "[Gen 9 Champions] VGC 2026 Reg M-A",
  "players": [
    "Ningolland",
    "samusferatus"
  ],
  "log": "|j|\u2606Ningolland\n|j|\u2606samusferatus\n|t:|1776486180\n|gametype|doubles\n|player|p1|Ningolland|hooligans|1196\n|player|p2|samusferatus|102|1236\n|gen|9\n|tier|[Gen 9 Champions] VGC 2026 Reg M-A\n|rated|\n|rule|Species Clause: Limit one of each Pok\u00e9mon\n|rule|Item Clause: Limit 1 of each item\n|clearpoke\n|poke|p1|Charizard, L50, F|\n|poke|p1|Raichu, L50, M|\n|poke|p1|Corviknight, L50, M|\n|poke|p1|Tauros-Paldea-Aqua, L50, M|\n|poke|p1|Garchomp, L50, M|\n|poke|p1|Tyranitar, L50, M|\n|poke|p2|Charizard, L50, M, shiny|\n|poke|p2|Venusaur, L50, M, shiny|\n|poke|p2|Incineroar, L50, M, shiny|\n|poke|p2|Farigiraf, L50, F, shiny|\n|poke|p2|Sylveon, L50, F, shiny|\n|poke|p2|Hydreigon, L50, F, shiny|\n|teampreview|4\n|inactive|Battle timer is ON: inactive players will automatically lose when time's up. (requested by samusferatus)\n|inactive|Ningolland has 60 seconds left.\n|\n|t:|1776486224\n|teamsize|p1|4\n|teamsize|p2|4\n|start\n|switch|p1a: Raichu|Raichu, L50, M|100/100\n|switch|p1b: Corviknight|Corviknight, L50, M|100/100\n|switch|p2a: Incineroar|Incineroar, L50, M, shiny|100/100\n|switch|p2b: Farigiraf|Farigiraf, L50, F, shiny|100/100\n|-ability|p2a: Incineroar|Intimidate|boost\n|-unboost|p1a: Raichu|atk|1\n|-ability|p1b: Corviknight|Mirror Armor\n|-unboost|p2a: Incineroar|atk|1\n|turn|1\n|inactive|Ningolland has 30 seconds left.\n|\n|t:|1776486252\n|switch|p1a: Garchomp|Garchomp, L50, M|100/100\n|move|p2a: Incineroar|Fake Out|p1a: Garchomp\n|-damage|p1a: Garchomp|91/100\n|-damage|p2a: Incineroar|88/100|[from] ability: Rough Skin|[of] p1a: Garchomp\n|move|p1b: Corviknight|Iron Head|p2b: Farigiraf\n|-damage|p2b: Farigiraf|75/100\n|move|p2b: Farigiraf|Trick Room|p2b: Farigiraf\n|-fieldstart|move: Trick Room|[of] p2b: Farigiraf\n|\n|upkeep\n|turn|2\n|\n|t:|1776486276\n|move|p2b: Farigiraf|Psychic|p1b: Corviknight\n|-resisted|p1b: Corviknight|1\n|-damage|p1b: Corviknight|82/100\n|move|p2a: Incineroar|Flare Blitz|p1b: Corviknight\n|-supereffective|p1b: Corviknight|1\n|-damage|p1b: Corviknight|18/100\n|-status|p1b: Corviknight|brn\n|-damage|p2a: Incineroar|66/100|[from] Recoil\n|move|p1b: Corviknight|Brave Bird|p2a: Incineroar\n|-damage|p2a: Incineroar|48/100\n|-damage|p1b: Corviknight|12/100 brn|[from] Recoil\n|move|p1a: Garchomp|Earthquake|p2a: Incineroar|[spread] p2a,p2b\n|-immune|p1b: Corviknight\n|-supereffective|p2a: Incineroar|1\n|-damage|p2a: Incineroar|0 fnt\n|-damage|p2b: Farigiraf|32/100\n|-enditem|p2b: Farigiraf|Sitrus Berry|[eat]\n|-heal|p2b: Farigiraf|57/100|[from] item: Sitrus Berry\n|faint|p2a: Incineroar\n|\n|-heal|p1b: Corviknight|18/100 brn|[from] item: Leftovers\n|-damage|p1b: Corviknight|12/100 brn|[from] brn\n|upkeep\n|\n|t:|1776486296\n|switch|p2a: Charizard|Charizard, L50, M, shiny|100/100\n|turn|3\n|\n|t:|1776486316\n|switch|p1b: Tyranitar|Tyranitar, L50, M|100/100\n|-ability|p1b: Tyranitar|Unnerve\n|detailschange|p2a: Charizard|Charizard-Mega-Y, L50, M, shiny\n|-mega|p2a: Charizard|Charizard|Charizardite Y\n|-weather|SunnyDay|[from] ability: Drought|[of] p2a: Charizard\n|move|p2b: Farigiraf|Psychic|p1a: Garchomp\n|-damage|p1a: Garchomp|47/100\n|move|p2a: Charizard|Heat Wave|p1a: Garchomp|[spread] p1a,p1b\n|-resisted|p1a: Garchomp|1\n|-resisted|p1b: Tyranitar|1\n|-damage|p1a: Garchomp|7/100\n|-damage|p1b: Tyranitar|73/100\n|move|p1a: Garchomp|Rock Slide|p2a: Charizard|[spread] p2a,p2b\n|-supereffective|p2a: Charizard|2\n|-damage|p2a: Charizard|16/100\n|-damage|p2b: Farigiraf|38/100\n|\n|-weather|SunnyDay|[upkeep]\n|upkeep\n|turn|4\n|inactive|Ningolland has 30 seconds left.\n|inactive|samusferatus has 30 seconds left.\n|\n|t:|1776486344\n|switch|p1a: Corviknight|Corviknight, L50, M|12/100 brn\n|detailschange|p1b: Tyranitar|Tyranitar-Mega, L50, M\n|-mega|p1b: Tyranitar|Tyranitar|Tyranitarite\n|-weather|Sandstorm|[from] ability: Sand Stream|[of] p1b: Tyranitar\n|move|p2b: Farigiraf|Hyper Voice|p1a: Corviknight|[spread] p1a,p1b\n|-resisted|p1a: Corviknight|1\n|-crit|p1a: Corviknight\n|-resisted|p1b: Tyranitar|1\n|-damage|p1a: Corviknight|0 fnt\n|-damage|p1b: Tyranitar|66/100\n|faint|p1a: Corviknight\n|move|p1b: Tyranitar|Rock Slide|p2a: Charizard|[spread] p2a,p2b\n|-supereffective|p2a: Charizard|2\n|-damage|p2a: Charizard|0 fnt\n|-damage|p2b: Farigiraf|5/100\n|faint|p2a: Charizard\n|\n|-weather|Sandstorm|[upkeep]\n|-damage|p2b: Farigiraf|0 fnt|[from] Sandstorm\n|faint|p2b: Farigiraf\n|upkeep\n|inactive|Ningolland has 30 seconds left.\n|inactive|samusferatus has 30 seconds left.\n|inactive|samusferatus has 20 seconds left.\n|\n|t:|1776486379\n|switch|p2b: Venusaur|Venusaur, L50, M, shiny|100/100\n|switch|p1a: Raichu|Raichu, L50, M|100/100\n|turn|5\n|\n|t:|1776486387\n|move|p1a: Raichu|Fake Out|p2b: Venusaur\n|-damage|p2b: Venusaur|92/100\n|cant|p2b: Venusaur|flinch\n|move|p1b: Tyranitar|Ice Punch|p2b: Venusaur\n|-supereffective|p2b: Venusaur|1\n|-damage|p2b: Venusaur|18/100\n|\n|-weather|Sandstorm|[upkeep]\n|-damage|p2b: Venusaur|12/100|[from] Sandstorm\n|-damage|p1a: Raichu|95/100|[from] Sandstorm\n|-fieldend|move: Trick Room\n|upkeep\n|turn|6\n|-message|samusferatus forfeited.\n|\n|win|Ningolland\n|raw|Ningolland's rating: 1196 &rarr; <strong>1224</strong><br />(+28 for winning)\n|raw|samusferatus's rating: 1236 &rarr; <strong>1208</strong><br />(-28 for losing)\n|l|\u2606samusferatus\n|player|p2|\n|c|\u2606Ningolland|Ggs\n",
  "uploadtime": 1776486536,
  "views": 23,
  "formatid": "gen9championsvgc2026regma",
  "rating": 1208,
  "private": 0,
  "password": null
}