{
  "id": "gen9championsvgc2026regma-2585796510",
  "format": "[Gen 9 Champions] VGC 2026 Reg M-A",
  "players": [
    "Hellothisisatest",
    "aztec_azzy"
  ],
  "log": "|j|\u2606Hellothisisatest\n|j|\u2606aztec_azzy\n|t:|1776371277\n|gametype|doubles\n|player|p1|Hellothisisatest|lucas|1121\n|player|p2|aztec_azzy|n|1037\n|gen|9\n|tier|[Gen 9 Champions] VGC 2026 Reg M-A\n|rated|\n|rule|Species Clause: Limit one of each Pok\u00e9mon\n|rule|Item Clause: Limit 1 of each item\n|clearpoke\n|poke|p1|Meganium, L50, F|\n|poke|p1|Archaludon, L50, M|\n|poke|p1|Politoed, L50, F|\n|poke|p1|Aerodactyl, L50, M|\n|poke|p1|Tinkaton, L50, F|\n|poke|p1|Basculegion, L50, M|\n|poke|p2|Aggron, L50, F|\n|poke|p2|Meowstic, L50, M|\n|poke|p2|Dragapult, L50, F|\n|poke|p2|Aerodactyl, L50, F|\n|poke|p2|Goodra-Hisui, L50, F|\n|poke|p2|Skarmory, L50, F|\n|teampreview|4\n|inactive|Battle timer is ON: inactive players will automatically lose when time's up. (requested by Hellothisisatest)\n|\n|t:|1776371303\n|teamsize|p1|4\n|teamsize|p2|4\n|start\n|switch|p1a: LaGrenouille|Politoed, L50, F, shiny|100/100\n|switch|p1b: Stapler|Archaludon, L50, M|100/100\n|switch|p2a: Aggron|Aggron, L50, F, shiny|100/100\n|switch|p2b: Meowstic|Meowstic, L50, M, shiny|100/100\n|-weather|RainDance|[from] ability: Drizzle|[of] p1a: LaGrenouille\n|turn|1\n|\n|t:|1776371317\n|detailschange|p2a: Aggron|Aggron-Mega, L50, F, shiny\n|-mega|p2a: Aggron|Aggron|Aggronite\n|move|p2b: Meowstic|Trick|p1a: LaGrenouille\n|-activate|p2b: Meowstic|move: Trick|[of] p1a: LaGrenouille\n|-item|p1a: LaGrenouille|Choice Scarf|[from] move: Trick\n|-item|p2b: Meowstic|Leftovers|[from] move: Trick\n|move|p1a: LaGrenouille|Hydro Pump|p2a: Aggron\n|-damage|p2a: Aggron|51/100\n|move|p1b: Stapler|Electro Shot||[still]\n|-prepare|p1b: Stapler|Electro Shot\n|-boost|p1b: Stapler|spa|1\n|-anim|p1b: Stapler|Electro Shot|p2b: Meowstic\n|-damage|p2b: Meowstic|16/100\n|move|p2a: Aggron|Stealth Rock|p1a: LaGrenouille\n|-sidestart|p1: Hellothisisatest|move: Stealth Rock\n|\n|-weather|RainDance|[upkeep]\n|-heal|p2b: Meowstic|22/100|[from] item: Leftovers\n|upkeep\n|turn|2\n|inactive|Hellothisisatest has 30 seconds left.\n|\n|t:|1776371344\n|move|p2b: Meowstic|Psychic|p1a: LaGrenouille\n|-damage|p1a: LaGrenouille|78/100\n|move|p1a: LaGrenouille|Hydro Pump|p2a: Aggron\n|-damage|p2a: Aggron|0 fnt\n|faint|p2a: Aggron\n|move|p1b: Stapler|Electro Shot||[still]\n|-prepare|p1b: Stapler|Electro Shot\n|-boost|p1b: Stapler|spa|1\n|-anim|p1b: Stapler|Electro Shot|p2b: Meowstic\n|-crit|p2b: Meowstic\n|-damage|p2b: Meowstic|0 fnt\n|faint|p2b: Meowstic\n|\n|-weather|RainDance|[upkeep]\n|upkeep\n|\n|t:|1776371349\n|switch|p2b: Dragapult|Dragapult, L50, F, shiny|100/100\n|switch|p2a: Aerodactyl|Aerodactyl, L50, F, shiny|100/100\n|turn|3\n|\n|t:|1776371368\n|move|p2b: Dragapult|Thunder|p1a: LaGrenouille\n|-supereffective|p1a: LaGrenouille|1\n|-damage|p1a: LaGrenouille|19/100\n|-status|p1a: LaGrenouille|par\n|move|p2a: Aerodactyl|Fire Fang|p1b: Stapler\n|-damage|p1b: Stapler|94/100\n|move|p1b: Stapler|Electro Shot||[still]\n|-prepare|p1b: Stapler|Electro Shot\n|-boost|p1b: Stapler|spa|1\n|-anim|p1b: Stapler|Electro Shot|p2a: Aerodactyl\n|-supereffective|p2a: Aerodactyl|1\n|-damage|p2a: Aerodactyl|0 fnt\n|faint|p2a: Aerodactyl\n|move|p1a: LaGrenouille|Hydro Pump|p2b: Dragapult|[miss]\n|-miss|p1a: LaGrenouille|p2b: Dragapult\n|\n|-weather|RainDance|[upkeep]\n|upkeep\n|turn|4\n|\n|t:|1776371387\n|move|p2b: Dragapult|Thunder|p1a: LaGrenouille\n|-supereffective|p1a: LaGrenouille|1\n|-damage|p1a: LaGrenouille|0 fnt\n|faint|p1a: LaGrenouille\n|move|p1b: Stapler|Electro Shot||[still]\n|-prepare|p1b: Stapler|Electro Shot\n|-boost|p1b: Stapler|spa|1\n|-anim|p1b: Stapler|Electro Shot|p2b: Dragapult\n|-resisted|p2b: Dragapult|1\n|-damage|p2b: Dragapult|4/100\n|\n|-weather|RainDance|[upkeep]\n|upkeep\n|\n|t:|1776371402\n|switch|p1a: TheGoober|Meganium, L50, F, shiny|100/100\n|-damage|p1a: TheGoober|88/100|[from] Stealth Rock\n|turn|5\n|\n|t:|1776371406\n|detailschange|p1a: TheGoober|Meganium-Mega, L50, F, shiny\n|-mega|p1a: TheGoober|Meganium|Meganiumite\n|move|p2b: Dragapult|Flamethrower|p1a: TheGoober\n|-supereffective|p1a: TheGoober|1\n|-damage|p1a: TheGoober|65/100\n|move|p1b: Stapler|Electro Shot||[still]\n|-prepare|p1b: Stapler|Electro Shot\n|-boost|p1b: Stapler|spa|1\n|-anim|p1b: Stapler|Electro Shot|p2b: Dragapult\n|-resisted|p2b: Dragapult|1\n|-damage|p2b: Dragapult|0 fnt\n|faint|p2b: Dragapult\n|\n|win|Hellothisisatest\n|raw|Hellothisisatest's rating: 1121 &rarr; <strong>1140</strong><br />(+19 for winning)\n|raw|aztec_azzy's rating: 1037 &rarr; <strong>1025</strong><br />(-12 for losing)\n",
  "uploadtime": 1776371425,
  "views": 19,
  "formatid": "gen9championsvgc2026regma",
  "rating": 1025,
  "private": 0,
  "password": null
}