{
  "id": "gen9championsvgc2026regma-2587580709",
  "format": "[Gen 9 Champions] VGC 2026 Reg M-A",
  "players": [
    "HawaiiCookieCo",
    "joaogui2412"
  ],
  "log": "|j|\u2606HawaiiCookieCo\n|j|\u2606joaogui2412\n|t:|1776544098\n|gametype|doubles\n|player|p1|HawaiiCookieCo|swimmer-gen4dp|1174\n|player|p2|joaogui2412|policeman-gen4|1151\n|gen|9\n|tier|[Gen 9 Champions] VGC 2026 Reg M-A\n|rated|\n|rule|Species Clause: Limit one of each Pok\u00e9mon\n|rule|Item Clause: Limit 1 of each item\n|clearpoke\n|poke|p1|Delphox, L50, F|\n|poke|p1|Maushold, L50|\n|poke|p1|Tsareena, L50, F|\n|poke|p1|Basculegion, L50, M|\n|poke|p1|Dragonite, L50, F|\n|poke|p1|Tinkaton, L50, F|\n|poke|p2|Politoed, L50, F|\n|poke|p2|Basculegion, L50, M|\n|poke|p2|Whimsicott, L50, M|\n|poke|p2|Dragonite, L50, M|\n|poke|p2|Archaludon, L50, F|\n|poke|p2|Sneasler, L50, M|\n|teampreview|4\n|inactive|Battle timer is ON: inactive players will automatically lose when time's up. (requested by HawaiiCookieCo)\n|inactive|HawaiiCookieCo has 60 seconds left.\n|\n|t:|1776544148\n|teamsize|p1|4\n|teamsize|p2|4\n|start\n|switch|p1a: Delphox|Delphox, L50, F|100/100\n|switch|p1b: Basculegion|Basculegion, L50, M|100/100\n|switch|p2a: Basculegion|Basculegion, L50, M|100/100\n|switch|p2b: Politoed|Politoed, L50, F|100/100\n|-weather|RainDance|[from] ability: Drizzle|[of] p2b: Politoed\n|turn|1\n|\n|t:|1776544171\n|switch|p1a: Tsareena|Tsareena, L50, F|100/100\n|move|p2a: Basculegion|Aqua Jet||[still]\n|cant|p1a: Tsareena|ability: Queenly Majesty|Aqua Jet|[of] p2a: Basculegion\n|move|p1b: Basculegion|Wave Crash|p2b: Politoed\n|-resisted|p2b: Politoed|1\n|-damage|p2b: Politoed|39/100\n|-damage|p1b: Basculegion|80/100|[from] Recoil\n|move|p2b: Politoed|Weather Ball|p1a: Tsareena\n|-resisted|p1a: Tsareena|1\n|-damage|p1a: Tsareena|70/100\n|\n|-weather|RainDance|[upkeep]\n|-heal|p2b: Politoed|45/100|[from] item: Leftovers\n|upkeep\n|turn|2\n|\n|t:|1776544189\n|switch|p2b: Archaludon|Archaludon, L50, F|100/100\n|move|p2a: Basculegion|Protect|p2a: Basculegion\n|-singleturn|p2a: Basculegion|Protect\n|move|p1b: Basculegion|Wave Crash|p2a: Basculegion\n|-activate|p2a: Basculegion|move: Protect\n|move|p1a: Tsareena|Trop Kick|p2b: Archaludon\n|-resisted|p2b: Archaludon|2\n|-damage|p2b: Archaludon|93/100\n|-unboost|p2b: Archaludon|atk|1\n|-ability|p2b: Archaludon|Stamina|boost\n|-boost|p2b: Archaludon|def|1\n|\n|-weather|RainDance|[upkeep]\n|upkeep\n|turn|3\n|\n|t:|1776544211\n|switch|p2a: Dragonite|Dragonite, L50, M|100/100\n|switch|p1b: Maushold|Maushold, L50|100/100\n|move|p1a: Tsareena|Trop Kick|p2a: Dragonite\n|-resisted|p2a: Dragonite|2\n|-damage|p2a: Dragonite|95/100\n|-unboost|p2a: Dragonite|atk|1\n|move|p2b: Archaludon|Electro Shot||[still]\n|-prepare|p2b: Archaludon|Electro Shot\n|-boost|p2b: Archaludon|spa|1\n|-anim|p2b: Archaludon|Electro Shot|p1a: Tsareena\n|-resisted|p1a: Tsareena|1\n|-damage|p1a: Tsareena|42/100\n|\n|-weather|RainDance|[upkeep]\n|upkeep\n|turn|4\n|inactive|HawaiiCookieCo has 30 seconds left.\n|\n|t:|1776544237\n|detailschange|p2a: Dragonite|Dragonite-Mega, L50, M\n|-mega|p2a: Dragonite|Dragonite|Dragoninite\n|move|p2a: Dragonite|Protect|p2a: Dragonite\n|-singleturn|p2a: Dragonite|Protect\n|move|p1a: Tsareena|Protect|p1a: Tsareena\n|-singleturn|p1a: Tsareena|Protect\n|move|p1b: Maushold|Super Fang|p2b: Archaludon\n|-damage|p2b: Archaludon|47/100\n|-ability|p2b: Archaludon|Stamina|boost\n|-boost|p2b: Archaludon|def|1\n|move|p2b: Archaludon|Aura Sphere|p1b: Maushold\n|-supereffective|p1b: Maushold|1\n|-damage|p1b: Maushold|20/100\n|\n|-weather|RainDance|[upkeep]\n|upkeep\n|turn|5\n|inactive|joaogui2412 has 30 seconds left.\n|inactive|HawaiiCookieCo has 30 seconds left.\n|\n|t:|1776544270\n|switch|p2a: Basculegion|Basculegion, L50, M|100/100\n|move|p1b: Maushold|Super Fang|p2a: Basculegion\n|-immune|p2a: Basculegion\n|move|p1a: Tsareena|Knock Off|p2a: Basculegion\n|-supereffective|p2a: Basculegion|1\n|-damage|p2a: Basculegion|14/100\n|-enditem|p2a: Basculegion|Mystic Water|[from] move: Knock Off|[of] p1a: Tsareena\n|move|p2b: Archaludon|Electro Shot||[still]\n|-prepare|p2b: Archaludon|Electro Shot\n|-boost|p2b: Archaludon|spa|1\n|-anim|p2b: Archaludon|Electro Shot|p1b: Maushold\n|-damage|p1b: Maushold|0 fnt\n|faint|p1b: Maushold\n|\n|-weather|none\n|upkeep\n|\n|t:|1776544284\n|switch|p1b: Basculegion|Basculegion, L50, M|80/100\n|turn|6\n|\n|t:|1776544301\n|switch|p2a: Politoed|Politoed, L50, F|45/100\n|-weather|RainDance|[from] ability: Drizzle|[of] p2a: Politoed\n|move|p1b: Basculegion|Last Respects|p2a: Politoed\n|-damage|p2a: Politoed|0 fnt\n|faint|p2a: Politoed\n|move|p1a: Tsareena|Trop Kick|p2b: Archaludon\n|-resisted|p2b: Archaludon|2\n|-damage|p2b: Archaludon|44/100\n|-unboost|p2b: Archaludon|atk|1\n|-ability|p2b: Archaludon|Stamina|boost\n|-boost|p2b: Archaludon|def|1\n|move|p2b: Archaludon|Electro Shot||[still]\n|-prepare|p2b: Archaludon|Electro Shot\n|-boost|p2b: Archaludon|spa|1\n|-anim|p2b: Archaludon|Electro Shot|p1b: Basculegion\n|-supereffective|p1b: Basculegion|1\n|-damage|p1b: Basculegion|0 fnt\n|faint|p1b: Basculegion\n|\n|-weather|RainDance|[upkeep]\n|upkeep\n|\n|t:|1776544321\n|switch|p1b: Delphox|Delphox, L50, F|100/100\n|switch|p2a: Basculegion|Basculegion, L50, M|14/100\n|turn|7\n|\n|t:|1776544336\n|move|p1b: Delphox|Protect|p1b: Delphox\n|-singleturn|p1b: Delphox|Protect\n|move|p2a: Basculegion|Wave Crash|p1b: Delphox\n|-activate|p1b: Delphox|move: Protect\n|move|p1a: Tsareena|Trop Kick|p2a: Basculegion\n|-supereffective|p2a: Basculegion|1\n|-damage|p2a: Basculegion|0 fnt\n|faint|p2a: Basculegion\n|move|p2b: Archaludon|Draco Meteor|p1a: Tsareena\n|-damage|p1a: Tsareena|0 fnt\n|-unboost|p2b: Archaludon|spa|2\n|faint|p1a: Tsareena\n|\n|-weather|RainDance|[upkeep]\n|upkeep\n|\n|t:|1776544344\n|switch|p2a: Dragonite|Dragonite-Mega, L50, M|95/100\n|turn|8\n|\n|t:|1776544358\n|detailschange|p1b: Delphox|Delphox-Mega, L50, F\n|-mega|p1b: Delphox|Delphox|Delphoxite\n|move|p1b: Delphox|Encore|p2b: Archaludon\n|-start|p2b: Archaludon|Encore\n|move|p2a: Dragonite|Draco Meteor|p1b: Delphox\n|-damage|p1b: Delphox|22/100\n|-unboost|p2a: Dragonite|spa|2\n|move|p2b: Archaludon|Draco Meteor|p1b: Delphox\n|-damage|p1b: Delphox|0 fnt\n|-unboost|p2b: Archaludon|spa|2\n|faint|p1b: Delphox\n|\n|win|joaogui2412\n|raw|HawaiiCookieCo's rating: 1174 &rarr; <strong>1147</strong><br />(-27 for losing)\n|raw|joaogui2412's rating: 1151 &rarr; <strong>1178</strong><br />(+27 for winning)\n",
  "uploadtime": 1776544368,
  "views": 20,
  "formatid": "gen9championsvgc2026regma",
  "rating": 1147,
  "private": 0,
  "password": null
}