{
  "id": "gen9championsvgc2026regma-2582822444",
  "format": "[Gen 9 Champions] VGC 2026 Reg M-A",
  "players": [
    "pepitoito",
    "ZygFIRE"
  ],
  "log": "|j|\u2606pepitoito\n|j|\u2606ZygFIRE\n|t:|1776116758\n|gametype|doubles\n|player|p1|pepitoito|miku-ghost|1062\n|player|p2|ZygFIRE|cress|1000\n|gen|9\n|tier|[Gen 9 Champions] VGC 2026 Reg M-A\n|rated|\n|rule|Species Clause: Limit one of each Pok\u00e9mon\n|rule|Item Clause: Limit 1 of each item\n|clearpoke\n|poke|p1|Starmie, L50|\n|poke|p1|Tyranitar, L50, M|\n|poke|p1|Garchomp, L50, M|\n|poke|p1|Aerodactyl, L50, M|\n|poke|p1|Rotom-Heat, L50|\n|poke|p1|Aegislash, L50, F|\n|poke|p2|Floette-Eternal, L50, F|\n|poke|p2|Aerodactyl, L50, M|\n|poke|p2|Tyranitar, L50, F|\n|poke|p2|Excadrill, L50, M|\n|poke|p2|Rotom-Wash, L50|\n|poke|p2|Farigiraf, L50, M|\n|teampreview|4\n|inactive|Battle timer is ON: inactive players will automatically lose when time's up. (requested by ZygFIRE)\n|\n|t:|1776116791\n|teamsize|p1|4\n|teamsize|p2|4\n|start\n|switch|p1a: Aegislash|Aegislash, L50, F|100/100\n|switch|p1b: Rotom|Rotom-Heat, L50|100/100\n|switch|p2a: Aerodactyl|Aerodactyl, L50, M|100/100\n|switch|p2b: Floette|Floette-Eternal, L50, F|100/100\n|-ability|p2a: Aerodactyl|Unnerve\n|turn|1\n|inactive|ZygFIRE has 30 seconds left.\n|inactive|pepitoito has 30 seconds left.\n|\n|t:|1776116823\n|switch|p2b: Rotom|Rotom-Wash, L50|100/100\n|move|p2a: Aerodactyl|Tailwind|p2a: Aerodactyl\n|-sidestart|p2: ZygFIRE|move: Tailwind\n|move|p1b: Rotom|Thunderbolt|p2a: Aerodactyl\n|-supereffective|p2a: Aerodactyl|1\n|-damage|p2a: Aerodactyl|5/100\n|-formechange|p1a: Aegislash|Aegislash-Blade|\n|move|p1a: Aegislash|Flash Cannon|p2a: Aerodactyl\n|-supereffective|p2a: Aerodactyl|1\n|-damage|p2a: Aerodactyl|0 fnt\n|faint|p2a: Aerodactyl\n|\n|upkeep\n|\n|t:|1776116835\n|switch|p2a: Excadrill|Excadrill, L50, M|100/100\n|turn|2\n|inactive|pepitoito has 30 seconds left.\n|\n|t:|1776116862\n|switch|p1b: Instructor Starmie|Starmie, L50|100/100\n|move|p1a: Aegislash|Wide Guard|p1a: Aegislash\n|-singleturn|p1a: Aegislash|Wide Guard\n|move|p2a: Excadrill|Rock Slide|p1b: Instructor Starmie|[spread] \n|-activate|p1a: Aegislash|move: Wide Guard\n|-activate|p1b: Instructor Starmie|move: Wide Guard\n|move|p2b: Rotom|Hydro Pump|p1b: Instructor Starmie\n|-resisted|p1b: Instructor Starmie|1\n|-damage|p1b: Instructor Starmie|71/100\n|\n|upkeep\n|turn|3\n|\n|t:|1776116881\n|move|p1b: Instructor Starmie|Protect|p1b: Instructor Starmie\n|-singleturn|p1b: Instructor Starmie|Protect\n|-formechange|p1a: Aegislash|Aegislash|\n|move|p1a: Aegislash|King's Shield|p1a: Aegislash\n|-singleturn|p1a: Aegislash|Protect\n|move|p2a: Excadrill|High Horsepower|p1a: Aegislash\n|-activate|p1a: Aegislash|move: Protect\n|-unboost|p2a: Excadrill|atk|1\n|move|p2b: Rotom|Volt Switch|p1b: Instructor Starmie\n|-activate|p1b: Instructor Starmie|move: Protect\n|\n|upkeep\n|turn|4\n|\n|t:|1776116898\n|switch|p1b: Garchomp|Garchomp, L50, M|100/100\n|switch|p1a: Rotom|Rotom-Heat, L50|100/100\n|move|p2b: Rotom|Helping Hand|p2a: Excadrill\n|-singleturn|p2a: Excadrill|Helping Hand|[of] p2b: Rotom\n|move|p2a: Excadrill|High Horsepower|p1a: Rotom\n|-immune|p1a: Rotom|[from] ability: Levitate\n|\n|-sideend|p2: ZygFIRE|move: Tailwind\n|upkeep\n|turn|5\n|-message|ZygFIRE forfeited.\n|\n|win|pepitoito\n|raw|pepitoito's rating: 1062 &rarr; <strong>1087</strong><br />(+25 for winning)\n|raw|ZygFIRE's rating: 1000 &rarr; <strong>1000</strong><br />(+0 for losing)\n|l|\u2606ZygFIRE\n|player|p2|\n|c|\u2606pepitoito|lol\n|l|\u2606pepitoito\n|player|p1|\n|j|\u2606pepitoito\n|player|p1|pepitoito|miku-ghost|\n",
  "uploadtime": 1776117054,
  "views": 19,
  "formatid": "gen9championsvgc2026regma",
  "rating": 1000,
  "private": 0,
  "password": null
}