{
  "id": "gen9championsvgc2026regma-2582749392",
  "format": "[Gen 9 Champions] VGC 2026 Reg M-A",
  "players": [
    "namboyVGC",
    "franksaurio"
  ],
  "log": "|j|\u2606namboyVGC\n|j|\u2606franksaurio\n|t:|1776111446\n|gametype|doubles\n|player|p1|namboyVGC|pokemonranger-gen4|1061\n|player|p2|franksaurio|169|1056\n|gen|9\n|tier|[Gen 9 Champions] VGC 2026 Reg M-A\n|rated|\n|rule|Species Clause: Limit one of each Pok\u00e9mon\n|rule|Item Clause: Limit 1 of each item\n|clearpoke\n|poke|p1|Blastoise, L50, M|\n|poke|p1|Meowstic, L50, M|\n|poke|p1|Alakazam, L50, F|\n|poke|p1|Clefable, L50, M|\n|poke|p1|Talonflame, L50, F|\n|poke|p1|Sneasler, L50, M|\n|poke|p2|Hatterene, L50, F|\n|poke|p2|Crabominable, L50, M|\n|poke|p2|Incineroar, L50, M|\n|poke|p2|Farigiraf, L50, M|\n|poke|p2|Kingambit, L50, M|\n|poke|p2|Sinistcha, L50|\n|teampreview|4\n|inactive|Battle timer is ON: inactive players will automatically lose when time's up. (requested by namboyVGC)\nnamboyVGC has agreed to open team sheets.\n|inactive|namboyVGC has 60 seconds left.\n|\n|t:|1776111477\n|teamsize|p1|4\n|teamsize|p2|4\n|start\n|switch|p1a: Talonflame|Talonflame, L50, F|100/100\n|switch|p1b: Alakazam|Alakazam, L50, F|100/100\n|switch|p2a: Farigiraf|Farigiraf, L50, M|100/100\n|switch|p2b: Crabominable|Crabominable, L50, M|100/100\n|turn|1\n|\n|t:|1776111492\n|detailschange|p2b: Crabominable|Crabominable-Mega, L50, M\n|-mega|p2b: Crabominable|Crabominable|Crabominite\n|move|p2a: Farigiraf|Protect|p2a: Farigiraf\n|-singleturn|p2a: Farigiraf|Protect\n|move|p2b: Crabominable|Protect|p2b: Crabominable\n|-singleturn|p2b: Crabominable|Protect\n|move|p1b: Alakazam|Expanding Force|p2b: Crabominable\n|-activate|p2b: Crabominable|move: Protect\n|move|p1a: Talonflame|Taunt|p2a: Farigiraf\n|-activate|p2a: Farigiraf|move: Protect\n|\n|upkeep\n|turn|2\n|\n|t:|1776111508\n|switch|p2a: Sinistcha|Sinistcha, L50|100/100\n|switch|p2b: Kingambit|Kingambit, L50, M|100/100\n|move|p1b: Alakazam|Expanding Force|p2b: Kingambit\n|-immune|p2b: Kingambit\n|move|p1a: Talonflame|Taunt|p2a: Sinistcha\n|-start|p2a: Sinistcha|move: Taunt\n|-enditem|p2a: Sinistcha|Mental Herb\n|-end|p2a: Sinistcha|move: Taunt\n|\n|upkeep\n|turn|3\n|\n|t:|1776111526\n|move|p2a: Sinistcha|Rage Powder|p2a: Sinistcha\n|-singleturn|p2a: Sinistcha|move: Rage Powder\n|move|p1b: Alakazam|Focus Blast|p2a: Sinistcha\n|-immune|p2a: Sinistcha\n|move|p1a: Talonflame|Taunt|p2a: Sinistcha\n|-start|p2a: Sinistcha|move: Taunt\n|move|p2b: Kingambit|Kowtow Cleave|p1b: Alakazam\n|-supereffective|p1b: Alakazam|1\n|-damage|p1b: Alakazam|0 fnt\n|faint|p1b: Alakazam\n|\n|upkeep\n|\n|t:|1776111539\n|switch|p1b: Blastoise|Blastoise, L50, M|100/100\n|turn|4\n|\n|t:|1776111552\n|move|p1b: Blastoise|Protect|p1b: Blastoise\n|-singleturn|p1b: Blastoise|Protect\n|move|p1a: Talonflame|Acrobatics|p2a: Sinistcha\n|-supereffective|p2a: Sinistcha|1\n|-damage|p2a: Sinistcha|62/100\n|move|p2a: Sinistcha|Matcha Gotcha|p1b: Blastoise|[spread] p1a\n|-activate|p1b: Blastoise|move: Protect\n|-resisted|p1a: Talonflame|2\n|-damage|p1a: Talonflame|91/100\n|-heal|p2a: Sinistcha|67/100|[from] drain|[of] p1a: Talonflame\n|move|p2b: Kingambit|Kowtow Cleave|p1a: Talonflame\n|-damage|p1a: Talonflame|0 fnt\n|faint|p1a: Talonflame\n|\n|upkeep\n|\n|t:|1776111569\n|switch|p1a: Clefable|Clefable, L50, M|100/100\n|turn|5\n|\n|t:|1776111577\n|detailschange|p1b: Blastoise|Blastoise-Mega, L50, M\n|-mega|p1b: Blastoise|Blastoise|Blastoisinite\n|move|p1a: Clefable|Follow Me|p1a: Clefable\n|-singleturn|p1a: Clefable|move: Follow Me\n|move|p1b: Blastoise|Shell Smash|p1b: Blastoise\n|-unboost|p1b: Blastoise|def|1\n|-unboost|p1b: Blastoise|spd|1\n|-boost|p1b: Blastoise|atk|2\n|-boost|p1b: Blastoise|spa|2\n|-boost|p1b: Blastoise|spe|2\n|move|p2a: Sinistcha|Matcha Gotcha|p1b: Blastoise|[spread] p1a,p1b\n|-supereffective|p1b: Blastoise|1\n|-damage|p1a: Clefable|79/100\n|-heal|p2a: Sinistcha|79/100|[from] drain|[of] p1a: Clefable\n|-damage|p1b: Blastoise|27/100\n|-heal|p2a: Sinistcha|100/100|[from] drain|[of] p1b: Blastoise\n|move|p2b: Kingambit|Iron Head|p1a: Clefable\n|-supereffective|p1a: Clefable|1\n|-damage|p1a: Clefable|0 fnt\n|faint|p1a: Clefable\n|\n|upkeep\n|turn|6\n|-message|namboyVGC forfeited.\n|\n|win|franksaurio\n|raw|namboyVGC's rating: 1061 &rarr; <strong>1042</strong><br />(-19 for losing)\n|raw|franksaurio's rating: 1056 &rarr; <strong>1088</strong><br />(+32 for winning)\n",
  "uploadtime": 1776111597,
  "views": 14,
  "formatid": "gen9championsvgc2026regma",
  "rating": 1042,
  "private": 0,
  "password": null
}