{
  "id": "gen9championsvgc2026regma-2587641190",
  "format": "[Gen 9 Champions] VGC 2026 Reg M-A",
  "players": [
    "afroosamuray",
    "Deltanaa"
  ],
  "log": "|j|\u2606afroosamuray\n|j|\u2606Deltanaa\n|t:|1776549566\n|gametype|doubles\n|player|p1|afroosamuray|1|1000\n|player|p2|Deltanaa|dawn-gen4pt|1002\n|gen|9\n|tier|[Gen 9 Champions] VGC 2026 Reg M-A\n|rated|\n|rule|Species Clause: Limit one of each Pok\u00e9mon\n|rule|Item Clause: Limit 1 of each item\n|clearpoke\n|poke|p1|Pinsir, L50, M|\n|poke|p1|Aegislash, L50, M|\n|poke|p1|Cofagrigus, L50, F|\n|poke|p1|Clefable, L50, M|\n|poke|p1|Aerodactyl, L50, M|\n|poke|p1|Arcanine-Hisui, L50, M|\n|poke|p2|Aggron, L50, M|\n|poke|p2|Tyranitar, L50, F|\n|poke|p2|Klefki, L50, F|\n|poke|p2|Glimmora, L50, M|\n|poke|p2|Farigiraf, L50, F|\n|poke|p2|Hatterene, L50, F|\n|teampreview|4\n|inactive|Battle timer is ON: inactive players will automatically lose when time's up. (requested by afroosamuray)\n|\n|t:|1776549604\n|teamsize|p1|4\n|teamsize|p2|4\n|start\n|switch|p1a: Clefable|Clefable, L50, M|100/100\n|switch|p1b: Aerodactyl|Aerodactyl, L50, M|100/100\n|switch|p2a: Aggron|Aggron, L50, M|100/100\n|switch|p2b: Klefki|Klefki, L50, F|100/100\n|turn|1\n|\n|t:|1776549620\n|move|p1b: Aerodactyl|Dragon Dance|p1b: Aerodactyl\n|-boost|p1b: Aerodactyl|atk|1\n|-boost|p1b: Aerodactyl|spe|1\n|move|p1a: Clefable|Trick|p2b: Klefki\n|-activate|p1a: Clefable|move: Trick|[of] p2b: Klefki\n|-item|p2b: Klefki|Choice Scarf|[from] move: Trick\n|-item|p1a: Clefable|Mental Herb|[from] move: Trick\n|move|p2a: Aggron|Iron Defense|p2a: Aggron\n|-boost|p2a: Aggron|def|2\n|move|p2b: Klefki|Trick Room|p2b: Klefki\n|-fieldstart|move: Trick Room|[of] p2b: Klefki\n|\n|upkeep\n|turn|2\n|inactive|afroosamuray has 30 seconds left.\n|\n|t:|1776549651\n|switch|p2b: Glimmora|Glimmora, L50, M|100/100\n|move|p2a: Aggron|Heavy Slam|p1b: Aerodactyl\n|-supereffective|p1b: Aerodactyl|1\n|-damage|p1b: Aerodactyl|0 fnt\n|faint|p1b: Aerodactyl\n|move|p1a: Clefable|Chilling Water|p2a: Aggron\n|-supereffective|p2a: Aggron|1\n|-damage|p2a: Aggron|78/100\n|-unboost|p2a: Aggron|atk|1\n|\n|upkeep\n|\n|t:|1776549665\n|switch|p1b: Arcanine|Arcanine-Hisui, L50, M|100/100\n|turn|3\n|\n|t:|1776549678\n|move|p1a: Clefable|Follow Me|p1a: Clefable\n|-singleturn|p1a: Clefable|move: Follow Me\n|move|p2a: Aggron|Body Press|p1a: Clefable\n|-resisted|p1a: Clefable|1\n|-damage|p1a: Clefable|87/100\n|move|p1b: Arcanine|Flare Blitz|p2a: Aggron\n|-damage|p2a: Aggron|55/100\n|move|p2b: Glimmora|Sludge Wave|p1b: Arcanine|[spread] p1a,p1b\n|-immune|p2a: Aggron\n|-supereffective|p1a: Clefable|1\n|-resisted|p1b: Arcanine|1\n|-damage|p1a: Clefable|21/100\n|-damage|p1b: Arcanine|78/100\n|\n|upkeep\n|turn|4\n|inactive|afroosamuray has 30 seconds left.\n|\n|t:|1776549703\n|move|p2a: Aggron|Protect|p2a: Aggron\n|-singleturn|p2a: Aggron|Protect\n|move|p1a: Clefable|Follow Me|p1a: Clefable\n|-singleturn|p1a: Clefable|move: Follow Me\n|move|p1b: Arcanine|Flare Blitz|p2a: Aggron\n|-activate|p2a: Aggron|move: Protect\n|move|p2b: Glimmora|Sludge Wave|p1a: Clefable|[spread] p1a,p1b\n|-activate|p2a: Aggron|move: Protect\n|-supereffective|p1a: Clefable|1\n|-resisted|p1b: Arcanine|1\n|-damage|p1a: Clefable|0 fnt\n|-damage|p1b: Arcanine|54/100\n|faint|p1a: Clefable\n|\n|upkeep\n|\n|t:|1776549707\n|switch|p1a: Pinsir|Pinsir, L50, M|100/100\n|turn|5\n|\n|t:|1776549727\n|detailschange|p1a: Pinsir|Pinsir-Mega, L50, M\n|-mega|p1a: Pinsir|Pinsir|Pinsirite\n|move|p2a: Aggron|Body Press|p1b: Arcanine\n|-supereffective|p1b: Arcanine|1\n|-damage|p1b: Arcanine|0 fnt\n|faint|p1b: Arcanine\n|move|p2b: Glimmora|Power Gem|p1a: Pinsir\n|-supereffective|p1a: Pinsir|2\n|-damage|p1a: Pinsir|0 fnt\n|faint|p1a: Pinsir\n|\n|win|Deltanaa\n|raw|afroosamuray's rating: 1000 &rarr; <strong>1000</strong><br />(+0 for losing)\n|raw|Deltanaa's rating: 1002 &rarr; <strong>1041</strong><br />(+39 for winning)\n|l|\u2606afroosamuray\n|player|p1|\n",
  "uploadtime": 1776549737,
  "views": 11,
  "formatid": "gen9championsvgc2026regma",
  "rating": 1000,
  "private": 0,
  "password": null
}