{
  "id": "gen9championsvgc2026regma-2587982772",
  "format": "[Gen 9 Champions] VGC 2026 Reg M-A",
  "players": [
    "OrtegaFX",
    "brojonski"
  ],
  "log": "|j|\u2606OrtegaFX\n|j|\u2606brojonski\n|t:|1776588482\n|gametype|doubles\n|player|p1|OrtegaFX|n|1301\n|player|p2|brojonski|brock|1310\n|gen|9\n|tier|[Gen 9 Champions] VGC 2026 Reg M-A\n|rated|\n|rule|Species Clause: Limit one of each Pok\u00e9mon\n|rule|Item Clause: Limit 1 of each item\n|clearpoke\n|poke|p1|Meganium, L50, M, shiny|\n|poke|p1|Pelipper, L50, M|\n|poke|p1|Basculegion, L50, M|\n|poke|p1|Archaludon, L50, M, shiny|\n|poke|p1|Sneasler, L50, M, shiny|\n|poke|p1|Glimmora, L50, M, shiny|\n|poke|p2|Kommo-o, L50, F|\n|poke|p2|Gengar, L50, M|\n|poke|p2|Tyranitar, L50, F|\n|poke|p2|Incineroar, L50, M|\n|poke|p2|Sinistcha, L50|\n|poke|p2|Excadrill, L50, M|\n|teampreview|4\n|inactive|Battle timer is ON: inactive players will automatically lose when time's up. (requested by brojonski)\n|inactive|OrtegaFX also wants the timer to be on.\nbrojonski rejected open team sheets.\n|inactive|OrtegaFX has 60 seconds left.\n|inactive|brojonski has 60 seconds left.\n|inactive|OrtegaFX has 30 seconds left.\n|inactive|brojonski has 30 seconds left.\n|inactive|OrtegaFX has 20 seconds left.\n|\n|t:|1776588553\n|teamsize|p1|4\n|teamsize|p2|4\n|start\n|switch|p1a: Meganium|Meganium, L50, M, shiny|100/100\n|switch|p1b: Archaludon|Archaludon, L50, M, shiny|100/100\n|switch|p2a: Kommo-o|Kommo-o, L50, F|100/100\n|switch|p2b: Gengar|Gengar, L50, M|100/100\n|turn|1\n|inactive|OrtegaFX has 30 seconds left.\n|\n|t:|1776588584\n|detailschange|p2b: Gengar|Gengar-Mega, L50, M\n|-mega|p2b: Gengar|Gengar|Gengarite\n|detailschange|p1a: Meganium|Meganium-Mega, L50, M, shiny\n|-mega|p1a: Meganium|Meganium|Meganiumite\n|move|p2b: Gengar|Sludge Bomb|p1a: Meganium\n|-supereffective|p1a: Meganium|2\n|-damage|p1a: Meganium|0 fnt\n|faint|p1a: Meganium\n|move|p2a: Kommo-o|Clangorous Soul|p2a: Kommo-o\n|-boost|p2a: Kommo-o|atk|1\n|-boost|p2a: Kommo-o|def|1\n|-boost|p2a: Kommo-o|spa|1\n|-boost|p2a: Kommo-o|spd|1\n|-boost|p2a: Kommo-o|spe|1\n|-damage|p2a: Kommo-o|68/100\n|move|p1b: Archaludon|Flash Cannon|p2b: Gengar\n|-damage|p2b: Gengar|53/100\n|\n|-heal|p2a: Kommo-o|73/100|[from] item: Leftovers\n|upkeep\n|\n|t:|1776588603\n|switch|p1a: Pelipper|Pelipper, L50, M|100/100\n|-weather|RainDance|[from] ability: Drizzle|[of] p1a: Pelipper\n|turn|2\n|inactive|OrtegaFX has 30 seconds left.\n|inactive|OrtegaFX has 20 seconds left.\n|inactive|OrtegaFX has 15 seconds left.\n|inactive|OrtegaFX has 10 seconds left.\n|\n|t:|1776588653\n|move|p1b: Archaludon|Protect|p1b: Archaludon\n|-singleturn|p1b: Archaludon|Protect\n|move|p2a: Kommo-o|Clanging Scales|p1a: Pelipper|[spread] p1a\n|-activate|p1b: Archaludon|move: Protect\n|-enditem|p1a: Pelipper|Focus Sash\n|-damage|p1a: Pelipper|1/100\n|-unboost|p2a: Kommo-o|def|1\n|move|p2b: Gengar|Sludge Bomb|p1a: Pelipper\n|-damage|p1a: Pelipper|0 fnt\n|faint|p1a: Pelipper\n|\n|-weather|RainDance|[upkeep]\n|-heal|p2a: Kommo-o|79/100|[from] item: Leftovers\n|upkeep\n|\n|t:|1776588664\n|switch|p1a: Basculegion|Basculegion, L50, M|100/100\n|turn|3\n|inactive|brojonski has 30 seconds left.\n|\n|t:|1776588695\n|move|p1a: Basculegion|Last Respects|p2b: Gengar\n|-supereffective|p2b: Gengar|1\n|-damage|p2b: Gengar|0 fnt\n|faint|p2b: Gengar\n|move|p2a: Kommo-o|Aura Sphere|p1b: Archaludon\n|-supereffective|p1b: Archaludon|1\n|-damage|p1b: Archaludon|0 fnt\n|faint|p1b: Archaludon\n|\n|-weather|RainDance|[upkeep]\n|-heal|p2a: Kommo-o|85/100|[from] item: Leftovers\n|upkeep\n|\n|t:|1776588703\n|switch|p2b: Sinistcha|Sinistcha, L50|100/100\n|-heal|p2a: Kommo-o|100/100|[from] ability: Hospitality|[of] p2b: Sinistcha\n|turn|4\n|\n|t:|1776588724\n|move|p2b: Sinistcha|Rage Powder|p2b: Sinistcha\n|-singleturn|p2b: Sinistcha|move: Rage Powder\n|move|p1a: Basculegion|Last Respects|p2b: Sinistcha\n|-supereffective|p2b: Sinistcha|1\n|-damage|p2b: Sinistcha|0 fnt\n|faint|p2b: Sinistcha\n|move|p2a: Kommo-o|Clanging Scales|p1a: Basculegion\n|-damage|p1a: Basculegion|21/100\n|-enditem|p1a: Basculegion|Sitrus Berry|[eat]\n|-heal|p1a: Basculegion|46/100|[from] item: Sitrus Berry\n|-unboost|p2a: Kommo-o|def|1\n|\n|-weather|RainDance|[upkeep]\n|upkeep\n|\n|t:|1776588732\n|switch|p2b: Excadrill|Excadrill, L50, M|100/100\n|turn|5\n|\n|t:|1776588741\n|move|p1a: Basculegion|Wave Crash|p2a: Kommo-o\n|-resisted|p2a: Kommo-o|1\n|-damage|p2a: Kommo-o|42/100\n|-damage|p1a: Basculegion|31/100|[from] Recoil\n|move|p2a: Kommo-o|Clanging Scales|p1a: Basculegion\n|-damage|p1a: Basculegion|0 fnt\n|faint|p1a: Basculegion\n|\n|win|brojonski\n|raw|OrtegaFX's rating: 1301 &rarr; <strong>1282</strong><br />(-19 for losing)\n|raw|brojonski's rating: 1310 &rarr; <strong>1329</strong><br />(+19 for winning)\n|l|\u2606OrtegaFX\n|player|p1|\n",
  "uploadtime": 1776588758,
  "views": 16,
  "formatid": "gen9championsvgc2026regma",
  "rating": 1282,
  "private": 0,
  "password": null
}