{
  "id": "gen9championsvgc2026regma-2583549787",
  "format": "[Gen 9 Champions] VGC 2026 Reg M-A",
  "players": [
    "21chenhen",
    "Arcato"
  ],
  "log": "|j|\u260621chenhen\n|j|\u2606Arcato\n|t:|1776182686\n|gametype|doubles\n|player|p1|21chenhen|cynthia-gen4|1153\n|player|p2|Arcato|102|1218\n|gen|9\n|tier|[Gen 9 Champions] VGC 2026 Reg M-A\n|rated|\n|rule|Species Clause: Limit one of each Pok\u00e9mon\n|rule|Item Clause: Limit 1 of each item\n|clearpoke\n|poke|p1|Aerodactyl, L50, M|\n|poke|p1|Glimmora, L50, F|\n|poke|p1|Rotom-Wash, L50|\n|poke|p1|Sinistcha, L50|\n|poke|p1|Incineroar, L50, F|\n|poke|p1|Kingambit, L50, F|\n|poke|p2|Kleavor, L50, F|\n|poke|p2|Sneasler, L50, F|\n|poke|p2|Tyranitar, L50, F|\n|poke|p2|Sinistcha, L50|\n|poke|p2|Talonflame, L50, M|\n|poke|p2|Rotom-Wash, L50|\n|teampreview|4\n|c|\u2606Arcato|GLHF\n|\n|t:|1776182738\n|teamsize|p1|4\n|teamsize|p2|4\n|start\n|switch|p1a: Incineroar|Incineroar, L50, F|100/100\n|switch|p1b: Rotom|Rotom-Wash, L50|100/100\n|switch|p2a: Sneasler|Sneasler, L50, F|100/100\n|switch|p2b: Kleavor|Kleavor, L50, F|100/100\n|-ability|p1a: Incineroar|Intimidate|boost\n|-unboost|p2a: Sneasler|atk|1\n|-unboost|p2b: Kleavor|atk|1\n|-enditem|p2a: Sneasler|White Herb\n|-clearnegativeboost|p2a: Sneasler|[silent]\n|turn|1\n|\n|t:|1776182761\n|switch|p1a: Kingambit|Kingambit, L50, F|100/100\n|move|p2a: Sneasler|Fake Out|p1b: Rotom\n|-damage|p1b: Rotom|81/100\n|move|p2b: Kleavor|Stone Axe|p1a: Kingambit\n|-resisted|p1a: Kingambit|1\n|-damage|p1a: Kingambit|85/100\n|-sidestart|p1: 21chenhen|move: Stealth Rock\n|cant|p1b: Rotom|flinch\n|\n|upkeep\n|turn|2\n|\n|t:|1776182775\n|switch|p2b: Rotom|Rotom-Wash, L50|100/100\n|move|p2a: Sneasler|Protect|p2a: Sneasler\n|-singleturn|p2a: Sneasler|Protect\n|move|p1b: Rotom|Electroweb|p2b: Rotom|[spread] p2b\n|-activate|p2a: Sneasler|move: Protect\n|-damage|p2b: Rotom|81/100\n|-unboost|p2b: Rotom|spe|1\n|move|p1a: Kingambit|Iron Head|p2b: Rotom\n|-resisted|p2b: Rotom|2\n|-damage|p2b: Rotom|69/100\n|\n|upkeep\n|turn|3\n|\n|t:|1776182803\n|switch|p1a: Incineroar|Incineroar, L50, F|100/100\n|-damage|p1a: Incineroar|76/100|[from] Stealth Rock\n|-ability|p1a: Incineroar|Intimidate|boost\n|-unboost|p2a: Sneasler|atk|1\n|-unboost|p2b: Rotom|atk|1\n|move|p2a: Sneasler|Close Combat|p1b: Rotom\n|-damage|p1b: Rotom|25/100\n|-unboost|p2a: Sneasler|def|1\n|-unboost|p2a: Sneasler|spd|1\n|move|p1b: Rotom|Electroweb|p2a: Sneasler|[spread] p2a,p2b\n|-damage|p2a: Sneasler|60/100\n|-damage|p2b: Rotom|50/100\n|-unboost|p2a: Sneasler|spe|1\n|-unboost|p2b: Rotom|spe|1\n|-enditem|p2b: Rotom|Sitrus Berry|[eat]\n|-heal|p2b: Rotom|74/100|[from] item: Sitrus Berry\n|move|p2b: Rotom|Volt Switch|p1b: Rotom\n|-damage|p1b: Rotom|0 fnt\n|faint|p1b: Rotom\n|\n|t:|1776182815\n|switch|p2b: Kleavor|Kleavor, L50, F|100/100|[from] Volt Switch\n|\n|upkeep\n|\n|t:|1776182825\n|switch|p1b: Aerodactyl|Aerodactyl, L50, M, shiny|100/100\n|-ability|p1b: Aerodactyl|Unnerve\n|-damage|p1b: Aerodactyl|76/100|[from] Stealth Rock\n|turn|4\n|\n|t:|1776182838\n|switch|p2a: Rotom|Rotom-Wash, L50|74/100\n|detailschange|p1b: Aerodactyl|Aerodactyl-Mega, L50, M, shiny\n|-mega|p1b: Aerodactyl|Aerodactyl|Aerodactylite\n|move|p1a: Incineroar|Fake Out|p2b: Kleavor\n|-resisted|p2b: Kleavor|1\n|-damage|p2b: Kleavor|92/100\n|cant|p2b: Kleavor|flinch\n|move|p1b: Aerodactyl|Dual Wingbeat|p2a: Rotom\n|-resisted|p2a: Rotom|1\n|-damage|p2a: Rotom|58/100\n|-resisted|p2a: Rotom|1\n|-damage|p2a: Rotom|43/100\n|-hitcount|p2a: Rotom|2\n|\n|upkeep\n|turn|5\n|\n|t:|1776182849\n|move|p2b: Kleavor|Stone Axe|p1b: Aerodactyl\n|-supereffective|p1b: Aerodactyl|1\n|-damage|p1b: Aerodactyl|0 fnt\n|faint|p1b: Aerodactyl\n|move|p2a: Rotom|Hydro Pump|p1a: Incineroar\n|-supereffective|p1a: Incineroar|1\n|-damage|p1a: Incineroar|0 fnt\n|faint|p1a: Incineroar\n|\n|upkeep\n|\n|t:|1776182867\n|switch|p1b: Kingambit|Kingambit, L50, F|85/100\n|-damage|p1b: Kingambit|79/100|[from] Stealth Rock\n|turn|6\n|-message|21chenhen forfeited.\n|\n|win|Arcato\n|raw|21chenhen's rating: 1153 &rarr; <strong>1133</strong><br />(-20 for losing)\n|raw|Arcato's rating: 1218 &rarr; <strong>1238</strong><br />(+20 for winning)\n|l|\u260621chenhen\n|player|p1|\n",
  "uploadtime": 1776182879,
  "views": 21,
  "formatid": "gen9championsvgc2026regma",
  "rating": 1133,
  "private": 0,
  "password": null
}