{
  "id": "gen9championsvgc2026regma-2583865013",
  "format": "[Gen 9 Champions] VGC 2026 Reg M-A",
  "players": [
    "It'sJustKen VGC",
    "xRamii"
  ],
  "log": "|j|\u2606It'sJustKen VGC\n|j|\u2606xRamii\n|t:|1776203753\n|gametype|doubles\n|player|p1|It'sJustKen VGC|2|1428\n|player|p2|xRamii|veteran|1368\n|gen|9\n|tier|[Gen 9 Champions] VGC 2026 Reg M-A\n|rated|\n|rule|Species Clause: Limit one of each Pok\u00e9mon\n|rule|Item Clause: Limit 1 of each item\n|clearpoke\n|poke|p1|Floette-Eternal, L50, F|\n|poke|p1|Espathra, L50, F|\n|poke|p1|Incineroar, L50, F|\n|poke|p1|Sneasler, L50, M|\n|poke|p1|Basculegion, L50, M|\n|poke|p1|Kingambit, L50, M|\n|poke|p2|Glimmora, L50, F|\n|poke|p2|Ninetales-Alola, L50, F|\n|poke|p2|Incineroar, L50, M|\n|poke|p2|Kommo-o, L50, M|\n|poke|p2|Sinistcha-Masterpiece, L50|\n|poke|p2|Basculegion, L50, M|\n|teampreview|4\n|inactive|Battle timer is ON: inactive players will automatically lose when time's up. (requested by It'sJustKen VGC)\n|inactive|xRamii has 60 seconds left.\n|\n|t:|1776203796\n|teamsize|p1|4\n|teamsize|p2|4\n|start\n|switch|p1a: Just Dance|Floette-Eternal, L50, F|100/100\n|switch|p1b: Bad Romance|Espathra, L50, F|100/100\n|switch|p2a: Glimmora|Glimmora, L50, F, shiny|100/100\n|switch|p2b: Basculegion|Basculegion, L50, M|100/100\n|turn|1\n|inactive|It'sJustKen VGC has 30 seconds left.\n|\n|t:|1776203827\n|detailschange|p2a: Glimmora|Glimmora-Mega, L50, F, shiny\n|-mega|p2a: Glimmora|Glimmora|Glimmoranite\n|move|p1b: Bad Romance|Protect|p1b: Bad Romance\n|-singleturn|p1b: Bad Romance|Protect\n|move|p1a: Just Dance|Protect|p1a: Just Dance\n|-singleturn|p1a: Just Dance|Protect\n|move|p2a: Glimmora|Sludge Bomb|p1a: Just Dance\n|-activate|p1a: Just Dance|move: Protect\n|move|p2b: Basculegion|Wave Crash|p1b: Bad Romance\n|-activate|p1b: Bad Romance|move: Protect\n|\n|-ability|p1b: Bad Romance|Speed Boost|boost\n|-boost|p1b: Bad Romance|spe|1\n|upkeep\n|turn|2\n|\n|t:|1776203845\n|detailschange|p1a: Just Dance|Floette-Mega, L50, F\n|-mega|p1a: Just Dance|Floette|Floettite\n|-ability|p1a: Just Dance|Fairy Aura\n|move|p1b: Bad Romance|Lumina Crash|p2a: Glimmora\n|-supereffective|p2a: Glimmora|1\n|-damage|p2a: Glimmora|29/100\n|-unboost|p2a: Glimmora|spd|2\n|move|p1a: Just Dance|Dazzling Gleam|p2b: Basculegion|[spread] p2a,p2b\n|-resisted|p2a: Glimmora|1\n|-damage|p2a: Glimmora|0 fnt\n|-damage|p2b: Basculegion|59/100\n|faint|p2a: Glimmora\n|move|p2b: Basculegion|Wave Crash|p1b: Bad Romance\n|-enditem|p1b: Bad Romance|Focus Sash\n|-damage|p1b: Bad Romance|1/100\n|-damage|p2b: Basculegion|34/100|[from] Recoil\n|-enditem|p2b: Basculegion|Sitrus Berry|[eat]\n|-heal|p2b: Basculegion|58/100|[from] item: Sitrus Berry\n|\n|-ability|p1b: Bad Romance|Speed Boost|boost\n|-boost|p1b: Bad Romance|spe|1\n|upkeep\n|\n|t:|1776203867\n|switch|p2a: Ninetales|Ninetales-Alola, L50, F|100/100\n|-weather|Snowscape|[from] ability: Snow Warning|[of] p2a: Ninetales\n|turn|3\n|inactive|It'sJustKen VGC has 30 seconds left.\n|\n|t:|1776203895\n|move|p1b: Bad Romance|Helping Hand|p1a: Just Dance\n|-singleturn|p1a: Just Dance|Helping Hand|[of] p1b: Bad Romance\n|move|p2b: Basculegion|Aqua Jet|p1b: Bad Romance\n|-damage|p1b: Bad Romance|0 fnt\n|faint|p1b: Bad Romance\n|move|p2a: Ninetales|Moonblast|p1a: Just Dance\n|-damage|p1a: Just Dance|59/100\n|move|p1a: Just Dance|Dazzling Gleam|p2a: Ninetales|[spread] p2a,p2b\n|-damage|p2a: Ninetales|32/100\n|-damage|p2b: Basculegion|4/100\n|\n|-weather|Snowscape|[upkeep]\n|upkeep\n|\n|t:|1776203904\n|switch|p1b: Poker Face|Sneasler, L50, M|100/100\n|turn|4\n|\n|t:|1776203923\n|switch|p2b: Sinistcha|Sinistcha-Masterpiece, L50, shiny|100/100\n|-heal|p2a: Ninetales|57/100|[from] ability: Hospitality|[of] p2b: Sinistcha\n|move|p1b: Poker Face|Fake Out|p2a: Ninetales\n|-damage|p2a: Ninetales|40/100\n|cant|p2a: Ninetales|flinch\n|move|p1a: Just Dance|Dazzling Gleam|p2b: Sinistcha|[spread] p2a,p2b\n|-damage|p2a: Ninetales|0 fnt\n|-damage|p2b: Sinistcha|52/100\n|faint|p2a: Ninetales\n|\n|-weather|Snowscape|[upkeep]\n|upkeep\n|\n|t:|1776203932\n|switch|p2a: Basculegion|Basculegion, L50, M|4/100\n|turn|5\n|-message|xRamii forfeited.\n|\n|win|It'sJustKen VGC\n|raw|It&apos;sJustKen VGC's rating: 1428 &rarr; <strong>1445</strong><br />(+17 for winning)\n|raw|xRamii's rating: 1368 &rarr; <strong>1351</strong><br />(-17 for losing)\n|l|\u2606xRamii\n|player|p2|\n",
  "uploadtime": 1776203973,
  "views": 27,
  "formatid": "gen9championsvgc2026regma",
  "rating": 1351,
  "private": 0,
  "password": null
}