{
  "id": "gen9championsvgc2026regma-2587082239",
  "format": "[Gen 9 Champions] VGC 2026 Reg M-A",
  "players": [
    "Tarowalker",
    "sisi1"
  ],
  "log": "|j|\u2606Tarowalker\n|j|\u2606sisi1\n|t:|1776490927\n|gametype|doubles\n|player|p1|Tarowalker|2|1053\n|player|p2|sisi1|dawn|1118\n|gen|9\n|tier|[Gen 9 Champions] VGC 2026 Reg M-A\n|rated|\n|rule|Species Clause: Limit one of each Pok\u00e9mon\n|rule|Item Clause: Limit 1 of each item\n|clearpoke\n|poke|p1|Lycanroc, L50, F, shiny|\n|poke|p1|Tyranitar, L50, M|\n|poke|p1|Whimsicott, L50, M, shiny|\n|poke|p1|Palafin, L50, F|\n|poke|p1|Incineroar, L50, M, shiny|\n|poke|p1|Toxapex, L50, M, shiny|\n|poke|p2|Maushold, L50|\n|poke|p2|Meowstic, L50, M|\n|poke|p2|Gallade, L50, M|\n|poke|p2|Talonflame, L50, F|\n|poke|p2|Alakazam, L50, M|\n|poke|p2|Ninetales-Alola, L50, F|\n|teampreview|4\n|\n|t:|1776490957\n|teamsize|p1|4\n|teamsize|p2|4\n|start\n|switch|p1a: shakira|Lycanroc, L50, F, shiny|100/100\n|switch|p1b: Whimsicott|Whimsicott, L50, M, shiny|100/100\n|switch|p2a: Meowstic|Meowstic, L50, M|100/100\n|switch|p2b: Gallade|Gallade, L50, M|100/100\n|turn|1\n|\n|t:|1776490984\n|move|p1b: Whimsicott|Tailwind|p1b: Whimsicott\n|-sidestart|p1: Tarowalker|move: Tailwind\n|move|p2a: Meowstic|Psychic Terrain|p2a: Meowstic\n|-fieldstart|move: Psychic Terrain\n|move|p1a: shakira|Stealth Rock|p2b: Gallade\n|-sidestart|p2: sisi1|move: Stealth Rock\n|move|p2b: Gallade|Sacred Sword|p1a: shakira\n|-supereffective|p1a: shakira|1\n|-damage|p1a: shakira|0 fnt\n|faint|p1a: shakira\n|\n|upkeep\n|\n|t:|1776490999\n|switch|p1a: Incineroar|Incineroar, L50, M, shiny|100/100\n|-ability|p1a: Incineroar|Intimidate|boost\n|-unboost|p2a: Meowstic|atk|1\n|-unboost|p2b: Gallade|atk|1\n|-enditem|p2b: Gallade|White Herb\n|-clearnegativeboost|p2b: Gallade|[silent]\n|turn|2\n|\n|t:|1776491012\n|move|p2a: Meowstic|Helping Hand|p2b: Gallade\n|-singleturn|p2b: Gallade|Helping Hand|[of] p2a: Meowstic\n|move|p1b: Whimsicott|Energy Ball|p2b: Gallade\n|-crit|p2b: Gallade\n|-damage|p2b: Gallade|47/100\n|move|p1a: Incineroar|Darkest Lariat|p2a: Meowstic\n|-supereffective|p2a: Meowstic|1\n|-damage|p2a: Meowstic|20/100\n|move|p2b: Gallade|Sacred Sword|p1a: Incineroar\n|-supereffective|p1a: Incineroar|1\n|-damage|p1a: Incineroar|0 fnt\n|faint|p1a: Incineroar\n|\n|upkeep\n|\n|t:|1776491025\n|switch|p1a: Tyranitar|Tyranitar, L50, M|100/100\n|-weather|Sandstorm|[from] ability: Sand Stream|[of] p1a: Tyranitar\n|turn|3\n|\n|t:|1776491042\n|detailschange|p1a: Tyranitar|Tyranitar-Mega, L50, M\n|-mega|p1a: Tyranitar|Tyranitar|Tyranitarite\n|move|p1b: Whimsicott|Encore|p2a: Meowstic\n|-activate|p2a: Meowstic|move: Psychic Terrain\n|move|p2a: Meowstic|Gravity|p2a: Meowstic\n|-fieldstart|move: Gravity\n|move|p1a: Tyranitar|Dragon Claw|p2b: Gallade\n|-damage|p2b: Gallade|0 fnt\n|faint|p2b: Gallade\n|\n|-weather|Sandstorm|[upkeep]\n|-damage|p1b: Whimsicott|95/100|[from] Sandstorm\n|-damage|p2a: Meowstic|14/100|[from] Sandstorm\n|upkeep\n|\n|t:|1776491061\n|switch|p2b: Talonflame|Talonflame, L50, F|100/100\n|-damage|p2b: Talonflame|51/100|[from] Stealth Rock\n|turn|4\n|\n|t:|1776491077\n|move|p2b: Talonflame|Protect|p2b: Talonflame\n|-singleturn|p2b: Talonflame|Protect\n|move|p2a: Meowstic|Psychic Terrain||[still]\n|-fail|p2a: Meowstic\n|move|p1b: Whimsicott|Energy Ball|p2a: Meowstic\n|-damage|p2a: Meowstic|0 fnt\n|faint|p2a: Meowstic\n|move|p1a: Tyranitar|Stone Edge|p2b: Talonflame\n|-activate|p2b: Talonflame|move: Protect\n|\n|-weather|Sandstorm|[upkeep]\n|-damage|p1b: Whimsicott|89/100|[from] Sandstorm\n|-damage|p2b: Talonflame|45/100|[from] Sandstorm\n|-sideend|p1: Tarowalker|move: Tailwind\n|upkeep\n|\n|t:|1776491090\n|switch|p2a: Alakazam|Alakazam, L50, M|100/100\n|turn|5\n|\n|t:|1776491105\n|detailschange|p2a: Alakazam|Alakazam-Mega, L50, M\n|-mega|p2a: Alakazam|Alakazam|Alakazite\n|-ability|p2a: Alakazam|Sand Stream|Trace|[from] ability: Trace|[of] p1a: Tyranitar\n|move|p2a: Alakazam|Focus Blast|p1a: Tyranitar\n|-supereffective|p1a: Tyranitar|2\n|-damage|p1a: Tyranitar|0 fnt\n|faint|p1a: Tyranitar\n|move|p2b: Talonflame|Tailwind|p2b: Talonflame\n|-sidestart|p2: sisi1|move: Tailwind\n|move|p1b: Whimsicott|Energy Ball|p2a: Alakazam\n|-damage|p2a: Alakazam|54/100\n|\n|-weather|Sandstorm|[upkeep]\n|-damage|p2a: Alakazam|48/100|[from] Sandstorm\n|-damage|p2b: Talonflame|39/100|[from] Sandstorm\n|-damage|p1b: Whimsicott|83/100|[from] Sandstorm\n|-fieldend|move: Psychic Terrain\n|upkeep\n|turn|6\n|\n|t:|1776491125\n|move|p1b: Whimsicott|Protect|p1b: Whimsicott\n|-singleturn|p1b: Whimsicott|Protect\n|move|p2a: Alakazam|Expanding Force|p1b: Whimsicott\n|-activate|p1b: Whimsicott|move: Protect\n|move|p2b: Talonflame|Brave Bird|p1b: Whimsicott\n|-activate|p1b: Whimsicott|move: Protect\n|\n|-weather|Sandstorm|[upkeep]\n|-damage|p2a: Alakazam|42/100|[from] Sandstorm\n|-damage|p2b: Talonflame|33/100|[from] Sandstorm\n|-damage|p1b: Whimsicott|77/100|[from] Sandstorm\n|upkeep\n|turn|7\n|\n|t:|1776491137\n|move|p2a: Alakazam|Expanding Force|p1b: Whimsicott\n|-damage|p1b: Whimsicott|9/100\n|move|p2b: Talonflame|Brave Bird|p1b: Whimsicott\n|-supereffective|p1b: Whimsicott|1\n|-damage|p1b: Whimsicott|0 fnt\n|faint|p1b: Whimsicott\n|-damage|p2b: Talonflame|31/100|[from] Recoil\n|\n|win|sisi1\n|raw|Tarowalker's rating: 1053 &rarr; <strong>1038</strong><br />(-15 for losing)\n|raw|sisi1's rating: 1118 &rarr; <strong>1138</strong><br />(+20 for winning)\n",
  "uploadtime": 1776491145,
  "views": 31,
  "formatid": "gen9championsvgc2026regma",
  "rating": 1038,
  "private": 0,
  "password": null
}