{
  "id": "gen9championsvgc2026regma-2583094780",
  "format": "[Gen 9 Champions] VGC 2026 Reg M-A",
  "players": [
    "JarvisTypeGGEZ",
    "wuachaxl"
  ],
  "log": "|j|\u2606JarvisTypeGGEZ\n|j|\u2606wuachaxl\n|t:|1776141361\n|gametype|doubles\n|player|p1|JarvisTypeGGEZ|lucas|1164\n|player|p2|wuachaxl|101|1169\n|gen|9\n|tier|[Gen 9 Champions] VGC 2026 Reg M-A\n|rated|\n|rule|Species Clause: Limit one of each Pok\u00e9mon\n|rule|Item Clause: Limit 1 of each item\n|clearpoke\n|poke|p1|Pelipper, L50, M|\n|poke|p1|Incineroar, L50, M|\n|poke|p1|Garchomp, L50, M|\n|poke|p1|Archaludon, L50, M|\n|poke|p1|Basculegion, L50, M|\n|poke|p1|Meganium, L50, M|\n|poke|p2|Tyranitar, L50, F|\n|poke|p2|Excadrill, L50, F|\n|poke|p2|Sneasler, L50, F|\n|poke|p2|Corviknight, L50, F|\n|poke|p2|Rotom-Wash, L50|\n|poke|p2|Whimsicott, L50, M|\n|teampreview|4\n|\n|t:|1776141398\n|teamsize|p1|4\n|teamsize|p2|4\n|start\n|switch|p1a: Incineroar|Incineroar, L50, M|100/100\n|switch|p1b: Basculegion|Basculegion, L50, M|100/100\n|switch|p2a: Sneasler|Sneasler, L50, F|100/100\n|switch|p2b: Tyranitar|Tyranitar, L50, F|100/100\n|-weather|Sandstorm|[from] ability: Sand Stream|[of] p2b: Tyranitar\n|-ability|p1a: Incineroar|Intimidate|boost\n|-unboost|p2a: Sneasler|atk|1\n|-unboost|p2b: Tyranitar|atk|1\n|-enditem|p2a: Sneasler|White Herb\n|-clearnegativeboost|p2a: Sneasler|[silent]\n|turn|1\n|inactive|Battle timer is ON: inactive players will automatically lose when time's up. (requested by wuachaxl)\n|\n|t:|1776141419\n|move|p2a: Sneasler|Fake Out|p1a: Incineroar\n|-damage|p1a: Incineroar|90/100\n|cant|p1a: Incineroar|flinch\n|move|p1b: Basculegion|Flip Turn|p2b: Tyranitar\n|-supereffective|p2b: Tyranitar|1\n|-damage|p2b: Tyranitar|41/100\n|\n|t:|1776141439\n|switch|p1b: Pelipper|Pelipper, L50, M|100/100|[from] Flip Turn\n|-weather|RainDance|[from] ability: Drizzle|[of] p1b: Pelipper\n|move|p2b: Tyranitar|Assurance|p1b: Pelipper\n|-damage|p1b: Pelipper|74/100\n|\n|-weather|RainDance|[upkeep]\n|upkeep\n|turn|2\n|inactive|JarvisTypeGGEZ has 30 seconds left.\n|inactive|JarvisTypeGGEZ has 20 seconds left.\n|\n|t:|1776141474\n|switch|p1a: Basculegion|Basculegion, L50, M|100/100\n|detailschange|p2b: Tyranitar|Tyranitar-Mega, L50, F\n|-mega|p2b: Tyranitar|Tyranitar|Tyranitarite\n|-weather|Sandstorm|[from] ability: Sand Stream|[of] p2b: Tyranitar\n|move|p2b: Tyranitar|Protect|p2b: Tyranitar\n|-singleturn|p2b: Tyranitar|Protect\n|move|p2a: Sneasler|Close Combat|p1a: Basculegion\n|-immune|p1a: Basculegion\n|move|p1b: Pelipper|Tailwind|p1b: Pelipper\n|-sidestart|p1: JarvisTypeGGEZ|move: Tailwind\n|\n|-weather|Sandstorm|[upkeep]\n|-damage|p1a: Basculegion|94/100|[from] Sandstorm\n|-damage|p2a: Sneasler|95/100|[from] Sandstorm\n|-damage|p1b: Pelipper|68/100|[from] Sandstorm\n|upkeep\n|turn|3\n|\n|t:|1776141492\n|switch|p2b: Corviknight|Corviknight, L50, F|100/100\n|move|p1a: Basculegion|Wave Crash|p2b: Corviknight\n|-damage|p2b: Corviknight|33/100\n|-damage|p1a: Basculegion|72/100|[from] Recoil\n|move|p2a: Sneasler|Coaching|p2b: Corviknight\n|-boost|p2b: Corviknight|atk|1\n|-boost|p2b: Corviknight|def|1\n|move|p1b: Pelipper|Hurricane|p2a: Sneasler|[miss]\n|-miss|p1b: Pelipper|p2a: Sneasler\n|\n|-weather|Sandstorm|[upkeep]\n|-damage|p1a: Basculegion|65/100|[from] Sandstorm\n|-damage|p2a: Sneasler|89/100|[from] Sandstorm\n|-damage|p1b: Pelipper|63/100|[from] Sandstorm\n|-heal|p2b: Corviknight|39/100|[from] item: Leftovers\n|upkeep\n|turn|4\n|\n|t:|1776141516\n|switch|p1b: Incineroar|Incineroar, L50, M|90/100\n|-ability|p1b: Incineroar|Intimidate|boost\n|-unboost|p2a: Sneasler|atk|1\n|-ability|p2b: Corviknight|Mirror Armor\n|-unboost|p1b: Incineroar|atk|1\n|move|p1a: Basculegion|Wave Crash|p2b: Corviknight\n|-damage|p2b: Corviknight|0 fnt\n|faint|p2b: Corviknight\n|-damage|p1a: Basculegion|53/100|[from] Recoil\n|move|p2a: Sneasler|Dire Claw|p1b: Incineroar\n|-damage|p1b: Incineroar|67/100\n|\n|-weather|Sandstorm|[upkeep]\n|-damage|p1a: Basculegion|47/100|[from] Sandstorm\n|-damage|p2a: Sneasler|83/100|[from] Sandstorm\n|-damage|p1b: Incineroar|61/100|[from] Sandstorm\n|upkeep\n|\n|t:|1776141520\n|switch|p2b: Tyranitar|Tyranitar-Mega, L50, F|41/100\n|turn|5\n|inactive|JarvisTypeGGEZ has 30 seconds left.\n|inactive|JarvisTypeGGEZ has 20 seconds left.\n|inactive|JarvisTypeGGEZ has 15 seconds left.\n|inactive|JarvisTypeGGEZ has 10 seconds left.\n|\n|t:|1776141566\n|switch|p1b: Pelipper|Pelipper, L50, M|63/100\n|-weather|RainDance|[from] ability: Drizzle|[of] p1b: Pelipper\n|move|p2b: Tyranitar|Protect|p2b: Tyranitar\n|-singleturn|p2b: Tyranitar|Protect\n|move|p1a: Basculegion|Wave Crash|p2a: Sneasler\n|-crit|p2a: Sneasler\n|-damage|p2a: Sneasler|0 fnt\n|faint|p2a: Sneasler\n|-damage|p1a: Basculegion|25/100|[from] Recoil\n|\n|-weather|RainDance|[upkeep]\n|-sideend|p1: JarvisTypeGGEZ|move: Tailwind\n|upkeep\n|-message|wuachaxl forfeited.\n|\n|win|JarvisTypeGGEZ\n|raw|JarvisTypeGGEZ's rating: 1164 &rarr; <strong>1189</strong><br />(+25 for winning)\n|raw|wuachaxl's rating: 1169 &rarr; <strong>1144</strong><br />(-25 for losing)\n|l|\u2606wuachaxl\n|player|p2|\n",
  "uploadtime": 1776141583,
  "views": 21,
  "formatid": "gen9championsvgc2026regma",
  "rating": 1144,
  "private": 0,
  "password": null
}