{
  "id": "gen9championsvgc2026regma-2583835939",
  "format": "[Gen 9 Champions] VGC 2026 Reg M-A",
  "players": [
    "ClumbsyLilBeach",
    "SunTufo"
  ],
  "log": "|j|\u2606ClumbsyLilBeach\n|j|\u2606SunTufo\n|t:|1776201473\n|gametype|doubles\n|player|p1|ClumbsyLilBeach|jasmine|1414\n|player|p2|SunTufo|li|1359\n|gen|9\n|tier|[Gen 9 Champions] VGC 2026 Reg M-A\n|rated|\n|rule|Species Clause: Limit one of each Pok\u00e9mon\n|rule|Item Clause: Limit 1 of each item\n|clearpoke\n|poke|p1|Dragonite, L50, M|\n|poke|p1|Salazzle, L50, F|\n|poke|p1|Basculegion, L50, M|\n|poke|p1|Farigiraf, L50, F|\n|poke|p1|Corviknight, L50, M|\n|poke|p1|Clefable, L50, F|\n|poke|p2|Froslass, L50, F|\n|poke|p2|Milotic, L50, F|\n|poke|p2|Sneasler, L50, M|\n|poke|p2|Aerodactyl, L50, M|\n|poke|p2|Garchomp, L50, M|\n|poke|p2|Rotom-Wash, L50|\n|teampreview|4\n|inactive|Battle timer is ON: inactive players will automatically lose when time's up. (requested by SunTufo)\n|inactive|ClumbsyLilBeach also wants the timer to be on.\n|inactive|SunTufo has 60 seconds left.\n|\n|t:|1776201510\n|teamsize|p1|4\n|teamsize|p2|4\n|start\n|switch|p1a: Farigiraf|Farigiraf, L50, F|100/100\n|switch|p1b: Corviknight|Corviknight, L50, M|100/100\n|switch|p2a: Froslass|Froslass, L50, F, shiny|100/100\n|switch|p2b: Rotom|Rotom-Wash, L50|100/100\n|turn|1\n|\n|t:|1776201527\n|detailschange|p2a: Froslass|Froslass-Mega, L50, F, shiny\n|-mega|p2a: Froslass|Froslass|Froslassite\n|-weather|Snowscape|[from] ability: Snow Warning|[of] p2a: Froslass\n|move|p2b: Rotom|Trick|p1a: Farigiraf\n|-activate|p2b: Rotom|move: Trick|[of] p1a: Farigiraf\n|-item|p1a: Farigiraf|Choice Scarf|[from] move: Trick\n|-item|p2b: Rotom|Mental Herb|[from] move: Trick\n|move|p2a: Froslass|Aurora Veil|p2a: Froslass\n|-sidestart|p2: SunTufo|move: Aurora Veil\n|move|p1b: Corviknight|Bulk Up|p1b: Corviknight\n|-boost|p1b: Corviknight|atk|1\n|-boost|p1b: Corviknight|def|1\n|move|p1a: Farigiraf|Trick Room|p1a: Farigiraf\n|-fieldstart|move: Trick Room|[of] p1a: Farigiraf\n|\n|-weather|Snowscape|[upkeep]\n|upkeep\n|turn|2\n|inactive|ClumbsyLilBeach has 30 seconds left.\n|\n|t:|1776201553\n|switch|p1a: Clefable|Clefable, L50, F|100/100\n|move|p1b: Corviknight|Protect|p1b: Corviknight\n|-singleturn|p1b: Corviknight|Protect\n|move|p2a: Froslass|Protect|p2a: Froslass\n|-singleturn|p2a: Froslass|Protect\n|move|p2b: Rotom|Thunderbolt|p1b: Corviknight\n|-activate|p1b: Corviknight|move: Protect\n|\n|-weather|Snowscape|[upkeep]\n|upkeep\n|turn|3\n|\n|t:|1776201568\n|move|p1a: Clefable|Follow Me|p1a: Clefable\n|-singleturn|p1a: Clefable|move: Follow Me\n|move|p1b: Corviknight|Bulk Up|p1b: Corviknight\n|-boost|p1b: Corviknight|atk|1\n|-boost|p1b: Corviknight|def|1\n|move|p2b: Rotom|Volt Switch|p1a: Clefable\n|-damage|p1a: Clefable|74/100\n|\n|t:|1776201579\n|switch|p2b: Sneasler|Sneasler, L50, M, shiny|100/100|[from] Volt Switch\n|move|p2a: Froslass|Blizzard|p1a: Clefable|[spread] p1a,p1b\n|-damage|p1a: Clefable|38/100\n|-damage|p1b: Corviknight|60/100\n|-enditem|p1a: Clefable|Sitrus Berry|[eat]\n|-heal|p1a: Clefable|63/100|[from] item: Sitrus Berry\n|\n|-weather|Snowscape|[upkeep]\n|-heal|p1b: Corviknight|66/100|[from] item: Leftovers\n|upkeep\n|turn|4\n|\n|t:|1776201596\n|move|p2b: Sneasler|Fake Out|p1b: Corviknight\n|-resisted|p1b: Corviknight|1\n|-damage|p1b: Corviknight|63/100\n|move|p1a: Clefable|Life Dew|p1a: Clefable|[spread] p1a,p1b\n|-heal|p1a: Clefable|88/100\n|-heal|p1b: Corviknight|88/100\n|cant|p1b: Corviknight|flinch\n|move|p2a: Froslass|Blizzard|p1b: Corviknight|[spread] p1a,p1b\n|-damage|p1a: Clefable|51/100\n|-damage|p1b: Corviknight|49/100\n|\n|-weather|Snowscape|[upkeep]\n|-heal|p1b: Corviknight|55/100|[from] item: Leftovers\n|upkeep\n|turn|5\n|\n|t:|1776201617\n|switch|p2a: Rotom|Rotom-Wash, L50|100/100\n|move|p1a: Clefable|Life Dew|p1a: Clefable|[spread] p1a,p1b\n|-heal|p1a: Clefable|76/100\n|-heal|p1b: Corviknight|80/100\n|move|p1b: Corviknight|Iron Head|p2a: Rotom\n|-resisted|p2a: Rotom|2\n|-damage|p2a: Rotom|90/100\n|move|p2b: Sneasler|Dire Claw|p1a: Clefable\n|-supereffective|p1a: Clefable|1\n|-damage|p1a: Clefable|0 fnt\n|faint|p1a: Clefable\n|\n|-weather|none\n|-heal|p1b: Corviknight|86/100|[from] item: Leftovers\n|-sideend|p2: SunTufo|move: Aurora Veil\n|-fieldend|move: Trick Room\n|upkeep\n|\n|t:|1776201635\n|switch|p1a: Farigiraf|Farigiraf, L50, F|100/100\n|turn|6\n|\n|t:|1776201652\n|move|p2b: Sneasler|Coaching|p2a: Rotom\n|-boost|p2a: Rotom|atk|1\n|-boost|p2a: Rotom|def|1\n|move|p2a: Rotom|Thunderbolt|p1b: Corviknight\n|-supereffective|p1b: Corviknight|1\n|-damage|p1b: Corviknight|8/100\n|move|p1a: Farigiraf|Psychic|p2b: Sneasler\n|-supereffective|p2b: Sneasler|2\n|-enditem|p2b: Sneasler|Focus Sash\n|-damage|p2b: Sneasler|1/100\n|move|p1b: Corviknight|Body Press|p2a: Rotom\n|-damage|p2a: Rotom|47/100\n|\n|-heal|p1b: Corviknight|14/100|[from] item: Leftovers\n|upkeep\n|turn|7\n|\n|t:|1776201671\n|move|p1b: Corviknight|Protect|p1b: Corviknight\n|-singleturn|p1b: Corviknight|Protect\n|move|p2b: Sneasler|Close Combat|p1a: Farigiraf\n|-damage|p1a: Farigiraf|49/100\n|-unboost|p2b: Sneasler|def|1\n|-unboost|p2b: Sneasler|spd|1\n|move|p2a: Rotom|Thunderbolt|p1b: Corviknight\n|-activate|p1b: Corviknight|move: Protect\n|move|p1a: Farigiraf|Psychic|p2a: Rotom\n|-damage|p2a: Rotom|0 fnt\n|faint|p2a: Rotom\n|\n|-heal|p1b: Corviknight|21/100|[from] item: Leftovers\n|upkeep\n|\n|t:|1776201675\n|switch|p2a: Froslass|Froslass-Mega, L50, F, shiny|100/100\n|-weather|Snowscape|[from] ability: Snow Warning|[of] p2a: Froslass\n|turn|8\n|\n|t:|1776201694\n|move|p2b: Sneasler|Coaching|p2a: Froslass\n|-boost|p2a: Froslass|atk|1\n|-boost|p2a: Froslass|def|1\n|move|p2a: Froslass|Blizzard|p1a: Farigiraf|[spread] p1a,p1b\n|-damage|p1a: Farigiraf|10/100\n|-damage|p1b: Corviknight|0 fnt\n|faint|p1b: Corviknight\n|move|p1a: Farigiraf|Psychic|p2b: Sneasler\n|-supereffective|p2b: Sneasler|2\n|-damage|p2b: Sneasler|0 fnt\n|faint|p2b: Sneasler\n|\n|-weather|Snowscape|[upkeep]\n|upkeep\n|\n|t:|1776201708\n|switch|p2b: Milotic|Milotic, L50, F, shiny|100/100\n|switch|p1b: Basculegion|Basculegion, L50, M|100/100\n|turn|9\n|\n|t:|1776201717\n|move|p2a: Froslass|Protect|p2a: Froslass\n|-singleturn|p2a: Froslass|Protect\n|move|p1b: Basculegion|Last Respects|p2a: Froslass\n|-activate|p2a: Froslass|move: Protect\n|move|p2b: Milotic|Icy Wind|p1a: Farigiraf|[spread] p1b\n|-miss|p2b: Milotic|p1a: Farigiraf\n|-resisted|p1b: Basculegion|1\n|-damage|p1b: Basculegion|95/100\n|-unboost|p1b: Basculegion|spe|1\n|move|p1a: Farigiraf|Psychic|p2a: Froslass\n|-activate|p2a: Froslass|move: Protect\n|\n|-weather|Snowscape|[upkeep]\n|upkeep\n|turn|10\n|\n|t:|1776201737\n|move|p2a: Froslass|Shadow Ball|p1b: Basculegion\n|-supereffective|p1b: Basculegion|1\n|-damage|p1b: Basculegion|0 fnt\n|faint|p1b: Basculegion\n|move|p2b: Milotic|Scald|p1a: Farigiraf\n|-damage|p1a: Farigiraf|0 fnt\n|faint|p1a: Farigiraf\n|\n|win|SunTufo\n|raw|ClumbsyLilBeach's rating: 1414 &rarr; <strong>1391</strong><br />(-23 for losing)\n|raw|SunTufo's rating: 1359 &rarr; <strong>1382</strong><br />(+23 for winning)\n",
  "uploadtime": 1776201737,
  "views": 48,
  "formatid": "gen9championsvgc2026regma",
  "rating": 1382,
  "private": 0,
  "password": null
}