{
  "id": "gen9championsvgc2026regma-2586303371",
  "format": "[Gen 9 Champions] VGC 2026 Reg M-A",
  "players": [
    "WFK234",
    "Crash0utVGC"
  ],
  "log": "|j|\u2606WFK234\n|j|\u2606Crash0utVGC\n|t:|1776423228\n|gametype|doubles\n|player|p1|WFK234|266|1162\n|player|p2|Crash0utVGC|colress|1242\n|gen|9\n|tier|[Gen 9 Champions] VGC 2026 Reg M-A\n|rated|\n|rule|Species Clause: Limit one of each Pok\u00e9mon\n|rule|Item Clause: Limit 1 of each item\n|clearpoke\n|poke|p1|Lycanroc-Dusk, L50, M|\n|poke|p1|Charizard, L50, M|\n|poke|p1|Whimsicott, L50, F|\n|poke|p1|Garchomp, L50, F|\n|poke|p1|Sneasler, L50, F|\n|poke|p1|Incineroar, L50, M|\n|poke|p2|Feraligatr, L50, M|\n|poke|p2|Aerodactyl, L50, F|\n|poke|p2|Sinistcha, L50|\n|poke|p2|Sylveon, L50, M|\n|poke|p2|Charizard, L50, F|\n|poke|p2|Sneasler, L50, F|\n|teampreview|4\n|inactive|Battle timer is ON: inactive players will automatically lose when time's up. (requested by WFK234)\n|\n|t:|1776423248\n|teamsize|p1|4\n|teamsize|p2|4\n|start\n|switch|p1a: Whimsicott|Whimsicott, L50, F, shiny|100/100\n|switch|p1b: Sneasler|Sneasler, L50, F, shiny|100/100\n|switch|p2a: Feraligatr|Feraligatr, L50, M|100/100\n|switch|p2b: Aerodactyl|Aerodactyl, L50, F|100/100\n|-ability|p2b: Aerodactyl|Unnerve\n|turn|1\n|\n|t:|1776423262\n|detailschange|p2a: Feraligatr|Feraligatr-Mega, L50, M\n|-mega|p2a: Feraligatr|Feraligatr|Feraligite\n|move|p1a: Whimsicott|Tailwind|p1a: Whimsicott\n|-sidestart|p1: WFK234|move: Tailwind\n|move|p1b: Sneasler|Close Combat|p2a: Feraligatr\n|-damage|p2a: Feraligatr|45/100\n|-unboost|p1b: Sneasler|def|1\n|-unboost|p1b: Sneasler|spd|1\n|-enditem|p1b: Sneasler|White Herb\n|-clearnegativeboost|p1b: Sneasler|[silent]\n|move|p2b: Aerodactyl|Dual Wingbeat|p1a: Whimsicott\n|-supereffective|p1a: Whimsicott|1\n|-damage|p1a: Whimsicott|48/100\n|-supereffective|p1a: Whimsicott|1\n|-damage|p1a: Whimsicott|0 fnt\n|faint|p1a: Whimsicott\n|-hitcount|p1: Whimsicott|2\n|move|p2a: Feraligatr|Double-Edge|p1b: Sneasler\n|-damage|p1b: Sneasler|0 fnt\n|faint|p1b: Sneasler\n|-damage|p2a: Feraligatr|16/100|[from] Recoil\n|\n|upkeep\n|\n|t:|1776423277\n|switch|p1a: Charizard|Charizard, L50, M, shiny|100/100\n|switch|p1b: Lycanroc|Lycanroc-Dusk, L50, M, shiny|100/100\n|turn|2\n|inactive|Crash0utVGC has 30 seconds left.\n|\n|t:|1776423308\n|switch|p2b: Sinistcha|Sinistcha, L50|100/100\n|-heal|p2a: Feraligatr|41/100|[from] ability: Hospitality|[of] p2b: Sinistcha\n|detailschange|p1a: Charizard|Charizard-Mega-Y, L50, M, shiny\n|-mega|p1a: Charizard|Charizard|Charizardite Y\n|-weather|SunnyDay|[from] ability: Drought|[of] p1a: Charizard\n|move|p2a: Feraligatr|Protect|p2a: Feraligatr\n|-singleturn|p2a: Feraligatr|Protect\n|move|p1b: Lycanroc|Close Combat|p2b: Sinistcha\n|-immune|p2b: Sinistcha\n|move|p1a: Charizard|Solar Beam||[still]\n|-prepare|p1a: Charizard|Solar Beam\n|-anim|p1a: Charizard|Solar Beam|p2a: Feraligatr\n|-activate|p2a: Feraligatr|move: Protect\n|\n|-weather|SunnyDay|[upkeep]\n|upkeep\n|turn|3\n|\n|t:|1776423322\n|move|p2b: Sinistcha|Rage Powder|p2b: Sinistcha\n|-singleturn|p2b: Sinistcha|move: Rage Powder\n|move|p1b: Lycanroc|Close Combat|p2b: Sinistcha\n|-immune|p2b: Sinistcha\n|move|p1a: Charizard|Weather Ball|p2b: Sinistcha\n|-supereffective|p2b: Sinistcha|1\n|-damage|p2b: Sinistcha|0 fnt\n|faint|p2b: Sinistcha\n|move|p2a: Feraligatr|Double-Edge|p1b: Lycanroc\n|-damage|p1b: Lycanroc|0 fnt\n|faint|p1b: Lycanroc\n|-damage|p2a: Feraligatr|12/100|[from] Recoil\n|\n|-weather|SunnyDay|[upkeep]\n|upkeep\n|\n|t:|1776423331\n|switch|p2b: Aerodactyl|Aerodactyl, L50, F|100/100\n|-ability|p2b: Aerodactyl|Unnerve\n|turn|4\n|\n|t:|1776423335\n|move|p2b: Aerodactyl|Protect|p2b: Aerodactyl\n|-singleturn|p2b: Aerodactyl|Protect\n|move|p2a: Feraligatr|Protect|p2a: Feraligatr\n|-singleturn|p2a: Feraligatr|Protect\n|move|p1a: Charizard|Heat Wave|p2b: Aerodactyl|[spread] \n|-activate|p2a: Feraligatr|move: Protect\n|-activate|p2b: Aerodactyl|move: Protect\n|\n|-weather|SunnyDay|[upkeep]\n|-sideend|p1: WFK234|move: Tailwind\n|upkeep\n|turn|5\n|\n|t:|1776423342\n|move|p2b: Aerodactyl|Tailwind|p2b: Aerodactyl\n|-sidestart|p2: Crash0utVGC|move: Tailwind\n|move|p2a: Feraligatr|Double-Edge|p1a: Charizard\n|-damage|p1a: Charizard|0 fnt\n|faint|p1a: Charizard\n|-damage|p2a: Feraligatr|0 fnt|[from] Recoil\n|faint|p2a: Feraligatr\n|\n|win|Crash0utVGC\n|raw|WFK234's rating: 1162 &rarr; <strong>1143</strong><br />(-19 for losing)\n|raw|Crash0utVGC's rating: 1242 &rarr; <strong>1261</strong><br />(+19 for winning)\n",
  "uploadtime": 1776423343,
  "views": 27,
  "formatid": "gen9championsvgc2026regma",
  "rating": 1143,
  "private": 0,
  "password": null
}