{
  "id": "gen9championsvgc2026regma-2583177536",
  "format": "[Gen 9 Champions] VGC 2026 Reg M-A",
  "players": [
    "sisowbevdd",
    "zack3475"
  ],
  "log": "|j|\u2606sisowbevdd\n|j|\u2606zack3475\n|t:|1776151392\n|gametype|doubles\n|player|p1|sisowbevdd|101|1043\n|player|p2|zack3475|170|1129\n|gen|9\n|tier|[Gen 9 Champions] VGC 2026 Reg M-A\n|rated|\n|rule|Species Clause: Limit one of each Pok\u00e9mon\n|rule|Item Clause: Limit 1 of each item\n|clearpoke\n|poke|p1|Tyranitar, L50, F|\n|poke|p1|Lycanroc, L50, M|\n|poke|p1|Farigiraf, L50, M|\n|poke|p1|Glimmora, L50, M|\n|poke|p1|Sinistcha, L50|\n|poke|p1|Primarina, L50, M|\n|poke|p2|Sneasler, L50, M|\n|poke|p2|Froslass, L50, F|\n|poke|p2|Whimsicott, L50, F|\n|poke|p2|Garchomp, L50, M|\n|poke|p2|Milotic, L50, F|\n|poke|p2|Kingambit, L50, M|\n|teampreview|4\n|\n|t:|1776151419\n|teamsize|p1|4\n|teamsize|p2|4\n|start\n|switch|p1a: Lycanroc|Lycanroc, L50, M|100/100\n|switch|p1b: Farigiraf|Farigiraf, L50, M|100/100\n|switch|p2a: Froslass|Froslass, L50, F|100/100\n|switch|p2b: Sneasler|Sneasler, L50, M|100/100\n|turn|1\n|inactive|Battle timer is ON: inactive players will automatically lose when time's up. (requested by zack3475)\n|\n|t:|1776151451\n|switch|p1b: Tyranitar|Tyranitar, L50, F|100/100\n|-weather|Sandstorm|[from] ability: Sand Stream|[of] p1b: Tyranitar\n|detailschange|p2a: Froslass|Froslass-Mega, L50, F\n|-mega|p2a: Froslass|Froslass|Froslassite\n|-weather|Snowscape|[from] ability: Snow Warning|[of] p2a: Froslass\n|move|p2b: Sneasler|Close Combat|p1a: Lycanroc\n|-supereffective|p1a: Lycanroc|1\n|-enditem|p1a: Lycanroc|Focus Sash\n|-damage|p1a: Lycanroc|1/100\n|-unboost|p2b: Sneasler|def|1\n|-unboost|p2b: Sneasler|spd|1\n|move|p2a: Froslass|Blizzard|p1b: Tyranitar|[spread] p1a,p1b\n|-damage|p1a: Lycanroc|0 fnt\n|-damage|p1b: Tyranitar|59/100\n|faint|p1a: Lycanroc\n|\n|-weather|Snowscape|[upkeep]\n|upkeep\n|\n|t:|1776151460\n|switch|p1a: Farigiraf|Farigiraf, L50, M|100/100\n|turn|2\n|\n|t:|1776151484\n|move|p1b: Tyranitar|Protect|p1b: Tyranitar\n|-singleturn|p1b: Tyranitar|Protect\n|move|p2b: Sneasler|Close Combat|p1b: Tyranitar\n|-activate|p1b: Tyranitar|move: Protect\n|move|p2a: Froslass|Blizzard|p1a: Farigiraf|[spread] p1a\n|-activate|p1b: Tyranitar|move: Protect\n|-damage|p1a: Farigiraf|62/100\n|move|p1a: Farigiraf|Trick Room|p1a: Farigiraf\n|-fieldstart|move: Trick Room|[of] p1a: Farigiraf\n|\n|-weather|Snowscape|[upkeep]\n|upkeep\n|turn|3\n|\n|t:|1776151497\n|move|p2a: Froslass|Protect|p2a: Froslass\n|-singleturn|p2a: Froslass|Protect\n|move|p1a: Farigiraf|Hyper Voice|p2a: Froslass|[spread] p2b\n|-activate|p2a: Froslass|move: Protect\n|-damage|p2b: Sneasler|39/100\n|move|p1b: Tyranitar|Knock Off|p2a: Froslass\n|-activate|p2a: Froslass|move: Protect\n|move|p2b: Sneasler|Close Combat|p1b: Tyranitar\n|-supereffective|p1b: Tyranitar|2\n|-enditem|p1b: Tyranitar|Chople Berry|[eat]\n|-enditem|p1b: Tyranitar|Chople Berry|[weaken]\n|-damage|p1b: Tyranitar|0 fnt\n|-unboost|p2b: Sneasler|def|1\n|-unboost|p2b: Sneasler|spd|1\n|faint|p1b: Tyranitar\n|\n|-weather|Snowscape|[upkeep]\n|upkeep\n|\n|t:|1776151503\n|switch|p1b: Primarina|Primarina, L50, M|100/100\n|turn|4\n|\n|t:|1776151519\n|move|p1a: Farigiraf|Helping Hand|p1b: Primarina\n|-singleturn|p1b: Primarina|Helping Hand|[of] p1a: Farigiraf\n|move|p1b: Primarina|Hyper Voice|p2a: Froslass|[spread] p2a,p2b\n|-damage|p2a: Froslass|42/100\n|-damage|p2b: Sneasler|0 fnt\n|faint|p2b: Sneasler\n|move|p2a: Froslass|Thunderbolt|p1b: Primarina\n|-supereffective|p1b: Primarina|1\n|-damage|p1b: Primarina|40/100\n|\n|-weather|Snowscape|[upkeep]\n|-heal|p1b: Primarina|46/100|[from] item: Leftovers\n|upkeep\n|\n|t:|1776151532\n|switch|p2b: Milotic|Milotic, L50, F|100/100\n|turn|5\n|\n|t:|1776151541\n|move|p2a: Froslass|Protect|p2a: Froslass\n|-singleturn|p2a: Froslass|Protect\n|move|p1b: Primarina|Calm Mind|p1b: Primarina\n|-boost|p1b: Primarina|spa|1\n|-boost|p1b: Primarina|spd|1\n|move|p1a: Farigiraf|Hyper Voice|p2a: Froslass|[spread] p2b\n|-activate|p2a: Froslass|move: Protect\n|-damage|p2b: Milotic|81/100\n|move|p2b: Milotic|Scald|p1a: Farigiraf\n|-damage|p1a: Farigiraf|36/100\n|-status|p1a: Farigiraf|brn\n|\n|-weather|none\n|-heal|p1b: Primarina|51/100|[from] item: Leftovers\n|-heal|p2b: Milotic|87/100|[from] item: Leftovers\n|-damage|p1a: Farigiraf|30/100 brn|[from] brn\n|upkeep\n|turn|6\n|\n|t:|1776151557\n|switch|p2a: Garchomp|Garchomp, L50, M|100/100\n|move|p1b: Primarina|Moonblast|p2a: Garchomp\n|-supereffective|p2a: Garchomp|1\n|-damage|p2a: Garchomp|0 fnt\n|faint|p2a: Garchomp\n|move|p1a: Farigiraf|Hyper Voice|p2b: Milotic\n|-damage|p2b: Milotic|62/100\n|move|p2b: Milotic|Scald|p1a: Farigiraf\n|-damage|p1a: Farigiraf|5/100 brn\n|\n|-heal|p1b: Primarina|57/100|[from] item: Leftovers\n|-heal|p2b: Milotic|68/100|[from] item: Leftovers\n|-damage|p1a: Farigiraf|0 fnt|[from] brn\n|faint|p1a: Farigiraf\n|-fieldend|move: Trick Room\n|upkeep\n|\n|t:|1776151568\n|switch|p2a: Froslass|Froslass-Mega, L50, F|42/100\n|-weather|Snowscape|[from] ability: Snow Warning|[of] p2a: Froslass\n|turn|7\n|\n|t:|1776151576\n|move|p1b: Primarina|Protect|p1b: Primarina\n|-singleturn|p1b: Primarina|Protect\n|move|p2a: Froslass|Thunderbolt|p1b: Primarina\n|-activate|p1b: Primarina|move: Protect\n|move|p2b: Milotic|Scald|p1b: Primarina\n|-activate|p1b: Primarina|move: Protect\n|\n|-weather|Snowscape|[upkeep]\n|-heal|p2b: Milotic|74/100|[from] item: Leftovers\n|-heal|p1b: Primarina|63/100|[from] item: Leftovers\n|upkeep\n|turn|8\n|\n|t:|1776151588\n|move|p2a: Froslass|Thunderbolt|p1b: Primarina\n|-supereffective|p1b: Primarina|1\n|-damage|p1b: Primarina|22/100\n|move|p2b: Milotic|Blizzard|p1b: Primarina\n|-resisted|p1b: Primarina|1\n|-crit|p1b: Primarina\n|-damage|p1b: Primarina|4/100\n|move|p1b: Primarina|Moonblast|p2a: Froslass\n|-damage|p2a: Froslass|0 fnt\n|faint|p2a: Froslass\n|\n|-weather|Snowscape|[upkeep]\n|-heal|p2b: Milotic|80/100|[from] item: Leftovers\n|-heal|p1b: Primarina|10/100|[from] item: Leftovers\n|upkeep\n|turn|9\n|\n|t:|1776151598\n|move|p1b: Primarina|Protect|p1b: Primarina\n|-singleturn|p1b: Primarina|Protect\n|move|p2b: Milotic|Scald|p1b: Primarina\n|-activate|p1b: Primarina|move: Protect\n|\n|-weather|Snowscape|[upkeep]\n|-heal|p2b: Milotic|86/100|[from] item: Leftovers\n|-heal|p1b: Primarina|16/100|[from] item: Leftovers\n|upkeep\n|turn|10\n|\n|t:|1776151603\n|move|p2b: Milotic|Scald|p1b: Primarina\n|-resisted|p1b: Primarina|1\n|-damage|p1b: Primarina|8/100\n|move|p1b: Primarina|Calm Mind|p1b: Primarina\n|-boost|p1b: Primarina|spa|1\n|-boost|p1b: Primarina|spd|1\n|\n|-weather|Snowscape|[upkeep]\n|-heal|p2b: Milotic|92/100|[from] item: Leftovers\n|-heal|p1b: Primarina|13/100|[from] item: Leftovers\n|upkeep\n|turn|11\n|\n|t:|1776151608\n|move|p1b: Primarina|Protect|p1b: Primarina\n|-singleturn|p1b: Primarina|Protect\n|move|p2b: Milotic|Scald|p1b: Primarina\n|-activate|p1b: Primarina|move: Protect\n|\n|-weather|none\n|-heal|p2b: Milotic|98/100|[from] item: Leftovers\n|-heal|p1b: Primarina|19/100|[from] item: Leftovers\n|upkeep\n|turn|12\n|\n|t:|1776151611\n|move|p2b: Milotic|Scald|p1b: Primarina\n|-resisted|p1b: Primarina|1\n|-damage|p1b: Primarina|13/100\n|-status|p1b: Primarina|brn\n|move|p1b: Primarina|Calm Mind|p1b: Primarina\n|-boost|p1b: Primarina|spa|1\n|-boost|p1b: Primarina|spd|1\n|\n|-heal|p2b: Milotic|100/100|[from] item: Leftovers\n|-heal|p1b: Primarina|19/100 brn|[from] item: Leftovers\n|-damage|p1b: Primarina|13/100 brn|[from] brn\n|upkeep\n|turn|13\n|\n|t:|1776151621\n|move|p1b: Primarina|Protect|p1b: Primarina\n|-singleturn|p1b: Primarina|Protect\n|move|p2b: Milotic|Scald|p1b: Primarina\n|-activate|p1b: Primarina|move: Protect\n|\n|-heal|p1b: Primarina|19/100 brn|[from] item: Leftovers\n|-damage|p1b: Primarina|13/100 brn|[from] brn\n|upkeep\n|turn|14\n|\n|t:|1776151627\n|move|p2b: Milotic|Scald|p1b: Primarina\n|-resisted|p1b: Primarina|1\n|-damage|p1b: Primarina|8/100 brn\n|move|p1b: Primarina|Moonblast|p2b: Milotic\n|-damage|p2b: Milotic|21/100\n|\n|-heal|p2b: Milotic|27/100|[from] item: Leftovers\n|-heal|p1b: Primarina|13/100 brn|[from] item: Leftovers\n|-damage|p1b: Primarina|8/100 brn|[from] brn\n|upkeep\n|turn|15\n|c|\u2606zack3475|dont stall\n|c|\u2606zack3475|you lose\n|c|\u2606zack3475|XD\n|\n|t:|1776151638\n|move|p2b: Milotic|Scald|p1b: Primarina\n|-resisted|p1b: Primarina|1\n|-damage|p1b: Primarina|3/100 brn\n|move|p1b: Primarina|Moonblast|p2b: Milotic\n|-damage|p2b: Milotic|0 fnt\n|faint|p2b: Milotic\n|\n|win|sisowbevdd\n|raw|sisowbevdd's rating: 1043 &rarr; <strong>1085</strong><br />(+42 for winning)\n|raw|zack3475's rating: 1129 &rarr; <strong>1098</strong><br />(-31 for losing)\n",
  "uploadtime": 1776151641,
  "views": 15,
  "formatid": "gen9championsvgc2026regma",
  "rating": 1085,
  "private": 0,
  "password": null
}