{
  "id": "gen9championsvgc2026regma-2584884500",
  "format": "[Gen 9 Champions] VGC 2026 Reg M-A",
  "players": [
    "benjiapollo",
    "icydogg"
  ],
  "log": "|j|\u2606benjiapollo\n|j|\u2606icydogg\n|t:|1776291421\n|gametype|doubles\n|player|p1|benjiapollo|giovanni|1277\n|player|p2|icydogg|102|1301\n|gen|9\n|tier|[Gen 9 Champions] VGC 2026 Reg M-A\n|rated|\n|rule|Species Clause: Limit one of each Pok\u00e9mon\n|rule|Item Clause: Limit 1 of each item\n|clearpoke\n|poke|p1|Basculegion, L50, M|\n|poke|p1|Charizard, L50, M|\n|poke|p1|Kingambit, L50, F|\n|poke|p1|Sneasler, L50, F|\n|poke|p1|Venusaur, L50, F|\n|poke|p1|Talonflame, L50, M|\n|poke|p2|Aerodactyl, L50, F|\n|poke|p2|Sneasler, L50, M|\n|poke|p2|Garchomp, L50, M|\n|poke|p2|Floette-Eternal, L50, F|\n|poke|p2|Rotom-Wash, L50|\n|poke|p2|Delphox, L50, F|\n|teampreview|4\n|inactive|Battle timer is ON: inactive players will automatically lose when time's up. (requested by icydogg)\n|\n|t:|1776291435\n|teamsize|p1|4\n|teamsize|p2|4\n|start\n|switch|p1a: Talonflame|Talonflame, L50, M|100/100\n|switch|p1b: Charizard|Charizard, L50, M|100/100\n|switch|p2a: Aerodactyl|Aerodactyl, L50, F, shiny|100/100\n|switch|p2b: Sneasler|Sneasler, L50, M, shiny|100/100\n|-ability|p2a: Aerodactyl|Unnerve\n|turn|1\n|\n|t:|1776291453\n|detailschange|p1b: Charizard|Charizard-Mega-X, L50, M\n|-mega|p1b: Charizard|Charizard|Charizardite X\n|move|p1a: Talonflame|Quick Guard|p1a: Talonflame\n|-singleturn|p1a: Talonflame|Quick Guard\n|move|p2b: Sneasler|Fake Out|p1a: Talonflame\n|-activate|p1a: Talonflame|move: Quick Guard\n|move|p2a: Aerodactyl|Rock Slide|p1b: Charizard|[spread] p1a,p1b\n|-supereffective|p1a: Talonflame|2\n|-crit|p1a: Talonflame\n|-supereffective|p1b: Charizard|1\n|-enditem|p1a: Talonflame|Focus Sash\n|-damage|p1a: Talonflame|1/100\n|-damage|p1b: Charizard|50/100\n|move|p1b: Charizard|Thunder Punch|p2a: Aerodactyl\n|-supereffective|p2a: Aerodactyl|1\n|-enditem|p2a: Aerodactyl|Focus Sash\n|-damage|p2a: Aerodactyl|1/100\n|\n|upkeep\n|turn|2\n|inactive|benjiapollo has 30 seconds left.\n|\n|t:|1776291487\n|move|p2a: Aerodactyl|Tailwind|p2a: Aerodactyl\n|-sidestart|p2: icydogg|move: Tailwind\n|move|p2b: Sneasler|Close Combat|p1b: Charizard\n|-damage|p1b: Charizard|0 fnt\n|-unboost|p2b: Sneasler|def|1\n|-unboost|p2b: Sneasler|spd|1\n|faint|p1b: Charizard\n|-enditem|p2b: Sneasler|White Herb\n|-clearnegativeboost|p2b: Sneasler|[silent]\n|move|p1a: Talonflame|Tailwind|p1a: Talonflame\n|-sidestart|p1: benjiapollo|move: Tailwind\n|\n|upkeep\n|\n|t:|1776291497\n|switch|p1b: Sneasler|Sneasler, L50, F|100/100\n|turn|3\n|inactive|benjiapollo has 30 seconds left.\n|\n|t:|1776291527\n|move|p2b: Sneasler|Protect|p2b: Sneasler\n|-singleturn|p2b: Sneasler|Protect\n|move|p2a: Aerodactyl|Protect|p2a: Aerodactyl\n|-singleturn|p2a: Aerodactyl|Protect\n|move|p1b: Sneasler|Fake Out|p2b: Sneasler\n|-activate|p2b: Sneasler|move: Protect\n|move|p1a: Talonflame|Brave Bird|p2b: Sneasler\n|-activate|p2b: Sneasler|move: Protect\n|\n|upkeep\n|turn|4\n|\n|t:|1776291550\n|move|p1b: Sneasler|Protect|p1b: Sneasler\n|-singleturn|p1b: Sneasler|Protect\n|move|p2b: Sneasler|Dire Claw|p1a: Talonflame\n|-damage|p1a: Talonflame|0 fnt\n|faint|p1a: Talonflame\n|move|p2a: Aerodactyl|Dual Wingbeat|p1b: Sneasler\n|-activate|p1b: Sneasler|move: Protect\n|\n|upkeep\n|\n|t:|1776291558\n|switch|p1a: Basculegion|Basculegion, L50, M|100/100\n|turn|5\n|\n|t:|1776291566\n|move|p1a: Basculegion|Aqua Jet|p2a: Aerodactyl\n|-supereffective|p2a: Aerodactyl|1\n|-damage|p2a: Aerodactyl|0 fnt\n|faint|p2a: Aerodactyl\n|move|p2b: Sneasler|Dire Claw|p1b: Sneasler\n|-resisted|p1b: Sneasler|1\n|-damage|p1b: Sneasler|68/100\n|move|p1b: Sneasler|Close Combat|p2b: Sneasler\n|-resisted|p2b: Sneasler|1\n|-damage|p2b: Sneasler|45/100\n|-unboost|p1b: Sneasler|def|1\n|-unboost|p1b: Sneasler|spd|1\n|-enditem|p1b: Sneasler|White Herb\n|-clearnegativeboost|p1b: Sneasler|[silent]\n|\n|-sideend|p1: benjiapollo|move: Tailwind\n|-sideend|p2: icydogg|move: Tailwind\n|upkeep\n|\n|t:|1776291569\n|switch|p2a: Rotom|Rotom-Wash, L50, shiny|100/100\n|turn|6\n|\n|t:|1776291593\n|move|p1a: Basculegion|Aqua Jet|p2b: Sneasler\n|-damage|p2b: Sneasler|0 fnt\n|faint|p2b: Sneasler\n|move|p1b: Sneasler|Dire Claw|p2a: Rotom\n|-damage|p2a: Rotom|42/100\n|move|p2a: Rotom|Thunderbolt|p1a: Basculegion\n|-supereffective|p1a: Basculegion|1\n|-damage|p1a: Basculegion|7/100\n|\n|upkeep\n|\n|t:|1776291596\n|switch|p2b: Delphox|Delphox, L50, F, shiny|100/100\n|turn|7\n|\n|t:|1776291605\n|detailschange|p2b: Delphox|Delphox-Mega, L50, F, shiny\n|-mega|p2b: Delphox|Delphox|Delphoxite\n|move|p2b: Delphox|Protect|p2b: Delphox\n|-singleturn|p2b: Delphox|Protect\n|move|p1a: Basculegion|Aqua Jet|p2b: Delphox\n|-activate|p2b: Delphox|move: Protect\n|move|p1b: Sneasler|Dire Claw|p2a: Rotom\n|-damage|p2a: Rotom|0 fnt\n|faint|p2a: Rotom\n|\n|upkeep\n|turn|8\n|\n|t:|1776291618\n|move|p1a: Basculegion|Aqua Jet|p2b: Delphox\n|-supereffective|p2b: Delphox|1\n|-damage|p2b: Delphox|11/100\n|move|p1b: Sneasler|Dire Claw|p2b: Delphox\n|-damage|p2b: Delphox|0 fnt\n|faint|p2b: Delphox\n|\n|win|benjiapollo\n|raw|benjiapollo's rating: 1277 &rarr; <strong>1304</strong><br />(+27 for winning)\n|raw|icydogg's rating: 1301 &rarr; <strong>1280</strong><br />(-21 for losing)\n|l|\u2606icydogg\n|player|p2|\n",
  "uploadtime": 1776291633,
  "views": 32,
  "formatid": "gen9championsvgc2026regma",
  "rating": 1280,
  "private": 0,
  "password": null
}