{
  "id": "gen9championsvgc2026regma-2580859999",
  "format": "[Gen 9 Champions] VGC 2026 Reg M-A",
  "players": [
    "StealDota",
    "Todo CCT"
  ],
  "log": "|j|\u2606StealDota\n|j|\u2606Todo CCT\n|t:|1775938407\n|gametype|doubles\n|player|p1|StealDota|101|1111\n|player|p2|Todo CCT|giovanni|1043\n|gen|9\n|tier|[Gen 9 Champions] VGC 2026 Reg M-A\n|rated|\n|rule|Species Clause: Limit one of each Pok\u00e9mon\n|rule|Item Clause: Limit 1 of each item\n|clearpoke\n|poke|p1|Garchomp, L50, M|\n|poke|p1|Hippowdon, L50, F|\n|poke|p1|Incineroar, L50, F|\n|poke|p1|Aerodactyl, L50, F|\n|poke|p1|Empoleon, L50, M|\n|poke|p1|Aggron, L50, M|\n|poke|p2|Starmie, L50|\n|poke|p2|Archaludon, L50, F|\n|poke|p2|Pelipper, L50, F|\n|poke|p2|Incineroar, L50, F|\n|poke|p2|Basculegion, L50, M|\n|poke|p2|Aerodactyl, L50, M|\n|teampreview|4\n|\n|t:|1775938448\n|teamsize|p1|4\n|teamsize|p2|4\n|start\n|switch|p1a: Incineroar|Incineroar, L50, F|100/100\n|switch|p1b: Garchomp|Garchomp, L50, M|100/100\n|switch|p2a: Starmie|Starmie, L50|100/100\n|switch|p2b: Pelipper|Pelipper, L50, F|100/100\n|-weather|RainDance|[from] ability: Drizzle|[of] p2b: Pelipper\n|-ability|p1a: Incineroar|Intimidate|boost\n|-unboost|p2a: Starmie|atk|1\n|-unboost|p2b: Pelipper|atk|1\n|turn|1\n|\n|t:|1775938468\n|detailschange|p2a: Starmie|Starmie-Mega, L50\n|-mega|p2a: Starmie|Starmie|Starminite\n|move|p1b: Garchomp|Protect|p1b: Garchomp\n|-singleturn|p1b: Garchomp|Protect\n|move|p2a: Starmie|Flip Turn|p1a: Incineroar\n|-supereffective|p1a: Incineroar|1\n|-damage|p1a: Incineroar|14/100\n|l|\u2606Todo CCT\n|player|p2|\n|inactive|Battle timer is ON: inactive players will automatically lose when time's up. (requested by StealDota)\n|j|\u2606Todo CCT\n|inactive|Todo CCT reconnected and has 80 seconds left.\n|player|p2|Todo CCT|giovanni|\n|\n|t:|1775938504\n|switch|p2a: Aerodactyl|Aerodactyl, L50, M|100/100|[from] Flip Turn\n|-ability|p2a: Aerodactyl|Unnerve\n|move|p2b: Pelipper|Tailwind|p2b: Pelipper\n|-sidestart|p2: Todo CCT|move: Tailwind\n|move|p1a: Incineroar|Parting Shot|p2a: Aerodactyl\n|-unboost|p2a: Aerodactyl|atk|1\n|-unboost|p2a: Aerodactyl|spa|1\n|inactive|StealDota has 30 seconds left.\n|\n|t:|1775938530\n|switch|p1a: Hippowdon|Hippowdon, L50, F|100/100|[from] Parting Shot\n|-weather|Sandstorm|[from] ability: Sand Stream|[of] p1a: Hippowdon\n|\n|-weather|Sandstorm|[upkeep]\n|-damage|p2b: Pelipper|95/100|[from] Sandstorm\n|upkeep\n|turn|2\n|\n|t:|1775938538\n|move|p2a: Aerodactyl|Rain Dance|p2a: Aerodactyl\n|-weather|RainDance\n|move|p2b: Pelipper|Muddy Water|p1a: Hippowdon|[spread] \n|-miss|p2b: Pelipper|p1a: Hippowdon\n|-miss|p2b: Pelipper|p1b: Garchomp\n|move|p1b: Garchomp|Swords Dance|p1b: Garchomp\n|-boost|p1b: Garchomp|atk|2\n|move|p1a: Hippowdon|Ice Fang|p2a: Aerodactyl\n|-supereffective|p2a: Aerodactyl|1\n|-damage|p2a: Aerodactyl|48/100\n|\n|-weather|RainDance|[upkeep]\n|upkeep\n|turn|3\n|\n|t:|1775938556\n|switch|p2a: Starmie|Starmie-Mega, L50|100/100\n|move|p2b: Pelipper|Wide Guard|p2b: Pelipper\n|-singleturn|p2b: Pelipper|Wide Guard\n|move|p1b: Garchomp|Rock Slide|p2b: Pelipper|[spread] \n|-activate|p2a: Starmie|move: Wide Guard\n|-activate|p2b: Pelipper|move: Wide Guard\n|move|p1a: Hippowdon|Ice Fang|p2a: Starmie\n|-resisted|p2a: Starmie|1\n|-damage|p2a: Starmie|91/100\n|-status|p2a: Starmie|frz\n|\n|-weather|RainDance|[upkeep]\n|upkeep\n|turn|4\n|\n|t:|1775938580\n|switch|p1a: Aggron|Aggron, L50, M|100/100\n|cant|p2a: Starmie|frz\n|move|p2b: Pelipper|Weather Ball|p1a: Aggron\n|-supereffective|p1a: Aggron|1\n|-damage|p1a: Aggron|0 fnt\n|faint|p1a: Aggron\n|move|p1b: Garchomp|Swords Dance|p1b: Garchomp\n|-boost|p1b: Garchomp|atk|2\n|\n|-weather|RainDance|[upkeep]\n|-sideend|p2: Todo CCT|move: Tailwind\n|upkeep\n|\n|t:|1775938589\n|switch|p1a: Hippowdon|Hippowdon, L50, F|100/100\n|-weather|Sandstorm|[from] ability: Sand Stream|[of] p1a: Hippowdon\n|turn|5\n|\n|t:|1775938603\n|switch|p2b: Aerodactyl|Aerodactyl, L50, M|48/100\n|-ability|p2b: Aerodactyl|Unnerve\n|-curestatus|p2a: Starmie|frz|[msg]\n|move|p2a: Starmie|Liquidation|p1a: Hippowdon\n|-supereffective|p1a: Hippowdon|1\n|-damage|p1a: Hippowdon|3/100\n|move|p1b: Garchomp|Rock Slide|p2a: Starmie|[spread] p2b\n|-miss|p1b: Garchomp|p2a: Starmie\n|-supereffective|p2b: Aerodactyl|1\n|-damage|p2b: Aerodactyl|0 fnt\n|faint|p2b: Aerodactyl\n|move|p1a: Hippowdon|Yawn|p2a: Starmie\n|-start|p2a: Starmie|move: Yawn|[of] p1a: Hippowdon\n|\n|-weather|Sandstorm|[upkeep]\n|-damage|p2a: Starmie|85/100|[from] Sandstorm\n|upkeep\n|\n|t:|1775938606\n|switch|p2b: Pelipper|Pelipper, L50, F|95/100\n|-weather|RainDance|[from] ability: Drizzle|[of] p2b: Pelipper\n|turn|6\n|\n|t:|1775938624\n|switch|p2a: Basculegion|Basculegion, L50, M|100/100\n|move|p1b: Garchomp|Rock Slide|p2a: Basculegion|[spread] p2a,p2b\n|-supereffective|p2b: Pelipper|1\n|-damage|p2a: Basculegion|28/100\n|-damage|p2b: Pelipper|0 fnt\n|faint|p2b: Pelipper\n|move|p1a: Hippowdon|Slack Off|p1a: Hippowdon\n|-heal|p1a: Hippowdon|53/100\n|\n|-weather|RainDance|[upkeep]\n|upkeep\n|\n|t:|1775938629\n|switch|p2b: Starmie|Starmie-Mega, L50|85/100\n|turn|7\n|\n|t:|1775938650\n|switch|p1a: Incineroar|Incineroar, L50, F|14/100\n|-ability|p1a: Incineroar|Intimidate|boost\n|-unboost|p2a: Basculegion|atk|1\n|-unboost|p2b: Starmie|atk|1\n|move|p1b: Garchomp|Protect|p1b: Garchomp\n|-singleturn|p1b: Garchomp|Protect\n|move|p2a: Basculegion|Wave Crash|p1b: Garchomp\n|-activate|p1b: Garchomp|move: Protect\n|move|p2b: Starmie|Liquidation|p1b: Garchomp\n|-activate|p1b: Garchomp|move: Protect\n|\n|-weather|RainDance|[upkeep]\n|upkeep\n|turn|8\n|\n|t:|1775938673\n|switch|p1a: Hippowdon|Hippowdon, L50, F|53/100\n|-weather|Sandstorm|[from] ability: Sand Stream|[of] p1a: Hippowdon\n|move|p2a: Basculegion|Wave Crash|p1b: Garchomp\n|-crit|p1b: Garchomp\n|-damage|p1b: Garchomp|0 fnt\n|faint|p1b: Garchomp\n|-damage|p2a: Basculegion|0 fnt|[from] Recoil\n|faint|p2a: Basculegion\n|move|p2b: Starmie|Liquidation|p1a: Hippowdon\n|-supereffective|p1a: Hippowdon|1\n|-damage|p1a: Hippowdon|0 fnt\n|faint|p1a: Hippowdon\n|\n|-weather|Sandstorm|[upkeep]\n|-damage|p2b: Starmie|79/100|[from] Sandstorm\n|upkeep\n|\n|t:|1775938680\n|switch|p1b: Incineroar|Incineroar, L50, F|14/100\n|-ability|p1b: Incineroar|Intimidate|boost\n|-unboost|p2b: Starmie|atk|1\n|turn|9\n|\n|t:|1775938687\n|move|p1b: Incineroar|Fake Out|p2b: Starmie\n|-damage|p2b: Starmie|65/100\n|cant|p2b: Starmie|flinch\n|\n|-weather|Sandstorm|[upkeep]\n|-damage|p2b: Starmie|59/100|[from] Sandstorm\n|-damage|p1b: Incineroar|8/100|[from] Sandstorm\n|upkeep\n|turn|10\n|\n|t:|1775938689\n|move|p2b: Starmie|Aqua Jet|p1b: Incineroar\n|-supereffective|p1b: Incineroar|1\n|-crit|p1b: Incineroar\n|-damage|p1b: Incineroar|0 fnt\n|faint|p1b: Incineroar\n|\n|win|Todo CCT\n|raw|StealDota's rating: 1111 &rarr; <strong>1081</strong><br />(-30 for losing)\n|raw|Todo CCT's rating: 1043 &rarr; <strong>1083</strong><br />(+40 for winning)\n",
  "uploadtime": 1775938691,
  "views": 41,
  "formatid": "gen9championsvgc2026regma",
  "rating": 1081,
  "private": 0,
  "password": null
}