{
  "id": "gen9championsvgc2026regma-2587798302",
  "format": "[Gen 9 Champions] VGC 2026 Reg M-A",
  "players": [
    "Frank Brickowski",
    "DeltaViko"
  ],
  "log": "|j|\u2606Frank Brickowski\n|j|\u2606DeltaViko\n|t:|1776565082\n|gametype|doubles\n|player|p1|Frank Brickowski|hoopster|1200\n|player|p2|DeltaViko|morty|1120\n|gen|9\n|tier|[Gen 9 Champions] VGC 2026 Reg M-A\n|rated|\n|rule|Species Clause: Limit one of each Pok\u00e9mon\n|rule|Item Clause: Limit 1 of each item\n|clearpoke\n|poke|p1|Machamp, L50, M|\n|poke|p1|Slowbro, L50, F|\n|poke|p1|Incineroar, L50, M|\n|poke|p1|Sinistcha, L50|\n|poke|p1|Hydreigon, L50, F|\n|poke|p1|Excadrill, L50, F|\n|poke|p2|Sneasler, L50, F|\n|poke|p2|Garchomp, L50, M|\n|poke|p2|Delphox, L50, M|\n|poke|p2|Aegislash, L50, F|\n|poke|p2|Ninetales-Alola, L50, M|\n|poke|p2|Rotom-Wash, L50|\n|teampreview|4\nDeltaViko rejected open team sheets.\n|j| PrincessGardevoir\n|inactive|Battle timer is ON: inactive players will automatically lose when time's up. (requested by Frank Brickowski)\n|\n|t:|1776565142\n|teamsize|p1|4\n|teamsize|p2|4\n|start\n|switch|p1a: Slowbro|Slowbro, L50, F|100/100\n|switch|p1b: Incineroar|Incineroar, L50, M|100/100\n|switch|p2a: Ninetales|Ninetales-Alola, L50, M|100/100\n|switch|p2b: Aegislash|Aegislash, L50, F|100/100\n|-weather|Snowscape|[from] ability: Snow Warning|[of] p2a: Ninetales\n|-ability|p1b: Incineroar|Intimidate|boost\n|-unboost|p2a: Ninetales|atk|1\n|-unboost|p2b: Aegislash|atk|1\n|turn|1\n|inactive|Frank Brickowski has 30 seconds left.\n|\n|t:|1776565168\n|detailschange|p1a: Slowbro|Slowbro-Mega, L50, F\n|-mega|p1a: Slowbro|Slowbro|Slowbronite\n|move|p2a: Ninetales|Aurora Veil|p2a: Ninetales\n|-sidestart|p2: DeltaViko|move: Aurora Veil\n|-formechange|p2b: Aegislash|Aegislash-Blade|\n|move|p2b: Aegislash|Shadow Ball|p1a: Slowbro\n|-supereffective|p1a: Slowbro|1\n|-damage|p1a: Slowbro|7/100\n|move|p1b: Incineroar|Flare Blitz|p2a: Ninetales\n|-supereffective|p2a: Ninetales|1\n|-crit|p2a: Ninetales\n|-enditem|p2a: Ninetales|Focus Sash\n|-damage|p2a: Ninetales|1/100\n|-damage|p1b: Incineroar|76/100|[from] Recoil\n|move|p1a: Slowbro|Trick Room|p1a: Slowbro\n|-fieldstart|move: Trick Room|[of] p1a: Slowbro\n|\n|-weather|Snowscape|[upkeep]\n|upkeep\n|turn|2\n|inactive|DeltaViko has 30 seconds left.\n|\n|t:|1776565202\n|-formechange|p2b: Aegislash|Aegislash|\n|move|p2b: Aegislash|King's Shield|p2b: Aegislash\n|-singleturn|p2b: Aegislash|Protect\n|move|p2a: Ninetales|Protect|p2a: Ninetales\n|-singleturn|p2a: Ninetales|Protect\n|move|p1a: Slowbro|Scald|p2a: Ninetales\n|-activate|p2a: Ninetales|move: Protect\n|move|p1b: Incineroar|Parting Shot|p2b: Aegislash\n|-unboost|p2b: Aegislash|atk|1\n|-unboost|p2b: Aegislash|spa|1\n|\n|t:|1776565224\n|switch|p1b: Machamp|Machamp, L50, M|100/100|[from] Parting Shot\n|\n|-weather|Snowscape|[upkeep]\n|upkeep\n|turn|3\n|\n|t:|1776565245\n|switch|p1a: Incineroar|Incineroar, L50, M|76/100\n|-ability|p1a: Incineroar|Intimidate|boost\n|-unboost|p2a: Ninetales|atk|1\n|-unboost|p2b: Aegislash|atk|1\n|move|p1b: Machamp|Stone Edge|p2a: Ninetales\n|-supereffective|p2a: Ninetales|1\n|-crit|p2a: Ninetales\n|-damage|p2a: Ninetales|0 fnt\n|faint|p2a: Ninetales\n|-formechange|p2b: Aegislash|Aegislash-Blade|\n|move|p2b: Aegislash|Shadow Ball|p1a: Incineroar\n|-resisted|p1a: Incineroar|1\n|-damage|p1a: Incineroar|63/100\n|\n|-weather|Snowscape|[upkeep]\n|upkeep\n|\n|t:|1776565267\n|switch|p2a: Sneasler|Sneasler, L50, F|100/100\n|turn|4\n|inactive|DeltaViko has 30 seconds left.\n|inactive|DeltaViko has 20 seconds left.\n|inactive|DeltaViko has 15 seconds left.\n|\n|t:|1776565309\n|move|p2a: Sneasler|Fake Out|p1a: Incineroar\n|-damage|p1a: Incineroar|49/100\n|-enditem|p1a: Incineroar|Sitrus Berry|[eat]\n|-heal|p1a: Incineroar|73/100|[from] item: Sitrus Berry\n|move|p1b: Machamp|Stone Edge|p2b: Aegislash\n|-resisted|p2b: Aegislash|1\n|-damage|p2b: Aegislash|78/100\n|move|p2b: Aegislash|Shadow Ball|p1b: Machamp\n|-damage|p1b: Machamp|70/100\n|cant|p1a: Incineroar|flinch\n|\n|-weather|Snowscape|[upkeep]\n|-heal|p2b: Aegislash|84/100|[from] item: Leftovers\n|upkeep\n|turn|5\n|\n|t:|1776565331\n|switch|p1a: Slowbro|Slowbro-Mega, L50, F|7/100\n|move|p2b: Aegislash|Wide Guard|p2b: Aegislash\n|-singleturn|p2b: Aegislash|Wide Guard\n|move|p1b: Machamp|Cross Chop|p2a: Sneasler\n|-resisted|p2a: Sneasler|1\n|-crit|p2a: Sneasler\n|-damage|p2a: Sneasler|22/100\n|move|p2a: Sneasler|Close Combat|p1a: Slowbro\n|-resisted|p1a: Slowbro|1\n|-damage|p1a: Slowbro|0 fnt\n|-unboost|p2a: Sneasler|def|1\n|-unboost|p2a: Sneasler|spd|1\n|faint|p1a: Slowbro\n|-enditem|p2a: Sneasler|White Herb\n|-clearnegativeboost|p2a: Sneasler|[silent]\n|\n|-weather|none\n|-heal|p2b: Aegislash|90/100|[from] item: Leftovers\n|-sideend|p2: DeltaViko|move: Aurora Veil\n|-fieldend|move: Trick Room\n|upkeep\n|\n|t:|1776565354\n|switch|p1a: Incineroar|Incineroar, L50, M|73/100\n|-ability|p1a: Incineroar|Intimidate|boost\n|-unboost|p2a: Sneasler|atk|1\n|-unboost|p2b: Aegislash|atk|1\n|turn|6\n|inactive|Frank Brickowski has 30 seconds left.\n|\n|t:|1776565384\n|-formechange|p2b: Aegislash|Aegislash|\n|move|p2b: Aegislash|King's Shield||[still]\n|-fail|p2b: Aegislash\n|move|p1b: Machamp|Bullet Punch|p2a: Sneasler\n|-damage|p2a: Sneasler|0 fnt\n|faint|p2a: Sneasler\n|move|p1a: Incineroar|Parting Shot|p2b: Aegislash\n|-unboost|p2b: Aegislash|atk|1\n|-unboost|p2b: Aegislash|spa|1\n|\n|t:|1776565392\n|switch|p1a: Excadrill|Excadrill, L50, F|100/100|[from] Parting Shot\n|-ability|p1a: Excadrill|Mold Breaker\n|\n|-heal|p2b: Aegislash|96/100|[from] item: Leftovers\n|upkeep\n|\n|t:|1776565398\n|switch|p2a: Delphox|Delphox, L50, M|100/100\n|turn|7\n|\n|t:|1776565416\n|detailschange|p2a: Delphox|Delphox-Mega, L50, M\n|-mega|p2a: Delphox|Delphox|Delphoxite\n|move|p2a: Delphox|Psychic|p1b: Machamp\n|-supereffective|p1b: Machamp|1\n|-damage|p1b: Machamp|0 fnt\n|faint|p1b: Machamp\n|move|p1a: Excadrill|High Horsepower|p2a: Delphox\n|-supereffective|p2a: Delphox|1\n|-damage|p2a: Delphox|0 fnt\n|faint|p2a: Delphox\n|-formechange|p2b: Aegislash|Aegislash-Blade|\n|move|p2b: Aegislash|Shadow Ball|p1a: Excadrill\n|-damage|p1a: Excadrill|71/100\n|\n|-heal|p2b: Aegislash|100/100|[from] item: Leftovers\n|upkeep\n|\n|t:|1776565426\n|switch|p1b: Incineroar|Incineroar, L50, M|73/100\n|-ability|p1b: Incineroar|Intimidate|boost\n|-unboost|p2b: Aegislash|atk|1\n|turn|8\n|inactive|DeltaViko has 30 seconds left.\n|inactive|DeltaViko has 20 seconds left.\n|\n|t:|1776565464\n|-formechange|p2b: Aegislash|Aegislash|\n|move|p2b: Aegislash|King's Shield|p2b: Aegislash\n|-singleturn|p2b: Aegislash|Protect\n|move|p1a: Excadrill|Rock Slide|p2b: Aegislash\n|-activate|p2b: Aegislash|move: Protect\n|move|p1b: Incineroar|Flare Blitz|p2b: Aegislash\n|-activate|p2b: Aegislash|move: Protect\n|-unboost|p1b: Incineroar|atk|1\n|\n|upkeep\n|turn|9\n|\n|t:|1776565482\n|move|p1a: Excadrill|High Horsepower|p2b: Aegislash\n|-supereffective|p2b: Aegislash|1\n|-damage|p2b: Aegislash|17/100\n|-formechange|p2b: Aegislash|Aegislash-Blade|\n|move|p2b: Aegislash|Shadow Ball|p1a: Excadrill\n|-damage|p1a: Excadrill|38/100\n|move|p1b: Incineroar|Flare Blitz|p2b: Aegislash\n|-supereffective|p2b: Aegislash|1\n|-damage|p2b: Aegislash|0 fnt\n|faint|p2b: Aegislash\n|-damage|p1b: Incineroar|69/100|[from] Recoil\n|\n|win|Frank Brickowski\n|raw|Frank Brickowski's rating: 1200 &rarr; <strong>1219</strong><br />(+19 for winning)\n|raw|DeltaViko's rating: 1120 &rarr; <strong>1101</strong><br />(-19 for losing)\n|l|\u2606DeltaViko\n|player|p2|\n",
  "uploadtime": 1776565599,
  "views": 16,
  "formatid": "gen9championsvgc2026regma",
  "rating": 1101,
  "private": 0,
  "password": null
}