{
  "id": "gen9championsvgc2026regma-2583931519",
  "format": "[Gen 9 Champions] VGC 2026 Reg M-A",
  "players": [
    "Zarato",
    "TheKoopaBoy"
  ],
  "log": "|j|\u2606Zarato\n|j|\u2606TheKoopaBoy\n|t:|1776209382\n|gametype|doubles\n|player|p1|Zarato|n|1098\n|player|p2|TheKoopaBoy|blue|1030\n|gen|9\n|tier|[Gen 9 Champions] VGC 2026 Reg M-A\n|rated|\n|rule|Species Clause: Limit one of each Pok\u00e9mon\n|rule|Item Clause: Limit 1 of each item\n|clearpoke\n|poke|p1|Weavile, L50, M|\n|poke|p1|Glaceon, L50, M|\n|poke|p1|Froslass, L50, F|\n|poke|p1|Incineroar, L50, F|\n|poke|p1|Sinistcha, L50|\n|poke|p1|Sneasler, L50, M|\n|poke|p2|Farigiraf, L50, M|\n|poke|p2|Kingambit, L50, F|\n|poke|p2|Scovillain, L50, M|\n|poke|p2|Sneasler, L50, M|\n|poke|p2|Primarina, L50, M|\n|poke|p2|Torkoal, L50, F|\n|teampreview|4\n|inactive|Battle timer is ON: inactive players will automatically lose when time's up. (requested by Zarato)\nZarato has agreed to open team sheets.\n|\n|t:|1776209397\n|teamsize|p1|4\n|teamsize|p2|4\n|start\n|switch|p1a: Weavile|Weavile, L50, M|100/100\n|switch|p1b: Froslass|Froslass, L50, F|100/100\n|switch|p2a: Farigiraf|Farigiraf, L50, M|100/100\n|switch|p2b: Scovillain|Scovillain, L50, M|100/100\n|-ability|p1a: Weavile|Pressure\n|turn|1\n|\n|t:|1776209415\n|detailschange|p1b: Froslass|Froslass-Mega, L50, F\n|-mega|p1b: Froslass|Froslass|Froslassite\n|-weather|Snowscape|[from] ability: Snow Warning|[of] p1b: Froslass\n|detailschange|p2b: Scovillain|Scovillain-Mega, L50, M\n|-mega|p2b: Scovillain|Scovillain|Scovillainite\n|move|p2b: Scovillain|Rage Powder|p2b: Scovillain\n|-singleturn|p2b: Scovillain|move: Rage Powder\n|move|p1b: Froslass|Blizzard|p2b: Scovillain|[spread] p2a,p2b\n|-damage|p2a: Farigiraf|57/100\n|-damage|p2b: Scovillain|55/100\n|-status|p1b: Froslass|brn|[from] ability: Spicy Spray|[of] p2b: Scovillain\n|move|p1a: Weavile|Knock Off|p2b: Scovillain\n|-damage|p2b: Scovillain|20/100\n|-status|p1a: Weavile|brn|[from] ability: Spicy Spray|[of] p2b: Scovillain\n|move|p2a: Farigiraf|Trick Room|p2a: Farigiraf\n|-fieldstart|move: Trick Room|[of] p2a: Farigiraf\n|\n|-weather|Snowscape|[upkeep]\n|-damage|p1a: Weavile|94/100 brn|[from] brn\n|-damage|p1b: Froslass|94/100 brn|[from] brn\n|upkeep\n|turn|2\n|\n|t:|1776209435\n|move|p2a: Farigiraf|Hyper Voice|p1b: Froslass|[spread] p1a\n|-immune|p1b: Froslass\n|-damage|p1a: Weavile|49/100 brn\n|move|p2b: Scovillain|Overheat|p1b: Froslass\n|-supereffective|p1b: Froslass|1\n|-damage|p1b: Froslass|0 fnt\n|-unboost|p2b: Scovillain|spa|2\n|faint|p1b: Froslass\n|move|p1a: Weavile|Knock Off|p2a: Farigiraf\n|-supereffective|p2a: Farigiraf|1\n|-damage|p2a: Farigiraf|0 fnt\n|-enditem|p2a: Farigiraf|Sitrus Berry|[from] move: Knock Off|[of] p1a: Weavile\n|faint|p2a: Farigiraf\n|\n|-weather|Snowscape|[upkeep]\n|-damage|p1a: Weavile|43/100 brn|[from] brn\n|upkeep\n|\n|t:|1776209451\n|switch|p2a: Torkoal|Torkoal, L50, F|100/100\n|switch|p1b: Sinistcha|Sinistcha, L50|100/100\n|-weather|SunnyDay|[from] ability: Drought|[of] p2a: Torkoal\n|turn|3\n|\n|t:|1776209468\n|move|p2b: Scovillain|Rage Powder|p2b: Scovillain\n|-singleturn|p2b: Scovillain|move: Rage Powder\n|move|p1a: Weavile|Ice Shard|p2b: Scovillain\n|-damage|p2b: Scovillain|10/100\n|move|p2a: Torkoal|Eruption|p1b: Sinistcha|[spread] p1a,p1b\n|-supereffective|p1a: Weavile|1\n|-supereffective|p1b: Sinistcha|1\n|-damage|p1a: Weavile|0 fnt\n|-damage|p1b: Sinistcha|18/100\n|faint|p1a: Weavile\n|move|p1b: Sinistcha|Trick Room|p1b: Sinistcha\n|-fieldend|move: Trick Room\n|\n|-weather|SunnyDay|[upkeep]\n|upkeep\n|\n|t:|1776209478\n|switch|p1a: Sneasler|Sneasler, L50, M|100/100\n|turn|4\n|\n|t:|1776209502\n|move|p2b: Scovillain|Rage Powder|p2b: Scovillain\n|-singleturn|p2b: Scovillain|move: Rage Powder\n|move|p1a: Sneasler|Dire Claw|p2b: Scovillain\n|-supereffective|p2b: Scovillain|1\n|-damage|p2b: Scovillain|0 fnt\n|-status|p1a: Sneasler|brn|[from] ability: Spicy Spray|[of] p2b: Scovillain\n|faint|p2b: Scovillain\n|move|p1b: Sinistcha|Shadow Ball|p2a: Torkoal\n|-damage|p2a: Torkoal|58/100\n|move|p2a: Torkoal|Eruption|p1a: Sneasler|[spread] p1a,p1b\n|-supereffective|p1b: Sinistcha|1\n|-damage|p1a: Sneasler|32/100 brn\n|-damage|p1b: Sinistcha|0 fnt\n|faint|p1b: Sinistcha\n|\n|-weather|SunnyDay|[upkeep]\n|-damage|p1a: Sneasler|26/100 brn|[from] brn\n|upkeep\n|\n|t:|1776209507\n|switch|p2b: Kingambit|Kingambit, L50, F|100/100\n|turn|5\n|\n|t:|1776209520\n|move|p2b: Kingambit|Sucker Punch|p1a: Sneasler\n|-resisted|p1a: Sneasler|1\n|-damage|p1a: Sneasler|0 fnt\n|faint|p1a: Sneasler\n|\n|win|TheKoopaBoy\n|raw|Zarato's rating: 1098 &rarr; <strong>1069</strong><br />(-29 for losing)\n|raw|TheKoopaBoy's rating: 1030 &rarr; <strong>1072</strong><br />(+42 for winning)\n|l|\u2606TheKoopaBoy\n|player|p2|\n",
  "uploadtime": 1776209526,
  "views": 24,
  "formatid": "gen9championsvgc2026regma",
  "rating": 1069,
  "private": 0,
  "password": null
}