{
  "id": "gen9championsvgc2026regma-2581279957",
  "format": "[Gen 9 Champions] VGC 2026 Reg M-A",
  "players": [
    "AceeeVGC",
    "alchemistake"
  ],
  "log": "|j|\u2606AceeeVGC\n|j|\u2606alchemistake\n|t:|1775980587\n|gametype|doubles\n|player|p1|AceeeVGC|266|\n|player|p2|alchemistake|102|\n|gen|9\n|tier|[Gen 9 Champions] VGC 2026 Reg M-A\n|rated|Tournament battle\n|rule|Species Clause: Limit one of each Pok\u00e9mon\n|rule|Item Clause: Limit 1 of each item\n|clearpoke\n|poke|p1|Chimecho, L50, M|\n|poke|p1|Wyrdeer, L50, M|\n|poke|p1|Sinistcha, L50|\n|poke|p1|Incineroar, L50, M|\n|poke|p1|Basculegion, L50, M|\n|poke|p1|Audino, L50, M|\n|poke|p2|Sneasler, L50, F|\n|poke|p2|Floette-Eternal, L50, F|\n|poke|p2|Aerodactyl, L50, F|\n|poke|p2|Incineroar, L50, F|\n|poke|p2|Garchomp, L50, F|\n|poke|p2|Aggron, L50, F|\n|teampreview|4\n|inactive|Battle timer is ON: inactive players will automatically lose when time's up. (requested by alchemistake)\n|inactive|AceeeVGC has 60 seconds left.\n|\n|t:|1775980622\n|teamsize|p1|4\n|teamsize|p2|4\n|start\n|switch|p1a: Wyrdeer|Wyrdeer, L50, M|100/100\n|switch|p1b: Sinistcha|Sinistcha, L50|100/100\n|switch|p2a: Sneasler|Sneasler, L50, F, shiny|100/100\n|switch|p2b: Floette|Floette-Eternal, L50, F|100/100\n|-ability|p1a: Wyrdeer|Intimidate|boost\n|-unboost|p2a: Sneasler|atk|1\n|-unboost|p2b: Floette|atk|1\n|turn|1\n|\n|t:|1775980642\n|move|p2a: Sneasler|Fake Out|p1a: Wyrdeer\n|-damage|p1a: Wyrdeer|92/100\n|move|p2b: Floette|Calm Mind|p2b: Floette\n|-boost|p2b: Floette|spa|1\n|-boost|p2b: Floette|spd|1\n|cant|p1a: Wyrdeer|flinch\n|move|p1b: Sinistcha|Trick Room|p1b: Sinistcha\n|-fieldstart|move: Trick Room|[of] p1b: Sinistcha\n|\n|upkeep\n|turn|2\n|\n|t:|1775980658\n|move|p1a: Wyrdeer|Psychic|p2a: Sneasler\n|-supereffective|p2a: Sneasler|2\n|-crit|p2a: Sneasler\n|-damage|p2a: Sneasler|0 fnt\n|faint|p2a: Sneasler\n|move|p1b: Sinistcha|Matcha Gotcha|p2b: Floette\n|-damage|p2b: Floette|82/100\n|move|p2b: Floette|Baton Pass|p2b: Floette\n|\n|t:|1775980666\n|switch|p2b: Aggron|Aggron, L50, F, shiny|100/100|[from] Baton Pass\n|\n|upkeep\n|\n|t:|1775980671\n|switch|p2a: Incineroar|Incineroar, L50, F|100/100\n|-ability|p2a: Incineroar|Intimidate|boost\n|-unboost|p1a: Wyrdeer|atk|1\n|-unboost|p1b: Sinistcha|atk|1\n|turn|3\n|\n|t:|1775980684\n|switch|p1b: Chimecho|Chimecho, L50, M|100/100\n|detailschange|p2b: Aggron|Aggron-Mega, L50, F, shiny\n|-mega|p2b: Aggron|Aggron|Aggronite\n|move|p2a: Incineroar|Fake Out|p1a: Wyrdeer\n|-damage|p1a: Wyrdeer|80/100\n|move|p2b: Aggron|Ancient Power|p1a: Wyrdeer\n|-damage|p1a: Wyrdeer|61/100\n|cant|p1a: Wyrdeer|flinch\n|\n|upkeep\n|turn|4\n|\n|t:|1775980702\n|detailschange|p1b: Chimecho|Chimecho-Mega, L50, M\n|-mega|p1b: Chimecho|Chimecho|Chimechite\n|move|p2b: Aggron|Ancient Power|p1a: Wyrdeer\n|-damage|p1a: Wyrdeer|41/100\n|-enditem|p1a: Wyrdeer|Sitrus Berry|[eat]\n|-heal|p1a: Wyrdeer|66/100|[from] item: Sitrus Berry\n|move|p1b: Chimecho|Calm Mind|p1b: Chimecho\n|-boost|p1b: Chimecho|spa|1\n|-boost|p1b: Chimecho|spd|1\n|move|p1a: Wyrdeer|Reflect|p1a: Wyrdeer\n|-sidestart|p1: AceeeVGC|Reflect\n|move|p2a: Incineroar|Parting Shot|p1b: Chimecho\n|-unboost|p1b: Chimecho|atk|1\n|-unboost|p1b: Chimecho|spa|1\n|\n|t:|1775980709\n|switch|p2a: Floette|Floette-Eternal, L50, F|82/100|[from] Parting Shot\n|\n|upkeep\n|turn|5\n|\n|t:|1775980721\n|switch|p2a: Incineroar|Incineroar, L50, F|100/100\n|-ability|p2a: Incineroar|Intimidate|boost\n|-unboost|p1a: Wyrdeer|atk|1\n|-unboost|p1b: Chimecho|atk|1\n|move|p2b: Aggron|Ancient Power|p1b: Chimecho\n|-resisted|p1b: Chimecho|1\n|-damage|p1b: Chimecho|94/100\n|move|p1b: Chimecho|Calm Mind|p1b: Chimecho\n|-boost|p1b: Chimecho|spa|1\n|-boost|p1b: Chimecho|spd|1\n|move|p1a: Wyrdeer|Light Screen|p1a: Wyrdeer\n|-sidestart|p1: AceeeVGC|move: Light Screen\n|\n|-fieldend|move: Trick Room\n|upkeep\n|turn|6\n|\n|t:|1775980743\n|switch|p1a: Basculegion|Basculegion, L50, M|100/100\n|move|p2a: Incineroar|Parting Shot|p1b: Chimecho\n|-unboost|p1b: Chimecho|atk|1\n|-unboost|p1b: Chimecho|spa|1\n|\n|t:|1775980749\n|switch|p2a: Floette|Floette-Eternal, L50, F|82/100|[from] Parting Shot\n|move|p1b: Chimecho|Calm Mind|p1b: Chimecho\n|-boost|p1b: Chimecho|spa|1\n|-boost|p1b: Chimecho|spd|1\n|move|p2b: Aggron|Ancient Power|p1a: Basculegion\n|-damage|p1a: Basculegion|89/100\n|\n|upkeep\n|turn|7\n|inactive|alchemistake has 30 seconds left.\n|\n|t:|1775980781\n|move|p2a: Floette|Calm Mind|p2a: Floette\n|-boost|p2a: Floette|spa|1\n|-boost|p2a: Floette|spd|1\n|move|p1a: Basculegion|Wave Crash|p2a: Floette\n|-damage|p2a: Floette|0 fnt\n|faint|p2a: Floette\n|-damage|p1a: Basculegion|67/100|[from] Recoil\n|move|p1b: Chimecho|Calm Mind|p1b: Chimecho\n|-boost|p1b: Chimecho|spa|1\n|-boost|p1b: Chimecho|spd|1\n|move|p2b: Aggron|Ancient Power|p1a: Basculegion\n|-damage|p1a: Basculegion|54/100\n|\n|upkeep\n|\n|t:|1775980793\n|switch|p2a: Incineroar|Incineroar, L50, F|100/100\n|-ability|p2a: Incineroar|Intimidate|boost\n|-unboost|p1a: Basculegion|atk|1\n|-unboost|p1b: Chimecho|atk|1\n|turn|8\n|inactive|AceeeVGC has 30 seconds left.\n|inactive|AceeeVGC has 20 seconds left.\n|inactive|AceeeVGC has 15 seconds left.\n|\n|t:|1775980834\n|move|p1a: Basculegion|Wave Crash|p2a: Incineroar\n|-supereffective|p2a: Incineroar|1\n|-damage|p2a: Incineroar|0 fnt\n|faint|p2a: Incineroar\n|-damage|p1a: Basculegion|24/100|[from] Recoil\n|move|p1b: Chimecho|Calm Mind|p1b: Chimecho\n|-boost|p1b: Chimecho|spa|1\n|-boost|p1b: Chimecho|spd|1\n|move|p2b: Aggron|Ancient Power|p1a: Basculegion\n|-damage|p1a: Basculegion|12/100\n|\n|-sideend|p1: AceeeVGC|Reflect\n|upkeep\n|turn|9\n|j| aurora ltd\n|inactive|AceeeVGC has 30 seconds left.\n|\n|t:|1775980862\n|switch|p1a: Wyrdeer|Wyrdeer, L50, M|66/100\n|-ability|p1a: Wyrdeer|Intimidate|boost\n|-unboost|p2b: Aggron|atk|1\n|move|p1b: Chimecho|Psychic|p2b: Aggron\n|-resisted|p2b: Aggron|1\n|-damage|p2b: Aggron|62/100\n|move|p2b: Aggron|Ancient Power|p1a: Wyrdeer\n|-damage|p1a: Wyrdeer|52/100\n|\n|-sideend|p1: AceeeVGC|move: Light Screen\n|upkeep\n|turn|10\n|\n|t:|1775980876\n|move|p1a: Wyrdeer|Light Screen|p1a: Wyrdeer\n|-sidestart|p1: AceeeVGC|move: Light Screen\n|move|p1b: Chimecho|Psychic|p2b: Aggron\n|-resisted|p2b: Aggron|1\n|-damage|p2b: Aggron|21/100\n|move|p2b: Aggron|Rest|p2b: Aggron\n|-status|p2b: Aggron|slp|[from] move: Rest\n|-heal|p2b: Aggron|100/100 slp|[silent]\n|\n|upkeep\n|turn|11\n|\n|t:|1775980896\n|move|p1a: Wyrdeer|Psychic|p2b: Aggron\n|-resisted|p2b: Aggron|1\n|-damage|p2b: Aggron|86/100 slp\n|move|p1b: Chimecho|Psychic|p2b: Aggron\n|-resisted|p2b: Aggron|1\n|-damage|p2b: Aggron|43/100 slp\n|cant|p2b: Aggron|slp\n|move|p2b: Aggron|Sleep Talk|p2b: Aggron\n|move|p2b: Aggron|Rest||[from] move: Sleep Talk|[still]\n|-fail|p2b: Aggron\n|\n|upkeep\n|turn|12\n|c|\u2606alchemistake|the wall doesn't concern them selves with damage\n|\n|t:|1775980910\n|move|p1b: Chimecho|Psychic|p2b: Aggron\n|-resisted|p2b: Aggron|1\n|-damage|p2b: Aggron|0 fnt\n|faint|p2b: Aggron\n|\n|win|AceeeVGC\n|n|\u2606AceeeVGC|aceeevgc\n|n|\u2606alchemistake|alchemistake\n|n| aurora ltd|auroraltd\n|l|\u2606alchemistake\n|player|p2|\n|c|\u2606AceeeVGC|Yeah?\n",
  "uploadtime": 1775981125,
  "views": 13,
  "formatid": "gen9championsvgc2026regma",
  "rating": null,
  "private": 0,
  "password": null
}