{
  "id": "gen9championsvgc2026regma-2586242166",
  "format": "[Gen 9 Champions] VGC 2026 Reg M-A",
  "players": [
    "henitusec",
    "Kir1ku"
  ],
  "log": "|j|\u2606henitusec\n|j|\u2606Kir1ku\n|t:|1776416422\n|gametype|doubles\n|player|p1|henitusec|volo|1274\n|player|p2|Kir1ku|chase|1195\n|gen|9\n|tier|[Gen 9 Champions] VGC 2026 Reg M-A\n|rated|\n|rule|Species Clause: Limit one of each Pok\u00e9mon\n|rule|Item Clause: Limit 1 of each item\n|clearpoke\n|poke|p1|Gardevoir, L50, F|\n|poke|p1|Aegislash, L50, F|\n|poke|p1|Incineroar, L50, F|\n|poke|p1|Vivillon-Polar, L50, M|\n|poke|p1|Whimsicott, L50, F|\n|poke|p1|Tauros-Paldea-Aqua, L50, M|\n|poke|p2|Pikachu, L50, M|\n|poke|p2|Froslass, L50, F|\n|poke|p2|Lucario, L50, M|\n|poke|p2|Whimsicott, L50, M|\n|poke|p2|Zoroark-Hisui, L50, F|\n|poke|p2|Incineroar, L50, M|\n|teampreview|4\n|inactive|Battle timer is ON: inactive players will automatically lose when time's up. (requested by henitusec)\n|\n|t:|1776416438\n|teamsize|p1|4\n|teamsize|p2|4\n|start\n|switch|p1a: Whimsicott|Whimsicott, L50, F|100/100\n|switch|p1b: Gardevoir|Gardevoir, L50, F, shiny|100/100\n|switch|p2a: Lucario|Lucario, L50, M|100/100\n|switch|p2b: Froslass|Froslass, L50, F, shiny|100/100\n|-ability|p1b: Gardevoir|Inner Focus|Trace|[from] ability: Trace|[of] p2a: Lucario\n|turn|1\n|\n|t:|1776416448\n|detailschange|p2a: Lucario|Lucario-Mega, L50, M\n|-mega|p2a: Lucario|Lucario|Lucarionite\n|detailschange|p1b: Gardevoir|Gardevoir-Mega, L50, F, shiny\n|-mega|p1b: Gardevoir|Gardevoir|Gardevoirite\n|move|p2a: Lucario|Bullet Punch|p1b: Gardevoir\n|-supereffective|p1b: Gardevoir|1\n|-damage|p1b: Gardevoir|20/100\n|move|p1a: Whimsicott|Tailwind|p1a: Whimsicott\n|-sidestart|p1: henitusec|move: Tailwind\n|move|p1b: Gardevoir|Hyper Voice|p2b: Froslass|[spread] p2a,p2b\n|-damage|p2a: Lucario|24/100\n|-damage|p2b: Froslass|26/100\n|move|p2b: Froslass|Blizzard|p1b: Gardevoir|[spread] p1a\n|-miss|p2b: Froslass|p1b: Gardevoir\n|-supereffective|p1a: Whimsicott|1\n|-damage|p1a: Whimsicott|24/100\n|\n|upkeep\n|turn|2\n|inactive|henitusec has 30 seconds left.\n|\n|t:|1776416477\n|switch|p1b: Incineroar|Incineroar, L50, F|100/100\n|-ability|p1b: Incineroar|Intimidate|boost\n|-unboost|p2a: Lucario|atk|1\n|-unboost|p2b: Froslass|atk|1\n|move|p2a: Lucario|Bullet Punch|p1b: Incineroar\n|-resisted|p1b: Incineroar|1\n|-damage|p1b: Incineroar|93/100\n|move|p1a: Whimsicott|Moonblast|p2a: Lucario\n|-damage|p2a: Lucario|0 fnt\n|faint|p2a: Lucario\n|move|p2b: Froslass|Shadow Ball|p1a: Whimsicott\n|-damage|p1a: Whimsicott|0 fnt\n|faint|p1a: Whimsicott\n|\n|upkeep\n|\n|t:|1776416491\n|switch|p2a: Pikachu|Pikachu, L50, M|100/100\n|switch|p1a: Gardevoir|Gardevoir-Mega, L50, F, shiny|20/100\n|turn|3\n|\n|t:|1776416502\n|move|p2a: Pikachu|Fake Out|p1a: Gardevoir\n|-damage|p1a: Gardevoir|0 fnt\n|faint|p1a: Gardevoir\n|move|p1b: Incineroar|Darkest Lariat|p2b: Froslass\n|-supereffective|p2b: Froslass|1\n|-damage|p2b: Froslass|0 fnt\n|faint|p2b: Froslass\n|\n|upkeep\n|\n|t:|1776416508\n|switch|p2b: Whimsicott|Whimsicott, L50, M, shiny|100/100\n|switch|p1a: Tauros|Tauros-Paldea-Aqua, L50, M|100/100\n|-ability|p1a: Tauros|Intimidate|boost\n|-unboost|p2a: Pikachu|atk|1\n|-unboost|p2b: Whimsicott|atk|1\n|turn|4\n|\n|t:|1776416521\n|move|p2a: Pikachu|Protect|p2a: Pikachu\n|-singleturn|p2a: Pikachu|Protect\n|move|p1a: Tauros|Wave Crash|p2a: Pikachu\n|-activate|p2a: Pikachu|move: Protect\n|move|p2b: Whimsicott|Moonblast|p1a: Tauros\n|-supereffective|p1a: Tauros|1\n|-damage|p1a: Tauros|40/100\n|move|p1b: Incineroar|Flare Blitz|p2b: Whimsicott\n|-supereffective|p2b: Whimsicott|1\n|-damage|p2b: Whimsicott|0 fnt\n|faint|p2b: Whimsicott\n|-damage|p1b: Incineroar|65/100|[from] Recoil\n|\n|-sideend|p1: henitusec|move: Tailwind\n|upkeep\n|turn|5\n|\n|t:|1776416534\n|move|p2a: Pikachu|Volt Tackle|p1a: Tauros\n|-supereffective|p1a: Tauros|1\n|-damage|p1a: Tauros|0 fnt\n|faint|p1a: Tauros\n|-damage|p2a: Pikachu|80/100|[from] Recoil\n|move|p1b: Incineroar|Flare Blitz|p2a: Pikachu\n|-damage|p2a: Pikachu|0 fnt\n|faint|p2a: Pikachu\n|-damage|p1b: Incineroar|51/100|[from] Recoil\n|\n|win|henitusec\n|raw|henitusec's rating: 1274 &rarr; <strong>1293</strong><br />(+19 for winning)\n|raw|Kir1ku's rating: 1195 &rarr; <strong>1176</strong><br />(-19 for losing)\n|l|\u2606Kir1ku\n|player|p2|\n",
  "uploadtime": 1776416543,
  "views": 18,
  "formatid": "gen9championsvgc2026regma",
  "rating": 1176,
  "private": 0,
  "password": null
}