{
  "id": "gen9championsvgc2026regma-2583659747",
  "format": "[Gen 9 Champions] VGC 2026 Reg M-A",
  "players": [
    "1Neku",
    "ToastTopping"
  ],
  "log": "|j|\u26061Neku\n|j|\u2606ToastTopping\n|t:|1776189353\n|gametype|doubles\n|player|p1|1Neku|170|1214\n|player|p2|ToastTopping|hilbert-wonderlauncher|1281\n|gen|9\n|tier|[Gen 9 Champions] VGC 2026 Reg M-A\n|rated|\n|rule|Species Clause: Limit one of each Pok\u00e9mon\n|rule|Item Clause: Limit 1 of each item\n|clearpoke\n|poke|p1|Pelipper, L50, M|\n|poke|p1|Basculegion, L50, M|\n|poke|p1|Sinistcha, L50|\n|poke|p1|Archaludon, L50, M|\n|poke|p1|Sneasler, L50, M|\n|poke|p1|Dragonite, L50, F|\n|poke|p2|Gardevoir, L50, M|\n|poke|p2|Maushold-Four, L50|\n|poke|p2|Garchomp, L50, F|\n|poke|p2|Pelipper, L50, M|\n|poke|p2|Farigiraf, L50, F|\n|poke|p2|Talonflame, L50, F|\n|teampreview|4\n|\n|t:|1776189384\n|teamsize|p1|4\n|teamsize|p2|4\n|start\n|switch|p1a: Sneasler|Sneasler, L50, M|100/100\n|switch|p1b: Sinistcha|Sinistcha, L50|100/100\n|switch|p2a: Gardevoir|Gardevoir, L50, M, shiny|100/100\n|switch|p2b: Talonflame|Talonflame, L50, F, shiny|100/100\n|turn|1\n|inactive|Battle timer is ON: inactive players will automatically lose when time's up. (requested by ToastTopping)\n|\n|t:|1776189415\n|switch|p2a: Farigiraf|Farigiraf, L50, F, shiny|100/100\n|move|p1a: Sneasler|Fake Out||[still]\n|cant|p2a: Farigiraf|ability: Armor Tail|Fake Out|[of] p1a: Sneasler\n|move|p1b: Sinistcha|Rage Powder|p1b: Sinistcha\n|-singleturn|p1b: Sinistcha|move: Rage Powder\n|move|p2b: Talonflame|Dual Wingbeat|p1b: Sinistcha\n|-supereffective|p1b: Sinistcha|1\n|-damage|p1b: Sinistcha|72/100\n|-supereffective|p1b: Sinistcha|1\n|-damage|p1b: Sinistcha|46/100\n|-enditem|p1b: Sinistcha|Sitrus Berry|[eat]\n|-heal|p1b: Sinistcha|71/100|[from] item: Sitrus Berry\n|-hitcount|p1b: Sinistcha|2\n|\n|upkeep\n|turn|2\n|inactive|1Neku has 30 seconds left.\n|\n|t:|1776189450\n|switch|p1a: Archaludon|Archaludon, L50, M|100/100\n|switch|p1b: Pelipper|Pelipper, L50, M, shiny|100/100\n|-weather|RainDance|[from] ability: Drizzle|[of] p1b: Pelipper\n|move|p2b: Talonflame|Protect|p2b: Talonflame\n|-singleturn|p2b: Talonflame|Protect\n|move|p2a: Farigiraf|Foul Play|p1a: Archaludon\n|-damage|p1a: Archaludon|86/100\n|-ability|p1a: Archaludon|Stamina|boost\n|-boost|p1a: Archaludon|def|1\n|\n|-weather|RainDance|[upkeep]\n|-heal|p1a: Archaludon|92/100|[from] item: Leftovers\n|upkeep\n|turn|3\n|\n|t:|1776189473\n|switch|p2b: Garchomp|Garchomp, L50, F|100/100\n|move|p1b: Pelipper|Weather Ball|p2a: Farigiraf\n|-damage|p2a: Farigiraf|33/100\n|-enditem|p2a: Farigiraf|Sitrus Berry|[eat]\n|-heal|p2a: Farigiraf|58/100|[from] item: Sitrus Berry\n|move|p1a: Archaludon|Electro Shot||[still]\n|-prepare|p1a: Archaludon|Electro Shot\n|-boost|p1a: Archaludon|spa|1\n|-anim|p1a: Archaludon|Electro Shot|p2a: Farigiraf\n|-damage|p2a: Farigiraf|0 fnt\n|faint|p2a: Farigiraf\n|\n|-weather|RainDance|[upkeep]\n|-heal|p1a: Archaludon|98/100|[from] item: Leftovers\n|upkeep\n|\n|t:|1776189490\n|switch|p2a: Talonflame|Talonflame, L50, F, shiny|100/100\n|turn|4\n|\n|t:|1776189504\n|switch|p1b: Sinistcha|Sinistcha, L50|71/100\n|-heal|p1a: Archaludon|100/100|[from] ability: Hospitality|[of] p1b: Sinistcha\n|move|p1a: Archaludon|Protect|p1a: Archaludon\n|-singleturn|p1a: Archaludon|Protect\n|move|p2a: Talonflame|Dual Wingbeat|p1b: Sinistcha\n|-supereffective|p1b: Sinistcha|1\n|-damage|p1b: Sinistcha|46/100\n|-supereffective|p1b: Sinistcha|1\n|-damage|p1b: Sinistcha|21/100\n|-hitcount|p1b: Sinistcha|2\n|move|p2b: Garchomp|Earthquake|p1b: Sinistcha|[spread] p1b\n|-activate|p1a: Archaludon|move: Protect\n|-immune|p2a: Talonflame\n|-resisted|p1b: Sinistcha|1\n|-damage|p1b: Sinistcha|5/100\n|\n|-weather|RainDance|[upkeep]\n|upkeep\n|turn|5\n|inactive|1Neku has 30 seconds left.\n|\n|t:|1776189531\n|move|p1b: Sinistcha|Rage Powder|p1b: Sinistcha\n|-singleturn|p1b: Sinistcha|move: Rage Powder\n|move|p2b: Garchomp|Earthquake|p1b: Sinistcha|[spread] p1a,p1b\n|-immune|p2a: Talonflame\n|-supereffective|p1a: Archaludon|1\n|-resisted|p1b: Sinistcha|1\n|-damage|p1a: Archaludon|63/100\n|-damage|p1b: Sinistcha|0 fnt\n|-ability|p1a: Archaludon|Stamina|boost\n|-boost|p1a: Archaludon|def|1\n|faint|p1b: Sinistcha\n|move|p2a: Talonflame|Will-O-Wisp|p1a: Archaludon\n|-status|p1a: Archaludon|brn\n|move|p1a: Archaludon|Electro Shot||[still]\n|-prepare|p1a: Archaludon|Electro Shot\n|-boost|p1a: Archaludon|spa|1\n|-anim|p1a: Archaludon|Electro Shot|p2a: Talonflame\n|-supereffective|p2a: Talonflame|1\n|-damage|p2a: Talonflame|0 fnt\n|faint|p2a: Talonflame\n|\n|-weather|RainDance|[upkeep]\n|-heal|p1a: Archaludon|69/100 brn|[from] item: Leftovers\n|-damage|p1a: Archaludon|63/100 brn|[from] brn\n|upkeep\n|\n|t:|1776189553\n|switch|p2a: Gardevoir|Gardevoir, L50, M, shiny|100/100\n|switch|p1b: Sneasler|Sneasler, L50, M|100/100\n|turn|6\n|\n|t:|1776189569\n|detailschange|p2a: Gardevoir|Gardevoir-Mega, L50, M, shiny\n|-mega|p2a: Gardevoir|Gardevoir|Gardevoirite\n|move|p1b: Sneasler|Fake Out|p2b: Garchomp\n|-damage|p2b: Garchomp|85/100\n|-damage|p1b: Sneasler|88/100|[from] ability: Rough Skin|[of] p2b: Garchomp\n|cant|p2b: Garchomp|flinch\n|move|p2a: Gardevoir|Hyper Voice|p1b: Sneasler|[spread] p1a,p1b\n|-damage|p1a: Archaludon|10/100 brn\n|-damage|p1b: Sneasler|13/100\n|-ability|p1a: Archaludon|Stamina|boost\n|-boost|p1a: Archaludon|def|1\n|move|p1a: Archaludon|Flash Cannon|p2a: Gardevoir\n|-supereffective|p2a: Gardevoir|1\n|-damage|p2a: Gardevoir|0 fnt\n|faint|p2a: Gardevoir\n|\n|-weather|none\n|-heal|p1a: Archaludon|16/100 brn|[from] item: Leftovers\n|-damage|p1a: Archaludon|10/100 brn|[from] brn\n|upkeep\n|turn|7\n|inactive|1Neku has 30 seconds left.\n|inactive|1Neku has 20 seconds left.\n|\n|t:|1776189606\n|move|p1a: Archaludon|Protect|p1a: Archaludon\n|-singleturn|p1a: Archaludon|Protect\n|move|p2b: Garchomp|Earthquake|p1a: Archaludon|[spread] p1b\n|-activate|p1a: Archaludon|move: Protect\n|-supereffective|p1b: Sneasler|1\n|-damage|p1b: Sneasler|0 fnt\n|faint|p1b: Sneasler\n|\n|-heal|p1a: Archaludon|16/100 brn|[from] item: Leftovers\n|-damage|p1a: Archaludon|10/100 brn|[from] brn\n|upkeep\n|\n|t:|1776189618\n|switch|p1b: Pelipper|Pelipper, L50, M, shiny|100/100\n|-weather|RainDance|[from] ability: Drizzle|[of] p1b: Pelipper\n|turn|8\n|\n|t:|1776189626\n|move|p2b: Garchomp|Earthquake|p1a: Archaludon|[spread] p1a\n|-immune|p1b: Pelipper\n|-supereffective|p1a: Archaludon|1\n|-damage|p1a: Archaludon|0 fnt\n|faint|p1a: Archaludon\n|move|p1b: Pelipper|Tailwind|p1b: Pelipper\n|-sidestart|p1: 1Neku|move: Tailwind\n|\n|-weather|RainDance|[upkeep]\n|upkeep\n|turn|9\n|\n|t:|1776189639\n|move|p2b: Garchomp|Earthquake|p1b: Pelipper\n|-immune|p1b: Pelipper\n|move|p1b: Pelipper|Hurricane|p2b: Garchomp\n|-damage|p2b: Garchomp|27/100\n|\n|-weather|RainDance|[upkeep]\n|upkeep\n|turn|10\n|-message|ToastTopping forfeited.\n|\n|win|1Neku\n|raw|1Neku's rating: 1214 &rarr; <strong>1244</strong><br />(+30 for winning)\n|raw|ToastTopping's rating: 1281 &rarr; <strong>1251</strong><br />(-30 for losing)\n|l|\u2606ToastTopping\n|player|p2|\n",
  "uploadtime": 1776189648,
  "views": 35,
  "formatid": "gen9championsvgc2026regma",
  "rating": 1244,
  "private": 0,
  "password": null
}