{
  "id": "gen9championsvgc2026regma-2587705958",
  "format": "[Gen 9 Champions] VGC 2026 Reg M-A",
  "players": [
    "ShadowS3raph",
    "gr777"
  ],
  "log": "|j|\u2606ShadowS3raph\n|j|\u2606gr777\n|t:|1776555783\n|gametype|doubles\n|player|p1|ShadowS3raph|169|1053\n|player|p2|gr777|102|1034\n|gen|9\n|tier|[Gen 9 Champions] VGC 2026 Reg M-A\n|rated|\n|rule|Species Clause: Limit one of each Pok\u00e9mon\n|rule|Item Clause: Limit 1 of each item\n|clearpoke\n|poke|p1|Archaludon, L50, F|\n|poke|p1|Pelipper, L50, F|\n|poke|p1|Gyarados, L50, F|\n|poke|p1|Heliolisk, L50, F|\n|poke|p1|Sinistcha, L50|\n|poke|p1|Scizor, L50, M|\n|poke|p2|Typhlosion-Hisui, L50, F|\n|poke|p2|Torkoal, L50, M|\n|poke|p2|Trevenant, L50, F|\n|poke|p2|Greninja, L50, F|\n|poke|p2|Floette-Eternal, L50, F|\n|poke|p2|Empoleon, L50, F|\n|teampreview|4\n|\n|t:|1776555819\n|teamsize|p1|4\n|teamsize|p2|4\n|start\n|switch|p1a: Scizor|Scizor, L50, M|100/100\n|switch|p1b: Heliolisk|Heliolisk, L50, F|100/100\n|switch|p2a: Typhlosion|Typhlosion-Hisui, L50, F|100/100\n|switch|p2b: Torkoal|Torkoal, L50, M|100/100\n|-item|p1a: Scizor|Scizorite|[from] ability: Frisk|[of] p2a: Typhlosion\n|-item|p1b: Heliolisk|Focus Sash|[from] ability: Frisk|[of] p2a: Typhlosion\n|-weather|SunnyDay|[from] ability: Drought|[of] p2b: Torkoal\n|turn|1\n|inactive|Battle timer is ON: inactive players will automatically lose when time's up. (requested by ShadowS3raph)\n|\n|t:|1776555845\n|switch|p1a: Pelipper|Pelipper, L50, F|100/100\n|-weather|RainDance|[from] ability: Drizzle|[of] p1a: Pelipper\n|move|p2a: Typhlosion|Eruption|p1a: Pelipper|[spread] p1a,p1b\n|-resisted|p1a: Pelipper|1\n|-damage|p1a: Pelipper|84/100\n|-damage|p1b: Heliolisk|55/100\n|move|p1b: Heliolisk|Thunder|p2b: Torkoal\n|-damage|p2b: Torkoal|48/100\n|move|p2b: Torkoal|Eruption|p1b: Heliolisk|[spread] p1a,p1b\n|-resisted|p1a: Pelipper|1\n|-damage|p1a: Pelipper|80/100\n|-damage|p1b: Heliolisk|42/100\n|\n|-weather|RainDance|[upkeep]\n|-heal|p1b: Heliolisk|54/100|[from] ability: Dry Skin\n|-heal|p2b: Torkoal|54/100|[from] item: Leftovers\n|upkeep\n|turn|2\n|inactive|gr777 has 30 seconds left.\n|\n|t:|1776555874\n|switch|p2a: Greninja|Greninja, L50, F|100/100\n|move|p1b: Heliolisk|Protect|p1b: Heliolisk\n|-singleturn|p1b: Heliolisk|Protect\n|move|p1a: Pelipper|Tailwind|p1a: Pelipper\n|-sidestart|p1: ShadowS3raph|move: Tailwind\n|move|p2b: Torkoal|Weather Ball|p1b: Heliolisk\n|-activate|p1b: Heliolisk|move: Protect\n|\n|-weather|RainDance|[upkeep]\n|-heal|p1b: Heliolisk|67/100|[from] ability: Dry Skin\n|-heal|p2b: Torkoal|60/100|[from] item: Leftovers\n|upkeep\n|turn|3\n|inactive|gr777 has 30 seconds left.\n|\n|t:|1776555899\n|switch|p2b: Floette|Floette-Eternal, L50, F|100/100\n|move|p1b: Heliolisk|Thunder|p2a: Greninja\n|-supereffective|p2a: Greninja|1\n|-damage|p2a: Greninja|0 fnt\n|faint|p2a: Greninja\n|move|p1a: Pelipper|Surf|p2b: Floette|[spread] p2b\n|-heal|p1b: Heliolisk|91/100|[from] ability: Dry Skin|[of] p1a: Pelipper\n|-damage|p2b: Floette|72/100\n|\n|-weather|RainDance|[upkeep]\n|-heal|p1b: Heliolisk|100/100|[from] ability: Dry Skin\n|upkeep\n|\n|t:|1776555916\n|switch|p2a: Torkoal|Torkoal, L50, M|60/100\n|-weather|SunnyDay|[from] ability: Drought|[of] p2a: Torkoal\n|turn|4\n|\n|t:|1776555932\n|switch|p1a: Sinistcha|Sinistcha, L50|100/100\n|move|p2a: Torkoal|Helping Hand|p2b: Floette\n|-singleturn|p2b: Floette|Helping Hand|[of] p2a: Torkoal\n|move|p1b: Heliolisk|Thunder Wave|p2b: Floette\n|-status|p2b: Floette|par\n|cant|p2b: Floette|par\n|\n|-weather|SunnyDay|[upkeep]\n|-damage|p1b: Heliolisk|88/100|[from] ability: Dry Skin|[of] p1b: Heliolisk\n|-heal|p2a: Torkoal|67/100|[from] item: Leftovers\n|upkeep\n|turn|5\n|\n|t:|1776555955\n|switch|p1a: Pelipper|Pelipper, L50, F|80/100\n|-weather|RainDance|[from] ability: Drizzle|[of] p1a: Pelipper\n|move|p1b: Heliolisk|Thunder|p2a: Torkoal\n|-damage|p2a: Torkoal|17/100\n|-status|p2a: Torkoal|par\n|move|p2b: Floette|Calm Mind|p2b: Floette\n|-boost|p2b: Floette|spa|1\n|-boost|p2b: Floette|spd|1\n|move|p2a: Torkoal|Weather Ball|p1a: Pelipper\n|-resisted|p1a: Pelipper|1\n|-damage|p1a: Pelipper|61/100\n|\n|-weather|RainDance|[upkeep]\n|-heal|p1b: Heliolisk|100/100|[from] ability: Dry Skin\n|-heal|p2a: Torkoal|23/100 par|[from] item: Leftovers\n|-sideend|p1: ShadowS3raph|move: Tailwind\n|upkeep\n|turn|6\n|inactive|gr777 has 30 seconds left.\n|\n|t:|1776555982\n|switch|p2a: Typhlosion|Typhlosion-Hisui, L50, F|100/100\n|-item|p1a: Pelipper|Sitrus Berry|[from] ability: Frisk|[of] p2a: Typhlosion\n|-item|p1b: Heliolisk|Focus Sash|[from] ability: Frisk|[of] p2a: Typhlosion\n|cant|p2b: Floette|par\n|move|p1b: Heliolisk|Thunder|p2b: Floette\n|-damage|p2b: Floette|45/100 par\n|move|p1a: Pelipper|Surf|p2b: Floette|[spread] p2a,p2b\n|-immune|p1b: Heliolisk|[from] ability: Dry Skin\n|-supereffective|p2a: Typhlosion|1\n|-damage|p2a: Typhlosion|0 fnt\n|-damage|p2b: Floette|25/100 par\n|faint|p2a: Typhlosion\n|\n|-weather|RainDance|[upkeep]\n|upkeep\n|\n|t:|1776555997\n|switch|p2a: Torkoal|Torkoal, L50, M|23/100 par\n|-weather|SunnyDay|[from] ability: Drought|[of] p2a: Torkoal\n|turn|7\n|\n|t:|1776556007\n|move|p2a: Torkoal|Helping Hand|p2b: Floette\n|-singleturn|p2b: Floette|Helping Hand|[of] p2a: Torkoal\n|move|p1a: Pelipper|Protect|p1a: Pelipper\n|-singleturn|p1a: Pelipper|Protect\n|move|p1b: Heliolisk|Dragon Pulse|p2a: Torkoal\n|-damage|p2a: Torkoal|0 fnt\n|faint|p2a: Torkoal\n|move|p2b: Floette|Dazzling Gleam|p1b: Heliolisk|[spread] p1b\n|-activate|p1a: Pelipper|move: Protect\n|-enditem|p1b: Heliolisk|Focus Sash\n|-damage|p1b: Heliolisk|1/100\n|\n|-weather|SunnyDay|[upkeep]\n|-damage|p1b: Heliolisk|0 fnt|[from] ability: Dry Skin|[of] p1b: Heliolisk\n|faint|p1b: Heliolisk\n|upkeep\n|\n|t:|1776556010\n|switch|p1b: Scizor|Scizor, L50, M|100/100\n|turn|8\n|\n|t:|1776556027\n|detailschange|p1b: Scizor|Scizor-Mega, L50, M\n|-mega|p1b: Scizor|Scizor|Scizorite\n|move|p1b: Scizor|Bullet Punch|p2b: Floette\n|-supereffective|p2b: Floette|1\n|-damage|p2b: Floette|0 fnt\n|faint|p2b: Floette\n|\n|win|ShadowS3raph\n|raw|ShadowS3raph's rating: 1053 &rarr; <strong>1083</strong><br />(+30 for winning)\n|raw|gr777's rating: 1034 &rarr; <strong>1020</strong><br />(-14 for losing)\n|l|\u2606gr777\n|player|p2|\n",
  "uploadtime": 1776556050,
  "views": 20,
  "formatid": "gen9championsvgc2026regma",
  "rating": 1020,
  "private": 0,
  "password": null
}