{
  "id": "gen9championsvgc2026regma-2586213751",
  "format": "[Gen 9 Champions] VGC 2026 Reg M-A",
  "players": [
    "Thiccsammich",
    "UnTalAdro"
  ],
  "log": "|j|\u2606Thiccsammich\n|j|\u2606UnTalAdro\n|t:|1776413193\n|gametype|doubles\n|player|p1|Thiccsammich|crasherwake|1004\n|player|p2|UnTalAdro|265|1081\n|gen|9\n|tier|[Gen 9 Champions] VGC 2026 Reg M-A\n|rated|\n|rule|Species Clause: Limit one of each Pok\u00e9mon\n|rule|Item Clause: Limit 1 of each item\n|clearpoke\n|poke|p1|Basculegion, L50, M|\n|poke|p1|Pelipper, L50, M|\n|poke|p1|Dragonite, L50, M|\n|poke|p1|Klefki, L50, M|\n|poke|p1|Archaludon, L50, F|\n|poke|p1|Sinistcha, L50|\n|poke|p2|Charizard, L50, M|\n|poke|p2|Venusaur, L50, M|\n|poke|p2|Garchomp, L50, M|\n|poke|p2|Rotom-Wash, L50|\n|poke|p2|Sneasler, L50, F|\n|poke|p2|Incineroar, L50, F|\n|teampreview|4\n|\n|t:|1776413214\n|teamsize|p1|4\n|teamsize|p2|4\n|start\n|switch|p1a: Pelipper|Pelipper, L50, M|100/100\n|switch|p1b: Basculegion|Basculegion, L50, M|100/100\n|switch|p2a: Charizard|Charizard, L50, M, shiny|100/100\n|switch|p2b: Venusaur|Venusaur, L50, M|100/100\n|-weather|RainDance|[from] ability: Drizzle|[of] p1a: Pelipper\n|turn|1\n|\n|t:|1776413243\n|detailschange|p2a: Charizard|Charizard-Mega-Y, L50, M, shiny\n|-mega|p2a: Charizard|Charizard|Charizardite Y\n|-weather|SunnyDay|[from] ability: Drought|[of] p2a: Charizard\n|move|p2a: Charizard|Protect|p2a: Charizard\n|-singleturn|p2a: Charizard|Protect\n|move|p2b: Venusaur|Leaf Storm|p1b: Basculegion\n|-supereffective|p1b: Basculegion|1\n|-damage|p1b: Basculegion|0 fnt\n|-unboost|p2b: Venusaur|spa|2\n|faint|p1b: Basculegion\n|move|p1a: Pelipper|Knock Off|p2b: Venusaur\n|-damage|p2b: Venusaur|81/100\n|-enditem|p2b: Venusaur|Focus Sash|[from] move: Knock Off|[of] p1a: Pelipper\n|\n|-weather|SunnyDay|[upkeep]\n|upkeep\n|\n|t:|1776413275\n|switch|p1b: Archaludon|Archaludon, L50, F|100/100\n|turn|2\n|\n|t:|1776413285\n|switch|p1a: Dragonite|Dragonite, L50, M|100/100\n|move|p1b: Archaludon|Protect|p1b: Archaludon\n|-singleturn|p1b: Archaludon|Protect\n|move|p2b: Venusaur|Sleep Powder|p1b: Archaludon\n|-activate|p1b: Archaludon|move: Protect\n|move|p2a: Charizard|Weather Ball|p1b: Archaludon\n|-activate|p1b: Archaludon|move: Protect\n|\n|-weather|SunnyDay|[upkeep]\n|upkeep\n|turn|3\n|\n|t:|1776413299\n|switch|p2a: Sneasler|Sneasler, L50, F|100/100\n|switch|p1b: Pelipper|Pelipper, L50, M|100/100\n|-weather|RainDance|[from] ability: Drizzle|[of] p1b: Pelipper\n|move|p1a: Dragonite|Protect|p1a: Dragonite\n|-singleturn|p1a: Dragonite|Protect\n|move|p2b: Venusaur|Sleep Powder|p1b: Pelipper\n|-status|p1b: Pelipper|slp|[from] move: Sleep Powder\n|\n|-weather|RainDance|[upkeep]\n|upkeep\n|turn|4\n|\n|t:|1776413336\n|switch|p1a: Archaludon|Archaludon, L50, F|100/100\n|switch|p2b: Charizard|Charizard-Mega-Y, L50, M, shiny|100/100\n|-weather|SunnyDay|[from] ability: Drought|[of] p2b: Charizard\n|move|p2a: Sneasler|Fake Out|p1a: Archaludon\n|-resisted|p1a: Archaludon|1\n|-damage|p1a: Archaludon|95/100\n|cant|p1b: Pelipper|slp\n|\n|-weather|SunnyDay|[upkeep]\n|upkeep\n|turn|5\n|\n|t:|1776413362\n|switch|p1b: Dragonite|Dragonite, L50, M|100/100\n|move|p1a: Archaludon|Protect|p1a: Archaludon\n|-singleturn|p1a: Archaludon|Protect\n|move|p2a: Sneasler|Close Combat|p1a: Archaludon\n|-activate|p1a: Archaludon|move: Protect\n|move|p2b: Charizard|Solar Beam||[still]\n|-prepare|p2b: Charizard|Solar Beam\n|-anim|p2b: Charizard|Solar Beam|p1b: Dragonite\n|-resisted|p1b: Dragonite|2\n|-damage|p1b: Dragonite|87/100\n|\n|-weather|SunnyDay|[upkeep]\n|upkeep\n|turn|6\n|\n|t:|1776413389\n|switch|p2b: Venusaur|Venusaur, L50, M|81/100\n|switch|p1a: Pelipper|Pelipper, L50, M|100/100 slp\n|-weather|RainDance|[from] ability: Drizzle|[of] p1a: Pelipper\n|move|p2a: Sneasler|Rock Tomb|p1b: Dragonite\n|-supereffective|p1b: Dragonite|1\n|-damage|p1b: Dragonite|43/100\n|-unboost|p1b: Dragonite|spe|1\n|move|p1b: Dragonite|Hurricane|p2a: Sneasler\n|-supereffective|p2a: Sneasler|1\n|-damage|p2a: Sneasler|0 fnt\n|faint|p2a: Sneasler\n|\n|-weather|RainDance|[upkeep]\n|upkeep\n|\n|t:|1776413403\n|switch|p2a: Charizard|Charizard-Mega-Y, L50, M, shiny|100/100\n|-weather|SunnyDay|[from] ability: Drought|[of] p2a: Charizard\n|turn|7\n|\n|t:|1776413416\n|switch|p1a: Archaludon|Archaludon, L50, F|95/100\n|detailschange|p1b: Dragonite|Dragonite-Mega, L50, M\n|-mega|p1b: Dragonite|Dragonite|Dragoninite\n|move|p1b: Dragonite|Protect|p1b: Dragonite\n|-singleturn|p1b: Dragonite|Protect\n|move|p2b: Venusaur|Leaf Storm|p1a: Archaludon\n|-resisted|p1a: Archaludon|2\n|-damage|p1a: Archaludon|77/100\n|-unboost|p2b: Venusaur|spa|2\n|move|p2a: Charizard|Heat Wave|p1b: Dragonite|[spread] p1a\n|-activate|p1b: Dragonite|move: Protect\n|-crit|p1a: Archaludon\n|-damage|p1a: Archaludon|0 fnt\n|faint|p1a: Archaludon\n|\n|-weather|SunnyDay|[upkeep]\n|upkeep\n|\n|t:|1776413434\n|switch|p1a: Pelipper|Pelipper, L50, M|100/100 slp\n|-weather|RainDance|[from] ability: Drizzle|[of] p1a: Pelipper\n|turn|8\n|\n|t:|1776413449\n|switch|p2a: Garchomp|Garchomp, L50, M|100/100\n|move|p2b: Venusaur|Protect|p2b: Venusaur\n|-singleturn|p2b: Venusaur|Protect\n|move|p1b: Dragonite|Weather Ball|p2a: Garchomp\n|-crit|p2a: Garchomp\n|-damage|p2a: Garchomp|0 fnt\n|faint|p2a: Garchomp\n|-curestatus|p1a: Pelipper|slp|[msg]\n|move|p1a: Pelipper|U-turn|p2b: Venusaur\n|-activate|p2b: Venusaur|move: Protect\n|\n|-weather|RainDance|[upkeep]\n|upkeep\n|\n|t:|1776413453\n|switch|p2a: Charizard|Charizard-Mega-Y, L50, M, shiny|100/100\n|-weather|SunnyDay|[from] ability: Drought|[of] p2a: Charizard\n|turn|9\n|inactive|Battle timer is ON: inactive players will automatically lose when time's up. (requested by UnTalAdro)\n|\n|t:|1776413474\n|move|p1b: Dragonite|Protect|p1b: Dragonite\n|-singleturn|p1b: Dragonite|Protect\n|move|p2b: Venusaur|Sleep Powder|p1b: Dragonite\n|-activate|p1b: Dragonite|move: Protect\n|move|p2a: Charizard|Solar Beam||[still]\n|-prepare|p2a: Charizard|Solar Beam\n|-anim|p2a: Charizard|Solar Beam|p1a: Pelipper\n|-crit|p1a: Pelipper\n|-damage|p1a: Pelipper|22/100\n|move|p1a: Pelipper|Tailwind|p1a: Pelipper\n|-sidestart|p1: Thiccsammich|move: Tailwind\n|\n|-weather|SunnyDay|[upkeep]\n|upkeep\n|turn|10\n|\n|t:|1776413497\n|move|p1a: Pelipper|Wide Guard|p1a: Pelipper\n|-singleturn|p1a: Pelipper|Wide Guard\n|move|p2b: Venusaur|Leaf Storm|p1b: Dragonite\n|-resisted|p1b: Dragonite|2\n|-damage|p1b: Dragonite|36/100\n|-unboost|p2b: Venusaur|spa|2\n|move|p1b: Dragonite|Ice Beam|p2a: Charizard\n|-damage|p2a: Charizard|66/100\n|move|p2a: Charizard|Heat Wave|p1a: Pelipper|[spread] \n|-activate|p1a: Pelipper|move: Wide Guard\n|-activate|p1b: Dragonite|move: Wide Guard\n|\n|-weather|SunnyDay|[upkeep]\n|upkeep\n|turn|11\n|inactive|Thiccsammich has 30 seconds left.\n|\n|t:|1776413523\n|move|p2b: Venusaur|Protect|p2b: Venusaur\n|-singleturn|p2b: Venusaur|Protect\n|move|p1b: Dragonite|Hurricane|p2a: Charizard\n|-damage|p2a: Charizard|5/100\n|-start|p2a: Charizard|confusion\n|move|p1a: Pelipper|Knock Off|p2a: Charizard\n|-crit|p2a: Charizard\n|-damage|p2a: Charizard|0 fnt\n|faint|p2a: Charizard\n|\n|-weather|SunnyDay|[upkeep]\n|upkeep\n|turn|12\n|inactive|UnTalAdro has 30 seconds left.\n|\n|t:|1776413553\n|move|p2b: Venusaur|Sludge Bomb|p1b: Dragonite\n|-damage|p1b: Dragonite|22/100\n|move|p1b: Dragonite|Weather Ball|p2b: Venusaur\n|-supereffective|p2b: Venusaur|1\n|-damage|p2b: Venusaur|0 fnt\n|faint|p2b: Venusaur\n|\n|win|Thiccsammich\n|raw|Thiccsammich's rating: 1004 &rarr; <strong>1052</strong><br />(+48 for winning)\n|raw|UnTalAdro's rating: 1081 &rarr; <strong>1054</strong><br />(-27 for losing)\n|l|\u2606UnTalAdro\n|player|p2|\n",
  "uploadtime": 1776413564,
  "views": 35,
  "formatid": "gen9championsvgc2026regma",
  "rating": 1052,
  "private": 0,
  "password": null
}