{
  "id": "gen9championsvgc2026regma-2580914138",
  "format": "[Gen 9 Champions] VGC 2026 Reg M-A",
  "players": [
    "altersquared III",
    "Pvdro25"
  ],
  "log": "|j|\u2606altersquared III\n|j|\u2606Pvdro25\n|t:|1775942895\n|gametype|doubles\n|player|p1|altersquared III|thorton|1041\n|player|p2|Pvdro25|volkner|1038\n|gen|9\n|tier|[Gen 9 Champions] VGC 2026 Reg M-A\n|rated|\n|rule|Species Clause: Limit one of each Pok\u00e9mon\n|rule|Item Clause: Limit 1 of each item\n|clearpoke\n|poke|p1|Floette-Eternal, L50, F|\n|poke|p1|Maushold-Four, L50|\n|poke|p1|Incineroar, L50, F|\n|poke|p1|Sneasler, L50, F|\n|poke|p1|Whimsicott, L50, M|\n|poke|p1|Garchomp, L50, F|\n|poke|p2|Tyranitar, L50, M|\n|poke|p2|Excadrill, L50, M|\n|poke|p2|Gyarados, L50, M|\n|poke|p2|Sinistcha, L50|\n|poke|p2|Gardevoir, L50, M|\n|poke|p2|Rotom-Heat, L50|\n|teampreview|4\n|inactive|Battle timer is ON: inactive players will automatically lose when time's up. (requested by altersquared III)\naltersquared III has agreed to open team sheets.\n|\n|t:|1775942924\n|teamsize|p1|4\n|teamsize|p2|4\n|start\n|switch|p1a: Hydrogen Bomb|Floette-Eternal, L50, F|100/100\n|switch|p1b: Whimsicott|Whimsicott, L50, M|100/100\n|switch|p2a: Gardevoir|Gardevoir, L50, M, shiny|100/100\n|switch|p2b: Gyarados|Gyarados, L50, M|100/100\n|-ability|p2b: Gyarados|Intimidate|boost\n|-unboost|p1a: Hydrogen Bomb|atk|1\n|-block|p1b: Whimsicott|ability: Flower Veil|[of] p1a: Hydrogen Bomb\n|turn|1\n|\n|t:|1775942941\n|detailschange|p1a: Hydrogen Bomb|Floette-Mega, L50, F\n|-mega|p1a: Hydrogen Bomb|Floette|Floettite\n|-ability|p1a: Hydrogen Bomb|Fairy Aura\n|detailschange|p2a: Gardevoir|Gardevoir-Mega, L50, M, shiny\n|-mega|p2a: Gardevoir|Gardevoir|Gardevoirite\n|move|p1b: Whimsicott|Tailwind|p1b: Whimsicott\n|-sidestart|p1: altersquared III|move: Tailwind\n|move|p1a: Hydrogen Bomb|Calm Mind|p1a: Hydrogen Bomb\n|-boost|p1a: Hydrogen Bomb|spa|1\n|-boost|p1a: Hydrogen Bomb|spd|1\n|move|p2a: Gardevoir|Calm Mind|p2a: Gardevoir\n|-boost|p2a: Gardevoir|spa|1\n|-boost|p2a: Gardevoir|spd|1\n|move|p2b: Gyarados|Taunt|p1b: Whimsicott\n|-start|p1b: Whimsicott|move: Taunt\n|\n|upkeep\n|turn|2\n|\n|t:|1775942961\n|switch|p2b: Excadrill|Excadrill, L50, M|100/100\n|move|p1b: Whimsicott|Moonblast|p2b: Excadrill\n|-resisted|p2b: Excadrill|1\n|-damage|p2b: Excadrill|78/100\n|move|p1a: Hydrogen Bomb|Dazzling Gleam|p2a: Gardevoir|[spread] p2a,p2b\n|-crit|p2a: Gardevoir\n|-resisted|p2b: Excadrill|1\n|-damage|p2a: Gardevoir|6/100\n|-damage|p2b: Excadrill|24/100\n|move|p2a: Gardevoir|Hyper Voice|p1b: Whimsicott|[spread] p1a,p1b\n|-damage|p1a: Hydrogen Bomb|49/100\n|-damage|p1b: Whimsicott|0 fnt\n|faint|p1b: Whimsicott\n|\n|upkeep\n|\n|t:|1775942977\n|switch|p1b: Coughing Baby|Maushold-Four, L50|100/100\n|turn|3\n|\n|t:|1775942984\n|move|p1b: Coughing Baby|Follow Me|p1b: Coughing Baby\n|-singleturn|p1b: Coughing Baby|move: Follow Me\n|move|p1a: Hydrogen Bomb|Dazzling Gleam|p2b: Excadrill|[spread] p2a,p2b\n|-resisted|p2b: Excadrill|1\n|-damage|p2a: Gardevoir|0 fnt\n|-damage|p2b: Excadrill|0 fnt\n|faint|p2a: Gardevoir\n|faint|p2b: Excadrill\n|\n|upkeep\n|\n|t:|1775942991\n|switch|p2b: Rotom|Rotom-Heat, L50|100/100\n|switch|p2a: Gyarados|Gyarados, L50, M|100/100\n|-ability|p2a: Gyarados|Intimidate|boost\n|-unboost|p1a: Hydrogen Bomb|atk|1\n|-unboost|p1b: Coughing Baby|atk|1\n|turn|4\n|\n|t:|1775943009\n|move|p1b: Coughing Baby|Super Fang|p2b: Rotom\n|-damage|p2b: Rotom|50/100\n|move|p1a: Hydrogen Bomb|Dazzling Gleam|p2b: Rotom|[spread] p2a,p2b\n|-resisted|p2b: Rotom|1\n|-damage|p2a: Gyarados|44/100\n|-damage|p2b: Rotom|4/100\n|move|p2b: Rotom|Thunderbolt|p1a: Hydrogen Bomb\n|-damage|p1a: Hydrogen Bomb|32/100\n|move|p2a: Gyarados|Waterfall|p1a: Hydrogen Bomb\n|-damage|p1a: Hydrogen Bomb|0 fnt\n|faint|p1a: Hydrogen Bomb\n|\n|-heal|p2a: Gyarados|50/100|[from] item: Leftovers\n|-sideend|p1: altersquared III|move: Tailwind\n|upkeep\n|\n|t:|1775943022\n|switch|p1a: Incineroar|Incineroar, L50, F|100/100\n|-ability|p1a: Incineroar|Intimidate|boost\n|-unboost|p2a: Gyarados|atk|1\n|-unboost|p2b: Rotom|atk|1\n|turn|5\n|\n|t:|1775943036\n|move|p2a: Gyarados|Protect|p2a: Gyarados\n|-singleturn|p2a: Gyarados|Protect\n|move|p1a: Incineroar|Fake Out|p2a: Gyarados\n|-activate|p2a: Gyarados|move: Protect\n|move|p1b: Coughing Baby|Follow Me|p1b: Coughing Baby\n|-singleturn|p1b: Coughing Baby|move: Follow Me\n|move|p2b: Rotom|Thunderbolt|p1b: Coughing Baby\n|-damage|p1b: Coughing Baby|49/100\n|\n|-heal|p2a: Gyarados|55/100|[from] item: Leftovers\n|upkeep\n|turn|6\n|inactive|altersquared III has 30 seconds left.\n|\n|t:|1775943062\n|move|p2b: Rotom|Thunderbolt|p1b: Coughing Baby\n|-damage|p1b: Coughing Baby|1/100\n|move|p1b: Coughing Baby|Encore|p2a: Gyarados\n|-start|p2a: Gyarados|Encore\n|move|p2a: Gyarados|Protect||[still]\n|-fail|p2a: Gyarados\n|move|p1a: Incineroar|Throat Chop|p2a: Gyarados\n|-damage|p2a: Gyarados|27/100\n|-start|p2a: Gyarados|Throat Chop|[silent]\n|\n|-heal|p2a: Gyarados|33/100|[from] item: Leftovers\n|upkeep\n|turn|7\n|\n|t:|1775943076\n|move|p1b: Coughing Baby|Protect|p1b: Coughing Baby\n|-singleturn|p1b: Coughing Baby|Protect\n|move|p2a: Gyarados|Protect|p2a: Gyarados\n|-singleturn|p2a: Gyarados|Protect\n|move|p2b: Rotom|Thunderbolt|p1b: Coughing Baby\n|-activate|p1b: Coughing Baby|move: Protect\n|move|p1a: Incineroar|Throat Chop|p2a: Gyarados\n|-activate|p2a: Gyarados|move: Protect\n|\n|-heal|p2a: Gyarados|39/100|[from] item: Leftovers\n|-end|p2a: Gyarados|Throat Chop|[silent]\n|upkeep\n|turn|8\n|\n|t:|1775943092\n|move|p2a: Gyarados|Protect||[still]\n|-fail|p2a: Gyarados\n|move|p1b: Coughing Baby|Follow Me|p1b: Coughing Baby\n|-singleturn|p1b: Coughing Baby|move: Follow Me\n|move|p2b: Rotom|Thunderbolt|p1b: Coughing Baby\n|-damage|p1b: Coughing Baby|0 fnt\n|faint|p1b: Coughing Baby\n|move|p1a: Incineroar|Throat Chop|p2a: Gyarados\n|-damage|p2a: Gyarados|10/100\n|-start|p2a: Gyarados|Throat Chop|[silent]\n|\n|-heal|p2a: Gyarados|16/100|[from] item: Leftovers\n|-end|p2a: Gyarados|Encore\n|upkeep\n|turn|9\n|\n|t:|1775943109\n|move|p2b: Rotom|Thunderbolt|p1a: Incineroar\n|-damage|p1a: Incineroar|75/100\n|move|p2a: Gyarados|Waterfall|p1a: Incineroar\n|-supereffective|p1a: Incineroar|1\n|-damage|p1a: Incineroar|33/100\n|-enditem|p1a: Incineroar|Sitrus Berry|[eat]\n|-heal|p1a: Incineroar|58/100|[from] item: Sitrus Berry\n|move|p1a: Incineroar|Flare Blitz|p2b: Rotom\n|-resisted|p2b: Rotom|1\n|-damage|p2b: Rotom|0 fnt\n|faint|p2b: Rotom\n|-damage|p1a: Incineroar|57/100|[from] Recoil\n|\n|-heal|p2a: Gyarados|22/100|[from] item: Leftovers\n|-end|p2a: Gyarados|Throat Chop|[silent]\n|upkeep\n|turn|10\n|\n|t:|1775943126\n|move|p2a: Gyarados|Waterfall|p1a: Incineroar\n|-supereffective|p1a: Incineroar|1\n|-damage|p1a: Incineroar|15/100\n|move|p1a: Incineroar|Throat Chop|p2a: Gyarados\n|-damage|p2a: Gyarados|0 fnt\n|faint|p2a: Gyarados\n|\n|win|altersquared III\n|raw|altersquared III's rating: 1041 &rarr; <strong>1075</strong><br />(+34 for winning)\n|raw|Pvdro25's rating: 1038 &rarr; <strong>1022</strong><br />(-16 for losing)\n",
  "uploadtime": 1775943133,
  "views": 18,
  "formatid": "gen9championsvgc2026regma",
  "rating": 1022,
  "private": 0,
  "password": null
}