{
  "id": "gen9championsvgc2026regma-2587815332",
  "format": "[Gen 9 Champions] VGC 2026 Reg M-A",
  "players": [
    "abcdxy",
    "RygarTB"
  ],
  "log": "|j|\u2606abcdxy\n|j|\u2606RygarTB\n|t:|1776566826\n|gametype|doubles\n|player|p1|abcdxy|lady|1343\n|player|p2|RygarTB|caitlin|1389\n|gen|9\n|tier|[Gen 9 Champions] VGC 2026 Reg M-A\n|rated|\n|rule|Species Clause: Limit one of each Pok\u00e9mon\n|rule|Item Clause: Limit 1 of each item\n|clearpoke\n|poke|p1|Gengar, L50, F|\n|poke|p1|Incineroar, L50, M, shiny|\n|poke|p1|Pelipper, L50, M|\n|poke|p1|Archaludon, L50, F|\n|poke|p1|Basculegion, L50, M|\n|poke|p1|Kingambit, L50, M|\n|poke|p2|Corviknight, L50, F|\n|poke|p2|Raichu, L50, F|\n|poke|p2|Rotom-Frost, L50|\n|poke|p2|Froslass, L50, F|\n|poke|p2|Incineroar, L50, F|\n|poke|p2|Aerodactyl, L50, F|\n|teampreview|4\n|inactive|Battle timer is ON: inactive players will automatically lose when time's up. (requested by abcdxy)\n|inactive|abcdxy has 60 seconds left.\n|\n|t:|1776566863\n|teamsize|p1|4\n|teamsize|p2|4\n|start\n|switch|p1a: Gengar|Gengar, L50, F|100/100\n|switch|p1b: Incineroar|Incineroar, L50, M, shiny|100/100\n|switch|p2a: Raichu|Raichu, L50, F|100/100\n|switch|p2b: Rotom|Rotom-Frost, L50|100/100\n|-ability|p1b: Incineroar|Intimidate|boost\n|-unboost|p2a: Raichu|atk|1\n|-unboost|p2b: Rotom|atk|1\n|turn|1\n|\n|t:|1776566876\n|detailschange|p1a: Gengar|Gengar-Mega, L50, F\n|-mega|p1a: Gengar|Gengar|Gengarite\n|move|p2a: Raichu|Fake Out|p1b: Incineroar\n|-damage|p1b: Incineroar|95/100\n|cant|p1b: Incineroar|flinch\n|move|p2b: Rotom|Discharge|p1b: Incineroar|[spread] p1a,p1b\n|-ability|p2a: Raichu|Lightning Rod|boost\n|-boost|p2a: Raichu|spa|1\n|-crit|p1a: Gengar\n|-damage|p1a: Gengar|65/100\n|-damage|p1b: Incineroar|72/100\n|move|p1a: Gengar|Perish Song|p1a: Gengar\n|-start|p1a: Gengar|perish3|[silent]\n|-start|p1b: Incineroar|perish3|[silent]\n|-start|p2a: Raichu|perish3|[silent]\n|-start|p2b: Rotom|perish3|[silent]\n|-fieldactivate|move: Perish Song\n|\n|-start|p2b: Rotom|perish3\n|-start|p2a: Raichu|perish3\n|-start|p1a: Gengar|perish3\n|-start|p1b: Incineroar|perish3\n|upkeep\n|turn|2\n|\n|t:|1776566896\n|move|p1a: Gengar|Protect|p1a: Gengar\n|-singleturn|p1a: Gengar|Protect\n|move|p2b: Rotom|Discharge|p1a: Gengar|[spread] p1b\n|-activate|p1a: Gengar|move: Protect\n|-ability|p2a: Raichu|Lightning Rod|boost\n|-boost|p2a: Raichu|spa|1\n|-damage|p1b: Incineroar|53/100\n|-status|p1b: Incineroar|par\n|move|p2a: Raichu|Electroweb|p1b: Incineroar|[spread] p1b\n|-activate|p1a: Gengar|move: Protect\n|-damage|p1b: Incineroar|26/100 par\n|-unboost|p1b: Incineroar|spe|1\n|-enditem|p1b: Incineroar|Sitrus Berry|[eat]\n|-heal|p1b: Incineroar|50/100 par|[from] item: Sitrus Berry\n|move|p1b: Incineroar|Parting Shot|p2a: Raichu\n|-unboost|p2a: Raichu|atk|1\n|-unboost|p2a: Raichu|spa|1\n|\n|t:|1776566915\n|switch|p1b: Basculegion|Basculegion, L50, M|100/100|[from] Parting Shot\n|\n|-start|p2b: Rotom|perish2\n|-start|p2a: Raichu|perish2\n|-start|p1a: Gengar|perish2\n|upkeep\n|turn|3\n|\n|t:|1776566935\n|switch|p1a: Incineroar|Incineroar, L50, M, shiny|50/100 par\n|-ability|p1a: Incineroar|Intimidate|boost\n|-unboost|p2a: Raichu|atk|1\n|-unboost|p2b: Rotom|atk|1\n|move|p2b: Rotom|Discharge|p1a: Incineroar|[spread] p1a,p1b\n|-ability|p2a: Raichu|Lightning Rod|boost\n|-boost|p2a: Raichu|spa|1\n|-supereffective|p1b: Basculegion|1\n|-damage|p1a: Incineroar|30/100 par\n|-damage|p1b: Basculegion|43/100\n|-status|p1b: Basculegion|par\n|move|p2a: Raichu|Electroweb|p1b: Basculegion|[spread] p1a,p1b\n|-supereffective|p1b: Basculegion|1\n|-damage|p1a: Incineroar|5/100 par\n|-damage|p1b: Basculegion|0 fnt\n|-unboost|p1a: Incineroar|spe|1\n|faint|p1b: Basculegion\n|\n|-start|p2b: Rotom|perish1\n|-start|p2a: Raichu|perish1\n|upkeep\n|\n|t:|1776566946\n|switch|p1b: Gengar|Gengar-Mega, L50, F|65/100\n|turn|4\n|\n|t:|1776566959\n|move|p1b: Gengar|Protect|p1b: Gengar\n|-singleturn|p1b: Gengar|Protect\n|move|p1a: Incineroar|Protect|p1a: Incineroar\n|-singleturn|p1a: Incineroar|Protect\n|move|p2b: Rotom|Discharge|p1a: Incineroar|[spread] \n|-activate|p1a: Incineroar|move: Protect\n|-activate|p1b: Gengar|move: Protect\n|-ability|p2a: Raichu|Lightning Rod|boost\n|-boost|p2a: Raichu|spa|1\n|move|p2a: Raichu|Electroweb|p1b: Gengar|[spread] \n|-activate|p1a: Incineroar|move: Protect\n|-activate|p1b: Gengar|move: Protect\n|\n|-start|p2b: Rotom|perish0\n|-start|p2a: Raichu|perish0\n|faint|p2b: Rotom\n|faint|p2a: Raichu\n|upkeep\n|\n|t:|1776566964\n|switch|p2a: Froslass|Froslass, L50, F|100/100\n|switch|p2b: Incineroar|Incineroar, L50, F|100/100\n|-ability|p2b: Incineroar|Intimidate|boost\n|-unboost|p1a: Incineroar|atk|1\n|-unboost|p1b: Gengar|atk|1\n|turn|5\n|\n|t:|1776566974\n|detailschange|p2a: Froslass|Froslass-Mega, L50, F\n|-mega|p2a: Froslass|Froslass|Froslassite\n|-weather|Snowscape|[from] ability: Snow Warning|[of] p2a: Froslass\n|move|p2b: Incineroar|Fake Out|p1a: Incineroar\n|-damage|p1a: Incineroar|0 fnt\n|faint|p1a: Incineroar\n|move|p2a: Froslass|Shadow Ball|p1b: Gengar\n|-supereffective|p1b: Gengar|1\n|-damage|p1b: Gengar|0 fnt\n|faint|p1b: Gengar\n|\n|-weather|Snowscape|[upkeep]\n|upkeep\n|\n|t:|1776566985\n|switch|p1b: Kingambit|Kingambit, L50, M|100/100\n|turn|6\n|\n|t:|1776566993\n|move|p2a: Froslass|Aurora Veil|p2a: Froslass\n|-sidestart|p2: RygarTB|move: Aurora Veil\n|move|p2b: Incineroar|Flare Blitz|p1b: Kingambit\n|-supereffective|p1b: Kingambit|1\n|-damage|p1b: Kingambit|1/100\n|-damage|p2b: Incineroar|67/100|[from] Recoil\n|move|p1b: Kingambit|Kowtow Cleave|p2a: Froslass\n|-supereffective|p2a: Froslass|1\n|-damage|p2a: Froslass|11/100\n|\n|-weather|Snowscape|[upkeep]\n|upkeep\n|turn|7\n|-message|abcdxy forfeited.\n|\n|win|RygarTB\n|raw|abcdxy's rating: 1343 &rarr; <strong>1326</strong><br />(-17 for losing)\n|raw|RygarTB's rating: 1389 &rarr; <strong>1406</strong><br />(+17 for winning)\n|l|\u2606abcdxy\n|player|p1|\n",
  "uploadtime": 1776567011,
  "views": 22,
  "formatid": "gen9championsvgc2026regma",
  "rating": 1326,
  "private": 0,
  "password": null
}