{
  "id": "gen9championsvgc2026regma-2587579670",
  "format": "[Gen 9 Champions] VGC 2026 Reg M-A",
  "players": [
    "WoChienuinley",
    "appatheboppa"
  ],
  "log": "|j|\u2606WoChienuinley\n|j|\u2606appatheboppa\n|t:|1776544008\n|gametype|doubles\n|player|p1|WoChienuinley|2|1112\n|player|p2|appatheboppa|rocketgrunt|1029\n|gen|9\n|tier|[Gen 9 Champions] VGC 2026 Reg M-A\n|rated|\n|rule|Species Clause: Limit one of each Pok\u00e9mon\n|rule|Item Clause: Limit 1 of each item\n|clearpoke\n|poke|p1|Hawlucha, L50, F|\n|poke|p1|Mr. Rime, L50, M|\n|poke|p1|Drampa, L50, M|\n|poke|p1|Incineroar, L50, F|\n|poke|p1|Golurk, L50|\n|poke|p1|Volcarona, L50, F|\n|poke|p2|Blastoise, L50, M|\n|poke|p2|Talonflame, L50, F, shiny|\n|poke|p2|Garchomp, L50, F|\n|poke|p2|Sinistcha, L50, shiny|\n|poke|p2|Sylveon, L50, F, shiny|\n|poke|p2|Kingambit, L50, M, shiny|\n|teampreview|4\n|inactive|Battle timer is ON: inactive players will automatically lose when time's up. (requested by WoChienuinley)\n|\n|t:|1776544026\n|teamsize|p1|4\n|teamsize|p2|4\n|start\n|switch|p1a: Incineroar|Incineroar, L50, F|100/100\n|switch|p1b: Mr. Rime|Mr. Rime, L50, M|100/100\n|switch|p2a: Blastoise|Blastoise, L50, M|100/100\n|switch|p2b: Talonflame|Talonflame, L50, F, shiny|100/100\n|-ability|p1a: Incineroar|Intimidate|boost\n|-unboost|p2a: Blastoise|atk|1\n|-unboost|p2b: Talonflame|atk|1\n|turn|1\n|\n|t:|1776544044\n|detailschange|p2a: Blastoise|Blastoise-Mega, L50, M\n|-mega|p2a: Blastoise|Blastoise|Blastoisinite\n|move|p1a: Incineroar|Fake Out|p2b: Talonflame\n|-damage|p2b: Talonflame|87/100\n|cant|p2b: Talonflame|flinch\n|move|p2a: Blastoise|Water Spout|p1a: Incineroar|[spread] p1a,p1b\n|-supereffective|p1a: Incineroar|1\n|-damage|p1a: Incineroar|2/100\n|-damage|p1b: Mr. Rime|44/100\n|-enditem|p1a: Incineroar|Sitrus Berry|[eat]\n|-heal|p1a: Incineroar|27/100|[from] item: Sitrus Berry\n|move|p1b: Mr. Rime|Trick Room|p1b: Mr. Rime\n|-fieldstart|move: Trick Room|[of] p1b: Mr. Rime\n|\n|upkeep\n|turn|2\n|inactive|appatheboppa has 30 seconds left.\n|\n|t:|1776544073\n|switch|p2b: Sinistcha|Sinistcha, L50, shiny|100/100\n|move|p2a: Blastoise|Protect|p2a: Blastoise\n|-singleturn|p2a: Blastoise|Protect\n|move|p1a: Incineroar|Parting Shot|p2a: Blastoise\n|-activate|p2a: Blastoise|move: Protect\n|move|p1b: Mr. Rime|Psychic|p2a: Blastoise\n|-activate|p2a: Blastoise|move: Protect\n|\n|upkeep\n|turn|3\n|\n|t:|1776544090\n|move|p1b: Mr. Rime|Protect|p1b: Mr. Rime\n|-singleturn|p1b: Mr. Rime|Protect\n|move|p1a: Incineroar|Flare Blitz|p2b: Sinistcha\n|-supereffective|p2b: Sinistcha|1\n|-damage|p2b: Sinistcha|21/100\n|-enditem|p2b: Sinistcha|Sitrus Berry|[eat]\n|-heal|p2b: Sinistcha|46/100|[from] item: Sitrus Berry\n|-damage|p1a: Incineroar|4/100|[from] Recoil\n|move|p2b: Sinistcha|Foul Play|p1b: Mr. Rime\n|-activate|p1b: Mr. Rime|move: Protect\n|move|p2a: Blastoise|Water Spout|p1a: Incineroar|[spread] p1a\n|-activate|p1b: Mr. Rime|move: Protect\n|-supereffective|p1a: Incineroar|1\n|-damage|p1a: Incineroar|0 fnt\n|faint|p1a: Incineroar\n|\n|upkeep\n|\n|t:|1776544097\n|switch|p1a: Drampa|Drampa, L50, M|100/100\n|turn|4\n|inactive|appatheboppa has 30 seconds left.\n|\n|t:|1776544131\n|switch|p2b: Talonflame|Talonflame, L50, F, shiny|87/100\n|switch|p2a: Garchomp|Garchomp, L50, F|100/100\n|detailschange|p1a: Drampa|Drampa-Mega, L50, M\n|-mega|p1a: Drampa|Drampa|Drampanite\n|move|p1a: Drampa|Draco Meteor|p2a: Garchomp\n|-supereffective|p2a: Garchomp|1\n|-damage|p2a: Garchomp|0 fnt\n|-unboost|p1a: Drampa|spa|2\n|faint|p2a: Garchomp\n|move|p1b: Mr. Rime|Psychic|p2b: Talonflame\n|-damage|p2b: Talonflame|19/100\n|\n|upkeep\n|\n|t:|1776544144\n|switch|p2a: Blastoise|Blastoise-Mega, L50, M|100/100\n|turn|5\n|\n|t:|1776544167\n|move|p2a: Blastoise|Fake Out|p1b: Mr. Rime\n|-damage|p1b: Mr. Rime|32/100\n|move|p1a: Drampa|Draco Meteor|p2a: Blastoise\n|-damage|p2a: Blastoise|54/100\n|-unboost|p1a: Drampa|spa|2\n|cant|p1b: Mr. Rime|flinch\n|move|p2b: Talonflame|Flamethrower|p1b: Mr. Rime\n|-supereffective|p1b: Mr. Rime|1\n|-damage|p1b: Mr. Rime|0 fnt\n|faint|p1b: Mr. Rime\n|\n|-fieldend|move: Trick Room\n|upkeep\n|\n|t:|1776544177\n|switch|p1b: Golurk|Golurk, L50|100/100\n|turn|6\n|\n|t:|1776544191\n|move|p2b: Talonflame|Rain Dance|p2b: Talonflame\n|-weather|RainDance\n|move|p2a: Blastoise|Water Spout|p1a: Drampa|[spread] p1a,p1b\n|-resisted|p1a: Drampa|1\n|-supereffective|p1b: Golurk|1\n|-damage|p1a: Drampa|80/100\n|-damage|p1b: Golurk|0 fnt\n|faint|p1b: Golurk\n|move|p1a: Drampa|Hyper Voice|p2b: Talonflame|[spread] p2a,p2b\n|-damage|p2a: Blastoise|39/100\n|-damage|p2b: Talonflame|0 fnt\n|faint|p2b: Talonflame\n|\n|-weather|RainDance|[upkeep]\n|upkeep\n|\n|t:|1776544201\n|switch|p2b: Sinistcha|Sinistcha, L50, shiny|46/100\n|-heal|p2a: Blastoise|64/100|[from] ability: Hospitality|[of] p2b: Sinistcha\n|turn|7\n|c|\u2606WoChienuinley|Talonflame gets rain dance??\n|c|\u2606appatheboppa|crazy right\n|inactive|WoChienuinley has 30 seconds left.\n|\n|t:|1776544227\n|move|p2a: Blastoise|Hydro Pump|p1a: Drampa\n|-resisted|p1a: Drampa|1\n|-damage|p1a: Drampa|39/100\n|-ability|p1a: Drampa|Berserk|boost\n|-boost|p1a: Drampa|spa|1\n|move|p2b: Sinistcha|Stun Spore|p1a: Drampa\n|-status|p1a: Drampa|par\n|move|p1a: Drampa|Draco Meteor|p2a: Blastoise\n|-damage|p2a: Blastoise|29/100\n|-unboost|p1a: Drampa|spa|2\n|\n|-weather|RainDance|[upkeep]\n|upkeep\n|turn|8\n|\n|t:|1776544252\n|move|p2a: Blastoise|Hydro Pump|p1a: Drampa\n|-resisted|p1a: Drampa|1\n|-damage|p1a: Drampa|2/100 par\n|move|p2b: Sinistcha|Foul Play|p1a: Drampa\n|-damage|p1a: Drampa|0 fnt\n|faint|p1a: Drampa\n|\n|win|appatheboppa\n|raw|WoChienuinley's rating: 1112 &rarr; <strong>1081</strong><br />(-31 for losing)\n|raw|appatheboppa's rating: 1029 &rarr; <strong>1073</strong><br />(+44 for winning)\n|l|\u2606WoChienuinley\n|player|p1|\n|c|\u2606appatheboppa|gg\n",
  "uploadtime": 1776544268,
  "views": 19,
  "formatid": "gen9championsvgc2026regma",
  "rating": 1073,
  "private": 0,
  "password": null
}