{
  "id": "gen9championsvgc2026regma-2586301549",
  "format": "[Gen 9 Champions] VGC 2026 Reg M-A",
  "players": [
    "Darksky3010",
    "colfox"
  ],
  "log": "|j|\u2606Darksky3010\n|j|\u203dcolfox\n|t:|1776423036\n|gametype|doubles\n|player|p1|Darksky3010|266|1227\n|player|p2|colfox|2|1269\n|gen|9\n|tier|[Gen 9 Champions] VGC 2026 Reg M-A\n|rated|\n|rule|Species Clause: Limit one of each Pok\u00e9mon\n|rule|Item Clause: Limit 1 of each item\n|clearpoke\n|poke|p1|Dragonite, L50, M|\n|poke|p1|Pelipper, L50, F|\n|poke|p1|Sneasler, L50, M|\n|poke|p1|Basculegion, L50, M|\n|poke|p1|Kingambit, L50, F|\n|poke|p1|Archaludon, L50, F|\n|poke|p2|Tyranitar, L50, M|\n|poke|p2|Excadrill, L50, F|\n|poke|p2|Dragapult, L50, M|\n|poke|p2|Milotic, L50, F|\n|poke|p2|Raichu, L50, F|\n|poke|p2|Scizor, L50, M|\n|teampreview|4\n|inactive|Battle timer is ON: inactive players will automatically lose when time's up. (requested by Darksky3010)\n|\n|t:|1776423069\n|teamsize|p1|4\n|teamsize|p2|4\n|start\n|switch|p1a: Sneasler|Sneasler, L50, M, shiny|100/100\n|switch|p1b: Basculegion|Basculegion, L50, M|100/100\n|switch|p2a: Raichu|Raichu, L50, F|100/100\n|switch|p2b: Milotic|Milotic, L50, F|100/100\n|turn|1\n|\n|t:|1776423090\n|move|p2a: Raichu|Protect|p2a: Raichu\n|-singleturn|p2a: Raichu|Protect\n|move|p1a: Sneasler|Fake Out|p2a: Raichu\n|-activate|p2a: Raichu|move: Protect\n|move|p1b: Basculegion|Flip Turn|p2a: Raichu\n|-activate|p2a: Raichu|move: Protect\n|move|p2b: Milotic|Icy Wind|p1a: Sneasler|[spread] p1a,p1b\n|-resisted|p1b: Basculegion|1\n|-damage|p1a: Sneasler|83/100\n|-damage|p1b: Basculegion|93/100\n|-unboost|p1a: Sneasler|spe|1\n|-unboost|p1b: Basculegion|spe|1\n|-enditem|p1a: Sneasler|White Herb\n|-clearnegativeboost|p1a: Sneasler|[silent]\n|\n|upkeep\n|turn|2\n|\n|t:|1776423108\n|move|p1a: Sneasler|Dire Claw|p2b: Milotic\n|-damage|p2b: Milotic|53/100\n|move|p2a: Raichu|Thunderbolt|p1b: Basculegion\n|-supereffective|p1b: Basculegion|1\n|-damage|p1b: Basculegion|0 fnt\n|faint|p1b: Basculegion\n|move|p2b: Milotic|Scald|p1a: Sneasler\n|-damage|p1a: Sneasler|33/100\n|-status|p1a: Sneasler|brn\n|\n|-damage|p1a: Sneasler|28/100 brn|[from] brn\n|upkeep\n|\n|t:|1776423123\n|switch|p1b: Pelipper|Pelipper, L50, F|100/100\n|-weather|RainDance|[from] ability: Drizzle|[of] p1b: Pelipper\n|turn|3\n|\n|t:|1776423142\n|move|p1a: Sneasler|Close Combat|p2b: Milotic\n|-damage|p2b: Milotic|18/100\n|-unboost|p1a: Sneasler|def|1\n|-unboost|p1a: Sneasler|spd|1\n|move|p2a: Raichu|Electroweb|p1b: Pelipper|[spread] p1a,p1b\n|-supereffective|p1b: Pelipper|2\n|-damage|p1a: Sneasler|0 fnt\n|-enditem|p1b: Pelipper|Focus Sash\n|-damage|p1b: Pelipper|1/100\n|-unboost|p1b: Pelipper|spe|1\n|faint|p1a: Sneasler\n|move|p2b: Milotic|Icy Wind|p1b: Pelipper\n|-damage|p1b: Pelipper|0 fnt\n|faint|p1b: Pelipper\n|\n|-weather|RainDance|[upkeep]\n|upkeep\n|\n|t:|1776423155\n|switch|p1b: Dragonite|Dragonite, L50, M, shiny|100/100\n|turn|4\n|\n|t:|1776423161\n|detailschange|p1b: Dragonite|Dragonite-Mega, L50, M, shiny\n|-mega|p1b: Dragonite|Dragonite|Dragoninite\n|move|p2a: Raichu|Thunderbolt|p1b: Dragonite\n|-crit|p1b: Dragonite\n|-damage|p1b: Dragonite|72/100\n|move|p1b: Dragonite|Hurricane|p2b: Milotic\n|-damage|p2b: Milotic|0 fnt\n|faint|p2b: Milotic\n|\n|-weather|RainDance|[upkeep]\n|upkeep\n|\n|t:|1776423172\n|switch|p2b: Tyranitar|Tyranitar, L50, M|100/100\n|-weather|Sandstorm|[from] ability: Sand Stream|[of] p2b: Tyranitar\n|turn|5\n|\n|t:|1776423180\n|detailschange|p2b: Tyranitar|Tyranitar-Mega, L50, M\n|-mega|p2b: Tyranitar|Tyranitar|Tyranitarite\n|move|p2a: Raichu|Thunderbolt|p1b: Dragonite\n|-damage|p1b: Dragonite|38/100\n|-status|p1b: Dragonite|par\n|move|p2b: Tyranitar|Rock Slide|p1b: Dragonite\n|-supereffective|p1b: Dragonite|1\n|-damage|p1b: Dragonite|0 fnt\n|faint|p1b: Dragonite\n|\n|win|colfox\n|raw|Darksky3010's rating: 1227 &rarr; <strong>1205</strong><br />(-22 for losing)\n|raw|colfox's rating: 1269 &rarr; <strong>1291</strong><br />(+22 for winning)\n|l|\u2606Darksky3010\n|player|p1|\n",
  "uploadtime": 1776423190,
  "views": 46,
  "formatid": "gen9championsvgc2026regma",
  "rating": 1205,
  "private": 0,
  "password": null
}