{
  "id": "gen9championsvgc2026regma-2582259804",
  "format": "[Gen 9 Champions] VGC 2026 Reg M-A",
  "players": [
    "jiohgifdtrs",
    "theilldigi"
  ],
  "log": "|j|\u2606jiohgifdtrs\n|j|\u2606theilldigi\n|t:|1776077166\n|gametype|doubles\n|player|p1|jiohgifdtrs|kieran-champion|1000\n|player|p2|theilldigi|101|1000\n|gen|9\n|tier|[Gen 9 Champions] VGC 2026 Reg M-A\n|rated|\n|rule|Species Clause: Limit one of each Pok\u00e9mon\n|rule|Item Clause: Limit 1 of each item\n|clearpoke\n|poke|p1|Crabominable, L50, F|\n|poke|p1|Sinistcha, L50|\n|poke|p1|Incineroar, L50, F|\n|poke|p1|Oranguru, L50, M|\n|poke|p1|Pelipper, L50, M|\n|poke|p1|Basculegion, L50, M|\n|poke|p2|Orthworm, L50, F|\n|poke|p2|Froslass, L50, F|\n|poke|p2|Incineroar, L50, M|\n|poke|p2|Basculegion, L50, M|\n|poke|p2|Rotom-Frost, L50|\n|poke|p2|Garchomp, L50, M|\n|teampreview|4\njiohgifdtrs has agreed to open team sheets.\n|inactive|Battle timer is ON: inactive players will automatically lose when time's up. (requested by jiohgifdtrs)\n|inactive|jiohgifdtrs has 60 seconds left.\n|inactive|theilldigi has 60 seconds left.\n|\n|t:|1776077209\n|teamsize|p1|4\n|teamsize|p2|4\n|start\n|switch|p1a: Oranguru|Oranguru, L50, M|100/100\n|switch|p1b: Crabominable|Crabominable, L50, F|100/100\n|switch|p2a: Incineroar|Incineroar, L50, M|100/100\n|switch|p2b: Rotom|Rotom-Frost, L50, shiny|100/100\n|-ability|p2a: Incineroar|Intimidate|boost\n|-fail|p1a: Oranguru|unboost|Attack|[from] ability: Inner Focus|[of] p1a: Oranguru\n|-fail|p1b: Crabominable|unboost|Attack|[from] ability: Hyper Cutter|[of] p1b: Crabominable\n|turn|1\n|inactive|theilldigi has 30 seconds left.\n|\n|t:|1776077240\n|move|p1b: Crabominable|Protect|p1b: Crabominable\n|-singleturn|p1b: Crabominable|Protect\n|move|p2b: Rotom|Blizzard|p1a: Oranguru|[spread] p1a\n|-activate|p1b: Crabominable|move: Protect\n|-damage|p1a: Oranguru|69/100\n|move|p2a: Incineroar|Flare Blitz|p1b: Crabominable\n|-activate|p1b: Crabominable|move: Protect\n|move|p1a: Oranguru|Trick Room|p1a: Oranguru\n|-fieldstart|move: Trick Room|[of] p1a: Oranguru\n|\n|upkeep\n|turn|2\n|\n|t:|1776077265\n|move|p2b: Rotom|Protect|p2b: Rotom\n|-singleturn|p2b: Rotom|Protect\n|move|p1b: Crabominable|Drain Punch|p2a: Incineroar\n|-supereffective|p2a: Incineroar|1\n|-damage|p2a: Incineroar|19/100\n|move|p1a: Oranguru|Instruct|p1b: Crabominable\n|-singleturn|p1b: Crabominable|move: Instruct|[of] p1a: Oranguru\n|move|p1b: Crabominable|Drain Punch|p2a: Incineroar\n|-supereffective|p2a: Incineroar|1\n|-damage|p2a: Incineroar|0 fnt\n|faint|p2a: Incineroar\n|\n|upkeep\n|\n|t:|1776077273\n|switch|p2a: Froslass|Froslass, L50, F|100/100\n|turn|3\n|inactive|jiohgifdtrs has 30 seconds left.\n|inactive|jiohgifdtrs has 20 seconds left.\n|inactive|jiohgifdtrs has 15 seconds left.\n|\n|t:|1776077316\n|detailschange|p1b: Crabominable|Crabominable-Mega, L50, F\n|-mega|p1b: Crabominable|Crabominable|Crabominite\n|detailschange|p2a: Froslass|Froslass-Mega, L50, F\n|-mega|p2a: Froslass|Froslass|Froslassite\n|-weather|Snowscape|[from] ability: Snow Warning|[of] p2a: Froslass\n|move|p1a: Oranguru|Protect|p1a: Oranguru\n|-singleturn|p1a: Oranguru|Protect\n|move|p1b: Crabominable|Drain Punch|p2b: Rotom\n|-supereffective|p2b: Rotom|1\n|-damage|p2b: Rotom|12/100\n|move|p2b: Rotom|Blizzard|p1a: Oranguru|[spread] p1b\n|-activate|p1a: Oranguru|move: Protect\n|-resisted|p1b: Crabominable|1\n|-damage|p1b: Crabominable|83/100\n|move|p2a: Froslass|Blizzard|p1a: Oranguru|[spread] p1b\n|-activate|p1a: Oranguru|move: Protect\n|-resisted|p1b: Crabominable|1\n|-damage|p1b: Crabominable|61/100\n|\n|-weather|Snowscape|[upkeep]\n|upkeep\n|turn|4\n|inactive|jiohgifdtrs has 30 seconds left.\n|\n|t:|1776077345\n|move|p2b: Rotom|Protect|p2b: Rotom\n|-singleturn|p2b: Rotom|Protect\n|move|p1b: Crabominable|Ice Hammer|p2a: Froslass\n|-resisted|p2a: Froslass|1\n|-damage|p2a: Froslass|58/100\n|-unboost|p1b: Crabominable|spe|1\n|move|p1a: Oranguru|Psychic|p2b: Rotom\n|-activate|p2b: Rotom|move: Protect\n|move|p2a: Froslass|Blizzard|p1b: Crabominable|[spread] p1a,p1b\n|-resisted|p1b: Crabominable|1\n|-damage|p1a: Oranguru|35/100\n|-damage|p1b: Crabominable|39/100\n|\n|-weather|Snowscape|[upkeep]\n|upkeep\n|turn|5\n|\n|t:|1776077366\n|move|p1b: Crabominable|Protect|p1b: Crabominable\n|-singleturn|p1b: Crabominable|Protect\n|move|p2b: Rotom|Protect||[still]\n|-fail|p2b: Rotom\n|move|p2a: Froslass|Protect|p2a: Froslass\n|-singleturn|p2a: Froslass|Protect\n|move|p1a: Oranguru|Psychic|p2b: Rotom\n|-damage|p2b: Rotom|0 fnt\n|faint|p2b: Rotom\n|\n|-weather|Snowscape|[upkeep]\n|-fieldend|move: Trick Room\n|upkeep\n|\n|t:|1776077373\n|switch|p2b: Garchomp|Garchomp, L50, M|100/100\n|turn|6\n|\n|t:|1776077393\n|switch|p1b: Incineroar|Incineroar, L50, F|100/100\n|-ability|p1b: Incineroar|Intimidate|boost\n|-unboost|p2a: Froslass|atk|1\n|-unboost|p2b: Garchomp|atk|1\n|move|p2a: Froslass|Blizzard|p1b: Incineroar|[spread] p1a,p1b\n|-resisted|p1b: Incineroar|1\n|-damage|p1a: Oranguru|0 fnt\n|-damage|p1b: Incineroar|78/100\n|faint|p1a: Oranguru\n|move|p2b: Garchomp|Rock Slide|p1b: Incineroar\n|-supereffective|p1b: Incineroar|1\n|-damage|p1b: Incineroar|46/100\n|-enditem|p1b: Incineroar|Sitrus Berry|[eat]\n|-heal|p1b: Incineroar|70/100|[from] item: Sitrus Berry\n|\n|-weather|Snowscape|[upkeep]\n|upkeep\n|\n|t:|1776077402\n|switch|p1a: Basculegion|Basculegion, L50, M|100/100\n|turn|7\n|\n|t:|1776077420\n|move|p1b: Incineroar|Fake Out|p2b: Garchomp\n|-crit|p2b: Garchomp\n|-damage|p2b: Garchomp|81/100\n|-damage|p1b: Incineroar|58/100|[from] ability: Rough Skin|[of] p2b: Garchomp\n|move|p1a: Basculegion|Last Respects|p2a: Froslass\n|-supereffective|p2a: Froslass|1\n|-damage|p2a: Froslass|0 fnt\n|faint|p2a: Froslass\n|cant|p2b: Garchomp|flinch\n|\n|-weather|none\n|upkeep\n|turn|8\n|-message|theilldigi forfeited.\n|\n|win|jiohgifdtrs\n",
  "uploadtime": 1776077168,
  "views": 13,
  "formatid": "gen9championsvgc2026regma",
  "rating": null,
  "private": 0,
  "password": null
}