{
  "id": "gen9championsvgc2026regma-2583697709",
  "format": "[Gen 9 Champions] VGC 2026 Reg M-A",
  "players": [
    "Flippinn",
    "TheRealBanette\u00a9\u00ae"
  ],
  "log": "|j|\u2606Flippinn\n|j|\u2606TheRealBanette\u00a9\u00ae\n|t:|1776191701\n|gametype|doubles\n|player|p1|Flippinn|266|1000\n|player|p2|TheRealBanette\u00a9\u00ae|colress|1004\n|gen|9\n|tier|[Gen 9 Champions] VGC 2026 Reg M-A\n|rated|\n|rule|Species Clause: Limit one of each Pok\u00e9mon\n|rule|Item Clause: Limit 1 of each item\n|clearpoke\n|poke|p1|Crabominable, L50, F|\n|poke|p1|Whimsicott, L50, F|\n|poke|p1|Sinistcha, L50|\n|poke|p1|Ninetales-Alola, L50, M|\n|poke|p1|Froslass, L50, F|\n|poke|p1|Sableye, L50, M|\n|poke|p2|Chesnaught, L50, M|\n|poke|p2|Glimmora, L50, F|\n|poke|p2|Vivillon, L50, F|\n|poke|p2|Sinistcha-Masterpiece, L50|\n|poke|p2|Incineroar, L50, F|\n|teampreview|4\n|inactive|Battle timer is ON: inactive players will automatically lose when time's up. (requested by Flippinn)\nFlippinn has agreed to open team sheets.\n|inactive|Flippinn has 60 seconds left.\n|\n|t:|1776191756\n|teamsize|p1|4\n|teamsize|p2|4\n|start\n|switch|p1a: Whimsicott|Whimsicott, L50, F|100/100\n|switch|p1b: Froslass|Froslass, L50, F|100/100\n|switch|p2a: Vivillon|Vivillon, L50, F|100/100\n|switch|p2b: Incineroar|Incineroar, L50, F|100/100\n|-ability|p2b: Incineroar|Intimidate|boost\n|-unboost|p1a: Whimsicott|atk|1\n|-unboost|p1b: Froslass|atk|1\n|turn|1\n|inactive|TheRealBanette\u00a9\u00ae has 30 seconds left.\n|\n|t:|1776191786\n|detailschange|p1b: Froslass|Froslass-Mega, L50, F\n|-mega|p1b: Froslass|Froslass|Froslassite\n|-weather|Snowscape|[from] ability: Snow Warning|[of] p1b: Froslass\n|move|p1a: Whimsicott|Tailwind|p1a: Whimsicott\n|-sidestart|p1: Flippinn|move: Tailwind\n|move|p1b: Froslass|Aurora Veil|p1b: Froslass\n|-sidestart|p1: Flippinn|move: Aurora Veil\n|move|p2a: Vivillon|Sleep Powder|p1b: Froslass\n|-status|p1b: Froslass|slp|[from] move: Sleep Powder\n|move|p2b: Incineroar|Parting Shot|p1a: Whimsicott\n|-unboost|p1a: Whimsicott|atk|1\n|-unboost|p1a: Whimsicott|spa|1\n|\n|t:|1776191800\n|switch|p2b: Glimmora|Glimmora, L50, F|100/100|[from] Parting Shot\n|\n|-weather|Snowscape|[upkeep]\n|upkeep\n|turn|2\n|inactive|Flippinn has 30 seconds left.\n|inactive|Flippinn has 20 seconds left.\n|\n|t:|1776191838\n|switch|p1b: Ninetales|Ninetales-Alola, L50, M|100/100\n|switch|p2a: Incineroar|Incineroar, L50, F|100/100\n|-ability|p2a: Incineroar|Intimidate|boost\n|-unboost|p1a: Whimsicott|atk|1\n|-unboost|p1b: Ninetales|atk|1\n|detailschange|p2b: Glimmora|Glimmora-Mega, L50, F\n|-mega|p2b: Glimmora|Glimmora|Glimmoranite\n|move|p1a: Whimsicott|Taunt|p2a: Incineroar\n|-hint|Since gen 7, Dark is immune to Prankster moves.\n|-immune|p2a: Incineroar\n|move|p2b: Glimmora|Power Gem|p1b: Ninetales\n|-supereffective|p1b: Ninetales|1\n|-damage|p1b: Ninetales|16/100\n|\n|-weather|Snowscape|[upkeep]\n|upkeep\n|turn|3\n|inactive|Flippinn has 30 seconds left.\n|\n|t:|1776191866\n|switch|p1a: Sinistcha|Sinistcha, L50|100/100\n|-heal|p1b: Ninetales|41/100|[from] ability: Hospitality|[of] p1a: Sinistcha\n|move|p2a: Incineroar|Fake Out|p1b: Ninetales\n|-damage|p1b: Ninetales|34/100\n|cant|p1b: Ninetales|flinch\n|move|p2b: Glimmora|Sludge Bomb|p1a: Sinistcha\n|-damage|p1a: Sinistcha|49/100\n|\n|-weather|Snowscape|[upkeep]\n|upkeep\n|turn|4\n|inactive|Flippinn has 30 seconds left.\n|inactive|TheRealBanette\u00a9\u00ae has 30 seconds left.\n|\n|t:|1776191900\n|move|p2b: Glimmora|Spiky Shield|p2b: Glimmora\n|-singleturn|p2b: Glimmora|move: Protect\n|move|p1b: Ninetales|Dazzling Gleam|p2b: Glimmora|[spread] p2a\n|-activate|p2b: Glimmora|move: Protect\n|-damage|p2a: Incineroar|84/100\n|move|p1a: Sinistcha|Life Dew|p1a: Sinistcha|[spread] p1a,p1b\n|-heal|p1a: Sinistcha|75/100\n|-heal|p1b: Ninetales|59/100\n|move|p2a: Incineroar|Parting Shot|p1b: Ninetales\n|-unboost|p1b: Ninetales|atk|1\n|-unboost|p1b: Ninetales|spa|1\n|\n|t:|1776191914\n|switch|p2a: Vivillon|Vivillon, L50, F|100/100|[from] Parting Shot\n|\n|-weather|Snowscape|[upkeep]\n|-sideend|p1: Flippinn|move: Tailwind\n|upkeep\n|turn|5\n|\n|t:|1776191936\n|switch|p1b: Froslass|Froslass-Mega, L50, F|100/100 slp\n|move|p2a: Vivillon|Tailwind|p2a: Vivillon\n|-sidestart|p2: TheRealBanette\u00a9\u00ae|move: Tailwind\n|move|p2b: Glimmora|Power Gem|p1b: Froslass\n|-supereffective|p1b: Froslass|1\n|-damage|p1b: Froslass|0 fnt\n|faint|p1b: Froslass\n|move|p1a: Sinistcha|Matcha Gotcha|p2a: Vivillon|[spread] p2a,p2b\n|-resisted|p2a: Vivillon|2\n|-damage|p2a: Vivillon|88/100\n|-heal|p1a: Sinistcha|81/100|[from] drain|[of] p2a: Vivillon\n|-damage|p2b: Glimmora|63/100\n|-heal|p1a: Sinistcha|98/100|[from] drain|[of] p2b: Glimmora\n|-status|p2a: Vivillon|brn\n|\n|-weather|none\n|-damage|p2a: Vivillon|82/100 brn|[from] brn\n|-sideend|p1: Flippinn|move: Aurora Veil\n|upkeep\n|\n|t:|1776191951\n|switch|p1b: Whimsicott|Whimsicott, L50, F|100/100\n|turn|6\n|\n|t:|1776191969\n|switch|p2a: Sinistcha|Sinistcha-Masterpiece, L50|100/100\n|-heal|p2b: Glimmora|88/100|[from] ability: Hospitality|[of] p2a: Sinistcha\n|move|p2b: Glimmora|Sludge Bomb|p1b: Whimsicott\n|-supereffective|p1b: Whimsicott|2\n|-enditem|p1b: Whimsicott|Focus Sash\n|-damage|p1b: Whimsicott|1/100\n|move|p1b: Whimsicott|Moonblast|p2a: Sinistcha\n|-damage|p2a: Sinistcha|80/100\n|move|p1a: Sinistcha|Trick Room|p1a: Sinistcha\n|-fieldstart|move: Trick Room|[of] p1a: Sinistcha\n|\n|upkeep\n|turn|7\n|inactive|Flippinn has 30 seconds left.\n|\n|t:|1776191998\n|move|p2b: Glimmora|Spiky Shield|p2b: Glimmora\n|-singleturn|p2b: Glimmora|move: Protect\n|move|p1b: Whimsicott|Taunt|p2a: Sinistcha\n|-start|p2a: Sinistcha|move: Taunt\n|-enditem|p2a: Sinistcha|Mental Herb\n|-end|p2a: Sinistcha|move: Taunt\n|move|p1a: Sinistcha|Matcha Gotcha|p2b: Glimmora|[spread] p2a\n|-activate|p2b: Glimmora|move: Protect\n|-resisted|p2a: Sinistcha|1\n|-damage|p2a: Sinistcha|68/100\n|-heal|p1a: Sinistcha|100/100|[from] drain|[of] p2a: Sinistcha\n|move|p2a: Sinistcha|Trick Room|p2a: Sinistcha\n|-fieldend|move: Trick Room\n|\n|upkeep\n|turn|8\n|inactive|Flippinn has 30 seconds left.\n|\n|t:|1776192031\n|move|p1b: Whimsicott|Taunt|p2a: Sinistcha\n|-start|p2a: Sinistcha|move: Taunt\n|move|p2b: Glimmora|Dazzling Gleam|p1a: Sinistcha|[spread] p1a,p1b\n|-damage|p1a: Sinistcha|71/100\n|-damage|p1b: Whimsicott|0 fnt\n|faint|p1b: Whimsicott\n|move|p2a: Sinistcha|Shadow Ball|p1a: Sinistcha\n|-supereffective|p1a: Sinistcha|1\n|-damage|p1a: Sinistcha|0 fnt\n|faint|p1a: Sinistcha\n|\n|-sideend|p2: TheRealBanette\u00a9\u00ae|move: Tailwind\n|upkeep\n|\n|t:|1776192035\n|switch|p1a: Ninetales|Ninetales-Alola, L50, M|59/100\n|-weather|Snowscape|[from] ability: Snow Warning|[of] p1a: Ninetales\n|turn|9\n|\n|t:|1776192053\n|switch|p2a: Incineroar|Incineroar, L50, F|84/100\n|-ability|p2a: Incineroar|Intimidate|boost\n|-unboost|p1a: Ninetales|atk|1\n|move|p2b: Glimmora|Spiky Shield|p2b: Glimmora\n|-singleturn|p2b: Glimmora|move: Protect\n|move|p1a: Ninetales|Blizzard|p2a: Incineroar|[spread] p2a\n|-activate|p2b: Glimmora|move: Protect\n|-resisted|p2a: Incineroar|1\n|-damage|p2a: Incineroar|72/100\n|\n|-weather|Snowscape|[upkeep]\n|upkeep\n|turn|10\n|\n|t:|1776192068\n|move|p2a: Incineroar|Fake Out|p1a: Ninetales\n|-damage|p1a: Ninetales|49/100\n|move|p2b: Glimmora|Power Gem|p1a: Ninetales\n|-supereffective|p1a: Ninetales|1\n|-damage|p1a: Ninetales|0 fnt\n|faint|p1a: Ninetales\n|\n|win|TheRealBanette\u00a9\u00ae\n|raw|Flippinn's rating: 1000 &rarr; <strong>1000</strong><br />(+0 for losing)\n|raw|TheRealBanette\u00a9\u00ae's rating: 1004 &rarr; <strong>1043</strong><br />(+39 for winning)\n|l|\u2606Flippinn\n|player|p1|\n",
  "uploadtime": 1776192080,
  "views": 40,
  "formatid": "gen9championsvgc2026regma",
  "rating": 1000,
  "private": 0,
  "password": null
}