{
  "id": "gen9championsvgc2026regma-2588777546",
  "format": "[Gen 9 Champions] VGC 2026 Reg M-A",
  "players": [
    "thed3mo",
    "xepher008"
  ],
  "log": "|j|\u2606thed3mo\n|j|\u2606xepher008\n|t:|1776669498\n|gametype|doubles\n|player|p1|thed3mo|gentleman-gen4|1172\n|player|p2|xepher008|265|1075\n|gen|9\n|tier|[Gen 9 Champions] VGC 2026 Reg M-A\n|rated|\n|rule|Species Clause: Limit one of each Pok\u00e9mon\n|rule|Item Clause: Limit 1 of each item\n|clearpoke\n|poke|p1|Kingambit, L50, F|\n|poke|p1|Basculegion, L50, M|\n|poke|p1|Aerodactyl, L50, M|\n|poke|p1|Floette-Eternal, L50, F|\n|poke|p1|Sneasler, L50, F|\n|poke|p1|Incineroar, L50, F|\n|poke|p2|Gengar, L50, M|\n|poke|p2|Incineroar, L50, F|\n|poke|p2|Milotic, L50, F, shiny|\n|poke|p2|Heracross, L50, M|\n|poke|p2|Tyranitar, L50, F|\n|poke|p2|Scizor, L50, M|\n|teampreview|4\n|inactive|Battle timer is ON: inactive players will automatically lose when time's up. (requested by thed3mo)\n|inactive|thed3mo has 60 seconds left.\n|inactive|xepher008 has 60 seconds left.\n|\n|t:|1776669535\n|teamsize|p1|4\n|teamsize|p2|4\n|start\n|switch|p1a: Aerodactyl|Aerodactyl, L50, M|100/100\n|switch|p1b: Basculegion|Basculegion, L50, M|100/100\n|switch|p2a: Gengar|Gengar, L50, M|100/100\n|switch|p2b: Milotic|Milotic, L50, F, shiny|100/100\n|-ability|p1a: Aerodactyl|Unnerve\n|turn|1\n|\n|t:|1776669553\n|detailschange|p2a: Gengar|Gengar-Mega, L50, M\n|-mega|p2a: Gengar|Gengar|Gengarite\n|move|p1b: Basculegion|Flip Turn|p2a: Gengar\n|-damage|p2a: Gengar|45/100\n|\n|t:|1776669558\n|switch|p1b: Floette|Floette-Eternal, L50, F|100/100|[from] Flip Turn\n|move|p2a: Gengar|Shadow Ball|p1b: Floette\n|-damage|p1b: Floette|51/100\n|move|p1a: Aerodactyl|Tailwind|p1a: Aerodactyl\n|-sidestart|p1: thed3mo|move: Tailwind\n|move|p2b: Milotic|Scald|p1a: Aerodactyl\n|-supereffective|p1a: Aerodactyl|1\n|-enditem|p1a: Aerodactyl|Focus Sash\n|-damage|p1a: Aerodactyl|1/100\n|\n|upkeep\n|turn|2\n|\n|t:|1776669574\n|detailschange|p1b: Floette|Floette-Mega, L50, F\n|-mega|p1b: Floette|Floette|Floettite\n|-ability|p1b: Floette|Fairy Aura\n|move|p2a: Gengar|Protect|p2a: Gengar\n|-singleturn|p2a: Gengar|Protect\n|move|p1a: Aerodactyl|Rock Slide|p2a: Gengar|[spread] p2b\n|-activate|p2a: Gengar|move: Protect\n|-damage|p2b: Milotic|77/100\n|move|p1b: Floette|Energy Ball|p2b: Milotic\n|-supereffective|p2b: Milotic|1\n|-damage|p2b: Milotic|23/100\n|move|p2b: Milotic|Icy Wind|p1a: Aerodactyl|[spread] p1a,p1b\n|-supereffective|p1a: Aerodactyl|1\n|-damage|p1a: Aerodactyl|0 fnt\n|-damage|p1b: Floette|40/100\n|-unboost|p1b: Floette|spe|1\n|faint|p1a: Aerodactyl\n|\n|-heal|p2b: Milotic|30/100|[from] item: Leftovers\n|upkeep\n|\n|t:|1776669599\n|switch|p1a: Basculegion|Basculegion, L50, M|100/100\n|turn|3\n|inactive|xepher008 has 30 seconds left.\n|inactive|xepher008 has 20 seconds left.\n|inactive|xepher008 has 15 seconds left.\n|inactive|xepher008 has 10 seconds left.\n|\n|t:|1776669647\n|move|p2b: Milotic|Protect|p2b: Milotic\n|-singleturn|p2b: Milotic|Protect\n|move|p1a: Basculegion|Last Respects|p2b: Milotic\n|-activate|p2b: Milotic|move: Protect\n|move|p1b: Floette|Moonblast|p2a: Gengar\n|-resisted|p2a: Gengar|1\n|-damage|p2a: Gengar|0 fnt\n|faint|p2a: Gengar\n|\n|-heal|p2b: Milotic|36/100|[from] item: Leftovers\n|upkeep\n|l|\u2606thed3mo\n|inactive|thed3mo disconnected and has a minute to reconnect!\n|player|p1|\n|\n|t:|1776669660\n|switch|p2a: Scizor|Scizor, L50, M|100/100\n|turn|4\n|j|\u2606thed3mo\n|inactive|thed3mo reconnected and has 35 seconds left.\n|player|p1|thed3mo|gentleman-gen4|\n|inactive|thed3mo has 30 seconds left.\n|l|\u2606thed3mo\n|inactive|thed3mo disconnected and has a minute to reconnect!\n|player|p1|\n|inactive|thed3mo has 20 seconds left.\n|j|\u2606thed3mo\n|inactive|thed3mo reconnected and has 20 seconds left.\n|player|p1|thed3mo|gentleman-gen4|\n|inactive|thed3mo has 15 seconds left.\n|inactive|thed3mo has 10 seconds left.\n|\n|t:|1776669707\n|move|p2a: Scizor|Protect|p2a: Scizor\n|-singleturn|p2a: Scizor|Protect\n|move|p1a: Basculegion|Last Respects|p2b: Milotic\n|-damage|p2b: Milotic|0 fnt\n|faint|p2b: Milotic\n|move|p1b: Floette|Moonblast|p2a: Scizor\n|-activate|p2a: Scizor|move: Protect\n|\n|-sideend|p1: thed3mo|move: Tailwind\n|upkeep\n|\n|t:|1776669718\n|switch|p2b: Heracross|Heracross, L50, M|100/100\n|turn|5\n|inactive|xepher008 has 30 seconds left.\n|inactive|xepher008 has 20 seconds left.\n|\n|t:|1776669756\n|switch|p1a: Incineroar|Incineroar, L50, F|100/100\n|-ability|p1a: Incineroar|Intimidate|boost\n|-unboost|p2a: Scizor|atk|1\n|-unboost|p2b: Heracross|atk|1\n|move|p2b: Heracross|Close Combat|p1b: Floette\n|-resisted|p1b: Floette|1\n|-damage|p1b: Floette|10/100\n|-unboost|p2b: Heracross|def|1\n|-unboost|p2b: Heracross|spd|1\n|move|p1b: Floette|Moonblast|p2b: Heracross\n|-supereffective|p2b: Heracross|1\n|-damage|p2b: Heracross|0 fnt\n|faint|p2b: Heracross\n|move|p2a: Scizor|Swords Dance|p2a: Scizor\n|-boost|p2a: Scizor|atk|2\n|\n|upkeep\n|turn|6\n|\n|t:|1776669773\n|move|p2a: Scizor|Protect|p2a: Scizor\n|-singleturn|p2a: Scizor|Protect\n|move|p1a: Incineroar|Fake Out|p2a: Scizor\n|-activate|p2a: Scizor|move: Protect\n|move|p1b: Floette|Moonblast|p2a: Scizor\n|-activate|p2a: Scizor|move: Protect\n|\n|upkeep\n|turn|7\n|\n|t:|1776669787\n|move|p1b: Floette|Moonblast|p2a: Scizor\n|-resisted|p2a: Scizor|1\n|-damage|p2a: Scizor|52/100\n|move|p2a: Scizor|Bug Bite|p1a: Incineroar\n|-damage|p1a: Incineroar|49/100\n|-enditem|p1a: Incineroar|Sitrus Berry|[from] stealeat|[move] Bug Bite|[of] p2a: Scizor\n|-heal|p2a: Scizor|77/100|[from] item: Sitrus Berry\n|move|p1a: Incineroar|Will-O-Wisp|p2a: Scizor\n|-status|p2a: Scizor|brn\n|\n|-damage|p2a: Scizor|71/100 brn|[from] brn\n|upkeep\n|turn|8\n|\n|t:|1776669801\n|move|p1b: Floette|Moonblast|p2a: Scizor\n|-resisted|p2a: Scizor|1\n|-damage|p2a: Scizor|29/100 brn\n|-unboost|p2a: Scizor|spa|1\n|move|p2a: Scizor|Bug Bite|p1a: Incineroar\n|-damage|p1a: Incineroar|24/100\n|move|p1a: Incineroar|Flare Blitz|p2a: Scizor\n|-supereffective|p2a: Scizor|2\n|-damage|p2a: Scizor|0 fnt\n|faint|p2a: Scizor\n|-damage|p1a: Incineroar|16/100|[from] Recoil\n|\n|win|thed3mo\n|raw|thed3mo's rating: 1172 &rarr; <strong>1190</strong><br />(+18 for winning)\n|raw|xepher008's rating: 1075 &rarr; <strong>1060</strong><br />(-15 for losing)\n|l|\u2606thed3mo\n|player|p1|\n",
  "uploadtime": 1776670290,
  "views": 10,
  "formatid": "gen9championsvgc2026regma",
  "rating": 1060,
  "private": 0,
  "password": null
}