{
  "id": "gen9championsvgc2026regma-2582839738",
  "format": "[Gen 9 Champions] VGC 2026 Reg M-A",
  "players": [
    "la javineta",
    "Steeltrainer"
  ],
  "log": "|j|\u2606la javineta\n|j|\u2606Steeltrainer\n|t:|1776118143\n|gametype|doubles\n|player|p1|la javineta|1|1298\n|player|p2|Steeltrainer|101|1330\n|gen|9\n|tier|[Gen 9 Champions] VGC 2026 Reg M-A\n|rated|\n|rule|Species Clause: Limit one of each Pok\u00e9mon\n|rule|Item Clause: Limit 1 of each item\n|clearpoke\n|poke|p1|Heliolisk, L50, F|\n|poke|p1|Excadrill, L50, M|\n|poke|p1|Tyranitar, L50, F|\n|poke|p1|Aerodactyl, L50, F|\n|poke|p1|Milotic, L50, M|\n|poke|p1|Incineroar, L50, F|\n|poke|p2|Delphox, L50, M|\n|poke|p2|Garchomp, L50, M|\n|poke|p2|Milotic, L50, M|\n|poke|p2|Aegislash, L50, F|\n|poke|p2|Sneasler, L50, F|\n|poke|p2|Sinistcha, L50|\n|teampreview|4\n|inactive|Battle timer is ON: inactive players will automatically lose when time's up. (requested by la javineta)\n|\n|t:|1776118177\n|teamsize|p1|4\n|teamsize|p2|4\n|start\n|switch|p1a: Aerodactyl|Aerodactyl, L50, F|100/100\n|switch|p1b: Milotic|Milotic, L50, M|100/100\n|switch|p2a: Milotic|Milotic, L50, M|100/100\n|switch|p2b: Garchomp|Garchomp, L50, M|100/100\n|-ability|p1a: Aerodactyl|Unnerve\n|turn|1\n|\n|t:|1776118188\n|detailschange|p1a: Aerodactyl|Aerodactyl-Mega, L50, F\n|-mega|p1a: Aerodactyl|Aerodactyl|Aerodactylite\n|move|p1a: Aerodactyl|Protect|p1a: Aerodactyl\n|-singleturn|p1a: Aerodactyl|Protect\n|move|p2b: Garchomp|Rock Slide|p1b: Milotic|[spread] \n|-activate|p1a: Aerodactyl|move: Protect\n|-miss|p2b: Garchomp|p1b: Milotic\n|move|p1b: Milotic|Coil|p1b: Milotic\n|-boost|p1b: Milotic|atk|1\n|-boost|p1b: Milotic|def|1\n|-boost|p1b: Milotic|accuracy|1\n|move|p2a: Milotic|Coil|p2a: Milotic\n|-boost|p2a: Milotic|atk|1\n|-boost|p2a: Milotic|def|1\n|-boost|p2a: Milotic|accuracy|1\n|\n|upkeep\n|turn|2\n|\n|t:|1776118204\n|move|p2b: Garchomp|Rock Slide|p1a: Aerodactyl|[spread] p1a,p1b\n|-supereffective|p1a: Aerodactyl|1\n|-crit|p1b: Milotic\n|-damage|p1a: Aerodactyl|48/100\n|-damage|p1b: Milotic|67/100\n|cant|p1a: Aerodactyl|flinch\n|cant|p1b: Milotic|flinch\n|move|p2a: Milotic|Hypnosis|p1b: Milotic\n|-status|p1b: Milotic|slp|[from] move: Hypnosis\n|\n|-heal|p1b: Milotic|73/100 slp|[from] item: Leftovers\n|upkeep\n|turn|3\n|c|\u2606la javineta|wow\n|\n|t:|1776118219\n|switch|p1a: Tyranitar|Tyranitar, L50, F|100/100\n|-weather|Sandstorm|[from] ability: Sand Stream|[of] p1a: Tyranitar\n|move|p2b: Garchomp|Rock Slide|p1a: Tyranitar|[spread] p1a\n|-miss|p2b: Garchomp|p1b: Milotic\n|-crit|p1a: Tyranitar\n|-damage|p1a: Tyranitar|74/100\n|cant|p1b: Milotic|slp\n|move|p2a: Milotic|Muddy Water|p1a: Tyranitar|[spread] p1a,p1b\n|-supereffective|p1a: Tyranitar|1\n|-resisted|p1b: Milotic|1\n|-damage|p1a: Tyranitar|39/100\n|-damage|p1b: Milotic|65/100 slp\n|-unboost|p1a: Tyranitar|accuracy|1\n|\n|-weather|Sandstorm|[upkeep]\n|-damage|p1b: Milotic|58/100 slp|[from] Sandstorm\n|-damage|p2a: Milotic|95/100|[from] Sandstorm\n|-heal|p1b: Milotic|65/100 slp|[from] item: Leftovers\n|-heal|p2a: Milotic|100/100|[from] item: Leftovers\n|upkeep\n|turn|4\n|\n|t:|1776118232\n|move|p1a: Tyranitar|Protect|p1a: Tyranitar\n|-singleturn|p1a: Tyranitar|Protect\n|move|p2b: Garchomp|Rock Slide|p1b: Milotic|[spread] p1b\n|-activate|p1a: Tyranitar|move: Protect\n|-damage|p1b: Milotic|47/100 slp\n|cant|p1b: Milotic|slp\n|move|p2a: Milotic|Muddy Water|p1b: Milotic|[spread] p1b\n|-activate|p1a: Tyranitar|move: Protect\n|-resisted|p1b: Milotic|1\n|-damage|p1b: Milotic|39/100 slp\n|-unboost|p1b: Milotic|accuracy|1\n|-ability|p1b: Milotic|Competitive|boost\n|-boost|p1b: Milotic|spa|2\n|\n|-weather|Sandstorm|[upkeep]\n|-damage|p1b: Milotic|32/100 slp|[from] Sandstorm\n|-damage|p2a: Milotic|95/100|[from] Sandstorm\n|-heal|p1b: Milotic|39/100 slp|[from] item: Leftovers\n|-heal|p2a: Milotic|100/100|[from] item: Leftovers\n|upkeep\n|turn|5\n|\n|t:|1776118253\n|move|p2b: Garchomp|Rock Slide|p1a: Tyranitar|[spread] p1a,p1b\n|-damage|p1a: Tyranitar|22/100\n|-damage|p1b: Milotic|22/100 slp\n|-curestatus|p1b: Milotic|slp|[msg]\n|move|p1b: Milotic|Hypnosis|p2a: Milotic\n|-status|p2a: Milotic|slp|[from] move: Hypnosis\n|cant|p2a: Milotic|slp\n|move|p1a: Tyranitar|Rock Slide|p2a: Milotic|[spread] p2b\n|-miss|p1a: Tyranitar|p2a: Milotic\n|-resisted|p2b: Garchomp|1\n|-damage|p2b: Garchomp|86/100\n|\n|-weather|Sandstorm|[upkeep]\n|-damage|p1b: Milotic|16/100|[from] Sandstorm\n|-damage|p2a: Milotic|95/100 slp|[from] Sandstorm\n|-heal|p1b: Milotic|22/100|[from] item: Leftovers\n|-heal|p2a: Milotic|100/100 slp|[from] item: Leftovers\n|upkeep\n|turn|6\n|\n|t:|1776118266\n|switch|p1a: Incineroar|Incineroar, L50, F|100/100\n|-ability|p1a: Incineroar|Intimidate|boost\n|-unboost|p2a: Milotic|atk|1\n|-ability|p2a: Milotic|Competitive|boost\n|-boost|p2a: Milotic|spa|2\n|-unboost|p2b: Garchomp|atk|1\n|move|p2b: Garchomp|Rock Slide|p1a: Incineroar|[spread] p1a,p1b\n|-supereffective|p1a: Incineroar|1\n|-damage|p1a: Incineroar|78/100\n|-damage|p1b: Milotic|11/100\n|cant|p1b: Milotic|flinch\n|cant|p2a: Milotic|slp\n|\n|-weather|Sandstorm|[upkeep]\n|-damage|p1b: Milotic|5/100|[from] Sandstorm\n|-damage|p2a: Milotic|95/100 slp|[from] Sandstorm\n|-damage|p1a: Incineroar|72/100|[from] Sandstorm\n|-heal|p1b: Milotic|11/100|[from] item: Leftovers\n|-heal|p2a: Milotic|100/100 slp|[from] item: Leftovers\n|upkeep\n|turn|7\n|c|\u2606la javineta|flinch spam\n|c|\u2606la javineta|wow\n|c|\u2606la javineta|amazing\n|\n|t:|1776118290\n|move|p1b: Milotic|Protect|p1b: Milotic\n|-singleturn|p1b: Milotic|Protect\n|move|p2b: Garchomp|Rock Slide|p1a: Incineroar|[spread] p1a\n|-activate|p1b: Milotic|move: Protect\n|-supereffective|p1a: Incineroar|1\n|-damage|p1a: Incineroar|51/100\n|-curestatus|p2a: Milotic|slp|[msg]\n|move|p2a: Milotic|Muddy Water|p1b: Milotic|[spread] p1a\n|-activate|p1b: Milotic|move: Protect\n|-supereffective|p1a: Incineroar|1\n|-damage|p1a: Incineroar|0 fnt\n|faint|p1a: Incineroar\n|\n|-weather|none\n|-heal|p1b: Milotic|18/100|[from] item: Leftovers\n|upkeep\n|c|\u2606Steeltrainer|Welcome to M-A\n|\n|t:|1776118299\n|switch|p1a: Aerodactyl|Aerodactyl-Mega, L50, F|48/100\n|turn|8\n|\n|t:|1776118303\n|move|p2b: Garchomp|Rock Slide|p1b: Milotic|[spread] p1b\n|-miss|p2b: Garchomp|p1a: Aerodactyl\n|-damage|p1b: Milotic|7/100\n|move|p1a: Aerodactyl|Tailwind|p1a: Aerodactyl\n|-sidestart|p1: la javineta|move: Tailwind\n|cant|p1b: Milotic|flinch\n|move|p2a: Milotic|Muddy Water|p1b: Milotic|[spread] p1a,p1b\n|-supereffective|p1a: Aerodactyl|1\n|-resisted|p1b: Milotic|1\n|-damage|p1a: Aerodactyl|0 fnt\n|-damage|p1b: Milotic|0 fnt\n|faint|p1a: Aerodactyl\n|faint|p1b: Milotic\n|\n|upkeep\n|-message|la javineta forfeited.\n|\n|win|Steeltrainer\n|raw|la javineta's rating: 1298 &rarr; <strong>1275</strong><br />(-23 for losing)\n|raw|Steeltrainer's rating: 1330 &rarr; <strong>1348</strong><br />(+18 for winning)\n|l|\u2606la javineta\n|player|p1|\n",
  "uploadtime": 1776118318,
  "views": 52,
  "formatid": "gen9championsvgc2026regma",
  "rating": 1275,
  "private": 0,
  "password": null
}