{
  "id": "gen9championsvgc2026regma-2580325930",
  "format": "[Gen 9 Champions] VGC 2026 Reg M-A",
  "players": [
    "FSoup",
    "GothGirlLoverQ"
  ],
  "log": "|j|\u2606FSoup\n|j|\u2606GothGirlLoverQ\n|t:|1775880734\n|gametype|doubles\n|player|p1|FSoup|101|1074\n|player|p2|GothGirlLoverQ|unknown|1043\n|gen|9\n|tier|[Gen 9 Champions] VGC 2026 Reg M-A\n|rated|\n|rule|Species Clause: Limit one of each Pok\u00e9mon\n|rule|Item Clause: Limit 1 of each item\n|clearpoke\n|poke|p1|Incineroar, L50, M|\n|poke|p1|Archaludon, L50, M|\n|poke|p1|Sinistcha, L50|\n|poke|p1|Basculegion, L50, M|\n|poke|p1|Pelipper, L50, F|\n|poke|p1|Meganium, L50, F|\n|poke|p2|Floette-Eternal, L50, F|\n|poke|p2|Maushold, L50|\n|poke|p2|Garchomp, L50, F|\n|poke|p2|Talonflame, L50, M|\n|poke|p2|Rotom-Wash, L50|\n|poke|p2|Aegislash, L50, M|\n|teampreview|4\n|inactive|Battle timer is ON: inactive players will automatically lose when time's up. (requested by GothGirlLoverQ)\n|inactive|FSoup has 60 seconds left.\n|inactive|GothGirlLoverQ has 60 seconds left.\n|\n|t:|1775880790\n|teamsize|p1|4\n|teamsize|p2|4\n|start\n|switch|p1a: Pelipper|Pelipper, L50, F|100/100\n|switch|p1b: Archaludon|Archaludon, L50, M|100/100\n|switch|p2a: Floette|Floette-Eternal, L50, F|100/100\n|switch|p2b: Maushold|Maushold, L50|100/100\n|-weather|RainDance|[from] ability: Drizzle|[of] p1a: Pelipper\n|turn|1\n|inactive|GothGirlLoverQ has 30 seconds left.\n|inactive|GothGirlLoverQ has 20 seconds left.\n|inactive|GothGirlLoverQ has 15 seconds left.\n|inactive|GothGirlLoverQ has 10 seconds left.\n|\n|t:|1775880837\n|detailschange|p2a: Floette|Floette-Mega, L50, F\n|-mega|p2a: Floette|Floette|Floettite\n|-ability|p2a: Floette|Fairy Aura\n|move|p2a: Floette|Protect|p2a: Floette\n|-singleturn|p2a: Floette|Protect\n|move|p2b: Maushold|Super Fang|p1b: Archaludon\n|-damage|p1b: Archaludon|51/100\n|move|p1b: Archaludon|Flash Cannon|p2a: Floette\n|-activate|p2a: Floette|move: Protect\n|move|p1a: Pelipper|Tailwind|p1a: Pelipper\n|-sidestart|p1: FSoup|move: Tailwind\n|\n|-weather|RainDance|[upkeep]\n|upkeep\n|turn|2\n|inactive|FSoup has 30 seconds left.\n|\n|t:|1775880872\n|move|p2b: Maushold|Follow Me|p2b: Maushold\n|-singleturn|p2b: Maushold|move: Follow Me\n|move|p1b: Archaludon|Flash Cannon|p2a: Floette\n|-supereffective|p2a: Floette|1\n|-damage|p2a: Floette|55/100\n|move|p1a: Pelipper|Weather Ball|p2b: Maushold\n|-damage|p2b: Maushold|23/100\n|move|p2a: Floette|Dazzling Gleam|p1b: Archaludon|[spread] p1a,p1b\n|-damage|p1a: Pelipper|9/100\n|-damage|p1b: Archaludon|0 fnt\n|faint|p1b: Archaludon\n|\n|-weather|RainDance|[upkeep]\n|upkeep\n|\n|t:|1775880884\n|switch|p1b: Meganium|Meganium, L50, F|100/100\n|turn|3\n|\n|t:|1775880900\n|detailschange|p1b: Meganium|Meganium-Mega, L50, F\n|-mega|p1b: Meganium|Meganium|Meganiumite\n|move|p2b: Maushold|Follow Me|p2b: Maushold\n|-singleturn|p2b: Maushold|move: Follow Me\n|move|p1b: Meganium|Dazzling Gleam|p2b: Maushold|[spread] p2a,p2b\n|-damage|p2a: Floette|30/100\n|-damage|p2b: Maushold|0 fnt\n|faint|p2b: Maushold\n|move|p1a: Pelipper|Weather Ball|p2a: Floette\n|-damage|p2a: Floette|0 fnt\n|faint|p2a: Floette\n|\n|-weather|RainDance|[upkeep]\n|upkeep\n|\n|t:|1775880908\n|switch|p2b: Garchomp|Garchomp, L50, F|100/100\n|switch|p2a: Aegislash|Aegislash, L50, M|100/100\n|turn|4\n|inactive|FSoup has 30 seconds left.\n|\n|t:|1775880935\n|move|p2b: Garchomp|Protect|p2b: Garchomp\n|-singleturn|p2b: Garchomp|Protect\n|move|p2a: Aegislash|King's Shield|p2a: Aegislash\n|-singleturn|p2a: Aegislash|Protect\n|move|p1b: Meganium|Weather Ball|p2a: Aegislash\n|-activate|p2a: Aegislash|move: Protect\n|move|p1a: Pelipper|Weather Ball|p2b: Garchomp\n|-activate|p2b: Garchomp|move: Protect\n|\n|-weather|RainDance|[upkeep]\n|-sideend|p1: FSoup|move: Tailwind\n|upkeep\n|turn|5\n|inactive|GothGirlLoverQ has 30 seconds left.\n|\n|t:|1775880965\n|-formechange|p2a: Aegislash|Aegislash-Blade|\n|move|p2a: Aegislash|Shadow Sneak|p1a: Pelipper\n|-damage|p1a: Pelipper|0 fnt\n|faint|p1a: Pelipper\n|move|p2b: Garchomp|Stone Edge|p1b: Meganium|[miss]\n|-miss|p2b: Garchomp|p1b: Meganium\n|move|p1b: Meganium|Weather Ball|p2a: Aegislash\n|-supereffective|p2a: Aegislash|1\n|-damage|p2a: Aegislash|29/100\n|\n|-weather|none\n|upkeep\n|\n|t:|1775880976\n|switch|p1a: Basculegion|Basculegion, L50, M|100/100\n|turn|6\n|\n|t:|1775880993\n|-formechange|p2a: Aegislash|Aegislash|\n|move|p2a: Aegislash|King's Shield|p2a: Aegislash\n|-singleturn|p2a: Aegislash|Protect\n|move|p2b: Garchomp|Stone Edge|p1b: Meganium|[miss]\n|-miss|p2b: Garchomp|p1b: Meganium\n|move|p1b: Meganium|Weather Ball|p2a: Aegislash\n|-activate|p2a: Aegislash|move: Protect\n|move|p1a: Basculegion|Last Respects|p2b: Garchomp\n|-damage|p2b: Garchomp|22/100\n|\n|upkeep\n|turn|7\n|inactive|FSoup has 30 seconds left.\n|inactive|FSoup has 20 seconds left.\n|\n|t:|1775881031\n|move|p1a: Basculegion|Protect|p1a: Basculegion\n|-singleturn|p1a: Basculegion|Protect\n|-formechange|p2a: Aegislash|Aegislash-Blade|\n|move|p2a: Aegislash|Shadow Sneak|p1a: Basculegion\n|-activate|p1a: Basculegion|move: Protect\n|move|p2b: Garchomp|Stone Edge|p1b: Meganium\n|-damage|p1b: Meganium|64/100\n|move|p1b: Meganium|Weather Ball|p2a: Aegislash\n|-supereffective|p2a: Aegislash|1\n|-damage|p2a: Aegislash|0 fnt\n|faint|p2a: Aegislash\n|\n|upkeep\n|turn|8\n|\n|t:|1775881043\n|move|p2b: Garchomp|Stone Edge|p1a: Basculegion\n|-damage|p1a: Basculegion|59/100\n|move|p1b: Meganium|Dazzling Gleam|p2b: Garchomp\n|-supereffective|p2b: Garchomp|1\n|-damage|p2b: Garchomp|0 fnt\n|faint|p2b: Garchomp\n|\n|win|FSoup\n|raw|FSoup's rating: 1074 &rarr; <strong>1100</strong><br />(+26 for winning)\n|raw|GothGirlLoverQ's rating: 1043 &rarr; <strong>1028</strong><br />(-15 for losing)\n|l|\u2606GothGirlLoverQ\n|player|p2|\n",
  "uploadtime": 1775881051,
  "views": 14,
  "formatid": "gen9championsvgc2026regma",
  "rating": 1028,
  "private": 0,
  "password": null
}