{
  "id": "gen9championsvgc2026regma-2582217540",
  "format": "[Gen 9 Champions] VGC 2026 Reg M-A",
  "players": [
    "Theredapple",
    "24darklight24"
  ],
  "log": "|j|\u2606Theredapple\n|j|\u260624darklight24\n|t:|1776072514\n|gametype|doubles\n|player|p1|Theredapple|169|1078\n|player|p2|24darklight24|265|1070\n|gen|9\n|tier|[Gen 9 Champions] VGC 2026 Reg M-A\n|rated|\n|rule|Species Clause: Limit one of each Pok\u00e9mon\n|rule|Item Clause: Limit 1 of each item\n|clearpoke\n|poke|p1|Archaludon, L50, M|\n|poke|p1|Pelipper, L50, F|\n|poke|p1|Basculegion, L50, M|\n|poke|p1|Beartic, L50, F|\n|poke|p1|Manectric, L50, F|\n|poke|p1|Klefki, L50, M|\n|poke|p2|Farigiraf, L50, M|\n|poke|p2|Glimmora, L50, M|\n|poke|p2|Sneasler, L50, M|\n|poke|p2|Milotic, L50, M|\n|poke|p2|Kingambit, L50, F|\n|poke|p2|Whimsicott, L50, F|\n|teampreview|4\n|inactive|Battle timer is ON: inactive players will automatically lose when time's up. (requested by Theredapple)\n|\n|t:|1776072550\n|teamsize|p1|4\n|teamsize|p2|4\n|start\n|switch|p1a: Pelipper|Pelipper, L50, F|100/100\n|switch|p1b: Basculegion|Basculegion, L50, M|100/100\n|switch|p2a: Kingambit|Kingambit, L50, F|100/100\n|switch|p2b: Milotic|Milotic, L50, M|100/100\n|-weather|RainDance|[from] ability: Drizzle|[of] p1a: Pelipper\n|turn|1\n|inactive|Theredapple has 30 seconds left.\n|\n|t:|1776072585\n|switch|p1b: Archaludon|Archaludon, L50, M|100/100\n|switch|p1a: Beartic|Beartic, L50, F|100/100\n|move|p2b: Milotic|Substitute|p2b: Milotic\n|-start|p2b: Milotic|Substitute\n|-damage|p2b: Milotic|76/100\n|move|p2a: Kingambit|Foul Play|p1b: Archaludon\n|-damage|p1b: Archaludon|75/100\n|\n|-weather|RainDance|[upkeep]\n|-heal|p1b: Archaludon|81/100|[from] item: Leftovers\n|-heal|p2b: Milotic|82/100|[from] item: Leftovers\n|upkeep\n|turn|2\n|inactive|24darklight24 has 30 seconds left.\n|\n|t:|1776072613\n|switch|p2a: Glimmora|Glimmora, L50, M|100/100\n|move|p1a: Beartic|Close Combat|p2a: Glimmora\n|-damage|p2a: Glimmora|50/100\n|-unboost|p1a: Beartic|def|1\n|-unboost|p1a: Beartic|spd|1\n|-activate|p2a: Glimmora|ability: Toxic Debris\n|-sidestart|p1: Theredapple|move: Toxic Spikes\n|move|p1b: Archaludon|Electro Shot||[still]\n|-prepare|p1b: Archaludon|Electro Shot\n|-boost|p1b: Archaludon|spa|1\n|-anim|p1b: Archaludon|Electro Shot|p2b: Milotic\n|-supereffective|p2b: Milotic|1\n|-end|p2b: Milotic|Substitute\n|move|p2b: Milotic|Ice Beam|p1b: Archaludon\n|-damage|p1b: Archaludon|45/100\n|\n|-weather|RainDance|[upkeep]\n|-heal|p1b: Archaludon|51/100|[from] item: Leftovers\n|-heal|p2b: Milotic|88/100|[from] item: Leftovers\n|upkeep\n|turn|3\n|inactive|24darklight24 has 30 seconds left.\n|\n|t:|1776072641\n|switch|p2b: Kingambit|Kingambit, L50, F|100/100\n|detailschange|p2a: Glimmora|Glimmora-Mega, L50, M\n|-mega|p2a: Glimmora|Glimmora|Glimmoranite\n|move|p1a: Beartic|Close Combat|p2a: Glimmora\n|-damage|p2a: Glimmora|4/100\n|-unboost|p1a: Beartic|def|1\n|-unboost|p1a: Beartic|spd|1\n|move|p1b: Archaludon|Electro Shot||[still]\n|-prepare|p1b: Archaludon|Electro Shot\n|-boost|p1b: Archaludon|spa|1\n|-anim|p1b: Archaludon|Electro Shot|p2b: Kingambit\n|-damage|p2b: Kingambit|0 fnt\n|faint|p2b: Kingambit\n|move|p2a: Glimmora|Earth Power|p1b: Archaludon\n|-supereffective|p1b: Archaludon|1\n|-damage|p1b: Archaludon|0 fnt\n|faint|p1b: Archaludon\n|\n|-weather|RainDance|[upkeep]\n|upkeep\n|\n|t:|1776072663\n|switch|p1b: Basculegion|Basculegion, L50, M|100/100\n|switch|p2b: Sneasler|Sneasler, L50, M|100/100\n|-status|p1b: Basculegion|psn\n|turn|4\n|\n|t:|1776072681\n|move|p2a: Glimmora|Protect|p2a: Glimmora\n|-singleturn|p2a: Glimmora|Protect\n|move|p2b: Sneasler|Fake Out|p1a: Beartic\n|-damage|p1a: Beartic|63/100\n|move|p1b: Basculegion|Wave Crash|p2b: Sneasler\n|-enditem|p2b: Sneasler|Focus Sash\n|-damage|p2b: Sneasler|1/100\n|-damage|p1b: Basculegion|74/100 psn|[from] Recoil\n|cant|p1a: Beartic|flinch\n|\n|-weather|RainDance|[upkeep]\n|-damage|p1b: Basculegion|62/100 psn|[from] psn\n|upkeep\n|turn|5\n|\n|t:|1776072704\n|switch|p2a: Milotic|Milotic, L50, M|88/100\n|move|p2b: Sneasler|Rock Slide|p1b: Basculegion|[spread] p1a,p1b\n|-supereffective|p1a: Beartic|1\n|-crit|p1a: Beartic\n|-damage|p1a: Beartic|0 fnt\n|-damage|p1b: Basculegion|36/100 psn\n|faint|p1a: Beartic\n|move|p1b: Basculegion|Wave Crash|p2a: Milotic\n|-resisted|p2a: Milotic|1\n|-damage|p2a: Milotic|16/100\n|-damage|p1b: Basculegion|12/100 psn|[from] Recoil\n|\n|-weather|none\n|-heal|p2a: Milotic|22/100|[from] item: Leftovers\n|-damage|p1b: Basculegion|0 fnt|[from] psn\n|faint|p1b: Basculegion\n|upkeep\n|\n|t:|1776072711\n|switch|p1b: Pelipper|Pelipper, L50, F|100/100\n|-weather|RainDance|[from] ability: Drizzle|[of] p1b: Pelipper\n|turn|6\n|\n|t:|1776072732\n|move|p2b: Sneasler|Rock Slide|p1b: Pelipper\n|-supereffective|p1b: Pelipper|1\n|-damage|p1b: Pelipper|35/100\n|move|p1b: Pelipper|Hurricane|p2b: Sneasler\n|-supereffective|p2b: Sneasler|1\n|-damage|p2b: Sneasler|0 fnt\n|faint|p2b: Sneasler\n|move|p2a: Milotic|Recover|p2a: Milotic\n|-heal|p2a: Milotic|72/100\n|\n|-weather|RainDance|[upkeep]\n|-heal|p2a: Milotic|78/100|[from] item: Leftovers\n|upkeep\n|\n|t:|1776072745\n|switch|p2b: Glimmora|Glimmora-Mega, L50, M|4/100\n|turn|7\n|\n|t:|1776072750\n|move|p2b: Glimmora|Power Gem|p1b: Pelipper\n|-supereffective|p1b: Pelipper|1\n|-damage|p1b: Pelipper|0 fnt\n|faint|p1b: Pelipper\n|\n|win|24darklight24\n|raw|Theredapple's rating: 1078 &rarr; <strong>1056</strong><br />(-22 for losing)\n|raw|24darklight24's rating: 1070 &rarr; <strong>1100</strong><br />(+30 for winning)\n|l|\u2606Theredapple\n|player|p1|\n",
  "uploadtime": 1776072759,
  "views": 11,
  "formatid": "gen9championsvgc2026regma",
  "rating": 1056,
  "private": 0,
  "password": null
}