{
  "id": "gen9championsvgc2026regma-2581167728",
  "format": "[Gen 9 Champions] VGC 2026 Reg M-A",
  "players": [
    "ShadowS3raph",
    "ballgobbler191919"
  ],
  "log": "|j|\u2606ShadowS3raph\n|j|\u2606ballgobbler191919\n|t:|1775966488\n|gametype|doubles\n|player|p1|ShadowS3raph|265|1096\n|player|p2|ballgobbler191919|101|1000\n|gen|9\n|tier|[Gen 9 Champions] VGC 2026 Reg M-A\n|rated|\n|rule|Species Clause: Limit one of each Pok\u00e9mon\n|rule|Item Clause: Limit 1 of each item\n|clearpoke\n|poke|p1|Lopunny, L50, F|\n|poke|p1|Gengar, L50, M|\n|poke|p1|Incineroar, L50, M|\n|poke|p1|Sinistcha, L50|\n|poke|p1|Glimmora, L50, F|\n|poke|p1|Dragonite, L50, M|\n|poke|p2|Floette-Eternal, L50, F|\n|poke|p2|Incineroar, L50, F|\n|poke|p2|Milotic, L50, F|\n|poke|p2|Garchomp, L50, M|\n|poke|p2|Whimsicott, L50, F|\n|poke|p2|Palafin, L50, M|\n|teampreview|4\n|inactive|Battle timer is ON: inactive players will automatically lose when time's up. (requested by ShadowS3raph)\n|\n|t:|1775966517\n|teamsize|p1|4\n|teamsize|p2|4\n|start\n|switch|p1a: Glimmora|Glimmora, L50, F, shiny|100/100\n|switch|p1b: Incineroar|Incineroar, L50, M|100/100\n|switch|p2a: Garchomp|Garchomp, L50, M|100/100\n|switch|p2b: Incineroar|Incineroar, L50, F|100/100\n|-ability|p1b: Incineroar|Intimidate|boost\n|-unboost|p2a: Garchomp|atk|1\n|-unboost|p2b: Incineroar|atk|1\n|-ability|p2b: Incineroar|Intimidate|boost\n|-unboost|p1a: Glimmora|atk|1\n|-unboost|p1b: Incineroar|atk|1\n|turn|1\n|inactive|ShadowS3raph has 30 seconds left.\n|\n|t:|1775966543\n|switch|p2b: Palafin|Palafin, L50, M|100/100\n|move|p1b: Incineroar|Fake Out|p2a: Garchomp\n|-damage|p2a: Garchomp|93/100\n|-damage|p1b: Incineroar|88/100|[from] ability: Rough Skin|[of] p2a: Garchomp\n|cant|p2a: Garchomp|flinch\n|move|p1a: Glimmora|Sludge Bomb|p2a: Garchomp\n|-resisted|p2a: Garchomp|1\n|-damage|p2a: Garchomp|67/100\n|-status|p2a: Garchomp|psn\n|\n|-damage|p2a: Garchomp|55/100 psn|[from] psn\n|upkeep\n|turn|2\n|\n|t:|1775966565\n|move|p1a: Glimmora|Protect|p1a: Glimmora\n|-singleturn|p1a: Glimmora|Protect\n|move|p2a: Garchomp|Earthquake|p1a: Glimmora|[spread] p2b,p1b\n|-activate|p1a: Glimmora|move: Protect\n|-crit|p2b: Palafin\n|-supereffective|p1b: Incineroar|1\n|-damage|p2b: Palafin|23/100\n|-damage|p1b: Incineroar|50/100\n|-enditem|p1b: Incineroar|Sitrus Berry|[eat]\n|-heal|p1b: Incineroar|74/100|[from] item: Sitrus Berry\n|move|p2b: Palafin|Flip Turn|p1b: Incineroar\n|-supereffective|p1b: Incineroar|1\n|-damage|p1b: Incineroar|39/100\n|\n|t:|1775966577\n|detailschange|p2b: Palafin|Palafin-Hero, L50, M\n|switch|p2b: Floette|Floette-Eternal, L50, F, shiny|100/100|[from] Flip Turn\n|move|p1b: Incineroar|Parting Shot|p2b: Floette\n|-unboost|p2b: Floette|atk|1\n|-unboost|p2b: Floette|spa|1\n|\n|t:|1775966584\n|switch|p1b: Gengar|Gengar, L50, M|100/100|[from] Parting Shot\n|\n|-damage|p2a: Garchomp|43/100 psn|[from] psn\n|upkeep\n|turn|3\n|inactive|ShadowS3raph has 30 seconds left.\n|inactive|ShadowS3raph has 20 seconds left.\n|\n|t:|1775966621\n|switch|p2b: Palafin|Palafin-Hero, L50, M|23/100\n|-activate|p2b: Palafin|ability: Zero to Hero\n|detailschange|p1a: Glimmora|Glimmora-Mega, L50, F, shiny\n|-mega|p1a: Glimmora|Glimmora|Glimmoranite\n|move|p1b: Gengar|Shadow Ball|p2a: Garchomp\n|-damage|p2a: Garchomp|0 fnt\n|faint|p2a: Garchomp\n|move|p1a: Glimmora|Sludge Bomb|p2b: Palafin\n|-damage|p2b: Palafin|0 fnt\n|faint|p2b: Palafin\n|\n|upkeep\n|\n|t:|1775966640\n|switch|p2a: Incineroar|Incineroar, L50, F|100/100\n|switch|p2b: Floette|Floette-Eternal, L50, F, shiny|100/100\n|-ability|p2a: Incineroar|Intimidate|boost\n|-unboost|p1a: Glimmora|atk|1\n|-unboost|p1b: Gengar|atk|1\n|turn|4\n|inactive|ShadowS3raph has 30 seconds left.\n|\n|t:|1775966671\n|detailschange|p2b: Floette|Floette-Mega, L50, F, shiny\n|-mega|p2b: Floette|Floette|Floettite\n|-ability|p2b: Floette|Fairy Aura\n|move|p1a: Glimmora|Protect|p1a: Glimmora\n|-singleturn|p1a: Glimmora|Protect\n|move|p1b: Gengar|Sludge Bomb|p2b: Floette\n|-supereffective|p2b: Floette|1\n|-damage|p2b: Floette|31/100\n|move|p2b: Floette|Calm Mind|p2b: Floette\n|-boost|p2b: Floette|spa|1\n|-boost|p2b: Floette|spd|1\n|move|p2a: Incineroar|Close Combat|p1a: Glimmora\n|-activate|p1a: Glimmora|move: Protect\n|\n|upkeep\n|turn|5\n|inactive|ShadowS3raph has 30 seconds left.\n|inactive|ShadowS3raph has 20 seconds left.\n|inactive|ballgobbler191919 has 30 seconds left.\n|\n|t:|1775966708\n|move|p1b: Gengar|Sludge Bomb|p2b: Floette\n|-supereffective|p2b: Floette|1\n|-damage|p2b: Floette|0 fnt\n|faint|p2b: Floette\n|move|p1a: Glimmora|Earth Power|p2a: Incineroar\n|-supereffective|p2a: Incineroar|1\n|-damage|p2a: Incineroar|39/100\n|-enditem|p2a: Incineroar|Sitrus Berry|[eat]\n|-heal|p2a: Incineroar|64/100|[from] item: Sitrus Berry\n|move|p2a: Incineroar|Close Combat|p1a: Glimmora\n|-damage|p1a: Glimmora|56/100\n|-unboost|p2a: Incineroar|def|1\n|-unboost|p2a: Incineroar|spd|1\n|\n|upkeep\n|turn|6\n|\n|t:|1775966727\n|switch|p1b: Incineroar|Incineroar, L50, M|39/100\n|-ability|p1b: Incineroar|Intimidate|boost\n|-unboost|p2a: Incineroar|atk|1\n|move|p1a: Glimmora|Earth Power|p2a: Incineroar\n|-supereffective|p2a: Incineroar|1\n|-damage|p2a: Incineroar|0 fnt\n|faint|p2a: Incineroar\n|\n|win|ShadowS3raph\n|raw|ShadowS3raph's rating: 1096 &rarr; <strong>1115</strong><br />(+19 for winning)\n|raw|ballgobbler191919's rating: 1000 &rarr; <strong>1000</strong><br />(+0 for losing)\n|l|\u2606ballgobbler191919\n|player|p2|\n|c|\u2606ShadowS3raph|Gg\n",
  "uploadtime": 1775966743,
  "views": 20,
  "formatid": "gen9championsvgc2026regma",
  "rating": 1000,
  "private": 0,
  "password": null
}