{
  "id": "gen9championsvgc2026regma-2586132348",
  "format": "[Gen 9 Champions] VGC 2026 Reg M-A",
  "players": [
    "EmptyPlatitudes!",
    "Vanis25"
  ],
  "log": "|j|\u2606EmptyPlatitudes!\n|j|\u2606Vanis25\n|t:|1776402982\n|gametype|doubles\n|player|p1|EmptyPlatitudes!|streetthug-masters|1044\n|player|p2|Vanis25|aaron|1081\n|gen|9\n|tier|[Gen 9 Champions] VGC 2026 Reg M-A\n|rated|\n|rule|Species Clause: Limit one of each Pok\u00e9mon\n|rule|Item Clause: Limit 1 of each item\n|clearpoke\n|poke|p1|Floette-Eternal, L50, F|\n|poke|p1|Kingambit, L50, M|\n|poke|p1|Incineroar, L50, M|\n|poke|p1|Basculegion, L50, M|\n|poke|p1|Sinistcha, L50|\n|poke|p1|Ninetales-Alola, L50, F|\n|poke|p2|Glimmora, L50, F|\n|poke|p2|Whimsicott, L50, F|\n|poke|p2|Corviknight, L50, F|\n|poke|p2|Incineroar, L50, M|\n|poke|p2|Garchomp, L50, M|\n|poke|p2|Ninetales-Alola, L50, M|\n|teampreview|4\nEmptyPlatitudes! has agreed to open team sheets.\n|\n|t:|1776403074\n|teamsize|p1|4\n|teamsize|p2|4\n|start\n|switch|p1a: Floette|Floette-Eternal, L50, F|100/100\n|switch|p1b: Ninetales|Ninetales-Alola, L50, F|100/100\n|switch|p2a: Corviknight|Corviknight, L50, F|100/100\n|switch|p2b: Garchomp|Garchomp, L50, M|100/100\n|-weather|Snowscape|[from] ability: Snow Warning|[of] p1b: Ninetales\n|turn|1\n|\n|t:|1776403117\n|detailschange|p1a: Floette|Floette-Mega, L50, F\n|-mega|p1a: Floette|Floette|Floettite\n|-ability|p1a: Floette|Fairy Aura\n|move|p2b: Garchomp|Protect|p2b: Garchomp\n|-singleturn|p2b: Garchomp|Protect\n|move|p1a: Floette|Protect|p1a: Floette\n|-singleturn|p1a: Floette|Protect\n|move|p1b: Ninetales|Aurora Veil|p1b: Ninetales\n|-sidestart|p1: EmptyPlatitudes!|move: Aurora Veil\n|move|p2a: Corviknight|Brave Bird|p1a: Floette\n|-activate|p1a: Floette|move: Protect\n|\n|-weather|Snowscape|[upkeep]\n|upkeep\n|turn|2\n|\n|t:|1776403165\n|move|p1b: Ninetales|Blizzard|p2b: Garchomp|[spread] p2a,p2b\n|-crit|p2a: Corviknight\n|-supereffective|p2b: Garchomp|2\n|-damage|p2a: Corviknight|64/100\n|-damage|p2b: Garchomp|0 fnt\n|faint|p2b: Garchomp\n|move|p1a: Floette|Calm Mind|p1a: Floette\n|-boost|p1a: Floette|spa|1\n|-boost|p1a: Floette|spd|1\n|move|p2a: Corviknight|Bulk Up|p2a: Corviknight\n|-boost|p2a: Corviknight|atk|1\n|-boost|p2a: Corviknight|def|1\n|\n|-weather|Snowscape|[upkeep]\n|-heal|p2a: Corviknight|70/100|[from] item: Leftovers\n|upkeep\n|\n|t:|1776403174\n|switch|p2b: Whimsicott|Whimsicott, L50, F|100/100\n|turn|3\n|\n|t:|1776403198\n|move|p2b: Whimsicott|Encore|p1a: Floette\n|-start|p1a: Floette|Encore\n|move|p1b: Ninetales|Blizzard|p2b: Whimsicott|[spread] p2a,p2b\n|-supereffective|p2b: Whimsicott|1\n|-damage|p2a: Corviknight|44/100\n|-damage|p2b: Whimsicott|12/100\n|move|p1a: Floette|Calm Mind|p1a: Floette\n|-boost|p1a: Floette|spa|1\n|-boost|p1a: Floette|spd|1\n|move|p2a: Corviknight|Body Press|p1b: Ninetales\n|-damage|p1b: Ninetales|79/100\n|\n|-weather|Snowscape|[upkeep]\n|-heal|p2a: Corviknight|50/100|[from] item: Leftovers\n|upkeep\n|turn|4\n|\n|t:|1776403229\n|move|p2b: Whimsicott|Tailwind|p2b: Whimsicott\n|-sidestart|p2: Vanis25|move: Tailwind\n|move|p1b: Ninetales|Blizzard|p2a: Corviknight|[spread] p2a,p2b\n|-supereffective|p2b: Whimsicott|1\n|-damage|p2a: Corviknight|26/100\n|-damage|p2b: Whimsicott|0 fnt\n|faint|p2b: Whimsicott\n|move|p2a: Corviknight|Roost|p2a: Corviknight\n|-heal|p2a: Corviknight|76/100\n|-singleturn|p2a: Corviknight|move: Roost\n|move|p1a: Floette|Calm Mind|p1a: Floette\n|-boost|p1a: Floette|spa|1\n|-boost|p1a: Floette|spd|1\n|\n|-weather|Snowscape|[upkeep]\n|-heal|p2a: Corviknight|82/100|[from] item: Leftovers\n|upkeep\n|\n|t:|1776403237\n|switch|p2b: Glimmora|Glimmora, L50, F|100/100\n|turn|5\n|\n|t:|1776403263\n|detailschange|p2b: Glimmora|Glimmora-Mega, L50, F\n|-mega|p2b: Glimmora|Glimmora|Glimmoranite\n|move|p2b: Glimmora|Sludge Bomb|p1a: Floette\n|-supereffective|p1a: Floette|1\n|-damage|p1a: Floette|74/100\n|move|p1b: Ninetales|Icy Wind|p2b: Glimmora|[spread] p2b\n|-miss|p1b: Ninetales|p2a: Corviknight\n|-damage|p2b: Glimmora|83/100\n|-unboost|p2b: Glimmora|spe|1\n|move|p2a: Corviknight|Body Press|p1b: Ninetales\n|-damage|p1b: Ninetales|57/100\n|move|p1a: Floette|Calm Mind|p1a: Floette\n|-boost|p1a: Floette|spa|1\n|-boost|p1a: Floette|spd|1\n|\n|-weather|none\n|-heal|p2a: Corviknight|88/100|[from] item: Leftovers\n|-end|p1a: Floette|Encore\n|-sideend|p1: EmptyPlatitudes!|move: Aurora Veil\n|upkeep\n|turn|6\n|\n|t:|1776403288\n|switch|p1b: Basculegion|Basculegion, L50, M|100/100\n|move|p2b: Glimmora|Spiky Shield|p2b: Glimmora\n|-singleturn|p2b: Glimmora|move: Protect\n|move|p2a: Corviknight|Brave Bird|p1a: Floette\n|-damage|p1a: Floette|12/100\n|-damage|p2a: Corviknight|70/100|[from] Recoil\n|move|p1a: Floette|Dazzling Gleam|p2b: Glimmora|[spread] p2a\n|-activate|p2b: Glimmora|move: Protect\n|-resisted|p2a: Corviknight|1\n|-damage|p2a: Corviknight|10/100\n|\n|-heal|p2a: Corviknight|16/100|[from] item: Leftovers\n|upkeep\n|turn|7\n|\n|t:|1776403350\n|move|p2b: Glimmora|Sludge Bomb|p1a: Floette\n|-supereffective|p1a: Floette|1\n|-damage|p1a: Floette|0 fnt\n|faint|p1a: Floette\n|move|p1b: Basculegion|Wave Crash|p2b: Glimmora\n|-supereffective|p2b: Glimmora|1\n|-damage|p2b: Glimmora|0 fnt\n|faint|p2b: Glimmora\n|-damage|p1b: Basculegion|78/100|[from] Recoil\n|move|p2a: Corviknight|Roost|p2a: Corviknight\n|-heal|p2a: Corviknight|66/100\n|-singleturn|p2a: Corviknight|move: Roost\n|\n|-heal|p2a: Corviknight|72/100|[from] item: Leftovers\n|-sideend|p2: Vanis25|move: Tailwind\n|upkeep\n|\n|t:|1776403362\n|switch|p1a: Kingambit|Kingambit, L50, M|100/100\n|turn|8\n|\n|t:|1776403385\n|switch|p1a: Ninetales|Ninetales-Alola, L50, F|57/100\n|-weather|Snowscape|[from] ability: Snow Warning|[of] p1a: Ninetales\n|move|p1b: Basculegion|Wave Crash|p2a: Corviknight\n|-damage|p2a: Corviknight|30/100\n|-damage|p1b: Basculegion|64/100|[from] Recoil\n|move|p2a: Corviknight|Body Press|p1a: Ninetales\n|-damage|p1a: Ninetales|21/100\n|\n|-weather|Snowscape|[upkeep]\n|-heal|p2a: Corviknight|36/100|[from] item: Leftovers\n|upkeep\n|turn|9\n|-message|Vanis25 forfeited.\n|\n|win|EmptyPlatitudes!\n|raw|EmptyPlatitudes!'s rating: 1044 &rarr; <strong>1081</strong><br />(+37 for winning)\n|raw|Vanis25's rating: 1081 &rarr; <strong>1057</strong><br />(-24 for losing)\n|l|\u2606Vanis25\n|player|p2|\n",
  "uploadtime": 1776403405,
  "views": 16,
  "formatid": "gen9championsvgc2026regma",
  "rating": 1057,
  "private": 0,
  "password": null
}