{
  "id": "gen9championsvgc2026regma-2584821570",
  "format": "[Gen 9 Champions] VGC 2026 Reg M-A",
  "players": [
    "ziqian0209",
    "angemorgs"
  ],
  "log": "|j|\u2606ziqian0209\n|j|\u2606angemorgs\n|t:|1776286225\n|gametype|doubles\n|player|p1|ziqian0209|1|1122\n|player|p2|angemorgs|backersf|1119\n|gen|9\n|tier|[Gen 9 Champions] VGC 2026 Reg M-A\n|rated|\n|rule|Species Clause: Limit one of each Pok\u00e9mon\n|rule|Item Clause: Limit 1 of each item\n|clearpoke\n|poke|p1|Charizard, L50, M|\n|poke|p1|Garchomp, L50, F|\n|poke|p1|Whimsicott, L50, F|\n|poke|p1|Sneasler, L50, F|\n|poke|p1|Torkoal, L50, F|\n|poke|p1|Orthworm, L50, M|\n|poke|p2|Floette-Eternal, L50, F|\n|poke|p2|Garchomp, L50, M|\n|poke|p2|Sneasler, L50, M|\n|poke|p2|Rotom-Wash, L50|\n|poke|p2|Aerodactyl, L50, M|\n|poke|p2|Incineroar, L50, F|\n|teampreview|4\n|inactive|Battle timer is ON: inactive players will automatically lose when time's up. (requested by angemorgs)\n|inactive|ziqian0209 has 60 seconds left.\n|\n|t:|1776286292\n|teamsize|p1|4\n|teamsize|p2|4\n|start\n|switch|p1a: Whimsicott|Whimsicott, L50, F|100/100\n|switch|p1b: Orthworm|Orthworm, L50, M|100/100\n|switch|p2a: Aerodactyl|Aerodactyl, L50, M|100/100\n|switch|p2b: Sneasler|Sneasler, L50, M|100/100\n|-ability|p2a: Aerodactyl|Unnerve\n|turn|1\n|\n|t:|1776286313\n|move|p1a: Whimsicott|Tailwind|p1a: Whimsicott\n|-sidestart|p1: ziqian0209|move: Tailwind\n|move|p2a: Aerodactyl|Tailwind|p2a: Aerodactyl\n|-sidestart|p2: angemorgs|move: Tailwind\n|move|p2b: Sneasler|Dire Claw|p1a: Whimsicott\n|-supereffective|p1a: Whimsicott|2\n|-enditem|p1a: Whimsicott|Focus Sash\n|-damage|p1a: Whimsicott|1/100\n|-status|p1a: Whimsicott|slp\n|move|p1b: Orthworm|Shed Tail|p1b: Orthworm\n|-start|p1b: Orthworm|Substitute|[from] move: Shed Tail\n|-damage|p1b: Orthworm|50/100\n|\n|t:|1776286326\n|switch|p1b: Charizard|Charizard, L50, M|100/100|[from] Shed Tail\n|\n|upkeep\n|turn|2\n|\n|t:|1776286338\n|switch|p2b: Rotom|Rotom-Wash, L50|100/100\n|move|p1b: Charizard|Protect|p1b: Charizard\n|-singleturn|p1b: Charizard|Protect\n|cant|p1a: Whimsicott|slp\n|move|p2a: Aerodactyl|Rock Slide|p1b: Charizard|[spread] p1a\n|-activate|p1b: Charizard|move: Protect\n|-damage|p1a: Whimsicott|0 fnt\n|faint|p1a: Whimsicott\n|\n|upkeep\n|\n|t:|1776286354\n|switch|p1a: Sneasler|Sneasler, L50, F|100/100\n|turn|3\n|\n|t:|1776286372\n|detailschange|p1b: Charizard|Charizard-Mega-Y, L50, M\n|-mega|p1b: Charizard|Charizard|Charizardite Y\n|-weather|SunnyDay|[from] ability: Drought|[of] p1b: Charizard\n|move|p2a: Aerodactyl|Protect|p2a: Aerodactyl\n|-singleturn|p2a: Aerodactyl|Protect\n|move|p1a: Sneasler|Fake Out|p2a: Aerodactyl\n|-activate|p2a: Aerodactyl|move: Protect\n|move|p2b: Rotom|Electroweb|p1b: Charizard|[spread] p1a,p1b\n|-supereffective|p1b: Charizard|1\n|-end|p1b: Charizard|Substitute\n|-damage|p1a: Sneasler|78/100\n|-unboost|p1a: Sneasler|spe|1\n|-enditem|p1a: Sneasler|White Herb\n|-clearnegativeboost|p1a: Sneasler|[silent]\n|move|p1b: Charizard|Solar Beam||[still]\n|-prepare|p1b: Charizard|Solar Beam\n|-anim|p1b: Charizard|Solar Beam|p2b: Rotom\n|-supereffective|p2b: Rotom|1\n|-damage|p2b: Rotom|0 fnt\n|faint|p2b: Rotom\n|\n|-weather|SunnyDay|[upkeep]\n|upkeep\n|\n|t:|1776286391\n|switch|p2b: Sneasler|Sneasler, L50, M|100/100\n|turn|4\n|inactive|ziqian0209 has 30 seconds left.\n|inactive|ziqian0209 has 20 seconds left.\n|\n|t:|1776286430\n|move|p1a: Sneasler|Protect|p1a: Sneasler\n|-singleturn|p1a: Sneasler|Protect\n|move|p1b: Charizard|Protect|p1b: Charizard\n|-singleturn|p1b: Charizard|Protect\n|move|p2b: Sneasler|Fake Out|p1b: Charizard\n|-activate|p1b: Charizard|move: Protect\n|move|p2a: Aerodactyl|Dual Wingbeat|p1a: Sneasler\n|-activate|p1a: Sneasler|move: Protect\n|\n|-weather|SunnyDay|[upkeep]\n|-sideend|p1: ziqian0209|move: Tailwind\n|-sideend|p2: angemorgs|move: Tailwind\n|upkeep\n|turn|5\n|\n|t:|1776286454\n|move|p2b: Sneasler|Protect|p2b: Sneasler\n|-singleturn|p2b: Sneasler|Protect\n|move|p1a: Sneasler|Close Combat|p2a: Aerodactyl\n|-enditem|p2a: Aerodactyl|Focus Sash\n|-damage|p2a: Aerodactyl|1/100\n|-unboost|p1a: Sneasler|def|1\n|-unboost|p1a: Sneasler|spd|1\n|move|p2a: Aerodactyl|Rock Slide|p1b: Charizard|[spread] p1b\n|-miss|p2a: Aerodactyl|p1a: Sneasler\n|-supereffective|p1b: Charizard|2\n|-damage|p1b: Charizard|0 fnt\n|faint|p1b: Charizard\n|\n|-weather|SunnyDay|[upkeep]\n|upkeep\n|\n|t:|1776286466\n|switch|p1b: Orthworm|Orthworm, L50, M|50/100\n|turn|6\n|\n|t:|1776286484\n|move|p1a: Sneasler|Dire Claw|p2a: Aerodactyl\n|-resisted|p2a: Aerodactyl|1\n|-damage|p2a: Aerodactyl|0 fnt\n|faint|p2a: Aerodactyl\n|move|p2b: Sneasler|Close Combat|p1b: Orthworm\n|-supereffective|p1b: Orthworm|1\n|-damage|p1b: Orthworm|0 fnt\n|-unboost|p2b: Sneasler|def|1\n|-unboost|p2b: Sneasler|spd|1\n|faint|p1b: Orthworm\n|-enditem|p2b: Sneasler|White Herb\n|-clearnegativeboost|p2b: Sneasler|[silent]\n|\n|-weather|SunnyDay|[upkeep]\n|upkeep\n|\n|t:|1776286496\n|switch|p2a: Floette|Floette-Eternal, L50, F|100/100\n|turn|7\n|\n|t:|1776286506\n|detailschange|p2a: Floette|Floette-Mega, L50, F\n|-mega|p2a: Floette|Floette|Floettite\n|-ability|p2a: Floette|Fairy Aura\n|move|p2b: Sneasler|Close Combat|p1a: Sneasler\n|-resisted|p1a: Sneasler|1\n|-damage|p1a: Sneasler|1/100\n|-unboost|p2b: Sneasler|def|1\n|-unboost|p2b: Sneasler|spd|1\n|move|p1a: Sneasler|Dire Claw|p2a: Floette\n|-supereffective|p2a: Floette|1\n|-damage|p2a: Floette|7/100\n|move|p2a: Floette|Moonblast|p1a: Sneasler\n|-damage|p1a: Sneasler|0 fnt\n|faint|p1a: Sneasler\n|\n|win|angemorgs\n",
  "uploadtime": 1776286227,
  "views": 21,
  "formatid": "gen9championsvgc2026regma",
  "rating": null,
  "private": 0,
  "password": null
}