{
  "id": "gen9championsvgc2026regma-2588481678",
  "format": "[Gen 9 Champions] VGC 2026 Reg M-A",
  "players": [
    "himarikino",
    "asanagiyuri"
  ],
  "log": "|j|\u2606himarikino\n|j|\u2606asanagiyuri\n|t:|1776637429\n|gametype|doubles\n|player|p1|himarikino|iono-masters|\n|player|p2|asanagiyuri|miku-fairy|\n|gen|9\n|tier|[Gen 9 Champions] VGC 2026 Reg M-A\n|rule|Species Clause: Limit one of each Pok\u00e9mon\n|rule|Item Clause: Limit 1 of each item\n|clearpoke\n|poke|p1|Passimian, L50, M|\n|poke|p1|Froslass, L50, F|\n|poke|p1|Garchomp, L50, F|\n|poke|p1|Aerodactyl, L50, M|\n|poke|p1|Aegislash, L50, F|\n|poke|p1|Milotic, L50, M, shiny|\n|poke|p2|Gengar, L50, M|\n|poke|p2|Primarina, L50, M|\n|poke|p2|Incineroar, L50, M|\n|poke|p2|Sinistcha, L50|\n|poke|p2|Kommo-o, L50, M|\n|poke|p2|Farigiraf, L50, M|\n|teampreview|4\n|\n|t:|1776637455\n|teamsize|p1|4\n|teamsize|p2|4\n|start\n|switch|p1a: Froslass|Froslass, L50, F|100/100\n|switch|p1b: Aegislash|Aegislash, L50, F|100/100\n|switch|p2a: Gengar|Gengar, L50, M|100/100\n|switch|p2b: Incineroar|Incineroar, L50, M|100/100\n|-ability|p2b: Incineroar|Intimidate|boost\n|-unboost|p1a: Froslass|atk|1\n|-unboost|p1b: Aegislash|atk|1\n|turn|1\n|\n|t:|1776637484\n|switch|p2a: Primarina|Primarina, L50, M|100/100\n|detailschange|p1a: Froslass|Froslass-Mega, L50, F\n|-mega|p1a: Froslass|Froslass|Froslassite\n|-weather|Snowscape|[from] ability: Snow Warning|[of] p1a: Froslass\n|move|p1a: Froslass|Aurora Veil|p1a: Froslass\n|-sidestart|p1: himarikino|move: Aurora Veil\n|-formechange|p1b: Aegislash|Aegislash-Blade|\n|move|p1b: Aegislash|Close Combat|p2b: Incineroar\n|-supereffective|p2b: Incineroar|1\n|-damage|p2b: Incineroar|53/100\n|-unboost|p1b: Aegislash|def|1\n|-unboost|p1b: Aegislash|spd|1\n|move|p2b: Incineroar|Flare Blitz|p1a: Froslass\n|-supereffective|p1a: Froslass|1\n|-damage|p1a: Froslass|45/100\n|-damage|p2b: Incineroar|38/100|[from] Recoil\n|\n|-weather|Snowscape|[upkeep]\n|upkeep\n|turn|2\n|\n|t:|1776637520\n|switch|p1b: Milotic|Milotic, L50, M, shiny|100/100\n|move|p1a: Froslass|Protect|p1a: Froslass\n|-singleturn|p1a: Froslass|Protect\n|move|p2b: Incineroar|Parting Shot|p1b: Milotic\n|-unboost|p1b: Milotic|atk|1\n|-ability|p1b: Milotic|Competitive|boost\n|-boost|p1b: Milotic|spa|2\n|-unboost|p1b: Milotic|spa|1\n|-ability|p1b: Milotic|Competitive|boost\n|-boost|p1b: Milotic|spa|2\n|\n|t:|1776637524\n|switch|p2b: Sinistcha|Sinistcha, L50|100/100|[from] Parting Shot\n|move|p2a: Primarina|Moonblast|p1a: Froslass\n|-activate|p1a: Froslass|move: Protect\n|\n|-weather|Snowscape|[upkeep]\n|upkeep\n|turn|3\n|\n|t:|1776637540\n|move|p2b: Sinistcha|Protect|p2b: Sinistcha\n|-singleturn|p2b: Sinistcha|Protect\n|move|p1a: Froslass|Blizzard|p2a: Primarina|[spread] p2a\n|-activate|p2b: Sinistcha|move: Protect\n|-resisted|p2a: Primarina|1\n|-damage|p2a: Primarina|80/100\n|move|p1b: Milotic|Hypnosis|p2a: Primarina\n|-status|p2a: Primarina|slp|[from] move: Hypnosis\n|cant|p2a: Primarina|slp\n|\n|-weather|Snowscape|[upkeep]\n|-heal|p2a: Primarina|86/100 slp|[from] item: Leftovers\n|upkeep\n|turn|4\n|\n|t:|1776637564\n|move|p1a: Froslass|Shadow Ball|p2b: Sinistcha\n|-supereffective|p2b: Sinistcha|1\n|-damage|p2b: Sinistcha|16/100\n|move|p1b: Milotic|Coil|p1b: Milotic\n|-boost|p1b: Milotic|atk|1\n|-boost|p1b: Milotic|def|1\n|-boost|p1b: Milotic|accuracy|1\n|move|p2b: Sinistcha|Matcha Gotcha|p1a: Froslass|[spread] p1a,p1b\n|-supereffective|p1b: Milotic|1\n|-damage|p1a: Froslass|25/100\n|-heal|p2b: Sinistcha|25/100|[from] drain|[of] p1a: Froslass\n|-damage|p1b: Milotic|79/100\n|-heal|p2b: Sinistcha|37/100|[from] drain|[of] p1b: Milotic\n|-status|p1b: Milotic|brn\n|-curestatus|p2a: Primarina|slp|[msg]\n|move|p2a: Primarina|Perish Song|p2a: Primarina\n|-start|p1a: Froslass|perish3|[silent]\n|-start|p1b: Milotic|perish3|[silent]\n|-start|p2a: Primarina|perish3|[silent]\n|-start|p2b: Sinistcha|perish3|[silent]\n|-fieldactivate|move: Perish Song\n|\n|-weather|Snowscape|[upkeep]\n|-heal|p1b: Milotic|85/100 brn|[from] item: Leftovers\n|-heal|p2a: Primarina|91/100|[from] item: Leftovers\n|-damage|p1b: Milotic|79/100 brn|[from] brn\n|-start|p1a: Froslass|perish3\n|-start|p1b: Milotic|perish3\n|-start|p2b: Sinistcha|perish3\n|-start|p2a: Primarina|perish3\n|upkeep\n|turn|5\n|\n|t:|1776637600\n|switch|p1a: Aegislash|Aegislash, L50, F|100/100\n|move|p1b: Milotic|Scald|p2a: Primarina\n|-resisted|p2a: Primarina|1\n|-damage|p2a: Primarina|63/100\n|-status|p2a: Primarina|brn\n|move|p2b: Sinistcha|Life Dew|p2b: Sinistcha|[spread] p2a,p2b\n|-heal|p2a: Primarina|88/100 brn\n|-heal|p2b: Sinistcha|62/100\n|move|p2a: Primarina|Moonblast|p1b: Milotic\n|-damage|p1b: Milotic|53/100 brn\n|\n|-weather|none\n|-heal|p1b: Milotic|59/100 brn|[from] item: Leftovers\n|-heal|p2a: Primarina|94/100 brn|[from] item: Leftovers\n|-damage|p1b: Milotic|53/100 brn|[from] brn\n|-damage|p2a: Primarina|88/100 brn|[from] brn\n|-start|p1b: Milotic|perish2\n|-start|p2b: Sinistcha|perish2\n|-start|p2a: Primarina|perish2\n|-sideend|p1: himarikino|move: Aurora Veil\n|upkeep\n|turn|6\n|\n|t:|1776637632\n|move|p1b: Milotic|Recover|p1b: Milotic\n|-heal|p1b: Milotic|100/100 brn\n|move|p2b: Sinistcha|Strength Sap|p1a: Aegislash\n|-unboost|p1a: Aegislash|atk|1\n|-heal|p2b: Sinistcha|100/100\n|-formechange|p1a: Aegislash|Aegislash-Blade|\n|move|p1a: Aegislash|Poltergeist|p2b: Sinistcha\n|-activate|p2b: Sinistcha|move: Poltergeist|Focus Sash\n|-supereffective|p2b: Sinistcha|1\n|-damage|p2b: Sinistcha|4/100\n|move|p2a: Primarina|Hyper Voice|p1b: Milotic|[spread] p1a,p1b\n|-resisted|p1b: Milotic|1\n|-damage|p1a: Aegislash|39/100\n|-damage|p1b: Milotic|88/100 brn\n|\n|-heal|p1b: Milotic|94/100 brn|[from] item: Leftovers\n|-heal|p2a: Primarina|94/100 brn|[from] item: Leftovers\n|-damage|p1b: Milotic|88/100 brn|[from] brn\n|-damage|p2a: Primarina|88/100 brn|[from] brn\n|-start|p1b: Milotic|perish1\n|-start|p2b: Sinistcha|perish1\n|-start|p2a: Primarina|perish1\n|upkeep\n|turn|7\n|\n|t:|1776637649\n|switch|p1b: Froslass|Froslass-Mega, L50, F|25/100\n|-weather|Snowscape|[from] ability: Snow Warning|[of] p1b: Froslass\n|switch|p2b: Incineroar|Incineroar, L50, M|38/100\n|-ability|p2b: Incineroar|Intimidate|boost\n|-unboost|p1a: Aegislash|atk|1\n|-unboost|p1b: Froslass|atk|1\n|-formechange|p1a: Aegislash|Aegislash|\n|move|p1a: Aegislash|King's Shield|p1a: Aegislash\n|-singleturn|p1a: Aegislash|Protect\n|move|p2a: Primarina|Perish Song|p2a: Primarina\n|-start|p1a: Aegislash|perish3|[silent]\n|-start|p1b: Froslass|perish3|[silent]\n|-start|p2b: Incineroar|perish3|[silent]\n|-fieldactivate|move: Perish Song\n|\n|-weather|Snowscape|[upkeep]\n|-heal|p2a: Primarina|94/100 brn|[from] item: Leftovers\n|-damage|p2a: Primarina|88/100 brn|[from] brn\n|-start|p1b: Froslass|perish3\n|-start|p1a: Aegislash|perish3\n|-start|p2b: Incineroar|perish3\n|-start|p2a: Primarina|perish0\n|faint|p2a: Primarina\n|upkeep\n|\n|t:|1776637660\n|switch|p2a: Gengar|Gengar, L50, M|100/100\n|turn|8\n|\n|t:|1776637676\n|switch|p1a: Aerodactyl|Aerodactyl, L50, M|100/100\n|-ability|p1a: Aerodactyl|Unnerve\n|detailschange|p2a: Gengar|Gengar-Mega, L50, M\n|-mega|p2a: Gengar|Gengar|Gengarite\n|move|p2a: Gengar|Shadow Ball|p1b: Froslass\n|-supereffective|p1b: Froslass|1\n|-damage|p1b: Froslass|0 fnt\n|faint|p1b: Froslass\n|move|p2b: Incineroar|Flare Blitz|p1a: Aerodactyl\n|-resisted|p1a: Aerodactyl|1\n|-damage|p1a: Aerodactyl|60/100\n|-damage|p2b: Incineroar|28/100|[from] Recoil\n|\n|-weather|Snowscape|[upkeep]\n|-start|p2b: Incineroar|perish2\n|upkeep\n|\n|t:|1776637682\n|switch|p1b: Aegislash|Aegislash, L50, F|39/100\n|turn|9\n|\n|t:|1776637696\n|move|p1a: Aerodactyl|Rock Slide|p2b: Incineroar|[spread] p2a,p2b\n|-supereffective|p2b: Incineroar|1\n|-damage|p2a: Gengar|73/100\n|-damage|p2b: Incineroar|0 fnt\n|faint|p2b: Incineroar\n|move|p2a: Gengar|Shadow Ball|p1a: Aerodactyl\n|-damage|p1a: Aerodactyl|0 fnt\n|faint|p1a: Aerodactyl\n|-formechange|p1b: Aegislash|Aegislash-Blade|\n|move|p1b: Aegislash|Poltergeist|p2a: Gengar|[miss]\n|-miss|p1b: Aegislash|p2a: Gengar\n|\n|-weather|Snowscape|[upkeep]\n|upkeep\n|\n|t:|1776637706\n|switch|p1a: Milotic|Milotic, L50, M, shiny|88/100 brn\n|switch|p2b: Sinistcha|Sinistcha, L50|4/100\n|-heal|p2a: Gengar|98/100|[from] ability: Hospitality|[of] p2b: Sinistcha\n|turn|10\n|\n|t:|1776637720\n|move|p1b: Aegislash|Shadow Sneak|p2b: Sinistcha\n|-supereffective|p2b: Sinistcha|1\n|-damage|p2b: Sinistcha|0 fnt\n|faint|p2b: Sinistcha\n|move|p2a: Gengar|Shadow Ball|p1b: Aegislash\n|-supereffective|p1b: Aegislash|1\n|-crit|p1b: Aegislash\n|-damage|p1b: Aegislash|0 fnt\n|faint|p1b: Aegislash\n|move|p1a: Milotic|Hypnosis|p2a: Gengar\n|-status|p2a: Gengar|slp|[from] move: Hypnosis\n|\n|-weather|Snowscape|[upkeep]\n|-heal|p1a: Milotic|94/100 brn|[from] item: Leftovers\n|-damage|p1a: Milotic|88/100 brn|[from] brn\n|upkeep\n|turn|11\n|\n|t:|1776637729\n|cant|p2a: Gengar|slp\n|move|p1a: Milotic|Scald|p2a: Gengar\n|-damage|p2a: Gengar|66/100 slp\n|\n|-weather|none\n|-heal|p1a: Milotic|94/100 brn|[from] item: Leftovers\n|-damage|p1a: Milotic|88/100 brn|[from] brn\n|upkeep\n|turn|12\n|\n|t:|1776637736\n|cant|p2a: Gengar|slp\n|move|p1a: Milotic|Scald|p2a: Gengar\n|-damage|p2a: Gengar|34/100 slp\n|\n|-heal|p1a: Milotic|94/100 brn|[from] item: Leftovers\n|-damage|p1a: Milotic|88/100 brn|[from] brn\n|upkeep\n|turn|13\n|\n|t:|1776637742\n|-curestatus|p2a: Gengar|slp|[msg]\n|move|p2a: Gengar|Sludge Bomb|p1a: Milotic\n|-damage|p1a: Milotic|50/100 brn\n|move|p1a: Milotic|Scald|p2a: Gengar\n|-damage|p2a: Gengar|3/100\n|\n|-heal|p1a: Milotic|56/100 brn|[from] item: Leftovers\n|-damage|p1a: Milotic|50/100 brn|[from] brn\n|upkeep\n|turn|14\n|\n|t:|1776637750\n|move|p2a: Gengar|Sludge Bomb|p1a: Milotic\n|-crit|p1a: Milotic\n|-damage|p1a: Milotic|0 fnt\n|faint|p1a: Milotic\n|\n|win|asanagiyuri\n",
  "uploadtime": 1776637756,
  "views": 6,
  "formatid": "gen9championsvgc2026regma",
  "rating": null,
  "private": 0,
  "password": null
}