{
  "id": "gen9championsvgc2026regma-2587472113",
  "format": "[Gen 9 Champions] VGC 2026 Reg M-A",
  "players": [
    "Isidino",
    "fryeeze"
  ],
  "log": "|j|\u2606Isidino\n|j|\u2606fryeeze\n|t:|1776534686\n|gametype|doubles\n|player|p1|Isidino|266|1312\n|player|p2|fryeeze|170|1276\n|gen|9\n|tier|[Gen 9 Champions] VGC 2026 Reg M-A\n|rated|\n|rule|Species Clause: Limit one of each Pok\u00e9mon\n|rule|Item Clause: Limit 1 of each item\n|clearpoke\n|poke|p1|Pelipper, L50, F|\n|poke|p1|Basculegion-F, L50, F, shiny|\n|poke|p1|Starmie, L50, shiny|\n|poke|p1|Sneasler, L50, M|\n|poke|p1|Sableye, L50, M, shiny|\n|poke|p1|Scovillain, L50, F, shiny|\n|poke|p2|Scovillain, L50, M|\n|poke|p2|Sneasler, L50, F|\n|poke|p2|Primarina, L50, M|\n|poke|p2|Kingambit, L50, M|\n|poke|p2|Aerodactyl, L50, M|\n|poke|p2|Garchomp, L50, F|\n|teampreview|4\n|inactive|Battle timer is ON: inactive players will automatically lose when time's up. (requested by Isidino)\n|inactive|Isidino has 60 seconds left.\n|inactive|fryeeze has 60 seconds left.\n|\n|t:|1776534737\n|teamsize|p1|4\n|teamsize|p2|4\n|start\n|switch|p1a: Scovillain|Scovillain, L50, F, shiny|100/100\n|switch|p1b: Sneasler|Sneasler, L50, M|100/100\n|switch|p2a: Scovillain|Scovillain, L50, M|100/100\n|switch|p2b: Sneasler|Sneasler, L50, F|100/100\n|turn|1\n|inactive|fryeeze has 30 seconds left.\n|inactive|fryeeze has 20 seconds left.\n|inactive|fryeeze has 15 seconds left.\n|inactive|fryeeze has 10 seconds left.\n|\n|t:|1776534784\n|detailschange|p2a: Scovillain|Scovillain-Mega, L50, M\n|-mega|p2a: Scovillain|Scovillain|Scovillainite\n|move|p1b: Sneasler|Fake Out|p2b: Sneasler\n|-damage|p2b: Sneasler|74/100\n|cant|p2b: Sneasler|flinch\n|move|p1a: Scovillain|Flamethrower|p2a: Scovillain\n|-damage|p2a: Scovillain|71/100\n|-immune|p1a: Scovillain\n|move|p2a: Scovillain|Flamethrower|p1b: Sneasler\n|-damage|p1b: Sneasler|40/100\n|\n|-ability|p1a: Scovillain|Moody|boost\n|-boost|p1a: Scovillain|spd|2\n|-unboost|p1a: Scovillain|spe|1\n|upkeep\n|turn|2\n|inactive|fryeeze has 30 seconds left.\n|inactive|fryeeze has 20 seconds left.\n|inactive|fryeeze has 15 seconds left.\n|inactive|fryeeze has 10 seconds left.\n|inactive|fryeeze has 5 seconds left.\n|\n|t:|1776534839\n|detailschange|p1a: Scovillain|Scovillain-Mega, L50, F, shiny\n|-mega|p1a: Scovillain|Scovillain|Scovillainite\n|move|p1a: Scovillain|Rage Powder|p1a: Scovillain\n|-singleturn|p1a: Scovillain|move: Rage Powder\n|move|p2b: Sneasler|Close Combat|p1a: Scovillain\n|-damage|p1a: Scovillain|44/100\n|-unboost|p2b: Sneasler|def|1\n|-unboost|p2b: Sneasler|spd|1\n|-status|p2b: Sneasler|brn|[from] ability: Spicy Spray|[of] p1a: Scovillain\n|-enditem|p2b: Sneasler|White Herb\n|-clearnegativeboost|p2b: Sneasler|[silent]\n|move|p1b: Sneasler|Close Combat|p2b: Sneasler\n|-resisted|p2b: Sneasler|1\n|-damage|p2b: Sneasler|13/100 brn\n|-unboost|p1b: Sneasler|def|1\n|-unboost|p1b: Sneasler|spd|1\n|-enditem|p1b: Sneasler|White Herb\n|-clearnegativeboost|p1b: Sneasler|[silent]\n|move|p2a: Scovillain|Flamethrower|p1b: Sneasler\n|-damage|p1b: Sneasler|0 fnt\n|faint|p1b: Sneasler\n|\n|-damage|p2b: Sneasler|8/100 brn|[from] brn\n|upkeep\n|\n|t:|1776534861\n|switch|p1b: Pelipper|Pelipper, L50, F|100/100\n|-weather|RainDance|[from] ability: Drizzle|[of] p1b: Pelipper\n|turn|3\n|inactive|fryeeze has 30 seconds left.\n|\n|t:|1776534888\n|switch|p2a: Primarina|Primarina, L50, M|100/100\n|move|p1a: Scovillain|Protect|p1a: Scovillain\n|-singleturn|p1a: Scovillain|Protect\n|move|p2b: Sneasler|Dire Claw|p1a: Scovillain\n|-activate|p1a: Scovillain|move: Protect\n|move|p1b: Pelipper|Tailwind|p1b: Pelipper\n|-sidestart|p1: Isidino|move: Tailwind\n|\n|-weather|RainDance|[upkeep]\n|-damage|p2b: Sneasler|2/100 brn|[from] brn\n|upkeep\n|turn|4\n|inactive|fryeeze has 30 seconds left.\n|inactive|fryeeze has 20 seconds left.\n|\n|t:|1776534928\n|move|p2a: Primarina|Protect|p2a: Primarina\n|-singleturn|p2a: Primarina|Protect\n|move|p2b: Sneasler|Dire Claw|p1a: Scovillain\n|-supereffective|p1a: Scovillain|1\n|-damage|p1a: Scovillain|5/100\n|move|p1b: Pelipper|Hurricane|p2a: Primarina\n|-activate|p2a: Primarina|move: Protect\n|move|p1a: Scovillain|Leech Seed|p2a: Primarina\n|-activate|p2a: Primarina|move: Protect\n|\n|-weather|RainDance|[upkeep]\n|-damage|p2b: Sneasler|0 fnt|[from] brn\n|faint|p2b: Sneasler\n|upkeep\n|\n|t:|1776534949\n|switch|p2b: Kingambit|Kingambit, L50, M|100/100\n|turn|5\n|\n|t:|1776534958\n|move|p1a: Scovillain|Protect|p1a: Scovillain\n|-singleturn|p1a: Scovillain|Protect\n|move|p2b: Kingambit|Protect|p2b: Kingambit\n|-singleturn|p2b: Kingambit|Protect\n|move|p1b: Pelipper|Hurricane|p2a: Primarina\n|-damage|p2a: Primarina|61/100\n|-start|p2a: Primarina|confusion\n|-activate|p2a: Primarina|confusion\n|move|p2a: Primarina|Hyper Voice|p1b: Pelipper|[spread] p1b\n|-activate|p1a: Scovillain|move: Protect\n|-resisted|p1b: Pelipper|1\n|-damage|p1b: Pelipper|51/100\n|\n|-weather|RainDance|[upkeep]\n|-heal|p2a: Primarina|67/100|[from] item: Leftovers\n|upkeep\n|turn|6\n|\n|t:|1776534979\n|move|p1a: Scovillain|Rage Powder|p1a: Scovillain\n|-singleturn|p1a: Scovillain|move: Rage Powder\n|move|p2b: Kingambit|Sucker Punch||[still]\n|-fail|p2b: Kingambit\n|move|p1b: Pelipper|Hurricane|p2b: Kingambit\n|-resisted|p2b: Kingambit|1\n|-damage|p2b: Kingambit|78/100\n|-activate|p2a: Primarina|confusion\n|move|p2a: Primarina|Hyper Voice|p1b: Pelipper|[spread] p1a,p1b\n|-resisted|p1b: Pelipper|1\n|-damage|p1a: Scovillain|0 fnt\n|-damage|p1b: Pelipper|0 fnt\n|-status|p2a: Primarina|brn|[from] ability: Spicy Spray|[of] p1a: Scovillain\n|faint|p1a: Scovillain\n|faint|p1b: Pelipper\n|\n|-weather|RainDance|[upkeep]\n|-heal|p2a: Primarina|73/100 brn|[from] item: Leftovers\n|-damage|p2a: Primarina|67/100 brn|[from] brn\n|-sideend|p1: Isidino|move: Tailwind\n|upkeep\n|\n|t:|1776534987\n|switch|p1b: Basculegion|Basculegion-F, L50, F, shiny|100/100\n|turn|7\n|\n|t:|1776535005\n|move|p2b: Kingambit|Sucker Punch|p1b: Basculegion\n|-supereffective|p1b: Basculegion|1\n|-damage|p1b: Basculegion|0 fnt\n|faint|p1b: Basculegion\n|\n|win|fryeeze\n|raw|Isidino's rating: 1312 &rarr; <strong>1290</strong><br />(-22 for losing)\n|raw|fryeeze's rating: 1276 &rarr; <strong>1304</strong><br />(+28 for winning)\n",
  "uploadtime": 1776535008,
  "views": 18,
  "formatid": "gen9championsvgc2026regma",
  "rating": 1290,
  "private": 0,
  "password": null
}