{
  "id": "gen9championsvgc2026regma-2581023692",
  "format": "[Gen 9 Champions] VGC 2026 Reg M-A",
  "players": [
    "Flower Monke",
    "space9982"
  ],
  "log": "|j|\u2606Flower Monke\n|j|\u2606space9982\n|t:|1775952694\n|gametype|doubles\n|player|p1|Flower Monke|giacomo|1393\n|player|p2|space9982|266|1425\n|gen|9\n|tier|[Gen 9 Champions] VGC 2026 Reg M-A\n|rated|\n|rule|Species Clause: Limit one of each Pok\u00e9mon\n|rule|Item Clause: Limit 1 of each item\n|clearpoke\n|poke|p1|Floette-Eternal, L50, F|\n|poke|p1|Rotom-Wash, L50|\n|poke|p1|Sneasler, L50, M|\n|poke|p1|Corviknight, L50, F|\n|poke|p1|Tyranitar, L50, F|\n|poke|p1|Sinistcha, L50|\n|poke|p2|Charizard, L50, M|\n|poke|p2|Whimsicott, L50, F|\n|poke|p2|Garchomp, L50, M|\n|poke|p2|Sneasler, L50, M|\n|poke|p2|Incineroar, L50, M|\n|poke|p2|Rotom-Wash, L50|\n|teampreview|4\n|inactive|Battle timer is ON: inactive players will automatically lose when time's up. (requested by space9982)\n|inactive|Flower Monke also wants the timer to be on.\n|l|\u2606space9982\n|inactive|space9982 disconnected and has a minute to reconnect!\n|player|p2|\n|j|\u2606space9982\n|inactive|space9982 reconnected and has 65 seconds left.\n|player|p2|space9982|266|\n|inactive|space9982 has 60 seconds left.\n|inactive|space9982 has 30 seconds left.\n|inactive|space9982 has 20 seconds left.\n|inactive|space9982 has 15 seconds left.\n|\n|t:|1775952773\n|teamsize|p1|4\n|teamsize|p2|4\n|start\n|switch|p1a: Rotom|Rotom-Wash, L50|100/100\n|switch|p1b: Sinistcha|Sinistcha, L50|100/100\n|switch|p2a: Charizard|Charizard, L50, M, shiny|100/100\n|switch|p2b: Whimsicott|Whimsicott, L50, F, shiny|100/100\n|turn|1\n|\n|t:|1775952788\n|switch|p1a: Tyranitar|Tyranitar, L50, F|100/100\n|-weather|Sandstorm|[from] ability: Sand Stream|[of] p1a: Tyranitar\n|detailschange|p2a: Charizard|Charizard-Mega-Y, L50, M, shiny\n|-mega|p2a: Charizard|Charizard|Charizardite Y\n|-weather|SunnyDay|[from] ability: Drought|[of] p2a: Charizard\n|move|p2b: Whimsicott|Tailwind|p2b: Whimsicott\n|-sidestart|p2: space9982|move: Tailwind\n|move|p2a: Charizard|Solar Beam||[still]\n|-prepare|p2a: Charizard|Solar Beam\n|-anim|p2a: Charizard|Solar Beam|p1a: Tyranitar\n|-supereffective|p1a: Tyranitar|1\n|-damage|p1a: Tyranitar|6/100\n|move|p1b: Sinistcha|Trick Room|p1b: Sinistcha\n|-fieldstart|move: Trick Room|[of] p1b: Sinistcha\n|\n|-weather|SunnyDay|[upkeep]\n|upkeep\n|turn|2\n|inactive|Flower Monke has 30 seconds left.\n|\n|t:|1775952817\n|switch|p1b: Rotom|Rotom-Wash, L50|100/100\n|move|p1a: Tyranitar|Protect|p1a: Tyranitar\n|-singleturn|p1a: Tyranitar|Protect\n|move|p2a: Charizard|Protect|p2a: Charizard\n|-singleturn|p2a: Charizard|Protect\n|move|p2b: Whimsicott|Encore||[still]\n|-fail|p2b: Whimsicott\n|\n|-weather|SunnyDay|[upkeep]\n|upkeep\n|turn|3\n|\n|t:|1775952833\n|switch|p1b: Sinistcha|Sinistcha, L50|100/100\n|-heal|p1a: Tyranitar|30/100|[from] ability: Hospitality|[of] p1b: Sinistcha\n|switch|p2a: Garchomp|Garchomp, L50, M, shiny|100/100\n|detailschange|p1a: Tyranitar|Tyranitar-Mega, L50, F\n|-mega|p1a: Tyranitar|Tyranitar|Tyranitarite\n|-weather|Sandstorm|[from] ability: Sand Stream|[of] p1a: Tyranitar\n|move|p1a: Tyranitar|Rock Slide|p2b: Whimsicott|[spread] p2a,p2b\n|-resisted|p2a: Garchomp|1\n|-damage|p2a: Garchomp|80/100\n|-damage|p2b: Whimsicott|41/100\n|cant|p2b: Whimsicott|flinch\n|\n|-weather|Sandstorm|[upkeep]\n|-damage|p1b: Sinistcha|94/100|[from] Sandstorm\n|-damage|p2b: Whimsicott|35/100|[from] Sandstorm\n|upkeep\n|turn|4\n|inactive|Flower Monke has 30 seconds left.\n|inactive|space9982 has 30 seconds left.\n|\n|t:|1775952869\n|switch|p2b: Sneasler|Sneasler, L50, M, shiny|100/100\n|move|p1b: Sinistcha|Matcha Gotcha|p2b: Sneasler|[spread] p2a,p2b\n|-resisted|p2b: Sneasler|1\n|-damage|p2a: Garchomp|55/100\n|-heal|p1b: Sinistcha|100/100|[from] drain|[of] p2a: Garchomp\n|-damage|p2b: Sneasler|85/100\n|move|p1a: Tyranitar|Rock Slide|p2b: Sneasler|[spread] p2a,p2b\n|-resisted|p2a: Garchomp|1\n|-resisted|p2b: Sneasler|1\n|-damage|p2a: Garchomp|37/100\n|-damage|p2b: Sneasler|55/100\n|cant|p2a: Garchomp|flinch\n|\n|-weather|Sandstorm|[upkeep]\n|-damage|p1b: Sinistcha|94/100|[from] Sandstorm\n|-damage|p2b: Sneasler|49/100|[from] Sandstorm\n|-sideend|p2: space9982|move: Tailwind\n|upkeep\n|turn|5\n|inactive|Flower Monke has 30 seconds left.\n|inactive|Flower Monke has 20 seconds left.\n|\n|t:|1775952907\n|switch|p1a: Rotom|Rotom-Wash, L50|100/100\n|move|p2b: Sneasler|Fake Out|p1a: Rotom\n|-damage|p1a: Rotom|83/100\n|move|p1b: Sinistcha|Matcha Gotcha|p2b: Sneasler|[spread] p2a,p2b\n|-crit|p2a: Garchomp\n|-resisted|p2b: Sneasler|1\n|-damage|p2a: Garchomp|0 fnt\n|-heal|p1b: Sinistcha|100/100|[from] drain|[of] p2a: Garchomp\n|-damage|p2b: Sneasler|34/100\n|faint|p2a: Garchomp\n|\n|-weather|Sandstorm|[upkeep]\n|-damage|p1b: Sinistcha|94/100|[from] Sandstorm\n|-damage|p2b: Sneasler|28/100|[from] Sandstorm\n|-damage|p1a: Rotom|77/100|[from] Sandstorm\n|-fieldend|move: Trick Room\n|upkeep\n|\n|t:|1775952919\n|switch|p2a: Charizard|Charizard-Mega-Y, L50, M, shiny|100/100\n|-weather|SunnyDay|[from] ability: Drought|[of] p2a: Charizard\n|turn|6\n|\n|t:|1775952930\n|switch|p2b: Whimsicott|Whimsicott, L50, F, shiny|35/100\n|move|p1a: Rotom|Volt Switch|p2b: Whimsicott\n|-resisted|p2b: Whimsicott|1\n|-damage|p2b: Whimsicott|11/100\n|\n|t:|1775952939\n|switch|p1a: Tyranitar|Tyranitar-Mega, L50, F|30/100|[from] Volt Switch\n|-weather|Sandstorm|[from] ability: Sand Stream|[of] p1a: Tyranitar\n|move|p2a: Charizard|Heat Wave|p1a: Tyranitar|[spread] p1a,p1b\n|-resisted|p1a: Tyranitar|1\n|-supereffective|p1b: Sinistcha|1\n|-enditem|p1b: Sinistcha|Occa Berry|[eat]\n|-enditem|p1b: Sinistcha|Occa Berry|[weaken]\n|-damage|p1a: Tyranitar|19/100\n|-damage|p1b: Sinistcha|54/100\n|move|p1b: Sinistcha|Trick Room|p1b: Sinistcha\n|-fieldstart|move: Trick Room|[of] p1b: Sinistcha\n|\n|-weather|Sandstorm|[upkeep]\n|-damage|p1b: Sinistcha|48/100|[from] Sandstorm\n|-damage|p2a: Charizard|95/100|[from] Sandstorm\n|-damage|p2b: Whimsicott|5/100|[from] Sandstorm\n|upkeep\n|turn|7\n|\n|t:|1775952952\n|switch|p1b: Rotom|Rotom-Wash, L50|77/100\n|move|p2a: Charizard|Protect|p2a: Charizard\n|-singleturn|p2a: Charizard|Protect\n|move|p2b: Whimsicott|Sunny Day|p2b: Whimsicott\n|-weather|SunnyDay\n|move|p1a: Tyranitar|Rock Slide|p2a: Charizard|[spread] p2b\n|-activate|p2a: Charizard|move: Protect\n|-damage|p2b: Whimsicott|0 fnt\n|faint|p2b: Whimsicott\n|\n|-weather|SunnyDay|[upkeep]\n|upkeep\n|\n|t:|1775952961\n|switch|p2b: Sneasler|Sneasler, L50, M, shiny|28/100\n|turn|8\n|\n|t:|1775952972\n|switch|p1a: Floette|Floette-Eternal, L50, F|100/100\n|move|p2b: Sneasler|Fake Out|p1a: Floette\n|-damage|p1a: Floette|84/100\n|move|p2a: Charizard|Heat Wave|p1b: Rotom|[spread] p1a,p1b\n|-resisted|p1b: Rotom|1\n|-damage|p1a: Floette|31/100\n|-damage|p1b: Rotom|38/100\n|move|p1b: Rotom|Thunderbolt|p2b: Sneasler\n|-damage|p2b: Sneasler|0 fnt\n|faint|p2b: Sneasler\n|\n|-weather|SunnyDay|[upkeep]\n|upkeep\n|turn|9\n|\n|t:|1775952988\n|move|p1a: Floette|Moonblast|p2a: Charizard\n|-resisted|p2a: Charizard|1\n|-damage|p2a: Charizard|72/100\n|move|p2a: Charizard|Heat Wave|p1a: Floette|[spread] p1b\n|-miss|p2a: Charizard|p1a: Floette\n|-resisted|p1b: Rotom|1\n|-damage|p1b: Rotom|0 fnt\n|faint|p1b: Rotom\n|\n|-weather|SunnyDay|[upkeep]\n|upkeep\n|\n|t:|1775953002\n|switch|p1b: Tyranitar|Tyranitar-Mega, L50, F|19/100\n|-weather|Sandstorm|[from] ability: Sand Stream|[of] p1b: Tyranitar\n|turn|10\n|\n|t:|1775953008\n|switch|p1a: Sinistcha|Sinistcha, L50|48/100\n|-heal|p1b: Tyranitar|43/100|[from] ability: Hospitality|[of] p1a: Sinistcha\n|move|p1b: Tyranitar|Rock Slide|p2a: Charizard\n|-supereffective|p2a: Charizard|2\n|-damage|p2a: Charizard|0 fnt\n|faint|p2a: Charizard\n|\n|win|Flower Monke\n|raw|Flower Monke's rating: 1393 &rarr; <strong>1415</strong><br />(+22 for winning)\n|raw|space9982's rating: 1425 &rarr; <strong>1403</strong><br />(-22 for losing)\n|l|\u2606space9982\n|player|p2|\n",
  "uploadtime": 1775953027,
  "views": 69,
  "formatid": "gen9championsvgc2026regma",
  "rating": 1403,
  "private": 0,
  "password": null
}