{
  "id": "gen9championsvgc2026regma-2582249086",
  "format": "[Gen 9 Champions] VGC 2026 Reg M-A",
  "players": [
    "Ermurgok",
    "treecko911"
  ],
  "log": "|j|\u2606Ermurgok\n|j|\u2606treecko911\n|t:|1776076001\n|gametype|doubles\n|player|p1|Ermurgok|gentleman-gen4dp|1012\n|player|p2|treecko911|2|1026\n|gen|9\n|tier|[Gen 9 Champions] VGC 2026 Reg M-A\n|rated|\n|rule|Species Clause: Limit one of each Pok\u00e9mon\n|rule|Item Clause: Limit 1 of each item\n|clearpoke\n|poke|p1|Meganium, L50, F|\n|poke|p1|Pelipper, L50, M|\n|poke|p1|Basculegion, L50, M|\n|poke|p1|Incineroar, L50, M|\n|poke|p1|Archaludon, L50, M|\n|poke|p1|Sinistcha, L50|\n|poke|p2|Orthworm, L50, F|\n|poke|p2|Tyranitar, L50, M|\n|poke|p2|Excadrill, L50, M|\n|poke|p2|Clefable, L50, F|\n|poke|p2|Beedrill, L50, M|\n|poke|p2|Liepard, L50, M|\n|teampreview|4\n|\n|t:|1776076056\n|teamsize|p1|4\n|teamsize|p2|4\n|start\n|switch|p1a: Pelipper|Pelipper, L50, M|100/100\n|switch|p1b: Basculegion|Basculegion, L50, M, shiny|100/100\n|switch|p2a: Beedrill|Beedrill, L50, M, shiny|100/100\n|switch|p2b: Liepard|Liepard, L50, M|100/100\n|-weather|RainDance|[from] ability: Drizzle|[of] p1a: Pelipper\n|turn|1\n|\n|t:|1776076092\n|switch|p2a: Excadrill|Excadrill, L50, M|100/100\n|move|p2b: Liepard|Sucker Punch|p1b: Basculegion\n|-supereffective|p1b: Basculegion|1\n|-damage|p1b: Basculegion|33/100\n|move|p1b: Basculegion|Flip Turn|p2b: Liepard\n|-damage|p2b: Liepard|0 fnt\n|faint|p2b: Liepard\n|\n|t:|1776076100\n|switch|p1b: Incineroar|Incineroar, L50, M|100/100|[from] Flip Turn\n|-ability|p1b: Incineroar|Intimidate|boost\n|-unboost|p2a: Excadrill|atk|1\n|move|p1a: Pelipper|Hurricane|p2a: Excadrill\n|-resisted|p2a: Excadrill|1\n|-damage|p2a: Excadrill|72/100\n|-start|p2a: Excadrill|confusion\n|\n|-weather|RainDance|[upkeep]\n|upkeep\n|\n|t:|1776076110\n|switch|p2b: Tyranitar|Tyranitar, L50, M|100/100\n|-weather|Sandstorm|[from] ability: Sand Stream|[of] p2b: Tyranitar\n|turn|2\n|\n|t:|1776076126\n|switch|p1a: Basculegion|Basculegion, L50, M, shiny|33/100\n|-activate|p2a: Excadrill|confusion\n|-damage|p2a: Excadrill|58/100|[from] confusion\n|move|p2b: Tyranitar|Rock Slide|p1a: Basculegion|[spread] p1a,p1b\n|-supereffective|p1b: Incineroar|1\n|-damage|p1a: Basculegion|0 fnt\n|-damage|p1b: Incineroar|53/100\n|faint|p1a: Basculegion\n|move|p1b: Incineroar|Flare Blitz|p2a: Excadrill\n|-supereffective|p2a: Excadrill|1\n|-damage|p2a: Excadrill|0 fnt\n|faint|p2a: Excadrill\n|-damage|p1b: Incineroar|35/100|[from] Recoil\n|-enditem|p1b: Incineroar|Sitrus Berry|[eat]\n|-heal|p1b: Incineroar|60/100|[from] item: Sitrus Berry\n|\n|-weather|Sandstorm|[upkeep]\n|-damage|p1b: Incineroar|54/100|[from] Sandstorm\n|upkeep\n|\n|t:|1776076142\n|switch|p2a: Beedrill|Beedrill, L50, M, shiny|100/100\n|switch|p1a: Pelipper|Pelipper, L50, M|100/100\n|-weather|RainDance|[from] ability: Drizzle|[of] p1a: Pelipper\n|turn|3\n|\n|t:|1776076165\n|detailschange|p2b: Tyranitar|Tyranitar-Mega, L50, M\n|-mega|p2b: Tyranitar|Tyranitar|Tyranitarite\n|-weather|Sandstorm|[from] ability: Sand Stream|[of] p2b: Tyranitar\n|move|p2a: Beedrill|Drill Run|p1b: Incineroar|[miss]\n|-miss|p2a: Beedrill|p1b: Incineroar\n|move|p2b: Tyranitar|Rock Slide|p1a: Pelipper|[spread] p1a,p1b\n|-supereffective|p1a: Pelipper|1\n|-supereffective|p1b: Incineroar|1\n|-damage|p1a: Pelipper|29/100\n|-damage|p1b: Incineroar|0 fnt\n|faint|p1b: Incineroar\n|move|p1a: Pelipper|Weather Ball|p2b: Tyranitar\n|-damage|p2b: Tyranitar|89/100\n|\n|-weather|Sandstorm|[upkeep]\n|-damage|p2a: Beedrill|95/100|[from] Sandstorm\n|-damage|p1a: Pelipper|23/100|[from] Sandstorm\n|upkeep\n|\n|t:|1776076179\n|switch|p1b: Meganium|Meganium, L50, F|100/100\n|turn|4\n|\n|t:|1776076198\n|detailschange|p1b: Meganium|Meganium-Mega, L50, F\n|-mega|p1b: Meganium|Meganium|Meganiumite\n|move|p2b: Tyranitar|Protect|p2b: Tyranitar\n|-singleturn|p2b: Tyranitar|Protect\n|move|p1a: Pelipper|Wide Guard|p1a: Pelipper\n|-singleturn|p1a: Pelipper|Wide Guard\n|move|p2a: Beedrill|Cross Poison|p1b: Meganium\n|-supereffective|p1b: Meganium|2\n|-damage|p1b: Meganium|11/100\n|move|p1b: Meganium|Dazzling Gleam|p2a: Beedrill|[spread] p2a\n|-activate|p2b: Tyranitar|move: Protect\n|-resisted|p2a: Beedrill|1\n|-damage|p2a: Beedrill|73/100\n|\n|-weather|Sandstorm|[upkeep]\n|-damage|p2a: Beedrill|67/100|[from] Sandstorm\n|-damage|p1b: Meganium|5/100|[from] Sandstorm\n|-damage|p1a: Pelipper|17/100|[from] Sandstorm\n|upkeep\n|turn|5\n|\n|t:|1776076227\n|move|p2a: Beedrill|Cross Poison|p1b: Meganium\n|-supereffective|p1b: Meganium|2\n|-damage|p1b: Meganium|0 fnt\n|faint|p1b: Meganium\n|move|p2b: Tyranitar|Knock Off|p1a: Pelipper\n|-damage|p1a: Pelipper|0 fnt\n|-enditem|p1a: Pelipper|Focus Sash|[from] move: Knock Off|[of] p2b: Tyranitar\n|faint|p1a: Pelipper\n|\n|win|treecko911\n|raw|Ermurgok's rating: 1012 &rarr; <strong>1001</strong><br />(-11 for losing)\n|raw|treecko911's rating: 1026 &rarr; <strong>1061</strong><br />(+35 for winning)\n|l|\u2606Ermurgok\n|player|p1|\n",
  "uploadtime": 1776076295,
  "views": 13,
  "formatid": "gen9championsvgc2026regma",
  "rating": 1001,
  "private": 0,
  "password": null
}