{
  "id": "gen9championsvgc2026regma-2581885584",
  "format": "[Gen 9 Champions] VGC 2026 Reg M-A",
  "players": [
    "Sevaunn",
    "dbutt12"
  ],
  "log": "|j|\u2606Sevaunn\n|j|\u2606dbutt12\n|t:|1776036698\n|gametype|doubles\n|player|p1|Sevaunn|hilbert|1228\n|player|p2|dbutt12|1|1315\n|gen|9\n|tier|[Gen 9 Champions] VGC 2026 Reg M-A\n|rated|\n|rule|Species Clause: Limit one of each Pok\u00e9mon\n|rule|Item Clause: Limit 1 of each item\n|clearpoke\n|poke|p1|Excadrill, L50, F|\n|poke|p1|Tyranitar, L50, M|\n|poke|p1|Gyarados, L50, M|\n|poke|p1|Raichu, L50, F|\n|poke|p1|Dragonite, L50, M|\n|poke|p1|Primarina, L50, F|\n|poke|p2|Meganium, L50, M|\n|poke|p2|Pelipper, L50, M|\n|poke|p2|Basculegion, L50, M|\n|poke|p2|Archaludon, L50, F|\n|poke|p2|Incineroar, L50, M|\n|poke|p2|Maushold, L50|\n|teampreview|4\n|\n|t:|1776036739\n|teamsize|p1|4\n|teamsize|p2|4\n|start\n|switch|p1a: AY|Raichu, L50, F|100/100\n|switch|p1b: D.DAWG|Dragonite, L50, M|100/100\n|switch|p2a: Incineroar|Incineroar, L50, M|100/100\n|switch|p2b: Meganium|Meganium, L50, M|100/100\n|-ability|p2a: Incineroar|Intimidate|boost\n|-unboost|p1a: AY|atk|1\n|-fail|p1b: D.DAWG|unboost|Attack|[from] ability: Inner Focus|[of] p1b: D.DAWG\n|turn|1\n|\n|t:|1776036775\n|detailschange|p2b: Meganium|Meganium-Mega, L50, M\n|-mega|p2b: Meganium|Meganium|Meganiumite\n|move|p1a: AY|Fake Out|p2b: Meganium\n|-damage|p2b: Meganium|96/100\n|move|p2a: Incineroar|Fake Out|p1b: D.DAWG\n|-damage|p1b: D.DAWG|90/100\n|move|p1b: D.DAWG|Dragon Dance|p1b: D.DAWG\n|-boost|p1b: D.DAWG|atk|1\n|-boost|p1b: D.DAWG|spe|1\n|cant|p2b: Meganium|flinch\n|\n|upkeep\n|turn|2\n|\n|t:|1776036806\n|switch|p2a: Archaludon|Archaludon, L50, F|100/100\n|move|p1b: D.DAWG|Iron Head|p2b: Meganium\n|-supereffective|p2b: Meganium|1\n|-damage|p2b: Meganium|11/100\n|move|p1a: AY|Encore||[still]\n|-fail|p1a: AY\n|cant|p2b: Meganium|flinch\n|\n|upkeep\n|turn|3\n|\n|t:|1776036824\n|move|p2b: Meganium|Protect|p2b: Meganium\n|-singleturn|p2b: Meganium|Protect\n|move|p2a: Archaludon|Draco Meteor|p1b: D.DAWG\n|-supereffective|p1b: D.DAWG|1\n|-enditem|p1b: D.DAWG|Haban Berry|[eat]\n|-enditem|p1b: D.DAWG|Haban Berry|[weaken]\n|-damage|p1b: D.DAWG|20/100\n|-unboost|p2a: Archaludon|spa|2\n|move|p1b: D.DAWG|Dragon Dance|p1b: D.DAWG\n|-boost|p1b: D.DAWG|atk|1\n|-boost|p1b: D.DAWG|spe|1\n|move|p1a: AY|Volt Switch|p2b: Meganium\n|-activate|p2b: Meganium|move: Protect\n|\n|upkeep\n|turn|4\n|\n|t:|1776036842\n|switch|p2b: Incineroar|Incineroar, L50, M|100/100\n|-ability|p2b: Incineroar|Intimidate|boost\n|-unboost|p1a: AY|atk|1\n|-fail|p1b: D.DAWG|unboost|Attack|[from] ability: Inner Focus|[of] p1b: D.DAWG\n|move|p1b: D.DAWG|Dragon Claw|p2a: Archaludon\n|-damage|p2a: Archaludon|25/100\n|move|p2a: Archaludon|Draco Meteor|p1b: D.DAWG|[miss]\n|-miss|p2a: Archaludon|p1b: D.DAWG\n|move|p1a: AY|Volt Switch|p2b: Incineroar\n|-damage|p2b: Incineroar|77/100\n|\n|t:|1776036850\n|switch|p1a: HONKAHONKA|Primarina, L50, F|100/100|[from] Volt Switch\n|\n|upkeep\n|turn|5\n|\n|t:|1776036873\n|move|p1a: HONKAHONKA|Protect|p1a: HONKAHONKA\n|-singleturn|p1a: HONKAHONKA|Protect\n|move|p2b: Incineroar|Fake Out|p1a: HONKAHONKA\n|-activate|p1a: HONKAHONKA|move: Protect\n|move|p1b: D.DAWG|Tailwind|p1b: D.DAWG\n|-sidestart|p1: Sevaunn|move: Tailwind\n|move|p2a: Archaludon|Draco Meteor|p1b: D.DAWG\n|-supereffective|p1b: D.DAWG|1\n|-damage|p1b: D.DAWG|0 fnt\n|-unboost|p2a: Archaludon|spa|2\n|faint|p1b: D.DAWG\n|\n|upkeep\n|\n|t:|1776036883\n|switch|p1b: AY|Raichu, L50, F|100/100\n|turn|6\n|\n|t:|1776036898\n|switch|p2a: Meganium|Meganium-Mega, L50, M|11/100\n|move|p1b: AY|Fake Out|p2b: Incineroar\n|-damage|p2b: Incineroar|70/100\n|move|p1a: HONKAHONKA|Moonblast|p2a: Meganium\n|-damage|p2a: Meganium|0 fnt\n|faint|p2a: Meganium\n|cant|p2b: Incineroar|flinch\n|\n|upkeep\n|\n|t:|1776036909\n|switch|p2a: Archaludon|Archaludon, L50, F|25/100\n|turn|7\n|inactive|Battle timer is ON: inactive players will automatically lose when time's up. (requested by dbutt12)\n|\n|t:|1776036941\n|move|p1b: AY|Encore|p2b: Incineroar\n|-start|p2b: Incineroar|Encore\n|move|p2b: Incineroar|Fake Out||[still]\n|-hint|Fake Out only works on your first turn out.\n|-fail|p2b: Incineroar\n|move|p2a: Archaludon|Draco Meteor|p1b: AY\n|-damage|p1b: AY|1/100\n|-unboost|p2a: Archaludon|spa|2\n|move|p1a: HONKAHONKA|Moonblast|p2a: Archaludon\n|-damage|p2a: Archaludon|0 fnt\n|faint|p2a: Archaludon\n|\n|upkeep\n|\n|t:|1776036954\n|switch|p2a: Pelipper|Pelipper, L50, M|100/100\n|-weather|RainDance|[from] ability: Drizzle|[of] p2a: Pelipper\n|turn|8\n|c|\u2606Sevaunn|didn't activate sash wow\n|\n|t:|1776036968\n|move|p2a: Pelipper|Protect|p2a: Pelipper\n|-singleturn|p2a: Pelipper|Protect\n|move|p1b: AY|Volt Switch|p2a: Pelipper\n|-activate|p2a: Pelipper|move: Protect\n|move|p1a: HONKAHONKA|Moonblast|p2b: Incineroar\n|-damage|p2b: Incineroar|32/100\n|-enditem|p2b: Incineroar|Sitrus Berry|[eat]\n|-heal|p2b: Incineroar|57/100|[from] item: Sitrus Berry\n|-activate|p2b: Incineroar|move: Struggle\n|move|p2b: Incineroar|Struggle|p1a: HONKAHONKA\n|-damage|p1a: HONKAHONKA|83/100\n|-damage|p2b: Incineroar|32/100|[from] recoil\n|\n|-weather|RainDance|[upkeep]\n|-sideend|p1: Sevaunn|move: Tailwind\n|upkeep\n|turn|9\n|\n|t:|1776036992\n|move|p1b: AY|Encore|p2a: Pelipper\n|-start|p2a: Pelipper|Encore\n|-activate|p2a: Pelipper|item: Quick Claw\n|move|p2a: Pelipper|Protect|p2a: Pelipper\n|-singleturn|p2a: Pelipper|Protect\n|move|p1a: HONKAHONKA|Moonblast|p2b: Incineroar\n|-damage|p2b: Incineroar|0 fnt\n|faint|p2b: Incineroar\n|\n|-weather|RainDance|[upkeep]\n|upkeep\n|turn|10\n|-message|dbutt12 forfeited.\n|\n|win|Sevaunn\n|raw|Sevaunn's rating: 1207 &rarr; <strong>1240</strong><br />(+33 for winning)\n|raw|dbutt12's rating: 1315 &rarr; <strong>1289</strong><br />(-26 for losing)\n|l|\u2606dbutt12\n|player|p2|\n",
  "uploadtime": 1776037014,
  "views": 35,
  "formatid": "gen9championsvgc2026regma",
  "rating": 1240,
  "private": 0,
  "password": null
}