{
  "id": "gen9championsvgc2026regma-2586853000",
  "format": "[Gen 9 Champions] VGC 2026 Reg M-A",
  "players": [
    "Mateusaberle",
    "Millygan15"
  ],
  "log": "|j|\u2606Mateusaberle\n|j|\u2606Millygan15\n|t:|1776465470\n|gametype|doubles\n|player|p1|Mateusaberle|1|1122\n|player|p2|Millygan15|volkner|1051\n|gen|9\n|tier|[Gen 9 Champions] VGC 2026 Reg M-A\n|rated|\n|rule|Species Clause: Limit one of each Pok\u00e9mon\n|rule|Item Clause: Limit 1 of each item\n|clearpoke\n|poke|p1|Meganium, L50, M|\n|poke|p1|Aerodactyl, L50, M|\n|poke|p1|Kangaskhan, L50, F|\n|poke|p1|Archaludon, L50, M|\n|poke|p1|Typhlosion-Hisui, L50, F|\n|poke|p1|Tauros-Paldea-Aqua, L50, M|\n|poke|p2|Zoroark-Hisui, L50, M|\n|poke|p2|Ditto, L50|\n|poke|p2|Incineroar, L50, M|\n|poke|p2|Dragonite, L50, F|\n|poke|p2|Rotom-Wash, L50|\n|poke|p2|Sneasler, L50, F|\n|teampreview|4\n|\n|t:|1776465488\n|teamsize|p1|4\n|teamsize|p2|4\n|start\n|switch|p1a: Aerodactyl|Aerodactyl, L50, M|100/100\n|switch|p1b: Typhlosion|Typhlosion-Hisui, L50, F|100/100\n|switch|p2a: Sneasler|Sneasler, L50, F|100/100\n|switch|p2b: Ditto|Ditto, L50|100/100\n|-ability|p1a: Aerodactyl|Unnerve\n|-item|p2a: Sneasler|Bright Powder|[from] ability: Frisk|[of] p1b: Typhlosion\n|-item|p2b: Ditto|Focus Sash|[from] ability: Frisk|[of] p1b: Typhlosion\n|-transform|p2b: Ditto|p1a: Aerodactyl|[from] ability: Imposter\n|-ability|p2b: Ditto|Unnerve\n|turn|1\n|inactive|Battle timer is ON: inactive players will automatically lose when time's up. (requested by Millygan15)\n|\n|t:|1776465510\n|move|p1b: Typhlosion|Eruption|p2b: Ditto|[spread] p2a,p2b\n|-resisted|p2b: Ditto|1\n|-damage|p2a: Sneasler|5/100\n|-damage|p2b: Ditto|62/100\n|replace|p2a: Zoroark|Zoroark-Hisui, L50, M\n|-end|p2a: Zoroark|Illusion\n|move|p1a: Aerodactyl|Tailwind|p1a: Aerodactyl\n|-sidestart|p1: Mateusaberle|move: Tailwind\n|move|p2b: Ditto|Tailwind|p2b: Ditto\n|-sidestart|p2: Millygan15|move: Tailwind\n|move|p2a: Zoroark|Icy Wind|p1b: Typhlosion|[spread] p1a\n|-miss|p2a: Zoroark|p1b: Typhlosion\n|-supereffective|p1a: Aerodactyl|1\n|-damage|p1a: Aerodactyl|64/100\n|-unboost|p1a: Aerodactyl|spe|1\n|\n|upkeep\n|turn|2\n|inactive|Mateusaberle has 30 seconds left.\n|inactive|Millygan15 has 30 seconds left.\n|\n|t:|1776465537\n|move|p1b: Typhlosion|Eruption|p2b: Ditto|[spread] p2a,p2b\n|-resisted|p2b: Ditto|1\n|-damage|p2a: Zoroark|0 fnt\n|-damage|p2b: Ditto|22/100\n|faint|p2a: Zoroark\n|move|p2b: Ditto|Rock Slide|p1a: Aerodactyl|[spread] p1a,p1b\n|-supereffective|p1a: Aerodactyl|1\n|-supereffective|p1b: Typhlosion|1\n|-damage|p1a: Aerodactyl|0 fnt\n|-damage|p1b: Typhlosion|31/100\n|faint|p1a: Aerodactyl\n|\n|upkeep\n|\n|t:|1776465553\n|switch|p1a: Archaludon|Archaludon, L50, M, shiny|100/100\n|switch|p2a: Sneasler|Sneasler, L50, F|100/100\n|turn|3\n|inactive|Millygan15 has 30 seconds left.\n|\n|t:|1776465580\n|switch|p1b: Meganium|Meganium, L50, M|100/100\n|move|p2a: Sneasler|Fake Out|p1a: Archaludon\n|-resisted|p1a: Archaludon|1\n|-damage|p1a: Archaludon|94/100\n|-ability|p1a: Archaludon|Stamina|boost\n|-boost|p1a: Archaludon|def|1\n|move|p2b: Ditto|Rock Slide|p1a: Archaludon|[spread] p1a,p1b\n|-resisted|p1a: Archaludon|1\n|-damage|p1a: Archaludon|86/100\n|-damage|p1b: Meganium|75/100\n|-ability|p1a: Archaludon|Stamina|boost\n|-boost|p1a: Archaludon|def|1\n|cant|p1a: Archaludon|flinch\n|\n|-heal|p1a: Archaludon|92/100|[from] item: Leftovers\n|upkeep\n|turn|4\n|\n|t:|1776465605\n|detailschange|p1b: Meganium|Meganium-Mega, L50, M\n|-mega|p1b: Meganium|Meganium|Meganiumite\n|move|p2b: Ditto|Protect|p2b: Ditto\n|-singleturn|p2b: Ditto|Protect\n|move|p1b: Meganium|Protect|p1b: Meganium\n|-singleturn|p1b: Meganium|Protect\n|move|p2a: Sneasler|Dire Claw|p1b: Meganium\n|-activate|p1b: Meganium|move: Protect\n|move|p1a: Archaludon|Flash Cannon|p2b: Ditto\n|-activate|p2b: Ditto|move: Protect\n|\n|-heal|p1a: Archaludon|98/100|[from] item: Leftovers\n|-sideend|p1: Mateusaberle|move: Tailwind\n|-sideend|p2: Millygan15|move: Tailwind\n|upkeep\n|turn|5\n|\n|t:|1776465626\n|switch|p1b: Typhlosion|Typhlosion-Hisui, L50, F|31/100\n|-item|p2a: Sneasler|King's Rock|[from] ability: Frisk|[of] p1b: Typhlosion\n|-item|p2b: Ditto|Focus Sash|[from] ability: Frisk|[of] p1b: Typhlosion\n|move|p2b: Ditto|Tailwind|p2b: Ditto\n|-sidestart|p2: Millygan15|move: Tailwind\n|move|p2a: Sneasler|Dire Claw|p1b: Typhlosion\n|-resisted|p1b: Typhlosion|1\n|-damage|p1b: Typhlosion|3/100\n|move|p1a: Archaludon|Flash Cannon|p2b: Ditto\n|-supereffective|p2b: Ditto|1\n|-damage|p2b: Ditto|0 fnt\n|faint|p2b: Ditto\n|\n|-heal|p1a: Archaludon|100/100|[from] item: Leftovers\n|upkeep\n|\n|t:|1776465644\n|switch|p2b: Dragonite|Dragonite, L50, F|100/100\n|turn|6\n|\n|t:|1776465658\n|detailschange|p2b: Dragonite|Dragonite-Mega, L50, F\n|-mega|p2b: Dragonite|Dragonite|Dragoninite\n|move|p2a: Sneasler|Dire Claw|p1b: Typhlosion\n|-resisted|p1b: Typhlosion|1\n|-damage|p1b: Typhlosion|0 fnt\n|faint|p1b: Typhlosion\n|move|p2b: Dragonite|Draco Meteor|p1a: Archaludon\n|-damage|p1a: Archaludon|0 fnt\n|-unboost|p2b: Dragonite|spa|2\n|faint|p1a: Archaludon\n|\n|upkeep\n|\n|t:|1776465668\n|switch|p1b: Meganium|Meganium-Mega, L50, M|75/100\n|turn|7\n|\n|t:|1776465675\n|move|p2a: Sneasler|Dire Claw|p1b: Meganium\n|-supereffective|p1b: Meganium|2\n|-damage|p1b: Meganium|0 fnt\n|faint|p1b: Meganium\n|\n|win|Millygan15\n|raw|Mateusaberle's rating: 1122 &rarr; <strong>1092</strong><br />(-30 for losing)\n|raw|Millygan15's rating: 1051 &rarr; <strong>1090</strong><br />(+39 for winning)\n|l|\u2606Mateusaberle\n|player|p1|\n",
  "uploadtime": 1776465689,
  "views": 23,
  "formatid": "gen9championsvgc2026regma",
  "rating": 1090,
  "private": 0,
  "password": null
}