{
  "id": "gen9championsvgc2026regma-2588580501",
  "format": "[Gen 9 Champions] VGC 2026 Reg M-A",
  "players": [
    "blazegeo",
    "vkfldsvklndvlns"
  ],
  "log": "|j|\u2606blazegeo\n|j|\u2606vkfldsvklndvlns\n|t:|1776646998\n|gametype|doubles\n|player|p1|blazegeo|170|1041\n|player|p2|vkfldsvklndvlns|gentleman-gen4|1012\n|gen|9\n|tier|[Gen 9 Champions] VGC 2026 Reg M-A\n|rated|\n|rule|Species Clause: Limit one of each Pok\u00e9mon\n|rule|Item Clause: Limit 1 of each item\n|clearpoke\n|poke|p1|Aegislash, L50, M|\n|poke|p1|Klefki, L50, M|\n|poke|p1|Whimsicott, L50, F|\n|poke|p1|Tyranitar, L50, M|\n|poke|p1|Zoroark-Hisui, L50, F|\n|poke|p1|Drampa, L50, M|\n|poke|p2|Milotic, L50, M|\n|poke|p2|Gardevoir, L50, F|\n|poke|p2|Tsareena, L50, F|\n|poke|p2|Kingambit, L50, F|\n|poke|p2|Glalie, L50, F, shiny|\n|poke|p2|Whimsicott, L50, M|\n|teampreview|4\n|inactive|Battle timer is ON: inactive players will automatically lose when time's up. (requested by blazegeo)\n|inactive|vkfldsvklndvlns has 60 seconds left.\n|inactive|blazegeo has 60 seconds left.\n|inactive|vkfldsvklndvlns has 30 seconds left.\n|inactive|vkfldsvklndvlns has 20 seconds left.\n|inactive|vkfldsvklndvlns has 15 seconds left.\n|inactive|vkfldsvklndvlns has 10 seconds left.\n|\n|t:|1776647079\n|teamsize|p1|4\n|teamsize|p2|4\n|start\n|switch|p1a: Drampa|Drampa, L50, M|100/100\n|switch|p1b: Whimsicott|Whimsicott, L50, F|100/100\n|switch|p2a: Glalie|Glalie, L50, F, shiny|100/100\n|switch|p2b: Whimsicott|Whimsicott, L50, M|100/100\n|turn|1\n|inactive|blazegeo has 30 seconds left.\n|inactive|blazegeo has 20 seconds left.\n|\n|t:|1776647116\n|detailschange|p2a: Glalie|Glalie-Mega, L50, F, shiny\n|-mega|p2a: Glalie|Glalie|Glalitite\n|move|p2b: Whimsicott|Tailwind|p2b: Whimsicott\n|-sidestart|p2: vkfldsvklndvlns|move: Tailwind\n|move|p1b: Whimsicott|Taunt|p2b: Whimsicott\n|-start|p2b: Whimsicott|move: Taunt\n|move|p2a: Glalie|Body Slam|p1a: Drampa\n|-damage|p1a: Drampa|1/100\n|replace|p1a: Zoroark|Zoroark-Hisui, L50, F\n|-end|p1a: Zoroark|Illusion\n|move|p1a: Zoroark|Psychic|p2b: Whimsicott\n|-damage|p2b: Whimsicott|47/100\n|\n|upkeep\n|turn|2\n|inactive|vkfldsvklndvlns has 30 seconds left.\n|\n|t:|1776647142\n|move|p2a: Glalie|Protect|p2a: Glalie\n|-singleturn|p2a: Glalie|Protect\n|move|p1a: Zoroark|Protect|p1a: Zoroark\n|-singleturn|p1a: Zoroark|Protect\n|move|p2b: Whimsicott|Moonblast|p1a: Zoroark\n|-activate|p1a: Zoroark|move: Protect\n|move|p1b: Whimsicott|Trick Room|p1b: Whimsicott\n|-fieldstart|move: Trick Room|[of] p1b: Whimsicott\n|\n|upkeep\n|turn|3\n|\n|t:|1776647160\n|switch|p2a: Kingambit|Kingambit, L50, F|100/100\n|move|p1b: Whimsicott|Moonblast|p2a: Kingambit\n|-damage|p2a: Kingambit|64/100\n|move|p1a: Zoroark|Bitter Malice|p2a: Kingambit\n|-resisted|p2a: Kingambit|1\n|-damage|p2a: Kingambit|44/100\n|-unboost|p2a: Kingambit|atk|1\n|-ability|p2a: Kingambit|Defiant|boost\n|-boost|p2a: Kingambit|atk|2\n|move|p2b: Whimsicott|Moonblast|p1a: Zoroark\n|-damage|p1a: Zoroark|0 fnt\n|faint|p1a: Zoroark\n|\n|upkeep\n|\n|t:|1776647179\n|switch|p1a: Drampa|Drampa, L50, M|100/100\n|turn|4\n|\n|t:|1776647191\n|detailschange|p1a: Drampa|Drampa-Mega, L50, M\n|-mega|p1a: Drampa|Drampa|Drampanite\n|move|p2a: Kingambit|Protect|p2a: Kingambit\n|-singleturn|p2a: Kingambit|Protect\n|move|p1a: Drampa|Hyper Voice|p2b: Whimsicott|[spread] p2b\n|-activate|p2a: Kingambit|move: Protect\n|-damage|p2b: Whimsicott|0 fnt\n|faint|p2b: Whimsicott\n|move|p1b: Whimsicott|Moonblast|p2a: Kingambit\n|-activate|p2a: Kingambit|move: Protect\n|\n|-sideend|p2: vkfldsvklndvlns|move: Tailwind\n|upkeep\n|\n|t:|1776647205\n|switch|p2b: Tsareena|Tsareena, L50, F|100/100\n|turn|5\n|\n|t:|1776647224\n|move|p1b: Whimsicott|Protect|p1b: Whimsicott\n|-singleturn|p1b: Whimsicott|Protect\n|move|p2a: Kingambit|Sucker Punch|p1a: Drampa\n|-damage|p1a: Drampa|37/100\n|-ability|p1a: Drampa|Berserk|boost\n|-boost|p1a: Drampa|spa|1\n|move|p1a: Drampa|Dragon Pulse|p2a: Kingambit\n|-resisted|p2a: Kingambit|1\n|-damage|p2a: Kingambit|4/100\n|move|p2b: Tsareena|High Jump Kick|p1a: Drampa\n|-supereffective|p1a: Drampa|1\n|-damage|p1a: Drampa|0 fnt\n|faint|p1a: Drampa\n|\n|upkeep\n|\n|t:|1776647236\n|switch|p1a: Tyranitar|Tyranitar, L50, M|100/100\n|-weather|Sandstorm|[from] ability: Sand Stream|[of] p1a: Tyranitar\n|turn|6\n|inactive|vkfldsvklndvlns has 30 seconds left.\n|\n|t:|1776647270\n|move|p2a: Kingambit|Protect|p2a: Kingambit\n|-singleturn|p2a: Kingambit|Protect\n|move|p1a: Tyranitar|Superpower|p2b: Tsareena\n|-damage|p2b: Tsareena|55/100\n|-unboost|p1a: Tyranitar|atk|1\n|-unboost|p1a: Tyranitar|def|1\n|-enditem|p1a: Tyranitar|White Herb\n|-clearnegativeboost|p1a: Tyranitar|[silent]\n|move|p2b: Tsareena|High Jump Kick|p1a: Tyranitar\n|-supereffective|p1a: Tyranitar|2\n|-damage|p1a: Tyranitar|0 fnt\n|faint|p1a: Tyranitar\n|move|p1b: Whimsicott|Moonblast|p2b: Tsareena\n|-damage|p2b: Tsareena|17/100\n|\n|-weather|Sandstorm|[upkeep]\n|-damage|p2b: Tsareena|11/100|[from] Sandstorm\n|-damage|p1b: Whimsicott|94/100|[from] Sandstorm\n|-fieldend|move: Trick Room\n|upkeep\n|turn|7\n|\n|t:|1776647292\n|move|p2a: Kingambit|Sucker Punch|p1b: Whimsicott\n|-resisted|p1b: Whimsicott|1\n|-damage|p1b: Whimsicott|44/100\n|move|p1b: Whimsicott|Moonblast|p2a: Kingambit\n|-damage|p2a: Kingambit|0 fnt\n|faint|p2a: Kingambit\n|move|p2b: Tsareena|Knock Off|p1b: Whimsicott\n|-resisted|p1b: Whimsicott|1\n|-damage|p1b: Whimsicott|23/100\n|-enditem|p1b: Whimsicott|Mental Herb|[from] move: Knock Off|[of] p2b: Tsareena\n|\n|-weather|Sandstorm|[upkeep]\n|-damage|p1b: Whimsicott|17/100|[from] Sandstorm\n|-damage|p2b: Tsareena|5/100|[from] Sandstorm\n|upkeep\n|\n|t:|1776647297\n|switch|p2a: Glalie|Glalie-Mega, L50, F, shiny|100/100\n|turn|8\n|\n|t:|1776647309\n|move|p1b: Whimsicott|Protect|p1b: Whimsicott\n|-singleturn|p1b: Whimsicott|Protect\n|move|p2a: Glalie|Body Slam|p1b: Whimsicott\n|-activate|p1b: Whimsicott|move: Protect\n|move|p2b: Tsareena|Power Whip|p1b: Whimsicott\n|-activate|p1b: Whimsicott|move: Protect\n|\n|-weather|Sandstorm|[upkeep]\n|-damage|p2a: Glalie|95/100|[from] Sandstorm\n|-damage|p1b: Whimsicott|11/100|[from] Sandstorm\n|-damage|p2b: Tsareena|0 fnt|[from] Sandstorm\n|faint|p2b: Tsareena\n|upkeep\n|turn|9\n|\n|t:|1776647321\n|move|p2a: Glalie|Body Slam|p1b: Whimsicott\n|-supereffective|p1b: Whimsicott|1\n|-damage|p1b: Whimsicott|0 fnt\n|faint|p1b: Whimsicott\n|\n|win|vkfldsvklndvlns\n|raw|blazegeo's rating: 1041 &rarr; <strong>1024</strong><br />(-17 for losing)\n|raw|vkfldsvklndvlns's rating: 1012 &rarr; <strong>1053</strong><br />(+41 for winning)\n|c|\u2606blazegeo|gg\n|l|\u2606vkfldsvklndvlns\n|player|p2|\n",
  "uploadtime": 1776647331,
  "views": 8,
  "formatid": "gen9championsvgc2026regma",
  "rating": 1024,
  "private": 0,
  "password": null
}