{
  "id": "gen9championsvgc2026regma-2584741677",
  "format": "[Gen 9 Champions] VGC 2026 Reg M-A",
  "players": [
    "alvarriderr",
    "speedwagon03"
  ],
  "log": "|j|\u2606alvarriderr\n|j|\u2606speedwagon03\n|t:|1776280422\n|gametype|doubles\n|player|p1|alvarriderr|hilbert-wonderlauncher|1143\n|player|p2|speedwagon03|hilbert|1125\n|gen|9\n|tier|[Gen 9 Champions] VGC 2026 Reg M-A\n|rated|\n|rule|Species Clause: Limit one of each Pok\u00e9mon\n|rule|Item Clause: Limit 1 of each item\n|clearpoke\n|poke|p1|Hawlucha, L50, F|\n|poke|p1|Excadrill, L50, M|\n|poke|p1|Tyranitar, L50, M|\n|poke|p1|Sinistcha, L50|\n|poke|p1|Rotom-Wash, L50|\n|poke|p1|Volcarona, L50, F|\n|poke|p2|Blastoise, L50, M|\n|poke|p2|Talonflame, L50, M|\n|poke|p2|Mimikyu, L50, F|\n|poke|p2|Garchomp, L50, F|\n|poke|p2|Vanilluxe, L50, M|\n|poke|p2|Sneasler, L50, F|\n|teampreview|4\n|\n|t:|1776280482\n|teamsize|p1|4\n|teamsize|p2|4\n|start\n|switch|p1a: Tyranitar|Tyranitar, L50, M|100/100\n|switch|p1b: Excadrill|Excadrill, L50, M|100/100\n|switch|p2a: Talonflame|Talonflame, L50, M|100/100\n|switch|p2b: Sneasler|Sneasler, L50, F|100/100\n|-weather|Sandstorm|[from] ability: Sand Stream|[of] p1a: Tyranitar\n|turn|1\n|\n|t:|1776280510\n|move|p1a: Tyranitar|Protect|p1a: Tyranitar\n|-singleturn|p1a: Tyranitar|Protect\n|move|p2a: Talonflame|Tailwind|p2a: Talonflame\n|-sidestart|p2: speedwagon03|move: Tailwind\n|move|p2b: Sneasler|Close Combat|p1a: Tyranitar\n|-activate|p1a: Tyranitar|move: Protect\n|move|p1b: Excadrill|Earthquake|p2b: Sneasler|[spread] p2b\n|-activate|p1a: Tyranitar|move: Protect\n|-immune|p2a: Talonflame\n|-supereffective|p2b: Sneasler|1\n|-enditem|p2b: Sneasler|Focus Sash\n|-damage|p2b: Sneasler|1/100\n|\n|-weather|Sandstorm|[upkeep]\n|-damage|p2b: Sneasler|0 fnt|[from] Sandstorm\n|-damage|p2a: Talonflame|94/100|[from] Sandstorm\n|faint|p2b: Sneasler\n|upkeep\n|\n|t:|1776280528\n|switch|p2b: Big Man|Blastoise, L50, M, shiny|100/100\n|turn|2\n|\n|t:|1776280551\n|detailschange|p2b: Big Man|Blastoise-Mega, L50, M, shiny\n|-mega|p2b: Big Man|Blastoise|Blastoisinite\n|move|p1b: Excadrill|Protect|p1b: Excadrill\n|-singleturn|p1b: Excadrill|Protect\n|move|p2a: Talonflame|Will-O-Wisp|p1a: Tyranitar\n|-status|p1a: Tyranitar|brn\n|move|p2b: Big Man|Water Spout|p1a: Tyranitar|[spread] p1a\n|-activate|p1b: Excadrill|move: Protect\n|-supereffective|p1a: Tyranitar|1\n|-damage|p1a: Tyranitar|30/100 brn\n|move|p1a: Tyranitar|Rock Slide|p2b: Big Man|[spread] p2a,p2b\n|-supereffective|p2a: Talonflame|2\n|-damage|p2a: Talonflame|20/100\n|-damage|p2b: Big Man|88/100\n|\n|-weather|Sandstorm|[upkeep]\n|-damage|p2a: Talonflame|14/100|[from] Sandstorm\n|-damage|p2b: Big Man|82/100|[from] Sandstorm\n|-damage|p1a: Tyranitar|24/100 brn|[from] brn\n|upkeep\n|turn|3\n|\n|t:|1776280592\n|switch|p2a: Vanilluxe|Vanilluxe, L50, M|100/100\n|-weather|Snowscape|[from] ability: Snow Warning|[of] p2a: Vanilluxe\n|switch|p1b: Rotom|Rotom-Wash, L50|100/100\n|move|p2b: Big Man|Water Spout|p1a: Tyranitar|[spread] p1a,p1b\n|-supereffective|p1a: Tyranitar|1\n|-resisted|p1b: Rotom|1\n|-damage|p1a: Tyranitar|0 fnt\n|-damage|p1b: Rotom|70/100\n|faint|p1a: Tyranitar\n|\n|-weather|Snowscape|[upkeep]\n|-heal|p1b: Rotom|76/100|[from] item: Leftovers\n|upkeep\n|\n|t:|1776280609\n|switch|p1a: Excadrill|Excadrill, L50, M|100/100\n|turn|4\n|\n|t:|1776280623\n|move|p1a: Excadrill|Protect|p1a: Excadrill\n|-singleturn|p1a: Excadrill|Protect\n|move|p2a: Vanilluxe|Freeze-Dry|p1b: Rotom\n|-supereffective|p1b: Rotom|1\n|-damage|p1b: Rotom|0 fnt\n|faint|p1b: Rotom\n|move|p2b: Big Man|Aura Sphere|p1a: Excadrill\n|-activate|p1a: Excadrill|move: Protect\n|\n|-weather|Snowscape|[upkeep]\n|-sideend|p2: speedwagon03|move: Tailwind\n|upkeep\n|\n|t:|1776280632\n|switch|p1b: Hawlucha|Hawlucha, L50, F|100/100\n|turn|5\n|\n|t:|1776280661\n|detailschange|p1b: Hawlucha|Hawlucha-Mega, L50, F\n|-mega|p1b: Hawlucha|Hawlucha|Hawluchanite\n|move|p2b: Big Man|Protect|p2b: Big Man\n|-singleturn|p2b: Big Man|Protect\n|move|p2a: Vanilluxe|Freeze-Dry|p1b: Hawlucha\n|-supereffective|p1b: Hawlucha|1\n|-damage|p1b: Hawlucha|36/100\n|move|p1b: Hawlucha|Entrainment|p1a: Excadrill\n|-ability|p1a: Excadrill|No Guard|Sand Rush|[from] move: Entrainment|[of] p1b: Hawlucha\n|move|p1a: Excadrill|Fissure|p2b: Big Man\n|-activate|p2b: Big Man|move: Protect\n|\n|-weather|Snowscape|[upkeep]\n|upkeep\n|turn|6\n|\n|t:|1776280695\n|move|p2a: Vanilluxe|Freeze-Dry|p1a: Excadrill\n|-damage|p1a: Excadrill|55/100\n|move|p1b: Hawlucha|Rock Tomb|p2b: Big Man\n|-damage|p2b: Big Man|66/100\n|-unboost|p2b: Big Man|spe|1\n|move|p1a: Excadrill|Iron Head|p2a: Vanilluxe\n|-supereffective|p2a: Vanilluxe|1\n|-damage|p2a: Vanilluxe|26/100\n|move|p2b: Big Man|Aura Sphere|p1a: Excadrill\n|-supereffective|p1a: Excadrill|1\n|-crit|p1a: Excadrill\n|-damage|p1a: Excadrill|0 fnt\n|faint|p1a: Excadrill\n|\n|-weather|Snowscape|[upkeep]\n|upkeep\n|turn|7\n|\n|t:|1776280718\n|move|p2a: Vanilluxe|Freeze-Dry|p1b: Hawlucha\n|-supereffective|p1b: Hawlucha|1\n|-damage|p1b: Hawlucha|0 fnt\n|faint|p1b: Hawlucha\n|\n|win|speedwagon03\n|raw|alvarriderr's rating: 1143 &rarr; <strong>1117</strong><br />(-26 for losing)\n|raw|speedwagon03's rating: 1125 &rarr; <strong>1151</strong><br />(+26 for winning)\n|c|\u2606alvarriderr|gg\n|l|\u2606speedwagon03\n|player|p2|\n",
  "uploadtime": 1776280728,
  "views": 27,
  "formatid": "gen9championsvgc2026regma",
  "rating": 1117,
  "private": 0,
  "password": null
}