{
  "id": "gen9championsvgc2026regma-2580691603",
  "format": "[Gen 9 Champions] VGC 2026 Reg M-A",
  "players": [
    "Prawnbloke",
    "KUTF1"
  ],
  "log": "|j|\u2606Prawnbloke\n|j|\u2606KUTF1\n|t:|1775924653\n|gametype|doubles\n|player|p1|Prawnbloke|266|1025\n|player|p2|KUTF1|pokemonrangerf|1113\n|gen|9\n|tier|[Gen 9 Champions] VGC 2026 Reg M-A\n|rated|\n|rule|Species Clause: Limit one of each Pok\u00e9mon\n|rule|Item Clause: Limit 1 of each item\n|clearpoke\n|poke|p1|Hawlucha, L50, F|\n|poke|p1|Krookodile, L50, M|\n|poke|p1|Whimsicott, L50, M|\n|poke|p1|Pelipper, L50, M|\n|poke|p1|Oranguru, L50, M|\n|poke|p1|Scizor, L50, F|\n|poke|p2|Charizard, L50, M|\n|poke|p2|Venusaur, L50, F|\n|poke|p2|Garchomp, L50, F|\n|poke|p2|Rotom-Heat, L50|\n|poke|p2|Sneasler, L50, M|\n|poke|p2|Incineroar, L50, M|\n|teampreview|4\n|inactive|Battle timer is ON: inactive players will automatically lose when time's up. (requested by KUTF1)\n|\n|t:|1775924677\n|teamsize|p1|4\n|teamsize|p2|4\n|start\n|switch|p1a: Hawlucha|Hawlucha, L50, F|100/100\n|switch|p1b: Whimsicott|Whimsicott, L50, M|100/100\n|switch|p2a: Charizard|Charizard, L50, M|100/100\n|switch|p2b: Sneasler|Sneasler, L50, M|100/100\n|-ability|p1a: Hawlucha|Mold Breaker\n|turn|1\n|\n|t:|1775924688\n|detailschange|p1a: Hawlucha|Hawlucha-Mega, L50, F\n|-mega|p1a: Hawlucha|Hawlucha|Hawluchanite\n|detailschange|p2a: Charizard|Charizard-Mega-Y, L50, M\n|-mega|p2a: Charizard|Charizard|Charizardite Y\n|-weather|SunnyDay|[from] ability: Drought|[of] p2a: Charizard\n|move|p1a: Hawlucha|Protect|p1a: Hawlucha\n|-singleturn|p1a: Hawlucha|Protect\n|move|p2b: Sneasler|Fake Out|p1b: Whimsicott\n|-damage|p1b: Whimsicott|82/100\n|cant|p1b: Whimsicott|flinch\n|move|p2a: Charizard|Heat Wave|p1a: Hawlucha|[spread] \n|-activate|p1a: Hawlucha|move: Protect\n|-miss|p2a: Charizard|p1b: Whimsicott\n|\n|-weather|SunnyDay|[upkeep]\n|upkeep\n|turn|2\n|\n|t:|1775924711\n|move|p1b: Whimsicott|Tailwind|p1b: Whimsicott\n|-sidestart|p1: Prawnbloke|move: Tailwind\n|move|p1a: Hawlucha|Dual Wingbeat|p2b: Sneasler\n|-supereffective|p2b: Sneasler|1\n|-damage|p2b: Sneasler|32/100\n|-supereffective|p2b: Sneasler|1\n|-damage|p2b: Sneasler|0 fnt\n|faint|p2b: Sneasler\n|-hitcount|p2: Sneasler|2\n|move|p2a: Charizard|Heat Wave|p1b: Whimsicott|[spread] p1a,p1b\n|-supereffective|p1b: Whimsicott|1\n|-damage|p1a: Hawlucha|24/100\n|-damage|p1b: Whimsicott|0 fnt\n|faint|p1b: Whimsicott\n|\n|-weather|SunnyDay|[upkeep]\n|upkeep\n|inactive|KUTF1 has 30 seconds left.\n|\n|t:|1775924737\n|switch|p2b: Garchomp|Garchomp, L50, F|100/100\n|switch|p1b: Pelipper|Pelipper, L50, M|100/100\n|-weather|RainDance|[from] ability: Drizzle|[of] p1b: Pelipper\n|turn|3\n|inactive|Prawnbloke has 30 seconds left.\n|\n|t:|1775924768\n|switch|p2a: Venusaur|Venusaur, L50, F|100/100\n|move|p1a: Hawlucha|Protect|p1a: Hawlucha\n|-singleturn|p1a: Hawlucha|Protect\n|move|p2b: Garchomp|Rock Slide|p1a: Hawlucha|[spread] p1b\n|-activate|p1a: Hawlucha|move: Protect\n|-supereffective|p1b: Pelipper|1\n|-damage|p1b: Pelipper|65/100\n|move|p1b: Pelipper|Hydro Pump|p2a: Venusaur\n|-resisted|p2a: Venusaur|1\n|-damage|p2a: Venusaur|67/100\n|\n|-weather|RainDance|[upkeep]\n|upkeep\n|turn|4\n|\n|t:|1775924789\n|switch|p1b: Krookodile|Krookodile, L50, M|100/100\n|-ability|p1b: Krookodile|Intimidate|boost\n|-unboost|p2a: Venusaur|atk|1\n|-unboost|p2b: Garchomp|atk|1\n|move|p2a: Venusaur|Protect|p2a: Venusaur\n|-singleturn|p2a: Venusaur|Protect\n|move|p1a: Hawlucha|Dual Wingbeat|p2a: Venusaur\n|-activate|p2a: Venusaur|move: Protect\n|move|p2b: Garchomp|Rock Slide|p1a: Hawlucha|[spread] p1a\n|-miss|p2b: Garchomp|p1b: Krookodile\n|-damage|p1a: Hawlucha|8/100\n|\n|-weather|RainDance|[upkeep]\n|upkeep\n|turn|5\n|\n|t:|1775924810\n|switch|p2b: Charizard|Charizard-Mega-Y, L50, M|100/100\n|-weather|SunnyDay|[from] ability: Drought|[of] p2b: Charizard\n|move|p1b: Krookodile|Fissure|p2a: Venusaur|[miss]\n|-miss|p1b: Krookodile|p2a: Venusaur\n|move|p1a: Hawlucha|Entrainment|p1b: Krookodile\n|-ability|p1b: Krookodile|No Guard|Intimidate|[from] move: Entrainment|[of] p1a: Hawlucha\n|move|p2a: Venusaur|Sleep Powder|p1b: Krookodile\n|-status|p1b: Krookodile|slp|[from] move: Sleep Powder\n|\n|-weather|SunnyDay|[upkeep]\n|-sideend|p1: Prawnbloke|move: Tailwind\n|upkeep\n|turn|6\n|-message|Prawnbloke forfeited.\n|\n|win|KUTF1\n|raw|Prawnbloke's rating: 1025 &rarr; <strong>1015</strong><br />(-10 for losing)\n|raw|KUTF1's rating: 1113 &rarr; <strong>1132</strong><br />(+19 for winning)\n|l|\u2606Prawnbloke\n|player|p1|\n",
  "uploadtime": 1775924825,
  "views": 14,
  "formatid": "gen9championsvgc2026regma",
  "rating": 1015,
  "private": 0,
  "password": null
}