{
  "id": "gen9championsvgc2026regma-2584140270",
  "format": "[Gen 9 Champions] VGC 2026 Reg M-A",
  "players": [
    "weepy789",
    "NeuroticIslands"
  ],
  "log": "|j|\u2606weepy789\n|j|\u2606NeuroticIslands\n|t:|1776229759\n|gametype|doubles\n|player|p1|weepy789|ninjaboy|1041\n|player|p2|NeuroticIslands|mira|1060\n|gen|9\n|tier|[Gen 9 Champions] VGC 2026 Reg M-A\n|rated|\n|rule|Species Clause: Limit one of each Pok\u00e9mon\n|rule|Item Clause: Limit 1 of each item\n|clearpoke\n|poke|p1|Venusaur, L50, M|\n|poke|p1|Charizard, L50, M|\n|poke|p1|Incineroar, L50, M|\n|poke|p1|Golurk, L50|\n|poke|p1|Milotic, L50, M|\n|poke|p1|Kingambit, L50, F|\n|poke|p2|Milotic, L50, F|\n|poke|p2|Froslass, L50, F|\n|poke|p2|Garchomp, L50, F|\n|poke|p2|Aerodactyl, L50, F|\n|poke|p2|Aegislash, L50, M|\n|poke|p2|Passimian, L50, M|\n|teampreview|4\n|inactive|Battle timer is ON: inactive players will automatically lose when time's up. (requested by NeuroticIslands)\n|\n|t:|1776229804\n|teamsize|p1|4\n|teamsize|p2|4\n|start\n|switch|p1a: Incineroar|Incineroar, L50, M|100/100\n|switch|p1b: Kingambit|Kingambit, L50, F|100/100\n|switch|p2a: Froslass|Froslass, L50, F|100/100\n|switch|p2b: Milotic|Milotic, L50, F|100/100\n|-ability|p1a: Incineroar|Intimidate|boost\n|-unboost|p2a: Froslass|atk|1\n|-unboost|p2b: Milotic|atk|1\n|-ability|p2b: Milotic|Competitive|boost\n|-boost|p2b: Milotic|spa|2\n|turn|1\n|inactive|NeuroticIslands has 30 seconds left.\n|\n|t:|1776229830\n|detailschange|p2a: Froslass|Froslass-Mega, L50, F\n|-mega|p2a: Froslass|Froslass|Froslassite\n|-weather|Snowscape|[from] ability: Snow Warning|[of] p2a: Froslass\n|move|p1a: Incineroar|Fake Out|p2b: Milotic\n|-damage|p2b: Milotic|91/100\n|move|p2a: Froslass|Aurora Veil|p2a: Froslass\n|-sidestart|p2: NeuroticIslands|move: Aurora Veil\n|cant|p2b: Milotic|flinch\n|move|p1b: Kingambit|Kowtow Cleave|p2b: Milotic\n|-damage|p2b: Milotic|56/100\n|\n|-weather|Snowscape|[upkeep]\n|-heal|p2b: Milotic|62/100|[from] item: Leftovers\n|upkeep\n|turn|2\n|inactive|weepy789 has 30 seconds left.\n|\n|t:|1776229857\n|switch|p2a: Garchomp|Garchomp, L50, F|100/100\n|move|p2b: Milotic|Muddy Water|p1b: Kingambit|[spread] p1a,p1b\n|-supereffective|p1a: Incineroar|1\n|-damage|p1a: Incineroar|0 fnt\n|-damage|p1b: Kingambit|51/100\n|faint|p1a: Incineroar\n|move|p1b: Kingambit|Kowtow Cleave|p2a: Garchomp\n|-damage|p2a: Garchomp|61/100\n|\n|-weather|Snowscape|[upkeep]\n|-heal|p2b: Milotic|68/100|[from] item: Leftovers\n|upkeep\n|\n|t:|1776229880\n|switch|p1a: Venusaur|Venusaur, L50, M|100/100\n|turn|3\n|inactive|weepy789 has 30 seconds left.\n|\n|t:|1776229905\n|move|p1a: Venusaur|Protect|p1a: Venusaur\n|-singleturn|p1a: Venusaur|Protect\n|move|p1b: Kingambit|Protect|p1b: Kingambit\n|-singleturn|p1b: Kingambit|Protect\n|move|p2a: Garchomp|Rock Slide|p1a: Venusaur|[spread] \n|-activate|p1a: Venusaur|move: Protect\n|-activate|p1b: Kingambit|move: Protect\n|move|p2b: Milotic|Ice Beam|p1a: Venusaur\n|-activate|p1a: Venusaur|move: Protect\n|\n|-weather|Snowscape|[upkeep]\n|-heal|p2b: Milotic|74/100|[from] item: Leftovers\n|upkeep\n|turn|4\n|inactive|weepy789 has 30 seconds left.\n|inactive|weepy789 has 20 seconds left.\n|\n|t:|1776229942\n|move|p2a: Garchomp|Rock Slide|p1b: Kingambit|[spread] p1b\n|-miss|p2a: Garchomp|p1a: Venusaur\n|-resisted|p1b: Kingambit|1\n|-damage|p1b: Kingambit|44/100\n|move|p1a: Venusaur|Sleep Powder|p2b: Milotic|[miss]\n|-miss|p1a: Venusaur|p2b: Milotic\n|move|p2b: Milotic|Ice Beam|p1a: Venusaur\n|-supereffective|p1a: Venusaur|1\n|-enditem|p1a: Venusaur|Focus Sash\n|-damage|p1a: Venusaur|1/100\n|-status|p1a: Venusaur|frz\n|move|p1b: Kingambit|Kowtow Cleave|p2b: Milotic\n|-damage|p2b: Milotic|37/100\n|\n|-weather|Snowscape|[upkeep]\n|-heal|p2b: Milotic|43/100|[from] item: Leftovers\n|upkeep\n|turn|5\n|inactive|weepy789 has 30 seconds left.\n|inactive|weepy789 has 20 seconds left.\n|\n|t:|1776229981\n|cant|p1a: Venusaur|frz\n|move|p2a: Garchomp|Rock Slide|p1a: Venusaur|[spread] p1a,p1b\n|-resisted|p1b: Kingambit|1\n|-damage|p1a: Venusaur|0 fnt\n|-damage|p1b: Kingambit|38/100\n|faint|p1a: Venusaur\n|move|p2b: Milotic|Recover|p2b: Milotic\n|-heal|p2b: Milotic|93/100\n|cant|p1b: Kingambit|flinch\n|\n|-weather|none\n|-heal|p2b: Milotic|99/100|[from] item: Leftovers\n|-sideend|p2: NeuroticIslands|move: Aurora Veil\n|upkeep\n|\n|t:|1776229993\n|switch|p1a: Charizard|Charizard, L50, M|100/100\n|turn|6\n|inactive|weepy789 has 30 seconds left.\n|\n|t:|1776230026\n|detailschange|p1a: Charizard|Charizard-Mega-Y, L50, M\n|-mega|p1a: Charizard|Charizard|Charizardite Y\n|-weather|SunnyDay|[from] ability: Drought|[of] p1a: Charizard\n|move|p2a: Garchomp|Rock Slide|p1a: Charizard|[spread] p1a,p1b\n|-supereffective|p1a: Charizard|2\n|-resisted|p1b: Kingambit|1\n|-damage|p1a: Charizard|0 fnt\n|-damage|p1b: Kingambit|31/100\n|faint|p1a: Charizard\n|move|p2b: Milotic|Muddy Water|p1b: Kingambit\n|-damage|p1b: Kingambit|0 fnt\n|faint|p1b: Kingambit\n|\n|win|NeuroticIslands\n|raw|weepy789's rating: 1041 &rarr; <strong>1026</strong><br />(-15 for losing)\n|raw|NeuroticIslands's rating: 1060 &rarr; <strong>1089</strong><br />(+29 for winning)\n|c|\u2606NeuroticIslands|Gg\n|c|\u2606weepy789|gg\n",
  "uploadtime": 1776230046,
  "views": 44,
  "formatid": "gen9championsvgc2026regma",
  "rating": 1026,
  "private": 0,
  "password": null
}