{
  "id": "gen9championsvgc2026regma-2585178941",
  "format": "[Gen 9 Champions] VGC 2026 Reg M-A",
  "players": [
    "ThomasisCringe",
    "FunkyKong67"
  ],
  "log": "|j|\u2606ThomasisCringe\n|j|\u2606FunkyKong67\n|t:|1776321612\n|gametype|doubles\n|player|p1|ThomasisCringe|266|1330\n|player|p2|FunkyKong67|169|1314\n|gen|9\n|tier|[Gen 9 Champions] VGC 2026 Reg M-A\n|rated|\n|rule|Species Clause: Limit one of each Pok\u00e9mon\n|rule|Item Clause: Limit 1 of each item\n|clearpoke\n|poke|p1|Froslass, L50, F|\n|poke|p1|Aerodactyl, L50, M|\n|poke|p1|Sneasler, L50, F|\n|poke|p1|Kingambit, L50, M|\n|poke|p1|Garchomp, L50, F|\n|poke|p1|Kangaskhan, L50, F|\n|poke|p2|Pelipper, L50, F|\n|poke|p2|Archaludon, L50, M|\n|poke|p2|Basculegion, L50, M|\n|poke|p2|Sinistcha, L50|\n|poke|p2|Gengar, L50, M|\n|poke|p2|Incineroar, L50, M|\n|teampreview|4\n|inactive|Battle timer is ON: inactive players will automatically lose when time's up. (requested by FunkyKong67)\n|inactive|ThomasisCringe has 60 seconds left.\n|\n|t:|1776321661\n|teamsize|p1|4\n|teamsize|p2|4\n|start\n|switch|p1a: Kingambit|Kingambit, L50, M|100/100\n|switch|p1b: Kangaskhan|Kangaskhan, L50, F|100/100\n|switch|p2a: Gengar|Gengar, L50, M|100/100\n|switch|p2b: Incineroar|Incineroar, L50, M|100/100\n|-ability|p2b: Incineroar|Intimidate|boost\n|-unboost|p1a: Kingambit|atk|1\n|-ability|p1a: Kingambit|Defiant|boost\n|-boost|p1a: Kingambit|atk|2\n|-fail|p1b: Kangaskhan|unboost|Attack|[from] ability: Inner Focus|[of] p1b: Kangaskhan\n|turn|1\n|\n|t:|1776321683\n|detailschange|p2a: Gengar|Gengar-Mega, L50, M\n|-mega|p2a: Gengar|Gengar|Gengarite\n|detailschange|p1b: Kangaskhan|Kangaskhan-Mega, L50, F\n|-mega|p1b: Kangaskhan|Kangaskhan|Kangaskhanite\n|move|p2a: Gengar|Protect|p2a: Gengar\n|-singleturn|p2a: Gengar|Protect\n|move|p1b: Kangaskhan|Fake Out|p2b: Incineroar\n|-damage|p2b: Incineroar|79/100\n|-damage|p2b: Incineroar|74/100\n|-hitcount|p2b: Incineroar|2\n|cant|p2b: Incineroar|flinch\n|move|p1a: Kingambit|Kowtow Cleave|p2a: Gengar\n|-activate|p2a: Gengar|move: Protect\n|\n|upkeep\n|turn|2\n|\n|t:|1776321707\n|switch|p2a: Pelipper|Pelipper, L50, F|100/100\n|-weather|RainDance|[from] ability: Drizzle|[of] p2a: Pelipper\n|move|p1b: Kangaskhan|Low Kick|p2b: Incineroar\n|-supereffective|p2b: Incineroar|1\n|-damage|p2b: Incineroar|17/100\n|-enditem|p2b: Incineroar|Sitrus Berry|[eat]\n|-heal|p2b: Incineroar|42/100|[from] item: Sitrus Berry\n|-supereffective|p2b: Incineroar|1\n|-damage|p2b: Incineroar|27/100\n|-hitcount|p2b: Incineroar|2\n|move|p2b: Incineroar|Will-O-Wisp|p1a: Kingambit\n|-status|p1a: Kingambit|brn\n|move|p1a: Kingambit|Kowtow Cleave|p2a: Pelipper\n|-damage|p2a: Pelipper|46/100\n|\n|-weather|RainDance|[upkeep]\n|-damage|p1a: Kingambit|95/100 brn|[from] brn\n|upkeep\n|turn|3\n|inactive|ThomasisCringe has 30 seconds left.\n|inactive|FunkyKong67 has 30 seconds left.\n|inactive|ThomasisCringe has 20 seconds left.\n|inactive|ThomasisCringe has 15 seconds left.\n|inactive|ThomasisCringe has 10 seconds left.\n|\n|t:|1776321753\n|switch|p2b: Gengar|Gengar-Mega, L50, M|100/100\n|move|p2a: Pelipper|Weather Ball|p1a: Kingambit\n|-damage|p1a: Kingambit|34/100 brn\n|move|p1b: Kangaskhan|Low Kick|p2b: Gengar\n|-immune|p2b: Gengar\n|move|p1a: Kingambit|Kowtow Cleave|p2a: Pelipper\n|-crit|p2a: Pelipper\n|-damage|p2a: Pelipper|0 fnt\n|faint|p2a: Pelipper\n|\n|-weather|RainDance|[upkeep]\n|-damage|p1a: Kingambit|28/100 brn|[from] brn\n|upkeep\n|\n|t:|1776321772\n|switch|p2a: Basculegion|Basculegion, L50, M|100/100\n|turn|4\n|\n|t:|1776321797\n|switch|p2b: Incineroar|Incineroar, L50, M|27/100\n|-ability|p2b: Incineroar|Intimidate|boost\n|-unboost|p1a: Kingambit|atk|1\n|-ability|p1a: Kingambit|Defiant|boost\n|-boost|p1a: Kingambit|atk|2\n|-unboost|p1b: Kangaskhan|atk|1\n|move|p2a: Basculegion|Aqua Jet|p1a: Kingambit\n|-damage|p1a: Kingambit|0 fnt\n|faint|p1a: Kingambit\n|move|p1b: Kangaskhan|Sucker Punch||[still]\n|-fail|p1b: Kangaskhan\n|\n|-weather|RainDance|[upkeep]\n|upkeep\n|\n|t:|1776321815\n|switch|p1a: Sneasler|Sneasler, L50, F|100/100\n|turn|5\n|inactive|ThomasisCringe has 30 seconds left.\n|inactive|ThomasisCringe has 20 seconds left.\n|inactive|ThomasisCringe has 15 seconds left.\n|inactive|FunkyKong67 has 30 seconds left.\n|inactive|ThomasisCringe has 10 seconds left.\n|inactive|ThomasisCringe has 5 seconds left.\n|\n|t:|1776321867\n|move|p2b: Incineroar|Fake Out|p1b: Kangaskhan\n|-damage|p1b: Kangaskhan|92/100\n|cant|p1b: Kangaskhan|flinch\n|move|p2a: Basculegion|Wave Crash|p1a: Sneasler\n|-damage|p1a: Sneasler|0 fnt\n|faint|p1a: Sneasler\n|-damage|p2a: Basculegion|71/100|[from] Recoil\n|\n|-weather|RainDance|[upkeep]\n|upkeep\n|\n|t:|1776321874\n|switch|p1a: Garchomp|Garchomp, L50, F|100/100\n|turn|6\n|\n|t:|1776321890\n|move|p1b: Kangaskhan|Sucker Punch|p2a: Basculegion\n|-supereffective|p2a: Basculegion|1\n|-damage|p2a: Basculegion|24/100\n|-supereffective|p2a: Basculegion|1\n|-damage|p2a: Basculegion|13/100\n|-hitcount|p2a: Basculegion|2\n|move|p2a: Basculegion|Wave Crash|p1a: Garchomp\n|-damage|p1a: Garchomp|0 fnt\n|-damage|p2a: Basculegion|0 fnt|[from] ability: Rough Skin|[of] p1a: Garchomp\n|faint|p1a: Garchomp\n|faint|p2a: Basculegion\n|move|p2b: Incineroar|Will-O-Wisp|p1b: Kangaskhan|[miss]\n|-miss|p2b: Incineroar|p1b: Kangaskhan\n|\n|-weather|none\n|upkeep\n|\n|t:|1776321900\n|switch|p2a: Gengar|Gengar-Mega, L50, M|100/100\n|turn|7\n|\n|t:|1776321910\n|move|p2a: Gengar|Sludge Bomb|p1b: Kangaskhan\n|-damage|p1b: Kangaskhan|45/100\n|move|p1b: Kangaskhan|Low Kick|p2b: Incineroar\n|-supereffective|p2b: Incineroar|1\n|-damage|p2b: Incineroar|0 fnt\n|faint|p2b: Incineroar\n|-hitcount|p2: Incineroar|1\n|\n|upkeep\n|turn|8\n|\n|t:|1776321916\n|move|p1b: Kangaskhan|Sucker Punch|p2a: Gengar\n|-supereffective|p2a: Gengar|1\n|-damage|p2a: Gengar|46/100\n|-supereffective|p2a: Gengar|1\n|-damage|p2a: Gengar|32/100\n|-hitcount|p2a: Gengar|2\n|move|p2a: Gengar|Sludge Bomb|p1b: Kangaskhan\n|-damage|p1b: Kangaskhan|0 fnt\n|faint|p1b: Kangaskhan\n|\n|win|FunkyKong67\n|raw|ThomasisCringe's rating: 1330 &rarr; <strong>1309</strong><br />(-21 for losing)\n|raw|FunkyKong67's rating: 1314 &rarr; <strong>1335</strong><br />(+21 for winning)\n",
  "uploadtime": 1776321926,
  "views": 27,
  "formatid": "gen9championsvgc2026regma",
  "rating": 1309,
  "private": 0,
  "password": null
}