{
  "id": "gen9championsvgc2026regma-2584980581",
  "format": "[Gen 9 Champions] VGC 2026 Reg M-A",
  "players": [
    "reisquaza1",
    "Grade a type b"
  ],
  "log": "|j|\u2606reisquaza1\n|j|\u2606Grade a type b\n|t:|1776300256\n|gametype|doubles\n|player|p1|reisquaza1|flannery|1377\n|player|p2|Grade a type b|102|1451\n|gen|9\n|tier|[Gen 9 Champions] VGC 2026 Reg M-A\n|rated|\n|rule|Species Clause: Limit one of each Pok\u00e9mon\n|rule|Item Clause: Limit 1 of each item\n|clearpoke\n|poke|p1|Floette-Eternal, L50, F|\n|poke|p1|Kingambit, L50, M|\n|poke|p1|Delphox, L50, F|\n|poke|p1|Incineroar, L50, M|\n|poke|p1|Sneasler, L50, F|\n|poke|p1|Garchomp, L50, F|\n|poke|p2|Charizard, L50, F|\n|poke|p2|Rotom-Wash, L50|\n|poke|p2|Kingambit, L50, F|\n|poke|p2|Whimsicott, L50, M|\n|poke|p2|Garchomp, L50, F|\n|poke|p2|Sneasler, L50, M|\n|teampreview|4\n|inactive|Battle timer is ON: inactive players will automatically lose when time's up. (requested by Grade a type b)\n|l|\u2606Grade a type b\n|inactive|Grade a type b disconnected and has a minute to reconnect!\n|player|p2|\n|inactive|reisquaza1 has 60 seconds left.\n|j|\u2606Grade a type b\n|inactive|Grade a type b reconnected and has 50 seconds left.\n|player|p2|Grade a type b|102|\n|n|\u2606Grade a type b|gradeatypeb\n|inactive|reisquaza1 has 30 seconds left.\n|inactive|Grade a type b has 30 seconds left.\n|inactive|reisquaza1 has 20 seconds left.\n|inactive|Grade a type b has 20 seconds left.\n|inactive|reisquaza1 has 15 seconds left.\n|inactive|Grade a type b has 15 seconds left.\n|\n|t:|1776300335\n|teamsize|p1|4\n|teamsize|p2|4\n|start\n|switch|p1a: Delphox|Delphox, L50, F|100/100\n|switch|p1b: Sneasler|Sneasler, L50, F|100/100\n|switch|p2a: Whimsicott|Whimsicott, L50, M|100/100\n|switch|p2b: Garchomp|Garchomp, L50, F|100/100\n|turn|1\n|\n|t:|1776300358\n|detailschange|p1a: Delphox|Delphox-Mega, L50, F\n|-mega|p1a: Delphox|Delphox|Delphoxite\n|move|p1b: Sneasler|Fake Out|p2b: Garchomp\n|-damage|p2b: Garchomp|86/100\n|move|p2a: Whimsicott|Tailwind|p2a: Whimsicott\n|-sidestart|p2: Grade a type b|move: Tailwind\n|cant|p2b: Garchomp|flinch\n|move|p1a: Delphox|Heat Wave|p2a: Whimsicott|[spread] p2a,p2b\n|-supereffective|p2a: Whimsicott|1\n|-resisted|p2b: Garchomp|1\n|-enditem|p2a: Whimsicott|Focus Sash\n|-damage|p2a: Whimsicott|1/100\n|-damage|p2b: Garchomp|65/100\n|\n|upkeep\n|turn|2\n|\n|t:|1776300378\n|move|p1a: Delphox|Protect|p1a: Delphox\n|-singleturn|p1a: Delphox|Protect\n|move|p1b: Sneasler|Protect|p1b: Sneasler\n|-singleturn|p1b: Sneasler|Protect\n|move|p2a: Whimsicott|Encore|p1b: Sneasler\n|-activate|p1b: Sneasler|move: Protect\n|move|p2b: Garchomp|Dragon Claw|p1a: Delphox\n|-activate|p1a: Delphox|move: Protect\n|\n|upkeep\n|turn|3\n|\n|t:|1776300400\n|move|p2a: Whimsicott|Encore|p1b: Sneasler\n|-start|p1b: Sneasler|Encore\n|move|p1b: Sneasler|Protect||[still]\n|-fail|p1b: Sneasler\n|move|p2b: Garchomp|Rock Slide|p1a: Delphox|[spread] p1a,p1b\n|-supereffective|p1a: Delphox|1\n|-resisted|p1b: Sneasler|1\n|-damage|p1a: Delphox|55/100\n|-damage|p1b: Sneasler|84/100\n|move|p1a: Delphox|Heat Wave|p2a: Whimsicott|[spread] p2a,p2b\n|-supereffective|p2a: Whimsicott|1\n|-resisted|p2b: Garchomp|1\n|-damage|p2a: Whimsicott|0 fnt\n|-damage|p2b: Garchomp|46/100\n|faint|p2a: Whimsicott\n|\n|upkeep\n|\n|t:|1776300411\n|switch|p2a: Charizard|Charizard, L50, F|100/100\n|turn|4\n|\n|t:|1776300421\n|detailschange|p2a: Charizard|Charizard-Mega-Y, L50, F\n|-mega|p2a: Charizard|Charizard|Charizardite Y\n|-weather|SunnyDay|[from] ability: Drought|[of] p2a: Charizard\n|move|p1a: Delphox|Protect|p1a: Delphox\n|-singleturn|p1a: Delphox|Protect\n|move|p1b: Sneasler|Protect|p1b: Sneasler\n|-singleturn|p1b: Sneasler|Protect\n|move|p2b: Garchomp|Earthquake|p1a: Delphox|[spread] \n|-activate|p1a: Delphox|move: Protect\n|-activate|p1b: Sneasler|move: Protect\n|-immune|p2a: Charizard\n|move|p2a: Charizard|Ancient Power|p1a: Delphox\n|-activate|p1a: Delphox|move: Protect\n|\n|-weather|SunnyDay|[upkeep]\n|-sideend|p2: Grade a type b|move: Tailwind\n|upkeep\n|turn|5\n|inactive|reisquaza1 has 30 seconds left.\n|inactive|reisquaza1 has 20 seconds left.\n|inactive|reisquaza1 has 15 seconds left.\n|inactive|reisquaza1 has 10 seconds left.\n|inactive|reisquaza1 has 5 seconds left.\n|\n|t:|1776300471\n|switch|p1b: Incineroar|Incineroar, L50, M|100/100\n|-ability|p1b: Incineroar|Intimidate|boost\n|-unboost|p2a: Charizard|atk|1\n|-unboost|p2b: Garchomp|atk|1\n|move|p1a: Delphox|Psychic|p2b: Garchomp\n|-damage|p2b: Garchomp|0 fnt\n|faint|p2b: Garchomp\n|move|p2a: Charizard|Heat Wave|p1b: Incineroar|[spread] p1b\n|-miss|p2a: Charizard|p1a: Delphox\n|-resisted|p1b: Incineroar|1\n|-damage|p1b: Incineroar|67/100\n|\n|-weather|SunnyDay|[upkeep]\n|-heal|p1b: Incineroar|73/100|[from] item: Leftovers\n|upkeep\n|l|\u2606Grade a type b\n|inactive|Grade a type b disconnected and has a minute to reconnect!\n|player|p2|\n|inactive|Grade a type b has 30 seconds left.\n|inactive|Grade a type b has 20 seconds left.\n|inactive|Grade a type b has 15 seconds left.\n|inactive|Grade a type b has 10 seconds left.\n|inactive|Grade a type b has 5 seconds left.\n|-message|Grade a type b lost due to inactivity.\n|\n|win|reisquaza1\n|raw|reisquaza1's rating: 1377 &rarr; <strong>1401</strong><br />(+24 for winning)\n|raw|Grade a type b's rating: 1451 &rarr; <strong>1427</strong><br />(-24 for losing)\n",
  "uploadtime": 1776300541,
  "views": 53,
  "formatid": "gen9championsvgc2026regma",
  "rating": 1401,
  "private": 0,
  "password": null
}