{
  "id": "gen9championsvgc2026regma-2581283284",
  "format": "[Gen 9 Champions] VGC 2026 Reg M-A",
  "players": [
    "JadenJubel",
    "hfzk"
  ],
  "log": "|j|\u2606JadenJubel\n|j|\u2606hfzk\n|t:|1775981053\n|gametype|doubles\n|player|p1|JadenJubel|emmet|1042\n|player|p2|hfzk|colress|1084\n|gen|9\n|tier|[Gen 9 Champions] VGC 2026 Reg M-A\n|rated|\n|rule|Species Clause: Limit one of each Pok\u00e9mon\n|rule|Item Clause: Limit 1 of each item\n|clearpoke\n|poke|p1|Tyranitar, L50, F|\n|poke|p1|Garchomp, L50, M|\n|poke|p1|Armarouge, L50, F|\n|poke|p1|Sinistcha, L50|\n|poke|p1|Rotom-Wash, L50|\n|poke|p1|Incineroar, L50, F|\n|poke|p2|Glimmora, L50, F|\n|poke|p2|Tsareena, L50, F|\n|poke|p2|Incineroar, L50, F|\n|poke|p2|Dragapult, L50, F|\n|poke|p2|Rotom-Wash, L50|\n|poke|p2|Excadrill, L50, M|\n|teampreview|4\n|inactive|Battle timer is ON: inactive players will automatically lose when time's up. (requested by hfzk)\n|\n|t:|1775981075\n|teamsize|p1|4\n|teamsize|p2|4\n|start\n|switch|p1a: Tyranitar|Tyranitar, L50, F|100/100\n|switch|p1b: Garchomp|Garchomp, L50, M|100/100\n|switch|p2a: Rotom|Rotom-Wash, L50|100/100\n|switch|p2b: Incineroar|Incineroar, L50, F|100/100\n|-ability|p2b: Incineroar|Intimidate|boost\n|-unboost|p1a: Tyranitar|atk|1\n|-unboost|p1b: Garchomp|atk|1\n|-weather|Sandstorm|[from] ability: Sand Stream|[of] p1a: Tyranitar\n|turn|1\n|\n|t:|1775981095\n|switch|p1a: Rotom|Rotom-Wash, L50|100/100\n|move|p2b: Incineroar|Fake Out|p1b: Garchomp|[miss]\n|-miss|p2b: Incineroar|p1b: Garchomp\n|move|p2a: Rotom|Volt Switch|p1a: Rotom\n|-damage|p1a: Rotom|55/100\n|\n|t:|1775981103\n|switch|p2a: Dragapult|Dragapult, L50, F|100/100|[from] Volt Switch\n|move|p1b: Garchomp|Earthquake|p2a: Dragapult|[spread] p2a,p2b\n|-immune|p1a: Rotom|[from] ability: Levitate\n|-supereffective|p2b: Incineroar|1\n|-damage|p2a: Dragapult|62/100\n|-damage|p2b: Incineroar|41/100\n|-enditem|p2b: Incineroar|Sitrus Berry|[eat]\n|-heal|p2b: Incineroar|66/100|[from] item: Sitrus Berry\n|\n|-weather|Sandstorm|[upkeep]\n|-damage|p2a: Dragapult|56/100|[from] Sandstorm\n|-damage|p1a: Rotom|49/100|[from] Sandstorm\n|-damage|p2b: Incineroar|60/100|[from] Sandstorm\n|-heal|p1a: Rotom|55/100|[from] item: Leftovers\n|upkeep\n|turn|2\n|inactive|JadenJubel has 30 seconds left.\n|inactive|JadenJubel has 20 seconds left.\n|\n|t:|1775981139\n|switch|p1b: Tyranitar|Tyranitar, L50, F|100/100\n|move|p2a: Dragapult|Draco Meteor|p1b: Tyranitar\n|-damage|p1b: Tyranitar|58/100\n|-unboost|p2a: Dragapult|spa|2\n|move|p1a: Rotom|Hydro Pump|p2b: Incineroar\n|-supereffective|p2b: Incineroar|1\n|-damage|p2b: Incineroar|0 fnt\n|faint|p2b: Incineroar\n|\n|-weather|Sandstorm|[upkeep]\n|-damage|p2a: Dragapult|50/100|[from] Sandstorm\n|-damage|p1a: Rotom|49/100|[from] Sandstorm\n|-heal|p1a: Rotom|55/100|[from] item: Leftovers\n|upkeep\n|\n|t:|1775981143\n|switch|p2b: Excadrill|Excadrill, L50, M|100/100\n|turn|3\n|inactive|JadenJubel has 30 seconds left.\n|\n|t:|1775981173\n|switch|p2a: Rotom|Rotom-Wash, L50|100/100\n|detailschange|p1b: Tyranitar|Tyranitar-Mega, L50, F\n|-mega|p1b: Tyranitar|Tyranitar|Tyranitarite\n|move|p2b: Excadrill|Protect|p2b: Excadrill\n|-singleturn|p2b: Excadrill|Protect\n|move|p1a: Rotom|Hydro Pump|p2b: Excadrill\n|-activate|p2b: Excadrill|move: Protect\n|move|p1b: Tyranitar|Knock Off|p2a: Rotom\n|-damage|p2a: Rotom|15/100\n|-enditem|p2a: Rotom|Choice Scarf|[from] move: Knock Off|[of] p1b: Tyranitar\n|\n|-weather|Sandstorm|[upkeep]\n|-damage|p1a: Rotom|49/100|[from] Sandstorm\n|-damage|p2a: Rotom|9/100|[from] Sandstorm\n|-heal|p1a: Rotom|55/100|[from] item: Leftovers\n|upkeep\n|turn|4\n|inactive|JadenJubel has 30 seconds left.\n|inactive|hfzk has 30 seconds left.\n|inactive|JadenJubel has 20 seconds left.\n|inactive|hfzk has 20 seconds left.\n|inactive|JadenJubel has 15 seconds left.\n|inactive|hfzk has 15 seconds left.\n|inactive|JadenJubel has 10 seconds left.\n|inactive|JadenJubel has 5 seconds left.\n|\n|t:|1775981228\n|detailschange|p2b: Excadrill|Excadrill-Mega, L50, M\n|-mega|p2b: Excadrill|Excadrill|Excadrite\n|move|p2b: Excadrill|High Horsepower|p1b: Tyranitar\n|-supereffective|p1b: Tyranitar|1\n|-damage|p1b: Tyranitar|0 fnt\n|faint|p1b: Tyranitar\n|move|p2a: Rotom|Thunderbolt|p1a: Rotom\n|-crit|p1a: Rotom\n|-damage|p1a: Rotom|0 fnt\n|faint|p1a: Rotom\n|\n|-weather|Sandstorm|[upkeep]\n|-damage|p2a: Rotom|4/100|[from] Sandstorm\n|upkeep\n|\n|t:|1775981240\n|switch|p1a: Sinistcha|Sinistcha, L50, shiny|100/100\n|switch|p1b: Garchomp|Garchomp, L50, M|100/100\n|turn|5\n|\n|t:|1775981256\n|move|p2b: Excadrill|Protect|p2b: Excadrill\n|-singleturn|p2b: Excadrill|Protect\n|move|p1b: Garchomp|Dragon Claw|p2b: Excadrill\n|-activate|p2b: Excadrill|move: Protect\n|move|p2a: Rotom|Hydro Pump|p1b: Garchomp\n|-damage|p1b: Garchomp|42/100\n|move|p1a: Sinistcha|Matcha Gotcha|p2b: Excadrill|[spread] p2a\n|-activate|p2b: Excadrill|move: Protect\n|-supereffective|p2a: Rotom|1\n|-damage|p2a: Rotom|0 fnt\n|faint|p2a: Rotom\n|\n|-weather|none\n|upkeep\n|\n|t:|1775981261\n|switch|p2a: Dragapult|Dragapult, L50, F|50/100\n|turn|6\n|\n|t:|1775981273\n|move|p2a: Dragapult|Draco Meteor|p1b: Garchomp|[miss]\n|-miss|p2a: Dragapult|p1b: Garchomp\n|move|p2b: Excadrill|Iron Head|p1b: Garchomp|[miss]\n|-miss|p2b: Excadrill|p1b: Garchomp\n|move|p1b: Garchomp|Dragon Claw|p2a: Dragapult\n|-supereffective|p2a: Dragapult|1\n|-damage|p2a: Dragapult|0 fnt\n|faint|p2a: Dragapult\n|move|p1a: Sinistcha|Matcha Gotcha|p2b: Excadrill\n|-damage|p2b: Excadrill|60/100\n|\n|upkeep\n|turn|7\n|\n|t:|1775981292\n|move|p2b: Excadrill|Iron Head|p1b: Garchomp\n|-damage|p1b: Garchomp|0 fnt\n|faint|p1b: Garchomp\n|move|p1a: Sinistcha|Matcha Gotcha|p2b: Excadrill\n|-damage|p2b: Excadrill|17/100\n|\n|upkeep\n|turn|8\n|\n|t:|1775981301\n|move|p2b: Excadrill|Iron Head|p1a: Sinistcha\n|-damage|p1a: Sinistcha|56/100\n|move|p1a: Sinistcha|Matcha Gotcha|p2b: Excadrill\n|-damage|p2b: Excadrill|0 fnt\n|-heal|p1a: Sinistcha|65/100|[from] drain|[of] p2b: Excadrill\n|faint|p2b: Excadrill\n|\n|win|JadenJubel\n|raw|JadenJubel's rating: 1042 &rarr; <strong>1080</strong><br />(+38 for winning)\n|raw|hfzk's rating: 1084 &rarr; <strong>1059</strong><br />(-25 for losing)\n|l|\u2606hfzk\n|player|p2|\n",
  "uploadtime": 1775981315,
  "views": 17,
  "formatid": "gen9championsvgc2026regma",
  "rating": 1059,
  "private": 0,
  "password": null
}