{
  "id": "gen9championsvgc2026regma-2585534922",
  "format": "[Gen 9 Champions] VGC 2026 Reg M-A",
  "players": [
    "luiz red",
    "Eldr!tch"
  ],
  "log": "|j|\u2606luiz red\n|j|\u2606Eldr!tch\n|t:|1776353947\n|gametype|doubles\n|player|p1|luiz red|veteran|1079\n|player|p2|Eldr!tch|wallace|1042\n|gen|9\n|tier|[Gen 9 Champions] VGC 2026 Reg M-A\n|rated|\n|rule|Species Clause: Limit one of each Pok\u00e9mon\n|rule|Item Clause: Limit 1 of each item\n|clearpoke\n|poke|p1|Infernape, L50, M|\n|poke|p1|Araquanid, L50, M|\n|poke|p1|Empoleon, L50, F|\n|poke|p1|Hippowdon, L50, M|\n|poke|p1|Garchomp, L50, M|\n|poke|p1|Corviknight, L50, F|\n|poke|p2|Aurorus, L50, M|\n|poke|p2|Slowking, L50, M|\n|poke|p2|Sinistcha, L50|\n|poke|p2|Incineroar, L50, F|\n|poke|p2|Crabominable, L50, M|\n|poke|p2|Garchomp, L50, F|\n|teampreview|4\nluiz red rejected open team sheets.\n|inactive|Battle timer is ON: inactive players will automatically lose when time's up. (requested by Eldr!tch)\n|\n|t:|1776354007\n|teamsize|p1|4\n|teamsize|p2|4\n|start\n|switch|p1a: Infernape|Infernape, L50, M|100/100\n|switch|p1b: Corviknight|Corviknight, L50, F, shiny|100/100\n|switch|p2a: Aurorus|Aurorus, L50, M|100/100\n|switch|p2b: Slowking|Slowking, L50, M|100/100\n|-weather|Snowscape|[from] ability: Snow Warning|[of] p2a: Aurorus\n|turn|1\n|\n|t:|1776354020\n|move|p1a: Infernape|U-turn|p2b: Slowking\n|-supereffective|p2b: Slowking|1\n|-damage|p2b: Slowking|73/100\n|\n|t:|1776354024\n|switch|p1a: Hippowdon|Hippowdon, L50, M|100/100|[from] U-turn\n|-weather|Sandstorm|[from] ability: Sand Stream|[of] p1a: Hippowdon\n|move|p1b: Corviknight|Iron Defense|p1b: Corviknight\n|-boost|p1b: Corviknight|def|2\n|move|p2a: Aurorus|Aurora Veil||[still]\n|-fail|p2a: Aurorus\n|move|p2b: Slowking|Trick Room|p2b: Slowking\n|-fieldstart|move: Trick Room|[of] p2b: Slowking\n|\n|-weather|Sandstorm|[upkeep]\n|-damage|p2b: Slowking|67/100|[from] Sandstorm\n|upkeep\n|turn|2\n|\n|t:|1776354041\n|-prepare|p2b: Slowking|Chilly Reception|[premajor]\n|move|p2b: Slowking|Chilly Reception|p2b: Slowking\n|-weather|Snowscape\n|\n|t:|1776354049\n|switch|p2b: Crabominable|Crabominable, L50, M|100/100|[from] Chilly Reception\n|move|p1a: Hippowdon|Yawn|p2b: Crabominable\n|-start|p2b: Crabominable|move: Yawn|[of] p1a: Hippowdon\n|move|p2a: Aurorus|Aurora Veil|p2a: Aurorus\n|-sidestart|p2: Eldr!tch|move: Aurora Veil\n|move|p1b: Corviknight|Iron Defense|p1b: Corviknight\n|-boost|p1b: Corviknight|def|2\n|\n|-weather|Snowscape|[upkeep]\n|upkeep\n|turn|3\n|\n|t:|1776354074\n|detailschange|p2b: Crabominable|Crabominable-Mega, L50, M\n|-mega|p2b: Crabominable|Crabominable|Crabominite\n|move|p1a: Hippowdon|Protect|p1a: Hippowdon\n|-singleturn|p1a: Hippowdon|Protect\n|move|p2b: Crabominable|Ice Hammer|p1b: Corviknight|[miss]\n|-miss|p2b: Crabominable|p1b: Corviknight\n|move|p2a: Aurorus|Blizzard|p1a: Hippowdon|[spread] p1b\n|-activate|p1a: Hippowdon|move: Protect\n|-damage|p1b: Corviknight|73/100\n|move|p1b: Corviknight|Iron Defense|p1b: Corviknight\n|-boost|p1b: Corviknight|def|2\n|\n|-weather|Snowscape|[upkeep]\n|-heal|p1b: Corviknight|80/100|[from] item: Leftovers\n|-end|p2b: Crabominable|move: Yawn|[silent]\n|-status|p2b: Crabominable|slp\n|upkeep\n|turn|4\n|inactive|luiz red has 30 seconds left.\n|inactive|Eldr!tch has 30 seconds left.\n|\n|t:|1776354108\n|switch|p2b: Sinistcha|Sinistcha, L50|100/100\n|switch|p1a: Infernape|Infernape, L50, M|100/100\n|move|p2a: Aurorus|Blizzard|p1b: Corviknight|[spread] p1a,p1b\n|-resisted|p1a: Infernape|1\n|-damage|p1a: Infernape|76/100\n|-damage|p1b: Corviknight|53/100\n|-status|p1a: Infernape|frz\n|move|p1b: Corviknight|Body Press|p2b: Sinistcha\n|-immune|p2b: Sinistcha\n|\n|-weather|Snowscape|[upkeep]\n|-heal|p1b: Corviknight|59/100|[from] item: Leftovers\n|upkeep\n|turn|5\n|\n|t:|1776354129\n|move|p2a: Aurorus|Blizzard|p1a: Infernape|[spread] p1a,p1b\n|-resisted|p1a: Infernape|1\n|-damage|p1a: Infernape|50/100 frz\n|-damage|p1b: Corviknight|32/100\n|move|p2b: Sinistcha|Matcha Gotcha|p1b: Corviknight|[spread] p1a,p1b\n|-resisted|p1a: Infernape|1\n|-resisted|p1b: Corviknight|2\n|-damage|p1a: Infernape|27/100 frz\n|-damage|p1b: Corviknight|27/100\n|-curestatus|p1a: Infernape|frz|[msg]\n|move|p1b: Corviknight|Body Press|p2a: Aurorus\n|-supereffective|p2a: Aurorus|2\n|-enditem|p2a: Aurorus|Focus Sash\n|-damage|p2a: Aurorus|1/100\n|move|p1a: Infernape|Heat Wave|p2a: Aurorus|[spread] p2a,p2b\n|-supereffective|p2b: Sinistcha|1\n|-damage|p2a: Aurorus|0 fnt\n|-damage|p2b: Sinistcha|9/100\n|-enditem|p2b: Sinistcha|Sitrus Berry|[eat]\n|-heal|p2b: Sinistcha|34/100|[from] item: Sitrus Berry\n|faint|p2a: Aurorus\n|\n|-weather|Snowscape|[upkeep]\n|-heal|p1b: Corviknight|33/100|[from] item: Leftovers\n|-fieldend|move: Trick Room\n|upkeep\n|\n|t:|1776354154\n|switch|p2a: Slowking|Slowking, L50, M|67/100\n|turn|6\n|\n|t:|1776354170\n|switch|p1a: Hippowdon|Hippowdon, L50, M|100/100\n|-weather|Sandstorm|[from] ability: Sand Stream|[of] p1a: Hippowdon\n|move|p1b: Corviknight|Iron Head|p2b: Sinistcha\n|-damage|p2b: Sinistcha|18/100\n|move|p2b: Sinistcha|Life Dew|p2b: Sinistcha|[spread] p2a,p2b\n|-heal|p2a: Slowking|92/100\n|-heal|p2b: Sinistcha|44/100\n|move|p2a: Slowking|Trick Room|p2a: Slowking\n|-fieldstart|move: Trick Room|[of] p2a: Slowking\n|\n|-weather|Sandstorm|[upkeep]\n|-damage|p2a: Slowking|86/100|[from] Sandstorm\n|-damage|p2b: Sinistcha|37/100|[from] Sandstorm\n|-heal|p1b: Corviknight|40/100|[from] item: Leftovers\n|-sideend|p2: Eldr!tch|move: Aurora Veil\n|upkeep\n|turn|7\n|\n|t:|1776354194\n|-prepare|p2a: Slowking|Chilly Reception|[premajor]\n|move|p2a: Slowking|Chilly Reception|p2a: Slowking\n|-weather|Snowscape\n|\n|t:|1776354198\n|switch|p2a: Crabominable|Crabominable-Mega, L50, M|100/100 slp|[from] Chilly Reception\n|move|p1a: Hippowdon|Yawn|p2b: Sinistcha\n|-start|p2b: Sinistcha|move: Yawn|[of] p1a: Hippowdon\n|move|p2b: Sinistcha|Matcha Gotcha|p1a: Hippowdon|[spread] p1a,p1b\n|-supereffective|p1a: Hippowdon|1\n|-resisted|p1b: Corviknight|2\n|-damage|p1a: Hippowdon|53/100\n|-heal|p2b: Sinistcha|71/100|[from] drain|[of] p1a: Hippowdon\n|-damage|p1b: Corviknight|34/100\n|-heal|p2b: Sinistcha|75/100|[from] drain|[of] p1b: Corviknight\n|move|p1b: Corviknight|Body Press|p2a: Crabominable\n|-supereffective|p2a: Crabominable|1\n|-damage|p2a: Crabominable|30/100 slp\n|\n|-weather|Snowscape|[upkeep]\n|-heal|p1b: Corviknight|40/100|[from] item: Leftovers\n|upkeep\n|turn|8\n|inactive|Eldr!tch has 30 seconds left.\n|\n|t:|1776354233\n|cant|p2a: Crabominable|slp\n|move|p1a: Hippowdon|Yawn||[still]\n|-fail|p1a: Hippowdon\n|move|p2b: Sinistcha|Life Dew|p2b: Sinistcha|[spread] p2a,p2b\n|-heal|p2a: Crabominable|55/100 slp\n|-heal|p2b: Sinistcha|100/100\n|move|p1b: Corviknight|Body Press|p2a: Crabominable\n|-supereffective|p2a: Crabominable|1\n|-damage|p2a: Crabominable|0 fnt\n|faint|p2a: Crabominable\n|\n|-weather|Snowscape|[upkeep]\n|-heal|p1b: Corviknight|46/100|[from] item: Leftovers\n|-end|p2b: Sinistcha|move: Yawn|[silent]\n|-status|p2b: Sinistcha|slp\n|upkeep\n|\n|t:|1776354249\n|switch|p2a: Slowking|Slowking, L50, M|86/100\n|turn|9\n|\n|t:|1776354255\n|move|p2a: Slowking|Psychic|p1b: Corviknight\n|-resisted|p1b: Corviknight|1\n|-damage|p1b: Corviknight|34/100\n|move|p1a: Hippowdon|Yawn|p2a: Slowking\n|-start|p2a: Slowking|move: Yawn|[of] p1a: Hippowdon\n|cant|p2b: Sinistcha|slp\n|move|p1b: Corviknight|Iron Head|p2b: Sinistcha\n|-damage|p2b: Sinistcha|76/100 slp\n|\n|-weather|Snowscape|[upkeep]\n|-heal|p1b: Corviknight|40/100|[from] item: Leftovers\n|upkeep\n|turn|10\n|\n|t:|1776354278\n|move|p2a: Slowking|Psychic|p1b: Corviknight\n|-resisted|p1b: Corviknight|1\n|-damage|p1b: Corviknight|28/100\n|move|p1a: Hippowdon|Fissure|p2a: Slowking\n|-damage|p2a: Slowking|0 fnt\n|faint|p2a: Slowking\n|-ohko\n|-curestatus|p2b: Sinistcha|slp|[msg]\n|move|p2b: Sinistcha|Matcha Gotcha|p1b: Corviknight|[spread] p1a,p1b\n|-supereffective|p1a: Hippowdon|1\n|-resisted|p1b: Corviknight|2\n|-damage|p1a: Hippowdon|6/100\n|-heal|p2b: Sinistcha|100/100|[from] drain|[of] p1a: Hippowdon\n|-damage|p1b: Corviknight|22/100\n|-status|p1a: Hippowdon|brn\n|-enditem|p1a: Hippowdon|Sitrus Berry|[eat]\n|-heal|p1a: Hippowdon|31/100 brn|[from] item: Sitrus Berry\n|move|p1b: Corviknight|Iron Head|p2b: Sinistcha\n|-damage|p2b: Sinistcha|77/100\n|\n|-weather|Snowscape|[upkeep]\n|-heal|p1b: Corviknight|29/100|[from] item: Leftovers\n|-damage|p1a: Hippowdon|25/100 brn|[from] brn\n|-fieldend|move: Trick Room\n|upkeep\n|turn|11\n|inactive|luiz red has 30 seconds left.\n|inactive|Eldr!tch has 30 seconds left.\n|\n|t:|1776354306\n|switch|p1a: Empoleon|Empoleon, L50, F|100/100\n|move|p1b: Corviknight|Iron Head|p2b: Sinistcha\n|-damage|p2b: Sinistcha|54/100\n|move|p2b: Sinistcha|Matcha Gotcha|p1a: Empoleon|[spread] p1b\n|-miss|p2b: Sinistcha|p1a: Empoleon\n|-resisted|p1b: Corviknight|2\n|-damage|p1b: Corviknight|24/100\n|-heal|p2b: Sinistcha|57/100|[from] drain|[of] p1b: Corviknight\n|\n|-weather|none\n|-heal|p1b: Corviknight|30/100|[from] item: Leftovers\n|upkeep\n|turn|12\n|\n|t:|1776354324\n|move|p1b: Corviknight|Iron Head|p2b: Sinistcha\n|-damage|p2b: Sinistcha|32/100\n|move|p2b: Sinistcha|Matcha Gotcha|p1a: Empoleon|[spread] p1a,p1b\n|-resisted|p1b: Corviknight|2\n|-damage|p1a: Empoleon|73/100\n|-heal|p2b: Sinistcha|50/100|[from] drain|[of] p1a: Empoleon\n|-damage|p1b: Corviknight|24/100\n|-heal|p2b: Sinistcha|54/100|[from] drain|[of] p1b: Corviknight\n|move|p1a: Empoleon|Ice Beam|p2b: Sinistcha\n|-supereffective|p2b: Sinistcha|1\n|-damage|p2b: Sinistcha|0 fnt\n|faint|p2b: Sinistcha\n|\n|win|luiz red\n|raw|luiz red's rating: 1079 &rarr; <strong>1104</strong><br />(+25 for winning)\n|raw|Eldr!tch's rating: 1042 &rarr; <strong>1027</strong><br />(-15 for losing)\n",
  "uploadtime": 1776354338,
  "views": 31,
  "formatid": "gen9championsvgc2026regma",
  "rating": 1027,
  "private": 0,
  "password": null
}