{
  "id": "gen9championsvgc2026regma-2584246823",
  "format": "[Gen 9 Champions] VGC 2026 Reg M-A",
  "players": [
    "jorginocoke",
    "prawnwizard"
  ],
  "log": "|j|\u2606jorginocoke\n|j|\u2606prawnwizard\n|t:|1776242819\n|gametype|doubles\n|player|p1|jorginocoke|102|1461\n|player|p2|prawnwizard|harlequin|1473\n|gen|9\n|tier|[Gen 9 Champions] VGC 2026 Reg M-A\n|rated|\n|rule|Species Clause: Limit one of each Pok\u00e9mon\n|rule|Item Clause: Limit 1 of each item\n|clearpoke\n|poke|p1|Mimikyu, L50, F|\n|poke|p1|Crabominable, L50, M|\n|poke|p1|Kingambit, L50, F|\n|poke|p1|Chandelure, L50, M|\n|poke|p1|Mudsdale, L50, F|\n|poke|p1|Drampa, L50, M|\n|poke|p2|Blastoise, L50, F|\n|poke|p2|Kingambit, L50, F|\n|poke|p2|Aerodactyl, L50, M|\n|poke|p2|Kangaskhan, L50, F|\n|poke|p2|Farigiraf, L50, F|\n|poke|p2|Sinistcha, L50|\n|teampreview|4\n|inactive|Battle timer is ON: inactive players will automatically lose when time's up. (requested by prawnwizard)\n|inactive|jorginocoke has 60 seconds left.\n|inactive|prawnwizard has 60 seconds left.\n|\n|t:|1776242857\n|teamsize|p1|4\n|teamsize|p2|4\n|start\n|switch|p1a: Mimikyu|Mimikyu, L50, F|100/100\n|switch|p1b: Crabominable|Crabominable, L50, M|100/100\n|switch|p2a: Kangaskhan|Kangaskhan, L50, F|100/100\n|switch|p2b: Blastoise|Blastoise, L50, F|100/100\n|turn|1\n|inactive|jorginocoke has 30 seconds left.\n|\n|t:|1776242885\n|detailschange|p2b: Blastoise|Blastoise-Mega, L50, F\n|-mega|p2b: Blastoise|Blastoise|Blastoisinite\n|detailschange|p1b: Crabominable|Crabominable-Mega, L50, M\n|-mega|p1b: Crabominable|Crabominable|Crabominite\n|move|p2a: Kangaskhan|Fake Out|p1a: Mimikyu\n|-activate|p1a: Mimikyu|ability: Disguise\n|-damage|p1a: Mimikyu|100/100\n|detailschange|p1a: Mimikyu|Mimikyu-Busted, L50, F\n|-damage|p1a: Mimikyu|89/100|[from] pokemon: Mimikyu-Busted\n|move|p2b: Blastoise|Fake Out|p1b: Crabominable\n|-damage|p1b: Crabominable|94/100\n|cant|p1b: Crabominable|flinch\n|cant|p1a: Mimikyu|flinch\n|\n|upkeep\n|turn|2\n|inactive|jorginocoke has 30 seconds left.\n|inactive|jorginocoke has 20 seconds left.\n|inactive|prawnwizard has 30 seconds left.\n|\n|t:|1776242925\n|move|p1b: Crabominable|Mach Punch|p2b: Blastoise\n|-damage|p2b: Blastoise|73/100\n|move|p2a: Kangaskhan|Last Resort|p1b: Crabominable\n|-damage|p1b: Crabominable|34/100\n|move|p2b: Blastoise|Water Spout|p1a: Mimikyu|[spread] p1a,p1b\n|-damage|p1a: Mimikyu|49/100\n|-damage|p1b: Crabominable|0 fnt\n|faint|p1b: Crabominable\n|move|p1a: Mimikyu|Trick Room|p1a: Mimikyu\n|-fieldstart|move: Trick Room|[of] p1a: Mimikyu\n|\n|upkeep\n|inactive|jorginocoke has 30 seconds left.\n|\n|t:|1776242958\n|switch|p1b: Drampa|Drampa, L50, M|100/100\n|-ability|p1b: Drampa|Cloud Nine\n|turn|3\n|inactive|jorginocoke has 30 seconds left.\n|\n|t:|1776242989\n|move|p1b: Drampa|Hyper Voice|p2b: Blastoise|[spread] p2a,p2b\n|-damage|p2a: Kangaskhan|59/100\n|-damage|p2b: Blastoise|40/100\n|move|p2b: Blastoise|Dark Pulse|p1b: Drampa\n|-crit|p1b: Drampa\n|-damage|p1b: Drampa|25/100\n|-enditem|p1b: Drampa|Sitrus Berry|[eat]\n|-heal|p1b: Drampa|50/100|[from] item: Sitrus Berry\n|move|p1a: Mimikyu|Will-O-Wisp|p2a: Kangaskhan\n|-status|p2a: Kangaskhan|brn\n|move|p2a: Kangaskhan|Last Resort|p1b: Drampa\n|-damage|p1b: Drampa|9/100\n|\n|-damage|p2a: Kangaskhan|53/100 brn|[from] brn\n|upkeep\n|turn|4\n|inactive|jorginocoke has 30 seconds left.\n|\n|t:|1776243014\n|move|p1b: Drampa|Hyper Voice|p2a: Kangaskhan|[spread] p2a,p2b\n|-damage|p2a: Kangaskhan|10/100 brn\n|-damage|p2b: Blastoise|7/100\n|move|p2b: Blastoise|Dark Pulse|p1b: Drampa\n|-damage|p1b: Drampa|0 fnt\n|faint|p1b: Drampa\n|move|p1a: Mimikyu|Play Rough|p2a: Kangaskhan\n|-damage|p2a: Kangaskhan|0 fnt\n|faint|p2a: Kangaskhan\n|\n|upkeep\n|\n|t:|1776243030\n|switch|p1b: Kingambit|Kingambit, L50, F|100/100\n|switch|p2a: Farigiraf|Farigiraf, L50, F|100/100\n|turn|5\n|\n|t:|1776243050\n|move|p1b: Kingambit|Kowtow Cleave|p2a: Farigiraf\n|-supereffective|p2a: Farigiraf|1\n|-damage|p2a: Farigiraf|34/100\n|-enditem|p2a: Farigiraf|Sitrus Berry|[eat]\n|-heal|p2a: Farigiraf|58/100|[from] item: Sitrus Berry\n|move|p2b: Blastoise|Water Pulse|p1a: Mimikyu\n|-damage|p1a: Mimikyu|5/100\n|move|p1a: Mimikyu|Play Rough|p2b: Blastoise\n|-damage|p2b: Blastoise|0 fnt\n|faint|p2b: Blastoise\n|move|p2a: Farigiraf|Trick Room|p2a: Farigiraf\n|-fieldend|move: Trick Room\n|\n|upkeep\n|\n|t:|1776243057\n|switch|p2b: Kingambit|Kingambit, L50, F|100/100\n|turn|6\n|\n|t:|1776243067\n|move|p2a: Farigiraf|Helping Hand|p2b: Kingambit\n|-singleturn|p2b: Kingambit|Helping Hand|[of] p2a: Farigiraf\n|move|p1a: Mimikyu|Will-O-Wisp|p2b: Kingambit|[miss]\n|-miss|p1a: Mimikyu|p2b: Kingambit\n|move|p2b: Kingambit|Low Kick|p1b: Kingambit\n|-supereffective|p1b: Kingambit|2\n|-damage|p1b: Kingambit|0 fnt\n|faint|p1b: Kingambit\n|\n|upkeep\n|turn|7\n|j| zzomu\n|-message|jorginocoke forfeited.\n|\n|win|prawnwizard\n|raw|jorginocoke's rating: 1461 &rarr; <strong>1442</strong><br />(-19 for losing)\n|raw|prawnwizard's rating: 1473 &rarr; <strong>1492</strong><br />(+19 for winning)\n|l|\u2606jorginocoke\n|player|p1|\n|l|\u2606prawnwizard\n|player|p2|\n",
  "uploadtime": 1776243090,
  "views": 50,
  "formatid": "gen9championsvgc2026regma",
  "rating": 1442,
  "private": 0,
  "password": null
}