{
  "id": "gen9championsvgc2026regma-2587508349",
  "format": "[Gen 9 Champions] VGC 2026 Reg M-A",
  "players": [
    "IDIOTAFC",
    "Plaweh"
  ],
  "log": "|j|\u2606IDIOTAFC\n|j|\u2606Plaweh\n|t:|1776537798\n|gametype|doubles\n|player|p1|IDIOTAFC|2|1082\n|player|p2|Plaweh|elesa|1171\n|gen|9\n|tier|[Gen 9 Champions] VGC 2026 Reg M-A\n|rated|\n|rule|Species Clause: Limit one of each Pok\u00e9mon\n|rule|Item Clause: Limit 1 of each item\n|clearpoke\n|poke|p1|Absol, L50, M|\n|poke|p1|Aegislash, L50, M|\n|poke|p1|Tyranitar, L50, M|\n|poke|p1|Talonflame, L50, F|\n|poke|p1|Camerupt, L50, M|\n|poke|p1|Sinistcha, L50|\n|poke|p2|Basculegion, L50, M|\n|poke|p2|Pelipper, L50, F|\n|poke|p2|Archaludon, L50, F|\n|poke|p2|Incineroar, L50, F|\n|poke|p2|Venusaur, L50, M|\n|poke|p2|Farigiraf, L50, M|\n|teampreview|4\n|\n|t:|1776537827\n|teamsize|p1|4\n|teamsize|p2|4\n|start\n|switch|p1a: Tyranitar|Tyranitar, L50, M|100/100\n|switch|p1b: Sinistcha|Sinistcha, L50|100/100\n|switch|p2a: Pelipper|Pelipper, L50, F|100/100\n|switch|p2b: Basculegion|Basculegion, L50, M|100/100\n|-weather|RainDance|[from] ability: Drizzle|[of] p2a: Pelipper\n|-weather|Sandstorm|[from] ability: Sand Stream|[of] p1a: Tyranitar\n|turn|1\n|inactive|Battle timer is ON: inactive players will automatically lose when time's up. (requested by Plaweh)\n|\n|t:|1776537843\n|switch|p2b: Incineroar|Incineroar, L50, F|100/100\n|-ability|p2b: Incineroar|Intimidate|boost\n|-unboost|p1a: Tyranitar|atk|1\n|-unboost|p1b: Sinistcha|atk|1\n|move|p1b: Sinistcha|Rage Powder|p1b: Sinistcha\n|-singleturn|p1b: Sinistcha|move: Rage Powder\n|move|p2a: Pelipper|Tailwind|p2a: Pelipper\n|-sidestart|p2: Plaweh|move: Tailwind\n|move|p1a: Tyranitar|Thunder Punch|p2a: Pelipper\n|-supereffective|p2a: Pelipper|2\n|-damage|p2a: Pelipper|19/100\n|\n|-weather|Sandstorm|[upkeep]\n|-damage|p2a: Pelipper|13/100|[from] Sandstorm\n|-damage|p2b: Incineroar|95/100|[from] Sandstorm\n|-damage|p1b: Sinistcha|94/100|[from] Sandstorm\n|-heal|p1b: Sinistcha|100/100|[from] item: Leftovers\n|upkeep\n|turn|2\n|inactive|IDIOTAFC has 30 seconds left.\n|\n|t:|1776537876\n|move|p2a: Pelipper|Hurricane|p1b: Sinistcha|[miss]\n|-miss|p2a: Pelipper|p1b: Sinistcha\n|move|p2b: Incineroar|Flare Blitz|p1b: Sinistcha\n|-supereffective|p1b: Sinistcha|1\n|-damage|p1b: Sinistcha|23/100\n|-damage|p2b: Incineroar|72/100|[from] Recoil\n|move|p1a: Tyranitar|Stone Edge|p2b: Incineroar\n|-supereffective|p2b: Incineroar|1\n|-crit|p2b: Incineroar\n|-damage|p2b: Incineroar|0 fnt\n|faint|p2b: Incineroar\n|move|p1b: Sinistcha|Trick Room|p1b: Sinistcha\n|-fieldstart|move: Trick Room|[of] p1b: Sinistcha\n|\n|-weather|Sandstorm|[upkeep]\n|-damage|p1b: Sinistcha|17/100|[from] Sandstorm\n|-damage|p2a: Pelipper|7/100|[from] Sandstorm\n|-heal|p1b: Sinistcha|23/100|[from] item: Leftovers\n|upkeep\n|\n|t:|1776537893\n|switch|p2b: Venusaur|Venusaur, L50, M|100/100\n|turn|3\n|\n|t:|1776537907\n|switch|p1b: Absol|Absol, L50, M|100/100\n|-ability|p1b: Absol|Pressure\n|detailschange|p2b: Venusaur|Venusaur-Mega, L50, M\n|-mega|p2b: Venusaur|Venusaur|Venusaurite\n|move|p1a: Tyranitar|Thunder Punch|p2a: Pelipper\n|-supereffective|p2a: Pelipper|2\n|-damage|p2a: Pelipper|0 fnt\n|faint|p2a: Pelipper\n|move|p2b: Venusaur|Giga Drain|p1a: Tyranitar\n|-supereffective|p1a: Tyranitar|1\n|-damage|p1a: Tyranitar|66/100\n|\n|-weather|Sandstorm|[upkeep]\n|-damage|p1b: Absol|94/100|[from] Sandstorm\n|-damage|p2b: Venusaur|95/100|[from] Sandstorm\n|upkeep\n|\n|t:|1776537923\n|switch|p2a: Basculegion|Basculegion, L50, M|100/100\n|turn|4\n|\n|t:|1776537941\n|detailschange|p1b: Absol|Absol-Mega, L50, M\n|-mega|p1b: Absol|Absol|Absolite\n|move|p1a: Tyranitar|Thunder Punch|p2a: Basculegion\n|-supereffective|p2a: Basculegion|1\n|-damage|p2a: Basculegion|50/100\n|move|p1b: Absol|Knock Off|p2a: Basculegion\n|-supereffective|p2a: Basculegion|1\n|-damage|p2a: Basculegion|0 fnt\n|-enditem|p2a: Basculegion|Choice Scarf|[from] move: Knock Off|[of] p1b: Absol\n|faint|p2a: Basculegion\n|move|p2b: Venusaur|Giga Drain|p1a: Tyranitar\n|-supereffective|p1a: Tyranitar|1\n|-damage|p1a: Tyranitar|31/100\n|-heal|p2b: Venusaur|100/100|[from] drain|[of] p1a: Tyranitar\n|-enditem|p1a: Tyranitar|Sitrus Berry|[eat]\n|-heal|p1a: Tyranitar|56/100|[from] item: Sitrus Berry\n|\n|-weather|Sandstorm|[upkeep]\n|-damage|p1b: Absol|88/100|[from] Sandstorm\n|-damage|p2b: Venusaur|95/100|[from] Sandstorm\n|-sideend|p2: Plaweh|move: Tailwind\n|upkeep\n|turn|5\n|\n|t:|1776537965\n|move|p1a: Tyranitar|Earthquake|p2b: Venusaur|[spread] p1b,p2b\n|-damage|p1b: Absol|60/100\n|-damage|p2b: Venusaur|83/100\n|move|p2b: Venusaur|Sludge Bomb|p1b: Absol\n|-damage|p1b: Absol|0 fnt\n|faint|p1b: Absol\n|\n|-weather|none\n|upkeep\n|\n|t:|1776537976\n|switch|p1b: Sinistcha|Sinistcha, L50|23/100\n|-heal|p1a: Tyranitar|80/100|[from] ability: Hospitality|[of] p1b: Sinistcha\n|turn|6\n|\n|t:|1776537993\n|move|p1a: Tyranitar|Knock Off|p2b: Venusaur\n|-damage|p2b: Venusaur|69/100\n|move|p1b: Sinistcha|Life Dew|p1b: Sinistcha|[spread] p1a,p1b\n|-heal|p1a: Tyranitar|100/100\n|-heal|p1b: Sinistcha|48/100\n|move|p2b: Venusaur|Sludge Bomb|p1b: Sinistcha\n|-damage|p1b: Sinistcha|8/100\n|\n|-heal|p1b: Sinistcha|14/100|[from] item: Leftovers\n|-fieldend|move: Trick Room\n|upkeep\n|turn|7\n|\n|t:|1776538012\n|switch|p1b: Talonflame|Talonflame, L50, F|100/100\n|move|p2b: Venusaur|Giga Drain|p1a: Tyranitar\n|-supereffective|p1a: Tyranitar|1\n|-damage|p1a: Tyranitar|45/100\n|-heal|p2b: Venusaur|99/100|[from] drain|[of] p1a: Tyranitar\n|move|p1a: Tyranitar|Earthquake|p2b: Venusaur|[spread] p2b\n|-immune|p1b: Talonflame\n|-damage|p2b: Venusaur|88/100\n|\n|upkeep\n|turn|8\n|inactive|IDIOTAFC has 30 seconds left.\n|\n|t:|1776538038\n|move|p1b: Talonflame|Flare Blitz|p2b: Venusaur\n|-supereffective|p2b: Venusaur|1\n|-damage|p2b: Venusaur|52/100\n|-damage|p1b: Talonflame|86/100|[from] Recoil\n|move|p2b: Venusaur|Sleep Powder|p1b: Talonflame\n|-status|p1b: Talonflame|slp|[from] move: Sleep Powder\n|move|p1a: Tyranitar|Earthquake|p2b: Venusaur|[spread] p2b\n|-immune|p1b: Talonflame\n|-damage|p2b: Venusaur|40/100\n|\n|upkeep\n|turn|9\n|\n|t:|1776538055\n|cant|p1b: Talonflame|slp\n|move|p2b: Venusaur|Giga Drain|p1a: Tyranitar\n|-supereffective|p1a: Tyranitar|1\n|-damage|p1a: Tyranitar|0 fnt\n|-heal|p2b: Venusaur|65/100|[from] drain|[of] p1a: Tyranitar\n|faint|p1a: Tyranitar\n|\n|upkeep\n|\n|t:|1776538063\n|switch|p1a: Sinistcha|Sinistcha, L50|14/100\n|-heal|p1b: Talonflame|100/100 slp|[from] ability: Hospitality|[of] p1a: Sinistcha\n|turn|10\n|\n|t:|1776538075\n|cant|p1b: Talonflame|slp\n|move|p2b: Venusaur|Sludge Bomb|p1b: Talonflame\n|-damage|p1b: Talonflame|39/100 slp\n|move|p1a: Sinistcha|Life Dew|p1a: Sinistcha|[spread] p1a,p1b\n|-heal|p1a: Sinistcha|39/100\n|-heal|p1b: Talonflame|64/100 slp\n|\n|-heal|p1a: Sinistcha|45/100|[from] item: Leftovers\n|upkeep\n|turn|11\n|\n|t:|1776538090\n|-curestatus|p1b: Talonflame|slp|[msg]\n|move|p1b: Talonflame|Flare Blitz|p2b: Venusaur\n|-supereffective|p2b: Venusaur|1\n|-damage|p2b: Venusaur|33/100\n|-damage|p1b: Talonflame|51/100|[from] Recoil\n|move|p2b: Venusaur|Sludge Bomb|p1b: Talonflame\n|-damage|p1b: Talonflame|0 fnt\n|faint|p1b: Talonflame\n|move|p1a: Sinistcha|Life Dew|p1a: Sinistcha\n|-heal|p1a: Sinistcha|71/100\n|\n|-heal|p1a: Sinistcha|77/100|[from] item: Leftovers\n|upkeep\n|turn|12\n|\n|t:|1776538107\n|move|p2b: Venusaur|Synthesis|p2b: Venusaur\n|-heal|p2b: Venusaur|83/100\n|move|p1a: Sinistcha|Matcha Gotcha|p2b: Venusaur\n|-resisted|p2b: Venusaur|2\n|-damage|p2b: Venusaur|77/100\n|-heal|p1a: Sinistcha|80/100|[from] drain|[of] p2b: Venusaur\n|\n|-heal|p1a: Sinistcha|86/100|[from] item: Leftovers\n|upkeep\n|turn|13\n|\n|t:|1776538119\n|move|p2b: Venusaur|Sludge Bomb|p1a: Sinistcha\n|-damage|p1a: Sinistcha|46/100\n|-status|p1a: Sinistcha|psn\n|move|p1a: Sinistcha|Matcha Gotcha|p2b: Venusaur\n|-resisted|p2b: Venusaur|2\n|-crit|p2b: Venusaur\n|-damage|p2b: Venusaur|67/100\n|-heal|p1a: Sinistcha|52/100 psn|[from] drain|[of] p2b: Venusaur\n|\n|-heal|p1a: Sinistcha|58/100 psn|[from] item: Leftovers\n|-damage|p1a: Sinistcha|45/100 psn|[from] psn\n|upkeep\n|turn|14\n|\n|t:|1776538139\n|move|p2b: Venusaur|Sludge Bomb|p1a: Sinistcha\n|-damage|p1a: Sinistcha|3/100 psn\n|move|p1a: Sinistcha|Matcha Gotcha|p2b: Venusaur\n|-resisted|p2b: Venusaur|2\n|-damage|p2b: Venusaur|60/100\n|-heal|p1a: Sinistcha|7/100 psn|[from] drain|[of] p2b: Venusaur\n|\n|-heal|p1a: Sinistcha|13/100 psn|[from] item: Leftovers\n|-damage|p1a: Sinistcha|0 fnt|[from] psn\n|faint|p1a: Sinistcha\n|\n|win|Plaweh\n|raw|IDIOTAFC's rating: 1082 &rarr; <strong>1065</strong><br />(-17 for losing)\n|raw|Plaweh's rating: 1171 &rarr; <strong>1190</strong><br />(+19 for winning)\n",
  "uploadtime": 1776538146,
  "views": 11,
  "formatid": "gen9championsvgc2026regma",
  "rating": 1065,
  "private": 0,
  "password": null
}