{
  "id": "gen9championsvgc2026regma-2583624326",
  "format": "[Gen 9 Champions] VGC 2026 Reg M-A",
  "players": [
    "sadcasuals",
    "rivertoaster290"
  ],
  "log": "|j|\u2606sadcasuals\n|j|\u2606rivertoaster290\n|t:|1776187226\n|gametype|doubles\n|player|p1|sadcasuals|102|1058\n|player|p2|rivertoaster290|birdkeeper|1069\n|gen|9\n|tier|[Gen 9 Champions] VGC 2026 Reg M-A\n|rated|\n|rule|Species Clause: Limit one of each Pok\u00e9mon\n|rule|Item Clause: Limit 1 of each item\n|clearpoke\n|poke|p1|Mimikyu, L50, M|\n|poke|p1|Golurk, L50|\n|poke|p1|Oranguru, L50, F|\n|poke|p1|Torkoal, L50, F|\n|poke|p1|Primarina, L50, F|\n|poke|p1|Slowbro, L50, F|\n|poke|p2|Typhlosion-Hisui, L50, F|\n|poke|p2|Blastoise, L50, F|\n|poke|p2|Sableye, L50, M|\n|poke|p2|Talonflame, L50, M|\n|poke|p2|Scovillain, L50, F|\n|poke|p2|Palafin, L50, M|\n|teampreview|4\n|inactive|Battle timer is ON: inactive players will automatically lose when time's up. (requested by rivertoaster290)\n|\n|t:|1776187273\n|teamsize|p1|4\n|teamsize|p2|4\n|start\n|switch|p1a: Mimikyu|Mimikyu, L50, M|100/100\n|switch|p1b: Slowbro|Slowbro, L50, F|100/100\n|switch|p2a: Sableye|Sableye, L50, M|100/100\n|switch|p2b: Blastoise|Blastoise, L50, F|100/100\n|turn|1\n|\n|t:|1776187293\n|detailschange|p2b: Blastoise|Blastoise-Mega, L50, F\n|-mega|p2b: Blastoise|Blastoise|Blastoisinite\n|move|p1b: Slowbro|Protect|p1b: Slowbro\n|-singleturn|p1b: Slowbro|Protect\n|move|p2a: Sableye|Fake Out|p1b: Slowbro\n|-activate|p1b: Slowbro|move: Protect\n|move|p2b: Blastoise|Shell Smash|p2b: Blastoise\n|-unboost|p2b: Blastoise|def|1\n|-unboost|p2b: Blastoise|spd|1\n|-boost|p2b: Blastoise|atk|2\n|-boost|p2b: Blastoise|spa|2\n|-boost|p2b: Blastoise|spe|2\n|move|p1a: Mimikyu|Trick Room|p1a: Mimikyu\n|-fieldstart|move: Trick Room|[of] p1a: Mimikyu\n|\n|upkeep\n|turn|2\n|\n|t:|1776187312\n|detailschange|p1b: Slowbro|Slowbro-Mega, L50, F\n|-mega|p1b: Slowbro|Slowbro|Slowbronite\n|move|p2b: Blastoise|Protect|p2b: Blastoise\n|-singleturn|p2b: Blastoise|Protect\n|move|p1b: Slowbro|Psychic|p2b: Blastoise\n|-activate|p2b: Blastoise|move: Protect\n|move|p2a: Sableye|Foul Play|p1a: Mimikyu\n|-activate|p1a: Mimikyu|ability: Disguise\n|-damage|p1a: Mimikyu|100/100\n|detailschange|p1a: Mimikyu|Mimikyu-Busted, L50, M\n|-damage|p1a: Mimikyu|88/100|[from] pokemon: Mimikyu-Busted\n|move|p1a: Mimikyu|Shadow Claw|p2b: Blastoise\n|-activate|p2b: Blastoise|move: Protect\n|\n|upkeep\n|turn|3\n|\n|t:|1776187338\n|switch|p2b: Talonflame|Talonflame, L50, M|100/100\n|move|p1b: Slowbro|Psychic|p2b: Talonflame\n|-damage|p2b: Talonflame|21/100\n|move|p2a: Sableye|Foul Play|p1a: Mimikyu\n|-damage|p1a: Mimikyu|57/100\n|move|p1a: Mimikyu|Shadow Claw|p2b: Talonflame\n|-damage|p2b: Talonflame|0 fnt\n|faint|p2b: Talonflame\n|\n|upkeep\n|\n|t:|1776187342\n|switch|p2b: Palafin|Palafin, L50, M|100/100\n|turn|4\n|\n|t:|1776187354\n|detailschange|p2b: Palafin|Palafin-Hero, L50, M\n|switch|p2b: Blastoise|Blastoise-Mega, L50, F|100/100\n|move|p2a: Sableye|Rain Dance|p2a: Sableye\n|-weather|RainDance\n|move|p1b: Slowbro|Psychic|p2b: Blastoise\n|-damage|p2b: Blastoise|51/100\n|-unboost|p2b: Blastoise|spd|1\n|move|p1a: Mimikyu|Will-O-Wisp|p2b: Blastoise\n|-status|p2b: Blastoise|brn\n|\n|-weather|RainDance|[upkeep]\n|-damage|p2b: Blastoise|45/100 brn|[from] brn\n|upkeep\n|turn|5\n|inactive|rivertoaster290 has 30 seconds left.\n|\n|t:|1776187383\n|move|p2b: Blastoise|Protect|p2b: Blastoise\n|-singleturn|p2b: Blastoise|Protect\n|move|p2a: Sableye|Foul Play|p1b: Slowbro\n|-supereffective|p1b: Slowbro|1\n|-damage|p1b: Slowbro|76/100\n|move|p1b: Slowbro|Trick Room|p1b: Slowbro\n|-fieldend|move: Trick Room\n|move|p1a: Mimikyu|Trick Room|p1a: Mimikyu\n|-fieldstart|move: Trick Room|[of] p1a: Mimikyu\n|\n|-weather|RainDance|[upkeep]\n|-damage|p2b: Blastoise|39/100 brn|[from] brn\n|upkeep\n|turn|6\n|\n|t:|1776187405\n|move|p1b: Slowbro|Psychic|p2b: Blastoise\n|-damage|p2b: Blastoise|0 fnt\n|faint|p2b: Blastoise\n|move|p2a: Sableye|Foul Play|p1b: Slowbro\n|-supereffective|p1b: Slowbro|1\n|-damage|p1b: Slowbro|49/100\n|move|p1a: Mimikyu|Will-O-Wisp|p2a: Sableye\n|-status|p2a: Sableye|brn\n|\n|-weather|RainDance|[upkeep]\n|-damage|p2a: Sableye|95/100 brn|[from] brn\n|upkeep\n|\n|t:|1776187407\n|switch|p2b: Palafin|Palafin-Hero, L50, M|100/100\n|-activate|p2b: Palafin|ability: Zero to Hero\n|turn|7\n|\n|t:|1776187418\n|move|p1b: Slowbro|Protect|p1b: Slowbro\n|-singleturn|p1b: Slowbro|Protect\n|move|p2b: Palafin|Protect|p2b: Palafin\n|-singleturn|p2b: Palafin|Protect\n|move|p2a: Sableye|Foul Play|p1b: Slowbro\n|-activate|p1b: Slowbro|move: Protect\n|move|p1a: Mimikyu|Will-O-Wisp|p2b: Palafin\n|-activate|p2b: Palafin|move: Protect\n|\n|-weather|RainDance|[upkeep]\n|-damage|p2a: Sableye|89/100 brn|[from] brn\n|upkeep\n|turn|8\n|\n|t:|1776187439\n|switch|p1b: Torkoal|Torkoal, L50, F|100/100\n|-weather|SunnyDay|[from] ability: Drought|[of] p1b: Torkoal\n|move|p2a: Sableye|Foul Play|p1a: Mimikyu\n|-damage|p1a: Mimikyu|42/100\n|move|p1a: Mimikyu|Will-O-Wisp|p2b: Palafin\n|-status|p2b: Palafin|brn\n|move|p2b: Palafin|Wave Crash|p1a: Mimikyu\n|-damage|p1a: Mimikyu|24/100\n|-damage|p2b: Palafin|96/100 brn|[from] Recoil\n|\n|-weather|SunnyDay|[upkeep]\n|-heal|p2b: Palafin|100/100 brn|[from] item: Leftovers\n|-damage|p2a: Sableye|83/100 brn|[from] brn\n|-damage|p2b: Palafin|95/100 brn|[from] brn\n|upkeep\n|turn|9\n|\n|t:|1776187456\n|move|p2a: Sableye|Rain Dance|p2a: Sableye\n|-weather|RainDance\n|move|p1b: Torkoal|Overheat|p2a: Sableye\n|-damage|p2a: Sableye|46/100 brn\n|-unboost|p1b: Torkoal|spa|2\n|move|p1a: Mimikyu|Curse|p2b: Palafin\n|-start|p2b: Palafin|Curse|[of] p1a: Mimikyu\n|-damage|p1a: Mimikyu|0 fnt\n|faint|p1a: Mimikyu\n|move|p2b: Palafin|Wave Crash|p1b: Torkoal\n|-supereffective|p1b: Torkoal|1\n|-damage|p1b: Torkoal|3/100\n|-damage|p2b: Palafin|67/100 brn|[from] Recoil\n|\n|-weather|RainDance|[upkeep]\n|-heal|p2b: Palafin|73/100 brn|[from] item: Leftovers\n|-damage|p2a: Sableye|41/100 brn|[from] brn\n|-damage|p2b: Palafin|67/100 brn|[from] brn\n|-damage|p2b: Palafin|43/100 brn|[from] Curse\n|-fieldend|move: Trick Room\n|upkeep\n|\n|t:|1776187460\n|switch|p1a: Slowbro|Slowbro-Mega, L50, F|49/100\n|turn|10\n|\n|t:|1776187480\n|move|p1a: Slowbro|Protect|p1a: Slowbro\n|-singleturn|p1a: Slowbro|Protect\n|move|p1b: Torkoal|Protect|p1b: Torkoal\n|-singleturn|p1b: Torkoal|Protect\n|move|p2b: Palafin|Wave Crash|p1a: Slowbro\n|-activate|p1a: Slowbro|move: Protect\n|move|p2a: Sableye|Foul Play|p1b: Torkoal\n|-activate|p1b: Torkoal|move: Protect\n|\n|-weather|RainDance|[upkeep]\n|-heal|p2b: Palafin|48/100 brn|[from] item: Leftovers\n|-damage|p2b: Palafin|43/100 brn|[from] brn\n|-damage|p2a: Sableye|35/100 brn|[from] brn\n|-damage|p2b: Palafin|18/100 brn|[from] Curse\n|upkeep\n|turn|11\n|\n|t:|1776187491\n|switch|p1b: Oranguru|Oranguru, L50, F|100/100\n|move|p2b: Palafin|Wave Crash|p1a: Slowbro\n|-resisted|p1a: Slowbro|1\n|-damage|p1a: Slowbro|32/100\n|-damage|p2b: Palafin|13/100 brn|[from] Recoil\n|move|p2a: Sableye|Foul Play|p1b: Oranguru\n|-supereffective|p1b: Oranguru|1\n|-crit|p1b: Oranguru\n|-damage|p1b: Oranguru|76/100\n|move|p1a: Slowbro|Surf|p2b: Palafin|[spread] p2a,p2b\n|-activate|p1b: Oranguru|ability: Telepathy\n|-resisted|p2b: Palafin|1\n|-damage|p2a: Sableye|0 fnt\n|-damage|p2b: Palafin|0 fnt\n|faint|p2a: Sableye\n|faint|p2b: Palafin\n|\n|win|sadcasuals\n|raw|sadcasuals's rating: 1058 &rarr; <strong>1090</strong><br />(+32 for winning)\n|raw|rivertoaster290's rating: 1069 &rarr; <strong>1048</strong><br />(-21 for losing)\n",
  "uploadtime": 1776187504,
  "views": 28,
  "formatid": "gen9championsvgc2026regma",
  "rating": 1048,
  "private": 0,
  "password": null
}