{
  "id": "gen9championsvgc2026regma-2581361111",
  "format": "[Gen 9 Champions] VGC 2026 Reg M-A",
  "players": [
    "Flakenz",
    "ufjfdbs"
  ],
  "log": "|j|\u2606Flakenz\n|j|\u2606ufjfdbs\n|t:|1775991655\n|gametype|doubles\n|player|p1|Flakenz|boarder|1050\n|player|p2|ufjfdbs|rocketgrunt|1124\n|gen|9\n|tier|[Gen 9 Champions] VGC 2026 Reg M-A\n|rated|\n|rule|Species Clause: Limit one of each Pok\u00e9mon\n|rule|Item Clause: Limit 1 of each item\n|clearpoke\n|poke|p1|Aerodactyl, L50, F|\n|poke|p1|Palafin, L50, F|\n|poke|p1|Incineroar, L50, M|\n|poke|p1|Sinistcha, L50|\n|poke|p1|Kangaskhan, L50, F|\n|poke|p1|Zoroark-Hisui, L50, M|\n|poke|p2|Dragonite, L50, M|\n|poke|p2|Venusaur, L50, M|\n|poke|p2|Kingambit, L50, F|\n|poke|p2|Basculegion, L50, M|\n|poke|p2|Incineroar, L50, M|\n|poke|p2|Sneasler, L50, F|\n|teampreview|4\n|inactive|Battle timer is ON: inactive players will automatically lose when time's up. (requested by ufjfdbs)\n|inactive|Flakenz has 60 seconds left.\n|inactive|ufjfdbs has 60 seconds left.\n|\n|t:|1775991694\n|teamsize|p1|4\n|teamsize|p2|4\n|start\n|switch|p1a: Kangaskhan|Kangaskhan, L50, F|100/100\n|switch|p1b: Aerodactyl|Aerodactyl, L50, F|100/100\n|switch|p2a: Basculegion|Basculegion, L50, M|100/100\n|switch|p2b: Incineroar|Incineroar, L50, M|100/100\n|-ability|p2b: Incineroar|Intimidate|boost\n|-fail|p1a: Kangaskhan|unboost|Attack|[from] ability: Scrappy|[of] p1a: Kangaskhan\n|-unboost|p1b: Aerodactyl|atk|1\n|turn|1\n|inactive|ufjfdbs has 30 seconds left.\n|\n|t:|1775991723\n|move|p1a: Kangaskhan|Fake Out|p2a: Basculegion\n|-damage|p2a: Basculegion|76/100\n|move|p2b: Incineroar|Fake Out|p1a: Kangaskhan\n|-damage|p1a: Kangaskhan|91/100\n|cant|p2a: Basculegion|flinch\n|move|p1b: Aerodactyl|Shadow Ball|p2a: Basculegion\n|-supereffective|p2a: Basculegion|1\n|-damage|p2a: Basculegion|0 fnt\n|faint|p2a: Basculegion\n|\n|upkeep\n|\n|t:|1775991734\n|switch|p2a: Kingambit|Kingambit, L50, F|100/100\n|turn|2\n|\n|t:|1775991756\n|switch|p1b: Aerodactyl|Aerodactyl, L50, F|100/100\n|-ability|p1b: Aerodactyl|Unnerve\n|detailschange|p1a: Kangaskhan|Kangaskhan-Mega, L50, F\n|-mega|p1a: Kangaskhan|Kangaskhan|Kangaskhanite\n|move|p1a: Kangaskhan|Double-Edge|p2b: Incineroar\n|-damage|p2b: Incineroar|54/100\n|-damage|p2b: Incineroar|43/100\n|-hitcount|p2b: Incineroar|2\n|-damage|p1a: Kangaskhan|73/100|[from] Recoil\n|move|p2b: Incineroar|Parting Shot|p1a: Kangaskhan\n|-unboost|p1a: Kangaskhan|atk|1\n|-unboost|p1a: Kangaskhan|spa|1\n|\n|t:|1775991770\n|switch|p2b: Dragonite|Dragonite, L50, M|100/100|[from] Parting Shot\n|move|p2a: Kingambit|Swords Dance|p2a: Kingambit\n|-boost|p2a: Kingambit|atk|2\n|\n|upkeep\n|turn|3\n|inactive|Flakenz has 30 seconds left.\n|\n|t:|1775991800\n|move|p1a: Kangaskhan|Protect|p1a: Kangaskhan\n|-singleturn|p1a: Kangaskhan|Protect\n|move|p1b: Aerodactyl|Rock Slide|p2a: Kingambit|[spread] p2a,p2b\n|-resisted|p2a: Kingambit|1\n|-supereffective|p2b: Dragonite|1\n|-damage|p2a: Kingambit|90/100\n|-damage|p2b: Dragonite|77/100\n|move|p2b: Dragonite|Dragon Pulse|p1a: Kangaskhan\n|-activate|p1a: Kangaskhan|move: Protect\n|move|p2a: Kingambit|Kowtow Cleave|p1b: Aerodactyl\n|-damage|p1b: Aerodactyl|0 fnt\n|faint|p1b: Aerodactyl\n|\n|upkeep\n|\n|t:|1775991817\n|switch|p1b: Incineroar|Incineroar, L50, M|100/100\n|-ability|p1b: Incineroar|Intimidate|boost\n|-unboost|p2a: Kingambit|atk|1\n|-ability|p2a: Kingambit|Defiant|boost\n|-boost|p2a: Kingambit|atk|2\n|-unboost|p2b: Dragonite|atk|1\n|turn|4\n|\n|t:|1775991842\n|detailschange|p2b: Dragonite|Dragonite-Mega, L50, M\n|-mega|p2b: Dragonite|Dragonite|Dragoninite\n|move|p2a: Kingambit|Protect|p2a: Kingambit\n|-singleturn|p2a: Kingambit|Protect\n|move|p1a: Kangaskhan|Double-Edge|p2a: Kingambit\n|-activate|p2a: Kingambit|move: Protect\n|move|p2b: Dragonite|Dragon Pulse|p1a: Kangaskhan\n|-damage|p1a: Kangaskhan|32/100\n|move|p1b: Incineroar|Flare Blitz|p2a: Kingambit\n|-activate|p2a: Kingambit|move: Protect\n|\n|upkeep\n|turn|5\n|\n|t:|1775991861\n|switch|p2b: Incineroar|Incineroar, L50, M|43/100\n|-enditem|p2b: Incineroar|Sitrus Berry|[eat]\n|-heal|p2b: Incineroar|68/100|[from] item: Sitrus Berry\n|-ability|p2b: Incineroar|Intimidate|boost\n|-unboost|p1a: Kangaskhan|atk|1\n|-unboost|p1b: Incineroar|atk|1\n|move|p2a: Kingambit|Sucker Punch||[still]\n|-fail|p2a: Kingambit\n|move|p1a: Kangaskhan|Double-Edge|p2a: Kingambit\n|-resisted|p2a: Kingambit|1\n|-damage|p2a: Kingambit|78/100\n|-resisted|p2a: Kingambit|1\n|-damage|p2a: Kingambit|76/100\n|-hitcount|p2a: Kingambit|2\n|-damage|p1a: Kangaskhan|28/100|[from] Recoil\n|move|p1b: Incineroar|Parting Shot|p2b: Incineroar\n|-unboost|p2b: Incineroar|atk|1\n|-unboost|p2b: Incineroar|spa|1\n|\n|t:|1775991876\n|switch|p1b: Incineroar|Incineroar, L50, M|100/100|[from] Parting Shot\n|\n|upkeep\n|turn|6\n|\n|t:|1775991887\n|switch|p1a: Incineroar|Incineroar, L50, M|100/100\n|-ability|p1a: Incineroar|Intimidate|boost\n|-unboost|p2a: Kingambit|atk|1\n|-ability|p2a: Kingambit|Defiant|boost\n|-boost|p2a: Kingambit|atk|2\n|-unboost|p2b: Incineroar|atk|1\n|move|p2b: Incineroar|Fake Out|p1a: Incineroar\n|-damage|p1a: Incineroar|96/100\n|move|p2a: Kingambit|Sucker Punch||[still]\n|-fail|p2a: Kingambit\n|move|p1b: Incineroar|Nasty Plot|p1b: Incineroar\n|-boost|p1b: Incineroar|spa|2\n|\n|upkeep\n|turn|7\n|inactive|Flakenz has 30 seconds left.\n|\n|t:|1775991915\n|switch|p1a: Kangaskhan|Kangaskhan-Mega, L50, F|28/100\n|move|p2a: Kingambit|Protect|p2a: Kingambit\n|-singleturn|p2a: Kingambit|Protect\n|move|p1b: Incineroar|Hyper Voice|p2b: Incineroar|[spread] p2b\n|-activate|p2a: Kingambit|move: Protect\n|-damage|p2b: Incineroar|7/100\n|move|p2b: Incineroar|Throat Chop|p1b: Incineroar\n|-supereffective|p1b: Incineroar|1\n|-damage|p1b: Incineroar|40/100\n|-start|p1b: Incineroar|Throat Chop|[silent]\n|replace|p1b: Zoroark|Zoroark-Hisui, L50, M\n|-end|p1b: Zoroark|Illusion\n|\n|upkeep\n|turn|8\n|inactive|ufjfdbs has 30 seconds left.\n|\n|t:|1775991941\n|move|p1a: Kangaskhan|Fake Out|p2a: Kingambit\n|-resisted|p2a: Kingambit|1\n|-damage|p2a: Kingambit|67/100\n|-resisted|p2a: Kingambit|1\n|-damage|p2a: Kingambit|66/100\n|-hitcount|p2a: Kingambit|2\n|cant|p2a: Kingambit|flinch\n|move|p1b: Zoroark|Shadow Ball|p2a: Kingambit\n|-resisted|p2a: Kingambit|1\n|-damage|p2a: Kingambit|16/100\n|move|p2b: Incineroar|Throat Chop|p1b: Zoroark\n|-supereffective|p1b: Zoroark|1\n|-damage|p1b: Zoroark|0 fnt\n|faint|p1b: Zoroark\n|\n|upkeep\n|\n|t:|1775991954\n|switch|p1b: Incineroar|Incineroar, L50, M|96/100\n|-ability|p1b: Incineroar|Intimidate|boost\n|-unboost|p2a: Kingambit|atk|1\n|-ability|p2a: Kingambit|Defiant|boost\n|-boost|p2a: Kingambit|atk|2\n|-unboost|p2b: Incineroar|atk|1\n|turn|9\n|\n|t:|1775991976\n|switch|p2b: Dragonite|Dragonite-Mega, L50, M|77/100\n|move|p2a: Kingambit|Protect|p2a: Kingambit\n|-singleturn|p2a: Kingambit|Protect\n|move|p1b: Incineroar|Fake Out|p2a: Kingambit\n|-activate|p2a: Kingambit|move: Protect\n|move|p1a: Kangaskhan|Sucker Punch||[still]\n|-fail|p1a: Kangaskhan\n|\n|upkeep\n|turn|10\n|\n|t:|1775992001\n|move|p1a: Kangaskhan|Sucker Punch||[still]\n|-fail|p1a: Kangaskhan\n|move|p2a: Kingambit|Sucker Punch|p1b: Incineroar\n|-resisted|p1b: Incineroar|1\n|-damage|p1b: Incineroar|28/100\n|-enditem|p1b: Incineroar|Sitrus Berry|[eat]\n|-heal|p1b: Incineroar|53/100|[from] item: Sitrus Berry\n|move|p2b: Dragonite|Roost|p2b: Dragonite\n|-heal|p2b: Dragonite|100/100\n|-singleturn|p2b: Dragonite|move: Roost\n|move|p1b: Incineroar|Flare Blitz|p2a: Kingambit\n|-supereffective|p2a: Kingambit|1\n|-damage|p2a: Kingambit|0 fnt\n|faint|p2a: Kingambit\n|-damage|p1b: Incineroar|49/100|[from] Recoil\n|\n|upkeep\n|\n|t:|1775992011\n|switch|p2a: Incineroar|Incineroar, L50, M|7/100\n|-ability|p2a: Incineroar|Intimidate|boost\n|-unboost|p1a: Kangaskhan|atk|1\n|-unboost|p1b: Incineroar|atk|1\n|turn|11\n|\n|t:|1775992025\n|move|p1a: Kangaskhan|Protect|p1a: Kangaskhan\n|-singleturn|p1a: Kangaskhan|Protect\n|move|p2a: Incineroar|Fake Out|p1a: Kangaskhan\n|-activate|p1a: Kangaskhan|move: Protect\n|move|p2b: Dragonite|Dragon Pulse|p1a: Kangaskhan\n|-activate|p1a: Kangaskhan|move: Protect\n|move|p1b: Incineroar|Parting Shot|p2b: Dragonite\n|-unboost|p2b: Dragonite|atk|1\n|-unboost|p2b: Dragonite|spa|1\n|\n|upkeep\n|turn|12\n|\n|t:|1775992040\n|move|p1a: Kangaskhan|Double-Edge|p2a: Incineroar\n|-damage|p2a: Incineroar|0 fnt\n|faint|p2a: Incineroar\n|-hitcount|p2: Incineroar|1\n|-damage|p1a: Kangaskhan|26/100|[from] Recoil\n|move|p2b: Dragonite|Dragon Pulse|p1a: Kangaskhan\n|-damage|p1a: Kangaskhan|0 fnt\n|faint|p1a: Kangaskhan\n|move|p1b: Incineroar|Throat Chop|p2b: Dragonite\n|-damage|p2b: Dragonite|91/100\n|-start|p2b: Dragonite|Throat Chop|[silent]\n|\n|upkeep\n|turn|13\n|\n|t:|1775992053\n|move|p2b: Dragonite|Dragon Pulse|p1b: Incineroar\n|-damage|p1b: Incineroar|17/100\n|move|p1b: Incineroar|Throat Chop|p2b: Dragonite\n|-damage|p2b: Dragonite|73/100\n|\n|-end|p2b: Dragonite|Throat Chop|[silent]\n|upkeep\n|turn|14\n|\n|t:|1775992059\n|move|p2b: Dragonite|Dragon Pulse|p1b: Incineroar\n|-damage|p1b: Incineroar|0 fnt\n|faint|p1b: Incineroar\n|\n|win|ufjfdbs\n|raw|Flakenz's rating: 1050 &rarr; <strong>1036</strong><br />(-14 for losing)\n|raw|ufjfdbs's rating: 1124 &rarr; <strong>1144</strong><br />(+20 for winning)\n",
  "uploadtime": 1775992060,
  "views": 18,
  "formatid": "gen9championsvgc2026regma",
  "rating": 1036,
  "private": 0,
  "password": null
}