{
  "id": "gen9championsvgc2026regma-2585700454",
  "format": "[Gen 9 Champions] VGC 2026 Reg M-A",
  "players": [
    "FallenJedi97",
    "willidrako4"
  ],
  "log": "|j|\u2606FallenJedi97\n|j|\u2606willidrako4\n|t:|1776364634\n|gametype|doubles\n|player|p1|FallenJedi97|zinzolin|1171\n|player|p2|willidrako4|102|1196\n|gen|9\n|tier|[Gen 9 Champions] VGC 2026 Reg M-A\n|rated|\n|rule|Species Clause: Limit one of each Pok\u00e9mon\n|rule|Item Clause: Limit 1 of each item\n|clearpoke\n|poke|p1|Aggron, L50, F|\n|poke|p1|Araquanid, L50, M|\n|poke|p1|Sinistcha, L50|\n|poke|p1|Hatterene, L50, F|\n|poke|p1|Incineroar, L50, M|\n|poke|p1|Aegislash, L50, M|\n|poke|p2|Chimecho, L50, M|\n|poke|p2|Incineroar, L50, F|\n|poke|p2|Sneasler, L50, F|\n|poke|p2|Basculegion, L50, M|\n|poke|p2|Politoed, L50, F|\n|poke|p2|Maushold, L50|\n|teampreview|4\n|j| SoleilAuLait\nFallenJedi97 rejected open team sheets.\n|inactive|Battle timer is ON: inactive players will automatically lose when time's up. (requested by FallenJedi97)\n|inactive|willidrako4 has 60 seconds left.\n|\n|t:|1776364687\n|teamsize|p1|4\n|teamsize|p2|4\n|start\n|switch|p1a: Bug of Death|Araquanid, L50, M|100/100\n|switch|p1b: White Woman|Sinistcha, L50|100/100\n|switch|p2a: Chimecho|Chimecho, L50, M|100/100\n|switch|p2b: Incineroar|Incineroar, L50, F|100/100\n|-ability|p2b: Incineroar|Intimidate|boost\n|-unboost|p1a: Bug of Death|atk|1\n|-unboost|p1b: White Woman|atk|1\n|turn|1\n|\n|t:|1776364701\n|detailschange|p2a: Chimecho|Chimecho-Mega, L50, M\n|-mega|p2a: Chimecho|Chimecho|Chimechite\n|move|p1a: Bug of Death|Protect|p1a: Bug of Death\n|-singleturn|p1a: Bug of Death|Protect\n|move|p2b: Incineroar|Fake Out|p1a: Bug of Death\n|-activate|p1a: Bug of Death|move: Protect\n|move|p2a: Chimecho|Calm Mind|p2a: Chimecho\n|-boost|p2a: Chimecho|spa|1\n|-boost|p2a: Chimecho|spd|1\n|move|p1b: White Woman|Trick Room|p1b: White Woman\n|-fieldstart|move: Trick Room|[of] p1b: White Woman\n|\n|upkeep\n|turn|2\n|inactive|FallenJedi97 has 30 seconds left.\n|inactive|willidrako4 has 30 seconds left.\n|\n|t:|1776364731\n|switch|p1a: trans rights|Aegislash, L50, M|100/100\n|switch|p1b: The Wall|Aggron, L50, F|100/100\n|move|p2b: Incineroar|Parting Shot|p1a: trans rights\n|-unboost|p1a: trans rights|atk|1\n|-unboost|p1a: trans rights|spa|1\n|\n|t:|1776364750\n|switch|p2b: Maushold|Maushold, L50|100/100|[from] Parting Shot\n|move|p2a: Chimecho|Calm Mind|p2a: Chimecho\n|-boost|p2a: Chimecho|spa|1\n|-boost|p2a: Chimecho|spd|1\n|\n|upkeep\n|turn|3\n|inactive|willidrako4 has 30 seconds left.\n|\n|t:|1776364781\n|detailschange|p1b: The Wall|Aggron-Mega, L50, F\n|-mega|p1b: The Wall|Aggron|Aggronite\n|move|p2b: Maushold|Follow Me|p2b: Maushold\n|-singleturn|p2b: Maushold|move: Follow Me\n|move|p1b: The Wall|Body Press|p2b: Maushold\n|-supereffective|p2b: Maushold|1\n|-enditem|p2b: Maushold|Focus Sash\n|-damage|p2b: Maushold|1/100\n|-formechange|p1a: trans rights|Aegislash-Blade|\n|move|p1a: trans rights|Flash Cannon|p2b: Maushold\n|-damage|p2b: Maushold|0 fnt\n|faint|p2b: Maushold\n|move|p2a: Chimecho|Stored Power|p1b: The Wall\n|-resisted|p1b: The Wall|1\n|-damage|p1b: The Wall|37/100\n|\n|upkeep\n|c|\u2606FallenJedi97|the wall stands still\n|\n|t:|1776364801\n|switch|p2b: Incineroar|Incineroar, L50, F|100/100\n|-ability|p2b: Incineroar|Intimidate|boost\n|-unboost|p1a: trans rights|atk|1\n|-unboost|p1b: The Wall|atk|1\n|turn|4\n|\n|t:|1776364821\n|move|p1b: The Wall|Protect|p1b: The Wall\n|-singleturn|p1b: The Wall|Protect\n|move|p2b: Incineroar|Fake Out|p1b: The Wall\n|-activate|p1b: The Wall|move: Protect\n|move|p1a: trans rights|Shadow Ball|p2a: Chimecho\n|-supereffective|p2a: Chimecho|1\n|-damage|p2a: Chimecho|74/100\n|-unboost|p2a: Chimecho|spd|1\n|move|p2a: Chimecho|Stored Power|p1a: trans rights\n|-resisted|p1a: trans rights|1\n|-damage|p1a: trans rights|15/100\n|\n|upkeep\n|turn|5\n|\n|t:|1776364843\n|move|p1b: The Wall|Body Press|p2b: Incineroar\n|-supereffective|p2b: Incineroar|1\n|-damage|p2b: Incineroar|23/100\n|-enditem|p2b: Incineroar|Sitrus Berry|[eat]\n|-heal|p2b: Incineroar|48/100|[from] item: Sitrus Berry\n|move|p1a: trans rights|Shadow Ball|p2a: Chimecho\n|-supereffective|p2a: Chimecho|1\n|-damage|p2a: Chimecho|35/100\n|move|p2b: Incineroar|Flare Blitz|p1b: The Wall\n|-supereffective|p1b: The Wall|1\n|-damage|p1b: The Wall|1/100\n|-status|p1b: The Wall|brn\n|-damage|p2b: Incineroar|38/100|[from] Recoil\n|move|p2a: Chimecho|Calm Mind|p2a: Chimecho\n|-boost|p2a: Chimecho|spa|1\n|-boost|p2a: Chimecho|spd|1\n|\n|-damage|p1b: The Wall|0 fnt|[from] brn\n|faint|p1b: The Wall\n|-fieldend|move: Trick Room\n|upkeep\n|inactive|FallenJedi97 has 30 seconds left.\n|\n|t:|1776364869\n|switch|p1b: Bug of Death|Araquanid, L50, M|100/100\n|turn|6\n|c|\u2606FallenJedi97|holy luck fuck me\n|\n|t:|1776364886\n|move|p1b: Bug of Death|Protect|p1b: Bug of Death\n|-singleturn|p1b: Bug of Death|Protect\n|move|p2a: Chimecho|Recover|p2a: Chimecho\n|-heal|p2a: Chimecho|85/100\n|move|p2b: Incineroar|Parting Shot|p1b: Bug of Death\n|-activate|p1b: Bug of Death|move: Protect\n|move|p1a: trans rights|Shadow Ball|p2a: Chimecho\n|-supereffective|p2a: Chimecho|1\n|-damage|p2a: Chimecho|58/100\n|\n|upkeep\n|turn|7\n|\n|t:|1776364907\n|move|p2a: Chimecho|Stored Power|p1b: Bug of Death\n|-damage|p1b: Bug of Death|0 fnt\n|faint|p1b: Bug of Death\n|move|p2b: Incineroar|Flare Blitz|p1a: trans rights\n|-supereffective|p1a: trans rights|1\n|-damage|p1a: trans rights|0 fnt\n|faint|p1a: trans rights\n|-damage|p2b: Incineroar|34/100|[from] Recoil\n|\n|upkeep\n|\n|t:|1776364913\n|switch|p1b: White Woman|Sinistcha, L50|100/100\n|turn|8\n|-message|FallenJedi97 forfeited.\n|\n|win|willidrako4\n|raw|FallenJedi97's rating: 1171 &rarr; <strong>1148</strong><br />(-23 for losing)\n|raw|willidrako4's rating: 1196 &rarr; <strong>1219</strong><br />(+23 for winning)\n|l|\u2606FallenJedi97\n|player|p1|\n",
  "uploadtime": 1776364922,
  "views": 22,
  "formatid": "gen9championsvgc2026regma",
  "rating": 1148,
  "private": 0,
  "password": null
}