{
  "id": "gen9championsvgc2026regma-2586211523",
  "format": "[Gen 9 Champions] VGC 2026 Reg M-A",
  "players": [
    "zekkeunited",
    "CEExy"
  ],
  "log": "|j|\u2606zekkeunited\n|j|\u2606CEExy\n|t:|1776412930\n|gametype|doubles\n|player|p1|zekkeunited|101|1127\n|player|p2|CEExy|hilbert|1172\n|gen|9\n|tier|[Gen 9 Champions] VGC 2026 Reg M-A\n|rated|\n|rule|Species Clause: Limit one of each Pok\u00e9mon\n|rule|Item Clause: Limit 1 of each item\n|clearpoke\n|poke|p1|Greninja-*, L50, M|\n|poke|p1|Incineroar, L50, M|\n|poke|p1|Ninetales-Alola, L50, M|\n|poke|p1|Aerodactyl, L50, F|\n|poke|p1|Aegislash, L50, M|\n|poke|p1|Rotom-Mow, L50|\n|poke|p2|Manectric, L50, F|\n|poke|p2|Aerodactyl, L50, F|\n|poke|p2|Incineroar, L50, F|\n|poke|p2|Pelipper, L50, F|\n|poke|p2|Basculegion, L50, M|\n|poke|p2|Archaludon, L50, F|\n|teampreview|4\n|inactive|Battle timer is ON: inactive players will automatically lose when time's up. (requested by zekkeunited)\n|\n|t:|1776412950\n|teamsize|p1|4\n|teamsize|p2|4\n|start\n|switch|p1a: Incineroar|Incineroar, L50, M|100/100\n|switch|p1b: Aerodactyl|Aerodactyl, L50, F|100/100\n|switch|p2a: Basculegion|Basculegion, L50, M|100/100\n|switch|p2b: Manectric|Manectric, L50, F|100/100\n|-ability|p1b: Aerodactyl|Unnerve\n|-ability|p1a: Incineroar|Intimidate|boost\n|-unboost|p2a: Basculegion|atk|1\n|-unboost|p2b: Manectric|atk|1\n|turn|1\n|\n|t:|1776412970\n|switch|p2b: Pelipper|Pelipper, L50, F|100/100\n|-weather|RainDance|[from] ability: Drizzle|[of] p2b: Pelipper\n|move|p1a: Incineroar|Fake Out|p2b: Pelipper\n|-damage|p2b: Pelipper|83/100\n|move|p2a: Basculegion|Wave Crash|p1a: Incineroar\n|-supereffective|p1a: Incineroar|1\n|-damage|p1a: Incineroar|0 fnt\n|faint|p1a: Incineroar\n|-damage|p2a: Basculegion|67/100|[from] Recoil\n|move|p1b: Aerodactyl|Tailwind|p1b: Aerodactyl\n|-sidestart|p1: zekkeunited|move: Tailwind\n|\n|-weather|RainDance|[upkeep]\n|upkeep\n|\n|t:|1776412981\n|switch|p1a: Ninetales|Ninetales-Alola, L50, M|100/100\n|-weather|Snowscape|[from] ability: Snow Warning|[of] p1a: Ninetales\n|turn|2\n|\n|t:|1776413001\n|switch|p2a: Archaludon|Archaludon, L50, F|100/100\n|move|p2b: Pelipper|Wide Guard|p2b: Pelipper\n|-singleturn|p2b: Pelipper|Wide Guard\n|move|p1b: Aerodactyl|Rock Slide|p2a: Archaludon|[spread] \n|-activate|p2a: Archaludon|move: Wide Guard\n|-activate|p2b: Pelipper|move: Wide Guard\n|move|p1a: Ninetales|Aurora Veil|p1a: Ninetales\n|-sidestart|p1: zekkeunited|move: Aurora Veil\n|\n|-weather|Snowscape|[upkeep]\n|upkeep\n|turn|3\n|\n|t:|1776413018\n|switch|p1a: Greninja|Greninja, L50, M|100/100\n|switch|p2b: Manectric|Manectric, L50, F|100/100\n|move|p2a: Archaludon|Protect|p2a: Archaludon\n|-singleturn|p2a: Archaludon|Protect\n|move|p1b: Aerodactyl|Dual Wingbeat|p2b: Manectric\n|-resisted|p2b: Manectric|1\n|-damage|p2b: Manectric|86/100\n|-resisted|p2b: Manectric|1\n|-damage|p2b: Manectric|73/100\n|-hitcount|p2b: Manectric|2\n|\n|-weather|Snowscape|[upkeep]\n|upkeep\n|turn|4\n|\n|t:|1776413036\n|switch|p2b: Pelipper|Pelipper, L50, F|83/100\n|-weather|RainDance|[from] ability: Drizzle|[of] p2b: Pelipper\n|detailschange|p1a: Greninja|Greninja-Mega, L50, M\n|-mega|p1a: Greninja|Greninja|Greninjite\n|move|p1a: Greninja|Blizzard|p2a: Archaludon|[spread] p2a,p2b\n|-start|p1a: Greninja|typechange|Ice|[from] ability: Protean\n|-damage|p2a: Archaludon|54/100\n|-damage|p2b: Pelipper|1/100\n|-ability|p2a: Archaludon|Stamina|boost\n|-boost|p2a: Archaludon|def|1\n|move|p1b: Aerodactyl|Rock Slide|p2a: Archaludon|[spread] p2a,p2b\n|-resisted|p2a: Archaludon|1\n|-supereffective|p2b: Pelipper|1\n|-damage|p2a: Archaludon|48/100\n|-damage|p2b: Pelipper|0 fnt\n|-ability|p2a: Archaludon|Stamina|boost\n|-boost|p2a: Archaludon|def|1\n|faint|p2b: Pelipper\n|move|p2a: Archaludon|Electro Shot||[still]\n|-prepare|p2a: Archaludon|Electro Shot\n|-boost|p2a: Archaludon|spa|1\n|-anim|p2a: Archaludon|Electro Shot|p1a: Greninja\n|-damage|p1a: Greninja|45/100\n|\n|-weather|RainDance|[upkeep]\n|-heal|p2a: Archaludon|54/100|[from] item: Leftovers\n|-sideend|p1: zekkeunited|move: Tailwind\n|upkeep\n|\n|t:|1776413061\n|switch|p2b: Basculegion|Basculegion, L50, M|67/100\n|turn|5\n|inactive|CEExy has 30 seconds left.\n|\n|t:|1776413090\n|switch|p1a: Ninetales|Ninetales-Alola, L50, M|100/100\n|-weather|Snowscape|[from] ability: Snow Warning|[of] p1a: Ninetales\n|move|p1b: Aerodactyl|Rock Slide|p2b: Basculegion|[spread] p2a,p2b\n|-resisted|p2a: Archaludon|1\n|-damage|p2a: Archaludon|50/100\n|-damage|p2b: Basculegion|36/100\n|-ability|p2a: Archaludon|Stamina|boost\n|-boost|p2a: Archaludon|def|1\n|cant|p2b: Basculegion|flinch\n|move|p2a: Archaludon|Flash Cannon|p1a: Ninetales\n|-supereffective|p1a: Ninetales|2\n|-damage|p1a: Ninetales|0 fnt\n|faint|p1a: Ninetales\n|\n|-weather|Snowscape|[upkeep]\n|-heal|p2a: Archaludon|56/100|[from] item: Leftovers\n|upkeep\n|\n|t:|1776413103\n|switch|p1a: Greninja|Greninja-Mega, L50, M|45/100\n|turn|6\n|inactive|CEExy has 30 seconds left.\n|\n|t:|1776413130\n|move|p2b: Basculegion|Aqua Jet|p1b: Aerodactyl\n|-supereffective|p1b: Aerodactyl|1\n|-damage|p1b: Aerodactyl|50/100\n|move|p1a: Greninja|Blizzard|p2a: Archaludon|[spread] p2a,p2b\n|-start|p1a: Greninja|typechange|Ice|[from] ability: Protean\n|-resisted|p2b: Basculegion|1\n|-damage|p2a: Archaludon|6/100\n|-damage|p2b: Basculegion|13/100\n|-ability|p2a: Archaludon|Stamina|boost\n|-boost|p2a: Archaludon|def|1\n|move|p1b: Aerodactyl|Rock Slide|p2b: Basculegion|[spread] p2a,p2b\n|-resisted|p2a: Archaludon|1\n|-damage|p2a: Archaludon|3/100\n|-damage|p2b: Basculegion|0 fnt\n|-ability|p2a: Archaludon|Stamina|boost\n|-boost|p2a: Archaludon|def|1\n|faint|p2b: Basculegion\n|move|p2a: Archaludon|Draco Meteor|p1a: Greninja\n|-damage|p1a: Greninja|0 fnt\n|-unboost|p2a: Archaludon|spa|2\n|faint|p1a: Greninja\n|\n|-weather|Snowscape|[upkeep]\n|-heal|p2a: Archaludon|9/100|[from] item: Leftovers\n|-sideend|p1: zekkeunited|move: Aurora Veil\n|upkeep\n|\n|t:|1776413143\n|switch|p2b: Manectric|Manectric, L50, F|73/100\n|turn|7\n|-message|zekkeunited forfeited.\n|\n|win|CEExy\n|raw|zekkeunited's rating: 1127 &rarr; <strong>1105</strong><br />(-22 for losing)\n|raw|CEExy's rating: 1172 &rarr; <strong>1194</strong><br />(+22 for winning)\n|l|\u2606zekkeunited\n|player|p1|\n",
  "uploadtime": 1776413157,
  "views": 18,
  "formatid": "gen9championsvgc2026regma",
  "rating": 1105,
  "private": 0,
  "password": null
}