{
  "id": "gen9championsvgc2026regma-2586938214",
  "format": "[Gen 9 Champions] VGC 2026 Reg M-A",
  "players": [
    "GiraffeOp727",
    "dondillionare"
  ],
  "log": "|j|\u2606GiraffeOp727\n|j|\u2606dondillionare\n|t:|1776473644\n|gametype|doubles\n|player|p1|GiraffeOp727|2|1000\n|player|p2|dondillionare|mars|1022\n|gen|9\n|tier|[Gen 9 Champions] VGC 2026 Reg M-A\n|rated|\n|rule|Species Clause: Limit one of each Pok\u00e9mon\n|rule|Item Clause: Limit 1 of each item\n|clearpoke\n|poke|p1|Farigiraf, L50, F|\n|poke|p1|Pikachu, L50, F|\n|poke|p1|Chimecho, L50, F|\n|poke|p1|Diggersby, L50, M|\n|poke|p1|Hydrapple, L50, M|\n|poke|p1|Torkoal, L50, F|\n|poke|p2|Meganium, L50, F|\n|poke|p2|Pelipper, L50, F|\n|poke|p2|Archaludon, L50, M|\n|poke|p2|Sneasler, L50, F|\n|poke|p2|Mimikyu, L50, F|\n|poke|p2|Crabominable, L50, M|\n|teampreview|4\n|inactive|Battle timer is ON: inactive players will automatically lose when time's up. (requested by dondillionare)\ndondillionare rejected open team sheets.\n|\n|t:|1776473682\n|teamsize|p1|4\n|teamsize|p2|4\n|start\n|switch|p1a: Mr. TR|Farigiraf, L50, F, shiny|100/100\n|switch|p1b: Mighty Mouse|Pikachu, L50, F, shiny|100/100\n|switch|p2a: Mimikyu|Mimikyu, L50, F, shiny|100/100\n|switch|p2b: Pelipper|Pelipper, L50, F|100/100\n|-weather|RainDance|[from] ability: Drizzle|[of] p2b: Pelipper\n|turn|1\n|\n|t:|1776473704\n|switch|p2b: Crabominable|Crabominable, L50, M, shiny|100/100\n|move|p1b: Mighty Mouse|Fake Out|p2b: Crabominable\n|-damage|p2b: Crabominable|84/100\n|move|p2a: Mimikyu|Shadow Claw|p2b: Crabominable\n|-crit|p2b: Crabominable\n|-damage|p2b: Crabominable|50/100\n|-setboost|p2b: Crabominable|atk|6|[from] ability: Anger Point\n|move|p1a: Mr. TR|Trick Room|p1a: Mr. TR\n|-fieldstart|move: Trick Room|[of] p1a: Mr. TR\n|\n|-weather|RainDance|[upkeep]\n|upkeep\n|turn|2\n|\n|t:|1776473728\n|switch|p1b: Eruption lol|Torkoal, L50, F, shiny|100/100\n|-weather|SunnyDay|[from] ability: Drought|[of] p1b: Eruption lol\n|detailschange|p2b: Crabominable|Crabominable-Mega, L50, M, shiny\n|-mega|p2b: Crabominable|Crabominable|Crabominite\n|move|p2b: Crabominable|Drain Punch|p1b: Eruption lol\n|-damage|p1b: Eruption lol|0 fnt\n|-heal|p2b: Crabominable|100/100|[from] drain|[of] p1b: Eruption lol\n|faint|p1b: Eruption lol\n|move|p1a: Mr. TR|Psychic|p2a: Mimikyu\n|-activate|p2a: Mimikyu|ability: Disguise\n|-damage|p2a: Mimikyu|100/100\n|detailschange|p2a: Mimikyu|Mimikyu-Busted, L50, F, shiny\n|-damage|p2a: Mimikyu|88/100|[from] pokemon: Mimikyu-Busted\n|move|p2a: Mimikyu|Draining Kiss|p1a: Mr. TR\n|-damage|p1a: Mr. TR|84/100\n|-heal|p2a: Mimikyu|100/100|[from] drain|[of] p1a: Mr. TR\n|\n|-weather|SunnyDay|[upkeep]\n|upkeep\n|c|\u2606dondillionare|thanks for the tr\n|\n|t:|1776473750\n|switch|p1b: Who uses this?|Chimecho, L50, F, shiny|100/100\n|turn|3\n|c|\u2606dondillionare|i agree\n|\n|t:|1776473768\n|switch|p1b: Mighty Mouse|Pikachu, L50, F, shiny|100/100\n|switch|p2a: Pelipper|Pelipper, L50, F|100/100\n|-weather|RainDance|[from] ability: Drizzle|[of] p2a: Pelipper\n|move|p2b: Crabominable|Ice Hammer|p1b: Mighty Mouse\n|-damage|p1b: Mighty Mouse|0 fnt\n|-unboost|p2b: Crabominable|spe|1\n|-status|p2b: Crabominable|par|[from] ability: Static|[of] p1b: Mighty Mouse\n|faint|p1b: Mighty Mouse\n|move|p1a: Mr. TR|Psychic Terrain|p1a: Mr. TR\n|-fieldstart|move: Psychic Terrain\n|\n|-weather|RainDance|[upkeep]\n|upkeep\n|\n|t:|1776473783\n|switch|p1b: Who uses this?|Chimecho, L50, F, shiny|100/100\n|turn|4\n|\n|t:|1776473791\n|detailschange|p1b: Who uses this?|Chimecho-Mega, L50, F, shiny\n|-mega|p1b: Who uses this?|Chimecho|Chimechite\n|move|p2b: Crabominable|Ice Hammer|p1b: Who uses this?\n|-resisted|p1b: Who uses this?|1\n|-damage|p1b: Who uses this?|0 fnt\n|-unboost|p2b: Crabominable|spe|1\n|faint|p1b: Who uses this?\n|move|p1a: Mr. TR|Hyper Voice|p2a: Pelipper|[spread] p2a,p2b\n|-damage|p2a: Pelipper|60/100\n|-damage|p2b: Crabominable|82/100 par\n|move|p2a: Pelipper|Knock Off|p1a: Mr. TR\n|-supereffective|p1a: Mr. TR|1\n|-crit|p1a: Mr. TR\n|-damage|p1a: Mr. TR|54/100\n|-enditem|p1a: Mr. TR|Mental Herb|[from] move: Knock Off|[of] p2a: Pelipper\n|\n|-weather|RainDance|[upkeep]\n|upkeep\n|turn|5\n|\n|t:|1776473808\n|move|p2b: Crabominable|Drain Punch|p1a: Mr. TR\n|-damage|p1a: Mr. TR|0 fnt\n|-heal|p2b: Crabominable|100/100 par|[from] drain|[of] p1a: Mr. TR\n|faint|p1a: Mr. TR\n|\n|win|dondillionare\n|raw|GiraffeOp727's rating: 1000 &rarr; <strong>1000</strong><br />(+0 for losing)\n|raw|dondillionare's rating: 1022 &rarr; <strong>1056</strong><br />(+34 for winning)\n",
  "uploadtime": 1776473814,
  "views": 18,
  "formatid": "gen9championsvgc2026regma",
  "rating": 1000,
  "private": 0,
  "password": null
}