{
  "id": "gen9championsvgc2026regma-2587641252",
  "format": "[Gen 9 Champions] VGC 2026 Reg M-A",
  "players": [
    "FallenTurtlle",
    "ordep2662"
  ],
  "log": "|j|\u2606FallenTurtlle\n|j|\u2606ordep2662\n|t:|1776549572\n|gametype|doubles\n|player|p1|FallenTurtlle|serena|1232\n|player|p2|ordep2662|hilbert|1162\n|gen|9\n|tier|[Gen 9 Champions] VGC 2026 Reg M-A\n|rated|\n|rule|Species Clause: Limit one of each Pok\u00e9mon\n|rule|Item Clause: Limit 1 of each item\n|clearpoke\n|poke|p1|Mamoswine, L50, M|\n|poke|p1|Aerodactyl, L50, F|\n|poke|p1|Incineroar, L50, F|\n|poke|p1|Meganium, L50, F, shiny|\n|poke|p1|Pelipper, L50, F|\n|poke|p1|Heliolisk, L50, F, shiny|\n|poke|p2|Incineroar, L50, M|\n|poke|p2|Gengar, L50, M, shiny|\n|poke|p2|Sinistcha, L50|\n|poke|p2|Kingambit, L50, M, shiny|\n|poke|p2|Tyranitar, L50, M|\n|poke|p2|Kommo-o, L50, M|\n|teampreview|4\n|\n|t:|1776549599\n|teamsize|p1|4\n|teamsize|p2|4\n|start\n|switch|p1a: Aerodactyl|Aerodactyl, L50, F|100/100\n|switch|p1b: Mamoswine|Mamoswine, L50, M|100/100\n|switch|p2a: Kommo-o|Kommo-o, L50, M|100/100\n|switch|p2b: Incineroar|Incineroar, L50, M|100/100\n|-ability|p1a: Aerodactyl|Unnerve\n|-ability|p2b: Incineroar|Intimidate|boost\n|-unboost|p1a: Aerodactyl|atk|1\n|-fail|p1b: Mamoswine|unboost|Attack|[from] ability: Oblivious|[of] p1b: Mamoswine\n|turn|1\n|\n|t:|1776549612\n|move|p2b: Incineroar|Fake Out|p1b: Mamoswine\n|-damage|p1b: Mamoswine|89/100\n|move|p1a: Aerodactyl|Dual Wingbeat|p2a: Kommo-o\n|-supereffective|p2a: Kommo-o|1\n|-damage|p2a: Kommo-o|75/100\n|-supereffective|p2a: Kommo-o|1\n|-damage|p2a: Kommo-o|50/100\n|-hitcount|p2a: Kommo-o|2\n|move|p2a: Kommo-o|Clangorous Soul|p2a: Kommo-o\n|-boost|p2a: Kommo-o|atk|1\n|-boost|p2a: Kommo-o|def|1\n|-boost|p2a: Kommo-o|spa|1\n|-boost|p2a: Kommo-o|spd|1\n|-boost|p2a: Kommo-o|spe|1\n|-damage|p2a: Kommo-o|17/100\n|cant|p1b: Mamoswine|flinch\n|\n|-heal|p2a: Kommo-o|23/100|[from] item: Leftovers\n|upkeep\n|turn|2\n|\n|t:|1776549639\n|switch|p2b: Sinistcha|Sinistcha, L50|100/100\n|-heal|p2a: Kommo-o|48/100|[from] ability: Hospitality|[of] p2b: Sinistcha\n|move|p2a: Kommo-o|Protect|p2a: Kommo-o\n|-singleturn|p2a: Kommo-o|Protect\n|move|p1b: Mamoswine|Ice Shard|p2a: Kommo-o\n|-activate|p2a: Kommo-o|move: Protect\n|move|p1a: Aerodactyl|Tailwind|p1a: Aerodactyl\n|-sidestart|p1: FallenTurtlle|move: Tailwind\n|\n|-heal|p2a: Kommo-o|54/100|[from] item: Leftovers\n|upkeep\n|turn|3\n|\n|t:|1776549673\n|move|p2b: Sinistcha|Rage Powder|p2b: Sinistcha\n|-singleturn|p2b: Sinistcha|move: Rage Powder\n|move|p1a: Aerodactyl|Dual Wingbeat|p2b: Sinistcha\n|-supereffective|p2b: Sinistcha|1\n|-damage|p2b: Sinistcha|77/100\n|-supereffective|p2b: Sinistcha|1\n|-damage|p2b: Sinistcha|52/100\n|-hitcount|p2b: Sinistcha|2\n|move|p1b: Mamoswine|Icicle Crash|p2b: Sinistcha\n|-supereffective|p2b: Sinistcha|1\n|-damage|p2b: Sinistcha|0 fnt\n|faint|p2b: Sinistcha\n|move|p2a: Kommo-o|Aura Sphere|p1b: Mamoswine\n|-supereffective|p1b: Mamoswine|1\n|-damage|p1b: Mamoswine|0 fnt\n|faint|p1b: Mamoswine\n|\n|-heal|p2a: Kommo-o|60/100|[from] item: Leftovers\n|upkeep\n|\n|t:|1776549702\n|switch|p2b: Incineroar|Incineroar, L50, M|100/100\n|switch|p1b: Meganium|Meganium, L50, F, shiny|100/100\n|-ability|p2b: Incineroar|Intimidate|boost\n|-unboost|p1a: Aerodactyl|atk|1\n|-unboost|p1b: Meganium|atk|1\n|turn|4\n|\n|t:|1776549728\n|switch|p1a: Pelipper|Pelipper, L50, F|100/100\n|-weather|RainDance|[from] ability: Drizzle|[of] p1a: Pelipper\n|move|p2a: Kommo-o|Protect|p2a: Kommo-o\n|-singleturn|p2a: Kommo-o|Protect\n|move|p2b: Incineroar|Fake Out|p1a: Pelipper\n|-damage|p1a: Pelipper|88/100\n|move|p1b: Meganium|Weather Ball|p2b: Incineroar\n|-supereffective|p2b: Incineroar|1\n|-damage|p2b: Incineroar|24/100\n|\n|-weather|RainDance|[upkeep]\n|-heal|p2a: Kommo-o|66/100|[from] item: Leftovers\n|upkeep\n|turn|5\n|\n|t:|1776549753\n|detailschange|p1b: Meganium|Meganium-Mega, L50, F, shiny\n|-mega|p1b: Meganium|Meganium|Meganiumite\n|move|p1b: Meganium|Dazzling Gleam|p2b: Incineroar|[spread] p2a,p2b\n|-supereffective|p2a: Kommo-o|2\n|-damage|p2a: Kommo-o|0 fnt\n|-damage|p2b: Incineroar|0 fnt\n|faint|p2a: Kommo-o\n|faint|p2b: Incineroar\n|move|p1a: Pelipper|Hurricane|p2: Kommo-o|[notarget]\n|-fail|p1a: Pelipper\n|\n|-weather|RainDance|[upkeep]\n|-sideend|p1: FallenTurtlle|move: Tailwind\n|upkeep\n|\n|t:|1776549761\n|switch|p2a: Gengar|Gengar, L50, M, shiny|100/100\n|turn|6\n|\n|t:|1776549774\n|detailschange|p2a: Gengar|Gengar-Mega, L50, M, shiny\n|-mega|p2a: Gengar|Gengar|Gengarite\n|move|p1b: Meganium|Protect|p1b: Meganium\n|-singleturn|p1b: Meganium|Protect\n|move|p2a: Gengar|Shadow Ball|p1b: Meganium\n|-activate|p1b: Meganium|move: Protect\n|move|p1a: Pelipper|Tailwind|p1a: Pelipper\n|-sidestart|p1: FallenTurtlle|move: Tailwind\n|\n|-weather|RainDance|[upkeep]\n|upkeep\n|turn|7\n|\n|t:|1776549792\n|move|p1b: Meganium|Weather Ball|p2a: Gengar\n|-damage|p2a: Gengar|16/100\n|move|p2a: Gengar|Shadow Ball|p1b: Meganium\n|-damage|p1b: Meganium|56/100\n|move|p1a: Pelipper|Weather Ball|p2a: Gengar\n|-damage|p2a: Gengar|0 fnt\n|faint|p2a: Gengar\n|\n|win|FallenTurtlle\n|raw|FallenTurtlle's rating: 1232 &rarr; <strong>1252</strong><br />(+20 for winning)\n|raw|ordep2662's rating: 1162 &rarr; <strong>1142</strong><br />(-20 for losing)\n",
  "uploadtime": 1776549793,
  "views": 11,
  "formatid": "gen9championsvgc2026regma",
  "rating": 1142,
  "private": 0,
  "password": null
}