{
  "id": "gen9championsvgc2026regma-2580984213",
  "format": "[Gen 9 Champions] VGC 2026 Reg M-A",
  "players": [
    "manzan444",
    "Cooltrainerbu"
  ],
  "log": "|j|\u2606manzan444\n|j|\u2606Cooltrainerbu\n|t:|1775949015\n|gametype|doubles\n|player|p1|manzan444|169|1046\n|player|p2|Cooltrainerbu|n|1000\n|gen|9\n|tier|[Gen 9 Champions] VGC 2026 Reg M-A\n|rated|\n|rule|Species Clause: Limit one of each Pok\u00e9mon\n|rule|Item Clause: Limit 1 of each item\n|clearpoke\n|poke|p1|Dragapult, L50, F|\n|poke|p1|Empoleon, L50, F|\n|poke|p1|Manectric, L50, M|\n|poke|p1|Incineroar, L50, M|\n|poke|p1|Mamoswine, L50, F|\n|poke|p1|Whimsicott, L50, F|\n|poke|p2|Charizard, L50, F|\n|poke|p2|Whimsicott, L50, F|\n|poke|p2|Garchomp, L50, M|\n|poke|p2|Sneasler, L50, M|\n|poke|p2|Maushold, L50|\n|poke|p2|Incineroar, L50, F|\n|teampreview|4\n|inactive|Battle timer is ON: inactive players will automatically lose when time's up. (requested by Cooltrainerbu)\n|\n|t:|1775949065\n|teamsize|p1|4\n|teamsize|p2|4\n|start\n|switch|p1a: Manectric|Manectric, L50, M|100/100\n|switch|p1b: Mamoswine|Mamoswine, L50, F|100/100\n|switch|p2a: Garchomp|Garchomp, L50, M|100/100\n|switch|p2b: Maushold|Maushold, L50|100/100\n|turn|1\n|\n|t:|1775949086\n|switch|p1a: Incineroar|Incineroar, L50, M|100/100\n|-ability|p1a: Incineroar|Intimidate|boost\n|-unboost|p2a: Garchomp|atk|1\n|-unboost|p2b: Maushold|atk|1\n|move|p2b: Maushold|Protect|p2b: Maushold\n|-singleturn|p2b: Maushold|Protect\n|move|p1b: Mamoswine|Icicle Crash|p2a: Garchomp\n|-supereffective|p2a: Garchomp|2\n|-enditem|p2a: Garchomp|Yache Berry|[eat]\n|-enditem|p2a: Garchomp|Yache Berry|[weaken]\n|-damage|p2a: Garchomp|19/100\n|cant|p2a: Garchomp|flinch\n|\n|upkeep\n|turn|2\n|inactive|Cooltrainerbu has 30 seconds left.\n|\n|t:|1775949112\n|switch|p2a: Charizard|Charizard, L50, F|100/100\n|move|p1a: Incineroar|Fake Out|p2b: Maushold\n|-damage|p2b: Maushold|83/100\n|move|p1b: Mamoswine|Icicle Crash|p2a: Charizard\n|-damage|p2a: Charizard|61/100\n|cant|p2b: Maushold|flinch\n|\n|upkeep\n|turn|3\n|\n|t:|1775949135\n|detailschange|p2a: Charizard|Charizard-Mega-Y, L50, F\n|-mega|p2a: Charizard|Charizard|Charizardite Y\n|-weather|SunnyDay|[from] ability: Drought|[of] p2a: Charizard\n|move|p2b: Maushold|Follow Me|p2b: Maushold\n|-singleturn|p2b: Maushold|move: Follow Me\n|move|p1b: Mamoswine|Icicle Crash|p2b: Maushold\n|-damage|p2b: Maushold|16/100\n|move|p2a: Charizard|Heat Wave|p1a: Incineroar|[spread] p1a,p1b\n|-resisted|p1a: Incineroar|1\n|-supereffective|p1b: Mamoswine|1\n|-damage|p1a: Incineroar|70/100\n|-damage|p1b: Mamoswine|0 fnt\n|faint|p1b: Mamoswine\n|move|p1a: Incineroar|Flare Blitz|p2b: Maushold\n|-damage|p2b: Maushold|0 fnt\n|faint|p2b: Maushold\n|-damage|p1a: Incineroar|66/100|[from] Recoil\n|\n|-weather|SunnyDay|[upkeep]\n|upkeep\n|\n|t:|1775949156\n|switch|p2b: Sneasler|Sneasler, L50, M|100/100\n|switch|p1b: Dragapult|Dragapult, L50, F|100/100\n|turn|4\n|inactive|manzan444 has 30 seconds left.\n|inactive|manzan444 has 20 seconds left.\n|inactive|manzan444 has 15 seconds left.\n|\n|t:|1775949200\n|move|p1b: Dragapult|Breaking Swipe|p2a: Charizard|[spread] p2a,p2b\n|-damage|p2a: Charizard|37/100\n|-damage|p2b: Sneasler|64/100\n|-unboost|p2a: Charizard|atk|1\n|-unboost|p2b: Sneasler|atk|1\n|-enditem|p2b: Sneasler|White Herb\n|-clearnegativeboost|p2b: Sneasler|[silent]\n|move|p2b: Sneasler|Close Combat|p1a: Incineroar\n|-supereffective|p1a: Incineroar|1\n|-damage|p1a: Incineroar|0 fnt\n|-unboost|p2b: Sneasler|def|1\n|-unboost|p2b: Sneasler|spd|1\n|faint|p1a: Incineroar\n|move|p2a: Charizard|Heat Wave|p1b: Dragapult\n|-resisted|p1b: Dragapult|1\n|-damage|p1b: Dragapult|39/100\n|\n|-weather|SunnyDay|[upkeep]\n|upkeep\n|\n|t:|1775949214\n|switch|p1a: Manectric|Manectric, L50, M|100/100\n|turn|5\n|\n|t:|1775949235\n|detailschange|p1a: Manectric|Manectric-Mega, L50, M\n|-mega|p1a: Manectric|Manectric|Manectite\n|-ability|p1a: Manectric|Intimidate|boost\n|-unboost|p2a: Charizard|atk|1\n|-unboost|p2b: Sneasler|atk|1\n|move|p2a: Charizard|Protect|p2a: Charizard\n|-singleturn|p2a: Charizard|Protect\n|move|p2b: Sneasler|Rock Tomb|p1b: Dragapult\n|-damage|p1b: Dragapult|17/100\n|move|p1b: Dragapult|Breaking Swipe|p2b: Sneasler|[spread] p2b\n|-activate|p2a: Charizard|move: Protect\n|-damage|p2b: Sneasler|4/100\n|-unboost|p2b: Sneasler|atk|1\n|move|p1a: Manectric|Snarl|p2b: Sneasler|[spread] p2b\n|-activate|p2a: Charizard|move: Protect\n|-resisted|p2b: Sneasler|1\n|-damage|p2b: Sneasler|0 fnt\n|faint|p2b: Sneasler\n|\n|-weather|SunnyDay|[upkeep]\n|upkeep\n|\n|t:|1775949256\n|switch|p2b: Garchomp|Garchomp, L50, M|19/100\n|turn|6\n|\n|t:|1775949277\n|move|p1b: Dragapult|Breaking Swipe|p2a: Charizard|[spread] p2a,p2b\n|-supereffective|p2b: Garchomp|1\n|-damage|p2a: Charizard|14/100\n|-damage|p2b: Garchomp|0 fnt\n|-unboost|p2a: Charizard|atk|1\n|-damage|p1b: Dragapult|5/100|[from] ability: Rough Skin|[of] p2b: Garchomp\n|faint|p2b: Garchomp\n|move|p1a: Manectric|Thunderbolt|p2a: Charizard\n|-supereffective|p2a: Charizard|1\n|-damage|p2a: Charizard|0 fnt\n|faint|p2a: Charizard\n|\n|win|manzan444\n|raw|manzan444's rating: 1046 &rarr; <strong>1075</strong><br />(+29 for winning)\n|raw|Cooltrainerbu's rating: 1000 &rarr; <strong>1000</strong><br />(+0 for losing)\n",
  "uploadtime": 1775949342,
  "views": 13,
  "formatid": "gen9championsvgc2026regma",
  "rating": 1000,
  "private": 0,
  "password": null
}