{
  "id": "gen9championsvgc2026regma-2587578226",
  "format": "[Gen 9 Champions] VGC 2026 Reg M-A",
  "players": [
    "Michelzinhoo",
    "jeftop"
  ],
  "log": "|j|\u2606Michelzinhoo\n|j|\u2606jeftop\n|t:|1776543878\n|gametype|doubles\n|player|p1|Michelzinhoo|nate|1047\n|player|p2|jeftop|1|1083\n|gen|9\n|tier|[Gen 9 Champions] VGC 2026 Reg M-A\n|rated|\n|rule|Species Clause: Limit one of each Pok\u00e9mon\n|rule|Item Clause: Limit 1 of each item\n|clearpoke\n|poke|p1|Tyranitar, L50, M|\n|poke|p1|Excadrill, L50, M|\n|poke|p1|Corviknight, L50, M|\n|poke|p1|Gyarados, L50, M, shiny|\n|poke|p1|Sinistcha, L50|\n|poke|p1|Rotom-Heat, L50|\n|poke|p2|Froslass, L50, F|\n|poke|p2|Orthworm, L50, M|\n|poke|p2|Garchomp, L50, F|\n|poke|p2|Basculegion, L50, M|\n|poke|p2|Incineroar, L50, F|\n|poke|p2|Clefable, L50, M|\n|teampreview|4\n|inactive|Battle timer is ON: inactive players will automatically lose when time's up. (requested by jeftop)\n|inactive|Michelzinhoo has 60 seconds left.\n|inactive|jeftop has 60 seconds left.\n|\n|t:|1776543925\n|teamsize|p1|4\n|teamsize|p2|4\n|start\n|switch|p1a: Rotom|Rotom-Heat, L50|100/100\n|switch|p1b: Tyranitar|Tyranitar, L50, M|100/100\n|switch|p2a: Incineroar|Incineroar, L50, F|100/100\n|switch|p2b: Basculegion|Basculegion, L50, M|100/100\n|-weather|Sandstorm|[from] ability: Sand Stream|[of] p1b: Tyranitar\n|-ability|p2a: Incineroar|Intimidate|boost\n|-unboost|p1a: Rotom|atk|1\n|-unboost|p1b: Tyranitar|atk|1\n|turn|1\n|\n|t:|1776543947\n|switch|p1b: Gyarados|Gyarados, L50, M, shiny|100/100\n|-ability|p1b: Gyarados|Intimidate|boost\n|-unboost|p2a: Incineroar|atk|1\n|-unboost|p2b: Basculegion|atk|1\n|move|p1a: Rotom|Protect|p1a: Rotom\n|-singleturn|p1a: Rotom|Protect\n|move|p2a: Incineroar|Fake Out|p1b: Gyarados\n|-damage|p1b: Gyarados|94/100\n|move|p2b: Basculegion|Flip Turn|p1a: Rotom\n|-activate|p1a: Rotom|move: Protect\n|\n|-weather|Sandstorm|[upkeep]\n|-damage|p2b: Basculegion|94/100|[from] Sandstorm\n|-damage|p1a: Rotom|95/100|[from] Sandstorm\n|-damage|p1b: Gyarados|88/100|[from] Sandstorm\n|-damage|p2a: Incineroar|95/100|[from] Sandstorm\n|upkeep\n|turn|2\n|inactive|Michelzinhoo has 30 seconds left.\n|inactive|Michelzinhoo has 20 seconds left.\n|inactive|Michelzinhoo has 15 seconds left.\n|inactive|Michelzinhoo has 10 seconds left.\n|inactive|Michelzinhoo has 5 seconds left.\n|\n|t:|1776543998\n|move|p2b: Basculegion|Flip Turn|p1a: Rotom\n|-supereffective|p1a: Rotom|1\n|-damage|p1a: Rotom|46/100\n|\n|t:|1776544008\n|switch|p2b: Garchomp|Garchomp, L50, F|100/100|[from] Flip Turn\n|move|p1a: Rotom|Will-O-Wisp|p2b: Garchomp\n|-status|p2b: Garchomp|brn\n|move|p1b: Gyarados|Waterfall|p2b: Garchomp\n|-damage|p2b: Garchomp|68/100 brn\n|-damage|p1b: Gyarados|75/100|[from] ability: Rough Skin|[of] p2b: Garchomp\n|move|p2a: Incineroar|Parting Shot|p1b: Gyarados\n|-unboost|p1b: Gyarados|atk|1\n|-unboost|p1b: Gyarados|spa|1\n|\n|t:|1776544025\n|switch|p2a: Basculegion|Basculegion, L50, M|94/100|[from] Parting Shot\n|\n|-weather|Sandstorm|[upkeep]\n|-damage|p2a: Basculegion|88/100|[from] Sandstorm\n|-damage|p1a: Rotom|41/100|[from] Sandstorm\n|-damage|p1b: Gyarados|69/100|[from] Sandstorm\n|-damage|p2b: Garchomp|62/100 brn|[from] brn\n|upkeep\n|turn|3\n|inactive|Michelzinhoo has 30 seconds left.\n|inactive|Michelzinhoo has 20 seconds left.\n|inactive|Michelzinhoo has 15 seconds left.\n|\n|t:|1776544066\n|move|p1a: Rotom|Protect|p1a: Rotom\n|-singleturn|p1a: Rotom|Protect\n|move|p2a: Basculegion|Flip Turn|p1a: Rotom\n|-activate|p1a: Rotom|move: Protect\n|move|p2b: Garchomp|Rock Slide|p1b: Gyarados|[spread] p1b\n|-activate|p1a: Rotom|move: Protect\n|-supereffective|p1b: Gyarados|1\n|-damage|p1b: Gyarados|52/100\n|move|p1b: Gyarados|Waterfall|p2b: Garchomp\n|-damage|p2b: Garchomp|39/100 brn\n|-damage|p1b: Gyarados|40/100|[from] ability: Rough Skin|[of] p2b: Garchomp\n|\n|-weather|Sandstorm|[upkeep]\n|-damage|p2a: Basculegion|82/100|[from] Sandstorm\n|-damage|p1a: Rotom|35/100|[from] Sandstorm\n|-damage|p1b: Gyarados|34/100|[from] Sandstorm\n|-damage|p2b: Garchomp|33/100 brn|[from] brn\n|upkeep\n|turn|4\n|inactive|Michelzinhoo has 30 seconds left.\n|\n|t:|1776544096\n|switch|p1b: Excadrill|Excadrill, L50, M|100/100\n|move|p2a: Basculegion|Flip Turn|p1a: Rotom\n|-supereffective|p1a: Rotom|1\n|-damage|p1a: Rotom|0 fnt\n|faint|p1a: Rotom\n|\n|t:|1776544110\n|switch|p2a: Froslass|Froslass, L50, F|100/100|[from] Flip Turn\n|move|p2b: Garchomp|Rock Slide|p1b: Excadrill\n|-resisted|p1b: Excadrill|2\n|-damage|p1b: Excadrill|96/100\n|\n|-weather|Sandstorm|[upkeep]\n|-damage|p2a: Froslass|94/100|[from] Sandstorm\n|-damage|p2b: Garchomp|27/100 brn|[from] brn\n|upkeep\n|\n|t:|1776544121\n|switch|p1a: Tyranitar|Tyranitar, L50, M|100/100\n|turn|5\n|\n|t:|1776544146\n|switch|p1b: Gyarados|Gyarados, L50, M, shiny|34/100\n|-ability|p1b: Gyarados|Intimidate|boost\n|-unboost|p2a: Froslass|atk|1\n|-unboost|p2b: Garchomp|atk|1\n|-enditem|p2b: Garchomp|White Herb\n|-clearnegativeboost|p2b: Garchomp|[silent]\n|switch|p2a: Incineroar|Incineroar, L50, F|95/100\n|-ability|p2a: Incineroar|Intimidate|boost\n|-unboost|p1a: Tyranitar|atk|1\n|-unboost|p1b: Gyarados|atk|1\n|move|p1a: Tyranitar|Protect|p1a: Tyranitar\n|-singleturn|p1a: Tyranitar|Protect\n|move|p2b: Garchomp|Dragon Claw|p1a: Tyranitar\n|-activate|p1a: Tyranitar|move: Protect\n|\n|-weather|none\n|-damage|p2b: Garchomp|21/100 brn|[from] brn\n|upkeep\n|turn|6\n|inactive|Michelzinhoo has 30 seconds left.\n|inactive|Michelzinhoo has 20 seconds left.\n|inactive|Michelzinhoo has 15 seconds left.\n|inactive|Michelzinhoo has 10 seconds left.\n|\n|t:|1776544192\n|move|p1b: Gyarados|Protect|p1b: Gyarados\n|-singleturn|p1b: Gyarados|Protect\n|move|p2a: Incineroar|Fake Out|p1b: Gyarados\n|-activate|p1b: Gyarados|move: Protect\n|move|p2b: Garchomp|Rock Slide|p1a: Tyranitar|[spread] p1a\n|-activate|p1b: Gyarados|move: Protect\n|-damage|p1a: Tyranitar|93/100\n|move|p1a: Tyranitar|Rock Slide|p2a: Incineroar|[spread] p2b\n|-miss|p1a: Tyranitar|p2a: Incineroar\n|-resisted|p2b: Garchomp|1\n|-damage|p2b: Garchomp|11/100 brn\n|\n|-damage|p2b: Garchomp|5/100 brn|[from] brn\n|upkeep\n|turn|7\n|inactive|Michelzinhoo has 30 seconds left.\n|inactive|jeftop has 30 seconds left.\n|inactive|Michelzinhoo has 20 seconds left.\n|\n|t:|1776544231\n|switch|p1a: Excadrill|Excadrill, L50, M|96/100\n|move|p2b: Garchomp|Rock Slide|p1a: Excadrill|[spread] p1a,p1b\n|-resisted|p1a: Excadrill|2\n|-supereffective|p1b: Gyarados|1\n|-damage|p1a: Excadrill|93/100\n|-damage|p1b: Gyarados|16/100\n|move|p1b: Gyarados|Waterfall|p2a: Incineroar\n|-supereffective|p2a: Incineroar|1\n|-damage|p2a: Incineroar|55/100\n|move|p2a: Incineroar|Parting Shot|p1a: Excadrill\n|-unboost|p1a: Excadrill|atk|1\n|-unboost|p1a: Excadrill|spa|1\n|\n|t:|1776544244\n|switch|p2a: Basculegion|Basculegion, L50, M|82/100|[from] Parting Shot\n|\n|-damage|p2b: Garchomp|0 fnt|[from] brn\n|faint|p2b: Garchomp\n|upkeep\n|\n|t:|1776544249\n|switch|p2b: Incineroar|Incineroar, L50, F|55/100\n|-ability|p2b: Incineroar|Intimidate|boost\n|-unboost|p1a: Excadrill|atk|1\n|-unboost|p1b: Gyarados|atk|1\n|turn|8\n|inactive|Michelzinhoo has 30 seconds left.\n|inactive|Michelzinhoo has 20 seconds left.\n|\n|t:|1776544284\n|switch|p1a: Tyranitar|Tyranitar, L50, M|93/100\n|-weather|Sandstorm|[from] ability: Sand Stream|[of] p1a: Tyranitar\n|move|p2b: Incineroar|Fake Out|p1b: Gyarados\n|-damage|p1b: Gyarados|6/100\n|move|p2a: Basculegion|Flip Turn|p1a: Tyranitar\n|-supereffective|p1a: Tyranitar|1\n|-damage|p1a: Tyranitar|31/100\n|\n|t:|1776544294\n|switch|p2a: Froslass|Froslass, L50, F|94/100|[from] Flip Turn\n|cant|p1b: Gyarados|flinch\n|\n|-weather|Sandstorm|[upkeep]\n|-damage|p2a: Froslass|88/100|[from] Sandstorm\n|-damage|p1b: Gyarados|0 fnt|[from] Sandstorm\n|-damage|p2b: Incineroar|49/100|[from] Sandstorm\n|faint|p1b: Gyarados\n|upkeep\n|\n|t:|1776544304\n|switch|p1b: Excadrill|Excadrill, L50, M|93/100\n|turn|9\n|\n|t:|1776544325\n|move|p2a: Froslass|Protect|p2a: Froslass\n|-singleturn|p2a: Froslass|Protect\n|move|p1a: Tyranitar|Protect|p1a: Tyranitar\n|-singleturn|p1a: Tyranitar|Protect\n|move|p1b: Excadrill|Earthquake|p2a: Froslass|[spread] p2b\n|-activate|p1a: Tyranitar|move: Protect\n|-activate|p2a: Froslass|move: Protect\n|-supereffective|p2b: Incineroar|1\n|-damage|p2b: Incineroar|0 fnt\n|faint|p2b: Incineroar\n|\n|-weather|Sandstorm|[upkeep]\n|-damage|p2a: Froslass|82/100|[from] Sandstorm\n|upkeep\n|\n|t:|1776544336\n|switch|p2b: Basculegion|Basculegion, L50, M|82/100\n|turn|10\n|\n|t:|1776544359\n|detailschange|p2a: Froslass|Froslass-Mega, L50, F\n|-mega|p2a: Froslass|Froslass|Froslassite\n|-weather|Snowscape|[from] ability: Snow Warning|[of] p2a: Froslass\n|detailschange|p1a: Tyranitar|Tyranitar-Mega, L50, M\n|-mega|p1a: Tyranitar|Tyranitar|Tyranitarite\n|-weather|Sandstorm|[from] ability: Sand Stream|[of] p1a: Tyranitar\n|move|p1b: Excadrill|Rock Slide|p2a: Froslass|[spread] p2a,p2b\n|-supereffective|p2a: Froslass|1\n|-damage|p2a: Froslass|3/100\n|-damage|p2b: Basculegion|56/100\n|cant|p2b: Basculegion|flinch\n|move|p2a: Froslass|Blizzard|p1a: Tyranitar|[spread] p1a,p1b\n|-crit|p1a: Tyranitar\n|-damage|p1a: Tyranitar|2/100\n|-damage|p1b: Excadrill|37/100\n|move|p1a: Tyranitar|Crunch|p2b: Basculegion\n|-supereffective|p2b: Basculegion|1\n|-damage|p2b: Basculegion|0 fnt\n|faint|p2b: Basculegion\n|\n|-weather|Sandstorm|[upkeep]\n|-damage|p2a: Froslass|0 fnt|[from] Sandstorm\n|faint|p2a: Froslass\n|\n|win|Michelzinhoo\n|raw|Michelzinhoo's rating: 1047 &rarr; <strong>1083</strong><br />(+36 for winning)\n|raw|jeftop's rating: 1083 &rarr; <strong>1058</strong><br />(-25 for losing)\n|l|\u2606jeftop\n|player|p2|\n",
  "uploadtime": 1776544385,
  "views": 27,
  "formatid": "gen9championsvgc2026regma",
  "rating": 1058,
  "private": 0,
  "password": null
}