{
  "id": "gen9championsvgc2026regma-2588620289",
  "format": "[Gen 9 Champions] VGC 2026 Reg M-A",
  "players": [
    "Absback910",
    "thicc latina lover"
  ],
  "log": "|j|\u2606Absback910\n|j|\u2606thicc latina lover\n|t:|1776650827\n|gametype|doubles\n|player|p1|Absback910|101|1367\n|player|p2|thicc latina lover|skyla|1434\n|gen|9\n|tier|[Gen 9 Champions] VGC 2026 Reg M-A\n|rated|\n|rule|Species Clause: Limit one of each Pok\u00e9mon\n|rule|Item Clause: Limit 1 of each item\n|clearpoke\n|poke|p1|Aggron, L50, F|\n|poke|p1|Farigiraf, L50, F|\n|poke|p1|Sinistcha, L50|\n|poke|p1|Incineroar, L50, F, shiny|\n|poke|p1|Sneasler, L50, M|\n|poke|p1|Blastoise, L50, M|\n|poke|p2|Venusaur, L50, F, shiny|\n|poke|p2|Maushold, L50|\n|poke|p2|Basculegion, L50, M|\n|poke|p2|Sneasler, L50, M|\n|poke|p2|Kingambit, L50, M|\n|poke|p2|Gardevoir, L50, F|\n|teampreview|4\n|inactive|Battle timer is ON: inactive players will automatically lose when time's up. (requested by Absback910)\n|\n|t:|1776650853\n|teamsize|p1|4\n|teamsize|p2|4\n|start\n|switch|p1a: Aggron|Aggron, L50, F|100/100\n|switch|p1b: Farigiraf|Farigiraf, L50, F|100/100\n|switch|p2a: Venusaur|Venusaur, L50, F, shiny|100/100\n|switch|p2b: Maushold|Maushold, L50|100/100\n|turn|1\n|\n|t:|1776650870\n|detailschange|p2a: Venusaur|Venusaur-Mega, L50, F, shiny\n|-mega|p2a: Venusaur|Venusaur|Venusaurite\n|detailschange|p1a: Aggron|Aggron-Mega, L50, F\n|-mega|p1a: Aggron|Aggron|Aggronite\n|move|p2b: Maushold|Taunt|p1b: Farigiraf\n|-start|p1b: Farigiraf|move: Taunt\n|move|p2a: Venusaur|Leech Seed|p1b: Farigiraf|[miss]\n|-miss|p2a: Venusaur|p1b: Farigiraf\n|move|p1a: Aggron|Iron Defense|p1a: Aggron\n|-boost|p1a: Aggron|def|2\n|cant|p1b: Farigiraf|move: Taunt|Trick Room\n|\n|upkeep\n|turn|2\n|\n|t:|1776650892\n|switch|p1b: Sinistcha|Sinistcha, L50|100/100\n|move|p2b: Maushold|Follow Me|p2b: Maushold\n|-singleturn|p2b: Maushold|move: Follow Me\n|move|p2a: Venusaur|Leech Seed|p1a: Aggron\n|-start|p1a: Aggron|move: Leech Seed\n|move|p1a: Aggron|Body Press|p2b: Maushold\n|-supereffective|p2b: Maushold|1\n|-enditem|p2b: Maushold|Chople Berry|[eat]\n|-enditem|p2b: Maushold|Chople Berry|[weaken]\n|-damage|p2b: Maushold|13/100\n|\n|-damage|p1a: Aggron|88/100|[from] Leech Seed|[of] p2a: Venusaur\n|upkeep\n|turn|3\n|\n|t:|1776650916\n|move|p2b: Maushold|Protect|p2b: Maushold\n|-singleturn|p2b: Maushold|Protect\n|move|p2a: Venusaur|Giga Drain|p1a: Aggron\n|-resisted|p1a: Aggron|1\n|-damage|p1a: Aggron|75/100\n|move|p1b: Sinistcha|Matcha Gotcha|p2a: Venusaur|[spread] p2a\n|-activate|p2b: Maushold|move: Protect\n|-resisted|p2a: Venusaur|2\n|-damage|p2a: Venusaur|98/100\n|move|p1a: Aggron|Body Press|p2a: Venusaur\n|-resisted|p2a: Venusaur|1\n|-damage|p2a: Venusaur|73/100\n|\n|-damage|p1a: Aggron|63/100|[from] Leech Seed|[of] p2a: Venusaur\n|-heal|p2a: Venusaur|85/100|[silent]\n|upkeep\n|turn|4\n|\n|t:|1776650941\n|move|p2b: Maushold|Super Fang|p1a: Aggron\n|-damage|p1a: Aggron|32/100\n|move|p2a: Venusaur|Giga Drain|p1a: Aggron\n|-resisted|p1a: Aggron|1\n|-damage|p1a: Aggron|18/100\n|-heal|p2a: Venusaur|91/100|[from] drain|[of] p1a: Aggron\n|move|p1b: Sinistcha|Life Dew||[still]|[spread] p1a,p1b\n|-heal|p1a: Aggron|43/100\n|-fail|p1b: Sinistcha|heal\n|move|p1a: Aggron|Body Press|p2a: Venusaur\n|-resisted|p2a: Venusaur|1\n|-damage|p2a: Venusaur|70/100\n|\n|-damage|p1a: Aggron|30/100|[from] Leech Seed|[of] p2a: Venusaur\n|-heal|p2a: Venusaur|82/100|[silent]\n|upkeep\n|turn|5\n|\n|t:|1776650960\n|switch|p1a: Farigiraf|Farigiraf, L50, F|100/100\n|move|p2b: Maushold|Taunt|p1b: Sinistcha\n|-start|p1b: Sinistcha|move: Taunt\n|move|p2a: Venusaur|Giga Drain|p1a: Farigiraf\n|-damage|p1a: Farigiraf|76/100\n|-heal|p2a: Venusaur|97/100|[from] drain|[of] p1a: Farigiraf\n|cant|p1b: Sinistcha|move: Taunt|Trick Room\n|\n|upkeep\n|turn|6\n|inactive|Absback910 has 30 seconds left.\n|\n|t:|1776650986\n|switch|p1b: Aggron|Aggron-Mega, L50, F|30/100\n|move|p2b: Maushold|Taunt|p1a: Farigiraf\n|-start|p1a: Farigiraf|move: Taunt\n|move|p2a: Venusaur|Leech Seed|p1a: Farigiraf\n|-start|p1a: Farigiraf|move: Leech Seed\n|move|p1a: Farigiraf|Psychic|p2b: Maushold\n|-damage|p2b: Maushold|0 fnt\n|faint|p2b: Maushold\n|\n|-damage|p1a: Farigiraf|64/100|[from] Leech Seed|[of] p2a: Venusaur\n|-heal|p2a: Venusaur|100/100|[silent]\n|upkeep\n|\n|t:|1776651003\n|switch|p2b: Basculegion|Basculegion, L50, M|100/100\n|turn|7\n|\n|t:|1776651017\n|switch|p1a: Sinistcha|Sinistcha, L50|100/100\n|-heal|p1b: Aggron|55/100|[from] ability: Hospitality|[of] p1a: Sinistcha\n|move|p2b: Basculegion|Last Respects|p1a: Sinistcha\n|-supereffective|p1a: Sinistcha|1\n|-damage|p1a: Sinistcha|0 fnt\n|faint|p1a: Sinistcha\n|move|p2a: Venusaur|Leech Seed|p1b: Aggron\n|-start|p1b: Aggron|move: Leech Seed\n|move|p1b: Aggron|Heavy Slam|p2b: Basculegion\n|-resisted|p2b: Basculegion|1\n|-damage|p2b: Basculegion|82/100\n|\n|-damage|p1b: Aggron|43/100|[from] Leech Seed|[of] p2a: Venusaur\n|upkeep\n|-message|Absback910 forfeited.\n|\n|win|thicc latina lover\n|raw|Absback910's rating: 1367 &rarr; <strong>1351</strong><br />(-16 for losing)\n|raw|thicc latina lover's rating: 1434 &rarr; <strong>1450</strong><br />(+16 for winning)\n",
  "uploadtime": 1776651040,
  "views": 6,
  "formatid": "gen9championsvgc2026regma",
  "rating": 1351,
  "private": 0,
  "password": null
}