{
  "id": "gen9championsvgc2026regma-2583457206",
  "format": "[Gen 9 Champions] VGC 2026 Reg M-A",
  "players": [
    "wapin",
    "Disfrazdetigre"
  ],
  "log": "|j|\u2606wapin\n|j|\u2606Disfrazdetigre\n|t:|1776176887\n|gametype|doubles\n|player|p1|wapin|aromalady|1133\n|player|p2|Disfrazdetigre|102|1176\n|gen|9\n|tier|[Gen 9 Champions] VGC 2026 Reg M-A\n|rated|\n|rule|Species Clause: Limit one of each Pok\u00e9mon\n|rule|Item Clause: Limit 1 of each item\n|clearpoke\n|poke|p1|Aggron, L50, M|\n|poke|p1|Sinistcha, L50|\n|poke|p1|Alakazam, L50, F|\n|poke|p1|Incineroar, L50, F|\n|poke|p1|Clawitzer, L50, M|\n|poke|p1|Gyarados, L50, F|\n|poke|p2|Sableye, L50, M|\n|poke|p2|Aerodactyl, L50, F|\n|poke|p2|Medicham, L50, M|\n|poke|p2|Vanilluxe, L50, F|\n|poke|p2|Milotic, L50, F|\n|poke|p2|Runerigus, L50, M|\n|teampreview|4\n|inactive|Battle timer is ON: inactive players will automatically lose when time's up. (requested by wapin)\n|c|\u2606wapin|gl h\nwapin rejected open team sheets.\n|c|\u2606Disfrazdetigre|Same\n|inactive|wapin has 60 seconds left.\n|\n|t:|1776176920\n|teamsize|p1|4\n|teamsize|p2|4\n|start\n|switch|p1a: Aggron|Aggron, L50, M|100/100\n|switch|p1b: Alakazam|Alakazam, L50, F|100/100\n|switch|p2a: Vanilluxe|Vanilluxe, L50, F|100/100\n|switch|p2b: Milotic|Milotic, L50, F|100/100\n|-weather|Snowscape|[from] ability: Snow Warning|[of] p2a: Vanilluxe\n|turn|1\n|\n|t:|1776176930\n|detailschange|p1a: Aggron|Aggron-Mega, L50, M\n|-mega|p1a: Aggron|Aggron|Aggronite\n|move|p2a: Vanilluxe|Blizzard|p1b: Alakazam|[spread] p1a,p1b\n|-resisted|p1a: Aggron|1\n|-damage|p1a: Aggron|82/100\n|-damage|p1b: Alakazam|50/100\n|move|p1b: Alakazam|Light Screen|p1b: Alakazam\n|-sidestart|p1: wapin|move: Light Screen\n|move|p2b: Milotic|Scald|p1a: Aggron\n|-damage|p1a: Aggron|66/100\n|move|p1a: Aggron|Heavy Slam|p2a: Vanilluxe\n|-supereffective|p2a: Vanilluxe|1\n|-damage|p2a: Vanilluxe|0 fnt\n|faint|p2a: Vanilluxe\n|\n|-weather|Snowscape|[upkeep]\n|upkeep\n|\n|t:|1776176946\n|switch|p2a: Sableye|Sableye, L50, M|100/100\n|turn|2\n|\n|t:|1776176959\n|switch|p1b: Sinistcha|Sinistcha, L50|100/100\n|-heal|p1a: Aggron|90/100|[from] ability: Hospitality|[of] p1b: Sinistcha\n|move|p1a: Aggron|Protect|p1a: Aggron\n|-singleturn|p1a: Aggron|Protect\n|move|p2a: Sableye|Encore||[still]\n|-fail|p2a: Sableye\n|move|p2b: Milotic|Scald|p1a: Aggron\n|-activate|p1a: Aggron|move: Protect\n|\n|-weather|Snowscape|[upkeep]\n|upkeep\n|turn|3\n|\n|t:|1776176980\n|switch|p1a: Alakazam|Alakazam, L50, F|50/100\n|move|p2b: Milotic|Scald|p1b: Sinistcha\n|-resisted|p1b: Sinistcha|1\n|-damage|p1b: Sinistcha|89/100\n|move|p1b: Sinistcha|Matcha Gotcha|p2b: Milotic|[spread] p2a,p2b\n|-supereffective|p2b: Milotic|1\n|-damage|p2a: Sableye|69/100\n|-heal|p1b: Sinistcha|100/100|[from] drain|[of] p2a: Sableye\n|-damage|p2b: Milotic|65/100\n|-status|p2b: Milotic|brn\n|move|p2a: Sableye|Knock Off|p1b: Sinistcha\n|-supereffective|p1b: Sinistcha|1\n|-crit|p1b: Sinistcha\n|-damage|p1b: Sinistcha|45/100\n|-enditem|p1b: Sinistcha|Sitrus Berry|[from] move: Knock Off|[of] p2a: Sableye\n|\n|-weather|Snowscape|[upkeep]\n|-heal|p2b: Milotic|71/100 brn|[from] item: Leftovers\n|-damage|p2b: Milotic|65/100 brn|[from] brn\n|upkeep\n|turn|4\n|inactive|wapin has 30 seconds left.\n|inactive|Disfrazdetigre has 30 seconds left.\n|inactive|Disfrazdetigre has 20 seconds left.\n|\n|t:|1776177018\n|switch|p1b: Aggron|Aggron-Mega, L50, M|90/100\n|move|p2b: Milotic|Protect|p2b: Milotic\n|-singleturn|p2b: Milotic|Protect\n|move|p1a: Alakazam|Speed Swap|p1b: Aggron\n|-activate|p1a: Alakazam|move: Speed Swap|[of] p1b: Aggron\n|move|p2a: Sableye|Knock Off|p1b: Aggron\n|-damage|p1b: Aggron|80/100\n|\n|-weather|Snowscape|[upkeep]\n|-heal|p2b: Milotic|71/100 brn|[from] item: Leftovers\n|-damage|p2b: Milotic|65/100 brn|[from] brn\n|upkeep\n|turn|5\n|inactive|wapin has 30 seconds left.\n|\n|t:|1776177046\n|move|p1a: Alakazam|Protect|p1a: Alakazam\n|-singleturn|p1a: Alakazam|Protect\n|move|p1b: Aggron|Body Press|p2b: Milotic\n|-damage|p2b: Milotic|38/100 brn\n|move|p2b: Milotic|Scald|p1b: Aggron\n|-damage|p1b: Aggron|62/100\n|-status|p1b: Aggron|brn\n|move|p2a: Sableye|Knock Off|p1a: Alakazam\n|-activate|p1a: Alakazam|move: Protect\n|\n|-weather|none\n|-heal|p2b: Milotic|44/100 brn|[from] item: Leftovers\n|-damage|p1b: Aggron|56/100 brn|[from] brn\n|-damage|p2b: Milotic|38/100 brn|[from] brn\n|-sideend|p1: wapin|move: Light Screen\n|upkeep\n|turn|6\n|\n|t:|1776177066\n|switch|p1a: Incineroar|Incineroar, L50, F|100/100\n|-ability|p1a: Incineroar|Intimidate|boost\n|-unboost|p2a: Sableye|atk|1\n|-unboost|p2b: Milotic|atk|1\n|-ability|p2b: Milotic|Competitive|boost\n|-boost|p2b: Milotic|spa|2\n|move|p1b: Aggron|Body Press|p2b: Milotic\n|-damage|p2b: Milotic|24/100 brn\n|move|p2b: Milotic|Recover|p2b: Milotic\n|-heal|p2b: Milotic|74/100 brn\n|move|p2a: Sableye|Knock Off|p1a: Incineroar\n|-resisted|p1a: Incineroar|1\n|-damage|p1a: Incineroar|92/100\n|-enditem|p1a: Incineroar|Bright Powder|[from] move: Knock Off|[of] p2a: Sableye\n|\n|-heal|p2b: Milotic|80/100 brn|[from] item: Leftovers\n|-damage|p1b: Aggron|50/100 brn|[from] brn\n|-damage|p2b: Milotic|74/100 brn|[from] brn\n|upkeep\n|turn|7\n|inactive|wapin has 30 seconds left.\n|inactive|Disfrazdetigre has 30 seconds left.\n|inactive|wapin has 20 seconds left.\n|\n|t:|1776177102\n|move|p1b: Aggron|Body Press|p2b: Milotic\n|-damage|p2b: Milotic|60/100 brn\n|move|p2b: Milotic|Scald|p1a: Incineroar\n|-supereffective|p1a: Incineroar|1\n|-damage|p1a: Incineroar|0 fnt\n|faint|p1a: Incineroar\n|move|p2a: Sableye|Knock Off|p1b: Aggron\n|-damage|p1b: Aggron|43/100 brn\n|\n|-heal|p2b: Milotic|66/100 brn|[from] item: Leftovers\n|-damage|p1b: Aggron|37/100 brn|[from] brn\n|-damage|p2b: Milotic|60/100 brn|[from] brn\n|upkeep\n|\n|t:|1776177109\n|switch|p1a: Sinistcha|Sinistcha, L50|45/100\n|-heal|p1b: Aggron|62/100 brn|[from] ability: Hospitality|[of] p1a: Sinistcha\n|turn|8\n|\n|t:|1776177116\n|move|p1b: Aggron|Protect|p1b: Aggron\n|-singleturn|p1b: Aggron|Protect\n|move|p2b: Milotic|Icy Wind|p1a: Sinistcha|[spread] p1a\n|-activate|p1b: Aggron|move: Protect\n|-supereffective|p1a: Sinistcha|1\n|-damage|p1a: Sinistcha|0 fnt\n|faint|p1a: Sinistcha\n|move|p2a: Sableye|Knock Off|p1b: Aggron\n|-activate|p1b: Aggron|move: Protect\n|\n|-heal|p2b: Milotic|66/100 brn|[from] item: Leftovers\n|-damage|p1b: Aggron|56/100 brn|[from] brn\n|-damage|p2b: Milotic|60/100 brn|[from] brn\n|upkeep\n|\n|t:|1776177122\n|switch|p1a: Alakazam|Alakazam, L50, F|50/100\n|turn|9\n|\n|t:|1776177133\n|move|p2a: Sableye|Encore|p1b: Aggron\n|-start|p1b: Aggron|Encore\n|move|p1b: Aggron|Protect|p1b: Aggron\n|-singleturn|p1b: Aggron|Protect\n|move|p1a: Alakazam|Light Screen|p1a: Alakazam\n|-sidestart|p1: wapin|move: Light Screen\n|move|p2b: Milotic|Scald|p1a: Alakazam\n|-damage|p1a: Alakazam|8/100\n|\n|-heal|p2b: Milotic|66/100 brn|[from] item: Leftovers\n|-damage|p1b: Aggron|50/100 brn|[from] brn\n|-damage|p2b: Milotic|60/100 brn|[from] brn\n|upkeep\n|turn|10\n|c|\u2606wapin|gg\n|\n|t:|1776177146\n|move|p1b: Aggron|Protect||[still]\n|-fail|p1b: Aggron\n|move|p2a: Sableye|Encore|p1a: Alakazam\n|-start|p1a: Alakazam|Encore\n|move|p1a: Alakazam|Light Screen||[still]\n|-fail|p1a: Alakazam\n|move|p2b: Milotic|Icy Wind|p1a: Alakazam|[spread] p1a,p1b\n|-resisted|p1b: Aggron|1\n|-damage|p1a: Alakazam|0 fnt\n|-damage|p1b: Aggron|44/100 brn\n|-unboost|p1b: Aggron|spe|1\n|faint|p1a: Alakazam\n|\n|-heal|p2b: Milotic|66/100 brn|[from] item: Leftovers\n|-damage|p1b: Aggron|38/100 brn|[from] brn\n|-damage|p2b: Milotic|60/100 brn|[from] brn\n|upkeep\n|turn|11\n|\n|t:|1776177159\n|move|p1b: Aggron|Protect|p1b: Aggron\n|-singleturn|p1b: Aggron|Protect\n|move|p2a: Sableye|Disable|p1b: Aggron\n|-activate|p1b: Aggron|move: Protect\n|move|p2b: Milotic|Scald|p1b: Aggron\n|-activate|p1b: Aggron|move: Protect\n|\n|-heal|p2b: Milotic|66/100 brn|[from] item: Leftovers\n|-damage|p1b: Aggron|33/100 brn|[from] brn\n|-damage|p2b: Milotic|60/100 brn|[from] brn\n|-end|p1b: Aggron|Encore\n|upkeep\n|turn|12\n|\n|t:|1776177164\n|move|p2a: Sableye|Encore|p1b: Aggron\n|-start|p1b: Aggron|Encore\n|move|p1b: Aggron|Protect||[still]\n|-fail|p1b: Aggron\n|move|p2b: Milotic|Scald|p1b: Aggron\n|-crit|p1b: Aggron\n|-damage|p1b: Aggron|0 fnt\n|faint|p1b: Aggron\n|\n|win|Disfrazdetigre\n|raw|wapin's rating: 1133 &rarr; <strong>1111</strong><br />(-22 for losing)\n|raw|Disfrazdetigre's rating: 1176 &rarr; <strong>1198</strong><br />(+22 for winning)\n|l|\u2606wapin\n|player|p1|\n",
  "uploadtime": 1776177177,
  "views": 18,
  "formatid": "gen9championsvgc2026regma",
  "rating": 1111,
  "private": 0,
  "password": null
}