{
  "id": "gen9championsvgc2026regma-2582511914",
  "format": "[Gen 9 Champions] VGC 2026 Reg M-A",
  "players": [
    "xylophoned",
    "ajisainoyoru"
  ],
  "log": "|j|\u2606xylophoned\n|j|\u2606ajisainoyoru\n|t:|1776096399\n|gametype|doubles\n|player|p1|xylophoned|will|1048\n|player|p2|ajisainoyoru|miku-flying|1039\n|gen|9\n|tier|[Gen 9 Champions] VGC 2026 Reg M-A\n|rated|\n|rule|Species Clause: Limit one of each Pok\u00e9mon\n|rule|Item Clause: Limit 1 of each item\n|clearpoke\n|poke|p1|Sinistcha, L50|\n|poke|p1|Archaludon, L50, F|\n|poke|p1|Pelipper, L50, F|\n|poke|p1|Basculegion, L50, M|\n|poke|p1|Incineroar, L50, M|\n|poke|p1|Sneasler, L50, F|\n|poke|p2|Froslass, L50, F|\n|poke|p2|Rotom-Frost, L50|\n|poke|p2|Aegislash, L50, M|\n|poke|p2|Maushold-Four, L50|\n|poke|p2|Garchomp, L50, F|\n|poke|p2|Orthworm, L50, F|\n|teampreview|4\n|\n|t:|1776096479\n|teamsize|p1|4\n|teamsize|p2|4\n|start\n|switch|p1a: Incineroar|Incineroar, L50, M|100/100\n|switch|p1b: Sneasler|Sneasler, L50, F|100/100\n|switch|p2a: Rotom|Rotom-Frost, L50|100/100\n|switch|p2b: Meowchomp|Garchomp, L50, F|100/100\n|-ability|p1a: Incineroar|Intimidate|boost\n|-unboost|p2a: Rotom|atk|1\n|-unboost|p2b: Meowchomp|atk|1\n|turn|1\n|\n|t:|1776096510\n|move|p2b: Meowchomp|Protect|p2b: Meowchomp\n|-singleturn|p2b: Meowchomp|Protect\n|move|p1b: Sneasler|Fake Out|p2a: Rotom\n|-damage|p2a: Rotom|78/100\n|cant|p2a: Rotom|flinch\n|move|p1a: Incineroar|Parting Shot|p2b: Meowchomp\n|-activate|p2b: Meowchomp|move: Protect\n|\n|upkeep\n|turn|2\n|\n|t:|1776096529\n|move|p2a: Rotom|Helping Hand|p2b: Meowchomp\n|-singleturn|p2b: Meowchomp|Helping Hand|[of] p2a: Rotom\n|move|p1b: Sneasler|Protect|p1b: Sneasler\n|-singleturn|p1b: Sneasler|Protect\n|move|p2b: Meowchomp|Earthquake|p1b: Sneasler|[spread] p1a\n|-activate|p1b: Sneasler|move: Protect\n|-immune|p2a: Rotom|[from] ability: Levitate\n|-supereffective|p1a: Incineroar|1\n|-damage|p1a: Incineroar|25/100\n|move|p1a: Incineroar|Flare Blitz|p2a: Rotom|[miss]\n|-miss|p1a: Incineroar|p2a: Rotom\n|\n|upkeep\n|turn|3\n|\n|t:|1776096564\n|switch|p1a: Pelipper|Pelipper, L50, F|100/100\n|-weather|RainDance|[from] ability: Drizzle|[of] p1a: Pelipper\n|move|p2a: Rotom|Helping Hand|p2b: Meowchomp\n|-singleturn|p2b: Meowchomp|Helping Hand|[of] p2a: Rotom\n|move|p1b: Sneasler|Close Combat|p2a: Rotom\n|-supereffective|p2a: Rotom|1\n|-damage|p2a: Rotom|0 fnt\n|-unboost|p1b: Sneasler|def|1\n|-unboost|p1b: Sneasler|spd|1\n|faint|p2a: Rotom\n|-enditem|p1b: Sneasler|White Herb\n|-clearnegativeboost|p1b: Sneasler|[silent]\n|move|p2b: Meowchomp|Earthquake|p1b: Sneasler|[spread] p1b\n|-immune|p1a: Pelipper\n|-supereffective|p1b: Sneasler|1\n|-damage|p1b: Sneasler|0 fnt\n|faint|p1b: Sneasler\n|\n|-weather|RainDance|[upkeep]\n|upkeep\n|\n|t:|1776096593\n|switch|p1b: Incineroar|Incineroar, L50, M|25/100\n|switch|p2a: Fuyu|Froslass, L50, F, shiny|100/100\n|-ability|p1b: Incineroar|Intimidate|boost\n|-unboost|p2a: Fuyu|atk|1\n|-unboost|p2b: Meowchomp|atk|1\n|turn|4\n|\n|t:|1776096610\n|detailschange|p2a: Fuyu|Froslass-Mega, L50, F, shiny\n|-mega|p2a: Fuyu|Froslass|Froslassite\n|-weather|Snowscape|[from] ability: Snow Warning|[of] p2a: Fuyu\n|move|p2a: Fuyu|Nasty Plot|p2a: Fuyu\n|-boost|p2a: Fuyu|spa|2\n|move|p2b: Meowchomp|Rock Slide|p1b: Incineroar|[spread] p1a,p1b\n|-supereffective|p1a: Pelipper|1\n|-supereffective|p1b: Incineroar|1\n|-crit|p1b: Incineroar\n|-damage|p1a: Pelipper|80/100\n|-damage|p1b: Incineroar|0 fnt\n|faint|p1b: Incineroar\n|move|p1a: Pelipper|Tailwind|p1a: Pelipper\n|-sidestart|p1: xylophoned|move: Tailwind\n|\n|-weather|Snowscape|[upkeep]\n|upkeep\n|\n|t:|1776096617\n|switch|p1b: Basculegion|Basculegion, L50, M|100/100\n|turn|5\n|\n|t:|1776096632\n|switch|p2b: Maushold|Maushold-Four, L50|100/100\n|move|p2a: Fuyu|Protect|p2a: Fuyu\n|-singleturn|p2a: Fuyu|Protect\n|move|p1b: Basculegion|Last Respects|p2a: Fuyu\n|-activate|p2a: Fuyu|move: Protect\n|move|p1a: Pelipper|Weather Ball|p2b: Maushold\n|-damage|p2b: Maushold|65/100\n|\n|-weather|Snowscape|[upkeep]\n|upkeep\n|turn|6\n|\n|t:|1776096668\n|move|p1b: Basculegion|Last Respects|p2a: Fuyu\n|-supereffective|p2a: Fuyu|1\n|-damage|p2a: Fuyu|0 fnt\n|faint|p2a: Fuyu\n|move|p2b: Maushold|After You|p2: Fuyu|[notarget]\n|-fail|p2b: Maushold\n|move|p1a: Pelipper|Hurricane|p2b: Maushold\n|-damage|p2b: Maushold|7/100\n|\n|-weather|Snowscape|[upkeep]\n|upkeep\n|\n|t:|1776096679\n|switch|p2a: Meowchomp|Garchomp, L50, F|100/100\n|turn|7\n|\n|t:|1776096694\n|move|p1b: Basculegion|Aqua Jet|p2b: Maushold\n|-damage|p2b: Maushold|0 fnt\n|faint|p2b: Maushold\n|move|p1a: Pelipper|Weather Ball|p2a: Meowchomp\n|-supereffective|p2a: Meowchomp|2\n|-enditem|p2a: Meowchomp|Focus Sash\n|-damage|p2a: Meowchomp|1/100\n|move|p2a: Meowchomp|Rock Slide|p1b: Basculegion|[spread] p1a,p1b\n|-supereffective|p1a: Pelipper|1\n|-damage|p1a: Pelipper|43/100\n|-damage|p1b: Basculegion|75/100\n|\n|-weather|Snowscape|[upkeep]\n|-sideend|p1: xylophoned|move: Tailwind\n|upkeep\n|turn|8\n|-message|ajisainoyoru forfeited.\n|\n|win|xylophoned\n|raw|xylophoned's rating: 1048 &rarr; <strong>1080</strong><br />(+32 for winning)\n|raw|ajisainoyoru's rating: 1039 &rarr; <strong>1024</strong><br />(-15 for losing)\n|l|\u2606ajisainoyoru\n|player|p2|\n|c|\u2606xylophoned|gg\n",
  "uploadtime": 1776096713,
  "views": 8,
  "formatid": "gen9championsvgc2026regma",
  "rating": 1024,
  "private": 0,
  "password": null
}