{
  "id": "gen9championsvgc2026regma-2583956279",
  "format": "[Gen 9 Champions] VGC 2026 Reg M-A",
  "players": [
    "craft123",
    "Poop Break"
  ],
  "log": "|j|\u2606craft123\n|j|\u2606Poop Break\n|t:|1776211614\n|gametype|doubles\n|player|p1|craft123|101|1164\n|player|p2|Poop Break|1|1105\n|gen|9\n|tier|[Gen 9 Champions] VGC 2026 Reg M-A\n|rated|\n|rule|Species Clause: Limit one of each Pok\u00e9mon\n|rule|Item Clause: Limit 1 of each item\n|clearpoke\n|poke|p1|Maushold, L50|\n|poke|p1|Pelipper, L50, F|\n|poke|p1|Basculegion, L50, M|\n|poke|p1|Archaludon, L50, M|\n|poke|p1|Rotom-Heat, L50|\n|poke|p1|Floette-Eternal, L50, F|\n|poke|p2|Politoed, L50, M|\n|poke|p2|Meganium, L50, F|\n|poke|p2|Sinistcha, L50|\n|poke|p2|Mimikyu, L50, F|\n|poke|p2|Aegislash, L50, M|\n|poke|p2|Incineroar, L50, M|\n|teampreview|4\n|inactive|Battle timer is ON: inactive players will automatically lose when time's up. (requested by Poop Break)\n|\n|t:|1776211635\n|teamsize|p1|4\n|teamsize|p2|4\n|start\n|switch|p1a: Rotom|Rotom-Heat, L50|100/100\n|switch|p1b: Floette|Floette-Eternal, L50, F|100/100\n|switch|p2a: Aegislash|Aegislash, L50, M|100/100\n|switch|p2b: Mimikyu|Mimikyu, L50, F|100/100\n|turn|1\n|\n|t:|1776211652\n|switch|p1b: Archaludon|Archaludon, L50, M|100/100\n|move|p2a: Aegislash|Wide Guard|p2a: Aegislash\n|-singleturn|p2a: Aegislash|Wide Guard\n|move|p1a: Rotom|Electroweb|p2a: Aegislash|[spread] \n|-activate|p2a: Aegislash|move: Wide Guard\n|-activate|p2b: Mimikyu|move: Wide Guard\n|move|p2b: Mimikyu|Trick Room|p2b: Mimikyu\n|-fieldstart|move: Trick Room|[of] p2b: Mimikyu\n|\n|upkeep\n|turn|2\n|\n|t:|1776211669\n|-formechange|p2a: Aegislash|Aegislash-Blade|\n|move|p2a: Aegislash|Shadow Ball|p1b: Archaludon\n|-damage|p1b: Archaludon|38/100\n|-ability|p1b: Archaludon|Stamina|boost\n|-boost|p1b: Archaludon|def|1\n|move|p2b: Mimikyu|Swords Dance|p2b: Mimikyu\n|-boost|p2b: Mimikyu|atk|2\n|move|p1b: Archaludon|Flash Cannon|p2a: Aegislash\n|-resisted|p2a: Aegislash|1\n|-damage|p2a: Aegislash|60/100\n|move|p1a: Rotom|Electroweb|p2a: Aegislash|[spread] p2a\n|-miss|p1a: Rotom|p2b: Mimikyu\n|-damage|p2a: Aegislash|22/100\n|-unboost|p2a: Aegislash|spe|1\n|\n|upkeep\n|turn|3\n|\n|t:|1776211691\n|move|p1b: Archaludon|Protect|p1b: Archaludon\n|-singleturn|p1b: Archaludon|Protect\n|move|p2a: Aegislash|Wide Guard|p2a: Aegislash\n|-singleturn|p2a: Aegislash|Wide Guard\n|move|p2b: Mimikyu|Play Rough|p1b: Archaludon\n|-activate|p1b: Archaludon|move: Protect\n|move|p1a: Rotom|Electroweb|p2a: Aegislash|[spread] \n|-activate|p2a: Aegislash|move: Wide Guard\n|-activate|p2b: Mimikyu|move: Wide Guard\n|\n|upkeep\n|turn|4\n|\n|t:|1776211711\n|switch|p1a: Maushold|Maushold, L50|100/100\n|move|p2a: Aegislash|Shadow Ball|p1b: Archaludon\n|-damage|p1b: Archaludon|0 fnt\n|faint|p1b: Archaludon\n|move|p2b: Mimikyu|Play Rough|p1a: Maushold\n|-enditem|p1a: Maushold|Focus Sash\n|-damage|p1a: Maushold|1/100\n|-unboost|p1a: Maushold|atk|1\n|\n|upkeep\n|\n|t:|1776211718\n|switch|p1b: Rotom|Rotom-Heat, L50|100/100\n|turn|5\n|\n|t:|1776211734\n|move|p1a: Maushold|Follow Me|p1a: Maushold\n|-singleturn|p1a: Maushold|move: Follow Me\n|move|p2a: Aegislash|Flash Cannon|p1a: Maushold\n|-damage|p1a: Maushold|0 fnt\n|faint|p1a: Maushold\n|move|p2b: Mimikyu|Shadow Claw|p1b: Rotom\n|-damage|p1b: Rotom|19/100\n|move|p1b: Rotom|Trick|p2b: Mimikyu\n|-activate|p1b: Rotom|move: Trick|[of] p2b: Mimikyu\n|-item|p2b: Mimikyu|Choice Scarf|[from] move: Trick\n|-item|p1b: Rotom|White Herb|[from] move: Trick\n|\n|-fieldend|move: Trick Room\n|upkeep\n|\n|t:|1776211739\n|switch|p1a: Floette|Floette-Eternal, L50, F|100/100\n|turn|6\n|\n|t:|1776211753\n|detailschange|p1a: Floette|Floette-Mega, L50, F\n|-mega|p1a: Floette|Floette|Floettite\n|-ability|p1a: Floette|Fairy Aura\n|move|p1a: Floette|Protect|p1a: Floette\n|-singleturn|p1a: Floette|Protect\n|move|p2a: Aegislash|Wide Guard|p2a: Aegislash\n|-singleturn|p2a: Aegislash|Wide Guard\n|move|p2b: Mimikyu|Shadow Claw|p1b: Rotom\n|-damage|p1b: Rotom|0 fnt\n|faint|p1b: Rotom\n|\n|upkeep\n|turn|7\n|\n|t:|1776211772\n|move|p2b: Mimikyu|Shadow Claw|p1a: Floette\n|-damage|p1a: Floette|38/100\n|move|p1a: Floette|Dazzling Gleam|p2a: Aegislash|[spread] p2a,p2b\n|-resisted|p2a: Aegislash|1\n|-damage|p2a: Aegislash|0 fnt\n|-activate|p2b: Mimikyu|ability: Disguise\n|-damage|p2b: Mimikyu|100/100\n|detailschange|p2b: Mimikyu|Mimikyu-Busted, L50, F\n|-damage|p2b: Mimikyu|88/100|[from] pokemon: Mimikyu-Busted\n|faint|p2a: Aegislash\n|\n|upkeep\n|-message|craft123 forfeited.\n|\n|win|Poop Break\n|raw|craft123's rating: 1164 &rarr; <strong>1135</strong><br />(-29 for losing)\n|raw|Poop Break's rating: 1105 &rarr; <strong>1134</strong><br />(+29 for winning)\n|l|\u2606craft123\n|player|p1|\n",
  "uploadtime": 1776211787,
  "views": 19,
  "formatid": "gen9championsvgc2026regma",
  "rating": 1134,
  "private": 0,
  "password": null
}