{
  "id": "gen9championsvgc2026regma-2585893117",
  "format": "[Gen 9 Champions] VGC 2026 Reg M-A",
  "players": [
    "etantreetrunks",
    "TommyGuapo"
  ],
  "log": "|j|\u2606etantreetrunks\n|j|\u2606TommyGuapo\n|t:|1776379062\n|gametype|doubles\n|player|p1|etantreetrunks|depotagent|1080\n|player|p2|TommyGuapo|169|1117\n|gen|9\n|tier|[Gen 9 Champions] VGC 2026 Reg M-A\n|rated|\n|rule|Species Clause: Limit one of each Pok\u00e9mon\n|rule|Item Clause: Limit 1 of each item\n|clearpoke\n|poke|p1|Sylveon, L50, M|\n|poke|p1|Floette-Eternal, L50, F|\n|poke|p1|Whimsicott, L50, M|\n|poke|p1|Empoleon, L50, M|\n|poke|p1|Farigiraf, L50, M|\n|poke|p1|Sinistcha-Masterpiece, L50|\n|poke|p2|Floette-Eternal, L50, F|\n|poke|p2|Quaquaval, L50, M|\n|poke|p2|Espathra, L50, F|\n|poke|p2|Sinistcha-Masterpiece, L50|\n|poke|p2|Kangaskhan, L50, F|\n|poke|p2|Pelipper, L50, F|\n|teampreview|4\n|inactive|Battle timer is ON: inactive players will automatically lose when time's up. (requested by etantreetrunks)\n|inactive|TommyGuapo has 60 seconds left.\n|\n|t:|1776379098\n|teamsize|p1|4\n|teamsize|p2|4\n|start\n|switch|p1a: Empoleon|Empoleon, L50, M|100/100\n|switch|p1b: Farigiraf|Farigiraf, L50, M|100/100\n|switch|p2a: Sinistcha|Sinistcha-Masterpiece, L50|100/100\n|switch|p2b: Espathra|Espathra, L50, F, shiny|100/100\n|turn|1\n|inactive|etantreetrunks has 30 seconds left.\n|inactive|etantreetrunks has 20 seconds left.\n|inactive|etantreetrunks has 15 seconds left.\n|\n|t:|1776379142\n|move|p2b: Espathra|Calm Mind|p2b: Espathra\n|-boost|p2b: Espathra|spa|1\n|-boost|p2b: Espathra|spd|1\n|move|p2a: Sinistcha|Imprison|p2a: Sinistcha\n|-start|p2a: Sinistcha|move: Imprison\n|move|p1a: Empoleon|Yawn|p2a: Sinistcha\n|-start|p2a: Sinistcha|move: Yawn|[of] p1a: Empoleon\n|cant|p1b: Farigiraf|move: Imprison|Trick Room\n|\n|-ability|p2b: Espathra|Speed Boost|boost\n|-boost|p2b: Espathra|spe|1\n|upkeep\n|turn|2\n|inactive|etantreetrunks has 30 seconds left.\n|inactive|TommyGuapo has 30 seconds left.\n|inactive|etantreetrunks has 20 seconds left.\n|inactive|TommyGuapo has 20 seconds left.\n|inactive|etantreetrunks has 15 seconds left.\n|inactive|TommyGuapo has 15 seconds left.\n|inactive|etantreetrunks has 10 seconds left.\n|\n|t:|1776379189\n|move|p2b: Espathra|Baton Pass|p2b: Espathra\n|\n|t:|1776379191\n|switch|p2b: Floette|Floette-Eternal, L50, F|100/100|[from] Baton Pass\n|move|p2a: Sinistcha|Matcha Gotcha|p1b: Farigiraf|[spread] p1a,p1b\n|-damage|p1a: Empoleon|78/100\n|-damage|p1b: Farigiraf|82/100\n|-status|p1a: Empoleon|brn\n|-status|p1b: Farigiraf|brn\n|move|p1a: Empoleon|Flash Cannon|p2b: Floette\n|-supereffective|p2b: Floette|1\n|-damage|p2b: Floette|47/100\n|move|p1b: Farigiraf|Light Screen|p1b: Farigiraf\n|-sidestart|p1: etantreetrunks|move: Light Screen\n|\n|-damage|p1a: Empoleon|72/100 brn|[from] brn\n|-damage|p1b: Farigiraf|76/100 brn|[from] brn\n|-end|p2a: Sinistcha|move: Yawn|[silent]\n|-status|p2a: Sinistcha|slp\n|upkeep\n|turn|3\n|\n|t:|1776379215\n|switch|p2a: Quaquaval|Quaquaval, L50, M|100/100\n|move|p2b: Floette|Protect|p2b: Floette\n|-singleturn|p2b: Floette|Protect\n|move|p1a: Empoleon|Flash Cannon|p2b: Floette\n|-activate|p2b: Floette|move: Protect\n|move|p1b: Farigiraf|Psychic|p2b: Floette\n|-activate|p2b: Floette|move: Protect\n|\n|-damage|p1a: Empoleon|66/100 brn|[from] brn\n|-damage|p1b: Farigiraf|70/100 brn|[from] brn\n|upkeep\n|turn|4\n|\n|t:|1776379232\n|detailschange|p2b: Floette|Floette-Mega, L50, F\n|-mega|p2b: Floette|Floette|Floettite\n|-ability|p2b: Floette|Fairy Aura\n|move|p2b: Floette|Moonblast|p1b: Farigiraf\n|-damage|p1b: Farigiraf|13/100 brn\n|move|p2a: Quaquaval|Close Combat|p1a: Empoleon\n|-supereffective|p1a: Empoleon|1\n|-damage|p1a: Empoleon|0 fnt\n|-unboost|p2a: Quaquaval|def|1\n|-unboost|p2a: Quaquaval|spd|1\n|faint|p1a: Empoleon\n|-ability|p2a: Quaquaval|Moxie|boost\n|-boost|p2a: Quaquaval|atk|1\n|-enditem|p2a: Quaquaval|White Herb\n|-clearnegativeboost|p2a: Quaquaval|[silent]\n|move|p1b: Farigiraf|Psychic|p2a: Quaquaval\n|-supereffective|p2a: Quaquaval|1\n|-damage|p2a: Quaquaval|12/100\n|\n|-damage|p1b: Farigiraf|7/100 brn|[from] brn\n|upkeep\n|\n|t:|1776379243\n|switch|p1a: Sylveon|Sylveon, L50, M|100/100\n|turn|5\n|\n|t:|1776379267\n|switch|p2a: Sinistcha|Sinistcha-Masterpiece, L50|100/100 slp\n|-heal|p2b: Floette|72/100|[from] ability: Hospitality|[of] p2a: Sinistcha\n|move|p2b: Floette|Dazzling Gleam|p1b: Farigiraf|[spread] p1a,p1b\n|-damage|p1a: Sylveon|66/100\n|-damage|p1b: Farigiraf|0 fnt\n|faint|p1b: Farigiraf\n|move|p1a: Sylveon|Hyper Voice|p2a: Sinistcha|[spread] p2a,p2b\n|-damage|p2a: Sinistcha|22/100 slp\n|-damage|p2b: Floette|40/100\n|-enditem|p2a: Sinistcha|Sitrus Berry|[eat]\n|-heal|p2a: Sinistcha|47/100 slp|[from] item: Sitrus Berry\n|\n|upkeep\n|\n|t:|1776379277\n|switch|p1b: Floette|Floette-Eternal, L50, F|100/100\n|turn|6\n|\n|t:|1776379293\n|detailschange|p1b: Floette|Floette-Mega, L50, F\n|-mega|p1b: Floette|Floette|Floettite\n|-ability|p1b: Floette|Fairy Aura\n|move|p2b: Floette|Protect|p2b: Floette\n|-singleturn|p2b: Floette|Protect\n|move|p1b: Floette|Light of Ruin|p2b: Floette\n|-activate|p2b: Floette|move: Protect\n|cant|p2a: Sinistcha|slp\n|move|p1a: Sylveon|Hyper Voice|p2b: Floette|[spread] p2a\n|-activate|p2b: Floette|move: Protect\n|-damage|p2a: Sinistcha|0 fnt\n|faint|p2a: Sinistcha\n|\n|-sideend|p1: etantreetrunks|move: Light Screen\n|upkeep\n|inactive|TommyGuapo has 30 seconds left.\n|\n|t:|1776379318\n|switch|p2a: Espathra|Espathra, L50, F, shiny|100/100\n|turn|7\n|\n|t:|1776379329\n|move|p2b: Floette|Light of Ruin|p1b: Floette\n|-damage|p1b: Floette|0 fnt\n|faint|p1b: Floette\n|-damage|p2b: Floette|0 fnt|[from] Recoil\n|faint|p2b: Floette\n|move|p2a: Espathra|Lumina Crash|p1a: Sylveon\n|-damage|p1a: Sylveon|41/100\n|-unboost|p1a: Sylveon|spd|2\n|move|p1a: Sylveon|Hyper Beam|p2a: Espathra\n|-enditem|p2a: Espathra|Focus Sash\n|-damage|p2a: Espathra|1/100\n|-mustrecharge|p1a: Sylveon\n|\n|-ability|p2a: Espathra|Speed Boost|boost\n|-boost|p2a: Espathra|spe|1\n|upkeep\n|\n|t:|1776379336\n|switch|p2b: Quaquaval|Quaquaval, L50, M|12/100\n|turn|8\n|\n|t:|1776379345\n|move|p2a: Espathra|Lumina Crash|p1a: Sylveon\n|-damage|p1a: Sylveon|0 fnt\n|faint|p1a: Sylveon\n|\n|win|TommyGuapo\n|raw|etantreetrunks's rating: 1080 &rarr; <strong>1060</strong><br />(-20 for losing)\n|raw|TommyGuapo's rating: 1117 &rarr; <strong>1139</strong><br />(+22 for winning)\n|l|\u2606etantreetrunks\n|player|p1|\n",
  "uploadtime": 1776379353,
  "views": 21,
  "formatid": "gen9championsvgc2026regma",
  "rating": 1060,
  "private": 0,
  "password": null
}