{
  "id": "gen9championsvgc2026regma-2588380055",
  "format": "[Gen 9 Champions] VGC 2026 Reg M-A",
  "players": [
    "trashbros",
    "touhou ost"
  ],
  "log": "|j|\u2606trashbros\n|j|\u2606touhou ost\n|t:|1776628664\n|gametype|doubles\n|player|p1|trashbros|rood|1183\n|player|p2|touhou ost|170|1277\n|gen|9\n|tier|[Gen 9 Champions] VGC 2026 Reg M-A\n|rated|\n|rule|Species Clause: Limit one of each Pok\u00e9mon\n|rule|Item Clause: Limit 1 of each item\n|clearpoke\n|poke|p1|Banette, L50, M, shiny|\n|poke|p1|Sableye, L50, M|\n|poke|p1|Whimsicott, L50, M|\n|poke|p1|Incineroar, L50, M|\n|poke|p1|Charizard, L50, M, shiny|\n|poke|p1|Venusaur, L50, F|\n|poke|p2|Floette-Eternal, L50, F|\n|poke|p2|Garchomp, L50, M|\n|poke|p2|Kingambit, L50, M|\n|poke|p2|Basculegion, L50, M|\n|poke|p2|Sneasler, L50, M|\n|poke|p2|Froslass, L50, F|\n|teampreview|4\n|inactive|Battle timer is ON: inactive players will automatically lose when time's up. (requested by touhou ost)\n|j| IGN Careless\n|inactive|touhou ost has 60 seconds left.\n|inactive|touhou ost has 30 seconds left.\ntrashbros rejected open team sheets.\n|inactive|touhou ost has 20 seconds left.\n|\n|t:|1776628739\n|teamsize|p1|4\n|teamsize|p2|4\n|start\n|switch|p1a: Sableye|Sableye, L50, M|100/100\n|switch|p1b: Whimsicott|Whimsicott, L50, M|100/100\n|switch|p2a: Sneasler|Sneasler, L50, M|100/100\n|switch|p2b: Floette|Floette-Eternal, L50, F|100/100\n|turn|1\n|\n|t:|1776628759\n|detailschange|p2b: Floette|Floette-Mega, L50, F\n|-mega|p2b: Floette|Floette|Floettite\n|-ability|p2b: Floette|Fairy Aura\n|move|p2a: Sneasler|Fake Out|p1b: Whimsicott\n|-damage|p1b: Whimsicott|84/100\n|-status|p1b: Whimsicott|psn|[from] ability: Poison Touch|[of] p2a: Sneasler\n|move|p1a: Sableye|Fake Out|p2b: Floette\n|-damage|p2b: Floette|91/100\n|cant|p1b: Whimsicott|flinch\n|cant|p2b: Floette|flinch\n|\n|-damage|p1b: Whimsicott|72/100 psn|[from] psn\n|upkeep\n|turn|2\n|\n|t:|1776628776\n|switch|p2a: Garchomp|Garchomp, L50, M|100/100\n|move|p1b: Whimsicott|Tailwind|p1b: Whimsicott\n|-sidestart|p1: trashbros|move: Tailwind\n|move|p1a: Sableye|Swagger|p2b: Floette\n|-boost|p2b: Floette|atk|2\n|-start|p2b: Floette|confusion\n|-activate|p2b: Floette|confusion\n|move|p2b: Floette|Dazzling Gleam|p1b: Whimsicott|[spread] p1a,p1b\n|-supereffective|p1a: Sableye|1\n|-enditem|p1a: Sableye|Focus Sash\n|-damage|p1a: Sableye|1/100\n|-damage|p1b: Whimsicott|16/100 psn\n|\n|-damage|p1b: Whimsicott|4/100 psn|[from] psn\n|upkeep\n|turn|3\n|\n|t:|1776628794\n|move|p2a: Garchomp|Protect|p2a: Garchomp\n|-singleturn|p2a: Garchomp|Protect\n|move|p1a: Sableye|Pain Split|p2b: Floette\n|-sethp|p2b: Floette|46/100|[from] move: Pain Split|[silent]\n|-sethp|p1a: Sableye|48/100|[from] move: Pain Split\n|move|p1b: Whimsicott|Moonblast|p2b: Floette\n|-damage|p2b: Floette|20/100\n|-activate|p2b: Floette|confusion\n|-damage|p2b: Floette|3/100|[from] confusion\n|\n|-damage|p1b: Whimsicott|0 fnt|[from] psn\n|faint|p1b: Whimsicott\n|upkeep\n|\n|t:|1776628807\n|switch|p1b: Banette|Banette, L50, M, shiny|100/100\n|turn|4\n|\n|t:|1776628819\n|switch|p2a: Kingambit|Kingambit, L50, M|100/100\n|-activate|p2b: Floette|confusion\n|move|p2b: Floette|Protect|p2b: Floette\n|-singleturn|p2b: Floette|Protect\n|move|p1a: Sableye|Swagger|p1b: Banette\n|-boost|p1b: Banette|atk|2\n|-start|p1b: Banette|confusion\n|-enditem|p1b: Banette|Lum Berry|[eat]\n|-end|p1b: Banette|confusion\n|move|p1b: Banette|Poltergeist|p2a: Kingambit\n|-activate|p2a: Kingambit|move: Poltergeist|Chople Berry\n|-resisted|p2a: Kingambit|1\n|-damage|p2a: Kingambit|64/100\n|\n|upkeep\n|turn|5\n|inactive|touhou ost has 30 seconds left.\n|\n|t:|1776628853\n|move|p1a: Sableye|Shadow Sneak|p2b: Floette\n|-damage|p2b: Floette|0 fnt\n|faint|p2b: Floette\n|move|p1b: Banette|Knock Off|p2a: Kingambit\n|-resisted|p2a: Kingambit|1\n|-damage|p2a: Kingambit|43/100\n|-enditem|p2a: Kingambit|Chople Berry|[from] move: Knock Off|[of] p1b: Banette\n|move|p2a: Kingambit|Kowtow Cleave|p1b: Banette\n|-supereffective|p1b: Banette|1\n|-damage|p1b: Banette|0 fnt\n|faint|p1b: Banette\n|\n|-sideend|p1: trashbros|move: Tailwind\n|upkeep\n|\n|t:|1776628864\n|switch|p2b: Garchomp|Garchomp, L50, M|100/100\n|switch|p1b: Charizard|Charizard, L50, M, shiny|100/100\n|turn|6\n|\n|t:|1776628876\n|move|p1b: Charizard|Protect|p1b: Charizard\n|-singleturn|p1b: Charizard|Protect\n|move|p2a: Kingambit|Protect|p2a: Kingambit\n|-singleturn|p2a: Kingambit|Protect\n|move|p1a: Sableye|Pain Split|p2b: Garchomp\n|-sethp|p2b: Garchomp|67/100|[from] move: Pain Split|[silent]\n|-sethp|p1a: Sableye|92/100|[from] move: Pain Split\n|move|p2b: Garchomp|Rock Slide|p1b: Charizard|[spread] p1a\n|-activate|p1b: Charizard|move: Protect\n|-damage|p1a: Sableye|69/100\n|\n|upkeep\n|turn|7\n|\n|t:|1776628892\n|detailschange|p1b: Charizard|Charizard-Mega-Y, L50, M, shiny\n|-mega|p1b: Charizard|Charizard|Charizardite Y\n|-weather|SunnyDay|[from] ability: Drought|[of] p1b: Charizard\n|move|p2a: Kingambit|Sucker Punch|p1b: Charizard\n|-damage|p1b: Charizard|42/100\n|move|p1a: Sableye|Swagger|p2b: Garchomp\n|-boost|p2b: Garchomp|atk|2\n|-start|p2b: Garchomp|confusion\n|move|p1b: Charizard|Heat Wave|p2b: Garchomp|[spread] p2a,p2b\n|-supereffective|p2a: Kingambit|1\n|-crit|p2a: Kingambit\n|-resisted|p2b: Garchomp|1\n|-damage|p2a: Kingambit|0 fnt\n|-damage|p2b: Garchomp|34/100\n|faint|p2a: Kingambit\n|-activate|p2b: Garchomp|confusion\n|-damage|p2b: Garchomp|12/100|[from] confusion\n|\n|-weather|SunnyDay|[upkeep]\n|upkeep\n|l|\u2606touhou ost\n|inactive|touhou ost disconnected and has a minute to reconnect!\n|player|p2|\n|inactive|touhou ost has 30 seconds left.\n|inactive|touhou ost has 20 seconds left.\n|inactive|touhou ost has 15 seconds left.\n|inactive|touhou ost has 10 seconds left.\n|inactive|touhou ost has 5 seconds left.\n|-message|touhou ost lost due to inactivity.\n|\n|win|trashbros\n|raw|trashbros's rating: 1183 &rarr; <strong>1215</strong><br />(+32 for winning)\n|raw|touhou ost's rating: 1277 &rarr; <strong>1245</strong><br />(-32 for losing)\n",
  "uploadtime": 1776628958,
  "views": 24,
  "formatid": "gen9championsvgc2026regma",
  "rating": 1215,
  "private": 0,
  "password": null
}