{
  "id": "gen9championsvgc2026regma-2587509365",
  "format": "[Gen 9 Champions] VGC 2026 Reg M-A",
  "players": [
    "The Best Optimel",
    "gfddxxddddddd"
  ],
  "log": "|j|\u2606The Best Optimel\n|j|\u2606gfddxxddddddd\n|t:|1776537890\n|gametype|doubles\n|player|p1|The Best Optimel|170|1090\n|player|p2|gfddxxddddddd|266|1000\n|gen|9\n|tier|[Gen 9 Champions] VGC 2026 Reg M-A\n|rated|\n|rule|Species Clause: Limit one of each Pok\u00e9mon\n|rule|Item Clause: Limit 1 of each item\n|clearpoke\n|poke|p1|Hatterene, L50, F|\n|poke|p1|Torkoal, L50, F|\n|poke|p1|Aggron, L50, F|\n|poke|p1|Conkeldurr, L50, M|\n|poke|p1|Farigiraf, L50, F|\n|poke|p1|Spiritomb, L50, M|\n|poke|p2|Mr. Rime, L50, F|\n|poke|p2|Hawlucha, L50, F|\n|poke|p2|Clefable, L50, F|\n|poke|p2|Snorlax, L50, M|\n|poke|p2|Sinistcha-Masterpiece, L50|\n|poke|p2|Altaria, L50, F|\n|teampreview|4\n|inactive|Battle timer is ON: inactive players will automatically lose when time's up. (requested by gfddxxddddddd)\n|\n|t:|1776537915\n|teamsize|p1|4\n|teamsize|p2|4\n|start\n|switch|p1a: Spiritomb|Spiritomb, L50, M|100/100\n|switch|p1b: Conkeldurr|Conkeldurr, L50, M|100/100\n|switch|p2a: Mr. Rime|Mr. Rime, L50, F|100/100\n|switch|p2b: Hawlucha|Hawlucha, L50, F|100/100\n|-ability|p1a: Spiritomb|Pressure\n|turn|1\n|inactive|The Best Optimel has 30 seconds left.\n|\n|t:|1776537942\n|switch|p1b: Hatterene|Hatterene, L50, F|100/100\n|detailschange|p2b: Hawlucha|Hawlucha-Mega, L50, F\n|-mega|p2b: Hawlucha|Hawlucha|Hawluchanite\n|move|p2b: Hawlucha|Cross Chop|p1b: Hatterene\n|-resisted|p1b: Hatterene|2\n|-damage|p1b: Hatterene|79/100\n|move|p2a: Mr. Rime|Skill Swap|p2b: Hawlucha\n|-activate|p2a: Mr. Rime|Skill Swap|||[of] p2b: Hawlucha\n|move|p1a: Spiritomb|Trick Room|p1a: Spiritomb\n|-fieldstart|move: Trick Room|[of] p1a: Spiritomb\n|\n|upkeep\n|turn|2\n|\n|t:|1776537966\n|switch|p2b: Clefable|Clefable, L50, F|100/100\n|move|p2a: Mr. Rime|Protect|p2a: Mr. Rime\n|-singleturn|p2a: Mr. Rime|Protect\n|move|p1b: Hatterene|Dazzling Gleam|p2b: Clefable|[spread] p2b\n|-activate|p2a: Mr. Rime|move: Protect\n|-damage|p2b: Clefable|75/100\n|move|p1a: Spiritomb|Foul Play|p2a: Mr. Rime\n|-activate|p2a: Mr. Rime|move: Protect\n|\n|upkeep\n|turn|3\n|\n|t:|1776537984\n|switch|p1a: Conkeldurr|Conkeldurr, L50, M|100/100\n|move|p2b: Clefable|Follow Me|p2b: Clefable\n|-singleturn|p2b: Clefable|move: Follow Me\n|move|p1b: Hatterene|Mystical Fire|p2b: Clefable\n|-damage|p2b: Clefable|54/100\n|-unboost|p2b: Clefable|spa|1\n|move|p2a: Mr. Rime|Sheer Cold|p1a: Conkeldurr\n|-damage|p1a: Conkeldurr|0 fnt\n|faint|p1a: Conkeldurr\n|-ohko\n|\n|upkeep\n|\n|t:|1776537998\n|switch|p1a: Aggron|Aggron, L50, F|100/100\n|turn|4\n|\n|t:|1776538020\n|detailschange|p1a: Aggron|Aggron-Mega, L50, F\n|-mega|p1a: Aggron|Aggron|Aggronite\n|move|p2b: Clefable|Protect|p2b: Clefable\n|-singleturn|p2b: Clefable|Protect\n|move|p1b: Hatterene|Dazzling Gleam|p2a: Mr. Rime|[spread] p2a\n|-activate|p2b: Clefable|move: Protect\n|-damage|p2a: Mr. Rime|65/100\n|move|p1a: Aggron|Heavy Slam|p2b: Clefable\n|-activate|p2b: Clefable|move: Protect\n|move|p2a: Mr. Rime|Sheer Cold|p1a: Aggron\n|-damage|p1a: Aggron|0 fnt\n|faint|p1a: Aggron\n|-ohko\n|\n|-heal|p2a: Mr. Rime|71/100|[from] item: Leftovers\n|upkeep\n|\n|t:|1776538034\n|switch|p1a: Spiritomb|Spiritomb, L50, M|100/100\n|-ability|p1a: Spiritomb|Pressure\n|turn|5\n|\n|t:|1776538045\n|move|p2b: Clefable|Follow Me|p2b: Clefable\n|-singleturn|p2b: Clefable|move: Follow Me\n|move|p2a: Mr. Rime|Sheer Cold|p1a: Spiritomb\n|-damage|p1a: Spiritomb|0 fnt\n|faint|p1a: Spiritomb\n|-ohko\n|move|p1b: Hatterene|Trick Room|p1b: Hatterene\n|-fieldend|move: Trick Room\n|\n|-heal|p2a: Mr. Rime|77/100|[from] item: Leftovers\n|upkeep\n|turn|6\n|-message|The Best Optimel forfeited.\n|\n|win|gfddxxddddddd\n|raw|The Best Optimel's rating: 1090 &rarr; <strong>1061</strong><br />(-29 for losing)\n|raw|gfddxxddddddd's rating: 1000 &rarr; <strong>1050</strong><br />(+50 for winning)\n|l|\u2606The Best Optimel\n|player|p1|\n",
  "uploadtime": 1776538077,
  "views": 27,
  "formatid": "gen9championsvgc2026regma",
  "rating": 1050,
  "private": 0,
  "password": null
}