{
  "id": "gen9championsvgc2026regma-2582627901",
  "format": "[Gen 9 Champions] VGC 2026 Reg M-A",
  "players": [
    "tk329",
    "yamzinyobooty"
  ],
  "log": "|j|\u2606tk329\n|j|\u2606yamzinyobooty\n|t:|1776103574\n|gametype|doubles\n|player|p1|tk329|2|1071\n|player|p2|yamzinyobooty|170|1022\n|gen|9\n|tier|[Gen 9 Champions] VGC 2026 Reg M-A\n|rated|\n|rule|Species Clause: Limit one of each Pok\u00e9mon\n|rule|Item Clause: Limit 1 of each item\n|clearpoke\n|poke|p1|Excadrill, L50, M|\n|poke|p1|Tyranitar, L50, F|\n|poke|p1|Sinistcha, L50|\n|poke|p1|Incineroar, L50, F|\n|poke|p1|Starmie, L50|\n|poke|p1|Dragonite, L50, M|\n|poke|p2|Delphox, L50, M|\n|poke|p2|Basculegion, L50, M|\n|poke|p2|Clefable, L50, M|\n|poke|p2|Kingambit, L50, F|\n|poke|p2|Sneasler, L50, F|\n|poke|p2|Dragonite, L50, M|\n|teampreview|4\n|inactive|Battle timer is ON: inactive players will automatically lose when time's up. (requested by yamzinyobooty)\n|inactive|tk329 has 60 seconds left.\n|\n|t:|1776103636\n|teamsize|p1|4\n|teamsize|p2|4\n|start\n|switch|p1a: Excadrill|Excadrill, L50, M|100/100\n|switch|p1b: Tyranitar|Tyranitar, L50, F|100/100\n|switch|p2a: Basculegion|Basculegion, L50, M|100/100\n|switch|p2b: Sneasler|Sneasler, L50, F, shiny|100/100\n|-weather|Sandstorm|[from] ability: Sand Stream|[of] p1b: Tyranitar\n|turn|1\n|inactive|yamzinyobooty has 30 seconds left.\n|inactive|yamzinyobooty has 20 seconds left.\n|\n|t:|1776103674\n|move|p1b: Tyranitar|Protect|p1b: Tyranitar\n|-singleturn|p1b: Tyranitar|Protect\n|move|p2b: Sneasler|Fake Out|p1a: Excadrill\n|-resisted|p1a: Excadrill|1\n|-damage|p1a: Excadrill|90/100\n|cant|p1a: Excadrill|flinch\n|move|p2a: Basculegion|Wave Crash|p1a: Excadrill\n|-supereffective|p1a: Excadrill|1\n|-damage|p1a: Excadrill|0 fnt\n|faint|p1a: Excadrill\n|-damage|p2a: Basculegion|74/100|[from] Recoil\n|\n|-weather|Sandstorm|[upkeep]\n|-damage|p2a: Basculegion|68/100|[from] Sandstorm\n|-damage|p2b: Sneasler|95/100|[from] Sandstorm\n|upkeep\n|\n|t:|1776103689\n|switch|p1a: Dragonite|Dragonite, L50, M|100/100\n|turn|2\n|inactive|tk329 has 30 seconds left.\n|inactive|tk329 has 20 seconds left.\n|\n|t:|1776103728\n|move|p2a: Basculegion|Wave Crash|p1a: Dragonite\n|-resisted|p1a: Dragonite|1\n|-damage|p1a: Dragonite|84/100\n|-damage|p2a: Basculegion|62/100|[from] Recoil\n|move|p2b: Sneasler|Dire Claw|p1b: Tyranitar\n|-resisted|p1b: Tyranitar|1\n|-damage|p1b: Tyranitar|86/100\n|move|p1a: Dragonite|Dragon Claw|p2b: Sneasler\n|-damage|p2b: Sneasler|23/100\n|move|p1b: Tyranitar|Knock Off|p2a: Basculegion\n|-supereffective|p2a: Basculegion|1\n|-damage|p2a: Basculegion|0 fnt\n|-enditem|p2a: Basculegion|Choice Scarf|[from] move: Knock Off|[of] p1b: Tyranitar\n|faint|p2a: Basculegion\n|\n|-weather|Sandstorm|[upkeep]\n|-damage|p2b: Sneasler|17/100|[from] Sandstorm\n|-damage|p1a: Dragonite|78/100|[from] Sandstorm\n|-heal|p1a: Dragonite|84/100|[from] item: Leftovers\n|upkeep\n|\n|t:|1776103737\n|switch|p2a: Clefable|Clefable, L50, M|100/100\n|turn|3\n|\n|t:|1776103758\n|move|p1a: Dragonite|Extreme Speed|p2b: Sneasler\n|-damage|p2b: Sneasler|0 fnt\n|faint|p2b: Sneasler\n|move|p2a: Clefable|Follow Me|p2a: Clefable\n|-singleturn|p2a: Clefable|move: Follow Me\n|move|p1b: Tyranitar|Knock Off|p2a: Clefable\n|-resisted|p2a: Clefable|1\n|-damage|p2a: Clefable|84/100\n|-enditem|p2a: Clefable|Sitrus Berry|[from] move: Knock Off|[of] p1b: Tyranitar\n|\n|-weather|Sandstorm|[upkeep]\n|-damage|p1a: Dragonite|78/100|[from] Sandstorm\n|-damage|p2a: Clefable|78/100|[from] Sandstorm\n|-heal|p1a: Dragonite|84/100|[from] item: Leftovers\n|upkeep\n|\n|t:|1776103763\n|switch|p2b: Kingambit|Kingambit, L50, F, shiny|100/100\n|turn|4\n|inactive|tk329 has 30 seconds left.\n|inactive|tk329 has 20 seconds left.\n|inactive|tk329 has 15 seconds left.\n|inactive|tk329 has 10 seconds left.\n|\n|t:|1776103812\n|move|p1a: Dragonite|Thunder Punch|p2a: Clefable\n|-damage|p2a: Clefable|57/100\n|move|p1b: Tyranitar|Stone Edge|p2a: Clefable\n|-crit|p2a: Clefable\n|-damage|p2a: Clefable|4/100\n|move|p2a: Clefable|Moonblast|p1a: Dragonite\n|-supereffective|p1a: Dragonite|1\n|-damage|p1a: Dragonite|23/100\n|move|p2b: Kingambit|Swords Dance|p2b: Kingambit\n|-boost|p2b: Kingambit|atk|2\n|\n|-weather|Sandstorm|[upkeep]\n|-damage|p1a: Dragonite|17/100|[from] Sandstorm\n|-damage|p2a: Clefable|0 fnt|[from] Sandstorm\n|faint|p2a: Clefable\n|-heal|p1a: Dragonite|23/100|[from] item: Leftovers\n|upkeep\n|turn|5\n|\n|t:|1776103829\n|switch|p1b: Sinistcha|Sinistcha, L50|100/100\n|-heal|p1a: Dragonite|48/100|[from] ability: Hospitality|[of] p1b: Sinistcha\n|move|p1a: Dragonite|Protect|p1a: Dragonite\n|-singleturn|p1a: Dragonite|Protect\n|move|p2b: Kingambit|Kowtow Cleave|p1b: Sinistcha\n|-supereffective|p1b: Sinistcha|1\n|-crit|p1b: Sinistcha\n|-damage|p1b: Sinistcha|0 fnt\n|faint|p1b: Sinistcha\n|\n|-weather|none\n|-heal|p1a: Dragonite|54/100|[from] item: Leftovers\n|upkeep\n|\n|t:|1776103841\n|switch|p1b: Tyranitar|Tyranitar, L50, F|86/100\n|-weather|Sandstorm|[from] ability: Sand Stream|[of] p1b: Tyranitar\n|turn|6\n|\n|t:|1776103858\n|move|p2b: Kingambit|Protect|p2b: Kingambit\n|-singleturn|p2b: Kingambit|Protect\n|move|p1a: Dragonite|Thunder Punch|p2b: Kingambit\n|-activate|p2b: Kingambit|move: Protect\n|move|p1b: Tyranitar|Knock Off|p2b: Kingambit\n|-activate|p2b: Kingambit|move: Protect\n|\n|-weather|Sandstorm|[upkeep]\n|-damage|p1a: Dragonite|48/100|[from] Sandstorm\n|-heal|p1a: Dragonite|54/100|[from] item: Leftovers\n|upkeep\n|turn|7\n|\n|t:|1776103882\n|move|p1a: Dragonite|Thunder Punch|p2b: Kingambit\n|-damage|p2b: Kingambit|84/100\n|move|p1b: Tyranitar|Knock Off|p2b: Kingambit\n|-resisted|p2b: Kingambit|1\n|-damage|p2b: Kingambit|67/100\n|-enditem|p2b: Kingambit|Black Glasses|[from] move: Knock Off|[of] p1b: Tyranitar\n|move|p2b: Kingambit|Kowtow Cleave|p1a: Dragonite\n|-damage|p1a: Dragonite|0 fnt\n|faint|p1a: Dragonite\n|\n|-weather|Sandstorm|[upkeep]\n|upkeep\n|turn|8\n|\n|t:|1776103902\n|move|p1b: Tyranitar|Protect|p1b: Tyranitar\n|-singleturn|p1b: Tyranitar|Protect\n|move|p2b: Kingambit|Kowtow Cleave|p1b: Tyranitar\n|-activate|p1b: Tyranitar|move: Protect\n|\n|-weather|Sandstorm|[upkeep]\n|upkeep\n|turn|9\n|\n|t:|1776103912\n|move|p2b: Kingambit|Protect|p2b: Kingambit\n|-singleturn|p2b: Kingambit|Protect\n|move|p1b: Tyranitar|Stone Edge|p2b: Kingambit\n|-activate|p2b: Kingambit|move: Protect\n|\n|-weather|Sandstorm|[upkeep]\n|upkeep\n|turn|10\n|\n|t:|1776103919\n|move|p1b: Tyranitar|Protect|p1b: Tyranitar\n|-singleturn|p1b: Tyranitar|Protect\n|move|p2b: Kingambit|Swords Dance|p2b: Kingambit\n|-boost|p2b: Kingambit|atk|2\n|\n|-weather|none\n|upkeep\n|turn|11\n|\n|t:|1776103927\n|detailschange|p1b: Tyranitar|Tyranitar-Mega, L50, F\n|-mega|p1b: Tyranitar|Tyranitar|Tyranitarite\n|-weather|Sandstorm|[from] ability: Sand Stream|[of] p1b: Tyranitar\n|move|p1b: Tyranitar|Stone Edge|p2b: Kingambit|[miss]\n|-miss|p1b: Tyranitar|p2b: Kingambit\n|move|p2b: Kingambit|Kowtow Cleave|p1b: Tyranitar\n|-resisted|p1b: Tyranitar|1\n|-damage|p1b: Tyranitar|48/100\n|\n|-weather|Sandstorm|[upkeep]\n|upkeep\n|turn|12\n|\n|t:|1776103952\n|move|p1b: Tyranitar|Stone Edge|p2b: Kingambit\n|-resisted|p2b: Kingambit|1\n|-damage|p2b: Kingambit|47/100\n|move|p2b: Kingambit|Kowtow Cleave|p1b: Tyranitar\n|-resisted|p1b: Tyranitar|1\n|-damage|p1b: Tyranitar|9/100\n|\n|-weather|Sandstorm|[upkeep]\n|upkeep\n|turn|13\n|\n|t:|1776103962\n|move|p1b: Tyranitar|Stone Edge|p2b: Kingambit\n|-resisted|p2b: Kingambit|1\n|-damage|p2b: Kingambit|29/100\n|move|p2b: Kingambit|Kowtow Cleave|p1b: Tyranitar\n|-resisted|p1b: Tyranitar|1\n|-crit|p1b: Tyranitar\n|-damage|p1b: Tyranitar|0 fnt\n|faint|p1b: Tyranitar\n|\n|win|yamzinyobooty\n|raw|tk329's rating: 1071 &rarr; <strong>1047</strong><br />(-24 for losing)\n|raw|yamzinyobooty's rating: 1022 &rarr; <strong>1064</strong><br />(+42 for winning)\n",
  "uploadtime": 1776103963,
  "views": 11,
  "formatid": "gen9championsvgc2026regma",
  "rating": 1047,
  "private": 0,
  "password": null
}