{
  "id": "gen9championsvgc2026regma-2586647588",
  "format": "[Gen 9 Champions] VGC 2026 Reg M-A",
  "players": [
    "Smirkc_01",
    "thacrow"
  ],
  "log": "|j|\u2606Smirkc_01\n|j|\u2606thacrow\n|t:|1776449245\n|gametype|doubles\n|player|p1|Smirkc_01|veteran|\n|player|p2|thacrow|#thacrow|\n|gen|9\n|tier|[Gen 9 Champions] VGC 2026 Reg M-A\n|rated|Tournament battle\n|rule|Species Clause: Limit one of each Pok\u00e9mon\n|rule|Item Clause: Limit 1 of each item\n|raw|<div class=\"infobox\"><details class=\"readmore\" open><summary><strong>1 custom rule:</strong></summary> Force Open Team Sheets</details></div>\n|clearpoke\n|poke|p1|Gardevoir, L50, M|\n|poke|p1|Kingambit, L50, F|\n|poke|p1|Sneasler, L50, F|\n|poke|p1|Aerodactyl, L50, M|\n|poke|p1|Incineroar, L50, M|\n|poke|p1|Sinistcha, L50|\n|poke|p2|Garchomp, L50, F|\n|poke|p2|Milotic, L50, F|\n|poke|p2|Scovillain, L50, F|\n|poke|p2|Aegislash, L50, M|\n|poke|p2|Incineroar, L50, M|\n|poke|p2|Sneasler, L50, M|\n|teampreview|4\n|showteam|p1|Gardevoir||Gardevoirite|Synchronize|HyperVoice,Psychic,CalmMind,Protect|||M|||50|]Kingambit||QuickClaw|Defiant|KowtowCleave,SuckerPunch,IronHead,Protect|||F|||50|]Sneasler||WhiteHerb|Unburden|CloseCombat,DireClaw,FakeOut,Protect|||F|||50|]Aerodactyl||FocusSash|Unnerve|RockSlide,DualWingbeat,Tailwind,Protect|||M|||50|]Incineroar||SitrusBerry|Intimidate|FlareBlitz,ThroatChop,FakeOut,PartingShot|||M|||50|]Sinistcha||MiracleSeed|Hospitality|MatchaGotcha,RagePowder,TrickRoom,Protect||||||50|\n|showteam|p2|Garchomp||SitrusBerry|RoughSkin|StompingTantrum,RockSlide,SwordsDance,Protect|||F|||50|]Milotic||Leftovers|Competitive|Scald,IcyWind,LifeDew,Protect|||F|||50|]Scovillain||Scovillainite|Moody|RagePowder,EnergyBall,LeechSeed,Protect|||F|||50|]Aegislash||SpellTag|StanceChange|IronHead,Poltergeist,ShadowSneak,KingsShield|||M|||50|]Incineroar||ShucaBerry|Intimidate|FakeOut,FlareBlitz,DarkestLariat,PartingShot|||M|||50|]Sneasler||WhiteHerb|Unburden|FakeOut,CloseCombat,GunkShot,Coaching|||M|||50|\n|inactive|Battle timer is ON: inactive players will automatically lose when time's up. (requested by Smirkc_01)\n|j| sille rovert\n|j| gabefuii\n|inactive|thacrow has 60 seconds left.\n|c| sille rovert|thacrow did you hurt when you found out aegi didnt have hex\n|\n|t:|1776449279\n|teamsize|p1|4\n|teamsize|p2|4\n|start\n|switch|p1a: Aerodactyl|Aerodactyl, L50, M|100/100\n|switch|p1b: Sneasler|Sneasler, L50, F|100/100\n|switch|p2a: Scovillain|Scovillain, L50, F|100/100\n|switch|p2b: Milotic|Milotic, L50, F|100/100\n|-ability|p1a: Aerodactyl|Unnerve\n|turn|1\n|j| hiyopon\n|c| sille rovert|sco and aegi with hex would be insane\n|j| BIGGY STEELS\n|inactive|thacrow has 30 seconds left.\n|inactive|thacrow has 20 seconds left.\n|\n|t:|1776449317\n|detailschange|p2a: Scovillain|Scovillain-Mega, L50, F\n|-mega|p2a: Scovillain|Scovillain|Scovillainite\n|move|p1b: Sneasler|Fake Out|p2b: Milotic\n|-damage|p2b: Milotic|86/100\n|move|p1a: Aerodactyl|Dual Wingbeat|p2a: Scovillain\n|-supereffective|p2a: Scovillain|1\n|-damage|p2a: Scovillain|69/100\n|-status|p1a: Aerodactyl|brn|[from] ability: Spicy Spray|[of] p2a: Scovillain\n|-supereffective|p2a: Scovillain|1\n|-damage|p2a: Scovillain|55/100\n|-hitcount|p2a: Scovillain|2\n|cant|p2b: Milotic|flinch\n|move|p2a: Scovillain|Leech Seed|p1b: Sneasler\n|-start|p1b: Sneasler|move: Leech Seed\n|\n|-heal|p2b: Milotic|92/100|[from] item: Leftovers\n|-damage|p1b: Sneasler|88/100|[from] Leech Seed|[of] p2a: Scovillain\n|-heal|p2a: Scovillain|66/100|[silent]\n|-damage|p1a: Aerodactyl|95/100 brn|[from] brn\n|upkeep\n|turn|2\n|\n|t:|1776449340\n|move|p2b: Milotic|Protect|p2b: Milotic\n|-singleturn|p2b: Milotic|Protect\n|move|p2a: Scovillain|Protect|p2a: Scovillain\n|-singleturn|p2a: Scovillain|Protect\n|move|p1a: Aerodactyl|Rock Slide|p2a: Scovillain|[spread] \n|-activate|p2a: Scovillain|move: Protect\n|-activate|p2b: Milotic|move: Protect\n|move|p1b: Sneasler|Dire Claw|p2a: Scovillain\n|-activate|p2a: Scovillain|move: Protect\n|\n|-heal|p2b: Milotic|98/100|[from] item: Leftovers\n|-damage|p1b: Sneasler|76/100|[from] Leech Seed|[of] p2a: Scovillain\n|-heal|p2a: Scovillain|78/100|[silent]\n|-damage|p1a: Aerodactyl|89/100 brn|[from] brn\n|upkeep\n|turn|3\n|j| Cdogp\n|l| Cdogp\n|\n|t:|1776449349\n|move|p2a: Scovillain|Rage Powder|p2a: Scovillain\n|-singleturn|p2a: Scovillain|move: Rage Powder\n|move|p1a: Aerodactyl|Dual Wingbeat|p2a: Scovillain\n|-supereffective|p2a: Scovillain|1\n|-damage|p2a: Scovillain|63/100\n|-supereffective|p2a: Scovillain|1\n|-damage|p2a: Scovillain|47/100\n|-hitcount|p2a: Scovillain|2\n|move|p1b: Sneasler|Dire Claw|p2a: Scovillain\n|-supereffective|p2a: Scovillain|1\n|-damage|p2a: Scovillain|0 fnt\n|-status|p1b: Sneasler|brn|[from] ability: Spicy Spray|[of] p2a: Scovillain\n|faint|p2a: Scovillain\n|move|p2b: Milotic|Scald|p1a: Aerodactyl\n|-supereffective|p1a: Aerodactyl|1\n|-damage|p1a: Aerodactyl|0 fnt\n|faint|p1a: Aerodactyl\n|\n|-heal|p2b: Milotic|100/100|[from] item: Leftovers\n|-damage|p1b: Sneasler|69/100 brn|[from] brn\n|upkeep\n|\n|t:|1776449366\n|switch|p1a: Gardevoir|Gardevoir, L50, M, shiny|100/100\n|switch|p2a: Aegislash|Aegislash, L50, M|100/100\n|turn|4\n|\n|t:|1776449374\n|switch|p1b: Sinistcha|Sinistcha, L50|100/100\n|move|p1a: Gardevoir|Protect|p1a: Gardevoir\n|-singleturn|p1a: Gardevoir|Protect\n|move|p2b: Milotic|Scald|p1b: Sinistcha\n|-resisted|p1b: Sinistcha|1\n|-damage|p1b: Sinistcha|83/100\n|-formechange|p2a: Aegislash|Aegislash-Blade|\n|move|p2a: Aegislash|Iron Head|p1a: Gardevoir\n|-activate|p1a: Gardevoir|move: Protect\n|\n|upkeep\n|turn|5\n|l| gabefuii\n|\n|t:|1776449394\n|detailschange|p1a: Gardevoir|Gardevoir-Mega, L50, M, shiny\n|-mega|p1a: Gardevoir|Gardevoir|Gardevoirite\n|move|p1b: Sinistcha|Rage Powder|p1b: Sinistcha\n|-singleturn|p1b: Sinistcha|move: Rage Powder\n|move|p1a: Gardevoir|Hyper Voice|p2b: Milotic|[spread] p2a,p2b\n|-resisted|p2a: Aegislash|1\n|-damage|p2a: Aegislash|57/100\n|-damage|p2b: Milotic|62/100\n|move|p2b: Milotic|Life Dew|p2b: Milotic|[spread] p2a,p2b\n|-heal|p2a: Aegislash|83/100\n|-heal|p2b: Milotic|87/100\n|move|p2a: Aegislash|Poltergeist|p1b: Sinistcha\n|-activate|p1b: Sinistcha|move: Poltergeist|Miracle Seed\n|-supereffective|p1b: Sinistcha|1\n|-damage|p1b: Sinistcha|0 fnt\n|faint|p1b: Sinistcha\n|\n|-heal|p2b: Milotic|93/100|[from] item: Leftovers\n|upkeep\n|\n|t:|1776449410\n|switch|p1b: Sneasler|Sneasler, L50, F|69/100 brn\n|turn|6\n|j| Zonkah\n|\n|t:|1776449427\n|-formechange|p2a: Aegislash|Aegislash|\n|move|p2a: Aegislash|King's Shield|p2a: Aegislash\n|-singleturn|p2a: Aegislash|Protect\n|move|p1b: Sneasler|Fake Out|p2b: Milotic\n|-crit|p2b: Milotic\n|-damage|p2b: Milotic|84/100\n|move|p1a: Gardevoir|Hyper Voice|p2b: Milotic|[spread] p2b\n|-activate|p2a: Aegislash|move: Protect\n|-damage|p2b: Milotic|49/100\n|cant|p2b: Milotic|flinch\n|\n|-heal|p2b: Milotic|55/100|[from] item: Leftovers\n|-damage|p1b: Sneasler|63/100 brn|[from] brn\n|upkeep\n|turn|7\n|\n|t:|1776449443\n|move|p1a: Gardevoir|Protect|p1a: Gardevoir\n|-singleturn|p1a: Gardevoir|Protect\n|move|p1b: Sneasler|Dire Claw|p2b: Milotic\n|-damage|p2b: Milotic|38/100\n|move|p2b: Milotic|Life Dew|p2b: Milotic|[spread] p2a,p2b\n|-heal|p2a: Aegislash|100/100\n|-heal|p2b: Milotic|63/100\n|-formechange|p2a: Aegislash|Aegislash-Blade|\n|move|p2a: Aegislash|Iron Head|p1a: Gardevoir\n|-activate|p1a: Gardevoir|move: Protect\n|\n|-heal|p2b: Milotic|69/100|[from] item: Leftovers\n|-damage|p1b: Sneasler|57/100 brn|[from] brn\n|upkeep\n|turn|8\n|l| hiyopon\n|\n|t:|1776449464\n|move|p1b: Sneasler|Close Combat|p2b: Milotic\n|-damage|p2b: Milotic|42/100\n|-unboost|p1b: Sneasler|def|1\n|-unboost|p1b: Sneasler|spd|1\n|-enditem|p1b: Sneasler|White Herb\n|-clearnegativeboost|p1b: Sneasler|[silent]\n|move|p1a: Gardevoir|Calm Mind|p1a: Gardevoir\n|-boost|p1a: Gardevoir|spa|1\n|-boost|p1a: Gardevoir|spd|1\n|move|p2b: Milotic|Scald|p1b: Sneasler\n|-damage|p1b: Sneasler|10/100 brn\n|move|p2a: Aegislash|Iron Head|p1a: Gardevoir\n|-supereffective|p1a: Gardevoir|1\n|-damage|p1a: Gardevoir|0 fnt\n|faint|p1a: Gardevoir\n|\n|-heal|p2b: Milotic|48/100|[from] item: Leftovers\n|-damage|p1b: Sneasler|4/100 brn|[from] brn\n|upkeep\n|turn|9\n|\n|t:|1776449481\n|move|p2a: Aegislash|Shadow Sneak|p1b: Sneasler\n|-damage|p1b: Sneasler|0 fnt\n|faint|p1b: Sneasler\n|\n|win|thacrow\n|n|\u2606Smirkc_01|smirkc01\n|n|\u2606thacrow|thacrow\n|n| sille rovert|sillerovert\n|n| BIGGY STEELS|biggysteels\n|n| Zonkah|zonkah\n|l|\u2606thacrow\n|player|p2|\n",
  "uploadtime": 1776449485,
  "views": 27,
  "formatid": "gen9championsvgc2026regma",
  "rating": null,
  "private": 0,
  "password": null
}