{
  "id": "gen9championsvgc2026regma-2582845139",
  "format": "[Gen 9 Champions] VGC 2026 Reg M-A",
  "players": [
    "blackskull345",
    "Xcdc9182"
  ],
  "log": "|j|\u2606blackskull345\n|j|\u203dXcdc9182\n|t:|1776118587\n|gametype|doubles\n|player|p1|blackskull345|170|1040\n|player|p2|Xcdc9182|170|1087\n|gen|9\n|tier|[Gen 9 Champions] VGC 2026 Reg M-A\n|rated|\n|rule|Species Clause: Limit one of each Pok\u00e9mon\n|rule|Item Clause: Limit 1 of each item\n|clearpoke\n|poke|p1|Delphox, L50, F|\n|poke|p1|Garchomp, L50, M|\n|poke|p1|Sneasler, L50, M|\n|poke|p1|Primarina, L50, F|\n|poke|p1|Maushold, L50|\n|poke|p1|Aerodactyl, L50, F|\n|poke|p2|Gardevoir, L50, M|\n|poke|p2|Tyranitar, L50, F|\n|poke|p2|Incineroar, L50, M|\n|poke|p2|Palafin, L50, M|\n|poke|p2|Sinistcha, L50|\n|poke|p2|Dragonite, L50, F|\n|teampreview|4\n|\n|t:|1776118616\n|teamsize|p1|4\n|teamsize|p2|4\n|start\n|switch|p1a: Delphox|Delphox, L50, F|100/100\n|switch|p1b: Sneasler|Sneasler, L50, M|100/100\n|switch|p2a: Gardevoir|Gardevoir, L50, M|100/100\n|switch|p2b: Dragonite|Dragonite, L50, F|100/100\n|-ability|p2a: Gardevoir|Blaze|Trace|[from] ability: Trace|[of] p1a: Delphox\n|turn|1\n|\n|t:|1776118642\n|detailschange|p1a: Delphox|Delphox-Mega, L50, F\n|-mega|p1a: Delphox|Delphox|Delphoxite\n|move|p2a: Gardevoir|Protect|p2a: Gardevoir\n|-singleturn|p2a: Gardevoir|Protect\n|move|p1b: Sneasler|Fake Out|p2b: Dragonite\n|-damage|p2b: Dragonite|87/100\n|move|p1a: Delphox|Calm Mind|p1a: Delphox\n|-boost|p1a: Delphox|spa|1\n|-boost|p1a: Delphox|spd|1\n|move|p2b: Dragonite|Scale Shot|p1b: Sneasler\n|-damage|p1b: Sneasler|73/100\n|-damage|p1b: Sneasler|47/100\n|-damage|p1b: Sneasler|18/100\n|-damage|p1b: Sneasler|0 fnt\n|faint|p1b: Sneasler\n|-hitcount|p1: Sneasler|4\n|-unboost|p2b: Dragonite|def|1\n|-boost|p2b: Dragonite|spe|1\n|-enditem|p2b: Dragonite|White Herb\n|-clearnegativeboost|p2b: Dragonite|[silent]\n|\n|upkeep\n|\n|t:|1776118665\n|switch|p1b: Aerodactyl|Aerodactyl, L50, F|100/100\n|-ability|p1b: Aerodactyl|Unnerve\n|turn|2\n|\n|t:|1776118681\n|detailschange|p2a: Gardevoir|Gardevoir-Mega, L50, M\n|-mega|p2a: Gardevoir|Gardevoir|Gardevoirite\n|move|p1a: Delphox|Psychic|p2b: Dragonite\n|-damage|p2b: Dragonite|14/100\n|move|p1b: Aerodactyl|Rock Slide|p2a: Gardevoir|[spread] p2a,p2b\n|-supereffective|p2b: Dragonite|1\n|-damage|p2a: Gardevoir|66/100\n|-damage|p2b: Dragonite|0 fnt\n|faint|p2b: Dragonite\n|move|p2a: Gardevoir|Hyper Voice|p1a: Delphox|[spread] p1a,p1b\n|-resisted|p1a: Delphox|1\n|-damage|p1a: Delphox|85/100\n|-damage|p1b: Aerodactyl|45/100\n|\n|upkeep\n|\n|t:|1776118698\n|switch|p2b: Sinistcha|Sinistcha, L50|100/100\n|-heal|p2a: Gardevoir|91/100|[from] ability: Hospitality|[of] p2b: Sinistcha\n|turn|3\n|\n|t:|1776118713\n|move|p1b: Aerodactyl|Wide Guard|p1b: Aerodactyl\n|-singleturn|p1b: Aerodactyl|Wide Guard\n|move|p1a: Delphox|Heat Wave|p2a: Gardevoir|[spread] p2a,p2b\n|-supereffective|p2b: Sinistcha|1\n|-damage|p2a: Gardevoir|44/100\n|-damage|p2b: Sinistcha|0 fnt\n|faint|p2b: Sinistcha\n|move|p2a: Gardevoir|Calm Mind|p2a: Gardevoir\n|-boost|p2a: Gardevoir|spa|1\n|-boost|p2a: Gardevoir|spd|1\n|\n|upkeep\n|\n|t:|1776118724\n|switch|p2b: Incineroar|Incineroar, L50, M|100/100\n|-ability|p2b: Incineroar|Intimidate|boost\n|-unboost|p1a: Delphox|atk|1\n|-unboost|p1b: Aerodactyl|atk|1\n|turn|4\n|\n|t:|1776118732\n|move|p1a: Delphox|Protect|p1a: Delphox\n|-singleturn|p1a: Delphox|Protect\n|move|p2b: Incineroar|Fake Out|p1a: Delphox\n|-activate|p1a: Delphox|move: Protect\n|move|p1b: Aerodactyl|Rock Slide|p2b: Incineroar|[spread] p2a,p2b\n|-supereffective|p2b: Incineroar|1\n|-damage|p2a: Gardevoir|22/100\n|-damage|p2b: Incineroar|68/100\n|move|p2a: Gardevoir|Hyper Voice|p1b: Aerodactyl|[spread] p1b\n|-activate|p1a: Delphox|move: Protect\n|-damage|p1b: Aerodactyl|0 fnt\n|faint|p1b: Aerodactyl\n|\n|upkeep\n|\n|t:|1776118747\n|switch|p1b: Garchomp|Garchomp, L50, M|100/100\n|turn|5\n|\n|t:|1776118753\n|move|p2a: Gardevoir|Protect|p2a: Gardevoir\n|-singleturn|p2a: Gardevoir|Protect\n|move|p1a: Delphox|Heat Wave|p2a: Gardevoir|[spread] p2b\n|-activate|p2a: Gardevoir|move: Protect\n|-resisted|p2b: Incineroar|1\n|-damage|p2b: Incineroar|42/100\n|-enditem|p2b: Incineroar|Sitrus Berry|[eat]\n|-heal|p2b: Incineroar|67/100|[from] item: Sitrus Berry\n|move|p1b: Garchomp|Earthquake|p2b: Incineroar|[spread] p2b\n|-activate|p2a: Gardevoir|move: Protect\n|-immune|p1a: Delphox|[from] ability: Levitate\n|-supereffective|p2b: Incineroar|1\n|-damage|p2b: Incineroar|6/100\n|move|p2b: Incineroar|Parting Shot|p1b: Garchomp\n|-unboost|p1b: Garchomp|atk|1\n|-unboost|p1b: Garchomp|spa|1\n|\n|upkeep\n|turn|6\n|\n|t:|1776118774\n|move|p1a: Delphox|Heat Wave|p2a: Gardevoir|[spread] p2a,p2b\n|-resisted|p2b: Incineroar|1\n|-damage|p2a: Gardevoir|0 fnt\n|-damage|p2b: Incineroar|0 fnt\n|faint|p2a: Gardevoir\n|faint|p2b: Incineroar\n|\n|win|blackskull345\n|raw|blackskull345's rating: 1040 &rarr; <strong>1079</strong><br />(+39 for winning)\n|raw|Xcdc9182's rating: 1087 &rarr; <strong>1061</strong><br />(-26 for losing)\n",
  "uploadtime": 1776118787,
  "views": 19,
  "formatid": "gen9championsvgc2026regma",
  "rating": 1061,
  "private": 0,
  "password": null
}