{
  "id": "gen9championsvgc2026regma-2585263536",
  "format": "[Gen 9 Champions] VGC 2026 Reg M-A",
  "players": [
    "olecram2102",
    "QUITTHISGAMENOW"
  ],
  "log": "|j|\u2606olecram2102\n|j|\u2606QUITTHISGAMENOW\n|t:|1776331448\n|gametype|doubles\n|player|p1|olecram2102|silver|1080\n|player|p2|QUITTHISGAMENOW|unknown|1000\n|gen|9\n|tier|[Gen 9 Champions] VGC 2026 Reg M-A\n|rated|\n|rule|Species Clause: Limit one of each Pok\u00e9mon\n|rule|Item Clause: Limit 1 of each item\n|clearpoke\n|poke|p1|Goodra-Hisui, L50, M|\n|poke|p1|Farigiraf, L50, M|\n|poke|p1|Conkeldurr, L50, F|\n|poke|p1|Sableye, L50, F|\n|poke|p1|Torkoal, L50, M|\n|poke|p1|Azumarill, L50, M|\n|poke|p2|Aegislash, L50, F|\n|poke|p2|Banette, L50, M|\n|poke|p2|Samurott-Hisui, L50, F|\n|poke|p2|Goodra, L50, M|\n|poke|p2|Incineroar, L50, F|\n|poke|p2|Avalugg, L50, F|\n|teampreview|4\n|\n|t:|1776331487\n|teamsize|p1|4\n|teamsize|p2|4\n|start\n|switch|p1a: Goodra|Goodra-Hisui, L50, M|100/100\n|switch|p1b: Farigiraf|Farigiraf, L50, M|100/100\n|switch|p2a: Goodra|Goodra, L50, M|100/100\n|switch|p2b: Incineroar|Incineroar, L50, F|100/100\n|-ability|p2b: Incineroar|Intimidate|boost\n|-unboost|p1a: Goodra|atk|1\n|-unboost|p1b: Farigiraf|atk|1\n|turn|1\n|inactive|Battle timer is ON: inactive players will automatically lose when time's up. (requested by QUITTHISGAMENOW)\n|\n|t:|1776331527\n|move|p2a: Goodra|Protect|p2a: Goodra\n|-singleturn|p2a: Goodra|Protect\n|move|p2b: Incineroar|Flare Blitz|p1a: Goodra\n|-damage|p1a: Goodra|57/100\n|-damage|p2b: Incineroar|86/100|[from] Recoil\n|move|p1a: Goodra|Curse|p1a: Goodra\n|-unboost|p1a: Goodra|spe|1\n|-boost|p1a: Goodra|atk|1\n|-boost|p1a: Goodra|def|1\n|move|p1b: Farigiraf|Trick Room|p1b: Farigiraf\n|-fieldstart|move: Trick Room|[of] p1b: Farigiraf\n|\n|-heal|p1a: Goodra|63/100|[from] item: Leftovers\n|upkeep\n|turn|2\n|\n|t:|1776331545\n|move|p1a: Goodra|Body Press|p2b: Incineroar\n|-supereffective|p2b: Incineroar|1\n|-damage|p2b: Incineroar|36/100\n|-enditem|p2b: Incineroar|Sitrus Berry|[eat]\n|-heal|p2b: Incineroar|60/100|[from] item: Sitrus Berry\n|move|p1b: Farigiraf|Hyper Voice|p2a: Goodra|[spread] p2a,p2b\n|-damage|p2a: Goodra|87/100\n|-damage|p2b: Incineroar|39/100\n|move|p2b: Incineroar|Parting Shot|p1a: Goodra\n|-unboost|p1a: Goodra|atk|1\n|-unboost|p1a: Goodra|spa|1\n|\n|t:|1776331557\n|switch|p2b: Aegislash|Aegislash, L50, F|100/100|[from] Parting Shot\n|move|p2a: Goodra|Dragon Pulse|p1a: Goodra\n|-damage|p1a: Goodra|44/100\n|\n|-heal|p1a: Goodra|50/100|[from] item: Leftovers\n|-heal|p2a: Goodra|93/100|[from] item: Leftovers\n|upkeep\n|turn|3\n|\n|t:|1776331577\n|switch|p1b: Torkoal|Torkoal, L50, M|100/100\n|-weather|SunnyDay|[from] ability: Drought|[of] p1b: Torkoal\n|move|p1a: Goodra|Rock Slide|p2a: Goodra|[spread] p2a,p2b\n|-resisted|p2b: Aegislash|1\n|-damage|p2a: Goodra|82/100\n|-damage|p2b: Aegislash|97/100\n|-formechange|p2b: Aegislash|Aegislash-Blade|\n|move|p2b: Aegislash|Sacred Sword|p1a: Goodra\n|-supereffective|p1a: Goodra|1\n|-crit|p1a: Goodra\n|-damage|p1a: Goodra|0 fnt\n|faint|p1a: Goodra\n|move|p2a: Goodra|Dragon Pulse|p1b: Torkoal\n|-damage|p1b: Torkoal|56/100\n|\n|-weather|SunnyDay|[upkeep]\n|-heal|p2a: Goodra|88/100|[from] item: Leftovers\n|upkeep\n|\n|t:|1776331589\n|switch|p1a: Azumarill|Azumarill, L50, M|100/100\n|turn|4\n|\n|t:|1776331602\n|-formechange|p2b: Aegislash|Aegislash|\n|move|p2b: Aegislash|King's Shield|p2b: Aegislash\n|-singleturn|p2b: Aegislash|Protect\n|move|p1b: Torkoal|Eruption|p2b: Aegislash|[spread] p2a\n|-activate|p2b: Aegislash|move: Protect\n|-resisted|p2a: Goodra|1\n|-damage|p2a: Goodra|75/100\n|move|p1a: Azumarill|Play Rough|p2a: Goodra\n|-supereffective|p2a: Goodra|1\n|-damage|p2a: Goodra|0 fnt\n|faint|p2a: Goodra\n|\n|-weather|SunnyDay|[upkeep]\n|upkeep\n|\n|t:|1776331619\n|switch|p2a: Incineroar|Incineroar, L50, F|39/100\n|-ability|p2a: Incineroar|Intimidate|boost\n|-unboost|p1a: Azumarill|atk|1\n|-unboost|p1b: Torkoal|atk|1\n|turn|5\n|\n|t:|1776331630\n|switch|p1a: Farigiraf|Farigiraf, L50, M|100/100\n|move|p2a: Incineroar|Fake Out||[still]\n|cant|p1a: Farigiraf|ability: Armor Tail|Fake Out|[of] p2a: Incineroar\n|move|p1b: Torkoal|Eruption|p2b: Aegislash|[spread] p2a,p2b\n|-resisted|p2a: Incineroar|1\n|-supereffective|p2b: Aegislash|1\n|-damage|p2a: Incineroar|19/100\n|-damage|p2b: Aegislash|0 fnt\n|faint|p2b: Aegislash\n|\n|-weather|SunnyDay|[upkeep]\n|-fieldend|move: Trick Room\n|upkeep\n|\n|t:|1776331643\n|switch|p2b: Samurott|Samurott-Hisui, L50, F|100/100\n|turn|6\n|inactive|QUITTHISGAMENOW has 30 seconds left.\n|\n|t:|1776331674\n|move|p1a: Farigiraf|Protect|p1a: Farigiraf\n|-singleturn|p1a: Farigiraf|Protect\n|move|p2b: Samurott|Liquidation|p1a: Farigiraf\n|-activate|p1a: Farigiraf|move: Protect\n|move|p2a: Incineroar|Parting Shot|p1b: Torkoal\n|-unboost|p1b: Torkoal|atk|1\n|-unboost|p1b: Torkoal|spa|1\n|move|p1b: Torkoal|Heat Wave|p2b: Samurott|[spread] p2a,p2b\n|-resisted|p2a: Incineroar|1\n|-resisted|p2b: Samurott|1\n|-damage|p2a: Incineroar|4/100\n|-damage|p2b: Samurott|71/100\n|\n|-weather|SunnyDay|[upkeep]\n|upkeep\n|turn|7\n|\n|t:|1776331690\n|switch|p1a: Azumarill|Azumarill, L50, M|100/100\n|move|p2b: Samurott|Liquidation|p1b: Torkoal\n|-supereffective|p1b: Torkoal|1\n|-damage|p1b: Torkoal|24/100\n|move|p2a: Incineroar|Flare Blitz|p1b: Torkoal\n|-resisted|p1b: Torkoal|1\n|-damage|p1b: Torkoal|0 fnt\n|faint|p1b: Torkoal\n|-damage|p2a: Incineroar|0 fnt|[from] Recoil\n|faint|p2a: Incineroar\n|\n|-weather|none\n|upkeep\n|\n|t:|1776331701\n|switch|p1b: Farigiraf|Farigiraf, L50, M|100/100\n|turn|8\n|\n|t:|1776331705\n|move|p2b: Samurott|Liquidation|p1b: Farigiraf\n|-damage|p1b: Farigiraf|63/100\n|move|p1a: Azumarill|Play Rough|p2b: Samurott\n|-supereffective|p2b: Samurott|1\n|-damage|p2b: Samurott|0 fnt\n|faint|p2b: Samurott\n|\n|win|olecram2102\n|raw|olecram2102's rating: 1080 &rarr; <strong>1102</strong><br />(+22 for winning)\n|raw|QUITTHISGAMENOW's rating: 1000 &rarr; <strong>1000</strong><br />(+0 for losing)\n|l|\u2606QUITTHISGAMENOW\n|player|p2|\n",
  "uploadtime": 1776331717,
  "views": 24,
  "formatid": "gen9championsvgc2026regma",
  "rating": 1000,
  "private": 0,
  "password": null
}