{
  "id": "gen9championsvgc2026regma-2587276082",
  "format": "[Gen 9 Champions] VGC 2026 Reg M-A",
  "players": [
    "wilduce",
    "siunhanech"
  ],
  "log": "|j|\u2606wilduce\n|j|\u2606siunhanech\n|t:|1776517357\n|gametype|doubles\n|player|p1|wilduce|n|1374\n|player|p2|siunhanech|cynthia-gen4|1407\n|gen|9\n|tier|[Gen 9 Champions] VGC 2026 Reg M-A\n|rated|\n|rule|Species Clause: Limit one of each Pok\u00e9mon\n|rule|Item Clause: Limit 1 of each item\n|clearpoke\n|poke|p1|Sneasler, L50, M|\n|poke|p1|Tauros-Paldea-Aqua, L50, M|\n|poke|p1|Basculegion, L50, M|\n|poke|p1|Froslass, L50, F|\n|poke|p1|Aerodactyl, L50, M|\n|poke|p1|Kingambit, L50, M|\n|poke|p2|Blastoise, L50, M|\n|poke|p2|Sableye, L50, M|\n|poke|p2|Sneasler, L50, M|\n|poke|p2|Sinistcha, L50|\n|poke|p2|Espathra, L50, M|\n|poke|p2|Basculegion-F, L50, F|\n|teampreview|4\n|inactive|Battle timer is ON: inactive players will automatically lose when time's up. (requested by siunhanech)\n|\n|t:|1776517377\n|teamsize|p1|4\n|teamsize|p2|4\n|start\n|switch|p1a: Aerodactyl|Aerodactyl, L50, M|100/100\n|switch|p1b: Sneasler|Sneasler, L50, M|100/100\n|switch|p2a: Sinh vi\u00ean|Sableye, L50, M|100/100\n|switch|p2b: \u0110\u00e0 \u0111i\u1ec3u|Espathra, L50, M|100/100\n|-ability|p1a: Aerodactyl|Unnerve\n|turn|1\n|j| p3elz\n|c| p3elz|hi guys\n|\n|t:|1776517388\n|move|p1b: Sneasler|Fake Out|p2b: \u0110\u00e0 \u0111i\u1ec3u\n|-damage|p2b: \u0110\u00e0 \u0111i\u1ec3u|89/100\n|move|p2a: Sinh vi\u00ean|Fake Out|p1a: Aerodactyl\n|-resisted|p1a: Aerodactyl|1\n|-damage|p1a: Aerodactyl|95/100\n|cant|p1a: Aerodactyl|flinch\n|cant|p2b: \u0110\u00e0 \u0111i\u1ec3u|flinch\n|\n|-ability|p2b: \u0110\u00e0 \u0111i\u1ec3u|Speed Boost|boost\n|-boost|p2b: \u0110\u00e0 \u0111i\u1ec3u|spe|1\n|upkeep\n|turn|2\n|c| p3elz|is this espathra guy tuff\n|c|\u2606wilduce|it is indeed\n|inactive|wilduce has 30 seconds left.\n|c|\u2606siunhanech|:v\n|c| p3elz|im intrigued\n|\n|t:|1776517421\n|move|p1b: Sneasler|Protect|p1b: Sneasler\n|-singleturn|p1b: Sneasler|Protect\n|move|p2a: Sinh vi\u00ean|Encore|p1b: Sneasler\n|-activate|p1b: Sneasler|move: Protect\n|move|p1a: Aerodactyl|Taunt|p2a: Sinh vi\u00ean\n|-start|p2a: Sinh vi\u00ean|move: Taunt\n|move|p2b: \u0110\u00e0 \u0111i\u1ec3u|Calm Mind|p2b: \u0110\u00e0 \u0111i\u1ec3u\n|-boost|p2b: \u0110\u00e0 \u0111i\u1ec3u|spa|1\n|-boost|p2b: \u0110\u00e0 \u0111i\u1ec3u|spd|1\n|\n|-ability|p2b: \u0110\u00e0 \u0111i\u1ec3u|Speed Boost|boost\n|-boost|p2b: \u0110\u00e0 \u0111i\u1ec3u|spe|1\n|upkeep\n|turn|3\n|c|\u2606siunhanech|i remember you\n|c| p3elz|im spectating random battles to steal strats\n|inactive|wilduce has 30 seconds left.\n|\n|t:|1776517456\n|switch|p2a: Tr\u00e0 t\u1eeb tay|Sinistcha, L50|100/100\n|-heal|p2b: \u0110\u00e0 \u0111i\u1ec3u|100/100|[from] ability: Hospitality|[of] p2a: Tr\u00e0 t\u1eeb tay\n|move|p2b: \u0110\u00e0 \u0111i\u1ec3u|Protect|p2b: \u0110\u00e0 \u0111i\u1ec3u\n|-singleturn|p2b: \u0110\u00e0 \u0111i\u1ec3u|Protect\n|move|p1a: Aerodactyl|Wide Guard|p1a: Aerodactyl\n|-singleturn|p1a: Aerodactyl|Wide Guard\n|move|p1b: Sneasler|Dire Claw|p2b: \u0110\u00e0 \u0111i\u1ec3u\n|-activate|p2b: \u0110\u00e0 \u0111i\u1ec3u|move: Protect\n|\n|-ability|p2b: \u0110\u00e0 \u0111i\u1ec3u|Speed Boost|boost\n|-boost|p2b: \u0110\u00e0 \u0111i\u1ec3u|spe|1\n|upkeep\n|turn|4\n|\n|t:|1776517475\n|move|p1a: Aerodactyl|Wide Guard|p1a: Aerodactyl\n|-singleturn|p1a: Aerodactyl|Wide Guard\n|move|p2b: \u0110\u00e0 \u0111i\u1ec3u|Lumina Crash|p1b: Sneasler\n|-supereffective|p1b: Sneasler|2\n|-damage|p1b: Sneasler|0 fnt\n|faint|p1b: Sneasler\n|move|p2a: Tr\u00e0 t\u1eeb tay|Life Dew||[still]|[still]|[spread] \n|-fail|p2a: Tr\u00e0 t\u1eeb tay|heal\n|-fail|p2b: \u0110\u00e0 \u0111i\u1ec3u|heal\n|\n|-ability|p2b: \u0110\u00e0 \u0111i\u1ec3u|Speed Boost|boost\n|-boost|p2b: \u0110\u00e0 \u0111i\u1ec3u|spe|1\n|upkeep\n|c|\u2606wilduce|ye i cant do shit actually\n|\n|t:|1776517495\n|switch|p1b: Basculegion|Basculegion, L50, M|100/100\n|turn|5\n|\n|t:|1776517505\n|move|p1a: Aerodactyl|Wide Guard|p1a: Aerodactyl\n|-singleturn|p1a: Aerodactyl|Wide Guard\n|move|p2b: \u0110\u00e0 \u0111i\u1ec3u|Baton Pass|p2b: \u0110\u00e0 \u0111i\u1ec3u\n|\n|t:|1776517509\n|switch|p2b: B\u1eafn t\u00f9m lum|Blastoise, L50, M|100/100|[from] Baton Pass\n|move|p1b: Basculegion|Last Respects|p2b: B\u1eafn t\u00f9m lum\n|-damage|p2b: B\u1eafn t\u00f9m lum|43/100\n|move|p2a: Tr\u00e0 t\u1eeb tay|Matcha Gotcha|p1b: Basculegion|[spread] \n|-activate|p1a: Aerodactyl|move: Wide Guard\n|-activate|p1b: Basculegion|move: Wide Guard\n|\n|upkeep\n|turn|6\n|c| p3elz|strategy noted\n|c| p3elz|thankyou siunhanech\n|\n|t:|1776517528\n|detailschange|p2b: B\u1eafn t\u00f9m lum|Blastoise-Mega, L50, M\n|-mega|p2b: B\u1eafn t\u00f9m lum|Blastoise|Blastoisinite\n|move|p1a: Aerodactyl|Wide Guard|p1a: Aerodactyl\n|-singleturn|p1a: Aerodactyl|Wide Guard\n|move|p2a: Tr\u00e0 t\u1eeb tay|Rage Powder|p2a: Tr\u00e0 t\u1eeb tay\n|-singleturn|p2a: Tr\u00e0 t\u1eeb tay|move: Rage Powder\n|move|p2b: B\u1eafn t\u00f9m lum|Ice Beam|p1a: Aerodactyl\n|-supereffective|p1a: Aerodactyl|1\n|-damage|p1a: Aerodactyl|0 fnt\n|faint|p1a: Aerodactyl\n|move|p1b: Basculegion|Last Respects|p2a: Tr\u00e0 t\u1eeb tay\n|-supereffective|p2a: Tr\u00e0 t\u1eeb tay|1\n|-damage|p2a: Tr\u00e0 t\u1eeb tay|0 fnt\n|faint|p2a: Tr\u00e0 t\u1eeb tay\n|\n|upkeep\n|\n|t:|1776517538\n|switch|p1a: Froslass|Froslass, L50, F|100/100\n|switch|p2a: Sinh vi\u00ean|Sableye, L50, M|100/100\n|turn|7\n|\n|t:|1776517546\n|detailschange|p1a: Froslass|Froslass-Mega, L50, F\n|-mega|p1a: Froslass|Froslass|Froslassite\n|-weather|Snowscape|[from] ability: Snow Warning|[of] p1a: Froslass\n|move|p2b: B\u1eafn t\u00f9m lum|Protect|p2b: B\u1eafn t\u00f9m lum\n|-singleturn|p2b: B\u1eafn t\u00f9m lum|Protect\n|move|p2a: Sinh vi\u00ean|Disable|p1b: Basculegion\n|-start|p1b: Basculegion|Disable|Last Respects\n|cant|p1b: Basculegion|Disable|Last Respects\n|move|p1a: Froslass|Blizzard|p2b: B\u1eafn t\u00f9m lum|[spread] p2a\n|-activate|p2b: B\u1eafn t\u00f9m lum|move: Protect\n|-damage|p2a: Sinh vi\u00ean|35/100\n|-status|p2a: Sinh vi\u00ean|frz\n|\n|-weather|Snowscape|[upkeep]\n|upkeep\n|turn|8\n|c| p3elz|oh\n|c|\u2606wilduce|i hate sableye\n|c| p3elz|sableye\n|c| p3elz|ahaha\n|\n|t:|1776517567\n|cant|p2a: Sinh vi\u00ean|frz\n|move|p2b: B\u1eafn t\u00f9m lum|Water Spout|p1a: Froslass|[spread] p1a,p1b\n|-crit|p1a: Froslass\n|-resisted|p1b: Basculegion|1\n|-damage|p1a: Froslass|23/100\n|-damage|p1b: Basculegion|76/100\n|-activate|p1b: Basculegion|move: Struggle\n|move|p1b: Basculegion|Struggle|p2a: Sinh vi\u00ean\n|-damage|p2a: Sinh vi\u00ean|20/100 frz\n|-damage|p1b: Basculegion|51/100|[from] recoil\n|move|p1a: Froslass|Blizzard|p2b: B\u1eafn t\u00f9m lum|[spread] p2a,p2b\n|-resisted|p2b: B\u1eafn t\u00f9m lum|1\n|-damage|p2a: Sinh vi\u00ean|0 fnt\n|-damage|p2b: B\u1eafn t\u00f9m lum|30/100\n|faint|p2a: Sinh vi\u00ean\n|\n|-weather|Snowscape|[upkeep]\n|upkeep\n|\n|t:|1776517578\n|switch|p2a: \u0110\u00e0 \u0111i\u1ec3u|Espathra, L50, M|100/100\n|turn|9\n|\n|t:|1776517592\n|move|p2b: B\u1eafn t\u00f9m lum|Water Spout|p1a: Froslass|[spread] p1a,p1b\n|-resisted|p1b: Basculegion|1\n|-damage|p1a: Froslass|0 fnt\n|-damage|p1b: Basculegion|34/100\n|faint|p1a: Froslass\n|-activate|p1b: Basculegion|move: Struggle\n|move|p1b: Basculegion|Struggle|p2b: B\u1eafn t\u00f9m lum\n|-damage|p2b: B\u1eafn t\u00f9m lum|16/100\n|-damage|p1b: Basculegion|9/100|[from] recoil\n|move|p2a: \u0110\u00e0 \u0111i\u1ec3u|Lumina Crash|p1b: Basculegion\n|-damage|p1b: Basculegion|0 fnt\n|faint|p1b: Basculegion\n|\n|win|siunhanech\n|raw|wilduce's rating: 1374 &rarr; <strong>1356</strong><br />(-18 for losing)\n|raw|siunhanech's rating: 1407 &rarr; <strong>1425</strong><br />(+18 for winning)\n|l|\u2606wilduce\n|player|p1|\n",
  "uploadtime": 1776517604,
  "views": 28,
  "formatid": "gen9championsvgc2026regma",
  "rating": 1356,
  "private": 0,
  "password": null
}