{
  "id": "gen9championsvgc2026regma-2585454021",
  "format": "[Gen 9 Champions] VGC 2026 Reg M-A",
  "players": [
    "GzRekt",
    "Aabraao"
  ],
  "log": "|j|\u2606GzRekt\n|j|\u2606Aabraao\n|t:|1776348365\n|gametype|doubles\n|player|p1|GzRekt|fisherman-gen4|1418\n|player|p2|Aabraao|169|1473\n|gen|9\n|tier|[Gen 9 Champions] VGC 2026 Reg M-A\n|rated|\n|rule|Species Clause: Limit one of each Pok\u00e9mon\n|rule|Item Clause: Limit 1 of each item\n|clearpoke\n|poke|p1|Delphox, L50, F|\n|poke|p1|Clefable, L50, F|\n|poke|p1|Kingambit, L50, M|\n|poke|p1|Basculegion, L50, M|\n|poke|p1|Sneasler, L50, M|\n|poke|p1|Garchomp, L50, F|\n|poke|p2|Camerupt, L50, M|\n|poke|p2|Dragapult, L50, F|\n|poke|p2|Basculegion, L50, M|\n|poke|p2|Charizard, L50, M|\n|poke|p2|Venusaur, L50, M|\n|poke|p2|Oranguru, L50, M|\n|teampreview|4\n|inactive|Battle timer is ON: inactive players will automatically lose when time's up. (requested by GzRekt)\n|j| GentleH\n|l| GentleH\n|inactive|GzRekt has 60 seconds left.\n|inactive|Aabraao has 60 seconds left.\n|inactive|Aabraao has 30 seconds left.\n|\n|t:|1776348433\n|teamsize|p1|4\n|teamsize|p2|4\n|start\n|switch|p1a: Garchomp|Garchomp, L50, F|100/100\n|switch|p1b: Clefable|Clefable, L50, F|100/100\n|switch|p2a: Dragapult|Dragapult, L50, F|100/100\n|switch|p2b: Oranguru|Oranguru, L50, M|100/100\n|turn|1\n|inactive|GzRekt has 30 seconds left.\n|inactive|Aabraao has 30 seconds left.\n|\n|t:|1776348463\n|move|p1b: Clefable|Follow Me|p1b: Clefable\n|-singleturn|p1b: Clefable|move: Follow Me\n|move|p2a: Dragapult|Dragon Dance|p2a: Dragapult\n|-boost|p2a: Dragapult|atk|1\n|-boost|p2a: Dragapult|spe|1\n|move|p1a: Garchomp|Earthquake|p2a: Dragapult|[spread] p1b,p2a,p2b\n|-damage|p1b: Clefable|72/100\n|-damage|p2a: Dragapult|49/100\n|-damage|p2b: Oranguru|71/100\n|move|p2b: Oranguru|Expanding Force|p1b: Clefable\n|-damage|p1b: Clefable|46/100\n|-enditem|p1b: Clefable|Sitrus Berry|[eat]\n|-heal|p1b: Clefable|71/100|[from] item: Sitrus Berry\n|\n|upkeep\n|turn|2\n|\n|t:|1776348481\n|move|p1b: Clefable|Follow Me|p1b: Clefable\n|-singleturn|p1b: Clefable|move: Follow Me\n|move|p2a: Dragapult|Phantom Force||[still]\n|-prepare|p2a: Dragapult|Phantom Force\n|move|p1a: Garchomp|Earthquake|p2b: Oranguru|[spread] p1b,p2b\n|-miss|p1a: Garchomp|p2a: Dragapult\n|-damage|p1b: Clefable|40/100\n|-damage|p2b: Oranguru|38/100\n|-enditem|p2b: Oranguru|Sitrus Berry|[eat]\n|-heal|p2b: Oranguru|62/100|[from] item: Sitrus Berry\n|move|p2b: Oranguru|Trick Room|p2b: Oranguru\n|-fieldstart|move: Trick Room|[of] p2b: Oranguru\n|\n|upkeep\n|turn|3\n|j| faetaso\n|\n|t:|1776348496\n|move|p1b: Clefable|Follow Me|p1b: Clefable\n|-singleturn|p1b: Clefable|move: Follow Me\n|move|p2b: Oranguru|Expanding Force|p1b: Clefable\n|-damage|p1b: Clefable|17/100\n|move|p1a: Garchomp|Dragon Claw|p2a: Dragapult|[miss]\n|-miss|p1a: Garchomp|p2a: Dragapult\n|move|p2a: Dragapult|Phantom Force|p1b: Clefable|[from] lockedmove\n|-damage|p1b: Clefable|0 fnt\n|faint|p1b: Clefable\n|\n|upkeep\n|\n|t:|1776348505\n|switch|p1b: Kingambit|Kingambit, L50, M|100/100\n|turn|4\n|\n|t:|1776348527\n|move|p1b: Kingambit|Kowtow Cleave|p2b: Oranguru\n|-supereffective|p2b: Oranguru|1\n|-damage|p2b: Oranguru|0 fnt\n|faint|p2b: Oranguru\n|move|p1a: Garchomp|Dragon Claw|p2a: Dragapult\n|-supereffective|p2a: Dragapult|1\n|-damage|p2a: Dragapult|0 fnt\n|faint|p2a: Dragapult\n|\n|upkeep\n|\n|t:|1776348533\n|switch|p2b: Basculegion|Basculegion, L50, M|100/100\n|switch|p2a: Camerupt|Camerupt, L50, M|100/100\n|turn|5\n|\n|t:|1776348541\n|detailschange|p2a: Camerupt|Camerupt-Mega, L50, M\n|-mega|p2a: Camerupt|Camerupt|Cameruptite\n|move|p1b: Kingambit|Protect|p1b: Kingambit\n|-singleturn|p1b: Kingambit|Protect\n|move|p1a: Garchomp|Protect|p1a: Garchomp\n|-singleturn|p1a: Garchomp|Protect\n|move|p2a: Camerupt|Earth Power|p1a: Garchomp\n|-activate|p1a: Garchomp|move: Protect\n|move|p2b: Basculegion|Wave Crash|p1a: Garchomp\n|-activate|p1a: Garchomp|move: Protect\n|\n|upkeep\n|turn|6\n|-activate|p2b: Basculegion|item: Quick Claw\n|\n|t:|1776348563\n|switch|p1a: Basculegion|Basculegion, L50, M|100/100\n|move|p2b: Basculegion|Protect|p2b: Basculegion\n|-singleturn|p2b: Basculegion|Protect\n|move|p1b: Kingambit|Sucker Punch||[still]\n|-fail|p1b: Kingambit\n|move|p2a: Camerupt|Earth Power|p1a: Basculegion\n|-crit|p1a: Basculegion\n|-damage|p1a: Basculegion|0 fnt\n|faint|p1a: Basculegion\n|\n|-fieldend|move: Trick Room\n|upkeep\n|\n|t:|1776348571\n|switch|p1a: Garchomp|Garchomp, L50, F|100/100\n|turn|7\n|\n|t:|1776348581\n|move|p2a: Camerupt|Protect|p2a: Camerupt\n|-singleturn|p2a: Camerupt|Protect\n|move|p2b: Basculegion|Aqua Jet|p1a: Garchomp\n|-damage|p1a: Garchomp|75/100\n|-damage|p2b: Basculegion|88/100|[from] ability: Rough Skin|[of] p1a: Garchomp\n|move|p1b: Kingambit|Sucker Punch||[still]\n|-fail|p1b: Kingambit\n|move|p1a: Garchomp|Earthquake|p2a: Camerupt|[spread] p1b,p2b\n|-activate|p2a: Camerupt|move: Protect\n|-supereffective|p1b: Kingambit|1\n|-damage|p1b: Kingambit|37/100\n|-damage|p2b: Basculegion|47/100\n|\n|upkeep\n|turn|8\n|-activate|p2b: Basculegion|item: Quick Claw\n|\n|t:|1776348605\n|move|p2b: Basculegion|Protect|p2b: Basculegion\n|-singleturn|p2b: Basculegion|Protect\n|move|p1a: Garchomp|Protect|p1a: Garchomp\n|-singleturn|p1a: Garchomp|Protect\n|move|p1b: Kingambit|Sucker Punch||[still]\n|-fail|p1b: Kingambit\n|move|p2a: Camerupt|Earth Power|p1a: Garchomp\n|-activate|p1a: Garchomp|move: Protect\n|\n|upkeep\n|turn|9\n|\n|t:|1776348630\n|move|p2b: Basculegion|Aqua Jet|p1a: Garchomp\n|-damage|p1a: Garchomp|49/100\n|-damage|p2b: Basculegion|34/100|[from] ability: Rough Skin|[of] p1a: Garchomp\n|move|p1b: Kingambit|Sucker Punch||[still]\n|-fail|p1b: Kingambit\n|move|p1a: Garchomp|Earthquake|p2a: Camerupt|[spread] p1b,p2a,p2b\n|-supereffective|p1b: Kingambit|1\n|-supereffective|p2a: Camerupt|1\n|-damage|p1b: Kingambit|0 fnt\n|-damage|p2a: Camerupt|18/100\n|-damage|p2b: Basculegion|0 fnt\n|faint|p1b: Kingambit\n|faint|p2b: Basculegion\n|move|p2a: Camerupt|Earth Power|p2: Basculegion|[notarget]\n|-fail|p2a: Camerupt\n|\n|upkeep\n|turn|10\n|inactive|GzRekt has 30 seconds left.\n|l| faetaso\n|inactive|GzRekt has 20 seconds left.\n|c|\u2606Aabraao|What?\n|c|\u2606GzRekt|Huh?\n|inactive|GzRekt has 15 seconds left.\n|c|\u2606GzRekt|I have no idea\n|\n|t:|1776348674\n|move|p1a: Garchomp|Earthquake|p2a: Camerupt\n|-supereffective|p2a: Camerupt|1\n|-damage|p2a: Camerupt|0 fnt\n|faint|p2a: Camerupt\n|\n|win|GzRekt\n|raw|GzRekt's rating: 1418 &rarr; <strong>1441</strong><br />(+23 for winning)\n|raw|Aabraao's rating: 1473 &rarr; <strong>1450</strong><br />(-23 for losing)\n|c|\u2606Aabraao|It failed\n|c|\u2606Aabraao|what\n|c|\u2606GzRekt|Yeah, I am really confused\n|c|\u2606Aabraao|Weird\n|c|\u2606GzRekt|I am not sand veil\n|c|\u2606Aabraao|Gg\n|c|\u2606GzRekt|gg\n|c|\u2606Aabraao|yeah of it was sand veil miss Not fail\n|l|\u2606Aabraao\n|player|p2|\n",
  "uploadtime": 1776348728,
  "views": 155,
  "formatid": "gen9championsvgc2026regma",
  "rating": 1441,
  "private": 0,
  "password": null
}