{
  "id": "gen9championsvgc2026regma-2580336302",
  "format": "[Gen 9 Champions] VGC 2026 Reg M-A",
  "players": [
    "Samarinara",
    "SpikeMike"
  ],
  "log": "|j|\u2606Samarinara\n|j|\u2606SpikeMike\n|t:|1775882022\n|gametype|doubles\n|player|p1|Samarinara|266|1028\n|player|p2|SpikeMike|molayne|1040\n|gen|9\n|tier|[Gen 9 Champions] VGC 2026 Reg M-A\n|rated|\n|rule|Species Clause: Limit one of each Pok\u00e9mon\n|rule|Item Clause: Limit 1 of each item\n|clearpoke\n|poke|p1|Aegislash, L50, M|\n|poke|p1|Toxapex, L50, F|\n|poke|p1|Palafin, L50, M|\n|poke|p1|Drampa, L50, M|\n|poke|p1|Incineroar, L50, F|\n|poke|p1|Skarmory, L50, M|\n|poke|p2|Lucario, L50, M|\n|poke|p2|Pelipper, L50, M|\n|poke|p2|Archaludon, L50, M|\n|poke|p2|Sinistcha-Masterpiece, L50|\n|poke|p2|Garchomp, L50, F|\n|poke|p2|Incineroar, L50, M|\n|teampreview|4\n|inactive|Battle timer is ON: inactive players will automatically lose when time's up. (requested by Samarinara)\n|inactive|Samarinara has 60 seconds left.\n|inactive|SpikeMike has 60 seconds left.\n|\n|t:|1775882064\n|teamsize|p1|4\n|teamsize|p2|4\n|start\n|switch|p1a: Drampa|Drampa, L50, M|100/100\n|switch|p1b: Palafin|Palafin, L50, M, shiny|100/100\n|switch|p2a: Invincible|Lucario, L50, M, shiny|100/100\n|switch|p2b: Paddington|Sinistcha-Masterpiece, L50|100/100\n|-ability|p1a: Drampa|Cloud Nine\n|turn|1\n|inactive|SpikeMike has 30 seconds left.\n|inactive|SpikeMike has 20 seconds left.\n|\n|t:|1775882099\n|detailschange|p1b: Palafin|Palafin-Hero, L50, M, shiny\n|switch|p1b: Incineroar|Incineroar, L50, F|100/100\n|-ability|p1b: Incineroar|Intimidate|boost\n|-fail|p2a: Invincible|unboost|Attack|[from] ability: Inner Focus|[of] p2a: Invincible\n|-unboost|p2b: Paddington|atk|1\n|detailschange|p2a: Invincible|Lucario-Mega, L50, M, shiny\n|-mega|p2a: Invincible|Lucario|Lucarionite\n|move|p2b: Paddington|Rage Powder|p2b: Paddington\n|-singleturn|p2b: Paddington|move: Rage Powder\n|move|p2a: Invincible|Meteor Mash|p1a: Drampa\n|-damage|p1a: Drampa|16/100\n|move|p1a: Drampa|Earth Power|p2b: Paddington\n|-resisted|p2b: Paddington|1\n|-damage|p2b: Paddington|83/100\n|\n|upkeep\n|turn|2\n|inactive|Samarinara has 30 seconds left.\n|inactive|Samarinara has 20 seconds left.\n|\n|t:|1775882137\n|switch|p2b: Tai Lung|Incineroar, L50, M|100/100\n|-ability|p2b: Tai Lung|Intimidate|boost\n|-unboost|p1a: Drampa|atk|1\n|-unboost|p1b: Incineroar|atk|1\n|detailschange|p1a: Drampa|Drampa-Mega, L50, M\n|-mega|p1a: Drampa|Drampa|Drampanite\n|move|p2a: Invincible|Detect|p2a: Invincible\n|-singleturn|p2a: Invincible|Protect\n|move|p1b: Incineroar|Fake Out|p2b: Tai Lung\n|-damage|p2b: Tai Lung|94/100\n|move|p1a: Drampa|Earth Power|p2a: Invincible\n|-activate|p2a: Invincible|move: Protect\n|\n|upkeep\n|turn|3\n|inactive|Samarinara has 30 seconds left.\n|\n|t:|1775882167\n|move|p2b: Tai Lung|Fake Out|p1a: Drampa\n|-damage|p1a: Drampa|5/100\n|move|p2a: Invincible|Close Combat|p1b: Incineroar\n|-supereffective|p1b: Incineroar|1\n|-damage|p1b: Incineroar|0 fnt\n|-unboost|p2a: Invincible|def|1\n|-unboost|p2a: Invincible|spd|1\n|faint|p1b: Incineroar\n|cant|p1a: Drampa|flinch\n|\n|upkeep\n|\n|t:|1775882177\n|switch|p1b: Aegislash|Aegislash, L50, M|100/100\n|turn|4\n|\n|t:|1775882194\n|move|p1a: Drampa|Protect|p1a: Drampa\n|-singleturn|p1a: Drampa|Protect\n|move|p2a: Invincible|Bullet Punch|p1a: Drampa\n|-activate|p1a: Drampa|move: Protect\n|move|p2b: Tai Lung|Flare Blitz|p1b: Aegislash\n|-supereffective|p1b: Aegislash|1\n|-damage|p1b: Aegislash|17/100\n|-damage|p2b: Tai Lung|74/100|[from] Recoil\n|-formechange|p1b: Aegislash|Aegislash-Blade|\n|move|p1b: Aegislash|Sacred Sword|p2a: Invincible\n|-supereffective|p2a: Invincible|1\n|-damage|p2a: Invincible|5/100\n|\n|-heal|p1b: Aegislash|23/100|[from] item: Leftovers\n|upkeep\n|turn|5\n|\n|t:|1775882215\n|-formechange|p1b: Aegislash|Aegislash|\n|move|p1b: Aegislash|King's Shield|p1b: Aegislash\n|-singleturn|p1b: Aegislash|Protect\n|move|p2a: Invincible|Bullet Punch|p1a: Drampa\n|-damage|p1a: Drampa|0 fnt\n|faint|p1a: Drampa\n|move|p2b: Tai Lung|Darkest Lariat|p1b: Aegislash\n|-activate|p1b: Aegislash|move: Protect\n|-unboost|p2b: Tai Lung|atk|1\n|\n|-heal|p1b: Aegislash|29/100|[from] item: Leftovers\n|upkeep\n|\n|t:|1775882226\n|switch|p1a: Palafin|Palafin-Hero, L50, M, shiny|100/100\n|-activate|p1a: Palafin|ability: Zero to Hero\n|turn|6\n|\n|t:|1775882244\n|switch|p2b: Paddington|Sinistcha-Masterpiece, L50|83/100\n|-heal|p2a: Invincible|30/100|[from] ability: Hospitality|[of] p2b: Paddington\n|move|p2a: Invincible|Detect|p2a: Invincible\n|-singleturn|p2a: Invincible|Protect\n|move|p1a: Palafin|Jet Punch|p2b: Paddington\n|-resisted|p2b: Paddington|1\n|-damage|p2b: Paddington|61/100\n|-formechange|p1b: Aegislash|Aegislash-Blade|\n|move|p1b: Aegislash|Sacred Sword|p2a: Invincible\n|-activate|p2a: Invincible|move: Protect\n|\n|-heal|p1b: Aegislash|35/100|[from] item: Leftovers\n|upkeep\n|turn|7\n|\n|t:|1775882267\n|move|p2b: Paddington|Rage Powder|p2b: Paddington\n|-singleturn|p2b: Paddington|move: Rage Powder\n|move|p1a: Palafin|Bulk Up|p1a: Palafin\n|-boost|p1a: Palafin|atk|1\n|-boost|p1a: Palafin|def|1\n|move|p2a: Invincible|Close Combat|p1a: Palafin\n|-damage|p1a: Palafin|32/100\n|-unboost|p2a: Invincible|def|1\n|-unboost|p2a: Invincible|spd|1\n|move|p1b: Aegislash|Poltergeist|p2b: Paddington\n|-activate|p2b: Paddington|move: Poltergeist|Sitrus Berry\n|-supereffective|p2b: Paddington|1\n|-damage|p2b: Paddington|0 fnt\n|faint|p2b: Paddington\n|\n|-heal|p1b: Aegislash|42/100|[from] item: Leftovers\n|upkeep\n|\n|t:|1775882284\n|switch|p2b: Tai Lung|Incineroar, L50, M|74/100\n|-ability|p2b: Tai Lung|Intimidate|boost\n|-unboost|p1a: Palafin|atk|1\n|-unboost|p1b: Aegislash|atk|1\n|turn|8\n|\n|t:|1775882299\n|switch|p2a: Maverick|Garchomp, L50, F, shiny|100/100\n|move|p1a: Palafin|Protect|p1a: Palafin\n|-singleturn|p1a: Palafin|Protect\n|-formechange|p1b: Aegislash|Aegislash|\n|move|p1b: Aegislash|King's Shield|p1b: Aegislash\n|-singleturn|p1b: Aegislash|Protect\n|move|p2b: Tai Lung|Fake Out|p1a: Palafin\n|-activate|p1a: Palafin|move: Protect\n|\n|-heal|p1b: Aegislash|48/100|[from] item: Leftovers\n|upkeep\n|turn|9\n|\n|t:|1775882323\n|move|p1a: Palafin|Jet Punch|p2b: Tai Lung\n|-supereffective|p2b: Tai Lung|1\n|-damage|p2b: Tai Lung|0 fnt\n|faint|p2b: Tai Lung\n|move|p2a: Maverick|Earthquake|p1a: Palafin|[spread] p1a,p1b\n|-supereffective|p1b: Aegislash|1\n|-damage|p1a: Palafin|2/100\n|-damage|p1b: Aegislash|0 fnt\n|faint|p1b: Aegislash\n|\n|upkeep\n|\n|t:|1775882329\n|switch|p2b: Invincible|Lucario-Mega, L50, M, shiny|30/100\n|turn|10\n|\n|t:|1775882334\n|move|p1a: Palafin|Jet Punch|p2a: Maverick\n|-crit|p2a: Maverick\n|-damage|p2a: Maverick|33/100\n|-damage|p1a: Palafin|0 fnt|[from] ability: Rough Skin|[of] p2a: Maverick\n|faint|p1a: Palafin\n|\n|win|SpikeMike\n|raw|Samarinara's rating: 1028 &rarr; <strong>1014</strong><br />(-14 for losing)\n|raw|SpikeMike's rating: 1040 &rarr; <strong>1073</strong><br />(+33 for winning)\n|c|\u2606SpikeMike|ggwp\n|l|\u2606Samarinara\n|player|p1|\n",
  "uploadtime": 1775882344,
  "views": 14,
  "formatid": "gen9championsvgc2026regma",
  "rating": 1014,
  "private": 0,
  "password": null
}