{
  "id": "gen9championsvgc2026regma-2587623485",
  "format": "[Gen 9 Champions] VGC 2026 Reg M-A",
  "players": [
    "elganadordeljuego",
    "The Red Lynx"
  ],
  "log": "|j|\u2606elganadordeljuego\n|j|\u2606The Red Lynx\n|t:|1776547914\n|gametype|doubles\n|player|p1|elganadordeljuego|norman|1165\n|player|p2|The Red Lynx|n|1179\n|gen|9\n|tier|[Gen 9 Champions] VGC 2026 Reg M-A\n|rated|\n|rule|Species Clause: Limit one of each Pok\u00e9mon\n|rule|Item Clause: Limit 1 of each item\n|clearpoke\n|poke|p1|Froslass, L50, F, shiny|\n|poke|p1|Kingambit, L50, M|\n|poke|p1|Arcanine-Hisui, L50, M, shiny|\n|poke|p1|Sneasler, L50, F|\n|poke|p1|Rotom-Wash, L50|\n|poke|p1|Sinistcha, L50|\n|poke|p2|Pelipper, L50, M|\n|poke|p2|Archaludon, L50, M|\n|poke|p2|Basculegion, L50, M|\n|poke|p2|Sylveon, L50, M|\n|poke|p2|Gengar, L50, M|\n|poke|p2|Rotom-Wash, L50|\n|teampreview|4\n|\n|t:|1776547942\n|teamsize|p1|4\n|teamsize|p2|4\n|start\n|switch|p1a: Kingambit|Kingambit, L50, M|100/100\n|switch|p1b: Rotom|Rotom-Wash, L50|100/100\n|switch|p2a: Archaludon|Archaludon, L50, M|100/100\n|switch|p2b: Gengar|Gengar, L50, M|100/100\n|turn|1\n|inactive|Battle timer is ON: inactive players will automatically lose when time's up. (requested by The Red Lynx)\n|\n|t:|1776547981\n|switch|p2b: Pelipper|Pelipper, L50, M|100/100\n|-weather|RainDance|[from] ability: Drizzle|[of] p2b: Pelipper\n|move|p1b: Rotom|Thunderbolt|p2b: Pelipper\n|-supereffective|p2b: Pelipper|2\n|-damage|p2b: Pelipper|0 fnt\n|faint|p2b: Pelipper\n|move|p2a: Archaludon|Aura Sphere|p1a: Kingambit\n|-supereffective|p1a: Kingambit|2\n|-enditem|p1a: Kingambit|Chople Berry|[eat]\n|-enditem|p1a: Kingambit|Chople Berry|[weaken]\n|-damage|p1a: Kingambit|51/100\n|move|p1a: Kingambit|Swords Dance|p1a: Kingambit\n|-boost|p1a: Kingambit|atk|2\n|\n|-weather|RainDance|[upkeep]\n|upkeep\n|\n|t:|1776547996\n|switch|p2b: Basculegion|Basculegion, L50, M|100/100\n|turn|2\n|\n|t:|1776548007\n|switch|p2b: Gengar|Gengar, L50, M|100/100\n|move|p1a: Kingambit|Sucker Punch||[still]\n|-fail|p1a: Kingambit\n|move|p1b: Rotom|Thunderbolt|p2b: Gengar\n|-damage|p2b: Gengar|34/100\n|move|p2a: Archaludon|Aura Sphere|p1a: Kingambit\n|-supereffective|p1a: Kingambit|2\n|-damage|p1a: Kingambit|0 fnt\n|faint|p1a: Kingambit\n|\n|-weather|RainDance|[upkeep]\n|upkeep\n|\n|t:|1776548019\n|switch|p1a: Froslass|Froslass, L50, F, shiny|100/100\n|turn|3\n|inactive|The Red Lynx has 30 seconds left.\n|\n|t:|1776548048\n|detailschange|p2b: Gengar|Gengar-Mega, L50, M\n|-mega|p2b: Gengar|Gengar|Gengarite\n|detailschange|p1a: Froslass|Froslass-Mega, L50, F, shiny\n|-mega|p1a: Froslass|Froslass|Froslassite\n|-weather|Snowscape|[from] ability: Snow Warning|[of] p1a: Froslass\n|move|p1a: Froslass|Protect|p1a: Froslass\n|-singleturn|p1a: Froslass|Protect\n|move|p2b: Gengar|Sludge Wave|p1b: Rotom|[spread] p1b\n|-activate|p1a: Froslass|move: Protect\n|-immune|p2a: Archaludon\n|-damage|p1b: Rotom|54/100\n|move|p1b: Rotom|Thunderbolt|p2b: Gengar\n|-damage|p2b: Gengar|0 fnt\n|faint|p2b: Gengar\n|move|p2a: Archaludon|Flash Cannon|p1a: Froslass\n|-activate|p1a: Froslass|move: Protect\n|\n|-weather|Snowscape|[upkeep]\n|upkeep\n|\n|t:|1776548055\n|switch|p2b: Basculegion|Basculegion, L50, M|100/100\n|turn|4\n|inactive|elganadordeljuego has 30 seconds left.\n|inactive|The Red Lynx has 30 seconds left.\n|\n|t:|1776548081\n|switch|p1a: Sneasler|Sneasler, L50, F|100/100\n|move|p2b: Basculegion|Last Respects|p1b: Rotom\n|-damage|p1b: Rotom|0 fnt\n|faint|p1b: Rotom\n|move|p2a: Archaludon|Flash Cannon|p1a: Sneasler\n|-damage|p1a: Sneasler|46/100\n|\n|-weather|Snowscape|[upkeep]\n|upkeep\n|\n|t:|1776548092\n|switch|p1b: Froslass|Froslass-Mega, L50, F, shiny|100/100\n|turn|5\n|inactive|elganadordeljuego has 30 seconds left.\n|\n|t:|1776548121\n|move|p1b: Froslass|Protect|p1b: Froslass\n|-singleturn|p1b: Froslass|Protect\n|move|p1a: Sneasler|Dire Claw|p2b: Basculegion\n|-resisted|p2b: Basculegion|1\n|-damage|p2b: Basculegion|70/100\n|move|p2b: Basculegion|Psychic Fangs|p1a: Sneasler\n|-supereffective|p1a: Sneasler|2\n|-damage|p1a: Sneasler|0 fnt\n|faint|p1a: Sneasler\n|move|p2a: Archaludon|Electro Shot||[still]\n|-prepare|p2a: Archaludon|Electro Shot\n|-boost|p2a: Archaludon|spa|1\n|\n|-weather|Snowscape|[upkeep]\n|upkeep\n|turn|6\n|\n|t:|1776548137\n|move|p1b: Froslass|Substitute|p1b: Froslass\n|-start|p1b: Froslass|Substitute\n|-damage|p1b: Froslass|76/100\n|move|p2b: Basculegion|Last Respects|p1b: Froslass\n|-supereffective|p1b: Froslass|1\n|-end|p1b: Froslass|Substitute\n|move|p2a: Archaludon|Electro Shot|p1b: Froslass|[from] lockedmove\n|-damage|p1b: Froslass|7/100\n|\n|-weather|Snowscape|[upkeep]\n|upkeep\n|turn|7\n|-message|elganadordeljuego forfeited.\n|\n|win|The Red Lynx\n|raw|elganadordeljuego's rating: 1165 &rarr; <strong>1141</strong><br />(-24 for losing)\n|raw|The Red Lynx's rating: 1179 &rarr; <strong>1203</strong><br />(+24 for winning)\n|l|\u2606elganadordeljuego\n|player|p1|\n",
  "uploadtime": 1776548149,
  "views": 13,
  "formatid": "gen9championsvgc2026regma",
  "rating": 1141,
  "private": 0,
  "password": null
}