{
  "id": "gen9championsvgc2026regma-2580407830",
  "format": "[Gen 9 Champions] VGC 2026 Reg M-A",
  "players": [
    "kablamosolider987",
    "Arch1bold"
  ],
  "log": "|j|\u2606kablamosolider987\n|j|\u2606Arch1bold\n|html|<table width=\"100%\"><tr><td align=\"left\">kablamosolider987</td><td align=\"right\">Arch1bold</tr><tr><td align=\"left\"><i class=\"fa fa-circle\"></i> <i class=\"fa fa-circle-o\"></i> </td><td align=\"right\"><i class=\"fa fa-circle-o\"></i> <i class=\"fa fa-circle-o\"></i> </tr></table>\n|uhtml|bestof|<h2><strong>Game 2</strong> of <a href=\"/game-bestof3-gen9championsvgc2026regma-2580405296\">a best-of-3</a></h2>\n|t:|1775891905\n|gametype|doubles\n|player|p1|kablamosolider987|riley|\n|player|p2|Arch1bold|clerk|\n|gen|9\n|tier|[Gen 9 Champions] VGC 2026 Reg M-A\n|rule|Species Clause: Limit one of each Pok\u00e9mon\n|rule|Item Clause: Limit 1 of each item\n|raw|<div class=\"infobox\"><details class=\"readmore\" open><summary><strong>1 custom rule:</strong></summary> Best of = 3</details></div>\n|clearpoke\n|poke|p1|Weavile, L50, M|\n|poke|p1|Whimsicott, L50, F|\n|poke|p1|Zoroark-Hisui, L50, M|\n|poke|p1|Wyrdeer, L50, F|\n|poke|p1|Volcarona, L50, M|\n|poke|p1|Watchog, L50, F|\n|poke|p2|Charizard, L50, M|\n|poke|p2|Incineroar, L50, M|\n|poke|p2|Floette-Eternal, L50, F|\n|poke|p2|Whimsicott, L50, M|\n|poke|p2|Sinistcha-Masterpiece, L50|\n|poke|p2|Sneasler, L50, F|\n|teampreview|4\n|\n|t:|1775891940\n|teamsize|p1|4\n|teamsize|p2|4\n|start\n|switch|p1a: Whimsicott|Whimsicott, L50, F, shiny|100/100\n|switch|p1b: Watchog|Watchog, L50, F, shiny|100/100\n|switch|p2a: Charcoal|Charizard, L50, M, shiny|100/100\n|switch|p2b: WolfyVGC|Incineroar, L50, M|100/100\n|-ability|p2b: WolfyVGC|Intimidate|boost\n|-unboost|p1a: Whimsicott|atk|1\n|-unboost|p1b: Watchog|atk|1\n|turn|1\n|\n|t:|1775891977\n|detailschange|p2a: Charcoal|Charizard-Mega-Y, L50, M, shiny\n|-mega|p2a: Charcoal|Charizard|Charizardite Y\n|-weather|SunnyDay|[from] ability: Drought|[of] p2a: Charcoal\n|move|p2b: WolfyVGC|Fake Out|p1a: Whimsicott\n|-damage|p1a: Whimsicott|83/100\n|cant|p1a: Whimsicott|flinch\n|move|p2a: Charcoal|Heat Wave|p1b: Watchog|[spread] p1a,p1b\n|-supereffective|p1a: Whimsicott|1\n|-damage|p1a: Whimsicott|0 fnt\n|-damage|p1b: Watchog|5/100\n|faint|p1a: Whimsicott\n|move|p1b: Watchog|Thunder Wave|p2a: Charcoal\n|-status|p2a: Charcoal|par\n|\n|-weather|SunnyDay|[upkeep]\n|upkeep\n|\n|t:|1775891994\n|switch|p1a: Wyrdeer|Wyrdeer, L50, F|100/100\n|turn|2\n|\n|t:|1775892030\n|move|p1a: Wyrdeer|Hyper Voice|p2b: WolfyVGC|[spread] p2a,p2b\n|-damage|p2a: Charcoal|73/100 par\n|-damage|p2b: WolfyVGC|70/100\n|move|p1b: Watchog|Super Fang|p2a: Charcoal\n|-damage|p2a: Charcoal|37/100 par\n|move|p2b: WolfyVGC|Flare Blitz|p1a: Wyrdeer\n|-damage|p1a: Wyrdeer|0 fnt\n|replace|p1a: Zoroark|Zoroark-Hisui, L50, M, shiny\n|-end|p1a: Zoroark|Illusion\n|faint|p1a: Zoroark\n|-damage|p2b: WolfyVGC|49/100|[from] Recoil\n|move|p2a: Charcoal|Heat Wave|p1b: Watchog|[miss]\n|-miss|p2a: Charcoal|p1b: Watchog\n|\n|-weather|SunnyDay|[upkeep]\n|upkeep\n|\n|t:|1775892033\n|switch|p1a: Wyrdeer|Wyrdeer, L50, F|100/100\n|-ability|p1a: Wyrdeer|Intimidate|boost\n|-unboost|p2a: Charcoal|atk|1\n|-unboost|p2b: WolfyVGC|atk|1\n|turn|3\n|\n|t:|1775892098\n|move|p1b: Watchog|Detect|p1b: Watchog\n|-singleturn|p1b: Watchog|Protect\n|move|p1a: Wyrdeer|Body Slam|p2a: Charcoal\n|-damage|p2a: Charcoal|0 fnt\n|faint|p2a: Charcoal\n|move|p2b: WolfyVGC|Parting Shot|p1a: Wyrdeer\n|-unboost|p1a: Wyrdeer|atk|1\n|-unboost|p1a: Wyrdeer|spa|1\n|\n|t:|1775892140\n|switch|p2b: Whimsicott|Whimsicott, L50, M, shiny|100/100|[from] Parting Shot\n|\n|-weather|SunnyDay|[upkeep]\n|upkeep\n|\n|t:|1775892148\n|switch|p2a: Floette|Floette-Eternal, L50, F|100/100\n|turn|4\n|\n|t:|1775892213\n|move|p2b: Whimsicott|Tailwind|p2b: Whimsicott\n|-sidestart|p2: Arch1bold|move: Tailwind\n|move|p2a: Floette|Dazzling Gleam|p1b: Watchog|[spread] p1a,p1b\n|-damage|p1a: Wyrdeer|61/100\n|-damage|p1b: Watchog|0 fnt\n|faint|p1b: Watchog\n|move|p1a: Wyrdeer|Psyshield Bash|p2a: Floette\n|-damage|p2a: Floette|63/100\n|-boost|p1a: Wyrdeer|def|1\n|\n|-weather|SunnyDay|[upkeep]\n|-heal|p1a: Wyrdeer|67/100|[from] item: Leftovers\n|upkeep\n|turn|5\n|\n|t:|1775892250\n|move|p2b: Whimsicott|Moonblast|p1a: Wyrdeer\n|-damage|p1a: Wyrdeer|35/100\n|-unboost|p1a: Wyrdeer|spa|1\n|move|p2a: Floette|Wish|p2a: Floette\n|move|p1a: Wyrdeer|Disable|p2a: Floette\n|-start|p2a: Floette|Disable|Wish\n|\n|-weather|none\n|-heal|p1a: Wyrdeer|41/100|[from] item: Leftovers\n|upkeep\n|turn|6\n|\n|t:|1775892280\n|move|p2b: Whimsicott|Encore|p1a: Wyrdeer\n|-start|p1a: Wyrdeer|Encore\n|move|p2a: Floette|Skill Swap|p1a: Wyrdeer\n|-activate|p2a: Floette|Skill Swap|Intimidate|Flower Veil|[of] p1a: Wyrdeer\n|-ability|p2a: Floette|Intimidate|boost\n|-unboost|p1a: Wyrdeer|atk|1\n|move|p1a: Wyrdeer|Disable|p2b: Whimsicott\n|-start|p2b: Whimsicott|Disable|Encore\n|\n|-heal|p2a: Floette|100/100|[from] move: Wish|[wisher] Floette\n|-heal|p1a: Wyrdeer|47/100|[from] item: Leftovers\n|upkeep\n|turn|7\n|\n|t:|1775892297\n|move|p2b: Whimsicott|Helping Hand|p2a: Floette\n|-singleturn|p2a: Floette|Helping Hand|[of] p2b: Whimsicott\n|move|p2a: Floette|Dazzling Gleam|p1a: Wyrdeer\n|-damage|p1a: Wyrdeer|0 fnt\n|faint|p1a: Wyrdeer\n|\n|win|Arch1bold\n||kablamosolider987 is ready for game 3.\n",
  "uploadtime": 1775892306,
  "views": 18,
  "formatid": "gen9championsvgc2026regma",
  "rating": null,
  "private": 0,
  "password": null
}