{
  "id": "gen9championsvgc2026regma-2586429030",
  "format": "[Gen 9 Champions] VGC 2026 Reg M-A",
  "players": [
    "KogaAF1219",
    "GKun1999"
  ],
  "log": "|j|\u2606KogaAF1219\n|j|\u2606GKun1999\n|t:|1776434056\n|gametype|doubles\n|player|p1|KogaAF1219|koga|1399\n|player|p2|GKun1999|ghetsis-gen5bw|1335\n|gen|9\n|tier|[Gen 9 Champions] VGC 2026 Reg M-A\n|rated|\n|rule|Species Clause: Limit one of each Pok\u00e9mon\n|rule|Item Clause: Limit 1 of each item\n|clearpoke\n|poke|p1|Torkoal, L50, M|\n|poke|p1|Venusaur, L50, M|\n|poke|p1|Incineroar, L50, M|\n|poke|p1|Farigiraf, L50, M|\n|poke|p1|Rotom-Fan, L50|\n|poke|p1|Excadrill, L50, M|\n|poke|p2|Kangaskhan, L50, F|\n|poke|p2|Incineroar, L50, M|\n|poke|p2|Pelipper, L50, M|\n|poke|p2|Basculegion, L50, M|\n|poke|p2|Toxicroak, L50, F|\n|poke|p2|Raichu, L50, M|\n|teampreview|4\nGKun1999 has agreed to open team sheets.\n|inactive|Battle timer is ON: inactive players will automatically lose when time's up. (requested by KogaAF1219)\n|inactive|GKun1999 also wants the timer to be on.\nKogaAF1219 has agreed to open team sheets.\n|showteam|p1|Torkoal||Charcoal|Drought|Eruption,HeatWave,SolarBeam,EarthPower|||M|||50|]Venusaur||Venusaurite|Chlorophyll|SleepPowder,GigaDrain,Protect,SludgeBomb|||M|||50|]Incineroar||PasshoBerry|Intimidate|FakeOut,FlareBlitz,PartingShot,CloseCombat|||M|||50|]Farigiraf||ColburBerry|ArmorTail|TrickRoom,DazzlingGleam,HelpingHand,Thunderbolt|||M|||50|]Rotom-Fan||ChoiceScarf|Levitate|Discharge,WillOWisp,AirSlash,VoltSwitch||||||50|]Excadrill||FocusSash|MoldBreaker|HighHorsepower,RockSlide,Earthquake,Protect|||M|||50|\n|showteam|p2|Kangaskhan||Kangaskhanite|InnerFocus|FakeOut,DoubleEdge,SuckerPunch,DrainPunch|||F|||50|]Incineroar||ChopleBerry|Intimidate|PartingShot,FakeOut,FlareBlitz,DarkestLariat|||M|||50|]Pelipper||SitrusBerry|Drizzle|WideGuard,Tailwind,WeatherBall,Hurricane|||M|||50|]Basculegion||ChoiceScarf|Adaptability|WaveCrash,LastRespects,FlipTurn,AquaJet|||M|||50|]Toxicroak||FocusSash|DrySkin|Coaching,UpperHand,CrossPoison,LowKick|||F|||50|]Raichu||Magnet|LightningRod|VoltSwitch,FakeOut,Encore,ThunderWave|||M|||50|\n|inactive|GKun1999 has 60 seconds left.\n|\n|t:|1776434100\n|teamsize|p1|4\n|teamsize|p2|4\n|start\n|switch|p1a: Rotom|Rotom-Fan, L50|100/100\n|switch|p1b: Excadrill|Excadrill, L50, M|100/100\n|switch|p2a: Kangaskhan|Kangaskhan, L50, F, shiny|100/100\n|switch|p2b: Basculegion|Basculegion, L50, M, shiny|100/100\n|-ability|p1b: Excadrill|Mold Breaker\n|turn|1\n|\n|t:|1776434122\n|switch|p1b: Farigiraf|Farigiraf, L50, M|100/100\n|switch|p2a: Pelipper|Pelipper, L50, M|100/100\n|-weather|RainDance|[from] ability: Drizzle|[of] p2a: Pelipper\n|move|p1a: Rotom|Discharge|p2b: Basculegion|[spread] p1b,p2a,p2b\n|-supereffective|p2a: Pelipper|2\n|-supereffective|p2b: Basculegion|1\n|-damage|p1b: Farigiraf|79/100\n|-damage|p2a: Pelipper|0 fnt\n|-damage|p2b: Basculegion|48/100\n|faint|p2a: Pelipper\n|move|p2b: Basculegion|Flip Turn|p1a: Rotom\n|-damage|p1a: Rotom|43/100\n|\n|t:|1776434137\n|switch|p2b: Kangaskhan|Kangaskhan, L50, F, shiny|100/100|[from] Flip Turn\n|\n|-weather|RainDance|[upkeep]\n|upkeep\n|\n|t:|1776434142\n|switch|p2a: Raichu|Raichu, L50, M|100/100\n|turn|2\n|\n|t:|1776434159\n|detailschange|p2b: Kangaskhan|Kangaskhan-Mega, L50, F, shiny\n|-mega|p2b: Kangaskhan|Kangaskhan|Kangaskhanite\n|move|p1a: Rotom|Discharge|p2a: Raichu|[spread] p1b,p2b\n|-ability|p2a: Raichu|Lightning Rod|boost\n|-boost|p2a: Raichu|spa|1\n|-damage|p1b: Farigiraf|56/100\n|-damage|p2b: Kangaskhan|83/100\n|-status|p2b: Kangaskhan|par\n|move|p2a: Raichu|Thunder Wave|p1b: Farigiraf\n|-status|p1b: Farigiraf|par\n|move|p2b: Kangaskhan|Double-Edge|p1a: Rotom\n|-crit|p1a: Rotom\n|-damage|p1a: Rotom|0 fnt\n|faint|p1a: Rotom\n|-hitcount|p1: Rotom|1\n|-damage|p2b: Kangaskhan|72/100 par|[from] Recoil\n|move|p1b: Farigiraf|Trick Room|p1b: Farigiraf\n|-fieldstart|move: Trick Room|[of] p1b: Farigiraf\n|\n|-weather|RainDance|[upkeep]\n|upkeep\n|\n|t:|1776434177\n|switch|p1a: Excadrill|Excadrill, L50, M|100/100\n|-ability|p1a: Excadrill|Mold Breaker\n|turn|3\n|\n|t:|1776434189\n|move|p1a: Excadrill|Protect|p1a: Excadrill\n|-singleturn|p1a: Excadrill|Protect\n|move|p1b: Farigiraf|Dazzling Gleam|p2a: Raichu|[spread] p2a,p2b\n|-damage|p2a: Raichu|65/100\n|-damage|p2b: Kangaskhan|56/100 par\n|move|p2b: Kangaskhan|Drain Punch|p1a: Excadrill\n|-activate|p1a: Excadrill|move: Protect\n|move|p2a: Raichu|Encore|p1b: Farigiraf\n|-start|p1b: Farigiraf|Encore\n|\n|-weather|RainDance|[upkeep]\n|upkeep\n|turn|4\n|\n|t:|1776434204\n|switch|p1a: Venusaur|Venusaur, L50, M|100/100\n|move|p1b: Farigiraf|Dazzling Gleam|p2b: Kangaskhan|[spread] p2a,p2b\n|-damage|p2a: Raichu|33/100\n|-damage|p2b: Kangaskhan|39/100 par\n|move|p2b: Kangaskhan|Drain Punch|p1b: Farigiraf\n|-damage|p1b: Farigiraf|31/100 par\n|-heal|p2b: Kangaskhan|53/100 par|[from] drain|[of] p1b: Farigiraf\n|-damage|p1b: Farigiraf|25/100 par\n|-heal|p2b: Kangaskhan|57/100 par|[from] drain|[of] p1b: Farigiraf\n|-hitcount|p1b: Farigiraf|2\n|move|p2a: Raichu|Volt Switch|p1b: Farigiraf\n|-damage|p1b: Farigiraf|0 fnt\n|faint|p1b: Farigiraf\n|\n|t:|1776434218\n|switch|p2a: Basculegion|Basculegion, L50, M, shiny|48/100|[from] Volt Switch\n|\n|-weather|RainDance|[upkeep]\n|upkeep\n|inactive|KogaAF1219 has 30 seconds left.\n|\n|t:|1776434253\n|switch|p1b: Excadrill|Excadrill, L50, M|100/100\n|-ability|p1b: Excadrill|Mold Breaker\n|turn|5\n|\n|t:|1776434262\n|switch|p2a: Raichu|Raichu, L50, M|33/100\n|move|p1a: Venusaur|Protect|p1a: Venusaur\n|-singleturn|p1a: Venusaur|Protect\n|move|p2b: Kangaskhan|Sucker Punch|p1b: Excadrill\n|-damage|p1b: Excadrill|66/100\n|-damage|p1b: Excadrill|57/100\n|-hitcount|p1b: Excadrill|2\n|move|p1b: Excadrill|Earthquake|p2b: Kangaskhan|[spread] p2a,p2b\n|-activate|p1a: Venusaur|move: Protect\n|-supereffective|p2a: Raichu|1\n|-damage|p2a: Raichu|0 fnt\n|-damage|p2b: Kangaskhan|23/100 par\n|faint|p2a: Raichu\n|\n|-weather|none\n|upkeep\n|\n|t:|1776434272\n|switch|p2a: Basculegion|Basculegion, L50, M, shiny|48/100\n|turn|6\n|\n|t:|1776434295\n|move|p1b: Excadrill|Protect|p1b: Excadrill\n|-singleturn|p1b: Excadrill|Protect\n|move|p2b: Kangaskhan|Drain Punch|p1b: Excadrill\n|-activate|p1b: Excadrill|move: Protect\n|move|p1a: Venusaur|Giga Drain|p2a: Basculegion\n|-supereffective|p2a: Basculegion|1\n|-damage|p2a: Basculegion|0 fnt\n|faint|p2a: Basculegion\n|\n|-fieldend|move: Trick Room\n|upkeep\n|turn|7\n|-message|GKun1999 forfeited.\n|\n|win|KogaAF1219\n|raw|KogaAF1219's rating: 1399 &rarr; <strong>1415</strong><br />(+16 for winning)\n|raw|GKun1999's rating: 1335 &rarr; <strong>1319</strong><br />(-16 for losing)\n|l|\u2606GKun1999\n|player|p2|\n",
  "uploadtime": 1776434307,
  "views": 56,
  "formatid": "gen9championsvgc2026regma",
  "rating": 1319,
  "private": 0,
  "password": null
}