{
  "id": "gen9championsvgc2026regma-2584937186",
  "format": "[Gen 9 Champions] VGC 2026 Reg M-A",
  "players": [
    "lctrem",
    "ScribbleScribble"
  ],
  "log": "|j|\u2606lctrem\n|j|\u2606ScribbleScribble\n|t:|1776296183\n|gametype|doubles\n|player|p1|lctrem|2|1596\n|player|p2|ScribbleScribble|mina-lgpe|1522\n|gen|9\n|tier|[Gen 9 Champions] VGC 2026 Reg M-A\n|rated|\n|rule|Species Clause: Limit one of each Pok\u00e9mon\n|rule|Item Clause: Limit 1 of each item\n|clearpoke\n|poke|p1|Froslass, L50, F|\n|poke|p1|Kingambit, L50, F|\n|poke|p1|Whimsicott, L50, M|\n|poke|p1|Garchomp, L50, F|\n|poke|p1|Sneasler, L50, F|\n|poke|p1|Dragonite, L50, M|\n|poke|p2|Floette-Eternal, L50, F|\n|poke|p2|Sneasler, L50, M|\n|poke|p2|Aerodactyl, L50, F|\n|poke|p2|Kingambit, L50, M|\n|poke|p2|Basculegion, L50, M|\n|poke|p2|Farigiraf, L50, F|\n|teampreview|4\n|inactive|Battle timer is ON: inactive players will automatically lose when time's up. (requested by ScribbleScribble)\n|inactive|ScribbleScribble has 60 seconds left.\n|\n|t:|1776296215\n|teamsize|p1|4\n|teamsize|p2|4\n|start\n|switch|p1a: Whimsicott|Whimsicott, L50, M|100/100\n|switch|p1b: Froslass|Froslass, L50, F|100/100\n|switch|p2a: Sneasler|Sneasler, L50, M|100/100\n|switch|p2b: Aerodactyl|Aerodactyl, L50, F|100/100\n|-ability|p2b: Aerodactyl|Unnerve\n|turn|1\n|\n|t:|1776296232\n|detailschange|p1b: Froslass|Froslass-Mega, L50, F\n|-mega|p1b: Froslass|Froslass|Froslassite\n|-weather|Snowscape|[from] ability: Snow Warning|[of] p1b: Froslass\n|move|p1a: Whimsicott|Helping Hand|p1b: Froslass\n|-singleturn|p1b: Froslass|Helping Hand|[of] p1a: Whimsicott\n|move|p2b: Aerodactyl|Tailwind|p2b: Aerodactyl\n|-sidestart|p2: ScribbleScribble|move: Tailwind\n|move|p2a: Sneasler|Dire Claw|p1a: Whimsicott\n|-supereffective|p1a: Whimsicott|2\n|-enditem|p1a: Whimsicott|Focus Sash\n|-damage|p1a: Whimsicott|1/100\n|move|p1b: Froslass|Blizzard|p2b: Aerodactyl|[spread] p2a,p2b\n|-supereffective|p2b: Aerodactyl|1\n|-damage|p2a: Sneasler|11/100\n|-enditem|p2b: Aerodactyl|Focus Sash\n|-damage|p2b: Aerodactyl|1/100\n|\n|-weather|Snowscape|[upkeep]\n|upkeep\n|turn|2\n|j| sileshar\n|l| sileshar\n|\n|t:|1776296246\n|switch|p2a: Farigiraf|Farigiraf, L50, F|100/100\n|move|p1a: Whimsicott|Tailwind|p1a: Whimsicott\n|-sidestart|p1: lctrem|move: Tailwind\n|move|p2b: Aerodactyl|Rock Slide|p1a: Whimsicott|[spread] p1a,p1b\n|-supereffective|p1b: Froslass|1\n|-damage|p1a: Whimsicott|0 fnt\n|-damage|p1b: Froslass|42/100\n|faint|p1a: Whimsicott\n|cant|p1b: Froslass|flinch\n|\n|-weather|Snowscape|[upkeep]\n|upkeep\n|\n|t:|1776296258\n|switch|p1a: Sneasler|Sneasler, L50, F|100/100\n|turn|3\n|\n|t:|1776296265\n|move|p1a: Sneasler|Protect|p1a: Sneasler\n|-singleturn|p1a: Sneasler|Protect\n|move|p2b: Aerodactyl|Rock Slide|p1b: Froslass|[spread] \n|-activate|p1a: Sneasler|move: Protect\n|-miss|p2b: Aerodactyl|p1b: Froslass\n|move|p1b: Froslass|Blizzard|p2b: Aerodactyl|[spread] p2a,p2b\n|-supereffective|p2b: Aerodactyl|1\n|-damage|p2a: Farigiraf|58/100\n|-damage|p2b: Aerodactyl|0 fnt\n|-status|p2a: Farigiraf|frz\n|faint|p2b: Aerodactyl\n|cant|p2a: Farigiraf|frz\n|\n|-weather|Snowscape|[upkeep]\n|upkeep\n|\n|t:|1776296270\n|switch|p2b: Basculegion|Basculegion, L50, M|100/100\n|turn|4\n|\n|t:|1776296286\n|switch|p1b: Kingambit|Kingambit, L50, F|100/100\n|move|p2b: Basculegion|Last Respects|p1b: Kingambit\n|-resisted|p1b: Kingambit|1\n|-damage|p1b: Kingambit|72/100\n|move|p1a: Sneasler|Close Combat|p2a: Farigiraf\n|-damage|p2a: Farigiraf|2/100 frz\n|-unboost|p1a: Sneasler|def|1\n|-unboost|p1a: Sneasler|spd|1\n|-enditem|p2a: Farigiraf|Sitrus Berry|[eat]\n|-heal|p2a: Farigiraf|27/100 frz|[from] item: Sitrus Berry\n|-enditem|p1a: Sneasler|White Herb\n|-clearnegativeboost|p1a: Sneasler|[silent]\n|cant|p2a: Farigiraf|frz\n|\n|-weather|Snowscape|[upkeep]\n|-sideend|p2: ScribbleScribble|move: Tailwind\n|upkeep\n|turn|5\n|\n|t:|1776296303\n|move|p1a: Sneasler|Close Combat|p2a: Farigiraf\n|-damage|p2a: Farigiraf|0 fnt\n|-unboost|p1a: Sneasler|def|1\n|-unboost|p1a: Sneasler|spd|1\n|faint|p2a: Farigiraf\n|move|p2b: Basculegion|Last Respects|p1a: Sneasler\n|-damage|p1a: Sneasler|0 fnt\n|faint|p1a: Sneasler\n|move|p1b: Kingambit|Kowtow Cleave|p2b: Basculegion\n|-supereffective|p2b: Basculegion|1\n|-damage|p2b: Basculegion|0 fnt\n|faint|p2b: Basculegion\n|\n|-weather|none\n|-sideend|p1: lctrem|move: Tailwind\n|upkeep\n|-message|ScribbleScribble forfeited.\n|\n|win|lctrem\n|raw|lctrem's rating: 1596 &rarr; <strong>1613</strong><br />(+17 for winning)\n|raw|ScribbleScribble's rating: 1541 &rarr; <strong>1524</strong><br />(-17 for losing)\n|l|\u2606ScribbleScribble\n|player|p2|\n|l|\u2606lctrem\n|player|p1|\n",
  "uploadtime": 1776296330,
  "views": 91,
  "formatid": "gen9championsvgc2026regma",
  "rating": 1524,
  "private": 0,
  "password": null
}