{
  "id": "gen9championsvgc2026regma-2581900341",
  "format": "[Gen 9 Champions] VGC 2026 Reg M-A",
  "players": [
    "PaintMakesArt",
    "YaOctoBoi"
  ],
  "log": "|j|\u2606PaintMakesArt\n|j|\u2606YaOctoBoi\n|t:|1776038027\n|gametype|doubles\n|player|p1|PaintMakesArt|canari|\n|player|p2|YaOctoBoi|depotagent|\n|gen|9\n|tier|[Gen 9 Champions] VGC 2026 Reg M-A\n|rule|Species Clause: Limit one of each Pok\u00e9mon\n|rule|Item Clause: Limit 1 of each item\n|clearpoke\n|poke|p1|Aggron, L50, M|\n|poke|p1|Sneasler, L50, M|\n|poke|p1|Basculegion, L50, M|\n|poke|p1|Ceruledge, L50, M|\n|poke|p1|Farigiraf, L50, F|\n|poke|p1|Kingambit, L50, F|\n|poke|p2|Pelipper, L50, M|\n|poke|p2|Dragonite, L50, M|\n|poke|p2|Archaludon, L50, M|\n|poke|p2|Rotom-Wash, L50|\n|poke|p2|Sneasler, L50, M|\n|poke|p2|Kingambit, L50, M|\n|teampreview|4\n|c|\u2606YaOctoBoi|ooh, edgy!\n|c|\u2606PaintMakesArt|ikr\n|c|\u2606PaintMakesArt|big fan of this team\n|\n|t:|1776038067\n|teamsize|p1|4\n|teamsize|p2|4\n|start\n|switch|p1a: THE WALL|Aggron, L50, M, shiny|100/100\n|switch|p1b: Farigiraf|Farigiraf, L50, F|100/100\n|switch|p2a: mr electric|Rotom-Wash, L50|100/100\n|switch|p2b: biiig stretch|Sneasler, L50, M|100/100\n|turn|1\n|c|\u2606YaOctoBoi|this is a position...\n|c|\u2606PaintMakesArt|definitely A Position ...\n|\n|t:|1776038110\n|detailschange|p1a: THE WALL|Aggron-Mega, L50, M, shiny\n|-mega|p1a: THE WALL|Aggron|Aggronite\n|move|p2b: biiig stretch|Fake Out||[still]\n|cant|p1b: Farigiraf|ability: Armor Tail|Fake Out|[of] p2b: biiig stretch\n|move|p2a: mr electric|Thunderbolt|p1b: Farigiraf\n|-damage|p1b: Farigiraf|67/100\n|move|p1b: Farigiraf|Reflect|p1b: Farigiraf\n|-sidestart|p1: PaintMakesArt|Reflect\n|move|p1a: THE WALL|Iron Defense|p1a: THE WALL\n|-boost|p1a: THE WALL|def|2\n|\n|-heal|p1b: Farigiraf|73/100|[from] item: Leftovers\n|upkeep\n|turn|2\n|c|\u2606YaOctoBoi|I FORGOR\n|c|\u2606PaintMakesArt|LMAO\n|c|\u2606YaOctoBoi|WALLAHI IM FINISHED\n|c|\u2606PaintMakesArt|GOOD LUCK KILLING THE WALL\n|\n|t:|1776038142\n|move|p2a: mr electric|Thunderbolt|p1b: Farigiraf\n|-damage|p1b: Farigiraf|38/100\n|-status|p1b: Farigiraf|par\n|move|p2b: biiig stretch|Night Slash|p1b: Farigiraf\n|-supereffective|p1b: Farigiraf|1\n|-damage|p1b: Farigiraf|9/100 par\n|move|p1a: THE WALL|Body Press|p2b: biiig stretch\n|-resisted|p2b: biiig stretch|1\n|-damage|p2b: biiig stretch|24/100\n|move|p1b: Farigiraf|Thunder Wave|p2b: biiig stretch\n|-status|p2b: biiig stretch|par\n|\n|-heal|p1b: Farigiraf|15/100 par|[from] item: Leftovers\n|upkeep\n|turn|3\n|\n|t:|1776038160\n|move|p2a: mr electric|Thunderbolt|p1b: Farigiraf\n|-damage|p1b: Farigiraf|0 fnt\n|faint|p1b: Farigiraf\n|move|p2b: biiig stretch|Close Combat|p1a: THE WALL\n|-supereffective|p1a: THE WALL|1\n|-damage|p1a: THE WALL|86/100\n|-unboost|p2b: biiig stretch|def|1\n|-unboost|p2b: biiig stretch|spd|1\n|move|p1a: THE WALL|Iron Defense|p1a: THE WALL\n|-boost|p1a: THE WALL|def|2\n|\n|upkeep\n|c|\u2606YaOctoBoi|whew.\n|c|\u2606PaintMakesArt|HA\n|\n|t:|1776038171\n|switch|p1b: Ceruledge|Ceruledge, L50, M|100/100\n|turn|4\n|\n|t:|1776038188\n|move|p1b: Ceruledge|Shadow Sneak|p2b: biiig stretch\n|-damage|p2b: biiig stretch|0 fnt\n|faint|p2b: biiig stretch\n|move|p2a: mr electric|Thunderbolt|p1a: THE WALL\n|-damage|p1a: THE WALL|38/100\n|move|p1a: THE WALL|Body Press|p2a: mr electric\n|-damage|p2a: mr electric|0 fnt\n|faint|p2a: mr electric\n|\n|upkeep\n|c|\u2606PaintMakesArt|HES UNSTOPPABLE\n|\n|t:|1776038197\n|switch|p2b: udon|Dragonite, L50, M|100/100\n|switch|p2a: patches|Pelipper, L50, M|100/100\n|-weather|RainDance|[from] ability: Drizzle|[of] p2a: patches\n|turn|5\n|\n|t:|1776038224\n|detailschange|p2b: udon|Dragonite-Mega, L50, M\n|-mega|p2b: udon|Dragonite|Dragoninite\n|move|p2b: udon|Protect|p2b: udon\n|-singleturn|p2b: udon|Protect\n|move|p1b: Ceruledge|Shadow Sneak|p2a: patches\n|-damage|p2a: patches|77/100\n|move|p2a: patches|Weather Ball|p1a: THE WALL\n|-damage|p1a: THE WALL|0 fnt\n|faint|p1a: THE WALL\n|\n|-weather|RainDance|[upkeep]\n|-sideend|p1: PaintMakesArt|Reflect\n|upkeep\n|c|\u2606PaintMakesArt|NO THE WALL\n|\n|t:|1776038238\n|switch|p1a: Kingambit|Kingambit, L50, F|100/100\n|turn|6\n|c|\u2606YaOctoBoi|MR GORBACHOV\n|\n|t:|1776038263\n|move|p2b: udon|Thunder|p1a: Kingambit\n|-damage|p1a: Kingambit|55/100\n|-status|p1a: Kingambit|par\n|move|p1b: Ceruledge|Shadow Claw|p2b: udon\n|-damage|p2b: udon|83/100\n|move|p2a: patches|Weather Ball|p1b: Ceruledge\n|-supereffective|p1b: Ceruledge|1\n|-damage|p1b: Ceruledge|0 fnt\n|faint|p1b: Ceruledge\n|cant|p1a: Kingambit|par\n|\n|-weather|RainDance|[upkeep]\n|upkeep\n|turn|7\n|\n|t:|1776038281\n|move|p1a: Kingambit|Sucker Punch|p2a: patches\n|-damage|p2a: patches|32/100\n|-enditem|p2a: patches|Sitrus Berry|[eat]\n|-heal|p2a: patches|56/100|[from] item: Sitrus Berry\n|move|p2b: udon|Thunder|p1a: Kingambit\n|-damage|p1a: Kingambit|4/100 par\n|move|p2a: patches|Weather Ball|p1a: Kingambit\n|-damage|p1a: Kingambit|0 fnt\n|faint|p1a: Kingambit\n|\n|win|YaOctoBoi\n|c|\u2606YaOctoBoi|so anyway\n|c|\u2606PaintMakesArt|im cooked.\n|c|\u2606YaOctoBoi|here's wonderwall.\n|c|\u2606YaOctoBoi|AS IN I WONDER WHERE THE WALL IS\n",
  "uploadtime": 1776038300,
  "views": 19,
  "formatid": "gen9championsvgc2026regma",
  "rating": null,
  "private": 0,
  "password": null
}