{
  "id": "gen9championsvgc2026regma-2582007446",
  "format": "[Gen 9 Champions] VGC 2026 Reg M-A",
  "players": [
    "Sensicloud",
    "Pikachar2"
  ],
  "log": "|j|\u2606Sensicloud\n|j|\u2606Pikachar2\n|t:|1776047790\n|gametype|doubles\n|player|p1|Sensicloud|169|1000\n|player|p2|Pikachar2|hilbert|1100\n|gen|9\n|tier|[Gen 9 Champions] VGC 2026 Reg M-A\n|rated|\n|rule|Species Clause: Limit one of each Pok\u00e9mon\n|rule|Item Clause: Limit 1 of each item\n|clearpoke\n|poke|p1|Archaludon, L50, F|\n|poke|p1|Pelipper, L50, F|\n|poke|p1|Rotom-Wash, L50|\n|poke|p1|Gengar, L50, F|\n|poke|p1|Delphox, L50, M|\n|poke|p1|Sinistcha, L50|\n|poke|p2|Kangaskhan, L50, F|\n|poke|p2|Ninetales-Alola, L50, F|\n|poke|p2|Incineroar, L50, F|\n|poke|p2|Ceruledge, L50, F|\n|poke|p2|Feraligatr, L50, M|\n|poke|p2|Toucannon, L50, F|\n|teampreview|4\n|inactive|Battle timer is ON: inactive players will automatically lose when time's up. (requested by Pikachar2)\n|\n|t:|1776047818\n|teamsize|p1|4\n|teamsize|p2|4\n|start\n|switch|p1a: Pelipper|Pelipper, L50, F|100/100\n|switch|p1b: Archaludon|Archaludon, L50, F|100/100\n|switch|p2a: Ninetales|Ninetales-Alola, L50, F|100/100\n|switch|p2b: Incineroar|Incineroar, L50, F|100/100\n|-weather|Snowscape|[from] ability: Snow Warning|[of] p2a: Ninetales\n|-weather|RainDance|[from] ability: Drizzle|[of] p1a: Pelipper\n|-ability|p2b: Incineroar|Intimidate|boost\n|-unboost|p1a: Pelipper|atk|1\n|-unboost|p1b: Archaludon|atk|1\n|turn|1\n|\n|t:|1776047839\n|switch|p2a: Feraligatr|Feraligatr, L50, M|100/100\n|move|p1b: Archaludon|Iron Head|p2a: Feraligatr\n|-resisted|p2a: Feraligatr|1\n|-crit|p2a: Feraligatr\n|-damage|p2a: Feraligatr|78/100\n|move|p1a: Pelipper|Surf|p2b: Incineroar|[spread] p1b,p2a,p2b\n|-resisted|p1b: Archaludon|1\n|-resisted|p2a: Feraligatr|1\n|-supereffective|p2b: Incineroar|1\n|-damage|p1b: Archaludon|79/100\n|-damage|p2a: Feraligatr|60/100\n|-damage|p2b: Incineroar|47/100\n|-ability|p1b: Archaludon|Stamina|boost\n|-boost|p1b: Archaludon|def|1\n|-enditem|p2b: Incineroar|Sitrus Berry|[eat]\n|-heal|p2b: Incineroar|72/100|[from] item: Sitrus Berry\n|move|p2b: Incineroar|Parting Shot|p1b: Archaludon\n|-unboost|p1b: Archaludon|atk|1\n|-unboost|p1b: Archaludon|spa|1\n|\n|t:|1776047854\n|switch|p2b: Ninetales|Ninetales-Alola, L50, F|100/100|[from] Parting Shot\n|-weather|Snowscape|[from] ability: Snow Warning|[of] p2b: Ninetales\n|\n|-weather|Snowscape|[upkeep]\n|-heal|p1b: Archaludon|85/100|[from] item: Leftovers\n|upkeep\n|turn|2\n|\n|t:|1776047873\n|detailschange|p2a: Feraligatr|Feraligatr-Mega, L50, M\n|-mega|p2a: Feraligatr|Feraligatr|Feraligite\n|move|p2b: Ninetales|Aurora Veil|p2b: Ninetales\n|-sidestart|p2: Pikachar2|move: Aurora Veil\n|move|p1b: Archaludon|Iron Head|p2b: Ninetales\n|-supereffective|p2b: Ninetales|2\n|-damage|p2b: Ninetales|56/100\n|move|p1a: Pelipper|Hurricane|p2a: Feraligatr\n|-damage|p2a: Feraligatr|37/100\n|-start|p2a: Feraligatr|confusion\n|-activate|p2a: Feraligatr|confusion\n|move|p2a: Feraligatr|Double-Edge|p1b: Archaludon\n|-damage|p1b: Archaludon|44/100\n|-ability|p1b: Archaludon|Stamina|boost\n|-boost|p1b: Archaludon|def|1\n|-damage|p2a: Feraligatr|24/100|[from] Recoil\n|\n|-weather|Snowscape|[upkeep]\n|-heal|p1b: Archaludon|50/100|[from] item: Leftovers\n|upkeep\n|turn|3\n|\n|t:|1776047897\n|move|p1b: Archaludon|Protect|p1b: Archaludon\n|-singleturn|p1b: Archaludon|Protect\n|-end|p2a: Feraligatr|confusion\n|move|p2a: Feraligatr|Protect|p2a: Feraligatr\n|-singleturn|p2a: Feraligatr|Protect\n|move|p2b: Ninetales|Moonblast|p1a: Pelipper\n|-damage|p1a: Pelipper|40/100\n|move|p1a: Pelipper|Surf|p2a: Feraligatr|[spread] p2b\n|-activate|p1b: Archaludon|move: Protect\n|-activate|p2a: Feraligatr|move: Protect\n|-damage|p2b: Ninetales|38/100\n|\n|-weather|Snowscape|[upkeep]\n|-heal|p1b: Archaludon|56/100|[from] item: Leftovers\n|upkeep\n|turn|4\n|\n|t:|1776047920\n|switch|p1a: Sinistcha|Sinistcha, L50|100/100\n|-heal|p1b: Archaludon|80/100|[from] ability: Hospitality|[of] p1a: Sinistcha\n|move|p2b: Ninetales|Moonblast|p1a: Sinistcha\n|-damage|p1a: Sinistcha|50/100\n|-unboost|p1a: Sinistcha|spa|1\n|move|p1b: Archaludon|Earthquake|p2a: Feraligatr|[spread] p1a,p2a,p2b\n|-resisted|p1a: Sinistcha|1\n|-damage|p1a: Sinistcha|45/100\n|-damage|p2a: Feraligatr|19/100\n|-damage|p2b: Ninetales|32/100\n|move|p2a: Feraligatr|Double-Edge|p1b: Archaludon\n|-damage|p1b: Archaludon|52/100\n|-ability|p1b: Archaludon|Stamina|boost\n|-boost|p1b: Archaludon|def|1\n|-damage|p2a: Feraligatr|10/100|[from] Recoil\n|\n|-weather|Snowscape|[upkeep]\n|-heal|p1b: Archaludon|58/100|[from] item: Leftovers\n|upkeep\n|turn|5\n|\n|t:|1776047942\n|switch|p2b: Incineroar|Incineroar, L50, F|72/100\n|-ability|p2b: Incineroar|Intimidate|boost\n|-unboost|p1a: Sinistcha|atk|1\n|-unboost|p1b: Archaludon|atk|1\n|switch|p1a: Pelipper|Pelipper, L50, F|40/100\n|-weather|RainDance|[from] ability: Drizzle|[of] p1a: Pelipper\n|move|p1b: Archaludon|Earthquake|p2a: Feraligatr|[spread] p2a,p2b\n|-immune|p1a: Pelipper\n|-supereffective|p2b: Incineroar|1\n|-damage|p2a: Feraligatr|6/100\n|-damage|p2b: Incineroar|62/100\n|move|p2a: Feraligatr|Double-Edge|p1a: Pelipper\n|-crit|p1a: Pelipper\n|-damage|p1a: Pelipper|0 fnt\n|faint|p1a: Pelipper\n|-damage|p2a: Feraligatr|0 fnt|[from] Recoil\n|faint|p2a: Feraligatr\n|\n|-weather|RainDance|[upkeep]\n|-heal|p1b: Archaludon|64/100|[from] item: Leftovers\n|upkeep\n|\n|t:|1776047961\n|switch|p1a: Sinistcha|Sinistcha, L50|45/100\n|switch|p2a: Ninetales|Ninetales-Alola, L50, F|32/100\n|-weather|Snowscape|[from] ability: Snow Warning|[of] p2a: Ninetales\n|-heal|p1b: Archaludon|89/100|[from] ability: Hospitality|[of] p1a: Sinistcha\n|turn|6\n|c|\u2606Pikachar2|i appreciate the surf + stamina + sinistcha tech.\n|inactive|Pikachar2 has 30 seconds left.\n|\n|t:|1776047993\n|move|p2a: Ninetales|Protect|p2a: Ninetales\n|-singleturn|p2a: Ninetales|Protect\n|move|p1a: Sinistcha|Protect|p1a: Sinistcha\n|-singleturn|p1a: Sinistcha|Protect\n|move|p1b: Archaludon|Earthquake|p2b: Incineroar|[spread] p2b\n|-activate|p1a: Sinistcha|move: Protect\n|-activate|p2a: Ninetales|move: Protect\n|-supereffective|p2b: Incineroar|1\n|-damage|p2b: Incineroar|54/100\n|move|p2b: Incineroar|Darkest Lariat|p1a: Sinistcha\n|-activate|p1a: Sinistcha|move: Protect\n|\n|-weather|Snowscape|[upkeep]\n|-heal|p1b: Archaludon|95/100|[from] item: Leftovers\n|-sideend|p2: Pikachar2|move: Aurora Veil\n|upkeep\n|turn|7\n|inactive|Sensicloud has 30 seconds left.\n|\n|t:|1776048025\n|switch|p1a: Gengar|Gengar, L50, F|100/100\n|move|p2a: Ninetales|Aurora Veil|p2a: Ninetales\n|-sidestart|p2: Pikachar2|move: Aurora Veil\n|move|p1b: Archaludon|Iron Head|p2a: Ninetales\n|-supereffective|p2a: Ninetales|2\n|-damage|p2a: Ninetales|0 fnt\n|faint|p2a: Ninetales\n|move|p2b: Incineroar|Darkest Lariat|p1a: Gengar\n|-supereffective|p1a: Gengar|1\n|-damage|p1a: Gengar|0 fnt\n|faint|p1a: Gengar\n|\n|-weather|Snowscape|[upkeep]\n|-heal|p1b: Archaludon|100/100|[from] item: Leftovers\n|upkeep\n|\n|t:|1776048038\n|switch|p2a: Ceruledge|Ceruledge, L50, F|100/100\n|switch|p1a: Sinistcha|Sinistcha, L50|45/100\n|turn|8\n|\n|t:|1776048046\n|move|p1a: Sinistcha|Protect|p1a: Sinistcha\n|-singleturn|p1a: Sinistcha|Protect\n|move|p2a: Ceruledge|Shadow Sneak|p1a: Sinistcha\n|-activate|p1a: Sinistcha|move: Protect\n|move|p1b: Archaludon|Earthquake|p2a: Ceruledge|[spread] p2a,p2b\n|-activate|p1a: Sinistcha|move: Protect\n|-supereffective|p2a: Ceruledge|1\n|-supereffective|p2b: Incineroar|1\n|-damage|p2a: Ceruledge|90/100\n|-damage|p2b: Incineroar|46/100\n|move|p2b: Incineroar|Will-O-Wisp|p1b: Archaludon\n|-status|p1b: Archaludon|brn\n|\n|-weather|Snowscape|[upkeep]\n|-damage|p1b: Archaludon|95/100 brn|[from] brn\n|upkeep\n|turn|9\n|\n|t:|1776048067\n|move|p1b: Archaludon|Protect|p1b: Archaludon\n|-singleturn|p1b: Archaludon|Protect\n|move|p1a: Sinistcha|Matcha Gotcha|p2a: Ceruledge|[spread] p2a,p2b\n|-resisted|p2a: Ceruledge|1\n|-crit|p2a: Ceruledge\n|-resisted|p2b: Incineroar|1\n|-damage|p2a: Ceruledge|70/100\n|-heal|p1a: Sinistcha|57/100|[from] drain|[of] p2a: Ceruledge\n|-damage|p2b: Incineroar|39/100\n|-heal|p1a: Sinistcha|62/100|[from] drain|[of] p2b: Incineroar\n|move|p2a: Ceruledge|Bulk Up|p2a: Ceruledge\n|-boost|p2a: Ceruledge|atk|1\n|-boost|p2a: Ceruledge|def|1\n|move|p2b: Incineroar|Parting Shot|p1b: Archaludon\n|-activate|p1b: Archaludon|move: Protect\n|\n|-weather|Snowscape|[upkeep]\n|-heal|p1b: Archaludon|100/100 brn|[from] item: Leftovers\n|-damage|p1b: Archaludon|95/100 brn|[from] brn\n|upkeep\n|turn|10\n|inactive|Sensicloud has 30 seconds left.\n|\n|t:|1776048100\n|move|p1b: Archaludon|Earthquake|p2b: Incineroar|[spread] p1a,p2a,p2b\n|-resisted|p1a: Sinistcha|1\n|-supereffective|p2a: Ceruledge|1\n|-supereffective|p2b: Incineroar|1\n|-damage|p1a: Sinistcha|61/100\n|-damage|p2a: Ceruledge|66/100\n|-damage|p2b: Incineroar|34/100\n|move|p1a: Sinistcha|Strength Sap|p2a: Ceruledge\n|-unboost|p2a: Ceruledge|atk|1\n|-heal|p1a: Sinistcha|100/100\n|move|p2a: Ceruledge|Bulk Up|p2a: Ceruledge\n|-boost|p2a: Ceruledge|atk|1\n|-boost|p2a: Ceruledge|def|1\n|move|p2b: Incineroar|Darkest Lariat|p1a: Sinistcha\n|-supereffective|p1a: Sinistcha|1\n|-damage|p1a: Sinistcha|25/100\n|\n|-weather|none\n|-heal|p1b: Archaludon|100/100 brn|[from] item: Leftovers\n|-damage|p1b: Archaludon|95/100 brn|[from] brn\n|upkeep\n|turn|11\n|inactive|Sensicloud has 30 seconds left.\n|\n|t:|1776048125\n|move|p2a: Ceruledge|Shadow Sneak|p1a: Sinistcha\n|-supereffective|p1a: Sinistcha|1\n|-damage|p1a: Sinistcha|0 fnt\n|faint|p1a: Sinistcha\n|move|p1b: Archaludon|Earthquake|p2a: Ceruledge|[spread] p2a,p2b\n|-supereffective|p2a: Ceruledge|1\n|-supereffective|p2b: Incineroar|1\n|-damage|p2a: Ceruledge|64/100\n|-damage|p2b: Incineroar|30/100\n|move|p2b: Incineroar|Parting Shot|p1b: Archaludon\n|-unboost|p1b: Archaludon|atk|1\n|-unboost|p1b: Archaludon|spa|1\n|\n|-heal|p1b: Archaludon|100/100 brn|[from] item: Leftovers\n|-damage|p1b: Archaludon|95/100 brn|[from] brn\n|-sideend|p2: Pikachar2|move: Aurora Veil\n|upkeep\n|turn|12\n|\n|t:|1776048143\n|move|p1b: Archaludon|Electro Shot||[still]\n|-prepare|p1b: Archaludon|Electro Shot\n|-boost|p1b: Archaludon|spa|1\n|move|p2a: Ceruledge|Bulk Up|p2a: Ceruledge\n|-boost|p2a: Ceruledge|atk|1\n|-boost|p2a: Ceruledge|def|1\n|move|p2b: Incineroar|Parting Shot|p1b: Archaludon\n|-unboost|p1b: Archaludon|atk|1\n|-unboost|p1b: Archaludon|spa|1\n|\n|-heal|p1b: Archaludon|100/100 brn|[from] item: Leftovers\n|-damage|p1b: Archaludon|95/100 brn|[from] brn\n|upkeep\n|turn|13\n|\n|t:|1776048156\n|move|p2a: Ceruledge|Protect|p2a: Ceruledge\n|-singleturn|p2a: Ceruledge|Protect\n|move|p1b: Archaludon|Electro Shot|p2a: Ceruledge|[from] lockedmove\n|-activate|p2a: Ceruledge|move: Protect\n|move|p2b: Incineroar|Parting Shot|p1b: Archaludon\n|-unboost|p1b: Archaludon|atk|1\n|-unboost|p1b: Archaludon|spa|1\n|\n|-heal|p1b: Archaludon|100/100 brn|[from] item: Leftovers\n|-damage|p1b: Archaludon|95/100 brn|[from] brn\n|upkeep\n|turn|14\n|\n|t:|1776048169\n|move|p1b: Archaludon|Earthquake|p2b: Incineroar|[spread] p2a,p2b\n|-supereffective|p2a: Ceruledge|1\n|-supereffective|p2b: Incineroar|1\n|-damage|p2a: Ceruledge|61/100\n|-damage|p2b: Incineroar|25/100\n|move|p2a: Ceruledge|Bulk Up|p2a: Ceruledge\n|-boost|p2a: Ceruledge|atk|1\n|-boost|p2a: Ceruledge|def|1\n|move|p2b: Incineroar|Parting Shot|p1b: Archaludon\n|-unboost|p1b: Archaludon|atk|0\n|-unboost|p1b: Archaludon|spa|1\n|\n|-heal|p1b: Archaludon|100/100 brn|[from] item: Leftovers\n|-damage|p1b: Archaludon|95/100 brn|[from] brn\n|upkeep\n|turn|15\n|\n|t:|1776048186\n|move|p2a: Ceruledge|Protect|p2a: Ceruledge\n|-singleturn|p2a: Ceruledge|Protect\n|move|p1b: Archaludon|Iron Head|p2a: Ceruledge\n|-activate|p2a: Ceruledge|move: Protect\n|move|p2b: Incineroar|Parting Shot|p1b: Archaludon\n|-unboost|p1b: Archaludon|atk|0\n|-unboost|p1b: Archaludon|spa|1\n|\n|-heal|p1b: Archaludon|100/100 brn|[from] item: Leftovers\n|-damage|p1b: Archaludon|95/100 brn|[from] brn\n|upkeep\n|turn|16\n|\n|t:|1776048204\n|move|p1b: Archaludon|Earthquake|p2a: Ceruledge|[spread] p2a,p2b\n|-supereffective|p2a: Ceruledge|1\n|-supereffective|p2b: Incineroar|1\n|-damage|p2a: Ceruledge|59/100\n|-damage|p2b: Incineroar|21/100\n|move|p2a: Ceruledge|Bitter Blade|p1b: Archaludon\n|-crit|p1b: Archaludon\n|-damage|p1b: Archaludon|0 fnt\n|-heal|p2a: Ceruledge|100/100|[from] drain|[of] p1b: Archaludon\n|faint|p1b: Archaludon\n|\n|win|Pikachar2\n|raw|Sensicloud's rating: 1000 &rarr; <strong>1000</strong><br />(+0 for losing)\n|raw|Pikachar2's rating: 1100 &rarr; <strong>1118</strong><br />(+18 for winning)\n|l|\u2606Sensicloud\n|player|p1|\n",
  "uploadtime": 1776048217,
  "views": 17,
  "formatid": "gen9championsvgc2026regma",
  "rating": 1000,
  "private": 0,
  "password": null
}