{
  "id": "gen9championsvgc2026regma-2583179344",
  "format": "[Gen 9 Champions] VGC 2026 Reg M-A",
  "players": [
    "It'sJustKen VGC",
    "Enshuro"
  ],
  "log": "|j|\u2606It'sJustKen VGC\n|j|\u2606Enshuro\n|t:|1776151601\n|gametype|doubles\n|player|p1|It'sJustKen VGC|266|1012\n|player|p2|Enshuro|2|1000\n|gen|9\n|tier|[Gen 9 Champions] VGC 2026 Reg M-A\n|rated|\n|rule|Species Clause: Limit one of each Pok\u00e9mon\n|rule|Item Clause: Limit 1 of each item\n|clearpoke\n|poke|p1|Floette-Eternal, L50, F|\n|poke|p1|Espathra, L50, M|\n|poke|p1|Sneasler, L50, M|\n|poke|p1|Incineroar, L50, F|\n|poke|p1|Basculegion, L50, M|\n|poke|p1|Kingambit, L50, F|\n|poke|p2|Incineroar, L50, F|\n|poke|p2|Mimikyu, L50, F|\n|poke|p2|Crabominable, L50, F|\n|poke|p2|Whimsicott, L50, F|\n|poke|p2|Corviknight, L50, F|\n|poke|p2|Sinistcha, L50|\n|teampreview|4\n|inactive|Battle timer is ON: inactive players will automatically lose when time's up. (requested by It'sJustKen VGC)\n|inactive|Enshuro has 60 seconds left.\n|\n|t:|1776151642\n|teamsize|p1|4\n|teamsize|p2|4\n|start\n|switch|p1a: Floette|Floette-Eternal, L50, F|100/100\n|switch|p1b: Espathra|Espathra, L50, M|100/100\n|switch|p2a: Incineroar|Incineroar, L50, F|100/100\n|switch|p2b: Mimikyu|Mimikyu, L50, F|100/100\n|-ability|p2a: Incineroar|Intimidate|boost\n|-unboost|p1a: Floette|atk|1\n|-unboost|p1b: Espathra|atk|1\n|turn|1\n|\n|t:|1776151656\n|detailschange|p1a: Floette|Floette-Mega, L50, F\n|-mega|p1a: Floette|Floette|Floettite\n|-ability|p1a: Floette|Fairy Aura\n|move|p2a: Incineroar|Fake Out|p1b: Espathra\n|-damage|p1b: Espathra|84/100\n|move|p1a: Floette|Substitute|p1a: Floette\n|-start|p1a: Floette|Substitute\n|-damage|p1a: Floette|76/100\n|cant|p1b: Espathra|flinch\n|move|p2b: Mimikyu|Trick Room|p2b: Mimikyu\n|-fieldstart|move: Trick Room|[of] p2b: Mimikyu\n|\n|-ability|p1b: Espathra|Speed Boost|boost\n|-boost|p1b: Espathra|spe|1\n|upkeep\n|turn|2\n|inactive|Enshuro has 30 seconds left.\n|\n|t:|1776151684\n|switch|p1b: Incineroar|Incineroar, L50, F|100/100\n|-ability|p1b: Incineroar|Intimidate|boost\n|-unboost|p2a: Incineroar|atk|1\n|-unboost|p2b: Mimikyu|atk|1\n|move|p2a: Incineroar|Parting Shot|p1a: Floette\n|-unboost|p1a: Floette|atk|1\n|-unboost|p1a: Floette|spa|1\n|\n|t:|1776151696\n|switch|p2a: Sinistcha|Sinistcha, L50|100/100|[from] Parting Shot\n|move|p2b: Mimikyu|Will-O-Wisp|p1b: Incineroar\n|-immune|p1b: Incineroar\n|move|p1a: Floette|Dazzling Gleam|p2a: Sinistcha|[spread] p2a,p2b\n|-damage|p2a: Sinistcha|80/100\n|-activate|p2b: Mimikyu|ability: Disguise\n|-damage|p2b: Mimikyu|100/100\n|detailschange|p2b: Mimikyu|Mimikyu-Busted, L50, F\n|-damage|p2b: Mimikyu|88/100|[from] pokemon: Mimikyu-Busted\n|\n|upkeep\n|turn|3\n|inactive|Enshuro has 30 seconds left.\n|inactive|Enshuro has 20 seconds left.\n|\n|t:|1776151735\n|switch|p1a: Sneasler|Sneasler, L50, M|100/100\n|move|p2a: Sinistcha|Strength Sap|p1b: Incineroar\n|-unboost|p1b: Incineroar|atk|1\n|-heal|p2a: Sinistcha|100/100\n|move|p1b: Incineroar|Parting Shot|p2a: Sinistcha\n|-unboost|p2a: Sinistcha|atk|1\n|-unboost|p2a: Sinistcha|spa|1\n|\n|t:|1776151739\n|switch|p1b: Floette|Floette-Mega, L50, F|76/100|[from] Parting Shot\n|-ability|p1b: Floette|Fairy Aura\n|move|p2b: Mimikyu|Play Rough|p1b: Floette|[miss]\n|-miss|p2b: Mimikyu|p1b: Floette\n|\n|upkeep\n|turn|4\n|\n|t:|1776151758\n|switch|p2b: Crabominable|Crabominable, L50, F|100/100\n|move|p1a: Sneasler|Protect|p1a: Sneasler\n|-singleturn|p1a: Sneasler|Protect\n|move|p2a: Sinistcha|Rage Powder|p2a: Sinistcha\n|-singleturn|p2a: Sinistcha|move: Rage Powder\n|move|p1b: Floette|Dazzling Gleam|p2b: Crabominable|[spread] p2a,p2b\n|-supereffective|p2b: Crabominable|1\n|-damage|p2a: Sinistcha|68/100\n|-damage|p2b: Crabominable|3/100\n|\n|upkeep\n|turn|5\n|inactive|Enshuro has 30 seconds left.\n|inactive|Enshuro has 20 seconds left.\n|inactive|Enshuro has 15 seconds left.\n|\n|t:|1776151801\n|switch|p1b: Incineroar|Incineroar, L50, F|100/100\n|-ability|p1b: Incineroar|Intimidate|boost\n|-unboost|p2a: Sinistcha|atk|1\n|-unboost|p2b: Crabominable|atk|1\n|detailschange|p2b: Crabominable|Crabominable-Mega, L50, F\n|-mega|p2b: Crabominable|Crabominable|Crabominite\n|move|p2b: Crabominable|Earthquake|p1b: Incineroar|[spread] p2a,p1a,p1b\n|-resisted|p2a: Sinistcha|1\n|-supereffective|p1a: Sneasler|1\n|-supereffective|p1b: Incineroar|1\n|-damage|p2a: Sinistcha|58/100\n|-damage|p1a: Sneasler|24/100\n|-damage|p1b: Incineroar|64/100\n|move|p2a: Sinistcha|Matcha Gotcha|p1b: Incineroar|[spread] p1a,p1b\n|-resisted|p1a: Sneasler|1\n|-resisted|p1b: Incineroar|1\n|-damage|p1a: Sneasler|13/100\n|-heal|p2a: Sinistcha|63/100|[from] drain|[of] p1a: Sneasler\n|-damage|p1b: Incineroar|57/100\n|-heal|p2a: Sinistcha|67/100|[from] drain|[of] p1b: Incineroar\n|move|p1a: Sneasler|Dire Claw|p2a: Sinistcha\n|-damage|p2a: Sinistcha|21/100\n|\n|-fieldend|move: Trick Room\n|upkeep\n|turn|6\n|inactive|It'sJustKen VGC has 30 seconds left.\n|inactive|Enshuro has 30 seconds left.\n|inactive|Enshuro has 20 seconds left.\n|\n|t:|1776151837\n|move|p2b: Crabominable|Protect|p2b: Crabominable\n|-singleturn|p2b: Crabominable|Protect\n|move|p1b: Incineroar|Fake Out|p2b: Crabominable\n|-activate|p2b: Crabominable|move: Protect\n|move|p1a: Sneasler|Dire Claw|p2a: Sinistcha\n|-damage|p2a: Sinistcha|0 fnt\n|faint|p2a: Sinistcha\n|\n|upkeep\n|\n|t:|1776151848\n|switch|p2a: Mimikyu|Mimikyu-Busted, L50, F|88/100\n|turn|7\n|\n|t:|1776151861\n|switch|p2b: Incineroar|Incineroar, L50, F|100/100\n|-ability|p2b: Incineroar|Intimidate|boost\n|-unboost|p1a: Sneasler|atk|1\n|-unboost|p1b: Incineroar|atk|1\n|-enditem|p1a: Sneasler|White Herb\n|-clearnegativeboost|p1a: Sneasler|[silent]\n|move|p1a: Sneasler|Close Combat|p2b: Incineroar\n|-supereffective|p2b: Incineroar|1\n|-damage|p2b: Incineroar|0 fnt\n|-unboost|p1a: Sneasler|def|1\n|-unboost|p1a: Sneasler|spd|1\n|faint|p2b: Incineroar\n|move|p1b: Incineroar|Parting Shot|p2a: Mimikyu\n|-unboost|p2a: Mimikyu|atk|1\n|-unboost|p2a: Mimikyu|spa|1\n|\n|t:|1776151865\n|switch|p1b: Floette|Floette-Mega, L50, F|76/100|[from] Parting Shot\n|-ability|p1b: Floette|Fairy Aura\n|move|p2a: Mimikyu|Trick Room|p2a: Mimikyu\n|-fieldstart|move: Trick Room|[of] p2a: Mimikyu\n|\n|upkeep\n|\n|t:|1776151871\n|switch|p2b: Crabominable|Crabominable-Mega, L50, F|3/100\n|turn|8\n|\n|t:|1776151894\n|switch|p1a: Incineroar|Incineroar, L50, F|57/100\n|-ability|p1a: Incineroar|Intimidate|boost\n|-unboost|p2a: Mimikyu|atk|1\n|-unboost|p2b: Crabominable|atk|1\n|move|p1b: Floette|Protect|p1b: Floette\n|-singleturn|p1b: Floette|Protect\n|move|p2a: Mimikyu|Shadow Sneak|p1a: Incineroar\n|-resisted|p1a: Incineroar|1\n|-damage|p1a: Incineroar|53/100\n|move|p2b: Crabominable|Ice Hammer|p1b: Floette\n|-activate|p1b: Floette|move: Protect\n|\n|upkeep\n|turn|9\n|inactive|It'sJustKen VGC has 30 seconds left.\n|inactive|Enshuro has 30 seconds left.\n|inactive|It'sJustKen VGC has 20 seconds left.\n|inactive|It'sJustKen VGC has 15 seconds left.\n|inactive|It'sJustKen VGC has 10 seconds left.\n|inactive|It'sJustKen VGC has 5 seconds left.\n|\n|t:|1776151949\n|move|p1b: Floette|Protect|p1b: Floette\n|-singleturn|p1b: Floette|Protect\n|move|p1a: Incineroar|Fake Out|p2a: Mimikyu\n|-immune|p2a: Mimikyu\n|move|p2b: Crabominable|Earthquake|p1b: Floette|[spread] p2a,p1a\n|-activate|p1b: Floette|move: Protect\n|-supereffective|p1a: Incineroar|1\n|-damage|p2a: Mimikyu|50/100\n|-damage|p1a: Incineroar|18/100\n|-enditem|p1a: Incineroar|Sitrus Berry|[eat]\n|-heal|p1a: Incineroar|43/100|[from] item: Sitrus Berry\n|move|p2a: Mimikyu|Play Rough|p1a: Incineroar\n|-damage|p1a: Incineroar|17/100\n|\n|upkeep\n|turn|10\n|inactive|Enshuro has 30 seconds left.\n|inactive|Enshuro has 20 seconds left.\n|inactive|Enshuro has 15 seconds left.\n|inactive|Enshuro has 10 seconds left.\n|\n|t:|1776151995\n|switch|p1a: Espathra|Espathra, L50, M|84/100\n|move|p2b: Crabominable|Close Combat|p1a: Espathra\n|-resisted|p1a: Espathra|1\n|-damage|p1a: Espathra|47/100\n|-unboost|p2b: Crabominable|def|1\n|-unboost|p2b: Crabominable|spd|1\n|move|p2a: Mimikyu|Play Rough|p1a: Espathra\n|-damage|p1a: Espathra|9/100\n|move|p1b: Floette|Dazzling Gleam|p2b: Crabominable|[spread] p2a,p2b\n|-supereffective|p2b: Crabominable|1\n|-damage|p2a: Mimikyu|0 fnt\n|-damage|p2b: Crabominable|0 fnt\n|faint|p2a: Mimikyu\n|faint|p2b: Crabominable\n|\n|win|It'sJustKen VGC\n|raw|It&apos;sJustKen VGC's rating: 1012 &rarr; <strong>1049</strong><br />(+37 for winning)\n|raw|Enshuro's rating: 1000 &rarr; <strong>1000</strong><br />(+0 for losing)\n",
  "uploadtime": 1776152035,
  "views": 15,
  "formatid": "gen9championsvgc2026regma",
  "rating": 1000,
  "private": 0,
  "password": null
}