{
  "id": "gen9championsvgc2026regma-2581796743",
  "format": "[Gen 9 Champions] VGC 2026 Reg M-A",
  "players": [
    "codenamegreene",
    "WaluigiVGC"
  ],
  "log": "|j|\u2606codenamegreene\n|j|\u2606WaluigiVGC\n|t:|1776029141\n|gametype|doubles\n|player|p1|codenamegreene|2|1066\n|player|p2|WaluigiVGC|266|1065\n|gen|9\n|tier|[Gen 9 Champions] VGC 2026 Reg M-A\n|rated|\n|rule|Species Clause: Limit one of each Pok\u00e9mon\n|rule|Item Clause: Limit 1 of each item\n|clearpoke\n|poke|p1|Floette-Eternal, L50, F|\n|poke|p1|Maushold, L50|\n|poke|p1|Garchomp, L50, F|\n|poke|p1|Talonflame, L50, F|\n|poke|p1|Rotom-Wash, L50|\n|poke|p1|Aegislash, L50, F|\n|poke|p2|Archaludon, L50, M|\n|poke|p2|Pelipper, L50, F|\n|poke|p2|Sneasler, L50, M|\n|poke|p2|Incineroar, L50, F|\n|poke|p2|Basculegion, L50, M|\n|poke|p2|Gengar, L50, M|\n|teampreview|4\n|inactive|Battle timer is ON: inactive players will automatically lose when time's up. (requested by codenamegreene)\ncodenamegreene has agreed to open team sheets.\n|inactive|WaluigiVGC has 60 seconds left.\n|\n|t:|1776029210\n|teamsize|p1|4\n|teamsize|p2|4\n|start\n|switch|p1a: Floette|Floette-Eternal, L50, F, shiny|100/100\n|switch|p1b: Maushold|Maushold, L50|100/100\n|switch|p2a: Sneasler|Sneasler, L50, M|100/100\n|switch|p2b: Gengar|Gengar, L50, M|100/100\n|turn|1\n|\n|t:|1776029227\n|detailschange|p2b: Gengar|Gengar-Mega, L50, M\n|-mega|p2b: Gengar|Gengar|Gengarite\n|detailschange|p1a: Floette|Floette-Mega, L50, F, shiny\n|-mega|p1a: Floette|Floette|Floettite\n|-ability|p1a: Floette|Fairy Aura\n|move|p1b: Maushold|Follow Me|p1b: Maushold\n|-singleturn|p1b: Maushold|move: Follow Me\n|move|p2b: Gengar|Sludge Bomb|p1b: Maushold\n|-damage|p1b: Maushold|47/100\n|-status|p1b: Maushold|psn\n|move|p2a: Sneasler|Close Combat|p1b: Maushold\n|-supereffective|p1b: Maushold|1\n|-damage|p1b: Maushold|0 fnt\n|-unboost|p2a: Sneasler|def|1\n|-unboost|p2a: Sneasler|spd|1\n|faint|p1b: Maushold\n|-enditem|p2a: Sneasler|White Herb\n|-clearnegativeboost|p2a: Sneasler|[silent]\n|move|p1a: Floette|Dazzling Gleam|p2b: Gengar|[spread] p2a,p2b\n|-resisted|p2b: Gengar|1\n|-crit|p2b: Gengar\n|-damage|p2a: Sneasler|32/100\n|-damage|p2b: Gengar|63/100\n|\n|upkeep\n|\n|t:|1776029247\n|switch|p1b: Talonflame|Talonflame, L50, F|100/100\n|turn|2\n|inactive|codenamegreene has 30 seconds left.\n|\n|t:|1776029272\n|move|p1b: Talonflame|Tailwind|p1b: Talonflame\n|-sidestart|p1: codenamegreene|move: Tailwind\n|move|p2a: Sneasler|Dire Claw|p1b: Talonflame\n|-damage|p1b: Talonflame|43/100\n|move|p1a: Floette|Dazzling Gleam|p2b: Gengar|[spread] p2a,p2b\n|-resisted|p2b: Gengar|1\n|-damage|p2a: Sneasler|0 fnt\n|-damage|p2b: Gengar|35/100\n|faint|p2a: Sneasler\n|move|p2b: Gengar|Sludge Bomb|p1a: Floette\n|-supereffective|p1a: Floette|1\n|-damage|p1a: Floette|26/100\n|\n|upkeep\n|\n|t:|1776029287\n|switch|p2a: Archaludon|Archaludon, L50, M|100/100\n|turn|3\n|\n|t:|1776029304\n|switch|p2b: Pelipper|Pelipper, L50, F|100/100\n|-weather|RainDance|[from] ability: Drizzle|[of] p2b: Pelipper\n|move|p1b: Talonflame|Flare Blitz|p2b: Pelipper\n|-resisted|p2b: Pelipper|1\n|-damage|p2b: Pelipper|87/100\n|-damage|p1b: Talonflame|39/100|[from] Recoil\n|move|p1a: Floette|Dazzling Gleam|p2b: Pelipper|[spread] p2a,p2b\n|-damage|p2a: Archaludon|46/100\n|-damage|p2b: Pelipper|3/100\n|-ability|p2a: Archaludon|Stamina|boost\n|-boost|p2a: Archaludon|def|1\n|move|p2a: Archaludon|Electro Shot||[still]\n|-prepare|p2a: Archaludon|Electro Shot\n|-boost|p2a: Archaludon|spa|1\n|-anim|p2a: Archaludon|Electro Shot|p1b: Talonflame\n|-supereffective|p1b: Talonflame|1\n|-damage|p1b: Talonflame|0 fnt\n|faint|p1b: Talonflame\n|\n|-weather|RainDance|[upkeep]\n|-heal|p2a: Archaludon|52/100|[from] item: Leftovers\n|upkeep\n|\n|t:|1776029323\n|switch|p1b: Aegislash|Aegislash, L50, F|100/100\n|turn|4\n|\n|t:|1776029339\n|move|p2a: Archaludon|Protect|p2a: Archaludon\n|-singleturn|p2a: Archaludon|Protect\n|move|p2b: Pelipper|Protect|p2b: Pelipper\n|-singleturn|p2b: Pelipper|Protect\n|-formechange|p1b: Aegislash|Aegislash-Blade|\n|move|p1b: Aegislash|Shadow Sneak|p2b: Pelipper\n|-activate|p2b: Pelipper|move: Protect\n|move|p1a: Floette|Moonblast|p2a: Archaludon\n|-activate|p2a: Archaludon|move: Protect\n|\n|-weather|RainDance|[upkeep]\n|-heal|p2a: Archaludon|58/100|[from] item: Leftovers\n|upkeep\n|turn|5\n|\n|t:|1776029362\n|move|p2b: Pelipper|Protect||[still]\n|-fail|p2b: Pelipper\n|move|p1b: Aegislash|Shadow Sneak|p2b: Pelipper\n|-damage|p2b: Pelipper|0 fnt\n|faint|p2b: Pelipper\n|move|p1a: Floette|Moonblast|p2a: Archaludon\n|-damage|p2a: Archaludon|0 fnt\n|faint|p2a: Archaludon\n|\n|-weather|RainDance|[upkeep]\n|-sideend|p1: codenamegreene|move: Tailwind\n|upkeep\n|\n|t:|1776029374\n|switch|p2b: Gengar|Gengar-Mega, L50, M|35/100\n|turn|6\n|\n|t:|1776029385\n|move|p2b: Gengar|Sludge Bomb|p1a: Floette\n|-supereffective|p1a: Floette|1\n|-damage|p1a: Floette|0 fnt\n|faint|p1a: Floette\n|move|p1b: Aegislash|Poltergeist|p2b: Gengar\n|-activate|p2b: Gengar|move: Poltergeist|Gengarite\n|-supereffective|p2b: Gengar|1\n|-damage|p2b: Gengar|0 fnt\n|faint|p2b: Gengar\n|\n|win|codenamegreene\n|raw|codenamegreene's rating: 1066 &rarr; <strong>1096</strong><br />(+30 for winning)\n|raw|WaluigiVGC's rating: 1065 &rarr; <strong>1045</strong><br />(-20 for losing)\n|l|\u2606codenamegreene\n|player|p1|\n",
  "uploadtime": 1776029396,
  "views": 23,
  "formatid": "gen9championsvgc2026regma",
  "rating": 1045,
  "private": 0,
  "password": null
}