{
  "id": "gen9championsvgc2026regma-2585759154",
  "format": "[Gen 9 Champions] VGC 2026 Reg M-A",
  "players": [
    "Asu95",
    "bretinator92"
  ],
  "log": "|j|\u2606Asu95\n|j|\u2606bretinator92\n|t:|1776368617\n|gametype|doubles\n|player|p1|Asu95|1|1061\n|player|p2|bretinator92|102|1120\n|gen|9\n|tier|[Gen 9 Champions] VGC 2026 Reg M-A\n|rated|\n|rule|Species Clause: Limit one of each Pok\u00e9mon\n|rule|Item Clause: Limit 1 of each item\n|clearpoke\n|poke|p1|Gengar, L50, M|\n|poke|p1|Whimsicott, L50, M|\n|poke|p1|Chandelure, L50, F|\n|poke|p1|Primarina, L50, M|\n|poke|p1|Incineroar, L50, M|\n|poke|p1|Maushold-Four, L50|\n|poke|p2|Dragonite, L50, M|\n|poke|p2|Incineroar, L50, F|\n|poke|p2|Orthworm, L50, F|\n|poke|p2|Banette, L50, M|\n|poke|p2|Whimsicott, L50, M|\n|poke|p2|Starmie, L50|\n|teampreview|4\nbretinator92 rejected open team sheets.\n|\n|t:|1776368711\n|teamsize|p1|4\n|teamsize|p2|4\n|start\n|switch|p1a: Whimsicott|Whimsicott, L50, M|100/100\n|switch|p1b: Gengar|Gengar, L50, M, shiny|100/100\n|switch|p2a: Orthworm|Orthworm, L50, F|100/100\n|switch|p2b: Whimsicott|Whimsicott, L50, M|100/100\n|turn|1\n|\n|t:|1776368748\n|detailschange|p1b: Gengar|Gengar-Mega, L50, M, shiny\n|-mega|p1b: Gengar|Gengar|Gengarite\n|move|p2b: Whimsicott|Light Screen|p2b: Whimsicott\n|-sidestart|p2: bretinator92|move: Light Screen\n|move|p1a: Whimsicott|Tailwind|p1a: Whimsicott\n|-sidestart|p1: Asu95|move: Tailwind\n|move|p1b: Gengar|Perish Song|p1b: Gengar\n|-start|p1a: Whimsicott|perish3|[silent]\n|-start|p1b: Gengar|perish3|[silent]\n|-start|p2a: Orthworm|perish3|[silent]\n|-start|p2b: Whimsicott|perish3|[silent]\n|-fieldactivate|move: Perish Song\n|move|p2a: Orthworm|Shed Tail|p2a: Orthworm\n|-start|p2a: Orthworm|Substitute|[from] move: Shed Tail\n|-damage|p2a: Orthworm|50/100\n|-enditem|p2a: Orthworm|Sitrus Berry|[eat]\n|-heal|p2a: Orthworm|75/100|[from] item: Sitrus Berry\n|\n|t:|1776368783\n|switch|p2a: Banette|Banette, L50, M|100/100|[from] Shed Tail\n|\n|-start|p1b: Gengar|perish3\n|-start|p1a: Whimsicott|perish3\n|-start|p2b: Whimsicott|perish3\n|upkeep\n|turn|2\n|\n|t:|1776368816\n|detailschange|p2a: Banette|Banette-Mega, L50, M\n|-mega|p2a: Banette|Banette|Banettite\n|move|p1b: Gengar|Protect|p1b: Gengar\n|-singleturn|p1b: Gengar|Protect\n|move|p1a: Whimsicott|Encore|p2b: Whimsicott\n|-start|p2b: Whimsicott|Encore\n|-enditem|p2b: Whimsicott|Mental Herb\n|-end|p2b: Whimsicott|Encore\n|move|p2b: Whimsicott|Encore||[still]\n|-fail|p2b: Whimsicott\n|move|p2a: Banette|Poltergeist|p1b: Gengar\n|-activate|p1b: Gengar|move: Protect\n|\n|-start|p1b: Gengar|perish2\n|-start|p1a: Whimsicott|perish2\n|-start|p2b: Whimsicott|perish2\n|upkeep\n|turn|3\n|\n|t:|1776368874\n|move|p1a: Whimsicott|Encore|p2a: Banette\n|-start|p2a: Banette|Encore\n|move|p2b: Whimsicott|Encore||[still]\n|-fail|p2b: Whimsicott\n|move|p1b: Gengar|Disable|p2a: Banette\n|-start|p2a: Banette|Disable|Poltergeist\n|cant|p2a: Banette|Disable|Poltergeist\n|\n|-start|p1b: Gengar|perish1\n|-start|p1a: Whimsicott|perish1\n|-start|p2b: Whimsicott|perish1\n|upkeep\n|turn|4\n|\n|t:|1776368909\n|switch|p1b: Maushold|Maushold-Four, L50, shiny|100/100\n|switch|p1a: Incineroar|Incineroar, L50, M|100/100\n|-ability|p1a: Incineroar|Intimidate|boost\n|-immune|p2a: Banette\n|-unboost|p2b: Whimsicott|atk|1\n|move|p2b: Whimsicott|Memento|p1b: Maushold\n|-unboost|p1b: Maushold|atk|2\n|-unboost|p1b: Maushold|spa|2\n|faint|p2b: Whimsicott\n|-activate|p2a: Banette|move: Struggle\n|move|p2a: Banette|Struggle|p1a: Incineroar\n|-damage|p1a: Incineroar|82/100\n|-damage|p2a: Banette|76/100|[from] recoil\n|\n|-sideend|p1: Asu95|move: Tailwind\n|upkeep\n|\n|t:|1776368942\n|switch|p2b: Orthworm|Orthworm, L50, F|75/100\n|turn|5\n|\n|t:|1776368964\n|switch|p1b: Gengar|Gengar-Mega, L50, M, shiny|100/100\n|move|p1a: Incineroar|Fake Out|p2b: Orthworm\n|-resisted|p2b: Orthworm|1\n|-damage|p2b: Orthworm|71/100\n|-activate|p2a: Banette|move: Struggle\n|move|p2a: Banette|Struggle|p1a: Incineroar\n|-damage|p1a: Incineroar|61/100\n|-damage|p2a: Banette|51/100|[from] recoil\n|cant|p2b: Orthworm|flinch\n|\n|-end|p2a: Banette|Encore\n|-sideend|p2: bretinator92|move: Light Screen\n|upkeep\n|turn|6\n|\n|t:|1776368995\n|move|p1b: Gengar|Protect|p1b: Gengar\n|-singleturn|p1b: Gengar|Protect\n|move|p2a: Banette|Encore|p1a: Incineroar\n|-hint|Since gen 7, Dark is immune to Prankster moves.\n|-immune|p1a: Incineroar\n|move|p1a: Incineroar|Parting Shot|p2b: Orthworm\n|-unboost|p2b: Orthworm|atk|1\n|-unboost|p2b: Orthworm|spa|1\n|\n|t:|1776369003\n|switch|p1a: Whimsicott|Whimsicott, L50, M|100/100|[from] Parting Shot\n|move|p2b: Orthworm|Shed Tail|p2b: Orthworm\n|-start|p2b: Orthworm|Substitute|[from] move: Shed Tail\n|-damage|p2b: Orthworm|20/100\n|\n|t:|1776369010\n|switch|p2b: Dragonite|Dragonite, L50, M|100/100|[from] Shed Tail\n|\n|-end|p2a: Banette|Disable\n|upkeep\n|turn|7\n|\n|t:|1776369063\n|move|p1a: Whimsicott|Encore||[still]\n|-fail|p1a: Whimsicott\n|move|p2a: Banette|Encore|p1b: Gengar\n|-start|p1b: Gengar|Encore\n|move|p1b: Gengar|Protect|p1b: Gengar\n|-singleturn|p1b: Gengar|Protect\n|move|p2b: Dragonite|Dragon Dance|p2b: Dragonite\n|-boost|p2b: Dragonite|atk|1\n|-boost|p2b: Dragonite|spe|1\n|\n|upkeep\n|turn|8\n|\n|t:|1776369097\n|switch|p1b: Incineroar|Incineroar, L50, M|61/100\n|-ability|p1b: Incineroar|Intimidate|boost\n|-immune|p2a: Banette\n|-immune|p2b: Dragonite\n|move|p2b: Dragonite|Dragon Dance|p2b: Dragonite\n|-boost|p2b: Dragonite|atk|1\n|-boost|p2b: Dragonite|spe|1\n|move|p1a: Whimsicott|Moonblast|p2b: Dragonite\n|-supereffective|p2b: Dragonite|1\n|-activate|p2b: Dragonite|move: Substitute|[damage]\n|move|p2a: Banette|Poltergeist|p1a: Whimsicott\n|-activate|p1a: Whimsicott|move: Poltergeist|Focus Sash\n|-damage|p1a: Whimsicott|24/100\n|\n|upkeep\n|turn|9\n|\n|t:|1776369144\n|move|p1a: Whimsicott|Protect|p1a: Whimsicott\n|-singleturn|p1a: Whimsicott|Protect\n|move|p1b: Incineroar|Fake Out|p2b: Dragonite\n|-activate|p2b: Dragonite|move: Substitute|[damage]\n|move|p2b: Dragonite|Rock Slide|p1b: Incineroar|[spread] p1b\n|-activate|p1a: Whimsicott|move: Protect\n|-supereffective|p1b: Incineroar|1\n|-damage|p1b: Incineroar|1/100\n|-enditem|p1b: Incineroar|Sitrus Berry|[eat]\n|-heal|p1b: Incineroar|26/100|[from] item: Sitrus Berry\n|move|p2a: Banette|Poltergeist||[still]\n|-fail|p2a: Banette\n|\n|upkeep\n|turn|10\n|\n|t:|1776369173\n|move|p1a: Whimsicott|Tailwind|p1a: Whimsicott\n|-sidestart|p1: Asu95|move: Tailwind\n|move|p2a: Banette|Encore|p1b: Incineroar\n|-hint|Since gen 7, Dark is immune to Prankster moves.\n|-immune|p1b: Incineroar\n|move|p2b: Dragonite|Rock Slide|p1a: Whimsicott|[spread] p1a,p1b\n|-supereffective|p1b: Incineroar|1\n|-damage|p1a: Whimsicott|0 fnt\n|-damage|p1b: Incineroar|0 fnt\n|faint|p1a: Whimsicott\n|faint|p1b: Incineroar\n|\n|upkeep\n|\n|t:|1776369184\n|switch|p1a: Gengar|Gengar-Mega, L50, M, shiny|100/100\n|switch|p1b: Maushold|Maushold-Four, L50, shiny|100/100\n|turn|11\n|\n|t:|1776369207\n|move|p1b: Maushold|Follow Me|p1b: Maushold\n|-singleturn|p1b: Maushold|move: Follow Me\n|move|p1a: Gengar|Perish Song|p1a: Gengar\n|-start|p1a: Gengar|perish3|[silent]\n|-start|p1b: Maushold|perish3|[silent]\n|-start|p2a: Banette|perish3|[silent]\n|-start|p2b: Dragonite|perish3|[silent]\n|-fieldactivate|move: Perish Song\n|move|p2b: Dragonite|Rock Slide|p1b: Maushold|[spread] p1a,p1b\n|-damage|p1a: Gengar|71/100\n|-damage|p1b: Maushold|56/100\n|move|p2a: Banette|Poltergeist|p1b: Maushold\n|-immune|p1b: Maushold\n|\n|-start|p1a: Gengar|perish3\n|-start|p1b: Maushold|perish3\n|-start|p2b: Dragonite|perish3\n|-start|p2a: Banette|perish3\n|upkeep\n|turn|12\n|c|\u2606Asu95|Oh no, I messed up\n|\n|t:|1776369256\n|move|p1b: Maushold|Follow Me|p1b: Maushold\n|-singleturn|p1b: Maushold|move: Follow Me\n|move|p2a: Banette|Encore|p1b: Maushold\n|-start|p1b: Maushold|Encore\n|-enditem|p1b: Maushold|Mental Herb\n|-end|p1b: Maushold|Encore\n|move|p1a: Gengar|Shadow Ball|p2a: Banette\n|-supereffective|p2a: Banette|1\n|-end|p2a: Banette|Substitute\n|move|p2b: Dragonite|Rock Slide|p1a: Gengar|[spread] \n|-miss|p2b: Dragonite|p1a: Gengar\n|-miss|p2b: Dragonite|p1b: Maushold\n|\n|-start|p1a: Gengar|perish2\n|-start|p1b: Maushold|perish2\n|-start|p2b: Dragonite|perish2\n|-start|p2a: Banette|perish2\n|upkeep\n|turn|13\n|\n|t:|1776369292\n|move|p1b: Maushold|Follow Me|p1b: Maushold\n|-singleturn|p1b: Maushold|move: Follow Me\n|move|p2a: Banette|Destiny Bond|p2a: Banette\n|-singlemove|p2a: Banette|Destiny Bond\n|move|p1a: Gengar|Shadow Ball|p2a: Banette\n|-supereffective|p2a: Banette|1\n|-damage|p2a: Banette|0 fnt\n|faint|p2a: Banette\n|-activate|p2a: Banette|move: Destiny Bond\n|faint|p1a: Gengar\n|move|p2b: Dragonite|Earthquake|p1b: Maushold\n|-damage|p1b: Maushold|0 fnt\n|faint|p1b: Maushold\n|\n|win|bretinator92\n|raw|Asu95's rating: 1061 &rarr; <strong>1045</strong><br />(-16 for losing)\n|raw|bretinator92's rating: 1120 &rarr; <strong>1141</strong><br />(+21 for winning)\n|l|\u2606Asu95\n|player|p1|\n",
  "uploadtime": 1776369558,
  "views": 21,
  "formatid": "gen9championsvgc2026regma",
  "rating": 1045,
  "private": 0,
  "password": null
}