{
  "id": "gen9championsvgc2026regma-2584661300",
  "format": "[Gen 9 Champions] VGC 2026 Reg M-A",
  "players": [
    "grapejuiceplaysyt",
    "proudcloud49"
  ],
  "log": "|j|\u2606grapejuiceplaysyt\n|j|\u2606proudcloud49\n|t:|1776275144\n|gametype|doubles\n|player|p1|grapejuiceplaysyt|roughneck-gen4|1104\n|player|p2|proudcloud49|policeman-gen4|1162\n|gen|9\n|tier|[Gen 9 Champions] VGC 2026 Reg M-A\n|rated|\n|rule|Species Clause: Limit one of each Pok\u00e9mon\n|rule|Item Clause: Limit 1 of each item\n|clearpoke\n|poke|p1|Garchomp, L50, F|\n|poke|p1|Aerodactyl, L50, M|\n|poke|p1|Clefable, L50, F|\n|poke|p1|Tinkaton, L50, F|\n|poke|p1|Hatterene, L50, F|\n|poke|p1|Slowking, L50, M|\n|poke|p2|Venusaur, L50, M|\n|poke|p2|Charizard, L50, M|\n|poke|p2|Aerodactyl, L50, M|\n|poke|p2|Lucario, L50, F|\n|poke|p2|Garchomp, L50, F|\n|poke|p2|Incineroar, L50, M|\n|teampreview|4\ngrapejuiceplaysyt rejected open team sheets.\n|\n|t:|1776275161\n|teamsize|p1|4\n|teamsize|p2|4\n|start\n|switch|p1a: Aerodactyl|Aerodactyl, L50, M, shiny|100/100\n|switch|p1b: Tinkaton|Tinkaton, L50, F|100/100\n|switch|p2a: Charizard|Charizard, L50, M|100/100\n|switch|p2b: Incineroar|Incineroar, L50, M|100/100\n|-ability|p2b: Incineroar|Intimidate|boost\n|-unboost|p1a: Aerodactyl|atk|1\n|-fail|p1b: Tinkaton|unboost|Attack|[from] ability: Own Tempo|[of] p1b: Tinkaton\n|turn|1\n|\n|t:|1776275177\n|detailschange|p2a: Charizard|Charizard-Mega-Y, L50, M\n|-mega|p2a: Charizard|Charizard|Charizardite Y\n|-weather|SunnyDay|[from] ability: Drought|[of] p2a: Charizard\n|move|p1b: Tinkaton|Fake Out|p2b: Incineroar\n|-damage|p2b: Incineroar|90/100\n|cant|p2b: Incineroar|flinch\n|move|p1a: Aerodactyl|Rock Slide|p2a: Charizard|[spread] p2a,p2b\n|-supereffective|p2a: Charizard|2\n|-supereffective|p2b: Incineroar|1\n|-damage|p2a: Charizard|0 fnt\n|-damage|p2b: Incineroar|59/100\n|faint|p2a: Charizard\n|\n|-weather|SunnyDay|[upkeep]\n|upkeep\n|\n|t:|1776275190\n|switch|p2a: Venusaur|Venusaur, L50, M|100/100\n|turn|2\n|\n|t:|1776275209\n|move|p1b: Tinkaton|Protect|p1b: Tinkaton\n|-singleturn|p1b: Tinkaton|Protect\n|move|p2a: Venusaur|Sleep Powder|p1a: Aerodactyl\n|-status|p1a: Aerodactyl|slp|[from] move: Sleep Powder\n|cant|p1a: Aerodactyl|slp\n|move|p2b: Incineroar|Flare Blitz|p1b: Tinkaton\n|-activate|p1b: Tinkaton|move: Protect\n|\n|-weather|SunnyDay|[upkeep]\n|upkeep\n|turn|3\n|\n|t:|1776275224\n|move|p2a: Venusaur|Energy Ball|p1a: Aerodactyl\n|-damage|p1a: Aerodactyl|42/100 slp\n|-unboost|p1a: Aerodactyl|spd|1\n|cant|p1a: Aerodactyl|slp\n|move|p1b: Tinkaton|Gigaton Hammer|p2a: Venusaur\n|-damage|p2a: Venusaur|31/100\n|move|p2b: Incineroar|Flare Blitz|p1b: Tinkaton\n|-supereffective|p1b: Tinkaton|1\n|-enditem|p1b: Tinkaton|Occa Berry|[eat]\n|-enditem|p1b: Tinkaton|Occa Berry|[weaken]\n|-damage|p1b: Tinkaton|0 fnt\n|faint|p1b: Tinkaton\n|-damage|p2b: Incineroar|29/100|[from] Recoil\n|\n|-weather|SunnyDay|[upkeep]\n|-heal|p2a: Venusaur|37/100|[from] item: Leftovers\n|upkeep\n|\n|t:|1776275240\n|switch|p1b: Garchomp|Garchomp, L50, F, shiny|100/100\n|turn|4\n|\n|t:|1776275253\n|move|p1b: Garchomp|Protect|p1b: Garchomp\n|-singleturn|p1b: Garchomp|Protect\n|move|p2a: Venusaur|Energy Ball|p1a: Aerodactyl\n|-damage|p1a: Aerodactyl|0 fnt\n|faint|p1a: Aerodactyl\n|move|p2b: Incineroar|Parting Shot|p1b: Garchomp\n|-activate|p1b: Garchomp|move: Protect\n|\n|-weather|SunnyDay|[upkeep]\n|-heal|p2a: Venusaur|43/100|[from] item: Leftovers\n|upkeep\n|\n|t:|1776275263\n|switch|p1a: Slowking|Slowking, L50, M|100/100\n|turn|5\n|\n|t:|1776275273\n|detailschange|p1b: Garchomp|Garchomp-Mega, L50, F, shiny\n|-mega|p1b: Garchomp|Garchomp|Garchompite\n|move|p2a: Venusaur|Sleep Powder|p1b: Garchomp\n|-status|p1b: Garchomp|slp|[from] move: Sleep Powder\n|cant|p1b: Garchomp|slp\n|move|p2b: Incineroar|Darkest Lariat|p1a: Slowking\n|-supereffective|p1a: Slowking|1\n|-damage|p1a: Slowking|31/100\n|move|p1a: Slowking|Scald|p2b: Incineroar\n|-supereffective|p2b: Incineroar|1\n|-damage|p2b: Incineroar|3/100\n|\n|-weather|none\n|-heal|p2a: Venusaur|48/100|[from] item: Leftovers\n|upkeep\n|turn|6\n|\n|t:|1776275291\n|cant|p1b: Garchomp|slp\n|move|p2a: Venusaur|Energy Ball|p1b: Garchomp\n|-damage|p1b: Garchomp|61/100 slp\n|move|p2b: Incineroar|Darkest Lariat|p1a: Slowking\n|-supereffective|p1a: Slowking|1\n|-damage|p1a: Slowking|0 fnt\n|faint|p1a: Slowking\n|\n|-heal|p2a: Venusaur|54/100|[from] item: Leftovers\n|upkeep\n|turn|7\n|\n|t:|1776275301\n|-curestatus|p1b: Garchomp|slp|[msg]\n|move|p1b: Garchomp|Earthquake|p2a: Venusaur|[spread] p2a,p2b\n|-supereffective|p2b: Incineroar|1\n|-damage|p2a: Venusaur|0 fnt\n|-damage|p2b: Incineroar|0 fnt\n|faint|p2a: Venusaur\n|faint|p2b: Incineroar\n|\n|upkeep\n|\n|t:|1776275307\n|switch|p2b: Aerodactyl|Aerodactyl, L50, M|100/100\n|-ability|p2b: Aerodactyl|Unnerve\n|turn|8\n|\n|t:|1776275311\n|move|p2b: Aerodactyl|Rock Slide|p1b: Garchomp\n|-resisted|p1b: Garchomp|1\n|-damage|p1b: Garchomp|48/100\n|move|p1b: Garchomp|Rock Slide|p2b: Aerodactyl\n|-supereffective|p2b: Aerodactyl|1\n|-damage|p2b: Aerodactyl|5/100\n|\n|upkeep\n|turn|9\n|\n|t:|1776275320\n|move|p2b: Aerodactyl|Rock Slide|p1b: Garchomp\n|-resisted|p1b: Garchomp|1\n|-damage|p1b: Garchomp|35/100\n|move|p1b: Garchomp|Dragon Claw|p2b: Aerodactyl\n|-damage|p2b: Aerodactyl|0 fnt\n|faint|p2b: Aerodactyl\n|\n|win|grapejuiceplaysyt\n|raw|grapejuiceplaysyt's rating: 1104 &rarr; <strong>1133</strong><br />(+29 for winning)\n|raw|proudcloud49's rating: 1162 &rarr; <strong>1133</strong><br />(-29 for losing)\n|l|\u2606proudcloud49\n|player|p2|\n",
  "uploadtime": 1776275337,
  "views": 21,
  "formatid": "gen9championsvgc2026regma",
  "rating": 1133,
  "private": 0,
  "password": null
}