{
  "id": "gen9championsvgc2026regma-2584818081",
  "format": "[Gen 9 Champions] VGC 2026 Reg M-A",
  "players": [
    "tpgame1100",
    "byoww"
  ],
  "log": "|j|\u2606tpgame1100\n|j|\u2606byoww\n|t:|1776285945\n|gametype|doubles\n|player|p1|tpgame1100|102|1045\n|player|p2|byoww|169|1018\n|gen|9\n|tier|[Gen 9 Champions] VGC 2026 Reg M-A\n|rated|\n|rule|Species Clause: Limit one of each Pok\u00e9mon\n|rule|Item Clause: Limit 1 of each item\n|clearpoke\n|poke|p1|Froslass, L50, F|\n|poke|p1|Palafin, L50, F|\n|poke|p1|Maushold, L50|\n|poke|p1|Kommo-o, L50, M|\n|poke|p1|Arcanine-Hisui, L50, F|\n|poke|p1|Aerodactyl, L50, F|\n|poke|p2|Gengar, L50, F|\n|poke|p2|Tinkaton, L50, F|\n|poke|p2|Palafin, L50, F|\n|poke|p2|Incineroar, L50, F|\n|poke|p2|Aegislash, L50, F|\n|poke|p2|Whimsicott, L50, M|\n|teampreview|4\n|\n|t:|1776285999\n|teamsize|p1|4\n|teamsize|p2|4\n|start\n|switch|p1a: Maushold|Maushold, L50|100/100\n|switch|p1b: Palafin|Palafin, L50, F|100/100\n|switch|p2a: Whimsicott|Whimsicott, L50, M|100/100\n|switch|p2b: Palafin|Palafin, L50, F|100/100\n|turn|1\n|\n|t:|1776286013\n|detailschange|p1b: Palafin|Palafin-Hero, L50, F\n|switch|p1b: Froslass|Froslass, L50, F|100/100\n|detailschange|p2b: Palafin|Palafin-Hero, L50, F\n|switch|p2b: Gengar|Gengar, L50, F|100/100\n|move|p2a: Whimsicott|Leech Seed|p1a: Maushold\n|-start|p1a: Maushold|move: Leech Seed\n|move|p1a: Maushold|Population Bomb|p2a: Whimsicott\n|-damage|p2a: Whimsicott|90/100\n|-crit|p2a: Whimsicott\n|-damage|p2a: Whimsicott|76/100\n|-hitcount|p2a: Whimsicott|2\n|\n|-damage|p1a: Maushold|88/100|[from] Leech Seed|[of] p2a: Whimsicott\n|-heal|p2a: Whimsicott|90/100|[silent]\n|upkeep\n|turn|2\n|\n|t:|1776286042\n|switch|p1b: Kommo-o|Kommo-o, L50, M|100/100\n|detailschange|p2b: Gengar|Gengar-Mega, L50, F\n|-mega|p2b: Gengar|Gengar|Gengarite\n|move|p1a: Maushold|Follow Me|p1a: Maushold\n|-singleturn|p1a: Maushold|move: Follow Me\n|move|p2a: Whimsicott|Tailwind|p2a: Whimsicott\n|-sidestart|p2: byoww|move: Tailwind\n|move|p2b: Gengar|Shadow Ball|p1a: Maushold\n|-immune|p1a: Maushold\n|\n|-damage|p1a: Maushold|76/100|[from] Leech Seed|[of] p2a: Whimsicott\n|-heal|p2a: Whimsicott|100/100|[silent]\n|upkeep\n|turn|3\n|\n|t:|1776286060\n|move|p1a: Maushold|Follow Me|p1a: Maushold\n|-singleturn|p1a: Maushold|move: Follow Me\n|move|p2a: Whimsicott|Encore|p1a: Maushold\n|-start|p1a: Maushold|Encore\n|move|p2b: Gengar|Dazzling Gleam|p1a: Maushold|[spread] p1a,p1b\n|-supereffective|p1b: Kommo-o|2\n|-damage|p1a: Maushold|41/100\n|-damage|p1b: Kommo-o|0 fnt\n|faint|p1b: Kommo-o\n|\n|-damage|p1a: Maushold|29/100|[from] Leech Seed|[of] p2a: Whimsicott\n|upkeep\n|\n|t:|1776286069\n|switch|p1b: Froslass|Froslass, L50, F|100/100\n|turn|4\n|\n|t:|1776286095\n|detailschange|p1b: Froslass|Froslass-Mega, L50, F\n|-mega|p1b: Froslass|Froslass|Froslassite\n|-weather|Snowscape|[from] ability: Snow Warning|[of] p1b: Froslass\n|move|p1a: Maushold|Follow Me|p1a: Maushold\n|-singleturn|p1a: Maushold|move: Follow Me\n|move|p2a: Whimsicott|Leech Seed||[still]\n|-fail|p2a: Whimsicott\n|move|p2b: Gengar|Dazzling Gleam|p1a: Maushold|[spread] p1a,p1b\n|-damage|p1a: Maushold|0 fnt\n|-damage|p1b: Froslass|75/100\n|faint|p1a: Maushold\n|move|p1b: Froslass|Blizzard|p2a: Whimsicott|[spread] p2a,p2b\n|-supereffective|p2a: Whimsicott|1\n|-damage|p2a: Whimsicott|21/100\n|-damage|p2b: Gengar|52/100\n|\n|-weather|Snowscape|[upkeep]\n|upkeep\n|\n|t:|1776286110\n|switch|p1a: Palafin|Palafin-Hero, L50, F|100/100\n|-activate|p1a: Palafin|ability: Zero to Hero\n|turn|5\n|inactive|Battle timer is ON: inactive players will automatically lose when time's up. (requested by byoww)\n|\n|t:|1776286173\n|move|p2a: Whimsicott|Leech Seed|p1a: Palafin\n|-start|p1a: Palafin|move: Leech Seed\n|move|p1a: Palafin|Jet Punch|p2b: Gengar\n|-damage|p2b: Gengar|0 fnt\n|faint|p2b: Gengar\n|move|p1b: Froslass|Blizzard|p2a: Whimsicott\n|-supereffective|p2a: Whimsicott|1\n|-damage|p2a: Whimsicott|0 fnt\n|faint|p2a: Whimsicott\n|\n|-weather|Snowscape|[upkeep]\n|-sideend|p2: byoww|move: Tailwind\n|upkeep\n|\n|t:|1776286179\n|switch|p2b: Aegislash|Aegislash, L50, F|100/100\n|switch|p2a: Palafin|Palafin-Hero, L50, F|100/100\n|-activate|p2a: Palafin|ability: Zero to Hero\n|turn|6\n|\n|t:|1776286199\n|move|p2b: Aegislash|King's Shield|p2b: Aegislash\n|-singleturn|p2b: Aegislash|Protect\n|move|p1b: Froslass|Aurora Veil|p1b: Froslass\n|-sidestart|p1: tpgame1100|move: Aurora Veil\n|move|p1a: Palafin|Bulk Up|p1a: Palafin\n|-boost|p1a: Palafin|atk|1\n|-boost|p1a: Palafin|def|1\n|move|p2a: Palafin|Wave Crash|p1b: Froslass\n|-damage|p1b: Froslass|20/100\n|-damage|p2a: Palafin|82/100|[from] Recoil\n|\n|-weather|Snowscape|[upkeep]\n|-damage|p1a: Palafin|88/100|[from] Leech Seed|[of] p2a: Palafin\n|-heal|p2a: Palafin|97/100|[silent]\n|upkeep\n|turn|7\n|\n|t:|1776286215\n|move|p1a: Palafin|Jet Punch|p2b: Aegislash\n|-damage|p2b: Aegislash|65/100\n|-formechange|p2b: Aegislash|Aegislash-Blade|\n|move|p2b: Aegislash|Shadow Sneak|p1b: Froslass\n|-supereffective|p1b: Froslass|1\n|-damage|p1b: Froslass|0 fnt\n|faint|p1b: Froslass\n|move|p2a: Palafin|Close Combat|p1a: Palafin\n|-damage|p1a: Palafin|66/100\n|-unboost|p2a: Palafin|def|1\n|-unboost|p2a: Palafin|spd|1\n|\n|-weather|Snowscape|[upkeep]\n|-heal|p1a: Palafin|72/100|[from] item: Leftovers\n|-damage|p1a: Palafin|60/100|[from] Leech Seed|[of] p2a: Palafin\n|-heal|p2a: Palafin|100/100|[silent]\n|upkeep\n|turn|8\n|\n|t:|1776286232\n|-formechange|p2b: Aegislash|Aegislash|\n|move|p2b: Aegislash|King's Shield|p2b: Aegislash\n|-singleturn|p2b: Aegislash|Protect\n|move|p1a: Palafin|Drain Punch|p2a: Palafin\n|-damage|p2a: Palafin|39/100\n|-heal|p1a: Palafin|86/100|[from] drain|[of] p2a: Palafin\n|move|p2a: Palafin|Wave Crash|p1a: Palafin\n|-resisted|p1a: Palafin|1\n|-damage|p1a: Palafin|66/100\n|-damage|p2a: Palafin|32/100|[from] Recoil\n|\n|-weather|none\n|-heal|p1a: Palafin|72/100|[from] item: Leftovers\n|-damage|p1a: Palafin|60/100|[from] Leech Seed|[of] p2a: Palafin\n|-heal|p2a: Palafin|46/100|[silent]\n|upkeep\n|turn|9\n|\n|t:|1776286250\n|move|p2a: Palafin|Jet Punch|p1a: Palafin\n|-resisted|p1a: Palafin|1\n|-damage|p1a: Palafin|51/100\n|move|p1a: Palafin|Bulk Up|p1a: Palafin\n|-boost|p1a: Palafin|atk|1\n|-boost|p1a: Palafin|def|1\n|move|p2b: Aegislash|Swords Dance|p2b: Aegislash\n|-boost|p2b: Aegislash|atk|2\n|\n|-heal|p1a: Palafin|57/100|[from] item: Leftovers\n|-damage|p1a: Palafin|44/100|[from] Leech Seed|[of] p2a: Palafin\n|-heal|p2a: Palafin|60/100|[silent]\n|upkeep\n|turn|10\n|\n|t:|1776286257\n|move|p2a: Palafin|Jet Punch|p1a: Palafin\n|-resisted|p1a: Palafin|1\n|-damage|p1a: Palafin|37/100\n|move|p1a: Palafin|Drain Punch|p2a: Palafin\n|-damage|p2a: Palafin|0 fnt\n|-heal|p1a: Palafin|63/100|[from] drain|[of] p2a: Palafin\n|faint|p2a: Palafin\n|move|p2b: Aegislash|Swords Dance|p2b: Aegislash\n|-boost|p2b: Aegislash|atk|2\n|\n|-heal|p1a: Palafin|69/100|[from] item: Leftovers\n|-sideend|p1: tpgame1100|move: Aurora Veil\n|upkeep\n|turn|11\n|\n|t:|1776286267\n|move|p1a: Palafin|Jet Punch|p2b: Aegislash\n|-damage|p2b: Aegislash|16/100\n|move|p2b: Aegislash|Swords Dance|p2b: Aegislash\n|-boost|p2b: Aegislash|atk|2\n|\n|-heal|p1a: Palafin|74/100|[from] item: Leftovers\n|upkeep\n|turn|12\n|\n|t:|1776286271\n|move|p2b: Aegislash|King's Shield|p2b: Aegislash\n|-singleturn|p2b: Aegislash|Protect\n|move|p1a: Palafin|Jet Punch|p2b: Aegislash\n|-activate|p2b: Aegislash|move: Protect\n|-unboost|p1a: Palafin|atk|1\n|\n|-heal|p1a: Palafin|80/100|[from] item: Leftovers\n|upkeep\n|turn|13\n|\n|t:|1776286277\n|move|p1a: Palafin|Jet Punch|p2b: Aegislash\n|-damage|p2b: Aegislash|0 fnt\n|faint|p2b: Aegislash\n|\n|win|tpgame1100\n|raw|tpgame1100's rating: 1045 &rarr; <strong>1076</strong><br />(+31 for winning)\n|raw|byoww's rating: 1018 &rarr; <strong>1006</strong><br />(-12 for losing)\n|l|\u2606byoww\n|player|p2|\n",
  "uploadtime": 1776286285,
  "views": 21,
  "formatid": "gen9championsvgc2026regma",
  "rating": 1006,
  "private": 0,
  "password": null
}