{
  "id": "gen9championsvgc2026regma-2582821758",
  "format": "[Gen 9 Champions] VGC 2026 Reg M-A",
  "players": [
    "niconicokneez",
    "ScribbleScribble"
  ],
  "log": "|j|\u2606niconicokneez\n|j|\u2606ScribbleScribble\n|t:|1776116705\n|gametype|doubles\n|player|p1|niconicokneez|265|1314\n|player|p2|ScribbleScribble|mina-lgpe|1400\n|gen|9\n|tier|[Gen 9 Champions] VGC 2026 Reg M-A\n|rated|\n|rule|Species Clause: Limit one of each Pok\u00e9mon\n|rule|Item Clause: Limit 1 of each item\n|clearpoke\n|poke|p1|Delphox, L50, M|\n|poke|p1|Meowscarada, L50, M|\n|poke|p1|Gardevoir, L50, F|\n|poke|p1|Milotic, L50, M|\n|poke|p1|Kingambit, L50, F|\n|poke|p1|Sneasler, L50, M|\n|poke|p2|Floette-Eternal, L50, F|\n|poke|p2|Sneasler, L50, F|\n|poke|p2|Aerodactyl, L50, M|\n|poke|p2|Garchomp, L50, F|\n|poke|p2|Kingambit, L50, M|\n|poke|p2|Basculegion, L50, M|\n|teampreview|4\n|inactive|Battle timer is ON: inactive players will automatically lose when time's up. (requested by ScribbleScribble)\n|inactive|niconicokneez has 60 seconds left.\n|\n|t:|1776116737\n|teamsize|p1|4\n|teamsize|p2|4\n|start\n|switch|p1a: Gardevoir|Gardevoir, L50, F|100/100\n|switch|p1b: Sneasler|Sneasler, L50, M|100/100\n|switch|p2a: Sneasler|Sneasler, L50, F|100/100\n|switch|p2b: Aerodactyl|Aerodactyl, L50, M|100/100\n|-ability|p2b: Aerodactyl|Unnerve\n|turn|1\n|\n|t:|1776116769\n|detailschange|p1a: Gardevoir|Gardevoir-Mega, L50, F\n|-mega|p1a: Gardevoir|Gardevoir|Gardevoirite\n|move|p2a: Sneasler|Fake Out|p1a: Gardevoir\n|-damage|p1a: Gardevoir|78/100\n|move|p1b: Sneasler|Fake Out|p2a: Sneasler\n|-damage|p2a: Sneasler|76/100\n|move|p2b: Aerodactyl|Dual Wingbeat|p1b: Sneasler\n|-supereffective|p1b: Sneasler|1\n|-damage|p1b: Sneasler|35/100\n|-supereffective|p1b: Sneasler|1\n|-damage|p1b: Sneasler|0 fnt\n|faint|p1b: Sneasler\n|-hitcount|p1: Sneasler|2\n|cant|p1a: Gardevoir|flinch\n|\n|upkeep\n|\n|t:|1776116780\n|switch|p1b: Milotic|Milotic, L50, M|100/100\n|turn|2\n|\n|t:|1776116788\n|switch|p1a: Kingambit|Kingambit, L50, F|100/100\n|move|p2b: Aerodactyl|Tailwind|p2b: Aerodactyl\n|-sidestart|p2: ScribbleScribble|move: Tailwind\n|move|p2a: Sneasler|Dire Claw|p1a: Kingambit\n|-immune|p1a: Kingambit\n|move|p1b: Milotic|Scald|p2b: Aerodactyl\n|-supereffective|p2b: Aerodactyl|1\n|-damage|p2b: Aerodactyl|5/100\n|\n|upkeep\n|turn|3\n|\n|t:|1776116805\n|switch|p1a: Gardevoir|Gardevoir-Mega, L50, F|78/100\n|move|p2b: Aerodactyl|Rock Slide|p1b: Milotic|[spread] p1a,p1b\n|-damage|p1a: Gardevoir|40/100\n|-damage|p1b: Milotic|78/100\n|move|p2a: Sneasler|Dire Claw|p1b: Milotic\n|-damage|p1b: Milotic|36/100\n|-status|p1b: Milotic|par\n|move|p1b: Milotic|Scald|p2a: Sneasler\n|-damage|p2a: Sneasler|33/100\n|-status|p2a: Sneasler|brn\n|\n|-damage|p2a: Sneasler|27/100 brn|[from] brn\n|upkeep\n|turn|4\n|\n|t:|1776116825\n|move|p1a: Gardevoir|Protect|p1a: Gardevoir\n|-singleturn|p1a: Gardevoir|Protect\n|cant|p1b: Milotic|par\n|move|p2b: Aerodactyl|Rock Slide|p1b: Milotic|[spread] p1b\n|-activate|p1a: Gardevoir|move: Protect\n|-damage|p1b: Milotic|15/100 par\n|move|p2a: Sneasler|Dire Claw|p1a: Gardevoir\n|-activate|p1a: Gardevoir|move: Protect\n|\n|-damage|p2a: Sneasler|22/100 brn|[from] brn\n|upkeep\n|turn|5\n|inactive|niconicokneez has 30 seconds left.\n|\n|t:|1776116852\n|switch|p1b: Kingambit|Kingambit, L50, F|100/100\n|move|p2b: Aerodactyl|Rock Slide|p1a: Gardevoir|[spread] p1b\n|-miss|p2b: Aerodactyl|p1a: Gardevoir\n|-resisted|p1b: Kingambit|1\n|-damage|p1b: Kingambit|92/100\n|move|p2a: Sneasler|Close Combat|p1a: Gardevoir\n|-resisted|p1a: Gardevoir|2\n|-damage|p1a: Gardevoir|28/100\n|-unboost|p2a: Sneasler|def|1\n|-unboost|p2a: Sneasler|spd|1\n|-enditem|p2a: Sneasler|White Herb\n|-clearnegativeboost|p2a: Sneasler|[silent]\n|move|p1a: Gardevoir|Trick Room|p1a: Gardevoir\n|-fieldstart|move: Trick Room|[of] p1a: Gardevoir\n|\n|-damage|p2a: Sneasler|16/100 brn|[from] brn\n|-sideend|p2: ScribbleScribble|move: Tailwind\n|upkeep\n|turn|6\n|\n|t:|1776116878\n|move|p1b: Kingambit|Kowtow Cleave|p2a: Sneasler\n|-resisted|p2a: Sneasler|1\n|-damage|p2a: Sneasler|0 fnt\n|faint|p2a: Sneasler\n|move|p1a: Gardevoir|Psychic|p2b: Aerodactyl\n|-damage|p2b: Aerodactyl|0 fnt\n|faint|p2b: Aerodactyl\n|\n|upkeep\n|\n|t:|1776116880\n|switch|p2a: Kingambit|Kingambit, L50, M|100/100\n|switch|p2b: Floette|Floette-Eternal, L50, F|100/100\n|turn|7\n|\n|t:|1776116894\n|switch|p1a: Milotic|Milotic, L50, M|15/100 par\n|-enditem|p1a: Milotic|Sitrus Berry|[eat]\n|-heal|p1a: Milotic|40/100 par|[from] item: Sitrus Berry\n|detailschange|p2b: Floette|Floette-Mega, L50, F\n|-mega|p2b: Floette|Floette|Floettite\n|-ability|p2b: Floette|Fairy Aura\n|move|p1b: Kingambit|Protect|p1b: Kingambit\n|-singleturn|p1b: Kingambit|Protect\n|move|p2b: Floette|Protect|p2b: Floette\n|-singleturn|p2b: Floette|Protect\n|move|p2a: Kingambit|Kowtow Cleave|p1b: Kingambit\n|-activate|p1b: Kingambit|move: Protect\n|\n|upkeep\n|turn|8\n|\n|t:|1776116909\n|move|p1a: Milotic|Helping Hand|p1b: Kingambit\n|-singleturn|p1b: Kingambit|Helping Hand|[of] p1a: Milotic\n|move|p2a: Kingambit|Iron Head|p1b: Kingambit\n|-resisted|p1b: Kingambit|1\n|-damage|p1b: Kingambit|76/100\n|move|p1b: Kingambit|Iron Head|p2b: Floette\n|-supereffective|p2b: Floette|1\n|-damage|p2b: Floette|0 fnt\n|faint|p2b: Floette\n|\n|upkeep\n|turn|9\n|\n|t:|1776116921\n|move|p1a: Milotic|Scald|p2a: Kingambit\n|-damage|p2a: Kingambit|67/100\n|move|p2a: Kingambit|Kowtow Cleave|p1a: Milotic\n|-damage|p1a: Milotic|0 fnt\n|faint|p1a: Milotic\n|move|p1b: Kingambit|Kowtow Cleave|p2a: Kingambit\n|-resisted|p2a: Kingambit|1\n|-damage|p2a: Kingambit|49/100\n|\n|-fieldend|move: Trick Room\n|upkeep\n|\n|t:|1776116929\n|switch|p1a: Gardevoir|Gardevoir-Mega, L50, F|28/100\n|turn|10\n|\n|t:|1776116935\n|move|p1a: Gardevoir|Hyper Voice|p2a: Kingambit\n|-damage|p2a: Kingambit|0 fnt\n|faint|p2a: Kingambit\n|\n|win|niconicokneez\n|raw|niconicokneez's rating: 1314 &rarr; <strong>1339</strong><br />(+25 for winning)\n|raw|ScribbleScribble's rating: 1400 &rarr; <strong>1375</strong><br />(-25 for losing)\n",
  "uploadtime": 1776116940,
  "views": 33,
  "formatid": "gen9championsvgc2026regma",
  "rating": 1339,
  "private": 0,
  "password": null
}