{
  "id": "gen9championsvgc2026regma-2581932837",
  "format": "[Gen 9 Champions] VGC 2026 Reg M-A",
  "players": [
    "thegreatcubone",
    "bioraza"
  ],
  "log": "|j|\u2606thegreatcubone\n|j|\u2606bioraza\n|t:|1776040970\n|gametype|doubles\n|player|p1|thegreatcubone|medium|1151\n|player|p2|bioraza|n-masters|1089\n|gen|9\n|tier|[Gen 9 Champions] VGC 2026 Reg M-A\n|rated|\n|rule|Species Clause: Limit one of each Pok\u00e9mon\n|rule|Item Clause: Limit 1 of each item\n|clearpoke\n|poke|p1|Meganium, L50, F|\n|poke|p1|Basculegion, L50, M|\n|poke|p1|Garchomp, L50, M|\n|poke|p1|Incineroar, L50, F|\n|poke|p1|Pelipper, L50, F|\n|poke|p1|Archaludon, L50, F|\n|poke|p2|Incineroar, L50, M|\n|poke|p2|Slowbro, L50, F|\n|poke|p2|Araquanid, L50, M|\n|poke|p2|Maushold, L50|\n|poke|p2|Toxicroak, L50, F|\n|poke|p2|Hydreigon, L50, F|\n|teampreview|4\n|inactive|Battle timer is ON: inactive players will automatically lose when time's up. (requested by bioraza)\n|inactive|bioraza has 60 seconds left.\n|inactive|thegreatcubone has 60 seconds left.\n|\n|t:|1776041014\n|teamsize|p1|4\n|teamsize|p2|4\n|start\n|switch|p1a: Incineroar|Incineroar, L50, F|100/100\n|switch|p1b: Garchomp|Garchomp, L50, M|100/100\n|switch|p2a: Toxicroak|Toxicroak, L50, F|100/100\n|switch|p2b: Slowbro|Slowbro, L50, F|100/100\n|-ability|p1a: Incineroar|Intimidate|boost\n|-unboost|p2a: Toxicroak|atk|1\n|-fail|p2b: Slowbro|unboost|Attack|[from] ability: Oblivious|[of] p2b: Slowbro\n|turn|1\n|\n|t:|1776041028\n|detailschange|p2b: Slowbro|Slowbro-Mega, L50, F\n|-mega|p2b: Slowbro|Slowbro|Slowbronite\n|move|p2a: Toxicroak|Fake Out|p1a: Incineroar\n|-damage|p1a: Incineroar|93/100\n|cant|p1a: Incineroar|flinch\n|move|p1b: Garchomp|Swords Dance|p1b: Garchomp\n|-boost|p1b: Garchomp|atk|2\n|move|p2b: Slowbro|Trick Room|p2b: Slowbro\n|-fieldstart|move: Trick Room|[of] p2b: Slowbro\n|\n|upkeep\n|turn|2\n|\n|t:|1776041050\n|switch|p2a: Araquanid|Araquanid, L50, M|100/100\n|move|p2b: Slowbro|Nasty Plot|p2b: Slowbro\n|-boost|p2b: Slowbro|spa|2\n|move|p1a: Incineroar|Throat Chop|p2b: Slowbro\n|-supereffective|p2b: Slowbro|1\n|-damage|p2b: Slowbro|57/100\n|-start|p2b: Slowbro|Throat Chop|[silent]\n|move|p1b: Garchomp|Stomping Tantrum|p2a: Araquanid\n|-resisted|p2a: Araquanid|1\n|-damage|p2a: Araquanid|74/100\n|\n|-heal|p2a: Araquanid|79/100|[from] item: Leftovers\n|upkeep\n|turn|3\n|\n|t:|1776041073\n|move|p2b: Slowbro|Surf|p1a: Incineroar|[spread] p2a,p1a,p1b\n|-resisted|p2a: Araquanid|1\n|-supereffective|p1a: Incineroar|1\n|-damage|p2a: Araquanid|48/100\n|-damage|p1a: Incineroar|0 fnt\n|-damage|p1b: Garchomp|26/100\n|-enditem|p1b: Garchomp|Sitrus Berry|[eat]\n|-heal|p1b: Garchomp|51/100|[from] item: Sitrus Berry\n|faint|p1a: Incineroar\n|move|p2a: Araquanid|Liquidation|p1b: Garchomp\n|-damage|p1b: Garchomp|9/100\n|-damage|p2a: Araquanid|36/100|[from] ability: Rough Skin|[of] p1b: Garchomp\n|move|p1b: Garchomp|Dragon Claw|p2b: Slowbro\n|-damage|p2b: Slowbro|12/100\n|\n|-heal|p2a: Araquanid|42/100|[from] item: Leftovers\n|-end|p2b: Slowbro|Throat Chop|[silent]\n|upkeep\n|\n|t:|1776041088\n|switch|p1a: Archaludon|Archaludon, L50, F|100/100\n|turn|4\n|\n|t:|1776041097\n|move|p1b: Garchomp|Protect|p1b: Garchomp\n|-singleturn|p1b: Garchomp|Protect\n|move|p2a: Araquanid|Wide Guard|p2a: Araquanid\n|-singleturn|p2a: Araquanid|Wide Guard\n|move|p2b: Slowbro|Slack Off|p2b: Slowbro\n|-heal|p2b: Slowbro|62/100\n|move|p1a: Archaludon|Dragon Pulse|p2b: Slowbro\n|-damage|p2b: Slowbro|21/100\n|\n|-heal|p2a: Araquanid|48/100|[from] item: Leftovers\n|upkeep\n|turn|5\n|\n|t:|1776041114\n|switch|p2a: Toxicroak|Toxicroak, L50, F|100/100\n|switch|p1b: Pelipper|Pelipper, L50, F|100/100\n|-weather|RainDance|[from] ability: Drizzle|[of] p1b: Pelipper\n|move|p2b: Slowbro|Surf|p1b: Pelipper|[spread] p1a,p1b\n|-immune|p2a: Toxicroak|[from] ability: Dry Skin\n|-resisted|p1a: Archaludon|1\n|-resisted|p1b: Pelipper|1\n|-damage|p1a: Archaludon|44/100\n|-damage|p1b: Pelipper|36/100\n|-ability|p1a: Archaludon|Stamina|boost\n|-boost|p1a: Archaludon|def|1\n|move|p1a: Archaludon|Electro Shot||[still]\n|-prepare|p1a: Archaludon|Electro Shot\n|-boost|p1a: Archaludon|spa|1\n|-anim|p1a: Archaludon|Electro Shot|p2b: Slowbro\n|-supereffective|p2b: Slowbro|1\n|-damage|p2b: Slowbro|0 fnt\n|faint|p2b: Slowbro\n|\n|-weather|RainDance|[upkeep]\n|-heal|p1a: Archaludon|50/100|[from] item: Leftovers\n|-fieldend|move: Trick Room\n|upkeep\n|\n|t:|1776041130\n|switch|p2b: Hydreigon|Hydreigon, L50, F|100/100\n|turn|6\n|\n|t:|1776041141\n|move|p1a: Archaludon|Protect|p1a: Archaludon\n|-singleturn|p1a: Archaludon|Protect\n|move|p2a: Toxicroak|Fake Out|p1b: Pelipper\n|-damage|p1b: Pelipper|18/100\n|move|p2b: Hydreigon|Draco Meteor|p1a: Archaludon\n|-activate|p1a: Archaludon|move: Protect\n|cant|p1b: Pelipper|flinch\n|\n|-weather|RainDance|[upkeep]\n|-heal|p1a: Archaludon|56/100|[from] item: Leftovers\n|upkeep\n|turn|7\n|\n|t:|1776041161\n|move|p2b: Hydreigon|Draco Meteor|p1a: Archaludon\n|-damage|p1a: Archaludon|0 fnt\n|-unboost|p2b: Hydreigon|spa|2\n|faint|p1a: Archaludon\n|move|p2a: Toxicroak|Knock Off|p1b: Pelipper\n|-damage|p1b: Pelipper|0 fnt\n|-enditem|p1b: Pelipper|Focus Sash|[from] move: Knock Off|[of] p2a: Toxicroak\n|faint|p1b: Pelipper\n|\n|-weather|RainDance|[upkeep]\n|upkeep\n|-message|thegreatcubone forfeited.\n|\n|win|bioraza\n|raw|thegreatcubone's rating: 1151 &rarr; <strong>1122</strong><br />(-29 for losing)\n|raw|bioraza's rating: 1089 &rarr; <strong>1120</strong><br />(+31 for winning)\n|l|\u2606thegreatcubone\n|player|p1|\n",
  "uploadtime": 1776041172,
  "views": 17,
  "formatid": "gen9championsvgc2026regma",
  "rating": 1120,
  "private": 0,
  "password": null
}