{
  "id": "gen9championsvgc2026regma-2588100117",
  "format": "[Gen 9 Champions] VGC 2026 Reg M-A",
  "players": [
    "Miurzechi",
    "DMX7Z"
  ],
  "log": "|j|\u2606Miurzechi\n|j|\u2606DMX7Z\n|t:|1776604253\n|gametype|doubles\n|player|p1|Miurzechi|266|1016\n|player|p2|DMX7Z|265|1042\n|gen|9\n|tier|[Gen 9 Champions] VGC 2026 Reg M-A\n|rated|\n|rule|Species Clause: Limit one of each Pok\u00e9mon\n|rule|Item Clause: Limit 1 of each item\n|clearpoke\n|poke|p1|Castform, L50, M|\n|poke|p1|Kingambit, L50, M|\n|poke|p1|Talonflame, L50, M|\n|poke|p1|Basculegion, L50, M|\n|poke|p1|Sneasler, L50, F|\n|poke|p1|Sinistcha, L50|\n|poke|p2|Hawlucha, L50, M|\n|poke|p2|Rotom-Wash, L50|\n|poke|p2|Garchomp, L50, M|\n|poke|p2|Aegislash, L50, M|\n|poke|p2|Ninetales-Alola, L50, F|\n|poke|p2|Incineroar, L50, F|\n|teampreview|4\n|\n|t:|1776604268\n|teamsize|p1|4\n|teamsize|p2|4\n|start\n|switch|p1a: Parsifal|Basculegion, L50, M|100/100\n|switch|p1b: Lancelot|Talonflame, L50, M|100/100\n|switch|p2a: Hawlucha|Hawlucha, L50, M|100/100\n|switch|p2b: Ninetales|Ninetales-Alola, L50, F|100/100\n|-weather|Snowscape|[from] ability: Snow Warning|[of] p2b: Ninetales\n|turn|1\n|\n|t:|1776604293\n|detailschange|p2a: Hawlucha|Hawlucha-Mega, L50, M\n|-mega|p2a: Hawlucha|Hawlucha|Hawluchanite\n|move|p1b: Lancelot|Dual Wingbeat|p2a: Hawlucha\n|-supereffective|p2a: Hawlucha|1\n|-damage|p2a: Hawlucha|62/100\n|-supereffective|p2a: Hawlucha|1\n|-damage|p2a: Hawlucha|23/100\n|-hitcount|p2a: Hawlucha|2\n|move|p1a: Parsifal|Flip Turn|p2a: Hawlucha\n|-damage|p2a: Hawlucha|0 fnt\n|faint|p2a: Hawlucha\n|\n|t:|1776604303\n|switch|p1a: King artur|Kingambit, L50, M|100/100|[from] Flip Turn\n|move|p2b: Ninetales|Moonblast|p1a: King artur\n|-damage|p1a: King artur|61/100\n|\n|-weather|Snowscape|[upkeep]\n|upkeep\n|\n|t:|1776604309\n|switch|p2a: Incineroar|Incineroar, L50, F|100/100\n|-ability|p2a: Incineroar|Intimidate|boost\n|-unboost|p1a: King artur|atk|1\n|-ability|p1a: King artur|Defiant|boost\n|-boost|p1a: King artur|atk|2\n|-unboost|p1b: Lancelot|atk|1\n|turn|2\n|\n|t:|1776604324\n|move|p2a: Incineroar|Fake Out|p1a: King artur\n|-resisted|p1a: King artur|1\n|-damage|p1a: King artur|56/100\n|move|p1b: Lancelot|Tailwind|p1b: Lancelot\n|-sidestart|p1: Miurzechi|move: Tailwind\n|move|p2b: Ninetales|Blizzard|p1a: King artur|[spread] p1a,p1b\n|-resisted|p1a: King artur|1\n|-damage|p1a: King artur|39/100\n|-damage|p1b: Lancelot|42/100\n|cant|p1a: King artur|flinch\n|\n|-weather|Snowscape|[upkeep]\n|upkeep\n|turn|3\n|inactive|Battle timer is ON: inactive players will automatically lose when time's up. (requested by DMX7Z)\n|\n|t:|1776604371\n|move|p1b: Lancelot|U-turn|p2a: Incineroar\n|-damage|p2a: Incineroar|86/100\n|\n|t:|1776604375\n|switch|p1b: Morgana|Sneasler, L50, F|100/100|[from] U-turn\n|move|p2b: Ninetales|Blizzard|p1a: King artur|[spread] p1a,p1b\n|-resisted|p1a: King artur|1\n|-damage|p1a: King artur|20/100\n|-damage|p1b: Morgana|51/100\n|move|p1a: King artur|Iron Head|p2b: Ninetales\n|-supereffective|p2b: Ninetales|2\n|-damage|p2b: Ninetales|0 fnt\n|faint|p2b: Ninetales\n|move|p2a: Incineroar|Flare Blitz|p1a: King artur\n|-supereffective|p1a: King artur|1\n|-damage|p1a: King artur|0 fnt\n|faint|p1a: King artur\n|-damage|p2a: Incineroar|78/100|[from] Recoil\n|\n|-weather|Snowscape|[upkeep]\n|-heal|p2a: Incineroar|83/100|[from] item: Leftovers\n|upkeep\n|\n|t:|1776604390\n|switch|p2b: Aegislash|Aegislash, L50, M|100/100\n|switch|p1a: Lancelot|Talonflame, L50, M|42/100\n|turn|4\n|\n|t:|1776604405\n|move|p2a: Incineroar|Protect|p2a: Incineroar\n|-singleturn|p2a: Incineroar|Protect\n|move|p2b: Aegislash|King's Shield|p2b: Aegislash\n|-singleturn|p2b: Aegislash|Protect\n|move|p1b: Morgana|Fake Out|p2a: Incineroar\n|-activate|p2a: Incineroar|move: Protect\n|move|p1a: Lancelot|Flare Blitz|p2b: Aegislash\n|-activate|p2b: Aegislash|move: Protect\n|-unboost|p1a: Lancelot|atk|1\n|\n|-weather|Snowscape|[upkeep]\n|-heal|p2a: Incineroar|89/100|[from] item: Leftovers\n|upkeep\n|turn|5\n|\n|t:|1776604429\n|move|p1a: Lancelot|Flare Blitz|p2b: Aegislash\n|-supereffective|p2b: Aegislash|1\n|-damage|p2b: Aegislash|43/100\n|-damage|p1a: Lancelot|21/100|[from] Recoil\n|move|p1b: Morgana|Close Combat|p2a: Incineroar\n|-supereffective|p2a: Incineroar|1\n|-damage|p2a: Incineroar|0 fnt\n|-unboost|p1b: Morgana|def|1\n|-unboost|p1b: Morgana|spd|1\n|faint|p2a: Incineroar\n|-enditem|p1b: Morgana|White Herb\n|-clearnegativeboost|p1b: Morgana|[silent]\n|-formechange|p2b: Aegislash|Aegislash-Blade|\n|move|p2b: Aegislash|Shadow Ball|p1a: Lancelot\n|-damage|p1a: Lancelot|0 fnt\n|faint|p1a: Lancelot\n|\n|-weather|none\n|-sideend|p1: Miurzechi|move: Tailwind\n|upkeep\n|\n|t:|1776604434\n|switch|p1a: Parsifal|Basculegion, L50, M|100/100\n|turn|6\n|inactive|DMX7Z has 30 seconds left.\n|n|\u203dDMX7Z|dmx7z\n|inactive|DMX7Z has 20 seconds left.\n|inactive|DMX7Z has 15 seconds left.\n|inactive|DMX7Z has 10 seconds left.\n|l|\u203dDMX7Z\n|inactive|DMX7Z disconnected and has a minute to reconnect!\n|player|p2|\n|inactive|DMX7Z has 5 seconds left.\n|-message|DMX7Z lost due to inactivity.\n|\n|win|Miurzechi\n",
  "uploadtime": 1776604461,
  "views": 8,
  "formatid": "gen9championsvgc2026regma",
  "rating": null,
  "private": 0,
  "password": null
}