{
  "id": "gen9championsvgc2026regma-2582483176",
  "format": "[Gen 9 Champions] VGC 2026 Reg M-A",
  "players": [
    "TurnAGaming",
    "Kior"
  ],
  "log": "|j|\u2606TurnAGaming\n|j|\u2606Kior\n|t:|1776094581\n|gametype|doubles\n|player|p1|TurnAGaming|lucas|1249\n|player|p2|Kior|guitarist-gen4|1335\n|gen|9\n|tier|[Gen 9 Champions] VGC 2026 Reg M-A\n|rated|\n|rule|Species Clause: Limit one of each Pok\u00e9mon\n|rule|Item Clause: Limit 1 of each item\n|clearpoke\n|poke|p1|Tyranitar, L50, F|\n|poke|p1|Excadrill, L50, M|\n|poke|p1|Clefable, L50, F|\n|poke|p1|Corviknight, L50, F|\n|poke|p1|Rotom-Wash, L50|\n|poke|p1|Scovillain, L50, M|\n|poke|p2|Farigiraf, L50, M|\n|poke|p2|Kingambit, L50, F|\n|poke|p2|Golurk, L50|\n|poke|p2|Drampa, L50, M|\n|poke|p2|Incineroar, L50, F|\n|poke|p2|Sinistcha, L50|\n|teampreview|4\n|\n|t:|1776094636\n|teamsize|p1|4\n|teamsize|p2|4\n|start\n|switch|p1a: Rotom|Rotom-Wash, L50|100/100\n|switch|p1b: Corviknight|Corviknight, L50, F|100/100\n|switch|p2a: Farigiraf|Farigiraf, L50, M|100/100\n|switch|p2b: Incineroar|Incineroar, L50, F|100/100\n|-ability|p2b: Incineroar|Intimidate|boost\n|-unboost|p1a: Rotom|atk|1\n|-ability|p1b: Corviknight|Mirror Armor\n|-unboost|p2b: Incineroar|atk|1\n|turn|1\n|\n|t:|1776094660\n|move|p2b: Incineroar|Fake Out|p1a: Rotom\n|-damage|p1a: Rotom|90/100\n|cant|p1a: Rotom|flinch\n|move|p1b: Corviknight|Bulk Up|p1b: Corviknight\n|-boost|p1b: Corviknight|atk|1\n|-boost|p1b: Corviknight|def|1\n|move|p2a: Farigiraf|Trick Room|p2a: Farigiraf\n|-fieldstart|move: Trick Room|[of] p2a: Farigiraf\n|\n|upkeep\n|turn|2\n|\n|t:|1776094687\n|switch|p2a: Drampa|Drampa, L50, M|100/100\n|-ability|p2a: Drampa|Cloud Nine\n|move|p2b: Incineroar|Parting Shot|p1a: Rotom\n|-unboost|p1a: Rotom|atk|1\n|-unboost|p1a: Rotom|spa|1\n|\n|t:|1776094700\n|switch|p2b: Farigiraf|Farigiraf, L50, M|100/100|[from] Parting Shot\n|move|p1b: Corviknight|Bulk Up|p1b: Corviknight\n|-boost|p1b: Corviknight|atk|1\n|-boost|p1b: Corviknight|def|1\n|move|p1a: Rotom|Trick|p2b: Farigiraf\n|-activate|p1a: Rotom|move: Trick|[of] p2b: Farigiraf\n|-item|p2b: Farigiraf|Choice Scarf|[from] move: Trick\n|-item|p1a: Rotom|Sitrus Berry|[from] move: Trick\n|\n|upkeep\n|turn|3\n|\n|t:|1776094717\n|switch|p1a: Scovillain|Scovillain, L50, M|100/100\n|detailschange|p2a: Drampa|Drampa-Mega, L50, M\n|-mega|p2a: Drampa|Drampa|Drampanite\n|move|p2b: Farigiraf|Helping Hand|p2a: Drampa\n|-singleturn|p2a: Drampa|Helping Hand|[of] p2b: Farigiraf\n|move|p2a: Drampa|Thunderbolt|p1b: Corviknight\n|-supereffective|p1b: Corviknight|1\n|-crit|p1b: Corviknight\n|-damage|p1b: Corviknight|0 fnt\n|faint|p1b: Corviknight\n|\n|-ability|p1a: Scovillain|Moody|boost\n|-boost|p1a: Scovillain|spd|2\n|-unboost|p1a: Scovillain|spa|1\n|upkeep\n|\n|t:|1776094730\n|switch|p1b: Tyranitar|Tyranitar, L50, F|100/100\n|-weather|Sandstorm|[from] ability: Sand Stream|[of] p1b: Tyranitar\n|turn|4\n|\n|t:|1776094759\n|switch|p2b: Incineroar|Incineroar, L50, F|100/100\n|-ability|p2b: Incineroar|Intimidate|boost\n|-unboost|p1a: Scovillain|atk|1\n|-unboost|p1b: Tyranitar|atk|1\n|move|p1a: Scovillain|Rage Powder|p1a: Scovillain\n|-singleturn|p1a: Scovillain|move: Rage Powder\n|move|p2a: Drampa|Ice Beam|p1a: Scovillain\n|-damage|p1a: Scovillain|77/100\n|move|p1b: Tyranitar|Dragon Dance|p1b: Tyranitar\n|-boost|p1b: Tyranitar|atk|1\n|-boost|p1b: Tyranitar|spe|1\n|\n|-weather|Sandstorm|[upkeep]\n|-damage|p2a: Drampa|95/100|[from] Sandstorm\n|-damage|p2b: Incineroar|95/100|[from] Sandstorm\n|-damage|p1a: Scovillain|71/100|[from] Sandstorm\n|-ability|p1a: Scovillain|Moody|boost\n|-boost|p1a: Scovillain|spa|2\n|-unboost|p1a: Scovillain|spd|1\n|upkeep\n|turn|5\n|\n|t:|1776094811\n|switch|p2a: Farigiraf|Farigiraf, L50, M|100/100\n|move|p1a: Scovillain|Protect|p1a: Scovillain\n|-singleturn|p1a: Scovillain|Protect\n|move|p1b: Tyranitar|Protect|p1b: Tyranitar\n|-singleturn|p1b: Tyranitar|Protect\n|move|p2b: Incineroar|Flare Blitz|p1a: Scovillain\n|-activate|p1a: Scovillain|move: Protect\n|\n|-weather|Sandstorm|[upkeep]\n|-damage|p2b: Incineroar|89/100|[from] Sandstorm\n|-damage|p1a: Scovillain|65/100|[from] Sandstorm\n|-damage|p2a: Farigiraf|94/100|[from] Sandstorm\n|-fieldend|move: Trick Room\n|-ability|p1a: Scovillain|Moody|boost\n|-boost|p1a: Scovillain|spe|2\n|-unboost|p1a: Scovillain|spd|1\n|upkeep\n|turn|6\n|\n|t:|1776094850\n|switch|p2b: Sinistcha|Sinistcha, L50|100/100\n|-heal|p2a: Farigiraf|100/100|[from] ability: Hospitality|[of] p2b: Sinistcha\n|detailschange|p1b: Tyranitar|Tyranitar-Mega, L50, F\n|-mega|p1b: Tyranitar|Tyranitar|Tyranitarite\n|move|p1a: Scovillain|Giga Drain|p2a: Farigiraf\n|-damage|p2a: Farigiraf|62/100\n|-heal|p1a: Scovillain|91/100|[from] drain|[of] p2a: Farigiraf\n|move|p1b: Tyranitar|Crunch|p2a: Farigiraf\n|-supereffective|p2a: Farigiraf|1\n|-damage|p2a: Farigiraf|0 fnt\n|faint|p2a: Farigiraf\n|\n|-weather|Sandstorm|[upkeep]\n|-damage|p1a: Scovillain|85/100|[from] Sandstorm\n|-damage|p2b: Sinistcha|94/100|[from] Sandstorm\n|-heal|p2b: Sinistcha|100/100|[from] item: Leftovers\n|-ability|p1a: Scovillain|Moody|boost\n|-boost|p1a: Scovillain|spa|2\n|-unboost|p1a: Scovillain|def|1\n|upkeep\n|\n|t:|1776094869\n|switch|p2a: Incineroar|Incineroar, L50, F|89/100\n|-ability|p2a: Incineroar|Intimidate|boost\n|-unboost|p1a: Scovillain|atk|1\n|-unboost|p1b: Tyranitar|atk|1\n|turn|7\n|\n|t:|1776094883\n|move|p2a: Incineroar|Fake Out|p1b: Tyranitar\n|-resisted|p1b: Tyranitar|1\n|-damage|p1b: Tyranitar|97/100\n|move|p1a: Scovillain|Flamethrower|p2b: Sinistcha\n|-supereffective|p2b: Sinistcha|1\n|-damage|p2b: Sinistcha|0 fnt\n|faint|p2b: Sinistcha\n|cant|p1b: Tyranitar|flinch\n|\n|-weather|Sandstorm|[upkeep]\n|-damage|p1a: Scovillain|79/100|[from] Sandstorm\n|-damage|p2a: Incineroar|83/100|[from] Sandstorm\n|-ability|p1a: Scovillain|Moody|boost\n|-boost|p1a: Scovillain|def|2\n|-unboost|p1a: Scovillain|spe|1\n|upkeep\n|\n|t:|1776094895\n|switch|p2b: Drampa|Drampa-Mega, L50, M|95/100\n|turn|8\n|\n|t:|1776094906\n|move|p2b: Drampa|Protect|p2b: Drampa\n|-singleturn|p2b: Drampa|Protect\n|move|p1a: Scovillain|Rage Powder|p1a: Scovillain\n|-singleturn|p1a: Scovillain|move: Rage Powder\n|move|p1b: Tyranitar|Dragon Dance|p1b: Tyranitar\n|-boost|p1b: Tyranitar|atk|1\n|-boost|p1b: Tyranitar|spe|1\n|move|p2a: Incineroar|Parting Shot|p1a: Scovillain\n|-unboost|p1a: Scovillain|atk|1\n|-unboost|p1a: Scovillain|spa|1\n|\n|-weather|none\n|-ability|p1a: Scovillain|Moody|boost\n|-boost|p1a: Scovillain|spa|2\n|-unboost|p1a: Scovillain|def|1\n|upkeep\n|turn|9\n|\n|t:|1776094929\n|move|p1b: Tyranitar|Rock Slide|p2b: Drampa|[spread] p2a,p2b\n|-supereffective|p2a: Incineroar|1\n|-crit|p2b: Drampa\n|-damage|p2a: Incineroar|22/100\n|-damage|p2b: Drampa|39/100\n|-ability|p2b: Drampa|Berserk|boost\n|-boost|p2b: Drampa|spa|1\n|move|p1a: Scovillain|Flamethrower|p2b: Drampa\n|-resisted|p2b: Drampa|1\n|-damage|p2b: Drampa|0 fnt\n|faint|p2b: Drampa\n|move|p2a: Incineroar|Flare Blitz|p1a: Scovillain\n|-damage|p1a: Scovillain|14/100\n|-damage|p2a: Incineroar|4/100|[from] Recoil\n|\n|-ability|p1a: Scovillain|Moody|boost\n|-boost|p1a: Scovillain|spa|2\n|-unboost|p1a: Scovillain|spe|1\n|upkeep\n|turn|10\n|-message|Kior forfeited.\n|\n|win|TurnAGaming\n|raw|TurnAGaming's rating: 1249 &rarr; <strong>1280</strong><br />(+31 for winning)\n|raw|Kior's rating: 1335 &rarr; <strong>1310</strong><br />(-25 for losing)\n|l|\u2606Kior\n|player|p2|\n",
  "uploadtime": 1776094952,
  "views": 28,
  "formatid": "gen9championsvgc2026regma",
  "rating": 1280,
  "private": 0,
  "password": null
}