{
  "id": "gen9championsvgc2026regma-2582651471",
  "format": "[Gen 9 Champions] VGC 2026 Reg M-A",
  "players": [
    "Foxtrot08020611",
    "rugshaker"
  ],
  "log": "|j|\u2606Foxtrot08020611\n|j|\u2606rugshaker\n|t:|1776105028\n|gametype|doubles\n|player|p1|Foxtrot08020611|iris-gen5bw2|1048\n|player|p2|rugshaker|lillie-z|1018\n|gen|9\n|tier|[Gen 9 Champions] VGC 2026 Reg M-A\n|rated|\n|rule|Species Clause: Limit one of each Pok\u00e9mon\n|rule|Item Clause: Limit 1 of each item\n|clearpoke\n|poke|p1|Vanilluxe, L50, F|\n|poke|p1|Ninetales-Alola, L50, F|\n|poke|p1|Froslass, L50, F|\n|poke|p1|Araquanid, L50, F|\n|poke|p1|Klefki, L50, F|\n|poke|p1|Incineroar, L50, M|\n|poke|p2|Hawlucha, L50, F|\n|poke|p2|Excadrill, L50, M|\n|poke|p2|Whimsicott, L50, F|\n|poke|p2|Gengar, L50, F|\n|poke|p2|Incineroar, L50, F|\n|poke|p2|Sneasler, L50, M|\n|teampreview|4\n|inactive|Battle timer is ON: inactive players will automatically lose when time's up. (requested by rugshaker)\n|inactive|Foxtrot08020611 has 60 seconds left.\n|inactive|Foxtrot08020611 has 30 seconds left.\n|\n|t:|1776105113\n|teamsize|p1|4\n|teamsize|p2|4\n|start\n|switch|p1a: Ninetales|Ninetales-Alola, L50, F, shiny|100/100\n|switch|p1b: Klefki|Klefki, L50, F, shiny|100/100\n|switch|p2a: Hawlucha|Hawlucha, L50, F|100/100\n|switch|p2b: Incineroar|Incineroar, L50, F|100/100\n|-ability|p2a: Hawlucha|Mold Breaker\n|-weather|Snowscape|[from] ability: Snow Warning|[of] p1a: Ninetales\n|-ability|p2b: Incineroar|Intimidate|boost\n|-unboost|p1a: Ninetales|atk|1\n|-unboost|p1b: Klefki|atk|1\n|turn|1\n|\n|t:|1776105129\n|switch|p2b: Excadrill|Excadrill, L50, M|100/100\n|-ability|p2b: Excadrill|Mold Breaker\n|detailschange|p2a: Hawlucha|Hawlucha-Mega, L50, F\n|-mega|p2a: Hawlucha|Hawlucha|Hawluchanite\n|move|p2a: Hawlucha|Entrainment|p2b: Excadrill\n|-ability|p2b: Excadrill|No Guard|Mold Breaker|[from] move: Entrainment|[of] p2a: Hawlucha\n|move|p1a: Ninetales|Aurora Veil|p1a: Ninetales\n|-sidestart|p1: Foxtrot08020611|move: Aurora Veil\n|move|p1b: Klefki|Trick Room|p1b: Klefki\n|-fieldstart|move: Trick Room|[of] p1b: Klefki\n|\n|-weather|Snowscape|[upkeep]\n|upkeep\n|turn|2\n|inactive|Foxtrot08020611 has 30 seconds left.\n|\n|t:|1776105158\n|switch|p1b: Araquanid|Araquanid, L50, F, shiny|100/100\n|switch|p2a: Incineroar|Incineroar, L50, F|100/100\n|-ability|p2a: Incineroar|Intimidate|boost\n|-unboost|p1a: Ninetales|atk|1\n|-unboost|p1b: Araquanid|atk|1\n|move|p1a: Ninetales|Calm Mind|p1a: Ninetales\n|-boost|p1a: Ninetales|spa|1\n|-boost|p1a: Ninetales|spd|1\n|move|p2b: Excadrill|Horn Drill|p1a: Ninetales\n|-enditem|p1a: Ninetales|Focus Sash\n|-damage|p1a: Ninetales|1/100\n|\n|-weather|Snowscape|[upkeep]\n|upkeep\n|turn|3\n|inactive|Foxtrot08020611 has 30 seconds left.\n|\n|t:|1776105187\n|move|p1b: Araquanid|Protect|p1b: Araquanid\n|-singleturn|p1b: Araquanid|Protect\n|move|p2a: Incineroar|Fake Out|p1a: Ninetales\n|-damage|p1a: Ninetales|0 fnt\n|faint|p1a: Ninetales\n|move|p2b: Excadrill|Horn Drill|p1b: Araquanid\n|-activate|p1b: Araquanid|move: Protect\n|\n|-weather|Snowscape|[upkeep]\n|upkeep\n|\n|t:|1776105195\n|switch|p1a: Vanilluxe|Vanilluxe, L50, F, shiny|100/100\n|turn|4\n|inactive|rugshaker has 30 seconds left.\n|\n|t:|1776105226\n|switch|p2a: Gengar|Gengar, L50, F|100/100\n|move|p2b: Excadrill|Protect|p2b: Excadrill\n|-singleturn|p2b: Excadrill|Protect\n|move|p1b: Araquanid|Liquidation|p2b: Excadrill\n|-activate|p2b: Excadrill|move: Protect\n|move|p1a: Vanilluxe|Blizzard|p2b: Excadrill|[spread] p2a\n|-activate|p2b: Excadrill|move: Protect\n|-damage|p2a: Gengar|15/100\n|\n|-weather|Snowscape|[upkeep]\n|upkeep\n|turn|5\n|inactive|Foxtrot08020611 has 30 seconds left.\n|inactive|rugshaker has 30 seconds left.\n|inactive|Foxtrot08020611 has 20 seconds left.\n|\n|t:|1776105264\n|switch|p2b: Incineroar|Incineroar, L50, F|100/100\n|-ability|p2b: Incineroar|Intimidate|boost\n|-unboost|p1a: Vanilluxe|atk|1\n|-unboost|p1b: Araquanid|atk|1\n|move|p2a: Gengar|Protect|p2a: Gengar\n|-singleturn|p2a: Gengar|Protect\n|move|p1b: Araquanid|Liquidation|p2b: Incineroar\n|-supereffective|p2b: Incineroar|1\n|-damage|p2b: Incineroar|26/100\n|-enditem|p2b: Incineroar|Sitrus Berry|[eat]\n|-heal|p2b: Incineroar|51/100|[from] item: Sitrus Berry\n|move|p1a: Vanilluxe|Blizzard|p2b: Incineroar|[spread] p2b\n|-activate|p2a: Gengar|move: Protect\n|-resisted|p2b: Incineroar|1\n|-damage|p2b: Incineroar|29/100\n|\n|-weather|none\n|-sideend|p1: Foxtrot08020611|move: Aurora Veil\n|-fieldend|move: Trick Room\n|upkeep\n|turn|6\n|\n|t:|1776105285\n|switch|p1a: Klefki|Klefki, L50, F, shiny|100/100\n|move|p1b: Araquanid|Protect|p1b: Araquanid\n|-singleturn|p1b: Araquanid|Protect\n|move|p2b: Incineroar|Fake Out|p1b: Araquanid\n|-activate|p1b: Araquanid|move: Protect\n|move|p2a: Gengar|Perish Song|p2a: Gengar\n|-start|p1a: Klefki|perish3|[silent]\n|-start|p1b: Araquanid|perish3|[silent]\n|-start|p2a: Gengar|perish3|[silent]\n|-start|p2b: Incineroar|perish3|[silent]\n|-fieldactivate|move: Perish Song\n|\n|-start|p2a: Gengar|perish3\n|-start|p1a: Klefki|perish3\n|-start|p2b: Incineroar|perish3\n|-start|p1b: Araquanid|perish3\n|upkeep\n|turn|7\n|\n|t:|1776105310\n|move|p2a: Gengar|Shadow Ball|p1a: Klefki\n|-damage|p1a: Klefki|58/100\n|move|p2b: Incineroar|Flare Blitz|p1a: Klefki\n|-supereffective|p1a: Klefki|1\n|-enditem|p1a: Klefki|Occa Berry|[eat]\n|-enditem|p1a: Klefki|Occa Berry|[weaken]\n|-damage|p1a: Klefki|0 fnt\n|faint|p1a: Klefki\n|-damage|p2b: Incineroar|12/100|[from] Recoil\n|move|p1b: Araquanid|Liquidation|p2b: Incineroar\n|-supereffective|p2b: Incineroar|1\n|-damage|p2b: Incineroar|0 fnt\n|faint|p2b: Incineroar\n|\n|-start|p2a: Gengar|perish2\n|-start|p1b: Araquanid|perish2\n|upkeep\n|\n|t:|1776105326\n|switch|p1a: Vanilluxe|Vanilluxe, L50, F, shiny|100/100\n|switch|p2b: Hawlucha|Hawlucha-Mega, L50, F|100/100\n|-weather|Snowscape|[from] ability: Snow Warning|[of] p1a: Vanilluxe\n|turn|8\n|\n|t:|1776105345\n|move|p2b: Hawlucha|Protect|p2b: Hawlucha\n|-singleturn|p2b: Hawlucha|Protect\n|move|p1a: Vanilluxe|Protect|p1a: Vanilluxe\n|-singleturn|p1a: Vanilluxe|Protect\n|move|p2a: Gengar|Perish Song|p2a: Gengar\n|-start|p1a: Vanilluxe|perish3|[silent]\n|-start|p2b: Hawlucha|perish3|[silent]\n|-fieldactivate|move: Perish Song\n|move|p1b: Araquanid|Icy Wind|p2b: Hawlucha|[spread] p2a\n|-activate|p2b: Hawlucha|move: Protect\n|-damage|p2a: Gengar|6/100\n|-unboost|p2a: Gengar|spe|1\n|\n|-weather|Snowscape|[upkeep]\n|-start|p2b: Hawlucha|perish3\n|-start|p2a: Gengar|perish1\n|-start|p1a: Vanilluxe|perish3\n|-start|p1b: Araquanid|perish1\n|upkeep\n|turn|9\n|inactive|rugshaker has 30 seconds left.\n|\n|t:|1776105375\n|move|p2b: Hawlucha|Cross Chop|p1a: Vanilluxe\n|-supereffective|p1a: Vanilluxe|1\n|-damage|p1a: Vanilluxe|33/100\n|move|p2a: Gengar|Shadow Ball|p1a: Vanilluxe\n|-damage|p1a: Vanilluxe|0 fnt\n|faint|p1a: Vanilluxe\n|move|p1b: Araquanid|Icy Wind|p2a: Gengar|[spread] p2a,p2b\n|-supereffective|p2b: Hawlucha|1\n|-damage|p2a: Gengar|0 fnt\n|-damage|p2b: Hawlucha|90/100\n|-unboost|p2b: Hawlucha|spe|1\n|faint|p2a: Gengar\n|\n|-weather|Snowscape|[upkeep]\n|-start|p2b: Hawlucha|perish2\n|-start|p1b: Araquanid|perish0\n|upkeep\n|faint|p1b: Araquanid\n|\n|win|rugshaker\n|raw|Foxtrot08020611's rating: 1048 &rarr; <strong>1029</strong><br />(-19 for losing)\n|raw|rugshaker's rating: 1018 &rarr; <strong>1059</strong><br />(+41 for winning)\n|c|\u2606rugshaker|gg\n|l|\u2606Foxtrot08020611\n|player|p1|\n",
  "uploadtime": 1776105396,
  "views": 14,
  "formatid": "gen9championsvgc2026regma",
  "rating": 1029,
  "private": 0,
  "password": null
}