{
  "id": "gen9championsvgc2026regma-2581462525",
  "format": "[Gen 9 Champions] VGC 2026 Reg M-A",
  "players": [
    "Jiangchi",
    "Kojiiii"
  ],
  "log": "|j|\u2606Jiangchi\n|j|\u2606Kojiiii\n|t:|1776002778\n|gametype|doubles\n|player|p1|Jiangchi|sage|1115\n|player|p2|Kojiiii|266|1164\n|gen|9\n|tier|[Gen 9 Champions] VGC 2026 Reg M-A\n|rated|\n|rule|Species Clause: Limit one of each Pok\u00e9mon\n|rule|Item Clause: Limit 1 of each item\n|clearpoke\n|poke|p1|Zoroark-Hisui, L50, M|\n|poke|p1|Palafin, L50, M|\n|poke|p1|Aegislash, L50, F|\n|poke|p1|Kangaskhan, L50, F|\n|poke|p1|Victreebel, L50, F|\n|poke|p1|Sneasler, L50, M|\n|poke|p2|Incineroar, L50, M|\n|poke|p2|Pelipper, L50, F|\n|poke|p2|Sneasler, L50, F|\n|poke|p2|Floette-Eternal, L50, F|\n|poke|p2|Archaludon, L50, M|\n|poke|p2|Sinistcha, L50|\n|teampreview|4\n|\n|t:|1776002820\n|teamsize|p1|4\n|teamsize|p2|4\n|start\n|switch|p1a: Kangaskhan|Kangaskhan, L50, F, shiny|100/100\n|switch|p1b: Palafin|Palafin, L50, M, shiny|100/100\n|switch|p2a: Incineroar|Incineroar, L50, M, shiny|100/100\n|switch|p2b: Archaludon|Archaludon, L50, M, shiny|100/100\n|-ability|p2a: Incineroar|Intimidate|boost\n|-unboost|p1a: Kangaskhan|atk|1\n|-unboost|p1b: Palafin|atk|1\n|turn|1\n|\n|t:|1776002868\n|detailschange|p1b: Palafin|Palafin-Hero, L50, M, shiny\n|switch|p1b: Aegislash|Aegislash, L50, F, shiny|100/100\n|switch|p2a: Sinistcha|Sinistcha, L50|100/100\n|move|p1a: Kangaskhan|Icy Wind|p2a: Sinistcha|[spread] p2a,p2b\n|-supereffective|p2a: Sinistcha|1\n|-damage|p2a: Sinistcha|78/100\n|-damage|p2b: Archaludon|88/100\n|-unboost|p2a: Sinistcha|spe|1\n|-unboost|p2b: Archaludon|spe|1\n|-ability|p2b: Archaludon|Stamina|boost\n|-boost|p2b: Archaludon|def|1\n|move|p2b: Archaludon|Dragon Pulse|p1a: Kangaskhan\n|-damage|p1a: Kangaskhan|36/100\n|replace|p1a: Zoroark|Zoroark-Hisui, L50, M, shiny\n|-end|p1a: Zoroark|Illusion\n|\n|-heal|p2b: Archaludon|94/100|[from] item: Leftovers\n|upkeep\n|turn|2\n|\n|t:|1776002897\n|switch|p2a: Incineroar|Incineroar, L50, M, shiny|100/100\n|-ability|p2a: Incineroar|Intimidate|boost\n|-unboost|p1a: Zoroark|atk|1\n|-unboost|p1b: Aegislash|atk|1\n|move|p1a: Zoroark|Protect|p1a: Zoroark\n|-singleturn|p1a: Zoroark|Protect\n|move|p1b: Aegislash|Swords Dance|p1b: Aegislash\n|-boost|p1b: Aegislash|atk|2\n|move|p2b: Archaludon|Dragon Pulse|p1a: Zoroark\n|-activate|p1a: Zoroark|move: Protect\n|\n|-heal|p2b: Archaludon|99/100|[from] item: Leftovers\n|upkeep\n|turn|3\n|\n|t:|1776002934\n|move|p1b: Aegislash|King's Shield|p1b: Aegislash\n|-singleturn|p1b: Aegislash|Protect\n|move|p1a: Zoroark|Icy Wind|p2a: Incineroar|[spread] p2a,p2b\n|-resisted|p2a: Incineroar|1\n|-damage|p2a: Incineroar|94/100\n|-damage|p2b: Archaludon|88/100\n|-unboost|p2a: Incineroar|spe|1\n|-unboost|p2b: Archaludon|spe|1\n|-ability|p2b: Archaludon|Stamina|boost\n|-boost|p2b: Archaludon|def|1\n|move|p2a: Incineroar|Darkest Lariat|p1a: Zoroark\n|-supereffective|p1a: Zoroark|1\n|-damage|p1a: Zoroark|0 fnt\n|faint|p1a: Zoroark\n|move|p2b: Archaludon|Dragon Pulse|p1b: Aegislash\n|-activate|p1b: Aegislash|move: Protect\n|\n|-heal|p2b: Archaludon|94/100|[from] item: Leftovers\n|upkeep\n|\n|t:|1776002949\n|switch|p1a: Kangaskhan|Kangaskhan, L50, F, shiny|100/100\n|turn|4\n|\n|t:|1776002970\n|switch|p2a: Sinistcha|Sinistcha, L50|78/100\n|-heal|p2b: Archaludon|100/100|[from] ability: Hospitality|[of] p2a: Sinistcha\n|move|p2b: Archaludon|Protect|p2b: Archaludon\n|-singleturn|p2b: Archaludon|Protect\n|move|p1a: Kangaskhan|Fake Out|p2b: Archaludon\n|-activate|p2b: Archaludon|move: Protect\n|move|p1b: Aegislash|Swords Dance|p1b: Aegislash\n|-boost|p1b: Aegislash|atk|2\n|\n|upkeep\n|turn|5\n|\n|t:|1776002993\n|switch|p2a: Incineroar|Incineroar, L50, M, shiny|94/100\n|-ability|p2a: Incineroar|Intimidate|boost\n|-fail|p1a: Kangaskhan|unboost|Attack|[from] ability: Scrappy|[of] p1a: Kangaskhan\n|-unboost|p1b: Aegislash|atk|1\n|move|p1a: Kangaskhan|Sucker Punch||[still]\n|-fail|p1a: Kangaskhan\n|move|p1b: Aegislash|Swords Dance|p1b: Aegislash\n|-boost|p1b: Aegislash|atk|2\n|move|p2b: Archaludon|Dragon Pulse|p1a: Kangaskhan\n|-damage|p1a: Kangaskhan|59/100\n|\n|upkeep\n|turn|6\n|\n|t:|1776003009\n|detailschange|p1a: Kangaskhan|Kangaskhan-Mega, L50, F, shiny\n|-mega|p1a: Kangaskhan|Kangaskhan|Kangaskhanite\n|move|p1a: Kangaskhan|Protect|p1a: Kangaskhan\n|-singleturn|p1a: Kangaskhan|Protect\n|move|p2b: Archaludon|Protect|p2b: Archaludon\n|-singleturn|p2b: Archaludon|Protect\n|move|p2a: Incineroar|Parting Shot|p1b: Aegislash\n|-unboost|p1b: Aegislash|atk|1\n|-unboost|p1b: Aegislash|spa|1\n|\n|t:|1776003019\n|switch|p2a: Sinistcha|Sinistcha, L50|78/100|[from] Parting Shot\n|move|p1b: Aegislash|Swords Dance|p1b: Aegislash\n|-boost|p1b: Aegislash|atk|2\n|\n|upkeep\n|turn|7\n|\n|t:|1776003034\n|switch|p2a: Incineroar|Incineroar, L50, M, shiny|94/100\n|-ability|p2a: Incineroar|Intimidate|boost\n|-unboost|p1a: Kangaskhan|atk|1\n|-unboost|p1b: Aegislash|atk|1\n|move|p1a: Kangaskhan|Sucker Punch||[still]\n|-fail|p1a: Kangaskhan\n|move|p1b: Aegislash|Swords Dance|p1b: Aegislash\n|-boost|p1b: Aegislash|atk|2\n|move|p2b: Archaludon|Dragon Pulse|p1a: Kangaskhan\n|-damage|p1a: Kangaskhan|25/100\n|\n|upkeep\n|turn|8\n|\n|t:|1776003049\n|switch|p1a: Palafin|Palafin-Hero, L50, M, shiny|100/100\n|-activate|p1a: Palafin|ability: Zero to Hero\n|move|p2b: Archaludon|Protect|p2b: Archaludon\n|-singleturn|p2b: Archaludon|Protect\n|move|p2a: Incineroar|Parting Shot|p1b: Aegislash\n|-unboost|p1b: Aegislash|atk|1\n|-unboost|p1b: Aegislash|spa|1\n|\n|t:|1776003060\n|switch|p2a: Sinistcha|Sinistcha, L50|78/100|[from] Parting Shot\n|move|p1b: Aegislash|Swords Dance|p1b: Aegislash\n|-boost|p1b: Aegislash|atk|1\n|\n|upkeep\n|turn|9\n|inactive|Battle timer is ON: inactive players will automatically lose when time's up. (requested by Jiangchi)\n|\n|t:|1776003105\n|switch|p2a: Pelipper|Pelipper, L50, F, shiny|100/100\n|-weather|RainDance|[from] ability: Drizzle|[of] p2a: Pelipper\n|move|p1b: Aegislash|King's Shield|p1b: Aegislash\n|-singleturn|p1b: Aegislash|Protect\n|move|p1a: Palafin|Jet Punch|p2a: Pelipper\n|-resisted|p2a: Pelipper|1\n|-damage|p2a: Pelipper|63/100\n|move|p2b: Archaludon|Electro Shot||[still]\n|-prepare|p2b: Archaludon|Electro Shot\n|-boost|p2b: Archaludon|spa|1\n|-anim|p2b: Archaludon|Electro Shot|p1a: Palafin\n|-supereffective|p1a: Palafin|1\n|-damage|p1a: Palafin|0 fnt\n|faint|p1a: Palafin\n|\n|-weather|RainDance|[upkeep]\n|upkeep\n|\n|t:|1776003112\n|switch|p1a: Kangaskhan|Kangaskhan-Mega, L50, F, shiny|25/100\n|turn|10\n|\n|t:|1776003127\n|switch|p2a: Incineroar|Incineroar, L50, M, shiny|94/100\n|-ability|p2a: Incineroar|Intimidate|boost\n|-unboost|p1a: Kangaskhan|atk|1\n|-unboost|p1b: Aegislash|atk|1\n|move|p2b: Archaludon|Protect|p2b: Archaludon\n|-singleturn|p2b: Archaludon|Protect\n|move|p1a: Kangaskhan|Fake Out|p2a: Incineroar\n|-damage|p2a: Incineroar|82/100\n|-damage|p2a: Incineroar|79/100\n|-hitcount|p2a: Incineroar|2\n|-formechange|p1b: Aegislash|Aegislash-Blade|\n|move|p1b: Aegislash|Iron Head|p2b: Archaludon\n|-activate|p2b: Archaludon|move: Protect\n|\n|-weather|RainDance|[upkeep]\n|upkeep\n|turn|11\n|\n|t:|1776003145\n|move|p1a: Kangaskhan|Protect|p1a: Kangaskhan\n|-singleturn|p1a: Kangaskhan|Protect\n|-formechange|p1b: Aegislash|Aegislash|\n|move|p1b: Aegislash|King's Shield|p1b: Aegislash\n|-singleturn|p1b: Aegislash|Protect\n|move|p2a: Incineroar|Parting Shot|p1b: Aegislash\n|-unboost|p1b: Aegislash|atk|1\n|-unboost|p1b: Aegislash|spa|1\n|\n|t:|1776003159\n|switch|p2a: Sinistcha|Sinistcha, L50|78/100|[from] Parting Shot\n|move|p2b: Archaludon|Electro Shot||[still]\n|-prepare|p2b: Archaludon|Electro Shot\n|-boost|p2b: Archaludon|spa|1\n|-anim|p2b: Archaludon|Electro Shot|p1a: Kangaskhan\n|-activate|p1a: Kangaskhan|move: Protect\n|\n|-weather|RainDance|[upkeep]\n|upkeep\n|turn|12\n|\n|t:|1776003174\n|switch|p2a: Incineroar|Incineroar, L50, M, shiny|79/100\n|-ability|p2a: Incineroar|Intimidate|boost\n|-unboost|p1a: Kangaskhan|atk|1\n|-unboost|p1b: Aegislash|atk|1\n|move|p1a: Kangaskhan|Double-Edge|p2a: Incineroar\n|-damage|p2a: Incineroar|54/100\n|-damage|p2a: Incineroar|47/100\n|-hitcount|p2a: Incineroar|2\n|-damage|p1a: Kangaskhan|16/100|[from] Recoil\n|move|p1b: Aegislash|Swords Dance|p1b: Aegislash\n|-boost|p1b: Aegislash|atk|2\n|move|p2b: Archaludon|Electro Shot||[still]\n|-prepare|p2b: Archaludon|Electro Shot\n|-boost|p2b: Archaludon|spa|1\n|-anim|p2b: Archaludon|Electro Shot|p1a: Kangaskhan\n|-damage|p1a: Kangaskhan|0 fnt\n|faint|p1a: Kangaskhan\n|\n|-weather|RainDance|[upkeep]\n|upkeep\n|turn|13\n|\n|t:|1776003196\n|-formechange|p1b: Aegislash|Aegislash-Blade|\n|move|p1b: Aegislash|Shadow Sneak|p2a: Incineroar\n|-resisted|p2a: Incineroar|1\n|-damage|p2a: Incineroar|4/100\n|move|p2a: Incineroar|Parting Shot|p1b: Aegislash\n|-unboost|p1b: Aegislash|atk|1\n|-unboost|p1b: Aegislash|spa|1\n|\n|t:|1776003204\n|switch|p2a: Sinistcha|Sinistcha, L50|78/100|[from] Parting Shot\n|move|p2b: Archaludon|Electro Shot||[still]\n|-prepare|p2b: Archaludon|Electro Shot\n|-boost|p2b: Archaludon|spa|1\n|-anim|p2b: Archaludon|Electro Shot|p1b: Aegislash\n|-crit|p1b: Aegislash\n|-damage|p1b: Aegislash|0 fnt\n|faint|p1b: Aegislash\n|\n|win|Kojiiii\n|raw|Jiangchi's rating: 1115 &rarr; <strong>1094</strong><br />(-21 for losing)\n|raw|Kojiiii's rating: 1164 &rarr; <strong>1185</strong><br />(+21 for winning)\n|l|\u2606Jiangchi\n|player|p1|\n",
  "uploadtime": 1776003221,
  "views": 28,
  "formatid": "gen9championsvgc2026regma",
  "rating": 1094,
  "private": 0,
  "password": null
}