{
  "id": "gen9championsvgc2026regma-2582979931",
  "format": "[Gen 9 Champions] VGC 2026 Reg M-A",
  "players": [
    "CirclesOfSwellow",
    "nickzwr"
  ],
  "log": "|j|\u2606CirclesOfSwellow\n|j|\u2606nickzwr\n|t:|1776130372\n|gametype|doubles\n|player|p1|CirclesOfSwellow|barry|1069\n|player|p2|nickzwr|gambler|1083\n|gen|9\n|tier|[Gen 9 Champions] VGC 2026 Reg M-A\n|rated|\n|rule|Species Clause: Limit one of each Pok\u00e9mon\n|rule|Item Clause: Limit 1 of each item\n|clearpoke\n|poke|p1|Noivern, L50, F|\n|poke|p1|Basculegion, L50, M|\n|poke|p1|Meganium, L50, F|\n|poke|p1|Meowstic, L50, M|\n|poke|p1|Sinistcha, L50|\n|poke|p1|Incineroar, L50, M|\n|poke|p2|Dragonite, L50, F|\n|poke|p2|Basculegion, L50, M|\n|poke|p2|Incineroar, L50, F|\n|poke|p2|Pelipper, L50, F|\n|poke|p2|Gengar, L50, F|\n|poke|p2|Clefable, L50, F|\n|teampreview|4\n|inactive|Battle timer is ON: inactive players will automatically lose when time's up. (requested by CirclesOfSwellow)\nCirclesOfSwellow rejected open team sheets.\n|\n|t:|1776130389\n|teamsize|p1|4\n|teamsize|p2|4\n|start\n|switch|p1a: Noivern|Noivern, L50, F|100/100\n|switch|p1b: Meowstic|Meowstic, L50, M|100/100\n|switch|p2a: Gengar|Gengar, L50, F, shiny|100/100\n|switch|p2b: Incineroar|Incineroar, L50, F, shiny|100/100\n|-item|p2a: Gengar|Gengarite|[from] ability: Frisk|[of] p1a: Noivern\n|-item|p2b: Incineroar|Chople Berry|[from] ability: Frisk|[of] p1a: Noivern\n|-ability|p2b: Incineroar|Intimidate|boost\n|-unboost|p1a: Noivern|atk|1\n|-unboost|p1b: Meowstic|atk|1\n|-enditem|p1a: Noivern|White Herb\n|-clearnegativeboost|p1a: Noivern|[silent]\n|turn|1\n|inactive|CirclesOfSwellow has 30 seconds left.\n|inactive|CirclesOfSwellow has 20 seconds left.\n|inactive|CirclesOfSwellow has 15 seconds left.\n|inactive|CirclesOfSwellow has 10 seconds left.\n|\n|t:|1776130439\n|switch|p1a: Basculegion|Basculegion, L50, M|100/100\n|detailschange|p2a: Gengar|Gengar-Mega, L50, F, shiny\n|-mega|p2a: Gengar|Gengar|Gengarite\n|move|p2a: Gengar|Protect|p2a: Gengar\n|-singleturn|p2a: Gengar|Protect\n|move|p1b: Meowstic|Fake Out|p2b: Incineroar\n|-damage|p2b: Incineroar|97/100\n|cant|p2b: Incineroar|flinch\n|\n|upkeep\n|turn|2\n|\n|t:|1776130454\n|move|p1b: Meowstic|Rain Dance|p1b: Meowstic\n|-weather|RainDance\n|move|p1a: Basculegion|Wave Crash|p2a: Gengar\n|-damage|p2a: Gengar|0 fnt\n|faint|p2a: Gengar\n|-damage|p1a: Basculegion|79/100|[from] Recoil\n|move|p2b: Incineroar|Darkest Lariat|p1b: Meowstic\n|-supereffective|p1b: Meowstic|1\n|-damage|p1b: Meowstic|34/100\n|\n|-weather|RainDance|[upkeep]\n|upkeep\n|\n|t:|1776130467\n|switch|p2a: Basculegion|Basculegion, L50, M|100/100\n|turn|3\n|\n|t:|1776130486\n|move|p2a: Basculegion|Aqua Jet|p1b: Meowstic\n|-damage|p1b: Meowstic|3/100\n|move|p1b: Meowstic|Fake Tears|p2a: Basculegion\n|-unboost|p2a: Basculegion|spd|2\n|move|p1a: Basculegion|Flip Turn|p2a: Basculegion\n|-resisted|p2a: Basculegion|1\n|-damage|p2a: Basculegion|70/100\n|\n|t:|1776130494\n|switch|p1a: Meganium|Meganium, L50, F|100/100|[from] Flip Turn\n|move|p2b: Incineroar|Darkest Lariat|p1a: Meganium\n|-damage|p1a: Meganium|60/100\n|\n|-weather|RainDance|[upkeep]\n|upkeep\n|turn|4\n|\n|t:|1776130518\n|switch|p1b: Noivern|Noivern, L50, F|100/100\n|-item|p2a: Basculegion|Mystic Water|[from] ability: Frisk|[of] p1b: Noivern\n|-item|p2b: Incineroar|Chople Berry|[from] ability: Frisk|[of] p1b: Noivern\n|detailschange|p1a: Meganium|Meganium-Mega, L50, F\n|-mega|p1a: Meganium|Meganium|Meganiumite\n|move|p2a: Basculegion|Flip Turn|p1b: Noivern\n|-resisted|p1b: Noivern|1\n|-damage|p1b: Noivern|63/100\n|\n|t:|1776130529\n|switch|p2a: Pelipper|Pelipper, L50, F|100/100|[from] Flip Turn\n|move|p1a: Meganium|Dazzling Gleam|p2a: Pelipper|[spread] p2a,p2b\n|-damage|p2a: Pelipper|37/100\n|-damage|p2b: Incineroar|69/100\n|move|p2b: Incineroar|Flare Blitz|p1a: Meganium\n|-supereffective|p1a: Meganium|1\n|-damage|p1a: Meganium|19/100\n|-damage|p2b: Incineroar|55/100|[from] Recoil\n|\n|-weather|RainDance|[upkeep]\n|upkeep\n|turn|5\n|\n|t:|1776130550\n|move|p1b: Noivern|Hurricane|p2b: Incineroar\n|-damage|p2b: Incineroar|14/100\n|move|p2a: Pelipper|Hurricane|p1a: Meganium\n|-supereffective|p1a: Meganium|1\n|-damage|p1a: Meganium|0 fnt\n|faint|p1a: Meganium\n|move|p2b: Incineroar|Darkest Lariat|p1b: Noivern\n|-damage|p1b: Noivern|7/100\n|\n|-weather|RainDance|[upkeep]\n|upkeep\n|\n|t:|1776130564\n|switch|p1a: Basculegion|Basculegion, L50, M|79/100\n|turn|6\n|\n|t:|1776130582\n|move|p1a: Basculegion|Aqua Jet|p2b: Incineroar\n|-supereffective|p2b: Incineroar|1\n|-damage|p2b: Incineroar|0 fnt\n|faint|p2b: Incineroar\n|move|p1b: Noivern|Hurricane|p2a: Pelipper\n|-damage|p2a: Pelipper|0 fnt\n|faint|p2a: Pelipper\n|\n|-weather|none\n|upkeep\n|\n|t:|1776130593\n|switch|p2a: Basculegion|Basculegion, L50, M|70/100\n|turn|7\n|\n|t:|1776130613\n|move|p1b: Noivern|Draco Meteor|p2a: Basculegion\n|-damage|p2a: Basculegion|5/100\n|-unboost|p1b: Noivern|spa|2\n|move|p2a: Basculegion|Last Respects|p1a: Basculegion\n|-supereffective|p1a: Basculegion|1\n|-damage|p1a: Basculegion|0 fnt\n|faint|p1a: Basculegion\n|\n|upkeep\n|\n|t:|1776130621\n|switch|p1a: Meowstic|Meowstic, L50, M|3/100\n|turn|8\n|inactive|CirclesOfSwellow has 30 seconds left.\n|\n|t:|1776130649\n|move|p1b: Noivern|Protect|p1b: Noivern\n|-singleturn|p1b: Noivern|Protect\n|move|p2a: Basculegion|Aqua Jet|p1b: Noivern\n|-activate|p1b: Noivern|move: Protect\n|move|p1a: Meowstic|Trick Room|p1a: Meowstic\n|-fieldstart|move: Trick Room|[of] p1a: Meowstic\n|\n|upkeep\n|turn|9\n|inactive|nickzwr has 30 seconds left.\n|\n|t:|1776130678\n|move|p1a: Meowstic|Fake Tears|p2a: Basculegion\n|-unboost|p2a: Basculegion|spd|2\n|move|p2a: Basculegion|Aqua Jet|p1b: Noivern\n|-resisted|p1b: Noivern|1\n|-damage|p1b: Noivern|0 fnt\n|faint|p1b: Noivern\n|\n|upkeep\n|turn|10\n|-message|CirclesOfSwellow forfeited.\n|\n|win|nickzwr\n|raw|CirclesOfSwellow's rating: 1069 &rarr; <strong>1049</strong><br />(-20 for losing)\n|raw|nickzwr's rating: 1083 &rarr; <strong>1109</strong><br />(+26 for winning)\n|l|\u2606CirclesOfSwellow\n|player|p1|\n|c|\u2606nickzwr|gg wp\n",
  "uploadtime": 1776130693,
  "views": 16,
  "formatid": "gen9championsvgc2026regma",
  "rating": 1049,
  "private": 0,
  "password": null
}