{
  "id": "gen9championsvgc2026regma-2589553847",
  "format": "[Gen 9 Champions] VGC 2026 Reg M-A",
  "players": [
    "yocalal02",
    "drumer sama"
  ],
  "log": "|j|\u2606yocalal02\n|j|\u2606drumer sama\n|t:|1776733592\n|gametype|doubles\n|player|p1|yocalal02|red|1168\n|player|p2|drumer sama|veteran|1137\n|gen|9\n|tier|[Gen 9 Champions] VGC 2026 Reg M-A\n|rated|\n|rule|Species Clause: Limit one of each Pok\u00e9mon\n|rule|Item Clause: Limit 1 of each item\n|clearpoke\n|poke|p1|Rotom-Wash, L50|\n|poke|p1|Incineroar, L50, M, shiny|\n|poke|p1|Sinistcha, L50|\n|poke|p1|Tyranitar, L50, M|\n|poke|p1|Floette-Eternal, L50, F|\n|poke|p1|Excadrill, L50, M|\n|poke|p2|Empoleon, L50, M|\n|poke|p2|Farigiraf, L50, M|\n|poke|p2|Oranguru, L50, F|\n|poke|p2|Incineroar, L50, M|\n|poke|p2|Sinistcha, L50|\n|poke|p2|Garchomp, L50, F|\n|teampreview|4\n|\n|t:|1776733654\n|teamsize|p1|4\n|teamsize|p2|4\n|start\n|switch|p1a: Tyranitar|Tyranitar, L50, M|100/100\n|switch|p1b: Excadrill|Excadrill, L50, M|100/100\n|switch|p2a: Incineroar|Incineroar, L50, M|100/100\n|switch|p2b: Sinistcha|Sinistcha, L50|100/100\n|-weather|Sandstorm|[from] ability: Sand Stream|[of] p1a: Tyranitar\n|-ability|p2a: Incineroar|Intimidate|boost\n|-unboost|p1a: Tyranitar|atk|1\n|-unboost|p1b: Excadrill|atk|1\n|turn|1\n|\n|t:|1776733670\n|move|p2a: Incineroar|Fake Out|p1b: Excadrill\n|-resisted|p1b: Excadrill|1\n|-damage|p1b: Excadrill|93/100\n|cant|p1b: Excadrill|flinch\n|move|p1a: Tyranitar|Dragon Dance|p1a: Tyranitar\n|-boost|p1a: Tyranitar|atk|1\n|-boost|p1a: Tyranitar|spe|1\n|move|p2b: Sinistcha|Trick Room|p2b: Sinistcha\n|-fieldstart|move: Trick Room|[of] p2b: Sinistcha\n|\n|-weather|Sandstorm|[upkeep]\n|-damage|p2a: Incineroar|95/100|[from] Sandstorm\n|-damage|p2b: Sinistcha|94/100|[from] Sandstorm\n|-heal|p2b: Sinistcha|100/100|[from] item: Leftovers\n|upkeep\n|turn|2\n|\n|t:|1776733693\n|move|p1b: Excadrill|Protect|p1b: Excadrill\n|-singleturn|p1b: Excadrill|Protect\n|move|p2b: Sinistcha|Rage Powder|p2b: Sinistcha\n|-singleturn|p2b: Sinistcha|move: Rage Powder\n|move|p2a: Incineroar|Parting Shot|p1a: Tyranitar\n|-unboost|p1a: Tyranitar|atk|1\n|-unboost|p1a: Tyranitar|spa|1\n|\n|t:|1776733701\n|switch|p2a: Oscar|Empoleon, L50, M|100/100|[from] Parting Shot\n|move|p1a: Tyranitar|Knock Off|p2b: Sinistcha\n|-supereffective|p2b: Sinistcha|1\n|-damage|p2b: Sinistcha|39/100\n|-enditem|p2b: Sinistcha|Leftovers|[from] move: Knock Off|[of] p1a: Tyranitar\n|\n|-weather|Sandstorm|[upkeep]\n|-damage|p2b: Sinistcha|33/100|[from] Sandstorm\n|upkeep\n|turn|3\n|\n|t:|1776733730\n|move|p1a: Tyranitar|Protect|p1a: Tyranitar\n|-singleturn|p1a: Tyranitar|Protect\n|move|p1b: Excadrill|Protect|p1b: Excadrill\n|-singleturn|p1b: Excadrill|Protect\n|move|p2a: Oscar|Surf|p1b: Excadrill|[spread] p2b\n|-activate|p1a: Tyranitar|move: Protect\n|-activate|p1b: Excadrill|move: Protect\n|-resisted|p2b: Sinistcha|1\n|-damage|p2b: Sinistcha|12/100\n|move|p2b: Sinistcha|Matcha Gotcha|p1b: Excadrill|[spread] \n|-activate|p1a: Tyranitar|move: Protect\n|-activate|p1b: Excadrill|move: Protect\n|\n|-weather|Sandstorm|[upkeep]\n|-damage|p2b: Sinistcha|6/100|[from] Sandstorm\n|upkeep\n|turn|4\n|\n|t:|1776733750\n|move|p2b: Sinistcha|Protect|p2b: Sinistcha\n|-singleturn|p2b: Sinistcha|Protect\n|move|p2a: Oscar|Surf|p1a: Tyranitar|[spread] p1a,p1b\n|-activate|p2b: Sinistcha|move: Protect\n|-supereffective|p1a: Tyranitar|1\n|-supereffective|p1b: Excadrill|1\n|-damage|p1a: Tyranitar|39/100\n|-damage|p1b: Excadrill|0 fnt\n|faint|p1b: Excadrill\n|move|p1a: Tyranitar|Knock Off|p2b: Sinistcha\n|-activate|p2b: Sinistcha|move: Protect\n|\n|-weather|Sandstorm|[upkeep]\n|-damage|p2b: Sinistcha|0 fnt|[from] Sandstorm\n|faint|p2b: Sinistcha\n|upkeep\n|\n|t:|1776733765\n|switch|p2b: Incineroar|Incineroar, L50, M|95/100\n|switch|p1b: Sinistcha|Sinistcha, L50|100/100\n|-ability|p2b: Incineroar|Intimidate|boost\n|-unboost|p1a: Tyranitar|atk|1\n|-unboost|p1b: Sinistcha|atk|1\n|-heal|p1a: Tyranitar|64/100|[from] ability: Hospitality|[of] p1b: Sinistcha\n|turn|5\n|\n|t:|1776733782\n|move|p1b: Sinistcha|Rage Powder|p1b: Sinistcha\n|-singleturn|p1b: Sinistcha|move: Rage Powder\n|move|p2b: Incineroar|Parting Shot|p1b: Sinistcha\n|-unboost|p1b: Sinistcha|atk|1\n|-unboost|p1b: Sinistcha|spa|1\n|\n|t:|1776733786\n|switch|p2b: Oranguru|Oranguru, L50, F|100/100|[from] Parting Shot\n|move|p2a: Oscar|Ice Beam|p1b: Sinistcha\n|-supereffective|p1b: Sinistcha|1\n|-damage|p1b: Sinistcha|34/100\n|-status|p1b: Sinistcha|frz\n|-enditem|p1b: Sinistcha|Sitrus Berry|[eat]\n|-heal|p1b: Sinistcha|59/100 frz|[from] item: Sitrus Berry\n|move|p1a: Tyranitar|Dragon Dance|p1a: Tyranitar\n|-boost|p1a: Tyranitar|atk|1\n|-boost|p1a: Tyranitar|spe|1\n|\n|-weather|none\n|-fieldend|move: Trick Room\n|upkeep\n|turn|6\n|\n|t:|1776733810\n|switch|p1a: Floette|Floette-Eternal, L50, F|100/100\n|-curestatus|p1b: Sinistcha|frz|[from] move: Matcha Gotcha\n|move|p1b: Sinistcha|Matcha Gotcha|p2b: Oranguru|[spread] p2a,p2b\n|-damage|p2a: Oscar|83/100\n|-heal|p1b: Sinistcha|68/100|[from] drain|[of] p2a: Oscar\n|-damage|p2b: Oranguru|88/100\n|-heal|p1b: Sinistcha|76/100|[from] drain|[of] p2b: Oranguru\n|move|p2a: Oscar|Flash Cannon|p1a: Floette\n|-supereffective|p1a: Floette|1\n|-damage|p1a: Floette|20/100\n|move|p2b: Oranguru|Trick Room|p2b: Oranguru\n|-fieldstart|move: Trick Room|[of] p2b: Oranguru\n|\n|upkeep\n|turn|7\n|\n|t:|1776733833\n|detailschange|p1a: Floette|Floette-Mega, L50, F\n|-mega|p1a: Floette|Floette|Floettite\n|-ability|p1a: Floette|Fairy Aura\n|move|p2a: Oscar|Ice Beam|p1a: Floette\n|-damage|p1a: Floette|0 fnt\n|faint|p1a: Floette\n|move|p2b: Oranguru|Instruct|p2a: Oscar\n|-singleturn|p2a: Oscar|move: Instruct|[of] p2b: Oranguru\n|move|p2a: Oscar|Ice Beam|p1b: Sinistcha\n|-supereffective|p1b: Sinistcha|1\n|-damage|p1b: Sinistcha|16/100\n|move|p1b: Sinistcha|Life Dew|p1b: Sinistcha\n|-heal|p1b: Sinistcha|42/100\n|\n|upkeep\n|\n|t:|1776733840\n|switch|p1a: Tyranitar|Tyranitar, L50, M|64/100\n|-weather|Sandstorm|[from] ability: Sand Stream|[of] p1a: Tyranitar\n|turn|8\n|\n|t:|1776733854\n|move|p2a: Oscar|Surf|p1a: Tyranitar|[spread] p1a,p1b\n|-activate|p2b: Oranguru|ability: Telepathy\n|-supereffective|p1a: Tyranitar|1\n|-resisted|p1b: Sinistcha|1\n|-damage|p1a: Tyranitar|10/100\n|-damage|p1b: Sinistcha|20/100\n|move|p2b: Oranguru|Instruct|p2a: Oscar\n|-singleturn|p2a: Oscar|move: Instruct|[of] p2b: Oranguru\n|move|p2a: Oscar|Surf|p1a: Tyranitar|[spread] p1a,p1b\n|-activate|p2b: Oranguru|ability: Telepathy\n|-supereffective|p1a: Tyranitar|1\n|-resisted|p1b: Sinistcha|1\n|-damage|p1a: Tyranitar|0 fnt\n|-damage|p1b: Sinistcha|0 fnt\n|faint|p1a: Tyranitar\n|faint|p1b: Sinistcha\n|\n|win|drumer sama\n|raw|yocalal02's rating: 1168 &rarr; <strong>1141</strong><br />(-27 for losing)\n|raw|drumer sama's rating: 1137 &rarr; <strong>1164</strong><br />(+27 for winning)\n|l|\u2606yocalal02\n|player|p1|\n",
  "uploadtime": 1776733868,
  "views": 6,
  "formatid": "gen9championsvgc2026regma",
  "rating": 1141,
  "private": 0,
  "password": null
}