{
  "id": "gen9championsvgc2026regma-2581285548",
  "format": "[Gen 9 Champions] VGC 2026 Reg M-A",
  "players": [
    "leader-starmie",
    "Croxx11"
  ],
  "log": "|j|\u2606leader-starmie\n|j|\u2606Croxx11\n|t:|1775981379\n|gametype|doubles\n|player|p1|leader-starmie|lida|1250\n|player|p2|Croxx11|fantina|1246\n|gen|9\n|tier|[Gen 9 Champions] VGC 2026 Reg M-A\n|rated|\n|rule|Species Clause: Limit one of each Pok\u00e9mon\n|rule|Item Clause: Limit 1 of each item\n|clearpoke\n|poke|p1|Lucario, L50, F|\n|poke|p1|Milotic, L50, M|\n|poke|p1|Venusaur, L50, M|\n|poke|p1|Rotom-Wash, L50|\n|poke|p1|Arcanine-Hisui, L50, M|\n|poke|p1|Garchomp, L50, M|\n|poke|p2|Froslass, L50, F|\n|poke|p2|Incineroar, L50, F|\n|poke|p2|Ninetales-Alola, L50, F|\n|poke|p2|Garchomp, L50, M|\n|poke|p2|Orthworm, L50, F|\n|poke|p2|Basculegion, L50, M|\n|teampreview|4\n|\n|t:|1775981418\n|teamsize|p1|4\n|teamsize|p2|4\n|start\n|switch|p1a: Milotic|Milotic, L50, M|100/100\n|switch|p1b: Lucario|Lucario, L50, F|100/100\n|switch|p2a: Lumbricus|Orthworm, L50, F|100/100\n|switch|p2b: Draconis|Garchomp, L50, M|100/100\n|turn|1\n|\n|t:|1775981432\n|move|p1b: Lucario|Detect|p1b: Lucario\n|-singleturn|p1b: Lucario|Protect\n|move|p2b: Draconis|Earthquake|p1b: Lucario|[spread] p1a\n|-activate|p1b: Lucario|move: Protect\n|-immune|p2a: Lumbricus|[from] ability: Earth Eater\n|-damage|p1a: Milotic|62/100\n|move|p1a: Milotic|Ice Beam|p2b: Draconis\n|-supereffective|p2b: Draconis|2\n|-damage|p2b: Draconis|0 fnt\n|faint|p2b: Draconis\n|move|p2a: Lumbricus|Shed Tail|p2a: Lumbricus\n|-start|p2a: Lumbricus|Substitute|[from] move: Shed Tail\n|-damage|p2a: Lumbricus|50/100\n|-enditem|p2a: Lumbricus|Sitrus Berry|[eat]\n|-heal|p2a: Lumbricus|75/100|[from] item: Sitrus Berry\n|\n|t:|1775981457\n|switch|p2a: Glacies|Froslass, L50, F, shiny|100/100|[from] Shed Tail\n|\n|-heal|p1a: Milotic|68/100|[from] item: Leftovers\n|upkeep\n|\n|t:|1775981462\n|switch|p2b: Perturbatio|Incineroar, L50, F, shiny|100/100\n|-ability|p2b: Perturbatio|Intimidate|boost\n|-unboost|p1a: Milotic|atk|1\n|-ability|p1a: Milotic|Competitive|boost\n|-boost|p1a: Milotic|spa|2\n|-fail|p1b: Lucario|unboost|Attack|[from] ability: Inner Focus|[of] p1b: Lucario\n|turn|2\n|\n|t:|1775981477\n|switch|p1b: Arcanine|Arcanine-Hisui, L50, M|100/100\n|-ability|p1b: Arcanine|Intimidate|boost\n|-immune|p2a: Glacies\n|-unboost|p2b: Perturbatio|atk|1\n|detailschange|p2a: Glacies|Froslass-Mega, L50, F, shiny\n|-mega|p2a: Glacies|Froslass|Froslassite\n|-weather|Snowscape|[from] ability: Snow Warning|[of] p2a: Glacies\n|move|p1a: Milotic|Protect|p1a: Milotic\n|-singleturn|p1a: Milotic|Protect\n|move|p2b: Perturbatio|Fake Out|p1a: Milotic\n|-activate|p1a: Milotic|move: Protect\n|move|p2a: Glacies|Nasty Plot|p2a: Glacies\n|-boost|p2a: Glacies|spa|2\n|\n|-weather|Snowscape|[upkeep]\n|-heal|p1a: Milotic|74/100|[from] item: Leftovers\n|upkeep\n|turn|3\n|\n|t:|1775981504\n|move|p2a: Glacies|Shadow Ball|p1a: Milotic\n|-damage|p1a: Milotic|10/100\n|move|p1b: Arcanine|Rock Slide|p2a: Glacies|[spread] p2a,p2b\n|-supereffective|p2a: Glacies|1\n|-end|p2a: Glacies|Substitute\n|-supereffective|p2b: Perturbatio|1\n|-damage|p2b: Perturbatio|50/100\n|move|p1a: Milotic|Scald|p2b: Perturbatio\n|-supereffective|p2b: Perturbatio|1\n|-damage|p2b: Perturbatio|0 fnt\n|faint|p2b: Perturbatio\n|\n|-weather|Snowscape|[upkeep]\n|-heal|p1a: Milotic|17/100|[from] item: Leftovers\n|upkeep\n|\n|t:|1775981518\n|switch|p2b: Lumbricus|Orthworm, L50, F|75/100\n|turn|4\n|\n|t:|1775981531\n|move|p1a: Milotic|Protect|p1a: Milotic\n|-singleturn|p1a: Milotic|Protect\n|move|p2a: Glacies|Blizzard|p1b: Arcanine|[spread] p1b\n|-activate|p1a: Milotic|move: Protect\n|-resisted|p1b: Arcanine|1\n|-damage|p1b: Arcanine|48/100\n|move|p1b: Arcanine|Flare Blitz|p2a: Glacies\n|-supereffective|p2a: Glacies|1\n|-damage|p2a: Glacies|0 fnt\n|faint|p2a: Glacies\n|-damage|p1b: Arcanine|20/100|[from] Recoil\n|move|p2b: Lumbricus|Body Press|p1b: Arcanine\n|-supereffective|p1b: Arcanine|1\n|-damage|p1b: Arcanine|0 fnt\n|faint|p1b: Arcanine\n|\n|-weather|Snowscape|[upkeep]\n|-heal|p1a: Milotic|23/100|[from] item: Leftovers\n|upkeep\n|\n|t:|1775981547\n|switch|p1b: Lucario|Lucario, L50, F|100/100\n|turn|5\n|\n|t:|1775981554\n|detailschange|p1b: Lucario|Lucario-Mega, L50, F\n|-mega|p1b: Lucario|Lucario|Lucarionite\n|move|p1b: Lucario|Aura Sphere|p2b: Lumbricus\n|-supereffective|p2b: Lumbricus|1\n|-damage|p2b: Lumbricus|0 fnt\n|faint|p2b: Lumbricus\n|\n|win|leader-starmie\n|raw|leader-starmie's rating: 1250 &rarr; <strong>1275</strong><br />(+25 for winning)\n|raw|Croxx11's rating: 1246 &rarr; <strong>1221</strong><br />(-25 for losing)\n|l|\u2606Croxx11\n|player|p2|\n",
  "uploadtime": 1775981571,
  "views": 18,
  "formatid": "gen9championsvgc2026regma",
  "rating": 1221,
  "private": 0,
  "password": null
}