{
  "id": "gen9championsvgc2026regma-2587633907",
  "format": "[Gen 9 Champions] VGC 2026 Reg M-A",
  "players": [
    "PM77Switch",
    "alonez88"
  ],
  "log": "|j|\u2606PM77Switch\n|j|\u2606alonez88\n|t:|1776548876\n|gametype|doubles\n|player|p1|PM77Switch|may-masters3|1384\n|player|p2|alonez88|170|1302\n|gen|9\n|tier|[Gen 9 Champions] VGC 2026 Reg M-A\n|rated|\n|rule|Species Clause: Limit one of each Pok\u00e9mon\n|rule|Item Clause: Limit 1 of each item\n|clearpoke\n|poke|p1|Blastoise, L50, F|\n|poke|p1|Kingambit, L50, M|\n|poke|p1|Sneasler, L50, M|\n|poke|p1|Aerodactyl, L50, M|\n|poke|p1|Sinistcha, L50|\n|poke|p1|Incineroar, L50, M|\n|poke|p2|Glimmora, L50, F|\n|poke|p2|Corviknight, L50, F|\n|poke|p2|Excadrill, L50, M|\n|poke|p2|Tyranitar, L50, M|\n|poke|p2|Rotom-Frost, L50|\n|poke|p2|Sinistcha, L50|\n|teampreview|4\n|inactive|Battle timer is ON: inactive players will automatically lose when time's up. (requested by PM77Switch)\n|inactive|PM77Switch has 60 seconds left.\n|inactive|alonez88 has 60 seconds left.\n|inactive|alonez88 has 30 seconds left.\n|\n|t:|1776548937\n|teamsize|p1|4\n|teamsize|p2|4\n|start\n|switch|p1a: Sneasler|Sneasler, L50, M|100/100\n|switch|p1b: Blastoise|Blastoise, L50, F|100/100\n|switch|p2a: Rotom|Rotom-Frost, L50|100/100\n|switch|p2b: Excadrill|Excadrill, L50, M|100/100\n|turn|1\n|\n|t:|1776548951\n|detailschange|p1b: Blastoise|Blastoise-Mega, L50, F\n|-mega|p1b: Blastoise|Blastoise|Blastoisinite\n|move|p2b: Excadrill|Protect|p2b: Excadrill\n|-singleturn|p2b: Excadrill|Protect\n|move|p1a: Sneasler|Fake Out|p2a: Rotom\n|-damage|p2a: Rotom|84/100\n|cant|p2a: Rotom|flinch\n|move|p1b: Blastoise|Aura Sphere|p2a: Rotom\n|-supereffective|p2a: Rotom|1\n|-damage|p2a: Rotom|0 fnt\n|faint|p2a: Rotom\n|\n|upkeep\n|\n|t:|1776548958\n|switch|p2a: Corviknight|Corviknight, L50, F|100/100\n|turn|2\n|\n|t:|1776548972\n|switch|p1a: Incineroar|Incineroar, L50, M|100/100\n|-ability|p1a: Incineroar|Intimidate|boost\n|-ability|p2a: Corviknight|Mirror Armor\n|-unboost|p1a: Incineroar|atk|1\n|-unboost|p2b: Excadrill|atk|1\n|switch|p2b: Tyranitar|Tyranitar, L50, M|100/100\n|-weather|Sandstorm|[from] ability: Sand Stream|[of] p2b: Tyranitar\n|move|p1b: Blastoise|Water Spout|p2a: Corviknight|[spread] p2a,p2b\n|-supereffective|p2b: Tyranitar|1\n|-damage|p2a: Corviknight|47/100\n|-damage|p2b: Tyranitar|27/100\n|-enditem|p2a: Corviknight|Sitrus Berry|[eat]\n|-heal|p2a: Corviknight|72/100|[from] item: Sitrus Berry\n|move|p2a: Corviknight|Tailwind|p2a: Corviknight\n|-sidestart|p2: alonez88|move: Tailwind\n|\n|-weather|Sandstorm|[upkeep]\n|-damage|p1b: Blastoise|95/100|[from] Sandstorm\n|-damage|p1a: Incineroar|95/100|[from] Sandstorm\n|upkeep\n|turn|3\n|inactive|PM77Switch has 30 seconds left.\n|\n|t:|1776549002\n|move|p2b: Tyranitar|Protect|p2b: Tyranitar\n|-singleturn|p2b: Tyranitar|Protect\n|move|p1a: Incineroar|Fake Out|p2b: Tyranitar\n|-activate|p2b: Tyranitar|move: Protect\n|move|p2a: Corviknight|Brave Bird|p1b: Blastoise\n|-damage|p1b: Blastoise|65/100\n|-damage|p2a: Corviknight|61/100|[from] Recoil\n|move|p1b: Blastoise|Water Spout|p2b: Tyranitar|[spread] p2a\n|-activate|p2b: Tyranitar|move: Protect\n|-damage|p2a: Corviknight|24/100\n|\n|-weather|Sandstorm|[upkeep]\n|-damage|p1b: Blastoise|59/100|[from] Sandstorm\n|-damage|p1a: Incineroar|89/100|[from] Sandstorm\n|upkeep\n|turn|4\n|\n|t:|1776549024\n|detailschange|p2b: Tyranitar|Tyranitar-Mega, L50, M\n|-mega|p2b: Tyranitar|Tyranitar|Tyranitarite\n|move|p1b: Blastoise|Protect|p1b: Blastoise\n|-singleturn|p1b: Blastoise|Protect\n|move|p2b: Tyranitar|Rock Slide|p1b: Blastoise|[spread] p1a\n|-activate|p1b: Blastoise|move: Protect\n|-supereffective|p1a: Incineroar|1\n|-damage|p1a: Incineroar|38/100\n|move|p2a: Corviknight|Body Press|p1a: Incineroar\n|-supereffective|p1a: Incineroar|1\n|-damage|p1a: Incineroar|2/100\n|move|p1a: Incineroar|Parting Shot|p2b: Tyranitar\n|-unboost|p2b: Tyranitar|atk|1\n|-unboost|p2b: Tyranitar|spa|1\n|\n|t:|1776549041\n|switch|p1a: Sneasler|Sneasler, L50, M|100/100|[from] Parting Shot\n|\n|-weather|Sandstorm|[upkeep]\n|-damage|p1a: Sneasler|95/100|[from] Sandstorm\n|-damage|p1b: Blastoise|53/100|[from] Sandstorm\n|upkeep\n|turn|5\n|\n|t:|1776549054\n|move|p1a: Sneasler|Fake Out|p2a: Corviknight\n|-resisted|p2a: Corviknight|1\n|-damage|p2a: Corviknight|18/100\n|move|p2b: Tyranitar|Rock Slide|p1a: Sneasler|[spread] p1a,p1b\n|-resisted|p1a: Sneasler|1\n|-damage|p1a: Sneasler|76/100\n|-damage|p1b: Blastoise|37/100\n|cant|p2a: Corviknight|flinch\n|cant|p1b: Blastoise|flinch\n|\n|-weather|Sandstorm|[upkeep]\n|-damage|p1a: Sneasler|70/100|[from] Sandstorm\n|-damage|p1b: Blastoise|31/100|[from] Sandstorm\n|-sideend|p2: alonez88|move: Tailwind\n|upkeep\n|turn|6\n|\n|t:|1776549074\n|switch|p2b: Excadrill|Excadrill, L50, M|100/100\n|move|p1a: Sneasler|Close Combat|p2a: Corviknight\n|-damage|p2a: Corviknight|0 fnt\n|-unboost|p1a: Sneasler|def|1\n|-unboost|p1a: Sneasler|spd|1\n|faint|p2a: Corviknight\n|-enditem|p1a: Sneasler|White Herb\n|-clearnegativeboost|p1a: Sneasler|[silent]\n|move|p1b: Blastoise|Aura Sphere|p2b: Excadrill\n|-supereffective|p2b: Excadrill|1\n|-enditem|p2b: Excadrill|Focus Sash\n|-damage|p2b: Excadrill|1/100\n|\n|-weather|none\n|upkeep\n|\n|t:|1776549079\n|switch|p2a: Tyranitar|Tyranitar-Mega, L50, M|27/100\n|-weather|Sandstorm|[from] ability: Sand Stream|[of] p2a: Tyranitar\n|turn|7\n|\n|t:|1776549091\n|move|p2a: Tyranitar|Protect|p2a: Tyranitar\n|-singleturn|p2a: Tyranitar|Protect\n|move|p1a: Sneasler|Feint|p2b: Excadrill\n|-resisted|p2b: Excadrill|1\n|-damage|p2b: Excadrill|0 fnt\n|faint|p2b: Excadrill\n|move|p1b: Blastoise|Aura Sphere|p2a: Tyranitar\n|-activate|p2a: Tyranitar|move: Protect\n|\n|-weather|Sandstorm|[upkeep]\n|-damage|p1a: Sneasler|64/100|[from] Sandstorm\n|-damage|p1b: Blastoise|25/100|[from] Sandstorm\n|upkeep\n|turn|8\n|c|\u2606alonez88|...\n|c|\u2606alonez88|Gg\n|c|\u2606PM77Switch|gg\n|-message|alonez88 forfeited.\n|\n|win|PM77Switch\n|raw|PM77Switch's rating: 1384 &rarr; <strong>1399</strong><br />(+15 for winning)\n|raw|alonez88's rating: 1302 &rarr; <strong>1287</strong><br />(-15 for losing)\n",
  "uploadtime": 1776549117,
  "views": 18,
  "formatid": "gen9championsvgc2026regma",
  "rating": 1287,
  "private": 0,
  "password": null
}