{
  "id": "gen9championsvgc2026regma-2581888426",
  "format": "[Gen 9 Champions] VGC 2026 Reg M-A",
  "players": [
    "CBKreme",
    "shlogma"
  ],
  "log": "|j|\u2606CBKreme\n|j|\u2606shlogma\n|t:|1776036949\n|gametype|doubles\n|player|p1|CBKreme|interviewers|1000\n|player|p2|shlogma|volkner|1095\n|gen|9\n|tier|[Gen 9 Champions] VGC 2026 Reg M-A\n|rated|\n|rule|Species Clause: Limit one of each Pok\u00e9mon\n|rule|Item Clause: Limit 1 of each item\n|clearpoke\n|poke|p1|Gardevoir, L50, F|\n|poke|p1|Ninetales-Alola, L50, F|\n|poke|p1|Froslass, L50, F|\n|poke|p1|Hatterene, L50, F|\n|poke|p1|Flapple, L50, F|\n|poke|p1|Gyarados, L50, M|\n|poke|p2|Pelipper, L50, M|\n|poke|p2|Archaludon, L50, M|\n|poke|p2|Sinistcha-Masterpiece, L50|\n|poke|p2|Palafin, L50, F|\n|poke|p2|Starmie, L50|\n|poke|p2|Incineroar, L50, M|\n|teampreview|4\n|inactive|Battle timer is ON: inactive players will automatically lose when time's up. (requested by CBKreme)\n|inactive|shlogma has 60 seconds left.\n|\n|t:|1776036982\n|teamsize|p1|4\n|teamsize|p2|4\n|start\n|switch|p1a: Hatterene|Hatterene, L50, F|100/100\n|switch|p1b: Flapple|Flapple, L50, F, shiny|100/100\n|switch|p2a: Incineroar|Incineroar, L50, M|100/100\n|switch|p2b: Palafin|Palafin, L50, F|100/100\n|-ability|p2a: Incineroar|Intimidate|boost\n|-unboost|p1a: Hatterene|atk|1\n|-unboost|p1b: Flapple|atk|1\n|turn|1\n|inactive|CBKreme has 30 seconds left.\n|inactive|shlogma has 30 seconds left.\n|inactive|shlogma has 20 seconds left.\n|\n|t:|1776037018\n|detailschange|p2b: Palafin|Palafin-Hero, L50, F\n|switch|p2b: Pelipper|Pelipper, L50, M|100/100\n|-weather|RainDance|[from] ability: Drizzle|[of] p2b: Pelipper\n|move|p2a: Incineroar|Fake Out|p1b: Flapple\n|-damage|p1b: Flapple|85/100\n|cant|p1b: Flapple|flinch\n|move|p1a: Hatterene|Trick Room|p1a: Hatterene\n|-fieldstart|move: Trick Room|[of] p1a: Hatterene\n|\n|-weather|RainDance|[upkeep]\n|upkeep\n|turn|2\n|\n|t:|1776037041\n|move|p1a: Hatterene|Calm Mind|p1a: Hatterene\n|-boost|p1a: Hatterene|spa|1\n|-boost|p1a: Hatterene|spd|1\n|move|p1b: Flapple|Grav Apple|p2b: Pelipper\n|-damage|p2b: Pelipper|44/100\n|-unboost|p2b: Pelipper|def|1\n|move|p2a: Incineroar|Taunt|p1a: Hatterene\n|move|p1a: Hatterene|Taunt|p2a: Incineroar|[from] ability: Magic Bounce\n|-start|p2a: Incineroar|move: Taunt\n|move|p2b: Pelipper|Hurricane|p1b: Flapple\n|-supereffective|p1b: Flapple|1\n|-damage|p1b: Flapple|0 fnt\n|faint|p1b: Flapple\n|\n|-weather|RainDance|[upkeep]\n|upkeep\n|c|\u2606shlogma|forgot about that\n|\n|t:|1776037059\n|switch|p1b: Froslass|Froslass, L50, F, shiny|100/100\n|turn|3\n|\n|t:|1776037079\n|move|p1b: Froslass|Protect|p1b: Froslass\n|-singleturn|p1b: Froslass|Protect\n|move|p1a: Hatterene|Dark Pulse|p2b: Pelipper\n|-damage|p2b: Pelipper|0 fnt\n|faint|p2b: Pelipper\n|move|p2a: Incineroar|Throat Chop|p1b: Froslass\n|-activate|p1b: Froslass|move: Protect\n|\n|-weather|RainDance|[upkeep]\n|upkeep\n|\n|t:|1776037089\n|switch|p2b: Palafin|Palafin-Hero, L50, F|100/100\n|-activate|p2b: Palafin|ability: Zero to Hero\n|turn|4\n|\n|t:|1776037103\n|switch|p1b: Ninetales|Ninetales-Alola, L50, F|100/100\n|-weather|Snowscape|[from] ability: Snow Warning|[of] p1b: Ninetales\n|move|p1a: Hatterene|Dark Pulse|p2b: Palafin\n|-damage|p2b: Palafin|64/100\n|move|p2a: Incineroar|Throat Chop|p1b: Ninetales\n|-resisted|p1b: Ninetales|1\n|-damage|p1b: Ninetales|85/100\n|-start|p1b: Ninetales|Throat Chop|[silent]\n|move|p2b: Palafin|Wave Crash|p1a: Hatterene\n|-damage|p1a: Hatterene|29/100\n|-damage|p2b: Palafin|43/100|[from] Recoil\n|\n|-weather|Snowscape|[upkeep]\n|upkeep\n|turn|5\n|inactive|CBKreme has 30 seconds left.\n|\n|t:|1776037134\n|switch|p2a: Starmie|Starmie, L50|100/100\n|move|p2b: Palafin|Jet Punch|p1a: Hatterene|[miss]\n|-miss|p2b: Palafin|p1a: Hatterene\n|move|p1a: Hatterene|Dark Pulse|p2b: Palafin\n|-damage|p2b: Palafin|6/100\n|move|p1b: Ninetales|Aurora Veil|p1b: Ninetales\n|-sidestart|p1: CBKreme|move: Aurora Veil\n|\n|-weather|Snowscape|[upkeep]\n|-end|p1b: Ninetales|Throat Chop|[silent]\n|-fieldend|move: Trick Room\n|upkeep\n|turn|6\n|inactive|CBKreme has 30 seconds left.\n|\n|t:|1776037162\n|move|p1b: Ninetales|Encore|p2b: Palafin\n|-start|p2b: Palafin|Encore\n|move|p2b: Palafin|Jet Punch|p1a: Hatterene\n|-damage|p1a: Hatterene|4/100\n|move|p2a: Starmie|Bulk Up|p2a: Starmie\n|-boost|p2a: Starmie|atk|1\n|-boost|p2a: Starmie|def|1\n|move|p1a: Hatterene|Dark Pulse|p2a: Starmie\n|-supereffective|p2a: Starmie|1\n|-damage|p2a: Starmie|7/100\n|\n|-weather|Snowscape|[upkeep]\n|upkeep\n|turn|7\n|inactive|CBKreme has 30 seconds left.\n|\n|t:|1776037187\n|switch|p1a: Froslass|Froslass, L50, F, shiny|100/100\n|detailschange|p2a: Starmie|Starmie-Mega, L50\n|-mega|p2a: Starmie|Starmie|Starminite\n|move|p2b: Palafin|Jet Punch|p1b: Ninetales\n|-damage|p1b: Ninetales|59/100\n|move|p1b: Ninetales|Encore|p2a: Starmie\n|-start|p2a: Starmie|Encore\n|move|p2a: Starmie|Bulk Up|p2a: Starmie\n|-boost|p2a: Starmie|atk|1\n|-boost|p2a: Starmie|def|1\n|\n|-weather|Snowscape|[upkeep]\n|upkeep\n|turn|8\n|\n|t:|1776037205\n|switch|p1b: Hatterene|Hatterene, L50, F|4/100\n|detailschange|p1a: Froslass|Froslass-Mega, L50, F, shiny\n|-mega|p1a: Froslass|Froslass|Froslassite\n|move|p2b: Palafin|Jet Punch|p1a: Froslass\n|-damage|p1a: Froslass|74/100\n|move|p2a: Starmie|Bulk Up|p2a: Starmie\n|-boost|p2a: Starmie|atk|1\n|-boost|p2a: Starmie|def|1\n|move|p1a: Froslass|Blizzard|p2a: Starmie|[spread] p2a,p2b\n|-resisted|p2a: Starmie|1\n|-resisted|p2b: Palafin|1\n|-damage|p2a: Starmie|0 fnt\n|-damage|p2b: Palafin|0 fnt\n|faint|p2a: Starmie\n|faint|p2b: Palafin\n|\n|-weather|none\n|upkeep\n|\n|t:|1776037220\n|switch|p2b: Incineroar|Incineroar, L50, M|100/100\n|-ability|p2b: Incineroar|Intimidate|boost\n|-unboost|p1a: Froslass|atk|1\n|-unboost|p1b: Hatterene|atk|1\n|turn|9\n|-message|shlogma forfeited.\n|\n|win|CBKreme\n|raw|CBKreme's rating: 1000 &rarr; <strong>1051</strong><br />(+51 for winning)\n|raw|shlogma's rating: 1095 &rarr; <strong>1064</strong><br />(-31 for losing)\n|l|\u2606shlogma\n|player|p2|\n",
  "uploadtime": 1776037238,
  "views": 21,
  "formatid": "gen9championsvgc2026regma",
  "rating": 1051,
  "private": 0,
  "password": null
}