{
  "id": "gen9championsvgc2026regma-2584422921",
  "format": "[Gen 9 Champions] VGC 2026 Reg M-A",
  "players": [
    "telesticGhost",
    "JustBlaze1z3"
  ],
  "log": "|j|\u2606telesticGhost\n|j|\u2606JustBlaze1z3\n|t:|1776259798\n|gametype|doubles\n|player|p1|telesticGhost|psychicf-gen4|1011\n|player|p2|JustBlaze1z3|102|1000\n|gen|9\n|tier|[Gen 9 Champions] VGC 2026 Reg M-A\n|rated|\n|rule|Species Clause: Limit one of each Pok\u00e9mon\n|rule|Item Clause: Limit 1 of each item\n|clearpoke\n|poke|p1|Farigiraf, L50, M|\n|poke|p1|Pelipper, L50, M|\n|poke|p1|Hydrapple, L50, F|\n|poke|p1|Kingambit, L50, M|\n|poke|p1|Arcanine-Hisui, L50, F|\n|poke|p1|Hawlucha, L50, M|\n|poke|p2|Victreebel, L50, M|\n|poke|p2|Pelipper, L50, M|\n|poke|p2|Basculegion, L50, M|\n|poke|p2|Archaludon, L50, F|\n|poke|p2|Clefable, L50, F|\n|poke|p2|Mamoswine, L50, M|\n|teampreview|4\n|inactive|Battle timer is ON: inactive players will automatically lose when time's up. (requested by telesticGhost)\n|\n|t:|1776259859\n|teamsize|p1|4\n|teamsize|p2|4\n|start\n|switch|p1a: Kingambit|Kingambit, L50, M|100/100\n|switch|p1b: Hawlucha|Hawlucha, L50, M|100/100\n|switch|p2a: Victreebel|Victreebel, L50, M|100/100\n|switch|p2b: Pelipper|Pelipper, L50, M|100/100\n|-ability|p1b: Hawlucha|Mold Breaker\n|-weather|RainDance|[from] ability: Drizzle|[of] p2b: Pelipper\n|turn|1\n|inactive|JustBlaze1z3 has 30 seconds left.\n|inactive|telesticGhost has 30 seconds left.\n|inactive|JustBlaze1z3 has 20 seconds left.\n|\n|t:|1776259897\n|detailschange|p1b: Hawlucha|Hawlucha-Mega, L50, M\n|-mega|p1b: Hawlucha|Hawlucha|Hawluchanite\n|detailschange|p2a: Victreebel|Victreebel-Mega, L50, M\n|-mega|p2a: Victreebel|Victreebel|Victreebelite\n|move|p1b: Hawlucha|Entrainment|p1a: Kingambit\n|-ability|p1a: Kingambit|No Guard|Defiant|[from] move: Entrainment|[of] p1b: Hawlucha\n|move|p2b: Pelipper|Hurricane|p1b: Hawlucha\n|-supereffective|p1b: Hawlucha|1\n|-damage|p1b: Hawlucha|3/100\n|move|p2a: Victreebel|Knock Off|p1a: Kingambit\n|-resisted|p1a: Kingambit|1\n|-damage|p1a: Kingambit|92/100\n|-enditem|p1a: Kingambit|Leftovers|[from] move: Knock Off|[of] p2a: Victreebel\n|move|p1a: Kingambit|Guillotine|p2b: Pelipper\n|-damage|p2b: Pelipper|0 fnt\n|faint|p2b: Pelipper\n|-ohko\n|\n|-weather|RainDance|[upkeep]\n|upkeep\n|\n|t:|1776259915\n|switch|p2b: Archaludon|Archaludon, L50, F|100/100\n|turn|2\n|\n|t:|1776259932\n|move|p2b: Archaludon|Protect|p2b: Archaludon\n|-singleturn|p2b: Archaludon|Protect\n|move|p1b: Hawlucha|Close Combat|p2b: Archaludon\n|-activate|p2b: Archaludon|move: Protect\n|move|p2a: Victreebel|Sludge Bomb|p1b: Hawlucha\n|-damage|p1b: Hawlucha|0 fnt\n|faint|p1b: Hawlucha\n|move|p1a: Kingambit|Guillotine|p2b: Archaludon\n|-activate|p2b: Archaludon|move: Protect\n|\n|-weather|RainDance|[upkeep]\n|upkeep\n|\n|t:|1776259951\n|switch|p1b: Farigiraf|Farigiraf, L50, M, shiny|100/100\n|turn|3\n|\n|t:|1776259972\n|switch|p2b: Basculegion|Basculegion, L50, M|100/100\n|move|p2a: Victreebel|Knock Off|p1b: Farigiraf\n|-supereffective|p1b: Farigiraf|1\n|-damage|p1b: Farigiraf|36/100\n|-enditem|p1b: Farigiraf|Sitrus Berry|[from] move: Knock Off|[of] p2a: Victreebel\n|move|p1b: Farigiraf|Psychic|p2a: Victreebel\n|-supereffective|p2a: Victreebel|1\n|-damage|p2a: Victreebel|6/100\n|move|p1a: Kingambit|Guillotine|p2b: Basculegion\n|-immune|p2b: Basculegion\n|\n|-weather|RainDance|[upkeep]\n|upkeep\n|turn|4\n|inactive|telesticGhost has 30 seconds left.\n|inactive|JustBlaze1z3 has 30 seconds left.\n|\n|t:|1776260004\n|move|p1a: Kingambit|Sucker Punch|p2b: Basculegion\n|-supereffective|p2b: Basculegion|1\n|-damage|p2b: Basculegion|0 fnt\n|faint|p2b: Basculegion\n|move|p2a: Victreebel|Knock Off|p1b: Farigiraf\n|-supereffective|p1b: Farigiraf|1\n|-damage|p1b: Farigiraf|0 fnt\n|faint|p1b: Farigiraf\n|\n|-weather|RainDance|[upkeep]\n|upkeep\n|\n|t:|1776260017\n|switch|p2b: Archaludon|Archaludon, L50, F|100/100\n|switch|p1b: Hydrapple|Hydrapple, L50, F, shiny|100/100\n|turn|5\n|inactive|JustBlaze1z3 has 30 seconds left.\n|inactive|JustBlaze1z3 has 20 seconds left.\n|inactive|JustBlaze1z3 has 15 seconds left.\n|inactive|JustBlaze1z3 has 10 seconds left.\n|\n|t:|1776260063\n|move|p2b: Archaludon|Protect|p2b: Archaludon\n|-singleturn|p2b: Archaludon|Protect\n|move|p2a: Victreebel|Sludge Bomb|p1b: Hydrapple\n|-supereffective|p1b: Hydrapple|1\n|-damage|p1b: Hydrapple|15/100\n|-status|p1b: Hydrapple|psn\n|move|p1b: Hydrapple|Fickle Beam|p2a: Victreebel\n|-damage|p2a: Victreebel|0 fnt\n|-damage|p1b: Hydrapple|10/100 psn|[from] ability: Innards Out|[of] p2a: Victreebel\n|faint|p2a: Victreebel\n|move|p1a: Kingambit|Guillotine|p2b: Archaludon\n|-activate|p2b: Archaludon|move: Protect\n|\n|-weather|none\n|-damage|p1b: Hydrapple|0 fnt|[from] psn\n|faint|p1b: Hydrapple\n|upkeep\n|turn|6\n|\n|t:|1776260087\n|move|p2b: Archaludon|Draco Meteor|p1a: Kingambit\n|-resisted|p1a: Kingambit|1\n|-damage|p1a: Kingambit|58/100\n|-unboost|p2b: Archaludon|spa|2\n|move|p1a: Kingambit|Guillotine|p2b: Archaludon\n|-damage|p2b: Archaludon|0 fnt\n|faint|p2b: Archaludon\n|-ohko\n|\n|win|telesticGhost\n|raw|telesticGhost's rating: 1011 &rarr; <strong>1048</strong><br />(+37 for winning)\n|raw|JustBlaze1z3's rating: 1000 &rarr; <strong>1000</strong><br />(+0 for losing)\n|l|\u2606JustBlaze1z3\n|player|p2|\n",
  "uploadtime": 1776260101,
  "views": 49,
  "formatid": "gen9championsvgc2026regma",
  "rating": 1000,
  "private": 0,
  "password": null
}