{
  "id": "gen9championsvgc2026regma-2582325694",
  "format": "[Gen 9 Champions] VGC 2026 Reg M-A",
  "players": [
    "On the wave now",
    "Inblomm"
  ],
  "log": "|j|\u2606On the wave now\n|j|\u2606Inblomm\n|t:|1776083522\n|gametype|doubles\n|player|p1|On the wave now|ruinmaniac|1075\n|player|p2|Inblomm|2|1140\n|gen|9\n|tier|[Gen 9 Champions] VGC 2026 Reg M-A\n|rated|\n|rule|Species Clause: Limit one of each Pok\u00e9mon\n|rule|Item Clause: Limit 1 of each item\n|clearpoke\n|poke|p1|Delphox, L50, M|\n|poke|p1|Sneasler, L50, M|\n|poke|p1|Ninetales, L50, M|\n|poke|p1|Milotic, L50, M|\n|poke|p1|Venusaur, L50, M|\n|poke|p1|Whimsicott, L50, M|\n|poke|p2|Charizard, L50, F|\n|poke|p2|Maushold-Four, L50|\n|poke|p2|Sneasler, L50, M|\n|poke|p2|Dragapult, L50, F|\n|poke|p2|Kingambit, L50, F|\n|poke|p2|Garchomp, L50, F|\n|teampreview|4\nOn the wave now has agreed to open team sheets.\n|inactive|Battle timer is ON: inactive players will automatically lose when time's up. (requested by Inblomm)\n|c|\u2606On the wave now|glhf\n|inactive|On the wave now has 60 seconds left.\n|\n|t:|1776083571\n|teamsize|p1|4\n|teamsize|p2|4\n|start\n|switch|p1a: Delphox|Delphox, L50, M|100/100\n|switch|p1b: Sneasler|Sneasler, L50, M|100/100\n|switch|p2a: Sneasler|Sneasler, L50, M|100/100\n|switch|p2b: Garchomp|Garchomp, L50, F|100/100\n|turn|1\n|inactive|On the wave now has 30 seconds left.\n|inactive|Inblomm has 30 seconds left.\n|inactive|Inblomm has 20 seconds left.\n|inactive|Inblomm has 15 seconds left.\n|inactive|Inblomm has 10 seconds left.\n|\n|t:|1776083620\n|move|p1a: Delphox|Protect|p1a: Delphox\n|-singleturn|p1a: Delphox|Protect\n|move|p1b: Sneasler|Fake Out|p2a: Sneasler\n|-damage|p2a: Sneasler|78/100\n|cant|p2a: Sneasler|flinch\n|move|p2b: Garchomp|Stone Edge|p1a: Delphox\n|-activate|p1a: Delphox|move: Protect\n|\n|upkeep\n|turn|2\n|\n|t:|1776083642\n|switch|p2a: Maushold|Maushold-Four, L50|100/100\n|switch|p1a: Whimsicott|Whimsicott, L50, M|100/100\n|move|p2b: Garchomp|Stone Edge|p1a: Whimsicott\n|-damage|p1a: Whimsicott|46/100\n|move|p1b: Sneasler|Close Combat|p2b: Garchomp\n|-crit|p2b: Garchomp\n|-damage|p2b: Garchomp|30/100\n|-unboost|p1b: Sneasler|def|1\n|-unboost|p1b: Sneasler|spd|1\n|-damage|p1b: Sneasler|88/100|[from] ability: Rough Skin|[of] p2b: Garchomp\n|-enditem|p1b: Sneasler|White Herb\n|-clearnegativeboost|p1b: Sneasler|[silent]\n|\n|upkeep\n|turn|3\n|inactive|On the wave now has 30 seconds left.\n|inactive|Inblomm has 30 seconds left.\n|inactive|Inblomm has 20 seconds left.\n|inactive|Inblomm has 15 seconds left.\n|inactive|Inblomm has 10 seconds left.\n|\n|t:|1776083692\n|switch|p2b: Sneasler|Sneasler, L50, M|78/100\n|move|p2a: Maushold|Protect|p2a: Maushold\n|-singleturn|p2a: Maushold|Protect\n|move|p1b: Sneasler|Close Combat|p2a: Maushold\n|-activate|p2a: Maushold|move: Protect\n|move|p1a: Whimsicott|Moonblast|p2a: Maushold\n|-activate|p2a: Maushold|move: Protect\n|\n|upkeep\n|turn|4\n|inactive|Inblomm has 30 seconds left.\n|\n|t:|1776083721\n|move|p1a: Whimsicott|Tailwind|p1a: Whimsicott\n|-sidestart|p1: On the wave now|move: Tailwind\n|move|p1b: Sneasler|Close Combat|p2a: Maushold\n|-supereffective|p2a: Maushold|1\n|-enditem|p2a: Maushold|Chople Berry|[eat]\n|-enditem|p2a: Maushold|Chople Berry|[weaken]\n|-damage|p2a: Maushold|19/100\n|-unboost|p1b: Sneasler|def|1\n|-unboost|p1b: Sneasler|spd|1\n|move|p2b: Sneasler|Dire Claw|p1a: Whimsicott\n|-supereffective|p1a: Whimsicott|2\n|-damage|p1a: Whimsicott|0 fnt\n|faint|p1a: Whimsicott\n|move|p2a: Maushold|Super Fang|p1b: Sneasler\n|-damage|p1b: Sneasler|45/100\n|\n|upkeep\n|\n|t:|1776083731\n|switch|p1a: Delphox|Delphox, L50, M|100/100\n|turn|5\n|inactive|Inblomm has 30 seconds left.\n|inactive|Inblomm has 20 seconds left.\n|inactive|Inblomm has 15 seconds left.\n|inactive|Inblomm has 10 seconds left.\n|inactive|Inblomm has 5 seconds left.\n|\n|t:|1776083785\n|detailschange|p1a: Delphox|Delphox-Mega, L50, M\n|-mega|p1a: Delphox|Delphox|Delphoxite\n|move|p2a: Maushold|Protect|p2a: Maushold\n|-singleturn|p2a: Maushold|Protect\n|move|p1b: Sneasler|Dire Claw|p2a: Maushold\n|-activate|p2a: Maushold|move: Protect\n|move|p1a: Delphox|Psychic|p2b: Sneasler\n|-supereffective|p2b: Sneasler|2\n|-damage|p2b: Sneasler|0 fnt\n|faint|p2b: Sneasler\n|\n|upkeep\n|\n|t:|1776083797\n|switch|p2b: Charizard|Charizard, L50, F|100/100\n|turn|6\n|\n|t:|1776083812\n|detailschange|p2b: Charizard|Charizard-Mega-Y, L50, F\n|-mega|p2b: Charizard|Charizard|Charizardite Y\n|-weather|SunnyDay|[from] ability: Drought|[of] p2b: Charizard\n|move|p2a: Maushold|Follow Me|p2a: Maushold\n|-singleturn|p2a: Maushold|move: Follow Me\n|move|p1b: Sneasler|Dire Claw|p2a: Maushold\n|-crit|p2a: Maushold\n|-damage|p2a: Maushold|0 fnt\n|faint|p2a: Maushold\n|move|p1a: Delphox|Heat Wave|p2b: Charizard\n|-resisted|p2b: Charizard|1\n|-damage|p2b: Charizard|61/100\n|move|p2b: Charizard|Heat Wave|p1b: Sneasler|[spread] p1a,p1b\n|-resisted|p1a: Delphox|1\n|-damage|p1a: Delphox|67/100\n|-damage|p1b: Sneasler|0 fnt\n|faint|p1b: Sneasler\n|\n|-weather|SunnyDay|[upkeep]\n|upkeep\n|\n|t:|1776083828\n|switch|p1b: Venusaur|Venusaur, L50, M|100/100\n|switch|p2a: Garchomp|Garchomp, L50, F|30/100\n|turn|7\n|\n|t:|1776083841\n|move|p1b: Venusaur|Giga Drain|p2a: Garchomp\n|-damage|p2a: Garchomp|0 fnt\n|faint|p2a: Garchomp\n|move|p1a: Delphox|Psychic|p2b: Charizard\n|-damage|p2b: Charizard|13/100\n|move|p2b: Charizard|Heat Wave|p1a: Delphox|[spread] p1a,p1b\n|-resisted|p1a: Delphox|1\n|-supereffective|p1b: Venusaur|1\n|-damage|p1a: Delphox|37/100\n|-damage|p1b: Venusaur|0 fnt\n|faint|p1b: Venusaur\n|\n|-weather|SunnyDay|[upkeep]\n|-sideend|p1: On the wave now|move: Tailwind\n|upkeep\n|turn|8\n|c|\u2606On the wave now|gg\n|\n|t:|1776083855\n|move|p1a: Delphox|Psychic|p2b: Charizard\n|-crit|p2b: Charizard\n|-damage|p2b: Charizard|0 fnt\n|faint|p2b: Charizard\n|\n|win|On the wave now\n|raw|On the wave now's rating: 1075 &rarr; <strong>1109</strong><br />(+34 for winning)\n|raw|Inblomm's rating: 1140 &rarr; <strong>1110</strong><br />(-30 for losing)\n|l|\u2606Inblomm\n|player|p2|\n",
  "uploadtime": 1776083857,
  "views": 13,
  "formatid": "gen9championsvgc2026regma",
  "rating": 1109,
  "private": 0,
  "password": null
}