{
  "id": "gen9championsvgc2026regma-2583738369",
  "format": "[Gen 9 Champions] VGC 2026 Reg M-A",
  "players": [
    "ciche",
    "SwirledX"
  ],
  "log": "|j|\u2606ciche\n|j|\u2606SwirledX\n|t:|1776194346\n|gametype|doubles\n|player|p1|ciche|dawn|1067\n|player|p2|SwirledX|101|1165\n|gen|9\n|tier|[Gen 9 Champions] VGC 2026 Reg M-A\n|rated|\n|rule|Species Clause: Limit one of each Pok\u00e9mon\n|rule|Item Clause: Limit 1 of each item\n|clearpoke\n|poke|p1|Torkoal, L50, M|\n|poke|p1|Sinistcha, L50|\n|poke|p1|Farigiraf, L50, M|\n|poke|p1|Scizor, L50, F|\n|poke|p1|Hydreigon, L50, M|\n|poke|p1|Tauros-Paldea-Aqua, L50, M|\n|poke|p2|Charizard, L50, F|\n|poke|p2|Venusaur, L50, F|\n|poke|p2|Garchomp, L50, M|\n|poke|p2|Rotom-Wash, L50|\n|poke|p2|Sneasler, L50, M|\n|poke|p2|Incineroar, L50, F|\n|teampreview|4\n|inactive|Battle timer is ON: inactive players will automatically lose when time's up. (requested by ciche)\nSwirledX has agreed to open team sheets.\nciche has agreed to open team sheets.\n|showteam|p1|Torkoal||Charcoal|Drought|Eruption,Protect,WeatherBall,EarthPower|||M|||50|]Sinistcha||SitrusBerry|Hospitality|TrickRoom,MatchaGotcha,RagePowder,StrengthSap||||||50|]Farigiraf||Leftovers|ArmorTail|TrickRoom,HelpingHand,Protect,Psychic|||M|||50|]Scizor||Scizorite|Technician|BugBite,BulletPunch,Protect,SwordsDance|||F|||50|]Hydreigon||ChoiceScarf|Levitate|DracoMeteor,DarkPulse,HeatWave,Snarl|||M|||50|]Tauros-Paldea-Aqua||FocusSash|Intimidate|AquaJet,RagingBull,Protect,CloseCombat|||M|||50|\n|showteam|p2|Charizard||CharizarditeY|SolarPower|HeatWave,SolarBeam,WeatherBall,Protect|||F|||50|]Venusaur||FocusSash|Chlorophyll|SleepPowder,LeafStorm,SludgeBomb,Protect|||F|||50|]Garchomp||ChoiceScarf|RoughSkin|RockSlide,Earthquake,DragonClaw,StompingTantrum|||M|||50|]Rotom-Wash||Leftovers|Levitate|HydroPump,VoltSwitch,HelpingHand,Protect||||||50|]Sneasler||WhiteHerb|Unburden|FakeOut,CloseCombat,DireClaw,RockTomb|||M|||50|]Incineroar||SitrusBerry|Intimidate|FakeOut,FlareBlitz,DarkestLariat,PartingShot|||F|||50|\n|inactive|ciche has 60 seconds left.\n|inactive|SwirledX has 60 seconds left.\n|inactive|ciche has 30 seconds left.\n|inactive|ciche has 20 seconds left.\n|\n|t:|1776194417\n|teamsize|p1|4\n|teamsize|p2|4\n|start\n|switch|p1a: Farigiraf|Farigiraf, L50, M, shiny|100/100\n|switch|p1b: Tauros|Tauros-Paldea-Aqua, L50, M|100/100\n|switch|p2a: Incineroar|Incineroar, L50, F|100/100\n|switch|p2b: Rotom|Rotom-Wash, L50|100/100\n|-ability|p1b: Tauros|Intimidate|boost\n|-unboost|p2a: Incineroar|atk|1\n|-unboost|p2b: Rotom|atk|1\n|-ability|p2a: Incineroar|Intimidate|boost\n|-unboost|p1a: Farigiraf|atk|1\n|-unboost|p1b: Tauros|atk|1\n|turn|1\n|inactive|SwirledX has 30 seconds left.\n|inactive|SwirledX has 20 seconds left.\n|inactive|SwirledX has 15 seconds left.\n|inactive|SwirledX has 10 seconds left.\n|inactive|SwirledX has 5 seconds left.\n|\n|t:|1776194470\n|move|p1b: Tauros|Protect|p1b: Tauros\n|-singleturn|p1b: Tauros|Protect\n|move|p2b: Rotom|Volt Switch|p1b: Tauros\n|-activate|p1b: Tauros|move: Protect\n|move|p2a: Incineroar|Parting Shot|p1b: Tauros\n|-activate|p1b: Tauros|move: Protect\n|move|p1a: Farigiraf|Trick Room|p1a: Farigiraf\n|-fieldstart|move: Trick Room|[of] p1a: Farigiraf\n|\n|upkeep\n|turn|2\n|inactive|SwirledX has 30 seconds left.\n|inactive|ciche has 30 seconds left.\n|inactive|SwirledX has 20 seconds left.\n|\n|t:|1776194509\n|move|p2b: Rotom|Helping Hand|p2a: Incineroar\n|-singleturn|p2a: Incineroar|Helping Hand|[of] p2b: Rotom\n|move|p1a: Farigiraf|Psychic|p2b: Rotom\n|-damage|p2b: Rotom|62/100\n|move|p2a: Incineroar|Darkest Lariat|p1a: Farigiraf\n|-supereffective|p1a: Farigiraf|1\n|-damage|p1a: Farigiraf|15/100\n|move|p1b: Tauros|Raging Bull|p2a: Incineroar\n|-supereffective|p2a: Incineroar|1\n|-damage|p2a: Incineroar|44/100\n|-enditem|p2a: Incineroar|Sitrus Berry|[eat]\n|-heal|p2a: Incineroar|69/100|[from] item: Sitrus Berry\n|\n|-heal|p1a: Farigiraf|21/100|[from] item: Leftovers\n|-heal|p2b: Rotom|67/100|[from] item: Leftovers\n|upkeep\n|turn|3\n|inactive|ciche has 30 seconds left.\n|inactive|SwirledX has 30 seconds left.\n|\n|t:|1776194541\n|move|p2b: Rotom|Protect|p2b: Rotom\n|-singleturn|p2b: Rotom|Protect\n|move|p1a: Farigiraf|Psychic|p2b: Rotom\n|-activate|p2b: Rotom|move: Protect\n|move|p2a: Incineroar|Parting Shot|p1a: Farigiraf\n|-unboost|p1a: Farigiraf|atk|1\n|-unboost|p1a: Farigiraf|spa|1\n|\n|t:|1776194548\n|switch|p2a: Venusaur|Venusaur, L50, F|100/100|[from] Parting Shot\n|move|p1b: Tauros|Close Combat|p2a: Venusaur\n|-resisted|p2a: Venusaur|1\n|-damage|p2a: Venusaur|74/100\n|-unboost|p1b: Tauros|def|1\n|-unboost|p1b: Tauros|spd|1\n|\n|-heal|p1a: Farigiraf|27/100|[from] item: Leftovers\n|-heal|p2b: Rotom|73/100|[from] item: Leftovers\n|upkeep\n|turn|4\n|inactive|SwirledX has 30 seconds left.\n|\n|t:|1776194578\n|switch|p1b: Torkoal|Torkoal, L50, M|100/100\n|-weather|SunnyDay|[from] ability: Drought|[of] p1b: Torkoal\n|move|p2b: Rotom|Helping Hand|p2a: Venusaur\n|-singleturn|p2a: Venusaur|Helping Hand|[of] p2b: Rotom\n|move|p1a: Farigiraf|Psychic|p2a: Venusaur\n|-supereffective|p2a: Venusaur|1\n|-damage|p2a: Venusaur|12/100\n|-unboost|p2a: Venusaur|spd|1\n|move|p2a: Venusaur|Sludge Bomb|p1a: Farigiraf\n|-damage|p1a: Farigiraf|0 fnt\n|faint|p1a: Farigiraf\n|\n|-weather|SunnyDay|[upkeep]\n|-heal|p2b: Rotom|79/100|[from] item: Leftovers\n|upkeep\n|\n|t:|1776194602\n|switch|p1a: Sinistcha|Sinistcha, L50|100/100\n|turn|5\n|\n|t:|1776194627\n|switch|p2a: Incineroar|Incineroar, L50, F|69/100\n|-ability|p2a: Incineroar|Intimidate|boost\n|-unboost|p1a: Sinistcha|atk|1\n|-unboost|p1b: Torkoal|atk|1\n|move|p1b: Torkoal|Eruption|p2b: Rotom|[spread] p2a,p2b\n|-resisted|p2a: Incineroar|1\n|-resisted|p2b: Rotom|1\n|-damage|p2a: Incineroar|25/100\n|-damage|p2b: Rotom|34/100\n|move|p1a: Sinistcha|Matcha Gotcha|p2b: Rotom|[spread] p2a,p2b\n|-resisted|p2a: Incineroar|1\n|-supereffective|p2b: Rotom|1\n|-damage|p2a: Incineroar|12/100\n|-damage|p2b: Rotom|0 fnt\n|faint|p2b: Rotom\n|\n|-weather|SunnyDay|[upkeep]\n|-fieldend|move: Trick Room\n|upkeep\n|\n|t:|1776194645\n|switch|p2b: Charizard|Charizard, L50, F|100/100\n|turn|6\n|\n|t:|1776194668\n|switch|p1a: Tauros|Tauros-Paldea-Aqua, L50, M|100/100\n|-ability|p1a: Tauros|Intimidate|boost\n|-unboost|p2a: Incineroar|atk|1\n|-unboost|p2b: Charizard|atk|1\n|move|p1b: Torkoal|Protect|p1b: Torkoal\n|-singleturn|p1b: Torkoal|Protect\n|move|p2a: Incineroar|Fake Out|p1b: Torkoal\n|-activate|p1b: Torkoal|move: Protect\n|move|p2b: Charizard|Weather Ball|p1a: Tauros\n|-resisted|p1a: Tauros|1\n|-damage|p1a: Tauros|16/100\n|\n|-weather|SunnyDay|[upkeep]\n|-damage|p2b: Charizard|88/100|[from] ability: Solar Power|[of] p2b: Charizard\n|upkeep\n|turn|7\n|inactive|SwirledX has 30 seconds left.\n|inactive|SwirledX has 20 seconds left.\n|\n|t:|1776194706\n|detailschange|p2b: Charizard|Charizard-Mega-Y, L50, F\n|-mega|p2b: Charizard|Charizard|Charizardite Y\n|move|p1a: Tauros|Aqua Jet|p2a: Incineroar\n|-supereffective|p2a: Incineroar|1\n|-damage|p2a: Incineroar|0 fnt\n|faint|p2a: Incineroar\n|move|p2b: Charizard|Heat Wave|p1b: Torkoal|[spread] p1b\n|-miss|p2b: Charizard|p1a: Tauros\n|-resisted|p1b: Torkoal|1\n|-damage|p1b: Torkoal|58/100\n|move|p1b: Torkoal|Eruption|p2b: Charizard\n|-resisted|p2b: Charizard|1\n|-damage|p2b: Charizard|56/100\n|\n|-weather|SunnyDay|[upkeep]\n|upkeep\n|\n|t:|1776194718\n|switch|p2a: Venusaur|Venusaur, L50, F|12/100\n|turn|8\n|\n|t:|1776194729\n|move|p1b: Torkoal|Protect|p1b: Torkoal\n|-singleturn|p1b: Torkoal|Protect\n|move|p1a: Tauros|Aqua Jet|p2b: Charizard\n|-supereffective|p2b: Charizard|1\n|-damage|p2b: Charizard|27/100\n|move|p2a: Venusaur|Sleep Powder|p1b: Torkoal\n|-activate|p1b: Torkoal|move: Protect\n|move|p2b: Charizard|Solar Beam||[still]\n|-prepare|p2b: Charizard|Solar Beam\n|-anim|p2b: Charizard|Solar Beam|p1a: Tauros\n|-supereffective|p1a: Tauros|1\n|-damage|p1a: Tauros|0 fnt\n|faint|p1a: Tauros\n|\n|-weather|none\n|upkeep\n|\n|t:|1776194739\n|switch|p1a: Sinistcha|Sinistcha, L50|100/100\n|-heal|p1b: Torkoal|83/100|[from] ability: Hospitality|[of] p1a: Sinistcha\n|turn|9\n|inactive|ciche has 30 seconds left.\n|inactive|ciche has 20 seconds left.\n|\n|t:|1776194780\n|move|p2b: Charizard|Heat Wave|p1a: Sinistcha|[spread] p1a,p1b\n|-supereffective|p1a: Sinistcha|1\n|-resisted|p1b: Torkoal|1\n|-damage|p1a: Sinistcha|9/100\n|-damage|p1b: Torkoal|56/100\n|-enditem|p1a: Sinistcha|Sitrus Berry|[eat]\n|-heal|p1a: Sinistcha|34/100|[from] item: Sitrus Berry\n|move|p2a: Venusaur|Sleep Powder|p1b: Torkoal\n|-status|p1b: Torkoal|slp|[from] move: Sleep Powder\n|cant|p1b: Torkoal|slp\n|move|p1a: Sinistcha|Trick Room|p1a: Sinistcha\n|-fieldstart|move: Trick Room|[of] p1a: Sinistcha\n|\n|upkeep\n|turn|10\n|inactive|ciche has 30 seconds left.\n|inactive|SwirledX has 30 seconds left.\n|\n|t:|1776194808\n|-curestatus|p1b: Torkoal|slp|[msg]\n|move|p1b: Torkoal|Protect|p1b: Torkoal\n|-singleturn|p1b: Torkoal|Protect\n|move|p1a: Sinistcha|Matcha Gotcha|p2a: Venusaur|[spread] p2a,p2b\n|-resisted|p2a: Venusaur|2\n|-resisted|p2b: Charizard|2\n|-damage|p2a: Venusaur|6/100\n|-heal|p1a: Sinistcha|37/100|[from] drain|[of] p2a: Venusaur\n|-damage|p2b: Charizard|21/100\n|-heal|p1a: Sinistcha|40/100|[from] drain|[of] p2b: Charizard\n|move|p2a: Venusaur|Sludge Bomb|p1a: Sinistcha\n|-damage|p1a: Sinistcha|0 fnt\n|faint|p1a: Sinistcha\n|move|p2b: Charizard|Heat Wave|p1b: Torkoal\n|-activate|p1b: Torkoal|move: Protect\n|\n|upkeep\n|turn|11\n|c|\u2606ciche|gg\n|inactive|SwirledX has 30 seconds left.\n|c|\u2606SwirledX|gg\n|\n|t:|1776194839\n|move|p2a: Venusaur|Protect|p2a: Venusaur\n|-singleturn|p2a: Venusaur|Protect\n|move|p2b: Charizard|Protect|p2b: Charizard\n|-singleturn|p2b: Charizard|Protect\n|move|p1b: Torkoal|Eruption|p2a: Venusaur|[spread] \n|-activate|p2a: Venusaur|move: Protect\n|-activate|p2b: Charizard|move: Protect\n|\n|upkeep\n|turn|12\n|c|\u2606ciche|3x protect XD\n|\n|t:|1776194856\n|move|p1b: Torkoal|Eruption|p2a: Venusaur|[spread] p2a,p2b\n|-supereffective|p2a: Venusaur|1\n|-resisted|p2b: Charizard|1\n|-damage|p2a: Venusaur|0 fnt\n|-damage|p2b: Charizard|4/100\n|faint|p2a: Venusaur\n|move|p2b: Charizard|Heat Wave|p1b: Torkoal\n|-resisted|p1b: Torkoal|1\n|-damage|p1b: Torkoal|19/100\n|\n|upkeep\n|turn|13\n|c|\u2606ciche|no way\n|c|\u2606SwirledX|think i threw gg\n|c|\u2606ciche|howw\n|c|\u2606ciche|no man\n|inactive|ciche has 30 seconds left.\n|c|\u2606ciche|its my only move\n|inactive|ciche has 20 seconds left.\n|inactive|ciche has 15 seconds left.\n|inactive|ciche has 10 seconds left.\n|\n|t:|1776194905\n|move|p2b: Charizard|Protect|p2b: Charizard\n|-singleturn|p2b: Charizard|Protect\n|move|p1b: Torkoal|Eruption|p2b: Charizard\n|-activate|p2b: Charizard|move: Protect\n|\n|-fieldend|move: Trick Room\n|upkeep\n|turn|14\n|\n|t:|1776194915\n|move|p1b: Torkoal|Protect|p1b: Torkoal\n|-singleturn|p1b: Torkoal|Protect\n|move|p2b: Charizard|Heat Wave|p1b: Torkoal\n|-activate|p1b: Torkoal|move: Protect\n|\n|upkeep\n|turn|15\n|\n|t:|1776194922\n|move|p2b: Charizard|Heat Wave|p1b: Torkoal\n|-resisted|p1b: Torkoal|1\n|-damage|p1b: Torkoal|0 fnt\n|faint|p1b: Torkoal\n|\n|win|SwirledX\n|raw|ciche's rating: 1067 &rarr; <strong>1052</strong><br />(-15 for losing)\n|raw|SwirledX's rating: 1165 &rarr; <strong>1183</strong><br />(+18 for winning)\n|c|\u2606ciche|unlucky roll\n|c|\u2606SwirledX|ggwp\n",
  "uploadtime": 1776194962,
  "views": 19,
  "formatid": "gen9championsvgc2026regma",
  "rating": 1052,
  "private": 0,
  "password": null
}