{
  "id": "gen9championsvgc2026regma-2587593198",
  "format": "[Gen 9 Champions] VGC 2026 Reg M-A",
  "players": [
    "Flakenz",
    "rauliito_adh"
  ],
  "log": "|j|\u2606Flakenz\n|j|\u2606rauliito_adh\n|t:|1776545212\n|gametype|doubles\n|player|p1|Flakenz|boarder|1453\n|player|p2|rauliito_adh|hilbert|1516\n|gen|9\n|tier|[Gen 9 Champions] VGC 2026 Reg M-A\n|rated|\n|rule|Species Clause: Limit one of each Pok\u00e9mon\n|rule|Item Clause: Limit 1 of each item\n|clearpoke\n|poke|p1|Gengar, L50, M|\n|poke|p1|Kingambit, L50, M|\n|poke|p1|Talonflame, L50, M, shiny|\n|poke|p1|Blastoise, L50, M|\n|poke|p1|Sinistcha, L50|\n|poke|p1|Arcanine-Hisui, L50, M|\n|poke|p2|Gardevoir, L50, M, shiny|\n|poke|p2|Basculegion, L50, M, shiny|\n|poke|p2|Maushold-Four, L50, shiny|\n|poke|p2|Talonflame, L50, M, shiny|\n|poke|p2|Garchomp, L50, M|\n|poke|p2|Kingambit, L50, M, shiny|\n|teampreview|4\n|j| knochum\n|\n|t:|1776545252\n|teamsize|p1|4\n|teamsize|p2|4\n|start\n|switch|p1a: Talonflame|Talonflame, L50, M, shiny|100/100\n|switch|p1b: Blastoise|Blastoise, L50, M|100/100\n|switch|p2a: Talonflame|Talonflame, L50, M, shiny|100/100\n|switch|p2b: Garchomp|Garchomp, L50, M|100/100\n|turn|1\n|inactive|Battle timer is ON: inactive players will automatically lose when time's up. (requested by rauliito_adh)\n|\n|t:|1776545280\n|move|p1a: Talonflame|Protect|p1a: Talonflame\n|-singleturn|p1a: Talonflame|Protect\n|move|p1b: Blastoise|Protect|p1b: Blastoise\n|-singleturn|p1b: Blastoise|Protect\n|move|p2a: Talonflame|Tailwind|p2a: Talonflame\n|-sidestart|p2: rauliito_adh|move: Tailwind\n|move|p2b: Garchomp|Rock Slide|p1b: Blastoise|[spread] \n|-activate|p1a: Talonflame|move: Protect\n|-activate|p1b: Blastoise|move: Protect\n|\n|upkeep\n|turn|2\n|\n|t:|1776545297\n|detailschange|p1b: Blastoise|Blastoise-Mega, L50, M\n|-mega|p1b: Blastoise|Blastoise|Blastoisinite\n|move|p2a: Talonflame|Acrobatics|p1a: Talonflame\n|-damage|p1a: Talonflame|36/100\n|move|p2b: Garchomp|Rock Slide|p1b: Blastoise|[spread] p1a,p1b\n|-supereffective|p1a: Talonflame|2\n|-damage|p1a: Talonflame|0 fnt\n|-damage|p1b: Blastoise|80/100\n|faint|p1a: Talonflame\n|move|p1b: Blastoise|Water Spout|p2b: Garchomp|[spread] p2a,p2b\n|-supereffective|p2a: Talonflame|1\n|-damage|p2a: Talonflame|0 fnt\n|-damage|p2b: Garchomp|42/100\n|faint|p2a: Talonflame\n|\n|upkeep\n|\n|t:|1776545311\n|switch|p1a: Sinistcha|Sinistcha, L50|100/100\n|switch|p2a: Gardevoir|Gardevoir, L50, M, shiny|100/100\n|-heal|p1b: Blastoise|100/100|[from] ability: Hospitality|[of] p1a: Sinistcha\n|turn|3\n|inactive|Flakenz has 30 seconds left.\n|\n|t:|1776545343\n|detailschange|p2a: Gardevoir|Gardevoir-Mega, L50, M, shiny\n|-mega|p2a: Gardevoir|Gardevoir|Gardevoirite\n|move|p2b: Garchomp|Rock Slide|p1b: Blastoise|[spread] p1a,p1b\n|-crit|p1a: Sinistcha\n|-damage|p1a: Sinistcha|72/100\n|-damage|p1b: Blastoise|82/100\n|move|p2a: Gardevoir|Hyper Voice|p1b: Blastoise|[spread] p1a,p1b\n|-damage|p1a: Sinistcha|25/100\n|-damage|p1b: Blastoise|32/100\n|-enditem|p1a: Sinistcha|Sitrus Berry|[eat]\n|-heal|p1a: Sinistcha|49/100|[from] item: Sitrus Berry\n|move|p1b: Blastoise|Dark Pulse|p2a: Gardevoir\n|-damage|p2a: Gardevoir|62/100\n|move|p1a: Sinistcha|Life Dew|p1a: Sinistcha|[spread] p1a,p1b\n|-heal|p1a: Sinistcha|75/100\n|-heal|p1b: Blastoise|57/100\n|\n|upkeep\n|turn|4\n|\n|t:|1776545367\n|move|p1b: Blastoise|Protect|p1b: Blastoise\n|-singleturn|p1b: Blastoise|Protect\n|move|p2b: Garchomp|Rock Slide|p1a: Sinistcha|[spread] \n|-activate|p1b: Blastoise|move: Protect\n|-miss|p2b: Garchomp|p1a: Sinistcha\n|move|p2a: Gardevoir|Hyper Voice|p1a: Sinistcha|[spread] p1a\n|-activate|p1b: Blastoise|move: Protect\n|-damage|p1a: Sinistcha|29/100\n|move|p1a: Sinistcha|Matcha Gotcha|p2b: Garchomp|[spread] p2a,p2b\n|-damage|p2a: Gardevoir|42/100\n|-heal|p1a: Sinistcha|39/100|[from] drain|[of] p2a: Gardevoir\n|-damage|p2b: Garchomp|13/100\n|-heal|p1a: Sinistcha|54/100|[from] drain|[of] p2b: Garchomp\n|\n|-sideend|p2: rauliito_adh|move: Tailwind\n|upkeep\n|turn|5\n|j| GoodraSweetheart76\n|inactive|Flakenz has 30 seconds left.\n|inactive|Flakenz has 20 seconds left.\n|\n|t:|1776545403\n|switch|p1b: Arcanine|Arcanine-Hisui, L50, M|100/100\n|-ability|p1b: Arcanine|Intimidate|boost\n|-unboost|p2a: Gardevoir|atk|1\n|-unboost|p2b: Garchomp|atk|1\n|-enditem|p2b: Garchomp|White Herb\n|-clearnegativeboost|p2b: Garchomp|[silent]\n|move|p2b: Garchomp|Rock Slide|p1b: Arcanine|[spread] p1a,p1b\n|-supereffective|p1b: Arcanine|1\n|-damage|p1a: Sinistcha|38/100\n|-damage|p1b: Arcanine|48/100\n|move|p2a: Gardevoir|Hyper Voice|p1b: Arcanine|[spread] p1a,p1b\n|-resisted|p1b: Arcanine|1\n|-damage|p1a: Sinistcha|0 fnt\n|-damage|p1b: Arcanine|14/100\n|faint|p1a: Sinistcha\n|\n|upkeep\n|\n|t:|1776545416\n|switch|p1a: Blastoise|Blastoise-Mega, L50, M|57/100\n|turn|6\n|\n|t:|1776545426\n|move|p2b: Garchomp|Protect|p2b: Garchomp\n|-singleturn|p2b: Garchomp|Protect\n|move|p2a: Gardevoir|Protect|p2a: Gardevoir\n|-singleturn|p2a: Gardevoir|Protect\n|move|p1b: Arcanine|Extreme Speed|p2a: Gardevoir\n|-activate|p2a: Gardevoir|move: Protect\n|move|p1a: Blastoise|Dark Pulse|p2b: Garchomp\n|-activate|p2b: Garchomp|move: Protect\n|\n|upkeep\n|turn|7\n|inactive|Flakenz has 30 seconds left.\n|inactive|Flakenz has 20 seconds left.\n|inactive|Flakenz has 15 seconds left.\n|\n|t:|1776545467\n|switch|p2b: Maushold|Maushold-Four, L50, shiny|100/100\n|move|p1b: Arcanine|Rock Slide|p2a: Gardevoir|[spread] p2a,p2b\n|-crit|p2a: Gardevoir\n|-damage|p2a: Gardevoir|0 fnt\n|-damage|p2b: Maushold|62/100\n|faint|p2a: Gardevoir\n|move|p1a: Blastoise|Dark Pulse|p2b: Maushold\n|-damage|p2b: Maushold|0 fnt\n|faint|p2b: Maushold\n|\n|upkeep\n|\n|t:|1776545481\n|switch|p2b: Garchomp|Garchomp, L50, M|13/100\n|turn|8\n|\n|t:|1776545486\n|move|p1b: Arcanine|Extreme Speed|p2b: Garchomp\n|-damage|p2b: Garchomp|0 fnt\n|-damage|p1b: Arcanine|2/100|[from] ability: Rough Skin|[of] p2b: Garchomp\n|faint|p2b: Garchomp\n|\n|win|Flakenz\n|raw|Flakenz's rating: 1453 &rarr; <strong>1477</strong><br />(+24 for winning)\n|raw|rauliito_adh's rating: 1516 &rarr; <strong>1492</strong><br />(-24 for losing)\n|l|\u2606rauliito_adh\n|player|p2|\n",
  "uploadtime": 1776545486,
  "views": 34,
  "formatid": "gen9championsvgc2026regma",
  "rating": 1477,
  "private": 0,
  "password": null
}