{
  "id": "gen9championsvgc2026regma-2582265372",
  "format": "[Gen 9 Champions] VGC 2026 Reg M-A",
  "players": [
    "plaweh",
    "SamussD"
  ],
  "log": "|j|\u2606plaweh\n|j|\u2606SamussD\n|t:|1776077754\n|gametype|doubles\n|player|p1|plaweh|170|1047\n|player|p2|SamussD|lucas-gen4pt|1104\n|gen|9\n|tier|[Gen 9 Champions] VGC 2026 Reg M-A\n|rated|\n|rule|Species Clause: Limit one of each Pok\u00e9mon\n|rule|Item Clause: Limit 1 of each item\n|clearpoke\n|poke|p1|Espathra, L50, M|\n|poke|p1|Charizard, L50, F|\n|poke|p1|Garchomp, L50, M|\n|poke|p1|Sableye, L50, F|\n|poke|p1|Milotic, L50, F|\n|poke|p1|Gardevoir, L50, M|\n|poke|p2|Charizard, L50, M|\n|poke|p2|Maushold-Four, L50|\n|poke|p2|Sneasler, L50, F|\n|poke|p2|Dragapult, L50, M|\n|poke|p2|Kingambit, L50, M|\n|poke|p2|Garchomp, L50, M|\n|teampreview|4\n|inactive|Battle timer is ON: inactive players will automatically lose when time's up. (requested by plaweh)\n|\n|t:|1776077817\n|teamsize|p1|4\n|teamsize|p2|4\n|start\n|switch|p1a: Sableye|Sableye, L50, F|100/100\n|switch|p1b: Milotic|Milotic, L50, F|100/100\n|switch|p2a: Dragapult|Dragapult, L50, M|100/100\n|switch|p2b: Kingambit|Kingambit, L50, M|100/100\n|turn|1\n|inactive|plaweh has 30 seconds left.\n|inactive|plaweh has 20 seconds left.\n|\n|t:|1776077853\n|move|p1a: Sableye|Fake Out|p2b: Kingambit\n|-resisted|p2b: Kingambit|1\n|-damage|p2b: Kingambit|98/100\n|move|p2a: Dragapult|Draco Meteor|p1b: Milotic|[miss]\n|-miss|p2a: Dragapult|p1b: Milotic\n|move|p1b: Milotic|Hypnosis|p2a: Dragapult\n|-status|p2a: Dragapult|slp|[from] move: Hypnosis\n|-enditem|p2a: Dragapult|Lum Berry|[eat]\n|-curestatus|p2a: Dragapult|slp|[msg]\n|cant|p2b: Kingambit|flinch\n|\n|upkeep\n|turn|2\n|\n|t:|1776077870\n|move|p1b: Milotic|Protect|p1b: Milotic\n|-singleturn|p1b: Milotic|Protect\n|move|p1a: Sableye|Gravity|p1a: Sableye\n|-fieldstart|move: Gravity\n|move|p2a: Dragapult|Draco Meteor|p1b: Milotic\n|-activate|p1b: Milotic|move: Protect\n|move|p2b: Kingambit|Kowtow Cleave|p1b: Milotic\n|-activate|p1b: Milotic|move: Protect\n|\n|upkeep\n|turn|3\n|inactive|plaweh has 30 seconds left.\n|\n|t:|1776077898\n|move|p2a: Dragapult|Draco Meteor|p1b: Milotic\n|-damage|p1b: Milotic|58/100\n|-unboost|p2a: Dragapult|spa|2\n|move|p1b: Milotic|Ice Beam|p2a: Dragapult\n|-supereffective|p2a: Dragapult|1\n|-damage|p2a: Dragapult|23/100\n|move|p2b: Kingambit|Kowtow Cleave|p1b: Milotic\n|-damage|p1b: Milotic|0 fnt\n|faint|p1b: Milotic\n|move|p1a: Sableye|Foul Play|p2a: Dragapult\n|-supereffective|p2a: Dragapult|1\n|-damage|p2a: Dragapult|0 fnt\n|faint|p2a: Dragapult\n|\n|upkeep\n|inactive|plaweh has 30 seconds left.\n|\n|t:|1776077926\n|switch|p2a: Sneasler|Sneasler, L50, F|100/100\n|switch|p1b: Garchomp|Garchomp, L50, M|100/100\n|turn|4\n|\n|t:|1776077949\n|switch|p1a: Charizard|Charizard, L50, F|100/100\n|move|p2a: Sneasler|Fake Out|p1b: Garchomp\n|-damage|p1b: Garchomp|88/100\n|-damage|p2a: Sneasler|88/100|[from] ability: Rough Skin|[of] p1b: Garchomp\n|cant|p1b: Garchomp|flinch\n|move|p2b: Kingambit|Kowtow Cleave|p1b: Garchomp\n|-damage|p1b: Garchomp|34/100\n|-damage|p2b: Kingambit|86/100|[from] ability: Rough Skin|[of] p1b: Garchomp\n|\n|upkeep\n|turn|5\n|inactive|SamussD has 30 seconds left.\n|inactive|plaweh has 30 seconds left.\n|inactive|SamussD has 20 seconds left.\n|\n|t:|1776077989\n|detailschange|p1a: Charizard|Charizard-Mega-Y, L50, F\n|-mega|p1a: Charizard|Charizard|Charizardite Y\n|-weather|SunnyDay|[from] ability: Drought|[of] p1a: Charizard\n|move|p1b: Garchomp|Protect|p1b: Garchomp\n|-singleturn|p1b: Garchomp|Protect\n|move|p2b: Kingambit|Sucker Punch||[still]\n|-fail|p2b: Kingambit\n|move|p2a: Sneasler|Close Combat|p1b: Garchomp\n|-activate|p1b: Garchomp|move: Protect\n|move|p1a: Charizard|Heat Wave|p2b: Kingambit|[spread] p2a,p2b\n|-supereffective|p2b: Kingambit|1\n|-damage|p2a: Sneasler|0 fnt\n|-damage|p2b: Kingambit|0 fnt\n|faint|p2a: Sneasler\n|faint|p2b: Kingambit\n|\n|-weather|SunnyDay|[upkeep]\n|upkeep\n|-message|SamussD forfeited.\n|\n|win|plaweh\n|raw|plaweh's rating: 1047 &rarr; <strong>1085</strong><br />(+38 for winning)\n|raw|SamussD's rating: 1104 &rarr; <strong>1075</strong><br />(-29 for losing)\n|l|\u2606SamussD\n|player|p2|\n",
  "uploadtime": 1776078008,
  "views": 9,
  "formatid": "gen9championsvgc2026regma",
  "rating": 1075,
  "private": 0,
  "password": null
}