{
  "id": "gen9championsvgc2026regma-2584951248",
  "format": "[Gen 9 Champions] VGC 2026 Reg M-A",
  "players": [
    "elcoffee",
    "VProfugus"
  ],
  "log": "|j|\u2606elcoffee\n|j|\u2606VProfugus\n|t:|1776297490\n|gametype|doubles\n|player|p1|elcoffee|169|1046\n|player|p2|VProfugus|policeman-gen4|1147\n|gen|9\n|tier|[Gen 9 Champions] VGC 2026 Reg M-A\n|rated|\n|rule|Species Clause: Limit one of each Pok\u00e9mon\n|rule|Item Clause: Limit 1 of each item\n|clearpoke\n|poke|p1|Incineroar, L50, M|\n|poke|p1|Whimsicott, L50, F|\n|poke|p1|Dragonite, L50, F|\n|poke|p1|Gengar, L50, F|\n|poke|p1|Hawlucha, L50, F|\n|poke|p1|Archaludon, L50, M|\n|poke|p2|Sandaconda, L50, F|\n|poke|p2|Alcremie, L50, F|\n|poke|p2|Meowstic, L50, M|\n|poke|p2|Chimecho, L50, F|\n|poke|p2|Sinistcha, L50|\n|poke|p2|Espathra, L50, F|\n|teampreview|4\n|inactive|Battle timer is ON: inactive players will automatically lose when time's up. (requested by VProfugus)\n|\n|t:|1776297505\n|teamsize|p1|4\n|teamsize|p2|4\n|start\n|switch|p1a: Incineroar|Incineroar, L50, M|100/100\n|switch|p1b: Whimsicott|Whimsicott, L50, F|100/100\n|switch|p2a: Sandaconda|Sandaconda, L50, F, shiny|100/100\n|switch|p2b: Meowstic|Meowstic, L50, M|100/100\n|-ability|p1a: Incineroar|Intimidate|boost\n|-unboost|p2a: Sandaconda|atk|1\n|-unboost|p2b: Meowstic|atk|1\n|turn|1\n|\n|t:|1776297520\n|switch|p2b: Alcremie|Alcremie, L50, F, shiny|100/100\n|move|p1b: Whimsicott|Tailwind|p1b: Whimsicott\n|-sidestart|p1: elcoffee|move: Tailwind\n|move|p1a: Incineroar|Darkest Lariat|p2b: Alcremie\n|-resisted|p2b: Alcremie|1\n|-damage|p2b: Alcremie|85/100\n|move|p2a: Sandaconda|Minimize|p2a: Sandaconda\n|-boost|p2a: Sandaconda|evasion|2\n|\n|-heal|p2b: Alcremie|91/100|[from] item: Leftovers\n|upkeep\n|turn|2\n|\n|t:|1776297539\n|move|p1b: Whimsicott|Giga Drain|p2a: Sandaconda\n|-supereffective|p2a: Sandaconda|1\n|-damage|p2a: Sandaconda|50/100\n|move|p1a: Incineroar|Parting Shot|p2b: Alcremie\n|-unboost|p2b: Alcremie|atk|1\n|-unboost|p2b: Alcremie|spa|1\n|\n|t:|1776297548\n|switch|p1a: Archaludon|Archaludon, L50, M|100/100|[from] Parting Shot\n|move|p2a: Sandaconda|Minimize|p2a: Sandaconda\n|-boost|p2a: Sandaconda|evasion|2\n|move|p2b: Alcremie|Psych Up|p2a: Sandaconda\n|-copyboost|p2b: Alcremie|p2a: Sandaconda|[from] move: Psych Up\n|\n|-heal|p2b: Alcremie|96/100|[from] item: Leftovers\n|upkeep\n|turn|3\n|\n|t:|1776297562\n|move|p1b: Whimsicott|Giga Drain|p2a: Sandaconda|[miss]\n|-miss|p1b: Whimsicott|p2a: Sandaconda\n|move|p1a: Archaludon|Flash Cannon|p2b: Alcremie\n|-supereffective|p2b: Alcremie|1\n|-damage|p2b: Alcremie|20/100\n|move|p2a: Sandaconda|Minimize|p2a: Sandaconda\n|-boost|p2a: Sandaconda|evasion|2\n|move|p2b: Alcremie|Decorate|p2a: Sandaconda\n|-boost|p2a: Sandaconda|atk|2\n|-boost|p2a: Sandaconda|spa|2\n|\n|-heal|p2b: Alcremie|25/100|[from] item: Leftovers\n|upkeep\n|turn|4\n|\n|t:|1776297570\n|move|p1b: Whimsicott|Giga Drain|p2a: Sandaconda|[miss]\n|-miss|p1b: Whimsicott|p2a: Sandaconda\n|move|p1a: Archaludon|Flash Cannon|p2b: Alcremie|[miss]\n|-miss|p1a: Archaludon|p2b: Alcremie\n|move|p2a: Sandaconda|Rest|p2a: Sandaconda\n|-status|p2a: Sandaconda|slp|[from] move: Rest\n|-heal|p2a: Sandaconda|100/100 slp|[silent]\n|-enditem|p2a: Sandaconda|Chesto Berry|[eat]\n|-curestatus|p2a: Sandaconda|slp|[msg]\n|move|p2b: Alcremie|Recover|p2b: Alcremie\n|-heal|p2b: Alcremie|75/100\n|\n|-heal|p2b: Alcremie|81/100|[from] item: Leftovers\n|-sideend|p1: elcoffee|move: Tailwind\n|upkeep\n|turn|5\n|\n|t:|1776297585\n|move|p1b: Whimsicott|Giga Drain|p2a: Sandaconda\n|-supereffective|p2a: Sandaconda|1\n|-damage|p2a: Sandaconda|47/100\n|move|p1a: Archaludon|Flash Cannon|p2b: Alcremie|[miss]\n|-miss|p1a: Archaludon|p2b: Alcremie\n|move|p2a: Sandaconda|Glare|p1a: Archaludon\n|-status|p1a: Archaludon|par\n|move|p2b: Alcremie|Psych Up|p2a: Sandaconda\n|-copyboost|p2b: Alcremie|p2a: Sandaconda|[from] move: Psych Up\n|\n|-heal|p2b: Alcremie|87/100|[from] item: Leftovers\n|upkeep\n|turn|6\n|\n|t:|1776297597\n|move|p1b: Whimsicott|Giga Drain|p2a: Sandaconda\n|-supereffective|p2a: Sandaconda|1\n|-crit|p2a: Sandaconda\n|-damage|p2a: Sandaconda|0 fnt\n|faint|p2a: Sandaconda\n|move|p2b: Alcremie|Decorate|p2: Sandaconda|[notarget]\n|-fail|p2b: Alcremie\n|move|p1a: Archaludon|Flash Cannon|p2b: Alcremie|[miss]\n|-miss|p1a: Archaludon|p2b: Alcremie\n|\n|-heal|p2b: Alcremie|93/100|[from] item: Leftovers\n|upkeep\n|\n|t:|1776297602\n|switch|p2a: Meowstic|Meowstic, L50, M|100/100\n|turn|7\n|\n|t:|1776297611\n|move|p1b: Whimsicott|Tailwind|p1b: Whimsicott\n|-sidestart|p1: elcoffee|move: Tailwind\n|move|p2a: Meowstic|Psych Up|p2b: Alcremie\n|-copyboost|p2a: Meowstic|p2b: Alcremie|[from] move: Psych Up\n|move|p1a: Archaludon|Flash Cannon|p2b: Alcremie|[miss]\n|-miss|p1a: Archaludon|p2b: Alcremie\n|move|p2b: Alcremie|Dazzling Gleam|p1a: Archaludon|[spread] p1a,p1b\n|-damage|p1a: Archaludon|53/100 par\n|-damage|p1b: Whimsicott|20/100\n|-ability|p1a: Archaludon|Stamina|boost\n|-boost|p1a: Archaludon|def|1\n|\n|-heal|p1a: Archaludon|59/100 par|[from] item: Leftovers\n|-heal|p2b: Alcremie|99/100|[from] item: Leftovers\n|upkeep\n|turn|8\n|\n|t:|1776297630\n|move|p2a: Meowstic|Baton Pass|p2a: Meowstic\n|\n|t:|1776297632\n|switch|p2a: Chimecho|Chimecho, L50, F, shiny|100/100|[from] Baton Pass\n|move|p1b: Whimsicott|Endeavor|p2a: Chimecho\n|-damage|p2a: Chimecho|15/100\n|move|p1a: Archaludon|Flash Cannon|p2b: Alcremie\n|-supereffective|p2b: Alcremie|1\n|-crit|p2b: Alcremie\n|-damage|p2b: Alcremie|0 fnt\n|faint|p2b: Alcremie\n|\n|-heal|p1a: Archaludon|65/100 par|[from] item: Leftovers\n|upkeep\n|\n|t:|1776297639\n|switch|p2b: Meowstic|Meowstic, L50, M|100/100\n|turn|9\n|c|\u2606VProfugus|lovely.\n|\n|t:|1776297654\n|detailschange|p2a: Chimecho|Chimecho-Mega, L50, F, shiny\n|-mega|p2a: Chimecho|Chimecho|Chimechite\n|move|p2b: Meowstic|Skill Swap|p2a: Chimecho\n|-activate|p2b: Meowstic|Skill Swap|||[of] p2a: Chimecho\n|move|p2a: Chimecho|Recover|p2a: Chimecho\n|-heal|p2a: Chimecho|65/100\n|move|p1b: Whimsicott|Endeavor|p2b: Meowstic\n|-damage|p2b: Meowstic|15/100\n|move|p1a: Archaludon|Flash Cannon|p2a: Chimecho\n|-resisted|p2a: Chimecho|1\n|-damage|p2a: Chimecho|48/100\n|\n|-heal|p1a: Archaludon|71/100 par|[from] item: Leftovers\n|upkeep\n|turn|10\n|inactive|VProfugus has 30 seconds left.\n|\n|t:|1776297680\n|move|p1b: Whimsicott|Endeavor|p2a: Chimecho|[miss]\n|-miss|p1b: Whimsicott|p2a: Chimecho\n|move|p2b: Meowstic|Skill Swap|p1b: Whimsicott\n|-activate|p2b: Meowstic|Skill Swap|Prankster|Levitate|[of] p1b: Whimsicott\n|cant|p1a: Archaludon|par\n|move|p2a: Chimecho|Stored Power|p1b: Whimsicott\n|-damage|p1b: Whimsicott|0 fnt\n|faint|p1b: Whimsicott\n|\n|-heal|p1a: Archaludon|77/100 par|[from] item: Leftovers\n|-sideend|p1: elcoffee|move: Tailwind\n|upkeep\n|\n|t:|1776297689\n|switch|p1b: Incineroar|Incineroar, L50, M|100/100\n|-ability|p1b: Incineroar|Intimidate|boost\n|-unboost|p2a: Chimecho|atk|1\n|-unboost|p2b: Meowstic|atk|1\n|turn|11\n|\n|t:|1776297699\n|move|p1b: Incineroar|Fake Out|p2a: Chimecho|[miss]\n|-miss|p1b: Incineroar|p2a: Chimecho\n|move|p2b: Meowstic|Skill Swap|p1b: Incineroar\n|-hint|Since gen 7, Dark is immune to Prankster moves.\n|-immune|p1b: Incineroar\n|move|p2a: Chimecho|Recover|p2a: Chimecho\n|-heal|p2a: Chimecho|98/100\n|move|p1a: Archaludon|Flash Cannon|p2b: Meowstic\n|-damage|p2b: Meowstic|0 fnt\n|faint|p2b: Meowstic\n|\n|-heal|p1a: Archaludon|83/100 par|[from] item: Leftovers\n|upkeep\n|turn|12\n|\n|t:|1776297714\n|move|p2a: Chimecho|Cosmic Power|p2a: Chimecho\n|-boost|p2a: Chimecho|def|1\n|-boost|p2a: Chimecho|spd|1\n|move|p1b: Incineroar|Flare Blitz|p2a: Chimecho|[miss]\n|-miss|p1b: Incineroar|p2a: Chimecho\n|move|p1a: Archaludon|Electro Shot||[still]\n|-prepare|p1a: Archaludon|Electro Shot\n|-boost|p1a: Archaludon|spa|1\n|\n|-heal|p1a: Archaludon|89/100 par|[from] item: Leftovers\n|upkeep\n|turn|13\n|c|\u2606VProfugus|chimeco time.\n|\n|t:|1776297726\n|move|p2a: Chimecho|Cosmic Power|p2a: Chimecho\n|-boost|p2a: Chimecho|def|1\n|-boost|p2a: Chimecho|spd|1\n|move|p1b: Incineroar|Flare Blitz|p2a: Chimecho|[miss]\n|-miss|p1b: Incineroar|p2a: Chimecho\n|move|p1a: Archaludon|Electro Shot|p2a: Chimecho|[from] lockedmove|[miss]\n|-miss|p1a: Archaludon|p2a: Chimecho\n|\n|-heal|p1a: Archaludon|95/100 par|[from] item: Leftovers\n|upkeep\n|turn|14\n|\n|t:|1776297737\n|move|p2a: Chimecho|Cosmic Power|p2a: Chimecho\n|-boost|p2a: Chimecho|def|1\n|-boost|p2a: Chimecho|spd|1\n|move|p1b: Incineroar|Parting Shot|p2a: Chimecho|[miss]\n|-miss|p1b: Incineroar|p2a: Chimecho\n|cant|p1a: Archaludon|par\n|\n|-heal|p1a: Archaludon|100/100 par|[from] item: Leftovers\n|upkeep\n|turn|15\n|\n|t:|1776297757\n|move|p2a: Chimecho|Cosmic Power|p2a: Chimecho\n|-boost|p2a: Chimecho|def|1\n|-boost|p2a: Chimecho|spd|1\n|move|p1b: Incineroar|Darkest Lariat|p2a: Chimecho\n|-supereffective|p2a: Chimecho|1\n|-damage|p2a: Chimecho|54/100\n|move|p1a: Archaludon|Electro Shot||[still]\n|-prepare|p1a: Archaludon|Electro Shot\n|-boost|p1a: Archaludon|spa|1\n|\n|upkeep\n|turn|16\n|\n|t:|1776297763\n|move|p2a: Chimecho|Recover|p2a: Chimecho\n|-heal|p2a: Chimecho|100/100\n|move|p1b: Incineroar|Darkest Lariat|p2a: Chimecho\n|-supereffective|p2a: Chimecho|1\n|-damage|p2a: Chimecho|57/100\n|move|p1a: Archaludon|Electro Shot|p2a: Chimecho|[from] lockedmove\n|-damage|p2a: Chimecho|36/100\n|\n|upkeep\n|turn|17\n|\n|t:|1776297775\n|move|p2a: Chimecho|Recover|p2a: Chimecho\n|-heal|p2a: Chimecho|86/100\n|move|p1b: Incineroar|Darkest Lariat|p2a: Chimecho\n|-supereffective|p2a: Chimecho|1\n|-damage|p2a: Chimecho|33/100\n|move|p1a: Archaludon|Flash Cannon|p2a: Chimecho|[miss]\n|-miss|p1a: Archaludon|p2a: Chimecho\n|\n|upkeep\n|turn|18\n|c|\u2606VProfugus|evasion does not exist\n|\n|t:|1776297784\n|move|p2a: Chimecho|Recover|p2a: Chimecho\n|-heal|p2a: Chimecho|83/100\n|move|p1b: Incineroar|Darkest Lariat|p2a: Chimecho\n|-supereffective|p2a: Chimecho|1\n|-damage|p2a: Chimecho|39/100\n|move|p1a: Archaludon|Flash Cannon|p2a: Chimecho\n|-resisted|p2a: Chimecho|1\n|-damage|p2a: Chimecho|28/100\n|\n|upkeep\n|turn|19\n|c|\u2606VProfugus|!dt darkest lariat\n|c|\u2606VProfugus|/raw <ul class=\"utilichart\"><li class=\"result\"><span class=\"col movenamecol\"><a href=\"https://dex.pokemonshowdown.com/moves/darkestlariat\">Darkest Lariat</a></span> <span class=\"col typecol\"><img src=\"//play.pokemonshowdown.com/sprites/types/Dark.png\" alt=\"Dark\" width=\"32\" height=\"14\"><img src=\"//play.pokemonshowdown.com/sprites/categories/Physical.png\" alt=\"Physical\" width=\"32\" height=\"14\"></span> <span class=\"col labelcol\"><em>Power</em><br>85</span> <span class=\"col widelabelcol\"><em>Accuracy</em><br>100%</span> <span class=\"col pplabelcol\"><em>PP</em><br>16</span> <span class=\"col movedesccol\">Ignores the target's stat stage changes.</span> </li><li style=\"clear:both\"></li></ul>\n|c|\u2606VProfugus|/raw <font size=\"1\"><font color=\"#686868\">Priority:</font> 0&nbsp;|&ThickSpace;<font color=\"#686868\">Gen:</font> 7&nbsp;|&ThickSpace;&#10003; Contact&nbsp;|&ThickSpace;<font color=\"#686868\">Z-Power:</font> 160&nbsp;|&ThickSpace;<font color=\"#686868\">Target:</font> One Adjacent Pok\u00e9mon</font>\n\n|\n|t:|1776297805\n|move|p2a: Chimecho|Recover|p2a: Chimecho\n|-heal|p2a: Chimecho|78/100\n|move|p1b: Incineroar|Darkest Lariat|p2a: Chimecho\n|-supereffective|p2a: Chimecho|1\n|-damage|p2a: Chimecho|32/100\n|move|p1a: Archaludon|Flash Cannon|p2a: Chimecho\n|-resisted|p2a: Chimecho|1\n|-damage|p2a: Chimecho|21/100\n|\n|upkeep\n|turn|20\n|c|\u2606VProfugus|What the fuck.\n|\n|t:|1776297814\n|move|p2a: Chimecho|Recover|p2a: Chimecho\n|-heal|p2a: Chimecho|71/100\n|move|p1b: Incineroar|Darkest Lariat|p2a: Chimecho\n|-supereffective|p2a: Chimecho|1\n|-damage|p2a: Chimecho|21/100\n|move|p1a: Archaludon|Flash Cannon|p2a: Chimecho|[miss]\n|-miss|p1a: Archaludon|p2a: Chimecho\n|\n|upkeep\n|turn|21\n|\n|t:|1776297826\n|move|p2a: Chimecho|Recover|p2a: Chimecho\n|-heal|p2a: Chimecho|71/100\n|move|p1b: Incineroar|Darkest Lariat|p2a: Chimecho\n|-supereffective|p2a: Chimecho|1\n|-damage|p2a: Chimecho|21/100\n|move|p1a: Archaludon|Dragon Pulse|p2a: Chimecho|[miss]\n|-miss|p1a: Archaludon|p2a: Chimecho\n|\n|upkeep\n|turn|22\n|c|\u2606VProfugus|bro that does not bypass accuracy\n|n|!VProfugus|vprofugus\n|\n|t:|1776297842\n|move|p2a: Chimecho|Stored Power|p1a: Archaludon\n|-resisted|p1a: Archaludon|1\n|-damage|p1a: Archaludon|0 fnt\n|faint|p1a: Archaludon\n|move|p1b: Incineroar|Darkest Lariat|p2a: Chimecho\n|-supereffective|p2a: Chimecho|1\n|-damage|p2a: Chimecho|0 fnt\n|faint|p2a: Chimecho\n|\n|win|elcoffee\n",
  "uploadtime": 1776297833,
  "views": 15,
  "formatid": "gen9championsvgc2026regma",
  "rating": null,
  "private": 0,
  "password": null
}