{
  "id": "gen9championsvgc2026regma-2588508929",
  "format": "[Gen 9 Champions] VGC 2026 Reg M-A",
  "players": [
    "strogo273",
    "helpimverystupid"
  ],
  "log": "|j|\u2606strogo273\n|j|\u2606helpimverystupid\n|t:|1776640012\n|gametype|doubles\n|player|p1|strogo273|265|1027\n|player|p2|helpimverystupid|bugcatcher-gen4dp|1107\n|gen|9\n|tier|[Gen 9 Champions] VGC 2026 Reg M-A\n|rated|\n|rule|Species Clause: Limit one of each Pok\u00e9mon\n|rule|Item Clause: Limit 1 of each item\n|clearpoke\n|poke|p1|Aggron, L50, M|\n|poke|p1|Sinistcha, L50, shiny|\n|poke|p1|Incineroar, L50, M|\n|poke|p1|Glimmora, L50, F|\n|poke|p1|Garchomp, L50, M|\n|poke|p1|Mamoswine, L50, F|\n|poke|p2|Conkeldurr, L50, F|\n|poke|p2|Milotic, L50, M|\n|poke|p2|Scovillain, L50, M|\n|poke|p2|Sinistcha-Masterpiece, L50|\n|poke|p2|Farigiraf, L50, M|\n|poke|p2|Gengar, L50, F|\n|teampreview|4\n|\n|t:|1776640019\n|teamsize|p1|4\n|teamsize|p2|4\n|start\n|switch|p1a: Aggron|Aggron, L50, M|100/100\n|switch|p1b: Incineroar|Incineroar, L50, M|100/100\n|switch|p2a: Conkeldurr|Conkeldurr, L50, F|100/100\n|switch|p2b: Scovillain|Scovillain, L50, M|100/100\n|-ability|p1b: Incineroar|Intimidate|boost\n|-unboost|p2a: Conkeldurr|atk|1\n|-unboost|p2b: Scovillain|atk|1\n|turn|1\n|\n|t:|1776640038\n|detailschange|p2b: Scovillain|Scovillain-Mega, L50, M\n|-mega|p2b: Scovillain|Scovillain|Scovillainite\n|detailschange|p1a: Aggron|Aggron-Mega, L50, M\n|-mega|p1a: Aggron|Aggron|Aggronite\n|move|p1b: Incineroar|Fake Out|p2b: Scovillain\n|-damage|p2b: Scovillain|88/100\n|-immune|p1b: Incineroar\n|move|p2a: Conkeldurr|Mach Punch|p2b: Scovillain\n|-crit|p2b: Scovillain\n|-damage|p2b: Scovillain|47/100\n|-status|p2a: Conkeldurr|brn|[from] ability: Spicy Spray|[of] p2b: Scovillain\n|cant|p2b: Scovillain|flinch\n|move|p1a: Aggron|Iron Defense|p1a: Aggron\n|-boost|p1a: Aggron|def|2\n|\n|-damage|p2a: Conkeldurr|94/100 brn|[from] brn\n|upkeep\n|turn|2\n|\n|t:|1776640069\n|switch|p2a: Sinistcha|Sinistcha-Masterpiece, L50|100/100\n|-heal|p2b: Scovillain|72/100|[from] ability: Hospitality|[of] p2a: Sinistcha\n|move|p1b: Incineroar|Flare Blitz|p2b: Scovillain\n|-damage|p2b: Scovillain|13/100\n|-immune|p1b: Incineroar\n|-damage|p1b: Incineroar|84/100|[from] Recoil\n|move|p2b: Scovillain|Leech Seed|p1a: Aggron\n|-start|p1a: Aggron|move: Leech Seed\n|move|p1a: Aggron|Iron Defense|p1a: Aggron\n|-boost|p1a: Aggron|def|2\n|\n|-damage|p1a: Aggron|88/100|[from] Leech Seed|[of] p2b: Scovillain\n|-heal|p2b: Scovillain|28/100|[silent]\n|upkeep\n|turn|3\n|\n|t:|1776640096\n|move|p1b: Incineroar|Flare Blitz|p2a: Sinistcha\n|-supereffective|p2a: Sinistcha|1\n|-damage|p2a: Sinistcha|26/100\n|-damage|p1b: Incineroar|59/100|[from] Recoil\n|move|p2b: Scovillain|Worry Seed|p1a: Aggron\n|-ability|p1a: Aggron|Insomnia|Filter|[from] move: Worry Seed\n|move|p1a: Aggron|Stone Edge|p2b: Scovillain\n|-supereffective|p2b: Scovillain|1\n|-damage|p2b: Scovillain|0 fnt\n|-status|p1a: Aggron|brn|[from] ability: Spicy Spray|[of] p2b: Scovillain\n|faint|p2b: Scovillain\n|move|p2a: Sinistcha|Trick Room|p2a: Sinistcha\n|-fieldstart|move: Trick Room|[of] p2a: Sinistcha\n|\n|-heal|p2a: Sinistcha|32/100|[from] item: Leftovers\n|-damage|p1a: Aggron|82/100 brn|[from] brn\n|upkeep\n|\n|t:|1776640113\n|switch|p2b: Conkeldurr|Conkeldurr, L50, F|94/100 brn\n|turn|4\n|\n|t:|1776640120\n|switch|p2a: Milotic|Milotic, L50, M|100/100\n|move|p2b: Conkeldurr|Drain Punch|p1a: Aggron\n|-supereffective|p1a: Aggron|1\n|-damage|p1a: Aggron|62/100 brn\n|-heal|p2b: Conkeldurr|100/100 brn|[from] drain|[of] p1a: Aggron\n|move|p1a: Aggron|Iron Defense|p1a: Aggron\n|-boost|p1a: Aggron|def|2\n|move|p1b: Incineroar|Flare Blitz|p2a: Milotic\n|-resisted|p2a: Milotic|1\n|-damage|p2a: Milotic|78/100\n|-damage|p1b: Incineroar|50/100|[from] Recoil\n|\n|-damage|p1a: Aggron|49/100 brn|[from] Leech Seed|[of] p2b: Conkeldurr\n|-damage|p2b: Conkeldurr|94/100 brn|[from] brn\n|-damage|p1a: Aggron|43/100 brn|[from] brn\n|upkeep\n|turn|5\n|\n|t:|1776640158\n|move|p2b: Conkeldurr|Drain Punch|p1b: Incineroar\n|-supereffective|p1b: Incineroar|1\n|-damage|p1b: Incineroar|0 fnt\n|-heal|p2b: Conkeldurr|100/100 brn|[from] drain|[of] p1b: Incineroar\n|faint|p1b: Incineroar\n|move|p1a: Aggron|Iron Head|p2a: Milotic|[miss]\n|-miss|p1a: Aggron|p2a: Milotic\n|move|p2a: Milotic|Scald|p1a: Aggron\n|-damage|p1a: Aggron|12/100 brn\n|\n|-damage|p1a: Aggron|0 fnt|[from] Leech Seed|[of] p2b: Conkeldurr\n|faint|p1a: Aggron\n|-damage|p2b: Conkeldurr|94/100 brn|[from] brn\n|upkeep\n|l|\u2606strogo273\n|player|p1|\n|inactive|Battle timer is ON: inactive players will automatically lose when time's up. (requested by helpimverystupid)\n|inactive|strogo273 has 30 seconds to reconnect!\n|inactive|strogo273 has 20 seconds to reconnect!\n|inactive|strogo273 has 15 seconds to reconnect!\n|inactive|strogo273 has 10 seconds to reconnect!\n|inactive|strogo273 has 5 seconds to reconnect!\n|-message|strogo273 lost due to inactivity.\n|\n|win|helpimverystupid\n|raw|strogo273's rating: 1015 &rarr; <strong>1006</strong><br />(-9 for losing)\n|raw|helpimverystupid's rating: 1107 &rarr; <strong>1126</strong><br />(+19 for winning)\n",
  "uploadtime": 1776640276,
  "views": 12,
  "formatid": "gen9championsvgc2026regma",
  "rating": 1006,
  "private": 0,
  "password": null
}