{
  "id": "gen9championsvgc2026regma-2585623863",
  "format": "[Gen 9 Champions] VGC 2026 Reg M-A",
  "players": [
    "joymaxxing",
    "dragglez"
  ],
  "log": "|j|\u2606joymaxxing\n|j|\u2606dragglez\n|t:|1776359586\n|gametype|doubles\n|player|p1|joymaxxing|elesa|1314\n|player|p2|dragglez|101|1302\n|gen|9\n|tier|[Gen 9 Champions] VGC 2026 Reg M-A\n|rated|\n|rule|Species Clause: Limit one of each Pok\u00e9mon\n|rule|Item Clause: Limit 1 of each item\n|clearpoke\n|poke|p1|Lopunny, L50, F|\n|poke|p1|Sylveon, L50, M|\n|poke|p1|Milotic, L50, M|\n|poke|p1|Incineroar, L50, M|\n|poke|p1|Garchomp, L50, F|\n|poke|p1|Sableye, L50, M|\n|poke|p2|Aerodactyl, L50, F|\n|poke|p2|Floette-Eternal, L50, F|\n|poke|p2|Incineroar, L50, F|\n|poke|p2|Basculegion, L50, M|\n|poke|p2|Sneasler, L50, F|\n|poke|p2|Garchomp, L50, F|\n|teampreview|4\n|\n|t:|1776359611\n|teamsize|p1|4\n|teamsize|p2|4\n|start\n|switch|p1a: Lopunny|Lopunny, L50, F, shiny|100/100\n|switch|p1b: Sableye|Sableye, L50, M, shiny|100/100\n|switch|p2a: Aerodactyl|Aerodactyl, L50, F|100/100\n|switch|p2b: Garchomp|Garchomp, L50, F|100/100\n|-ability|p2a: Aerodactyl|Unnerve\n|turn|1\n|l|\u2606joymaxxing\n|player|p1|\n|inactive|Battle timer is ON: inactive players will automatically lose when time's up. (requested by dragglez)\n|j|\u2606joymaxxing\n|inactive|joymaxxing reconnected and has 70 seconds left.\n|player|p1|joymaxxing|elesa|\n|\n|t:|1776359648\n|detailschange|p1a: Lopunny|Lopunny-Mega, L50, F, shiny\n|-mega|p1a: Lopunny|Lopunny|Lopunnite\n|move|p2a: Aerodactyl|Protect|p2a: Aerodactyl\n|-singleturn|p2a: Aerodactyl|Protect\n|move|p1a: Lopunny|Fake Out|p2a: Aerodactyl\n|-activate|p2a: Aerodactyl|move: Protect\n|move|p1b: Sableye|Will-O-Wisp|p2b: Garchomp\n|-status|p2b: Garchomp|brn\n|move|p2b: Garchomp|Earthquake|p1a: Lopunny|[spread] p1a,p1b\n|-activate|p2a: Aerodactyl|move: Protect\n|-damage|p1a: Lopunny|75/100\n|-damage|p1b: Sableye|81/100\n|\n|-damage|p2b: Garchomp|95/100 brn|[from] brn\n|upkeep\n|turn|2\n|\n|t:|1776359671\n|move|p1b: Sableye|Encore|p2a: Aerodactyl\n|-start|p2a: Aerodactyl|Encore\n|move|p2a: Aerodactyl|Protect|p2a: Aerodactyl\n|-singleturn|p2a: Aerodactyl|Protect\n|move|p1a: Lopunny|Triple Axel|p2a: Aerodactyl\n|-activate|p2a: Aerodactyl|move: Protect\n|move|p2b: Garchomp|Earthquake|p1a: Lopunny|[spread] p1a,p1b\n|-activate|p2a: Aerodactyl|move: Protect\n|-damage|p1a: Lopunny|50/100\n|-damage|p1b: Sableye|58/100\n|\n|-damage|p2b: Garchomp|89/100 brn|[from] brn\n|upkeep\n|turn|3\n|\n|t:|1776359691\n|switch|p2a: Sneasler|Sneasler, L50, F|100/100\n|move|p2b: Garchomp|Protect|p2b: Garchomp\n|-singleturn|p2b: Garchomp|Protect\n|move|p1a: Lopunny|Triple Axel|p2a: Sneasler\n|-damage|p2a: Sneasler|89/100\n|-damage|p2a: Sneasler|66/100\n|-damage|p2a: Sneasler|28/100\n|-hitcount|p2a: Sneasler|3\n|move|p1b: Sableye|Foul Play|p2b: Garchomp\n|-activate|p2b: Garchomp|move: Protect\n|\n|-damage|p2b: Garchomp|83/100 brn|[from] brn\n|upkeep\n|turn|4\n|\n|t:|1776359714\n|move|p1b: Sableye|Encore|p2b: Garchomp\n|-start|p2b: Garchomp|Encore\n|move|p2b: Garchomp|Protect||[still]\n|-fail|p2b: Garchomp\n|move|p1a: Lopunny|Triple Axel|p2a: Sneasler\n|-damage|p2a: Sneasler|16/100\n|-damage|p2a: Sneasler|0 fnt\n|faint|p2a: Sneasler\n|-hitcount|p2: Sneasler|2\n|\n|-damage|p2b: Garchomp|77/100 brn|[from] brn\n|upkeep\n|\n|t:|1776359719\n|switch|p2a: Aerodactyl|Aerodactyl, L50, F|100/100\n|-ability|p2a: Aerodactyl|Unnerve\n|turn|5\n|\n|t:|1776359725\n|switch|p2b: Floette|Floette-Eternal, L50, F|100/100\n|move|p1b: Sableye|Will-O-Wisp|p2a: Aerodactyl\n|-status|p2a: Aerodactyl|brn\n|move|p1a: Lopunny|Triple Axel|p2a: Aerodactyl|[miss]\n|-miss|p1a: Lopunny|p2a: Aerodactyl\n|move|p2a: Aerodactyl|Tailwind|p2a: Aerodactyl\n|-sidestart|p2: dragglez|move: Tailwind\n|\n|-damage|p2a: Aerodactyl|95/100 brn|[from] brn\n|upkeep\n|turn|6\n|\n|t:|1776359735\n|switch|p2a: Garchomp|Garchomp, L50, F|77/100 brn\n|switch|p1a: Incineroar|Incineroar, L50, M, shiny|100/100\n|-ability|p1a: Incineroar|Intimidate|boost\n|-unboost|p2a: Garchomp|atk|1\n|-unboost|p2b: Floette|atk|1\n|detailschange|p2b: Floette|Floette-Mega, L50, F\n|-mega|p2b: Floette|Floette|Floettite\n|-ability|p2b: Floette|Fairy Aura\n|move|p1b: Sableye|Detect|p1b: Sableye\n|-singleturn|p1b: Sableye|Protect\n|move|p2b: Floette|Dazzling Gleam|p1a: Incineroar|[spread] p1a\n|-activate|p1b: Sableye|move: Protect\n|-damage|p1a: Incineroar|65/100\n|\n|-damage|p2a: Garchomp|71/100 brn|[from] brn\n|upkeep\n|turn|7\n|inactive|dragglez has 30 seconds left.\n|\n|t:|1776359767\n|move|p1a: Incineroar|Fake Out|p2b: Floette\n|-damage|p2b: Floette|87/100\n|move|p1b: Sableye|Will-O-Wisp|p2b: Floette\n|-status|p2b: Floette|brn\n|cant|p2b: Floette|flinch\n|move|p2a: Garchomp|Rock Slide|p1b: Sableye|[spread] p1a,p1b\n|-supereffective|p1a: Incineroar|1\n|-crit|p1a: Incineroar\n|-damage|p1a: Incineroar|40/100\n|-damage|p1b: Sableye|51/100\n|-enditem|p1a: Incineroar|Sitrus Berry|[eat]\n|-heal|p1a: Incineroar|64/100|[from] item: Sitrus Berry\n|\n|-damage|p2b: Floette|81/100 brn|[from] brn\n|-damage|p2a: Garchomp|65/100 brn|[from] brn\n|upkeep\n|turn|8\n|\n|t:|1776359773\n|switch|p1a: Milotic|Milotic, L50, M|100/100\n|move|p1b: Sableye|Detect|p1b: Sableye\n|-singleturn|p1b: Sableye|Protect\n|move|p2a: Garchomp|Dragon Claw|p1a: Milotic\n|-damage|p1a: Milotic|88/100\n|move|p2b: Floette|Moonblast|p1b: Sableye\n|-activate|p1b: Sableye|move: Protect\n|\n|-heal|p1a: Milotic|94/100|[from] item: Leftovers\n|-damage|p2b: Floette|75/100 brn|[from] brn\n|-damage|p2a: Garchomp|59/100 brn|[from] brn\n|-sideend|p2: dragglez|move: Tailwind\n|upkeep\n|turn|9\n|\n|t:|1776359785\n|switch|p1b: Incineroar|Incineroar, L50, M, shiny|64/100\n|-ability|p1b: Incineroar|Intimidate|boost\n|-unboost|p2a: Garchomp|atk|1\n|-unboost|p2b: Floette|atk|1\n|move|p2b: Floette|Moonblast|p1b: Incineroar\n|-crit|p1b: Incineroar\n|-damage|p1b: Incineroar|0 fnt\n|faint|p1b: Incineroar\n|move|p2a: Garchomp|Dragon Claw|p1a: Milotic\n|-damage|p1a: Milotic|85/100\n|move|p1a: Milotic|Icy Wind|p2b: Floette|[spread] p2a,p2b\n|-supereffective|p2a: Garchomp|2\n|-damage|p2a: Garchomp|13/100 brn\n|-damage|p2b: Floette|67/100 brn\n|-unboost|p2a: Garchomp|spe|1\n|-unboost|p2b: Floette|spe|1\n|\n|-heal|p1a: Milotic|91/100|[from] item: Leftovers\n|-damage|p2b: Floette|61/100 brn|[from] brn\n|-damage|p2a: Garchomp|8/100 brn|[from] brn\n|upkeep\n|\n|t:|1776359796\n|switch|p1b: Lopunny|Lopunny-Mega, L50, F, shiny|50/100\n|turn|10\n|inactive|dragglez has 30 seconds left.\n|\n|t:|1776359828\n|move|p2b: Floette|Protect|p2b: Floette\n|-singleturn|p2b: Floette|Protect\n|move|p1b: Lopunny|Fake Out|p2b: Floette\n|-activate|p2b: Floette|move: Protect\n|move|p1a: Milotic|Icy Wind|p2b: Floette|[spread] p2a\n|-activate|p2b: Floette|move: Protect\n|-supereffective|p2a: Garchomp|2\n|-damage|p2a: Garchomp|0 fnt\n|faint|p2a: Garchomp\n|\n|-heal|p1a: Milotic|97/100|[from] item: Leftovers\n|-damage|p2b: Floette|55/100 brn|[from] brn\n|upkeep\n|\n|t:|1776359830\n|switch|p2a: Aerodactyl|Aerodactyl, L50, F|95/100 brn\n|-ability|p2a: Aerodactyl|Unnerve\n|turn|11\n|\n|t:|1776359843\n|move|p1b: Lopunny|Triple Axel|p2a: Aerodactyl\n|-supereffective|p2a: Aerodactyl|1\n|-damage|p2a: Aerodactyl|72/100 brn\n|-supereffective|p2a: Aerodactyl|1\n|-damage|p2a: Aerodactyl|23/100 brn\n|-supereffective|p2a: Aerodactyl|1\n|-damage|p2a: Aerodactyl|0 fnt\n|faint|p2a: Aerodactyl\n|-hitcount|p2: Aerodactyl|3\n|move|p1a: Milotic|Scald|p2b: Floette\n|-damage|p2b: Floette|28/100 brn\n|move|p2b: Floette|Moonblast|p1b: Lopunny\n|-supereffective|p1b: Lopunny|1\n|-damage|p1b: Lopunny|0 fnt\n|faint|p1b: Lopunny\n|\n|-heal|p1a: Milotic|100/100|[from] item: Leftovers\n|-damage|p2b: Floette|22/100 brn|[from] brn\n|upkeep\n|\n|t:|1776359850\n|switch|p1b: Sableye|Sableye, L50, M, shiny|51/100\n|turn|12\n|\n|t:|1776359868\n|move|p1b: Sableye|Detect|p1b: Sableye\n|-singleturn|p1b: Sableye|Protect\n|move|p1a: Milotic|Scald|p2b: Floette\n|-damage|p2b: Floette|0 fnt\n|faint|p2b: Floette\n|\n|win|joymaxxing\n|raw|joymaxxing's rating: 1314 &rarr; <strong>1333</strong><br />(+19 for winning)\n|raw|dragglez's rating: 1302 &rarr; <strong>1283</strong><br />(-19 for losing)\n|l|\u2606dragglez\n|player|p2|\n",
  "uploadtime": 1776359877,
  "views": 48,
  "formatid": "gen9championsvgc2026regma",
  "rating": 1283,
  "private": 0,
  "password": null
}