{
  "id": "gen9championsvgc2026regma-2583325735",
  "format": "[Gen 9 Champions] VGC 2026 Reg M-A",
  "players": [
    "Rusty2804",
    "SHyperdestroyerVGC"
  ],
  "log": "|j|\u2606Rusty2804\n|j|\u2606SHyperdestroyerVGC\n|t:|1776167096\n|gametype|doubles\n|player|p1|Rusty2804|1|1157\n|player|p2|SHyperdestroyerVGC|lady|1220\n|gen|9\n|tier|[Gen 9 Champions] VGC 2026 Reg M-A\n|rated|\n|rule|Species Clause: Limit one of each Pok\u00e9mon\n|rule|Item Clause: Limit 1 of each item\n|clearpoke\n|poke|p1|Steelix, L50, M|\n|poke|p1|Tyranitar, L50, F|\n|poke|p1|Farigiraf, L50, M|\n|poke|p1|Sinistcha, L50|\n|poke|p1|Kingambit, L50, F|\n|poke|p1|Alakazam, L50, M|\n|poke|p2|Charizard, L50, M|\n|poke|p2|Venusaur, L50, M|\n|poke|p2|Whimsicott, L50, F|\n|poke|p2|Kingambit, L50, F|\n|poke|p2|Kommo-o, L50, M|\n|poke|p2|Typhlosion-Hisui, L50, M|\n|teampreview|4\nSHyperdestroyerVGC has agreed to open team sheets.\n|\n|t:|1776167126\n|teamsize|p1|4\n|teamsize|p2|4\n|start\n|switch|p1a: Steelix|Steelix, L50, M|100/100\n|switch|p1b: Alakazam|Alakazam, L50, M|100/100\n|switch|p2a: Kommo-o|Kommo-o, L50, M|100/100\n|switch|p2b: Kingambit|Kingambit, L50, F|100/100\n|turn|1\n|\n|t:|1776167136\n|detailschange|p1a: Steelix|Steelix-Mega, L50, M\n|-mega|p1a: Steelix|Steelix|Steelixite\n|move|p2b: Kingambit|Sucker Punch||[still]\n|-fail|p2b: Kingambit\n|move|p1b: Alakazam|Speed Swap|p1a: Steelix\n|-activate|p1b: Alakazam|move: Speed Swap|[of] p1a: Steelix\n|move|p1a: Steelix|Iron Defense|p1a: Steelix\n|-boost|p1a: Steelix|def|2\n|move|p2a: Kommo-o|Iron Defense|p2a: Kommo-o\n|-boost|p2a: Kommo-o|def|2\n|\n|upkeep\n|turn|2\n|\n|t:|1776167157\n|move|p2a: Kommo-o|Protect|p2a: Kommo-o\n|-singleturn|p2a: Kommo-o|Protect\n|move|p1a: Steelix|Iron Defense|p1a: Steelix\n|-boost|p1a: Steelix|def|2\n|move|p2b: Kingambit|Kowtow Cleave|p1b: Alakazam\n|-supereffective|p1b: Alakazam|1\n|-enditem|p1b: Alakazam|Focus Sash\n|-damage|p1b: Alakazam|1/100\n|move|p1b: Alakazam|Psychic|p2a: Kommo-o\n|-activate|p2a: Kommo-o|move: Protect\n|\n|upkeep\n|turn|3\n|\n|t:|1776167182\n|switch|p2b: Whimsicott|Whimsicott, L50, F|100/100\n|switch|p1b: Tyranitar|Tyranitar, L50, F|100/100\n|-weather|Sandstorm|[from] ability: Sand Stream|[of] p1b: Tyranitar\n|move|p1a: Steelix|Body Press|p2b: Whimsicott\n|-resisted|p2b: Whimsicott|1\n|-damage|p2b: Whimsicott|26/100\n|move|p2a: Kommo-o|Flamethrower|p1a: Steelix\n|-supereffective|p1a: Steelix|1\n|-damage|p1a: Steelix|48/100\n|\n|-weather|Sandstorm|[upkeep]\n|-damage|p2b: Whimsicott|20/100|[from] Sandstorm\n|upkeep\n|turn|4\n|\n|t:|1776167200\n|move|p1b: Tyranitar|Helping Hand|p1a: Steelix\n|-singleturn|p1a: Steelix|Helping Hand|[of] p1b: Tyranitar\n|move|p2b: Whimsicott|Tailwind|p2b: Whimsicott\n|-sidestart|p2: SHyperdestroyerVGC|move: Tailwind\n|move|p2a: Kommo-o|Body Press|p1b: Tyranitar\n|-supereffective|p1b: Tyranitar|2\n|-enditem|p1b: Tyranitar|Chople Berry|[eat]\n|-enditem|p1b: Tyranitar|Chople Berry|[weaken]\n|-damage|p1b: Tyranitar|0 fnt\n|faint|p1b: Tyranitar\n|move|p1a: Steelix|Body Press|p2a: Kommo-o\n|-damage|p2a: Kommo-o|24/100\n|\n|-weather|Sandstorm|[upkeep]\n|-damage|p2b: Whimsicott|14/100|[from] Sandstorm\n|upkeep\n|\n|t:|1776167214\n|switch|p1b: Sinistcha|Sinistcha, L50|100/100\n|-heal|p1a: Steelix|72/100|[from] ability: Hospitality|[of] p1b: Sinistcha\n|turn|5\n|\n|t:|1776167230\n|switch|p2b: Charizard|Charizard, L50, M|100/100\n|move|p2a: Kommo-o|Protect|p2a: Kommo-o\n|-singleturn|p2a: Kommo-o|Protect\n|move|p1a: Steelix|Protect|p1a: Steelix\n|-singleturn|p1a: Steelix|Protect\n|move|p1b: Sinistcha|Trick Room|p1b: Sinistcha\n|-fieldstart|move: Trick Room|[of] p1b: Sinistcha\n|\n|-weather|Sandstorm|[upkeep]\n|-damage|p1b: Sinistcha|94/100|[from] Sandstorm\n|-damage|p2b: Charizard|95/100|[from] Sandstorm\n|-heal|p1b: Sinistcha|100/100|[from] item: Leftovers\n|upkeep\n|turn|6\n|\n|t:|1776167250\n|switch|p2a: Whimsicott|Whimsicott, L50, F|14/100\n|detailschange|p2b: Charizard|Charizard-Mega-Y, L50, M\n|-mega|p2b: Charizard|Charizard|Charizardite Y\n|-weather|SunnyDay|[from] ability: Drought|[of] p2b: Charizard\n|move|p1b: Sinistcha|Rage Powder|p1b: Sinistcha\n|-singleturn|p1b: Sinistcha|move: Rage Powder\n|move|p1a: Steelix|Body Press|p2b: Charizard\n|-resisted|p2b: Charizard|1\n|-damage|p2b: Charizard|19/100\n|move|p2b: Charizard|Heat Wave|p1b: Sinistcha|[spread] p1a\n|-miss|p2b: Charizard|p1b: Sinistcha\n|-supereffective|p1a: Steelix|1\n|-damage|p1a: Steelix|0 fnt\n|faint|p1a: Steelix\n|\n|-weather|SunnyDay|[upkeep]\n|upkeep\n|\n|t:|1776167262\n|switch|p1a: Alakazam|Alakazam, L50, M|1/100\n|turn|7\n|\n|t:|1776167275\n|move|p2b: Charizard|Protect|p2b: Charizard\n|-singleturn|p2b: Charizard|Protect\n|move|p1b: Sinistcha|Matcha Gotcha|p2a: Whimsicott|[spread] p2a\n|-activate|p2b: Charizard|move: Protect\n|-resisted|p2a: Whimsicott|1\n|-damage|p2a: Whimsicott|0 fnt\n|faint|p2a: Whimsicott\n|move|p1a: Alakazam|Psychic|p2b: Charizard\n|-activate|p2b: Charizard|move: Protect\n|\n|-weather|SunnyDay|[upkeep]\n|-sideend|p2: SHyperdestroyerVGC|move: Tailwind\n|upkeep\n|\n|t:|1776167280\n|switch|p2a: Kingambit|Kingambit, L50, F|100/100\n|turn|8\n|\n|t:|1776167296\n|move|p1b: Sinistcha|Rage Powder|p1b: Sinistcha\n|-singleturn|p1b: Sinistcha|move: Rage Powder\n|move|p2a: Kingambit|Kowtow Cleave|p1b: Sinistcha\n|-supereffective|p1b: Sinistcha|1\n|-damage|p1b: Sinistcha|16/100\n|move|p2b: Charizard|Heat Wave|p1a: Alakazam|[spread] p1a,p1b\n|-supereffective|p1b: Sinistcha|1\n|-damage|p1a: Alakazam|0 fnt\n|-damage|p1b: Sinistcha|0 fnt\n|faint|p1a: Alakazam\n|faint|p1b: Sinistcha\n|\n|win|SHyperdestroyerVGC\n|raw|Rusty2804's rating: 1157 &rarr; <strong>1136</strong><br />(-21 for losing)\n|raw|SHyperdestroyerVGC's rating: 1220 &rarr; <strong>1241</strong><br />(+21 for winning)\n|l|\u2606Rusty2804\n|player|p1|\n",
  "uploadtime": 1776167309,
  "views": 13,
  "formatid": "gen9championsvgc2026regma",
  "rating": 1136,
  "private": 0,
  "password": null
}