{
  "id": "gen9championsvgc2026regma-2587703517",
  "format": "[Gen 9 Champions] VGC 2026 Reg M-A",
  "players": [
    "MoggyOh",
    "aussi3vgc"
  ],
  "log": "|j|\u2606MoggyOh\n|j|\u2606aussi3vgc\n|t:|1776555547\n|gametype|doubles\n|player|p1|MoggyOh|lucas|1307\n|player|p2|aussi3vgc|169|1211\n|gen|9\n|tier|[Gen 9 Champions] VGC 2026 Reg M-A\n|rated|\n|rule|Species Clause: Limit one of each Pok\u00e9mon\n|rule|Item Clause: Limit 1 of each item\n|clearpoke\n|poke|p1|Charizard, L50, F|\n|poke|p1|Ninetales-Alola, L50, F|\n|poke|p1|Sinistcha, L50|\n|poke|p1|Rotom-Wash, L50|\n|poke|p1|Kingambit, L50, M|\n|poke|p1|Sneasler, L50, F|\n|poke|p2|Archaludon, L50, M|\n|poke|p2|Pelipper, L50, F|\n|poke|p2|Sneasler, L50, M|\n|poke|p2|Incineroar, L50, M|\n|poke|p2|Basculegion, L50, M|\n|poke|p2|Gengar, L50, M|\n|teampreview|4\n|inactive|Battle timer is ON: inactive players will automatically lose when time's up. (requested by aussi3vgc)\n|\n|t:|1776555630\n|teamsize|p1|4\n|teamsize|p2|4\n|start\n|switch|p1a: Rotom|Rotom-Wash, L50|100/100\n|switch|p1b: Sneasler|Sneasler, L50, F|100/100\n|switch|p2a: Sneasler|Sneasler, L50, M|100/100\n|switch|p2b: Gengar|Gengar, L50, M|100/100\n|turn|1\n|inactive|MoggyOh has 30 seconds left.\n|inactive|aussi3vgc has 30 seconds left.\n|inactive|MoggyOh has 20 seconds left.\n|inactive|aussi3vgc has 20 seconds left.\n|inactive|aussi3vgc has 15 seconds left.\n|inactive|aussi3vgc has 10 seconds left.\n|inactive|aussi3vgc has 5 seconds left.\n|\n|t:|1776555684\n|detailschange|p2b: Gengar|Gengar-Mega, L50, M\n|-mega|p2b: Gengar|Gengar|Gengarite\n|move|p2a: Sneasler|Protect|p2a: Sneasler\n|-singleturn|p2a: Sneasler|Protect\n|move|p1b: Sneasler|Fake Out|p2a: Sneasler\n|-activate|p2a: Sneasler|move: Protect\n|move|p1a: Rotom|Volt Switch|p2a: Sneasler\n|-activate|p2a: Sneasler|move: Protect\n|move|p2b: Gengar|Perish Song|p2b: Gengar\n|-start|p1a: Rotom|perish3|[silent]\n|-start|p1b: Sneasler|perish3|[silent]\n|-start|p2a: Sneasler|perish3|[silent]\n|-start|p2b: Gengar|perish3|[silent]\n|-fieldactivate|move: Perish Song\n|\n|-start|p1a: Rotom|perish3\n|-start|p2b: Gengar|perish3\n|-start|p1b: Sneasler|perish3\n|-start|p2a: Sneasler|perish3\n|upkeep\n|turn|2\n|inactive|MoggyOh has 30 seconds left.\n|\n|t:|1776555712\n|switch|p2a: Pelipper|Pelipper, L50, F|100/100\n|-weather|RainDance|[from] ability: Drizzle|[of] p2a: Pelipper\n|move|p2b: Gengar|Protect|p2b: Gengar\n|-singleturn|p2b: Gengar|Protect\n|move|p1a: Rotom|Volt Switch|p2a: Pelipper\n|-supereffective|p2a: Pelipper|2\n|-enditem|p2a: Pelipper|Focus Sash\n|-damage|p2a: Pelipper|1/100\n|\n|t:|1776555727\n|switch|p1a: Kingambit|Kingambit, L50, M|100/100|[from] Volt Switch\n|move|p1b: Sneasler|Dire Claw|p2a: Pelipper\n|-damage|p2a: Pelipper|0 fnt\n|faint|p2a: Pelipper\n|\n|-weather|RainDance|[upkeep]\n|-start|p2b: Gengar|perish2\n|-start|p1b: Sneasler|perish2\n|upkeep\n|\n|t:|1776555738\n|switch|p2a: Basculegion|Basculegion, L50, M|100/100\n|turn|3\n|\n|t:|1776555762\n|move|p2b: Gengar|Protect|p2b: Gengar\n|-singleturn|p2b: Gengar|Protect\n|move|p1a: Kingambit|Sucker Punch|p2a: Basculegion\n|-supereffective|p2a: Basculegion|1\n|-damage|p2a: Basculegion|0 fnt\n|faint|p2a: Basculegion\n|move|p1b: Sneasler|Dire Claw|p2b: Gengar\n|-activate|p2b: Gengar|move: Protect\n|\n|-weather|RainDance|[upkeep]\n|-start|p2b: Gengar|perish1\n|-start|p1b: Sneasler|perish1\n|upkeep\n|\n|t:|1776555772\n|switch|p2a: Sneasler|Sneasler, L50, M|100/100\n|turn|4\n|\n|t:|1776555794\n|move|p1b: Sneasler|Protect|p1b: Sneasler\n|-singleturn|p1b: Sneasler|Protect\n|move|p1a: Kingambit|Protect|p1a: Kingambit\n|-singleturn|p1a: Kingambit|Protect\n|move|p2b: Gengar|Shadow Ball|p1a: Kingambit\n|-activate|p1a: Kingambit|move: Protect\n|move|p2a: Sneasler|Close Combat|p1a: Kingambit\n|-activate|p1a: Kingambit|move: Protect\n|\n|-weather|RainDance|[upkeep]\n|-start|p2b: Gengar|perish0\n|-start|p1b: Sneasler|perish0\n|faint|p2b: Gengar\n|faint|p1b: Sneasler\n|upkeep\n|l|\u2606aussi3vgc\n|inactive|aussi3vgc disconnected and has a minute to reconnect!\n|player|p2|\n|j|\u2606aussi3vgc\n|inactive|aussi3vgc reconnected.\n|player|p2|aussi3vgc|169|\n|inactive|MoggyOh has 30 seconds left.\n|\n|t:|1776555820\n|switch|p1b: Rotom|Rotom-Wash, L50|100/100\n|turn|5\n|inactive|aussi3vgc has 30 seconds left.\n|-message|aussi3vgc forfeited.\n|\n|win|MoggyOh\n|raw|MoggyOh's rating: 1307 &rarr; <strong>1322</strong><br />(+15 for winning)\n|raw|aussi3vgc's rating: 1211 &rarr; <strong>1193</strong><br />(-18 for losing)\n|l|\u2606aussi3vgc\n|player|p2|\n",
  "uploadtime": 1776555855,
  "views": 42,
  "formatid": "gen9championsvgc2026regma",
  "rating": 1193,
  "private": 0,
  "password": null
}