{
  "id": "gen9championsvgc2026regma-2587649217",
  "format": "[Gen 9 Champions] VGC 2026 Reg M-A",
  "players": [
    "Ian the blue fish",
    "guorongjia"
  ],
  "log": "|j|\u2606Ian the blue fish\n|j|\u2606guorongjia\n|t:|1776550312\n|gametype|doubles\n|player|p1|Ian the blue fish|janitor|1382\n|player|p2|guorongjia|miku-water|1477\n|gen|9\n|tier|[Gen 9 Champions] VGC 2026 Reg M-A\n|rated|\n|rule|Species Clause: Limit one of each Pok\u00e9mon\n|rule|Item Clause: Limit 1 of each item\n|clearpoke\n|poke|p1|Aggron, L50, F|\n|poke|p1|Incineroar, L50, F|\n|poke|p1|Sinistcha, L50|\n|poke|p1|Tyranitar, L50, F|\n|poke|p1|Sneasler, L50, M|\n|poke|p1|Zoroark-Hisui, L50, M|\n|poke|p2|Gengar, L50, F, shiny|\n|poke|p2|Basculegion, L50, M, shiny|\n|poke|p2|Sneasler, L50, F, shiny|\n|poke|p2|Pelipper, L50, F, shiny|\n|poke|p2|Kingambit, L50, M, shiny|\n|poke|p2|Archaludon, L50, F, shiny|\n|teampreview|4\n|inactive|Battle timer is ON: inactive players will automatically lose when time's up. (requested by guorongjia)\n|inactive|Ian the blue fish has 60 seconds left.\n|\n|t:|1776550360\n|teamsize|p1|4\n|teamsize|p2|4\n|start\n|switch|p1a: Aggron|Aggron, L50, F|100/100\n|switch|p1b: Sinistcha|Sinistcha, L50|100/100\n|switch|p2a: Basculegion|Basculegion, L50, M, shiny|100/100\n|switch|p2b: Sneasler|Sneasler, L50, F, shiny|100/100\n|turn|1\n|inactive|guorongjia has 30 seconds left.\n|\n|t:|1776550385\n|move|p1b: Sinistcha|Protect|p1b: Sinistcha\n|-singleturn|p1b: Sinistcha|Protect\n|move|p1a: Aggron|Protect|p1a: Aggron\n|-singleturn|p1a: Aggron|Protect\n|move|p2b: Sneasler|Fake Out|p1a: Aggron\n|-activate|p1a: Aggron|move: Protect\n|move|p2a: Basculegion|Flip Turn|p1a: Aggron\n|-activate|p1a: Aggron|move: Protect\n|\n|upkeep\n|turn|2\n|\n|t:|1776550408\n|detailschange|p1a: Aggron|Aggron-Mega, L50, F\n|-mega|p1a: Aggron|Aggron|Aggronite\n|move|p1b: Sinistcha|Rage Powder|p1b: Sinistcha\n|-singleturn|p1b: Sinistcha|move: Rage Powder\n|move|p2a: Basculegion|Flip Turn|p1b: Sinistcha\n|-resisted|p1b: Sinistcha|1\n|-damage|p1b: Sinistcha|85/100\n|\n|t:|1776550418\n|switch|p2a: Gengar|Gengar, L50, F, shiny|100/100|[from] Flip Turn\n|move|p2b: Sneasler|Dire Claw|p1b: Sinistcha\n|-damage|p1b: Sinistcha|52/100\n|move|p1a: Aggron|Iron Defense|p1a: Aggron\n|-boost|p1a: Aggron|def|2\n|\n|-heal|p1b: Sinistcha|58/100|[from] item: Leftovers\n|upkeep\n|turn|3\n|\n|t:|1776550439\n|switch|p1b: Incineroar|Incineroar, L50, F|100/100\n|-ability|p1b: Incineroar|Intimidate|boost\n|-unboost|p2a: Gengar|atk|1\n|-unboost|p2b: Sneasler|atk|1\n|-enditem|p2b: Sneasler|White Herb\n|-clearnegativeboost|p2b: Sneasler|[silent]\n|detailschange|p2a: Gengar|Gengar-Mega, L50, F, shiny\n|-mega|p2a: Gengar|Gengar|Gengarite\n|move|p2b: Sneasler|Close Combat|p1b: Incineroar\n|-supereffective|p1b: Incineroar|1\n|-damage|p1b: Incineroar|0 fnt\n|-unboost|p2b: Sneasler|def|1\n|-unboost|p2b: Sneasler|spd|1\n|faint|p1b: Incineroar\n|move|p2a: Gengar|Shadow Ball|p1a: Aggron\n|-damage|p1a: Aggron|51/100\n|move|p1a: Aggron|Heavy Slam|p2a: Gengar\n|-damage|p2a: Gengar|16/100\n|\n|upkeep\n|\n|t:|1776550458\n|switch|p1b: Sinistcha|Sinistcha, L50|58/100\n|-heal|p1a: Aggron|76/100|[from] ability: Hospitality|[of] p1b: Sinistcha\n|turn|4\n|\n|t:|1776550481\n|move|p2b: Sneasler|Protect|p2b: Sneasler\n|-singleturn|p2b: Sneasler|Protect\n|move|p2a: Gengar|Shadow Ball|p1b: Sinistcha\n|-supereffective|p1b: Sinistcha|1\n|-damage|p1b: Sinistcha|0 fnt\n|faint|p1b: Sinistcha\n|move|p1a: Aggron|Body Press|p2b: Sneasler\n|-activate|p2b: Sneasler|move: Protect\n|\n|upkeep\n|\n|t:|1776550487\n|switch|p1b: Tyranitar|Tyranitar, L50, F|100/100\n|-weather|Sandstorm|[from] ability: Sand Stream|[of] p1b: Tyranitar\n|turn|5\n|\n|t:|1776550502\n|move|p1b: Tyranitar|Protect|p1b: Tyranitar\n|-singleturn|p1b: Tyranitar|Protect\n|move|p2b: Sneasler|Close Combat|p1a: Aggron\n|-supereffective|p1a: Aggron|1\n|-damage|p1a: Aggron|55/100\n|-unboost|p2b: Sneasler|def|1\n|-unboost|p2b: Sneasler|spd|1\n|move|p2a: Gengar|Shadow Ball|p1a: Aggron\n|-damage|p1a: Aggron|4/100\n|move|p1a: Aggron|Heavy Slam|p2a: Gengar\n|-damage|p2a: Gengar|0 fnt\n|faint|p2a: Gengar\n|\n|-weather|Sandstorm|[upkeep]\n|-damage|p2b: Sneasler|95/100|[from] Sandstorm\n|upkeep\n|\n|t:|1776550515\n|switch|p2a: Basculegion|Basculegion, L50, M, shiny|100/100\n|turn|6\n|\n|t:|1776550530\n|move|p1b: Tyranitar|Protect||[still]\n|-fail|p1b: Tyranitar\n|move|p2b: Sneasler|Close Combat|p1a: Aggron\n|-supereffective|p1a: Aggron|1\n|-damage|p1a: Aggron|0 fnt\n|-unboost|p2b: Sneasler|def|1\n|-unboost|p2b: Sneasler|spd|1\n|faint|p1a: Aggron\n|move|p2a: Basculegion|Wave Crash|p1b: Tyranitar\n|-supereffective|p1b: Tyranitar|1\n|-damage|p1b: Tyranitar|0 fnt\n|faint|p1b: Tyranitar\n|-damage|p2a: Basculegion|68/100|[from] Recoil\n|\n|win|guorongjia\n|raw|Ian the blue fish's rating: 1382 &rarr; <strong>1367</strong><br />(-15 for losing)\n|raw|guorongjia's rating: 1477 &rarr; <strong>1492</strong><br />(+15 for winning)\n|l|\u2606Ian the blue fish\n|player|p1|\n",
  "uploadtime": 1776550536,
  "views": 16,
  "formatid": "gen9championsvgc2026regma",
  "rating": 1367,
  "private": 0,
  "password": null
}