{
  "id": "gen9championsvgc2026regma-2587427273",
  "format": "[Gen 9 Champions] VGC 2026 Reg M-A",
  "players": [
    "vu_7",
    "Roberfly"
  ],
  "log": "|j|\u2606vu_7\n|j|\u2606Roberfly\n|t:|1776530895\n|gametype|doubles\n|player|p1|vu_7|clown|1230\n|player|p2|Roberfly|rood|1180\n|gen|9\n|tier|[Gen 9 Champions] VGC 2026 Reg M-A\n|rated|\n|rule|Species Clause: Limit one of each Pok\u00e9mon\n|rule|Item Clause: Limit 1 of each item\n|clearpoke\n|poke|p1|Dragonite, L50, M|\n|poke|p1|Floette-Eternal, L50, F|\n|poke|p1|Milotic, L50, M|\n|poke|p1|Incineroar, L50, M|\n|poke|p1|Talonflame, L50, M|\n|poke|p1|Sneasler, L50, M|\n|poke|p2|Aegislash, L50, F|\n|poke|p2|Tauros-Paldea-Aqua, L50, M|\n|poke|p2|Aerodactyl, L50, F|\n|poke|p2|Kingambit, L50, F|\n|poke|p2|Scovillain, L50, M|\n|poke|p2|Garchomp, L50, M|\n|teampreview|4\n|inactive|Battle timer is ON: inactive players will automatically lose when time's up. (requested by vu_7)\n|inactive|Roberfly has 60 seconds left.\n|\n|t:|1776530953\n|teamsize|p1|4\n|teamsize|p2|4\n|start\n|switch|p1a: Talonflame|Talonflame, L50, M|100/100\n|switch|p1b: Dragonite|Dragonite, L50, M|100/100\n|switch|p2a: Scovillain|Scovillain, L50, M|100/100\n|switch|p2b: Aerodactyl|Aerodactyl, L50, F|100/100\n|-ability|p2b: Aerodactyl|Unnerve\n|turn|1\n|\n|t:|1776530967\n|detailschange|p1b: Dragonite|Dragonite-Mega, L50, M\n|-mega|p1b: Dragonite|Dragonite|Dragoninite\n|move|p2a: Scovillain|Protect|p2a: Scovillain\n|-singleturn|p2a: Scovillain|Protect\n|move|p1a: Talonflame|Tailwind|p1a: Talonflame\n|-sidestart|p1: vu_7|move: Tailwind\n|move|p1b: Dragonite|Hurricane|p2a: Scovillain\n|-activate|p2a: Scovillain|move: Protect\n|move|p2b: Aerodactyl|Tailwind|p2b: Aerodactyl\n|-sidestart|p2: Roberfly|move: Tailwind\n|\n|-ability|p2a: Scovillain|Moody|boost\n|-boost|p2a: Scovillain|def|2\n|-unboost|p2a: Scovillain|atk|1\n|upkeep\n|turn|2\n|\n|t:|1776530989\n|switch|p1a: Milotic|Milotic, L50, M|100/100\n|switch|p2a: Aegislash|Aegislash, L50, F|100/100\n|move|p2b: Aerodactyl|Rock Slide|p1a: Milotic|[spread] p1a,p1b\n|-supereffective|p1b: Dragonite|1\n|-damage|p1a: Milotic|71/100\n|-damage|p1b: Dragonite|78/100\n|move|p1b: Dragonite|Hurricane|p2a: Aegislash\n|-resisted|p2a: Aegislash|1\n|-damage|p2a: Aegislash|72/100\n|\n|-heal|p1a: Milotic|77/100|[from] item: Leftovers\n|upkeep\n|turn|3\n|\n|t:|1776531012\n|move|p2a: Aegislash|King's Shield|p2a: Aegislash\n|-singleturn|p2a: Aegislash|Protect\n|move|p2b: Aerodactyl|Rock Slide|p1b: Dragonite|[spread] p1a,p1b\n|-supereffective|p1b: Dragonite|1\n|-damage|p1a: Milotic|52/100\n|-damage|p1b: Dragonite|34/100\n|move|p1b: Dragonite|Heat Wave|p2a: Aegislash|[spread] p2b\n|-activate|p2a: Aegislash|move: Protect\n|-resisted|p2b: Aerodactyl|1\n|-damage|p2b: Aerodactyl|79/100\n|move|p1a: Milotic|Scald|p2b: Aerodactyl\n|-supereffective|p2b: Aerodactyl|1\n|-damage|p2b: Aerodactyl|0 fnt\n|faint|p2b: Aerodactyl\n|\n|-heal|p1a: Milotic|58/100|[from] item: Leftovers\n|upkeep\n|inactive|Roberfly has 30 seconds left.\n|\n|t:|1776531039\n|switch|p2b: Kingambit|Kingambit, L50, F|100/100\n|turn|4\n|\n|t:|1776531052\n|switch|p2a: Scovillain|Scovillain, L50, M|100/100\n|move|p1b: Dragonite|Protect|p1b: Dragonite\n|-singleturn|p1b: Dragonite|Protect\n|move|p1a: Milotic|Life Dew|p1a: Milotic|[spread] p1a,p1b\n|-heal|p1a: Milotic|83/100\n|-heal|p1b: Dragonite|59/100\n|move|p2b: Kingambit|Iron Head|p1b: Dragonite\n|-activate|p1b: Dragonite|move: Protect\n|\n|-heal|p1a: Milotic|89/100|[from] item: Leftovers\n|-sideend|p1: vu_7|move: Tailwind\n|-sideend|p2: Roberfly|move: Tailwind\n|-ability|p2a: Scovillain|Moody|boost\n|-boost|p2a: Scovillain|def|2\n|-unboost|p2a: Scovillain|spa|1\n|upkeep\n|turn|5\n|\n|t:|1776531071\n|move|p2a: Scovillain|Protect|p2a: Scovillain\n|-singleturn|p2a: Scovillain|Protect\n|move|p1b: Dragonite|Heat Wave|p2b: Kingambit|[spread] p2b\n|-activate|p2a: Scovillain|move: Protect\n|-supereffective|p2b: Kingambit|1\n|-damage|p2b: Kingambit|48/100\n|move|p1a: Milotic|Scald|p2a: Scovillain\n|-activate|p2a: Scovillain|move: Protect\n|move|p2b: Kingambit|Swords Dance|p2b: Kingambit\n|-boost|p2b: Kingambit|atk|2\n|\n|-heal|p1a: Milotic|95/100|[from] item: Leftovers\n|-ability|p2a: Scovillain|Moody|boost\n|-boost|p2a: Scovillain|spd|2\n|-unboost|p2a: Scovillain|spa|1\n|upkeep\n|turn|6\n|\n|t:|1776531090\n|detailschange|p2a: Scovillain|Scovillain-Mega, L50, M\n|-mega|p2a: Scovillain|Scovillain|Scovillainite\n|move|p2b: Kingambit|Sucker Punch|p1b: Dragonite\n|-damage|p1b: Dragonite|0 fnt\n|faint|p1b: Dragonite\n|move|p2a: Scovillain|Leech Seed|p1a: Milotic\n|-start|p1a: Milotic|move: Leech Seed\n|move|p1a: Milotic|Scald|p2a: Scovillain\n|-damage|p2a: Scovillain|82/100\n|-status|p1a: Milotic|brn|[from] ability: Spicy Spray|[of] p2a: Scovillain\n|\n|-heal|p1a: Milotic|100/100 brn|[from] item: Leftovers\n|-damage|p1a: Milotic|88/100 brn|[from] Leech Seed|[of] p2a: Scovillain\n|-heal|p2a: Scovillain|96/100|[silent]\n|-damage|p1a: Milotic|82/100 brn|[from] brn\n|upkeep\n|\n|t:|1776531104\n|switch|p1b: Talonflame|Talonflame, L50, M|100/100\n|turn|7\n|\n|t:|1776531115\n|move|p2a: Scovillain|Protect|p2a: Scovillain\n|-singleturn|p2a: Scovillain|Protect\n|move|p2b: Kingambit|Sucker Punch|p1b: Talonflame\n|-damage|p1b: Talonflame|0 fnt\n|faint|p1b: Talonflame\n|move|p1a: Milotic|Life Dew|p1a: Milotic\n|-heal|p1a: Milotic|100/100 brn\n|\n|-damage|p1a: Milotic|88/100 brn|[from] Leech Seed|[of] p2a: Scovillain\n|-heal|p2a: Scovillain|100/100|[silent]\n|-damage|p1a: Milotic|82/100 brn|[from] brn\n|upkeep\n|\n|t:|1776531120\n|switch|p1b: Sneasler|Sneasler, L50, M|100/100\n|turn|8\n|\n|t:|1776531134\n|move|p1b: Sneasler|Protect|p1b: Sneasler\n|-singleturn|p1b: Sneasler|Protect\n|move|p2a: Scovillain|Rage Powder|p2a: Scovillain\n|-singleturn|p2a: Scovillain|move: Rage Powder\n|move|p1a: Milotic|Scald|p2a: Scovillain\n|-damage|p2a: Scovillain|79/100\n|move|p2b: Kingambit|Iron Head|p1b: Sneasler\n|-activate|p1b: Sneasler|move: Protect\n|\n|-heal|p1a: Milotic|88/100 brn|[from] item: Leftovers\n|-damage|p1a: Milotic|76/100 brn|[from] Leech Seed|[of] p2a: Scovillain\n|-heal|p2a: Scovillain|93/100|[silent]\n|-damage|p1a: Milotic|70/100 brn|[from] brn\n|upkeep\n|turn|9\n|\n|t:|1776531151\n|move|p2a: Scovillain|Rage Powder|p2a: Scovillain\n|-singleturn|p2a: Scovillain|move: Rage Powder\n|move|p1b: Sneasler|Dire Claw|p2a: Scovillain\n|-supereffective|p2a: Scovillain|1\n|-damage|p2a: Scovillain|51/100\n|-status|p2a: Scovillain|par\n|-status|p1b: Sneasler|brn|[from] ability: Spicy Spray|[of] p2a: Scovillain\n|move|p1a: Milotic|Life Dew||[still]|[spread] p1a,p1b\n|-heal|p1a: Milotic|95/100 brn\n|-fail|p1b: Sneasler|heal\n|move|p2b: Kingambit|Iron Head|p1b: Sneasler\n|-damage|p1b: Sneasler|0 fnt\n|faint|p1b: Sneasler\n|\n|-heal|p1a: Milotic|100/100 brn|[from] item: Leftovers\n|-damage|p1a: Milotic|88/100 brn|[from] Leech Seed|[of] p2a: Scovillain\n|-heal|p2a: Scovillain|65/100 par|[silent]\n|-damage|p1a: Milotic|82/100 brn|[from] brn\n|upkeep\n|turn|10\n|\n|t:|1776531165\n|move|p2a: Scovillain|Rage Powder|p2a: Scovillain\n|-singleturn|p2a: Scovillain|move: Rage Powder\n|move|p1a: Milotic|Scald|p2a: Scovillain\n|-damage|p2a: Scovillain|45/100 par\n|move|p2b: Kingambit|Low Kick|p1a: Milotic\n|-damage|p1a: Milotic|9/100 brn\n|\n|-heal|p1a: Milotic|15/100 brn|[from] item: Leftovers\n|-damage|p1a: Milotic|3/100 brn|[from] Leech Seed|[of] p2a: Scovillain\n|-heal|p2a: Scovillain|59/100 par|[silent]\n|-damage|p1a: Milotic|0 fnt|[from] brn\n|faint|p1a: Milotic\n|\n|win|Roberfly\n|raw|vu_7's rating: 1230 &rarr; <strong>1201</strong><br />(-29 for losing)\n|raw|Roberfly's rating: 1180 &rarr; <strong>1209</strong><br />(+29 for winning)\n|l|\u2606vu_7\n|player|p1|\n",
  "uploadtime": 1776531180,
  "views": 21,
  "formatid": "gen9championsvgc2026regma",
  "rating": 1201,
  "private": 0,
  "password": null
}