{
  "id": "gen9championsvgc2026regma-2581838116",
  "format": "[Gen 9 Champions] VGC 2026 Reg M-A",
  "players": [
    "The ShimonMaster",
    "kakjohn"
  ],
  "log": "|j|\u2606The ShimonMaster\n|j|\u2606kakjohn\n|t:|1776032558\n|gametype|doubles\n|player|p1|The ShimonMaster|ingo|1137\n|player|p2|kakjohn|101|1237\n|gen|9\n|tier|[Gen 9 Champions] VGC 2026 Reg M-A\n|rated|\n|rule|Species Clause: Limit one of each Pok\u00e9mon\n|rule|Item Clause: Limit 1 of each item\n|clearpoke\n|poke|p1|Froslass, L50, F|\n|poke|p1|Orthworm, L50, F|\n|poke|p1|Incineroar, L50, M|\n|poke|p1|Rotom-Wash, L50|\n|poke|p1|Aerodactyl, L50, M|\n|poke|p1|Floette-Eternal, L50, F|\n|poke|p2|Charizard, L50, M|\n|poke|p2|Venusaur, L50, F|\n|poke|p2|Aerodactyl, L50, M|\n|poke|p2|Aegislash, L50, M|\n|poke|p2|Incineroar, L50, F|\n|poke|p2|Conkeldurr, L50, F|\n|teampreview|4\n|l|\u2606kakjohn\n|player|p2|\n|j|\u2606kakjohn\n|player|p2|kakjohn|101|\n|\n|t:|1776032586\n|teamsize|p1|4\n|teamsize|p2|4\n|start\n|switch|p1a: Aerodactyl|Aerodactyl, L50, M|100/100\n|switch|p1b: Incineroar|Incineroar, L50, M|100/100\n|switch|p2a: Conkeldurr|Conkeldurr, L50, F|100/100\n|switch|p2b: Aegislash|Aegislash, L50, M, shiny|100/100\n|-ability|p1a: Aerodactyl|Unnerve\n|-ability|p1b: Incineroar|Intimidate|boost\n|-unboost|p2a: Conkeldurr|atk|1\n|-unboost|p2b: Aegislash|atk|1\n|turn|1\n|\n|t:|1776032613\n|move|p1b: Incineroar|Fake Out|p2a: Conkeldurr\n|-damage|p2a: Conkeldurr|91/100\n|move|p1a: Aerodactyl|Dual Wingbeat|p2a: Conkeldurr\n|-supereffective|p2a: Conkeldurr|1\n|-damage|p2a: Conkeldurr|59/100\n|-supereffective|p2a: Conkeldurr|1\n|-damage|p2a: Conkeldurr|26/100\n|-hitcount|p2a: Conkeldurr|2\n|-formechange|p2b: Aegislash|Aegislash-Blade|\n|move|p2b: Aegislash|Flash Cannon|p1a: Aerodactyl\n|-supereffective|p1a: Aerodactyl|1\n|-enditem|p1a: Aerodactyl|Focus Sash\n|-damage|p1a: Aerodactyl|1/100\n|cant|p2a: Conkeldurr|flinch\n|\n|upkeep\n|turn|2\n|\n|t:|1776032638\n|move|p2b: Aegislash|Shadow Sneak|p1a: Aerodactyl\n|-damage|p1a: Aerodactyl|0 fnt\n|faint|p1a: Aerodactyl\n|move|p1b: Incineroar|Flare Blitz|p2b: Aegislash\n|-supereffective|p2b: Aegislash|1\n|-damage|p2b: Aegislash|0 fnt\n|faint|p2b: Aegislash\n|-damage|p1b: Incineroar|76/100|[from] Recoil\n|move|p2a: Conkeldurr|Drain Punch|p1b: Incineroar\n|-supereffective|p1b: Incineroar|1\n|-enditem|p1b: Incineroar|Chople Berry|[eat]\n|-enditem|p1b: Incineroar|Chople Berry|[weaken]\n|-damage|p1b: Incineroar|37/100\n|-heal|p2a: Conkeldurr|45/100|[from] drain|[of] p1b: Incineroar\n|\n|upkeep\n|\n|t:|1776032653\n|switch|p1a: Floette|Floette-Eternal, L50, F|100/100\n|switch|p2b: Charizard|Charizard, L50, M, shiny|100/100\n|turn|3\n|\n|t:|1776032669\n|detailschange|p2b: Charizard|Charizard-Mega-Y, L50, M, shiny\n|-mega|p2b: Charizard|Charizard|Charizardite Y\n|-weather|SunnyDay|[from] ability: Drought|[of] p2b: Charizard\n|detailschange|p1a: Floette|Floette-Mega, L50, F\n|-mega|p1a: Floette|Floette|Floettite\n|-ability|p1a: Floette|Fairy Aura\n|move|p1a: Floette|Protect|p1a: Floette\n|-singleturn|p1a: Floette|Protect\n|move|p2a: Conkeldurr|Protect|p2a: Conkeldurr\n|-singleturn|p2a: Conkeldurr|Protect\n|move|p2b: Charizard|Overheat|p1a: Floette\n|-activate|p1a: Floette|move: Protect\n|move|p1b: Incineroar|Flare Blitz|p2a: Conkeldurr\n|-activate|p2a: Conkeldurr|move: Protect\n|\n|-weather|SunnyDay|[upkeep]\n|upkeep\n|turn|4\n|\n|t:|1776032690\n|switch|p1a: Rotom|Rotom-Wash, L50|100/100\n|switch|p2a: Venusaur|Venusaur, L50, F|100/100\n|move|p2b: Charizard|Overheat|p1a: Rotom\n|-resisted|p1a: Rotom|1\n|-damage|p1a: Rotom|34/100\n|-unboost|p2b: Charizard|spa|2\n|move|p1b: Incineroar|Flare Blitz|p2a: Venusaur\n|-supereffective|p2a: Venusaur|1\n|-damage|p2a: Venusaur|0 fnt\n|faint|p2a: Venusaur\n|-damage|p1b: Incineroar|11/100|[from] Recoil\n|\n|-weather|SunnyDay|[upkeep]\n|upkeep\n|\n|t:|1776032696\n|switch|p2a: Conkeldurr|Conkeldurr, L50, F|45/100\n|turn|5\n|l|\u2606kakjohn\n|player|p2|\n|\n|t:|1776032725\n|move|p2a: Conkeldurr|Mach Punch|p1b: Incineroar\n|-supereffective|p1b: Incineroar|1\n|-damage|p1b: Incineroar|0 fnt\n|faint|p1b: Incineroar\n|move|p2b: Charizard|Solar Beam||[still]\n|-prepare|p2b: Charizard|Solar Beam\n|-anim|p2b: Charizard|Solar Beam|p1a: Rotom\n|-supereffective|p1a: Rotom|1\n|-damage|p1a: Rotom|0 fnt\n|faint|p1a: Rotom\n|\n|-weather|SunnyDay|[upkeep]\n|upkeep\n|j|\u2606kakjohn\n|player|p2|kakjohn|101|\n|\n|t:|1776032741\n|switch|p1a: Floette|Floette-Mega, L50, F|100/100\n|-ability|p1a: Floette|Fairy Aura\n|turn|6\n|\n|t:|1776032750\n|move|p1a: Floette|Protect|p1a: Floette\n|-singleturn|p1a: Floette|Protect\n|move|p2a: Conkeldurr|Protect|p2a: Conkeldurr\n|-singleturn|p2a: Conkeldurr|Protect\n|move|p2b: Charizard|Heat Wave|p1a: Floette\n|-activate|p1a: Floette|move: Protect\n|\n|-weather|SunnyDay|[upkeep]\n|upkeep\n|turn|7\n|\n|t:|1776032758\n|move|p1a: Floette|Dazzling Gleam|p2a: Conkeldurr|[spread] p2a,p2b\n|-supereffective|p2a: Conkeldurr|1\n|-resisted|p2b: Charizard|1\n|-damage|p2a: Conkeldurr|0 fnt\n|-damage|p2b: Charizard|81/100\n|faint|p2a: Conkeldurr\n|move|p2b: Charizard|Heat Wave|p1a: Floette\n|-damage|p1a: Floette|71/100\n|\n|-weather|none\n|upkeep\n|turn|8\n|\n|t:|1776032767\n|move|p1a: Floette|Calm Mind|p1a: Floette\n|-boost|p1a: Floette|spa|1\n|-boost|p1a: Floette|spd|1\n|move|p2b: Charizard|Heat Wave|p1a: Floette\n|-damage|p1a: Floette|57/100\n|\n|upkeep\n|turn|9\n|\n|t:|1776032772\n|move|p1a: Floette|Calm Mind|p1a: Floette\n|-boost|p1a: Floette|spa|1\n|-boost|p1a: Floette|spd|1\n|move|p2b: Charizard|Heat Wave|p1a: Floette\n|-damage|p1a: Floette|47/100\n|\n|upkeep\n|turn|10\n|\n|t:|1776032781\n|move|p1a: Floette|Draining Kiss|p2b: Charizard\n|-resisted|p2b: Charizard|1\n|-damage|p2b: Charizard|48/100\n|-heal|p1a: Floette|68/100|[from] drain|[of] p2b: Charizard\n|move|p2b: Charizard|Heat Wave|p1a: Floette\n|-damage|p1a: Floette|57/100\n|\n|upkeep\n|turn|11\n|\n|t:|1776032791\n|move|p1a: Floette|Draining Kiss|p2b: Charizard\n|-resisted|p2b: Charizard|1\n|-damage|p2b: Charizard|10/100\n|-heal|p1a: Floette|81/100|[from] drain|[of] p2b: Charizard\n|move|p2b: Charizard|Heat Wave|p1a: Floette\n|-damage|p1a: Floette|71/100\n|\n|upkeep\n|turn|12\n|-message|kakjohn forfeited.\n|\n|win|The ShimonMaster\n|raw|The ShimonMaster's rating: 1137 &rarr; <strong>1169</strong><br />(+32 for winning)\n|raw|kakjohn's rating: 1237 &rarr; <strong>1205</strong><br />(-32 for losing)\n|l|\u2606kakjohn\n|player|p2|\n",
  "uploadtime": 1776032804,
  "views": 17,
  "formatid": "gen9championsvgc2026regma",
  "rating": 1169,
  "private": 0,
  "password": null
}