{
  "id": "gen9championsvgc2026regma-2585758565",
  "format": "[Gen 9 Champions] VGC 2026 Reg M-A",
  "players": [
    "Nytter877",
    "Dodadus"
  ],
  "log": "|j|\u2606Nytter877\n|j|\u2606Dodadus\n|t:|1776368577\n|gametype|doubles\n|player|p1|Nytter877|hooligans|\n|player|p2|Dodadus|zinnia|\n|gen|9\n|tier|[Gen 9 Champions] VGC 2026 Reg M-A\n|rated|Tournament battle\n|rule|Species Clause: Limit one of each Pok\u00e9mon\n|rule|Item Clause: Limit 1 of each item\n|raw|<div class=\"infobox\"><details class=\"readmore\" open><summary><strong>1 custom rule:</strong></summary> !open team sheets</details></div>\n|clearpoke\n|poke|p1|Sableye, L50, M|\n|poke|p1|Arcanine-Hisui, L50, M|\n|poke|p1|Farigiraf, L50, F|\n|poke|p1|Kingambit, L50, M|\n|poke|p1|Crabominable, L50, M|\n|poke|p1|Camerupt, L50, M|\n|poke|p2|Floette-Eternal, L50, F|\n|poke|p2|Incineroar, L50, M|\n|poke|p2|Sinistcha, L50|\n|poke|p2|Sneasler, L50, F|\n|poke|p2|Rotom-Wash, L50|\n|poke|p2|Garchomp, L50, F|\n|teampreview|4\n|c|\u2606Dodadus|Glhf\n|c|\u2606Nytter877|glhf\n|\n|t:|1776368631\n|teamsize|p1|4\n|teamsize|p2|4\n|start\n|switch|p1a: lil jit|Sableye, L50, M, shiny|100/100\n|switch|p1b: no fake out for u|Farigiraf, L50, F|100/100\n|switch|p2a: Garchomp|Garchomp, L50, F|100/100\n|switch|p2b: Rotom|Rotom-Wash, L50, shiny|100/100\n|turn|1\n|\n|t:|1776368648\n|switch|p2a: Incineroar|Incineroar, L50, M|100/100\n|-ability|p2a: Incineroar|Intimidate|boost\n|-unboost|p1a: lil jit|atk|1\n|-unboost|p1b: no fake out for u|atk|1\n|move|p1a: lil jit|Fake Out|p2a: Incineroar\n|-damage|p2a: Incineroar|97/100\n|move|p2b: Rotom|Volt Switch|p1a: lil jit\n|-damage|p1a: lil jit|71/100\n|j| porygon-epilepz\n|\n|t:|1776368658\n|switch|p2b: Floette|Floette-Eternal, L50, F|100/100|[from] Volt Switch\n|move|p1b: no fake out for u|Trick Room|p1b: no fake out for u\n|-fieldstart|move: Trick Room|[of] p1b: no fake out for u\n|\n|upkeep\n|turn|2\n|\n|t:|1776368674\n|detailschange|p2b: Floette|Floette-Mega, L50, F\n|-mega|p2b: Floette|Floette|Floettite\n|-ability|p2b: Floette|Fairy Aura\n|move|p1a: lil jit|Feint|p2b: Floette\n|-damage|p2b: Floette|96/100\n|move|p1b: no fake out for u|Twin Beam|p2b: Floette\n|-damage|p2b: Floette|81/100\n|-damage|p2b: Floette|66/100\n|-hitcount|p2b: Floette|2\n|move|p2a: Incineroar|Darkest Lariat|p1b: no fake out for u\n|-supereffective|p1b: no fake out for u|1\n|-damage|p1b: no fake out for u|45/100\n|move|p2b: Floette|Dazzling Gleam|p1b: no fake out for u|[spread] p1a,p1b\n|-supereffective|p1a: lil jit|1\n|-damage|p1a: lil jit|0 fnt\n|-damage|p1b: no fake out for u|0 fnt\n|faint|p1a: lil jit\n|faint|p1b: no fake out for u\n|\n|upkeep\n|j| knoxxzeta\n|\n|t:|1776368691\n|switch|p1a: Kitchen knife|Kingambit, L50, M, shiny|100/100\n|switch|p1b: KSI THE NIGHTMARE|Crabominable, L50, M, shiny|100/100\n|-activate|p1a: Kitchen knife|ability: Supreme Overlord\n|-start|p1a: Kitchen knife|fallen2|[silent]\n|turn|3\n|j| mind goblin games\n|\n|t:|1776368707\n|detailschange|p1b: KSI THE NIGHTMARE|Crabominable-Mega, L50, M, shiny\n|-mega|p1b: KSI THE NIGHTMARE|Crabominable|Crabominite\n|move|p1b: KSI THE NIGHTMARE|Drain Punch|p2a: Incineroar\n|-supereffective|p2a: Incineroar|1\n|-enditem|p2a: Incineroar|Chople Berry|[eat]\n|-enditem|p2a: Incineroar|Chople Berry|[weaken]\n|-damage|p2a: Incineroar|50/100\n|move|p1a: Kitchen knife|Iron Head|p2b: Floette\n|-supereffective|p2b: Floette|1\n|-damage|p2b: Floette|0 fnt\n|faint|p2b: Floette\n|move|p2a: Incineroar|Flare Blitz|p1b: KSI THE NIGHTMARE\n|-supereffective|p1b: KSI THE NIGHTMARE|1\n|-damage|p1b: KSI THE NIGHTMARE|26/100\n|-damage|p2a: Incineroar|26/100|[from] Recoil\n|\n|upkeep\n|\n|t:|1776368718\n|switch|p2b: Rotom|Rotom-Wash, L50, shiny|100/100\n|turn|4\n|\n|t:|1776368732\n|move|p1b: KSI THE NIGHTMARE|Drain Punch|p2a: Incineroar\n|-supereffective|p2a: Incineroar|1\n|-damage|p2a: Incineroar|0 fnt\n|-heal|p1b: KSI THE NIGHTMARE|39/100|[from] drain|[of] p2a: Incineroar\n|faint|p2a: Incineroar\n|move|p1a: Kitchen knife|Kowtow Cleave|p2b: Rotom\n|-damage|p2b: Rotom|33/100\n|-enditem|p2b: Rotom|Sitrus Berry|[eat]\n|-heal|p2b: Rotom|58/100|[from] item: Sitrus Berry\n|move|p2b: Rotom|Thunderbolt|p1b: KSI THE NIGHTMARE\n|-damage|p1b: KSI THE NIGHTMARE|10/100\n|\n|upkeep\n|\n|t:|1776368743\n|switch|p2a: Garchomp|Garchomp, L50, F|100/100\n|turn|5\n|\n|t:|1776368753\n|move|p1b: KSI THE NIGHTMARE|Ice Hammer|p2a: Garchomp\n|-supereffective|p2a: Garchomp|2\n|-damage|p2a: Garchomp|0 fnt\n|-unboost|p1b: KSI THE NIGHTMARE|spe|1\n|-damage|p1b: KSI THE NIGHTMARE|0 fnt|[from] ability: Rough Skin|[of] p2a: Garchomp\n|faint|p2a: Garchomp\n|faint|p1b: KSI THE NIGHTMARE\n|move|p1a: Kitchen knife|Kowtow Cleave|p2b: Rotom\n|-damage|p2b: Rotom|0 fnt\n|faint|p2b: Rotom\n|\n|win|Nytter877\n|n|\u2606Nytter877|nytter877\n|n|\u2606Dodadus|dodadus\n|n| porygon-epilepz|porygonepilepz\n|n| knoxxzeta|knoxxzeta\n|n| mind goblin games|mindgoblingames\n|c|\u2606Dodadus|Gg\n",
  "uploadtime": 1776368655,
  "views": 18,
  "formatid": "gen9championsvgc2026regma",
  "rating": null,
  "private": 0,
  "password": null
}