{
  "id": "gen9championsvgc2026regma-2582174536",
  "format": "[Gen 9 Champions] VGC 2026 Reg M-A",
  "players": [
    "clammer9",
    "matthematical"
  ],
  "log": "|j|\u2606clammer9\n|j|\u2606matthematical\n|t:|1776067444\n|gametype|doubles\n|player|p1|clammer9|101|1018\n|player|p2|matthematical|red|1032\n|gen|9\n|tier|[Gen 9 Champions] VGC 2026 Reg M-A\n|rated|\n|rule|Species Clause: Limit one of each Pok\u00e9mon\n|rule|Item Clause: Limit 1 of each item\n|clearpoke\n|poke|p1|Lucario, L50, M|\n|poke|p1|Incineroar, L50, M|\n|poke|p1|Dragapult, L50, M|\n|poke|p1|Goodra, L50, M|\n|poke|p1|Araquanid, L50, F|\n|poke|p1|Medicham, L50, F|\n|poke|p2|Torkoal, L50, F|\n|poke|p2|Heliolisk, L50, M|\n|poke|p2|Scizor, L50, M|\n|poke|p2|Politoed, L50, F|\n|poke|p2|Sneasler, L50, M|\n|poke|p2|Decidueye, L50, M|\n|teampreview|4\n|inactive|Battle timer is ON: inactive players will automatically lose when time's up. (requested by matthematical)\n|inactive|clammer9 has 60 seconds left.\n|\n|t:|1776067486\n|teamsize|p1|4\n|teamsize|p2|4\n|start\n|switch|p1a: Goodra|Goodra, L50, M|100/100\n|switch|p1b: Incineroar|Incineroar, L50, M|100/100\n|switch|p2a: Torkoal|Torkoal, L50, F|100/100\n|switch|p2b: Heliolisk|Heliolisk, L50, M|100/100\n|-ability|p1b: Incineroar|Intimidate|boost\n|-unboost|p2a: Torkoal|atk|1\n|-unboost|p2b: Heliolisk|atk|1\n|-weather|SunnyDay|[from] ability: Drought|[of] p2a: Torkoal\n|turn|1\n|\n|t:|1776067507\n|move|p2b: Heliolisk|Protect|p2b: Heliolisk\n|-singleturn|p2b: Heliolisk|Protect\n|move|p2a: Torkoal|Protect|p2a: Torkoal\n|-singleturn|p2a: Torkoal|Protect\n|move|p1a: Goodra|Acid Spray|p2b: Heliolisk\n|-activate|p2b: Heliolisk|move: Protect\n|move|p1b: Incineroar|Flare Blitz|p2a: Torkoal\n|-activate|p2a: Torkoal|move: Protect\n|\n|-weather|SunnyDay|[upkeep]\n|-damage|p2b: Heliolisk|88/100|[from] ability: Solar Power|[of] p2b: Heliolisk\n|upkeep\n|turn|2\n|\n|t:|1776067522\n|move|p2a: Torkoal|Helping Hand|p2b: Heliolisk\n|-singleturn|p2b: Heliolisk|Helping Hand|[of] p2a: Torkoal\n|move|p1a: Goodra|Protect|p1a: Goodra\n|-singleturn|p1a: Goodra|Protect\n|move|p2b: Heliolisk|Hyper Voice|p1a: Goodra|[spread] p1b\n|-activate|p1a: Goodra|move: Protect\n|-damage|p1b: Incineroar|27/100\n|-enditem|p1b: Incineroar|Sitrus Berry|[eat]\n|-heal|p1b: Incineroar|52/100|[from] item: Sitrus Berry\n|move|p1b: Incineroar|Flare Blitz|p2b: Heliolisk\n|-damage|p2b: Heliolisk|0 fnt\n|faint|p2b: Heliolisk\n|-damage|p1b: Incineroar|30/100|[from] Recoil\n|\n|-weather|SunnyDay|[upkeep]\n|upkeep\n|\n|t:|1776067540\n|switch|p2b: Politoed|Politoed, L50, F|100/100\n|-weather|RainDance|[from] ability: Drizzle|[of] p2b: Politoed\n|turn|3\n|\n|t:|1776067552\n|switch|p1b: Araquanid|Araquanid, L50, F|100/100\n|move|p2a: Torkoal|Helping Hand|p2b: Politoed\n|-singleturn|p2b: Politoed|Helping Hand|[of] p2a: Torkoal\n|move|p1a: Goodra|Sunny Day|p1a: Goodra\n|-weather|SunnyDay\n|move|p2b: Politoed|Ice Beam|p1a: Goodra\n|-supereffective|p1a: Goodra|1\n|-damage|p1a: Goodra|72/100\n|\n|-weather|SunnyDay|[upkeep]\n|upkeep\n|turn|4\n|\n|t:|1776067571\n|move|p2a: Torkoal|Protect|p2a: Torkoal\n|-singleturn|p2a: Torkoal|Protect\n|move|p1a: Goodra|Acid Spray|p2b: Politoed\n|-damage|p2b: Politoed|91/100\n|-unboost|p2b: Politoed|spd|2\n|move|p2b: Politoed|Perish Song|p2b: Politoed\n|-start|p1a: Goodra|perish3|[silent]\n|-start|p1b: Araquanid|perish3|[silent]\n|-start|p2a: Torkoal|perish3|[silent]\n|-start|p2b: Politoed|perish3|[silent]\n|-fieldactivate|move: Perish Song\n|move|p1b: Araquanid|Liquidation|p2a: Torkoal\n|-activate|p2a: Torkoal|move: Protect\n|\n|-weather|SunnyDay|[upkeep]\n|-heal|p2b: Politoed|97/100|[from] item: Leftovers\n|-start|p1a: Goodra|perish3\n|-start|p2b: Politoed|perish3\n|-start|p1b: Araquanid|perish3\n|-start|p2a: Torkoal|perish3\n|upkeep\n|turn|5\n|c|\u2606clammer9|my god\n|inactive|clammer9 has 30 seconds left.\n|inactive|clammer9 has 20 seconds left.\n|inactive|clammer9 has 15 seconds left.\n|\n|t:|1776067615\n|switch|p1a: Incineroar|Incineroar, L50, M|30/100\n|-ability|p1a: Incineroar|Intimidate|boost\n|-unboost|p2a: Torkoal|atk|1\n|-unboost|p2b: Politoed|atk|1\n|move|p2b: Politoed|Protect|p2b: Politoed\n|-singleturn|p2b: Politoed|Protect\n|move|p1b: Araquanid|Liquidation|p2a: Torkoal\n|-supereffective|p2a: Torkoal|1\n|-damage|p2a: Torkoal|63/100\n|move|p2a: Torkoal|Heat Wave|p1b: Araquanid|[spread] p1a,p1b\n|-resisted|p1a: Incineroar|1\n|-crit|p1a: Incineroar\n|-damage|p1a: Incineroar|8/100\n|-damage|p1b: Araquanid|84/100\n|\n|-weather|SunnyDay|[upkeep]\n|-heal|p2b: Politoed|100/100|[from] item: Leftovers\n|-start|p2b: Politoed|perish2\n|-start|p1b: Araquanid|perish2\n|-start|p2a: Torkoal|perish2\n|upkeep\n|turn|6\n|inactive|clammer9 has 30 seconds left.\n|inactive|matthematical has 30 seconds left.\n|\n|t:|1776067650\n|switch|p2a: Scizor|Scizor, L50, M, shiny|100/100\n|move|p1b: Araquanid|Wide Guard|p1b: Araquanid\n|-singleturn|p1b: Araquanid|Wide Guard\n|move|p2b: Politoed|Weather Ball|p1a: Incineroar\n|-resisted|p1a: Incineroar|1\n|-damage|p1a: Incineroar|0 fnt\n|faint|p1a: Incineroar\n|\n|-weather|SunnyDay|[upkeep]\n|-start|p2b: Politoed|perish1\n|-start|p1b: Araquanid|perish1\n|upkeep\n|\n|t:|1776067661\n|switch|p1a: Goodra|Goodra, L50, M|72/100\n|turn|7\n|\n|t:|1776067669\n|switch|p2b: Torkoal|Torkoal, L50, F|63/100\n|switch|p1b: Lucario|Lucario, L50, M|100/100\n|detailschange|p2a: Scizor|Scizor-Mega, L50, M, shiny\n|-mega|p2a: Scizor|Scizor|Scizorite\n|move|p1a: Goodra|Flamethrower|p2a: Scizor\n|-supereffective|p2a: Scizor|2\n|-damage|p2a: Scizor|0 fnt\n|faint|p2a: Scizor\n|\n|-weather|none\n|upkeep\n|\n|t:|1776067679\n|switch|p2a: Politoed|Politoed, L50, F|100/100\n|-weather|RainDance|[from] ability: Drizzle|[of] p2a: Politoed\n|turn|8\n|inactive|clammer9 has 30 seconds left.\n|\n|t:|1776067713\n|move|p2b: Torkoal|Helping Hand|p2a: Politoed\n|-singleturn|p2a: Politoed|Helping Hand|[of] p2b: Torkoal\n|move|p1b: Lucario|Aura Sphere|p2a: Politoed\n|-crit|p2a: Politoed\n|-damage|p2a: Politoed|49/100\n|move|p1a: Goodra|Acid Spray|p2a: Politoed\n|-damage|p2a: Politoed|39/100\n|-unboost|p2a: Politoed|spd|2\n|move|p2a: Politoed|Weather Ball|p1b: Lucario\n|-damage|p1b: Lucario|0 fnt\n|faint|p1b: Lucario\n|\n|-weather|RainDance|[upkeep]\n|-heal|p2a: Politoed|45/100|[from] item: Leftovers\n|upkeep\n|\n|t:|1776067728\n|switch|p1b: Araquanid|Araquanid, L50, F|84/100\n|turn|9\n|\n|t:|1776067743\n|move|p1a: Goodra|Protect|p1a: Goodra\n|-singleturn|p1a: Goodra|Protect\n|move|p2a: Politoed|Protect|p2a: Politoed\n|-singleturn|p2a: Politoed|Protect\n|move|p1b: Araquanid|Liquidation|p2a: Politoed\n|-activate|p2a: Politoed|move: Protect\n|move|p2b: Torkoal|Heat Wave|p1a: Goodra|[spread] p1b\n|-activate|p1a: Goodra|move: Protect\n|-damage|p1b: Araquanid|80/100\n|\n|-weather|RainDance|[upkeep]\n|-heal|p2a: Politoed|51/100|[from] item: Leftovers\n|upkeep\n|turn|10\n|\n|t:|1776067766\n|move|p2b: Torkoal|Helping Hand|p2a: Politoed\n|-singleturn|p2a: Politoed|Helping Hand|[of] p2b: Torkoal\n|move|p1a: Goodra|Acid Spray|p2a: Politoed\n|-damage|p2a: Politoed|33/100\n|-unboost|p2a: Politoed|spd|2\n|move|p2a: Politoed|Weather Ball|p1b: Araquanid\n|-resisted|p1b: Araquanid|1\n|-damage|p1b: Araquanid|53/100\n|move|p1b: Araquanid|Liquidation|p2a: Politoed\n|-resisted|p2a: Politoed|1\n|-damage|p2a: Politoed|0 fnt\n|faint|p2a: Politoed\n|\n|-weather|RainDance|[upkeep]\n|upkeep\n|turn|11\n|\n|t:|1776067787\n|move|p2b: Torkoal|Protect|p2b: Torkoal\n|-singleturn|p2b: Torkoal|Protect\n|move|p1a: Goodra|Acid Spray|p2b: Torkoal\n|-activate|p2b: Torkoal|move: Protect\n|move|p1b: Araquanid|Liquidation|p2b: Torkoal\n|-activate|p2b: Torkoal|move: Protect\n|\n|-weather|RainDance|[upkeep]\n|upkeep\n|turn|12\n|c|\u2606clammer9|gg\n|\n|t:|1776067795\n|move|p2b: Torkoal|Protect||[still]\n|-fail|p2b: Torkoal\n|move|p1a: Goodra|Acid Spray|p2b: Torkoal\n|-damage|p2b: Torkoal|47/100\n|-unboost|p2b: Torkoal|spd|2\n|move|p1b: Araquanid|Liquidation|p2b: Torkoal\n|-supereffective|p2b: Torkoal|1\n|-damage|p2b: Torkoal|0 fnt\n|faint|p2b: Torkoal\n|\n|win|clammer9\n|raw|clammer9's rating: 1018 &rarr; <strong>1057</strong><br />(+39 for winning)\n|raw|matthematical's rating: 1032 &rarr; <strong>1017</strong><br />(-15 for losing)\n|c|\u2606matthematical|gg\n|l|\u2606matthematical\n|player|p2|\n",
  "uploadtime": 1776067805,
  "views": 9,
  "formatid": "gen9championsvgc2026regma",
  "rating": 1017,
  "private": 0,
  "password": null
}