{
  "id": "gen9championsvgc2026regma-2584879621",
  "format": "[Gen 9 Champions] VGC 2026 Reg M-A",
  "players": [
    "Jah_08",
    "JoyBoy311"
  ],
  "log": "|j|\u2606Jah_08\n|j|\u2606JoyBoy311\n|t:|1776291006\n|gametype|doubles\n|player|p1|Jah_08|alder|1255\n|player|p2|JoyBoy311|266|1221\n|gen|9\n|tier|[Gen 9 Champions] VGC 2026 Reg M-A\n|rated|\n|rule|Species Clause: Limit one of each Pok\u00e9mon\n|rule|Item Clause: Limit 1 of each item\n|clearpoke\n|poke|p1|Excadrill, L50, M|\n|poke|p1|Whimsicott, L50, M|\n|poke|p1|Chandelure, L50, F|\n|poke|p1|Zoroark-Hisui, L50, M|\n|poke|p1|Basculegion, L50, M|\n|poke|p1|Hydreigon, L50, M|\n|poke|p2|Kingambit, L50, M|\n|poke|p2|Gengar, L50, F|\n|poke|p2|Aerodactyl, L50, F|\n|poke|p2|Incineroar, L50, M|\n|poke|p2|Garchomp, L50, M|\n|poke|p2|Sneasler, L50, M|\n|teampreview|4\n|inactive|Battle timer is ON: inactive players will automatically lose when time's up. (requested by Jah_08)\nJah_08 rejected open team sheets.\n|\n|t:|1776291038\n|teamsize|p1|4\n|teamsize|p2|4\n|start\n|switch|p1a: Basculegion|Basculegion, L50, M|100/100\n|switch|p1b: Whimsicott|Whimsicott, L50, M, shiny|100/100\n|switch|p2a: Kingambit|Kingambit, L50, M, shiny|100/100\n|switch|p2b: Sneasler|Sneasler, L50, M, shiny|100/100\n|turn|1\n|\n|t:|1776291061\n|move|p1b: Whimsicott|Protect|p1b: Whimsicott\n|-singleturn|p1b: Whimsicott|Protect\n|move|p2a: Kingambit|Sucker Punch|p1a: Basculegion\n|-supereffective|p1a: Basculegion|1\n|-damage|p1a: Basculegion|0 fnt\n|faint|p1a: Basculegion\n|move|p2b: Sneasler|Dire Claw|p1b: Whimsicott\n|-activate|p1b: Whimsicott|move: Protect\n|\n|upkeep\n|\n|t:|1776291074\n|switch|p1a: Chandelure|Chandelure, L50, F|100/100\n|turn|2\n|\n|t:|1776291083\n|detailschange|p1a: Chandelure|Chandelure-Mega, L50, F\n|-mega|p1a: Chandelure|Chandelure|Chandelurite\n|move|p1b: Whimsicott|Tailwind|p1b: Whimsicott\n|-sidestart|p1: Jah_08|move: Tailwind\n|move|p2a: Kingambit|Sucker Punch||[still]\n|-fail|p2a: Kingambit\n|move|p1a: Chandelure|Substitute|p1a: Chandelure\n|-start|p1a: Chandelure|Substitute\n|-damage|p1a: Chandelure|76/100\n|move|p2b: Sneasler|Dire Claw|p1b: Whimsicott\n|-supereffective|p1b: Whimsicott|2\n|-damage|p1b: Whimsicott|0 fnt\n|faint|p1b: Whimsicott\n|\n|upkeep\n|\n|t:|1776291098\n|switch|p1b: Excadrill|Excadrill, L50, M|100/100\n|-ability|p1b: Excadrill|Mold Breaker\n|turn|3\n|\n|t:|1776291110\n|switch|p2a: Incineroar|Incineroar, L50, M, shiny|100/100\n|-ability|p2a: Incineroar|Intimidate|boost\n|-immune|p1a: Chandelure\n|-unboost|p1b: Excadrill|atk|1\n|move|p1b: Excadrill|High Horsepower|p2a: Incineroar\n|-supereffective|p2a: Incineroar|1\n|-damage|p2a: Incineroar|47/100\n|move|p1a: Chandelure|Heat Wave|p2b: Sneasler|[spread] p2b\n|-miss|p1a: Chandelure|p2a: Incineroar\n|-damage|p2b: Sneasler|31/100\n|move|p2b: Sneasler|Dire Claw|p1a: Chandelure\n|-resisted|p1a: Chandelure|1\n|-activate|p1a: Chandelure|move: Substitute|[damage]\n|\n|-heal|p2a: Incineroar|53/100|[from] item: Leftovers\n|upkeep\n|turn|4\n|inactive|Jah_08 has 30 seconds left.\n|inactive|JoyBoy311 has 30 seconds left.\n|\n|t:|1776291144\n|move|p1b: Excadrill|Protect|p1b: Excadrill\n|-singleturn|p1b: Excadrill|Protect\n|move|p1a: Chandelure|Protect|p1a: Chandelure\n|-singleturn|p1a: Chandelure|Protect\n|move|p2a: Incineroar|Fake Out|p1b: Excadrill\n|-activate|p1b: Excadrill|move: Protect\n|move|p2b: Sneasler|Dire Claw|p1a: Chandelure\n|-activate|p1a: Chandelure|move: Protect\n|\n|-heal|p2a: Incineroar|59/100|[from] item: Leftovers\n|upkeep\n|turn|5\n|inactive|JoyBoy311 has 30 seconds left.\n|\n|t:|1776291173\n|move|p1b: Excadrill|High Horsepower|p2a: Incineroar\n|-supereffective|p2a: Incineroar|1\n|-damage|p2a: Incineroar|2/100\n|move|p1a: Chandelure|Shadow Ball|p2b: Sneasler\n|-damage|p2b: Sneasler|0 fnt\n|faint|p2b: Sneasler\n|move|p2a: Incineroar|Parting Shot|p1b: Excadrill\n|-unboost|p1b: Excadrill|atk|1\n|-unboost|p1b: Excadrill|spa|1\n|\n|t:|1776291184\n|switch|p2a: Gengar|Gengar, L50, F, shiny|100/100|[from] Parting Shot\n|\n|-sideend|p1: Jah_08|move: Tailwind\n|upkeep\n|\n|t:|1776291189\n|switch|p2b: Incineroar|Incineroar, L50, M, shiny|2/100\n|-ability|p2b: Incineroar|Intimidate|boost\n|-immune|p1a: Chandelure\n|-unboost|p1b: Excadrill|atk|1\n|turn|6\n|inactive|Jah_08 has 30 seconds left.\n|\n|t:|1776291219\n|detailschange|p2a: Gengar|Gengar-Mega, L50, F, shiny\n|-mega|p2a: Gengar|Gengar|Gengarite\n|move|p1b: Excadrill|Protect|p1b: Excadrill\n|-singleturn|p1b: Excadrill|Protect\n|move|p1a: Chandelure|Protect|p1a: Chandelure\n|-singleturn|p1a: Chandelure|Protect\n|move|p2b: Incineroar|Fake Out|p1b: Excadrill\n|-activate|p1b: Excadrill|move: Protect\n|move|p2a: Gengar|Perish Song|p2a: Gengar\n|-start|p1a: Chandelure|perish3|[silent]\n|-start|p1b: Excadrill|perish3|[silent]\n|-start|p2a: Gengar|perish3|[silent]\n|-start|p2b: Incineroar|perish3|[silent]\n|-fieldactivate|move: Perish Song\n|\n|-heal|p2b: Incineroar|8/100|[from] item: Leftovers\n|-start|p2a: Gengar|perish3\n|-start|p1b: Excadrill|perish3\n|-start|p1a: Chandelure|perish3\n|-start|p2b: Incineroar|perish3\n|upkeep\n|turn|7\n|\n|t:|1776291241\n|move|p2a: Gengar|Protect|p2a: Gengar\n|-singleturn|p2a: Gengar|Protect\n|move|p1b: Excadrill|Rock Slide|p2b: Incineroar|[spread] p2b\n|-activate|p2a: Gengar|move: Protect\n|-supereffective|p2b: Incineroar|1\n|-damage|p2b: Incineroar|0 fnt\n|faint|p2b: Incineroar\n|move|p1a: Chandelure|Shadow Ball|p2a: Gengar\n|-activate|p2a: Gengar|move: Protect\n|\n|-start|p2a: Gengar|perish2\n|-start|p1b: Excadrill|perish2\n|-start|p1a: Chandelure|perish2\n|upkeep\n|\n|t:|1776291255\n|switch|p2b: Kingambit|Kingambit, L50, M, shiny|100/100\n|turn|8\n|\n|t:|1776291263\n|move|p2a: Gengar|Protect|p2a: Gengar\n|-singleturn|p2a: Gengar|Protect\n|move|p2b: Kingambit|Protect|p2b: Kingambit\n|-singleturn|p2b: Kingambit|Protect\n|move|p1b: Excadrill|High Horsepower|p2a: Gengar\n|-activate|p2a: Gengar|move: Protect\n|move|p1a: Chandelure|Heat Wave|p2a: Gengar|[spread] \n|-activate|p2a: Gengar|move: Protect\n|-activate|p2b: Kingambit|move: Protect\n|\n|-start|p2a: Gengar|perish1\n|-start|p1b: Excadrill|perish1\n|-start|p1a: Chandelure|perish1\n|upkeep\n|turn|9\n|\n|t:|1776291283\n|move|p2b: Kingambit|Sucker Punch|p1a: Chandelure\n|-supereffective|p1a: Chandelure|1\n|-end|p1a: Chandelure|Substitute\n|move|p2a: Gengar|Shadow Ball|p1a: Chandelure\n|-supereffective|p1a: Chandelure|1\n|-damage|p1a: Chandelure|0 fnt\n|faint|p1a: Chandelure\n|move|p1b: Excadrill|High Horsepower|p2a: Gengar\n|-supereffective|p2a: Gengar|1\n|-damage|p2a: Gengar|52/100\n|\n|-start|p2a: Gengar|perish0\n|-start|p1b: Excadrill|perish0\n|upkeep\n|faint|p2a: Gengar\n|faint|p1b: Excadrill\n|\n|win|JoyBoy311\n|raw|Jah_08's rating: 1255 &rarr; <strong>1228</strong><br />(-27 for losing)\n|raw|JoyBoy311's rating: 1221 &rarr; <strong>1248</strong><br />(+27 for winning)\n|l|\u2606JoyBoy311\n|player|p2|\n",
  "uploadtime": 1776291308,
  "views": 23,
  "formatid": "gen9championsvgc2026regma",
  "rating": 1228,
  "private": 0,
  "password": null
}