{
  "id": "gen9championsvgc2026regma-2586049838",
  "format": "[Gen 9 Champions] VGC 2026 Reg M-A",
  "players": [
    "pumplo",
    "asouleoe"
  ],
  "log": "|j|\u2606pumplo\n|j|\u2606asouleoe\n|t:|1776393783\n|gametype|doubles\n|player|p1|pumplo|marlon|1121\n|player|p2|asouleoe|blue|1026\n|gen|9\n|tier|[Gen 9 Champions] VGC 2026 Reg M-A\n|rated|\n|rule|Species Clause: Limit one of each Pok\u00e9mon\n|rule|Item Clause: Limit 1 of each item\n|clearpoke\n|poke|p1|Floette-Eternal, L50, F|\n|poke|p1|Maushold, L50|\n|poke|p1|Kingambit, L50, F|\n|poke|p1|Whimsicott, L50, M|\n|poke|p1|Sneasler, L50, F|\n|poke|p1|Arcanine-Hisui, L50, M|\n|poke|p2|Charizard, L50, F|\n|poke|p2|Sneasler, L50, M|\n|poke|p2|Garchomp, L50, M|\n|poke|p2|Gardevoir, L50, M|\n|poke|p2|Whimsicott, L50, F|\n|poke|p2|Farigiraf, L50, M|\n|teampreview|4\n|inactive|Battle timer is ON: inactive players will automatically lose when time's up. (requested by asouleoe)\npumplo has agreed to open team sheets.\n|\n|t:|1776393807\n|teamsize|p1|4\n|teamsize|p2|4\n|start\n|switch|p1a: Arcanine|Arcanine-Hisui, L50, M|100/100\n|switch|p1b: Whimsicott|Whimsicott, L50, M|100/100\n|switch|p2a: Garchomp|Garchomp, L50, M|100/100\n|switch|p2b: Whimsicott|Whimsicott, L50, F|100/100\n|turn|1\n|\n|t:|1776393820\n|move|p2b: Whimsicott|Tailwind|p2b: Whimsicott\n|-sidestart|p2: asouleoe|move: Tailwind\n|move|p1b: Whimsicott|Tailwind|p1b: Whimsicott\n|-sidestart|p1: pumplo|move: Tailwind\n|move|p1a: Arcanine|Head Smash|p2a: Garchomp\n|-resisted|p2a: Garchomp|1\n|-damage|p2a: Garchomp|62/100\n|-damage|p1a: Arcanine|88/100|[from] ability: Rough Skin|[of] p2a: Garchomp\n|move|p2a: Garchomp|Earthquake|p1a: Arcanine|[spread] p2b,p1a,p1b\n|-resisted|p2b: Whimsicott|1\n|-supereffective|p1a: Arcanine|2\n|-crit|p1a: Arcanine\n|-resisted|p1b: Whimsicott|1\n|-damage|p2b: Whimsicott|68/100\n|-damage|p1a: Arcanine|0 fnt\n|-damage|p1b: Whimsicott|74/100\n|faint|p1a: Arcanine\n|\n|upkeep\n|\n|t:|1776393834\n|switch|p1a: Floette|Floette-Eternal, L50, F|100/100\n|turn|2\n|\n|t:|1776393840\n|detailschange|p1a: Floette|Floette-Mega, L50, F\n|-mega|p1a: Floette|Floette|Floettite\n|-ability|p1a: Floette|Fairy Aura\n|move|p2b: Whimsicott|Encore|p1b: Whimsicott\n|-start|p1b: Whimsicott|Encore\n|move|p1b: Whimsicott|Tailwind||[still]\n|-fail|p1b: Whimsicott\n|move|p2a: Garchomp|Earthquake|p1a: Floette|[spread] p2b,p1a,p1b\n|-resisted|p2b: Whimsicott|1\n|-resisted|p1b: Whimsicott|1\n|-damage|p2b: Whimsicott|30/100\n|-damage|p1a: Floette|40/100\n|-damage|p1b: Whimsicott|47/100\n|-enditem|p1b: Whimsicott|Sitrus Berry|[eat]\n|-heal|p1b: Whimsicott|71/100|[from] item: Sitrus Berry\n|move|p1a: Floette|Calm Mind|p1a: Floette\n|-boost|p1a: Floette|spa|1\n|-boost|p1a: Floette|spd|1\n|\n|upkeep\n|turn|3\n|\n|t:|1776393864\n|switch|p1b: Maushold|Maushold, L50|100/100\n|move|p2b: Whimsicott|Encore|p1a: Floette\n|-start|p1a: Floette|Encore\n|move|p2a: Garchomp|Rock Slide|p1b: Maushold|[spread] p1a,p1b\n|-crit|p1a: Floette\n|-damage|p1a: Floette|12/100\n|-damage|p1b: Maushold|75/100\n|cant|p1a: Floette|flinch\n|\n|upkeep\n|turn|4\n|\n|t:|1776393880\n|switch|p1a: Whimsicott|Whimsicott, L50, M|71/100\n|move|p2b: Whimsicott|Protect|p2b: Whimsicott\n|-singleturn|p2b: Whimsicott|Protect\n|move|p2a: Garchomp|Earthquake|p1b: Maushold|[spread] p1a,p1b\n|-activate|p2b: Whimsicott|move: Protect\n|-resisted|p1a: Whimsicott|1\n|-damage|p1a: Whimsicott|52/100\n|-damage|p1b: Maushold|13/100\n|move|p1b: Maushold|Taunt|p2b: Whimsicott\n|-activate|p2b: Whimsicott|move: Protect\n|\n|-sideend|p1: pumplo|move: Tailwind\n|-sideend|p2: asouleoe|move: Tailwind\n|upkeep\n|turn|5\n|\n|t:|1776393899\n|move|p2b: Whimsicott|Tailwind|p2b: Whimsicott\n|-sidestart|p2: asouleoe|move: Tailwind\n|move|p2a: Garchomp|Rock Slide|p1a: Whimsicott|[spread] p1a,p1b\n|-damage|p1a: Whimsicott|35/100\n|-damage|p1b: Maushold|0 fnt\n|faint|p1b: Maushold\n|move|p1a: Whimsicott|Moonblast|p2a: Garchomp\n|-supereffective|p2a: Garchomp|1\n|-crit|p2a: Garchomp\n|-damage|p2a: Garchomp|0 fnt\n|faint|p2a: Garchomp\n|\n|upkeep\n|\n|t:|1776393911\n|switch|p2a: Charizard|Charizard, L50, F|100/100\n|switch|p1b: Floette|Floette-Mega, L50, F|12/100\n|-ability|p1b: Floette|Fairy Aura\n|turn|6\n|\n|t:|1776393920\n|detailschange|p2a: Charizard|Charizard-Mega-Y, L50, F\n|-mega|p2a: Charizard|Charizard|Charizardite Y\n|-weather|SunnyDay|[from] ability: Drought|[of] p2a: Charizard\n|move|p2b: Whimsicott|Encore|p1a: Whimsicott\n|-start|p1a: Whimsicott|Encore\n|move|p2a: Charizard|Weather Ball|p1b: Floette\n|-damage|p1b: Floette|0 fnt\n|faint|p1b: Floette\n|move|p1a: Whimsicott|Moonblast|p2a: Charizard\n|-resisted|p2a: Charizard|1\n|-damage|p2a: Charizard|89/100\n|\n|-weather|SunnyDay|[upkeep]\n|upkeep\n|turn|7\n|-message|pumplo forfeited.\n|\n|win|asouleoe\n|raw|pumplo's rating: 1121 &rarr; <strong>1089</strong><br />(-32 for losing)\n|raw|asouleoe's rating: 1026 &rarr; <strong>1072</strong><br />(+46 for winning)\n|l|\u2606pumplo\n|player|p1|\n",
  "uploadtime": 1776393940,
  "views": 18,
  "formatid": "gen9championsvgc2026regma",
  "rating": 1072,
  "private": 0,
  "password": null
}