{
  "id": "gen9championsvgc2026regma-2588700444",
  "format": "[Gen 9 Champions] VGC 2026 Reg M-A",
  "players": [
    "bigruckus#1",
    "vortex212"
  ],
  "log": "|j|\u2606bigruckus#1\n|j|\u2606vortex212\n|t:|1776659311\n|gametype|doubles\n|player|p1|bigruckus#1|266|1098\n|player|p2|vortex212|cynthia|1017\n|gen|9\n|tier|[Gen 9 Champions] VGC 2026 Reg M-A\n|rated|\n|rule|Species Clause: Limit one of each Pok\u00e9mon\n|rule|Item Clause: Limit 1 of each item\n|clearpoke\n|poke|p1|Aggron, L50, F, shiny|\n|poke|p1|Incineroar, L50, F|\n|poke|p1|Pelipper, L50, F|\n|poke|p1|Basculegion, L50, M|\n|poke|p1|Sinistcha, L50, shiny|\n|poke|p1|Aerodactyl, L50, M, shiny|\n|poke|p2|Clefable, L50, M|\n|poke|p2|Maushold-Four, L50|\n|poke|p2|Archaludon, L50, M, shiny|\n|poke|p2|Lucario, L50, M, shiny|\n|poke|p2|Pelipper, L50, M, shiny|\n|poke|p2|Whimsicott, L50, F, shiny|\n|teampreview|4\n|inactive|Battle timer is ON: inactive players will automatically lose when time's up. (requested by vortex212)\n|\n|t:|1776659337\n|teamsize|p1|4\n|teamsize|p2|4\n|start\n|switch|p1a: Incineroar|Incineroar, L50, F|100/100\n|switch|p1b: Aerodactyl|Aerodactyl, L50, M, shiny|100/100\n|switch|p2a: Maushold|Maushold-Four, L50|100/100\n|switch|p2b: Archaludon|Archaludon, L50, M, shiny|100/100\n|-ability|p1b: Aerodactyl|Unnerve\n|-ability|p1a: Incineroar|Intimidate|boost\n|-unboost|p2a: Maushold|atk|1\n|-unboost|p2b: Archaludon|atk|1\n|turn|1\n|inactive|bigruckus#1 has 30 seconds left.\n|inactive|vortex212 has 30 seconds left.\n|inactive|bigruckus#1 has 20 seconds left.\n|inactive|bigruckus#1 has 15 seconds left.\n|\n|t:|1776659379\n|detailschange|p1b: Aerodactyl|Aerodactyl-Mega, L50, M, shiny\n|-mega|p1b: Aerodactyl|Aerodactyl|Aerodactylite\n|move|p1b: Aerodactyl|Dual Wingbeat|p2a: Maushold\n|-damage|p2a: Maushold|60/100\n|-damage|p2a: Maushold|17/100\n|-enditem|p2a: Maushold|Sitrus Berry|[eat]\n|-heal|p2a: Maushold|41/100|[from] item: Sitrus Berry\n|-hitcount|p2a: Maushold|2\n|move|p2a: Maushold|Hyper Voice|p1a: Incineroar|[spread] p1a,p1b\n|-resisted|p1b: Aerodactyl|1\n|-damage|p1a: Incineroar|89/100\n|-damage|p1b: Aerodactyl|91/100\n|move|p2b: Archaludon|Iron Defense|p2b: Archaludon\n|-boost|p2b: Archaludon|def|2\n|move|p1a: Incineroar|Flare Blitz|p2b: Archaludon\n|-damage|p2b: Archaludon|88/100\n|-ability|p2b: Archaludon|Stamina|boost\n|-boost|p2b: Archaludon|def|1\n|-damage|p1a: Incineroar|85/100|[from] Recoil\n|\n|-heal|p2b: Archaludon|94/100|[from] item: Leftovers\n|upkeep\n|turn|2\n|inactive|bigruckus#1 has 30 seconds left.\n|inactive|vortex212 has 30 seconds left.\n|\n|t:|1776659407\n|move|p1b: Aerodactyl|Dual Wingbeat|p2a: Maushold|[miss]\n|-miss|p1b: Aerodactyl|p2a: Maushold\n|move|p2a: Maushold|Population Bomb|p2b: Archaludon\n|-resisted|p2b: Archaludon|1\n|-damage|p2b: Archaludon|94/100\n|-ability|p2b: Archaludon|Stamina|boost\n|-boost|p2b: Archaludon|def|1\n|-resisted|p2b: Archaludon|1\n|-damage|p2b: Archaludon|93/100\n|-ability|p2b: Archaludon|Stamina|boost\n|-boost|p2b: Archaludon|def|1\n|-resisted|p2b: Archaludon|1\n|-damage|p2b: Archaludon|93/100\n|-ability|p2b: Archaludon|Stamina|boost\n|-boost|p2b: Archaludon|def|1\n|-hitcount|p2b: Archaludon|3\n|move|p2b: Archaludon|Flash Cannon|p1b: Aerodactyl\n|-supereffective|p1b: Aerodactyl|1\n|-damage|p1b: Aerodactyl|7/100\n|move|p1a: Incineroar|Parting Shot|p2b: Archaludon\n|-unboost|p2b: Archaludon|atk|1\n|-unboost|p2b: Archaludon|spa|1\n|inactive|bigruckus#1 has 30 seconds left.\n|inactive|bigruckus#1 has 20 seconds left.\n|\n|t:|1776659446\n|switch|p1a: Pelipper|Pelipper, L50, F|100/100|[from] Parting Shot\n|-weather|RainDance|[from] ability: Drizzle|[of] p1a: Pelipper\n|\n|-weather|RainDance|[upkeep]\n|-heal|p2b: Archaludon|99/100|[from] item: Leftovers\n|upkeep\n|turn|3\n|\n|t:|1776659468\n|move|p2b: Archaludon|Protect|p2b: Archaludon\n|-singleturn|p2b: Archaludon|Protect\n|move|p1b: Aerodactyl|Dual Wingbeat|p2a: Maushold\n|-damage|p2a: Maushold|0 fnt\n|faint|p2a: Maushold\n|-hitcount|p2: Maushold|1\n|move|p1a: Pelipper|Icy Wind|p2b: Archaludon\n|-activate|p2b: Archaludon|move: Protect\n|\n|-weather|RainDance|[upkeep]\n|-heal|p2b: Archaludon|100/100|[from] item: Leftovers\n|upkeep\n|\n|t:|1776659474\n|switch|p2a: Clefable|Clefable, L50, M|100/100\n|turn|4\n|inactive|bigruckus#1 has 30 seconds left.\n|\n|t:|1776659503\n|move|p1b: Aerodactyl|Dual Wingbeat|p2a: Clefable\n|-damage|p2a: Clefable|68/100\n|-damage|p2a: Clefable|39/100\n|-hitcount|p2a: Clefable|2\n|move|p1a: Pelipper|Icy Wind|p2b: Archaludon|[spread] p2b\n|-miss|p1a: Pelipper|p2a: Clefable\n|-damage|p2b: Archaludon|87/100\n|-unboost|p2b: Archaludon|spe|1\n|move|p2a: Clefable|Psych Up|p2b: Archaludon\n|-copyboost|p2a: Clefable|p2b: Archaludon|[from] move: Psych Up\n|move|p2b: Archaludon|Dark Pulse|p1b: Aerodactyl\n|-damage|p1b: Aerodactyl|0 fnt\n|faint|p1b: Aerodactyl\n|\n|-weather|RainDance|[upkeep]\n|-heal|p2b: Archaludon|93/100|[from] item: Leftovers\n|upkeep\n|\n|t:|1776659519\n|switch|p1b: Basculegion|Basculegion, L50, M|100/100\n|turn|5\n|\n|t:|1776659533\n|move|p1b: Basculegion|Last Respects|p2a: Clefable\n|-damage|p2a: Clefable|27/100\n|move|p1a: Pelipper|Icy Wind|p2b: Archaludon|[spread] p2a,p2b\n|-damage|p2a: Clefable|17/100\n|-damage|p2b: Archaludon|77/100\n|-unboost|p2a: Clefable|spe|1\n|-unboost|p2b: Archaludon|spe|1\n|move|p2b: Archaludon|Dark Pulse|p1b: Basculegion\n|-supereffective|p1b: Basculegion|1\n|-damage|p1b: Basculegion|67/100\n|move|p2a: Clefable|Baton Pass|p2a: Clefable\n|\n|t:|1776659546\n|switch|p2a: Lucario|Lucario, L50, M, shiny|100/100|[from] Baton Pass\n|\n|-weather|RainDance|[upkeep]\n|-heal|p2b: Archaludon|84/100|[from] item: Leftovers\n|upkeep\n|turn|6\n|\n|t:|1776659565\n|detailschange|p2a: Lucario|Lucario-Mega, L50, M, shiny\n|-mega|p2a: Lucario|Lucario|Lucarionite\n|move|p1b: Basculegion|Last Respects|p2b: Archaludon\n|-damage|p2b: Archaludon|74/100\n|move|p1a: Pelipper|Icy Wind|p2b: Archaludon|[spread] p2a,p2b\n|-resisted|p2a: Lucario|1\n|-damage|p2a: Lucario|92/100\n|-damage|p2b: Archaludon|61/100\n|-unboost|p2a: Lucario|spe|1\n|-unboost|p2b: Archaludon|spe|1\n|move|p2a: Lucario|Shadow Claw|p1b: Basculegion\n|-supereffective|p1b: Basculegion|1\n|-enditem|p1b: Basculegion|Kasib Berry|[eat]\n|-enditem|p1b: Basculegion|Kasib Berry|[weaken]\n|-damage|p1b: Basculegion|53/100\n|move|p2b: Archaludon|Dark Pulse|p1b: Basculegion\n|-supereffective|p1b: Basculegion|1\n|-damage|p1b: Basculegion|16/100\n|\n|-weather|none\n|-heal|p2b: Archaludon|67/100|[from] item: Leftovers\n|upkeep\n|turn|7\n|inactive|bigruckus#1 has 30 seconds left.\n|\n|t:|1776659592\n|move|p1b: Basculegion|Head Smash|p2b: Archaludon|[miss]\n|-miss|p1b: Basculegion|p2b: Archaludon\n|move|p1a: Pelipper|Icy Wind|p2a: Lucario|[spread] p2a,p2b\n|-resisted|p2a: Lucario|1\n|-damage|p2a: Lucario|82/100\n|-damage|p2b: Archaludon|53/100\n|-unboost|p2a: Lucario|spe|1\n|-unboost|p2b: Archaludon|spe|1\n|move|p2a: Lucario|Rock Slide|p1a: Pelipper|[spread] p1a,p1b\n|-supereffective|p1a: Pelipper|1\n|-damage|p1a: Pelipper|79/100\n|-damage|p1b: Basculegion|5/100\n|move|p2b: Archaludon|Dark Pulse|p1b: Basculegion\n|-supereffective|p1b: Basculegion|1\n|-damage|p1b: Basculegion|0 fnt\n|faint|p1b: Basculegion\n|\n|-heal|p2b: Archaludon|59/100|[from] item: Leftovers\n|upkeep\n|\n|t:|1776659608\n|switch|p1b: Incineroar|Incineroar, L50, F|85/100\n|-ability|p1b: Incineroar|Intimidate|boost\n|-unboost|p2a: Lucario|atk|1\n|-unboost|p2b: Archaludon|atk|1\n|turn|8\n|\n|t:|1776659621\n|move|p1a: Pelipper|Icy Wind|p2b: Archaludon|[spread] p2a,p2b\n|-resisted|p2a: Lucario|1\n|-damage|p2a: Lucario|74/100\n|-damage|p2b: Archaludon|46/100\n|-unboost|p2a: Lucario|spe|1\n|-unboost|p2b: Archaludon|spe|1\n|move|p1b: Incineroar|Flare Blitz|p2a: Lucario\n|-supereffective|p2a: Lucario|1\n|-damage|p2a: Lucario|43/100\n|-status|p2a: Lucario|brn\n|-damage|p1b: Incineroar|78/100|[from] Recoil\n|move|p2a: Lucario|Rock Slide|p1b: Incineroar|[spread] p1a,p1b\n|-supereffective|p1a: Pelipper|1\n|-supereffective|p1b: Incineroar|1\n|-damage|p1a: Pelipper|69/100\n|-damage|p1b: Incineroar|72/100\n|move|p2b: Archaludon|Iron Defense|p2b: Archaludon\n|-boost|p2b: Archaludon|def|0\n|\n|-heal|p2b: Archaludon|52/100|[from] item: Leftovers\n|-damage|p2a: Lucario|37/100 brn|[from] brn\n|upkeep\n|turn|9\n|inactive|bigruckus#1 has 30 seconds left.\n|inactive|vortex212 has 30 seconds left.\n|inactive|bigruckus#1 has 20 seconds left.\n|inactive|bigruckus#1 has 15 seconds left.\n|inactive|bigruckus#1 has 10 seconds left.\n|\n|t:|1776659668\n|move|p2a: Lucario|Protect|p2a: Lucario\n|-singleturn|p2a: Lucario|Protect\n|move|p1a: Pelipper|Icy Wind|p2a: Lucario|[spread] p2b\n|-activate|p2a: Lucario|move: Protect\n|-damage|p2b: Archaludon|37/100\n|-unboost|p2b: Archaludon|spe|1\n|move|p1b: Incineroar|Flare Blitz|p2a: Lucario\n|-activate|p2a: Lucario|move: Protect\n|move|p2b: Archaludon|Dark Pulse|p1a: Pelipper\n|-damage|p1a: Pelipper|41/100\n|\n|-heal|p2b: Archaludon|43/100|[from] item: Leftovers\n|-damage|p2a: Lucario|31/100 brn|[from] brn\n|upkeep\n|turn|10\n|\n|t:|1776659689\n|move|p1a: Pelipper|Icy Wind|p2a: Lucario|[spread] p2a,p2b\n|-resisted|p2a: Lucario|1\n|-crit|p2a: Lucario\n|-damage|p2a: Lucario|17/100 brn\n|-damage|p2b: Archaludon|29/100\n|-unboost|p2a: Lucario|spe|1\n|move|p1b: Incineroar|Flare Blitz|p2a: Lucario\n|-supereffective|p2a: Lucario|1\n|-damage|p2a: Lucario|0 fnt\n|faint|p2a: Lucario\n|-damage|p1b: Incineroar|68/100|[from] Recoil\n|move|p2b: Archaludon|Dark Pulse|p1a: Pelipper\n|-damage|p1a: Pelipper|16/100\n|\n|-heal|p2b: Archaludon|35/100|[from] item: Leftovers\n|upkeep\n|\n|t:|1776659697\n|switch|p2a: Clefable|Clefable, L50, M|17/100\n|turn|11\n|\n|t:|1776659709\n|move|p1a: Pelipper|Icy Wind|p2b: Archaludon|[spread] p2a,p2b\n|-damage|p2a: Clefable|6/100\n|-damage|p2b: Archaludon|20/100\n|-unboost|p2a: Clefable|spe|1\n|move|p1b: Incineroar|Flare Blitz|p2b: Archaludon\n|-damage|p2b: Archaludon|13/100\n|-damage|p1b: Incineroar|66/100|[from] Recoil\n|move|p2a: Clefable|Moonblast|p1b: Incineroar\n|-damage|p1b: Incineroar|39/100\n|-heal|p2a: Clefable|10/100|[from] item: Shell Bell|[of] p1b: Incineroar\n|move|p2b: Archaludon|Dark Pulse|p1a: Pelipper\n|-damage|p1a: Pelipper|0 fnt\n|faint|p1a: Pelipper\n|\n|-heal|p2b: Archaludon|19/100|[from] item: Leftovers\n|upkeep\n|turn|12\n|\n|t:|1776659731\n|move|p2b: Archaludon|Protect|p2b: Archaludon\n|-singleturn|p2b: Archaludon|Protect\n|move|p1b: Incineroar|Flare Blitz|p2a: Clefable\n|-damage|p2a: Clefable|0 fnt\n|faint|p2a: Clefable\n|-damage|p1b: Incineroar|37/100|[from] Recoil\n|\n|-heal|p2b: Archaludon|25/100|[from] item: Leftovers\n|upkeep\n|turn|13\n|\n|t:|1776659741\n|move|p1b: Incineroar|Darkest Lariat|p2b: Archaludon\n|-damage|p2b: Archaludon|3/100\n|move|p2b: Archaludon|Dark Pulse|p1b: Incineroar\n|-resisted|p1b: Incineroar|1\n|-damage|p1b: Incineroar|30/100\n|\n|-heal|p2b: Archaludon|9/100|[from] item: Leftovers\n|upkeep\n|turn|14\n|\n|t:|1776659751\n|move|p2b: Archaludon|Protect|p2b: Archaludon\n|-singleturn|p2b: Archaludon|Protect\n|move|p1b: Incineroar|Darkest Lariat|p2b: Archaludon\n|-activate|p2b: Archaludon|move: Protect\n|\n|-heal|p2b: Archaludon|15/100|[from] item: Leftovers\n|upkeep\n|turn|15\n|\n|t:|1776659761\n|move|p1b: Incineroar|Darkest Lariat|p2b: Archaludon\n|-damage|p2b: Archaludon|0 fnt\n|faint|p2b: Archaludon\n|\n|win|bigruckus#1\n|raw|bigruckus#1's rating: 1098 &rarr; <strong>1118</strong><br />(+20 for winning)\n|raw|vortex212's rating: 1017 &rarr; <strong>1007</strong><br />(-10 for losing)\n|l|\u2606vortex212\n|player|p2|\n|c|\u2606bigruckus#1|cant belive i won\n",
  "uploadtime": 1776659781,
  "views": 4,
  "formatid": "gen9championsvgc2026regma",
  "rating": 1007,
  "private": 0,
  "password": null
}