{
  "id": "gen9championsvgc2026regma-2584184712",
  "format": "[Gen 9 Champions] VGC 2026 Reg M-A",
  "players": [
    "azumarillsky",
    "dkapflzksh"
  ],
  "log": "|j|\u2606azumarillsky\n|j|\u2606dkapflzksh\n|t:|1776235543\n|gametype|doubles\n|player|p1|azumarillsky|2|1459\n|player|p2|dkapflzksh|scientist-gen4dp|1504\n|gen|9\n|tier|[Gen 9 Champions] VGC 2026 Reg M-A\n|rated|\n|rule|Species Clause: Limit one of each Pok\u00e9mon\n|rule|Item Clause: Limit 1 of each item\n|clearpoke\n|poke|p1|Banette, L50, F|\n|poke|p1|Pelipper, L50, F|\n|poke|p1|Basculegion, L50, M|\n|poke|p1|Scizor, L50, F|\n|poke|p1|Primarina, L50, M|\n|poke|p1|Archaludon, L50, F|\n|poke|p2|Pelipper, L50, F|\n|poke|p2|Basculegion, L50, M|\n|poke|p2|Dragonite, L50, F|\n|poke|p2|Archaludon, L50, F|\n|poke|p2|Sableye, L50, M|\n|poke|p2|Sinistcha-Masterpiece, L50|\n|teampreview|4\n|inactive|Battle timer is ON: inactive players will automatically lose when time's up. (requested by dkapflzksh)\n|\n|t:|1776235597\n|teamsize|p1|4\n|teamsize|p2|4\n|start\n|switch|p1a: Banette|Banette, L50, F|100/100\n|switch|p1b: Primarina|Primarina, L50, M|100/100\n|switch|p2a: Sableye|Sableye, L50, M|100/100\n|switch|p2b: Basculegion|Basculegion, L50, M, shiny|100/100\n|-item|p2a: Sableye|Mental Herb|[from] ability: Frisk|[of] p1a: Banette\n|-item|p2b: Basculegion|Focus Sash|[from] ability: Frisk|[of] p1a: Banette\n|turn|1\n|\n|t:|1776235619\n|detailschange|p1a: Banette|Banette-Mega, L50, F\n|-mega|p1a: Banette|Banette|Banettite\n|move|p2a: Sableye|Rain Dance|p2a: Sableye\n|-weather|RainDance\n|move|p2b: Basculegion|Flip Turn|p1a: Banette\n|-damage|p1a: Banette|48/100\n|\n|t:|1776235625\n|switch|p2b: Archaludon|Archaludon, L50, F, shiny|100/100|[from] Flip Turn\n|move|p1b: Primarina|Moonblast|p2a: Sableye\n|-supereffective|p2a: Sableye|1\n|-damage|p2a: Sableye|0 fnt\n|faint|p2a: Sableye\n|move|p1a: Banette|Poltergeist|p2b: Archaludon\n|-activate|p2b: Archaludon|move: Poltergeist|Leftovers\n|-damage|p2b: Archaludon|55/100\n|-ability|p2b: Archaludon|Stamina|boost\n|-boost|p2b: Archaludon|def|1\n|\n|-weather|RainDance|[upkeep]\n|-heal|p2b: Archaludon|61/100|[from] item: Leftovers\n|upkeep\n|\n|t:|1776235639\n|switch|p2a: Basculegion|Basculegion, L50, M, shiny|100/100\n|turn|2\n|\n|t:|1776235656\n|move|p1a: Banette|Sucker Punch|p2a: Basculegion\n|-supereffective|p2a: Basculegion|1\n|-damage|p2a: Basculegion|30/100\n|move|p2a: Basculegion|Flip Turn|p1a: Banette\n|-damage|p1a: Banette|0 fnt\n|faint|p1a: Banette\n|\n|t:|1776235662\n|switch|p2a: Dragonite|Dragonite, L50, F, shiny|100/100|[from] Flip Turn\n|move|p1b: Primarina|Moonblast|p2b: Archaludon\n|-damage|p2b: Archaludon|14/100\n|-ability|p2b: Archaludon|Stamina|boost\n|-boost|p2b: Archaludon|def|1\n|move|p2b: Archaludon|Electro Shot||[still]\n|-prepare|p2b: Archaludon|Electro Shot\n|-boost|p2b: Archaludon|spa|1\n|-anim|p2b: Archaludon|Electro Shot|p1b: Primarina\n|-supereffective|p1b: Primarina|1\n|-enditem|p1b: Primarina|Focus Sash\n|-damage|p1b: Primarina|1/100\n|\n|-weather|RainDance|[upkeep]\n|-heal|p2b: Archaludon|20/100|[from] item: Leftovers\n|upkeep\n|\n|t:|1776235681\n|switch|p1a: Basculegion|Basculegion, L50, M|100/100\n|turn|3\n|inactive|azumarillsky has 30 seconds left.\n|\n|t:|1776235711\n|switch|p1b: Archaludon|Archaludon, L50, F|100/100\n|move|p2a: Dragonite|Protect|p2a: Dragonite\n|-singleturn|p2a: Dragonite|Protect\n|move|p2b: Archaludon|Protect|p2b: Archaludon\n|-singleturn|p2b: Archaludon|Protect\n|move|p1a: Basculegion|Last Respects|p2b: Archaludon\n|-activate|p2b: Archaludon|move: Protect\n|\n|-weather|RainDance|[upkeep]\n|-heal|p2b: Archaludon|27/100|[from] item: Leftovers\n|upkeep\n|turn|4\n|\n|t:|1776235735\n|detailschange|p2a: Dragonite|Dragonite-Mega, L50, F, shiny\n|-mega|p2a: Dragonite|Dragonite|Dragoninite\n|move|p1a: Basculegion|Last Respects|p2a: Dragonite\n|-damage|p2a: Dragonite|71/100\n|move|p2a: Dragonite|Thunder|p1a: Basculegion\n|-supereffective|p1a: Basculegion|1\n|-damage|p1a: Basculegion|13/100\n|move|p2b: Archaludon|Dragon Pulse|p1b: Archaludon\n|-damage|p1b: Archaludon|35/100\n|-ability|p1b: Archaludon|Stamina|boost\n|-boost|p1b: Archaludon|def|1\n|move|p1b: Archaludon|Dragon Pulse|p2b: Archaludon\n|-damage|p2b: Archaludon|0 fnt\n|faint|p2b: Archaludon\n|\n|-weather|RainDance|[upkeep]\n|-heal|p1b: Archaludon|41/100|[from] item: Leftovers\n|upkeep\n|\n|t:|1776235751\n|switch|p2b: Basculegion|Basculegion, L50, M, shiny|30/100\n|turn|5\n|inactive|dkapflzksh has 30 seconds left.\n|inactive|dkapflzksh has 20 seconds left.\n|\n|t:|1776235787\n|switch|p1a: Primarina|Primarina, L50, M|1/100\n|move|p1b: Archaludon|Protect|p1b: Archaludon\n|-singleturn|p1b: Archaludon|Protect\n|move|p2b: Basculegion|Last Respects|p1b: Archaludon\n|-activate|p1b: Archaludon|move: Protect\n|move|p2a: Dragonite|Thunder|p1a: Primarina\n|-supereffective|p1a: Primarina|1\n|-damage|p1a: Primarina|0 fnt\n|faint|p1a: Primarina\n|\n|-weather|none\n|-heal|p1b: Archaludon|48/100|[from] item: Leftovers\n|upkeep\n|\n|t:|1776235803\n|switch|p1a: Basculegion|Basculegion, L50, M|13/100\n|turn|6\n|\n|t:|1776235822\n|move|p1a: Basculegion|Last Respects|p2b: Basculegion\n|-supereffective|p2b: Basculegion|1\n|-damage|p2b: Basculegion|0 fnt\n|faint|p2b: Basculegion\n|move|p2a: Dragonite|Draco Meteor|p1b: Archaludon|[miss]\n|-miss|p2a: Dragonite|p1b: Archaludon\n|move|p1b: Archaludon|Dragon Pulse|p2a: Dragonite\n|-supereffective|p2a: Dragonite|1\n|-damage|p2a: Dragonite|0 fnt\n|faint|p2a: Dragonite\n|\n|win|azumarillsky\n|raw|azumarillsky's rating: 1459 &rarr; <strong>1482</strong><br />(+23 for winning)\n|raw|dkapflzksh's rating: 1504 &rarr; <strong>1481</strong><br />(-23 for losing)\n",
  "uploadtime": 1776235822,
  "views": 44,
  "formatid": "gen9championsvgc2026regma",
  "rating": 1481,
  "private": 0,
  "password": null
}