{
  "id": "gen9championsvgc2026regma-2587926088",
  "format": "[Gen 9 Champions] VGC 2026 Reg M-A",
  "players": [
    "fvgvjn",
    "Nhrsacvhtes"
  ],
  "log": "|j|\u2606fvgvjn\n|j|\u2606Nhrsacvhtes\n|t:|1776580020\n|gametype|doubles\n|player|p1|fvgvjn|n|1049\n|player|p2|Nhrsacvhtes|101|1000\n|gen|9\n|tier|[Gen 9 Champions] VGC 2026 Reg M-A\n|rated|\n|rule|Species Clause: Limit one of each Pok\u00e9mon\n|rule|Item Clause: Limit 1 of each item\n|clearpoke\n|poke|p1|Froslass, L50, F|\n|poke|p1|Aerodactyl, L50, F, shiny|\n|poke|p1|Garchomp, L50, M|\n|poke|p1|Basculegion, L50, M, shiny|\n|poke|p1|Glaceon, L50, F, shiny|\n|poke|p1|Sinistcha-Masterpiece, L50|\n|poke|p2|Delphox, L50, M|\n|poke|p2|Aerodactyl, L50, M|\n|poke|p2|Garchomp, L50, F|\n|poke|p2|Tauros-Paldea-Aqua, L50, M|\n|poke|p2|Kingambit, L50, F|\n|poke|p2|Ninetales-Alola, L50, M|\n|teampreview|4\n|inactive|Battle timer is ON: inactive players will automatically lose when time's up. (requested by Nhrsacvhtes)\n|\n|t:|1776580068\n|teamsize|p1|4\n|teamsize|p2|4\n|start\n|switch|p1a: Froslass|Froslass, L50, F|100/100\n|switch|p1b: Basculegion|Basculegion, L50, M, shiny|100/100\n|switch|p2a: Aerodactyl|Aerodactyl, L50, M|100/100\n|switch|p2b: Delphox|Delphox, L50, M|100/100\n|-ability|p2a: Aerodactyl|Unnerve\n|turn|1\n|inactive|fvgvjn has 30 seconds left.\n|inactive|fvgvjn has 20 seconds left.\n|\n|t:|1776580104\n|switch|p2b: Tauros|Tauros-Paldea-Aqua, L50, M|100/100\n|-ability|p2b: Tauros|Intimidate|boost\n|-unboost|p1a: Froslass|atk|1\n|-unboost|p1b: Basculegion|atk|1\n|detailschange|p1a: Froslass|Froslass-Mega, L50, F\n|-mega|p1a: Froslass|Froslass|Froslassite\n|-weather|Snowscape|[from] ability: Snow Warning|[of] p1a: Froslass\n|move|p1b: Basculegion|Wave Crash|p2b: Tauros\n|-resisted|p2b: Tauros|1\n|-damage|p2b: Tauros|72/100\n|-damage|p1b: Basculegion|93/100|[from] Recoil\n|move|p2a: Aerodactyl|Rock Slide|p1a: Froslass|[spread] p1a,p1b\n|-supereffective|p1a: Froslass|1\n|-damage|p1a: Froslass|46/100\n|-damage|p1b: Basculegion|64/100\n|move|p1a: Froslass|Blizzard|p2a: Aerodactyl|[spread] p2a,p2b\n|-supereffective|p2a: Aerodactyl|1\n|-resisted|p2b: Tauros|1\n|-enditem|p2a: Aerodactyl|Focus Sash\n|-damage|p2a: Aerodactyl|1/100\n|-damage|p2b: Tauros|31/100\n|-enditem|p2b: Tauros|Sitrus Berry|[eat]\n|-heal|p2b: Tauros|56/100|[from] item: Sitrus Berry\n|\n|-weather|Snowscape|[upkeep]\n|upkeep\n|turn|2\n|inactive|fvgvjn has 30 seconds left.\n|inactive|Nhrsacvhtes has 30 seconds left.\n|inactive|Nhrsacvhtes has 20 seconds left.\n|inactive|Nhrsacvhtes has 15 seconds left.\n|inactive|Nhrsacvhtes has 10 seconds left.\n|inactive|Nhrsacvhtes has 5 seconds left.\n|\n|t:|1776580155\n|switch|p1b: Sinistcha|Sinistcha-Masterpiece, L50|100/100\n|-heal|p1a: Froslass|71/100|[from] ability: Hospitality|[of] p1b: Sinistcha\n|switch|p2b: Kingambit|Kingambit, L50, F|100/100\n|move|p2a: Aerodactyl|Protect|p2a: Aerodactyl\n|-singleturn|p2a: Aerodactyl|Protect\n|move|p1a: Froslass|Blizzard|p2a: Aerodactyl|[spread] p2b\n|-activate|p2a: Aerodactyl|move: Protect\n|-resisted|p2b: Kingambit|1\n|-damage|p2b: Kingambit|76/100\n|\n|-weather|Snowscape|[upkeep]\n|upkeep\n|turn|3\n|inactive|fvgvjn has 30 seconds left.\n|inactive|Nhrsacvhtes has 30 seconds left.\n|\n|t:|1776580182\n|switch|p1a: Garchomp|Garchomp, L50, M|100/100\n|move|p2a: Aerodactyl|Wide Guard|p2a: Aerodactyl\n|-singleturn|p2a: Aerodactyl|Wide Guard\n|move|p1b: Sinistcha|Matcha Gotcha|p2a: Aerodactyl|[spread] \n|-activate|p2a: Aerodactyl|move: Wide Guard\n|-activate|p2b: Kingambit|move: Wide Guard\n|move|p2b: Kingambit|Kowtow Cleave|p1b: Sinistcha\n|-supereffective|p1b: Sinistcha|1\n|-damage|p1b: Sinistcha|0 fnt\n|faint|p1b: Sinistcha\n|\n|-weather|Snowscape|[upkeep]\n|upkeep\n|\n|t:|1776580199\n|switch|p1b: Basculegion|Basculegion, L50, M, shiny|64/100\n|turn|4\n|\n|t:|1776580215\n|switch|p2a: Tauros|Tauros-Paldea-Aqua, L50, M|56/100\n|-ability|p2a: Tauros|Intimidate|boost\n|-unboost|p1a: Garchomp|atk|1\n|-unboost|p1b: Basculegion|atk|1\n|move|p2b: Kingambit|Protect|p2b: Kingambit\n|-singleturn|p2b: Kingambit|Protect\n|move|p1b: Basculegion|Flip Turn|p2a: Tauros\n|-resisted|p2a: Tauros|1\n|-damage|p2a: Tauros|43/100\n|\n|t:|1776580226\n|switch|p1b: Froslass|Froslass-Mega, L50, F|71/100|[from] Flip Turn\n|move|p1a: Garchomp|Earthquake|p2a: Tauros|[spread] p1b,p2a\n|-activate|p2b: Kingambit|move: Protect\n|-damage|p1b: Froslass|41/100\n|-damage|p2a: Tauros|12/100\n|\n|-weather|Snowscape|[upkeep]\n|upkeep\n|turn|5\n|inactive|Nhrsacvhtes has 30 seconds left.\n|inactive|Nhrsacvhtes has 20 seconds left.\n|inactive|Nhrsacvhtes has 15 seconds left.\n|\n|t:|1776580266\n|switch|p2a: Aerodactyl|Aerodactyl, L50, M|1/100\n|-ability|p2a: Aerodactyl|Unnerve\n|switch|p1a: Basculegion|Basculegion, L50, M, shiny|64/100\n|move|p2b: Kingambit|Sucker Punch|p1b: Froslass\n|-supereffective|p1b: Froslass|1\n|-damage|p1b: Froslass|0 fnt\n|faint|p1b: Froslass\n|\n|-weather|none\n|upkeep\n|\n|t:|1776580290\n|switch|p1b: Garchomp|Garchomp, L50, M|100/100\n|turn|6\n|\n|t:|1776580313\n|switch|p2b: Tauros|Tauros-Paldea-Aqua, L50, M|12/100\n|-ability|p2b: Tauros|Intimidate|boost\n|-unboost|p1a: Basculegion|atk|1\n|-unboost|p1b: Garchomp|atk|1\n|move|p2a: Aerodactyl|Protect|p2a: Aerodactyl\n|-singleturn|p2a: Aerodactyl|Protect\n|move|p1a: Basculegion|Wave Crash|p2a: Aerodactyl\n|-activate|p2a: Aerodactyl|move: Protect\n|move|p1b: Garchomp|Earthquake|p2a: Aerodactyl|[spread] p1a,p2b\n|-activate|p2a: Aerodactyl|move: Protect\n|-damage|p1a: Basculegion|32/100\n|-damage|p2b: Tauros|0 fnt\n|faint|p2b: Tauros\n|\n|upkeep\n|\n|t:|1776580337\n|switch|p2b: Kingambit|Kingambit, L50, F|76/100\n|turn|7\n|\n|t:|1776580344\n|move|p2a: Aerodactyl|Wide Guard|p2a: Aerodactyl\n|-singleturn|p2a: Aerodactyl|Wide Guard\n|move|p2b: Kingambit|Sucker Punch|p1a: Basculegion\n|-supereffective|p1a: Basculegion|1\n|-damage|p1a: Basculegion|0 fnt\n|faint|p1a: Basculegion\n|move|p1b: Garchomp|Earthquake|p2b: Kingambit|[spread] \n|-activate|p2a: Aerodactyl|move: Wide Guard\n|-activate|p2b: Kingambit|move: Wide Guard\n|\n|upkeep\n|turn|8\n|-message|fvgvjn forfeited.\n|\n|win|Nhrsacvhtes\n|raw|fvgvjn's rating: 1049 &rarr; <strong>1029</strong><br />(-20 for losing)\n|raw|Nhrsacvhtes's rating: 1000 &rarr; <strong>1046</strong><br />(+46 for winning)\n|l|\u2606fvgvjn\n|player|p1|\n",
  "uploadtime": 1776580371,
  "views": 12,
  "formatid": "gen9championsvgc2026regma",
  "rating": 1029,
  "private": 0,
  "password": null
}