{
  "id": "gen9championsvgc2026regma-2584097385",
  "format": "[Gen 9 Champions] VGC 2026 Reg M-A",
  "players": [
    "NoxxinVGC",
    "JackTG"
  ],
  "log": "|j|\u2606NoxxinVGC\n|j|\u203dJackTG\n|t:|1776224821\n|gametype|doubles\n|player|p1|NoxxinVGC|giovanni|1187\n|player|p2|JackTG|palmer|1100\n|gen|9\n|tier|[Gen 9 Champions] VGC 2026 Reg M-A\n|rated|\n|rule|Species Clause: Limit one of each Pok\u00e9mon\n|rule|Item Clause: Limit 1 of each item\n|clearpoke\n|poke|p1|Delphox, L50, F|\n|poke|p1|Basculegion, L50, M|\n|poke|p1|Clefable, L50, F|\n|poke|p1|Kingambit, L50, F|\n|poke|p1|Dragonite, L50, M|\n|poke|p1|Sneasler, L50, F|\n|poke|p2|Tyranitar, L50, M|\n|poke|p2|Garchomp, L50, M|\n|poke|p2|Slowbro, L50, M|\n|poke|p2|Venusaur, L50, M|\n|poke|p2|Incineroar, L50, M|\n|poke|p2|Corviknight, L50, F|\n|teampreview|4\n|inactive|Battle timer is ON: inactive players will automatically lose when time's up. (requested by NoxxinVGC)\nJackTG rejected open team sheets.\n|inactive|NoxxinVGC has 60 seconds left.\n|\n|t:|1776224868\n|teamsize|p1|4\n|teamsize|p2|4\n|start\n|switch|p1a: Basculegion|Basculegion, L50, M|100/100\n|switch|p1b: Dragonite|Dragonite, L50, M, shiny|100/100\n|switch|p2a: Venusaur|Venusaur, L50, M|100/100\n|switch|p2b: Incineroar|Incineroar, L50, M|100/100\n|-ability|p2b: Incineroar|Intimidate|boost\n|-unboost|p1a: Basculegion|atk|1\n|-unboost|p1b: Dragonite|atk|1\n|turn|1\n|inactive|NoxxinVGC has 30 seconds left.\n|\n|t:|1776224900\n|switch|p1a: Delphox|Delphox, L50, F, shiny|100/100\n|detailschange|p2a: Venusaur|Venusaur-Mega, L50, M\n|-mega|p2a: Venusaur|Venusaur|Venusaurite\n|move|p2b: Incineroar|Fake Out|p1b: Dragonite\n|-damage|p1b: Dragonite|92/100\n|move|p2a: Venusaur|Leaf Storm|p1a: Delphox|[miss]\n|-miss|p2a: Venusaur|p1a: Delphox\n|cant|p1b: Dragonite|flinch\n|\n|upkeep\n|turn|2\n|\n|t:|1776224922\n|switch|p2a: Garchomp|Garchomp, L50, M|100/100\n|move|p1a: Delphox|Heat Wave|p2a: Garchomp|[spread] p2a,p2b\n|-resisted|p2a: Garchomp|1\n|-resisted|p2b: Incineroar|1\n|-damage|p2a: Garchomp|83/100\n|-damage|p2b: Incineroar|85/100\n|move|p1b: Dragonite|Scale Shot|p2b: Incineroar\n|-damage|p2b: Incineroar|75/100\n|-damage|p2b: Incineroar|65/100\n|-damage|p2b: Incineroar|54/100\n|-damage|p2b: Incineroar|44/100\n|-enditem|p2b: Incineroar|Sitrus Berry|[eat]\n|-heal|p2b: Incineroar|69/100|[from] item: Sitrus Berry\n|-damage|p2b: Incineroar|60/100\n|-hitcount|p2b: Incineroar|5\n|-unboost|p1b: Dragonite|def|1\n|-boost|p1b: Dragonite|spe|1\n|move|p2b: Incineroar|Parting Shot|p1b: Dragonite\n|-unboost|p1b: Dragonite|atk|1\n|-unboost|p1b: Dragonite|spa|1\n|\n|t:|1776224943\n|switch|p2b: Slowbro|Slowbro, L50, M|100/100|[from] Parting Shot\n|\n|upkeep\n|turn|3\n|inactive|NoxxinVGC has 30 seconds left.\n|inactive|NoxxinVGC has 20 seconds left.\n|inactive|NoxxinVGC has 15 seconds left.\n|\n|t:|1776224987\n|detailschange|p1a: Delphox|Delphox-Mega, L50, F, shiny\n|-mega|p1a: Delphox|Delphox|Delphoxite\n|move|p2a: Garchomp|Rock Slide|p1a: Delphox|[spread] p1a,p1b\n|-supereffective|p1a: Delphox|1\n|-supereffective|p1b: Dragonite|1\n|-damage|p1a: Delphox|38/100\n|-damage|p1b: Dragonite|17/100\n|move|p1a: Delphox|Psychic|p2a: Garchomp\n|-damage|p2a: Garchomp|24/100\n|move|p1b: Dragonite|Scale Shot|p2a: Garchomp\n|-supereffective|p2a: Garchomp|1\n|-damage|p2a: Garchomp|10/100\n|-supereffective|p2a: Garchomp|1\n|-damage|p2a: Garchomp|0 fnt\n|faint|p2a: Garchomp\n|-hitcount|p2: Garchomp|2\n|-unboost|p1b: Dragonite|def|1\n|-boost|p1b: Dragonite|spe|1\n|move|p2b: Slowbro|Psychic|p1b: Dragonite\n|-damage|p1b: Dragonite|0 fnt\n|faint|p1b: Dragonite\n|\n|upkeep\n|inactive|NoxxinVGC has 30 seconds left.\n|\n|t:|1776225017\n|switch|p2a: Incineroar|Incineroar, L50, M|60/100\n|switch|p1b: Basculegion|Basculegion, L50, M|100/100\n|-ability|p2a: Incineroar|Intimidate|boost\n|-unboost|p1a: Delphox|atk|1\n|-unboost|p1b: Basculegion|atk|1\n|turn|4\n|\n|t:|1776225037\n|switch|p2a: Venusaur|Venusaur-Mega, L50, M|100/100\n|move|p1a: Delphox|Protect|p1a: Delphox\n|-singleturn|p1a: Delphox|Protect\n|move|p1b: Basculegion|Wave Crash|p2a: Venusaur\n|-resisted|p2a: Venusaur|1\n|-damage|p2a: Venusaur|72/100\n|-damage|p1b: Basculegion|93/100|[from] Recoil\n|move|p2b: Slowbro|Trick Room|p2b: Slowbro\n|-fieldstart|move: Trick Room|[of] p2b: Slowbro\n|\n|upkeep\n|turn|5\n|\n|t:|1776225052\n|switch|p1b: Sneasler|Sneasler, L50, F|100/100\n|move|p2b: Slowbro|Scald|p1a: Delphox\n|-supereffective|p1a: Delphox|1\n|-damage|p1a: Delphox|0 fnt\n|faint|p1a: Delphox\n|move|p2a: Venusaur|Leaf Storm|p1b: Sneasler\n|-resisted|p1b: Sneasler|1\n|-damage|p1b: Sneasler|59/100\n|-unboost|p2a: Venusaur|spa|2\n|\n|upkeep\n|\n|t:|1776225062\n|switch|p1a: Basculegion|Basculegion, L50, M|93/100\n|turn|6\n|\n|t:|1776225077\n|move|p1b: Sneasler|Fake Out|p2a: Venusaur\n|-damage|p2a: Venusaur|58/100\n|move|p2b: Slowbro|Psychic|p1b: Sneasler\n|-supereffective|p1b: Sneasler|2\n|-damage|p1b: Sneasler|0 fnt\n|faint|p1b: Sneasler\n|cant|p2a: Venusaur|flinch\n|move|p1a: Basculegion|Last Respects|p2b: Slowbro\n|-supereffective|p2b: Slowbro|1\n|-damage|p2b: Slowbro|0 fnt\n|faint|p2b: Slowbro\n|\n|upkeep\n|\n|t:|1776225088\n|switch|p2b: Incineroar|Incineroar, L50, M|60/100\n|-ability|p2b: Incineroar|Intimidate|boost\n|-unboost|p1a: Basculegion|atk|1\n|turn|7\n|\n|t:|1776225104\n|move|p2b: Incineroar|Darkest Lariat|p1a: Basculegion\n|-supereffective|p1a: Basculegion|1\n|-damage|p1a: Basculegion|0 fnt\n|faint|p1a: Basculegion\n|\n|win|JackTG\n|raw|NoxxinVGC's rating: 1187 &rarr; <strong>1156</strong><br />(-31 for losing)\n|raw|JackTG's rating: 1100 &rarr; <strong>1131</strong><br />(+31 for winning)\n",
  "uploadtime": 1776225105,
  "views": 15,
  "formatid": "gen9championsvgc2026regma",
  "rating": 1131,
  "private": 0,
  "password": null
}