{
  "id": "gen9championsvgc2026regma-2587272176",
  "format": "[Gen 9 Champions] VGC 2026 Reg M-A",
  "players": [
    "vroummm",
    "RyushinYuki"
  ],
  "log": "|j|\u2606vroummm\n|j|\u2606RyushinYuki\n|t:|1776516926\n|gametype|doubles\n|player|p1|vroummm|n|1298\n|player|p2|RyushinYuki|cynthia-masters|1372\n|gen|9\n|tier|[Gen 9 Champions] VGC 2026 Reg M-A\n|rated|\n|rule|Species Clause: Limit one of each Pok\u00e9mon\n|rule|Item Clause: Limit 1 of each item\n|clearpoke\n|poke|p1|Floette-Eternal, L50, F|\n|poke|p1|Aerodactyl, L50, F|\n|poke|p1|Maushold, L50|\n|poke|p1|Sneasler, L50, M|\n|poke|p1|Kingambit, L50, M|\n|poke|p1|Basculegion, L50, M|\n|poke|p2|Lopunny, L50, F|\n|poke|p2|Kingambit, L50, M|\n|poke|p2|Sinistcha, L50|\n|poke|p2|Volcarona, L50, M|\n|poke|p2|Ninetales-Alola, L50, F|\n|poke|p2|Glimmora, L50, F|\n|teampreview|4\n|c|\u2606vroummm|gl hf\n|inactive|Battle timer is ON: inactive players will automatically lose when time's up. (requested by RyushinYuki)\n|c|\u2606RyushinYuki|glhf\n|\n|t:|1776516973\n|teamsize|p1|4\n|teamsize|p2|4\n|start\n|switch|p1a: Floette|Floette-Eternal, L50, F|100/100\n|switch|p1b: Aerodactyl|Aerodactyl, L50, F|100/100\n|switch|p2a: Lopunny|Lopunny, L50, F|100/100\n|switch|p2b: Sinistcha|Sinistcha, L50|100/100\n|-ability|p1b: Aerodactyl|Unnerve\n|turn|1\n|inactive|vroummm has 30 seconds left.\n|inactive|RyushinYuki has 30 seconds left.\n|inactive|vroummm has 20 seconds left.\n|inactive|RyushinYuki has 20 seconds left.\n|inactive|vroummm has 15 seconds left.\n|inactive|RyushinYuki has 15 seconds left.\n|inactive|RyushinYuki has 10 seconds left.\n|inactive|RyushinYuki has 5 seconds left.\n|\n|t:|1776517028\n|detailschange|p1a: Floette|Floette-Mega, L50, F\n|-mega|p1a: Floette|Floette|Floettite\n|-ability|p1a: Floette|Fairy Aura\n|move|p2a: Lopunny|Fake Out|p1a: Floette\n|-damage|p1a: Floette|85/100\n|move|p1b: Aerodactyl|Rock Slide|p2b: Sinistcha|[spread] p2a,p2b\n|-damage|p2a: Lopunny|68/100\n|-damage|p2b: Sinistcha|84/100\n|cant|p1a: Floette|flinch\n|cant|p2b: Sinistcha|flinch\n|\n|upkeep\n|turn|2\n|inactive|RyushinYuki has 30 seconds left.\n|inactive|RyushinYuki has 20 seconds left.\n|inactive|RyushinYuki has 15 seconds left.\n|\n|t:|1776517069\n|detailschange|p2a: Lopunny|Lopunny-Mega, L50, F\n|-mega|p2a: Lopunny|Lopunny|Lopunnite\n|move|p2a: Lopunny|Giga Impact|p1a: Floette\n|-damage|p1a: Floette|2/100\n|-mustrecharge|p2a: Lopunny\n|move|p1b: Aerodactyl|Tailwind|p1b: Aerodactyl\n|-sidestart|p1: vroummm|move: Tailwind\n|move|p1a: Floette|Calm Mind|p1a: Floette\n|-boost|p1a: Floette|spa|1\n|-boost|p1a: Floette|spd|1\n|move|p2b: Sinistcha|Trick Room|p2b: Sinistcha\n|-fieldstart|move: Trick Room|[of] p2b: Sinistcha\n|\n|upkeep\n|turn|3\n|c|\u2606vroummm|Why the fuck do you use Giga impact on M-loppuny\n|inactive|vroummm has 30 seconds left.\n|c|\u2606RyushinYuki|why not\n|\n|t:|1776517098\n|move|p1a: Floette|Protect|p1a: Floette\n|-singleturn|p1a: Floette|Protect\n|move|p2b: Sinistcha|Matcha Gotcha|p1a: Floette|[spread] p1b\n|-activate|p1a: Floette|move: Protect\n|-damage|p1b: Aerodactyl|68/100\n|-heal|p2b: Sinistcha|100/100|[from] drain|[of] p1b: Aerodactyl\n|cant|p2a: Lopunny|recharge\n|move|p1b: Aerodactyl|Dual Wingbeat|p2b: Sinistcha\n|-supereffective|p2b: Sinistcha|1\n|-damage|p2b: Sinistcha|76/100\n|-supereffective|p2b: Sinistcha|1\n|-damage|p2b: Sinistcha|51/100\n|-hitcount|p2b: Sinistcha|2\n|\n|upkeep\n|turn|4\n|c|\u2606RyushinYuki|it is very frail anyway\n|inactive|vroummm has 30 seconds left.\n|inactive|RyushinYuki has 30 seconds left.\n|inactive|vroummm has 20 seconds left.\n|inactive|vroummm has 15 seconds left.\n|c|\u2606vroummm|It doesn't work like that , it's a usefull mon\n|inactive|vroummm has 10 seconds left.\n|\n|t:|1776517144\n|move|p1b: Aerodactyl|Protect|p1b: Aerodactyl\n|-singleturn|p1b: Aerodactyl|Protect\n|move|p2b: Sinistcha|Matcha Gotcha|p1b: Aerodactyl|[spread] p1a\n|-activate|p1b: Aerodactyl|move: Protect\n|-damage|p1a: Floette|0 fnt\n|-heal|p2b: Sinistcha|52/100|[from] drain|[of] p1a: Floette\n|faint|p1a: Floette\n|move|p2a: Lopunny|Close Combat|p1b: Aerodactyl\n|-activate|p1b: Aerodactyl|move: Protect\n|\n|upkeep\n|inactive|vroummm has 30 seconds left.\n|\n|t:|1776517174\n|switch|p1a: Maushold|Maushold, L50|100/100\n|turn|5\n|\n|t:|1776517195\n|move|p1a: Maushold|Follow Me|p1a: Maushold\n|-singleturn|p1a: Maushold|move: Follow Me\n|move|p2b: Sinistcha|Matcha Gotcha|p1a: Maushold|[spread] p1a,p1b\n|-damage|p1a: Maushold|65/100\n|-heal|p2b: Sinistcha|70/100|[from] drain|[of] p1a: Maushold\n|-damage|p1b: Aerodactyl|41/100\n|-heal|p2b: Sinistcha|84/100|[from] drain|[of] p1b: Aerodactyl\n|-status|p1a: Maushold|brn\n|-status|p1b: Aerodactyl|brn\n|move|p2a: Lopunny|Close Combat|p1a: Maushold\n|-supereffective|p1a: Maushold|1\n|-enditem|p1a: Maushold|Chople Berry|[eat]\n|-enditem|p1a: Maushold|Chople Berry|[weaken]\n|-damage|p1a: Maushold|0 fnt\n|-unboost|p2a: Lopunny|def|1\n|-unboost|p2a: Lopunny|spd|1\n|faint|p1a: Maushold\n|move|p1b: Aerodactyl|Dual Wingbeat|p2a: Lopunny\n|-supereffective|p2a: Lopunny|1\n|-damage|p2a: Lopunny|42/100\n|-supereffective|p2a: Lopunny|1\n|-damage|p2a: Lopunny|12/100\n|-hitcount|p2a: Lopunny|2\n|\n|-damage|p1b: Aerodactyl|35/100 brn|[from] brn\n|-sideend|p1: vroummm|move: Tailwind\n|upkeep\n|c|\u2606vroummm|fuck it\n|\n|t:|1776517218\n|switch|p1a: Basculegion|Basculegion, L50, M|100/100\n|turn|6\n|c|\u2606RyushinYuki|oof\n|\n|t:|1776517236\n|move|p1b: Aerodactyl|Protect|p1b: Aerodactyl\n|-singleturn|p1b: Aerodactyl|Protect\n|move|p2b: Sinistcha|Matcha Gotcha|p1b: Aerodactyl|[spread] \n|-activate|p1b: Aerodactyl|move: Protect\n|-miss|p2b: Sinistcha|p1a: Basculegion\n|move|p2a: Lopunny|Close Combat|p1b: Aerodactyl\n|-activate|p1b: Aerodactyl|move: Protect\n|move|p1a: Basculegion|Last Respects|p2b: Sinistcha\n|-supereffective|p2b: Sinistcha|1\n|-damage|p2b: Sinistcha|0 fnt\n|faint|p2b: Sinistcha\n|\n|-damage|p1b: Aerodactyl|29/100 brn|[from] brn\n|-fieldend|move: Trick Room\n|upkeep\n|\n|t:|1776517248\n|switch|p2b: Kingambit|Kingambit, L50, M|100/100\n|turn|7\n|c|\u2606vroummm|???\n|inactive|vroummm has 30 seconds left.\n|\n|t:|1776517274\n|move|p2b: Kingambit|Sucker Punch|p1a: Basculegion\n|-supereffective|p1a: Basculegion|1\n|-damage|p1a: Basculegion|0 fnt\n|faint|p1a: Basculegion\n|move|p2a: Lopunny|Close Combat|p1b: Aerodactyl\n|-damage|p1b: Aerodactyl|0 fnt\n|-unboost|p2a: Lopunny|def|1\n|-unboost|p2a: Lopunny|spd|1\n|faint|p1b: Aerodactyl\n|\n|win|RyushinYuki\n|raw|vroummm's rating: 1298 &rarr; <strong>1278</strong><br />(-20 for losing)\n|raw|RyushinYuki's rating: 1372 &rarr; <strong>1388</strong><br />(+16 for winning)\n|l|\u2606vroummm\n|player|p1|\n",
  "uploadtime": 1776517284,
  "views": 24,
  "formatid": "gen9championsvgc2026regma",
  "rating": 1278,
  "private": 0,
  "password": null
}