{
  "id": "gen9championsvgc2026regma-2587168134",
  "format": "[Gen 9 Champions] VGC 2026 Reg M-A",
  "players": [
    "test66669999",
    "Lavanda.17"
  ],
  "log": "|j|\u2606test66669999\n|j|\u2606Lavanda.17\n|t:|1776503414\n|gametype|doubles\n|player|p1|test66669999|170|1427\n|player|p2|Lavanda.17|kimonogirl|1487\n|gen|9\n|tier|[Gen 9 Champions] VGC 2026 Reg M-A\n|rated|\n|rule|Species Clause: Limit one of each Pok\u00e9mon\n|rule|Item Clause: Limit 1 of each item\n|clearpoke\n|poke|p1|Floette-Eternal, L50, F|\n|poke|p1|Sinistcha, L50|\n|poke|p1|Archaludon, L50, F|\n|poke|p1|Sableye, L50, F|\n|poke|p1|Aerodactyl, L50, F|\n|poke|p1|Gengar, L50, M|\n|poke|p2|Froslass, L50, F|\n|poke|p2|Garchomp, L50, F|\n|poke|p2|Hydreigon, L50, F|\n|poke|p2|Sneasler, L50, M|\n|poke|p2|Arcanine-Hisui, L50, F|\n|poke|p2|Jolteon, L50, F|\n|teampreview|4\n|inactive|Battle timer is ON: inactive players will automatically lose when time's up. (requested by test66669999)\n|\n|t:|1776503444\n|teamsize|p1|4\n|teamsize|p2|4\n|start\n|switch|p1a: Sableye|Sableye, L50, F|100/100\n|switch|p1b: Archaludon|Archaludon, L50, F|100/100\n|switch|p2a: Froslass|Froslass, L50, F|100/100\n|switch|p2b: Jolteon|Jolteon, L50, F|100/100\n|turn|1\n|\n|t:|1776503460\n|move|p2b: Jolteon|Protect|p2b: Jolteon\n|-singleturn|p2b: Jolteon|Protect\n|move|p2a: Froslass|Protect|p2a: Froslass\n|-singleturn|p2a: Froslass|Protect\n|move|p1a: Sableye|Rain Dance|p1a: Sableye\n|-weather|RainDance\n|move|p1b: Archaludon|Electro Shot||[still]\n|-prepare|p1b: Archaludon|Electro Shot\n|-boost|p1b: Archaludon|spa|1\n|-anim|p1b: Archaludon|Electro Shot|p2a: Froslass\n|-activate|p2a: Froslass|move: Protect\n|\n|-weather|RainDance|[upkeep]\n|upkeep\n|turn|2\n|\n|t:|1776503484\n|detailschange|p2a: Froslass|Froslass-Mega, L50, F\n|-mega|p2a: Froslass|Froslass|Froslassite\n|-weather|Snowscape|[from] ability: Snow Warning|[of] p2a: Froslass\n|move|p1a: Sableye|Quash|p2a: Froslass\n|-activate|p2a: Froslass|move: Quash\n|move|p2b: Jolteon|Fake Tears|p1b: Archaludon\n|-unboost|p1b: Archaludon|spd|2\n|move|p1b: Archaludon|Flash Cannon|p2a: Froslass\n|-supereffective|p2a: Froslass|1\n|-damage|p2a: Froslass|0 fnt\n|faint|p2a: Froslass\n|\n|-weather|Snowscape|[upkeep]\n|upkeep\n|\n|t:|1776503495\n|switch|p2a: Sneasler|Sneasler, L50, M|100/100\n|turn|3\n|\n|t:|1776503507\n|move|p1b: Archaludon|Protect|p1b: Archaludon\n|-singleturn|p1b: Archaludon|Protect\n|move|p1a: Sableye|Will-O-Wisp|p2a: Sneasler|[miss]\n|-miss|p1a: Sableye|p2a: Sneasler\n|move|p2b: Jolteon|Thunderbolt|p1a: Sableye\n|-damage|p1a: Sableye|53/100\n|move|p2a: Sneasler|Dire Claw|p1a: Sableye\n|-resisted|p1a: Sableye|1\n|-damage|p1a: Sableye|23/100\n|-enditem|p1a: Sableye|Sitrus Berry|[eat]\n|-heal|p1a: Sableye|48/100|[from] item: Sitrus Berry\n|\n|-weather|Snowscape|[upkeep]\n|upkeep\n|turn|4\n|\n|t:|1776503526\n|move|p2a: Sneasler|Protect|p2a: Sneasler\n|-singleturn|p2a: Sneasler|Protect\n|move|p1a: Sableye|Will-O-Wisp|p2a: Sneasler\n|-activate|p2a: Sneasler|move: Protect\n|move|p2b: Jolteon|Thunderbolt|p1a: Sableye\n|-damage|p1a: Sableye|0 fnt\n|faint|p1a: Sableye\n|move|p1b: Archaludon|Dragon Pulse|p2b: Jolteon\n|-damage|p2b: Jolteon|20/100\n|\n|-weather|Snowscape|[upkeep]\n|upkeep\n|\n|t:|1776503542\n|switch|p1a: Aerodactyl|Aerodactyl, L50, F|100/100\n|-ability|p1a: Aerodactyl|Unnerve\n|turn|5\n|\n|t:|1776503557\n|detailschange|p1a: Aerodactyl|Aerodactyl-Mega, L50, F\n|-mega|p1a: Aerodactyl|Aerodactyl|Aerodactylite\n|move|p1a: Aerodactyl|Rock Slide|p2b: Jolteon|[spread] p2a,p2b\n|-resisted|p2a: Sneasler|1\n|-damage|p2a: Sneasler|76/100\n|-damage|p2b: Jolteon|0 fnt\n|faint|p2b: Jolteon\n|cant|p2a: Sneasler|flinch\n|move|p1b: Archaludon|Dragon Pulse|p2a: Sneasler\n|-damage|p2a: Sneasler|0 fnt\n|faint|p2a: Sneasler\n|\n|-weather|Snowscape|[upkeep]\n|upkeep\n|-message|Lavanda.17 forfeited.\n|\n|win|test66669999\n|raw|test66669999's rating: 1427 &rarr; <strong>1450</strong><br />(+23 for winning)\n|raw|Lavanda.17's rating: 1487 &rarr; <strong>1464</strong><br />(-23 for losing)\n|l|\u2606Lavanda.17\n|player|p2|\n|l|\u2606test66669999\n|player|p1|\n",
  "uploadtime": 1776503587,
  "views": 26,
  "formatid": "gen9championsvgc2026regma",
  "rating": 1450,
  "private": 0,
  "password": null
}