{
  "id": "gen9championsvgc2026regma-2588059848",
  "format": "[Gen 9 Champions] VGC 2026 Reg M-A",
  "players": [
    "Pisulito",
    "Eeeeeeeewe"
  ],
  "log": "|j|\u2606Pisulito\n|j|\u203dEeeeeeeewe\n|t:|1776599398\n|gametype|doubles\n|player|p1|Pisulito|harlequin|1078\n|player|p2|Eeeeeeeewe|265|1043\n|gen|9\n|tier|[Gen 9 Champions] VGC 2026 Reg M-A\n|rated|\n|rule|Species Clause: Limit one of each Pok\u00e9mon\n|rule|Item Clause: Limit 1 of each item\n|clearpoke\n|poke|p1|Gyarados, L50, F|\n|poke|p1|Mimikyu, L50, M|\n|poke|p1|Torkoal, L50, F|\n|poke|p1|Kingambit, L50, F|\n|poke|p1|Camerupt, L50, M|\n|poke|p1|Slowking-Galar, L50, M|\n|poke|p2|Incineroar, L50, M|\n|poke|p2|Kangaskhan, L50, F|\n|poke|p2|Tauros-Paldea-Aqua, L50, M|\n|poke|p2|Gengar, L50, M|\n|poke|p2|Orthworm, L50, M|\n|poke|p2|Garchomp, L50, F|\n|teampreview|4\n|inactive|Battle timer is ON: inactive players will automatically lose when time's up. (requested by Eeeeeeeewe)\n|\n|t:|1776599463\n|teamsize|p1|4\n|teamsize|p2|4\n|start\n|switch|p1a: Mimikyu|Mimikyu, L50, M|100/100\n|switch|p1b: Torkoal|Torkoal, L50, F|100/100\n|switch|p2a: Tauros|Tauros-Paldea-Aqua, L50, M|100/100\n|switch|p2b: Gengar|Gengar, L50, M|100/100\n|-ability|p2a: Tauros|Intimidate|boost\n|-unboost|p1a: Mimikyu|atk|1\n|-unboost|p1b: Torkoal|atk|1\n|-weather|SunnyDay|[from] ability: Drought|[of] p1b: Torkoal\n|-enditem|p1a: Mimikyu|White Herb\n|-clearnegativeboost|p1a: Mimikyu|[silent]\n|turn|1\n|inactive|Eeeeeeeewe has 30 seconds left.\n|inactive|Eeeeeeeewe has 20 seconds left.\n|\n|t:|1776599500\n|detailschange|p2b: Gengar|Gengar-Mega, L50, M\n|-mega|p2b: Gengar|Gengar|Gengarite\n|move|p1b: Torkoal|Protect|p1b: Torkoal\n|-singleturn|p1b: Torkoal|Protect\n|move|p2a: Tauros|Aqua Jet|p1a: Mimikyu\n|-activate|p1a: Mimikyu|ability: Disguise\n|-damage|p1a: Mimikyu|100/100\n|detailschange|p1a: Mimikyu|Mimikyu-Busted, L50, M\n|-damage|p1a: Mimikyu|88/100|[from] pokemon: Mimikyu-Busted\n|move|p2b: Gengar|Sludge Bomb|p1a: Mimikyu\n|-damage|p1a: Mimikyu|28/100\n|move|p1a: Mimikyu|Trick Room|p1a: Mimikyu\n|-fieldstart|move: Trick Room|[of] p1a: Mimikyu\n|\n|-weather|SunnyDay|[upkeep]\n|upkeep\n|turn|2\n|inactive|Pisulito has 30 seconds left.\n|inactive|Eeeeeeeewe has 30 seconds left.\n|inactive|Eeeeeeeewe has 20 seconds left.\n|inactive|Eeeeeeeewe has 15 seconds left.\n|inactive|Eeeeeeeewe has 10 seconds left.\n|\n|t:|1776599549\n|move|p1a: Mimikyu|Protect|p1a: Mimikyu\n|-singleturn|p1a: Mimikyu|Protect\n|move|p2a: Tauros|Protect|p2a: Tauros\n|-singleturn|p2a: Tauros|Protect\n|move|p2b: Gengar|Protect|p2b: Gengar\n|-singleturn|p2b: Gengar|Protect\n|move|p1b: Torkoal|Earth Power|p2b: Gengar\n|-activate|p2b: Gengar|move: Protect\n|\n|-weather|SunnyDay|[upkeep]\n|upkeep\n|turn|3\n|\n|t:|1776599571\n|switch|p2b: Garchomp|Garchomp, L50, F|100/100\n|move|p1b: Torkoal|Earth Power|p2b: Garchomp\n|-damage|p2b: Garchomp|71/100\n|move|p1a: Mimikyu|Play Rough|p2a: Tauros\n|-supereffective|p2a: Tauros|1\n|-damage|p2a: Tauros|12/100\n|move|p2a: Tauros|Close Combat|p1b: Torkoal\n|-damage|p1b: Torkoal|58/100\n|-unboost|p2a: Tauros|def|1\n|-unboost|p2a: Tauros|spd|1\n|-enditem|p2a: Tauros|White Herb\n|-clearnegativeboost|p2a: Tauros|[silent]\n|\n|-weather|SunnyDay|[upkeep]\n|upkeep\n|turn|4\n|inactive|Eeeeeeeewe has 30 seconds left.\n|inactive|Eeeeeeeewe has 20 seconds left.\n|inactive|Eeeeeeeewe has 15 seconds left.\n|\n|t:|1776599614\n|switch|p2a: Kangaskhan|Kangaskhan, L50, F|100/100\n|move|p2b: Garchomp|Protect|p2b: Garchomp\n|-singleturn|p2b: Garchomp|Protect\n|move|p1b: Torkoal|Eruption|p2b: Garchomp|[spread] p2a\n|-activate|p2b: Garchomp|move: Protect\n|-damage|p2a: Kangaskhan|48/100\n|move|p1a: Mimikyu|Play Rough|p2b: Garchomp\n|-activate|p2b: Garchomp|move: Protect\n|\n|-weather|SunnyDay|[upkeep]\n|upkeep\n|turn|5\n|\n|t:|1776599637\n|switch|p2b: Gengar|Gengar-Mega, L50, M|100/100\n|move|p2a: Kangaskhan|Fake Out|p1b: Torkoal\n|-damage|p1b: Torkoal|45/100\n|-enditem|p1b: Torkoal|Sitrus Berry|[eat]\n|-heal|p1b: Torkoal|69/100|[from] item: Sitrus Berry\n|cant|p1b: Torkoal|flinch\n|move|p1a: Mimikyu|Play Rough|p2b: Gengar\n|-resisted|p2b: Gengar|1\n|-damage|p2b: Gengar|72/100\n|\n|-weather|none\n|-fieldend|move: Trick Room\n|upkeep\n|turn|6\n|inactive|Eeeeeeeewe has 30 seconds left.\n|\n|t:|1776599669\n|move|p2b: Gengar|Sludge Bomb|p1a: Mimikyu\n|-damage|p1a: Mimikyu|0 fnt\n|faint|p1a: Mimikyu\n|move|p2a: Kangaskhan|Double-Edge|p1b: Torkoal\n|-damage|p1b: Torkoal|35/100\n|-damage|p2a: Kangaskhan|37/100|[from] Recoil\n|move|p1b: Torkoal|Earth Power|p2b: Gengar\n|-supereffective|p2b: Gengar|1\n|-damage|p2b: Gengar|5/100\n|\n|upkeep\n|\n|t:|1776599684\n|switch|p1a: Gyarados|Gyarados, L50, F|100/100\n|-ability|p1a: Gyarados|Intimidate|boost\n|-fail|p2a: Kangaskhan|unboost|Attack|[from] ability: Scrappy|[of] p2a: Kangaskhan\n|-unboost|p2b: Gengar|atk|1\n|turn|7\n|\n|t:|1776599704\n|move|p1b: Torkoal|Protect|p1b: Torkoal\n|-singleturn|p1b: Torkoal|Protect\n|move|p2b: Gengar|Sludge Bomb|p1a: Gyarados\n|-damage|p1a: Gyarados|51/100\n|move|p2a: Kangaskhan|Double-Edge|p1a: Gyarados\n|-damage|p1a: Gyarados|0 fnt\n|faint|p1a: Gyarados\n|-damage|p2a: Kangaskhan|19/100|[from] Recoil\n|\n|upkeep\n|\n|t:|1776599713\n|switch|p1a: Camerupt|Camerupt, L50, M|100/100\n|turn|8\n|\n|t:|1776599741\n|detailschange|p1a: Camerupt|Camerupt-Mega, L50, M\n|-mega|p1a: Camerupt|Camerupt|Cameruptite\n|move|p2b: Gengar|Sludge Bomb|p1a: Camerupt\n|-resisted|p1a: Camerupt|1\n|-damage|p1a: Camerupt|72/100\n|move|p2a: Kangaskhan|Double-Edge|p1a: Camerupt\n|-crit|p1a: Camerupt\n|-damage|p1a: Camerupt|0 fnt\n|faint|p1a: Camerupt\n|-damage|p2a: Kangaskhan|0 fnt|[from] Recoil\n|faint|p2a: Kangaskhan\n|move|p1b: Torkoal|Heat Wave|p2b: Gengar|[miss]\n|-miss|p1b: Torkoal|p2b: Gengar\n|\n|upkeep\n|-message|Pisulito forfeited.\n|\n|win|Eeeeeeeewe\n|raw|Pisulito's rating: 1078 &rarr; <strong>1054</strong><br />(-24 for losing)\n|raw|Eeeeeeeewe's rating: 1043 &rarr; <strong>1080</strong><br />(+37 for winning)\n|l|\u2606Pisulito\n|player|p1|\n",
  "uploadtime": 1776599761,
  "views": 9,
  "formatid": "gen9championsvgc2026regma",
  "rating": 1054,
  "private": 0,
  "password": null
}