{
  "id": "gen9championsvgc2026regma-2584248266",
  "format": "[Gen 9 Champions] VGC 2026 Reg M-A",
  "players": [
    "tomi10pvp",
    "LeonQAQ"
  ],
  "log": "|j|\u2606tomi10pvp\n|j|\u2606LeonQAQ\n|t:|1776242979\n|gametype|doubles\n|player|p1|tomi10pvp|170|1185\n|player|p2|LeonQAQ|169|1150\n|gen|9\n|tier|[Gen 9 Champions] VGC 2026 Reg M-A\n|rated|\n|rule|Species Clause: Limit one of each Pok\u00e9mon\n|rule|Item Clause: Limit 1 of each item\n|clearpoke\n|poke|p1|Dragonite, L50, F|\n|poke|p1|Blastoise, L50, F|\n|poke|p1|Incineroar, L50, M|\n|poke|p1|Raichu, L50, F|\n|poke|p1|Whimsicott, L50, F|\n|poke|p1|Scizor, L50, F|\n|poke|p2|Floette-Eternal, L50, F|\n|poke|p2|Kingambit, L50, M|\n|poke|p2|Sinistcha, L50|\n|poke|p2|Incineroar, L50, F|\n|poke|p2|Rotom-Wash, L50|\n|poke|p2|Garchomp, L50, M|\n|teampreview|4\n|inactive|Battle timer is ON: inactive players will automatically lose when time's up. (requested by LeonQAQ)\n|inactive|LeonQAQ has 60 seconds left.\n|\n|t:|1776243050\n|teamsize|p1|4\n|teamsize|p2|4\n|start\n|switch|p1a: Whimsicott|Whimsicott, L50, F|100/100\n|switch|p1b: Scizor|Scizor, L50, F|100/100\n|switch|p2a: Sinistcha|Sinistcha, L50|100/100\n|switch|p2b: Floette|Floette-Eternal, L50, F|100/100\n|turn|1\n|\n|t:|1776243066\n|switch|p2b: Incineroar|Incineroar, L50, F|100/100\n|-ability|p2b: Incineroar|Intimidate|boost\n|-unboost|p1a: Whimsicott|atk|1\n|-unboost|p1b: Scizor|atk|1\n|move|p1a: Whimsicott|Tailwind|p1a: Whimsicott\n|-sidestart|p1: tomi10pvp|move: Tailwind\n|move|p1b: Scizor|Swords Dance|p1b: Scizor\n|-boost|p1b: Scizor|atk|2\n|move|p2a: Sinistcha|Trick Room|p2a: Sinistcha\n|-fieldstart|move: Trick Room|[of] p2a: Sinistcha\n|\n|upkeep\n|turn|2\n|inactive|tomi10pvp has 30 seconds left.\n|inactive|LeonQAQ has 30 seconds left.\n|inactive|tomi10pvp has 20 seconds left.\n|inactive|LeonQAQ has 20 seconds left.\n|inactive|tomi10pvp has 15 seconds left.\n|\n|t:|1776243107\n|switch|p2a: Rotom|Rotom-Wash, L50|100/100\n|switch|p1a: Incineroar|Incineroar, L50, M|100/100\n|-ability|p1a: Incineroar|Intimidate|boost\n|-unboost|p2a: Rotom|atk|1\n|-unboost|p2b: Incineroar|atk|1\n|move|p1b: Scizor|Bullet Punch|p2a: Rotom\n|-resisted|p2a: Rotom|2\n|-damage|p2a: Rotom|87/100\n|move|p2b: Incineroar|Flare Blitz|p1b: Scizor\n|-supereffective|p1b: Scizor|2\n|-damage|p1b: Scizor|0 fnt\n|faint|p1b: Scizor\n|-damage|p2b: Incineroar|72/100|[from] Recoil\n|\n|-heal|p2a: Rotom|93/100|[from] item: Leftovers\n|upkeep\n|\n|t:|1776243124\n|switch|p1b: Dragonite|Dragonite, L50, F|100/100\n|turn|3\n|\n|t:|1776243146\n|detailschange|p1b: Dragonite|Dragonite-Mega, L50, F\n|-mega|p1b: Dragonite|Dragonite|Dragoninite\n|move|p2a: Rotom|Protect|p2a: Rotom\n|-singleturn|p2a: Rotom|Protect\n|move|p1a: Incineroar|Fake Out|p2a: Rotom\n|-activate|p2a: Rotom|move: Protect\n|move|p2b: Incineroar|Darkest Lariat|p1b: Dragonite\n|-damage|p1b: Dragonite|89/100\n|move|p1b: Dragonite|Dragon Dance|p1b: Dragonite\n|-boost|p1b: Dragonite|atk|1\n|-boost|p1b: Dragonite|spe|1\n|\n|-heal|p2a: Rotom|99/100|[from] item: Leftovers\n|upkeep\n|turn|4\n|inactive|tomi10pvp has 30 seconds left.\n|\n|t:|1776243176\n|move|p1b: Dragonite|Extreme Speed|p2b: Incineroar\n|-damage|p2b: Incineroar|34/100\n|-enditem|p2b: Incineroar|Sitrus Berry|[eat]\n|-heal|p2b: Incineroar|59/100|[from] item: Sitrus Berry\n|move|p2b: Incineroar|Parting Shot|p1b: Dragonite\n|-unboost|p1b: Dragonite|atk|1\n|-unboost|p1b: Dragonite|spa|1\n|\n|t:|1776243184\n|switch|p2b: Sinistcha|Sinistcha, L50|100/100|[from] Parting Shot\n|move|p2a: Rotom|Will-O-Wisp|p1b: Dragonite|[miss]\n|-miss|p2a: Rotom|p1b: Dragonite\n|move|p1a: Incineroar|Darkest Lariat|p2a: Rotom\n|-damage|p2a: Rotom|60/100\n|\n|-heal|p2a: Rotom|66/100|[from] item: Leftovers\n|-sideend|p1: tomi10pvp|move: Tailwind\n|upkeep\n|turn|5\n|\n|t:|1776243195\n|switch|p2b: Incineroar|Incineroar, L50, F|59/100\n|-ability|p2b: Incineroar|Intimidate|boost\n|-unboost|p1a: Incineroar|atk|1\n|-unboost|p1b: Dragonite|atk|1\n|move|p1a: Incineroar|Protect|p1a: Incineroar\n|-singleturn|p1a: Incineroar|Protect\n|move|p1b: Dragonite|Protect|p1b: Dragonite\n|-singleturn|p1b: Dragonite|Protect\n|move|p2a: Rotom|Will-O-Wisp|p1b: Dragonite\n|-activate|p1b: Dragonite|move: Protect\n|\n|-heal|p2a: Rotom|72/100|[from] item: Leftovers\n|-fieldend|move: Trick Room\n|upkeep\n|turn|6\n|\n|t:|1776243215\n|move|p2b: Incineroar|Fake Out|p1b: Dragonite\n|-damage|p1b: Dragonite|78/100\n|cant|p1b: Dragonite|flinch\n|move|p2a: Rotom|Will-O-Wisp|p1b: Dragonite\n|-status|p1b: Dragonite|brn\n|move|p1a: Incineroar|Darkest Lariat|p2a: Rotom\n|-damage|p2a: Rotom|50/100\n|\n|-heal|p2a: Rotom|56/100|[from] item: Leftovers\n|-damage|p1b: Dragonite|73/100 brn|[from] brn\n|upkeep\n|turn|7\n|\n|t:|1776243236\n|switch|p1b: Whimsicott|Whimsicott, L50, F|100/100\n|move|p1a: Incineroar|Protect|p1a: Incineroar\n|-singleturn|p1a: Incineroar|Protect\n|move|p2a: Rotom|Hydro Pump|p1a: Incineroar\n|-activate|p1a: Incineroar|move: Protect\n|move|p2b: Incineroar|Parting Shot|p1b: Whimsicott\n|-unboost|p1b: Whimsicott|atk|1\n|-unboost|p1b: Whimsicott|spa|1\n|\n|t:|1776243244\n|switch|p2b: Floette|Floette-Eternal, L50, F|100/100|[from] Parting Shot\n|\n|-heal|p2a: Rotom|62/100|[from] item: Leftovers\n|upkeep\n|turn|8\n|inactive|LeonQAQ has 30 seconds left.\n|\n|t:|1776243270\n|switch|p2a: Incineroar|Incineroar, L50, F|59/100\n|-ability|p2a: Incineroar|Intimidate|boost\n|-unboost|p1a: Incineroar|atk|1\n|-unboost|p1b: Whimsicott|atk|1\n|switch|p1a: Dragonite|Dragonite-Mega, L50, F|73/100 brn\n|detailschange|p2b: Floette|Floette-Mega, L50, F\n|-mega|p2b: Floette|Floette|Floettite\n|-ability|p2b: Floette|Fairy Aura\n|move|p1b: Whimsicott|Encore||[still]\n|-fail|p1b: Whimsicott\n|move|p2b: Floette|Dazzling Gleam|p1b: Whimsicott|[spread] p1a,p1b\n|-supereffective|p1a: Dragonite|1\n|-damage|p1a: Dragonite|0 fnt\n|-damage|p1b: Whimsicott|32/100\n|faint|p1a: Dragonite\n|\n|upkeep\n|-message|tomi10pvp forfeited.\n|\n|win|LeonQAQ\n|raw|tomi10pvp's rating: 1185 &rarr; <strong>1157</strong><br />(-28 for losing)\n|raw|LeonQAQ's rating: 1150 &rarr; <strong>1178</strong><br />(+28 for winning)\n|l|\u2606tomi10pvp\n|player|p1|\n",
  "uploadtime": 1776243292,
  "views": 26,
  "formatid": "gen9championsvgc2026regma",
  "rating": 1157,
  "private": 0,
  "password": null
}