{
  "id": "gen9championsvgc2026regma-2583082441",
  "format": "[Gen 9 Champions] VGC 2026 Reg M-A",
  "players": [
    "Person_McSomeone",
    "holdingb"
  ],
  "log": "|j|\u2606Person_McSomeone\n|j|\u2606holdingb\n|t:|1776139983\n|gametype|doubles\n|player|p1|Person_McSomeone|miku-psychic|\n|player|p2|holdingb|anabel-gen7|\n|gen|9\n|tier|[Gen 9 Champions] VGC 2026 Reg M-A\n|rated|Tournament battle\n|rule|Species Clause: Limit one of each Pok\u00e9mon\n|rule|Item Clause: Limit 1 of each item\n|clearpoke\n|poke|p1|Floette-Eternal, L50, F|\n|poke|p1|Sinistcha, L50|\n|poke|p1|Sneasler, L50, M|\n|poke|p1|Garchomp, L50, F|\n|poke|p1|Talonflame, L50, M|\n|poke|p1|Tyranitar, L50, M|\n|poke|p2|Clefable, L50, F|\n|poke|p2|Starmie, L50|\n|poke|p2|Meowstic, L50, M|\n|poke|p2|Sneasler, L50, F|\n|poke|p2|Talonflame, L50, M|\n|poke|p2|Garchomp, L50, M|\n|teampreview|4\n|inactive|Battle timer is ON: inactive players will automatically lose when time's up. (requested by holdingb)\n|inactive|Person_McSomeone also wants the timer to be on.\n|c|\u2606Person_McSomeone|glhf\nPerson_McSomeone has agreed to open team sheets.\n|j| OnToTheOther\n|c|\u2606holdingb|u2\nholdingb has agreed to open team sheets.\n|showteam|p1|Floette-Eternal||Floettite|FlowerVeil|LightofRuin,DazzlingGleam,Moonblast,Protect|||F|||50|]Sinistcha||OccaBerry|Hospitality|MatchaGotcha,RagePowder,Protect,Scald||||||50|]Sneasler||WhiteHerb|Unburden|CloseCombat,DireClaw,FakeOut,Protect|||M|||50|]Garchomp||ChoiceScarf|RoughSkin|Earthquake,DragonClaw,RockSlide,Liquidation|||F|||50|]Talonflame||FocusSash|GaleWings|Tailwind,DualWingbeat,Protect,WillOWisp|||M|||50|]Tyranitar||ChopleBerry|SandStream|Crunch,RockSlide,Protect,ThunderWave|||M|||50|\n|showteam|p2|Clefable||Clefablite|MagicGuard|Moonblast,PsychUp,StoredPower,Moonlight|||F|||50|]Starmie||Leftovers|Analytic|Scald,CosmicPower,Recover,Minimize||||||50|]Meowstic||ChestoBerry|Prankster|ChargeBeam,PsychUp,Rest,StoredPower|||M|||50|]Sneasler||FocusSash|Unburden|FakeOut,DireClaw,CloseCombat,RockSlide|||F|||50|]Talonflame||SharpBeak|GaleWings|Tailwind,QuickGuard,BraveBird,SunnyDay|||M|||50|]Garchomp||WhiteHerb|RoughSkin|Earthquake,RockSlide,DragonClaw,Protect|||M|||50|\n|j| RookieHj\n|j| Mydreamfever\n|inactive|Person_McSomeone has 60 seconds left.\n|inactive|holdingb has 60 seconds left.\n|j|@Radio Free C-Side\n|l| Mydreamfever\n|\n|t:|1776140039\n|teamsize|p1|4\n|teamsize|p2|4\n|start\n|switch|p1a: Talonflame|Talonflame, L50, M|100/100\n|switch|p1b: Floette|Floette-Eternal, L50, F|100/100\n|switch|p2a: Sneasler|Sneasler, L50, F|100/100\n|switch|p2b: Starmie|Starmie, L50|100/100\n|turn|1\n|inactive|Person_McSomeone has 30 seconds left.\n|\n|t:|1776140065\n|move|p1b: Floette|Protect|p1b: Floette\n|-singleturn|p1b: Floette|Protect\n|move|p2a: Sneasler|Fake Out|p1b: Floette\n|-activate|p1b: Floette|move: Protect\n|move|p1a: Talonflame|Dual Wingbeat|p2a: Sneasler\n|-supereffective|p2a: Sneasler|1\n|-damage|p2a: Sneasler|45/100\n|-supereffective|p2a: Sneasler|1\n|-damage|p2a: Sneasler|0 fnt\n|faint|p2a: Sneasler\n|-hitcount|p2: Sneasler|2\n|move|p2b: Starmie|Minimize|p2b: Starmie\n|-boost|p2b: Starmie|evasion|2\n|\n|upkeep\n|\n|t:|1776140073\n|switch|p2a: Meowstic|Meowstic, L50, M|100/100\n|turn|2\n|\n|t:|1776140085\n|detailschange|p1b: Floette|Floette-Mega, L50, F\n|-mega|p1b: Floette|Floette|Floettite\n|-ability|p1b: Floette|Fairy Aura\n|move|p1a: Talonflame|Dual Wingbeat|p2b: Starmie\n|-damage|p2b: Starmie|83/100\n|-damage|p2b: Starmie|63/100\n|-hitcount|p2b: Starmie|2\n|move|p2a: Meowstic|Psych Up|p2b: Starmie\n|-copyboost|p2a: Meowstic|p2b: Starmie|[from] move: Psych Up\n|move|p1b: Floette|Dazzling Gleam|p2a: Meowstic|[spread] p2a\n|-miss|p1b: Floette|p2b: Starmie\n|-damage|p2a: Meowstic|52/100\n|move|p2b: Starmie|Minimize|p2b: Starmie\n|-boost|p2b: Starmie|evasion|2\n|\n|-heal|p2b: Starmie|69/100|[from] item: Leftovers\n|upkeep\n|turn|3\n|inactive|Person_McSomeone has 30 seconds left.\n|\n|t:|1776140112\n|move|p1a: Talonflame|Dual Wingbeat|p2a: Meowstic\n|-damage|p2a: Meowstic|34/100\n|-damage|p2a: Meowstic|18/100\n|-hitcount|p2a: Meowstic|2\n|move|p1b: Floette|Moonblast|p2b: Starmie|[miss]\n|-miss|p1b: Floette|p2b: Starmie\n|move|p2b: Starmie|Cosmic Power|p2b: Starmie\n|-boost|p2b: Starmie|def|1\n|-boost|p2b: Starmie|spd|1\n|move|p2a: Meowstic|Charge Beam|p1a: Talonflame\n|-supereffective|p1a: Talonflame|1\n|-damage|p1a: Talonflame|71/100\n|-boost|p2a: Meowstic|spa|1\n|\n|-heal|p2b: Starmie|75/100|[from] item: Leftovers\n|upkeep\n|turn|4\n|\n|t:|1776140129\n|move|p2a: Meowstic|Rest|p2a: Meowstic\n|-status|p2a: Meowstic|slp|[from] move: Rest\n|-heal|p2a: Meowstic|100/100 slp|[silent]\n|-enditem|p2a: Meowstic|Chesto Berry|[eat]\n|-curestatus|p2a: Meowstic|slp|[msg]\n|move|p1a: Talonflame|Dual Wingbeat|p2a: Meowstic|[miss]\n|-miss|p1a: Talonflame|p2a: Meowstic\n|move|p1b: Floette|Moonblast|p2b: Starmie\n|-damage|p2b: Starmie|30/100\n|move|p2b: Starmie|Cosmic Power|p2b: Starmie\n|-boost|p2b: Starmie|def|1\n|-boost|p2b: Starmie|spd|1\n|\n|-heal|p2b: Starmie|36/100|[from] item: Leftovers\n|upkeep\n|turn|5\n|inactive|Person_McSomeone has 30 seconds left.\n|\n|t:|1776140160\n|move|p2a: Meowstic|Psych Up|p2b: Starmie\n|-copyboost|p2a: Meowstic|p2b: Starmie|[from] move: Psych Up\n|move|p1a: Talonflame|Dual Wingbeat|p2b: Starmie|[miss]\n|-miss|p1a: Talonflame|p2b: Starmie\n|move|p1b: Floette|Dazzling Gleam|p2b: Starmie|[spread] p2b\n|-miss|p1b: Floette|p2a: Meowstic\n|-damage|p2b: Starmie|15/100\n|move|p2b: Starmie|Recover|p2b: Starmie\n|-heal|p2b: Starmie|66/100\n|\n|-heal|p2b: Starmie|72/100|[from] item: Leftovers\n|upkeep\n|turn|6\n|l|@Radio Free C-Side\n|c|\u2606Person_McSomeone|this is child abuse\n|inactive|holdingb has 30 seconds left.\n|\n|t:|1776140195\n|switch|p1a: Sneasler|Sneasler, L50, M|100/100\n|move|p1b: Floette|Dazzling Gleam|p2b: Starmie|[spread] p2a,p2b\n|-damage|p2a: Meowstic|76/100\n|-damage|p2b: Starmie|52/100\n|move|p2b: Starmie|Cosmic Power|p2b: Starmie\n|-boost|p2b: Starmie|def|1\n|-boost|p2b: Starmie|spd|1\n|move|p2a: Meowstic|Stored Power|p1b: Floette\n|-damage|p1b: Floette|54/100\n|\n|-heal|p2b: Starmie|58/100|[from] item: Leftovers\n|upkeep\n|turn|7\n|\n|t:|1776140212\n|move|p1a: Sneasler|Fake Out|p2a: Meowstic\n|-damage|p2a: Meowstic|67/100\n|move|p1b: Floette|Moonblast|p2b: Starmie|[miss]\n|-miss|p1b: Floette|p2b: Starmie\n|move|p2b: Starmie|Cosmic Power|p2b: Starmie\n|-boost|p2b: Starmie|def|1\n|-boost|p2b: Starmie|spd|1\n|cant|p2a: Meowstic|flinch\n|\n|-heal|p2b: Starmie|64/100|[from] item: Leftovers\n|upkeep\n|turn|8\n|j| Diamond Griffin\n|j|@Radio Free C-Side\n|l|@Radio Free C-Side\n|\n|t:|1776140233\n|move|p1a: Sneasler|Close Combat|p2b: Starmie|[miss]\n|-miss|p1a: Sneasler|p2b: Starmie\n|move|p1b: Floette|Dazzling Gleam|p2b: Starmie|[spread] p2a\n|-miss|p1b: Floette|p2b: Starmie\n|-damage|p2a: Meowstic|46/100\n|move|p2b: Starmie|Minimize|p2b: Starmie\n|-boost|p2b: Starmie|evasion|2\n|move|p2a: Meowstic|Stored Power|p1a: Sneasler\n|-supereffective|p1a: Sneasler|2\n|-damage|p1a: Sneasler|0 fnt\n|faint|p1a: Sneasler\n|\n|-heal|p2b: Starmie|70/100|[from] item: Leftovers\n|upkeep\n|\n|t:|1776140241\n|switch|p1a: Sinistcha|Sinistcha, L50|100/100\n|-heal|p1b: Floette|79/100|[from] ability: Hospitality|[of] p1a: Sinistcha\n|turn|9\n|c| Diamond Griffin|bro hows minimize llegal\n|\n|t:|1776140252\n|move|p2a: Meowstic|Psych Up|p2b: Starmie\n|-copyboost|p2a: Meowstic|p2b: Starmie|[from] move: Psych Up\n|move|p1b: Floette|Dazzling Gleam|p2a: Meowstic|[spread] p2a\n|-miss|p1b: Floette|p2b: Starmie\n|-damage|p2a: Meowstic|30/100\n|move|p2b: Starmie|Cosmic Power|p2b: Starmie\n|-boost|p2b: Starmie|def|1\n|-boost|p2b: Starmie|spd|1\n|move|p1a: Sinistcha|Matcha Gotcha|p2b: Starmie|[spread] p2b\n|-miss|p1a: Sinistcha|p2a: Meowstic\n|-supereffective|p2b: Starmie|1\n|-damage|p2b: Starmie|56/100\n|\n|-heal|p2b: Starmie|62/100|[from] item: Leftovers\n|upkeep\n|turn|10\n|c|\u2606Person_McSomeone|its vgc\n|c|\u2606holdingb|they allow it if it's funny enough\n|c|\u2606Person_McSomeone|everything is legal\n|j| Perhaps Perish?\n|inactive|Person_McSomeone has 30 seconds left.\n|\n|t:|1776140279\n|move|p2a: Meowstic|Rest|p2a: Meowstic\n|-status|p2a: Meowstic|slp|[from] move: Rest\n|-heal|p2a: Meowstic|100/100 slp|[silent]\n|move|p1b: Floette|Moonblast|p2b: Starmie|[miss]\n|-miss|p1b: Floette|p2b: Starmie\n|move|p2b: Starmie|Recover|p2b: Starmie\n|-heal|p2b: Starmie|100/100\n|move|p1a: Sinistcha|Matcha Gotcha|p2a: Meowstic|[spread] p2b\n|-miss|p1a: Sinistcha|p2a: Meowstic\n|-supereffective|p2b: Starmie|1\n|-damage|p2b: Starmie|85/100\n|\n|-heal|p2b: Starmie|91/100|[from] item: Leftovers\n|upkeep\n|turn|11\n|\n|t:|1776140294\n|move|p1b: Floette|Moonblast|p2b: Starmie|[miss]\n|-miss|p1b: Floette|p2b: Starmie\n|move|p2b: Starmie|Scald|p1b: Floette\n|-damage|p1b: Floette|54/100\n|cant|p2a: Meowstic|slp\n|move|p1a: Sinistcha|Matcha Gotcha|p2a: Meowstic|[spread] p2b\n|-miss|p1a: Sinistcha|p2a: Meowstic\n|-supereffective|p2b: Starmie|1\n|-damage|p2b: Starmie|75/100\n|-status|p2b: Starmie|brn\n|\n|-heal|p2b: Starmie|81/100 brn|[from] item: Leftovers\n|-damage|p2b: Starmie|75/100 brn|[from] brn\n|upkeep\n|turn|12\n|c|\u2606Person_McSomeone|YES\n|c|\u2606Person_McSomeone|BURN\n|\n|t:|1776140312\n|switch|p1b: Talonflame|Talonflame, L50, M|71/100\n|move|p2b: Starmie|Scald|p1b: Talonflame\n|-supereffective|p1b: Talonflame|1\n|-damage|p1b: Talonflame|0 fnt\n|faint|p1b: Talonflame\n|cant|p2a: Meowstic|slp\n|move|p1a: Sinistcha|Matcha Gotcha|p2b: Starmie|[spread] p2b\n|-miss|p1a: Sinistcha|p2a: Meowstic\n|-supereffective|p2b: Starmie|1\n|-damage|p2b: Starmie|60/100 brn\n|\n|-heal|p2b: Starmie|66/100 brn|[from] item: Leftovers\n|-damage|p2b: Starmie|60/100 brn|[from] brn\n|upkeep\n|c|\u2606holdingb|ughhh\n|c|\u2606holdingb|so unlucky\n|c|\u2606holdingb|for me\n|l| Perhaps Perish?\n|\n|t:|1776140334\n|switch|p1b: Floette|Floette-Mega, L50, F|54/100\n|-ability|p1b: Floette|Fairy Aura\n|turn|13\n|\n|t:|1776140353\n|move|p1b: Floette|Moonblast|p2b: Starmie|[miss]\n|-miss|p1b: Floette|p2b: Starmie\n|move|p2b: Starmie|Recover|p2b: Starmie\n|-heal|p2b: Starmie|100/100 brn\n|-curestatus|p2a: Meowstic|slp|[msg]\n|move|p2a: Meowstic|Stored Power|p1b: Floette\n|-damage|p1b: Floette|0 fnt\n|faint|p1b: Floette\n|move|p1a: Sinistcha|Matcha Gotcha|p2b: Starmie|[spread] p2a\n|-miss|p1a: Sinistcha|p2b: Starmie\n|-damage|p2a: Meowstic|91/100\n|\n|-damage|p2b: Starmie|95/100 brn|[from] brn\n|upkeep\n|turn|14\n|c|\u2606Person_McSomeone|i still lose\n|c|\u2606Person_McSomeone|gg\n|c|\u2606holdingb|gg\n|\n|t:|1776140377\n|move|p2b: Starmie|Scald|p1a: Sinistcha\n|-resisted|p1a: Sinistcha|1\n|-damage|p1a: Sinistcha|87/100\n|move|p2a: Meowstic|Stored Power|p1a: Sinistcha\n|-damage|p1a: Sinistcha|0 fnt\n|faint|p1a: Sinistcha\n|\n|win|holdingb\n|n|\u2606Person_McSomeone|personmcsomeone\n|n|\u2606holdingb|holdingb\n|n| OnToTheOther|ontotheother\n|n| RookieHj|rookiehj\n|n| Diamond Griffin|diamondgriffin\n|c|\u2606holdingb|you gotta watch out when you say glhf\n",
  "uploadtime": 1776140390,
  "views": 29,
  "formatid": "gen9championsvgc2026regma",
  "rating": null,
  "private": 0,
  "password": null
}