{
  "id": "gen9championsvgc2026regma-2581544427",
  "format": "[Gen 9 Champions] VGC 2026 Reg M-A",
  "players": [
    "debouls",
    "freegrgrgrgr"
  ],
  "log": "|j|\u2606debouls\n|j|\u2606freegrgrgrgr\n|t:|1776009733\n|gametype|doubles\n|player|p1|debouls|169|1168\n|player|p2|freegrgrgrgr|dawn|1261\n|gen|9\n|tier|[Gen 9 Champions] VGC 2026 Reg M-A\n|rated|\n|rule|Species Clause: Limit one of each Pok\u00e9mon\n|rule|Item Clause: Limit 1 of each item\n|clearpoke\n|poke|p1|Arcanine, L50, M|\n|poke|p1|Rotom-Wash, L50|\n|poke|p1|Garchomp, L50, F|\n|poke|p1|Venusaur, L50, M|\n|poke|p1|Corviknight, L50, F|\n|poke|p1|Sneasler, L50, F|\n|poke|p2|Floette-Eternal, L50, F|\n|poke|p2|Basculegion-F, L50, F|\n|poke|p2|Sneasler, L50, F|\n|poke|p2|Garchomp, L50, F|\n|poke|p2|Kingambit, L50, M|\n|poke|p2|Aerodactyl, L50, F|\n|teampreview|4\n|inactive|Battle timer is ON: inactive players will automatically lose when time's up. (requested by freegrgrgrgr)\n|\n|t:|1776009774\n|teamsize|p1|4\n|teamsize|p2|4\n|start\n|switch|p1a: Sneasler|Sneasler, L50, F|100/100\n|switch|p1b: Venusaur|Venusaur, L50, M|100/100\n|switch|p2a: Floette|Floette-Eternal, L50, F|100/100\n|switch|p2b: Basculegion|Basculegion-F, L50, F, shiny|100/100\n|turn|1\n|inactive|debouls has 30 seconds left.\n|\n|t:|1776009804\n|switch|p2a: Aerodactyl|Aerodactyl, L50, F, shiny|100/100\n|-ability|p2a: Aerodactyl|Pressure\n|detailschange|p1b: Venusaur|Venusaur-Mega, L50, M\n|-mega|p1b: Venusaur|Venusaur|Venusaurite\n|move|p2b: Basculegion|Shadow Ball|p1b: Venusaur\n|-damage|p1b: Venusaur|63/100\n|move|p1a: Sneasler|Dire Claw|p2a: Aerodactyl\n|-resisted|p2a: Aerodactyl|1\n|-damage|p2a: Aerodactyl|66/100\n|move|p1b: Venusaur|Giga Drain|p2b: Basculegion\n|-supereffective|p2b: Basculegion|1\n|-damage|p2b: Basculegion|19/100\n|-heal|p1b: Venusaur|100/100|[from] drain|[of] p2b: Basculegion\n|\n|upkeep\n|turn|2\n|inactive|debouls has 30 seconds left.\n|inactive|debouls has 20 seconds left.\n|inactive|debouls has 15 seconds left.\n|\n|t:|1776009848\n|switch|p2b: Garchomp|Garchomp, L50, F, shiny|100/100\n|switch|p1b: Rotom|Rotom-Wash, L50|100/100\n|move|p2a: Aerodactyl|Dual Wingbeat|p1a: Sneasler\n|-supereffective|p1a: Sneasler|1\n|-damage|p1a: Sneasler|34/100\n|-supereffective|p1a: Sneasler|1\n|-damage|p1a: Sneasler|0 fnt\n|faint|p1a: Sneasler\n|-hitcount|p1: Sneasler|2\n|\n|upkeep\n|\n|t:|1776009858\n|switch|p1a: Arcanine|Arcanine, L50, M|100/100\n|-ability|p1a: Arcanine|Intimidate|boost\n|-unboost|p2a: Aerodactyl|atk|1\n|-unboost|p2b: Garchomp|atk|1\n|turn|3\n|inactive|debouls has 30 seconds left.\n|\n|t:|1776009890\n|move|p1a: Arcanine|Protect|p1a: Arcanine\n|-singleturn|p1a: Arcanine|Protect\n|move|p1b: Rotom|Thunderbolt|p2a: Aerodactyl\n|-supereffective|p2a: Aerodactyl|1\n|-damage|p2a: Aerodactyl|0 fnt\n|faint|p2a: Aerodactyl\n|move|p2b: Garchomp|Stomping Tantrum|p1a: Arcanine\n|-activate|p1a: Arcanine|move: Protect\n|\n|upkeep\n|\n|t:|1776009898\n|switch|p2a: Floette|Floette-Eternal, L50, F|100/100\n|turn|4\n|inactive|debouls has 30 seconds left.\n|\n|t:|1776009933\n|switch|p1b: Venusaur|Venusaur-Mega, L50, M|100/100\n|detailschange|p2a: Floette|Floette-Mega, L50, F\n|-mega|p2a: Floette|Floette|Floettite\n|-ability|p2a: Floette|Fairy Aura\n|move|p2b: Garchomp|Rock Slide|p1a: Arcanine|[spread] p1a,p1b\n|-supereffective|p1a: Arcanine|1\n|-crit|p1a: Arcanine\n|-damage|p1a: Arcanine|32/100\n|-damage|p1b: Venusaur|90/100\n|-enditem|p1a: Arcanine|Sitrus Berry|[eat]\n|-heal|p1a: Arcanine|57/100|[from] item: Sitrus Berry\n|move|p1a: Arcanine|Flare Blitz|p2a: Floette\n|-damage|p2a: Floette|42/100\n|-damage|p1a: Arcanine|41/100|[from] Recoil\n|move|p2a: Floette|Moonblast|p1b: Venusaur\n|-resisted|p1b: Venusaur|1\n|-damage|p1b: Venusaur|63/100\n|\n|upkeep\n|turn|5\n|inactive|debouls has 30 seconds left.\n|\n|t:|1776009965\n|move|p2a: Floette|Protect|p2a: Floette\n|-singleturn|p2a: Floette|Protect\n|move|p2b: Garchomp|Stomping Tantrum|p1b: Venusaur\n|-damage|p1b: Venusaur|44/100\n|move|p1a: Arcanine|Flare Blitz|p2a: Floette\n|-activate|p2a: Floette|move: Protect\n|move|p1b: Venusaur|Giga Drain|p2b: Garchomp\n|-crit|p2b: Garchomp\n|-damage|p2b: Garchomp|38/100\n|-heal|p1b: Venusaur|75/100|[from] drain|[of] p2b: Garchomp\n|-enditem|p2b: Garchomp|Sitrus Berry|[eat]\n|-heal|p2b: Garchomp|62/100|[from] item: Sitrus Berry\n|\n|upkeep\n|turn|6\n|inactive|freegrgrgrgr has 30 seconds left.\n|inactive|freegrgrgrgr has 20 seconds left.\n|\n|t:|1776010003\n|switch|p2a: Basculegion|Basculegion-F, L50, F, shiny|19/100\n|move|p2b: Garchomp|Rock Slide|p1a: Arcanine|[spread] p1a,p1b\n|-supereffective|p1a: Arcanine|1\n|-crit|p1a: Arcanine\n|-damage|p1a: Arcanine|0 fnt\n|-damage|p1b: Venusaur|64/100\n|faint|p1a: Arcanine\n|move|p1b: Venusaur|Giga Drain|p2a: Basculegion\n|-supereffective|p2a: Basculegion|1\n|-damage|p2a: Basculegion|0 fnt\n|-heal|p1b: Venusaur|74/100|[from] drain|[of] p2a: Basculegion\n|faint|p2a: Basculegion\n|\n|upkeep\n|\n|t:|1776010015\n|switch|p1a: Rotom|Rotom-Wash, L50|100/100\n|switch|p2a: Floette|Floette-Mega, L50, F|42/100\n|-ability|p2a: Floette|Fairy Aura\n|turn|7\n|l|\u2606freegrgrgrgr\n|inactive|freegrgrgrgr disconnected and has a minute to reconnect!\n|player|p2|\n|j|\u2606freegrgrgrgr\n|inactive|freegrgrgrgr reconnected and has 45 seconds left.\n|player|p2|freegrgrgrgr|dawn|\n|\n|t:|1776010038\n|move|p1a: Rotom|Hydro Pump|p2b: Garchomp\n|-damage|p2b: Garchomp|4/100\n|move|p2b: Garchomp|Rock Slide|p1a: Rotom|[spread] p1a\n|-miss|p2b: Garchomp|p1b: Venusaur\n|-damage|p1a: Rotom|82/100\n|move|p2a: Floette|Moonblast|p1b: Venusaur\n|-resisted|p1b: Venusaur|1\n|-damage|p1b: Venusaur|45/100\n|-unboost|p1b: Venusaur|spa|1\n|move|p1b: Venusaur|Sludge Bomb|p2a: Floette\n|-supereffective|p2a: Floette|1\n|-damage|p2a: Floette|2/100\n|-status|p2a: Floette|psn\n|\n|-damage|p2a: Floette|0 fnt|[from] psn\n|faint|p2a: Floette\n|upkeep\n|turn|8\n|-message|freegrgrgrgr forfeited.\n|\n|win|debouls\n|raw|debouls's rating: 1168 &rarr; <strong>1200</strong><br />(+32 for winning)\n|raw|freegrgrgrgr's rating: 1261 &rarr; <strong>1229</strong><br />(-32 for losing)\n|l|\u2606freegrgrgrgr\n|player|p2|\n",
  "uploadtime": 1776010051,
  "views": 20,
  "formatid": "gen9championsvgc2026regma",
  "rating": 1200,
  "private": 0,
  "password": null
}