{
  "id": "gen9championsvgc2026regma-2588891162",
  "format": "[Gen 9 Champions] VGC 2026 Reg M-A",
  "players": [
    "leonellus_117",
    "GEMANON"
  ],
  "log": "|j|\u2606leonellus_117\n|j|\u2606GEMANON\n|t:|1776682992\n|gametype|doubles\n|player|p1|leonellus_117|erika-gen1rb|1167\n|player|p2|GEMANON|veteran|1120\n|gen|9\n|tier|[Gen 9 Champions] VGC 2026 Reg M-A\n|rated|\n|rule|Species Clause: Limit one of each Pok\u00e9mon\n|rule|Item Clause: Limit 1 of each item\n|clearpoke\n|poke|p1|Charizard, L50, M, shiny|\n|poke|p1|Garchomp, L50, F, shiny|\n|poke|p1|Aegislash, L50, M, shiny|\n|poke|p1|Milotic, L50, F, shiny|\n|poke|p1|Kingambit, L50, M, shiny|\n|poke|p1|Basculegion, L50, M, shiny|\n|poke|p2|Milotic, L50, F|\n|poke|p2|Armarouge, L50, M, shiny|\n|poke|p2|Whimsicott, L50, F|\n|poke|p2|Lucario, L50, M|\n|poke|p2|Farigiraf, L50, F|\n|poke|p2|Tyranitar, L50, M|\n|teampreview|4\n|inactive|Battle timer is ON: inactive players will automatically lose when time's up. (requested by leonellus_117)\nGEMANON has agreed to open team sheets.\n|inactive|GEMANON has 60 seconds left.\n|\n|t:|1776683030\n|teamsize|p1|4\n|teamsize|p2|4\n|start\n|switch|p1a: BBC|Charizard, L50, M, shiny|100/100\n|switch|p1b: En Garde \ud83e\udd3a|Aegislash, L50, M, shiny|100/100\n|switch|p2a: Tyranitar|Tyranitar, L50, M|100/100\n|switch|p2b: Whimsicott|Whimsicott, L50, F|100/100\n|-weather|Sandstorm|[from] ability: Sand Stream|[of] p2a: Tyranitar\n|turn|1\n|\n|t:|1776683045\n|move|p1a: BBC|Protect|p1a: BBC\n|-singleturn|p1a: BBC|Protect\n|move|p2b: Whimsicott|Tailwind|p2b: Whimsicott\n|-sidestart|p2: GEMANON|move: Tailwind\n|move|p2a: Tyranitar|Rock Slide|p1a: BBC|[spread] \n|-activate|p1a: BBC|move: Protect\n|-miss|p2a: Tyranitar|p1b: En Garde \ud83e\udd3a\n|-formechange|p1b: En Garde \ud83e\udd3a|Aegislash-Blade|\n|move|p1b: En Garde \ud83e\udd3a|Close Combat|p2a: Tyranitar\n|-supereffective|p2a: Tyranitar|2\n|-damage|p2a: Tyranitar|0 fnt\n|-unboost|p1b: En Garde \ud83e\udd3a|def|1\n|-unboost|p1b: En Garde \ud83e\udd3a|spd|1\n|faint|p2a: Tyranitar\n|\n|-weather|Sandstorm|[upkeep]\n|-damage|p2b: Whimsicott|95/100|[from] Sandstorm\n|-damage|p1a: BBC|95/100|[from] Sandstorm\n|upkeep\n|\n|t:|1776683057\n|switch|p2a: Armarouge|Armarouge, L50, M, shiny|100/100\n|turn|2\n|\n|t:|1776683083\n|move|p2b: Whimsicott|Encore|p1a: BBC\n|-start|p1a: BBC|Encore\n|move|p1a: BBC|Protect|p1a: BBC\n|-singleturn|p1a: BBC|Protect\n|move|p1b: En Garde \ud83e\udd3a|Shadow Sneak|p2a: Armarouge\n|-supereffective|p2a: Armarouge|1\n|-damage|p2a: Armarouge|40/100\n|move|p2a: Armarouge|Heat Wave|p1b: En Garde \ud83e\udd3a|[spread] p1b\n|-activate|p1a: BBC|move: Protect\n|-supereffective|p1b: En Garde \ud83e\udd3a|1\n|-damage|p1b: En Garde \ud83e\udd3a|0 fnt\n|faint|p1b: En Garde \ud83e\udd3a\n|\n|-weather|Sandstorm|[upkeep]\n|-damage|p2b: Whimsicott|89/100|[from] Sandstorm\n|-damage|p2a: Armarouge|34/100|[from] Sandstorm\n|-damage|p1a: BBC|89/100|[from] Sandstorm\n|upkeep\n|\n|t:|1776683087\n|switch|p1b: Terreneitor|Garchomp, L50, F, shiny|100/100\n|turn|3\n|\n|t:|1776683107\n|move|p1a: BBC|Protect||[still]\n|-fail|p1a: BBC\n|move|p2a: Armarouge|Wide Guard|p2a: Armarouge\n|-singleturn|p2a: Armarouge|Wide Guard\n|move|p2b: Whimsicott|Moonblast|p1b: Terreneitor\n|-supereffective|p1b: Terreneitor|1\n|-damage|p1b: Terreneitor|29/100\n|-enditem|p1b: Terreneitor|Sitrus Berry|[eat]\n|-heal|p1b: Terreneitor|54/100|[from] item: Sitrus Berry\n|move|p1b: Terreneitor|Earthquake|p2b: Whimsicott|[spread] \n|-activate|p2a: Armarouge|move: Wide Guard\n|-activate|p2b: Whimsicott|move: Wide Guard\n|-immune|p1a: BBC\n|\n|-weather|Sandstorm|[upkeep]\n|-damage|p2b: Whimsicott|83/100|[from] Sandstorm\n|-damage|p2a: Armarouge|28/100|[from] Sandstorm\n|-damage|p1a: BBC|83/100|[from] Sandstorm\n|upkeep\n|turn|4\n|inactive|GEMANON has 30 seconds left.\n|inactive|GEMANON has 20 seconds left.\n|\n|t:|1776683145\n|switch|p1a: THE ONE PIEEEEECE|Kingambit, L50, M, shiny|100/100\n|move|p1b: Terreneitor|Protect|p1b: Terreneitor\n|-singleturn|p1b: Terreneitor|Protect\n|move|p2a: Armarouge|Wide Guard|p2a: Armarouge\n|-singleturn|p2a: Armarouge|Wide Guard\n|move|p2b: Whimsicott|Encore|p1b: Terreneitor\n|-activate|p1b: Terreneitor|move: Protect\n|\n|-weather|Sandstorm|[upkeep]\n|-damage|p2b: Whimsicott|77/100|[from] Sandstorm\n|-damage|p2a: Armarouge|21/100|[from] Sandstorm\n|-sideend|p2: GEMANON|move: Tailwind\n|upkeep\n|turn|5\n|\n|t:|1776683169\n|switch|p1b: BBC|Charizard, L50, M, shiny|83/100\n|move|p2a: Armarouge|Wide Guard|p2a: Armarouge\n|-singleturn|p2a: Armarouge|Wide Guard\n|move|p2b: Whimsicott|Encore||[still]\n|-fail|p2b: Whimsicott\n|move|p1a: THE ONE PIEEEEECE|Iron Head|p2b: Whimsicott\n|-supereffective|p2b: Whimsicott|1\n|-damage|p2b: Whimsicott|0 fnt\n|faint|p2b: Whimsicott\n|\n|-weather|none\n|upkeep\n|\n|t:|1776683178\n|switch|p2b: Farigiraf|Farigiraf, L50, F|100/100\n|turn|6\n|\n|t:|1776683200\n|switch|p1a: Terreneitor|Garchomp, L50, F, shiny|54/100\n|move|p2a: Armarouge|Wide Guard|p2a: Armarouge\n|-singleturn|p2a: Armarouge|Wide Guard\n|move|p1b: BBC|Weather Ball|p2a: Armarouge\n|-damage|p2a: Armarouge|1/100\n|move|p2b: Farigiraf|Trick Room|p2b: Farigiraf\n|-fieldstart|move: Trick Room|[of] p2b: Farigiraf\n|\n|upkeep\n|turn|7\n|\n|t:|1776683217\n|move|p1a: Terreneitor|Protect|p1a: Terreneitor\n|-singleturn|p1a: Terreneitor|Protect\n|move|p2b: Farigiraf|Twin Beam|p1b: BBC\n|-damage|p1b: BBC|62/100\n|-damage|p1b: BBC|40/100\n|-hitcount|p1b: BBC|2\n|move|p2a: Armarouge|Energy Ball|p1a: Terreneitor\n|-activate|p1a: Terreneitor|move: Protect\n|move|p1b: BBC|Weather Ball|p2a: Armarouge\n|-damage|p2a: Armarouge|0 fnt\n|faint|p2a: Armarouge\n|\n|upkeep\n|turn|8\n|c|\u2606leonellus_117|Gg\n|\n|t:|1776683232\n|detailschange|p1b: BBC|Charizard-Mega-Y, L50, M, shiny\n|-mega|p1b: BBC|Charizard|Charizardite Y\n|-weather|SunnyDay|[from] ability: Drought|[of] p1b: BBC\n|move|p2b: Farigiraf|Twin Beam|p1b: BBC\n|-damage|p1b: BBC|21/100\n|-damage|p1b: BBC|4/100\n|-hitcount|p1b: BBC|2\n|move|p1b: BBC|Weather Ball|p2b: Farigiraf\n|-damage|p2b: Farigiraf|19/100\n|move|p1a: Terreneitor|Dragon Claw|p2b: Farigiraf\n|-damage|p2b: Farigiraf|0 fnt\n|faint|p2b: Farigiraf\n|\n|win|leonellus_117\n|raw|leonellus_117's rating: 1167 &rarr; <strong>1189</strong><br />(+22 for winning)\n|raw|GEMANON's rating: 1120 &rarr; <strong>1098</strong><br />(-22 for losing)\n",
  "uploadtime": 1776683234,
  "views": 10,
  "formatid": "gen9championsvgc2026regma",
  "rating": 1098,
  "private": 0,
  "password": null
}