{
  "id": "gen9championsvgc2026regma-2583791248",
  "format": "[Gen 9 Champions] VGC 2026 Reg M-A",
  "players": [
    "k0haru",
    "thattube"
  ],
  "log": "|j|\u2606k0haru\n|j|\u2606thattube\n|t:|1776197965\n|gametype|doubles\n|player|p1|k0haru|169|1093\n|player|p2|thattube|bellelba|1061\n|gen|9\n|tier|[Gen 9 Champions] VGC 2026 Reg M-A\n|rated|\n|rule|Species Clause: Limit one of each Pok\u00e9mon\n|rule|Item Clause: Limit 1 of each item\n|clearpoke\n|poke|p1|Charizard, L50, M|\n|poke|p1|Venusaur, L50, F|\n|poke|p1|Garchomp, L50, M|\n|poke|p1|Rotom-Wash, L50|\n|poke|p1|Sneasler, L50, M|\n|poke|p1|Incineroar, L50, F|\n|poke|p2|Tyranitar, L50, F|\n|poke|p2|Milotic, L50, F|\n|poke|p2|Tinkaton, L50, F|\n|poke|p2|Aerodactyl, L50, M|\n|poke|p2|Excadrill, L50, F|\n|poke|p2|Hydreigon, L50, M|\n|teampreview|4\n|\n|t:|1776198004\n|teamsize|p1|4\n|teamsize|p2|4\n|start\n|switch|p1a: Venusaur|Venusaur, L50, F, shiny|100/100\n|switch|p1b: Garchomp|Garchomp, L50, M, shiny|100/100\n|switch|p2a: Excadrill|Excadrill, L50, F|100/100\n|switch|p2b: Tyranitar|Tyranitar, L50, F|100/100\n|-weather|Sandstorm|[from] ability: Sand Stream|[of] p2b: Tyranitar\n|turn|1\n|\n|t:|1776198055\n|move|p1a: Venusaur|Protect|p1a: Venusaur\n|-singleturn|p1a: Venusaur|Protect\n|move|p2a: Excadrill|Rock Slide|p1a: Venusaur|[spread] p1b\n|-activate|p1a: Venusaur|move: Protect\n|-resisted|p1b: Garchomp|1\n|-damage|p1b: Garchomp|90/100\n|cant|p1b: Garchomp|flinch\n|move|p2b: Tyranitar|Knock Off|p1b: Garchomp\n|-damage|p1b: Garchomp|36/100\n|-damage|p2b: Tyranitar|88/100|[from] ability: Rough Skin|[of] p1b: Garchomp\n|-enditem|p1b: Garchomp|Choice Scarf|[from] move: Knock Off|[of] p2b: Tyranitar\n|\n|-weather|Sandstorm|[upkeep]\n|-damage|p1a: Venusaur|95/100|[from] Sandstorm\n|upkeep\n|turn|2\n|\n|t:|1776198078\n|switch|p1a: Incineroar|Incineroar, L50, F, shiny|100/100\n|-ability|p1a: Incineroar|Intimidate|boost\n|-unboost|p2a: Excadrill|atk|1\n|-unboost|p2b: Tyranitar|atk|1\n|move|p2a: Excadrill|Iron Head|p1b: Garchomp\n|-damage|p1b: Garchomp|6/100\n|-damage|p2a: Excadrill|88/100|[from] ability: Rough Skin|[of] p1b: Garchomp\n|move|p1b: Garchomp|Earthquake|p2b: Tyranitar|[spread] p1a,p2a,p2b\n|-supereffective|p1a: Incineroar|1\n|-supereffective|p2a: Excadrill|1\n|-supereffective|p2b: Tyranitar|1\n|-damage|p1a: Incineroar|25/100\n|-damage|p2a: Excadrill|0 fnt\n|-damage|p2b: Tyranitar|9/100\n|-enditem|p2b: Tyranitar|Sitrus Berry|[eat]\n|-heal|p2b: Tyranitar|34/100|[from] item: Sitrus Berry\n|-enditem|p1a: Incineroar|Sitrus Berry|[eat]\n|-heal|p1a: Incineroar|50/100|[from] item: Sitrus Berry\n|faint|p2a: Excadrill\n|move|p2b: Tyranitar|Fire Punch|p1a: Incineroar\n|-resisted|p1a: Incineroar|1\n|-damage|p1a: Incineroar|42/100\n|\n|-weather|Sandstorm|[upkeep]\n|-damage|p1a: Incineroar|36/100|[from] Sandstorm\n|upkeep\n|\n|t:|1776198101\n|switch|p2a: Aerodactyl|Aerodactyl, L50, M|100/100\n|-ability|p2a: Aerodactyl|Unnerve\n|turn|3\n|\n|t:|1776198121\n|move|p2b: Tyranitar|Protect|p2b: Tyranitar\n|-singleturn|p2b: Tyranitar|Protect\n|move|p1a: Incineroar|Fake Out|p2a: Aerodactyl\n|-resisted|p2a: Aerodactyl|1\n|-damage|p2a: Aerodactyl|90/100\n|cant|p2a: Aerodactyl|flinch\n|move|p1b: Garchomp|Rock Slide|p2b: Tyranitar|[spread] p2a\n|-activate|p2b: Tyranitar|move: Protect\n|-supereffective|p2a: Aerodactyl|1\n|-damage|p2a: Aerodactyl|26/100\n|\n|-weather|Sandstorm|[upkeep]\n|-damage|p1a: Incineroar|30/100|[from] Sandstorm\n|upkeep\n|turn|4\n|\n|t:|1776198143\n|switch|p2b: Milotic|Milotic, L50, F|100/100\n|switch|p1a: Venusaur|Venusaur, L50, F, shiny|95/100\n|move|p2a: Aerodactyl|Tailwind|p2a: Aerodactyl\n|-sidestart|p2: thattube|move: Tailwind\n|move|p1b: Garchomp|Earthquake|p2b: Milotic|[spread] p1a,p2b\n|-immune|p2a: Aerodactyl\n|-damage|p1a: Venusaur|41/100\n|-damage|p2b: Milotic|43/100\n|\n|-weather|Sandstorm|[upkeep]\n|-damage|p2b: Milotic|38/100|[from] Sandstorm\n|-damage|p1a: Venusaur|35/100|[from] Sandstorm\n|upkeep\n|turn|5\n|\n|t:|1776198159\n|move|p2a: Aerodactyl|Rock Slide|p1a: Venusaur|[spread] p1a,p1b\n|-resisted|p1b: Garchomp|1\n|-damage|p1a: Venusaur|4/100\n|-damage|p1b: Garchomp|0 fnt\n|faint|p1b: Garchomp\n|move|p2b: Milotic|Icy Wind|p1a: Venusaur\n|-supereffective|p1a: Venusaur|1\n|-damage|p1a: Venusaur|0 fnt\n|faint|p1a: Venusaur\n|\n|-weather|none\n|upkeep\n|\n|t:|1776198163\n|switch|p1b: Incineroar|Incineroar, L50, F, shiny|30/100\n|switch|p1a: Charizard|Charizard, L50, M, shiny|100/100\n|-ability|p1b: Incineroar|Intimidate|boost\n|-unboost|p2a: Aerodactyl|atk|1\n|-unboost|p2b: Milotic|atk|1\n|-ability|p2b: Milotic|Competitive|boost\n|-boost|p2b: Milotic|spa|2\n|turn|6\n|-message|k0haru forfeited.\n|\n|win|thattube\n|raw|k0haru's rating: 1093 &rarr; <strong>1067</strong><br />(-26 for losing)\n|raw|thattube's rating: 1061 &rarr; <strong>1095</strong><br />(+34 for winning)\n|l|\u2606k0haru\n|player|p1|\n",
  "uploadtime": 1776198182,
  "views": 17,
  "formatid": "gen9championsvgc2026regma",
  "rating": 1067,
  "private": 0,
  "password": null
}