{
  "id": "gen9championsvgc2026regma-2583900880",
  "format": "[Gen 9 Champions] VGC 2026 Reg M-A",
  "players": [
    "yttep",
    "Thechienchien"
  ],
  "log": "|j|\u2606yttep\n|j|\u2606Thechienchien\n|t:|1776206721\n|gametype|doubles\n|player|p1|yttep|1|1309\n|player|p2|Thechienchien|1|1256\n|gen|9\n|tier|[Gen 9 Champions] VGC 2026 Reg M-A\n|rated|\n|rule|Species Clause: Limit one of each Pok\u00e9mon\n|rule|Item Clause: Limit 1 of each item\n|clearpoke\n|poke|p1|Archaludon, L50, F|\n|poke|p1|Pelipper, L50, F|\n|poke|p1|Greninja-*, L50, M|\n|poke|p1|Kingambit, L50, M|\n|poke|p1|Tinkaton, L50, F|\n|poke|p1|Kommo-o, L50, M|\n|poke|p2|Froslass, L50, F|\n|poke|p2|Mimikyu, L50, F|\n|poke|p2|Goodra-Hisui, L50, F|\n|poke|p2|Sneasler, L50, M|\n|poke|p2|Primarina, L50, M|\n|poke|p2|Incineroar, L50, F|\n|teampreview|4\n|inactive|Battle timer is ON: inactive players will automatically lose when time's up. (requested by Thechienchien)\n|\n|t:|1776206762\n|teamsize|p1|4\n|teamsize|p2|4\n|start\n|switch|p1a: Kingambit|Kingambit, L50, M, shiny|100/100\n|switch|p1b: Greninja|Greninja, L50, M, shiny|100/100\n|switch|p2a: Froslass|Froslass, L50, F|100/100\n|switch|p2b: Goodra|Goodra-Hisui, L50, F|100/100\n|turn|1\n|\n|t:|1776206786\n|detailschange|p2a: Froslass|Froslass-Mega, L50, F\n|-mega|p2a: Froslass|Froslass|Froslassite\n|-weather|Snowscape|[from] ability: Snow Warning|[of] p2a: Froslass\n|move|p1b: Greninja|Protect|p1b: Greninja\n|-start|p1b: Greninja|typechange|Normal|[from] ability: Protean\n|-singleturn|p1b: Greninja|Protect\n|move|p2a: Froslass|Aurora Veil|p2a: Froslass\n|-sidestart|p2: Thechienchien|move: Aurora Veil\n|move|p2b: Goodra|Shelter|p2b: Goodra\n|-boost|p2b: Goodra|def|2\n|move|p1a: Kingambit|Kowtow Cleave|p2a: Froslass\n|-supereffective|p2a: Froslass|1\n|-damage|p2a: Froslass|37/100\n|\n|-weather|Snowscape|[upkeep]\n|upkeep\n|turn|2\n|inactive|yttep has 30 seconds left.\n|\n|t:|1776206818\n|switch|p1b: Pelipper|Pelipper, L50, F, shiny|100/100\n|-weather|RainDance|[from] ability: Drizzle|[of] p1b: Pelipper\n|move|p1a: Kingambit|Protect|p1a: Kingambit\n|-singleturn|p1a: Kingambit|Protect\n|move|p2a: Froslass|Blizzard|p1a: Kingambit|[spread] p1b\n|-activate|p1a: Kingambit|move: Protect\n|-damage|p1b: Pelipper|37/100\n|move|p2b: Goodra|Body Press|p1a: Kingambit\n|-activate|p1a: Kingambit|move: Protect\n|\n|-weather|RainDance|[upkeep]\n|upkeep\n|turn|3\n|\n|t:|1776206834\n|switch|p2a: Primarina|Primarina, L50, M|100/100\n|move|p1b: Pelipper|Wide Guard|p1b: Pelipper\n|-singleturn|p1b: Pelipper|Wide Guard\n|move|p1a: Kingambit|Sucker Punch||[still]\n|-fail|p1a: Kingambit\n|move|p2b: Goodra|Body Press|p1a: Kingambit\n|-supereffective|p1a: Kingambit|2\n|-crit|p1a: Kingambit\n|-damage|p1a: Kingambit|0 fnt\n|faint|p1a: Kingambit\n|\n|-weather|RainDance|[upkeep]\n|upkeep\n|\n|t:|1776206837\n|switch|p1a: Archaludon|Archaludon, L50, F, shiny|100/100\n|turn|4\n|inactive|Thechienchien has 30 seconds left.\n|inactive|yttep has 30 seconds left.\n|\n|t:|1776206874\n|move|p1a: Archaludon|Draco Meteor|p2b: Goodra\n|-damage|p2b: Goodra|70/100\n|-unboost|p1a: Archaludon|spa|2\n|-enditem|p1a: Archaludon|White Herb\n|-clearnegativeboost|p1a: Archaludon|[silent]\n|move|p1b: Pelipper|Tailwind|p1b: Pelipper\n|-sidestart|p1: yttep|move: Tailwind\n|move|p2a: Primarina|Moonblast|p1a: Archaludon\n|-damage|p1a: Archaludon|26/100\n|-unboost|p1a: Archaludon|spa|1\n|move|p2b: Goodra|Body Press|p1a: Archaludon\n|-supereffective|p1a: Archaludon|1\n|-damage|p1a: Archaludon|0 fnt\n|faint|p1a: Archaludon\n|\n|-weather|RainDance|[upkeep]\n|-heal|p2b: Goodra|76/100|[from] item: Leftovers\n|upkeep\n|\n|t:|1776206885\n|switch|p1a: Greninja|Greninja, L50, M, shiny|100/100\n|turn|5\n|-message|yttep forfeited.\n|\n|win|Thechienchien\n|raw|yttep's rating: 1309 &rarr; <strong>1286</strong><br />(-23 for losing)\n|raw|Thechienchien's rating: 1256 &rarr; <strong>1285</strong><br />(+29 for winning)\n|l|\u2606yttep\n|player|p1|\n",
  "uploadtime": 1776206894,
  "views": 37,
  "formatid": "gen9championsvgc2026regma",
  "rating": 1285,
  "private": 0,
  "password": null
}