{
  "id": "gen9championsvgc2026regma-2583235743",
  "format": "[Gen 9 Champions] VGC 2026 Reg M-A",
  "players": [
    "fhhdshhs",
    "pokeeles"
  ],
  "log": "|j|\u2606fhhdshhs\n|j|\u2606pokeeles\n|t:|1776157934\n|gametype|doubles\n|player|p1|fhhdshhs|101|1000\n|player|p2|pokeeles|rosa|1063\n|gen|9\n|tier|[Gen 9 Champions] VGC 2026 Reg M-A\n|rated|\n|rule|Species Clause: Limit one of each Pok\u00e9mon\n|rule|Item Clause: Limit 1 of each item\n|clearpoke\n|poke|p1|Lopunny, L50, F|\n|poke|p1|Sableye, L50, M|\n|poke|p1|Zoroark-Hisui, L50, M|\n|poke|p1|Weavile, L50, F|\n|poke|p1|Whimsicott, L50, F|\n|poke|p1|Kommo-o, L50, M|\n|poke|p2|Hawlucha, L50, F|\n|poke|p2|Excadrill, L50, F|\n|poke|p2|Sinistcha, L50|\n|poke|p2|Basculegion, L50, M|\n|poke|p2|Incineroar, L50, M|\n|poke|p2|Rotom-Wash, L50|\n|teampreview|4\n|inactive|Battle timer is ON: inactive players will automatically lose when time's up. (requested by fhhdshhs)\n|\n|t:|1776157977\n|teamsize|p1|4\n|teamsize|p2|4\n|start\n|switch|p1a: Lopunny|Lopunny, L50, F, shiny|100/100\n|switch|p1b: Sableye|Sableye, L50, M, shiny|100/100\n|switch|p2a: Incineroar|Incineroar, L50, M, shiny|100/100\n|switch|p2b: Basculegion|Basculegion, L50, M|100/100\n|-ability|p2a: Incineroar|Intimidate|boost\n|-unboost|p1a: Lopunny|atk|1\n|-unboost|p1b: Sableye|atk|1\n|turn|1\n|\n|t:|1776157998\n|move|p1b: Sableye|Fake Out|p2a: Incineroar\n|-damage|p2a: Incineroar|95/100\n|move|p2b: Basculegion|Flip Turn|p1a: Lopunny\n|-damage|p1a: Lopunny|19/100\n|replace|p1a: Zoroark|Zoroark-Hisui, L50, M, shiny\n|-end|p1a: Zoroark|Illusion\n|\n|t:|1776158015\n|switch|p2b: Excadrill|Excadrill, L50, F|100/100|[from] Flip Turn\n|-ability|p2b: Excadrill|Mold Breaker\n|move|p1a: Zoroark|Shadow Ball|p2b: Excadrill\n|-damage|p2b: Excadrill|63/100\n|cant|p2a: Incineroar|flinch\n|\n|upkeep\n|turn|2\n|\n|t:|1776158034\n|move|p1b: Sableye|Helping Hand|p1a: Zoroark\n|-singleturn|p1a: Zoroark|Helping Hand|[of] p1b: Sableye\n|move|p2b: Excadrill|Protect|p2b: Excadrill\n|-singleturn|p2b: Excadrill|Protect\n|move|p1a: Zoroark|Hyper Beam|p2a: Incineroar\n|-damage|p2a: Incineroar|0 fnt\n|-mustrecharge|p1a: Zoroark\n|faint|p2a: Incineroar\n|\n|upkeep\n|\n|t:|1776158047\n|switch|p2a: Hawlucha|Hawlucha, L50, F|100/100\n|turn|3\n|\n|t:|1776158060\n|detailschange|p2a: Hawlucha|Hawlucha-Mega, L50, F\n|-mega|p2a: Hawlucha|Hawlucha|Hawluchanite\n|move|p1b: Sableye|Encore|p2b: Excadrill\n|-start|p2b: Excadrill|Encore\n|move|p2b: Excadrill|Protect||[still]\n|-fail|p2b: Excadrill\n|move|p2a: Hawlucha|Entrainment|p2b: Excadrill\n|-ability|p2b: Excadrill|No Guard|Mold Breaker|[from] move: Entrainment|[of] p2a: Hawlucha\n|cant|p1a: Zoroark|recharge\n|\n|upkeep\n|turn|4\n|\n|t:|1776158077\n|move|p2b: Excadrill|Protect|p2b: Excadrill\n|-singleturn|p2b: Excadrill|Protect\n|move|p1b: Sableye|Encore|p2a: Hawlucha\n|-start|p2a: Hawlucha|Encore\n|move|p2a: Hawlucha|Entrainment|p1a: Zoroark\n|-ability|p1a: Zoroark|No Guard|Illusion|[from] move: Entrainment|[of] p2a: Hawlucha\n|move|p1a: Zoroark|Hyper Voice|p2a: Hawlucha|[spread] p2a\n|-activate|p2b: Excadrill|move: Protect\n|-damage|p2a: Hawlucha|50/100\n|\n|upkeep\n|turn|5\n|\n|t:|1776158093\n|switch|p2a: Basculegion|Basculegion, L50, M|100/100\n|move|p1b: Sableye|Helping Hand|p1a: Zoroark\n|-singleturn|p1a: Zoroark|Helping Hand|[of] p1b: Sableye\n|move|p2b: Excadrill|Protect||[still]\n|-fail|p2b: Excadrill\n|move|p1a: Zoroark|Hyper Voice|p2b: Excadrill|[spread] p2b\n|-immune|p2a: Basculegion\n|-resisted|p2b: Excadrill|1\n|-damage|p2b: Excadrill|32/100\n|\n|-end|p2b: Excadrill|Encore\n|upkeep\n|turn|6\n|\n|t:|1776158113\n|move|p1a: Zoroark|Protect|p1a: Zoroark\n|-singleturn|p1a: Zoroark|Protect\n|move|p1b: Sableye|Encore|p2b: Excadrill\n|-start|p2b: Excadrill|Encore\n|move|p2b: Excadrill|Protect|p2b: Excadrill\n|-singleturn|p2b: Excadrill|Protect\n|move|p2a: Basculegion|Flip Turn|p1a: Zoroark\n|-activate|p1a: Zoroark|move: Protect\n|\n|upkeep\n|turn|7\n|\n|t:|1776158132\n|move|p2b: Excadrill|Protect|p2b: Excadrill\n|-singleturn|p2b: Excadrill|Protect\n|move|p1b: Sableye|Disable|p2a: Basculegion\n|-start|p2a: Basculegion|Disable|Flip Turn\n|cant|p2a: Basculegion|Disable|Flip Turn\n|move|p1a: Zoroark|Shadow Ball|p2a: Basculegion\n|-supereffective|p2a: Basculegion|1\n|-damage|p2a: Basculegion|5/100\n|\n|upkeep\n|turn|8\n|-message|pokeeles forfeited.\n|\n|win|fhhdshhs\n|raw|fhhdshhs's rating: 1000 &rarr; <strong>1047</strong><br />(+47 for winning)\n|raw|pokeeles's rating: 1063 &rarr; <strong>1040</strong><br />(-23 for losing)\n|l|\u2606pokeeles\n|player|p2|\n",
  "uploadtime": 1776158150,
  "views": 29,
  "formatid": "gen9championsvgc2026regma",
  "rating": 1040,
  "private": 0,
  "password": null
}