{
  "id": "gen9championsvgc2026regma-2588281544",
  "format": "[Gen 9 Champions] VGC 2026 Reg M-A",
  "players": [
    "Anditto612",
    "slothmaster009"
  ],
  "log": "|j|\u2606Anditto612\n|j|\u2606slothmaster009\n|t:|1776620680\n|gametype|doubles\n|player|p1|Anditto612|1|\n|player|p2|slothmaster009|101|\n|gen|9\n|tier|[Gen 9 Champions] VGC 2026 Reg M-A\n|rule|Species Clause: Limit one of each Pok\u00e9mon\n|rule|Item Clause: Limit 1 of each item\n|clearpoke\n|poke|p1|Typhlosion-Hisui, L50, M|\n|poke|p1|Whimsicott, L50, F|\n|poke|p1|Garchomp, L50, M|\n|poke|p1|Farigiraf, L50, F|\n|poke|p1|Primarina, L50, F|\n|poke|p1|Venusaur, L50, M|\n|poke|p2|Tyranitar, L50, F|\n|poke|p2|Reuniclus, L50, M|\n|poke|p2|Hatterene, L50, F|\n|poke|p2|Diggersby, L50, M|\n|poke|p2|Arcanine, L50, F|\n|poke|p2|Dragonite, L50, M|\n|teampreview|4\n|\n|t:|1776620714\n|teamsize|p1|4\n|teamsize|p2|4\n|start\n|switch|p1a: Garchomp|Garchomp, L50, M|100/100\n|switch|p1b: Faribel|Farigiraf, L50, F|100/100\n|switch|p2a: Tyranitar|Tyranitar, L50, F|100/100\n|switch|p2b: Diggersby|Diggersby, L50, M|100/100\n|-weather|Sandstorm|[from] ability: Sand Stream|[of] p2a: Tyranitar\n|turn|1\n|c|\u2606Anditto612|Mai brodel\n|c|\u2606Anditto612|Primera vez que veo a ese conejo\n|\n|t:|1776620748\n|move|p1a: Garchomp|Earthquake|p2b: Diggersby|[spread] p1b,p2a,p2b\n|-supereffective|p2a: Tyranitar|1\n|-damage|p1b: Faribel|70/100\n|-damage|p2a: Tyranitar|25/100\n|-damage|p2b: Diggersby|47/100\n|move|p2b: Diggersby|Rock Slide|p1a: Garchomp|[spread] p1a\n|-miss|p2b: Diggersby|p1b: Faribel\n|-resisted|p1a: Garchomp|1\n|-damage|p1a: Garchomp|91/100\n|move|p2a: Tyranitar|Knock Off|p1b: Faribel\n|-supereffective|p1b: Faribel|1\n|-damage|p1b: Faribel|0 fnt\n|-enditem|p1b: Faribel|Sitrus Berry|[from] move: Knock Off|[of] p2a: Tyranitar\n|faint|p1b: Faribel\n|\n|-weather|Sandstorm|[upkeep]\n|upkeep\n|\n|t:|1776620764\n|switch|p1b: Razor|Venusaur, L50, M|100/100\n|turn|2\n|c|\u2606Anditto612|El weso\n|\n|t:|1776620788\n|switch|p2a: Dragonite|Dragonite, L50, M|100/100\n|move|p1a: Garchomp|Earthquake|p2b: Diggersby|[spread] p1b,p2b\n|-immune|p2a: Dragonite\n|-crit|p1b: Razor\n|-damage|p1b: Razor|38/100\n|-damage|p2b: Diggersby|0 fnt\n|faint|p2b: Diggersby\n|move|p1b: Razor|Giga Drain|p2a: Dragonite\n|-resisted|p2a: Dragonite|2\n|-damage|p2a: Dragonite|96/100\n|-heal|p1b: Razor|40/100|[from] drain|[of] p2a: Dragonite\n|\n|-weather|Sandstorm|[upkeep]\n|-damage|p2a: Dragonite|90/100|[from] Sandstorm\n|-damage|p1b: Razor|34/100|[from] Sandstorm\n|upkeep\n|\n|t:|1776620804\n|switch|p2b: Reuniclus|Reuniclus, L50, M|100/100\n|turn|3\n|\n|t:|1776620829\n|detailschange|p2a: Dragonite|Dragonite-Mega, L50, M\n|-mega|p2a: Dragonite|Dragonite|Dragoninite\n|detailschange|p1b: Razor|Venusaur-Mega, L50, M\n|-mega|p1b: Razor|Venusaur|Venusaurite\n|move|p1a: Garchomp|Rock Slide|p2b: Reuniclus|[spread] p2a,p2b\n|-supereffective|p2a: Dragonite|1\n|-damage|p2a: Dragonite|54/100\n|-damage|p2b: Reuniclus|82/100\n|move|p2a: Dragonite|Air Slash|p1a: Garchomp\n|-damage|p1a: Garchomp|44/100\n|move|p1b: Razor|Sleep Powder|p2a: Dragonite\n|-status|p2a: Dragonite|slp|[from] move: Sleep Powder\n|cant|p2b: Reuniclus|flinch\n|\n|-weather|Sandstorm|[upkeep]\n|-damage|p2a: Dragonite|48/100 slp|[from] Sandstorm\n|-damage|p1b: Razor|28/100|[from] Sandstorm\n|upkeep\n|turn|4\n|\n|t:|1776620857\n|move|p1a: Garchomp|Rock Slide|p2a: Dragonite|[spread] p2a,p2b\n|-supereffective|p2a: Dragonite|1\n|-damage|p2a: Dragonite|14/100 slp\n|-damage|p2b: Reuniclus|65/100\n|cant|p2a: Dragonite|slp\n|move|p1b: Razor|Giga Drain|p2b: Reuniclus\n|-damage|p2b: Reuniclus|30/100\n|-heal|p1b: Razor|46/100|[from] drain|[of] p2b: Reuniclus\n|-enditem|p2b: Reuniclus|Sitrus Berry|[eat]\n|-heal|p2b: Reuniclus|55/100|[from] item: Sitrus Berry\n|move|p2b: Reuniclus|Psychic|p1b: Razor\n|-supereffective|p1b: Razor|1\n|-crit|p1b: Razor\n|-damage|p1b: Razor|0 fnt\n|faint|p1b: Razor\n|\n|-weather|Sandstorm|[upkeep]\n|-damage|p2a: Dragonite|8/100 slp|[from] Sandstorm\n|upkeep\n|\n|t:|1776620870\n|switch|p1b: Primarina|Primarina, L50, F|100/100\n|turn|5\n|\n|t:|1776620891\n|move|p1a: Garchomp|Rock Slide|p2a: Dragonite|[spread] p2a,p2b\n|-supereffective|p2a: Dragonite|1\n|-damage|p2a: Dragonite|0 fnt\n|-damage|p2b: Reuniclus|39/100\n|faint|p2a: Dragonite\n|move|p1b: Primarina|Hyper Voice|p2b: Reuniclus\n|-damage|p2b: Reuniclus|0 fnt\n|faint|p2b: Reuniclus\n|\n|-weather|none\n|upkeep\n|\n|t:|1776620904\n|switch|p2a: Tyranitar|Tyranitar, L50, F|25/100\n|-weather|Sandstorm|[from] ability: Sand Stream|[of] p2a: Tyranitar\n|turn|6\n|c|\u2606Anditto612|Te vengare Raz\u00f3n\n|\n|t:|1776620913\n|move|p1a: Garchomp|Dragon Claw|p2a: Tyranitar\n|-damage|p2a: Tyranitar|0 fnt\n|faint|p2a: Tyranitar\n|\n|win|Anditto612\n",
  "uploadtime": 1776620924,
  "views": 7,
  "formatid": "gen9championsvgc2026regma",
  "rating": null,
  "private": 0,
  "password": null
}