{
  "id": "gen9championsvgc2026regma-2584109016",
  "format": "[Gen 9 Champions] VGC 2026 Reg M-A",
  "players": [
    "Frostoren",
    "phan of phanpy"
  ],
  "log": "|j|\u2606Frostoren\n|j|\u2606phan of phanpy\n|t:|1776226088\n|gametype|doubles\n|player|p1|Frostoren|102|1211\n|player|p2|phan of phanpy|pokemaniac|1226\n|gen|9\n|tier|[Gen 9 Champions] VGC 2026 Reg M-A\n|rated|\n|rule|Species Clause: Limit one of each Pok\u00e9mon\n|rule|Item Clause: Limit 1 of each item\n|clearpoke\n|poke|p1|Victreebel, L50, M|\n|poke|p1|Meowstic, L50, M|\n|poke|p1|Gallade, L50, M|\n|poke|p1|Incineroar, L50, M|\n|poke|p1|Clawitzer, L50, F|\n|poke|p1|Chandelure, L50, F|\n|poke|p2|Froslass, L50, F|\n|poke|p2|Palafin, L50, F|\n|poke|p2|Arcanine-Hisui, L50, M|\n|poke|p2|Sinistcha-Masterpiece, L50|\n|poke|p2|Kingambit, L50, M|\n|poke|p2|Sneasler, L50, M|\n|teampreview|4\n|\n|t:|1776226116\n|teamsize|p1|4\n|teamsize|p2|4\n|start\n|switch|p1a: Meowstic|Meowstic, L50, M|100/100\n|switch|p1b: Victreebel|Victreebel, L50, M, shiny|100/100\n|switch|p2a: Froslass|Froslass, L50, F|100/100\n|switch|p2b: Palafin|Palafin, L50, F, shiny|100/100\n|turn|1\n|\n|t:|1776226144\n|detailschange|p2b: Palafin|Palafin-Hero, L50, F, shiny\n|switch|p2b: Sinistcha|Sinistcha-Masterpiece, L50|100/100\n|detailschange|p2a: Froslass|Froslass-Mega, L50, F\n|-mega|p2a: Froslass|Froslass|Froslassite\n|-weather|Snowscape|[from] ability: Snow Warning|[of] p2a: Froslass\n|move|p1b: Victreebel|Protect|p1b: Victreebel\n|-singleturn|p1b: Victreebel|Protect\n|move|p1a: Meowstic|Thunder Wave|p2b: Sinistcha\n|-status|p2b: Sinistcha|par\n|move|p2a: Froslass|Blizzard|p1a: Meowstic|[spread] p1a\n|-activate|p1b: Victreebel|move: Protect\n|-damage|p1a: Meowstic|62/100\n|\n|-weather|Snowscape|[upkeep]\n|upkeep\n|turn|2\n|\n|t:|1776226160\n|switch|p1b: Chandelure|Chandelure, L50, F|100/100\n|move|p2b: Sinistcha|Rage Powder|p2b: Sinistcha\n|-singleturn|p2b: Sinistcha|move: Rage Powder\n|move|p1a: Meowstic|Rain Dance|p1a: Meowstic\n|-weather|RainDance\n|move|p2a: Froslass|Blizzard|p1a: Meowstic|[spread] \n|-miss|p2a: Froslass|p1a: Meowstic\n|-miss|p2a: Froslass|p1b: Chandelure\n|\n|-weather|RainDance|[upkeep]\n|upkeep\n|turn|3\n|\n|t:|1776226178\n|switch|p1a: Victreebel|Victreebel, L50, M, shiny|100/100\n|move|p2b: Sinistcha|Rage Powder|p2b: Sinistcha\n|-singleturn|p2b: Sinistcha|move: Rage Powder\n|move|p2a: Froslass|Shadow Ball|p1b: Chandelure\n|-supereffective|p1b: Chandelure|1\n|-damage|p1b: Chandelure|21/100\n|move|p1b: Chandelure|Trick Room|p1b: Chandelure\n|-fieldstart|move: Trick Room|[of] p1b: Chandelure\n|\n|-weather|RainDance|[upkeep]\n|upkeep\n|turn|4\n|\n|t:|1776226197\n|switch|p2b: Palafin|Palafin-Hero, L50, F, shiny|100/100\n|-activate|p2b: Palafin|ability: Zero to Hero\n|switch|p1b: Clawitzer|Clawitzer, L50, F|100/100\n|switch|p2a: Kingambit|Kingambit, L50, M, shiny|100/100\n|detailschange|p1a: Victreebel|Victreebel-Mega, L50, M, shiny\n|-mega|p1a: Victreebel|Victreebel|Victreebelite\n|move|p1a: Victreebel|Sludge Bomb|p2b: Palafin\n|-damage|p2b: Palafin|45/100\n|\n|-weather|RainDance|[upkeep]\n|upkeep\n|turn|5\n|\n|t:|1776226240\n|switch|p2a: Sinistcha|Sinistcha-Masterpiece, L50|100/100 par\n|-heal|p2b: Palafin|69/100|[from] ability: Hospitality|[of] p2a: Sinistcha\n|switch|p2b: Froslass|Froslass-Mega, L50, F|100/100\n|-weather|Snowscape|[from] ability: Snow Warning|[of] p2b: Froslass\n|move|p1b: Clawitzer|Aura Sphere|p2a: Sinistcha\n|-immune|p2a: Sinistcha\n|move|p1a: Victreebel|Giga Drain|p2b: Froslass\n|-damage|p2b: Froslass|43/100\n|\n|-weather|Snowscape|[upkeep]\n|upkeep\n|turn|6\n|\n|t:|1776226262\n|move|p2b: Froslass|Protect|p2b: Froslass\n|-singleturn|p2b: Froslass|Protect\n|move|p2a: Sinistcha|Matcha Gotcha|p1a: Victreebel|[spread] p1a,p1b\n|-resisted|p1a: Victreebel|2\n|-supereffective|p1b: Clawitzer|1\n|-damage|p1a: Victreebel|95/100\n|-damage|p1b: Clawitzer|56/100\n|move|p1b: Clawitzer|Water Pulse|p2a: Sinistcha\n|-resisted|p2a: Sinistcha|1\n|-damage|p2a: Sinistcha|80/100 par\n|move|p1a: Victreebel|Giga Drain|p2b: Froslass\n|-activate|p2b: Froslass|move: Protect\n|\n|-weather|Snowscape|[upkeep]\n|upkeep\n|turn|7\n|\n|t:|1776226274\n|switch|p1b: Chandelure|Chandelure, L50, F|21/100\n|switch|p2b: Kingambit|Kingambit, L50, M, shiny|100/100\n|move|p2a: Sinistcha|Matcha Gotcha|p1a: Victreebel|[spread] p1a,p1b\n|-resisted|p1a: Victreebel|2\n|-resisted|p1b: Chandelure|1\n|-damage|p1a: Victreebel|89/100\n|-heal|p2a: Sinistcha|84/100 par|[from] drain|[of] p1a: Victreebel\n|-damage|p1b: Chandelure|9/100\n|-heal|p2a: Sinistcha|90/100 par|[from] drain|[of] p1b: Chandelure\n|move|p1a: Victreebel|Giga Drain|p2b: Kingambit\n|-resisted|p2b: Kingambit|1\n|-damage|p2b: Kingambit|80/100\n|-heal|p1a: Victreebel|99/100|[from] drain|[of] p2b: Kingambit\n|\n|-weather|Snowscape|[upkeep]\n|-fieldend|move: Trick Room\n|upkeep\n|turn|8\n|\n|t:|1776226301\n|move|p2a: Sinistcha|Rage Powder|p2a: Sinistcha\n|-singleturn|p2a: Sinistcha|move: Rage Powder\n|move|p1b: Chandelure|Will-O-Wisp||[still]\n|-fail|p1b: Chandelure\n|move|p1a: Victreebel|Weather Ball|p2a: Sinistcha\n|-supereffective|p2a: Sinistcha|1\n|-damage|p2a: Sinistcha|19/100 par\n|-enditem|p2a: Sinistcha|Sitrus Berry|[eat]\n|-heal|p2a: Sinistcha|44/100 par|[from] item: Sitrus Berry\n|move|p2b: Kingambit|Swords Dance|p2b: Kingambit\n|-boost|p2b: Kingambit|atk|2\n|\n|-weather|Snowscape|[upkeep]\n|upkeep\n|turn|9\n|\n|t:|1776226324\n|move|p2a: Sinistcha|Rage Powder|p2a: Sinistcha\n|-singleturn|p2a: Sinistcha|move: Rage Powder\n|move|p1b: Chandelure|Shadow Ball|p2a: Sinistcha\n|-supereffective|p2a: Sinistcha|1\n|-damage|p2a: Sinistcha|0 fnt\n|faint|p2a: Sinistcha\n|move|p1a: Victreebel|Weather Ball|p2b: Kingambit\n|-resisted|p2b: Kingambit|1\n|-damage|p2b: Kingambit|60/100\n|move|p2b: Kingambit|Kowtow Cleave|p1b: Chandelure\n|-supereffective|p1b: Chandelure|1\n|-damage|p1b: Chandelure|0 fnt\n|faint|p1b: Chandelure\n|\n|-weather|none\n|upkeep\n|\n|t:|1776226334\n|switch|p1b: Meowstic|Meowstic, L50, M|62/100\n|switch|p2a: Froslass|Froslass-Mega, L50, F|43/100\n|-weather|Snowscape|[from] ability: Snow Warning|[of] p2a: Froslass\n|turn|10\n|\n|t:|1776226340\n|move|p2a: Froslass|Protect|p2a: Froslass\n|-singleturn|p2a: Froslass|Protect\n|move|p1b: Meowstic|Thunder Wave|p2a: Froslass\n|-activate|p2a: Froslass|move: Protect\n|move|p1a: Victreebel|Giga Drain|p2a: Froslass\n|-activate|p2a: Froslass|move: Protect\n|move|p2b: Kingambit|Kowtow Cleave|p1b: Meowstic\n|-supereffective|p1b: Meowstic|1\n|-damage|p1b: Meowstic|0 fnt\n|faint|p1b: Meowstic\n|\n|-weather|Snowscape|[upkeep]\n|upkeep\n|\n|t:|1776226342\n|switch|p1b: Clawitzer|Clawitzer, L50, F|56/100\n|turn|11\n|\n|t:|1776226356\n|move|p1a: Victreebel|Protect|p1a: Victreebel\n|-singleturn|p1a: Victreebel|Protect\n|move|p2b: Kingambit|Sucker Punch|p1b: Clawitzer\n|-damage|p1b: Clawitzer|0 fnt\n|faint|p1b: Clawitzer\n|move|p2a: Froslass|Blizzard|p1a: Victreebel\n|-activate|p1a: Victreebel|move: Protect\n|\n|-weather|Snowscape|[upkeep]\n|upkeep\n|turn|12\n|-message|Frostoren forfeited.\n|\n|win|phan of phanpy\n|raw|Frostoren's rating: 1211 &rarr; <strong>1187</strong><br />(-24 for losing)\n|raw|phan of phanpy's rating: 1226 &rarr; <strong>1250</strong><br />(+24 for winning)\n|l|\u2606Frostoren\n|player|p1|\n",
  "uploadtime": 1776226371,
  "views": 21,
  "formatid": "gen9championsvgc2026regma",
  "rating": 1187,
  "private": 0,
  "password": null
}