{
  "id": "gen9championsvgc2026regma-2585858133",
  "format": "[Gen 9 Champions] VGC 2026 Reg M-A",
  "players": [
    "campeondelfitness",
    "ThunderSkills811"
  ],
  "log": "|j|\u2606campeondelfitness\n|j|\u2606ThunderSkills811\n|t:|1776376056\n|gametype|doubles\n|player|p1|campeondelfitness|swimmer|1232\n|player|p2|ThunderSkills811|ethan|1202\n|gen|9\n|tier|[Gen 9 Champions] VGC 2026 Reg M-A\n|rated|\n|rule|Species Clause: Limit one of each Pok\u00e9mon\n|rule|Item Clause: Limit 1 of each item\n|clearpoke\n|poke|p1|Tyranitar, L50, M|\n|poke|p1|Garchomp, L50, M|\n|poke|p1|Heliolisk, L50, M|\n|poke|p1|Rotom-Heat, L50|\n|poke|p1|Orthworm, L50, M|\n|poke|p1|Aerodactyl, L50, M|\n|poke|p2|Pelipper, L50, F|\n|poke|p2|Archaludon, L50, F|\n|poke|p2|Basculegion, L50, M|\n|poke|p2|Sneasler, L50, F|\n|poke|p2|Dragonite, L50, F|\n|poke|p2|Rotom-Heat, L50|\n|teampreview|4\n|inactive|Battle timer is ON: inactive players will automatically lose when time's up. (requested by campeondelfitness)\n|c|\u2606ThunderSkills811|glhf\n|\n|t:|1776376081\n|teamsize|p1|4\n|teamsize|p2|4\n|start\n|switch|p1a: Heliolisk|Heliolisk, L50, M|100/100\n|switch|p1b: Orthworm|Orthworm, L50, M|100/100\n|switch|p2a: Sneasler|Sneasler, L50, F|100/100\n|switch|p2b: Rotom|Rotom-Heat, L50|100/100\n|turn|1\n|inactive|campeondelfitness has 30 seconds left.\n|inactive|campeondelfitness has 20 seconds left.\n|\n|t:|1776376119\n|switch|p1a: Tyranitar|Tyranitar, L50, M|100/100\n|-weather|Sandstorm|[from] ability: Sand Stream|[of] p1a: Tyranitar\n|switch|p1b: Garchomp|Garchomp, L50, M|100/100\n|move|p2a: Sneasler|Fake Out|p1a: Tyranitar\n|-resisted|p1a: Tyranitar|1\n|-damage|p1a: Tyranitar|95/100\n|move|p2b: Rotom|Trick||[still]\n|-fail|p2b: Rotom\n|\n|-weather|Sandstorm|[upkeep]\n|-damage|p2b: Rotom|95/100|[from] Sandstorm\n|-damage|p2a: Sneasler|95/100|[from] Sandstorm\n|upkeep\n|turn|2\n|inactive|campeondelfitness has 30 seconds left.\n|inactive|campeondelfitness has 20 seconds left.\n|\n|t:|1776376160\n|switch|p2b: Archaludon|Archaludon, L50, F|100/100\n|detailschange|p1b: Garchomp|Garchomp-Mega, L50, M\n|-mega|p1b: Garchomp|Garchomp|Garchompite\n|move|p1a: Tyranitar|Protect|p1a: Tyranitar\n|-singleturn|p1a: Tyranitar|Protect\n|move|p2a: Sneasler|Close Combat|p1a: Tyranitar\n|-activate|p1a: Tyranitar|move: Protect\n|move|p1b: Garchomp|Earthquake|p2b: Archaludon|[spread] p2a,p2b\n|-activate|p1a: Tyranitar|move: Protect\n|-supereffective|p2a: Sneasler|1\n|-supereffective|p2b: Archaludon|1\n|-damage|p2a: Sneasler|0 fnt\n|-damage|p2b: Archaludon|17/100\n|-ability|p2b: Archaludon|Stamina|boost\n|-boost|p2b: Archaludon|def|1\n|faint|p2a: Sneasler\n|\n|-weather|Sandstorm|[upkeep]\n|-heal|p2b: Archaludon|23/100|[from] item: Leftovers\n|upkeep\n|\n|t:|1776376169\n|switch|p2a: Pelipper|Pelipper, L50, F|100/100\n|-weather|RainDance|[from] ability: Drizzle|[of] p2a: Pelipper\n|turn|3\n|inactive|campeondelfitness has 30 seconds left.\n|\n|t:|1776376203\n|switch|p1a: Orthworm|Orthworm, L50, M|100/100\n|move|p2b: Archaludon|Protect|p2b: Archaludon\n|-singleturn|p2b: Archaludon|Protect\n|move|p1b: Garchomp|Earthquake|p2a: Pelipper|[spread] \n|-activate|p2b: Archaludon|move: Protect\n|-immune|p1a: Orthworm|[from] ability: Earth Eater\n|-immune|p2a: Pelipper\n|move|p2a: Pelipper|Tailwind|p2a: Pelipper\n|-sidestart|p2: ThunderSkills811|move: Tailwind\n|\n|-weather|RainDance|[upkeep]\n|-heal|p2b: Archaludon|29/100|[from] item: Leftovers\n|upkeep\n|turn|4\n|inactive|campeondelfitness has 30 seconds left.\n|inactive|campeondelfitness has 20 seconds left.\n|inactive|campeondelfitness has 15 seconds left.\n|inactive|campeondelfitness has 10 seconds left.\n|\n|t:|1776376249\n|switch|p1b: Heliolisk|Heliolisk, L50, M|100/100\n|switch|p1a: Tyranitar|Tyranitar, L50, M|95/100\n|-weather|Sandstorm|[from] ability: Sand Stream|[of] p1a: Tyranitar\n|move|p2a: Pelipper|Hurricane|p1b: Heliolisk|[miss]\n|-miss|p2a: Pelipper|p1b: Heliolisk\n|move|p2b: Archaludon|Dragon Pulse|p1b: Heliolisk\n|-damage|p1b: Heliolisk|47/100\n|\n|-weather|Sandstorm|[upkeep]\n|-damage|p2a: Pelipper|95/100|[from] Sandstorm\n|-heal|p2b: Archaludon|36/100|[from] item: Leftovers\n|upkeep\n|turn|5\n|inactive|campeondelfitness has 30 seconds left.\n|\n|t:|1776376278\n|switch|p2a: Rotom|Rotom-Heat, L50|95/100\n|switch|p1a: Garchomp|Garchomp-Mega, L50, M|100/100\n|move|p2b: Archaludon|Protect|p2b: Archaludon\n|-singleturn|p2b: Archaludon|Protect\n|move|p1b: Heliolisk|Volt Switch|p2a: Rotom\n|-resisted|p2a: Rotom|1\n|-damage|p2a: Rotom|75/100\n|\n|t:|1776376290\n|switch|p1b: Tyranitar|Tyranitar, L50, M|95/100|[from] Volt Switch\n|\n|-weather|Sandstorm|[upkeep]\n|-damage|p2a: Rotom|70/100|[from] Sandstorm\n|-heal|p2b: Archaludon|42/100|[from] item: Leftovers\n|upkeep\n|turn|6\n|\n|t:|1776376303\n|move|p2a: Rotom|Thunderbolt|p1b: Tyranitar\n|-damage|p1b: Tyranitar|72/100\n|move|p2b: Archaludon|Dragon Pulse|p1a: Garchomp\n|-supereffective|p1a: Garchomp|1\n|-crit|p1a: Garchomp\n|-damage|p1a: Garchomp|0 fnt\n|faint|p1a: Garchomp\n|move|p1b: Tyranitar|Knock Off|p2b: Archaludon\n|-damage|p2b: Archaludon|21/100\n|-ability|p2b: Archaludon|Stamina|boost\n|-boost|p2b: Archaludon|def|1\n|-enditem|p2b: Archaludon|Leftovers|[from] move: Knock Off|[of] p1b: Tyranitar\n|\n|-weather|Sandstorm|[upkeep]\n|-damage|p2a: Rotom|64/100|[from] Sandstorm\n|-sideend|p2: ThunderSkills811|move: Tailwind\n|upkeep\n|\n|t:|1776376316\n|switch|p1a: Heliolisk|Heliolisk, L50, M|47/100\n|turn|7\n|\n|t:|1776376327\n|move|p2a: Rotom|Thunderbolt|p1b: Tyranitar\n|-crit|p1b: Tyranitar\n|-damage|p1b: Tyranitar|34/100\n|move|p1a: Heliolisk|Volt Switch|p2b: Archaludon\n|-resisted|p2b: Archaludon|1\n|-damage|p2b: Archaludon|6/100\n|-ability|p2b: Archaludon|Stamina|boost\n|-boost|p2b: Archaludon|def|1\n|\n|t:|1776376335\n|switch|p1a: Orthworm|Orthworm, L50, M|100/100|[from] Volt Switch\n|move|p2b: Archaludon|Flash Cannon|p1b: Tyranitar\n|-supereffective|p1b: Tyranitar|1\n|-damage|p1b: Tyranitar|0 fnt\n|faint|p1b: Tyranitar\n|\n|-weather|Sandstorm|[upkeep]\n|-damage|p2a: Rotom|59/100|[from] Sandstorm\n|upkeep\n|\n|t:|1776376343\n|switch|p1b: Heliolisk|Heliolisk, L50, M|47/100\n|turn|8\n|\n|t:|1776376355\n|move|p2b: Archaludon|Protect|p2b: Archaludon\n|-singleturn|p2b: Archaludon|Protect\n|move|p2a: Rotom|Thunderbolt|p1b: Heliolisk|[miss]\n|-miss|p2a: Rotom|p1b: Heliolisk\n|move|p1b: Heliolisk|Hyper Voice|p2a: Rotom|[spread] p2a\n|-activate|p2b: Archaludon|move: Protect\n|-damage|p2a: Rotom|19/100\n|move|p1a: Orthworm|Iron Defense|p1a: Orthworm\n|-boost|p1a: Orthworm|def|2\n|\n|-weather|none\n|upkeep\n|turn|9\n|\n|t:|1776376374\n|move|p2b: Archaludon|Protect||[still]\n|-fail|p2b: Archaludon\n|move|p2a: Rotom|Thunderbolt|p1b: Heliolisk\n|-resisted|p1b: Heliolisk|1\n|-damage|p1b: Heliolisk|15/100\n|move|p1b: Heliolisk|Hyper Voice|p2b: Archaludon|[spread] p2a,p2b\n|-resisted|p2b: Archaludon|1\n|-damage|p2a: Rotom|0 fnt\n|-damage|p2b: Archaludon|0 fnt\n|faint|p2a: Rotom\n|faint|p2b: Archaludon\n|move|p1a: Orthworm|Body Press|p2: Rotom|[notarget]\n|-fail|p1a: Orthworm\n|\n|upkeep\n|\n|t:|1776376377\n|switch|p2b: Pelipper|Pelipper, L50, F|95/100\n|-weather|RainDance|[from] ability: Drizzle|[of] p2b: Pelipper\n|turn|10\n|\n|t:|1776376398\n|move|p1b: Heliolisk|Volt Switch|p2b: Pelipper\n|-supereffective|p2b: Pelipper|2\n|-damage|p2b: Pelipper|0 fnt\n|faint|p2b: Pelipper\n|\n|win|campeondelfitness\n|raw|campeondelfitness's rating: 1232 &rarr; <strong>1255</strong><br />(+23 for winning)\n|raw|ThunderSkills811's rating: 1202 &rarr; <strong>1179</strong><br />(-23 for losing)\n|l|\u2606ThunderSkills811\n|player|p2|\n",
  "uploadtime": 1776376406,
  "views": 33,
  "formatid": "gen9championsvgc2026regma",
  "rating": 1179,
  "private": 0,
  "password": null
}