{
  "id": "gen9championsvgc2026regma-2586721015",
  "format": "[Gen 9 Champions] VGC 2026 Reg M-A",
  "players": [
    "catpotatt",
    "Pikimin Troiner"
  ],
  "log": "|j|\u2606catpotatt\n|j|\u2606Pikimin Troiner\n|t:|1776454747\n|gametype|doubles\n|player|p1|catpotatt|roxie|1388\n|player|p2|Pikimin Troiner|2|1309\n|gen|9\n|tier|[Gen 9 Champions] VGC 2026 Reg M-A\n|rated|\n|rule|Species Clause: Limit one of each Pok\u00e9mon\n|rule|Item Clause: Limit 1 of each item\n|clearpoke\n|poke|p1|Basculegion, L50, M|\n|poke|p1|Floette-Eternal, L50, F|\n|poke|p1|Talonflame, L50, M|\n|poke|p1|Garchomp, L50, F|\n|poke|p1|Gardevoir, L50, M|\n|poke|p1|Rotom-Heat, L50|\n|poke|p2|Milotic, L50, F|\n|poke|p2|Sinistcha, L50|\n|poke|p2|Incineroar, L50, M|\n|poke|p2|Froslass, L50, F|\n|poke|p2|Aegislash, L50, F|\n|poke|p2|Aerodactyl, L50, F|\n|teampreview|4\n|inactive|Battle timer is ON: inactive players will automatically lose when time's up. (requested by Pikimin Troiner)\n|\n|t:|1776454818\n|teamsize|p1|4\n|teamsize|p2|4\n|start\n|switch|p1a: Basculegion|Basculegion, L50, M|100/100\n|switch|p1b: Talonflame|Talonflame, L50, M|100/100\n|switch|p2a: Froslass|Froslass, L50, F|100/100\n|switch|p2b: Incineroar|Incineroar, L50, M|100/100\n|-ability|p2b: Incineroar|Intimidate|boost\n|-unboost|p1a: Basculegion|atk|1\n|-unboost|p1b: Talonflame|atk|1\n|turn|1\n|inactive|Pikimin Troiner has 30 seconds left.\n|inactive|Pikimin Troiner has 20 seconds left.\n|inactive|Pikimin Troiner has 15 seconds left.\n|inactive|Pikimin Troiner has 10 seconds left.\n|\n|t:|1776454865\n|detailschange|p2a: Froslass|Froslass-Mega, L50, F\n|-mega|p2a: Froslass|Froslass|Froslassite\n|-weather|Snowscape|[from] ability: Snow Warning|[of] p2a: Froslass\n|move|p1b: Talonflame|Protect|p1b: Talonflame\n|-singleturn|p1b: Talonflame|Protect\n|move|p2b: Incineroar|Fake Out|p1b: Talonflame\n|-activate|p1b: Talonflame|move: Protect\n|move|p1a: Basculegion|Flip Turn|p2b: Incineroar\n|-supereffective|p2b: Incineroar|1\n|-damage|p2b: Incineroar|65/100\n|\n|t:|1776454874\n|switch|p1a: Floette|Floette-Eternal, L50, F|100/100|[from] Flip Turn\n|move|p2a: Froslass|Shadow Ball|p1a: Floette\n|-damage|p1a: Floette|61/100\n|\n|-weather|Snowscape|[upkeep]\n|upkeep\n|turn|2\n|inactive|catpotatt has 30 seconds left.\n|\n|t:|1776454900\n|detailschange|p1a: Floette|Floette-Mega, L50, F\n|-mega|p1a: Floette|Floette|Floettite\n|-ability|p1a: Floette|Fairy Aura\n|move|p1b: Talonflame|Tailwind|p1b: Talonflame\n|-sidestart|p1: catpotatt|move: Tailwind\n|move|p1a: Floette|Moonblast|p2b: Incineroar\n|-damage|p2b: Incineroar|0 fnt\n|faint|p2b: Incineroar\n|move|p2a: Froslass|Blizzard|p1b: Talonflame|[spread] p1a,p1b\n|-damage|p1a: Floette|23/100\n|-damage|p1b: Talonflame|35/100\n|\n|-weather|Snowscape|[upkeep]\n|upkeep\n|\n|t:|1776454921\n|switch|p2b: Milotic|Milotic, L50, F|100/100\n|turn|3\n|\n|t:|1776454930\n|move|p1b: Talonflame|Overheat|p2a: Froslass\n|-supereffective|p2a: Froslass|1\n|-damage|p2a: Froslass|21/100\n|-unboost|p1b: Talonflame|spa|2\n|move|p1a: Floette|Moonblast|p2b: Milotic\n|-damage|p2b: Milotic|51/100\n|move|p2a: Froslass|Shadow Ball|p1a: Floette\n|-damage|p1a: Floette|0 fnt\n|faint|p1a: Floette\n|move|p2b: Milotic|Scald|p1b: Talonflame\n|-supereffective|p1b: Talonflame|1\n|-damage|p1b: Talonflame|0 fnt\n|faint|p1b: Talonflame\n|\n|-weather|Snowscape|[upkeep]\n|-heal|p2b: Milotic|57/100|[from] item: Leftovers\n|upkeep\n|\n|t:|1776454939\n|switch|p1b: Garchomp|Garchomp, L50, F|100/100\n|switch|p1a: Basculegion|Basculegion, L50, M|100/100\n|turn|4\n|\n|t:|1776454956\n|move|p2a: Froslass|Protect|p2a: Froslass\n|-singleturn|p2a: Froslass|Protect\n|move|p2b: Milotic|Protect|p2b: Milotic\n|-singleturn|p2b: Milotic|Protect\n|move|p1a: Basculegion|Last Respects|p2b: Milotic\n|-activate|p2b: Milotic|move: Protect\n|move|p1b: Garchomp|Dragon Claw|p2a: Froslass\n|-activate|p2a: Froslass|move: Protect\n|\n|-weather|Snowscape|[upkeep]\n|-heal|p2b: Milotic|63/100|[from] item: Leftovers\n|upkeep\n|turn|5\n|\n|t:|1776454971\n|move|p2a: Froslass|Protect||[still]\n|-fail|p2a: Froslass\n|move|p2b: Milotic|Protect|p2b: Milotic\n|-singleturn|p2b: Milotic|Protect\n|move|p1a: Basculegion|Last Respects|p2b: Milotic\n|-activate|p2b: Milotic|move: Protect\n|move|p1b: Garchomp|Dragon Claw|p2a: Froslass\n|-damage|p2a: Froslass|0 fnt\n|faint|p2a: Froslass\n|\n|-weather|none\n|-heal|p2b: Milotic|69/100|[from] item: Leftovers\n|-sideend|p1: catpotatt|move: Tailwind\n|upkeep\n|\n|t:|1776454977\n|switch|p2a: Aegislash|Aegislash, L50, F|100/100\n|turn|6\n|\n|t:|1776454993\n|move|p1a: Basculegion|Last Respects|p2b: Milotic\n|-crit|p2b: Milotic\n|-damage|p2b: Milotic|0 fnt\n|faint|p2b: Milotic\n|move|p1b: Garchomp|Earthquake|p2a: Aegislash|[spread] p1a,p2a\n|-supereffective|p2a: Aegislash|1\n|-damage|p1a: Basculegion|52/100\n|-damage|p2a: Aegislash|39/100\n|-formechange|p2a: Aegislash|Aegislash-Blade|\n|move|p2a: Aegislash|Poltergeist|p1a: Basculegion\n|-activate|p1a: Basculegion|move: Poltergeist|Choice Scarf\n|-supereffective|p1a: Basculegion|1\n|-damage|p1a: Basculegion|0 fnt\n|faint|p1a: Basculegion\n|\n|upkeep\n|turn|7\n|\n|t:|1776455006\n|-formechange|p2a: Aegislash|Aegislash|\n|move|p2a: Aegislash|King's Shield|p2a: Aegislash\n|-singleturn|p2a: Aegislash|Protect\n|move|p1b: Garchomp|Earthquake|p2a: Aegislash\n|-activate|p2a: Aegislash|move: Protect\n|\n|upkeep\n|turn|8\n|\n|t:|1776455010\n|move|p1b: Garchomp|Earthquake|p2a: Aegislash\n|-supereffective|p2a: Aegislash|1\n|-damage|p2a: Aegislash|0 fnt\n|faint|p2a: Aegislash\n|\n|win|catpotatt\n|raw|catpotatt's rating: 1388 &rarr; <strong>1404</strong><br />(+16 for winning)\n|raw|Pikimin Troiner's rating: 1309 &rarr; <strong>1293</strong><br />(-16 for losing)\n|c|\u2606catpotatt|gg\n|l|\u2606Pikimin Troiner\n|player|p2|\n",
  "uploadtime": 1776455015,
  "views": 47,
  "formatid": "gen9championsvgc2026regma",
  "rating": 1293,
  "private": 0,
  "password": null
}