{
  "id": "gen9championsvgc2026regma-2581522685",
  "format": "[Gen 9 Champions] VGC 2026 Reg M-A",
  "players": [
    "lswolf",
    "HubbleKuo"
  ],
  "log": "|j|\u2606lswolf\n|j|\u2606HubbleKuo\n|t:|1776007974\n|gametype|doubles\n|player|p1|lswolf|102|1029\n|player|p2|HubbleKuo|boarder|1002\n|gen|9\n|tier|[Gen 9 Champions] VGC 2026 Reg M-A\n|rated|\n|rule|Species Clause: Limit one of each Pok\u00e9mon\n|rule|Item Clause: Limit 1 of each item\n|clearpoke\n|poke|p1|Sableye, L50, M|\n|poke|p1|Orthworm, L50, F|\n|poke|p1|Garchomp, L50, F|\n|poke|p1|Aerodactyl, L50, F|\n|poke|p1|Excadrill, L50, F|\n|poke|p1|Oranguru, L50, M|\n|poke|p2|Floette-Eternal, L50, F|\n|poke|p2|Incineroar, L50, F|\n|poke|p2|Volcarona, L50, M|\n|poke|p2|Sinistcha, L50|\n|poke|p2|Sneasler, L50, F|\n|poke|p2|Garchomp, L50, F|\n|teampreview|4\n|inactive|Battle timer is ON: inactive players will automatically lose when time's up. (requested by HubbleKuo)\n|\n|t:|1776008012\n|teamsize|p1|4\n|teamsize|p2|4\n|start\n|switch|p1a: Aerodactyl|Aerodactyl, L50, F|100/100\n|switch|p1b: Orthworm|Orthworm, L50, F|100/100\n|switch|p2a: Incineroar|Incineroar, L50, F|100/100\n|switch|p2b: Floette|Floette-Eternal, L50, F|100/100\n|-ability|p2a: Incineroar|Intimidate|boost\n|-unboost|p1a: Aerodactyl|atk|1\n|-unboost|p1b: Orthworm|atk|1\n|turn|1\n|inactive|lswolf has 30 seconds left.\n|\n|t:|1776008038\n|switch|p2b: Volcarona|Volcarona, L50, M|100/100\n|move|p1a: Aerodactyl|Tailwind|p1a: Aerodactyl\n|-sidestart|p1: lswolf|move: Tailwind\n|move|p1b: Orthworm|Shed Tail|p1b: Orthworm\n|-start|p1b: Orthworm|Substitute|[from] move: Shed Tail\n|-damage|p1b: Orthworm|50/100\n|-enditem|p1b: Orthworm|Sitrus Berry|[eat]\n|-heal|p1b: Orthworm|75/100|[from] item: Sitrus Berry\n|\n|t:|1776008046\n|switch|p1b: Garchomp|Garchomp, L50, F|100/100|[from] Shed Tail\n|move|p2a: Incineroar|Darkest Lariat|p1b: Garchomp\n|-end|p1b: Garchomp|Substitute\n|\n|upkeep\n|turn|2\n|\n|t:|1776008062\n|detailschange|p1b: Garchomp|Garchomp-Mega, L50, F\n|-mega|p1b: Garchomp|Garchomp|Garchompite\n|move|p1a: Aerodactyl|Rock Slide|p2a: Incineroar|[spread] p2a,p2b\n|-supereffective|p2a: Incineroar|1\n|-supereffective|p2b: Volcarona|2\n|-damage|p2a: Incineroar|77/100\n|-damage|p2b: Volcarona|38/100\n|-enditem|p2b: Volcarona|Sitrus Berry|[eat]\n|-heal|p2b: Volcarona|63/100|[from] item: Sitrus Berry\n|move|p1b: Garchomp|Swords Dance|p1b: Garchomp\n|-boost|p1b: Garchomp|atk|2\n|cant|p2b: Volcarona|flinch\n|move|p2a: Incineroar|Parting Shot|p1b: Garchomp\n|-unboost|p1b: Garchomp|atk|1\n|-unboost|p1b: Garchomp|spa|1\n|\n|t:|1776008075\n|switch|p2a: Sinistcha|Sinistcha, L50|100/100|[from] Parting Shot\n|-heal|p2b: Volcarona|88/100|[from] ability: Hospitality|[of] p2a: Sinistcha\n|\n|upkeep\n|turn|3\n|\n|t:|1776008088\n|switch|p2b: Incineroar|Incineroar, L50, F|77/100\n|-ability|p2b: Incineroar|Intimidate|boost\n|-unboost|p1a: Aerodactyl|atk|1\n|-unboost|p1b: Garchomp|atk|1\n|move|p1a: Aerodactyl|Rock Slide|p2a: Sinistcha|[spread] p2a,p2b\n|-supereffective|p2b: Incineroar|1\n|-damage|p2a: Sinistcha|92/100\n|-damage|p2b: Incineroar|58/100\n|move|p1b: Garchomp|Swords Dance|p1b: Garchomp\n|-boost|p1b: Garchomp|atk|2\n|cant|p2a: Sinistcha|flinch\n|\n|upkeep\n|turn|4\n|\n|t:|1776008102\n|move|p2b: Incineroar|Fake Out|p1b: Garchomp\n|-damage|p1b: Garchomp|91/100\n|move|p1a: Aerodactyl|Rock Slide|p2a: Sinistcha|[spread] p2a,p2b\n|-supereffective|p2b: Incineroar|1\n|-damage|p2a: Sinistcha|81/100\n|-damage|p2b: Incineroar|40/100\n|cant|p1b: Garchomp|flinch\n|move|p2a: Sinistcha|Trick Room|p2a: Sinistcha\n|-fieldstart|move: Trick Room|[of] p2a: Sinistcha\n|\n|-sideend|p1: lswolf|move: Tailwind\n|upkeep\n|turn|5\n|inactive|lswolf has 30 seconds left.\n|\n|t:|1776008128\n|move|p2b: Incineroar|Parting Shot|p1b: Garchomp\n|-unboost|p1b: Garchomp|atk|1\n|-unboost|p1b: Garchomp|spa|1\n|\n|t:|1776008136\n|switch|p2b: Floette|Floette-Eternal, L50, F|100/100|[from] Parting Shot\n|move|p2a: Sinistcha|Matcha Gotcha|p1b: Garchomp|[spread] p1a,p1b\n|-damage|p1a: Aerodactyl|64/100\n|-heal|p2a: Sinistcha|98/100|[from] drain|[of] p1a: Aerodactyl\n|-damage|p1b: Garchomp|66/100\n|-heal|p2a: Sinistcha|100/100|[from] drain|[of] p1b: Garchomp\n|move|p1b: Garchomp|Dragon Claw|p2a: Sinistcha\n|-damage|p2a: Sinistcha|44/100\n|move|p1a: Aerodactyl|Rock Slide|p2b: Floette|[spread] \n|-miss|p1a: Aerodactyl|p2a: Sinistcha\n|-miss|p1a: Aerodactyl|p2b: Floette\n|\n|upkeep\n|turn|6\n|\n|t:|1776008159\n|switch|p2a: Incineroar|Incineroar, L50, F|40/100\n|-ability|p2a: Incineroar|Intimidate|boost\n|-unboost|p1a: Aerodactyl|atk|1\n|-unboost|p1b: Garchomp|atk|1\n|detailschange|p2b: Floette|Floette-Mega, L50, F\n|-mega|p2b: Floette|Floette|Floettite\n|-ability|p2b: Floette|Fairy Aura\n|move|p1b: Garchomp|Protect|p1b: Garchomp\n|-singleturn|p1b: Garchomp|Protect\n|move|p1a: Aerodactyl|Protect|p1a: Aerodactyl\n|-singleturn|p1a: Aerodactyl|Protect\n|move|p2b: Floette|Calm Mind|p2b: Floette\n|-boost|p2b: Floette|spa|1\n|-boost|p2b: Floette|spd|1\n|\n|upkeep\n|turn|7\n|\n|t:|1776008183\n|switch|p1a: Orthworm|Orthworm, L50, F|75/100\n|move|p1b: Garchomp|Protect||[still]\n|-fail|p1b: Garchomp\n|move|p2a: Incineroar|Fake Out|p1b: Garchomp\n|-damage|p1b: Garchomp|57/100\n|move|p2b: Floette|Calm Mind|p2b: Floette\n|-boost|p2b: Floette|spa|1\n|-boost|p2b: Floette|spd|1\n|\n|upkeep\n|turn|8\n|\n|t:|1776008205\n|move|p1b: Garchomp|Protect|p1b: Garchomp\n|-singleturn|p1b: Garchomp|Protect\n|move|p2a: Incineroar|Parting Shot|p1a: Orthworm\n|-unboost|p1a: Orthworm|atk|1\n|-unboost|p1a: Orthworm|spa|1\n|\n|t:|1776008210\n|switch|p2a: Volcarona|Volcarona, L50, M|88/100|[from] Parting Shot\n|move|p1a: Orthworm|Shed Tail|p1a: Orthworm\n|-start|p1a: Orthworm|Substitute|[from] move: Shed Tail\n|-damage|p1a: Orthworm|25/100\n|\n|t:|1776008216\n|switch|p1a: Excadrill|Excadrill, L50, F|100/100|[from] Shed Tail\n|move|p2b: Floette|Dazzling Gleam|p1b: Garchomp|[spread] p1a\n|-activate|p1b: Garchomp|move: Protect\n|-resisted|p1a: Excadrill|1\n|-end|p1a: Excadrill|Substitute\n|\n|-fieldend|move: Trick Room\n|upkeep\n|turn|9\n|inactive|lswolf has 30 seconds left.\n|\n|t:|1776008245\n|switch|p2a: Incineroar|Incineroar, L50, F|40/100\n|-ability|p2a: Incineroar|Intimidate|boost\n|-unboost|p1a: Excadrill|atk|1\n|-unboost|p1b: Garchomp|atk|1\n|move|p1a: Excadrill|Protect|p1a: Excadrill\n|-singleturn|p1a: Excadrill|Protect\n|move|p1b: Garchomp|Earthquake|p2a: Incineroar|[spread] p2a,p2b\n|-activate|p1a: Excadrill|move: Protect\n|-supereffective|p2a: Incineroar|1\n|-enditem|p2a: Incineroar|Shuca Berry|[eat]\n|-enditem|p2a: Incineroar|Shuca Berry|[weaken]\n|-damage|p2a: Incineroar|18/100\n|-damage|p2b: Floette|74/100\n|move|p2b: Floette|Dazzling Gleam|p1b: Garchomp|[spread] p1b\n|-activate|p1a: Excadrill|move: Protect\n|-supereffective|p1b: Garchomp|1\n|-damage|p1b: Garchomp|0 fnt\n|faint|p1b: Garchomp\n|\n|upkeep\n|\n|t:|1776008261\n|switch|p1b: Aerodactyl|Aerodactyl, L50, F|64/100\n|turn|10\n|\n|t:|1776008268\n|move|p2a: Incineroar|Fake Out|p1a: Excadrill\n|-resisted|p1a: Excadrill|1\n|-damage|p1a: Excadrill|93/100\n|move|p1b: Aerodactyl|Rock Slide|p2a: Incineroar|[spread] p2a,p2b\n|-supereffective|p2a: Incineroar|1\n|-damage|p2a: Incineroar|0 fnt\n|-damage|p2b: Floette|50/100\n|faint|p2a: Incineroar\n|cant|p1a: Excadrill|flinch\n|cant|p2b: Floette|flinch\n|\n|upkeep\n|\n|t:|1776008279\n|switch|p2a: Sinistcha|Sinistcha, L50|44/100\n|-heal|p2b: Floette|75/100|[from] ability: Hospitality|[of] p2a: Sinistcha\n|turn|11\n|\n|t:|1776008303\n|move|p1a: Excadrill|Protect|p1a: Excadrill\n|-singleturn|p1a: Excadrill|Protect\n|move|p2b: Floette|Protect|p2b: Floette\n|-singleturn|p2b: Floette|Protect\n|move|p1b: Aerodactyl|Rock Slide|p2a: Sinistcha|[spread] p2a\n|-activate|p2b: Floette|move: Protect\n|-damage|p2a: Sinistcha|25/100\n|move|p2a: Sinistcha|Trick Room|p2a: Sinistcha\n|-fieldstart|move: Trick Room|[of] p2a: Sinistcha\n|\n|upkeep\n|turn|12\n|\n|t:|1776008322\n|switch|p2a: Volcarona|Volcarona, L50, M|88/100\n|move|p1b: Aerodactyl|Protect|p1b: Aerodactyl\n|-singleturn|p1b: Aerodactyl|Protect\n|move|p2b: Floette|Draining Kiss|p1b: Aerodactyl\n|-activate|p1b: Aerodactyl|move: Protect\n|move|p1a: Excadrill|Iron Head|p2b: Floette\n|-supereffective|p2b: Floette|1\n|-damage|p2b: Floette|14/100\n|\n|upkeep\n|turn|13\n|\n|t:|1776008338\n|switch|p1b: Orthworm|Orthworm, L50, F|25/100\n|move|p2a: Volcarona|Rage Powder|p2a: Volcarona\n|-singleturn|p2a: Volcarona|move: Rage Powder\n|move|p2b: Floette|Dazzling Gleam|p1b: Orthworm|[spread] p1a,p1b\n|-resisted|p1a: Excadrill|1\n|-resisted|p1b: Orthworm|1\n|-damage|p1a: Excadrill|29/100\n|-damage|p1b: Orthworm|0 fnt\n|faint|p1b: Orthworm\n|move|p1a: Excadrill|Earthquake|p2b: Floette|[spread] p2a,p2b\n|-damage|p2a: Volcarona|58/100\n|-damage|p2b: Floette|0 fnt\n|faint|p2b: Floette\n|\n|upkeep\n|\n|t:|1776008350\n|switch|p1b: Aerodactyl|Aerodactyl, L50, F|64/100\n|switch|p2b: Sinistcha|Sinistcha, L50|25/100\n|-heal|p2a: Volcarona|83/100|[from] ability: Hospitality|[of] p2b: Sinistcha\n|turn|14\n|\n|t:|1776008369\n|move|p2a: Volcarona|Protect|p2a: Volcarona\n|-singleturn|p2a: Volcarona|Protect\n|move|p1a: Excadrill|Protect|p1a: Excadrill\n|-singleturn|p1a: Excadrill|Protect\n|move|p1b: Aerodactyl|Protect|p1b: Aerodactyl\n|-singleturn|p1b: Aerodactyl|Protect\n|move|p2b: Sinistcha|Matcha Gotcha|p1b: Aerodactyl|[spread] \n|-activate|p1a: Excadrill|move: Protect\n|-activate|p1b: Aerodactyl|move: Protect\n|\n|upkeep\n|turn|15\n|\n|t:|1776008386\n|move|p1a: Excadrill|Protect||[still]\n|-fail|p1a: Excadrill\n|move|p1b: Aerodactyl|Protect|p1b: Aerodactyl\n|-singleturn|p1b: Aerodactyl|Protect\n|move|p2b: Sinistcha|Matcha Gotcha|p1a: Excadrill|[spread] \n|-activate|p1b: Aerodactyl|move: Protect\n|-miss|p2b: Sinistcha|p1a: Excadrill\n|move|p2a: Volcarona|Overheat|p1b: Aerodactyl\n|-activate|p1b: Aerodactyl|move: Protect\n|\n|-fieldend|move: Trick Room\n|upkeep\n|turn|16\n|\n|t:|1776008403\n|move|p1b: Aerodactyl|Rock Slide|p2b: Sinistcha|[spread] p2a,p2b\n|-supereffective|p2a: Volcarona|2\n|-damage|p2a: Volcarona|0 fnt\n|-damage|p2b: Sinistcha|6/100\n|faint|p2a: Volcarona\n|move|p1a: Excadrill|Earthquake|p2b: Sinistcha|[spread] p2b\n|-immune|p1b: Aerodactyl\n|-resisted|p2b: Sinistcha|1\n|-damage|p2b: Sinistcha|0 fnt\n|faint|p2b: Sinistcha\n|\n|win|lswolf\n|raw|lswolf's rating: 1029 &rarr; <strong>1062</strong><br />(+33 for winning)\n|raw|HubbleKuo's rating: 1002 &rarr; <strong>1000</strong><br />(-2 for losing)\n|l|\u2606HubbleKuo\n|player|p2|\n",
  "uploadtime": 1776008415,
  "views": 22,
  "formatid": "gen9championsvgc2026regma",
  "rating": 1000,
  "private": 0,
  "password": null
}