{
  "id": "gen9championsvgc2026regma-2581784452",
  "format": "[Gen 9 Champions] VGC 2026 Reg M-A",
  "players": [
    "jyotsha",
    "soundless_wind"
  ],
  "log": "|j|\u2606jyotsha\n|j|\u2606soundless_wind\n|t:|1776028156\n|gametype|doubles\n|player|p1|jyotsha|169|1268\n|player|p2|soundless_wind|dragontamer|1175\n|gen|9\n|tier|[Gen 9 Champions] VGC 2026 Reg M-A\n|rated|\n|rule|Species Clause: Limit one of each Pok\u00e9mon\n|rule|Item Clause: Limit 1 of each item\n|clearpoke\n|poke|p1|Froslass, L50, F|\n|poke|p1|Maushold, L50|\n|poke|p1|Glimmora, L50, F|\n|poke|p1|Weavile, L50, F|\n|poke|p1|Corviknight, L50, F|\n|poke|p1|Mudsdale, L50, F|\n|poke|p2|Pelipper, L50, M|\n|poke|p2|Archaludon, L50, M|\n|poke|p2|Whimsicott, L50, F|\n|poke|p2|Charizard, L50, M|\n|poke|p2|Venusaur, L50, M|\n|poke|p2|Dragonite, L50, M|\n|teampreview|4\n|inactive|Battle timer is ON: inactive players will automatically lose when time's up. (requested by jyotsha)\n|inactive|jyotsha has 60 seconds left.\n|\n|t:|1776028196\n|teamsize|p1|4\n|teamsize|p2|4\n|start\n|switch|p1a: Froslass|Froslass, L50, F|100/100\n|switch|p1b: Weavile|Weavile, L50, F|100/100\n|switch|p2a: Charizard|Charizard, L50, M|100/100\n|switch|p2b: Venusaur|Venusaur, L50, M|100/100\n|turn|1\n|\n|t:|1776028211\n|detailschange|p2a: Charizard|Charizard-Mega-Y, L50, M\n|-mega|p2a: Charizard|Charizard|Charizardite Y\n|-weather|SunnyDay|[from] ability: Drought|[of] p2a: Charizard\n|move|p1a: Froslass|Protect|p1a: Froslass\n|-singleturn|p1a: Froslass|Protect\n|move|p1b: Weavile|Fake Out|p2a: Charizard\n|-damage|p2a: Charizard|82/100\n|move|p2b: Venusaur|Sleep Powder|p1b: Weavile|[miss]\n|-miss|p2b: Venusaur|p1b: Weavile\n|cant|p2a: Charizard|flinch\n|\n|-weather|SunnyDay|[upkeep]\n|upkeep\n|turn|2\n|inactive|jyotsha has 30 seconds left.\n|\n|t:|1776028238\n|detailschange|p1a: Froslass|Froslass-Mega, L50, F\n|-mega|p1a: Froslass|Froslass|Froslassite\n|-weather|Snowscape|[from] ability: Snow Warning|[of] p1a: Froslass\n|move|p1b: Weavile|Triple Axel|p2a: Charizard\n|-damage|p2a: Charizard|68/100\n|-hitcount|p2a: Charizard|1\n|move|p2a: Charizard|Flamethrower|p1b: Weavile\n|-supereffective|p1b: Weavile|1\n|-damage|p1b: Weavile|0 fnt\n|faint|p1b: Weavile\n|move|p1a: Froslass|Blizzard|p2a: Charizard|[spread] p2a,p2b\n|-supereffective|p2b: Venusaur|1\n|-damage|p2a: Charizard|23/100\n|-damage|p2b: Venusaur|11/100\n|-status|p2b: Venusaur|frz\n|cant|p2b: Venusaur|frz\n|\n|-weather|Snowscape|[upkeep]\n|-heal|p2b: Venusaur|17/100 frz|[from] item: Leftovers\n|upkeep\n|\n|t:|1776028258\n|switch|p1b: Mudsdale|Mudsdale, L50, F|100/100\n|turn|3\n|\n|t:|1776028279\n|switch|p2b: Whimsicott|Whimsicott, L50, F|100/100\n|move|p2a: Charizard|Protect|p2a: Charizard\n|-singleturn|p2a: Charizard|Protect\n|move|p1a: Froslass|Aurora Veil|p1a: Froslass\n|-sidestart|p1: jyotsha|move: Aurora Veil\n|move|p1b: Mudsdale|Stone Edge|p2a: Charizard\n|-activate|p2a: Charizard|move: Protect\n|\n|-weather|Snowscape|[upkeep]\n|upkeep\n|turn|4\n|\n|t:|1776028300\n|switch|p1a: Maushold|Maushold, L50|100/100\n|move|p2b: Whimsicott|Sunny Day|p2b: Whimsicott\n|-weather|SunnyDay\n|move|p2a: Charizard|Flamethrower|p1a: Maushold\n|-damage|p1a: Maushold|30/100\n|move|p1b: Mudsdale|Stone Edge|p2a: Charizard\n|-supereffective|p2a: Charizard|2\n|-damage|p2a: Charizard|0 fnt\n|faint|p2a: Charizard\n|\n|-weather|SunnyDay|[upkeep]\n|upkeep\n|\n|t:|1776028314\n|switch|p2a: Dragonite|Dragonite, L50, M|100/100\n|turn|5\n|\n|t:|1776028329\n|move|p2b: Whimsicott|Moonblast|p1b: Mudsdale\n|-damage|p1b: Mudsdale|88/100\n|-ability|p1b: Mudsdale|Stamina|boost\n|-boost|p1b: Mudsdale|def|1\n|move|p1a: Maushold|Super Fang|p2a: Dragonite\n|-damage|p2a: Dragonite|50/100\n|move|p2a: Dragonite|Weather Ball|p1a: Maushold\n|-damage|p1a: Maushold|0 fnt\n|faint|p1a: Maushold\n|move|p1b: Mudsdale|Stone Edge|p2a: Dragonite\n|-supereffective|p2a: Dragonite|1\n|-damage|p2a: Dragonite|0 fnt\n|faint|p2a: Dragonite\n|\n|-weather|SunnyDay|[upkeep]\n|upkeep\n|\n|t:|1776028343\n|switch|p1a: Froslass|Froslass-Mega, L50, F|100/100\n|switch|p2a: Venusaur|Venusaur, L50, M|17/100 frz\n|-weather|Snowscape|[from] ability: Snow Warning|[of] p1a: Froslass\n|turn|6\n|\n|t:|1776028359\n|move|p2b: Whimsicott|Sunny Day|p2b: Whimsicott\n|-weather|SunnyDay\n|-curestatus|p2a: Venusaur|frz|[msg]\n|move|p2a: Venusaur|Giga Drain|p1b: Mudsdale\n|-supereffective|p1b: Mudsdale|1\n|-damage|p1b: Mudsdale|53/100\n|-heal|p2a: Venusaur|41/100|[from] drain|[of] p1b: Mudsdale\n|-ability|p1b: Mudsdale|Stamina|boost\n|-boost|p1b: Mudsdale|def|1\n|move|p1a: Froslass|Blizzard|p2a: Venusaur|[spread] p2b\n|-miss|p1a: Froslass|p2a: Venusaur\n|-supereffective|p2b: Whimsicott|1\n|-damage|p2b: Whimsicott|0 fnt\n|faint|p2b: Whimsicott\n|move|p1b: Mudsdale|Stone Edge|p2a: Venusaur\n|-damage|p2a: Venusaur|4/100\n|\n|-weather|SunnyDay|[upkeep]\n|-heal|p2a: Venusaur|9/100|[from] item: Leftovers\n|upkeep\n|turn|7\n|\n|t:|1776028380\n|move|p2a: Venusaur|Protect|p2a: Venusaur\n|-singleturn|p2a: Venusaur|Protect\n|move|p1a: Froslass|Shadow Ball|p2a: Venusaur\n|-activate|p2a: Venusaur|move: Protect\n|move|p1b: Mudsdale|High Horsepower|p2a: Venusaur\n|-activate|p2a: Venusaur|move: Protect\n|\n|-weather|SunnyDay|[upkeep]\n|-heal|p2a: Venusaur|15/100|[from] item: Leftovers\n|-sideend|p1: jyotsha|move: Aurora Veil\n|upkeep\n|turn|8\n|\n|t:|1776028394\n|move|p2a: Venusaur|Giga Drain|p1b: Mudsdale\n|-supereffective|p1b: Mudsdale|1\n|-damage|p1b: Mudsdale|0 fnt\n|-heal|p2a: Venusaur|50/100|[from] drain|[of] p1b: Mudsdale\n|faint|p1b: Mudsdale\n|move|p1a: Froslass|Shadow Ball|p2a: Venusaur\n|-damage|p2a: Venusaur|3/100\n|-unboost|p2a: Venusaur|spd|1\n|\n|-weather|SunnyDay|[upkeep]\n|-heal|p2a: Venusaur|9/100|[from] item: Leftovers\n|upkeep\n|turn|9\n|\n|t:|1776028408\n|move|p1a: Froslass|Protect|p1a: Froslass\n|-singleturn|p1a: Froslass|Protect\n|move|p2a: Venusaur|Sleep Powder|p1a: Froslass\n|-activate|p1a: Froslass|move: Protect\n|\n|-weather|SunnyDay|[upkeep]\n|-heal|p2a: Venusaur|15/100|[from] item: Leftovers\n|upkeep\n|turn|10\n|\n|t:|1776028418\n|move|p2a: Venusaur|Sleep Powder|p1a: Froslass|[miss]\n|-miss|p2a: Venusaur|p1a: Froslass\n|move|p1a: Froslass|Shadow Ball|p2a: Venusaur\n|-damage|p2a: Venusaur|0 fnt\n|faint|p2a: Venusaur\n|\n|win|jyotsha\n|raw|jyotsha's rating: 1268 &rarr; <strong>1286</strong><br />(+18 for winning)\n|raw|soundless_wind's rating: 1175 &rarr; <strong>1157</strong><br />(-18 for losing)\n",
  "uploadtime": 1776028418,
  "views": 14,
  "formatid": "gen9championsvgc2026regma",
  "rating": 1157,
  "private": 0,
  "password": null
}