{
  "id": "gen9championsvgc2026regma-2580686862",
  "format": "[Gen 9 Champions] VGC 2026 Reg M-A",
  "players": [
    "Zelda04",
    "stakanaka"
  ],
  "log": "|j|\u2606Zelda04\n|j|\u2606stakanaka\n|t:|1775924271\n|gametype|doubles\n|player|p1|Zelda04|169|1016\n|player|p2|stakanaka|brock|1040\n|gen|9\n|tier|[Gen 9 Champions] VGC 2026 Reg M-A\n|rated|\n|rule|Species Clause: Limit one of each Pok\u00e9mon\n|rule|Item Clause: Limit 1 of each item\n|clearpoke\n|poke|p1|Kingambit, L50, M|\n|poke|p1|Rotom-Wash, L50|\n|poke|p1|Froslass, L50, F|\n|poke|p1|Farigiraf, L50, F|\n|poke|p1|Kangaskhan, L50, F|\n|poke|p1|Whimsicott, L50, M|\n|poke|p2|Golurk, L50|\n|poke|p2|Incineroar, L50, M|\n|poke|p2|Gallade, L50, M|\n|poke|p2|Whimsicott, L50, F|\n|poke|p2|Chandelure, L50, F|\n|poke|p2|Oranguru, L50, M|\n|teampreview|4\n|c|\u2606stakanaka|glhf\n|c|\u2606Zelda04|glhf\nstakanaka has agreed to open team sheets.\n|\n|t:|1775924307\n|teamsize|p1|4\n|teamsize|p2|4\n|start\n|switch|p1a: Kangaskhan|Kangaskhan, L50, F|100/100\n|switch|p1b: Kingambit|Kingambit, L50, M|100/100\n|switch|p2a: wolfeyVGC|Incineroar, L50, M|100/100\n|switch|p2b: karate kid|Gallade, L50, M|100/100\n|-ability|p2a: wolfeyVGC|Intimidate|boost\n|-fail|p1a: Kangaskhan|unboost|Attack|[from] ability: Inner Focus|[of] p1a: Kangaskhan\n|-unboost|p1b: Kingambit|atk|1\n|-ability|p1b: Kingambit|Defiant|boost\n|-boost|p1b: Kingambit|atk|2\n|turn|1\n|\n|t:|1775924333\n|detailschange|p1a: Kangaskhan|Kangaskhan-Mega, L50, F\n|-mega|p1a: Kangaskhan|Kangaskhan|Kangaskhanite\n|move|p1a: Kangaskhan|Fake Out|p2a: wolfeyVGC\n|-damage|p2a: wolfeyVGC|78/100\n|-damage|p2a: wolfeyVGC|73/100\n|-hitcount|p2a: wolfeyVGC|2\n|cant|p2a: wolfeyVGC|flinch\n|move|p1b: Kingambit|Sucker Punch|p2b: karate kid\n|-damage|p2b: karate kid|0 fnt\n|faint|p2b: karate kid\n|\n|upkeep\n|c|\u2606stakanaka|holy shit\n|\n|t:|1775924347\n|switch|p2b: super sayan|Golurk, L50, shiny|100/100\n|turn|2\n|\n|t:|1775924360\n|move|p1b: Kingambit|Protect|p1b: Kingambit\n|-singleturn|p1b: Kingambit|Protect\n|move|p2b: super sayan|Protect|p2b: super sayan\n|-singleturn|p2b: super sayan|Protect\n|move|p1a: Kangaskhan|Drain Punch|p2a: wolfeyVGC\n|-supereffective|p2a: wolfeyVGC|1\n|-damage|p2a: wolfeyVGC|15/100\n|-supereffective|p2a: wolfeyVGC|1\n|-damage|p2a: wolfeyVGC|1/100\n|-hitcount|p2a: wolfeyVGC|2\n|move|p2a: wolfeyVGC|Flare Blitz|p1b: Kingambit\n|-activate|p1b: Kingambit|move: Protect\n|\n|upkeep\n|turn|3\n|c|\u2606Zelda04|clutch\n|c|\u2606stakanaka|I'm cooked anyways\n|\n|t:|1775924390\n|switch|p2b: monkey business|Oranguru, L50, M|100/100\n|move|p1b: Kingambit|Sucker Punch||[still]\n|-fail|p1b: Kingambit\n|move|p1a: Kangaskhan|Body Slam|p2a: wolfeyVGC\n|-damage|p2a: wolfeyVGC|0 fnt\n|faint|p2a: wolfeyVGC\n|-hitcount|p2: wolfeyVGC|1\n|\n|upkeep\n|\n|t:|1775924398\n|switch|p2a: super sayan|Golurk, L50, shiny|100/100\n|turn|4\n|\n|t:|1775924416\n|detailschange|p2a: super sayan|Golurk-Mega, L50, shiny\n|-mega|p2a: super sayan|Golurk|Golurkite\n|move|p2b: monkey business|Protect|p2b: monkey business\n|-singleturn|p2b: monkey business|Protect\n|move|p1a: Kangaskhan|Body Slam|p2b: monkey business\n|-activate|p2b: monkey business|move: Protect\n|move|p1b: Kingambit|Kowtow Cleave|p2b: monkey business\n|-activate|p2b: monkey business|move: Protect\n|move|p2a: super sayan|Headlong Rush|p1b: Kingambit\n|-supereffective|p1b: Kingambit|1\n|-damage|p1b: Kingambit|0 fnt\n|-unboost|p2a: super sayan|def|1\n|-unboost|p2a: super sayan|spd|1\n|faint|p1b: Kingambit\n|\n|upkeep\n|c|\u2606stakanaka|called it\n|\n|t:|1775924434\n|switch|p1b: Rotom|Rotom-Wash, L50|100/100\n|turn|5\n|\n|t:|1775924448\n|move|p2a: super sayan|Protect|p2a: super sayan\n|-singleturn|p2a: super sayan|Protect\n|move|p1a: Kangaskhan|Body Slam|p2b: monkey business\n|-damage|p2b: monkey business|59/100\n|-status|p2b: monkey business|par\n|-damage|p2b: monkey business|50/100 par\n|-hitcount|p2b: monkey business|2\n|move|p1b: Rotom|Hydro Pump|p2a: super sayan\n|-activate|p2a: super sayan|move: Protect\n|move|p2b: monkey business|Trick Room|p2b: monkey business\n|-fieldstart|move: Trick Room|[of] p2b: monkey business\n|\n|upkeep\n|turn|6\n|\n|t:|1775924467\n|switch|p1a: Whimsicott|Whimsicott, L50, M|100/100\n|move|p1b: Rotom|Protect|p1b: Rotom\n|-singleturn|p1b: Rotom|Protect\n|cant|p2b: monkey business|par\n|move|p2a: super sayan|Poltergeist|p1b: Rotom\n|-activate|p1b: Rotom|move: Protect\n|\n|upkeep\n|turn|7\n|\n|t:|1775924490\n|move|p2b: monkey business|Foul Play|p1b: Rotom\n|-damage|p1b: Rotom|85/100\n|move|p2a: super sayan|Poltergeist|p1b: Rotom\n|-activate|p1b: Rotom|move: Poltergeist|Sitrus Berry\n|-damage|p1b: Rotom|4/100\n|-enditem|p1b: Rotom|Sitrus Berry|[eat]\n|-heal|p1b: Rotom|29/100|[from] item: Sitrus Berry\n|move|p1b: Rotom|Volt Switch|p2b: monkey business\n|-damage|p2b: monkey business|26/100 par\n|\n|t:|1775924500\n|switch|p1b: Kangaskhan|Kangaskhan-Mega, L50, F|100/100|[from] Volt Switch\n|move|p1a: Whimsicott|Moonblast|p2b: monkey business\n|-damage|p2b: monkey business|3/100 par\n|\n|upkeep\n|turn|8\n|c|\u2606stakanaka|come on brooooo\n|\n|t:|1775924532\n|move|p2b: monkey business|Protect|p2b: monkey business\n|-singleturn|p2b: monkey business|Protect\n|move|p1a: Whimsicott|Encore|p2b: monkey business\n|-activate|p2b: monkey business|move: Protect\n|move|p2a: super sayan|Earthquake|p1a: Whimsicott|[spread] p1a,p1b\n|-activate|p2b: monkey business|move: Protect\n|-resisted|p1a: Whimsicott|1\n|-damage|p1a: Whimsicott|68/100\n|-damage|p1b: Kangaskhan|58/100\n|move|p1b: Kangaskhan|Rock Tomb|p2a: super sayan\n|-resisted|p2a: super sayan|1\n|-damage|p2a: super sayan|86/100\n|-unboost|p2a: super sayan|spe|1\n|-resisted|p2a: super sayan|1\n|-damage|p2a: super sayan|83/100\n|-unboost|p2a: super sayan|spe|1\n|-hitcount|p2a: super sayan|2\n|\n|upkeep\n|turn|9\n|\n|t:|1775924559\n|move|p2a: super sayan|Poltergeist|p1a: Whimsicott\n|-activate|p1a: Whimsicott|move: Poltergeist|Focus Sash\n|-damage|p1a: Whimsicott|0 fnt\n|faint|p1a: Whimsicott\n|cant|p2b: monkey business|par\n|move|p1b: Kangaskhan|Drain Punch|p2b: monkey business\n|-damage|p2b: monkey business|0 fnt\n|-heal|p1b: Kangaskhan|59/100|[from] drain|[of] p2b: monkey business\n|faint|p2b: monkey business\n|-hitcount|p2: monkey business|1\n|\n|-fieldend|move: Trick Room\n|upkeep\n|\n|t:|1775924571\n|switch|p1a: Rotom|Rotom-Wash, L50|29/100\n|turn|10\n|c|\u2606stakanaka|yeah gg\n|\n|t:|1775924579\n|move|p1b: Kangaskhan|Rock Tomb|p2a: super sayan\n|-resisted|p2a: super sayan|1\n|-damage|p2a: super sayan|67/100\n|-unboost|p2a: super sayan|spe|1\n|-resisted|p2a: super sayan|1\n|-damage|p2a: super sayan|64/100\n|-unboost|p2a: super sayan|spe|1\n|-hitcount|p2a: super sayan|2\n|move|p1a: Rotom|Hydro Pump|p2a: super sayan|[miss]\n|-miss|p1a: Rotom|p2a: super sayan\n|move|p2a: super sayan|Poltergeist||[still]\n|-fail|p2a: super sayan\n|\n|upkeep\n|turn|11\n|c|\u2606stakanaka|hold on\n|c|\u2606stakanaka|NOOOOO\n|c|\u2606Zelda04|nooooo\n|\n|t:|1775924599\n|move|p1b: Kangaskhan|Rock Tomb|p2a: super sayan|[miss]\n|-miss|p1b: Kangaskhan|p2a: super sayan\n|move|p1a: Rotom|Hydro Pump|p2a: super sayan\n|-supereffective|p2a: super sayan|1\n|-damage|p2a: super sayan|0 fnt\n|faint|p2a: super sayan\n|\n|win|Zelda04\n|raw|Zelda04's rating: 1016 &rarr; <strong>1056</strong><br />(+40 for winning)\n|raw|stakanaka's rating: 1040 &rarr; <strong>1023</strong><br />(-17 for losing)\n|c|\u2606stakanaka|sadly\n|c|\u2606Zelda04|gg\n|c|\u2606stakanaka|gg\n|l|\u2606stakanaka\n|player|p2|\n",
  "uploadtime": 1775924615,
  "views": 25,
  "formatid": "gen9championsvgc2026regma",
  "rating": 1023,
  "private": 0,
  "password": null
}