{
  "id": "gen9championsvgc2026regma-2586960985",
  "format": "[Gen 9 Champions] VGC 2026 Reg M-A",
  "players": [
    "pinstress",
    "underat3d m0ns!"
  ],
  "log": "|j|\u2606pinstress\n|j|\u2606underat3d m0ns!\n|t:|1776475902\n|gametype|doubles\n|player|p1|pinstress|psychicf-gen4|1151\n|player|p2|underat3d m0ns!|steven|1171\n|gen|9\n|tier|[Gen 9 Champions] VGC 2026 Reg M-A\n|rated|\n|rule|Species Clause: Limit one of each Pok\u00e9mon\n|rule|Item Clause: Limit 1 of each item\n|clearpoke\n|poke|p1|Floette-Eternal, L50, F|\n|poke|p1|Incineroar, L50, F|\n|poke|p1|Sinistcha-Masterpiece, L50|\n|poke|p1|Sneasler, L50, F|\n|poke|p1|Kingambit, L50, F|\n|poke|p1|Aerodactyl, L50, F|\n|poke|p2|Feraligatr, L50, M|\n|poke|p2|Heliolisk, L50, F|\n|poke|p2|Hawlucha, L50, F|\n|poke|p2|Krookodile, L50, M|\n|poke|p2|Typhlosion-Hisui, L50, M|\n|poke|p2|Kangaskhan, L50, F|\n|teampreview|4\n|\n|t:|1776475946\n|teamsize|p1|4\n|teamsize|p2|4\n|start\n|switch|p1a: Incineroar|Incineroar, L50, F|100/100\n|switch|p1b: Aerodactyl|Aerodactyl, L50, F|100/100\n|switch|p2a: Typhlosion|Typhlosion-Hisui, L50, M|100/100\n|switch|p2b: Heliolisk|Heliolisk, L50, F|100/100\n|-ability|p1b: Aerodactyl|Unnerve\n|-item|p1a: Incineroar|Chople Berry|[from] ability: Frisk|[of] p2a: Typhlosion\n|-item|p1b: Aerodactyl|Focus Sash|[from] ability: Frisk|[of] p2a: Typhlosion\n|-ability|p1a: Incineroar|Intimidate|boost\n|-unboost|p2a: Typhlosion|atk|1\n|-unboost|p2b: Heliolisk|atk|1\n|turn|1\n|\n|t:|1776475977\n|move|p1a: Incineroar|Fake Out|p2b: Heliolisk\n|-damage|p2b: Heliolisk|78/100\n|move|p1b: Aerodactyl|Tailwind|p1b: Aerodactyl\n|-sidestart|p1: pinstress|move: Tailwind\n|cant|p2b: Heliolisk|flinch\n|move|p2a: Typhlosion|Shadow Ball|p1b: Aerodactyl\n|-damage|p1b: Aerodactyl|41/100\n|\n|upkeep\n|turn|2\n|\n|t:|1776475993\n|move|p2a: Typhlosion|Protect|p2a: Typhlosion\n|-singleturn|p2a: Typhlosion|Protect\n|move|p1b: Aerodactyl|Rock Slide|p2b: Heliolisk|[spread] p2b\n|-activate|p2a: Typhlosion|move: Protect\n|-damage|p2b: Heliolisk|22/100\n|move|p2b: Heliolisk|Electroweb|p1a: Incineroar|[spread] p1b\n|-miss|p2b: Heliolisk|p1a: Incineroar\n|-supereffective|p1b: Aerodactyl|1\n|-damage|p1b: Aerodactyl|0 fnt\n|faint|p1b: Aerodactyl\n|move|p1a: Incineroar|Darkest Lariat|p2a: Typhlosion\n|-activate|p2a: Typhlosion|move: Protect\n|\n|upkeep\n|\n|t:|1776476017\n|switch|p1b: Floette|Floette-Eternal, L50, F|100/100\n|turn|3\n|\n|t:|1776476032\n|switch|p2a: Hawlucha|Hawlucha, L50, F|100/100\n|detailschange|p1b: Floette|Floette-Mega, L50, F\n|-mega|p1b: Floette|Floette|Floettite\n|-ability|p1b: Floette|Fairy Aura\n|move|p1b: Floette|Dazzling Gleam|p2b: Heliolisk|[spread] p2a,p2b\n|-supereffective|p2a: Hawlucha|1\n|-damage|p2a: Hawlucha|0 fnt\n|-damage|p2b: Heliolisk|0 fnt\n|faint|p2a: Hawlucha\n|faint|p2b: Heliolisk\n|move|p1a: Incineroar|Darkest Lariat|p2: Hawlucha|[notarget]\n|-fail|p1a: Incineroar\n|\n|upkeep\n|\n|t:|1776476043\n|switch|p2a: Typhlosion|Typhlosion-Hisui, L50, M|100/100\n|switch|p2b: Feraligatr|Feraligatr, L50, M|100/100\n|-item|p1a: Incineroar|Chople Berry|[from] ability: Frisk|[of] p2a: Typhlosion\n|-item|p1b: Floette|Floettite|[from] ability: Frisk|[of] p2a: Typhlosion\n|turn|4\n|\n|t:|1776476072\n|move|p2a: Typhlosion|Protect|p2a: Typhlosion\n|-singleturn|p2a: Typhlosion|Protect\n|move|p2b: Feraligatr|Aqua Jet|p1a: Incineroar\n|-supereffective|p1a: Incineroar|1\n|-damage|p1a: Incineroar|65/100\n|move|p1b: Floette|Moonblast|p2b: Feraligatr\n|-damage|p2b: Feraligatr|3/100\n|move|p1a: Incineroar|Darkest Lariat|p2b: Feraligatr\n|-damage|p2b: Feraligatr|0 fnt\n|faint|p2b: Feraligatr\n|\n|-sideend|p1: pinstress|move: Tailwind\n|upkeep\n|turn|5\n|\n|t:|1776476105\n|move|p2a: Typhlosion|Eruption|p1a: Incineroar|[spread] p1a,p1b\n|-resisted|p1a: Incineroar|1\n|-crit|p1b: Floette\n|-damage|p1a: Incineroar|41/100\n|-damage|p1b: Floette|37/100\n|move|p1b: Floette|Moonblast|p2a: Typhlosion\n|-resisted|p2a: Typhlosion|1\n|-damage|p2a: Typhlosion|46/100\n|-unboost|p2a: Typhlosion|spa|1\n|move|p1a: Incineroar|Darkest Lariat|p2a: Typhlosion\n|-supereffective|p2a: Typhlosion|1\n|-damage|p2a: Typhlosion|0 fnt\n|faint|p2a: Typhlosion\n|\n|win|pinstress\n|raw|pinstress's rating: 1151 &rarr; <strong>1177</strong><br />(+26 for winning)\n|raw|underat3d m0ns!'s rating: 1171 &rarr; <strong>1145</strong><br />(-26 for losing)\n|l|\u2606underat3d m0ns!\n|player|p2|\n",
  "uploadtime": 1776476120,
  "views": 19,
  "formatid": "gen9championsvgc2026regma",
  "rating": 1145,
  "private": 0,
  "password": null
}