{
  "id": "gen9championsvgc2026regma-2588457143",
  "format": "[Gen 9 Champions] VGC 2026 Reg M-A",
  "players": [
    "dragonfly92",
    "gonegeb"
  ],
  "log": "|j|\u2606dragonfly92\n|j|\u2606gonegeb\n|t:|1776635196\n|gametype|doubles\n|player|p1|dragonfly92|169|1216\n|player|p2|gonegeb|corbeau|1142\n|gen|9\n|tier|[Gen 9 Champions] VGC 2026 Reg M-A\n|rated|\n|rule|Species Clause: Limit one of each Pok\u00e9mon\n|rule|Item Clause: Limit 1 of each item\n|clearpoke\n|poke|p1|Espathra, L50, F|\n|poke|p1|Meganium, L50, F|\n|poke|p1|Pelipper, L50, F|\n|poke|p1|Archaludon, L50, F|\n|poke|p1|Sneasler, L50, M|\n|poke|p1|Maushold, L50|\n|poke|p2|Lucario, L50, M|\n|poke|p2|Umbreon, L50, M, shiny|\n|poke|p2|Arcanine, L50, F, shiny|\n|poke|p2|Ceruledge, L50, M|\n|poke|p2|Corviknight, L50, M|\n|poke|p2|Whimsicott, L50, F, shiny|\n|teampreview|4\n|\n|t:|1776635238\n|teamsize|p1|4\n|teamsize|p2|4\n|start\n|switch|p1a: Meganium|Meganium, L50, F|100/100\n|switch|p1b: Pelipper|Pelipper, L50, F|100/100\n|switch|p2a: Anubis|Lucario, L50, M|100/100\n|switch|p2b: Luna|Whimsicott, L50, F, shiny|100/100\n|-weather|RainDance|[from] ability: Drizzle|[of] p1b: Pelipper\n|turn|1\n|\n|t:|1776635274\n|detailschange|p2a: Anubis|Lucario-Mega, L50, M\n|-mega|p2a: Anubis|Lucario|Lucarionite\n|move|p2b: Luna|Tailwind|p2b: Luna\n|-sidestart|p2: gonegeb|move: Tailwind\n|move|p2a: Anubis|Meteor Mash|p1a: Meganium\n|-damage|p1a: Meganium|36/100\n|move|p1b: Pelipper|Hurricane|p2a: Anubis\n|-damage|p2a: Anubis|44/100\n|move|p1a: Meganium|Dazzling Gleam|p2b: Luna|[spread] p2a,p2b\n|-damage|p2a: Anubis|15/100\n|-damage|p2b: Luna|78/100\n|\n|-weather|RainDance|[upkeep]\n|upkeep\n|turn|2\n|\n|t:|1776635303\n|move|p2a: Anubis|Protect|p2a: Anubis\n|-singleturn|p2a: Anubis|Protect\n|move|p1a: Meganium|Protect|p1a: Meganium\n|-singleturn|p1a: Meganium|Protect\n|move|p2b: Luna|Moonblast|p1a: Meganium\n|-activate|p1a: Meganium|move: Protect\n|move|p1b: Pelipper|Tailwind|p1b: Pelipper\n|-sidestart|p1: dragonfly92|move: Tailwind\n|\n|-weather|RainDance|[upkeep]\n|upkeep\n|turn|3\n|\n|t:|1776635334\n|switch|p1a: Sneasler|Sneasler, L50, M|100/100\n|move|p2b: Luna|Encore|p1b: Pelipper\n|-start|p1b: Pelipper|Encore\n|move|p2a: Anubis|Meteor Mash|p1a: Sneasler\n|-damage|p1a: Sneasler|0 fnt\n|faint|p1a: Sneasler\n|move|p1b: Pelipper|Tailwind||[still]\n|-fail|p1b: Pelipper\n|\n|-weather|RainDance|[upkeep]\n|upkeep\n|\n|t:|1776635349\n|switch|p1a: Maushold|Maushold, L50|100/100\n|turn|4\n|\n|t:|1776635361\n|move|p2a: Anubis|Protect|p2a: Anubis\n|-singleturn|p2a: Anubis|Protect\n|move|p1a: Maushold|Protect|p1a: Maushold\n|-singleturn|p1a: Maushold|Protect\n|move|p2b: Luna|Moonblast|p1a: Maushold\n|-activate|p1a: Maushold|move: Protect\n|move|p1b: Pelipper|Tailwind||[still]\n|-fail|p1b: Pelipper\n|\n|-weather|RainDance|[upkeep]\n|-sideend|p2: gonegeb|move: Tailwind\n|upkeep\n|turn|5\n|\n|t:|1776635376\n|move|p2b: Luna|Encore|p1a: Maushold\n|-start|p1a: Maushold|Encore\n|move|p1a: Maushold|Protect||[still]\n|-fail|p1a: Maushold\n|move|p1b: Pelipper|Tailwind||[still]\n|-fail|p1b: Pelipper\n|move|p2a: Anubis|Swords Dance|p2a: Anubis\n|-boost|p2a: Anubis|atk|2\n|\n|-weather|none\n|-end|p1b: Pelipper|Encore\n|-sideend|p1: dragonfly92|move: Tailwind\n|upkeep\n|turn|6\n|\n|t:|1776635396\n|switch|p1a: Meganium|Meganium, L50, F|36/100\n|move|p2b: Luna|Encore|p1b: Pelipper\n|-start|p1b: Pelipper|Encore\n|move|p2a: Anubis|Meteor Mash|p1a: Meganium\n|-damage|p1a: Meganium|0 fnt\n|faint|p1a: Meganium\n|move|p1b: Pelipper|Tailwind|p1b: Pelipper\n|-sidestart|p1: dragonfly92|move: Tailwind\n|\n|upkeep\n|\n|t:|1776635405\n|switch|p1a: Maushold|Maushold, L50|100/100\n|turn|7\n|\n|t:|1776635411\n|move|p2a: Anubis|Protect|p2a: Anubis\n|-singleturn|p2a: Anubis|Protect\n|move|p2b: Luna|Tailwind|p2b: Luna\n|-sidestart|p2: gonegeb|move: Tailwind\n|move|p1a: Maushold|Population Bomb|p2a: Anubis\n|-activate|p2a: Anubis|move: Protect\n|move|p1b: Pelipper|Tailwind||[still]\n|-fail|p1b: Pelipper\n|\n|upkeep\n|turn|8\n|\n|t:|1776635427\n|switch|p2a: Obsidian|Ceruledge, L50, M|100/100\n|move|p1a: Maushold|Population Bomb|p2b: Luna\n|-damage|p2b: Luna|62/100\n|-damage|p2b: Luna|47/100\n|-damage|p2b: Luna|30/100\n|-damage|p2b: Luna|14/100\n|-hitcount|p2b: Luna|4\n|move|p2b: Luna|Moonblast|p1a: Maushold\n|-damage|p1a: Maushold|39/100\n|move|p1b: Pelipper|Tailwind||[still]\n|-fail|p1b: Pelipper\n|\n|-end|p1b: Pelipper|Encore\n|upkeep\n|turn|9\n|\n|t:|1776635449\n|switch|p2b: Umbra|Umbreon, L50, M, shiny|100/100\n|move|p1a: Maushold|Population Bomb|p2b: Umbra\n|-damage|p2b: Umbra|92/100\n|-hitcount|p2b: Umbra|1\n|move|p1b: Pelipper|Hurricane|p2a: Obsidian\n|-damage|p2a: Obsidian|76/100\n|move|p2a: Obsidian|Bitter Blade|p1a: Maushold\n|-damage|p1a: Maushold|0 fnt\n|-heal|p2a: Obsidian|92/100|[from] drain|[of] p1a: Maushold\n|faint|p1a: Maushold\n|-heal|p2a: Obsidian|96/100|[from] item: Shell Bell|[of] p1: Maushold\n|\n|-heal|p2b: Umbra|98/100|[from] item: Leftovers\n|-sideend|p1: dragonfly92|move: Tailwind\n|upkeep\n|turn|10\n|\n|t:|1776635466\n|move|p2a: Obsidian|Protect|p2a: Obsidian\n|-singleturn|p2a: Obsidian|Protect\n|move|p2b: Umbra|Yawn|p1b: Pelipper\n|-start|p1b: Pelipper|move: Yawn|[of] p2b: Umbra\n|move|p1b: Pelipper|Hurricane|p2b: Umbra\n|-damage|p2b: Umbra|72/100\n|\n|-heal|p2b: Umbra|78/100|[from] item: Leftovers\n|-sideend|p2: gonegeb|move: Tailwind\n|upkeep\n|turn|11\n|c|\u2606gonegeb|local encore merchant strikes again\n|\n|t:|1776635495\n|move|p1b: Pelipper|Hurricane|p2b: Umbra\n|-damage|p2b: Umbra|52/100\n|-start|p2b: Umbra|confusion\n|move|p2a: Obsidian|Bulk Up|p2a: Obsidian\n|-boost|p2a: Obsidian|atk|1\n|-boost|p2a: Obsidian|def|1\n|-activate|p2b: Umbra|confusion\n|move|p2b: Umbra|Snarl|p1b: Pelipper\n|-damage|p1b: Pelipper|80/100\n|-unboost|p1b: Pelipper|spa|1\n|\n|-heal|p2b: Umbra|58/100|[from] item: Leftovers\n|-end|p1b: Pelipper|move: Yawn|[silent]\n|-status|p1b: Pelipper|slp\n|upkeep\n|turn|12\n|c|\u2606dragonfly92|gg\n|\n|t:|1776635511\n|switch|p2a: Anubis|Lucario-Mega, L50, M|15/100\n|cant|p1b: Pelipper|slp\n|-end|p2b: Umbra|confusion\n|move|p2b: Umbra|Snarl|p1b: Pelipper\n|-damage|p1b: Pelipper|60/100 slp\n|-unboost|p1b: Pelipper|spa|1\n|\n|-heal|p2b: Umbra|64/100|[from] item: Leftovers\n|upkeep\n|turn|13\n|\n|t:|1776635530\n|move|p2a: Anubis|Swords Dance|p2a: Anubis\n|-boost|p2a: Anubis|atk|2\n|cant|p1b: Pelipper|slp\n|move|p2b: Umbra|Snarl|p1b: Pelipper\n|-damage|p1b: Pelipper|40/100 slp\n|-unboost|p1b: Pelipper|spa|1\n|\n|-heal|p2b: Umbra|70/100|[from] item: Leftovers\n|upkeep\n|turn|14\n|\n|t:|1776635540\n|move|p2a: Anubis|Close Combat|p1b: Pelipper\n|-resisted|p1b: Pelipper|1\n|-damage|p1b: Pelipper|0 fnt\n|-unboost|p2a: Anubis|def|1\n|-unboost|p2a: Anubis|spd|1\n|faint|p1b: Pelipper\n|\n|win|gonegeb\n|raw|dragonfly92's rating: 1216 &rarr; <strong>1186</strong><br />(-30 for losing)\n|raw|gonegeb's rating: 1142 &rarr; <strong>1172</strong><br />(+30 for winning)\n",
  "uploadtime": 1776635548,
  "views": 21,
  "formatid": "gen9championsvgc2026regma",
  "rating": 1172,
  "private": 0,
  "password": null
}