{
  "id": "gen9championsvgc2026regma-2581935601",
  "format": "[Gen 9 Champions] VGC 2026 Reg M-A",
  "players": [
    "lpelpe",
    "giftedyewsucks"
  ],
  "log": "|j|\u2606lpelpe\n|j|\u2606giftedyewsucks\n|t:|1776041219\n|gametype|doubles\n|player|p1|lpelpe|1|1321\n|player|p2|giftedyewsucks|266|1424\n|gen|9\n|tier|[Gen 9 Champions] VGC 2026 Reg M-A\n|rated|\n|rule|Species Clause: Limit one of each Pok\u00e9mon\n|rule|Item Clause: Limit 1 of each item\n|clearpoke\n|poke|p1|Farigiraf, L50, F|\n|poke|p1|Meganium, L50, M|\n|poke|p1|Camerupt, L50, M|\n|poke|p1|Sableye, L50, F|\n|poke|p1|Kingambit, L50, M|\n|poke|p1|Machamp, L50, M|\n|poke|p2|Kingambit, L50, F|\n|poke|p2|Sneasler, L50, M|\n|poke|p2|Delphox, L50, M|\n|poke|p2|Whimsicott, L50, M|\n|poke|p2|Garchomp, L50, F|\n|poke|p2|Rotom-Wash, L50|\n|teampreview|4\n|inactive|Battle timer is ON: inactive players will automatically lose when time's up. (requested by lpelpe)\n|\n|t:|1776041253\n|teamsize|p1|4\n|teamsize|p2|4\n|start\n|switch|p1a: Sableye|Sableye, L50, F|100/100\n|switch|p1b: Farigiraf|Farigiraf, L50, F|100/100\n|switch|p2a: Delphox|Delphox, L50, M|100/100\n|switch|p2b: Kingambit|Kingambit, L50, F|100/100\n|turn|1\n|\n|t:|1776041262\n|detailschange|p2a: Delphox|Delphox-Mega, L50, M\n|-mega|p2a: Delphox|Delphox|Delphoxite\n|move|p1a: Sableye|Fake Out|p2b: Kingambit\n|-resisted|p2b: Kingambit|1\n|-damage|p2b: Kingambit|98/100\n|move|p2a: Delphox|Heat Wave|p1b: Farigiraf|[spread] p1b\n|-miss|p2a: Delphox|p1a: Sableye\n|-damage|p1b: Farigiraf|52/100\n|cant|p2b: Kingambit|flinch\n|move|p1b: Farigiraf|Trick Room|p1b: Farigiraf\n|-fieldstart|move: Trick Room|[of] p1b: Farigiraf\n|\n|upkeep\n|turn|2\n|j| No.1yZap2\n|\n|t:|1776041274\n|move|p1a: Sableye|Disable|p2a: Delphox\n|-start|p2a: Delphox|Disable|Heat Wave\n|move|p2b: Kingambit|Swords Dance|p2b: Kingambit\n|-boost|p2b: Kingambit|atk|2\n|move|p1b: Farigiraf|Hyper Voice|p2b: Kingambit|[spread] p2a,p2b\n|-resisted|p2b: Kingambit|1\n|-damage|p2a: Delphox|73/100\n|-damage|p2b: Kingambit|82/100\n|cant|p2a: Delphox|Disable|Heat Wave\n|\n|upkeep\n|turn|3\n|inactive|giftedyewsucks has 30 seconds left.\n|\n|t:|1776041306\n|move|p2a: Delphox|Protect|p2a: Delphox\n|-singleturn|p2a: Delphox|Protect\n|move|p1a: Sableye|Encore|p2a: Delphox\n|-activate|p2a: Delphox|move: Protect\n|move|p2b: Kingambit|Kowtow Cleave|p1b: Farigiraf\n|-supereffective|p1b: Farigiraf|1\n|-crit|p1b: Farigiraf\n|-damage|p1b: Farigiraf|0 fnt\n|faint|p1b: Farigiraf\n|\n|upkeep\n|\n|t:|1776041313\n|switch|p1b: Meganium|Meganium, L50, M|100/100\n|turn|4\n|\n|t:|1776041322\n|switch|p2a: Sneasler|Sneasler, L50, M|100/100\n|detailschange|p1b: Meganium|Meganium-Mega, L50, M\n|-mega|p1b: Meganium|Meganium|Meganiumite\n|move|p1a: Sableye|Encore||[still]\n|-fail|p1a: Sableye\n|move|p2b: Kingambit|Kowtow Cleave|p1a: Sableye\n|-enditem|p1a: Sableye|Focus Sash\n|-damage|p1a: Sableye|1/100\n|move|p1b: Meganium|Weather Ball|p2b: Kingambit\n|-supereffective|p2b: Kingambit|1\n|-damage|p2b: Kingambit|0 fnt\n|faint|p2b: Kingambit\n|\n|upkeep\n|\n|t:|1776041339\n|switch|p2b: Delphox|Delphox-Mega, L50, M|73/100\n|turn|5\n|\n|t:|1776041354\n|move|p1a: Sableye|Endure|p1a: Sableye\n|-singleturn|p1a: Sableye|move: Endure\n|move|p2a: Sneasler|Fake Out|p1b: Meganium\n|-crit|p1b: Meganium\n|-damage|p1b: Meganium|83/100\n|cant|p1b: Meganium|flinch\n|move|p2b: Delphox|Heat Wave|p1b: Meganium|[spread] p1a,p1b\n|-supereffective|p1b: Meganium|1\n|-activate|p1a: Sableye|move: Endure\n|-damage|p1a: Sableye|1/100\n|-damage|p1b: Meganium|19/100\n|-status|p1b: Meganium|brn\n|\n|-damage|p1b: Meganium|13/100 brn|[from] brn\n|-fieldend|move: Trick Room\n|upkeep\n|turn|6\n|\n|t:|1776041370\n|move|p1a: Sableye|Encore|p2a: Sneasler\n|-start|p2a: Sneasler|Encore\n|move|p2a: Sneasler|Fake Out||[still]\n|-hint|Fake Out only works on your first turn out.\n|-fail|p2a: Sneasler\n|move|p2b: Delphox|Psychic|p1b: Meganium\n|-damage|p1b: Meganium|0 fnt\n|faint|p1b: Meganium\n|\n|upkeep\n|\n|t:|1776041373\n|switch|p1b: Kingambit|Kingambit, L50, M|100/100\n|turn|7\n|\n|t:|1776041382\n|switch|p2a: Garchomp|Garchomp, L50, F|100/100\n|move|p2b: Delphox|Protect|p2b: Delphox\n|-singleturn|p2b: Delphox|Protect\n|move|p1a: Sableye|Disable||[still]\n|-fail|p1a: Sableye\n|move|p1b: Kingambit|Sucker Punch||[still]\n|-fail|p1b: Kingambit\n|\n|upkeep\n|turn|8\n|-message|lpelpe forfeited.\n|\n|win|giftedyewsucks\n|raw|lpelpe's rating: 1321 &rarr; <strong>1307</strong><br />(-14 for losing)\n|raw|giftedyewsucks's rating: 1424 &rarr; <strong>1438</strong><br />(+14 for winning)\n|l|\u2606lpelpe\n|player|p1|\n|l|\u2606giftedyewsucks\n|player|p2|\n",
  "uploadtime": 1776041397,
  "views": 36,
  "formatid": "gen9championsvgc2026regma",
  "rating": 1307,
  "private": 0,
  "password": null
}