{
  "id": "gen9championsvgc2026regma-2584366114",
  "format": "[Gen 9 Champions] VGC 2026 Reg M-A",
  "players": [
    "houses6\u80e1\u841d\u535c\u4fa0",
    "b3rtaa"
  ],
  "log": "|j|\u2606houses6\u80e1\u841d\u535c\u4fa0\n|j|\u2606b3rtaa\n|t:|1776255297\n|gametype|doubles\n|player|p1|houses6\u80e1\u841d\u535c\u4fa0|102|1520\n|player|p2|b3rtaa|102|1526\n|gen|9\n|tier|[Gen 9 Champions] VGC 2026 Reg M-A\n|rated|\n|rule|Species Clause: Limit one of each Pok\u00e9mon\n|rule|Item Clause: Limit 1 of each item\n|clearpoke\n|poke|p1|Basculegion, L50, M|\n|poke|p1|Pelipper, L50, F|\n|poke|p1|Floette-Eternal, L50, F|\n|poke|p1|Incineroar, L50, F|\n|poke|p1|Sinistcha-Masterpiece, L50|\n|poke|p1|Aegislash, L50, M|\n|poke|p2|Charizard, L50, F|\n|poke|p2|Garganacl, L50, F|\n|poke|p2|Whimsicott, L50, F|\n|poke|p2|Garchomp, L50, F|\n|poke|p2|Sneasler, L50, F|\n|poke|p2|Basculegion, L50, M|\n|teampreview|4\n|\n|t:|1776255349\n|teamsize|p1|4\n|teamsize|p2|4\n|start\n|switch|p1a: Floette|Floette-Eternal, L50, F|100/100\n|switch|p1b: Basculegion|Basculegion, L50, M|100/100\n|switch|p2a: Whimsicott|Whimsicott, L50, F|100/100\n|switch|p2b: Charizard|Charizard, L50, F|100/100\n|turn|1\n|\n|t:|1776255378\n|switch|p1b: Incineroar|Incineroar, L50, F|100/100\n|-ability|p1b: Incineroar|Intimidate|boost\n|-unboost|p2a: Whimsicott|atk|1\n|-unboost|p2b: Charizard|atk|1\n|detailschange|p1a: Floette|Floette-Mega, L50, F\n|-mega|p1a: Floette|Floette|Floettite\n|-ability|p1a: Floette|Fairy Aura\n|move|p2a: Whimsicott|Protect|p2a: Whimsicott\n|-singleturn|p2a: Whimsicott|Protect\n|move|p2b: Charizard|Protect|p2b: Charizard\n|-singleturn|p2b: Charizard|Protect\n|move|p1a: Floette|Calm Mind|p1a: Floette\n|-boost|p1a: Floette|spa|1\n|-boost|p1a: Floette|spd|1\n|\n|upkeep\n|turn|2\n|inactive|Battle timer is ON: inactive players will automatically lose when time's up. (requested by houses6\u80e1\u841d\u535c\u4fa0)\n|\n|t:|1776255396\n|detailschange|p2b: Charizard|Charizard-Mega-Y, L50, F\n|-mega|p2b: Charizard|Charizard|Charizardite Y\n|-weather|SunnyDay|[from] ability: Drought|[of] p2b: Charizard\n|move|p1b: Incineroar|Fake Out|p2a: Whimsicott\n|-damage|p2a: Whimsicott|84/100\n|cant|p2a: Whimsicott|flinch\n|move|p2b: Charizard|Weather Ball|p1a: Floette\n|-damage|p1a: Floette|55/100\n|move|p1a: Floette|Dazzling Gleam|p2b: Charizard|[spread] p2a,p2b\n|-resisted|p2b: Charizard|1\n|-damage|p2a: Whimsicott|0 fnt\n|-damage|p2b: Charizard|64/100\n|faint|p2a: Whimsicott\n|\n|-weather|SunnyDay|[upkeep]\n|upkeep\n|\n|t:|1776255412\n|switch|p2a: Garchomp|Garchomp, L50, F|100/100\n|turn|3\n|\n|t:|1776255430\n|move|p1a: Floette|Protect|p1a: Floette\n|-singleturn|p1a: Floette|Protect\n|move|p2a: Garchomp|Earthquake|p1b: Incineroar|[spread] p1b\n|-activate|p1a: Floette|move: Protect\n|-immune|p2b: Charizard\n|-supereffective|p1b: Incineroar|1\n|-damage|p1b: Incineroar|26/100\n|-enditem|p1b: Incineroar|Sitrus Berry|[eat]\n|-heal|p1b: Incineroar|51/100|[from] item: Sitrus Berry\n|move|p2b: Charizard|Air Slash|p1b: Incineroar\n|-damage|p1b: Incineroar|15/100\n|move|p1b: Incineroar|Parting Shot|p2a: Garchomp\n|-unboost|p2a: Garchomp|atk|1\n|-unboost|p2a: Garchomp|spa|1\n|\n|t:|1776255444\n|switch|p1b: Pelipper|Pelipper, L50, F|100/100|[from] Parting Shot\n|-weather|RainDance|[from] ability: Drizzle|[of] p1b: Pelipper\n|\n|-weather|RainDance|[upkeep]\n|upkeep\n|turn|4\n|\n|t:|1776255459\n|switch|p2b: Basculegion|Basculegion, L50, M|100/100\n|switch|p1b: Incineroar|Incineroar, L50, F|15/100\n|-ability|p1b: Incineroar|Intimidate|boost\n|-unboost|p2a: Garchomp|atk|1\n|-unboost|p2b: Basculegion|atk|1\n|move|p2a: Garchomp|Rock Slide|p1a: Floette|[spread] p1a,p1b\n|-supereffective|p1b: Incineroar|1\n|-damage|p1a: Floette|45/100\n|-damage|p1b: Incineroar|0 fnt\n|faint|p1b: Incineroar\n|cant|p1a: Floette|flinch\n|\n|-weather|RainDance|[upkeep]\n|upkeep\n|inactive|houses6\u80e1\u841d\u535c\u4fa0 has 30 seconds left.\n|inactive|houses6\u80e1\u841d\u535c\u4fa0 has 20 seconds left.\n|inactive|houses6\u80e1\u841d\u535c\u4fa0 has 15 seconds left.\n|\n|t:|1776255500\n|switch|p1b: Basculegion|Basculegion, L50, M|100/100\n|turn|5\n|\n|t:|1776255507\n|switch|p2a: Charizard|Charizard-Mega-Y, L50, F|64/100\n|-weather|SunnyDay|[from] ability: Drought|[of] p2a: Charizard\n|move|p1b: Basculegion|Last Respects|p2b: Basculegion\n|-supereffective|p2b: Basculegion|1\n|-damage|p2b: Basculegion|0 fnt\n|faint|p2b: Basculegion\n|move|p1a: Floette|Dazzling Gleam|p2a: Charizard\n|-resisted|p2a: Charizard|1\n|-damage|p2a: Charizard|23/100\n|\n|-weather|SunnyDay|[upkeep]\n|upkeep\n|\n|t:|1776255515\n|switch|p2b: Garchomp|Garchomp, L50, F|100/100\n|turn|6\n|-message|b3rtaa forfeited.\n|\n|win|houses6\u80e1\u841d\u535c\u4fa0\n|raw|houses6\u80e1\u841d\u535c\u4fa0's rating: 1520 &rarr; <strong>1540</strong><br />(+20 for winning)\n|raw|b3rtaa's rating: 1526 &rarr; <strong>1506</strong><br />(-20 for losing)\n|l|\u2606b3rtaa\n|player|p2|\n",
  "uploadtime": 1776255526,
  "views": 74,
  "formatid": "gen9championsvgc2026regma",
  "rating": 1506,
  "private": 0,
  "password": null
}