{
  "id": "gen9championsvgc2026regma-2583857292",
  "format": "[Gen 9 Champions] VGC 2026 Reg M-A",
  "players": [
    "rasb",
    "Rhydonculous"
  ],
  "log": "|j|\u2606rasb\n|j|\u2606Rhydonculous\n|t:|1776203144\n|gametype|doubles\n|player|p1|rasb|101|1130\n|player|p2|Rhydonculous|2|1144\n|gen|9\n|tier|[Gen 9 Champions] VGC 2026 Reg M-A\n|rated|\n|rule|Species Clause: Limit one of each Pok\u00e9mon\n|rule|Item Clause: Limit 1 of each item\n|clearpoke\n|poke|p1|Floette-Eternal, L50, F|\n|poke|p1|Aerodactyl, L50, M|\n|poke|p1|Incineroar, L50, F|\n|poke|p1|Garchomp, L50, M|\n|poke|p1|Charizard, L50, M|\n|poke|p1|Venusaur, L50, M|\n|poke|p2|Skarmory, L50, M|\n|poke|p2|Kleavor, L50, F|\n|poke|p2|Samurott-Hisui, L50, M|\n|poke|p2|Glimmora, L50, M|\n|poke|p2|Garchomp, L50, F|\n|poke|p2|Greninja-*, L50, F|\n|teampreview|4\n|inactive|Battle timer is ON: inactive players will automatically lose when time's up. (requested by rasb)\nrasb has agreed to open team sheets.\n|inactive|Rhydonculous has 60 seconds left.\n|inactive|Rhydonculous has 30 seconds left.\n|inactive|Rhydonculous has 20 seconds left.\n|inactive|Rhydonculous has 15 seconds left.\n|\n|t:|1776203223\n|teamsize|p1|4\n|teamsize|p2|4\n|start\n|switch|p1a: Incineroar|Incineroar, L50, F|100/100\n|switch|p1b: Aerodactyl|Aerodactyl, L50, M|100/100\n|switch|p2a: Skarmory|Skarmory, L50, M|100/100\n|switch|p2b: Kleavor|Kleavor, L50, F|100/100\n|-ability|p1b: Aerodactyl|Unnerve\n|-ability|p1a: Incineroar|Intimidate|boost\n|-unboost|p2a: Skarmory|atk|1\n|-unboost|p2b: Kleavor|atk|1\n|turn|1\n|inactive|Rhydonculous has 30 seconds left.\n|inactive|Rhydonculous has 20 seconds left.\n|inactive|Rhydonculous has 15 seconds left.\n|inactive|Rhydonculous has 10 seconds left.\n|\n|t:|1776203272\n|switch|p2a: Glimmora|Glimmora, L50, M|100/100\n|move|p1a: Incineroar|Fake Out|p2b: Kleavor\n|-resisted|p2b: Kleavor|1\n|-damage|p2b: Kleavor|94/100\n|move|p1b: Aerodactyl|Dual Wingbeat|p2b: Kleavor\n|-damage|p2b: Kleavor|71/100\n|-damage|p2b: Kleavor|44/100\n|-hitcount|p2b: Kleavor|2\n|cant|p2b: Kleavor|flinch\n|\n|upkeep\n|turn|2\n|inactive|rasb has 30 seconds left.\n|\n|t:|1776203300\n|move|p2b: Kleavor|Protect|p2b: Kleavor\n|-singleturn|p2b: Kleavor|Protect\n|move|p1b: Aerodactyl|Rock Slide|p2b: Kleavor|[spread] p2a\n|-activate|p2b: Kleavor|move: Protect\n|-crit|p2a: Glimmora\n|-damage|p2a: Glimmora|59/100\n|-activate|p2a: Glimmora|ability: Toxic Debris\n|-sidestart|p1: rasb|move: Toxic Spikes\n|cant|p2a: Glimmora|flinch\n|move|p1a: Incineroar|Parting Shot|p2a: Glimmora\n|-unboost|p2a: Glimmora|atk|1\n|-unboost|p2a: Glimmora|spa|1\n|\n|t:|1776203311\n|switch|p1a: Charizard|Charizard, L50, M|100/100|[from] Parting Shot\n|\n|upkeep\n|turn|3\n|inactive|Rhydonculous has 30 seconds left.\n|\n|t:|1776203344\n|detailschange|p1a: Charizard|Charizard-Mega-Y, L50, M\n|-mega|p1a: Charizard|Charizard|Charizardite Y\n|-weather|SunnyDay|[from] ability: Drought|[of] p1a: Charizard\n|move|p1a: Charizard|Protect|p1a: Charizard\n|-singleturn|p1a: Charizard|Protect\n|move|p1b: Aerodactyl|Tailwind|p1b: Aerodactyl\n|-sidestart|p1: rasb|move: Tailwind\n|move|p2b: Kleavor|Stone Axe|p1a: Charizard\n|-activate|p1a: Charizard|move: Protect\n|move|p2a: Glimmora|Power Gem|p1a: Charizard\n|-activate|p1a: Charizard|move: Protect\n|\n|-weather|SunnyDay|[upkeep]\n|upkeep\n|turn|4\n|\n|t:|1776203365\n|move|p1b: Aerodactyl|Rock Slide|p2b: Kleavor|[spread] p2a,p2b\n|-supereffective|p2b: Kleavor|1\n|-damage|p2a: Glimmora|33/100\n|-damage|p2b: Kleavor|0 fnt\n|-activate|p2a: Glimmora|ability: Toxic Debris\n|-sidestart|p1: rasb|move: Toxic Spikes\n|faint|p2b: Kleavor\n|move|p1a: Charizard|Heat Wave|p2a: Glimmora\n|-resisted|p2a: Glimmora|1\n|-damage|p2a: Glimmora|0 fnt\n|faint|p2a: Glimmora\n|\n|-weather|SunnyDay|[upkeep]\n|upkeep\n|\n|t:|1776203373\n|switch|p2b: Greninja|Greninja, L50, F|100/100\n|switch|p2a: Skarmory|Skarmory, L50, M|100/100\n|turn|5\n|inactive|rasb has 30 seconds left.\n|inactive|Rhydonculous has 30 seconds left.\n|inactive|Rhydonculous has 20 seconds left.\n|\n|t:|1776203411\n|detailschange|p2b: Greninja|Greninja-Mega, L50, F\n|-mega|p2b: Greninja|Greninja|Greninjite\n|move|p2a: Skarmory|Protect|p2a: Skarmory\n|-singleturn|p2a: Skarmory|Protect\n|move|p1b: Aerodactyl|Dual Wingbeat|p2b: Greninja\n|-damage|p2b: Greninja|72/100\n|-damage|p2b: Greninja|46/100\n|-hitcount|p2b: Greninja|2\n|move|p1a: Charizard|Heat Wave|p2a: Skarmory|[spread] p2b\n|-activate|p2a: Skarmory|move: Protect\n|-resisted|p2b: Greninja|1\n|-damage|p2b: Greninja|0 fnt\n|faint|p2b: Greninja\n|\n|-weather|SunnyDay|[upkeep]\n|upkeep\n|turn|6\n|\n|t:|1776203428\n|move|p1b: Aerodactyl|Rock Slide|p2a: Skarmory\n|-crit|p2a: Skarmory\n|-damage|p2a: Skarmory|60/100\n|move|p1a: Charizard|Weather Ball|p2a: Skarmory\n|-supereffective|p2a: Skarmory|1\n|-damage|p2a: Skarmory|0 fnt\n|faint|p2a: Skarmory\n|\n|win|rasb\n|raw|rasb's rating: 1130 &rarr; <strong>1156</strong><br />(+26 for winning)\n|raw|Rhydonculous's rating: 1144 &rarr; <strong>1118</strong><br />(-26 for losing)\n",
  "uploadtime": 1776203429,
  "views": 16,
  "formatid": "gen9championsvgc2026regma",
  "rating": 1118,
  "private": 0,
  "password": null
}