{
  "id": "gen9championsvgc2026regma-2589463669",
  "format": "[Gen 9 Champions] VGC 2026 Reg M-A",
  "players": [
    "LirhygonD",
    "godfocker"
  ],
  "log": "|j|\u2606LirhygonD\n|j|\u2606godfocker\n|t:|1776725224\n|gametype|doubles\n|player|p1|LirhygonD|hilbert|1275\n|player|p2|godfocker|101|1297\n|gen|9\n|tier|[Gen 9 Champions] VGC 2026 Reg M-A\n|rated|\n|rule|Species Clause: Limit one of each Pok\u00e9mon\n|rule|Item Clause: Limit 1 of each item\n|clearpoke\n|poke|p1|Scizor, L50, F|\n|poke|p1|Tauros-Paldea-Aqua, L50, M|\n|poke|p1|Aerodactyl, L50, F|\n|poke|p1|Garchomp, L50, M|\n|poke|p1|Milotic, L50, M|\n|poke|p1|Typhlosion-Hisui, L50, F|\n|poke|p2|Blastoise, L50, M|\n|poke|p2|Sinistcha, L50|\n|poke|p2|Sneasler, L50, M|\n|poke|p2|Garchomp, L50, F|\n|poke|p2|Aerodactyl, L50, M|\n|poke|p2|Sylveon, L50, F|\n|teampreview|4\n|inactive|Battle timer is ON: inactive players will automatically lose when time's up. (requested by LirhygonD)\n|\n|t:|1776725274\n|teamsize|p1|4\n|teamsize|p2|4\n|start\n|switch|p1a: Milotic|Milotic, L50, M|100/100\n|switch|p1b: Tauros|Tauros-Paldea-Aqua, L50, M|100/100\n|switch|p2a: Blastoise|Blastoise, L50, M|100/100\n|switch|p2b: Garchomp|Garchomp, L50, F|100/100\n|-ability|p1b: Tauros|Intimidate|boost\n|-unboost|p2a: Blastoise|atk|1\n|-unboost|p2b: Garchomp|atk|1\n|turn|1\n|inactive|LirhygonD has 30 seconds left.\n|inactive|godfocker has 30 seconds left.\n|inactive|LirhygonD has 20 seconds left.\n|inactive|godfocker has 20 seconds left.\n|inactive|LirhygonD has 15 seconds left.\n|inactive|godfocker has 15 seconds left.\n|inactive|LirhygonD has 10 seconds left.\n|\n|t:|1776725323\n|switch|p2b: Sneasler|Sneasler, L50, M|100/100\n|detailschange|p2a: Blastoise|Blastoise-Mega, L50, M\n|-mega|p2a: Blastoise|Blastoise|Blastoisinite\n|move|p1b: Tauros|Close Combat|p2a: Blastoise\n|-damage|p2a: Blastoise|61/100\n|-unboost|p1b: Tauros|def|1\n|-unboost|p1b: Tauros|spd|1\n|move|p2a: Blastoise|Shell Smash|p2a: Blastoise\n|-unboost|p2a: Blastoise|def|1\n|-unboost|p2a: Blastoise|spd|1\n|-boost|p2a: Blastoise|atk|2\n|-boost|p2a: Blastoise|spa|2\n|-boost|p2a: Blastoise|spe|2\n|move|p1a: Milotic|Icy Wind|p2b: Sneasler|[spread] p2a,p2b\n|-resisted|p2a: Blastoise|1\n|-damage|p2a: Blastoise|54/100\n|-damage|p2b: Sneasler|88/100\n|-unboost|p2a: Blastoise|spe|1\n|-unboost|p2b: Sneasler|spe|1\n|-enditem|p2b: Sneasler|White Herb\n|-clearnegativeboost|p2b: Sneasler|[silent]\n|\n|upkeep\n|turn|2\n|inactive|LirhygonD has 30 seconds left.\n|inactive|godfocker has 30 seconds left.\n|\n|t:|1776725354\n|move|p1b: Tauros|Protect|p1b: Tauros\n|-singleturn|p1b: Tauros|Protect\n|move|p2b: Sneasler|Fake Out|p1b: Tauros\n|-activate|p1b: Tauros|move: Protect\n|move|p2a: Blastoise|Dark Pulse|p1a: Milotic\n|-damage|p1a: Milotic|36/100\n|move|p1a: Milotic|Dragon Tail|p2a: Blastoise\n|-damage|p2a: Blastoise|43/100\n|drag|p2a: Garchomp|Garchomp, L50, F|100/100\n|\n|-heal|p1a: Milotic|42/100|[from] item: Leftovers\n|upkeep\n|turn|3\n|inactive|godfocker has 30 seconds left.\n|inactive|godfocker has 20 seconds left.\n|inactive|godfocker has 15 seconds left.\n|inactive|LirhygonD has 30 seconds left.\n|\n|t:|1776725400\n|move|p2b: Sneasler|Close Combat|p1a: Milotic\n|-damage|p1a: Milotic|0 fnt\n|-unboost|p2b: Sneasler|def|1\n|-unboost|p2b: Sneasler|spd|1\n|faint|p1a: Milotic\n|move|p2a: Garchomp|Dragon Claw|p1b: Tauros\n|-damage|p1b: Tauros|39/100\n|-enditem|p1b: Tauros|Sitrus Berry|[eat]\n|-heal|p1b: Tauros|64/100|[from] item: Sitrus Berry\n|move|p1b: Tauros|Raging Bull|p2b: Sneasler\n|-damage|p2b: Sneasler|28/100\n|\n|upkeep\n|\n|t:|1776725413\n|switch|p1a: Aerodactyl|Aerodactyl, L50, F|100/100\n|-ability|p1a: Aerodactyl|Unnerve\n|turn|4\n|inactive|godfocker has 30 seconds left.\n|inactive|LirhygonD has 30 seconds left.\n|inactive|LirhygonD has 20 seconds left.\n|\n|t:|1776725453\n|move|p1a: Aerodactyl|Protect|p1a: Aerodactyl\n|-singleturn|p1a: Aerodactyl|Protect\n|move|p2b: Sneasler|Close Combat|p1a: Aerodactyl\n|-activate|p1a: Aerodactyl|move: Protect\n|move|p2a: Garchomp|Dragon Claw|p1a: Aerodactyl\n|-activate|p1a: Aerodactyl|move: Protect\n|move|p1b: Tauros|Raging Bull|p2b: Sneasler\n|-damage|p2b: Sneasler|0 fnt\n|faint|p2b: Sneasler\n|\n|upkeep\n|\n|t:|1776725458\n|switch|p2b: Blastoise|Blastoise-Mega, L50, M|43/100\n|turn|5\n|\n|t:|1776725469\n|move|p2b: Blastoise|Protect|p2b: Blastoise\n|-singleturn|p2b: Blastoise|Protect\n|move|p2a: Garchomp|Dragon Claw|p1a: Aerodactyl\n|-damage|p1a: Aerodactyl|22/100\n|move|p1a: Aerodactyl|Tailwind|p1a: Aerodactyl\n|-sidestart|p1: LirhygonD|move: Tailwind\n|move|p1b: Tauros|Close Combat|p2b: Blastoise\n|-activate|p2b: Blastoise|move: Protect\n|\n|upkeep\n|turn|6\n|\n|t:|1776725483\n|switch|p2b: Sinistcha|Sinistcha, L50|100/100\n|move|p1a: Aerodactyl|Rock Slide|p2b: Sinistcha|[spread] p2a,p2b\n|-resisted|p2a: Garchomp|1\n|-damage|p2a: Garchomp|90/100\n|-damage|p2b: Sinistcha|76/100\n|move|p1b: Tauros|Close Combat|p2a: Garchomp\n|-damage|p2a: Garchomp|47/100\n|-unboost|p1b: Tauros|def|1\n|-unboost|p1b: Tauros|spd|1\n|-damage|p1b: Tauros|52/100|[from] ability: Rough Skin|[of] p2a: Garchomp\n|move|p2a: Garchomp|Dragon Claw|p1b: Tauros\n|-damage|p1b: Tauros|0 fnt\n|faint|p1b: Tauros\n|\n|upkeep\n|\n|t:|1776725497\n|switch|p1b: Scizor|Scizor, L50, F|100/100\n|turn|7\n|\n|t:|1776725507\n|switch|p2b: Blastoise|Blastoise-Mega, L50, M|43/100\n|detailschange|p1b: Scizor|Scizor-Mega, L50, F\n|-mega|p1b: Scizor|Scizor|Scizorite\n|move|p1a: Aerodactyl|Dual Wingbeat|p2b: Blastoise\n|-damage|p2b: Blastoise|28/100\n|-damage|p2b: Blastoise|11/100\n|-hitcount|p2b: Blastoise|2\n|move|p1b: Scizor|Swords Dance|p1b: Scizor\n|-boost|p1b: Scizor|atk|2\n|move|p2a: Garchomp|Dragon Claw|p1a: Aerodactyl\n|-damage|p1a: Aerodactyl|0 fnt\n|faint|p1a: Aerodactyl\n|\n|upkeep\n|turn|8\n|\n|t:|1776725528\n|switch|p2a: Sinistcha|Sinistcha, L50|76/100\n|-heal|p2b: Blastoise|36/100|[from] ability: Hospitality|[of] p2a: Sinistcha\n|move|p2b: Blastoise|Protect|p2b: Blastoise\n|-singleturn|p2b: Blastoise|Protect\n|move|p1b: Scizor|Close Combat|p2a: Sinistcha\n|-immune|p2a: Sinistcha\n|\n|-sideend|p1: LirhygonD|move: Tailwind\n|upkeep\n|turn|9\n|inactive|godfocker has 30 seconds left.\n|\n|t:|1776725562\n|move|p1b: Scizor|Protect|p1b: Scizor\n|-singleturn|p1b: Scizor|Protect\n|move|p2a: Sinistcha|Rage Powder|p2a: Sinistcha\n|-singleturn|p2a: Sinistcha|move: Rage Powder\n|move|p2b: Blastoise|Dark Pulse|p1b: Scizor\n|-activate|p1b: Scizor|move: Protect\n|\n|upkeep\n|turn|10\n|\n|t:|1776725575\n|move|p1b: Scizor|Bullet Punch|p2a: Sinistcha\n|-damage|p2a: Sinistcha|16/100\n|-enditem|p2a: Sinistcha|Sitrus Berry|[eat]\n|-heal|p2a: Sinistcha|40/100|[from] item: Sitrus Berry\n|move|p2b: Blastoise|Water Spout|p1b: Scizor\n|-damage|p1b: Scizor|69/100\n|move|p2a: Sinistcha|Life Dew|p2a: Sinistcha|[spread] p2a,p2b\n|-heal|p2a: Sinistcha|66/100\n|-heal|p2b: Blastoise|61/100\n|\n|upkeep\n|turn|11\n|\n|t:|1776725588\n|move|p2a: Sinistcha|Rage Powder|p2a: Sinistcha\n|-singleturn|p2a: Sinistcha|move: Rage Powder\n|move|p1b: Scizor|Bullet Punch|p2a: Sinistcha\n|-damage|p2a: Sinistcha|7/100\n|move|p2b: Blastoise|Water Spout|p1b: Scizor\n|-damage|p1b: Scizor|15/100\n|\n|upkeep\n|turn|12\n|\n|t:|1776725600\n|move|p2a: Sinistcha|Rage Powder|p2a: Sinistcha\n|-singleturn|p2a: Sinistcha|move: Rage Powder\n|move|p1b: Scizor|Close Combat|p2a: Sinistcha\n|-immune|p2a: Sinistcha\n|move|p2b: Blastoise|Water Spout|p1b: Scizor\n|-crit|p1b: Scizor\n|-damage|p1b: Scizor|0 fnt\n|faint|p1b: Scizor\n|\n|win|godfocker\n|raw|LirhygonD's rating: 1275 &rarr; <strong>1252</strong><br />(-23 for losing)\n|raw|godfocker's rating: 1297 &rarr; <strong>1320</strong><br />(+23 for winning)\n|l|\u2606LirhygonD\n|player|p1|\n",
  "uploadtime": 1776725607,
  "views": 5,
  "formatid": "gen9championsvgc2026regma",
  "rating": 1252,
  "private": 0,
  "password": null
}