{
  "id": "gen9championsvgc2026regma-2586442993",
  "format": "[Gen 9 Champions] VGC 2026 Reg M-A",
  "players": [
    "CharninjaGamingYT",
    "arijankonac"
  ],
  "log": "|j|\u2606CharninjaGamingYT\n|j|\u2606arijankonac\n|t:|1776435029\n|gametype|doubles\n|player|p1|CharninjaGamingYT|shadowtriad|1067\n|player|p2|arijankonac|lucas|1099\n|gen|9\n|tier|[Gen 9 Champions] VGC 2026 Reg M-A\n|rated|\n|rule|Species Clause: Limit one of each Pok\u00e9mon\n|rule|Item Clause: Limit 1 of each item\n|clearpoke\n|poke|p1|Gengar, L50, M|\n|poke|p1|Maushold, L50|\n|poke|p1|Bastiodon, L50, F|\n|poke|p1|Clefable, L50, F|\n|poke|p1|Sinistcha, L50|\n|poke|p1|Incineroar, L50, M|\n|poke|p2|Ariados, L50, M|\n|poke|p2|Floette-Eternal, L50, F|\n|poke|p2|Snorlax, L50, M|\n|poke|p2|Incineroar, L50, M|\n|poke|p2|Basculegion, L50, M|\n|poke|p2|Kommo-o, L50, M|\n|teampreview|4\n|inactive|Battle timer is ON: inactive players will automatically lose when time's up. (requested by arijankonac)\n|inactive|CharninjaGamingYT also wants the timer to be on.\n|inactive|arijankonac has 60 seconds left.\n|\n|t:|1776435060\n|teamsize|p1|4\n|teamsize|p2|4\n|start\n|switch|p1a: Gengar|Gengar, L50, M, shiny|100/100\n|switch|p1b: Maushold|Maushold, L50|100/100\n|switch|p2a: Ariados|Ariados, L50, M|100/100\n|switch|p2b: Incineroar|Incineroar, L50, M|100/100\n|-ability|p2b: Incineroar|Intimidate|boost\n|-unboost|p1a: Gengar|atk|1\n|-unboost|p1b: Maushold|atk|1\n|turn|1\n|\n|t:|1776435074\n|detailschange|p1a: Gengar|Gengar-Mega, L50, M, shiny\n|-mega|p1a: Gengar|Gengar|Gengarite\n|move|p2b: Incineroar|Fake Out|p1b: Maushold\n|-crit|p1b: Maushold\n|-damage|p1b: Maushold|80/100\n|cant|p1b: Maushold|flinch\n|move|p1a: Gengar|Perish Song|p1a: Gengar\n|-start|p1a: Gengar|perish3|[silent]\n|-start|p1b: Maushold|perish3|[silent]\n|-start|p2a: Ariados|perish3|[silent]\n|-start|p2b: Incineroar|perish3|[silent]\n|-fieldactivate|move: Perish Song\n|move|p2a: Ariados|Toxic Spikes|p1a: Gengar\n|-sidestart|p1: CharninjaGamingYT|move: Toxic Spikes\n|\n|-start|p1a: Gengar|perish3\n|-start|p1b: Maushold|perish3\n|-start|p2b: Incineroar|perish3\n|-start|p2a: Ariados|perish3\n|upkeep\n|turn|2\n|\n|t:|1776435094\n|move|p1b: Maushold|Follow Me|p1b: Maushold\n|-singleturn|p1b: Maushold|move: Follow Me\n|move|p1a: Gengar|Disable|p2a: Ariados\n|-start|p2a: Ariados|Disable|Toxic Spikes\n|move|p2b: Incineroar|Throat Chop|p1b: Maushold\n|-damage|p1b: Maushold|36/100\n|-start|p1b: Maushold|Throat Chop|[silent]\n|move|p2a: Ariados|String Shot|p1a: Gengar|[spread] p1a,p1b\n|-unboost|p1a: Gengar|spe|2\n|-unboost|p1b: Maushold|spe|2\n|\n|-start|p1a: Gengar|perish2\n|-start|p2b: Incineroar|perish2\n|-start|p1b: Maushold|perish2\n|-start|p2a: Ariados|perish2\n|upkeep\n|turn|3\n|\n|t:|1776435114\n|move|p1b: Maushold|Follow Me|p1b: Maushold\n|-singleturn|p1b: Maushold|move: Follow Me\n|move|p1a: Gengar|Disable|p2b: Incineroar\n|-start|p2b: Incineroar|Disable|Throat Chop\n|cant|p2b: Incineroar|Disable|Throat Chop\n|move|p2a: Ariados|Struggle Bug|p1a: Gengar|[spread] p1a,p1b\n|-resisted|p1a: Gengar|2\n|-damage|p1a: Gengar|99/100\n|-damage|p1b: Maushold|28/100\n|-unboost|p1a: Gengar|spa|1\n|-unboost|p1b: Maushold|spa|1\n|\n|-end|p1b: Maushold|Throat Chop|[silent]\n|-start|p1a: Gengar|perish1\n|-start|p2b: Incineroar|perish1\n|-start|p1b: Maushold|perish1\n|-start|p2a: Ariados|perish1\n|upkeep\n|turn|4\n|inactive|arijankonac has 30 seconds left.\n|\n|t:|1776435145\n|switch|p1a: Clefable|Clefable, L50, F|100/100\n|-status|p1a: Clefable|psn\n|move|p1b: Maushold|Follow Me|p1b: Maushold\n|-singleturn|p1b: Maushold|move: Follow Me\n|move|p2b: Incineroar|Parting Shot|p1b: Maushold\n|-unboost|p1b: Maushold|atk|1\n|-unboost|p1b: Maushold|spa|1\n|\n|t:|1776435155\n|switch|p2b: Snorlax|Snorlax, L50, M|100/100|[from] Parting Shot\n|move|p2a: Ariados|Struggle Bug|p1a: Clefable|[spread] p1a,p1b\n|-resisted|p1a: Clefable|1\n|-damage|p1a: Clefable|98/100 psn\n|-damage|p1b: Maushold|18/100\n|-unboost|p1a: Clefable|spa|1\n|-unboost|p1b: Maushold|spa|1\n|\n|-damage|p1a: Clefable|86/100 psn|[from] psn\n|-start|p1b: Maushold|perish0\n|-start|p2a: Ariados|perish0\n|upkeep\n|faint|p1b: Maushold\n|faint|p2a: Ariados\n|inactive|CharninjaGamingYT has 30 seconds left.\n|inactive|CharninjaGamingYT has 20 seconds left.\n|inactive|CharninjaGamingYT has 15 seconds left.\n|\n|t:|1776435196\n|switch|p1b: Gengar|Gengar-Mega, L50, M, shiny|99/100\n|switch|p2a: Floette|Floette-Eternal, L50, F|100/100\n|-sideend|p1: CharninjaGamingYT|move: Toxic Spikes|[of] p1b: Gengar\n|turn|5\n|\n|t:|1776435206\n|detailschange|p2a: Floette|Floette-Mega, L50, F\n|-mega|p2a: Floette|Floette|Floettite\n|-ability|p2a: Floette|Fairy Aura\n|move|p2b: Snorlax|Helping Hand|p2a: Floette\n|-singleturn|p2a: Floette|Helping Hand|[of] p2b: Snorlax\n|move|p1a: Clefable|Follow Me|p1a: Clefable\n|-singleturn|p1a: Clefable|move: Follow Me\n|move|p1b: Gengar|Perish Song|p1b: Gengar\n|-start|p1a: Clefable|perish3|[silent]\n|-start|p1b: Gengar|perish3|[silent]\n|-start|p2a: Floette|perish3|[silent]\n|-start|p2b: Snorlax|perish3|[silent]\n|-fieldactivate|move: Perish Song\n|move|p2a: Floette|Psychic|p1a: Clefable\n|-damage|p1a: Clefable|39/100 psn\n|-enditem|p1a: Clefable|Sitrus Berry|[eat]\n|-heal|p1a: Clefable|63/100 psn|[from] item: Sitrus Berry\n|\n|-damage|p1a: Clefable|51/100 psn|[from] psn\n|-start|p1b: Gengar|perish3\n|-start|p2a: Floette|perish3\n|-start|p1a: Clefable|perish3\n|-start|p2b: Snorlax|perish3\n|upkeep\n|turn|6\n|inactive|arijankonac has 30 seconds left.\n|inactive|arijankonac has 20 seconds left.\n|inactive|arijankonac has 15 seconds left.\n|\n|t:|1776435249\n|move|p1b: Gengar|Protect|p1b: Gengar\n|-singleturn|p1b: Gengar|Protect\n|move|p2a: Floette|Calm Mind|p2a: Floette\n|-boost|p2a: Floette|spa|1\n|-boost|p2a: Floette|spd|1\n|move|p1a: Clefable|Life Dew|p1a: Clefable|[spread] p1a,p1b\n|-heal|p1a: Clefable|76/100 psn\n|-heal|p1b: Gengar|100/100\n|move|p2b: Snorlax|Crunch|p1a: Clefable\n|-resisted|p1a: Clefable|1\n|-damage|p1a: Clefable|63/100 psn\n|-unboost|p1a: Clefable|def|1\n|\n|-damage|p1a: Clefable|51/100 psn|[from] psn\n|-start|p1b: Gengar|perish2\n|-start|p2a: Floette|perish2\n|-start|p1a: Clefable|perish2\n|-start|p2b: Snorlax|perish2\n|upkeep\n|turn|7\n|inactive|arijankonac has 30 seconds left.\n|\n|t:|1776435280\n|move|p1a: Clefable|Follow Me|p1a: Clefable\n|-singleturn|p1a: Clefable|move: Follow Me\n|move|p1b: Gengar|Disable|p2b: Snorlax\n|-start|p2b: Snorlax|Disable|Crunch\n|move|p2a: Floette|Psychic|p1a: Clefable\n|-damage|p1a: Clefable|14/100 psn\n|cant|p2b: Snorlax|Disable|Crunch\n|\n|-damage|p1a: Clefable|2/100 psn|[from] psn\n|-start|p1b: Gengar|perish1\n|-start|p2a: Floette|perish1\n|-start|p1a: Clefable|perish1\n|-start|p2b: Snorlax|perish1\n|upkeep\n|turn|8\n|inactive|arijankonac has 30 seconds left.\n|\n|t:|1776435306\n|switch|p1b: Sinistcha|Sinistcha, L50|100/100\n|-heal|p1a: Clefable|27/100 psn|[from] ability: Hospitality|[of] p1b: Sinistcha\n|move|p2a: Floette|Moonblast|p1b: Sinistcha\n|-damage|p1b: Sinistcha|0 fnt\n|faint|p1b: Sinistcha\n|move|p1a: Clefable|Life Dew|p1a: Clefable\n|-heal|p1a: Clefable|52/100 psn\n|move|p2b: Snorlax|Self-Destruct|p1a: Clefable|[spread] p2a,p1a\n|-damage|p2a: Floette|8/100\n|-damage|p1a: Clefable|0 fnt\n|faint|p2b: Snorlax\n|faint|p1a: Clefable\n|\n|-start|p2a: Floette|perish0\n|upkeep\n|faint|p2a: Floette\n|\n|t:|1776435321\n|switch|p2a: Incineroar|Incineroar, L50, M|100/100\n|switch|p1b: Gengar|Gengar-Mega, L50, M, shiny|100/100\n|-ability|p2a: Incineroar|Intimidate|boost\n|-unboost|p1b: Gengar|atk|1\n|turn|9\n|\n|t:|1776435328\n|move|p1b: Gengar|Protect|p1b: Gengar\n|-singleturn|p1b: Gengar|Protect\n|move|p2a: Incineroar|Throat Chop|p1b: Gengar\n|-activate|p1b: Gengar|move: Protect\n|\n|upkeep\n|turn|10\n|\n|t:|1776435336\n|move|p1b: Gengar|Disable|p2a: Incineroar\n|-start|p2a: Incineroar|Disable|Throat Chop\n|move|p2a: Incineroar|Parting Shot|p1b: Gengar\n|-unboost|p1b: Gengar|atk|1\n|-unboost|p1b: Gengar|spa|1\n|\n|upkeep\n|turn|11\n|\n|t:|1776435347\n|move|p1b: Gengar|Shadow Ball|p2a: Incineroar\n|-resisted|p2a: Incineroar|1\n|-damage|p2a: Incineroar|86/100\n|move|p2a: Incineroar|Flare Blitz|p1b: Gengar\n|-damage|p1b: Gengar|20/100\n|-damage|p2a: Incineroar|64/100|[from] Recoil\n|\n|upkeep\n|turn|12\n|c|\u2606arijankonac|ez win\n|c|\u2606arijankonac|perish puhhy\n|c|\u2606arijankonac|pathetic\n|c|\u2606CharninjaGamingYT|lmao\n|c|\u2606arijankonac|so bad\n|c|\u2606arijankonac|\"YT\" lol\n|c|\u2606arijankonac|sad\n|c|\u2606CharninjaGamingYT|wanna rematch?\n|inactive|arijankonac has 30 seconds left.\n|c|\u2606arijankonac|nah f off\n|n|!CharninjaGamingYT|charninjagamingyt\n|c|\u2606arijankonac|with that trash tactic\n|c|\u2606arijankonac|no fun\n|\n|t:|1776435382\n|move|p1b: Gengar|Shadow Ball|p2a: Incineroar\n|-resisted|p2a: Incineroar|1\n|-damage|p2a: Incineroar|50/100\n|-enditem|p2a: Incineroar|Sitrus Berry|[eat]\n|-heal|p2a: Incineroar|75/100|[from] item: Sitrus Berry\n|move|p2a: Incineroar|Flare Blitz|p1b: Gengar\n|-damage|p1b: Gengar|0 fnt\n|faint|p1b: Gengar\n|-damage|p2a: Incineroar|70/100|[from] Recoil\n|\n|win|arijankonac\n",
  "uploadtime": 1776435379,
  "views": 14,
  "formatid": "gen9championsvgc2026regma",
  "rating": null,
  "private": 0,
  "password": null
}