{
  "id": "gen9championsvgc2026regma-2584546606",
  "format": "[Gen 9 Champions] VGC 2026 Reg M-A",
  "players": [
    "Rolex_129",
    "Zeroarck76"
  ],
  "log": "|j|\u2606Rolex_129\n|j|\u2606Zeroarck76\n|t:|1776267917\n|gametype|doubles\n|player|p1|Rolex_129|burglar|1142\n|player|p2|Zeroarck76|petrel|1053\n|gen|9\n|tier|[Gen 9 Champions] VGC 2026 Reg M-A\n|rated|\n|rule|Species Clause: Limit one of each Pok\u00e9mon\n|rule|Item Clause: Limit 1 of each item\n|clearpoke\n|poke|p1|Charizard, L50, M|\n|poke|p1|Venusaur, L50, M|\n|poke|p1|Garchomp, L50, M|\n|poke|p1|Rotom-Wash, L50|\n|poke|p1|Sneasler, L50, F|\n|poke|p1|Incineroar, L50, F|\n|poke|p2|Crabominable, L50, M|\n|poke|p2|Farigiraf, L50, F|\n|poke|p2|Torkoal, L50, F|\n|poke|p2|Sinistcha, L50|\n|poke|p2|Gallade, L50, M|\n|poke|p2|Sableye, L50, F|\n|teampreview|4\n|inactive|Battle timer is ON: inactive players will automatically lose when time's up. (requested by Rolex_129)\n|\n|t:|1776267956\n|teamsize|p1|4\n|teamsize|p2|4\n|start\n|switch|p1a: Charizard|Charizard, L50, M, shiny|100/100\n|switch|p1b: Venusaur|Venusaur, L50, M|100/100\n|switch|p2a: Farigiraf|Farigiraf, L50, F|100/100\n|switch|p2b: Sableye|Sableye, L50, F|100/100\n|turn|1\n|\n|t:|1776267980\n|detailschange|p1a: Charizard|Charizard-Mega-Y, L50, M, shiny\n|-mega|p1a: Charizard|Charizard|Charizardite Y\n|-weather|SunnyDay|[from] ability: Drought|[of] p1a: Charizard\n|move|p2b: Sableye|Fake Out|p1b: Venusaur\n|-damage|p1b: Venusaur|90/100\n|cant|p1b: Venusaur|flinch\n|move|p1a: Charizard|Heat Wave|p2b: Sableye|[spread] p2a,p2b\n|-damage|p2a: Farigiraf|27/100\n|-damage|p2b: Sableye|26/100\n|-status|p2a: Farigiraf|brn\n|-enditem|p2a: Farigiraf|Sitrus Berry|[eat]\n|-heal|p2a: Farigiraf|52/100 brn|[from] item: Sitrus Berry\n|move|p2a: Farigiraf|Trick Room|p2a: Farigiraf\n|-fieldstart|move: Trick Room|[of] p2a: Farigiraf\n|\n|-weather|SunnyDay|[upkeep]\n|-damage|p2a: Farigiraf|46/100 brn|[from] brn\n|upkeep\n|turn|2\n|inactive|Rolex_129 has 30 seconds left.\n|\n|t:|1776268010\n|move|p2b: Sableye|Knock Off|p1a: Charizard\n|-damage|p1a: Charizard|77/100\n|move|p2a: Farigiraf|Psychic|p1b: Venusaur\n|-supereffective|p1b: Venusaur|1\n|-damage|p1b: Venusaur|0 fnt\n|faint|p1b: Venusaur\n|move|p1a: Charizard|Heat Wave|p2b: Sableye|[spread] p2a\n|-miss|p1a: Charizard|p2b: Sableye\n|-damage|p2a: Farigiraf|0 fnt\n|faint|p2a: Farigiraf\n|\n|-weather|SunnyDay|[upkeep]\n|upkeep\n|\n|t:|1776268023\n|switch|p2a: Crabominable|Crabominable, L50, M|100/100\n|switch|p1b: Rotom|Rotom-Wash, L50|100/100\n|turn|3\n|\n|t:|1776268044\n|detailschange|p2a: Crabominable|Crabominable-Mega, L50, M\n|-mega|p2a: Crabominable|Crabominable|Crabominite\n|move|p2b: Sableye|Taunt|p1b: Rotom\n|-start|p1b: Rotom|move: Taunt\n|move|p2a: Crabominable|Thunder Punch|p1a: Charizard\n|-supereffective|p1a: Charizard|1\n|-damage|p1a: Charizard|0 fnt\n|faint|p1a: Charizard\n|move|p1b: Rotom|Thunderbolt|p2b: Sableye\n|-damage|p2b: Sableye|0 fnt\n|faint|p2b: Sableye\n|\n|-weather|SunnyDay|[upkeep]\n|upkeep\n|\n|t:|1776268058\n|switch|p2b: Gallade|Gallade, L50, M|100/100\n|switch|p1a: Garchomp|Garchomp, L50, M|100/100\n|turn|4\n|\n|t:|1776268079\n|move|p2a: Crabominable|Ice Punch|p1a: Garchomp\n|-supereffective|p1a: Garchomp|2\n|-damage|p1a: Garchomp|0 fnt\n|-damage|p2a: Crabominable|88/100|[from] ability: Rough Skin|[of] p1a: Garchomp\n|faint|p1a: Garchomp\n|move|p2b: Gallade|Sacred Sword|p1b: Rotom\n|-damage|p1b: Rotom|23/100\n|move|p1b: Rotom|Thunderbolt|p2a: Crabominable\n|-damage|p2a: Crabominable|51/100\n|\n|-weather|SunnyDay|[upkeep]\n|-heal|p1b: Rotom|29/100|[from] item: Leftovers\n|upkeep\n|turn|5\n|-message|Rolex_129 forfeited.\n|\n|win|Zeroarck76\n|raw|Rolex_129's rating: 1142 &rarr; <strong>1111</strong><br />(-31 for losing)\n|raw|Zeroarck76's rating: 1053 &rarr; <strong>1093</strong><br />(+40 for winning)\n|l|\u2606Rolex_129\n|player|p1|\n",
  "uploadtime": 1776268099,
  "views": 15,
  "formatid": "gen9championsvgc2026regma",
  "rating": 1093,
  "private": 0,
  "password": null
}