{
  "id": "gen9championsvgc2026regma-2583976344",
  "format": "[Gen 9 Champions] VGC 2026 Reg M-A",
  "players": [
    "Billlmads",
    "Niko highway"
  ],
  "log": "|j|\u2606Billlmads\n|j|\u2606Niko highway\n|t:|1776213446\n|gametype|doubles\n|player|p1|Billlmads|red|1440\n|player|p2|Niko highway|266|1521\n|gen|9\n|tier|[Gen 9 Champions] VGC 2026 Reg M-A\n|rated|\n|rule|Species Clause: Limit one of each Pok\u00e9mon\n|rule|Item Clause: Limit 1 of each item\n|clearpoke\n|poke|p1|Delphox, L50, F|\n|poke|p1|Garchomp, L50, M|\n|poke|p1|Sneasler, L50, F|\n|poke|p1|Aerodactyl, L50, M|\n|poke|p1|Basculegion, L50, M|\n|poke|p1|Clefable, L50, M|\n|poke|p2|Incineroar, L50, F|\n|poke|p2|Conkeldurr, L50, F|\n|poke|p2|Sinistcha, L50|\n|poke|p2|Cofagrigus, L50, F|\n|poke|p2|Drampa, L50, M|\n|poke|p2|Aegislash, L50, F|\n|teampreview|4\n|j| trisew\n|inactive|Battle timer is ON: inactive players will automatically lose when time's up. (requested by Billlmads)\n|\n|t:|1776213496\n|teamsize|p1|4\n|teamsize|p2|4\n|start\n|switch|p1a: Garchomp|Garchomp, L50, M, shiny|100/100\n|switch|p1b: Delphox|Delphox, L50, F, shiny|100/100\n|switch|p2a: Incineroar|Incineroar, L50, F|100/100\n|switch|p2b: Cofagrigus|Cofagrigus, L50, F|100/100\n|-ability|p2a: Incineroar|Intimidate|boost\n|-unboost|p1a: Garchomp|atk|1\n|-unboost|p1b: Delphox|atk|1\n|turn|1\n|\n|t:|1776213512\n|switch|p1a: Clefable|Clefable, L50, M|100/100\n|detailschange|p1b: Delphox|Delphox-Mega, L50, F, shiny\n|-mega|p1b: Delphox|Delphox|Delphoxite\n|move|p2a: Incineroar|Fake Out|p1b: Delphox\n|-damage|p1b: Delphox|79/100\n|cant|p1b: Delphox|flinch\n|move|p2b: Cofagrigus|Trick Room|p2b: Cofagrigus\n|-fieldstart|move: Trick Room|[of] p2b: Cofagrigus\n|\n|upkeep\n|turn|2\n|inactive|Niko highway has 30 seconds left.\n|\n|t:|1776213545\n|move|p1a: Clefable|Protect|p1a: Clefable\n|-singleturn|p1a: Clefable|Protect\n|move|p1b: Delphox|Protect|p1b: Delphox\n|-singleturn|p1b: Delphox|Protect\n|move|p2b: Cofagrigus|Shadow Ball|p1b: Delphox\n|-activate|p1b: Delphox|move: Protect\n|move|p2a: Incineroar|Flare Blitz|p1a: Clefable\n|-activate|p1a: Clefable|move: Protect\n|\n|upkeep\n|turn|3\n|\n|t:|1776213564\n|move|p1a: Clefable|Follow Me|p1a: Clefable\n|-singleturn|p1a: Clefable|move: Follow Me\n|move|p2b: Cofagrigus|Shadow Ball|p1a: Clefable\n|-damage|p1a: Clefable|77/100\n|move|p2a: Incineroar|Flare Blitz|p1a: Clefable\n|-damage|p1a: Clefable|20/100\n|-enditem|p1a: Clefable|Sitrus Berry|[eat]\n|-heal|p1a: Clefable|45/100|[from] item: Sitrus Berry\n|-damage|p2a: Incineroar|82/100|[from] Recoil\n|move|p1b: Delphox|Nasty Plot|p1b: Delphox\n|-boost|p1b: Delphox|spa|2\n|\n|upkeep\n|turn|4\n|l| trisew\n|inactive|Niko highway has 30 seconds left.\n|inactive|Niko highway has 20 seconds left.\n|\n|t:|1776213600\n|move|p1a: Clefable|Follow Me|p1a: Clefable\n|-singleturn|p1a: Clefable|move: Follow Me\n|move|p2b: Cofagrigus|Shadow Ball|p1a: Clefable\n|-damage|p1a: Clefable|21/100\n|-unboost|p1a: Clefable|spd|1\n|move|p2a: Incineroar|Throat Chop|p1a: Clefable\n|-resisted|p1a: Clefable|1\n|-damage|p1a: Clefable|4/100\n|-start|p1a: Clefable|Throat Chop|[silent]\n|move|p1b: Delphox|Heat Wave|p2b: Cofagrigus|[spread] p2a,p2b\n|-resisted|p2a: Incineroar|1\n|-damage|p2a: Incineroar|39/100\n|-damage|p2b: Cofagrigus|24/100\n|-enditem|p2a: Incineroar|Sitrus Berry|[eat]\n|-heal|p2a: Incineroar|63/100|[from] item: Sitrus Berry\n|\n|-heal|p2b: Cofagrigus|30/100|[from] item: Leftovers\n|upkeep\n|turn|5\n|\n|t:|1776213620\n|switch|p2a: Conkeldurr|Conkeldurr, L50, F|100/100\n|move|p1b: Delphox|Protect|p1b: Delphox\n|-singleturn|p1b: Delphox|Protect\n|move|p2b: Cofagrigus|Shadow Ball|p1a: Clefable\n|-damage|p1a: Clefable|0 fnt\n|faint|p1a: Clefable\n|\n|-heal|p2b: Cofagrigus|36/100|[from] item: Leftovers\n|-fieldend|move: Trick Room\n|upkeep\n|\n|t:|1776213638\n|switch|p1a: Garchomp|Garchomp, L50, M, shiny|100/100\n|turn|6\n|\n|t:|1776213650\n|move|p2a: Conkeldurr|Wide Guard|p2a: Conkeldurr\n|-singleturn|p2a: Conkeldurr|Wide Guard\n|move|p1b: Delphox|Heat Wave|p2b: Cofagrigus|[spread] \n|-activate|p2a: Conkeldurr|move: Wide Guard\n|-activate|p2b: Cofagrigus|move: Wide Guard\n|move|p1a: Garchomp|Earthquake|p2b: Cofagrigus|[spread] \n|-activate|p2a: Conkeldurr|move: Wide Guard\n|-activate|p2b: Cofagrigus|move: Wide Guard\n|-immune|p1b: Delphox|[from] ability: Levitate\n|move|p2b: Cofagrigus|Trick Room|p2b: Cofagrigus\n|-fieldstart|move: Trick Room|[of] p2b: Cofagrigus\n|\n|-heal|p2b: Cofagrigus|42/100|[from] item: Leftovers\n|upkeep\n|turn|7\n|\n|t:|1776213669\n|move|p1b: Delphox|Protect|p1b: Delphox\n|-singleturn|p1b: Delphox|Protect\n|move|p2b: Cofagrigus|Will-O-Wisp|p1a: Garchomp\n|-status|p1a: Garchomp|brn\n|move|p2a: Conkeldurr|Drain Punch|p1a: Garchomp\n|-damage|p1a: Garchomp|37/100 brn\n|-damage|p2a: Conkeldurr|88/100|[from] ability: Rough Skin|[of] p1a: Garchomp\n|move|p1a: Garchomp|Earthquake|p2b: Cofagrigus|[spread] p2a,p2b\n|-activate|p1b: Delphox|move: Protect\n|-damage|p2a: Conkeldurr|72/100\n|-damage|p2b: Cofagrigus|30/100\n|\n|-heal|p2b: Cofagrigus|37/100|[from] item: Leftovers\n|-damage|p1a: Garchomp|31/100 brn|[from] brn\n|upkeep\n|turn|8\n|\n|t:|1776213691\n|switch|p1b: Basculegion|Basculegion, L50, M|100/100\n|move|p2b: Cofagrigus|Shadow Ball|p1b: Basculegion\n|-supereffective|p1b: Basculegion|1\n|-damage|p1b: Basculegion|36/100\n|move|p2a: Conkeldurr|Knock Off|p1b: Basculegion\n|-supereffective|p1b: Basculegion|1\n|-damage|p1b: Basculegion|0 fnt\n|-enditem|p1b: Basculegion|Choice Scarf|[from] move: Knock Off|[of] p2a: Conkeldurr\n|faint|p1b: Basculegion\n|move|p1a: Garchomp|Dragon Claw|p2b: Cofagrigus\n|-damage|p2b: Cofagrigus|22/100\n|-activate|p2b: Cofagrigus|ability: Mummy|p1a: Garchomp|[ability] Rough Skin\n|\n|-heal|p2b: Cofagrigus|28/100|[from] item: Leftovers\n|-damage|p1a: Garchomp|25/100 brn|[from] brn\n|upkeep\n|j| humungulous\n|\n|t:|1776213697\n|switch|p1b: Delphox|Delphox-Mega, L50, F, shiny|79/100\n|turn|9\n|\n|t:|1776213704\n|move|p1a: Garchomp|Protect|p1a: Garchomp\n|-singleturn|p1a: Garchomp|Protect\n|move|p1b: Delphox|Protect|p1b: Delphox\n|-singleturn|p1b: Delphox|Protect\n|move|p2b: Cofagrigus|Shadow Ball|p1a: Garchomp\n|-activate|p1a: Garchomp|move: Protect\n|move|p2a: Conkeldurr|Knock Off|p1b: Delphox\n|-activate|p1b: Delphox|move: Protect\n|\n|-heal|p2b: Cofagrigus|34/100|[from] item: Leftovers\n|-damage|p1a: Garchomp|19/100 brn|[from] brn\n|upkeep\n|turn|10\n|\n|t:|1776213716\n|move|p1a: Garchomp|Protect|p1a: Garchomp\n|-singleturn|p1a: Garchomp|Protect\n|move|p1b: Delphox|Protect||[still]\n|-fail|p1b: Delphox\n|move|p2a: Conkeldurr|Mach Punch|p1a: Garchomp\n|-activate|p1a: Garchomp|move: Protect\n|move|p2b: Cofagrigus|Shadow Ball|p1b: Delphox\n|-supereffective|p1b: Delphox|1\n|-damage|p1b: Delphox|23/100\n|-unboost|p1b: Delphox|spd|1\n|\n|-heal|p2b: Cofagrigus|40/100|[from] item: Leftovers\n|-damage|p1a: Garchomp|13/100 brn|[from] brn\n|-fieldend|move: Trick Room\n|upkeep\n|turn|11\n|\n|t:|1776213731\n|move|p2a: Conkeldurr|Mach Punch|p1a: Garchomp\n|-crit|p1a: Garchomp\n|-damage|p1a: Garchomp|0 fnt\n|-activate|p1a: Garchomp|ability: Mummy|p2a: Conkeldurr|[ability] Iron Fist\n|faint|p1a: Garchomp\n|move|p1b: Delphox|Psychic|p2b: Cofagrigus\n|-damage|p2b: Cofagrigus|0 fnt\n|faint|p2b: Cofagrigus\n|\n|upkeep\n|-message|Billlmads forfeited.\n|\n|win|Niko highway\n|raw|Billlmads's rating: 1440 &rarr; <strong>1425</strong><br />(-15 for losing)\n|raw|Niko highway's rating: 1521 &rarr; <strong>1536</strong><br />(+15 for winning)\n",
  "uploadtime": 1776213740,
  "views": 63,
  "formatid": "gen9championsvgc2026regma",
  "rating": 1425,
  "private": 0,
  "password": null
}