{
  "id": "gen9championsvgc2026regma-2582137272",
  "format": "[Gen 9 Champions] VGC 2026 Reg M-A",
  "players": [
    "TeamYourNoobs",
    "snowteam3"
  ],
  "log": "|j|\u2606TeamYourNoobs\n|j|\u2606snowteam3\n|t:|1776062794\n|gametype|doubles\n|player|p1|TeamYourNoobs|iono|1178\n|player|p2|snowteam3|hiker-gen4|1210\n|gen|9\n|tier|[Gen 9 Champions] VGC 2026 Reg M-A\n|rated|\n|rule|Species Clause: Limit one of each Pok\u00e9mon\n|rule|Item Clause: Limit 1 of each item\n|clearpoke\n|poke|p1|Floette-Eternal, L50, F|\n|poke|p1|Clefable, L50, F|\n|poke|p1|Rotom-Wash, L50|\n|poke|p1|Incineroar, L50, F|\n|poke|p1|Aerodactyl, L50, F|\n|poke|p1|Sinistcha, L50|\n|poke|p2|Gyarados, L50, F|\n|poke|p2|Archaludon, L50, M|\n|poke|p2|Incineroar, L50, M|\n|poke|p2|Gengar, L50, F|\n|poke|p2|Pelipper, L50, M|\n|poke|p2|Basculegion, L50, M|\n|teampreview|4\n|inactive|Battle timer is ON: inactive players will automatically lose when time's up. (requested by snowteam3)\n|\n|t:|1776062811\n|teamsize|p1|4\n|teamsize|p2|4\n|start\n|switch|p1a: Floette|Floette-Eternal, L50, F|100/100\n|switch|p1b: Aerodactyl|Aerodactyl, L50, F|100/100\n|switch|p2a: Archaludon|Archaludon, L50, M|100/100\n|switch|p2b: Incineroar|Incineroar, L50, M|100/100\n|-ability|p1b: Aerodactyl|Unnerve\n|-ability|p2b: Incineroar|Intimidate|boost\n|-unboost|p1a: Floette|atk|1\n|-unboost|p1b: Aerodactyl|atk|1\n|turn|1\n|\n|t:|1776062830\n|move|p1a: Floette|Protect|p1a: Floette\n|-singleturn|p1a: Floette|Protect\n|move|p2b: Incineroar|Fake Out|p1a: Floette\n|-activate|p1a: Floette|move: Protect\n|move|p1b: Aerodactyl|Tailwind|p1b: Aerodactyl\n|-sidestart|p1: TeamYourNoobs|move: Tailwind\n|move|p2a: Archaludon|Electro Shot||[still]\n|-prepare|p2a: Archaludon|Electro Shot\n|-boost|p2a: Archaludon|spa|1\n|\n|upkeep\n|turn|2\n|\n|t:|1776062847\n|detailschange|p1a: Floette|Floette-Mega, L50, F\n|-mega|p1a: Floette|Floette|Floettite\n|-ability|p1a: Floette|Fairy Aura\n|move|p1b: Aerodactyl|Rock Slide|p2b: Incineroar|[spread] p2a,p2b\n|-resisted|p2a: Archaludon|1\n|-supereffective|p2b: Incineroar|1\n|-damage|p2a: Archaludon|95/100\n|-damage|p2b: Incineroar|69/100\n|-ability|p2a: Archaludon|Stamina|boost\n|-boost|p2a: Archaludon|def|1\n|move|p1a: Floette|Moonblast|p2a: Archaludon\n|-damage|p2a: Archaludon|20/100\n|-ability|p2a: Archaludon|Stamina|boost\n|-boost|p2a: Archaludon|def|1\n|cant|p2b: Incineroar|flinch\n|cant|p2a: Archaludon|flinch\n|\n|-heal|p2a: Archaludon|26/100|[from] item: Leftovers\n|upkeep\n|turn|3\n|\n|t:|1776062868\n|move|p1b: Aerodactyl|Stealth Rock|p2b: Incineroar\n|-sidestart|p2: snowteam3|move: Stealth Rock\n|move|p1a: Floette|Dazzling Gleam|p2a: Archaludon|[spread] p2a,p2b\n|-damage|p2a: Archaludon|0 fnt\n|-damage|p2b: Incineroar|19/100\n|faint|p2a: Archaludon\n|move|p2b: Incineroar|Parting Shot|p1a: Floette\n|-unboost|p1a: Floette|atk|1\n|-unboost|p1a: Floette|spa|1\n|\n|t:|1776062877\n|switch|p2b: Gyarados|Gyarados, L50, F|100/100|[from] Parting Shot\n|-damage|p2b: Gyarados|76/100|[from] Stealth Rock\n|-ability|p2b: Gyarados|Intimidate|boost\n|-unboost|p1a: Floette|atk|1\n|-unboost|p1b: Aerodactyl|atk|1\n|\n|upkeep\n|\n|t:|1776062884\n|switch|p2a: Gengar|Gengar, L50, F|100/100\n|-damage|p2a: Gengar|89/100|[from] Stealth Rock\n|turn|4\n|\n|t:|1776062895\n|switch|p1a: Rotom|Rotom-Wash, L50|100/100\n|detailschange|p2a: Gengar|Gengar-Mega, L50, F\n|-mega|p2a: Gengar|Gengar|Gengarite\n|move|p1b: Aerodactyl|Taunt|p2a: Gengar\n|-start|p2a: Gengar|move: Taunt\n|move|p2a: Gengar|Sludge Bomb|p1a: Rotom\n|-crit|p1a: Rotom\n|-damage|p1a: Rotom|0 fnt\n|faint|p1a: Rotom\n|move|p2b: Gyarados|Waterfall|p1b: Aerodactyl\n|-supereffective|p1b: Aerodactyl|1\n|-enditem|p1b: Aerodactyl|Focus Sash\n|-damage|p1b: Aerodactyl|1/100\n|\n|-sideend|p1: TeamYourNoobs|move: Tailwind\n|upkeep\n|\n|t:|1776062915\n|switch|p1a: Sinistcha|Sinistcha, L50|100/100\n|-heal|p1b: Aerodactyl|26/100|[from] ability: Hospitality|[of] p1a: Sinistcha\n|turn|5\n|\n|t:|1776062924\n|move|p1b: Aerodactyl|Tailwind|p1b: Aerodactyl\n|-sidestart|p1: TeamYourNoobs|move: Tailwind\n|move|p2a: Gengar|Sludge Bomb|p1b: Aerodactyl\n|-resisted|p1b: Aerodactyl|1\n|-damage|p1b: Aerodactyl|0 fnt\n|faint|p1b: Aerodactyl\n|move|p1a: Sinistcha|Matcha Gotcha|p2a: Gengar|[spread] p2a,p2b\n|-resisted|p2a: Gengar|1\n|-damage|p2a: Gengar|68/100\n|-damage|p2b: Gyarados|50/100\n|move|p2b: Gyarados|Crunch|p1a: Sinistcha\n|-supereffective|p1a: Sinistcha|1\n|-damage|p1a: Sinistcha|63/100\n|-unboost|p1a: Sinistcha|def|1\n|\n|upkeep\n|\n|t:|1776062935\n|switch|p1b: Floette|Floette-Mega, L50, F|100/100\n|-ability|p1b: Floette|Fairy Aura\n|turn|6\n|\n|t:|1776062951\n|move|p1b: Floette|Protect|p1b: Floette\n|-singleturn|p1b: Floette|Protect\n|move|p2a: Gengar|Sludge Bomb|p1b: Floette\n|-activate|p1b: Floette|move: Protect\n|move|p1a: Sinistcha|Matcha Gotcha|p2b: Gyarados|[spread] p2a,p2b\n|-resisted|p2a: Gengar|1\n|-damage|p2a: Gengar|48/100\n|-heal|p1a: Sinistcha|71/100|[from] drain|[of] p2a: Gengar\n|-damage|p2b: Gyarados|24/100\n|-heal|p1a: Sinistcha|86/100|[from] drain|[of] p2b: Gyarados\n|move|p2b: Gyarados|Waterfall|p1b: Floette\n|-activate|p1b: Floette|move: Protect\n|\n|-end|p2a: Gengar|move: Taunt\n|upkeep\n|turn|7\n|\n|t:|1776062970\n|move|p1b: Floette|Moonblast|p2a: Gengar\n|-resisted|p2a: Gengar|1\n|-damage|p2a: Gengar|0 fnt\n|faint|p2a: Gengar\n|move|p1a: Sinistcha|Matcha Gotcha|p2b: Gyarados\n|-damage|p2b: Gyarados|0 fnt\n|-heal|p1a: Sinistcha|99/100|[from] drain|[of] p2b: Gyarados\n|faint|p2b: Gyarados\n|\n|upkeep\n|\n|t:|1776062982\n|switch|p2b: Incineroar|Incineroar, L50, M|19/100\n|-damage|p2b: Incineroar|0 fnt|[from] Stealth Rock\n|faint|p2b: Incineroar\n|\n|win|TeamYourNoobs\n|raw|TeamYourNoobs's rating: 1178 &rarr; <strong>1205</strong><br />(+27 for winning)\n|raw|snowteam3's rating: 1210 &rarr; <strong>1183</strong><br />(-27 for losing)\n",
  "uploadtime": 1776062986,
  "views": 13,
  "formatid": "gen9championsvgc2026regma",
  "rating": 1183,
  "private": 0,
  "password": null
}