{
  "id": "gen9championsvgc2026regma-2585735054",
  "format": "[Gen 9 Champions] VGC 2026 Reg M-A",
  "players": [
    "rfgfddv",
    "mastahpasta"
  ],
  "log": "|j|\u2606rfgfddv\n|j|\u2606mastahpasta\n|t:|1776366960\n|gametype|doubles\n|player|p1|rfgfddv|1|1000\n|player|p2|mastahpasta|1|1000\n|gen|9\n|tier|[Gen 9 Champions] VGC 2026 Reg M-A\n|rated|\n|rule|Species Clause: Limit one of each Pok\u00e9mon\n|rule|Item Clause: Limit 1 of each item\n|clearpoke\n|poke|p1|Raichu, L50, M|\n|poke|p1|Aurorus, L50, F|\n|poke|p1|Rotom-Frost, L50|\n|poke|p1|Whimsicott, L50, M|\n|poke|p1|Scizor, L50, M|\n|poke|p1|Arcanine-Hisui, L50, M|\n|poke|p2|Torkoal, L50, M|\n|poke|p2|Delphox, L50, F|\n|poke|p2|Incineroar, L50, M|\n|poke|p2|Garchomp, L50, M|\n|poke|p2|Whimsicott, L50, M|\n|poke|p2|Sinistcha, L50|\n|teampreview|4\n|\n|t:|1776366993\n|teamsize|p1|4\n|teamsize|p2|4\n|start\n|switch|p1a: Raichu|Raichu, L50, M|100/100\n|switch|p1b: Aurorus|Aurorus, L50, F|100/100\n|switch|p2a: Whimsicott|Whimsicott, L50, M|100/100\n|switch|p2b: Torkoal|Torkoal, L50, M|100/100\n|-weather|Snowscape|[from] ability: Snow Warning|[of] p1b: Aurorus\n|-weather|SunnyDay|[from] ability: Drought|[of] p2b: Torkoal\n|turn|1\n|\n|t:|1776367030\n|move|p1a: Raichu|Fake Out|p2a: Whimsicott\n|-damage|p2a: Whimsicott|92/100\n|cant|p2a: Whimsicott|flinch\n|move|p1b: Aurorus|Blizzard|p2b: Torkoal|[spread] p2a\n|-miss|p1b: Aurorus|p2b: Torkoal\n|-supereffective|p2a: Whimsicott|1\n|-damage|p2a: Whimsicott|0 fnt\n|faint|p2a: Whimsicott\n|move|p2b: Torkoal|Eruption|p1b: Aurorus|[spread] p1a,p1b\n|-crit|p1b: Aurorus\n|-damage|p1a: Raichu|9/100\n|-damage|p1b: Aurorus|26/100\n|\n|-weather|SunnyDay|[upkeep]\n|upkeep\n|\n|t:|1776367051\n|switch|p2a: Delphox|Delphox, L50, F, shiny|100/100\n|turn|2\n|\n|t:|1776367073\n|switch|p1b: Arcanine|Arcanine-Hisui, L50, M|100/100\n|-ability|p1b: Arcanine|Intimidate|boost\n|-unboost|p2a: Delphox|atk|1\n|-unboost|p2b: Torkoal|atk|1\n|detailschange|p2a: Delphox|Delphox-Mega, L50, F, shiny\n|-mega|p2a: Delphox|Delphox|Delphoxite\n|move|p1a: Raichu|Protect|p1a: Raichu\n|-singleturn|p1a: Raichu|Protect\n|move|p2a: Delphox|Heat Wave|p1b: Arcanine|[spread] \n|-activate|p1a: Raichu|move: Protect\n|-miss|p2a: Delphox|p1b: Arcanine\n|move|p2b: Torkoal|Eruption|p1a: Raichu|[spread] p1b\n|-activate|p1a: Raichu|move: Protect\n|-resisted|p1b: Arcanine|2\n|-damage|p1b: Arcanine|82/100\n|\n|-weather|SunnyDay|[upkeep]\n|upkeep\n|turn|3\n|\n|t:|1776367101\n|move|p2a: Delphox|Heat Wave|p1b: Arcanine|[spread] p1b\n|-miss|p2a: Delphox|p1a: Raichu\n|-resisted|p1b: Arcanine|2\n|-damage|p1b: Arcanine|60/100\n|move|p1a: Raichu|Discharge|p2b: Torkoal|[spread] p1b,p2a,p2b\n|-damage|p1b: Arcanine|28/100\n|-damage|p2a: Delphox|76/100\n|-damage|p2b: Torkoal|65/100\n|-status|p2b: Torkoal|par\n|move|p1b: Arcanine|Rock Slide|p2a: Delphox|[spread] p2a,p2b\n|-supereffective|p2a: Delphox|1\n|-supereffective|p2b: Torkoal|1\n|-damage|p2a: Delphox|0 fnt\n|-damage|p2b: Torkoal|34/100 par\n|faint|p2a: Delphox\n|move|p2b: Torkoal|Earth Power|p1b: Arcanine\n|-supereffective|p1b: Arcanine|2\n|-damage|p1b: Arcanine|0 fnt\n|faint|p1b: Arcanine\n|\n|-weather|SunnyDay|[upkeep]\n|upkeep\n|\n|t:|1776367119\n|switch|p2a: Garchomp|Garchomp, L50, M|100/100\n|switch|p1b: Aurorus|Aurorus, L50, F|26/100\n|-weather|Snowscape|[from] ability: Snow Warning|[of] p1b: Aurorus\n|turn|4\n|\n|t:|1776367143\n|switch|p1a: Rotom|Rotom-Frost, L50|100/100\n|move|p1b: Aurorus|Protect|p1b: Aurorus\n|-singleturn|p1b: Aurorus|Protect\n|move|p2b: Torkoal|Protect|p2b: Torkoal\n|-singleturn|p2b: Torkoal|Protect\n|move|p2a: Garchomp|Rock Slide|p1a: Rotom|[spread] p1a\n|-activate|p1b: Aurorus|move: Protect\n|-supereffective|p1a: Rotom|1\n|-damage|p1a: Rotom|62/100\n|\n|-weather|Snowscape|[upkeep]\n|upkeep\n|turn|5\n|\n|t:|1776367157\n|move|p2a: Garchomp|Rock Slide|p1b: Aurorus|[spread] p1a\n|-miss|p2a: Garchomp|p1b: Aurorus\n|-supereffective|p1a: Rotom|1\n|-damage|p1a: Rotom|28/100\n|move|p1a: Rotom|Blizzard|p2a: Garchomp|[spread] p2a,p2b\n|-supereffective|p2a: Garchomp|2\n|-resisted|p2b: Torkoal|1\n|-damage|p2a: Garchomp|0 fnt\n|-damage|p2b: Torkoal|2/100 par\n|faint|p2a: Garchomp\n|move|p1b: Aurorus|Aurora Veil|p1b: Aurorus\n|-sidestart|p1: rfgfddv|move: Aurora Veil\n|move|p2b: Torkoal|Eruption|p1b: Aurorus|[spread] p1a,p1b\n|-supereffective|p1a: Rotom|1\n|-damage|p1a: Rotom|28/100\n|-damage|p1b: Aurorus|26/100\n|\n|-weather|Snowscape|[upkeep]\n|upkeep\n|turn|6\n|\n|t:|1776367181\n|move|p1a: Rotom|Dark Pulse|p2b: Torkoal\n|-damage|p2b: Torkoal|0 fnt\n|faint|p2b: Torkoal\n|\n|win|rfgfddv\n|raw|rfgfddv's rating: 1000 &rarr; <strong>1040</strong><br />(+40 for winning)\n|raw|mastahpasta's rating: 1000 &rarr; <strong>1000</strong><br />(+0 for losing)\n|l|\u2606mastahpasta\n|player|p2|\n",
  "uploadtime": 1776367191,
  "views": 15,
  "formatid": "gen9championsvgc2026regma",
  "rating": 1000,
  "private": 0,
  "password": null
}