{
  "id": "gen9championsvgc2026regma-2585790758",
  "format": "[Gen 9 Champions] VGC 2026 Reg M-A",
  "players": [
    "bruecke",
    "BloodMinister01"
  ],
  "log": "|j|\u2606bruecke\n|j|\u2606BloodMinister01\n|t:|1776370865\n|gametype|doubles\n|player|p1|bruecke|266|1221\n|player|p2|BloodMinister01|gentleman-gen4|1185\n|gen|9\n|tier|[Gen 9 Champions] VGC 2026 Reg M-A\n|rated|\n|rule|Species Clause: Limit one of each Pok\u00e9mon\n|rule|Item Clause: Limit 1 of each item\n|clearpoke\n|poke|p1|Sneasler, L50, F|\n|poke|p1|Incineroar, L50, F|\n|poke|p1|Floette-Eternal, L50, F|\n|poke|p1|Aerodactyl, L50, F|\n|poke|p1|Garchomp, L50, F|\n|poke|p1|Rotom-Wash, L50|\n|poke|p2|Glimmora, L50, M|\n|poke|p2|Whimsicott, L50, F|\n|poke|p2|Basculegion, L50, M|\n|poke|p2|Sneasler, L50, M|\n|poke|p2|Froslass, L50, F|\n|poke|p2|Incineroar, L50, M|\n|teampreview|4\n|inactive|Battle timer is ON: inactive players will automatically lose when time's up. (requested by BloodMinister01)\n|\n|t:|1776370927\n|teamsize|p1|4\n|teamsize|p2|4\n|start\n|switch|p1a: Aerodactyl|Aerodactyl, L50, F|100/100\n|switch|p1b: Rotom|Rotom-Wash, L50|100/100\n|switch|p2a: Froslass|Froslass, L50, F|100/100\n|switch|p2b: Sneasler|Sneasler, L50, M|100/100\n|-ability|p1a: Aerodactyl|Unnerve\n|turn|1\n|inactive|bruecke has 30 seconds left.\n|\n|t:|1776370956\n|switch|p2a: Whimsicott|Whimsicott, L50, F|100/100\n|move|p1a: Aerodactyl|Protect|p1a: Aerodactyl\n|-singleturn|p1a: Aerodactyl|Protect\n|move|p2b: Sneasler|Fake Out|p1a: Aerodactyl\n|-activate|p1a: Aerodactyl|move: Protect\n|move|p1b: Rotom|Electroweb|p2a: Whimsicott|[spread] p2a,p2b\n|-resisted|p2a: Whimsicott|1\n|-damage|p2a: Whimsicott|90/100\n|-damage|p2b: Sneasler|79/100\n|-unboost|p2a: Whimsicott|spe|1\n|-unboost|p2b: Sneasler|spe|1\n|-enditem|p2b: Sneasler|White Herb\n|-clearnegativeboost|p2b: Sneasler|[silent]\n|\n|upkeep\n|turn|2\n|inactive|BloodMinister01 has 30 seconds left.\n|inactive|BloodMinister01 has 20 seconds left.\n|\n|t:|1776370997\n|switch|p1a: Garchomp|Garchomp, L50, F|100/100\n|move|p2a: Whimsicott|Taunt|p1a: Garchomp\n|-start|p1a: Garchomp|move: Taunt\n|move|p2b: Sneasler|Close Combat|p1a: Garchomp\n|-damage|p1a: Garchomp|37/100\n|-unboost|p2b: Sneasler|def|1\n|-unboost|p2b: Sneasler|spd|1\n|-damage|p2b: Sneasler|66/100|[from] ability: Rough Skin|[of] p1a: Garchomp\n|move|p1b: Rotom|Electroweb|p2a: Whimsicott|[spread] p2a,p2b\n|-resisted|p2a: Whimsicott|1\n|-damage|p2a: Whimsicott|80/100\n|-damage|p2b: Sneasler|37/100\n|-unboost|p2a: Whimsicott|spe|1\n|-unboost|p2b: Sneasler|spe|1\n|\n|upkeep\n|turn|3\n|inactive|bruecke has 30 seconds left.\n|inactive|BloodMinister01 has 30 seconds left.\n|\n|t:|1776371035\n|switch|p1a: Aerodactyl|Aerodactyl, L50, F|100/100\n|-ability|p1a: Aerodactyl|Unnerve\n|move|p2a: Whimsicott|Tailwind|p2a: Whimsicott\n|-sidestart|p2: BloodMinister01|move: Tailwind\n|move|p2b: Sneasler|Close Combat|p1a: Aerodactyl\n|-crit|p1a: Aerodactyl\n|-enditem|p1a: Aerodactyl|Focus Sash\n|-damage|p1a: Aerodactyl|1/100\n|-unboost|p2b: Sneasler|def|1\n|-unboost|p2b: Sneasler|spd|1\n|move|p1b: Rotom|Electroweb|p2a: Whimsicott|[spread] p2a,p2b\n|-resisted|p2a: Whimsicott|1\n|-damage|p2a: Whimsicott|70/100\n|-damage|p2b: Sneasler|0 fnt\n|-unboost|p2a: Whimsicott|spe|1\n|faint|p2b: Sneasler\n|\n|upkeep\n|\n|t:|1776371050\n|switch|p2b: Basculegion|Basculegion, L50, M|100/100\n|turn|4\n|\n|t:|1776371065\n|move|p2b: Basculegion|Last Respects|p1a: Aerodactyl\n|-damage|p1a: Aerodactyl|0 fnt\n|faint|p1a: Aerodactyl\n|move|p1b: Rotom|Electroweb|p2a: Whimsicott|[spread] p2a,p2b\n|-resisted|p2a: Whimsicott|1\n|-supereffective|p2b: Basculegion|1\n|-damage|p2a: Whimsicott|59/100\n|-damage|p2b: Basculegion|63/100\n|-unboost|p2a: Whimsicott|spe|1\n|-unboost|p2b: Basculegion|spe|1\n|move|p2a: Whimsicott|Moonblast|p1b: Rotom\n|-damage|p1b: Rotom|73/100\n|\n|upkeep\n|\n|t:|1776371080\n|switch|p1a: Floette|Floette-Eternal, L50, F|100/100\n|turn|5\n|\n|t:|1776371094\n|detailschange|p1a: Floette|Floette-Mega, L50, F\n|-mega|p1a: Floette|Floette|Floettite\n|-ability|p1a: Floette|Fairy Aura\n|move|p2b: Basculegion|Last Respects|p1a: Floette\n|-damage|p1a: Floette|26/100\n|move|p1b: Rotom|Electroweb|p2a: Whimsicott|[spread] p2a,p2b\n|-resisted|p2a: Whimsicott|1\n|-supereffective|p2b: Basculegion|1\n|-damage|p2a: Whimsicott|48/100\n|-damage|p2b: Basculegion|22/100\n|-unboost|p2a: Whimsicott|spe|1\n|-unboost|p2b: Basculegion|spe|1\n|move|p1a: Floette|Dazzling Gleam|p2b: Basculegion|[spread] p2a,p2b\n|-damage|p2a: Whimsicott|0 fnt\n|-damage|p2b: Basculegion|0 fnt\n|faint|p2a: Whimsicott\n|faint|p2b: Basculegion\n|\n|upkeep\n|\n|t:|1776371108\n|switch|p2b: Froslass|Froslass, L50, F|100/100\n|turn|6\n|\n|t:|1776371119\n|detailschange|p2b: Froslass|Froslass-Mega, L50, F\n|-mega|p2b: Froslass|Froslass|Froslassite\n|-weather|Snowscape|[from] ability: Snow Warning|[of] p2b: Froslass\n|move|p1a: Floette|Protect|p1a: Floette\n|-singleturn|p1a: Floette|Protect\n|move|p2b: Froslass|Blizzard|p1a: Floette|[spread] p1b\n|-activate|p1a: Floette|move: Protect\n|-resisted|p1b: Rotom|1\n|-damage|p1b: Rotom|50/100\n|move|p1b: Rotom|Electroweb|p2b: Froslass\n|-damage|p2b: Froslass|73/100\n|-unboost|p2b: Froslass|spe|1\n|\n|-weather|Snowscape|[upkeep]\n|-sideend|p2: BloodMinister01|move: Tailwind\n|upkeep\n|turn|7\n|\n|t:|1776371135\n|move|p1b: Rotom|Electroweb|p2b: Froslass\n|-damage|p2b: Froslass|47/100\n|-unboost|p2b: Froslass|spe|1\n|move|p1a: Floette|Moonblast|p2b: Froslass\n|-damage|p2b: Froslass|0 fnt\n|faint|p2b: Froslass\n|\n|win|bruecke\n|raw|bruecke's rating: 1221 &rarr; <strong>1243</strong><br />(+22 for winning)\n|raw|BloodMinister01's rating: 1185 &rarr; <strong>1163</strong><br />(-22 for losing)\n|l|\u2606BloodMinister01\n|player|p2|\n|l|\u2606bruecke\n|player|p1|\n|j|\u2606bruecke\n|player|p1|bruecke|266|\n",
  "uploadtime": 1776371158,
  "views": 21,
  "formatid": "gen9championsvgc2026regma",
  "rating": 1163,
  "private": 0,
  "password": null
}