{
  "id": "gen9championsvgc2026regma-2585942547",
  "format": "[Gen 9 Champions] VGC 2026 Reg M-A",
  "players": [
    "mightypoopy",
    "Simolili"
  ],
  "log": "|j|\u2606mightypoopy\n|j|\u2606Simolili\n|html|<table width=\"100%\"><tr><td align=\"left\">mightypoopy</td><td align=\"right\">Simolili</tr><tr><td align=\"left\"><i class=\"fa fa-circle\"></i> <i class=\"fa fa-circle-o\"></i> </td><td align=\"right\"><i class=\"fa fa-circle-o\"></i> <i class=\"fa fa-circle\"></i> </tr></table>\n|uhtml|bestof|<h2><strong>Game 3</strong> of <a href=\"/game-bestof3-gen9championsvgc2026regma-2585930847\">a best-of-3</a></h2>\n|t:|1776383599\n|gametype|doubles\n|player|p1|mightypoopy|sailor|\n|player|p2|Simolili|infielder|\n|gen|9\n|tier|[Gen 9 Champions] VGC 2026 Reg M-A\n|rule|Species Clause: Limit one of each Pok\u00e9mon\n|rule|Item Clause: Limit 1 of each item\n|raw|<div class=\"infobox\"><details class=\"readmore\" open><summary><strong>1 custom rule:</strong></summary> Best of = 3</details></div>\n|clearpoke\n|poke|p1|Aerodactyl, L50, F|\n|poke|p1|Heliolisk, L50, F|\n|poke|p1|Toxicroak, L50, F|\n|poke|p1|Torkoal, L50, F|\n|poke|p1|Typhlosion-Hisui, L50, F|\n|poke|p1|Runerigus, L50, F|\n|poke|p2|Gyarados, L50, M|\n|poke|p2|Decidueye, L50, M|\n|poke|p2|Garchomp, L50, F|\n|poke|p2|Bellibolt, L50, M|\n|poke|p2|Weavile, L50, M|\n|poke|p2|Pangoro, L50, F|\n|teampreview|4\n|\n|t:|1776383664\n|teamsize|p1|4\n|teamsize|p2|4\n|start\n|switch|p1a: Toxicroak|Toxicroak, L50, F|100/100\n|switch|p1b: Runerigus|Runerigus, L50, F|100/100\n|switch|p2a: Jerry|Garchomp, L50, F, shiny|100/100\n|switch|p2b: Cold Cut|Weavile, L50, M|100/100\n|-ability|p2b: Cold Cut|Pressure\n|turn|1\n|\n|t:|1776383712\n|detailschange|p2a: Jerry|Garchomp-Mega, L50, F, shiny\n|-mega|p2a: Jerry|Garchomp|Garchompite\n|move|p2a: Jerry|Protect|p2a: Jerry\n|-singleturn|p2a: Jerry|Protect\n|move|p2b: Cold Cut|Fake Out|p1a: Toxicroak\n|-damage|p1a: Toxicroak|76/100\n|cant|p1a: Toxicroak|flinch\n|move|p1b: Runerigus|Will-O-Wisp|p2b: Cold Cut\n|-status|p2b: Cold Cut|brn\n|\n|-damage|p2b: Cold Cut|94/100 brn|[from] brn\n|upkeep\n|turn|2\n|\n|t:|1776383748\n|switch|p2b: Big Red|Gyarados, L50, M, shiny|100/100\n|-ability|p2b: Big Red|Intimidate|boost\n|-unboost|p1a: Toxicroak|atk|1\n|-unboost|p1b: Runerigus|atk|1\n|switch|p1a: Torkoal|Torkoal, L50, F|100/100\n|-weather|SunnyDay|[from] ability: Drought|[of] p1a: Torkoal\n|move|p2a: Jerry|Earthquake|p1a: Torkoal|[spread] p1a,p1b\n|-immune|p2b: Big Red\n|-supereffective|p1a: Torkoal|1\n|-damage|p1a: Torkoal|38/100\n|-damage|p1b: Runerigus|65/100\n|move|p1b: Runerigus|Will-O-Wisp|p2a: Jerry\n|-status|p2a: Jerry|brn\n|\n|-weather|SunnyDay|[upkeep]\n|-heal|p1b: Runerigus|71/100|[from] item: Leftovers\n|-damage|p2a: Jerry|95/100 brn|[from] brn\n|upkeep\n|turn|3\n|\n|t:|1776383773\n|switch|p1a: Toxicroak|Toxicroak, L50, F|76/100\n|move|p2a: Jerry|Earthquake|p1b: Runerigus|[spread] p1a,p1b\n|-immune|p2b: Big Red\n|-supereffective|p1a: Toxicroak|1\n|-damage|p1a: Toxicroak|0 fnt\n|-damage|p1b: Runerigus|51/100\n|faint|p1a: Toxicroak\n|move|p2b: Big Red|Sandstorm|p2b: Big Red\n|-weather|Sandstorm\n|move|p1b: Runerigus|Will-O-Wisp|p2b: Big Red\n|-status|p2b: Big Red|brn\n|\n|-weather|Sandstorm|[upkeep]\n|-damage|p2b: Big Red|95/100 brn|[from] Sandstorm\n|-heal|p1b: Runerigus|57/100|[from] item: Leftovers\n|-damage|p2a: Jerry|89/100 brn|[from] brn\n|-damage|p2b: Big Red|89/100 brn|[from] brn\n|upkeep\n|\n|t:|1776383788\n|switch|p1a: Torkoal|Torkoal, L50, F|38/100\n|-weather|SunnyDay|[from] ability: Drought|[of] p1a: Torkoal\n|turn|4\n|\n|t:|1776383813\n|move|p2a: Jerry|Earthquake|p1a: Torkoal|[spread] p1a,p1b\n|-immune|p2b: Big Red\n|-supereffective|p1a: Torkoal|1\n|-damage|p1a: Torkoal|8/100\n|-damage|p1b: Runerigus|38/100\n|move|p2b: Big Red|Sandstorm|p2b: Big Red\n|-weather|Sandstorm\n|move|p1b: Runerigus|Poltergeist|p2b: Big Red\n|-activate|p2b: Big Red|move: Poltergeist|Sitrus Berry\n|-damage|p2b: Big Red|56/100 brn\n|move|p1a: Torkoal|Weather Ball|p2a: Jerry\n|-resisted|p2a: Jerry|1\n|-damage|p2a: Jerry|78/100 brn\n|\n|-weather|Sandstorm|[upkeep]\n|-damage|p2b: Big Red|50/100 brn|[from] Sandstorm\n|-damage|p1a: Torkoal|2/100|[from] Sandstorm\n|-enditem|p2b: Big Red|Sitrus Berry|[eat]\n|-heal|p2b: Big Red|75/100 brn|[from] item: Sitrus Berry\n|-heal|p1b: Runerigus|44/100|[from] item: Leftovers\n|-damage|p2a: Jerry|72/100 brn|[from] brn\n|-damage|p2b: Big Red|69/100 brn|[from] brn\n|upkeep\n|turn|5\n|\n|t:|1776383865\n|move|p1a: Torkoal|Helping Hand|p1b: Runerigus\n|-singleturn|p1b: Runerigus|Helping Hand|[of] p1a: Torkoal\n|move|p2a: Jerry|Rock Slide|p1b: Runerigus|[spread] p1a,p1b\n|-supereffective|p1a: Torkoal|1\n|-resisted|p1b: Runerigus|1\n|-damage|p1a: Torkoal|0 fnt\n|-damage|p1b: Runerigus|38/100\n|faint|p1a: Torkoal\n|move|p2b: Big Red|Waterfall|p1b: Runerigus\n|-supereffective|p1b: Runerigus|1\n|-damage|p1b: Runerigus|3/100\n|-activate|p2b: Big Red|Skill Swap|Wandering Spirit|Intimidate|[of] p1b: Runerigus\n|-ability|p1b: Runerigus|Intimidate|boost\n|-unboost|p2a: Jerry|atk|1\n|-unboost|p2b: Big Red|atk|1\n|move|p1b: Runerigus|Body Press|p2a: Jerry\n|-damage|p2a: Jerry|37/100 brn\n|\n|-weather|Sandstorm|[upkeep]\n|-damage|p2b: Big Red|63/100 brn|[from] Sandstorm\n|-heal|p1b: Runerigus|9/100|[from] item: Leftovers\n|-damage|p2a: Jerry|31/100 brn|[from] brn\n|-damage|p2b: Big Red|57/100 brn|[from] brn\n|upkeep\n|\n|t:|1776383869\n|switch|p1a: Typhlosion|Typhlosion-Hisui, L50, F|100/100\n|-item|p2a: Jerry|Garchompite|[from] ability: Frisk|[of] p1a: Typhlosion\n|turn|6\n|\n|t:|1776383899\n|move|p2a: Jerry|Protect|p2a: Jerry\n|-singleturn|p2a: Jerry|Protect\n|move|p2b: Big Red|Waterfall|p1b: Runerigus\n|-supereffective|p1b: Runerigus|1\n|-damage|p1b: Runerigus|0 fnt\n|faint|p1b: Runerigus\n|move|p1a: Typhlosion|Shadow Ball|p2b: Big Red\n|-damage|p2b: Big Red|10/100 brn\n|-unboost|p2b: Big Red|spd|1\n|\n|-weather|Sandstorm|[upkeep]\n|-damage|p2b: Big Red|4/100 brn|[from] Sandstorm\n|-damage|p1a: Typhlosion|95/100|[from] Sandstorm\n|-damage|p2a: Jerry|25/100 brn|[from] brn\n|-damage|p2b: Big Red|0 fnt|[from] brn\n|faint|p2b: Big Red\n|upkeep\n|\n|t:|1776383924\n|switch|p2b: Cold Cut|Weavile, L50, M|94/100 brn\n|-ability|p2b: Cold Cut|Pressure\n|turn|7\n|\n|t:|1776383942\n|move|p2b: Cold Cut|Protect|p2b: Cold Cut\n|-singleturn|p2b: Cold Cut|Protect\n|move|p2a: Jerry|Earthquake|p1a: Typhlosion|[spread] p1a\n|-activate|p2b: Cold Cut|move: Protect\n|-supereffective|p1a: Typhlosion|1\n|-damage|p1a: Typhlosion|37/100\n|move|p1a: Typhlosion|Heat Wave|p2b: Cold Cut|[spread] p2a\n|-activate|p2b: Cold Cut|move: Protect\n|-resisted|p2a: Jerry|1\n|-damage|p2a: Jerry|3/100 brn\n|\n|-weather|Sandstorm|[upkeep]\n|-damage|p2b: Cold Cut|88/100 brn|[from] Sandstorm\n|-damage|p1a: Typhlosion|31/100|[from] Sandstorm\n|-damage|p2b: Cold Cut|82/100 brn|[from] brn\n|-damage|p2a: Jerry|0 fnt|[from] brn\n|faint|p2a: Jerry\n|upkeep\n|\n|t:|1776383956\n|switch|p2a: Jellybean|Bellibolt, L50, M|100/100\n|turn|8\n|\n|t:|1776383966\n|move|p1a: Typhlosion|Protect|p1a: Typhlosion\n|-singleturn|p1a: Typhlosion|Protect\n|move|p2b: Cold Cut|Icicle Crash|p1a: Typhlosion\n|-activate|p1a: Typhlosion|move: Protect\n|move|p2a: Jellybean|Weather Ball|p1a: Typhlosion\n|-activate|p1a: Typhlosion|move: Protect\n|\n|-weather|none\n|-damage|p2b: Cold Cut|76/100 brn|[from] brn\n|upkeep\n|turn|9\n|\n|t:|1776383982\n|move|p2b: Cold Cut|Icicle Crash|p1a: Typhlosion\n|-resisted|p1a: Typhlosion|1\n|-damage|p1a: Typhlosion|17/100\n|cant|p1a: Typhlosion|flinch\n|move|p2a: Jellybean|Discharge|p1a: Typhlosion|[spread] p2b,p1a\n|-damage|p2b: Cold Cut|39/100 brn\n|-damage|p1a: Typhlosion|0 fnt\n|faint|p1a: Typhlosion\n|\n|win|Simolili\n",
  "uploadtime": 1776384489,
  "views": 41,
  "formatid": "gen9championsvgc2026regma",
  "rating": null,
  "private": 0,
  "password": null
}