{
  "id": "gen9championsvgc2026regma-2582232971",
  "format": "[Gen 9 Champions] VGC 2026 Reg M-A",
  "players": [
    "anexorto1",
    "evokenz"
  ],
  "log": "|j|\u2606anexorto1\n|j|\u2606evokenz\n|t:|1776074230\n|gametype|doubles\n|player|p1|anexorto1|drayden|1150\n|player|p2|evokenz|265|1180\n|gen|9\n|tier|[Gen 9 Champions] VGC 2026 Reg M-A\n|rated|\n|rule|Species Clause: Limit one of each Pok\u00e9mon\n|rule|Item Clause: Limit 1 of each item\n|clearpoke\n|poke|p1|Froslass, L50, F|\n|poke|p1|Tyranitar, L50, M|\n|poke|p1|Incineroar, L50, M|\n|poke|p1|Whimsicott, L50, M|\n|poke|p1|Excadrill, L50, F|\n|poke|p1|Gallade, L50, M|\n|poke|p2|Dragapult, L50, F|\n|poke|p2|Sneasler, L50, M|\n|poke|p2|Incineroar, L50, M|\n|poke|p2|Maushold, L50|\n|poke|p2|Floette-Eternal, L50, F|\n|poke|p2|Kingambit, L50, M|\n|teampreview|4\n|inactive|Battle timer is ON: inactive players will automatically lose when time's up. (requested by anexorto1)\nevokenz has agreed to open team sheets.\n|\n|t:|1776074258\n|teamsize|p1|4\n|teamsize|p2|4\n|start\n|switch|p1a: Froslass|Froslass, L50, F|100/100\n|switch|p1b: Gallade|Gallade, L50, M|100/100\n|switch|p2a: Dragapult|Dragapult, L50, F|100/100\n|switch|p2b: Sneasler|Sneasler, L50, M|100/100\n|turn|1\n|\n|t:|1776074276\n|switch|p1b: Incineroar|Incineroar, L50, M|100/100\n|-ability|p1b: Incineroar|Intimidate|boost\n|-fail|p2a: Dragapult|unboost|[from] ability: Clear Body|[of] p2a: Dragapult\n|-unboost|p2b: Sneasler|atk|1\n|-enditem|p2b: Sneasler|White Herb\n|-clearnegativeboost|p2b: Sneasler|[silent]\n|detailschange|p1a: Froslass|Froslass-Mega, L50, F\n|-mega|p1a: Froslass|Froslass|Froslassite\n|-weather|Snowscape|[from] ability: Snow Warning|[of] p1a: Froslass\n|move|p2b: Sneasler|Protect|p2b: Sneasler\n|-singleturn|p2b: Sneasler|Protect\n|move|p2a: Dragapult|Shadow Ball|p1a: Froslass\n|-supereffective|p1a: Froslass|1\n|-damage|p1a: Froslass|22/100\n|move|p1a: Froslass|Nasty Plot|p1a: Froslass\n|-boost|p1a: Froslass|spa|2\n|\n|-weather|Snowscape|[upkeep]\n|upkeep\n|turn|2\n|inactive|anexorto1 has 30 seconds left.\n|inactive|evokenz has 30 seconds left.\n|\n|t:|1776074307\n|switch|p2b: Maushold|Maushold, L50|100/100\n|move|p1b: Incineroar|Fake Out|p2b: Maushold\n|-damage|p2b: Maushold|88/100\n|move|p2a: Dragapult|Shadow Ball|p1a: Froslass\n|-supereffective|p1a: Froslass|1\n|-damage|p1a: Froslass|0 fnt\n|faint|p1a: Froslass\n|\n|-weather|Snowscape|[upkeep]\n|upkeep\n|\n|t:|1776074318\n|switch|p1a: Excadrill|Excadrill, L50, F|100/100\n|turn|3\n|\n|t:|1776074334\n|switch|p1a: Gallade|Gallade, L50, M|100/100\n|move|p2a: Dragapult|Will-O-Wisp|p1a: Gallade\n|-status|p1a: Gallade|brn\n|move|p2b: Maushold|Super Fang|p1b: Incineroar\n|-damage|p1b: Incineroar|50/100\n|-enditem|p1b: Incineroar|Sitrus Berry|[eat]\n|-heal|p1b: Incineroar|75/100|[from] item: Sitrus Berry\n|move|p1b: Incineroar|Flare Blitz|p2b: Maushold\n|-damage|p2b: Maushold|32/100\n|-damage|p1b: Incineroar|55/100|[from] Recoil\n|\n|-weather|Snowscape|[upkeep]\n|-damage|p1a: Gallade|95/100 brn|[from] brn\n|upkeep\n|turn|4\n|inactive|evokenz has 30 seconds left.\n|\n|t:|1776074361\n|move|p2b: Maushold|Follow Me|p2b: Maushold\n|-singleturn|p2b: Maushold|move: Follow Me\n|move|p2a: Dragapult|Shadow Ball|p1a: Gallade\n|-supereffective|p1a: Gallade|1\n|-damage|p1a: Gallade|28/100 brn\n|move|p1b: Incineroar|Darkest Lariat|p2b: Maushold\n|-damage|p2b: Maushold|0 fnt\n|faint|p2b: Maushold\n|move|p1a: Gallade|Sacred Sword|p2a: Dragapult\n|-immune|p2a: Dragapult\n|\n|-weather|Snowscape|[upkeep]\n|-damage|p1a: Gallade|23/100 brn|[from] brn\n|upkeep\n|\n|t:|1776074375\n|switch|p2b: Floette|Floette-Eternal, L50, F|100/100\n|turn|5\n|\n|t:|1776074393\n|detailschange|p2b: Floette|Floette-Mega, L50, F\n|-mega|p2b: Floette|Floette|Floettite\n|-ability|p2b: Floette|Fairy Aura\n|move|p1a: Gallade|Wide Guard|p1a: Gallade\n|-singleturn|p1a: Gallade|Wide Guard\n|move|p2a: Dragapult|Shadow Ball|p1a: Gallade\n|-supereffective|p1a: Gallade|1\n|-damage|p1a: Gallade|0 fnt\n|faint|p1a: Gallade\n|move|p2b: Floette|Moonblast|p1b: Incineroar\n|-damage|p1b: Incineroar|0 fnt\n|faint|p1b: Incineroar\n|\n|-weather|none\n|upkeep\n|\n|t:|1776074405\n|switch|p1a: Excadrill|Excadrill, L50, F|100/100\n|turn|6\n|\n|t:|1776074411\n|move|p2b: Floette|Protect|p2b: Floette\n|-singleturn|p2b: Floette|Protect\n|move|p2a: Dragapult|Will-O-Wisp|p1a: Excadrill\n|-status|p1a: Excadrill|brn\n|move|p1a: Excadrill|High Horsepower|p2b: Floette\n|-activate|p2b: Floette|move: Protect\n|\n|-damage|p1a: Excadrill|95/100 brn|[from] brn\n|upkeep\n|turn|7\n|-message|anexorto1 forfeited.\n|\n|win|evokenz\n|raw|anexorto1's rating: 1150 &rarr; <strong>1127</strong><br />(-23 for losing)\n|raw|evokenz's rating: 1180 &rarr; <strong>1203</strong><br />(+23 for winning)\n",
  "uploadtime": 1776074415,
  "views": 11,
  "formatid": "gen9championsvgc2026regma",
  "rating": 1127,
  "private": 0,
  "password": null
}