{
  "id": "gen9championsvgc2026regma-2585220628",
  "format": "[Gen 9 Champions] VGC 2026 Reg M-A",
  "players": [
    "tomcheung22",
    "Rockoso"
  ],
  "log": "|j|\u2606tomcheung22\n|j|\u2606Rockoso\n|html|<table width=\"100%\"><tr><td align=\"left\">tomcheung22</td><td align=\"right\">Rockoso</tr><tr><td align=\"left\"><i class=\"fa fa-circle\"></i> <i class=\"fa fa-circle-o\"></i> </td><td align=\"right\"><i class=\"fa fa-circle-o\"></i> <i class=\"fa fa-circle\"></i> </tr></table>\n|uhtml|bestof|<h2><strong>Game 3</strong> of <a href=\"/game-bestof3-gen9championsvgc2026regma-2585215297\">a best-of-3</a></h2>\n|t:|1776326578\n|gametype|doubles\n|player|p1|tomcheung22|bianca|\n|player|p2|Rockoso|bruno|\n|gen|9\n|tier|[Gen 9 Champions] VGC 2026 Reg M-A\n|rated|Tournament battle\n|rule|Species Clause: Limit one of each Pok\u00e9mon\n|rule|Item Clause: Limit 1 of each item\n|raw|<div class=\"infobox\"><details class=\"readmore\" open><summary><strong>2 custom rules:</strong></summary> Force Open Team Sheets, Best of = 3</details></div>\n|clearpoke\n|poke|p1|Scizor, L50, M|\n|poke|p1|Aerodactyl, L50, M|\n|poke|p1|Excadrill, L50, M|\n|poke|p1|Milotic, L50, M|\n|poke|p1|Salazzle, L50, F|\n|poke|p1|Serperior, L50, F|\n|poke|p2|Tyranitar, L50, M|\n|poke|p2|Excadrill, L50, M|\n|poke|p2|Gyarados, L50, M|\n|poke|p2|Sinistcha, L50|\n|poke|p2|Corviknight, L50, M|\n|poke|p2|Sneasler, L50, F|\n|teampreview|4\n|showteam|p1|Scizor||WhiteHerb|Technician|BulletPunch,CloseCombat,SwordsDance,Protect|||M|||50|]Aerodactyl||Aerodactylite|Unnerve|RockSlide,DualWingbeat,Tailwind,Protect|||M|||50|]Excadrill||FocusSash|MoldBreaker|IronHead,HighHorsepower,SwordsDance,Protect|||M|||50|]Milotic||WacanBerry|Competitive|Scald,IcyWind,Recover,Hypnosis|||M|||50|]Salazzle||KingsRock|Oblivious|Overheat,SludgeBomb,FakeOut,Fling|||F|||50|]Serperior||KebiaBerry|Contrary|LeafStorm,Glare,HelpingHand,Protect|||F|||50|\n|showteam|p2|Tyranitar||Tyranitarite|SandStream|RockSlide,Assurance,Protect,LowKick|||M|||50|]Excadrill||FocusSash|SandRush|Earthquake,RockSlide,SwordsDance,Protect|||M|||50|]Gyarados||LumBerry|Intimidate|Waterfall,ThunderWave,Taunt,Protect|||M|||50|]Sinistcha||SitrusBerry|Hospitality|MatchaGotcha,TrickRoom,RagePowder,Imprison||||||50|]Corviknight||Leftovers|MirrorArmor|BulkUp,BraveBird,BodyPress,Roost|||M|||50|]Sneasler||WhiteHerb|Unburden|FakeOut,DireClaw,CloseCombat,Protect|||F|||50|\n|j| do something babe\n|j| shoccco\u2764\n|j| Mishsire\n|\n|t:|1776326619\n|teamsize|p1|4\n|teamsize|p2|4\n|start\n|switch|p1a: Salazzle|Salazzle, L50, F|100/100\n|switch|p1b: Scizor|Scizor, L50, M|100/100\n|switch|p2a: Corviknight|Corviknight, L50, M|100/100\n|switch|p2b: Excadrill|Excadrill, L50, M|100/100\n|turn|1\n|c| shoccco\u2764|you got plenty of flinches icl you should replace sala with a diff para/twave mon\n|\n|t:|1776326667\n|switch|p2a: Tyranitar|Tyranitar, L50, M|100/100\n|-weather|Sandstorm|[from] ability: Sand Stream|[of] p2a: Tyranitar\n|move|p2b: Excadrill|Protect|p2b: Excadrill\n|-singleturn|p2b: Excadrill|Protect\n|move|p1a: Salazzle|Fake Out|p2b: Excadrill\n|-activate|p2b: Excadrill|move: Protect\n|move|p1b: Scizor|Swords Dance|p1b: Scizor\n|-boost|p1b: Scizor|atk|2\n|\n|-weather|Sandstorm|[upkeep]\n|-damage|p1a: Salazzle|95/100|[from] Sandstorm\n|upkeep\n|turn|2\n|c|\u2606tomcheung22|sala can twave too, but it is kinda a favourites team\n|j| StarX99\n|\n|t:|1776326694\n|switch|p1a: Milotic|Milotic, L50, M|100/100\n|detailschange|p2a: Tyranitar|Tyranitar-Mega, L50, M\n|-mega|p2a: Tyranitar|Tyranitar|Tyranitarite\n|move|p2b: Excadrill|Rock Slide|p1b: Scizor|[spread] p1a\n|-miss|p2b: Excadrill|p1b: Scizor\n|-damage|p1a: Milotic|77/100\n|move|p1b: Scizor|Close Combat|p2b: Excadrill\n|-supereffective|p2b: Excadrill|1\n|-enditem|p2b: Excadrill|Focus Sash\n|-damage|p2b: Excadrill|1/100\n|-unboost|p1b: Scizor|def|1\n|-unboost|p1b: Scizor|spd|1\n|-enditem|p1b: Scizor|White Herb\n|-clearnegativeboost|p1b: Scizor|[silent]\n|move|p2a: Tyranitar|Rock Slide|p1b: Scizor|[spread] p1a,p1b\n|-damage|p1a: Milotic|44/100\n|-damage|p1b: Scizor|55/100\n|\n|-weather|Sandstorm|[upkeep]\n|-damage|p1a: Milotic|38/100|[from] Sandstorm\n|upkeep\n|turn|3\n|c| shoccco\u2764|oh its meant to be ass?\n|c| shoccco\u2764|icic\n|c| shoccco\u2764|allg!\n|\n|t:|1776326745\n|move|p2b: Excadrill|Protect|p2b: Excadrill\n|-singleturn|p2b: Excadrill|Protect\n|move|p1b: Scizor|Bullet Punch|p2b: Excadrill\n|-activate|p2b: Excadrill|move: Protect\n|move|p1a: Milotic|Hypnosis|p2a: Tyranitar\n|-status|p2a: Tyranitar|slp|[from] move: Hypnosis\n|cant|p2a: Tyranitar|slp\n|\n|-weather|Sandstorm|[upkeep]\n|-damage|p1a: Milotic|32/100|[from] Sandstorm\n|upkeep\n|turn|4\n|j| TailwindWickedBlow\n|j| PXian\n|\n|t:|1776326762\n|switch|p2b: Corviknight|Corviknight, L50, M|100/100\n|move|p1b: Scizor|Bullet Punch|p2b: Corviknight\n|-resisted|p2b: Corviknight|1\n|-damage|p2b: Corviknight|73/100\n|move|p1a: Milotic|Scald|p2b: Corviknight\n|-damage|p2b: Corviknight|47/100\n|cant|p2a: Tyranitar|slp\n|\n|-weather|Sandstorm|[upkeep]\n|-damage|p1a: Milotic|26/100|[from] Sandstorm\n|-heal|p2b: Corviknight|53/100|[from] item: Leftovers\n|upkeep\n|turn|5\n|c|\u2606tomcheung22|It is not bad! Salazzle is a good mon and I will stand by it\n|\n|t:|1776326777\n|-curestatus|p2a: Tyranitar|slp|[msg]\n|move|p2a: Tyranitar|Protect|p2a: Tyranitar\n|-singleturn|p2a: Tyranitar|Protect\n|move|p1b: Scizor|Close Combat|p2a: Tyranitar\n|-activate|p2a: Tyranitar|move: Protect\n|move|p1a: Milotic|Hypnosis|p2b: Corviknight\n|-status|p2b: Corviknight|slp|[from] move: Hypnosis\n|cant|p2b: Corviknight|slp\n|\n|-weather|none\n|-heal|p2b: Corviknight|59/100 slp|[from] item: Leftovers\n|upkeep\n|turn|6\n|c| shoccco\u2764|sure dude\n|\n|t:|1776326816\n|move|p2a: Tyranitar|Protect|p2a: Tyranitar\n|-singleturn|p2a: Tyranitar|Protect\n|move|p1b: Scizor|Close Combat|p2a: Tyranitar\n|-activate|p2a: Tyranitar|move: Protect\n|move|p1a: Milotic|Scald|p2b: Corviknight\n|-damage|p2b: Corviknight|35/100 slp\n|cant|p2b: Corviknight|slp\n|\n|-heal|p2b: Corviknight|41/100 slp|[from] item: Leftovers\n|upkeep\n|turn|7\n|j| elychee267\n|l| PXian\n|\n|t:|1776326853\n|switch|p2a: Sneasler|Sneasler, L50, F|100/100\n|move|p1b: Scizor|Close Combat|p2b: Corviknight\n|-damage|p2b: Corviknight|0 fnt\n|-unboost|p1b: Scizor|def|1\n|-unboost|p1b: Scizor|spd|1\n|faint|p2b: Corviknight\n|move|p1a: Milotic|Scald|p2a: Sneasler\n|-damage|p2a: Sneasler|54/100\n|\n|upkeep\n|\n|t:|1776326868\n|switch|p2b: Excadrill|Excadrill, L50, M|1/100\n|turn|8\n|j|%llefface\n|\n|t:|1776326910\n|move|p1b: Scizor|Protect|p1b: Scizor\n|-singleturn|p1b: Scizor|Protect\n|move|p2a: Sneasler|Fake Out|p1b: Scizor\n|-activate|p1b: Scizor|move: Protect\n|move|p2b: Excadrill|Rock Slide|p1b: Scizor|[spread] p1a\n|-activate|p1b: Scizor|move: Protect\n|-damage|p1a: Milotic|3/100\n|move|p1a: Milotic|Scald|p2b: Excadrill\n|-supereffective|p2b: Excadrill|1\n|-damage|p2b: Excadrill|0 fnt\n|faint|p2b: Excadrill\n|\n|upkeep\n|\n|t:|1776326923\n|switch|p2b: Tyranitar|Tyranitar-Mega, L50, M|100/100\n|-weather|Sandstorm|[from] ability: Sand Stream|[of] p2b: Tyranitar\n|turn|9\n|c|%llefface|this feels like a boyt team and I mean that in the good way\n|c|%llefface|It kinda cooks\n|j| idiot2000\n|c| shoccco\u2764|the paraflinch?\n|\n|t:|1776326958\n|move|p2b: Tyranitar|Protect|p2b: Tyranitar\n|-singleturn|p2b: Tyranitar|Protect\n|move|p1b: Scizor|Bullet Punch|p2b: Tyranitar\n|-activate|p2b: Tyranitar|move: Protect\n|move|p2a: Sneasler|Close Combat|p1b: Scizor\n|-damage|p1b: Scizor|0 fnt\n|-unboost|p2a: Sneasler|def|1\n|-unboost|p2a: Sneasler|spd|1\n|faint|p1b: Scizor\n|-enditem|p2a: Sneasler|White Herb\n|-clearnegativeboost|p2a: Sneasler|[silent]\n|move|p1a: Milotic|Scald|p2a: Sneasler\n|-damage|p2a: Sneasler|2/100\n|-status|p2a: Sneasler|brn\n|\n|-weather|Sandstorm|[upkeep]\n|-damage|p2a: Sneasler|0 fnt|[from] Sandstorm\n|-damage|p1a: Milotic|0 fnt|[from] Sandstorm\n|faint|p2a: Sneasler\n|faint|p1a: Milotic\n|upkeep\n|\n|t:|1776326968\n|switch|p1b: Excadrill|Excadrill, L50, M|100/100\n|switch|p1a: Salazzle|Salazzle, L50, F|95/100\n|-ability|p1b: Excadrill|Mold Breaker\n|turn|10\n|j| thepearl\n|\n|t:|1776326987\n|move|p1a: Salazzle|Fake Out|p2b: Tyranitar\n|-resisted|p2b: Tyranitar|1\n|-damage|p2b: Tyranitar|99/100\n|move|p1b: Excadrill|Swords Dance|p1b: Excadrill\n|-boost|p1b: Excadrill|atk|2\n|cant|p2b: Tyranitar|flinch\n|\n|-weather|Sandstorm|[upkeep]\n|-damage|p1a: Salazzle|89/100|[from] Sandstorm\n|upkeep\n|turn|11\n|c| elychee267|looks like a boss battle lol\n|c|\u2606Rockoso|gg\n|c|\u2606tomcheung22|This team is heavily inspired by Boyt yes\n|c|\u2606tomcheung22|gg wp\n|\n|t:|1776327008\n|move|p1a: Salazzle|Fling|p2b: Tyranitar\n|-resisted|p2b: Tyranitar|1\n|-damage|p2b: Tyranitar|97/100\n|-enditem|p1a: Salazzle|King's Rock|[from] move: Fling\n|move|p1b: Excadrill|Iron Head|p2b: Tyranitar\n|-supereffective|p2b: Tyranitar|1\n|-damage|p2b: Tyranitar|0 fnt\n|faint|p2b: Tyranitar\n|\n|win|tomcheung22\n|c| TailwindWickedBlow|lol\n|c| shoccco\u2764|its a solid team icl\n|l| StarX99\n|l| thepearl\n|l| shoccco\u2764\n|l| llefface\n|l| do something babe\n|l| elychee267\n|l| Mishsire\n|l| TailwindWickedBlow\n|l|\u2606Rockoso\n|player|p2|\n|l| idiot2000\n",
  "uploadtime": 1776327584,
  "views": 18,
  "formatid": "gen9championsvgc2026regma",
  "rating": null,
  "private": 0,
  "password": null
}