{
  "id": "gen9championsvgc2026regma-2581247669",
  "format": "[Gen 9 Champions] VGC 2026 Reg M-A",
  "players": [
    "Poke Chiyo",
    "space9982"
  ],
  "log": "|j|\u2606Poke Chiyo\n|j|\u2606space9982\n|t:|1775975968\n|gametype|doubles\n|player|p1|Poke Chiyo|1|1397\n|player|p2|space9982|266|1472\n|gen|9\n|tier|[Gen 9 Champions] VGC 2026 Reg M-A\n|rated|\n|rule|Species Clause: Limit one of each Pok\u00e9mon\n|rule|Item Clause: Limit 1 of each item\n|clearpoke\n|poke|p1|Gardevoir, L50, F|\n|poke|p1|Incineroar, L50, F|\n|poke|p1|Maushold-Four, L50|\n|poke|p1|Aerodactyl, L50, F|\n|poke|p1|Milotic, L50, F|\n|poke|p1|Sinistcha, L50|\n|poke|p2|Charizard, L50, M|\n|poke|p2|Whimsicott, L50, F|\n|poke|p2|Garchomp, L50, M|\n|poke|p2|Sneasler, L50, M|\n|poke|p2|Incineroar, L50, M|\n|poke|p2|Rotom-Wash, L50|\n|teampreview|4\n|inactive|Battle timer is ON: inactive players will automatically lose when time's up. (requested by space9982)\n|l|\u2606space9982\n|inactive|space9982 disconnected and has a minute to reconnect!\n|player|p2|\n|inactive|Poke Chiyo has 60 seconds left.\n|\n|t:|1775976002\n|teamsize|p1|4\n|teamsize|p2|4\n|start\n|switch|p1a: Gardevoir|Gardevoir, L50, F|100/100\n|switch|p1b: Maushold|Maushold-Four, L50|100/100\n|switch|p2a: Garchomp|Garchomp, L50, M, shiny|100/100\n|switch|p2b: Rotom|Rotom-Wash, L50, shiny|100/100\n|-ability|p1a: Gardevoir|Levitate|Trace|[from] ability: Trace|[of] p2b: Rotom\n|turn|1\n|j|\u2606space9982\n|inactive|space9982 reconnected and has 50 seconds left.\n|player|p2|space9982|266|\n|inactive|Poke Chiyo has 30 seconds left.\n|inactive|Poke Chiyo has 20 seconds left.\n|inactive|Poke Chiyo has 15 seconds left.\n|inactive|Poke Chiyo has 10 seconds left.\n|\n|t:|1775976047\n|detailschange|p1a: Gardevoir|Gardevoir-Mega, L50, F\n|-mega|p1a: Gardevoir|Gardevoir|Gardevoirite\n|move|p2a: Garchomp|Earthquake|p1b: Maushold|[spread] p1a,p1b\n|-immune|p2b: Rotom|[from] ability: Levitate\n|-damage|p1a: Gardevoir|62/100\n|-damage|p1b: Maushold|49/100\n|move|p1b: Maushold|Super Fang|p2b: Rotom\n|-damage|p2b: Rotom|51/100\n|move|p2b: Rotom|Discharge|p1a: Gardevoir|[spread] p1a,p1b\n|-immune|p2a: Garchomp\n|-damage|p1a: Gardevoir|44/100\n|-damage|p1b: Maushold|9/100\n|-status|p1b: Maushold|par\n|move|p1a: Gardevoir|Trick Room|p1a: Gardevoir\n|-fieldstart|move: Trick Room|[of] p1a: Gardevoir\n|\n|upkeep\n|turn|2\n|j| kanp\n|inactive|Poke Chiyo has 30 seconds left.\n|\n|t:|1775976073\n|switch|p1b: Sinistcha|Sinistcha, L50|100/100\n|-heal|p1a: Gardevoir|69/100|[from] ability: Hospitality|[of] p1b: Sinistcha\n|move|p2b: Rotom|Discharge|p1a: Gardevoir|[spread] p1a,p1b\n|-immune|p2a: Garchomp\n|-resisted|p1b: Sinistcha|1\n|-damage|p1a: Gardevoir|44/100\n|-damage|p1b: Sinistcha|88/100\n|-status|p1b: Sinistcha|par\n|move|p1a: Gardevoir|Hyper Voice|p2a: Garchomp|[spread] p2a,p2b\n|-supereffective|p2a: Garchomp|1\n|-damage|p2a: Garchomp|0 fnt\n|-damage|p2b: Rotom|0 fnt\n|faint|p2a: Garchomp\n|faint|p2b: Rotom\n|\n|upkeep\n|j| gE1xjZRtuhW2DdT0AK\n|\n|t:|1775976086\n|switch|p2b: Charizard|Charizard, L50, M, shiny|100/100\n|switch|p2a: Whimsicott|Whimsicott, L50, F, shiny|100/100\n|turn|3\n|j| darryj\n|j| Muggcat\n|\n|t:|1775976106\n|switch|p1b: Maushold|Maushold-Four, L50|9/100 par\n|detailschange|p2b: Charizard|Charizard-Mega-Y, L50, M, shiny\n|-mega|p2b: Charizard|Charizard|Charizardite Y\n|-weather|SunnyDay|[from] ability: Drought|[of] p2b: Charizard\n|move|p1a: Gardevoir|Hyper Voice|p2b: Charizard|[spread] p2a,p2b\n|-resisted|p2b: Charizard|1\n|-crit|p2b: Charizard\n|-damage|p2a: Whimsicott|19/100\n|-damage|p2b: Charizard|68/100\n|move|p2b: Charizard|Heat Wave|p1b: Maushold|[spread] p1a,p1b\n|-damage|p1a: Gardevoir|2/100\n|-damage|p1b: Maushold|0 fnt\n|faint|p1b: Maushold\n|move|p2a: Whimsicott|Moonblast|p1a: Gardevoir\n|-damage|p1a: Gardevoir|0 fnt\n|faint|p1a: Gardevoir\n|\n|-weather|SunnyDay|[upkeep]\n|upkeep\n|\n|t:|1775976120\n|switch|p1a: Aerodactyl|Aerodactyl, L50, F|100/100\n|switch|p1b: Sinistcha|Sinistcha, L50|88/100 par\n|-ability|p1a: Aerodactyl|Unnerve\n|turn|4\n|l| gE1xjZRtuhW2DdT0AK\n|j| index0405\n|\n|t:|1775976131\n|move|p1b: Sinistcha|Protect|p1b: Sinistcha\n|-singleturn|p1b: Sinistcha|Protect\n|move|p2b: Charizard|Protect|p2b: Charizard\n|-singleturn|p2b: Charizard|Protect\n|move|p2a: Whimsicott|Moonblast|p1a: Aerodactyl\n|-damage|p1a: Aerodactyl|47/100\n|move|p1a: Aerodactyl|Rock Slide|p2b: Charizard|[spread] p2a\n|-activate|p2b: Charizard|move: Protect\n|-damage|p2a: Whimsicott|0 fnt\n|faint|p2a: Whimsicott\n|\n|-weather|SunnyDay|[upkeep]\n|upkeep\n|turn|5\n|j| Azuiir\n|\n|t:|1775976151\n|move|p1a: Aerodactyl|Protect|p1a: Aerodactyl\n|-singleturn|p1a: Aerodactyl|Protect\n|move|p1b: Sinistcha|Matcha Gotcha|p2b: Charizard\n|-resisted|p2b: Charizard|2\n|-damage|p2b: Charizard|61/100\n|-heal|p1b: Sinistcha|92/100 par|[from] drain|[of] p2b: Charizard\n|move|p2b: Charizard|Ancient Power|p1a: Aerodactyl\n|-activate|p1a: Aerodactyl|move: Protect\n|\n|-weather|SunnyDay|[upkeep]\n|-fieldend|move: Trick Room\n|upkeep\n|turn|6\n|l| Azuiir\n|\n|t:|1775976168\n|move|p1b: Sinistcha|Rage Powder|p1b: Sinistcha\n|-singleturn|p1b: Sinistcha|move: Rage Powder\n|move|p1a: Aerodactyl|Rock Slide|p2b: Charizard\n|-supereffective|p2b: Charizard|2\n|-damage|p2b: Charizard|0 fnt\n|faint|p2b: Charizard\n|\n|win|Poke Chiyo\n|raw|Poke Chiyo's rating: 1397 &rarr; <strong>1421</strong><br />(+24 for winning)\n|raw|space9982's rating: 1472 &rarr; <strong>1448</strong><br />(-24 for losing)\n|c|\u2606space9982|Gg\n|l|\u2606space9982\n|player|p2|\n|l|\u2606Poke Chiyo\n|player|p1|\n",
  "uploadtime": 1775976194,
  "views": 76,
  "formatid": "gen9championsvgc2026regma",
  "rating": 1421,
  "private": 0,
  "password": null
}