{
  "id": "gen9championsvgc2026regma-2582749628",
  "format": "[Gen 9 Champions] VGC 2026 Reg M-A",
  "players": [
    "SkelyStealth",
    "loklastaji"
  ],
  "log": "|j|\u2606SkelyStealth\n|j|\u2606loklastaji\n|t:|1776111464\n|gametype|doubles\n|player|p1|SkelyStealth|yellow|1250\n|player|p2|loklastaji|102|1344\n|gen|9\n|tier|[Gen 9 Champions] VGC 2026 Reg M-A\n|rated|\n|rule|Species Clause: Limit one of each Pok\u00e9mon\n|rule|Item Clause: Limit 1 of each item\n|clearpoke\n|poke|p1|Farigiraf, L50, F|\n|poke|p1|Mimikyu, L50, F|\n|poke|p1|Incineroar, L50, M|\n|poke|p1|Torkoal, L50, M|\n|poke|p1|Crabominable, L50, F|\n|poke|p1|Armarouge, L50, M|\n|poke|p2|Samurott-Hisui, L50, M|\n|poke|p2|Mamoswine, L50, M|\n|poke|p2|Delphox, L50, M|\n|poke|p2|Tsareena, L50, F|\n|poke|p2|Corviknight, L50, F|\n|poke|p2|Altaria, L50, F|\n|teampreview|4\n|inactive|Battle timer is ON: inactive players will automatically lose when time's up. (requested by SkelyStealth)\n|inactive|loklastaji has 60 seconds left.\n|\n|t:|1776111513\n|teamsize|p1|4\n|teamsize|p2|4\n|start\n|switch|p1a: I'm Nobody|Mimikyu, L50, F|100/100\n|switch|p1b: who invited bro|Armarouge, L50, M|100/100\n|switch|p2a: Mamoswine|Mamoswine, L50, M|100/100\n|switch|p2b: Samurott|Samurott-Hisui, L50, M|100/100\n|turn|1\n|inactive|loklastaji has 30 seconds left.\n|inactive|loklastaji has 20 seconds left.\n|inactive|loklastaji has 15 seconds left.\n|inactive|loklastaji has 10 seconds left.\n|\n|t:|1776111564\n|move|p2a: Mamoswine|Earthquake|p1a: I'm Nobody|[spread] p2b,p1a,p1b\n|-supereffective|p1b: who invited bro|1\n|-damage|p2b: Samurott|50/100\n|-activate|p1a: I'm Nobody|ability: Disguise\n|-damage|p1a: I'm Nobody|100/100\n|-damage|p1b: who invited bro|25/100\n|detailschange|p1a: I'm Nobody|Mimikyu-Busted, L50, F\n|-damage|p1a: I'm Nobody|88/100|[from] pokemon: Mimikyu-Busted\n|move|p2b: Samurott|Ceaseless Edge|p1b: who invited bro\n|-supereffective|p1b: who invited bro|1\n|-damage|p1b: who invited bro|0 fnt\n|-sidestart|p1: SkelyStealth|Spikes\n|faint|p1b: who invited bro\n|move|p1a: I'm Nobody|Trick Room|p1a: I'm Nobody\n|-fieldstart|move: Trick Room|[of] p1a: I'm Nobody\n|\n|upkeep\n|\n|t:|1776111576\n|switch|p1b: This fffire|Torkoal, L50, M|100/100\n|-damage|p1b: This fffire|88/100|[from] Spikes\n|-weather|SunnyDay|[from] ability: Drought|[of] p1b: This fffire\n|turn|2\n|inactive|SkelyStealth has 30 seconds left.\n|inactive|loklastaji has 30 seconds left.\n|\n|t:|1776111614\n|switch|p2a: Altaria|Altaria, L50, F|100/100\n|-ability|p2a: Altaria|Cloud Nine\n|move|p1a: I'm Nobody|Shadow Sneak|p2a: Altaria\n|-damage|p2a: Altaria|78/100\n|move|p2b: Samurott|Sucker Punch|p1b: This fffire\n|-damage|p1b: This fffire|61/100\n|move|p1b: This fffire|Eruption|p2b: Samurott|[spread] p2a,p2b\n|-resisted|p2a: Altaria|1\n|-resisted|p2b: Samurott|1\n|-damage|p2a: Altaria|59/100\n|-damage|p2b: Samurott|25/100\n|\n|-weather|SunnyDay|[upkeep]\n|upkeep\n|turn|3\n|\n|t:|1776111637\n|move|p2a: Altaria|Protect|p2a: Altaria\n|-singleturn|p2a: Altaria|Protect\n|move|p1b: This fffire|Heat Wave|p2b: Samurott|[spread] p2b\n|-activate|p2a: Altaria|move: Protect\n|-resisted|p2b: Samurott|1\n|-damage|p2b: Samurott|0 fnt\n|faint|p2b: Samurott\n|move|p1a: I'm Nobody|Play Rough|p2a: Altaria\n|-activate|p2a: Altaria|move: Protect\n|\n|-weather|SunnyDay|[upkeep]\n|upkeep\n|\n|t:|1776111658\n|switch|p2b: Mamoswine|Mamoswine, L50, M|100/100\n|turn|4\n|inactive|loklastaji has 30 seconds left.\n|inactive|loklastaji has 20 seconds left.\n|inactive|loklastaji has 15 seconds left.\n|\n|t:|1776111701\n|switch|p2b: Tsareena|Tsareena, L50, F|100/100\n|move|p2a: Altaria|Protect|p2a: Altaria\n|-singleturn|p2a: Altaria|Protect\n|move|p1a: I'm Nobody|Shadow Sneak||[still]\n|cant|p2b: Tsareena|ability: Queenly Majesty|Shadow Sneak|[of] p1a: I'm Nobody\n|move|p1b: This fffire|Eruption|p2a: Altaria|[spread] p2b\n|-activate|p2a: Altaria|move: Protect\n|-supereffective|p2b: Tsareena|1\n|-damage|p2b: Tsareena|15/100\n|\n|-weather|SunnyDay|[upkeep]\n|upkeep\n|turn|5\n|inactive|loklastaji has 30 seconds left.\n|inactive|loklastaji has 20 seconds left.\n|\n|t:|1776111738\n|detailschange|p2a: Altaria|Altaria-Mega, L50, F\n|-mega|p2a: Altaria|Altaria|Altarianite\n|move|p2b: Tsareena|Protect|p2b: Tsareena\n|-singleturn|p2b: Tsareena|Protect\n|move|p1b: This fffire|Eruption|p2a: Altaria|[spread] p2a\n|-activate|p2b: Tsareena|move: Protect\n|-resisted|p2a: Altaria|1\n|-damage|p2a: Altaria|32/100\n|move|p1a: I'm Nobody|Play Rough|p2a: Altaria\n|-supereffective|p2a: Altaria|1\n|-damage|p2a: Altaria|0 fnt\n|faint|p2a: Altaria\n|\n|-weather|SunnyDay|[upkeep]\n|-fieldend|move: Trick Room\n|upkeep\n|\n|t:|1776111755\n|switch|p2a: Mamoswine|Mamoswine, L50, M|100/100\n|turn|6\n|\n|t:|1776111766\n|move|p2b: Tsareena|Protect|p2b: Tsareena\n|-singleturn|p2b: Tsareena|Protect\n|move|p2a: Mamoswine|Earthquake|p1b: This fffire|[spread] p1a,p1b\n|-activate|p2b: Tsareena|move: Protect\n|-supereffective|p1b: This fffire|1\n|-damage|p1a: I'm Nobody|34/100\n|-damage|p1b: This fffire|2/100\n|move|p1a: I'm Nobody|Play Rough|p2b: Tsareena\n|-activate|p2b: Tsareena|move: Protect\n|move|p1b: This fffire|Heat Wave|p2b: Tsareena|[spread] p2a\n|-activate|p2b: Tsareena|move: Protect\n|-supereffective|p2a: Mamoswine|1\n|-damage|p2a: Mamoswine|0 fnt\n|faint|p2a: Mamoswine\n|\n|-weather|none\n|upkeep\n|turn|7\n|inactive|loklastaji has 30 seconds left.\n|inactive|loklastaji has 20 seconds left.\n|inactive|loklastaji has 15 seconds left.\n|\n|t:|1776111809\n|move|p2b: Tsareena|High Jump Kick|p1b: This fffire\n|-damage|p1b: This fffire|0 fnt\n|faint|p1b: This fffire\n|move|p1a: I'm Nobody|Play Rough|p2b: Tsareena\n|-damage|p2b: Tsareena|0 fnt\n|faint|p2b: Tsareena\n|\n|win|SkelyStealth\n|raw|SkelyStealth's rating: 1250 &rarr; <strong>1282</strong><br />(+32 for winning)\n|raw|loklastaji's rating: 1344 &rarr; <strong>1319</strong><br />(-25 for losing)\n|l|\u2606SkelyStealth\n|player|p1|\n",
  "uploadtime": 1776111818,
  "views": 33,
  "formatid": "gen9championsvgc2026regma",
  "rating": 1282,
  "private": 0,
  "password": null
}