{
  "id": "gen9championsvgc2026regma-2586891770",
  "format": "[Gen 9 Champions] VGC 2026 Reg M-A",
  "players": [
    "Saac1977",
    "Plantbear"
  ],
  "log": "|j|\u2606Saac1977\n|j|\u2606Plantbear\n|t:|1776469112\n|gametype|doubles\n|player|p1|Saac1977|2|1000\n|player|p2|Plantbear|170|1000\n|gen|9\n|tier|[Gen 9 Champions] VGC 2026 Reg M-A\n|rated|\n|rule|Species Clause: Limit one of each Pok\u00e9mon\n|rule|Item Clause: Limit 1 of each item\n|clearpoke\n|poke|p1|Drampa, L50, M|\n|poke|p1|Kingambit, L50, M|\n|poke|p1|Sneasler, L50, F|\n|poke|p1|Sinistcha-Masterpiece, L50|\n|poke|p1|Reuniclus, L50, M|\n|poke|p1|Delphox, L50, F|\n|poke|p2|Milotic, L50, F|\n|poke|p2|Sneasler, L50, M|\n|poke|p2|Corviknight, L50, F|\n|poke|p2|Gyarados, L50, F|\n|poke|p2|Whimsicott, L50, M|\n|poke|p2|Jolteon, L50, M|\n|teampreview|4\n|\n|t:|1776469170\n|teamsize|p1|4\n|teamsize|p2|4\n|start\n|switch|p1a: Drampa|Drampa, L50, M|100/100\n|switch|p1b: Reuniclus|Reuniclus, L50, M|100/100\n|switch|p2a: Whimsicott|Whimsicott, L50, M|100/100\n|switch|p2b: Gyarados|Gyarados, L50, F|100/100\n|-ability|p2b: Gyarados|Intimidate|boost\n|-unboost|p1a: Drampa|atk|1\n|-unboost|p1b: Reuniclus|atk|1\n|turn|1\n|\n|t:|1776469200\n|detailschange|p2b: Gyarados|Gyarados-Mega, L50, F\n|-mega|p2b: Gyarados|Gyarados|Gyaradosite\n|-ability|p2b: Gyarados|Mold Breaker\n|detailschange|p1a: Drampa|Drampa-Mega, L50, M\n|-mega|p1a: Drampa|Drampa|Drampanite\n|move|p2a: Whimsicott|Light Screen|p2a: Whimsicott\n|-sidestart|p2: Plantbear|move: Light Screen\n|move|p2b: Gyarados|Crunch|p1b: Reuniclus\n|-supereffective|p1b: Reuniclus|1\n|-enditem|p1b: Reuniclus|Colbur Berry|[eat]\n|-enditem|p1b: Reuniclus|Colbur Berry|[weaken]\n|-damage|p1b: Reuniclus|55/100\n|move|p1a: Drampa|Calm Mind|p1a: Drampa\n|-boost|p1a: Drampa|spa|1\n|-boost|p1a: Drampa|spd|1\n|move|p1b: Reuniclus|Trick Room|p1b: Reuniclus\n|-fieldstart|move: Trick Room|[of] p1b: Reuniclus\n|\n|upkeep\n|turn|2\n|\n|t:|1776469225\n|move|p2a: Whimsicott|Leech Seed|p1a: Drampa\n|-start|p1a: Drampa|move: Leech Seed\n|move|p1b: Reuniclus|Reflect|p1b: Reuniclus\n|-sidestart|p1: Saac1977|Reflect\n|move|p1a: Drampa|Calm Mind|p1a: Drampa\n|-boost|p1a: Drampa|spa|1\n|-boost|p1a: Drampa|spd|1\n|move|p2b: Gyarados|Crunch|p1b: Reuniclus\n|-supereffective|p1b: Reuniclus|1\n|-damage|p1b: Reuniclus|0 fnt\n|faint|p1b: Reuniclus\n|\n|-damage|p1a: Drampa|88/100|[from] Leech Seed|[of] p2a: Whimsicott\n|upkeep\n|\n|t:|1776469241\n|switch|p1b: Sinistcha|Sinistcha-Masterpiece, L50|100/100\n|-heal|p1a: Drampa|100/100|[from] ability: Hospitality|[of] p1b: Sinistcha\n|turn|3\n|\n|t:|1776469266\n|switch|p2b: Corviknight|Corviknight, L50, F|100/100\n|-ability|p2b: Corviknight|Pressure\n|move|p1a: Drampa|Hyper Voice|p2b: Corviknight|[spread] p2a,p2b\n|-resisted|p2b: Corviknight|1\n|-enditem|p2a: Whimsicott|Focus Sash\n|-damage|p2a: Whimsicott|1/100\n|-damage|p2b: Corviknight|70/100\n|move|p1b: Sinistcha|Matcha Gotcha|p2a: Whimsicott|[spread] p2a,p2b\n|-resisted|p2a: Whimsicott|1\n|-resisted|p2b: Corviknight|2\n|-damage|p2a: Whimsicott|0 fnt\n|-damage|p2b: Corviknight|65/100\n|-status|p2b: Corviknight|brn\n|faint|p2a: Whimsicott\n|\n|-damage|p2b: Corviknight|60/100 brn|[from] brn\n|upkeep\n|\n|t:|1776469291\n|switch|p2a: Gyarados|Gyarados-Mega, L50, F|100/100\n|-ability|p2a: Gyarados|Mold Breaker\n|turn|4\n|\n|t:|1776469313\n|move|p2b: Corviknight|Protect|p2b: Corviknight\n|-singleturn|p2b: Corviknight|Protect\n|move|p1a: Drampa|Hyper Voice|p2b: Corviknight|[spread] p2a\n|-activate|p2b: Corviknight|move: Protect\n|-crit|p2a: Gyarados\n|-damage|p2a: Gyarados|0 fnt\n|faint|p2a: Gyarados\n|move|p1b: Sinistcha|Strength Sap|p2b: Corviknight\n|-activate|p2b: Corviknight|move: Protect\n|\n|-damage|p2b: Corviknight|54/100 brn|[from] brn\n|upkeep\n|\n|t:|1776469327\n|switch|p2a: Sneasler|Sneasler, L50, M|100/100\n|turn|5\n|\n|t:|1776469346\n|move|p2a: Sneasler|Fake Out|p1a: Drampa\n|-damage|p1a: Drampa|91/100\n|cant|p1a: Drampa|flinch\n|move|p2b: Corviknight|Body Press|p1a: Drampa\n|-supereffective|p1a: Drampa|1\n|-damage|p1a: Drampa|73/100\n|move|p1b: Sinistcha|Strength Sap|p2a: Sneasler\n|-unboost|p2a: Sneasler|atk|1\n|-enditem|p2a: Sneasler|White Herb\n|-clearnegativeboost|p2a: Sneasler|[silent]\n|\n|-damage|p1a: Drampa|61/100|[from] Leech Seed|[of] p2a: Sneasler\n|-damage|p2b: Corviknight|48/100 brn|[from] brn\n|-sideend|p2: Plantbear|move: Light Screen\n|-fieldend|move: Trick Room\n|upkeep\n|-enditem|p2b: Corviknight|Sitrus Berry|[eat]\n|-heal|p2b: Corviknight|73/100 brn|[from] item: Sitrus Berry\n|turn|6\n|\n|t:|1776469380\n|move|p2a: Sneasler|Close Combat|p1a: Drampa\n|-supereffective|p1a: Drampa|1\n|-damage|p1a: Drampa|0 fnt\n|-unboost|p2a: Sneasler|def|1\n|-unboost|p2a: Sneasler|spd|1\n|faint|p1a: Drampa\n|move|p1b: Sinistcha|Matcha Gotcha|p2a: Sneasler|[spread] p2a,p2b\n|-resisted|p2a: Sneasler|1\n|-resisted|p2b: Corviknight|2\n|-crit|p2b: Corviknight\n|-damage|p2a: Sneasler|72/100\n|-damage|p2b: Corviknight|63/100 brn\n|move|p2b: Corviknight|U-turn|p1b: Sinistcha\n|-damage|p1b: Sinistcha|96/100\n|\n|-damage|p2b: Corviknight|57/100 brn|[from] brn\n|-sideend|p1: Saac1977|Reflect\n|upkeep\n|\n|t:|1776469395\n|switch|p1a: Delphox|Delphox, L50, F|100/100\n|turn|7\n|\n|t:|1776469414\n|move|p2a: Sneasler|Acrobatics|p1a: Delphox\n|-damage|p1a: Delphox|43/100\n|move|p1a: Delphox|Heat Wave|p2b: Corviknight|[spread] p2a,p2b\n|-supereffective|p2b: Corviknight|1\n|-damage|p2a: Sneasler|6/100\n|-damage|p2b: Corviknight|0 fnt\n|faint|p2b: Corviknight\n|move|p1b: Sinistcha|Strength Sap|p2a: Sneasler\n|-unboost|p2a: Sneasler|atk|1\n|-heal|p1b: Sinistcha|100/100\n|\n|upkeep\n|turn|8\n|\n|t:|1776469434\n|move|p2a: Sneasler|Acrobatics|p1b: Sinistcha\n|-supereffective|p1b: Sinistcha|1\n|-damage|p1b: Sinistcha|53/100\n|move|p1a: Delphox|Dazzling Gleam|p2a: Sneasler\n|-damage|p2a: Sneasler|0 fnt\n|faint|p2a: Sneasler\n|\n|win|Saac1977\n|raw|Saac1977's rating: 1000 &rarr; <strong>1040</strong><br />(+40 for winning)\n|raw|Plantbear's rating: 1000 &rarr; <strong>1000</strong><br />(+0 for losing)\n|l|\u2606Plantbear\n|player|p2|\n",
  "uploadtime": 1776469444,
  "views": 22,
  "formatid": "gen9championsvgc2026regma",
  "rating": 1000,
  "private": 0,
  "password": null
}