{
  "id": "gen9championsvgc2026regma-2581603888",
  "format": "[Gen 9 Champions] VGC 2026 Reg M-A",
  "players": [
    "rnggodly",
    "eduardog88"
  ],
  "log": "|j|\u2606rnggodly\n|j|\u2606eduardog88\n|t:|1776014426\n|gametype|doubles\n|player|p1|rnggodly|1|1050\n|player|p2|eduardog88|steven|1024\n|gen|9\n|tier|[Gen 9 Champions] VGC 2026 Reg M-A\n|rated|\n|rule|Species Clause: Limit one of each Pok\u00e9mon\n|rule|Item Clause: Limit 1 of each item\n|clearpoke\n|poke|p1|Hawlucha, L50, F|\n|poke|p1|Excadrill, L50, M|\n|poke|p1|Sinistcha, L50|\n|poke|p1|Maushold, L50|\n|poke|p1|Lopunny, L50, M|\n|poke|p2|Pidgeot, L50, F|\n|poke|p2|Raichu, L50, F|\n|poke|p2|Garchomp, L50, F|\n|poke|p2|Incineroar, L50, F|\n|poke|p2|Sneasler, L50, F|\n|poke|p2|Farigiraf, L50, F|\n|teampreview|4\n|\n|t:|1776014448\n|teamsize|p1|4\n|teamsize|p2|4\n|start\n|switch|p1a: Hawlucha|Hawlucha, L50, F|100/100\n|switch|p1b: Excadrill|Excadrill, L50, M|100/100\n|switch|p2a: Pidgeot|Pidgeot, L50, F, shiny|100/100\n|switch|p2b: Raichu|Raichu, L50, F|100/100\n|turn|1\n|\n|t:|1776014490\n|switch|p2b: Sneasler|Sneasler, L50, F|100/100\n|detailschange|p1a: Hawlucha|Hawlucha-Mega, L50, F\n|-mega|p1a: Hawlucha|Hawlucha|Hawluchanite\n|detailschange|p2a: Pidgeot|Pidgeot-Mega, L50, F, shiny\n|-mega|p2a: Pidgeot|Pidgeot|Pidgeotite\n|move|p2a: Pidgeot|Tailwind|p2a: Pidgeot\n|-sidestart|p2: eduardog88|move: Tailwind\n|move|p1a: Hawlucha|Entrainment|p1b: Excadrill\n|-ability|p1b: Excadrill|No Guard|Sand Rush|[from] move: Entrainment|[of] p1a: Hawlucha\n|move|p1b: Excadrill|Horn Drill|p2b: Sneasler\n|-enditem|p2b: Sneasler|Focus Sash\n|-damage|p2b: Sneasler|1/100\n|\n|upkeep\n|turn|2\n|\n|t:|1776014528\n|move|p1b: Excadrill|Protect|p1b: Excadrill\n|-singleturn|p1b: Excadrill|Protect\n|move|p2b: Sneasler|Close Combat|p1b: Excadrill\n|-activate|p1b: Excadrill|move: Protect\n|move|p2a: Pidgeot|Hurricane|p1a: Hawlucha\n|-supereffective|p1a: Hawlucha|1\n|-damage|p1a: Hawlucha|0 fnt\n|faint|p1a: Hawlucha\n|\n|upkeep\n|\n|t:|1776014539\n|switch|p1a: Lopunny|Lopunny, L50, M|100/100\n|turn|3\n|\n|t:|1776014562\n|move|p1a: Lopunny|Fake Out|p2b: Sneasler\n|-damage|p2b: Sneasler|0 fnt\n|faint|p2b: Sneasler\n|move|p2a: Pidgeot|Heat Wave|p1b: Excadrill|[spread] p1a,p1b\n|-supereffective|p1b: Excadrill|1\n|-damage|p1a: Lopunny|71/100\n|-damage|p1b: Excadrill|41/100\n|move|p1b: Excadrill|Horn Drill|p2a: Pidgeot\n|-damage|p2a: Pidgeot|0 fnt\n|faint|p2a: Pidgeot\n|-ohko\n|\n|-heal|p1b: Excadrill|47/100|[from] item: Leftovers\n|upkeep\n|\n|t:|1776014577\n|switch|p2a: Raichu|Raichu, L50, F|100/100\n|switch|p2b: Incineroar|Incineroar, L50, F|100/100\n|-ability|p2b: Incineroar|Intimidate|boost\n|-unboost|p1a: Lopunny|atk|1\n|-unboost|p1b: Excadrill|atk|1\n|turn|4\n|\n|t:|1776014618\n|move|p1b: Excadrill|Protect|p1b: Excadrill\n|-singleturn|p1b: Excadrill|Protect\n|move|p2a: Raichu|Fake Out|p1b: Excadrill\n|-activate|p1b: Excadrill|move: Protect\n|move|p2b: Incineroar|Fake Out|p1a: Lopunny\n|-damage|p1a: Lopunny|58/100\n|-start|p2b: Incineroar|Attract|[from] ability: Cute Charm|[of] p1a: Lopunny\n|cant|p1a: Lopunny|flinch\n|\n|-heal|p1b: Excadrill|53/100|[from] item: Leftovers\n|-sideend|p2: eduardog88|move: Tailwind\n|upkeep\n|turn|5\n|\n|t:|1776014672\n|switch|p1a: Sinistcha|Sinistcha, L50|100/100\n|-end|p2b: Incineroar|Attract|[silent]\n|-heal|p1b: Excadrill|77/100|[from] ability: Hospitality|[of] p1a: Sinistcha\n|move|p1b: Excadrill|Horn Drill|p2b: Incineroar\n|-damage|p2b: Incineroar|0 fnt\n|faint|p2b: Incineroar\n|-ohko\n|move|p2a: Raichu|Nuzzle|p1a: Sinistcha\n|-resisted|p1a: Sinistcha|1\n|-damage|p1a: Sinistcha|98/100\n|-status|p1a: Sinistcha|par\n|\n|-heal|p1b: Excadrill|83/100|[from] item: Leftovers\n|upkeep\n|turn|6\n|l|\u2606rnggodly\n|player|p1|\n|j|\u2606rnggodly\n|player|p1|rnggodly|1|\n|\n|t:|1776014697\n|move|p1b: Excadrill|Fissure|p2a: Raichu\n|-damage|p2a: Raichu|0 fnt\n|faint|p2a: Raichu\n|-ohko\n|\n|win|rnggodly\n|raw|rnggodly's rating: 1050 &rarr; <strong>1080</strong><br />(+30 for winning)\n|raw|eduardog88's rating: 1024 &rarr; <strong>1011</strong><br />(-13 for losing)\n",
  "uploadtime": 1776014702,
  "views": 12,
  "formatid": "gen9championsvgc2026regma",
  "rating": 1011,
  "private": 0,
  "password": null
}