{
  "id": "gen9championsvgc2026regma-2584305657",
  "format": "[Gen 9 Champions] VGC 2026 Reg M-A",
  "players": [
    "amarillaria",
    "daanvstw"
  ],
  "log": "|j|\u2606amarillaria\n|j|\u2606daanvstw\n|t:|1776249363\n|gametype|doubles\n|player|p1|amarillaria|unknown|1076\n|player|p2|daanvstw|n|1000\n|gen|9\n|tier|[Gen 9 Champions] VGC 2026 Reg M-A\n|rated|\n|rule|Species Clause: Limit one of each Pok\u00e9mon\n|rule|Item Clause: Limit 1 of each item\n|clearpoke\n|poke|p1|Scovillain, L50, M|\n|poke|p1|Incineroar, L50, M|\n|poke|p1|Farigiraf, L50, F|\n|poke|p1|Gallade, L50, M|\n|poke|p1|Kingambit, L50, M|\n|poke|p1|Pelipper, L50, M|\n|poke|p2|Froslass, L50, F|\n|poke|p2|Garchomp, L50, M|\n|poke|p2|Rotom-Frost, L50|\n|poke|p2|Empoleon, L50, M|\n|poke|p2|Incineroar, L50, M|\n|poke|p2|Kingambit, L50, F|\n|teampreview|4\n|inactive|Battle timer is ON: inactive players will automatically lose when time's up. (requested by amarillaria)\ndaanvstw rejected open team sheets.\n|inactive|daanvstw has 60 seconds left.\n|\n|t:|1776249466\n|teamsize|p1|4\n|teamsize|p2|4\n|start\n|switch|p1a: Farigiraf|Farigiraf, L50, F|100/100\n|switch|p1b: Incineroar|Incineroar, L50, M|100/100\n|switch|p2a: Froslass|Froslass, L50, F|100/100\n|switch|p2b: Rotom|Rotom-Frost, L50|100/100\n|-ability|p1b: Incineroar|Intimidate|boost\n|-unboost|p2a: Froslass|atk|1\n|-unboost|p2b: Rotom|atk|1\n|turn|1\n|inactive|amarillaria has 30 seconds left.\n|inactive|daanvstw has 30 seconds left.\n|inactive|amarillaria has 20 seconds left.\n|inactive|daanvstw has 20 seconds left.\n|inactive|daanvstw has 15 seconds left.\n|inactive|daanvstw has 10 seconds left.\n|inactive|daanvstw has 5 seconds left.\n|\n|t:|1776249518\n|detailschange|p2a: Froslass|Froslass-Mega, L50, F\n|-mega|p2a: Froslass|Froslass|Froslassite\n|-weather|Snowscape|[from] ability: Snow Warning|[of] p2a: Froslass\n|move|p2b: Rotom|Blizzard|p1b: Incineroar|[spread] p1a,p1b\n|-resisted|p1b: Incineroar|1\n|-damage|p1a: Farigiraf|65/100\n|-damage|p1b: Incineroar|84/100\n|move|p2a: Froslass|Blizzard|p1b: Incineroar|[spread] p1a,p1b\n|-resisted|p1b: Incineroar|1\n|-damage|p1a: Farigiraf|18/100\n|-damage|p1b: Incineroar|59/100\n|-enditem|p1a: Farigiraf|Sitrus Berry|[eat]\n|-heal|p1a: Farigiraf|43/100|[from] item: Sitrus Berry\n|move|p1b: Incineroar|Flare Blitz|p2a: Froslass\n|-supereffective|p2a: Froslass|1\n|-damage|p2a: Froslass|0 fnt\n|faint|p2a: Froslass\n|-damage|p1b: Incineroar|35/100|[from] Recoil\n|move|p1a: Farigiraf|Trick Room|p1a: Farigiraf\n|-fieldstart|move: Trick Room|[of] p1a: Farigiraf\n|\n|-weather|Snowscape|[upkeep]\n|upkeep\n|\n|t:|1776249542\n|switch|p2a: Garchomp|Garchomp, L50, M|100/100\n|turn|2\n|inactive|amarillaria has 30 seconds left.\n|\n|t:|1776249574\n|move|p1a: Farigiraf|Nasty Plot|p1a: Farigiraf\n|-boost|p1a: Farigiraf|spa|2\n|move|p1b: Incineroar|Flare Blitz|p2b: Rotom\n|-supereffective|p2b: Rotom|1\n|-damage|p2b: Rotom|0 fnt\n|faint|p2b: Rotom\n|-damage|p1b: Incineroar|14/100|[from] Recoil\n|move|p2a: Garchomp|Rock Slide|p1a: Farigiraf|[spread] p1a,p1b\n|-supereffective|p1b: Incineroar|1\n|-damage|p1a: Farigiraf|24/100\n|-damage|p1b: Incineroar|0 fnt\n|faint|p1b: Incineroar\n|\n|-weather|Snowscape|[upkeep]\n|upkeep\n|\n|t:|1776249588\n|switch|p1b: Scovillain|Scovillain, L50, M|100/100\n|switch|p2b: Kingambit|Kingambit, L50, F|100/100\n|turn|3\n|inactive|daanvstw has 30 seconds left.\n|inactive|daanvstw has 20 seconds left.\n|\n|t:|1776249625\n|detailschange|p1b: Scovillain|Scovillain-Mega, L50, M\n|-mega|p1b: Scovillain|Scovillain|Scovillainite\n|move|p1b: Scovillain|Rage Powder|p1b: Scovillain\n|-singleturn|p1b: Scovillain|move: Rage Powder\n|move|p2b: Kingambit|Sucker Punch||[still]\n|cant|p1a: Farigiraf|ability: Armor Tail|Sucker Punch|[of] p2b: Kingambit\n|move|p1a: Farigiraf|Hyper Voice|p2a: Garchomp|[spread] p2a,p2b\n|-resisted|p2b: Kingambit|1\n|-damage|p2a: Garchomp|25/100\n|-damage|p2b: Kingambit|62/100\n|move|p2a: Garchomp|Rock Slide|p1a: Farigiraf|[spread] p1a,p1b\n|-supereffective|p1b: Scovillain|1\n|-damage|p1a: Farigiraf|3/100\n|-damage|p1b: Scovillain|63/100\n|-status|p2a: Garchomp|brn|[from] ability: Spicy Spray|[of] p1b: Scovillain\n|\n|-weather|Snowscape|[upkeep]\n|-damage|p2a: Garchomp|19/100 brn|[from] brn\n|upkeep\n|turn|4\n|inactive|daanvstw has 30 seconds left.\n|\n|t:|1776249656\n|move|p2a: Garchomp|Protect|p2a: Garchomp\n|-singleturn|p2a: Garchomp|Protect\n|move|p1b: Scovillain|Rage Powder|p1b: Scovillain\n|-singleturn|p1b: Scovillain|move: Rage Powder\n|move|p1a: Farigiraf|Hyper Voice|p2b: Kingambit|[spread] p2b\n|-activate|p2a: Garchomp|move: Protect\n|-resisted|p2b: Kingambit|1\n|-damage|p2b: Kingambit|22/100\n|move|p2b: Kingambit|Iron Head|p1b: Scovillain\n|-resisted|p1b: Scovillain|1\n|-damage|p1b: Scovillain|38/100\n|-status|p2b: Kingambit|brn|[from] ability: Spicy Spray|[of] p1b: Scovillain\n|\n|-weather|Snowscape|[upkeep]\n|-damage|p2b: Kingambit|16/100 brn|[from] brn\n|-damage|p2a: Garchomp|13/100 brn|[from] brn\n|upkeep\n|turn|5\n|inactive|amarillaria has 30 seconds left.\n|\n|t:|1776249687\n|move|p1b: Scovillain|Protect|p1b: Scovillain\n|-singleturn|p1b: Scovillain|Protect\n|move|p2b: Kingambit|Protect|p2b: Kingambit\n|-singleturn|p2b: Kingambit|Protect\n|move|p2a: Garchomp|Protect|p2a: Garchomp\n|-singleturn|p2a: Garchomp|Protect\n|move|p1a: Farigiraf|Hyper Voice|p2b: Kingambit|[spread] \n|-activate|p2a: Garchomp|move: Protect\n|-activate|p2b: Kingambit|move: Protect\n|\n|-weather|none\n|-damage|p2b: Kingambit|11/100 brn|[from] brn\n|-damage|p2a: Garchomp|7/100 brn|[from] brn\n|-fieldend|move: Trick Room\n|upkeep\n|turn|6\n|\n|t:|1776249711\n|move|p1b: Scovillain|Rage Powder|p1b: Scovillain\n|-singleturn|p1b: Scovillain|move: Rage Powder\n|move|p2a: Garchomp|Rock Slide|p1a: Farigiraf|[spread] p1a,p1b\n|-supereffective|p1b: Scovillain|1\n|-damage|p1a: Farigiraf|0 fnt\n|-damage|p1b: Scovillain|19/100\n|faint|p1a: Farigiraf\n|move|p2b: Kingambit|Iron Head|p1b: Scovillain\n|-resisted|p1b: Scovillain|1\n|-damage|p1b: Scovillain|7/100\n|\n|-damage|p2a: Garchomp|1/100 brn|[from] brn\n|-damage|p2b: Kingambit|5/100 brn|[from] brn\n|upkeep\n|\n|t:|1776249714\n|switch|p1a: Gallade|Gallade, L50, M|100/100\n|turn|7\n|inactive|daanvstw has 30 seconds left.\n|inactive|daanvstw has 20 seconds left.\n|\n|t:|1776249751\n|move|p1a: Gallade|Protect|p1a: Gallade\n|-singleturn|p1a: Gallade|Protect\n|move|p1b: Scovillain|Protect|p1b: Scovillain\n|-singleturn|p1b: Scovillain|Protect\n|move|p2a: Garchomp|Rock Slide|p1a: Gallade|[spread] \n|-activate|p1a: Gallade|move: Protect\n|-activate|p1b: Scovillain|move: Protect\n|move|p2b: Kingambit|Iron Head|p1a: Gallade\n|-activate|p1a: Gallade|move: Protect\n|\n|-damage|p2a: Garchomp|0 fnt|[from] brn\n|faint|p2a: Garchomp\n|-damage|p2b: Kingambit|0 fnt|[from] brn\n|faint|p2b: Kingambit\n|\n|win|amarillaria\n|raw|amarillaria's rating: 1076 &rarr; <strong>1098</strong><br />(+22 for winning)\n|raw|daanvstw's rating: 1000 &rarr; <strong>1000</strong><br />(+0 for losing)\n|l|\u2606daanvstw\n|player|p2|\n",
  "uploadtime": 1776249779,
  "views": 19,
  "formatid": "gen9championsvgc2026regma",
  "rating": 1000,
  "private": 0,
  "password": null
}