{
  "id": "gen9championsvgc2026regma-2587472810",
  "format": "[Gen 9 Champions] VGC 2026 Reg M-A",
  "players": [
    "totoyesyes",
    "SpockyFrogo"
  ],
  "log": "|j|\u2606totoyesyes\n|j|\u2606SpockyFrogo\n|t:|1776534744\n|gametype|doubles\n|player|p1|totoyesyes|266|1132\n|player|p2|SpockyFrogo|266|1213\n|gen|9\n|tier|[Gen 9 Champions] VGC 2026 Reg M-A\n|rated|\n|rule|Species Clause: Limit one of each Pok\u00e9mon\n|rule|Item Clause: Limit 1 of each item\n|clearpoke\n|poke|p1|Garchomp, L50, F|\n|poke|p1|Tyranitar, L50, M|\n|poke|p1|Aerodactyl, L50, F|\n|poke|p1|Rotom-Wash, L50|\n|poke|p1|Typhlosion-Hisui, L50, F|\n|poke|p1|Sinistcha, L50|\n|poke|p2|Sylveon, L50, M|\n|poke|p2|Milotic, L50, F|\n|poke|p2|Golurk, L50|\n|poke|p2|Farigiraf, L50, M|\n|poke|p2|Arcanine-Hisui, L50, F|\n|poke|p2|Garchomp, L50, F|\n|teampreview|4\n|\n|t:|1776534781\n|teamsize|p1|4\n|teamsize|p2|4\n|start\n|switch|p1a: Garchomp|Garchomp, L50, F|100/100\n|switch|p1b: Tyranitar|Tyranitar, L50, M|100/100\n|switch|p2a: Arcanine|Arcanine-Hisui, L50, F|100/100\n|switch|p2b: Milotic|Milotic, L50, F|100/100\n|-ability|p2a: Arcanine|Intimidate|boost\n|-unboost|p1a: Garchomp|atk|1\n|-unboost|p1b: Tyranitar|atk|1\n|-weather|Sandstorm|[from] ability: Sand Stream|[of] p1b: Tyranitar\n|turn|1\n|\n|t:|1776534822\n|switch|p2a: Farigiraf|Farigiraf, L50, M|100/100\n|switch|p1b: Aerodactyl|Aerodactyl, L50, F|100/100\n|-ability|p1b: Aerodactyl|Unnerve\n|detailschange|p1a: Garchomp|Garchomp-Mega, L50, F\n|-mega|p1a: Garchomp|Garchomp|Garchompite\n|move|p2b: Milotic|Protect|p2b: Milotic\n|-singleturn|p2b: Milotic|Protect\n|move|p1a: Garchomp|Earthquake|p2b: Milotic|[spread] p2a\n|-activate|p2b: Milotic|move: Protect\n|-immune|p1b: Aerodactyl\n|-damage|p2a: Farigiraf|57/100\n|\n|-weather|Sandstorm|[upkeep]\n|-damage|p2b: Milotic|95/100|[from] Sandstorm\n|-damage|p2a: Farigiraf|51/100|[from] Sandstorm\n|-heal|p2b: Milotic|100/100|[from] item: Leftovers\n|upkeep\n|turn|2\n|\n|t:|1776534853\n|move|p1b: Aerodactyl|Taunt|p2a: Farigiraf\n|-start|p2a: Farigiraf|move: Taunt\n|-enditem|p2a: Farigiraf|Mental Herb\n|-end|p2a: Farigiraf|move: Taunt\n|move|p1a: Garchomp|Earthquake|p2b: Milotic|[spread] p2a,p2b\n|-immune|p1b: Aerodactyl\n|-damage|p2a: Farigiraf|6/100\n|-damage|p2b: Milotic|66/100\n|move|p2b: Milotic|Ice Beam|p1b: Aerodactyl\n|-supereffective|p1b: Aerodactyl|1\n|-damage|p1b: Aerodactyl|62/100\n|move|p2a: Farigiraf|Trick Room|p2a: Farigiraf\n|-fieldstart|move: Trick Room|[of] p2a: Farigiraf\n|\n|-weather|Sandstorm|[upkeep]\n|-damage|p2a: Farigiraf|0 fnt|[from] Sandstorm\n|-damage|p2b: Milotic|60/100|[from] Sandstorm\n|faint|p2a: Farigiraf\n|-heal|p2b: Milotic|66/100|[from] item: Leftovers\n|upkeep\n|\n|t:|1776534869\n|switch|p2a: Golurk|Golurk, L50|100/100\n|turn|3\n|\n|t:|1776534909\n|detailschange|p2a: Golurk|Golurk-Mega, L50\n|-mega|p2a: Golurk|Golurk|Golurkite\n|move|p1a: Garchomp|Protect|p1a: Garchomp\n|-singleturn|p1a: Garchomp|Protect\n|move|p2a: Golurk|Poltergeist|p1b: Aerodactyl\n|-activate|p1b: Aerodactyl|move: Poltergeist|Focus Sash\n|-damage|p1b: Aerodactyl|0 fnt\n|faint|p1b: Aerodactyl\n|move|p2b: Milotic|Ice Beam|p1a: Garchomp\n|-activate|p1a: Garchomp|move: Protect\n|\n|-weather|Sandstorm|[upkeep]\n|-damage|p2b: Milotic|60/100|[from] Sandstorm\n|-heal|p2b: Milotic|66/100|[from] item: Leftovers\n|upkeep\n|\n|t:|1776534926\n|switch|p1b: Tyranitar|Tyranitar, L50, M|100/100\n|turn|4\n|\n|t:|1776534943\n|move|p1b: Tyranitar|Knock Off|p2a: Golurk\n|-supereffective|p2a: Golurk|1\n|-damage|p2a: Golurk|52/100\n|move|p2a: Golurk|Close Combat|p1b: Tyranitar\n|-supereffective|p1b: Tyranitar|2\n|-damage|p1b: Tyranitar|0 fnt\n|-unboost|p2a: Golurk|def|1\n|-unboost|p2a: Golurk|spd|1\n|faint|p1b: Tyranitar\n|move|p2b: Milotic|Ice Beam|p1a: Garchomp\n|-supereffective|p1a: Garchomp|2\n|-damage|p1a: Garchomp|26/100\n|move|p1a: Garchomp|Earthquake|p2a: Golurk|[spread] p2a,p2b\n|-damage|p2a: Golurk|0 fnt\n|-damage|p2b: Milotic|35/100\n|faint|p2a: Golurk\n|\n|-weather|Sandstorm|[upkeep]\n|-damage|p2b: Milotic|29/100|[from] Sandstorm\n|-heal|p2b: Milotic|35/100|[from] item: Leftovers\n|upkeep\n|\n|t:|1776534962\n|switch|p1b: Sinistcha|Sinistcha, L50|100/100\n|switch|p2a: Arcanine|Arcanine-Hisui, L50, F|100/100\n|-ability|p2a: Arcanine|Intimidate|boost\n|-unboost|p1a: Garchomp|atk|1\n|-unboost|p1b: Sinistcha|atk|1\n|-heal|p1a: Garchomp|51/100|[from] ability: Hospitality|[of] p1b: Sinistcha\n|turn|5\n|\n|t:|1776534988\n|move|p1b: Sinistcha|Life Dew||[still]|[spread] p1a,p1b\n|-heal|p1a: Garchomp|76/100\n|-fail|p1b: Sinistcha|heal\n|move|p2b: Milotic|Recover|p2b: Milotic\n|-heal|p2b: Milotic|85/100\n|move|p2a: Arcanine|Flare Blitz|p1b: Sinistcha\n|-supereffective|p1b: Sinistcha|1\n|-enditem|p1b: Sinistcha|Occa Berry|[eat]\n|-enditem|p1b: Sinistcha|Occa Berry|[weaken]\n|-damage|p1b: Sinistcha|47/100\n|-damage|p2a: Arcanine|88/100|[from] Recoil\n|move|p1a: Garchomp|Earthquake|p2b: Milotic|[spread] p1b,p2a,p2b\n|-resisted|p1b: Sinistcha|1\n|-supereffective|p2a: Arcanine|2\n|-damage|p1b: Sinistcha|33/100\n|-damage|p2a: Arcanine|0 fnt\n|-damage|p2b: Milotic|58/100\n|faint|p2a: Arcanine\n|\n|-weather|none\n|-heal|p2b: Milotic|64/100|[from] item: Leftovers\n|upkeep\n|turn|6\n|\n|t:|1776535012\n|move|p1b: Sinistcha|Protect|p1b: Sinistcha\n|-singleturn|p1b: Sinistcha|Protect\n|move|p2b: Milotic|Ice Beam|p1b: Sinistcha\n|-activate|p1b: Sinistcha|move: Protect\n|move|p1a: Garchomp|Dragon Claw|p2b: Milotic\n|-damage|p2b: Milotic|44/100\n|\n|-heal|p2b: Milotic|50/100|[from] item: Leftovers\n|-fieldend|move: Trick Room\n|upkeep\n|turn|7\n|\n|t:|1776535029\n|move|p1a: Garchomp|Dragon Claw|p2b: Milotic\n|-damage|p2b: Milotic|28/100\n|move|p2b: Milotic|Ice Beam|p1b: Sinistcha\n|-supereffective|p1b: Sinistcha|1\n|-damage|p1b: Sinistcha|0 fnt\n|faint|p1b: Sinistcha\n|\n|-heal|p2b: Milotic|34/100|[from] item: Leftovers\n|upkeep\n|turn|8\n|\n|t:|1776535039\n|move|p1a: Garchomp|Earthquake|p2b: Milotic\n|-damage|p2b: Milotic|5/100\n|move|p2b: Milotic|Recover|p2b: Milotic\n|-heal|p2b: Milotic|55/100\n|\n|-heal|p2b: Milotic|61/100|[from] item: Leftovers\n|upkeep\n|turn|9\n|\n|t:|1776535050\n|move|p1a: Garchomp|Earthquake|p2b: Milotic\n|-damage|p2b: Milotic|37/100\n|move|p2b: Milotic|Ice Beam|p1a: Garchomp\n|-supereffective|p1a: Garchomp|2\n|-damage|p1a: Garchomp|0 fnt\n|faint|p1a: Garchomp\n|\n|win|SpockyFrogo\n|raw|totoyesyes's rating: 1132 &rarr; <strong>1113</strong><br />(-19 for losing)\n|raw|SpockyFrogo's rating: 1213 &rarr; <strong>1232</strong><br />(+19 for winning)\n",
  "uploadtime": 1776535057,
  "views": 12,
  "formatid": "gen9championsvgc2026regma",
  "rating": 1113,
  "private": 0,
  "password": null
}