{
  "id": "gen9championsvgc2026regma-2585535471",
  "format": "[Gen 9 Champions] VGC 2026 Reg M-A",
  "players": [
    "punishedmelody",
    "sinfon1c0"
  ],
  "log": "|j|\u2606punishedmelody\n|j|\u2606sinfon1c0\n|t:|1776353982\n|gametype|doubles\n|player|p1|punishedmelody|taunie|1170\n|player|p2|sinfon1c0|2|1161\n|gen|9\n|tier|[Gen 9 Champions] VGC 2026 Reg M-A\n|rated|\n|rule|Species Clause: Limit one of each Pok\u00e9mon\n|rule|Item Clause: Limit 1 of each item\n|clearpoke\n|poke|p1|Scizor, L50, F|\n|poke|p1|Sneasler, L50, F|\n|poke|p1|Sinistcha, L50|\n|poke|p1|Rotom-Wash, L50|\n|poke|p1|Tyranitar, L50, F|\n|poke|p1|Arcanine, L50, F|\n|poke|p2|Volcarona, L50, M|\n|poke|p2|Milotic, L50, M|\n|poke|p2|Goodra-Hisui, L50, F|\n|poke|p2|Aerodactyl, L50, F|\n|poke|p2|Froslass, L50, F|\n|poke|p2|Weavile, L50, F|\n|teampreview|4\n|inactive|Battle timer is ON: inactive players will automatically lose when time's up. (requested by punishedmelody)\n|inactive|sinfon1c0 has 60 seconds left.\n|\n|t:|1776354060\n|teamsize|p1|4\n|teamsize|p2|4\n|start\n|switch|p1a: Tyranitar|Tyranitar, L50, F|100/100\n|switch|p1b: Rotom|Rotom-Wash, L50|100/100\n|switch|p2a: Weavile|Weavile, L50, F|100/100\n|switch|p2b: Volcarona|Volcarona, L50, M|100/100\n|-ability|p2a: Weavile|Pressure\n|-weather|Sandstorm|[from] ability: Sand Stream|[of] p1a: Tyranitar\n|turn|1\n|inactive|sinfon1c0 has 30 seconds left.\n|\n|t:|1776354094\n|move|p1a: Tyranitar|Protect|p1a: Tyranitar\n|-singleturn|p1a: Tyranitar|Protect\n|move|p2a: Weavile|Fake Out|p1a: Tyranitar\n|-activate|p1a: Tyranitar|move: Protect\n|move|p1b: Rotom|Electroweb|p2b: Volcarona|[spread] p2a,p2b\n|-damage|p2a: Weavile|73/100\n|-damage|p2b: Volcarona|84/100\n|-unboost|p2a: Weavile|spe|1\n|-unboost|p2b: Volcarona|spe|1\n|move|p2b: Volcarona|Quiver Dance|p2b: Volcarona\n|-boost|p2b: Volcarona|spa|1\n|-boost|p2b: Volcarona|spd|1\n|-boost|p2b: Volcarona|spe|1\n|\n|-weather|Sandstorm|[upkeep]\n|-damage|p1b: Rotom|94/100|[from] Sandstorm\n|-damage|p2a: Weavile|67/100|[from] Sandstorm\n|-damage|p2b: Volcarona|78/100|[from] Sandstorm\n|upkeep\n|turn|2\n|inactive|sinfon1c0 has 30 seconds left.\n|\n|t:|1776354129\n|move|p2b: Volcarona|Protect|p2b: Volcarona\n|-singleturn|p2b: Volcarona|Protect\n|move|p1b: Rotom|Electroweb|p2b: Volcarona|[spread] p2a\n|-activate|p2b: Volcarona|move: Protect\n|-damage|p2a: Weavile|44/100\n|-unboost|p2a: Weavile|spe|1\n|move|p2a: Weavile|Knock Off|p1a: Tyranitar\n|-resisted|p1a: Tyranitar|1\n|-damage|p1a: Tyranitar|84/100\n|move|p1a: Tyranitar|Rock Slide|p2a: Weavile|[spread] p2a\n|-activate|p2b: Volcarona|move: Protect\n|-supereffective|p2a: Weavile|1\n|-damage|p2a: Weavile|0 fnt\n|faint|p2a: Weavile\n|\n|-weather|Sandstorm|[upkeep]\n|-damage|p1b: Rotom|88/100|[from] Sandstorm\n|-damage|p2b: Volcarona|72/100|[from] Sandstorm\n|upkeep\n|\n|t:|1776354153\n|switch|p2a: Froslass|Froslass, L50, F|100/100\n|turn|3\n|\n|t:|1776354163\n|switch|p2b: Milotic|Milotic, L50, M|100/100\n|move|p2a: Froslass|Protect|p2a: Froslass\n|-singleturn|p2a: Froslass|Protect\n|move|p1a: Tyranitar|Protect|p1a: Tyranitar\n|-singleturn|p1a: Tyranitar|Protect\n|move|p1b: Rotom|Electroweb|p2b: Milotic|[spread] \n|-activate|p2a: Froslass|move: Protect\n|-miss|p1b: Rotom|p2b: Milotic\n|\n|-weather|Sandstorm|[upkeep]\n|-damage|p1b: Rotom|82/100|[from] Sandstorm\n|-damage|p2a: Froslass|94/100|[from] Sandstorm\n|-damage|p2b: Milotic|95/100|[from] Sandstorm\n|upkeep\n|turn|4\n|\n|t:|1776354183\n|switch|p1b: Scizor|Scizor, L50, F|100/100\n|detailschange|p2a: Froslass|Froslass-Mega, L50, F\n|-mega|p2a: Froslass|Froslass|Froslassite\n|-weather|Snowscape|[from] ability: Snow Warning|[of] p2a: Froslass\n|move|p2a: Froslass|Aurora Veil|p2a: Froslass\n|-sidestart|p2: sinfon1c0|move: Aurora Veil\n|move|p2b: Milotic|Icy Wind|p1b: Scizor|[spread] p1a,p1b\n|-resisted|p1b: Scizor|1\n|-damage|p1a: Tyranitar|74/100\n|-damage|p1b: Scizor|92/100\n|-unboost|p1a: Tyranitar|spe|1\n|-unboost|p1b: Scizor|spe|1\n|move|p1a: Tyranitar|Knock Off|p2a: Froslass\n|-supereffective|p2a: Froslass|1\n|-crit|p2a: Froslass\n|-damage|p2a: Froslass|0 fnt\n|faint|p2a: Froslass\n|\n|-weather|Snowscape|[upkeep]\n|upkeep\n|\n|t:|1776354197\n|switch|p2a: Volcarona|Volcarona, L50, M|72/100\n|turn|5\n|\n|t:|1776354222\n|detailschange|p1a: Tyranitar|Tyranitar-Mega, L50, F\n|-mega|p1a: Tyranitar|Tyranitar|Tyranitarite\n|-weather|Sandstorm|[from] ability: Sand Stream|[of] p1a: Tyranitar\n|move|p2a: Volcarona|Fiery Dance|p1b: Scizor\n|-supereffective|p1b: Scizor|2\n|-crit|p1b: Scizor\n|-damage|p1b: Scizor|0 fnt\n|-boost|p2a: Volcarona|spa|1\n|faint|p1b: Scizor\n|move|p2b: Milotic|Scald|p1a: Tyranitar\n|-supereffective|p1a: Tyranitar|1\n|-damage|p1a: Tyranitar|29/100\n|move|p1a: Tyranitar|Dragon Dance|p1a: Tyranitar\n|-boost|p1a: Tyranitar|atk|1\n|-boost|p1a: Tyranitar|spe|1\n|\n|-weather|Sandstorm|[upkeep]\n|-damage|p2a: Volcarona|66/100|[from] Sandstorm\n|-damage|p2b: Milotic|89/100|[from] Sandstorm\n|upkeep\n|\n|t:|1776354231\n|switch|p1b: Sinistcha|Sinistcha, L50|100/100\n|-heal|p1a: Tyranitar|53/100|[from] ability: Hospitality|[of] p1b: Sinistcha\n|turn|6\n|inactive|sinfon1c0 has 30 seconds left.\n|\n|t:|1776354263\n|move|p2a: Volcarona|Protect|p2a: Volcarona\n|-singleturn|p2a: Volcarona|Protect\n|move|p2b: Milotic|Scald|p1a: Tyranitar\n|-supereffective|p1a: Tyranitar|1\n|-damage|p1a: Tyranitar|8/100\n|move|p1a: Tyranitar|Rock Slide|p2b: Milotic|[spread] p2b\n|-activate|p2a: Volcarona|move: Protect\n|-damage|p2b: Milotic|56/100\n|move|p1b: Sinistcha|Life Dew||[still]|[spread] p1a,p1b\n|-heal|p1a: Tyranitar|33/100\n|-fail|p1b: Sinistcha|heal\n|\n|-weather|Sandstorm|[upkeep]\n|-damage|p2a: Volcarona|59/100|[from] Sandstorm\n|-damage|p2b: Milotic|50/100|[from] Sandstorm\n|-damage|p1b: Sinistcha|94/100|[from] Sandstorm\n|upkeep\n|turn|7\n|\n|t:|1776354284\n|move|p1b: Sinistcha|Rage Powder|p1b: Sinistcha\n|-singleturn|p1b: Sinistcha|move: Rage Powder\n|move|p2a: Volcarona|Quiver Dance|p2a: Volcarona\n|-boost|p2a: Volcarona|spa|1\n|-boost|p2a: Volcarona|spd|1\n|-boost|p2a: Volcarona|spe|1\n|move|p2b: Milotic|Scald|p1b: Sinistcha\n|-resisted|p1b: Sinistcha|1\n|-damage|p1b: Sinistcha|71/100\n|move|p1a: Tyranitar|Dragon Dance|p1a: Tyranitar\n|-boost|p1a: Tyranitar|atk|1\n|-boost|p1a: Tyranitar|spe|1\n|\n|-weather|Sandstorm|[upkeep]\n|-damage|p2a: Volcarona|53/100|[from] Sandstorm\n|-damage|p2b: Milotic|44/100|[from] Sandstorm\n|-damage|p1b: Sinistcha|65/100|[from] Sandstorm\n|upkeep\n|turn|8\n|inactive|sinfon1c0 has 30 seconds left.\n|\n|t:|1776354311\n|move|p1b: Sinistcha|Rage Powder|p1b: Sinistcha\n|-singleturn|p1b: Sinistcha|move: Rage Powder\n|move|p2a: Volcarona|Fiery Dance|p1b: Sinistcha\n|-supereffective|p1b: Sinistcha|1\n|-damage|p1b: Sinistcha|0 fnt\n|-boost|p2a: Volcarona|spa|1\n|faint|p1b: Sinistcha\n|move|p1a: Tyranitar|Knock Off|p2b: Milotic\n|-damage|p2b: Milotic|0 fnt\n|-enditem|p2b: Milotic|Mystic Water|[from] move: Knock Off|[of] p1a: Tyranitar\n|faint|p2b: Milotic\n|\n|-weather|Sandstorm|[upkeep]\n|-damage|p2a: Volcarona|47/100|[from] Sandstorm\n|-enditem|p2a: Volcarona|Sitrus Berry|[eat]\n|-heal|p2a: Volcarona|72/100|[from] item: Sitrus Berry\n|-sideend|p2: sinfon1c0|move: Aurora Veil\n|upkeep\n|\n|t:|1776354325\n|switch|p1b: Rotom|Rotom-Wash, L50|82/100\n|turn|9\n|\n|t:|1776354332\n|move|p1a: Tyranitar|Protect|p1a: Tyranitar\n|-singleturn|p1a: Tyranitar|Protect\n|move|p1b: Rotom|Electroweb|p2a: Volcarona\n|-damage|p2a: Volcarona|58/100\n|-unboost|p2a: Volcarona|spe|1\n|move|p2a: Volcarona|Giga Drain|p1a: Tyranitar\n|-activate|p1a: Tyranitar|move: Protect\n|\n|-weather|none\n|upkeep\n|turn|10\n|\n|t:|1776354342\n|move|p1b: Rotom|Electroweb|p2a: Volcarona|[miss]\n|-miss|p1b: Rotom|p2a: Volcarona\n|move|p1a: Tyranitar|Rock Slide|p2a: Volcarona\n|-supereffective|p2a: Volcarona|2\n|-damage|p2a: Volcarona|0 fnt\n|faint|p2a: Volcarona\n|\n|win|punishedmelody\n|raw|punishedmelody's rating: 1170 &rarr; <strong>1194</strong><br />(+24 for winning)\n|raw|sinfon1c0's rating: 1161 &rarr; <strong>1137</strong><br />(-24 for losing)\n|l|\u2606sinfon1c0\n|player|p2|\n",
  "uploadtime": 1776354355,
  "views": 43,
  "formatid": "gen9championsvgc2026regma",
  "rating": 1137,
  "private": 0,
  "password": null
}