{
  "id": "gen9championsvgc2026regma-2580546307",
  "format": "[Gen 9 Champions] VGC 2026 Reg M-A",
  "players": [
    "BananaRamen",
    "BeAFamilyMan"
  ],
  "log": "|j|\u2606BananaRamen\n|j|\u2606BeAFamilyMan\n|t:|1775911342\n|gametype|doubles\n|player|p1|BananaRamen|mira|1092\n|player|p2|BeAFamilyMan|ltsurge|1044\n|gen|9\n|tier|[Gen 9 Champions] VGC 2026 Reg M-A\n|rated|\n|rule|Species Clause: Limit one of each Pok\u00e9mon\n|rule|Item Clause: Limit 1 of each item\n|clearpoke\n|poke|p1|Blastoise, L50, M|\n|poke|p1|Ninetales-Alola, L50, F|\n|poke|p1|Sinistcha, L50|\n|poke|p1|Incineroar, L50, M|\n|poke|p1|Sneasler, L50, F|\n|poke|p1|Aerodactyl, L50, M|\n|poke|p2|Incineroar, L50, F|\n|poke|p2|Gengar, L50, F|\n|poke|p2|Sinistcha, L50|\n|poke|p2|Kingambit, L50, F|\n|poke|p2|Tyranitar, L50, M|\n|poke|p2|Kommo-o, L50, F|\n|teampreview|4\n|inactive|Battle timer is ON: inactive players will automatically lose when time's up. (requested by BeAFamilyMan)\n|\n|t:|1775911392\n|teamsize|p1|4\n|teamsize|p2|4\n|start\n|switch|p1a: Ninetales|Ninetales-Alola, L50, F|100/100\n|switch|p1b: Sneasler|Sneasler, L50, F|100/100\n|switch|p2a: Incineroar|Incineroar, L50, F|100/100\n|switch|p2b: Gengar|Gengar, L50, F|100/100\n|-ability|p2a: Incineroar|Intimidate|boost\n|-unboost|p1a: Ninetales|atk|1\n|-unboost|p1b: Sneasler|atk|1\n|-enditem|p1b: Sneasler|White Herb\n|-clearnegativeboost|p1b: Sneasler|[silent]\n|turn|1\n|inactive|BananaRamen has 30 seconds left.\n|inactive|BeAFamilyMan has 30 seconds left.\n|inactive|BananaRamen has 20 seconds left.\n|inactive|BeAFamilyMan has 20 seconds left.\n|inactive|BeAFamilyMan has 15 seconds left.\n|inactive|BeAFamilyMan has 10 seconds left.\n|\n|t:|1775911442\n|switch|p1a: Incineroar|Incineroar, L50, M|100/100\n|-ability|p1a: Incineroar|Intimidate|boost\n|-unboost|p2a: Incineroar|atk|1\n|-unboost|p2b: Gengar|atk|1\n|detailschange|p2b: Gengar|Gengar-Mega, L50, F\n|-mega|p2b: Gengar|Gengar|Gengarite\n|move|p2a: Incineroar|Fake Out|p1b: Sneasler\n|-damage|p1b: Sneasler|89/100\n|cant|p1b: Sneasler|flinch\n|move|p2b: Gengar|Substitute|p2b: Gengar\n|-start|p2b: Gengar|Substitute\n|-damage|p2b: Gengar|76/100\n|\n|upkeep\n|turn|2\n|inactive|BeAFamilyMan has 30 seconds left.\n|\n|t:|1775911474\n|move|p2a: Incineroar|Protect|p2a: Incineroar\n|-singleturn|p2a: Incineroar|Protect\n|move|p1b: Sneasler|Close Combat|p2a: Incineroar\n|-activate|p2a: Incineroar|move: Protect\n|move|p2b: Gengar|Perish Song|p2b: Gengar\n|-start|p1a: Incineroar|perish3|[silent]\n|-start|p1b: Sneasler|perish3|[silent]\n|-start|p2a: Incineroar|perish3|[silent]\n|-start|p2b: Gengar|perish3|[silent]\n|-fieldactivate|move: Perish Song\n|move|p1a: Incineroar|Parting Shot|p2b: Gengar\n|-unboost|p2b: Gengar|atk|1\n|-unboost|p2b: Gengar|spa|1\n|\n|t:|1775911486\n|switch|p1a: Blastoise|Blastoise, L50, M|100/100|[from] Parting Shot\n|\n|-start|p1b: Sneasler|perish3\n|-start|p2b: Gengar|perish3\n|-start|p2a: Incineroar|perish3\n|upkeep\n|turn|3\n|inactive|BeAFamilyMan has 30 seconds left.\n|\n|t:|1775911521\n|detailschange|p1a: Blastoise|Blastoise-Mega, L50, M\n|-mega|p1a: Blastoise|Blastoise|Blastoisinite\n|move|p1b: Sneasler|Close Combat|p2a: Incineroar\n|-supereffective|p2a: Incineroar|1\n|-damage|p2a: Incineroar|0 fnt\n|-unboost|p1b: Sneasler|def|1\n|-unboost|p1b: Sneasler|spd|1\n|faint|p2a: Incineroar\n|move|p2b: Gengar|Shadow Ball|p1a: Blastoise\n|-damage|p1a: Blastoise|74/100\n|-unboost|p1a: Blastoise|spd|1\n|move|p1a: Blastoise|Shell Smash|p1a: Blastoise\n|-unboost|p1a: Blastoise|def|1\n|-unboost|p1a: Blastoise|spd|1\n|-boost|p1a: Blastoise|atk|2\n|-boost|p1a: Blastoise|spa|2\n|-boost|p1a: Blastoise|spe|2\n|\n|-start|p1b: Sneasler|perish2\n|-start|p2b: Gengar|perish2\n|upkeep\n|\n|t:|1775911537\n|switch|p2a: Sinistcha|Sinistcha, L50|100/100\n|-heal|p2b: Gengar|100/100|[from] ability: Hospitality|[of] p2a: Sinistcha\n|turn|4\n|\n|t:|1775911559\n|move|p2b: Gengar|Protect|p2b: Gengar\n|-singleturn|p2b: Gengar|Protect\n|move|p1b: Sneasler|Dire Claw|p2a: Sinistcha\n|-damage|p2a: Sinistcha|65/100\n|-status|p2a: Sinistcha|slp\n|move|p1a: Blastoise|Water Spout|p2b: Gengar|[spread] p2a\n|-activate|p2b: Gengar|move: Protect\n|-resisted|p2a: Sinistcha|1\n|-damage|p2a: Sinistcha|26/100 slp\n|-enditem|p2a: Sinistcha|Sitrus Berry|[eat]\n|-heal|p2a: Sinistcha|51/100 slp|[from] item: Sitrus Berry\n|cant|p2a: Sinistcha|slp\n|\n|-start|p1b: Sneasler|perish1\n|-start|p2b: Gengar|perish1\n|upkeep\n|turn|5\n|inactive|BeAFamilyMan has 30 seconds left.\n|\n|t:|1775911592\n|move|p1b: Sneasler|Dire Claw|p2a: Sinistcha\n|-damage|p2a: Sinistcha|13/100 slp\n|move|p1a: Blastoise|Water Spout|p2a: Sinistcha|[spread] p2a,p2b\n|-end|p2b: Gengar|Substitute\n|-resisted|p2a: Sinistcha|1\n|-damage|p2a: Sinistcha|0 fnt\n|faint|p2a: Sinistcha\n|move|p2b: Gengar|Shadow Ball|p1a: Blastoise\n|-damage|p1a: Blastoise|14/100\n|\n|-start|p1b: Sneasler|perish0\n|-start|p2b: Gengar|perish0\n|upkeep\n|faint|p1b: Sneasler\n|faint|p2b: Gengar\n|inactive|BananaRamen has 30 seconds left.\n|\n|t:|1775911625\n|switch|p2b: Kommo-o|Kommo-o, L50, F|100/100\n|switch|p1b: Incineroar|Incineroar, L50, M|100/100\n|-ability|p1b: Incineroar|Intimidate|boost\n|-unboost|p2b: Kommo-o|atk|1\n|turn|6\n|\n|t:|1775911635\n|move|p2b: Kommo-o|Protect|p2b: Kommo-o\n|-singleturn|p2b: Kommo-o|Protect\n|move|p1b: Incineroar|Fake Out|p2b: Kommo-o\n|-activate|p2b: Kommo-o|move: Protect\n|move|p1a: Blastoise|Dragon Pulse|p2b: Kommo-o\n|-activate|p2b: Kommo-o|move: Protect\n|\n|upkeep\n|turn|7\n|\n|t:|1775911649\n|move|p1a: Blastoise|Dragon Pulse|p2b: Kommo-o\n|-supereffective|p2b: Kommo-o|1\n|-damage|p2b: Kommo-o|0 fnt\n|faint|p2b: Kommo-o\n|\n|win|BananaRamen\n|raw|BananaRamen's rating: 1092 &rarr; <strong>1115</strong><br />(+23 for winning)\n|raw|BeAFamilyMan's rating: 1044 &rarr; <strong>1030</strong><br />(-14 for losing)\n|l|\u2606BeAFamilyMan\n|player|p2|\n",
  "uploadtime": 1775911654,
  "views": 12,
  "formatid": "gen9championsvgc2026regma",
  "rating": 1030,
  "private": 0,
  "password": null
}