{
  "id": "gen9championsvgc2026regma-2587396876",
  "format": "[Gen 9 Champions] VGC 2026 Reg M-A",
  "players": [
    "TheLazyruin",
    "NathanaelW19"
  ],
  "log": "|j|\u2606TheLazyruin\n|j|\u2606NathanaelW19\n|t:|1776528390\n|gametype|doubles\n|player|p1|TheLazyruin|clair|1304\n|player|p2|NathanaelW19|dragontamer|1224\n|gen|9\n|tier|[Gen 9 Champions] VGC 2026 Reg M-A\n|rated|\n|rule|Species Clause: Limit one of each Pok\u00e9mon\n|rule|Item Clause: Limit 1 of each item\n|clearpoke\n|poke|p1|Scizor, L50, M|\n|poke|p1|Rotom-Wash, L50|\n|poke|p1|Sneasler, L50, F|\n|poke|p1|Arcanine-Hisui, L50, F|\n|poke|p1|Hydreigon, L50, F|\n|poke|p1|Sinistcha, L50|\n|poke|p2|Sharpedo, L50, F|\n|poke|p2|Kangaskhan, L50, F|\n|poke|p2|Sneasler, L50, M|\n|poke|p2|Aerodactyl, L50, M|\n|poke|p2|Pelipper, L50, M, shiny|\n|poke|p2|Gardevoir, L50, M, shiny|\n|teampreview|4\n|inactive|Battle timer is ON: inactive players will automatically lose when time's up. (requested by NathanaelW19)\n|inactive|NathanaelW19 has 60 seconds left.\n|\n|t:|1776528425\n|teamsize|p1|4\n|teamsize|p2|4\n|start\n|switch|p1a: Rotom|Rotom-Wash, L50|100/100\n|switch|p1b: Sneasler|Sneasler, L50, F|100/100\n|switch|p2a: Kangaskhan|Kangaskhan, L50, F|100/100\n|switch|p2b: Sneasler|Sneasler, L50, M|100/100\n|turn|1\n|\n|t:|1776528446\n|switch|p1b: Sinistcha|Sinistcha, L50|100/100\n|move|p2b: Sneasler|Fake Out|p1b: Sinistcha\n|-immune|p1b: Sinistcha\n|move|p2a: Kangaskhan|Fake Out|p1a: Rotom\n|-damage|p1a: Rotom|87/100\n|cant|p1a: Rotom|flinch\n|\n|-heal|p1a: Rotom|93/100|[from] item: Leftovers\n|upkeep\n|turn|2\n|\n|t:|1776528459\n|switch|p2a: Gardevoir|Gardevoir, L50, M, shiny|100/100\n|-ability|p2a: Gardevoir|Levitate|Trace|[from] ability: Trace|[of] p1a: Rotom\n|move|p1b: Sinistcha|Rage Powder|p1b: Sinistcha\n|-singleturn|p1b: Sinistcha|move: Rage Powder\n|move|p2b: Sneasler|Dire Claw|p1b: Sinistcha\n|-damage|p1b: Sinistcha|65/100\n|move|p1a: Rotom|Will-O-Wisp|p2a: Gardevoir\n|-status|p2a: Gardevoir|brn\n|\n|-heal|p1a: Rotom|99/100|[from] item: Leftovers\n|-damage|p2a: Gardevoir|94/100 brn|[from] brn\n|upkeep\n|turn|3\n|\n|t:|1776528477\n|move|p2a: Gardevoir|Shadow Ball|p1b: Sinistcha\n|-supereffective|p1b: Sinistcha|1\n|-damage|p1b: Sinistcha|13/100\n|move|p2b: Sneasler|Dire Claw|p1a: Rotom\n|-damage|p1a: Rotom|65/100\n|move|p1a: Rotom|Light Screen|p1a: Rotom\n|-sidestart|p1: TheLazyruin|move: Light Screen\n|move|p1b: Sinistcha|Matcha Gotcha|p2b: Sneasler|[spread] p2a,p2b\n|-resisted|p2b: Sneasler|1\n|-damage|p2a: Gardevoir|69/100 brn\n|-heal|p1b: Sinistcha|23/100|[from] drain|[of] p2a: Gardevoir\n|-damage|p2b: Sneasler|83/100\n|-heal|p1b: Sinistcha|31/100|[from] drain|[of] p2b: Sneasler\n|\n|-heal|p1a: Rotom|71/100|[from] item: Leftovers\n|-damage|p2a: Gardevoir|63/100 brn|[from] brn\n|upkeep\n|turn|4\n|inactive|TheLazyruin has 30 seconds left.\n|\n|t:|1776528503\n|move|p2a: Gardevoir|Shadow Ball|p1b: Sinistcha\n|-supereffective|p1b: Sinistcha|1\n|-damage|p1b: Sinistcha|0 fnt\n|faint|p1b: Sinistcha\n|move|p2b: Sneasler|Close Combat|p1a: Rotom\n|-damage|p1a: Rotom|25/100\n|-unboost|p2b: Sneasler|def|1\n|-unboost|p2b: Sneasler|spd|1\n|-enditem|p2b: Sneasler|White Herb\n|-clearnegativeboost|p2b: Sneasler|[silent]\n|move|p1a: Rotom|Volt Switch|p2b: Sneasler\n|-damage|p2b: Sneasler|49/100\n|\n|t:|1776528516\n|switch|p1a: Scizor|Scizor, L50, M|100/100|[from] Volt Switch\n|\n|-damage|p2a: Gardevoir|57/100 brn|[from] brn\n|upkeep\n|\n|t:|1776528517\n|switch|p1b: Sneasler|Sneasler, L50, F|100/100\n|turn|5\n|\n|t:|1776528524\n|switch|p2a: Pelipper|Pelipper, L50, M, shiny|100/100\n|-weather|RainDance|[from] ability: Drizzle|[of] p2a: Pelipper\n|detailschange|p1a: Scizor|Scizor-Mega, L50, M\n|-mega|p1a: Scizor|Scizor|Scizorite\n|move|p2b: Sneasler|Protect|p2b: Sneasler\n|-singleturn|p2b: Sneasler|Protect\n|move|p1b: Sneasler|Fake Out|p2a: Pelipper\n|-damage|p2a: Pelipper|83/100\n|move|p1a: Scizor|Bullet Punch|p2b: Sneasler\n|-activate|p2b: Sneasler|move: Protect\n|\n|-weather|RainDance|[upkeep]\n|upkeep\n|turn|6\n|\n|t:|1776528545\n|move|p1a: Scizor|Bullet Punch|p2b: Sneasler\n|-damage|p2b: Sneasler|0 fnt\n|faint|p2b: Sneasler\n|move|p1b: Sneasler|Dire Claw|p2a: Pelipper\n|-damage|p2a: Pelipper|28/100\n|move|p2a: Pelipper|Hurricane|p1b: Sneasler\n|-supereffective|p1b: Sneasler|1\n|-damage|p1b: Sneasler|1/100\n|-start|p1b: Sneasler|confusion\n|\n|-weather|RainDance|[upkeep]\n|upkeep\n|\n|t:|1776528550\n|switch|p2b: Gardevoir|Gardevoir, L50, M, shiny|57/100 brn\n|-ability|p2b: Gardevoir|Technician|Trace|[from] ability: Trace|[of] p1a: Scizor\n|turn|7\n|\n|t:|1776528574\n|move|p2b: Gardevoir|Vacuum Wave|p1b: Sneasler\n|-resisted|p1b: Sneasler|1\n|-damage|p1b: Sneasler|0 fnt\n|faint|p1b: Sneasler\n|move|p1a: Scizor|Bullet Punch|p2a: Pelipper\n|-resisted|p2a: Pelipper|1\n|-damage|p2a: Pelipper|3/100\n|move|p2a: Pelipper|Hurricane|p1a: Scizor\n|-damage|p1a: Scizor|72/100\n|\n|-weather|RainDance|[upkeep]\n|-damage|p2b: Gardevoir|51/100 brn|[from] brn\n|-sideend|p1: TheLazyruin|move: Light Screen\n|upkeep\n|\n|t:|1776528582\n|switch|p1b: Rotom|Rotom-Wash, L50|25/100\n|turn|8\n|\n|t:|1776528588\n|move|p2b: Gardevoir|Vacuum Wave|p1b: Rotom\n|-damage|p1b: Rotom|3/100\n|move|p1a: Scizor|Bullet Punch|p2b: Gardevoir\n|-supereffective|p2b: Gardevoir|1\n|-damage|p2b: Gardevoir|0 fnt\n|faint|p2b: Gardevoir\n|move|p2a: Pelipper|Hurricane|p1a: Scizor\n|-damage|p1a: Scizor|28/100\n|move|p1b: Rotom|Volt Switch|p2a: Pelipper\n|-supereffective|p2a: Pelipper|2\n|-damage|p2a: Pelipper|0 fnt\n|faint|p2a: Pelipper\n|\n|-weather|RainDance|[upkeep]\n|-heal|p1b: Rotom|9/100|[from] item: Leftovers\n|upkeep\n|\n|t:|1776528593\n|switch|p2b: Kangaskhan|Kangaskhan, L50, F|100/100\n|turn|9\n|\n|t:|1776528606\n|detailschange|p2b: Kangaskhan|Kangaskhan-Mega, L50, F\n|-mega|p2b: Kangaskhan|Kangaskhan|Kangaskhanite\n|move|p2b: Kangaskhan|Fake Out|p1b: Rotom\n|-damage|p1b: Rotom|0 fnt\n|faint|p1b: Rotom\n|-hitcount|p1: Rotom|1\n|move|p1a: Scizor|Swords Dance|p1a: Scizor\n|-boost|p1a: Scizor|atk|2\n|\n|-weather|none\n|upkeep\n|turn|10\n|\n|t:|1776528618\n|move|p1a: Scizor|Protect|p1a: Scizor\n|-singleturn|p1a: Scizor|Protect\n|move|p2b: Kangaskhan|Sucker Punch||[still]\n|-fail|p2b: Kangaskhan\n|\n|upkeep\n|turn|11\n|\n|t:|1776528626\n|move|p2b: Kangaskhan|Double-Edge|p1a: Scizor\n|-resisted|p1a: Scizor|1\n|-damage|p1a: Scizor|7/100\n|-resisted|p1a: Scizor|1\n|-damage|p1a: Scizor|2/100\n|-hitcount|p1a: Scizor|2\n|-damage|p2b: Kangaskhan|93/100|[from] Recoil\n|move|p1a: Scizor|Swords Dance|p1a: Scizor\n|-boost|p1a: Scizor|atk|2\n|\n|upkeep\n|turn|12\n|\n|t:|1776528639\n|move|p1a: Scizor|Protect|p1a: Scizor\n|-singleturn|p1a: Scizor|Protect\n|move|p2b: Kangaskhan|Sucker Punch||[still]\n|-fail|p2b: Kangaskhan\n|\n|upkeep\n|turn|13\n|\n|t:|1776528646\n|move|p2b: Kangaskhan|Sucker Punch|p1a: Scizor\n|-damage|p1a: Scizor|0 fnt\n|faint|p1a: Scizor\n|-hitcount|p1: Scizor|1\n|\n|win|NathanaelW19\n|raw|TheLazyruin's rating: 1304 &rarr; <strong>1279</strong><br />(-25 for losing)\n|raw|NathanaelW19's rating: 1224 &rarr; <strong>1255</strong><br />(+31 for winning)\n|l|\u2606TheLazyruin\n|player|p1|\n",
  "uploadtime": 1776528651,
  "views": 22,
  "formatid": "gen9championsvgc2026regma",
  "rating": 1255,
  "private": 0,
  "password": null
}