{
  "id": "gen9championsvgc2026regma-2586472871",
  "format": "[Gen 9 Champions] VGC 2026 Reg M-A",
  "players": [
    "tasm",
    "vgctest658"
  ],
  "log": "|j|\u2606tasm\n|j|\u2606vgctest658\n|t:|1776437078\n|gametype|doubles\n|player|p1|tasm|102|1090\n|player|p2|vgctest658|hilbert-wonderlauncher|1140\n|gen|9\n|tier|[Gen 9 Champions] VGC 2026 Reg M-A\n|rated|\n|rule|Species Clause: Limit one of each Pok\u00e9mon\n|rule|Item Clause: Limit 1 of each item\n|clearpoke\n|poke|p1|Empoleon, L50, F|\n|poke|p1|Sinistcha, L50|\n|poke|p1|Farigiraf, L50, M|\n|poke|p1|Pelipper, L50, F|\n|poke|p1|Vanilluxe, L50, M|\n|poke|p1|Tyranitar, L50, M|\n|poke|p2|Sneasler, L50, M|\n|poke|p2|Garchomp, L50, M|\n|poke|p2|Aegislash, L50, M|\n|poke|p2|Primarina, L50, F|\n|poke|p2|Basculegion, L50, M|\n|poke|p2|Scovillain, L50, F|\n|teampreview|4\n|\n|t:|1776437135\n|teamsize|p1|4\n|teamsize|p2|4\n|start\n|switch|p1a: Empoleon|Empoleon, L50, F|100/100\n|switch|p1b: Farigiraf|Farigiraf, L50, M|100/100\n|switch|p2a: Sneasler|Sneasler, L50, M, shiny|100/100\n|switch|p2b: Primarina|Primarina, L50, F, shiny|100/100\n|turn|1\n|\n|t:|1776437157\n|move|p1a: Empoleon|Protect|p1a: Empoleon\n|-singleturn|p1a: Empoleon|Protect\n|move|p2a: Sneasler|Close Combat|p1a: Empoleon\n|-activate|p1a: Empoleon|move: Protect\n|move|p2b: Primarina|Calm Mind|p2b: Primarina\n|-boost|p2b: Primarina|spa|1\n|-boost|p2b: Primarina|spd|1\n|move|p1b: Farigiraf|Trick Room|p1b: Farigiraf\n|-fieldstart|move: Trick Room|[of] p1b: Farigiraf\n|\n|upkeep\n|turn|2\n|\n|t:|1776437182\n|move|p2a: Sneasler|Protect|p2a: Sneasler\n|-singleturn|p2a: Sneasler|Protect\n|move|p1a: Empoleon|Flash Cannon|p2b: Primarina\n|-damage|p2b: Primarina|75/100\n|move|p1b: Farigiraf|Psychic|p2a: Sneasler\n|-activate|p2a: Sneasler|move: Protect\n|move|p2b: Primarina|Calm Mind|p2b: Primarina\n|-boost|p2b: Primarina|spa|1\n|-boost|p2b: Primarina|spd|1\n|\n|-heal|p2b: Primarina|82/100|[from] item: Leftovers\n|upkeep\n|turn|3\n|\n|t:|1776437203\n|switch|p2a: Aegislash|Aegislash, L50, M, shiny|100/100\n|move|p1b: Farigiraf|Psychic|p2a: Aegislash\n|-resisted|p2a: Aegislash|1\n|-damage|p2a: Aegislash|83/100\n|move|p1a: Empoleon|Flash Cannon|p2b: Primarina\n|-damage|p2b: Primarina|62/100\n|move|p2b: Primarina|Hyper Voice|p1a: Empoleon|[spread] p1a,p1b\n|-resisted|p1a: Empoleon|1\n|-damage|p1a: Empoleon|67/100\n|-damage|p1b: Farigiraf|22/100\n|\n|-heal|p1a: Empoleon|73/100|[from] item: Leftovers\n|-heal|p2b: Primarina|68/100|[from] item: Leftovers\n|upkeep\n|turn|4\n|\n|t:|1776437225\n|move|p2a: Aegislash|King's Shield|p2a: Aegislash\n|-singleturn|p2a: Aegislash|Protect\n|move|p2b: Primarina|Protect|p2b: Primarina\n|-singleturn|p2b: Primarina|Protect\n|move|p1b: Farigiraf|Sunny Day|p1b: Farigiraf\n|-weather|SunnyDay\n|move|p1a: Empoleon|Weather Ball|p2a: Aegislash\n|-activate|p2a: Aegislash|move: Protect\n|\n|-weather|SunnyDay|[upkeep]\n|-heal|p1a: Empoleon|79/100|[from] item: Leftovers\n|-heal|p2b: Primarina|74/100|[from] item: Leftovers\n|upkeep\n|turn|5\n|\n|t:|1776437249\n|switch|p2a: Basculegion|Basculegion, L50, M|100/100\n|move|p1b: Farigiraf|Protect|p1b: Farigiraf\n|-singleturn|p1b: Farigiraf|Protect\n|move|p1a: Empoleon|Weather Ball|p2a: Basculegion\n|-resisted|p2a: Basculegion|1\n|-damage|p2a: Basculegion|69/100\n|move|p2b: Primarina|Hyper Voice|p1b: Farigiraf|[spread] p1a\n|-activate|p1b: Farigiraf|move: Protect\n|-resisted|p1a: Empoleon|1\n|-damage|p1a: Empoleon|62/100\n|\n|-weather|SunnyDay|[upkeep]\n|-heal|p1a: Empoleon|68/100|[from] item: Leftovers\n|-heal|p2b: Primarina|80/100|[from] item: Leftovers\n|-fieldend|move: Trick Room\n|upkeep\n|turn|6\n|\n|t:|1776437266\n|switch|p1b: Sinistcha|Sinistcha, L50|100/100\n|-heal|p1a: Empoleon|92/100|[from] ability: Hospitality|[of] p1b: Sinistcha\n|move|p1a: Empoleon|Protect|p1a: Empoleon\n|-singleturn|p1a: Empoleon|Protect\n|move|p2a: Basculegion|Flip Turn|p1a: Empoleon\n|-activate|p1a: Empoleon|move: Protect\n|move|p2b: Primarina|Hyper Voice|p1a: Empoleon|[spread] p1b\n|-activate|p1a: Empoleon|move: Protect\n|-resisted|p1b: Sinistcha|1\n|-damage|p1b: Sinistcha|85/100\n|\n|-weather|SunnyDay|[upkeep]\n|-heal|p2b: Primarina|86/100|[from] item: Leftovers\n|-heal|p1a: Empoleon|98/100|[from] item: Leftovers\n|upkeep\n|turn|7\n|\n|t:|1776437288\n|switch|p1a: Farigiraf|Farigiraf, L50, M|22/100\n|move|p2a: Basculegion|Flip Turn|p1b: Sinistcha\n|-resisted|p1b: Sinistcha|1\n|-damage|p1b: Sinistcha|76/100\n|\n|t:|1776437296\n|switch|p2a: Sneasler|Sneasler, L50, M, shiny|100/100|[from] Flip Turn\n|move|p2b: Primarina|Moonblast|p1b: Sinistcha\n|-damage|p1b: Sinistcha|0 fnt\n|faint|p1b: Sinistcha\n|\n|-weather|SunnyDay|[upkeep]\n|-heal|p2b: Primarina|92/100|[from] item: Leftovers\n|upkeep\n|\n|t:|1776437310\n|switch|p1b: Empoleon|Empoleon, L50, F|98/100\n|turn|8\n|\n|t:|1776437319\n|move|p1b: Empoleon|Protect|p1b: Empoleon\n|-singleturn|p1b: Empoleon|Protect\n|move|p2a: Sneasler|Close Combat|p1b: Empoleon\n|-activate|p1b: Empoleon|move: Protect\n|move|p2b: Primarina|Hyper Voice|p1a: Farigiraf|[spread] p1a\n|-activate|p1b: Empoleon|move: Protect\n|-damage|p1a: Farigiraf|0 fnt\n|faint|p1a: Farigiraf\n|\n|-weather|none\n|-heal|p2b: Primarina|98/100|[from] item: Leftovers\n|-heal|p1b: Empoleon|100/100|[from] item: Leftovers\n|upkeep\n|-message|tasm forfeited.\n|\n|win|vgctest658\n|raw|tasm's rating: 1090 &rarr; <strong>1070</strong><br />(-20 for losing)\n|raw|vgctest658's rating: 1140 &rarr; <strong>1161</strong><br />(+21 for winning)\n|l|\u2606tasm\n|player|p1|\n",
  "uploadtime": 1776437333,
  "views": 17,
  "formatid": "gen9championsvgc2026regma",
  "rating": 1070,
  "private": 0,
  "password": null
}