{
  "id": "gen9championsvgc2026regma-2586004614",
  "format": "[Gen 9 Champions] VGC 2026 Reg M-A",
  "players": [
    "Kamusito98",
    "skymin<3"
  ],
  "log": "|j|\u2606Kamusito98\n|j|\u2606skymin<3\n|t:|1776389435\n|gametype|doubles\n|player|p1|Kamusito98|101|\n|player|p2|skymin<3|#skymin3|\n|gen|9\n|tier|[Gen 9 Champions] VGC 2026 Reg M-A\n|rated|Tournament battle\n|rule|Species Clause: Limit one of each Pok\u00e9mon\n|rule|Item Clause: Limit 1 of each item\n|raw|<div class=\"infobox\"><details class=\"readmore\" open><summary><strong>1 custom rule:</strong></summary> Force Open Team Sheets</details></div>\n|clearpoke\n|poke|p1|Aggron, L50, F|\n|poke|p1|Farigiraf, L50, M|\n|poke|p1|Tyranitar, L50, F|\n|poke|p1|Araquanid, L50, M|\n|poke|p1|Gallade, L50, M|\n|poke|p1|Torkoal, L50, F|\n|poke|p2|Delphox, L50, M|\n|poke|p2|Aegislash, L50, M|\n|poke|p2|Aerodactyl, L50, M|\n|poke|p2|Meowscarada, L50, M|\n|poke|p2|Primarina, L50, M|\n|poke|p2|Garchomp, L50, M|\n|teampreview|4\n|showteam|p1|Aggron||Aggronite|HeavyMetal|BodyPress,HeavySlam,IronDefense,Protect|||F|||50|]Farigiraf||MentalHerb|ArmorTail|TrickRoom,HelpingHand,Protect,Psychic|||M|||50|]Tyranitar||ChopleBerry|SandStream|LowKick,RockSlide,IcePunch,Protect|||F|||50|]Araquanid||MysticWater|WaterBubble|WideGuard,Liquidation,LeechLife,Trailblaze|||M|||50|]Gallade||ScopeLens|Sharpness|PsychoCut,LeafBlade,SacredSword,Protect|||M|||50|]Torkoal||Charcoal|Drought|HeatWave,Eruption,Protect,SolarBeam|||F|||50|\n|showteam|p2|Delphox||Delphoxite|Blaze|Encore,HeatWave,Psychic,Protect|||M|||50|]Aegislash||SitrusBerry|StanceChange|Poltergeist,SacredSword,WideGuard,KingsShield|||M|||50|]Aerodactyl||FocusSash|Unnerve|RockSlide,DualWingbeat,Protect,Tailwind|||M|||50|]Meowscarada||ChoiceScarf|Protean|LowKick,FlowerTrick,ThroatChop,TripleAxel|||M|||50|]Primarina||FairyFeather|LiquidVoice|Protect,HyperVoice,Moonblast,HelpingHand|||M|||50|]Garchomp||Garchompite|RoughSkin|RockSlide,Protect,DragonClaw,Earthquake|||M|||50|\n|inactive|Battle timer is ON: inactive players will automatically lose when time's up. (requested by Kamusito98)\n|j|@Borghi\n|j| Thefastpig\n|j|+holdingb\n|l|@Borghi\n|j| Gootrifa\n|inactive|skymin<3 has 60 seconds left.\n|j| shoccco\u2764\n|inactive|skymin<3 has 30 seconds left.\n|inactive|skymin<3 has 20 seconds left.\n|inactive|skymin<3 has 15 seconds left.\n|inactive|skymin<3 has 10 seconds left.\n|inactive|skymin<3 has 5 seconds left.\n|\n|t:|1776389522\n|teamsize|p1|4\n|teamsize|p2|4\n|start\n|switch|p1a: Farigiraf|Farigiraf, L50, M, shiny|100/100\n|switch|p1b: Gallade|Gallade, L50, M|100/100\n|switch|p2a: Diablos|Garchomp, L50, M, shiny|100/100\n|switch|p2b: Neferpitou|Meowscarada, L50, M, shiny|100/100\n|turn|1\n|inactive|skymin<3 has 30 seconds left.\n|\n|t:|1776389556\n|detailschange|p2a: Diablos|Garchomp-Mega, L50, M, shiny\n|-mega|p2a: Diablos|Garchomp|Garchompite\n|move|p1a: Farigiraf|Protect|p1a: Farigiraf\n|-singleturn|p1a: Farigiraf|Protect\n|move|p2b: Neferpitou|Flower Trick|p1a: Farigiraf\n|-start|p2b: Neferpitou|typechange|Grass|[from] ability: Protean\n|-activate|p1a: Farigiraf|move: Protect\n|move|p1b: Gallade|Sacred Sword|p2b: Neferpitou\n|-damage|p2b: Neferpitou|0 fnt\n|faint|p2b: Neferpitou\n|move|p2a: Diablos|Earthquake|p1b: Gallade|[spread] p1b\n|-activate|p1a: Farigiraf|move: Protect\n|-damage|p1b: Gallade|17/100\n|\n|upkeep\n|c|\u2606skymin<3|oh ur faster\n|c|\u2606skymin<3|hm\n|inactive|skymin<3 has 30 seconds left.\n|inactive|skymin<3 has 20 seconds left.\n|inactive|skymin<3 has 15 seconds left.\n|\n|t:|1776389599\n|switch|p2b: Malos|Aegislash, L50, M|100/100\n|turn|2\n|inactive|Kamusito98 has 30 seconds left.\n|inactive|Kamusito98 has 20 seconds left.\n|c| shoccco\u2764|does ts say mega garchomp \ud83d\ude2d\ud83d\ude2d\ud83d\ude2d\n|inactive|Kamusito98 has 15 seconds left.\n|inactive|Kamusito98 has 10 seconds left.\n|\n|t:|1776389646\n|move|p2a: Diablos|Protect|p2a: Diablos\n|-singleturn|p2a: Diablos|Protect\n|move|p1b: Gallade|Leaf Blade|p2a: Diablos\n|-activate|p2a: Diablos|move: Protect\n|-formechange|p2b: Malos|Aegislash-Blade|\n|move|p2b: Malos|Sacred Sword|p1a: Farigiraf\n|-damage|p1a: Farigiraf|62/100\n|move|p1a: Farigiraf|Trick Room|p1a: Farigiraf\n|-fieldstart|move: Trick Room|[of] p1a: Farigiraf\n|\n|upkeep\n|turn|3\n|c|\u2606skymin<3|its actually been working\n|\n|t:|1776389665\n|move|p1a: Farigiraf|Protect|p1a: Farigiraf\n|-singleturn|p1a: Farigiraf|Protect\n|-formechange|p2b: Malos|Aegislash|\n|move|p2b: Malos|King's Shield|p2b: Malos\n|-singleturn|p2b: Malos|Protect\n|move|p2a: Diablos|Earthquake|p1b: Gallade|[spread] p1b\n|-activate|p2b: Malos|move: Protect\n|-activate|p1a: Farigiraf|move: Protect\n|-damage|p1b: Gallade|0 fnt\n|faint|p1b: Gallade\n|\n|upkeep\n|\n|t:|1776389672\n|switch|p1b: Aggron|Aggron, L50, F, shiny|100/100\n|turn|4\n|c| shoccco\u2764|hmmmm?\n|\n|t:|1776389684\n|detailschange|p1b: Aggron|Aggron-Mega, L50, F, shiny\n|-mega|p1b: Aggron|Aggron|Aggronite\n|move|p2b: Malos|Wide Guard|p2b: Malos\n|-singleturn|p2b: Malos|Wide Guard\n|move|p1b: Aggron|Iron Defense|p1b: Aggron\n|-boost|p1b: Aggron|def|2\n|move|p1a: Farigiraf|Psychic|p2a: Diablos\n|-damage|p2a: Diablos|66/100\n|move|p2a: Diablos|Earthquake|p1b: Aggron|[spread] p1a,p1b\n|-activate|p2b: Malos|move: Wide Guard\n|-supereffective|p1b: Aggron|1\n|-damage|p1a: Farigiraf|12/100\n|-damage|p1b: Aggron|83/100\n|\n|upkeep\n|turn|5\n|inactive|Kamusito98 has 30 seconds left.\n|inactive|Kamusito98 has 20 seconds left.\n|\n|t:|1776389723\n|move|p1a: Farigiraf|Helping Hand|p1b: Aggron\n|-singleturn|p1b: Aggron|Helping Hand|[of] p1a: Farigiraf\n|move|p2a: Diablos|Protect|p2a: Diablos\n|-singleturn|p2a: Diablos|Protect\n|move|p1b: Aggron|Heavy Slam|p2b: Malos\n|-resisted|p2b: Malos|1\n|-damage|p2b: Malos|65/100\n|-formechange|p2b: Malos|Aegislash-Blade|\n|move|p2b: Malos|Sacred Sword|p1b: Aggron\n|-supereffective|p1b: Aggron|1\n|-damage|p1b: Aggron|57/100\n|\n|upkeep\n|turn|6\n|inactive|skymin<3 has 30 seconds left.\n|inactive|skymin<3 has 20 seconds left.\n|inactive|Kamusito98 has 30 seconds left.\n|inactive|skymin<3 has 15 seconds left.\n|inactive|skymin<3 has 10 seconds left.\n|inactive|Kamusito98 has 20 seconds left.\n|inactive|Kamusito98 has 15 seconds left.\n|\n|t:|1776389781\n|move|p1b: Aggron|Body Press|p2a: Diablos\n|-damage|p2a: Diablos|11/100\n|move|p1a: Farigiraf|Psychic|p2b: Malos\n|-resisted|p2b: Malos|1\n|-damage|p2b: Malos|25/100\n|-enditem|p2b: Malos|Sitrus Berry|[eat]\n|-heal|p2b: Malos|50/100|[from] item: Sitrus Berry\n|move|p2b: Malos|Sacred Sword|p1b: Aggron\n|-supereffective|p1b: Aggron|1\n|-damage|p1b: Aggron|31/100\n|move|p2a: Diablos|Earthquake|p1b: Aggron|[spread] p2b,p1a,p1b\n|-supereffective|p2b: Malos|1\n|-supereffective|p1b: Aggron|1\n|-damage|p2b: Malos|0 fnt\n|-damage|p1a: Farigiraf|0 fnt\n|-damage|p1b: Aggron|15/100\n|faint|p2b: Malos\n|faint|p1a: Farigiraf\n|\n|-fieldend|move: Trick Room\n|upkeep\n|c|\u2606skymin<3|LOL\n|\n|t:|1776389791\n|switch|p2b: Yunhae|Primarina, L50, M, shiny|100/100\n|switch|p1a: Tyranitar|Tyranitar, L50, F, shiny|100/100\n|-weather|Sandstorm|[from] ability: Sand Stream|[of] p1a: Tyranitar\n|turn|7\n|c|\u2606skymin<3|HE LIVED THAT\n|c|\u2606skymin<3|nah\n|c|\u2606skymin<3|hes actually lebron\n|\n|t:|1776389805\n|move|p2a: Diablos|Protect|p2a: Diablos\n|-singleturn|p2a: Diablos|Protect\n|move|p1a: Tyranitar|Protect|p1a: Tyranitar\n|-singleturn|p1a: Tyranitar|Protect\n|move|p1b: Aggron|Protect|p1b: Aggron\n|-singleturn|p1b: Aggron|Protect\n|move|p2b: Yunhae|Hyper Voice|p1a: Tyranitar|[spread] \n|-activate|p1a: Tyranitar|move: Protect\n|-activate|p1b: Aggron|move: Protect\n|\n|-weather|Sandstorm|[upkeep]\n|-damage|p2b: Yunhae|94/100|[from] Sandstorm\n|upkeep\n|turn|8\n|inactive|Kamusito98 has 30 seconds left.\n|\n|t:|1776389836\n|move|p2b: Yunhae|Protect|p2b: Yunhae\n|-singleturn|p2b: Yunhae|Protect\n|move|p1b: Aggron|Protect||[still]\n|-fail|p1b: Aggron\n|move|p2a: Diablos|Earthquake|p1b: Aggron|[spread] p1a,p1b\n|-activate|p2b: Yunhae|move: Protect\n|-supereffective|p1a: Tyranitar|1\n|-supereffective|p1b: Aggron|1\n|-damage|p1a: Tyranitar|1/100\n|-damage|p1b: Aggron|0 fnt\n|faint|p1b: Aggron\n|move|p1a: Tyranitar|Rock Slide|p2a: Diablos|[spread] p2a\n|-activate|p2b: Yunhae|move: Protect\n|-resisted|p2a: Diablos|1\n|-damage|p2a: Diablos|0 fnt\n|faint|p2a: Diablos\n|\n|-weather|Sandstorm|[upkeep]\n|-damage|p2b: Yunhae|88/100|[from] Sandstorm\n|upkeep\n|turn|9\n|c|\u2606skymin<3|holy 99\n|\n|t:|1776389844\n|move|p2b: Yunhae|Hyper Voice|p1a: Tyranitar\n|-supereffective|p1a: Tyranitar|1\n|-damage|p1a: Tyranitar|0 fnt\n|faint|p1a: Tyranitar\n|\n|win|skymin<3\n|n|\u2606Kamusito98|kamusito98\n|n|\u2606skymin<3|skymin3\n|n| Thefastpig|thefastpig\n|n| holdingb|holdingb\n|n| Gootrifa|gootrifa\n|n| shoccco\u2764|shoccco\n|c|\u2606skymin<3|gg\n|l|\u2606Kamusito98\n|player|p1|\n",
  "uploadtime": 1776389860,
  "views": 16,
  "formatid": "gen9championsvgc2026regma",
  "rating": null,
  "private": 0,
  "password": null
}