{
  "id": "gen9championsvgc2026regma-2581393908",
  "format": "[Gen 9 Champions] VGC 2026 Reg M-A",
  "players": [
    "azelflux",
    "ik0957"
  ],
  "log": "|j|\u203dazelflux\n|j|\u2606ik0957\n|t:|1775995718\n|gametype|doubles\n|player|p1|azelflux|n|1092\n|player|p2|ik0957|2|1007\n|gen|9\n|tier|[Gen 9 Champions] VGC 2026 Reg M-A\n|rated|\n|rule|Species Clause: Limit one of each Pok\u00e9mon\n|rule|Item Clause: Limit 1 of each item\n|clearpoke\n|poke|p1|Meganium, L50, M|\n|poke|p1|Archaludon, L50, F|\n|poke|p1|Basculegion, L50, M|\n|poke|p1|Maushold-Four, L50|\n|poke|p1|Politoed, L50, M|\n|poke|p1|Talonflame, L50, F|\n|poke|p2|Drampa, L50, M|\n|poke|p2|Farigiraf, L50, F|\n|poke|p2|Meganium, L50, F|\n|poke|p2|Pelipper, L50, F|\n|poke|p2|Basculegion, L50, M|\n|poke|p2|Incineroar, L50, F|\n|teampreview|4\n|inactive|Battle timer is ON: inactive players will automatically lose when time's up. (requested by ik0957)\n|\n|t:|1775995744\n|teamsize|p1|4\n|teamsize|p2|4\n|start\n|switch|p1a: Talonflame|Talonflame, L50, F|100/100\n|switch|p1b: Meganium|Meganium, L50, M|100/100\n|switch|p2a: Farigiraf|Farigiraf, L50, F|100/100\n|switch|p2b: Incineroar|Incineroar, L50, F|100/100\n|-ability|p2b: Incineroar|Intimidate|boost\n|-unboost|p1a: Talonflame|atk|1\n|-unboost|p1b: Meganium|atk|1\n|turn|1\n|\n|t:|1775995762\n|detailschange|p1b: Meganium|Meganium-Mega, L50, M\n|-mega|p1b: Meganium|Meganium|Meganiumite\n|move|p1a: Talonflame|Quick Guard|p1a: Talonflame\n|-singleturn|p1a: Talonflame|Quick Guard\n|move|p2b: Incineroar|Fake Out|p1a: Talonflame\n|-activate|p1a: Talonflame|move: Quick Guard\n|move|p1b: Meganium|Solar Beam||[still]\n|-prepare|p1b: Meganium|Solar Beam\n|-activate|p1b: Meganium|ability: Mega Sol\n|-anim|p1b: Meganium|Solar Beam|p2a: Farigiraf\n|-damage|p2a: Farigiraf|36/100\n|move|p2a: Farigiraf|Trick Room|p2a: Farigiraf\n|-fieldstart|move: Trick Room|[of] p2a: Farigiraf\n|\n|upkeep\n|turn|2\n|\n|t:|1775995781\n|switch|p1b: Politoed|Politoed, L50, M|100/100\n|-weather|RainDance|[from] ability: Drizzle|[of] p1b: Politoed\n|move|p2a: Farigiraf|Helping Hand|p2b: Incineroar\n|-singleturn|p2b: Incineroar|Helping Hand|[of] p2a: Farigiraf\n|move|p1a: Talonflame|Hurricane||[still]\n|cant|p2a: Farigiraf|ability: Armor Tail|Hurricane|[of] p1a: Talonflame\n|move|p2b: Incineroar|Temper Flare|p1b: Politoed\n|-resisted|p1b: Politoed|1\n|-damage|p1b: Politoed|90/100\n|\n|-weather|RainDance|[upkeep]\n|upkeep\n|turn|3\n|inactive|azelflux has 30 seconds left.\n|\n|t:|1775995816\n|switch|p1a: Meganium|Meganium-Mega, L50, M|100/100\n|move|p2a: Farigiraf|Protect|p2a: Farigiraf\n|-singleturn|p2a: Farigiraf|Protect\n|move|p1b: Politoed|Weather Ball|p2a: Farigiraf\n|-activate|p2a: Farigiraf|move: Protect\n|move|p2b: Incineroar|Parting Shot|p1b: Politoed\n|-unboost|p1b: Politoed|atk|1\n|-unboost|p1b: Politoed|spa|1\n|\n|t:|1775995826\n|switch|p2b: Drampa|Drampa, L50, M|100/100|[from] Parting Shot\n|-ability|p2b: Drampa|Cloud Nine\n|\n|-weather|RainDance|[upkeep]\n|upkeep\n|turn|4\n|\n|t:|1775995842\n|detailschange|p2b: Drampa|Drampa-Mega, L50, M\n|-mega|p2b: Drampa|Drampa|Drampanite\n|move|p1b: Politoed|Helping Hand|p1a: Meganium\n|-singleturn|p1a: Meganium|Helping Hand|[of] p1b: Politoed\n|move|p2a: Farigiraf|Helping Hand|p2b: Drampa\n|-singleturn|p2b: Drampa|Helping Hand|[of] p2a: Farigiraf\n|move|p2b: Drampa|Hyper Voice|p1a: Meganium|[spread] p1a,p1b\n|-damage|p1a: Meganium|46/100\n|-damage|p1b: Politoed|40/100\n|-enditem|p1b: Politoed|Sitrus Berry|[eat]\n|-heal|p1b: Politoed|64/100|[from] item: Sitrus Berry\n|move|p1a: Meganium|Dazzling Gleam|p2a: Farigiraf|[spread] p2a,p2b\n|-supereffective|p2b: Drampa|1\n|-damage|p2a: Farigiraf|0 fnt\n|-damage|p2b: Drampa|12/100\n|faint|p2a: Farigiraf\n|-ability|p2b: Drampa|Berserk|boost\n|-boost|p2b: Drampa|spa|1\n|\n|-weather|RainDance|[upkeep]\n|upkeep\n|\n|t:|1775995864\n|switch|p2a: Incineroar|Incineroar, L50, F|100/100\n|-ability|p2a: Incineroar|Intimidate|boost\n|-unboost|p1a: Meganium|atk|1\n|-unboost|p1b: Politoed|atk|1\n|turn|5\n|inactive|azelflux has 30 seconds left.\n|\n|t:|1775995891\n|switch|p1b: Talonflame|Talonflame, L50, F|100/100\n|move|p1a: Meganium|Protect|p1a: Meganium\n|-singleturn|p1a: Meganium|Protect\n|move|p2a: Incineroar|Fake Out|p1a: Meganium\n|-activate|p1a: Meganium|move: Protect\n|move|p2b: Drampa|Roost|p2b: Drampa\n|-heal|p2b: Drampa|62/100\n|-singleturn|p2b: Drampa|move: Roost\n|\n|-weather|RainDance|[upkeep]\n|-fieldend|move: Trick Room\n|upkeep\n|turn|6\n|inactive|azelflux has 30 seconds left.\n|\n|t:|1775995920\n|move|p2b: Drampa|Protect|p2b: Drampa\n|-singleturn|p2b: Drampa|Protect\n|move|p1b: Talonflame|Hurricane|p2a: Incineroar\n|-damage|p2a: Incineroar|54/100\n|move|p2a: Incineroar|Parting Shot|p1a: Meganium\n|-unboost|p1a: Meganium|atk|1\n|-unboost|p1a: Meganium|spa|1\n|\n|t:|1775995927\n|switch|p2a: Meganium|Meganium, L50, F|100/100|[from] Parting Shot\n|move|p1a: Meganium|Dazzling Gleam|p2b: Drampa|[spread] p2a\n|-activate|p2b: Drampa|move: Protect\n|-damage|p2a: Meganium|78/100\n|\n|-weather|none\n|upkeep\n|turn|7\n|\n|t:|1775995943\n|switch|p1a: Politoed|Politoed, L50, M|64/100\n|-weather|RainDance|[from] ability: Drizzle|[of] p1a: Politoed\n|move|p2a: Meganium|Protect|p2a: Meganium\n|-singleturn|p2a: Meganium|Protect\n|move|p1b: Talonflame|Hurricane|p2a: Meganium\n|-activate|p2a: Meganium|move: Protect\n|move|p2b: Drampa|Hyper Voice|p1a: Politoed|[spread] p1a,p1b\n|-damage|p1a: Politoed|14/100\n|-damage|p1b: Talonflame|0 fnt\n|faint|p1b: Talonflame\n|\n|-weather|RainDance|[upkeep]\n|upkeep\n|\n|t:|1775995953\n|switch|p1b: Meganium|Meganium-Mega, L50, M|46/100\n|turn|8\n|\n|t:|1775995977\n|move|p2b: Drampa|Protect|p2b: Drampa\n|-singleturn|p2b: Drampa|Protect\n|move|p1b: Meganium|Dazzling Gleam|p2a: Meganium|[spread] p2a\n|-activate|p2b: Drampa|move: Protect\n|-damage|p2a: Meganium|46/100\n|move|p2a: Meganium|Dazzling Gleam|p1a: Politoed|[spread] p1a,p1b\n|-damage|p1a: Politoed|2/100\n|-damage|p1b: Meganium|31/100\n|move|p1a: Politoed|Weather Ball|p2a: Meganium\n|-resisted|p2a: Meganium|1\n|-damage|p2a: Meganium|22/100\n|\n|-weather|RainDance|[upkeep]\n|upkeep\n|turn|9\n|\n|t:|1775995997\n|switch|p2b: Incineroar|Incineroar, L50, F|54/100\n|-ability|p2b: Incineroar|Intimidate|boost\n|-unboost|p1a: Politoed|atk|1\n|-unboost|p1b: Meganium|atk|1\n|move|p1b: Meganium|Dazzling Gleam|p2b: Incineroar|[spread] p2a,p2b\n|-damage|p2a: Meganium|0 fnt\n|-damage|p2b: Incineroar|14/100\n|-enditem|p2b: Incineroar|Sitrus Berry|[eat]\n|-heal|p2b: Incineroar|39/100|[from] item: Sitrus Berry\n|faint|p2a: Meganium\n|move|p1a: Politoed|Weather Ball|p2b: Incineroar\n|-supereffective|p2b: Incineroar|1\n|-damage|p2b: Incineroar|0 fnt\n|faint|p2b: Incineroar\n|\n|-weather|RainDance|[upkeep]\n|upkeep\n|\n|t:|1775996007\n|switch|p2b: Drampa|Drampa-Mega, L50, M|62/100\n|turn|10\n|\n|t:|1775996016\n|move|p1a: Politoed|Helping Hand|p1b: Meganium\n|-singleturn|p1b: Meganium|Helping Hand|[of] p1a: Politoed\n|move|p1b: Meganium|Dazzling Gleam|p2b: Drampa\n|-supereffective|p2b: Drampa|1\n|-damage|p2b: Drampa|0 fnt\n|faint|p2b: Drampa\n|\n|win|azelflux\n|raw|azelflux's rating: 1092 &rarr; <strong>1112</strong><br />(+20 for winning)\n|raw|ik0957's rating: 1007 &rarr; <strong>1000</strong><br />(-7 for losing)\n|l|\u2606ik0957\n|player|p2|\n|l|\u203dazelflux\n|player|p1|\n|j|\u203dazelflux\n|player|p1|azelflux|n|\n",
  "uploadtime": 1775996032,
  "views": 88,
  "formatid": "gen9championsvgc2026regma",
  "rating": 1000,
  "private": 0,
  "password": null
}