{
  "id": "gen9championsvgc2026regma-2581665328",
  "format": "[Gen 9 Champions] VGC 2026 Reg M-A",
  "players": [
    "gonegeb",
    "evilkyatt"
  ],
  "log": "|j|\u2606gonegeb\n|j|\u2606evilkyatt\n|t:|1776019089\n|gametype|doubles\n|player|p1|gonegeb|corbeau|1108\n|player|p2|evilkyatt|scientist-gen4dp|1167\n|gen|9\n|tier|[Gen 9 Champions] VGC 2026 Reg M-A\n|rated|\n|rule|Species Clause: Limit one of each Pok\u00e9mon\n|rule|Item Clause: Limit 1 of each item\n|clearpoke\n|poke|p1|Lucario, L50, M|\n|poke|p1|Umbreon, L50, M|\n|poke|p1|Arcanine, L50, F|\n|poke|p1|Ceruledge, L50, M|\n|poke|p1|Corviknight, L50, M|\n|poke|p1|Whimsicott, L50, F|\n|poke|p2|Gengar, L50, F|\n|poke|p2|Whimsicott, L50, F|\n|poke|p2|Sneasler, L50, M|\n|poke|p2|Pelipper, L50, M|\n|poke|p2|Archaludon, L50, F|\n|poke|p2|Farigiraf, L50, F|\n|teampreview|4\n|inactive|Battle timer is ON: inactive players will automatically lose when time's up. (requested by evilkyatt)\n|\n|t:|1776019117\n|teamsize|p1|4\n|teamsize|p2|4\n|start\n|switch|p1a: Umbreon|Umbreon, L50, M, shiny|100/100\n|switch|p1b: Whimsicott|Whimsicott, L50, F, shiny|100/100\n|switch|p2a: Pelipper|Pelipper, L50, M|100/100\n|switch|p2b: Archaludon|Archaludon, L50, F|100/100\n|-weather|RainDance|[from] ability: Drizzle|[of] p2a: Pelipper\n|turn|1\n|\n|t:|1776019130\n|move|p1b: Whimsicott|Tailwind|p1b: Whimsicott\n|-sidestart|p1: gonegeb|move: Tailwind\n|move|p1a: Umbreon|Yawn|p2b: Archaludon\n|-start|p2b: Archaludon|move: Yawn|[of] p1a: Umbreon\n|move|p2b: Archaludon|Electro Shot||[still]\n|-prepare|p2b: Archaludon|Electro Shot\n|-boost|p2b: Archaludon|spa|1\n|-anim|p2b: Archaludon|Electro Shot|p1a: Umbreon\n|-damage|p1a: Umbreon|60/100\n|move|p2a: Pelipper|Hurricane|p1b: Whimsicott\n|-supereffective|p1b: Whimsicott|1\n|-damage|p1b: Whimsicott|0 fnt\n|faint|p1b: Whimsicott\n|\n|-weather|RainDance|[upkeep]\n|-heal|p1a: Umbreon|66/100|[from] item: Leftovers\n|upkeep\n|\n|t:|1776019139\n|switch|p1b: Lucario|Lucario, L50, M|100/100\n|turn|2\n|\n|t:|1776019161\n|switch|p2b: Gengar|Gengar, L50, F|100/100\n|detailschange|p1b: Lucario|Lucario-Mega, L50, M\n|-mega|p1b: Lucario|Lucario|Lucarionite\n|move|p1b: Lucario|Swords Dance|p1b: Lucario\n|-boost|p1b: Lucario|atk|2\n|move|p1a: Umbreon|Snarl|p2b: Gengar|[spread] p2a,p2b\n|-supereffective|p2b: Gengar|1\n|-damage|p2a: Pelipper|87/100\n|-damage|p2b: Gengar|70/100\n|-unboost|p2a: Pelipper|spa|1\n|-unboost|p2b: Gengar|spa|1\n|-start|p1a: Umbreon|Disable|Snarl|[from] ability: Cursed Body|[of] p2b: Gengar\n|move|p2a: Pelipper|Hurricane|p1b: Lucario\n|-damage|p1b: Lucario|39/100\n|\n|-weather|RainDance|[upkeep]\n|-heal|p1a: Umbreon|72/100|[from] item: Leftovers\n|upkeep\n|turn|3\n|\n|t:|1776019183\n|detailschange|p2b: Gengar|Gengar-Mega, L50, F\n|-mega|p2b: Gengar|Gengar|Gengarite\n|move|p1b: Lucario|Protect|p1b: Lucario\n|-singleturn|p1b: Lucario|Protect\n|move|p2b: Gengar|Shadow Ball|p1b: Lucario\n|-activate|p1b: Lucario|move: Protect\n|move|p1a: Umbreon|Foul Play|p2b: Gengar\n|-supereffective|p2b: Gengar|1\n|-damage|p2b: Gengar|7/100\n|move|p2a: Pelipper|Weather Ball|p1b: Lucario\n|-activate|p1b: Lucario|move: Protect\n|\n|-weather|RainDance|[upkeep]\n|-heal|p1a: Umbreon|78/100|[from] item: Leftovers\n|upkeep\n|turn|4\n|inactive|gonegeb has 30 seconds left.\n|inactive|gonegeb has 20 seconds left.\n|inactive|gonegeb has 15 seconds left.\n|inactive|gonegeb has 10 seconds left.\n|\n|t:|1776019230\n|move|p2b: Gengar|Protect|p2b: Gengar\n|-singleturn|p2b: Gengar|Protect\n|move|p1b: Lucario|Close Combat|p2a: Pelipper\n|-resisted|p2a: Pelipper|1\n|-damage|p2a: Pelipper|0 fnt\n|-unboost|p1b: Lucario|def|1\n|-unboost|p1b: Lucario|spd|1\n|faint|p2a: Pelipper\n|move|p1a: Umbreon|Foul Play|p2b: Gengar\n|-activate|p2b: Gengar|move: Protect\n|\n|-weather|RainDance|[upkeep]\n|-heal|p1a: Umbreon|84/100|[from] item: Leftovers\n|-sideend|p1: gonegeb|move: Tailwind\n|upkeep\n|\n|t:|1776019246\n|switch|p2a: Whimsicott|Whimsicott, L50, F|100/100\n|turn|5\n|\n|t:|1776019255\n|move|p1b: Lucario|Protect|p1b: Lucario\n|-singleturn|p1b: Lucario|Protect\n|move|p2a: Whimsicott|Tailwind|p2a: Whimsicott\n|-sidestart|p2: evilkyatt|move: Tailwind\n|move|p2b: Gengar|Focus Blast|p1a: Umbreon|[miss]\n|-miss|p2b: Gengar|p1a: Umbreon\n|move|p1a: Umbreon|Foul Play|p2b: Gengar\n|-supereffective|p2b: Gengar|1\n|-damage|p2b: Gengar|0 fnt\n|faint|p2b: Gengar\n|\n|-weather|none\n|-heal|p1a: Umbreon|90/100|[from] item: Leftovers\n|-end|p1a: Umbreon|Disable\n|upkeep\n|\n|t:|1776019263\n|switch|p2b: Archaludon|Archaludon, L50, F|100/100\n|turn|6\n|\n|t:|1776019286\n|switch|p1b: Corviknight|Corviknight, L50, M|100/100\n|-ability|p1b: Corviknight|Pressure\n|move|p2a: Whimsicott|Encore||[still]\n|-fail|p2a: Whimsicott\n|move|p2b: Archaludon|Flash Cannon|p1a: Umbreon\n|-damage|p1a: Umbreon|63/100\n|move|p1a: Umbreon|Yawn|p2a: Whimsicott\n|-start|p2a: Whimsicott|move: Yawn|[of] p1a: Umbreon\n|\n|-heal|p1a: Umbreon|69/100|[from] item: Leftovers\n|upkeep\n|turn|7\n|\n|t:|1776019299\n|move|p2a: Whimsicott|Moonblast|p1a: Umbreon\n|-supereffective|p1a: Umbreon|1\n|-damage|p1a: Umbreon|23/100\n|move|p2b: Archaludon|Electro Shot||[still]\n|-prepare|p2b: Archaludon|Electro Shot\n|-boost|p2b: Archaludon|spa|1\n|move|p1b: Corviknight|Bulk Up|p1b: Corviknight\n|-boost|p1b: Corviknight|atk|1\n|-boost|p1b: Corviknight|def|1\n|move|p1a: Umbreon|Yawn|p2b: Archaludon\n|-start|p2b: Archaludon|move: Yawn|[of] p1a: Umbreon\n|\n|-heal|p1a: Umbreon|29/100|[from] item: Leftovers\n|-end|p2a: Whimsicott|move: Yawn|[silent]\n|-status|p2a: Whimsicott|slp\n|upkeep\n|turn|8\n|inactive|gonegeb has 30 seconds left.\n|inactive|gonegeb has 20 seconds left.\n|inactive|gonegeb has 15 seconds left.\n|inactive|gonegeb has 10 seconds left.\n|\n|t:|1776019346\n|cant|p2a: Whimsicott|slp\n|move|p2b: Archaludon|Electro Shot|p1b: Corviknight|[from] lockedmove\n|-supereffective|p1b: Corviknight|1\n|-damage|p1b: Corviknight|0 fnt\n|faint|p1b: Corviknight\n|move|p1a: Umbreon|Foul Play|p2a: Whimsicott\n|-resisted|p2a: Whimsicott|1\n|-damage|p2a: Whimsicott|84/100 slp\n|\n|-heal|p1a: Umbreon|35/100|[from] item: Leftovers\n|-end|p2b: Archaludon|move: Yawn|[silent]\n|-status|p2b: Archaludon|slp\n|-sideend|p2: evilkyatt|move: Tailwind\n|upkeep\n|\n|t:|1776019351\n|switch|p1b: Lucario|Lucario-Mega, L50, M|39/100\n|turn|9\n|\n|t:|1776019360\n|move|p1a: Umbreon|Helping Hand|p1b: Lucario\n|-singleturn|p1b: Lucario|Helping Hand|[of] p1a: Umbreon\n|move|p1b: Lucario|Close Combat|p2b: Archaludon\n|-supereffective|p2b: Archaludon|1\n|-ability|p2b: Archaludon|Sturdy\n|-damage|p2b: Archaludon|1/100 slp\n|-unboost|p1b: Lucario|def|1\n|-unboost|p1b: Lucario|spd|1\n|cant|p2a: Whimsicott|slp\n|cant|p2b: Archaludon|slp\n|\n|-heal|p2b: Archaludon|7/100 slp|[from] item: Leftovers\n|-heal|p1a: Umbreon|41/100|[from] item: Leftovers\n|upkeep\n|turn|10\n|\n|t:|1776019375\n|-curestatus|p2b: Archaludon|slp|[msg]\n|move|p2b: Archaludon|Protect|p2b: Archaludon\n|-singleturn|p2b: Archaludon|Protect\n|move|p1b: Lucario|Meteor Mash|p2a: Whimsicott\n|-supereffective|p2a: Whimsicott|1\n|-damage|p2a: Whimsicott|0 fnt\n|faint|p2a: Whimsicott\n|move|p1a: Umbreon|Snarl|p2b: Archaludon\n|-activate|p2b: Archaludon|move: Protect\n|\n|-heal|p2b: Archaludon|12/100|[from] item: Leftovers\n|-heal|p1a: Umbreon|47/100|[from] item: Leftovers\n|upkeep\n|turn|11\n|-message|evilkyatt forfeited.\n|\n|win|gonegeb\n|raw|gonegeb's rating: 1108 &rarr; <strong>1137</strong><br />(+29 for winning)\n|raw|evilkyatt's rating: 1167 &rarr; <strong>1138</strong><br />(-29 for losing)\n|l|\u2606evilkyatt\n|player|p2|\n",
  "uploadtime": 1776019396,
  "views": 14,
  "formatid": "gen9championsvgc2026regma",
  "rating": 1137,
  "private": 0,
  "password": null
}