{
  "id": "gen9championsvgc2026regma-2585366940",
  "format": "[Gen 9 Champions] VGC 2026 Reg M-A",
  "players": [
    "renmp",
    "thomas_shelby_obe"
  ],
  "log": "|j|\u2606renmp\n|j|\u2606thomas_shelby_obe\n|t:|1776341810\n|gametype|doubles\n|player|p1|renmp|hilda|1159\n|player|p2|thomas_shelby_obe|veteran|1166\n|gen|9\n|tier|[Gen 9 Champions] VGC 2026 Reg M-A\n|rated|\n|rule|Species Clause: Limit one of each Pok\u00e9mon\n|rule|Item Clause: Limit 1 of each item\n|clearpoke\n|poke|p1|Kingambit, L50, F|\n|poke|p1|Gallade, L50, M|\n|poke|p1|Basculegion, L50, M|\n|poke|p1|Whimsicott, L50, M|\n|poke|p1|Delphox, L50, F|\n|poke|p1|Garchomp, L50, M|\n|poke|p2|Whimsicott, L50, F|\n|poke|p2|Maushold-Four, L50|\n|poke|p2|Froslass, L50, F|\n|poke|p2|Infernape, L50, M|\n|poke|p2|Sneasler, L50, F|\n|poke|p2|Milotic, L50, F|\n|teampreview|4\n|inactive|Battle timer is ON: inactive players will automatically lose when time's up. (requested by renmp)\n|inactive|renmp has 60 seconds left.\n|\n|t:|1776341854\n|teamsize|p1|4\n|teamsize|p2|4\n|start\n|switch|p1a: Whimsicott|Whimsicott, L50, M|100/100\n|switch|p1b: Delphox|Delphox, L50, F|100/100\n|switch|p2a: Maushold|Maushold-Four, L50|100/100\n|switch|p2b: Froslass|Froslass, L50, F, shiny|100/100\n|turn|1\n|inactive|thomas_shelby_obe has 30 seconds left.\n|\n|t:|1776341884\n|detailschange|p2b: Froslass|Froslass-Mega, L50, F, shiny\n|-mega|p2b: Froslass|Froslass|Froslassite\n|-weather|Snowscape|[from] ability: Snow Warning|[of] p2b: Froslass\n|move|p1b: Delphox|Protect|p1b: Delphox\n|-singleturn|p1b: Delphox|Protect\n|move|p2a: Maushold|Follow Me|p2a: Maushold\n|-singleturn|p2a: Maushold|move: Follow Me\n|move|p1a: Whimsicott|Taunt|p2a: Maushold\n|-start|p2a: Maushold|move: Taunt\n|move|p2b: Froslass|Shadow Ball|p1b: Delphox\n|-activate|p1b: Delphox|move: Protect\n|\n|-weather|Snowscape|[upkeep]\n|upkeep\n|turn|2\n|inactive|renmp has 30 seconds left.\n|\n|t:|1776341913\n|switch|p2a: Milotic|Milotic, L50, F|100/100\n|detailschange|p1b: Delphox|Delphox-Mega, L50, F\n|-mega|p1b: Delphox|Delphox|Delphoxite\n|move|p2b: Froslass|Protect|p2b: Froslass\n|-singleturn|p2b: Froslass|Protect\n|move|p1a: Whimsicott|Tailwind|p1a: Whimsicott\n|-sidestart|p1: renmp|move: Tailwind\n|move|p1b: Delphox|Heat Wave|p2b: Froslass|[spread] p2a\n|-activate|p2b: Froslass|move: Protect\n|-resisted|p2a: Milotic|1\n|-damage|p2a: Milotic|87/100\n|\n|-weather|Snowscape|[upkeep]\n|-heal|p2a: Milotic|93/100|[from] item: Leftovers\n|upkeep\n|turn|3\n|inactive|thomas_shelby_obe has 30 seconds left.\n|\n|t:|1776341943\n|move|p1b: Delphox|Protect|p1b: Delphox\n|-singleturn|p1b: Delphox|Protect\n|move|p1a: Whimsicott|Misty Terrain|p1a: Whimsicott\n|-fieldstart|move: Misty Terrain\n|move|p2b: Froslass|Blizzard|p1a: Whimsicott|[spread] p1a\n|-activate|p1b: Delphox|move: Protect\n|-supereffective|p1a: Whimsicott|1\n|-enditem|p1a: Whimsicott|Focus Sash\n|-damage|p1a: Whimsicott|1/100\n|move|p2a: Milotic|Scald|p1b: Delphox\n|-activate|p1b: Delphox|move: Protect\n|\n|-weather|Snowscape|[upkeep]\n|-heal|p2a: Milotic|99/100|[from] item: Leftovers\n|upkeep\n|turn|4\n|inactive|renmp has 30 seconds left.\n|\n|t:|1776341974\n|switch|p1b: Basculegion|Basculegion, L50, M|100/100\n|move|p2b: Froslass|Protect|p2b: Froslass\n|-singleturn|p2b: Froslass|Protect\n|move|p1a: Whimsicott|Moonblast|p2a: Milotic\n|-damage|p2a: Milotic|73/100\n|move|p2a: Milotic|Scald|p1a: Whimsicott\n|-resisted|p1a: Whimsicott|1\n|-damage|p1a: Whimsicott|0 fnt\n|faint|p1a: Whimsicott\n|\n|-weather|Snowscape|[upkeep]\n|-heal|p2a: Milotic|79/100|[from] item: Leftovers\n|upkeep\n|\n|t:|1776341983\n|switch|p1a: Delphox|Delphox-Mega, L50, F|100/100\n|turn|5\n|\n|t:|1776342006\n|move|p1a: Delphox|Protect|p1a: Delphox\n|-singleturn|p1a: Delphox|Protect\n|move|p1b: Basculegion|Protect|p1b: Basculegion\n|-singleturn|p1b: Basculegion|Protect\n|move|p2b: Froslass|Protect||[still]\n|-fail|p2b: Froslass\n|move|p2a: Milotic|Scald|p1a: Delphox\n|-activate|p1a: Delphox|move: Protect\n|\n|-weather|none\n|-heal|p2a: Milotic|85/100|[from] item: Leftovers\n|-sideend|p1: renmp|move: Tailwind\n|upkeep\n|turn|6\n|inactive|thomas_shelby_obe has 30 seconds left.\n|inactive|thomas_shelby_obe has 20 seconds left.\n|\n|t:|1776342042\n|switch|p2b: Maushold|Maushold-Four, L50|100/100\n|move|p1a: Delphox|Overheat|p2b: Maushold\n|-damage|p2b: Maushold|12/100\n|-unboost|p1a: Delphox|spa|2\n|-enditem|p2b: Maushold|Sitrus Berry|[eat]\n|-heal|p2b: Maushold|37/100|[from] item: Sitrus Berry\n|move|p1b: Basculegion|Last Respects|p2a: Milotic\n|-damage|p2a: Milotic|41/100\n|move|p2a: Milotic|Scald|p1a: Delphox\n|-supereffective|p1a: Delphox|1\n|-damage|p1a: Delphox|39/100\n|\n|-heal|p2a: Milotic|47/100|[from] item: Leftovers\n|upkeep\n|turn|7\n|inactive|thomas_shelby_obe has 30 seconds left.\n|\n|t:|1776342073\n|switch|p1a: Gallade|Gallade, L50, M|100/100\n|move|p2b: Maushold|Follow Me|p2b: Maushold\n|-singleturn|p2b: Maushold|move: Follow Me\n|move|p1b: Basculegion|Wave Crash|p2b: Maushold\n|-damage|p2b: Maushold|0 fnt\n|faint|p2b: Maushold\n|-damage|p1b: Basculegion|89/100|[from] Recoil\n|move|p2a: Milotic|Scald|p1a: Gallade\n|-damage|p1a: Gallade|71/100\n|\n|-heal|p2a: Milotic|52/100|[from] item: Leftovers\n|-fieldend|Misty Terrain\n|upkeep\n|\n|t:|1776342092\n|switch|p2b: Froslass|Froslass-Mega, L50, F, shiny|100/100\n|-weather|Snowscape|[from] ability: Snow Warning|[of] p2b: Froslass\n|turn|8\n|inactive|thomas_shelby_obe has 30 seconds left.\n|\n|t:|1776342125\n|move|p2b: Froslass|Shadow Ball|p1b: Basculegion\n|-supereffective|p1b: Basculegion|1\n|-damage|p1b: Basculegion|0 fnt\n|faint|p1b: Basculegion\n|move|p1a: Gallade|Night Slash|p2a: Milotic\n|-damage|p2a: Milotic|21/100\n|move|p2a: Milotic|Recover|p2a: Milotic\n|-heal|p2a: Milotic|71/100\n|\n|-weather|Snowscape|[upkeep]\n|-heal|p2a: Milotic|77/100|[from] item: Leftovers\n|upkeep\n|\n|t:|1776342131\n|switch|p1b: Delphox|Delphox-Mega, L50, F|39/100\n|turn|9\n|\n|t:|1776342156\n|move|p1b: Delphox|Protect|p1b: Delphox\n|-singleturn|p1b: Delphox|Protect\n|move|p2b: Froslass|Shadow Ball|p1a: Gallade\n|-supereffective|p1a: Gallade|1\n|-damage|p1a: Gallade|0 fnt\n|faint|p1a: Gallade\n|move|p2a: Milotic|Scald|p1b: Delphox\n|-activate|p1b: Delphox|move: Protect\n|\n|-weather|Snowscape|[upkeep]\n|-heal|p2a: Milotic|83/100|[from] item: Leftovers\n|upkeep\n|turn|10\n|-message|renmp forfeited.\n|\n|win|thomas_shelby_obe\n|raw|renmp's rating: 1159 &rarr; <strong>1135</strong><br />(-24 for losing)\n|raw|thomas_shelby_obe's rating: 1166 &rarr; <strong>1190</strong><br />(+24 for winning)\n|l|\u2606renmp\n|player|p1|\n",
  "uploadtime": 1776342167,
  "views": 19,
  "formatid": "gen9championsvgc2026regma",
  "rating": 1135,
  "private": 0,
  "password": null
}