{
  "id": "gen9championsvgc2026regma-2581690381",
  "format": "[Gen 9 Champions] VGC 2026 Reg M-A",
  "players": [
    "Addcoffeeplease",
    "Anacardooooo"
  ],
  "log": "|j|\u2606Addcoffeeplease\n|j|\u2606Anacardooooo\n|t:|1776020976\n|gametype|doubles\n|player|p1|Addcoffeeplease|266|1094\n|player|p2|Anacardooooo|2|1030\n|gen|9\n|tier|[Gen 9 Champions] VGC 2026 Reg M-A\n|rated|\n|rule|Species Clause: Limit one of each Pok\u00e9mon\n|rule|Item Clause: Limit 1 of each item\n|clearpoke\n|poke|p1|Empoleon, L50, F|\n|poke|p1|Garchomp, L50, F|\n|poke|p1|Floette-Eternal, L50, F|\n|poke|p1|Talonflame, L50, F|\n|poke|p1|Umbreon, L50, M|\n|poke|p1|Rotom-Wash, L50|\n|poke|p2|Incineroar, L50, F|\n|poke|p2|Sneasler, L50, M|\n|poke|p2|Garchomp, L50, M|\n|poke|p2|Gengar, L50, F|\n|poke|p2|Milotic, L50, F|\n|poke|p2|Vivillon, L50, F|\n|teampreview|4\n|inactive|Battle timer is ON: inactive players will automatically lose when time's up. (requested by Addcoffeeplease)\n|\n|t:|1776021018\n|teamsize|p1|4\n|teamsize|p2|4\n|start\n|switch|p1a: Talonflame|Talonflame, L50, F|100/100\n|switch|p1b: Umbreon|Umbreon, L50, M|100/100\n|switch|p2a: Sneasler|Sneasler, L50, M|100/100\n|switch|p2b: Garchomp|Garchomp, L50, M|100/100\n|turn|1\n|inactive|Anacardooooo has 30 seconds left.\n|inactive|Anacardooooo has 20 seconds left.\n|\n|t:|1776021054\n|move|p1a: Talonflame|Protect|p1a: Talonflame\n|-singleturn|p1a: Talonflame|Protect\n|move|p2a: Sneasler|Fake Out|p1a: Talonflame\n|-activate|p1a: Talonflame|move: Protect\n|move|p2b: Garchomp|Stone Edge|p1a: Talonflame\n|-activate|p1a: Talonflame|move: Protect\n|move|p1b: Umbreon|Foul Play|p2a: Sneasler\n|-resisted|p2a: Sneasler|1\n|-damage|p2a: Sneasler|57/100\n|\n|upkeep\n|turn|2\n|\n|t:|1776021077\n|switch|p2b: Milotic|Milotic, L50, F|100/100\n|move|p2a: Sneasler|Protect|p2a: Sneasler\n|-singleturn|p2a: Sneasler|Protect\n|move|p1a: Talonflame|Acrobatics|p2a: Sneasler\n|-activate|p2a: Sneasler|move: Protect\n|move|p1b: Umbreon|Toxic|p2b: Milotic\n|-status|p2b: Milotic|tox\n|\n|-damage|p2b: Milotic|95/100 tox|[from] psn\n|upkeep\n|turn|3\n|inactive|Anacardooooo has 30 seconds left.\n|\n|t:|1776021110\n|switch|p1a: Empoleon|Empoleon, L50, F|100/100\n|switch|p2a: Vivillon|Vivillon, L50, F|100/100\n|move|p2b: Milotic|Scald|p1a: Empoleon\n|-resisted|p1a: Empoleon|1\n|-damage|p1a: Empoleon|87/100\n|move|p1b: Umbreon|Foul Play|p2a: Vivillon\n|-damage|p2a: Vivillon|69/100\n|\n|-heal|p2b: Milotic|100/100 tox|[from] item: Leftovers\n|-damage|p2b: Milotic|89/100 tox|[from] psn\n|upkeep\n|turn|4\n|inactive|Addcoffeeplease has 30 seconds left.\n|\n|t:|1776021139\n|switch|p2b: Sneasler|Sneasler, L50, M|57/100\n|move|p2a: Vivillon|Sleep Powder|p1b: Umbreon\n|-status|p1b: Umbreon|slp|[from] move: Sleep Powder\n|cant|p1b: Umbreon|slp\n|move|p1a: Empoleon|Ice Beam|p2a: Vivillon\n|-supereffective|p2a: Vivillon|1\n|-damage|p2a: Vivillon|0 fnt\n|faint|p2a: Vivillon\n|\n|upkeep\n|\n|t:|1776021150\n|switch|p2a: Garchomp|Garchomp, L50, M|100/100\n|turn|5\n|inactive|Anacardooooo has 30 seconds left.\n|\n|t:|1776021186\n|move|p1a: Empoleon|Protect|p1a: Empoleon\n|-singleturn|p1a: Empoleon|Protect\n|move|p2a: Garchomp|Stomping Tantrum|p1a: Empoleon\n|-activate|p1a: Empoleon|move: Protect\n|move|p2b: Sneasler|Close Combat|p1b: Umbreon\n|-supereffective|p1b: Umbreon|1\n|-damage|p1b: Umbreon|28/100 slp\n|-unboost|p2b: Sneasler|def|1\n|-unboost|p2b: Sneasler|spd|1\n|-enditem|p2b: Sneasler|White Herb\n|-clearnegativeboost|p2b: Sneasler|[silent]\n|cant|p1b: Umbreon|slp\n|\n|-heal|p1b: Umbreon|34/100 slp|[from] item: Leftovers\n|upkeep\n|turn|6\n|inactive|Anacardooooo has 30 seconds left.\n|\n|t:|1776021214\n|switch|p2a: Milotic|Milotic, L50, F|89/100 tox\n|switch|p1a: Talonflame|Talonflame, L50, F|100/100\n|-curestatus|p1b: Umbreon|slp|[msg]\n|move|p1b: Umbreon|Protect|p1b: Umbreon\n|-singleturn|p1b: Umbreon|Protect\n|move|p2b: Sneasler|Close Combat|p1b: Umbreon\n|-activate|p1b: Umbreon|move: Protect\n|\n|-heal|p2a: Milotic|95/100 tox|[from] item: Leftovers\n|-heal|p1b: Umbreon|40/100|[from] item: Leftovers\n|-damage|p2a: Milotic|89/100 tox|[from] psn\n|upkeep\n|turn|7\n|\n|t:|1776021234\n|move|p2b: Sneasler|Protect|p2b: Sneasler\n|-singleturn|p2b: Sneasler|Protect\n|move|p1a: Talonflame|Tailwind|p1a: Talonflame\n|-sidestart|p1: Addcoffeeplease|move: Tailwind\n|move|p1b: Umbreon|Foul Play|p2b: Sneasler\n|-activate|p2b: Sneasler|move: Protect\n|move|p2a: Milotic|Scald|p1a: Talonflame\n|-supereffective|p1a: Talonflame|1\n|-damage|p1a: Talonflame|14/100\n|\n|-heal|p1b: Umbreon|46/100|[from] item: Leftovers\n|-heal|p2a: Milotic|95/100 tox|[from] item: Leftovers\n|-damage|p2a: Milotic|83/100 tox|[from] psn\n|upkeep\n|turn|8\n|inactive|Anacardooooo has 30 seconds left.\n|\n|t:|1776021265\n|switch|p2b: Garchomp|Garchomp, L50, M|100/100\n|move|p1a: Talonflame|Acrobatics|p2b: Garchomp\n|-damage|p2b: Garchomp|57/100\n|-damage|p1a: Talonflame|2/100|[from] ability: Rough Skin|[of] p2b: Garchomp\n|move|p1b: Umbreon|Foul Play|p2b: Garchomp\n|-damage|p2b: Garchomp|0 fnt\n|-damage|p1b: Umbreon|34/100|[from] ability: Rough Skin|[of] p2b: Garchomp\n|faint|p2b: Garchomp\n|move|p2a: Milotic|Scald|p1a: Talonflame\n|-supereffective|p1a: Talonflame|1\n|-damage|p1a: Talonflame|0 fnt\n|faint|p1a: Talonflame\n|\n|-heal|p1b: Umbreon|40/100|[from] item: Leftovers\n|-heal|p2a: Milotic|89/100 tox|[from] item: Leftovers\n|-damage|p2a: Milotic|71/100 tox|[from] psn\n|upkeep\n|\n|t:|1776021282\n|switch|p1a: Garchomp|Garchomp, L50, F|100/100\n|switch|p2b: Sneasler|Sneasler, L50, M|57/100\n|turn|9\n|\n|t:|1776021297\n|move|p1a: Garchomp|Protect|p1a: Garchomp\n|-singleturn|p1a: Garchomp|Protect\n|move|p1b: Umbreon|Protect|p1b: Umbreon\n|-singleturn|p1b: Umbreon|Protect\n|move|p2b: Sneasler|Fake Out|p1b: Umbreon\n|-activate|p1b: Umbreon|move: Protect\n|move|p2a: Milotic|Ice Beam|p1a: Garchomp\n|-activate|p1a: Garchomp|move: Protect\n|\n|-heal|p1b: Umbreon|46/100|[from] item: Leftovers\n|-heal|p2a: Milotic|77/100 tox|[from] item: Leftovers\n|-damage|p2a: Milotic|53/100 tox|[from] psn\n|upkeep\n|turn|10\n|\n|t:|1776021316\n|switch|p1a: Empoleon|Empoleon, L50, F|87/100\n|move|p2b: Sneasler|Protect|p2b: Sneasler\n|-singleturn|p2b: Sneasler|Protect\n|move|p1b: Umbreon|Foul Play|p2b: Sneasler\n|-activate|p2b: Sneasler|move: Protect\n|move|p2a: Milotic|Ice Beam|p1a: Empoleon\n|-resisted|p1a: Empoleon|2\n|-damage|p1a: Empoleon|83/100\n|\n|-heal|p1b: Umbreon|51/100|[from] item: Leftovers\n|-heal|p2a: Milotic|59/100 tox|[from] item: Leftovers\n|-damage|p2a: Milotic|29/100 tox|[from] psn\n|-sideend|p1: Addcoffeeplease|move: Tailwind\n|upkeep\n|turn|11\n|\n|t:|1776021340\n|move|p1b: Umbreon|Protect|p1b: Umbreon\n|-singleturn|p1b: Umbreon|Protect\n|move|p1a: Empoleon|Protect|p1a: Empoleon\n|-singleturn|p1a: Empoleon|Protect\n|move|p2b: Sneasler|Close Combat|p1a: Empoleon\n|-activate|p1a: Empoleon|move: Protect\n|move|p2a: Milotic|Scald|p1b: Umbreon\n|-activate|p1b: Umbreon|move: Protect\n|\n|-heal|p2a: Milotic|35/100 tox|[from] item: Leftovers\n|-heal|p1b: Umbreon|57/100|[from] item: Leftovers\n|-damage|p2a: Milotic|0 fnt|[from] psn\n|faint|p2a: Milotic\n|upkeep\n|turn|12\n|\n|t:|1776021354\n|switch|p1a: Garchomp|Garchomp, L50, F|100/100\n|move|p2b: Sneasler|Close Combat|p1b: Umbreon\n|-supereffective|p1b: Umbreon|1\n|-damage|p1b: Umbreon|0 fnt\n|-unboost|p2b: Sneasler|def|1\n|-unboost|p2b: Sneasler|spd|1\n|faint|p1b: Umbreon\n|\n|upkeep\n|\n|t:|1776021365\n|switch|p1b: Empoleon|Empoleon, L50, F|83/100\n|turn|13\n|\n|t:|1776021371\n|move|p2b: Sneasler|Protect|p2b: Sneasler\n|-singleturn|p2b: Sneasler|Protect\n|move|p1a: Garchomp|Stomping Tantrum|p2b: Sneasler\n|-activate|p2b: Sneasler|move: Protect\n|move|p1b: Empoleon|Hydro Pump|p2b: Sneasler\n|-activate|p2b: Sneasler|move: Protect\n|\n|upkeep\n|turn|14\n|\n|t:|1776021384\n|move|p2b: Sneasler|Close Combat|p1b: Empoleon\n|-supereffective|p1b: Empoleon|1\n|-damage|p1b: Empoleon|0 fnt\n|-unboost|p2b: Sneasler|def|1\n|-unboost|p2b: Sneasler|spd|1\n|faint|p1b: Empoleon\n|move|p1a: Garchomp|Stomping Tantrum|p2b: Sneasler\n|-supereffective|p2b: Sneasler|1\n|-damage|p2b: Sneasler|0 fnt\n|faint|p2b: Sneasler\n|\n|win|Addcoffeeplease\n|raw|Addcoffeeplease's rating: 1094 &rarr; <strong>1115</strong><br />(+21 for winning)\n|raw|Anacardooooo's rating: 1030 &rarr; <strong>1018</strong><br />(-12 for losing)\n",
  "uploadtime": 1776021392,
  "views": 13,
  "formatid": "gen9championsvgc2026regma",
  "rating": 1018,
  "private": 0,
  "password": null
}