{
  "id": "gen9championsvgc2026regma-2589392344",
  "format": "[Gen 9 Champions] VGC 2026 Reg M-A",
  "players": [
    "crauli94",
    "HighasaMantyke"
  ],
  "log": "|j|\u2606crauli94\n|j|\u2606HighasaMantyke\n|t:|1776719277\n|gametype|doubles\n|player|p1|crauli94|170|1317\n|player|p2|HighasaMantyke|drayton|1408\n|gen|9\n|tier|[Gen 9 Champions] VGC 2026 Reg M-A\n|rated|\n|rule|Species Clause: Limit one of each Pok\u00e9mon\n|rule|Item Clause: Limit 1 of each item\n|clearpoke\n|poke|p1|Slowking-Galar, L50, F|\n|poke|p1|Crabominable, L50, F|\n|poke|p1|Primarina, L50, F|\n|poke|p1|Sinistcha, L50|\n|poke|p1|Incineroar, L50, F|\n|poke|p1|Kingambit, L50, M|\n|poke|p2|Garchomp, L50, M|\n|poke|p2|Incineroar, L50, F|\n|poke|p2|Sneasler, L50, M|\n|poke|p2|Whimsicott, L50, M|\n|poke|p2|Rotom-Wash, L50|\n|poke|p2|Froslass, L50, F|\n|teampreview|4\n|inactive|Battle timer is ON: inactive players will automatically lose when time's up. (requested by HighasaMantyke)\ncrauli94 rejected open team sheets.\n|inactive|HighasaMantyke has 60 seconds left.\n|\n|t:|1776719317\n|teamsize|p1|4\n|teamsize|p2|4\n|start\n|switch|p1a: Sinistcha|Sinistcha, L50|100/100\n|switch|p1b: Incineroar|Incineroar, L50, F|100/100\n|switch|p2a: Incineroar|Incineroar, L50, F|100/100\n|switch|p2b: Froslass|Froslass, L50, F|100/100\n|-ability|p2a: Incineroar|Intimidate|boost\n|-unboost|p1a: Sinistcha|atk|1\n|-unboost|p1b: Incineroar|atk|1\n|-ability|p1b: Incineroar|Intimidate|boost\n|-unboost|p2a: Incineroar|atk|1\n|-unboost|p2b: Froslass|atk|1\n|-enditem|p1b: Incineroar|White Herb\n|-clearnegativeboost|p1b: Incineroar|[silent]\n|turn|1\n|inactive|crauli94 has 30 seconds left.\n|inactive|HighasaMantyke has 30 seconds left.\n|inactive|HighasaMantyke has 20 seconds left.\n|inactive|HighasaMantyke has 15 seconds left.\n|\n|t:|1776719361\n|detailschange|p2b: Froslass|Froslass-Mega, L50, F\n|-mega|p2b: Froslass|Froslass|Froslassite\n|-weather|Snowscape|[from] ability: Snow Warning|[of] p2b: Froslass\n|move|p1b: Incineroar|Fake Out|p2a: Incineroar\n|-damage|p2a: Incineroar|89/100\n|move|p2b: Froslass|Shadow Ball|p1a: Sinistcha\n|-supereffective|p1a: Sinistcha|1\n|-damage|p1a: Sinistcha|0 fnt\n|faint|p1a: Sinistcha\n|cant|p2a: Incineroar|flinch\n|\n|-weather|Snowscape|[upkeep]\n|upkeep\n|\n|t:|1776719376\n|switch|p1a: Crabominable|Crabominable, L50, F|100/100\n|turn|2\n|\n|t:|1776719384\n|switch|p2b: Rotom|Rotom-Wash, L50|100/100\n|detailschange|p1a: Crabominable|Crabominable-Mega, L50, F\n|-mega|p1a: Crabominable|Crabominable|Crabominite\n|move|p2a: Incineroar|Flare Blitz|p1a: Crabominable\n|-supereffective|p1a: Crabominable|1\n|-damage|p1a: Crabominable|68/100\n|-damage|p2a: Incineroar|78/100|[from] Recoil\n|move|p1b: Incineroar|Darkest Lariat|p2b: Rotom\n|-damage|p2b: Rotom|51/100\n|move|p1a: Crabominable|Drain Punch|p2a: Incineroar\n|-supereffective|p2a: Incineroar|1\n|-damage|p2a: Incineroar|0 fnt\n|-heal|p1a: Crabominable|100/100|[from] drain|[of] p2a: Incineroar\n|faint|p2a: Incineroar\n|\n|-weather|Snowscape|[upkeep]\n|-heal|p2b: Rotom|57/100|[from] item: Leftovers\n|upkeep\n|\n|t:|1776719397\n|switch|p2a: Sneasler|Sneasler, L50, M|100/100\n|turn|3\n|\n|t:|1776719409\n|switch|p1b: Primarina|Primarina, L50, F|100/100\n|move|p1a: Crabominable|Protect|p1a: Crabominable\n|-singleturn|p1a: Crabominable|Protect\n|move|p2a: Sneasler|Taunt|p1b: Primarina\n|-start|p1b: Primarina|move: Taunt\n|move|p2b: Rotom|Will-O-Wisp|p1a: Crabominable\n|-activate|p1a: Crabominable|move: Protect\n|\n|-weather|Snowscape|[upkeep]\n|-heal|p2b: Rotom|62/100|[from] item: Leftovers\n|upkeep\n|turn|4\n|\n|t:|1776719430\n|switch|p1a: Incineroar|Incineroar, L50, F|100/100\n|-ability|p1a: Incineroar|Intimidate|boost\n|-unboost|p2a: Sneasler|atk|1\n|-unboost|p2b: Rotom|atk|1\n|-enditem|p2a: Sneasler|White Herb\n|-clearnegativeboost|p2a: Sneasler|[silent]\n|move|p2a: Sneasler|Protect|p2a: Sneasler\n|-singleturn|p2a: Sneasler|Protect\n|move|p2b: Rotom|Discharge|p1b: Primarina|[spread] p1a,p1b\n|-activate|p2a: Sneasler|move: Protect\n|-supereffective|p1b: Primarina|1\n|-damage|p1a: Incineroar|74/100\n|-damage|p1b: Primarina|59/100\n|move|p1b: Primarina|Moonblast|p2b: Rotom\n|-damage|p2b: Rotom|10/100\n|\n|-weather|Snowscape|[upkeep]\n|-heal|p2b: Rotom|16/100|[from] item: Leftovers\n|-heal|p1b: Primarina|65/100|[from] item: Leftovers\n|upkeep\n|turn|5\n|inactive|crauli94 has 30 seconds left.\n|inactive|HighasaMantyke has 30 seconds left.\n|inactive|HighasaMantyke has 20 seconds left.\n|\n|t:|1776719472\n|move|p2a: Sneasler|Protect||[still]\n|-fail|p2a: Sneasler\n|move|p2b: Rotom|Protect|p2b: Rotom\n|-singleturn|p2b: Rotom|Protect\n|move|p1a: Incineroar|Fake Out|p2a: Sneasler\n|-damage|p2a: Sneasler|76/100\n|move|p1b: Primarina|Moonblast|p2b: Rotom\n|-activate|p2b: Rotom|move: Protect\n|\n|-weather|none\n|-heal|p2b: Rotom|22/100|[from] item: Leftovers\n|-heal|p1b: Primarina|71/100|[from] item: Leftovers\n|-end|p1b: Primarina|move: Taunt\n|upkeep\n|turn|6\n|inactive|crauli94 has 30 seconds left.\n|\n|t:|1776719507\n|switch|p1a: Crabominable|Crabominable-Mega, L50, F|100/100\n|move|p1b: Primarina|Protect|p1b: Primarina\n|-singleturn|p1b: Primarina|Protect\n|move|p2a: Sneasler|Close Combat|p1a: Crabominable\n|-supereffective|p1a: Crabominable|1\n|-damage|p1a: Crabominable|9/100\n|-unboost|p2a: Sneasler|def|1\n|-unboost|p2a: Sneasler|spd|1\n|move|p2b: Rotom|Volt Switch|p1b: Primarina\n|-activate|p1b: Primarina|move: Protect\n|\n|-heal|p2b: Rotom|27/100|[from] item: Leftovers\n|-heal|p1b: Primarina|76/100|[from] item: Leftovers\n|upkeep\n|turn|7\n|\n|t:|1776719529\n|switch|p1b: Incineroar|Incineroar, L50, F|74/100\n|-ability|p1b: Incineroar|Intimidate|boost\n|-unboost|p2a: Sneasler|atk|1\n|-unboost|p2b: Rotom|atk|1\n|move|p2a: Sneasler|Protect|p2a: Sneasler\n|-singleturn|p2a: Sneasler|Protect\n|move|p1a: Crabominable|Mach Punch|p2b: Rotom\n|-damage|p2b: Rotom|0 fnt\n|faint|p2b: Rotom\n|\n|upkeep\n|\n|t:|1776719539\n|switch|p2b: Froslass|Froslass-Mega, L50, F|100/100\n|-weather|Snowscape|[from] ability: Snow Warning|[of] p2b: Froslass\n|turn|8\n|inactive|crauli94 has 30 seconds left.\n|\n|t:|1776719573\n|switch|p1b: Primarina|Primarina, L50, F|76/100\n|move|p1a: Crabominable|Protect|p1a: Crabominable\n|-singleturn|p1a: Crabominable|Protect\n|move|p2a: Sneasler|Close Combat|p1b: Primarina\n|-resisted|p1b: Primarina|1\n|-damage|p1b: Primarina|50/100\n|-unboost|p2a: Sneasler|def|1\n|-unboost|p2a: Sneasler|spd|1\n|move|p2b: Froslass|Blizzard|p1b: Primarina|[spread] p1b\n|-activate|p1a: Crabominable|move: Protect\n|-resisted|p1b: Primarina|1\n|-damage|p1b: Primarina|32/100\n|\n|-weather|Snowscape|[upkeep]\n|-heal|p1b: Primarina|37/100|[from] item: Leftovers\n|upkeep\n|turn|9\n|\n|t:|1776719591\n|move|p1b: Primarina|Protect|p1b: Primarina\n|-singleturn|p1b: Primarina|Protect\n|move|p1a: Crabominable|Mach Punch|p2a: Sneasler\n|-resisted|p2a: Sneasler|1\n|-damage|p2a: Sneasler|19/100\n|move|p2a: Sneasler|Dire Claw|p1b: Primarina\n|-activate|p1b: Primarina|move: Protect\n|move|p2b: Froslass|Blizzard|p1b: Primarina|[spread] p1a\n|-activate|p1b: Primarina|move: Protect\n|-resisted|p1a: Crabominable|1\n|-damage|p1a: Crabominable|0 fnt\n|faint|p1a: Crabominable\n|\n|-weather|Snowscape|[upkeep]\n|-heal|p1b: Primarina|43/100|[from] item: Leftovers\n|upkeep\n|\n|t:|1776719602\n|switch|p1a: Incineroar|Incineroar, L50, F|74/100\n|-ability|p1a: Incineroar|Intimidate|boost\n|-unboost|p2a: Sneasler|atk|1\n|-unboost|p2b: Froslass|atk|1\n|turn|10\n|\n|t:|1776719614\n|move|p2a: Sneasler|Protect|p2a: Sneasler\n|-singleturn|p2a: Sneasler|Protect\n|move|p2b: Froslass|Protect|p2b: Froslass\n|-singleturn|p2b: Froslass|Protect\n|move|p1a: Incineroar|Darkest Lariat|p2b: Froslass\n|-activate|p2b: Froslass|move: Protect\n|move|p1b: Primarina|Hyper Voice|p2b: Froslass|[spread] \n|-activate|p2a: Sneasler|move: Protect\n|-activate|p2b: Froslass|move: Protect\n|\n|-weather|Snowscape|[upkeep]\n|-heal|p1b: Primarina|49/100|[from] item: Leftovers\n|upkeep\n|turn|11\n|\n|t:|1776719634\n|move|p2a: Sneasler|Close Combat|p1a: Incineroar\n|-supereffective|p1a: Incineroar|1\n|-damage|p1a: Incineroar|5/100\n|-unboost|p2a: Sneasler|def|1\n|-unboost|p2a: Sneasler|spd|1\n|move|p2b: Froslass|Thunderbolt|p1a: Incineroar\n|-damage|p1a: Incineroar|0 fnt\n|faint|p1a: Incineroar\n|move|p1b: Primarina|Hyper Voice|p2a: Sneasler|[spread] p2a,p2b\n|-damage|p2a: Sneasler|0 fnt\n|-damage|p2b: Froslass|64/100\n|faint|p2a: Sneasler\n|\n|-weather|Snowscape|[upkeep]\n|-heal|p1b: Primarina|55/100|[from] item: Leftovers\n|upkeep\n|turn|12\n|\n|t:|1776719649\n|move|p1b: Primarina|Protect|p1b: Primarina\n|-singleturn|p1b: Primarina|Protect\n|move|p2b: Froslass|Thunderbolt|p1b: Primarina\n|-activate|p1b: Primarina|move: Protect\n|\n|-weather|none\n|-heal|p1b: Primarina|61/100|[from] item: Leftovers\n|upkeep\n|turn|13\n|\n|t:|1776719658\n|move|p2b: Froslass|Thunderbolt|p1b: Primarina\n|-supereffective|p1b: Primarina|1\n|-damage|p1b: Primarina|9/100\n|move|p1b: Primarina|Moonblast|p2b: Froslass\n|-damage|p2b: Froslass|12/100\n|-unboost|p2b: Froslass|spa|1\n|\n|-heal|p1b: Primarina|14/100|[from] item: Leftovers\n|upkeep\n|turn|14\n|\n|t:|1776719667\n|move|p1b: Primarina|Protect|p1b: Primarina\n|-singleturn|p1b: Primarina|Protect\n|move|p2b: Froslass|Thunderbolt|p1b: Primarina\n|-activate|p1b: Primarina|move: Protect\n|\n|-heal|p1b: Primarina|20/100|[from] item: Leftovers\n|upkeep\n|turn|15\n|\n|t:|1776719670\n|move|p2b: Froslass|Thunderbolt|p1b: Primarina\n|-supereffective|p1b: Primarina|1\n|-damage|p1b: Primarina|0 fnt\n|faint|p1b: Primarina\n|\n|win|HighasaMantyke\n|raw|crauli94's rating: 1317 &rarr; <strong>1302</strong><br />(-15 for losing)\n|raw|HighasaMantyke's rating: 1408 &rarr; <strong>1423</strong><br />(+15 for winning)\n|c|\u2606HighasaMantyke|ggwp\n|c|\u2606crauli94|gg\n|c|\u2606crauli94|thunderbolt was suprise\n|c|\u2606HighasaMantyke|i just wanted a third move\n|c|\u2606HighasaMantyke|idk if its the one\n|c|\u2606crauli94|never thougt ic could learn it lol\n|c|\u2606HighasaMantyke|i was trynna fit weather ball w/ rain\n|c|\u2606HighasaMantyke|but whims cant get rain dance\n|c|\u2606crauli94|but ice elec is always good\n|c|\u2606HighasaMantyke|ye!\n|c|\u2606crauli94|and u can touch inci\n|c|\u2606HighasaMantyke|yeah power gem would be great\n|c|\u2606HighasaMantyke|but i think thunderbolt is best it has\n|c|\u2606crauli94|but tbold very good midground\n|c|\u2606crauli94|wish u a good day :)\n|c|\u2606HighasaMantyke|you too\n|l|\u2606crauli94\n|player|p1|\n",
  "uploadtime": 1776719778,
  "views": 17,
  "formatid": "gen9championsvgc2026regma",
  "rating": 1302,
  "private": 0,
  "password": null
}