{
  "id": "gen9championsvgc2026regma-2589476745",
  "format": "[Gen 9 Champions] VGC 2026 Reg M-A",
  "players": [
    "Cramorant Believer",
    "ActualJackal"
  ],
  "log": "|j|\u2606Cramorant Believer\n|j|\u2606ActualJackal\n|t:|1776726431\n|gametype|doubles\n|player|p1|Cramorant Believer|swimmer-gen4dp|1123\n|player|p2|ActualJackal|shadowtriad|1057\n|gen|9\n|tier|[Gen 9 Champions] VGC 2026 Reg M-A\n|rated|\n|rule|Species Clause: Limit one of each Pok\u00e9mon\n|rule|Item Clause: Limit 1 of each item\n|clearpoke\n|poke|p1|Meowstic, L50, M|\n|poke|p1|Vivillon-Tundra, L50, F|\n|poke|p1|Espathra, L50, F|\n|poke|p1|Clefable, L50, M|\n|poke|p1|Garganacl, L50, F|\n|poke|p1|Incineroar, L50, F|\n|poke|p2|Blastoise, L50, F|\n|poke|p2|Meowscarada, L50, F|\n|poke|p2|Maushold-Four, L50|\n|poke|p2|Talonflame, L50, M|\n|poke|p2|Kommo-o, L50, F|\n|poke|p2|Kingambit, L50, M|\n|teampreview|4\n|\n|t:|1776726461\n|teamsize|p1|4\n|teamsize|p2|4\n|start\n|switch|p1a: Vivillon|Vivillon-Tundra, L50, F|100/100\n|switch|p1b: Incineroar|Incineroar, L50, F|100/100\n|switch|p2a: Water Dude|Blastoise, L50, F|100/100\n|switch|p2b: Low Income Family|Maushold-Four, L50|100/100\n|-ability|p1b: Incineroar|Intimidate|boost\n|-unboost|p2a: Water Dude|atk|1\n|-unboost|p2b: Low Income Family|atk|1\n|turn|1\n|\n|t:|1776726504\n|switch|p2a: Furry Bait|Meowscarada, L50, F|100/100\n|move|p1b: Incineroar|Fake Out|p2a: Furry Bait\n|-damage|p2a: Furry Bait|89/100\n|move|p2b: Low Income Family|Encore|p1b: Incineroar\n|-start|p1b: Incineroar|Encore\n|move|p1a: Vivillon|Iron Defense|p1a: Vivillon\n|-boost|p1a: Vivillon|def|2\n|\n|upkeep\n|turn|2\n|\n|t:|1776726523\n|switch|p1b: Clefable|Clefable, L50, M|100/100\n|move|p1a: Vivillon|Protect|p1a: Vivillon\n|-singleturn|p1a: Vivillon|Protect\n|move|p2a: Furry Bait|Triple Axel|p1a: Vivillon\n|-start|p2a: Furry Bait|typechange|Ice|[from] ability: Protean\n|-activate|p1a: Vivillon|move: Protect\n|move|p2b: Low Income Family|Super Fang|p1b: Clefable\n|-damage|p1b: Clefable|50/100\n|\n|upkeep\n|turn|3\n|\n|t:|1776726534\n|move|p1b: Clefable|Follow Me|p1b: Clefable\n|-singleturn|p1b: Clefable|move: Follow Me\n|move|p2a: Furry Bait|Triple Axel|p1b: Clefable\n|-damage|p1b: Clefable|44/100\n|-damage|p1b: Clefable|32/100\n|-damage|p1b: Clefable|14/100\n|-hitcount|p1b: Clefable|3\n|move|p2b: Low Income Family|Taunt|p1b: Clefable\n|-start|p1b: Clefable|move: Taunt\n|-enditem|p1b: Clefable|Mental Herb\n|-end|p1b: Clefable|move: Taunt\n|move|p1a: Vivillon|Quiver Dance|p1a: Vivillon\n|-boost|p1a: Vivillon|spa|1\n|-boost|p1a: Vivillon|spd|1\n|-boost|p1a: Vivillon|spe|1\n|\n|upkeep\n|turn|4\n|\n|t:|1776726556\n|move|p2a: Furry Bait|Protect|p2a: Furry Bait\n|-singleturn|p2a: Furry Bait|Protect\n|move|p1b: Clefable|Follow Me|p1b: Clefable\n|-singleturn|p1b: Clefable|move: Follow Me\n|move|p1a: Vivillon|Quiver Dance|p1a: Vivillon\n|-boost|p1a: Vivillon|spa|1\n|-boost|p1a: Vivillon|spd|1\n|-boost|p1a: Vivillon|spe|1\n|move|p2b: Low Income Family|Taunt|p1b: Clefable\n|-start|p1b: Clefable|move: Taunt\n|\n|upkeep\n|turn|5\n|\n|t:|1776726571\n|switch|p1b: Incineroar|Incineroar, L50, F|100/100\n|-ability|p1b: Incineroar|Intimidate|boost\n|-unboost|p2a: Furry Bait|atk|1\n|-unboost|p2b: Low Income Family|atk|1\n|-enditem|p2a: Furry Bait|White Herb\n|-clearnegativeboost|p2a: Furry Bait|[silent]\n|move|p1a: Vivillon|Protect|p1a: Vivillon\n|-singleturn|p1a: Vivillon|Protect\n|move|p2a: Furry Bait|Triple Axel|p1a: Vivillon\n|-activate|p1a: Vivillon|move: Protect\n|move|p2b: Low Income Family|Super Fang|p1a: Vivillon\n|-activate|p1a: Vivillon|move: Protect\n|\n|upkeep\n|turn|6\n|\n|t:|1776726607\n|switch|p2a: Steel Dude|Kingambit, L50, M|100/100\n|move|p1b: Incineroar|Fake Out|p2a: Steel Dude\n|-resisted|p2a: Steel Dude|1\n|-damage|p2a: Steel Dude|98/100\n|move|p1a: Vivillon|Iron Defense|p1a: Vivillon\n|-boost|p1a: Vivillon|def|2\n|move|p2b: Low Income Family|Super Fang|p1b: Incineroar\n|-damage|p1b: Incineroar|50/100\n|\n|upkeep\n|turn|7\n|\n|t:|1776726641\n|switch|p2a: Water Dude|Blastoise, L50, F|100/100\n|move|p1a: Vivillon|Quiver Dance|p1a: Vivillon\n|-boost|p1a: Vivillon|spa|1\n|-boost|p1a: Vivillon|spd|1\n|-boost|p1a: Vivillon|spe|1\n|move|p2b: Low Income Family|Taunt|p1b: Incineroar\n|-start|p1b: Incineroar|move: Taunt\n|cant|p1b: Incineroar|move: Taunt|Will-O-Wisp\n|\n|upkeep\n|turn|8\n|\n|t:|1776726662\n|switch|p1b: Clefable|Clefable, L50, M|14/100\n|detailschange|p2a: Water Dude|Blastoise-Mega, L50, F\n|-mega|p2a: Water Dude|Blastoise|Blastoisinite\n|move|p1a: Vivillon|Quiver Dance|p1a: Vivillon\n|-boost|p1a: Vivillon|spa|1\n|-boost|p1a: Vivillon|spd|1\n|-boost|p1a: Vivillon|spe|1\n|move|p2b: Low Income Family|Taunt|p1b: Clefable\n|-start|p1b: Clefable|move: Taunt\n|move|p2a: Water Dude|Blizzard|p1b: Clefable|[spread] p1a,p1b\n|-supereffective|p1a: Vivillon|1\n|-damage|p1a: Vivillon|72/100\n|-damage|p1b: Clefable|0 fnt\n|faint|p1b: Clefable\n|\n|-heal|p1a: Vivillon|78/100|[from] item: Leftovers\n|upkeep\n|\n|t:|1776726677\n|switch|p1b: Incineroar|Incineroar, L50, F|50/100\n|-ability|p1b: Incineroar|Intimidate|boost\n|-unboost|p2a: Water Dude|atk|1\n|-unboost|p2b: Low Income Family|atk|1\n|turn|9\n|\n|t:|1776726697\n|switch|p2a: Furry Bait|Meowscarada, L50, F|89/100\n|move|p1b: Incineroar|Fake Out|p2a: Furry Bait\n|-damage|p2a: Furry Bait|76/100\n|move|p1a: Vivillon|Quiver Dance|p1a: Vivillon\n|-boost|p1a: Vivillon|spa|1\n|-boost|p1a: Vivillon|spd|1\n|-boost|p1a: Vivillon|spe|1\n|move|p2b: Low Income Family|Super Fang|p1a: Vivillon\n|-damage|p1a: Vivillon|39/100\n|\n|-heal|p1a: Vivillon|45/100|[from] item: Leftovers\n|upkeep\n|turn|10\n|\n|t:|1776726717\n|switch|p1b: Meowstic|Meowstic, L50, M|100/100\n|move|p1a: Vivillon|Protect|p1a: Vivillon\n|-singleturn|p1a: Vivillon|Protect\n|move|p2a: Furry Bait|Triple Axel|p1a: Vivillon\n|-start|p2a: Furry Bait|typechange|Ice|[from] ability: Protean\n|-activate|p1a: Vivillon|move: Protect\n|move|p2b: Low Income Family|Taunt|p1b: Meowstic\n|-start|p1b: Meowstic|move: Taunt\n|\n|-heal|p1a: Vivillon|51/100|[from] item: Leftovers\n|upkeep\n|turn|11\n|\n|t:|1776726734\n|switch|p1b: Incineroar|Incineroar, L50, F|50/100\n|-ability|p1b: Incineroar|Intimidate|boost\n|-unboost|p2a: Furry Bait|atk|1\n|-unboost|p2b: Low Income Family|atk|1\n|switch|p2b: Steel Dude|Kingambit, L50, M|98/100\n|move|p1a: Vivillon|Pollen Puff|p2a: Furry Bait\n|-damage|p2a: Furry Bait|0 fnt\n|faint|p2a: Furry Bait\n|\n|-heal|p1a: Vivillon|57/100|[from] item: Leftovers\n|upkeep\n|\n|t:|1776726744\n|switch|p2a: Water Dude|Blastoise-Mega, L50, F|100/100\n|turn|12\n|\n|t:|1776726756\n|move|p1a: Vivillon|Protect|p1a: Vivillon\n|-singleturn|p1a: Vivillon|Protect\n|move|p2a: Water Dude|Water Spout|p1a: Vivillon|[spread] p1b\n|-activate|p1a: Vivillon|move: Protect\n|-supereffective|p1b: Incineroar|1\n|-damage|p1b: Incineroar|0 fnt\n|faint|p1b: Incineroar\n|move|p2b: Steel Dude|Kowtow Cleave|p1a: Vivillon\n|-activate|p1a: Vivillon|move: Protect\n|\n|-heal|p1a: Vivillon|63/100|[from] item: Leftovers\n|upkeep\n|\n|t:|1776726761\n|switch|p1b: Meowstic|Meowstic, L50, M|100/100\n|turn|13\n|\n|t:|1776726766\n|move|p1b: Meowstic|Psych Up|p1a: Vivillon\n|-copyboost|p1b: Meowstic|p1a: Vivillon|[from] move: Psych Up\n|move|p1a: Vivillon|Pollen Puff|p2a: Water Dude\n|-damage|p2a: Water Dude|2/100\n|move|p2a: Water Dude|Water Spout|p1a: Vivillon|[spread] p1a,p1b\n|-damage|p1a: Vivillon|62/100\n|-damage|p1b: Meowstic|99/100\n|move|p2b: Steel Dude|Kowtow Cleave|p1a: Vivillon\n|-crit|p1a: Vivillon\n|-damage|p1a: Vivillon|0 fnt\n|faint|p1a: Vivillon\n|\n|upkeep\n|turn|14\n|\n|t:|1776726819\n|detailschange|p1b: Meowstic|Meowstic-M-Mega, L50, M\n|-mega|p1b: Meowstic|Meowstic|Meowsticite\n|-ability|p1b: Meowstic|Mega Launcher|Trace|[from] ability: Trace|[of] p2a: Water Dude\n|move|p1b: Meowstic|Energy Ball|p2b: Steel Dude\n|-resisted|p2b: Steel Dude|1\n|-damage|p2b: Steel Dude|33/100\n|-enditem|p2b: Steel Dude|Sitrus Berry|[eat]\n|-heal|p2b: Steel Dude|58/100|[from] item: Sitrus Berry\n|move|p2a: Water Dude|Dark Pulse|p1b: Meowstic\n|-supereffective|p1b: Meowstic|1\n|-damage|p1b: Meowstic|64/100\n|move|p2b: Steel Dude|Kowtow Cleave|p1b: Meowstic\n|-supereffective|p1b: Meowstic|1\n|-damage|p1b: Meowstic|15/100\n|\n|upkeep\n|turn|15\n|\n|t:|1776726840\n|move|p2b: Steel Dude|Sucker Punch|p1b: Meowstic\n|-supereffective|p1b: Meowstic|1\n|-damage|p1b: Meowstic|0 fnt\n|faint|p1b: Meowstic\n|\n|win|ActualJackal\n|raw|Cramorant Believer's rating: 1123 &rarr; <strong>1093</strong><br />(-30 for losing)\n|raw|ActualJackal's rating: 1057 &rarr; <strong>1094</strong><br />(+37 for winning)\n|l|\u2606Cramorant Believer\n|player|p1|\n|c|\u2606ActualJackal|Twas a noble effort\n",
  "uploadtime": 1776726858,
  "views": 6,
  "formatid": "gen9championsvgc2026regma",
  "rating": 1093,
  "private": 0,
  "password": null
}