{
  "id": "gen9championsvgc2026regma-2582432198",
  "format": "[Gen 9 Champions] VGC 2026 Reg M-A",
  "players": [
    "BassTBN98",
    "mrwheel"
  ],
  "log": "|j|\u2606BassTBN98\n|j|\u2606mrwheel\n|t:|1776091304\n|gametype|doubles\n|player|p1|BassTBN98|steven|1024\n|player|p2|mrwheel|bugcatcher-gen4dp|1075\n|gen|9\n|tier|[Gen 9 Champions] VGC 2026 Reg M-A\n|rated|\n|rule|Species Clause: Limit one of each Pok\u00e9mon\n|rule|Item Clause: Limit 1 of each item\n|clearpoke\n|poke|p1|Talonflame, L50, M|\n|poke|p1|Garchomp, L50, M|\n|poke|p1|Sneasler, L50, M|\n|poke|p1|Gardevoir, L50, F|\n|poke|p1|Sinistcha, L50|\n|poke|p1|Milotic, L50, M|\n|poke|p2|Arcanine, L50, F|\n|poke|p2|Rotom-Wash, L50|\n|poke|p2|Garchomp, L50, M|\n|poke|p2|Venusaur, L50, M|\n|poke|p2|Corviknight, L50, F|\n|poke|p2|Sableye, L50, M|\n|teampreview|4\n|\n|t:|1776091336\n|teamsize|p1|4\n|teamsize|p2|4\n|start\n|switch|p1a: B2|Talonflame, L50, M, shiny|100/100\n|switch|p1b: Sharkshank|Garchomp, L50, M|100/100\n|switch|p2a: Sableye|Sableye, L50, M|100/100\n|switch|p2b: Rotom|Rotom-Wash, L50|100/100\n|turn|1\n|\n|t:|1776091365\n|switch|p1a: Milotic|Milotic, L50, M|100/100\n|move|p2a: Sableye|Fake Out|p1a: Milotic\n|-damage|p1a: Milotic|93/100\n|move|p1b: Sharkshank|Rock Slide|p2b: Rotom|[spread] p2a\n|-miss|p1b: Sharkshank|p2b: Rotom\n|-damage|p2a: Sableye|70/100\n|move|p2b: Rotom|Volt Switch|p1a: Milotic\n|-supereffective|p1a: Milotic|1\n|-damage|p1a: Milotic|32/100\n|\n|t:|1776091377\n|switch|p2b: Venusaur|Venusaur, L50, M|100/100|[from] Volt Switch\n|\n|-heal|p1a: Milotic|38/100|[from] item: Leftovers\n|upkeep\n|turn|2\n|\n|t:|1776091393\n|switch|p1b: B2|Talonflame, L50, M, shiny|100/100\n|detailschange|p2b: Venusaur|Venusaur-Mega, L50, M\n|-mega|p2b: Venusaur|Venusaur|Venusaurite\n|move|p2b: Venusaur|Leech Seed|p1a: Milotic\n|-start|p1a: Milotic|move: Leech Seed\n|move|p1a: Milotic|Life Dew||[still]|[spread] p1a,p1b\n|-heal|p1a: Milotic|63/100\n|-fail|p1b: B2|heal\n|move|p2a: Sableye|Foul Play|p1b: B2\n|-crit|p1b: B2\n|-enditem|p1b: B2|Focus Sash\n|-damage|p1b: B2|1/100\n|\n|-heal|p1a: Milotic|69/100|[from] item: Leftovers\n|-damage|p1a: Milotic|57/100|[from] Leech Seed|[of] p2b: Venusaur\n|upkeep\n|turn|3\n|\n|t:|1776091422\n|move|p2a: Sableye|Quash|p1b: B2\n|-activate|p1b: B2|move: Quash\n|move|p2b: Venusaur|Sludge Bomb|p1b: B2\n|-damage|p1b: B2|0 fnt\n|faint|p1b: B2\n|move|p1a: Milotic|Ice Beam|p2a: Sableye\n|-damage|p2a: Sableye|43/100\n|\n|-heal|p1a: Milotic|63/100|[from] item: Leftovers\n|-damage|p1a: Milotic|50/100|[from] Leech Seed|[of] p2b: Venusaur\n|upkeep\n|\n|t:|1776091435\n|switch|p1b: Gardevoir|Gardevoir, L50, F, shiny|100/100\n|turn|4\n|\n|t:|1776091460\n|switch|p2a: Corviknight|Corviknight, L50, F|100/100\n|move|p1b: Gardevoir|Protect|p1b: Gardevoir\n|-singleturn|p1b: Gardevoir|Protect\n|move|p2b: Venusaur|Protect|p2b: Venusaur\n|-singleturn|p2b: Venusaur|Protect\n|move|p1a: Milotic|Ice Beam|p2b: Venusaur\n|-activate|p2b: Venusaur|move: Protect\n|\n|-heal|p1a: Milotic|56/100|[from] item: Leftovers\n|-damage|p1a: Milotic|44/100|[from] Leech Seed|[of] p2b: Venusaur\n|upkeep\n|turn|5\n|\n|t:|1776091491\n|switch|p2b: Rotom|Rotom-Wash, L50|100/100\n|detailschange|p1b: Gardevoir|Gardevoir-Mega, L50, F, shiny\n|-mega|p1b: Gardevoir|Gardevoir|Gardevoirite\n|move|p1b: Gardevoir|Psychic|p2a: Corviknight\n|-resisted|p2a: Corviknight|1\n|-damage|p2a: Corviknight|75/100\n|move|p1a: Milotic|Life Dew||[still]|[spread] p1a,p1b\n|-heal|p1a: Milotic|69/100\n|-fail|p1b: Gardevoir|heal\n|move|p2a: Corviknight|Tailwind|p2a: Corviknight\n|-sidestart|p2: mrwheel|move: Tailwind\n|\n|-heal|p2a: Corviknight|81/100|[from] item: Leftovers\n|-heal|p1a: Milotic|75/100|[from] item: Leftovers\n|-damage|p1a: Milotic|63/100|[from] Leech Seed|[of] p2b: Rotom\n|upkeep\n|turn|6\n|\n|t:|1776091525\n|switch|p1a: Sharkshank|Garchomp, L50, M|100/100\n|move|p1b: Gardevoir|Protect|p1b: Gardevoir\n|-singleturn|p1b: Gardevoir|Protect\n|move|p2b: Rotom|Hydro Pump|p1a: Sharkshank\n|-damage|p1a: Sharkshank|42/100\n|move|p2a: Corviknight|Brave Bird|p1a: Sharkshank\n|-damage|p1a: Sharkshank|2/100\n|-damage|p2a: Corviknight|69/100|[from] ability: Rough Skin|[of] p1a: Sharkshank\n|-damage|p2a: Corviknight|57/100|[from] Recoil\n|\n|-heal|p2a: Corviknight|63/100|[from] item: Leftovers\n|upkeep\n|turn|7\n|\n|t:|1776091554\n|switch|p2b: Sableye|Sableye, L50, M|43/100\n|move|p1a: Sharkshank|Rock Slide|p2a: Corviknight|[spread] p2a,p2b\n|-damage|p2a: Corviknight|45/100\n|-damage|p2b: Sableye|16/100\n|move|p2a: Corviknight|Brave Bird|p1a: Sharkshank\n|-damage|p1a: Sharkshank|0 fnt\n|-damage|p2a: Corviknight|33/100|[from] ability: Rough Skin|[of] p1a: Sharkshank\n|faint|p1a: Sharkshank\n|-damage|p2a: Corviknight|32/100|[from] Recoil\n|move|p1b: Gardevoir|Hyper Voice|p2a: Corviknight|[spread] p2a,p2b\n|-resisted|p2a: Corviknight|1\n|-supereffective|p2b: Sableye|1\n|-enditem|p2b: Sableye|Roseli Berry|[eat]\n|-enditem|p2b: Sableye|Roseli Berry|[weaken]\n|-damage|p2a: Corviknight|7/100\n|-damage|p2b: Sableye|0 fnt\n|faint|p2b: Sableye\n|\n|-heal|p2a: Corviknight|13/100|[from] item: Leftovers\n|upkeep\n|\n|t:|1776091589\n|switch|p1a: Milotic|Milotic, L50, M|63/100\n|switch|p2b: Venusaur|Venusaur-Mega, L50, M|100/100\n|turn|8\n|\n|t:|1776091615\n|move|p2b: Venusaur|Leech Seed|p1a: Milotic\n|-start|p1a: Milotic|move: Leech Seed\n|move|p2a: Corviknight|Iron Head|p1b: Gardevoir\n|-supereffective|p1b: Gardevoir|1\n|-damage|p1b: Gardevoir|4/100\n|move|p1b: Gardevoir|Psychic|p2b: Venusaur\n|-supereffective|p2b: Venusaur|1\n|-damage|p2b: Venusaur|0 fnt\n|faint|p2b: Venusaur\n|move|p1a: Milotic|Scald|p2a: Corviknight\n|-damage|p2a: Corviknight|0 fnt\n|faint|p2a: Corviknight\n|\n|-heal|p1a: Milotic|69/100|[from] item: Leftovers\n|-sideend|p2: mrwheel|move: Tailwind\n|upkeep\n|\n|t:|1776091630\n|switch|p2b: Rotom|Rotom-Wash, L50|100/100\n|turn|9\n|\n|t:|1776091641\n|move|p1b: Gardevoir|Protect|p1b: Gardevoir\n|-singleturn|p1b: Gardevoir|Protect\n|move|p2b: Rotom|Thunderbolt|p1b: Gardevoir\n|-activate|p1b: Gardevoir|move: Protect\n|move|p1a: Milotic|Ice Beam|p2b: Rotom\n|-resisted|p2b: Rotom|1\n|-damage|p2b: Rotom|83/100\n|\n|-heal|p1a: Milotic|74/100|[from] item: Leftovers\n|-damage|p1a: Milotic|62/100|[from] Leech Seed|[of] p2b: Rotom\n|-heal|p2b: Rotom|99/100|[silent]\n|upkeep\n|turn|10\n|\n|t:|1776091667\n|move|p2b: Rotom|Thunderbolt|p1b: Gardevoir\n|-damage|p1b: Gardevoir|0 fnt\n|faint|p1b: Gardevoir\n|move|p1a: Milotic|Scald|p2b: Rotom\n|-resisted|p2b: Rotom|1\n|-damage|p2b: Rotom|74/100\n|\n|-heal|p1a: Milotic|68/100|[from] item: Leftovers\n|-damage|p1a: Milotic|56/100|[from] Leech Seed|[of] p2b: Rotom\n|-heal|p2b: Rotom|90/100|[silent]\n|upkeep\n|turn|11\n|\n|t:|1776091683\n|move|p2b: Rotom|Thunderbolt|p1a: Milotic\n|-supereffective|p1a: Milotic|1\n|-crit|p1a: Milotic\n|-damage|p1a: Milotic|0 fnt\n|faint|p1a: Milotic\n|\n|win|mrwheel\n|raw|BassTBN98's rating: 1024 &rarr; <strong>1012</strong><br />(-12 for losing)\n|raw|mrwheel's rating: 1075 &rarr; <strong>1100</strong><br />(+25 for winning)\n",
  "uploadtime": 1776091695,
  "views": 10,
  "formatid": "gen9championsvgc2026regma",
  "rating": 1012,
  "private": 0,
  "password": null
}