{
  "id": "gen9championsvgc2026regma-2582289392",
  "format": "[Gen 9 Champions] VGC 2026 Reg M-A",
  "players": [
    "porygon-epilepz",
    "The_PaleoNerd7"
  ],
  "log": "|j|\u2606porygon-epilepz\n|j|\u2606The_PaleoNerd7\n|t:|1776080189\n|gametype|doubles\n|player|p1|porygon-epilepz|hiker-gen4|1088\n|player|p2|The_PaleoNerd7|lance|1070\n|gen|9\n|tier|[Gen 9 Champions] VGC 2026 Reg M-A\n|rated|\n|rule|Species Clause: Limit one of each Pok\u00e9mon\n|rule|Item Clause: Limit 1 of each item\n|clearpoke\n|poke|p1|Kommo-o, L50, F|\n|poke|p1|Incineroar, L50, F|\n|poke|p1|Glimmora, L50, M|\n|poke|p1|Sinistcha, L50|\n|poke|p1|Talonflame, L50, F|\n|poke|p1|Orthworm, L50, F|\n|poke|p2|Aerodactyl, L50, M|\n|poke|p2|Tyranitar, L50, M|\n|poke|p2|Garchomp, L50, F|\n|poke|p2|Tinkaton, L50, F|\n|poke|p2|Orthworm, L50, F|\n|poke|p2|Rotom-Heat, L50|\n|teampreview|4\n|inactive|Battle timer is ON: inactive players will automatically lose when time's up. (requested by The_PaleoNerd7)\n|inactive|The_PaleoNerd7 has 60 seconds left.\n|\n|t:|1776080222\n|teamsize|p1|4\n|teamsize|p2|4\n|start\n|switch|p1a: Kommo-o|Kommo-o, L50, F|100/100\n|switch|p1b: Talonflame|Talonflame, L50, F|100/100\n|switch|p2a: Aerodactyl|Aerodactyl, L50, M|100/100\n|switch|p2b: Tinkaton|Tinkaton, L50, F|100/100\n|-ability|p2a: Aerodactyl|Unnerve\n|-ability|p2b: Tinkaton|Mold Breaker\n|turn|1\n|\n|t:|1776080229\n|move|p1b: Talonflame|Quick Guard|p1b: Talonflame\n|-singleturn|p1b: Talonflame|Quick Guard\n|move|p2b: Tinkaton|Fake Out|p1b: Talonflame\n|-activate|p1b: Talonflame|move: Quick Guard\n|move|p2a: Aerodactyl|Rock Slide|p1a: Kommo-o|[spread] p1a,p1b\n|-resisted|p1a: Kommo-o|1\n|-supereffective|p1b: Talonflame|2\n|-damage|p1a: Kommo-o|90/100\n|-enditem|p1b: Talonflame|Focus Sash\n|-damage|p1b: Talonflame|1/100\n|move|p1a: Kommo-o|Clangorous Soul|p1a: Kommo-o\n|-boost|p1a: Kommo-o|atk|1\n|-boost|p1a: Kommo-o|def|1\n|-boost|p1a: Kommo-o|spa|1\n|-boost|p1a: Kommo-o|spd|1\n|-boost|p1a: Kommo-o|spe|1\n|-damage|p1a: Kommo-o|57/100\n|\n|-heal|p1a: Kommo-o|64/100|[from] item: Leftovers\n|upkeep\n|turn|2\n|\n|t:|1776080253\n|switch|p1b: Sinistcha|Sinistcha, L50|100/100\n|-heal|p1a: Kommo-o|89/100|[from] ability: Hospitality|[of] p1b: Sinistcha\n|move|p1a: Kommo-o|Protect|p1a: Kommo-o\n|-singleturn|p1a: Kommo-o|Protect\n|move|p2a: Aerodactyl|Tailwind|p2a: Aerodactyl\n|-sidestart|p2: The_PaleoNerd7|move: Tailwind\n|move|p2b: Tinkaton|Encore|p1a: Kommo-o\n|-activate|p1a: Kommo-o|move: Protect\n|\n|-heal|p1a: Kommo-o|95/100|[from] item: Leftovers\n|upkeep\n|turn|3\n|inactive|The_PaleoNerd7 has 30 seconds left.\n|\n|t:|1776080281\n|move|p1b: Sinistcha|Rage Powder|p1b: Sinistcha\n|-singleturn|p1b: Sinistcha|move: Rage Powder\n|move|p2a: Aerodactyl|Dual Wingbeat|p1b: Sinistcha\n|-supereffective|p1b: Sinistcha|1\n|-damage|p1b: Sinistcha|70/100\n|-supereffective|p1b: Sinistcha|1\n|-damage|p1b: Sinistcha|36/100\n|-hitcount|p1b: Sinistcha|2\n|move|p2b: Tinkaton|Play Rough|p1b: Sinistcha\n|-damage|p1b: Sinistcha|9/100\n|move|p1a: Kommo-o|Aura Sphere|p2b: Tinkaton\n|-damage|p2b: Tinkaton|50/100\n|\n|-heal|p1a: Kommo-o|100/100|[from] item: Leftovers\n|upkeep\n|turn|4\n|\n|t:|1776080293\n|move|p2a: Aerodactyl|Rock Slide|p1b: Sinistcha|[spread] p1a,p1b\n|-resisted|p1a: Kommo-o|1\n|-damage|p1a: Kommo-o|93/100\n|-damage|p1b: Sinistcha|0 fnt\n|faint|p1b: Sinistcha\n|move|p2b: Tinkaton|Play Rough|p1a: Kommo-o\n|-supereffective|p1a: Kommo-o|2\n|-damage|p1a: Kommo-o|16/100\n|cant|p1a: Kommo-o|flinch\n|\n|-heal|p1a: Kommo-o|22/100|[from] item: Leftovers\n|upkeep\n|\n|t:|1776080300\n|switch|p1b: Glimmora|Glimmora, L50, M|100/100\n|turn|5\n|\n|t:|1776080308\n|move|p1a: Kommo-o|Protect|p1a: Kommo-o\n|-singleturn|p1a: Kommo-o|Protect\n|move|p1b: Glimmora|Spiky Shield|p1b: Glimmora\n|-singleturn|p1b: Glimmora|move: Protect\n|move|p2a: Aerodactyl|Dual Wingbeat|p1a: Kommo-o\n|-activate|p1a: Kommo-o|move: Protect\n|move|p2b: Tinkaton|Gigaton Hammer|p1b: Glimmora\n|-activate|p1b: Glimmora|move: Protect\n|\n|-heal|p1a: Kommo-o|28/100|[from] item: Leftovers\n|-sideend|p2: The_PaleoNerd7|move: Tailwind\n|upkeep\n|turn|6\n|\n|t:|1776080318\n|detailschange|p1b: Glimmora|Glimmora-Mega, L50, M\n|-mega|p1b: Glimmora|Glimmora|Glimmoranite\n|move|p2a: Aerodactyl|Tailwind|p2a: Aerodactyl\n|-sidestart|p2: The_PaleoNerd7|move: Tailwind\n|move|p2b: Tinkaton|Play Rough|p1a: Kommo-o\n|-supereffective|p1a: Kommo-o|2\n|-damage|p1a: Kommo-o|0 fnt\n|faint|p1a: Kommo-o\n|move|p1b: Glimmora|Earth Power|p2b: Tinkaton\n|-supereffective|p2b: Tinkaton|1\n|-enditem|p2b: Tinkaton|Shuca Berry|[eat]\n|-enditem|p2b: Tinkaton|Shuca Berry|[weaken]\n|-damage|p2b: Tinkaton|16/100\n|\n|upkeep\n|\n|t:|1776080324\n|switch|p1a: Talonflame|Talonflame, L50, F|1/100\n|turn|7\n|-message|porygon-epilepz forfeited.\n|\n|win|The_PaleoNerd7\n|raw|porygon-epilepz's rating: 1088 &rarr; <strong>1064</strong><br />(-24 for losing)\n|raw|The_PaleoNerd7's rating: 1070 &rarr; <strong>1101</strong><br />(+31 for winning)\n",
  "uploadtime": 1776080192,
  "views": 12,
  "formatid": "gen9championsvgc2026regma",
  "rating": 1064,
  "private": 0,
  "password": null
}