{
  "id": "gen9championsvgc2026regma-2583340645",
  "format": "[Gen 9 Champions] VGC 2026 Reg M-A",
  "players": [
    "fazzorsen",
    "jollyhex_8"
  ],
  "log": "|j|\u2606fazzorsen\n|j|\u2606jollyhex_8\n|t:|1776168421\n|gametype|doubles\n|player|p1|fazzorsen|baker|1081\n|player|p2|jollyhex_8|hilbert|1017\n|gen|9\n|tier|[Gen 9 Champions] VGC 2026 Reg M-A\n|rated|\n|rule|Species Clause: Limit one of each Pok\u00e9mon\n|rule|Item Clause: Limit 1 of each item\n|clearpoke\n|poke|p1|Delphox, L50, M|\n|poke|p1|Basculegion, L50, M|\n|poke|p1|Clefable, L50, M|\n|poke|p1|Kingambit, L50, F|\n|poke|p1|Sneasler, L50, F|\n|poke|p1|Dragonite, L50, F|\n|poke|p2|Froslass, L50, F|\n|poke|p2|Rotom-Frost, L50|\n|poke|p2|Garchomp, L50, F|\n|poke|p2|Incineroar, L50, F|\n|poke|p2|Empoleon, L50, F|\n|poke|p2|Kingambit, L50, M|\n|teampreview|4\njollyhex_8 has agreed to open team sheets.\nfazzorsen has agreed to open team sheets.\n|showteam|p1|Delphox||Delphoxite|Blaze|HeatWave,Psychic,Substitute,Protect|||M|||50|]Basculegion||ChoiceScarf|Adaptability|WaveCrash,LastRespects,AquaJet,FlipTurn|||M|||50|]Clefable||SitrusBerry|Unaware|Moonblast,FollowMe,HelpingHand,Protect|||M|||50|]Kingambit||BlackGlasses|Defiant|KowtowCleave,SuckerPunch,SwordsDance,Protect|||F|||50|]Sneasler||FocusSash|Unburden|CloseCombat,DireClaw,FakeOut,Protect|||F|||50|]Dragonite||LumBerry|Multiscale|ScaleShot,ExtremeSpeed,Haze,Protect|||F|||50|\n|showteam|p2|Froslass||Froslassite|SnowCloak|Blizzard,ShadowBall,AuroraVeil,Protect|||F|||50|]Rotom-Frost||ChoiceScarf|Levitate|Blizzard,Thunderbolt,VoltSwitch,Electroweb||||||50|]Garchomp||WhiteHerb|RoughSkin|Earthquake,DragonClaw,RockSlide,Protect|||F|||50|]Incineroar||SitrusBerry|Intimidate|FakeOut,FlareBlitz,DarkestLariat,PartingShot|||F|||50|]Empoleon||Leftovers|Competitive|WaterPulse,FlashCannon,Roar,Protect|||F|||50|]Kingambit||FocusSash|Defiant|SuckerPunch,IronHead,LowKick,Protect|||M|||50|\n|inactive|Battle timer is ON: inactive players will automatically lose when time's up. (requested by fazzorsen)\n|inactive|fazzorsen has 60 seconds left.\n|\n|t:|1776168462\n|teamsize|p1|4\n|teamsize|p2|4\n|start\n|switch|p1a: Delphox|Delphox, L50, M|100/100\n|switch|p1b: Basculegion|Basculegion, L50, M|100/100\n|switch|p2a: Froslass|Froslass, L50, F|100/100\n|switch|p2b: Rotom|Rotom-Frost, L50|100/100\n|turn|1\n|inactive|fazzorsen has 30 seconds left.\n|inactive|jollyhex_8 has 30 seconds left.\n|inactive|fazzorsen has 20 seconds left.\n|inactive|jollyhex_8 has 20 seconds left.\n|\n|t:|1776168500\n|detailschange|p2a: Froslass|Froslass-Mega, L50, F\n|-mega|p2a: Froslass|Froslass|Froslassite\n|-weather|Snowscape|[from] ability: Snow Warning|[of] p2a: Froslass\n|detailschange|p1a: Delphox|Delphox-Mega, L50, M\n|-mega|p1a: Delphox|Delphox|Delphoxite\n|move|p2a: Froslass|Protect|p2a: Froslass\n|-singleturn|p2a: Froslass|Protect\n|move|p2b: Rotom|Electroweb|p1a: Delphox|[spread] p1a\n|-miss|p2b: Rotom|p1b: Basculegion\n|-damage|p1a: Delphox|82/100\n|-unboost|p1a: Delphox|spe|1\n|move|p1b: Basculegion|Flip Turn|p2a: Froslass\n|-activate|p2a: Froslass|move: Protect\n|move|p1a: Delphox|Heat Wave|p2a: Froslass|[spread] \n|-activate|p2a: Froslass|move: Protect\n|-miss|p1a: Delphox|p2b: Rotom\n|\n|-weather|Snowscape|[upkeep]\n|upkeep\n|turn|2\n|inactive|fazzorsen has 30 seconds left.\n|inactive|jollyhex_8 has 30 seconds left.\n|\n|t:|1776168534\n|move|p2b: Rotom|Electroweb|p1b: Basculegion|[spread] p1a,p1b\n|-supereffective|p1b: Basculegion|1\n|-damage|p1a: Delphox|61/100\n|-damage|p1b: Basculegion|55/100\n|-unboost|p1a: Delphox|spe|1\n|-unboost|p1b: Basculegion|spe|1\n|move|p2a: Froslass|Shadow Ball|p1a: Delphox\n|-supereffective|p1a: Delphox|1\n|-damage|p1a: Delphox|0 fnt\n|faint|p1a: Delphox\n|move|p1b: Basculegion|Flip Turn|p2b: Rotom\n|-damage|p2b: Rotom|66/100\n|\n|t:|1776168548\n|switch|p1b: Sneasler|Sneasler, L50, F|100/100|[from] Flip Turn\n|\n|-weather|Snowscape|[upkeep]\n|upkeep\n|\n|t:|1776168552\n|switch|p1a: Kingambit|Kingambit, L50, F|100/100\n|turn|3\n|\n|t:|1776168565\n|move|p2a: Froslass|Protect|p2a: Froslass\n|-singleturn|p2a: Froslass|Protect\n|move|p1b: Sneasler|Fake Out|p2b: Rotom\n|-crit|p2b: Rotom\n|-damage|p2b: Rotom|47/100\n|cant|p2b: Rotom|flinch\n|move|p1a: Kingambit|Swords Dance|p1a: Kingambit\n|-boost|p1a: Kingambit|atk|2\n|\n|-weather|Snowscape|[upkeep]\n|upkeep\n|turn|4\n|\n|t:|1776168589\n|move|p1a: Kingambit|Sucker Punch||[still]\n|-fail|p1a: Kingambit\n|move|p2b: Rotom|Electroweb|p1b: Sneasler|[spread] p1a,p1b\n|-crit|p1a: Kingambit\n|-damage|p1a: Kingambit|72/100\n|-damage|p1b: Sneasler|73/100\n|-unboost|p1a: Kingambit|spe|1\n|-ability|p1a: Kingambit|Defiant|boost\n|-boost|p1a: Kingambit|atk|2\n|-unboost|p1b: Sneasler|spe|1\n|move|p2a: Froslass|Aurora Veil|p2a: Froslass\n|-sidestart|p2: jollyhex_8|move: Aurora Veil\n|move|p1b: Sneasler|Close Combat|p2b: Rotom\n|-supereffective|p2b: Rotom|1\n|-damage|p2b: Rotom|0 fnt\n|-unboost|p1b: Sneasler|def|1\n|-unboost|p1b: Sneasler|spd|1\n|faint|p2b: Rotom\n|\n|-weather|Snowscape|[upkeep]\n|upkeep\n|c|\u2606jollyhex_8|gulp\n|inactive|jollyhex_8 has 30 seconds left.\n|\n|t:|1776168617\n|switch|p2b: Kingambit|Kingambit, L50, M|100/100\n|turn|5\n|inactive|fazzorsen has 30 seconds left.\n|inactive|fazzorsen has 20 seconds left.\n|\n|t:|1776168654\n|move|p2a: Froslass|Protect|p2a: Froslass\n|-singleturn|p2a: Froslass|Protect\n|move|p1b: Sneasler|Protect|p1b: Sneasler\n|-singleturn|p1b: Sneasler|Protect\n|move|p1a: Kingambit|Sucker Punch||[still]\n|-fail|p1a: Kingambit\n|move|p2b: Kingambit|Low Kick|p1a: Kingambit\n|-supereffective|p1a: Kingambit|2\n|-damage|p1a: Kingambit|0 fnt\n|faint|p1a: Kingambit\n|\n|-weather|none\n|upkeep\n|\n|t:|1776168662\n|switch|p1a: Basculegion|Basculegion, L50, M|55/100\n|turn|6\n|\n|t:|1776168683\n|move|p2b: Kingambit|Sucker Punch|p1a: Basculegion\n|-supereffective|p1a: Basculegion|1\n|-damage|p1a: Basculegion|0 fnt\n|faint|p1a: Basculegion\n|move|p2a: Froslass|Shadow Ball|p1b: Sneasler\n|-damage|p1b: Sneasler|0 fnt\n|faint|p1b: Sneasler\n|\n|win|jollyhex_8\n|raw|fazzorsen's rating: 1081 &rarr; <strong>1055</strong><br />(-26 for losing)\n|raw|jollyhex_8's rating: 1017 &rarr; <strong>1061</strong><br />(+44 for winning)\n|l|\u2606fazzorsen\n|player|p1|\n",
  "uploadtime": 1776168692,
  "views": 16,
  "formatid": "gen9championsvgc2026regma",
  "rating": 1055,
  "private": 0,
  "password": null
}