{
  "id": "gen9championsvgc2026regma-2582836464",
  "format": "[Gen 9 Champions] VGC 2026 Reg M-A",
  "players": [
    "eloydlca",
    "Therealmyan"
  ],
  "log": "|j|\u2606eloydlca\n|j|\u2606Therealmyan\n|t:|1776117872\n|gametype|doubles\n|player|p1|eloydlca|169|1074\n|player|p2|Therealmyan|miku-grass|1045\n|gen|9\n|tier|[Gen 9 Champions] VGC 2026 Reg M-A\n|rated|\n|rule|Species Clause: Limit one of each Pok\u00e9mon\n|rule|Item Clause: Limit 1 of each item\n|clearpoke\n|poke|p1|Floette-Eternal, L50, F|\n|poke|p1|Orthworm, L50, M|\n|poke|p1|Oranguru, L50, F|\n|poke|p1|Incineroar, L50, M|\n|poke|p1|Garchomp, L50, F|\n|poke|p1|Sinistcha, L50|\n|poke|p2|Pelipper, L50, M|\n|poke|p2|Basculegion, L50, M|\n|poke|p2|Sneasler, L50, M|\n|poke|p2|Incineroar, L50, M|\n|poke|p2|Meganium, L50, M|\n|poke|p2|Archaludon, L50, M|\n|teampreview|4\nTherealmyan has agreed to open team sheets.\n|inactive|Battle timer is ON: inactive players will automatically lose when time's up. (requested by eloydlca)\n|\n|t:|1776117933\n|teamsize|p1|4\n|teamsize|p2|4\n|start\n|switch|p1a: Orthworm|Orthworm, L50, M|100/100\n|switch|p1b: Incineroar|Incineroar, L50, M|100/100\n|switch|p2a: Archaludon|Archaludon, L50, M|100/100\n|switch|p2b: Pelipper|Pelipper, L50, M|100/100\n|-weather|RainDance|[from] ability: Drizzle|[of] p2b: Pelipper\n|-ability|p1b: Incineroar|Intimidate|boost\n|-unboost|p2a: Archaludon|atk|1\n|-unboost|p2b: Pelipper|atk|1\n|turn|1\n|inactive|eloydlca has 30 seconds left.\n|inactive|Therealmyan has 30 seconds left.\n|inactive|Therealmyan has 20 seconds left.\n|inactive|Therealmyan has 15 seconds left.\n|\n|t:|1776117975\n|move|p2a: Archaludon|Protect|p2a: Archaludon\n|-singleturn|p2a: Archaludon|Protect\n|move|p1b: Incineroar|Fake Out|p2a: Archaludon\n|-activate|p2a: Archaludon|move: Protect\n|move|p2b: Pelipper|Weather Ball|p1a: Orthworm\n|-damage|p1a: Orthworm|34/100\n|-enditem|p1a: Orthworm|Sitrus Berry|[eat]\n|-heal|p1a: Orthworm|59/100|[from] item: Sitrus Berry\n|move|p1a: Orthworm|Shed Tail|p1a: Orthworm\n|-start|p1a: Orthworm|Substitute|[from] move: Shed Tail\n|-damage|p1a: Orthworm|8/100\n|\n|t:|1776117987\n|switch|p1a: Floette|Floette-Eternal, L50, F|100/100|[from] Shed Tail\n|\n|-weather|RainDance|[upkeep]\n|upkeep\n|turn|2\n|inactive|Therealmyan has 30 seconds left.\n|\n|t:|1776118016\n|switch|p2b: Incineroar|Incineroar, L50, M, shiny|100/100\n|-ability|p2b: Incineroar|Intimidate|boost\n|-immune|p1a: Floette\n|-unboost|p1b: Incineroar|atk|1\n|move|p1a: Floette|Calm Mind|p1a: Floette\n|-boost|p1a: Floette|spa|1\n|-boost|p1a: Floette|spd|1\n|move|p2a: Archaludon|Flash Cannon|p1a: Floette\n|-supereffective|p1a: Floette|1\n|-end|p1a: Floette|Substitute\n|move|p1b: Incineroar|Parting Shot|p2a: Archaludon\n|-unboost|p2a: Archaludon|atk|1\n|-unboost|p2a: Archaludon|spa|1\n|\n|t:|1776118030\n|switch|p1b: Oranguru|Oranguru, L50, F|100/100|[from] Parting Shot\n|\n|-weather|RainDance|[upkeep]\n|upkeep\n|turn|3\n|inactive|Therealmyan has 30 seconds left.\n|\n|t:|1776118063\n|detailschange|p1a: Floette|Floette-Mega, L50, F\n|-mega|p1a: Floette|Floette|Floettite\n|-ability|p1a: Floette|Fairy Aura\n|move|p1a: Floette|Protect|p1a: Floette\n|-singleturn|p1a: Floette|Protect\n|move|p2a: Archaludon|Protect|p2a: Archaludon\n|-singleturn|p2a: Archaludon|Protect\n|move|p1b: Oranguru|Protect|p1b: Oranguru\n|-singleturn|p1b: Oranguru|Protect\n|move|p2b: Incineroar|Fake Out|p1a: Floette\n|-activate|p1a: Floette|move: Protect\n|\n|-weather|RainDance|[upkeep]\n|upkeep\n|turn|4\n|inactive|Therealmyan has 30 seconds left.\n|\n|t:|1776118089\n|switch|p2b: Pelipper|Pelipper, L50, M|100/100\n|move|p1a: Floette|Dazzling Gleam|p2a: Archaludon|[spread] p2a,p2b\n|-damage|p2a: Archaludon|29/100\n|-damage|p2b: Pelipper|4/100\n|-ability|p2a: Archaludon|Stamina|boost\n|-boost|p2a: Archaludon|def|1\n|move|p2a: Archaludon|Flash Cannon|p1a: Floette\n|-supereffective|p1a: Floette|1\n|-damage|p1a: Floette|69/100\n|move|p1b: Oranguru|Instruct|p1a: Floette\n|-singleturn|p1a: Floette|move: Instruct|[of] p1b: Oranguru\n|move|p1a: Floette|Dazzling Gleam|p2b: Pelipper|[spread] p2a,p2b\n|-damage|p2a: Archaludon|0 fnt\n|-damage|p2b: Pelipper|0 fnt\n|faint|p2a: Archaludon\n|faint|p2b: Pelipper\n|\n|-weather|RainDance|[upkeep]\n|upkeep\n|inactive|Therealmyan has 30 seconds left.\n|\n|t:|1776118122\n|switch|p2a: Incineroar|Incineroar, L50, M, shiny|100/100\n|switch|p2b: Meganium|Meganium, L50, M|100/100\n|-ability|p2a: Incineroar|Intimidate|boost\n|-unboost|p1a: Floette|atk|1\n|-fail|p1b: Oranguru|unboost|Attack|[from] ability: Inner Focus|[of] p1b: Oranguru\n|turn|5\n|\n|t:|1776118133\n|detailschange|p2b: Meganium|Meganium-Mega, L50, M\n|-mega|p2b: Meganium|Meganium|Meganiumite\n|move|p1a: Floette|Protect|p1a: Floette\n|-singleturn|p1a: Floette|Protect\n|move|p2b: Meganium|Protect|p2b: Meganium\n|-singleturn|p2b: Meganium|Protect\n|move|p1b: Oranguru|Protect|p1b: Oranguru\n|-singleturn|p1b: Oranguru|Protect\n|move|p2a: Incineroar|Darkest Lariat|p1b: Oranguru\n|-activate|p1b: Oranguru|move: Protect\n|\n|-weather|none\n|upkeep\n|turn|6\n|inactive|Therealmyan has 30 seconds left.\n|inactive|Therealmyan has 20 seconds left.\n|inactive|Therealmyan has 15 seconds left.\n|\n|t:|1776118176\n|move|p1a: Floette|Dazzling Gleam|p2b: Meganium|[spread] p2a,p2b\n|-crit|p2a: Incineroar\n|-damage|p2a: Incineroar|1/100\n|-damage|p2b: Meganium|39/100\n|move|p2b: Meganium|Energy Ball|p1a: Floette\n|-damage|p1a: Floette|46/100\n|move|p2a: Incineroar|Darkest Lariat|p1b: Oranguru\n|-supereffective|p1b: Oranguru|1\n|-damage|p1b: Oranguru|26/100\n|move|p1b: Oranguru|Instruct|p1a: Floette\n|-singleturn|p1a: Floette|move: Instruct|[of] p1b: Oranguru\n|move|p1a: Floette|Dazzling Gleam|p2a: Incineroar|[spread] p2a,p2b\n|-damage|p2a: Incineroar|0 fnt\n|-damage|p2b: Meganium|0 fnt\n|faint|p2a: Incineroar\n|faint|p2b: Meganium\n|\n|win|eloydlca\n|raw|eloydlca's rating: 1074 &rarr; <strong>1100</strong><br />(+26 for winning)\n|raw|Therealmyan's rating: 1045 &rarr; <strong>1030</strong><br />(-15 for losing)\n",
  "uploadtime": 1776118188,
  "views": 19,
  "formatid": "gen9championsvgc2026regma",
  "rating": 1030,
  "private": 0,
  "password": null
}