{
  "id": "gen9championsvgc2026regma-2584185660",
  "format": "[Gen 9 Champions] VGC 2026 Reg M-A",
  "players": [
    "jainahilda",
    "Thiiara."
  ],
  "log": "|j|\u2606jainahilda\n|j|\u2606Thiiara.\n|t:|1776235655\n|gametype|doubles\n|player|p1|jainahilda|hilda-wonderlauncher|1040\n|player|p2|Thiiara.|swimmerf-gen4|1085\n|gen|9\n|tier|[Gen 9 Champions] VGC 2026 Reg M-A\n|rated|\n|rule|Species Clause: Limit one of each Pok\u00e9mon\n|rule|Item Clause: Limit 1 of each item\n|clearpoke\n|poke|p1|Sneasler, L50, M|\n|poke|p1|Froslass, L50, F|\n|poke|p1|Sylveon, L50, F|\n|poke|p1|Sinistcha-Masterpiece, L50|\n|poke|p1|Palafin, L50, M|\n|poke|p1|Incineroar, L50, F|\n|poke|p2|Charizard, L50, F|\n|poke|p2|Sneasler, L50, F|\n|poke|p2|Dragapult, L50, F|\n|poke|p2|Kingambit, L50, M|\n|poke|p2|Garchomp, L50, F|\n|poke|p2|Maushold-Four, L50|\n|teampreview|4\n|\n|t:|1776235687\n|teamsize|p1|4\n|teamsize|p2|4\n|start\n|switch|p1a: Naoya|Sneasler, L50, M|100/100\n|switch|p1b: Palafin|Palafin, L50, M|100/100\n|switch|p2a: Sneasler|Sneasler, L50, F|100/100\n|switch|p2b: Garchomp|Garchomp, L50, F|100/100\n|turn|1\n|\n|t:|1776235714\n|move|p2a: Sneasler|Fake Out|p1a: Naoya\n|-damage|p1a: Naoya|78/100\n|cant|p1a: Naoya|flinch\n|move|p2b: Garchomp|Stomping Tantrum|p1a: Naoya\n|-supereffective|p1a: Naoya|1\n|-damage|p1a: Naoya|0 fnt\n|faint|p1a: Naoya\n|move|p1b: Palafin|Flip Turn|p2a: Sneasler\n|-damage|p2a: Sneasler|52/100\n|\n|t:|1776235726\n|detailschange|p1b: Palafin|Palafin-Hero, L50, M\n|switch|p1b: Tengen|Froslass, L50, F|100/100|[from] Flip Turn\n|\n|upkeep\n|\n|t:|1776235729\n|switch|p1a: Inumaki|Sylveon, L50, F|100/100\n|turn|2\n|\n|t:|1776235738\n|switch|p2b: Charizard|Charizard, L50, F, shiny|100/100\n|detailschange|p1b: Tengen|Froslass-Mega, L50, F\n|-mega|p1b: Tengen|Froslass|Froslassite\n|-weather|Snowscape|[from] ability: Snow Warning|[of] p1b: Tengen\n|move|p2a: Sneasler|Poison Jab|p1a: Inumaki\n|-supereffective|p1a: Inumaki|1\n|-damage|p1a: Inumaki|0 fnt\n|faint|p1a: Inumaki\n|move|p1b: Tengen|Aurora Veil|p1b: Tengen\n|-sidestart|p1: jainahilda|move: Aurora Veil\n|\n|-weather|Snowscape|[upkeep]\n|upkeep\n|\n|t:|1776235748\n|switch|p1a: Palafin|Palafin-Hero, L50, M|100/100\n|-activate|p1a: Palafin|ability: Zero to Hero\n|turn|3\n|\n|t:|1776235768\n|detailschange|p2b: Charizard|Charizard-Mega-Y, L50, F, shiny\n|-mega|p2b: Charizard|Charizard|Charizardite Y\n|-weather|SunnyDay|[from] ability: Drought|[of] p2b: Charizard\n|move|p2a: Sneasler|Feint|p1b: Tengen\n|-immune|p1b: Tengen\n|move|p1a: Palafin|Jet Punch|p2b: Charizard\n|-supereffective|p2b: Charizard|1\n|-damage|p2b: Charizard|41/100\n|move|p1b: Tengen|Shadow Ball|p2a: Sneasler\n|-damage|p2a: Sneasler|0 fnt\n|faint|p2a: Sneasler\n|move|p2b: Charizard|Heat Wave|p1b: Tengen|[spread] p1a,p1b\n|-resisted|p1a: Palafin|1\n|-supereffective|p1b: Tengen|1\n|-damage|p1a: Palafin|81/100\n|-damage|p1b: Tengen|10/100\n|-status|p1a: Palafin|brn\n|\n|-weather|SunnyDay|[upkeep]\n|-damage|p1a: Palafin|75/100 brn|[from] brn\n|upkeep\n|\n|t:|1776235789\n|switch|p2a: Dragapult|Dragapult, L50, F, shiny|100/100\n|turn|4\n|\n|t:|1776235808\n|move|p1a: Palafin|Jet Punch|p2b: Charizard\n|-supereffective|p2b: Charizard|1\n|-damage|p2b: Charizard|10/100\n|move|p2a: Dragapult|Psychic Fangs|p1a: Palafin\n|-sideend|p1: jainahilda|move: Aurora Veil\n|-damage|p1a: Palafin|54/100 brn\n|move|p1b: Tengen|Shadow Ball|p2a: Dragapult\n|-supereffective|p2a: Dragapult|1\n|-damage|p2a: Dragapult|0 fnt\n|faint|p2a: Dragapult\n|move|p2b: Charizard|Heat Wave|p1b: Tengen|[spread] p1a\n|-miss|p2b: Charizard|p1b: Tengen\n|-resisted|p1a: Palafin|1\n|-damage|p1a: Palafin|22/100 brn\n|\n|-weather|SunnyDay|[upkeep]\n|-damage|p1a: Palafin|17/100 brn|[from] brn\n|upkeep\n|\n|t:|1776235817\n|switch|p2a: Garchomp|Garchomp, L50, F|100/100\n|turn|5\n|\n|t:|1776235829\n|move|p1a: Palafin|Jet Punch|p2a: Garchomp\n|-damage|p2a: Garchomp|89/100\n|-damage|p1a: Palafin|4/100 brn|[from] ability: Rough Skin|[of] p2a: Garchomp\n|move|p2a: Garchomp|Rock Slide|p1a: Palafin|[spread] p1a\n|-miss|p2a: Garchomp|p1b: Tengen\n|-damage|p1a: Palafin|0 fnt\n|faint|p1a: Palafin\n|move|p1b: Tengen|Blizzard|p2b: Charizard|[spread] p2a,p2b\n|-supereffective|p2a: Garchomp|2\n|-damage|p2a: Garchomp|0 fnt\n|-damage|p2b: Charizard|0 fnt\n|faint|p2a: Garchomp\n|faint|p2b: Charizard\n|\n|win|jainahilda\n|raw|jainahilda's rating: 1040 &rarr; <strong>1078</strong><br />(+38 for winning)\n|raw|Thiiara.'s rating: 1085 &rarr; <strong>1059</strong><br />(-26 for losing)\n|l|\u2606Thiiara.\n|player|p2|\n",
  "uploadtime": 1776235857,
  "views": 30,
  "formatid": "gen9championsvgc2026regma",
  "rating": 1059,
  "private": 0,
  "password": null
}