{
  "id": "gen9championsvgc2026regma-2582517640",
  "format": "[Gen 9 Champions] VGC 2026 Reg M-A",
  "players": [
    "lethalpoet",
    "battle sim trainer"
  ],
  "log": "|j|\u2606lethalpoet\n|j|\u2606battle sim trainer\n|t:|1776096762\n|gametype|doubles\n|player|p1|lethalpoet|169|1041\n|player|p2|battle sim trainer|turo|1094\n|gen|9\n|tier|[Gen 9 Champions] VGC 2026 Reg M-A\n|rated|\n|rule|Species Clause: Limit one of each Pok\u00e9mon\n|rule|Item Clause: Limit 1 of each item\n|clearpoke\n|poke|p1|Beedrill, L50, F|\n|poke|p1|Maushold-Four, L50|\n|poke|p1|Pelipper, L50, M|\n|poke|p1|Meowscarada, L50, F|\n|poke|p1|Floette-Eternal, L50, F|\n|poke|p1|Incineroar, L50, F|\n|poke|p2|Gallade, L50, M|\n|poke|p2|Torkoal, L50, F|\n|poke|p2|Crabominable, L50, M|\n|poke|p2|Farigiraf, L50, F|\n|poke|p2|Kangaskhan, L50, F|\n|poke|p2|Sinistcha-Masterpiece, L50|\n|teampreview|4\n|inactive|Battle timer is ON: inactive players will automatically lose when time's up. (requested by battle sim trainer)\n|\n|t:|1776096795\n|teamsize|p1|4\n|teamsize|p2|4\n|start\n|switch|p1a: Beedrill|Beedrill, L50, F|100/100\n|switch|p1b: Maushold|Maushold-Four, L50|100/100\n|switch|p2a: Farigiraf|Farigiraf, L50, F|100/100\n|switch|p2b: Sinistcha|Sinistcha-Masterpiece, L50|100/100\n|turn|1\n|inactive|lethalpoet has 30 seconds left.\n|\n|t:|1776096825\n|switch|p1b: Pelipper|Pelipper, L50, M|100/100\n|-weather|RainDance|[from] ability: Drizzle|[of] p1b: Pelipper\n|detailschange|p1a: Beedrill|Beedrill-Mega, L50, F\n|-mega|p1a: Beedrill|Beedrill|Beedrillite\n|move|p2b: Sinistcha|Rage Powder|p2b: Sinistcha\n|-singleturn|p2b: Sinistcha|move: Rage Powder\n|move|p1a: Beedrill|X-Scissor|p2b: Sinistcha\n|-damage|p2b: Sinistcha|49/100\n|move|p2a: Farigiraf|Trick Room|p2a: Farigiraf\n|-fieldstart|move: Trick Room|[of] p2a: Farigiraf\n|\n|-weather|RainDance|[upkeep]\n|upkeep\n|turn|2\n|inactive|lethalpoet has 30 seconds left.\n|inactive|lethalpoet has 20 seconds left.\n|inactive|lethalpoet has 15 seconds left.\n|\n|t:|1776096868\n|switch|p1b: Maushold|Maushold-Four, L50|100/100\n|move|p2b: Sinistcha|Rage Powder|p2b: Sinistcha\n|-singleturn|p2b: Sinistcha|move: Rage Powder\n|move|p2a: Farigiraf|Nasty Plot|p2a: Farigiraf\n|-boost|p2a: Farigiraf|spa|2\n|move|p1a: Beedrill|X-Scissor|p2b: Sinistcha\n|-damage|p2b: Sinistcha|0 fnt\n|faint|p2b: Sinistcha\n|\n|-weather|RainDance|[upkeep]\n|upkeep\n|\n|t:|1776096877\n|switch|p2b: Crabominable|Crabominable, L50, M|100/100\n|turn|3\n|\n|t:|1776096902\n|detailschange|p2b: Crabominable|Crabominable-Mega, L50, M\n|-mega|p2b: Crabominable|Crabominable|Crabominite\n|move|p1b: Maushold|Protect|p1b: Maushold\n|-singleturn|p1b: Maushold|Protect\n|move|p1a: Beedrill|Protect|p1a: Beedrill\n|-singleturn|p1a: Beedrill|Protect\n|move|p2b: Crabominable|Drain Punch|p1b: Maushold\n|-activate|p1b: Maushold|move: Protect\n|move|p2a: Farigiraf|Hyper Voice|p1a: Beedrill|[spread] \n|-activate|p1a: Beedrill|move: Protect\n|-activate|p1b: Maushold|move: Protect\n|\n|-weather|RainDance|[upkeep]\n|upkeep\n|turn|4\n|inactive|lethalpoet has 30 seconds left.\n|inactive|lethalpoet has 20 seconds left.\n|inactive|lethalpoet has 15 seconds left.\n|\n|t:|1776096944\n|move|p1b: Maushold|Follow Me|p1b: Maushold\n|-singleturn|p1b: Maushold|move: Follow Me\n|move|p2b: Crabominable|Drain Punch|p1b: Maushold\n|-supereffective|p1b: Maushold|1\n|-damage|p1b: Maushold|0 fnt\n|faint|p1b: Maushold\n|move|p2a: Farigiraf|Hyper Voice|p1a: Beedrill\n|-damage|p1a: Beedrill|3/100\n|move|p1a: Beedrill|X-Scissor|p2a: Farigiraf\n|-supereffective|p2a: Farigiraf|1\n|-damage|p2a: Farigiraf|0 fnt\n|faint|p2a: Farigiraf\n|\n|-weather|RainDance|[upkeep]\n|upkeep\n|\n|t:|1776096956\n|switch|p2a: Torkoal|Torkoal, L50, F|100/100\n|switch|p1b: Pelipper|Pelipper, L50, M|100/100\n|-weather|SunnyDay|[from] ability: Drought|[of] p2a: Torkoal\n|-weather|RainDance|[from] ability: Drizzle|[of] p1b: Pelipper\n|turn|5\n|\n|t:|1776096975\n|move|p1b: Pelipper|Protect|p1b: Pelipper\n|-singleturn|p1b: Pelipper|Protect\n|move|p1a: Beedrill|Protect|p1a: Beedrill\n|-singleturn|p1a: Beedrill|Protect\n|move|p2a: Torkoal|Weather Ball|p1a: Beedrill\n|-activate|p1a: Beedrill|move: Protect\n|move|p2b: Crabominable|Thunder Punch|p1b: Pelipper\n|-activate|p1b: Pelipper|move: Protect\n|\n|-weather|RainDance|[upkeep]\n|-fieldend|move: Trick Room\n|upkeep\n|turn|6\n|\n|t:|1776096999\n|move|p2b: Crabominable|Mach Punch|p1a: Beedrill\n|-resisted|p1a: Beedrill|2\n|-damage|p1a: Beedrill|0 fnt\n|faint|p1a: Beedrill\n|move|p1b: Pelipper|Soak|p2a: Torkoal\n|-start|p2a: Torkoal|typechange|Water\n|move|p2a: Torkoal|Weather Ball|p1b: Pelipper\n|-resisted|p1b: Pelipper|1\n|-damage|p1b: Pelipper|53/100\n|\n|-weather|RainDance|[upkeep]\n|-heal|p1b: Pelipper|59/100|[from] item: Leftovers\n|upkeep\n|\n|t:|1776097006\n|switch|p1a: Meowscarada|Meowscarada, L50, F|100/100\n|turn|7\n|\n|t:|1776097019\n|move|p1b: Pelipper|Protect|p1b: Pelipper\n|-singleturn|p1b: Pelipper|Protect\n|move|p2a: Torkoal|Protect|p2a: Torkoal\n|-singleturn|p2a: Torkoal|Protect\n|move|p2b: Crabominable|Mach Punch|p1a: Meowscarada\n|-supereffective|p1a: Meowscarada|1\n|-enditem|p1a: Meowscarada|Focus Sash\n|-damage|p1a: Meowscarada|1/100\n|move|p1a: Meowscarada|Brick Break|p2b: Crabominable\n|-supereffective|p2b: Crabominable|1\n|-damage|p2b: Crabominable|64/100\n|\n|-weather|RainDance|[upkeep]\n|-heal|p1b: Pelipper|65/100|[from] item: Leftovers\n|upkeep\n|turn|8\n|\n|t:|1776097042\n|move|p1a: Meowscarada|Sucker Punch|p2b: Crabominable\n|-resisted|p2b: Crabominable|1\n|-damage|p2b: Crabominable|51/100\n|move|p1b: Pelipper|Weather Ball|p2b: Crabominable\n|-damage|p2b: Crabominable|6/100\n|move|p2b: Crabominable|Thunder Punch|p1b: Pelipper\n|-supereffective|p1b: Pelipper|2\n|-damage|p1b: Pelipper|0 fnt\n|faint|p1b: Pelipper\n|move|p2a: Torkoal|Weather Ball|p1a: Meowscarada\n|-resisted|p1a: Meowscarada|1\n|-damage|p1a: Meowscarada|0 fnt\n|faint|p1a: Meowscarada\n|\n|win|battle sim trainer\n|raw|lethalpoet's rating: 1041 &rarr; <strong>1027</strong><br />(-14 for losing)\n|raw|battle sim trainer's rating: 1094 &rarr; <strong>1116</strong><br />(+22 for winning)\n|l|\u2606lethalpoet\n|player|p1|\n",
  "uploadtime": 1776097051,
  "views": 11,
  "formatid": "gen9championsvgc2026regma",
  "rating": 1027,
  "private": 0,
  "password": null
}