{
  "id": "gen9championsvgc2026regma-2585200491",
  "format": "[Gen 9 Champions] VGC 2026 Reg M-A",
  "players": [
    "enitoni",
    "dem0n2011"
  ],
  "log": "|j|\u2606enitoni\n|j|\u203ddem0n2011\n|t:|1776324209\n|gametype|doubles\n|player|p1|enitoni|2|1086\n|player|p2|dem0n2011|benga|1022\n|gen|9\n|tier|[Gen 9 Champions] VGC 2026 Reg M-A\n|rated|\n|rule|Species Clause: Limit one of each Pok\u00e9mon\n|rule|Item Clause: Limit 1 of each item\n|clearpoke\n|poke|p1|Espathra, L50, F|\n|poke|p1|Whimsicott, L50, M|\n|poke|p1|Gardevoir, L50, F|\n|poke|p1|Dragapult, L50, F|\n|poke|p1|Milotic, L50, M|\n|poke|p1|Ditto, L50|\n|poke|p2|Abomasnow, L50, F|\n|poke|p2|Farigiraf, L50, M|\n|poke|p2|Gyarados, L50, F|\n|poke|p2|Feraligatr, L50, F|\n|poke|p2|Sneasler, L50, F|\n|poke|p2|Kingambit, L50, M|\n|teampreview|4\n|\n|t:|1776324232\n|teamsize|p1|4\n|teamsize|p2|4\n|start\n|switch|p1a: Espathra|Espathra, L50, F|100/100\n|switch|p1b: Whimsicott|Whimsicott, L50, M|100/100\n|switch|p2a: Farigiraf|Farigiraf, L50, M|100/100\n|switch|p2b: Abomasnow|Abomasnow, L50, F, shiny|100/100\n|-weather|Snowscape|[from] ability: Snow Warning|[of] p2b: Abomasnow\n|turn|1\n|inactive|Battle timer is ON: inactive players will automatically lose when time's up. (requested by dem0n2011)\n|\n|t:|1776324247\n|move|p2b: Abomasnow|Protect|p2b: Abomasnow\n|-singleturn|p2b: Abomasnow|Protect\n|move|p1b: Whimsicott|Taunt||[still]\n|cant|p2a: Farigiraf|ability: Armor Tail|Taunt|[of] p1b: Whimsicott\n|move|p1a: Espathra|Calm Mind|p1a: Espathra\n|-boost|p1a: Espathra|spa|1\n|-boost|p1a: Espathra|spd|1\n|move|p2a: Farigiraf|Trick Room|p2a: Farigiraf\n|-fieldstart|move: Trick Room|[of] p2a: Farigiraf\n|\n|-weather|Snowscape|[upkeep]\n|-ability|p1a: Espathra|Speed Boost|boost\n|-boost|p1a: Espathra|spe|1\n|upkeep\n|turn|2\n|\n|t:|1776324263\n|detailschange|p2b: Abomasnow|Abomasnow-Mega, L50, F, shiny\n|-mega|p2b: Abomasnow|Abomasnow|Abomasite\n|move|p2a: Farigiraf|Helping Hand|p2b: Abomasnow\n|-singleturn|p2b: Abomasnow|Helping Hand|[of] p2a: Farigiraf\n|move|p1b: Whimsicott|Taunt||[still]\n|cant|p2a: Farigiraf|ability: Armor Tail|Taunt|[of] p1b: Whimsicott\n|move|p2b: Abomasnow|Blizzard|p1b: Whimsicott|[spread] p1a,p1b\n|-supereffective|p1b: Whimsicott|1\n|-damage|p1a: Espathra|45/100\n|-damage|p1b: Whimsicott|0 fnt\n|faint|p1b: Whimsicott\n|move|p1a: Espathra|Calm Mind|p1a: Espathra\n|-boost|p1a: Espathra|spa|1\n|-boost|p1a: Espathra|spd|1\n|\n|-weather|Snowscape|[upkeep]\n|-ability|p1a: Espathra|Speed Boost|boost\n|-boost|p1a: Espathra|spe|1\n|upkeep\n|\n|t:|1776324279\n|switch|p1b: Gardevoir|Gardevoir, L50, F|100/100\n|-ability|p1b: Gardevoir|Snow Warning|Trace|[from] ability: Trace|[of] p2b: Abomasnow\n|turn|3\n|inactive|enitoni has 30 seconds left.\n|\n|t:|1776324304\n|switch|p1b: Ditto|Ditto, L50|100/100\n|-transform|p1b: Ditto|p2a: Farigiraf|[from] ability: Imposter\n|move|p2a: Farigiraf|Helping Hand|p2b: Abomasnow\n|-singleturn|p2b: Abomasnow|Helping Hand|[of] p2a: Farigiraf\n|move|p1a: Espathra|Protect|p1a: Espathra\n|-singleturn|p1a: Espathra|Protect\n|move|p2b: Abomasnow|Blizzard|p1b: Ditto|[spread] p1b\n|-activate|p1a: Espathra|move: Protect\n|-damage|p1b: Ditto|0 fnt\n|faint|p1b: Ditto\n|\n|-weather|Snowscape|[upkeep]\n|-ability|p1a: Espathra|Speed Boost|boost\n|-boost|p1a: Espathra|spe|1\n|upkeep\n|\n|t:|1776324319\n|switch|p1b: Gardevoir|Gardevoir, L50, F|100/100\n|-ability|p1b: Gardevoir|Snow Warning|Trace|[from] ability: Trace|[of] p2b: Abomasnow\n|turn|4\n|\n|t:|1776324326\n|detailschange|p1b: Gardevoir|Gardevoir-Mega, L50, F\n|-mega|p1b: Gardevoir|Gardevoir|Gardevoirite\n|move|p2a: Farigiraf|Helping Hand|p2b: Abomasnow\n|-singleturn|p2b: Abomasnow|Helping Hand|[of] p2a: Farigiraf\n|move|p1b: Gardevoir|Protect|p1b: Gardevoir\n|-singleturn|p1b: Gardevoir|Protect\n|move|p1a: Espathra|Protect||[still]\n|-fail|p1a: Espathra\n|move|p2b: Abomasnow|Blizzard|p1b: Gardevoir|[spread] p1a\n|-activate|p1b: Gardevoir|move: Protect\n|-damage|p1a: Espathra|9/100\n|\n|-weather|Snowscape|[upkeep]\n|-ability|p1a: Espathra|Speed Boost|boost\n|-boost|p1a: Espathra|spe|1\n|upkeep\n|turn|5\n|\n|t:|1776324342\n|move|p2a: Farigiraf|Helping Hand|p2b: Abomasnow\n|-singleturn|p2b: Abomasnow|Helping Hand|[of] p2a: Farigiraf\n|move|p1b: Gardevoir|Protect||[still]\n|-fail|p1b: Gardevoir\n|move|p1a: Espathra|Protect|p1a: Espathra\n|-singleturn|p1a: Espathra|Protect\n|move|p2b: Abomasnow|Blizzard|p1a: Espathra|[spread] p1b\n|-activate|p1a: Espathra|move: Protect\n|-damage|p1b: Gardevoir|29/100\n|\n|-weather|none\n|-fieldend|move: Trick Room\n|-ability|p1a: Espathra|Speed Boost|boost\n|-boost|p1a: Espathra|spe|1\n|upkeep\n|turn|6\n|\n|t:|1776324357\n|move|p2b: Abomasnow|Protect|p2b: Abomasnow\n|-singleturn|p2b: Abomasnow|Protect\n|move|p1a: Espathra|Stored Power|p2b: Abomasnow\n|-activate|p2b: Abomasnow|move: Protect\n|move|p1b: Gardevoir|Hyper Voice|p2a: Farigiraf|[spread] p2a\n|-activate|p2b: Abomasnow|move: Protect\n|-damage|p2a: Farigiraf|49/100\n|move|p2a: Farigiraf|Trick Room|p2a: Farigiraf\n|-fieldstart|move: Trick Room|[of] p2a: Farigiraf\n|\n|-ability|p1a: Espathra|Speed Boost|boost\n|-boost|p1a: Espathra|spe|1\n|upkeep\n|turn|7\n|-message|enitoni forfeited.\n|\n|win|dem0n2011\n|raw|enitoni's rating: 1086 &rarr; <strong>1059</strong><br />(-27 for losing)\n|raw|dem0n2011's rating: 1022 &rarr; <strong>1065</strong><br />(+43 for winning)\n|l|\u2606enitoni\n|player|p1|\n",
  "uploadtime": 1776324368,
  "views": 17,
  "formatid": "gen9championsvgc2026regma",
  "rating": 1059,
  "private": 0,
  "password": null
}