{
  "id": "gen9championsvgc2026regma-2587050048",
  "format": "[Gen 9 Champions] VGC 2026 Reg M-A",
  "players": [
    "wheezsumbeez",
    "Darknight918"
  ],
  "log": "|j|\u2606wheezsumbeez\n|j|\u2606Darknight918\n|t:|1776486848\n|gametype|doubles\n|player|p1|wheezsumbeez|roxie|1045\n|player|p2|Darknight918|will|1071\n|gen|9\n|tier|[Gen 9 Champions] VGC 2026 Reg M-A\n|rated|\n|rule|Species Clause: Limit one of each Pok\u00e9mon\n|rule|Item Clause: Limit 1 of each item\n|clearpoke\n|poke|p1|Klefki, L50, M|\n|poke|p1|Raichu, L50, M|\n|poke|p1|Dragonite, L50, M|\n|poke|p1|Rotom-Wash, L50|\n|poke|p1|Aegislash, L50, F|\n|poke|p1|Quaquaval, L50, F|\n|poke|p2|Floette-Eternal, L50, F|\n|poke|p2|Milotic, L50, M|\n|poke|p2|Sneasler, L50, M|\n|poke|p2|Garchomp, L50, M, shiny|\n|poke|p2|Talonflame, L50, F, shiny|\n|poke|p2|Aegislash, L50, F|\n|teampreview|4\n|inactive|Battle timer is ON: inactive players will automatically lose when time's up. (requested by Darknight918)\n|inactive|wheezsumbeez has 60 seconds left.\n|inactive|Darknight918 has 60 seconds left.\n|inactive|wheezsumbeez has 30 seconds left.\n|\n|t:|1776486908\n|teamsize|p1|4\n|teamsize|p2|4\n|start\n|switch|p1a: Klefki|Klefki, L50, M|100/100\n|switch|p1b: Quaquaval|Quaquaval, L50, F|100/100\n|switch|p2a: Sneasler|Sneasler, L50, M|100/100\n|switch|p2b: Floette|Floette-Eternal, L50, F|100/100\n|turn|1\n|\n|t:|1776486925\n|detailschange|p2b: Floette|Floette-Mega, L50, F\n|-mega|p2b: Floette|Floette|Floettite\n|-ability|p2b: Floette|Fairy Aura\n|move|p1a: Klefki|Protect|p1a: Klefki\n|-singleturn|p1a: Klefki|Protect\n|move|p2a: Sneasler|Fake Out|p1b: Quaquaval\n|-damage|p1b: Quaquaval|82/100\n|cant|p1b: Quaquaval|flinch\n|move|p2b: Floette|Calm Mind|p2b: Floette\n|-boost|p2b: Floette|spa|1\n|-boost|p2b: Floette|spd|1\n|\n|upkeep\n|turn|2\n|\n|t:|1776486940\n|switch|p2a: Milotic|Milotic, L50, M|100/100\n|move|p1a: Klefki|Rain Dance|p1a: Klefki\n|-weather|RainDance\n|move|p1b: Quaquaval|Flip Turn|p2b: Floette\n|-damage|p2b: Floette|52/100\n|\n|t:|1776486946\n|switch|p1b: Rotom|Rotom-Wash, L50|100/100|[from] Flip Turn\n|move|p2b: Floette|Dazzling Gleam|p1b: Rotom|[spread] p1a,p1b\n|-resisted|p1a: Klefki|1\n|-damage|p1a: Klefki|64/100\n|-damage|p1b: Rotom|9/100\n|\n|-weather|RainDance|[upkeep]\n|-heal|p1b: Rotom|15/100|[from] item: Leftovers\n|upkeep\n|turn|3\n|\n|t:|1776486966\n|switch|p2a: Sneasler|Sneasler, L50, M|100/100\n|move|p2b: Floette|Protect|p2b: Floette\n|-singleturn|p2b: Floette|Protect\n|move|p1a: Klefki|Thunder Wave|p2b: Floette\n|-activate|p2b: Floette|move: Protect\n|move|p1b: Rotom|Hydro Pump|p2b: Floette\n|-activate|p2b: Floette|move: Protect\n|\n|-weather|RainDance|[upkeep]\n|-heal|p1b: Rotom|20/100|[from] item: Leftovers\n|upkeep\n|turn|4\n|\n|t:|1776486986\n|move|p1b: Rotom|Protect|p1b: Rotom\n|-singleturn|p1b: Rotom|Protect\n|move|p2a: Sneasler|Fake Out|p1a: Klefki\n|-resisted|p1a: Klefki|1\n|-crit|p1a: Klefki\n|-damage|p1a: Klefki|52/100\n|cant|p1a: Klefki|flinch\n|move|p2b: Floette|Dazzling Gleam|p1a: Klefki|[spread] p1a\n|-activate|p1b: Rotom|move: Protect\n|-resisted|p1a: Klefki|1\n|-damage|p1a: Klefki|15/100\n|-enditem|p1a: Klefki|Sitrus Berry|[eat]\n|-heal|p1a: Klefki|40/100|[from] item: Sitrus Berry\n|\n|-weather|RainDance|[upkeep]\n|-heal|p1b: Rotom|26/100|[from] item: Leftovers\n|upkeep\n|turn|5\n|inactive|wheezsumbeez has 30 seconds left.\n|\n|t:|1776487014\n|move|p2b: Floette|Protect|p2b: Floette\n|-singleturn|p2b: Floette|Protect\n|move|p1a: Klefki|Thunder Wave|p2a: Sneasler\n|-status|p2a: Sneasler|par\n|move|p1b: Rotom|Hydro Pump|p2b: Floette\n|-activate|p2b: Floette|move: Protect\n|move|p2a: Sneasler|Close Combat|p1a: Klefki\n|-damage|p1a: Klefki|0 fnt\n|-unboost|p2a: Sneasler|def|1\n|-unboost|p2a: Sneasler|spd|1\n|faint|p1a: Klefki\n|-enditem|p2a: Sneasler|White Herb\n|-clearnegativeboost|p2a: Sneasler|[silent]\n|\n|-weather|RainDance|[upkeep]\n|-heal|p1b: Rotom|32/100|[from] item: Leftovers\n|upkeep\n|\n|t:|1776487031\n|switch|p1a: Quaquaval|Quaquaval, L50, F|82/100\n|turn|6\n|inactive|Darknight918 has 30 seconds left.\n|\n|t:|1776487058\n|switch|p2b: Milotic|Milotic, L50, M|100/100\n|move|p1a: Quaquaval|Wave Crash|p2b: Milotic\n|-resisted|p2b: Milotic|1\n|-damage|p2b: Milotic|58/100\n|-damage|p1a: Quaquaval|64/100|[from] Recoil\n|cant|p2a: Sneasler|par\n|move|p1b: Rotom|Hydro Pump|p2a: Sneasler|[miss]\n|-miss|p1b: Rotom|p2a: Sneasler\n|\n|-weather|none\n|-heal|p1b: Rotom|37/100|[from] item: Leftovers\n|-heal|p2b: Milotic|64/100|[from] item: Leftovers\n|upkeep\n|turn|7\n|\n|t:|1776487081\n|move|p2b: Milotic|Protect|p2b: Milotic\n|-singleturn|p2b: Milotic|Protect\n|move|p1a: Quaquaval|Wave Crash|p2a: Sneasler\n|-damage|p2a: Sneasler|0 fnt\n|faint|p2a: Sneasler\n|-ability|p1a: Quaquaval|Moxie|boost\n|-boost|p1a: Quaquaval|atk|1\n|-damage|p1a: Quaquaval|30/100|[from] Recoil\n|move|p1b: Rotom|Volt Switch|p2b: Milotic\n|-activate|p2b: Milotic|move: Protect\n|\n|-heal|p1b: Rotom|43/100|[from] item: Leftovers\n|-heal|p2b: Milotic|70/100|[from] item: Leftovers\n|upkeep\n|\n|t:|1776487090\n|switch|p2a: Aegislash|Aegislash, L50, F|100/100\n|turn|8\n|inactive|wheezsumbeez has 30 seconds left.\n|\n|t:|1776487118\n|-formechange|p2a: Aegislash|Aegislash-Blade|\n|move|p2a: Aegislash|Shadow Sneak|p1a: Quaquaval\n|-damage|p1a: Quaquaval|0 fnt\n|faint|p1a: Quaquaval\n|move|p1b: Rotom|Volt Switch|p2b: Milotic\n|-supereffective|p2b: Milotic|1\n|-damage|p2b: Milotic|25/100\n|\n|t:|1776487124\n|switch|p1b: Dragonite|Dragonite, L50, M|100/100|[from] Volt Switch\n|move|p2b: Milotic|Recover|p2b: Milotic\n|-heal|p2b: Milotic|75/100\n|\n|-heal|p2b: Milotic|81/100|[from] item: Leftovers\n|upkeep\n|\n|t:|1776487131\n|switch|p1a: Rotom|Rotom-Wash, L50|43/100\n|turn|9\n|\n|t:|1776487141\n|detailschange|p1b: Dragonite|Dragonite-Mega, L50, M\n|-mega|p1b: Dragonite|Dragonite|Dragoninite\n|move|p1b: Dragonite|Protect|p1b: Dragonite\n|-singleturn|p1b: Dragonite|Protect\n|move|p2a: Aegislash|Shadow Sneak|p1a: Rotom\n|-crit|p1a: Rotom\n|-damage|p1a: Rotom|0 fnt\n|faint|p1a: Rotom\n|move|p2b: Milotic|Ice Beam|p1b: Dragonite\n|-activate|p1b: Dragonite|move: Protect\n|\n|-heal|p2b: Milotic|87/100|[from] item: Leftovers\n|upkeep\n|turn|10\n|c|\u2606wheezsumbeez|i fucking hate this game and i hate you\n|n|\u203dwheezsumbeez|wheezsumbeez\n|c|~|/log wheezsumbeez was locked from talking by Artemis. (\u2606wheezsumbeez: i fucking   and i hate you)\n|c|~|/raw <small>This action was done automatically. Want to learn more about the AI? <a href=\"https://www.smogon.com/forums/threads/3570628/#post-9056769\">Visit the information thread</a>.</small>\n|-message|wheezsumbeez forfeited.\n|\n|win|Darknight918\n",
  "uploadtime": 1776487160,
  "views": 11,
  "formatid": "gen9championsvgc2026regma",
  "rating": null,
  "private": 0,
  "password": null
}