{
  "id": "gen9championsvgc2026regma-2580602809",
  "format": "[Gen 9 Champions] VGC 2026 Reg M-A",
  "players": [
    "macrameee",
    "Reebookpump"
  ],
  "log": "|j|\u2606macrameee\n|j|\u2606Reebookpump\n|html|<table width=\"100%\"><tr><td align=\"left\">macrameee</td><td align=\"right\">Reebookpump</tr><tr><td align=\"left\"><i class=\"fa fa-circle-o\"></i> <i class=\"fa fa-circle-o\"></i> </td><td align=\"right\"><i class=\"fa fa-circle-o\"></i> <i class=\"fa fa-circle\"></i> </tr></table>\n|uhtml|bestof|<h2><strong>Game 2</strong> of <a href=\"/game-bestof3-gen9championsvgc2026regma-2580599872\">a best-of-3</a></h2>\n|t:|1775917153\n|gametype|doubles\n|player|p1|macrameee|roark|\n|player|p2|Reebookpump|red-masters|\n|gen|9\n|tier|[Gen 9 Champions] VGC 2026 Reg M-A\n|rated|Tournament battle\n|rule|Species Clause: Limit one of each Pok\u00e9mon\n|rule|Item Clause: Limit 1 of each item\n|raw|<div class=\"infobox\"><details class=\"readmore\" open><summary><strong>2 custom rules:</strong></summary> Force Open Team Sheets, Best of = 3</details></div>\n|clearpoke\n|poke|p1|Sinistcha, L50|\n|poke|p1|Gengar, L50, F|\n|poke|p1|Incineroar, L50, F|\n|poke|p1|Politoed, L50, M|\n|poke|p1|Garchomp, L50, F|\n|poke|p1|Sableye, L50, M|\n|poke|p2|Charizard, L50, M|\n|poke|p2|Venusaur, L50, M|\n|poke|p2|Pelipper, L50, M|\n|poke|p2|Garchomp, L50, F|\n|poke|p2|Rotom-Wash, L50|\n|poke|p2|Incineroar, L50, M|\n|teampreview|4\n|showteam|p1|Sinistcha||CobaBerry|Hospitality|MatchaGotcha,TrickRoom,RagePowder,Protect||||||50|]Gengar||Gengarite|CursedBody|Protect,PerishSong,Disable,ShadowBall|||F|||50|]Incineroar||SitrusBerry|Intimidate|FakeOut,PartingShot,DarkestLariat,Protect|||F|||50|]Politoed||Leftovers|Drizzle|Protect,PerishSong,WeatherBall,IceBeam|||M|||50|]Garchomp||ChoiceScarf|RoughSkin|DragonClaw,Earthquake,RockSlide,IronHead|||F|||50|]Sableye||FocusSash|Prankster|FakeOut,Encore,Protect,FoulPlay|||M|||50|\n|showteam|p2|Charizard||CharizarditeY|SolarPower|HeatWave,WeatherBall,Hurricane,Protect|||M|||50|]Venusaur||Venusaurite|Chlorophyll|SludgeBomb,WeatherBall,EarthPower,Protect|||M|||50|]Pelipper||FocusSash|Drizzle|Hurricane,WeatherBall,Tailwind,Protect|||M|||50|]Garchomp||SoftSand|RoughSkin|Earthquake,DragonClaw,SwordsDance,Protect|||F|||50|]Rotom-Wash||ChoiceScarf|Levitate|HydroPump,Discharge,Thunder,VoltSwitch||||||50|]Incineroar||SitrusBerry|Intimidate|FakeOut,FlareBlitz,ThroatChop,PartingShot|||M|||50|\n|\n|t:|1775917199\n|teamsize|p1|4\n|teamsize|p2|4\n|start\n|switch|p1a: Gengar|Gengar, L50, F, shiny|100/100\n|switch|p1b: Sableye|Sableye, L50, M, shiny|100/100\n|switch|p2a: Venusaur|Venusaur, L50, M|100/100\n|switch|p2b: Rotom|Rotom-Wash, L50|100/100\n|turn|1\n|\n|t:|1775917237\n|detailschange|p1a: Gengar|Gengar-Mega, L50, F, shiny\n|-mega|p1a: Gengar|Gengar|Gengarite\n|detailschange|p2a: Venusaur|Venusaur-Mega, L50, M\n|-mega|p2a: Venusaur|Venusaur|Venusaurite\n|move|p1b: Sableye|Fake Out|p2a: Venusaur\n|-damage|p2a: Venusaur|94/100\n|move|p2b: Rotom|Volt Switch|p1a: Gengar\n|-damage|p1a: Gengar|62/100\n|\n|t:|1775917253\n|switch|p2b: Incineroar|Incineroar, L50, M|100/100|[from] Volt Switch\n|-ability|p2b: Incineroar|Intimidate|boost\n|-unboost|p1a: Gengar|atk|1\n|-unboost|p1b: Sableye|atk|1\n|move|p1a: Gengar|Perish Song|p1a: Gengar\n|-start|p1a: Gengar|perish3|[silent]\n|-start|p1b: Sableye|perish3|[silent]\n|-start|p2a: Venusaur|perish3|[silent]\n|-start|p2b: Incineroar|perish3|[silent]\n|-fieldactivate|move: Perish Song\n|cant|p2a: Venusaur|flinch\n|\n|-start|p1a: Gengar|perish3\n|-start|p2a: Venusaur|perish3\n|-start|p1b: Sableye|perish3\n|-start|p2b: Incineroar|perish3\n|upkeep\n|turn|2\n|j| Solanum\n|l| Solanum\n|\n|t:|1775917286\n|move|p1b: Sableye|Protect|p1b: Sableye\n|-singleturn|p1b: Sableye|Protect\n|move|p1a: Gengar|Protect|p1a: Gengar\n|-singleturn|p1a: Gengar|Protect\n|move|p2a: Venusaur|Earth Power|p1a: Gengar\n|-activate|p1a: Gengar|move: Protect\n|move|p2b: Incineroar|Flare Blitz|p1b: Sableye\n|-activate|p1b: Sableye|move: Protect\n|\n|-start|p1a: Gengar|perish2\n|-start|p2a: Venusaur|perish2\n|-start|p1b: Sableye|perish2\n|-start|p2b: Incineroar|perish2\n|upkeep\n|turn|3\n|\n|t:|1775917322\n|move|p1b: Sableye|Encore|p2b: Incineroar\n|-hint|Since gen 7, Dark is immune to Prankster moves.\n|-immune|p2b: Incineroar\n|move|p1a: Gengar|Disable|p2a: Venusaur\n|-start|p2a: Venusaur|Disable|Earth Power\n|cant|p2a: Venusaur|Disable|Earth Power\n|move|p2b: Incineroar|Parting Shot|p1a: Gengar\n|-unboost|p1a: Gengar|atk|1\n|-unboost|p1a: Gengar|spa|1\n|\n|t:|1775917330\n|switch|p2b: Rotom|Rotom-Wash, L50|100/100|[from] Parting Shot\n|\n|-start|p1a: Gengar|perish1\n|-start|p2a: Venusaur|perish1\n|-start|p1b: Sableye|perish1\n|upkeep\n|turn|4\n|\n|t:|1775917348\n|switch|p1a: Garchomp|Garchomp, L50, F|100/100\n|switch|p1b: Politoed|Politoed, L50, M|100/100\n|-weather|RainDance|[from] ability: Drizzle|[of] p1b: Politoed\n|move|p2b: Rotom|Volt Switch|p1b: Politoed\n|-supereffective|p1b: Politoed|1\n|-damage|p1b: Politoed|46/100\n|j| SentinelSkorch\n|\n|t:|1775917356\n|switch|p2b: Incineroar|Incineroar, L50, M|100/100|[from] Volt Switch\n|-ability|p2b: Incineroar|Intimidate|boost\n|-unboost|p1a: Garchomp|atk|1\n|-unboost|p1b: Politoed|atk|1\n|move|p2a: Venusaur|Sludge Bomb|p1b: Politoed\n|-damage|p1b: Politoed|7/100\n|-status|p1b: Politoed|psn\n|\n|-weather|RainDance|[upkeep]\n|-heal|p1b: Politoed|13/100 psn|[from] item: Leftovers\n|-damage|p1b: Politoed|0 fnt|[from] psn\n|faint|p1b: Politoed\n|-start|p2a: Venusaur|perish0\n|upkeep\n|faint|p2a: Venusaur\n|j| Zavok65\n|j| ugcl\n|\n|t:|1775917375\n|switch|p2a: Rotom|Rotom-Wash, L50|100/100\n|switch|p1b: Sableye|Sableye, L50, M, shiny|100/100\n|turn|5\n|\n|t:|1775917391\n|move|p1b: Sableye|Fake Out|p2b: Incineroar\n|-damage|p2b: Incineroar|94/100\n|cant|p2b: Incineroar|flinch\n|move|p2a: Rotom|Hydro Pump|p1a: Garchomp\n|-damage|p1a: Garchomp|19/100\n|move|p1a: Garchomp|Rock Slide|p2b: Incineroar|[spread] p2a,p2b\n|-supereffective|p2b: Incineroar|1\n|-damage|p2a: Rotom|82/100\n|-damage|p2b: Incineroar|69/100\n|\n|-weather|RainDance|[upkeep]\n|upkeep\n|turn|6\n|j| 5wamp\n|\n|t:|1775917411\n|move|p2a: Rotom|Hydro Pump|p1a: Garchomp\n|-damage|p1a: Garchomp|0 fnt\n|faint|p1a: Garchomp\n|move|p1b: Sableye|Foul Play|p2b: Incineroar\n|-resisted|p2b: Incineroar|1\n|-damage|p2b: Incineroar|52/100\n|move|p2b: Incineroar|Throat Chop|p1b: Sableye\n|-crit|p1b: Sableye\n|-damage|p1b: Sableye|31/100\n|-start|p1b: Sableye|Throat Chop|[silent]\n|\n|-weather|RainDance|[upkeep]\n|upkeep\n|\n|t:|1775917422\n|switch|p1a: Gengar|Gengar-Mega, L50, F, shiny|62/100\n|turn|7\n|l| SentinelSkorch\n|c|\u2606macrameee|ggs\n|\n|t:|1775917439\n|move|p2a: Rotom|Hydro Pump|p1a: Gengar\n|-damage|p1a: Gengar|0 fnt\n|faint|p1a: Gengar\n|move|p1b: Sableye|Foul Play|p2b: Incineroar\n|-resisted|p2b: Incineroar|1\n|-damage|p2b: Incineroar|33/100\n|-enditem|p2b: Incineroar|Sitrus Berry|[eat]\n|-heal|p2b: Incineroar|58/100|[from] item: Sitrus Berry\n|move|p2b: Incineroar|Parting Shot|p1b: Sableye\n|-unboost|p1b: Sableye|atk|1\n|-unboost|p1b: Sableye|spa|1\n|j| Avatar Kony\n|c|\u2606Reebookpump|Ggs\n|\n|t:|1775917470\n|switch|p2b: Garchomp|Garchomp, L50, F|100/100|[from] Parting Shot\n|\n|-weather|RainDance|[upkeep]\n|-end|p1b: Sableye|Throat Chop|[silent]\n|upkeep\n|turn|8\n|\n|t:|1775917477\n|move|p2a: Rotom|Hydro Pump|p1b: Sableye\n|-crit|p1b: Sableye\n|-damage|p1b: Sableye|0 fnt\n|faint|p1b: Sableye\n|\n|win|Reebookpump\n|l| Zavok65\n",
  "uploadtime": 1775917492,
  "views": 10,
  "formatid": "gen9championsvgc2026regma",
  "rating": null,
  "private": 0,
  "password": null
}