{
  "id": "gen9championsvgc2026regma-2582455323",
  "format": "[Gen 9 Champions] VGC 2026 Reg M-A",
  "players": [
    "SupernovaSZ8",
    "sjysjysjy6"
  ],
  "log": "|j|\u2606SupernovaSZ8\n|j|\u2606sjysjysjy6\n|t:|1776092807\n|gametype|doubles\n|player|p1|SupernovaSZ8|canari|1286\n|player|p2|sjysjysjy6|265|1376\n|gen|9\n|tier|[Gen 9 Champions] VGC 2026 Reg M-A\n|rated|\n|rule|Species Clause: Limit one of each Pok\u00e9mon\n|rule|Item Clause: Limit 1 of each item\n|clearpoke\n|poke|p1|Talonflame, L50, M|\n|poke|p1|Floette-Eternal, L50, F|\n|poke|p1|Basculegion, L50, M|\n|poke|p1|Incineroar, L50, F|\n|poke|p1|Sinistcha, L50|\n|poke|p1|Garchomp, L50, F|\n|poke|p2|Gengar, L50, F|\n|poke|p2|Garchomp, L50, M|\n|poke|p2|Whimsicott, L50, F|\n|poke|p2|Kingambit, L50, F|\n|poke|p2|Rotom-Wash, L50|\n|poke|p2|Delphox, L50, F|\n|teampreview|4\n|\n|t:|1776092845\n|teamsize|p1|4\n|teamsize|p2|4\n|start\n|switch|p1a: Talonflame|Talonflame, L50, M|100/100\n|switch|p1b: Garchomp|Garchomp, L50, F|100/100\n|switch|p2a: Whimsicott|Whimsicott, L50, F|100/100\n|switch|p2b: Delphox|Delphox, L50, F|100/100\n|turn|1\n|\n|t:|1776092859\n|detailschange|p2b: Delphox|Delphox-Mega, L50, F\n|-mega|p2b: Delphox|Delphox|Delphoxite\n|move|p2b: Delphox|Protect|p2b: Delphox\n|-singleturn|p2b: Delphox|Protect\n|move|p2a: Whimsicott|Tailwind|p2a: Whimsicott\n|-sidestart|p2: sjysjysjy6|move: Tailwind\n|move|p1a: Talonflame|Dual Wingbeat|p2a: Whimsicott\n|-supereffective|p2a: Whimsicott|1\n|-damage|p2a: Whimsicott|47/100\n|-supereffective|p2a: Whimsicott|1\n|-damage|p2a: Whimsicott|0 fnt\n|faint|p2a: Whimsicott\n|-hitcount|p2: Whimsicott|2\n|move|p1b: Garchomp|Dragon Claw|p2b: Delphox\n|-activate|p2b: Delphox|move: Protect\n|\n|upkeep\n|\n|t:|1776092875\n|switch|p2a: Rotom|Rotom-Wash, L50|100/100\n|turn|2\n|\n|t:|1776092888\n|move|p1a: Talonflame|Tailwind|p1a: Talonflame\n|-sidestart|p1: SupernovaSZ8|move: Tailwind\n|move|p2b: Delphox|Psychic|p1a: Talonflame\n|-damage|p1a: Talonflame|12/100\n|move|p1b: Garchomp|Dragon Claw|p2b: Delphox\n|-damage|p2b: Delphox|33/100\n|move|p2a: Rotom|Will-O-Wisp|p1b: Garchomp\n|-status|p1b: Garchomp|brn\n|-enditem|p1b: Garchomp|Lum Berry|[eat]\n|-curestatus|p1b: Garchomp|brn|[msg]\n|\n|upkeep\n|turn|3\n|\n|t:|1776092922\n|switch|p2b: Kingambit|Kingambit, L50, F|100/100\n|move|p1a: Talonflame|Dual Wingbeat|p2b: Kingambit\n|-resisted|p2b: Kingambit|1\n|-damage|p2b: Kingambit|93/100\n|-resisted|p2b: Kingambit|1\n|-damage|p2b: Kingambit|86/100\n|-hitcount|p2b: Kingambit|2\n|move|p1b: Garchomp|Dragon Claw|p2a: Rotom\n|-damage|p2a: Rotom|52/100\n|move|p2a: Rotom|Volt Switch|p1a: Talonflame\n|-supereffective|p1a: Talonflame|1\n|-damage|p1a: Talonflame|0 fnt\n|faint|p1a: Talonflame\n|\n|t:|1776092932\n|switch|p2a: Delphox|Delphox-Mega, L50, F|33/100|[from] Volt Switch\n|\n|upkeep\n|\n|t:|1776092937\n|switch|p1a: Basculegion|Basculegion, L50, M, shiny|100/100\n|turn|4\n|\n|t:|1776092944\n|move|p2a: Delphox|Protect|p2a: Delphox\n|-singleturn|p2a: Delphox|Protect\n|move|p1b: Garchomp|Protect|p1b: Garchomp\n|-singleturn|p1b: Garchomp|Protect\n|move|p1a: Basculegion|Protect|p1a: Basculegion\n|-singleturn|p1a: Basculegion|Protect\n|move|p2b: Kingambit|Protect||[still]\n|-fail|p2b: Kingambit\n|\n|-sideend|p2: sjysjysjy6|move: Tailwind\n|upkeep\n|turn|5\n|\n|t:|1776092960\n|switch|p2a: Rotom|Rotom-Wash, L50|52/100\n|move|p2b: Kingambit|Sucker Punch|p1a: Basculegion\n|-supereffective|p1a: Basculegion|1\n|-enditem|p1a: Basculegion|Focus Sash\n|-damage|p1a: Basculegion|1/100\n|move|p1b: Garchomp|Stomping Tantrum|p2b: Kingambit\n|-supereffective|p2b: Kingambit|1\n|-damage|p2b: Kingambit|25/100\n|move|p1a: Basculegion|Last Respects|p2a: Rotom\n|-damage|p2a: Rotom|0 fnt\n|faint|p2a: Rotom\n|\n|-sideend|p1: SupernovaSZ8|move: Tailwind\n|upkeep\n|\n|t:|1776092971\n|switch|p2a: Delphox|Delphox-Mega, L50, F|33/100\n|turn|6\n|inactive|Battle timer is ON: inactive players will automatically lose when time's up. (requested by SupernovaSZ8)\n|\n|t:|1776092999\n|move|p1a: Basculegion|Protect|p1a: Basculegion\n|-singleturn|p1a: Basculegion|Protect\n|move|p2b: Kingambit|Protect|p2b: Kingambit\n|-singleturn|p2b: Kingambit|Protect\n|move|p2a: Delphox|Heat Wave|p1b: Garchomp|[spread] p1b\n|-activate|p1a: Basculegion|move: Protect\n|-resisted|p1b: Garchomp|1\n|-damage|p1b: Garchomp|77/100\n|move|p1b: Garchomp|Stomping Tantrum|p2b: Kingambit\n|-activate|p2b: Kingambit|move: Protect\n|\n|upkeep\n|turn|7\n|\n|t:|1776093020\n|move|p1a: Basculegion|Aqua Jet|p2a: Delphox\n|-supereffective|p2a: Delphox|1\n|-damage|p2a: Delphox|0 fnt\n|faint|p2a: Delphox\n|move|p2b: Kingambit|Sucker Punch|p1b: Garchomp\n|-damage|p1b: Garchomp|36/100\n|-damage|p2b: Kingambit|13/100|[from] ability: Rough Skin|[of] p1b: Garchomp\n|move|p1b: Garchomp|Stomping Tantrum|p2b: Kingambit\n|-supereffective|p2b: Kingambit|1\n|-damage|p2b: Kingambit|0 fnt\n|faint|p2b: Kingambit\n|\n|win|SupernovaSZ8\n|raw|SupernovaSZ8's rating: 1286 &rarr; <strong>1317</strong><br />(+31 for winning)\n|raw|sjysjysjy6's rating: 1376 &rarr; <strong>1351</strong><br />(-25 for losing)\n|l|\u2606sjysjysjy6\n|player|p2|\n",
  "uploadtime": 1776093038,
  "views": 44,
  "formatid": "gen9championsvgc2026regma",
  "rating": 1317,
  "private": 0,
  "password": null
}