{
  "id": "gen9championsvgc2026regma-2582880658",
  "format": "[Gen 9 Champions] VGC 2026 Reg M-A",
  "players": [
    "alvarriderr",
    "martysarc"
  ],
  "log": "|j|\u2606alvarriderr\n|j|\u2606martysarc\n|t:|1776121590\n|gametype|doubles\n|player|p1|alvarriderr|hilbert-wonderlauncher|1054\n|player|p2|martysarc|roxie|1048\n|gen|9\n|tier|[Gen 9 Champions] VGC 2026 Reg M-A\n|rated|\n|rule|Species Clause: Limit one of each Pok\u00e9mon\n|rule|Item Clause: Limit 1 of each item\n|clearpoke\n|poke|p1|Hawlucha, L50, M|\n|poke|p1|Excadrill, L50, F|\n|poke|p1|Tyranitar, L50, M|\n|poke|p1|Sinistcha, L50|\n|poke|p1|Gyarados, L50, M|\n|poke|p1|Volcarona, L50, F|\n|poke|p2|Golurk, L50|\n|poke|p2|Farigiraf, L50, M|\n|poke|p2|Incineroar, L50, M|\n|poke|p2|Sneasler, L50, M|\n|poke|p2|Torkoal, L50, M|\n|poke|p2|Venusaur, L50, F|\n|teampreview|4\nmartysarc rejected open team sheets.\n|\n|t:|1776121633\n|teamsize|p1|4\n|teamsize|p2|4\n|start\n|switch|p1a: Hawlucha|Hawlucha, L50, M|100/100\n|switch|p1b: Gyarados|Gyarados, L50, M|100/100\n|switch|p2a: Incineroar|Incineroar, L50, M|100/100\n|switch|p2b: Sneasler|Sneasler, L50, M|100/100\n|-ability|p1b: Gyarados|Intimidate|boost\n|-unboost|p2a: Incineroar|atk|1\n|-unboost|p2b: Sneasler|atk|1\n|-ability|p2a: Incineroar|Intimidate|boost\n|-unboost|p1a: Hawlucha|atk|1\n|-unboost|p1b: Gyarados|atk|1\n|-enditem|p2b: Sneasler|White Herb\n|-clearnegativeboost|p2b: Sneasler|[silent]\n|turn|1\n|\n|t:|1776121672\n|detailschange|p1a: Hawlucha|Hawlucha-Mega, L50, M\n|-mega|p1a: Hawlucha|Hawlucha|Hawluchanite\n|move|p1a: Hawlucha|Upper Hand|p2a: Incineroar\n|-supereffective|p2a: Incineroar|1\n|-damage|p2a: Incineroar|61/100\n|cant|p2a: Incineroar|flinch\n|move|p2b: Sneasler|Dire Claw|p1a: Hawlucha\n|-damage|p1a: Hawlucha|60/100\n|-status|p1a: Hawlucha|psn\n|move|p1b: Gyarados|Waterfall|p2a: Incineroar\n|-supereffective|p2a: Incineroar|1\n|-damage|p2a: Incineroar|6/100\n|\n|-damage|p1a: Hawlucha|48/100 psn|[from] psn\n|upkeep\n|turn|2\n|\n|t:|1776121713\n|move|p2b: Sneasler|Dire Claw|p1b: Gyarados\n|-damage|p1b: Gyarados|48/100\n|move|p1a: Hawlucha|Flying Press|p2b: Sneasler\n|-damage|p2b: Sneasler|43/100\n|move|p1b: Gyarados|Waterfall|p2a: Incineroar\n|-supereffective|p2a: Incineroar|1\n|-damage|p2a: Incineroar|0 fnt\n|faint|p2a: Incineroar\n|\n|-heal|p1b: Gyarados|54/100|[from] item: Leftovers\n|-damage|p1a: Hawlucha|35/100 psn|[from] psn\n|upkeep\n|\n|t:|1776121727\n|switch|p2a: Farigiraf|Farigiraf, L50, M|100/100\n|turn|3\n|\n|t:|1776121768\n|switch|p1b: Sinistcha|Sinistcha, L50|100/100\n|-heal|p1a: Hawlucha|60/100 psn|[from] ability: Hospitality|[of] p1b: Sinistcha\n|move|p2b: Sneasler|Dire Claw|p1a: Hawlucha\n|-damage|p1a: Hawlucha|19/100 psn\n|move|p1a: Hawlucha|Flying Press|p2a: Farigiraf\n|-damage|p2a: Farigiraf|67/100\n|move|p2a: Farigiraf|Hyper Voice|p1a: Hawlucha|[spread] p1a\n|-immune|p1b: Sinistcha\n|-damage|p1a: Hawlucha|0 fnt\n|faint|p1a: Hawlucha\n|\n|upkeep\n|\n|t:|1776121788\n|switch|p1a: Volcarona|Volcarona, L50, F|100/100\n|turn|4\n|\n|t:|1776121804\n|move|p2b: Sneasler|Dire Claw|p1b: Sinistcha\n|-damage|p1b: Sinistcha|71/100\n|move|p1a: Volcarona|Heat Wave|p2a: Farigiraf|[spread] p2b\n|-miss|p1a: Volcarona|p2a: Farigiraf\n|-damage|p2b: Sneasler|0 fnt\n|faint|p2b: Sneasler\n|move|p1b: Sinistcha|Matcha Gotcha|p2a: Farigiraf\n|-damage|p2a: Farigiraf|35/100\n|-heal|p1b: Sinistcha|92/100|[from] drain|[of] p2a: Farigiraf\n|-status|p2a: Farigiraf|brn\n|-enditem|p2a: Farigiraf|Sitrus Berry|[eat]\n|-heal|p2a: Farigiraf|60/100 brn|[from] item: Sitrus Berry\n|move|p2a: Farigiraf|Trick Room|p2a: Farigiraf\n|-fieldstart|move: Trick Room|[of] p2a: Farigiraf\n|\n|-damage|p2a: Farigiraf|54/100 brn|[from] brn\n|upkeep\n|\n|t:|1776121821\n|switch|p2b: Golurk|Golurk, L50|100/100\n|turn|5\n|\n|t:|1776121831\n|switch|p1a: Gyarados|Gyarados, L50, M|54/100\n|-ability|p1a: Gyarados|Intimidate|boost\n|-unboost|p2a: Farigiraf|atk|1\n|-unboost|p2b: Golurk|atk|1\n|detailschange|p2b: Golurk|Golurk-Mega, L50\n|-mega|p2b: Golurk|Golurk|Golurkite\n|move|p2a: Farigiraf|Helping Hand|p2b: Golurk\n|-singleturn|p2b: Golurk|Helping Hand|[of] p2a: Farigiraf\n|move|p2b: Golurk|Poltergeist|p1b: Sinistcha\n|-activate|p1b: Sinistcha|move: Poltergeist|Sitrus Berry\n|-supereffective|p1b: Sinistcha|1\n|-damage|p1b: Sinistcha|0 fnt\n|faint|p1b: Sinistcha\n|\n|-heal|p1a: Gyarados|60/100|[from] item: Leftovers\n|-damage|p2a: Farigiraf|48/100 brn|[from] brn\n|upkeep\n|\n|t:|1776121847\n|switch|p1b: Volcarona|Volcarona, L50, F|100/100\n|turn|6\n|\n|t:|1776121868\n|move|p2b: Golurk|Poltergeist|p1a: Gyarados\n|-activate|p1a: Gyarados|move: Poltergeist|Leftovers\n|-crit|p1a: Gyarados\n|-damage|p1a: Gyarados|0 fnt\n|faint|p1a: Gyarados\n|move|p2a: Farigiraf|Hyper Voice|p1b: Volcarona\n|-damage|p1b: Volcarona|52/100\n|move|p1b: Volcarona|Heat Wave|p2a: Farigiraf|[spread] p2a,p2b\n|-crit|p2b: Golurk\n|-damage|p2a: Farigiraf|8/100 brn\n|-damage|p2b: Golurk|47/100\n|\n|-damage|p2a: Farigiraf|1/100 brn|[from] brn\n|upkeep\n|turn|7\n|\n|t:|1776121883\n|move|p2b: Golurk|Poltergeist|p1b: Volcarona\n|-activate|p1b: Volcarona|move: Poltergeist|Mental Herb\n|-damage|p1b: Volcarona|0 fnt\n|faint|p1b: Volcarona\n|\n|win|martysarc\n|raw|alvarriderr's rating: 1054 &rarr; <strong>1036</strong><br />(-18 for losing)\n|raw|martysarc's rating: 1048 &rarr; <strong>1081</strong><br />(+33 for winning)\n|c|\u2606martysarc|gg\n|c|\u2606alvarriderr|gg\n|l|\u2606alvarriderr\n|player|p1|\n",
  "uploadtime": 1776121892,
  "views": 12,
  "formatid": "gen9championsvgc2026regma",
  "rating": 1036,
  "private": 0,
  "password": null
}