{
  "id": "gen9championsvgc2026regma-2585517176",
  "format": "[Gen 9 Champions] VGC 2026 Reg M-A",
  "players": [
    "SilentB88",
    "honeybeegirl122"
  ],
  "log": "|j|\u2606SilentB88\n|j|\u2606honeybeegirl122\n|t:|1776352821\n|gametype|doubles\n|player|p1|SilentB88|170|1096\n|player|p2|honeybeegirl122|lass|1143\n|gen|9\n|tier|[Gen 9 Champions] VGC 2026 Reg M-A\n|rated|\n|rule|Species Clause: Limit one of each Pok\u00e9mon\n|rule|Item Clause: Limit 1 of each item\n|clearpoke\n|poke|p1|Glalie, L50, F|\n|poke|p1|Noivern, L50, M|\n|poke|p1|Basculegion, L50, M|\n|poke|p1|Kingambit, L50, F|\n|poke|p1|Sneasler, L50, M|\n|poke|p1|Chandelure, L50, F|\n|poke|p2|Gengar, L50, F|\n|poke|p2|Politoed, L50, M|\n|poke|p2|Basculegion, L50, M|\n|poke|p2|Maushold, L50|\n|poke|p2|Incineroar, L50, F|\n|poke|p2|Aromatisse, L50, M|\n|teampreview|4\n|\n|t:|1776352841\n|teamsize|p1|4\n|teamsize|p2|4\n|start\n|switch|p1a: Noivern|Noivern, L50, M|100/100\n|switch|p1b: Basculegion|Basculegion, L50, M|100/100\n|switch|p2a: Gengar|Gengar, L50, F|100/100\n|switch|p2b: Basculegion|Basculegion, L50, M|100/100\n|turn|1\n|inactive|Battle timer is ON: inactive players will automatically lose when time's up. (requested by SilentB88)\n|\n|t:|1776352857\n|detailschange|p2a: Gengar|Gengar-Mega, L50, F\n|-mega|p2a: Gengar|Gengar|Gengarite\n|move|p1b: Basculegion|Flip Turn|p2a: Gengar\n|-damage|p2a: Gengar|55/100\n|\n|t:|1776352861\n|switch|p1b: Glalie|Glalie, L50, F|100/100|[from] Flip Turn\n|move|p1a: Noivern|Tailwind|p1a: Noivern\n|-sidestart|p1: SilentB88|move: Tailwind\n|move|p2a: Gengar|Perish Song|p2a: Gengar\n|-start|p1a: Noivern|perish3|[silent]\n|-start|p1b: Glalie|perish3|[silent]\n|-start|p2a: Gengar|perish3|[silent]\n|-start|p2b: Basculegion|perish3|[silent]\n|-fieldactivate|move: Perish Song\n|move|p2b: Basculegion|Soak|p1b: Glalie\n|-start|p1b: Glalie|typechange|Water\n|\n|-start|p1a: Noivern|perish3\n|-start|p1b: Glalie|perish3\n|-start|p2a: Gengar|perish3\n|-start|p2b: Basculegion|perish3\n|upkeep\n|turn|2\n|\n|t:|1776352884\n|detailschange|p1b: Glalie|Glalie-Mega, L50, F\n|-mega|p1b: Glalie|Glalie|Glalitite\n|move|p1a: Noivern|Protect|p1a: Noivern\n|-singleturn|p1a: Noivern|Protect\n|move|p1b: Glalie|Protect|p1b: Glalie\n|-singleturn|p1b: Glalie|Protect\n|move|p2a: Gengar|Protect|p2a: Gengar\n|-singleturn|p2a: Gengar|Protect\n|move|p2b: Basculegion|Confuse Ray|p1a: Noivern\n|-activate|p1a: Noivern|move: Protect\n|\n|-start|p1a: Noivern|perish2\n|-start|p1b: Glalie|perish2\n|-start|p2a: Gengar|perish2\n|-start|p2b: Basculegion|perish2\n|upkeep\n|turn|3\n|inactive|SilentB88 has 30 seconds left.\n|inactive|honeybeegirl122 has 30 seconds left.\n|\n|t:|1776352915\n|move|p1a: Noivern|Draco Meteor|p2b: Basculegion\n|-damage|p2b: Basculegion|44/100\n|-unboost|p1a: Noivern|spa|2\n|move|p1b: Glalie|Explosion|p2b: Basculegion|[spread] p2a,p2b\n|-activate|p1a: Noivern|ability: Telepathy\n|-crit|p2a: Gengar\n|-resisted|p2b: Basculegion|1\n|-damage|p2a: Gengar|0 fnt\n|-damage|p2b: Basculegion|0 fnt\n|faint|p1b: Glalie\n|faint|p2a: Gengar\n|faint|p2b: Basculegion\n|\n|-start|p1a: Noivern|perish1\n|upkeep\n|\n|t:|1776352932\n|switch|p2a: Politoed|Politoed, L50, M, shiny|100/100\n|switch|p1b: Kingambit|Kingambit, L50, F|100/100\n|switch|p2b: Aromatisse|Aromatisse, L50, M, shiny|100/100\n|-weather|RainDance|[from] ability: Drizzle|[of] p2a: Politoed\n|turn|4\n|\n|t:|1776352953\n|switch|p1a: Basculegion|Basculegion, L50, M|100/100\n|move|p2a: Politoed|Protect|p2a: Politoed\n|-singleturn|p2a: Politoed|Protect\n|move|p2b: Aromatisse|Protect|p2b: Aromatisse\n|-singleturn|p2b: Aromatisse|Protect\n|move|p1b: Kingambit|Iron Head|p2b: Aromatisse\n|-activate|p2b: Aromatisse|move: Protect\n|\n|-weather|RainDance|[upkeep]\n|-sideend|p1: SilentB88|move: Tailwind\n|upkeep\n|turn|5\n|-message|honeybeegirl122 forfeited.\n|\n|win|SilentB88\n|raw|SilentB88's rating: 1096 &rarr; <strong>1125</strong><br />(+29 for winning)\n|raw|honeybeegirl122's rating: 1143 &rarr; <strong>1115</strong><br />(-28 for losing)\n|l|\u2606honeybeegirl122\n|player|p2|\n",
  "uploadtime": 1776352971,
  "views": 25,
  "formatid": "gen9championsvgc2026regma",
  "rating": 1115,
  "private": 0,
  "password": null
}