{
  "id": "gen9championsvgc2026regma-2581446105",
  "format": "[Gen 9 Champions] VGC 2026 Reg M-A",
  "players": [
    "TheRandomLeaf",
    "ryankun26"
  ],
  "log": "|j|\u2606TheRandomLeaf\n|j|\u2606ryankun26\n|t:|1776001205\n|gametype|doubles\n|player|p1|TheRandomLeaf|101|1074\n|player|p2|ryankun26|hilda|1129\n|gen|9\n|tier|[Gen 9 Champions] VGC 2026 Reg M-A\n|rated|\n|rule|Species Clause: Limit one of each Pok\u00e9mon\n|rule|Item Clause: Limit 1 of each item\n|clearpoke\n|poke|p1|Incineroar, L50, F|\n|poke|p1|Golurk, L50|\n|poke|p1|Mimikyu, L50, M|\n|poke|p1|Heliolisk, L50, M|\n|poke|p1|Basculegion, L50, M|\n|poke|p1|Tsareena, L50, F|\n|poke|p2|Talonflame, L50, F|\n|poke|p2|Glimmora, L50, F|\n|poke|p2|Tsareena, L50, F|\n|poke|p2|Gyarados, L50, F|\n|poke|p2|Clefable, L50, F|\n|poke|p2|Hydreigon, L50, F|\n|teampreview|4\n|inactive|Battle timer is ON: inactive players will automatically lose when time's up. (requested by ryankun26)\n|inactive|TheRandomLeaf has 60 seconds left.\n|\n|t:|1776001237\n|teamsize|p1|4\n|teamsize|p2|4\n|start\n|switch|p1a: Incineroar|Incineroar, L50, F|100/100\n|switch|p1b: Mimikyu|Mimikyu, L50, M|100/100\n|switch|p2a: Tsareena|Tsareena, L50, F|100/100\n|switch|p2b: Gyarados|Gyarados, L50, F|100/100\n|-ability|p2b: Gyarados|Intimidate|boost\n|-unboost|p1a: Incineroar|atk|1\n|-unboost|p1b: Mimikyu|atk|1\n|-ability|p1a: Incineroar|Intimidate|boost\n|-unboost|p2a: Tsareena|atk|1\n|-unboost|p2b: Gyarados|atk|1\n|-enditem|p2a: Tsareena|White Herb\n|-clearnegativeboost|p2a: Tsareena|[silent]\n|turn|1\n|inactive|TheRandomLeaf has 30 seconds left.\n|inactive|TheRandomLeaf has 20 seconds left.\n|inactive|TheRandomLeaf has 15 seconds left.\n|\n|t:|1776001278\n|move|p2b: Gyarados|Taunt|p1b: Mimikyu\n|-start|p1b: Mimikyu|move: Taunt\n|move|p2a: Tsareena|Taunt||[still]\n|-fail|p2a: Tsareena\n|move|p1a: Incineroar|Parting Shot|p2b: Gyarados\n|-unboost|p2b: Gyarados|atk|1\n|-unboost|p2b: Gyarados|spa|1\n|\n|t:|1776001289\n|switch|p1a: Golurk|Golurk, L50|100/100|[from] Parting Shot\n|cant|p1b: Mimikyu|move: Taunt|Trick Room\n|\n|upkeep\n|turn|2\n|\n|t:|1776001305\n|move|p1a: Golurk|Protect|p1a: Golurk\n|-singleturn|p1a: Golurk|Protect\n|move|p2b: Gyarados|Waterfall|p1a: Golurk\n|-activate|p1a: Golurk|move: Protect\n|move|p2a: Tsareena|Trop Kick|p1a: Golurk\n|-activate|p1a: Golurk|move: Protect\n|move|p1b: Mimikyu|Play Rough|p2b: Gyarados\n|-damage|p2b: Gyarados|78/100\n|\n|-heal|p2b: Gyarados|84/100|[from] item: Leftovers\n|upkeep\n|turn|3\n|\n|t:|1776001331\n|switch|p2b: Glimmora|Glimmora, L50, F|100/100\n|switch|p1b: Incineroar|Incineroar, L50, F|100/100\n|-ability|p1b: Incineroar|Intimidate|boost\n|-unboost|p2a: Tsareena|atk|1\n|-unboost|p2b: Glimmora|atk|1\n|switch|p1a: Tsareena|Tsareena, L50, F|100/100\n|move|p2a: Tsareena|Trop Kick|p1b: Incineroar\n|-resisted|p1b: Incineroar|1\n|-damage|p1b: Incineroar|90/100\n|-unboost|p1b: Incineroar|atk|1\n|\n|upkeep\n|turn|4\n|inactive|TheRandomLeaf has 30 seconds left.\n|inactive|TheRandomLeaf has 20 seconds left.\n|\n|t:|1776001370\n|detailschange|p2b: Glimmora|Glimmora-Mega, L50, F\n|-mega|p2b: Glimmora|Glimmora|Glimmoranite\n|move|p2a: Tsareena|Protect|p2a: Tsareena\n|-singleturn|p2a: Tsareena|Protect\n|move|p2b: Glimmora|Sludge Bomb|p1a: Tsareena\n|-supereffective|p1a: Tsareena|1\n|-damage|p1a: Tsareena|0 fnt\n|faint|p1a: Tsareena\n|move|p1b: Incineroar|Parting Shot|p2b: Glimmora\n|-unboost|p2b: Glimmora|atk|1\n|-unboost|p2b: Glimmora|spa|1\n|\n|t:|1776001384\n|switch|p1b: Mimikyu|Mimikyu, L50, M|100/100|[from] Parting Shot\n|\n|upkeep\n|\n|t:|1776001395\n|switch|p1a: Incineroar|Incineroar, L50, F|90/100\n|-ability|p1a: Incineroar|Intimidate|boost\n|-unboost|p2a: Tsareena|atk|1\n|-unboost|p2b: Glimmora|atk|1\n|turn|5\n|\n|t:|1776001407\n|switch|p2b: Gyarados|Gyarados, L50, F|84/100\n|-ability|p2b: Gyarados|Intimidate|boost\n|-unboost|p1a: Incineroar|atk|1\n|-unboost|p1b: Mimikyu|atk|1\n|move|p2a: Tsareena|Taunt|p1b: Mimikyu\n|-start|p1b: Mimikyu|move: Taunt\n|move|p1a: Incineroar|Flare Blitz|p2a: Tsareena\n|-supereffective|p2a: Tsareena|1\n|-damage|p2a: Tsareena|33/100\n|-damage|p1a: Incineroar|70/100|[from] Recoil\n|cant|p1b: Mimikyu|move: Taunt|Trick Room\n|\n|-heal|p2b: Gyarados|91/100|[from] item: Leftovers\n|upkeep\n|turn|6\n|\n|t:|1776001432\n|switch|p2a: Glimmora|Glimmora-Mega, L50, F|100/100\n|move|p2b: Gyarados|Waterfall|p1a: Incineroar\n|-supereffective|p1a: Incineroar|1\n|-damage|p1a: Incineroar|11/100\n|-enditem|p1a: Incineroar|Sitrus Berry|[eat]\n|-heal|p1a: Incineroar|36/100|[from] item: Sitrus Berry\n|move|p1b: Mimikyu|Play Rough|p2b: Gyarados\n|-damage|p2b: Gyarados|67/100\n|cant|p1a: Incineroar|flinch\n|\n|-heal|p2b: Gyarados|73/100|[from] item: Leftovers\n|upkeep\n|turn|7\n|inactive|TheRandomLeaf has 30 seconds left.\n|\n|t:|1776001457\n|move|p2a: Glimmora|Sludge Bomb|p1b: Mimikyu\n|-activate|p1b: Mimikyu|ability: Disguise\n|-damage|p1b: Mimikyu|100/100\n|detailschange|p1b: Mimikyu|Mimikyu-Busted, L50, M\n|-damage|p1b: Mimikyu|88/100|[from] pokemon: Mimikyu-Busted\n|move|p2b: Gyarados|Waterfall|p1a: Incineroar\n|-supereffective|p1a: Incineroar|1\n|-damage|p1a: Incineroar|0 fnt\n|faint|p1a: Incineroar\n|move|p1b: Mimikyu|Play Rough|p2a: Glimmora\n|-resisted|p2a: Glimmora|1\n|-damage|p2a: Glimmora|90/100\n|\n|-heal|p2b: Gyarados|80/100|[from] item: Leftovers\n|-end|p1b: Mimikyu|move: Taunt\n|upkeep\n|\n|t:|1776001473\n|switch|p1a: Golurk|Golurk, L50|100/100\n|turn|8\n|\n|t:|1776001498\n|switch|p2a: Hydreigon|Hydreigon, L50, F|100/100\n|detailschange|p1a: Golurk|Golurk-Mega, L50\n|-mega|p1a: Golurk|Golurk|Golurkite\n|move|p2b: Gyarados|Taunt|p1b: Mimikyu\n|-start|p1b: Mimikyu|move: Taunt\n|move|p1a: Golurk|Poltergeist|p2b: Gyarados\n|-activate|p2b: Gyarados|move: Poltergeist|Leftovers\n|-damage|p2b: Gyarados|1/100\n|cant|p1b: Mimikyu|move: Taunt|Trick Room\n|\n|-heal|p2b: Gyarados|7/100|[from] item: Leftovers\n|upkeep\n|turn|9\n|\n|t:|1776001516\n|move|p1a: Golurk|Protect|p1a: Golurk\n|-singleturn|p1a: Golurk|Protect\n|move|p2a: Hydreigon|Dark Pulse|p1b: Mimikyu\n|-damage|p1b: Mimikyu|51/100\n|move|p2b: Gyarados|Waterfall|p1b: Mimikyu\n|-damage|p1b: Mimikyu|15/100\n|cant|p1b: Mimikyu|flinch\n|\n|-heal|p2b: Gyarados|14/100|[from] item: Leftovers\n|upkeep\n|turn|10\n|\n|t:|1776001532\n|move|p2a: Hydreigon|Dark Pulse|p1a: Golurk\n|-supereffective|p1a: Golurk|1\n|-damage|p1a: Golurk|33/100\n|move|p2b: Gyarados|Waterfall|p1a: Golurk\n|-supereffective|p1a: Golurk|1\n|-damage|p1a: Golurk|0 fnt\n|faint|p1a: Golurk\n|move|p1b: Mimikyu|Play Rough|p2b: Gyarados\n|-damage|p2b: Gyarados|0 fnt\n|faint|p2b: Gyarados\n|\n|-end|p1b: Mimikyu|move: Taunt\n|upkeep\n|\n|t:|1776001539\n|switch|p2b: Tsareena|Tsareena, L50, F|33/100\n|turn|11\n|\n|t:|1776001554\n|move|p2a: Hydreigon|Dark Pulse|p1b: Mimikyu\n|-damage|p1b: Mimikyu|0 fnt\n|faint|p1b: Mimikyu\n|\n|win|ryankun26\n|raw|TheRandomLeaf's rating: 1074 &rarr; <strong>1056</strong><br />(-18 for losing)\n|raw|ryankun26's rating: 1129 &rarr; <strong>1150</strong><br />(+21 for winning)\n|l|\u2606TheRandomLeaf\n|player|p1|\n",
  "uploadtime": 1776001566,
  "views": 26,
  "formatid": "gen9championsvgc2026regma",
  "rating": 1056,
  "private": 0,
  "password": null
}