{
  "id": "gen9championsvgc2026regma-2584989186",
  "format": "[Gen 9 Champions] VGC 2026 Reg M-A",
  "players": [
    "areestoo",
    "doodle0205"
  ],
  "log": "|j|\u2606areestoo\n|j|\u2606doodle0205\n|t:|1776301056\n|gametype|doubles\n|player|p1|areestoo|101|1134\n|player|p2|doodle0205|2|1208\n|gen|9\n|tier|[Gen 9 Champions] VGC 2026 Reg M-A\n|rated|\n|rule|Species Clause: Limit one of each Pok\u00e9mon\n|rule|Item Clause: Limit 1 of each item\n|clearpoke\n|poke|p1|Blastoise, L50, M|\n|poke|p1|Pelipper, L50, M|\n|poke|p1|Floette-Eternal, L50, F|\n|poke|p1|Wyrdeer, L50, F|\n|poke|p1|Weavile, L50, M|\n|poke|p1|Manectric, L50, M|\n|poke|p2|Froslass, L50, F|\n|poke|p2|Rotom-Frost, L50|\n|poke|p2|Garchomp, L50, F|\n|poke|p2|Incineroar, L50, F|\n|poke|p2|Empoleon, L50, F|\n|poke|p2|Kingambit, L50, M|\n|teampreview|4\n|inactive|Battle timer is ON: inactive players will automatically lose when time's up. (requested by doodle0205)\n|inactive|areestoo also wants the timer to be on.\ndoodle0205 rejected open team sheets.\n|inactive|areestoo has 60 seconds left.\n|inactive|areestoo has 30 seconds left.\n|inactive|areestoo has 20 seconds left.\n|\n|t:|1776301128\n|teamsize|p1|4\n|teamsize|p2|4\n|start\n|switch|p1a: Pelipper|Pelipper, L50, M|100/100\n|switch|p1b: Blastoise|Blastoise, L50, M|100/100\n|switch|p2a: Rotom|Rotom-Frost, L50|100/100\n|switch|p2b: Garchomp|Garchomp, L50, F|100/100\n|-weather|RainDance|[from] ability: Drizzle|[of] p1a: Pelipper\n|turn|1\n|\n|t:|1776301153\n|detailschange|p1b: Blastoise|Blastoise-Mega, L50, M\n|-mega|p1b: Blastoise|Blastoise|Blastoisinite\n|move|p2b: Garchomp|Protect|p2b: Garchomp\n|-singleturn|p2b: Garchomp|Protect\n|move|p2a: Rotom|Volt Switch|p1a: Pelipper\n|-supereffective|p1a: Pelipper|2\n|-damage|p1a: Pelipper|0 fnt\n|faint|p1a: Pelipper\n|\n|t:|1776301161\n|switch|p2a: Empoleon|Empoleon, L50, F|100/100|[from] Volt Switch\n|move|p1b: Blastoise|Water Spout|p2b: Garchomp|[spread] p2a\n|-activate|p2b: Garchomp|move: Protect\n|-resisted|p2a: Empoleon|1\n|-crit|p2a: Empoleon\n|-damage|p2a: Empoleon|29/100\n|\n|-weather|RainDance|[upkeep]\n|-heal|p2a: Empoleon|35/100|[from] item: Leftovers\n|upkeep\n|\n|t:|1776301175\n|switch|p1a: Wyrdeer|Wyrdeer, L50, F|100/100\n|-ability|p1a: Wyrdeer|Intimidate|boost\n|-unboost|p2a: Empoleon|atk|1\n|-ability|p2a: Empoleon|Competitive|boost\n|-boost|p2a: Empoleon|spa|2\n|-unboost|p2b: Garchomp|atk|1\n|-enditem|p2b: Garchomp|White Herb\n|-clearnegativeboost|p2b: Garchomp|[silent]\n|turn|2\n|\n|t:|1776301185\n|move|p2a: Empoleon|Protect|p2a: Empoleon\n|-singleturn|p2a: Empoleon|Protect\n|move|p2b: Garchomp|Dragon Claw|p1b: Blastoise\n|-damage|p1b: Blastoise|68/100\n|move|p1b: Blastoise|Aura Sphere|p2a: Empoleon\n|-activate|p2a: Empoleon|move: Protect\n|move|p1a: Wyrdeer|Trick Room|p1a: Wyrdeer\n|-fieldstart|move: Trick Room|[of] p1a: Wyrdeer\n|\n|-weather|RainDance|[upkeep]\n|-heal|p2a: Empoleon|41/100|[from] item: Leftovers\n|upkeep\n|turn|3\n|\n|t:|1776301206\n|move|p1a: Wyrdeer|Psyshield Bash|p2b: Garchomp\n|-damage|p2b: Garchomp|53/100\n|-boost|p1a: Wyrdeer|def|1\n|-damage|p1a: Wyrdeer|88/100|[from] ability: Rough Skin|[of] p2b: Garchomp\n|move|p1b: Blastoise|Aura Sphere|p2a: Empoleon\n|-supereffective|p2a: Empoleon|1\n|-crit|p2a: Empoleon\n|-damage|p2a: Empoleon|0 fnt\n|faint|p2a: Empoleon\n|move|p2b: Garchomp|Dragon Claw|p1b: Blastoise\n|-damage|p1b: Blastoise|35/100\n|\n|-weather|RainDance|[upkeep]\n|upkeep\n|\n|t:|1776301216\n|switch|p2a: Froslass|Froslass, L50, F|100/100\n|turn|4\n|\n|t:|1776301227\n|detailschange|p2a: Froslass|Froslass-Mega, L50, F\n|-mega|p2a: Froslass|Froslass|Froslassite\n|-weather|Snowscape|[from] ability: Snow Warning|[of] p2a: Froslass\n|move|p2b: Garchomp|Protect|p2b: Garchomp\n|-singleturn|p2b: Garchomp|Protect\n|move|p1a: Wyrdeer|Psyshield Bash|p2a: Froslass\n|-damage|p2a: Froslass|56/100\n|-boost|p1a: Wyrdeer|def|1\n|move|p1b: Blastoise|Water Pulse|p2a: Froslass\n|-damage|p2a: Froslass|0 fnt\n|faint|p2a: Froslass\n|\n|-weather|Snowscape|[upkeep]\n|upkeep\n|\n|t:|1776301238\n|switch|p2a: Rotom|Rotom-Frost, L50|100/100\n|turn|5\n|\n|t:|1776301256\n|move|p1a: Wyrdeer|Double-Edge|p2b: Garchomp\n|-damage|p2b: Garchomp|0 fnt\n|-damage|p1a: Wyrdeer|76/100|[from] ability: Rough Skin|[of] p2b: Garchomp\n|faint|p2b: Garchomp\n|-damage|p1a: Wyrdeer|60/100|[from] Recoil\n|move|p1b: Blastoise|Water Pulse|p2a: Rotom\n|-damage|p2a: Rotom|27/100\n|move|p2a: Rotom|Thunderbolt|p1b: Blastoise\n|-supereffective|p1b: Blastoise|1\n|-damage|p1b: Blastoise|0 fnt\n|faint|p1b: Blastoise\n|\n|-weather|Snowscape|[upkeep]\n|upkeep\n|\n|t:|1776301269\n|switch|p1b: Floette|Floette-Eternal, L50, F|100/100\n|turn|6\n|-message|doodle0205 forfeited.\n|\n|win|areestoo\n|raw|areestoo's rating: 1134 &rarr; <strong>1164</strong><br />(+30 for winning)\n|raw|doodle0205's rating: 1208 &rarr; <strong>1178</strong><br />(-30 for losing)\n",
  "uploadtime": 1776301271,
  "views": 24,
  "formatid": "gen9championsvgc2026regma",
  "rating": 1164,
  "private": 0,
  "password": null
}