{
  "id": "gen9championsvgc2026regma-2583915310",
  "format": "[Gen 9 Champions] VGC 2026 Reg M-A",
  "players": [
    "Hiat6578",
    "The Carkol Rider"
  ],
  "log": "|j|\u2606Hiat6578\n|j|\u2606The Carkol Rider\n|t:|1776207948\n|gametype|doubles\n|player|p1|Hiat6578|fisherman-gen4|1065\n|player|p2|The Carkol Rider|grimsley|1126\n|gen|9\n|tier|[Gen 9 Champions] VGC 2026 Reg M-A\n|rated|\n|rule|Species Clause: Limit one of each Pok\u00e9mon\n|rule|Item Clause: Limit 1 of each item\n|clearpoke\n|poke|p1|Pinsir, L50, M|\n|poke|p1|Sneasler, L50, M|\n|poke|p1|Archaludon, L50, F|\n|poke|p1|Starmie, L50|\n|poke|p1|Rotom-Wash, L50|\n|poke|p1|Clefable, L50, F|\n|poke|p2|Floette-Eternal, L50, F|\n|poke|p2|Maushold, L50|\n|poke|p2|Garchomp, L50, M|\n|poke|p2|Talonflame, L50, F|\n|poke|p2|Rotom-Wash, L50|\n|poke|p2|Aegislash, L50, F|\n|teampreview|4\n|inactive|Battle timer is ON: inactive players will automatically lose when time's up. (requested by Hiat6578)\nHiat6578 rejected open team sheets.\n|j| LanternComic\n|j| CloudySkies17695\n|inactive|The Carkol Rider has 60 seconds left.\n|\n|t:|1776207983\n|teamsize|p1|4\n|teamsize|p2|4\n|start\n|switch|p1a: Clefable|Clefable, L50, F|100/100\n|switch|p1b: Starmie|Starmie, L50|100/100\n|switch|p2a: Floette|Floette-Eternal, L50, F|100/100\n|switch|p2b: Garchomp|Garchomp, L50, M|100/100\n|turn|1\n|\n|t:|1776208006\n|detailschange|p1b: Starmie|Starmie-Mega, L50\n|-mega|p1b: Starmie|Starmie|Starminite\n|detailschange|p2a: Floette|Floette-Mega, L50, F\n|-mega|p2a: Floette|Floette|Floettite\n|-ability|p2a: Floette|Fairy Aura\n|move|p2a: Floette|Protect|p2a: Floette\n|-singleturn|p2a: Floette|Protect\n|move|p2b: Garchomp|Earthquake|p1a: Clefable|[spread] p1a,p1b\n|-activate|p2a: Floette|move: Protect\n|-damage|p1a: Clefable|60/100\n|-damage|p1b: Starmie|54/100\n|move|p1b: Starmie|Liquidation|p2a: Floette\n|-activate|p2a: Floette|move: Protect\n|move|p1a: Clefable|Ice Beam|p2b: Garchomp\n|-supereffective|p2b: Garchomp|2\n|-damage|p2b: Garchomp|0 fnt\n|faint|p2b: Garchomp\n|\n|upkeep\n|\n|t:|1776208019\n|switch|p2b: Talonflame|Talonflame, L50, F|100/100\n|turn|2\n|\n|t:|1776208033\n|move|p1a: Clefable|Protect|p1a: Clefable\n|-singleturn|p1a: Clefable|Protect\n|move|p2b: Talonflame|Tailwind|p2b: Talonflame\n|-sidestart|p2: The Carkol Rider|move: Tailwind\n|move|p2a: Floette|Moonblast|p1b: Starmie\n|-damage|p1b: Starmie|0 fnt\n|faint|p1b: Starmie\n|\n|upkeep\n|\n|t:|1776208042\n|switch|p1b: Sneasler|Sneasler, L50, M|100/100\n|turn|3\n|\n|t:|1776208047\n|move|p2b: Talonflame|Protect|p2b: Talonflame\n|-singleturn|p2b: Talonflame|Protect\n|move|p2a: Floette|Protect|p2a: Floette\n|-singleturn|p2a: Floette|Protect\n|move|p1a: Clefable|Follow Me|p1a: Clefable\n|-singleturn|p1a: Clefable|move: Follow Me\n|move|p1b: Sneasler|Dire Claw|p2a: Floette\n|-activate|p2a: Floette|move: Protect\n|\n|upkeep\n|turn|4\n|\n|t:|1776208067\n|move|p1a: Clefable|Follow Me|p1a: Clefable\n|-singleturn|p1a: Clefable|move: Follow Me\n|move|p2b: Talonflame|Flare Blitz|p1a: Clefable\n|-damage|p1a: Clefable|11/100\n|-enditem|p1a: Clefable|Sitrus Berry|[eat]\n|-heal|p1a: Clefable|36/100|[from] item: Sitrus Berry\n|-damage|p2b: Talonflame|79/100|[from] Recoil\n|move|p2a: Floette|Moonblast|p1a: Clefable\n|-damage|p1a: Clefable|0 fnt\n|faint|p1a: Clefable\n|move|p1b: Sneasler|Dire Claw|p2a: Floette\n|-supereffective|p2a: Floette|1\n|-damage|p2a: Floette|0 fnt\n|faint|p2a: Floette\n|\n|upkeep\n|\n|t:|1776208082\n|switch|p2a: Aegislash|Aegislash, L50, F|100/100\n|switch|p1a: Rotom|Rotom-Wash, L50, shiny|100/100\n|turn|5\n|\n|t:|1776208100\n|move|p2b: Talonflame|Flare Blitz|p1a: Rotom\n|-resisted|p1a: Rotom|1\n|-damage|p1a: Rotom|72/100\n|-damage|p2b: Talonflame|71/100|[from] Recoil\n|move|p1b: Sneasler|Close Combat|p2b: Talonflame\n|-resisted|p2b: Talonflame|1\n|-damage|p2b: Talonflame|20/100\n|-unboost|p1b: Sneasler|def|1\n|-unboost|p1b: Sneasler|spd|1\n|-enditem|p1b: Sneasler|White Herb\n|-clearnegativeboost|p1b: Sneasler|[silent]\n|-formechange|p2a: Aegislash|Aegislash-Blade|\n|move|p2a: Aegislash|Poltergeist|p1a: Rotom|[miss]\n|-miss|p2a: Aegislash|p1a: Rotom\n|move|p1a: Rotom|Will-O-Wisp|p2a: Aegislash\n|-status|p2a: Aegislash|brn\n|\n|-damage|p2a: Aegislash|95/100 brn|[from] brn\n|-sideend|p2: The Carkol Rider|move: Tailwind\n|upkeep\n|turn|6\n|\n|t:|1776208122\n|move|p2b: Talonflame|Protect|p2b: Talonflame\n|-singleturn|p2b: Talonflame|Protect\n|move|p1b: Sneasler|Acrobatics|p2a: Aegislash\n|-resisted|p2a: Aegislash|1\n|-damage|p2a: Aegislash|53/100 brn\n|move|p1a: Rotom|Thunderbolt|p2b: Talonflame\n|-activate|p2b: Talonflame|move: Protect\n|move|p2a: Aegislash|Poltergeist||[still]\n|-fail|p2a: Aegislash\n|\n|-damage|p2a: Aegislash|47/100 brn|[from] brn\n|upkeep\n|turn|7\n|-message|The Carkol Rider forfeited.\n|\n|win|Hiat6578\n|raw|Hiat6578's rating: 1065 &rarr; <strong>1101</strong><br />(+36 for winning)\n|raw|The Carkol Rider's rating: 1126 &rarr; <strong>1097</strong><br />(-29 for losing)\n|l|\u2606The Carkol Rider\n|player|p2|\n|l|\u2606Hiat6578\n|player|p1|\n|l| LanternComic\n|j|\u2606Hiat6578\n|player|p1|Hiat6578|fisherman-gen4|\n|j| TheReasoned\n|l|\u2606Hiat6578\n|player|p1|\n|l| TheReasoned\n",
  "uploadtime": 1776208132,
  "views": 16,
  "formatid": "gen9championsvgc2026regma",
  "rating": 1097,
  "private": 0,
  "password": null
}