{
  "id": "gen9championsvgc2026regma-2582708877",
  "format": "[Gen 9 Champions] VGC 2026 Reg M-A",
  "players": [
    "edf wsdefsdfsf",
    "SunshineSystem"
  ],
  "log": "|j|\u2606edf wsdefsdfsf\n|j|\u2606SunshineSystem\n|t:|1776108732\n|gametype|doubles\n|player|p1|edf wsdefsdfsf|265|1000\n|player|p2|SunshineSystem|caitlin|1061\n|gen|9\n|tier|[Gen 9 Champions] VGC 2026 Reg M-A\n|rated|\n|rule|Species Clause: Limit one of each Pok\u00e9mon\n|rule|Item Clause: Limit 1 of each item\n|clearpoke\n|poke|p1|Incineroar, L50, F|\n|poke|p1|Rotom-Wash, L50|\n|poke|p1|Charizard, L50, M|\n|poke|p1|Ninetales-Alola, L50, M|\n|poke|p1|Kingambit, L50, M|\n|poke|p1|Sneasler, L50, F|\n|poke|p2|Floette-Eternal, L50, F|\n|poke|p2|Sylveon, L50, F|\n|poke|p2|Tyranitar, L50, F|\n|poke|p2|Excadrill, L50, F|\n|poke|p2|Sableye, L50, F|\n|poke|p2|Incineroar, L50, F|\n|teampreview|4\n|inactive|Battle timer is ON: inactive players will automatically lose when time's up. (requested by SunshineSystem)\n|inactive|edf wsdefsdfsf has 60 seconds left.\n|\n|t:|1776108769\n|teamsize|p1|4\n|teamsize|p2|4\n|start\n|switch|p1a: Charizard|Charizard, L50, M|100/100\n|switch|p1b: Incineroar|Incineroar, L50, F|100/100\n|switch|p2a: Fastest mon|Excadrill, L50, F|100/100\n|switch|p2b: the exception OU|Tyranitar, L50, F|100/100\n|-ability|p1b: Incineroar|Intimidate|boost\n|-unboost|p2a: Fastest mon|atk|1\n|-unboost|p2b: the exception OU|atk|1\n|-weather|Sandstorm|[from] ability: Sand Stream|[of] p2b: the exception OU\n|turn|1\n|inactive|edf wsdefsdfsf has 30 seconds left.\n|inactive|edf wsdefsdfsf has 20 seconds left.\n|inactive|edf wsdefsdfsf has 15 seconds left.\n|\n|t:|1776108813\n|switch|p2a: #1 Best pokemon|Incineroar, L50, F|100/100\n|-ability|p2a: #1 Best pokemon|Intimidate|boost\n|-unboost|p1a: Charizard|atk|1\n|-unboost|p1b: Incineroar|atk|1\n|move|p1a: Charizard|Protect|p1a: Charizard\n|-singleturn|p1a: Charizard|Protect\n|move|p2b: the exception OU|Protect|p2b: the exception OU\n|-singleturn|p2b: the exception OU|Protect\n|move|p1b: Incineroar|Parting Shot|p2b: the exception OU\n|-activate|p2b: the exception OU|move: Protect\n|\n|-weather|Sandstorm|[upkeep]\n|-damage|p1a: Charizard|95/100|[from] Sandstorm\n|-damage|p1b: Incineroar|95/100|[from] Sandstorm\n|-damage|p2a: #1 Best pokemon|95/100|[from] Sandstorm\n|upkeep\n|turn|2\n|inactive|SunshineSystem has 30 seconds left.\n|\n|t:|1776108843\n|switch|p1a: Ninetales|Ninetales-Alola, L50, M|100/100\n|-weather|Snowscape|[from] ability: Snow Warning|[of] p1a: Ninetales\n|switch|p1b: Sneasler|Sneasler, L50, F|100/100\n|detailschange|p2b: the exception OU|Tyranitar-Mega, L50, F\n|-mega|p2b: the exception OU|Tyranitar|Tyranitarite\n|-weather|Sandstorm|[from] ability: Sand Stream|[of] p2b: the exception OU\n|move|p2a: #1 Best pokemon|Fake Out|p1b: Sneasler\n|-damage|p1b: Sneasler|76/100\n|move|p2b: the exception OU|Rock Slide|p1a: Ninetales|[spread] p1a,p1b\n|-supereffective|p1a: Ninetales|1\n|-resisted|p1b: Sneasler|1\n|-damage|p1a: Ninetales|31/100\n|-damage|p1b: Sneasler|55/100\n|\n|-weather|Sandstorm|[upkeep]\n|-damage|p1b: Sneasler|49/100|[from] Sandstorm\n|-damage|p1a: Ninetales|25/100|[from] Sandstorm\n|-damage|p2a: #1 Best pokemon|89/100|[from] Sandstorm\n|upkeep\n|turn|3\n|inactive|edf wsdefsdfsf has 30 seconds left.\n|inactive|SunshineSystem has 30 seconds left.\n|inactive|edf wsdefsdfsf has 20 seconds left.\n|\n|t:|1776108881\n|switch|p1a: Incineroar|Incineroar, L50, F|95/100\n|-ability|p1a: Incineroar|Intimidate|boost\n|-unboost|p2a: #1 Best pokemon|atk|1\n|-unboost|p2b: the exception OU|atk|1\n|-enditem|p2a: #1 Best pokemon|White Herb\n|-clearnegativeboost|p2a: #1 Best pokemon|[silent]\n|switch|p2b: Transgender|Sylveon, L50, F|100/100\n|move|p1b: Sneasler|Close Combat|p2a: #1 Best pokemon\n|-supereffective|p2a: #1 Best pokemon|1\n|-damage|p2a: #1 Best pokemon|0 fnt\n|-unboost|p1b: Sneasler|def|1\n|-unboost|p1b: Sneasler|spd|1\n|faint|p2a: #1 Best pokemon\n|-enditem|p1b: Sneasler|White Herb\n|-clearnegativeboost|p1b: Sneasler|[silent]\n|\n|-weather|Sandstorm|[upkeep]\n|-damage|p1b: Sneasler|43/100|[from] Sandstorm\n|-damage|p2b: Transgender|95/100|[from] Sandstorm\n|-damage|p1a: Incineroar|89/100|[from] Sandstorm\n|upkeep\n|\n|t:|1776108894\n|switch|p2a: Fastest mon|Excadrill, L50, F|100/100\n|turn|4\n|\n|t:|1776108911\n|move|p2a: Fastest mon|Protect|p2a: Fastest mon\n|-singleturn|p2a: Fastest mon|Protect\n|move|p1a: Incineroar|Fake Out|p2a: Fastest mon\n|-activate|p2a: Fastest mon|move: Protect\n|move|p1b: Sneasler|Dire Claw|p2b: Transgender\n|-supereffective|p2b: Transgender|1\n|-damage|p2b: Transgender|0 fnt\n|faint|p2b: Transgender\n|\n|-weather|Sandstorm|[upkeep]\n|-damage|p1b: Sneasler|37/100|[from] Sandstorm\n|-damage|p1a: Incineroar|83/100|[from] Sandstorm\n|upkeep\n|\n|t:|1776108919\n|switch|p2b: the exception OU|Tyranitar-Mega, L50, F|100/100\n|turn|5\n|\n|t:|1776108936\n|switch|p1a: Ninetales|Ninetales-Alola, L50, M|25/100\n|-weather|Snowscape|[from] ability: Snow Warning|[of] p1a: Ninetales\n|move|p2b: the exception OU|Protect|p2b: the exception OU\n|-singleturn|p2b: the exception OU|Protect\n|move|p1b: Sneasler|Close Combat|p2a: Fastest mon\n|-supereffective|p2a: Fastest mon|1\n|-enditem|p2a: Fastest mon|Focus Sash\n|-damage|p2a: Fastest mon|1/100\n|-unboost|p1b: Sneasler|def|1\n|-unboost|p1b: Sneasler|spd|1\n|move|p2a: Fastest mon|Earthquake|p1a: Ninetales|[spread] p1a,p1b\n|-activate|p2b: the exception OU|move: Protect\n|-supereffective|p1b: Sneasler|1\n|-damage|p1a: Ninetales|0 fnt\n|-damage|p1b: Sneasler|0 fnt\n|faint|p1a: Ninetales\n|faint|p1b: Sneasler\n|\n|-weather|Snowscape|[upkeep]\n|upkeep\n|\n|t:|1776108955\n|switch|p1b: Charizard|Charizard, L50, M|95/100\n|switch|p1a: Incineroar|Incineroar, L50, F|83/100\n|-ability|p1a: Incineroar|Intimidate|boost\n|-unboost|p2a: Fastest mon|atk|1\n|-unboost|p2b: the exception OU|atk|1\n|turn|6\n|inactive|edf wsdefsdfsf has 30 seconds left.\n|inactive|edf wsdefsdfsf has 20 seconds left.\n|inactive|edf wsdefsdfsf has 15 seconds left.\n|\n|t:|1776108999\n|detailschange|p1b: Charizard|Charizard-Mega-X, L50, M\n|-mega|p1b: Charizard|Charizard|Charizardite X\n|move|p2a: Fastest mon|Protect|p2a: Fastest mon\n|-singleturn|p2a: Fastest mon|Protect\n|move|p1b: Charizard|Dragon Dance|p1b: Charizard\n|-boost|p1b: Charizard|atk|1\n|-boost|p1b: Charizard|spe|1\n|move|p2b: the exception OU|Rock Slide|p1b: Charizard|[spread] p1a,p1b\n|-supereffective|p1a: Incineroar|1\n|-supereffective|p1b: Charizard|1\n|-damage|p1a: Incineroar|31/100\n|-damage|p1b: Charizard|44/100\n|-enditem|p1a: Incineroar|Sitrus Berry|[eat]\n|-heal|p1a: Incineroar|56/100|[from] item: Sitrus Berry\n|move|p1a: Incineroar|Parting Shot|p2b: the exception OU\n|-unboost|p2b: the exception OU|atk|1\n|-unboost|p2b: the exception OU|spa|1\n|\n|-weather|Snowscape|[upkeep]\n|upkeep\n|turn|7\n|inactive|edf wsdefsdfsf has 30 seconds left.\n|inactive|edf wsdefsdfsf has 20 seconds left.\n|inactive|edf wsdefsdfsf has 15 seconds left.\n|\n|t:|1776109040\n|move|p1b: Charizard|Dragon Claw|p2a: Fastest mon\n|-resisted|p2a: Fastest mon|1\n|-damage|p2a: Fastest mon|0 fnt\n|faint|p2a: Fastest mon\n|move|p2b: the exception OU|High Horsepower|p1b: Charizard\n|-supereffective|p1b: Charizard|1\n|-damage|p1b: Charizard|0 fnt\n|faint|p1b: Charizard\n|move|p1a: Incineroar|Parting Shot|p2b: the exception OU\n|-unboost|p2b: the exception OU|atk|1\n|-unboost|p2b: the exception OU|spa|1\n|\n|-weather|Snowscape|[upkeep]\n|upkeep\n|turn|8\n|\n|t:|1776109053\n|move|p2b: the exception OU|High Horsepower|p1a: Incineroar\n|-supereffective|p1a: Incineroar|1\n|-damage|p1a: Incineroar|23/100\n|move|p1a: Incineroar|Darkest Lariat|p2b: the exception OU\n|-resisted|p2b: the exception OU|1\n|-damage|p2b: the exception OU|90/100\n|\n|-weather|Snowscape|[upkeep]\n|upkeep\n|turn|9\n|-message|edf wsdefsdfsf forfeited.\n|\n|win|SunshineSystem\n|raw|edf wsdefsdfsf's rating: 1000 &rarr; <strong>1000</strong><br />(+0 for losing)\n|raw|SunshineSystem's rating: 1061 &rarr; <strong>1086</strong><br />(+25 for winning)\n|l|\u2606edf wsdefsdfsf\n|player|p1|\n",
  "uploadtime": 1776109060,
  "views": 12,
  "formatid": "gen9championsvgc2026regma",
  "rating": 1000,
  "private": 0,
  "password": null
}