{
  "id": "gen9championsvgc2026regma-2588549977",
  "format": "[Gen 9 Champions] VGC 2026 Reg M-A",
  "players": [
    "Shrim101",
    "soulo333"
  ],
  "log": "|j|\u2606Shrim101\n|j|\u2606soulo333\n|t:|1776644009\n|gametype|doubles\n|player|p1|Shrim101|n|1254\n|player|p2|soulo333|102|1225\n|gen|9\n|tier|[Gen 9 Champions] VGC 2026 Reg M-A\n|rated|\n|rule|Species Clause: Limit one of each Pok\u00e9mon\n|rule|Item Clause: Limit 1 of each item\n|clearpoke\n|poke|p1|Ninetales-Alola, L50, M|\n|poke|p1|Dragapult, L50, F|\n|poke|p1|Floette-Eternal, L50, F|\n|poke|p1|Mudsdale, L50, F|\n|poke|p1|Quaquaval, L50, F|\n|poke|p1|Corviknight, L50, F|\n|poke|p2|Charizard, L50, M|\n|poke|p2|Sneasler, L50, F|\n|poke|p2|Sinistcha, L50|\n|poke|p2|Incineroar, L50, F|\n|poke|p2|Milotic, L50, M|\n|poke|p2|Tyranitar, L50, M|\n|teampreview|4\n|\n|t:|1776644046\n|teamsize|p1|4\n|teamsize|p2|4\n|start\n|switch|p1a: Mudsdale|Mudsdale, L50, F|100/100\n|switch|p1b: Corviknight|Corviknight, L50, F|100/100\n|switch|p2a: Charizard|Charizard, L50, M|100/100\n|switch|p2b: Incineroar|Incineroar, L50, F|100/100\n|-ability|p2b: Incineroar|Intimidate|boost\n|-unboost|p1a: Mudsdale|atk|1\n|-ability|p1b: Corviknight|Mirror Armor\n|-unboost|p2b: Incineroar|atk|1\n|turn|1\n|\n|t:|1776644071\n|move|p2b: Incineroar|Fake Out|p1b: Corviknight\n|-resisted|p1b: Corviknight|1\n|-damage|p1b: Corviknight|98/100\n|move|p2a: Charizard|Dragon Dance|p2a: Charizard\n|-boost|p2a: Charizard|atk|1\n|-boost|p2a: Charizard|spe|1\n|cant|p1b: Corviknight|flinch\n|move|p1a: Mudsdale|Rock Slide|p2b: Incineroar|[spread] p2a,p2b\n|-supereffective|p2a: Charizard|2\n|-supereffective|p2b: Incineroar|1\n|-damage|p2a: Charizard|33/100\n|-damage|p2b: Incineroar|75/100\n|\n|-heal|p1b: Corviknight|100/100|[from] item: Leftovers\n|upkeep\n|turn|2\n|\n|t:|1776644090\n|move|p2a: Charizard|Protect|p2a: Charizard\n|-singleturn|p2a: Charizard|Protect\n|move|p2b: Incineroar|Parting Shot|p1a: Mudsdale\n|-unboost|p1a: Mudsdale|atk|1\n|-unboost|p1a: Mudsdale|spa|1\n|\n|t:|1776644095\n|switch|p2b: Sinistcha|Sinistcha, L50|100/100|[from] Parting Shot\n|-heal|p2a: Charizard|58/100|[from] ability: Hospitality|[of] p2b: Sinistcha\n|move|p1b: Corviknight|Tailwind|p1b: Corviknight\n|-sidestart|p1: Shrim101|move: Tailwind\n|move|p1a: Mudsdale|High Horsepower|p2a: Charizard\n|-activate|p2a: Charizard|move: Protect\n|\n|upkeep\n|turn|3\n|\n|t:|1776644113\n|switch|p1a: Ninetales|Ninetales-Alola, L50, M|100/100\n|-weather|Snowscape|[from] ability: Snow Warning|[of] p1a: Ninetales\n|detailschange|p2a: Charizard|Charizard-Mega-X, L50, M\n|-mega|p2a: Charizard|Charizard|Charizardite X\n|move|p2b: Sinistcha|Rage Powder|p2b: Sinistcha\n|-singleturn|p2b: Sinistcha|move: Rage Powder\n|move|p2a: Charizard|Flare Blitz|p1b: Corviknight\n|-supereffective|p1b: Corviknight|1\n|-damage|p1b: Corviknight|0 fnt\n|faint|p1b: Corviknight\n|-damage|p2a: Charizard|17/100|[from] Recoil\n|\n|-weather|Snowscape|[upkeep]\n|upkeep\n|\n|t:|1776644133\n|switch|p1b: Mudsdale|Mudsdale, L50, F|100/100\n|turn|4\n|\n|t:|1776644140\n|move|p2a: Charizard|Protect|p2a: Charizard\n|-singleturn|p2a: Charizard|Protect\n|move|p1a: Ninetales|Aurora Veil|p1a: Ninetales\n|-sidestart|p1: Shrim101|move: Aurora Veil\n|move|p1b: Mudsdale|Rock Slide|p2a: Charizard|[spread] p2b\n|-activate|p2a: Charizard|move: Protect\n|-damage|p2b: Sinistcha|82/100\n|move|p2b: Sinistcha|Matcha Gotcha|p1b: Mudsdale|[spread] p1a\n|-miss|p2b: Sinistcha|p1b: Mudsdale\n|-crit|p1a: Ninetales\n|-damage|p1a: Ninetales|62/100\n|-heal|p2b: Sinistcha|100/100|[from] drain|[of] p1a: Ninetales\n|-status|p1a: Ninetales|brn\n|\n|-weather|Snowscape|[upkeep]\n|-damage|p1a: Ninetales|55/100 brn|[from] brn\n|upkeep\n|turn|5\n|\n|t:|1776644167\n|switch|p2a: Incineroar|Incineroar, L50, F|75/100\n|-ability|p2a: Incineroar|Intimidate|boost\n|-unboost|p1a: Ninetales|atk|1\n|-unboost|p1b: Mudsdale|atk|1\n|move|p1a: Ninetales|Blizzard|p2a: Incineroar|[spread] p2a,p2b\n|-resisted|p2a: Incineroar|1\n|-supereffective|p2b: Sinistcha|1\n|-damage|p2a: Incineroar|65/100\n|-damage|p2b: Sinistcha|56/100\n|move|p1b: Mudsdale|Heavy Slam|p2b: Sinistcha\n|-damage|p2b: Sinistcha|30/100\n|move|p2b: Sinistcha|Trick Room|p2b: Sinistcha\n|-fieldstart|move: Trick Room|[of] p2b: Sinistcha\n|\n|-weather|Snowscape|[upkeep]\n|-damage|p1a: Ninetales|49/100 brn|[from] brn\n|-sideend|p1: Shrim101|move: Tailwind\n|upkeep\n|turn|6\n|\n|t:|1776644194\n|switch|p1b: Quaquaval|Quaquaval, L50, F|100/100\n|move|p1a: Ninetales|Helping Hand|p1b: Quaquaval\n|-singleturn|p1b: Quaquaval|Helping Hand|[of] p1a: Ninetales\n|move|p2a: Incineroar|Fake Out|p1a: Ninetales\n|-damage|p1a: Ninetales|43/100 brn\n|move|p2b: Sinistcha|Matcha Gotcha|p1b: Quaquaval|[spread] p1a\n|-miss|p2b: Sinistcha|p1b: Quaquaval\n|-damage|p1a: Ninetales|26/100 brn\n|-heal|p2b: Sinistcha|38/100|[from] drain|[of] p1a: Ninetales\n|\n|-weather|Snowscape|[upkeep]\n|-damage|p1a: Ninetales|20/100 brn|[from] brn\n|upkeep\n|turn|7\n|\n|t:|1776644220\n|move|p2b: Sinistcha|Matcha Gotcha|p1b: Quaquaval|[spread] p1b\n|-miss|p2b: Sinistcha|p1a: Ninetales\n|-supereffective|p1b: Quaquaval|1\n|-damage|p1b: Quaquaval|53/100\n|-heal|p2b: Sinistcha|60/100|[from] drain|[of] p1b: Quaquaval\n|-status|p1b: Quaquaval|brn\n|move|p2a: Incineroar|Flare Blitz|p1a: Ninetales\n|-supereffective|p1a: Ninetales|1\n|-damage|p1a: Ninetales|0 fnt\n|faint|p1a: Ninetales\n|-damage|p2a: Incineroar|59/100|[from] Recoil\n|move|p1b: Quaquaval|Aqua Step|p2a: Incineroar\n|-supereffective|p2a: Incineroar|1\n|-damage|p2a: Incineroar|21/100\n|-boost|p1b: Quaquaval|spe|1\n|-enditem|p2a: Incineroar|Sitrus Berry|[eat]\n|-heal|p2a: Incineroar|46/100|[from] item: Sitrus Berry\n|\n|-weather|none\n|-damage|p1b: Quaquaval|47/100 brn|[from] brn\n|upkeep\n|\n|t:|1776644236\n|switch|p1a: Mudsdale|Mudsdale, L50, F|100/100\n|turn|8\n|\n|t:|1776644245\n|move|p1a: Mudsdale|Heavy Slam|p2b: Sinistcha\n|-damage|p2b: Sinistcha|24/100\n|move|p2b: Sinistcha|Matcha Gotcha|p1b: Quaquaval|[spread] p1a,p1b\n|-supereffective|p1a: Mudsdale|1\n|-supereffective|p1b: Quaquaval|1\n|-damage|p1a: Mudsdale|68/100\n|-heal|p2b: Sinistcha|43/100|[from] drain|[of] p1a: Mudsdale\n|-damage|p1b: Quaquaval|4/100 brn\n|-heal|p2b: Sinistcha|62/100|[from] drain|[of] p1b: Quaquaval\n|-ability|p1a: Mudsdale|Stamina|boost\n|-boost|p1a: Mudsdale|def|1\n|move|p2a: Incineroar|Parting Shot|p1b: Quaquaval\n|-unboost|p1b: Quaquaval|atk|1\n|-unboost|p1b: Quaquaval|spa|1\n|\n|t:|1776644259\n|switch|p2a: Milotic|Milotic, L50, M|100/100|[from] Parting Shot\n|-enditem|p1b: Quaquaval|White Herb\n|-clearnegativeboost|p1b: Quaquaval|[silent]\n|move|p1b: Quaquaval|Aqua Step|p2a: Milotic\n|-resisted|p2a: Milotic|1\n|-damage|p2a: Milotic|91/100\n|-boost|p1b: Quaquaval|spe|1\n|\n|-heal|p2a: Milotic|97/100|[from] item: Leftovers\n|-damage|p1b: Quaquaval|0 fnt|[from] brn\n|faint|p1b: Quaquaval\n|-sideend|p1: Shrim101|move: Aurora Veil\n|upkeep\n|turn|9\n|-message|Shrim101 forfeited.\n|\n|win|soulo333\n|raw|Shrim101's rating: 1254 &rarr; <strong>1227</strong><br />(-27 for losing)\n|raw|soulo333's rating: 1225 &rarr; <strong>1252</strong><br />(+27 for winning)\n",
  "uploadtime": 1776644274,
  "views": 8,
  "formatid": "gen9championsvgc2026regma",
  "rating": 1227,
  "private": 0,
  "password": null
}