{
  "id": "gen9championsvgc2026regma-2588685930",
  "format": "[Gen 9 Champions] VGC 2026 Reg M-A",
  "players": [
    "Sunako4D",
    "wtfispayday2"
  ],
  "log": "|j|\u2606Sunako4D\n|j|\u2606wtfispayday2\n|t:|1776657630\n|gametype|doubles\n|player|p1|Sunako4D|265|1073\n|player|p2|wtfispayday2|olivia|1095\n|gen|9\n|tier|[Gen 9 Champions] VGC 2026 Reg M-A\n|rated|\n|rule|Species Clause: Limit one of each Pok\u00e9mon\n|rule|Item Clause: Limit 1 of each item\n|clearpoke\n|poke|p1|Farigiraf, L50, M|\n|poke|p1|Lopunny, L50, F|\n|poke|p1|Incineroar, L50, M|\n|poke|p1|Slowking-Galar, L50, F|\n|poke|p1|Primarina, L50, M|\n|poke|p1|Kingambit, L50, M|\n|poke|p2|Pelipper, L50, M|\n|poke|p2|Tauros-Paldea-Aqua, L50, M|\n|poke|p2|Beartic, L50, M|\n|poke|p2|Archaludon, L50, M|\n|poke|p2|Meganium, L50, F|\n|poke|p2|Raichu, L50, F|\n|teampreview|4\n|\n|t:|1776657764\n|teamsize|p1|4\n|teamsize|p2|4\n|start\n|switch|p1a: Lopunny|Lopunny, L50, F|100/100\n|switch|p1b: Farigiraf|Farigiraf, L50, M|100/100\n|switch|p2a: Pelipper|Pelipper, L50, M|100/100\n|switch|p2b: Archaludon|Archaludon, L50, M|100/100\n|-weather|RainDance|[from] ability: Drizzle|[of] p2a: Pelipper\n|turn|1\n|inactive|Battle timer is ON: inactive players will automatically lose when time's up. (requested by wtfispayday2)\n|inactive|wtfispayday2 has 60 seconds left.\n|\n|t:|1776657806\n|detailschange|p1a: Lopunny|Lopunny-Mega, L50, F\n|-mega|p1a: Lopunny|Lopunny|Lopunnite\n|move|p2b: Archaludon|Protect|p2b: Archaludon\n|-singleturn|p2b: Archaludon|Protect\n|move|p1a: Lopunny|Close Combat|p2b: Archaludon\n|-activate|p2b: Archaludon|move: Protect\n|move|p2a: Pelipper|Hurricane|p1a: Lopunny\n|-supereffective|p1a: Lopunny|1\n|-damage|p1a: Lopunny|0 fnt\n|faint|p1a: Lopunny\n|move|p1b: Farigiraf|Trick Room|p1b: Farigiraf\n|-fieldstart|move: Trick Room|[of] p1b: Farigiraf\n|\n|-weather|RainDance|[upkeep]\n|upkeep\n|\n|t:|1776657828\n|switch|p1a: Kingambit|Kingambit, L50, M|100/100\n|turn|2\n|inactive|wtfispayday2 has 30 seconds left.\n|inactive|wtfispayday2 has 20 seconds left.\n|inactive|wtfispayday2 has 15 seconds left.\n|\n|t:|1776657873\n|switch|p2b: Raichu|Raichu, L50, F|100/100\n|move|p1a: Kingambit|Kowtow Cleave|p2b: Raichu\n|-damage|p2b: Raichu|0 fnt\n|faint|p2b: Raichu\n|move|p2a: Pelipper|Weather Ball|p1a: Kingambit\n|-damage|p1a: Kingambit|38/100\n|move|p1b: Farigiraf|Thunderbolt|p2a: Pelipper\n|-supereffective|p2a: Pelipper|2\n|-damage|p2a: Pelipper|0 fnt\n|faint|p2a: Pelipper\n|\n|-weather|RainDance|[upkeep]\n|upkeep\n|\n|t:|1776657887\n|switch|p2a: Meganium|Meganium, L50, F|100/100\n|switch|p2b: Archaludon|Archaludon, L50, M|100/100\n|turn|3\n|\n|t:|1776657906\n|detailschange|p2a: Meganium|Meganium-Mega, L50, F\n|-mega|p2a: Meganium|Meganium|Meganiumite\n|move|p2b: Archaludon|Protect|p2b: Archaludon\n|-singleturn|p2b: Archaludon|Protect\n|move|p1a: Kingambit|Kowtow Cleave|p2b: Archaludon\n|-activate|p2b: Archaludon|move: Protect\n|move|p1b: Farigiraf|Psychic|p2b: Archaludon\n|-activate|p2b: Archaludon|move: Protect\n|move|p2a: Meganium|Weather Ball|p1a: Kingambit\n|-supereffective|p1a: Kingambit|1\n|-damage|p1a: Kingambit|0 fnt\n|faint|p1a: Kingambit\n|\n|-weather|RainDance|[upkeep]\n|upkeep\n|\n|t:|1776657923\n|switch|p1a: Slowking|Slowking-Galar, L50, F|100/100\n|-clearboost|p1b: Farigiraf|[from] ability: Curious Medicine|[of] p1a: Slowking\n|turn|4\n|\n|t:|1776657943\n|move|p1a: Slowking|Sludge Wave|p2b: Archaludon|[spread] p1b,p2a\n|-immune|p2b: Archaludon\n|-supereffective|p2a: Meganium|2\n|-damage|p1b: Farigiraf|57/100\n|-damage|p2a: Meganium|0 fnt\n|faint|p2a: Meganium\n|move|p1b: Farigiraf|Psychic|p2b: Archaludon\n|-resisted|p2b: Archaludon|1\n|-damage|p2b: Archaludon|77/100\n|-ability|p2b: Archaludon|Stamina|boost\n|-boost|p2b: Archaludon|def|1\n|move|p2b: Archaludon|Electro Shot||[still]\n|-prepare|p2b: Archaludon|Electro Shot\n|-boost|p2b: Archaludon|spa|1\n|-anim|p2b: Archaludon|Electro Shot|p1b: Farigiraf\n|-damage|p1b: Farigiraf|0 fnt\n|faint|p1b: Farigiraf\n|\n|-weather|RainDance|[upkeep]\n|-heal|p2b: Archaludon|83/100|[from] item: Leftovers\n|upkeep\n|turn|5\n|\n|t:|1776657964\n|move|p1a: Slowking|Focus Blast|p2b: Archaludon|[miss]\n|-miss|p1a: Slowking|p2b: Archaludon\n|move|p2b: Archaludon|Electro Shot||[still]\n|-prepare|p2b: Archaludon|Electro Shot\n|-boost|p2b: Archaludon|spa|1\n|-anim|p2b: Archaludon|Electro Shot|p1a: Slowking\n|-damage|p1a: Slowking|46/100\n|\n|-weather|none\n|-heal|p2b: Archaludon|89/100|[from] item: Leftovers\n|-fieldend|move: Trick Room\n|upkeep\n|turn|6\n|\n|t:|1776657977\n|move|p2b: Archaludon|Protect|p2b: Archaludon\n|-singleturn|p2b: Archaludon|Protect\n|move|p1a: Slowking|Focus Blast|p2b: Archaludon\n|-activate|p2b: Archaludon|move: Protect\n|\n|-heal|p2b: Archaludon|95/100|[from] item: Leftovers\n|upkeep\n|turn|7\n|\n|t:|1776657985\n|move|p2b: Archaludon|Dragon Pulse|p1a: Slowking\n|-damage|p1a: Slowking|0 fnt\n|faint|p1a: Slowking\n|\n|win|wtfispayday2\n|raw|Sunako4D's rating: 1073 &rarr; <strong>1053</strong><br />(-20 for losing)\n|raw|wtfispayday2's rating: 1095 &rarr; <strong>1119</strong><br />(+24 for winning)\n|l|\u2606Sunako4D\n|player|p1|\n",
  "uploadtime": 1776657992,
  "views": 13,
  "formatid": "gen9championsvgc2026regma",
  "rating": 1053,
  "private": 0,
  "password": null
}