{
  "id": "gen9championsvgc2026regma-2588786786",
  "format": "[Gen 9 Champions] VGC 2026 Reg M-A",
  "players": [
    "ult. big chill",
    "MilkTeaWayGalaxy"
  ],
  "log": "|j|\u2606ult. big chill\n|j|\u2606MilkTeaWayGalaxy\n|t:|1776670699\n|gametype|doubles\n|player|p1|ult. big chill|burgh|1377\n|player|p2|MilkTeaWayGalaxy|rosa-pokestar3|1404\n|gen|9\n|tier|[Gen 9 Champions] VGC 2026 Reg M-A\n|rated|\n|rule|Species Clause: Limit one of each Pok\u00e9mon\n|rule|Item Clause: Limit 1 of each item\n|clearpoke\n|poke|p1|Camerupt, L50, F, shiny|\n|poke|p1|Farigiraf, L50, F, shiny|\n|poke|p1|Primarina, L50, F|\n|poke|p1|Incineroar, L50, F|\n|poke|p1|Drampa, L50, F|\n|poke|p1|Gourgeist-Super, L50, M|\n|poke|p2|Froslass, L50, F, shiny|\n|poke|p2|Sinistcha, L50|\n|poke|p2|Kingambit, L50, M|\n|poke|p2|Sneasler, L50, F|\n|poke|p2|Incineroar, L50, M, shiny|\n|poke|p2|Basculegion, L50, M|\n|teampreview|4\n|j| missouri mott\n|\n|t:|1776670737\n|teamsize|p1|4\n|teamsize|p2|4\n|start\n|switch|p1a: Moose|Camerupt, L50, F, shiny|100/100\n|switch|p1b: SandyEggo|Farigiraf, L50, F, shiny|100/100\n|switch|p2a: Froslass|Froslass, L50, F, shiny|100/100\n|switch|p2b: Incineroar|Incineroar, L50, M, shiny|100/100\n|-ability|p2b: Incineroar|Intimidate|boost\n|-unboost|p1a: Moose|atk|1\n|-unboost|p1b: SandyEggo|atk|1\n|turn|1\n|\n|t:|1776670749\n|detailschange|p2a: Froslass|Froslass-Mega, L50, F, shiny\n|-mega|p2a: Froslass|Froslass|Froslassite\n|-weather|Snowscape|[from] ability: Snow Warning|[of] p2a: Froslass\n|detailschange|p1a: Moose|Camerupt-Mega, L50, F, shiny\n|-mega|p1a: Moose|Camerupt|Cameruptite\n|move|p2a: Froslass|Aurora Veil|p2a: Froslass\n|-sidestart|p2: MilkTeaWayGalaxy|move: Aurora Veil\n|move|p2b: Incineroar|Parting Shot|p1a: Moose\n|-unboost|p1a: Moose|atk|1\n|-unboost|p1a: Moose|spa|1\n|\n|t:|1776670768\n|switch|p2b: Basculegion|Basculegion, L50, M|100/100|[from] Parting Shot\n|move|p1a: Moose|Heat Wave|p2a: Froslass|[spread] p2a,p2b\n|-supereffective|p2a: Froslass|1\n|-resisted|p2b: Basculegion|1\n|-damage|p2a: Froslass|45/100\n|-damage|p2b: Basculegion|85/100\n|move|p1b: SandyEggo|Trick Room|p1b: SandyEggo\n|-fieldstart|move: Trick Room|[of] p1b: SandyEggo\n|\n|-weather|Snowscape|[upkeep]\n|upkeep\n|turn|2\n|\n|t:|1776670788\n|switch|p2a: Incineroar|Incineroar, L50, M, shiny|100/100\n|-ability|p2a: Incineroar|Intimidate|boost\n|-unboost|p1a: Moose|atk|1\n|-unboost|p1b: SandyEggo|atk|1\n|move|p1a: Moose|Protect|p1a: Moose\n|-singleturn|p1a: Moose|Protect\n|move|p1b: SandyEggo|Imprison|p1b: SandyEggo\n|-start|p1b: SandyEggo|move: Imprison\n|move|p2b: Basculegion|Flip Turn|p1a: Moose\n|-activate|p1a: Moose|move: Protect\n|\n|-weather|Snowscape|[upkeep]\n|upkeep\n|turn|3\n|\n|t:|1776670801\n|switch|p1a: Old Man|Drampa, L50, F|100/100\n|-ability|p1a: Old Man|Cloud Nine\n|move|p2a: Incineroar|Darkest Lariat|p1b: SandyEggo\n|-supereffective|p1b: SandyEggo|1\n|-enditem|p1b: SandyEggo|Colbur Berry|[eat]\n|-enditem|p1b: SandyEggo|Colbur Berry|[weaken]\n|-damage|p1b: SandyEggo|67/100\n|move|p1b: SandyEggo|Hyper Voice|p2a: Incineroar|[spread] p2a\n|-immune|p2b: Basculegion\n|-damage|p2a: Incineroar|85/100\n|move|p2b: Basculegion|Flip Turn|p1a: Old Man\n|-resisted|p1a: Old Man|1\n|-crit|p1a: Old Man\n|-damage|p1a: Old Man|70/100\n|\n|t:|1776670816\n|switch|p2b: Kingambit|Kingambit, L50, M|100/100|[from] Flip Turn\n|\n|-weather|Snowscape|[upkeep]\n|upkeep\n|turn|4\n|\n|t:|1776670834\n|switch|p1b: Moose|Camerupt-Mega, L50, F, shiny|100/100\n|move|p1a: Old Man|Earth Power|p2a: Incineroar\n|-supereffective|p2a: Incineroar|1\n|-crit|p2a: Incineroar\n|-damage|p2a: Incineroar|3/100\n|-enditem|p2a: Incineroar|Sitrus Berry|[eat]\n|-heal|p2a: Incineroar|28/100|[from] item: Sitrus Berry\n|move|p2b: Kingambit|Kowtow Cleave|p1b: Moose\n|-damage|p1b: Moose|50/100\n|move|p2a: Incineroar|Parting Shot|p1a: Old Man\n|-unboost|p1a: Old Man|atk|1\n|-unboost|p1a: Old Man|spa|1\n|\n|t:|1776670853\n|switch|p2a: Basculegion|Basculegion, L50, M|85/100|[from] Parting Shot\n|\n|-weather|Snowscape|[upkeep]\n|upkeep\n|turn|5\n|\n|t:|1776670870\n|switch|p1a: SandyEggo|Farigiraf, L50, F, shiny|67/100\n|move|p1b: Moose|Heat Wave|p2a: Basculegion|[spread] p2a,p2b\n|-resisted|p2a: Basculegion|1\n|-supereffective|p2b: Kingambit|1\n|-damage|p2a: Basculegion|65/100\n|-damage|p2b: Kingambit|40/100\n|move|p2b: Kingambit|Kowtow Cleave|p1b: Moose\n|-damage|p1b: Moose|0 fnt\n|faint|p1b: Moose\n|move|p2a: Basculegion|Flip Turn|p1a: SandyEggo\n|-damage|p1a: SandyEggo|32/100\n|\n|t:|1776670881\n|switch|p2a: Incineroar|Incineroar, L50, M, shiny|28/100|[from] Flip Turn\n|-ability|p2a: Incineroar|Intimidate|boost\n|-unboost|p1a: SandyEggo|atk|1\n|\n|-weather|none\n|-sideend|p2: MilkTeaWayGalaxy|move: Aurora Veil\n|-fieldend|move: Trick Room\n|upkeep\n|\n|t:|1776670888\n|switch|p1b: Old Man|Drampa, L50, F|70/100\n|-ability|p1b: Old Man|Cloud Nine\n|turn|6\n|\n|t:|1776670897\n|move|p1a: SandyEggo|Protect|p1a: SandyEggo\n|-singleturn|p1a: SandyEggo|Protect\n|move|p2a: Incineroar|Fake Out||[still]\n|cant|p1a: SandyEggo|ability: Armor Tail|Fake Out|[of] p2a: Incineroar\n|move|p2b: Kingambit|Kowtow Cleave|p1a: SandyEggo\n|-activate|p1a: SandyEggo|move: Protect\n|move|p1b: Old Man|Earth Power|p2b: Kingambit\n|-supereffective|p2b: Kingambit|1\n|-damage|p2b: Kingambit|0 fnt\n|faint|p2b: Kingambit\n|\n|upkeep\n|\n|t:|1776670903\n|switch|p2b: Froslass|Froslass-Mega, L50, F, shiny|45/100\n|-weather|Snowscape|[from] ability: Snow Warning|[of] p2b: Froslass\n|turn|7\n|\n|t:|1776670910\n|move|p2b: Froslass|Blizzard|p1b: Old Man|[spread] p1a,p1b\n|-supereffective|p1b: Old Man|1\n|-damage|p1a: SandyEggo|0 fnt\n|-damage|p1b: Old Man|0 fnt\n|faint|p1a: SandyEggo\n|faint|p1b: Old Man\n|move|p2a: Incineroar|Darkest Lariat|p1: SandyEggo|[notarget]\n|-fail|p2a: Incineroar\n|\n|-weather|Snowscape|[upkeep]\n|upkeep\n|\n|t:|1776670915\n|switch|p1b: Jackenstein|Gourgeist-Super, L50, M|100/100\n|turn|8\n|\n|t:|1776670923\n|move|p2b: Froslass|Blizzard|p1b: Jackenstein\n|-supereffective|p1b: Jackenstein|1\n|-damage|p1b: Jackenstein|0 fnt\n|faint|p1b: Jackenstein\n|\n|win|MilkTeaWayGalaxy\n|raw|ult. big chill's rating: 1377 &rarr; <strong>1359</strong><br />(-18 for losing)\n|raw|MilkTeaWayGalaxy's rating: 1404 &rarr; <strong>1422</strong><br />(+18 for winning)\n|l|\u2606ult. big chill\n|player|p1|\n",
  "uploadtime": 1776670928,
  "views": 8,
  "formatid": "gen9championsvgc2026regma",
  "rating": 1359,
  "private": 0,
  "password": null
}