{
  "id": "gen9championsvgc2026regma-2588866209",
  "format": "[Gen 9 Champions] VGC 2026 Reg M-A",
  "players": [
    "Murphy's kitchen",
    "kodon98"
  ],
  "log": "|j|\u2606Murphy's kitchen\n|j|\u2606kodon98\n|t:|1776680252\n|gametype|doubles\n|player|p1|Murphy's kitchen|265|1473\n|player|p2|kodon98|170|1560\n|gen|9\n|tier|[Gen 9 Champions] VGC 2026 Reg M-A\n|rated|\n|rule|Species Clause: Limit one of each Pok\u00e9mon\n|rule|Item Clause: Limit 1 of each item\n|clearpoke\n|poke|p1|Aerodactyl, L50, M|\n|poke|p1|Dragapult, L50, M|\n|poke|p1|Kingambit, L50, F|\n|poke|p1|Primarina, L50, M|\n|poke|p1|Scovillain, L50, M|\n|poke|p1|Sneasler, L50, M|\n|poke|p2|Scizor, L50, M|\n|poke|p2|Dragonite, L50, M|\n|poke|p2|Pelipper, L50, F|\n|poke|p2|Incineroar, L50, F|\n|poke|p2|Archaludon, L50, F|\n|poke|p2|Basculegion, L50, M|\n|teampreview|4\n|inactive|Battle timer is ON: inactive players will automatically lose when time's up. (requested by kodon98)\n|\n|t:|1776680293\n|teamsize|p1|4\n|teamsize|p2|4\n|start\n|switch|p1a: Kingambit|Kingambit, L50, F|100/100\n|switch|p1b: Scovillain|Scovillain, L50, M|100/100\n|switch|p2a: Dragonite|Dragonite, L50, M|100/100\n|switch|p2b: Pelipper|Pelipper, L50, F|100/100\n|-weather|RainDance|[from] ability: Drizzle|[of] p2b: Pelipper\n|turn|1\n|\n|t:|1776680314\n|switch|p1b: Primarina|Primarina, L50, M|100/100\n|detailschange|p2a: Dragonite|Dragonite-Mega, L50, M\n|-mega|p2a: Dragonite|Dragonite|Dragoninite\n|move|p2a: Dragonite|Hurricane|p1b: Primarina\n|-damage|p1b: Primarina|45/100\n|-start|p1b: Primarina|confusion\n|move|p2b: Pelipper|Tailwind|p2b: Pelipper\n|-sidestart|p2: kodon98|move: Tailwind\n|move|p1a: Kingambit|Kowtow Cleave|p2b: Pelipper\n|-damage|p2b: Pelipper|52/100\n|\n|-weather|RainDance|[upkeep]\n|-heal|p1b: Primarina|52/100|[from] item: Leftovers\n|upkeep\n|turn|2\n|j| Raaaafi\n|inactive|Murphy's kitchen has 30 seconds left.\n|\n|t:|1776680341\n|-activate|p1b: Primarina|confusion\n|move|p1b: Primarina|Protect|p1b: Primarina\n|-singleturn|p1b: Primarina|Protect\n|move|p2a: Dragonite|Hurricane|p1b: Primarina\n|-activate|p1b: Primarina|move: Protect\n|move|p2b: Pelipper|Muddy Water|p1b: Primarina|[spread] p1a\n|-activate|p1b: Primarina|move: Protect\n|-damage|p1a: Kingambit|66/100\n|-unboost|p1a: Kingambit|accuracy|1\n|-ability|p1a: Kingambit|Defiant|boost\n|-boost|p1a: Kingambit|atk|2\n|move|p1a: Kingambit|Kowtow Cleave|p2a: Dragonite\n|-damage|p2a: Dragonite|56/100\n|\n|-weather|RainDance|[upkeep]\n|-heal|p1b: Primarina|58/100|[from] item: Leftovers\n|upkeep\n|turn|3\n|\n|t:|1776680365\n|move|p1a: Kingambit|Sucker Punch|p2a: Dragonite\n|-damage|p2a: Dragonite|0 fnt\n|faint|p2a: Dragonite\n|move|p2b: Pelipper|Hurricane|p1b: Primarina\n|-damage|p1b: Primarina|22/100\n|-activate|p1b: Primarina|confusion\n|move|p1b: Primarina|Moonblast|p2b: Pelipper\n|-damage|p2b: Pelipper|0 fnt\n|faint|p2b: Pelipper\n|\n|-weather|RainDance|[upkeep]\n|-heal|p1b: Primarina|28/100|[from] item: Leftovers\n|upkeep\n|\n|t:|1776680376\n|switch|p2a: Archaludon|Archaludon, L50, F|100/100\n|switch|p2b: Basculegion|Basculegion, L50, M|100/100\n|turn|4\n|\n|t:|1776680400\n|move|p1a: Kingambit|Sucker Punch|p2a: Archaludon|[miss]\n|-miss|p1a: Kingambit|p2a: Archaludon\n|move|p2b: Basculegion|Last Respects|p1b: Primarina\n|-damage|p1b: Primarina|0 fnt\n|faint|p1b: Primarina\n|move|p2a: Archaludon|Electro Shot||[still]\n|-prepare|p2a: Archaludon|Electro Shot\n|-boost|p2a: Archaludon|spa|1\n|-anim|p2a: Archaludon|Electro Shot|p1a: Kingambit\n|-damage|p1a: Kingambit|0 fnt\n|faint|p1a: Kingambit\n|\n|-weather|RainDance|[upkeep]\n|-sideend|p2: kodon98|move: Tailwind\n|upkeep\n|\n|t:|1776680415\n|switch|p1b: Scovillain|Scovillain, L50, M|100/100\n|switch|p1a: Dragapult|Dragapult, L50, M|100/100\n|turn|5\n|\n|t:|1776680432\n|move|p1a: Dragapult|Protect|p1a: Dragapult\n|-singleturn|p1a: Dragapult|Protect\n|move|p1b: Scovillain|Protect|p1b: Scovillain\n|-singleturn|p1b: Scovillain|Protect\n|move|p2b: Basculegion|Last Respects|p1a: Dragapult\n|-activate|p1a: Dragapult|move: Protect\n|move|p2a: Archaludon|Dragon Pulse|p1a: Dragapult\n|-activate|p1a: Dragapult|move: Protect\n|\n|-weather|none\n|-ability|p1b: Scovillain|Moody|boost\n|-boost|p1b: Scovillain|spe|2\n|-unboost|p1b: Scovillain|atk|1\n|upkeep\n|turn|6\n|l| Raaaafi\n|inactive|Murphy's kitchen has 30 seconds left.\n|\n|t:|1776680460\n|detailschange|p1b: Scovillain|Scovillain-Mega, L50, M\n|-mega|p1b: Scovillain|Scovillain|Scovillainite\n|move|p1b: Scovillain|Rage Powder|p1b: Scovillain\n|-singleturn|p1b: Scovillain|move: Rage Powder\n|move|p2b: Basculegion|Last Respects|p1b: Scovillain\n|-damage|p1b: Scovillain|23/100\n|-status|p2b: Basculegion|brn|[from] ability: Spicy Spray|[of] p1b: Scovillain\n|move|p1a: Dragapult|Hex|p2b: Basculegion\n|-supereffective|p2b: Basculegion|1\n|-damage|p2b: Basculegion|0 fnt\n|faint|p2b: Basculegion\n|move|p2a: Archaludon|Dragon Pulse|p1b: Scovillain\n|-damage|p1b: Scovillain|0 fnt\n|-status|p2a: Archaludon|brn|[from] ability: Spicy Spray|[of] p1b: Scovillain\n|faint|p1b: Scovillain\n|\n|-damage|p2a: Archaludon|94/100 brn|[from] brn\n|upkeep\n|turn|7\n|\n|t:|1776680480\n|move|p1a: Dragapult|Protect|p1a: Dragapult\n|-singleturn|p1a: Dragapult|Protect\n|move|p2a: Archaludon|Dragon Pulse|p1a: Dragapult\n|-activate|p1a: Dragapult|move: Protect\n|\n|-heal|p2a: Archaludon|100/100 brn|[from] item: Leftovers\n|-damage|p2a: Archaludon|94/100 brn|[from] brn\n|upkeep\n|turn|8\n|j| POSDE\n|\n|t:|1776680490\n|move|p1a: Dragapult|Hex|p2a: Archaludon\n|-damage|p2a: Archaludon|16/100 brn\n|-ability|p2a: Archaludon|Stamina|boost\n|-boost|p2a: Archaludon|def|1\n|move|p2a: Archaludon|Dragon Pulse|p1a: Dragapult\n|-supereffective|p1a: Dragapult|1\n|-damage|p1a: Dragapult|0 fnt\n|faint|p1a: Dragapult\n|\n|win|kodon98\n|raw|Murphy&apos;s kitchen's rating: 1473 &rarr; <strong>1458</strong><br />(-15 for losing)\n|raw|kodon98's rating: 1560 &rarr; <strong>1575</strong><br />(+15 for winning)\n|l|\u2606kodon98\n|player|p2|\n",
  "uploadtime": 1776680519,
  "views": 17,
  "formatid": "gen9championsvgc2026regma",
  "rating": 1458,
  "private": 0,
  "password": null
}