{
  "id": "gen9championsvgc2026regma-2586262229",
  "format": "[Gen 9 Champions] VGC 2026 Reg M-A",
  "players": [
    "alkdfe",
    "ivighost47"
  ],
  "log": "|j|\u2606alkdfe\n|j|\u2606ivighost47\n|t:|1776418750\n|gametype|doubles\n|player|p1|alkdfe|elesa|1071\n|player|p2|ivighost47|bruno|1045\n|gen|9\n|tier|[Gen 9 Champions] VGC 2026 Reg M-A\n|rated|\n|rule|Species Clause: Limit one of each Pok\u00e9mon\n|rule|Item Clause: Limit 1 of each item\n|clearpoke\n|poke|p1|Tyranitar, L50, F|\n|poke|p1|Excadrill, L50, F|\n|poke|p1|Corviknight, L50, F|\n|poke|p1|Gardevoir, L50, F|\n|poke|p1|Sinistcha, L50|\n|poke|p1|Rotom-Wash, L50|\n|poke|p2|Kommo-o, L50, M|\n|poke|p2|Corviknight, L50, M|\n|poke|p2|Tyranitar, L50, F|\n|poke|p2|Glimmora, L50, M|\n|poke|p2|Vivillon-Pokeball, L50, M|\n|poke|p2|Sableye, L50, F|\n|teampreview|4\nivighost47 has agreed to open team sheets.\n|inactive|Battle timer is ON: inactive players will automatically lose when time's up. (requested by ivighost47)\n|\n|t:|1776418782\n|teamsize|p1|4\n|teamsize|p2|4\n|start\n|switch|p1a: Tyranitar|Tyranitar, L50, F|100/100\n|switch|p1b: Excadrill|Excadrill, L50, F|100/100\n|switch|p2a: Sableye|Sableye, L50, F|100/100\n|switch|p2b: Corviknight|Corviknight, L50, M|100/100\n|-weather|Sandstorm|[from] ability: Sand Stream|[of] p1a: Tyranitar\n|-ability|p2b: Corviknight|Pressure\n|turn|1\n|inactive|alkdfe has 30 seconds left.\n|\n|t:|1776418809\n|detailschange|p1a: Tyranitar|Tyranitar-Mega, L50, F\n|-mega|p1a: Tyranitar|Tyranitar|Tyranitarite\n|move|p2a: Sableye|Will-O-Wisp|p1b: Excadrill\n|-status|p1b: Excadrill|brn\n|move|p1b: Excadrill|Rock Slide|p2b: Corviknight|[spread] p2a,p2b\n|-crit|p2a: Sableye\n|-damage|p2a: Sableye|79/100\n|-damage|p2b: Corviknight|92/100\n|move|p1a: Tyranitar|Knock Off|p2a: Sableye\n|-damage|p2a: Sableye|3/100\n|-enditem|p2a: Sableye|Spell Tag|[from] move: Knock Off|[of] p1a: Tyranitar\n|move|p2b: Corviknight|Iron Defense|p2b: Corviknight\n|-boost|p2b: Corviknight|def|2\n|\n|-weather|Sandstorm|[upkeep]\n|-damage|p2a: Sableye|0 fnt|[from] Sandstorm\n|faint|p2a: Sableye\n|-damage|p1b: Excadrill|95/100 brn|[from] brn\n|upkeep\n|\n|t:|1776418823\n|switch|p2a: Kommo-o|Kommo-o, L50, M|100/100\n|turn|2\n|\n|t:|1776418838\n|switch|p1b: Gardevoir|Gardevoir, L50, F|100/100\n|move|p2a: Kommo-o|Protect|p2a: Kommo-o\n|-singleturn|p2a: Kommo-o|Protect\n|move|p1a: Tyranitar|Rock Slide|p2a: Kommo-o|[spread] p2b\n|-activate|p2a: Kommo-o|move: Protect\n|-damage|p2b: Corviknight|79/100\n|cant|p2b: Corviknight|flinch\n|\n|-weather|Sandstorm|[upkeep]\n|-damage|p1b: Gardevoir|94/100|[from] Sandstorm\n|-damage|p2a: Kommo-o|94/100|[from] Sandstorm\n|-heal|p2a: Kommo-o|100/100|[from] item: Leftovers\n|upkeep\n|turn|3\n|\n|t:|1776418859\n|switch|p2a: Glimmora|Glimmora, L50, M|100/100\n|move|p1b: Gardevoir|Dazzling Gleam|p2b: Corviknight|[spread] p2a,p2b\n|-resisted|p2a: Glimmora|1\n|-resisted|p2b: Corviknight|1\n|-damage|p2a: Glimmora|89/100\n|-damage|p2b: Corviknight|67/100\n|move|p1a: Tyranitar|Rock Slide|p2a: Glimmora|[spread] p2a,p2b\n|-damage|p2a: Glimmora|55/100\n|-damage|p2b: Corviknight|54/100\n|-activate|p2a: Glimmora|ability: Toxic Debris\n|-sidestart|p1: alkdfe|move: Toxic Spikes\n|move|p2b: Corviknight|Body Press|p1a: Tyranitar\n|-supereffective|p1a: Tyranitar|2\n|-damage|p1a: Tyranitar|0 fnt\n|faint|p1a: Tyranitar\n|\n|-weather|Sandstorm|[upkeep]\n|-damage|p1b: Gardevoir|88/100|[from] Sandstorm\n|upkeep\n|\n|t:|1776418880\n|switch|p1a: Excadrill|Excadrill, L50, F|95/100 brn\n|turn|4\n|\n|t:|1776418890\n|detailschange|p2a: Glimmora|Glimmora-Mega, L50, M\n|-mega|p2a: Glimmora|Glimmora|Glimmoranite\n|move|p2a: Glimmora|Spiky Shield|p2a: Glimmora\n|-singleturn|p2a: Glimmora|move: Protect\n|move|p1a: Excadrill|Earthquake|p2a: Glimmora|[spread] \n|-activate|p2a: Glimmora|move: Protect\n|-activate|p1b: Gardevoir|ability: Telepathy\n|-immune|p2b: Corviknight\n|move|p1b: Gardevoir|Dazzling Gleam|p2a: Glimmora|[spread] p2b\n|-activate|p2a: Glimmora|move: Protect\n|-resisted|p2b: Corviknight|1\n|-damage|p2b: Corviknight|41/100\n|-enditem|p2b: Corviknight|Sitrus Berry|[eat]\n|-heal|p2b: Corviknight|66/100|[from] item: Sitrus Berry\n|move|p2b: Corviknight|Iron Head|p1b: Gardevoir\n|-supereffective|p1b: Gardevoir|1\n|-damage|p1b: Gardevoir|0 fnt\n|faint|p1b: Gardevoir\n|\n|-weather|Sandstorm|[upkeep]\n|-damage|p1a: Excadrill|89/100 brn|[from] brn\n|upkeep\n|\n|t:|1776418912\n|switch|p1b: Sinistcha|Sinistcha, L50|100/100\n|-status|p1b: Sinistcha|psn\n|-heal|p1a: Excadrill|100/100 brn|[from] ability: Hospitality|[of] p1b: Sinistcha\n|turn|5\n|\n|t:|1776418925\n|move|p1a: Excadrill|Earthquake|p2b: Corviknight|[spread] p1b,p2a\n|-immune|p2b: Corviknight\n|-resisted|p1b: Sinistcha|1\n|-supereffective|p2a: Glimmora|2\n|-damage|p1b: Sinistcha|94/100 psn\n|-damage|p2a: Glimmora|0 fnt\n|faint|p2a: Glimmora\n|move|p1b: Sinistcha|Matcha Gotcha|p2b: Corviknight\n|-resisted|p2b: Corviknight|2\n|-damage|p2b: Corviknight|60/100\n|-heal|p1b: Sinistcha|97/100 psn|[from] drain|[of] p2b: Corviknight\n|move|p2b: Corviknight|Roost|p2b: Corviknight\n|-heal|p2b: Corviknight|100/100\n|-singleturn|p2b: Corviknight|move: Roost\n|\n|-weather|none\n|-damage|p1b: Sinistcha|85/100 psn|[from] psn\n|-damage|p1a: Excadrill|95/100 brn|[from] brn\n|upkeep\n|\n|t:|1776418929\n|switch|p2a: Kommo-o|Kommo-o, L50, M|100/100\n|turn|6\n|\n|t:|1776418955\n|move|p1b: Sinistcha|Rage Powder|p1b: Sinistcha\n|-singleturn|p1b: Sinistcha|move: Rage Powder\n|move|p2a: Kommo-o|Vacuum Wave|p1b: Sinistcha\n|-immune|p1b: Sinistcha\n|move|p1a: Excadrill|Earthquake|p2a: Kommo-o|[spread] p1b,p2a\n|-immune|p2b: Corviknight\n|-resisted|p1b: Sinistcha|1\n|-damage|p1b: Sinistcha|77/100 psn\n|-damage|p2a: Kommo-o|83/100\n|move|p2b: Corviknight|Body Press|p1b: Sinistcha\n|-immune|p1b: Sinistcha\n|\n|-heal|p2a: Kommo-o|90/100|[from] item: Leftovers\n|-damage|p1b: Sinistcha|65/100 psn|[from] psn\n|-damage|p1a: Excadrill|89/100 brn|[from] brn\n|upkeep\n|turn|7\n|inactive|alkdfe has 30 seconds left.\n|-message|alkdfe forfeited.\n|\n|win|ivighost47\n|raw|alkdfe's rating: 1071 &rarr; <strong>1049</strong><br />(-22 for losing)\n|raw|ivighost47's rating: 1045 &rarr; <strong>1081</strong><br />(+36 for winning)\n|c|\u2606ivighost47|g\n|c|\u2606ivighost47|gg\n|l|\u2606ivighost47\n|player|p2|\n",
  "uploadtime": 1776419002,
  "views": 57,
  "formatid": "gen9championsvgc2026regma",
  "rating": 1049,
  "private": 0,
  "password": null
}