{
  "id": "gen9championsvgc2026regma-2584939681",
  "format": "[Gen 9 Champions] VGC 2026 Reg M-A",
  "players": [
    "lulvdisc",
    "Braychase197"
  ],
  "log": "|j|\u2606lulvdisc\n|j|\u2606Braychase197\n|t:|1776296418\n|gametype|doubles\n|player|p1|lulvdisc|sailor|1151\n|player|p2|Braychase197|2|1199\n|gen|9\n|tier|[Gen 9 Champions] VGC 2026 Reg M-A\n|rated|\n|rule|Species Clause: Limit one of each Pok\u00e9mon\n|rule|Item Clause: Limit 1 of each item\n|clearpoke\n|poke|p1|Pelipper, L50, F|\n|poke|p1|Archaludon, L50, M|\n|poke|p1|Dragonite, L50, M|\n|poke|p1|Basculegion, L50, M|\n|poke|p1|Rotom-Mow, L50|\n|poke|p1|Tauros-Paldea-Blaze, L50, M|\n|poke|p2|Tyranitar, L50, F|\n|poke|p2|Aerodactyl, L50, F|\n|poke|p2|Meganium, L50, M|\n|poke|p2|Orthworm, L50, F|\n|poke|p2|Delphox, L50, M|\n|poke|p2|Garchomp, L50, F|\n|teampreview|4\n|inactive|Battle timer is ON: inactive players will automatically lose when time's up. (requested by lulvdisc)\n|inactive|Braychase197 has 60 seconds left.\n|\n|t:|1776296450\n|teamsize|p1|4\n|teamsize|p2|4\n|start\n|switch|p1a: Tauros|Tauros-Paldea-Blaze, L50, M|100/100\n|switch|p1b: Dragonite|Dragonite, L50, M|100/100\n|switch|p2a: Aerodactyl|Aerodactyl, L50, F|100/100\n|switch|p2b: Meganium|Meganium, L50, M|100/100\n|-ability|p2a: Aerodactyl|Unnerve\n|-ability|p1a: Tauros|Intimidate|boost\n|-unboost|p2a: Aerodactyl|atk|1\n|-unboost|p2b: Meganium|atk|1\n|turn|1\n|\n|t:|1776296467\n|detailschange|p1b: Dragonite|Dragonite-Mega, L50, M\n|-mega|p1b: Dragonite|Dragonite|Dragoninite\n|detailschange|p2b: Meganium|Meganium-Mega, L50, M\n|-mega|p2b: Meganium|Meganium|Meganiumite\n|move|p2a: Aerodactyl|Tailwind|p2a: Aerodactyl\n|-sidestart|p2: Braychase197|move: Tailwind\n|move|p2b: Meganium|Dazzling Gleam|p1b: Dragonite|[spread] p1a,p1b\n|-supereffective|p1b: Dragonite|1\n|-damage|p1a: Tauros|50/100\n|-damage|p1b: Dragonite|78/100\n|move|p1a: Tauros|Raging Bull|p2b: Meganium\n|-supereffective|p2b: Meganium|1\n|-damage|p2b: Meganium|35/100\n|move|p1b: Dragonite|Icy Wind|p2b: Meganium|[spread] p2a,p2b\n|-supereffective|p2a: Aerodactyl|1\n|-supereffective|p2b: Meganium|1\n|-damage|p2a: Aerodactyl|58/100\n|-damage|p2b: Meganium|10/100\n|-unboost|p2a: Aerodactyl|spe|1\n|-unboost|p2b: Meganium|spe|1\n|\n|upkeep\n|turn|2\n|inactive|Braychase197 has 30 seconds left.\n|inactive|Braychase197 has 20 seconds left.\n|inactive|Braychase197 has 15 seconds left.\n|\n|t:|1776296508\n|move|p1a: Tauros|Protect|p1a: Tauros\n|-singleturn|p1a: Tauros|Protect\n|move|p2a: Aerodactyl|Rock Slide|p1a: Tauros|[spread] p1b\n|-activate|p1a: Tauros|move: Protect\n|-supereffective|p1b: Dragonite|1\n|-damage|p1b: Dragonite|50/100\n|move|p2b: Meganium|Dazzling Gleam|p1b: Dragonite|[spread] p1b\n|-activate|p1a: Tauros|move: Protect\n|-supereffective|p1b: Dragonite|1\n|-damage|p1b: Dragonite|2/100\n|move|p1b: Dragonite|Icy Wind|p2b: Meganium|[spread] p2a,p2b\n|-supereffective|p2a: Aerodactyl|1\n|-supereffective|p2b: Meganium|1\n|-damage|p2a: Aerodactyl|18/100\n|-damage|p2b: Meganium|0 fnt\n|-unboost|p2a: Aerodactyl|spe|1\n|faint|p2b: Meganium\n|\n|upkeep\n|inactive|Braychase197 has 30 seconds left.\n|\n|t:|1776296533\n|switch|p2b: Tyranitar|Tyranitar, L50, F|100/100\n|-weather|Sandstorm|[from] ability: Sand Stream|[of] p2b: Tyranitar\n|turn|3\n|\n|t:|1776296549\n|move|p2b: Tyranitar|Rock Slide|p1a: Tauros|[spread] p1a,p1b\n|-supereffective|p1b: Dragonite|1\n|-damage|p1a: Tauros|24/100\n|-damage|p1b: Dragonite|0 fnt\n|faint|p1b: Dragonite\n|move|p2a: Aerodactyl|Rock Slide|p1a: Tauros\n|-damage|p1a: Tauros|4/100\n|move|p1a: Tauros|Close Combat|p2b: Tyranitar\n|-supereffective|p2b: Tyranitar|2\n|-damage|p2b: Tyranitar|0 fnt\n|-unboost|p1a: Tauros|def|1\n|-unboost|p1a: Tauros|spd|1\n|faint|p2b: Tyranitar\n|-enditem|p1a: Tauros|White Herb\n|-clearnegativeboost|p1a: Tauros|[silent]\n|\n|-weather|Sandstorm|[upkeep]\n|-damage|p1a: Tauros|0 fnt|[from] Sandstorm\n|faint|p1a: Tauros\n|upkeep\n|\n|t:|1776296569\n|switch|p1a: Rotom|Rotom-Mow, L50|100/100\n|switch|p1b: Pelipper|Pelipper, L50, F|100/100\n|switch|p2b: Garchomp|Garchomp, L50, F|100/100\n|-weather|RainDance|[from] ability: Drizzle|[of] p1b: Pelipper\n|turn|4\n|\n|t:|1776296586\n|move|p1a: Rotom|Protect|p1a: Rotom\n|-singleturn|p1a: Rotom|Protect\n|move|p1b: Pelipper|Protect|p1b: Pelipper\n|-singleturn|p1b: Pelipper|Protect\n|move|p2b: Garchomp|Rock Slide|p1a: Rotom|[spread] \n|-activate|p1a: Rotom|move: Protect\n|-activate|p1b: Pelipper|move: Protect\n|move|p2a: Aerodactyl|Rock Slide|p1a: Rotom|[spread] \n|-activate|p1a: Rotom|move: Protect\n|-activate|p1b: Pelipper|move: Protect\n|\n|-weather|RainDance|[upkeep]\n|-sideend|p2: Braychase197|move: Tailwind\n|upkeep\n|turn|5\n|\n|t:|1776296608\n|move|p2b: Garchomp|Rock Slide|p1b: Pelipper|[spread] p1a,p1b\n|-supereffective|p1b: Pelipper|1\n|-damage|p1a: Rotom|78/100\n|-damage|p1b: Pelipper|49/100\n|cant|p1a: Rotom|flinch\n|cant|p1b: Pelipper|flinch\n|move|p2a: Aerodactyl|Rock Slide|p1a: Rotom|[spread] p1b\n|-miss|p2a: Aerodactyl|p1a: Rotom\n|-supereffective|p1b: Pelipper|1\n|-damage|p1b: Pelipper|4/100\n|\n|-weather|RainDance|[upkeep]\n|upkeep\n|turn|6\n|inactive|lulvdisc has 30 seconds left.\n|inactive|Braychase197 has 30 seconds left.\n|\n|t:|1776296639\n|move|p1b: Pelipper|Protect|p1b: Pelipper\n|-singleturn|p1b: Pelipper|Protect\n|move|p2b: Garchomp|Rock Slide|p1a: Rotom|[spread] p1a\n|-activate|p1b: Pelipper|move: Protect\n|-damage|p1a: Rotom|55/100\n|move|p1a: Rotom|Thunderbolt|p2a: Aerodactyl\n|-supereffective|p2a: Aerodactyl|1\n|-damage|p2a: Aerodactyl|0 fnt\n|faint|p2a: Aerodactyl\n|\n|-weather|RainDance|[upkeep]\n|upkeep\n|turn|7\n|\n|t:|1776296651\n|move|p2b: Garchomp|Rock Slide|p1b: Pelipper|[spread] p1a,p1b\n|-supereffective|p1b: Pelipper|1\n|-damage|p1a: Rotom|32/100\n|-damage|p1b: Pelipper|0 fnt\n|faint|p1b: Pelipper\n|move|p1a: Rotom|Will-O-Wisp|p2b: Garchomp\n|-status|p2b: Garchomp|brn\n|\n|-weather|RainDance|[upkeep]\n|-damage|p2b: Garchomp|94/100 brn|[from] brn\n|upkeep\n|turn|8\n|\n|t:|1776296662\n|move|p1a: Rotom|Protect|p1a: Rotom\n|-singleturn|p1a: Rotom|Protect\n|move|p2b: Garchomp|Dragon Claw|p1a: Rotom\n|-activate|p1a: Rotom|move: Protect\n|\n|-weather|none\n|-damage|p2b: Garchomp|88/100 brn|[from] brn\n|upkeep\n|turn|9\n|\n|t:|1776296673\n|move|p2b: Garchomp|Dragon Claw|p1a: Rotom\n|-damage|p1a: Rotom|9/100\n|move|p1a: Rotom|Leaf Storm|p2b: Garchomp\n|-damage|p2b: Garchomp|18/100 brn\n|-unboost|p1a: Rotom|spa|2\n|\n|-damage|p2b: Garchomp|12/100 brn|[from] brn\n|upkeep\n|turn|10\n|\n|t:|1776296682\n|move|p1a: Rotom|Protect|p1a: Rotom\n|-singleturn|p1a: Rotom|Protect\n|move|p2b: Garchomp|Dragon Claw|p1a: Rotom\n|-activate|p1a: Rotom|move: Protect\n|\n|-damage|p2b: Garchomp|6/100 brn|[from] brn\n|upkeep\n|turn|11\n|\n|t:|1776296691\n|move|p1a: Rotom|Protect|p1a: Rotom\n|-singleturn|p1a: Rotom|Protect\n|move|p2b: Garchomp|Dragon Claw|p1a: Rotom\n|-activate|p1a: Rotom|move: Protect\n|\n|-damage|p2b: Garchomp|0 fnt|[from] brn\n|faint|p2b: Garchomp\n|\n|win|lulvdisc\n|raw|lulvdisc's rating: 1151 &rarr; <strong>1179</strong><br />(+28 for winning)\n|raw|Braychase197's rating: 1199 &rarr; <strong>1171</strong><br />(-28 for losing)\n|l|\u2606Braychase197\n|player|p2|\n",
  "uploadtime": 1776296719,
  "views": 28,
  "formatid": "gen9championsvgc2026regma",
  "rating": 1171,
  "private": 0,
  "password": null
}