{
  "id": "gen9championsvgc2026regma-2585649813",
  "format": "[Gen 9 Champions] VGC 2026 Reg M-A",
  "players": [
    "plixim",
    "dcvgtrfdcv"
  ],
  "log": "|j|\u2606plixim\n|j|\u2606dcvgtrfdcv\n|t:|1776361237\n|gametype|doubles\n|player|p1|plixim|265|1079\n|player|p2|dcvgtrfdcv|102|1000\n|gen|9\n|tier|[Gen 9 Champions] VGC 2026 Reg M-A\n|rated|\n|rule|Species Clause: Limit one of each Pok\u00e9mon\n|rule|Item Clause: Limit 1 of each item\n|clearpoke\n|poke|p1|Glalie, L50, M|\n|poke|p1|Froslass, L50, F|\n|poke|p1|Tauros-Paldea-Aqua, L50, M|\n|poke|p1|Meganium, L50, M|\n|poke|p1|Typhlosion-Hisui, L50, F|\n|poke|p1|Tinkaton, L50, F|\n|poke|p2|Froslass, L50, F|\n|poke|p2|Orthworm, L50, F|\n|poke|p2|Basculegion, L50, M|\n|poke|p2|Incineroar, L50, M|\n|poke|p2|Rotom-Frost, L50|\n|poke|p2|Garchomp, L50, M|\n|teampreview|4\n|\n|t:|1776361274\n|teamsize|p1|4\n|teamsize|p2|4\n|start\n|switch|p1a: Wonel|Glalie, L50, M, shiny|100/100\n|switch|p1b: Froslass|Froslass, L50, F|100/100\n|switch|p2a: Orthworm|Orthworm, L50, F|100/100\n|switch|p2b: Incineroar|Incineroar, L50, M|100/100\n|-ability|p2b: Incineroar|Intimidate|boost\n|-unboost|p1a: Wonel|atk|1\n|-unboost|p1b: Froslass|atk|1\n|turn|1\n|inactive|Battle timer is ON: inactive players will automatically lose when time's up. (requested by plixim)\n|\n|t:|1776361294\n|switch|p1b: Tauros|Tauros-Paldea-Aqua, L50, M|100/100\n|-ability|p1b: Tauros|Intimidate|boost\n|-unboost|p2a: Orthworm|atk|1\n|-unboost|p2b: Incineroar|atk|1\n|move|p2b: Incineroar|Flare Blitz|p1b: Tauros\n|-resisted|p1b: Tauros|1\n|-damage|p1b: Tauros|82/100\n|-damage|p2b: Incineroar|95/100|[from] Recoil\n|move|p2a: Orthworm|Heavy Slam|p1b: Tauros\n|-resisted|p1b: Tauros|1\n|-damage|p1b: Tauros|74/100\n|move|p1a: Wonel|Substitute|p1a: Wonel\n|-start|p1a: Wonel|Substitute\n|-damage|p1a: Wonel|76/100\n|\n|-heal|p1a: Wonel|82/100|[from] item: Leftovers\n|-ability|p1a: Wonel|Moody|boost\n|-boost|p1a: Wonel|spa|2\n|-unboost|p1a: Wonel|atk|1\n|upkeep\n|turn|2\n|inactive|dcvgtrfdcv has 30 seconds left.\n|\n|t:|1776361325\n|move|p1b: Tauros|Close Combat|p2b: Incineroar\n|-supereffective|p2b: Incineroar|1\n|-damage|p2b: Incineroar|0 fnt\n|-unboost|p1b: Tauros|def|1\n|-unboost|p1b: Tauros|spd|1\n|faint|p2b: Incineroar\n|move|p2a: Orthworm|Body Press|p1a: Wonel\n|-supereffective|p1a: Wonel|1\n|-end|p1a: Wonel|Substitute\n|move|p1a: Wonel|Double Team|p1a: Wonel\n|-boost|p1a: Wonel|evasion|1\n|\n|-heal|p1a: Wonel|88/100|[from] item: Leftovers\n|-ability|p1a: Wonel|Moody|boost\n|-boost|p1a: Wonel|spd|2\n|-unboost|p1a: Wonel|atk|1\n|upkeep\n|\n|t:|1776361340\n|switch|p2b: Rotom|Rotom-Frost, L50|100/100\n|turn|3\n|\n|t:|1776361352\n|move|p1b: Tauros|Close Combat|p2a: Orthworm\n|-supereffective|p2a: Orthworm|1\n|-damage|p2a: Orthworm|0 fnt\n|-unboost|p1b: Tauros|def|1\n|-unboost|p1b: Tauros|spd|1\n|faint|p2a: Orthworm\n|move|p2b: Rotom|Thunderbolt|p1b: Tauros\n|-supereffective|p1b: Tauros|1\n|-damage|p1b: Tauros|0 fnt\n|faint|p1b: Tauros\n|move|p1a: Wonel|Substitute|p1a: Wonel\n|-start|p1a: Wonel|Substitute\n|-damage|p1a: Wonel|63/100\n|\n|-heal|p1a: Wonel|69/100|[from] item: Leftovers\n|-ability|p1a: Wonel|Moody|boost\n|-boost|p1a: Wonel|spe|2\n|-unboost|p1a: Wonel|atk|1\n|upkeep\n|\n|t:|1776361368\n|switch|p1b: Meganium|Meganium, L50, M|100/100\n|switch|p2a: Froslass|Froslass, L50, F|100/100\n|turn|4\n|\n|t:|1776361380\n|detailschange|p2a: Froslass|Froslass-Mega, L50, F\n|-mega|p2a: Froslass|Froslass|Froslassite\n|-weather|Snowscape|[from] ability: Snow Warning|[of] p2a: Froslass\n|detailschange|p1b: Meganium|Meganium-Mega, L50, M\n|-mega|p1b: Meganium|Meganium|Meganiumite\n|move|p2b: Rotom|Helping Hand|p2a: Froslass\n|-singleturn|p2a: Froslass|Helping Hand|[of] p2b: Rotom\n|move|p1a: Wonel|Double Team|p1a: Wonel\n|-boost|p1a: Wonel|evasion|1\n|move|p2a: Froslass|Blizzard|p1b: Meganium|[spread] p1a,p1b\n|-resisted|p1a: Wonel|1\n|-activate|p1a: Wonel|move: Substitute|[damage]\n|-supereffective|p1b: Meganium|1\n|-damage|p1b: Meganium|0 fnt\n|faint|p1b: Meganium\n|\n|-weather|Snowscape|[upkeep]\n|-heal|p1a: Wonel|76/100|[from] item: Leftovers\n|-ability|p1a: Wonel|Moody|boost\n|-boost|p1a: Wonel|atk|2\n|-unboost|p1a: Wonel|def|1\n|upkeep\n|\n|t:|1776361394\n|switch|p1b: Froslass|Froslass, L50, F|100/100\n|turn|5\n|\n|t:|1776361405\n|move|p2b: Rotom|Helping Hand|p2a: Froslass\n|-singleturn|p2a: Froslass|Helping Hand|[of] p2b: Rotom\n|move|p1a: Wonel|Double Team|p1a: Wonel\n|-boost|p1a: Wonel|evasion|1\n|move|p2a: Froslass|Shadow Ball|p1b: Froslass\n|-supereffective|p1b: Froslass|1\n|-damage|p1b: Froslass|0 fnt\n|faint|p1b: Froslass\n|\n|-weather|Snowscape|[upkeep]\n|-heal|p1a: Wonel|82/100|[from] item: Leftovers\n|-ability|p1a: Wonel|Moody|boost\n|-boost|p1a: Wonel|spd|2\n|-unboost|p1a: Wonel|def|1\n|upkeep\n|turn|6\n|\n|t:|1776361421\n|move|p1a: Wonel|Double Team|p1a: Wonel\n|-boost|p1a: Wonel|evasion|1\n|move|p2a: Froslass|Shadow Ball|p1a: Wonel|[miss]\n|-miss|p2a: Froslass|p1a: Wonel\n|move|p2b: Rotom|Thunderbolt|p1a: Wonel|[miss]\n|-miss|p2b: Rotom|p1a: Wonel\n|\n|-weather|Snowscape|[upkeep]\n|-heal|p1a: Wonel|88/100|[from] item: Leftovers\n|-ability|p1a: Wonel|Moody|boost\n|-boost|p1a: Wonel|spa|2\n|-unboost|p1a: Wonel|spd|1\n|upkeep\n|turn|7\n|\n|t:|1776361435\n|move|p1a: Wonel|Double Team|p1a: Wonel\n|-boost|p1a: Wonel|evasion|1\n|move|p2a: Froslass|Shadow Ball|p1a: Wonel|[miss]\n|-miss|p2a: Froslass|p1a: Wonel\n|move|p2b: Rotom|Thunderbolt|p1a: Wonel|[miss]\n|-miss|p2b: Rotom|p1a: Wonel\n|\n|-weather|Snowscape|[upkeep]\n|-heal|p1a: Wonel|94/100|[from] item: Leftovers\n|-ability|p1a: Wonel|Moody|boost\n|-boost|p1a: Wonel|spa|2\n|-unboost|p1a: Wonel|atk|1\n|upkeep\n|turn|8\n|\n|t:|1776361449\n|move|p1a: Wonel|Double Team|p1a: Wonel\n|-boost|p1a: Wonel|evasion|1\n|move|p2a: Froslass|Blizzard|p1a: Wonel\n|-resisted|p1a: Wonel|1\n|-end|p1a: Wonel|Substitute\n|move|p2b: Rotom|Blizzard|p1a: Wonel\n|-resisted|p1a: Wonel|1\n|-damage|p1a: Wonel|83/100\n|\n|-weather|none\n|-heal|p1a: Wonel|89/100|[from] item: Leftovers\n|-ability|p1a: Wonel|Moody|boost\n|-boost|p1a: Wonel|atk|2\n|-unboost|p1a: Wonel|spd|1\n|upkeep\n|turn|9\n|\n|t:|1776361463\n|move|p1a: Wonel|Substitute|p1a: Wonel\n|-start|p1a: Wonel|Substitute\n|-damage|p1a: Wonel|64/100\n|move|p2a: Froslass|Shadow Ball|p1a: Wonel|[miss]\n|-miss|p2a: Froslass|p1a: Wonel\n|move|p2b: Rotom|Thunderbolt|p1a: Wonel|[miss]\n|-miss|p2b: Rotom|p1a: Wonel\n|\n|-heal|p1a: Wonel|71/100|[from] item: Leftovers\n|-ability|p1a: Wonel|Moody|boost\n|-boost|p1a: Wonel|spe|2\n|-unboost|p1a: Wonel|spa|1\n|upkeep\n|turn|10\n|\n|t:|1776361482\n|move|p1a: Wonel|Frost Breath|p2b: Rotom\n|-resisted|p2b: Rotom|1\n|-crit|p2b: Rotom\n|-damage|p2b: Rotom|43/100\n|move|p2a: Froslass|Shadow Ball|p1a: Wonel|[miss]\n|-miss|p2a: Froslass|p1a: Wonel\n|move|p2b: Rotom|Thunderbolt|p1a: Wonel\n|-activate|p1a: Wonel|move: Substitute|[damage]\n|\n|-heal|p1a: Wonel|77/100|[from] item: Leftovers\n|-ability|p1a: Wonel|Moody|boost\n|-boost|p1a: Wonel|def|2\n|-unboost|p1a: Wonel|spe|1\n|upkeep\n|turn|11\n|\n|t:|1776361499\n|move|p1a: Wonel|Frost Breath|p2b: Rotom\n|-resisted|p2b: Rotom|1\n|-crit|p2b: Rotom\n|-damage|p2b: Rotom|0 fnt\n|faint|p2b: Rotom\n|move|p2a: Froslass|Shadow Ball|p1a: Wonel|[miss]\n|-miss|p2a: Froslass|p1a: Wonel\n|\n|-heal|p1a: Wonel|83/100|[from] item: Leftovers\n|-ability|p1a: Wonel|Moody|boost\n|-boost|p1a: Wonel|spe|2\n|-unboost|p1a: Wonel|def|1\n|upkeep\n|turn|12\n|-message|dcvgtrfdcv forfeited.\n|\n|win|plixim\n|raw|plixim's rating: 1079 &rarr; <strong>1101</strong><br />(+22 for winning)\n|raw|dcvgtrfdcv's rating: 1000 &rarr; <strong>1000</strong><br />(+0 for losing)\n|l|\u2606dcvgtrfdcv\n|player|p2|\n",
  "uploadtime": 1776361508,
  "views": 16,
  "formatid": "gen9championsvgc2026regma",
  "rating": 1000,
  "private": 0,
  "password": null
}