{
  "id": "gen9championsvgc2026regma-2586701543",
  "format": "[Gen 9 Champions] VGC 2026 Reg M-A",
  "players": [
    "Daraiinn",
    "Avocanoodle"
  ],
  "log": "|j|\u2606Daraiinn\n|j|\u2606Avocanoodle\n|t:|1776453293\n|gametype|doubles\n|player|p1|Daraiinn|102|1000\n|player|p2|Avocanoodle|sonia-professor|1066\n|gen|9\n|tier|[Gen 9 Champions] VGC 2026 Reg M-A\n|rated|\n|rule|Species Clause: Limit one of each Pok\u00e9mon\n|rule|Item Clause: Limit 1 of each item\n|clearpoke\n|poke|p1|Oranguru, L50, M|\n|poke|p1|Hatterene, L50, F|\n|poke|p1|Rhyperior, L50, M|\n|poke|p1|Milotic, L50, M|\n|poke|p1|Drampa, L50, M|\n|poke|p1|Mimikyu, L50, F|\n|poke|p2|Mudsdale, L50, F|\n|poke|p2|Maushold-Four, L50|\n|poke|p2|Feraligatr, L50, M|\n|poke|p2|Volcarona, L50, M|\n|poke|p2|Aegislash, L50, M|\n|poke|p2|Rotom-Mow, L50|\n|teampreview|4\n|inactive|Battle timer is ON: inactive players will automatically lose when time's up. (requested by Avocanoodle)\n|inactive|Avocanoodle has 60 seconds left.\n|\n|t:|1776453332\n|teamsize|p1|4\n|teamsize|p2|4\n|start\n|switch|p1a: Oranguru|Oranguru, L50, M|100/100\n|switch|p1b: Hatterene|Hatterene, L50, F|100/100\n|switch|p2a: Volcarona|Volcarona, L50, M, shiny|100/100\n|switch|p2b: Feraligatr|Feraligatr, L50, M|100/100\n|turn|1\n|\n|t:|1776453356\n|detailschange|p2b: Feraligatr|Feraligatr-Mega, L50, M\n|-mega|p2b: Feraligatr|Feraligatr|Feraligite\n|move|p2a: Volcarona|Mystical Fire|p1b: Hatterene\n|-damage|p1b: Hatterene|62/100\n|-unboost|p1b: Hatterene|spa|1\n|move|p2b: Feraligatr|Double-Edge|p1a: Oranguru\n|-damage|p1a: Oranguru|22/100\n|-damage|p2b: Feraligatr|74/100|[from] Recoil\n|move|p1b: Hatterene|Dazzling Gleam|p2a: Volcarona|[spread] p2a,p2b\n|-resisted|p2a: Volcarona|1\n|-supereffective|p2b: Feraligatr|1\n|-damage|p2a: Volcarona|92/100\n|-damage|p2b: Feraligatr|32/100\n|move|p1a: Oranguru|Trick Room|p1a: Oranguru\n|-fieldstart|move: Trick Room|[of] p1a: Oranguru\n|\n|upkeep\n|turn|2\n|inactive|Avocanoodle has 30 seconds left.\n|\n|t:|1776453381\n|switch|p2b: Aegislash|Aegislash, L50, M|100/100\n|move|p1b: Hatterene|Dazzling Gleam|p2a: Volcarona|[spread] p2a,p2b\n|-resisted|p2a: Volcarona|1\n|-resisted|p2b: Aegislash|1\n|-damage|p2a: Volcarona|83/100\n|-damage|p2b: Aegislash|91/100\n|move|p1a: Oranguru|Psychic Terrain|p1a: Oranguru\n|-fieldstart|move: Psychic Terrain\n|move|p2a: Volcarona|Mystical Fire|p1b: Hatterene\n|-damage|p1b: Hatterene|25/100\n|-unboost|p1b: Hatterene|spa|1\n|\n|upkeep\n|turn|3\n|inactive|Avocanoodle has 30 seconds left.\n|\n|t:|1776453413\n|move|p2a: Volcarona|Protect|p2a: Volcarona\n|-singleturn|p2a: Volcarona|Protect\n|move|p1b: Hatterene|Expanding Force|p2b: Aegislash|[spread] p2b\n|-activate|p2a: Volcarona|move: Protect\n|-resisted|p2b: Aegislash|1\n|-damage|p2b: Aegislash|77/100\n|move|p1a: Oranguru|Expanding Force|p2a: Volcarona|[spread] p2b\n|-activate|p2a: Volcarona|move: Protect\n|-resisted|p2b: Aegislash|1\n|-damage|p2b: Aegislash|63/100\n|-formechange|p2b: Aegislash|Aegislash-Blade|\n|move|p2b: Aegislash|Iron Head|p1a: Oranguru\n|-damage|p1a: Oranguru|0 fnt\n|faint|p1a: Oranguru\n|\n|upkeep\n|\n|t:|1776453421\n|switch|p1a: Drampa|Drampa, L50, M|100/100\n|turn|4\n|\n|t:|1776453440\n|switch|p2a: Mudsdale|Mudsdale, L50, F|100/100\n|move|p1b: Hatterene|Protect|p1b: Hatterene\n|-singleturn|p1b: Hatterene|Protect\n|-formechange|p2b: Aegislash|Aegislash|\n|move|p2b: Aegislash|King's Shield|p2b: Aegislash\n|-singleturn|p2b: Aegislash|Protect\n|move|p1a: Drampa|Flamethrower|p2b: Aegislash\n|-activate|p2b: Aegislash|move: Protect\n|\n|upkeep\n|turn|5\n|inactive|Avocanoodle has 30 seconds left.\n|\n|t:|1776453470\n|detailschange|p1a: Drampa|Drampa-Mega, L50, M\n|-mega|p1a: Drampa|Drampa|Drampanite\n|move|p1b: Hatterene|Dazzling Gleam|p2a: Mudsdale|[spread] p2a,p2b\n|-resisted|p2b: Aegislash|1\n|-damage|p2a: Mudsdale|86/100\n|-damage|p2b: Aegislash|56/100\n|-ability|p2a: Mudsdale|Stamina|boost\n|-boost|p2a: Mudsdale|def|1\n|move|p2a: Mudsdale|Body Press|p1a: Drampa\n|-supereffective|p1a: Drampa|1\n|-damage|p1a: Drampa|53/100\n|move|p1a: Drampa|Flamethrower|p2b: Aegislash\n|-supereffective|p2b: Aegislash|1\n|-damage|p2b: Aegislash|0 fnt\n|faint|p2b: Aegislash\n|\n|-heal|p2a: Mudsdale|92/100|[from] item: Leftovers\n|-fieldend|move: Trick Room\n|upkeep\n|\n|t:|1776453485\n|switch|p2b: Feraligatr|Feraligatr-Mega, L50, M|32/100\n|turn|6\n|\n|t:|1776453503\n|switch|p1b: Mimikyu|Mimikyu, L50, F|100/100\n|move|p2b: Feraligatr|Double-Edge|p1a: Drampa\n|-supereffective|p1a: Drampa|1\n|-damage|p1a: Drampa|0 fnt\n|faint|p1a: Drampa\n|-damage|p2b: Feraligatr|16/100|[from] Recoil\n|move|p2a: Mudsdale|Heavy Slam|p1b: Mimikyu\n|-activate|p1b: Mimikyu|ability: Disguise\n|-damage|p1b: Mimikyu|100/100\n|detailschange|p1b: Mimikyu|Mimikyu-Busted, L50, F\n|-damage|p1b: Mimikyu|88/100|[from] pokemon: Mimikyu-Busted\n|\n|-heal|p2a: Mudsdale|98/100|[from] item: Leftovers\n|-fieldend|move: Psychic Terrain\n|upkeep\n|\n|t:|1776453509\n|switch|p1a: Hatterene|Hatterene, L50, F|25/100\n|turn|7\n|\n|t:|1776453523\n|move|p1b: Mimikyu|Swords Dance|p1b: Mimikyu\n|-boost|p1b: Mimikyu|atk|2\n|move|p2b: Feraligatr|Liquidation|p1a: Hatterene\n|-damage|p1a: Hatterene|0 fnt\n|faint|p1a: Hatterene\n|move|p2a: Mudsdale|Heavy Slam|p1b: Mimikyu\n|-supereffective|p1b: Mimikyu|1\n|-damage|p1b: Mimikyu|0 fnt\n|faint|p1b: Mimikyu\n|\n|win|Avocanoodle\n|raw|Daraiinn's rating: 1000 &rarr; <strong>1000</strong><br />(+0 for losing)\n|raw|Avocanoodle's rating: 1066 &rarr; <strong>1090</strong><br />(+24 for winning)\n",
  "uploadtime": 1776453523,
  "views": 29,
  "formatid": "gen9championsvgc2026regma",
  "rating": 1000,
  "private": 0,
  "password": null
}