{
  "id": "gen9championsvgc2026regma-2587900552",
  "format": "[Gen 9 Champions] VGC 2026 Reg M-A",
  "players": [
    "yungPBJglizzy",
    "Zagreus0504"
  ],
  "log": "|j|\u2606yungPBJglizzy\n|j|\u2606Zagreus0504\n|t:|1776576499\n|gametype|doubles\n|player|p1|yungPBJglizzy|2|\n|player|p2|Zagreus0504|clair|\n|gen|9\n|tier|[Gen 9 Champions] VGC 2026 Reg M-A\n|rated|Tournament battle\n|rule|Species Clause: Limit one of each Pok\u00e9mon\n|rule|Item Clause: Limit 1 of each item\n|raw|<div class=\"infobox\"><details class=\"readmore\" open><summary><strong>1 custom rule:</strong></summary> Force Open Team Sheets</details></div>\n|clearpoke\n|poke|p1|Basculegion, L50, M|\n|poke|p1|Rhyperior, L50, F, shiny|\n|poke|p1|Charizard, L50, F, shiny|\n|poke|p1|Incineroar, L50, M|\n|poke|p1|Farigiraf, L50, M|\n|poke|p1|Garchomp, L50, M|\n|poke|p2|Starmie, L50, shiny|\n|poke|p2|Pelipper, L50, M|\n|poke|p2|Archaludon, L50, M|\n|poke|p2|Sneasler, L50, M|\n|poke|p2|Kingambit, L50, F|\n|poke|p2|Dragonite, L50, M|\n|teampreview|4\n|showteam|p1|Basculegion||ChoiceScarf|Adaptability|WaveCrash,AquaJet,LastRespects,FlipTurn|||M|||50|]Rhyperior||SoftSand|SolidRock|RockSlide,HighHorsepower,IcePunch,Protect|||F|||50|]Charizard||CharizarditeY|SolarPower|HeatWave,SolarBeam,WeatherBall,Protect|||F|||50|]Incineroar||PasshoBerry|Intimidate|FakeOut,DarkestLariat,FlareBlitz,PartingShot|||M|||50|]Farigiraf||SitrusBerry|ArmorTail|HyperVoice,Psychic,TrickRoom,Protect|||M|||50|]Garchomp||WhiteHerb|RoughSkin|DragonClaw,StompingTantrum,RockSlide,Protect|||M|||50|\n|showteam|p2|Starmie||Starminite|NaturalCure|Liquidation,ZenHeadbutt,IceSpinner,Protect||||||50|]Pelipper||FocusSash|Drizzle|Hurricane,Tailwind,IcyWind,Protect|||M|||50|]Archaludon||SitrusBerry|Stamina|ElectroShot,FlashCannon,DracoMeteor,Protect|||M|||50|]Sneasler||WhiteHerb|Unburden|CloseCombat,DireClaw,Coaching,Protect|||M|||50|]Kingambit||BlackGlasses|Defiant|KowtowCleave,SuckerPunch,IronHead,Protect|||F|||50|]Dragonite||Dragoninite|Multiscale|Hurricane,Thunder,DracoMeteor,Protect|||M|||50|\n|j| OnToTheOther\n|c|\u2606Zagreus0504|glhf\n|c|\u2606yungPBJglizzy|glhf\n|\n|t:|1776576545\n|teamsize|p1|4\n|teamsize|p2|4\n|start\n|switch|p1a: Farigiraf|Farigiraf, L50, M|100/100\n|switch|p1b: Basculegion|Basculegion, L50, M|100/100\n|switch|p2a: Starmie|Starmie, L50, shiny|100/100\n|switch|p2b: Sneasler|Sneasler, L50, M|100/100\n|turn|1\n|\n|t:|1776576565\n|detailschange|p2a: Starmie|Starmie-Mega, L50, shiny\n|-mega|p2a: Starmie|Starmie|Starminite\n|move|p1b: Basculegion|Wave Crash|p2b: Sneasler\n|-crit|p2b: Sneasler\n|-damage|p2b: Sneasler|0 fnt\n|faint|p2b: Sneasler\n|-damage|p1b: Basculegion|75/100|[from] Recoil\n|move|p2a: Starmie|Liquidation|p1a: Farigiraf\n|-damage|p1a: Farigiraf|35/100\n|-enditem|p1a: Farigiraf|Sitrus Berry|[eat]\n|-heal|p1a: Farigiraf|60/100|[from] item: Sitrus Berry\n|move|p1a: Farigiraf|Trick Room|p1a: Farigiraf\n|-fieldstart|move: Trick Room|[of] p1a: Farigiraf\n|\n|upkeep\n|\n|t:|1776576579\n|switch|p2b: Pelipper|Pelipper, L50, M|100/100\n|-weather|RainDance|[from] ability: Drizzle|[of] p2b: Pelipper\n|turn|2\n|\n|t:|1776576585\n|switch|p2a: Archaludon|Archaludon, L50, M|100/100\n|move|p1a: Farigiraf|Hyper Voice|p2a: Archaludon|[spread] p2a,p2b\n|-resisted|p2a: Archaludon|1\n|-crit|p2b: Pelipper\n|-damage|p2a: Archaludon|84/100\n|-damage|p2b: Pelipper|48/100\n|-ability|p2a: Archaludon|Stamina|boost\n|-boost|p2a: Archaludon|def|1\n|move|p2b: Pelipper|Hurricane|p1b: Basculegion\n|-damage|p1b: Basculegion|34/100\n|move|p1b: Basculegion|Wave Crash|p2b: Pelipper\n|-resisted|p2b: Pelipper|1\n|-damage|p2b: Pelipper|0 fnt\n|faint|p2b: Pelipper\n|-damage|p1b: Basculegion|21/100|[from] Recoil\n|\n|-weather|RainDance|[upkeep]\n|upkeep\n|\n|t:|1776576596\n|switch|p2b: Starmie|Starmie-Mega, L50, shiny|100/100\n|turn|3\n|\n|t:|1776576602\n|move|p1a: Farigiraf|Psychic|p2b: Starmie\n|-resisted|p2b: Starmie|1\n|-damage|p2b: Starmie|76/100\n|move|p2a: Archaludon|Electro Shot||[still]\n|-prepare|p2a: Archaludon|Electro Shot\n|-boost|p2a: Archaludon|spa|1\n|-anim|p2a: Archaludon|Electro Shot|p1b: Basculegion\n|-supereffective|p1b: Basculegion|1\n|-damage|p1b: Basculegion|0 fnt\n|faint|p1b: Basculegion\n|move|p2b: Starmie|Liquidation|p1a: Farigiraf\n|-damage|p1a: Farigiraf|0 fnt\n|faint|p1a: Farigiraf\n|\n|-weather|RainDance|[upkeep]\n|upkeep\n|\n|t:|1776576605\n|switch|p1a: Rhyperior|Rhyperior, L50, F, shiny|100/100\n|switch|p1b: Charizard|Charizard, L50, F, shiny|100/100\n|turn|4\n|\n|t:|1776576640\n|detailschange|p1b: Charizard|Charizard-Mega-Y, L50, F, shiny\n|-mega|p1b: Charizard|Charizard|Charizardite Y\n|-weather|SunnyDay|[from] ability: Drought|[of] p1b: Charizard\n|move|p1a: Rhyperior|High Horsepower|p2a: Archaludon\n|-supereffective|p2a: Archaludon|1\n|-damage|p2a: Archaludon|16/100\n|-ability|p2a: Archaludon|Stamina|boost\n|-boost|p2a: Archaludon|def|1\n|-enditem|p2a: Archaludon|Sitrus Berry|[eat]\n|-heal|p2a: Archaludon|41/100|[from] item: Sitrus Berry\n|move|p2a: Archaludon|Draco Meteor|p1b: Charizard\n|-damage|p1b: Charizard|0 fnt\n|-unboost|p2a: Archaludon|spa|2\n|faint|p1b: Charizard\n|move|p2b: Starmie|Liquidation|p1a: Rhyperior\n|-supereffective|p1a: Rhyperior|2\n|-damage|p1a: Rhyperior|28/100\n|-unboost|p1a: Rhyperior|def|1\n|\n|-weather|SunnyDay|[upkeep]\n|upkeep\n|turn|5\n|j|+holdingb\n|-message|yungPBJglizzy forfeited.\n|\n|win|Zagreus0504\n|n|\u2606yungPBJglizzy|yungpbjglizzy\n|n|\u2606Zagreus0504|zagreus0504\n|n| OnToTheOther|ontotheother\n|n| holdingb|holdingb\n",
  "uploadtime": 1776576652,
  "views": 8,
  "formatid": "gen9championsvgc2026regma",
  "rating": null,
  "private": 0,
  "password": null
}