{
  "id": "gen9championsvgc2026regma-2582007988",
  "format": "[Gen 9 Champions] VGC 2026 Reg M-A",
  "players": [
    "williat9",
    "Mr_Amonguss"
  ],
  "log": "|j|\u2606williat9\n|j|\u2606Mr_Amonguss\n|t:|1776047843\n|gametype|doubles\n|player|p1|williat9|102|1207\n|player|p2|Mr_Amonguss|ghetsis|1116\n|gen|9\n|tier|[Gen 9 Champions] VGC 2026 Reg M-A\n|rated|\n|rule|Species Clause: Limit one of each Pok\u00e9mon\n|rule|Item Clause: Limit 1 of each item\n|clearpoke\n|poke|p1|Kingambit, L50, M|\n|poke|p1|Starmie, L50|\n|poke|p1|Incineroar, L50, M|\n|poke|p1|Sylveon, L50, M|\n|poke|p1|Sneasler, L50, M|\n|poke|p1|Sinistcha, L50|\n|poke|p2|Emboar, L50, F|\n|poke|p2|Talonflame, L50, F|\n|poke|p2|Farigiraf, L50, M|\n|poke|p2|Rotom-Fan, L50|\n|poke|p2|Primarina, L50, M|\n|poke|p2|Zoroark, L50, F|\n|teampreview|4\n|inactive|Battle timer is ON: inactive players will automatically lose when time's up. (requested by Mr_Amonguss)\n|inactive|williat9 also wants the timer to be on.\n|inactive|williat9 has 60 seconds left.\n|inactive|Mr_Amonguss has 60 seconds left.\n|\n|t:|1776047886\n|teamsize|p1|4\n|teamsize|p2|4\n|start\n|switch|p1a: Starmie|Starmie, L50|100/100\n|switch|p1b: Sneasler|Sneasler, L50, M|100/100\n|switch|p2a: Talonflame|Talonflame, L50, F|100/100\n|switch|p2b: Emboar|Emboar, L50, F, shiny|100/100\n|turn|1\n|inactive|williat9 has 30 seconds left.\n|\n|t:|1776047911\n|detailschange|p1a: Starmie|Starmie-Mega, L50\n|-mega|p1a: Starmie|Starmie|Starminite\n|detailschange|p2b: Emboar|Emboar-Mega, L50, F, shiny\n|-mega|p2b: Emboar|Emboar|Emboarite\n|-ability|p2b: Emboar|Mold Breaker\n|move|p2a: Talonflame|Tailwind|p2a: Talonflame\n|-sidestart|p2: Mr_Amonguss|move: Tailwind\n|move|p2b: Emboar|Earthquake|p1b: Sneasler|[spread] p1a,p1b\n|-immune|p2a: Talonflame\n|-supereffective|p1b: Sneasler|1\n|-damage|p1a: Starmie|67/100\n|-damage|p1b: Sneasler|6/100\n|move|p1b: Sneasler|Rock Slide|p2b: Emboar|[spread] p2a,p2b\n|-supereffective|p2a: Talonflame|2\n|-damage|p2a: Talonflame|0 fnt\n|-damage|p2b: Emboar|84/100\n|faint|p2a: Talonflame\n|move|p1a: Starmie|Liquidation|p2b: Emboar\n|-supereffective|p2b: Emboar|1\n|-damage|p2b: Emboar|0 fnt\n|faint|p2b: Emboar\n|\n|upkeep\n|\n|t:|1776047929\n|switch|p2a: Primarina|Primarina, L50, M|100/100\n|switch|p2b: Primarina|Primarina, L50, M|100/100\n|turn|2\n|\n|t:|1776047950\n|switch|p1b: Incineroar|Incineroar, L50, M|100/100\n|-ability|p1b: Incineroar|Intimidate|boost\n|-unboost|p2a: Primarina|atk|1\n|-unboost|p2b: Primarina|atk|1\n|move|p1a: Starmie|Protect|p1a: Starmie\n|-singleturn|p1a: Starmie|Protect\n|move|p2a: Primarina|Snarl|p1b: Incineroar|[spread] p1b\n|-activate|p1a: Starmie|move: Protect\n|-resisted|p1b: Incineroar|1\n|-damage|p1b: Incineroar|91/100\n|-unboost|p1b: Incineroar|spa|1\n|move|p2b: Primarina|Moonblast|p1a: Starmie\n|-activate|p1a: Starmie|move: Protect\n|\n|upkeep\n|turn|3\n|inactive|williat9 has 30 seconds left.\n|\n|t:|1776047979\n|switch|p1a: Sylveon|Sylveon, L50, M|100/100\n|move|p2a: Primarina|Dark Pulse|p1a: Sylveon\n|-resisted|p1a: Sylveon|1\n|-damage|p1a: Sylveon|87/100\n|move|p2b: Primarina|Hyper Voice|p1a: Sylveon|[spread] p1a,p1b\n|-supereffective|p1b: Incineroar|1\n|-damage|p1a: Sylveon|64/100\n|-damage|p1b: Incineroar|33/100\n|-enditem|p1b: Incineroar|Sitrus Berry|[eat]\n|-heal|p1b: Incineroar|58/100|[from] item: Sitrus Berry\n|move|p1b: Incineroar|Parting Shot|p2a: Primarina\n|-unboost|p2a: Primarina|atk|1\n|-unboost|p2a: Primarina|spa|1\n|\n|t:|1776047988\n|switch|p1b: Sneasler|Sneasler, L50, M|6/100|[from] Parting Shot\n|\n|upkeep\n|turn|4\n|inactive|Mr_Amonguss has 30 seconds left.\n|\n|t:|1776048014\n|move|p1b: Sneasler|Protect|p1b: Sneasler\n|-singleturn|p1b: Sneasler|Protect\n|move|p1a: Sylveon|Detect|p1a: Sylveon\n|-singleturn|p1a: Sylveon|Protect\n|move|p2a: Primarina|Sludge Bomb|p1a: Sylveon\n|-activate|p1a: Sylveon|move: Protect\n|move|p2b: Primarina|Hyper Voice|p1b: Sneasler|[spread] \n|-activate|p1a: Sylveon|move: Protect\n|-activate|p1b: Sneasler|move: Protect\n|\n|-sideend|p2: Mr_Amonguss|move: Tailwind\n|upkeep\n|turn|5\n|\n|t:|1776048024\n|move|p1b: Sneasler|Rock Slide|p2a: Primarina|[spread] p2a,p2b\n|-damage|p2a: Primarina|60/100\n|-damage|p2b: Primarina|77/100\n|replace|p2a: Zoroark|Zoroark, L50, F\n|-end|p2a: Zoroark|Illusion\n|move|p2a: Zoroark|Sludge Bomb|p1a: Sylveon\n|-supereffective|p1a: Sylveon|1\n|-crit|p1a: Sylveon\n|-damage|p1a: Sylveon|0 fnt\n|faint|p1a: Sylveon\n|move|p2b: Primarina|Hyper Voice|p1b: Sneasler\n|-damage|p1b: Sneasler|0 fnt\n|faint|p1b: Sneasler\n|\n|-heal|p2b: Primarina|83/100|[from] item: Leftovers\n|upkeep\n|\n|t:|1776048029\n|switch|p1b: Starmie|Starmie-Mega, L50|67/100\n|switch|p1a: Incineroar|Incineroar, L50, M|58/100\n|-ability|p1a: Incineroar|Intimidate|boost\n|-unboost|p2a: Zoroark|atk|1\n|-unboost|p2b: Primarina|atk|1\n|turn|6\n|\n|t:|1776048045\n|move|p2a: Zoroark|Protect|p2a: Zoroark\n|-singleturn|p2a: Zoroark|Protect\n|move|p1a: Incineroar|Fake Out|p2a: Zoroark\n|-activate|p2a: Zoroark|move: Protect\n|move|p1b: Starmie|Liquidation|p2a: Zoroark\n|-activate|p2a: Zoroark|move: Protect\n|move|p2b: Primarina|Hyper Voice|p1a: Incineroar|[spread] p1a,p1b\n|-supereffective|p1a: Incineroar|1\n|-resisted|p1b: Starmie|1\n|-damage|p1a: Incineroar|3/100\n|-damage|p1b: Starmie|49/100\n|\n|-heal|p2b: Primarina|89/100|[from] item: Leftovers\n|upkeep\n|turn|7\n|\n|t:|1776048058\n|move|p1b: Starmie|Liquidation|p2a: Zoroark\n|-damage|p2a: Zoroark|0 fnt\n|faint|p2a: Zoroark\n|move|p2b: Primarina|Hyper Voice|p1b: Starmie|[spread] p1a,p1b\n|-supereffective|p1a: Incineroar|1\n|-resisted|p1b: Starmie|1\n|-damage|p1a: Incineroar|0 fnt\n|-damage|p1b: Starmie|29/100\n|faint|p1a: Incineroar\n|\n|-heal|p2b: Primarina|95/100|[from] item: Leftovers\n|upkeep\n|turn|8\n|\n|t:|1776048066\n|move|p1b: Starmie|Zen Headbutt|p2b: Primarina\n|-damage|p2b: Primarina|5/100\n|move|p2b: Primarina|Moonblast|p1b: Starmie\n|-damage|p1b: Starmie|0 fnt\n|faint|p1b: Starmie\n|\n|win|Mr_Amonguss\n|raw|williat9's rating: 1207 &rarr; <strong>1176</strong><br />(-31 for losing)\n|raw|Mr_Amonguss's rating: 1116 &rarr; <strong>1147</strong><br />(+31 for winning)\n|l|\u2606williat9\n|player|p1|\n",
  "uploadtime": 1776048076,
  "views": 12,
  "formatid": "gen9championsvgc2026regma",
  "rating": 1147,
  "private": 0,
  "password": null
}