{
  "id": "gen9championsvgc2026regma-2587633345",
  "format": "[Gen 9 Champions] VGC 2026 Reg M-A",
  "players": [
    "YodaBeta",
    "zocktropey"
  ],
  "log": "|j|\u2606YodaBeta\n|j|\u2606zocktropey\n|t:|1776548822\n|gametype|doubles\n|player|p1|YodaBeta|101|1406\n|player|p2|zocktropey|170|1487\n|gen|9\n|tier|[Gen 9 Champions] VGC 2026 Reg M-A\n|rated|\n|rule|Species Clause: Limit one of each Pok\u00e9mon\n|rule|Item Clause: Limit 1 of each item\n|clearpoke\n|poke|p1|Armarouge, L50, M|\n|poke|p1|Farigiraf, L50, M|\n|poke|p1|Milotic, L50, M|\n|poke|p1|Hydreigon, L50, F|\n|poke|p1|Drampa, L50, F|\n|poke|p1|Torkoal, L50, M|\n|poke|p2|Floette-Eternal, L50, F|\n|poke|p2|Incineroar, L50, M|\n|poke|p2|Whimsicott, L50, M|\n|poke|p2|Garchomp, L50, M|\n|poke|p2|Farigiraf, L50, M|\n|poke|p2|Kingambit, L50, M|\n|teampreview|4\n|inactive|Battle timer is ON: inactive players will automatically lose when time's up. (requested by YodaBeta)\n|inactive|zocktropey has 60 seconds left.\n|\n|t:|1776548898\n|teamsize|p1|4\n|teamsize|p2|4\n|start\n|switch|p1a: Farigiraf|Farigiraf, L50, M|100/100\n|switch|p1b: Hydreigon|Hydreigon, L50, F|100/100\n|switch|p2a: Floette|Floette-Eternal, L50, F|100/100\n|switch|p2b: Garchomp|Garchomp, L50, M|100/100\n|turn|1\n|inactive|zocktropey has 30 seconds left.\n|inactive|zocktropey has 20 seconds left.\n|inactive|zocktropey has 15 seconds left.\n|inactive|zocktropey has 10 seconds left.\n|\n|t:|1776548945\n|detailschange|p2a: Floette|Floette-Mega, L50, F\n|-mega|p2a: Floette|Floette|Floettite\n|-ability|p2a: Floette|Fairy Aura\n|move|p1b: Hydreigon|Draco Meteor|p2b: Garchomp\n|-supereffective|p2b: Garchomp|1\n|-damage|p2b: Garchomp|0 fnt\n|-unboost|p1b: Hydreigon|spa|2\n|faint|p2b: Garchomp\n|move|p2a: Floette|Dazzling Gleam|p1a: Farigiraf|[spread] p1a,p1b\n|-supereffective|p1b: Hydreigon|2\n|-damage|p1a: Farigiraf|43/100\n|-damage|p1b: Hydreigon|0 fnt\n|-enditem|p1a: Farigiraf|Sitrus Berry|[eat]\n|-heal|p1a: Farigiraf|68/100|[from] item: Sitrus Berry\n|faint|p1b: Hydreigon\n|move|p1a: Farigiraf|Trick Room|p1a: Farigiraf\n|-fieldstart|move: Trick Room|[of] p1a: Farigiraf\n|\n|upkeep\n|\n|t:|1776548963\n|switch|p1b: Torkoal|Torkoal, L50, M|100/100\n|switch|p2b: Kingambit|Kingambit, L50, M|100/100\n|-weather|SunnyDay|[from] ability: Drought|[of] p1b: Torkoal\n|turn|2\n|inactive|zocktropey has 30 seconds left.\n|\n|t:|1776548990\n|switch|p2b: Whimsicott|Whimsicott, L50, M|100/100\n|move|p1b: Torkoal|Eruption|p2a: Floette|[spread] p2a,p2b\n|-supereffective|p2b: Whimsicott|1\n|-damage|p2a: Floette|47/100\n|-enditem|p2b: Whimsicott|Focus Sash\n|-damage|p2b: Whimsicott|1/100\n|move|p1a: Farigiraf|Psychic|p2a: Floette\n|-damage|p2a: Floette|19/100\n|move|p2a: Floette|Moonblast|p1b: Torkoal\n|-resisted|p1b: Torkoal|1\n|-damage|p1b: Torkoal|42/100\n|\n|-weather|SunnyDay|[upkeep]\n|upkeep\n|turn|3\n|inactive|zocktropey has 30 seconds left.\n|\n|t:|1776549017\n|move|p2a: Floette|Protect|p2a: Floette\n|-singleturn|p2a: Floette|Protect\n|move|p1b: Torkoal|Heat Wave|p2b: Whimsicott|[spread] p2b\n|-activate|p2a: Floette|move: Protect\n|-supereffective|p2b: Whimsicott|1\n|-damage|p2b: Whimsicott|0 fnt\n|faint|p2b: Whimsicott\n|-heal|p1b: Torkoal|43/100|[from] item: Shell Bell|[of] p2: Whimsicott\n|move|p1a: Farigiraf|Hyper Voice|p2a: Floette\n|-activate|p2a: Floette|move: Protect\n|\n|-weather|SunnyDay|[upkeep]\n|upkeep\n|\n|t:|1776549027\n|switch|p2b: Kingambit|Kingambit, L50, M|100/100\n|turn|4\n|\n|t:|1776549041\n|move|p1b: Torkoal|Heat Wave|p2a: Floette|[spread] p2b\n|-miss|p1b: Torkoal|p2a: Floette\n|-supereffective|p2b: Kingambit|1\n|-damage|p2b: Kingambit|25/100\n|-heal|p1b: Torkoal|52/100|[from] item: Shell Bell|[of] p2b: Kingambit\n|move|p2b: Kingambit|Kowtow Cleave|p1b: Torkoal\n|-damage|p1b: Torkoal|10/100\n|move|p1a: Farigiraf|Hyper Voice|p2b: Kingambit|[spread] p2a,p2b\n|-resisted|p2b: Kingambit|1\n|-damage|p2a: Floette|0 fnt\n|-damage|p2b: Kingambit|14/100\n|faint|p2a: Floette\n|\n|-weather|SunnyDay|[upkeep]\n|upkeep\n|turn|5\n|-message|zocktropey forfeited.\n|\n|win|YodaBeta\n|raw|YodaBeta's rating: 1406 &rarr; <strong>1431</strong><br />(+25 for winning)\n|raw|zocktropey's rating: 1487 &rarr; <strong>1462</strong><br />(-25 for losing)\n|l|\u2606YodaBeta\n|player|p1|\n|l|\u2606zocktropey\n|player|p2|\n",
  "uploadtime": 1776549063,
  "views": 16,
  "formatid": "gen9championsvgc2026regma",
  "rating": 1431,
  "private": 0,
  "password": null
}