{
  "id": "gen9championsvgc2026regma-2585897098",
  "format": "[Gen 9 Champions] VGC 2026 Reg M-A",
  "players": [
    "AAACompanyBtw",
    "Yodaslayer"
  ],
  "log": "|j|\u2606AAACompanyBtw\n|j|\u2606Yodaslayer\n|t:|1776379419\n|gametype|doubles\n|player|p1|AAACompanyBtw|2|1279\n|player|p2|Yodaslayer|265|1343\n|gen|9\n|tier|[Gen 9 Champions] VGC 2026 Reg M-A\n|rated|\n|rule|Species Clause: Limit one of each Pok\u00e9mon\n|rule|Item Clause: Limit 1 of each item\n|clearpoke\n|poke|p1|Sinistcha, L50|\n|poke|p1|Pelipper, L50, M|\n|poke|p1|Rotom-Wash, L50|\n|poke|p1|Mamoswine, L50, M|\n|poke|p1|Orthworm, L50, M|\n|poke|p1|Dragonite, L50, M|\n|poke|p2|Charizard, L50, F|\n|poke|p2|Maushold-Four, L50|\n|poke|p2|Sinistcha, L50|\n|poke|p2|Primarina, L50, M|\n|poke|p2|Dragapult, L50, M|\n|poke|p2|Absol, L50, M|\n|teampreview|4\n|inactive|Battle timer is ON: inactive players will automatically lose when time's up. (requested by AAACompanyBtw)\n|\n|t:|1776379484\n|teamsize|p1|4\n|teamsize|p2|4\n|start\n|switch|p1a: Pelipper|Pelipper, L50, M|100/100\n|switch|p1b: Dragonite|Dragonite, L50, M|100/100\n|switch|p2a: Dragapult|Dragapult, L50, M|100/100\n|switch|p2b: Absol|Absol, L50, M|100/100\n|-weather|RainDance|[from] ability: Drizzle|[of] p1a: Pelipper\n|turn|1\n|\n|t:|1776379498\n|detailschange|p1b: Dragonite|Dragonite-Mega, L50, M\n|-mega|p1b: Dragonite|Dragonite|Dragoninite\n|move|p1b: Dragonite|Protect|p1b: Dragonite\n|-singleturn|p1b: Dragonite|Protect\n|move|p2a: Dragapult|Thunder Wave|p1b: Dragonite\n|-activate|p1b: Dragonite|move: Protect\n|move|p1a: Pelipper|Tailwind|p1a: Pelipper\n|-sidestart|p1: AAACompanyBtw|move: Tailwind\n|move|p2b: Absol|Knock Off|p1a: Pelipper\n|-damage|p1a: Pelipper|17/100\n|-enditem|p1a: Pelipper|Choice Scarf|[from] move: Knock Off|[of] p2b: Absol\n|\n|-weather|RainDance|[upkeep]\n|upkeep\n|turn|2\n|\n|t:|1776379523\n|switch|p2a: Primarina|Primarina, L50, M|100/100\n|move|p2b: Absol|Protect|p2b: Absol\n|-singleturn|p2b: Absol|Protect\n|move|p1b: Dragonite|Draco Meteor|p2a: Primarina\n|-immune|p2a: Primarina\n|move|p1a: Pelipper|U-turn|p2b: Absol\n|-activate|p2b: Absol|move: Protect\n|\n|-weather|RainDance|[upkeep]\n|upkeep\n|turn|3\n|inactive|Yodaslayer has 30 seconds left.\n|\n|t:|1776379555\n|move|p2b: Absol|Sucker Punch|p1a: Pelipper\n|-damage|p1a: Pelipper|0 fnt\n|faint|p1a: Pelipper\n|move|p1b: Dragonite|Hurricane|p2a: Primarina\n|-damage|p2a: Primarina|40/100\n|-start|p2a: Primarina|confusion\n|-activate|p2a: Primarina|confusion\n|move|p2a: Primarina|Hyper Voice|p1b: Dragonite\n|-resisted|p1b: Dragonite|1\n|-damage|p1b: Dragonite|80/100\n|\n|-weather|RainDance|[upkeep]\n|upkeep\n|\n|t:|1776379565\n|switch|p1a: Mamoswine|Mamoswine, L50, M|100/100\n|turn|4\n|inactive|Yodaslayer has 30 seconds left.\n|\n|t:|1776379590\n|move|p1b: Dragonite|Hurricane|p2a: Primarina\n|-damage|p2a: Primarina|0 fnt\n|faint|p2a: Primarina\n|move|p1a: Mamoswine|Earthquake|p2b: Absol|[spread] p2b\n|-immune|p1b: Dragonite\n|-damage|p2b: Absol|36/100\n|move|p2b: Absol|Close Combat|p1a: Mamoswine\n|-supereffective|p1a: Mamoswine|1\n|-enditem|p1a: Mamoswine|Focus Sash\n|-damage|p1a: Mamoswine|1/100\n|-unboost|p2b: Absol|def|1\n|-unboost|p2b: Absol|spd|1\n|\n|-weather|RainDance|[upkeep]\n|-sideend|p1: AAACompanyBtw|move: Tailwind\n|upkeep\n|\n|t:|1776379604\n|switch|p2a: Dragapult|Dragapult, L50, M|100/100\n|turn|5\n|\n|t:|1776379615\n|switch|p1b: Rotom|Rotom-Wash, L50|100/100\n|move|p1a: Mamoswine|Ice Shard|p2a: Dragapult\n|-supereffective|p2a: Dragapult|1\n|-damage|p2a: Dragapult|44/100\n|move|p2b: Absol|Sucker Punch||[still]\n|-fail|p2b: Absol\n|move|p2a: Dragapult|Thunder Wave|p1b: Rotom|[miss]\n|-miss|p2a: Dragapult|p1b: Rotom\n|\n|-weather|none\n|-heal|p2a: Dragapult|50/100|[from] item: Leftovers\n|upkeep\n|turn|6\n|\n|t:|1776379628\n|move|p1a: Mamoswine|Ice Shard|p2a: Dragapult\n|-supereffective|p2a: Dragapult|1\n|-damage|p2a: Dragapult|0 fnt\n|faint|p2a: Dragapult\n|move|p1b: Rotom|Electroweb|p2b: Absol\n|-damage|p2b: Absol|0 fnt\n|faint|p2b: Absol\n|\n|upkeep\n|\n|t:|1776379631\n|switch|p2b: Charizard|Charizard, L50, F|100/100\n|turn|7\n|\n|t:|1776379648\n|detailschange|p2b: Charizard|Charizard-Mega-X, L50, F\n|-mega|p2b: Charizard|Charizard|Charizardite X\n|move|p1a: Mamoswine|Ice Shard|p2b: Charizard\n|-crit|p2b: Charizard\n|-damage|p2b: Charizard|65/100\n|move|p2b: Charizard|Dragon Dance|p2b: Charizard\n|-boost|p2b: Charizard|atk|1\n|-boost|p2b: Charizard|spe|1\n|move|p1b: Rotom|Electroweb|p2b: Charizard\n|-resisted|p2b: Charizard|1\n|-damage|p2b: Charizard|48/100\n|-unboost|p2b: Charizard|spe|1\n|\n|upkeep\n|turn|8\n|\n|t:|1776379660\n|move|p1a: Mamoswine|Ice Shard|p2b: Charizard\n|-damage|p2b: Charizard|23/100\n|move|p2b: Charizard|Dragon Claw|p1a: Mamoswine\n|-damage|p1a: Mamoswine|0 fnt\n|faint|p1a: Mamoswine\n|move|p1b: Rotom|Electroweb|p2b: Charizard\n|-resisted|p2b: Charizard|1\n|-damage|p2b: Charizard|5/100\n|-unboost|p2b: Charizard|spe|1\n|\n|upkeep\n|\n|t:|1776379667\n|switch|p1a: Dragonite|Dragonite-Mega, L50, M|80/100\n|turn|9\n|-message|Yodaslayer forfeited.\n|\n|win|AAACompanyBtw\n|raw|AAACompanyBtw's rating: 1279 &rarr; <strong>1309</strong><br />(+30 for winning)\n|raw|Yodaslayer's rating: 1343 &rarr; <strong>1319</strong><br />(-24 for losing)\n|l|\u2606Yodaslayer\n|player|p2|\n",
  "uploadtime": 1776380222,
  "views": 32,
  "formatid": "gen9championsvgc2026regma",
  "rating": 1309,
  "private": 0,
  "password": null
}