{
  "id": "gen9championsvgc2026regma-2585241598",
  "format": "[Gen 9 Champions] VGC 2026 Reg M-A",
  "players": [
    "sugarvgc",
    "Dregoth"
  ],
  "log": "|j|\u2606sugarvgc\n|j|\u2606Dregoth\n|t:|1776328977\n|gametype|doubles\n|player|p1|sugarvgc|1|1133\n|player|p2|Dregoth|volkner|1183\n|gen|9\n|tier|[Gen 9 Champions] VGC 2026 Reg M-A\n|rated|\n|rule|Species Clause: Limit one of each Pok\u00e9mon\n|rule|Item Clause: Limit 1 of each item\n|clearpoke\n|poke|p1|Milotic, L50, M|\n|poke|p1|Whimsicott, L50, M|\n|poke|p1|Hydreigon, L50, M|\n|poke|p1|Tyranitar, L50, M|\n|poke|p1|Lucario, L50, F|\n|poke|p1|Sneasler, L50, M|\n|poke|p2|Floette-Eternal, L50, F|\n|poke|p2|Garchomp, L50, F|\n|poke|p2|Kingambit, L50, M|\n|poke|p2|Basculegion, L50, M|\n|poke|p2|Sneasler, L50, M|\n|poke|p2|Froslass, L50, F|\n|teampreview|4\n|inactive|Battle timer is ON: inactive players will automatically lose when time's up. (requested by sugarvgc)\n|inactive|sugarvgc has 60 seconds left.\n|inactive|Dregoth has 60 seconds left.\n|\n|t:|1776329012\n|teamsize|p1|4\n|teamsize|p2|4\n|start\n|switch|p1a: Whimsicott|Whimsicott, L50, M|100/100\n|switch|p1b: Tyranitar|Tyranitar, L50, M|100/100\n|switch|p2a: Basculegion|Basculegion, L50, M|100/100\n|switch|p2b: Sneasler|Sneasler, L50, M|100/100\n|-weather|Sandstorm|[from] ability: Sand Stream|[of] p1b: Tyranitar\n|turn|1\n|-activate|p1b: Tyranitar|item: Quick Claw\n|\n|t:|1776329031\n|move|p1a: Whimsicott|Protect|p1a: Whimsicott\n|-singleturn|p1a: Whimsicott|Protect\n|move|p1b: Tyranitar|Protect|p1b: Tyranitar\n|-singleturn|p1b: Tyranitar|Protect\n|move|p2b: Sneasler|Feint|p1b: Tyranitar\n|-activate|p1b: Tyranitar|move: Feint\n|-resisted|p1b: Tyranitar|1\n|-damage|p1b: Tyranitar|95/100\n|move|p2a: Basculegion|Wave Crash|p1b: Tyranitar\n|-supereffective|p1b: Tyranitar|1\n|-damage|p1b: Tyranitar|0 fnt\n|faint|p1b: Tyranitar\n|-damage|p2a: Basculegion|74/100|[from] Recoil\n|\n|-weather|Sandstorm|[upkeep]\n|-damage|p1a: Whimsicott|95/100|[from] Sandstorm\n|-damage|p2b: Sneasler|95/100|[from] Sandstorm\n|-damage|p2a: Basculegion|67/100|[from] Sandstorm\n|upkeep\n|\n|t:|1776329047\n|switch|p1b: Hydreigon|Hydreigon, L50, M|100/100\n|turn|2\n|\n|t:|1776329058\n|switch|p2a: Kingambit|Kingambit, L50, M|100/100\n|move|p1a: Whimsicott|Tailwind|p1a: Whimsicott\n|-sidestart|p1: sugarvgc|move: Tailwind\n|move|p1b: Hydreigon|Earth Power|p2b: Sneasler\n|-supereffective|p2b: Sneasler|1\n|-damage|p2b: Sneasler|0 fnt\n|faint|p2b: Sneasler\n|\n|-weather|Sandstorm|[upkeep]\n|-damage|p1a: Whimsicott|89/100|[from] Sandstorm\n|-damage|p1b: Hydreigon|94/100|[from] Sandstorm\n|upkeep\n|\n|t:|1776329068\n|switch|p2b: Froslass|Froslass, L50, F|100/100\n|turn|3\n|\n|t:|1776329084\n|detailschange|p2b: Froslass|Froslass-Mega, L50, F\n|-mega|p2b: Froslass|Froslass|Froslassite\n|-weather|Snowscape|[from] ability: Snow Warning|[of] p2b: Froslass\n|move|p1a: Whimsicott|Moonblast|p2b: Froslass\n|-damage|p2b: Froslass|66/100\n|move|p1b: Hydreigon|Dark Pulse|p2b: Froslass\n|-supereffective|p2b: Froslass|1\n|-crit|p2b: Froslass\n|-damage|p2b: Froslass|0 fnt\n|faint|p2b: Froslass\n|move|p2a: Kingambit|Low Kick|p1b: Hydreigon\n|-supereffective|p1b: Hydreigon|1\n|-enditem|p1b: Hydreigon|Chople Berry|[eat]\n|-enditem|p1b: Hydreigon|Chople Berry|[weaken]\n|-damage|p1b: Hydreigon|60/100\n|\n|-weather|Snowscape|[upkeep]\n|upkeep\n|\n|t:|1776329093\n|switch|p2b: Basculegion|Basculegion, L50, M|67/100\n|turn|4\n|\n|t:|1776329108\n|move|p2b: Basculegion|Protect|p2b: Basculegion\n|-singleturn|p2b: Basculegion|Protect\n|move|p1a: Whimsicott|Moonblast|p2b: Basculegion\n|-activate|p2b: Basculegion|move: Protect\n|move|p1b: Hydreigon|Dark Pulse|p2b: Basculegion\n|-activate|p2b: Basculegion|move: Protect\n|move|p2a: Kingambit|Low Kick|p1b: Hydreigon\n|-supereffective|p1b: Hydreigon|1\n|-damage|p1b: Hydreigon|0 fnt\n|faint|p1b: Hydreigon\n|\n|-weather|Snowscape|[upkeep]\n|upkeep\n|\n|t:|1776329111\n|switch|p1b: Lucario|Lucario, L50, F|100/100\n|turn|5\n|\n|t:|1776329130\n|detailschange|p1b: Lucario|Lucario-Mega, L50, F\n|-mega|p1b: Lucario|Lucario|Lucarionite\n|move|p1b: Lucario|Vacuum Wave|p2a: Kingambit\n|-supereffective|p2a: Kingambit|2\n|-enditem|p2a: Kingambit|Chople Berry|[eat]\n|-enditem|p2a: Kingambit|Chople Berry|[weaken]\n|-damage|p2a: Kingambit|29/100\n|move|p2b: Basculegion|Aqua Jet|p1b: Lucario\n|-damage|p1b: Lucario|67/100\n|move|p1a: Whimsicott|Moonblast|p2b: Basculegion\n|-damage|p2b: Basculegion|31/100\n|-enditem|p2b: Basculegion|Sitrus Berry|[eat]\n|-heal|p2b: Basculegion|56/100|[from] item: Sitrus Berry\n|move|p2a: Kingambit|Low Kick|p1b: Lucario\n|-supereffective|p1b: Lucario|1\n|-damage|p1b: Lucario|0 fnt\n|faint|p1b: Lucario\n|\n|-weather|Snowscape|[upkeep]\n|-sideend|p1: sugarvgc|move: Tailwind\n|upkeep\n|turn|6\n|\n|t:|1776329147\n|move|p1a: Whimsicott|Moonblast|p2a: Kingambit\n|-damage|p2a: Kingambit|0 fnt\n|faint|p2a: Kingambit\n|move|p2b: Basculegion|Last Respects|p1a: Whimsicott\n|-damage|p1a: Whimsicott|0 fnt\n|faint|p1a: Whimsicott\n|\n|win|Dregoth\n|raw|sugarvgc's rating: 1133 &rarr; <strong>1112</strong><br />(-21 for losing)\n|raw|Dregoth's rating: 1183 &rarr; <strong>1204</strong><br />(+21 for winning)\n",
  "uploadtime": 1776329151,
  "views": 20,
  "formatid": "gen9championsvgc2026regma",
  "rating": 1112,
  "private": 0,
  "password": null
}