{
  "id": "gen9championsvgc2026regma-2589495022",
  "format": "[Gen 9 Champions] VGC 2026 Reg M-A",
  "players": [
    "SniffLazer",
    "duvay"
  ],
  "log": "|j|\u2606SniffLazer\n|j|\u2606duvay\n|t:|1776728129\n|gametype|doubles\n|player|p1|SniffLazer|102|1109\n|player|p2|duvay|102|1175\n|gen|9\n|tier|[Gen 9 Champions] VGC 2026 Reg M-A\n|rated|\n|rule|Species Clause: Limit one of each Pok\u00e9mon\n|rule|Item Clause: Limit 1 of each item\n|clearpoke\n|poke|p1|Crabominable, L50, F|\n|poke|p1|Sinistcha, L50|\n|poke|p1|Rotom-Frost, L50|\n|poke|p1|Froslass, L50, F|\n|poke|p1|Incineroar, L50, M|\n|poke|p1|Slowking-Galar, L50, M|\n|poke|p2|Tyrantrum, L50, M|\n|poke|p2|Talonflame, L50, M|\n|poke|p2|Sinistcha, L50|\n|poke|p2|Gyarados, L50, F|\n|poke|p2|Gardevoir, L50, M|\n|poke|p2|Sneasler, L50, M|\n|teampreview|4\n|inactive|Battle timer is ON: inactive players will automatically lose when time's up. (requested by duvay)\nduvay rejected open team sheets.\n|\n|t:|1776728162\n|teamsize|p1|4\n|teamsize|p2|4\n|start\n|switch|p1a: Slowking|Slowking-Galar, L50, M|100/100\n|switch|p1b: Incineroar|Incineroar, L50, M|100/100\n|switch|p2a: Tyrantrum|Tyrantrum, L50, M|100/100\n|switch|p2b: Talonflame|Talonflame, L50, M|100/100\n|-ability|p1b: Incineroar|Intimidate|boost\n|-unboost|p2a: Tyrantrum|atk|1\n|-unboost|p2b: Talonflame|atk|1\n|-enditem|p2b: Talonflame|White Herb\n|-clearnegativeboost|p2b: Talonflame|[silent]\n|turn|1\n|\n|t:|1776728187\n|switch|p2b: Gardevoir|Gardevoir, L50, M|100/100\n|-ability|p2b: Gardevoir|Intimidate|Trace|[from] ability: Trace|[of] p1b: Incineroar\n|-ability|p2b: Gardevoir|Intimidate|boost\n|-unboost|p1a: Slowking|atk|1\n|-unboost|p1b: Incineroar|atk|1\n|move|p1b: Incineroar|Fake Out|p2a: Tyrantrum\n|-resisted|p2a: Tyrantrum|1\n|-damage|p2a: Tyrantrum|98/100\n|cant|p2a: Tyrantrum|flinch\n|move|p1a: Slowking|Trick Room|p1a: Slowking\n|-fieldstart|move: Trick Room|[of] p1a: Slowking\n|\n|upkeep\n|turn|2\n|inactive|duvay has 30 seconds left.\n|inactive|duvay has 20 seconds left.\n|\n|t:|1776728223\n|detailschange|p2b: Gardevoir|Gardevoir-Mega, L50, M\n|-mega|p2b: Gardevoir|Gardevoir|Gardevoirite\n|move|p2b: Gardevoir|Protect|p2b: Gardevoir\n|-singleturn|p2b: Gardevoir|Protect\n|-prepare|p1a: Slowking|Chilly Reception|[premajor]\n|move|p1a: Slowking|Chilly Reception|p1a: Slowking\n|-weather|Snowscape\n|\n|t:|1776728229\n|switch|p1a: Crabominable|Crabominable, L50, F|100/100|[from] Chilly Reception\n|move|p1b: Incineroar|Parting Shot|p2b: Gardevoir\n|-activate|p2b: Gardevoir|move: Protect\n|move|p2a: Tyrantrum|Head Smash|p1a: Crabominable\n|-damage|p1a: Crabominable|53/100\n|\n|-weather|Snowscape|[upkeep]\n|upkeep\n|turn|3\n|inactive|SniffLazer has 30 seconds left.\n|\n|t:|1776728257\n|detailschange|p1a: Crabominable|Crabominable-Mega, L50, F\n|-mega|p1a: Crabominable|Crabominable|Crabominite\n|move|p2a: Tyrantrum|Protect|p2a: Tyrantrum\n|-singleturn|p2a: Tyrantrum|Protect\n|move|p1a: Crabominable|Drain Punch|p2a: Tyrantrum\n|-activate|p2a: Tyrantrum|move: Protect\n|move|p1b: Incineroar|Parting Shot|p2b: Gardevoir\n|-unboost|p2b: Gardevoir|atk|1\n|-unboost|p2b: Gardevoir|spa|1\n|\n|t:|1776728266\n|switch|p1b: Sinistcha|Sinistcha, L50|100/100|[from] Parting Shot\n|-heal|p1a: Crabominable|78/100|[from] ability: Hospitality|[of] p1b: Sinistcha\n|move|p2b: Gardevoir|Hyper Voice|p1a: Crabominable|[spread] p1a,p1b\n|-supereffective|p1a: Crabominable|1\n|-damage|p1a: Crabominable|22/100\n|-damage|p1b: Sinistcha|67/100\n|\n|-weather|Snowscape|[upkeep]\n|-heal|p1b: Sinistcha|73/100|[from] item: Leftovers\n|upkeep\n|turn|4\n|\n|t:|1776728290\n|switch|p2a: Talonflame|Talonflame, L50, M|100/100\n|move|p1a: Crabominable|Drain Punch|p2a: Talonflame\n|-resisted|p2a: Talonflame|1\n|-damage|p2a: Talonflame|53/100\n|-heal|p1a: Crabominable|39/100|[from] drain|[of] p2a: Talonflame\n|move|p1b: Sinistcha|Matcha Gotcha|p2b: Gardevoir|[spread] p2a,p2b\n|-resisted|p2a: Talonflame|2\n|-damage|p2a: Talonflame|44/100\n|-heal|p1b: Sinistcha|77/100|[from] drain|[of] p2a: Talonflame\n|-damage|p2b: Gardevoir|78/100\n|-heal|p1b: Sinistcha|87/100|[from] drain|[of] p2b: Gardevoir\n|move|p2b: Gardevoir|Hyper Voice|p1b: Sinistcha|[spread] p1a,p1b\n|-supereffective|p1a: Crabominable|1\n|-damage|p1a: Crabominable|0 fnt\n|-damage|p1b: Sinistcha|55/100\n|faint|p1a: Crabominable\n|\n|-weather|Snowscape|[upkeep]\n|-heal|p1b: Sinistcha|61/100|[from] item: Leftovers\n|upkeep\n|\n|t:|1776728303\n|switch|p1a: Slowking|Slowking-Galar, L50, M|100/100\n|turn|5\n|\n|t:|1776728315\n|switch|p2b: Tyrantrum|Tyrantrum, L50, M|98/100\n|move|p2a: Talonflame|Protect|p2a: Talonflame\n|-singleturn|p2a: Talonflame|Protect\n|move|p1a: Slowking|Sludge Bomb|p2b: Tyrantrum\n|-resisted|p2b: Tyrantrum|1\n|-damage|p2b: Tyrantrum|65/100\n|move|p1b: Sinistcha|Matcha Gotcha|p2b: Tyrantrum|[spread] p2b\n|-activate|p2a: Talonflame|move: Protect\n|-damage|p2b: Tyrantrum|32/100\n|-heal|p1b: Sinistcha|79/100|[from] drain|[of] p2b: Tyrantrum\n|\n|-weather|Snowscape|[upkeep]\n|-heal|p1b: Sinistcha|85/100|[from] item: Leftovers\n|-fieldend|move: Trick Room\n|upkeep\n|turn|6\n|inactive|duvay has 30 seconds left.\n|\n|t:|1776728345\n|switch|p1b: Incineroar|Incineroar, L50, M|100/100\n|-ability|p1b: Incineroar|Intimidate|boost\n|-unboost|p2a: Talonflame|atk|1\n|-unboost|p2b: Tyrantrum|atk|1\n|move|p2a: Talonflame|Flare Blitz|p1b: Incineroar\n|-resisted|p1b: Incineroar|1\n|-damage|p1b: Incineroar|89/100\n|-damage|p2a: Talonflame|38/100|[from] Recoil\n|move|p2b: Tyrantrum|Head Smash|p1a: Slowking\n|-damage|p1a: Slowking|38/100\n|move|p1a: Slowking|Trick Room|p1a: Slowking\n|-fieldstart|move: Trick Room|[of] p1a: Slowking\n|\n|-weather|none\n|upkeep\n|turn|7\n|\n|t:|1776728368\n|switch|p1b: Sinistcha|Sinistcha, L50|85/100\n|-heal|p1a: Slowking|63/100|[from] ability: Hospitality|[of] p1b: Sinistcha\n|move|p1a: Slowking|Psychic|p2b: Tyrantrum\n|-damage|p2b: Tyrantrum|0 fnt\n|faint|p2b: Tyrantrum\n|move|p2a: Talonflame|Brave Bird|p1a: Slowking\n|-damage|p1a: Slowking|32/100\n|-damage|p2a: Talonflame|25/100|[from] Recoil\n|\n|-heal|p1b: Sinistcha|91/100|[from] item: Leftovers\n|upkeep\n|\n|t:|1776728377\n|switch|p2b: Sneasler|Sneasler, L50, M|100/100\n|turn|8\n|\n|t:|1776728391\n|move|p2b: Sneasler|Fake Out|p1a: Slowking\n|-damage|p1a: Slowking|17/100\n|cant|p1a: Slowking|flinch\n|move|p1b: Sinistcha|Matcha Gotcha|p2b: Sneasler|[spread] p2a,p2b\n|-resisted|p2a: Talonflame|2\n|-resisted|p2b: Sneasler|1\n|-damage|p2a: Talonflame|16/100\n|-heal|p1b: Sinistcha|95/100|[from] drain|[of] p2a: Talonflame\n|-damage|p2b: Sneasler|85/100\n|-heal|p1b: Sinistcha|100/100|[from] drain|[of] p2b: Sneasler\n|move|p2a: Talonflame|Brave Bird|p1b: Sinistcha\n|-supereffective|p1b: Sinistcha|1\n|-damage|p1b: Sinistcha|42/100\n|-damage|p2a: Talonflame|0 fnt|[from] Recoil\n|faint|p2a: Talonflame\n|\n|-heal|p1b: Sinistcha|48/100|[from] item: Leftovers\n|upkeep\n|\n|t:|1776728404\n|switch|p2a: Gardevoir|Gardevoir-Mega, L50, M|78/100\n|turn|9\n|\n|t:|1776728419\n|move|p2a: Gardevoir|Protect|p2a: Gardevoir\n|-singleturn|p2a: Gardevoir|Protect\n|move|p1a: Slowking|Sludge Bomb|p2a: Gardevoir\n|-activate|p2a: Gardevoir|move: Protect\n|move|p1b: Sinistcha|Strength Sap|p2b: Sneasler\n|-unboost|p2b: Sneasler|atk|1\n|-heal|p1b: Sinistcha|100/100\n|move|p2b: Sneasler|Dire Claw|p1a: Slowking\n|-resisted|p1a: Slowking|1\n|-damage|p1a: Slowking|2/100\n|\n|upkeep\n|turn|10\n|\n|t:|1776728433\n|move|p2a: Gardevoir|Protect||[still]\n|-fail|p2a: Gardevoir\n|move|p1a: Slowking|Sludge Bomb|p2a: Gardevoir\n|-supereffective|p2a: Gardevoir|1\n|-damage|p2a: Gardevoir|0 fnt\n|faint|p2a: Gardevoir\n|move|p1b: Sinistcha|Matcha Gotcha|p2b: Sneasler\n|-resisted|p2b: Sneasler|1\n|-damage|p2b: Sneasler|64/100\n|move|p2b: Sneasler|Dire Claw|p1a: Slowking\n|-resisted|p1a: Slowking|1\n|-damage|p1a: Slowking|0 fnt\n|faint|p1a: Slowking\n|\n|-fieldend|move: Trick Room\n|upkeep\n|\n|t:|1776728438\n|switch|p1a: Incineroar|Incineroar, L50, M|89/100\n|-ability|p1a: Incineroar|Intimidate|boost\n|-unboost|p2b: Sneasler|atk|1\n|turn|11\n|\n|t:|1776728457\n|move|p1a: Incineroar|Fake Out|p2b: Sneasler\n|-damage|p2b: Sneasler|44/100\n|cant|p2b: Sneasler|flinch\n|move|p1b: Sinistcha|Trick Room|p1b: Sinistcha\n|-fieldstart|move: Trick Room|[of] p1b: Sinistcha\n|\n|upkeep\n|turn|12\n|\n|t:|1776728464\n|move|p1a: Incineroar|Flare Blitz|p2b: Sneasler\n|-damage|p2b: Sneasler|0 fnt\n|faint|p2b: Sneasler\n|-damage|p1a: Incineroar|77/100|[from] Recoil\n|\n|win|SniffLazer\n|raw|SniffLazer's rating: 1109 &rarr; <strong>1139</strong><br />(+30 for winning)\n|raw|duvay's rating: 1175 &rarr; <strong>1145</strong><br />(-30 for losing)\n|l|\u2606SniffLazer\n|player|p1|\n",
  "uploadtime": 1776728468,
  "views": 5,
  "formatid": "gen9championsvgc2026regma",
  "rating": 1139,
  "private": 0,
  "password": null
}