{
  "id": "gen9championsvgc2026regma-2582679098",
  "format": "[Gen 9 Champions] VGC 2026 Reg M-A",
  "players": [
    "QuantumTwinSpark",
    "Epolosos"
  ],
  "log": "|j|\u2606QuantumTwinSpark\n|j|\u2606Epolosos\n|t:|1776106777\n|gametype|doubles\n|player|p1|QuantumTwinSpark|cress|1081\n|player|p2|Epolosos|265|1162\n|gen|9\n|tier|[Gen 9 Champions] VGC 2026 Reg M-A\n|rated|\n|rule|Species Clause: Limit one of each Pok\u00e9mon\n|rule|Item Clause: Limit 1 of each item\n|clearpoke\n|poke|p1|Drampa, L50, M|\n|poke|p1|Empoleon, L50, F|\n|poke|p1|Dragapult, L50, F|\n|poke|p1|Meganium, L50, M|\n|poke|p1|Arcanine-Hisui, L50, M|\n|poke|p1|Ceruledge, L50, M|\n|poke|p2|Gardevoir, L50, F|\n|poke|p2|Gengar, L50, F|\n|poke|p2|Arcanine-Hisui, L50, M|\n|poke|p2|Archaludon, L50, M|\n|poke|p2|Whimsicott, L50, F|\n|poke|p2|Aegislash, L50, F|\n|teampreview|4\n|inactive|Battle timer is ON: inactive players will automatically lose when time's up. (requested by Epolosos)\nQuantumTwinSpark rejected open team sheets.\n|inactive|Epolosos has 60 seconds left.\n|\n|t:|1776106820\n|teamsize|p1|4\n|teamsize|p2|4\n|start\n|switch|p1a: Meganium|Meganium, L50, M|100/100\n|switch|p1b: Empoleon|Empoleon, L50, F|100/100\n|switch|p2a: Arcanine|Arcanine-Hisui, L50, M|100/100\n|switch|p2b: Whimsicott|Whimsicott, L50, F|100/100\n|-ability|p2a: Arcanine|Intimidate|boost\n|-unboost|p1a: Meganium|atk|1\n|-unboost|p1b: Empoleon|atk|1\n|-ability|p1b: Empoleon|Competitive|boost\n|-boost|p1b: Empoleon|spa|2\n|turn|1\n|\n|t:|1776106837\n|switch|p1a: Ceruledge|Ceruledge, L50, M|100/100\n|move|p2b: Whimsicott|Tailwind|p2b: Whimsicott\n|-sidestart|p2: Epolosos|move: Tailwind\n|move|p2a: Arcanine|Flare Blitz|p1a: Ceruledge\n|-start|p1a: Ceruledge|ability: Flash Fire\n|move|p1b: Empoleon|Flash Cannon|p2b: Whimsicott\n|-supereffective|p2b: Whimsicott|1\n|-enditem|p2b: Whimsicott|Focus Sash\n|-damage|p2b: Whimsicott|1/100\n|\n|upkeep\n|turn|2\n|inactive|Epolosos has 30 seconds left.\n|\n|t:|1776106868\n|switch|p2a: Archaludon|Archaludon, L50, M|100/100\n|move|p2b: Whimsicott|Protect|p2b: Whimsicott\n|-singleturn|p2b: Whimsicott|Protect\n|move|p1a: Ceruledge|Bitter Blade|p2b: Whimsicott\n|-activate|p2b: Whimsicott|move: Protect\n|move|p1b: Empoleon|Hydro Pump|p2a: Archaludon\n|-resisted|p2a: Archaludon|1\n|-crit|p2a: Archaludon\n|-ability|p2a: Archaludon|Sturdy\n|-damage|p2a: Archaludon|1/100\n|\n|-heal|p2a: Archaludon|7/100|[from] item: Leftovers\n|upkeep\n|turn|3\n|inactive|Epolosos has 30 seconds left.\n|inactive|Epolosos has 20 seconds left.\n|inactive|Epolosos has 15 seconds left.\n|\n|t:|1776106912\n|move|p2b: Whimsicott|Encore|p1a: Ceruledge\n|-start|p1a: Ceruledge|Encore\n|move|p1b: Empoleon|Vacuum Wave|p2a: Archaludon\n|-supereffective|p2a: Archaludon|1\n|-damage|p2a: Archaludon|0 fnt\n|faint|p2a: Archaludon\n|move|p1a: Ceruledge|Bitter Blade|p2b: Whimsicott\n|-supereffective|p2b: Whimsicott|1\n|-damage|p2b: Whimsicott|0 fnt\n|faint|p2b: Whimsicott\n|\n|upkeep\n|\n|t:|1776106920\n|switch|p2b: Gengar|Gengar, L50, F|100/100\n|switch|p2a: Arcanine|Arcanine-Hisui, L50, M|100/100\n|-ability|p2a: Arcanine|Intimidate|boost\n|-unboost|p1a: Ceruledge|atk|1\n|-unboost|p1b: Empoleon|atk|1\n|-ability|p1b: Empoleon|Competitive|boost\n|-boost|p1b: Empoleon|spa|2\n|turn|4\n|\n|t:|1776106934\n|detailschange|p2b: Gengar|Gengar-Mega, L50, F\n|-mega|p2b: Gengar|Gengar|Gengarite\n|move|p2a: Arcanine|Close Combat|p1b: Empoleon\n|-supereffective|p1b: Empoleon|1\n|-damage|p1b: Empoleon|16/100\n|-unboost|p2a: Arcanine|def|1\n|-unboost|p2a: Arcanine|spd|1\n|move|p2b: Gengar|Shadow Ball|p1a: Ceruledge\n|-supereffective|p1a: Ceruledge|1\n|-enditem|p1a: Ceruledge|Focus Sash\n|-damage|p1a: Ceruledge|1/100\n|move|p1a: Ceruledge|Bitter Blade|p2b: Gengar\n|-damage|p2b: Gengar|35/100\n|-heal|p1a: Ceruledge|30/100|[from] drain|[of] p2b: Gengar\n|move|p1b: Empoleon|Hydro Pump|p2a: Arcanine\n|-supereffective|p2a: Arcanine|2\n|-damage|p2a: Arcanine|0 fnt\n|faint|p2a: Arcanine\n|\n|-heal|p1b: Empoleon|21/100|[from] item: Leftovers\n|-sideend|p2: Epolosos|move: Tailwind\n|upkeep\n|turn|5\n|inactive|QuantumTwinSpark has 30 seconds left.\n|\n|t:|1776106959\n|move|p2b: Gengar|Shadow Ball|p1a: Ceruledge\n|-supereffective|p1a: Ceruledge|1\n|-damage|p1a: Ceruledge|0 fnt\n|faint|p1a: Ceruledge\n|move|p1b: Empoleon|Flash Cannon|p2b: Gengar\n|-damage|p2b: Gengar|0 fnt\n|faint|p2b: Gengar\n|\n|win|QuantumTwinSpark\n|raw|QuantumTwinSpark's rating: 1081 &rarr; <strong>1115</strong><br />(+34 for winning)\n|raw|Epolosos's rating: 1162 &rarr; <strong>1131</strong><br />(-31 for losing)\n|c|\u2606QuantumTwinSpark|gg\n|l|\u2606Epolosos\n|player|p2|\n",
  "uploadtime": 1776106973,
  "views": 20,
  "formatid": "gen9championsvgc2026regma",
  "rating": 1115,
  "private": 0,
  "password": null
}