{
  "id": "gen9championsvgc2026regma-2581946900",
  "format": "[Gen 9 Champions] VGC 2026 Reg M-A",
  "players": [
    "pikipek dab",
    "fuzzdawg"
  ],
  "log": "|j|\u2606pikipek dab\n|j|\u2606fuzzdawg\n|t:|1776042235\n|gametype|doubles\n|player|p1|pikipek dab|1|\n|player|p2|fuzzdawg|ghetsis|\n|gen|9\n|tier|[Gen 9 Champions] VGC 2026 Reg M-A\n|rated|Tournament battle\n|rule|Species Clause: Limit one of each Pok\u00e9mon\n|rule|Item Clause: Limit 1 of each item\n|clearpoke\n|poke|p1|Gardevoir, L50, F|\n|poke|p1|Corviknight, L50, F|\n|poke|p1|Rotom-Wash, L50|\n|poke|p1|Incineroar, L50, M|\n|poke|p1|Garchomp, L50, F|\n|poke|p1|Sinistcha, L50|\n|poke|p2|Scizor, L50, M|\n|poke|p2|Garchomp, L50, M|\n|poke|p2|Milotic, L50, F|\n|poke|p2|Tyranitar, L50, F|\n|poke|p2|Incineroar, L50, F|\n|poke|p2|Sinistcha, L50|\n|teampreview|4\n|j| apolloapex\n|c|\u2606pikipek dab|glhf!\n|c|\u2606fuzzdawg|glhf\n|c| apolloapex|I'm cheering for you dawg\n|\n|t:|1776042313\n|teamsize|p1|4\n|teamsize|p2|4\n|start\n|switch|p1a: Rotom|Rotom-Wash, L50, shiny|100/100\n|switch|p1b: Corviknight|Corviknight, L50, F|100/100\n|switch|p2a: Clamps|Scizor, L50, M|100/100\n|switch|p2b: The FISH|Milotic, L50, F, shiny|100/100\n|turn|1\n|\n|t:|1776042336\n|detailschange|p2a: Clamps|Scizor-Mega, L50, M\n|-mega|p2a: Clamps|Scizor|Scizorite\n|move|p1a: Rotom|Will-O-Wisp|p2a: Clamps\n|-status|p2a: Clamps|brn\n|move|p2b: The FISH|Scald|p1b: Corviknight\n|-damage|p1b: Corviknight|68/100\n|-status|p1b: Corviknight|brn\n|move|p1b: Corviknight|Bulk Up|p1b: Corviknight\n|-boost|p1b: Corviknight|atk|1\n|-boost|p1b: Corviknight|def|1\n|move|p2a: Clamps|Swords Dance|p2a: Clamps\n|-boost|p2a: Clamps|atk|2\n|\n|-damage|p1b: Corviknight|62/100 brn|[from] brn\n|-damage|p2a: Clamps|94/100 brn|[from] brn\n|upkeep\n|turn|2\n|c|\u2606fuzzdawg|man\n|\n|t:|1776042367\n|move|p2b: The FISH|Protect|p2b: The FISH\n|-singleturn|p2b: The FISH|Protect\n|move|p1a: Rotom|Thunderbolt|p2b: The FISH\n|-activate|p2b: The FISH|move: Protect\n|move|p1b: Corviknight|Roost|p1b: Corviknight\n|-heal|p1b: Corviknight|100/100 brn\n|-singleturn|p1b: Corviknight|move: Roost\n|move|p2a: Clamps|Swords Dance|p2a: Clamps\n|-boost|p2a: Clamps|atk|2\n|\n|-damage|p1b: Corviknight|95/100 brn|[from] brn\n|-damage|p2a: Clamps|88/100 brn|[from] brn\n|upkeep\n|turn|3\n|\n|t:|1776042386\n|switch|p2b: Oogly|Garchomp, L50, M|100/100\n|move|p1a: Rotom|Thunderbolt|p2b: Oogly\n|-immune|p2b: Oogly\n|move|p1b: Corviknight|Bulk Up|p1b: Corviknight\n|-boost|p1b: Corviknight|atk|1\n|-boost|p1b: Corviknight|def|1\n|move|p2a: Clamps|Bug Bite|p1a: Rotom\n|-damage|p1a: Rotom|13/100\n|-enditem|p1a: Rotom|Sitrus Berry|[from] stealeat|[move] Bug Bite|[of] p2a: Clamps\n|-heal|p2a: Clamps|100/100 brn|[from] item: Sitrus Berry\n|\n|-damage|p1b: Corviknight|89/100 brn|[from] brn\n|-damage|p2a: Clamps|94/100 brn|[from] brn\n|upkeep\n|turn|4\n|\n|t:|1776042406\n|switch|p1a: Incineroar|Incineroar, L50, M, shiny|100/100\n|-ability|p1a: Incineroar|Intimidate|boost\n|-unboost|p2a: Clamps|atk|1\n|-unboost|p2b: Oogly|atk|1\n|move|p2b: Oogly|Rock Slide|p1b: Corviknight|[spread] p1a,p1b\n|-supereffective|p1a: Incineroar|1\n|-damage|p1a: Incineroar|80/100\n|-damage|p1b: Corviknight|83/100 brn\n|move|p1b: Corviknight|Bulk Up|p1b: Corviknight\n|-boost|p1b: Corviknight|atk|1\n|-boost|p1b: Corviknight|def|1\n|move|p2a: Clamps|Bug Bite|p1a: Incineroar\n|-damage|p1a: Incineroar|26/100\n|-enditem|p1a: Incineroar|Passho Berry|[from] stealeat|[move] Bug Bite|[of] p2a: Clamps\n|\n|-damage|p1b: Corviknight|77/100 brn|[from] brn\n|-damage|p2a: Clamps|88/100 brn|[from] brn\n|upkeep\n|turn|5\n|\n|t:|1776042442\n|move|p2a: Clamps|Protect|p2a: Clamps\n|-singleturn|p2a: Clamps|Protect\n|move|p1a: Incineroar|Fake Out|p2b: Oogly\n|-damage|p2b: Oogly|90/100\n|-damage|p1a: Incineroar|13/100|[from] ability: Rough Skin|[of] p2b: Oogly\n|cant|p2b: Oogly|flinch\n|move|p1b: Corviknight|Brave Bird|p2b: Oogly\n|-damage|p2b: Oogly|45/100\n|-damage|p1b: Corviknight|65/100 brn|[from] ability: Rough Skin|[of] p2b: Oogly\n|-damage|p1b: Corviknight|50/100 brn|[from] Recoil\n|\n|-damage|p1b: Corviknight|45/100 brn|[from] brn\n|-damage|p2a: Clamps|82/100 brn|[from] brn\n|upkeep\n|turn|6\n|j| aurora ltd\n|\n|t:|1776042471\n|switch|p1a: Sinistcha|Sinistcha, L50|100/100\n|-heal|p1b: Corviknight|70/100 brn|[from] ability: Hospitality|[of] p1a: Sinistcha\n|move|p2b: Oogly|Rock Slide|p1a: Sinistcha|[spread] p1b\n|-miss|p2b: Oogly|p1a: Sinistcha\n|-damage|p1b: Corviknight|65/100 brn\n|cant|p1b: Corviknight|flinch\n|move|p2a: Clamps|Bug Bite|p1a: Sinistcha\n|-damage|p1a: Sinistcha|43/100\n|\n|-damage|p1b: Corviknight|59/100 brn|[from] brn\n|-damage|p2a: Clamps|76/100 brn|[from] brn\n|upkeep\n|turn|7\n|\n|t:|1776042492\n|switch|p1a: Incineroar|Incineroar, L50, M, shiny|13/100\n|-ability|p1a: Incineroar|Intimidate|boost\n|-unboost|p2a: Clamps|atk|1\n|-unboost|p2b: Oogly|atk|1\n|move|p2b: Oogly|Rock Slide|p1a: Incineroar|[spread] p1a,p1b\n|-supereffective|p1a: Incineroar|1\n|-damage|p1a: Incineroar|0 fnt\n|-damage|p1b: Corviknight|57/100 brn\n|faint|p1a: Incineroar\n|move|p1b: Corviknight|Brave Bird|p2a: Clamps\n|-damage|p2a: Clamps|38/100 brn\n|-damage|p1b: Corviknight|46/100 brn|[from] Recoil\n|move|p2a: Clamps|Swords Dance|p2a: Clamps\n|-boost|p2a: Clamps|atk|2\n|\n|-damage|p1b: Corviknight|40/100 brn|[from] brn\n|-damage|p2a: Clamps|32/100 brn|[from] brn\n|upkeep\n|\n|t:|1776042503\n|switch|p1a: Sinistcha|Sinistcha, L50|43/100\n|-heal|p1b: Corviknight|65/100 brn|[from] ability: Hospitality|[of] p1a: Sinistcha\n|turn|8\n|\n|t:|1776042517\n|switch|p2b: Glue Eater|Incineroar, L50, F, shiny|100/100\n|-ability|p2b: Glue Eater|Intimidate|boost\n|-unboost|p1a: Sinistcha|atk|1\n|-ability|p1b: Corviknight|Mirror Armor\n|-unboost|p2b: Glue Eater|atk|1\n|move|p2a: Clamps|Protect|p2a: Clamps\n|-singleturn|p2a: Clamps|Protect\n|move|p1b: Corviknight|Brave Bird|p2a: Clamps\n|-activate|p2a: Clamps|move: Protect\n|move|p1a: Sinistcha|Trick Room|p1a: Sinistcha\n|-fieldstart|move: Trick Room|[of] p1a: Sinistcha\n|\n|-damage|p2a: Clamps|26/100 brn|[from] brn\n|-damage|p1b: Corviknight|59/100 brn|[from] brn\n|upkeep\n|turn|9\n|\n|t:|1776042534\n|move|p2b: Glue Eater|Fake Out|p1b: Corviknight\n|-resisted|p1b: Corviknight|1\n|-crit|p1b: Corviknight\n|-damage|p1b: Corviknight|54/100 brn\n|move|p2a: Clamps|Bullet Punch|p1a: Sinistcha\n|-damage|p1a: Sinistcha|0 fnt\n|faint|p1a: Sinistcha\n|cant|p1b: Corviknight|flinch\n|\n|-damage|p2a: Clamps|20/100 brn|[from] brn\n|-damage|p1b: Corviknight|48/100 brn|[from] brn\n|upkeep\n|\n|t:|1776042540\n|switch|p1a: Rotom|Rotom-Wash, L50, shiny|13/100\n|turn|10\n|\n|t:|1776042551\n|move|p2a: Clamps|Protect|p2a: Clamps\n|-singleturn|p2a: Clamps|Protect\n|move|p1a: Rotom|Protect|p1a: Rotom\n|-singleturn|p1a: Rotom|Protect\n|move|p2b: Glue Eater|Flare Blitz|p1b: Corviknight\n|-supereffective|p1b: Corviknight|1\n|-enditem|p1b: Corviknight|Occa Berry|[eat]\n|-enditem|p1b: Corviknight|Occa Berry|[weaken]\n|-damage|p1b: Corviknight|39/100 brn\n|-damage|p2b: Glue Eater|98/100|[from] Recoil\n|move|p1b: Corviknight|Roost|p1b: Corviknight\n|-heal|p1b: Corviknight|89/100 brn\n|-singleturn|p1b: Corviknight|move: Roost\n|\n|-damage|p2a: Clamps|13/100 brn|[from] brn\n|-damage|p1b: Corviknight|83/100 brn|[from] brn\n|upkeep\n|turn|11\n|\n|t:|1776042571\n|move|p2a: Clamps|Bullet Punch|p1a: Rotom\n|-resisted|p1a: Rotom|2\n|-damage|p1a: Rotom|0 fnt\n|faint|p1a: Rotom\n|move|p2b: Glue Eater|Flare Blitz|p1b: Corviknight\n|-supereffective|p1b: Corviknight|1\n|-damage|p1b: Corviknight|63/100 brn\n|-damage|p2b: Glue Eater|91/100|[from] Recoil\n|move|p1b: Corviknight|Brave Bird|p2a: Clamps\n|-damage|p2a: Clamps|0 fnt\n|faint|p2a: Clamps\n|-damage|p1b: Corviknight|59/100 brn|[from] Recoil\n|\n|-damage|p1b: Corviknight|53/100 brn|[from] brn\n|upkeep\n|\n|t:|1776042581\n|switch|p2a: The FISH|Milotic, L50, F, shiny|100/100\n|turn|12\n|\n|t:|1776042596\n|move|p2a: The FISH|Protect|p2a: The FISH\n|-singleturn|p2a: The FISH|Protect\n|move|p2b: Glue Eater|Parting Shot|p1b: Corviknight\n|-ability|p1b: Corviknight|Mirror Armor\n|-unboost|p2b: Glue Eater|atk|1\n|-ability|p1b: Corviknight|Mirror Armor\n|-unboost|p2b: Glue Eater|spa|1\n|\n|t:|1776042601\n|switch|p2b: Oogly|Garchomp, L50, M|45/100|[from] Parting Shot\n|move|p1b: Corviknight|Brave Bird|p2a: The FISH\n|-activate|p2a: The FISH|move: Protect\n|\n|-damage|p1b: Corviknight|47/100 brn|[from] brn\n|-fieldend|move: Trick Room\n|upkeep\n|turn|13\n|\n|t:|1776042611\n|move|p2b: Oogly|Rock Slide|p1b: Corviknight\n|-damage|p1b: Corviknight|39/100 brn\n|move|p2a: The FISH|Scald|p1b: Corviknight\n|-damage|p1b: Corviknight|9/100 brn\n|move|p1b: Corviknight|Roost|p1b: Corviknight\n|-heal|p1b: Corviknight|59/100 brn\n|-singleturn|p1b: Corviknight|move: Roost\n|\n|-damage|p1b: Corviknight|53/100 brn|[from] brn\n|upkeep\n|turn|14\n|l| apolloapex\n|\n|t:|1776042625\n|move|p2b: Oogly|Rock Slide|p1b: Corviknight\n|-damage|p1b: Corviknight|46/100 brn\n|move|p2a: The FISH|Scald|p1b: Corviknight\n|-damage|p1b: Corviknight|13/100 brn\n|cant|p1b: Corviknight|flinch\n|\n|-damage|p1b: Corviknight|7/100 brn|[from] brn\n|upkeep\n|turn|15\n|j| H4irashi\n|c|\u2606pikipek dab|this game should have ended 10 turns ago, when you hit the scald burn\n|c|\u2606pikipek dab|gg lucky dude\n|-message|pikipek dab forfeited.\n|\n|win|fuzzdawg\n|n|\u2606pikipek dab|pikipekdab\n|n|\u2606fuzzdawg|fuzzdawg\n|n| aurora ltd|auroraltd\n|n| H4irashi|h4irashi\n|l|\u2606pikipek dab\n|player|p1|\n|l|\u2606fuzzdawg\n|player|p2|\n",
  "uploadtime": 1776042784,
  "views": 9,
  "formatid": "gen9championsvgc2026regma",
  "rating": null,
  "private": 0,
  "password": null
}