{
  "id": "gen9championsvgc2026regma-2587837476",
  "format": "[Gen 9 Champions] VGC 2026 Reg M-A",
  "players": [
    "MentalArtichoke1",
    "aaradox"
  ],
  "log": "|j|\u2606MentalArtichoke1\n|j|\u2606aaradox\n|t:|1776569127\n|gametype|doubles\n|player|p1|MentalArtichoke1|skyla|\n|player|p2|aaradox|veteran|\n|gen|9\n|tier|[Gen 9 Champions] VGC 2026 Reg M-A\n|rule|Species Clause: Limit one of each Pok\u00e9mon\n|rule|Item Clause: Limit 1 of each item\n|clearpoke\n|poke|p1|Charizard, L50, M, shiny|\n|poke|p1|Venusaur, L50, F, shiny|\n|poke|p1|Garchomp, L50, F, shiny|\n|poke|p1|Rotom-Wash, L50, shiny|\n|poke|p1|Sneasler, L50, F, shiny|\n|poke|p1|Incineroar, L50, F, shiny|\n|poke|p2|Scovillain, L50, F|\n|poke|p2|Primarina, L50, F, shiny|\n|poke|p2|Aerodactyl, L50, F|\n|poke|p2|Garchomp, L50, F|\n|poke|p2|Sneasler, L50, F, shiny|\n|poke|p2|Sinistcha, L50|\n|teampreview|4\n|\n|t:|1776569185\n|teamsize|p1|4\n|teamsize|p2|4\n|start\n|switch|p1a: Charizard|Charizard, L50, M, shiny|100/100\n|switch|p1b: Rotom|Rotom-Wash, L50, shiny|100/100\n|switch|p2a: Taylor Swift|Aerodactyl, L50, F|100/100\n|switch|p2b: Maria|Garchomp, L50, F|100/100\n|-ability|p2a: Taylor Swift|Unnerve\n|turn|1\n|\n|t:|1776569212\n|detailschange|p1a: Charizard|Charizard-Mega-Y, L50, M, shiny\n|-mega|p1a: Charizard|Charizard|Charizardite Y\n|-weather|SunnyDay|[from] ability: Drought|[of] p1a: Charizard\n|move|p1a: Charizard|Protect|p1a: Charizard\n|-singleturn|p1a: Charizard|Protect\n|move|p2a: Taylor Swift|Tailwind|p2a: Taylor Swift\n|-sidestart|p2: aaradox|move: Tailwind\n|move|p2b: Maria|Rock Slide|p1b: Rotom|[spread] p1b\n|-activate|p1a: Charizard|move: Protect\n|-damage|p1b: Rotom|82/100\n|cant|p1b: Rotom|flinch\n|\n|-weather|SunnyDay|[upkeep]\n|-heal|p1b: Rotom|88/100|[from] item: Leftovers\n|upkeep\n|turn|2\n|\n|t:|1776569245\n|move|p2a: Taylor Swift|Rock Slide|p1a: Charizard|[spread] p1a,p1b\n|-supereffective|p1a: Charizard|2\n|-damage|p1a: Charizard|0 fnt\n|-damage|p1b: Rotom|65/100\n|faint|p1a: Charizard\n|move|p2b: Maria|Rock Slide|p1b: Rotom\n|-damage|p1b: Rotom|39/100\n|move|p1b: Rotom|Thunderbolt|p2a: Taylor Swift\n|-supereffective|p2a: Taylor Swift|1\n|-enditem|p2a: Taylor Swift|Focus Sash\n|-damage|p2a: Taylor Swift|1/100\n|\n|-weather|SunnyDay|[upkeep]\n|-heal|p1b: Rotom|45/100|[from] item: Leftovers\n|upkeep\n|\n|t:|1776569255\n|switch|p1a: Venusaur|Venusaur, L50, F, shiny|100/100\n|turn|3\n|\n|t:|1776569284\n|switch|p1b: Sneasler|Sneasler, L50, F, shiny|100/100\n|move|p2a: Taylor Swift|Dual Wingbeat|p1a: Venusaur\n|-supereffective|p1a: Venusaur|1\n|-damage|p1a: Venusaur|50/100\n|-supereffective|p1a: Venusaur|1\n|-damage|p1a: Venusaur|4/100\n|-hitcount|p1a: Venusaur|2\n|move|p2b: Maria|Dragon Claw|p1a: Venusaur\n|-damage|p1a: Venusaur|0 fnt\n|faint|p1a: Venusaur\n|\n|-weather|SunnyDay|[upkeep]\n|upkeep\n|\n|t:|1776569299\n|switch|p1a: Rotom|Rotom-Wash, L50, shiny|45/100\n|turn|4\n|\n|t:|1776569322\n|move|p2a: Taylor Swift|Protect|p2a: Taylor Swift\n|-singleturn|p2a: Taylor Swift|Protect\n|move|p1b: Sneasler|Fake Out|p2a: Taylor Swift\n|-activate|p2a: Taylor Swift|move: Protect\n|move|p2b: Maria|Dragon Claw|p1a: Rotom\n|-damage|p1a: Rotom|4/100\n|move|p1a: Rotom|Hydro Pump|p2b: Maria|[miss]\n|-miss|p1a: Rotom|p2b: Maria\n|\n|-weather|SunnyDay|[upkeep]\n|-heal|p1a: Rotom|10/100|[from] item: Leftovers\n|-sideend|p2: aaradox|move: Tailwind\n|upkeep\n|turn|5\n|\n|t:|1776569347\n|move|p2a: Taylor Swift|Dual Wingbeat|p1b: Sneasler\n|-supereffective|p1b: Sneasler|1\n|-damage|p1b: Sneasler|37/100\n|-supereffective|p1b: Sneasler|1\n|-damage|p1b: Sneasler|0 fnt\n|faint|p1b: Sneasler\n|-hitcount|p1: Sneasler|2\n|move|p2b: Maria|Rock Slide|p1a: Rotom\n|-damage|p1a: Rotom|0 fnt\n|faint|p1a: Rotom\n|\n|win|aaradox\n|l|\u2606MentalArtichoke1\n|player|p1|\n",
  "uploadtime": 1776569374,
  "views": 6,
  "formatid": "gen9championsvgc2026regma",
  "rating": null,
  "private": 0,
  "password": null
}