{
  "id": "gen9championsvgc2026regma-2583824884",
  "format": "[Gen 9 Champions] VGC 2026 Reg M-A",
  "players": [
    "WaluigiVGC",
    "WaluigiStanAcct"
  ],
  "log": "|j|\u2606WaluigiVGC\n|j|\u2606WaluigiStanAcct\n|t:|1776200627\n|gametype|doubles\n|player|p1|WaluigiVGC|266|1098\n|player|p2|WaluigiStanAcct|102|1075\n|gen|9\n|tier|[Gen 9 Champions] VGC 2026 Reg M-A\n|rated|\n|rule|Species Clause: Limit one of each Pok\u00e9mon\n|rule|Item Clause: Limit 1 of each item\n|clearpoke\n|poke|p1|Archaludon, L50, M|\n|poke|p1|Pelipper, L50, F|\n|poke|p1|Sneasler, L50, M|\n|poke|p1|Incineroar, L50, M|\n|poke|p1|Basculegion, L50, M|\n|poke|p1|Gengar, L50, F|\n|poke|p2|Delphox, L50, M|\n|poke|p2|Whimsicott, L50, F|\n|poke|p2|Altaria, L50, F|\n|poke|p2|Vaporeon, L50, F|\n|poke|p2|Garchomp, L50, F|\n|poke|p2|Corviknight, L50, F|\n|teampreview|4\n|\n|t:|1776200669\n|teamsize|p1|4\n|teamsize|p2|4\n|start\n|switch|p1a: Incineroar|Incineroar, L50, M|100/100\n|switch|p1b: Sneasler|Sneasler, L50, M|100/100\n|switch|p2a: Delphox|Delphox, L50, M|100/100\n|switch|p2b: Whimsicott|Whimsicott, L50, F|100/100\n|-ability|p1a: Incineroar|Intimidate|boost\n|-unboost|p2a: Delphox|atk|1\n|-unboost|p2b: Whimsicott|atk|1\n|turn|1\n|\n|t:|1776200694\n|switch|p2b: Garchomp|Garchomp, L50, F|100/100\n|detailschange|p2a: Delphox|Delphox-Mega, L50, M\n|-mega|p2a: Delphox|Delphox|Delphoxite\n|move|p2a: Delphox|Protect|p2a: Delphox\n|-singleturn|p2a: Delphox|Protect\n|move|p1b: Sneasler|Fake Out|p2b: Garchomp\n|-damage|p2b: Garchomp|84/100\n|-damage|p1b: Sneasler|88/100|[from] ability: Rough Skin|[of] p2b: Garchomp\n|move|p1a: Incineroar|Darkest Lariat|p2a: Delphox\n|-activate|p2a: Delphox|move: Protect\n|\n|upkeep\n|turn|2\n|\n|t:|1776200725\n|move|p1b: Sneasler|Protect|p1b: Sneasler\n|-singleturn|p1b: Sneasler|Protect\n|move|p2b: Garchomp|Earthquake|p1b: Sneasler|[spread] p1a\n|-activate|p1b: Sneasler|move: Protect\n|-immune|p2a: Delphox|[from] ability: Levitate\n|-supereffective|p1a: Incineroar|1\n|-damage|p1a: Incineroar|28/100\n|-enditem|p1a: Incineroar|Sitrus Berry|[eat]\n|-heal|p1a: Incineroar|53/100|[from] item: Sitrus Berry\n|move|p2a: Delphox|Psychic|p1b: Sneasler\n|-activate|p1b: Sneasler|move: Protect\n|move|p1a: Incineroar|Parting Shot|p2b: Garchomp\n|-unboost|p2b: Garchomp|atk|1\n|-unboost|p2b: Garchomp|spa|1\n|\n|t:|1776200742\n|switch|p1a: Pelipper|Pelipper, L50, F|100/100|[from] Parting Shot\n|-weather|RainDance|[from] ability: Drizzle|[of] p1a: Pelipper\n|\n|-weather|RainDance|[upkeep]\n|upkeep\n|turn|3\n|\n|t:|1776200759\n|switch|p2b: Altaria|Altaria, L50, F|100/100\n|-ability|p2b: Altaria|Cloud Nine\n|switch|p1b: Incineroar|Incineroar, L50, M|53/100\n|-ability|p1b: Incineroar|Intimidate|boost\n|-unboost|p2a: Delphox|atk|1\n|-unboost|p2b: Altaria|atk|1\n|move|p2a: Delphox|Psychic|p1b: Incineroar\n|-immune|p1b: Incineroar\n|move|p1a: Pelipper|Weather Ball|p2a: Delphox\n|-damage|p2a: Delphox|84/100\n|\n|-weather|RainDance|[upkeep]\n|upkeep\n|turn|4\n|\n|t:|1776200789\n|switch|p1a: Basculegion|Basculegion, L50, M|100/100\n|move|p2a: Delphox|Protect|p2a: Delphox\n|-singleturn|p2a: Delphox|Protect\n|move|p2b: Altaria|Earthquake|p1a: Basculegion|[spread] p1a,p1b\n|-activate|p2a: Delphox|move: Protect\n|-supereffective|p1b: Incineroar|1\n|-damage|p1a: Basculegion|85/100\n|-damage|p1b: Incineroar|32/100\n|move|p1b: Incineroar|Darkest Lariat|p2a: Delphox\n|-activate|p2a: Delphox|move: Protect\n|\n|-weather|RainDance|[upkeep]\n|upkeep\n|turn|5\n|\n|t:|1776200830\n|switch|p2a: Whimsicott|Whimsicott, L50, F|100/100\n|switch|p1b: Pelipper|Pelipper, L50, F|100/100\n|move|p1a: Basculegion|Wave Crash|p2a: Whimsicott\n|-resisted|p2a: Whimsicott|1\n|-damage|p2a: Whimsicott|44/100\n|-damage|p1a: Basculegion|73/100|[from] Recoil\n|move|p2b: Altaria|Acrobatics|p1b: Pelipper\n|-damage|p1b: Pelipper|82/100\n|\n|-weather|RainDance|[upkeep]\n|upkeep\n|turn|6\n|\n|t:|1776200857\n|switch|p1b: Incineroar|Incineroar, L50, M|32/100\n|-ability|p1b: Incineroar|Intimidate|boost\n|-unboost|p2a: Whimsicott|atk|1\n|-unboost|p2b: Altaria|atk|1\n|switch|p2b: Delphox|Delphox-Mega, L50, M|84/100\n|move|p2a: Whimsicott|Sunny Day|p2a: Whimsicott\n|-weather|SunnyDay\n|move|p1a: Basculegion|Wave Crash|p2b: Delphox\n|-supereffective|p2b: Delphox|1\n|-damage|p2b: Delphox|0 fnt\n|faint|p2b: Delphox\n|-damage|p1a: Basculegion|51/100|[from] Recoil\n|\n|-weather|SunnyDay|[upkeep]\n|upkeep\n|-message|WaluigiStanAcct forfeited.\n|\n|win|WaluigiVGC\n|raw|WaluigiVGC's rating: 1098 &rarr; <strong>1122</strong><br />(+24 for winning)\n|raw|WaluigiStanAcct's rating: 1075 &rarr; <strong>1055</strong><br />(-20 for losing)\n|l|\u2606WaluigiStanAcct\n|player|p2|\n",
  "uploadtime": 1776200878,
  "views": 18,
  "formatid": "gen9championsvgc2026regma",
  "rating": 1055,
  "private": 0,
  "password": null
}