{
  "id": "gen9championsvgc2026regma-2586383746",
  "format": "[Gen 9 Champions] VGC 2026 Reg M-A",
  "players": [
    "Blooddemo",
    "yadazei"
  ],
  "log": "|j|\u2606Blooddemo\n|j|\u2606yadazei\n|t:|1776430682\n|gametype|doubles\n|player|p1|Blooddemo|pokemaniac|1188\n|player|p2|yadazei|twins|1115\n|gen|9\n|tier|[Gen 9 Champions] VGC 2026 Reg M-A\n|rated|\n|rule|Species Clause: Limit one of each Pok\u00e9mon\n|rule|Item Clause: Limit 1 of each item\n|clearpoke\n|poke|p1|Meganium, L50, F|\n|poke|p1|Whimsicott, L50, M|\n|poke|p1|Pelipper, L50, F|\n|poke|p1|Basculegion, L50, M|\n|poke|p1|Incineroar, L50, M|\n|poke|p1|Maushold-Four, L50|\n|poke|p2|Greninja-*, L50, M|\n|poke|p2|Pelipper, L50, M|\n|poke|p2|Aerodactyl, L50, M|\n|poke|p2|Conkeldurr, L50, F|\n|poke|p2|Kingambit, L50, M|\n|poke|p2|Sneasler, L50, F|\n|teampreview|4\n|inactive|Battle timer is ON: inactive players will automatically lose when time's up. (requested by yadazei)\n|\n|t:|1776430709\n|teamsize|p1|4\n|teamsize|p2|4\n|start\n|switch|p1a: Whimsicott|Whimsicott, L50, M|100/100\n|switch|p1b: Incineroar|Incineroar, L50, M|100/100\n|switch|p2a: Aerodactyl|Aerodactyl, L50, M|100/100\n|switch|p2b: Kingambit|Kingambit, L50, M|100/100\n|-ability|p2a: Aerodactyl|Unnerve\n|-ability|p1b: Incineroar|Intimidate|boost\n|-unboost|p2a: Aerodactyl|atk|1\n|-unboost|p2b: Kingambit|atk|1\n|-ability|p2b: Kingambit|Defiant|boost\n|-boost|p2b: Kingambit|atk|2\n|turn|1\n|\n|t:|1776430729\n|move|p2b: Kingambit|Protect|p2b: Kingambit\n|-singleturn|p2b: Kingambit|Protect\n|move|p1a: Whimsicott|Tailwind|p1a: Whimsicott\n|-sidestart|p1: Blooddemo|move: Tailwind\n|move|p1b: Incineroar|Flare Blitz|p2b: Kingambit\n|-activate|p2b: Kingambit|move: Protect\n|move|p2a: Aerodactyl|Dual Wingbeat|p1a: Whimsicott\n|-supereffective|p1a: Whimsicott|1\n|-damage|p1a: Whimsicott|75/100\n|-supereffective|p1a: Whimsicott|1\n|-damage|p1a: Whimsicott|49/100\n|-hitcount|p1a: Whimsicott|2\n|\n|upkeep\n|turn|2\n|inactive|Blooddemo has 30 seconds left.\n|\n|t:|1776430755\n|switch|p2b: Greninja|Greninja, L50, M|100/100\n|move|p1a: Whimsicott|Encore|p2b: Greninja\n|-hint|Since gen 7, Dark is immune to Prankster moves.\n|-immune|p2b: Greninja\n|move|p1b: Incineroar|Throat Chop|p2a: Aerodactyl\n|-crit|p2a: Aerodactyl\n|-damage|p2a: Aerodactyl|24/100\n|-start|p2a: Aerodactyl|Throat Chop|[silent]\n|move|p2a: Aerodactyl|Dual Wingbeat|p1a: Whimsicott\n|-supereffective|p1a: Whimsicott|1\n|-damage|p1a: Whimsicott|19/100\n|-supereffective|p1a: Whimsicott|1\n|-damage|p1a: Whimsicott|0 fnt\n|faint|p1a: Whimsicott\n|-hitcount|p1: Whimsicott|2\n|\n|upkeep\n|\n|t:|1776430772\n|switch|p1a: Basculegion|Basculegion, L50, M|100/100\n|turn|3\n|\n|t:|1776430785\n|detailschange|p2b: Greninja|Greninja-Mega, L50, M\n|-mega|p2b: Greninja|Greninja|Greninjite\n|move|p1b: Incineroar|Protect|p1b: Incineroar\n|-singleturn|p1b: Incineroar|Protect\n|move|p1a: Basculegion|Aqua Jet|p2a: Aerodactyl\n|-supereffective|p2a: Aerodactyl|1\n|-damage|p2a: Aerodactyl|0 fnt\n|faint|p2a: Aerodactyl\n|move|p2b: Greninja|Hydro Pump|p1b: Incineroar\n|-start|p2b: Greninja|typechange|Water|[from] ability: Protean\n|-activate|p1b: Incineroar|move: Protect\n|\n|upkeep\n|\n|t:|1776430790\n|switch|p2a: Kingambit|Kingambit, L50, M|100/100\n|turn|4\n|inactive|Blooddemo has 30 seconds left.\n|inactive|Blooddemo has 20 seconds left.\n|\n|t:|1776430826\n|move|p1a: Basculegion|Wave Crash|p2a: Kingambit\n|-damage|p2a: Kingambit|39/100\n|-damage|p1a: Basculegion|82/100|[from] Recoil\n|move|p1b: Incineroar|Throat Chop|p2b: Greninja\n|-damage|p2b: Greninja|56/100\n|-start|p2b: Greninja|Throat Chop|[silent]\n|move|p2b: Greninja|Hydro Pump|p1b: Incineroar\n|-supereffective|p1b: Incineroar|1\n|-damage|p1b: Incineroar|0 fnt\n|faint|p1b: Incineroar\n|move|p2a: Kingambit|Iron Head|p1a: Basculegion\n|-resisted|p1a: Basculegion|1\n|-damage|p1a: Basculegion|53/100\n|\n|-sideend|p1: Blooddemo|move: Tailwind\n|upkeep\n|\n|t:|1776430841\n|switch|p1b: Meganium|Meganium, L50, F|100/100\n|turn|5\n|inactive|Blooddemo has 30 seconds left.\n|inactive|Blooddemo has 20 seconds left.\n|\n|t:|1776430880\n|detailschange|p1b: Meganium|Meganium-Mega, L50, F\n|-mega|p1b: Meganium|Meganium|Meganiumite\n|move|p1a: Basculegion|Protect|p1a: Basculegion\n|-singleturn|p1a: Basculegion|Protect\n|move|p2a: Kingambit|Sucker Punch||[still]\n|-fail|p2a: Kingambit\n|move|p2b: Greninja|Ice Beam|p1b: Meganium\n|-supereffective|p1b: Meganium|1\n|-damage|p1b: Meganium|33/100\n|move|p1b: Meganium|Dazzling Gleam|p2b: Greninja|[spread] p2a,p2b\n|-crit|p2a: Kingambit\n|-damage|p2a: Kingambit|0 fnt\n|-damage|p2b: Greninja|11/100\n|faint|p2a: Kingambit\n|\n|-end|p2b: Greninja|Throat Chop|[silent]\n|upkeep\n|\n|t:|1776430892\n|switch|p2a: Sneasler|Sneasler, L50, F|100/100\n|turn|6\n|inactive|Blooddemo has 30 seconds left.\n|inactive|Blooddemo has 20 seconds left.\n|inactive|Blooddemo has 15 seconds left.\n|inactive|Blooddemo has 10 seconds left.\n|\n|t:|1776430942\n|move|p2b: Greninja|Protect|p2b: Greninja\n|-singleturn|p2b: Greninja|Protect\n|move|p1a: Basculegion|Aqua Jet|p2b: Greninja\n|-activate|p2b: Greninja|move: Protect\n|move|p2a: Sneasler|Dire Claw|p1b: Meganium\n|-supereffective|p1b: Meganium|2\n|-crit|p1b: Meganium\n|-damage|p1b: Meganium|0 fnt\n|faint|p1b: Meganium\n|\n|upkeep\n|turn|7\n|\n|t:|1776430956\n|move|p1a: Basculegion|Aqua Jet|p2b: Greninja\n|-resisted|p2b: Greninja|1\n|-damage|p2b: Greninja|0 fnt\n|faint|p2b: Greninja\n|move|p2a: Sneasler|Dire Claw|p1a: Basculegion\n|-resisted|p1a: Basculegion|1\n|-damage|p1a: Basculegion|25/100\n|-status|p1a: Basculegion|par\n|\n|upkeep\n|turn|8\n|\n|t:|1776430969\n|move|p2a: Sneasler|Dire Claw|p1a: Basculegion\n|-resisted|p1a: Basculegion|1\n|-damage|p1a: Basculegion|0 fnt\n|faint|p1a: Basculegion\n|\n|win|yadazei\n|raw|Blooddemo's rating: 1188 &rarr; <strong>1158</strong><br />(-30 for losing)\n|raw|yadazei's rating: 1115 &rarr; <strong>1145</strong><br />(+30 for winning)\n",
  "uploadtime": 1776430979,
  "views": 37,
  "formatid": "gen9championsvgc2026regma",
  "rating": 1145,
  "private": 0,
  "password": null
}