{
  "id": "gen9championsvgc2026regma-2585446646",
  "format": "[Gen 9 Champions] VGC 2026 Reg M-A",
  "players": [
    "Brofessor_X1",
    "clrCARLOSclr"
  ],
  "log": "|j|\u2606Brofessor_X1\n|j|\u2606clrCARLOSclr\n|t:|1776347877\n|gametype|doubles\n|player|p1|Brofessor_X1|1|1275\n|player|p2|clrCARLOSclr|lucas|1287\n|gen|9\n|tier|[Gen 9 Champions] VGC 2026 Reg M-A\n|rated|\n|rule|Species Clause: Limit one of each Pok\u00e9mon\n|rule|Item Clause: Limit 1 of each item\n|clearpoke\n|poke|p1|Archaludon, L50, M|\n|poke|p1|Basculegion, L50, M|\n|poke|p1|Pelipper, L50, F|\n|poke|p1|Meganium, L50, F|\n|poke|p1|Aerodactyl, L50, M|\n|poke|p1|Sneasler, L50, F|\n|poke|p2|Talonflame, L50, M|\n|poke|p2|Floette-Eternal, L50, F|\n|poke|p2|Garchomp, L50, M|\n|poke|p2|Farigiraf, L50, M|\n|poke|p2|Torkoal, L50, M|\n|poke|p2|Basculegion, L50, M|\n|teampreview|4\n|inactive|Battle timer is ON: inactive players will automatically lose when time's up. (requested by clrCARLOSclr)\n|inactive|Brofessor_X1 also wants the timer to be on.\n|\n|t:|1776347901\n|teamsize|p1|4\n|teamsize|p2|4\n|start\n|switch|p1a: Sneasler|Sneasler, L50, F|100/100\n|switch|p1b: Aerodactyl|Aerodactyl, L50, M|100/100\n|switch|p2a: Talonflame|Talonflame, L50, M|100/100\n|switch|p2b: Floette|Floette-Eternal, L50, F|100/100\n|-ability|p1b: Aerodactyl|Unnerve\n|turn|1\n|\n|t:|1776347926\n|detailschange|p1b: Aerodactyl|Aerodactyl-Mega, L50, M\n|-mega|p1b: Aerodactyl|Aerodactyl|Aerodactylite\n|detailschange|p2b: Floette|Floette-Mega, L50, F\n|-mega|p2b: Floette|Floette|Floettite\n|-ability|p2b: Floette|Fairy Aura\n|move|p2a: Talonflame|Protect|p2a: Talonflame\n|-singleturn|p2a: Talonflame|Protect\n|move|p1a: Sneasler|Fake Out|p2a: Talonflame\n|-activate|p2a: Talonflame|move: Protect\n|move|p1b: Aerodactyl|Tailwind|p1b: Aerodactyl\n|-sidestart|p1: Brofessor_X1|move: Tailwind\n|move|p2b: Floette|Psychic|p1a: Sneasler\n|-supereffective|p1a: Sneasler|2\n|-damage|p1a: Sneasler|0 fnt\n|faint|p1a: Sneasler\n|\n|upkeep\n|\n|t:|1776347942\n|switch|p1a: Pelipper|Pelipper, L50, F|100/100\n|-weather|RainDance|[from] ability: Drizzle|[of] p1a: Pelipper\n|turn|2\n|\n|t:|1776347948\n|move|p2a: Talonflame|Tailwind|p2a: Talonflame\n|-sidestart|p2: clrCARLOSclr|move: Tailwind\n|move|p1b: Aerodactyl|Rock Slide|p2a: Talonflame|[spread] p2a,p2b\n|-supereffective|p2a: Talonflame|2\n|-enditem|p2a: Talonflame|Focus Sash\n|-damage|p2a: Talonflame|1/100\n|-damage|p2b: Floette|59/100\n|cant|p2b: Floette|flinch\n|move|p1a: Pelipper|Weather Ball|p2a: Talonflame\n|-supereffective|p2a: Talonflame|1\n|-damage|p2a: Talonflame|0 fnt\n|faint|p2a: Talonflame\n|\n|-weather|RainDance|[upkeep]\n|upkeep\n|\n|t:|1776347958\n|switch|p2a: Torkoal|Torkoal, L50, M|100/100\n|-weather|SunnyDay|[from] ability: Drought|[of] p2a: Torkoal\n|turn|3\n|\n|t:|1776347969\n|move|p1a: Pelipper|Wide Guard|p1a: Pelipper\n|-singleturn|p1a: Pelipper|Wide Guard\n|move|p1b: Aerodactyl|Rock Slide|p2b: Floette|[spread] p2a,p2b\n|-supereffective|p2a: Torkoal|1\n|-damage|p2a: Torkoal|59/100\n|-damage|p2b: Floette|21/100\n|move|p2b: Floette|Dazzling Gleam|p1b: Aerodactyl|[spread] \n|-activate|p1a: Pelipper|move: Wide Guard\n|-activate|p1b: Aerodactyl|move: Wide Guard\n|cant|p2a: Torkoal|flinch\n|\n|-weather|SunnyDay|[upkeep]\n|upkeep\n|turn|4\n|\n|t:|1776347989\n|switch|p1a: Archaludon|Archaludon, L50, M, shiny|100/100\n|move|p2b: Floette|Protect|p2b: Floette\n|-singleturn|p2b: Floette|Protect\n|move|p1b: Aerodactyl|Rock Slide|p2a: Torkoal|[spread] p2a\n|-activate|p2b: Floette|move: Protect\n|-supereffective|p2a: Torkoal|1\n|-damage|p2a: Torkoal|13/100\n|move|p2a: Torkoal|Body Press|p1b: Aerodactyl\n|-damage|p1b: Aerodactyl|67/100\n|\n|-weather|SunnyDay|[upkeep]\n|-sideend|p1: Brofessor_X1|move: Tailwind\n|upkeep\n|turn|5\n|\n|t:|1776348007\n|move|p1b: Aerodactyl|Protect|p1b: Aerodactyl\n|-singleturn|p1b: Aerodactyl|Protect\n|move|p1a: Archaludon|Protect|p1a: Archaludon\n|-singleturn|p1a: Archaludon|Protect\n|move|p2b: Floette|Dazzling Gleam|p1b: Aerodactyl|[spread] \n|-activate|p1a: Archaludon|move: Protect\n|-activate|p1b: Aerodactyl|move: Protect\n|move|p2a: Torkoal|Body Press|p1a: Archaludon\n|-activate|p1a: Archaludon|move: Protect\n|\n|-weather|SunnyDay|[upkeep]\n|-sideend|p2: clrCARLOSclr|move: Tailwind\n|upkeep\n|turn|6\n|\n|t:|1776348021\n|move|p1b: Aerodactyl|Tailwind|p1b: Aerodactyl\n|-sidestart|p1: Brofessor_X1|move: Tailwind\n|move|p1a: Archaludon|Flash Cannon|p2b: Floette\n|-supereffective|p2b: Floette|1\n|-damage|p2b: Floette|0 fnt\n|faint|p2b: Floette\n|move|p2a: Torkoal|Body Press|p1a: Archaludon\n|-supereffective|p1a: Archaludon|1\n|-damage|p1a: Archaludon|66/100\n|-ability|p1a: Archaludon|Stamina|boost\n|-boost|p1a: Archaludon|def|1\n|\n|-weather|SunnyDay|[upkeep]\n|-heal|p1a: Archaludon|72/100|[from] item: Leftovers\n|upkeep\n|\n|t:|1776348025\n|switch|p2b: Basculegion|Basculegion, L50, M, shiny|100/100\n|turn|7\n|\n|t:|1776348037\n|switch|p1b: Pelipper|Pelipper, L50, F|100/100\n|-weather|RainDance|[from] ability: Drizzle|[of] p1b: Pelipper\n|move|p1a: Archaludon|Electro Shot||[still]\n|-prepare|p1a: Archaludon|Electro Shot\n|-boost|p1a: Archaludon|spa|1\n|-anim|p1a: Archaludon|Electro Shot|p2b: Basculegion\n|-supereffective|p2b: Basculegion|1\n|-damage|p2b: Basculegion|0 fnt\n|faint|p2b: Basculegion\n|move|p2a: Torkoal|Body Press|p1b: Pelipper\n|-resisted|p1b: Pelipper|1\n|-damage|p1b: Pelipper|84/100\n|\n|-weather|RainDance|[upkeep]\n|-heal|p1a: Archaludon|78/100|[from] item: Leftovers\n|upkeep\n|turn|8\n|-message|clrCARLOSclr forfeited.\n|\n|win|Brofessor_X1\n|raw|Brofessor_X1's rating: 1275 &rarr; <strong>1301</strong><br />(+26 for winning)\n|raw|clrCARLOSclr's rating: 1287 &rarr; <strong>1261</strong><br />(-26 for losing)\n|l|\u2606clrCARLOSclr\n|player|p2|\n",
  "uploadtime": 1776348054,
  "views": 35,
  "formatid": "gen9championsvgc2026regma",
  "rating": 1261,
  "private": 0,
  "password": null
}