{
  "id": "gen9championsvgc2026regma-2588936879",
  "format": "[Gen 9 Champions] VGC 2026 Reg M-A",
  "players": [
    "kipli1121",
    "shohei0115"
  ],
  "log": "|j|\u2606kipli1121\n|j|\u2606shohei0115\n|t:|1776687560\n|gametype|doubles\n|player|p1|kipli1121|266|1245\n|player|p2|shohei0115|1|1288\n|gen|9\n|tier|[Gen 9 Champions] VGC 2026 Reg M-A\n|rated|\n|rule|Species Clause: Limit one of each Pok\u00e9mon\n|rule|Item Clause: Limit 1 of each item\n|clearpoke\n|poke|p1|Pelipper, L50, M|\n|poke|p1|Basculegion, L50, M|\n|poke|p1|Archaludon, L50, M|\n|poke|p1|Dragonite, L50, F|\n|poke|p1|Sneasler, L50, M, shiny|\n|poke|p1|Rotom-Heat, L50|\n|poke|p2|Arcanine-Hisui, L50, M|\n|poke|p2|Froslass, L50, F|\n|poke|p2|Kingambit, L50, F, shiny|\n|poke|p2|Palafin, L50, M|\n|poke|p2|Rotom-Frost, L50|\n|poke|p2|Sneasler, L50, M|\n|teampreview|4\n|inactive|Battle timer is ON: inactive players will automatically lose when time's up. (requested by kipli1121)\n|inactive|shohei0115 has 60 seconds left.\n|inactive|kipli1121 has 60 seconds left.\n|inactive|shohei0115 has 30 seconds left.\n|inactive|shohei0115 has 20 seconds left.\n|inactive|shohei0115 has 15 seconds left.\n|inactive|shohei0115 has 10 seconds left.\n|inactive|shohei0115 has 5 seconds left.\n|\n|t:|1776687648\n|teamsize|p1|4\n|teamsize|p2|4\n|start\n|switch|p1a: Pelipper|Pelipper, L50, M|100/100\n|switch|p1b: Sneasler|Sneasler, L50, M, shiny|100/100\n|switch|p2a: Palafin|Palafin, L50, M|100/100\n|switch|p2b: Froslass|Froslass, L50, F|100/100\n|-weather|RainDance|[from] ability: Drizzle|[of] p1a: Pelipper\n|turn|1\n|inactive|kipli1121 has 30 seconds left.\n|inactive|shohei0115 has 30 seconds left.\n|inactive|shohei0115 has 20 seconds left.\n|inactive|shohei0115 has 15 seconds left.\n|\n|t:|1776687690\n|detailschange|p2a: Palafin|Palafin-Hero, L50, M\n|switch|p2a: Rotom|Rotom-Frost, L50|100/100\n|switch|p1a: Rotom|Rotom-Heat, L50|100/100\n|detailschange|p2b: Froslass|Froslass-Mega, L50, F\n|-mega|p2b: Froslass|Froslass|Froslassite\n|-weather|Snowscape|[from] ability: Snow Warning|[of] p2b: Froslass\n|move|p1b: Sneasler|Fake Out|p2a: Rotom\n|-damage|p2a: Rotom|86/100\n|move|p2b: Froslass|Aurora Veil|p2b: Froslass\n|-sidestart|p2: shohei0115|move: Aurora Veil\n|\n|-weather|Snowscape|[upkeep]\n|upkeep\n|turn|2\n|inactive|shohei0115 has 30 seconds left.\n|inactive|shohei0115 has 20 seconds left.\n|inactive|shohei0115 has 15 seconds left.\n|inactive|shohei0115 has 10 seconds left.\n|\n|t:|1776687740\n|switch|p2b: Palafin|Palafin-Hero, L50, M|100/100\n|-activate|p2b: Palafin|ability: Zero to Hero\n|move|p2a: Rotom|Volt Switch|p1b: Sneasler\n|-damage|p1b: Sneasler|54/100\n|\n|t:|1776687754\n|switch|p2a: Kingambit|Kingambit, L50, F, shiny|100/100|[from] Volt Switch\n|move|p1b: Sneasler|Close Combat|p2a: Kingambit\n|-supereffective|p2a: Kingambit|2\n|-damage|p2a: Kingambit|0 fnt\n|-unboost|p1b: Sneasler|def|1\n|-unboost|p1b: Sneasler|spd|1\n|faint|p2a: Kingambit\n|-enditem|p1b: Sneasler|White Herb\n|-clearnegativeboost|p1b: Sneasler|[silent]\n|move|p1a: Rotom|Overheat|p2b: Palafin\n|-resisted|p2b: Palafin|1\n|-damage|p2b: Palafin|81/100\n|-unboost|p1a: Rotom|spa|2\n|\n|-weather|Snowscape|[upkeep]\n|upkeep\n|\n|t:|1776687776\n|switch|p2a: Rotom|Rotom-Frost, L50|86/100\n|turn|3\n|\n|t:|1776687801\n|switch|p1a: Pelipper|Pelipper, L50, M|100/100\n|-weather|RainDance|[from] ability: Drizzle|[of] p1a: Pelipper\n|move|p1b: Sneasler|Protect|p1b: Sneasler\n|-singleturn|p1b: Sneasler|Protect\n|move|p2b: Palafin|Jet Punch|p1b: Sneasler\n|-activate|p1b: Sneasler|move: Protect\n|move|p2a: Rotom|Thunderbolt|p1a: Pelipper\n|-supereffective|p1a: Pelipper|2\n|-enditem|p1a: Pelipper|Focus Sash\n|-damage|p1a: Pelipper|1/100\n|\n|-weather|RainDance|[upkeep]\n|upkeep\n|turn|4\n|\n|t:|1776687818\n|move|p2b: Palafin|Jet Punch|p1b: Sneasler\n|-damage|p1b: Sneasler|0 fnt\n|faint|p1b: Sneasler\n|move|p2a: Rotom|Thunderbolt|p1a: Pelipper\n|-supereffective|p1a: Pelipper|2\n|-damage|p1a: Pelipper|0 fnt\n|faint|p1a: Pelipper\n|\n|-weather|RainDance|[upkeep]\n|upkeep\n|\n|t:|1776687823\n|switch|p1b: Rotom|Rotom-Heat, L50|100/100\n|switch|p1a: Basculegion|Basculegion, L50, M|100/100\n|turn|5\n|\n|t:|1776687848\n|move|p2b: Palafin|Jet Punch|p1b: Rotom\n|-supereffective|p1b: Rotom|1\n|-enditem|p1b: Rotom|Passho Berry|[eat]\n|-enditem|p1b: Rotom|Passho Berry|[weaken]\n|-damage|p1b: Rotom|24/100\n|move|p2a: Rotom|Thunderbolt|p1a: Basculegion\n|-supereffective|p1a: Basculegion|1\n|-damage|p1a: Basculegion|8/100\n|move|p1a: Basculegion|Last Respects|p2a: Rotom\n|-damage|p2a: Rotom|6/100\n|move|p1b: Rotom|Thunderbolt|p2b: Palafin\n|-supereffective|p2b: Palafin|1\n|-damage|p2b: Palafin|19/100\n|\n|-weather|RainDance|[upkeep]\n|-sideend|p2: shohei0115|move: Aurora Veil\n|upkeep\n|turn|6\n|inactive|kipli1121 has 30 seconds left.\n|inactive|shohei0115 has 30 seconds left.\n|inactive|shohei0115 has 20 seconds left.\n|\n|t:|1776687885\n|move|p2b: Palafin|Jet Punch|p1a: Basculegion\n|-resisted|p1a: Basculegion|1\n|-damage|p1a: Basculegion|0 fnt\n|faint|p1a: Basculegion\n|move|p2a: Rotom|Thunderbolt|p1b: Rotom\n|-resisted|p1b: Rotom|1\n|-damage|p1b: Rotom|3/100\n|move|p1b: Rotom|Volt Switch|p2a: Rotom\n|-resisted|p2a: Rotom|1\n|-damage|p2a: Rotom|0 fnt\n|faint|p2a: Rotom\n|\n|-weather|RainDance|[upkeep]\n|upkeep\n|\n|t:|1776687898\n|switch|p2a: Froslass|Froslass-Mega, L50, F|100/100\n|-weather|Snowscape|[from] ability: Snow Warning|[of] p2a: Froslass\n|turn|7\n|\n|t:|1776687911\n|move|p2b: Palafin|Jet Punch|p1b: Rotom\n|-supereffective|p1b: Rotom|1\n|-damage|p1b: Rotom|0 fnt\n|faint|p1b: Rotom\n|\n|win|shohei0115\n|raw|kipli1121's rating: 1245 &rarr; <strong>1223</strong><br />(-22 for losing)\n|raw|shohei0115's rating: 1288 &rarr; <strong>1310</strong><br />(+22 for winning)\n|l|\u2606kipli1121\n|player|p1|\n",
  "uploadtime": 1776687933,
  "views": 10,
  "formatid": "gen9championsvgc2026regma",
  "rating": 1223,
  "private": 0,
  "password": null
}