{
  "id": "gen9championsvgc2026regma-2585687630",
  "format": "[Gen 9 Champions] VGC 2026 Reg M-A",
  "players": [
    "Book3Zuko",
    "Goopchill"
  ],
  "log": "|j|\u2606Book3Zuko\n|j|\u2606Goopchill\n|t:|1776363794\n|gametype|doubles\n|player|p1|Book3Zuko|169|1057\n|player|p2|Goopchill|170|1047\n|gen|9\n|tier|[Gen 9 Champions] VGC 2026 Reg M-A\n|rated|\n|rule|Species Clause: Limit one of each Pok\u00e9mon\n|rule|Item Clause: Limit 1 of each item\n|clearpoke\n|poke|p1|Abomasnow, L50, F|\n|poke|p1|Slowking-Galar, L50, M|\n|poke|p1|Conkeldurr, L50, M|\n|poke|p1|Aggron, L50, F|\n|poke|p1|Incineroar, L50, F|\n|poke|p1|Araquanid, L50, F|\n|poke|p2|Whimsicott, L50, M|\n|poke|p2|Drampa, L50, M|\n|poke|p2|Politoed, L50, F|\n|poke|p2|Sinistcha, L50|\n|poke|p2|Delphox, L50, M|\n|poke|p2|Aerodactyl, L50, M|\n|teampreview|4\n|\n|t:|1776363815\n|teamsize|p1|4\n|teamsize|p2|4\n|start\n|switch|p1a: Slowking|Slowking-Galar, L50, M|100/100\n|switch|p1b: Incineroar|Incineroar, L50, F, shiny|100/100\n|switch|p2a: Whimsicott|Whimsicott, L50, M|100/100\n|switch|p2b: Politoed|Politoed, L50, F, shiny|100/100\n|-ability|p1b: Incineroar|Intimidate|boost\n|-unboost|p2a: Whimsicott|atk|1\n|-unboost|p2b: Politoed|atk|1\n|-weather|RainDance|[from] ability: Drizzle|[of] p2b: Politoed\n|turn|1\n|\n|t:|1776363836\n|move|p1b: Incineroar|Fake Out|p2b: Politoed\n|-damage|p2b: Politoed|90/100\n|move|p2a: Whimsicott|Encore||[still]\n|-fail|p2a: Whimsicott\n|cant|p2b: Politoed|flinch\n|move|p1a: Slowking|Trick Room|p1a: Slowking\n|-fieldstart|move: Trick Room|[of] p1a: Slowking\n|\n|-weather|RainDance|[upkeep]\n|-heal|p2b: Politoed|96/100|[from] item: Leftovers\n|upkeep\n|turn|2\n|\n|t:|1776363861\n|switch|p1b: Abomasnow|Abomasnow, L50, F, shiny|100/100\n|-weather|Snowscape|[from] ability: Snow Warning|[of] p1b: Abomasnow\n|-prepare|p1a: Slowking|Chilly Reception|[premajor]\n|move|p1a: Slowking|Chilly Reception|p1a: Slowking\n|\n|t:|1776363872\n|switch|p1a: Araquanid|Araquanid, L50, F, shiny|100/100|[from] Chilly Reception\n|move|p2b: Politoed|Weather Ball|p1a: Araquanid\n|-resisted|p1a: Araquanid|1\n|-damage|p1a: Araquanid|92/100\n|move|p2a: Whimsicott|Trick Room|p2a: Whimsicott\n|-fieldend|move: Trick Room\n|\n|-weather|Snowscape|[upkeep]\n|-heal|p2b: Politoed|100/100|[from] item: Leftovers\n|upkeep\n|turn|3\n|\n|t:|1776363900\n|switch|p1a: Slowking|Slowking-Galar, L50, M|100/100\n|detailschange|p1b: Abomasnow|Abomasnow-Mega, L50, F, shiny\n|-mega|p1b: Abomasnow|Abomasnow|Abomasite\n|move|p2a: Whimsicott|Moonblast|p1b: Abomasnow\n|-damage|p1b: Abomasnow|76/100\n|move|p2b: Politoed|Rain Dance|p2b: Politoed\n|-weather|RainDance\n|move|p1b: Abomasnow|Energy Ball|p2b: Politoed\n|-supereffective|p2b: Politoed|1\n|-damage|p2b: Politoed|17/100\n|\n|-weather|RainDance|[upkeep]\n|-heal|p2b: Politoed|23/100|[from] item: Leftovers\n|upkeep\n|turn|4\n|inactive|Battle timer is ON: inactive players will automatically lose when time's up. (requested by Book3Zuko)\n|-activate|p2a: Whimsicott|item: Quick Claw\n|\n|t:|1776363950\n|move|p2b: Politoed|Protect|p2b: Politoed\n|-singleturn|p2b: Politoed|Protect\n|move|p1a: Slowking|Sludge Bomb|p2a: Whimsicott\n|-supereffective|p2a: Whimsicott|2\n|-damage|p2a: Whimsicott|0 fnt\n|faint|p2a: Whimsicott\n|move|p1b: Abomasnow|Blizzard|p2b: Politoed\n|-activate|p2b: Politoed|move: Protect\n|\n|-weather|RainDance|[upkeep]\n|-heal|p2b: Politoed|29/100|[from] item: Leftovers\n|upkeep\n|\n|t:|1776363963\n|switch|p2a: Drampa|Drampa, L50, M, shiny|100/100\n|turn|5\n|inactive|Goopchill has 30 seconds left.\n|\n|t:|1776363992\n|detailschange|p2a: Drampa|Drampa-Mega, L50, M, shiny\n|-mega|p2a: Drampa|Drampa|Drampanite\n|move|p1b: Abomasnow|Protect|p1b: Abomasnow\n|-singleturn|p1b: Abomasnow|Protect\n|move|p2b: Politoed|Encore|p1a: Slowking\n|-start|p1a: Slowking|Encore\n|move|p2a: Drampa|Hurricane|p1b: Abomasnow\n|-activate|p1b: Abomasnow|move: Protect\n|move|p1a: Slowking|Sludge Bomb|p2a: Drampa\n|-damage|p2a: Drampa|71/100\n|\n|-weather|RainDance|[upkeep]\n|-heal|p2b: Politoed|36/100|[from] item: Leftovers\n|upkeep\n|turn|6\n|inactive|Goopchill has 30 seconds left.\n|\n|t:|1776364019\n|switch|p1b: Incineroar|Incineroar, L50, F, shiny|100/100\n|-ability|p1b: Incineroar|Intimidate|boost\n|-unboost|p2a: Drampa|atk|1\n|-unboost|p2b: Politoed|atk|1\n|move|p2b: Politoed|Weather Ball|p1a: Slowking\n|-damage|p1a: Slowking|62/100\n|move|p2a: Drampa|Hurricane|p1b: Incineroar\n|-damage|p1b: Incineroar|53/100\n|move|p1a: Slowking|Sludge Bomb|p2b: Politoed\n|-damage|p2b: Politoed|8/100\n|\n|-weather|RainDance|[upkeep]\n|-heal|p2b: Politoed|14/100|[from] item: Leftovers\n|-heal|p1a: Slowking|68/100|[from] item: Leftovers\n|upkeep\n|turn|7\n|inactive|Book3Zuko has 30 seconds left.\n|inactive|Goopchill has 30 seconds left.\n|inactive|Book3Zuko has 20 seconds left.\n|\n|t:|1776364057\n|switch|p1a: Abomasnow|Abomasnow-Mega, L50, F, shiny|76/100\n|-weather|Snowscape|[from] ability: Snow Warning|[of] p1a: Abomasnow\n|move|p2a: Drampa|Protect|p2a: Drampa\n|-singleturn|p2a: Drampa|Protect\n|move|p1b: Incineroar|Fake Out|p2b: Politoed\n|-damage|p2b: Politoed|4/100\n|cant|p2b: Politoed|flinch\n|\n|-weather|Snowscape|[upkeep]\n|-heal|p2b: Politoed|10/100|[from] item: Leftovers\n|upkeep\n|turn|8\n|\n|t:|1776364075\n|switch|p1b: Slowking|Slowking-Galar, L50, M|100/100\n|move|p1a: Abomasnow|Protect|p1a: Abomasnow\n|-singleturn|p1a: Abomasnow|Protect\n|move|p2b: Politoed|Rain Dance|p2b: Politoed\n|-weather|RainDance\n|move|p2a: Drampa|Calm Mind|p2a: Drampa\n|-boost|p2a: Drampa|spa|1\n|-boost|p2a: Drampa|spd|1\n|\n|-weather|RainDance|[upkeep]\n|-heal|p2b: Politoed|16/100|[from] item: Leftovers\n|upkeep\n|turn|9\n|\n|t:|1776364096\n|switch|p1a: Incineroar|Incineroar, L50, F, shiny|53/100\n|-ability|p1a: Incineroar|Intimidate|boost\n|-unboost|p2a: Drampa|atk|1\n|-unboost|p2b: Politoed|atk|1\n|move|p2b: Politoed|Protect|p2b: Politoed\n|-singleturn|p2b: Politoed|Protect\n|move|p2a: Drampa|Hurricane|p1a: Incineroar\n|-damage|p1a: Incineroar|0 fnt\n|faint|p1a: Incineroar\n|move|p1b: Slowking|Trick Room|p1b: Slowking\n|-fieldstart|move: Trick Room|[of] p1b: Slowking\n|\n|-weather|RainDance|[upkeep]\n|-heal|p2b: Politoed|22/100|[from] item: Leftovers\n|upkeep\n|\n|t:|1776364108\n|switch|p1a: Abomasnow|Abomasnow-Mega, L50, F, shiny|76/100\n|-weather|Snowscape|[from] ability: Snow Warning|[of] p1a: Abomasnow\n|turn|10\n|\n|t:|1776364125\n|move|p2a: Drampa|Protect|p2a: Drampa\n|-singleturn|p2a: Drampa|Protect\n|move|p1a: Abomasnow|Blizzard|p2a: Drampa|[spread] p2b\n|-activate|p2a: Drampa|move: Protect\n|-resisted|p2b: Politoed|1\n|-damage|p2b: Politoed|3/100\n|-prepare|p1b: Slowking|Chilly Reception|[premajor]\n|move|p1b: Slowking|Chilly Reception|p1b: Slowking\n|\n|t:|1776364135\n|switch|p1b: Araquanid|Araquanid, L50, F, shiny|92/100|[from] Chilly Reception\n|move|p2b: Politoed|Rain Dance|p2b: Politoed\n|-weather|RainDance\n|\n|-weather|RainDance|[upkeep]\n|-heal|p2b: Politoed|9/100|[from] item: Leftovers\n|upkeep\n|turn|11\n|inactive|Goopchill has 30 seconds left.\n|inactive|Goopchill has 20 seconds left.\n|inactive|Goopchill has 15 seconds left.\n|\n|t:|1776364180\n|move|p1a: Abomasnow|Blizzard|p2a: Drampa|[spread] p2a,p2b\n|-supereffective|p2a: Drampa|1\n|-resisted|p2b: Politoed|1\n|-damage|p2a: Drampa|12/100\n|-damage|p2b: Politoed|0 fnt\n|-status|p2a: Drampa|frz\n|faint|p2b: Politoed\n|-ability|p2a: Drampa|Berserk|boost\n|-boost|p2a: Drampa|spa|1\n|cant|p2a: Drampa|frz\n|move|p1b: Araquanid|Lunge|p2a: Drampa\n|-damage|p2a: Drampa|0 fnt\n|faint|p2a: Drampa\n|\n|-weather|RainDance|[upkeep]\n|upkeep\n|c|\u2606Goopchill|wow\n|c|\u2606Goopchill|you are lucky asf\n|c|\u2606Book3Zuko|nah all skill\n|inactive|Goopchill has 30 seconds left.\n|n|!Goopchill|goopchill\n|inactive|Goopchill has 20 seconds left.\n|inactive|Goopchill has 15 seconds left.\n|-message|Goopchill forfeited.\n|\n|win|Book3Zuko\n",
  "uploadtime": 1776364213,
  "views": 20,
  "formatid": "gen9championsvgc2026regma",
  "rating": null,
  "private": 0,
  "password": null
}