{
  "id": "gen9championsvgc2026regma-2585137692",
  "format": "[Gen 9 Champions] VGC 2026 Reg M-A",
  "players": [
    "LovelyLizardLad",
    "Forbranna"
  ],
  "log": "|j|\u2606LovelyLizardLad\n|j|\u2606Forbranna\n|t:|1776316313\n|gametype|doubles\n|player|p1|LovelyLizardLad|red|1399\n|player|p2|Forbranna|265|1433\n|gen|9\n|tier|[Gen 9 Champions] VGC 2026 Reg M-A\n|rated|\n|rule|Species Clause: Limit one of each Pok\u00e9mon\n|rule|Item Clause: Limit 1 of each item\n|clearpoke\n|poke|p1|Kingambit, L50, M|\n|poke|p1|Kangaskhan, L50, F|\n|poke|p1|Blastoise, L50, F|\n|poke|p1|Sinistcha, L50|\n|poke|p1|Aerodactyl, L50, M|\n|poke|p1|Farigiraf, L50, M|\n|poke|p2|Meganium, L50, F|\n|poke|p2|Tyranitar, L50, M|\n|poke|p2|Excadrill, L50, M|\n|poke|p2|Aegislash, L50, M|\n|poke|p2|Sinistcha, L50|\n|poke|p2|Talonflame, L50, M|\n|teampreview|4\nLovelyLizardLad has agreed to open team sheets.\n|\n|t:|1776316347\n|teamsize|p1|4\n|teamsize|p2|4\n|start\n|switch|p1a: Kangaskhan|Kangaskhan, L50, F|100/100\n|switch|p1b: Farigiraf|Farigiraf, L50, M|100/100\n|switch|p2a: Ivan IV|Tyranitar, L50, M, shiny|100/100\n|switch|p2b: Sappho|Meganium, L50, F|100/100\n|-weather|Sandstorm|[from] ability: Sand Stream|[of] p2a: Ivan IV\n|turn|1\n|\n|t:|1776316369\n|detailschange|p2b: Sappho|Meganium-Mega, L50, F\n|-mega|p2b: Sappho|Meganium|Meganiumite\n|move|p1a: Kangaskhan|Fake Out|p2a: Ivan IV\n|-resisted|p2a: Ivan IV|1\n|-damage|p2a: Ivan IV|91/100\n|move|p2b: Sappho|Solar Beam||[still]\n|-prepare|p2b: Sappho|Solar Beam\n|-activate|p2b: Sappho|ability: Mega Sol\n|-anim|p2b: Sappho|Solar Beam|p1b: Farigiraf\n|-damage|p1b: Farigiraf|26/100\n|-enditem|p1b: Farigiraf|Sitrus Berry|[eat]\n|-heal|p1b: Farigiraf|51/100|[from] item: Sitrus Berry\n|cant|p2a: Ivan IV|flinch\n|move|p1b: Farigiraf|Trick Room|p1b: Farigiraf\n|-fieldstart|move: Trick Room|[of] p1b: Farigiraf\n|\n|-weather|Sandstorm|[upkeep]\n|-damage|p1b: Farigiraf|45/100|[from] Sandstorm\n|-damage|p2b: Sappho|94/100|[from] Sandstorm\n|-damage|p1a: Kangaskhan|95/100|[from] Sandstorm\n|upkeep\n|turn|2\n|\n|t:|1776316391\n|move|p1b: Farigiraf|Rain Dance|p1b: Farigiraf\n|-weather|RainDance\n|move|p2a: Ivan IV|Rock Slide|p1a: Kangaskhan|[spread] p1a,p1b\n|-damage|p1a: Kangaskhan|63/100\n|-damage|p1b: Farigiraf|21/100\n|move|p2b: Sappho|Dazzling Gleam|p1b: Farigiraf|[spread] p1a,p1b\n|-damage|p1a: Kangaskhan|29/100\n|-damage|p1b: Farigiraf|0 fnt\n|faint|p1b: Farigiraf\n|move|p1a: Kangaskhan|Last Resort|p2b: Sappho\n|-damage|p2b: Sappho|27/100\n|\n|-weather|RainDance|[upkeep]\n|upkeep\n|\n|t:|1776316400\n|switch|p1b: Kingambit|Kingambit, L50, M|100/100\n|turn|3\n|\n|t:|1776316419\n|switch|p2b: Charlemagne|Sinistcha, L50|100/100\n|-heal|p2a: Ivan IV|100/100|[from] ability: Hospitality|[of] p2b: Charlemagne\n|move|p1b: Kingambit|Low Kick|p2a: Ivan IV\n|-supereffective|p2a: Ivan IV|2\n|-damage|p2a: Ivan IV|0 fnt\n|faint|p2a: Ivan IV\n|move|p1a: Kangaskhan|Last Resort|p2b: Charlemagne\n|-damage|p2b: Charlemagne|38/100\n|\n|-weather|RainDance|[upkeep]\n|upkeep\n|\n|t:|1776316432\n|switch|p2a: Robespierre|Excadrill, L50, M, shiny|100/100\n|turn|4\n|\n|t:|1776316453\n|move|p2b: Charlemagne|Rage Powder|p2b: Charlemagne\n|-singleturn|p2b: Charlemagne|move: Rage Powder\n|move|p1b: Kingambit|Kowtow Cleave|p2b: Charlemagne\n|-supereffective|p2b: Charlemagne|1\n|-damage|p2b: Charlemagne|0 fnt\n|faint|p2b: Charlemagne\n|move|p1a: Kangaskhan|Last Resort|p2a: Robespierre\n|-resisted|p2a: Robespierre|1\n|-damage|p2a: Robespierre|43/100\n|move|p2a: Robespierre|Earthquake|p1b: Kingambit|[spread] p1a,p1b\n|-supereffective|p1b: Kingambit|1\n|-damage|p1a: Kangaskhan|0 fnt\n|-damage|p1b: Kingambit|34/100\n|faint|p1a: Kangaskhan\n|\n|-weather|RainDance|[upkeep]\n|upkeep\n|\n|t:|1776316469\n|switch|p2b: Sappho|Meganium-Mega, L50, F|27/100\n|switch|p1a: Blastoise|Blastoise, L50, F|100/100\n|turn|5\n|\n|t:|1776316481\n|detailschange|p1a: Blastoise|Blastoise-Mega, L50, F\n|-mega|p1a: Blastoise|Blastoise|Blastoisinite\n|move|p2b: Sappho|Protect|p2b: Sappho\n|-singleturn|p2b: Sappho|Protect\n|move|p2a: Robespierre|Protect|p2a: Robespierre\n|-singleturn|p2a: Robespierre|Protect\n|move|p1b: Kingambit|Iron Head|p2b: Sappho\n|-activate|p2b: Sappho|move: Protect\n|move|p1a: Blastoise|Water Pulse|p2a: Robespierre\n|-activate|p2a: Robespierre|move: Protect\n|\n|-weather|RainDance|[upkeep]\n|-fieldend|move: Trick Room\n|upkeep\n|turn|6\n|\n|t:|1776316497\n|move|p2a: Robespierre|Protect||[still]\n|-fail|p2a: Robespierre\n|move|p1b: Kingambit|Sucker Punch||[still]\n|-fail|p1b: Kingambit\n|move|p2b: Sappho|Solar Beam||[still]\n|-prepare|p2b: Sappho|Solar Beam\n|-activate|p2b: Sappho|ability: Mega Sol\n|-anim|p2b: Sappho|Solar Beam|p1a: Blastoise\n|-supereffective|p1a: Blastoise|1\n|-damage|p1a: Blastoise|0 fnt\n|faint|p1a: Blastoise\n|\n|-weather|none\n|upkeep\n|turn|7\n|-message|LovelyLizardLad forfeited.\n|\n|win|Forbranna\n|raw|LovelyLizardLad's rating: 1399 &rarr; <strong>1381</strong><br />(-18 for losing)\n|raw|Forbranna's rating: 1433 &rarr; <strong>1451</strong><br />(+18 for winning)\n",
  "uploadtime": 1776316511,
  "views": 28,
  "formatid": "gen9championsvgc2026regma",
  "rating": 1381,
  "private": 0,
  "password": null
}