{
  "id": "gen9championsvgc2026regma-2582678172",
  "format": "[Gen 9 Champions] VGC 2026 Reg M-A",
  "players": [
    "Sokko666",
    "Orjarverio"
  ],
  "log": "|j|\u2606Sokko666\n|j|\u2606Orjarverio\n|t:|1776106719\n|gametype|doubles\n|player|p1|Sokko666|wattson|1045\n|player|p2|Orjarverio|lucas|1000\n|gen|9\n|tier|[Gen 9 Champions] VGC 2026 Reg M-A\n|rated|\n|rule|Species Clause: Limit one of each Pok\u00e9mon\n|rule|Item Clause: Limit 1 of each item\n|clearpoke\n|poke|p1|Sinistcha, L50|\n|poke|p1|Drampa, L50, F|\n|poke|p1|Incineroar, L50, F|\n|poke|p1|Conkeldurr, L50, M|\n|poke|p1|Araquanid, L50, F|\n|poke|p1|Slowking-Galar, L50, F|\n|poke|p2|Starmie, L50|\n|poke|p2|Tyranitar, L50, F|\n|poke|p2|Aerodactyl, L50, M|\n|poke|p2|Hawlucha, L50, F|\n|poke|p2|Garchomp, L50, F|\n|poke|p2|Aegislash, L50, M|\n|teampreview|4\n|\n|t:|1776106750\n|teamsize|p1|4\n|teamsize|p2|4\n|start\n|switch|p1a: Sinistcha|Sinistcha, L50|100/100\n|switch|p1b: Incineroar|Incineroar, L50, F|100/100\n|switch|p2a: Starmie|Starmie, L50|100/100\n|switch|p2b: Garchomp|Garchomp, L50, F|100/100\n|-ability|p1b: Incineroar|Intimidate|boost\n|-unboost|p2a: Starmie|atk|1\n|-unboost|p2b: Garchomp|atk|1\n|turn|1\n|\n|t:|1776106774\n|switch|p2b: Hawlucha|Hawlucha, L50, F|100/100\n|detailschange|p2a: Starmie|Starmie-Mega, L50\n|-mega|p2a: Starmie|Starmie|Starminite\n|move|p1b: Incineroar|Fake Out|p2a: Starmie\n|-damage|p2a: Starmie|82/100\n|cant|p2a: Starmie|flinch\n|move|p1a: Sinistcha|Trick Room|p1a: Sinistcha\n|-fieldstart|move: Trick Room|[of] p1a: Sinistcha\n|\n|upkeep\n|turn|2\n|\n|t:|1776106803\n|switch|p2a: Tyranitar|Tyranitar, L50, F|100/100\n|-weather|Sandstorm|[from] ability: Sand Stream|[of] p2a: Tyranitar\n|move|p1b: Incineroar|Parting Shot|p2b: Hawlucha\n|-unboost|p2b: Hawlucha|atk|1\n|-unboost|p2b: Hawlucha|spa|1\n|\n|t:|1776106812\n|switch|p1b: Conkeldurr|Conkeldurr, L50, M|100/100|[from] Parting Shot\n|move|p1a: Sinistcha|Matcha Gotcha|p2b: Hawlucha|[spread] p2a,p2b\n|-supereffective|p2a: Tyranitar|1\n|-resisted|p2b: Hawlucha|1\n|-damage|p2a: Tyranitar|67/100\n|-damage|p2b: Hawlucha|84/100\n|move|p2b: Hawlucha|High Jump Kick|p1b: Conkeldurr\n|-damage|p1b: Conkeldurr|75/100\n|\n|-weather|Sandstorm|[upkeep]\n|-damage|p1b: Conkeldurr|69/100|[from] Sandstorm\n|-damage|p1a: Sinistcha|94/100|[from] Sandstorm\n|-damage|p2b: Hawlucha|78/100|[from] Sandstorm\n|upkeep\n|turn|3\n|\n|t:|1776106843\n|move|p2b: Hawlucha|Protect|p2b: Hawlucha\n|-singleturn|p2b: Hawlucha|Protect\n|move|p1a: Sinistcha|Rage Powder|p1a: Sinistcha\n|-singleturn|p1a: Sinistcha|move: Rage Powder\n|move|p1b: Conkeldurr|Drain Punch|p2a: Tyranitar\n|-supereffective|p2a: Tyranitar|2\n|-damage|p2a: Tyranitar|0 fnt\n|-heal|p1b: Conkeldurr|97/100|[from] drain|[of] p2a: Tyranitar\n|faint|p2a: Tyranitar\n|\n|-weather|Sandstorm|[upkeep]\n|-damage|p1b: Conkeldurr|91/100|[from] Sandstorm\n|-damage|p1a: Sinistcha|88/100|[from] Sandstorm\n|-damage|p2b: Hawlucha|72/100|[from] Sandstorm\n|upkeep\n|\n|t:|1776106864\n|switch|p2a: Garchomp|Garchomp, L50, F|100/100\n|turn|4\n|\n|t:|1776106897\n|switch|p1a: Incineroar|Incineroar, L50, F|100/100\n|-ability|p1a: Incineroar|Intimidate|boost\n|-unboost|p2a: Garchomp|atk|1\n|-unboost|p2b: Hawlucha|atk|1\n|move|p1b: Conkeldurr|Ice Punch|p2a: Garchomp\n|-supereffective|p2a: Garchomp|2\n|-enditem|p2a: Garchomp|Yache Berry|[eat]\n|-enditem|p2a: Garchomp|Yache Berry|[weaken]\n|-damage|p2a: Garchomp|20/100\n|move|p2a: Garchomp|Dragon Claw|p1a: Incineroar\n|-damage|p1a: Incineroar|70/100\n|move|p2b: Hawlucha|Coaching|p2a: Garchomp\n|-boost|p2a: Garchomp|atk|1\n|-boost|p2a: Garchomp|def|1\n|\n|-weather|Sandstorm|[upkeep]\n|-damage|p1b: Conkeldurr|84/100|[from] Sandstorm\n|-damage|p1a: Incineroar|64/100|[from] Sandstorm\n|-damage|p2b: Hawlucha|66/100|[from] Sandstorm\n|upkeep\n|turn|5\n|\n|t:|1776106931\n|switch|p1b: Sinistcha|Sinistcha, L50|88/100\n|-heal|p1a: Incineroar|89/100|[from] ability: Hospitality|[of] p1b: Sinistcha\n|switch|p2b: Starmie|Starmie-Mega, L50|82/100\n|move|p2a: Garchomp|Protect|p2a: Garchomp\n|-singleturn|p2a: Garchomp|Protect\n|move|p1a: Incineroar|Parting Shot|p2a: Garchomp\n|-activate|p2a: Garchomp|move: Protect\n|\n|-weather|Sandstorm|[upkeep]\n|-damage|p1a: Incineroar|83/100|[from] Sandstorm\n|-damage|p1b: Sinistcha|82/100|[from] Sandstorm\n|-damage|p2b: Starmie|76/100|[from] Sandstorm\n|-fieldend|move: Trick Room\n|upkeep\n|turn|6\n|\n|t:|1776106968\n|switch|p1a: Drampa|Drampa, L50, F|100/100\n|-ability|p1a: Drampa|Cloud Nine\n|move|p2b: Starmie|Skill Swap|p2a: Garchomp\n|-activate|p2b: Starmie|Skill Swap|||[of] p2a: Garchomp\n|move|p2a: Garchomp|Earthquake|p1b: Sinistcha|[spread] p2b,p1a,p1b\n|-resisted|p1b: Sinistcha|1\n|-damage|p2b: Starmie|0 fnt\n|-damage|p1a: Drampa|15/100\n|-damage|p1b: Sinistcha|53/100\n|faint|p2b: Starmie\n|move|p1b: Sinistcha|Trick Room|p1b: Sinistcha\n|-fieldstart|move: Trick Room|[of] p1b: Sinistcha\n|\n|-weather|none\n|upkeep\n|\n|t:|1776106982\n|switch|p2b: Hawlucha|Hawlucha, L50, F|66/100\n|turn|7\n|\n|t:|1776106992\n|detailschange|p1a: Drampa|Drampa-Mega, L50, F\n|-mega|p1a: Drampa|Drampa|Drampanite\n|move|p2a: Garchomp|Protect|p2a: Garchomp\n|-singleturn|p2a: Garchomp|Protect\n|move|p1b: Sinistcha|Rage Powder|p1b: Sinistcha\n|-singleturn|p1b: Sinistcha|move: Rage Powder\n|move|p1a: Drampa|Hyper Voice|p2b: Hawlucha|[spread] p2b\n|-activate|p2a: Garchomp|move: Protect\n|-damage|p2b: Hawlucha|1/100\n|-enditem|p2b: Hawlucha|Sitrus Berry|[eat]\n|-heal|p2b: Hawlucha|26/100|[from] item: Sitrus Berry\n|move|p2b: Hawlucha|Acrobatics|p1b: Sinistcha\n|-supereffective|p1b: Sinistcha|1\n|-damage|p1b: Sinistcha|0 fnt\n|faint|p1b: Sinistcha\n|\n|upkeep\n|\n|t:|1776107011\n|switch|p1b: Conkeldurr|Conkeldurr, L50, M|84/100\n|turn|8\n|\n|t:|1776107024\n|move|p2b: Hawlucha|Protect|p2b: Hawlucha\n|-singleturn|p2b: Hawlucha|Protect\n|move|p1a: Drampa|Hyper Voice|p2b: Hawlucha|[spread] p2a\n|-activate|p2b: Hawlucha|move: Protect\n|-damage|p2a: Garchomp|0 fnt\n|faint|p2a: Garchomp\n|move|p1b: Conkeldurr|Ice Punch|p2b: Hawlucha\n|-activate|p2b: Hawlucha|move: Protect\n|\n|upkeep\n|turn|9\n|-message|Orjarverio forfeited.\n|\n|win|Sokko666\n|raw|Sokko666's rating: 1045 &rarr; <strong>1074</strong><br />(+29 for winning)\n|raw|Orjarverio's rating: 1000 &rarr; <strong>1000</strong><br />(+0 for losing)\n|l|\u2606Orjarverio\n|player|p2|\n",
  "uploadtime": 1776107040,
  "views": 13,
  "formatid": "gen9championsvgc2026regma",
  "rating": 1000,
  "private": 0,
  "password": null
}