{
  "id": "gen9championsvgc2026regma-2584497657",
  "format": "[Gen 9 Champions] VGC 2026 Reg M-A",
  "players": [
    "NPA Kurosaki",
    "Wixxez"
  ],
  "log": "|j|\u203dNPA Kurosaki\n|j|\u2606Wixxez\n|t:|1776264787\n|gametype|doubles\n|player|p1|NPA Kurosaki|steven|\n|player|p2|Wixxez|flannery|\n|gen|9\n|tier|[Gen 9 Champions] VGC 2026 Reg M-A\n|rated|Tournament battle\n|rule|Species Clause: Limit one of each Pok\u00e9mon\n|rule|Item Clause: Limit 1 of each item\n|raw|<div class=\"infobox\"><details class=\"readmore\" open><summary><strong>1 custom rule:</strong></summary> Force Open Team Sheets</details></div>\n|clearpoke\n|poke|p1|Aerodactyl, L50, M|\n|poke|p1|Sneasler, L50, M|\n|poke|p1|Charizard, L50, M|\n|poke|p1|Garchomp, L50, M|\n|poke|p1|Kingambit, L50, M|\n|poke|p1|Floette-Eternal, L50, F|\n|poke|p2|Delphox, L50, F|\n|poke|p2|Aerodactyl, L50, F|\n|poke|p2|Sneasler, L50, F|\n|poke|p2|Kingambit, L50, F|\n|poke|p2|Rotom-Wash, L50|\n|poke|p2|Garchomp, L50, F|\n|teampreview|4\n|showteam|p1|Aerodactyl||FocusSash|Unnerve|Tailwind,RockSlide,DualWingbeat,Protect|||M|||50|]Sneasler||WhiteHerb|Unburden|CloseCombat,DireClaw,FakeOut,Protect|||M|||50|]Charizard||CharizarditeY|Blaze|WeatherBall,HeatWave,SolarBeam,Protect|||M|||50|]Garchomp||SoftSand|RoughSkin|Earthquake,RockSlide,DragonClaw,Protect|||M|||50|]Kingambit||ChopleBerry|Defiant|KowtowCleave,SuckerPunch,IronHead,Protect|||M|||50|]Floette-Eternal||Floettite|FlowerVeil|DazzlingGleam,Moonblast,LightofRuin,Protect|||F|||50|\n|showteam|p2|Delphox||Delphoxite|Blaze|Substitute,Protect,HeatWave,Psychic|||F|||50|]Aerodactyl||FocusSash|Unnerve|RockSlide,Tailwind,DualWingbeat,Protect|||F|||50|]Sneasler||WhiteHerb|Unburden|FakeOut,CloseCombat,UpperHand,DireClaw|||F|||50|]Kingambit||Leftovers|Defiant|SuckerPunch,Protect,KowtowCleave,IronHead|||F|||50|]Rotom-Wash||ChoiceScarf|Levitate|Electroweb,VoltSwitch,HydroPump,Trick||||||50|]Garchomp||SoftSand|RoughSkin|Protect,Earthquake,SwordsDance,DragonClaw|||F|||50|\n|inactive|Battle timer is ON: inactive players will automatically lose when time's up. (requested by Wixxez)\n|inactive|NPA Kurosaki also wants the timer to be on.\n|j| volcaronavgc (\u2267\u25bd\u2266)\n|l| volcaronavgc (\u2267\u25bd\u2266)\n|inactive|NPA Kurosaki has 60 seconds left.\n|inactive|Wixxez has 60 seconds left.\n|inactive|Wixxez has 30 seconds left.\n|inactive|Wixxez has 20 seconds left.\n|inactive|Wixxez has 15 seconds left.\n|inactive|Wixxez has 10 seconds left.\n|\n|t:|1776264871\n|teamsize|p1|4\n|teamsize|p2|4\n|start\n|switch|p1a: Aerodactyl|Aerodactyl, L50, M|100/100\n|switch|p1b: Garchomp|Garchomp, L50, M|100/100\n|switch|p2a: Aerodactyl|Aerodactyl, L50, F|100/100\n|switch|p2b: Sneasler|Sneasler, L50, F|100/100\n|-ability|p1a: Aerodactyl|Unnerve\n|-ability|p2a: Aerodactyl|Unnerve\n|turn|1\n|inactive|Wixxez has 30 seconds left.\n|inactive|Wixxez has 20 seconds left.\n|\n|t:|1776264911\n|switch|p2b: Rotom|Rotom-Wash, L50|100/100\n|move|p1a: Aerodactyl|Dual Wingbeat|p2b: Rotom\n|-resisted|p2b: Rotom|1\n|-damage|p2b: Rotom|91/100\n|-resisted|p2b: Rotom|1\n|-damage|p2b: Rotom|81/100\n|-hitcount|p2b: Rotom|2\n|move|p2a: Aerodactyl|Tailwind|p2a: Aerodactyl\n|-sidestart|p2: Wixxez|move: Tailwind\n|move|p1b: Garchomp|Rock Slide|p2b: Rotom|[spread] p2a,p2b\n|-supereffective|p2a: Aerodactyl|1\n|-damage|p2a: Aerodactyl|36/100\n|-damage|p2b: Rotom|60/100\n|\n|upkeep\n|turn|2\n|inactive|Wixxez has 30 seconds left.\n|inactive|Wixxez has 20 seconds left.\n|\n|t:|1776264947\n|switch|p1b: Kingambit|Kingambit, L50, M|100/100\n|move|p1a: Aerodactyl|Protect|p1a: Aerodactyl\n|-singleturn|p1a: Aerodactyl|Protect\n|move|p2b: Rotom|Volt Switch|p1a: Aerodactyl\n|-activate|p1a: Aerodactyl|move: Protect\n|move|p2a: Aerodactyl|Rock Slide|p1a: Aerodactyl|[spread] p1b\n|-activate|p1a: Aerodactyl|move: Protect\n|-resisted|p1b: Kingambit|1\n|-damage|p1b: Kingambit|92/100\n|\n|upkeep\n|turn|3\n|\n|t:|1776264972\n|switch|p2b: Sneasler|Sneasler, L50, F|100/100\n|switch|p1a: Garchomp|Garchomp, L50, M|100/100\n|move|p2a: Aerodactyl|Protect|p2a: Aerodactyl\n|-singleturn|p2a: Aerodactyl|Protect\n|move|p1b: Kingambit|Kowtow Cleave|p2b: Sneasler\n|-resisted|p2b: Sneasler|1\n|-damage|p2b: Sneasler|56/100\n|\n|upkeep\n|turn|4\n|\n|t:|1776264995\n|move|p1b: Kingambit|Protect|p1b: Kingambit\n|-singleturn|p1b: Kingambit|Protect\n|move|p2b: Sneasler|Upper Hand||[still]\n|-fail|p2b: Sneasler\n|move|p2a: Aerodactyl|Dual Wingbeat|p1a: Garchomp\n|-damage|p1a: Garchomp|83/100\n|-damage|p2a: Aerodactyl|24/100|[from] ability: Rough Skin|[of] p1a: Garchomp\n|-damage|p1a: Garchomp|63/100\n|-damage|p2a: Aerodactyl|11/100|[from] ability: Rough Skin|[of] p1a: Garchomp\n|-hitcount|p1a: Garchomp|2\n|move|p1a: Garchomp|Rock Slide|p2a: Aerodactyl|[spread] p2a,p2b\n|-supereffective|p2a: Aerodactyl|1\n|-resisted|p2b: Sneasler|1\n|-damage|p2a: Aerodactyl|0 fnt\n|-damage|p2b: Sneasler|37/100\n|faint|p2a: Aerodactyl\n|\n|-sideend|p2: Wixxez|move: Tailwind\n|upkeep\n|j| sonicutopia\n|\n|t:|1776265015\n|switch|p2a: Delphox|Delphox, L50, F, shiny|100/100\n|turn|5\n|inactive|Wixxez has 30 seconds left.\n|\n|t:|1776265047\n|detailschange|p2a: Delphox|Delphox-Mega, L50, F, shiny\n|-mega|p2a: Delphox|Delphox|Delphoxite\n|move|p2b: Sneasler|Upper Hand|p1b: Kingambit\n|-supereffective|p1b: Kingambit|2\n|-enditem|p1b: Kingambit|Chople Berry|[eat]\n|-enditem|p1b: Kingambit|Chople Berry|[weaken]\n|-damage|p1b: Kingambit|43/100\n|cant|p1b: Kingambit|flinch\n|move|p2a: Delphox|Heat Wave|p1a: Garchomp|[spread] p1a,p1b\n|-resisted|p1a: Garchomp|1\n|-supereffective|p1b: Kingambit|1\n|-damage|p1a: Garchomp|40/100\n|-damage|p1b: Kingambit|0 fnt\n|faint|p1b: Kingambit\n|move|p1a: Garchomp|Rock Slide|p2a: Delphox|[spread] p2a\n|-miss|p1a: Garchomp|p2b: Sneasler\n|-supereffective|p2a: Delphox|1\n|-damage|p2a: Delphox|40/100\n|\n|upkeep\n|\n|t:|1776265068\n|switch|p1b: Aerodactyl|Aerodactyl, L50, M|100/100\n|-ability|p1b: Aerodactyl|Unnerve\n|turn|6\n|\n|t:|1776265093\n|move|p2a: Delphox|Substitute|p2a: Delphox\n|-start|p2a: Delphox|Substitute\n|-damage|p2a: Delphox|16/100\n|move|p1b: Aerodactyl|Tailwind|p1b: Aerodactyl\n|-sidestart|p1: NPA Kurosaki|move: Tailwind\n|move|p1a: Garchomp|Earthquake|p2b: Sneasler|[spread] p2b\n|-immune|p1b: Aerodactyl\n|-immune|p2a: Delphox|[from] ability: Levitate\n|-supereffective|p2b: Sneasler|1\n|-damage|p2b: Sneasler|0 fnt\n|faint|p2b: Sneasler\n|\n|upkeep\n|\n|t:|1776265103\n|switch|p2b: Rotom|Rotom-Wash, L50|60/100\n|turn|7\n|inactive|Wixxez has 30 seconds left.\n|\n|t:|1776265136\n|move|p1b: Aerodactyl|Rock Slide|p2a: Delphox|[spread] p2a,p2b\n|-supereffective|p2a: Delphox|1\n|-end|p2a: Delphox|Substitute\n|-damage|p2b: Rotom|35/100\n|move|p1a: Garchomp|Rock Slide|p2b: Rotom|[spread] p2a,p2b\n|-supereffective|p2a: Delphox|1\n|-damage|p2a: Delphox|0 fnt\n|-damage|p2b: Rotom|12/100\n|faint|p2a: Delphox\n|move|p2b: Rotom|Electroweb|p1a: Garchomp|[spread] p1b\n|-immune|p1a: Garchomp\n|-supereffective|p1b: Aerodactyl|1\n|-damage|p1b: Aerodactyl|57/100\n|-unboost|p1b: Aerodactyl|spe|1\n|\n|upkeep\n|turn|8\n|\n|t:|1776265145\n|move|p1b: Aerodactyl|Protect|p1b: Aerodactyl\n|-singleturn|p1b: Aerodactyl|Protect\n|move|p1a: Garchomp|Dragon Claw|p2b: Rotom\n|-damage|p2b: Rotom|0 fnt\n|faint|p2b: Rotom\n|\n|win|NPA Kurosaki\n|n|\u203dNPA Kurosaki|npakurosaki\n|n|\u2606Wixxez|wixxez\n|n| sonicutopia|sonicutopia\n|l|\u2606Wixxez\n|player|p2|\n",
  "uploadtime": 1776265153,
  "views": 21,
  "formatid": "gen9championsvgc2026regma",
  "rating": null,
  "private": 0,
  "password": null
}