{
  "id": "gen9championsvgc2026regma-2582016547",
  "format": "[Gen 9 Champions] VGC 2026 Reg M-A",
  "players": [
    "jimmythunder",
    "taotietsu"
  ],
  "log": "|j|\u2606jimmythunder\n|j|\u2606taotietsu\n|t:|1776048650\n|gametype|doubles\n|player|p1|jimmythunder|gentleman-gen4|1099\n|player|p2|taotietsu|emmet|1044\n|gen|9\n|tier|[Gen 9 Champions] VGC 2026 Reg M-A\n|rated|\n|rule|Species Clause: Limit one of each Pok\u00e9mon\n|rule|Item Clause: Limit 1 of each item\n|clearpoke\n|poke|p1|Starmie, L50|\n|poke|p1|Pelipper, L50, M|\n|poke|p1|Archaludon, L50, F|\n|poke|p1|Farigiraf, L50, F|\n|poke|p1|Sableye, L50, F|\n|poke|p1|Sylveon, L50, F|\n|poke|p2|Basculegion, L50, M|\n|poke|p2|Sableye, L50, F|\n|poke|p2|Meganium, L50, F|\n|poke|p2|Pelipper, L50, F|\n|poke|p2|Archaludon, L50, F|\n|poke|p2|Volcarona, L50, F|\n|teampreview|4\n|inactive|Battle timer is ON: inactive players will automatically lose when time's up. (requested by taotietsu)\n|inactive|jimmythunder has 60 seconds left.\n|inactive|taotietsu has 60 seconds left.\n|\n|t:|1776048695\n|teamsize|p1|4\n|teamsize|p2|4\n|start\n|switch|p1a: Archaludon|Archaludon, L50, F|100/100\n|switch|p1b: Sableye|Sableye, L50, F|100/100\n|switch|p2a: Pelipper|Pelipper, L50, F|100/100\n|switch|p2b: Meganium|Meganium, L50, F, shiny|100/100\n|-weather|RainDance|[from] ability: Drizzle|[of] p2a: Pelipper\n|turn|1\n|inactive|jimmythunder has 30 seconds left.\n|inactive|jimmythunder has 20 seconds left.\n|inactive|jimmythunder has 15 seconds left.\n|inactive|jimmythunder has 10 seconds left.\n|inactive|jimmythunder has 5 seconds left.\n|\n|t:|1776048750\n|detailschange|p2b: Meganium|Meganium-Mega, L50, F, shiny\n|-mega|p2b: Meganium|Meganium|Meganiumite\n|move|p1b: Sableye|Rain Dance||[still]\n|-fail|p1b: Sableye\n|move|p2a: Pelipper|Soak|p1a: Archaludon\n|-start|p1a: Archaludon|typechange|Water\n|move|p1a: Archaludon|Electro Shot||[still]\n|-prepare|p1a: Archaludon|Electro Shot\n|-boost|p1a: Archaludon|spa|1\n|-anim|p1a: Archaludon|Electro Shot|p2b: Meganium\n|-resisted|p2b: Meganium|1\n|-damage|p2b: Meganium|70/100\n|move|p2b: Meganium|Solar Beam||[still]\n|-prepare|p2b: Meganium|Solar Beam\n|-activate|p2b: Meganium|ability: Mega Sol\n|-anim|p2b: Meganium|Solar Beam|p1a: Archaludon\n|-supereffective|p1a: Archaludon|1\n|-damage|p1a: Archaludon|0 fnt\n|faint|p1a: Archaludon\n|\n|-weather|RainDance|[upkeep]\n|upkeep\n|\n|t:|1776048773\n|switch|p1a: Starmie|Starmie, L50|100/100\n|turn|2\n|\n|t:|1776048791\n|detailschange|p1a: Starmie|Starmie-Mega, L50\n|-mega|p1a: Starmie|Starmie|Starminite\n|move|p2b: Meganium|Protect|p2b: Meganium\n|-singleturn|p2b: Meganium|Protect\n|move|p1b: Sableye|Light Screen|p1b: Sableye\n|-sidestart|p1: jimmythunder|move: Light Screen\n|move|p1a: Starmie|Ice Spinner|p2b: Meganium\n|-activate|p2b: Meganium|move: Protect\n|move|p2a: Pelipper|Tailwind|p2a: Pelipper\n|-sidestart|p2: taotietsu|move: Tailwind\n|\n|-weather|RainDance|[upkeep]\n|upkeep\n|turn|3\n|\n|t:|1776048807\n|move|p1b: Sableye|Thunder Wave|p2b: Meganium\n|-status|p2b: Meganium|par\n|move|p2a: Pelipper|Hurricane|p1a: Starmie\n|-damage|p1a: Starmie|67/100\n|-start|p1a: Starmie|confusion\n|-activate|p1a: Starmie|confusion\n|move|p1a: Starmie|Ice Spinner|p2b: Meganium\n|-supereffective|p2b: Meganium|1\n|-damage|p2b: Meganium|0 fnt\n|faint|p2b: Meganium\n|\n|-weather|RainDance|[upkeep]\n|upkeep\n|\n|t:|1776048819\n|switch|p2b: Archaludon|Archaludon, L50, F, shiny|100/100\n|turn|4\n|\n|t:|1776048837\n|switch|p1a: Sylveon|Sylveon, L50, F|100/100\n|move|p1b: Sableye|Thunder Wave|p2b: Archaludon\n|-status|p2b: Archaludon|par\n|move|p2a: Pelipper|Soak|p1b: Sableye\n|-start|p1b: Sableye|typechange|Water\n|cant|p2b: Archaludon|par\n|\n|-weather|RainDance|[upkeep]\n|upkeep\n|turn|5\n|inactive|jimmythunder has 30 seconds left.\n|\n|t:|1776048869\n|move|p1b: Sableye|Reflect|p1b: Sableye\n|-sidestart|p1: jimmythunder|Reflect\n|move|p2a: Pelipper|Soak|p1a: Sylveon\n|-start|p1a: Sylveon|typechange|Water\n|move|p2b: Archaludon|Electro Shot||[still]\n|-prepare|p2b: Archaludon|Electro Shot\n|-boost|p2b: Archaludon|spa|1\n|-anim|p2b: Archaludon|Electro Shot|p1b: Sableye\n|-supereffective|p1b: Sableye|1\n|-damage|p1b: Sableye|2/100\n|move|p1a: Sylveon|Hyper Voice|p2a: Pelipper|[spread] p2a,p2b\n|-damage|p2a: Pelipper|54/100\n|-damage|p2b: Archaludon|61/100 par\n|-ability|p2b: Archaludon|Stamina|boost\n|-boost|p2b: Archaludon|def|1\n|\n|-weather|none\n|-heal|p2b: Archaludon|68/100 par|[from] item: Leftovers\n|-heal|p1b: Sableye|8/100|[from] item: Leftovers\n|-sideend|p2: taotietsu|move: Tailwind\n|upkeep\n|turn|6\n|inactive|jimmythunder has 30 seconds left.\n|\n|t:|1776048898\n|switch|p2a: Sableye|Sableye, L50, F, shiny|100/100\n|move|p2b: Archaludon|Protect|p2b: Archaludon\n|-singleturn|p2b: Archaludon|Protect\n|move|p1b: Sableye|Thunder Wave|p2a: Sableye\n|-hint|Since gen 7, Dark is immune to Prankster moves.\n|-immune|p2a: Sableye\n|move|p1a: Sylveon|Hyper Beam|p2b: Archaludon\n|-activate|p2b: Archaludon|move: Protect\n|\n|-heal|p1b: Sableye|13/100|[from] item: Leftovers\n|-heal|p2b: Archaludon|74/100 par|[from] item: Leftovers\n|-sideend|p1: jimmythunder|move: Light Screen\n|upkeep\n|turn|7\n|inactive|taotietsu has 30 seconds left.\n|\n|t:|1776048928\n|move|p2a: Sableye|Rain Dance|p2a: Sableye\n|-weather|RainDance\n|move|p1b: Sableye|Light Screen|p1b: Sableye\n|-sidestart|p1: jimmythunder|move: Light Screen\n|move|p1a: Sylveon|Hyper Voice|p2a: Sableye|[spread] p2a,p2b\n|-supereffective|p2a: Sableye|1\n|-damage|p2a: Sableye|27/100\n|-damage|p2b: Archaludon|35/100 par\n|-ability|p2b: Archaludon|Stamina|boost\n|-boost|p2b: Archaludon|def|1\n|move|p2b: Archaludon|Electro Shot||[still]\n|-prepare|p2b: Archaludon|Electro Shot\n|-boost|p2b: Archaludon|spa|1\n|-anim|p2b: Archaludon|Electro Shot|p1a: Sylveon\n|-supereffective|p1a: Sylveon|1\n|-damage|p1a: Sylveon|0 fnt\n|faint|p1a: Sylveon\n|\n|-weather|RainDance|[upkeep]\n|-heal|p1b: Sableye|19/100|[from] item: Leftovers\n|-heal|p2b: Archaludon|41/100 par|[from] item: Leftovers\n|upkeep\n|\n|t:|1776048941\n|switch|p1a: Starmie|Starmie-Mega, L50|67/100\n|turn|8\n|\n|t:|1776048949\n|move|p2a: Sableye|Quash|p1a: Starmie\n|-activate|p1a: Starmie|move: Quash\n|move|p1b: Sableye|Rain Dance||[still]\n|-fail|p1b: Sableye\n|move|p2b: Archaludon|Electro Shot||[still]\n|-prepare|p2b: Archaludon|Electro Shot\n|-boost|p2b: Archaludon|spa|1\n|-anim|p2b: Archaludon|Electro Shot|p1a: Starmie\n|-supereffective|p1a: Starmie|1\n|-damage|p1a: Starmie|0 fnt\n|faint|p1a: Starmie\n|\n|-weather|RainDance|[upkeep]\n|-heal|p1b: Sableye|25/100|[from] item: Leftovers\n|-heal|p2b: Archaludon|47/100 par|[from] item: Leftovers\n|upkeep\n|turn|9\n|c|\u2606jimmythunder|gg\n|-message|jimmythunder forfeited.\n|\n|win|taotietsu\n|raw|jimmythunder's rating: 1099 &rarr; <strong>1070</strong><br />(-29 for losing)\n|raw|taotietsu's rating: 1044 &rarr; <strong>1083</strong><br />(+39 for winning)\n|l|\u2606jimmythunder\n|player|p1|\n",
  "uploadtime": 1776048971,
  "views": 11,
  "formatid": "gen9championsvgc2026regma",
  "rating": 1070,
  "private": 0,
  "password": null
}