{
  "id": "gen9championsvgc2026regma-2581632828",
  "format": "[Gen 9 Champions] VGC 2026 Reg M-A",
  "players": [
    "thc_byakugan",
    "PardiniNM1"
  ],
  "log": "|j|\u2606thc_byakugan\n|j|\u2606PardiniNM1\n|t:|1776016649\n|gametype|doubles\n|player|p1|thc_byakugan|dancer|1113\n|player|p2|PardiniNM1|backpacker|1040\n|gen|9\n|tier|[Gen 9 Champions] VGC 2026 Reg M-A\n|rated|\n|rule|Species Clause: Limit one of each Pok\u00e9mon\n|rule|Item Clause: Limit 1 of each item\n|clearpoke\n|poke|p1|Garchomp, L50, F|\n|poke|p1|Salazzle, L50, F|\n|poke|p1|Venusaur, L50, F|\n|poke|p1|Pangoro, L50, M|\n|poke|p1|Bellibolt, L50, M|\n|poke|p1|Mimikyu, L50, F|\n|poke|p2|Pelipper, L50, M|\n|poke|p2|Basculegion, L50, M|\n|poke|p2|Sinistcha, L50|\n|poke|p2|Archaludon, L50, F|\n|poke|p2|Dragonite, L50, F|\n|poke|p2|Incineroar, L50, F|\n|teampreview|4\n|\n|t:|1776016715\n|teamsize|p1|4\n|teamsize|p2|4\n|start\n|switch|p1a: Bellibolt|Bellibolt, L50, M|100/100\n|switch|p1b: Venusaur|Venusaur, L50, F|100/100\n|switch|p2a: Pelippone|Pelipper, L50, M, shiny|100/100\n|switch|p2b: Sinistcha|Sinistcha, L50|100/100\n|-weather|RainDance|[from] ability: Drizzle|[of] p2a: Pelippone\n|turn|1\n|\n|t:|1776016739\n|move|p2b: Sinistcha|Rage Powder|p2b: Sinistcha\n|-singleturn|p2b: Sinistcha|move: Rage Powder\n|move|p2a: Pelippone|Tailwind|p2a: Pelippone\n|-sidestart|p2: PardiniNM1|move: Tailwind\n|move|p1b: Venusaur|Sleep Powder|p2a: Pelippone\n|-status|p2a: Pelippone|slp|[from] move: Sleep Powder\n|move|p1a: Bellibolt|Charge|p1a: Bellibolt\n|-boost|p1a: Bellibolt|spd|1\n|-start|p1a: Bellibolt|Charge\n|\n|-weather|RainDance|[upkeep]\n|upkeep\n|turn|2\n|\n|t:|1776016785\n|switch|p2b: Archaludon|Archaludon, L50, F|100/100\n|cant|p2a: Pelippone|slp\n|move|p1b: Venusaur|Sludge Bomb|p2b: Archaludon\n|-immune|p2b: Archaludon\n|move|p1a: Bellibolt|Thunderbolt|p2b: Archaludon\n|-resisted|p2b: Archaludon|1\n|-damage|p2b: Archaludon|51/100\n|-ability|p2b: Archaludon|Stamina|boost\n|-boost|p2b: Archaludon|def|1\n|-end|p1a: Bellibolt|Charge|[silent]\n|\n|-weather|RainDance|[upkeep]\n|-heal|p2b: Archaludon|57/100|[from] item: Leftovers\n|upkeep\n|turn|3\n|\n|t:|1776016812\n|cant|p2a: Pelippone|slp\n|move|p2b: Archaludon|Flash Cannon|p1a: Bellibolt\n|-resisted|p1a: Bellibolt|1\n|-damage|p1a: Bellibolt|87/100\n|-start|p1a: Bellibolt|Charge|Flash Cannon|[from] ability: Electromorphosis\n|move|p1b: Venusaur|Leech Seed|p2a: Pelippone\n|-start|p2a: Pelippone|move: Leech Seed\n|move|p1a: Bellibolt|Charge|p1a: Bellibolt\n|-boost|p1a: Bellibolt|spd|1\n|-start|p1a: Bellibolt|Charge\n|\n|-weather|RainDance|[upkeep]\n|-heal|p2b: Archaludon|64/100|[from] item: Leftovers\n|-damage|p2a: Pelippone|88/100 slp|[from] Leech Seed|[of] p1b: Venusaur\n|upkeep\n|turn|4\n|\n|t:|1776016877\n|switch|p2a: Dragonite|Dragonite, L50, F, shiny|100/100\n|move|p2b: Archaludon|Flash Cannon|p1a: Bellibolt\n|-resisted|p1a: Bellibolt|1\n|-damage|p1a: Bellibolt|77/100\n|-start|p1a: Bellibolt|Charge|Flash Cannon|[from] ability: Electromorphosis\n|move|p1b: Venusaur|Leech Seed|p2b: Archaludon\n|-start|p2b: Archaludon|move: Leech Seed\n|move|p1a: Bellibolt|Thunderbolt|p2a: Dragonite\n|-damage|p2a: Dragonite|66/100\n|-end|p1a: Bellibolt|Charge|[silent]\n|\n|-weather|RainDance|[upkeep]\n|-heal|p2b: Archaludon|70/100|[from] item: Leftovers\n|-damage|p2b: Archaludon|57/100|[from] Leech Seed|[of] p1b: Venusaur\n|-sideend|p2: PardiniNM1|move: Tailwind\n|upkeep\n|turn|5\n|\n|t:|1776016922\n|switch|p2a: Pelippone|Pelipper, L50, M, shiny|88/100 slp\n|move|p2b: Archaludon|Draco Meteor|p1b: Venusaur\n|-damage|p1b: Venusaur|51/100\n|-unboost|p2b: Archaludon|spa|2\n|move|p1b: Venusaur|Sleep Powder|p2a: Pelippone|[miss]\n|-miss|p1b: Venusaur|p2a: Pelippone\n|move|p1a: Bellibolt|Thunderbolt|p2a: Pelippone\n|-supereffective|p2a: Pelippone|2\n|-damage|p2a: Pelippone|0 fnt\n|faint|p2a: Pelippone\n|\n|-weather|none\n|-heal|p2b: Archaludon|64/100|[from] item: Leftovers\n|-heal|p1b: Venusaur|57/100|[from] item: Leftovers\n|-damage|p2b: Archaludon|51/100|[from] Leech Seed|[of] p1b: Venusaur\n|-heal|p1b: Venusaur|67/100|[silent]\n|upkeep\n|\n|t:|1776016937\n|switch|p2a: Sinistcha|Sinistcha, L50|100/100\n|-heal|p2b: Archaludon|76/100|[from] ability: Hospitality|[of] p2a: Sinistcha\n|turn|6\n|\n|t:|1776016966\n|switch|p2b: Dragonite|Dragonite, L50, F, shiny|66/100\n|move|p1b: Venusaur|Protect|p1b: Venusaur\n|-singleturn|p1b: Venusaur|Protect\n|move|p2a: Sinistcha|Matcha Gotcha|p1b: Venusaur|[spread] p1a\n|-activate|p1b: Venusaur|move: Protect\n|-damage|p1a: Bellibolt|64/100\n|-status|p1a: Bellibolt|brn\n|-start|p1a: Bellibolt|Charge|Matcha Gotcha|[from] ability: Electromorphosis\n|move|p1a: Bellibolt|Thunderbolt|p2b: Dragonite\n|-damage|p2b: Dragonite|0 fnt\n|faint|p2b: Dragonite\n|-end|p1a: Bellibolt|Charge|[silent]\n|\n|-heal|p1b: Venusaur|73/100|[from] item: Leftovers\n|-damage|p1a: Bellibolt|58/100 brn|[from] brn\n|upkeep\n|\n|t:|1776016981\n|switch|p2b: Archaludon|Archaludon, L50, F|76/100\n|turn|7\n|\n|t:|1776017024\n|move|p2b: Archaludon|Protect|p2b: Archaludon\n|-singleturn|p2b: Archaludon|Protect\n|move|p1b: Venusaur|Sleep Powder|p2b: Archaludon\n|-activate|p2b: Archaludon|move: Protect\n|move|p2a: Sinistcha|Matcha Gotcha|p1b: Venusaur|[spread] p1a\n|-miss|p2a: Sinistcha|p1b: Venusaur\n|-damage|p1a: Bellibolt|47/100 brn\n|-start|p1a: Bellibolt|Charge|Matcha Gotcha|[from] ability: Electromorphosis\n|move|p1a: Bellibolt|Slack Off|p1a: Bellibolt\n|-heal|p1a: Bellibolt|97/100 brn\n|\n|-heal|p2b: Archaludon|82/100|[from] item: Leftovers\n|-heal|p1b: Venusaur|79/100|[from] item: Leftovers\n|-damage|p1a: Bellibolt|91/100 brn|[from] brn\n|upkeep\n|turn|8\n|\n|t:|1776017085\n|move|p2b: Archaludon|Draco Meteor|p1a: Bellibolt\n|-damage|p1a: Bellibolt|54/100 brn\n|-unboost|p2b: Archaludon|spa|2\n|-start|p1a: Bellibolt|Charge|Draco Meteor|[from] ability: Electromorphosis\n|move|p1b: Venusaur|Sleep Powder|p2b: Archaludon|[miss]\n|-miss|p1b: Venusaur|p2b: Archaludon\n|move|p2a: Sinistcha|Energy Ball|p1a: Bellibolt\n|-damage|p1a: Bellibolt|35/100 brn\n|-start|p1a: Bellibolt|Charge|Energy Ball|[from] ability: Electromorphosis\n|move|p1a: Bellibolt|Thunderbolt|p2a: Sinistcha\n|-resisted|p2a: Sinistcha|1\n|-damage|p2a: Sinistcha|63/100\n|-end|p1a: Bellibolt|Charge|[silent]\n|\n|-heal|p2b: Archaludon|88/100|[from] item: Leftovers\n|-heal|p1b: Venusaur|85/100|[from] item: Leftovers\n|-damage|p1a: Bellibolt|29/100 brn|[from] brn\n|upkeep\n|turn|9\n|\n|t:|1776017124\n|move|p2b: Archaludon|Draco Meteor|p1a: Bellibolt\n|-damage|p1a: Bellibolt|12/100 brn\n|-unboost|p2b: Archaludon|spa|2\n|-start|p1a: Bellibolt|Charge|Draco Meteor|[from] ability: Electromorphosis\n|move|p1b: Venusaur|Sleep Powder|p2b: Archaludon\n|-status|p2b: Archaludon|slp|[from] move: Sleep Powder\n|move|p2a: Sinistcha|Matcha Gotcha|p1a: Bellibolt|[spread] p1a,p1b\n|-resisted|p1b: Venusaur|2\n|-damage|p1a: Bellibolt|0 fnt\n|-heal|p2a: Sinistcha|71/100|[from] drain|[of] p1a: Bellibolt\n|-damage|p1b: Venusaur|81/100\n|-heal|p2a: Sinistcha|73/100|[from] drain|[of] p1b: Venusaur\n|faint|p1a: Bellibolt\n|\n|-heal|p2b: Archaludon|94/100 slp|[from] item: Leftovers\n|-heal|p1b: Venusaur|87/100|[from] item: Leftovers\n|upkeep\n|\n|t:|1776017149\n|switch|p1a: Pangoro|Pangoro, L50, M|100/100\n|turn|10\n|\n|t:|1776017168\n|cant|p2b: Archaludon|slp\n|move|p1b: Venusaur|Leech Seed|p2b: Archaludon\n|-start|p2b: Archaludon|move: Leech Seed\n|move|p2a: Sinistcha|Matcha Gotcha|p1a: Pangoro|[spread] p1a,p1b\n|-resisted|p1b: Venusaur|2\n|-damage|p1a: Pangoro|74/100\n|-heal|p2a: Sinistcha|88/100|[from] drain|[of] p1a: Pangoro\n|-damage|p1b: Venusaur|83/100\n|-heal|p2a: Sinistcha|91/100|[from] drain|[of] p1b: Venusaur\n|move|p1a: Pangoro|Drain Punch|p2a: Sinistcha\n|-damage|p2a: Sinistcha|55/100\n|-heal|p1a: Pangoro|90/100|[from] drain|[of] p2a: Sinistcha\n|\n|-heal|p2b: Archaludon|100/100 slp|[from] item: Leftovers\n|-heal|p1b: Venusaur|89/100|[from] item: Leftovers\n|-damage|p2b: Archaludon|88/100 slp|[from] Leech Seed|[of] p1b: Venusaur\n|-heal|p1b: Venusaur|99/100|[silent]\n|upkeep\n|turn|11\n|\n|t:|1776017197\n|cant|p2b: Archaludon|slp\n|move|p1b: Venusaur|Sludge Bomb|p2a: Sinistcha\n|-damage|p2a: Sinistcha|22/100\n|-status|p2a: Sinistcha|psn\n|move|p2a: Sinistcha|Matcha Gotcha|p1b: Venusaur|[spread] p1a,p1b\n|-resisted|p1b: Venusaur|2\n|-damage|p1a: Pangoro|61/100\n|-heal|p2a: Sinistcha|39/100 psn|[from] drain|[of] p1a: Pangoro\n|-damage|p1b: Venusaur|96/100\n|-heal|p2a: Sinistcha|41/100 psn|[from] drain|[of] p1b: Venusaur\n|-status|p1a: Pangoro|brn\n|-enditem|p1a: Pangoro|Lum Berry|[eat]\n|-curestatus|p1a: Pangoro|brn|[msg]\n|move|p1a: Pangoro|Drain Punch|p2b: Archaludon\n|-supereffective|p2b: Archaludon|1\n|-damage|p2b: Archaludon|23/100 slp\n|-heal|p1a: Pangoro|88/100|[from] drain|[of] p2b: Archaludon\n|-ability|p2b: Archaludon|Stamina|boost\n|-boost|p2b: Archaludon|def|1\n|\n|-heal|p2b: Archaludon|29/100 slp|[from] item: Leftovers\n|-heal|p1b: Venusaur|100/100|[from] item: Leftovers\n|-damage|p2b: Archaludon|17/100 slp|[from] Leech Seed|[of] p1b: Venusaur\n|-damage|p2a: Sinistcha|29/100 psn|[from] psn\n|upkeep\n|turn|12\n|\n|t:|1776017233\n|-curestatus|p2b: Archaludon|slp|[msg]\n|move|p2b: Archaludon|Protect|p2b: Archaludon\n|-singleturn|p2b: Archaludon|Protect\n|move|p1b: Venusaur|Protect|p1b: Venusaur\n|-singleturn|p1b: Venusaur|Protect\n|move|p2a: Sinistcha|Matcha Gotcha|p1b: Venusaur|[spread] p1a\n|-activate|p1b: Venusaur|move: Protect\n|-damage|p1a: Pangoro|61/100\n|-heal|p2a: Sinistcha|45/100 psn|[from] drain|[of] p1a: Pangoro\n|move|p1a: Pangoro|Drain Punch|p2b: Archaludon\n|-activate|p2b: Archaludon|move: Protect\n|\n|-heal|p2b: Archaludon|23/100|[from] item: Leftovers\n|-damage|p2b: Archaludon|11/100|[from] Leech Seed|[of] p1b: Venusaur\n|-damage|p2a: Sinistcha|33/100 psn|[from] psn\n|upkeep\n|turn|13\n|inactive|Battle timer is ON: inactive players will automatically lose when time's up. (requested by thc_byakugan)\n|\n|t:|1776017309\n|move|p2b: Archaludon|Electro Shot||[still]\n|-prepare|p2b: Archaludon|Electro Shot\n|-boost|p2b: Archaludon|spa|1\n|move|p1b: Venusaur|Sleep Powder|p2b: Archaludon\n|-status|p2b: Archaludon|slp|[from] move: Sleep Powder\n|move|p2a: Sinistcha|Matcha Gotcha|p1b: Venusaur|[spread] p1a\n|-miss|p2a: Sinistcha|p1b: Venusaur\n|-damage|p1a: Pangoro|35/100\n|-heal|p2a: Sinistcha|48/100 psn|[from] drain|[of] p1a: Pangoro\n|move|p1a: Pangoro|Knock Off|p2a: Sinistcha\n|-supereffective|p2a: Sinistcha|1\n|-damage|p2a: Sinistcha|0 fnt\n|-enditem|p2a: Sinistcha|Chople Berry|[from] move: Knock Off|[of] p1a: Pangoro\n|faint|p2a: Sinistcha\n|\n|-heal|p2b: Archaludon|17/100 slp|[from] item: Leftovers\n|-damage|p2b: Archaludon|5/100 slp|[from] Leech Seed|[of] p1b: Venusaur\n|upkeep\n|turn|14\n|inactive|thc_byakugan has 30 seconds left.\n|inactive|PardiniNM1 has 30 seconds left.\n|inactive|PardiniNM1 has 20 seconds left.\n|inactive|PardiniNM1 has 15 seconds left.\n|\n|t:|1776017354\n|move|p1b: Venusaur|Protect|p1b: Venusaur\n|-singleturn|p1b: Venusaur|Protect\n|cant|p2b: Archaludon|slp\n|move|p1a: Pangoro|Drain Punch|p2b: Archaludon\n|-supereffective|p2b: Archaludon|1\n|-damage|p2b: Archaludon|0 fnt\n|-heal|p1a: Pangoro|37/100|[from] drain|[of] p2b: Archaludon\n|faint|p2b: Archaludon\n|\n|win|thc_byakugan\n|raw|thc_byakugan's rating: 1113 &rarr; <strong>1133</strong><br />(+20 for winning)\n|raw|PardiniNM1's rating: 1040 &rarr; <strong>1027</strong><br />(-13 for losing)\n|l|\u2606PardiniNM1\n|player|p2|\n",
  "uploadtime": 1776017368,
  "views": 21,
  "formatid": "gen9championsvgc2026regma",
  "rating": 1027,
  "private": 0,
  "password": null
}