{
  "id": "gen9championsvgc2026regma-2585820909",
  "format": "[Gen 9 Champions] VGC 2026 Reg M-A",
  "players": [
    "DragoX100",
    "TacoDad"
  ],
  "log": "|j|\u2606DragoX100\n|j|\u2606TacoDad\n|t:|1776373102\n|gametype|doubles\n|player|p1|DragoX100|ninjaboy|1230\n|player|p2|TacoDad|265|1300\n|gen|9\n|tier|[Gen 9 Champions] VGC 2026 Reg M-A\n|rated|\n|rule|Species Clause: Limit one of each Pok\u00e9mon\n|rule|Item Clause: Limit 1 of each item\n|clearpoke\n|poke|p1|Charizard, L50, F|\n|poke|p1|Garchomp, L50, M|\n|poke|p1|Venusaur, L50, M|\n|poke|p1|Incineroar, L50, M|\n|poke|p1|Rotom-Wash, L50|\n|poke|p1|Sneasler, L50, M|\n|poke|p2|Charizard, L50, F|\n|poke|p2|Sneasler, L50, F|\n|poke|p2|Aerodactyl, L50, F|\n|poke|p2|Aegislash, L50, M|\n|poke|p2|Milotic, L50, F|\n|poke|p2|Sinistcha, L50|\n|teampreview|4\n|inactive|Battle timer is ON: inactive players will automatically lose when time's up. (requested by DragoX100)\n|\n|t:|1776373134\n|teamsize|p1|4\n|teamsize|p2|4\n|start\n|switch|p1a: Sneasler|Sneasler, L50, M|100/100\n|switch|p1b: Charizard|Charizard, L50, F|100/100\n|switch|p2a: Aerodactyl|Aerodactyl, L50, F|100/100\n|switch|p2b: Charizard|Charizard, L50, F|100/100\n|-ability|p2a: Aerodactyl|Unnerve\n|turn|1\n|inactive|TacoDad has 30 seconds left.\n|\n|t:|1776373164\n|switch|p1b: Garchomp|Garchomp, L50, M|100/100\n|switch|p2b: Aegislash|Aegislash, L50, M|100/100\n|move|p1a: Sneasler|Fake Out|p2a: Aerodactyl\n|-resisted|p2a: Aerodactyl|1\n|-damage|p2a: Aerodactyl|90/100\n|cant|p2a: Aerodactyl|flinch\n|\n|upkeep\n|turn|2\n|inactive|TacoDad has 30 seconds left.\n|inactive|TacoDad has 20 seconds left.\n|\n|t:|1776373201\n|move|p1b: Garchomp|Rock Slide|p2b: Aegislash|[spread] p2a,p2b\n|-supereffective|p2a: Aerodactyl|1\n|-resisted|p2b: Aegislash|1\n|-damage|p2a: Aerodactyl|23/100\n|-damage|p2b: Aegislash|93/100\n|move|p2a: Aerodactyl|Tailwind|p2a: Aerodactyl\n|-sidestart|p2: TacoDad|move: Tailwind\n|move|p1a: Sneasler|Rock Tomb|p2a: Aerodactyl\n|-supereffective|p2a: Aerodactyl|1\n|-damage|p2a: Aerodactyl|0 fnt\n|faint|p2a: Aerodactyl\n|cant|p2b: Aegislash|flinch\n|\n|upkeep\n|\n|t:|1776373215\n|switch|p2a: Charizard|Charizard, L50, F|100/100\n|turn|3\n|\n|t:|1776373233\n|switch|p1a: Charizard|Charizard, L50, F|100/100\n|detailschange|p2a: Charizard|Charizard-Mega-X, L50, F\n|-mega|p2a: Charizard|Charizard|Charizardite X\n|move|p2a: Charizard|Dragon Claw|p1b: Garchomp\n|-supereffective|p1b: Garchomp|1\n|-damage|p1b: Garchomp|0 fnt\n|-damage|p2a: Charizard|88/100|[from] ability: Rough Skin|[of] p1b: Garchomp\n|faint|p1b: Garchomp\n|-formechange|p2b: Aegislash|Aegislash-Blade|\n|move|p2b: Aegislash|Flash Cannon|p1a: Charizard\n|-resisted|p1a: Charizard|1\n|-damage|p1a: Charizard|62/100\n|-unboost|p1a: Charizard|spd|1\n|\n|upkeep\n|\n|t:|1776373242\n|switch|p1b: Sneasler|Sneasler, L50, M|100/100\n|turn|4\n|\n|t:|1776373260\n|detailschange|p1a: Charizard|Charizard-Mega-Y, L50, F\n|-mega|p1a: Charizard|Charizard|Charizardite Y\n|-weather|SunnyDay|[from] ability: Drought|[of] p1a: Charizard\n|move|p2a: Charizard|Protect|p2a: Charizard\n|-singleturn|p2a: Charizard|Protect\n|move|p1b: Sneasler|Fake Out|p2a: Charizard\n|-activate|p2a: Charizard|move: Protect\n|move|p1a: Charizard|Heat Wave|p2a: Charizard|[spread] p2b\n|-activate|p2a: Charizard|move: Protect\n|-supereffective|p2b: Aegislash|1\n|-damage|p2b: Aegislash|0 fnt\n|faint|p2b: Aegislash\n|\n|-weather|SunnyDay|[upkeep]\n|upkeep\n|\n|t:|1776373275\n|switch|p2b: Sneasler|Sneasler, L50, F|100/100\n|turn|5\n|\n|t:|1776373296\n|move|p1a: Charizard|Protect|p1a: Charizard\n|-singleturn|p1a: Charizard|Protect\n|move|p2b: Sneasler|Dire Claw|p1a: Charizard\n|-activate|p1a: Charizard|move: Protect\n|move|p2a: Charizard|Dragon Claw|p1b: Sneasler\n|-damage|p1b: Sneasler|11/100\n|move|p1b: Sneasler|Rock Tomb|p2a: Charizard\n|-supereffective|p2a: Charizard|1\n|-damage|p2a: Charizard|45/100\n|-unboost|p2a: Charizard|spe|1\n|\n|-weather|SunnyDay|[upkeep]\n|-sideend|p2: TacoDad|move: Tailwind\n|upkeep\n|turn|6\n|inactive|DragoX100 has 30 seconds left.\n|inactive|DragoX100 has 20 seconds left.\n|inactive|DragoX100 has 15 seconds left.\n|inactive|DragoX100 has 10 seconds left.\n|\n|t:|1776373344\n|move|p2a: Charizard|Protect|p2a: Charizard\n|-singleturn|p2a: Charizard|Protect\n|move|p1b: Sneasler|Close Combat|p2a: Charizard\n|-activate|p2a: Charizard|move: Protect\n|move|p2b: Sneasler|Dire Claw|p1a: Charizard\n|-damage|p1a: Charizard|0 fnt\n|faint|p1a: Charizard\n|\n|-weather|SunnyDay|[upkeep]\n|upkeep\n|\n|t:|1776373346\n|switch|p1a: Venusaur|Venusaur, L50, M|100/100\n|turn|7\n|\n|t:|1776373370\n|move|p2a: Charizard|Protect|p2a: Charizard\n|-singleturn|p2a: Charizard|Protect\n|move|p1a: Venusaur|Sleep Powder|p2b: Sneasler\n|-status|p2b: Sneasler|slp|[from] move: Sleep Powder\n|move|p1b: Sneasler|Close Combat|p2a: Charizard\n|-activate|p2a: Charizard|move: Protect\n|cant|p2b: Sneasler|slp\n|\n|-weather|SunnyDay|[upkeep]\n|upkeep\n|turn|8\n|\n|t:|1776373386\n|move|p1a: Venusaur|Sludge Bomb|p2a: Charizard\n|-damage|p2a: Charizard|0 fnt\n|faint|p2a: Charizard\n|move|p1b: Sneasler|Close Combat|p2b: Sneasler\n|-resisted|p2b: Sneasler|1\n|-damage|p2b: Sneasler|51/100 slp\n|-unboost|p1b: Sneasler|def|1\n|-unboost|p1b: Sneasler|spd|1\n|-enditem|p1b: Sneasler|White Herb\n|-clearnegativeboost|p1b: Sneasler|[silent]\n|-curestatus|p2b: Sneasler|slp|[msg]\n|move|p2b: Sneasler|Dire Claw|p1b: Sneasler\n|-resisted|p1b: Sneasler|1\n|-damage|p1b: Sneasler|0 fnt\n|faint|p1b: Sneasler\n|\n|-weather|none\n|upkeep\n|turn|9\n|\n|t:|1776373406\n|move|p2b: Sneasler|Dire Claw|p1a: Venusaur\n|-damage|p1a: Venusaur|36/100\n|-status|p1a: Venusaur|slp\n|cant|p1a: Venusaur|slp\n|\n|upkeep\n|turn|10\n|c|\u2606TacoDad|Woooowww\n|-message|DragoX100 forfeited.\n|\n|win|TacoDad\n|raw|DragoX100's rating: 1230 &rarr; <strong>1210</strong><br />(-20 for losing)\n|raw|TacoDad's rating: 1300 &rarr; <strong>1320</strong><br />(+20 for winning)\n|l|\u2606DragoX100\n|player|p1|\n|c|\u2606TacoDad|Gg sorry\n",
  "uploadtime": 1776373442,
  "views": 57,
  "formatid": "gen9championsvgc2026regma",
  "rating": 1210,
  "private": 0,
  "password": null
}