{
  "id": "gen9championsvgc2026regma-2586832893",
  "format": "[Gen 9 Champions] VGC 2026 Reg M-A",
  "players": [
    "arashizzz",
    "MegaAuraMaxxing"
  ],
  "log": "|j|\u203darashizzz\n|j|\u2606MegaAuraMaxxing\n|t:|1776463688\n|gametype|doubles\n|player|p1|arashizzz|veteran-gen4|1173\n|player|p2|MegaAuraMaxxing|red|1184\n|gen|9\n|tier|[Gen 9 Champions] VGC 2026 Reg M-A\n|rated|\n|rule|Species Clause: Limit one of each Pok\u00e9mon\n|rule|Item Clause: Limit 1 of each item\n|clearpoke\n|poke|p1|Rotom-Heat, L50|\n|poke|p1|Floette-Eternal, L50, F|\n|poke|p1|Garchomp, L50, M|\n|poke|p1|Aegislash, L50, M|\n|poke|p1|Talonflame, L50, F|\n|poke|p1|Incineroar, L50, F|\n|poke|p2|Gengar, L50, F|\n|poke|p2|Lucario, L50, M|\n|poke|p2|Tyranitar, L50, F|\n|poke|p2|Rotom-Wash, L50|\n|poke|p2|Corviknight, L50, F|\n|poke|p2|Clefable, L50, F|\n|teampreview|4\n|\n|t:|1776463719\n|teamsize|p1|4\n|teamsize|p2|4\n|start\n|switch|p1a: Floette|Floette-Eternal, L50, F, shiny|100/100\n|switch|p1b: Rotom|Rotom-Heat, L50|100/100\n|switch|p2a: Gengar|Gengar, L50, F|100/100\n|switch|p2b: Tyranitar|Tyranitar, L50, F|100/100\n|-weather|Sandstorm|[from] ability: Sand Stream|[of] p2b: Tyranitar\n|turn|1\n|\n|t:|1776463749\n|detailschange|p2a: Gengar|Gengar-Mega, L50, F\n|-mega|p2a: Gengar|Gengar|Gengarite\n|detailschange|p1a: Floette|Floette-Mega, L50, F, shiny\n|-mega|p1a: Floette|Floette|Floettite\n|-ability|p1a: Floette|Fairy Aura\n|move|p2a: Gengar|Protect|p2a: Gengar\n|-singleturn|p2a: Gengar|Protect\n|move|p1a: Floette|Protect|p1a: Floette\n|-singleturn|p1a: Floette|Protect\n|move|p1b: Rotom|Will-O-Wisp|p2b: Tyranitar\n|-status|p2b: Tyranitar|brn\n|move|p2b: Tyranitar|Rock Slide|p1a: Floette|[spread] p1b\n|-activate|p1a: Floette|move: Protect\n|-supereffective|p1b: Rotom|1\n|-damage|p1b: Rotom|71/100\n|\n|-weather|Sandstorm|[upkeep]\n|-damage|p2a: Gengar|95/100|[from] Sandstorm\n|-damage|p1a: Floette|94/100|[from] Sandstorm\n|-damage|p1b: Rotom|65/100|[from] Sandstorm\n|-damage|p2b: Tyranitar|95/100 brn|[from] brn\n|upkeep\n|turn|2\n|\n|t:|1776463779\n|move|p2a: Gengar|Sludge Bomb|p1a: Floette\n|-supereffective|p1a: Floette|1\n|-damage|p1a: Floette|9/100\n|move|p1a: Floette|Moonblast|p2b: Tyranitar\n|-supereffective|p2b: Tyranitar|1\n|-damage|p2b: Tyranitar|4/100 brn\n|move|p1b: Rotom|Thunderbolt|p2a: Gengar\n|-damage|p2a: Gengar|46/100\n|move|p2b: Tyranitar|Rock Slide|p1a: Floette|[spread] p1a,p1b\n|-supereffective|p1b: Rotom|1\n|-damage|p1a: Floette|0 fnt\n|-damage|p1b: Rotom|33/100\n|-enditem|p1b: Rotom|Sitrus Berry|[eat]\n|-heal|p1b: Rotom|58/100|[from] item: Sitrus Berry\n|faint|p1a: Floette\n|\n|-weather|Sandstorm|[upkeep]\n|-damage|p2a: Gengar|40/100|[from] Sandstorm\n|-damage|p1b: Rotom|52/100|[from] Sandstorm\n|-damage|p2b: Tyranitar|0 fnt|[from] brn\n|faint|p2b: Tyranitar\n|upkeep\n|\n|t:|1776463792\n|switch|p1a: Garchomp|Garchomp, L50, M, shiny|100/100\n|switch|p2b: Corviknight|Corviknight, L50, F|100/100\n|turn|3\n|\n|t:|1776463808\n|move|p2a: Gengar|Sludge Bomb|p1b: Rotom\n|-damage|p1b: Rotom|0 fnt\n|faint|p1b: Rotom\n|move|p1a: Garchomp|Earthquake|p2b: Corviknight|[spread] p2a\n|-immune|p2b: Corviknight\n|-supereffective|p2a: Gengar|1\n|-damage|p2a: Gengar|0 fnt\n|faint|p2a: Gengar\n|move|p2b: Corviknight|Iron Defense|p2b: Corviknight\n|-boost|p2b: Corviknight|def|2\n|\n|-weather|Sandstorm|[upkeep]\n|upkeep\n|\n|t:|1776463813\n|switch|p2a: Lucario|Lucario, L50, M|100/100\n|switch|p1b: Aegislash|Aegislash, L50, M, shiny|100/100\n|turn|4\n|\n|t:|1776463836\n|move|p2a: Lucario|Protect|p2a: Lucario\n|-singleturn|p2a: Lucario|Protect\n|move|p1a: Garchomp|Earthquake|p2b: Corviknight|[spread] p1b\n|-activate|p2a: Lucario|move: Protect\n|-immune|p2b: Corviknight\n|-supereffective|p1b: Aegislash|1\n|-damage|p1b: Aegislash|31/100\n|move|p2b: Corviknight|Iron Defense|p2b: Corviknight\n|-boost|p2b: Corviknight|def|2\n|-formechange|p1b: Aegislash|Aegislash-Blade|\n|move|p1b: Aegislash|Poltergeist|p2b: Corviknight\n|-activate|p2b: Corviknight|move: Poltergeist|Leftovers\n|-damage|p2b: Corviknight|76/100\n|\n|-weather|Sandstorm|[upkeep]\n|-heal|p2b: Corviknight|82/100|[from] item: Leftovers\n|upkeep\n|turn|5\n|\n|t:|1776463856\n|-formechange|p1b: Aegislash|Aegislash|\n|move|p1b: Aegislash|King's Shield|p1b: Aegislash\n|-singleturn|p1b: Aegislash|Protect\n|move|p2a: Lucario|Meteor Mash|p1a: Garchomp\n|-damage|p1a: Garchomp|63/100\n|-boost|p2a: Lucario|atk|1\n|-damage|p2a: Lucario|88/100|[from] ability: Rough Skin|[of] p1a: Garchomp\n|move|p1a: Garchomp|Rock Slide|p2b: Corviknight|[spread] p2a,p2b\n|-resisted|p2a: Lucario|2\n|-damage|p2a: Lucario|80/100\n|-damage|p2b: Corviknight|75/100\n|move|p2b: Corviknight|Brave Bird|p1b: Aegislash\n|-activate|p1b: Aegislash|move: Protect\n|-ability|p2b: Corviknight|Mirror Armor\n|-unboost|p1b: Aegislash|atk|1\n|\n|-weather|none\n|-heal|p2b: Corviknight|81/100|[from] item: Leftovers\n|upkeep\n|turn|6\n|\n|t:|1776463883\n|move|p2a: Lucario|Protect|p2a: Lucario\n|-singleturn|p2a: Lucario|Protect\n|move|p1a: Garchomp|Rock Slide|p2b: Corviknight|[spread] p2b\n|-activate|p2a: Lucario|move: Protect\n|-damage|p2b: Corviknight|75/100\n|cant|p2b: Corviknight|flinch\n|-formechange|p1b: Aegislash|Aegislash-Blade|\n|move|p1b: Aegislash|Poltergeist|p2a: Lucario\n|-activate|p2a: Lucario|move: Protect\n|\n|-heal|p2b: Corviknight|81/100|[from] item: Leftovers\n|upkeep\n|turn|7\n|\n|t:|1776463901\n|move|p2a: Lucario|Bullet Punch|p1a: Garchomp\n|-damage|p1a: Garchomp|35/100\n|-damage|p2a: Lucario|68/100|[from] ability: Rough Skin|[of] p1a: Garchomp\n|move|p1a: Garchomp|Rock Slide|p2b: Corviknight|[spread] p2a,p2b\n|-resisted|p2a: Lucario|2\n|-damage|p2a: Lucario|60/100\n|-damage|p2b: Corviknight|75/100\n|move|p2b: Corviknight|Body Press|p1a: Garchomp\n|-damage|p1a: Garchomp|0 fnt\n|-damage|p2b: Corviknight|63/100|[from] ability: Rough Skin|[of] p1a: Garchomp\n|faint|p1a: Garchomp\n|move|p1b: Aegislash|Poltergeist|p2a: Lucario|[miss]\n|-miss|p1b: Aegislash|p2a: Lucario\n|\n|-heal|p2b: Corviknight|69/100|[from] item: Leftovers\n|upkeep\n|turn|8\n|-message|arashizzz forfeited.\n|\n|win|MegaAuraMaxxing\n|raw|arashizzz's rating: 1173 &rarr; <strong>1149</strong><br />(-24 for losing)\n|raw|MegaAuraMaxxing's rating: 1184 &rarr; <strong>1208</strong><br />(+24 for winning)\n|l|\u203darashizzz\n|player|p1|\n",
  "uploadtime": 1776463924,
  "views": 23,
  "formatid": "gen9championsvgc2026regma",
  "rating": 1149,
  "private": 0,
  "password": null
}