{
  "id": "gen9championsvgc2026regma-2584706991",
  "format": "[Gen 9 Champions] VGC 2026 Reg M-A",
  "players": [
    "cabrino",
    "Murphy's kitchen"
  ],
  "log": "|j|\u2606cabrino\n|j|\u2606Murphy's kitchen\n|t:|1776278095\n|gametype|doubles\n|player|p1|cabrino|depotagent|1612\n|player|p2|Murphy's kitchen|102|1525\n|gen|9\n|tier|[Gen 9 Champions] VGC 2026 Reg M-A\n|rated|\n|rule|Species Clause: Limit one of each Pok\u00e9mon\n|rule|Item Clause: Limit 1 of each item\n|clearpoke\n|poke|p1|Aerodactyl, L50, F|\n|poke|p1|Sneasler, L50, M|\n|poke|p1|Kingambit, L50, M|\n|poke|p1|Floette-Eternal, L50, F|\n|poke|p1|Garchomp, L50, F|\n|poke|p1|Farigiraf, L50, M|\n|poke|p2|Basculegion, L50, M|\n|poke|p2|Aerodactyl, L50, F|\n|poke|p2|Kommo-o, L50, M|\n|poke|p2|Scovillain, L50, F|\n|poke|p2|Scizor, L50, F|\n|poke|p2|Sneasler, L50, F|\n|teampreview|4\n|j| Ilredeitreni\n|j| newmegasbad\n|inactive|Battle timer is ON: inactive players will automatically lose when time's up. (requested by cabrino)\n|\n|t:|1776278164\n|teamsize|p1|4\n|teamsize|p2|4\n|start\n|switch|p1a: AeroNarfi|Aerodactyl, L50, F, shiny|100/100\n|switch|p1b: Garchalipe|Garchomp, L50, F|100/100\n|switch|p2a: Basculegion|Basculegion, L50, M|100/100\n|switch|p2b: Aerodactyl|Aerodactyl, L50, F|100/100\n|-ability|p2b: Aerodactyl|Unnerve\n|-ability|p1a: AeroNarfi|Unnerve\n|turn|1\n|j| Apeqo123\n|\n|t:|1776278187\n|move|p1b: Garchalipe|Rock Slide|p2a: Basculegion|[spread] p2a,p2b\n|-supereffective|p2b: Aerodactyl|1\n|-damage|p2a: Basculegion|81/100\n|-damage|p2b: Aerodactyl|29/100\n|move|p2b: Aerodactyl|Tailwind|p2b: Aerodactyl\n|-sidestart|p2: Murphy's kitchen|move: Tailwind\n|move|p2a: Basculegion|Wave Crash|p1b: Garchalipe\n|-damage|p1b: Garchalipe|25/100\n|-damage|p2a: Basculegion|57/100|[from] Recoil\n|move|p1a: AeroNarfi|Tailwind|p1a: AeroNarfi\n|-sidestart|p1: cabrino|move: Tailwind\n|\n|upkeep\n|turn|2\n|l| Ilredeitreni\n|inactive|cabrino has 30 seconds left.\n|inactive|Murphy's kitchen has 30 seconds left.\n|\n|t:|1776278218\n|move|p2a: Basculegion|Aqua Jet|p1b: Garchalipe\n|-damage|p1b: Garchalipe|0 fnt\n|faint|p1b: Garchalipe\n|move|p1a: AeroNarfi|Rock Slide|p2b: Aerodactyl|[spread] p2a,p2b\n|-supereffective|p2b: Aerodactyl|1\n|-damage|p2a: Basculegion|31/100\n|-damage|p2b: Aerodactyl|0 fnt\n|faint|p2b: Aerodactyl\n|\n|upkeep\n|\n|t:|1776278230\n|switch|p2b: Scizor|Scizor, L50, F|100/100\n|switch|p1b: Pugsy Hunter|Sneasler, L50, M, shiny|100/100\n|turn|3\n|\n|t:|1776278245\n|move|p1b: Pugsy Hunter|Fake Out|p2b: Scizor\n|-resisted|p2b: Scizor|1\n|-damage|p2b: Scizor|94/100\n|move|p2a: Basculegion|Aqua Jet|p1a: AeroNarfi\n|-supereffective|p1a: AeroNarfi|1\n|-damage|p1a: AeroNarfi|11/100\n|move|p1a: AeroNarfi|Rock Slide|p2a: Basculegion|[spread] p2a,p2b\n|-damage|p2a: Basculegion|3/100\n|-damage|p2b: Scizor|70/100\n|cant|p2b: Scizor|flinch\n|\n|upkeep\n|turn|4\n|\n|t:|1776278264\n|move|p1a: AeroNarfi|Protect|p1a: AeroNarfi\n|-singleturn|p1a: AeroNarfi|Protect\n|move|p2a: Basculegion|Aqua Jet|p1b: Pugsy Hunter\n|-crit|p1b: Pugsy Hunter\n|-damage|p1b: Pugsy Hunter|30/100\n|move|p2b: Scizor|Bullet Punch|p1b: Pugsy Hunter\n|-damage|p1b: Pugsy Hunter|0 fnt\n|faint|p1b: Pugsy Hunter\n|\n|-sideend|p1: cabrino|move: Tailwind\n|-sideend|p2: Murphy's kitchen|move: Tailwind\n|upkeep\n|j| thatsaltyguy\n|\n|t:|1776278271\n|switch|p1b: PablitoGames|Kingambit, L50, M, shiny|100/100\n|turn|5\n|j| GoodraSweetheart76\n|\n|t:|1776278285\n|move|p2a: Basculegion|Aqua Jet|p1a: AeroNarfi\n|-supereffective|p1a: AeroNarfi|1\n|-damage|p1a: AeroNarfi|0 fnt\n|-enditem|p2a: Basculegion|Sitrus Berry|[eat]\n|-heal|p2a: Basculegion|28/100|[from] item: Sitrus Berry\n|faint|p1a: AeroNarfi\n|move|p1b: PablitoGames|Kowtow Cleave|p2b: Scizor\n|-crit|p2b: Scizor\n|-damage|p2b: Scizor|0 fnt\n|faint|p2b: Scizor\n|\n|upkeep\n|\n|t:|1776278296\n|switch|p2b: Scovillain|Scovillain, L50, F|100/100\n|turn|6\n|l| thatsaltyguy\n|-message|cabrino forfeited.\n|\n|win|Murphy's kitchen\n|raw|cabrino's rating: 1612 &rarr; <strong>1587</strong><br />(-25 for losing)\n|raw|Murphy&apos;s kitchen's rating: 1525 &rarr; <strong>1550</strong><br />(+25 for winning)\n|l|\u2606cabrino\n|player|p1|\n",
  "uploadtime": 1776278322,
  "views": 89,
  "formatid": "gen9championsvgc2026regma",
  "rating": 1550,
  "private": 0,
  "password": null
}