{
  "id": "gen9championsvgc2026regma-2586140026",
  "format": "[Gen 9 Champions] VGC 2026 Reg M-A",
  "players": [
    "Crash0utVGC",
    "mechavee"
  ],
  "log": "|j|\u2606Crash0utVGC\n|j|\u2606mechavee\n|t:|1776404006\n|gametype|doubles\n|player|p1|Crash0utVGC|colress|1099\n|player|p2|mechavee|lady|1051\n|gen|9\n|tier|[Gen 9 Champions] VGC 2026 Reg M-A\n|rated|\n|rule|Species Clause: Limit one of each Pok\u00e9mon\n|rule|Item Clause: Limit 1 of each item\n|clearpoke\n|poke|p1|Aggron, L50, F|\n|poke|p1|Pelipper, L50, M|\n|poke|p1|Incineroar, L50, M|\n|poke|p1|Sinistcha, L50|\n|poke|p1|Basculegion, L50, M|\n|poke|p1|Dragonite, L50, F|\n|poke|p2|Lopunny, L50, M|\n|poke|p2|Tsareena, L50, F|\n|poke|p2|Gardevoir, L50, M|\n|poke|p2|Gallade, L50, M|\n|poke|p2|Hatterene, L50, F|\n|poke|p2|Noivern, L50, M|\n|teampreview|4\n|\n|t:|1776404034\n|teamsize|p1|4\n|teamsize|p2|4\n|start\n|switch|p1a: Aggron|Aggron, L50, F|100/100\n|switch|p1b: Incineroar|Incineroar, L50, M|100/100\n|switch|p2a: Tsareena|Tsareena, L50, F|100/100\n|switch|p2b: Gallade|Gallade, L50, M|100/100\n|-ability|p1b: Incineroar|Intimidate|boost\n|-unboost|p2a: Tsareena|atk|1\n|-unboost|p2b: Gallade|atk|1\n|turn|1\n|\n|t:|1776404056\n|detailschange|p1a: Aggron|Aggron-Mega, L50, F\n|-mega|p1a: Aggron|Aggron|Aggronite\n|move|p2b: Gallade|Sacred Sword|p1a: Aggron\n|-supereffective|p1a: Aggron|1\n|-damage|p1a: Aggron|65/100\n|move|p2a: Tsareena|U-turn|p1b: Incineroar\n|-damage|p1b: Incineroar|85/100\n|\n|t:|1776404063\n|switch|p2a: Gardevoir|Gardevoir, L50, M|100/100|[from] U-turn\n|-ability|p2a: Gardevoir|Intimidate|Trace|[from] ability: Trace|[of] p1b: Incineroar\n|-ability|p2a: Gardevoir|Intimidate|boost\n|-unboost|p1a: Aggron|atk|1\n|-unboost|p1b: Incineroar|atk|1\n|move|p1b: Incineroar|Parting Shot|p2b: Gallade\n|-unboost|p2b: Gallade|atk|1\n|-unboost|p2b: Gallade|spa|1\n|\n|t:|1776404071\n|switch|p1b: Sinistcha|Sinistcha, L50|100/100|[from] Parting Shot\n|-heal|p1a: Aggron|90/100|[from] ability: Hospitality|[of] p1b: Sinistcha\n|move|p1a: Aggron|Iron Defense|p1a: Aggron\n|-boost|p1a: Aggron|def|2\n|\n|upkeep\n|turn|2\n|\n|t:|1776404088\n|move|p2b: Gallade|Sacred Sword|p1a: Aggron\n|-supereffective|p1a: Aggron|1\n|-damage|p1a: Aggron|64/100\n|move|p2a: Gardevoir|Psychic Noise|p1b: Sinistcha\n|-damage|p1b: Sinistcha|60/100\n|-start|p1b: Sinistcha|move: Heal Block\n|move|p1a: Aggron|Heavy Slam|p2a: Gardevoir\n|-supereffective|p2a: Gardevoir|1\n|-damage|p2a: Gardevoir|4/100\n|move|p1b: Sinistcha|Trick Room|p1b: Sinistcha\n|-fieldstart|move: Trick Room|[of] p1b: Sinistcha\n|\n|upkeep\n|turn|3\n|\n|t:|1776404113\n|move|p1b: Sinistcha|Rage Powder|p1b: Sinistcha\n|-singleturn|p1b: Sinistcha|move: Rage Powder\n|move|p1a: Aggron|Body Press|p2a: Gardevoir\n|-resisted|p2a: Gardevoir|2\n|-damage|p2a: Gardevoir|0 fnt\n|faint|p2a: Gardevoir\n|move|p2b: Gallade|Sacred Sword|p1b: Sinistcha\n|-immune|p1b: Sinistcha\n|\n|-end|p1b: Sinistcha|move: Heal Block\n|upkeep\n|\n|t:|1776404123\n|switch|p2a: Lopunny|Lopunny, L50, M|100/100\n|turn|4\n|\n|t:|1776404131\n|switch|p1b: Incineroar|Incineroar, L50, M|85/100\n|-ability|p1b: Incineroar|Intimidate|boost\n|-unboost|p2a: Lopunny|atk|1\n|-unboost|p2b: Gallade|atk|1\n|detailschange|p2a: Lopunny|Lopunny-Mega, L50, M\n|-mega|p2a: Lopunny|Lopunny|Lopunnite\n|move|p1a: Aggron|Protect|p1a: Aggron\n|-singleturn|p1a: Aggron|Protect\n|move|p2a: Lopunny|Fake Out|p1b: Incineroar\n|-damage|p1b: Incineroar|73/100\n|move|p2b: Gallade|Sacred Sword|p1a: Aggron\n|-activate|p1a: Aggron|move: Protect\n|\n|upkeep\n|turn|5\n|\n|t:|1776404153\n|switch|p1b: Sinistcha|Sinistcha, L50|60/100\n|-heal|p1a: Aggron|89/100|[from] ability: Hospitality|[of] p1b: Sinistcha\n|switch|p2a: Tsareena|Tsareena, L50, F|100/100\n|move|p1a: Aggron|Body Press|p2a: Tsareena\n|-damage|p2a: Tsareena|19/100\n|move|p2b: Gallade|Sacred Sword|p1a: Aggron\n|-supereffective|p1a: Aggron|1\n|-damage|p1a: Aggron|69/100\n|\n|upkeep\n|turn|6\n|\n|t:|1776404181\n|switch|p2b: Lopunny|Lopunny-Mega, L50, M|100/100\n|move|p1a: Aggron|Body Press|p2a: Tsareena\n|-damage|p2a: Tsareena|0 fnt\n|faint|p2a: Tsareena\n|move|p1b: Sinistcha|Life Dew|p1b: Sinistcha|[spread] p1a,p1b\n|-heal|p1a: Aggron|94/100\n|-heal|p1b: Sinistcha|85/100\n|\n|-fieldend|move: Trick Room\n|upkeep\n|\n|t:|1776404190\n|switch|p2a: Gallade|Gallade, L50, M|100/100\n|turn|7\n|\n|t:|1776404202\n|move|p1a: Aggron|Protect|p1a: Aggron\n|-singleturn|p1a: Aggron|Protect\n|move|p2b: Lopunny|High Jump Kick|p1b: Sinistcha\n|-damage|p1b: Sinistcha|22/100\n|-enditem|p1b: Sinistcha|Sitrus Berry|[eat]\n|-heal|p1b: Sinistcha|47/100|[from] item: Sitrus Berry\n|move|p2a: Gallade|Sacred Sword|p1a: Aggron\n|-activate|p1a: Aggron|move: Protect\n|move|p1b: Sinistcha|Trick Room|p1b: Sinistcha\n|-fieldstart|move: Trick Room|[of] p1b: Sinistcha\n|\n|upkeep\n|turn|8\n|\n|t:|1776404216\n|switch|p1b: Incineroar|Incineroar, L50, M|73/100\n|-ability|p1b: Incineroar|Intimidate|boost\n|-unboost|p2a: Gallade|atk|1\n|-fail|p2b: Lopunny|unboost|Attack|[from] ability: Scrappy|[of] p2b: Lopunny\n|move|p1a: Aggron|Body Press|p2b: Lopunny\n|-supereffective|p2b: Lopunny|1\n|-damage|p2b: Lopunny|0 fnt\n|faint|p2b: Lopunny\n|move|p2a: Gallade|Sacred Sword|p1a: Aggron\n|-supereffective|p1a: Aggron|1\n|-damage|p1a: Aggron|58/100\n|\n|upkeep\n|turn|9\n|-message|mechavee forfeited.\n|\n|win|Crash0utVGC\n|raw|Crash0utVGC's rating: 1099 &rarr; <strong>1121</strong><br />(+22 for winning)\n|raw|mechavee's rating: 1051 &rarr; <strong>1036</strong><br />(-15 for losing)\n",
  "uploadtime": 1776404227,
  "views": 17,
  "formatid": "gen9championsvgc2026regma",
  "rating": 1036,
  "private": 0,
  "password": null
}