{
  "id": "gen9championsvgc2026regma-2580414679",
  "format": "[Gen 9 Champions] VGC 2026 Reg M-A",
  "players": [
    "lolgz",
    "deinofan777"
  ],
  "log": "|j|\u2606lolgz\n|j|\u2606deinofan777\n|t:|1775892958\n|gametype|doubles\n|player|p1|lolgz|266|1160\n|player|p2|deinofan777|zinnia|1218\n|gen|9\n|tier|[Gen 9 Champions] VGC 2026 Reg M-A\n|rated|\n|rule|Species Clause: Limit one of each Pok\u00e9mon\n|rule|Item Clause: Limit 1 of each item\n|clearpoke\n|poke|p1|Charizard, L50, M|\n|poke|p1|Whimsicott, L50, M|\n|poke|p1|Basculegion, L50, M|\n|poke|p1|Farigiraf, L50, M|\n|poke|p1|Kangaskhan, L50, F|\n|poke|p1|Sneasler, L50, M|\n|poke|p2|Floette-Eternal, L50, F|\n|poke|p2|Sneasler, L50, M|\n|poke|p2|Arcanine-Hisui, L50, M|\n|poke|p2|Pelipper, L50, M|\n|poke|p2|Basculegion, L50, M|\n|poke|p2|Whimsicott, L50, M|\n|teampreview|4\n|inactive|Battle timer is ON: inactive players will automatically lose when time's up. (requested by deinofan777)\n|\n|t:|1775893034\n|teamsize|p1|4\n|teamsize|p2|4\n|start\n|switch|p1a: Whimsicott|Whimsicott, L50, M|100/100\n|switch|p1b: Farigiraf|Farigiraf, L50, M|100/100\n|switch|p2a: Arcanine|Arcanine-Hisui, L50, M|100/100\n|switch|p2b: Whimsicott|Whimsicott, L50, M, shiny|100/100\n|-ability|p2a: Arcanine|Intimidate|boost\n|-unboost|p1a: Whimsicott|atk|1\n|-unboost|p1b: Farigiraf|atk|1\n|turn|1\n|\n|t:|1775893057\n|move|p1a: Whimsicott|Tailwind|p1a: Whimsicott\n|-sidestart|p1: lolgz|move: Tailwind\n|move|p2a: Arcanine|Flare Blitz|p1a: Whimsicott\n|-supereffective|p1a: Whimsicott|1\n|-enditem|p1a: Whimsicott|Focus Sash\n|-damage|p1a: Whimsicott|1/100\n|-damage|p2a: Arcanine|74/100|[from] Recoil\n|move|p2b: Whimsicott|Moonblast|p1a: Whimsicott\n|-damage|p1a: Whimsicott|0 fnt\n|faint|p1a: Whimsicott\n|move|p1b: Farigiraf|Psychic|p2a: Arcanine\n|-damage|p2a: Arcanine|21/100\n|\n|upkeep\n|\n|t:|1775893067\n|switch|p1a: Basculegion|Basculegion, L50, M|100/100\n|turn|2\n|inactive|lolgz has 30 seconds left.\n|\n|t:|1775893094\n|switch|p2a: Floette|Floette-Eternal, L50, F|100/100\n|move|p2b: Whimsicott|Tailwind|p2b: Whimsicott\n|-sidestart|p2: deinofan777|move: Tailwind\n|move|p1a: Basculegion|Flip Turn|p2a: Floette\n|-damage|p2a: Floette|47/100\n|\n|t:|1775893102\n|switch|p1a: Charizard|Charizard, L50, M|100/100|[from] Flip Turn\n|move|p1b: Farigiraf|Psychic|p2b: Whimsicott\n|-damage|p2b: Whimsicott|35/100\n|\n|upkeep\n|turn|3\n|\n|t:|1775893127\n|detailschange|p1a: Charizard|Charizard-Mega-Y, L50, M\n|-mega|p1a: Charizard|Charizard|Charizardite Y\n|-weather|SunnyDay|[from] ability: Drought|[of] p1a: Charizard\n|detailschange|p2a: Floette|Floette-Mega, L50, F\n|-mega|p2a: Floette|Floette|Floettite\n|-ability|p2a: Floette|Fairy Aura\n|move|p2b: Whimsicott|Fake Tears||[still]\n|cant|p1b: Farigiraf|ability: Armor Tail|Fake Tears|[of] p2b: Whimsicott\n|move|p1a: Charizard|Heat Wave|p2a: Floette|[spread] p2a,p2b\n|-supereffective|p2b: Whimsicott|1\n|-damage|p2a: Floette|0 fnt\n|-damage|p2b: Whimsicott|0 fnt\n|faint|p2a: Floette\n|faint|p2b: Whimsicott\n|move|p1b: Farigiraf|Hyper Voice|p2: Floette|[notarget]\n|-fail|p1b: Farigiraf\n|\n|-weather|SunnyDay|[upkeep]\n|upkeep\n|\n|t:|1775893137\n|switch|p2b: Sneasler|Sneasler, L50, M|100/100\n|switch|p2a: Arcanine|Arcanine-Hisui, L50, M|21/100\n|-ability|p2a: Arcanine|Intimidate|boost\n|-unboost|p1a: Charizard|atk|1\n|-unboost|p1b: Farigiraf|atk|1\n|turn|4\n|\n|t:|1775893152\n|move|p1a: Charizard|Protect|p1a: Charizard\n|-singleturn|p1a: Charizard|Protect\n|move|p2a: Arcanine|Rock Slide|p1b: Farigiraf|[spread] p1b\n|-activate|p1a: Charizard|move: Protect\n|-damage|p1b: Farigiraf|70/100\n|move|p2b: Sneasler|Close Combat|p1b: Farigiraf\n|-crit|p1b: Farigiraf\n|-damage|p1b: Farigiraf|0 fnt\n|-unboost|p2b: Sneasler|def|1\n|-unboost|p2b: Sneasler|spd|1\n|faint|p1b: Farigiraf\n|-enditem|p2b: Sneasler|White Herb\n|-clearnegativeboost|p2b: Sneasler|[silent]\n|\n|-weather|SunnyDay|[upkeep]\n|-sideend|p1: lolgz|move: Tailwind\n|upkeep\n|\n|t:|1775893164\n|switch|p1b: Basculegion|Basculegion, L50, M|100/100\n|turn|5\n|\n|t:|1775893172\n|move|p1b: Basculegion|Aqua Jet|p2a: Arcanine\n|-supereffective|p2a: Arcanine|2\n|-damage|p2a: Arcanine|0 fnt\n|faint|p2a: Arcanine\n|move|p2b: Sneasler|Dire Claw|p1b: Basculegion\n|-resisted|p1b: Basculegion|1\n|-damage|p1b: Basculegion|74/100\n|move|p1a: Charizard|Weather Ball|p2b: Sneasler\n|-damage|p2b: Sneasler|0 fnt\n|faint|p2b: Sneasler\n|\n|win|lolgz\n|raw|lolgz's rating: 1160 &rarr; <strong>1189</strong><br />(+29 for winning)\n|raw|deinofan777's rating: 1218 &rarr; <strong>1189</strong><br />(-29 for losing)\n",
  "uploadtime": 1775893173,
  "views": 16,
  "formatid": "gen9championsvgc2026regma",
  "rating": 1189,
  "private": 0,
  "password": null
}