{
  "id": "gen9championsvgc2026regma-2581898415",
  "format": "[Gen 9 Champions] VGC 2026 Reg M-A",
  "players": [
    "DeltaCX",
    "Super Ozone"
  ],
  "log": "|j|\u2606DeltaCX\n|j|\u2606Super Ozone\n|html|<table width=\"100%\"><tr><td align=\"left\">DeltaCX</td><td align=\"right\">Super Ozone</tr><tr><td align=\"left\"><i class=\"fa fa-circle-o\"></i> <i class=\"fa fa-circle-o\"></i> </td><td align=\"right\"><i class=\"fa fa-circle-o\"></i> <i class=\"fa fa-circle-o\"></i> </tr></table>\n|uhtml|bestof|<h2><strong>Game 1</strong> of <a href=\"/game-bestof3-gen9championsvgc2026regma-2581898414\">a best-of-3</a></h2>\n|t:|1776037859\n|gametype|doubles\n|player|p1|DeltaCX|101|\n|player|p2|Super Ozone|brycen|\n|gen|9\n|tier|[Gen 9 Champions] VGC 2026 Reg M-A\n|rated|Tournament battle\n|rule|Species Clause: Limit one of each Pok\u00e9mon\n|rule|Item Clause: Limit 1 of each item\n|raw|<div class=\"infobox\"><details class=\"readmore\" open><summary><strong>2 custom rules:</strong></summary> Force Open Team Sheets, Best of = 3</details></div>\n|clearpoke\n|poke|p1|Rotom-Heat, L50|\n|poke|p1|Tyranitar, L50, F|\n|poke|p1|Aerodactyl, L50, M|\n|poke|p1|Aegislash, L50, M|\n|poke|p1|Starmie, L50|\n|poke|p1|Garchomp, L50, F|\n|poke|p2|Steelix, L50, F|\n|poke|p2|Tyranitar, L50, F|\n|poke|p2|Sinistcha, L50|\n|poke|p2|Kommo-o, L50, M|\n|poke|p2|Rotom-Heat, L50|\n|poke|p2|Clefable, L50, M|\n|teampreview|4\n|showteam|p1|Rotom-Heat||SitrusBerry|Levitate|Protect,Thunderbolt,Overheat,HelpingHand||||||50|]Tyranitar||ChoiceScarf|SandStream|RockSlide,KnockOff,IcePunch,Superpower|||F|||50|]Aerodactyl||FocusSash|Unnerve|DualWingbeat,Protect,Tailwind,RockSlide|||M|||50|]Aegislash||WhiteHerb|StanceChange|KingsShield,WideGuard,FlashCannon,ShadowBall|||M|||50|]Starmie||Starminite|NaturalCure|Protect,Liquidation,SkillSwap,ZenHeadbutt||||||50|]Garchomp||BrightPowder|SandVeil|Protect,IronHead,Earthquake,DragonClaw|||F|||50|\n|showteam|p2|Steelix||Steelixite|Sturdy|HeavySlam,HighHorsepower,Curse,Protect|||F|||50|]Tyranitar||FocusSash|SandStream|RockSlide,Crunch,LowKick,Protect|||F|||50|]Sinistcha||SitrusBerry|Hospitality|MatchaGotcha,RagePowder,TrickRoom,Protect||||||50|]Kommo-o||Leftovers|Overcoat|ClangingScales,AuraSphere,ClangorousSoul,Protect|||M|||50|]Rotom-Heat||Charcoal|Levitate|Overheat,VoltSwitch,NastyPlot,Protect||||||50|]Clefable||Clefablite|MagicGuard|Moonblast,ThunderWave,FollowMe,Protect|||M|||50|\n|j| blueberre\n|j| aurora ltd\n|inactive|Battle timer is ON: inactive players will automatically lose when time's up. (requested by DeltaCX)\nDeltaCX has agreed to open team sheets.\n|\n|t:|1776037923\n|teamsize|p1|4\n|teamsize|p2|4\n|start\n|switch|p1a: Starmie|Starmie, L50|100/100\n|switch|p1b: Rotom|Rotom-Heat, L50|100/100\n|switch|p2a: Sinistcha|Sinistcha, L50|100/100\n|switch|p2b: Clefable|Clefable, L50, M|100/100\n|turn|1\n|\n|t:|1776037939\n|move|p1b: Rotom|Helping Hand|p1a: Starmie\n|-singleturn|p1a: Starmie|Helping Hand|[of] p1b: Rotom\n|move|p2b: Clefable|Follow Me|p2b: Clefable\n|-singleturn|p2b: Clefable|move: Follow Me\n|move|p1a: Starmie|Liquidation|p2b: Clefable\n|-damage|p2b: Clefable|48/100\n|-unboost|p2b: Clefable|def|1\n|move|p2a: Sinistcha|Trick Room|p2a: Sinistcha\n|-fieldstart|move: Trick Room|[of] p2a: Sinistcha\n|\n|upkeep\n|turn|2\n|\n|t:|1776037960\n|detailschange|p1a: Starmie|Starmie-Mega, L50\n|-mega|p1a: Starmie|Starmie|Starminite\n|move|p2a: Sinistcha|Protect|p2a: Sinistcha\n|-singleturn|p2a: Sinistcha|Protect\n|move|p2b: Clefable|Moonblast|p1b: Rotom\n|-resisted|p1b: Rotom|1\n|-damage|p1b: Rotom|77/100\n|move|p1b: Rotom|Overheat|p2a: Sinistcha\n|-activate|p2a: Sinistcha|move: Protect\n|move|p1a: Starmie|Liquidation|p2b: Clefable\n|-damage|p2b: Clefable|0 fnt\n|faint|p2b: Clefable\n|\n|upkeep\n|\n|t:|1776037973\n|switch|p2b: Tyranitar|Tyranitar, L50, F|100/100\n|-weather|Sandstorm|[from] ability: Sand Stream|[of] p2b: Tyranitar\n|turn|3\n|\n|t:|1776037989\n|switch|p1b: Aerodactyl|Aerodactyl, L50, M|100/100\n|-ability|p1b: Aerodactyl|Unnerve\n|move|p2a: Sinistcha|Rage Powder|p2a: Sinistcha\n|-singleturn|p2a: Sinistcha|move: Rage Powder\n|move|p2b: Tyranitar|Rock Slide|p1a: Starmie|[spread] p1a,p1b\n|-supereffective|p1b: Aerodactyl|1\n|-damage|p1a: Starmie|62/100\n|-enditem|p1b: Aerodactyl|Focus Sash\n|-damage|p1b: Aerodactyl|1/100\n|move|p1a: Starmie|Skill Swap|p2a: Sinistcha\n|-activate|p1a: Starmie|Skill Swap|Hospitality|Huge Power|[of] p2a: Sinistcha\n|-heal|p1b: Aerodactyl|26/100|[from] ability: Hospitality|[of] p1a: Starmie\n|\n|-weather|Sandstorm|[upkeep]\n|-damage|p2a: Sinistcha|94/100|[from] Sandstorm\n|-damage|p1a: Starmie|56/100|[from] Sandstorm\n|upkeep\n|turn|4\n|\n|t:|1776038012\n|switch|p2b: Steelix|Steelix, L50, F|100/100\n|move|p2a: Sinistcha|Matcha Gotcha|p1a: Starmie|[spread] p1a,p1b\n|-supereffective|p1a: Starmie|1\n|-damage|p1a: Starmie|0 fnt\n|-heal|p2a: Sinistcha|100/100|[from] drain|[of] p1a: Starmie\n|-damage|p1b: Aerodactyl|4/100\n|faint|p1a: Starmie\n|move|p1b: Aerodactyl|Dual Wingbeat|p2a: Sinistcha\n|-supereffective|p2a: Sinistcha|1\n|-damage|p2a: Sinistcha|70/100\n|-supereffective|p2a: Sinistcha|1\n|-damage|p2a: Sinistcha|36/100\n|-hitcount|p2a: Sinistcha|2\n|\n|-weather|Sandstorm|[upkeep]\n|-damage|p2a: Sinistcha|29/100|[from] Sandstorm\n|upkeep\n|\n|t:|1776038030\n|switch|p1a: Rotom|Rotom-Heat, L50|77/100\n|turn|5\n|\n|t:|1776038043\n|detailschange|p2b: Steelix|Steelix-Mega, L50, F\n|-mega|p2b: Steelix|Steelix|Steelixite\n|move|p2b: Steelix|Heavy Slam|p1a: Rotom\n|-resisted|p1a: Rotom|2\n|-damage|p1a: Rotom|49/100\n|-enditem|p1a: Rotom|Sitrus Berry|[eat]\n|-heal|p1a: Rotom|73/100|[from] item: Sitrus Berry\n|move|p2a: Sinistcha|Matcha Gotcha|p1a: Rotom|[spread] p1a,p1b\n|-resisted|p1a: Rotom|1\n|-damage|p1a: Rotom|59/100\n|-heal|p2a: Sinistcha|35/100|[from] drain|[of] p1a: Rotom\n|-damage|p1b: Aerodactyl|0 fnt\n|-heal|p2a: Sinistcha|37/100|[from] drain|[of] p1b: Aerodactyl\n|-enditem|p2a: Sinistcha|Sitrus Berry|[eat]\n|-heal|p2a: Sinistcha|62/100|[from] item: Sitrus Berry\n|faint|p1b: Aerodactyl\n|move|p1a: Rotom|Overheat|p2b: Steelix\n|-supereffective|p2b: Steelix|1\n|-damage|p2b: Steelix|0 fnt\n|-unboost|p1a: Rotom|spa|2\n|faint|p2b: Steelix\n|\n|-weather|Sandstorm|[upkeep]\n|-damage|p2a: Sinistcha|56/100|[from] Sandstorm\n|-damage|p1a: Rotom|52/100|[from] Sandstorm\n|-fieldend|move: Trick Room\n|upkeep\n|\n|t:|1776038065\n|switch|p1b: Garchomp|Garchomp, L50, F, shiny|100/100\n|switch|p2b: Tyranitar|Tyranitar, L50, F|100/100\n|turn|6\n|\n|t:|1776038080\n|move|p2b: Tyranitar|Protect|p2b: Tyranitar\n|-singleturn|p2b: Tyranitar|Protect\n|move|p1b: Garchomp|Earthquake|p2b: Tyranitar|[spread] p2a\n|-activate|p2b: Tyranitar|move: Protect\n|-immune|p1a: Rotom|[from] ability: Levitate\n|-resisted|p2a: Sinistcha|1\n|-damage|p2a: Sinistcha|40/100\n|move|p1a: Rotom|Overheat|p2a: Sinistcha\n|-supereffective|p2a: Sinistcha|1\n|-damage|p2a: Sinistcha|0 fnt\n|-unboost|p1a: Rotom|spa|2\n|faint|p2a: Sinistcha\n|\n|-weather|Sandstorm|[upkeep]\n|-damage|p1a: Rotom|46/100|[from] Sandstorm\n|upkeep\n|turn|7\n|-message|Super Ozone forfeited.\n|\n|win|DeltaCX\n|l|\u2606Super Ozone\n|player|p2|\n||Super Ozone is ready for game 2.\n||DeltaCX is ready for game 2.\n|uhtml|next|Next: <a href=\"/battle-gen9championsvgc2026regma-2581901063\"><strong>Game 2 of 3</strong></a>\n|l| blueberre\n|l|\u2606DeltaCX\n|player|p1|\n",
  "uploadtime": 1776038612,
  "views": 14,
  "formatid": "gen9championsvgc2026regma",
  "rating": null,
  "private": 0,
  "password": null
}