{
  "id": "gen9championsvgc2026regma-2587660875",
  "format": "[Gen 9 Champions] VGC 2026 Reg M-A",
  "players": [
    "tulivgc",
    "kenneththeg"
  ],
  "log": "|j|\u2606tulivgc\n|j|\u2606kenneththeg\n|t:|1776551382\n|gametype|doubles\n|player|p1|tulivgc|169|1436\n|player|p2|kenneththeg|koga|1411\n|gen|9\n|tier|[Gen 9 Champions] VGC 2026 Reg M-A\n|rated|\n|rule|Species Clause: Limit one of each Pok\u00e9mon\n|rule|Item Clause: Limit 1 of each item\n|clearpoke\n|poke|p1|Ampharos, L50, F|\n|poke|p1|Mamoswine, L50, M|\n|poke|p1|Incineroar, L50, F|\n|poke|p1|Farigiraf, L50, F|\n|poke|p1|Runerigus, L50, F|\n|poke|p1|Basculegion, L50, M|\n|poke|p2|Charizard, L50, M|\n|poke|p2|Incineroar, L50, M|\n|poke|p2|Venusaur, L50, F|\n|poke|p2|Garchomp, L50, M|\n|poke|p2|Sneasler, L50, F|\n|poke|p2|Basculegion, L50, M|\n|teampreview|4\n|inactive|Battle timer is ON: inactive players will automatically lose when time's up. (requested by tulivgc)\n|j| plicious\n|j| Unchained\n|\n|t:|1776551408\n|teamsize|p1|4\n|teamsize|p2|4\n|start\n|switch|p1a: Incineroar|Incineroar, L50, F|100/100\n|switch|p1b: Runerigus|Runerigus, L50, F|100/100\n|switch|p2a: Garchomp|Garchomp, L50, M|100/100\n|switch|p2b: Charizard|Charizard, L50, M|100/100\n|-ability|p1a: Incineroar|Intimidate|boost\n|-unboost|p2a: Garchomp|atk|1\n|-unboost|p2b: Charizard|atk|1\n|turn|1\n|\n|t:|1776551431\n|detailschange|p2b: Charizard|Charizard-Mega-Y, L50, M\n|-mega|p2b: Charizard|Charizard|Charizardite Y\n|-weather|SunnyDay|[from] ability: Drought|[of] p2b: Charizard\n|move|p1a: Incineroar|Fake Out|p2a: Garchomp\n|-damage|p2a: Garchomp|91/100\n|-damage|p1a: Incineroar|88/100|[from] ability: Rough Skin|[of] p2a: Garchomp\n|cant|p2a: Garchomp|flinch\n|move|p2b: Charizard|Weather Ball|p1b: Runerigus\n|-damage|p1b: Runerigus|22/100\n|move|p1b: Runerigus|Trick Room|p1b: Runerigus\n|-fieldstart|move: Trick Room|[of] p1b: Runerigus\n|\n|-weather|SunnyDay|[upkeep]\n|-heal|p1b: Runerigus|28/100|[from] item: Leftovers\n|upkeep\n|turn|2\n|inactive|tulivgc has 30 seconds left.\n|inactive|tulivgc has 20 seconds left.\n|\n|t:|1776551467\n|move|p1b: Runerigus|Iron Defense|p1b: Runerigus\n|-boost|p1b: Runerigus|def|2\n|move|p1a: Incineroar|Darkest Lariat|p2b: Charizard\n|-damage|p2b: Charizard|57/100\n|move|p2b: Charizard|Weather Ball|p1a: Incineroar\n|-resisted|p1a: Incineroar|1\n|-damage|p1a: Incineroar|47/100\n|-enditem|p1a: Incineroar|Sitrus Berry|[eat]\n|-heal|p1a: Incineroar|71/100|[from] item: Sitrus Berry\n|move|p2a: Garchomp|Earthquake|p1a: Incineroar|[spread] p1a,p1b\n|-immune|p2b: Charizard\n|-supereffective|p1a: Incineroar|1\n|-damage|p1a: Incineroar|24/100\n|-damage|p1b: Runerigus|18/100\n|\n|-weather|SunnyDay|[upkeep]\n|-heal|p1b: Runerigus|24/100|[from] item: Leftovers\n|upkeep\n|turn|3\n|l| Unchained\n|inactive|kenneththeg has 30 seconds left.\n|\n|t:|1776551494\n|move|p2b: Charizard|Protect|p2b: Charizard\n|-singleturn|p2b: Charizard|Protect\n|move|p1b: Runerigus|Body Press|p2a: Garchomp\n|-damage|p2a: Garchomp|42/100\n|-damage|p1b: Runerigus|12/100|[from] ability: Rough Skin|[of] p2a: Garchomp\n|move|p1a: Incineroar|Flare Blitz|p2b: Charizard\n|-activate|p2b: Charizard|move: Protect\n|move|p2a: Garchomp|Earthquake|p1a: Incineroar|[spread] p1a,p1b\n|-activate|p2b: Charizard|move: Protect\n|-supereffective|p1a: Incineroar|1\n|-damage|p1a: Incineroar|0 fnt\n|-damage|p1b: Runerigus|2/100\n|faint|p1a: Incineroar\n|\n|-weather|SunnyDay|[upkeep]\n|-heal|p1b: Runerigus|8/100|[from] item: Leftovers\n|upkeep\n|\n|t:|1776551500\n|switch|p1a: Ampharos|Ampharos, L50, F|100/100\n|turn|4\n|\n|t:|1776551525\n|switch|p2b: Incineroar|Incineroar, L50, M|100/100\n|-ability|p2b: Incineroar|Intimidate|boost\n|-unboost|p1a: Ampharos|atk|1\n|-unboost|p1b: Runerigus|atk|1\n|detailschange|p1a: Ampharos|Ampharos-Mega, L50, F\n|-mega|p1a: Ampharos|Ampharos|Ampharosite\n|-ability|p1a: Ampharos|Mold Breaker\n|move|p2a: Garchomp|Protect|p2a: Garchomp\n|-singleturn|p2a: Garchomp|Protect\n|move|p1b: Runerigus|Body Press|p2b: Incineroar\n|-supereffective|p2b: Incineroar|1\n|-damage|p2b: Incineroar|0 fnt\n|faint|p2b: Incineroar\n|move|p1a: Ampharos|Dragon Pulse|p2a: Garchomp\n|-activate|p2a: Garchomp|move: Protect\n|\n|-weather|SunnyDay|[upkeep]\n|-heal|p1b: Runerigus|14/100|[from] item: Leftovers\n|upkeep\n|\n|t:|1776551540\n|switch|p2b: Sneasler|Sneasler, L50, F|100/100\n|turn|5\n|j| direc_t10n\n|\n|t:|1776551552\n|move|p2b: Sneasler|Fake Out|p1a: Ampharos\n|-damage|p1a: Ampharos|87/100\n|move|p1b: Runerigus|Body Press|p2a: Garchomp\n|-damage|p2a: Garchomp|0 fnt\n|-damage|p1b: Runerigus|2/100|[from] ability: Rough Skin|[of] p2a: Garchomp\n|faint|p2a: Garchomp\n|cant|p1a: Ampharos|flinch\n|\n|-weather|none\n|-heal|p1b: Runerigus|8/100|[from] item: Leftovers\n|-fieldend|move: Trick Room\n|upkeep\n|\n|t:|1776551559\n|switch|p2a: Charizard|Charizard-Mega-Y, L50, M|57/100\n|-weather|SunnyDay|[from] ability: Drought|[of] p2a: Charizard\n|turn|6\n|\n|t:|1776551571\n|move|p1a: Ampharos|Protect|p1a: Ampharos\n|-singleturn|p1a: Ampharos|Protect\n|move|p2b: Sneasler|Close Combat|p1a: Ampharos\n|-activate|p1a: Ampharos|move: Protect\n|move|p2a: Charizard|Heat Wave|p1a: Ampharos|[spread] p1b\n|-activate|p1a: Ampharos|move: Protect\n|-damage|p1b: Runerigus|0 fnt\n|faint|p1b: Runerigus\n|\n|-weather|SunnyDay|[upkeep]\n|upkeep\n|c| direc_t10n|I low-key forgot that pokemon existed\n|\n|t:|1776551579\n|switch|p1b: Basculegion|Basculegion, L50, M|100/100\n|turn|7\n|inactive|kenneththeg has 30 seconds left.\n|\n|t:|1776551611\n|move|p1b: Basculegion|Last Respects|p2b: Sneasler\n|-damage|p2b: Sneasler|0 fnt\n|faint|p2b: Sneasler\n|move|p2a: Charizard|Weather Ball|p1b: Basculegion\n|-resisted|p1b: Basculegion|1\n|-damage|p1b: Basculegion|42/100\n|move|p1a: Ampharos|Thunderbolt|p2a: Charizard\n|-supereffective|p2a: Charizard|1\n|-crit|p2a: Charizard\n|-damage|p2a: Charizard|0 fnt\n|faint|p2a: Charizard\n|\n|win|tulivgc\n|raw|tulivgc's rating: 1436 &rarr; <strong>1455</strong><br />(+19 for winning)\n|raw|kenneththeg's rating: 1411 &rarr; <strong>1392</strong><br />(-19 for losing)\n|l|\u2606kenneththeg\n|player|p2|\n|c| direc_t10n|Tel Aviv approves not using the same pokemon over and over again\n|l| plicious\n|l| direc_t10n\n|l|\u2606tulivgc\n|player|p1|\n",
  "uploadtime": 1776551687,
  "views": 16,
  "formatid": "gen9championsvgc2026regma",
  "rating": 1392,
  "private": 0,
  "password": null
}