{
  "id": "gen9championsvgc2026regma-2587586194",
  "format": "[Gen 9 Champions] VGC 2026 Reg M-A",
  "players": [
    "rauliito_adh",
    "KDB007"
  ],
  "log": "|j|\u2606rauliito_adh\n|j|\u2606KDB007\n|t:|1776544587\n|gametype|doubles\n|player|p1|rauliito_adh|hilbert|1472\n|player|p2|KDB007|1|1518\n|gen|9\n|tier|[Gen 9 Champions] VGC 2026 Reg M-A\n|rated|\n|rule|Species Clause: Limit one of each Pok\u00e9mon\n|rule|Item Clause: Limit 1 of each item\n|clearpoke\n|poke|p1|Gardevoir, L50, F, shiny|\n|poke|p1|Basculegion, L50, M, shiny|\n|poke|p1|Maushold-Four, L50, shiny|\n|poke|p1|Talonflame, L50, F, shiny|\n|poke|p1|Garchomp, L50, F|\n|poke|p1|Kingambit, L50, F, shiny|\n|poke|p2|Gardevoir, L50, F, shiny|\n|poke|p2|Blastoise, L50, M|\n|poke|p2|Pelipper, L50, F|\n|poke|p2|Kingambit, L50, F, shiny|\n|poke|p2|Sneasler, L50, F|\n|poke|p2|Sinistcha, L50|\n|teampreview|4\n|inactive|Battle timer is ON: inactive players will automatically lose when time's up. (requested by rauliito_adh)\n|inactive|rauliito_adh has 60 seconds left.\n|inactive|rauliito_adh has 30 seconds left.\n|\n|t:|1776544655\n|teamsize|p1|4\n|teamsize|p2|4\n|start\n|switch|p1a: Maushold|Maushold-Four, L50, shiny|100/100\n|switch|p1b: Gardevoir|Gardevoir, L50, F, shiny|100/100\n|switch|p2a: Sinistcha|Sinistcha, L50|100/100\n|switch|p2b: Blastoise|Blastoise, L50, M|100/100\n|turn|1\n|inactive|KDB007 has 30 seconds left.\n|\n|t:|1776544683\n|detailschange|p1b: Gardevoir|Gardevoir-Mega, L50, F, shiny\n|-mega|p1b: Gardevoir|Gardevoir|Gardevoirite\n|move|p2b: Blastoise|Fake Out|p1a: Maushold\n|-damage|p1a: Maushold|90/100\n|cant|p1a: Maushold|flinch\n|move|p1b: Gardevoir|Hyper Voice|p2b: Blastoise|[spread] p2a,p2b\n|-damage|p2a: Sinistcha|58/100\n|-damage|p2b: Blastoise|52/100\n|move|p2a: Sinistcha|Trick Room|p2a: Sinistcha\n|-fieldstart|move: Trick Room|[of] p2a: Sinistcha\n|\n|upkeep\n|turn|2\n|\n|t:|1776544708\n|detailschange|p2b: Blastoise|Blastoise-Mega, L50, M\n|-mega|p2b: Blastoise|Blastoise|Blastoisinite\n|move|p1a: Maushold|Follow Me|p1a: Maushold\n|-singleturn|p1a: Maushold|move: Follow Me\n|move|p2a: Sinistcha|Matcha Gotcha|p1b: Gardevoir|[spread] p1a,p1b\n|-damage|p1a: Maushold|62/100\n|-heal|p2a: Sinistcha|72/100|[from] drain|[of] p1a: Maushold\n|-damage|p1b: Gardevoir|86/100\n|-heal|p2a: Sinistcha|80/100|[from] drain|[of] p1b: Gardevoir\n|move|p2b: Blastoise|Water Spout|p1b: Gardevoir|[spread] p1a,p1b\n|-damage|p1a: Maushold|19/100\n|-damage|p1b: Gardevoir|67/100\n|move|p1b: Gardevoir|Trick Room|p1b: Gardevoir\n|-fieldend|move: Trick Room\n|\n|upkeep\n|turn|3\n|\n|t:|1776544729\n|move|p2b: Blastoise|Protect|p2b: Blastoise\n|-singleturn|p2b: Blastoise|Protect\n|move|p2a: Sinistcha|Rage Powder|p2a: Sinistcha\n|-singleturn|p2a: Sinistcha|move: Rage Powder\n|move|p1a: Maushold|Encore|p2a: Sinistcha\n|-start|p2a: Sinistcha|Encore\n|move|p1b: Gardevoir|Hyper Voice|p2b: Blastoise|[spread] p2a\n|-activate|p2b: Blastoise|move: Protect\n|-damage|p2a: Sinistcha|37/100\n|-enditem|p2a: Sinistcha|Sitrus Berry|[eat]\n|-heal|p2a: Sinistcha|62/100|[from] item: Sitrus Berry\n|\n|upkeep\n|turn|4\n|\n|t:|1776544750\n|switch|p2a: Pelipper|Pelipper, L50, F|100/100\n|-weather|RainDance|[from] ability: Drizzle|[of] p2a: Pelipper\n|move|p1a: Maushold|Protect|p1a: Maushold\n|-singleturn|p1a: Maushold|Protect\n|move|p1b: Gardevoir|Hyper Voice|p2a: Pelipper|[spread] p2a,p2b\n|-crit|p2a: Pelipper\n|-enditem|p2a: Pelipper|Focus Sash\n|-damage|p2a: Pelipper|1/100\n|-damage|p2b: Blastoise|4/100\n|move|p2b: Blastoise|Water Spout|p1b: Gardevoir|[spread] p1b\n|-activate|p1a: Maushold|move: Protect\n|-damage|p1b: Gardevoir|65/100\n|\n|-weather|RainDance|[upkeep]\n|upkeep\n|turn|5\n|\n|t:|1776544771\n|move|p1a: Maushold|Super Fang|p2a: Pelipper\n|-damage|p2a: Pelipper|0 fnt\n|faint|p2a: Pelipper\n|move|p1b: Gardevoir|Psyshock|p2b: Blastoise\n|-damage|p2b: Blastoise|0 fnt\n|faint|p2b: Blastoise\n|\n|-weather|RainDance|[upkeep]\n|upkeep\n|\n|t:|1776544776\n|switch|p2a: Kingambit|Kingambit, L50, F, shiny|100/100\n|switch|p2b: Sinistcha|Sinistcha, L50|62/100\n|turn|6\n|\n|t:|1776544787\n|move|p1a: Maushold|Super Fang|p2a: Kingambit\n|-damage|p2a: Kingambit|51/100\n|move|p1b: Gardevoir|Hyper Voice|p2a: Kingambit|[spread] p2a,p2b\n|-damage|p2a: Kingambit|0 fnt\n|-damage|p2b: Sinistcha|13/100\n|faint|p2a: Kingambit\n|move|p2b: Sinistcha|Matcha Gotcha|p1a: Maushold|[spread] p1a,p1b\n|-damage|p1a: Maushold|0 fnt\n|-heal|p2b: Sinistcha|22/100|[from] drain|[of] p1a: Maushold\n|-damage|p1b: Gardevoir|52/100\n|-heal|p2b: Sinistcha|29/100|[from] drain|[of] p1b: Gardevoir\n|-status|p1b: Gardevoir|brn\n|faint|p1a: Maushold\n|\n|-weather|RainDance|[upkeep]\n|-damage|p1b: Gardevoir|46/100 brn|[from] brn\n|upkeep\n|\n|t:|1776544796\n|switch|p1a: Talonflame|Talonflame, L50, F, shiny|100/100\n|turn|7\n|\n|t:|1776544800\n|move|p1a: Talonflame|Acrobatics|p2b: Sinistcha\n|-supereffective|p2b: Sinistcha|1\n|-damage|p2b: Sinistcha|0 fnt\n|faint|p2b: Sinistcha\n|\n|win|rauliito_adh\n|raw|rauliito_adh's rating: 1472 &rarr; <strong>1495</strong><br />(+23 for winning)\n|raw|KDB007's rating: 1518 &rarr; <strong>1495</strong><br />(-23 for losing)\n",
  "uploadtime": 1776544801,
  "views": 23,
  "formatid": "gen9championsvgc2026regma",
  "rating": 1495,
  "private": 0,
  "password": null
}