{
  "id": "gen9championsvgc2026regma-2581916133",
  "format": "[Gen 9 Champions] VGC 2026 Reg M-A",
  "players": [
    "Pokocholate",
    "lakeandbake"
  ],
  "log": "|j|\u2606Pokocholate\n|j|\u203dlakeandbake\n|t:|1776039461\n|gametype|doubles\n|player|p1|Pokocholate|n|1077\n|player|p2|lakeandbake|iono-masters|1154\n|gen|9\n|tier|[Gen 9 Champions] VGC 2026 Reg M-A\n|rated|\n|rule|Species Clause: Limit one of each Pok\u00e9mon\n|rule|Item Clause: Limit 1 of each item\n|clearpoke\n|poke|p1|Chandelure, L50, F|\n|poke|p1|Dragonite, L50, F|\n|poke|p1|Leafeon, L50, F|\n|poke|p1|Mimikyu, L50, M|\n|poke|p1|Golurk, L50|\n|poke|p2|Garchomp, L50, F|\n|poke|p2|Aerodactyl, L50, M|\n|poke|p2|Rotom-Wash, L50|\n|poke|p2|Sneasler, L50, F|\n|poke|p2|Incineroar, L50, M|\n|poke|p2|Delphox, L50, F|\n|teampreview|4\n|inactive|Battle timer is ON: inactive players will automatically lose when time's up. (requested by Pokocholate)\n|inactive|Pokocholate has 60 seconds left.\n|inactive|lakeandbake has 60 seconds left.\n|inactive|lakeandbake has 30 seconds left.\n|inactive|lakeandbake has 20 seconds left.\n|\n|t:|1776039535\n|teamsize|p1|4\n|teamsize|p2|4\n|start\n|switch|p1a: Dragonite|Dragonite, L50, F|100/100\n|switch|p1b: Golurk|Golurk, L50|100/100\n|switch|p2a: Incineroar|Incineroar, L50, M|100/100\n|switch|p2b: Rotom|Rotom-Wash, L50|100/100\n|-ability|p2a: Incineroar|Intimidate|boost\n|-fail|p1a: Dragonite|unboost|Attack|[from] ability: Inner Focus|[of] p1a: Dragonite\n|-unboost|p1b: Golurk|atk|1\n|turn|1\n|inactive|Pokocholate has 30 seconds left.\n|\n|t:|1776039568\n|detailschange|p1b: Golurk|Golurk-Mega, L50\n|-mega|p1b: Golurk|Golurk|Golurkite\n|move|p2b: Rotom|Will-O-Wisp|p1b: Golurk\n|-status|p1b: Golurk|brn\n|move|p1a: Dragonite|Sunny Day|p1a: Dragonite\n|-weather|SunnyDay\n|move|p2a: Incineroar|Parting Shot|p1a: Dragonite\n|-unboost|p1a: Dragonite|atk|1\n|-unboost|p1a: Dragonite|spa|1\n|\n|t:|1776039588\n|switch|p2a: Aerodactyl|Aerodactyl, L50, M|100/100|[from] Parting Shot\n|-ability|p2a: Aerodactyl|Pressure\n|move|p1b: Golurk|Earthquake|p2a: Aerodactyl|[spread] \n|-immune|p1a: Dragonite\n|-immune|p2a: Aerodactyl\n|-immune|p2b: Rotom|[from] ability: Levitate\n|\n|-weather|SunnyDay|[upkeep]\n|-damage|p1b: Golurk|94/100 brn|[from] brn\n|upkeep\n|turn|2\n|inactive|Pokocholate has 30 seconds left.\n|\n|t:|1776039617\n|move|p2a: Aerodactyl|Rock Slide|p1b: Golurk|[spread] p1a,p1b\n|-supereffective|p1a: Dragonite|1\n|-resisted|p1b: Golurk|1\n|-damage|p1a: Dragonite|54/100\n|-damage|p1b: Golurk|83/100 brn\n|move|p2b: Rotom|Will-O-Wisp|p1a: Dragonite\n|-status|p1a: Dragonite|brn\n|move|p1a: Dragonite|Tailwind|p1a: Dragonite\n|-sidestart|p1: Pokocholate|move: Tailwind\n|move|p1b: Golurk|Stone Edge|p2a: Aerodactyl\n|-supereffective|p2a: Aerodactyl|1\n|-damage|p2a: Aerodactyl|53/100\n|\n|-weather|SunnyDay|[upkeep]\n|-heal|p1a: Dragonite|60/100 brn|[from] item: Leftovers\n|-damage|p1a: Dragonite|54/100 brn|[from] brn\n|-damage|p1b: Golurk|77/100 brn|[from] brn\n|upkeep\n|turn|3\n|inactive|lakeandbake has 30 seconds left.\n|\n|t:|1776039645\n|move|p1a: Dragonite|Extreme Speed|p2a: Aerodactyl\n|-resisted|p2a: Aerodactyl|1\n|-damage|p2a: Aerodactyl|48/100\n|move|p2a: Aerodactyl|Tailwind|p2a: Aerodactyl\n|-sidestart|p2: lakeandbake|move: Tailwind\n|move|p2b: Rotom|Hydro Pump|p1b: Golurk\n|-supereffective|p1b: Golurk|1\n|-damage|p1b: Golurk|40/100 brn\n|move|p1b: Golurk|Stone Edge|p2a: Aerodactyl\n|-supereffective|p2a: Aerodactyl|1\n|-damage|p2a: Aerodactyl|5/100\n|\n|-weather|SunnyDay|[upkeep]\n|-heal|p1a: Dragonite|60/100 brn|[from] item: Leftovers\n|-damage|p1a: Dragonite|54/100 brn|[from] brn\n|-damage|p1b: Golurk|33/100 brn|[from] brn\n|upkeep\n|turn|4\n|inactive|Pokocholate has 30 seconds left.\n|\n|t:|1776039672\n|move|p2a: Aerodactyl|Protect|p2a: Aerodactyl\n|-singleturn|p2a: Aerodactyl|Protect\n|move|p1a: Dragonite|Extreme Speed|p2a: Aerodactyl\n|-activate|p2a: Aerodactyl|move: Protect\n|move|p2b: Rotom|Hydro Pump|p1b: Golurk|[miss]\n|-miss|p2b: Rotom|p1b: Golurk\n|move|p1b: Golurk|Poltergeist|p2a: Aerodactyl\n|-activate|p2a: Aerodactyl|move: Protect\n|\n|-weather|SunnyDay|[upkeep]\n|-heal|p1a: Dragonite|60/100 brn|[from] item: Leftovers\n|-damage|p1a: Dragonite|54/100 brn|[from] brn\n|-damage|p1b: Golurk|27/100 brn|[from] brn\n|upkeep\n|turn|5\n|\n|t:|1776039691\n|switch|p2a: Incineroar|Incineroar, L50, M|100/100\n|-ability|p2a: Incineroar|Intimidate|boost\n|-fail|p1a: Dragonite|unboost|Attack|[from] ability: Inner Focus|[of] p1a: Dragonite\n|-unboost|p1b: Golurk|atk|1\n|switch|p1b: Leafeon|Leafeon, L50, F|100/100\n|move|p1a: Dragonite|Extreme Speed|p2a: Incineroar\n|-damage|p2a: Incineroar|93/100\n|move|p2b: Rotom|Hydro Pump|p1b: Leafeon\n|-resisted|p1b: Leafeon|1\n|-damage|p1b: Leafeon|81/100\n|\n|-weather|none\n|-heal|p1a: Dragonite|60/100 brn|[from] item: Leftovers\n|-damage|p1a: Dragonite|54/100 brn|[from] brn\n|-sideend|p1: Pokocholate|move: Tailwind\n|upkeep\n|turn|6\n|inactive|lakeandbake has 30 seconds left.\n|\n|t:|1776039722\n|switch|p2a: Aerodactyl|Aerodactyl, L50, M|5/100\n|-ability|p2a: Aerodactyl|Pressure\n|move|p1b: Leafeon|Protect|p1b: Leafeon\n|-singleturn|p1b: Leafeon|Protect\n|move|p2b: Rotom|Will-O-Wisp|p1b: Leafeon\n|-activate|p1b: Leafeon|move: Protect\n|move|p1a: Dragonite|Tailwind|p1a: Dragonite\n|-sidestart|p1: Pokocholate|move: Tailwind\n|\n|-heal|p1a: Dragonite|60/100 brn|[from] item: Leftovers\n|-damage|p1a: Dragonite|54/100 brn|[from] brn\n|-sideend|p2: lakeandbake|move: Tailwind\n|upkeep\n|turn|7\n|\n|t:|1776039739\n|switch|p2a: Incineroar|Incineroar, L50, M|93/100\n|-ability|p2a: Incineroar|Intimidate|boost\n|-fail|p1a: Dragonite|unboost|Attack|[from] ability: Inner Focus|[of] p1a: Dragonite\n|-unboost|p1b: Leafeon|atk|1\n|move|p1a: Dragonite|Extreme Speed|p2a: Incineroar\n|-damage|p2a: Incineroar|85/100\n|move|p1b: Leafeon|Leaf Blade|p2b: Rotom\n|-supereffective|p2b: Rotom|1\n|-damage|p2b: Rotom|42/100\n|move|p2b: Rotom|Will-O-Wisp|p1b: Leafeon\n|-status|p1b: Leafeon|brn\n|\n|-heal|p1a: Dragonite|60/100 brn|[from] item: Leftovers\n|-heal|p2b: Rotom|48/100|[from] item: Leftovers\n|-damage|p1b: Leafeon|75/100 brn|[from] brn\n|-damage|p1a: Dragonite|54/100 brn|[from] brn\n|upkeep\n|turn|8\n|\n|t:|1776039759\n|move|p1a: Dragonite|Helping Hand|p1b: Leafeon\n|-singleturn|p1b: Leafeon|Helping Hand|[of] p1a: Dragonite\n|move|p2b: Rotom|Protect|p2b: Rotom\n|-singleturn|p2b: Rotom|Protect\n|move|p1b: Leafeon|Leaf Blade|p2b: Rotom\n|-activate|p2b: Rotom|move: Protect\n|move|p2a: Incineroar|Flare Blitz|p1b: Leafeon\n|-supereffective|p1b: Leafeon|1\n|-damage|p1b: Leafeon|0 fnt\n|faint|p1b: Leafeon\n|-damage|p2a: Incineroar|67/100|[from] Recoil\n|\n|-heal|p1a: Dragonite|60/100 brn|[from] item: Leftovers\n|-heal|p2b: Rotom|53/100|[from] item: Leftovers\n|-damage|p1a: Dragonite|54/100 brn|[from] brn\n|upkeep\n|inactive|Pokocholate has 30 seconds left.\n|\n|t:|1776039787\n|switch|p1b: Mimikyu|Mimikyu, L50, M|100/100\n|turn|9\n|\n|t:|1776039808\n|move|p1a: Dragonite|Helping Hand|p1b: Mimikyu\n|-singleturn|p1b: Mimikyu|Helping Hand|[of] p1a: Dragonite\n|move|p1b: Mimikyu|Play Rough|p2b: Rotom\n|-damage|p2b: Rotom|1/100\n|move|p2b: Rotom|Will-O-Wisp|p1b: Mimikyu|[miss]\n|-miss|p2b: Rotom|p1b: Mimikyu\n|move|p2a: Incineroar|Flare Blitz|p1b: Mimikyu\n|-activate|p1b: Mimikyu|ability: Disguise\n|-damage|p1b: Mimikyu|100/100\n|detailschange|p1b: Mimikyu|Mimikyu-Busted, L50, M\n|-damage|p1b: Mimikyu|88/100|[from] pokemon: Mimikyu-Busted\n|\n|-heal|p1a: Dragonite|60/100 brn|[from] item: Leftovers\n|-heal|p2b: Rotom|7/100|[from] item: Leftovers\n|-damage|p1a: Dragonite|54/100 brn|[from] brn\n|-sideend|p1: Pokocholate|move: Tailwind\n|upkeep\n|turn|10\n|inactive|Pokocholate has 30 seconds left.\n|inactive|lakeandbake has 30 seconds left.\n|inactive|Pokocholate has 20 seconds left.\n|inactive|Pokocholate has 15 seconds left.\n|inactive|Pokocholate has 10 seconds left.\n|\n|t:|1776039855\n|move|p2b: Rotom|Protect|p2b: Rotom\n|-singleturn|p2b: Rotom|Protect\n|move|p1b: Mimikyu|Shadow Sneak|p2b: Rotom\n|-activate|p2b: Rotom|move: Protect\n|move|p1a: Dragonite|Tailwind|p1a: Dragonite\n|-sidestart|p1: Pokocholate|move: Tailwind\n|move|p2a: Incineroar|Parting Shot|p1a: Dragonite\n|-unboost|p1a: Dragonite|atk|1\n|-unboost|p1a: Dragonite|spa|1\n|\n|t:|1776039864\n|switch|p2a: Aerodactyl|Aerodactyl, L50, M|5/100|[from] Parting Shot\n|-ability|p2a: Aerodactyl|Pressure\n|\n|-heal|p1a: Dragonite|60/100 brn|[from] item: Leftovers\n|-heal|p2b: Rotom|13/100|[from] item: Leftovers\n|-damage|p1a: Dragonite|54/100 brn|[from] brn\n|upkeep\n|turn|11\n|\n|t:|1776039879\n|move|p1a: Dragonite|Extreme Speed|p2a: Aerodactyl\n|-resisted|p2a: Aerodactyl|1\n|-damage|p2a: Aerodactyl|0 fnt\n|faint|p2a: Aerodactyl\n|move|p1b: Mimikyu|Shadow Sneak|p2b: Rotom\n|-damage|p2b: Rotom|0 fnt\n|faint|p2b: Rotom\n|\n|-heal|p1a: Dragonite|60/100 brn|[from] item: Leftovers\n|-damage|p1a: Dragonite|54/100 brn|[from] brn\n|upkeep\n|\n|t:|1776039890\n|switch|p2a: Incineroar|Incineroar, L50, M|67/100\n|switch|p2b: Delphox|Delphox, L50, F|100/100\n|-ability|p2a: Incineroar|Intimidate|boost\n|-fail|p1a: Dragonite|unboost|Attack|[from] ability: Inner Focus|[of] p1a: Dragonite\n|-unboost|p1b: Mimikyu|atk|1\n|-enditem|p1b: Mimikyu|White Herb\n|-clearnegativeboost|p1b: Mimikyu|[silent]\n|turn|12\n|inactive|lakeandbake has 30 seconds left.\n|\n|t:|1776039921\n|detailschange|p2b: Delphox|Delphox-Mega, L50, F\n|-mega|p2b: Delphox|Delphox|Delphoxite\n|move|p1a: Dragonite|Helping Hand|p1b: Mimikyu\n|-singleturn|p1b: Mimikyu|Helping Hand|[of] p1a: Dragonite\n|move|p1b: Mimikyu|Shadow Sneak|p2b: Delphox\n|-supereffective|p2b: Delphox|1\n|-damage|p2b: Delphox|25/100\n|move|p2b: Delphox|Substitute|p2b: Delphox\n|-fail|p2b: Delphox|move: Substitute|[weak]\n|move|p2a: Incineroar|Throat Chop|p1b: Mimikyu\n|-damage|p1b: Mimikyu|29/100\n|-start|p1b: Mimikyu|Throat Chop|[silent]\n|\n|-heal|p1a: Dragonite|60/100 brn|[from] item: Leftovers\n|-damage|p1a: Dragonite|54/100 brn|[from] brn\n|upkeep\n|turn|13\n|inactive|Pokocholate has 30 seconds left.\n|\n|t:|1776039951\n|move|p1a: Dragonite|Helping Hand|p1b: Mimikyu\n|-singleturn|p1b: Mimikyu|Helping Hand|[of] p1a: Dragonite\n|move|p2b: Delphox|Protect|p2b: Delphox\n|-singleturn|p2b: Delphox|Protect\n|move|p1b: Mimikyu|Shadow Sneak|p2b: Delphox\n|-activate|p2b: Delphox|move: Protect\n|move|p2a: Incineroar|Throat Chop|p1b: Mimikyu\n|-damage|p1b: Mimikyu|0 fnt\n|faint|p1b: Mimikyu\n|\n|-heal|p1a: Dragonite|60/100 brn|[from] item: Leftovers\n|-damage|p1a: Dragonite|54/100 brn|[from] brn\n|-sideend|p1: Pokocholate|move: Tailwind\n|upkeep\n|\n|t:|1776039964\n|switch|p1b: Golurk|Golurk-Mega, L50|27/100 brn\n|turn|14\n|\n|t:|1776039984\n|move|p1a: Dragonite|Helping Hand|p1b: Golurk\n|-singleturn|p1b: Golurk|Helping Hand|[of] p1a: Dragonite\n|move|p2b: Delphox|Heat Wave|p1b: Golurk|[spread] p1b\n|-miss|p2b: Delphox|p1a: Dragonite\n|-damage|p1b: Golurk|0 fnt\n|faint|p1b: Golurk\n|move|p2a: Incineroar|Throat Chop|p1a: Dragonite\n|-damage|p1a: Dragonite|24/100 brn\n|-start|p1a: Dragonite|Throat Chop|[silent]\n|\n|-heal|p1a: Dragonite|30/100 brn|[from] item: Leftovers\n|-damage|p1a: Dragonite|24/100 brn|[from] brn\n|upkeep\n|turn|15\n|-message|Pokocholate forfeited.\n|\n|win|lakeandbake\n|raw|Pokocholate's rating: 1077 &rarr; <strong>1060</strong><br />(-17 for losing)\n|raw|lakeandbake's rating: 1154 &rarr; <strong>1174</strong><br />(+20 for winning)\n",
  "uploadtime": 1776039992,
  "views": 13,
  "formatid": "gen9championsvgc2026regma",
  "rating": 1060,
  "private": 0,
  "password": null
}