{
  "id": "gen9championsvgc2026regma-2583659298",
  "format": "[Gen 9 Champions] VGC 2026 Reg M-A",
  "players": [
    "Zordor",
    "test for tour v15"
  ],
  "log": "|j|\u2606Zordor\n|j|\u2606test for tour v15\n|html|<table width=\"100%\"><tr><td align=\"left\">Zordor</td><td align=\"right\">test for tour v15</tr><tr><td align=\"left\"><i class=\"fa fa-circle-o\"></i> <i class=\"fa fa-circle-o\"></i> </td><td align=\"right\"><i class=\"fa fa-circle-o\"></i> <i class=\"fa fa-circle\"></i> </tr></table>\n|uhtml|bestof|<h2><strong>Game 2</strong> of <a href=\"/game-bestof3-gen9championsvgc2026regma-2583654721\">a best-of-3</a></h2>\n|t:|1776189323\n|gametype|doubles\n|player|p1|Zordor|pilot|\n|player|p2|test for tour v15|miku-flying|\n|gen|9\n|tier|[Gen 9 Champions] VGC 2026 Reg M-A\n|rated|Tournament battle\n|rule|Species Clause: Limit one of each Pok\u00e9mon\n|rule|Item Clause: Limit 1 of each item\n|raw|<div class=\"infobox\"><details class=\"readmore\" open><summary><strong>2 custom rules:</strong></summary> Force Open Team Sheets, Best of = 3</details></div>\n|clearpoke\n|poke|p1|Rotom-Wash, L50|\n|poke|p1|Sneasler, L50, M|\n|poke|p1|Kingambit, L50, F|\n|poke|p1|Altaria, L50, F|\n|poke|p1|Arcanine, L50, F|\n|poke|p1|Farigiraf, L50, F|\n|poke|p2|Gardevoir, L50, F|\n|poke|p2|Aegislash, L50, M|\n|poke|p2|Incineroar, L50, F|\n|poke|p2|Vivillon-Garden, L50, M|\n|poke|p2|Sneasler, L50, M|\n|poke|p2|Hydreigon, L50, M|\n|teampreview|4\n|showteam|p1|Rotom-Wash||SitrusBerry|Levitate|HydroPump,Thunderbolt,WillOWisp,Protect||||||50|]Sneasler||FocusSash|Unburden|DireClaw,CloseCombat,RockTomb,Protect|||M|||50|]Kingambit||ChopleBerry|Defiant|KowtowCleave,IronHead,SuckerPunch,Protect|||F|||50|]Altaria||Altarianite|CloudNine|HyperVoice,DragonPulse,Flamethrower,Protect|||F|||50|]Arcanine||Leftovers|Intimidate|FlareBlitz,PsychicFangs,ExtremeSpeed,Protect|||F|||50|]Farigiraf||ColburBerry|ArmorTail|Psychic,HyperVoice,HelpingHand,TrickRoom|||F|||50|\n|showteam|p2|Gardevoir||Gardevoirite|Trace|Psychic,HyperVoice,CalmMind,Protect|||F|||50|]Aegislash||MentalHerb|StanceChange|IronHead,Poltergeist,SacredSword,KingsShield|||M|||50|]Incineroar||SitrusBerry|Intimidate|FlareBlitz,Snarl,PartingShot,FakeOut|||F|||50|]Vivillon-Garden||FocusSash|CompoundEyes|SleepPowder,RagePowder,Hurricane,Protect|||M|||50|]Sneasler||WhiteHerb|Pressure|CloseCombat,DireClaw,RockSlide,FakeOut|||M|||50|]Hydreigon||LumBerry|Levitate|DracoMeteor,Tailwind,Protect,DarkPulse|||M|||50|\ntest for tour v15 has agreed to open team sheets.\n|inactive|Battle timer is ON: inactive players will automatically lose when time's up. (requested by test for tour v15)\n|\n|t:|1776189362\n|teamsize|p1|4\n|teamsize|p2|4\n|start\n|switch|p1a: Rotom|Rotom-Wash, L50|100/100\n|switch|p1b: Sneasler|Sneasler, L50, M|100/100\n|switch|p2a: Hydreigon|Hydreigon, L50, M|100/100\n|switch|p2b: Gardevoir|Gardevoir, L50, F|100/100\n|-ability|p2b: Gardevoir|Levitate|Trace|[from] ability: Trace|[of] p1a: Rotom\n|turn|1\n|\n|t:|1776189384\n|detailschange|p2b: Gardevoir|Gardevoir-Mega, L50, F\n|-mega|p2b: Gardevoir|Gardevoir|Gardevoirite\n|move|p2b: Gardevoir|Protect|p2b: Gardevoir\n|-singleturn|p2b: Gardevoir|Protect\n|move|p1b: Sneasler|Close Combat|p2a: Hydreigon\n|-supereffective|p2a: Hydreigon|1\n|-damage|p2a: Hydreigon|0 fnt\n|-unboost|p1b: Sneasler|def|1\n|-unboost|p1b: Sneasler|spd|1\n|faint|p2a: Hydreigon\n|move|p1a: Rotom|Thunderbolt|p2b: Gardevoir\n|-activate|p2b: Gardevoir|move: Protect\n|\n|upkeep\n|\n|t:|1776189400\n|switch|p2a: Incineroar|Incineroar, L50, F|100/100\n|-ability|p2a: Incineroar|Intimidate|boost\n|-unboost|p1a: Rotom|atk|1\n|-unboost|p1b: Sneasler|atk|1\n|turn|2\n|\n|t:|1776189412\n|switch|p1b: Arcanine|Arcanine, L50, F|100/100\n|-ability|p1b: Arcanine|Intimidate|boost\n|-unboost|p2a: Incineroar|atk|1\n|-unboost|p2b: Gardevoir|atk|1\n|move|p2a: Incineroar|Fake Out|p1b: Arcanine\n|-damage|p1b: Arcanine|93/100\n|move|p2b: Gardevoir|Hyper Voice|p1b: Arcanine|[spread] p1a,p1b\n|-resisted|p1b: Arcanine|1\n|-damage|p1a: Rotom|54/100\n|-damage|p1b: Arcanine|68/100\n|move|p1a: Rotom|Hydro Pump|p2a: Incineroar\n|-supereffective|p2a: Incineroar|1\n|-damage|p2a: Incineroar|32/100\n|-enditem|p2a: Incineroar|Sitrus Berry|[eat]\n|-heal|p2a: Incineroar|57/100|[from] item: Sitrus Berry\n|\n|-heal|p1b: Arcanine|74/100|[from] item: Leftovers\n|upkeep\n|turn|3\n|\n|t:|1776189431\n|move|p2b: Gardevoir|Calm Mind|p2b: Gardevoir\n|-boost|p2b: Gardevoir|spa|1\n|-boost|p2b: Gardevoir|spd|1\n|move|p1b: Arcanine|Flare Blitz|p2b: Gardevoir\n|-damage|p2b: Gardevoir|33/100\n|-damage|p1b: Arcanine|54/100|[from] Recoil\n|move|p1a: Rotom|Hydro Pump|p2a: Incineroar\n|-supereffective|p2a: Incineroar|1\n|-damage|p2a: Incineroar|0 fnt\n|faint|p2a: Incineroar\n|\n|-heal|p1b: Arcanine|60/100|[from] item: Leftovers\n|upkeep\n|\n|t:|1776189437\n|switch|p2a: Sneasler|Sneasler, L50, M|100/100\n|-ability|p2a: Sneasler|Pressure\n|turn|4\n|\n|t:|1776189455\n|move|p1b: Arcanine|Protect|p1b: Arcanine\n|-singleturn|p1b: Arcanine|Protect\n|move|p2a: Sneasler|Close Combat|p1b: Arcanine\n|-activate|p1b: Arcanine|move: Protect\n|move|p2b: Gardevoir|Hyper Voice|p1b: Arcanine|[spread] p1a\n|-activate|p1b: Arcanine|move: Protect\n|-damage|p1a: Rotom|0 fnt\n|faint|p1a: Rotom\n|\n|-heal|p1b: Arcanine|66/100|[from] item: Leftovers\n|upkeep\n|\n|t:|1776189465\n|switch|p1a: Sneasler|Sneasler, L50, M|100/100\n|turn|5\n|\n|t:|1776189473\n|switch|p1b: Kingambit|Kingambit, L50, F|100/100\n|move|p2b: Gardevoir|Protect|p2b: Gardevoir\n|-singleturn|p2b: Gardevoir|Protect\n|move|p2a: Sneasler|Close Combat|p1b: Kingambit\n|-supereffective|p1b: Kingambit|2\n|-enditem|p1b: Kingambit|Chople Berry|[eat]\n|-enditem|p1b: Kingambit|Chople Berry|[weaken]\n|-damage|p1b: Kingambit|13/100\n|-unboost|p2a: Sneasler|def|1\n|-unboost|p2a: Sneasler|spd|1\n|-enditem|p2a: Sneasler|White Herb\n|-clearnegativeboost|p2a: Sneasler|[silent]\n|move|p1a: Sneasler|Dire Claw|p2b: Gardevoir\n|-activate|p2b: Gardevoir|move: Protect\n|\n|upkeep\n|turn|6\n|\n|t:|1776189491\n|move|p2a: Sneasler|Rock Slide|p1a: Sneasler|[spread] p1a,p1b\n|-resisted|p1a: Sneasler|1\n|-resisted|p1b: Kingambit|1\n|-damage|p1a: Sneasler|86/100\n|-damage|p1b: Kingambit|5/100\n|cant|p1a: Sneasler|flinch\n|move|p2b: Gardevoir|Psychic|p1a: Sneasler\n|-supereffective|p1a: Sneasler|2\n|-damage|p1a: Sneasler|0 fnt\n|faint|p1a: Sneasler\n|move|p1b: Kingambit|Iron Head|p2b: Gardevoir\n|-supereffective|p2b: Gardevoir|1\n|-damage|p2b: Gardevoir|0 fnt\n|faint|p2b: Gardevoir\n|\n|upkeep\n|\n|t:|1776189493\n|switch|p1a: Arcanine|Arcanine, L50, F|66/100\n|-ability|p1a: Arcanine|Intimidate|boost\n|-unboost|p2a: Sneasler|atk|1\n|turn|7\n|\n|t:|1776189504\n|move|p2a: Sneasler|Rock Slide|p1b: Kingambit|[spread] p1a,p1b\n|-supereffective|p1a: Arcanine|1\n|-resisted|p1b: Kingambit|1\n|-damage|p1a: Arcanine|36/100\n|-damage|p1b: Kingambit|1/100\n|cant|p1a: Arcanine|flinch\n|move|p1b: Kingambit|Iron Head|p2a: Sneasler\n|-damage|p2a: Sneasler|32/100\n|\n|-heal|p1a: Arcanine|42/100|[from] item: Leftovers\n|upkeep\n|turn|8\n|\n|t:|1776189519\n|move|p1a: Arcanine|Extreme Speed|p2a: Sneasler\n|-damage|p2a: Sneasler|0 fnt\n|faint|p2a: Sneasler\n|\n|win|Zordor\n||Zordor is ready for game 3.\n||test for tour v15 is ready for game 3.\n|uhtml|next|Next: <a href=\"/battle-gen9championsvgc2026regma-2583662394\"><strong>Game 3 of 3</strong></a>\n|l|\u2606test for tour v15\n|player|p2|\n",
  "uploadtime": 1776189796,
  "views": 20,
  "formatid": "gen9championsvgc2026regma",
  "rating": null,
  "private": 0,
  "password": null
}