{
  "id": "gen9championsvgc2026regma-2585506158",
  "format": "[Gen 9 Champions] VGC 2026 Reg M-A",
  "players": [
    "vortixxxxx",
    "isabellissima"
  ],
  "log": "|j|\u2606vortixxxxx\n|j|\u2606isabellissima\n|t:|1776352111\n|gametype|doubles\n|player|p1|vortixxxxx|266|1163\n|player|p2|isabellissima|266|1146\n|gen|9\n|tier|[Gen 9 Champions] VGC 2026 Reg M-A\n|rated|\n|rule|Species Clause: Limit one of each Pok\u00e9mon\n|rule|Item Clause: Limit 1 of each item\n|clearpoke\n|poke|p1|Arcanine-Hisui, L50, F|\n|poke|p1|Floette-Eternal, L50, F|\n|poke|p1|Palafin, L50, M|\n|poke|p1|Vivillon, L50, M|\n|poke|p1|Sneasler, L50, M|\n|poke|p1|Aegislash, L50, F|\n|poke|p2|Incineroar, L50, M|\n|poke|p2|Gengar, L50, M|\n|poke|p2|Sneasler, L50, F|\n|poke|p2|Maushold-Four, L50|\n|poke|p2|Kommo-o, L50, F|\n|poke|p2|Politoed, L50, F|\n|teampreview|4\n|inactive|Battle timer is ON: inactive players will automatically lose when time's up. (requested by vortixxxxx)\nvortixxxxx rejected open team sheets.\n|inactive|vortixxxxx has 60 seconds left.\n|\n|t:|1776352152\n|teamsize|p1|4\n|teamsize|p2|4\n|start\n|switch|p1a: Vivillon|Vivillon, L50, M|100/100\n|switch|p1b: Palafin|Palafin, L50, M|100/100\n|switch|p2a: Incineroar|Incineroar, L50, M, shiny|100/100\n|switch|p2b: Gengar|Gengar, L50, M, shiny|100/100\n|-ability|p2a: Incineroar|Intimidate|boost\n|-unboost|p1a: Vivillon|atk|1\n|-unboost|p1b: Palafin|atk|1\n|turn|1\n|\n|t:|1776352173\n|detailschange|p2b: Gengar|Gengar-Mega, L50, M, shiny\n|-mega|p2b: Gengar|Gengar|Gengarite\n|move|p1a: Vivillon|Protect|p1a: Vivillon\n|-singleturn|p1a: Vivillon|Protect\n|move|p2a: Incineroar|Fake Out|p1a: Vivillon\n|-activate|p1a: Vivillon|move: Protect\n|move|p2b: Gengar|Perish Song|p2b: Gengar\n|-start|p1a: Vivillon|perish3|[silent]\n|-start|p1b: Palafin|perish3|[silent]\n|-start|p2a: Incineroar|perish3|[silent]\n|-start|p2b: Gengar|perish3|[silent]\n|-fieldactivate|move: Perish Song\n|move|p1b: Palafin|Flip Turn|p2a: Incineroar\n|-supereffective|p2a: Incineroar|1\n|-damage|p2a: Incineroar|76/100\n|\n|t:|1776352184\n|detailschange|p1b: Palafin|Palafin-Hero, L50, M\n|switch|p1b: Aegislash|Aegislash, L50, F|100/100|[from] Flip Turn\n|\n|-start|p2b: Gengar|perish3\n|-start|p1a: Vivillon|perish3\n|-start|p2a: Incineroar|perish3\n|upkeep\n|turn|2\n|\n|t:|1776352201\n|move|p2b: Gengar|Shadow Ball|p1b: Aegislash\n|-supereffective|p1b: Aegislash|1\n|-damage|p1b: Aegislash|25/100\n|move|p1a: Vivillon|Tailwind|p1a: Vivillon\n|-sidestart|p1: vortixxxxx|move: Tailwind\n|-formechange|p1b: Aegislash|Aegislash-Blade|\n|move|p1b: Aegislash|Iron Head|p2b: Gengar\n|-damage|p2b: Gengar|39/100\n|move|p2a: Incineroar|Throat Chop|p1b: Aegislash\n|-supereffective|p1b: Aegislash|1\n|-damage|p1b: Aegislash|0 fnt\n|faint|p1b: Aegislash\n|\n|-start|p1a: Vivillon|perish2\n|-start|p2b: Gengar|perish2\n|-start|p2a: Incineroar|perish2\n|upkeep\n|\n|t:|1776352216\n|switch|p1b: Palafin|Palafin-Hero, L50, M|100/100\n|-activate|p1b: Palafin|ability: Zero to Hero\n|turn|3\n|\n|t:|1776352229\n|move|p2b: Gengar|Protect|p2b: Gengar\n|-singleturn|p2b: Gengar|Protect\n|move|p2a: Incineroar|Protect|p2a: Incineroar\n|-singleturn|p2a: Incineroar|Protect\n|move|p1b: Palafin|Wave Crash|p2b: Gengar\n|-activate|p2b: Gengar|move: Protect\n|move|p1a: Vivillon|Sleep Powder|p2a: Incineroar\n|-activate|p2a: Incineroar|move: Protect\n|\n|-start|p1a: Vivillon|perish1\n|-start|p2b: Gengar|perish1\n|-start|p2a: Incineroar|perish1\n|upkeep\n|turn|4\n|\n|t:|1776352245\n|switch|p2b: Maushold|Maushold-Four, L50|100/100\n|move|p1b: Palafin|Wave Crash|p2b: Maushold\n|-damage|p2b: Maushold|0 fnt\n|faint|p2b: Maushold\n|-damage|p1b: Palafin|67/100|[from] Recoil\n|move|p1a: Vivillon|Sleep Powder|p2a: Incineroar\n|-status|p2a: Incineroar|slp|[from] move: Sleep Powder\n|cant|p2a: Incineroar|slp\n|\n|-start|p1a: Vivillon|perish0\n|-start|p2a: Incineroar|perish0\n|faint|p1a: Vivillon\n|faint|p2a: Incineroar\n|upkeep\n|\n|t:|1776352259\n|switch|p2b: Sneasler|Sneasler, L50, F|100/100\n|switch|p1a: Floette|Floette-Eternal, L50, F|100/100\n|switch|p2a: Gengar|Gengar-Mega, L50, M, shiny|39/100\n|turn|5\n|\n|t:|1776352272\n|detailschange|p1a: Floette|Floette-Mega, L50, F\n|-mega|p1a: Floette|Floette|Floettite\n|-ability|p1a: Floette|Fairy Aura\n|move|p1a: Floette|Protect|p1a: Floette\n|-singleturn|p1a: Floette|Protect\n|move|p2a: Gengar|Protect|p2a: Gengar\n|-singleturn|p2a: Gengar|Protect\n|move|p1b: Palafin|Wave Crash|p2a: Gengar\n|-activate|p2a: Gengar|move: Protect\n|move|p2b: Sneasler|Dire Claw|p1a: Floette\n|-activate|p1a: Floette|move: Protect\n|\n|-sideend|p1: vortixxxxx|move: Tailwind\n|upkeep\n|turn|6\n|inactive|vortixxxxx has 30 seconds left.\n|inactive|vortixxxxx has 20 seconds left.\n|\n|t:|1776352310\n|move|p1b: Palafin|Jet Punch|p2a: Gengar\n|-crit|p2a: Gengar\n|-damage|p2a: Gengar|0 fnt\n|faint|p2a: Gengar\n|move|p2b: Sneasler|Dire Claw|p1a: Floette\n|-supereffective|p1a: Floette|1\n|-damage|p1a: Floette|0 fnt\n|faint|p1a: Floette\n|\n|upkeep\n|turn|7\n|\n|t:|1776352326\n|move|p1b: Palafin|Jet Punch|p2b: Sneasler\n|-damage|p2b: Sneasler|28/100\n|move|p2b: Sneasler|Close Combat|p1b: Palafin\n|-damage|p1b: Palafin|0 fnt\n|-unboost|p2b: Sneasler|def|1\n|-unboost|p2b: Sneasler|spd|1\n|faint|p1b: Palafin\n|\n|win|isabellissima\n|raw|vortixxxxx's rating: 1163 &rarr; <strong>1137</strong><br />(-26 for losing)\n|raw|isabellissima's rating: 1146 &rarr; <strong>1172</strong><br />(+26 for winning)\n|l|\u2606vortixxxxx\n|player|p1|\n",
  "uploadtime": 1776352332,
  "views": 45,
  "formatid": "gen9championsvgc2026regma",
  "rating": 1137,
  "private": 0,
  "password": null
}