{
  "id": "gen9championsvgc2026regma-2584801518",
  "format": "[Gen 9 Champions] VGC 2026 Reg M-A",
  "players": [
    "BlazeingPhonex2",
    "maskedwolf56"
  ],
  "log": "|j|\u2606BlazeingPhonex2\n|j|\u2606maskedwolf56\n|t:|1776284682\n|gametype|doubles\n|player|p1|BlazeingPhonex2|169|1040\n|player|p2|maskedwolf56|giovanni|1071\n|gen|9\n|tier|[Gen 9 Champions] VGC 2026 Reg M-A\n|rated|\n|rule|Species Clause: Limit one of each Pok\u00e9mon\n|rule|Item Clause: Limit 1 of each item\n|clearpoke\n|poke|p1|Charizard, L50, F|\n|poke|p1|Raichu, L50, M|\n|poke|p1|Milotic, L50, F|\n|poke|p1|Serperior, L50, M|\n|poke|p1|Lucario, L50, F|\n|poke|p1|Floette-Eternal, L50, F|\n|poke|p2|Sneasler, L50, F|\n|poke|p2|Tyranitar, L50, M|\n|poke|p2|Rotom-Wash, L50|\n|poke|p2|Aerodactyl, L50, M|\n|poke|p2|Garchomp, L50, M|\n|poke|p2|Sinistcha-Masterpiece, L50|\n|teampreview|4\n|inactive|Battle timer is ON: inactive players will automatically lose when time's up. (requested by maskedwolf56)\n|inactive|BlazeingPhonex2 also wants the timer to be on.\n|inactive|BlazeingPhonex2 has 60 seconds left.\n|inactive|maskedwolf56 has 60 seconds left.\n|\n|t:|1776284720\n|teamsize|p1|4\n|teamsize|p2|4\n|start\n|switch|p1a: Milotic|Milotic, L50, F|100/100\n|switch|p1b: Serperior|Serperior, L50, M|100/100\n|switch|p2a: Tyranitar|Tyranitar, L50, M|100/100\n|switch|p2b: Rotom|Rotom-Wash, L50|100/100\n|-ability|p2a: Tyranitar|Unnerve\n|turn|1\n|\n|t:|1776284744\n|move|p2a: Tyranitar|Protect|p2a: Tyranitar\n|-singleturn|p2a: Tyranitar|Protect\n|move|p1b: Serperior|Leaf Storm|p2a: Tyranitar\n|-activate|p2a: Tyranitar|move: Protect\n|move|p2b: Rotom|Discharge|p1a: Milotic|[spread] p1a,p1b\n|-activate|p2a: Tyranitar|move: Protect\n|-supereffective|p1a: Milotic|1\n|-resisted|p1b: Serperior|1\n|-damage|p1a: Milotic|55/100\n|-damage|p1b: Serperior|82/100\n|move|p1a: Milotic|Icy Wind|p2b: Rotom|[spread] \n|-activate|p2a: Tyranitar|move: Protect\n|-miss|p1a: Milotic|p2b: Rotom\n|\n|upkeep\n|turn|2\n|inactive|maskedwolf56 has 30 seconds left.\n|inactive|maskedwolf56 has 20 seconds left.\n|inactive|maskedwolf56 has 15 seconds left.\n|\n|t:|1776284786\n|detailschange|p2a: Tyranitar|Tyranitar-Mega, L50, M\n|-mega|p2a: Tyranitar|Tyranitar|Tyranitarite\n|-weather|Sandstorm|[from] ability: Sand Stream|[of] p2a: Tyranitar\n|move|p1b: Serperior|Leaf Storm|p2a: Tyranitar|[miss]\n|-miss|p1b: Serperior|p2a: Tyranitar\n|move|p2b: Rotom|Discharge|p1a: Milotic|[spread] p2a,p1a,p1b\n|-supereffective|p1a: Milotic|1\n|-resisted|p1b: Serperior|1\n|-damage|p2a: Tyranitar|85/100\n|-damage|p1a: Milotic|15/100\n|-damage|p1b: Serperior|66/100\n|-status|p1b: Serperior|par\n|-enditem|p1a: Milotic|Sitrus Berry|[eat]\n|-heal|p1a: Milotic|40/100|[from] item: Sitrus Berry\n|move|p1a: Milotic|Icy Wind|p2a: Tyranitar|[spread] p2a,p2b\n|-resisted|p2b: Rotom|1\n|-damage|p2a: Tyranitar|79/100\n|-damage|p2b: Rotom|93/100\n|-unboost|p2a: Tyranitar|spe|1\n|-unboost|p2b: Rotom|spe|1\n|move|p2a: Tyranitar|Rock Slide|p1b: Serperior|[spread] p1a,p1b\n|-damage|p1a: Milotic|1/100\n|-damage|p1b: Serperior|29/100 par\n|\n|-weather|Sandstorm|[upkeep]\n|-damage|p1a: Milotic|0 fnt|[from] Sandstorm\n|-damage|p2b: Rotom|88/100|[from] Sandstorm\n|-damage|p1b: Serperior|23/100 par|[from] Sandstorm\n|faint|p1a: Milotic\n|upkeep\n|c|\u2606BlazeingPhonex2|dawg\n|c|\u2606BlazeingPhonex2|could not physically wiff moves more\n|\n|t:|1776284811\n|switch|p1a: Floette|Floette-Eternal, L50, F|100/100\n|turn|3\n|c|\u2606maskedwolf56|lmao thats leaf storm for ya\n|c|\u2606maskedwolf56|shit never works for me\n|c|\u2606BlazeingPhonex2|i missed 4 hydros in a row in this ahh game\n|inactive|BlazeingPhonex2 has 30 seconds left.\n|inactive|maskedwolf56 has 30 seconds left.\n|\n|t:|1776284841\n|move|p2a: Tyranitar|Protect|p2a: Tyranitar\n|-singleturn|p2a: Tyranitar|Protect\n|move|p1a: Floette|Dazzling Gleam|p2b: Rotom|[spread] p2b\n|-activate|p2a: Tyranitar|move: Protect\n|-damage|p2b: Rotom|44/100\n|move|p2b: Rotom|Electroweb|p1b: Serperior|[spread] p1a,p1b\n|-resisted|p1b: Serperior|1\n|-damage|p1a: Floette|78/100\n|-damage|p1b: Serperior|11/100 par\n|-unboost|p1a: Floette|spe|1\n|-boost|p1b: Serperior|spe|1\n|cant|p1b: Serperior|par\n|\n|-weather|Sandstorm|[upkeep]\n|-damage|p1b: Serperior|5/100 par|[from] Sandstorm\n|-damage|p1a: Floette|72/100|[from] Sandstorm\n|-damage|p2b: Rotom|39/100|[from] Sandstorm\n|upkeep\n|turn|4\n|\n|t:|1776284861\n|move|p1b: Serperior|Leaf Storm|p2a: Tyranitar\n|-supereffective|p2a: Tyranitar|1\n|-damage|p2a: Tyranitar|31/100\n|-boost|p1b: Serperior|spa|2\n|move|p1a: Floette|Dazzling Gleam|p2b: Rotom|[spread] p2a,p2b\n|-supereffective|p2a: Tyranitar|1\n|-damage|p2a: Tyranitar|3/100\n|-damage|p2b: Rotom|2/100\n|move|p2b: Rotom|Electroweb|p1a: Floette|[spread] p1a,p1b\n|-resisted|p1b: Serperior|1\n|-damage|p1a: Floette|50/100\n|-damage|p1b: Serperior|0 fnt\n|-unboost|p1a: Floette|spe|1\n|faint|p1b: Serperior\n|move|p2a: Tyranitar|Rock Slide|p1a: Floette|[miss]\n|-miss|p2a: Tyranitar|p1a: Floette\n|\n|-weather|Sandstorm|[upkeep]\n|-damage|p2b: Rotom|0 fnt|[from] Sandstorm\n|-damage|p1a: Floette|44/100|[from] Sandstorm\n|faint|p2b: Rotom\n|upkeep\n|c|\u2606maskedwolf56|damn 2 and 3 % is crazy\n|c|\u2606BlazeingPhonex2|fr\n|\n|t:|1776284886\n|switch|p1b: Charizard|Charizard, L50, F|100/100\n|switch|p2b: Garchomp|Garchomp, L50, M|100/100\n|turn|5\n|inactive|BlazeingPhonex2 has 30 seconds left.\n|inactive|BlazeingPhonex2 has 20 seconds left.\n|\n|t:|1776284923\n|move|p1b: Charizard|Protect|p1b: Charizard\n|-singleturn|p1b: Charizard|Protect\n|move|p2b: Garchomp|Poison Jab|p1a: Floette\n|-supereffective|p1a: Floette|1\n|-damage|p1a: Floette|0 fnt\n|faint|p1a: Floette\n|move|p2a: Tyranitar|Rock Slide|p1b: Charizard\n|-activate|p1b: Charizard|move: Protect\n|\n|-weather|Sandstorm|[upkeep]\n|-damage|p1b: Charizard|95/100|[from] Sandstorm\n|upkeep\n|turn|6\n|c|\u2606BlazeingPhonex2|hmmmmm\n|\n|t:|1776284939\n|detailschange|p1b: Charizard|Charizard-Mega-X, L50, F\n|-mega|p1b: Charizard|Charizard|Charizardite X\n|move|p2b: Garchomp|Dragon Claw|p1b: Charizard\n|-supereffective|p1b: Charizard|1\n|-damage|p1b: Charizard|9/100\n|move|p1b: Charizard|Dragon Dance|p1b: Charizard\n|-boost|p1b: Charizard|atk|1\n|-boost|p1b: Charizard|spe|1\n|move|p2a: Tyranitar|Rock Slide|p1b: Charizard|[miss]\n|-miss|p2a: Tyranitar|p1b: Charizard\n|\n|-weather|none\n|upkeep\n|turn|7\n|c|\u2606BlazeingPhonex2|youNOOOO\n|c|\u2606maskedwolf56|misclick?\n|c|\u2606BlazeingPhonex2|THE ONE TIME YOU SEE A MEGA X I GET HIT WITH A DCLAW\n|inactive|maskedwolf56 has 30 seconds left.\n|c|\u2606BlazeingPhonex2|ur supposed to be FOOLED\n|\n|t:|1776284969\n|move|p1b: Charizard|Breaking Swipe|p2b: Garchomp|[spread] p2a,p2b\n|-supereffective|p2b: Garchomp|1\n|-damage|p2a: Tyranitar|0 fnt\n|-damage|p2b: Garchomp|3/100\n|-unboost|p2b: Garchomp|atk|1\n|faint|p2a: Tyranitar\n|move|p2b: Garchomp|Dragon Claw|p1b: Charizard\n|-supereffective|p1b: Charizard|1\n|-damage|p1b: Charizard|0 fnt\n|faint|p1b: Charizard\n|\n|win|maskedwolf56\n|raw|BlazeingPhonex2's rating: 1026 &rarr; <strong>1014</strong><br />(-12 for losing)\n|raw|maskedwolf56's rating: 1071 &rarr; <strong>1097</strong><br />(+26 for winning)\n|c|\u2606BlazeingPhonex2|CRYING\n|c|\u2606BlazeingPhonex2|what was in the back\n|c|\u2606maskedwolf56|lmao honestly i wasn't expecting that\n|c|\u2606maskedwolf56|that was just the only move i had to hit ya fr\n|c|\u2606BlazeingPhonex2|if that killed i js won\n|c|\u2606maskedwolf56|it was eq and poison jab left\n|c|\u2606BlazeingPhonex2|grrr\n|l|\u2606BlazeingPhonex2\n|player|p1|\n|c|\u2606maskedwolf56|nah i had sneasler with rockslide in the back\n",
  "uploadtime": 1776285035,
  "views": 19,
  "formatid": "gen9championsvgc2026regma",
  "rating": 1014,
  "private": 0,
  "password": null
}