{
  "id": "gen9championsvgc2026regma-2588738667",
  "format": "[Gen 9 Champions] VGC 2026 Reg M-A",
  "players": [
    "rainha456",
    "holibrand"
  ],
  "log": "|j|\u2606rainha456\n|j|\u2606holibrand\n|t:|1776664229\n|gametype|doubles\n|player|p1|rainha456|1|1242\n|player|p2|holibrand|pokemonbreeder-gen4|1233\n|gen|9\n|tier|[Gen 9 Champions] VGC 2026 Reg M-A\n|rated|\n|rule|Species Clause: Limit one of each Pok\u00e9mon\n|rule|Item Clause: Limit 1 of each item\n|clearpoke\n|poke|p1|Starmie, L50|\n|poke|p1|Ninetales-Alola, L50, F|\n|poke|p1|Incineroar, L50, F|\n|poke|p1|Sneasler, L50, F|\n|poke|p1|Zoroark-Hisui, L50, F|\n|poke|p1|Scizor, L50, F|\n|poke|p2|Charizard, L50, M, shiny|\n|poke|p2|Sinistcha, L50|\n|poke|p2|Whimsicott, L50, F|\n|poke|p2|Milotic, L50, F, shiny|\n|poke|p2|Weavile, L50, M|\n|poke|p2|Aegislash, L50, F|\n|teampreview|4\n|inactive|Battle timer is ON: inactive players will automatically lose when time's up. (requested by holibrand)\n|inactive|rainha456 has 60 seconds left.\n|\n|t:|1776664259\n|teamsize|p1|4\n|teamsize|p2|4\n|start\n|switch|p1a: Starmie|Starmie, L50|100/100\n|switch|p1b: Incineroar|Incineroar, L50, F|100/100\n|switch|p2a: Milotic|Milotic, L50, F, shiny|100/100\n|switch|p2b: Whimsicott|Whimsicott, L50, F|100/100\n|-ability|p1b: Incineroar|Intimidate|boost\n|-unboost|p2a: Milotic|atk|1\n|-ability|p2a: Milotic|Competitive|boost\n|-boost|p2a: Milotic|spa|2\n|-unboost|p2b: Whimsicott|atk|1\n|turn|1\n|\n|t:|1776664283\n|move|p2b: Whimsicott|Protect|p2b: Whimsicott\n|-singleturn|p2b: Whimsicott|Protect\n|move|p1b: Incineroar|Fake Out|p2b: Whimsicott\n|-activate|p2b: Whimsicott|move: Protect\n|move|p1a: Starmie|Trick|p2a: Milotic\n|-activate|p1a: Starmie|move: Trick|[of] p2a: Milotic\n|-item|p2a: Milotic|Choice Scarf|[from] move: Trick\n|-item|p1a: Starmie|Bright Powder|[from] move: Trick\n|move|p2a: Milotic|Coil|p2a: Milotic\n|-boost|p2a: Milotic|atk|1\n|-boost|p2a: Milotic|def|1\n|-boost|p2a: Milotic|accuracy|1\n|\n|upkeep\n|turn|2\n|\n|t:|1776664303\n|switch|p1a: Sneasler|Sneasler, L50, F|100/100\n|move|p2b: Whimsicott|Encore||[still]\n|-fail|p2b: Whimsicott\n|move|p2a: Milotic|Coil|p2a: Milotic\n|-boost|p2a: Milotic|atk|1\n|-boost|p2a: Milotic|def|1\n|-boost|p2a: Milotic|accuracy|1\n|move|p1b: Incineroar|Flare Blitz|p2b: Whimsicott\n|-supereffective|p2b: Whimsicott|1\n|-enditem|p2b: Whimsicott|Focus Sash\n|-damage|p2b: Whimsicott|1/100\n|-damage|p1b: Incineroar|78/100|[from] Recoil\n|\n|upkeep\n|turn|3\n|\n|t:|1776664319\n|switch|p2a: Aegislash|Aegislash, L50, F|100/100\n|move|p2b: Whimsicott|Protect|p2b: Whimsicott\n|-singleturn|p2b: Whimsicott|Protect\n|move|p1a: Sneasler|Fake Out|p2b: Whimsicott\n|-activate|p2b: Whimsicott|move: Protect\n|move|p1b: Incineroar|Parting Shot|p2a: Aegislash\n|-unboost|p2a: Aegislash|atk|1\n|-unboost|p2a: Aegislash|spa|1\n|\n|t:|1776664339\n|switch|p1b: Starmie|Starmie, L50|100/100|[from] Parting Shot\n|\n|upkeep\n|turn|4\n|\n|t:|1776664353\n|detailschange|p1b: Starmie|Starmie-Mega, L50\n|-mega|p1b: Starmie|Starmie|Starminite\n|move|p2b: Whimsicott|Encore|p1a: Sneasler\n|-start|p1a: Sneasler|Encore\n|move|p1a: Sneasler|Fake Out||[still]\n|-hint|Fake Out only works on your first turn out.\n|-fail|p1a: Sneasler\n|move|p1b: Starmie|Flip Turn|p2a: Aegislash\n|-damage|p2a: Aegislash|60/100\n|\n|t:|1776664361\n|switch|p1b: Incineroar|Incineroar, L50, F|78/100|[from] Flip Turn\n|-ability|p1b: Incineroar|Intimidate|boost\n|-unboost|p2a: Aegislash|atk|1\n|-unboost|p2b: Whimsicott|atk|1\n|-formechange|p2a: Aegislash|Aegislash-Blade|\n|move|p2a: Aegislash|Shadow Ball|p1b: Incineroar\n|-resisted|p1b: Incineroar|1\n|-damage|p1b: Incineroar|65/100\n|-unboost|p1b: Incineroar|spd|1\n|\n|upkeep\n|turn|5\n|\n|t:|1776664380\n|switch|p1a: Starmie|Starmie-Mega, L50|100/100\n|switch|p2a: Milotic|Milotic, L50, F, shiny|100/100\n|move|p2b: Whimsicott|Tailwind|p2b: Whimsicott\n|-sidestart|p2: holibrand|move: Tailwind\n|move|p1b: Incineroar|Flare Blitz|p2a: Milotic\n|-resisted|p2a: Milotic|1\n|-damage|p2a: Milotic|77/100\n|-damage|p1b: Incineroar|58/100|[from] Recoil\n|\n|upkeep\n|turn|6\n|\n|t:|1776664398\n|switch|p1b: Sneasler|Sneasler, L50, F|100/100\n|move|p2b: Whimsicott|Dazzling Gleam|p1a: Starmie|[spread] p1a,p1b\n|-damage|p1a: Starmie|47/100\n|-damage|p1b: Sneasler|65/100\n|replace|p1a: Zoroark|Zoroark-Hisui, L50, F\n|-end|p1a: Zoroark|Illusion\n|move|p2a: Milotic|Muddy Water|p1b: Sneasler|[spread] p1a,p1b\n|-crit|p1b: Sneasler\n|-damage|p1a: Zoroark|0 fnt\n|-damage|p1b: Sneasler|10/100\n|faint|p1a: Zoroark\n|\n|upkeep\n|\n|t:|1776664409\n|switch|p1a: Starmie|Starmie-Mega, L50|100/100\n|turn|7\n|\n|t:|1776664419\n|switch|p2a: Aegislash|Aegislash, L50, F|60/100\n|move|p2b: Whimsicott|Protect|p2b: Whimsicott\n|-singleturn|p2b: Whimsicott|Protect\n|move|p1b: Sneasler|Fake Out|p2b: Whimsicott\n|-activate|p2b: Whimsicott|move: Protect\n|move|p1a: Starmie|Zen Headbutt|p2a: Aegislash|[miss]\n|-miss|p1a: Starmie|p2a: Aegislash\n|\n|upkeep\n|turn|8\n|\n|t:|1776664437\n|switch|p1b: Incineroar|Incineroar, L50, F|58/100\n|-ability|p1b: Incineroar|Intimidate|boost\n|-unboost|p2a: Aegislash|atk|1\n|-unboost|p2b: Whimsicott|atk|1\n|move|p1a: Starmie|Protect|p1a: Starmie\n|-singleturn|p1a: Starmie|Protect\n|move|p2b: Whimsicott|Dazzling Gleam|p1b: Incineroar|[spread] p1b\n|-activate|p1a: Starmie|move: Protect\n|-damage|p1b: Incineroar|35/100\n|-enditem|p1b: Incineroar|Sitrus Berry|[eat]\n|-heal|p1b: Incineroar|60/100|[from] item: Sitrus Berry\n|-formechange|p2a: Aegislash|Aegislash-Blade|\n|move|p2a: Aegislash|Shadow Ball|p1a: Starmie\n|-activate|p1a: Starmie|move: Protect\n|\n|-sideend|p2: holibrand|move: Tailwind\n|upkeep\n|turn|9\n|inactive|rainha456 has 30 seconds left.\n|\n|t:|1776664466\n|switch|p1a: Sneasler|Sneasler, L50, F|10/100\n|move|p2b: Whimsicott|Protect|p2b: Whimsicott\n|-singleturn|p2b: Whimsicott|Protect\n|-formechange|p2a: Aegislash|Aegislash|\n|move|p2a: Aegislash|King's Shield|p2a: Aegislash\n|-singleturn|p2a: Aegislash|Protect\n|move|p1b: Incineroar|Darkest Lariat|p2b: Whimsicott\n|-activate|p2b: Whimsicott|move: Protect\n|\n|upkeep\n|turn|10\n|\n|t:|1776664480\n|switch|p2b: Milotic|Milotic, L50, F, shiny|77/100\n|move|p1a: Sneasler|Fake Out|p2b: Milotic\n|-damage|p2b: Milotic|64/100\n|-status|p2b: Milotic|psn|[from] ability: Poison Touch|[of] p1a: Sneasler\n|move|p1b: Incineroar|Flare Blitz|p2a: Aegislash\n|-supereffective|p2a: Aegislash|1\n|-damage|p2a: Aegislash|0 fnt\n|faint|p2a: Aegislash\n|-damage|p1b: Incineroar|44/100|[from] Recoil\n|\n|-damage|p2b: Milotic|52/100 psn|[from] psn\n|upkeep\n|\n|t:|1776664490\n|switch|p2a: Charizard|Charizard, L50, M, shiny|100/100\n|turn|11\n|\n|t:|1776664504\n|detailschange|p2a: Charizard|Charizard-Mega-X, L50, M, shiny\n|-mega|p2a: Charizard|Charizard|Charizardite X\n|move|p1a: Sneasler|Close Combat|p2b: Milotic\n|-damage|p2b: Milotic|1/100 psn\n|-unboost|p1a: Sneasler|def|1\n|-unboost|p1a: Sneasler|spd|1\n|move|p2b: Milotic|Muddy Water|p1a: Sneasler|[spread] p1b\n|-miss|p2b: Milotic|p1a: Sneasler\n|-supereffective|p1b: Incineroar|1\n|-damage|p1b: Incineroar|0 fnt\n|faint|p1b: Incineroar\n|move|p2a: Charizard|Dragon Dance|p2a: Charizard\n|-boost|p2a: Charizard|atk|1\n|-boost|p2a: Charizard|spe|1\n|\n|-damage|p2b: Milotic|0 fnt|[from] psn\n|faint|p2b: Milotic\n|upkeep\n|\n|t:|1776664518\n|switch|p2b: Whimsicott|Whimsicott, L50, F|1/100\n|switch|p1b: Starmie|Starmie-Mega, L50|100/100\n|turn|12\n|inactive|holibrand has 30 seconds left.\n|inactive|holibrand has 20 seconds left.\n|\n|t:|1776664555\n|move|p2b: Whimsicott|Protect|p2b: Whimsicott\n|-singleturn|p2b: Whimsicott|Protect\n|move|p2a: Charizard|Protect|p2a: Charizard\n|-singleturn|p2a: Charizard|Protect\n|move|p1a: Sneasler|Dire Claw|p2a: Charizard\n|-activate|p2a: Charizard|move: Protect\n|move|p1b: Starmie|Zen Headbutt|p2a: Charizard\n|-activate|p2a: Charizard|move: Protect\n|\n|upkeep\n|turn|13\n|\n|t:|1776664578\n|move|p2b: Whimsicott|Tailwind|p2b: Whimsicott\n|-sidestart|p2: holibrand|move: Tailwind\n|move|p2a: Charizard|Dragon Claw|p1a: Sneasler\n|-damage|p1a: Sneasler|0 fnt\n|faint|p1a: Sneasler\n|move|p1b: Starmie|Zen Headbutt|p2a: Charizard\n|-damage|p2a: Charizard|33/100\n|\n|upkeep\n|turn|14\n|\n|t:|1776664592\n|move|p2a: Charizard|Dragon Claw|p1b: Starmie\n|-damage|p1b: Starmie|0 fnt\n|faint|p1b: Starmie\n|\n|win|holibrand\n|raw|rainha456's rating: 1242 &rarr; <strong>1216</strong><br />(-26 for losing)\n|raw|holibrand's rating: 1233 &rarr; <strong>1259</strong><br />(+26 for winning)\n|l|\u2606rainha456\n|player|p1|\n",
  "uploadtime": 1776664611,
  "views": 15,
  "formatid": "gen9championsvgc2026regma",
  "rating": 1216,
  "private": 0,
  "password": null
}