{
  "id": "gen9championsvgc2026regma-2581260952",
  "format": "[Gen 9 Champions] VGC 2026 Reg M-A",
  "players": [
    "Golurk365",
    "shapy23"
  ],
  "log": "|j|\u2606Golurk365\n|j|\u2606shapy23\n|t:|1775977807\n|gametype|doubles\n|player|p1|Golurk365|hugh|1064\n|player|p2|shapy23|2|1094\n|gen|9\n|tier|[Gen 9 Champions] VGC 2026 Reg M-A\n|rated|\n|rule|Species Clause: Limit one of each Pok\u00e9mon\n|rule|Item Clause: Limit 1 of each item\n|clearpoke\n|poke|p1|Golurk, L50|\n|poke|p1|Farigiraf, L50, F|\n|poke|p1|Incineroar, L50, F|\n|poke|p1|Clefable, L50, F|\n|poke|p1|Arcanine-Hisui, L50, M|\n|poke|p1|Archaludon, L50, F|\n|poke|p2|Gyarados, L50, F|\n|poke|p2|Whimsicott, L50, M|\n|poke|p2|Sneasler, L50, F|\n|poke|p2|Garchomp, L50, F|\n|poke|p2|Delphox, L50, F|\n|poke|p2|Orthworm, L50, M|\n|teampreview|4\n|inactive|Battle timer is ON: inactive players will automatically lose when time's up. (requested by shapy23)\n|inactive|Golurk365 also wants the timer to be on.\n|\n|t:|1775977836\n|teamsize|p1|4\n|teamsize|p2|4\n|start\n|switch|p1a: Farigiraf|Farigiraf, L50, F|100/100\n|switch|p1b: Incineroar|Incineroar, L50, F|100/100\n|switch|p2a: Delphox|Delphox, L50, F|100/100\n|switch|p2b: Gyarados|Gyarados, L50, F|100/100\n|-ability|p2b: Gyarados|Intimidate|boost\n|-unboost|p1a: Farigiraf|atk|1\n|-unboost|p1b: Incineroar|atk|1\n|-ability|p1b: Incineroar|Intimidate|boost\n|-unboost|p2a: Delphox|atk|1\n|-unboost|p2b: Gyarados|atk|1\n|turn|1\n|inactive|shapy23 has 30 seconds left.\n|inactive|shapy23 has 20 seconds left.\n|inactive|shapy23 has 15 seconds left.\n|inactive|shapy23 has 10 seconds left.\n|inactive|shapy23 has 5 seconds left.\n|\n|t:|1775977891\n|move|p1b: Incineroar|Fake Out|p2b: Gyarados\n|-damage|p2b: Gyarados|90/100\n|move|p2a: Delphox|Psychic|p1b: Incineroar\n|-immune|p1b: Incineroar\n|cant|p2b: Gyarados|flinch\n|move|p1a: Farigiraf|Trick Room|p1a: Farigiraf\n|-fieldstart|move: Trick Room|[of] p1a: Farigiraf\n|\n|-heal|p2b: Gyarados|96/100|[from] item: Leftovers\n|upkeep\n|turn|2\n|inactive|shapy23 has 30 seconds left.\n|\n|t:|1775977924\n|switch|p2a: Orthworm|Orthworm, L50, M|100/100\n|move|p1a: Farigiraf|Hyper Voice|p2b: Gyarados|[spread] p2a,p2b\n|-resisted|p2a: Orthworm|1\n|-damage|p2a: Orthworm|83/100\n|-damage|p2b: Gyarados|69/100\n|move|p1b: Incineroar|Will-O-Wisp|p2b: Gyarados\n|-status|p2b: Gyarados|brn\n|move|p2b: Gyarados|Waterfall|p1b: Incineroar\n|-supereffective|p1b: Incineroar|1\n|-damage|p1b: Incineroar|74/100\n|\n|-heal|p2b: Gyarados|75/100 brn|[from] item: Leftovers\n|-damage|p2b: Gyarados|69/100 brn|[from] brn\n|upkeep\n|turn|3\n|inactive|Golurk365 has 30 seconds left.\n|inactive|shapy23 has 30 seconds left.\n|inactive|shapy23 has 20 seconds left.\n|\n|t:|1775977966\n|move|p1a: Farigiraf|Hyper Voice|p2a: Orthworm|[spread] p2a,p2b\n|-resisted|p2a: Orthworm|1\n|-crit|p2a: Orthworm\n|-damage|p2a: Orthworm|59/100\n|-damage|p2b: Gyarados|37/100 brn\n|move|p2a: Orthworm|Shed Tail|p2a: Orthworm\n|-start|p2a: Orthworm|Substitute|[from] move: Shed Tail\n|-damage|p2a: Orthworm|8/100\n|-enditem|p2a: Orthworm|Sitrus Berry|[eat]\n|-heal|p2a: Orthworm|33/100|[from] item: Sitrus Berry\n|\n|t:|1775977978\n|switch|p2a: Delphox|Delphox, L50, F|100/100|[from] Shed Tail\n|move|p1b: Incineroar|Parting Shot|p2a: Delphox\n|-unboost|p2a: Delphox|atk|1\n|-unboost|p2a: Delphox|spa|1\n|\n|t:|1775977994\n|switch|p1b: Golurk|Golurk, L50|100/100|[from] Parting Shot\n|move|p2b: Gyarados|Thunder Wave|p1a: Farigiraf\n|-status|p1a: Farigiraf|par\n|\n|-heal|p2b: Gyarados|43/100 brn|[from] item: Leftovers\n|-damage|p2b: Gyarados|37/100 brn|[from] brn\n|upkeep\n|turn|4\n|\n|t:|1775978011\n|detailschange|p1b: Golurk|Golurk-Mega, L50\n|-mega|p1b: Golurk|Golurk|Golurkite\n|detailschange|p2a: Delphox|Delphox-Mega, L50, F\n|-mega|p2a: Delphox|Delphox|Delphoxite\n|move|p1a: Farigiraf|Hyper Voice|p2b: Gyarados|[spread] p2a,p2b\n|-damage|p2a: Delphox|72/100\n|-damage|p2b: Gyarados|9/100 brn\n|move|p1b: Golurk|Rock Slide|p2b: Gyarados|[spread] p2a\n|-miss|p1b: Golurk|p2b: Gyarados\n|-supereffective|p2a: Delphox|1\n|-end|p2a: Delphox|Substitute\n|move|p2b: Gyarados|Ice Fang|p1b: Golurk\n|-supereffective|p1b: Golurk|1\n|-damage|p1b: Golurk|89/100\n|move|p2a: Delphox|Heat Wave|p1b: Golurk|[spread] p1a,p1b\n|-damage|p1a: Farigiraf|74/100 par\n|-damage|p1b: Golurk|65/100\n|\n|-heal|p1a: Farigiraf|80/100 par|[from] item: Leftovers\n|-heal|p2b: Gyarados|15/100 brn|[from] item: Leftovers\n|-damage|p2b: Gyarados|9/100 brn|[from] brn\n|upkeep\n|turn|5\n|inactive|shapy23 has 30 seconds left.\n|\n|t:|1775978038\n|move|p1a: Farigiraf|Hyper Voice|p2a: Delphox|[spread] p2a,p2b\n|-damage|p2a: Delphox|44/100\n|-damage|p2b: Gyarados|0 fnt\n|faint|p2b: Gyarados\n|move|p1b: Golurk|Rock Slide|p2a: Delphox\n|-supereffective|p2a: Delphox|1\n|-damage|p2a: Delphox|0 fnt\n|faint|p2a: Delphox\n|\n|-heal|p1a: Farigiraf|86/100 par|[from] item: Leftovers\n|-fieldend|move: Trick Room\n|upkeep\n|\n|t:|1775978047\n|switch|p2a: Orthworm|Orthworm, L50, M|33/100\n|switch|p2b: Garchomp|Garchomp, L50, F|100/100\n|turn|6\n|\n|t:|1775978064\n|switch|p1a: Incineroar|Incineroar, L50, F|74/100\n|-ability|p1a: Incineroar|Intimidate|boost\n|-unboost|p2a: Orthworm|atk|1\n|-unboost|p2b: Garchomp|atk|1\n|move|p1b: Golurk|Protect|p1b: Golurk\n|-singleturn|p1b: Golurk|Protect\n|move|p2b: Garchomp|Earthquake|p1b: Golurk|[spread] p1a\n|-activate|p1b: Golurk|move: Protect\n|-heal|p2a: Orthworm|58/100|[from] ability: Earth Eater|[of] p2b: Garchomp\n|-supereffective|p1a: Incineroar|1\n|-damage|p1a: Incineroar|21/100\n|move|p2a: Orthworm|Curse|p2a: Orthworm\n|-unboost|p2a: Orthworm|spe|1\n|-boost|p2a: Orthworm|atk|1\n|-boost|p2a: Orthworm|def|1\n|\n|upkeep\n|turn|7\n|inactive|shapy23 has 30 seconds left.\n|\n|t:|1775978090\n|move|p1a: Incineroar|Fake Out|p2b: Garchomp\n|-damage|p2b: Garchomp|87/100\n|-damage|p1a: Incineroar|9/100|[from] ability: Rough Skin|[of] p2b: Garchomp\n|cant|p2b: Garchomp|flinch\n|move|p1b: Golurk|Ice Punch|p2b: Garchomp\n|-supereffective|p2b: Garchomp|2\n|-damage|p2b: Garchomp|0 fnt\n|-damage|p1b: Golurk|53/100|[from] ability: Rough Skin|[of] p2b: Garchomp\n|faint|p2b: Garchomp\n|move|p2a: Orthworm|Curse|p2a: Orthworm\n|-unboost|p2a: Orthworm|spe|1\n|-boost|p2a: Orthworm|atk|1\n|-boost|p2a: Orthworm|def|1\n|\n|upkeep\n|turn|8\n|-message|shapy23 forfeited.\n|\n|win|Golurk365\n|raw|Golurk365's rating: 1064 &rarr; <strong>1097</strong><br />(+33 for winning)\n|raw|shapy23's rating: 1094 &rarr; <strong>1068</strong><br />(-26 for losing)\n|l|\u2606shapy23\n|player|p2|\n",
  "uploadtime": 1775978104,
  "views": 13,
  "formatid": "gen9championsvgc2026regma",
  "rating": 1068,
  "private": 0,
  "password": null
}