{
  "id": "gen9championsvgc2026regma-2583921343",
  "format": "[Gen 9 Champions] VGC 2026 Reg M-A",
  "players": [
    "Icarus#UPAD",
    "Cheasleywithaw"
  ],
  "log": "|j|\u2606Icarus#UPAD\n|j|\u2606Cheasleywithaw\n|t:|1776208488\n|gametype|doubles\n|player|p1|Icarus#UPAD|grimsley|1383\n|player|p2|Cheasleywithaw|266|1452\n|gen|9\n|tier|[Gen 9 Champions] VGC 2026 Reg M-A\n|rated|\n|rule|Species Clause: Limit one of each Pok\u00e9mon\n|rule|Item Clause: Limit 1 of each item\n|clearpoke\n|poke|p1|Floette-Eternal, L50, F|\n|poke|p1|Maushold, L50|\n|poke|p1|Garchomp, L50, M|\n|poke|p1|Talonflame, L50, F|\n|poke|p1|Rotom-Wash, L50|\n|poke|p1|Kingambit, L50, F|\n|poke|p2|Incineroar, L50, F|\n|poke|p2|Milotic, L50, M|\n|poke|p2|Sinistcha-Masterpiece, L50|\n|poke|p2|Floette-Eternal, L50, F|\n|poke|p2|Aerodactyl, L50, M|\n|poke|p2|Garchomp, L50, M|\n|teampreview|4\n|inactive|Battle timer is ON: inactive players will automatically lose when time's up. (requested by Icarus#UPAD)\nCheasleywithaw has agreed to open team sheets.\n|inactive|Icarus#UPAD has 60 seconds left.\n|inactive|Icarus#UPAD has 30 seconds left.\n|\n|t:|1776208552\n|teamsize|p1|4\n|teamsize|p2|4\n|start\n|switch|p1a: Rotom|Rotom-Wash, L50|100/100\n|switch|p1b: Kingambit|Kingambit, L50, F|100/100\n|switch|p2a: Aerodactyl|Aerodactyl, L50, M|100/100\n|switch|p2b: Floette|Floette-Eternal, L50, F|100/100\n|-ability|p2a: Aerodactyl|Unnerve\n|turn|1\n|\n|t:|1776208567\n|switch|p2a: Garchomp|Garchomp, L50, M|100/100\n|detailschange|p2b: Floette|Floette-Mega, L50, F\n|-mega|p2b: Floette|Floette|Floettite\n|-ability|p2b: Floette|Fairy Aura\n|move|p2b: Floette|Protect|p2b: Floette\n|-singleturn|p2b: Floette|Protect\n|move|p1a: Rotom|Thunderbolt|p2b: Floette\n|-activate|p2b: Floette|move: Protect\n|move|p1b: Kingambit|Iron Head|p2b: Floette\n|-activate|p2b: Floette|move: Protect\n|\n|upkeep\n|turn|2\n|\n|t:|1776208592\n|switch|p2b: Sinistcha|Sinistcha-Masterpiece, L50|100/100\n|move|p1b: Kingambit|Protect|p1b: Kingambit\n|-singleturn|p1b: Kingambit|Protect\n|move|p2a: Garchomp|Stomping Tantrum|p1b: Kingambit\n|-activate|p1b: Kingambit|move: Protect\n|move|p1a: Rotom|Will-O-Wisp|p2a: Garchomp\n|-status|p2a: Garchomp|brn\n|\n|-damage|p2a: Garchomp|94/100 brn|[from] brn\n|upkeep\n|turn|3\n|inactive|Icarus#UPAD has 30 seconds left.\n|inactive|Icarus#UPAD has 20 seconds left.\n|\n|t:|1776208629\n|move|p2a: Garchomp|Stomping Tantrum|p1b: Kingambit\n|-supereffective|p1b: Kingambit|1\n|-crit|p1b: Kingambit\n|-damage|p1b: Kingambit|49/100\n|move|p1a: Rotom|Hydro Pump|p2a: Garchomp\n|-damage|p2a: Garchomp|37/100 brn\n|move|p2b: Sinistcha|Matcha Gotcha|p1a: Rotom|[spread] p1a,p1b\n|-supereffective|p1a: Rotom|1\n|-resisted|p1b: Kingambit|1\n|-damage|p1a: Rotom|47/100\n|-damage|p1b: Kingambit|38/100\n|-status|p1b: Kingambit|brn\n|move|p1b: Kingambit|Kowtow Cleave|p2b: Sinistcha\n|-supereffective|p2b: Sinistcha|1\n|-damage|p2b: Sinistcha|52/100\n|\n|-heal|p1a: Rotom|53/100|[from] item: Leftovers\n|-damage|p2a: Garchomp|31/100 brn|[from] brn\n|-damage|p1b: Kingambit|32/100 brn|[from] brn\n|upkeep\n|turn|4\n|inactive|Cheasleywithaw has 30 seconds left.\n|inactive|Icarus#UPAD has 30 seconds left.\n|\n|t:|1776208660\n|move|p1b: Kingambit|Sucker Punch||[still]\n|-fail|p1b: Kingambit\n|move|p2a: Garchomp|Stomping Tantrum|p1b: Kingambit\n|-supereffective|p1b: Kingambit|1\n|-damage|p1b: Kingambit|1/100 brn\n|move|p1a: Rotom|Thunderbolt|p2b: Sinistcha\n|-resisted|p2b: Sinistcha|1\n|-damage|p2b: Sinistcha|30/100\n|move|p2b: Sinistcha|Strength Sap|p1a: Rotom\n|-unboost|p1a: Rotom|atk|1\n|-heal|p2b: Sinistcha|73/100\n|\n|-heal|p1a: Rotom|58/100|[from] item: Leftovers\n|-damage|p2a: Garchomp|25/100 brn|[from] brn\n|-damage|p1b: Kingambit|0 fnt|[from] brn\n|faint|p1b: Kingambit\n|upkeep\n|\n|t:|1776208672\n|switch|p1b: Talonflame|Talonflame, L50, F|100/100\n|turn|5\n|\n|t:|1776208680\n|switch|p2b: Aerodactyl|Aerodactyl, L50, M|100/100\n|-ability|p2b: Aerodactyl|Unnerve\n|move|p1b: Talonflame|Acrobatics|p2b: Aerodactyl\n|-resisted|p2b: Aerodactyl|1\n|-damage|p2b: Aerodactyl|66/100\n|move|p2a: Garchomp|Scale Shot|p1b: Talonflame\n|-damage|p1b: Talonflame|89/100\n|-damage|p1b: Talonflame|78/100\n|-damage|p1b: Talonflame|66/100\n|-damage|p1b: Talonflame|55/100\n|-hitcount|p1b: Talonflame|4\n|-unboost|p2a: Garchomp|def|1\n|-boost|p2a: Garchomp|spe|1\n|move|p1a: Rotom|Hydro Pump|p2a: Garchomp\n|-damage|p2a: Garchomp|0 fnt\n|faint|p2a: Garchomp\n|\n|-heal|p1a: Rotom|64/100|[from] item: Leftovers\n|upkeep\n|\n|t:|1776208702\n|switch|p2a: Sinistcha|Sinistcha-Masterpiece, L50|73/100\n|-heal|p2b: Aerodactyl|90/100|[from] ability: Hospitality|[of] p2a: Sinistcha\n|turn|6\n|\n|t:|1776208711\n|move|p1b: Talonflame|Protect|p1b: Talonflame\n|-singleturn|p1b: Talonflame|Protect\n|move|p2b: Aerodactyl|Rock Slide|p1a: Rotom|[spread] \n|-activate|p1b: Talonflame|move: Protect\n|-miss|p2b: Aerodactyl|p1a: Rotom\n|move|p1a: Rotom|Thunderbolt|p2b: Aerodactyl\n|-supereffective|p2b: Aerodactyl|1\n|-damage|p2b: Aerodactyl|0 fnt\n|faint|p2b: Aerodactyl\n|move|p2a: Sinistcha|Matcha Gotcha|p1a: Rotom|[spread] p1a\n|-activate|p1b: Talonflame|move: Protect\n|-supereffective|p1a: Rotom|1\n|-damage|p1a: Rotom|11/100\n|-heal|p2a: Sinistcha|97/100|[from] drain|[of] p1a: Rotom\n|\n|-heal|p1a: Rotom|16/100|[from] item: Leftovers\n|upkeep\n|\n|t:|1776208726\n|switch|p2b: Floette|Floette-Mega, L50, F|100/100\n|-ability|p2b: Floette|Fairy Aura\n|turn|7\n|inactive|Icarus#UPAD has 30 seconds left.\n|inactive|Icarus#UPAD has 20 seconds left.\n|inactive|Icarus#UPAD has 15 seconds left.\n|inactive|Icarus#UPAD has 10 seconds left.\n|inactive|Icarus#UPAD has 5 seconds left.\n|\n|t:|1776208780\n|move|p1a: Rotom|Protect|p1a: Rotom\n|-singleturn|p1a: Rotom|Protect\n|move|p1b: Talonflame|Acrobatics|p2a: Sinistcha\n|-supereffective|p2a: Sinistcha|1\n|-crit|p2a: Sinistcha\n|-enditem|p2a: Sinistcha|Coba Berry|[eat]\n|-enditem|p2a: Sinistcha|Coba Berry|[weaken]\n|-damage|p2a: Sinistcha|44/100\n|move|p2b: Floette|Calm Mind|p2b: Floette\n|-boost|p2b: Floette|spa|1\n|-boost|p2b: Floette|spd|1\n|move|p2a: Sinistcha|Trick Room|p2a: Sinistcha\n|-fieldstart|move: Trick Room|[of] p2a: Sinistcha\n|\n|-heal|p1a: Rotom|22/100|[from] item: Leftovers\n|upkeep\n|turn|8\n|inactive|Icarus#UPAD has 30 seconds left.\n|inactive|Cheasleywithaw has 30 seconds left.\n|inactive|Icarus#UPAD has 20 seconds left.\n|\n|t:|1776208816\n|move|p2a: Sinistcha|Strength Sap|p1b: Talonflame\n|-unboost|p1b: Talonflame|atk|1\n|-heal|p2a: Sinistcha|100/100\n|move|p1a: Rotom|Hydro Pump|p2b: Floette|[miss]\n|-miss|p1a: Rotom|p2b: Floette\n|move|p2b: Floette|Moonblast|p1b: Talonflame\n|-resisted|p1b: Talonflame|1\n|-damage|p1b: Talonflame|0 fnt\n|faint|p1b: Talonflame\n|\n|-heal|p1a: Rotom|28/100|[from] item: Leftovers\n|upkeep\n|c|\u2606Cheasleywithaw|sory\n|\n|t:|1776208824\n|switch|p1b: Floette|Floette-Eternal, L50, F|100/100\n|turn|9\n|\n|t:|1776208845\n|detailschange|p1b: Floette|Floette-Mega, L50, F\n|-mega|p1b: Floette|Floette|Floettite\n|-ability|p1b: Floette|Fairy Aura\n|move|p2a: Sinistcha|Matcha Gotcha|p1a: Rotom|[spread] p1b\n|-miss|p2a: Sinistcha|p1a: Rotom\n|-damage|p1b: Floette|82/100\n|-status|p1b: Floette|brn\n|move|p1a: Rotom|Hydro Pump|p2b: Floette\n|-damage|p2b: Floette|75/100\n|move|p1b: Floette|Moonblast|p2a: Sinistcha\n|-damage|p2a: Sinistcha|19/100\n|move|p2b: Floette|Moonblast|p1b: Floette\n|-damage|p1b: Floette|0 fnt\n|faint|p1b: Floette\n|\n|-heal|p1a: Rotom|34/100|[from] item: Leftovers\n|upkeep\n|turn|10\n|-message|Icarus#UPAD forfeited.\n|\n|win|Cheasleywithaw\n|raw|Icarus#UPAD's rating: 1383 &rarr; <strong>1367</strong><br />(-16 for losing)\n|raw|Cheasleywithaw's rating: 1452 &rarr; <strong>1468</strong><br />(+16 for winning)\n|l|\u2606Icarus#UPAD\n|player|p1|\n|l|\u2606Cheasleywithaw\n|player|p2|\n",
  "uploadtime": 1776208870,
  "views": 28,
  "formatid": "gen9championsvgc2026regma",
  "rating": 1367,
  "private": 0,
  "password": null
}