{
  "id": "gen9championsvgc2026regma-2580454508",
  "format": "[Gen 9 Champions] VGC 2026 Reg M-A",
  "players": [
    "nizerap",
    "ajisainoyoru"
  ],
  "log": "|j|\u2606nizerap\n|j|\u2606ajisainoyoru\n|t:|1775899033\n|gametype|doubles\n|player|p1|nizerap|1|1000\n|player|p2|ajisainoyoru|miku-flying|1114\n|gen|9\n|tier|[Gen 9 Champions] VGC 2026 Reg M-A\n|rated|\n|rule|Species Clause: Limit one of each Pok\u00e9mon\n|rule|Item Clause: Limit 1 of each item\n|clearpoke\n|poke|p1|Meganium, L50, F|\n|poke|p1|Pelipper, L50, F|\n|poke|p1|Archaludon, L50, M|\n|poke|p1|Incineroar, L50, F|\n|poke|p1|Basculegion, L50, M|\n|poke|p1|Kingambit, L50, F|\n|poke|p2|Froslass, L50, F|\n|poke|p2|Rotom-Frost, L50|\n|poke|p2|Garchomp, L50, F|\n|poke|p2|Aegislash, L50, F|\n|poke|p2|Greninja-*, L50, M|\n|poke|p2|Orthworm, L50, M|\n|teampreview|4\n|\n|t:|1775899062\n|teamsize|p1|4\n|teamsize|p2|4\n|start\n|switch|p1a: Pelipper|Pelipper, L50, F|100/100\n|switch|p1b: Incineroar|Incineroar, L50, F|100/100\n|switch|p2a: meowchomp|Garchomp, L50, F|100/100\n|switch|p2b: orthmeow|Orthworm, L50, M, shiny|100/100\n|-ability|p1b: Incineroar|Intimidate|boost\n|-unboost|p2a: meowchomp|atk|1\n|-unboost|p2b: orthmeow|atk|1\n|-weather|RainDance|[from] ability: Drizzle|[of] p1a: Pelipper\n|turn|1\n|\n|t:|1775899099\n|move|p1b: Incineroar|Fake Out|p2b: orthmeow\n|-resisted|p2b: orthmeow|1\n|-damage|p2b: orthmeow|96/100\n|move|p2a: meowchomp|Earthquake|p1b: Incineroar|[spread] p1b\n|-heal|p2b: orthmeow|100/100|[from] ability: Earth Eater|[of] p2a: meowchomp\n|-immune|p1a: Pelipper\n|-supereffective|p1b: Incineroar|1\n|-damage|p1b: Incineroar|52/100\n|cant|p2b: orthmeow|flinch\n|move|p1a: Pelipper|Tailwind|p1a: Pelipper\n|-sidestart|p1: nizerap|move: Tailwind\n|\n|-weather|RainDance|[upkeep]\n|upkeep\n|turn|2\n|\n|t:|1775899127\n|move|p1b: Incineroar|Parting Shot|p2a: meowchomp\n|-unboost|p2a: meowchomp|atk|1\n|-unboost|p2a: meowchomp|spa|1\n|\n|t:|1775899135\n|switch|p1b: Meganium|Meganium, L50, F|100/100|[from] Parting Shot\n|move|p1a: Pelipper|Weather Ball|p2a: meowchomp\n|-damage|p2a: meowchomp|23/100\n|move|p2a: meowchomp|Rock Slide|p1a: Pelipper|[spread] p1a,p1b\n|-supereffective|p1a: Pelipper|1\n|-damage|p1a: Pelipper|77/100\n|-damage|p1b: Meganium|91/100\n|move|p2b: orthmeow|Rock Slide|p1b: Meganium|[spread] p1a,p1b\n|-supereffective|p1a: Pelipper|1\n|-damage|p1a: Pelipper|59/100\n|-damage|p1b: Meganium|84/100\n|\n|-weather|RainDance|[upkeep]\n|-heal|p1a: Pelipper|65/100|[from] item: Leftovers\n|upkeep\n|turn|3\n|\n|t:|1775899171\n|detailschange|p1b: Meganium|Meganium-Mega, L50, F\n|-mega|p1b: Meganium|Meganium|Meganiumite\n|move|p2a: meowchomp|Protect|p2a: meowchomp\n|-singleturn|p2a: meowchomp|Protect\n|move|p1b: Meganium|Solar Beam||[still]\n|-prepare|p1b: Meganium|Solar Beam\n|-activate|p1b: Meganium|ability: Mega Sol\n|-anim|p1b: Meganium|Solar Beam|p2a: meowchomp\n|-activate|p2a: meowchomp|move: Protect\n|move|p1a: Pelipper|Weather Ball|p2b: orthmeow\n|-damage|p2b: orthmeow|8/100\n|-enditem|p2b: orthmeow|Sitrus Berry|[eat]\n|-heal|p2b: orthmeow|32/100|[from] item: Sitrus Berry\n|move|p2b: orthmeow|Shed Tail|p2b: orthmeow\n|-fail|p2b: orthmeow|move: Shed Tail|[weak]\n|\n|-weather|RainDance|[upkeep]\n|-heal|p1a: Pelipper|71/100|[from] item: Leftovers\n|upkeep\n|turn|4\n|\n|t:|1775899197\n|move|p1b: Meganium|Dazzling Gleam|p2b: orthmeow|[spread] p2a,p2b\n|-supereffective|p2a: meowchomp|1\n|-resisted|p2b: orthmeow|1\n|-damage|p2a: meowchomp|0 fnt\n|-damage|p2b: orthmeow|8/100\n|faint|p2a: meowchomp\n|move|p1a: Pelipper|Weather Ball|p2b: orthmeow\n|-damage|p2b: orthmeow|0 fnt\n|faint|p2b: orthmeow\n|\n|-weather|RainDance|[upkeep]\n|-heal|p1a: Pelipper|77/100|[from] item: Leftovers\n|-sideend|p1: nizerap|move: Tailwind\n|upkeep\n|\n|t:|1775899209\n|switch|p2a: fuyu|Froslass, L50, F, shiny|100/100\n|switch|p2b: meowtom|Rotom-Frost, L50|100/100\n|turn|5\n|\n|t:|1775899233\n|switch|p1a: Incineroar|Incineroar, L50, F|52/100\n|-ability|p1a: Incineroar|Intimidate|boost\n|-unboost|p2a: fuyu|atk|1\n|-unboost|p2b: meowtom|atk|1\n|move|p2a: fuyu|Protect|p2a: fuyu\n|-singleturn|p2a: fuyu|Protect\n|move|p2b: meowtom|Thunderbolt|p1a: Incineroar\n|-damage|p1a: Incineroar|5/100\n|-enditem|p1a: Incineroar|Sitrus Berry|[eat]\n|-heal|p1a: Incineroar|30/100|[from] item: Sitrus Berry\n|move|p1b: Meganium|Earth Power|p2a: fuyu\n|-activate|p2a: fuyu|move: Protect\n|\n|-weather|none\n|upkeep\n|turn|6\n|\n|t:|1775899269\n|detailschange|p2a: fuyu|Froslass-Mega, L50, F, shiny\n|-mega|p2a: fuyu|Froslass|Froslassite\n|-weather|Snowscape|[from] ability: Snow Warning|[of] p2a: fuyu\n|move|p1a: Incineroar|Fake Out|p2b: meowtom\n|-damage|p2b: meowtom|91/100\n|move|p2a: fuyu|Blizzard|p1a: Incineroar|[spread] p1a,p1b\n|-resisted|p1a: Incineroar|1\n|-supereffective|p1b: Meganium|1\n|-damage|p1a: Incineroar|3/100\n|-damage|p1b: Meganium|6/100\n|cant|p2b: meowtom|flinch\n|move|p1b: Meganium|Solar Beam||[still]\n|-prepare|p1b: Meganium|Solar Beam\n|-activate|p1b: Meganium|ability: Mega Sol\n|-anim|p1b: Meganium|Solar Beam|p2a: fuyu\n|-damage|p2a: fuyu|5/100\n|\n|-weather|Snowscape|[upkeep]\n|upkeep\n|turn|7\n|\n|t:|1775899302\n|move|p2a: fuyu|Blizzard|p1a: Incineroar|[spread] p1a,p1b\n|-resisted|p1a: Incineroar|1\n|-supereffective|p1b: Meganium|1\n|-damage|p1a: Incineroar|0 fnt\n|-damage|p1b: Meganium|0 fnt\n|faint|p1a: Incineroar\n|faint|p1b: Meganium\n|move|p2b: meowtom|Blizzard|p1: Incineroar|[notarget]\n|-fail|p2b: meowtom\n|\n|-weather|Snowscape|[upkeep]\n|upkeep\n|\n|t:|1775899310\n|switch|p1a: Pelipper|Pelipper, L50, F|77/100\n|switch|p1b: Basculegion|Basculegion, L50, M|100/100\n|-weather|RainDance|[from] ability: Drizzle|[of] p1a: Pelipper\n|turn|8\n|\n|t:|1775899344\n|move|p2a: fuyu|Protect|p2a: fuyu\n|-singleturn|p2a: fuyu|Protect\n|move|p1a: Pelipper|Protect|p1a: Pelipper\n|-singleturn|p1a: Pelipper|Protect\n|move|p1b: Basculegion|Aqua Jet|p2a: fuyu\n|-activate|p2a: fuyu|move: Protect\n|move|p2b: meowtom|Thunderbolt|p1b: Basculegion\n|-supereffective|p1b: Basculegion|1\n|-damage|p1b: Basculegion|21/100\n|\n|-weather|RainDance|[upkeep]\n|-heal|p1a: Pelipper|83/100|[from] item: Leftovers\n|upkeep\n|turn|9\n|\n|t:|1775899366\n|move|p1b: Basculegion|Aqua Jet|p2a: fuyu\n|-damage|p2a: fuyu|0 fnt\n|faint|p2a: fuyu\n|move|p2b: meowtom|Blizzard|p1a: Pelipper|[spread] p1a,p1b\n|-resisted|p1b: Basculegion|1\n|-damage|p1a: Pelipper|18/100\n|-damage|p1b: Basculegion|0 fnt\n|faint|p1b: Basculegion\n|move|p1a: Pelipper|Hurricane|p2b: meowtom\n|-resisted|p2b: meowtom|1\n|-damage|p2b: meowtom|59/100\n|-start|p2b: meowtom|confusion\n|\n|-weather|RainDance|[upkeep]\n|-heal|p1a: Pelipper|24/100|[from] item: Leftovers\n|upkeep\n|turn|10\n|\n|t:|1775899387\n|-activate|p2b: meowtom|confusion\n|-damage|p2b: meowtom|53/100|[from] confusion\n|move|p1a: Pelipper|Weather Ball|p2b: meowtom\n|-damage|p2b: meowtom|0 fnt\n|faint|p2b: meowtom\n|\n|win|nizerap\n|raw|nizerap's rating: 1000 &rarr; <strong>1053</strong><br />(+53 for winning)\n|raw|ajisainoyoru's rating: 1114 &rarr; <strong>1081</strong><br />(-33 for losing)\n",
  "uploadtime": 1775899398,
  "views": 17,
  "formatid": "gen9championsvgc2026regma",
  "rating": 1053,
  "private": 0,
  "password": null
}