{
  "id": "gen9championsvgc2026regma-2584377954",
  "format": "[Gen 9 Champions] VGC 2026 Reg M-A",
  "players": [
    "laytheness",
    "Barber1"
  ],
  "log": "|j|\u2606laytheness\n|j|\u2606Barber1\n|t:|1776256303\n|gametype|doubles\n|player|p1|laytheness|170|1239\n|player|p2|Barber1|cynthia-gen4|1279\n|gen|9\n|tier|[Gen 9 Champions] VGC 2026 Reg M-A\n|rated|\n|rule|Species Clause: Limit one of each Pok\u00e9mon\n|rule|Item Clause: Limit 1 of each item\n|clearpoke\n|poke|p1|Sneasler, L50, F|\n|poke|p1|Tyranitar, L50, F|\n|poke|p1|Farigiraf, L50, F|\n|poke|p1|Aerodactyl, L50, M|\n|poke|p1|Charizard, L50, F|\n|poke|p1|Dragonite, L50, F|\n|poke|p2|Floette-Eternal, L50, F|\n|poke|p2|Sneasler, L50, M|\n|poke|p2|Aerodactyl, L50, F|\n|poke|p2|Delphox, L50, M|\n|poke|p2|Kingambit, L50, F|\n|poke|p2|Garchomp, L50, F|\n|teampreview|4\n|inactive|Battle timer is ON: inactive players will automatically lose when time's up. (requested by Barber1)\n|inactive|laytheness has 60 seconds left.\n|inactive|Barber1 has 60 seconds left.\n|inactive|laytheness has 30 seconds left.\n|inactive|laytheness has 20 seconds left.\n|inactive|laytheness has 15 seconds left.\n|inactive|laytheness has 10 seconds left.\n|inactive|laytheness has 5 seconds left.\n|\n|t:|1776256390\n|teamsize|p1|4\n|teamsize|p2|4\n|start\n|switch|p1a: Sneasler|Sneasler, L50, F|100/100\n|switch|p1b: Aerodactyl|Aerodactyl, L50, M|100/100\n|switch|p2a: Sneasler|Sneasler, L50, M|100/100\n|switch|p2b: Floette|Floette-Eternal, L50, F|100/100\n|-ability|p1b: Aerodactyl|Unnerve\n|turn|1\n|inactive|Barber1 has 30 seconds left.\n|inactive|Barber1 has 20 seconds left.\n|inactive|Barber1 has 15 seconds left.\n|\n|t:|1776256430\n|switch|p2b: Kingambit|Kingambit, L50, F|100/100\n|move|p2a: Sneasler|Fake Out|p1b: Aerodactyl\n|-resisted|p1b: Aerodactyl|1\n|-damage|p1b: Aerodactyl|88/100\n|cant|p1b: Aerodactyl|flinch\n|move|p1a: Sneasler|Dire Claw|p2b: Kingambit\n|-immune|p2b: Kingambit\n|\n|upkeep\n|turn|2\n|inactive|Barber1 has 30 seconds left.\n|inactive|Barber1 has 20 seconds left.\n|inactive|Barber1 has 15 seconds left.\n|\n|t:|1776256473\n|-end|p2b: Kingambit|fallenundefined|[silent]\n|switch|p2b: Garchomp|Garchomp, L50, F|100/100\n|move|p2a: Sneasler|Protect|p2a: Sneasler\n|-singleturn|p2a: Sneasler|Protect\n|move|p1b: Aerodactyl|Tailwind|p1b: Aerodactyl\n|-sidestart|p1: laytheness|move: Tailwind\n|move|p1a: Sneasler|Close Combat|p2b: Garchomp\n|-damage|p2b: Garchomp|47/100\n|-unboost|p1a: Sneasler|def|1\n|-unboost|p1a: Sneasler|spd|1\n|-damage|p1a: Sneasler|88/100|[from] ability: Rough Skin|[of] p2b: Garchomp\n|-enditem|p1a: Sneasler|White Herb\n|-clearnegativeboost|p1a: Sneasler|[silent]\n|\n|upkeep\n|turn|3\n|inactive|laytheness has 30 seconds left.\n|inactive|laytheness has 20 seconds left.\n|inactive|laytheness has 15 seconds left.\n|inactive|laytheness has 10 seconds left.\n|\n|t:|1776256519\n|switch|p2a: Kingambit|Kingambit, L50, F|100/100\n|move|p1b: Aerodactyl|Wide Guard|p1b: Aerodactyl\n|-singleturn|p1b: Aerodactyl|Wide Guard\n|move|p1a: Sneasler|Close Combat|p2b: Garchomp\n|-damage|p2b: Garchomp|0 fnt\n|-unboost|p1a: Sneasler|def|1\n|-unboost|p1a: Sneasler|spd|1\n|-damage|p1a: Sneasler|76/100|[from] ability: Rough Skin|[of] p2b: Garchomp\n|faint|p2b: Garchomp\n|\n|upkeep\n|\n|t:|1776256527\n|switch|p2b: Floette|Floette-Eternal, L50, F|100/100\n|turn|4\n|\n|t:|1776256550\n|switch|p1b: Charizard|Charizard, L50, F|100/100\n|switch|p2b: Sneasler|Sneasler, L50, M|100/100\n|move|p1a: Sneasler|Protect|p1a: Sneasler\n|-singleturn|p1a: Sneasler|Protect\n|move|p2a: Kingambit|Sucker Punch||[still]\n|-fail|p2a: Kingambit\n|\n|upkeep\n|turn|5\n|inactive|laytheness has 30 seconds left.\n|inactive|Barber1 has 30 seconds left.\n|\n|t:|1776256582\n|switch|p1a: Aerodactyl|Aerodactyl, L50, M|88/100\n|-ability|p1a: Aerodactyl|Unnerve\n|-end|p2a: Kingambit|fallenundefined|[silent]\n|switch|p2a: Floette|Floette-Eternal, L50, F|100/100\n|move|p1b: Charizard|Protect|p1b: Charizard\n|-singleturn|p1b: Charizard|Protect\n|move|p2b: Sneasler|Dire Claw|p1b: Charizard\n|-activate|p1b: Charizard|move: Protect\n|\n|-sideend|p1: laytheness|move: Tailwind\n|upkeep\n|turn|6\n|inactive|laytheness has 30 seconds left.\n|inactive|laytheness has 20 seconds left.\n|inactive|laytheness has 15 seconds left.\n|\n|t:|1776256623\n|detailschange|p1b: Charizard|Charizard-Mega-Y, L50, F\n|-mega|p1b: Charizard|Charizard|Charizardite Y\n|-weather|SunnyDay|[from] ability: Drought|[of] p1b: Charizard\n|detailschange|p2a: Floette|Floette-Mega, L50, F\n|-mega|p2a: Floette|Floette|Floettite\n|-ability|p2a: Floette|Fairy Aura\n|move|p1a: Aerodactyl|Tailwind|p1a: Aerodactyl\n|-sidestart|p1: laytheness|move: Tailwind\n|move|p1b: Charizard|Heat Wave|p2a: Floette|[spread] p2a,p2b\n|-damage|p2a: Floette|49/100\n|-damage|p2b: Sneasler|5/100\n|-status|p2a: Floette|brn\n|move|p2b: Sneasler|Close Combat|p1a: Aerodactyl\n|-damage|p1a: Aerodactyl|0 fnt\n|-unboost|p2b: Sneasler|def|1\n|-unboost|p2b: Sneasler|spd|1\n|faint|p1a: Aerodactyl\n|-enditem|p2b: Sneasler|White Herb\n|-clearnegativeboost|p2b: Sneasler|[silent]\n|move|p2a: Floette|Dazzling Gleam|p1b: Charizard\n|-resisted|p1b: Charizard|1\n|-damage|p1b: Charizard|65/100\n|\n|-weather|SunnyDay|[upkeep]\n|-damage|p2a: Floette|43/100 brn|[from] brn\n|upkeep\n|\n|t:|1776256643\n|switch|p1a: Sneasler|Sneasler, L50, F|76/100\n|turn|7\n|inactive|laytheness has 30 seconds left.\n|\n|t:|1776256679\n|move|p2a: Floette|Protect|p2a: Floette\n|-singleturn|p2a: Floette|Protect\n|move|p1a: Sneasler|Fake Out|p2b: Sneasler\n|-damage|p2b: Sneasler|0 fnt\n|faint|p2b: Sneasler\n|move|p1b: Charizard|Heat Wave|p2a: Floette\n|-activate|p2a: Floette|move: Protect\n|\n|-weather|SunnyDay|[upkeep]\n|-damage|p2a: Floette|38/100 brn|[from] brn\n|upkeep\n|\n|t:|1776256685\n|switch|p2b: Kingambit|Kingambit, L50, F|100/100\n|-activate|p2b: Kingambit|ability: Supreme Overlord\n|-start|p2b: Kingambit|fallen2|[silent]\n|turn|8\n|\n|t:|1776256698\n|move|p2b: Kingambit|Protect|p2b: Kingambit\n|-singleturn|p2b: Kingambit|Protect\n|move|p1a: Sneasler|Close Combat|p2b: Kingambit\n|-activate|p2b: Kingambit|move: Protect\n|move|p1b: Charizard|Heat Wave|p2a: Floette|[spread] p2a\n|-activate|p2b: Kingambit|move: Protect\n|-damage|p2a: Floette|0 fnt\n|faint|p2a: Floette\n|\n|-weather|SunnyDay|[upkeep]\n|upkeep\n|turn|9\n|\n|t:|1776256709\n|move|p2b: Kingambit|Sucker Punch|p1a: Sneasler\n|-resisted|p1a: Sneasler|1\n|-damage|p1a: Sneasler|36/100\n|move|p1a: Sneasler|Close Combat|p2b: Kingambit\n|-supereffective|p2b: Kingambit|2\n|-enditem|p2b: Kingambit|Chople Berry|[eat]\n|-enditem|p2b: Kingambit|Chople Berry|[weaken]\n|-damage|p2b: Kingambit|22/100\n|-unboost|p1a: Sneasler|def|1\n|-unboost|p1a: Sneasler|spd|1\n|move|p1b: Charizard|Weather Ball|p2b: Kingambit\n|-supereffective|p2b: Kingambit|1\n|-crit|p2b: Kingambit\n|-damage|p2b: Kingambit|0 fnt\n|faint|p2b: Kingambit\n|-end|p2b: Kingambit|fallen2|[silent]\n|\n|win|laytheness\n|raw|laytheness's rating: 1239 &rarr; <strong>1267</strong><br />(+28 for winning)\n|raw|Barber1's rating: 1279 &rarr; <strong>1251</strong><br />(-28 for losing)\n|l|\u2606laytheness\n|player|p1|\n",
  "uploadtime": 1776256728,
  "views": 25,
  "formatid": "gen9championsvgc2026regma",
  "rating": 1251,
  "private": 0,
  "password": null
}