{
  "id": "gen9championsvgc2026regma-2588014677",
  "format": "[Gen 9 Champions] VGC 2026 Reg M-A",
  "players": [
    "PTSDofficial",
    "EXSA"
  ],
  "log": "|j|\u2606PTSDofficial\n|j|\u2606EXSA\n|t:|1776593112\n|gametype|doubles\n|player|p1|PTSDofficial|veteran|1136\n|player|p2|EXSA|101|1132\n|gen|9\n|tier|[Gen 9 Champions] VGC 2026 Reg M-A\n|rated|\n|rule|Species Clause: Limit one of each Pok\u00e9mon\n|rule|Item Clause: Limit 1 of each item\n|clearpoke\n|poke|p1|Chandelure, L50, F, shiny|\n|poke|p1|Garchomp, L50, F|\n|poke|p1|Whimsicott, L50, M|\n|poke|p1|Sneasler, L50, F|\n|poke|p1|Rotom-Wash, L50|\n|poke|p1|Kingambit, L50, F|\n|poke|p2|Oranguru, L50, M|\n|poke|p2|Incineroar, L50, M|\n|poke|p2|Torkoal, L50, F|\n|poke|p2|Venusaur, L50, M|\n|poke|p2|Aerodactyl, L50, M|\n|poke|p2|Gallade, L50, M|\n|teampreview|4\n|\n|t:|1776593171\n|teamsize|p1|4\n|teamsize|p2|4\n|start\n|switch|p1a: Rotom|Rotom-Wash, L50|100/100\n|switch|p1b: I love lamp|Chandelure, L50, F, shiny|100/100\n|switch|p2a: Oranguru|Oranguru, L50, M|100/100\n|switch|p2b: Aerodactyl|Aerodactyl, L50, M|100/100\n|turn|1\n|\n|t:|1776593190\n|detailschange|p1b: I love lamp|Chandelure-Mega, L50, F, shiny\n|-mega|p1b: I love lamp|Chandelure|Chandelurite\n|move|p1a: Rotom|Electroweb|p2b: Aerodactyl|[spread] p2a,p2b\n|-supereffective|p2b: Aerodactyl|1\n|-damage|p2a: Oranguru|87/100\n|-damage|p2b: Aerodactyl|47/100\n|-unboost|p2a: Oranguru|spe|1\n|-unboost|p2b: Aerodactyl|spe|1\n|move|p2b: Aerodactyl|Rock Slide|p1b: I love lamp|[spread] p1a,p1b\n|-crit|p1a: Rotom\n|-supereffective|p1b: I love lamp|1\n|-damage|p1a: Rotom|60/100\n|-damage|p1b: I love lamp|54/100\n|move|p1b: I love lamp|Calm Mind|p1b: I love lamp\n|-boost|p1b: I love lamp|spa|1\n|-boost|p1b: I love lamp|spd|1\n|move|p2a: Oranguru|Instruct|p2b: Aerodactyl\n|-singleturn|p2b: Aerodactyl|move: Instruct|[of] p2a: Oranguru\n|move|p2b: Aerodactyl|Rock Slide|p1b: I love lamp|[spread] p1a\n|-miss|p2b: Aerodactyl|p1b: I love lamp\n|-damage|p1a: Rotom|31/100\n|\n|upkeep\n|turn|2\n|\n|t:|1776593213\n|move|p2b: Aerodactyl|Wide Guard|p2b: Aerodactyl\n|-singleturn|p2b: Aerodactyl|Wide Guard\n|move|p1a: Rotom|Electroweb|p2b: Aerodactyl|[spread] \n|-activate|p2a: Oranguru|move: Wide Guard\n|-activate|p2b: Aerodactyl|move: Wide Guard\n|move|p1b: I love lamp|Heat Wave|p2b: Aerodactyl|[spread] \n|-activate|p2a: Oranguru|move: Wide Guard\n|-activate|p2b: Aerodactyl|move: Wide Guard\n|move|p2a: Oranguru|Trick Room|p2a: Oranguru\n|-fieldstart|move: Trick Room|[of] p2a: Oranguru\n|\n|upkeep\n|turn|3\n|\n|t:|1776593238\n|switch|p1a: Let's Go Gambling|Sneasler, L50, F|100/100\n|move|p1b: I love lamp|Protect|p1b: I love lamp\n|-singleturn|p1b: I love lamp|Protect\n|move|p2a: Oranguru|Psychic|p1a: Let's Go Gambling\n|-supereffective|p1a: Let's Go Gambling|2\n|-damage|p1a: Let's Go Gambling|0 fnt\n|faint|p1a: Let's Go Gambling\n|move|p2b: Aerodactyl|Rock Slide|p1b: I love lamp\n|-activate|p1b: I love lamp|move: Protect\n|\n|upkeep\n|\n|t:|1776593250\n|switch|p1a: Whimsy|Whimsicott, L50, M|100/100\n|turn|4\n|\n|t:|1776593279\n|switch|p2b: Gallade|Gallade, L50, M|100/100\n|move|p1a: Whimsy|Tailwind|p1a: Whimsy\n|-sidestart|p1: PTSDofficial|move: Tailwind\n|move|p2a: Oranguru|Encore|p1b: I love lamp\n|-start|p1b: I love lamp|Encore\n|move|p1b: I love lamp|Protect||[still]\n|-fail|p1b: I love lamp\n|\n|upkeep\n|turn|5\n|\n|t:|1776593302\n|switch|p1b: Rotom|Rotom-Wash, L50|31/100\n|move|p1a: Whimsy|Encore||[still]\n|-fail|p1a: Whimsy\n|move|p2a: Oranguru|Psychic|p1a: Whimsy\n|-damage|p1a: Whimsy|66/100\n|move|p2b: Gallade|Psycho Cut|p1a: Whimsy\n|-damage|p1a: Whimsy|0 fnt\n|faint|p1a: Whimsy\n|\n|upkeep\n|\n|t:|1776593311\n|switch|p1a: I love lamp|Chandelure-Mega, L50, F, shiny|54/100\n|turn|6\n|\n|t:|1776593331\n|move|p1a: I love lamp|Protect|p1a: I love lamp\n|-singleturn|p1a: I love lamp|Protect\n|move|p2a: Oranguru|Instruct|p2b: Gallade\n|-singleturn|p2b: Gallade|move: Instruct|[of] p2a: Oranguru\n|move|p2b: Gallade|Psycho Cut|p1a: I love lamp\n|-activate|p1a: I love lamp|move: Protect\n|move|p2b: Gallade|Psycho Cut|p1b: Rotom\n|-damage|p1b: Rotom|0 fnt\n|faint|p1b: Rotom\n|\n|-fieldend|move: Trick Room\n|upkeep\n|turn|7\n|\n|t:|1776593361\n|move|p1a: I love lamp|Heat Wave|p2a: Oranguru|[spread] p2a,p2b\n|-damage|p2a: Oranguru|52/100\n|-damage|p2b: Gallade|63/100\n|move|p2b: Gallade|Psycho Cut|p1a: I love lamp\n|-damage|p1a: I love lamp|7/100\n|move|p2a: Oranguru|Psychic|p1a: I love lamp\n|-damage|p1a: I love lamp|0 fnt\n|faint|p1a: I love lamp\n|\n|win|EXSA\n|raw|PTSDofficial's rating: 1136 &rarr; <strong>1111</strong><br />(-25 for losing)\n|raw|EXSA's rating: 1132 &rarr; <strong>1157</strong><br />(+25 for winning)\n|l|\u2606PTSDofficial\n|player|p1|\n",
  "uploadtime": 1776593367,
  "views": 7,
  "formatid": "gen9championsvgc2026regma",
  "rating": 1111,
  "private": 0,
  "password": null
}