{
  "id": "gen9championsvgc2026regma-2584710553",
  "format": "[Gen 9 Champions] VGC 2026 Reg M-A",
  "players": [
    "matttttio",
    "Nisaka2"
  ],
  "log": "|j|\u2606matttttio\n|j|\u2606Nisaka2\n|t:|1776278325\n|gametype|doubles\n|player|p1|matttttio|102|1220\n|player|p2|Nisaka2|caitlin|1142\n|gen|9\n|tier|[Gen 9 Champions] VGC 2026 Reg M-A\n|rated|\n|rule|Species Clause: Limit one of each Pok\u00e9mon\n|rule|Item Clause: Limit 1 of each item\n|clearpoke\n|poke|p1|Garchomp, L50, M|\n|poke|p1|Tyranitar, L50, M|\n|poke|p1|Milotic, L50, M|\n|poke|p1|Aerodactyl, L50, M|\n|poke|p1|Incineroar, L50, M|\n|poke|p1|Excadrill, L50, M|\n|poke|p2|Garchomp, L50, M|\n|poke|p2|Aerodactyl, L50, M|\n|poke|p2|Incineroar, L50, M|\n|poke|p2|Froslass, L50, F|\n|poke|p2|Sneasler, L50, M|\n|poke|p2|Gengar, L50, F|\n|teampreview|4\n|inactive|Battle timer is ON: inactive players will automatically lose when time's up. (requested by matttttio)\n|inactive|Nisaka2 has 60 seconds left.\n|inactive|matttttio has 60 seconds left.\n|\n|t:|1776278363\n|teamsize|p1|4\n|teamsize|p2|4\n|start\n|switch|p1a: Aerodactyl|Aerodactyl, L50, M|100/100\n|switch|p1b: Milotic|Milotic, L50, M|100/100\n|switch|p2a: Garchomp|Garchomp, L50, M|100/100\n|switch|p2b: Froslass|Froslass, L50, F|100/100\n|-ability|p1a: Aerodactyl|Unnerve\n|turn|1\n|inactive|Nisaka2 has 30 seconds left.\n|\n|t:|1776278389\n|detailschange|p2b: Froslass|Froslass-Mega, L50, F\n|-mega|p2b: Froslass|Froslass|Froslassite\n|-weather|Snowscape|[from] ability: Snow Warning|[of] p2b: Froslass\n|move|p2a: Garchomp|Protect|p2a: Garchomp\n|-singleturn|p2a: Garchomp|Protect\n|move|p1a: Aerodactyl|Tailwind|p1a: Aerodactyl\n|-sidestart|p1: matttttio|move: Tailwind\n|move|p1b: Milotic|Icy Wind|p2a: Garchomp|[spread] p2b\n|-activate|p2a: Garchomp|move: Protect\n|-resisted|p2b: Froslass|1\n|-crit|p2b: Froslass\n|-damage|p2b: Froslass|92/100\n|-unboost|p2b: Froslass|spe|1\n|move|p2b: Froslass|Blizzard|p1b: Milotic|[spread] p1a,p1b\n|-supereffective|p1a: Aerodactyl|1\n|-resisted|p1b: Milotic|1\n|-enditem|p1a: Aerodactyl|Focus Sash\n|-damage|p1a: Aerodactyl|1/100\n|-damage|p1b: Milotic|87/100\n|\n|-weather|Snowscape|[upkeep]\n|-heal|p1b: Milotic|93/100|[from] item: Leftovers\n|upkeep\n|turn|2\n|inactive|matttttio has 30 seconds left.\n|inactive|Nisaka2 has 30 seconds left.\n|\n|t:|1776278418\n|switch|p1a: Tyranitar|Tyranitar, L50, M|100/100\n|-weather|Sandstorm|[from] ability: Sand Stream|[of] p1a: Tyranitar\n|switch|p2b: Aerodactyl|Aerodactyl, L50, M|100/100\n|-ability|p2b: Aerodactyl|Unnerve\n|move|p1b: Milotic|Protect|p1b: Milotic\n|-singleturn|p1b: Milotic|Protect\n|move|p2a: Garchomp|Earthquake|p1a: Tyranitar|[spread] p1a\n|-activate|p1b: Milotic|move: Protect\n|-immune|p2b: Aerodactyl\n|-supereffective|p1a: Tyranitar|1\n|-damage|p1a: Tyranitar|33/100\n|\n|-weather|Sandstorm|[upkeep]\n|-damage|p1b: Milotic|87/100|[from] Sandstorm\n|-heal|p1b: Milotic|93/100|[from] item: Leftovers\n|upkeep\n|turn|3\n|\n|t:|1776278440\n|move|p2b: Aerodactyl|Wide Guard|p2b: Aerodactyl\n|-singleturn|p2b: Aerodactyl|Wide Guard\n|move|p1a: Tyranitar|Ice Punch|p2a: Garchomp\n|-supereffective|p2a: Garchomp|2\n|-enditem|p2a: Garchomp|Yache Berry|[eat]\n|-enditem|p2a: Garchomp|Yache Berry|[weaken]\n|-damage|p2a: Garchomp|38/100\n|-damage|p1a: Tyranitar|20/100|[from] ability: Rough Skin|[of] p2a: Garchomp\n|move|p1b: Milotic|Icy Wind|p2a: Garchomp|[spread] \n|-activate|p2a: Garchomp|move: Wide Guard\n|-activate|p2b: Aerodactyl|move: Wide Guard\n|move|p2a: Garchomp|Earthquake|p1a: Tyranitar|[spread] p1a,p1b\n|-activate|p2b: Aerodactyl|move: Wide Guard\n|-supereffective|p1a: Tyranitar|1\n|-damage|p1a: Tyranitar|0 fnt\n|-damage|p1b: Milotic|56/100\n|faint|p1a: Tyranitar\n|\n|-weather|Sandstorm|[upkeep]\n|-damage|p1b: Milotic|50/100|[from] Sandstorm\n|-heal|p1b: Milotic|56/100|[from] item: Leftovers\n|upkeep\n|\n|t:|1776278462\n|switch|p1a: Aerodactyl|Aerodactyl, L50, M|1/100\n|-ability|p1a: Aerodactyl|Unnerve\n|turn|4\n|\n|t:|1776278476\n|move|p1a: Aerodactyl|Protect|p1a: Aerodactyl\n|-singleturn|p1a: Aerodactyl|Protect\n|move|p2b: Aerodactyl|Protect||[still]\n|-fail|p2b: Aerodactyl\n|move|p2a: Garchomp|Protect|p2a: Garchomp\n|-singleturn|p2a: Garchomp|Protect\n|move|p1b: Milotic|Draining Kiss|p2a: Garchomp\n|-activate|p2a: Garchomp|move: Protect\n|\n|-weather|Sandstorm|[upkeep]\n|-damage|p1b: Milotic|50/100|[from] Sandstorm\n|-heal|p1b: Milotic|56/100|[from] item: Leftovers\n|-sideend|p1: matttttio|move: Tailwind\n|upkeep\n|turn|5\n|\n|t:|1776278496\n|move|p2b: Aerodactyl|Tailwind|p2b: Aerodactyl\n|-sidestart|p2: Nisaka2|move: Tailwind\n|move|p2a: Garchomp|Rock Slide|p1a: Aerodactyl|[spread] p1a,p1b\n|-supereffective|p1a: Aerodactyl|1\n|-damage|p1a: Aerodactyl|0 fnt\n|-damage|p1b: Milotic|38/100\n|faint|p1a: Aerodactyl\n|cant|p1b: Milotic|flinch\n|\n|-weather|Sandstorm|[upkeep]\n|-damage|p1b: Milotic|32/100|[from] Sandstorm\n|-heal|p1b: Milotic|38/100|[from] item: Leftovers\n|upkeep\n|\n|t:|1776278507\n|switch|p1a: Excadrill|Excadrill, L50, M|100/100\n|turn|6\n|inactive|matttttio has 30 seconds left.\n|\n|t:|1776278539\n|move|p2b: Aerodactyl|Rock Slide|p1b: Milotic|[spread] p1a\n|-miss|p2b: Aerodactyl|p1b: Milotic\n|-resisted|p1a: Excadrill|2\n|-damage|p1a: Excadrill|93/100\n|move|p2a: Garchomp|Earthquake|p1b: Milotic|[spread] p1a,p1b\n|-immune|p2b: Aerodactyl\n|-supereffective|p1a: Excadrill|1\n|-damage|p1a: Excadrill|0 fnt\n|-damage|p1b: Milotic|4/100\n|faint|p1a: Excadrill\n|move|p1b: Milotic|Icy Wind|p2b: Aerodactyl|[spread] p2a,p2b\n|-supereffective|p2a: Garchomp|2\n|-supereffective|p2b: Aerodactyl|1\n|-damage|p2a: Garchomp|0 fnt\n|-damage|p2b: Aerodactyl|84/100\n|-unboost|p2b: Aerodactyl|spe|1\n|faint|p2a: Garchomp\n|\n|-weather|none\n|-heal|p1b: Milotic|10/100|[from] item: Leftovers\n|upkeep\n|\n|t:|1776278550\n|switch|p2a: Sneasler|Sneasler, L50, M|100/100\n|turn|7\n|-message|matttttio forfeited.\n|\n|win|Nisaka2\n|raw|matttttio's rating: 1220 &rarr; <strong>1189</strong><br />(-31 for losing)\n|raw|Nisaka2's rating: 1142 &rarr; <strong>1173</strong><br />(+31 for winning)\n|l|\u2606matttttio\n|player|p1|\n",
  "uploadtime": 1776278570,
  "views": 28,
  "formatid": "gen9championsvgc2026regma",
  "rating": 1173,
  "private": 0,
  "password": null
}