{
  "id": "gen9championsvgc2026regma-2586753373",
  "format": "[Gen 9 Champions] VGC 2026 Reg M-A",
  "players": [
    "arisu.borderland",
    "StrawberryBalloons"
  ],
  "log": "|j|\u2606arisu.borderland\n|j|\u203dStrawberryBalloons\n|t:|1776457206\n|gametype|doubles\n|player|p1|arisu.borderland|102|1278\n|player|p2|StrawberryBalloons|fisherman-gen4|1342\n|gen|9\n|tier|[Gen 9 Champions] VGC 2026 Reg M-A\n|rated|\n|rule|Species Clause: Limit one of each Pok\u00e9mon\n|rule|Item Clause: Limit 1 of each item\n|clearpoke\n|poke|p1|Charizard, L50, F|\n|poke|p1|Whimsicott, L50, F|\n|poke|p1|Sneasler, L50, M|\n|poke|p1|Milotic, L50, M|\n|poke|p1|Garchomp, L50, F|\n|poke|p1|Kingambit, L50, F|\n|poke|p2|Sableye, L50, F|\n|poke|p2|Floette-Eternal, L50, F|\n|poke|p2|Incineroar, L50, M|\n|poke|p2|Aggron, L50, M|\n|poke|p2|Sinistcha, L50|\n|poke|p2|Milotic, L50, M|\n|teampreview|4\n|inactive|Battle timer is ON: inactive players will automatically lose when time's up. (requested by StrawberryBalloons)\n|inactive|arisu.borderland has 60 seconds left.\n|\n|t:|1776457247\n|teamsize|p1|4\n|teamsize|p2|4\n|start\n|switch|p1a: Whimsicott|Whimsicott, L50, F|100/100\n|switch|p1b: Kingambit|Kingambit, L50, F|100/100\n|switch|p2a: Floette|Floette-Eternal, L50, F|100/100\n|switch|p2b: Sableye|Sableye, L50, F|100/100\n|turn|1\n|\n|t:|1776457267\n|detailschange|p2a: Floette|Floette-Mega, L50, F\n|-mega|p2a: Floette|Floette|Floettite\n|-ability|p2a: Floette|Fairy Aura\n|move|p2b: Sableye|Encore||[still]\n|-fail|p2b: Sableye\n|move|p1a: Whimsicott|Moonblast|p2b: Sableye\n|-supereffective|p2b: Sableye|1\n|-enditem|p2b: Sableye|Focus Sash\n|-damage|p2b: Sableye|1/100\n|move|p2a: Floette|Moonblast|p1b: Kingambit\n|-damage|p1b: Kingambit|16/100\n|move|p1b: Kingambit|Swords Dance|p1b: Kingambit\n|-boost|p1b: Kingambit|atk|2\n|\n|upkeep\n|turn|2\n|\n|t:|1776457288\n|move|p1b: Kingambit|Protect|p1b: Kingambit\n|-singleturn|p1b: Kingambit|Protect\n|move|p2b: Sableye|Pain Split|p1a: Whimsicott\n|-sethp|p1a: Whimsicott|51/100|[from] move: Pain Split|[silent]\n|-sethp|p2b: Sableye|44/100|[from] move: Pain Split\n|move|p1a: Whimsicott|Moonblast|p2b: Sableye\n|-supereffective|p2b: Sableye|1\n|-damage|p2b: Sableye|0 fnt\n|faint|p2b: Sableye\n|move|p2a: Floette|Dazzling Gleam|p1a: Whimsicott|[spread] p1a\n|-activate|p1b: Kingambit|move: Protect\n|-damage|p1a: Whimsicott|0 fnt\n|faint|p1a: Whimsicott\n|\n|upkeep\n|\n|t:|1776457302\n|switch|p1a: Sneasler|Sneasler, L50, M|100/100\n|switch|p2b: Aggron|Aggron, L50, M|100/100\n|turn|3\n|\n|t:|1776457307\n|move|p2a: Floette|Protect|p2a: Floette\n|-singleturn|p2a: Floette|Protect\n|move|p2b: Aggron|Protect|p2b: Aggron\n|-singleturn|p2b: Aggron|Protect\n|move|p1b: Kingambit|Sucker Punch||[still]\n|-fail|p1b: Kingambit\n|move|p1a: Sneasler|Dire Claw|p2a: Floette\n|-activate|p2a: Floette|move: Protect\n|\n|upkeep\n|turn|4\n|\n|t:|1776457323\n|move|p1b: Kingambit|Sucker Punch|p2a: Floette\n|-resisted|p2a: Floette|1\n|-damage|p2a: Floette|47/100\n|move|p1a: Sneasler|Dire Claw|p2a: Floette\n|-supereffective|p2a: Floette|1\n|-crit|p2a: Floette\n|-damage|p2a: Floette|0 fnt\n|faint|p2a: Floette\n|move|p2b: Aggron|Body Press|p1b: Kingambit\n|-supereffective|p1b: Kingambit|2\n|-damage|p1b: Kingambit|0 fnt\n|faint|p1b: Kingambit\n|\n|upkeep\n|\n|t:|1776457329\n|switch|p2a: Incineroar|Incineroar, L50, M|100/100\n|switch|p1b: Charizard|Charizard, L50, F|100/100\n|-ability|p2a: Incineroar|Intimidate|boost\n|-unboost|p1a: Sneasler|atk|1\n|-unboost|p1b: Charizard|atk|1\n|-enditem|p1a: Sneasler|White Herb\n|-clearnegativeboost|p1a: Sneasler|[silent]\n|turn|5\n|\n|t:|1776457341\n|move|p1a: Sneasler|Protect|p1a: Sneasler\n|-singleturn|p1a: Sneasler|Protect\n|move|p1b: Charizard|Protect|p1b: Charizard\n|-singleturn|p1b: Charizard|Protect\n|move|p2a: Incineroar|Fake Out|p1a: Sneasler\n|-activate|p1a: Sneasler|move: Protect\n|move|p2b: Aggron|Heavy Slam|p1a: Sneasler\n|-activate|p1a: Sneasler|move: Protect\n|\n|upkeep\n|turn|6\n|\n|t:|1776457352\n|detailschange|p1b: Charizard|Charizard-Mega-Y, L50, F\n|-mega|p1b: Charizard|Charizard|Charizardite Y\n|-weather|SunnyDay|[from] ability: Drought|[of] p1b: Charizard\n|move|p2b: Aggron|Protect|p2b: Aggron\n|-singleturn|p2b: Aggron|Protect\n|move|p1a: Sneasler|Close Combat|p2b: Aggron\n|-activate|p2b: Aggron|move: Protect\n|move|p1b: Charizard|Heat Wave|p2a: Incineroar|[spread] p2a\n|-activate|p2b: Aggron|move: Protect\n|-resisted|p2a: Incineroar|1\n|-damage|p2a: Incineroar|79/100\n|move|p2a: Incineroar|Parting Shot|p1b: Charizard\n|-unboost|p1b: Charizard|atk|1\n|-unboost|p1b: Charizard|spa|1\n|\n|-weather|SunnyDay|[upkeep]\n|upkeep\n|turn|7\n|\n|t:|1776457373\n|move|p1a: Sneasler|Close Combat|p2a: Incineroar\n|-supereffective|p2a: Incineroar|1\n|-enditem|p2a: Incineroar|Chople Berry|[eat]\n|-enditem|p2a: Incineroar|Chople Berry|[weaken]\n|-damage|p2a: Incineroar|13/100\n|-unboost|p1a: Sneasler|def|1\n|-unboost|p1a: Sneasler|spd|1\n|move|p1b: Charizard|Weather Ball|p2b: Aggron\n|-damage|p2b: Aggron|39/100\n|move|p2a: Incineroar|Throat Chop|p1b: Charizard\n|-crit|p1b: Charizard\n|-damage|p1b: Charizard|30/100\n|-start|p1b: Charizard|Throat Chop|[silent]\n|move|p2b: Aggron|Heavy Slam|p1a: Sneasler\n|-damage|p1a: Sneasler|0 fnt\n|faint|p1a: Sneasler\n|\n|-weather|SunnyDay|[upkeep]\n|upkeep\n|turn|8\n|\n|t:|1776457393\n|move|p1b: Charizard|Heat Wave|p2a: Incineroar|[spread] p2a,p2b\n|-resisted|p2a: Incineroar|1\n|-damage|p2a: Incineroar|0 fnt\n|-damage|p2b: Aggron|0 fnt\n|faint|p2a: Incineroar\n|faint|p2b: Aggron\n|\n|win|arisu.borderland\n|raw|arisu.borderland's rating: 1278 &rarr; <strong>1308</strong><br />(+30 for winning)\n|raw|StrawberryBalloons's rating: 1342 &rarr; <strong>1318</strong><br />(-24 for losing)\n|l|\u203dStrawberryBalloons\n|player|p2|\n",
  "uploadtime": 1776457407,
  "views": 52,
  "formatid": "gen9championsvgc2026regma",
  "rating": 1308,
  "private": 0,
  "password": null
}