{
  "id": "gen9championsvgc2026regma-2583231645",
  "format": "[Gen 9 Champions] VGC 2026 Reg M-A",
  "players": [
    "It'sJustKen VGC",
    "Iaoth"
  ],
  "log": "|j|\u2606It'sJustKen VGC\n|j|\u2606Iaoth\n|t:|1776157473\n|gametype|doubles\n|player|p1|It'sJustKen VGC|266|1313\n|player|p2|Iaoth|lucas|1289\n|gen|9\n|tier|[Gen 9 Champions] VGC 2026 Reg M-A\n|rated|\n|rule|Species Clause: Limit one of each Pok\u00e9mon\n|rule|Item Clause: Limit 1 of each item\n|clearpoke\n|poke|p1|Floette-Eternal, L50, F|\n|poke|p1|Espathra, L50, F|\n|poke|p1|Incineroar, L50, F|\n|poke|p1|Sneasler, L50, M|\n|poke|p1|Basculegion, L50, M|\n|poke|p1|Kingambit, L50, M|\n|poke|p2|Gardevoir, L50, M|\n|poke|p2|Aerodactyl, L50, M|\n|poke|p2|Farigiraf, L50, M|\n|poke|p2|Kingambit, L50, M|\n|poke|p2|Sneasler, L50, M|\n|poke|p2|Incineroar, L50, M|\n|teampreview|4\n|inactive|Battle timer is ON: inactive players will automatically lose when time's up. (requested by It'sJustKen VGC)\n|inactive|Iaoth has 60 seconds left.\n|\n|t:|1776157518\n|teamsize|p1|4\n|teamsize|p2|4\n|start\n|switch|p1a: Just Dance|Floette-Eternal, L50, F|100/100\n|switch|p1b: Bad Romance|Espathra, L50, F|100/100\n|switch|p2a: Sneasler|Sneasler, L50, M|100/100\n|switch|p2b: Kingambit|Kingambit, L50, M|100/100\n|turn|1\n|inactive|Iaoth has 30 seconds left.\n|inactive|Iaoth has 20 seconds left.\n|inactive|Iaoth has 15 seconds left.\n|inactive|Iaoth has 10 seconds left.\n|inactive|Iaoth has 5 seconds left.\n|\n|t:|1776157572\n|switch|p2a: Incineroar|Incineroar, L50, M|100/100\n|-ability|p2a: Incineroar|Intimidate|boost\n|-unboost|p1a: Just Dance|atk|1\n|-unboost|p1b: Bad Romance|atk|1\n|detailschange|p1a: Just Dance|Floette-Mega, L50, F\n|-mega|p1a: Just Dance|Floette|Floettite\n|-ability|p1a: Just Dance|Fairy Aura\n|move|p1b: Bad Romance|Lumina Crash|p2a: Incineroar\n|-immune|p2a: Incineroar\n|move|p1a: Just Dance|Substitute|p1a: Just Dance\n|-start|p1a: Just Dance|Substitute\n|-damage|p1a: Just Dance|76/100\n|move|p2b: Kingambit|Iron Head|p1a: Just Dance\n|-supereffective|p1a: Just Dance|1\n|-crit|p1a: Just Dance\n|-end|p1a: Just Dance|Substitute\n|\n|-ability|p1b: Bad Romance|Speed Boost|boost\n|-boost|p1b: Bad Romance|spe|1\n|upkeep\n|turn|2\n|inactive|Iaoth has 30 seconds left.\n|\n|t:|1776157603\n|switch|p1b: Poker Face|Sneasler, L50, M|100/100\n|move|p1a: Just Dance|Protect|p1a: Just Dance\n|-singleturn|p1a: Just Dance|Protect\n|move|p2a: Incineroar|Fake Out|p1b: Poker Face\n|-damage|p1b: Poker Face|83/100\n|move|p2b: Kingambit|Iron Head|p1a: Just Dance\n|-activate|p1a: Just Dance|move: Protect\n|\n|upkeep\n|turn|3\n|\n|t:|1776157625\n|move|p2b: Kingambit|Protect|p2b: Kingambit\n|-singleturn|p2b: Kingambit|Protect\n|move|p1b: Poker Face|Close Combat|p2a: Incineroar\n|-supereffective|p2a: Incineroar|1\n|-enditem|p2a: Incineroar|Chople Berry|[eat]\n|-enditem|p2a: Incineroar|Chople Berry|[weaken]\n|-damage|p2a: Incineroar|51/100\n|-unboost|p1b: Poker Face|def|1\n|-unboost|p1b: Poker Face|spd|1\n|-enditem|p1b: Poker Face|White Herb\n|-clearnegativeboost|p1b: Poker Face|[silent]\n|move|p1a: Just Dance|Substitute|p1a: Just Dance\n|-start|p1a: Just Dance|Substitute\n|-damage|p1a: Just Dance|51/100\n|move|p2a: Incineroar|Parting Shot|p1a: Just Dance\n|-unboost|p1a: Just Dance|atk|1\n|-unboost|p1a: Just Dance|spa|1\n|\n|t:|1776157646\n|switch|p2a: Sneasler|Sneasler, L50, M|100/100|[from] Parting Shot\n|\n|upkeep\n|turn|4\n|\n|t:|1776157667\n|switch|p2b: Incineroar|Incineroar, L50, M|51/100\n|-ability|p2b: Incineroar|Intimidate|boost\n|-immune|p1a: Just Dance\n|-unboost|p1b: Poker Face|atk|1\n|move|p2a: Sneasler|Fake Out|p1b: Poker Face\n|-damage|p1b: Poker Face|57/100\n|cant|p1b: Poker Face|flinch\n|move|p1a: Just Dance|Moonblast|p2a: Sneasler\n|-damage|p2a: Sneasler|39/100\n|\n|upkeep\n|turn|5\n|\n|t:|1776157687\n|move|p1b: Poker Face|Protect|p1b: Poker Face\n|-singleturn|p1b: Poker Face|Protect\n|move|p2b: Incineroar|Fake Out|p1b: Poker Face\n|-activate|p1b: Poker Face|move: Protect\n|move|p2a: Sneasler|Dire Claw|p1a: Just Dance\n|-supereffective|p1a: Just Dance|1\n|-end|p1a: Just Dance|Substitute\n|move|p1a: Just Dance|Moonblast|p2a: Sneasler\n|-damage|p2a: Sneasler|0 fnt\n|faint|p2a: Sneasler\n|\n|upkeep\n|\n|t:|1776157706\n|switch|p2a: Gardevoir|Gardevoir, L50, M|100/100\n|-ability|p2a: Gardevoir|Unburden|Trace|[from] ability: Trace|[of] p1b: Poker Face\n|turn|6\n|inactive|It'sJustKen VGC has 30 seconds left.\n|inactive|Iaoth has 30 seconds left.\n|inactive|It'sJustKen VGC has 20 seconds left.\n|inactive|It'sJustKen VGC has 15 seconds left.\n|inactive|Iaoth has 20 seconds left.\n|\n|t:|1776157750\n|switch|p1b: Paparazzi|Incineroar, L50, F|100/100\n|-ability|p1b: Paparazzi|Intimidate|boost\n|-unboost|p2a: Gardevoir|atk|1\n|-unboost|p2b: Incineroar|atk|1\n|detailschange|p2a: Gardevoir|Gardevoir-Mega, L50, M\n|-mega|p2a: Gardevoir|Gardevoir|Gardevoirite\n|move|p1a: Just Dance|Dazzling Gleam|p2b: Incineroar|[spread] p2a,p2b\n|-damage|p2a: Gardevoir|75/100\n|-damage|p2b: Incineroar|30/100\n|move|p2a: Gardevoir|Psychic|p1b: Paparazzi\n|-immune|p1b: Paparazzi\n|move|p2b: Incineroar|Parting Shot|p1a: Just Dance\n|-unboost|p1a: Just Dance|atk|1\n|-unboost|p1a: Just Dance|spa|1\n|\n|t:|1776157764\n|switch|p2b: Kingambit|Kingambit, L50, M|100/100|[from] Parting Shot\n|\n|upkeep\n|turn|7\n|\n|t:|1776157777\n|switch|p2b: Incineroar|Incineroar, L50, M|30/100\n|-ability|p2b: Incineroar|Intimidate|boost\n|-unboost|p1a: Just Dance|atk|1\n|-unboost|p1b: Paparazzi|atk|1\n|move|p1b: Paparazzi|Fake Out|p2a: Gardevoir\n|-damage|p2a: Gardevoir|63/100\n|move|p1a: Just Dance|Dazzling Gleam|p2a: Gardevoir|[spread] p2a,p2b\n|-crit|p2a: Gardevoir\n|-damage|p2a: Gardevoir|2/100\n|-damage|p2b: Incineroar|13/100\n|cant|p2a: Gardevoir|flinch\n|\n|upkeep\n|turn|8\n|inactive|Iaoth has 30 seconds left.\n|\n|t:|1776157802\n|move|p2b: Incineroar|Fake Out|p1a: Just Dance\n|-damage|p1a: Just Dance|39/100\n|cant|p1a: Just Dance|flinch\n|move|p2a: Gardevoir|Hyper Voice|p1a: Just Dance|[spread] p1a,p1b\n|-damage|p1a: Just Dance|0 fnt\n|-damage|p1b: Paparazzi|40/100\n|-enditem|p1b: Paparazzi|Sitrus Berry|[eat]\n|-heal|p1b: Paparazzi|64/100|[from] item: Sitrus Berry\n|faint|p1a: Just Dance\n|move|p1b: Paparazzi|Flare Blitz|p2a: Gardevoir\n|-damage|p2a: Gardevoir|0 fnt\n|faint|p2a: Gardevoir\n|-damage|p1b: Paparazzi|64/100|[from] Recoil\n|\n|upkeep\n|\n|t:|1776157821\n|switch|p1a: Poker Face|Sneasler, L50, M|57/100\n|switch|p2a: Kingambit|Kingambit, L50, M|100/100\n|turn|9\n|-message|Iaoth forfeited.\n|\n|win|It'sJustKen VGC\n|raw|It&apos;sJustKen VGC's rating: 1292 &rarr; <strong>1317</strong><br />(+25 for winning)\n|raw|Iaoth's rating: 1289 &rarr; <strong>1264</strong><br />(-25 for losing)\n|l|\u2606Iaoth\n|player|p2|\n",
  "uploadtime": 1776157824,
  "views": 24,
  "formatid": "gen9championsvgc2026regma",
  "rating": 1264,
  "private": 0,
  "password": null
}