{
  "id": "gen9championsvgc2026regma-2589372610",
  "format": "[Gen 9 Champions] VGC 2026 Reg M-A",
  "players": [
    "insertable194",
    "freshveggies2"
  ],
  "log": "|j|\u2606insertable194\n|j|\u2606freshveggies2\n|t:|1776717805\n|gametype|doubles\n|player|p1|insertable194|yancy|1213\n|player|p2|freshveggies2|170|1267\n|gen|9\n|tier|[Gen 9 Champions] VGC 2026 Reg M-A\n|rated|\n|rule|Species Clause: Limit one of each Pok\u00e9mon\n|rule|Item Clause: Limit 1 of each item\n|clearpoke\n|poke|p1|Kommo-o, L50, F|\n|poke|p1|Whimsicott, L50, M|\n|poke|p1|Aerodactyl, L50, F|\n|poke|p1|Basculegion, L50, M|\n|poke|p1|Volcarona, L50, F|\n|poke|p1|Gengar, L50, F|\n|poke|p2|Gallade, L50, M|\n|poke|p2|Whimsicott, L50, M|\n|poke|p2|Milotic, L50, F|\n|poke|p2|Glimmora, L50, M|\n|poke|p2|Incineroar, L50, F|\n|poke|p2|Kingambit, L50, M|\n|teampreview|4\n|inactive|Battle timer is ON: inactive players will automatically lose when time's up. (requested by insertable194)\n|\n|t:|1776717832\n|teamsize|p1|4\n|teamsize|p2|4\n|start\n|switch|p1a: Whimsicott|Whimsicott, L50, M|100/100\n|switch|p1b: Aerodactyl|Aerodactyl, L50, F|100/100\n|switch|p2a: Whimsicott|Whimsicott, L50, M|100/100\n|switch|p2b: Glimmora|Glimmora, L50, M|100/100\n|-ability|p1b: Aerodactyl|Unnerve\n|turn|1\n|\n|t:|1776717850\n|detailschange|p1b: Aerodactyl|Aerodactyl-Mega, L50, F\n|-mega|p1b: Aerodactyl|Aerodactyl|Aerodactylite\n|detailschange|p2b: Glimmora|Glimmora-Mega, L50, M\n|-mega|p2b: Glimmora|Glimmora|Glimmoranite\n|move|p2a: Whimsicott|Tailwind|p2a: Whimsicott\n|-sidestart|p2: freshveggies2|move: Tailwind\n|move|p1a: Whimsicott|Tailwind|p1a: Whimsicott\n|-sidestart|p1: insertable194|move: Tailwind\n|move|p1b: Aerodactyl|Dual Wingbeat|p2a: Whimsicott\n|-supereffective|p2a: Whimsicott|1\n|-damage|p2a: Whimsicott|20/100\n|-supereffective|p2a: Whimsicott|1\n|-damage|p2a: Whimsicott|0 fnt\n|faint|p2a: Whimsicott\n|-hitcount|p2: Whimsicott|2\n|move|p2b: Glimmora|Power Gem|p1b: Aerodactyl\n|-supereffective|p1b: Aerodactyl|1\n|-damage|p1b: Aerodactyl|0 fnt\n|faint|p1b: Aerodactyl\n|\n|upkeep\n|\n|t:|1776717866\n|switch|p1b: Kommo-o|Kommo-o, L50, F|100/100\n|switch|p2a: Incineroar|Incineroar, L50, F|100/100\n|-ability|p2a: Incineroar|Intimidate|boost\n|-unboost|p1a: Whimsicott|atk|1\n|-unboost|p1b: Kommo-o|atk|1\n|turn|2\n|inactive|insertable194 has 30 seconds left.\n|inactive|freshveggies2 has 30 seconds left.\n|inactive|freshveggies2 has 20 seconds left.\n|inactive|freshveggies2 has 15 seconds left.\n|\n|t:|1776717907\n|move|p1a: Whimsicott|Protect|p1a: Whimsicott\n|-singleturn|p1a: Whimsicott|Protect\n|move|p2a: Incineroar|Fake Out|p1b: Kommo-o\n|-damage|p1b: Kommo-o|90/100\n|move|p2b: Glimmora|Sludge Bomb|p1b: Kommo-o\n|-damage|p1b: Kommo-o|20/100\n|cant|p1b: Kommo-o|flinch\n|\n|upkeep\n|turn|3\n|inactive|freshveggies2 has 30 seconds left.\n|inactive|freshveggies2 has 20 seconds left.\n|inactive|freshveggies2 has 15 seconds left.\n|inactive|freshveggies2 has 10 seconds left.\n|inactive|freshveggies2 has 5 seconds left.\n|\n|t:|1776717958\n|switch|p1b: Volcarona|Volcarona, L50, F|100/100\n|move|p1a: Whimsicott|Fake Tears|p2b: Glimmora\n|-unboost|p2b: Glimmora|spd|2\n|move|p2b: Glimmora|Sludge Bomb|p1b: Volcarona\n|-damage|p1b: Volcarona|42/100\n|-status|p1b: Volcarona|psn\n|move|p2a: Incineroar|Flare Blitz|p1a: Whimsicott\n|-supereffective|p1a: Whimsicott|1\n|-enditem|p1a: Whimsicott|Focus Sash\n|-damage|p1a: Whimsicott|1/100\n|-damage|p2a: Incineroar|78/100|[from] Recoil\n|\n|-damage|p1b: Volcarona|30/100 psn|[from] psn\n|upkeep\n|turn|4\n|inactive|freshveggies2 has 30 seconds left.\n|\n|t:|1776717988\n|switch|p2a: Kingambit|Kingambit, L50, M|100/100\n|move|p1a: Whimsicott|Protect|p1a: Whimsicott\n|-singleturn|p1a: Whimsicott|Protect\n|move|p2b: Glimmora|Sludge Bomb|p1b: Volcarona\n|-damage|p1b: Volcarona|0 fnt\n|faint|p1b: Volcarona\n|\n|-sideend|p2: freshveggies2|move: Tailwind\n|-sideend|p1: insertable194|move: Tailwind\n|upkeep\n|\n|t:|1776717991\n|switch|p1b: Kommo-o|Kommo-o, L50, F|20/100\n|turn|5\n|\n|t:|1776718009\n|switch|p2a: Incineroar|Incineroar, L50, F|78/100\n|-ability|p2a: Incineroar|Intimidate|boost\n|-unboost|p1a: Whimsicott|atk|1\n|-unboost|p1b: Kommo-o|atk|1\n|move|p1a: Whimsicott|Tailwind|p1a: Whimsicott\n|-sidestart|p1: insertable194|move: Tailwind\n|move|p1b: Kommo-o|Aura Sphere|p2a: Incineroar\n|-supereffective|p2a: Incineroar|1\n|-damage|p2a: Incineroar|12/100\n|-enditem|p2a: Incineroar|Sitrus Berry|[eat]\n|-heal|p2a: Incineroar|37/100|[from] item: Sitrus Berry\n|move|p2b: Glimmora|Sludge Bomb|p1b: Kommo-o\n|-damage|p1b: Kommo-o|0 fnt\n|faint|p1b: Kommo-o\n|\n|upkeep\n|turn|6\n|-message|insertable194 forfeited.\n|\n|win|freshveggies2\n|raw|insertable194's rating: 1213 &rarr; <strong>1192</strong><br />(-21 for losing)\n|raw|freshveggies2's rating: 1267 &rarr; <strong>1288</strong><br />(+21 for winning)\n|l|\u2606freshveggies2\n|player|p2|\n",
  "uploadtime": 1776719945,
  "views": 6,
  "formatid": "gen9championsvgc2026regma",
  "rating": 1192,
  "private": 0,
  "password": null
}