{
  "id": "gen9championsvgc2026regma-2586004277",
  "format": "[Gen 9 Champions] VGC 2026 Reg M-A",
  "players": [
    "azumarillsky",
    "AnimeUma"
  ],
  "log": "|j|\u2606azumarillsky\n|j|\u2606AnimeUma\n|t:|1776389400\n|gametype|doubles\n|player|p1|azumarillsky|101|1356\n|player|p2|AnimeUma|emmet|1418\n|gen|9\n|tier|[Gen 9 Champions] VGC 2026 Reg M-A\n|rated|\n|rule|Species Clause: Limit one of each Pok\u00e9mon\n|rule|Item Clause: Limit 1 of each item\n|clearpoke\n|poke|p1|Abomasnow, L50, F|\n|poke|p1|Rotom-Wash, L50|\n|poke|p1|Kingambit, L50, F|\n|poke|p1|Sneasler, L50, M|\n|poke|p1|Aerodactyl, L50, F|\n|poke|p1|Aegislash, L50, M|\n|poke|p2|Pelipper, L50, M|\n|poke|p2|Basculegion, L50, M|\n|poke|p2|Archaludon, L50, M|\n|poke|p2|Sneasler, L50, F|\n|poke|p2|Dragonite, L50, M|\n|poke|p2|Incineroar, L50, F|\n|teampreview|4\n|\n|t:|1776389426\n|teamsize|p1|4\n|teamsize|p2|4\n|start\n|switch|p1a: Abomasnow|Abomasnow, L50, F|100/100\n|switch|p1b: Rotom|Rotom-Wash, L50|100/100\n|switch|p2a: Incineroar|Incineroar, L50, F|100/100\n|switch|p2b: Archaludon|Archaludon, L50, M|100/100\n|-weather|Snowscape|[from] ability: Snow Warning|[of] p1a: Abomasnow\n|-ability|p2a: Incineroar|Intimidate|boost\n|-unboost|p1a: Abomasnow|atk|1\n|-unboost|p1b: Rotom|atk|1\n|turn|1\n|inactive|Battle timer is ON: inactive players will automatically lose when time's up. (requested by azumarillsky)\n|\n|t:|1776389451\n|move|p1a: Abomasnow|Protect|p1a: Abomasnow\n|-singleturn|p1a: Abomasnow|Protect\n|move|p1b: Rotom|Volt Switch|p2a: Incineroar\n|-damage|p2a: Incineroar|78/100\n|\n|t:|1776389457\n|switch|p1b: Kingambit|Kingambit, L50, F|100/100|[from] Volt Switch\n|move|p2b: Archaludon|Flash Cannon|p1a: Abomasnow\n|-activate|p1a: Abomasnow|move: Protect\n|move|p2a: Incineroar|Flare Blitz|p1a: Abomasnow\n|-activate|p1a: Abomasnow|move: Protect\n|\n|-weather|Snowscape|[upkeep]\n|upkeep\n|turn|2\n|inactive|azumarillsky has 30 seconds left.\n|\n|t:|1776389489\n|detailschange|p1a: Abomasnow|Abomasnow-Mega, L50, F\n|-mega|p1a: Abomasnow|Abomasnow|Abomasite\n|move|p2b: Archaludon|Flash Cannon|p1a: Abomasnow\n|-supereffective|p1a: Abomasnow|1\n|-crit|p1a: Abomasnow\n|-damage|p1a: Abomasnow|0 fnt\n|faint|p1a: Abomasnow\n|move|p1b: Kingambit|Assurance|p2b: Archaludon\n|-damage|p2b: Archaludon|76/100\n|move|p2a: Incineroar|Parting Shot|p1b: Kingambit\n|-unboost|p1b: Kingambit|atk|1\n|-ability|p1b: Kingambit|Defiant|boost\n|-boost|p1b: Kingambit|atk|2\n|-unboost|p1b: Kingambit|spa|1\n|-ability|p1b: Kingambit|Defiant|boost\n|-boost|p1b: Kingambit|atk|2\n|\n|t:|1776389497\n|switch|p2a: Sneasler|Sneasler, L50, F|100/100|[from] Parting Shot\n|\n|-weather|Snowscape|[upkeep]\n|-heal|p2b: Archaludon|82/100|[from] item: Leftovers\n|upkeep\n|\n|t:|1776389510\n|switch|p1a: Aegislash|Aegislash, L50, M|100/100\n|turn|3\n|\n|t:|1776389526\n|switch|p2a: Pelipper|Pelipper, L50, M|100/100\n|-weather|RainDance|[from] ability: Drizzle|[of] p2a: Pelipper\n|move|p1b: Kingambit|Sucker Punch|p2b: Archaludon\n|-damage|p2b: Archaludon|12/100\n|move|p2b: Archaludon|Electro Shot||[still]\n|-prepare|p2b: Archaludon|Electro Shot\n|-boost|p2b: Archaludon|spa|1\n|-anim|p2b: Archaludon|Electro Shot|p1b: Kingambit\n|-damage|p1b: Kingambit|23/100\n|-formechange|p1a: Aegislash|Aegislash-Blade|\n|move|p1a: Aegislash|Poltergeist|p2a: Pelipper\n|-activate|p2a: Pelipper|move: Poltergeist|Focus Sash\n|-enditem|p2a: Pelipper|Focus Sash\n|-damage|p2a: Pelipper|1/100\n|\n|-weather|RainDance|[upkeep]\n|-heal|p2b: Archaludon|18/100|[from] item: Leftovers\n|upkeep\n|turn|4\n|\n|t:|1776389551\n|move|p2b: Archaludon|Protect|p2b: Archaludon\n|-singleturn|p2b: Archaludon|Protect\n|move|p1b: Kingambit|Sucker Punch||[still]\n|-fail|p1b: Kingambit\n|move|p1a: Aegislash|Shadow Sneak|p2a: Pelipper\n|-damage|p2a: Pelipper|0 fnt\n|faint|p2a: Pelipper\n|\n|-weather|RainDance|[upkeep]\n|-heal|p2b: Archaludon|24/100|[from] item: Leftovers\n|upkeep\n|\n|t:|1776389557\n|switch|p2a: Incineroar|Incineroar, L50, F|78/100\n|-ability|p2a: Incineroar|Intimidate|boost\n|-unboost|p1a: Aegislash|atk|1\n|-unboost|p1b: Kingambit|atk|1\n|-ability|p1b: Kingambit|Defiant|boost\n|-boost|p1b: Kingambit|atk|2\n|turn|5\n|inactive|AnimeUma has 30 seconds left.\n|inactive|AnimeUma has 20 seconds left.\n|\n|t:|1776389592\n|switch|p2b: Sneasler|Sneasler, L50, F|100/100\n|switch|p1a: Rotom|Rotom-Wash, L50|100/100\n|move|p1b: Kingambit|Protect|p1b: Kingambit\n|-singleturn|p1b: Kingambit|Protect\n|move|p2a: Incineroar|Flare Blitz|p1b: Kingambit\n|-activate|p1b: Kingambit|move: Protect\n|\n|-weather|RainDance|[upkeep]\n|upkeep\n|turn|6\n|inactive|azumarillsky has 30 seconds left.\n|inactive|AnimeUma has 30 seconds left.\n|inactive|AnimeUma has 20 seconds left.\n|\n|t:|1776389628\n|move|p2b: Sneasler|Fake Out|p1b: Kingambit\n|-resisted|p1b: Kingambit|1\n|-damage|p1b: Kingambit|16/100\n|move|p1a: Rotom|Hydro Pump|p2b: Sneasler|[miss]\n|-miss|p1a: Rotom|p2b: Sneasler\n|cant|p1b: Kingambit|flinch\n|move|p2a: Incineroar|Flare Blitz|p1b: Kingambit\n|-supereffective|p1b: Kingambit|1\n|-damage|p1b: Kingambit|0 fnt\n|faint|p1b: Kingambit\n|-damage|p2a: Incineroar|73/100|[from] Recoil\n|\n|-weather|RainDance|[upkeep]\n|upkeep\n|\n|t:|1776389643\n|switch|p1b: Aegislash|Aegislash, L50, M|100/100\n|turn|7\n|\n|t:|1776389661\n|move|p1a: Rotom|Hydro Pump|p2a: Incineroar\n|-supereffective|p2a: Incineroar|1\n|-damage|p2a: Incineroar|0 fnt\n|faint|p2a: Incineroar\n|move|p2b: Sneasler|Dire Claw|p1a: Rotom\n|-damage|p1a: Rotom|36/100\n|-formechange|p1b: Aegislash|Aegislash-Blade|\n|move|p1b: Aegislash|Poltergeist|p2b: Sneasler\n|-activate|p2b: Sneasler|move: Poltergeist|White Herb\n|-damage|p2b: Sneasler|0 fnt\n|faint|p2b: Sneasler\n|\n|-weather|none\n|upkeep\n|\n|t:|1776389671\n|switch|p2b: Archaludon|Archaludon, L50, M|24/100\n|turn|8\n|\n|t:|1776389694\n|move|p1a: Rotom|Hydro Pump|p2b: Archaludon\n|-resisted|p2b: Archaludon|1\n|-damage|p2b: Archaludon|0 fnt\n|faint|p2b: Archaludon\n|\n|win|azumarillsky\n|raw|azumarillsky's rating: 1356 &rarr; <strong>1380</strong><br />(+24 for winning)\n|raw|AnimeUma's rating: 1418 &rarr; <strong>1394</strong><br />(-24 for losing)\n",
  "uploadtime": 1776389701,
  "views": 46,
  "formatid": "gen9championsvgc2026regma",
  "rating": 1380,
  "private": 0,
  "password": null
}