{
  "id": "gen9championsvgc2026regma-2586698752",
  "format": "[Gen 9 Champions] VGC 2026 Reg M-A",
  "players": [
    "32323h",
    "AidzPlayz"
  ],
  "log": "|j|\u260632323h\n|j|\u2606AidzPlayz\n|t:|1776453083\n|gametype|doubles\n|player|p1|32323h|iris-gen5bw2|1301\n|player|p2|AidzPlayz|ghetsis-gen5bw|1361\n|gen|9\n|tier|[Gen 9 Champions] VGC 2026 Reg M-A\n|rated|\n|rule|Species Clause: Limit one of each Pok\u00e9mon\n|rule|Item Clause: Limit 1 of each item\n|clearpoke\n|poke|p1|Dragonite, L50, F|\n|poke|p1|Sinistcha-Masterpiece, L50|\n|poke|p1|Incineroar, L50, F|\n|poke|p1|Milotic, L50, M|\n|poke|p1|Corviknight, L50, F|\n|poke|p1|Floette-Eternal, L50, F|\n|poke|p2|Aerodactyl, L50, F|\n|poke|p2|Incineroar, L50, M|\n|poke|p2|Floette-Eternal, L50, F|\n|poke|p2|Basculegion, L50, M|\n|poke|p2|Garchomp, L50, F|\n|poke|p2|Sneasler, L50, M|\n|teampreview|4\n|inactive|Battle timer is ON: inactive players will automatically lose when time's up. (requested by 32323h)\n|inactive|32323h has 60 seconds left.\n|inactive|AidzPlayz has 60 seconds left.\n|inactive|32323h has 30 seconds left.\n|inactive|AidzPlayz has 30 seconds left.\n|\n|t:|1776453147\n|teamsize|p1|4\n|teamsize|p2|4\n|start\n|switch|p1a: Milotic|Milotic, L50, M|100/100\n|switch|p1b: Incineroar|Incineroar, L50, F, shiny|100/100\n|switch|p2a: Incineroar|Incineroar, L50, M|100/100\n|switch|p2b: Aerodactyl|Aerodactyl, L50, F|100/100\n|-ability|p2b: Aerodactyl|Unnerve\n|-ability|p2a: Incineroar|Intimidate|boost\n|-unboost|p1a: Milotic|atk|1\n|-ability|p1a: Milotic|Competitive|boost\n|-boost|p1a: Milotic|spa|2\n|-unboost|p1b: Incineroar|atk|1\n|-ability|p1b: Incineroar|Intimidate|boost\n|-unboost|p2a: Incineroar|atk|1\n|-unboost|p2b: Aerodactyl|atk|1\n|turn|1\n|\n|t:|1776453179\n|move|p2b: Aerodactyl|Protect|p2b: Aerodactyl\n|-singleturn|p2b: Aerodactyl|Protect\n|move|p1b: Incineroar|Fake Out|p2a: Incineroar\n|-damage|p2a: Incineroar|93/100\n|move|p1a: Milotic|Scald|p2a: Incineroar\n|-supereffective|p2a: Incineroar|1\n|-damage|p2a: Incineroar|22/100\n|-enditem|p2a: Incineroar|Sitrus Berry|[eat]\n|-heal|p2a: Incineroar|47/100|[from] item: Sitrus Berry\n|cant|p2a: Incineroar|flinch\n|\n|upkeep\n|turn|2\n|\n|t:|1776453195\n|move|p2b: Aerodactyl|Tailwind|p2b: Aerodactyl\n|-sidestart|p2: AidzPlayz|move: Tailwind\n|move|p2a: Incineroar|Parting Shot|p1b: Incineroar\n|-unboost|p1b: Incineroar|atk|1\n|-unboost|p1b: Incineroar|spa|1\n|\n|t:|1776453203\n|switch|p2a: Floette|Floette-Eternal, L50, F|100/100|[from] Parting Shot\n|move|p1a: Milotic|Scald|p2b: Aerodactyl\n|-supereffective|p2b: Aerodactyl|1\n|-enditem|p2b: Aerodactyl|Focus Sash\n|-damage|p2b: Aerodactyl|1/100\n|move|p1b: Incineroar|Parting Shot|p2a: Floette\n|-unboost|p2a: Floette|atk|1\n|-unboost|p2a: Floette|spa|1\n|\n|t:|1776453213\n|switch|p1b: Corviknight|Corviknight, L50, F, shiny|100/100|[from] Parting Shot\n|-ability|p1b: Corviknight|Unnerve\n|\n|upkeep\n|turn|3\n|\n|t:|1776453230\n|detailschange|p2a: Floette|Floette-Mega, L50, F\n|-mega|p2a: Floette|Floette|Floettite\n|-ability|p2a: Floette|Fairy Aura\n|move|p2b: Aerodactyl|Rock Slide|p1a: Milotic|[spread] p1a,p1b\n|-damage|p1a: Milotic|87/100\n|-damage|p1b: Corviknight|87/100\n|move|p2a: Floette|Moonblast|p1a: Milotic\n|-damage|p1a: Milotic|48/100\n|move|p1a: Milotic|Icy Wind|p2a: Floette|[spread] p2a,p2b\n|-supereffective|p2b: Aerodactyl|1\n|-damage|p2a: Floette|84/100\n|-damage|p2b: Aerodactyl|0 fnt\n|-unboost|p2a: Floette|spe|1\n|faint|p2b: Aerodactyl\n|move|p1b: Corviknight|Tailwind|p1b: Corviknight\n|-sidestart|p1: 32323h|move: Tailwind\n|\n|-heal|p1a: Milotic|54/100|[from] item: Leftovers\n|upkeep\n|\n|t:|1776453251\n|switch|p2b: Incineroar|Incineroar, L50, M|47/100\n|-ability|p2b: Incineroar|Intimidate|boost\n|-unboost|p1a: Milotic|atk|1\n|-ability|p1a: Milotic|Competitive|boost\n|-boost|p1a: Milotic|spa|2\n|-unboost|p1b: Corviknight|atk|1\n|turn|4\n|\n|t:|1776453263\n|move|p2a: Floette|Light of Ruin|p1a: Milotic\n|-damage|p1a: Milotic|0 fnt\n|faint|p1a: Milotic\n|-damage|p2a: Floette|48/100|[from] Recoil\n|move|p1b: Corviknight|Iron Head|p2a: Floette\n|-supereffective|p2a: Floette|1\n|-crit|p2a: Floette\n|-damage|p2a: Floette|0 fnt\n|faint|p2a: Floette\n|move|p2b: Incineroar|Flare Blitz|p1b: Corviknight\n|-supereffective|p1b: Corviknight|1\n|-damage|p1b: Corviknight|11/100\n|-damage|p2b: Incineroar|21/100|[from] Recoil\n|\n|upkeep\n|\n|t:|1776453276\n|switch|p2a: Sneasler|Sneasler, L50, M|100/100\n|switch|p1a: Incineroar|Incineroar, L50, F, shiny|100/100\n|-ability|p1a: Incineroar|Intimidate|boost\n|-unboost|p2a: Sneasler|atk|1\n|-unboost|p2b: Incineroar|atk|1\n|-enditem|p2a: Sneasler|White Herb\n|-clearnegativeboost|p2a: Sneasler|[silent]\n|turn|5\n|\n|t:|1776453294\n|move|p2a: Sneasler|Protect|p2a: Sneasler\n|-singleturn|p2a: Sneasler|Protect\n|move|p1a: Incineroar|Fake Out|p2b: Incineroar\n|-damage|p2b: Incineroar|11/100\n|move|p1b: Corviknight|Brave Bird|p2a: Sneasler\n|-activate|p2a: Sneasler|move: Protect\n|cant|p2b: Incineroar|flinch\n|\n|-sideend|p2: AidzPlayz|move: Tailwind\n|upkeep\n|turn|6\n|\n|t:|1776453308\n|move|p2a: Sneasler|Protect||[still]\n|-fail|p2a: Sneasler\n|move|p1b: Corviknight|Brave Bird|p2a: Sneasler\n|-supereffective|p2a: Sneasler|1\n|-damage|p2a: Sneasler|10/100\n|-damage|p1b: Corviknight|0 fnt|[from] Recoil\n|faint|p1b: Corviknight\n|move|p1a: Incineroar|Flare Blitz|p2a: Sneasler\n|-damage|p2a: Sneasler|0 fnt\n|faint|p2a: Sneasler\n|-damage|p1a: Incineroar|98/100|[from] Recoil\n|move|p2b: Incineroar|Flare Blitz|p1a: Incineroar\n|-resisted|p1a: Incineroar|1\n|-damage|p1a: Incineroar|83/100\n|-damage|p2b: Incineroar|6/100|[from] Recoil\n|\n|-sideend|p1: 32323h|move: Tailwind\n|upkeep\n|\n|t:|1776453314\n|switch|p1b: Floette|Floette-Eternal, L50, F|100/100\n|turn|7\n|-message|AidzPlayz forfeited.\n|\n|win|32323h\n|raw|32323h's rating: 1301 &rarr; <strong>1324</strong><br />(+23 for winning)\n|raw|AidzPlayz's rating: 1361 &rarr; <strong>1338</strong><br />(-23 for losing)\n",
  "uploadtime": 1776453317,
  "views": 55,
  "formatid": "gen9championsvgc2026regma",
  "rating": 1324,
  "private": 0,
  "password": null
}