{
  "id": "gen9championsvgc2026regma-2588627417",
  "format": "[Gen 9 Champions] VGC 2026 Reg M-A",
  "players": [
    "yeanxy",
    "manhattan mudbrays"
  ],
  "log": "|j|\u2606yeanxy\n|j|\u2606manhattan mudbrays\n|t:|1776651539\n|gametype|doubles\n|player|p1|yeanxy|blue|1064\n|player|p2|manhattan mudbrays|jasmine|1080\n|gen|9\n|tier|[Gen 9 Champions] VGC 2026 Reg M-A\n|rated|\n|rule|Species Clause: Limit one of each Pok\u00e9mon\n|rule|Item Clause: Limit 1 of each item\n|clearpoke\n|poke|p1|Charizard, L50, M|\n|poke|p1|Milotic, L50, F, shiny|\n|poke|p1|Sinistcha, L50|\n|poke|p1|Mimikyu, L50, F|\n|poke|p1|Aerodactyl, L50, M|\n|poke|p1|Incineroar, L50, M|\n|poke|p2|Hawlucha, L50, F|\n|poke|p2|Stunfisk, L50, M|\n|poke|p2|Hippowdon, L50, M|\n|poke|p2|Aerodactyl, L50, M|\n|poke|p2|Araquanid, L50, M|\n|poke|p2|Incineroar, L50, M|\n|teampreview|4\n|inactive|Battle timer is ON: inactive players will automatically lose when time's up. (requested by manhattan mudbrays)\n|\n|t:|1776651555\n|teamsize|p1|4\n|teamsize|p2|4\n|start\n|switch|p1a: Milotic|Milotic, L50, F, shiny|100/100\n|switch|p1b: Charizard|Charizard, L50, M|100/100\n|switch|p2a: Hippowdon|Hippowdon, L50, M|100/100\n|switch|p2b: Aerodactyl|Aerodactyl, L50, M|100/100\n|-ability|p2b: Aerodactyl|Unnerve\n|-weather|Sandstorm|[from] ability: Sand Stream|[of] p2a: Hippowdon\n|turn|1\n|inactive|yeanxy has 30 seconds left.\n|\n|t:|1776651581\n|detailschange|p1b: Charizard|Charizard-Mega-X, L50, M\n|-mega|p1b: Charizard|Charizard|Charizardite X\n|move|p2b: Aerodactyl|Protect|p2b: Aerodactyl\n|-singleturn|p2b: Aerodactyl|Protect\n|move|p1b: Charizard|Dragon Dance|p1b: Charizard\n|-boost|p1b: Charizard|atk|1\n|-boost|p1b: Charizard|spe|1\n|move|p1a: Milotic|Scald|p2a: Hippowdon\n|-supereffective|p2a: Hippowdon|1\n|-damage|p2a: Hippowdon|36/100\n|move|p2a: Hippowdon|Yawn|p1a: Milotic\n|-start|p1a: Milotic|move: Yawn|[of] p2a: Hippowdon\n|\n|-weather|Sandstorm|[upkeep]\n|-damage|p1b: Charizard|95/100|[from] Sandstorm\n|-damage|p1a: Milotic|95/100|[from] Sandstorm\n|-heal|p1a: Milotic|100/100|[from] item: Leftovers\n|-heal|p2a: Hippowdon|42/100|[from] item: Leftovers\n|upkeep\n|turn|2\n|inactive|yeanxy has 30 seconds left.\n|\n|t:|1776651610\n|switch|p1a: Incineroar|Incineroar, L50, M|100/100\n|-ability|p1a: Incineroar|Intimidate|boost\n|-unboost|p2a: Hippowdon|atk|1\n|-unboost|p2b: Aerodactyl|atk|1\n|move|p1b: Charizard|Dragon Claw|p2b: Aerodactyl\n|-enditem|p2b: Aerodactyl|Focus Sash\n|-damage|p2b: Aerodactyl|1/100\n|move|p2b: Aerodactyl|Tailwind|p2b: Aerodactyl\n|-sidestart|p2: manhattan mudbrays|move: Tailwind\n|move|p2a: Hippowdon|Yawn|p1b: Charizard\n|-start|p1b: Charizard|move: Yawn|[of] p2a: Hippowdon\n|\n|-weather|Sandstorm|[upkeep]\n|-damage|p1b: Charizard|89/100|[from] Sandstorm\n|-damage|p1a: Incineroar|95/100|[from] Sandstorm\n|-heal|p2a: Hippowdon|48/100|[from] item: Leftovers\n|upkeep\n|turn|3\n|inactive|yeanxy has 30 seconds left.\n|\n|t:|1776651640\n|move|p2b: Aerodactyl|Rock Slide|p1a: Incineroar|[spread] p1a,p1b\n|-supereffective|p1a: Incineroar|1\n|-supereffective|p1b: Charizard|1\n|-damage|p1a: Incineroar|70/100\n|-damage|p1b: Charizard|58/100\n|cant|p1b: Charizard|flinch\n|move|p2a: Hippowdon|Muddy Water|p1a: Incineroar|[spread] p1a,p1b\n|-supereffective|p1a: Incineroar|1\n|-damage|p1a: Incineroar|51/100\n|-damage|p1b: Charizard|48/100\n|move|p1a: Incineroar|Darkest Lariat|p2b: Aerodactyl\n|-damage|p2b: Aerodactyl|0 fnt\n|faint|p2b: Aerodactyl\n|\n|-weather|Sandstorm|[upkeep]\n|-damage|p1b: Charizard|42/100|[from] Sandstorm\n|-damage|p1a: Incineroar|45/100|[from] Sandstorm\n|-heal|p2a: Hippowdon|54/100|[from] item: Leftovers\n|-end|p1b: Charizard|move: Yawn|[silent]\n|-status|p1b: Charizard|slp\n|upkeep\n|\n|t:|1776651656\n|switch|p2b: Stunfisk|Stunfisk, L50, M|100/100\n|turn|4\n|\n|t:|1776651678\n|switch|p1b: Milotic|Milotic, L50, F, shiny|100/100\n|switch|p2a: Hawlucha|Hawlucha, L50, F|100/100\n|move|p2b: Stunfisk|Fissure|p1a: Incineroar\n|-damage|p1a: Incineroar|0 fnt\n|faint|p1a: Incineroar\n|-ohko\n|\n|-weather|Sandstorm|[upkeep]\n|-damage|p2a: Hawlucha|95/100|[from] Sandstorm\n|-damage|p1b: Milotic|95/100|[from] Sandstorm\n|-heal|p1b: Milotic|100/100|[from] item: Leftovers\n|upkeep\n|\n|t:|1776651692\n|switch|p1a: Sinistcha|Sinistcha, L50|100/100\n|turn|5\n|\n|t:|1776651709\n|detailschange|p2a: Hawlucha|Hawlucha-Mega, L50, F\n|-mega|p2a: Hawlucha|Hawlucha|Hawluchanite\n|move|p1b: Milotic|Protect|p1b: Milotic\n|-singleturn|p1b: Milotic|Protect\n|move|p2a: Hawlucha|Entrainment|p1b: Milotic\n|-activate|p1b: Milotic|move: Protect\n|move|p1a: Sinistcha|Matcha Gotcha|p2a: Hawlucha|[spread] p2a\n|-miss|p1a: Sinistcha|p2b: Stunfisk\n|-resisted|p2a: Hawlucha|1\n|-damage|p2a: Hawlucha|80/100\n|move|p2b: Stunfisk|Fissure|p1b: Milotic\n|-activate|p1b: Milotic|move: Protect\n|\n|-weather|none\n|-sideend|p2: manhattan mudbrays|move: Tailwind\n|upkeep\n|turn|6\n|inactive|yeanxy has 30 seconds left.\n|\n|t:|1776651739\n|switch|p1a: Charizard|Charizard-Mega-X, L50, M|42/100 slp\n|move|p2a: Hawlucha|Entrainment|p1b: Milotic\n|-ability|p1b: Milotic|No Guard|Competitive|[from] move: Entrainment|[of] p2a: Hawlucha\n|move|p1b: Milotic|Ice Beam|p2a: Hawlucha\n|-supereffective|p2a: Hawlucha|1\n|-damage|p2a: Hawlucha|17/100\n|move|p2b: Stunfisk|Fissure|p1b: Milotic\n|-damage|p1b: Milotic|0 fnt\n|faint|p1b: Milotic\n|-ohko\n|\n|upkeep\n|\n|t:|1776651753\n|switch|p1b: Sinistcha|Sinistcha, L50|100/100\n|-heal|p1a: Charizard|66/100 slp|[from] ability: Hospitality|[of] p1b: Sinistcha\n|turn|7\n|\n|t:|1776651768\n|move|p1b: Sinistcha|Rage Powder|p1b: Sinistcha\n|-singleturn|p1b: Sinistcha|move: Rage Powder\n|move|p2a: Hawlucha|Entrainment|p1b: Sinistcha\n|-ability|p1b: Sinistcha|No Guard|Hospitality|[from] move: Entrainment|[of] p2a: Hawlucha\n|cant|p1a: Charizard|slp\n|move|p2b: Stunfisk|Fissure|p1b: Sinistcha\n|-damage|p1b: Sinistcha|0 fnt\n|faint|p1b: Sinistcha\n|-ohko\n|\n|upkeep\n|turn|8\n|\n|t:|1776651784\n|move|p2a: Hawlucha|Entrainment|p1a: Charizard\n|-ability|p1a: Charizard|No Guard|Tough Claws|[from] move: Entrainment|[of] p2a: Hawlucha\n|-curestatus|p1a: Charizard|slp|[msg]\n|move|p1a: Charizard|Dragon Claw|p2b: Stunfisk\n|-crit|p2b: Stunfisk\n|-damage|p2b: Stunfisk|58/100\n|move|p2b: Stunfisk|Fissure|p1a: Charizard\n|-damage|p1a: Charizard|0 fnt\n|faint|p1a: Charizard\n|-ohko\n|\n|win|manhattan mudbrays\n|raw|yeanxy's rating: 1064 &rarr; <strong>1045</strong><br />(-19 for losing)\n|raw|manhattan mudbrays's rating: 1080 &rarr; <strong>1107</strong><br />(+27 for winning)\n",
  "uploadtime": 1776651795,
  "views": 5,
  "formatid": "gen9championsvgc2026regma",
  "rating": 1045,
  "private": 0,
  "password": null
}