{
  "id": "gen9championsvgc2026regma-2588694674",
  "format": "[Gen 9 Champions] VGC 2026 Reg M-A",
  "players": [
    "raigonjoy",
    "Pmtang"
  ],
  "log": "|j|\u2606raigonjoy\n|j|\u203dPmtang\n|t:|1776658643\n|gametype|doubles\n|player|p1|raigonjoy|1|1002\n|player|p2|Pmtang|2|1003\n|gen|9\n|tier|[Gen 9 Champions] VGC 2026 Reg M-A\n|rated|\n|rule|Species Clause: Limit one of each Pok\u00e9mon\n|rule|Item Clause: Limit 1 of each item\n|clearpoke\n|poke|p1|Gengar, L50, F|\n|poke|p1|Zoroark-Hisui, L50, F|\n|poke|p1|Basculegion, L50, M|\n|poke|p1|Kingambit, L50, M|\n|poke|p1|Sneasler, L50, M|\n|poke|p1|Sableye, L50, M|\n|poke|p2|Floette-Eternal, L50, F|\n|poke|p2|Talonflame, L50, F|\n|poke|p2|Kangaskhan, L50, F|\n|poke|p2|Feraligatr, L50, M|\n|poke|p2|Volcarona, L50, F|\n|poke|p2|Whimsicott, L50, M|\n|teampreview|4\n|inactive|Battle timer is ON: inactive players will automatically lose when time's up. (requested by raigonjoy)\n|inactive|Pmtang has 60 seconds left.\n|\n|t:|1776658697\n|teamsize|p1|4\n|teamsize|p2|4\n|start\n|switch|p1a: Gengar|Gengar, L50, F|100/100\n|switch|p1b: Sneasler|Sneasler, L50, M|100/100\n|switch|p2a: Talonflame|Talonflame, L50, F|100/100\n|switch|p2b: Volcarona|Volcarona, L50, F|100/100\n|turn|1\n|inactive|raigonjoy has 30 seconds left.\n|\n|t:|1776658725\n|detailschange|p1a: Gengar|Gengar-Mega, L50, F\n|-mega|p1a: Gengar|Gengar|Gengarite\n|move|p1b: Sneasler|Fake Out|p2a: Talonflame\n|-damage|p2a: Talonflame|82/100\n|cant|p2a: Talonflame|flinch\n|move|p1a: Gengar|Perish Song|p1a: Gengar\n|-start|p1a: Gengar|perish3|[silent]\n|-start|p1b: Sneasler|perish3|[silent]\n|-start|p2a: Talonflame|perish3|[silent]\n|-start|p2b: Volcarona|perish3|[silent]\n|-fieldactivate|move: Perish Song\n|move|p2b: Volcarona|Quiver Dance|p2b: Volcarona\n|-boost|p2b: Volcarona|spa|1\n|-boost|p2b: Volcarona|spd|1\n|-boost|p2b: Volcarona|spe|1\n|\n|-start|p2b: Volcarona|perish3\n|-start|p1b: Sneasler|perish3\n|-start|p2a: Talonflame|perish3\n|-start|p1a: Gengar|perish3\n|upkeep\n|turn|2\n|\n|t:|1776658746\n|switch|p1b: Basculegion|Basculegion, L50, M|100/100\n|move|p1a: Gengar|Protect|p1a: Gengar\n|-singleturn|p1a: Gengar|Protect\n|move|p2b: Volcarona|Heat Wave|p1b: Basculegion|[spread] p1b\n|-activate|p1a: Gengar|move: Protect\n|-resisted|p1b: Basculegion|1\n|-damage|p1b: Basculegion|55/100\n|move|p2a: Talonflame|Brave Bird|p1b: Basculegion\n|-damage|p1b: Basculegion|0 fnt\n|faint|p1b: Basculegion\n|-damage|p2a: Talonflame|58/100|[from] Recoil\n|\n|-start|p2b: Volcarona|perish2\n|-start|p2a: Talonflame|perish2\n|-start|p1a: Gengar|perish2\n|upkeep\n|inactive|raigonjoy has 30 seconds left.\n|inactive|raigonjoy has 20 seconds left.\n|\n|t:|1776658784\n|switch|p1b: Sneasler|Sneasler, L50, M|100/100\n|turn|3\n|\n|t:|1776658797\n|move|p1b: Sneasler|Fake Out|p2a: Talonflame\n|-crit|p2a: Talonflame\n|-damage|p2a: Talonflame|30/100\n|cant|p2a: Talonflame|flinch\n|move|p1a: Gengar|Substitute|p1a: Gengar\n|-start|p1a: Gengar|Substitute\n|-damage|p1a: Gengar|76/100\n|move|p2b: Volcarona|Whirlwind|p1a: Gengar\n|drag|p1a: Sableye|Sableye, L50, M|100/100\n|\n|-start|p2b: Volcarona|perish1\n|-start|p2a: Talonflame|perish1\n|upkeep\n|turn|4\n|inactive|raigonjoy has 30 seconds left.\n|\n|t:|1776658826\n|switch|p2b: Kangaskhan|Kangaskhan, L50, F|100/100\n|switch|p2a: Whimsicott|Whimsicott, L50, M|100/100\n|switch|p1a: Gengar|Gengar-Mega, L50, F|76/100\n|move|p1b: Sneasler|Dire Claw|p2b: Kangaskhan\n|-crit|p2b: Kangaskhan\n|-damage|p2b: Kangaskhan|29/100\n|\n|upkeep\n|turn|5\n|inactive|raigonjoy has 30 seconds left.\n|inactive|Pmtang has 30 seconds left.\n|inactive|Pmtang has 20 seconds left.\n|inactive|Pmtang has 15 seconds left.\n|\n|t:|1776658871\n|switch|p1a: Sableye|Sableye, L50, M|100/100\n|detailschange|p2b: Kangaskhan|Kangaskhan-Mega, L50, F\n|-mega|p2b: Kangaskhan|Kangaskhan|Kangaskhanite\n|move|p2a: Whimsicott|Tailwind|p2a: Whimsicott\n|-sidestart|p2: Pmtang|move: Tailwind\n|move|p2b: Kangaskhan|Sucker Punch|p1b: Sneasler\n|-resisted|p1b: Sneasler|1\n|-damage|p1b: Sneasler|83/100\n|-resisted|p1b: Sneasler|1\n|-damage|p1b: Sneasler|79/100\n|-hitcount|p1b: Sneasler|2\n|move|p1b: Sneasler|Close Combat|p2b: Kangaskhan\n|-supereffective|p2b: Kangaskhan|1\n|-damage|p2b: Kangaskhan|0 fnt\n|-unboost|p1b: Sneasler|def|1\n|-unboost|p1b: Sneasler|spd|1\n|faint|p2b: Kangaskhan\n|-enditem|p1b: Sneasler|White Herb\n|-clearnegativeboost|p1b: Sneasler|[silent]\n|\n|upkeep\n|\n|t:|1776658881\n|switch|p2b: Volcarona|Volcarona, L50, F|100/100\n|turn|6\n|\n|t:|1776658900\n|move|p2a: Whimsicott|Sunny Day|p2a: Whimsicott\n|-weather|SunnyDay\n|move|p1a: Sableye|Taunt|p2b: Volcarona\n|-start|p2b: Volcarona|move: Taunt\n|move|p1b: Sneasler|Dire Claw|p2a: Whimsicott\n|-supereffective|p2a: Whimsicott|2\n|-enditem|p2a: Whimsicott|Focus Sash\n|-damage|p2a: Whimsicott|1/100\n|move|p2b: Volcarona|Heat Wave|p1b: Sneasler|[spread] p1a,p1b\n|-damage|p1a: Sableye|1/100\n|-damage|p1b: Sneasler|0 fnt\n|faint|p1b: Sneasler\n|\n|-weather|SunnyDay|[upkeep]\n|upkeep\n|\n|t:|1776658910\n|switch|p1b: Gengar|Gengar-Mega, L50, F|76/100\n|turn|7\n|\n|t:|1776658926\n|move|p1a: Sableye|Rain Dance|p1a: Sableye\n|-weather|RainDance\n|move|p2a: Whimsicott|Moonblast|p1a: Sableye\n|-supereffective|p1a: Sableye|1\n|-enditem|p1a: Sableye|Roseli Berry|[eat]\n|-enditem|p1a: Sableye|Roseli Berry|[weaken]\n|-damage|p1a: Sableye|0 fnt\n|faint|p1a: Sableye\n|move|p2b: Volcarona|Heat Wave|p1b: Gengar\n|-damage|p1b: Gengar|44/100\n|move|p1b: Gengar|Sludge Bomb|p2a: Whimsicott\n|-supereffective|p2a: Whimsicott|2\n|-damage|p2a: Whimsicott|0 fnt\n|faint|p2a: Whimsicott\n|\n|-weather|RainDance|[upkeep]\n|upkeep\n|\n|t:|1776658935\n|switch|p2a: Talonflame|Talonflame, L50, F|30/100\n|turn|8\n|\n|t:|1776658942\n|move|p1b: Gengar|Protect|p1b: Gengar\n|-singleturn|p1b: Gengar|Protect\n|move|p2a: Talonflame|Brave Bird|p1b: Gengar\n|-activate|p1b: Gengar|move: Protect\n|move|p2b: Volcarona|Heat Wave|p1b: Gengar\n|-activate|p1b: Gengar|move: Protect\n|\n|-weather|RainDance|[upkeep]\n|-end|p2b: Volcarona|move: Taunt\n|-sideend|p2: Pmtang|move: Tailwind\n|upkeep\n|turn|9\n|-message|raigonjoy forfeited.\n|\n|win|Pmtang\n|raw|raigonjoy's rating: 1002 &rarr; <strong>1000</strong><br />(-2 for losing)\n|raw|Pmtang's rating: 1003 &rarr; <strong>1042</strong><br />(+39 for winning)\n|l|\u2606raigonjoy\n|player|p1|\n|j|\u2606raigonjoy\n|player|p1|raigonjoy|1|\n",
  "uploadtime": 1776658949,
  "views": 4,
  "formatid": "gen9championsvgc2026regma",
  "rating": 1000,
  "private": 0,
  "password": null
}