{
  "id": "gen9championsvgc2026regma-2581305791",
  "format": "[Gen 9 Champions] VGC 2026 Reg M-A",
  "players": [
    "silvermagicianvgc",
    "nsbnsb"
  ],
  "log": "|j|\u2606silvermagicianvgc\n|j|\u2606nsbnsb\n|t:|1775984198\n|gametype|doubles\n|player|p1|silvermagicianvgc|silver|1303\n|player|p2|nsbnsb|ghetsis|1264\n|gen|9\n|tier|[Gen 9 Champions] VGC 2026 Reg M-A\n|rated|\n|rule|Species Clause: Limit one of each Pok\u00e9mon\n|rule|Item Clause: Limit 1 of each item\n|clearpoke\n|poke|p1|Floette-Eternal, L50, F|\n|poke|p1|Garchomp, L50, F|\n|poke|p1|Aerodactyl, L50, M|\n|poke|p1|Incineroar, L50, M|\n|poke|p1|Milotic, L50, F|\n|poke|p1|Sinistcha, L50|\n|poke|p2|Crabominable, L50, F|\n|poke|p2|Farigiraf, L50, M|\n|poke|p2|Kingambit, L50, M|\n|poke|p2|Sinistcha, L50|\n|poke|p2|Camerupt, L50, F|\n|poke|p2|Incineroar, L50, M|\n|teampreview|4\n|inactive|Battle timer is ON: inactive players will automatically lose when time's up. (requested by nsbnsb)\n|j| gE1xjZRtuhW2DdT0AK\n|\n|t:|1775984226\n|teamsize|p1|4\n|teamsize|p2|4\n|start\n|switch|p1a: Milotic|Milotic, L50, F, shiny|100/100\n|switch|p1b: Sinistcha|Sinistcha, L50|100/100\n|switch|p2a: Farigiraf|Farigiraf, L50, M|100/100\n|switch|p2b: Incineroar|Incineroar, L50, M|100/100\n|-ability|p2b: Incineroar|Intimidate|boost\n|-unboost|p1a: Milotic|atk|1\n|-ability|p1a: Milotic|Competitive|boost\n|-boost|p1a: Milotic|spa|2\n|-unboost|p1b: Sinistcha|atk|1\n|turn|1\n|\n|t:|1775984241\n|move|p2b: Incineroar|Fake Out|p1a: Milotic\n|-damage|p1a: Milotic|90/100\n|cant|p1a: Milotic|flinch\n|move|p1b: Sinistcha|Imprison|p1b: Sinistcha\n|-start|p1b: Sinistcha|move: Imprison\n|cant|p2a: Farigiraf|move: Imprison|Trick Room\n|\n|-heal|p1a: Milotic|96/100|[from] item: Leftovers\n|upkeep\n|turn|2\n|\n|t:|1775984254\n|move|p1a: Milotic|Scald|p2b: Incineroar\n|-supereffective|p2b: Incineroar|1\n|-damage|p2b: Incineroar|0 fnt\n|faint|p2b: Incineroar\n|move|p1b: Sinistcha|Matcha Gotcha|p2a: Farigiraf\n|-damage|p2a: Farigiraf|69/100\n|move|p2a: Farigiraf|Psychic|p1b: Sinistcha\n|-damage|p1b: Sinistcha|59/100\n|\n|-heal|p1a: Milotic|100/100|[from] item: Leftovers\n|upkeep\n|\n|t:|1775984258\n|switch|p2b: Kingambit|Kingambit, L50, M|100/100\n|turn|3\n|inactive|silvermagicianvgc has 30 seconds left.\n|\n|t:|1775984291\n|switch|p1b: Garchomp|Garchomp, L50, F|100/100\n|move|p2a: Farigiraf|Helping Hand|p2b: Kingambit\n|-singleturn|p2b: Kingambit|Helping Hand|[of] p2a: Farigiraf\n|move|p2b: Kingambit|Sucker Punch|p1a: Milotic\n|-damage|p1a: Milotic|33/100\n|move|p1a: Milotic|Scald|p2a: Farigiraf\n|-damage|p2a: Farigiraf|1/100\n|\n|-heal|p1a: Milotic|39/100|[from] item: Leftovers\n|upkeep\n|turn|4\n|\n|t:|1775984307\n|move|p2a: Farigiraf|Helping Hand|p2b: Kingambit\n|-singleturn|p2b: Kingambit|Helping Hand|[of] p2a: Farigiraf\n|move|p1a: Milotic|Protect|p1a: Milotic\n|-singleturn|p1a: Milotic|Protect\n|move|p2b: Kingambit|Sucker Punch|p1b: Garchomp\n|-damage|p1b: Garchomp|34/100\n|-damage|p2b: Kingambit|88/100|[from] ability: Rough Skin|[of] p1b: Garchomp\n|move|p1b: Garchomp|Earthquake|p2a: Farigiraf|[spread] p2a,p2b\n|-activate|p1a: Milotic|move: Protect\n|-supereffective|p2b: Kingambit|1\n|-damage|p2a: Farigiraf|0 fnt\n|-damage|p2b: Kingambit|21/100\n|faint|p2a: Farigiraf\n|\n|-heal|p1a: Milotic|45/100|[from] item: Leftovers\n|upkeep\n|\n|t:|1775984315\n|switch|p2a: Crabominable|Crabominable, L50, F|100/100\n|turn|5\n|\n|t:|1775984326\n|detailschange|p2a: Crabominable|Crabominable-Mega, L50, F\n|-mega|p2a: Crabominable|Crabominable|Crabominite\n|move|p2b: Kingambit|Sucker Punch|p1b: Garchomp\n|-damage|p1b: Garchomp|0 fnt\n|-damage|p2b: Kingambit|9/100|[from] ability: Rough Skin|[of] p1b: Garchomp\n|faint|p1b: Garchomp\n|move|p1a: Milotic|Scald|p2b: Kingambit\n|-damage|p2b: Kingambit|0 fnt\n|faint|p2b: Kingambit\n|move|p2a: Crabominable|Ice Hammer|p1a: Milotic\n|-resisted|p1a: Milotic|1\n|-damage|p1a: Milotic|7/100\n|-unboost|p2a: Crabominable|spe|1\n|\n|-heal|p1a: Milotic|13/100|[from] item: Leftovers\n|upkeep\n|-message|nsbnsb forfeited.\n|\n|win|silvermagicianvgc\n|raw|silvermagicianvgc's rating: 1303 &rarr; <strong>1321</strong><br />(+18 for winning)\n|raw|nsbnsb's rating: 1264 &rarr; <strong>1242</strong><br />(-22 for losing)\n|l|\u2606nsbnsb\n|player|p2|\n|l|\u2606silvermagicianvgc\n|player|p1|\n",
  "uploadtime": 1775984349,
  "views": 36,
  "formatid": "gen9championsvgc2026regma",
  "rating": 1242,
  "private": 0,
  "password": null
}