{
  "id": "gen9championsvgc2026regma-2585958730",
  "format": "[Gen 9 Champions] VGC 2026 Reg M-A",
  "players": [
    "Lume_3669",
    "Chef204"
  ],
  "log": "|j|\u2606Lume_3669\n|j|\u2606Chef204\n|t:|1776385137\n|gametype|doubles\n|player|p1|Lume_3669|1|1229\n|player|p2|Chef204|cynthia-gen4|1258\n|gen|9\n|tier|[Gen 9 Champions] VGC 2026 Reg M-A\n|rated|\n|rule|Species Clause: Limit one of each Pok\u00e9mon\n|rule|Item Clause: Limit 1 of each item\n|clearpoke\n|poke|p1|Crabominable, L50, M|\n|poke|p1|Emboar, L50, M|\n|poke|p1|Alakazam, L50, M|\n|poke|p1|Mimikyu, L50, M|\n|poke|p1|Whimsicott, L50, F|\n|poke|p1|Slowking-Galar, L50, F|\n|poke|p2|Delphox, L50, F|\n|poke|p2|Aerodactyl, L50, F|\n|poke|p2|Milotic, L50, F|\n|poke|p2|Garchomp, L50, M|\n|poke|p2|Archaludon, L50, M|\n|poke|p2|Tyranitar, L50, M|\n|teampreview|4\n|inactive|Battle timer is ON: inactive players will automatically lose when time's up. (requested by Chef204)\n|inactive|Lume_3669 has 60 seconds left.\n|\n|t:|1776385185\n|teamsize|p1|4\n|teamsize|p2|4\n|start\n|switch|p1a: Slowking|Slowking-Galar, L50, F|100/100\n|switch|p1b: Mimikyu|Mimikyu, L50, M|100/100\n|switch|p2a: Delphox|Delphox, L50, F|100/100\n|switch|p2b: Aerodactyl|Aerodactyl, L50, F|100/100\n|-ability|p2b: Aerodactyl|Unnerve\n|turn|1\n|\n|t:|1776385194\n|detailschange|p2a: Delphox|Delphox-Mega, L50, F\n|-mega|p2a: Delphox|Delphox|Delphoxite\n|move|p2a: Delphox|Heat Wave|p1b: Mimikyu|[spread] p1a,p1b\n|-crit|p1a: Slowking\n|-damage|p1a: Slowking|54/100\n|-activate|p1b: Mimikyu|ability: Disguise\n|-damage|p1b: Mimikyu|100/100\n|-status|p1b: Mimikyu|brn\n|detailschange|p1b: Mimikyu|Mimikyu-Busted, L50, M\n|-damage|p1b: Mimikyu|88/100 brn|[from] pokemon: Mimikyu-Busted\n|move|p2b: Aerodactyl|Rock Slide|p1a: Slowking|[spread] p1b\n|-miss|p2b: Aerodactyl|p1a: Slowking\n|-damage|p1b: Mimikyu|62/100 brn\n|move|p1a: Slowking|Snowscape|p1a: Slowking\n|-weather|Snowscape\n|cant|p1b: Mimikyu|flinch\n|\n|-weather|Snowscape|[upkeep]\n|-heal|p1a: Slowking|60/100|[from] item: Leftovers\n|-damage|p1b: Mimikyu|56/100 brn|[from] brn\n|upkeep\n|turn|2\n|inactive|Lume_3669 has 30 seconds left.\n|inactive|Chef204 has 30 seconds left.\n|inactive|Lume_3669 has 20 seconds left.\n|\n|t:|1776385230\n|move|p2a: Delphox|Heat Wave|p1b: Mimikyu|[spread] p1a,p1b\n|-damage|p1a: Slowking|32/100\n|-damage|p1b: Mimikyu|12/100 brn\n|move|p2b: Aerodactyl|Rock Slide|p1b: Mimikyu|[spread] p1a\n|-miss|p2b: Aerodactyl|p1b: Mimikyu\n|-damage|p1a: Slowking|9/100\n|move|p1b: Mimikyu|Will-O-Wisp|p2b: Aerodactyl\n|-status|p2b: Aerodactyl|brn\n|cant|p1a: Slowking|flinch\n|\n|-weather|Snowscape|[upkeep]\n|-heal|p1a: Slowking|15/100|[from] item: Leftovers\n|-damage|p2b: Aerodactyl|95/100 brn|[from] brn\n|-damage|p1b: Mimikyu|5/100 brn|[from] brn\n|upkeep\n|turn|3\n|\n|t:|1776385239\n|move|p2a: Delphox|Protect|p2a: Delphox\n|-singleturn|p2a: Delphox|Protect\n|move|p2b: Aerodactyl|Tailwind|p2b: Aerodactyl\n|-sidestart|p2: Chef204|move: Tailwind\n|move|p1b: Mimikyu|Trick Room|p1b: Mimikyu\n|-fieldstart|move: Trick Room|[of] p1b: Mimikyu\n|move|p1a: Slowking|Trick Room|p1a: Slowking\n|-fieldend|move: Trick Room\n|\n|-weather|Snowscape|[upkeep]\n|-heal|p1a: Slowking|21/100|[from] item: Leftovers\n|-damage|p2b: Aerodactyl|89/100 brn|[from] brn\n|-damage|p1b: Mimikyu|0 fnt|[from] brn\n|faint|p1b: Mimikyu\n|upkeep\n|\n|t:|1776385263\n|switch|p1b: Alakazam|Alakazam, L50, M|100/100\n|turn|4\n|\n|t:|1776385273\n|move|p2a: Delphox|Role Play|p1a: Slowking\n|-ability|p2a: Delphox|Regenerator|Levitate|[from] move: Role Play|[of] p1a: Slowking\n|move|p2b: Aerodactyl|Rock Slide|p1a: Slowking|[spread] p1a,p1b\n|-damage|p1a: Slowking|10/100\n|-damage|p1b: Alakazam|72/100\n|move|p1b: Alakazam|Thunder Wave|p2a: Delphox\n|-status|p2a: Delphox|par\n|cant|p1a: Slowking|flinch\n|\n|-weather|Snowscape|[upkeep]\n|-heal|p1a: Slowking|16/100|[from] item: Leftovers\n|-damage|p2b: Aerodactyl|83/100 brn|[from] brn\n|upkeep\n|turn|5\n|\n|t:|1776385292\n|switch|p2a: Milotic|Milotic, L50, F|100/100\n|switch|p1a: Crabominable|Crabominable, L50, M|100/100\n|move|p2b: Aerodactyl|Rock Slide|p1a: Crabominable|[spread] p1a,p1b\n|-damage|p1a: Crabominable|92/100\n|-damage|p1b: Alakazam|41/100\n|move|p1b: Alakazam|Psychic|p2a: Milotic\n|-damage|p2a: Milotic|64/100\n|\n|-weather|none\n|-heal|p2a: Milotic|70/100|[from] item: Leftovers\n|-damage|p2b: Aerodactyl|78/100 brn|[from] brn\n|upkeep\n|turn|6\n|\n|t:|1776385314\n|detailschange|p1a: Crabominable|Crabominable-Mega, L50, M\n|-mega|p1a: Crabominable|Crabominable|Crabominite\n|move|p2b: Aerodactyl|Rock Slide|p1b: Alakazam|[spread] p1b\n|-miss|p2b: Aerodactyl|p1a: Crabominable\n|-damage|p1b: Alakazam|12/100\n|move|p2a: Milotic|Muddy Water|p1a: Crabominable|[spread] p1a,p1b\n|-damage|p1a: Crabominable|67/100\n|-damage|p1b: Alakazam|0 fnt\n|faint|p1b: Alakazam\n|move|p1a: Crabominable|Drain Punch|p2a: Milotic\n|-damage|p2a: Milotic|14/100\n|-heal|p1a: Crabominable|93/100|[from] drain|[of] p2a: Milotic\n|\n|-heal|p2a: Milotic|20/100|[from] item: Leftovers\n|-damage|p2b: Aerodactyl|72/100 brn|[from] brn\n|-sideend|p2: Chef204|move: Tailwind\n|upkeep\n|\n|t:|1776385322\n|switch|p1b: Slowking|Slowking-Galar, L50, F|49/100\n|turn|7\n|\n|t:|1776385342\n|move|p1a: Crabominable|Mach Punch|p2a: Milotic\n|-damage|p2a: Milotic|0 fnt\n|faint|p2a: Milotic\n|move|p2b: Aerodactyl|Rock Slide|p1a: Crabominable|[spread] p1a,p1b\n|-damage|p1a: Crabominable|83/100\n|-damage|p1b: Slowking|37/100\n|cant|p1b: Slowking|flinch\n|\n|-heal|p1b: Slowking|43/100|[from] item: Leftovers\n|-damage|p2b: Aerodactyl|66/100 brn|[from] brn\n|upkeep\n|\n|t:|1776385357\n|switch|p2a: Garchomp|Garchomp, L50, M|100/100\n|turn|8\n|inactive|Lume_3669 has 30 seconds left.\n|\n|t:|1776385384\n|move|p2a: Garchomp|Earthquake|p1a: Crabominable|[spread] p1a,p1b\n|-immune|p2b: Aerodactyl\n|-supereffective|p1b: Slowking|1\n|-damage|p1a: Crabominable|53/100\n|-damage|p1b: Slowking|0 fnt\n|faint|p1b: Slowking\n|move|p2b: Aerodactyl|Rock Slide|p1a: Crabominable\n|-damage|p1a: Crabominable|40/100\n|cant|p1a: Crabominable|flinch\n|\n|-damage|p2b: Aerodactyl|60/100 brn|[from] brn\n|upkeep\n|turn|9\n|\n|t:|1776385396\n|move|p2a: Garchomp|Earthquake|p1a: Crabominable|[spread] p1a\n|-immune|p2b: Aerodactyl\n|-damage|p1a: Crabominable|12/100\n|move|p2b: Aerodactyl|Dual Wingbeat|p1a: Crabominable|[miss]\n|-miss|p2b: Aerodactyl|p1a: Crabominable\n|move|p1a: Crabominable|Ice Hammer|p2a: Garchomp\n|-supereffective|p2a: Garchomp|2\n|-damage|p2a: Garchomp|0 fnt\n|-unboost|p1a: Crabominable|spe|1\n|faint|p2a: Garchomp\n|\n|-damage|p2b: Aerodactyl|55/100 brn|[from] brn\n|upkeep\n|\n|t:|1776385403\n|switch|p2a: Delphox|Delphox-Mega, L50, F|100/100 par\n|turn|10\n|-message|Lume_3669 forfeited.\n|\n|win|Chef204\n|raw|Lume_3669's rating: 1229 &rarr; <strong>1206</strong><br />(-23 for losing)\n|raw|Chef204's rating: 1258 &rarr; <strong>1281</strong><br />(+23 for winning)\n|l|\u2606Lume_3669\n|player|p1|\n",
  "uploadtime": 1776385433,
  "views": 50,
  "formatid": "gen9championsvgc2026regma",
  "rating": 1206,
  "private": 0,
  "password": null
}