{
  "id": "gen9championsvgc2026regma-2584862482",
  "format": "[Gen 9 Champions] VGC 2026 Reg M-A",
  "players": [
    "ThrillsForThePils",
    "Noobilio"
  ],
  "log": "|j|\u2606ThrillsForThePils\n|j|\u2606Noobilio\n|t:|1776289566\n|gametype|doubles\n|player|p1|ThrillsForThePils|102|1377\n|player|p2|Noobilio|nurse|1339\n|gen|9\n|tier|[Gen 9 Champions] VGC 2026 Reg M-A\n|rated|\n|rule|Species Clause: Limit one of each Pok\u00e9mon\n|rule|Item Clause: Limit 1 of each item\n|clearpoke\n|poke|p1|Scizor, L50, F|\n|poke|p1|Aerodactyl, L50, M|\n|poke|p1|Incineroar, L50, F|\n|poke|p1|Sinistcha, L50|\n|poke|p1|Milotic, L50, F|\n|poke|p1|Sneasler, L50, M|\n|poke|p2|Hawlucha, L50, F|\n|poke|p2|Floette-Eternal, L50, F|\n|poke|p2|Incineroar, L50, F|\n|poke|p2|Sinistcha, L50|\n|poke|p2|Snorlax, L50, F|\n|poke|p2|Rotom-Wash, L50|\n|teampreview|4\n|inactive|Battle timer is ON: inactive players will automatically lose when time's up. (requested by ThrillsForThePils)\n|inactive|ThrillsForThePils has 60 seconds left.\n|inactive|ThrillsForThePils has 30 seconds left.\n|inactive|ThrillsForThePils has 20 seconds left.\n|inactive|ThrillsForThePils has 15 seconds left.\n|inactive|ThrillsForThePils has 10 seconds left.\n|inactive|ThrillsForThePils has 5 seconds left.\n|\n|t:|1776289658\n|teamsize|p1|4\n|teamsize|p2|4\n|start\n|switch|p1a: Scizor|Scizor, L50, F|100/100\n|switch|p1b: Milotic|Milotic, L50, F|100/100\n|switch|p2a: Hawlucha|Hawlucha, L50, F, shiny|100/100\n|switch|p2b: Snorlax|Snorlax, L50, F, shiny|100/100\n|-ability|p2a: Hawlucha|Mold Breaker\n|turn|1\n|inactive|ThrillsForThePils has 30 seconds left.\n|\n|t:|1776289684\n|switch|p1b: Incineroar|Incineroar, L50, F|100/100\n|-ability|p1b: Incineroar|Intimidate|boost\n|-unboost|p2a: Hawlucha|atk|1\n|-unboost|p2b: Snorlax|atk|1\n|detailschange|p2a: Hawlucha|Hawlucha-Mega, L50, F, shiny\n|-mega|p2a: Hawlucha|Hawlucha|Hawluchanite\n|detailschange|p1a: Scizor|Scizor-Mega, L50, F\n|-mega|p1a: Scizor|Scizor|Scizorite\n|move|p2a: Hawlucha|Entrainment|p2b: Snorlax\n|-ability|p2b: Snorlax|No Guard|Thick Fat|[from] move: Entrainment|[of] p2a: Hawlucha\n|move|p1a: Scizor|Swords Dance|p1a: Scizor\n|-boost|p1a: Scizor|atk|2\n|move|p2b: Snorlax|Fissure|p1b: Incineroar\n|-damage|p1b: Incineroar|0 fnt\n|faint|p1b: Incineroar\n|-ohko\n|\n|upkeep\n|\n|t:|1776289704\n|switch|p1b: Sinistcha|Sinistcha, L50|100/100\n|turn|2\n|\n|t:|1776289723\n|move|p1b: Sinistcha|Rage Powder|p1b: Sinistcha\n|-singleturn|p1b: Sinistcha|move: Rage Powder\n|move|p2a: Hawlucha|Brave Bird|p1b: Sinistcha\n|-supereffective|p1b: Sinistcha|1\n|-damage|p1b: Sinistcha|35/100\n|-damage|p2a: Hawlucha|79/100|[from] Recoil\n|move|p1a: Scizor|Bug Bite|p2b: Snorlax\n|-damage|p2b: Snorlax|35/100\n|move|p2b: Snorlax|Fissure|p1b: Sinistcha\n|-damage|p1b: Sinistcha|0 fnt\n|faint|p1b: Sinistcha\n|-ohko\n|\n|-heal|p2b: Snorlax|41/100|[from] item: Leftovers\n|upkeep\n|\n|t:|1776289732\n|switch|p1b: Milotic|Milotic, L50, F|100/100\n|turn|3\n|\n|t:|1776289751\n|move|p1a: Scizor|Bullet Punch|p2b: Snorlax\n|-damage|p2b: Snorlax|0 fnt\n|faint|p2b: Snorlax\n|move|p2a: Hawlucha|Brave Bird|p1a: Scizor\n|-damage|p1a: Scizor|69/100\n|-damage|p2a: Hawlucha|69/100|[from] Recoil\n|move|p1b: Milotic|Icy Wind|p2a: Hawlucha\n|-supereffective|p2a: Hawlucha|1\n|-damage|p2a: Hawlucha|39/100\n|-unboost|p2a: Hawlucha|spe|1\n|\n|upkeep\n|\n|t:|1776289766\n|switch|p2b: Rotom|Rotom-Wash, L50, shiny|100/100\n|turn|4\n|\n|t:|1776289784\n|switch|p2a: Sinistcha|Sinistcha, L50|100/100\n|move|p1a: Scizor|Protect|p1a: Scizor\n|-singleturn|p1a: Scizor|Protect\n|move|p2b: Rotom|Thunderbolt|p1a: Scizor\n|-activate|p1a: Scizor|move: Protect\n|move|p1b: Milotic|Icy Wind|p2a: Sinistcha|[spread] p2a,p2b\n|-supereffective|p2a: Sinistcha|1\n|-resisted|p2b: Rotom|1\n|-damage|p2a: Sinistcha|81/100\n|-damage|p2b: Rotom|94/100\n|-unboost|p2a: Sinistcha|spe|1\n|-unboost|p2b: Rotom|spe|1\n|\n|upkeep\n|turn|5\n|\n|t:|1776289799\n|move|p2a: Sinistcha|Rage Powder|p2a: Sinistcha\n|-singleturn|p2a: Sinistcha|move: Rage Powder\n|move|p2b: Rotom|Thunderbolt|p1a: Scizor\n|-damage|p1a: Scizor|25/100\n|-status|p1a: Scizor|par\n|move|p1b: Milotic|Icy Wind|p2a: Sinistcha|[spread] p2a,p2b\n|-supereffective|p2a: Sinistcha|1\n|-resisted|p2b: Rotom|1\n|-damage|p2a: Sinistcha|60/100\n|-damage|p2b: Rotom|87/100\n|-unboost|p2a: Sinistcha|spe|1\n|-unboost|p2b: Rotom|spe|1\n|move|p1a: Scizor|Bug Bite|p2a: Sinistcha\n|-damage|p2a: Sinistcha|0 fnt\n|-enditem|p2a: Sinistcha|Sitrus Berry|[from] stealeat|[move] Bug Bite|[of] p1a: Scizor\n|-heal|p1a: Scizor|50/100 par|[from] item: Sitrus Berry\n|faint|p2a: Sinistcha\n|\n|upkeep\n|\n|t:|1776289811\n|switch|p2a: Hawlucha|Hawlucha-Mega, L50, F, shiny|39/100\n|turn|6\n|\n|t:|1776289829\n|move|p1a: Scizor|Protect|p1a: Scizor\n|-singleturn|p1a: Scizor|Protect\n|move|p2a: Hawlucha|Close Combat|p1a: Scizor\n|-activate|p1a: Scizor|move: Protect\n|move|p1b: Milotic|Scald|p2a: Hawlucha\n|-damage|p2a: Hawlucha|5/100\n|move|p2b: Rotom|Thunderbolt|p1b: Milotic\n|-supereffective|p1b: Milotic|1\n|-damage|p1b: Milotic|44/100\n|-status|p1b: Milotic|par\n|\n|-heal|p1b: Milotic|50/100 par|[from] item: Leftovers\n|upkeep\n|turn|7\n|\n|t:|1776289841\n|move|p1a: Scizor|Bullet Punch|p2a: Hawlucha\n|-damage|p2a: Hawlucha|0 fnt\n|faint|p2a: Hawlucha\n|move|p2b: Rotom|Thunderbolt|p1b: Milotic\n|-supereffective|p1b: Milotic|1\n|-damage|p1b: Milotic|0 fnt\n|faint|p1b: Milotic\n|\n|upkeep\n|turn|8\n|\n|t:|1776289852\n|move|p2b: Rotom|Thunderbolt|p1a: Scizor\n|-damage|p1a: Scizor|10/100 par\n|move|p1a: Scizor|Bug Bite|p2b: Rotom\n|-damage|p2b: Rotom|0 fnt\n|faint|p2b: Rotom\n|\n|win|ThrillsForThePils\n|raw|ThrillsForThePils's rating: 1377 &rarr; <strong>1395</strong><br />(+18 for winning)\n|raw|Noobilio's rating: 1339 &rarr; <strong>1321</strong><br />(-18 for losing)\n|l|\u2606ThrillsForThePils\n|player|p1|\n",
  "uploadtime": 1776289865,
  "views": 38,
  "formatid": "gen9championsvgc2026regma",
  "rating": 1321,
  "private": 0,
  "password": null
}