{
  "id": "gen9championsvgc2026regma-2587790468",
  "format": "[Gen 9 Champions] VGC 2026 Reg M-A",
  "players": [
    "banbandeco9000",
    "blazegeo"
  ],
  "log": "|j|\u2606banbandeco9000\n|j|\u2606blazegeo\n|t:|1776564293\n|gametype|doubles\n|player|p1|banbandeco9000|roxie|1078\n|player|p2|blazegeo|169|1030\n|gen|9\n|tier|[Gen 9 Champions] VGC 2026 Reg M-A\n|rated|\n|rule|Species Clause: Limit one of each Pok\u00e9mon\n|rule|Item Clause: Limit 1 of each item\n|clearpoke\n|poke|p1|Lopunny, L50, F|\n|poke|p1|Sneasler, L50, F|\n|poke|p1|Dragapult, L50, F|\n|poke|p1|Aerodactyl, L50, F, shiny|\n|poke|p1|Maushold, L50|\n|poke|p1|Volcarona, L50, F|\n|poke|p2|Kommo-o, L50, F|\n|poke|p2|Tinkaton, L50, F|\n|poke|p2|Milotic, L50, M|\n|poke|p2|Sableye, L50, M|\n|poke|p2|Arcanine, L50, M|\n|poke|p2|Emolga, L50, F|\n|teampreview|4\n|inactive|Battle timer is ON: inactive players will automatically lose when time's up. (requested by blazegeo)\n|inactive|banbandeco9000 has 60 seconds left.\n|inactive|blazegeo has 60 seconds left.\n|\n|t:|1776564333\n|teamsize|p1|4\n|teamsize|p2|4\n|start\n|switch|p1a: Aerodactyl|Aerodactyl, L50, F, shiny|100/100\n|switch|p1b: Sneasler|Sneasler, L50, F|100/100\n|switch|p2a: Kommo-o|Kommo-o, L50, F|100/100\n|switch|p2b: Emolga|Emolga, L50, F|100/100\n|turn|1\n|\n|t:|1776564352\n|move|p2b: Emolga|Helping Hand|p2a: Kommo-o\n|-singleturn|p2a: Kommo-o|Helping Hand|[of] p2b: Emolga\n|move|p1b: Sneasler|Fake Out|p2a: Kommo-o\n|-damage|p2a: Kommo-o|85/100\n|move|p1a: Aerodactyl|Tailwind|p1a: Aerodactyl\n|-sidestart|p1: banbandeco9000|move: Tailwind\n|cant|p2a: Kommo-o|flinch\n|\n|upkeep\n|turn|2\n|\n|t:|1776564369\n|move|p2b: Emolga|Helping Hand|p2a: Kommo-o\n|-singleturn|p2a: Kommo-o|Helping Hand|[of] p2b: Emolga\n|move|p1b: Sneasler|Protect|p1b: Sneasler\n|-singleturn|p1b: Sneasler|Protect\n|move|p1a: Aerodactyl|Rock Slide|p2b: Emolga|[spread] p2a,p2b\n|-resisted|p2a: Kommo-o|1\n|-supereffective|p2b: Emolga|1\n|-damage|p2a: Kommo-o|73/100\n|-damage|p2b: Emolga|15/100\n|move|p2a: Kommo-o|Clanging Scales|p1b: Sneasler|[spread] p1a\n|-activate|p1b: Sneasler|move: Protect\n|-enditem|p1a: Aerodactyl|Focus Sash\n|-damage|p1a: Aerodactyl|1/100\n|-unboost|p2a: Kommo-o|def|1\n|\n|upkeep\n|turn|3\n|\n|t:|1776564390\n|move|p2b: Emolga|Protect|p2b: Emolga\n|-singleturn|p2b: Emolga|Protect\n|move|p1a: Aerodactyl|Wide Guard|p1a: Aerodactyl\n|-singleturn|p1a: Aerodactyl|Wide Guard\n|move|p2a: Kommo-o|Vacuum Wave|p1a: Aerodactyl\n|-damage|p1a: Aerodactyl|0 fnt\n|faint|p1a: Aerodactyl\n|move|p1b: Sneasler|Close Combat|p2a: Kommo-o\n|-damage|p2a: Kommo-o|0 fnt\n|-unboost|p1b: Sneasler|def|1\n|-unboost|p1b: Sneasler|spd|1\n|faint|p2a: Kommo-o\n|-enditem|p1b: Sneasler|White Herb\n|-clearnegativeboost|p1b: Sneasler|[silent]\n|\n|upkeep\n|\n|t:|1776564408\n|switch|p1a: Maushold|Maushold, L50|100/100\n|switch|p2a: Arcanine|Arcanine, L50, M|100/100\n|-ability|p2a: Arcanine|Intimidate|boost\n|-unboost|p1a: Maushold|atk|1\n|-unboost|p1b: Sneasler|atk|1\n|turn|4\n|inactive|banbandeco9000 has 30 seconds left.\n|\n|t:|1776564439\n|switch|p2b: Sableye|Sableye, L50, M|100/100\n|move|p1b: Sneasler|Protect|p1b: Sneasler\n|-singleturn|p1b: Sneasler|Protect\n|move|p1a: Maushold|Taunt|p2b: Sableye\n|-start|p2b: Sableye|move: Taunt\n|move|p2a: Arcanine|Close Combat|p1a: Maushold\n|-supereffective|p1a: Maushold|1\n|-damage|p1a: Maushold|0 fnt\n|-unboost|p2a: Arcanine|def|1\n|-unboost|p2a: Arcanine|spd|1\n|faint|p1a: Maushold\n|\n|-sideend|p1: banbandeco9000|move: Tailwind\n|upkeep\n|\n|t:|1776564452\n|switch|p1a: Dragapult|Dragapult, L50, F|100/100\n|turn|5\n|inactive|banbandeco9000 has 30 seconds left.\n|\n|t:|1776564480\n|switch|p2a: Emolga|Emolga, L50, F|15/100\n|move|p1b: Sneasler|Protect||[still]\n|-fail|p1b: Sneasler\n|move|p2b: Sableye|Fake Out|p1b: Sneasler\n|-damage|p1b: Sneasler|82/100\n|move|p1a: Dragapult|Draco Meteor|p2a: Emolga\n|-damage|p2a: Emolga|0 fnt\n|-unboost|p1a: Dragapult|spa|2\n|faint|p2a: Emolga\n|\n|upkeep\n|\n|t:|1776564491\n|switch|p2a: Arcanine|Arcanine, L50, M|100/100\n|-ability|p2a: Arcanine|Intimidate|boost\n|-fail|p1a: Dragapult|unboost|[from] ability: Clear Body|[of] p1a: Dragapult\n|-unboost|p1b: Sneasler|atk|1\n|turn|6\n|\n|t:|1776564507\n|move|p2b: Sableye|Fake Out||[still]\n|-hint|Fake Out only works on your first turn out.\n|-fail|p2b: Sableye\n|move|p1b: Sneasler|Dire Claw|p2a: Arcanine\n|-damage|p2a: Arcanine|68/100\n|move|p2a: Arcanine|Psychic Fangs|p1b: Sneasler\n|-supereffective|p1b: Sneasler|2\n|-damage|p1b: Sneasler|0 fnt\n|faint|p1b: Sneasler\n|move|p1a: Dragapult|Dragon Darts|p2a: Arcanine\n|-damage|p2a: Arcanine|42/100\n|-anim|p1a: Dragapult|Dragon Darts|p2b: Sableye\n|-damage|p2b: Sableye|74/100\n|\n|-end|p2b: Sableye|move: Taunt\n|upkeep\n|turn|7\n|\n|t:|1776564528\n|move|p2b: Sableye|Disable|p1a: Dragapult\n|-start|p1a: Dragapult|Disable|Dragon Darts\n|move|p2a: Arcanine|Psychic Fangs|p1a: Dragapult\n|-damage|p1a: Dragapult|61/100\n|cant|p1a: Dragapult|Disable|Dragon Darts\n|\n|upkeep\n|turn|8\n|\n|t:|1776564536\n|move|p2b: Sableye|Thunder Wave|p1a: Dragapult\n|-status|p1a: Dragapult|par\n|move|p2a: Arcanine|Psychic Fangs|p1a: Dragapult\n|-damage|p1a: Dragapult|20/100 par\n|move|p1a: Dragapult|Draco Meteor|p2a: Arcanine\n|-damage|p2a: Arcanine|5/100\n|-unboost|p1a: Dragapult|spa|2\n|\n|upkeep\n|turn|9\n|inactive|banbandeco9000 has 30 seconds left.\n|\n|t:|1776564562\n|move|p1a: Dragapult|Protect|p1a: Dragapult\n|-singleturn|p1a: Dragapult|Protect\n|move|p2b: Sableye|Disable|p1a: Dragapult\n|-activate|p1a: Dragapult|move: Protect\n|move|p2a: Arcanine|Psychic Fangs|p1a: Dragapult\n|-activate|p1a: Dragapult|move: Protect\n|\n|upkeep\n|turn|10\n|\n|t:|1776564575\n|move|p2b: Sableye|Taunt|p1a: Dragapult\n|-start|p1a: Dragapult|move: Taunt\n|move|p2a: Arcanine|Psychic Fangs|p1a: Dragapult\n|-damage|p1a: Dragapult|0 fnt\n|faint|p1a: Dragapult\n|\n|win|blazegeo\n|raw|banbandeco9000's rating: 1078 &rarr; <strong>1053</strong><br />(-25 for losing)\n|raw|blazegeo's rating: 1030 &rarr; <strong>1070</strong><br />(+40 for winning)\n|c|\u2606blazegeo|gg\n|c|\u2606banbandeco9000|gg\n",
  "uploadtime": 1776564588,
  "views": 11,
  "formatid": "gen9championsvgc2026regma",
  "rating": 1053,
  "private": 0,
  "password": null
}