{
  "id": "gen9championsvgc2026regma-2587833780",
  "format": "[Gen 9 Champions] VGC 2026 Reg M-A",
  "players": [
    "DracoSpirit",
    "HazelA7X"
  ],
  "log": "|j|\u2606DracoSpirit\n|j|\u2606HazelA7X\n|t:|1776568738\n|gametype|doubles\n|player|p1|DracoSpirit|ingo|1486\n|player|p2|HazelA7X|265|1504\n|gen|9\n|tier|[Gen 9 Champions] VGC 2026 Reg M-A\n|rated|\n|rule|Species Clause: Limit one of each Pok\u00e9mon\n|rule|Item Clause: Limit 1 of each item\n|clearpoke\n|poke|p1|Scizor, L50, F|\n|poke|p1|Kingambit, L50, M|\n|poke|p1|Politoed, L50, F|\n|poke|p1|Rotom-Mow, L50|\n|poke|p1|Incineroar, L50, M|\n|poke|p1|Gardevoir, L50, F|\n|poke|p2|Gengar, L50, F|\n|poke|p2|Incineroar, L50, M|\n|poke|p2|Garchomp, L50, F|\n|poke|p2|Charizard, L50, F|\n|poke|p2|Basculegion, L50, M|\n|poke|p2|Sneasler, L50, M|\n|teampreview|4\n|\n|t:|1776568770\n|teamsize|p1|4\n|teamsize|p2|4\n|start\n|switch|p1a: Rotom|Rotom-Mow, L50|100/100\n|switch|p1b: Incineroar|Incineroar, L50, M|100/100\n|switch|p2a: Gengar|Gengar, L50, F|100/100\n|switch|p2b: Sneasler|Sneasler, L50, M|100/100\n|-ability|p1b: Incineroar|Intimidate|boost\n|-unboost|p2a: Gengar|atk|1\n|-unboost|p2b: Sneasler|atk|1\n|-enditem|p2b: Sneasler|White Herb\n|-clearnegativeboost|p2b: Sneasler|[silent]\n|turn|1\n|\n|t:|1776568798\n|detailschange|p2a: Gengar|Gengar-Mega, L50, F\n|-mega|p2a: Gengar|Gengar|Gengarite\n|move|p2b: Sneasler|Close Combat|p1b: Incineroar\n|-supereffective|p1b: Incineroar|1\n|-enditem|p1b: Incineroar|Chople Berry|[eat]\n|-enditem|p1b: Incineroar|Chople Berry|[weaken]\n|-damage|p1b: Incineroar|38/100\n|-unboost|p2b: Sneasler|def|1\n|-unboost|p2b: Sneasler|spd|1\n|move|p1a: Rotom|Volt Switch|p2a: Gengar\n|-damage|p2a: Gengar|66/100\n|\n|t:|1776568808\n|switch|p1a: Scizor|Scizor, L50, F|100/100|[from] Volt Switch\n|move|p2a: Gengar|Sludge Bomb|p1a: Scizor\n|-immune|p1a: Scizor\n|move|p1b: Incineroar|Parting Shot|p2b: Sneasler\n|-unboost|p2b: Sneasler|atk|1\n|-unboost|p2b: Sneasler|spa|1\n|\n|t:|1776568815\n|switch|p1b: Politoed|Politoed, L50, F|100/100|[from] Parting Shot\n|-weather|RainDance|[from] ability: Drizzle|[of] p1b: Politoed\n|\n|-weather|RainDance|[upkeep]\n|upkeep\n|turn|2\n|j| r4gn4r96\n|\n|t:|1776568844\n|switch|p2b: Basculegion|Basculegion, L50, M|100/100\n|detailschange|p1a: Scizor|Scizor-Mega, L50, F\n|-mega|p1a: Scizor|Scizor|Scizorite\n|move|p2a: Gengar|Shadow Ball|p1a: Scizor\n|-damage|p1a: Scizor|58/100\n|move|p1a: Scizor|Swords Dance|p1a: Scizor\n|-boost|p1a: Scizor|atk|2\n|move|p1b: Politoed|Weather Ball|p2b: Basculegion\n|-resisted|p2b: Basculegion|1\n|-damage|p2b: Basculegion|69/100\n|\n|-weather|RainDance|[upkeep]\n|upkeep\n|turn|3\n|\n|t:|1776568866\n|switch|p2a: Incineroar|Incineroar, L50, M|100/100\n|-ability|p2a: Incineroar|Intimidate|boost\n|-unboost|p1a: Scizor|atk|1\n|-unboost|p1b: Politoed|atk|1\n|move|p1b: Politoed|Helping Hand|p1a: Scizor\n|-singleturn|p1a: Scizor|Helping Hand|[of] p1b: Politoed\n|move|p1a: Scizor|Bullet Punch|p2b: Basculegion\n|-resisted|p2b: Basculegion|1\n|-damage|p2b: Basculegion|13/100\n|move|p2b: Basculegion|Wave Crash|p1a: Scizor\n|-damage|p1a: Scizor|0 fnt\n|faint|p1a: Scizor\n|-damage|p2b: Basculegion|0 fnt|[from] Recoil\n|faint|p2b: Basculegion\n|\n|-weather|RainDance|[upkeep]\n|upkeep\n|\n|t:|1776568883\n|switch|p2b: Gengar|Gengar-Mega, L50, F|66/100\n|switch|p1a: Incineroar|Incineroar, L50, M|38/100\n|-ability|p1a: Incineroar|Intimidate|boost\n|-unboost|p2a: Incineroar|atk|1\n|-unboost|p2b: Gengar|atk|1\n|turn|4\n|\n|t:|1776568898\n|move|p2a: Incineroar|Fake Out|p1b: Politoed\n|-damage|p1b: Politoed|93/100\n|move|p2b: Gengar|Sludge Bomb|p1a: Incineroar\n|-damage|p1a: Incineroar|0 fnt\n|faint|p1a: Incineroar\n|cant|p1b: Politoed|flinch\n|\n|-weather|RainDance|[upkeep]\n|upkeep\n|j| sammap\n|\n|t:|1776568903\n|switch|p1a: Rotom|Rotom-Mow, L50|100/100\n|turn|5\n|\n|t:|1776568921\n|switch|p2a: Sneasler|Sneasler, L50, M|100/100\n|move|p2b: Gengar|Protect|p2b: Gengar\n|-singleturn|p2b: Gengar|Protect\n|move|p1a: Rotom|Electroweb|p2a: Sneasler|[spread] p2a\n|-activate|p2b: Gengar|move: Protect\n|-damage|p2a: Sneasler|76/100\n|-unboost|p2a: Sneasler|spe|1\n|move|p1b: Politoed|Weather Ball|p2b: Gengar\n|-activate|p2b: Gengar|move: Protect\n|\n|-weather|none\n|upkeep\n|turn|6\n|l| sammap\n|\n|t:|1776568943\n|move|p1b: Politoed|Helping Hand|p1a: Rotom\n|-singleturn|p1a: Rotom|Helping Hand|[of] p1b: Politoed\n|move|p2a: Sneasler|Fake Out|p1a: Rotom\n|-damage|p1a: Rotom|80/100\n|cant|p1a: Rotom|flinch\n|move|p2b: Gengar|Sludge Bomb|p1a: Rotom\n|-supereffective|p1a: Rotom|1\n|-damage|p1a: Rotom|0 fnt\n|faint|p1a: Rotom\n|\n|upkeep\n|turn|7\n|l| r4gn4r96\n|\n|t:|1776568956\n|move|p2b: Gengar|Perish Song|p2b: Gengar\n|-start|p1b: Politoed|perish3|[silent]\n|-start|p2a: Sneasler|perish3|[silent]\n|-start|p2b: Gengar|perish3|[silent]\n|-fieldactivate|move: Perish Song\n|move|p2a: Sneasler|Close Combat|p1b: Politoed\n|-damage|p1b: Politoed|22/100\n|-unboost|p2a: Sneasler|def|1\n|-unboost|p2a: Sneasler|spd|1\n|-enditem|p1b: Politoed|Sitrus Berry|[eat]\n|-heal|p1b: Politoed|47/100|[from] item: Sitrus Berry\n|move|p1b: Politoed|Perish Song||[still]\n|-fail|p1b: Politoed\n|\n|-start|p2b: Gengar|perish3\n|-start|p2a: Sneasler|perish3\n|-start|p1b: Politoed|perish3\n|upkeep\n|turn|8\n|-message|DracoSpirit forfeited.\n|\n|win|HazelA7X\n|raw|DracoSpirit's rating: 1486 &rarr; <strong>1467</strong><br />(-19 for losing)\n|raw|HazelA7X's rating: 1504 &rarr; <strong>1523</strong><br />(+19 for winning)\n|l|\u2606DracoSpirit\n|player|p1|\n|l|\u2606HazelA7X\n|player|p2|\n",
  "uploadtime": 1776568983,
  "views": 13,
  "formatid": "gen9championsvgc2026regma",
  "rating": 1467,
  "private": 0,
  "password": null
}