{
  "id": "gen9championsvgc2026regma-2585313622",
  "format": "[Gen 9 Champions] VGC 2026 Reg M-A",
  "players": [
    "Jodan jsy",
    "turo's assistant"
  ],
  "log": "|j|\u2606Jodan jsy\n|j|\u2606turo's assistant\n|t:|1776336774\n|gametype|doubles\n|player|p1|Jodan jsy|2|1066\n|player|p2|turo's assistant|scientistf-gen6|1080\n|gen|9\n|tier|[Gen 9 Champions] VGC 2026 Reg M-A\n|rated|\n|rule|Species Clause: Limit one of each Pok\u00e9mon\n|rule|Item Clause: Limit 1 of each item\n|clearpoke\n|poke|p1|Milotic, L50, M|\n|poke|p1|Arcanine, L50, M|\n|poke|p1|Raichu, L50, F|\n|poke|p1|Gliscor, L50, F|\n|poke|p1|Manectric, L50, M|\n|poke|p1|Meganium, L50, M|\n|poke|p2|Hatterene, L50, F|\n|poke|p2|Sinistcha, L50|\n|poke|p2|Farigiraf, L50, M|\n|poke|p2|Golurk, L50|\n|poke|p2|Crabominable, L50, F|\n|poke|p2|Araquanid, L50, M|\n|teampreview|4\n|inactive|Battle timer is ON: inactive players will automatically lose when time's up. (requested by turo's assistant)\n|j| Pennys No.1 Fan\n|\n|t:|1776336788\n|teamsize|p1|4\n|teamsize|p2|4\n|start\n|switch|p1a: Gliscor|Gliscor, L50, F|100/100\n|switch|p1b: Raichu|Raichu, L50, F|100/100\n|switch|p2a: Marissa|Hatterene, L50, F|100/100\n|switch|p2b: Sinistcha|Sinistcha, L50|100/100\n|turn|1\n|\n|t:|1776336806\n|move|p1b: Raichu|Fake Out|p2a: Marissa\n|-damage|p2a: Marissa|90/100\n|move|p1a: Gliscor|Tailwind|p1a: Gliscor\n|-sidestart|p1: Jodan jsy|move: Tailwind\n|cant|p2a: Marissa|flinch\n|move|p2b: Sinistcha|Trick Room|p2b: Sinistcha\n|-fieldstart|move: Trick Room|[of] p2b: Sinistcha\n|\n|upkeep\n|turn|2\n|\n|t:|1776336822\n|move|p2a: Marissa|Play Rough|p1b: Raichu\n|-damage|p1b: Raichu|32/100\n|move|p2b: Sinistcha|Matcha Gotcha|p1b: Raichu|[spread] p1a,p1b\n|-damage|p1a: Gliscor|64/100\n|-damage|p1b: Raichu|10/100\n|move|p1b: Raichu|Knock Off|p2a: Marissa\n|-damage|p2a: Marissa|66/100\n|-enditem|p2a: Marissa|Babiri Berry|[from] move: Knock Off|[of] p1b: Raichu\n|move|p1a: Gliscor|Dual Wingbeat|p2b: Sinistcha\n|-supereffective|p2b: Sinistcha|1\n|-damage|p2b: Sinistcha|74/100\n|-supereffective|p2b: Sinistcha|1\n|-damage|p2b: Sinistcha|49/100\n|-enditem|p2b: Sinistcha|Sitrus Berry|[eat]\n|-heal|p2b: Sinistcha|74/100|[from] item: Sitrus Berry\n|-hitcount|p2b: Sinistcha|2\n|\n|upkeep\n|turn|3\n|inactive|Jodan jsy has 30 seconds left.\n|\n|t:|1776336853\n|move|p2a: Marissa|Play Rough|p1a: Gliscor\n|-damage|p1a: Gliscor|22/100\n|move|p2b: Sinistcha|Matcha Gotcha|p1b: Raichu|[spread] p1a,p1b\n|-damage|p1a: Gliscor|0 fnt\n|-heal|p2b: Sinistcha|83/100|[from] drain|[of] p1a: Gliscor\n|-damage|p1b: Raichu|0 fnt\n|-heal|p2b: Sinistcha|88/100|[from] drain|[of] p1b: Raichu\n|faint|p1a: Gliscor\n|faint|p1b: Raichu\n|\n|upkeep\n|\n|t:|1776336867\n|switch|p1b: Milotic|Milotic, L50, M|100/100\n|switch|p1a: Manectric|Manectric, L50, M|100/100\n|turn|4\n|\n|t:|1776336876\n|detailschange|p1a: Manectric|Manectric-Mega, L50, M\n|-mega|p1a: Manectric|Manectric|Manectite\n|-ability|p1a: Manectric|Intimidate|boost\n|-unboost|p2a: Marissa|atk|1\n|-unboost|p2b: Sinistcha|atk|1\n|move|p2a: Marissa|Power Whip|p1b: Milotic\n|-supereffective|p1b: Milotic|1\n|-damage|p1b: Milotic|65/100\n|move|p2b: Sinistcha|Matcha Gotcha|p1b: Milotic|[spread] p1a,p1b\n|-supereffective|p1b: Milotic|1\n|-damage|p1a: Manectric|63/100\n|-heal|p2b: Sinistcha|100/100|[from] drain|[of] p1a: Manectric\n|-damage|p1b: Milotic|31/100\n|-status|p1a: Manectric|brn\n|move|p1b: Milotic|Scald|p2a: Marissa\n|-damage|p2a: Marissa|37/100\n|move|p1a: Manectric|Flamethrower|p2b: Sinistcha\n|-supereffective|p2b: Sinistcha|1\n|-damage|p2b: Sinistcha|26/100\n|\n|-heal|p1b: Milotic|37/100|[from] item: Leftovers\n|-damage|p1a: Manectric|57/100 brn|[from] brn\n|-sideend|p1: Jodan jsy|move: Tailwind\n|upkeep\n|turn|5\n|inactive|Jodan jsy has 30 seconds left.\n|\n|t:|1776336902\n|move|p1b: Milotic|Protect|p1b: Milotic\n|-singleturn|p1b: Milotic|Protect\n|move|p2a: Marissa|Power Whip|p1b: Milotic\n|-activate|p1b: Milotic|move: Protect\n|move|p2b: Sinistcha|Matcha Gotcha|p1b: Milotic|[spread] p1a\n|-activate|p1b: Milotic|move: Protect\n|-damage|p1a: Manectric|23/100 brn\n|-heal|p2b: Sinistcha|40/100|[from] drain|[of] p1a: Manectric\n|move|p1a: Manectric|Thunderbolt|p2a: Marissa\n|-damage|p2a: Marissa|0 fnt\n|faint|p2a: Marissa\n|\n|-heal|p1b: Milotic|43/100|[from] item: Leftovers\n|-damage|p1a: Manectric|17/100 brn|[from] brn\n|-fieldend|move: Trick Room\n|upkeep\n|\n|t:|1776336909\n|switch|p2a: Crabominable|Crabominable, L50, F|100/100\n|turn|6\n|\n|t:|1776336929\n|detailschange|p2a: Crabominable|Crabominable-Mega, L50, F\n|-mega|p2a: Crabominable|Crabominable|Crabominite\n|move|p2a: Crabominable|Mach Punch|p1a: Manectric\n|-damage|p1a: Manectric|0 fnt\n|faint|p1a: Manectric\n|move|p1b: Milotic|Icy Wind|p2b: Sinistcha|[spread] p2a,p2b\n|-resisted|p2a: Crabominable|1\n|-supereffective|p2b: Sinistcha|1\n|-damage|p2a: Crabominable|95/100\n|-damage|p2b: Sinistcha|19/100\n|-unboost|p2a: Crabominable|spe|1\n|-unboost|p2b: Sinistcha|spe|1\n|move|p2b: Sinistcha|Trick Room|p2b: Sinistcha\n|-fieldstart|move: Trick Room|[of] p2b: Sinistcha\n|\n|-heal|p1b: Milotic|49/100|[from] item: Leftovers\n|upkeep\n|turn|7\n|\n|t:|1776336944\n|move|p2a: Crabominable|Close Combat|p1b: Milotic\n|-damage|p1b: Milotic|0 fnt\n|-unboost|p2a: Crabominable|def|1\n|-unboost|p2a: Crabominable|spd|1\n|faint|p1b: Milotic\n|\n|win|turo's assistant\n|raw|Jodan jsy's rating: 1066 &rarr; <strong>1047</strong><br />(-19 for losing)\n|raw|turo&apos;s assistant's rating: 1080 &rarr; <strong>1107</strong><br />(+27 for winning)\n|l|\u2606Jodan jsy\n|player|p1|\n",
  "uploadtime": 1776336951,
  "views": 25,
  "formatid": "gen9championsvgc2026regma",
  "rating": 1047,
  "private": 0,
  "password": null
}