{
  "id": "gen9championsvgc2026regma-2588419307",
  "format": "[Gen 9 Champions] VGC 2026 Reg M-A",
  "players": [
    "shangenb",
    "londi g"
  ],
  "log": "|j|\u2606shangenb\n|j|\u2606londi g\n|t:|1776631926\n|gametype|doubles\n|player|p1|shangenb|102|1393\n|player|p2|londi g|colress|1415\n|gen|9\n|tier|[Gen 9 Champions] VGC 2026 Reg M-A\n|rated|\n|rule|Species Clause: Limit one of each Pok\u00e9mon\n|rule|Item Clause: Limit 1 of each item\n|clearpoke\n|poke|p1|Floette-Eternal, L50, F|\n|poke|p1|Garchomp, L50, F|\n|poke|p1|Sneasler, L50, M|\n|poke|p1|Basculegion-F, L50, F|\n|poke|p1|Aerodactyl, L50, F|\n|poke|p1|Incineroar, L50, M|\n|poke|p2|Floette-Eternal, L50, F|\n|poke|p2|Garchomp, L50, F|\n|poke|p2|Incineroar, L50, F|\n|poke|p2|Sinistcha, L50|\n|poke|p2|Delphox, L50, F|\n|poke|p2|Whimsicott, L50, M|\n|teampreview|4\n|inactive|Battle timer is ON: inactive players will automatically lose when time's up. (requested by shangenb)\n|c|\u2606londi g|gl\n|inactive|shangenb has 60 seconds left.\n|inactive|londi g has 60 seconds left.\n|\n|t:|1776631968\n|teamsize|p1|4\n|teamsize|p2|4\n|start\n|switch|p1a: Sneasler|Sneasler, L50, M|100/100\n|switch|p1b: Aerodactyl|Aerodactyl, L50, F|100/100\n|switch|p2a: Floette|Floette-Eternal, L50, F|100/100\n|switch|p2b: Sinistcha|Sinistcha, L50|100/100\n|-ability|p1b: Aerodactyl|Unnerve\n|turn|1\n|\n|t:|1776631989\n|switch|p2a: Garchomp|Garchomp, L50, F|100/100\n|move|p1a: Sneasler|Fake Out|p2a: Garchomp\n|-damage|p2a: Garchomp|86/100\n|-damage|p1a: Sneasler|88/100|[from] ability: Rough Skin|[of] p2a: Garchomp\n|move|p1b: Aerodactyl|Dual Wingbeat|p2b: Sinistcha\n|-supereffective|p2b: Sinistcha|1\n|-damage|p2b: Sinistcha|66/100\n|-supereffective|p2b: Sinistcha|1\n|-damage|p2b: Sinistcha|32/100\n|-hitcount|p2b: Sinistcha|2\n|move|p2b: Sinistcha|Trick Room|p2b: Sinistcha\n|-fieldstart|move: Trick Room|[of] p2b: Sinistcha\n|\n|-heal|p2b: Sinistcha|38/100|[from] item: Leftovers\n|upkeep\n|turn|2\n|inactive|shangenb has 30 seconds left.\n|inactive|londi g has 30 seconds left.\n|inactive|londi g has 20 seconds left.\n|\n|t:|1776632024\n|switch|p1a: Incineroar|Incineroar, L50, M|100/100\n|-ability|p1a: Incineroar|Intimidate|boost\n|-unboost|p2a: Garchomp|atk|1\n|-unboost|p2b: Sinistcha|atk|1\n|-enditem|p2a: Garchomp|White Herb\n|-clearnegativeboost|p2a: Garchomp|[silent]\n|move|p1b: Aerodactyl|Protect|p1b: Aerodactyl\n|-singleturn|p1b: Aerodactyl|Protect\n|move|p2b: Sinistcha|Matcha Gotcha|p1a: Incineroar|[spread] p1a\n|-activate|p1b: Aerodactyl|move: Protect\n|-resisted|p1a: Incineroar|1\n|-damage|p1a: Incineroar|89/100\n|-heal|p2b: Sinistcha|45/100|[from] drain|[of] p1a: Incineroar\n|move|p2a: Garchomp|Rock Slide|p1b: Aerodactyl|[spread] \n|-activate|p1b: Aerodactyl|move: Protect\n|-miss|p2a: Garchomp|p1a: Incineroar\n|\n|-heal|p2b: Sinistcha|51/100|[from] item: Leftovers\n|upkeep\n|turn|3\n|inactive|shangenb has 30 seconds left.\n|inactive|londi g has 30 seconds left.\n|\n|t:|1776632053\n|move|p1a: Incineroar|Flare Blitz|p2b: Sinistcha\n|-supereffective|p2b: Sinistcha|1\n|-damage|p2b: Sinistcha|0 fnt\n|faint|p2b: Sinistcha\n|-damage|p1a: Incineroar|74/100|[from] Recoil\n|move|p2a: Garchomp|Rock Slide|p1a: Incineroar|[spread] p1a,p1b\n|-supereffective|p1a: Incineroar|1\n|-supereffective|p1b: Aerodactyl|1\n|-damage|p1a: Incineroar|44/100\n|-damage|p1b: Aerodactyl|42/100\n|-enditem|p1a: Incineroar|Sitrus Berry|[eat]\n|-heal|p1a: Incineroar|69/100|[from] item: Sitrus Berry\n|cant|p1b: Aerodactyl|flinch\n|\n|upkeep\n|\n|t:|1776632067\n|switch|p2b: Floette|Floette-Eternal, L50, F|100/100\n|turn|4\n|\n|t:|1776632080\n|detailschange|p2b: Floette|Floette-Mega, L50, F\n|-mega|p2b: Floette|Floette|Floettite\n|-ability|p2b: Floette|Fairy Aura\n|move|p1b: Aerodactyl|Protect|p1b: Aerodactyl\n|-singleturn|p1b: Aerodactyl|Protect\n|move|p1a: Incineroar|Parting Shot|p2b: Floette\n|-unboost|p2b: Floette|atk|1\n|-unboost|p2b: Floette|spa|1\n|\n|t:|1776632088\n|switch|p1a: Sneasler|Sneasler, L50, M|88/100|[from] Parting Shot\n|move|p2b: Floette|Moonblast|p1a: Sneasler\n|-damage|p1a: Sneasler|36/100\n|move|p2a: Garchomp|Rock Slide|p1a: Sneasler|[spread] p1a\n|-activate|p1b: Aerodactyl|move: Protect\n|-resisted|p1a: Sneasler|1\n|-damage|p1a: Sneasler|22/100\n|\n|upkeep\n|turn|5\n|inactive|shangenb has 30 seconds left.\n|\n|t:|1776632115\n|switch|p1b: Incineroar|Incineroar, L50, M|69/100\n|-ability|p1b: Incineroar|Intimidate|boost\n|-unboost|p2a: Garchomp|atk|1\n|-unboost|p2b: Floette|atk|1\n|move|p1a: Sneasler|Protect|p1a: Sneasler\n|-singleturn|p1a: Sneasler|Protect\n|move|p2b: Floette|Dazzling Gleam|p1b: Incineroar|[spread] p1b\n|-activate|p1a: Sneasler|move: Protect\n|-damage|p1b: Incineroar|45/100\n|move|p2a: Garchomp|Rock Slide|p1a: Sneasler|[spread] p1b\n|-activate|p1a: Sneasler|move: Protect\n|-supereffective|p1b: Incineroar|1\n|-damage|p1b: Incineroar|24/100\n|\n|-fieldend|move: Trick Room\n|upkeep\n|turn|6\n|inactive|shangenb has 30 seconds left.\n|\n|t:|1776632143\n|move|p2b: Floette|Protect|p2b: Floette\n|-singleturn|p2b: Floette|Protect\n|move|p1b: Incineroar|Fake Out|p2a: Garchomp\n|-damage|p2a: Garchomp|75/100\n|-damage|p1b: Incineroar|11/100|[from] ability: Rough Skin|[of] p2a: Garchomp\n|move|p1a: Sneasler|Dire Claw|p2b: Floette\n|-activate|p2b: Floette|move: Protect\n|cant|p2a: Garchomp|flinch\n|\n|upkeep\n|turn|7\n|\n|t:|1776632171\n|switch|p2b: Whimsicott|Whimsicott, L50, M|100/100\n|switch|p1b: Aerodactyl|Aerodactyl, L50, F|42/100\n|-ability|p1b: Aerodactyl|Unnerve\n|move|p1a: Sneasler|Dire Claw|p2b: Whimsicott\n|-supereffective|p2b: Whimsicott|2\n|-enditem|p2b: Whimsicott|Focus Sash\n|-damage|p2b: Whimsicott|1/100\n|move|p2a: Garchomp|Earthquake|p1a: Sneasler|[spread] p2b,p1a\n|-immune|p1b: Aerodactyl\n|-resisted|p2b: Whimsicott|1\n|-supereffective|p1a: Sneasler|1\n|-damage|p2b: Whimsicott|0 fnt\n|-damage|p1a: Sneasler|0 fnt\n|faint|p2b: Whimsicott\n|faint|p1a: Sneasler\n|\n|upkeep\n|\n|t:|1776632190\n|switch|p1a: Floette|Floette-Eternal, L50, F|100/100\n|switch|p2b: Floette|Floette-Mega, L50, F|100/100\n|-ability|p2b: Floette|Fairy Aura\n|turn|8\n|\n|t:|1776632210\n|detailschange|p1a: Floette|Floette-Mega, L50, F\n|-mega|p1a: Floette|Floette|Floettite\n|-ability|p1a: Floette|Fairy Aura\n|move|p1b: Aerodactyl|Tailwind|p1b: Aerodactyl\n|-sidestart|p1: shangenb|move: Tailwind\n|move|p1a: Floette|Dazzling Gleam|p2b: Floette|[spread] p2a,p2b\n|-supereffective|p2a: Garchomp|1\n|-damage|p2a: Garchomp|0 fnt\n|-damage|p2b: Floette|64/100\n|faint|p2a: Garchomp\n|move|p2b: Floette|Calm Mind|p2b: Floette\n|-boost|p2b: Floette|spa|1\n|-boost|p2b: Floette|spd|1\n|\n|upkeep\n|turn|9\n|\n|t:|1776632226\n|move|p1b: Aerodactyl|Rock Slide|p2b: Floette\n|-damage|p2b: Floette|35/100\n|move|p1a: Floette|Light of Ruin|p2b: Floette\n|-damage|p2b: Floette|0 fnt\n|faint|p2b: Floette\n|-damage|p1a: Floette|82/100|[from] Recoil\n|\n|win|shangenb\n|raw|shangenb's rating: 1393 &rarr; <strong>1414</strong><br />(+21 for winning)\n|raw|londi g's rating: 1415 &rarr; <strong>1394</strong><br />(-21 for losing)\n|l|\u2606londi g\n|player|p2|\n",
  "uploadtime": 1776632236,
  "views": 15,
  "formatid": "gen9championsvgc2026regma",
  "rating": 1394,
  "private": 0,
  "password": null
}