{
  "id": "gen9championsvgc2026regma-2587864490",
  "format": "[Gen 9 Champions] VGC 2026 Reg M-A",
  "players": [
    "asmartperson",
    "RogueWeeaboo"
  ],
  "log": "|j|\u2606asmartperson\n|j|\u2606RogueWeeaboo\n|t:|1776572089\n|gametype|doubles\n|player|p1|asmartperson|dawn|1073\n|player|p2|RogueWeeaboo|firebreather|1094\n|gen|9\n|tier|[Gen 9 Champions] VGC 2026 Reg M-A\n|rated|\n|rule|Species Clause: Limit one of each Pok\u00e9mon\n|rule|Item Clause: Limit 1 of each item\n|clearpoke\n|poke|p1|Froslass, L50, F|\n|poke|p1|Milotic, L50, M|\n|poke|p1|Whimsicott, L50, M|\n|poke|p1|Incineroar, L50, M|\n|poke|p1|Garchomp, L50, M|\n|poke|p1|Maushold-Four, L50|\n|poke|p2|Meganium, L50, M|\n|poke|p2|Aerodactyl, L50, F|\n|poke|p2|Sneasler, L50, F|\n|poke|p2|Pelipper, L50, F|\n|poke|p2|Basculegion, L50, M|\n|poke|p2|Garchomp, L50, F|\n|teampreview|4\n|inactive|Battle timer is ON: inactive players will automatically lose when time's up. (requested by asmartperson)\n|\n|t:|1776572113\n|teamsize|p1|4\n|teamsize|p2|4\n|start\n|switch|p1a: Froslass|Froslass, L50, F|100/100\n|switch|p1b: Milotic|Milotic, L50, M|100/100\n|switch|p2a: Aerodactyl|Aerodactyl, L50, F|100/100\n|switch|p2b: Sneasler|Sneasler, L50, F|100/100\n|-ability|p2a: Aerodactyl|Unnerve\n|turn|1\n|\n|t:|1776572134\n|detailschange|p1a: Froslass|Froslass-Mega, L50, F\n|-mega|p1a: Froslass|Froslass|Froslassite\n|-weather|Snowscape|[from] ability: Snow Warning|[of] p1a: Froslass\n|move|p2b: Sneasler|Fake Out|p1b: Milotic\n|-damage|p1b: Milotic|84/100\n|move|p2a: Aerodactyl|Rock Slide|p1b: Milotic|[spread] p1a,p1b\n|-supereffective|p1a: Froslass|1\n|-damage|p1a: Froslass|43/100\n|-damage|p1b: Milotic|58/100\n|move|p1a: Froslass|Aurora Veil|p1a: Froslass\n|-sidestart|p1: asmartperson|move: Aurora Veil\n|cant|p1b: Milotic|flinch\n|\n|-weather|Snowscape|[upkeep]\n|-heal|p1b: Milotic|64/100|[from] item: Leftovers\n|upkeep\n|turn|2\n|inactive|RogueWeeaboo has 30 seconds left.\n|\n|t:|1776572167\n|move|p2a: Aerodactyl|Tailwind|p2a: Aerodactyl\n|-sidestart|p2: RogueWeeaboo|move: Tailwind\n|move|p2b: Sneasler|Close Combat|p1b: Milotic\n|-damage|p1b: Milotic|17/100\n|-unboost|p2b: Sneasler|def|1\n|-unboost|p2b: Sneasler|spd|1\n|move|p1a: Froslass|Blizzard|p2b: Sneasler|[spread] p2a,p2b\n|-supereffective|p2a: Aerodactyl|1\n|-enditem|p2a: Aerodactyl|Focus Sash\n|-damage|p2a: Aerodactyl|1/100\n|-damage|p2b: Sneasler|3/100\n|move|p1b: Milotic|Blizzard|p2a: Aerodactyl|[spread] p2a,p2b\n|-supereffective|p2a: Aerodactyl|1\n|-damage|p2a: Aerodactyl|0 fnt\n|-damage|p2b: Sneasler|0 fnt\n|faint|p2a: Aerodactyl\n|faint|p2b: Sneasler\n|\n|-weather|Snowscape|[upkeep]\n|-heal|p1b: Milotic|23/100|[from] item: Leftovers\n|upkeep\n|\n|t:|1776572184\n|switch|p2a: Meganium|Meganium, L50, M|100/100\n|switch|p2b: Basculegion|Basculegion, L50, M|100/100\n|turn|3\n|\n|t:|1776572201\n|detailschange|p2a: Meganium|Meganium-Mega, L50, M\n|-mega|p2a: Meganium|Meganium|Meganiumite\n|move|p1a: Froslass|Protect|p1a: Froslass\n|-singleturn|p1a: Froslass|Protect\n|move|p2b: Basculegion|Last Respects|p1b: Milotic\n|-damage|p1b: Milotic|0 fnt\n|faint|p1b: Milotic\n|move|p2a: Meganium|Weather Ball|p1a: Froslass\n|-activate|p1a: Froslass|move: Protect\n|\n|-weather|Snowscape|[upkeep]\n|upkeep\n|\n|t:|1776572213\n|switch|p1b: Whimsicott|Whimsicott, L50, M|100/100\n|turn|4\n|\n|t:|1776572230\n|switch|p1a: Incineroar|Incineroar, L50, M|100/100\n|-ability|p1a: Incineroar|Intimidate|boost\n|-unboost|p2a: Meganium|atk|1\n|-unboost|p2b: Basculegion|atk|1\n|move|p1b: Whimsicott|Tailwind|p1b: Whimsicott\n|-sidestart|p1: asmartperson|move: Tailwind\n|move|p2b: Basculegion|Last Respects|p1b: Whimsicott\n|-damage|p1b: Whimsicott|52/100\n|move|p2a: Meganium|Weather Ball|p1a: Incineroar\n|-resisted|p1a: Incineroar|1\n|-damage|p1a: Incineroar|82/100\n|\n|-weather|Snowscape|[upkeep]\n|upkeep\n|turn|5\n|\n|t:|1776572251\n|move|p2a: Meganium|Protect|p2a: Meganium\n|-singleturn|p2a: Meganium|Protect\n|move|p2b: Basculegion|Last Respects|p1b: Whimsicott\n|-damage|p1b: Whimsicott|0 fnt\n|faint|p1b: Whimsicott\n|move|p1a: Incineroar|Flare Blitz|p2a: Meganium\n|-activate|p2a: Meganium|move: Protect\n|\n|-weather|none\n|-sideend|p2: RogueWeeaboo|move: Tailwind\n|-sideend|p1: asmartperson|move: Aurora Veil\n|upkeep\n|\n|t:|1776572254\n|switch|p1b: Froslass|Froslass-Mega, L50, F|43/100\n|-weather|Snowscape|[from] ability: Snow Warning|[of] p1b: Froslass\n|turn|6\n|\n|t:|1776572272\n|move|p1b: Froslass|Shadow Ball|p2b: Basculegion\n|-supereffective|p2b: Basculegion|1\n|-damage|p2b: Basculegion|0 fnt\n|faint|p2b: Basculegion\n|move|p1a: Incineroar|Flare Blitz|p2a: Meganium\n|-supereffective|p2a: Meganium|1\n|-damage|p2a: Meganium|20/100\n|-damage|p1a: Incineroar|55/100|[from] Recoil\n|move|p2a: Meganium|Dazzling Gleam|p1b: Froslass|[spread] p1a,p1b\n|-crit|p1b: Froslass\n|-damage|p1a: Incineroar|18/100\n|-damage|p1b: Froslass|0 fnt\n|-enditem|p1a: Incineroar|Sitrus Berry|[eat]\n|-heal|p1a: Incineroar|43/100|[from] item: Sitrus Berry\n|faint|p1b: Froslass\n|\n|-weather|Snowscape|[upkeep]\n|upkeep\n|turn|7\n|\n|t:|1776572295\n|move|p2a: Meganium|Protect|p2a: Meganium\n|-singleturn|p2a: Meganium|Protect\n|move|p1a: Incineroar|Flare Blitz|p2a: Meganium\n|-activate|p2a: Meganium|move: Protect\n|\n|-weather|Snowscape|[upkeep]\n|-sideend|p1: asmartperson|move: Tailwind\n|upkeep\n|turn|8\n|\n|t:|1776572301\n|move|p2a: Meganium|Dazzling Gleam|p1a: Incineroar\n|-damage|p1a: Incineroar|0 fnt\n|faint|p1a: Incineroar\n|\n|win|RogueWeeaboo\n|raw|asmartperson's rating: 1073 &rarr; <strong>1053</strong><br />(-20 for losing)\n|raw|RogueWeeaboo's rating: 1094 &rarr; <strong>1118</strong><br />(+24 for winning)\n|l|\u2606asmartperson\n|player|p1|\n",
  "uploadtime": 1776572311,
  "views": 13,
  "formatid": "gen9championsvgc2026regma",
  "rating": 1053,
  "private": 0,
  "password": null
}