{
  "id": "gen9championsvgc2026regma-2583345104",
  "format": "[Gen 9 Champions] VGC 2026 Reg M-A",
  "players": [
    "G0D BUGGY",
    "FortuneMC"
  ],
  "log": "|j|\u2606G0D BUGGY\n|j|\u2606FortuneMC\n|t:|1776168805\n|gametype|doubles\n|player|p1|G0D BUGGY|harlequin|1175\n|player|p2|FortuneMC|veteran|1255\n|gen|9\n|tier|[Gen 9 Champions] VGC 2026 Reg M-A\n|rated|\n|rule|Species Clause: Limit one of each Pok\u00e9mon\n|rule|Item Clause: Limit 1 of each item\n|clearpoke\n|poke|p1|Altaria, L50, M|\n|poke|p1|Garganacl, L50, F|\n|poke|p1|Dragonite, L50, M|\n|poke|p1|Kingambit, L50, M|\n|poke|p1|Sneasler, L50, F|\n|poke|p1|Scovillain, L50, F|\n|poke|p2|Serperior, L50, M|\n|poke|p2|Whimsicott, L50, M|\n|poke|p2|Garchomp, L50, M|\n|poke|p2|Slowbro, L50, F|\n|poke|p2|Charizard, L50, M|\n|poke|p2|Chesnaught, L50, M|\n|teampreview|4\n|\n|t:|1776168821\n|teamsize|p1|4\n|teamsize|p2|4\n|start\n|switch|p1a: Scovillain|Scovillain, L50, F|100/100\n|switch|p1b: Garganacl|Garganacl, L50, F|100/100\n|switch|p2a: Serperior|Serperior, L50, M|100/100\n|switch|p2b: Whimsicott|Whimsicott, L50, M|100/100\n|turn|1\n|inactive|Battle timer is ON: inactive players will automatically lose when time's up. (requested by G0D BUGGY)\n|\n|t:|1776168857\n|move|p2a: Serperior|Protect|p2a: Serperior\n|-singleturn|p2a: Serperior|Protect\n|move|p1b: Garganacl|Protect|p1b: Garganacl\n|-singleturn|p1b: Garganacl|Protect\n|move|p2b: Whimsicott|Fake Tears|p2a: Serperior\n|-activate|p2a: Serperior|move: Protect\n|move|p1a: Scovillain|Flamethrower|p2a: Serperior\n|-activate|p2a: Serperior|move: Protect\n|\n|-ability|p1a: Scovillain|Moody|boost\n|-boost|p1a: Scovillain|spa|2\n|-unboost|p1a: Scovillain|spd|1\n|upkeep\n|turn|2\n|c|\u2606FortuneMC|worth a shot lol\n|inactive|G0D BUGGY has 30 seconds left.\n|\n|t:|1776168890\n|detailschange|p1a: Scovillain|Scovillain-Mega, L50, F\n|-mega|p1a: Scovillain|Scovillain|Scovillainite\n|move|p1a: Scovillain|Rage Powder|p1a: Scovillain\n|-singleturn|p1a: Scovillain|move: Rage Powder\n|move|p2b: Whimsicott|Fake Tears|p2a: Serperior\n|-boost|p2a: Serperior|spd|2\n|move|p2a: Serperior|Leaf Storm|p1b: Garganacl\n|-supereffective|p1b: Garganacl|1\n|-damage|p1b: Garganacl|33/100\n|-boost|p2a: Serperior|spa|2\n|move|p1b: Garganacl|Salt Cure|p2b: Whimsicott\n|-damage|p2b: Whimsicott|88/100\n|-start|p2b: Whimsicott|Salt Cure\n|\n|-heal|p1b: Garganacl|39/100|[from] item: Leftovers\n|-damage|p2b: Whimsicott|82/100|[from] Salt Cure\n|upkeep\n|turn|3\n|\n|t:|1776168913\n|move|p1b: Garganacl|Protect|p1b: Garganacl\n|-singleturn|p1b: Garganacl|Protect\n|move|p2b: Whimsicott|Encore|p1a: Scovillain\n|-start|p1a: Scovillain|Encore\n|move|p1a: Scovillain|Rage Powder|p1a: Scovillain\n|-singleturn|p1a: Scovillain|move: Rage Powder\n|move|p2a: Serperior|Leaf Storm|p1b: Garganacl\n|-activate|p1b: Garganacl|move: Protect\n|\n|-heal|p1b: Garganacl|44/100|[from] item: Leftovers\n|-damage|p2b: Whimsicott|76/100|[from] Salt Cure\n|upkeep\n|turn|4\n|\n|t:|1776168937\n|switch|p1a: Altaria|Altaria, L50, M|100/100\n|-ability|p1a: Altaria|Cloud Nine\n|switch|p1b: Sneasler|Sneasler, L50, F|100/100\n|move|p2b: Whimsicott|Fake Tears|p2a: Serperior\n|-boost|p2a: Serperior|spd|2\n|move|p2a: Serperior|Leaf Storm|p1b: Sneasler\n|-resisted|p1b: Sneasler|1\n|-damage|p1b: Sneasler|57/100\n|-boost|p2a: Serperior|spa|2\n|\n|-damage|p2b: Whimsicott|70/100|[from] Salt Cure\n|upkeep\n|turn|5\n|inactive|G0D BUGGY has 30 seconds left.\n|\n|t:|1776168969\n|switch|p2b: Garchomp|Garchomp, L50, M|100/100\n|move|p2a: Serperior|Protect|p2a: Serperior\n|-singleturn|p2a: Serperior|Protect\n|move|p1b: Sneasler|Fake Out|p2a: Serperior\n|-activate|p2a: Serperior|move: Protect\n|move|p1a: Altaria|Fire Blast|p2b: Garchomp\n|-resisted|p2b: Garchomp|1\n|-damage|p2b: Garchomp|88/100\n|\n|upkeep\n|turn|6\n|\n|t:|1776168992\n|move|p2b: Garchomp|Stomping Tantrum|p1b: Sneasler\n|-supereffective|p1b: Sneasler|1\n|-damage|p1b: Sneasler|0 fnt\n|faint|p1b: Sneasler\n|move|p2a: Serperior|Leech Seed|p1a: Altaria\n|-start|p1a: Altaria|move: Leech Seed\n|move|p1a: Altaria|Draco Meteor|p2b: Garchomp\n|-supereffective|p2b: Garchomp|1\n|-damage|p2b: Garchomp|0 fnt\n|-unboost|p1a: Altaria|spa|2\n|faint|p2b: Garchomp\n|\n|-damage|p1a: Altaria|88/100|[from] Leech Seed|[of] p2a: Serperior\n|upkeep\n|\n|t:|1776169012\n|switch|p1b: Scovillain|Scovillain-Mega, L50, F|100/100\n|switch|p2b: Slowbro|Slowbro, L50, F|100/100\n|turn|7\n|inactive|FortuneMC has 30 seconds left.\n|inactive|FortuneMC has 20 seconds left.\n|\n|t:|1776169047\n|detailschange|p2b: Slowbro|Slowbro-Mega, L50, F\n|-mega|p2b: Slowbro|Slowbro|Slowbronite\n|move|p2a: Serperior|Leaf Storm|p1b: Scovillain\n|-resisted|p1b: Scovillain|2\n|-damage|p1b: Scovillain|74/100\n|-boost|p2a: Serperior|spa|2\n|-status|p2a: Serperior|brn|[from] ability: Spicy Spray|[of] p1b: Scovillain\n|move|p1a: Altaria|Tailwind|p1a: Altaria\n|-sidestart|p1: G0D BUGGY|move: Tailwind\n|move|p1b: Scovillain|Leech Seed|p2b: Slowbro\n|-start|p2b: Slowbro|move: Leech Seed\n|move|p2b: Slowbro|Psych Up|p2a: Serperior\n|-copyboost|p2b: Slowbro|p2a: Serperior|[from] move: Psych Up\n|\n|-damage|p1a: Altaria|75/100|[from] Leech Seed|[of] p2a: Serperior\n|-damage|p2b: Slowbro|88/100|[from] Leech Seed|[of] p1b: Scovillain\n|-heal|p1b: Scovillain|92/100|[silent]\n|-damage|p2a: Serperior|94/100 brn|[from] brn\n|upkeep\n|turn|8\n|inactive|G0D BUGGY has 30 seconds left.\n|\n|t:|1776169080\n|move|p1a: Altaria|Fire Blast|p2a: Serperior\n|-supereffective|p2a: Serperior|1\n|-damage|p2a: Serperior|86/100 brn\n|move|p1b: Scovillain|Flamethrower|p2a: Serperior\n|-supereffective|p2a: Serperior|1\n|-damage|p2a: Serperior|56/100 brn\n|move|p2a: Serperior|Leaf Storm|p1a: Altaria\n|-resisted|p1a: Altaria|2\n|-damage|p1a: Altaria|38/100\n|move|p2b: Slowbro|Scald|p1b: Scovillain\n|-damage|p1b: Scovillain|0 fnt\n|-status|p2b: Slowbro|brn|[from] ability: Spicy Spray|[of] p1b: Scovillain\n|faint|p1b: Scovillain\n|\n|-damage|p1a: Altaria|25/100|[from] Leech Seed|[of] p2a: Serperior\n|-heal|p2a: Serperior|66/100 brn|[silent]\n|-damage|p2a: Serperior|60/100 brn|[from] brn\n|-damage|p2b: Slowbro|82/100 brn|[from] brn\n|upkeep\n|-message|G0D BUGGY forfeited.\n|\n|win|FortuneMC\n|raw|G0D BUGGY's rating: 1175 &rarr; <strong>1156</strong><br />(-19 for losing)\n|raw|FortuneMC's rating: 1255 &rarr; <strong>1274</strong><br />(+19 for winning)\n|l|\u2606G0D BUGGY\n|player|p1|\n",
  "uploadtime": 1776169098,
  "views": 20,
  "formatid": "gen9championsvgc2026regma",
  "rating": 1156,
  "private": 0,
  "password": null
}