{
  "id": "gen9championsvgc2026regma-2584806426",
  "format": "[Gen 9 Champions] VGC 2026 Reg M-A",
  "players": [
    "chickencharlamagne",
    "uhhtea"
  ],
  "log": "|j|\u2606chickencharlamagne\n|j|\u2606uhhtea\n|t:|1776285052\n|gametype|doubles\n|player|p1|chickencharlamagne|265|1368\n|player|p2|uhhtea|266|1318\n|gen|9\n|tier|[Gen 9 Champions] VGC 2026 Reg M-A\n|rated|\n|rule|Species Clause: Limit one of each Pok\u00e9mon\n|rule|Item Clause: Limit 1 of each item\n|clearpoke\n|poke|p1|Goodra-Hisui, L50, M|\n|poke|p1|Aromatisse, L50, M|\n|poke|p1|Incineroar, L50, F|\n|poke|p1|Scovillain, L50, M|\n|poke|p1|Sneasler, L50, F|\n|poke|p1|Glimmora, L50, F|\n|poke|p2|Archaludon, L50, F|\n|poke|p2|Floette-Eternal, L50, F|\n|poke|p2|Aerodactyl, L50, F|\n|poke|p2|Pelipper, L50, F|\n|poke|p2|Sinistcha, L50|\n|poke|p2|Lopunny, L50, F|\n|teampreview|4\n|inactive|Battle timer is ON: inactive players will automatically lose when time's up. (requested by chickencharlamagne)\n|\n|t:|1776285112\n|teamsize|p1|4\n|teamsize|p2|4\n|start\n|switch|p1a: Glimmora|Glimmora, L50, F|100/100\n|switch|p1b: Incineroar|Incineroar, L50, F, shiny|100/100\n|switch|p2a: Pelipper|Pelipper, L50, F|100/100\n|switch|p2b: Archaludon|Archaludon, L50, F|100/100\n|-weather|RainDance|[from] ability: Drizzle|[of] p2a: Pelipper\n|-ability|p1b: Incineroar|Intimidate|boost\n|-unboost|p2a: Pelipper|atk|1\n|-unboost|p2b: Archaludon|atk|1\n|turn|1\n|\n|t:|1776285131\n|switch|p1b: Goodra|Goodra-Hisui, L50, M|100/100\n|move|p2a: Pelipper|Protect|p2a: Pelipper\n|-singleturn|p2a: Pelipper|Protect\n|move|p2b: Archaludon|Protect|p2b: Archaludon\n|-singleturn|p2b: Archaludon|Protect\n|move|p1a: Glimmora|Earth Power|p2b: Archaludon\n|-activate|p2b: Archaludon|move: Protect\n|\n|-weather|RainDance|[upkeep]\n|upkeep\n|turn|2\n|\n|t:|1776285147\n|move|p1a: Glimmora|Mortal Spin|p2a: Pelipper|[spread] p2a\n|-immune|p2b: Archaludon\n|-damage|p2a: Pelipper|94/100\n|-status|p2a: Pelipper|psn\n|move|p2a: Pelipper|Tailwind|p2a: Pelipper\n|-sidestart|p2: uhhtea|move: Tailwind\n|move|p2b: Archaludon|Electro Shot||[still]\n|-prepare|p2b: Archaludon|Electro Shot\n|-boost|p2b: Archaludon|spa|1\n|-anim|p2b: Archaludon|Electro Shot|p1a: Glimmora\n|-enditem|p1a: Glimmora|Focus Sash\n|-damage|p1a: Glimmora|1/100\n|move|p1b: Goodra|Shelter|p1b: Goodra\n|-boost|p1b: Goodra|def|2\n|\n|-weather|RainDance|[upkeep]\n|-damage|p2a: Pelipper|82/100 psn|[from] psn\n|upkeep\n|turn|3\n|c|\u2606chickencharlamagne|showdown is broken\n|inactive|chickencharlamagne has 30 seconds left.\n|inactive|uhhtea has 30 seconds left.\n|c|\u2606chickencharlamagne|im corrosion\n|inactive|chickencharlamagne has 20 seconds left.\n|inactive|chickencharlamagne has 15 seconds left.\n|inactive|chickencharlamagne has 10 seconds left.\n|inactive|chickencharlamagne has 5 seconds left.\n|\n|t:|1776285200\n|move|p2a: Pelipper|Weather Ball|p1a: Glimmora\n|-supereffective|p1a: Glimmora|1\n|-damage|p1a: Glimmora|0 fnt\n|faint|p1a: Glimmora\n|move|p2b: Archaludon|Dragon Pulse|p1b: Goodra\n|-damage|p1b: Goodra|53/100\n|move|p1b: Goodra|Shelter|p1b: Goodra\n|-boost|p1b: Goodra|def|2\n|\n|-weather|RainDance|[upkeep]\n|-damage|p2a: Pelipper|69/100 psn|[from] psn\n|upkeep\n|c|\u2606uhhtea|maybe its because poison moves in general don't hit steel types idk\n|c|\u2606chickencharlamagne|well yeh\n|c|\u2606chickencharlamagne|thats what the ability ignores\n|inactive|chickencharlamagne has 30 seconds left.\n|c|\u2606chickencharlamagne|poisons any type\n|c|\u2606chickencharlamagne|thats literally why im running it\n|inactive|chickencharlamagne has 20 seconds left.\n|inactive|chickencharlamagne has 15 seconds left.\n|\n|t:|1776285241\n|switch|p1a: Incineroar|Incineroar, L50, F, shiny|100/100\n|-ability|p1a: Incineroar|Intimidate|boost\n|-unboost|p2a: Pelipper|atk|1\n|-unboost|p2b: Archaludon|atk|1\n|turn|4\n|inactive|uhhtea has 30 seconds left.\n|inactive|uhhtea has 20 seconds left.\n|inactive|uhhtea has 15 seconds left.\n|c|\u2606uhhtea|\"I don\u2019t think corrosion is worth it given that you still can\u2019t hit steel types with moves like mortal spin. The advantage of mortal spin is it allows you to poison some pokemon on the field even if they have ways of picking up/stopping the toxic spikes. Mortal spin is also not able to be shut down by taunt, which toxic is. I think it\u2019s probably better to have other ways of dealing with steel/poison types.\"\n|c|\u2606uhhtea|https://www.reddit.com/r/VGC/comments/12rdwf3/corrosion_vs_debris/\n|inactive|uhhtea has 10 seconds left.\n|\n|t:|1776285291\n|move|p2a: Pelipper|Protect|p2a: Pelipper\n|-singleturn|p2a: Pelipper|Protect\n|move|p2b: Archaludon|Protect|p2b: Archaludon\n|-singleturn|p2b: Archaludon|Protect\n|move|p1a: Incineroar|Fake Out|p2a: Pelipper\n|-activate|p2a: Pelipper|move: Protect\n|move|p1b: Goodra|Shelter|p1b: Goodra\n|-boost|p1b: Goodra|def|2\n|\n|-weather|RainDance|[upkeep]\n|-damage|p2a: Pelipper|57/100 psn|[from] psn\n|upkeep\n|turn|5\n|c|\u2606chickencharlamagne|but mortal spin should work\n|inactive|chickencharlamagne has 30 seconds left.\n|c|\u2606chickencharlamagne|thats the point\n|c|\u2606uhhtea|I think only the status moves  work\n|inactive|chickencharlamagne has 20 seconds left.\n|\n|t:|1776285328\n|move|p2a: Pelipper|Weather Ball|p1a: Incineroar\n|-supereffective|p1a: Incineroar|1\n|-damage|p1a: Incineroar|7/100\n|move|p2b: Archaludon|Dragon Pulse|p1b: Goodra\n|-damage|p1b: Goodra|8/100\n|move|p1a: Incineroar|Parting Shot|p2a: Pelipper\n|-unboost|p2a: Pelipper|atk|1\n|-unboost|p2a: Pelipper|spa|1\n|c|\u2606uhhtea|I'm immune to sludge bomb\n|c|\u2606uhhtea|so I'm also immune to mortal spin\n|inactive|chickencharlamagne has 30 seconds left.\n|c|\u2606chickencharlamagne|i think youre hacking\n|inactive|chickencharlamagne has 20 seconds left.\n|c|\u2606chickencharlamagne|tbh\n|\n|t:|1776285366\n|switch|p1a: Sneasler|Sneasler, L50, F|100/100|[from] Parting Shot\n|move|p1b: Goodra|Body Press|p2b: Archaludon\n|-supereffective|p2b: Archaludon|1\n|-damage|p2b: Archaludon|0 fnt\n|faint|p2b: Archaludon\n|\n|-weather|none\n|-damage|p2a: Pelipper|44/100 psn|[from] psn\n|-sideend|p2: uhhtea|move: Tailwind\n|upkeep\n|c|\u2606uhhtea|LOL\n|\n|t:|1776285374\n|switch|p2b: Lopunny|Lopunny, L50, F|100/100\n|turn|6\n|\n|t:|1776285386\n|detailschange|p2b: Lopunny|Lopunny-Mega, L50, F\n|-mega|p2b: Lopunny|Lopunny|Lopunnite\n|move|p1a: Sneasler|Protect|p1a: Sneasler\n|-singleturn|p1a: Sneasler|Protect\n|move|p2b: Lopunny|Fake Out|p1a: Sneasler\n|-activate|p1a: Sneasler|move: Protect\n|move|p2a: Pelipper|Hurricane|p1b: Goodra\n|-resisted|p1b: Goodra|1\n|-damage|p1b: Goodra|0 fnt\n|faint|p1b: Goodra\n|\n|-damage|p2a: Pelipper|32/100 psn|[from] psn\n|upkeep\n|\n|t:|1776285397\n|switch|p1b: Incineroar|Incineroar, L50, F, shiny|7/100\n|-ability|p1b: Incineroar|Intimidate|boost\n|-unboost|p2a: Pelipper|atk|1\n|-fail|p2b: Lopunny|unboost|Attack|[from] ability: Scrappy|[of] p2b: Lopunny\n|turn|7\n|\n|t:|1776285406\n|switch|p2a: Aerodactyl|Aerodactyl, L50, F|100/100\n|-ability|p2a: Aerodactyl|Unnerve\n|move|p2b: Lopunny|Protect|p2b: Lopunny\n|-singleturn|p2b: Lopunny|Protect\n|move|p1b: Incineroar|Fake Out|p2b: Lopunny\n|-activate|p2b: Lopunny|move: Protect\n|move|p1a: Sneasler|Close Combat|p2a: Aerodactyl\n|-enditem|p2a: Aerodactyl|Focus Sash\n|-damage|p2a: Aerodactyl|1/100\n|-unboost|p1a: Sneasler|def|1\n|-unboost|p1a: Sneasler|spd|1\n|-enditem|p1a: Sneasler|White Herb\n|-clearnegativeboost|p1a: Sneasler|[silent]\n|\n|upkeep\n|turn|8\n|inactive|chickencharlamagne has 30 seconds left.\n|inactive|chickencharlamagne has 20 seconds left.\n|inactive|uhhtea has 30 seconds left.\n|inactive|chickencharlamagne has 15 seconds left.\n|inactive|chickencharlamagne has 10 seconds left.\n|\n|t:|1776285451\n|switch|p2b: Pelipper|Pelipper, L50, F|32/100 psn\n|-weather|RainDance|[from] ability: Drizzle|[of] p2b: Pelipper\n|move|p1a: Sneasler|Protect|p1a: Sneasler\n|-singleturn|p1a: Sneasler|Protect\n|move|p2a: Aerodactyl|Tailwind|p2a: Aerodactyl\n|-sidestart|p2: uhhtea|move: Tailwind\n|move|p1b: Incineroar|Parting Shot|p2b: Pelipper\n|-unboost|p2b: Pelipper|atk|1\n|-unboost|p2b: Pelipper|spa|1\n|\n|-weather|RainDance|[upkeep]\n|-damage|p2b: Pelipper|19/100 psn|[from] psn\n|upkeep\n|turn|9\n|inactive|chickencharlamagne has 30 seconds left.\n|\n|t:|1776285479\n|move|p2a: Aerodactyl|Dual Wingbeat|p1a: Sneasler\n|-supereffective|p1a: Sneasler|1\n|-damage|p1a: Sneasler|40/100\n|-supereffective|p1a: Sneasler|1\n|-damage|p1a: Sneasler|0 fnt\n|faint|p1a: Sneasler\n|-hitcount|p1: Sneasler|2\n|move|p2b: Pelipper|Hurricane|p1b: Incineroar\n|-damage|p1b: Incineroar|0 fnt\n|faint|p1b: Incineroar\n|\n|win|uhhtea\n|raw|chickencharlamagne's rating: 1368 &rarr; <strong>1345</strong><br />(-23 for losing)\n|raw|uhhtea's rating: 1318 &rarr; <strong>1341</strong><br />(+23 for winning)\n|c|\u2606chickencharlamagne|scumbag\n|c|\u2606chickencharlamagne|get a life\n|l|\u2606chickencharlamagne\n|player|p1|\n|c|\u2606uhhtea|reported\n",
  "uploadtime": 1776285517,
  "views": 44,
  "formatid": "gen9championsvgc2026regma",
  "rating": 1341,
  "private": 0,
  "password": null
}