{
  "id": "gen9championsvgc2026regma-2583723376",
  "format": "[Gen 9 Champions] VGC 2026 Reg M-A",
  "players": [
    "SimMikaze",
    "Paviskii"
  ],
  "log": "|j|\u2606SimMikaze\n|j|\u203dPaviskii\n|t:|1776193323\n|gametype|doubles\n|player|p1|SimMikaze|miku-ghost|1370\n|player|p2|Paviskii|medium|1434\n|gen|9\n|tier|[Gen 9 Champions] VGC 2026 Reg M-A\n|rated|\n|rule|Species Clause: Limit one of each Pok\u00e9mon\n|rule|Item Clause: Limit 1 of each item\n|clearpoke\n|poke|p1|Aggron, L50, M|\n|poke|p1|Alakazam, L50, M|\n|poke|p1|Sinistcha, L50|\n|poke|p1|Politoed, L50, F|\n|poke|p1|Incineroar, L50, M|\n|poke|p1|Gengar, L50, M|\n|poke|p2|Glimmora, L50, M|\n|poke|p2|Gardevoir, L50, M|\n|poke|p2|Corviknight, L50, M|\n|poke|p2|Garchomp, L50, F|\n|poke|p2|Weavile, L50, F|\n|poke|p2|Lucario, L50, F|\n|teampreview|4\n|inactive|Battle timer is ON: inactive players will automatically lose when time's up. (requested by Paviskii)\n|\n|t:|1776193351\n|teamsize|p1|4\n|teamsize|p2|4\n|start\n|switch|p1a: Aggron|Aggron, L50, M|100/100\n|switch|p1b: Alakazam|Alakazam, L50, M|100/100\n|switch|p2a: Lucario|Lucario, L50, F|100/100\n|switch|p2b: Corviknight|Corviknight, L50, M|100/100\n|turn|1\n|\n|t:|1776193370\n|detailschange|p2a: Lucario|Lucario-Mega, L50, F\n|-mega|p2a: Lucario|Lucario|Lucarionite\n|detailschange|p1a: Aggron|Aggron-Mega, L50, M\n|-mega|p1a: Aggron|Aggron|Aggronite\n|move|p1b: Alakazam|Speed Swap|p1a: Aggron\n|-activate|p1b: Alakazam|move: Speed Swap|[of] p1a: Aggron\n|move|p1a: Aggron|Iron Defense|p1a: Aggron\n|-boost|p1a: Aggron|def|2\n|move|p2a: Lucario|Aura Sphere|p1a: Aggron\n|-supereffective|p1a: Aggron|1\n|-damage|p1a: Aggron|31/100\n|move|p2b: Corviknight|Tailwind|p2b: Corviknight\n|-sidestart|p2: Paviskii|move: Tailwind\n|\n|upkeep\n|turn|2\n|\n|t:|1776193389\n|switch|p1b: Sinistcha|Sinistcha, L50, shiny|100/100\n|-heal|p1a: Aggron|56/100|[from] ability: Hospitality|[of] p1b: Sinistcha\n|move|p1a: Aggron|Protect|p1a: Aggron\n|-singleturn|p1a: Aggron|Protect\n|move|p2a: Lucario|Aura Sphere|p1a: Aggron\n|-activate|p1a: Aggron|move: Protect\n|move|p2b: Corviknight|Brave Bird|p1b: Sinistcha\n|-supereffective|p1b: Sinistcha|1\n|-damage|p1b: Sinistcha|42/100\n|-enditem|p1b: Sinistcha|Sitrus Berry|[eat]\n|-heal|p1b: Sinistcha|67/100|[from] item: Sitrus Berry\n|-damage|p2b: Corviknight|84/100|[from] Recoil\n|\n|-heal|p2b: Corviknight|90/100|[from] item: Leftovers\n|upkeep\n|turn|3\n|\n|t:|1776193402\n|switch|p2b: Weavile|Weavile, L50, F|100/100\n|-ability|p2b: Weavile|Pressure\n|move|p2a: Lucario|Protect|p2a: Lucario\n|-singleturn|p2a: Lucario|Protect\n|move|p1b: Sinistcha|Rage Powder|p1b: Sinistcha\n|-singleturn|p1b: Sinistcha|move: Rage Powder\n|move|p1a: Aggron|Body Press|p2a: Lucario\n|-activate|p2a: Lucario|move: Protect\n|\n|upkeep\n|turn|4\n|\n|t:|1776193419\n|switch|p1b: Alakazam|Alakazam, L50, M|100/100\n|move|p1a: Aggron|Protect|p1a: Aggron\n|-singleturn|p1a: Aggron|Protect\n|move|p2b: Weavile|Knock Off|p1b: Alakazam\n|-supereffective|p1b: Alakazam|1\n|-enditem|p1b: Alakazam|Focus Sash\n|-damage|p1b: Alakazam|1/100\n|move|p2a: Lucario|Aura Sphere|p1a: Aggron\n|-activate|p1a: Aggron|move: Protect\n|\n|-sideend|p2: Paviskii|move: Tailwind\n|upkeep\n|turn|5\n|inactive|Paviskii has 30 seconds left.\n|\n|t:|1776193455\n|switch|p1b: Sinistcha|Sinistcha, L50, shiny|67/100\n|-heal|p1a: Aggron|81/100|[from] ability: Hospitality|[of] p1b: Sinistcha\n|switch|p2a: Garchomp|Garchomp, L50, F|100/100\n|move|p2b: Weavile|Knock Off|p1b: Sinistcha\n|-supereffective|p1b: Sinistcha|1\n|-damage|p1b: Sinistcha|21/100\n|move|p1a: Aggron|Body Press|p2a: Garchomp\n|-damage|p2a: Garchomp|22/100\n|\n|upkeep\n|turn|6\n|inactive|SimMikaze has 30 seconds left.\n|inactive|Paviskii has 30 seconds left.\n|\n|t:|1776193487\n|move|p1b: Sinistcha|Protect|p1b: Sinistcha\n|-singleturn|p1b: Sinistcha|Protect\n|move|p2b: Weavile|Knock Off|p1b: Sinistcha\n|-activate|p1b: Sinistcha|move: Protect\n|move|p1a: Aggron|Body Press|p2b: Weavile\n|-supereffective|p2b: Weavile|2\n|-enditem|p2b: Weavile|Focus Sash\n|-damage|p2b: Weavile|1/100\n|move|p2a: Garchomp|Earthquake|p1b: Sinistcha|[spread] p2b,p1a\n|-activate|p1b: Sinistcha|move: Protect\n|-supereffective|p1a: Aggron|1\n|-damage|p2b: Weavile|0 fnt\n|-damage|p1a: Aggron|67/100\n|faint|p2b: Weavile\n|\n|upkeep\n|\n|t:|1776193490\n|switch|p2b: Corviknight|Corviknight, L50, M|90/100\n|turn|7\n|\n|t:|1776193513\n|switch|p1b: Politoed|Politoed, L50, F|100/100\n|-weather|RainDance|[from] ability: Drizzle|[of] p1b: Politoed\n|move|p1a: Aggron|Body Press|p2a: Garchomp\n|-damage|p2a: Garchomp|0 fnt\n|faint|p2a: Garchomp\n|move|p2b: Corviknight|Tailwind|p2b: Corviknight\n|-sidestart|p2: Paviskii|move: Tailwind\n|\n|-weather|RainDance|[upkeep]\n|-heal|p2b: Corviknight|96/100|[from] item: Leftovers\n|upkeep\n|\n|t:|1776193520\n|switch|p2a: Lucario|Lucario-Mega, L50, F|100/100\n|turn|8\n|\n|t:|1776193537\n|move|p1a: Aggron|Protect|p1a: Aggron\n|-singleturn|p1a: Aggron|Protect\n|move|p2a: Lucario|Dark Pulse|p1b: Politoed\n|-damage|p1b: Politoed|73/100\n|move|p2b: Corviknight|Body Press|p1a: Aggron\n|-activate|p1a: Aggron|move: Protect\n|move|p1b: Politoed|Perish Song|p1b: Politoed\n|-start|p1a: Aggron|perish3|[silent]\n|-start|p1b: Politoed|perish3|[silent]\n|-start|p2a: Lucario|perish3|[silent]\n|-start|p2b: Corviknight|perish3|[silent]\n|-fieldactivate|move: Perish Song\n|\n|-weather|RainDance|[upkeep]\n|-heal|p2b: Corviknight|100/100|[from] item: Leftovers\n|-heal|p1b: Politoed|79/100|[from] item: Leftovers\n|-start|p2a: Lucario|perish3\n|-start|p1a: Aggron|perish3\n|-start|p2b: Corviknight|perish3\n|-start|p1b: Politoed|perish3\n|upkeep\n|turn|9\n|\n|t:|1776193555\n|switch|p1b: Sinistcha|Sinistcha, L50, shiny|21/100\n|-heal|p1a: Aggron|92/100|[from] ability: Hospitality|[of] p1b: Sinistcha\n|move|p2a: Lucario|Aura Sphere|p1a: Aggron\n|-supereffective|p1a: Aggron|1\n|-damage|p1a: Aggron|14/100\n|move|p1a: Aggron|Body Press|p2a: Lucario\n|-supereffective|p2a: Lucario|1\n|-damage|p2a: Lucario|0 fnt\n|faint|p2a: Lucario\n|move|p2b: Corviknight|Brave Bird|p1b: Sinistcha\n|-supereffective|p1b: Sinistcha|1\n|-damage|p1b: Sinistcha|0 fnt\n|faint|p1b: Sinistcha\n|-damage|p2b: Corviknight|95/100|[from] Recoil\n|\n|-weather|RainDance|[upkeep]\n|-heal|p2b: Corviknight|100/100|[from] item: Leftovers\n|-start|p1a: Aggron|perish2\n|-start|p2b: Corviknight|perish2\n|upkeep\n|\n|t:|1776193570\n|switch|p1b: Politoed|Politoed, L50, F|79/100\n|turn|10\n|-message|Paviskii forfeited.\n|\n|win|SimMikaze\n|raw|SimMikaze's rating: 1370 &rarr; <strong>1394</strong><br />(+24 for winning)\n|raw|Paviskii's rating: 1434 &rarr; <strong>1410</strong><br />(-24 for losing)\n|l|\u203dPaviskii\n|player|p2|\n",
  "uploadtime": 1776193577,
  "views": 27,
  "formatid": "gen9championsvgc2026regma",
  "rating": 1394,
  "private": 0,
  "password": null
}