{
  "id": "gen9championsvgc2026regma-2588034734",
  "format": "[Gen 9 Champions] VGC 2026 Reg M-A",
  "players": [
    "Azreal29",
    "edgyptologist"
  ],
  "log": "|j|\u2606Azreal29\n|j|\u2606edgyptologist\n|t:|1776595972\n|gametype|doubles\n|player|p1|Azreal29|unknown|1214\n|player|p2|edgyptologist|ruinmaniac|1208\n|gen|9\n|tier|[Gen 9 Champions] VGC 2026 Reg M-A\n|rated|\n|rule|Species Clause: Limit one of each Pok\u00e9mon\n|rule|Item Clause: Limit 1 of each item\n|clearpoke\n|poke|p1|Scovillain, L50, M|\n|poke|p1|Sneasler, L50, F, shiny|\n|poke|p1|Primarina, L50, M|\n|poke|p1|Kingambit, L50, M|\n|poke|p1|Aerodactyl, L50, M|\n|poke|p1|Garchomp, L50, M|\n|poke|p2|Floette-Eternal, L50, F|\n|poke|p2|Vivillon-Pokeball, L50, M|\n|poke|p2|Cofagrigus, L50, F|\n|poke|p2|Araquanid, L50, F|\n|poke|p2|Incineroar, L50, F|\n|poke|p2|Golurk, L50|\n|teampreview|4\n|inactive|Battle timer is ON: inactive players will automatically lose when time's up. (requested by edgyptologist)\n|inactive|Azreal29 also wants the timer to be on.\n|c|\u2606edgyptologist|gl hf\n|inactive|Azreal29 has 60 seconds left.\n|inactive|edgyptologist has 60 seconds left.\n|\n|t:|1776596015\n|teamsize|p1|4\n|teamsize|p2|4\n|start\n|switch|p1a: Scovillain|Scovillain, L50, M|100/100\n|switch|p1b: Primarina|Primarina, L50, M|100/100\n|switch|p2a: Vivillon|Vivillon-Pokeball, L50, M|100/100\n|switch|p2b: Floette|Floette-Eternal, L50, F|100/100\n|turn|1\n|\n|t:|1776596034\n|detailschange|p2b: Floette|Floette-Mega, L50, F\n|-mega|p2b: Floette|Floette|Floettite\n|-ability|p2b: Floette|Fairy Aura\n|move|p1a: Scovillain|Protect|p1a: Scovillain\n|-singleturn|p1a: Scovillain|Protect\n|move|p2a: Vivillon|Tailwind|p2a: Vivillon\n|-sidestart|p2: edgyptologist|move: Tailwind\n|move|p2b: Floette|Calm Mind|p2b: Floette\n|-boost|p2b: Floette|spa|1\n|-boost|p2b: Floette|spd|1\n|move|p1b: Primarina|Calm Mind|p1b: Primarina\n|-boost|p1b: Primarina|spa|1\n|-boost|p1b: Primarina|spd|1\n|\n|-ability|p1a: Scovillain|Moody|boost\n|-boost|p1a: Scovillain|def|2\n|-unboost|p1a: Scovillain|spe|1\n|upkeep\n|turn|2\n|inactive|Azreal29 has 30 seconds left.\n|\n|t:|1776596061\n|detailschange|p1a: Scovillain|Scovillain-Mega, L50, M\n|-mega|p1a: Scovillain|Scovillain|Scovillainite\n|move|p2a: Vivillon|Sleep Powder|p1b: Primarina\n|-status|p1b: Primarina|slp|[from] move: Sleep Powder\n|move|p2b: Floette|Calm Mind|p2b: Floette\n|-boost|p2b: Floette|spa|1\n|-boost|p2b: Floette|spd|1\n|cant|p1b: Primarina|slp\n|move|p1a: Scovillain|Leech Seed|p2b: Floette\n|-start|p2b: Floette|move: Leech Seed\n|\n|-damage|p2b: Floette|88/100|[from] Leech Seed|[of] p1a: Scovillain\n|upkeep\n|turn|3\n|\n|t:|1776596081\n|move|p2a: Vivillon|Pollen Puff|p2b: Floette\n|-heal|p2b: Floette|100/100\n|move|p2b: Floette|Moonblast|p1b: Primarina\n|-damage|p1b: Primarina|23/100 slp\n|cant|p1b: Primarina|slp\n|move|p1a: Scovillain|Leech Seed|p2a: Vivillon\n|-start|p2a: Vivillon|move: Leech Seed\n|\n|-heal|p1b: Primarina|29/100 slp|[from] item: Leftovers\n|-damage|p2a: Vivillon|89/100|[from] Leech Seed|[of] p1a: Scovillain\n|-damage|p2b: Floette|88/100|[from] Leech Seed|[of] p1a: Scovillain\n|upkeep\n|turn|4\n|\n|t:|1776596098\n|switch|p2a: Incineroar|Incineroar, L50, F|100/100\n|-ability|p2a: Incineroar|Intimidate|boost\n|-unboost|p1a: Scovillain|atk|1\n|-unboost|p1b: Primarina|atk|1\n|-curestatus|p1b: Primarina|slp|[msg]\n|move|p1b: Primarina|Protect|p1b: Primarina\n|-singleturn|p1b: Primarina|Protect\n|move|p2b: Floette|Dazzling Gleam|p1b: Primarina|[spread] p1a\n|-activate|p1b: Primarina|move: Protect\n|-resisted|p1a: Scovillain|1\n|-damage|p1a: Scovillain|60/100\n|-status|p2b: Floette|brn|[from] ability: Spicy Spray|[of] p1a: Scovillain\n|move|p1a: Scovillain|Flamethrower|p2a: Incineroar\n|-resisted|p2a: Incineroar|1\n|-damage|p2a: Incineroar|85/100\n|\n|-heal|p1b: Primarina|35/100|[from] item: Leftovers\n|-damage|p2b: Floette|76/100 brn|[from] Leech Seed|[of] p1a: Scovillain\n|-heal|p1a: Scovillain|73/100|[silent]\n|-damage|p2b: Floette|71/100 brn|[from] brn\n|-sideend|p2: edgyptologist|move: Tailwind\n|upkeep\n|turn|5\n|\n|t:|1776596122\n|move|p2b: Floette|Dazzling Gleam|p1b: Primarina|[spread] p1a,p1b\n|-resisted|p1a: Scovillain|1\n|-damage|p1a: Scovillain|30/100\n|-damage|p1b: Primarina|0 fnt\n|faint|p1b: Primarina\n|move|p2a: Incineroar|Flare Blitz|p1a: Scovillain\n|-damage|p1a: Scovillain|7/100\n|-immune|p2a: Incineroar\n|-damage|p2a: Incineroar|78/100|[from] Recoil\n|move|p1a: Scovillain|Leech Seed|p2a: Incineroar\n|-start|p2a: Incineroar|move: Leech Seed\n|\n|-damage|p2b: Floette|59/100 brn|[from] Leech Seed|[of] p1a: Scovillain\n|-heal|p1a: Scovillain|19/100|[silent]\n|-damage|p2a: Incineroar|66/100|[from] Leech Seed|[of] p1a: Scovillain\n|-heal|p1a: Scovillain|34/100|[silent]\n|-damage|p2b: Floette|53/100 brn|[from] brn\n|upkeep\n|\n|t:|1776596132\n|switch|p1b: Sneasler|Sneasler, L50, F, shiny|100/100\n|turn|6\n|\n|t:|1776596152\n|move|p2b: Floette|Protect|p2b: Floette\n|-singleturn|p2b: Floette|Protect\n|move|p1a: Scovillain|Protect|p1a: Scovillain\n|-singleturn|p1a: Scovillain|Protect\n|move|p1b: Sneasler|Dire Claw|p2b: Floette\n|-activate|p2b: Floette|move: Protect\n|move|p2a: Incineroar|Parting Shot|p1b: Sneasler\n|-unboost|p1b: Sneasler|atk|1\n|-unboost|p1b: Sneasler|spa|1\n|\n|t:|1776596158\n|switch|p2a: Vivillon|Vivillon-Pokeball, L50, M|89/100|[from] Parting Shot\n|-enditem|p1b: Sneasler|White Herb\n|-clearnegativeboost|p1b: Sneasler|[silent]\n|\n|-damage|p2b: Floette|41/100 brn|[from] Leech Seed|[of] p1a: Scovillain\n|-heal|p1a: Scovillain|46/100|[silent]\n|-damage|p2b: Floette|35/100 brn|[from] brn\n|upkeep\n|turn|7\n|\n|t:|1776596174\n|switch|p2b: Araquanid|Araquanid, L50, F|100/100\n|move|p1b: Sneasler|Dire Claw|p2b: Araquanid\n|-damage|p2b: Araquanid|54/100\n|-status|p2b: Araquanid|slp\n|move|p2a: Vivillon|Tailwind|p2a: Vivillon\n|-sidestart|p2: edgyptologist|move: Tailwind\n|move|p1a: Scovillain|Leech Seed|p2a: Vivillon\n|-start|p2a: Vivillon|move: Leech Seed\n|\n|-heal|p2b: Araquanid|60/100 slp|[from] item: Leftovers\n|-damage|p2a: Vivillon|77/100|[from] Leech Seed|[of] p1a: Scovillain\n|-heal|p1a: Scovillain|57/100|[silent]\n|upkeep\n|turn|8\n|\n|t:|1776596190\n|switch|p1b: Aerodactyl|Aerodactyl, L50, M|100/100\n|-ability|p1b: Aerodactyl|Unnerve\n|move|p2a: Vivillon|Pollen Puff|p2b: Araquanid\n|-heal|p2b: Araquanid|100/100 slp\n|cant|p2b: Araquanid|slp\n|move|p1a: Scovillain|Leech Seed|p2b: Araquanid\n|-start|p2b: Araquanid|move: Leech Seed\n|\n|-damage|p2a: Vivillon|65/100|[from] Leech Seed|[of] p1a: Scovillain\n|-heal|p1a: Scovillain|68/100|[silent]\n|-damage|p2b: Araquanid|88/100 slp|[from] Leech Seed|[of] p1a: Scovillain\n|-heal|p1a: Scovillain|80/100|[silent]\n|upkeep\n|turn|9\n|\n|t:|1776596210\n|move|p2a: Vivillon|Sleep Powder|p1b: Aerodactyl|[miss]\n|-miss|p2a: Vivillon|p1b: Aerodactyl\n|move|p1b: Aerodactyl|Tailwind|p1b: Aerodactyl\n|-sidestart|p1: Azreal29|move: Tailwind\n|move|p1a: Scovillain|Flamethrower|p2a: Vivillon\n|-supereffective|p2a: Vivillon|1\n|-damage|p2a: Vivillon|0 fnt\n|faint|p2a: Vivillon\n|cant|p2b: Araquanid|slp\n|\n|-heal|p2b: Araquanid|94/100 slp|[from] item: Leftovers\n|-damage|p2b: Araquanid|82/100 slp|[from] Leech Seed|[of] p1a: Scovillain\n|-heal|p1a: Scovillain|92/100|[silent]\n|upkeep\n|\n|t:|1776596216\n|switch|p2a: Incineroar|Incineroar, L50, F|66/100\n|-ability|p2a: Incineroar|Intimidate|boost\n|-unboost|p1a: Scovillain|atk|1\n|-unboost|p1b: Aerodactyl|atk|1\n|turn|10\n|\n|t:|1776596234\n|move|p2a: Incineroar|Fake Out|p1b: Aerodactyl\n|-resisted|p1b: Aerodactyl|1\n|-damage|p1b: Aerodactyl|91/100\n|cant|p1b: Aerodactyl|flinch\n|move|p1a: Scovillain|Leech Seed|p2a: Incineroar\n|-start|p2a: Incineroar|move: Leech Seed\n|-curestatus|p2b: Araquanid|slp|[msg]\n|move|p2b: Araquanid|Liquidation|p1b: Aerodactyl\n|-supereffective|p1b: Aerodactyl|1\n|-damage|p1b: Aerodactyl|0 fnt\n|faint|p1b: Aerodactyl\n|\n|-heal|p2b: Araquanid|88/100|[from] item: Leftovers\n|-damage|p2a: Incineroar|53/100|[from] Leech Seed|[of] p1a: Scovillain\n|-heal|p1a: Scovillain|100/100|[silent]\n|-damage|p2b: Araquanid|76/100|[from] Leech Seed|[of] p1a: Scovillain\n|-sideend|p2: edgyptologist|move: Tailwind\n|upkeep\n|\n|t:|1776596245\n|switch|p1b: Sneasler|Sneasler, L50, F, shiny|100/100\n|turn|11\n|\n|t:|1776596265\n|move|p1a: Scovillain|Rage Powder|p1a: Scovillain\n|-singleturn|p1a: Scovillain|move: Rage Powder\n|move|p1b: Sneasler|Close Combat|p2a: Incineroar\n|-supereffective|p2a: Incineroar|1\n|-damage|p2a: Incineroar|0 fnt\n|-unboost|p1b: Sneasler|def|1\n|-unboost|p1b: Sneasler|spd|1\n|faint|p2a: Incineroar\n|move|p2b: Araquanid|Liquidation|p1a: Scovillain\n|-crit|p1a: Scovillain\n|-damage|p1a: Scovillain|22/100\n|\n|-heal|p2b: Araquanid|82/100|[from] item: Leftovers\n|-damage|p2b: Araquanid|70/100|[from] Leech Seed|[of] p1a: Scovillain\n|-heal|p1a: Scovillain|34/100|[silent]\n|upkeep\n|\n|t:|1776596270\n|switch|p2a: Floette|Floette-Mega, L50, F|35/100 brn\n|-ability|p2a: Floette|Fairy Aura\n|turn|12\n|\n|t:|1776596292\n|move|p1b: Sneasler|Dire Claw|p2a: Floette\n|-supereffective|p2a: Floette|1\n|-damage|p2a: Floette|0 fnt\n|faint|p2a: Floette\n|move|p1a: Scovillain|Leech Seed|p2b: Araquanid|[miss]\n|-miss|p1a: Scovillain|p2b: Araquanid\n|move|p2b: Araquanid|Liquidation|p1b: Sneasler\n|-damage|p1b: Sneasler|0 fnt\n|faint|p1b: Sneasler\n|\n|-heal|p2b: Araquanid|75/100|[from] item: Leftovers\n|-damage|p2b: Araquanid|63/100|[from] Leech Seed|[of] p1a: Scovillain\n|-heal|p1a: Scovillain|46/100|[silent]\n|-sideend|p1: Azreal29|move: Tailwind\n|upkeep\n|turn|13\n|inactive|Azreal29 has 30 seconds left.\n|\n|t:|1776596322\n|move|p1a: Scovillain|Protect|p1a: Scovillain\n|-singleturn|p1a: Scovillain|Protect\n|move|p2b: Araquanid|Liquidation|p1a: Scovillain\n|-activate|p1a: Scovillain|move: Protect\n|\n|-heal|p2b: Araquanid|69/100|[from] item: Leftovers\n|-damage|p2b: Araquanid|57/100|[from] Leech Seed|[of] p1a: Scovillain\n|-heal|p1a: Scovillain|59/100|[silent]\n|upkeep\n|turn|14\n|\n|t:|1776596333\n|move|p1a: Scovillain|Flamethrower|p2b: Araquanid\n|-damage|p2b: Araquanid|43/100\n|move|p2b: Araquanid|Infestation|p1a: Scovillain\n|-damage|p1a: Scovillain|55/100\n|-activate|p1a: Scovillain|move: Infestation|[of] p2b: Araquanid\n|\n|-heal|p2b: Araquanid|49/100|[from] item: Leftovers\n|-damage|p2b: Araquanid|37/100|[from] Leech Seed|[of] p1a: Scovillain\n|-heal|p1a: Scovillain|67/100|[silent]\n|-damage|p1a: Scovillain|55/100|[from] move: Infestation|[partiallytrapped]\n|upkeep\n|turn|15\n|\n|t:|1776596341\n|move|p1a: Scovillain|Flamethrower|p2b: Araquanid\n|-damage|p2b: Araquanid|22/100\n|move|p2b: Araquanid|Liquidation|p1a: Scovillain\n|-damage|p1a: Scovillain|28/100\n|\n|-heal|p2b: Araquanid|27/100|[from] item: Leftovers\n|-damage|p2b: Araquanid|15/100|[from] Leech Seed|[of] p1a: Scovillain\n|-heal|p1a: Scovillain|40/100|[silent]\n|-damage|p1a: Scovillain|28/100|[from] move: Infestation|[partiallytrapped]\n|upkeep\n|turn|16\n|\n|t:|1776596352\n|move|p1a: Scovillain|Flamethrower|p2b: Araquanid\n|-damage|p2b: Araquanid|2/100\n|move|p2b: Araquanid|Liquidation|p1a: Scovillain\n|-damage|p1a: Scovillain|2/100\n|\n|-heal|p2b: Araquanid|7/100|[from] item: Leftovers\n|-damage|p2b: Araquanid|0 fnt|[from] Leech Seed|[of] p1a: Scovillain\n|-heal|p1a: Scovillain|9/100|[silent]\n|faint|p2b: Araquanid\n|\n|win|Azreal29\n|raw|Azreal29's rating: 1214 &rarr; <strong>1239</strong><br />(+25 for winning)\n|raw|edgyptologist's rating: 1208 &rarr; <strong>1183</strong><br />(-25 for losing)\n|c|\u2606edgyptologist|gg wp\n|l|\u2606edgyptologist\n|player|p2|\n",
  "uploadtime": 1776596385,
  "views": 14,
  "formatid": "gen9championsvgc2026regma",
  "rating": 1183,
  "private": 0,
  "password": null
}