{
  "id": "gen9championsvgc2026regma-2582070467",
  "format": "[Gen 9 Champions] VGC 2026 Reg M-A",
  "players": [
    "mr.matsumoto1",
    "919evo"
  ],
  "log": "|j|\u2606mr.matsumoto1\n|j|\u2606919evo\n|t:|1776054232\n|gametype|doubles\n|player|p1|mr.matsumoto1|alder|1000\n|player|p2|919evo|1|1036\n|gen|9\n|tier|[Gen 9 Champions] VGC 2026 Reg M-A\n|rated|\n|rule|Species Clause: Limit one of each Pok\u00e9mon\n|rule|Item Clause: Limit 1 of each item\n|clearpoke\n|poke|p1|Sneasler, L50, F|\n|poke|p1|Kingambit, L50, M|\n|poke|p1|Milotic, L50, F|\n|poke|p1|Gengar, L50, F|\n|poke|p1|Incineroar, L50, F|\n|poke|p1|Garchomp, L50, M|\n|poke|p2|Torkoal, L50, M|\n|poke|p2|Garganacl, L50, F|\n|poke|p2|Scovillain, L50, F|\n|poke|p2|Gallade, L50, M|\n|poke|p2|Pidgeot, L50, M|\n|poke|p2|Dragapult, L50, M|\n|teampreview|4\n|\n|t:|1776054257\n|teamsize|p1|4\n|teamsize|p2|4\n|start\n|switch|p1a: Gengar|Gengar, L50, F|100/100\n|switch|p1b: Incineroar|Incineroar, L50, F|100/100\n|switch|p2a: Gallade|Gallade, L50, M|100/100\n|switch|p2b: Scovillain|Scovillain, L50, F|100/100\n|-ability|p1b: Incineroar|Intimidate|boost\n|-unboost|p2a: Gallade|atk|1\n|-unboost|p2b: Scovillain|atk|1\n|turn|1\n|inactive|Battle timer is ON: inactive players will automatically lose when time's up. (requested by mr.matsumoto1)\n|inactive|919evo has 60 seconds left.\n|\n|t:|1776054343\n|switch|p2b: Torkoal|Torkoal, L50, M|100/100\n|detailschange|p1a: Gengar|Gengar-Mega, L50, F\n|-mega|p1a: Gengar|Gengar|Gengarite\n|move|p1b: Incineroar|Fake Out|p2a: Gallade\n|-damage|p2a: Gallade|87/100\n|move|p1a: Gengar|Perish Song|p1a: Gengar\n|-start|p1a: Gengar|perish3|[silent]\n|-start|p1b: Incineroar|perish3|[silent]\n|-start|p2a: Gallade|perish3|[silent]\n|-start|p2b: Torkoal|perish3|[silent]\n|-fieldactivate|move: Perish Song\n|cant|p2a: Gallade|flinch\n|\n|-start|p1a: Gengar|perish3\n|-start|p2a: Gallade|perish3\n|-start|p1b: Incineroar|perish3\n|-start|p2b: Torkoal|perish3\n|upkeep\n|turn|2\n|inactive|mr.matsumoto1 has 30 seconds left.\n|inactive|919evo has 30 seconds left.\n|inactive|mr.matsumoto1 has 20 seconds left.\n|inactive|919evo has 20 seconds left.\n|inactive|mr.matsumoto1 has 15 seconds left.\n|inactive|919evo has 15 seconds left.\n|inactive|mr.matsumoto1 has 10 seconds left.\n|inactive|919evo has 10 seconds left.\n|\n|t:|1776054391\n|move|p1a: Gengar|Protect|p1a: Gengar\n|-singleturn|p1a: Gengar|Protect\n|move|p2a: Gallade|Sacred Sword|p1b: Incineroar\n|-supereffective|p1b: Incineroar|1\n|-damage|p1b: Incineroar|17/100\n|-enditem|p1b: Incineroar|Sitrus Berry|[eat]\n|-heal|p1b: Incineroar|42/100|[from] item: Sitrus Berry\n|move|p1b: Incineroar|Parting Shot|p2a: Gallade\n|-unboost|p2a: Gallade|atk|1\n|-unboost|p2a: Gallade|spa|1\n|\n|t:|1776054402\n|switch|p1b: Milotic|Milotic, L50, F|100/100|[from] Parting Shot\n|move|p2b: Torkoal|Stomping Tantrum|p1b: Milotic\n|-damage|p1b: Milotic|80/100\n|\n|-heal|p1b: Milotic|86/100|[from] item: Leftovers\n|-start|p1a: Gengar|perish2\n|-start|p2a: Gallade|perish2\n|-start|p2b: Torkoal|perish2\n|upkeep\n|turn|3\n|\n|t:|1776054424\n|switch|p1a: Incineroar|Incineroar, L50, F|42/100\n|-ability|p1a: Incineroar|Intimidate|boost\n|-unboost|p2a: Gallade|atk|1\n|-fail|p2b: Torkoal|unboost|[from] ability: White Smoke|[of] p2b: Torkoal\n|move|p1b: Milotic|Coil|p1b: Milotic\n|-boost|p1b: Milotic|atk|1\n|-boost|p1b: Milotic|def|1\n|-boost|p1b: Milotic|accuracy|1\n|move|p2a: Gallade|Psycho Cut|p1a: Incineroar\n|-immune|p1a: Incineroar\n|move|p2b: Torkoal|Temper Flare|p1a: Incineroar\n|-resisted|p1a: Incineroar|1\n|-damage|p1a: Incineroar|26/100\n|\n|-heal|p1b: Milotic|92/100|[from] item: Leftovers\n|-start|p2a: Gallade|perish1\n|-start|p2b: Torkoal|perish1\n|upkeep\n|turn|4\n|inactive|919evo has 30 seconds left.\n|\n|t:|1776054456\n|switch|p2a: Garganacl|Garganacl, L50, F|100/100\n|switch|p1a: Gengar|Gengar-Mega, L50, F|100/100\n|switch|p2b: Scovillain|Scovillain, L50, F|100/100\n|move|p1b: Milotic|Muddy Water|p2a: Garganacl|[spread] p2a,p2b\n|-supereffective|p2a: Garganacl|1\n|-crit|p2b: Scovillain\n|-damage|p2a: Garganacl|52/100\n|-damage|p2b: Scovillain|63/100\n|\n|-heal|p1b: Milotic|98/100|[from] item: Leftovers\n|upkeep\n|turn|5\n|inactive|919evo has 30 seconds left.\n|inactive|919evo has 20 seconds left.\n|inactive|919evo has 15 seconds left.\n|inactive|919evo has 10 seconds left.\n|\n|t:|1776054506\n|detailschange|p2b: Scovillain|Scovillain-Mega, L50, F\n|-mega|p2b: Scovillain|Scovillain|Scovillainite\n|move|p2a: Garganacl|Wide Guard|p2a: Garganacl\n|-singleturn|p2a: Garganacl|Wide Guard\n|move|p1a: Gengar|Shadow Ball|p2b: Scovillain\n|-damage|p2b: Scovillain|28/100\n|-status|p1a: Gengar|brn|[from] ability: Spicy Spray|[of] p2b: Scovillain\n|move|p1b: Milotic|Scald|p2a: Garganacl\n|-supereffective|p2a: Garganacl|1\n|-damage|p2a: Garganacl|0 fnt\n|faint|p2a: Garganacl\n|move|p2b: Scovillain|Flamethrower|p1b: Milotic\n|-resisted|p1b: Milotic|1\n|-damage|p1b: Milotic|83/100\n|\n|-heal|p1b: Milotic|89/100|[from] item: Leftovers\n|-damage|p1a: Gengar|95/100 brn|[from] brn\n|upkeep\n|-message|919evo forfeited.\n|\n|win|mr.matsumoto1\n|raw|mr.matsumoto1's rating: 1000 &rarr; <strong>1044</strong><br />(+44 for winning)\n|raw|919evo's rating: 1036 &rarr; <strong>1019</strong><br />(-17 for losing)\n",
  "uploadtime": 1776054530,
  "views": 9,
  "formatid": "gen9championsvgc2026regma",
  "rating": 1019,
  "private": 0,
  "password": null
}