{
  "id": "gen9championsvgc2026regma-2587632037",
  "format": "[Gen 9 Champions] VGC 2026 Reg M-A",
  "players": [
    "TTT x",
    "Yegorushhka"
  ],
  "log": "|j|\u2606TTT x\n|j|\u2606Yegorushhka\n|html|<table width=\"100%\"><tr><td align=\"left\">TTT x</td><td align=\"right\">Yegorushhka</tr><tr><td align=\"left\"><i class=\"fa fa-circle\"></i> <i class=\"fa fa-circle-o\"></i> </td><td align=\"right\"><i class=\"fa fa-circle-o\"></i> <i class=\"fa fa-circle-o\"></i> </tr></table>\n|uhtml|bestof|<h2><strong>Game 2</strong> of <a href=\"/game-bestof3-gen9championsvgc2026regma-2587628828\">a best-of-3</a></h2>\n|t:|1776548704\n|gametype|doubles\n|player|p1|TTT x|#smogonxnpa2025draftee|\n|player|p2|Yegorushhka|may-masters2|\n|gen|9\n|tier|[Gen 9 Champions] VGC 2026 Reg M-A\n|rated|Tournament battle\n|rule|Species Clause: Limit one of each Pok\u00e9mon\n|rule|Item Clause: Limit 1 of each item\n|raw|<div class=\"infobox\"><details class=\"readmore\" open><summary><strong>2 custom rules:</strong></summary> Force Open Team Sheets, Best of = 3</details></div>\n|clearpoke\n|poke|p1|Archaludon, L50, M|\n|poke|p1|Scovillain, L50, F|\n|poke|p1|Sinistcha, L50|\n|poke|p1|Pelipper, L50, M|\n|poke|p1|Scizor, L50, F|\n|poke|p1|Incineroar, L50, F|\n|poke|p2|Kommo-o, L50, F|\n|poke|p2|Floette-Eternal, L50, F|\n|poke|p2|Whimsicott, L50, F|\n|poke|p2|Sinistcha, L50, shiny|\n|poke|p2|Sneasler, L50, F|\n|poke|p2|Corviknight, L50, M, shiny|\n|teampreview|4\n|showteam|p1|Archaludon||Leftovers|Stamina|ElectroShot,DragonPulse,Snarl,Protect|||M|||50|]Scovillain||Scovillainite|Moody|Overheat,LeechSeed,RagePowder,Protect|||F|||50|]Sinistcha||KasibBerry|Hospitality|ShadowBall,LifeDew,RagePowder,Protect||||||50|]Pelipper||SitrusBerry|Drizzle|WeatherBall,Tailwind,RainDance,Protect|||M|||50|]Scizor||Scizorite|Technician|BulletPunch,BugBite,SwordsDance,Protect|||F|||50|]Incineroar||ChopleBerry|Intimidate|FakeOut,FlareBlitz,WillOWisp,PartingShot|||F|||50|\n|showteam|p2|Kommo-o||DragonFang|Overcoat|ClangingScales,AuraSphere,ClangorousSoul,Protect|||F|||50|]Floette-Eternal||Floettite|FlowerVeil|LightofRuin,DazzlingGleam,Moonblast,Protect|||F|||50|]Whimsicott||KebiaBerry|Prankster|Moonblast,Tailwind,Encore,Protect|||F|||50|]Sinistcha||SitrusBerry|Hospitality|RagePowder,MatchaGotcha,TrickRoom,Protect||||||50|]Sneasler||FocusSash|PoisonTouch|DireClaw,CloseCombat,FakeOut,Coaching|||F|||50|]Corviknight||Leftovers|MirrorArmor|BraveBird,BodyPress,BulkUp,Roost|||M|||50|\n|inactive|Battle timer is ON: inactive players will automatically lose when time's up. (requested by Yegorushhka)\n|j| anderoid\n|inactive|Yegorushhka has 60 seconds left.\n|\n|t:|1776548753\n|teamsize|p1|4\n|teamsize|p2|4\n|start\n|switch|p1a: Scovillain|Scovillain, L50, F|100/100\n|switch|p1b: Incineroar|Incineroar, L50, F|100/100\n|switch|p2a: Floette|Floette-Eternal, L50, F|100/100\n|switch|p2b: Sinistcha|Sinistcha, L50, shiny|100/100\n|-ability|p1b: Incineroar|Intimidate|boost\n|-unboost|p2a: Floette|atk|1\n|-block|p2b: Sinistcha|ability: Flower Veil|[of] p2a: Floette\n|turn|1\n|\n|t:|1776548769\n|switch|p1b: Scizor|Scizor, L50, F|100/100\n|detailschange|p2a: Floette|Floette-Mega, L50, F\n|-mega|p2a: Floette|Floette|Floettite\n|-ability|p2a: Floette|Fairy Aura\n|detailschange|p1a: Scovillain|Scovillain-Mega, L50, F\n|-mega|p1a: Scovillain|Scovillain|Scovillainite\n|move|p2b: Sinistcha|Rage Powder|p2b: Sinistcha\n|-singleturn|p2b: Sinistcha|move: Rage Powder\n|move|p2a: Floette|Light of Ruin|p1b: Scizor\n|-resisted|p1b: Scizor|1\n|-damage|p1b: Scizor|43/100\n|-damage|p2a: Floette|68/100|[from] Recoil\n|move|p1a: Scovillain|Overheat|p2b: Sinistcha\n|-supereffective|p2b: Sinistcha|1\n|-damage|p2b: Sinistcha|0 fnt\n|-unboost|p1a: Scovillain|spa|2\n|faint|p2b: Sinistcha\n|\n|upkeep\n|\n|t:|1776548785\n|switch|p2b: Sneasler|Sneasler, L50, F|100/100\n|turn|2\n|j| porygon-epilepz\n|\n|t:|1776548803\n|switch|p2a: Kommo-o|Kommo-o, L50, F|100/100\n|switch|p1a: Incineroar|Incineroar, L50, F|100/100\n|-ability|p1a: Incineroar|Intimidate|boost\n|-unboost|p2a: Kommo-o|atk|1\n|-unboost|p2b: Sneasler|atk|1\n|move|p1b: Scizor|Protect|p1b: Scizor\n|-singleturn|p1b: Scizor|Protect\n|move|p2b: Sneasler|Dire Claw|p1a: Incineroar\n|-damage|p1a: Incineroar|72/100\n|\n|upkeep\n|turn|3\n|\n|t:|1776548824\n|move|p1a: Incineroar|Fake Out|p2a: Kommo-o\n|-damage|p2a: Kommo-o|89/100\n|move|p2b: Sneasler|Close Combat|p1b: Scizor\n|-damage|p1b: Scizor|2/100\n|-unboost|p2b: Sneasler|def|1\n|-unboost|p2b: Sneasler|spd|1\n|cant|p2a: Kommo-o|flinch\n|move|p1b: Scizor|Swords Dance|p1b: Scizor\n|-boost|p1b: Scizor|atk|2\n|\n|upkeep\n|turn|4\n|inactive|Yegorushhka has 30 seconds left.\n|inactive|Yegorushhka has 20 seconds left.\n|\n|t:|1776548861\n|switch|p1a: Sinistcha|Sinistcha, L50|100/100\n|-heal|p1b: Scizor|27/100|[from] ability: Hospitality|[of] p1a: Sinistcha\n|move|p1b: Scizor|Bullet Punch|p2b: Sneasler\n|-enditem|p2b: Sneasler|Focus Sash\n|-damage|p2b: Sneasler|1/100\n|move|p2b: Sneasler|Close Combat|p1a: Sinistcha\n|-immune|p1a: Sinistcha\n|move|p2a: Kommo-o|Clanging Scales|p1a: Sinistcha|[spread] p1a,p1b\n|-resisted|p1b: Scizor|1\n|-damage|p1a: Sinistcha|56/100\n|-damage|p1b: Scizor|4/100\n|-unboost|p2a: Kommo-o|def|1\n|\n|upkeep\n|turn|5\n|inactive|TTT x has 30 seconds left.\n|\n|t:|1776548886\n|move|p1a: Sinistcha|Rage Powder|p1a: Sinistcha\n|-singleturn|p1a: Sinistcha|move: Rage Powder\n|move|p1b: Scizor|Bullet Punch|p2a: Kommo-o\n|-damage|p2a: Kommo-o|5/100\n|move|p2b: Sneasler|Dire Claw|p1a: Sinistcha\n|-damage|p1a: Sinistcha|34/100\n|-status|p1a: Sinistcha|psn|[from] ability: Poison Touch|[of] p2b: Sneasler\n|move|p2a: Kommo-o|Clanging Scales|p1a: Sinistcha|[spread] p1a,p1b\n|-resisted|p1b: Scizor|1\n|-damage|p1a: Sinistcha|0 fnt\n|-damage|p1b: Scizor|0 fnt\n|faint|p1a: Sinistcha\n|faint|p1b: Scizor\n|-unboost|p2a: Kommo-o|def|1\n|\n|upkeep\n|\n|t:|1776548891\n|switch|p1b: Scovillain|Scovillain-Mega, L50, F|100/100\n|switch|p1a: Incineroar|Incineroar, L50, F|72/100\n|-ability|p1a: Incineroar|Intimidate|boost\n|-unboost|p2a: Kommo-o|atk|1\n|-unboost|p2b: Sneasler|atk|1\n|turn|6\n|\n|t:|1776548918\n|switch|p2b: Floette|Floette-Mega, L50, F|68/100\n|-ability|p2b: Floette|Fairy Aura\n|move|p2a: Kommo-o|Protect|p2a: Kommo-o\n|-singleturn|p2a: Kommo-o|Protect\n|move|p1a: Incineroar|Fake Out|p2b: Floette\n|-damage|p2b: Floette|54/100\n|move|p1b: Scovillain|Overheat|p2a: Kommo-o\n|-activate|p2a: Kommo-o|move: Protect\n|\n|upkeep\n|turn|7\n|\n|t:|1776548929\n|move|p2b: Floette|Moonblast|p1a: Incineroar\n|-damage|p1a: Incineroar|18/100\n|move|p2a: Kommo-o|Clanging Scales|p1a: Incineroar|[spread] p1a,p1b\n|-damage|p1a: Incineroar|0 fnt\n|-damage|p1b: Scovillain|53/100\n|-status|p2a: Kommo-o|brn|[from] ability: Spicy Spray|[of] p1b: Scovillain\n|faint|p1a: Incineroar\n|-unboost|p2a: Kommo-o|def|1\n|move|p1b: Scovillain|Leech Seed|p2b: Floette\n|-start|p2b: Floette|move: Leech Seed\n|\n|-damage|p2b: Floette|42/100|[from] Leech Seed|[of] p1b: Scovillain\n|-heal|p1b: Scovillain|65/100|[silent]\n|-damage|p2a: Kommo-o|0 fnt|[from] brn\n|faint|p2a: Kommo-o\n|upkeep\n|\n|t:|1776548931\n|switch|p2a: Sneasler|Sneasler, L50, F|1/100\n|turn|8\n|j| flamingfearow2\n|\n|t:|1776548943\n|move|p1b: Scovillain|Protect|p1b: Scovillain\n|-singleturn|p1b: Scovillain|Protect\n|move|p2a: Sneasler|Fake Out|p1b: Scovillain\n|-activate|p1b: Scovillain|move: Protect\n|move|p2b: Floette|Moonblast|p1b: Scovillain\n|-activate|p1b: Scovillain|move: Protect\n|\n|-damage|p2b: Floette|30/100|[from] Leech Seed|[of] p1b: Scovillain\n|-heal|p1b: Scovillain|76/100|[silent]\n|upkeep\n|turn|9\n|\n|t:|1776548948\n|move|p1b: Scovillain|Protect||[still]\n|-fail|p1b: Scovillain\n|move|p2a: Sneasler|Dire Claw|p1b: Scovillain\n|-supereffective|p1b: Scovillain|1\n|-crit|p1b: Scovillain\n|-damage|p1b: Scovillain|0 fnt\n|-status|p2a: Sneasler|brn|[from] ability: Spicy Spray|[of] p1b: Scovillain\n|faint|p1b: Scovillain\n|\n|win|Yegorushhka\n|j|@Radio Free C-Side\n|l|\u2606TTT x\n|player|p1|\n|l|@Radio Free C-Side\n||Yegorushhka is ready for game 3.\n",
  "uploadtime": 1776548792,
  "views": 36,
  "formatid": "gen9championsvgc2026regma",
  "rating": null,
  "private": 0,
  "password": null
}