{
  "id": "gen9championsvgc2026regma-2587778205",
  "format": "[Gen 9 Champions] VGC 2026 Reg M-A",
  "players": [
    "Beyond.for.mega \u771f\u65b0",
    "no1.pokemon"
  ],
  "log": "|j|\u2606Beyond.for.mega \u771f\u65b0\n|j|\u2606no1.pokemon\n|t:|1776563051\n|gametype|doubles\n|player|p1|Beyond.for.mega \u771f\u65b0|red|1327\n|player|p2|no1.pokemon|alec-anime|1239\n|gen|9\n|tier|[Gen 9 Champions] VGC 2026 Reg M-A\n|rated|\n|rule|Species Clause: Limit one of each Pok\u00e9mon\n|rule|Item Clause: Limit 1 of each item\n|clearpoke\n|poke|p1|Charizard, L50, M|\n|poke|p1|Whimsicott, L50, F|\n|poke|p1|Venusaur, L50, M|\n|poke|p1|Incineroar, L50, M|\n|poke|p1|Sneasler, L50, M|\n|poke|p1|Garchomp, L50, M|\n|poke|p2|Garchomp, L50, M|\n|poke|p2|Whimsicott, L50, F, shiny|\n|poke|p2|Incineroar, L50, F, shiny|\n|poke|p2|Charizard, L50, M, shiny|\n|poke|p2|Venusaur, L50, M|\n|poke|p2|Sneasler, L50, M|\n|teampreview|4\n|inactive|Battle timer is ON: inactive players will automatically lose when time's up. (requested by no1.pokemon)\n|c|\u2606no1.pokemon|wow\n|\n|t:|1776563076\n|teamsize|p1|4\n|teamsize|p2|4\n|start\n|switch|p1a: \u72c3|Sneasler, L50, M|100/100\n|switch|p1b: \u68c9|Whimsicott, L50, F|100/100\n|switch|p2a: Sneasler|Sneasler, L50, M|100/100\n|switch|p2b: Whimsicott|Whimsicott, L50, F, shiny|100/100\n|turn|1\n|\n|t:|1776563086\n|move|p1a: \u72c3|Fake Out|p2b: Whimsicott\n|-damage|p2b: Whimsicott|81/100\n|move|p2a: Sneasler|Fake Out|p1b: \u68c9\n|-damage|p1b: \u68c9|86/100\n|cant|p2b: Whimsicott|flinch\n|cant|p1b: \u68c9|flinch\n|\n|upkeep\n|turn|2\n|\n|t:|1776563102\n|switch|p1a: \u55b7|Charizard, L50, M|100/100\n|move|p2b: Whimsicott|Encore||[still]\n|-fail|p2b: Whimsicott\n|move|p1b: \u68c9|Encore|p2a: Sneasler\n|-start|p2a: Sneasler|Encore\n|move|p2a: Sneasler|Fake Out||[still]\n|-hint|Fake Out only works on your first turn out.\n|-fail|p2a: Sneasler\n|\n|upkeep\n|turn|3\n|\n|t:|1776563122\n|switch|p2a: Garchomp|Garchomp, L50, M|100/100\n|detailschange|p1a: \u55b7|Charizard-Mega-Y, L50, M\n|-mega|p1a: \u55b7|Charizard|Charizardite Y\n|-weather|SunnyDay|[from] ability: Drought|[of] p1a: \u55b7\n|move|p2b: Whimsicott|Tailwind|p2b: Whimsicott\n|-sidestart|p2: no1.pokemon|move: Tailwind\n|move|p1b: \u68c9|Tailwind|p1b: \u68c9\n|-sidestart|p1: Beyond.for.mega \u771f\u65b0|move: Tailwind\n|move|p1a: \u55b7|Heat Wave|p2a: Garchomp|[spread] p2a,p2b\n|-resisted|p2a: Garchomp|1\n|-supereffective|p2b: Whimsicott|1\n|-damage|p2a: Garchomp|63/100\n|-damage|p2b: Whimsicott|0 fnt\n|faint|p2b: Whimsicott\n|\n|-weather|SunnyDay|[upkeep]\n|upkeep\n|\n|t:|1776563136\n|switch|p2b: Sneasler|Sneasler, L50, M|100/100\n|turn|4\n|\n|t:|1776563143\n|move|p1a: \u55b7|Protect|p1a: \u55b7\n|-singleturn|p1a: \u55b7|Protect\n|move|p2b: Sneasler|Fake Out|p1b: \u68c9\n|-damage|p1b: \u68c9|72/100\n|move|p2a: Garchomp|Rock Slide|p1a: \u55b7|[spread] p1b\n|-activate|p1a: \u55b7|move: Protect\n|-damage|p1b: \u68c9|54/100\n|cant|p1b: \u68c9|flinch\n|\n|-weather|SunnyDay|[upkeep]\n|upkeep\n|turn|5\n|\n|t:|1776563166\n|switch|p1a: \u9ca8|Garchomp, L50, M|100/100\n|move|p2a: Garchomp|Rock Slide|p1a: \u9ca8|[spread] p1a,p1b\n|-resisted|p1a: \u9ca8|1\n|-damage|p1a: \u9ca8|91/100\n|-damage|p1b: \u68c9|38/100\n|-enditem|p1b: \u68c9|Sitrus Berry|[eat]\n|-heal|p1b: \u68c9|63/100|[from] item: Sitrus Berry\n|move|p2b: Sneasler|Dire Claw|p1b: \u68c9\n|-supereffective|p1b: \u68c9|2\n|-damage|p1b: \u68c9|0 fnt\n|faint|p1b: \u68c9\n|\n|-weather|SunnyDay|[upkeep]\n|upkeep\n|\n|t:|1776563181\n|switch|p1b: \u72c3|Sneasler, L50, M|100/100\n|turn|6\n|\n|t:|1776563188\n|switch|p2a: Charizard|Charizard, L50, M, shiny|100/100\n|move|p2b: Sneasler|Protect|p2b: Sneasler\n|-singleturn|p2b: Sneasler|Protect\n|move|p1b: \u72c3|Fake Out|p2b: Sneasler\n|-activate|p2b: Sneasler|move: Protect\n|move|p1a: \u9ca8|Breaking Swipe|p2b: Sneasler|[spread] p2a\n|-activate|p2b: Sneasler|move: Protect\n|-damage|p2a: Charizard|64/100\n|-unboost|p2a: Charizard|atk|1\n|\n|-weather|SunnyDay|[upkeep]\n|-damage|p2a: Charizard|51/100|[from] ability: Solar Power|[of] p2a: Charizard\n|-sideend|p1: Beyond.for.mega \u771f\u65b0|move: Tailwind\n|-sideend|p2: no1.pokemon|move: Tailwind\n|upkeep\n|turn|7\n|\n|t:|1776563203\n|detailschange|p2a: Charizard|Charizard-Mega-Y, L50, M, shiny\n|-mega|p2a: Charizard|Charizard|Charizardite Y\n|move|p1a: \u9ca8|Breaking Swipe|p2a: Charizard|[spread] p2a,p2b\n|-damage|p2a: Charizard|14/100\n|-damage|p2b: Sneasler|56/100\n|-unboost|p2a: Charizard|atk|1\n|-unboost|p2b: Sneasler|atk|1\n|-enditem|p2b: Sneasler|White Herb\n|-clearnegativeboost|p2b: Sneasler|[silent]\n|move|p2b: Sneasler|Close Combat|p1a: \u9ca8\n|-damage|p1a: \u9ca8|19/100\n|-unboost|p2b: Sneasler|def|1\n|-unboost|p2b: Sneasler|spd|1\n|-damage|p2b: Sneasler|44/100|[from] ability: Rough Skin|[of] p1a: \u9ca8\n|move|p1b: \u72c3|Close Combat|p2b: Sneasler\n|-resisted|p2b: Sneasler|1\n|-damage|p2b: Sneasler|0 fnt\n|-unboost|p1b: \u72c3|def|1\n|-unboost|p1b: \u72c3|spd|1\n|faint|p2b: Sneasler\n|-enditem|p1b: \u72c3|White Herb\n|-clearnegativeboost|p1b: \u72c3|[silent]\n|move|p2a: Charizard|Heat Wave|p1a: \u9ca8|[spread] p1a,p1b\n|-resisted|p1a: \u9ca8|1\n|-crit|p1a: \u9ca8\n|-damage|p1a: \u9ca8|0 fnt\n|-damage|p1b: \u72c3|15/100\n|faint|p1a: \u9ca8\n|\n|-weather|none\n|upkeep\n|\n|t:|1776563228\n|switch|p2b: Garchomp|Garchomp, L50, M|63/100\n|switch|p1a: \u55b7|Charizard-Mega-Y, L50, M|100/100\n|-weather|SunnyDay|[from] ability: Drought|[of] p1a: \u55b7\n|turn|8\n|\n|t:|1776563240\n|move|p1b: \u72c3|Close Combat|p2b: Garchomp\n|-damage|p2b: Garchomp|3/100\n|-unboost|p1b: \u72c3|def|1\n|-unboost|p1b: \u72c3|spd|1\n|-damage|p1b: \u72c3|2/100|[from] ability: Rough Skin|[of] p2b: Garchomp\n|move|p2b: Garchomp|Rock Slide|p1a: \u55b7|[spread] p1a,p1b\n|-supereffective|p1a: \u55b7|2\n|-resisted|p1b: \u72c3|1\n|-damage|p1a: \u55b7|9/100\n|-damage|p1b: \u72c3|0 fnt\n|faint|p1b: \u72c3\n|move|p2a: Charizard|Heat Wave|p1a: \u55b7|[miss]\n|-miss|p2a: Charizard|p1a: \u55b7\n|cant|p1a: \u55b7|flinch\n|\n|-weather|SunnyDay|[upkeep]\n|upkeep\n|turn|9\n|\n|t:|1776563259\n|move|p2b: Garchomp|Rock Slide|p1a: \u55b7\n|-supereffective|p1a: \u55b7|2\n|-damage|p1a: \u55b7|0 fnt\n|faint|p1a: \u55b7\n|\n|win|no1.pokemon\n|raw|Beyond.for.mega \u771f\u65b0's rating: 1327 &rarr; <strong>1303</strong><br />(-24 for losing)\n|raw|no1.pokemon's rating: 1264 &rarr; <strong>1293</strong><br />(+29 for winning)\n",
  "uploadtime": 1776563264,
  "views": 15,
  "formatid": "gen9championsvgc2026regma",
  "rating": 1293,
  "private": 0,
  "password": null
}