{
  "id": "gen9championsvgc2026regma-2581274035",
  "format": "[Gen 9 Champions] VGC 2026 Reg M-A",
  "players": [
    "Germanie",
    "Zappyzap01"
  ],
  "log": "|badge|p1|bronze|gen9ubers|100-9\n|uhtml|medal-msg|<div class=\"broadcast-blue\">Curious what those medals under the avatar are? PS now has Ladder Seasons! For more information, check out the <a href=\"https://www.smogon.com/forums/threads/3740067/\">thread on Smogon.</a></div>\n|j|\u2606Germanie\n|j|\u2606Zappyzap01\n|t:|1775979730\n|gametype|doubles\n|player|p1|Germanie|2|1246\n|player|p2|Zappyzap01|benga|1374\n|gen|9\n|tier|[Gen 9 Champions] VGC 2026 Reg M-A\n|rated|\n|rule|Species Clause: Limit one of each Pok\u00e9mon\n|rule|Item Clause: Limit 1 of each item\n|clearpoke\n|poke|p1|Orthworm, L50, M|\n|poke|p1|Basculegion, L50, M|\n|poke|p1|Incineroar, L50, M|\n|poke|p1|Rotom-Frost, L50|\n|poke|p1|Froslass, L50, F|\n|poke|p1|Garchomp, L50, M|\n|poke|p2|Sylveon, L50, F|\n|poke|p2|Camerupt, L50, M|\n|poke|p2|Sableye, L50, M|\n|poke|p2|Oranguru, L50, M|\n|poke|p2|Torkoal, L50, M|\n|poke|p2|Meganium, L50, F|\n|teampreview|4\n|j| H4irashi\n|inactive|Battle timer is ON: inactive players will automatically lose when time's up. (requested by Germanie)\n|\n|t:|1775979747\n|teamsize|p1|4\n|teamsize|p2|4\n|start\n|switch|p1a: Garchomp|Garchomp, L50, M|100/100\n|switch|p1b: Orthworm|Orthworm, L50, M|100/100\n|switch|p2a: Oranguru|Oranguru, L50, M, shiny|100/100\n|switch|p2b: Sylveon|Sylveon, L50, F, shiny|100/100\n|turn|1\n|\n|t:|1775979755\n|move|p1a: Garchomp|Earthquake|p2a: Oranguru|[spread] p2a,p2b\n|-immune|p1b: Orthworm|[from] ability: Earth Eater\n|-damage|p2a: Oranguru|70/100\n|-damage|p2b: Sylveon|53/100\n|move|p1b: Orthworm|Heavy Slam|p2b: Sylveon\n|-supereffective|p2b: Sylveon|1\n|-damage|p2b: Sylveon|0 fnt\n|faint|p2b: Sylveon\n|move|p2a: Oranguru|Trick Room|p2a: Oranguru\n|-fieldstart|move: Trick Room|[of] p2a: Oranguru\n|\n|upkeep\n|j| gE1xjZRtuhW2DdT0AK\n|\n|t:|1775979768\n|switch|p2b: Torkoal|Torkoal, L50, M, shiny|100/100\n|-weather|SunnyDay|[from] ability: Drought|[of] p2b: Torkoal\n|turn|2\n|\n|t:|1775979779\n|move|p1a: Garchomp|Protect|p1a: Garchomp\n|-singleturn|p1a: Garchomp|Protect\n|move|p2b: Torkoal|Eruption|p1b: Orthworm|[spread] p1b\n|-activate|p1a: Garchomp|move: Protect\n|-supereffective|p1b: Orthworm|1\n|-damage|p1b: Orthworm|0 fnt\n|faint|p1b: Orthworm\n|move|p2a: Oranguru|Instruct|p2b: Torkoal\n|-singleturn|p2b: Torkoal|move: Instruct|[of] p2a: Oranguru\n|move|p2b: Torkoal|Eruption|p1a: Garchomp\n|-activate|p1a: Garchomp|move: Protect\n|\n|-weather|SunnyDay|[upkeep]\n|upkeep\n|\n|t:|1775979787\n|switch|p1b: Froslass|Froslass, L50, F|100/100\n|turn|3\n|\n|t:|1775979798\n|detailschange|p1b: Froslass|Froslass-Mega, L50, F\n|-mega|p1b: Froslass|Froslass|Froslassite\n|-weather|Snowscape|[from] ability: Snow Warning|[of] p1b: Froslass\n|move|p1b: Froslass|Protect|p1b: Froslass\n|-singleturn|p1b: Froslass|Protect\n|move|p2b: Torkoal|Eruption|p1b: Froslass|[spread] p1a\n|-activate|p1b: Froslass|move: Protect\n|-resisted|p1a: Garchomp|1\n|-damage|p1a: Garchomp|66/100\n|move|p2a: Oranguru|Instruct|p2b: Torkoal\n|-singleturn|p2b: Torkoal|move: Instruct|[of] p2a: Oranguru\n|move|p2b: Torkoal|Eruption|p1a: Garchomp|[spread] p1a\n|-activate|p1b: Froslass|move: Protect\n|-resisted|p1a: Garchomp|1\n|-damage|p1a: Garchomp|35/100\n|move|p1a: Garchomp|Rock Slide|p2a: Oranguru|[spread] p2a,p2b\n|-supereffective|p2b: Torkoal|1\n|-damage|p2a: Oranguru|55/100\n|-damage|p2b: Torkoal|69/100\n|\n|-weather|Snowscape|[upkeep]\n|upkeep\n|turn|4\n|inactive|Germanie has 30 seconds left.\n|\n|t:|1775979831\n|switch|p1b: Basculegion|Basculegion, L50, M|100/100\n|move|p1a: Garchomp|Protect|p1a: Garchomp\n|-singleturn|p1a: Garchomp|Protect\n|move|p2b: Torkoal|Eruption|p1a: Garchomp|[spread] p1b\n|-activate|p1a: Garchomp|move: Protect\n|-resisted|p1b: Basculegion|1\n|-damage|p1b: Basculegion|78/100\n|move|p2a: Oranguru|Instruct|p2b: Torkoal\n|-singleturn|p2b: Torkoal|move: Instruct|[of] p2a: Oranguru\n|move|p2b: Torkoal|Eruption|p1a: Garchomp|[spread] p1b\n|-activate|p1a: Garchomp|move: Protect\n|-resisted|p1b: Basculegion|1\n|-damage|p1b: Basculegion|57/100\n|\n|-weather|Snowscape|[upkeep]\n|upkeep\n|turn|5\n|inactive|Zappyzap01 has 30 seconds left.\n|\n|t:|1775979858\n|move|p2b: Torkoal|Weather Ball|p1a: Garchomp\n|-supereffective|p1a: Garchomp|2\n|-damage|p1a: Garchomp|0 fnt\n|faint|p1a: Garchomp\n|move|p2a: Oranguru|Instruct|p2b: Torkoal\n|-singleturn|p2b: Torkoal|move: Instruct|[of] p2a: Oranguru\n|move|p2b: Torkoal|Weather Ball|p1b: Basculegion\n|-resisted|p1b: Basculegion|1\n|-damage|p1b: Basculegion|42/100\n|move|p1b: Basculegion|Flip Turn|p2b: Torkoal\n|-supereffective|p2b: Torkoal|1\n|-damage|p2b: Torkoal|15/100\n|\n|t:|1775979866\n|switch|p1b: Froslass|Froslass-Mega, L50, F|100/100|[from] Flip Turn\n|\n|-weather|Snowscape|[upkeep]\n|-fieldend|move: Trick Room\n|upkeep\n|\n|t:|1775979868\n|switch|p1a: Basculegion|Basculegion, L50, M|42/100\n|turn|6\n|\n|t:|1775979879\n|move|p1a: Basculegion|Wave Crash|p2a: Oranguru\n|-damage|p2a: Oranguru|0 fnt\n|faint|p2a: Oranguru\n|-damage|p1a: Basculegion|24/100|[from] Recoil\n|move|p1b: Froslass|Blizzard|p2b: Torkoal\n|-resisted|p2b: Torkoal|1\n|-damage|p2b: Torkoal|0 fnt\n|faint|p2b: Torkoal\n|\n|-weather|Snowscape|[upkeep]\n|upkeep\n|\n|t:|1775979889\n|switch|p2b: Camerupt|Camerupt, L50, M, shiny|100/100\n|turn|7\n|\n|t:|1775979896\n|detailschange|p2b: Camerupt|Camerupt-Mega, L50, M, shiny\n|-mega|p2b: Camerupt|Camerupt|Cameruptite\n|move|p1a: Basculegion|Wave Crash|p2b: Camerupt\n|-supereffective|p2b: Camerupt|2\n|-damage|p2b: Camerupt|0 fnt\n|faint|p2b: Camerupt\n|-damage|p1a: Basculegion|0 fnt|[from] Recoil\n|faint|p1a: Basculegion\n|\n|win|Germanie\n|raw|Germanie's rating: 1246 &rarr; <strong>1280</strong><br />(+34 for winning)\n|raw|Zappyzap01's rating: 1374 &rarr; <strong>1347</strong><br />(-27 for losing)\n|l|\u2606Zappyzap01\n|player|p2|\n|l|\u2606Germanie\n|player|p1|\n",
  "uploadtime": 1775979938,
  "views": 19,
  "formatid": "gen9championsvgc2026regma",
  "rating": 1280,
  "private": 0,
  "password": null
}