{
  "id": "gen9championsvgc2026regma-2587604480",
  "format": "[Gen 9 Champions] VGC 2026 Reg M-A",
  "players": [
    "Cabin6",
    "leaveamessage"
  ],
  "log": "|j|\u2606Cabin6\n|j|\u2606leaveamessage\n|t:|1776546219\n|gametype|doubles\n|player|p1|Cabin6|roxie|1470\n|player|p2|leaveamessage|red-masters|1391\n|gen|9\n|tier|[Gen 9 Champions] VGC 2026 Reg M-A\n|rated|\n|rule|Species Clause: Limit one of each Pok\u00e9mon\n|rule|Item Clause: Limit 1 of each item\n|clearpoke\n|poke|p1|Delphox, L50, F|\n|poke|p1|Kingambit, L50, F|\n|poke|p1|Sneasler, L50, M|\n|poke|p1|Dragonite, L50, M|\n|poke|p1|Clefable, L50, F|\n|poke|p1|Basculegion, L50, M|\n|poke|p2|Aerodactyl, L50, M|\n|poke|p2|Floette-Eternal, L50, F|\n|poke|p2|Sneasler, L50, F, shiny|\n|poke|p2|Basculegion, L50, M|\n|poke|p2|Kingambit, L50, M, shiny|\n|poke|p2|Meganium, L50, F|\n|teampreview|4\n|inactive|Battle timer is ON: inactive players will automatically lose when time's up. (requested by leaveamessage)\n|inactive|leaveamessage has 60 seconds left.\n|\n|t:|1776546263\n|teamsize|p1|4\n|teamsize|p2|4\n|start\n|switch|p1a: Aaron's Legion|Basculegion, L50, M|100/100\n|switch|p1b: Foxpii's Blessing|Delphox, L50, F|100/100\n|switch|p2a: Sneasler|Sneasler, L50, F, shiny|100/100\n|switch|p2b: Aerodactyl|Aerodactyl, L50, M|100/100\n|-ability|p2b: Aerodactyl|Unnerve\n|turn|1\n|\n|t:|1776546282\n|detailschange|p1b: Foxpii's Blessing|Delphox-Mega, L50, F\n|-mega|p1b: Foxpii's Blessing|Delphox|Delphoxite\n|move|p1b: Foxpii's Blessing|Protect|p1b: Foxpii's Blessing\n|-singleturn|p1b: Foxpii's Blessing|Protect\n|move|p2a: Sneasler|Fake Out|p1b: Foxpii's Blessing\n|-activate|p1b: Foxpii's Blessing|move: Protect\n|move|p1a: Aaron's Legion|Flip Turn|p2b: Aerodactyl\n|-supereffective|p2b: Aerodactyl|1\n|-enditem|p2b: Aerodactyl|Focus Sash\n|-damage|p2b: Aerodactyl|1/100\n|\n|t:|1776546292\n|switch|p1a: Abdur's Aura|Sneasler, L50, M|100/100|[from] Flip Turn\n|move|p2b: Aerodactyl|Tailwind|p2b: Aerodactyl\n|-sidestart|p2: leaveamessage|move: Tailwind\n|\n|upkeep\n|turn|2\n|\n|t:|1776546307\n|move|p2b: Aerodactyl|Protect|p2b: Aerodactyl\n|-singleturn|p2b: Aerodactyl|Protect\n|move|p1a: Abdur's Aura|Fake Out|p2b: Aerodactyl\n|-activate|p2b: Aerodactyl|move: Protect\n|move|p2a: Sneasler|Coaching|p2b: Aerodactyl\n|-boost|p2b: Aerodactyl|atk|1\n|-boost|p2b: Aerodactyl|def|1\n|move|p1b: Foxpii's Blessing|Substitute|p1b: Foxpii's Blessing\n|-start|p1b: Foxpii's Blessing|Substitute\n|-damage|p1b: Foxpii's Blessing|76/100\n|\n|upkeep\n|turn|3\n|\n|t:|1776546330\n|switch|p1a: Clefable|Clefable, L50, F|100/100\n|move|p1b: Foxpii's Blessing|Protect|p1b: Foxpii's Blessing\n|-singleturn|p1b: Foxpii's Blessing|Protect\n|move|p2b: Aerodactyl|Dual Wingbeat|p1a: Clefable\n|-damage|p1a: Clefable|84/100\n|-damage|p1a: Clefable|70/100\n|-hitcount|p1a: Clefable|2\n|move|p2a: Sneasler|Dire Claw|p1b: Foxpii's Blessing\n|-activate|p1b: Foxpii's Blessing|move: Protect\n|\n|upkeep\n|turn|4\n|\n|t:|1776546348\n|move|p1a: Clefable|Follow Me|p1a: Clefable\n|-singleturn|p1a: Clefable|move: Follow Me\n|move|p2b: Aerodactyl|Rock Slide|p1a: Clefable|[spread] p1a,p1b\n|-supereffective|p1b: Foxpii's Blessing|1\n|-end|p1b: Foxpii's Blessing|Substitute\n|-damage|p1a: Clefable|50/100\n|move|p2a: Sneasler|Dire Claw|p1a: Clefable\n|-supereffective|p1a: Clefable|1\n|-damage|p1a: Clefable|0 fnt\n|faint|p1a: Clefable\n|move|p1b: Foxpii's Blessing|Heat Wave|p2b: Aerodactyl|[spread] p2a,p2b\n|-resisted|p2b: Aerodactyl|1\n|-damage|p2a: Sneasler|37/100\n|-damage|p2b: Aerodactyl|0 fnt\n|faint|p2b: Aerodactyl\n|\n|-sideend|p2: leaveamessage|move: Tailwind\n|upkeep\n|\n|t:|1776546373\n|switch|p2b: Floette|Floette-Eternal, L50, F|100/100\n|switch|p1a: Abdur's Aura|Sneasler, L50, M|100/100\n|turn|5\n|\n|t:|1776546385\n|detailschange|p2b: Floette|Floette-Mega, L50, F\n|-mega|p2b: Floette|Floette|Floettite\n|-ability|p2b: Floette|Fairy Aura\n|move|p2b: Floette|Protect|p2b: Floette\n|-singleturn|p2b: Floette|Protect\n|move|p1a: Abdur's Aura|Fake Out|p2a: Sneasler\n|-damage|p2a: Sneasler|20/100\n|move|p1b: Foxpii's Blessing|Substitute|p1b: Foxpii's Blessing\n|-start|p1b: Foxpii's Blessing|Substitute\n|-damage|p1b: Foxpii's Blessing|51/100\n|cant|p2a: Sneasler|flinch\n|\n|upkeep\n|turn|6\n|inactive|leaveamessage has 30 seconds left.\n|\n|t:|1776546410\n|move|p1b: Foxpii's Blessing|Heat Wave|p2b: Floette|[spread] p2a,p2b\n|-damage|p2a: Sneasler|0 fnt\n|-damage|p2b: Floette|72/100\n|faint|p2a: Sneasler\n|move|p1a: Abdur's Aura|Dire Claw|p2b: Floette\n|-supereffective|p2b: Floette|1\n|-damage|p2b: Floette|2/100\n|move|p2b: Floette|Dazzling Gleam|p1a: Abdur's Aura|[spread] p1a,p1b\n|-resisted|p1b: Foxpii's Blessing|1\n|-activate|p1b: Foxpii's Blessing|move: Substitute|[damage]\n|-damage|p1a: Abdur's Aura|42/100\n|\n|upkeep\n|\n|t:|1776546421\n|switch|p2a: Kingambit|Kingambit, L50, M, shiny|100/100\n|turn|7\n|\n|t:|1776546437\n|switch|p1a: Aaron's Legion|Basculegion, L50, M|100/100\n|move|p1b: Foxpii's Blessing|Protect|p1b: Foxpii's Blessing\n|-singleturn|p1b: Foxpii's Blessing|Protect\n|move|p2a: Kingambit|Sucker Punch||[still]\n|-fail|p2a: Kingambit\n|move|p2b: Floette|Dazzling Gleam|p1a: Aaron's Legion|[spread] p1a\n|-activate|p1b: Foxpii's Blessing|move: Protect\n|-damage|p1a: Aaron's Legion|49/100\n|\n|upkeep\n|turn|8\n|\n|t:|1776546456\n|move|p2b: Floette|Protect|p2b: Floette\n|-singleturn|p2b: Floette|Protect\n|move|p1a: Aaron's Legion|Aqua Jet|p2b: Floette\n|-activate|p2b: Floette|move: Protect\n|move|p1b: Foxpii's Blessing|Heat Wave|p2b: Floette|[spread] p2a\n|-activate|p2b: Floette|move: Protect\n|-supereffective|p2a: Kingambit|1\n|-damage|p2a: Kingambit|15/100\n|move|p2a: Kingambit|Kowtow Cleave|p1a: Aaron's Legion\n|-supereffective|p1a: Aaron's Legion|1\n|-damage|p1a: Aaron's Legion|0 fnt\n|faint|p1a: Aaron's Legion\n|\n|upkeep\n|-message|leaveamessage forfeited.\n|\n|win|Cabin6\n|raw|Cabin6's rating: 1470 &rarr; <strong>1486</strong><br />(+16 for winning)\n|raw|leaveamessage's rating: 1391 &rarr; <strong>1375</strong><br />(-16 for losing)\n|l|\u2606leaveamessage\n|player|p2|\n",
  "uploadtime": 1776546474,
  "views": 28,
  "formatid": "gen9championsvgc2026regma",
  "rating": 1375,
  "private": 0,
  "password": null
}