{
  "id": "gen9championsvgc2026regma-2585871300",
  "format": "[Gen 9 Champions] VGC 2026 Reg M-A",
  "players": [
    "bonobobohemio",
    "JustJakeyVGC"
  ],
  "log": "|j|\u2606bonobobohemio\n|j|\u2606JustJakeyVGC\n|t:|1776377166\n|gametype|doubles\n|player|p1|bonobobohemio|blaine|1340\n|player|p2|JustJakeyVGC|102|1445\n|gen|9\n|tier|[Gen 9 Champions] VGC 2026 Reg M-A\n|rated|\n|rule|Species Clause: Limit one of each Pok\u00e9mon\n|rule|Item Clause: Limit 1 of each item\n|clearpoke\n|poke|p1|Garchomp, L50, M|\n|poke|p1|Tyranitar, L50, F|\n|poke|p1|Corviknight, L50, M|\n|poke|p1|Farigiraf, L50, F|\n|poke|p1|Meganium, L50, F|\n|poke|p1|Sneasler, L50, F|\n|poke|p2|Lopunny, L50, M|\n|poke|p2|Incineroar, L50, M|\n|poke|p2|Basculegion, L50, M|\n|poke|p2|Volcarona, L50, F|\n|poke|p2|Farigiraf, L50, F|\n|poke|p2|Drampa, L50, F|\n|teampreview|4\n|inactive|Battle timer is ON: inactive players will automatically lose when time's up. (requested by bonobobohemio)\n|inactive|bonobobohemio has 60 seconds left.\n|inactive|JustJakeyVGC has 60 seconds left.\n|inactive|JustJakeyVGC has 30 seconds left.\n|inactive|JustJakeyVGC has 20 seconds left.\n|inactive|JustJakeyVGC has 15 seconds left.\n|inactive|JustJakeyVGC has 10 seconds left.\n|\n|t:|1776377251\n|teamsize|p1|4\n|teamsize|p2|4\n|start\n|switch|p1a: Meganium|Meganium, L50, F|100/100\n|switch|p1b: Tyranitar|Tyranitar, L50, F|100/100\n|switch|p2a: Basculegion|Basculegion, L50, M|100/100\n|switch|p2b: Lopunny|Lopunny, L50, M|100/100\n|-weather|Sandstorm|[from] ability: Sand Stream|[of] p1b: Tyranitar\n|turn|1\n|\n|t:|1776377271\n|switch|p1b: Farigiraf|Farigiraf, L50, F|100/100\n|detailschange|p2b: Lopunny|Lopunny-Mega, L50, M\n|-mega|p2b: Lopunny|Lopunny|Lopunnite\n|detailschange|p1a: Meganium|Meganium-Mega, L50, F\n|-mega|p1a: Meganium|Meganium|Meganiumite\n|move|p2a: Basculegion|Flip Turn|p1b: Farigiraf\n|-damage|p1b: Farigiraf|69/100\n|\n|t:|1776377282\n|switch|p2a: Incineroar|Incineroar, L50, M|100/100|[from] Flip Turn\n|-ability|p2a: Incineroar|Intimidate|boost\n|-unboost|p1a: Meganium|atk|1\n|-unboost|p1b: Farigiraf|atk|1\n|move|p2b: Lopunny|Triple Axel|p1a: Meganium\n|-supereffective|p1a: Meganium|1\n|-damage|p1a: Meganium|87/100\n|-supereffective|p1a: Meganium|1\n|-crit|p1a: Meganium\n|-damage|p1a: Meganium|46/100\n|-supereffective|p1a: Meganium|1\n|-damage|p1a: Meganium|6/100\n|-hitcount|p1a: Meganium|3\n|move|p1a: Meganium|Dazzling Gleam|p2a: Incineroar|[spread] p2a,p2b\n|-supereffective|p2b: Lopunny|1\n|-damage|p2a: Incineroar|73/100\n|-damage|p2b: Lopunny|9/100\n|\n|-weather|Sandstorm|[upkeep]\n|-damage|p2b: Lopunny|3/100|[from] Sandstorm\n|-damage|p1a: Meganium|0 fnt|[from] Sandstorm\n|-damage|p2a: Incineroar|67/100|[from] Sandstorm\n|-damage|p1b: Farigiraf|63/100|[from] Sandstorm\n|faint|p1a: Meganium\n|upkeep\n|\n|t:|1776377296\n|switch|p1a: Corviknight|Corviknight, L50, M, shiny|100/100\n|turn|2\n|\n|t:|1776377320\n|move|p2b: Lopunny|Close Combat|p1b: Farigiraf\n|-damage|p1b: Farigiraf|9/100\n|-unboost|p2b: Lopunny|def|1\n|-unboost|p2b: Lopunny|spd|1\n|-enditem|p1b: Farigiraf|Sitrus Berry|[eat]\n|-heal|p1b: Farigiraf|33/100|[from] item: Sitrus Berry\n|move|p1a: Corviknight|Bulk Up|p1a: Corviknight\n|-boost|p1a: Corviknight|atk|1\n|-boost|p1a: Corviknight|def|1\n|move|p2a: Incineroar|Flare Blitz|p1a: Corviknight\n|-supereffective|p1a: Corviknight|1\n|-damage|p1a: Corviknight|53/100\n|-damage|p2a: Incineroar|51/100|[from] Recoil\n|move|p1b: Farigiraf|Trick Room|p1b: Farigiraf\n|-fieldstart|move: Trick Room|[of] p1b: Farigiraf\n|\n|-weather|Sandstorm|[upkeep]\n|-damage|p2a: Incineroar|45/100|[from] Sandstorm\n|-damage|p1b: Farigiraf|28/100|[from] Sandstorm\n|-damage|p2b: Lopunny|0 fnt|[from] Sandstorm\n|-enditem|p2a: Incineroar|Sitrus Berry|[eat]\n|-heal|p2a: Incineroar|70/100|[from] item: Sitrus Berry\n|faint|p2b: Lopunny\n|-heal|p1a: Corviknight|59/100|[from] item: Leftovers\n|upkeep\n|\n|t:|1776377327\n|switch|p2b: Drampa|Drampa, L50, F|100/100\n|-ability|p2b: Drampa|Cloud Nine\n|turn|3\n|inactive|JustJakeyVGC has 30 seconds left.\n|\n|t:|1776377356\n|switch|p1b: Tyranitar|Tyranitar, L50, F|100/100\n|move|p1a: Corviknight|Protect|p1a: Corviknight\n|-singleturn|p1a: Corviknight|Protect\n|move|p2b: Drampa|Hyper Voice|p1a: Corviknight|[spread] p1b\n|-activate|p1a: Corviknight|move: Protect\n|-resisted|p1b: Tyranitar|1\n|-damage|p1b: Tyranitar|85/100\n|move|p2a: Incineroar|Flare Blitz|p1a: Corviknight\n|-activate|p1a: Corviknight|move: Protect\n|\n|-weather|Sandstorm|[upkeep]\n|-heal|p1a: Corviknight|65/100|[from] item: Leftovers\n|upkeep\n|turn|4\n|\n|t:|1776377367\n|move|p2a: Incineroar|Helping Hand|p2b: Drampa\n|-singleturn|p2b: Drampa|Helping Hand|[of] p2a: Incineroar\n|move|p2b: Drampa|Earth Power|p1b: Tyranitar\n|-supereffective|p1b: Tyranitar|1\n|-damage|p1b: Tyranitar|0 fnt\n|faint|p1b: Tyranitar\n|move|p1a: Corviknight|Body Press|p2b: Drampa\n|-supereffective|p2b: Drampa|1\n|-damage|p2b: Drampa|39/100\n|\n|-weather|Sandstorm|[upkeep]\n|-heal|p1a: Corviknight|71/100|[from] item: Leftovers\n|upkeep\n|\n|t:|1776377372\n|switch|p1b: Farigiraf|Farigiraf, L50, F|28/100\n|turn|5\n|inactive|JustJakeyVGC has 30 seconds left.\n|\n|t:|1776377400\n|move|p1b: Farigiraf|Protect|p1b: Farigiraf\n|-singleturn|p1b: Farigiraf|Protect\n|move|p2b: Drampa|Roost|p2b: Drampa\n|-heal|p2b: Drampa|89/100\n|-singleturn|p2b: Drampa|move: Roost\n|move|p2a: Incineroar|Flare Blitz|p1a: Corviknight\n|-supereffective|p1a: Corviknight|1\n|-damage|p1a: Corviknight|24/100\n|-damage|p2a: Incineroar|54/100|[from] Recoil\n|move|p1a: Corviknight|Body Press|p2a: Incineroar\n|-supereffective|p2a: Incineroar|1\n|-damage|p2a: Incineroar|4/100\n|\n|-weather|none\n|-heal|p1a: Corviknight|30/100|[from] item: Leftovers\n|upkeep\n|turn|6\n|-message|bonobobohemio forfeited.\n|\n|win|JustJakeyVGC\n|raw|bonobobohemio's rating: 1340 &rarr; <strong>1326</strong><br />(-14 for losing)\n|raw|JustJakeyVGC's rating: 1445 &rarr; <strong>1459</strong><br />(+14 for winning)\n|l|\u2606bonobobohemio\n|player|p1|\n",
  "uploadtime": 1776377417,
  "views": 34,
  "formatid": "gen9championsvgc2026regma",
  "rating": 1326,
  "private": 0,
  "password": null
}