{
  "id": "gen9championsvgc2026regma-2581047299",
  "format": "[Gen 9 Champions] VGC 2026 Reg M-A",
  "players": [
    "A5h3r",
    "jpw234"
  ],
  "log": "|j|\u2606A5h3r\n|j|\u2606jpw234\n|t:|1775954898\n|gametype|doubles\n|player|p1|A5h3r|alder|1135\n|player|p2|jpw234|169|1206\n|gen|9\n|tier|[Gen 9 Champions] VGC 2026 Reg M-A\n|rated|\n|rule|Species Clause: Limit one of each Pok\u00e9mon\n|rule|Item Clause: Limit 1 of each item\n|clearpoke\n|poke|p1|Pelipper, L50, M|\n|poke|p1|Starmie, L50|\n|poke|p1|Archaludon, L50, F|\n|poke|p1|Sneasler, L50, M|\n|poke|p1|Garchomp, L50, M|\n|poke|p1|Manectric, L50, F|\n|poke|p2|Araquanid, L50, M|\n|poke|p2|Aerodactyl, L50, M|\n|poke|p2|Sinistcha, L50|\n|poke|p2|Sneasler, L50, M|\n|poke|p2|Tyranitar, L50, M|\n|poke|p2|Rotom-Wash, L50|\n|teampreview|4\n|inactive|Battle timer is ON: inactive players will automatically lose when time's up. (requested by jpw234)\n|\n|t:|1775954920\n|teamsize|p1|4\n|teamsize|p2|4\n|start\n|switch|p1a: DUMPSTER|Pelipper, L50, M|100/100\n|switch|p1b: Unity Towers|Archaludon, L50, F|100/100\n|switch|p2a: Aerodactyl|Aerodactyl, L50, M|100/100\n|switch|p2b: Rotom|Rotom-Wash, L50|100/100\n|-ability|p2a: Aerodactyl|Unnerve\n|-weather|RainDance|[from] ability: Drizzle|[of] p1a: DUMPSTER\n|turn|1\n|\n|t:|1775954939\n|detailschange|p2a: Aerodactyl|Aerodactyl-Mega, L50, M\n|-mega|p2a: Aerodactyl|Aerodactyl|Aerodactylite\n|move|p2a: Aerodactyl|Protect|p2a: Aerodactyl\n|-singleturn|p2a: Aerodactyl|Protect\n|move|p1a: DUMPSTER|Protect|p1a: DUMPSTER\n|-singleturn|p1a: DUMPSTER|Protect\n|move|p1b: Unity Towers|Electro Shot||[still]\n|-prepare|p1b: Unity Towers|Electro Shot\n|-boost|p1b: Unity Towers|spa|1\n|-anim|p1b: Unity Towers|Electro Shot|p2a: Aerodactyl\n|-activate|p2a: Aerodactyl|move: Protect\n|move|p2b: Rotom|Volt Switch|p1a: DUMPSTER\n|-activate|p1a: DUMPSTER|move: Protect\n|\n|-weather|RainDance|[upkeep]\n|upkeep\n|turn|2\n|inactive|A5h3r has 30 seconds left.\n|inactive|A5h3r has 20 seconds left.\n|inactive|A5h3r has 15 seconds left.\n|\n|t:|1775954980\n|switch|p2a: Tyranitar|Tyranitar, L50, M|100/100\n|-weather|Sandstorm|[from] ability: Sand Stream|[of] p2a: Tyranitar\n|move|p1a: DUMPSTER|Weather Ball|p2a: Tyranitar\n|-damage|p2a: Tyranitar|86/100\n|move|p1b: Unity Towers|Electro Shot||[still]\n|-prepare|p1b: Unity Towers|Electro Shot\n|-boost|p1b: Unity Towers|spa|1\n|move|p2b: Rotom|Volt Switch|p1b: Unity Towers\n|-resisted|p1b: Unity Towers|1\n|-damage|p1b: Unity Towers|83/100\n|\n|t:|1775954989\n|switch|p2b: Sinistcha|Sinistcha, L50|100/100|[from] Volt Switch\n|-heal|p2a: Tyranitar|100/100|[from] ability: Hospitality|[of] p2b: Sinistcha\n|\n|-weather|Sandstorm|[upkeep]\n|-damage|p1a: DUMPSTER|95/100|[from] Sandstorm\n|-damage|p2b: Sinistcha|94/100|[from] Sandstorm\n|-heal|p2b: Sinistcha|100/100|[from] item: Leftovers\n|upkeep\n|turn|3\n|\n|t:|1775955003\n|switch|p1a: Rocc Climbing|Sneasler, L50, M, shiny|100/100\n|move|p2b: Sinistcha|Protect|p2b: Sinistcha\n|-singleturn|p2b: Sinistcha|Protect\n|move|p1b: Unity Towers|Electro Shot|p2b: Sinistcha|[from] lockedmove\n|-activate|p2b: Sinistcha|move: Protect\n|move|p2a: Tyranitar|Low Kick|p1b: Unity Towers\n|-supereffective|p1b: Unity Towers|1\n|-damage|p1b: Unity Towers|50/100\n|\n|-weather|Sandstorm|[upkeep]\n|-damage|p1a: Rocc Climbing|95/100|[from] Sandstorm\n|-damage|p2b: Sinistcha|94/100|[from] Sandstorm\n|-heal|p2b: Sinistcha|100/100|[from] item: Leftovers\n|upkeep\n|turn|4\n|inactive|jpw234 has 30 seconds left.\n|\n|t:|1775955029\n|move|p2a: Tyranitar|Protect|p2a: Tyranitar\n|-singleturn|p2a: Tyranitar|Protect\n|move|p1a: Rocc Climbing|Close Combat|p2a: Tyranitar\n|-activate|p2a: Tyranitar|move: Protect\n|move|p1b: Unity Towers|Draco Meteor|p2b: Sinistcha\n|-damage|p2b: Sinistcha|0 fnt\n|-unboost|p1b: Unity Towers|spa|2\n|faint|p2b: Sinistcha\n|\n|-weather|Sandstorm|[upkeep]\n|-damage|p1a: Rocc Climbing|89/100|[from] Sandstorm\n|upkeep\n|\n|t:|1775955041\n|switch|p2b: Aerodactyl|Aerodactyl-Mega, L50, M|100/100\n|turn|5\n|\n|t:|1775955055\n|switch|p1a: DUMPSTER|Pelipper, L50, M|95/100\n|-weather|RainDance|[from] ability: Drizzle|[of] p1a: DUMPSTER\n|move|p2b: Aerodactyl|Dual Wingbeat|p1a: DUMPSTER\n|-damage|p1a: DUMPSTER|54/100\n|-damage|p1a: DUMPSTER|13/100\n|-hitcount|p1a: DUMPSTER|2\n|move|p1b: Unity Towers|Electro Shot||[still]\n|-prepare|p1b: Unity Towers|Electro Shot\n|-boost|p1b: Unity Towers|spa|1\n|-anim|p1b: Unity Towers|Electro Shot|p2b: Aerodactyl\n|-supereffective|p2b: Aerodactyl|1\n|-damage|p2b: Aerodactyl|0 fnt\n|faint|p2b: Aerodactyl\n|move|p2a: Tyranitar|Low Kick|p1b: Unity Towers\n|-supereffective|p1b: Unity Towers|1\n|-damage|p1b: Unity Towers|13/100\n|\n|-weather|RainDance|[upkeep]\n|upkeep\n|\n|t:|1775955061\n|switch|p2b: Rotom|Rotom-Wash, L50|100/100\n|turn|6\n|\n|t:|1775955079\n|move|p2b: Rotom|Protect|p2b: Rotom\n|-singleturn|p2b: Rotom|Protect\n|move|p1a: DUMPSTER|Weather Ball|p2a: Tyranitar\n|-supereffective|p2a: Tyranitar|1\n|-damage|p2a: Tyranitar|5/100\n|move|p1b: Unity Towers|Electro Shot||[still]\n|-prepare|p1b: Unity Towers|Electro Shot\n|-boost|p1b: Unity Towers|spa|1\n|-anim|p1b: Unity Towers|Electro Shot|p2b: Rotom\n|-activate|p2b: Rotom|move: Protect\n|move|p2a: Tyranitar|Rock Slide|p1b: Unity Towers|[spread] p1b\n|-miss|p2a: Tyranitar|p1a: DUMPSTER\n|-resisted|p1b: Unity Towers|1\n|-damage|p1b: Unity Towers|4/100\n|\n|-weather|RainDance|[upkeep]\n|upkeep\n|turn|7\n|-message|jpw234 forfeited.\n|\n|win|A5h3r\n|raw|A5h3r's rating: 1135 &rarr; <strong>1165</strong><br />(+30 for winning)\n|raw|jpw234's rating: 1206 &rarr; <strong>1176</strong><br />(-30 for losing)\n|l|\u2606jpw234\n|player|p2|\n",
  "uploadtime": 1775955095,
  "views": 37,
  "formatid": "gen9championsvgc2026regma",
  "rating": 1165,
  "private": 0,
  "password": null
}