{
  "id": "gen9championsvgc2026regma-2588641459",
  "format": "[Gen 9 Champions] VGC 2026 Reg M-A",
  "players": [
    "kjjknknnj",
    "TimeforCHILLI"
  ],
  "log": "|j|\u2606kjjknknnj\n|j|\u2606TimeforCHILLI\n|t:|1776652927\n|gametype|doubles\n|player|p1|kjjknknnj|170|1042\n|player|p2|TimeforCHILLI|caitlin|1120\n|gen|9\n|tier|[Gen 9 Champions] VGC 2026 Reg M-A\n|rated|\n|rule|Species Clause: Limit one of each Pok\u00e9mon\n|rule|Item Clause: Limit 1 of each item\n|clearpoke\n|poke|p1|Sinistcha, L50|\n|poke|p1|Drampa, L50, M|\n|poke|p1|Pelipper, L50, F|\n|poke|p1|Alakazam, L50, M|\n|poke|p1|Basculegion, L50, M|\n|poke|p1|Scizor, L50, F|\n|poke|p2|Toxapex, L50, F|\n|poke|p2|Clefable, L50, F|\n|poke|p2|Scovillain, L50, F|\n|poke|p2|Glimmora, L50, F|\n|poke|p2|Mimikyu, L50, F|\n|poke|p2|Kingambit, L50, F|\n|teampreview|4\n|\n|t:|1776652990\n|teamsize|p1|4\n|teamsize|p2|4\n|start\n|switch|p1a: Alakazam|Alakazam, L50, M|100/100\n|switch|p1b: Drampa|Drampa, L50, M|100/100\n|switch|p2a: Glimmora|Glimmora, L50, F|100/100\n|switch|p2b: Scovillain|Scovillain, L50, F|100/100\n|-ability|p1b: Drampa|Cloud Nine\n|turn|1\n|\n|t:|1776653011\n|detailschange|p1b: Drampa|Drampa-Mega, L50, M\n|-mega|p1b: Drampa|Drampa|Drampanite\n|move|p2b: Scovillain|Rage Powder|p2b: Scovillain\n|-singleturn|p2b: Scovillain|move: Rage Powder\n|move|p1a: Alakazam|Light Screen|p1a: Alakazam\n|-sidestart|p1: kjjknknnj|move: Light Screen\n|move|p2a: Glimmora|Mortal Spin|p1b: Drampa|[spread] p1a,p1b\n|-damage|p1a: Alakazam|89/100\n|-damage|p1b: Drampa|97/100\n|-status|p1a: Alakazam|psn\n|-status|p1b: Drampa|psn\n|move|p1b: Drampa|Calm Mind|p1b: Drampa\n|-boost|p1b: Drampa|spa|1\n|-boost|p1b: Drampa|spd|1\n|\n|-damage|p1a: Alakazam|77/100 psn|[from] psn\n|-damage|p1b: Drampa|84/100 psn|[from] psn\n|-ability|p2b: Scovillain|Moody|boost\n|-boost|p2b: Scovillain|def|2\n|-unboost|p2b: Scovillain|spe|1\n|upkeep\n|turn|2\n|inactive|Battle timer is ON: inactive players will automatically lose when time's up. (requested by kjjknknnj)\n|\n|t:|1776653047\n|move|p2b: Scovillain|Rage Powder|p2b: Scovillain\n|-singleturn|p2b: Scovillain|move: Rage Powder\n|move|p1a: Alakazam|Speed Swap|p2b: Scovillain\n|-activate|p1a: Alakazam|move: Speed Swap|[of] p2b: Scovillain\n|move|p2a: Glimmora|Power Gem|p1a: Alakazam\n|-damage|p1a: Alakazam|33/100 psn\n|move|p1b: Drampa|Hyper Voice|p2b: Scovillain|[spread] p2a,p2b\n|-resisted|p2a: Glimmora|1\n|-damage|p2a: Glimmora|57/100\n|-damage|p2b: Scovillain|15/100\n|\n|-damage|p1a: Alakazam|20/100 psn|[from] psn\n|-damage|p1b: Drampa|72/100 psn|[from] psn\n|-ability|p2b: Scovillain|Moody|boost\n|-boost|p2b: Scovillain|atk|2\n|-unboost|p2b: Scovillain|def|1\n|upkeep\n|turn|3\n|inactive|TimeforCHILLI has 30 seconds left.\n|inactive|TimeforCHILLI has 20 seconds left.\n|inactive|TimeforCHILLI has 15 seconds left.\n|inactive|TimeforCHILLI has 10 seconds left.\n|\n|t:|1776653093\n|switch|p1a: Sinistcha|Sinistcha, L50|100/100\n|-heal|p1b: Drampa|97/100 psn|[from] ability: Hospitality|[of] p1a: Sinistcha\n|move|p2a: Glimmora|Spiky Shield|p2a: Glimmora\n|-singleturn|p2a: Glimmora|move: Protect\n|move|p2b: Scovillain|Protect|p2b: Scovillain\n|-singleturn|p2b: Scovillain|Protect\n|move|p1b: Drampa|Hyper Voice|p2b: Scovillain|[spread] \n|-activate|p2a: Glimmora|move: Protect\n|-activate|p2b: Scovillain|move: Protect\n|\n|-damage|p1b: Drampa|84/100 psn|[from] psn\n|-ability|p2b: Scovillain|Moody|boost\n|-boost|p2b: Scovillain|spa|2\n|-unboost|p2b: Scovillain|spe|1\n|upkeep\n|turn|4\n|inactive|TimeforCHILLI has 30 seconds left.\n|\n|t:|1776653120\n|move|p2a: Glimmora|Mortal Spin|p1b: Drampa|[spread] p1a,p1b\n|-crit|p1a: Sinistcha\n|-damage|p1a: Sinistcha|94/100\n|-damage|p1b: Drampa|80/100 psn\n|-status|p1a: Sinistcha|psn\n|move|p2b: Scovillain|Flamethrower|p1a: Sinistcha\n|-supereffective|p1a: Sinistcha|1\n|-damage|p1a: Sinistcha|0 fnt\n|faint|p1a: Sinistcha\n|move|p1b: Drampa|Hyper Voice|p2a: Glimmora|[spread] p2a,p2b\n|-resisted|p2a: Glimmora|1\n|-damage|p2a: Glimmora|14/100\n|-damage|p2b: Scovillain|0 fnt\n|faint|p2b: Scovillain\n|\n|-damage|p1b: Drampa|68/100 psn|[from] psn\n|upkeep\n|\n|t:|1776653140\n|switch|p2b: Toxapex|Toxapex, L50, F|100/100\n|switch|p1a: Pelipper|Pelipper, L50, F|100/100\n|-weather|RainDance|[from] ability: Drizzle|[of] p1a: Pelipper\n|turn|5\n|inactive|TimeforCHILLI has 30 seconds left.\n|\n|t:|1776653167\n|move|p2a: Glimmora|Power Gem|p1a: Pelipper\n|-supereffective|p1a: Pelipper|1\n|-crit|p1a: Pelipper\n|-enditem|p1a: Pelipper|Focus Sash\n|-damage|p1a: Pelipper|1/100\n|move|p1a: Pelipper|Weather Ball|p2a: Glimmora\n|-supereffective|p2a: Glimmora|1\n|-damage|p2a: Glimmora|0 fnt\n|faint|p2a: Glimmora\n|move|p1b: Drampa|Earth Power|p2b: Toxapex\n|-supereffective|p2b: Toxapex|1\n|-damage|p2b: Toxapex|8/100\n|move|p2b: Toxapex|Poison Jab|p1b: Drampa\n|-crit|p1b: Drampa\n|-damage|p1b: Drampa|29/100 psn\n|-ability|p1b: Drampa|Berserk|boost\n|-boost|p1b: Drampa|spa|1\n|\n|-weather|RainDance|[upkeep]\n|-heal|p2b: Toxapex|13/100|[from] item: Leftovers\n|-damage|p1b: Drampa|17/100 psn|[from] psn\n|-sideend|p1: kjjknknnj|move: Light Screen\n|upkeep\n|\n|t:|1776653187\n|switch|p2a: Anonymous M|Mimikyu, L50, F|100/100\n|turn|6\n|\n|t:|1776653197\n|move|p2b: Toxapex|Baneful Bunker|p2b: Toxapex\n|-singleturn|p2b: Toxapex|move: Protect\n|move|p1a: Pelipper|Weather Ball|p2a: Anonymous M\n|-activate|p2a: Anonymous M|ability: Disguise\n|-damage|p2a: Anonymous M|100/100\n|detailschange|p2a: Anonymous M|Mimikyu-Busted, L50, F\n|-damage|p2a: Anonymous M|88/100|[from] pokemon: Mimikyu-Busted\n|move|p1b: Drampa|Earth Power|p2b: Toxapex\n|-activate|p2b: Toxapex|move: Protect\n|move|p2a: Anonymous M|Trick Room|p2a: Anonymous M\n|-fieldstart|move: Trick Room|[of] p2a: Anonymous M\n|\n|-weather|RainDance|[upkeep]\n|-heal|p2b: Toxapex|19/100|[from] item: Leftovers\n|-damage|p1b: Drampa|4/100 psn|[from] psn\n|upkeep\n|turn|7\n|inactive|TimeforCHILLI has 30 seconds left.\n|\n|t:|1776653231\n|move|p2a: Anonymous M|Shadow Sneak|p1a: Pelipper\n|-damage|p1a: Pelipper|0 fnt\n|faint|p1a: Pelipper\n|move|p2b: Toxapex|Poison Jab|p1b: Drampa\n|-crit|p1b: Drampa\n|-damage|p1b: Drampa|0 fnt\n|faint|p1b: Drampa\n|\n|-weather|RainDance|[upkeep]\n|-heal|p2b: Toxapex|25/100|[from] item: Leftovers\n|upkeep\n|-message|kjjknknnj forfeited.\n|\n|win|TimeforCHILLI\n|raw|kjjknknnj's rating: 1042 &rarr; <strong>1029</strong><br />(-13 for losing)\n|raw|TimeforCHILLI's rating: 1120 &rarr; <strong>1139</strong><br />(+19 for winning)\n|l|\u2606kjjknknnj\n|player|p1|\n",
  "uploadtime": 1776653257,
  "views": 4,
  "formatid": "gen9championsvgc2026regma",
  "rating": 1029,
  "private": 0,
  "password": null
}