{
  "id": "gen9championsvgc2026regma-2580981740",
  "format": "[Gen 9 Champions] VGC 2026 Reg M-A",
  "players": [
    "IkeAmp88",
    "wewillrockyou98"
  ],
  "log": "|j|\u2606IkeAmp88\n|j|\u203dwewillrockyou98\n|t:|1775948792\n|gametype|doubles\n|player|p1|IkeAmp88|101|1223\n|player|p2|wewillrockyou98|102|1205\n|gen|9\n|tier|[Gen 9 Champions] VGC 2026 Reg M-A\n|rated|\n|rule|Species Clause: Limit one of each Pok\u00e9mon\n|rule|Item Clause: Limit 1 of each item\n|clearpoke\n|poke|p1|Zoroark-Hisui, L50, M|\n|poke|p1|Passimian, L50, F|\n|poke|p1|Delphox, L50, M|\n|poke|p1|Tsareena, L50, F|\n|poke|p1|Orthworm, L50, M|\n|poke|p1|Aerodactyl, L50, F|\n|poke|p2|Charizard, L50, F|\n|poke|p2|Meowscarada, L50, F|\n|poke|p2|Torkoal, L50, M|\n|poke|p2|Venusaur, L50, F|\n|poke|p2|Typhlosion-Hisui, L50, M|\n|poke|p2|Whimsicott, L50, F|\n|teampreview|4\n|\n|t:|1775948816\n|teamsize|p1|4\n|teamsize|p2|4\n|start\n|switch|p1a: Delphox|Delphox, L50, M|100/100\n|switch|p1b: Aerodactyl|Aerodactyl, L50, F|100/100\n|switch|p2a: Meowscarada|Meowscarada, L50, F|100/100\n|switch|p2b: Whimsicott|Whimsicott, L50, F|100/100\n|-ability|p1b: Aerodactyl|Unnerve\n|turn|1\n|\n|t:|1775948830\n|move|p2b: Whimsicott|Tailwind|p2b: Whimsicott\n|-sidestart|p2: wewillrockyou98|move: Tailwind\n|move|p2a: Meowscarada|Triple Axel|p1b: Aerodactyl\n|-start|p2a: Meowscarada|typechange|Ice|[from] ability: Protean\n|-supereffective|p1b: Aerodactyl|1\n|-damage|p1b: Aerodactyl|69/100\n|-supereffective|p1b: Aerodactyl|1\n|-damage|p1b: Aerodactyl|10/100\n|-supereffective|p1b: Aerodactyl|1\n|-damage|p1b: Aerodactyl|0 fnt\n|faint|p1b: Aerodactyl\n|-hitcount|p1: Aerodactyl|3\n|move|p1a: Delphox|Icy Wind|p2a: Meowscarada|[spread] p2a,p2b\n|-resisted|p2a: Meowscarada|1\n|-supereffective|p2b: Whimsicott|1\n|-damage|p2a: Meowscarada|89/100\n|-damage|p2b: Whimsicott|50/100\n|-unboost|p2a: Meowscarada|spe|1\n|-unboost|p2b: Whimsicott|spe|1\n|\n|upkeep\n|\n|t:|1775948841\n|switch|p1b: Passimian|Passimian, L50, F|100/100\n|turn|2\n|\n|t:|1775948858\n|move|p2a: Meowscarada|Knock Off|p1a: Delphox\n|-supereffective|p1a: Delphox|1\n|-enditem|p1a: Delphox|Focus Sash\n|-damage|p1a: Delphox|1/100\n|replace|p1a: Zoroark|Zoroark-Hisui, L50, M\n|-end|p1a: Zoroark|Illusion\n|move|p1b: Passimian|Rock Slide|p2b: Whimsicott|[spread] p2b\n|-miss|p1b: Passimian|p2a: Meowscarada\n|-damage|p2b: Whimsicott|32/100\n|move|p2b: Whimsicott|Moonblast|p1b: Passimian\n|-supereffective|p1b: Passimian|1\n|-damage|p1b: Passimian|1/100\n|move|p1a: Zoroark|Hyper Voice|p2b: Whimsicott|[spread] p2a,p2b\n|-damage|p2a: Meowscarada|32/100\n|-damage|p2b: Whimsicott|0 fnt\n|faint|p2b: Whimsicott\n|\n|upkeep\n|\n|t:|1775948870\n|switch|p2b: Charizard|Charizard, L50, F|100/100\n|turn|3\n|\n|t:|1775948876\n|detailschange|p2b: Charizard|Charizard-Mega-Y, L50, F\n|-mega|p2b: Charizard|Charizard|Charizardite Y\n|-weather|SunnyDay|[from] ability: Drought|[of] p2b: Charizard\n|move|p2b: Charizard|Heat Wave|p1a: Zoroark|[spread] p1a,p1b\n|-damage|p1a: Zoroark|0 fnt\n|-damage|p1b: Passimian|0 fnt\n|faint|p1a: Zoroark\n|faint|p1b: Passimian\n|move|p2a: Meowscarada|Knock Off|p1: Zoroark|[notarget]\n|-fail|p2a: Meowscarada\n|\n|-weather|SunnyDay|[upkeep]\n|upkeep\n|\n|t:|1775948884\n|switch|p1a: Delphox|Delphox, L50, M|100/100\n|turn|4\n|\n|t:|1775948892\n|move|p1a: Delphox|Protect|p1a: Delphox\n|-singleturn|p1a: Delphox|Protect\n|move|p2b: Charizard|Ancient Power|p1a: Delphox\n|-activate|p1a: Delphox|move: Protect\n|move|p2a: Meowscarada|Knock Off|p1a: Delphox\n|-activate|p1a: Delphox|move: Protect\n|\n|-weather|SunnyDay|[upkeep]\n|-sideend|p2: wewillrockyou98|move: Tailwind\n|upkeep\n|turn|5\n|\n|t:|1775948901\n|detailschange|p1a: Delphox|Delphox-Mega, L50, M\n|-mega|p1a: Delphox|Delphox|Delphoxite\n|move|p1a: Delphox|Heat Wave|p2a: Meowscarada|[spread] p2a,p2b\n|-supereffective|p2a: Meowscarada|1\n|-resisted|p2b: Charizard|1\n|-damage|p2a: Meowscarada|0 fnt\n|-damage|p2b: Charizard|66/100\n|faint|p2a: Meowscarada\n|move|p2b: Charizard|Ancient Power|p1a: Delphox\n|-supereffective|p1a: Delphox|1\n|-damage|p1a: Delphox|56/100\n|\n|-weather|SunnyDay|[upkeep]\n|upkeep\n|\n|t:|1775948910\n|switch|p2a: Venusaur|Venusaur, L50, F|100/100\n|turn|6\n|\n|t:|1775948914\n|move|p1a: Delphox|Protect|p1a: Delphox\n|-singleturn|p1a: Delphox|Protect\n|move|p2a: Venusaur|Sleep Powder|p1a: Delphox\n|-activate|p1a: Delphox|move: Protect\n|move|p2b: Charizard|Ancient Power|p1a: Delphox\n|-activate|p1a: Delphox|move: Protect\n|\n|-weather|SunnyDay|[upkeep]\n|upkeep\n|turn|7\n|\n|t:|1775948923\n|move|p2a: Venusaur|Sleep Powder|p1a: Delphox|[miss]\n|-miss|p2a: Venusaur|p1a: Delphox\n|move|p1a: Delphox|Psyshock|p2b: Charizard\n|-damage|p2b: Charizard|0 fnt\n|faint|p2b: Charizard\n|\n|-weather|none\n|upkeep\n|turn|8\n|\n|t:|1775948931\n|move|p1a: Delphox|Psyshock|p2a: Venusaur\n|-supereffective|p2a: Venusaur|1\n|-damage|p2a: Venusaur|0 fnt\n|faint|p2a: Venusaur\n|\n|win|IkeAmp88\n|raw|IkeAmp88's rating: 1223 &rarr; <strong>1247</strong><br />(+24 for winning)\n|raw|wewillrockyou98's rating: 1205 &rarr; <strong>1181</strong><br />(-24 for losing)\n|l|\u203dwewillrockyou98\n|player|p2|\n",
  "uploadtime": 1775948937,
  "views": 12,
  "formatid": "gen9championsvgc2026regma",
  "rating": 1181,
  "private": 0,
  "password": null
}