{
  "id": "gen9championsvgc2026regma-2580855455",
  "format": "[Gen 9 Champions] VGC 2026 Reg M-A",
  "players": [
    "smooth719",
    "Xanderinho"
  ],
  "log": "|j|\u2606smooth719\n|j|\u2606Xanderinho\n|t:|1775938029\n|gametype|doubles\n|player|p1|smooth719|170|1071\n|player|p2|Xanderinho|170|1051\n|gen|9\n|tier|[Gen 9 Champions] VGC 2026 Reg M-A\n|rated|\n|rule|Species Clause: Limit one of each Pok\u00e9mon\n|rule|Item Clause: Limit 1 of each item\n|clearpoke\n|poke|p1|Aggron, L50, F|\n|poke|p1|Salazzle, L50, F|\n|poke|p1|Tauros-Paldea-Aqua, L50, M|\n|poke|p1|Cofagrigus, L50, M|\n|poke|p1|Lycanroc-Dusk, L50, F|\n|poke|p1|Sinistcha, L50|\n|poke|p2|Lucario, L50, F|\n|poke|p2|Talonflame, L50, M|\n|poke|p2|Sinistcha, L50|\n|poke|p2|Pelipper, L50, M|\n|poke|p2|Basculegion, L50, M|\n|poke|p2|Dragonite, L50, F|\n|teampreview|4\n|inactive|Battle timer is ON: inactive players will automatically lose when time's up. (requested by smooth719)\n|\n|t:|1775938078\n|teamsize|p1|4\n|teamsize|p2|4\n|start\n|switch|p1a: Cofagrigus|Cofagrigus, L50, M|100/100\n|switch|p1b: Salazzle|Salazzle, L50, F|100/100\n|switch|p2a: Lucario|Lucario, L50, F|100/100\n|switch|p2b: Dragonite|Dragonite, L50, F|100/100\n|turn|1\n|inactive|smooth719 has 30 seconds left.\n|\n|t:|1775938108\n|move|p2a: Lucario|Protect|p2a: Lucario\n|-singleturn|p2a: Lucario|Protect\n|move|p1b: Salazzle|Toxic|p2a: Lucario\n|-activate|p2a: Lucario|move: Protect\n|move|p2b: Dragonite|Earthquake|p1a: Cofagrigus|[spread] p1a,p1b\n|-activate|p2a: Lucario|move: Protect\n|-supereffective|p1b: Salazzle|2\n|-damage|p1a: Cofagrigus|85/100\n|-damage|p1b: Salazzle|0 fnt\n|faint|p1b: Salazzle\n|move|p1a: Cofagrigus|Trick Room|p1a: Cofagrigus\n|-fieldstart|move: Trick Room|[of] p1a: Cofagrigus\n|\n|-heal|p1a: Cofagrigus|91/100|[from] item: Leftovers\n|upkeep\n|\n|t:|1775938116\n|switch|p1b: THE WALL|Aggron, L50, F|100/100\n|turn|2\n|inactive|Xanderinho has 30 seconds left.\n|\n|t:|1775938144\n|detailschange|p1b: THE WALL|Aggron-Mega, L50, F\n|-mega|p1b: THE WALL|Aggron|Aggronite\n|detailschange|p2a: Lucario|Lucario-Mega, L50, F\n|-mega|p2a: Lucario|Lucario|Lucarionite\n|move|p1a: Cofagrigus|Will-O-Wisp|p2b: Dragonite\n|-status|p2b: Dragonite|brn\n|move|p1b: THE WALL|Body Press|p2a: Lucario\n|-supereffective|p2a: Lucario|1\n|-damage|p2a: Lucario|0 fnt\n|faint|p2a: Lucario\n|move|p2b: Dragonite|Outrage|p1a: Cofagrigus\n|-damage|p1a: Cofagrigus|73/100\n|-activate|p1a: Cofagrigus|ability: Mummy|p2b: Dragonite|[ability] Inner Focus\n|\n|-heal|p1a: Cofagrigus|79/100|[from] item: Leftovers\n|-damage|p2b: Dragonite|94/100 brn|[from] brn\n|upkeep\n|\n|t:|1775938160\n|switch|p2a: Basculegion|Basculegion, L50, M|100/100\n|turn|3\n|\n|t:|1775938173\n|move|p1a: Cofagrigus|Will-O-Wisp|p2a: Basculegion\n|-status|p2a: Basculegion|brn\n|move|p1b: THE WALL|Iron Defense|p1b: THE WALL\n|-boost|p1b: THE WALL|def|2\n|move|p2b: Dragonite|Outrage|p1b: THE WALL|[from] lockedmove\n|-resisted|p1b: THE WALL|1\n|-damage|p1b: THE WALL|97/100\n|move|p2a: Basculegion|Last Respects|p1a: Cofagrigus\n|-supereffective|p1a: Cofagrigus|1\n|-damage|p1a: Cofagrigus|45/100\n|\n|-heal|p1a: Cofagrigus|51/100|[from] item: Leftovers\n|-damage|p2b: Dragonite|88/100 brn|[from] brn\n|-damage|p2a: Basculegion|94/100 brn|[from] brn\n|upkeep\n|turn|4\n|inactive|smooth719 has 30 seconds left.\n|\n|t:|1775938202\n|move|p1a: Cofagrigus|Toxic Spikes|p2a: Basculegion\n|-sidestart|p2: Xanderinho|move: Toxic Spikes\n|move|p1b: THE WALL|Body Press|p2b: Dragonite\n|-resisted|p2b: Dragonite|1\n|-crit|p2b: Dragonite\n|-damage|p2b: Dragonite|39/100 brn\n|-activate|p2b: Dragonite|ability: Mummy|p1b: THE WALL|[ability] Filter\n|-enditem|p2b: Dragonite|Sitrus Berry|[eat]\n|-heal|p2b: Dragonite|64/100 brn|[from] item: Sitrus Berry\n|move|p2b: Dragonite|Outrage|p1a: Cofagrigus|[from] lockedmove\n|-damage|p1a: Cofagrigus|32/100\n|-start|p2b: Dragonite|confusion|[fatigue]\n|move|p2a: Basculegion|Last Respects|p1b: THE WALL\n|-damage|p1b: THE WALL|91/100\n|\n|-heal|p1a: Cofagrigus|38/100|[from] item: Leftovers\n|-damage|p2b: Dragonite|58/100 brn|[from] brn\n|-damage|p2a: Basculegion|88/100 brn|[from] brn\n|upkeep\n|turn|5\n|inactive|Xanderinho has 30 seconds left.\n|\n|t:|1775938234\n|move|p1a: Cofagrigus|Toxic Spikes|p2a: Basculegion\n|-sidestart|p2: Xanderinho|move: Toxic Spikes\n|move|p1b: THE WALL|Body Press|p2b: Dragonite\n|-resisted|p2b: Dragonite|1\n|-damage|p2b: Dragonite|28/100 brn\n|-activate|p2b: Dragonite|confusion\n|move|p2b: Dragonite|Outrage|p1b: THE WALL\n|-resisted|p1b: THE WALL|1\n|-damage|p1b: THE WALL|88/100\n|move|p2a: Basculegion|Last Respects|p1a: Cofagrigus\n|-supereffective|p1a: Cofagrigus|1\n|-damage|p1a: Cofagrigus|9/100\n|\n|-heal|p1a: Cofagrigus|15/100|[from] item: Leftovers\n|-damage|p2b: Dragonite|22/100 brn|[from] brn\n|-damage|p2a: Basculegion|82/100 brn|[from] brn\n|-fieldend|move: Trick Room\n|upkeep\n|turn|6\n|inactive|smooth719 has 30 seconds left.\n|inactive|Xanderinho has 30 seconds left.\n|\n|t:|1775938263\n|move|p2a: Basculegion|Last Respects|p1a: Cofagrigus\n|-supereffective|p1a: Cofagrigus|1\n|-damage|p1a: Cofagrigus|0 fnt\n|faint|p1a: Cofagrigus\n|-activate|p2b: Dragonite|confusion\n|move|p2b: Dragonite|Outrage|p1b: THE WALL|[from] lockedmove\n|-resisted|p1b: THE WALL|1\n|-damage|p1b: THE WALL|85/100\n|move|p1b: THE WALL|Body Press|p2b: Dragonite\n|-resisted|p2b: Dragonite|1\n|-damage|p2b: Dragonite|0 fnt\n|faint|p2b: Dragonite\n|\n|-damage|p2a: Basculegion|76/100 brn|[from] brn\n|upkeep\n|\n|t:|1775938276\n|switch|p2b: Sinistcha|Sinistcha, L50|100/100\n|switch|p1a: Sinistcha|Sinistcha, L50|100/100\n|-status|p2b: Sinistcha|tox\n|-heal|p2a: Basculegion|100/100 brn|[from] ability: Hospitality|[of] p2b: Sinistcha\n|-heal|p1b: THE WALL|100/100|[from] ability: Hospitality|[of] p1a: Sinistcha\n|turn|7\n|inactive|Xanderinho has 30 seconds left.\n|\n|t:|1775938302\n|move|p2a: Basculegion|Last Respects|p1a: Sinistcha\n|-supereffective|p1a: Sinistcha|1\n|-damage|p1a: Sinistcha|30/100\n|move|p1a: Sinistcha|Matcha Gotcha|p2b: Sinistcha|[spread] p2a,p2b\n|-supereffective|p2a: Basculegion|1\n|-resisted|p2b: Sinistcha|1\n|-damage|p2a: Basculegion|48/100 brn\n|-heal|p1a: Sinistcha|59/100|[from] drain|[of] p2a: Basculegion\n|-damage|p2b: Sinistcha|90/100 tox\n|-heal|p1a: Sinistcha|65/100|[from] drain|[of] p2b: Sinistcha\n|move|p2b: Sinistcha|Scald|p1b: THE WALL\n|-crit|p1b: THE WALL\n|-damage|p1b: THE WALL|75/100\n|move|p1b: THE WALL|Iron Defense|p1b: THE WALL\n|-boost|p1b: THE WALL|def|2\n|\n|-heal|p2b: Sinistcha|96/100 tox|[from] item: Leftovers\n|-damage|p2b: Sinistcha|90/100 tox|[from] psn\n|-damage|p2a: Basculegion|42/100 brn|[from] brn\n|upkeep\n|turn|8\n|inactive|Xanderinho has 30 seconds left.\n|\n|t:|1775938335\n|move|p2a: Basculegion|Last Respects|p1a: Sinistcha\n|-supereffective|p1a: Sinistcha|1\n|-damage|p1a: Sinistcha|0 fnt\n|faint|p1a: Sinistcha\n|move|p2b: Sinistcha|Scald|p1b: THE WALL\n|-damage|p1b: THE WALL|57/100\n|move|p1b: THE WALL|Iron Defense|p1b: THE WALL\n|-boost|p1b: THE WALL|def|2\n|\n|-heal|p2b: Sinistcha|96/100 tox|[from] item: Leftovers\n|-damage|p2b: Sinistcha|84/100 tox|[from] psn\n|-damage|p2a: Basculegion|36/100 brn|[from] brn\n|upkeep\n|turn|9\n|\n|t:|1775938358\n|move|p2a: Basculegion|Last Respects|p1b: THE WALL\n|-damage|p1b: THE WALL|52/100\n|move|p2b: Sinistcha|Scald|p1b: THE WALL\n|-damage|p1b: THE WALL|34/100\n|-status|p1b: THE WALL|brn\n|move|p1b: THE WALL|Rest|p1b: THE WALL\n|-status|p1b: THE WALL|slp|[from] move: Rest\n|-heal|p1b: THE WALL|100/100 slp|[silent]\n|\n|-heal|p2b: Sinistcha|90/100 tox|[from] item: Leftovers\n|-damage|p2b: Sinistcha|71/100 tox|[from] psn\n|-damage|p2a: Basculegion|29/100 brn|[from] brn\n|upkeep\n|turn|10\n|\n|t:|1775938376\n|move|p2a: Basculegion|Last Respects|p1b: THE WALL\n|-damage|p1b: THE WALL|95/100 slp\n|move|p2b: Sinistcha|Scald|p1b: THE WALL\n|-damage|p1b: THE WALL|76/100 slp\n|cant|p1b: THE WALL|slp\n|move|p1b: THE WALL|Sleep Talk|p1b: THE WALL\n|move|p1b: THE WALL|Rest||[from] move: Sleep Talk|[still]\n|-fail|p1b: THE WALL\n|\n|-heal|p2b: Sinistcha|77/100 tox|[from] item: Leftovers\n|-damage|p2b: Sinistcha|53/100 tox|[from] psn\n|-damage|p2a: Basculegion|23/100 brn|[from] brn\n|upkeep\n|turn|11\n|\n|t:|1775938394\n|move|p2a: Basculegion|Last Respects|p1b: THE WALL\n|-damage|p1b: THE WALL|71/100 slp\n|move|p2b: Sinistcha|Scald|p1b: THE WALL\n|-damage|p1b: THE WALL|54/100 slp\n|cant|p1b: THE WALL|slp\n|move|p1b: THE WALL|Sleep Talk|p1b: THE WALL\n|move|p1b: THE WALL|Body Press|p2b: Sinistcha|[from] move: Sleep Talk\n|-immune|p2b: Sinistcha\n|\n|-heal|p2b: Sinistcha|59/100 tox|[from] item: Leftovers\n|-damage|p2b: Sinistcha|28/100 tox|[from] psn\n|-damage|p2a: Basculegion|17/100 brn|[from] brn\n|upkeep\n|turn|12\n|\n|t:|1775938418\n|move|p2a: Basculegion|Last Respects|p1b: THE WALL\n|-damage|p1b: THE WALL|49/100 slp\n|move|p2b: Sinistcha|Strength Sap|p1b: THE WALL\n|-unboost|p1b: THE WALL|atk|1\n|-heal|p2b: Sinistcha|100/100 tox\n|-curestatus|p1b: THE WALL|slp|[msg]\n|move|p1b: THE WALL|Rest|p1b: THE WALL\n|-status|p1b: THE WALL|slp|[from] move: Rest\n|-heal|p1b: THE WALL|100/100 slp|[silent]\n|\n|-damage|p2b: Sinistcha|63/100 tox|[from] psn\n|-damage|p2a: Basculegion|11/100 brn|[from] brn\n|upkeep\n|turn|13\n|\n|t:|1775938439\n|move|p2a: Basculegion|Last Respects|p1b: THE WALL\n|-damage|p1b: THE WALL|96/100 slp\n|move|p2b: Sinistcha|Matcha Gotcha|p1b: THE WALL\n|-resisted|p1b: THE WALL|1\n|-damage|p1b: THE WALL|83/100 slp\n|-heal|p2b: Sinistcha|70/100 tox|[from] drain|[of] p1b: THE WALL\n|cant|p1b: THE WALL|slp\n|move|p1b: THE WALL|Sleep Talk|p1b: THE WALL\n|move|p1b: THE WALL|Rest||[from] move: Sleep Talk|[still]\n|-fail|p1b: THE WALL\n|\n|-heal|p2b: Sinistcha|76/100 tox|[from] item: Leftovers\n|-damage|p2b: Sinistcha|33/100 tox|[from] psn\n|-damage|p2a: Basculegion|5/100 brn|[from] brn\n|upkeep\n|turn|14\n|c|\u2606smooth719|you cant outstall the wall\n|\n|t:|1775938457\n|move|p2a: Basculegion|Last Respects|p1b: THE WALL\n|-damage|p1b: THE WALL|78/100 slp\n|move|p2b: Sinistcha|Scald|p1b: THE WALL\n|-damage|p1b: THE WALL|60/100 slp\n|cant|p1b: THE WALL|slp\n|move|p1b: THE WALL|Sleep Talk|p1b: THE WALL\n|move|p1b: THE WALL|Body Press|p2b: Sinistcha|[from] move: Sleep Talk\n|-immune|p2b: Sinistcha\n|\n|-heal|p2b: Sinistcha|39/100 tox|[from] item: Leftovers\n|-damage|p2b: Sinistcha|0 fnt|[from] psn\n|faint|p2b: Sinistcha\n|-damage|p2a: Basculegion|0 fnt|[from] brn\n|faint|p2a: Basculegion\n|\n|win|smooth719\n|raw|smooth719's rating: 1071 &rarr; <strong>1099</strong><br />(+28 for winning)\n|raw|Xanderinho's rating: 1051 &rarr; <strong>1034</strong><br />(-17 for losing)\n|l|\u2606Xanderinho\n|player|p2|\n",
  "uploadtime": 1775938482,
  "views": 20,
  "formatid": "gen9championsvgc2026regma",
  "rating": 1034,
  "private": 0,
  "password": null
}