{
  "id": "gen9championsvgc2026regma-2583801640",
  "format": "[Gen 9 Champions] VGC 2026 Reg M-A",
  "players": [
    "sasussaku04",
    "rasb"
  ],
  "log": "|j|\u2606sasussaku04\n|j|\u2606rasb\n|t:|1776198721\n|gametype|doubles\n|player|p1|sasussaku04|cilan|1000\n|player|p2|rasb|101|1000\n|gen|9\n|tier|[Gen 9 Champions] VGC 2026 Reg M-A\n|rated|\n|rule|Species Clause: Limit one of each Pok\u00e9mon\n|rule|Item Clause: Limit 1 of each item\n|clearpoke\n|poke|p1|Starmie, L50|\n|poke|p1|Serperior, L50, F|\n|poke|p1|Incineroar, L50, M|\n|poke|p1|Whimsicott, L50, F|\n|poke|p1|Zoroark-Hisui, L50, F|\n|poke|p1|Klefki, L50, F|\n|poke|p2|Floette-Eternal, L50, F|\n|poke|p2|Aerodactyl, L50, M|\n|poke|p2|Incineroar, L50, F|\n|poke|p2|Garchomp, L50, M|\n|poke|p2|Charizard, L50, M|\n|poke|p2|Venusaur, L50, M|\n|teampreview|4\n|inactive|Battle timer is ON: inactive players will automatically lose when time's up. (requested by rasb)\nrasb has agreed to open team sheets.\n|inactive|rasb has 60 seconds left.\n|inactive|rasb has 30 seconds left.\n|\n|t:|1776198790\n|teamsize|p1|4\n|teamsize|p2|4\n|start\n|switch|p1a: Ottavia|Starmie, L50|100/100\n|switch|p1b: Carlotta|Whimsicott, L50, F|100/100\n|switch|p2a: Charizard|Charizard, L50, M|100/100\n|switch|p2b: Venusaur|Venusaur, L50, M|100/100\n|turn|1\n|\n|t:|1776198814\n|detailschange|p1a: Ottavia|Starmie-Mega, L50\n|-mega|p1a: Ottavia|Starmie|Starminite\n|detailschange|p2a: Charizard|Charizard-Mega-Y, L50, M\n|-mega|p2a: Charizard|Charizard|Charizardite Y\n|-weather|SunnyDay|[from] ability: Drought|[of] p2a: Charizard\n|move|p2b: Venusaur|Sleep Powder|p1a: Ottavia\n|-status|p1a: Ottavia|slp|[from] move: Sleep Powder\n|move|p1b: Carlotta|Hyper Voice|p2b: Venusaur|[spread] p2a,p2b\n|-damage|p2a: Charizard|53/100\n|-damage|p2b: Venusaur|52/100\n|cant|p1a: Ottavia|slp\n|move|p2a: Charizard|Heat Wave|p1a: Ottavia|[spread] p1a,p1b\n|-resisted|p1a: Ottavia|1\n|-crit|p1a: Ottavia\n|-damage|p1a: Ottavia|45/100 slp\n|-damage|p1b: Carlotta|0 fnt\n|replace|p1b: Annalisa|Zoroark-Hisui, L50, F\n|-end|p1b: Annalisa|Illusion\n|faint|p1b: Annalisa\n|\n|-weather|SunnyDay|[upkeep]\n|upkeep\n|\n|t:|1776198838\n|switch|p1b: Adele|Incineroar, L50, M|100/100\n|-ability|p1b: Adele|Intimidate|boost\n|-unboost|p2a: Charizard|atk|1\n|-unboost|p2b: Venusaur|atk|1\n|turn|2\n|\n|t:|1776198856\n|move|p2a: Charizard|Protect|p2a: Charizard\n|-singleturn|p2a: Charizard|Protect\n|-curestatus|p1a: Ottavia|slp|[msg]\n|move|p1a: Ottavia|Aqua Jet|p2a: Charizard\n|-activate|p2a: Charizard|move: Protect\n|move|p2b: Venusaur|Sleep Powder|p1b: Adele\n|-status|p1b: Adele|slp|[from] move: Sleep Powder\n|cant|p1b: Adele|slp\n|\n|-weather|SunnyDay|[upkeep]\n|upkeep\n|turn|3\n|inactive|sasussaku04 has 30 seconds left.\n|\n|t:|1776198890\n|move|p1a: Ottavia|Aqua Jet|p2a: Charizard\n|-supereffective|p2a: Charizard|1\n|-damage|p2a: Charizard|6/100\n|move|p2b: Venusaur|Sludge Bomb|p1a: Ottavia\n|-crit|p1a: Ottavia\n|-damage|p1a: Ottavia|0 fnt\n|faint|p1a: Ottavia\n|move|p2a: Charizard|Heat Wave|p1b: Adele\n|-resisted|p1b: Adele|1\n|-damage|p1b: Adele|62/100 slp\n|cant|p1b: Adele|slp\n|\n|-weather|SunnyDay|[upkeep]\n|upkeep\n|\n|t:|1776198903\n|switch|p1a: Carlotta|Whimsicott, L50, F|100/100\n|turn|4\n|\n|t:|1776198924\n|move|p1a: Carlotta|Encore|p2a: Charizard\n|-start|p2a: Charizard|Encore\n|move|p2b: Venusaur|Sludge Bomb|p1a: Carlotta\n|-supereffective|p1a: Carlotta|2\n|-enditem|p1a: Carlotta|Focus Sash\n|-damage|p1a: Carlotta|1/100\n|move|p2a: Charizard|Heat Wave|p1a: Carlotta|[spread] p1a,p1b\n|-supereffective|p1a: Carlotta|1\n|-resisted|p1b: Adele|1\n|-damage|p1a: Carlotta|0 fnt\n|-damage|p1b: Adele|35/100 slp\n|-enditem|p1b: Adele|Sitrus Berry|[eat]\n|-heal|p1b: Adele|60/100 slp|[from] item: Sitrus Berry\n|faint|p1a: Carlotta\n|-curestatus|p1b: Adele|slp|[msg]\n|move|p1b: Adele|Flare Blitz|p2b: Venusaur\n|-supereffective|p2b: Venusaur|1\n|-damage|p2b: Venusaur|0 fnt\n|faint|p2b: Venusaur\n|-damage|p1b: Adele|47/100|[from] Recoil\n|\n|-weather|SunnyDay|[upkeep]\n|upkeep\n|\n|t:|1776198946\n|switch|p2b: Garchomp|Garchomp, L50, M|100/100\n|turn|5\n|\n|t:|1776198954\n|move|p2b: Garchomp|Earthquake|p1b: Adele|[spread] p1b\n|-immune|p2a: Charizard\n|-supereffective|p1b: Adele|1\n|-damage|p1b: Adele|0 fnt\n|faint|p1b: Adele\n|\n|win|rasb\n|raw|sasussaku04's rating: 1000 &rarr; <strong>1000</strong><br />(+0 for losing)\n|raw|rasb's rating: 1000 &rarr; <strong>1040</strong><br />(+40 for winning)\n",
  "uploadtime": 1776198954,
  "views": 14,
  "formatid": "gen9championsvgc2026regma",
  "rating": 1000,
  "private": 0,
  "password": null
}