{
  "id": "gen9championsvgc2026regma-2587339819",
  "format": "[Gen 9 Champions] VGC 2026 Reg M-A",
  "players": [
    "birdlover.123",
    "grrrrrrrrahchin"
  ],
  "log": "|j|\u2606birdlover.123\n|j|\u2606grrrrrrrrahchin\n|t:|1776523472\n|gametype|doubles\n|player|p1|birdlover.123|skyla|1109\n|player|p2|grrrrrrrrahchin|juggler|1019\n|gen|9\n|tier|[Gen 9 Champions] VGC 2026 Reg M-A\n|rated|\n|rule|Species Clause: Limit one of each Pok\u00e9mon\n|rule|Item Clause: Limit 1 of each item\n|clearpoke\n|poke|p1|Garchomp, L50, F|\n|poke|p1|Tyranitar, L50, F|\n|poke|p1|Gengar, L50, M|\n|poke|p1|Whimsicott, L50, F|\n|poke|p1|Rotom-Wash, L50|\n|poke|p1|Sneasler, L50, M|\n|poke|p2|Garchomp, L50, M|\n|poke|p2|Tyranitar, L50, M|\n|poke|p2|Aerodactyl, L50, M|\n|poke|p2|Gengar, L50, F|\n|poke|p2|Rotom-Wash, L50|\n|poke|p2|Sneasler, L50, M|\n|teampreview|4\n|c|\u2606birdlover.123|cool team\n|inactive|Battle timer is ON: inactive players will automatically lose when time's up. (requested by grrrrrrrrahchin)\n|\n|t:|1776523507\n|teamsize|p1|4\n|teamsize|p2|4\n|start\n|switch|p1a: Rotom|Rotom-Wash, L50|100/100\n|switch|p1b: Whimsicott|Whimsicott, L50, F|100/100\n|switch|p2a: Echo|Garchomp, L50, M|100/100\n|switch|p2b: NOOOO MY FOOD|Aerodactyl, L50, M|100/100\n|-ability|p2b: NOOOO MY FOOD|Unnerve\n|turn|1\n|c|\u2606grrrrrrrrahchin|Did you perhaps take some inspiration\n|inactive|birdlover.123 has 30 seconds left.\n|inactive|grrrrrrrrahchin has 30 seconds left.\n|c|\u2606birdlover.123|maybe\n|\n|t:|1776523543\n|detailschange|p2a: Echo|Garchomp-Mega, L50, M\n|-mega|p2a: Echo|Garchomp|Garchompite\n|move|p1b: Whimsicott|Protect|p1b: Whimsicott\n|-singleturn|p1b: Whimsicott|Protect\n|move|p2b: NOOOO MY FOOD|Tailwind|p2b: NOOOO MY FOOD\n|-sidestart|p2: grrrrrrrrahchin|move: Tailwind\n|move|p2a: Echo|Iron Head|p1b: Whimsicott\n|-activate|p1b: Whimsicott|move: Protect\n|move|p1a: Rotom|Will-O-Wisp|p2a: Echo\n|-status|p2a: Echo|brn\n|\n|-damage|p2a: Echo|95/100 brn|[from] brn\n|upkeep\n|turn|2\n|\n|t:|1776523562\n|move|p2a: Echo|Protect|p2a: Echo\n|-singleturn|p2a: Echo|Protect\n|move|p1b: Whimsicott|Tailwind|p1b: Whimsicott\n|-sidestart|p1: birdlover.123|move: Tailwind\n|move|p2b: NOOOO MY FOOD|Dual Wingbeat|p1b: Whimsicott\n|-supereffective|p1b: Whimsicott|1\n|-damage|p1b: Whimsicott|61/100\n|-supereffective|p1b: Whimsicott|1\n|-damage|p1b: Whimsicott|20/100\n|-hitcount|p1b: Whimsicott|2\n|move|p1a: Rotom|Volt Switch|p2b: NOOOO MY FOOD\n|-supereffective|p2b: NOOOO MY FOOD|1\n|-damage|p2b: NOOOO MY FOOD|19/100\n|\n|t:|1776523578\n|switch|p1a: Gengar|Gengar, L50, M|100/100|[from] Volt Switch\n|\n|-damage|p2a: Echo|89/100 brn|[from] brn\n|upkeep\n|turn|3\n|\n|t:|1776523598\n|move|p1a: Gengar|Protect|p1a: Gengar\n|-singleturn|p1a: Gengar|Protect\n|move|p1b: Whimsicott|Fake Tears|p2a: Echo\n|-unboost|p2a: Echo|spd|2\n|move|p2b: NOOOO MY FOOD|Rock Slide|p1b: Whimsicott|[spread] p1b\n|-activate|p1a: Gengar|move: Protect\n|-damage|p1b: Whimsicott|0 fnt\n|faint|p1b: Whimsicott\n|move|p2a: Echo|Earthquake|p1a: Gengar|[spread] \n|-activate|p1a: Gengar|move: Protect\n|-immune|p2b: NOOOO MY FOOD\n|\n|-damage|p2a: Echo|83/100 brn|[from] brn\n|upkeep\n|\n|t:|1776523608\n|switch|p1b: Rotom|Rotom-Wash, L50|100/100\n|turn|4\n|\n|t:|1776523616\n|detailschange|p1a: Gengar|Gengar-Mega, L50, M\n|-mega|p1a: Gengar|Gengar|Gengarite\n|move|p2a: Echo|Protect|p2a: Echo\n|-singleturn|p2a: Echo|Protect\n|move|p1b: Rotom|Protect|p1b: Rotom\n|-singleturn|p1b: Rotom|Protect\n|move|p2b: NOOOO MY FOOD|Rock Slide|p1a: Gengar|[spread] p1a\n|-activate|p1b: Rotom|move: Protect\n|-damage|p1a: Gengar|60/100\n|move|p1a: Gengar|Sludge Wave|p2b: NOOOO MY FOOD|[spread] p2b\n|-activate|p1b: Rotom|move: Protect\n|-activate|p2a: Echo|move: Protect\n|-resisted|p2b: NOOOO MY FOOD|1\n|-damage|p2b: NOOOO MY FOOD|0 fnt\n|faint|p2b: NOOOO MY FOOD\n|\n|-damage|p2a: Echo|77/100 brn|[from] brn\n|-sideend|p2: grrrrrrrrahchin|move: Tailwind\n|upkeep\n|\n|t:|1776523632\n|switch|p2b: Washing Machine|Rotom-Wash, L50|100/100\n|turn|5\n|\n|t:|1776523642\n|move|p1a: Gengar|Sludge Wave|p2b: Washing Machine|[spread] p1b,p2a,p2b\n|-resisted|p2a: Echo|1\n|-damage|p1b: Rotom|52/100\n|-damage|p2a: Echo|32/100 brn\n|-damage|p2b: Washing Machine|56/100\n|move|p1b: Rotom|Volt Switch|p2b: Washing Machine\n|-damage|p2b: Washing Machine|29/100\n|\n|t:|1776523648\n|switch|p1b: Tyranitar|Tyranitar, L50, F|100/100|[from] Volt Switch\n|-weather|Sandstorm|[from] ability: Sand Stream|[of] p1b: Tyranitar\n|move|p2a: Echo|Earthquake|p1a: Gengar|[spread] p1a,p1b\n|-immune|p2b: Washing Machine|[from] ability: Levitate\n|-supereffective|p1a: Gengar|1\n|-supereffective|p1b: Tyranitar|1\n|-enditem|p1b: Tyranitar|Shuca Berry|[eat]\n|-enditem|p1b: Tyranitar|Shuca Berry|[weaken]\n|-damage|p1a: Gengar|0 fnt\n|-damage|p1b: Tyranitar|77/100\n|faint|p1a: Gengar\n|move|p2b: Washing Machine|Discharge|p1b: Tyranitar|[spread] p1b\n|-immune|p2a: Echo\n|-damage|p1b: Tyranitar|56/100\n|-status|p1b: Tyranitar|par\n|\n|-weather|Sandstorm|[upkeep]\n|-damage|p2b: Washing Machine|23/100|[from] Sandstorm\n|-damage|p2a: Echo|26/100 brn|[from] brn\n|-sideend|p1: birdlover.123|move: Tailwind\n|upkeep\n|\n|t:|1776523652\n|switch|p1a: Rotom|Rotom-Wash, L50|52/100\n|turn|6\n|\n|t:|1776523668\n|move|p2a: Echo|Earthquake|p1a: Rotom|[spread] p1b\n|-immune|p2b: Washing Machine|[from] ability: Levitate\n|-immune|p1a: Rotom|[from] ability: Levitate\n|-supereffective|p1b: Tyranitar|1\n|-damage|p1b: Tyranitar|4/100 par\n|move|p1a: Rotom|Volt Switch|p2b: Washing Machine\n|-damage|p2b: Washing Machine|0 fnt\n|faint|p2b: Washing Machine\n|move|p1b: Tyranitar|Ice Punch|p2a: Echo\n|-supereffective|p2a: Echo|2\n|-damage|p2a: Echo|0 fnt\n|faint|p2a: Echo\n|\n|-weather|Sandstorm|[upkeep]\n|-damage|p1a: Rotom|46/100|[from] Sandstorm\n|-heal|p1a: Rotom|52/100|[from] item: Leftovers\n|upkeep\n|\n|t:|1776523678\n|switch|p2b: Don't Fight Guys!|Tyranitar, L50, M|100/100\n|turn|7\n|\n|t:|1776523685\n|move|p1b: Tyranitar|Protect|p1b: Tyranitar\n|-singleturn|p1b: Tyranitar|Protect\n|move|p2b: Don't Fight Guys!|Rock Slide|p1b: Tyranitar|[spread] p1a\n|-activate|p1b: Tyranitar|move: Protect\n|-crit|p1a: Rotom\n|-damage|p1a: Rotom|0 fnt\n|faint|p1a: Rotom\n|\n|-weather|Sandstorm|[upkeep]\n|upkeep\n|turn|8\n|\n|t:|1776523693\n|move|p2b: Don't Fight Guys!|Rock Slide|p1b: Tyranitar\n|-damage|p1b: Tyranitar|0 fnt\n|faint|p1b: Tyranitar\n|\n|win|grrrrrrrrahchin\n|raw|birdlover.123's rating: 1109 &rarr; <strong>1078</strong><br />(-31 for losing)\n|raw|grrrrrrrrahchin's rating: 1019 &rarr; <strong>1066</strong><br />(+47 for winning)\n|l|\u2606birdlover.123\n|player|p1|\n|c|\u2606grrrrrrrrahchin|The OG is better\n|l|\u2606grrrrrrrrahchin\n|player|p2|\n|j|\u2606grrrrrrrrahchin\n|player|p2|grrrrrrrrahchin|juggler|\n",
  "uploadtime": 1776523718,
  "views": 21,
  "formatid": "gen9championsvgc2026regma",
  "rating": 1066,
  "private": 0,
  "password": null
}