{
  "id": "gen9championsvgc2026regma-2584907909",
  "format": "[Gen 9 Champions] VGC 2026 Reg M-A",
  "players": [
    "BK Sergio",
    "FlutterGainz"
  ],
  "log": "|j|\u2606BK Sergio\n|j|\u2606FlutterGainz\n|t:|1776293476\n|gametype|doubles\n|player|p1|BK Sergio|birdkeeper-gen4dp|1356\n|player|p2|FlutterGainz|ninjaboy|1298\n|gen|9\n|tier|[Gen 9 Champions] VGC 2026 Reg M-A\n|rated|\n|rule|Species Clause: Limit one of each Pok\u00e9mon\n|rule|Item Clause: Limit 1 of each item\n|clearpoke\n|poke|p1|Pelipper, L50, M|\n|poke|p1|Quaquaval, L50, F|\n|poke|p1|Incineroar, L50, M|\n|poke|p1|Manectric, L50, M|\n|poke|p1|Basculegion, L50, M|\n|poke|p1|Meganium, L50, F|\n|poke|p2|Gengar, L50, M|\n|poke|p2|Kangaskhan, L50, F|\n|poke|p2|Palafin, L50, M|\n|poke|p2|Incineroar, L50, M|\n|poke|p2|Kommo-o, L50, M|\n|poke|p2|Whimsicott, L50, F|\n|teampreview|4\n|j| Fredbear&Memes\n|c| Fredbear&Memes|Don't mind me!\n|\n|t:|1776293522\n|teamsize|p1|4\n|teamsize|p2|4\n|start\n|switch|p1a: Felipe|Pelipper, L50, M|100/100\n|switch|p1b: Quaquaval|Quaquaval, L50, F|100/100\n|switch|p2a: Gengar|Gengar, L50, M|100/100\n|switch|p2b: Palafin|Palafin, L50, M|100/100\n|-weather|RainDance|[from] ability: Drizzle|[of] p1a: Felipe\n|turn|1\n|\n|t:|1776293544\n|detailschange|p2a: Gengar|Gengar-Mega, L50, M\n|-mega|p2a: Gengar|Gengar|Gengarite\n|move|p2a: Gengar|Sludge Bomb|p1a: Felipe\n|-damage|p1a: Felipe|22/100\n|move|p1b: Quaquaval|Aqua Step|p2a: Gengar\n|-damage|p2a: Gengar|30/100\n|-boost|p1b: Quaquaval|spe|1\n|move|p2b: Palafin|Flip Turn|p1a: Felipe\n|-resisted|p1a: Felipe|1\n|-damage|p1a: Felipe|0 fnt\n|faint|p1a: Felipe\n|l| Fredbear&Memes\n|\n|t:|1776293557\n|detailschange|p2b: Palafin|Palafin-Hero, L50, M\n|switch|p2b: Incineroar|Incineroar, L50, M|100/100|[from] Flip Turn\n|-ability|p2b: Incineroar|Intimidate|boost\n|-unboost|p1b: Quaquaval|atk|1\n|-enditem|p1b: Quaquaval|White Herb\n|-clearnegativeboost|p1b: Quaquaval|[silent]\n|\n|-weather|RainDance|[upkeep]\n|upkeep\n|\n|t:|1776293566\n|switch|p1a: Basculegion|Basculegion, L50, M|100/100\n|turn|2\n|\n|t:|1776293592\n|move|p2a: Gengar|Protect|p2a: Gengar\n|-singleturn|p2a: Gengar|Protect\n|move|p1b: Quaquaval|Aqua Step|p2b: Incineroar\n|-supereffective|p2b: Incineroar|1\n|-damage|p2b: Incineroar|0 fnt\n|-boost|p1b: Quaquaval|spe|1\n|faint|p2b: Incineroar\n|-ability|p1b: Quaquaval|Moxie|boost\n|-boost|p1b: Quaquaval|atk|1\n|move|p1a: Basculegion|Wave Crash|p2a: Gengar\n|-activate|p2a: Gengar|move: Protect\n|\n|-weather|RainDance|[upkeep]\n|upkeep\n|\n|t:|1776293604\n|switch|p2b: Palafin|Palafin-Hero, L50, M|100/100\n|-activate|p2b: Palafin|ability: Zero to Hero\n|turn|3\n|\n|t:|1776293615\n|switch|p2a: Whimsicott|Whimsicott, L50, F|100/100\n|move|p2b: Palafin|Jet Punch|p1b: Quaquaval\n|-resisted|p1b: Quaquaval|1\n|-damage|p1b: Quaquaval|52/100\n|move|p1b: Quaquaval|Close Combat|p2b: Palafin\n|-damage|p2b: Palafin|27/100\n|-unboost|p1b: Quaquaval|def|1\n|-unboost|p1b: Quaquaval|spd|1\n|move|p1a: Basculegion|Wave Crash|p2a: Whimsicott\n|-resisted|p2a: Whimsicott|1\n|-damage|p2a: Whimsicott|10/100\n|-damage|p1a: Basculegion|80/100|[from] Recoil\n|\n|-weather|RainDance|[upkeep]\n|upkeep\n|turn|4\n|\n|t:|1776293644\n|move|p1b: Quaquaval|Protect|p1b: Quaquaval\n|-singleturn|p1b: Quaquaval|Protect\n|move|p2a: Whimsicott|Tailwind|p2a: Whimsicott\n|-sidestart|p2: FlutterGainz|move: Tailwind\n|move|p2b: Palafin|Wave Crash|p1b: Quaquaval\n|-activate|p1b: Quaquaval|move: Protect\n|move|p1a: Basculegion|Wave Crash|p2a: Whimsicott\n|-resisted|p2a: Whimsicott|1\n|-damage|p2a: Whimsicott|0 fnt\n|faint|p2a: Whimsicott\n|-damage|p1a: Basculegion|78/100|[from] Recoil\n|\n|-weather|RainDance|[upkeep]\n|upkeep\n|\n|t:|1776293647\n|switch|p2a: Gengar|Gengar-Mega, L50, M|30/100\n|turn|5\n|\n|t:|1776293683\n|move|p2b: Palafin|Jet Punch|p1b: Quaquaval\n|-resisted|p1b: Quaquaval|1\n|-damage|p1b: Quaquaval|0 fnt\n|faint|p1b: Quaquaval\n|move|p2a: Gengar|Shadow Ball|p1a: Basculegion\n|-supereffective|p1a: Basculegion|1\n|-damage|p1a: Basculegion|0 fnt\n|faint|p1a: Basculegion\n|\n|-weather|none\n|upkeep\n|\n|t:|1776293694\n|switch|p1b: Meganium|Meganium, L50, F|100/100\n|turn|6\n|\n|t:|1776293707\n|move|p2a: Gengar|Sludge Bomb|p1b: Meganium\n|-supereffective|p1b: Meganium|1\n|-damage|p1b: Meganium|4/100\n|move|p2b: Palafin|Wave Crash|p1b: Meganium\n|-resisted|p1b: Meganium|1\n|-damage|p1b: Meganium|0 fnt\n|faint|p1b: Meganium\n|-damage|p2b: Palafin|26/100|[from] Recoil\n|\n|win|FlutterGainz\n|raw|BK Sergio's rating: 1356 &rarr; <strong>1333</strong><br />(-23 for losing)\n|raw|FlutterGainz's rating: 1298 &rarr; <strong>1327</strong><br />(+29 for winning)\n",
  "uploadtime": 1776293711,
  "views": 50,
  "formatid": "gen9championsvgc2026regma",
  "rating": 1327,
  "private": 0,
  "password": null
}