{
  "id": "gen9championsvgc2026regma-2585623563",
  "format": "[Gen 9 Champions] VGC 2026 Reg M-A",
  "players": [
    "Magiccatcher",
    "jfkdjfks"
  ],
  "log": "|j|\u2606Magiccatcher\n|j|\u2606jfkdjfks\n|t:|1776359568\n|gametype|doubles\n|player|p1|Magiccatcher|169|1100\n|player|p2|jfkdjfks|102|1000\n|gen|9\n|tier|[Gen 9 Champions] VGC 2026 Reg M-A\n|rated|\n|rule|Species Clause: Limit one of each Pok\u00e9mon\n|rule|Item Clause: Limit 1 of each item\n|clearpoke\n|poke|p1|Gengar, L50, M|\n|poke|p1|Blastoise, L50, M|\n|poke|p1|Incineroar, L50, F|\n|poke|p1|Kommo-o, L50, M|\n|poke|p1|Altaria, L50, M|\n|poke|p1|Morpeko, L50, M|\n|poke|p2|Milotic, L50, M|\n|poke|p2|Incineroar, L50, M|\n|poke|p2|Sneasler, L50, F|\n|poke|p2|Sinistcha, L50|\n|poke|p2|Garchomp, L50, F|\n|poke|p2|Aerodactyl, L50, M|\n|teampreview|4\nMagiccatcher rejected open team sheets.\n|\n|t:|1776359604\n|teamsize|p1|4\n|teamsize|p2|4\n|start\n|switch|p1a: Gengar|Gengar, L50, M, shiny|100/100\n|switch|p1b: Incineroar|Incineroar, L50, F|100/100\n|switch|p2a: Milotic|Milotic, L50, M|100/100\n|switch|p2b: Incineroar|Incineroar, L50, M|100/100\n|-ability|p2b: Incineroar|Intimidate|boost\n|-unboost|p1a: Gengar|atk|1\n|-unboost|p1b: Incineroar|atk|1\n|-ability|p1b: Incineroar|Intimidate|boost\n|-unboost|p2a: Milotic|atk|1\n|-ability|p2a: Milotic|Competitive|boost\n|-boost|p2a: Milotic|spa|2\n|-unboost|p2b: Incineroar|atk|1\n|turn|1\n|\n|t:|1776359641\n|detailschange|p1a: Gengar|Gengar-Mega, L50, M, shiny\n|-mega|p1a: Gengar|Gengar|Gengarite\n|move|p2b: Incineroar|Fake Out|p1b: Incineroar\n|-crit|p1b: Incineroar\n|-damage|p1b: Incineroar|89/100\n|cant|p1b: Incineroar|flinch\n|move|p1a: Gengar|Perish Song|p1a: Gengar\n|-start|p1a: Gengar|perish3|[silent]\n|-start|p1b: Incineroar|perish3|[silent]\n|-start|p2a: Milotic|perish3|[silent]\n|-start|p2b: Incineroar|perish3|[silent]\n|-fieldactivate|move: Perish Song\n|move|p2a: Milotic|Scald|p1b: Incineroar\n|-supereffective|p1b: Incineroar|1\n|-damage|p1b: Incineroar|0 fnt\n|faint|p1b: Incineroar\n|\n|-start|p1a: Gengar|perish3\n|-start|p2a: Milotic|perish3\n|-start|p2b: Incineroar|perish3\n|upkeep\n|\n|t:|1776359657\n|switch|p1b: Morpeko|Morpeko, L50, M|100/100\n|turn|2\n|\n|t:|1776359668\n|move|p2a: Milotic|Protect|p2a: Milotic\n|-singleturn|p2a: Milotic|Protect\n|move|p1a: Gengar|Shadow Ball|p2a: Milotic\n|-activate|p2a: Milotic|move: Protect\n|move|p1b: Morpeko|Aura Wheel|p2a: Milotic\n|-activate|p2a: Milotic|move: Protect\n|move|p2b: Incineroar|Throat Chop|p1a: Gengar\n|-supereffective|p1a: Gengar|1\n|-damage|p1a: Gengar|47/100\n|-start|p1a: Gengar|Throat Chop|[silent]\n|\n|-start|p1a: Gengar|perish2\n|-start|p2a: Milotic|perish2\n|-start|p2b: Incineroar|perish2\n|-formechange|p1b: Morpeko|Morpeko-Hangry|\n|upkeep\n|turn|3\n|\n|t:|1776359712\n|switch|p1a: Kommo-o|Kommo-o, L50, M|100/100\n|move|p1b: Morpeko|Aura Wheel|p2a: Milotic\n|-damage|p2a: Milotic|57/100\n|-boost|p1b: Morpeko|spe|1\n|move|p2a: Milotic|Icy Wind|p1b: Morpeko|[spread] p1a\n|-miss|p2a: Milotic|p1b: Morpeko\n|-supereffective|p1a: Kommo-o|1\n|-damage|p1a: Kommo-o|65/100\n|-unboost|p1a: Kommo-o|spe|1\n|move|p2b: Incineroar|Parting Shot|p1b: Morpeko\n|-unboost|p1b: Morpeko|atk|1\n|-unboost|p1b: Morpeko|spa|1\n|\n|t:|1776359735\n|switch|p2b: Garchomp|Garchomp, L50, F|100/100|[from] Parting Shot\n|\n|-heal|p2a: Milotic|63/100|[from] item: Leftovers\n|-start|p2a: Milotic|perish1\n|-formechange|p1b: Morpeko|Morpeko|\n|upkeep\n|turn|4\n|\n|t:|1776359763\n|switch|p2a: Aerodactyl|Aerodactyl, L50, M|100/100\n|move|p1b: Morpeko|Aura Wheel|p2a: Aerodactyl\n|-supereffective|p2a: Aerodactyl|1\n|-damage|p2a: Aerodactyl|0 fnt\n|-boost|p1b: Morpeko|spe|1\n|faint|p2a: Aerodactyl\n|move|p2b: Garchomp|Earthquake|p1b: Morpeko|[spread] p1a,p1b\n|-supereffective|p1b: Morpeko|1\n|-damage|p1a: Kommo-o|33/100\n|-enditem|p1b: Morpeko|Focus Sash\n|-damage|p1b: Morpeko|1/100\n|move|p1a: Kommo-o|Body Press|p2b: Garchomp\n|-damage|p2b: Garchomp|61/100\n|-damage|p1a: Kommo-o|21/100|[from] ability: Rough Skin|[of] p2b: Garchomp\n|\n|-formechange|p1b: Morpeko|Morpeko-Hangry|\n|upkeep\n|\n|t:|1776359782\n|switch|p2a: Milotic|Milotic, L50, M|63/100\n|turn|5\n|inactive|Battle timer is ON: inactive players will automatically lose when time's up. (requested by jfkdjfks)\n|\n|t:|1776359825\n|move|p2a: Milotic|Protect|p2a: Milotic\n|-singleturn|p2a: Milotic|Protect\n|move|p1a: Kommo-o|Protect|p1a: Kommo-o\n|-singleturn|p1a: Kommo-o|Protect\n|move|p1b: Morpeko|Aura Wheel|p2b: Garchomp\n|-damage|p2b: Garchomp|31/100\n|-boost|p1b: Morpeko|spe|1\n|move|p2b: Garchomp|Earthquake|p1a: Kommo-o|[spread] p1b\n|-activate|p2a: Milotic|move: Protect\n|-activate|p1a: Kommo-o|move: Protect\n|-supereffective|p1b: Morpeko|1\n|-damage|p1b: Morpeko|0 fnt\n|faint|p1b: Morpeko\n|\n|-heal|p2a: Milotic|69/100|[from] item: Leftovers\n|upkeep\n|\n|t:|1776359840\n|switch|p1b: Gengar|Gengar-Mega, L50, M, shiny|47/100\n|turn|6\n|inactive|Magiccatcher has 30 seconds left.\n|inactive|Magiccatcher has 20 seconds left.\n|\n|t:|1776359877\n|move|p1b: Gengar|Shadow Ball|p2b: Garchomp\n|-crit|p2b: Garchomp\n|-damage|p2b: Garchomp|0 fnt\n|faint|p2b: Garchomp\n|move|p2a: Milotic|Icy Wind|p1b: Gengar|[spread] p1a,p1b\n|-supereffective|p1a: Kommo-o|1\n|-damage|p1a: Kommo-o|2/100\n|-damage|p1b: Gengar|34/100\n|-unboost|p1a: Kommo-o|spe|1\n|-unboost|p1b: Gengar|spe|1\n|move|p1a: Kommo-o|Draco Meteor|p2a: Milotic\n|-damage|p2a: Milotic|33/100\n|-unboost|p1a: Kommo-o|spa|2\n|\n|-heal|p2a: Milotic|39/100|[from] item: Leftovers\n|upkeep\n|\n|t:|1776359895\n|switch|p2b: Incineroar|Incineroar, L50, M|100/100\n|-ability|p2b: Incineroar|Intimidate|boost\n|-unboost|p1a: Kommo-o|atk|1\n|-unboost|p1b: Gengar|atk|1\n|turn|7\n|\n|t:|1776359905\n|move|p1b: Gengar|Protect|p1b: Gengar\n|-singleturn|p1b: Gengar|Protect\n|move|p2b: Incineroar|Fake Out|p1a: Kommo-o\n|-damage|p1a: Kommo-o|0 fnt\n|faint|p1a: Kommo-o\n|move|p2a: Milotic|Scald|p1b: Gengar\n|-activate|p1b: Gengar|move: Protect\n|\n|-heal|p2a: Milotic|45/100|[from] item: Leftovers\n|upkeep\n|turn|8\n|\n|t:|1776359921\n|move|p1b: Gengar|Shadow Ball|p2a: Milotic\n|-damage|p2a: Milotic|11/100\n|move|p2a: Milotic|Recover|p2a: Milotic\n|-heal|p2a: Milotic|61/100\n|move|p2b: Incineroar|Throat Chop|p1b: Gengar\n|-supereffective|p1b: Gengar|1\n|-damage|p1b: Gengar|0 fnt\n|faint|p1b: Gengar\n|\n|win|jfkdjfks\n|raw|Magiccatcher's rating: 1100 &rarr; <strong>1068</strong><br />(-32 for losing)\n|raw|jfkdjfks's rating: 1000 &rarr; <strong>1051</strong><br />(+51 for winning)\n|l|\u2606Magiccatcher\n|player|p1|\n",
  "uploadtime": 1776359937,
  "views": 26,
  "formatid": "gen9championsvgc2026regma",
  "rating": 1051,
  "private": 0,
  "password": null
}