{
  "id": "gen9championsvgc2026regma-2587022659",
  "format": "[Gen 9 Champions] VGC 2026 Reg M-A",
  "players": [
    "mrguy888",
    "Tankiton"
  ],
  "log": "|j|\u2606mrguy888\n|j|\u2606Tankiton\n|t:|1776482216\n|gametype|doubles\n|player|p1|mrguy888|noland-gen3|1324\n|player|p2|Tankiton|169|1385\n|gen|9\n|tier|[Gen 9 Champions] VGC 2026 Reg M-A\n|rated|\n|rule|Species Clause: Limit one of each Pok\u00e9mon\n|rule|Item Clause: Limit 1 of each item\n|clearpoke\n|poke|p1|Floette-Eternal, L50, F|\n|poke|p1|Aerodactyl, L50, F|\n|poke|p1|Tauros-Paldea-Aqua, L50, M|\n|poke|p1|Kangaskhan, L50, F|\n|poke|p1|Rotom-Heat, L50|\n|poke|p1|Aegislash, L50, M|\n|poke|p2|Floette-Eternal, L50, F|\n|poke|p2|Rotom-Wash, L50|\n|poke|p2|Garchomp, L50, F|\n|poke|p2|Sneasler, L50, M|\n|poke|p2|Aerodactyl, L50, F|\n|poke|p2|Incineroar, L50, F|\n|teampreview|4\n|inactive|Battle timer is ON: inactive players will automatically lose when time's up. (requested by mrguy888)\n|\n|t:|1776482241\n|teamsize|p1|4\n|teamsize|p2|4\n|start\n|switch|p1a: Rotom|Rotom-Heat, L50|100/100\n|switch|p1b: Aerodactyl|Aerodactyl, L50, F|100/100\n|switch|p2a: Rotom|Rotom-Wash, L50|100/100\n|switch|p2b: Floette|Floette-Eternal, L50, F|100/100\n|-ability|p1b: Aerodactyl|Unnerve\n|turn|1\n|\n|t:|1776482261\n|detailschange|p2b: Floette|Floette-Mega, L50, F\n|-mega|p2b: Floette|Floette|Floettite\n|-ability|p2b: Floette|Fairy Aura\n|move|p1a: Rotom|Electroweb|p2a: Rotom|[spread] p2a,p2b\n|-damage|p2a: Rotom|81/100\n|-damage|p2b: Floette|89/100\n|-unboost|p2a: Rotom|spe|1\n|-unboost|p2b: Floette|spe|1\n|move|p1b: Aerodactyl|Tailwind|p1b: Aerodactyl\n|-sidestart|p1: mrguy888|move: Tailwind\n|move|p2a: Rotom|Volt Switch|p1b: Aerodactyl\n|-supereffective|p1b: Aerodactyl|1\n|-damage|p1b: Aerodactyl|8/100\n|\n|t:|1776482272\n|switch|p2a: Incineroar|Incineroar, L50, F|100/100|[from] Volt Switch\n|-ability|p2a: Incineroar|Intimidate|boost\n|-unboost|p1a: Rotom|atk|1\n|-unboost|p1b: Aerodactyl|atk|1\n|move|p2b: Floette|Calm Mind|p2b: Floette\n|-boost|p2b: Floette|spa|1\n|-boost|p2b: Floette|spd|1\n|\n|upkeep\n|turn|2\n|\n|t:|1776482290\n|switch|p1b: Floette|Floette-Eternal, L50, F|100/100\n|move|p2a: Incineroar|Fake Out|p1a: Rotom\n|-damage|p1a: Rotom|88/100\n|cant|p1a: Rotom|flinch\n|move|p2b: Floette|Calm Mind|p2b: Floette\n|-boost|p2b: Floette|spa|1\n|-boost|p2b: Floette|spd|1\n|\n|upkeep\n|turn|3\n|inactive|Tankiton has 30 seconds left.\n|\n|t:|1776482317\n|switch|p1a: Aegislash|Aegislash, L50, M|100/100\n|detailschange|p1b: Floette|Floette-Mega, L50, F\n|-mega|p1b: Floette|Floette|Floettite\n|-ability|p1b: Floette|Fairy Aura\n|move|p1b: Floette|Moonblast|p2b: Floette\n|-damage|p2b: Floette|62/100\n|move|p2b: Floette|Calm Mind|p2b: Floette\n|-boost|p2b: Floette|spa|1\n|-boost|p2b: Floette|spd|1\n|move|p2a: Incineroar|Parting Shot|p1b: Floette\n|-unboost|p1b: Floette|atk|1\n|-unboost|p1b: Floette|spa|1\n|\n|t:|1776482331\n|switch|p2a: Rotom|Rotom-Wash, L50|81/100|[from] Parting Shot\n|\n|upkeep\n|turn|4\n|\n|t:|1776482340\n|switch|p1b: Aerodactyl|Aerodactyl, L50, F|8/100\n|-ability|p1b: Aerodactyl|Unnerve\n|move|p2b: Floette|Protect|p2b: Floette\n|-singleturn|p2b: Floette|Protect\n|move|p2a: Rotom|Will-O-Wisp|p1a: Aegislash\n|-status|p1a: Aegislash|brn\n|-formechange|p1a: Aegislash|Aegislash-Blade|\n|move|p1a: Aegislash|Iron Head|p2b: Floette\n|-activate|p2b: Floette|move: Protect\n|\n|-damage|p1a: Aegislash|94/100 brn|[from] brn\n|-sideend|p1: mrguy888|move: Tailwind\n|upkeep\n|turn|5\n|inactive|Tankiton has 30 seconds left.\n|\n|t:|1776482369\n|switch|p2a: Incineroar|Incineroar, L50, F|100/100\n|-ability|p2a: Incineroar|Intimidate|boost\n|-unboost|p1a: Aegislash|atk|1\n|-unboost|p1b: Aerodactyl|atk|1\n|move|p1b: Aerodactyl|Tailwind|p1b: Aerodactyl\n|-sidestart|p1: mrguy888|move: Tailwind\n|move|p1a: Aegislash|Iron Head|p2b: Floette\n|-supereffective|p2b: Floette|1\n|-damage|p2b: Floette|30/100\n|cant|p2b: Floette|flinch\n|\n|-damage|p1a: Aegislash|88/100 brn|[from] brn\n|upkeep\n|turn|6\n|inactive|Tankiton has 30 seconds left.\n|inactive|Tankiton has 20 seconds left.\n|inactive|Tankiton has 15 seconds left.\n|\n|t:|1776482409\n|move|p2b: Floette|Protect|p2b: Floette\n|-singleturn|p2b: Floette|Protect\n|move|p1b: Aerodactyl|Rock Slide|p2a: Incineroar|[spread] \n|-activate|p2b: Floette|move: Protect\n|-miss|p1b: Aerodactyl|p2a: Incineroar\n|move|p1a: Aegislash|Iron Head|p2b: Floette\n|-activate|p2b: Floette|move: Protect\n|move|p2a: Incineroar|Parting Shot|p1b: Aerodactyl\n|-unboost|p1b: Aerodactyl|atk|1\n|-unboost|p1b: Aerodactyl|spa|1\n|\n|t:|1776482420\n|switch|p2a: Rotom|Rotom-Wash, L50|81/100|[from] Parting Shot\n|\n|-damage|p1a: Aegislash|82/100 brn|[from] brn\n|upkeep\n|turn|7\n|\n|t:|1776482440\n|switch|p2b: Incineroar|Incineroar, L50, F|100/100\n|-ability|p2b: Incineroar|Intimidate|boost\n|-unboost|p1a: Aegislash|atk|1\n|-unboost|p1b: Aerodactyl|atk|1\n|move|p1b: Aerodactyl|Dual Wingbeat|p2b: Incineroar|[miss]\n|-miss|p1b: Aerodactyl|p2b: Incineroar\n|move|p2a: Rotom|Electroweb|p1b: Aerodactyl|[spread] p1a,p1b\n|-supereffective|p1b: Aerodactyl|1\n|-damage|p1a: Aegislash|51/100 brn\n|-damage|p1b: Aerodactyl|0 fnt\n|-unboost|p1a: Aegislash|spe|1\n|faint|p1b: Aerodactyl\n|move|p1a: Aegislash|Iron Head|p2b: Incineroar\n|-resisted|p2b: Incineroar|1\n|-damage|p2b: Incineroar|96/100\n|\n|-damage|p1a: Aegislash|45/100 brn|[from] brn\n|upkeep\n|\n|t:|1776482445\n|switch|p1b: Floette|Floette-Mega, L50, F|100/100\n|-ability|p1b: Floette|Fairy Aura\n|turn|8\n|\n|t:|1776482460\n|switch|p1a: Rotom|Rotom-Heat, L50|88/100\n|move|p2b: Incineroar|Fake Out|p1b: Floette\n|-damage|p1b: Floette|88/100\n|cant|p1b: Floette|flinch\n|move|p2a: Rotom|Electroweb|p1a: Rotom|[spread] p1a,p1b\n|-resisted|p1a: Rotom|1\n|-damage|p1a: Rotom|79/100\n|-damage|p1b: Floette|78/100\n|-unboost|p1a: Rotom|spe|1\n|-unboost|p1b: Floette|spe|1\n|\n|-sideend|p1: mrguy888|move: Tailwind\n|upkeep\n|turn|9\n|inactive|mrguy888 has 30 seconds left.\n|\n|t:|1776482492\n|move|p2a: Rotom|Electroweb|p1a: Rotom|[spread] p1a,p1b\n|-resisted|p1a: Rotom|1\n|-damage|p1a: Rotom|69/100\n|-damage|p1b: Floette|66/100\n|-unboost|p1a: Rotom|spe|1\n|-unboost|p1b: Floette|spe|1\n|move|p1a: Rotom|Volt Switch|p2b: Incineroar\n|-damage|p2b: Incineroar|73/100\n|\n|t:|1776482499\n|switch|p1a: Aegislash|Aegislash, L50, M|45/100 brn|[from] Volt Switch\n|move|p2b: Incineroar|Parting Shot|p1b: Floette\n|-unboost|p1b: Floette|atk|1\n|-unboost|p1b: Floette|spa|1\n|\n|t:|1776482505\n|switch|p2b: Aerodactyl|Aerodactyl, L50, F|100/100|[from] Parting Shot\n|-ability|p2b: Aerodactyl|Unnerve\n|move|p1b: Floette|Calm Mind|p1b: Floette\n|-boost|p1b: Floette|spa|1\n|-boost|p1b: Floette|spd|1\n|\n|-damage|p1a: Aegislash|39/100 brn|[from] brn\n|upkeep\n|turn|10\n|\n|t:|1776482515\n|move|p1b: Floette|Protect|p1b: Floette\n|-singleturn|p1b: Floette|Protect\n|move|p2a: Rotom|Electroweb|p1a: Aegislash|[spread] p1a\n|-activate|p1b: Floette|move: Protect\n|-damage|p1a: Aegislash|26/100 brn\n|-unboost|p1a: Aegislash|spe|1\n|move|p2b: Aerodactyl|Rock Slide|p1b: Floette|[spread] p1a\n|-activate|p1b: Floette|move: Protect\n|-resisted|p1a: Aegislash|1\n|-damage|p1a: Aegislash|15/100 brn\n|-formechange|p1a: Aegislash|Aegislash-Blade|\n|move|p1a: Aegislash|Iron Head|p2b: Aerodactyl\n|-supereffective|p2b: Aerodactyl|1\n|-damage|p2b: Aerodactyl|30/100\n|\n|-damage|p1a: Aegislash|9/100 brn|[from] brn\n|upkeep\n|turn|11\n|\n|t:|1776482537\n|move|p1a: Aegislash|Shadow Sneak|p2b: Aerodactyl\n|-damage|p2b: Aerodactyl|9/100\n|move|p2a: Rotom|Electroweb|p1b: Floette|[spread] p1a,p1b\n|-damage|p1a: Aegislash|0 fnt\n|-damage|p1b: Floette|59/100\n|-unboost|p1b: Floette|spe|1\n|faint|p1a: Aegislash\n|move|p2b: Aerodactyl|Tailwind|p2b: Aerodactyl\n|-sidestart|p2: Tankiton|move: Tailwind\n|move|p1b: Floette|Dazzling Gleam|p2a: Rotom|[spread] p2a,p2b\n|-damage|p2a: Rotom|27/100\n|-damage|p2b: Aerodactyl|0 fnt\n|faint|p2b: Aerodactyl\n|\n|upkeep\n|\n|t:|1776482548\n|switch|p2b: Incineroar|Incineroar, L50, F|73/100\n|switch|p1a: Rotom|Rotom-Heat, L50|69/100\n|-ability|p2b: Incineroar|Intimidate|boost\n|-unboost|p1a: Rotom|atk|1\n|-unboost|p1b: Floette|atk|1\n|turn|12\n|\n|t:|1776482559\n|switch|p2a: Floette|Floette-Mega, L50, F|30/100\n|-ability|p2a: Floette|Fairy Aura\n|move|p1b: Floette|Protect|p1b: Floette\n|-singleturn|p1b: Floette|Protect\n|move|p2b: Incineroar|Fake Out|p1b: Floette\n|-activate|p1b: Floette|move: Protect\n|move|p1a: Rotom|Electroweb|p2a: Floette|[spread] p2a,p2b\n|-damage|p2a: Floette|18/100\n|-damage|p2b: Incineroar|61/100\n|-unboost|p2a: Floette|spe|1\n|-unboost|p2b: Incineroar|spe|1\n|\n|upkeep\n|turn|13\n|\n|t:|1776482573\n|move|p1a: Rotom|Electroweb|p2b: Incineroar|[spread] p2a,p2b\n|-damage|p2a: Floette|4/100\n|-damage|p2b: Incineroar|45/100\n|-unboost|p2a: Floette|spe|1\n|-unboost|p2b: Incineroar|spe|1\n|-enditem|p2b: Incineroar|Sitrus Berry|[eat]\n|-heal|p2b: Incineroar|70/100|[from] item: Sitrus Berry\n|move|p2a: Floette|Moonblast|p1b: Floette\n|-damage|p1b: Floette|24/100\n|move|p2b: Incineroar|Flare Blitz|p1b: Floette\n|-damage|p1b: Floette|0 fnt\n|faint|p1b: Floette\n|-damage|p2b: Incineroar|63/100|[from] Recoil\n|\n|upkeep\n|turn|14\n|inactive|Tankiton has 30 seconds left.\n|\n|t:|1776482599\n|move|p2a: Floette|Protect|p2a: Floette\n|-singleturn|p2a: Floette|Protect\n|move|p1a: Rotom|Electroweb|p2b: Incineroar|[spread] p2b\n|-activate|p2a: Floette|move: Protect\n|-damage|p2b: Incineroar|50/100\n|-unboost|p2b: Incineroar|spe|1\n|move|p2b: Incineroar|Parting Shot|p1a: Rotom\n|-unboost|p1a: Rotom|atk|1\n|-unboost|p1a: Rotom|spa|1\n|\n|t:|1776482608\n|switch|p2b: Rotom|Rotom-Wash, L50|27/100|[from] Parting Shot\n|\n|-sideend|p2: Tankiton|move: Tailwind\n|upkeep\n|turn|15\n|\n|t:|1776482620\n|switch|p2a: Incineroar|Incineroar, L50, F|50/100\n|-ability|p2a: Incineroar|Intimidate|boost\n|-unboost|p1a: Rotom|atk|1\n|move|p1a: Rotom|Electroweb|p2a: Incineroar|[spread] p2a\n|-miss|p1a: Rotom|p2b: Rotom\n|-damage|p2a: Incineroar|41/100\n|-unboost|p2a: Incineroar|spe|1\n|move|p2b: Rotom|Hydro Pump|p1a: Rotom\n|-supereffective|p1a: Rotom|1\n|-damage|p1a: Rotom|0 fnt\n|faint|p1a: Rotom\n|\n|win|Tankiton\n|raw|mrguy888's rating: 1324 &rarr; <strong>1307</strong><br />(-17 for losing)\n|raw|Tankiton's rating: 1385 &rarr; <strong>1402</strong><br />(+17 for winning)\n",
  "uploadtime": 1776482623,
  "views": 28,
  "formatid": "gen9championsvgc2026regma",
  "rating": 1307,
  "private": 0,
  "password": null
}