{
  "id": "gen9championsvgc2026regma-2582731288",
  "format": "[Gen 9 Champions] VGC 2026 Reg M-A",
  "players": [
    "IanIsBored",
    "darkcerulean"
  ],
  "log": "|j|\u2606IanIsBored\n|j|\u2606darkcerulean\n|t:|1776110214\n|gametype|doubles\n|player|p1|IanIsBored|ethan|1019\n|player|p2|darkcerulean|n|1028\n|gen|9\n|tier|[Gen 9 Champions] VGC 2026 Reg M-A\n|rated|\n|rule|Species Clause: Limit one of each Pok\u00e9mon\n|rule|Item Clause: Limit 1 of each item\n|clearpoke\n|poke|p1|Farigiraf, L50, F|\n|poke|p1|Kingambit, L50, F|\n|poke|p1|Hatterene, L50, F|\n|poke|p1|Sinistcha, L50|\n|poke|p1|Incineroar, L50, M|\n|poke|p1|Golurk, L50|\n|poke|p2|Delphox, L50, F|\n|poke|p2|Meowscarada, L50, F|\n|poke|p2|Basculegion, L50, M|\n|poke|p2|Archaludon, L50, M|\n|poke|p2|Conkeldurr, L50, F|\n|poke|p2|Incineroar, L50, M|\n|teampreview|4\n|inactive|Battle timer is ON: inactive players will automatically lose when time's up. (requested by IanIsBored)\n|inactive|IanIsBored has 60 seconds left.\n|\n|t:|1776110252\n|teamsize|p1|4\n|teamsize|p2|4\n|start\n|switch|p1a: Incineroar|Incineroar, L50, M|100/100\n|switch|p1b: Long Boi Slim|Farigiraf, L50, F|100/100\n|switch|p2a: Basculegion|Basculegion, L50, M|100/100\n|switch|p2b: Incineroar|Incineroar, L50, M|100/100\n|-ability|p2b: Incineroar|Intimidate|boost\n|-unboost|p1a: Incineroar|atk|1\n|-unboost|p1b: Long Boi Slim|atk|1\n|-ability|p1a: Incineroar|Intimidate|boost\n|-unboost|p2a: Basculegion|atk|1\n|-unboost|p2b: Incineroar|atk|1\n|turn|1\n|\n|t:|1776110269\n|move|p2b: Incineroar|Fake Out||[still]\n|cant|p1b: Long Boi Slim|ability: Armor Tail|Fake Out|[of] p2b: Incineroar\n|move|p1a: Incineroar|Fake Out|p2a: Basculegion\n|-immune|p2a: Basculegion\n|move|p2a: Basculegion|Wave Crash|p1a: Incineroar\n|-supereffective|p1a: Incineroar|1\n|-damage|p1a: Incineroar|4/100\n|-damage|p2a: Basculegion|77/100|[from] Recoil\n|move|p1b: Long Boi Slim|Trick Room|p1b: Long Boi Slim\n|-fieldstart|move: Trick Room|[of] p1b: Long Boi Slim\n|\n|upkeep\n|turn|2\n|inactive|IanIsBored has 30 seconds left.\n|inactive|darkcerulean has 30 seconds left.\n|\n|t:|1776110298\n|move|p1b: Long Boi Slim|Psychic|p2a: Basculegion\n|-damage|p2a: Basculegion|30/100\n|move|p2b: Incineroar|Darkest Lariat|p1b: Long Boi Slim\n|-supereffective|p1b: Long Boi Slim|1\n|-damage|p1b: Long Boi Slim|40/100\n|move|p1a: Incineroar|Snarl|p2b: Incineroar|[spread] p2a\n|-miss|p1a: Incineroar|p2b: Incineroar\n|-supereffective|p2a: Basculegion|1\n|-damage|p2a: Basculegion|9/100\n|-unboost|p2a: Basculegion|spa|1\n|move|p2a: Basculegion|Wave Crash|p1a: Incineroar\n|-supereffective|p1a: Incineroar|1\n|-damage|p1a: Incineroar|0 fnt\n|faint|p1a: Incineroar\n|-damage|p2a: Basculegion|8/100|[from] Recoil\n|\n|upkeep\n|\n|t:|1776110315\n|switch|p1a: Greeny :D|Sinistcha, L50|100/100\n|-heal|p1b: Long Boi Slim|64/100|[from] ability: Hospitality|[of] p1a: Greeny :D\n|turn|3\n|\n|t:|1776110327\n|switch|p2a: Meowscarada|Meowscarada, L50, F|100/100\n|move|p1a: Greeny :D|Protect|p1a: Greeny :D\n|-singleturn|p1a: Greeny :D|Protect\n|move|p1b: Long Boi Slim|Hyper Voice|p2a: Meowscarada|[spread] p2a,p2b\n|-damage|p2a: Meowscarada|44/100\n|-damage|p2b: Incineroar|60/100\n|move|p2b: Incineroar|Flare Blitz|p1a: Greeny :D\n|-activate|p1a: Greeny :D|move: Protect\n|\n|upkeep\n|turn|4\n|inactive|IanIsBored has 30 seconds left.\n|\n|t:|1776110362\n|move|p2a: Meowscarada|Sucker Punch||[still]\n|cant|p1b: Long Boi Slim|ability: Armor Tail|Sucker Punch|[of] p2a: Meowscarada\n|move|p1b: Long Boi Slim|Nasty Plot|p1b: Long Boi Slim\n|-boost|p1b: Long Boi Slim|spa|2\n|move|p2b: Incineroar|Darkest Lariat|p1a: Greeny :D\n|-supereffective|p1a: Greeny :D|1\n|-damage|p1a: Greeny :D|51/100\n|move|p1a: Greeny :D|Matcha Gotcha|p2b: Incineroar|[spread] p2a,p2b\n|-resisted|p2a: Meowscarada|1\n|-resisted|p2b: Incineroar|1\n|-damage|p2a: Meowscarada|28/100\n|-heal|p1a: Greeny :D|61/100|[from] drain|[of] p2a: Meowscarada\n|-damage|p2b: Incineroar|50/100\n|-heal|p1a: Greeny :D|68/100|[from] drain|[of] p2b: Incineroar\n|-status|p2a: Meowscarada|brn\n|\n|-heal|p1a: Greeny :D|74/100|[from] item: Leftovers\n|-damage|p2a: Meowscarada|22/100 brn|[from] brn\n|upkeep\n|turn|5\n|\n|t:|1776110386\n|move|p1a: Greeny :D|Protect|p1a: Greeny :D\n|-singleturn|p1a: Greeny :D|Protect\n|move|p1b: Long Boi Slim|Hyper Voice|p2b: Incineroar|[spread] p2a,p2b\n|-damage|p2a: Meowscarada|0 fnt\n|-damage|p2b: Incineroar|0 fnt\n|faint|p2a: Meowscarada\n|faint|p2b: Incineroar\n|\n|-heal|p1a: Greeny :D|81/100|[from] item: Leftovers\n|-fieldend|move: Trick Room\n|upkeep\n|\n|t:|1776110396\n|switch|p2a: Delphox|Delphox, L50, F|100/100\n|switch|p2b: Basculegion|Basculegion, L50, M|8/100\n|turn|6\n|\n|t:|1776110407\n|detailschange|p2a: Delphox|Delphox-Mega, L50, F\n|-mega|p2a: Delphox|Delphox|Delphoxite\n|move|p1a: Greeny :D|Rage Powder|p1a: Greeny :D\n|-singleturn|p1a: Greeny :D|move: Rage Powder\n|move|p2a: Delphox|Flamethrower|p1a: Greeny :D\n|-supereffective|p1a: Greeny :D|1\n|-damage|p1a: Greeny :D|0 fnt\n|faint|p1a: Greeny :D\n|move|p2b: Basculegion|Crunch|p1b: Long Boi Slim\n|-supereffective|p1b: Long Boi Slim|1\n|-damage|p1b: Long Boi Slim|14/100\n|move|p1b: Long Boi Slim|Trick Room|p1b: Long Boi Slim\n|-fieldstart|move: Trick Room|[of] p1b: Long Boi Slim\n|\n|upkeep\n|\n|t:|1776110420\n|switch|p1a: Superman|Golurk, L50|100/100\n|turn|7\n|inactive|IanIsBored has 30 seconds left.\n|\n|t:|1776110455\n|detailschange|p1a: Superman|Golurk-Mega, L50\n|-mega|p1a: Superman|Golurk|Golurkite\n|move|p1b: Long Boi Slim|Psychic|p2a: Delphox\n|-resisted|p2a: Delphox|1\n|-damage|p2a: Delphox|57/100\n|move|p1a: Superman|Headlong Rush|p2b: Basculegion\n|-damage|p2b: Basculegion|0 fnt\n|-unboost|p1a: Superman|def|1\n|-unboost|p1a: Superman|spd|1\n|faint|p2b: Basculegion\n|move|p2a: Delphox|Dazzling Gleam|p1b: Long Boi Slim|[spread] p1a,p1b\n|-damage|p1a: Superman|68/100\n|-damage|p1b: Long Boi Slim|0 fnt\n|faint|p1b: Long Boi Slim\n|\n|upkeep\n|turn|8\n|\n|t:|1776110485\n|move|p1a: Superman|Iron Head|p2a: Delphox\n|-resisted|p2a: Delphox|1\n|-crit|p2a: Delphox\n|-damage|p2a: Delphox|21/100\n|move|p2a: Delphox|Flamethrower|p1a: Superman\n|-damage|p1a: Superman|2/100\n|\n|upkeep\n|turn|9\n|\n|t:|1776110495\n|move|p1a: Superman|Iron Head|p2a: Delphox\n|-resisted|p2a: Delphox|1\n|-damage|p2a: Delphox|0 fnt\n|faint|p2a: Delphox\n|\n|win|IanIsBored\n|raw|IanIsBored's rating: 1019 &rarr; <strong>1057</strong><br />(+38 for winning)\n|raw|darkcerulean's rating: 1028 &rarr; <strong>1013</strong><br />(-15 for losing)\n|l|\u2606darkcerulean\n|player|p2|\n",
  "uploadtime": 1776110502,
  "views": 18,
  "formatid": "gen9championsvgc2026regma",
  "rating": 1013,
  "private": 0,
  "password": null
}