{
  "id": "gen9championsvgc2026regma-2587458976",
  "format": "[Gen 9 Champions] VGC 2026 Reg M-A",
  "players": [
    "Pinnecks",
    "Possibly Human"
  ],
  "log": "|j|\u2606Pinnecks\n|j|\u2606Possibly Human\n|t:|1776533575\n|gametype|doubles\n|player|p1|Pinnecks|lyra|1145\n|player|p2|Possibly Human|caitlin|1068\n|gen|9\n|tier|[Gen 9 Champions] VGC 2026 Reg M-A\n|rated|\n|rule|Species Clause: Limit one of each Pok\u00e9mon\n|rule|Item Clause: Limit 1 of each item\n|clearpoke\n|poke|p1|Aerodactyl, L50, M|\n|poke|p1|Altaria, L50, M, shiny|\n|poke|p1|Milotic, L50, F|\n|poke|p1|Aegislash, L50, F, shiny|\n|poke|p1|Salazzle, L50, F, shiny|\n|poke|p1|Raichu-Alola, L50, M|\n|poke|p2|Gallade, L50, M|\n|poke|p2|Sneasler, L50, M|\n|poke|p2|Maushold-Four, L50|\n|poke|p2|Glalie, L50, M|\n|poke|p2|Volcarona, L50, F|\n|poke|p2|Aegislash, L50, F|\n|teampreview|4\n|\n|t:|1776533602\n|teamsize|p1|4\n|teamsize|p2|4\n|start\n|switch|p1a: Raichu|Raichu-Alola, L50, M|100/100\n|switch|p1b: Milotic|Milotic, L50, F|100/100\n|switch|p2a: Gallade|Gallade, L50, M|100/100\n|switch|p2b: Maushold|Maushold-Four, L50|100/100\n|turn|1\n|inactive|Battle timer is ON: inactive players will automatically lose when time's up. (requested by Pinnecks)\n|\n|t:|1776533620\n|move|p1a: Raichu|Fake Out|p2b: Maushold\n|-damage|p2b: Maushold|92/100\n|cant|p2b: Maushold|flinch\n|move|p2a: Gallade|Sacred Sword|p1b: Milotic\n|-damage|p1b: Milotic|55/100\n|move|p1b: Milotic|Muddy Water|p2b: Maushold|[spread] p2a,p2b\n|-damage|p2a: Gallade|74/100\n|-damage|p2b: Maushold|55/100\n|\n|-heal|p1b: Milotic|60/100|[from] item: Leftovers\n|upkeep\n|turn|2\n|\n|t:|1776533641\n|move|p1b: Milotic|Protect|p1b: Milotic\n|-singleturn|p1b: Milotic|Protect\n|move|p2b: Maushold|Beat Up|p2a: Gallade\n|-damage|p2a: Gallade|69/100\n|-ability|p2a: Gallade|Justified|boost\n|-boost|p2a: Gallade|atk|1\n|-damage|p2a: Gallade|67/100\n|-ability|p2a: Gallade|Justified|boost\n|-boost|p2a: Gallade|atk|1\n|-damage|p2a: Gallade|62/100\n|-ability|p2a: Gallade|Justified|boost\n|-boost|p2a: Gallade|atk|1\n|-damage|p2a: Gallade|59/100\n|-ability|p2a: Gallade|Justified|boost\n|-boost|p2a: Gallade|atk|1\n|-hitcount|p2a: Gallade|4\n|move|p1a: Raichu|Thunderbolt|p2b: Maushold\n|-damage|p2b: Maushold|18/100\n|move|p2a: Gallade|Sacred Sword|p1b: Milotic\n|-activate|p1b: Milotic|move: Protect\n|\n|-heal|p1b: Milotic|66/100|[from] item: Leftovers\n|upkeep\n|turn|3\n|inactive|Possibly Human has 30 seconds left.\n|inactive|Pinnecks has 30 seconds left.\n|\n|t:|1776533678\n|switch|p1a: Aerodactyl|Aerodactyl, L50, M|100/100\n|-ability|p1a: Aerodactyl|Unnerve\n|move|p2b: Maushold|Follow Me|p2b: Maushold\n|-singleturn|p2b: Maushold|move: Follow Me\n|move|p2a: Gallade|Thunder Punch|p1b: Milotic\n|-supereffective|p1b: Milotic|1\n|-damage|p1b: Milotic|0 fnt\n|faint|p1b: Milotic\n|\n|upkeep\n|\n|t:|1776533691\n|switch|p1b: Altaria|Altaria, L50, M, shiny|100/100\n|-ability|p1b: Altaria|Cloud Nine\n|turn|4\n|\n|t:|1776533704\n|detailschange|p2a: Gallade|Gallade-Mega, L50, M\n|-mega|p2a: Gallade|Gallade|Galladite\n|move|p1b: Altaria|Protect|p1b: Altaria\n|-singleturn|p1b: Altaria|Protect\n|move|p2b: Maushold|Follow Me|p2b: Maushold\n|-singleturn|p2b: Maushold|move: Follow Me\n|move|p1a: Aerodactyl|Dual Wingbeat|p2b: Maushold\n|-damage|p2b: Maushold|0 fnt\n|faint|p2b: Maushold\n|-hitcount|p2: Maushold|1\n|move|p2a: Gallade|Thunder Punch|p1a: Aerodactyl\n|-supereffective|p1a: Aerodactyl|1\n|-enditem|p1a: Aerodactyl|Focus Sash\n|-damage|p1a: Aerodactyl|1/100\n|\n|upkeep\n|\n|t:|1776533718\n|switch|p2b: Sneasler|Sneasler, L50, M|100/100\n|turn|5\n|inactive|Pinnecks has 30 seconds left.\n|\n|t:|1776533744\n|detailschange|p1b: Altaria|Altaria-Mega, L50, M, shiny\n|-mega|p1b: Altaria|Altaria|Altarianite\n|move|p1a: Aerodactyl|Tailwind|p1a: Aerodactyl\n|-sidestart|p1: Pinnecks|move: Tailwind\n|move|p1b: Altaria|Hyper Voice|p2a: Gallade|[spread] p2a,p2b\n|-supereffective|p2a: Gallade|1\n|-damage|p2a: Gallade|0 fnt\n|-damage|p2b: Sneasler|46/100\n|faint|p2a: Gallade\n|move|p2b: Sneasler|Dire Claw|p1a: Aerodactyl\n|-resisted|p1a: Aerodactyl|1\n|-damage|p1a: Aerodactyl|0 fnt\n|faint|p1a: Aerodactyl\n|\n|upkeep\n|\n|t:|1776533757\n|switch|p1a: Raichu|Raichu-Alola, L50, M|100/100\n|switch|p2a: Aegislash|Aegislash, L50, F|100/100\n|turn|6\n|\n|t:|1776533777\n|move|p2b: Sneasler|Protect|p2b: Sneasler\n|-singleturn|p2b: Sneasler|Protect\n|move|p1a: Raichu|Fake Out|p2b: Sneasler\n|-activate|p2b: Sneasler|move: Protect\n|move|p1b: Altaria|Flamethrower|p2a: Aegislash\n|-supereffective|p2a: Aegislash|1\n|-damage|p2a: Aegislash|49/100\n|-formechange|p2a: Aegislash|Aegislash-Blade|\n|move|p2a: Aegislash|Head Smash|p1a: Raichu\n|-damage|p1a: Raichu|0 fnt\n|faint|p1a: Raichu\n|-damage|p2a: Aegislash|0 fnt|[from] Recoil\n|faint|p2a: Aegislash\n|\n|upkeep\n|turn|7\n|\n|t:|1776533794\n|move|p1b: Altaria|Draco Meteor|p2b: Sneasler\n|-damage|p2b: Sneasler|0 fnt\n|-unboost|p1b: Altaria|spa|2\n|faint|p2b: Sneasler\n|\n|win|Pinnecks\n|raw|Pinnecks's rating: 1145 &rarr; <strong>1165</strong><br />(+20 for winning)\n|raw|Possibly Human's rating: 1068 &rarr; <strong>1052</strong><br />(-16 for losing)\n",
  "uploadtime": 1776533803,
  "views": 23,
  "formatid": "gen9championsvgc2026regma",
  "rating": 1052,
  "private": 0,
  "password": null
}