{
  "id": "gen9championsvgc2026regma-2584218644",
  "format": "[Gen 9 Champions] VGC 2026 Reg M-A",
  "players": [
    "luvnoir",
    "mtaces"
  ],
  "log": "|j|\u2606luvnoir\n|j|\u2606mtaces\n|t:|1776239582\n|gametype|doubles\n|player|p1|luvnoir|boarder|1093\n|player|p2|mtaces|2|1158\n|gen|9\n|tier|[Gen 9 Champions] VGC 2026 Reg M-A\n|rated|\n|rule|Species Clause: Limit one of each Pok\u00e9mon\n|rule|Item Clause: Limit 1 of each item\n|clearpoke\n|poke|p1|Gardevoir, L50, F|\n|poke|p1|Sinistcha, L50|\n|poke|p1|Garchomp, L50, F|\n|poke|p1|Talonflame, L50, M|\n|poke|p1|Milotic, L50, F|\n|poke|p1|Kingambit, L50, F|\n|poke|p2|Meganium, L50, F|\n|poke|p2|Talonflame, L50, F|\n|poke|p2|Garchomp, L50, F|\n|poke|p2|Aegislash, L50, F|\n|poke|p2|Politoed, L50, F|\n|poke|p2|Primarina, L50, F|\n|teampreview|4\n|\n|t:|1776239600\n|teamsize|p1|4\n|teamsize|p2|4\n|start\n|switch|p1a: Gardevoir|Gardevoir, L50, F, shiny|100/100\n|switch|p1b: Sinistcha|Sinistcha, L50|100/100\n|switch|p2a: lebanese|Meganium, L50, F, shiny|100/100\n|switch|p2b: Talonflame|Talonflame, L50, F|100/100\n|turn|1\n|\n|t:|1776239617\n|detailschange|p1a: Gardevoir|Gardevoir-Mega, L50, F, shiny\n|-mega|p1a: Gardevoir|Gardevoir|Gardevoirite\n|detailschange|p2a: lebanese|Meganium-Mega, L50, F, shiny\n|-mega|p2a: lebanese|Meganium|Meganiumite\n|move|p1b: Sinistcha|Rage Powder|p1b: Sinistcha\n|-singleturn|p1b: Sinistcha|move: Rage Powder\n|move|p2b: Talonflame|Hurricane|p1b: Sinistcha\n|-supereffective|p1b: Sinistcha|1\n|-damage|p1b: Sinistcha|42/100\n|move|p1a: Gardevoir|Calm Mind|p1a: Gardevoir\n|-boost|p1a: Gardevoir|spa|1\n|-boost|p1a: Gardevoir|spd|1\n|move|p2a: lebanese|Solar Beam||[still]\n|-prepare|p2a: lebanese|Solar Beam\n|-activate|p2a: lebanese|ability: Mega Sol\n|-anim|p2a: lebanese|Solar Beam|p1a: Gardevoir\n|-damage|p1a: Gardevoir|60/100\n|\n|upkeep\n|turn|2\n|\n|t:|1776239635\n|switch|p1b: Talonflame|Talonflame, L50, M|100/100\n|move|p2b: Talonflame|Taunt|p1a: Gardevoir\n|-start|p1a: Gardevoir|move: Taunt\n|move|p1a: Gardevoir|Hyper Voice|p2a: lebanese|[spread] p2a,p2b\n|-crit|p2a: lebanese\n|-resisted|p2b: Talonflame|1\n|-damage|p2a: lebanese|5/100\n|-damage|p2b: Talonflame|44/100\n|move|p2a: lebanese|Weather Ball|p1b: Talonflame\n|-resisted|p1b: Talonflame|1\n|-damage|p1b: Talonflame|58/100\n|\n|upkeep\n|turn|3\n|\n|t:|1776239660\n|move|p2b: Talonflame|Tailwind|p2b: Talonflame\n|-sidestart|p2: mtaces|move: Tailwind\n|move|p2a: lebanese|Giga Drain|p1a: Gardevoir\n|-damage|p1a: Gardevoir|33/100\n|-heal|p2a: lebanese|16/100|[from] drain|[of] p1a: Gardevoir\n|move|p1b: Talonflame|Brave Bird|p2b: Talonflame\n|-damage|p2b: Talonflame|0 fnt\n|faint|p2b: Talonflame\n|-damage|p1b: Talonflame|41/100|[from] Recoil\n|move|p1a: Gardevoir|Hyper Voice|p2a: lebanese\n|-damage|p2a: lebanese|0 fnt\n|faint|p2a: lebanese\n|\n|upkeep\n|\n|t:|1776239669\n|switch|p2b: Aegislash|Aegislash, L50, F, shiny|100/100\n|switch|p2a: Garchomp|Garchomp, L50, F|100/100\n|turn|4\n|\n|t:|1776239693\n|move|p2a: Garchomp|Rock Slide|p1a: Gardevoir|[spread] p1a,p1b\n|-supereffective|p1b: Talonflame|2\n|-damage|p1a: Gardevoir|0 fnt\n|-damage|p1b: Talonflame|0 fnt\n|faint|p1a: Gardevoir\n|faint|p1b: Talonflame\n|move|p2b: Aegislash|Swords Dance|p2b: Aegislash\n|-boost|p2b: Aegislash|atk|2\n|\n|upkeep\n|\n|t:|1776239698\n|switch|p1b: Milotic|Milotic, L50, F|100/100\n|switch|p1a: Sinistcha|Sinistcha, L50|42/100\n|turn|5\n|\n|t:|1776239715\n|move|p2b: Aegislash|King's Shield|p2b: Aegislash\n|-singleturn|p2b: Aegislash|Protect\n|move|p2a: Garchomp|Rock Slide|p1b: Milotic|[spread] p1a,p1b\n|-damage|p1a: Sinistcha|24/100\n|-damage|p1b: Milotic|82/100\n|move|p1b: Milotic|Ice Beam|p2a: Garchomp\n|-supereffective|p2a: Garchomp|2\n|-damage|p2a: Garchomp|0 fnt\n|faint|p2a: Garchomp\n|cant|p1a: Sinistcha|flinch\n|\n|upkeep\n|turn|6\n|\n|t:|1776239738\n|move|p1a: Sinistcha|Rage Powder|p1a: Sinistcha\n|-singleturn|p1a: Sinistcha|move: Rage Powder\n|move|p2b: Aegislash|Swords Dance|p2b: Aegislash\n|-boost|p2b: Aegislash|atk|2\n|move|p1b: Milotic|Scald|p2b: Aegislash\n|-damage|p2b: Aegislash|69/100\n|\n|-sideend|p2: mtaces|move: Tailwind\n|upkeep\n|turn|7\n|\n|t:|1776239754\n|move|p1b: Milotic|Scald|p2b: Aegislash\n|-crit|p2b: Aegislash\n|-damage|p2b: Aegislash|27/100\n|move|p1a: Sinistcha|Matcha Gotcha|p2b: Aegislash\n|-resisted|p2b: Aegislash|1\n|-damage|p2b: Aegislash|14/100\n|-heal|p1a: Sinistcha|30/100|[from] drain|[of] p2b: Aegislash\n|-formechange|p2b: Aegislash|Aegislash-Blade|\n|move|p2b: Aegislash|Shadow Claw|p1b: Milotic\n|-damage|p1b: Milotic|0 fnt\n|faint|p1b: Milotic\n|\n|upkeep\n|turn|8\n|\n|t:|1776239769\n|-formechange|p2b: Aegislash|Aegislash|\n|move|p2b: Aegislash|King's Shield|p2b: Aegislash\n|-singleturn|p2b: Aegislash|Protect\n|move|p1a: Sinistcha|Matcha Gotcha|p2b: Aegislash\n|-activate|p2b: Aegislash|move: Protect\n|\n|upkeep\n|turn|9\n|\n|t:|1776239776\n|move|p1a: Sinistcha|Protect|p1a: Sinistcha\n|-singleturn|p1a: Sinistcha|Protect\n|-formechange|p2b: Aegislash|Aegislash-Blade|\n|move|p2b: Aegislash|Shadow Claw|p1a: Sinistcha\n|-activate|p1a: Sinistcha|move: Protect\n|\n|upkeep\n|turn|10\n|\n|t:|1776239783\n|-formechange|p2b: Aegislash|Aegislash|\n|move|p2b: Aegislash|King's Shield|p2b: Aegislash\n|-singleturn|p2b: Aegislash|Protect\n|move|p1a: Sinistcha|Matcha Gotcha|p2b: Aegislash\n|-activate|p2b: Aegislash|move: Protect\n|\n|upkeep\n|turn|11\n|\n|t:|1776239790\n|move|p2b: Aegislash|King's Shield|p2b: Aegislash\n|-singleturn|p2b: Aegislash|Protect\n|move|p1a: Sinistcha|Matcha Gotcha|p2b: Aegislash\n|-activate|p2b: Aegislash|move: Protect\n|\n|upkeep\n|turn|12\n|\n|t:|1776239806\n|move|p1a: Sinistcha|Protect|p1a: Sinistcha\n|-singleturn|p1a: Sinistcha|Protect\n|-formechange|p2b: Aegislash|Aegislash-Blade|\n|move|p2b: Aegislash|Shadow Claw|p1a: Sinistcha\n|-activate|p1a: Sinistcha|move: Protect\n|\n|upkeep\n|turn|13\n|\n|t:|1776239814\n|-formechange|p2b: Aegislash|Aegislash|\n|move|p2b: Aegislash|King's Shield|p2b: Aegislash\n|-singleturn|p2b: Aegislash|Protect\n|move|p1a: Sinistcha|Matcha Gotcha|p2b: Aegislash\n|-activate|p2b: Aegislash|move: Protect\n|\n|upkeep\n|turn|14\n|\n|t:|1776239823\n|move|p1a: Sinistcha|Protect|p1a: Sinistcha\n|-singleturn|p1a: Sinistcha|Protect\n|-formechange|p2b: Aegislash|Aegislash-Blade|\n|move|p2b: Aegislash|Shadow Claw|p1a: Sinistcha\n|-activate|p1a: Sinistcha|move: Protect\n|\n|upkeep\n|turn|15\n|\n|t:|1776239832\n|-formechange|p2b: Aegislash|Aegislash|\n|move|p2b: Aegislash|King's Shield|p2b: Aegislash\n|-singleturn|p2b: Aegislash|Protect\n|move|p1a: Sinistcha|Matcha Gotcha|p2b: Aegislash\n|-activate|p2b: Aegislash|move: Protect\n|\n|upkeep\n|turn|16\n|\n|t:|1776239840\n|move|p1a: Sinistcha|Protect|p1a: Sinistcha\n|-singleturn|p1a: Sinistcha|Protect\n|move|p2b: Aegislash|King's Shield||[still]\n|-fail|p2b: Aegislash\n|\n|upkeep\n|turn|17\n|\n|t:|1776239846\n|move|p1a: Sinistcha|Matcha Gotcha|p2b: Aegislash\n|-resisted|p2b: Aegislash|1\n|-damage|p2b: Aegislash|2/100\n|-heal|p1a: Sinistcha|37/100|[from] drain|[of] p2b: Aegislash\n|-formechange|p2b: Aegislash|Aegislash-Blade|\n|move|p2b: Aegislash|Shadow Claw|p1a: Sinistcha\n|-supereffective|p1a: Sinistcha|1\n|-damage|p1a: Sinistcha|0 fnt\n|faint|p1a: Sinistcha\n|\n|win|mtaces\n|raw|luvnoir's rating: 1093 &rarr; <strong>1073</strong><br />(-20 for losing)\n|raw|mtaces's rating: 1158 &rarr; <strong>1178</strong><br />(+20 for winning)\n",
  "uploadtime": 1776239855,
  "views": 27,
  "formatid": "gen9championsvgc2026regma",
  "rating": 1073,
  "private": 0,
  "password": null
}