{
  "id": "gen9championsvgc2026regma-2583868931",
  "format": "[Gen 9 Champions] VGC 2026 Reg M-A",
  "players": [
    "Panjiro_6",
    "naugle"
  ],
  "log": "|j|\u2606Panjiro_6\n|j|\u2606naugle\n|t:|1776204069\n|gametype|doubles\n|player|p1|Panjiro_6|lusamine-nihilego|1247\n|player|p2|naugle|swimmer-gen4dp|1225\n|gen|9\n|tier|[Gen 9 Champions] VGC 2026 Reg M-A\n|rated|\n|rule|Species Clause: Limit one of each Pok\u00e9mon\n|rule|Item Clause: Limit 1 of each item\n|clearpoke\n|poke|p1|Blastoise, L50, M|\n|poke|p1|Sableye, L50, M|\n|poke|p1|Floette-Eternal, L50, F|\n|poke|p1|Garchomp, L50, F|\n|poke|p1|Talonflame, L50, F|\n|poke|p1|Sinistcha, L50|\n|poke|p2|Charizard, L50, F|\n|poke|p2|Kingambit, L50, F|\n|poke|p2|Rotom-Wash, L50|\n|poke|p2|Sinistcha, L50|\n|poke|p2|Sneasler, L50, F|\n|poke|p2|Ninetales-Alola, L50, F|\n|teampreview|4\n|inactive|Battle timer is ON: inactive players will automatically lose when time's up. (requested by Panjiro_6)\nPanjiro_6 has agreed to open team sheets.\n|\n|t:|1776204082\n|teamsize|p1|4\n|teamsize|p2|4\n|start\n|switch|p1a: Blastoise|Blastoise, L50, M|100/100\n|switch|p1b: Sableye|Sableye, L50, M|100/100\n|switch|p2a: Charizard|Charizard, L50, F|100/100\n|switch|p2b: Rotom|Rotom-Wash, L50|100/100\n|turn|1\n|\n|t:|1776204105\n|detailschange|p2a: Charizard|Charizard-Mega-X, L50, F\n|-mega|p2a: Charizard|Charizard|Charizardite X\n|detailschange|p1a: Blastoise|Blastoise-Mega, L50, M\n|-mega|p1a: Blastoise|Blastoise|Blastoisinite\n|move|p2a: Charizard|Protect|p2a: Charizard\n|-singleturn|p2a: Charizard|Protect\n|move|p1b: Sableye|Fake Out|p2b: Rotom\n|-damage|p2b: Rotom|93/100\n|move|p1a: Blastoise|Shell Smash|p1a: Blastoise\n|-unboost|p1a: Blastoise|def|1\n|-unboost|p1a: Blastoise|spd|1\n|-boost|p1a: Blastoise|atk|2\n|-boost|p1a: Blastoise|spa|2\n|-boost|p1a: Blastoise|spe|2\n|cant|p2b: Rotom|flinch\n|\n|upkeep\n|turn|2\n|\n|t:|1776204125\n|switch|p2a: Kingambit|Kingambit, L50, F|100/100\n|move|p1a: Blastoise|Protect|p1a: Blastoise\n|-singleturn|p1a: Blastoise|Protect\n|move|p1b: Sableye|Encore|p2a: Kingambit\n|-hint|Since gen 7, Dark is immune to Prankster moves.\n|-immune|p2a: Kingambit\n|move|p2b: Rotom|Volt Switch|p1a: Blastoise\n|-activate|p1a: Blastoise|move: Protect\n|\n|upkeep\n|turn|3\n|inactive|Panjiro_6 has 30 seconds left.\n|inactive|naugle has 30 seconds left.\n|\n|t:|1776204151\n|move|p1a: Blastoise|Protect||[still]\n|-fail|p1a: Blastoise\n|move|p1b: Sableye|Disable|p2b: Rotom\n|-start|p2b: Rotom|Disable|Volt Switch\n|move|p2a: Kingambit|Sucker Punch||[still]\n|-fail|p2a: Kingambit\n|cant|p2b: Rotom|Disable|Volt Switch\n|\n|upkeep\n|turn|4\n|inactive|Panjiro_6 has 30 seconds left.\n|inactive|naugle has 30 seconds left.\n|inactive|Panjiro_6 has 20 seconds left.\n|\n|t:|1776204186\n|switch|p1b: Garchomp|Garchomp, L50, F, shiny|100/100\n|move|p2a: Kingambit|Protect|p2a: Kingambit\n|-singleturn|p2a: Kingambit|Protect\n|move|p1a: Blastoise|Ice Beam|p2b: Rotom\n|-resisted|p2b: Rotom|1\n|-damage|p2b: Rotom|66/100\n|-status|p2b: Rotom|frz\n|cant|p2b: Rotom|frz\n|\n|upkeep\n|turn|5\n|inactive|naugle has 30 seconds left.\n|\n|t:|1776204211\n|move|p2a: Kingambit|Sucker Punch|p1a: Blastoise\n|-damage|p1a: Blastoise|45/100\n|move|p1a: Blastoise|Water Spout|p2b: Rotom|[spread] p2a,p2b\n|-resisted|p2b: Rotom|1\n|-damage|p2a: Kingambit|45/100\n|-damage|p2b: Rotom|43/100 frz\n|-enditem|p2b: Rotom|Sitrus Berry|[eat]\n|-heal|p2b: Rotom|68/100 frz|[from] item: Sitrus Berry\n|move|p1b: Garchomp|Earthquake|p2a: Kingambit|[spread] p1a,p2a\n|-immune|p2b: Rotom|[from] ability: Levitate\n|-supereffective|p2a: Kingambit|1\n|-damage|p1a: Blastoise|0 fnt\n|-damage|p2a: Kingambit|0 fnt\n|faint|p1a: Blastoise\n|faint|p2a: Kingambit\n|cant|p2b: Rotom|frz\n|\n|upkeep\n|\n|t:|1776204228\n|switch|p1a: Sableye|Sableye, L50, M|100/100\n|switch|p2a: Sneasler|Sneasler, L50, F|100/100\n|turn|6\n|\n|t:|1776204244\n|switch|p1b: Sinistcha|Sinistcha, L50|100/100\n|move|p2a: Sneasler|Fake Out|p1b: Sinistcha\n|-immune|p1b: Sinistcha\n|move|p1a: Sableye|Encore|p2a: Sneasler\n|-start|p2a: Sneasler|Encore\n|-curestatus|p2b: Rotom|frz|[msg]\n|move|p2b: Rotom|Will-O-Wisp|p1b: Sinistcha\n|-status|p1b: Sinistcha|brn\n|\n|-damage|p1b: Sinistcha|94/100 brn|[from] brn\n|-end|p2b: Rotom|Disable\n|upkeep\n|turn|7\n|\n|t:|1776204265\n|switch|p2a: Charizard|Charizard-Mega-X, L50, F|100/100\n|move|p1a: Sableye|Disable|p2b: Rotom\n|-start|p2b: Rotom|Disable|Will-O-Wisp\n|move|p2b: Rotom|Hydro Pump|p1a: Sableye|[miss]\n|-miss|p2b: Rotom|p1a: Sableye\n|move|p1b: Sinistcha|Matcha Gotcha|p2a: Charizard|[spread] p2a,p2b\n|-resisted|p2a: Charizard|2\n|-supereffective|p2b: Rotom|1\n|-damage|p2a: Charizard|93/100\n|-heal|p1b: Sinistcha|98/100 brn|[from] drain|[of] p2a: Charizard\n|-damage|p2b: Rotom|29/100\n|-heal|p1b: Sinistcha|100/100 brn|[from] drain|[of] p2b: Rotom\n|\n|-damage|p1b: Sinistcha|94/100 brn|[from] brn\n|upkeep\n|turn|8\n|inactive|naugle has 30 seconds left.\n|\n|t:|1776204299\n|switch|p1b: Garchomp|Garchomp, L50, F, shiny|100/100\n|move|p1a: Sableye|Encore|p2b: Rotom\n|-start|p2b: Rotom|Encore\n|move|p2a: Charizard|Flare Blitz|p1b: Garchomp\n|-resisted|p1b: Garchomp|1\n|-damage|p1b: Garchomp|67/100\n|-damage|p2a: Charizard|81/100|[from] ability: Rough Skin|[of] p1b: Garchomp\n|-damage|p2a: Charizard|69/100|[from] Recoil\n|move|p2b: Rotom|Hydro Pump|p1a: Sableye\n|-damage|p1a: Sableye|44/100\n|\n|upkeep\n|turn|9\n|\n|t:|1776204319\n|move|p2a: Charizard|Protect|p2a: Charizard\n|-singleturn|p2a: Charizard|Protect\n|move|p1a: Sableye|Encore|p2a: Charizard\n|-activate|p2a: Charizard|move: Protect\n|move|p1b: Garchomp|Dragon Claw|p2b: Rotom\n|-damage|p2b: Rotom|0 fnt\n|faint|p2b: Rotom\n|\n|upkeep\n|\n|t:|1776204328\n|switch|p2b: Sneasler|Sneasler, L50, F|100/100\n|turn|10\n|inactive|naugle has 30 seconds left.\n|\n|t:|1776204356\n|move|p2b: Sneasler|Fake Out|p1b: Garchomp\n|-damage|p1b: Garchomp|52/100\n|-damage|p2b: Sneasler|88/100|[from] ability: Rough Skin|[of] p1b: Garchomp\n|move|p1a: Sableye|Encore|p2a: Charizard\n|-start|p2a: Charizard|Encore\n|move|p2a: Charizard|Protect||[still]\n|-fail|p2a: Charizard\n|cant|p1b: Garchomp|flinch\n|\n|upkeep\n|turn|11\n|\n|t:|1776204372\n|move|p2a: Charizard|Protect|p2a: Charizard\n|-singleturn|p2a: Charizard|Protect\n|move|p1a: Sableye|Encore|p2b: Sneasler\n|-start|p2b: Sneasler|Encore\n|move|p2b: Sneasler|Fake Out||[still]\n|-hint|Fake Out only works on your first turn out.\n|-fail|p2b: Sneasler\n|move|p1b: Garchomp|Dragon Claw|p2b: Sneasler\n|-damage|p2b: Sneasler|13/100\n|\n|upkeep\n|turn|12\n|-message|naugle forfeited.\n|\n|win|Panjiro_6\n|raw|Panjiro_6's rating: 1247 &rarr; <strong>1270</strong><br />(+23 for winning)\n|raw|naugle's rating: 1225 &rarr; <strong>1202</strong><br />(-23 for losing)\n|l|\u2606naugle\n|player|p2|\n",
  "uploadtime": 1776204388,
  "views": 32,
  "formatid": "gen9championsvgc2026regma",
  "rating": 1202,
  "private": 0,
  "password": null
}