{
  "id": "gen9championsvgc2026regma-2585152256",
  "format": "[Gen 9 Champions] VGC 2026 Reg M-A",
  "players": [
    "Skiptrace",
    "Klusmos"
  ],
  "log": "|j|\u2606Skiptrace\n|j|\u2606Klusmos\n|t:|1776318219\n|gametype|doubles\n|player|p1|Skiptrace|1|1041\n|player|p2|Klusmos|2|1132\n|gen|9\n|tier|[Gen 9 Champions] VGC 2026 Reg M-A\n|rated|\n|rule|Species Clause: Limit one of each Pok\u00e9mon\n|rule|Item Clause: Limit 1 of each item\n|clearpoke\n|poke|p1|Farigiraf, L50, M|\n|poke|p1|Delphox, L50, M|\n|poke|p1|Dragapult, L50, F|\n|poke|p1|Basculegion, L50, M|\n|poke|p1|Aerodactyl, L50, M|\n|poke|p1|Klefki, L50, M|\n|poke|p2|Aggron, L50, F|\n|poke|p2|Sinistcha, L50|\n|poke|p2|Incineroar, L50, M|\n|poke|p2|Pelipper, L50, M|\n|poke|p2|Raichu, L50, F|\n|poke|p2|Arcanine, L50, M|\n|teampreview|4\nSkiptrace has agreed to open team sheets.\n|\n|t:|1776318288\n|teamsize|p1|4\n|teamsize|p2|4\n|start\n|switch|p1a: Delphox|Delphox, L50, M|100/100\n|switch|p1b: Farigiraf|Farigiraf, L50, M|100/100\n|switch|p2a: Raichu|Raichu, L50, F|100/100\n|switch|p2b: Pelipper|Pelipper, L50, M|100/100\n|-weather|RainDance|[from] ability: Drizzle|[of] p2b: Pelipper\n|turn|1\n|\n|t:|1776318309\n|detailschange|p1a: Delphox|Delphox-Mega, L50, M\n|-mega|p1a: Delphox|Delphox|Delphoxite\n|move|p1b: Farigiraf|Helping Hand|p1a: Delphox\n|-singleturn|p1a: Delphox|Helping Hand|[of] p1b: Farigiraf\n|move|p1a: Delphox|Psyshock|p2b: Pelipper\n|-enditem|p2b: Pelipper|Focus Sash\n|-damage|p2b: Pelipper|1/100\n|move|p2a: Raichu|Nuzzle|p1a: Delphox\n|-crit|p1a: Delphox\n|-damage|p1a: Delphox|83/100\n|-status|p1a: Delphox|par\n|move|p2b: Pelipper|Weather Ball|p1a: Delphox\n|-supereffective|p1a: Delphox|1\n|-damage|p1a: Delphox|0 fnt\n|faint|p1a: Delphox\n|\n|-weather|RainDance|[upkeep]\n|upkeep\n|\n|t:|1776318326\n|switch|p1a: Aerodactyl|Aerodactyl, L50, M|100/100\n|turn|2\n|\n|t:|1776318337\n|move|p2b: Pelipper|Wide Guard|p2b: Pelipper\n|-singleturn|p2b: Pelipper|Wide Guard\n|move|p1b: Farigiraf|Ally Switch|p1b: Farigiraf\n|swap|p1b: Farigiraf|0|[from] move: Ally Switch\n|move|p1b: Aerodactyl|Rock Slide|p2b: Pelipper|[spread] \n|-activate|p2a: Raichu|move: Wide Guard\n|-activate|p2b: Pelipper|move: Wide Guard\n|move|p2a: Raichu|Thunderbolt|p1a: Farigiraf\n|-damage|p1a: Farigiraf|62/100\n|\n|-weather|RainDance|[upkeep]\n|upkeep\n|turn|3\n|\n|t:|1776318370\n|move|p2a: Raichu|Protect|p2a: Raichu\n|-singleturn|p2a: Raichu|Protect\n|move|p1b: Aerodactyl|Rock Slide|p2b: Pelipper|[spread] p2b\n|-activate|p2a: Raichu|move: Protect\n|-supereffective|p2b: Pelipper|1\n|-damage|p2b: Pelipper|0 fnt\n|faint|p2b: Pelipper\n|move|p1a: Farigiraf|Hyper Voice|p2a: Raichu\n|-activate|p2a: Raichu|move: Protect\n|\n|-weather|RainDance|[upkeep]\n|upkeep\n|\n|t:|1776318388\n|switch|p2b: Aggron|Aggron, L50, F|100/100\n|turn|4\n|\n|t:|1776318409\n|switch|p2a: Incineroar|Incineroar, L50, M|100/100\n|-ability|p2a: Incineroar|Intimidate|boost\n|-unboost|p1a: Farigiraf|atk|1\n|-unboost|p1b: Aerodactyl|atk|1\n|detailschange|p2b: Aggron|Aggron-Mega, L50, F\n|-mega|p2b: Aggron|Aggron|Aggronite\n|move|p1b: Aerodactyl|Tailwind|p1b: Aerodactyl\n|-sidestart|p1: Skiptrace|move: Tailwind\n|move|p1a: Farigiraf|Hyper Voice|p2a: Incineroar|[spread] p2a,p2b\n|-resisted|p2b: Aggron|1\n|-damage|p2a: Incineroar|78/100\n|-damage|p2b: Aggron|90/100\n|move|p2b: Aggron|Iron Defense|p2b: Aggron\n|-boost|p2b: Aggron|def|2\n|\n|-weather|RainDance|[upkeep]\n|upkeep\n|turn|5\n|-message|Skiptrace forfeited.\n|\n|win|Klusmos\n|raw|Skiptrace's rating: 1041 &rarr; <strong>1029</strong><br />(-12 for losing)\n|raw|Klusmos's rating: 1132 &rarr; <strong>1151</strong><br />(+19 for winning)\n|l|\u2606Skiptrace\n|player|p1|\n",
  "uploadtime": 1776318434,
  "views": 18,
  "formatid": "gen9championsvgc2026regma",
  "rating": 1029,
  "private": 0,
  "password": null
}