{
  "id": "gen9championsvgc2026regma-2582976582",
  "format": "[Gen 9 Champions] VGC 2026 Reg M-A",
  "players": [
    "irespectclowns",
    "haydnjm31"
  ],
  "log": "|j|\u2606irespectclowns\n|j|\u2606haydnjm31\n|t:|1776130075\n|gametype|doubles\n|player|p1|irespectclowns|bugcatcher-gen4dp|1245\n|player|p2|haydnjm31|gardenia|1254\n|gen|9\n|tier|[Gen 9 Champions] VGC 2026 Reg M-A\n|rated|\n|rule|Species Clause: Limit one of each Pok\u00e9mon\n|rule|Item Clause: Limit 1 of each item\n|clearpoke\n|poke|p1|Venusaur, L50, M|\n|poke|p1|Charizard, L50, F|\n|poke|p1|Milotic, L50, F|\n|poke|p1|Mimikyu, L50, F|\n|poke|p1|Golurk, L50|\n|poke|p1|Whimsicott, L50, F|\n|poke|p2|Weavile, L50, F|\n|poke|p2|Froslass, L50, F|\n|poke|p2|Talonflame, L50, M|\n|poke|p2|Glimmora, L50, M|\n|poke|p2|Sneasler, L50, F|\n|poke|p2|Kingambit, L50, M|\n|teampreview|4\n|\n|t:|1776130108\n|teamsize|p1|4\n|teamsize|p2|4\n|start\n|switch|p1a: Mimikyu|Mimikyu, L50, F|100/100\n|switch|p1b: Milotic|Milotic, L50, F|100/100\n|switch|p2a: Weavile|Weavile, L50, F|100/100\n|switch|p2b: Sneasler|Sneasler, L50, F|100/100\n|-ability|p2a: Weavile|Pressure\n|turn|1\n|\n|t:|1776130126\n|move|p2a: Weavile|Knock Off|p1a: Mimikyu\n|-activate|p1a: Mimikyu|ability: Disguise\n|-damage|p1a: Mimikyu|100/100\n|-enditem|p1a: Mimikyu|Bright Powder|[from] move: Knock Off|[of] p2a: Weavile\n|detailschange|p1a: Mimikyu|Mimikyu-Busted, L50, F\n|-damage|p1a: Mimikyu|88/100|[from] pokemon: Mimikyu-Busted\n|move|p2b: Sneasler|Dire Claw|p1a: Mimikyu\n|-damage|p1a: Mimikyu|46/100\n|move|p1b: Milotic|Scald|p2b: Sneasler\n|-crit|p2b: Sneasler\n|-damage|p2b: Sneasler|18/100\n|move|p1a: Mimikyu|Trick Room|p1a: Mimikyu\n|-fieldstart|move: Trick Room|[of] p1a: Mimikyu\n|\n|upkeep\n|turn|2\n|\n|t:|1776130149\n|move|p2b: Sneasler|Protect|p2b: Sneasler\n|-singleturn|p2b: Sneasler|Protect\n|move|p1b: Milotic|Scald|p2a: Weavile\n|-damage|p2a: Weavile|47/100\n|move|p1a: Mimikyu|Play Rough|p2b: Sneasler\n|-activate|p2b: Sneasler|move: Protect\n|move|p2a: Weavile|Throat Chop|p1a: Mimikyu\n|-damage|p1a: Mimikyu|4/100\n|-start|p1a: Mimikyu|Throat Chop|[silent]\n|\n|upkeep\n|turn|3\n|\n|t:|1776130181\n|switch|p2b: Kingambit|Kingambit, L50, M|100/100\n|switch|p2a: Froslass|Froslass, L50, F|100/100\n|move|p1b: Milotic|Scald|p2b: Kingambit\n|-damage|p2b: Kingambit|61/100\n|move|p1a: Mimikyu|Play Rough|p2a: Froslass\n|-damage|p2a: Froslass|50/100\n|\n|-end|p1a: Mimikyu|Throat Chop|[silent]\n|upkeep\n|turn|4\n|\n|t:|1776130197\n|move|p2a: Froslass|Protect|p2a: Froslass\n|-singleturn|p2a: Froslass|Protect\n|move|p2b: Kingambit|Sucker Punch|p1a: Mimikyu\n|-damage|p1a: Mimikyu|0 fnt\n|faint|p1a: Mimikyu\n|move|p1b: Milotic|Scald|p2b: Kingambit\n|-damage|p2b: Kingambit|19/100\n|-status|p2b: Kingambit|brn\n|\n|-damage|p2b: Kingambit|13/100 brn|[from] brn\n|upkeep\n|\n|t:|1776130203\n|switch|p1a: Golurk|Golurk, L50|100/100\n|turn|5\n|\n|t:|1776130213\n|switch|p2a: Sneasler|Sneasler, L50, F|18/100\n|move|p2b: Kingambit|Protect|p2b: Kingambit\n|-singleturn|p2b: Kingambit|Protect\n|move|p1a: Golurk|Poltergeist|p2a: Sneasler\n|-activate|p2a: Sneasler|move: Poltergeist|Black Belt\n|-damage|p2a: Sneasler|0 fnt\n|faint|p2a: Sneasler\n|move|p1b: Milotic|Scald|p2b: Kingambit\n|-activate|p2b: Kingambit|move: Protect\n|\n|-damage|p2b: Kingambit|7/100 brn|[from] brn\n|-fieldend|move: Trick Room\n|upkeep\n|\n|t:|1776130219\n|switch|p2a: Froslass|Froslass, L50, F|50/100\n|turn|6\n|\n|t:|1776130241\n|switch|p1a: Charizard|Charizard, L50, F|100/100\n|detailschange|p2a: Froslass|Froslass-Mega, L50, F\n|-mega|p2a: Froslass|Froslass|Froslassite\n|-weather|Snowscape|[from] ability: Snow Warning|[of] p2a: Froslass\n|move|p2b: Kingambit|Sucker Punch|p1b: Milotic\n|-damage|p1b: Milotic|76/100\n|move|p2a: Froslass|Blizzard|p1b: Milotic|[spread] p1a,p1b\n|-resisted|p1b: Milotic|1\n|-damage|p1a: Charizard|38/100\n|-damage|p1b: Milotic|58/100\n|move|p1b: Milotic|Scald|p2a: Froslass\n|-damage|p2a: Froslass|3/100\n|\n|-weather|Snowscape|[upkeep]\n|-heal|p1b: Milotic|64/100|[from] item: Leftovers\n|-damage|p2b: Kingambit|1/100 brn|[from] brn\n|upkeep\n|turn|7\n|\n|t:|1776130267\n|move|p1a: Charizard|Protect|p1a: Charizard\n|-singleturn|p1a: Charizard|Protect\n|move|p1b: Milotic|Protect|p1b: Milotic\n|-singleturn|p1b: Milotic|Protect\n|move|p2a: Froslass|Blizzard|p1a: Charizard|[spread] \n|-activate|p1a: Charizard|move: Protect\n|-activate|p1b: Milotic|move: Protect\n|move|p2b: Kingambit|Kowtow Cleave|p1b: Milotic\n|-activate|p1b: Milotic|move: Protect\n|\n|-weather|Snowscape|[upkeep]\n|-heal|p1b: Milotic|71/100|[from] item: Leftovers\n|-damage|p2b: Kingambit|0 fnt|[from] brn\n|faint|p2b: Kingambit\n|upkeep\n|\n|t:|1776130272\n|switch|p2b: Weavile|Weavile, L50, F|47/100\n|-ability|p2b: Weavile|Pressure\n|turn|8\n|\n|t:|1776130290\n|detailschange|p1a: Charizard|Charizard-Mega-Y, L50, F\n|-mega|p1a: Charizard|Charizard|Charizardite Y\n|-weather|SunnyDay|[from] ability: Drought|[of] p1a: Charizard\n|move|p2b: Weavile|Fake Out|p1b: Milotic\n|-damage|p1b: Milotic|58/100\n|move|p2a: Froslass|Blizzard|p1a: Charizard|[spread] p1a\n|-miss|p2a: Froslass|p1b: Milotic\n|-damage|p1a: Charizard|0 fnt\n|faint|p1a: Charizard\n|cant|p1b: Milotic|flinch\n|\n|-weather|SunnyDay|[upkeep]\n|-heal|p1b: Milotic|64/100|[from] item: Leftovers\n|upkeep\n|\n|t:|1776130298\n|switch|p1a: Golurk|Golurk, L50|100/100\n|turn|9\n|\n|t:|1776130320\n|move|p1a: Golurk|Protect|p1a: Golurk\n|-singleturn|p1a: Golurk|Protect\n|move|p2b: Weavile|Triple Axel|p1a: Golurk\n|-activate|p1a: Golurk|move: Protect\n|move|p2a: Froslass|Shadow Ball|p1b: Milotic\n|-damage|p1b: Milotic|32/100\n|move|p1b: Milotic|Scald|p2a: Froslass\n|-damage|p2a: Froslass|0 fnt\n|faint|p2a: Froslass\n|\n|-weather|SunnyDay|[upkeep]\n|-heal|p1b: Milotic|38/100|[from] item: Leftovers\n|upkeep\n|turn|10\n|\n|t:|1776130335\n|move|p2b: Weavile|Triple Axel|p1a: Golurk\n|-supereffective|p1a: Golurk|1\n|-damage|p1a: Golurk|72/100\n|-supereffective|p1a: Golurk|1\n|-crit|p1a: Golurk\n|-damage|p1a: Golurk|0 fnt\n|faint|p1a: Golurk\n|-hitcount|p1: Golurk|2\n|move|p1b: Milotic|Scald|p2b: Weavile\n|-damage|p2b: Weavile|22/100\n|\n|-weather|SunnyDay|[upkeep]\n|-heal|p1b: Milotic|44/100|[from] item: Leftovers\n|upkeep\n|turn|11\n|\n|t:|1776130345\n|move|p2b: Weavile|Knock Off|p1b: Milotic\n|-damage|p1b: Milotic|0 fnt\n|-enditem|p1b: Milotic|Leftovers|[from] move: Knock Off|[of] p2b: Weavile\n|faint|p1b: Milotic\n|\n|win|haydnjm31\n|raw|irespectclowns's rating: 1245 &rarr; <strong>1221</strong><br />(-24 for losing)\n|raw|haydnjm31's rating: 1254 &rarr; <strong>1278</strong><br />(+24 for winning)\n|l|\u2606irespectclowns\n|player|p1|\n|c|\u2606haydnjm31|Np wewys\\\n",
  "uploadtime": 1776130356,
  "views": 18,
  "formatid": "gen9championsvgc2026regma",
  "rating": 1221,
  "private": 0,
  "password": null
}