{
  "id": "gen9championsvgc2026regma-2585560800",
  "format": "[Gen 9 Champions] VGC 2026 Reg M-A",
  "players": [
    "xRamii",
    "rintaro uchiha"
  ],
  "log": "|j|\u2606xRamii\n|j|\u2606rintaro uchiha\n|t:|1776355597\n|gametype|doubles\n|player|p1|xRamii|veteran|1388\n|player|p2|rintaro uchiha|ethan|1350\n|gen|9\n|tier|[Gen 9 Champions] VGC 2026 Reg M-A\n|rated|\n|rule|Species Clause: Limit one of each Pok\u00e9mon\n|rule|Item Clause: Limit 1 of each item\n|clearpoke\n|poke|p1|Floette-Eternal, L50, F|\n|poke|p1|Aegislash, L50, F|\n|poke|p1|Talonflame, L50, F|\n|poke|p1|Incineroar, L50, M|\n|poke|p1|Garchomp, L50, M|\n|poke|p1|Rotom-Wash, L50|\n|poke|p2|Gardevoir, L50, M|\n|poke|p2|Aerodactyl, L50, M|\n|poke|p2|Garchomp, L50, F|\n|poke|p2|Incineroar, L50, M|\n|poke|p2|Sinistcha, L50|\n|poke|p2|Snorlax, L50, M|\n|teampreview|4\n|inactive|Battle timer is ON: inactive players will automatically lose when time's up. (requested by xRamii)\n|\n|t:|1776355664\n|teamsize|p1|4\n|teamsize|p2|4\n|start\n|switch|p1a: Talonflame|Talonflame, L50, F|100/100\n|switch|p1b: Floette|Floette-Eternal, L50, F|100/100\n|switch|p2a: Aerodactyl|Aerodactyl, L50, M|100/100\n|switch|p2b: Incineroar|Incineroar, L50, M|100/100\n|-ability|p2a: Aerodactyl|Unnerve\n|-ability|p2b: Incineroar|Intimidate|boost\n|-unboost|p1a: Talonflame|atk|1\n|-unboost|p1b: Floette|atk|1\n|turn|1\n|\n|t:|1776355681\n|switch|p1a: Incineroar|Incineroar, L50, M|100/100\n|-ability|p1a: Incineroar|Intimidate|boost\n|-unboost|p2a: Aerodactyl|atk|1\n|-unboost|p2b: Incineroar|atk|1\n|move|p1b: Floette|Protect|p1b: Floette\n|-singleturn|p1b: Floette|Protect\n|move|p2b: Incineroar|Fake Out|p1a: Incineroar\n|-damage|p1a: Incineroar|95/100\n|move|p2a: Aerodactyl|Tailwind|p2a: Aerodactyl\n|-sidestart|p2: rintaro uchiha|move: Tailwind\n|\n|-heal|p1a: Incineroar|100/100|[from] item: Leftovers\n|upkeep\n|turn|2\n|inactive|rintaro uchiha has 30 seconds left.\n|inactive|rintaro uchiha has 20 seconds left.\n|\n|t:|1776355720\n|detailschange|p1b: Floette|Floette-Mega, L50, F\n|-mega|p1b: Floette|Floette|Floettite\n|-ability|p1b: Floette|Fairy Aura\n|move|p1a: Incineroar|Fake Out|p2b: Incineroar\n|-damage|p2b: Incineroar|91/100\n|move|p2a: Aerodactyl|Rock Slide|p1b: Floette|[spread] p1a,p1b\n|-supereffective|p1a: Incineroar|1\n|-crit|p1a: Incineroar\n|-damage|p1a: Incineroar|37/100\n|-damage|p1b: Floette|87/100\n|cant|p2b: Incineroar|flinch\n|move|p1b: Floette|Calm Mind|p1b: Floette\n|-boost|p1b: Floette|spa|1\n|-boost|p1b: Floette|spd|1\n|\n|-heal|p1a: Incineroar|43/100|[from] item: Leftovers\n|upkeep\n|turn|3\n|\n|t:|1776355744\n|move|p1b: Floette|Protect|p1b: Floette\n|-singleturn|p1b: Floette|Protect\n|move|p2a: Aerodactyl|Rock Slide|p1a: Incineroar|[spread] p1a\n|-activate|p1b: Floette|move: Protect\n|-supereffective|p1a: Incineroar|1\n|-damage|p1a: Incineroar|10/100\n|move|p2b: Incineroar|Throat Chop|p1a: Incineroar\n|-resisted|p1a: Incineroar|1\n|-damage|p1a: Incineroar|2/100\n|-start|p1a: Incineroar|Throat Chop|[silent]\n|cant|p1a: Incineroar|flinch\n|\n|-heal|p1a: Incineroar|8/100|[from] item: Leftovers\n|upkeep\n|turn|4\n|\n|t:|1776355768\n|switch|p1a: Talonflame|Talonflame, L50, F|100/100\n|move|p2a: Aerodactyl|Protect|p2a: Aerodactyl\n|-singleturn|p2a: Aerodactyl|Protect\n|move|p2b: Incineroar|Throat Chop|p1a: Talonflame\n|-damage|p1a: Talonflame|69/100\n|-start|p1a: Talonflame|Throat Chop|[silent]\n|move|p1b: Floette|Dazzling Gleam|p2a: Aerodactyl|[spread] p2b\n|-activate|p2a: Aerodactyl|move: Protect\n|-damage|p2b: Incineroar|35/100\n|\n|-sideend|p2: rintaro uchiha|move: Tailwind\n|upkeep\n|turn|5\n|inactive|rintaro uchiha has 30 seconds left.\n|\n|t:|1776355794\n|move|p1a: Talonflame|Protect|p1a: Talonflame\n|-singleturn|p1a: Talonflame|Protect\n|move|p2a: Aerodactyl|Rock Slide|p1a: Talonflame|[spread] p1b\n|-activate|p1a: Talonflame|move: Protect\n|-damage|p1b: Floette|74/100\n|cant|p1b: Floette|flinch\n|move|p2b: Incineroar|Flare Blitz|p1b: Floette\n|-damage|p1b: Floette|47/100\n|-damage|p2b: Incineroar|27/100|[from] Recoil\n|\n|-end|p1a: Talonflame|Throat Chop|[silent]\n|upkeep\n|turn|6\n|inactive|rintaro uchiha has 30 seconds left.\n|\n|t:|1776355822\n|switch|p1a: Incineroar|Incineroar, L50, M|8/100\n|-ability|p1a: Incineroar|Intimidate|boost\n|-unboost|p2a: Aerodactyl|atk|1\n|-unboost|p2b: Incineroar|atk|1\n|move|p2a: Aerodactyl|Rock Slide|p1a: Incineroar|[spread] p1a,p1b\n|-supereffective|p1a: Incineroar|1\n|-damage|p1a: Incineroar|0 fnt\n|-damage|p1b: Floette|35/100\n|faint|p1a: Incineroar\n|cant|p1b: Floette|flinch\n|move|p2b: Incineroar|Parting Shot|p1b: Floette\n|-unboost|p1b: Floette|atk|1\n|-unboost|p1b: Floette|spa|1\n|\n|t:|1776355831\n|switch|p2b: Gardevoir|Gardevoir, L50, M|100/100|[from] Parting Shot\n|-ability|p2b: Gardevoir|Fairy Aura|Trace|[from] ability: Trace|[of] p1b: Floette\n|-ability|p2b: Gardevoir|Fairy Aura\n|\n|upkeep\n|\n|t:|1776355834\n|switch|p1a: Talonflame|Talonflame, L50, F|69/100\n|turn|7\n|\n|t:|1776355848\n|detailschange|p2b: Gardevoir|Gardevoir-Mega, L50, M\n|-mega|p2b: Gardevoir|Gardevoir|Gardevoirite\n|move|p1b: Floette|Protect|p1b: Floette\n|-singleturn|p1b: Floette|Protect\n|move|p2a: Aerodactyl|Tailwind|p2a: Aerodactyl\n|-sidestart|p2: rintaro uchiha|move: Tailwind\n|move|p2b: Gardevoir|Psychic|p1a: Talonflame\n|-damage|p1a: Talonflame|0 fnt\n|faint|p1a: Talonflame\n|\n|upkeep\n|-message|xRamii forfeited.\n|\n|win|rintaro uchiha\n|raw|xRamii's rating: 1388 &rarr; <strong>1366</strong><br />(-22 for losing)\n|raw|rintaro uchiha's rating: 1350 &rarr; <strong>1372</strong><br />(+22 for winning)\n|l|\u2606xRamii\n|player|p1|\n",
  "uploadtime": 1776355862,
  "views": 31,
  "formatid": "gen9championsvgc2026regma",
  "rating": 1366,
  "private": 0,
  "password": null
}