{
  "id": "gen9championsvgc2026regma-2586301298",
  "format": "[Gen 9 Champions] VGC 2026 Reg M-A",
  "players": [
    "CptArroganto",
    "heroisemcalssa"
  ],
  "log": "|j|\u2606CptArroganto\n|j|\u2606heroisemcalssa\n|t:|1776423010\n|gametype|doubles\n|player|p1|CptArroganto|ltsurge|1093\n|player|p2|heroisemcalssa|swimmer|1065\n|gen|9\n|tier|[Gen 9 Champions] VGC 2026 Reg M-A\n|rated|\n|rule|Species Clause: Limit one of each Pok\u00e9mon\n|rule|Item Clause: Limit 1 of each item\n|clearpoke\n|poke|p1|Heracross, L50, F|\n|poke|p1|Pelipper, L50, F|\n|poke|p1|Archaludon, L50, F|\n|poke|p1|Tsareena, L50, F|\n|poke|p1|Weavile, L50, M|\n|poke|p1|Arcanine-Hisui, L50, F|\n|poke|p2|Manectric, L50, F|\n|poke|p2|Pelipper, L50, M|\n|poke|p2|Weavile, L50, M|\n|poke|p2|Empoleon, L50, M|\n|poke|p2|Lucario, L50, M|\n|poke|p2|Starmie, L50|\n|teampreview|4\n|inactive|Battle timer is ON: inactive players will automatically lose when time's up. (requested by CptArroganto)\n|inactive|CptArroganto has 60 seconds left.\n|inactive|heroisemcalssa has 60 seconds left.\n|\n|t:|1776423050\n|teamsize|p1|4\n|teamsize|p2|4\n|start\n|switch|p1a: Tsareena|Tsareena, L50, F|100/100\n|switch|p1b: Pelipper|Pelipper, L50, F|100/100\n|switch|p2a: Lucario|Lucario, L50, M|100/100\n|switch|p2b: Manectric|Manectric, L50, F|100/100\n|-weather|RainDance|[from] ability: Drizzle|[of] p1b: Pelipper\n|turn|1\n|inactive|CptArroganto has 30 seconds left.\n|inactive|heroisemcalssa has 30 seconds left.\n|inactive|CptArroganto has 20 seconds left.\n|inactive|heroisemcalssa has 20 seconds left.\n|inactive|CptArroganto has 15 seconds left.\n|\n|t:|1776423090\n|move|p2b: Manectric|Thunderbolt|p1b: Pelipper\n|-supereffective|p1b: Pelipper|2\n|-enditem|p1b: Pelipper|Wacan Berry|[eat]\n|-enditem|p1b: Pelipper|Wacan Berry|[weaken]\n|-damage|p1b: Pelipper|0 fnt\n|faint|p1b: Pelipper\n|move|p2a: Lucario|Aura Sphere|p1a: Tsareena\n|-damage|p1a: Tsareena|51/100\n|move|p1a: Tsareena|Power Whip|p2b: Manectric\n|-enditem|p2b: Manectric|Focus Sash\n|-damage|p2b: Manectric|1/100\n|\n|-weather|RainDance|[upkeep]\n|upkeep\n|\n|t:|1776423109\n|switch|p1b: Archaludon|Archaludon, L50, F|100/100\n|turn|2\n|inactive|CptArroganto has 30 seconds left.\n|inactive|heroisemcalssa has 30 seconds left.\n|inactive|CptArroganto has 20 seconds left.\n|inactive|CptArroganto has 15 seconds left.\n|\n|t:|1776423153\n|move|p1b: Archaludon|Protect|p1b: Archaludon\n|-singleturn|p1b: Archaludon|Protect\n|move|p2b: Manectric|Volt Switch|p1a: Tsareena\n|-resisted|p1a: Tsareena|1\n|-damage|p1a: Tsareena|35/100\n|-enditem|p1a: Tsareena|Sitrus Berry|[eat]\n|-heal|p1a: Tsareena|59/100|[from] item: Sitrus Berry\n|\n|t:|1776423165\n|switch|p2b: Weavile|Weavile, L50, M|100/100|[from] Volt Switch\n|-ability|p2b: Weavile|Pressure\n|move|p2a: Lucario|Aura Sphere|p1b: Archaludon\n|-activate|p1b: Archaludon|move: Protect\n|move|p1a: Tsareena|Low Kick|p2b: Weavile\n|-supereffective|p2b: Weavile|2\n|-crit|p2b: Weavile\n|-damage|p2b: Weavile|0 fnt\n|faint|p2b: Weavile\n|\n|-weather|RainDance|[upkeep]\n|upkeep\n|\n|t:|1776423181\n|switch|p2b: Starmie|Starmie, L50|100/100\n|turn|3\n|\n|t:|1776423194\n|switch|p1b: Pink Lady|Heracross, L50, F, shiny|100/100\n|detailschange|p2b: Starmie|Starmie-Mega, L50\n|-mega|p2b: Starmie|Starmie|Starminite\n|move|p2b: Starmie|Liquidation|p1a: Tsareena\n|-resisted|p1a: Tsareena|1\n|-damage|p1a: Tsareena|2/100\n|move|p2a: Lucario|Aura Sphere|p1b: Pink Lady\n|-resisted|p1b: Pink Lady|1\n|-damage|p1b: Pink Lady|76/100\n|move|p1a: Tsareena|Power Whip|p2b: Starmie\n|-supereffective|p2b: Starmie|1\n|-damage|p2b: Starmie|0 fnt\n|faint|p2b: Starmie\n|\n|-weather|RainDance|[upkeep]\n|upkeep\n|\n|t:|1776423212\n|switch|p2b: Manectric|Manectric, L50, F|1/100\n|turn|4\n|\n|t:|1776423228\n|move|p1a: Tsareena|Protect|p1a: Tsareena\n|-singleturn|p1a: Tsareena|Protect\n|move|p2b: Manectric|Hyper Voice|p1a: Tsareena|[spread] p1b\n|-activate|p1a: Tsareena|move: Protect\n|-damage|p1b: Pink Lady|57/100\n|move|p2a: Lucario|Psychic|p1b: Pink Lady\n|-supereffective|p1b: Pink Lady|1\n|-damage|p1b: Pink Lady|0 fnt\n|faint|p1b: Pink Lady\n|\n|-weather|RainDance|[upkeep]\n|upkeep\n|\n|t:|1776423241\n|switch|p1b: Archaludon|Archaludon, L50, F|100/100\n|turn|5\n|\n|t:|1776423249\n|move|p2b: Manectric|Hyper Voice|p1b: Archaludon|[spread] p1a,p1b\n|-resisted|p1b: Archaludon|1\n|-damage|p1a: Tsareena|0 fnt\n|-damage|p1b: Archaludon|86/100\n|faint|p1a: Tsareena\n|move|p2a: Lucario|Aura Sphere|p1b: Archaludon\n|-supereffective|p1b: Archaludon|1\n|-damage|p1b: Archaludon|0 fnt\n|faint|p1b: Archaludon\n|\n|win|heroisemcalssa\n|raw|CptArroganto's rating: 1093 &rarr; <strong>1067</strong><br />(-26 for losing)\n|raw|heroisemcalssa's rating: 1065 &rarr; <strong>1098</strong><br />(+33 for winning)\n",
  "uploadtime": 1776423259,
  "views": 33,
  "formatid": "gen9championsvgc2026regma",
  "rating": 1067,
  "private": 0,
  "password": null
}