{
  "id": "gen9championsvgc2026regma-2582162175",
  "format": "[Gen 9 Champions] VGC 2026 Reg M-A",
  "players": [
    "Stinko Man",
    "testhuphat4"
  ],
  "log": "|j|\u2606Stinko Man\n|j|\u2606testhuphat4\n|t:|1776065937\n|gametype|doubles\n|player|p1|Stinko Man|nate|1198\n|player|p2|testhuphat4|266|1220\n|gen|9\n|tier|[Gen 9 Champions] VGC 2026 Reg M-A\n|rated|\n|rule|Species Clause: Limit one of each Pok\u00e9mon\n|rule|Item Clause: Limit 1 of each item\n|clearpoke\n|poke|p1|Glimmora, L50, M|\n|poke|p1|Corviknight, L50, F|\n|poke|p1|Sinistcha, L50|\n|poke|p1|Ninetales-Alola, L50, M|\n|poke|p1|Incineroar, L50, F|\n|poke|p1|Quaquaval, L50, F|\n|poke|p2|Starmie, L50|\n|poke|p2|Palafin, L50, M|\n|poke|p2|Pelipper, L50, F|\n|poke|p2|Raichu, L50, M|\n|poke|p2|Samurott-Hisui, L50, M|\n|poke|p2|Tinkaton, L50, F|\n|teampreview|4\n|inactive|Battle timer is ON: inactive players will automatically lose when time's up. (requested by testhuphat4)\n|\n|t:|1776065969\n|teamsize|p1|4\n|teamsize|p2|4\n|start\n|switch|p1a: mfw|Incineroar, L50, F|100/100\n|switch|p1b: The Jobber|Glimmora, L50, M, shiny|100/100\n|switch|p2a: Raichu|Raichu, L50, M, shiny|100/100\n|switch|p2b: Samurott|Samurott-Hisui, L50, M, shiny|100/100\n|-ability|p1a: mfw|Intimidate|boost\n|-unboost|p2a: Raichu|atk|1\n|-unboost|p2b: Samurott|atk|1\n|turn|1\n|\n|t:|1776065991\n|detailschange|p1b: The Jobber|Glimmora-Mega, L50, M, shiny\n|-mega|p1b: The Jobber|Glimmora|Glimmoranite\n|move|p1b: The Jobber|Protect|p1b: The Jobber\n|-singleturn|p1b: The Jobber|Protect\n|move|p2a: Raichu|Fake Out|p1a: mfw\n|-damage|p1a: mfw|95/100\n|cant|p1a: mfw|flinch\n|move|p2b: Samurott|Ceaseless Edge|p1a: mfw\n|-resisted|p1a: mfw|1\n|-damage|p1a: mfw|78/100\n|-sidestart|p1: Stinko Man|Spikes\n|\n|upkeep\n|turn|2\n|inactive|Stinko Man has 30 seconds left.\n|inactive|Stinko Man has 20 seconds left.\n|inactive|Stinko Man has 15 seconds left.\n|\n|t:|1776066033\n|move|p2b: Samurott|Ceaseless Edge|p1a: mfw\n|-resisted|p1a: mfw|1\n|-damage|p1a: mfw|60/100\n|-sidestart|p1: Stinko Man|Spikes\n|move|p2a: Raichu|Encore|p1b: The Jobber\n|-start|p1b: The Jobber|Encore\n|move|p1b: The Jobber|Protect||[still]\n|-fail|p1b: The Jobber\n|move|p1a: mfw|Parting Shot|p2b: Samurott\n|-unboost|p2b: Samurott|atk|1\n|-unboost|p2b: Samurott|spa|1\n|\n|t:|1776066045\n|switch|p1a: sun? no way!|Ninetales-Alola, L50, M|100/100|[from] Parting Shot\n|-damage|p1a: sun? no way!|84/100|[from] Spikes\n|-weather|Snowscape|[from] ability: Snow Warning|[of] p1a: sun? no way!\n|\n|-weather|Snowscape|[upkeep]\n|upkeep\n|turn|3\n|\n|t:|1776066059\n|switch|p2a: Pelipper|Pelipper, L50, F, shiny|100/100\n|-weather|RainDance|[from] ability: Drizzle|[of] p2a: Pelipper\n|switch|p1b: Giblin|Sinistcha, L50|100/100\n|-damage|p1b: Giblin|84/100|[from] Spikes\n|-heal|p1a: sun? no way!|100/100|[from] ability: Hospitality|[of] p1b: Giblin\n|move|p2b: Samurott|Ceaseless Edge|p1a: sun? no way!\n|-resisted|p1a: sun? no way!|1\n|-damage|p1a: sun? no way!|81/100\n|-sidestart|p1: Stinko Man|Spikes\n|move|p1a: sun? no way!|Encore|p2b: Samurott\n|-start|p2b: Samurott|Encore\n|\n|-weather|RainDance|[upkeep]\n|-heal|p1b: Giblin|90/100|[from] item: Leftovers\n|upkeep\n|turn|4\n|inactive|Stinko Man has 30 seconds left.\n|\n|t:|1776066087\n|switch|p2b: Starmie|Starmie, L50, shiny|100/100\n|switch|p1a: The Jobber|Glimmora-Mega, L50, M, shiny|100/100\n|-damage|p1a: The Jobber|76/100|[from] Spikes\n|move|p2a: Pelipper|Wide Guard|p2a: Pelipper\n|-singleturn|p2a: Pelipper|Wide Guard\n|move|p1b: Giblin|Matcha Gotcha|p2b: Starmie|[spread] \n|-activate|p2a: Pelipper|move: Wide Guard\n|-activate|p2b: Starmie|move: Wide Guard\n|\n|-weather|RainDance|[upkeep]\n|-heal|p1b: Giblin|97/100|[from] item: Leftovers\n|upkeep\n|turn|5\n|inactive|testhuphat4 has 30 seconds left.\n|\n|t:|1776066114\n|switch|p2a: Samurott|Samurott-Hisui, L50, M, shiny|100/100\n|detailschange|p2b: Starmie|Starmie-Mega, L50, shiny\n|-mega|p2b: Starmie|Starmie|Starminite\n|move|p1a: The Jobber|Protect|p1a: The Jobber\n|-singleturn|p1a: The Jobber|Protect\n|move|p2b: Starmie|Flip Turn|p1b: Giblin\n|-resisted|p1b: Giblin|1\n|-damage|p1b: Giblin|68/100\n|\n|t:|1776066122\n|switch|p2b: Raichu|Raichu, L50, M, shiny|100/100|[from] Flip Turn\n|move|p1b: Giblin|Trick Room|p1b: Giblin\n|-fieldstart|move: Trick Room|[of] p1b: Giblin\n|\n|-weather|RainDance|[upkeep]\n|-heal|p1b: Giblin|75/100|[from] item: Leftovers\n|upkeep\n|turn|6\n|inactive|testhuphat4 has 30 seconds left.\n|\n|t:|1776066150\n|switch|p1a: sun? no way!|Ninetales-Alola, L50, M|81/100\n|-damage|p1a: sun? no way!|56/100|[from] Spikes\n|-weather|Snowscape|[from] ability: Snow Warning|[of] p1a: sun? no way!\n|move|p2b: Raichu|Fake Out|p1a: sun? no way!\n|-damage|p1a: sun? no way!|48/100\n|move|p1b: Giblin|Matcha Gotcha|p2b: Raichu|[spread] p2a,p2b\n|-supereffective|p2a: Samurott|1\n|-damage|p2a: Samurott|20/100\n|-heal|p1b: Giblin|100/100|[from] drain|[of] p2a: Samurott\n|-damage|p2b: Raichu|63/100\n|move|p2a: Samurott|Ceaseless Edge|p1b: Giblin\n|-supereffective|p1b: Giblin|1\n|-damage|p1b: Giblin|33/100\n|\n|-weather|Snowscape|[upkeep]\n|-heal|p1b: Giblin|39/100|[from] item: Leftovers\n|upkeep\n|turn|7\n|\n|t:|1776066172\n|switch|p2b: Pelipper|Pelipper, L50, F, shiny|100/100\n|-weather|RainDance|[from] ability: Drizzle|[of] p2b: Pelipper\n|move|p1b: Giblin|Matcha Gotcha|p2b: Pelipper|[spread] p2a,p2b\n|-supereffective|p2a: Samurott|1\n|-damage|p2a: Samurott|0 fnt\n|-heal|p1b: Giblin|49/100|[from] drain|[of] p2a: Samurott\n|-damage|p2b: Pelipper|75/100\n|-heal|p1b: Giblin|61/100|[from] drain|[of] p2b: Pelipper\n|faint|p2a: Samurott\n|move|p1a: sun? no way!|Moonblast|p2b: Pelipper\n|-damage|p2b: Pelipper|37/100\n|-unboost|p2b: Pelipper|spa|1\n|\n|-weather|RainDance|[upkeep]\n|-heal|p2b: Pelipper|43/100|[from] item: Leftovers\n|-heal|p1b: Giblin|67/100|[from] item: Leftovers\n|upkeep\n|\n|t:|1776066190\n|switch|p2a: Raichu|Raichu, L50, M, shiny|63/100\n|turn|8\n|\n|t:|1776066209\n|move|p2b: Pelipper|Wide Guard|p2b: Pelipper\n|-singleturn|p2b: Pelipper|Wide Guard\n|move|p1b: Giblin|Shadow Ball|p2b: Pelipper\n|-damage|p2b: Pelipper|5/100\n|-unboost|p2b: Pelipper|spd|1\n|move|p1a: sun? no way!|Moonblast|p2a: Raichu\n|-crit|p2a: Raichu\n|-damage|p2a: Raichu|0 fnt\n|faint|p2a: Raichu\n|\n|-weather|RainDance|[upkeep]\n|-heal|p2b: Pelipper|11/100|[from] item: Leftovers\n|-heal|p1b: Giblin|74/100|[from] item: Leftovers\n|upkeep\n|\n|t:|1776066220\n|switch|p2a: Starmie|Starmie-Mega, L50, shiny|100/100\n|turn|9\n|\n|t:|1776066236\n|switch|p1a: mfw|Incineroar, L50, F|60/100\n|-damage|p1a: mfw|35/100|[from] Spikes\n|-ability|p1a: mfw|Intimidate|boost\n|-unboost|p2a: Starmie|atk|1\n|-unboost|p2b: Pelipper|atk|1\n|-enditem|p1a: mfw|Sitrus Berry|[eat]\n|-heal|p1a: mfw|60/100|[from] item: Sitrus Berry\n|move|p2b: Pelipper|Wide Guard|p2b: Pelipper\n|-singleturn|p2b: Pelipper|Wide Guard\n|move|p1b: Giblin|Shadow Ball|p2b: Pelipper\n|-damage|p2b: Pelipper|0 fnt\n|faint|p2b: Pelipper\n|move|p2a: Starmie|Ice Spinner|p1b: Giblin\n|-supereffective|p1b: Giblin|1\n|-damage|p1b: Giblin|33/100\n|\n|-weather|RainDance|[upkeep]\n|-heal|p1b: Giblin|39/100|[from] item: Leftovers\n|-fieldend|move: Trick Room\n|upkeep\n|turn|10\n|-message|testhuphat4 forfeited.\n|\n|win|Stinko Man\n|raw|Stinko Man's rating: 1198 &rarr; <strong>1225</strong><br />(+27 for winning)\n|raw|testhuphat4's rating: 1220 &rarr; <strong>1193</strong><br />(-27 for losing)\n|l|\u2606testhuphat4\n|player|p2|\n|c|\u2606Stinko Man|gg\n",
  "uploadtime": 1776067003,
  "views": 17,
  "formatid": "gen9championsvgc2026regma",
  "rating": 1193,
  "private": 0,
  "password": null
}