{
  "id": "gen9championsvgc2026regma-2581749397",
  "format": "[Gen 9 Champions] VGC 2026 Reg M-A",
  "players": [
    "KEQD",
    "FelipeSamurai"
  ],
  "log": "|j|\u2606KEQD\n|j|\u2606FelipeSamurai\n|t:|1776025459\n|gametype|doubles\n|player|p1|KEQD|hiker-gen4|1081\n|player|p2|FelipeSamurai|buck|1043\n|gen|9\n|tier|[Gen 9 Champions] VGC 2026 Reg M-A\n|rated|\n|rule|Species Clause: Limit one of each Pok\u00e9mon\n|rule|Item Clause: Limit 1 of each item\n|clearpoke\n|poke|p1|Farigiraf, L50, M|\n|poke|p1|Heracross, L50, M|\n|poke|p1|Luxray, L50, F|\n|poke|p1|Empoleon, L50, F|\n|poke|p1|Morpeko, L50, M|\n|poke|p1|Corviknight, L50, F|\n|poke|p2|Charizard, L50, M|\n|poke|p2|Venusaur, L50, M|\n|poke|p2|Garchomp, L50, M|\n|poke|p2|Incineroar, L50, M|\n|poke|p2|Gardevoir, L50, F|\n|poke|p2|Milotic, L50, F|\n|teampreview|4\n|inactive|Battle timer is ON: inactive players will automatically lose when time's up. (requested by KEQD)\n|\n|t:|1776025478\n|teamsize|p1|4\n|teamsize|p2|4\n|start\n|switch|p1a: Luxray|Luxray, L50, F|100/100\n|switch|p1b: Morpeko|Morpeko, L50, M|100/100\n|switch|p2a: Charizard|Charizard, L50, M, shiny|100/100\n|switch|p2b: Incineroar|Incineroar, L50, M|100/100\n|-ability|p1a: Luxray|Intimidate|boost\n|-unboost|p2a: Charizard|atk|1\n|-unboost|p2b: Incineroar|atk|1\n|-ability|p2b: Incineroar|Intimidate|boost\n|-unboost|p1a: Luxray|atk|1\n|-unboost|p1b: Morpeko|atk|1\n|turn|1\n|inactive|FelipeSamurai has 30 seconds left.\n|\n|t:|1776025513\n|detailschange|p2a: Charizard|Charizard-Mega-Y, L50, M, shiny\n|-mega|p2a: Charizard|Charizard|Charizardite Y\n|-weather|SunnyDay|[from] ability: Drought|[of] p2a: Charizard\n|move|p1b: Morpeko|Fake Out|p2b: Incineroar\n|-damage|p2b: Incineroar|94/100\n|cant|p2b: Incineroar|flinch\n|move|p1a: Luxray|Volt Switch|p2a: Charizard\n|-supereffective|p2a: Charizard|1\n|-damage|p2a: Charizard|58/100\n|\n|t:|1776025523\n|switch|p1a: Farigiraf|Farigiraf, L50, M|100/100|[from] Volt Switch\n|move|p2a: Charizard|Heat Wave|p1b: Morpeko|[spread] p1a,p1b\n|-crit|p1b: Morpeko\n|-damage|p1a: Farigiraf|55/100\n|-enditem|p1b: Morpeko|Focus Sash\n|-damage|p1b: Morpeko|1/100\n|\n|-weather|SunnyDay|[upkeep]\n|-formechange|p1b: Morpeko|Morpeko-Hangry|\n|upkeep\n|turn|2\n|inactive|FelipeSamurai has 30 seconds left.\n|\n|t:|1776025550\n|switch|p1b: Luxray|Luxray, L50, F|100/100\n|-ability|p1b: Luxray|Intimidate|boost\n|-unboost|p2a: Charizard|atk|1\n|-unboost|p2b: Incineroar|atk|1\n|move|p2a: Charizard|Protect|p2a: Charizard\n|-singleturn|p2a: Charizard|Protect\n|move|p2b: Incineroar|Flare Blitz|p1a: Farigiraf\n|-damage|p1a: Farigiraf|12/100\n|-status|p1a: Farigiraf|brn\n|-damage|p2b: Incineroar|78/100|[from] Recoil\n|move|p1a: Farigiraf|Trick Room|p1a: Farigiraf\n|-fieldstart|move: Trick Room|[of] p1a: Farigiraf\n|\n|-weather|SunnyDay|[upkeep]\n|-damage|p1a: Farigiraf|6/100 brn|[from] brn\n|upkeep\n|turn|3\n|inactive|KEQD has 30 seconds left.\n|inactive|KEQD has 20 seconds left.\n|inactive|KEQD has 15 seconds left.\n|inactive|KEQD has 10 seconds left.\n|\n|t:|1776025598\n|move|p2b: Incineroar|Helping Hand|p2a: Charizard\n|-singleturn|p2a: Charizard|Helping Hand|[of] p2b: Incineroar\n|move|p1a: Farigiraf|Hyper Voice|p2a: Charizard|[spread] p2a,p2b\n|-damage|p2a: Charizard|37/100\n|-damage|p2b: Incineroar|56/100\n|move|p2a: Charizard|Heat Wave|p1a: Farigiraf|[spread] p1b\n|-miss|p2a: Charizard|p1a: Farigiraf\n|-damage|p1b: Luxray|0 fnt\n|faint|p1b: Luxray\n|\n|-weather|SunnyDay|[upkeep]\n|-damage|p1a: Farigiraf|0 fnt|[from] brn\n|faint|p1a: Farigiraf\n|upkeep\n|\n|t:|1776025610\n|switch|p1a: Empoleon|Empoleon, L50, F|100/100\n|switch|p1b: Morpeko|Morpeko, L50, M|1/100\n|turn|4\n|\n|t:|1776025625\n|switch|p2a: Venusaur|Venusaur, L50, M|100/100\n|move|p1a: Empoleon|Surf|p2b: Incineroar|[spread] p1b,p2a,p2b\n|-resisted|p2a: Venusaur|1\n|-supereffective|p2b: Incineroar|1\n|-damage|p1b: Morpeko|0 fnt\n|-damage|p2a: Venusaur|92/100\n|-damage|p2b: Incineroar|25/100\n|-enditem|p2b: Incineroar|Sitrus Berry|[eat]\n|-heal|p2b: Incineroar|50/100|[from] item: Sitrus Berry\n|faint|p1b: Morpeko\n|move|p2b: Incineroar|Flare Blitz|p1a: Empoleon\n|-damage|p1a: Empoleon|57/100\n|-status|p1a: Empoleon|brn\n|-damage|p2b: Incineroar|36/100|[from] Recoil\n|\n|-weather|SunnyDay|[upkeep]\n|-damage|p1a: Empoleon|51/100 brn|[from] brn\n|upkeep\n|turn|5\n|inactive|KEQD has 30 seconds left.\n|inactive|KEQD has 20 seconds left.\n|\n|t:|1776025665\n|move|p2b: Incineroar|Helping Hand|p2a: Venusaur\n|-singleturn|p2a: Venusaur|Helping Hand|[of] p2b: Incineroar\n|move|p1a: Empoleon|Blizzard|p2b: Incineroar|[spread] p2a,p2b\n|-supereffective|p2a: Venusaur|1\n|-resisted|p2b: Incineroar|1\n|-damage|p2a: Venusaur|33/100\n|-damage|p2b: Incineroar|25/100\n|move|p2a: Venusaur|Energy Ball|p1a: Empoleon\n|-crit|p1a: Empoleon\n|-damage|p1a: Empoleon|0 fnt\n|faint|p1a: Empoleon\n|\n|win|FelipeSamurai\n|raw|KEQD's rating: 1081 &rarr; <strong>1056</strong><br />(-25 for losing)\n|raw|FelipeSamurai's rating: 1043 &rarr; <strong>1080</strong><br />(+37 for winning)\n|l|\u2606KEQD\n|player|p1|\n",
  "uploadtime": 1776025679,
  "views": 14,
  "formatid": "gen9championsvgc2026regma",
  "rating": 1056,
  "private": 0,
  "password": null
}