{
  "id": "gen9championsvgc2026regma-2583102473",
  "format": "[Gen 9 Champions] VGC 2026 Reg M-A",
  "players": [
    "Persona101",
    "faric"
  ],
  "log": "|j|\u2606Persona101\n|j|\u2606faric\n|t:|1776142253\n|gametype|doubles\n|player|p1|Persona101|265|1046\n|player|p2|faric|2|1106\n|gen|9\n|tier|[Gen 9 Champions] VGC 2026 Reg M-A\n|rated|\n|rule|Species Clause: Limit one of each Pok\u00e9mon\n|rule|Item Clause: Limit 1 of each item\n|clearpoke\n|poke|p1|Whimsicott, L50, F|\n|poke|p1|Glimmora, L50, F|\n|poke|p1|Kingambit, L50, F|\n|poke|p1|Dragonite, L50, F|\n|poke|p1|Maushold, L50|\n|poke|p1|Crabominable, L50, M|\n|poke|p2|Charizard, L50, M|\n|poke|p2|Garchomp, L50, F|\n|poke|p2|Rotom-Wash, L50|\n|poke|p2|Incineroar, L50, F|\n|poke|p2|Sneasler, L50, F|\n|poke|p2|Whimsicott, L50, F|\n|teampreview|4\n|inactive|Battle timer is ON: inactive players will automatically lose when time's up. (requested by faric)\nPersona101 has agreed to open team sheets.\n|\n|t:|1776142283\n|teamsize|p1|4\n|teamsize|p2|4\n|start\n|switch|p1a: Whimsicott|Whimsicott, L50, F|100/100\n|switch|p1b: Glimmora|Glimmora, L50, F|100/100\n|switch|p2a: Garchomp|Garchomp, L50, F|100/100\n|switch|p2b: Charizard|Charizard, L50, M|100/100\n|turn|1\n|\n|t:|1776142299\n|detailschange|p2b: Charizard|Charizard-Mega-Y, L50, M\n|-mega|p2b: Charizard|Charizard|Charizardite Y\n|-weather|SunnyDay|[from] ability: Drought|[of] p2b: Charizard\n|move|p1a: Whimsicott|Tailwind|p1a: Whimsicott\n|-sidestart|p1: Persona101|move: Tailwind\n|move|p1b: Glimmora|Power Gem|p2b: Charizard\n|-supereffective|p2b: Charizard|2\n|-damage|p2b: Charizard|0 fnt\n|faint|p2b: Charizard\n|move|p2a: Garchomp|Earthquake|p1a: Whimsicott|[spread] p1a,p1b\n|-resisted|p1a: Whimsicott|1\n|-supereffective|p1b: Glimmora|2\n|-damage|p1a: Whimsicott|68/100\n|-damage|p1b: Glimmora|0 fnt\n|-activate|p1b: Glimmora|ability: Toxic Debris\n|-sidestart|p2: faric|move: Toxic Spikes\n|faint|p1b: Glimmora\n|\n|-weather|SunnyDay|[upkeep]\n|upkeep\n|\n|t:|1776142313\n|switch|p2b: Whimsicott|Whimsicott, L50, F|100/100\n|switch|p1b: Dragonite|Dragonite, L50, F|100/100\n|-status|p2b: Whimsicott|psn\n|turn|2\n|\n|t:|1776142331\n|switch|p2a: Incineroar|Incineroar, L50, F|100/100\n|-status|p2a: Incineroar|psn\n|-ability|p2a: Incineroar|Intimidate|boost\n|-unboost|p1a: Whimsicott|atk|1\n|-fail|p1b: Dragonite|unboost|Attack|[from] ability: Inner Focus|[of] p1b: Dragonite\n|move|p2b: Whimsicott|Tailwind|p2b: Whimsicott\n|-sidestart|p2: faric|move: Tailwind\n|move|p1a: Whimsicott|Dazzling Gleam|p2a: Incineroar|[spread] p2a,p2b\n|-damage|p2a: Incineroar|79/100 psn\n|-damage|p2b: Whimsicott|67/100 psn\n|move|p1b: Dragonite|Dragon Claw|p2a: Incineroar\n|-damage|p2a: Incineroar|33/100 psn\n|-enditem|p2a: Incineroar|Sitrus Berry|[eat]\n|-heal|p2a: Incineroar|58/100 psn|[from] item: Sitrus Berry\n|\n|-weather|SunnyDay|[upkeep]\n|-damage|p2b: Whimsicott|55/100 psn|[from] psn\n|-damage|p2a: Incineroar|46/100 psn|[from] psn\n|upkeep\n|turn|3\n|\n|t:|1776142350\n|move|p1b: Dragonite|Aqua Jet|p2a: Incineroar\n|-supereffective|p2a: Incineroar|1\n|-damage|p2a: Incineroar|32/100 psn\n|move|p1a: Whimsicott|Dazzling Gleam|p2a: Incineroar|[spread] p2a,p2b\n|-crit|p2b: Whimsicott\n|-damage|p2a: Incineroar|10/100 psn\n|-damage|p2b: Whimsicott|4/100 psn\n|move|p2b: Whimsicott|Moonblast|p1b: Dragonite\n|-supereffective|p1b: Dragonite|1\n|-damage|p1b: Dragonite|16/100\n|-unboost|p1b: Dragonite|spa|1\n|move|p2a: Incineroar|Flare Blitz|p1a: Whimsicott\n|-supereffective|p1a: Whimsicott|1\n|-damage|p1a: Whimsicott|0 fnt\n|faint|p1a: Whimsicott\n|-damage|p2a: Incineroar|0 fnt|[from] Recoil\n|faint|p2a: Incineroar\n|\n|-weather|SunnyDay|[upkeep]\n|-damage|p2b: Whimsicott|0 fnt|[from] psn\n|faint|p2b: Whimsicott\n|upkeep\n|\n|t:|1776142361\n|switch|p1a: Crabominable|Crabominable, L50, M|100/100\n|switch|p2b: Garchomp|Garchomp, L50, F|100/100\n|-status|p2b: Garchomp|psn\n|turn|4\n|\n|t:|1776142383\n|detailschange|p1a: Crabominable|Crabominable-Mega, L50, M\n|-mega|p1a: Crabominable|Crabominable|Crabominite\n|move|p2b: Garchomp|Rock Slide|p1b: Dragonite|[spread] p1a,p1b\n|-supereffective|p1b: Dragonite|1\n|-damage|p1a: Crabominable|85/100\n|-damage|p1b: Dragonite|0 fnt\n|faint|p1b: Dragonite\n|cant|p1a: Crabominable|flinch\n|\n|-weather|SunnyDay|[upkeep]\n|-damage|p2b: Garchomp|88/100 psn|[from] psn\n|-sideend|p1: Persona101|move: Tailwind\n|upkeep\n|turn|5\n|\n|t:|1776142391\n|move|p2b: Garchomp|Rock Slide|p1a: Crabominable\n|-damage|p1a: Crabominable|62/100\n|move|p1a: Crabominable|Ice Hammer|p2b: Garchomp\n|-supereffective|p2b: Garchomp|2\n|-damage|p2b: Garchomp|0 fnt\n|-unboost|p1a: Crabominable|spe|1\n|-damage|p1a: Crabominable|50/100|[from] ability: Rough Skin|[of] p2b: Garchomp\n|faint|p2b: Garchomp\n|\n|win|Persona101\n|raw|Persona101's rating: 1046 &rarr; <strong>1085</strong><br />(+39 for winning)\n|raw|faric's rating: 1106 &rarr; <strong>1077</strong><br />(-29 for losing)\n|l|\u2606Persona101\n|player|p1|\n",
  "uploadtime": 1776142402,
  "views": 52,
  "formatid": "gen9championsvgc2026regma",
  "rating": 1077,
  "private": 0,
  "password": null
}