{
  "id": "gen9championsvgc2026regma-2587626864",
  "format": "[Gen 9 Champions] VGC 2026 Reg M-A",
  "players": [
    "uhuhulou",
    "xfgfgdgfdsgfgf"
  ],
  "log": "|j|\u2606uhuhulou\n|j|\u2606xfgfgdgfdsgfgf\n|t:|1776548223\n|gametype|doubles\n|player|p1|uhuhulou|266|1470\n|player|p2|xfgfgdgfdsgfgf|scientist|1475\n|gen|9\n|tier|[Gen 9 Champions] VGC 2026 Reg M-A\n|rated|\n|rule|Species Clause: Limit one of each Pok\u00e9mon\n|rule|Item Clause: Limit 1 of each item\n|clearpoke\n|poke|p1|Ninetales-Alola, L50, M|\n|poke|p1|Crabominable, L50, M, shiny|\n|poke|p1|Incineroar, L50, F|\n|poke|p1|Farigiraf, L50, M|\n|poke|p1|Kingambit, L50, F|\n|poke|p1|Torkoal, L50, F|\n|poke|p2|Floette-Eternal, L50, F|\n|poke|p2|Garchomp, L50, M|\n|poke|p2|Sneasler, L50, M|\n|poke|p2|Aerodactyl, L50, M|\n|poke|p2|Rotom-Wash, L50|\n|poke|p2|Incineroar, L50, F|\n|teampreview|4\n|inactive|Battle timer is ON: inactive players will automatically lose when time's up. (requested by xfgfgdgfdsgfgf)\n|inactive|uhuhulou has 60 seconds left.\n|\n|t:|1776548258\n|teamsize|p1|4\n|teamsize|p2|4\n|start\n|switch|p1a: Kingambit|Kingambit, L50, F|100/100\n|switch|p1b: Farigiraf|Farigiraf, L50, M|100/100\n|switch|p2a: Rotom|Rotom-Wash, L50|100/100\n|switch|p2b: Sneasler|Sneasler, L50, M|100/100\n|turn|1\n|inactive|xfgfgdgfdsgfgf has 30 seconds left.\n|inactive|xfgfgdgfdsgfgf has 20 seconds left.\n|inactive|xfgfgdgfdsgfgf has 15 seconds left.\n|\n|t:|1776548311\n|switch|p1a: Incineroar|Incineroar, L50, F|100/100\n|-ability|p1a: Incineroar|Intimidate|boost\n|-unboost|p2a: Rotom|atk|1\n|-unboost|p2b: Sneasler|atk|1\n|-enditem|p2b: Sneasler|White Herb\n|-clearnegativeboost|p2b: Sneasler|[silent]\n|move|p2b: Sneasler|Close Combat|p1b: Farigiraf\n|-damage|p1b: Farigiraf|41/100\n|-unboost|p2b: Sneasler|def|1\n|-unboost|p2b: Sneasler|spd|1\n|-enditem|p1b: Farigiraf|Sitrus Berry|[eat]\n|-heal|p1b: Farigiraf|66/100|[from] item: Sitrus Berry\n|move|p2a: Rotom|Hydro Pump|p1b: Farigiraf\n|-damage|p1b: Farigiraf|25/100\n|move|p1b: Farigiraf|Trick Room|p1b: Farigiraf\n|-fieldstart|move: Trick Room|[of] p1b: Farigiraf\n|\n|upkeep\n|turn|2\n|inactive|uhuhulou has 30 seconds left.\n|\n|t:|1776548343\n|switch|p1b: Kingambit|Kingambit, L50, F|100/100\n|move|p2b: Sneasler|Protect|p2b: Sneasler\n|-singleturn|p2b: Sneasler|Protect\n|move|p1a: Incineroar|Fake Out|p2b: Sneasler\n|-activate|p2b: Sneasler|move: Protect\n|move|p2a: Rotom|Hydro Pump|p1a: Incineroar\n|-supereffective|p1a: Incineroar|1\n|-damage|p1a: Incineroar|46/100\n|\n|upkeep\n|turn|3\n|\n|t:|1776548365\n|switch|p2a: Floette|Floette-Eternal, L50, F|100/100\n|move|p1b: Kingambit|Kowtow Cleave|p2b: Sneasler\n|-resisted|p2b: Sneasler|1\n|-damage|p2b: Sneasler|32/100\n|move|p1a: Incineroar|Flare Blitz|p2b: Sneasler\n|-damage|p2b: Sneasler|0 fnt\n|faint|p2b: Sneasler\n|-damage|p1a: Incineroar|38/100|[from] Recoil\n|\n|upkeep\n|\n|t:|1776548374\n|switch|p2b: Rotom|Rotom-Wash, L50|100/100\n|turn|4\n|\n|t:|1776548388\n|detailschange|p2a: Floette|Floette-Mega, L50, F\n|-mega|p2a: Floette|Floette|Floettite\n|-ability|p2a: Floette|Fairy Aura\n|move|p2a: Floette|Protect|p2a: Floette\n|-singleturn|p2a: Floette|Protect\n|move|p1b: Kingambit|Kowtow Cleave|p2a: Floette\n|-activate|p2a: Floette|move: Protect\n|move|p1a: Incineroar|Flare Blitz|p2a: Floette\n|-activate|p2a: Floette|move: Protect\n|move|p2b: Rotom|Will-O-Wisp|p1b: Kingambit\n|-status|p1b: Kingambit|brn\n|\n|-damage|p1b: Kingambit|95/100 brn|[from] brn\n|upkeep\n|turn|5\n|\n|t:|1776548413\n|move|p1b: Kingambit|Swords Dance|p1b: Kingambit\n|-boost|p1b: Kingambit|atk|2\n|move|p1a: Incineroar|Flare Blitz|p2a: Floette\n|-damage|p2a: Floette|54/100\n|-damage|p1a: Incineroar|24/100|[from] Recoil\n|move|p2a: Floette|Moonblast|p1b: Kingambit\n|-damage|p1b: Kingambit|22/100 brn\n|-unboost|p1b: Kingambit|spa|1\n|-ability|p1b: Kingambit|Defiant|boost\n|-boost|p1b: Kingambit|atk|2\n|move|p2b: Rotom|Will-O-Wisp|p1a: Incineroar\n|-immune|p1a: Incineroar\n|\n|-damage|p1b: Kingambit|16/100 brn|[from] brn\n|-fieldend|move: Trick Room\n|upkeep\n|turn|6\n|\n|t:|1776548438\n|move|p1b: Kingambit|Sucker Punch|p2a: Floette\n|-resisted|p2a: Floette|1\n|-damage|p2a: Floette|14/100\n|move|p2b: Rotom|Will-O-Wisp|p1a: Incineroar\n|-immune|p1a: Incineroar\n|move|p2a: Floette|Dazzling Gleam|p1a: Incineroar|[spread] p1a,p1b\n|-damage|p1a: Incineroar|0 fnt\n|-damage|p1b: Kingambit|0 fnt\n|faint|p1a: Incineroar\n|faint|p1b: Kingambit\n|\n|upkeep\n|\n|t:|1776548450\n|switch|p1a: Crabominable|Crabominable, L50, M, shiny|100/100\n|switch|p1b: Farigiraf|Farigiraf, L50, M|25/100\n|turn|7\n|\n|t:|1776548460\n|switch|p2b: Incineroar|Incineroar, L50, F|100/100\n|-ability|p2b: Incineroar|Intimidate|boost\n|-fail|p1a: Crabominable|unboost|Attack|[from] ability: Hyper Cutter|[of] p1a: Crabominable\n|-unboost|p1b: Farigiraf|atk|1\n|detailschange|p1a: Crabominable|Crabominable-Mega, L50, M, shiny\n|-mega|p1a: Crabominable|Crabominable|Crabominite\n|move|p1a: Crabominable|Mach Punch|p2a: Floette\n|-resisted|p2a: Floette|1\n|-damage|p2a: Floette|0 fnt\n|faint|p2a: Floette\n|move|p1b: Farigiraf|Trick Room|p1b: Farigiraf\n|-fieldstart|move: Trick Room|[of] p1b: Farigiraf\n|\n|upkeep\n|\n|t:|1776548476\n|switch|p2a: Rotom|Rotom-Wash, L50|100/100\n|turn|8\n|\n|t:|1776548491\n|move|p1a: Crabominable|Drain Punch|p2b: Incineroar\n|-supereffective|p2b: Incineroar|1\n|-damage|p2b: Incineroar|19/100\n|-enditem|p2b: Incineroar|Sitrus Berry|[eat]\n|-heal|p2b: Incineroar|44/100|[from] item: Sitrus Berry\n|move|p1b: Farigiraf|Hyper Voice|p2a: Rotom|[spread] p2a,p2b\n|-damage|p2a: Rotom|63/100\n|-damage|p2b: Incineroar|13/100\n|move|p2b: Incineroar|Flare Blitz|p1a: Crabominable\n|-supereffective|p1a: Crabominable|1\n|-damage|p1a: Crabominable|24/100\n|-damage|p2b: Incineroar|0 fnt|[from] Recoil\n|faint|p2b: Incineroar\n|move|p2a: Rotom|Hydro Pump|p1b: Farigiraf\n|-damage|p1b: Farigiraf|0 fnt\n|faint|p1b: Farigiraf\n|\n|upkeep\n|turn|9\n|\n|t:|1776548507\n|move|p1a: Crabominable|Drain Punch|p2a: Rotom\n|-damage|p2a: Rotom|0 fnt\n|-heal|p1a: Crabominable|48/100|[from] drain|[of] p2a: Rotom\n|faint|p2a: Rotom\n|\n|win|uhuhulou\n|raw|uhuhulou's rating: 1470 &rarr; <strong>1490</strong><br />(+20 for winning)\n|raw|xfgfgdgfdsgfgf's rating: 1475 &rarr; <strong>1455</strong><br />(-20 for losing)\n|l|\u2606xfgfgdgfdsgfgf\n|player|p2|\n",
  "uploadtime": 1776548533,
  "views": 18,
  "formatid": "gen9championsvgc2026regma",
  "rating": 1455,
  "private": 0,
  "password": null
}