{
  "id": "gen9championsvgc2026regma-2580594976",
  "format": "[Gen 9 Champions] VGC 2026 Reg M-A",
  "players": [
    "Eshaway",
    "Reebookpump"
  ],
  "log": "|j|\u2606Eshaway\n|j|\u2606Reebookpump\n|html|<table width=\"100%\"><tr><td align=\"left\">Eshaway</td><td align=\"right\">Reebookpump</tr><tr><td align=\"left\"><i class=\"fa fa-circle-o\"></i> <i class=\"fa fa-circle-o\"></i> </td><td align=\"right\"><i class=\"fa fa-circle-o\"></i> <i class=\"fa fa-circle\"></i> </tr></table>\n|uhtml|bestof|<h2><strong>Game 2</strong> of <a href=\"/game-bestof3-gen9championsvgc2026regma-2580591424\">a best-of-3</a></h2>\n|t:|1775916410\n|gametype|doubles\n|player|p1|Eshaway|265|\n|player|p2|Reebookpump|red-masters|\n|gen|9\n|tier|[Gen 9 Champions] VGC 2026 Reg M-A\n|rated|Tournament battle\n|rule|Species Clause: Limit one of each Pok\u00e9mon\n|rule|Item Clause: Limit 1 of each item\n|raw|<div class=\"infobox\"><details class=\"readmore\" open><summary><strong>2 custom rules:</strong></summary> Force Open Team Sheets, Best of = 3</details></div>\n|clearpoke\n|poke|p1|Starmie, L50|\n|poke|p1|Archaludon, L50, M|\n|poke|p1|Pelipper, L50, M|\n|poke|p1|Gengar, L50, M|\n|poke|p1|Maushold-Four, L50|\n|poke|p1|Incineroar, L50, M|\n|poke|p2|Charizard, L50, F|\n|poke|p2|Venusaur, L50, M|\n|poke|p2|Pelipper, L50, F|\n|poke|p2|Garchomp, L50, F|\n|poke|p2|Rotom-Wash, L50|\n|poke|p2|Incineroar, L50, F|\n|teampreview|4\n|showteam|p1|Starmie||Starminite|NaturalCure|FlipTurn,Liquidation,Protect,PsychoCut||||||50|]Archaludon||Leftovers|Stamina|ElectroShot,Snarl,Protect,FlashCannon|||M|||50|]Pelipper||WacanBerry|Drizzle|Tailwind,Hurricane,Protect,WeatherBall|||M|||50|]Gengar||Gengarite|CursedBody|SludgeBomb,Protect,Taunt,ShadowBall|||M|||50|]Maushold-Four||MentalHerb|FriendGuard|PopulationBomb,FollowMe,Protect,Taunt||||||50|]Incineroar||SitrusBerry|Intimidate|FakeOut,PartingShot,ThroatChop,FlareBlitz|||M|||50|\n|showteam|p2|Charizard||CharizarditeY|SolarPower|HeatWave,WeatherBall,Hurricane,Protect|||F|||50|]Venusaur||Venusaurite|Chlorophyll|SludgeBomb,WeatherBall,LeafStorm,Protect|||M|||50|]Pelipper||FocusSash|Drizzle|Hurricane,WeatherBall,Tailwind,Protect|||F|||50|]Garchomp||SoftSand|RoughSkin|Earthquake,DragonClaw,SwordsDance,Protect|||F|||50|]Rotom-Wash||ChoiceScarf|Levitate|HydroPump,Discharge,Thunder,VoltSwitch||||||50|]Incineroar||SitrusBerry|Intimidate|FakeOut,FlareBlitz,ThroatChop,PartingShot|||F|||50|\n|inactive|Battle timer is ON: inactive players will automatically lose when time's up. (requested by Eshaway)\n|c|\u2606Eshaway|ggs wp on game 1\n|inactive|Eshaway has 60 seconds left.\n|inactive|Reebookpump has 60 seconds left.\n|\n|t:|1775916463\n|teamsize|p1|4\n|teamsize|p2|4\n|start\n|switch|p1a: Pelipper|Pelipper, L50, M|100/100\n|switch|p1b: Incineroar|Incineroar, L50, M|100/100\n|switch|p2a: Charizard|Charizard, L50, F|100/100\n|switch|p2b: Rotom|Rotom-Wash, L50|100/100\n|-weather|RainDance|[from] ability: Drizzle|[of] p1a: Pelipper\n|-ability|p1b: Incineroar|Intimidate|boost\n|-unboost|p2a: Charizard|atk|1\n|-unboost|p2b: Rotom|atk|1\n|turn|1\n|\n|t:|1775916482\n|detailschange|p2a: Charizard|Charizard-Mega-Y, L50, F\n|-mega|p2a: Charizard|Charizard|Charizardite Y\n|-weather|SunnyDay|[from] ability: Drought|[of] p2a: Charizard\n|move|p1a: Pelipper|Protect|p1a: Pelipper\n|-singleturn|p1a: Pelipper|Protect\n|move|p2b: Rotom|Volt Switch|p1a: Pelipper\n|-activate|p1a: Pelipper|move: Protect\n|move|p2a: Charizard|Heat Wave|p1a: Pelipper|[spread] p1b\n|-activate|p1a: Pelipper|move: Protect\n|-resisted|p1b: Incineroar|1\n|-crit|p1b: Incineroar\n|-damage|p1b: Incineroar|62/100\n|move|p1b: Incineroar|Throat Chop|p2a: Charizard\n|-damage|p2a: Charizard|55/100\n|-start|p2a: Charizard|Throat Chop|[silent]\n|\n|-weather|SunnyDay|[upkeep]\n|upkeep\n|turn|2\n|inactive|Eshaway has 30 seconds left.\n|inactive|Reebookpump has 30 seconds left.\n|\n|t:|1775916513\n|switch|p1a: Archie|Archaludon, L50, M|100/100\n|move|p2b: Rotom|Volt Switch|p1a: Archie\n|-resisted|p1a: Archie|1\n|-damage|p1a: Archie|79/100\n|-ability|p1a: Archie|Stamina|boost\n|-boost|p1a: Archie|def|1\n|\n|t:|1775916520\n|switch|p2b: Garchomp|Garchomp, L50, F|100/100|[from] Volt Switch\n|move|p2a: Charizard|Heat Wave|p1b: Incineroar|[spread] p1a,p1b\n|-resisted|p1b: Incineroar|1\n|-damage|p1a: Archie|4/100\n|-damage|p1b: Incineroar|37/100\n|-ability|p1a: Archie|Stamina|boost\n|-boost|p1a: Archie|def|1\n|-enditem|p1b: Incineroar|Sitrus Berry|[eat]\n|-heal|p1b: Incineroar|61/100|[from] item: Sitrus Berry\n|move|p1b: Incineroar|Parting Shot|p2a: Charizard\n|-unboost|p2a: Charizard|atk|1\n|-unboost|p2a: Charizard|spa|1\n|\n|t:|1775916532\n|switch|p1b: Pelipper|Pelipper, L50, M|100/100|[from] Parting Shot\n|-weather|RainDance|[from] ability: Drizzle|[of] p1b: Pelipper\n|\n|-weather|RainDance|[upkeep]\n|-heal|p1a: Archie|10/100|[from] item: Leftovers\n|-end|p2a: Charizard|Throat Chop|[silent]\n|upkeep\n|turn|3\n|\n|t:|1775916547\n|move|p1a: Archie|Protect|p1a: Archie\n|-singleturn|p1a: Archie|Protect\n|move|p2b: Garchomp|Dragon Claw|p1b: Pelipper\n|-damage|p1b: Pelipper|57/100\n|move|p2a: Charizard|Hurricane|p1b: Pelipper\n|-damage|p1b: Pelipper|0 fnt\n|faint|p1b: Pelipper\n|\n|-weather|RainDance|[upkeep]\n|-heal|p1a: Archie|16/100|[from] item: Leftovers\n|upkeep\n|c|\u2606Eshaway|ggs\n|\n|t:|1775916566\n|switch|p1b: Starmie|Starmie, L50|100/100\n|turn|4\n|c|\u2606Reebookpump|Not yet ste\n|c|\u2606Eshaway|i'm probably dead rn\n|c|\u2606Reebookpump|mate*\n|inactive|Reebookpump has 30 seconds left.\n|\n|t:|1775916599\n|switch|p2a: Pelipper|Pelipper, L50, F|100/100\n|detailschange|p1b: Starmie|Starmie-Mega, L50\n|-mega|p1b: Starmie|Starmie|Starminite\n|move|p1b: Starmie|Liquidation|p2a: Pelipper\n|-resisted|p2a: Pelipper|1\n|-damage|p2a: Pelipper|20/100\n|move|p2b: Garchomp|Earthquake|p1a: Archie|[spread] p1a,p1b\n|-immune|p2a: Pelipper\n|-supereffective|p1a: Archie|1\n|-damage|p1a: Archie|0 fnt\n|-damage|p1b: Starmie|39/100\n|faint|p1a: Archie\n|\n|-weather|RainDance|[upkeep]\n|upkeep\n|\n|t:|1775916614\n|switch|p1a: Incineroar|Incineroar, L50, M|61/100\n|-ability|p1a: Incineroar|Intimidate|boost\n|-unboost|p2a: Pelipper|atk|1\n|-unboost|p2b: Garchomp|atk|1\n|turn|5\n|\n|t:|1775916627\n|move|p2b: Garchomp|Protect|p2b: Garchomp\n|-singleturn|p2b: Garchomp|Protect\n|move|p1a: Incineroar|Fake Out|p2b: Garchomp\n|-activate|p2b: Garchomp|move: Protect\n|move|p1b: Starmie|Psycho Cut|p2b: Garchomp\n|-activate|p2b: Garchomp|move: Protect\n|move|p2a: Pelipper|Hurricane|p1b: Starmie\n|-damage|p1b: Starmie|0 fnt\n|faint|p1b: Starmie\n|\n|-weather|RainDance|[upkeep]\n|upkeep\n|turn|6\n|-message|Eshaway forfeited.\n|\n|win|Reebookpump\n|c|\u2606Eshaway|ggs wp\n|c|\u2606Reebookpump|Ggs\n|l|\u2606Eshaway\n|player|p1|\n",
  "uploadtime": 1775916655,
  "views": 29,
  "formatid": "gen9championsvgc2026regma",
  "rating": null,
  "private": 0,
  "password": null
}