{
  "id": "gen9championsvgc2026regma-2587453916",
  "format": "[Gen 9 Champions] VGC 2026 Reg M-A",
  "players": [
    "leo234321",
    "jhonny2307"
  ],
  "log": "|j|\u2606leo234321\n|j|\u203djhonny2307\n|t:|1776533150\n|gametype|doubles\n|player|p1|leo234321|n|1213\n|player|p2|jhonny2307|101|1264\n|gen|9\n|tier|[Gen 9 Champions] VGC 2026 Reg M-A\n|rated|\n|rule|Species Clause: Limit one of each Pok\u00e9mon\n|rule|Item Clause: Limit 1 of each item\n|clearpoke\n|poke|p1|Delphox, L50, M|\n|poke|p1|Sinistcha-Masterpiece, L50|\n|poke|p1|Sneasler, L50, M|\n|poke|p1|Tyranitar, L50, F|\n|poke|p1|Milotic, L50, F|\n|poke|p1|Hydreigon, L50, F|\n|poke|p2|Froslass, L50, F|\n|poke|p2|Kingambit, L50, M|\n|poke|p2|Sneasler, L50, M|\n|poke|p2|Incineroar, L50, F|\n|poke|p2|Primarina, L50, M|\n|poke|p2|Dragonite, L50, F|\n|teampreview|4\n|inactive|Battle timer is ON: inactive players will automatically lose when time's up. (requested by leo234321)\n|\n|t:|1776533202\n|teamsize|p1|4\n|teamsize|p2|4\n|start\n|switch|p1a: Milotic|Milotic, L50, F|100/100\n|switch|p1b: Sneasler|Sneasler, L50, M|100/100\n|switch|p2a: Froslass|Froslass, L50, F|100/100\n|switch|p2b: Sneasler|Sneasler, L50, M|100/100\n|turn|1\n|inactive|leo234321 has 30 seconds left.\n|inactive|jhonny2307 has 30 seconds left.\n|\n|t:|1776533230\n|detailschange|p2a: Froslass|Froslass-Mega, L50, F\n|-mega|p2a: Froslass|Froslass|Froslassite\n|-weather|Snowscape|[from] ability: Snow Warning|[of] p2a: Froslass\n|move|p2b: Sneasler|Fake Out|p1b: Sneasler\n|-damage|p1b: Sneasler|75/100\n|cant|p1b: Sneasler|flinch\n|move|p2a: Froslass|Aurora Veil|p2a: Froslass\n|-sidestart|p2: jhonny2307|move: Aurora Veil\n|move|p1a: Milotic|Coil|p1a: Milotic\n|-boost|p1a: Milotic|atk|1\n|-boost|p1a: Milotic|def|1\n|-boost|p1a: Milotic|accuracy|1\n|\n|-weather|Snowscape|[upkeep]\n|upkeep\n|turn|2\n|inactive|jhonny2307 has 30 seconds left.\n|inactive|jhonny2307 has 20 seconds left.\n|inactive|jhonny2307 has 15 seconds left.\n|inactive|jhonny2307 has 10 seconds left.\n|\n|t:|1776533279\n|switch|p1b: Tyranitar|Tyranitar, L50, F|100/100\n|-weather|Sandstorm|[from] ability: Sand Stream|[of] p1b: Tyranitar\n|move|p2a: Froslass|Blizzard|p1a: Milotic|[spread] p1a,p1b\n|-resisted|p1a: Milotic|1\n|-damage|p1a: Milotic|85/100\n|-damage|p1b: Tyranitar|72/100\n|-status|p1a: Milotic|frz\n|move|p2b: Sneasler|Dire Claw|p1a: Milotic\n|-damage|p1a: Milotic|47/100 frz\n|cant|p1a: Milotic|frz\n|\n|-weather|Sandstorm|[upkeep]\n|-damage|p2a: Froslass|94/100|[from] Sandstorm\n|-damage|p2b: Sneasler|95/100|[from] Sandstorm\n|-damage|p1a: Milotic|41/100 frz|[from] Sandstorm\n|-heal|p1a: Milotic|47/100 frz|[from] item: Leftovers\n|upkeep\n|turn|3\n|\n|t:|1776533299\n|move|p1b: Tyranitar|Protect|p1b: Tyranitar\n|-singleturn|p1b: Tyranitar|Protect\n|move|p2a: Froslass|Shadow Ball|p1a: Milotic\n|-damage|p1a: Milotic|15/100 frz\n|move|p2b: Sneasler|Close Combat|p1b: Tyranitar\n|-activate|p1b: Tyranitar|move: Protect\n|cant|p1a: Milotic|frz\n|\n|-weather|Sandstorm|[upkeep]\n|-damage|p2a: Froslass|88/100|[from] Sandstorm\n|-damage|p2b: Sneasler|89/100|[from] Sandstorm\n|-damage|p1a: Milotic|9/100 frz|[from] Sandstorm\n|-heal|p1a: Milotic|15/100 frz|[from] item: Leftovers\n|upkeep\n|turn|4\n|inactive|leo234321 has 30 seconds left.\n|\n|t:|1776533325\n|switch|p1b: Sneasler|Sneasler, L50, M|75/100\n|move|p2a: Froslass|Shadow Ball|p1a: Milotic\n|-damage|p1a: Milotic|0 fnt\n|faint|p1a: Milotic\n|move|p2b: Sneasler|Close Combat|p1b: Sneasler\n|-resisted|p1b: Sneasler|1\n|-damage|p1b: Sneasler|19/100\n|-unboost|p2b: Sneasler|def|1\n|-unboost|p2b: Sneasler|spd|1\n|-enditem|p2b: Sneasler|White Herb\n|-clearnegativeboost|p2b: Sneasler|[silent]\n|\n|-weather|Sandstorm|[upkeep]\n|-damage|p2b: Sneasler|83/100|[from] Sandstorm\n|-damage|p2a: Froslass|82/100|[from] Sandstorm\n|-damage|p1b: Sneasler|13/100|[from] Sandstorm\n|upkeep\n|\n|t:|1776533338\n|switch|p1a: Tyranitar|Tyranitar, L50, F|72/100\n|turn|5\n|inactive|jhonny2307 has 30 seconds left.\n|\n|t:|1776533363\n|switch|p2a: Kingambit|Kingambit, L50, M|100/100\n|move|p2b: Sneasler|Protect|p2b: Sneasler\n|-singleturn|p2b: Sneasler|Protect\n|move|p1b: Sneasler|Fake Out|p2b: Sneasler\n|-activate|p2b: Sneasler|move: Protect\n|move|p1a: Tyranitar|Rock Slide|p2a: Kingambit|[spread] p2a\n|-activate|p2b: Sneasler|move: Protect\n|-resisted|p2a: Kingambit|1\n|-damage|p2a: Kingambit|93/100\n|\n|-weather|Sandstorm|[upkeep]\n|-damage|p2b: Sneasler|78/100|[from] Sandstorm\n|-damage|p1b: Sneasler|8/100|[from] Sandstorm\n|-sideend|p2: jhonny2307|move: Aurora Veil\n|upkeep\n|turn|6\n|\n|t:|1776533380\n|move|p2a: Kingambit|Sucker Punch|p1b: Sneasler\n|-resisted|p1b: Sneasler|1\n|-damage|p1b: Sneasler|0 fnt\n|faint|p1b: Sneasler\n|move|p2b: Sneasler|Close Combat|p1a: Tyranitar\n|-supereffective|p1a: Tyranitar|2\n|-damage|p1a: Tyranitar|0 fnt\n|-unboost|p2b: Sneasler|def|1\n|-unboost|p2b: Sneasler|spd|1\n|faint|p1a: Tyranitar\n|\n|-weather|none\n|upkeep\n|-message|leo234321 forfeited.\n|\n|win|jhonny2307\n|raw|leo234321's rating: 1213 &rarr; <strong>1192</strong><br />(-21 for losing)\n|raw|jhonny2307's rating: 1264 &rarr; <strong>1285</strong><br />(+21 for winning)\n|l|\u2606leo234321\n|player|p1|\n",
  "uploadtime": 1776533442,
  "views": 19,
  "formatid": "gen9championsvgc2026regma",
  "rating": 1192,
  "private": 0,
  "password": null
}