{
  "id": "gen9championsvgc2026regma-2582034583",
  "format": "[Gen 9 Champions] VGC 2026 Reg M-A",
  "players": [
    "dkapflzksh",
    "nlits"
  ],
  "log": "|j|\u2606dkapflzksh\n|j|\u2606nlits\n|t:|1776050408\n|gametype|doubles\n|player|p1|dkapflzksh|thorton|1161\n|player|p2|nlits|fisherman|1144\n|gen|9\n|tier|[Gen 9 Champions] VGC 2026 Reg M-A\n|rated|\n|rule|Species Clause: Limit one of each Pok\u00e9mon\n|rule|Item Clause: Limit 1 of each item\n|clearpoke\n|poke|p1|Pelipper, L50, M|\n|poke|p1|Basculegion, L50, M|\n|poke|p1|Dragonite, L50, F|\n|poke|p1|Archaludon, L50, F|\n|poke|p1|Sableye, L50, F|\n|poke|p1|Incineroar, L50, F|\n|poke|p2|Hawlucha, L50, M|\n|poke|p2|Vanilluxe, L50, F|\n|poke|p2|Basculegion, L50, M|\n|poke|p2|Froslass, L50, F|\n|poke|p2|Incineroar, L50, M|\n|poke|p2|Araquanid, L50, M|\n|teampreview|4\n|inactive|Battle timer is ON: inactive players will automatically lose when time's up. (requested by nlits)\n|\n|t:|1776050452\n|teamsize|p1|4\n|teamsize|p2|4\n|start\n|switch|p1a: Sableye|Sableye, L50, F|100/100\n|switch|p1b: Basculegion|Basculegion, L50, M, shiny|100/100\n|switch|p2a: Incineroar|Incineroar, L50, M|100/100\n|switch|p2b: Froslass|Froslass, L50, F|100/100\n|-ability|p2a: Incineroar|Intimidate|boost\n|-unboost|p1a: Sableye|atk|1\n|-unboost|p1b: Basculegion|atk|1\n|turn|1\n|\n|t:|1776050476\n|move|p1a: Sableye|Rain Dance|p1a: Sableye\n|-weather|RainDance\n|move|p1b: Basculegion|Flip Turn|p2a: Incineroar\n|-supereffective|p2a: Incineroar|1\n|-damage|p2a: Incineroar|49/100\n|-enditem|p2a: Incineroar|Sitrus Berry|[eat]\n|-heal|p2a: Incineroar|74/100|[from] item: Sitrus Berry\n|\n|t:|1776050482\n|switch|p1b: Archaludon|Archaludon, L50, F, shiny|100/100|[from] Flip Turn\n|move|p2b: Froslass|Taunt|p1a: Sableye\n|-start|p1a: Sableye|move: Taunt\n|-enditem|p1a: Sableye|Mental Herb\n|-end|p1a: Sableye|move: Taunt\n|move|p2a: Incineroar|Parting Shot|p1b: Archaludon\n|-unboost|p1b: Archaludon|atk|1\n|-unboost|p1b: Archaludon|spa|1\n|\n|t:|1776050495\n|switch|p2a: Hawlucha|Hawlucha, L50, M|100/100|[from] Parting Shot\n|\n|-weather|RainDance|[upkeep]\n|upkeep\n|turn|2\n|\n|t:|1776050510\n|move|p2a: Hawlucha|Detect|p2a: Hawlucha\n|-singleturn|p2a: Hawlucha|Protect\n|move|p1a: Sableye|Encore|p2b: Froslass\n|-start|p2b: Froslass|Encore\n|move|p2b: Froslass|Taunt|p1b: Archaludon\n|-start|p1b: Archaludon|move: Taunt\n|move|p1b: Archaludon|Electro Shot||[still]\n|-prepare|p1b: Archaludon|Electro Shot\n|-boost|p1b: Archaludon|spa|1\n|-anim|p1b: Archaludon|Electro Shot|p2a: Hawlucha\n|-activate|p2a: Hawlucha|move: Protect\n|\n|-weather|RainDance|[upkeep]\n|upkeep\n|turn|3\n|inactive|nlits has 30 seconds left.\n|inactive|nlits has 20 seconds left.\n|inactive|nlits has 15 seconds left.\n|inactive|nlits has 10 seconds left.\n|\n|t:|1776050557\n|switch|p2b: Vanilluxe|Vanilluxe, L50, F, shiny|100/100\n|-weather|Snowscape|[from] ability: Snow Warning|[of] p2b: Vanilluxe\n|detailschange|p2a: Hawlucha|Hawlucha-Mega, L50, M\n|-mega|p2a: Hawlucha|Hawlucha|Hawluchanite\n|move|p1a: Sableye|Encore|p2a: Hawlucha\n|-start|p2a: Hawlucha|Encore\n|move|p2a: Hawlucha|Detect||[still]\n|-fail|p2a: Hawlucha\n|move|p1b: Archaludon|Electro Shot||[still]\n|-prepare|p1b: Archaludon|Electro Shot\n|-boost|p1b: Archaludon|spa|1\n|\n|-weather|Snowscape|[upkeep]\n|upkeep\n|turn|4\n|inactive|nlits has 30 seconds left.\n|\n|t:|1776050583\n|switch|p2a: Froslass|Froslass, L50, F|100/100\n|move|p1a: Sableye|Light Screen|p1a: Sableye\n|-sidestart|p1: dkapflzksh|move: Light Screen\n|move|p2b: Vanilluxe|Blizzard|p1b: Archaludon|[spread] p1a,p1b\n|-damage|p1a: Sableye|76/100\n|-damage|p1b: Archaludon|80/100\n|-ability|p1b: Archaludon|Stamina|boost\n|-boost|p1b: Archaludon|def|1\n|move|p1b: Archaludon|Electro Shot|p2b: Vanilluxe|[from] lockedmove\n|-damage|p2b: Vanilluxe|42/100\n|\n|-weather|Snowscape|[upkeep]\n|-heal|p1b: Archaludon|86/100|[from] item: Leftovers\n|-end|p1b: Archaludon|move: Taunt\n|upkeep\n|turn|5\n|\n|t:|1776050607\n|switch|p2b: Hawlucha|Hawlucha-Mega, L50, M|100/100\n|move|p1a: Sableye|Rain Dance|p1a: Sableye\n|-weather|RainDance\n|move|p2a: Froslass|Taunt|p1a: Sableye\n|-start|p1a: Sableye|move: Taunt\n|move|p1b: Archaludon|Electro Shot||[still]\n|-prepare|p1b: Archaludon|Electro Shot\n|-boost|p1b: Archaludon|spa|1\n|-anim|p1b: Archaludon|Electro Shot|p2a: Froslass\n|-damage|p2a: Froslass|0 fnt\n|faint|p2a: Froslass\n|\n|-weather|RainDance|[upkeep]\n|-heal|p1b: Archaludon|92/100|[from] item: Leftovers\n|upkeep\n|\n|t:|1776050623\n|switch|p2a: Vanilluxe|Vanilluxe, L50, F, shiny|42/100\n|-weather|Snowscape|[from] ability: Snow Warning|[of] p2a: Vanilluxe\n|turn|6\n|\n|t:|1776050640\n|switch|p1a: Basculegion|Basculegion, L50, M, shiny|100/100\n|move|p1b: Archaludon|Protect|p1b: Archaludon\n|-singleturn|p1b: Archaludon|Protect\n|move|p2b: Hawlucha|Entrainment|p2a: Vanilluxe\n|-ability|p2a: Vanilluxe|No Guard|Snow Warning|[from] move: Entrainment|[of] p2b: Hawlucha\n|move|p2a: Vanilluxe|Sheer Cold|p1b: Archaludon\n|-activate|p1b: Archaludon|move: Protect\n|\n|-weather|Snowscape|[upkeep]\n|-heal|p1b: Archaludon|98/100|[from] item: Leftovers\n|upkeep\n|turn|7\n|inactive|dkapflzksh has 30 seconds left.\n|inactive|nlits has 30 seconds left.\n|\n|t:|1776050672\n|switch|p1a: Dragonite|Dragonite, L50, F, shiny|100/100\n|move|p2b: Hawlucha|High Jump Kick|p1b: Archaludon\n|-supereffective|p1b: Archaludon|1\n|-damage|p1b: Archaludon|29/100\n|-ability|p1b: Archaludon|Stamina|boost\n|-boost|p1b: Archaludon|def|1\n|move|p2a: Vanilluxe|Sheer Cold|p1a: Dragonite\n|-damage|p1a: Dragonite|0 fnt\n|faint|p1a: Dragonite\n|-ohko\n|move|p1b: Archaludon|Electro Shot||[still]\n|-prepare|p1b: Archaludon|Electro Shot\n|-boost|p1b: Archaludon|spa|1\n|\n|-weather|Snowscape|[upkeep]\n|-heal|p1b: Archaludon|35/100|[from] item: Leftovers\n|upkeep\n|\n|t:|1776050693\n|switch|p1a: Sableye|Sableye, L50, F|76/100\n|turn|8\n|\n|t:|1776050704\n|move|p1a: Sableye|Disable|p2a: Vanilluxe\n|-start|p2a: Vanilluxe|Disable|Sheer Cold\n|move|p2b: Hawlucha|High Jump Kick|p1b: Archaludon\n|-supereffective|p1b: Archaludon|1\n|-damage|p1b: Archaludon|0 fnt\n|faint|p1b: Archaludon\n|cant|p2a: Vanilluxe|Disable|Sheer Cold\n|\n|-weather|Snowscape|[upkeep]\n|-sideend|p1: dkapflzksh|move: Light Screen\n|upkeep\n|\n|t:|1776050712\n|switch|p1b: Basculegion|Basculegion, L50, M, shiny|100/100\n|turn|9\n|inactive|nlits has 30 seconds left.\n|\n|t:|1776050746\n|switch|p2a: Incineroar|Incineroar, L50, M|74/100\n|-ability|p2a: Incineroar|Intimidate|boost\n|-unboost|p1a: Sableye|atk|1\n|-unboost|p1b: Basculegion|atk|1\n|move|p1a: Sableye|Encore|p2b: Hawlucha\n|-start|p2b: Hawlucha|Encore\n|move|p2b: Hawlucha|High Jump Kick|p1a: Sableye\n|-immune|p1a: Sableye\n|-damage|p2b: Hawlucha|51/100|[from] highjumpkick\n|move|p1b: Basculegion|Liquidation|p2a: Incineroar\n|-supereffective|p2a: Incineroar|1\n|-damage|p2a: Incineroar|19/100\n|\n|-weather|Snowscape|[upkeep]\n|upkeep\n|turn|10\n|inactive|nlits has 30 seconds left.\n|inactive|dkapflzksh has 30 seconds left.\n|\n|t:|1776050785\n|switch|p2b: Vanilluxe|Vanilluxe, L50, F, shiny|42/100\n|move|p1a: Sableye|Rain Dance|p1a: Sableye\n|-weather|RainDance\n|move|p1b: Basculegion|Liquidation|p2a: Incineroar\n|-supereffective|p2a: Incineroar|1\n|-damage|p2a: Incineroar|0 fnt\n|faint|p2a: Incineroar\n|\n|-weather|RainDance|[upkeep]\n|upkeep\n|\n|t:|1776050796\n|switch|p2a: Hawlucha|Hawlucha-Mega, L50, M|51/100\n|turn|11\n|inactive|nlits has 30 seconds left.\n|\n|t:|1776050831\n|move|p2a: Hawlucha|Detect|p2a: Hawlucha\n|-singleturn|p2a: Hawlucha|Protect\n|move|p1a: Sableye|Light Screen|p1a: Sableye\n|-sidestart|p1: dkapflzksh|move: Light Screen\n|move|p1b: Basculegion|Last Respects|p2a: Hawlucha\n|-activate|p2a: Hawlucha|move: Protect\n|move|p2b: Vanilluxe|Blizzard|p1a: Sableye|[spread] p1a\n|-miss|p2b: Vanilluxe|p1b: Basculegion\n|-damage|p1a: Sableye|49/100\n|\n|-weather|RainDance|[upkeep]\n|upkeep\n|turn|12\n|\n|t:|1776050848\n|move|p1a: Sableye|Encore|p2a: Hawlucha\n|-start|p2a: Hawlucha|Encore\n|move|p2a: Hawlucha|Detect|p2a: Hawlucha\n|-singleturn|p2a: Hawlucha|Protect\n|move|p1b: Basculegion|Last Respects|p2b: Vanilluxe\n|-damage|p2b: Vanilluxe|0 fnt\n|faint|p2b: Vanilluxe\n|\n|-weather|RainDance|[upkeep]\n|upkeep\n|turn|13\n|-message|nlits forfeited.\n|\n|win|dkapflzksh\n|raw|dkapflzksh's rating: 1161 &rarr; <strong>1185</strong><br />(+24 for winning)\n|raw|nlits's rating: 1144 &rarr; <strong>1120</strong><br />(-24 for losing)\n",
  "uploadtime": 1776050859,
  "views": 12,
  "formatid": "gen9championsvgc2026regma",
  "rating": 1120,
  "private": 0,
  "password": null
}