{
  "id": "gen9championsvgc2026regma-2587947597",
  "format": "[Gen 9 Champions] VGC 2026 Reg M-A",
  "players": [
    "faric",
    "kyuremkiroialt"
  ],
  "log": "|j|\u2606faric\n|j|\u203dkyuremkiroialt\n|t:|1776583199\n|gametype|doubles\n|player|p1|faric|101|1330\n|player|p2|kyuremkiroialt|plasmagrunt|1396\n|gen|9\n|tier|[Gen 9 Champions] VGC 2026 Reg M-A\n|rated|\n|rule|Species Clause: Limit one of each Pok\u00e9mon\n|rule|Item Clause: Limit 1 of each item\n|clearpoke\n|poke|p1|Charizard, L50, F|\n|poke|p1|Garchomp, L50, F|\n|poke|p1|Rotom-Wash, L50|\n|poke|p1|Incineroar, L50, M|\n|poke|p1|Sneasler, L50, F|\n|poke|p1|Whimsicott, L50, F|\n|poke|p2|Sneasler, L50, M|\n|poke|p2|Kingambit, L50, M|\n|poke|p2|Aerodactyl, L50, F|\n|poke|p2|Garchomp, L50, F|\n|poke|p2|Charizard, L50, F|\n|poke|p2|Rotom-Mow, L50|\n|teampreview|4\n|inactive|Battle timer is ON: inactive players will automatically lose when time's up. (requested by kyuremkiroialt)\n|\n|t:|1776583215\n|teamsize|p1|4\n|teamsize|p2|4\n|start\n|switch|p1a: Incineroar|Incineroar, L50, M|100/100\n|switch|p1b: Rotom|Rotom-Wash, L50|100/100\n|switch|p2a: Sneasler|Sneasler, L50, M|100/100\n|switch|p2b: Aerodactyl|Aerodactyl, L50, F|100/100\n|-ability|p1a: Incineroar|Intimidate|boost\n|-unboost|p2a: Sneasler|atk|1\n|-unboost|p2b: Aerodactyl|atk|1\n|-enditem|p2a: Sneasler|White Herb\n|-clearnegativeboost|p2a: Sneasler|[silent]\n|turn|1\n|\n|t:|1776583230\n|move|p2a: Sneasler|Fake Out|p1a: Incineroar\n|-damage|p1a: Incineroar|87/100\n|cant|p1a: Incineroar|flinch\n|move|p2b: Aerodactyl|Tailwind|p2b: Aerodactyl\n|-sidestart|p2: kyuremkiroialt|move: Tailwind\n|move|p1b: Rotom|Thunderbolt|p2b: Aerodactyl\n|-supereffective|p2b: Aerodactyl|1\n|-enditem|p2b: Aerodactyl|Focus Sash\n|-damage|p2b: Aerodactyl|1/100\n|\n|upkeep\n|turn|2\n|\n|t:|1776583243\n|switch|p2b: Garchomp|Garchomp, L50, F|100/100\n|move|p2a: Sneasler|Close Combat|p1a: Incineroar\n|-supereffective|p1a: Incineroar|1\n|-damage|p1a: Incineroar|0 fnt\n|-unboost|p2a: Sneasler|def|1\n|-unboost|p2a: Sneasler|spd|1\n|faint|p1a: Incineroar\n|move|p1b: Rotom|Volt Switch|p2b: Garchomp\n|-immune|p2b: Garchomp\n|\n|upkeep\n|\n|t:|1776583249\n|switch|p1a: Whimsicott|Whimsicott, L50, F|100/100\n|turn|3\n|\n|t:|1776583271\n|move|p1a: Whimsicott|Encore|p2a: Sneasler\n|-start|p2a: Sneasler|Encore\n|move|p2a: Sneasler|Close Combat|p1a: Whimsicott\n|-resisted|p1a: Whimsicott|1\n|-damage|p1a: Whimsicott|54/100\n|-unboost|p2a: Sneasler|def|1\n|-unboost|p2a: Sneasler|spd|1\n|move|p2b: Garchomp|Rock Slide|p1a: Whimsicott|[spread] p1a,p1b\n|-damage|p1a: Whimsicott|25/100\n|-damage|p1b: Rotom|79/100\n|cant|p1b: Rotom|flinch\n|\n|-heal|p1b: Rotom|85/100|[from] item: Leftovers\n|upkeep\n|turn|4\n|inactive|faric has 30 seconds left.\n|\n|t:|1776583298\n|move|p1a: Whimsicott|Tailwind|p1a: Whimsicott\n|-sidestart|p1: faric|move: Tailwind\n|move|p2a: Sneasler|Close Combat|p1b: Rotom\n|-damage|p1b: Rotom|18/100\n|-unboost|p2a: Sneasler|def|1\n|-unboost|p2a: Sneasler|spd|1\n|move|p2b: Garchomp|Rock Slide|p1a: Whimsicott|[spread] p1a,p1b\n|-damage|p1a: Whimsicott|0 fnt\n|-damage|p1b: Rotom|0 fnt\n|faint|p1a: Whimsicott\n|faint|p1b: Rotom\n|\n|-sideend|p2: kyuremkiroialt|move: Tailwind\n|upkeep\n|\n|t:|1776583304\n|switch|p1b: Charizard|Charizard, L50, F|100/100\n|turn|5\n|\n|t:|1776583317\n|detailschange|p1b: Charizard|Charizard-Mega-Y, L50, F\n|-mega|p1b: Charizard|Charizard|Charizardite Y\n|-weather|SunnyDay|[from] ability: Drought|[of] p1b: Charizard\n|move|p2a: Sneasler|Close Combat|p1b: Charizard\n|-resisted|p1b: Charizard|1\n|-damage|p1b: Charizard|62/100\n|-unboost|p2a: Sneasler|def|1\n|-unboost|p2a: Sneasler|spd|1\n|move|p1b: Charizard|Heat Wave|p2a: Sneasler|[spread] p2a,p2b\n|-resisted|p2b: Garchomp|1\n|-damage|p2a: Sneasler|0 fnt\n|-damage|p2b: Garchomp|65/100\n|faint|p2a: Sneasler\n|move|p2b: Garchomp|Rock Slide|p1b: Charizard\n|-supereffective|p1b: Charizard|2\n|-damage|p1b: Charizard|0 fnt\n|faint|p1b: Charizard\n|\n|win|kyuremkiroialt\n|raw|faric's rating: 1330 &rarr; <strong>1314</strong><br />(-16 for losing)\n|raw|kyuremkiroialt's rating: 1396 &rarr; <strong>1412</strong><br />(+16 for winning)\n",
  "uploadtime": 1776583327,
  "views": 23,
  "formatid": "gen9championsvgc2026regma",
  "rating": 1314,
  "private": 0,
  "password": null
}