{
  "id": "gen9championsvgc2026regma-2586379872",
  "format": "[Gen 9 Champions] VGC 2026 Reg M-A",
  "players": [
    "Pastor/Sinner",
    "zawaray"
  ],
  "log": "|j|\u2606Pastor/Sinner\n|j|\u2606zawaray\n|t:|1776430365\n|gametype|doubles\n|player|p1|Pastor/Sinner|2|1063\n|player|p2|zawaray|cynthia-gen4|1000\n|gen|9\n|tier|[Gen 9 Champions] VGC 2026 Reg M-A\n|rated|\n|rule|Species Clause: Limit one of each Pok\u00e9mon\n|rule|Item Clause: Limit 1 of each item\n|clearpoke\n|poke|p1|Tyranitar, L50, F|\n|poke|p1|Froslass, L50, F|\n|poke|p1|Aerodactyl, L50, F|\n|poke|p1|Vanilluxe, L50, M|\n|poke|p1|Milotic, L50, F|\n|poke|p1|Arcanine-Hisui, L50, F|\n|poke|p2|Incineroar, L50, M|\n|poke|p2|Venusaur, L50, F|\n|poke|p2|Whimsicott, L50, F|\n|poke|p2|Charizard, L50, M|\n|poke|p2|Garchomp, L50, M|\n|poke|p2|Sneasler, L50, F|\n|teampreview|4\n|\n|t:|1776430384\n|teamsize|p1|4\n|teamsize|p2|4\n|start\n|switch|p1a: Ten Twinkies|Milotic, L50, F, shiny|100/100\n|switch|p1b: Drumsticks|Vanilluxe, L50, M|100/100\n|switch|p2a: Gabo|Garchomp, L50, M|100/100\n|switch|p2b: Kaiji|Incineroar, L50, M|100/100\n|-weather|Snowscape|[from] ability: Snow Warning|[of] p1b: Drumsticks\n|-ability|p2b: Kaiji|Intimidate|boost\n|-unboost|p1a: Ten Twinkies|atk|1\n|-ability|p1a: Ten Twinkies|Competitive|boost\n|-boost|p1a: Ten Twinkies|spa|2\n|-unboost|p1b: Drumsticks|atk|1\n|turn|1\n|\n|t:|1776430412\n|move|p1a: Ten Twinkies|Protect|p1a: Ten Twinkies\n|-singleturn|p1a: Ten Twinkies|Protect\n|move|p1b: Drumsticks|Protect|p1b: Drumsticks\n|-singleturn|p1b: Drumsticks|Protect\n|move|p2b: Kaiji|Fake Out|p1b: Drumsticks\n|-activate|p1b: Drumsticks|move: Protect\n|move|p2a: Gabo|Rock Slide|p1a: Ten Twinkies|[spread] \n|-activate|p1a: Ten Twinkies|move: Protect\n|-activate|p1b: Drumsticks|move: Protect\n|\n|-weather|Snowscape|[upkeep]\n|upkeep\n|turn|2\n|\n|t:|1776430430\n|move|p2a: Gabo|Rock Slide|p1b: Drumsticks|[spread] p1a\n|-miss|p2a: Gabo|p1b: Drumsticks\n|-damage|p1a: Ten Twinkies|82/100\n|move|p1a: Ten Twinkies|Muddy Water|p2b: Kaiji|[spread] p2a\n|-miss|p1a: Ten Twinkies|p2b: Kaiji\n|-damage|p2a: Gabo|50/100\n|move|p1b: Drumsticks|Aurora Veil|p1b: Drumsticks\n|-sidestart|p1: Pastor/Sinner|move: Aurora Veil\n|move|p2b: Kaiji|Parting Shot|p1b: Drumsticks\n|-unboost|p1b: Drumsticks|atk|1\n|-unboost|p1b: Drumsticks|spa|1\n|\n|t:|1776430445\n|switch|p2b: Luis Miguel|Charizard, L50, M|100/100|[from] Parting Shot\n|\n|-weather|Snowscape|[upkeep]\n|-heal|p1a: Ten Twinkies|89/100|[from] item: Leftovers\n|upkeep\n|turn|3\n|\n|t:|1776430455\n|switch|p1b: Da Mama|Tyranitar, L50, F, shiny|100/100\n|-weather|Sandstorm|[from] ability: Sand Stream|[of] p1b: Da Mama\n|move|p2b: Luis Miguel|Protect|p2b: Luis Miguel\n|-singleturn|p2b: Luis Miguel|Protect\n|move|p2a: Gabo|Rock Slide|p1a: Ten Twinkies|[spread] p1a,p1b\n|-damage|p1a: Ten Twinkies|75/100\n|-damage|p1b: Da Mama|87/100\n|move|p1a: Ten Twinkies|Muddy Water|p2a: Gabo|[spread] p2a\n|-activate|p2b: Luis Miguel|move: Protect\n|-damage|p2a: Gabo|0 fnt\n|faint|p2a: Gabo\n|\n|-weather|Sandstorm|[upkeep]\n|-damage|p2b: Luis Miguel|95/100|[from] Sandstorm\n|-damage|p1a: Ten Twinkies|69/100|[from] Sandstorm\n|-heal|p1a: Ten Twinkies|75/100|[from] item: Leftovers\n|upkeep\n|\n|t:|1776430474\n|switch|p2a: Ivysaur!|Venusaur, L50, F|100/100\n|turn|4\n|\n|t:|1776430487\n|switch|p1b: Drumsticks|Vanilluxe, L50, M|100/100\n|-weather|Snowscape|[from] ability: Snow Warning|[of] p1b: Drumsticks\n|detailschange|p2b: Luis Miguel|Charizard-Mega-Y, L50, M\n|-mega|p2b: Luis Miguel|Charizard|Charizardite Y\n|-weather|SunnyDay|[from] ability: Drought|[of] p2b: Luis Miguel\n|move|p2a: Ivysaur!|Helping Hand|p2b: Luis Miguel\n|-singleturn|p2b: Luis Miguel|Helping Hand|[of] p2a: Ivysaur!\n|move|p2b: Luis Miguel|Scorching Sands|p1b: Drumsticks\n|-damage|p1b: Drumsticks|69/100\n|move|p1a: Ten Twinkies|Muddy Water|p2a: Ivysaur!|[spread] p2a,p2b\n|-resisted|p2a: Ivysaur!|1\n|-supereffective|p2b: Luis Miguel|1\n|-damage|p2a: Ivysaur!|84/100\n|-damage|p2b: Luis Miguel|40/100\n|\n|-weather|SunnyDay|[upkeep]\n|-heal|p1a: Ten Twinkies|82/100|[from] item: Leftovers\n|upkeep\n|turn|5\n|\n|t:|1776430508\n|switch|p2b: Kaiji|Incineroar, L50, M|100/100\n|-ability|p2b: Kaiji|Intimidate|boost\n|-unboost|p1a: Ten Twinkies|atk|1\n|-ability|p1a: Ten Twinkies|Competitive|boost\n|-boost|p1a: Ten Twinkies|spa|2\n|-unboost|p1b: Drumsticks|atk|1\n|switch|p1b: Da Mama|Tyranitar, L50, F, shiny|87/100\n|-weather|Sandstorm|[from] ability: Sand Stream|[of] p1b: Da Mama\n|move|p2a: Ivysaur!|Sleep Powder|p1b: Da Mama\n|-status|p1b: Da Mama|slp|[from] move: Sleep Powder\n|move|p1a: Ten Twinkies|Muddy Water|p2a: Ivysaur!|[spread] p2a\n|-miss|p1a: Ten Twinkies|p2b: Kaiji\n|-resisted|p2a: Ivysaur!|1\n|-damage|p2a: Ivysaur!|42/100\n|\n|-weather|Sandstorm|[upkeep]\n|-damage|p2a: Ivysaur!|36/100|[from] Sandstorm\n|-damage|p1a: Ten Twinkies|75/100|[from] Sandstorm\n|-damage|p2b: Kaiji|95/100|[from] Sandstorm\n|-heal|p1a: Ten Twinkies|82/100|[from] item: Leftovers\n|upkeep\n|turn|6\n|\n|t:|1776430534\n|switch|p1b: Drumsticks|Vanilluxe, L50, M|69/100\n|-weather|Snowscape|[from] ability: Snow Warning|[of] p1b: Drumsticks\n|move|p1a: Ten Twinkies|Protect|p1a: Ten Twinkies\n|-singleturn|p1a: Ten Twinkies|Protect\n|move|p2a: Ivysaur!|Sleep Powder|p1a: Ten Twinkies\n|-activate|p1a: Ten Twinkies|move: Protect\n|move|p2b: Kaiji|Parting Shot|p1b: Drumsticks\n|-unboost|p1b: Drumsticks|atk|1\n|-unboost|p1b: Drumsticks|spa|1\n|\n|t:|1776430545\n|switch|p2b: Luis Miguel|Charizard-Mega-Y, L50, M|40/100|[from] Parting Shot\n|-weather|SunnyDay|[from] ability: Drought|[of] p2b: Luis Miguel\n|\n|-weather|SunnyDay|[upkeep]\n|-heal|p1a: Ten Twinkies|88/100|[from] item: Leftovers\n|-sideend|p1: Pastor/Sinner|move: Aurora Veil\n|upkeep\n|turn|7\n|\n|t:|1776430554\n|switch|p1b: Da Mama|Tyranitar, L50, F, shiny|87/100 slp\n|-weather|Sandstorm|[from] ability: Sand Stream|[of] p1b: Da Mama\n|move|p2a: Ivysaur!|Helping Hand|p2b: Luis Miguel\n|-singleturn|p2b: Luis Miguel|Helping Hand|[of] p2a: Ivysaur!\n|move|p2b: Luis Miguel|Heat Wave|p1b: Da Mama|[spread] p1a,p1b\n|-resisted|p1a: Ten Twinkies|1\n|-resisted|p1b: Da Mama|1\n|-damage|p1a: Ten Twinkies|63/100\n|-damage|p1b: Da Mama|69/100 slp\n|move|p1a: Ten Twinkies|Muddy Water|p2a: Ivysaur!|[spread] p2a,p2b\n|-resisted|p2a: Ivysaur!|1\n|-supereffective|p2b: Luis Miguel|1\n|-damage|p2a: Ivysaur!|0 fnt\n|-damage|p2b: Luis Miguel|0 fnt\n|faint|p2a: Ivysaur!\n|faint|p2b: Luis Miguel\n|\n|-weather|Sandstorm|[upkeep]\n|-damage|p1a: Ten Twinkies|57/100|[from] Sandstorm\n|-heal|p1a: Ten Twinkies|63/100|[from] item: Leftovers\n|upkeep\n|-message|zawaray forfeited.\n|\n|win|Pastor/Sinner\n|raw|Pastor&#x2f;Sinner's rating: 1063 &rarr; <strong>1088</strong><br />(+25 for winning)\n|raw|zawaray's rating: 1000 &rarr; <strong>1000</strong><br />(+0 for losing)\n|l|\u2606zawaray\n|player|p2|\n",
  "uploadtime": 1776430575,
  "views": 42,
  "formatid": "gen9championsvgc2026regma",
  "rating": 1000,
  "private": 0,
  "password": null
}