{
  "id": "gen9championsvgc2026regma-2586773300",
  "format": "[Gen 9 Champions] VGC 2026 Reg M-A",
  "players": [
    "Pekeeeeee",
    "Phillip Blevin"
  ],
  "log": "|j|\u2606Pekeeeeee\n|j|\u2606Phillip Blevin\n|t:|1776458772\n|gametype|doubles\n|player|p1|Pekeeeeee|101|1320\n|player|p2|Phillip Blevin|cynthia-masters4|1411\n|gen|9\n|tier|[Gen 9 Champions] VGC 2026 Reg M-A\n|rated|\n|rule|Species Clause: Limit one of each Pok\u00e9mon\n|rule|Item Clause: Limit 1 of each item\n|clearpoke\n|poke|p1|Dragonite, L50, M|\n|poke|p1|Aerodactyl, L50, F|\n|poke|p1|Sneasler, L50, F|\n|poke|p1|Charizard, L50, F|\n|poke|p1|Milotic, L50, F|\n|poke|p1|Hydreigon, L50, M|\n|poke|p2|Froslass, L50, F|\n|poke|p2|Corviknight, L50, M|\n|poke|p2|Gyarados, L50, F|\n|poke|p2|Rotom-Wash, L50|\n|poke|p2|Sneasler, L50, M|\n|poke|p2|Garchomp, L50, M|\n|teampreview|4\n|inactive|Battle timer is ON: inactive players will automatically lose when time's up. (requested by Phillip Blevin)\nPhillip Blevin has agreed to open team sheets.\n|j| iRenzo\n|inactive|Pekeeeeee has 60 seconds left.\n|\n|t:|1776458803\n|teamsize|p1|4\n|teamsize|p2|4\n|start\n|switch|p1a: Sneasler|Sneasler, L50, F|100/100\n|switch|p1b: Hydreigon|Hydreigon, L50, M|100/100\n|switch|p2a: Sneasler|Sneasler, L50, M|100/100\n|switch|p2b: Rotom|Rotom-Wash, L50|100/100\n|turn|1\n|\n|t:|1776458822\n|move|p2a: Sneasler|Fake Out|p1a: Sneasler\n|-damage|p1a: Sneasler|75/100\n|cant|p1a: Sneasler|flinch\n|move|p1b: Hydreigon|Draco Meteor|p2a: Sneasler\n|-damage|p2a: Sneasler|17/100\n|-unboost|p1b: Hydreigon|spa|2\n|move|p2b: Rotom|Electroweb|p1a: Sneasler|[spread] p1a,p1b\n|-resisted|p1b: Hydreigon|1\n|-damage|p1a: Sneasler|53/100\n|-damage|p1b: Hydreigon|92/100\n|-unboost|p1a: Sneasler|spe|1\n|-unboost|p1b: Hydreigon|spe|1\n|\n|upkeep\n|turn|2\n|\n|t:|1776458838\n|switch|p2b: Gyarados|Gyarados, L50, F|100/100\n|-ability|p2b: Gyarados|Intimidate|boost\n|-unboost|p1a: Sneasler|atk|1\n|-unboost|p1b: Hydreigon|atk|1\n|move|p1a: Sneasler|Protect|p1a: Sneasler\n|-singleturn|p1a: Sneasler|Protect\n|move|p2a: Sneasler|Close Combat|p1b: Hydreigon\n|-supereffective|p1b: Hydreigon|1\n|-damage|p1b: Hydreigon|0 fnt\n|-unboost|p2a: Sneasler|def|1\n|-unboost|p2a: Sneasler|spd|1\n|faint|p1b: Hydreigon\n|\n|upkeep\n|\n|t:|1776458850\n|switch|p1b: Dragonite|Dragonite, L50, M|100/100\n|turn|3\n|\n|t:|1776458860\n|detailschange|p1b: Dragonite|Dragonite-Mega, L50, M\n|-mega|p1b: Dragonite|Dragonite|Dragoninite\n|move|p1b: Dragonite|Extreme Speed|p2a: Sneasler\n|-damage|p2a: Sneasler|0 fnt\n|faint|p2a: Sneasler\n|move|p2b: Gyarados|Dragon Dance|p2b: Gyarados\n|-boost|p2b: Gyarados|atk|1\n|-boost|p2b: Gyarados|spe|1\n|move|p1a: Sneasler|Dire Claw|p2b: Gyarados\n|-damage|p2b: Gyarados|64/100\n|-status|p2b: Gyarados|psn|[from] ability: Poison Touch|[of] p1a: Sneasler\n|\n|-damage|p2b: Gyarados|52/100 psn|[from] psn\n|upkeep\n|\n|t:|1776458865\n|switch|p2a: Froslass|Froslass, L50, F|100/100\n|turn|4\n|\n|t:|1776458882\n|detailschange|p2a: Froslass|Froslass-Mega, L50, F\n|-mega|p2a: Froslass|Froslass|Froslassite\n|-weather|Snowscape|[from] ability: Snow Warning|[of] p2a: Froslass\n|move|p1a: Sneasler|Protect|p1a: Sneasler\n|-singleturn|p1a: Sneasler|Protect\n|move|p2b: Gyarados|Crunch|p1b: Dragonite\n|-damage|p1b: Dragonite|82/100\n|move|p2a: Froslass|Blizzard|p1a: Sneasler|[spread] p1b\n|-activate|p1a: Sneasler|move: Protect\n|-supereffective|p1b: Dragonite|2\n|-damage|p1b: Dragonite|0 fnt\n|faint|p1b: Dragonite\n|\n|-weather|Snowscape|[upkeep]\n|-damage|p2b: Gyarados|39/100 psn|[from] psn\n|upkeep\n|\n|t:|1776458895\n|switch|p1b: Charizard|Charizard, L50, F|100/100\n|turn|5\n|\n|t:|1776458913\n|switch|p2a: Rotom|Rotom-Wash, L50|100/100\n|move|p2b: Gyarados|Waterfall|p1a: Sneasler\n|-damage|p1a: Sneasler|0 fnt\n|faint|p1a: Sneasler\n|move|p1b: Charizard|Heat Wave|p2a: Rotom|[spread] p2a,p2b\n|-resisted|p2a: Rotom|1\n|-resisted|p2b: Gyarados|1\n|-damage|p2a: Rotom|85/100\n|-damage|p2b: Gyarados|21/100 psn\n|\n|-weather|Snowscape|[upkeep]\n|-damage|p2b: Gyarados|9/100 psn|[from] psn\n|upkeep\n|turn|6\n|-message|Pekeeeeee forfeited.\n|\n|win|Phillip Blevin\n|raw|Pekeeeeee's rating: 1320 &rarr; <strong>1305</strong><br />(-15 for losing)\n|raw|Phillip Blevin's rating: 1411 &rarr; <strong>1426</strong><br />(+15 for winning)\n",
  "uploadtime": 1776458922,
  "views": 43,
  "formatid": "gen9championsvgc2026regma",
  "rating": 1305,
  "private": 0,
  "password": null
}