{
  "id": "gen9championsvgc2026regma-2582121517",
  "format": "[Gen 9 Champions] VGC 2026 Reg M-A",
  "players": [
    "wangfirex77\\",
    "Sores"
  ],
  "log": "|j|\u2606wangfirex77\\\n|j|\u2606Sores\n|t:|1776060695\n|gametype|doubles\n|player|p1|wangfirex77\\|265|1218\n|player|p2|Sores|veteran|1272\n|gen|9\n|tier|[Gen 9 Champions] VGC 2026 Reg M-A\n|rated|\n|rule|Species Clause: Limit one of each Pok\u00e9mon\n|rule|Item Clause: Limit 1 of each item\n|clearpoke\n|poke|p1|Floette-Eternal, L50, F|\n|poke|p1|Vivillon, L50, M|\n|poke|p1|Aerodactyl, L50, F|\n|poke|p1|Ditto, L50|\n|poke|p1|Sinistcha, L50|\n|poke|p1|Incineroar, L50, M|\n|poke|p2|Sableye, L50, F|\n|poke|p2|Incineroar, L50, M|\n|poke|p2|Farigiraf, L50, F|\n|poke|p2|Milotic, L50, M|\n|poke|p2|Archaludon, L50, M|\n|poke|p2|Ninetales-Alola, L50, F|\n|teampreview|4\n|\n|t:|1776060731\n|teamsize|p1|4\n|teamsize|p2|4\n|start\n|switch|p1a: Floette|Floette-Eternal, L50, F|100/100\n|switch|p1b: Vivillon|Vivillon, L50, M|100/100\n|switch|p2a: Archaludon|Archaludon, L50, M|100/100\n|switch|p2b: Milotic|Milotic, L50, M|100/100\n|turn|1\n|\n|t:|1776060752\n|detailschange|p1a: Floette|Floette-Mega, L50, F\n|-mega|p1a: Floette|Floette|Floettite\n|-ability|p1a: Floette|Fairy Aura\n|move|p2a: Archaludon|Steel Beam|p1a: Floette\n|-supereffective|p1a: Floette|1\n|-damage|p1a: Floette|20/100\n|-damage|p2a: Archaludon|50/100|[from] steelbeam\n|move|p1b: Vivillon|Tailwind|p1b: Vivillon\n|-sidestart|p1: wangfirex77\\|move: Tailwind\n|move|p1a: Floette|Dazzling Gleam|p2b: Milotic|[spread] p2a,p2b\n|-damage|p2a: Archaludon|0 fnt\n|-damage|p2b: Milotic|58/100\n|faint|p2a: Archaludon\n|move|p2b: Milotic|Muddy Water|p1a: Floette|[spread] p1a,p1b\n|-crit|p1a: Floette\n|-damage|p1a: Floette|2/100\n|-damage|p1b: Vivillon|57/100\n|-unboost|p1a: Floette|accuracy|1\n|\n|-heal|p2b: Milotic|64/100|[from] item: Leftovers\n|upkeep\n|\n|t:|1776060767\n|switch|p2a: Sableye|Sableye, L50, F|100/100\n|turn|2\n|l|\u2606wangfirex77\\\n|player|p1|\n|j|\u2606wangfirex77\\\n|player|p1|wangfirex77\\|265|\n|\n|t:|1776060801\n|detailschange|p2a: Sableye|Sableye-Mega, L50, F\n|-mega|p2a: Sableye|Sableye|Sablenite\n|move|p2a: Sableye|Shadow Sneak|p1a: Floette\n|-crit|p1a: Floette\n|-damage|p1a: Floette|0 fnt\n|faint|p1a: Floette\n|move|p1b: Vivillon|Pollen Puff|p1: Floette|[notarget]\n|-fail|p1b: Vivillon\n|move|p2b: Milotic|Coil|p2b: Milotic\n|-boost|p2b: Milotic|atk|1\n|-boost|p2b: Milotic|def|1\n|-boost|p2b: Milotic|accuracy|1\n|\n|-heal|p2b: Milotic|70/100|[from] item: Leftovers\n|upkeep\n|\n|t:|1776060821\n|switch|p1a: Aerodactyl|Aerodactyl, L50, F|100/100\n|-ability|p1a: Aerodactyl|Unnerve\n|turn|3\n|\n|t:|1776060834\n|move|p2b: Milotic|Protect|p2b: Milotic\n|-singleturn|p2b: Milotic|Protect\n|move|p1a: Aerodactyl|Rock Slide|p2b: Milotic|[spread] p2a\n|-activate|p2b: Milotic|move: Protect\n|-damage|p2a: Sableye|71/100\n|move|p1b: Vivillon|Sleep Powder|p2b: Milotic\n|-activate|p2b: Milotic|move: Protect\n|cant|p2a: Sableye|flinch\n|\n|-heal|p2b: Milotic|77/100|[from] item: Leftovers\n|upkeep\n|turn|4\n|\n|t:|1776060858\n|move|p2a: Sableye|Shadow Sneak|p1b: Vivillon\n|-damage|p1b: Vivillon|29/100\n|move|p1a: Aerodactyl|Rock Slide|p2b: Milotic|[spread] p2a,p2b\n|-damage|p2a: Sableye|44/100\n|-damage|p2b: Milotic|58/100\n|move|p1b: Vivillon|Sleep Powder|p2b: Milotic\n|-status|p2b: Milotic|slp|[from] move: Sleep Powder\n|cant|p2b: Milotic|slp\n|\n|-heal|p2b: Milotic|64/100 slp|[from] item: Leftovers\n|-sideend|p1: wangfirex77\\|move: Tailwind\n|upkeep\n|turn|5\n|\n|t:|1776060881\n|switch|p1b: Ditto|Ditto, L50|100/100\n|-transform|p1b: Ditto|p2a: Sableye|[from] ability: Imposter\n|switch|p2b: Incineroar|Incineroar, L50, M|100/100\n|-ability|p2b: Incineroar|Intimidate|boost\n|-unboost|p1a: Aerodactyl|atk|1\n|-unboost|p1b: Ditto|atk|1\n|move|p2a: Sableye|Shadow Sneak|p1b: Ditto\n|-damage|p1b: Ditto|83/100\n|move|p1a: Aerodactyl|Rock Slide|p2a: Sableye|[spread] p2a\n|-miss|p1a: Aerodactyl|p2b: Incineroar\n|-damage|p2a: Sableye|24/100\n|\n|upkeep\n|turn|6\n|\n|t:|1776060913\n|move|p1a: Aerodactyl|Protect|p1a: Aerodactyl\n|-singleturn|p1a: Aerodactyl|Protect\n|move|p2b: Incineroar|Parting Shot|p1b: Ditto\n|move|p1b: Ditto|Parting Shot|p2b: Incineroar|[from] ability: Magic Bounce\n|-unboost|p2b: Incineroar|atk|1\n|-unboost|p2b: Incineroar|spa|1\n|\n|t:|1776060923\n|switch|p1b: Vivillon|Vivillon, L50, M|29/100|[from] Parting Shot\n|move|p2a: Sableye|Bulk Up|p2a: Sableye\n|-boost|p2a: Sableye|atk|1\n|-boost|p2a: Sableye|def|1\n|\n|upkeep\n|turn|7\n|\n|t:|1776060963\n|move|p2a: Sableye|Shadow Sneak|p1b: Vivillon\n|-damage|p1b: Vivillon|0 fnt\n|faint|p1b: Vivillon\n|move|p1a: Aerodactyl|Rock Slide|p2a: Sableye|[spread] p2a,p2b\n|-crit|p2a: Sableye\n|-supereffective|p2b: Incineroar|1\n|-crit|p2b: Incineroar\n|-damage|p2a: Sableye|0 fnt\n|-damage|p2b: Incineroar|37/100\n|faint|p2a: Sableye\n|move|p2b: Incineroar|Parting Shot|p1a: Aerodactyl\n|-unboost|p1a: Aerodactyl|atk|1\n|-unboost|p1a: Aerodactyl|spa|1\n|\n|t:|1776060973\n|switch|p2b: Milotic|Milotic, L50, M|64/100 slp|[from] Parting Shot\n|\n|-heal|p2b: Milotic|70/100 slp|[from] item: Leftovers\n|upkeep\n|\n|t:|1776060980\n|switch|p1b: Ditto|Ditto, L50|83/100\n|switch|p2a: Incineroar|Incineroar, L50, M|37/100\n|-transform|p1b: Ditto|p2a: Incineroar|[from] ability: Imposter\n|-ability|p1b: Ditto|Intimidate|boost\n|-unboost|p2a: Incineroar|atk|1\n|-unboost|p2b: Milotic|atk|1\n|-ability|p2b: Milotic|Competitive|boost\n|-boost|p2b: Milotic|spa|2\n|-ability|p2a: Incineroar|Intimidate|boost\n|-unboost|p1a: Aerodactyl|atk|1\n|-unboost|p1b: Ditto|atk|1\n|turn|8\n|\n|t:|1776061006\n|move|p2a: Incineroar|Fake Out|p1a: Aerodactyl\n|-resisted|p1a: Aerodactyl|1\n|-damage|p1a: Aerodactyl|95/100\n|cant|p1a: Aerodactyl|flinch\n|-curestatus|p2b: Milotic|slp|[msg]\n|move|p2b: Milotic|Coil|p2b: Milotic\n|-boost|p2b: Milotic|atk|1\n|-boost|p2b: Milotic|def|1\n|-boost|p2b: Milotic|accuracy|1\n|move|p1b: Ditto|Flare Blitz|p2b: Milotic\n|-resisted|p2b: Milotic|1\n|-damage|p2b: Milotic|59/100\n|-damage|p1b: Ditto|79/100|[from] Recoil\n|\n|-heal|p2b: Milotic|66/100|[from] item: Leftovers\n|upkeep\n|turn|9\n|\n|t:|1776061025\n|move|p1a: Aerodactyl|Rock Slide|p2a: Incineroar|[spread] p2a,p2b\n|-supereffective|p2a: Incineroar|1\n|-damage|p2a: Incineroar|18/100\n|-damage|p2b: Milotic|57/100\n|move|p2b: Milotic|Muddy Water|p1a: Aerodactyl|[spread] p1a,p1b\n|-supereffective|p1a: Aerodactyl|1\n|-supereffective|p1b: Ditto|1\n|-damage|p1a: Aerodactyl|0 fnt\n|-damage|p1b: Ditto|0 fnt\n|-enditem|p2a: Incineroar|Sitrus Berry|[eat]\n|-heal|p2a: Incineroar|43/100|[from] item: Sitrus Berry\n|faint|p1a: Aerodactyl\n|faint|p1b: Ditto\n|\n|win|Sores\n|raw|wangfirex77\\'s rating: 1218 &rarr; <strong>1197</strong><br />(-21 for losing)\n|raw|Sores's rating: 1272 &rarr; <strong>1293</strong><br />(+21 for winning)\n|l|\u2606wangfirex77\\\n|player|p1|\n",
  "uploadtime": 1776061047,
  "views": 13,
  "formatid": "gen9championsvgc2026regma",
  "rating": 1197,
  "private": 0,
  "password": null
}