{
  "id": "gen9championsvgc2026regma-2585724337",
  "format": "[Gen 9 Champions] VGC 2026 Reg M-A",
  "players": [
    "mxnujen",
    "warwarwarwar"
  ],
  "log": "|j|\u2606mxnujen\n|j|\u2606warwarwarwar\n|t:|1776366224\n|gametype|doubles\n|player|p1|mxnujen|rosa|1144\n|player|p2|warwarwarwar|2|1083\n|gen|9\n|tier|[Gen 9 Champions] VGC 2026 Reg M-A\n|rated|\n|rule|Species Clause: Limit one of each Pok\u00e9mon\n|rule|Item Clause: Limit 1 of each item\n|clearpoke\n|poke|p1|Venusaur, L50, F|\n|poke|p1|Torkoal, L50, M|\n|poke|p1|Farigiraf, L50, F|\n|poke|p1|Floette-Eternal, L50, F|\n|poke|p1|Garchomp, L50, M|\n|poke|p1|Incineroar, L50, F|\n|poke|p2|Meganium, L50, M|\n|poke|p2|Archaludon, L50, M|\n|poke|p2|Pelipper, L50, F|\n|poke|p2|Basculegion, L50, M|\n|poke|p2|Zoroark-Hisui, L50, M|\n|poke|p2|Orthworm, L50, F|\n|teampreview|4\n|inactive|Battle timer is ON: inactive players will automatically lose when time's up. (requested by mxnujen)\n|inactive|mxnujen has 60 seconds left.\n|\n|t:|1776366268\n|teamsize|p1|4\n|teamsize|p2|4\n|start\n|switch|p1a: Incineroar|Incineroar, L50, F|100/100\n|switch|p1b: Farigiraf|Farigiraf, L50, F|100/100\n|switch|p2a: Basculegion|Basculegion, L50, M|100/100\n|switch|p2b: Archaludon|Archaludon, L50, M|100/100\n|-ability|p1a: Incineroar|Intimidate|boost\n|-unboost|p2a: Basculegion|atk|1\n|-unboost|p2b: Archaludon|atk|1\n|turn|1\n|\n|t:|1776366286\n|move|p2b: Archaludon|Protect|p2b: Archaludon\n|-singleturn|p2b: Archaludon|Protect\n|move|p1a: Incineroar|Fake Out|p2b: Archaludon\n|-activate|p2b: Archaludon|move: Protect\n|move|p2a: Basculegion|Flip Turn|p1a: Incineroar\n|-supereffective|p1a: Incineroar|1\n|-damage|p1a: Incineroar|67/100\n|\n|t:|1776366299\n|switch|p2a: Meganium|Meganium, L50, M|100/100|[from] Flip Turn\n|move|p1b: Farigiraf|Trick Room|p1b: Farigiraf\n|-fieldstart|move: Trick Room|[of] p1b: Farigiraf\n|\n|upkeep\n|turn|2\n|inactive|mxnujen has 30 seconds left.\n|\n|t:|1776366333\n|detailschange|p2a: Meganium|Meganium-Mega, L50, M\n|-mega|p2a: Meganium|Meganium|Meganiumite\n|move|p1b: Farigiraf|Hyper Voice|p2a: Meganium|[spread] p2a,p2b\n|-resisted|p2b: Archaludon|1\n|-damage|p2a: Meganium|78/100\n|-damage|p2b: Archaludon|85/100\n|move|p1a: Incineroar|Parting Shot|p2b: Archaludon\n|-unboost|p2b: Archaludon|atk|1\n|-unboost|p2b: Archaludon|spa|1\n|\n|t:|1776366350\n|switch|p1a: Floette|Floette-Eternal, L50, F|100/100|[from] Parting Shot\n|move|p2a: Meganium|Earth Power|p1a: Floette\n|-damage|p1a: Floette|71/100\n|move|p2b: Archaludon|Electro Shot||[still]\n|-prepare|p2b: Archaludon|Electro Shot\n|-boost|p2b: Archaludon|spa|1\n|\n|upkeep\n|turn|3\n|inactive|mxnujen has 30 seconds left.\n|inactive|warwarwarwar has 30 seconds left.\n|inactive|mxnujen has 20 seconds left.\n|\n|t:|1776366387\n|switch|p1b: Incineroar|Incineroar, L50, F|67/100\n|-ability|p1b: Incineroar|Intimidate|boost\n|-unboost|p2a: Meganium|atk|1\n|-unboost|p2b: Archaludon|atk|1\n|move|p2a: Meganium|Solar Beam||[still]\n|-prepare|p2a: Meganium|Solar Beam\n|-activate|p2a: Meganium|ability: Mega Sol\n|-anim|p2a: Meganium|Solar Beam|p1a: Floette\n|-damage|p1a: Floette|17/100\n|move|p2b: Archaludon|Electro Shot|p1a: Floette|[from] lockedmove\n|-crit|p1a: Floette\n|-damage|p1a: Floette|0 fnt\n|faint|p1a: Floette\n|\n|upkeep\n|\n|t:|1776366397\n|switch|p1a: Torkoal|Torkoal, L50, M|100/100\n|-weather|SunnyDay|[from] ability: Drought|[of] p1a: Torkoal\n|turn|4\n|\n|t:|1776366421\n|switch|p2b: Pelipper|Pelipper, L50, F|100/100\n|-weather|RainDance|[from] ability: Drizzle|[of] p2b: Pelipper\n|move|p1b: Incineroar|Fake Out|p2a: Meganium\n|-damage|p2a: Meganium|69/100\n|move|p1a: Torkoal|Eruption|p2b: Pelipper|[spread] p2a,p2b\n|-supereffective|p2a: Meganium|1\n|-resisted|p2b: Pelipper|1\n|-damage|p2a: Meganium|22/100\n|-damage|p2b: Pelipper|78/100\n|cant|p2a: Meganium|flinch\n|\n|-weather|RainDance|[upkeep]\n|upkeep\n|turn|5\n|\n|t:|1776366436\n|switch|p1a: Farigiraf|Farigiraf, L50, F|100/100\n|move|p2b: Pelipper|Tailwind|p2b: Pelipper\n|-sidestart|p2: warwarwarwar|move: Tailwind\n|move|p1b: Incineroar|Parting Shot|p2a: Meganium\n|-unboost|p2a: Meganium|atk|1\n|-unboost|p2a: Meganium|spa|1\n|\n|t:|1776366440\n|switch|p1b: Torkoal|Torkoal, L50, M|100/100|[from] Parting Shot\n|-weather|SunnyDay|[from] ability: Drought|[of] p1b: Torkoal\n|move|p2a: Meganium|Synthesis|p2a: Meganium\n|-heal|p2a: Meganium|88/100\n|\n|-weather|SunnyDay|[upkeep]\n|-fieldend|move: Trick Room\n|upkeep\n|turn|6\n|\n|t:|1776366458\n|move|p2a: Meganium|Earth Power|p1b: Torkoal\n|-supereffective|p1b: Torkoal|1\n|-damage|p1b: Torkoal|32/100\n|move|p2b: Pelipper|Surf|p1a: Farigiraf|[spread] p2a,p1a,p1b\n|-resisted|p2a: Meganium|1\n|-supereffective|p1b: Torkoal|1\n|-damage|p2a: Meganium|80/100\n|-damage|p1a: Farigiraf|87/100\n|-damage|p1b: Torkoal|0 fnt\n|faint|p1b: Torkoal\n|move|p1a: Farigiraf|Trick Room|p1a: Farigiraf\n|-fieldstart|move: Trick Room|[of] p1a: Farigiraf\n|\n|-weather|SunnyDay|[upkeep]\n|upkeep\n|\n|t:|1776366463\n|switch|p1b: Incineroar|Incineroar, L50, F|67/100\n|-ability|p1b: Incineroar|Intimidate|boost\n|-unboost|p2a: Meganium|atk|1\n|-unboost|p2b: Pelipper|atk|1\n|turn|7\n|-message|mxnujen forfeited.\n|\n|win|warwarwarwar\n|raw|mxnujen's rating: 1144 &rarr; <strong>1115</strong><br />(-29 for losing)\n|raw|warwarwarwar's rating: 1083 &rarr; <strong>1115</strong><br />(+32 for winning)\n|l|\u2606mxnujen\n|player|p1|\n",
  "uploadtime": 1776366534,
  "views": 17,
  "formatid": "gen9championsvgc2026regma",
  "rating": 1115,
  "private": 0,
  "password": null
}