{
  "id": "gen9championsvgc2026regma-2586729445",
  "format": "[Gen 9 Champions] VGC 2026 Reg M-A",
  "players": [
    "Lessa_ped",
    "Yslade"
  ],
  "log": "|j|\u2606Lessa_ped\n|j|\u2606Yslade\n|t:|1776455378\n|gametype|doubles\n|player|p1|Lessa_ped|n|\n|player|p2|Yslade|preschooler|\n|gen|9\n|tier|[Gen 9 Champions] VGC 2026 Reg M-A\n|rule|Species Clause: Limit one of each Pok\u00e9mon\n|rule|Item Clause: Limit 1 of each item\n|clearpoke\n|poke|p1|Archaludon, L50, M|\n|poke|p1|Pelipper, L50, F|\n|poke|p1|Sneasler, L50, M|\n|poke|p1|Incineroar, L50, F|\n|poke|p1|Basculegion, L50, M|\n|poke|p1|Meganium, L50, M|\n|poke|p2|Oranguru, L50, F|\n|poke|p2|Torkoal, L50, F|\n|poke|p2|Hatterene, L50, F|\n|poke|p2|Drampa, L50, M|\n|poke|p2|Venusaur, L50, M|\n|poke|p2|Incineroar, L50, M|\n|teampreview|4\n|inactive|Battle timer is ON: inactive players will automatically lose when time's up. (requested by Yslade)\nYslade rejected open team sheets.\n|inactive|Lessa_ped has 60 seconds left.\n|\n|t:|1776455419\n|teamsize|p1|4\n|teamsize|p2|4\n|start\n|switch|p1a: Incineroar|Incineroar, L50, F, shiny|100/100\n|switch|p1b: Pelipper|Pelipper, L50, F, shiny|100/100\n|switch|p2a: Oranguru|Oranguru, L50, F|100/100\n|switch|p2b: Torkoal|Torkoal, L50, F|100/100\n|-weather|RainDance|[from] ability: Drizzle|[of] p1b: Pelipper\n|-ability|p1a: Incineroar|Intimidate|boost\n|-fail|p2a: Oranguru|unboost|Attack|[from] ability: Inner Focus|[of] p2a: Oranguru\n|-unboost|p2b: Torkoal|atk|1\n|-weather|SunnyDay|[from] ability: Drought|[of] p2b: Torkoal\n|turn|1\n|\n|t:|1776455442\n|switch|p1b: Basculegion|Basculegion, L50, M, shiny|100/100\n|switch|p2b: Drampa|Drampa, L50, M|100/100\n|move|p1a: Incineroar|Parting Shot|p2b: Drampa\n|-unboost|p2b: Drampa|atk|1\n|-unboost|p2b: Drampa|spa|1\n|\n|t:|1776455456\n|switch|p1a: Archaludon|Archaludon, L50, M, shiny|100/100|[from] Parting Shot\n|move|p2a: Oranguru|Trick Room|p2a: Oranguru\n|-fieldstart|move: Trick Room|[of] p2a: Oranguru\n|\n|-weather|SunnyDay|[upkeep]\n|upkeep\n|turn|2\n|\n|t:|1776455471\n|detailschange|p2b: Drampa|Drampa-Mega, L50, M\n|-mega|p2b: Drampa|Drampa|Drampanite\n|move|p2b: Drampa|Draco Meteor|p1b: Basculegion\n|-damage|p1b: Basculegion|31/100\n|-unboost|p2b: Drampa|spa|2\n|move|p2a: Oranguru|Instruct|p2b: Drampa\n|-singleturn|p2b: Drampa|move: Instruct|[of] p2a: Oranguru\n|move|p2b: Drampa|Draco Meteor|p1b: Basculegion\n|-damage|p1b: Basculegion|0 fnt\n|-unboost|p2b: Drampa|spa|2\n|faint|p1b: Basculegion\n|move|p1a: Archaludon|Draco Meteor|p2b: Drampa\n|-supereffective|p2b: Drampa|1\n|-damage|p2b: Drampa|0 fnt\n|-unboost|p1a: Archaludon|spa|2\n|faint|p2b: Drampa\n|\n|-weather|SunnyDay|[upkeep]\n|upkeep\n|\n|t:|1776455488\n|switch|p2b: Torkoal|Torkoal, L50, F|100/100\n|switch|p1b: Incineroar|Incineroar, L50, F, shiny|100/100\n|-ability|p1b: Incineroar|Intimidate|boost\n|-fail|p2a: Oranguru|unboost|Attack|[from] ability: Inner Focus|[of] p2a: Oranguru\n|-unboost|p2b: Torkoal|atk|1\n|turn|3\n|\n|t:|1776455501\n|switch|p1a: Pelipper|Pelipper, L50, F, shiny|100/100\n|-weather|RainDance|[from] ability: Drizzle|[of] p1a: Pelipper\n|move|p2b: Torkoal|Protect|p2b: Torkoal\n|-singleturn|p2b: Torkoal|Protect\n|move|p2a: Oranguru|Protect|p2a: Oranguru\n|-singleturn|p2a: Oranguru|Protect\n|move|p1b: Incineroar|Fake Out|p2b: Torkoal\n|-activate|p2b: Torkoal|move: Protect\n|\n|-weather|RainDance|[upkeep]\n|upkeep\n|turn|4\n|\n|t:|1776455514\n|switch|p2b: Hatterene|Hatterene, L50, F|100/100\n|move|p2a: Oranguru|Psyshock|p1a: Pelipper\n|-crit|p1a: Pelipper\n|-damage|p1a: Pelipper|45/100\n|move|p1b: Incineroar|Darkest Lariat|p2a: Oranguru\n|-supereffective|p2a: Oranguru|1\n|-damage|p2a: Oranguru|51/100\n|move|p1a: Pelipper|Weather Ball|p2b: Hatterene\n|-damage|p2b: Hatterene|29/100\n|\n|-weather|RainDance|[upkeep]\n|upkeep\n|turn|5\n|inactive|Lessa_ped has 30 seconds left.\n|\n|t:|1776455543\n|switch|p1a: Archaludon|Archaludon, L50, M, shiny|100/100\n|move|p2b: Hatterene|Dazzling Gleam|p1a: Archaludon|[spread] p1a,p1b\n|-damage|p1a: Archaludon|67/100\n|-damage|p1b: Incineroar|74/100\n|-ability|p1a: Archaludon|Stamina|boost\n|-boost|p1a: Archaludon|def|1\n|move|p2a: Oranguru|Instruct|p2b: Hatterene\n|-singleturn|p2b: Hatterene|move: Instruct|[of] p2a: Oranguru\n|move|p2b: Hatterene|Dazzling Gleam|p1a: Archaludon|[spread] p1a,p1b\n|-damage|p1a: Archaludon|31/100\n|-damage|p1b: Incineroar|44/100\n|-ability|p1a: Archaludon|Stamina|boost\n|-boost|p1a: Archaludon|def|1\n|-enditem|p1b: Incineroar|Sitrus Berry|[eat]\n|-heal|p1b: Incineroar|68/100|[from] item: Sitrus Berry\n|move|p1b: Incineroar|Darkest Lariat|p2a: Oranguru\n|-supereffective|p2a: Oranguru|1\n|-damage|p2a: Oranguru|0 fnt\n|faint|p2a: Oranguru\n|\n|-weather|RainDance|[upkeep]\n|-heal|p1a: Archaludon|38/100|[from] item: Leftovers\n|-fieldend|move: Trick Room\n|upkeep\n|\n|t:|1776455556\n|switch|p2a: Torkoal|Torkoal, L50, F|100/100\n|-weather|SunnyDay|[from] ability: Drought|[of] p2a: Torkoal\n|turn|6\n|inactive|Lessa_ped has 30 seconds left.\n|inactive|Lessa_ped has 20 seconds left.\n|\n|t:|1776455594\n|switch|p1b: Pelipper|Pelipper, L50, F, shiny|45/100\n|-weather|RainDance|[from] ability: Drizzle|[of] p1b: Pelipper\n|move|p2a: Torkoal|Protect|p2a: Torkoal\n|-singleturn|p2a: Torkoal|Protect\n|move|p1a: Archaludon|Flash Cannon|p2b: Hatterene\n|-supereffective|p2b: Hatterene|1\n|-damage|p2b: Hatterene|0 fnt\n|faint|p2b: Hatterene\n|\n|-weather|RainDance|[upkeep]\n|-heal|p1a: Archaludon|44/100|[from] item: Leftovers\n|upkeep\n|turn|7\n|inactive|Lessa_ped has 30 seconds left.\n|\n|t:|1776455625\n|move|p1b: Pelipper|Weather Ball|p2a: Torkoal\n|-supereffective|p2a: Torkoal|1\n|-damage|p2a: Torkoal|0 fnt\n|faint|p2a: Torkoal\n|\n|win|Lessa_ped\n|c|\u2606Lessa_ped|gg\n",
  "uploadtime": 1776455630,
  "views": 44,
  "formatid": "gen9championsvgc2026regma",
  "rating": null,
  "private": 0,
  "password": null
}