{
  "id": "gen9championsvgc2026regma-2583673630",
  "format": "[Gen 9 Champions] VGC 2026 Reg M-A",
  "players": [
    "captainbader224",
    "Keldeo_FEA"
  ],
  "log": "|j|\u2606captainbader224\n|j|\u2606Keldeo_FEA\n|t:|1776190212\n|gametype|doubles\n|player|p1|captainbader224|266|1000\n|player|p2|Keldeo_FEA|169|1042\n|gen|9\n|tier|[Gen 9 Champions] VGC 2026 Reg M-A\n|rated|\n|rule|Species Clause: Limit one of each Pok\u00e9mon\n|rule|Item Clause: Limit 1 of each item\n|clearpoke\n|poke|p1|Hawlucha, L50, F|\n|poke|p1|Krookodile, L50, M|\n|poke|p1|Whimsicott, L50, F|\n|poke|p1|Charizard, L50, F|\n|poke|p1|Typhlosion-Hisui, L50, F|\n|poke|p1|Weavile, L50, F|\n|poke|p2|Incineroar, L50, M|\n|poke|p2|Charizard, L50, M|\n|poke|p2|Sinistcha, L50|\n|poke|p2|Whimsicott, L50, M|\n|poke|p2|Gardevoir, L50, M|\n|teampreview|4\n|inactive|Battle timer is ON: inactive players will automatically lose when time's up. (requested by Keldeo_FEA)\ncaptainbader224 rejected open team sheets.\n|inactive|captainbader224 has 60 seconds left.\n|inactive|captainbader224 has 30 seconds left.\n|inactive|captainbader224 has 20 seconds left.\n|inactive|captainbader224 has 15 seconds left.\n|\n|t:|1776190300\n|teamsize|p1|4\n|teamsize|p2|4\n|start\n|switch|p1a: Whimsicott|Whimsicott, L50, F|100/100\n|switch|p1b: Typhlosion|Typhlosion-Hisui, L50, F|100/100\n|switch|p2a: Whimsicott|Whimsicott, L50, M, shiny|100/100\n|switch|p2b: Charizard|Charizard, L50, M|100/100\n|-item|p2a: Whimsicott|Focus Sash|[from] ability: Frisk|[of] p1b: Typhlosion\n|-item|p2b: Charizard|Charizardite X|[from] ability: Frisk|[of] p1b: Typhlosion\n|turn|1\n|inactive|captainbader224 has 30 seconds left.\n|\n|t:|1776190325\n|detailschange|p2b: Charizard|Charizard-Mega-X, L50, M\n|-mega|p2b: Charizard|Charizard|Charizardite X\n|move|p2a: Whimsicott|Tailwind|p2a: Whimsicott\n|-sidestart|p2: Keldeo_FEA|move: Tailwind\n|move|p1a: Whimsicott|Tailwind|p1a: Whimsicott\n|-sidestart|p1: captainbader224|move: Tailwind\n|move|p1b: Typhlosion|Shadow Ball|p2b: Charizard\n|-damage|p2b: Charizard|53/100\n|move|p2b: Charizard|Crunch|p1b: Typhlosion\n|-supereffective|p1b: Typhlosion|1\n|-damage|p1b: Typhlosion|0 fnt\n|faint|p1b: Typhlosion\n|\n|upkeep\n|inactive|captainbader224 has 30 seconds left.\n|\n|t:|1776190354\n|switch|p1b: Krookodile|Krookodile, L50, M|100/100\n|-ability|p1b: Krookodile|Intimidate|boost\n|-unboost|p2a: Whimsicott|atk|1\n|-unboost|p2b: Charizard|atk|1\n|turn|2\n|inactive|captainbader224 has 30 seconds left.\n|inactive|Keldeo_FEA has 30 seconds left.\n|inactive|captainbader224 has 20 seconds left.\n|inactive|captainbader224 has 15 seconds left.\n|\n|t:|1776190399\n|switch|p2b: Incineroar|Incineroar, L50, M|100/100\n|-ability|p2b: Incineroar|Intimidate|boost\n|-unboost|p1a: Whimsicott|atk|1\n|-unboost|p1b: Krookodile|atk|1\n|move|p2a: Whimsicott|Encore|p1a: Whimsicott\n|-start|p1a: Whimsicott|Encore\n|-enditem|p1a: Whimsicott|Mental Herb\n|-end|p1a: Whimsicott|Encore\n|move|p1a: Whimsicott|Light Screen|p1a: Whimsicott\n|-sidestart|p1: captainbader224|move: Light Screen\n|move|p1b: Krookodile|Earthquake|p2b: Incineroar|[spread] p1a,p2a,p2b\n|-resisted|p1a: Whimsicott|1\n|-resisted|p2a: Whimsicott|1\n|-supereffective|p2b: Incineroar|1\n|-damage|p1a: Whimsicott|92/100\n|-damage|p2a: Whimsicott|86/100\n|-damage|p2b: Incineroar|59/100\n|\n|upkeep\n|turn|3\n|\n|t:|1776190423\n|switch|p1a: Hawlucha|Hawlucha, L50, F|100/100\n|move|p2b: Incineroar|Fake Out|p1b: Krookodile\n|-damage|p1b: Krookodile|85/100\n|move|p2a: Whimsicott|Encore||[still]\n|-fail|p2a: Whimsicott\n|cant|p1b: Krookodile|flinch\n|\n|-heal|p1b: Krookodile|91/100|[from] item: Leftovers\n|upkeep\n|turn|4\n|\n|t:|1776190443\n|detailschange|p1a: Hawlucha|Hawlucha-Mega, L50, F\n|-mega|p1a: Hawlucha|Hawlucha|Hawluchanite\n|move|p1a: Hawlucha|Brave Bird|p2a: Whimsicott\n|-supereffective|p2a: Whimsicott|1\n|-crit|p2a: Whimsicott\n|-damage|p2a: Whimsicott|0 fnt\n|faint|p2a: Whimsicott\n|-damage|p1a: Hawlucha|80/100|[from] Recoil\n|move|p1b: Krookodile|Earthquake|p2b: Incineroar|[spread] p2b\n|-immune|p1a: Hawlucha\n|-supereffective|p2b: Incineroar|1\n|-damage|p2b: Incineroar|22/100\n|move|p2b: Incineroar|Parting Shot|p1b: Krookodile\n|-unboost|p1b: Krookodile|atk|1\n|-unboost|p1b: Krookodile|spa|1\n|\n|t:|1776190458\n|switch|p2b: Charizard|Charizard-Mega-X, L50, M|53/100|[from] Parting Shot\n|\n|-heal|p1b: Krookodile|97/100|[from] item: Leftovers\n|-sideend|p1: captainbader224|move: Tailwind\n|-sideend|p2: Keldeo_FEA|move: Tailwind\n|upkeep\n|\n|t:|1776190464\n|switch|p2a: Sinistcha|Sinistcha, L50|100/100\n|-heal|p2b: Charizard|78/100|[from] ability: Hospitality|[of] p2a: Sinistcha\n|turn|5\n|\n|t:|1776190481\n|switch|p2a: Incineroar|Incineroar, L50, M|22/100\n|-ability|p2a: Incineroar|Intimidate|boost\n|-unboost|p1a: Hawlucha|atk|1\n|-unboost|p1b: Krookodile|atk|1\n|move|p1a: Hawlucha|Entrainment|p1b: Krookodile\n|-ability|p1b: Krookodile|No Guard|Intimidate|[from] move: Entrainment|[of] p1a: Hawlucha\n|move|p1b: Krookodile|Fissure|p2b: Charizard\n|-damage|p2b: Charizard|0 fnt\n|faint|p2b: Charizard\n|-ohko\n|\n|-heal|p1b: Krookodile|100/100|[from] item: Leftovers\n|upkeep\n|\n|t:|1776190494\n|switch|p2b: Sinistcha|Sinistcha, L50|100/100\n|-heal|p2a: Incineroar|47/100|[from] ability: Hospitality|[of] p2b: Sinistcha\n|turn|6\n|\n|t:|1776190502\n|move|p1a: Hawlucha|Detect|p1a: Hawlucha\n|-singleturn|p1a: Hawlucha|Protect\n|move|p1b: Krookodile|Protect|p1b: Krookodile\n|-singleturn|p1b: Krookodile|Protect\n|move|p2a: Incineroar|Fake Out|p1a: Hawlucha\n|-activate|p1a: Hawlucha|move: Protect\n|move|p2b: Sinistcha|Matcha Gotcha|p1a: Hawlucha|[spread] \n|-activate|p1a: Hawlucha|move: Protect\n|-activate|p1b: Krookodile|move: Protect\n|\n|-sideend|p1: captainbader224|move: Light Screen\n|upkeep\n|turn|7\n|\n|t:|1776190526\n|move|p1a: Hawlucha|Cross Chop|p2a: Incineroar\n|-supereffective|p2a: Incineroar|1\n|-damage|p2a: Incineroar|0 fnt\n|faint|p2a: Incineroar\n|move|p1b: Krookodile|Fissure|p2b: Sinistcha\n|-damage|p2b: Sinistcha|0 fnt\n|faint|p2b: Sinistcha\n|-ohko\n|\n|win|captainbader224\n|raw|captainbader224's rating: 1000 &rarr; <strong>1045</strong><br />(+45 for winning)\n|raw|Keldeo_FEA's rating: 1042 &rarr; <strong>1024</strong><br />(-18 for losing)\n|l|\u2606Keldeo_FEA\n|player|p2|\n",
  "uploadtime": 1776190535,
  "views": 16,
  "formatid": "gen9championsvgc2026regma",
  "rating": 1024,
  "private": 0,
  "password": null
}