{
  "id": "gen9championsvgc2026regma-2584024284",
  "format": "[Gen 9 Champions] VGC 2026 Reg M-A",
  "players": [
    "FerrothornVictim",
    "jawesomo"
  ],
  "log": "|j|\u2606FerrothornVictim\n|j|\u2606jawesomo\n|t:|1776217770\n|gametype|doubles\n|player|p1|FerrothornVictim|n|1080\n|player|p2|jawesomo|102|1000\n|gen|9\n|tier|[Gen 9 Champions] VGC 2026 Reg M-A\n|rated|\n|rule|Species Clause: Limit one of each Pok\u00e9mon\n|rule|Item Clause: Limit 1 of each item\n|clearpoke\n|poke|p1|Starmie, L50|\n|poke|p1|Conkeldurr, L50, F|\n|poke|p1|Pelipper, L50, M|\n|poke|p1|Archaludon, L50, M|\n|poke|p1|Dragapult, L50, F|\n|poke|p1|Dragonite, L50, F|\n|poke|p2|Chandelure, L50, M|\n|poke|p2|Garchomp, L50, M|\n|poke|p2|Gardevoir, L50, F|\n|poke|p2|Talonflame, L50, F|\n|poke|p2|Gyarados, L50, F|\n|poke|p2|Klefki, L50, M|\n|teampreview|4\nFerrothornVictim rejected open team sheets.\n|\n|t:|1776217824\n|teamsize|p1|4\n|teamsize|p2|4\n|start\n|switch|p1a: Sash|Pelipper, L50, M|100/100\n|switch|p1b: Sears|Archaludon, L50, M|100/100\n|switch|p2a: Gyarados|Gyarados, L50, F|100/100\n|switch|p2b: Talonflame|Talonflame, L50, F|100/100\n|-ability|p2a: Gyarados|Intimidate|boost\n|-unboost|p1a: Sash|atk|1\n|-unboost|p1b: Sears|atk|1\n|-weather|RainDance|[from] ability: Drizzle|[of] p1a: Sash\n|turn|1\n|\n|t:|1776217863\n|move|p2b: Talonflame|Sunny Day|p2b: Talonflame\n|-weather|SunnyDay\n|move|p1b: Sears|Electro Shot||[still]\n|-prepare|p1b: Sears|Electro Shot\n|-boost|p1b: Sears|spa|1\n|move|p2a: Gyarados|Dragon Dance|p2a: Gyarados\n|-boost|p2a: Gyarados|atk|1\n|-boost|p2a: Gyarados|spe|1\n|move|p1a: Sash|Tailwind|p1a: Sash\n|-sidestart|p1: FerrothornVictim|move: Tailwind\n|\n|-weather|SunnyDay|[upkeep]\n|upkeep\n|turn|2\n|\n|t:|1776217903\n|move|p1a: Sash|Protect|p1a: Sash\n|-singleturn|p1a: Sash|Protect\n|move|p2a: Gyarados|Protect|p2a: Gyarados\n|-singleturn|p2a: Gyarados|Protect\n|move|p2b: Talonflame|Tailwind|p2b: Talonflame\n|-sidestart|p2: jawesomo|move: Tailwind\n|move|p1b: Sears|Electro Shot|p2a: Gyarados|[from] lockedmove\n|-activate|p2a: Gyarados|move: Protect\n|\n|-weather|SunnyDay|[upkeep]\n|upkeep\n|turn|3\n|\n|t:|1776217930\n|switch|p2b: Chandelure|Chandelure, L50, M|100/100\n|switch|p1a: Kale|Conkeldurr, L50, F|100/100\n|move|p2a: Gyarados|Dragon Dance|p2a: Gyarados\n|-boost|p2a: Gyarados|atk|1\n|-boost|p2a: Gyarados|spe|1\n|move|p1b: Sears|Draco Meteor|p2a: Gyarados\n|-damage|p2a: Gyarados|3/100\n|-unboost|p1b: Sears|spa|2\n|\n|-weather|SunnyDay|[upkeep]\n|upkeep\n|turn|4\n|\n|t:|1776217965\n|switch|p1b: Broly|Starmie, L50, shiny|100/100\n|detailschange|p2b: Chandelure|Chandelure-Mega, L50, M\n|-mega|p2b: Chandelure|Chandelure|Chandelurite\n|move|p2a: Gyarados|Protect|p2a: Gyarados\n|-singleturn|p2a: Gyarados|Protect\n|move|p1a: Kale|Mach Punch|p2a: Gyarados\n|-activate|p2a: Gyarados|move: Protect\n|move|p2b: Chandelure|Heat Wave|p1b: Broly|[spread] p1a,p1b\n|-resisted|p1b: Broly|1\n|-damage|p1a: Kale|19/100\n|-damage|p1b: Broly|41/100\n|\n|-weather|SunnyDay|[upkeep]\n|-sideend|p1: FerrothornVictim|move: Tailwind\n|upkeep\n|turn|5\n|\n|t:|1776218009\n|switch|p2b: Talonflame|Talonflame, L50, F|100/100\n|detailschange|p1b: Broly|Starmie-Mega, L50, shiny\n|-mega|p1b: Broly|Starmie|Starminite\n|move|p2a: Gyarados|Protect|p2a: Gyarados\n|-singleturn|p2a: Gyarados|Protect\n|move|p1b: Broly|Skill Swap|p1a: Kale\n|-activate|p1b: Broly|Skill Swap|||[of] p1a: Kale\n|move|p1a: Kale|Knock Off|p2b: Talonflame\n|-enditem|p2b: Talonflame|Focus Sash\n|-damage|p2b: Talonflame|1/100\n|\n|-weather|none\n|-sideend|p2: jawesomo|move: Tailwind\n|upkeep\n|turn|6\n|\n|t:|1776218052\n|switch|p2a: Chandelure|Chandelure-Mega, L50, M|100/100\n|move|p1a: Kale|Mach Punch|p2b: Talonflame\n|-resisted|p2b: Talonflame|1\n|-damage|p2b: Talonflame|0 fnt\n|faint|p2b: Talonflame\n|move|p1b: Broly|Scald|p2a: Chandelure\n|-supereffective|p2a: Chandelure|1\n|-damage|p2a: Chandelure|0 fnt\n|faint|p2a: Chandelure\n|\n|upkeep\n|-message|jawesomo forfeited.\n|\n|win|FerrothornVictim\n|raw|FerrothornVictim's rating: 1080 &rarr; <strong>1102</strong><br />(+22 for winning)\n|raw|jawesomo's rating: 1000 &rarr; <strong>1000</strong><br />(+0 for losing)\n|l|\u2606jawesomo\n|player|p2|\n",
  "uploadtime": 1776218107,
  "views": 35,
  "formatid": "gen9championsvgc2026regma",
  "rating": 1000,
  "private": 0,
  "password": null
}