{
  "id": "gen9championsvgc2026regma-2584480834",
  "format": "[Gen 9 Champions] VGC 2026 Reg M-A",
  "players": [
    "jaisha4",
    "O1AM1DE"
  ],
  "log": "|j|\u2606jaisha4\n|j|\u2606O1AM1DE\n|t:|1776263708\n|gametype|doubles\n|player|p1|jaisha4|ghetsis-gen5bw|\n|player|p2|O1AM1DE|cynthia-gen4|\n|gen|9\n|tier|[Gen 9 Champions] VGC 2026 Reg M-A\n|rule|Species Clause: Limit one of each Pok\u00e9mon\n|rule|Item Clause: Limit 1 of each item\n|clearpoke\n|poke|p1|Sneasler, L50, M|\n|poke|p1|Chandelure, L50, M|\n|poke|p1|Talonflame, L50, F|\n|poke|p1|Starmie, L50|\n|poke|p1|Garchomp, L50, M|\n|poke|p1|Ninetales-Alola, L50, M|\n|poke|p2|Venusaur, L50, F|\n|poke|p2|Incineroar, L50, F|\n|poke|p2|Basculegion, L50, M|\n|poke|p2|Excadrill, L50, M|\n|poke|p2|Garchomp, L50, M|\n|poke|p2|Sneasler, L50, F|\n|teampreview|4\n|\n|t:|1776263725\n|teamsize|p1|4\n|teamsize|p2|4\n|start\n|switch|p1a: Ninetales|Ninetales-Alola, L50, M|100/100\n|switch|p1b: Talonflame|Talonflame, L50, F|100/100\n|switch|p2a: Venusaur|Venusaur, L50, F|100/100\n|switch|p2b: Incineroar|Incineroar, L50, F|100/100\n|-weather|Snowscape|[from] ability: Snow Warning|[of] p1a: Ninetales\n|-ability|p2b: Incineroar|Intimidate|boost\n|-unboost|p1a: Ninetales|atk|1\n|-unboost|p1b: Talonflame|atk|1\n|turn|1\n|-activate|p2b: Incineroar|item: Quick Claw\n|\n|t:|1776263751\n|detailschange|p2a: Venusaur|Venusaur-Mega, L50, F\n|-mega|p2a: Venusaur|Venusaur|Venusaurite\n|move|p2b: Incineroar|Fake Out|p1b: Talonflame\n|-damage|p1b: Talonflame|79/100\n|move|p1a: Ninetales|Aurora Veil|p1a: Ninetales\n|-sidestart|p1: jaisha4|move: Aurora Veil\n|cant|p1b: Talonflame|flinch\n|move|p2a: Venusaur|Sludge Bomb|p1a: Ninetales\n|-supereffective|p1a: Ninetales|1\n|-damage|p1a: Ninetales|38/100\n|\n|-weather|Snowscape|[upkeep]\n|upkeep\n|turn|2\n|l|\u2606O1AM1DE\n|player|p2|\n|j|\u2606O1AM1DE\n|player|p2|O1AM1DE|cynthia-gen4|\n|\n|t:|1776263796\n|move|p1a: Ninetales|Blizzard|p2b: Incineroar|[spread] p2a,p2b\n|-supereffective|p2a: Venusaur|1\n|-resisted|p2b: Incineroar|1\n|-damage|p2a: Venusaur|80/100\n|-damage|p2b: Incineroar|79/100\n|move|p1b: Talonflame|Acrobatics|p2a: Venusaur\n|-supereffective|p2a: Venusaur|1\n|-crit|p2a: Venusaur\n|-damage|p2a: Venusaur|0 fnt\n|faint|p2a: Venusaur\n|move|p2b: Incineroar|Flare Blitz|p1b: Talonflame\n|-resisted|p1b: Talonflame|1\n|-damage|p1b: Talonflame|49/100\n|-damage|p2b: Incineroar|70/100|[from] Recoil\n|\n|-weather|Snowscape|[upkeep]\n|upkeep\n|\n|t:|1776263810\n|switch|p2a: Garchomp|Garchomp, L50, M|100/100\n|turn|3\n|\n|t:|1776263817\n|move|p1a: Ninetales|Blizzard|p2a: Garchomp|[spread] p2a,p2b\n|-supereffective|p2a: Garchomp|2\n|-resisted|p2b: Incineroar|1\n|-enditem|p2a: Garchomp|Focus Sash\n|-damage|p2a: Garchomp|1/100\n|-damage|p2b: Incineroar|50/100\n|move|p2a: Garchomp|Rock Slide|p1a: Ninetales|[spread] p1a,p1b\n|-supereffective|p1a: Ninetales|1\n|-supereffective|p1b: Talonflame|2\n|-damage|p1a: Ninetales|9/100\n|-damage|p1b: Talonflame|0 fnt\n|faint|p1b: Talonflame\n|move|p2b: Incineroar|Flare Blitz|p1a: Ninetales\n|-supereffective|p1a: Ninetales|1\n|-damage|p1a: Ninetales|0 fnt\n|faint|p1a: Ninetales\n|-damage|p2b: Incineroar|48/100|[from] Recoil\n|\n|-weather|Snowscape|[upkeep]\n|upkeep\n|l|\u2606O1AM1DE\n|player|p2|\n|\n|t:|1776263836\n|switch|p1a: Sneasler|Sneasler, L50, M|100/100\n|switch|p1b: Starmie|Starmie, L50|100/100\n|turn|4\n|j|\u2606O1AM1DE\n|player|p2|O1AM1DE|cynthia-gen4|\n|\n|t:|1776263878\n|detailschange|p1b: Starmie|Starmie-Mega, L50\n|-mega|p1b: Starmie|Starmie|Starminite\n|move|p1a: Sneasler|Fake Out|p2a: Garchomp\n|-damage|p2a: Garchomp|0 fnt\n|faint|p2a: Garchomp\n|move|p1b: Starmie|Liquidation|p2b: Incineroar\n|-supereffective|p2b: Incineroar|1\n|-damage|p2b: Incineroar|0 fnt\n|faint|p2b: Incineroar\n|\n|-weather|Snowscape|[upkeep]\n|upkeep\n|\n|t:|1776263886\n|switch|p2a: Basculegion|Basculegion, L50, M|100/100\n|turn|5\n|\n|t:|1776263898\n|move|p1b: Starmie|Zen Headbutt|p2a: Basculegion\n|-damage|p2a: Basculegion|17/100\n|move|p1a: Sneasler|Dire Claw|p2a: Basculegion\n|-resisted|p2a: Basculegion|1\n|-damage|p2a: Basculegion|0 fnt\n|faint|p2a: Basculegion\n|\n|win|jaisha4\n|l|\u2606O1AM1DE\n|player|p2|\n",
  "uploadtime": 1776263912,
  "views": 19,
  "formatid": "gen9championsvgc2026regma",
  "rating": null,
  "private": 0,
  "password": null
}