{
  "id": "gen9championsvgc2026regma-2582062469",
  "format": "[Gen 9 Champions] VGC 2026 Reg M-A",
  "players": [
    "StrawberryBalloons",
    "Jakestemmet"
  ],
  "log": "|j|\u203dStrawberryBalloons\n|j|\u2606Jakestemmet\n|t:|1776053324\n|gametype|doubles\n|player|p1|StrawberryBalloons|fisherman-gen4|1282\n|player|p2|Jakestemmet|102|1257\n|gen|9\n|tier|[Gen 9 Champions] VGC 2026 Reg M-A\n|rated|\n|rule|Species Clause: Limit one of each Pok\u00e9mon\n|rule|Item Clause: Limit 1 of each item\n|clearpoke\n|poke|p1|Tinkaton, L50, F|\n|poke|p1|Floette-Eternal, L50, F|\n|poke|p1|Garchomp, L50, M|\n|poke|p1|Gyarados, L50, M|\n|poke|p1|Whimsicott, L50, M|\n|poke|p1|Slowbro-Galar, L50, F|\n|poke|p2|Scovillain, L50, F|\n|poke|p2|Zoroark-Hisui, L50, F|\n|poke|p2|Klefki, L50, M|\n|poke|p2|Goodra-Hisui, L50, M|\n|poke|p2|Tyranitar, L50, F|\n|poke|p2|Gyarados, L50, F|\n|teampreview|4\n|inactive|Battle timer is ON: inactive players will automatically lose when time's up. (requested by Jakestemmet)\n|inactive|StrawberryBalloons also wants the timer to be on.\n|inactive|StrawberryBalloons has 60 seconds left.\n|inactive|StrawberryBalloons has 30 seconds left.\n|\n|t:|1776053386\n|teamsize|p1|4\n|teamsize|p2|4\n|start\n|switch|p1a: Floette|Floette-Eternal, L50, F|100/100\n|switch|p1b: Whimsicott|Whimsicott, L50, M|100/100\n|switch|p2a: Goodra|Goodra-Hisui, L50, M|100/100\n|switch|p2b: Klefki|Klefki, L50, M|100/100\n|turn|1\n|\n|t:|1776053405\n|move|p1a: Floette|Protect|p1a: Floette\n|-singleturn|p1a: Floette|Protect\n|move|p1b: Whimsicott|Fake Tears|p2a: Goodra\n|-unboost|p2a: Goodra|spd|2\n|move|p2b: Klefki|Light Screen|p2b: Klefki\n|-sidestart|p2: Jakestemmet|move: Light Screen\n|move|p2a: Goodra|Flash Cannon|p1a: Floette\n|-activate|p1a: Floette|move: Protect\n|\n|upkeep\n|turn|2\n|\n|t:|1776053422\n|detailschange|p1a: Floette|Floette-Mega, L50, F\n|-mega|p1a: Floette|Floette|Floettite\n|-ability|p1a: Floette|Fairy Aura\n|move|p1b: Whimsicott|Fake Tears|p2a: Goodra\n|-unboost|p2a: Goodra|spd|2\n|move|p2b: Klefki|Thunder Wave|p1a: Floette\n|-status|p1a: Floette|par\n|move|p2a: Goodra|Flash Cannon|p1a: Floette\n|-supereffective|p1a: Floette|1\n|-damage|p1a: Floette|51/100 par\n|move|p1a: Floette|Moonblast|p2a: Goodra\n|-damage|p2a: Goodra|0 fnt\n|faint|p2a: Goodra\n|\n|upkeep\n|\n|t:|1776053437\n|switch|p2a: Tyranitar|Tyranitar, L50, F|100/100\n|turn|3\n|\n|t:|1776053458\n|move|p1b: Whimsicott|Tailwind|p1b: Whimsicott\n|-sidestart|p1: StrawberryBalloons|move: Tailwind\n|move|p2a: Tyranitar|Hex|p1a: Floette\n|-damage|p1a: Floette|0 fnt\n|faint|p1a: Floette\n|move|p2b: Klefki|Dazzling Gleam|p1b: Whimsicott\n|-damage|p1b: Whimsicott|62/100\n|\n|upkeep\n|\n|t:|1776053465\n|switch|p1a: Garchomp|Garchomp, L50, M|100/100\n|turn|4\n|\n|t:|1776053480\n|move|p1a: Garchomp|Protect|p1a: Garchomp\n|-singleturn|p1a: Garchomp|Protect\n|move|p2a: Tyranitar|Protect|p2a: Tyranitar\n|-singleturn|p2a: Tyranitar|Protect\n|move|p1b: Whimsicott|Encore|p2b: Klefki\n|-start|p2b: Klefki|Encore\n|move|p2b: Klefki|Dazzling Gleam|p1b: Whimsicott|[spread] p1b\n|-activate|p1a: Garchomp|move: Protect\n|-crit|p1b: Whimsicott\n|-damage|p1b: Whimsicott|18/100\n|\n|upkeep\n|turn|5\n|\n|t:|1776053501\n|switch|p2a: Tyranitar|Tyranitar, L50, F|100/100\n|-weather|Sandstorm|[from] ability: Sand Stream|[of] p2a: Tyranitar\n|move|p1b: Whimsicott|Encore|p2a: Tyranitar\n|-hint|Since gen 7, Dark is immune to Prankster moves.\n|-immune|p2a: Tyranitar\n|move|p1a: Garchomp|Stomping Tantrum|p2b: Klefki\n|-supereffective|p2b: Klefki|1\n|-damage|p2b: Klefki|20/100\n|move|p2b: Klefki|Dazzling Gleam|p1a: Garchomp|[spread] p1b\n|-miss|p2b: Klefki|p1a: Garchomp\n|-damage|p1b: Whimsicott|0 fnt\n|faint|p1b: Whimsicott\n|\n|-weather|Sandstorm|[upkeep]\n|-sideend|p2: Jakestemmet|move: Light Screen\n|upkeep\n|\n|t:|1776053505\n|switch|p1b: Gyarados|Gyarados, L50, M, shiny|100/100\n|-ability|p1b: Gyarados|Intimidate|boost\n|-unboost|p2a: Tyranitar|atk|1\n|-unboost|p2b: Klefki|atk|1\n|turn|6\n|inactive|Jakestemmet has 30 seconds left.\n|\n|t:|1776053531\n|detailschange|p2a: Tyranitar|Tyranitar-Mega, L50, F\n|-mega|p2a: Tyranitar|Tyranitar|Tyranitarite\n|move|p1a: Garchomp|Earthquake|p2a: Tyranitar|[spread] p2a,p2b\n|-immune|p1b: Gyarados\n|-supereffective|p2a: Tyranitar|1\n|-supereffective|p2b: Klefki|1\n|-damage|p2a: Tyranitar|50/100\n|-damage|p2b: Klefki|0 fnt\n|faint|p2b: Klefki\n|move|p1b: Gyarados|Waterfall|p2a: Tyranitar\n|-supereffective|p2a: Tyranitar|1\n|-damage|p2a: Tyranitar|0 fnt\n|faint|p2a: Tyranitar\n|\n|-weather|Sandstorm|[upkeep]\n|-damage|p1b: Gyarados|94/100|[from] Sandstorm\n|-sideend|p1: StrawberryBalloons|move: Tailwind\n|upkeep\n|\n|t:|1776053542\n|switch|p2a: Zoroark|Zoroark-Hisui, L50, F|100/100\n|turn|7\n|\n|t:|1776053550\n|move|p2a: Zoroark|Hyper Voice|p1b: Gyarados|[spread] p1a,p1b\n|-damage|p1a: Garchomp|63/100\n|-damage|p1b: Gyarados|66/100\n|move|p1a: Garchomp|Earthquake|p2a: Zoroark|[spread] p2a\n|-immune|p1b: Gyarados\n|-damage|p2a: Zoroark|25/100\n|move|p1b: Gyarados|Waterfall|p2a: Zoroark\n|-damage|p2a: Zoroark|0 fnt\n|faint|p2a: Zoroark\n|\n|win|StrawberryBalloons\n|raw|StrawberryBalloons's rating: 1282 &rarr; <strong>1305</strong><br />(+23 for winning)\n|raw|Jakestemmet's rating: 1257 &rarr; <strong>1234</strong><br />(-23 for losing)\n",
  "uploadtime": 1776053556,
  "views": 30,
  "formatid": "gen9championsvgc2026regma",
  "rating": 1234,
  "private": 0,
  "password": null
}