{
  "id": "gen9championsvgc2026regma-2581334268",
  "format": "[Gen 9 Champions] VGC 2026 Reg M-A",
  "players": [
    "albertito2005",
    "radoovak"
  ],
  "log": "|j|\u2606albertito2005\n|j|\u2606radoovak\n|t:|1775988096\n|gametype|doubles\n|player|p1|albertito2005|veteran|1352\n|player|p2|radoovak|steven|1479\n|gen|9\n|tier|[Gen 9 Champions] VGC 2026 Reg M-A\n|rated|\n|rule|Species Clause: Limit one of each Pok\u00e9mon\n|rule|Item Clause: Limit 1 of each item\n|clearpoke\n|poke|p1|Delphox, L50, M|\n|poke|p1|Gyarados, L50, M|\n|poke|p1|Sneasler, L50, F|\n|poke|p1|Excadrill, L50, M|\n|poke|p1|Sinistcha, L50|\n|poke|p1|Tyranitar, L50, M|\n|poke|p2|Gengar, L50, F|\n|poke|p2|Sneasler, L50, M|\n|poke|p2|Incineroar, L50, F|\n|poke|p2|Whimsicott, L50, M|\n|poke|p2|Hydreigon, L50, F|\n|poke|p2|Palafin, L50, M|\n|teampreview|4\n|inactive|Battle timer is ON: inactive players will automatically lose when time's up. (requested by radoovak)\n|inactive|radoovak has 60 seconds left.\n|\n|t:|1775988130\n|teamsize|p1|4\n|teamsize|p2|4\n|start\n|switch|p1a: Sneasler|Sneasler, L50, F|100/100\n|switch|p1b: Gyarados|Gyarados, L50, M|100/100\n|switch|p2a: Hydreigon|Hydreigon, L50, F|100/100\n|switch|p2b: Palafin|Palafin, L50, M|100/100\n|-ability|p1b: Gyarados|Intimidate|boost\n|-unboost|p2a: Hydreigon|atk|1\n|-unboost|p2b: Palafin|atk|1\n|turn|1\n|inactive|albertito2005 has 30 seconds left.\n|\n|t:|1775988155\n|detailschange|p2b: Palafin|Palafin-Hero, L50, M\n|switch|p2b: Incineroar|Incineroar, L50, F|100/100\n|-ability|p2b: Incineroar|Intimidate|boost\n|-unboost|p1a: Sneasler|atk|1\n|-unboost|p1b: Gyarados|atk|1\n|-enditem|p1a: Sneasler|White Herb\n|-clearnegativeboost|p1a: Sneasler|[silent]\n|move|p1a: Sneasler|Fake Out|p2a: Hydreigon\n|-damage|p2a: Hydreigon|84/100\n|cant|p2a: Hydreigon|flinch\n|move|p1b: Gyarados|Dragon Dance|p1b: Gyarados\n|-boost|p1b: Gyarados|atk|1\n|-boost|p1b: Gyarados|spe|1\n|\n|upkeep\n|turn|2\n|inactive|albertito2005 has 30 seconds left.\n|\n|t:|1775988181\n|move|p1b: Gyarados|Protect|p1b: Gyarados\n|-singleturn|p1b: Gyarados|Protect\n|move|p2b: Incineroar|Fake Out|p1a: Sneasler\n|-damage|p1a: Sneasler|80/100\n|cant|p1a: Sneasler|flinch\n|move|p2a: Hydreigon|Dark Pulse|p1b: Gyarados\n|-activate|p1b: Gyarados|move: Protect\n|\n|upkeep\n|turn|3\n|\n|t:|1775988207\n|switch|p2a: Sneasler|Sneasler, L50, M|100/100\n|detailschange|p1b: Gyarados|Gyarados-Mega, L50, M\n|-mega|p1b: Gyarados|Gyarados|Gyaradosite\n|-ability|p1b: Gyarados|Mold Breaker\n|move|p1a: Sneasler|Close Combat|p2a: Sneasler\n|-resisted|p2a: Sneasler|1\n|-crit|p2a: Sneasler\n|-damage|p2a: Sneasler|20/100\n|-unboost|p1a: Sneasler|def|1\n|-unboost|p1a: Sneasler|spd|1\n|move|p1b: Gyarados|Waterfall|p2b: Incineroar\n|-supereffective|p2b: Incineroar|1\n|-damage|p2b: Incineroar|16/100\n|-enditem|p2b: Incineroar|Sitrus Berry|[eat]\n|-heal|p2b: Incineroar|41/100|[from] item: Sitrus Berry\n|move|p2b: Incineroar|Parting Shot|p1b: Gyarados\n|-unboost|p1b: Gyarados|atk|1\n|-unboost|p1b: Gyarados|spa|1\n|\n|t:|1775988229\n|switch|p2b: Palafin|Palafin-Hero, L50, M|100/100|[from] Parting Shot\n|-activate|p2b: Palafin|ability: Zero to Hero\n|\n|upkeep\n|turn|4\n|\n|t:|1775988249\n|move|p2a: Sneasler|Fake Out|p1b: Gyarados\n|-damage|p1b: Gyarados|88/100\n|move|p2b: Palafin|Jet Punch|p1a: Sneasler\n|-damage|p1a: Sneasler|0 fnt\n|faint|p1a: Sneasler\n|cant|p1b: Gyarados|flinch\n|\n|upkeep\n|\n|t:|1775988256\n|switch|p1a: Sinistcha|Sinistcha, L50|100/100\n|-heal|p1b: Gyarados|100/100|[from] ability: Hospitality|[of] p1a: Sinistcha\n|turn|5\n|j| gE1xjZRtuhW2DdT0AK\n|\n|t:|1775988281\n|switch|p2a: Hydreigon|Hydreigon, L50, F|84/100\n|move|p1a: Sinistcha|Rage Powder|p1a: Sinistcha\n|-singleturn|p1a: Sinistcha|move: Rage Powder\n|move|p1b: Gyarados|Dragon Dance|p1b: Gyarados\n|-boost|p1b: Gyarados|atk|1\n|-boost|p1b: Gyarados|spe|1\n|move|p2b: Palafin|Wave Crash|p1a: Sinistcha\n|-resisted|p1a: Sinistcha|1\n|-damage|p1a: Sinistcha|63/100\n|-damage|p2b: Palafin|89/100|[from] Recoil\n|\n|upkeep\n|turn|6\n|inactive|albertito2005 has 30 seconds left.\n|\n|t:|1775988309\n|switch|p2b: Incineroar|Incineroar, L50, F|41/100\n|-ability|p2b: Incineroar|Intimidate|boost\n|-unboost|p1a: Sinistcha|atk|1\n|-unboost|p1b: Gyarados|atk|1\n|move|p1b: Gyarados|Waterfall|p2b: Incineroar\n|-supereffective|p2b: Incineroar|1\n|-damage|p2b: Incineroar|0 fnt\n|faint|p2b: Incineroar\n|move|p2a: Hydreigon|Dark Pulse|p1a: Sinistcha\n|-supereffective|p1a: Sinistcha|1\n|-damage|p1a: Sinistcha|0 fnt\n|faint|p1a: Sinistcha\n|\n|upkeep\n|\n|t:|1775988320\n|switch|p1a: Tyranitar|Tyranitar, L50, M|100/100\n|switch|p2b: Palafin|Palafin-Hero, L50, M|89/100\n|-weather|Sandstorm|[from] ability: Sand Stream|[of] p1a: Tyranitar\n|turn|7\n|\n|t:|1775988334\n|move|p1b: Gyarados|Dragon Dance|p1b: Gyarados\n|-boost|p1b: Gyarados|atk|1\n|-boost|p1b: Gyarados|spe|1\n|move|p2a: Hydreigon|Dark Pulse|p1a: Tyranitar\n|-resisted|p1a: Tyranitar|1\n|-damage|p1a: Tyranitar|90/100\n|move|p2b: Palafin|Drain Punch|p1a: Tyranitar\n|-supereffective|p1a: Tyranitar|2\n|-damage|p1a: Tyranitar|0 fnt\n|-heal|p2b: Palafin|100/100|[from] drain|[of] p1a: Tyranitar\n|faint|p1a: Tyranitar\n|\n|-weather|Sandstorm|[upkeep]\n|-damage|p1b: Gyarados|94/100|[from] Sandstorm\n|-damage|p2a: Hydreigon|78/100|[from] Sandstorm\n|-damage|p2b: Palafin|94/100|[from] Sandstorm\n|upkeep\n|turn|8\n|-message|albertito2005 forfeited.\n|\n|win|radoovak\n|raw|albertito2005's rating: 1352 &rarr; <strong>1339</strong><br />(-13 for losing)\n|raw|radoovak's rating: 1479 &rarr; <strong>1492</strong><br />(+13 for winning)\n|l|\u2606albertito2005\n|player|p1|\n|c|\u2606radoovak|gg\n|l|\u2606radoovak\n|player|p2|\n",
  "uploadtime": 1775988447,
  "views": 39,
  "formatid": "gen9championsvgc2026regma",
  "rating": 1339,
  "private": 0,
  "password": null
}