{
  "id": "gen9championsvgc2026regma-2583493264",
  "format": "[Gen 9 Champions] VGC 2026 Reg M-A",
  "players": [
    "Pigcosmos",
    "RowdeyRiolu"
  ],
  "log": "|j|\u2606Pigcosmos\n|j|\u2606RowdeyRiolu\n|t:|1776179153\n|gametype|doubles\n|player|p1|Pigcosmos|scientist-gen4|1096\n|player|p2|RowdeyRiolu|lucas|1082\n|gen|9\n|tier|[Gen 9 Champions] VGC 2026 Reg M-A\n|rated|\n|rule|Species Clause: Limit one of each Pok\u00e9mon\n|rule|Item Clause: Limit 1 of each item\n|clearpoke\n|poke|p1|Victreebel, L50, M|\n|poke|p1|Sableye, L50, F|\n|poke|p1|Forretress, L50, F|\n|poke|p1|Dragonite, L50, F|\n|poke|p1|Basculegion, L50, M|\n|poke|p1|Audino, L50, M|\n|poke|p2|Lucario, L50, M|\n|poke|p2|Ceruledge, L50, M|\n|poke|p2|Gardevoir, L50, M|\n|poke|p2|Primarina, L50, F|\n|poke|p2|Garchomp, L50, M|\n|poke|p2|Gliscor, L50, F|\n|teampreview|4\n|inactive|Battle timer is ON: inactive players will automatically lose when time's up. (requested by Pigcosmos)\n|inactive|Pigcosmos has 60 seconds left.\n|\n|t:|1776179205\n|teamsize|p1|4\n|teamsize|p2|4\n|start\n|switch|p1a: Victreebel|Victreebel, L50, M|100/100\n|switch|p1b: Dragonite|Dragonite, L50, F|100/100\n|switch|p2a: Ceruledge|Ceruledge, L50, M|100/100\n|switch|p2b: Gliscor|Gliscor, L50, F|100/100\n|turn|1\n|inactive|Pigcosmos has 30 seconds left.\n|\n|t:|1776179235\n|detailschange|p1a: Victreebel|Victreebel-Mega, L50, M\n|-mega|p1a: Victreebel|Victreebel|Victreebelite\n|move|p2a: Ceruledge|Swords Dance|p2a: Ceruledge\n|-boost|p2a: Ceruledge|atk|2\n|move|p1a: Victreebel|Toxic Spikes|p2a: Ceruledge\n|-sidestart|p2: RowdeyRiolu|move: Toxic Spikes\n|move|p2b: Gliscor|Tailwind|p2b: Gliscor\n|-sidestart|p2: RowdeyRiolu|move: Tailwind\n|move|p1b: Dragonite|Substitute|p1b: Dragonite\n|-start|p1b: Dragonite|Substitute\n|-damage|p1b: Dragonite|76/100\n|\n|-heal|p1b: Dragonite|82/100|[from] item: Leftovers\n|upkeep\n|turn|2\n|inactive|Pigcosmos has 30 seconds left.\n|inactive|RowdeyRiolu has 30 seconds left.\n|\n|t:|1776179267\n|move|p1a: Victreebel|Protect|p1a: Victreebel\n|-singleturn|p1a: Victreebel|Protect\n|move|p1b: Dragonite|Protect|p1b: Dragonite\n|-singleturn|p1b: Dragonite|Protect\n|move|p2a: Ceruledge|Bitter Blade|p1a: Victreebel\n|-activate|p1a: Victreebel|move: Protect\n|move|p2b: Gliscor|Dual Wingbeat|p1b: Dragonite\n|-activate|p1b: Dragonite|move: Protect\n|\n|-heal|p1b: Dragonite|88/100|[from] item: Leftovers\n|upkeep\n|turn|3\n|\n|t:|1776179288\n|move|p2a: Ceruledge|Bitter Blade|p1a: Victreebel\n|-supereffective|p1a: Victreebel|1\n|-damage|p1a: Victreebel|0 fnt\n|-damage|p2a: Ceruledge|0 fnt|[from] ability: Innards Out|[of] p1a: Victreebel\n|faint|p1a: Victreebel\n|faint|p2a: Ceruledge\n|move|p2b: Gliscor|Dual Wingbeat|p1b: Dragonite\n|-activate|p1b: Dragonite|move: Substitute|[damage]\n|-activate|p1b: Dragonite|move: Substitute|[damage]\n|-hitcount|p1b: Dragonite|2\n|move|p1b: Dragonite|Dragon Tail|p2b: Gliscor\n|-damage|p2b: Gliscor|84/100\n|drag|p2b: Garchomp|Garchomp, L50, M|100/100\n|-status|p2b: Garchomp|psn\n|\n|-heal|p1b: Dragonite|94/100|[from] item: Leftovers\n|-damage|p2b: Garchomp|88/100 psn|[from] psn\n|upkeep\n|\n|t:|1776179309\n|switch|p2a: Gliscor|Gliscor, L50, F|84/100\n|switch|p1a: Forretress|Forretress, L50, F|100/100\n|turn|4\n|\n|t:|1776179323\n|move|p1b: Dragonite|Protect|p1b: Dragonite\n|-singleturn|p1b: Dragonite|Protect\n|move|p2b: Garchomp|Dragon Claw|p1b: Dragonite\n|-activate|p1b: Dragonite|move: Protect\n|move|p2a: Gliscor|Earthquake|p1b: Dragonite|[spread] p2b,p1a\n|-activate|p1b: Dragonite|move: Protect\n|-damage|p2b: Garchomp|67/100 psn\n|-damage|p1a: Forretress|80/100\n|move|p1a: Forretress|Stealth Rock|p2b: Garchomp\n|-sidestart|p2: RowdeyRiolu|move: Stealth Rock\n|\n|-heal|p1b: Dragonite|99/100|[from] item: Leftovers\n|-damage|p2b: Garchomp|55/100 psn|[from] psn\n|-sideend|p2: RowdeyRiolu|move: Tailwind\n|upkeep\n|turn|5\n|inactive|Pigcosmos has 30 seconds left.\n|\n|t:|1776179350\n|move|p2b: Garchomp|Dragon Claw|p1b: Dragonite\n|-supereffective|p1b: Dragonite|1\n|-end|p1b: Dragonite|Substitute\n|move|p2a: Gliscor|Tailwind|p2a: Gliscor\n|-sidestart|p2: RowdeyRiolu|move: Tailwind\n|move|p1a: Forretress|Gyro Ball|p2a: Gliscor\n|-damage|p2a: Gliscor|56/100\n|move|p1b: Dragonite|Dragon Tail|p2b: Garchomp\n|-supereffective|p2b: Garchomp|1\n|-damage|p2b: Garchomp|7/100 psn\n|-damage|p1b: Dragonite|88/100|[from] ability: Rough Skin|[of] p2b: Garchomp\n|drag|p2b: Primarina|Primarina, L50, F|100/100\n|-status|p2b: Primarina|psn\n|-damage|p2b: Primarina|88/100 psn|[from] Stealth Rock\n|\n|-heal|p1b: Dragonite|94/100|[from] item: Leftovers\n|-damage|p2b: Primarina|76/100 psn|[from] psn\n|upkeep\n|turn|6\n|inactive|RowdeyRiolu has 30 seconds left.\n|-activate|p1a: Forretress|item: Quick Claw\n|\n|t:|1776179377\n|move|p1b: Dragonite|Protect|p1b: Dragonite\n|-singleturn|p1b: Dragonite|Protect\n|move|p1a: Forretress|Gyro Ball|p2b: Primarina\n|-damage|p2b: Primarina|51/100 psn\n|move|p2a: Gliscor|Earthquake|p1b: Dragonite|[spread] p2b,p1a\n|-activate|p1b: Dragonite|move: Protect\n|-damage|p2b: Primarina|30/100 psn\n|-damage|p1a: Forretress|56/100\n|-enditem|p2b: Primarina|Sitrus Berry|[eat]\n|-heal|p2b: Primarina|55/100 psn|[from] item: Sitrus Berry\n|move|p2b: Primarina|Moonblast|p1b: Dragonite\n|-activate|p1b: Dragonite|move: Protect\n|\n|-heal|p1b: Dragonite|99/100|[from] item: Leftovers\n|-damage|p2b: Primarina|43/100 psn|[from] psn\n|upkeep\n|turn|7\n|inactive|Pigcosmos has 30 seconds left.\n|-activate|p1a: Forretress|item: Quick Claw\n|\n|t:|1776179411\n|move|p1a: Forretress|Gyro Ball|p2b: Primarina\n|-damage|p2b: Primarina|19/100 psn\n|move|p2a: Gliscor|Dual Wingbeat|p1a: Forretress|[miss]\n|-miss|p2a: Gliscor|p1a: Forretress\n|move|p2b: Primarina|Moonblast|p1b: Dragonite\n|-supereffective|p1b: Dragonite|1\n|-damage|p1b: Dragonite|36/100\n|move|p1b: Dragonite|Substitute|p1b: Dragonite\n|-start|p1b: Dragonite|Substitute\n|-damage|p1b: Dragonite|12/100\n|\n|-heal|p1b: Dragonite|18/100|[from] item: Leftovers\n|-damage|p2b: Primarina|6/100 psn|[from] psn\n|upkeep\n|turn|8\n|\n|t:|1776179436\n|move|p1b: Dragonite|Protect|p1b: Dragonite\n|-singleturn|p1b: Dragonite|Protect\n|move|p2a: Gliscor|Dual Wingbeat|p1a: Forretress\n|-damage|p1a: Forretress|43/100\n|-damage|p1a: Forretress|31/100\n|-hitcount|p1a: Forretress|2\n|move|p2b: Primarina|Hyper Voice|p1a: Forretress|[spread] p1a\n|-activate|p1b: Dragonite|move: Protect\n|-damage|p1a: Forretress|0 fnt\n|faint|p1a: Forretress\n|\n|-heal|p1b: Dragonite|24/100|[from] item: Leftovers\n|-damage|p2b: Primarina|0 fnt|[from] psn\n|faint|p2b: Primarina\n|-sideend|p2: RowdeyRiolu|move: Tailwind\n|upkeep\n|\n|t:|1776179454\n|switch|p2b: Garchomp|Garchomp, L50, M|7/100 psn\n|switch|p1a: Basculegion|Basculegion, L50, M|100/100\n|-damage|p2b: Garchomp|0 fnt|[from] Stealth Rock\n|faint|p2b: Garchomp\n|turn|9\n|\n|t:|1776179467\n|move|p1a: Basculegion|Last Respects|p2a: Gliscor\n|-damage|p2a: Gliscor|0 fnt\n|faint|p2a: Gliscor\n|\n|win|Pigcosmos\n|raw|Pigcosmos's rating: 1096 &rarr; <strong>1121</strong><br />(+25 for winning)\n|raw|RowdeyRiolu's rating: 1082 &rarr; <strong>1061</strong><br />(-21 for losing)\n|l|\u2606RowdeyRiolu\n|player|p2|\n|l|\u2606Pigcosmos\n|player|p1|\n|j|\u2606Pigcosmos\n|player|p1|Pigcosmos|scientist-gen4|\n",
  "uploadtime": 1776179503,
  "views": 14,
  "formatid": "gen9championsvgc2026regma",
  "rating": 1061,
  "private": 0,
  "password": null
}