{
  "id": "gen9championsvgc2026regma-2583624712",
  "format": "[Gen 9 Champions] VGC 2026 Reg M-A",
  "players": [
    "iPegTw1nks",
    "skyrux07"
  ],
  "log": "|j|\u2606iPegTw1nks\n|j|\u2606skyrux07\n|t:|1776187247\n|gametype|doubles\n|player|p1|iPegTw1nks|roxie|1037\n|player|p2|skyrux07|265|1000\n|gen|9\n|tier|[Gen 9 Champions] VGC 2026 Reg M-A\n|rated|\n|rule|Species Clause: Limit one of each Pok\u00e9mon\n|rule|Item Clause: Limit 1 of each item\n|clearpoke\n|poke|p1|Hawlucha, L50, F|\n|poke|p1|Clefable, L50, M|\n|poke|p1|Decidueye, L50, M|\n|poke|p1|Whimsicott, L50, F|\n|poke|p1|Aggron, L50, M|\n|poke|p1|Milotic, L50, M|\n|poke|p2|Floette-Eternal, L50, F|\n|poke|p2|Sneasler, L50, M|\n|poke|p2|Aerodactyl, L50, M|\n|poke|p2|Garchomp, L50, F|\n|poke|p2|Rotom-Wash, L50|\n|poke|p2|Incineroar, L50, M|\n|teampreview|4\n|\n|t:|1776187277\n|teamsize|p1|4\n|teamsize|p2|4\n|start\n|switch|p1a: Milotic|Milotic, L50, M, shiny|100/100\n|switch|p1b: Decidueye|Decidueye, L50, M, shiny|100/100\n|switch|p2a: Aerodactyl|Aerodactyl, L50, M|100/100\n|switch|p2b: Sneasler|Sneasler, L50, M|100/100\n|-ability|p2a: Aerodactyl|Unnerve\n|turn|1\n|\n|t:|1776187304\n|move|p2b: Sneasler|Fake Out|p1a: Milotic\n|-damage|p1a: Milotic|87/100\n|move|p2a: Aerodactyl|Tailwind|p2a: Aerodactyl\n|-sidestart|p2: skyrux07|move: Tailwind\n|move|p1b: Decidueye|Swords Dance|p1b: Decidueye\n|-boost|p1b: Decidueye|atk|2\n|cant|p1a: Milotic|flinch\n|\n|upkeep\n|turn|2\n|\n|t:|1776187320\n|move|p2b: Sneasler|Protect|p2b: Sneasler\n|-singleturn|p2b: Sneasler|Protect\n|move|p1a: Milotic|Protect|p1a: Milotic\n|-singleturn|p1a: Milotic|Protect\n|move|p2a: Aerodactyl|Dual Wingbeat|p1b: Decidueye|[miss]\n|-miss|p2a: Aerodactyl|p1b: Decidueye\n|move|p1b: Decidueye|Swords Dance|p1b: Decidueye\n|-boost|p1b: Decidueye|atk|2\n|\n|upkeep\n|turn|3\n|\n|t:|1776187344\n|move|p2a: Aerodactyl|Dual Wingbeat|p1b: Decidueye\n|-supereffective|p1b: Decidueye|1\n|-damage|p1b: Decidueye|55/100\n|-supereffective|p1b: Decidueye|1\n|-damage|p1b: Decidueye|9/100\n|-hitcount|p1b: Decidueye|2\n|move|p2b: Sneasler|Dire Claw|p1a: Milotic\n|-damage|p1a: Milotic|46/100\n|move|p1b: Decidueye|Baton Pass|p1b: Decidueye\n|\n|t:|1776187354\n|switch|p1b: Hawlucha|Hawlucha, L50, F, shiny|100/100|[from] Baton Pass\n|move|p1a: Milotic|Scald|p2a: Aerodactyl\n|-supereffective|p2a: Aerodactyl|1\n|-enditem|p2a: Aerodactyl|Focus Sash\n|-damage|p2a: Aerodactyl|1/100\n|-status|p2a: Aerodactyl|brn\n|\n|-damage|p2a: Aerodactyl|0 fnt|[from] brn\n|faint|p2a: Aerodactyl\n|upkeep\n|\n|t:|1776187368\n|switch|p2a: Rotom|Rotom-Wash, L50|100/100\n|turn|4\n|\n|t:|1776187382\n|detailschange|p1b: Hawlucha|Hawlucha-Mega, L50, F, shiny\n|-mega|p1b: Hawlucha|Hawlucha|Hawluchanite\n|move|p2b: Sneasler|Dire Claw|p1b: Hawlucha\n|-crit|p1b: Hawlucha\n|-damage|p1b: Hawlucha|35/100\n|move|p2a: Rotom|Electroweb|p1a: Milotic|[spread] p1a,p1b\n|-supereffective|p1a: Milotic|1\n|-supereffective|p1b: Hawlucha|1\n|-damage|p1a: Milotic|22/100\n|-damage|p1b: Hawlucha|0 fnt\n|-unboost|p1a: Milotic|spe|1\n|faint|p1b: Hawlucha\n|move|p1a: Milotic|Light Screen|p1a: Milotic\n|-sidestart|p1: iPegTw1nks|move: Light Screen\n|\n|-sideend|p2: skyrux07|move: Tailwind\n|upkeep\n|\n|t:|1776187396\n|switch|p1b: Decidueye|Decidueye, L50, M, shiny|9/100\n|turn|5\n|\n|t:|1776187407\n|move|p2b: Sneasler|Dire Claw|p1b: Decidueye|[miss]\n|-miss|p2b: Sneasler|p1b: Decidueye\n|move|p2a: Rotom|Electroweb|p1a: Milotic|[spread] p1a,p1b\n|-supereffective|p1a: Milotic|1\n|-resisted|p1b: Decidueye|1\n|-damage|p1a: Milotic|5/100\n|-damage|p1b: Decidueye|4/100\n|-unboost|p1a: Milotic|spe|1\n|-unboost|p1b: Decidueye|spe|1\n|move|p1b: Decidueye|Swords Dance|p1b: Decidueye\n|-boost|p1b: Decidueye|atk|2\n|move|p1a: Milotic|Scald|p2a: Rotom\n|-resisted|p2a: Rotom|1\n|-damage|p2a: Rotom|81/100\n|-status|p2a: Rotom|brn\n|\n|-heal|p2a: Rotom|87/100 brn|[from] item: Leftovers\n|-damage|p2a: Rotom|81/100 brn|[from] brn\n|upkeep\n|turn|6\n|-message|iPegTw1nks forfeited.\n|\n|win|skyrux07\n|raw|iPegTw1nks's rating: 1037 &rarr; <strong>1020</strong><br />(-17 for losing)\n|raw|skyrux07's rating: 1000 &rarr; <strong>1044</strong><br />(+44 for winning)\n|l|\u2606iPegTw1nks\n|player|p1|\n",
  "uploadtime": 1776187451,
  "views": 15,
  "formatid": "gen9championsvgc2026regma",
  "rating": 1020,
  "private": 0,
  "password": null
}