{
  "id": "gen9championsvgc2026regma-2584115106",
  "format": "[Gen 9 Champions] VGC 2026 Reg M-A",
  "players": [
    "bot #0132465",
    "derbeste enjoyer"
  ],
  "log": "|j|\u2606bot #0132465\n|j|\u2606derbeste enjoyer\n|t:|1776226769\n|gametype|doubles\n|player|p1|bot #0132465|red|\n|player|p2|derbeste enjoyer|dawn|\n|gen|9\n|tier|[Gen 9 Champions] VGC 2026 Reg M-A\n|rated|Tournament battle\n|rule|Species Clause: Limit one of each Pok\u00e9mon\n|rule|Item Clause: Limit 1 of each item\n|raw|<div class=\"infobox\"><details class=\"readmore\" open><summary><strong>1 custom rule:</strong></summary> Force Open Team Sheets</details></div>\n|clearpoke\n|poke|p1|Kleavor, L50, F|\n|poke|p1|Milotic, L50, F|\n|poke|p1|Kingambit, L50, F|\n|poke|p1|Garganacl, L50, M|\n|poke|p1|Corviknight, L50, F|\n|poke|p1|Clefable, L50, F|\n|poke|p2|Aerodactyl, L50, M|\n|poke|p2|Basculegion, L50, M|\n|poke|p2|Kingambit, L50, F|\n|poke|p2|Conkeldurr, L50, M|\n|poke|p2|Chandelure, L50, F|\n|poke|p2|Clefable, L50, F|\n|teampreview|4\n|showteam|p1|Kleavor||ChoiceScarf|Sharpness|StoneAxe,Uturn,NightSlash,AerialAce|||F|||50|]Milotic||LumBerry|Competitive|Scald,IceBeam,LifeDew,AlluringVoice|||F|||50|]Kingambit||BlackGlasses|Defiant|KowtowCleave,SuckerPunch,Facade,Protect|||F|||50|]Garganacl||Leftovers|PurifyingSalt|SaltCure,IcePunch,BodyPress,Protect|||M|||50|]Corviknight||MentalHerb|MirrorArmor|BulkUp,BodyPress,BraveBird,Roost|||F|||50|]Clefable||Clefablite|Unaware|FollowMe,Moonblast,Thunderbolt,Encore|||F|||50|\n|showteam|p2|Aerodactyl||Aerodactylite|Unnerve|RockSlide,Protect,Tailwind,DualWingbeat|||M|||50|]Basculegion||WhiteHerb|Adaptability|LastRespects,AquaJet,WaveCrash,Protect|||M|||50|]Kingambit||BlackGlasses|Defiant|SwordsDance,SuckerPunch,KowtowCleave,Protect|||F|||50|]Conkeldurr||BlackBelt|IronFist|MachPunch,DrainPunch,ThunderPunch,Protect|||M|||50|]Chandelure||FocusSash|FlashFire|ShadowBall,HeatWave,TrickRoom,Protect|||F|||50|]Clefable||SitrusBerry|Unaware|FollowMe,HelpingHand,Moonblast,Protect|||F|||50|\n|inactive|Battle timer is ON: inactive players will automatically lose when time's up. (requested by bot #0132465)\n|inactive|bot #0132465 has 60 seconds left.\n|inactive|derbeste enjoyer has 60 seconds left.\n|inactive|bot #0132465 has 30 seconds left.\n|inactive|bot #0132465 has 20 seconds left.\n|\n|t:|1776226849\n|teamsize|p1|4\n|teamsize|p2|4\n|start\n|switch|p1a: Kleavor|Kleavor, L50, F, shiny|100/100\n|switch|p1b: Corviknight|Corviknight, L50, F, shiny|100/100\n|switch|p2a: Aerodactyl|Aerodactyl, L50, M|100/100\n|switch|p2b: Basculegion|Basculegion, L50, M|100/100\n|-ability|p2a: Aerodactyl|Unnerve\n|turn|1\n|inactive|bot #0132465 has 30 seconds left.\n|inactive|derbeste enjoyer has 30 seconds left.\n|\n|t:|1776226881\n|detailschange|p2a: Aerodactyl|Aerodactyl-Mega, L50, M\n|-mega|p2a: Aerodactyl|Aerodactyl|Aerodactylite\n|move|p1a: Kleavor|Stone Axe|p2a: Aerodactyl\n|-supereffective|p2a: Aerodactyl|1\n|-damage|p2a: Aerodactyl|2/100\n|-sidestart|p2: derbeste enjoyer|move: Stealth Rock\n|move|p2a: Aerodactyl|Tailwind|p2a: Aerodactyl\n|-sidestart|p2: derbeste enjoyer|move: Tailwind\n|move|p2b: Basculegion|Wave Crash|p1a: Kleavor\n|-supereffective|p1a: Kleavor|1\n|-damage|p1a: Kleavor|0 fnt\n|faint|p1a: Kleavor\n|-damage|p2b: Basculegion|77/100|[from] Recoil\n|move|p1b: Corviknight|Bulk Up|p1b: Corviknight\n|-boost|p1b: Corviknight|atk|1\n|-boost|p1b: Corviknight|def|1\n|\n|upkeep\n|\n|t:|1776226900\n|switch|p1a: Milotic|Milotic, L50, F, shiny|100/100\n|turn|2\n|inactive|derbeste enjoyer has 30 seconds left.\n|inactive|derbeste enjoyer has 20 seconds left.\n|inactive|derbeste enjoyer has 15 seconds left.\n|inactive|derbeste enjoyer has 10 seconds left.\n|\n|t:|1776226947\n|move|p2b: Basculegion|Protect|p2b: Basculegion\n|-singleturn|p2b: Basculegion|Protect\n|move|p2a: Aerodactyl|Rock Slide|p1b: Corviknight|[spread] p1a,p1b\n|-damage|p1a: Milotic|81/100\n|-damage|p1b: Corviknight|85/100\n|move|p1a: Milotic|Life Dew|p1a: Milotic|[spread] p1a,p1b\n|-heal|p1a: Milotic|100/100\n|-heal|p1b: Corviknight|100/100\n|move|p1b: Corviknight|Brave Bird|p2b: Basculegion\n|-activate|p2b: Basculegion|move: Protect\n|\n|upkeep\n|turn|3\n|\n|t:|1776226978\n|switch|p2b: Clefable|Clefable, L50, F|100/100\n|-damage|p2b: Clefable|88/100|[from] Stealth Rock\n|move|p2a: Aerodactyl|Rock Slide|p1b: Corviknight|[spread] p1a,p1b\n|-damage|p1a: Milotic|81/100\n|-damage|p1b: Corviknight|85/100\n|move|p1a: Milotic|Alluring Voice|p2b: Clefable\n|-damage|p2b: Clefable|72/100\n|cant|p1b: Corviknight|flinch\n|\n|upkeep\n|turn|4\n|\n|t:|1776227002\n|move|p2a: Aerodactyl|Protect|p2a: Aerodactyl\n|-singleturn|p2a: Aerodactyl|Protect\n|move|p2b: Clefable|Moonblast|p1a: Milotic\n|-damage|p1a: Milotic|58/100\n|move|p1a: Milotic|Ice Beam|p2b: Clefable\n|-crit|p2b: Clefable\n|-damage|p2b: Clefable|47/100\n|-enditem|p2b: Clefable|Sitrus Berry|[eat]\n|-heal|p2b: Clefable|71/100|[from] item: Sitrus Berry\n|move|p1b: Corviknight|Brave Bird|p2b: Clefable\n|-damage|p2b: Clefable|31/100\n|-damage|p1b: Corviknight|72/100|[from] Recoil\n|\n|-sideend|p2: derbeste enjoyer|move: Tailwind\n|upkeep\n|turn|5\n|inactive|bot #0132465 has 30 seconds left.\n|\n|t:|1776227028\n|move|p2a: Aerodactyl|Rock Slide|p1b: Corviknight|[spread] p1a\n|-miss|p2a: Aerodactyl|p1b: Corviknight\n|-damage|p1a: Milotic|37/100\n|move|p1a: Milotic|Life Dew|p1a: Milotic|[spread] p1a,p1b\n|-heal|p1a: Milotic|62/100\n|-heal|p1b: Corviknight|97/100\n|move|p1b: Corviknight|Bulk Up|p1b: Corviknight\n|-boost|p1b: Corviknight|atk|1\n|-boost|p1b: Corviknight|def|1\n|move|p2b: Clefable|Moonblast|p1a: Milotic\n|-damage|p1a: Milotic|36/100\n|\n|upkeep\n|turn|6\n|\n|t:|1776227049\n|move|p2a: Aerodactyl|Tailwind|p2a: Aerodactyl\n|-sidestart|p2: derbeste enjoyer|move: Tailwind\n|move|p2b: Clefable|Moonblast|p1a: Milotic\n|-damage|p1a: Milotic|10/100\n|move|p1a: Milotic|Life Dew|p1a: Milotic|[spread] p1a,p1b\n|-heal|p1a: Milotic|35/100\n|-heal|p1b: Corviknight|100/100\n|move|p1b: Corviknight|Brave Bird|p2b: Clefable\n|-damage|p2b: Clefable|0 fnt\n|faint|p2b: Clefable\n|-damage|p1b: Corviknight|91/100|[from] Recoil\n|\n|upkeep\n|\n|t:|1776227055\n|switch|p2b: Chandelure|Chandelure, L50, F|100/100\n|-damage|p2b: Chandelure|76/100|[from] Stealth Rock\n|turn|7\n|\n|t:|1776227078\n|move|p2a: Aerodactyl|Rock Slide|p1b: Corviknight|[spread] p1a,p1b\n|-crit|p1b: Corviknight\n|-damage|p1a: Milotic|15/100\n|-damage|p1b: Corviknight|57/100\n|move|p2b: Chandelure|Heat Wave|p1a: Milotic|[spread] p1a,p1b\n|-resisted|p1a: Milotic|1\n|-supereffective|p1b: Corviknight|1\n|-damage|p1a: Milotic|0 fnt\n|-damage|p1b: Corviknight|0 fnt\n|faint|p1a: Milotic\n|faint|p1b: Corviknight\n|\n|upkeep\n|\n|t:|1776227091\n|switch|p1b: Garganacl|Garganacl, L50, M, shiny|100/100\n|turn|8\n|\n|t:|1776227103\n|move|p2a: Aerodactyl|Rock Slide|p1b: Garganacl\n|-damage|p1b: Garganacl|80/100\n|move|p2b: Chandelure|Shadow Ball|p1b: Garganacl\n|-damage|p1b: Garganacl|55/100\n|move|p1b: Garganacl|Salt Cure|p2b: Chandelure\n|-supereffective|p2b: Chandelure|1\n|-damage|p2b: Chandelure|44/100\n|-start|p2b: Chandelure|Salt Cure\n|\n|-heal|p1b: Garganacl|61/100|[from] item: Leftovers\n|-damage|p2b: Chandelure|38/100|[from] Salt Cure\n|upkeep\n|turn|9\n|\n|t:|1776227116\n|move|p1b: Garganacl|Protect|p1b: Garganacl\n|-singleturn|p1b: Garganacl|Protect\n|move|p2a: Aerodactyl|Rock Slide|p1b: Garganacl\n|-activate|p1b: Garganacl|move: Protect\n|move|p2b: Chandelure|Shadow Ball|p1b: Garganacl\n|-activate|p1b: Garganacl|move: Protect\n|\n|-heal|p1b: Garganacl|67/100|[from] item: Leftovers\n|-damage|p2b: Chandelure|32/100|[from] Salt Cure\n|-sideend|p2: derbeste enjoyer|move: Tailwind\n|upkeep\n|turn|10\n|\n|t:|1776227129\n|move|p1b: Garganacl|Protect||[still]\n|-fail|p1b: Garganacl\n|move|p2a: Aerodactyl|Rock Slide|p1b: Garganacl|[miss]\n|-miss|p2a: Aerodactyl|p1b: Garganacl\n|move|p2b: Chandelure|Shadow Ball|p1b: Garganacl\n|-damage|p1b: Garganacl|43/100\n|\n|-heal|p1b: Garganacl|49/100|[from] item: Leftovers\n|-damage|p2b: Chandelure|26/100|[from] Salt Cure\n|upkeep\n|turn|11\n|\n|t:|1776227141\n|move|p1b: Garganacl|Protect|p1b: Garganacl\n|-singleturn|p1b: Garganacl|Protect\n|move|p2a: Aerodactyl|Rock Slide|p1b: Garganacl\n|-activate|p1b: Garganacl|move: Protect\n|move|p2b: Chandelure|Shadow Ball|p1b: Garganacl\n|-activate|p1b: Garganacl|move: Protect\n|\n|-heal|p1b: Garganacl|55/100|[from] item: Leftovers\n|-damage|p2b: Chandelure|20/100|[from] Salt Cure\n|upkeep\n|turn|12\n|\n|t:|1776227154\n|move|p2a: Aerodactyl|Rock Slide|p1b: Garganacl\n|-damage|p1b: Garganacl|36/100\n|move|p2b: Chandelure|Shadow Ball|p1b: Garganacl\n|-damage|p1b: Garganacl|14/100\n|move|p1b: Garganacl|Salt Cure|p2a: Aerodactyl\n|-supereffective|p2a: Aerodactyl|1\n|-damage|p2a: Aerodactyl|0 fnt\n|faint|p2a: Aerodactyl\n|\n|-heal|p1b: Garganacl|19/100|[from] item: Leftovers\n|-damage|p2b: Chandelure|14/100|[from] Salt Cure\n|upkeep\n|\n|t:|1776227158\n|switch|p2a: Basculegion|Basculegion, L50, M|77/100\n|-damage|p2a: Basculegion|64/100|[from] Stealth Rock\n|turn|13\n|\n|t:|1776227175\n|move|p1b: Garganacl|Protect|p1b: Garganacl\n|-singleturn|p1b: Garganacl|Protect\n|move|p2a: Basculegion|Wave Crash|p1b: Garganacl\n|-activate|p1b: Garganacl|move: Protect\n|move|p2b: Chandelure|Shadow Ball|p1b: Garganacl\n|-activate|p1b: Garganacl|move: Protect\n|\n|-heal|p1b: Garganacl|25/100|[from] item: Leftovers\n|-damage|p2b: Chandelure|8/100|[from] Salt Cure\n|upkeep\n|turn|14\n|\n|t:|1776227187\n|move|p1b: Garganacl|Protect|p1b: Garganacl\n|-singleturn|p1b: Garganacl|Protect\n|move|p2a: Basculegion|Wave Crash|p1b: Garganacl\n|-activate|p1b: Garganacl|move: Protect\n|move|p2b: Chandelure|Shadow Ball|p1b: Garganacl\n|-activate|p1b: Garganacl|move: Protect\n|\n|-heal|p1b: Garganacl|31/100|[from] item: Leftovers\n|-damage|p2b: Chandelure|2/100|[from] Salt Cure\n|upkeep\n|turn|15\n|\n|t:|1776227200\n|move|p1b: Garganacl|Protect||[still]\n|-fail|p1b: Garganacl\n|move|p2a: Basculegion|Wave Crash|p1b: Garganacl\n|-supereffective|p1b: Garganacl|1\n|-damage|p1b: Garganacl|0 fnt\n|faint|p1b: Garganacl\n|-damage|p2a: Basculegion|54/100|[from] Recoil\n|\n|win|derbeste enjoyer\n|n|\u2606bot #0132465|bot0132465\n|n|\u2606derbeste enjoyer|derbesteenjoyer\n|l|\u2606bot #0132465\n|player|p1|\n",
  "uploadtime": 1776227215,
  "views": 17,
  "formatid": "gen9championsvgc2026regma",
  "rating": null,
  "private": 0,
  "password": null
}