{
  "id": "gen9championsvgc2026regma-2582727800",
  "format": "[Gen 9 Champions] VGC 2026 Reg M-A",
  "players": [
    "bgc0",
    "Bielle Tina"
  ],
  "log": "|j|\u2606bgc0\n|j|\u2606Bielle Tina\n|t:|1776109984\n|gametype|doubles\n|player|p1|bgc0|169|1300\n|player|p2|Bielle Tina|170|1319\n|gen|9\n|tier|[Gen 9 Champions] VGC 2026 Reg M-A\n|rated|\n|rule|Species Clause: Limit one of each Pok\u00e9mon\n|rule|Item Clause: Limit 1 of each item\n|clearpoke\n|poke|p1|Chimecho, L50, M|\n|poke|p1|Sneasler, L50, F|\n|poke|p1|Incineroar, L50, M|\n|poke|p1|Maushold-Four, L50|\n|poke|p1|Aerodactyl, L50, M|\n|poke|p1|Milotic, L50, F|\n|poke|p2|Meganium, L50, M|\n|poke|p2|Pelipper, L50, M|\n|poke|p2|Farigiraf, L50, F|\n|poke|p2|Archaludon, L50, M|\n|poke|p2|Klefki, L50, M|\n|poke|p2|Basculegion, L50, M|\n|teampreview|4\nbgc0 rejected open team sheets.\n|inactive|Battle timer is ON: inactive players will automatically lose when time's up. (requested by bgc0)\n|inactive|Bielle Tina has 60 seconds left.\n|\n|t:|1776110044\n|teamsize|p1|4\n|teamsize|p2|4\n|start\n|switch|p1a: Chimecho|Chimecho, L50, M, shiny|100/100\n|switch|p1b: Sneasler|Sneasler, L50, F|100/100\n|switch|p2a: Basculegion|Basculegion, L50, M|100/100\n|switch|p2b: Farigiraf|Farigiraf, L50, F|100/100\n|turn|1\n|\n|t:|1776110061\n|detailschange|p1a: Chimecho|Chimecho-Mega, L50, M, shiny\n|-mega|p1a: Chimecho|Chimecho|Chimechite\n|move|p1b: Sneasler|Coaching|p1a: Chimecho\n|-boost|p1a: Chimecho|atk|1\n|-boost|p1a: Chimecho|def|1\n|move|p2a: Basculegion|Wave Crash|p1a: Chimecho\n|-damage|p1a: Chimecho|54/100\n|-damage|p2a: Basculegion|86/100|[from] Recoil\n|move|p1a: Chimecho|Calm Mind|p1a: Chimecho\n|-boost|p1a: Chimecho|spa|1\n|-boost|p1a: Chimecho|spd|1\n|move|p2b: Farigiraf|Psychic|p1b: Sneasler\n|-supereffective|p1b: Sneasler|2\n|-damage|p1b: Sneasler|0 fnt\n|faint|p1b: Sneasler\n|\n|upkeep\n|\n|t:|1776110078\n|switch|p1b: Incineroar|Incineroar, L50, M|100/100\n|-ability|p1b: Incineroar|Intimidate|boost\n|-unboost|p2a: Basculegion|atk|1\n|-unboost|p2b: Farigiraf|atk|1\n|turn|2\n|\n|t:|1776110097\n|move|p2b: Farigiraf|Protect|p2b: Farigiraf\n|-singleturn|p2b: Farigiraf|Protect\n|move|p2a: Basculegion|Last Respects|p1a: Chimecho\n|-supereffective|p1a: Chimecho|1\n|-damage|p1a: Chimecho|32/100\n|move|p1a: Chimecho|Recover|p1a: Chimecho\n|-heal|p1a: Chimecho|82/100\n|move|p1b: Incineroar|Parting Shot|p2a: Basculegion\n|-unboost|p2a: Basculegion|atk|1\n|-unboost|p2a: Basculegion|spa|1\n|\n|t:|1776110104\n|switch|p1b: Maushold|Maushold-Four, L50|100/100|[from] Parting Shot\n|\n|upkeep\n|turn|3\n|\n|t:|1776110119\n|switch|p2a: Klefki|Klefki, L50, M|100/100\n|switch|p1b: Incineroar|Incineroar, L50, M|100/100\n|-ability|p1b: Incineroar|Intimidate|boost\n|-unboost|p2a: Klefki|atk|1\n|-unboost|p2b: Farigiraf|atk|1\n|move|p1a: Chimecho|Calm Mind|p1a: Chimecho\n|-boost|p1a: Chimecho|spa|1\n|-boost|p1a: Chimecho|spd|1\n|move|p2b: Farigiraf|Trick Room|p2b: Farigiraf\n|-fieldstart|move: Trick Room|[of] p2b: Farigiraf\n|\n|upkeep\n|turn|4\n|\n|t:|1776110141\n|move|p2b: Farigiraf|Protect|p2b: Farigiraf\n|-singleturn|p2b: Farigiraf|Protect\n|move|p2a: Klefki|Rain Dance|p2a: Klefki\n|-weather|RainDance\n|move|p1b: Incineroar|Flare Blitz|p2a: Klefki\n|-supereffective|p2a: Klefki|1\n|-damage|p2a: Klefki|38/100\n|-damage|p1b: Incineroar|84/100|[from] Recoil\n|move|p1a: Chimecho|Stored Power|p2b: Farigiraf\n|-activate|p2b: Farigiraf|move: Protect\n|\n|-weather|RainDance|[upkeep]\n|upkeep\n|turn|5\n|\n|t:|1776110163\n|switch|p1b: Maushold|Maushold-Four, L50|100/100\n|move|p2a: Klefki|Metal Sound|p1a: Chimecho|[miss]\n|-miss|p2a: Klefki|p1a: Chimecho\n|move|p2b: Farigiraf|Hyper Voice|p1b: Maushold|[spread] p1a,p1b\n|-resisted|p1a: Chimecho|1\n|-damage|p1a: Chimecho|77/100\n|-damage|p1b: Maushold|61/100\n|move|p1a: Chimecho|Calm Mind|p1a: Chimecho\n|-boost|p1a: Chimecho|spa|1\n|-boost|p1a: Chimecho|spd|1\n|\n|-weather|RainDance|[upkeep]\n|upkeep\n|turn|6\n|\n|t:|1776110186\n|switch|p2b: Meganium|Meganium, L50, M, shiny|100/100\n|move|p1b: Maushold|Follow Me|p1b: Maushold\n|-singleturn|p1b: Maushold|move: Follow Me\n|move|p2a: Klefki|Metal Sound|p1b: Maushold\n|-unboost|p1b: Maushold|spd|2\n|move|p1a: Chimecho|Stored Power|p2b: Meganium\n|-damage|p2b: Meganium|0 fnt\n|faint|p2b: Meganium\n|\n|-weather|RainDance|[upkeep]\n|upkeep\n|\n|t:|1776110200\n|switch|p2b: Farigiraf|Farigiraf, L50, F|100/100\n|turn|7\n|\n|t:|1776110212\n|move|p1b: Maushold|Protect|p1b: Maushold\n|-singleturn|p1b: Maushold|Protect\n|move|p2b: Farigiraf|Hyper Voice|p1b: Maushold|[spread] p1a\n|-activate|p1b: Maushold|move: Protect\n|-resisted|p1a: Chimecho|1\n|-damage|p1a: Chimecho|74/100\n|move|p2a: Klefki|Dazzling Gleam|p1b: Maushold|[spread] p1a\n|-activate|p1b: Maushold|move: Protect\n|-resisted|p1a: Chimecho|1\n|-damage|p1a: Chimecho|71/100\n|move|p1a: Chimecho|Stored Power|p2a: Klefki\n|-resisted|p2a: Klefki|1\n|-damage|p2a: Klefki|0 fnt\n|faint|p2a: Klefki\n|\n|-weather|RainDance|[upkeep]\n|-fieldend|move: Trick Room\n|upkeep\n|\n|t:|1776110226\n|switch|p2a: Basculegion|Basculegion, L50, M|86/100\n|turn|8\n|\n|t:|1776110233\n|move|p1b: Maushold|Follow Me|p1b: Maushold\n|-singleturn|p1b: Maushold|move: Follow Me\n|move|p2a: Basculegion|Wave Crash|p1b: Maushold\n|-damage|p1b: Maushold|0 fnt\n|faint|p1b: Maushold\n|-damage|p2a: Basculegion|68/100|[from] Recoil\n|move|p1a: Chimecho|Stored Power|p2a: Basculegion\n|-damage|p2a: Basculegion|0 fnt\n|faint|p2a: Basculegion\n|move|p2b: Farigiraf|Hyper Voice|p1a: Chimecho\n|-resisted|p1a: Chimecho|1\n|-damage|p1a: Chimecho|64/100\n|\n|-weather|none\n|upkeep\n|c|\u2606bgc0|gg\n|\n|t:|1776110246\n|switch|p1b: Incineroar|Incineroar, L50, M|84/100\n|-ability|p1b: Incineroar|Intimidate|boost\n|-unboost|p2b: Farigiraf|atk|1\n|turn|9\n|c|\u2606bgc0|can u not forfeit i want to see the damage\n|\n|t:|1776110269\n|move|p1a: Chimecho|Stored Power|p2b: Farigiraf\n|-resisted|p2b: Farigiraf|1\n|-damage|p2b: Farigiraf|11/100\n|-enditem|p2b: Farigiraf|Sitrus Berry|[eat]\n|-heal|p2b: Farigiraf|36/100|[from] item: Sitrus Berry\n|move|p1b: Incineroar|Flare Blitz|p2b: Farigiraf\n|-damage|p2b: Farigiraf|0 fnt\n|faint|p2b: Farigiraf\n|-damage|p1b: Incineroar|72/100|[from] Recoil\n|\n|win|bgc0\n|raw|bgc0's rating: 1300 &rarr; <strong>1326</strong><br />(+26 for winning)\n|raw|Bielle Tina's rating: 1319 &rarr; <strong>1298</strong><br />(-21 for losing)\n|c|\u2606bgc0|ty\n|c|\u2606Bielle Tina|gg\n",
  "uploadtime": 1776110285,
  "views": 43,
  "formatid": "gen9championsvgc2026regma",
  "rating": 1298,
  "private": 0,
  "password": null
}