{
  "id": "gen9championsvgc2026regma-2581315776",
  "format": "[Gen 9 Champions] VGC 2026 Reg M-A",
  "players": [
    "kuytan006",
    "1#MiraidonHater"
  ],
  "log": "|j|\u2606kuytan006\n|j|\u26061#MiraidonHater\n|t:|1775985572\n|gametype|doubles\n|player|p1|kuytan006|rosa|1051\n|player|p2|1#MiraidonHater|169|1121\n|gen|9\n|tier|[Gen 9 Champions] VGC 2026 Reg M-A\n|rated|\n|rule|Species Clause: Limit one of each Pok\u00e9mon\n|rule|Item Clause: Limit 1 of each item\n|clearpoke\n|poke|p1|Feraligatr, L50, M|\n|poke|p1|Meganium, L50, F|\n|poke|p1|Incineroar, L50, F|\n|poke|p1|Charizard, L50, F|\n|poke|p1|Garchomp, L50, M|\n|poke|p1|Maushold-Four, L50|\n|poke|p2|Beedrill, L50, F|\n|poke|p2|Tyranitar, L50, M|\n|poke|p2|Farigiraf, L50, F|\n|poke|p2|Milotic, L50, M|\n|poke|p2|Aerodactyl, L50, F|\n|poke|p2|Excadrill, L50, M|\n|teampreview|4\n|\n|t:|1775985605\n|teamsize|p1|4\n|teamsize|p2|4\n|start\n|switch|p1a: Maushold|Maushold-Four, L50, shiny|100/100\n|switch|p1b: Garchomp|Garchomp, L50, M|100/100\n|switch|p2a: Beedrill|Beedrill, L50, F|100/100\n|switch|p2b: Aerodactyl|Aerodactyl, L50, F|100/100\n|-ability|p2b: Aerodactyl|Unnerve\n|turn|1\n|\n|t:|1775985622\n|detailschange|p2a: Beedrill|Beedrill-Mega, L50, F\n|-mega|p2a: Beedrill|Beedrill|Beedrillite\n|move|p2b: Aerodactyl|Wide Guard|p2b: Aerodactyl\n|-singleturn|p2b: Aerodactyl|Wide Guard\n|move|p1a: Maushold|Follow Me|p1a: Maushold\n|-singleturn|p1a: Maushold|move: Follow Me\n|move|p2a: Beedrill|Fell Stinger|p1a: Maushold\n|-damage|p1a: Maushold|47/100\n|move|p1b: Garchomp|Rock Slide|p2b: Aerodactyl|[spread] \n|-activate|p2a: Beedrill|move: Wide Guard\n|-activate|p2b: Aerodactyl|move: Wide Guard\n|\n|upkeep\n|turn|2\n|\n|t:|1775985644\n|move|p1a: Maushold|Protect|p1a: Maushold\n|-singleturn|p1a: Maushold|Protect\n|move|p2b: Aerodactyl|Wide Guard|p2b: Aerodactyl\n|-singleturn|p2b: Aerodactyl|Wide Guard\n|move|p2a: Beedrill|U-turn|p1a: Maushold\n|-activate|p1a: Maushold|move: Protect\n|move|p1b: Garchomp|Rock Slide|p2b: Aerodactyl|[spread] \n|-activate|p2a: Beedrill|move: Wide Guard\n|-activate|p2b: Aerodactyl|move: Wide Guard\n|\n|upkeep\n|turn|3\n|\n|t:|1775985681\n|move|p1b: Garchomp|Protect|p1b: Garchomp\n|-singleturn|p1b: Garchomp|Protect\n|move|p2b: Aerodactyl|Wide Guard|p2b: Aerodactyl\n|-singleturn|p2b: Aerodactyl|Wide Guard\n|move|p2a: Beedrill|Fell Stinger|p1a: Maushold\n|-damage|p1a: Maushold|0 fnt\n|faint|p1a: Maushold\n|-boost|p2a: Beedrill|atk|3\n|\n|upkeep\n|\n|t:|1775985693\n|switch|p1a: Incineroar|Incineroar, L50, F, shiny|100/100\n|-ability|p1a: Incineroar|Intimidate|boost\n|-unboost|p2a: Beedrill|atk|1\n|-unboost|p2b: Aerodactyl|atk|1\n|turn|4\n|\n|t:|1775985717\n|move|p2b: Aerodactyl|Protect||[still]\n|-fail|p2b: Aerodactyl\n|move|p2a: Beedrill|Protect|p2a: Beedrill\n|-singleturn|p2a: Beedrill|Protect\n|move|p1a: Incineroar|Fake Out|p2b: Aerodactyl\n|-resisted|p2b: Aerodactyl|1\n|-crit|p2b: Aerodactyl\n|-damage|p2b: Aerodactyl|88/100\n|move|p1b: Garchomp|Rock Slide|p2b: Aerodactyl|[spread] p2b\n|-activate|p2a: Beedrill|move: Protect\n|-supereffective|p2b: Aerodactyl|1\n|-damage|p2b: Aerodactyl|25/100\n|\n|upkeep\n|turn|5\n|\n|t:|1775985737\n|switch|p1a: Charizard|Charizard, L50, F, shiny|100/100\n|move|p1b: Garchomp|Protect|p1b: Garchomp\n|-singleturn|p1b: Garchomp|Protect\n|move|p2b: Aerodactyl|Wide Guard|p2b: Aerodactyl\n|-singleturn|p2b: Aerodactyl|Wide Guard\n|move|p2a: Beedrill|Fell Stinger|p1a: Charizard\n|-resisted|p1a: Charizard|2\n|-damage|p1a: Charizard|75/100\n|\n|upkeep\n|turn|6\n|\n|t:|1775985761\n|detailschange|p1a: Charizard|Charizard-Mega-Y, L50, F, shiny\n|-mega|p1a: Charizard|Charizard|Charizardite Y\n|-weather|SunnyDay|[from] ability: Drought|[of] p1a: Charizard\n|move|p2b: Aerodactyl|Wide Guard|p2b: Aerodactyl\n|-singleturn|p2b: Aerodactyl|Wide Guard\n|move|p2a: Beedrill|Poison Jab|p1a: Charizard\n|-damage|p1a: Charizard|0 fnt\n|faint|p1a: Charizard\n|move|p1b: Garchomp|Dragon Claw|p2b: Aerodactyl\n|-damage|p2b: Aerodactyl|0 fnt\n|faint|p2b: Aerodactyl\n|\n|-weather|SunnyDay|[upkeep]\n|upkeep\n|\n|t:|1775985777\n|switch|p2b: Tyranitar|Tyranitar, L50, M|100/100\n|switch|p1a: Incineroar|Incineroar, L50, F, shiny|100/100\n|-ability|p1a: Incineroar|Intimidate|boost\n|-unboost|p2a: Beedrill|atk|1\n|-unboost|p2b: Tyranitar|atk|1\n|-weather|Sandstorm|[from] ability: Sand Stream|[of] p2b: Tyranitar\n|turn|7\n|\n|t:|1775985795\n|switch|p2b: Farigiraf|Farigiraf, L50, F|100/100\n|move|p1a: Incineroar|Fake Out||[still]\n|cant|p2b: Farigiraf|ability: Armor Tail|Fake Out|[of] p1a: Incineroar\n|move|p2a: Beedrill|U-turn|p1a: Incineroar\n|-damage|p1a: Incineroar|27/100\n|\n|t:|1775985802\n|switch|p2a: Tyranitar|Tyranitar, L50, M|100/100|[from] U-turn\n|move|p1b: Garchomp|Rock Slide|p2a: Tyranitar|[spread] p2a,p2b\n|-damage|p2a: Tyranitar|84/100\n|-damage|p2b: Farigiraf|78/100\n|\n|-weather|Sandstorm|[upkeep]\n|-damage|p1a: Incineroar|21/100|[from] Sandstorm\n|-damage|p2b: Farigiraf|72/100|[from] Sandstorm\n|upkeep\n|turn|8\n|\n|t:|1775985820\n|move|p2a: Tyranitar|Protect|p2a: Tyranitar\n|-singleturn|p2a: Tyranitar|Protect\n|move|p1b: Garchomp|Dragon Claw|p2a: Tyranitar\n|-activate|p2a: Tyranitar|move: Protect\n|move|p1a: Incineroar|Throat Chop|p2b: Farigiraf\n|-supereffective|p2b: Farigiraf|1\n|-damage|p2b: Farigiraf|11/100\n|-start|p2b: Farigiraf|Throat Chop|[silent]\n|-enditem|p2b: Farigiraf|Sitrus Berry|[eat]\n|-heal|p2b: Farigiraf|35/100|[from] item: Sitrus Berry\n|move|p2b: Farigiraf|Trick Room|p2b: Farigiraf\n|-fieldstart|move: Trick Room|[of] p2b: Farigiraf\n|\n|-weather|Sandstorm|[upkeep]\n|-damage|p2b: Farigiraf|29/100|[from] Sandstorm\n|-damage|p1a: Incineroar|15/100|[from] Sandstorm\n|upkeep\n|turn|9\n|\n|t:|1775985845\n|move|p2b: Farigiraf|Psychic|p1b: Garchomp\n|-damage|p1b: Garchomp|49/100\n|move|p2a: Tyranitar|Crunch|p1b: Garchomp\n|-damage|p1b: Garchomp|0 fnt\n|-damage|p2a: Tyranitar|72/100|[from] ability: Rough Skin|[of] p1b: Garchomp\n|faint|p1b: Garchomp\n|move|p1a: Incineroar|Throat Chop|p2b: Farigiraf\n|-supereffective|p2b: Farigiraf|1\n|-damage|p2b: Farigiraf|0 fnt\n|faint|p2b: Farigiraf\n|\n|-weather|Sandstorm|[upkeep]\n|-damage|p1a: Incineroar|9/100|[from] Sandstorm\n|upkeep\n|-message|kuytan006 forfeited.\n|\n|win|1#MiraidonHater\n|raw|kuytan006's rating: 1051 &rarr; <strong>1037</strong><br />(-14 for losing)\n|raw|1#MiraidonHater's rating: 1121 &rarr; <strong>1141</strong><br />(+20 for winning)\n|l|\u2606kuytan006\n|player|p1|\n|j| porygon-epilepz\n",
  "uploadtime": 1775985576,
  "views": 18,
  "formatid": "gen9championsvgc2026regma",
  "rating": 1037,
  "private": 0,
  "password": null
}