{
  "id": "gen9championsvgc2026regma-2580958717",
  "format": "[Gen 9 Champions] VGC 2026 Reg M-A",
  "players": [
    "Oh-Look-A-Sailboat",
    "BelloTheBard"
  ],
  "log": "|j|\u2606Oh-Look-A-Sailboat\n|j|\u2606BelloTheBard\n|t:|1775946727\n|gametype|doubles\n|player|p1|Oh-Look-A-Sailboat|101|1049\n|player|p2|BelloTheBard|265|1000\n|gen|9\n|tier|[Gen 9 Champions] VGC 2026 Reg M-A\n|rated|\n|rule|Species Clause: Limit one of each Pok\u00e9mon\n|rule|Item Clause: Limit 1 of each item\n|clearpoke\n|poke|p1|Banette, L50, M|\n|poke|p1|Whimsicott, L50, M|\n|poke|p1|Sneasler, L50, M|\n|poke|p1|Primarina, L50, F|\n|poke|p1|Kingambit, L50, M|\n|poke|p1|Scovillain, L50, M|\n|poke|p2|Mimikyu, L50, M|\n|poke|p2|Hatterene, L50, F|\n|poke|p2|Torkoal, L50, F|\n|poke|p2|Golurk, L50|\n|poke|p2|Drampa, L50, M|\n|poke|p2|Farigiraf, L50, F|\n|teampreview|4\n|inactive|Battle timer is ON: inactive players will automatically lose when time's up. (requested by Oh-Look-A-Sailboat)\n|inactive|BelloTheBard has 60 seconds left.\n|inactive|Oh-Look-A-Sailboat has 60 seconds left.\n|\n|t:|1775946780\n|teamsize|p1|4\n|teamsize|p2|4\n|start\n|switch|p1a: Banette|Banette, L50, M|100/100\n|switch|p1b: Sneasler|Sneasler, L50, M|100/100\n|switch|p2a: Golurk|Golurk, L50|100/100\n|switch|p2b: Torkoal|Torkoal, L50, F|100/100\n|-item|p2a: Golurk|Golurkite|[from] ability: Frisk|[of] p1a: Banette\n|-item|p2b: Torkoal|Charcoal|[from] ability: Frisk|[of] p1a: Banette\n|-weather|SunnyDay|[from] ability: Drought|[of] p2b: Torkoal\n|turn|1\n|inactive|Oh-Look-A-Sailboat has 30 seconds left.\n|inactive|BelloTheBard has 30 seconds left.\n|inactive|Oh-Look-A-Sailboat has 20 seconds left.\n|inactive|BelloTheBard has 20 seconds left.\n|inactive|Oh-Look-A-Sailboat has 15 seconds left.\n|\n|t:|1775946823\n|detailschange|p1a: Banette|Banette-Mega, L50, M\n|-mega|p1a: Banette|Banette|Banettite\n|move|p2a: Golurk|Protect|p2a: Golurk\n|-singleturn|p2a: Golurk|Protect\n|move|p1b: Sneasler|Coaching|p1a: Banette\n|-boost|p1a: Banette|atk|1\n|-boost|p1a: Banette|def|1\n|move|p1a: Banette|Poltergeist|p2a: Golurk\n|-activate|p2a: Golurk|move: Protect\n|move|p2b: Torkoal|Earth Power|p1b: Sneasler\n|-supereffective|p1b: Sneasler|1\n|-damage|p1b: Sneasler|41/100\n|\n|-weather|SunnyDay|[upkeep]\n|upkeep\n|turn|2\n|\n|t:|1775946844\n|switch|p2a: Farigiraf|Farigiraf, L50, F|100/100\n|move|p1b: Sneasler|Close Combat|p2b: Torkoal\n|-damage|p2b: Torkoal|53/100\n|-unboost|p1b: Sneasler|def|1\n|-unboost|p1b: Sneasler|spd|1\n|-enditem|p1b: Sneasler|White Herb\n|-clearnegativeboost|p1b: Sneasler|[silent]\n|move|p1a: Banette|Poltergeist|p2a: Farigiraf\n|-immune|p2a: Farigiraf\n|move|p2b: Torkoal|Earth Power|p1b: Sneasler\n|-supereffective|p1b: Sneasler|1\n|-damage|p1b: Sneasler|0 fnt\n|faint|p1b: Sneasler\n|\n|-weather|SunnyDay|[upkeep]\n|upkeep\n|\n|t:|1775946860\n|switch|p1b: Kingambit|Kingambit, L50, M|100/100\n|turn|3\n|\n|t:|1775946879\n|move|p1a: Banette|Poltergeist|p2b: Torkoal\n|-activate|p2b: Torkoal|move: Poltergeist|Charcoal\n|-damage|p2b: Torkoal|0 fnt\n|faint|p2b: Torkoal\n|move|p1b: Kingambit|Kowtow Cleave|p2a: Farigiraf\n|-supereffective|p2a: Farigiraf|1\n|-damage|p2a: Farigiraf|20/100\n|-enditem|p2a: Farigiraf|Sitrus Berry|[eat]\n|-heal|p2a: Farigiraf|45/100|[from] item: Sitrus Berry\n|move|p2a: Farigiraf|Trick Room|p2a: Farigiraf\n|-fieldstart|move: Trick Room|[of] p2a: Farigiraf\n|\n|-weather|SunnyDay|[upkeep]\n|upkeep\n|inactive|BelloTheBard has 30 seconds left.\n|\n|t:|1775946906\n|switch|p2b: Golurk|Golurk, L50|100/100\n|turn|4\n|\n|t:|1775946924\n|move|p1a: Banette|Protect|p1a: Banette\n|-singleturn|p1a: Banette|Protect\n|move|p1b: Kingambit|Protect|p1b: Kingambit\n|-singleturn|p1b: Kingambit|Protect\n|move|p2b: Golurk|Headlong Rush|p1b: Kingambit\n|-activate|p1b: Kingambit|move: Protect\n|move|p2a: Farigiraf|Foul Play|p1a: Banette\n|-activate|p1a: Banette|move: Protect\n|\n|-weather|SunnyDay|[upkeep]\n|upkeep\n|turn|5\n|\n|t:|1775946952\n|switch|p1a: Primarina|Primarina, L50, F|100/100\n|move|p1b: Kingambit|Kowtow Cleave|p2a: Farigiraf\n|-supereffective|p2a: Farigiraf|1\n|-damage|p2a: Farigiraf|0 fnt\n|faint|p2a: Farigiraf\n|move|p2b: Golurk|Headlong Rush|p1b: Kingambit\n|-supereffective|p1b: Kingambit|1\n|-damage|p1b: Kingambit|0 fnt\n|-unboost|p2b: Golurk|def|1\n|-unboost|p2b: Golurk|spd|1\n|faint|p1b: Kingambit\n|\n|-weather|none\n|upkeep\n|\n|t:|1775946965\n|switch|p1b: Banette|Banette-Mega, L50, M|100/100\n|switch|p2a: Drampa|Drampa, L50, M|100/100\n|-ability|p2a: Drampa|Cloud Nine\n|turn|6\n|\n|t:|1775946984\n|detailschange|p2b: Golurk|Golurk-Mega, L50\n|-mega|p2b: Golurk|Golurk|Golurkite\n|move|p1b: Banette|Protect|p1b: Banette\n|-singleturn|p1b: Banette|Protect\n|move|p2a: Drampa|Protect|p2a: Drampa\n|-singleturn|p2a: Drampa|Protect\n|move|p2b: Golurk|Poltergeist|p1b: Banette\n|-activate|p1b: Banette|move: Protect\n|move|p1a: Primarina|Calm Mind|p1a: Primarina\n|-boost|p1a: Primarina|spa|1\n|-boost|p1a: Primarina|spd|1\n|\n|upkeep\n|turn|7\n|inactive|Oh-Look-A-Sailboat has 30 seconds left.\n|\n|t:|1775947015\n|move|p1a: Primarina|Protect|p1a: Primarina\n|-singleturn|p1a: Primarina|Protect\n|move|p1b: Banette|Disable|p2b: Golurk\n|-start|p2b: Golurk|Disable|Poltergeist\n|move|p2a: Drampa|Hyper Voice|p1a: Primarina|[spread] \n|-activate|p1a: Primarina|move: Protect\n|-immune|p1b: Banette\n|cant|p2b: Golurk|Disable|Poltergeist\n|\n|-fieldend|move: Trick Room\n|upkeep\n|turn|8\n|-message|BelloTheBard forfeited.\n|\n|win|Oh-Look-A-Sailboat\n|raw|Oh-Look-A-Sailboat's rating: 1049 &rarr; <strong>1077</strong><br />(+28 for winning)\n|raw|BelloTheBard's rating: 1000 &rarr; <strong>1000</strong><br />(+0 for losing)\n|l|\u2606BelloTheBard\n|player|p2|\n",
  "uploadtime": 1775947621,
  "views": 19,
  "formatid": "gen9championsvgc2026regma",
  "rating": 1000,
  "private": 0,
  "password": null
}