{
  "id": "gen9championsvgc2026regma-2580585466",
  "format": "[Gen 9 Champions] VGC 2026 Reg M-A",
  "players": [
    "lufox2.0",
    "Dctseff"
  ],
  "log": "|j|\u2606lufox2.0\n|j|\u2606Dctseff\n|t:|1775915488\n|gametype|doubles\n|player|p1|lufox2.0|n|1000\n|player|p2|Dctseff|wallace|1032\n|gen|9\n|tier|[Gen 9 Champions] VGC 2026 Reg M-A\n|rated|\n|rule|Species Clause: Limit one of each Pok\u00e9mon\n|rule|Item Clause: Limit 1 of each item\n|clearpoke\n|poke|p1|Glimmora, L50, F|\n|poke|p1|Dragapult, L50, F|\n|poke|p1|Incineroar, L50, M|\n|poke|p1|Whimsicott, L50, M|\n|poke|p1|Aerodactyl, L50, F|\n|poke|p1|Alakazam, L50, F|\n|poke|p2|Garchomp, L50, M|\n|poke|p2|Araquanid, L50, F|\n|poke|p2|Kingambit, L50, M|\n|poke|p2|Venusaur, L50, F|\n|poke|p2|Torkoal, L50, M|\n|poke|p2|Clefable, L50, F|\n|teampreview|4\n|inactive|Battle timer is ON: inactive players will automatically lose when time's up. (requested by lufox2.0)\n|inactive|Dctseff also wants the timer to be on.\n|inactive|lufox2.0 has 60 seconds left.\nDctseff has agreed to open team sheets.\n|inactive|lufox2.0 has 30 seconds left.\n|\n|t:|1775915552\n|teamsize|p1|4\n|teamsize|p2|4\n|start\n|switch|p1a: Whimsicott|Whimsicott, L50, M|100/100\n|switch|p1b: Incineroar|Incineroar, L50, M|100/100\n|switch|p2a: Torkoal|Torkoal, L50, M|100/100\n|switch|p2b: Venusaur|Venusaur, L50, F|100/100\n|-ability|p1b: Incineroar|Intimidate|boost\n|-unboost|p2a: Torkoal|atk|1\n|-unboost|p2b: Venusaur|atk|1\n|-weather|SunnyDay|[from] ability: Drought|[of] p2a: Torkoal\n|turn|1\n|\n|t:|1775915570\n|switch|p2a: Kingambit|Kingambit, L50, M|100/100\n|move|p1b: Incineroar|Fake Out|p2a: Kingambit\n|-resisted|p2a: Kingambit|1\n|-damage|p2a: Kingambit|96/100\n|move|p1a: Whimsicott|Tailwind|p1a: Whimsicott\n|-sidestart|p1: lufox2.0|move: Tailwind\n|move|p2b: Venusaur|Sleep Powder|p1b: Incineroar\n|-status|p1b: Incineroar|slp|[from] move: Sleep Powder\n|\n|-weather|SunnyDay|[upkeep]\n|upkeep\n|turn|2\n|\n|t:|1775915595\n|switch|p1b: Aerodactyl|Aerodactyl, L50, F|100/100\n|move|p1a: Whimsicott|Protect|p1a: Whimsicott\n|-singleturn|p1a: Whimsicott|Protect\n|move|p2b: Venusaur|Sludge Bomb|p1a: Whimsicott\n|-activate|p1a: Whimsicott|move: Protect\n|move|p2a: Kingambit|Swords Dance|p2a: Kingambit\n|-boost|p2a: Kingambit|atk|2\n|\n|-weather|SunnyDay|[upkeep]\n|upkeep\n|turn|3\n|inactive|lufox2.0 has 30 seconds left.\n|inactive|lufox2.0 has 20 seconds left.\n|inactive|lufox2.0 has 15 seconds left.\n|\n|t:|1775915637\n|switch|p1a: Incineroar|Incineroar, L50, M|100/100 slp\n|-ability|p1a: Incineroar|Intimidate|boost\n|-unboost|p2a: Kingambit|atk|1\n|-ability|p2a: Kingambit|Defiant|boost\n|-boost|p2a: Kingambit|atk|2\n|-unboost|p2b: Venusaur|atk|1\n|detailschange|p1b: Aerodactyl|Aerodactyl-Mega, L50, F\n|-mega|p1b: Aerodactyl|Aerodactyl|Aerodactylite\n|move|p2a: Kingambit|Protect|p2a: Kingambit\n|-singleturn|p2a: Kingambit|Protect\n|move|p1b: Aerodactyl|Dual Wingbeat|p2b: Venusaur\n|-supereffective|p2b: Venusaur|1\n|-damage|p2b: Venusaur|47/100\n|-supereffective|p2b: Venusaur|1\n|-damage|p2b: Venusaur|0 fnt\n|faint|p2b: Venusaur\n|-hitcount|p2: Venusaur|2\n|\n|-weather|SunnyDay|[upkeep]\n|upkeep\n|\n|t:|1775915652\n|switch|p2b: Torkoal|Torkoal, L50, M|100/100\n|turn|4\n|\n|t:|1775915661\n|switch|p1a: Alakazam|Alakazam, L50, F|100/100\n|move|p2a: Kingambit|Sucker Punch|p1b: Aerodactyl\n|-damage|p1b: Aerodactyl|0 fnt\n|faint|p1b: Aerodactyl\n|move|p2b: Torkoal|Body Press|p1a: Alakazam\n|-resisted|p1a: Alakazam|1\n|-damage|p1a: Alakazam|58/100\n|\n|-weather|SunnyDay|[upkeep]\n|-sideend|p1: lufox2.0|move: Tailwind\n|upkeep\n|\n|t:|1775915670\n|switch|p1b: Whimsicott|Whimsicott, L50, M|100/100\n|turn|5\n|\n|t:|1775915689\n|move|p1b: Whimsicott|Protect|p1b: Whimsicott\n|-singleturn|p1b: Whimsicott|Protect\n|move|p2a: Kingambit|Sucker Punch||[still]\n|-fail|p2a: Kingambit\n|move|p1a: Alakazam|Disable|p2a: Kingambit\n|-start|p2a: Kingambit|Disable|Sucker Punch\n|move|p2b: Torkoal|Eruption|p1b: Whimsicott|[spread] p1a\n|-activate|p1b: Whimsicott|move: Protect\n|-damage|p1a: Alakazam|0 fnt\n|faint|p1a: Alakazam\n|\n|-weather|none\n|upkeep\n|\n|t:|1775915700\n|switch|p1a: Incineroar|Incineroar, L50, M|100/100 slp\n|-ability|p1a: Incineroar|Intimidate|boost\n|-unboost|p2a: Kingambit|atk|1\n|-ability|p2a: Kingambit|Defiant|boost\n|-boost|p2a: Kingambit|atk|2\n|-unboost|p2b: Torkoal|atk|1\n|turn|6\n|\n|t:|1775915716\n|switch|p2b: Clefable|Clefable, L50, F|100/100\n|move|p1b: Whimsicott|Tailwind|p1b: Whimsicott\n|-sidestart|p1: lufox2.0|move: Tailwind\n|cant|p1a: Incineroar|slp\n|move|p2a: Kingambit|Kowtow Cleave|p1b: Whimsicott\n|-resisted|p1b: Whimsicott|1\n|-damage|p1b: Whimsicott|15/100\n|\n|upkeep\n|turn|7\n|\n|t:|1775915730\n|move|p1b: Whimsicott|Protect|p1b: Whimsicott\n|-singleturn|p1b: Whimsicott|Protect\n|move|p2a: Kingambit|Protect|p2a: Kingambit\n|-singleturn|p2a: Kingambit|Protect\n|cant|p1a: Incineroar|slp\n|move|p2b: Clefable|Knock Off|p1a: Incineroar\n|-resisted|p1a: Incineroar|1\n|-damage|p1a: Incineroar|94/100 slp\n|-enditem|p1a: Incineroar|Black Glasses|[from] move: Knock Off|[of] p2b: Clefable\n|\n|upkeep\n|turn|8\n|\n|t:|1775915754\n|move|p2b: Clefable|Follow Me|p2b: Clefable\n|-singleturn|p2b: Clefable|move: Follow Me\n|move|p1b: Whimsicott|Leech Seed|p2b: Clefable\n|-start|p2b: Clefable|move: Leech Seed\n|-curestatus|p1a: Incineroar|slp|[msg]\n|move|p1a: Incineroar|Flare Blitz|p2b: Clefable\n|-damage|p2b: Clefable|51/100\n|-damage|p1a: Incineroar|77/100|[from] Recoil\n|move|p2a: Kingambit|Kowtow Cleave|p1a: Incineroar\n|-resisted|p1a: Incineroar|1\n|-crit|p1a: Incineroar\n|-damage|p1a: Incineroar|0 fnt\n|faint|p1a: Incineroar\n|\n|-damage|p2b: Clefable|39/100|[from] Leech Seed|[of] p1b: Whimsicott\n|-heal|p1b: Whimsicott|32/100|[silent]\n|upkeep\n|-enditem|p2b: Clefable|Sitrus Berry|[eat]\n|-heal|p2b: Clefable|64/100|[from] item: Sitrus Berry\n|turn|9\n|\n|t:|1775915770\n|move|p1b: Whimsicott|Protect|p1b: Whimsicott\n|-singleturn|p1b: Whimsicott|Protect\n|move|p2b: Clefable|Knock Off|p1b: Whimsicott\n|-activate|p1b: Whimsicott|move: Protect\n|move|p2a: Kingambit|Kowtow Cleave|p1b: Whimsicott\n|-activate|p1b: Whimsicott|move: Protect\n|\n|-damage|p2b: Clefable|51/100|[from] Leech Seed|[of] p1b: Whimsicott\n|-heal|p1b: Whimsicott|50/100|[silent]\n|-end|p2a: Kingambit|Disable\n|-sideend|p1: lufox2.0|move: Tailwind\n|upkeep\n|turn|10\n|\n|t:|1775915786\n|move|p1b: Whimsicott|Moonblast|p2b: Clefable\n|-damage|p2b: Clefable|26/100\n|move|p2b: Clefable|Moonblast|p1b: Whimsicott\n|-damage|p1b: Whimsicott|0 fnt\n|faint|p1b: Whimsicott\n|\n|win|Dctseff\n|raw|lufox2.0's rating: 1000 &rarr; <strong>1000</strong><br />(+0 for losing)\n|raw|Dctseff's rating: 1032 &rarr; <strong>1064</strong><br />(+32 for winning)\n",
  "uploadtime": 1775915790,
  "views": 12,
  "formatid": "gen9championsvgc2026regma",
  "rating": 1000,
  "private": 0,
  "password": null
}