{
  "id": "gen9championsvgc2026regma-2584242512",
  "format": "[Gen 9 Champions] VGC 2026 Reg M-A",
  "players": [
    "Maelcito420",
    "EnbyFlavoredSparky"
  ],
  "log": "|j|\u2606Maelcito420\n|j|\u2606EnbyFlavoredSparky\n|t:|1776242343\n|gametype|doubles\n|player|p1|Maelcito420|2|1296\n|player|p2|EnbyFlavoredSparky|lillie-masters2|1277\n|gen|9\n|tier|[Gen 9 Champions] VGC 2026 Reg M-A\n|rated|\n|rule|Species Clause: Limit one of each Pok\u00e9mon\n|rule|Item Clause: Limit 1 of each item\n|clearpoke\n|poke|p1|Pelipper, L50, F|\n|poke|p1|Basculegion, L50, M|\n|poke|p1|Archaludon, L50, M|\n|poke|p1|Raichu, L50, F|\n|poke|p1|Incineroar, L50, F|\n|poke|p1|Gardevoir, L50, F|\n|poke|p2|Delphox, L50, F|\n|poke|p2|Whimsicott, L50, F|\n|poke|p2|Incineroar, L50, M|\n|poke|p2|Ninetales, L50, M|\n|poke|p2|Sneasler, L50, F|\n|poke|p2|Orthworm, L50, F|\n|teampreview|4\n|inactive|Battle timer is ON: inactive players will automatically lose when time's up. (requested by EnbyFlavoredSparky)\n|inactive|EnbyFlavoredSparky has 60 seconds left.\n|\n|t:|1776242390\n|teamsize|p1|4\n|teamsize|p2|4\n|start\n|switch|p1a: Pelipper|Pelipper, L50, F|100/100\n|switch|p1b: Basculegion|Basculegion, L50, M|100/100\n|switch|p2a: Sneasler|Sneasler, L50, F|100/100\n|switch|p2b: Orthworm|Orthworm, L50, F|100/100\n|-weather|RainDance|[from] ability: Drizzle|[of] p1a: Pelipper\n|turn|1\n|inactive|Maelcito420 has 30 seconds left.\n|\n|t:|1776242415\n|switch|p1b: Archaludon|Archaludon, L50, M|100/100\n|move|p2a: Sneasler|Fake Out|p1a: Pelipper\n|-damage|p1a: Pelipper|82/100\n|cant|p1a: Pelipper|flinch\n|move|p2b: Orthworm|Shed Tail|p2b: Orthworm\n|-start|p2b: Orthworm|Substitute|[from] move: Shed Tail\n|-damage|p2b: Orthworm|50/100\n|\n|t:|1776242430\n|switch|p2b: Delphox|Delphox, L50, F|100/100|[from] Shed Tail\n|\n|-weather|RainDance|[upkeep]\n|upkeep\n|turn|2\n|\n|t:|1776242445\n|switch|p2a: Ninetales|Ninetales, L50, M|100/100\n|-weather|SunnyDay|[from] ability: Drought|[of] p2a: Ninetales\n|detailschange|p2b: Delphox|Delphox-Mega, L50, F\n|-mega|p2b: Delphox|Delphox|Delphoxite\n|move|p2b: Delphox|Nasty Plot|p2b: Delphox\n|-boost|p2b: Delphox|spa|2\n|move|p1b: Archaludon|Snarl|p2a: Ninetales|[spread] p2a,p2b\n|-supereffective|p2b: Delphox|1\n|-damage|p2a: Ninetales|87/100\n|-damage|p2b: Delphox|75/100\n|-unboost|p2a: Ninetales|spa|1\n|-unboost|p2b: Delphox|spa|1\n|move|p1a: Pelipper|Weather Ball|p2b: Delphox\n|-resisted|p2b: Delphox|1\n|-activate|p2b: Delphox|move: Substitute|[damage]\n|\n|-weather|SunnyDay|[upkeep]\n|upkeep\n|turn|3\n|\n|t:|1776242467\n|move|p2a: Ninetales|Helping Hand|p2b: Delphox\n|-singleturn|p2b: Delphox|Helping Hand|[of] p2a: Ninetales\n|move|p2b: Delphox|Heat Wave|p1b: Archaludon|[spread] p1a\n|-miss|p2b: Delphox|p1b: Archaludon\n|-resisted|p1a: Pelipper|1\n|-damage|p1a: Pelipper|7/100\n|-status|p1a: Pelipper|brn\n|move|p1b: Archaludon|Snarl|p2b: Delphox|[spread] p2a,p2b\n|-supereffective|p2b: Delphox|1\n|-damage|p2a: Ninetales|73/100\n|-damage|p2b: Delphox|48/100\n|-unboost|p2a: Ninetales|spa|1\n|-unboost|p2b: Delphox|spa|1\n|move|p1a: Pelipper|Tailwind|p1a: Pelipper\n|-sidestart|p1: Maelcito420|move: Tailwind\n|\n|-weather|SunnyDay|[upkeep]\n|-damage|p1a: Pelipper|1/100 brn|[from] brn\n|upkeep\n|turn|4\n|\n|t:|1776242487\n|switch|p1a: Gardevoir|Gardevoir, L50, F|100/100\n|move|p2b: Delphox|Protect|p2b: Delphox\n|-singleturn|p2b: Delphox|Protect\n|move|p1b: Archaludon|Snarl|p2a: Ninetales|[spread] p2a\n|-activate|p2b: Delphox|move: Protect\n|-damage|p2a: Ninetales|60/100\n|-unboost|p2a: Ninetales|spa|1\n|move|p2a: Ninetales|Heat Wave|p1a: Gardevoir|[spread] p1a,p1b\n|-damage|p1a: Gardevoir|86/100\n|-damage|p1b: Archaludon|90/100\n|-status|p1a: Gardevoir|brn\n|-activate|p1a: Gardevoir|ability: Synchronize\n|-immune|p2a: Ninetales\n|-ability|p1b: Archaludon|Stamina|boost\n|-boost|p1b: Archaludon|def|1\n|\n|-weather|SunnyDay|[upkeep]\n|-heal|p1b: Archaludon|96/100|[from] item: Leftovers\n|-damage|p1a: Gardevoir|80/100 brn|[from] brn\n|upkeep\n|turn|5\n|inactive|Maelcito420 has 30 seconds left.\n|\n|t:|1776242515\n|detailschange|p1a: Gardevoir|Gardevoir-Mega, L50, F\n|-mega|p1a: Gardevoir|Gardevoir|Gardevoirite\n|move|p2a: Ninetales|Helping Hand|p2b: Delphox\n|-singleturn|p2b: Delphox|Helping Hand|[of] p2a: Ninetales\n|move|p1a: Gardevoir|Hyper Voice|p2a: Ninetales|[spread] p2a,p2b\n|-resisted|p2a: Ninetales|1\n|-crit|p2a: Ninetales\n|-resisted|p2b: Delphox|1\n|-damage|p2a: Ninetales|25/100\n|-damage|p2b: Delphox|25/100\n|move|p1b: Archaludon|Snarl|p2b: Delphox|[spread] p2a,p2b\n|-supereffective|p2b: Delphox|1\n|-damage|p2a: Ninetales|13/100\n|-damage|p2b: Delphox|1/100\n|-unboost|p2a: Ninetales|spa|1\n|-unboost|p2b: Delphox|spa|1\n|move|p2b: Delphox|Heat Wave|p1b: Archaludon|[spread] p1a,p1b\n|-damage|p1a: Gardevoir|23/100 brn\n|-damage|p1b: Archaludon|36/100\n|-ability|p1b: Archaludon|Stamina|boost\n|-boost|p1b: Archaludon|def|1\n|\n|-weather|SunnyDay|[upkeep]\n|-heal|p1b: Archaludon|42/100|[from] item: Leftovers\n|-damage|p1a: Gardevoir|17/100 brn|[from] brn\n|upkeep\n|turn|6\n|\n|t:|1776242537\n|move|p2b: Delphox|Protect|p2b: Delphox\n|-singleturn|p2b: Delphox|Protect\n|move|p1a: Gardevoir|Hyper Voice|p2a: Ninetales|[spread] p2a\n|-activate|p2b: Delphox|move: Protect\n|-resisted|p2a: Ninetales|1\n|-damage|p2a: Ninetales|0 fnt\n|faint|p2a: Ninetales\n|move|p1b: Archaludon|Snarl|p2b: Delphox\n|-activate|p2b: Delphox|move: Protect\n|\n|-weather|none\n|-heal|p1b: Archaludon|48/100|[from] item: Leftovers\n|-damage|p1a: Gardevoir|11/100 brn|[from] brn\n|-sideend|p1: Maelcito420|move: Tailwind\n|upkeep\n|\n|t:|1776242546\n|switch|p2a: Sneasler|Sneasler, L50, F|100/100\n|turn|7\n|\n|t:|1776242563\n|switch|p1a: Pelipper|Pelipper, L50, F|1/100 brn\n|-weather|RainDance|[from] ability: Drizzle|[of] p1a: Pelipper\n|move|p2b: Delphox|Heat Wave|p1b: Archaludon|[spread] p1a,p1b\n|-resisted|p1a: Pelipper|1\n|-damage|p1a: Pelipper|0 fnt\n|-damage|p1b: Archaludon|36/100\n|-ability|p1b: Archaludon|Stamina|boost\n|-boost|p1b: Archaludon|def|1\n|faint|p1a: Pelipper\n|move|p2a: Sneasler|Close Combat|p1b: Archaludon\n|-supereffective|p1b: Archaludon|1\n|-crit|p1b: Archaludon\n|-damage|p1b: Archaludon|0 fnt\n|-unboost|p2a: Sneasler|def|1\n|-unboost|p2a: Sneasler|spd|1\n|faint|p1b: Archaludon\n|-enditem|p2a: Sneasler|White Herb\n|-clearnegativeboost|p2a: Sneasler|[silent]\n|\n|-weather|RainDance|[upkeep]\n|upkeep\n|\n|t:|1776242580\n|switch|p1b: Basculegion|Basculegion, L50, M|100/100\n|switch|p1a: Gardevoir|Gardevoir-Mega, L50, F|11/100 brn\n|turn|8\n|\n|t:|1776242594\n|move|p2a: Sneasler|Protect|p2a: Sneasler\n|-singleturn|p2a: Sneasler|Protect\n|move|p2b: Delphox|Protect|p2b: Delphox\n|-singleturn|p2b: Delphox|Protect\n|move|p1b: Basculegion|Wave Crash|p2a: Sneasler\n|-activate|p2a: Sneasler|move: Protect\n|move|p1a: Gardevoir|Hyper Voice|p2a: Sneasler|[spread] \n|-activate|p2a: Sneasler|move: Protect\n|-activate|p2b: Delphox|move: Protect\n|\n|-weather|RainDance|[upkeep]\n|-damage|p1a: Gardevoir|5/100 brn|[from] brn\n|upkeep\n|turn|9\n|\n|t:|1776242609\n|move|p2a: Sneasler|Dire Claw|p1a: Gardevoir\n|-supereffective|p1a: Gardevoir|1\n|-damage|p1a: Gardevoir|0 fnt\n|faint|p1a: Gardevoir\n|move|p1b: Basculegion|Wave Crash|p2a: Sneasler\n|-damage|p2a: Sneasler|0 fnt\n|faint|p2a: Sneasler\n|-damage|p1b: Basculegion|74/100|[from] Recoil\n|move|p2b: Delphox|Psychic|p1b: Basculegion\n|-damage|p1b: Basculegion|32/100\n|\n|-weather|RainDance|[upkeep]\n|upkeep\n|\n|t:|1776242619\n|switch|p2a: Orthworm|Orthworm, L50, F|50/100\n|turn|10\n|\n|t:|1776242625\n|move|p1b: Basculegion|Aqua Jet|p2b: Delphox\n|-supereffective|p2b: Delphox|1\n|-end|p2b: Delphox|Substitute\n|move|p2b: Delphox|Psychic|p1b: Basculegion\n|-damage|p1b: Basculegion|0 fnt\n|faint|p1b: Basculegion\n|\n|win|EnbyFlavoredSparky\n|raw|Maelcito420's rating: 1296 &rarr; <strong>1270</strong><br />(-26 for losing)\n|raw|EnbyFlavoredSparky's rating: 1277 &rarr; <strong>1303</strong><br />(+26 for winning)\n|l|\u2606Maelcito420\n|player|p1|\n",
  "uploadtime": 1776242632,
  "views": 28,
  "formatid": "gen9championsvgc2026regma",
  "rating": 1270,
  "private": 0,
  "password": null
}