{
  "id": "gen9championsvgc2026regma-2581851610",
  "format": "[Gen 9 Champions] VGC 2026 Reg M-A",
  "players": [
    "xBabis_",
    "donsamuel"
  ],
  "log": "|j|\u2606xBabis_\n|j|\u2606donsamuel\n|t:|1776033697\n|gametype|doubles\n|player|p1|xBabis_|170|1013\n|player|p2|donsamuel|drayden|1067\n|gen|9\n|tier|[Gen 9 Champions] VGC 2026 Reg M-A\n|rated|\n|rule|Species Clause: Limit one of each Pok\u00e9mon\n|rule|Item Clause: Limit 1 of each item\n|clearpoke\n|poke|p1|Feraligatr, L50, F|\n|poke|p1|Empoleon, L50, F|\n|poke|p1|Rotom-Wash, L50|\n|poke|p1|Garchomp, L50, M|\n|poke|p1|Talonflame, L50, M|\n|poke|p1|Clefable, L50, F|\n|poke|p2|Starmie, L50|\n|poke|p2|Sinistcha, L50|\n|poke|p2|Incineroar, L50, M|\n|poke|p2|Maushold-Four, L50|\n|poke|p2|Garchomp, L50, M|\n|poke|p2|Aerodactyl, L50, F|\n|teampreview|4\n|\n|t:|1776033739\n|teamsize|p1|4\n|teamsize|p2|4\n|start\n|switch|p1a: Empoleon|Empoleon, L50, F|100/100\n|switch|p1b: Feraligatr|Feraligatr, L50, F|100/100\n|switch|p2a: Starmie|Starmie, L50|100/100\n|switch|p2b: Garchomp|Garchomp, L50, M|100/100\n|turn|1\n|\n|t:|1776033771\n|detailschange|p2a: Starmie|Starmie-Mega, L50\n|-mega|p2a: Starmie|Starmie|Starminite\n|move|p2b: Garchomp|Protect|p2b: Garchomp\n|-singleturn|p2b: Garchomp|Protect\n|move|p1b: Feraligatr|Protect|p1b: Feraligatr\n|-singleturn|p1b: Feraligatr|Protect\n|move|p2a: Starmie|Skill Swap|p2b: Garchomp\n|-activate|p2b: Garchomp|move: Protect\n|move|p1a: Empoleon|Icy Wind|p2a: Starmie|[spread] p2a\n|-activate|p2b: Garchomp|move: Protect\n|-resisted|p2a: Starmie|1\n|-damage|p2a: Starmie|96/100\n|-unboost|p2a: Starmie|spe|1\n|\n|upkeep\n|turn|2\n|\n|t:|1776033806\n|move|p2a: Starmie|Protect|p2a: Starmie\n|-singleturn|p2a: Starmie|Protect\n|move|p2b: Garchomp|Earthquake|p1b: Feraligatr|[spread] p1a,p1b\n|-activate|p2a: Starmie|move: Protect\n|-supereffective|p1a: Empoleon|1\n|-damage|p1a: Empoleon|31/100\n|-damage|p1b: Feraligatr|58/100\n|move|p1b: Feraligatr|Swords Dance|p1b: Feraligatr\n|-boost|p1b: Feraligatr|atk|2\n|move|p1a: Empoleon|Icy Wind|p2a: Starmie|[spread] p2b\n|-activate|p2a: Starmie|move: Protect\n|-supereffective|p2b: Garchomp|2\n|-damage|p2b: Garchomp|57/100\n|-unboost|p2b: Garchomp|spe|1\n|-enditem|p2b: Garchomp|White Herb\n|-clearnegativeboost|p2b: Garchomp|[silent]\n|\n|-heal|p1a: Empoleon|37/100|[from] item: Leftovers\n|upkeep\n|turn|3\n|\n|t:|1776033851\n|switch|p2a: Sinistcha|Sinistcha, L50|100/100\n|-heal|p2b: Garchomp|82/100|[from] ability: Hospitality|[of] p2a: Sinistcha\n|detailschange|p1b: Feraligatr|Feraligatr-Mega, L50, F\n|-mega|p1b: Feraligatr|Feraligatr|Feraligite\n|move|p2b: Garchomp|Protect|p2b: Garchomp\n|-singleturn|p2b: Garchomp|Protect\n|move|p1a: Empoleon|Protect|p1a: Empoleon\n|-singleturn|p1a: Empoleon|Protect\n|move|p1b: Feraligatr|Body Slam|p2a: Sinistcha\n|-damage|p2a: Sinistcha|0 fnt\n|faint|p2a: Sinistcha\n|\n|-heal|p1a: Empoleon|43/100|[from] item: Leftovers\n|upkeep\n|\n|t:|1776033868\n|switch|p2a: Maushold|Maushold-Four, L50|100/100\n|turn|4\n|\n|t:|1776033901\n|switch|p1a: Talonflame|Talonflame, L50, M|100/100\n|move|p2b: Garchomp|Protect|p2b: Garchomp\n|-singleturn|p2b: Garchomp|Protect\n|move|p1b: Feraligatr|Protect|p1b: Feraligatr\n|-singleturn|p1b: Feraligatr|Protect\n|move|p2a: Maushold|Population Bomb|p1b: Feraligatr\n|-activate|p1b: Feraligatr|move: Protect\n|\n|upkeep\n|turn|5\n|\n|t:|1776033925\n|move|p2a: Maushold|Follow Me|p2a: Maushold\n|-singleturn|p2a: Maushold|move: Follow Me\n|move|p1a: Talonflame|Tailwind|p1a: Talonflame\n|-sidestart|p1: xBabis_|move: Tailwind\n|move|p1b: Feraligatr|Body Slam|p2a: Maushold\n|-enditem|p2a: Maushold|Focus Sash\n|-damage|p2a: Maushold|1/100\n|move|p2b: Garchomp|Dragon Claw|p1b: Feraligatr\n|-supereffective|p1b: Feraligatr|1\n|-damage|p1b: Feraligatr|0 fnt\n|faint|p1b: Feraligatr\n|\n|upkeep\n|\n|t:|1776033960\n|switch|p1b: Empoleon|Empoleon, L50, F|43/100\n|turn|6\n|\n|t:|1776033983\n|move|p1a: Talonflame|Protect|p1a: Talonflame\n|-singleturn|p1a: Talonflame|Protect\n|move|p2a: Maushold|Protect|p2a: Maushold\n|-singleturn|p2a: Maushold|Protect\n|move|p2b: Garchomp|Rock Slide|p1b: Empoleon|[spread] p1b\n|-activate|p1a: Talonflame|move: Protect\n|-resisted|p1b: Empoleon|1\n|-damage|p1b: Empoleon|35/100\n|move|p1b: Empoleon|Icy Wind|p2b: Garchomp|[spread] p2b\n|-activate|p2a: Maushold|move: Protect\n|-supereffective|p2b: Garchomp|2\n|-damage|p2b: Garchomp|48/100\n|-unboost|p2b: Garchomp|spe|1\n|\n|-heal|p1b: Empoleon|41/100|[from] item: Leftovers\n|upkeep\n|turn|7\n|\n|t:|1776034022\n|switch|p2b: Starmie|Starmie-Mega, L50|96/100\n|move|p1a: Talonflame|Brave Bird|p2a: Maushold\n|-damage|p2a: Maushold|0 fnt\n|faint|p2a: Maushold\n|-damage|p1a: Talonflame|99/100|[from] Recoil\n|move|p1b: Empoleon|Icy Wind|p2b: Starmie\n|-resisted|p2b: Starmie|1\n|-damage|p2b: Starmie|89/100\n|-unboost|p2b: Starmie|spe|1\n|\n|-heal|p1b: Empoleon|47/100|[from] item: Leftovers\n|upkeep\n|\n|t:|1776034035\n|switch|p2a: Garchomp|Garchomp, L50, M|48/100\n|turn|8\n|\n|t:|1776034059\n|move|p1a: Talonflame|Brave Bird|p2b: Starmie\n|-damage|p2b: Starmie|52/100\n|-damage|p1a: Talonflame|89/100|[from] Recoil\n|move|p2a: Garchomp|Rock Slide|p1a: Talonflame|[spread] p1a,p1b\n|-supereffective|p1a: Talonflame|2\n|-resisted|p1b: Empoleon|1\n|-damage|p1a: Talonflame|0 fnt\n|-damage|p1b: Empoleon|38/100\n|faint|p1a: Talonflame\n|move|p1b: Empoleon|Icy Wind|p2b: Starmie|[spread] p2a,p2b\n|-supereffective|p2a: Garchomp|2\n|-resisted|p2b: Starmie|1\n|-damage|p2a: Garchomp|0 fnt\n|-damage|p2b: Starmie|47/100\n|-unboost|p2b: Starmie|spe|1\n|faint|p2a: Garchomp\n|move|p2b: Starmie|Liquidation|p1b: Empoleon\n|-resisted|p1b: Empoleon|1\n|-damage|p1b: Empoleon|15/100\n|\n|-heal|p1b: Empoleon|20/100|[from] item: Leftovers\n|-sideend|p1: xBabis_|move: Tailwind\n|upkeep\n|\n|t:|1776034080\n|switch|p1a: Garchomp|Garchomp, L50, M|100/100\n|turn|9\n|inactive|Battle timer is ON: inactive players will automatically lose when time's up. (requested by donsamuel)\n|\n|t:|1776034120\n|move|p1b: Empoleon|Protect|p1b: Empoleon\n|-singleturn|p1b: Empoleon|Protect\n|move|p1a: Garchomp|Swords Dance|p1a: Garchomp\n|-boost|p1a: Garchomp|atk|2\n|move|p2b: Starmie|Recover|p2b: Starmie\n|-heal|p2b: Starmie|97/100\n|\n|-heal|p1b: Empoleon|26/100|[from] item: Leftovers\n|upkeep\n|turn|10\n|inactive|xBabis_ has 30 seconds left.\n|inactive|xBabis_ has 20 seconds left.\n|inactive|xBabis_ has 15 seconds left.\n|inactive|xBabis_ has 10 seconds left.\n|\n|t:|1776034169\n|move|p1a: Garchomp|Protect|p1a: Garchomp\n|-singleturn|p1a: Garchomp|Protect\n|move|p2b: Starmie|Liquidation|p1a: Garchomp\n|-activate|p1a: Garchomp|move: Protect\n|move|p1b: Empoleon|Surf|p2b: Starmie|[spread] p2b\n|-activate|p1a: Garchomp|move: Protect\n|-resisted|p2b: Starmie|1\n|-damage|p2b: Starmie|84/100\n|\n|-heal|p1b: Empoleon|32/100|[from] item: Leftovers\n|upkeep\n|turn|11\n|\n|t:|1776034189\n|move|p1b: Empoleon|Protect|p1b: Empoleon\n|-singleturn|p1b: Empoleon|Protect\n|move|p1a: Garchomp|Earthquake|p2b: Starmie|[spread] p2b\n|-activate|p1b: Empoleon|move: Protect\n|-damage|p2b: Starmie|6/100\n|move|p2b: Starmie|Liquidation|p1a: Garchomp\n|-damage|p1a: Garchomp|52/100\n|-damage|p2b: Starmie|0 fnt|[from] ability: Rough Skin|[of] p1a: Garchomp\n|faint|p2b: Starmie\n|\n|win|xBabis_\n|raw|xBabis_'s rating: 1013 &rarr; <strong>1057</strong><br />(+44 for winning)\n|raw|donsamuel's rating: 1067 &rarr; <strong>1044</strong><br />(-23 for losing)\n|l|\u2606donsamuel\n|player|p2|\n",
  "uploadtime": 1776034226,
  "views": 15,
  "formatid": "gen9championsvgc2026regma",
  "rating": 1044,
  "private": 0,
  "password": null
}