{
  "id": "gen9championsvgc2026regma-2584537253",
  "format": "[Gen 9 Champions] VGC 2026 Reg M-A",
  "players": [
    "vu_7",
    "bakata"
  ],
  "log": "|j|\u2606vu_7\n|j|\u2606bakata\n|t:|1776267328\n|gametype|doubles\n|player|p1|vu_7|clown|1066\n|player|p2|bakata|265|1046\n|gen|9\n|tier|[Gen 9 Champions] VGC 2026 Reg M-A\n|rated|\n|rule|Species Clause: Limit one of each Pok\u00e9mon\n|rule|Item Clause: Limit 1 of each item\n|clearpoke\n|poke|p1|Garchomp, L50, F|\n|poke|p1|Floette-Eternal, L50, F|\n|poke|p1|Milotic, L50, M|\n|poke|p1|Incineroar, L50, F|\n|poke|p1|Scizor, L50, M|\n|poke|p1|Sneasler, L50, M|\n|poke|p2|Mamoswine, L50, M|\n|poke|p2|Charizard, L50, F|\n|poke|p2|Sneasler, L50, M|\n|poke|p2|Garchomp, L50, M|\n|poke|p2|Glimmora, L50, M|\n|poke|p2|Aegislash, L50, M|\n|teampreview|4\n|inactive|Battle timer is ON: inactive players will automatically lose when time's up. (requested by vu_7)\n|inactive|bakata has 60 seconds left.\n|inactive|bakata has 30 seconds left.\n|\n|t:|1776267390\n|teamsize|p1|4\n|teamsize|p2|4\n|start\n|switch|p1a: Milotic|Milotic, L50, M|100/100\n|switch|p1b: Incineroar|Incineroar, L50, F|100/100\n|switch|p2a: Glimmora|Glimmora, L50, M, shiny|100/100\n|switch|p2b: Sneasler|Sneasler, L50, M|100/100\n|-ability|p1b: Incineroar|Intimidate|boost\n|-unboost|p2a: Glimmora|atk|1\n|-unboost|p2b: Sneasler|atk|1\n|turn|1\n|inactive|bakata has 30 seconds left.\n|-activate|p2b: Sneasler|item: Quick Claw\n|\n|t:|1776267417\n|move|p2b: Sneasler|Upper Hand|p1b: Incineroar\n|-supereffective|p1b: Incineroar|1\n|-damage|p1b: Incineroar|64/100\n|-status|p1b: Incineroar|psn|[from] ability: Poison Touch|[of] p2b: Sneasler\n|cant|p1b: Incineroar|flinch\n|move|p2a: Glimmora|Stealth Rock|p1a: Milotic\n|-sidestart|p1: vu_7|move: Stealth Rock\n|move|p1a: Milotic|Icy Wind|p2b: Sneasler|[spread] p2b\n|-miss|p1a: Milotic|p2a: Glimmora\n|-damage|p2b: Sneasler|85/100\n|-unboost|p2b: Sneasler|spe|1\n|\n|-damage|p1b: Incineroar|52/100 psn|[from] psn\n|upkeep\n|turn|2\n|inactive|bakata has 30 seconds left.\n|\n|t:|1776267447\n|move|p2a: Glimmora|Power Gem|p1b: Incineroar\n|-supereffective|p1b: Incineroar|1\n|-damage|p1b: Incineroar|0 fnt\n|faint|p1b: Incineroar\n|move|p2b: Sneasler|Dire Claw|p1a: Milotic\n|-damage|p1a: Milotic|76/100\n|-status|p1a: Milotic|par\n|move|p1a: Milotic|Muddy Water|p2a: Glimmora|[spread] p2a,p2b\n|-supereffective|p2a: Glimmora|1\n|-damage|p2a: Glimmora|25/100\n|-damage|p2b: Sneasler|50/100\n|-unboost|p2b: Sneasler|accuracy|1\n|\n|-heal|p1a: Milotic|82/100 par|[from] item: Leftovers\n|upkeep\n|\n|t:|1776267458\n|switch|p1b: Scizor|Scizor, L50, M|100/100\n|-damage|p1b: Scizor|88/100|[from] Stealth Rock\n|turn|3\n|\n|t:|1776267475\n|switch|p2b: Charizard|Charizard, L50, F|100/100\n|move|p1b: Scizor|Bullet Punch|p2a: Glimmora\n|-supereffective|p2a: Glimmora|1\n|-damage|p2a: Glimmora|0 fnt\n|-activate|p2a: Glimmora|ability: Toxic Debris\n|-sidestart|p1: vu_7|move: Toxic Spikes\n|faint|p2a: Glimmora\n|move|p1a: Milotic|Life Dew|p1a: Milotic|[spread] p1a,p1b\n|-heal|p1a: Milotic|100/100 par\n|-heal|p1b: Scizor|100/100\n|\n|upkeep\n|\n|t:|1776267488\n|switch|p2a: Mamoswine|Mamoswine, L50, M, shiny|100/100\n|turn|4\n|\n|t:|1776267512\n|detailschange|p2b: Charizard|Charizard-Mega-Y, L50, F\n|-mega|p2b: Charizard|Charizard|Charizardite Y\n|-weather|SunnyDay|[from] ability: Drought|[of] p2b: Charizard\n|move|p1b: Scizor|Bullet Punch|p2a: Mamoswine\n|-supereffective|p2a: Mamoswine|1\n|-damage|p2a: Mamoswine|10/100\n|-enditem|p2a: Mamoswine|Sitrus Berry|[eat]\n|-heal|p2a: Mamoswine|35/100|[from] item: Sitrus Berry\n|move|p2b: Charizard|Solar Beam||[still]\n|-prepare|p2b: Charizard|Solar Beam\n|-anim|p2b: Charizard|Solar Beam|p1a: Milotic\n|-supereffective|p1a: Milotic|1\n|-damage|p1a: Milotic|32/100 par\n|move|p2a: Mamoswine|Rock Slide|p1b: Scizor|[spread] p1a,p1b\n|-damage|p1a: Milotic|12/100 par\n|-damage|p1b: Scizor|75/100\n|cant|p1a: Milotic|flinch\n|\n|-weather|SunnyDay|[upkeep]\n|-heal|p1a: Milotic|18/100 par|[from] item: Leftovers\n|upkeep\n|turn|5\n|inactive|vu_7 has 30 seconds left.\n|inactive|bakata has 30 seconds left.\n|\n|t:|1776267540\n|switch|p1b: Floette|Floette-Eternal, L50, F|100/100\n|-damage|p1b: Floette|88/100|[from] Stealth Rock\n|-status|p1b: Floette|psn\n|move|p2b: Charizard|Weather Ball|p1b: Floette\n|-damage|p1b: Floette|2/100 psn\n|move|p2a: Mamoswine|Rock Slide|p1a: Milotic|[spread] p1a,p1b\n|-damage|p1a: Milotic|0 fnt\n|-damage|p1b: Floette|0 fnt\n|faint|p1a: Milotic\n|faint|p1b: Floette\n|\n|-weather|SunnyDay|[upkeep]\n|upkeep\n|\n|t:|1776267552\n|switch|p1a: Scizor|Scizor, L50, M|75/100\n|-damage|p1a: Scizor|62/100|[from] Stealth Rock\n|turn|6\n|\n|t:|1776267562\n|move|p2b: Charizard|Weather Ball|p1a: Scizor\n|-supereffective|p1a: Scizor|2\n|-damage|p1a: Scizor|0 fnt\n|faint|p1a: Scizor\n|\n|win|bakata\n|raw|vu_7's rating: 1066 &rarr; <strong>1045</strong><br />(-21 for losing)\n|raw|bakata's rating: 1046 &rarr; <strong>1081</strong><br />(+35 for winning)\n|l|\u2606vu_7\n|player|p1|\n",
  "uploadtime": 1776267588,
  "views": 21,
  "formatid": "gen9championsvgc2026regma",
  "rating": 1045,
  "private": 0,
  "password": null
}