{
  "id": "gen9championsvgc2026regma-2584222879",
  "format": "[Gen 9 Champions] VGC 2026 Reg M-A",
  "players": [
    "Sh1ny_Ax3w",
    "Wermthermkerm"
  ],
  "log": "|j|\u2606Sh1ny_Ax3w\n|j|\u2606Wermthermkerm\n|t:|1776240079\n|gametype|doubles\n|player|p1|Sh1ny_Ax3w|ghetsis|\n|player|p2|Wermthermkerm|gentleman-gen4|\n|gen|9\n|tier|[Gen 9 Champions] VGC 2026 Reg M-A\n|rule|Species Clause: Limit one of each Pok\u00e9mon\n|rule|Item Clause: Limit 1 of each item\n|clearpoke\n|poke|p1|Floette-Eternal, L50, F|\n|poke|p1|Aerodactyl, L50, M|\n|poke|p1|Incineroar, L50, M|\n|poke|p1|Aggron, L50, F|\n|poke|p1|Sinistcha-Masterpiece, L50|\n|poke|p1|Pelipper, L50, F|\n|poke|p2|Alakazam, L50, M|\n|poke|p2|Gardevoir, L50, F|\n|poke|p2|Whimsicott, L50, F|\n|poke|p2|Sneasler, L50, F|\n|poke|p2|Basculegion, L50, M|\n|poke|p2|Ariados, L50, M|\n|teampreview|4\n|inactive|Battle timer is ON: inactive players will automatically lose when time's up. (requested by Sh1ny_Ax3w)\n|j| Tobiasson\n|inactive|Wermthermkerm has 60 seconds left.\n|\n|t:|1776240125\n|teamsize|p1|4\n|teamsize|p2|4\n|start\n|switch|p1a: Just a baby|Floette-Eternal, L50, F|100/100\n|switch|p1b: Wolfey?|Incineroar, L50, M|100/100\n|switch|p2a: Sneasler|Sneasler, L50, F|100/100\n|switch|p2b: Whimsicott|Whimsicott, L50, F|100/100\n|-ability|p1b: Wolfey?|Intimidate|boost\n|-unboost|p2a: Sneasler|atk|1\n|-unboost|p2b: Whimsicott|atk|1\n|-enditem|p2a: Sneasler|White Herb\n|-clearnegativeboost|p2a: Sneasler|[silent]\n|turn|1\n|inactive|Sh1ny_Ax3w has 30 seconds left.\n|\n|t:|1776240156\n|move|p2a: Sneasler|Fake Out|p1b: Wolfey?\n|-damage|p1b: Wolfey?|87/100\n|move|p2b: Whimsicott|Stun Spore|p1a: Just a baby|[miss]\n|-miss|p2b: Whimsicott|p1a: Just a baby\n|move|p1a: Just a baby|Moonblast|p2b: Whimsicott\n|-damage|p2b: Whimsicott|35/100\n|cant|p1b: Wolfey?|flinch\n|\n|upkeep\n|turn|2\n|\n|t:|1776240180\n|move|p2b: Whimsicott|Stun Spore|p1a: Just a baby|[miss]\n|-miss|p2b: Whimsicott|p1a: Just a baby\n|move|p2a: Sneasler|Close Combat|p1b: Wolfey?\n|-supereffective|p1b: Wolfey?|1\n|-damage|p1b: Wolfey?|0 fnt\n|-unboost|p2a: Sneasler|def|1\n|-unboost|p2a: Sneasler|spd|1\n|faint|p1b: Wolfey?\n|move|p1a: Just a baby|Dazzling Gleam|p2b: Whimsicott|[spread] p2a,p2b\n|-damage|p2a: Sneasler|39/100\n|-damage|p2b: Whimsicott|0 fnt\n|faint|p2b: Whimsicott\n|\n|upkeep\n|\n|t:|1776240194\n|switch|p2b: Basculegion|Basculegion, L50, M|100/100\n|switch|p1b: Gen 1|Aerodactyl, L50, M, shiny|100/100\n|turn|3\n|\n|t:|1776240210\n|detailschange|p1a: Just a baby|Floette-Mega, L50, F\n|-mega|p1a: Just a baby|Floette|Floettite\n|-ability|p1a: Just a baby|Fairy Aura\n|move|p1a: Just a baby|Protect|p1a: Just a baby\n|-singleturn|p1a: Just a baby|Protect\n|move|p2a: Sneasler|Dire Claw|p1a: Just a baby\n|-activate|p1a: Just a baby|move: Protect\n|move|p2b: Basculegion|Wave Crash|p1b: Gen 1\n|-supereffective|p1b: Gen 1|1\n|-enditem|p1b: Gen 1|Focus Sash\n|-damage|p1b: Gen 1|1/100\n|-damage|p2b: Basculegion|75/100|[from] Recoil\n|move|p1b: Gen 1|Tailwind|p1b: Gen 1\n|-sidestart|p1: Sh1ny_Ax3w|move: Tailwind\n|\n|upkeep\n|turn|4\n|inactive|Wermthermkerm has 30 seconds left.\n|\n|t:|1776240238\n|move|p1b: Gen 1|Rock Slide|p2b: Basculegion|[spread] p2a,p2b\n|-resisted|p2a: Sneasler|1\n|-damage|p2a: Sneasler|15/100\n|-damage|p2b: Basculegion|51/100\n|move|p2a: Sneasler|Dire Claw|p1a: Just a baby\n|-supereffective|p1a: Just a baby|1\n|-damage|p1a: Just a baby|0 fnt\n|faint|p1a: Just a baby\n|cant|p2b: Basculegion|flinch\n|\n|upkeep\n|l| Tobiasson\n|\n|t:|1776240249\n|switch|p1a: Chai|Sinistcha-Masterpiece, L50|100/100\n|-heal|p1b: Gen 1|26/100|[from] ability: Hospitality|[of] p1a: Chai\n|turn|5\n|\n|t:|1776240270\n|switch|p2b: Gardevoir|Gardevoir, L50, F|100/100\n|move|p1b: Gen 1|Rock Slide|p2b: Gardevoir|[spread] p2a,p2b\n|-resisted|p2a: Sneasler|1\n|-damage|p2a: Sneasler|0 fnt\n|-damage|p2b: Gardevoir|66/100\n|faint|p2a: Sneasler\n|move|p1a: Chai|Giga Drain|p2b: Gardevoir\n|-damage|p2b: Gardevoir|32/100\n|\n|upkeep\n|\n|t:|1776240276\n|switch|p2a: Basculegion|Basculegion, L50, M|51/100\n|turn|6\n|\n|t:|1776240300\n|detailschange|p2b: Gardevoir|Gardevoir-Mega, L50, F\n|-mega|p2b: Gardevoir|Gardevoir|Gardevoirite\n|move|p1b: Gen 1|Protect|p1b: Gen 1\n|-singleturn|p1b: Gen 1|Protect\n|move|p2a: Basculegion|Last Respects|p1a: Chai\n|-supereffective|p1a: Chai|1\n|-damage|p1a: Chai|0 fnt\n|faint|p1a: Chai\n|move|p2b: Gardevoir|Hyper Voice|p1b: Gen 1\n|-activate|p1b: Gen 1|move: Protect\n|\n|-sideend|p1: Sh1ny_Ax3w|move: Tailwind\n|upkeep\n|turn|7\n|\n|t:|1776240320\n|move|p2a: Basculegion|Last Respects|p1b: Gen 1\n|-damage|p1b: Gen 1|0 fnt\n|faint|p1b: Gen 1\n|\n|win|Wermthermkerm\n|l|\u2606Wermthermkerm\n|player|p2|\n|l|\u2606Sh1ny_Ax3w\n|player|p1|\n|j| Tobiasson\n|l| Tobiasson\n|j| Tobiasson\n",
  "uploadtime": 1776240822,
  "views": 14,
  "formatid": "gen9championsvgc2026regma",
  "rating": null,
  "private": 0,
  "password": null
}