{
  "id": "gen9championsvgc2026regma-2583308208",
  "format": "[Gen 9 Champions] VGC 2026 Reg M-A",
  "players": [
    "BigRoflet",
    "Valerio Boomer"
  ],
  "log": "|j|\u203dBigRoflet\n|j|\u2606Valerio Boomer\n|t:|1776165459\n|gametype|doubles\n|player|p1|BigRoflet|harlequin|1045\n|player|p2|Valerio Boomer|265|1041\n|gen|9\n|tier|[Gen 9 Champions] VGC 2026 Reg M-A\n|rated|\n|rule|Species Clause: Limit one of each Pok\u00e9mon\n|rule|Item Clause: Limit 1 of each item\n|clearpoke\n|poke|p1|Decidueye-Hisui, L50, M|\n|poke|p1|Basculegion, L50, M|\n|poke|p1|Incineroar, L50, M|\n|poke|p1|Ditto, L50|\n|poke|p1|Farigiraf, L50, M|\n|poke|p1|Aerodactyl, L50, M|\n|poke|p2|Sableye, L50, F|\n|poke|p2|Golurk, L50|\n|poke|p2|Hydrapple, L50, F|\n|poke|p2|Palafin, L50, F|\n|poke|p2|Farigiraf, L50, M|\n|poke|p2|Volcarona, L50, F|\n|teampreview|4\n|\n|t:|1776165486\n|teamsize|p1|4\n|teamsize|p2|4\n|start\n|switch|p1a: Decidueye|Decidueye-Hisui, L50, M|100/100\n|switch|p1b: Incineroar|Incineroar, L50, M|100/100\n|switch|p2a: Sableye|Sableye, L50, F|100/100\n|switch|p2b: Palafin|Palafin, L50, F|100/100\n|-ability|p1b: Incineroar|Intimidate|boost\n|-unboost|p2a: Sableye|atk|1\n|-unboost|p2b: Palafin|atk|1\n|turn|1\n|\n|t:|1776165519\n|move|p2a: Sableye|Fake Out|p1a: Decidueye\n|-damage|p1a: Decidueye|94/100\n|move|p2b: Palafin|Flip Turn|p1b: Incineroar\n|-supereffective|p1b: Incineroar|1\n|-damage|p1b: Incineroar|73/100\n|\n|t:|1776165526\n|detailschange|p2b: Palafin|Palafin-Hero, L50, F\n|switch|p2b: Volcarona|Volcarona, L50, F|100/100|[from] Flip Turn\n|move|p1b: Incineroar|Parting Shot|p2a: Sableye\n|-unboost|p2a: Sableye|atk|1\n|-unboost|p2a: Sableye|spa|1\n|\n|t:|1776165534\n|switch|p1b: Aerodactyl|Aerodactyl, L50, M|100/100|[from] Parting Shot\n|-ability|p1b: Aerodactyl|Unnerve\n|cant|p1a: Decidueye|flinch\n|\n|upkeep\n|turn|2\n|\n|t:|1776165564\n|switch|p2b: Palafin|Palafin-Hero, L50, F|100/100\n|-activate|p2b: Palafin|ability: Zero to Hero\n|detailschange|p1b: Aerodactyl|Aerodactyl-Mega, L50, M\n|-mega|p1b: Aerodactyl|Aerodactyl|Aerodactylite\n|move|p1b: Aerodactyl|Dual Wingbeat|p2b: Palafin\n|-damage|p2b: Palafin|73/100\n|-crit|p2b: Palafin\n|-damage|p2b: Palafin|27/100\n|-hitcount|p2b: Palafin|2\n|move|p1a: Decidueye|Triple Arrows|p2a: Sableye\n|-supereffective|p2a: Sableye|1\n|-crit|p2a: Sableye\n|-damage|p2a: Sableye|0 fnt\n|faint|p2a: Sableye\n|\n|upkeep\n|\n|t:|1776165582\n|switch|p2a: Hydrapple|Hydrapple, L50, F|100/100\n|turn|3\n|\n|t:|1776165602\n|switch|p1a: Ditto|Ditto, L50|100/100\n|-transform|p1a: Ditto|p2b: Palafin|[from] ability: Imposter\n|move|p2b: Palafin|Jet Punch|p1b: Aerodactyl\n|-supereffective|p1b: Aerodactyl|1\n|-damage|p1b: Aerodactyl|0 fnt\n|faint|p1b: Aerodactyl\n|move|p2a: Hydrapple|Fickle Beam|p1a: Ditto\n|-damage|p1a: Ditto|31/100\n|\n|upkeep\n|\n|t:|1776165614\n|switch|p1b: Incineroar|Incineroar, L50, M|73/100\n|-ability|p1b: Incineroar|Intimidate|boost\n|-unboost|p2a: Hydrapple|atk|1\n|-unboost|p2b: Palafin|atk|1\n|turn|4\n|\n|t:|1776165635\n|move|p1a: Ditto|Jet Punch|p2b: Palafin\n|-resisted|p2b: Palafin|1\n|-damage|p2b: Palafin|7/100\n|move|p2b: Palafin|Jet Punch|p1a: Ditto\n|-resisted|p1a: Ditto|1\n|-damage|p1a: Ditto|11/100\n|move|p1b: Incineroar|Flare Blitz|p2a: Hydrapple\n|-damage|p2a: Hydrapple|59/100\n|-damage|p1b: Incineroar|59/100|[from] Recoil\n|move|p2a: Hydrapple|Fickle Beam|p1b: Incineroar|[anim] Fickle Beam All Out\n|-activate|p2a: Hydrapple|move: Fickle Beam\n|-damage|p1b: Incineroar|0 fnt\n|faint|p1b: Incineroar\n|\n|-heal|p2a: Hydrapple|65/100|[from] item: Leftovers\n|upkeep\n|l|\u203dBigRoflet\n|player|p1|\n|j|\u203dBigRoflet\n|player|p1|BigRoflet|harlequin|\n|n|\u203dBigRoflet|bigroflet\n|\n|t:|1776165653\n|switch|p1b: Decidueye|Decidueye-Hisui, L50, M|94/100\n|turn|5\n|\n|t:|1776165676\n|move|p2b: Palafin|Protect|p2b: Palafin\n|-singleturn|p2b: Palafin|Protect\n|move|p1a: Ditto|Jet Punch|p2b: Palafin\n|-activate|p2b: Palafin|move: Protect\n|move|p1b: Decidueye|Triple Arrows|p2a: Hydrapple\n|-damage|p2a: Hydrapple|34/100\n|cant|p2a: Hydrapple|flinch\n|\n|-heal|p2a: Hydrapple|39/100|[from] item: Leftovers\n|upkeep\n|turn|6\n|\n|t:|1776165707\n|move|p1a: Ditto|Jet Punch|p2b: Palafin\n|-resisted|p2b: Palafin|1\n|-damage|p2b: Palafin|0 fnt\n|faint|p2b: Palafin\n|move|p1b: Decidueye|Triple Arrows|p2a: Hydrapple\n|-crit|p2a: Hydrapple\n|-damage|p2a: Hydrapple|0 fnt\n|faint|p2a: Hydrapple\n|\n|upkeep\n|\n|t:|1776165715\n|switch|p2b: Volcarona|Volcarona, L50, F|100/100\n|turn|7\n|\n|t:|1776165721\n|move|p1a: Ditto|Jet Punch|p2b: Volcarona\n|-supereffective|p2b: Volcarona|1\n|-crit|p2b: Volcarona\n|-damage|p2b: Volcarona|0 fnt\n|faint|p2b: Volcarona\n|\n|win|BigRoflet\n|raw|BigRoflet's rating: 1045 &rarr; <strong>1078</strong><br />(+33 for winning)\n|raw|Valerio Boomer's rating: 1041 &rarr; <strong>1025</strong><br />(-16 for losing)\n",
  "uploadtime": 1776165727,
  "views": 22,
  "formatid": "gen9championsvgc2026regma",
  "rating": 1025,
  "private": 0,
  "password": null
}