{
  "id": "gen9championsvgc2026regma-2585190883",
  "format": "[Gen 9 Champions] VGC 2026 Reg M-A",
  "players": [
    "arlw",
    "Toshinori4"
  ],
  "log": "|j|\u2606arlw\n|j|\u2606Toshinori4\n|t:|1776323059\n|gametype|doubles\n|player|p1|arlw|102|1334\n|player|p2|Toshinori4|169|1419\n|gen|9\n|tier|[Gen 9 Champions] VGC 2026 Reg M-A\n|rated|\n|rule|Species Clause: Limit one of each Pok\u00e9mon\n|rule|Item Clause: Limit 1 of each item\n|clearpoke\n|poke|p1|Floette-Eternal, L50, F|\n|poke|p1|Sneasler, L50, F|\n|poke|p1|Basculegion, L50, M|\n|poke|p1|Delphox, L50, F|\n|poke|p1|Garchomp, L50, F|\n|poke|p1|Kingambit, L50, F|\n|poke|p2|Froslass, L50, F|\n|poke|p2|Kingambit, L50, F|\n|poke|p2|Sneasler, L50, M|\n|poke|p2|Rotom-Heat, L50|\n|poke|p2|Clefable, L50, F|\n|poke|p2|Basculegion, L50, M|\n|teampreview|4\n|inactive|Battle timer is ON: inactive players will automatically lose when time's up. (requested by arlw)\n|\n|t:|1776323098\n|teamsize|p1|4\n|teamsize|p2|4\n|start\n|switch|p1a: Basculegion|Basculegion, L50, M, shiny|100/100\n|switch|p1b: Sneasler|Sneasler, L50, F|100/100\n|switch|p2a: Rotom|Rotom-Heat, L50|100/100\n|switch|p2b: Clefable|Clefable, L50, F|100/100\n|turn|1\n|\n|t:|1776323111\n|move|p2a: Rotom|Protect|p2a: Rotom\n|-singleturn|p2a: Rotom|Protect\n|move|p2b: Clefable|Protect|p2b: Clefable\n|-singleturn|p2b: Clefable|Protect\n|move|p1b: Sneasler|Fake Out|p2a: Rotom\n|-activate|p2a: Rotom|move: Protect\n|move|p1a: Basculegion|Liquidation|p2a: Rotom\n|-activate|p2a: Rotom|move: Protect\n|\n|upkeep\n|turn|2\n|\n|t:|1776323134\n|move|p2b: Clefable|Follow Me|p2b: Clefable\n|-singleturn|p2b: Clefable|move: Follow Me\n|move|p1b: Sneasler|Dire Claw|p2b: Clefable\n|-supereffective|p2b: Clefable|1\n|-damage|p2b: Clefable|25/100\n|-enditem|p2b: Clefable|Sitrus Berry|[eat]\n|-heal|p2b: Clefable|50/100|[from] item: Sitrus Berry\n|move|p2a: Rotom|Will-O-Wisp|p1a: Basculegion\n|-status|p1a: Basculegion|brn\n|move|p1a: Basculegion|Liquidation|p2b: Clefable\n|-damage|p2b: Clefable|26/100\n|\n|-damage|p1a: Basculegion|94/100 brn|[from] brn\n|upkeep\n|turn|3\n|\n|t:|1776323154\n|move|p2b: Clefable|Follow Me|p2b: Clefable\n|-singleturn|p2b: Clefable|move: Follow Me\n|move|p1a: Basculegion|Aqua Jet|p2b: Clefable\n|-damage|p2b: Clefable|14/100\n|move|p1b: Sneasler|Dire Claw|p2b: Clefable\n|-supereffective|p2b: Clefable|1\n|-damage|p2b: Clefable|0 fnt\n|faint|p2b: Clefable\n|move|p2a: Rotom|Will-O-Wisp|p1b: Sneasler\n|-status|p1b: Sneasler|brn\n|\n|-damage|p1b: Sneasler|95/100 brn|[from] brn\n|-damage|p1a: Basculegion|88/100 brn|[from] brn\n|upkeep\n|\n|t:|1776323169\n|switch|p2b: Basculegion|Basculegion, L50, M|100/100\n|turn|4\n|\n|t:|1776323188\n|switch|p1b: Kingambit|Kingambit, L50, F|100/100\n|move|p2b: Basculegion|Last Respects|p1a: Basculegion\n|-supereffective|p1a: Basculegion|1\n|-damage|p1a: Basculegion|0 fnt\n|faint|p1a: Basculegion\n|move|p2a: Rotom|Thunderbolt|p1b: Kingambit\n|-damage|p1b: Kingambit|61/100\n|\n|upkeep\n|\n|t:|1776323196\n|switch|p1a: Delphox|Delphox, L50, F, shiny|100/100\n|turn|5\n|inactive|Toshinori4 has 30 seconds left.\n|inactive|Toshinori4 has 20 seconds left.\n|inactive|Toshinori4 has 15 seconds left.\n|inactive|Toshinori4 has 10 seconds left.\n|inactive|Toshinori4 has 5 seconds left.\n|\n|t:|1776323251\n|detailschange|p1a: Delphox|Delphox-Mega, L50, F, shiny\n|-mega|p1a: Delphox|Delphox|Delphoxite\n|move|p2a: Rotom|Protect|p2a: Rotom\n|-singleturn|p2a: Rotom|Protect\n|move|p1b: Kingambit|Sucker Punch|p2b: Basculegion\n|-supereffective|p2b: Basculegion|1\n|-damage|p2b: Basculegion|0 fnt\n|faint|p2b: Basculegion\n|move|p1a: Delphox|Heat Wave|p2a: Rotom\n|-activate|p2a: Rotom|move: Protect\n|\n|upkeep\n|inactive|Toshinori4 has 30 seconds left.\n|inactive|Toshinori4 has 20 seconds left.\n|inactive|Toshinori4 has 15 seconds left.\n|inactive|Toshinori4 has 10 seconds left.\n|inactive|Toshinori4 has 5 seconds left.\n|\n|t:|1776323306\n|switch|p2b: Froslass|Froslass, L50, F|100/100\n|turn|6\n|l|\u2606Toshinori4\n|inactive|Toshinori4 disconnected and has a minute to reconnect!\n|player|p2|\n|inactive|arlw has 30 seconds left.\n|inactive|Toshinori4 has 30 seconds left.\n|inactive|Toshinori4 has 20 seconds left.\n|inactive|Toshinori4 has 15 seconds left.\n|inactive|Toshinori4 has 10 seconds left.\n|inactive|Toshinori4 has 5 seconds left.\n|-message|Toshinori4 lost due to inactivity.\n|\n|win|arlw\n|raw|arlw's rating: 1334 &rarr; <strong>1359</strong><br />(+25 for winning)\n|raw|Toshinori4's rating: 1419 &rarr; <strong>1394</strong><br />(-25 for losing)\n|l|\u2606arlw\n|player|p1|\n",
  "uploadtime": 1776324029,
  "views": 42,
  "formatid": "gen9championsvgc2026regma",
  "rating": 1359,
  "private": 0,
  "password": null
}