{
  "id": "gen9championsvgc2026regma-2588451129",
  "format": "[Gen 9 Champions] VGC 2026 Reg M-A",
  "players": [
    "MegaMege",
    "Scrubby009"
  ],
  "log": "|j|\u2606MegaMege\n|j|\u2606Scrubby009\n|t:|1776634673\n|gametype|doubles\n|player|p1|MegaMege|dragontamer|1278\n|player|p2|Scrubby009|skyla|1370\n|gen|9\n|tier|[Gen 9 Champions] VGC 2026 Reg M-A\n|rated|\n|rule|Species Clause: Limit one of each Pok\u00e9mon\n|rule|Item Clause: Limit 1 of each item\n|clearpoke\n|poke|p1|Tyranitar, L50, M, shiny|\n|poke|p1|Garchomp, L50, M|\n|poke|p1|Krookodile, L50, M|\n|poke|p1|Corviknight, L50, M|\n|poke|p1|Heliolisk, L50, M|\n|poke|p1|Gliscor, L50, M|\n|poke|p2|Lopunny, L50, F, shiny|\n|poke|p2|Scizor, L50, M|\n|poke|p2|Rotom-Heat, L50|\n|poke|p2|Sinistcha, L50|\n|poke|p2|Garchomp, L50, M|\n|poke|p2|Primarina, L50, F|\n|teampreview|4\n|c|\u2606Scrubby009|glhf\n|c|\u2606MegaMege|same thx\n|\n|t:|1776634707\n|teamsize|p1|4\n|teamsize|p2|4\n|start\n|switch|p1a: Sobek|Krookodile, L50, M|100/100\n|switch|p1b: Tartarus|Tyranitar, L50, M, shiny|100/100\n|switch|p2a: Prime Time|Primarina, L50, F|100/100\n|switch|p2b: B-Girl Kelly|Lopunny, L50, F, shiny|100/100\n|-ability|p1a: Sobek|Intimidate|boost\n|-unboost|p2a: Prime Time|atk|1\n|-unboost|p2b: B-Girl Kelly|atk|1\n|-weather|Sandstorm|[from] ability: Sand Stream|[of] p1b: Tartarus\n|turn|1\n|inactive|Battle timer is ON: inactive players will automatically lose when time's up. (requested by MegaMege)\n|inactive|Scrubby009 has 60 seconds left.\n|\n|t:|1776634741\n|switch|p1b: Volt|Heliolisk, L50, M|100/100\n|detailschange|p2b: B-Girl Kelly|Lopunny-Mega, L50, F, shiny\n|-mega|p2b: B-Girl Kelly|Lopunny|Lopunnite\n|move|p2b: B-Girl Kelly|Fake Out|p1a: Sobek\n|-damage|p1a: Sobek|84/100\n|cant|p1a: Sobek|flinch\n|move|p2a: Prime Time|Calm Mind|p2a: Prime Time\n|-boost|p2a: Prime Time|spa|1\n|-boost|p2a: Prime Time|spd|1\n|\n|-weather|Sandstorm|[upkeep]\n|-damage|p1b: Volt|95/100|[from] Sandstorm\n|-damage|p2b: B-Girl Kelly|95/100|[from] Sandstorm\n|-damage|p2a: Prime Time|94/100|[from] Sandstorm\n|-heal|p2a: Prime Time|100/100|[from] item: Leftovers\n|upkeep\n|turn|2\n|\n|t:|1776634760\n|move|p1b: Volt|Thunderbolt|p2a: Prime Time\n|-supereffective|p2a: Prime Time|1\n|-damage|p2a: Prime Time|55/100\n|move|p2b: B-Girl Kelly|Close Combat|p1b: Volt\n|-supereffective|p1b: Volt|1\n|-crit|p1b: Volt\n|-damage|p1b: Volt|0 fnt\n|-unboost|p2b: B-Girl Kelly|def|1\n|-unboost|p2b: B-Girl Kelly|spd|1\n|faint|p1b: Volt\n|move|p1a: Sobek|Close Combat|p2b: B-Girl Kelly\n|-supereffective|p2b: B-Girl Kelly|1\n|-damage|p2b: B-Girl Kelly|0 fnt\n|-unboost|p1a: Sobek|def|1\n|-unboost|p1a: Sobek|spd|1\n|faint|p2b: B-Girl Kelly\n|move|p2a: Prime Time|Moonblast|p1a: Sobek\n|-supereffective|p1a: Sobek|1\n|-damage|p1a: Sobek|0 fnt\n|faint|p1a: Sobek\n|\n|-weather|Sandstorm|[upkeep]\n|-damage|p2a: Prime Time|49/100|[from] Sandstorm\n|-heal|p2a: Prime Time|55/100|[from] item: Leftovers\n|upkeep\n|\n|t:|1776634779\n|switch|p2b: Tea Time|Sinistcha, L50|100/100\n|switch|p1b: Mako|Garchomp, L50, M|100/100\n|switch|p1a: Tartarus|Tyranitar, L50, M, shiny|100/100\n|-heal|p2a: Prime Time|80/100|[from] ability: Hospitality|[of] p2b: Tea Time\n|turn|3\n|\n|t:|1776634794\n|detailschange|p1a: Tartarus|Tyranitar-Mega, L50, M, shiny\n|-mega|p1a: Tartarus|Tyranitar|Tyranitarite\n|move|p2b: Tea Time|Rage Powder|p2b: Tea Time\n|-singleturn|p2b: Tea Time|move: Rage Powder\n|move|p1b: Mako|Rock Slide|p2a: Prime Time|[spread] p2a,p2b\n|-damage|p2a: Prime Time|62/100\n|-damage|p2b: Tea Time|82/100\n|move|p1a: Tartarus|Knock Off|p2b: Tea Time\n|-supereffective|p2b: Tea Time|1\n|-damage|p2b: Tea Time|0 fnt\n|-enditem|p2b: Tea Time|Sitrus Berry|[from] move: Knock Off|[of] p1a: Tartarus\n|faint|p2b: Tea Time\n|move|p2a: Prime Time|Moonblast|p1b: Mako\n|-supereffective|p1b: Mako|1\n|-damage|p1b: Mako|0 fnt\n|faint|p1b: Mako\n|\n|-weather|Sandstorm|[upkeep]\n|-damage|p2a: Prime Time|56/100|[from] Sandstorm\n|-heal|p2a: Prime Time|62/100|[from] item: Leftovers\n|upkeep\n|\n|t:|1776634805\n|switch|p2b: Red Lobster|Scizor, L50, M|100/100\n|turn|4\n|\n|t:|1776634813\n|move|p2b: Red Lobster|Bullet Punch|p1a: Tartarus\n|-supereffective|p1a: Tartarus|1\n|-damage|p1a: Tartarus|47/100\n|move|p1a: Tartarus|Rock Slide|p2a: Prime Time|[spread] p2a,p2b\n|-damage|p2a: Prime Time|26/100\n|-damage|p2b: Red Lobster|62/100\n|cant|p2a: Prime Time|flinch\n|\n|-weather|Sandstorm|[upkeep]\n|-damage|p2a: Prime Time|20/100|[from] Sandstorm\n|-heal|p2a: Prime Time|26/100|[from] item: Leftovers\n|upkeep\n|turn|5\n|c|\u2606MegaMege|gg\n|c|\u2606Scrubby009|gg\n|\n|t:|1776634824\n|move|p2b: Red Lobster|Bullet Punch|p1a: Tartarus\n|-supereffective|p1a: Tartarus|1\n|-damage|p1a: Tartarus|0 fnt\n|faint|p1a: Tartarus\n|\n|win|Scrubby009\n|raw|MegaMege's rating: 1278 &rarr; <strong>1259</strong><br />(-19 for losing)\n|raw|Scrubby009's rating: 1370 &rarr; <strong>1385</strong><br />(+15 for winning)\n",
  "uploadtime": 1776634826,
  "views": 23,
  "formatid": "gen9championsvgc2026regma",
  "rating": 1259,
  "private": 0,
  "password": null
}