{
  "id": "gen9championsvgc2026regma-2581561136",
  "format": "[Gen 9 Champions] VGC 2026 Reg M-A",
  "players": [
    "debouls",
    "Jah_08"
  ],
  "log": "|j|\u2606debouls\n|j|\u2606Jah_08\n|t:|1776011075\n|gametype|doubles\n|player|p1|debouls|169|1192\n|player|p2|Jah_08|2|1237\n|gen|9\n|tier|[Gen 9 Champions] VGC 2026 Reg M-A\n|rated|\n|rule|Species Clause: Limit one of each Pok\u00e9mon\n|rule|Item Clause: Limit 1 of each item\n|clearpoke\n|poke|p1|Arcanine, L50, F|\n|poke|p1|Rotom-Wash, L50|\n|poke|p1|Garchomp, L50, M|\n|poke|p1|Venusaur, L50, F|\n|poke|p1|Corviknight, L50, F|\n|poke|p1|Sneasler, L50, F|\n|poke|p2|Basculegion, L50, M|\n|poke|p2|Zoroark-Hisui, L50, F|\n|poke|p2|Conkeldurr, L50, M|\n|poke|p2|Whimsicott, L50, F|\n|poke|p2|Chandelure, L50, F|\n|poke|p2|Vanilluxe, L50, M|\n|teampreview|4\n|\n|t:|1776011142\n|teamsize|p1|4\n|teamsize|p2|4\n|start\n|switch|p1a: Sneasler|Sneasler, L50, F|100/100\n|switch|p1b: Venusaur|Venusaur, L50, F|100/100\n|switch|p2a: Vanilluxe|Vanilluxe, L50, M|100/100\n|switch|p2b: Chandelure|Chandelure, L50, F|100/100\n|-weather|Snowscape|[from] ability: Snow Warning|[of] p2a: Vanilluxe\n|turn|1\n|\n|t:|1776011168\n|switch|p1b: Arcanine|Arcanine, L50, F|100/100\n|-ability|p1b: Arcanine|Intimidate|boost\n|-unboost|p2a: Vanilluxe|atk|1\n|-unboost|p2b: Chandelure|atk|1\n|move|p2a: Vanilluxe|Protect|p2a: Vanilluxe\n|-singleturn|p2a: Vanilluxe|Protect\n|move|p1a: Sneasler|Close Combat|p2a: Vanilluxe\n|-activate|p2a: Vanilluxe|move: Protect\n|move|p2b: Chandelure|Icy Wind|p1a: Sneasler|[spread] p1a,p1b\n|-resisted|p1b: Arcanine|1\n|-damage|p1a: Sneasler|81/100\n|-damage|p1b: Arcanine|93/100\n|-unboost|p1a: Sneasler|spe|1\n|-unboost|p1b: Arcanine|spe|1\n|\n|-weather|Snowscape|[upkeep]\n|upkeep\n|turn|2\n|\n|t:|1776011208\n|switch|p1a: Rotom|Rotom-Wash, L50|100/100\n|switch|p2a: Basculegion|Basculegion, L50, M|100/100\n|move|p2b: Chandelure|Shadow Ball|p1b: Arcanine\n|-damage|p1b: Arcanine|54/100\n|move|p1b: Arcanine|Snarl|p2b: Chandelure|[spread] p2a,p2b\n|-supereffective|p2a: Basculegion|1\n|-supereffective|p2b: Chandelure|1\n|-damage|p2a: Basculegion|80/100\n|-damage|p2b: Chandelure|64/100\n|-unboost|p2a: Basculegion|spa|1\n|-unboost|p2b: Chandelure|spa|1\n|replace|p2b: Zoroark|Zoroark-Hisui, L50, F\n|-end|p2b: Zoroark|Illusion\n|\n|-weather|Snowscape|[upkeep]\n|upkeep\n|turn|3\n|\n|t:|1776011248\n|move|p1a: Rotom|Thunderbolt|p2a: Basculegion\n|-supereffective|p2a: Basculegion|1\n|-damage|p2a: Basculegion|0 fnt\n|faint|p2a: Basculegion\n|move|p2b: Zoroark|Shadow Ball|p1a: Rotom\n|-damage|p1a: Rotom|64/100\n|move|p1b: Arcanine|Flare Blitz|p2b: Zoroark\n|-damage|p2b: Zoroark|0 fnt\n|faint|p2b: Zoroark\n|-damage|p1b: Arcanine|40/100|[from] Recoil\n|-enditem|p1b: Arcanine|Sitrus Berry|[eat]\n|-heal|p1b: Arcanine|65/100|[from] item: Sitrus Berry\n|\n|-weather|Snowscape|[upkeep]\n|upkeep\n|\n|t:|1776011265\n|switch|p2b: Chandelure|Chandelure, L50, F|100/100\n|switch|p2a: Vanilluxe|Vanilluxe, L50, M|100/100\n|turn|4\n|\n|t:|1776011279\n|switch|p1a: Sneasler|Sneasler, L50, F|81/100\n|detailschange|p2b: Chandelure|Chandelure-Mega, L50, F\n|-mega|p2b: Chandelure|Chandelure|Chandelurite\n|move|p2b: Chandelure|Shadow Ball|p1b: Arcanine\n|-damage|p1b: Arcanine|10/100\n|move|p1b: Arcanine|Snarl|p2a: Vanilluxe|[spread] p2a,p2b\n|-supereffective|p2b: Chandelure|1\n|-damage|p2a: Vanilluxe|92/100\n|-damage|p2b: Chandelure|80/100\n|-unboost|p2a: Vanilluxe|spa|1\n|-unboost|p2b: Chandelure|spa|1\n|move|p2a: Vanilluxe|Freeze-Dry|p1a: Sneasler\n|-damage|p1a: Sneasler|44/100\n|\n|-weather|Snowscape|[upkeep]\n|upkeep\n|turn|5\n|\n|t:|1776011302\n|move|p2a: Vanilluxe|Protect|p2a: Vanilluxe\n|-singleturn|p2a: Vanilluxe|Protect\n|move|p1a: Sneasler|Close Combat|p2a: Vanilluxe\n|-activate|p2a: Vanilluxe|move: Protect\n|move|p2b: Chandelure|Heat Wave|p1b: Arcanine|[spread] p1a\n|-miss|p2b: Chandelure|p1b: Arcanine\n|-damage|p1a: Sneasler|2/100\n|move|p1b: Arcanine|Snarl|p2b: Chandelure|[spread] p2b\n|-activate|p2a: Vanilluxe|move: Protect\n|-supereffective|p2b: Chandelure|1\n|-damage|p2b: Chandelure|60/100\n|-unboost|p2b: Chandelure|spa|1\n|\n|-weather|none\n|upkeep\n|turn|6\n|\n|t:|1776011324\n|move|p1a: Sneasler|Close Combat|p2a: Vanilluxe\n|-supereffective|p2a: Vanilluxe|1\n|-damage|p2a: Vanilluxe|0 fnt\n|-unboost|p1a: Sneasler|def|1\n|-unboost|p1a: Sneasler|spd|1\n|faint|p2a: Vanilluxe\n|move|p2b: Chandelure|Heat Wave|p1a: Sneasler|[spread] p1a,p1b\n|-resisted|p1b: Arcanine|1\n|-damage|p1a: Sneasler|0 fnt\n|-damage|p1b: Arcanine|0 fnt\n|faint|p1a: Sneasler\n|faint|p1b: Arcanine\n|\n|upkeep\n|\n|t:|1776011335\n|switch|p1a: Venusaur|Venusaur, L50, F|100/100\n|switch|p1b: Rotom|Rotom-Wash, L50|64/100\n|turn|7\n|\n|t:|1776011353\n|detailschange|p1a: Venusaur|Venusaur-Mega, L50, F\n|-mega|p1a: Venusaur|Venusaur|Venusaurite\n|move|p1b: Rotom|Hydro Pump|p2b: Chandelure\n|-supereffective|p2b: Chandelure|1\n|-crit|p2b: Chandelure\n|-damage|p2b: Chandelure|0 fnt\n|faint|p2b: Chandelure\n|\n|win|debouls\n|raw|debouls's rating: 1192 &rarr; <strong>1220</strong><br />(+28 for winning)\n|raw|Jah_08's rating: 1237 &rarr; <strong>1209</strong><br />(-28 for losing)\n",
  "uploadtime": 1776011362,
  "views": 24,
  "formatid": "gen9championsvgc2026regma",
  "rating": 1209,
  "private": 0,
  "password": null
}