{
  "id": "gen9championsvgc2026regma-2580974007",
  "format": "[Gen 9 Champions] VGC 2026 Reg M-A",
  "players": [
    "renanzinho jogador",
    "carpentry"
  ],
  "log": "|j|\u2606renanzinho jogador\n|j|\u2606carpentry\n|t:|1775948089\n|gametype|doubles\n|player|p1|renanzinho jogador|clown|1111\n|player|p2|carpentry|alder|1185\n|gen|9\n|tier|[Gen 9 Champions] VGC 2026 Reg M-A\n|rated|\n|rule|Species Clause: Limit one of each Pok\u00e9mon\n|rule|Item Clause: Limit 1 of each item\n|clearpoke\n|poke|p1|Tyranitar, L50, F|\n|poke|p1|Delphox, L50, F|\n|poke|p1|Garchomp, L50, M|\n|poke|p1|Gyarados, L50, M|\n|poke|p1|Sinistcha, L50|\n|poke|p1|Sneasler, L50, F|\n|poke|p2|Scovillain, L50, F|\n|poke|p2|Palafin, L50, F|\n|poke|p2|Incineroar, L50, F|\n|poke|p2|Sinistcha, L50|\n|poke|p2|Ninetales-Alola, L50, F|\n|poke|p2|Glimmora, L50, M|\n|teampreview|4\n|inactive|Battle timer is ON: inactive players will automatically lose when time's up. (requested by renanzinho jogador)\n|inactive|carpentry has 60 seconds left.\n|\n|t:|1775948130\n|teamsize|p1|4\n|teamsize|p2|4\n|start\n|switch|p1a: Delphox|Delphox, L50, F|100/100\n|switch|p1b: Sneasler|Sneasler, L50, F|100/100\n|switch|p2a: Palafin|Palafin, L50, F|100/100\n|switch|p2b: Scovillain|Scovillain, L50, F|100/100\n|turn|1\n|\n|t:|1775948155\n|detailschange|p2a: Palafin|Palafin-Hero, L50, F\n|switch|p2a: Incineroar|Incineroar, L50, F|100/100\n|-ability|p2a: Incineroar|Intimidate|boost\n|-unboost|p1a: Delphox|atk|1\n|-unboost|p1b: Sneasler|atk|1\n|-enditem|p1b: Sneasler|White Herb\n|-clearnegativeboost|p1b: Sneasler|[silent]\n|detailschange|p1a: Delphox|Delphox-Mega, L50, F\n|-mega|p1a: Delphox|Delphox|Delphoxite\n|detailschange|p2b: Scovillain|Scovillain-Mega, L50, F\n|-mega|p2b: Scovillain|Scovillain|Scovillainite\n|move|p2b: Scovillain|Protect|p2b: Scovillain\n|-singleturn|p2b: Scovillain|Protect\n|move|p1b: Sneasler|Fake Out|p2a: Incineroar\n|-damage|p2a: Incineroar|87/100\n|move|p1a: Delphox|Heat Wave|p2a: Incineroar|[spread] p2a\n|-activate|p2b: Scovillain|move: Protect\n|-resisted|p2a: Incineroar|1\n|-damage|p2a: Incineroar|70/100\n|\n|upkeep\n|turn|2\n|inactive|carpentry has 30 seconds left.\n|inactive|carpentry has 20 seconds left.\n|inactive|carpentry has 15 seconds left.\n|\n|t:|1775948198\n|switch|p1b: Tyranitar|Tyranitar, L50, F|100/100\n|-weather|Sandstorm|[from] ability: Sand Stream|[of] p1b: Tyranitar\n|move|p1a: Delphox|Protect|p1a: Delphox\n|-singleturn|p1a: Delphox|Protect\n|move|p2b: Scovillain|Flamethrower|p1b: Tyranitar\n|-resisted|p1b: Tyranitar|1\n|-damage|p1b: Tyranitar|87/100\n|move|p2a: Incineroar|Darkest Lariat|p1a: Delphox\n|-activate|p1a: Delphox|move: Protect\n|\n|-weather|Sandstorm|[upkeep]\n|-damage|p1a: Delphox|95/100|[from] Sandstorm\n|-damage|p2b: Scovillain|95/100|[from] Sandstorm\n|-damage|p2a: Incineroar|64/100|[from] Sandstorm\n|upkeep\n|turn|3\n|inactive|renanzinho jogador has 30 seconds left.\n|inactive|carpentry has 30 seconds left.\n|inactive|carpentry has 20 seconds left.\n|\n|t:|1775948234\n|switch|p2b: Sinistcha|Sinistcha, L50|100/100\n|-heal|p2a: Incineroar|89/100|[from] ability: Hospitality|[of] p2b: Sinistcha\n|move|p1a: Delphox|Heat Wave|p2b: Sinistcha|[spread] p2a,p2b\n|-resisted|p2a: Incineroar|1\n|-supereffective|p2b: Sinistcha|1\n|-damage|p2a: Incineroar|71/100\n|-damage|p2b: Sinistcha|26/100\n|-status|p2b: Sinistcha|brn\n|-enditem|p2b: Sinistcha|Sitrus Berry|[eat]\n|-heal|p2b: Sinistcha|51/100 brn|[from] item: Sitrus Berry\n|move|p2a: Incineroar|Darkest Lariat|p1a: Delphox\n|-supereffective|p1a: Delphox|1\n|-crit|p1a: Delphox\n|-damage|p1a: Delphox|0 fnt\n|faint|p1a: Delphox\n|move|p1b: Tyranitar|Rock Slide|p2b: Sinistcha|[spread] p2a,p2b\n|-supereffective|p2a: Incineroar|1\n|-damage|p2a: Incineroar|5/100\n|-damage|p2b: Sinistcha|21/100 brn\n|\n|-weather|Sandstorm|[upkeep]\n|-damage|p2b: Sinistcha|15/100 brn|[from] Sandstorm\n|-damage|p2a: Incineroar|0 fnt|[from] Sandstorm\n|faint|p2a: Incineroar\n|-damage|p2b: Sinistcha|8/100 brn|[from] brn\n|upkeep\n|inactive|renanzinho jogador has 30 seconds left.\n|inactive|carpentry has 30 seconds left.\n|\n|t:|1775948260\n|switch|p1a: Garchomp|Garchomp, L50, M|100/100\n|switch|p2a: Palafin|Palafin-Hero, L50, F|100/100\n|-activate|p2a: Palafin|ability: Zero to Hero\n|turn|4\n|\n|t:|1775948281\n|switch|p2b: Scovillain|Scovillain-Mega, L50, F|95/100\n|move|p1b: Tyranitar|Protect|p1b: Tyranitar\n|-singleturn|p1b: Tyranitar|Protect\n|move|p1a: Garchomp|Earthquake|p2a: Palafin|[spread] p2a,p2b\n|-activate|p1b: Tyranitar|move: Protect\n|-damage|p2a: Palafin|65/100\n|-damage|p2b: Scovillain|45/100\n|-status|p1a: Garchomp|brn|[from] ability: Spicy Spray|[of] p2b: Scovillain\n|move|p2a: Palafin|Bulk Up|p2a: Palafin\n|-boost|p2a: Palafin|atk|1\n|-boost|p2a: Palafin|def|1\n|\n|-weather|Sandstorm|[upkeep]\n|-damage|p2a: Palafin|59/100|[from] Sandstorm\n|-damage|p2b: Scovillain|39/100|[from] Sandstorm\n|-heal|p2a: Palafin|65/100|[from] item: Leftovers\n|-damage|p1a: Garchomp|95/100 brn|[from] brn\n|upkeep\n|turn|5\n|inactive|carpentry has 30 seconds left.\n|inactive|carpentry has 20 seconds left.\n|inactive|carpentry has 15 seconds left.\n|\n|t:|1775948321\n|move|p1a: Garchomp|Dragon Claw|p2b: Scovillain\n|-damage|p2b: Scovillain|14/100\n|move|p2a: Palafin|Drain Punch|p1b: Tyranitar\n|-supereffective|p1b: Tyranitar|2\n|-damage|p1b: Tyranitar|0 fnt\n|-heal|p2a: Palafin|100/100|[from] drain|[of] p1b: Tyranitar\n|faint|p1b: Tyranitar\n|move|p2b: Scovillain|Flamethrower|p1a: Garchomp\n|-resisted|p1a: Garchomp|1\n|-damage|p1a: Garchomp|69/100 brn\n|\n|-weather|Sandstorm|[upkeep]\n|-damage|p2a: Palafin|95/100|[from] Sandstorm\n|-damage|p2b: Scovillain|8/100|[from] Sandstorm\n|-heal|p2a: Palafin|100/100|[from] item: Leftovers\n|-damage|p1a: Garchomp|63/100 brn|[from] brn\n|upkeep\n|\n|t:|1775948327\n|switch|p1b: Sneasler|Sneasler, L50, F|100/100\n|turn|6\n|inactive|carpentry has 30 seconds left.\n|\n|t:|1775948357\n|move|p1b: Sneasler|Fake Out|p2a: Palafin\n|-damage|p2a: Palafin|91/100\n|move|p2b: Scovillain|Rage Powder|p2b: Scovillain\n|-singleturn|p2b: Scovillain|move: Rage Powder\n|move|p1a: Garchomp|Dragon Claw|p2b: Scovillain\n|-damage|p2b: Scovillain|0 fnt\n|faint|p2b: Scovillain\n|cant|p2a: Palafin|flinch\n|\n|-weather|none\n|-heal|p2a: Palafin|97/100|[from] item: Leftovers\n|-damage|p1a: Garchomp|57/100 brn|[from] brn\n|upkeep\n|\n|t:|1775948368\n|switch|p2b: Sinistcha|Sinistcha, L50|8/100 brn\n|-heal|p2a: Palafin|100/100|[from] ability: Hospitality|[of] p2b: Sinistcha\n|turn|7\n|inactive|carpentry has 30 seconds left.\n|\n|t:|1775948396\n|move|p2b: Sinistcha|Protect|p2b: Sinistcha\n|-singleturn|p2b: Sinistcha|Protect\n|move|p2a: Palafin|Jet Punch|p1b: Sneasler\n|-damage|p1b: Sneasler|6/100\n|move|p1b: Sneasler|Dire Claw|p2a: Palafin\n|-damage|p2a: Palafin|70/100\n|move|p1a: Garchomp|Dragon Claw|p2a: Palafin\n|-crit|p2a: Palafin\n|-damage|p2a: Palafin|40/100\n|\n|-heal|p2a: Palafin|45/100|[from] item: Leftovers\n|-damage|p1a: Garchomp|51/100 brn|[from] brn\n|-damage|p2b: Sinistcha|2/100 brn|[from] brn\n|upkeep\n|turn|8\n|\n|t:|1775948417\n|move|p2a: Palafin|Jet Punch|p1b: Sneasler\n|-damage|p1b: Sneasler|0 fnt\n|faint|p1b: Sneasler\n|move|p1a: Garchomp|Earthquake|p2a: Palafin|[spread] p2a,p2b\n|-resisted|p2b: Sinistcha|1\n|-damage|p2a: Palafin|34/100\n|-damage|p2b: Sinistcha|0 fnt\n|faint|p2b: Sinistcha\n|\n|-heal|p2a: Palafin|40/100|[from] item: Leftovers\n|-damage|p1a: Garchomp|45/100 brn|[from] brn\n|upkeep\n|turn|9\n|\n|t:|1775948429\n|move|p1a: Garchomp|Dragon Claw|p2a: Palafin\n|-damage|p2a: Palafin|29/100\n|move|p2a: Palafin|Drain Punch|p1a: Garchomp\n|-damage|p1a: Garchomp|0 fnt\n|-heal|p2a: Palafin|48/100|[from] drain|[of] p1a: Garchomp\n|faint|p1a: Garchomp\n|\n|win|carpentry\n|raw|renanzinho jogador's rating: 1111 &rarr; <strong>1091</strong><br />(-20 for losing)\n|raw|carpentry's rating: 1185 &rarr; <strong>1205</strong><br />(+20 for winning)\n|l|\u2606renanzinho jogador\n|player|p1|\n",
  "uploadtime": 1775948492,
  "views": 15,
  "formatid": "gen9championsvgc2026regma",
  "rating": 1091,
  "private": 0,
  "password": null
}