{
  "id": "gen9championsvgc2026regma-2582055671",
  "format": "[Gen 9 Champions] VGC 2026 Reg M-A",
  "players": [
    "lOI0IOl",
    "SpiderKash"
  ],
  "log": "|j|\u2606lOI0IOl\n|j|\u2606SpiderKash\n|t:|1776052574\n|gametype|doubles\n|player|p1|lOI0IOl|266|1298\n|player|p2|SpiderKash|101|1349\n|gen|9\n|tier|[Gen 9 Champions] VGC 2026 Reg M-A\n|rated|\n|rule|Species Clause: Limit one of each Pok\u00e9mon\n|rule|Item Clause: Limit 1 of each item\n|clearpoke\n|poke|p1|Lopunny, L50, M|\n|poke|p1|Sableye, L50, M|\n|poke|p1|Rotom-Wash, L50|\n|poke|p1|Incineroar, L50, M|\n|poke|p1|Garchomp, L50, F|\n|poke|p1|Scizor, L50, F|\n|poke|p2|Dragapult, L50, M|\n|poke|p2|Sneasler, L50, F|\n|poke|p2|Incineroar, L50, M|\n|poke|p2|Scovillain, L50, M|\n|poke|p2|Maushold, L50|\n|poke|p2|Espathra, L50, M|\n|teampreview|4\n|inactive|Battle timer is ON: inactive players will automatically lose when time's up. (requested by lOI0IOl)\n|inactive|lOI0IOl has 60 seconds left.\n|inactive|SpiderKash has 60 seconds left.\n|\n|t:|1776052615\n|teamsize|p1|4\n|teamsize|p2|4\n|start\n|switch|p1a: Incineroar|Incineroar, L50, M|100/100\n|switch|p1b: Rotom|Rotom-Wash, L50|100/100\n|switch|p2a: Scovillain|Scovillain, L50, M|100/100\n|switch|p2b: Incineroar|Incineroar, L50, M|100/100\n|-ability|p2b: Incineroar|Intimidate|boost\n|-unboost|p1a: Incineroar|atk|1\n|-unboost|p1b: Rotom|atk|1\n|-ability|p1a: Incineroar|Intimidate|boost\n|-unboost|p2a: Scovillain|atk|1\n|-unboost|p2b: Incineroar|atk|1\n|turn|1\n|\n|t:|1776052634\n|move|p1b: Rotom|Protect|p1b: Rotom\n|-singleturn|p1b: Rotom|Protect\n|move|p2b: Incineroar|Fake Out|p1a: Incineroar\n|-crit|p1a: Incineroar\n|-damage|p1a: Incineroar|86/100\n|cant|p1a: Incineroar|flinch\n|move|p2a: Scovillain|Giga Drain|p1b: Rotom\n|-activate|p1b: Rotom|move: Protect\n|\n|-ability|p2a: Scovillain|Moody|boost\n|-boost|p2a: Scovillain|def|2\n|-unboost|p2a: Scovillain|spe|1\n|upkeep\n|turn|2\n|\n|t:|1776052659\n|move|p2a: Scovillain|Protect|p2a: Scovillain\n|-singleturn|p2a: Scovillain|Protect\n|move|p1b: Rotom|Hydro Pump|p2b: Incineroar\n|-supereffective|p2b: Incineroar|1\n|-damage|p2b: Incineroar|31/100\n|move|p2b: Incineroar|Parting Shot|p1b: Rotom\n|-unboost|p1b: Rotom|atk|1\n|-unboost|p1b: Rotom|spa|1\n|\n|t:|1776052666\n|switch|p2b: Maushold|Maushold, L50|100/100|[from] Parting Shot\n|move|p1a: Incineroar|Parting Shot|p2a: Scovillain\n|-activate|p2a: Scovillain|move: Protect\n|\n|-ability|p2a: Scovillain|Moody|boost\n|-boost|p2a: Scovillain|spa|2\n|-unboost|p2a: Scovillain|atk|1\n|upkeep\n|turn|3\n|\n|t:|1776052683\n|move|p2b: Maushold|Follow Me|p2b: Maushold\n|-singleturn|p2b: Maushold|move: Follow Me\n|move|p1b: Rotom|Volt Switch|p2b: Maushold\n|-damage|p2b: Maushold|82/100\n|\n|t:|1776052689\n|switch|p1b: Sableye|Sableye, L50, M, shiny|100/100|[from] Volt Switch\n|move|p1a: Incineroar|Taunt|p2b: Maushold\n|-start|p2b: Maushold|move: Taunt\n|move|p2a: Scovillain|Giga Drain|p1b: Sableye\n|-damage|p1b: Sableye|35/100\n|\n|-ability|p2a: Scovillain|Moody|boost\n|-boost|p2a: Scovillain|spa|2\n|-unboost|p2a: Scovillain|spd|1\n|upkeep\n|turn|4\n|inactive|lOI0IOl has 30 seconds left.\n|\n|t:|1776052714\n|switch|p2b: Incineroar|Incineroar, L50, M|31/100\n|-ability|p2b: Incineroar|Intimidate|boost\n|-unboost|p1a: Incineroar|atk|1\n|-unboost|p1b: Sableye|atk|1\n|move|p1b: Sableye|Encore|p2b: Incineroar\n|-hint|Since gen 7, Dark is immune to Prankster moves.\n|-immune|p2b: Incineroar\n|move|p1a: Incineroar|Flare Blitz|p2a: Scovillain\n|-damage|p2a: Scovillain|88/100\n|-damage|p1a: Incineroar|82/100|[from] Recoil\n|move|p2a: Scovillain|Giga Drain|p1b: Sableye\n|-damage|p1b: Sableye|0 fnt\n|-heal|p2a: Scovillain|100/100|[from] drain|[of] p1b: Sableye\n|faint|p1b: Sableye\n|\n|-ability|p2a: Scovillain|Moody|boost\n|-boost|p2a: Scovillain|def|2\n|-unboost|p2a: Scovillain|spe|1\n|upkeep\n|inactive|lOI0IOl has 30 seconds left.\n|\n|t:|1776052745\n|switch|p1b: Rotom|Rotom-Wash, L50|100/100\n|turn|5\n|-message|lOI0IOl forfeited.\n|\n|win|SpiderKash\n|raw|lOI0IOl's rating: 1298 &rarr; <strong>1277</strong><br />(-21 for losing)\n|raw|SpiderKash's rating: 1349 &rarr; <strong>1366</strong><br />(+17 for winning)\n|l|\u2606lOI0IOl\n|player|p1|\n",
  "uploadtime": 1776052757,
  "views": 52,
  "formatid": "gen9championsvgc2026regma",
  "rating": 1277,
  "private": 0,
  "password": null
}