{
  "id": "gen9championsvgc2026regma-2588927071",
  "format": "[Gen 9 Champions] VGC 2026 Reg M-A",
  "players": [
    "asdffggww",
    "Bomberyuu"
  ],
  "log": "|j|\u2606asdffggww\n|j|\u2606Bomberyuu\n|t:|1776686635\n|gametype|doubles\n|player|p1|asdffggww|dawn|1047\n|player|p2|Bomberyuu|byron|1145\n|gen|9\n|tier|[Gen 9 Champions] VGC 2026 Reg M-A\n|rated|\n|rule|Species Clause: Limit one of each Pok\u00e9mon\n|rule|Item Clause: Limit 1 of each item\n|clearpoke\n|poke|p1|Farigiraf, L50, M|\n|poke|p1|Torkoal, L50, M, shiny|\n|poke|p1|Bellibolt, L50, M|\n|poke|p1|Scizor, L50, F|\n|poke|p1|Azumarill, L50, M|\n|poke|p1|Meganium, L50, F, shiny|\n|poke|p2|Incineroar, L50, F|\n|poke|p2|Basculegion-F, L50, F|\n|poke|p2|Pelipper, L50, M|\n|poke|p2|Garchomp, L50, F|\n|poke|p2|Sinistcha, L50|\n|poke|p2|Floette-Eternal, L50, F|\n|teampreview|4\n|inactive|Battle timer is ON: inactive players will automatically lose when time's up. (requested by asdffggww)\n|inactive|asdffggww has 60 seconds left.\n|\n|t:|1776686671\n|teamsize|p1|4\n|teamsize|p2|4\n|start\n|switch|p1a: Farigiraf|Farigiraf, L50, M|100/100\n|switch|p1b: Scizor|Scizor, L50, F|100/100\n|switch|p2a: Incineroar|Incineroar, L50, F|100/100\n|switch|p2b: Floette|Floette-Eternal, L50, F|100/100\n|-ability|p2a: Incineroar|Intimidate|boost\n|-unboost|p1a: Farigiraf|atk|1\n|-unboost|p1b: Scizor|atk|1\n|turn|1\n|\n|t:|1776686690\n|detailschange|p2b: Floette|Floette-Mega, L50, F\n|-mega|p2b: Floette|Floette|Floettite\n|-ability|p2b: Floette|Fairy Aura\n|move|p1b: Scizor|Protect|p1b: Scizor\n|-singleturn|p1b: Scizor|Protect\n|move|p2b: Floette|Calm Mind|p2b: Floette\n|-boost|p2b: Floette|spa|1\n|-boost|p2b: Floette|spd|1\n|move|p2a: Incineroar|Will-O-Wisp|p1b: Scizor\n|-activate|p1b: Scizor|move: Protect\n|move|p1a: Farigiraf|Trick Room|p1a: Farigiraf\n|-fieldstart|move: Trick Room|[of] p1a: Farigiraf\n|\n|upkeep\n|turn|2\n|inactive|asdffggww has 30 seconds left.\n|inactive|Bomberyuu has 30 seconds left.\n|inactive|asdffggww has 20 seconds left.\n|\n|t:|1776686725\n|move|p1b: Scizor|Swords Dance|p1b: Scizor\n|-boost|p1b: Scizor|atk|2\n|move|p1a: Farigiraf|Psychic|p2b: Floette\n|-damage|p2b: Floette|80/100\n|move|p2a: Incineroar|Will-O-Wisp|p1a: Farigiraf|[miss]\n|-miss|p2a: Incineroar|p1a: Farigiraf\n|move|p2b: Floette|Dazzling Gleam|p1b: Scizor|[spread] p1a,p1b\n|-crit|p1a: Farigiraf\n|-resisted|p1b: Scizor|1\n|-damage|p1a: Farigiraf|0 fnt\n|-damage|p1b: Scizor|53/100\n|faint|p1a: Farigiraf\n|\n|upkeep\n|\n|t:|1776686740\n|switch|p1a: Torkoal|Torkoal, L50, M, shiny|100/100\n|-weather|SunnyDay|[from] ability: Drought|[of] p1a: Torkoal\n|turn|3\n|\n|t:|1776686756\n|move|p1b: Scizor|Bullet Punch|p2b: Floette\n|-supereffective|p2b: Floette|1\n|-damage|p2b: Floette|0 fnt\n|faint|p2b: Floette\n|move|p1a: Torkoal|Earth Power|p2a: Incineroar\n|-supereffective|p2a: Incineroar|1\n|-damage|p2a: Incineroar|64/100\n|move|p2a: Incineroar|Parting Shot|p1b: Scizor\n|-unboost|p1b: Scizor|atk|1\n|-unboost|p1b: Scizor|spa|1\n|\n|t:|1776686768\n|switch|p2a: Garchomp|Garchomp, L50, F|100/100|[from] Parting Shot\n|\n|-weather|SunnyDay|[upkeep]\n|upkeep\n|\n|t:|1776686773\n|switch|p2b: Sinistcha|Sinistcha, L50|100/100\n|turn|4\n|\n|t:|1776686785\n|move|p1a: Torkoal|Eruption|p2b: Sinistcha|[spread] p2a,p2b\n|-resisted|p2a: Garchomp|1\n|-supereffective|p2b: Sinistcha|1\n|-damage|p2a: Garchomp|59/100\n|-damage|p2b: Sinistcha|0 fnt\n|faint|p2b: Sinistcha\n|move|p1b: Scizor|Swords Dance|p1b: Scizor\n|-boost|p1b: Scizor|atk|2\n|move|p2a: Garchomp|Stomping Tantrum|p1b: Scizor\n|-damage|p1b: Scizor|14/100\n|\n|-weather|SunnyDay|[upkeep]\n|upkeep\n|\n|t:|1776686798\n|switch|p2b: Incineroar|Incineroar, L50, F|64/100\n|-ability|p2b: Incineroar|Intimidate|boost\n|-unboost|p1a: Torkoal|atk|1\n|-unboost|p1b: Scizor|atk|1\n|turn|5\n|\n|t:|1776686808\n|move|p2b: Incineroar|Fake Out|p1a: Torkoal\n|-damage|p1a: Torkoal|92/100\n|cant|p1a: Torkoal|flinch\n|move|p1b: Scizor|Close Combat|p2b: Incineroar\n|-supereffective|p2b: Incineroar|1\n|-damage|p2b: Incineroar|0 fnt\n|-unboost|p1b: Scizor|def|1\n|-unboost|p1b: Scizor|spd|1\n|faint|p2b: Incineroar\n|move|p2a: Garchomp|Rock Slide|p1b: Scizor|[spread] p1a,p1b\n|-supereffective|p1a: Torkoal|1\n|-damage|p1a: Torkoal|62/100\n|-damage|p1b: Scizor|0 fnt\n|faint|p1b: Scizor\n|\n|-weather|SunnyDay|[upkeep]\n|-fieldend|move: Trick Room\n|upkeep\n|-message|Bomberyuu forfeited.\n|\n|win|asdffggww\n|raw|asdffggww's rating: 1047 &rarr; <strong>1089</strong><br />(+42 for winning)\n|raw|Bomberyuu's rating: 1145 &rarr; <strong>1113</strong><br />(-32 for losing)\n|l|\u2606Bomberyuu\n|player|p2|\n",
  "uploadtime": 1776686831,
  "views": 7,
  "formatid": "gen9championsvgc2026regma",
  "rating": 1089,
  "private": 0,
  "password": null
}