{
  "id": "gen9championsvgc2026regma-2587226070",
  "format": "[Gen 9 Champions] VGC 2026 Reg M-A",
  "players": [
    "saccharine6767",
    "lolgz"
  ],
  "log": "|j|\u2606saccharine6767\n|j|\u2606lolgz\n|t:|1776511444\n|gametype|doubles\n|player|p1|saccharine6767|170|1327\n|player|p2|lolgz|dawn|1228\n|gen|9\n|tier|[Gen 9 Champions] VGC 2026 Reg M-A\n|rated|\n|rule|Species Clause: Limit one of each Pok\u00e9mon\n|rule|Item Clause: Limit 1 of each item\n|clearpoke\n|poke|p1|Sinistcha, L50|\n|poke|p1|Milotic, L50, F|\n|poke|p1|Corviknight, L50, M|\n|poke|p1|Incineroar, L50, F|\n|poke|p1|Tyranitar, L50, M|\n|poke|p1|Excadrill, L50, F|\n|poke|p2|Charizard, L50, F|\n|poke|p2|Venusaur, L50, F|\n|poke|p2|Milotic, L50, F|\n|poke|p2|Incineroar, L50, M|\n|poke|p2|Garchomp, L50, F|\n|poke|p2|Gardevoir, L50, F|\n|teampreview|4\n|\n|t:|1776511538\n|teamsize|p1|4\n|teamsize|p2|4\n|start\n|switch|p1a: Milotic|Milotic, L50, F|100/100\n|switch|p1b: Excadrill|Excadrill, L50, F|100/100\n|switch|p2a: Gardevoir|Gardevoir, L50, F|100/100\n|switch|p2b: Garchomp|Garchomp, L50, F|100/100\n|turn|1\n|\n|t:|1776511580\n|move|p2a: Gardevoir|Icy Wind|p1b: Excadrill|[spread] p1a,p1b\n|-resisted|p1a: Milotic|1\n|-damage|p1a: Milotic|96/100\n|-damage|p1b: Excadrill|80/100\n|-unboost|p1a: Milotic|spe|1\n|-ability|p1a: Milotic|Competitive|boost\n|-boost|p1a: Milotic|spa|2\n|-unboost|p1b: Excadrill|spe|1\n|move|p2b: Garchomp|Earthquake|p1b: Excadrill|[spread] p2a,p1a,p1b\n|-supereffective|p1b: Excadrill|1\n|-damage|p2a: Gardevoir|18/100\n|-damage|p1a: Milotic|53/100\n|-damage|p1b: Excadrill|0 fnt\n|faint|p1b: Excadrill\n|move|p1a: Milotic|Muddy Water|p2b: Garchomp|[spread] p2a,p2b\n|-damage|p2a: Gardevoir|0 fnt\n|-damage|p2b: Garchomp|38/100\n|faint|p2a: Gardevoir\n|\n|-heal|p1a: Milotic|59/100|[from] item: Leftovers\n|upkeep\n|\n|t:|1776511594\n|switch|p1b: Incineroar|Incineroar, L50, F|100/100\n|switch|p2a: Milotic|Milotic, L50, F|100/100\n|-ability|p1b: Incineroar|Intimidate|boost\n|-unboost|p2a: Milotic|atk|1\n|-ability|p2a: Milotic|Competitive|boost\n|-boost|p2a: Milotic|spa|2\n|-unboost|p2b: Garchomp|atk|1\n|turn|2\n|\n|t:|1776511633\n|move|p2b: Garchomp|Protect|p2b: Garchomp\n|-singleturn|p2b: Garchomp|Protect\n|move|p2a: Milotic|Protect|p2a: Milotic\n|-singleturn|p2a: Milotic|Protect\n|move|p1b: Incineroar|Fake Out|p2b: Garchomp\n|-activate|p2b: Garchomp|move: Protect\n|move|p1a: Milotic|Muddy Water|p2a: Milotic|[spread] \n|-activate|p2a: Milotic|move: Protect\n|-activate|p2b: Garchomp|move: Protect\n|\n|-heal|p1a: Milotic|65/100|[from] item: Leftovers\n|upkeep\n|turn|3\n|\n|t:|1776511695\n|move|p2b: Garchomp|Dragon Claw|p1a: Milotic\n|-damage|p1a: Milotic|37/100\n|move|p2a: Milotic|Scald|p1a: Milotic\n|-resisted|p1a: Milotic|1\n|-damage|p1a: Milotic|17/100\n|-status|p1a: Milotic|brn\n|move|p1b: Incineroar|Darkest Lariat|p2a: Milotic\n|-crit|p2a: Milotic\n|-damage|p2a: Milotic|46/100\n|move|p1a: Milotic|Ice Beam|p2b: Garchomp\n|-supereffective|p2b: Garchomp|2\n|-damage|p2b: Garchomp|0 fnt\n|faint|p2b: Garchomp\n|\n|-heal|p2a: Milotic|52/100|[from] item: Leftovers\n|-heal|p1a: Milotic|23/100 brn|[from] item: Leftovers\n|-damage|p1a: Milotic|17/100 brn|[from] brn\n|upkeep\n|\n|t:|1776511701\n|switch|p2b: Incineroar|Incineroar, L50, M|100/100\n|-ability|p2b: Incineroar|Intimidate|boost\n|-unboost|p1a: Milotic|atk|1\n|-ability|p1a: Milotic|Competitive|boost\n|-boost|p1a: Milotic|spa|2\n|-unboost|p1b: Incineroar|atk|1\n|turn|4\n|\n|t:|1776511728\n|switch|p1b: Tyranitar|Tyranitar, L50, M|100/100\n|-weather|Sandstorm|[from] ability: Sand Stream|[of] p1b: Tyranitar\n|move|p1a: Milotic|Protect|p1a: Milotic\n|-singleturn|p1a: Milotic|Protect\n|move|p2b: Incineroar|Fake Out|p1a: Milotic\n|-activate|p1a: Milotic|move: Protect\n|move|p2a: Milotic|Scald|p1b: Tyranitar\n|-supereffective|p1b: Tyranitar|1\n|-damage|p1b: Tyranitar|24/100\n|\n|-weather|Sandstorm|[upkeep]\n|-damage|p2a: Milotic|46/100|[from] Sandstorm\n|-damage|p2b: Incineroar|95/100|[from] Sandstorm\n|-damage|p1a: Milotic|11/100 brn|[from] Sandstorm\n|-heal|p2a: Milotic|52/100|[from] item: Leftovers\n|-heal|p1a: Milotic|17/100 brn|[from] item: Leftovers\n|-damage|p1a: Milotic|11/100 brn|[from] brn\n|upkeep\n|turn|5\n|\n|t:|1776511765\n|switch|p1a: Incineroar|Incineroar, L50, F|100/100\n|-ability|p1a: Incineroar|Intimidate|boost\n|-unboost|p2a: Milotic|atk|1\n|-ability|p2a: Milotic|Competitive|boost\n|-boost|p2a: Milotic|spa|2\n|-unboost|p2b: Incineroar|atk|1\n|detailschange|p1b: Tyranitar|Tyranitar-Mega, L50, M\n|-mega|p1b: Tyranitar|Tyranitar|Tyranitarite\n|move|p2a: Milotic|Scald|p1b: Tyranitar\n|-supereffective|p1b: Tyranitar|1\n|-damage|p1b: Tyranitar|0 fnt\n|faint|p1b: Tyranitar\n|move|p2b: Incineroar|Throat Chop|p1a: Incineroar\n|-resisted|p1a: Incineroar|1\n|-damage|p1a: Incineroar|91/100\n|-start|p1a: Incineroar|Throat Chop|[silent]\n|\n|-weather|Sandstorm|[upkeep]\n|-damage|p2a: Milotic|46/100|[from] Sandstorm\n|-damage|p2b: Incineroar|89/100|[from] Sandstorm\n|-damage|p1a: Incineroar|85/100|[from] Sandstorm\n|-heal|p2a: Milotic|52/100|[from] item: Leftovers\n|upkeep\n|\n|t:|1776511777\n|switch|p1b: Milotic|Milotic, L50, F|11/100 brn\n|turn|6\n|\n|t:|1776511799\n|move|p2a: Milotic|Protect|p2a: Milotic\n|-singleturn|p2a: Milotic|Protect\n|move|p1a: Incineroar|Fake Out|p2b: Incineroar\n|-damage|p2b: Incineroar|80/100\n|move|p1b: Milotic|Recover|p1b: Milotic\n|-heal|p1b: Milotic|61/100 brn\n|cant|p2b: Incineroar|flinch\n|\n|-weather|Sandstorm|[upkeep]\n|-damage|p2a: Milotic|46/100|[from] Sandstorm\n|-damage|p1b: Milotic|55/100 brn|[from] Sandstorm\n|-damage|p1a: Incineroar|79/100|[from] Sandstorm\n|-damage|p2b: Incineroar|74/100|[from] Sandstorm\n|-heal|p2a: Milotic|52/100|[from] item: Leftovers\n|-heal|p1b: Milotic|61/100 brn|[from] item: Leftovers\n|-damage|p1b: Milotic|55/100 brn|[from] brn\n|-end|p1a: Incineroar|Throat Chop|[silent]\n|upkeep\n|turn|7\n|\n|t:|1776511833\n|move|p2a: Milotic|Scald|p1a: Incineroar\n|-supereffective|p1a: Incineroar|1\n|-damage|p1a: Incineroar|0 fnt\n|faint|p1a: Incineroar\n|move|p1b: Milotic|Muddy Water|p2a: Milotic|[spread] p2a,p2b\n|-resisted|p2a: Milotic|1\n|-supereffective|p2b: Incineroar|1\n|-damage|p2a: Milotic|40/100\n|-damage|p2b: Incineroar|25/100\n|-enditem|p2b: Incineroar|Sitrus Berry|[eat]\n|-heal|p2b: Incineroar|50/100|[from] item: Sitrus Berry\n|move|p2b: Incineroar|Throat Chop|p1b: Milotic\n|-damage|p1b: Milotic|34/100 brn\n|-start|p1b: Milotic|Throat Chop|[silent]\n|\n|-weather|Sandstorm|[upkeep]\n|-damage|p2a: Milotic|34/100|[from] Sandstorm\n|-damage|p1b: Milotic|28/100 brn|[from] Sandstorm\n|-damage|p2b: Incineroar|44/100|[from] Sandstorm\n|-heal|p2a: Milotic|40/100|[from] item: Leftovers\n|-heal|p1b: Milotic|34/100 brn|[from] item: Leftovers\n|-damage|p1b: Milotic|28/100 brn|[from] brn\n|upkeep\n|turn|8\n|\n|t:|1776511843\n|move|p2a: Milotic|Recover|p2a: Milotic\n|-heal|p2a: Milotic|90/100\n|move|p1b: Milotic|Muddy Water|p2b: Incineroar|[spread] p2b\n|-miss|p1b: Milotic|p2a: Milotic\n|-supereffective|p2b: Incineroar|1\n|-damage|p2b: Incineroar|0 fnt\n|faint|p2b: Incineroar\n|\n|-weather|none\n|-heal|p2a: Milotic|96/100|[from] item: Leftovers\n|-heal|p1b: Milotic|34/100 brn|[from] item: Leftovers\n|-damage|p1b: Milotic|28/100 brn|[from] brn\n|-end|p1b: Milotic|Throat Chop|[silent]\n|upkeep\n|turn|9\n|\n|t:|1776511853\n|move|p2a: Milotic|Scald|p1b: Milotic\n|-resisted|p1b: Milotic|1\n|-damage|p1b: Milotic|0 fnt\n|faint|p1b: Milotic\n|\n|win|lolgz\n|raw|saccharine6767's rating: 1327 &rarr; <strong>1301</strong><br />(-26 for losing)\n|raw|lolgz's rating: 1228 &rarr; <strong>1260</strong><br />(+32 for winning)\n",
  "uploadtime": 1776511853,
  "views": 33,
  "formatid": "gen9championsvgc2026regma",
  "rating": 1260,
  "private": 0,
  "password": null
}