{
  "id": "gen9championsvgc2026regma-2585125317",
  "format": "[Gen 9 Champions] VGC 2026 Reg M-A",
  "players": [
    "mait27",
    "desertcucco"
  ],
  "log": "|j|\u2606mait27\n|j|\u2606desertcucco\n|t:|1776314740\n|gametype|doubles\n|player|p1|mait27|170|1045\n|player|p2|desertcucco|266|1101\n|gen|9\n|tier|[Gen 9 Champions] VGC 2026 Reg M-A\n|rated|\n|rule|Species Clause: Limit one of each Pok\u00e9mon\n|rule|Item Clause: Limit 1 of each item\n|clearpoke\n|poke|p1|Tyranitar, L50, F|\n|poke|p1|Dragonite, L50, M|\n|poke|p1|Whimsicott, L50, F|\n|poke|p1|Garchomp, L50, M|\n|poke|p1|Arcanine, L50, M|\n|poke|p1|Sylveon, L50, M|\n|poke|p2|Aerodactyl, L50, M|\n|poke|p2|Basculegion, L50, M|\n|poke|p2|Sneasler, L50, M|\n|poke|p2|Aegislash, L50, M|\n|poke|p2|Kingambit, L50, M|\n|poke|p2|Delphox, L50, M|\n|teampreview|4\n|inactive|Battle timer is ON: inactive players will automatically lose when time's up. (requested by desertcucco)\n|inactive|mait27 has 60 seconds left.\n|inactive|desertcucco has 60 seconds left.\n|\n|t:|1776314793\n|teamsize|p1|4\n|teamsize|p2|4\n|start\n|switch|p1a: Dragonite|Dragonite, L50, M|100/100\n|switch|p1b: Garchomp|Garchomp, L50, M|100/100\n|switch|p2a: Sneasler|Sneasler, L50, M|100/100\n|switch|p2b: Basculegion|Basculegion, L50, M|100/100\n|turn|1\n|inactive|desertcucco has 30 seconds left.\n|\n|t:|1776314824\n|switch|p2b: Delphox|Delphox, L50, M|100/100\n|move|p2a: Sneasler|Fake Out|p1b: Garchomp\n|-damage|p1b: Garchomp|86/100\n|-damage|p2a: Sneasler|88/100|[from] ability: Rough Skin|[of] p1b: Garchomp\n|cant|p1b: Garchomp|flinch\n|move|p1a: Dragonite|Tailwind|p1a: Dragonite\n|-sidestart|p1: mait27|move: Tailwind\n|\n|-heal|p1b: Garchomp|92/100|[from] item: Leftovers\n|upkeep\n|turn|2\n|inactive|desertcucco has 30 seconds left.\n|\n|t:|1776314851\n|switch|p2a: Aegislash|Aegislash, L50, M|100/100\n|detailschange|p2b: Delphox|Delphox-Mega, L50, M\n|-mega|p2b: Delphox|Delphox|Delphoxite\n|move|p1b: Garchomp|Rock Slide|p2a: Aegislash|[spread] p2a,p2b\n|-resisted|p2a: Aegislash|1\n|-supereffective|p2b: Delphox|1\n|-damage|p2a: Aegislash|93/100\n|-damage|p2b: Delphox|41/100\n|move|p2b: Delphox|Psychic|p1b: Garchomp\n|-damage|p1b: Garchomp|30/100\n|move|p1a: Dragonite|Thunderbolt|p2a: Aegislash\n|-damage|p2a: Aegislash|69/100\n|\n|-heal|p1b: Garchomp|36/100|[from] item: Leftovers\n|upkeep\n|turn|3\n|inactive|mait27 has 30 seconds left.\n|inactive|mait27 has 20 seconds left.\n|inactive|mait27 has 15 seconds left.\n|\n|t:|1776314892\n|move|p2b: Delphox|Protect|p2b: Delphox\n|-singleturn|p2b: Delphox|Protect\n|move|p1b: Garchomp|Rock Slide|p2a: Aegislash|[spread] \n|-activate|p2b: Delphox|move: Protect\n|-miss|p1b: Garchomp|p2a: Aegislash\n|move|p1a: Dragonite|Thunderbolt|p2a: Aegislash\n|-damage|p2a: Aegislash|43/100\n|-formechange|p2a: Aegislash|Aegislash-Blade|\n|move|p2a: Aegislash|Poltergeist|p1b: Garchomp\n|-activate|p1b: Garchomp|move: Poltergeist|Leftovers\n|-damage|p1b: Garchomp|0 fnt\n|faint|p1b: Garchomp\n|\n|upkeep\n|\n|t:|1776314904\n|switch|p1b: Tyranitar|Tyranitar, L50, F|100/100\n|-weather|Sandstorm|[from] ability: Sand Stream|[of] p1b: Tyranitar\n|turn|4\n|\n|t:|1776314927\n|detailschange|p1b: Tyranitar|Tyranitar-Mega, L50, F\n|-mega|p1b: Tyranitar|Tyranitar|Tyranitarite\n|-formechange|p2a: Aegislash|Aegislash|\n|move|p2a: Aegislash|King's Shield|p2a: Aegislash\n|-singleturn|p2a: Aegislash|Protect\n|move|p1a: Dragonite|Extreme Speed|p2b: Delphox\n|-damage|p2b: Delphox|3/100\n|move|p1b: Tyranitar|Dragon Dance|p1b: Tyranitar\n|-boost|p1b: Tyranitar|atk|1\n|-boost|p1b: Tyranitar|spe|1\n|move|p2b: Delphox|Heat Wave|p1a: Dragonite|[spread] p1a,p1b\n|-resisted|p1a: Dragonite|1\n|-resisted|p1b: Tyranitar|1\n|-damage|p1a: Dragonite|81/100\n|-damage|p1b: Tyranitar|88/100\n|\n|-weather|Sandstorm|[upkeep]\n|-damage|p2b: Delphox|0 fnt|[from] Sandstorm\n|-damage|p1a: Dragonite|75/100|[from] Sandstorm\n|faint|p2b: Delphox\n|-sideend|p1: mait27|move: Tailwind\n|upkeep\n|\n|t:|1776314948\n|switch|p2b: Basculegion|Basculegion, L50, M|100/100\n|turn|5\n|\n|t:|1776314973\n|move|p1b: Tyranitar|Protect|p1b: Tyranitar\n|-singleturn|p1b: Tyranitar|Protect\n|move|p2b: Basculegion|Wave Crash|p1b: Tyranitar\n|-activate|p1b: Tyranitar|move: Protect\n|move|p1a: Dragonite|Tailwind|p1a: Dragonite\n|-sidestart|p1: mait27|move: Tailwind\n|-formechange|p2a: Aegislash|Aegislash-Blade|\n|move|p2a: Aegislash|Poltergeist|p1a: Dragonite\n|-activate|p1a: Dragonite|move: Poltergeist|Dragoninite\n|-damage|p1a: Dragonite|0 fnt\n|faint|p1a: Dragonite\n|\n|-weather|Sandstorm|[upkeep]\n|-damage|p2b: Basculegion|94/100|[from] Sandstorm\n|upkeep\n|\n|t:|1776314986\n|switch|p1a: Arcanine|Arcanine, L50, M|100/100\n|-ability|p1a: Arcanine|Intimidate|boost\n|-unboost|p2a: Aegislash|atk|1\n|-unboost|p2b: Basculegion|atk|1\n|turn|6\n|\n|t:|1776315000\n|move|p1b: Tyranitar|Knock Off|p2b: Basculegion\n|-supereffective|p2b: Basculegion|1\n|-damage|p2b: Basculegion|0 fnt\n|-enditem|p2b: Basculegion|Sitrus Berry|[from] move: Knock Off|[of] p1b: Tyranitar\n|faint|p2b: Basculegion\n|move|p1a: Arcanine|Will-O-Wisp|p2a: Aegislash\n|-status|p2a: Aegislash|brn\n|move|p2a: Aegislash|Poltergeist|p1a: Arcanine|[miss]\n|-miss|p2a: Aegislash|p1a: Arcanine\n|\n|-weather|Sandstorm|[upkeep]\n|-damage|p1a: Arcanine|94/100|[from] Sandstorm\n|-damage|p2a: Aegislash|37/100 brn|[from] brn\n|upkeep\n|\n|t:|1776315015\n|switch|p2b: Sneasler|Sneasler, L50, M|88/100\n|turn|7\n|\n|t:|1776315039\n|move|p1b: Tyranitar|Protect|p1b: Tyranitar\n|-singleturn|p1b: Tyranitar|Protect\n|move|p1a: Arcanine|Flare Blitz|p2b: Sneasler\n|-damage|p2b: Sneasler|0 fnt\n|faint|p2b: Sneasler\n|-damage|p1a: Arcanine|67/100|[from] Recoil\n|move|p2a: Aegislash|Poltergeist|p1a: Arcanine\n|-activate|p1a: Arcanine|move: Poltergeist|Sitrus Berry\n|-damage|p1a: Arcanine|32/100\n|-enditem|p1a: Arcanine|Sitrus Berry|[eat]\n|-heal|p1a: Arcanine|57/100|[from] item: Sitrus Berry\n|\n|-weather|Sandstorm|[upkeep]\n|-damage|p1a: Arcanine|51/100|[from] Sandstorm\n|-damage|p2a: Aegislash|31/100 brn|[from] brn\n|upkeep\n|turn|8\n|-message|desertcucco forfeited.\n|\n|win|mait27\n|raw|mait27's rating: 1045 &rarr; <strong>1084</strong><br />(+39 for winning)\n|raw|desertcucco's rating: 1101 &rarr; <strong>1072</strong><br />(-29 for losing)\n|l|\u2606desertcucco\n|player|p2|\n",
  "uploadtime": 1776315056,
  "views": 25,
  "formatid": "gen9championsvgc2026regma",
  "rating": 1072,
  "private": 0,
  "password": null
}