{
  "id": "gen9championsvgc2026regma-2584838913",
  "format": "[Gen 9 Champions] VGC 2026 Reg M-A",
  "players": [
    "fab2.0",
    "zuiyyy"
  ],
  "log": "|j|\u2606fab2.0\n|j|\u2606zuiyyy\n|t:|1776287633\n|gametype|doubles\n|player|p1|fab2.0|266|1023\n|player|p2|zuiyyy|266|1000\n|gen|9\n|tier|[Gen 9 Champions] VGC 2026 Reg M-A\n|rated|\n|rule|Species Clause: Limit one of each Pok\u00e9mon\n|rule|Item Clause: Limit 1 of each item\n|clearpoke\n|poke|p1|Rotom-Wash, L50|\n|poke|p1|Aerodactyl, L50, M|\n|poke|p1|Aegislash, L50, F|\n|poke|p1|Chesnaught, L50, F|\n|poke|p1|Incineroar, L50, F|\n|poke|p1|Ninetales-Alola, L50, F|\n|poke|p2|Banette, L50, M|\n|poke|p2|Maushold, L50|\n|poke|p2|Wyrdeer, L50, F|\n|poke|p2|Rhyperior, L50, M|\n|poke|p2|Hydrapple, L50, F|\n|poke|p2|Kingambit, L50, F|\n|teampreview|4\nzuiyyy rejected open team sheets.\n|\n|t:|1776287676\n|teamsize|p1|4\n|teamsize|p2|4\n|start\n|switch|p1a: Incineroar|Incineroar, L50, F|100/100\n|switch|p1b: Chesnaught|Chesnaught, L50, F|100/100\n|switch|p2a: The Deer|Wyrdeer, L50, F|100/100\n|switch|p2b: Malphite|Rhyperior, L50, M|100/100\n|-ability|p1a: Incineroar|Intimidate|boost\n|-unboost|p2a: The Deer|atk|1\n|-unboost|p2b: Malphite|atk|1\n|-ability|p2a: The Deer|Intimidate|boost\n|-unboost|p1a: Incineroar|atk|1\n|-unboost|p1b: Chesnaught|atk|1\n|turn|1\n|\n|t:|1776287723\n|move|p2b: Malphite|Protect|p2b: Malphite\n|-singleturn|p2b: Malphite|Protect\n|move|p1b: Chesnaught|Bulk Up|p1b: Chesnaught\n|-boost|p1b: Chesnaught|atk|1\n|-boost|p1b: Chesnaught|def|1\n|move|p1a: Incineroar|Taunt|p2a: The Deer\n|-start|p2a: The Deer|move: Taunt\n|-enditem|p2a: The Deer|Mental Herb\n|-end|p2a: The Deer|move: Taunt\n|move|p2a: The Deer|Trick Room|p2a: The Deer\n|-fieldstart|move: Trick Room|[of] p2a: The Deer\n|\n|upkeep\n|turn|2\n|l|\u2606fab2.0\n|player|p1|\n|j|\u2606fab2.0\n|player|p1|fab2.0|266|\n|\n|t:|1776287770\n|move|p2b: Malphite|Rock Slide|p1b: Chesnaught|[spread] p1a,p1b\n|-supereffective|p1a: Incineroar|1\n|-crit|p1a: Incineroar\n|-resisted|p1b: Chesnaught|1\n|-damage|p1a: Incineroar|28/100\n|-damage|p1b: Chesnaught|96/100\n|-enditem|p1a: Incineroar|Sitrus Berry|[eat]\n|-heal|p1a: Incineroar|53/100|[from] item: Sitrus Berry\n|move|p2a: The Deer|Psychic|p1b: Chesnaught\n|-supereffective|p1b: Chesnaught|1\n|-damage|p1b: Chesnaught|0 fnt\n|faint|p1b: Chesnaught\n|cant|p1a: Incineroar|flinch\n|\n|upkeep\n|\n|t:|1776287791\n|switch|p1b: Aegislash|Aegislash, L50, F|100/100\n|turn|3\n|\n|t:|1776287810\n|move|p1b: Aegislash|King's Shield|p1b: Aegislash\n|-singleturn|p1b: Aegislash|Protect\n|move|p2b: Malphite|High Horsepower|p1b: Aegislash\n|-activate|p1b: Aegislash|move: Protect\n|-unboost|p2b: Malphite|atk|1\n|move|p2a: The Deer|Psychic|p1b: Aegislash\n|-activate|p1b: Aegislash|move: Protect\n|move|p1a: Incineroar|Darkest Lariat|p2a: The Deer\n|-supereffective|p2a: The Deer|1\n|-damage|p2a: The Deer|52/100\n|\n|upkeep\n|turn|4\n|\n|t:|1776287843\n|move|p2a: The Deer|Protect|p2a: The Deer\n|-singleturn|p2a: The Deer|Protect\n|move|p2b: Malphite|Breaking Swipe|p1b: Aegislash|[spread] p1a,p1b\n|-resisted|p1b: Aegislash|1\n|-damage|p1a: Incineroar|47/100\n|-damage|p1b: Aegislash|97/100\n|-unboost|p1a: Incineroar|atk|1\n|-unboost|p1b: Aegislash|atk|1\n|move|p1a: Incineroar|Darkest Lariat|p2a: The Deer\n|-activate|p2a: The Deer|move: Protect\n|-formechange|p1b: Aegislash|Aegislash-Blade|\n|move|p1b: Aegislash|Iron Head|p2b: Malphite\n|-supereffective|p2b: Malphite|1\n|-damage|p2b: Malphite|58/100\n|\n|upkeep\n|turn|5\n|\n|t:|1776287865\n|switch|p1a: Ninetales|Ninetales-Alola, L50, F, shiny|100/100\n|-weather|Snowscape|[from] ability: Snow Warning|[of] p1a: Ninetales\n|-formechange|p1b: Aegislash|Aegislash|\n|move|p1b: Aegislash|King's Shield|p1b: Aegislash\n|-singleturn|p1b: Aegislash|Protect\n|move|p2b: Malphite|High Horsepower|p1a: Ninetales\n|-damage|p1a: Ninetales|72/100\n|move|p2a: The Deer|Thunderbolt|p1a: Ninetales\n|-damage|p1a: Ninetales|41/100\n|-status|p1a: Ninetales|par\n|\n|-weather|Snowscape|[upkeep]\n|-fieldend|move: Trick Room\n|upkeep\n|turn|6\n|\n|t:|1776287895\n|move|p2b: Malphite|Protect|p2b: Malphite\n|-singleturn|p2b: Malphite|Protect\n|move|p1a: Ninetales|Blizzard|p2b: Malphite|[spread] p2a\n|-activate|p2b: Malphite|move: Protect\n|-damage|p2a: The Deer|23/100\n|-formechange|p1b: Aegislash|Aegislash-Blade|\n|move|p1b: Aegislash|Iron Head|p2a: The Deer\n|-damage|p2a: The Deer|0 fnt\n|faint|p2a: The Deer\n|\n|-weather|Snowscape|[upkeep]\n|upkeep\n|\n|t:|1776287919\n|switch|p2a: Fam|Maushold, L50|100/100\n|turn|7\n|\n|t:|1776287954\n|switch|p1a: Incineroar|Incineroar, L50, F|47/100\n|-ability|p1a: Incineroar|Intimidate|boost\n|-unboost|p2a: Fam|atk|1\n|-unboost|p2b: Malphite|atk|1\n|move|p2a: Fam|Thunder Wave|p1b: Aegislash\n|-status|p1b: Aegislash|par\n|move|p2b: Malphite|Rock Slide|p1b: Aegislash|[spread] p1a,p1b\n|-supereffective|p1a: Incineroar|1\n|-crit|p1a: Incineroar\n|-resisted|p1b: Aegislash|1\n|-damage|p1a: Incineroar|0 fnt\n|-damage|p1b: Aegislash|84/100 par\n|faint|p1a: Incineroar\n|cant|p1b: Aegislash|flinch\n|\n|-weather|Snowscape|[upkeep]\n|upkeep\n|\n|t:|1776287968\n|switch|p1a: Ninetales|Ninetales-Alola, L50, F, shiny|41/100 par\n|turn|8\n|c|\u2606fab2.0|This game\n|c|\u2606zuiyyy|pokemon at its finest\n|\n|t:|1776287990\n|move|p2a: Fam|Population Bomb|p1a: Ninetales\n|-damage|p1a: Ninetales|35/100 par\n|-damage|p1a: Ninetales|29/100 par\n|-damage|p1a: Ninetales|24/100 par\n|-damage|p1a: Ninetales|18/100 par\n|-damage|p1a: Ninetales|12/100 par\n|-damage|p1a: Ninetales|6/100 par\n|-damage|p1a: Ninetales|0 fnt\n|faint|p1a: Ninetales\n|-hitcount|p1: Ninetales|7\n|move|p2b: Malphite|High Horsepower|p1b: Aegislash\n|-supereffective|p1b: Aegislash|1\n|-crit|p1b: Aegislash\n|-damage|p1b: Aegislash|0 fnt\n|faint|p1b: Aegislash\n|\n|win|zuiyyy\n|raw|fab2.0's rating: 1023 &rarr; <strong>1009</strong><br />(-14 for losing)\n|raw|zuiyyy's rating: 1000 &rarr; <strong>1043</strong><br />(+43 for winning)\n|c|\u2606fab2.0|That's the game I chose to play lol\n|c|\u2606fab2.0|GG\n|c|\u2606zuiyyy|gg\n",
  "uploadtime": 1776288011,
  "views": 24,
  "formatid": "gen9championsvgc2026regma",
  "rating": 1009,
  "private": 0,
  "password": null
}