{
  "id": "gen9championsvgc2026regma-2582891479",
  "format": "[Gen 9 Champions] VGC 2026 Reg M-A",
  "players": [
    "b(r)2",
    "It'sJustKen VGC"
  ],
  "log": "|j|\u2606b(r)2\n|j|\u2606It'sJustKen VGC\n|t:|1776122531\n|gametype|doubles\n|player|p1|b(r)2|pryce|1092\n|player|p2|It'sJustKen VGC|169|1064\n|gen|9\n|tier|[Gen 9 Champions] VGC 2026 Reg M-A\n|rated|\n|rule|Species Clause: Limit one of each Pok\u00e9mon\n|rule|Item Clause: Limit 1 of each item\n|clearpoke\n|poke|p1|Scovillain, L50, F|\n|poke|p1|Basculegion-F, L50, F|\n|poke|p1|Sableye, L50, F|\n|poke|p1|Sylveon, L50, F|\n|poke|p1|Kingambit, L50, M|\n|poke|p1|Sneasler, L50, M|\n|poke|p2|Kingambit, L50, M|\n|poke|p2|Clefable, L50, F|\n|poke|p2|Chimecho, L50, F|\n|poke|p2|Golurk, L50|\n|poke|p2|Rotom-Wash, L50|\n|poke|p2|Hawlucha, L50, F|\n|teampreview|4\n|inactive|Battle timer is ON: inactive players will automatically lose when time's up. (requested by It'sJustKen VGC)\n|inactive|b(r)2 has 60 seconds left.\n|inactive|It'sJustKen VGC has 60 seconds left.\n|\n|t:|1776122576\n|teamsize|p1|4\n|teamsize|p2|4\n|start\n|switch|p1a: Basculegion|Basculegion-F, L50, F|100/100\n|switch|p1b: Sableye|Sableye, L50, F|100/100\n|switch|p2a: Supportive Friend|Hawlucha, L50, F|100/100\n|switch|p2b: Pet|Rotom-Wash, L50|100/100\n|-ability|p2a: Supportive Friend|Mold Breaker\n|turn|1\n|inactive|b(r)2 has 30 seconds left.\n|\n|t:|1776122603\n|detailschange|p2a: Supportive Friend|Hawlucha-Mega, L50, F\n|-mega|p2a: Supportive Friend|Hawlucha|Hawluchanite\n|move|p1b: Sableye|Protect|p1b: Sableye\n|-singleturn|p1b: Sableye|Protect\n|move|p2b: Pet|Volt Switch|p1a: Basculegion\n|-supereffective|p1a: Basculegion|1\n|-damage|p1a: Basculegion|30/100\n|\n|t:|1776122621\n|switch|p2b: The Final Boss|Kingambit, L50, M|100/100|[from] Volt Switch\n|move|p1a: Basculegion|Surf|p2b: The Final Boss|[spread] p2a,p2b\n|-activate|p1b: Sableye|move: Protect\n|-damage|p2a: Supportive Friend|50/100\n|-damage|p2b: The Final Boss|66/100\n|move|p2a: Supportive Friend|Entrainment|p2b: The Final Boss\n|-ability|p2b: The Final Boss|No Guard|Defiant|[from] move: Entrainment|[of] p2a: Supportive Friend\n|\n|upkeep\n|turn|2\n|\n|t:|1776122646\n|switch|p1a: Scovillain|Scovillain, L50, F|100/100\n|switch|p2a: Main Character|Clefable, L50, F, shiny|100/100\n|move|p2b: The Final Boss|Sucker Punch||[still]\n|-fail|p2b: The Final Boss\n|move|p1b: Sableye|Encore||[still]\n|-fail|p1b: Sableye\n|\n|-ability|p1a: Scovillain|Moody|boost\n|-boost|p1a: Scovillain|spd|2\n|-unboost|p1a: Scovillain|def|1\n|upkeep\n|turn|3\n|inactive|It'sJustKen VGC has 30 seconds left.\n|inactive|It'sJustKen VGC has 20 seconds left.\n|inactive|It'sJustKen VGC has 15 seconds left.\n|inactive|It'sJustKen VGC has 10 seconds left.\n|\n|t:|1776122692\n|move|p1b: Sableye|Protect|p1b: Sableye\n|-singleturn|p1b: Sableye|Protect\n|move|p1a: Scovillain|Protect|p1a: Scovillain\n|-singleturn|p1a: Scovillain|Protect\n|move|p2b: The Final Boss|Protect|p2b: The Final Boss\n|-singleturn|p2b: The Final Boss|Protect\n|move|p2a: Main Character|Life Dew||[still]|[spread] p2a,p2b\n|-fail|p2a: Main Character|heal\n|-heal|p2b: The Final Boss|91/100\n|\n|-ability|p1a: Scovillain|Moody|boost\n|-boost|p1a: Scovillain|spa|2\n|-unboost|p1a: Scovillain|spd|1\n|upkeep\n|turn|4\n|inactive|b(r)2 has 30 seconds left.\n|inactive|b(r)2 has 20 seconds left.\n|\n|t:|1776122730\n|detailschange|p1a: Scovillain|Scovillain-Mega, L50, F\n|-mega|p1a: Scovillain|Scovillain|Scovillainite\n|move|p2a: Main Character|Follow Me|p2a: Main Character\n|-singleturn|p2a: Main Character|move: Follow Me\n|move|p1b: Sableye|Thunder Wave|p2a: Main Character|[miss]\n|-miss|p1b: Sableye|p2a: Main Character\n|move|p1a: Scovillain|Flamethrower|p2a: Main Character\n|-damage|p2a: Main Character|67/100\n|move|p2b: The Final Boss|Guillotine|p1a: Scovillain\n|-damage|p1a: Scovillain|0 fnt\n|-status|p2b: The Final Boss|brn|[from] ability: Spicy Spray|[of] p1a: Scovillain\n|faint|p1a: Scovillain\n|-ohko\n|\n|-heal|p2a: Main Character|73/100|[from] item: Leftovers\n|-damage|p2b: The Final Boss|85/100 brn|[from] brn\n|upkeep\n|\n|t:|1776122741\n|switch|p1a: Sylveon|Sylveon, L50, F|100/100\n|turn|5\n|\n|t:|1776122754\n|move|p1b: Sableye|Thunder Wave|p2a: Main Character|[miss]\n|-miss|p1b: Sableye|p2a: Main Character\n|move|p1a: Sylveon|Hyper Voice|p2b: The Final Boss|[spread] p2a,p2b\n|-damage|p2a: Main Character|31/100\n|-damage|p2b: The Final Boss|45/100 brn\n|-enditem|p2b: The Final Boss|Sitrus Berry|[eat]\n|-heal|p2b: The Final Boss|70/100 brn|[from] item: Sitrus Berry\n|move|p2a: Main Character|Life Dew|p2a: Main Character|[spread] p2a,p2b\n|-heal|p2a: Main Character|56/100\n|-heal|p2b: The Final Boss|95/100 brn\n|move|p2b: The Final Boss|Guillotine|p1a: Sylveon\n|-damage|p1a: Sylveon|0 fnt\n|faint|p1a: Sylveon\n|-ohko\n|\n|-heal|p2a: Main Character|62/100|[from] item: Leftovers\n|-damage|p2b: The Final Boss|89/100 brn|[from] brn\n|upkeep\n|\n|t:|1776122765\n|switch|p1a: Basculegion|Basculegion-F, L50, F|30/100\n|turn|6\n|\n|t:|1776122774\n|move|p2b: The Final Boss|Sucker Punch|p1a: Basculegion\n|-supereffective|p1a: Basculegion|1\n|-damage|p1a: Basculegion|0 fnt\n|faint|p1a: Basculegion\n|move|p1b: Sableye|Thunder Wave|p2a: Main Character\n|-status|p2a: Main Character|par\n|move|p2a: Main Character|Life Dew|p2a: Main Character|[spread] p2a,p2b\n|-heal|p2a: Main Character|88/100 par\n|-heal|p2b: The Final Boss|100/100 brn\n|\n|-heal|p2a: Main Character|94/100 par|[from] item: Leftovers\n|-damage|p2b: The Final Boss|94/100 brn|[from] brn\n|upkeep\n|turn|7\n|-message|b(r)2 forfeited.\n|\n|win|It'sJustKen VGC\n|raw|b(r)2's rating: 1092 &rarr; <strong>1066</strong><br />(-26 for losing)\n|raw|It&apos;sJustKen VGC's rating: 1064 &rarr; <strong>1097</strong><br />(+33 for winning)\n|l|\u2606b(r)2\n|player|p1|\n",
  "uploadtime": 1776122796,
  "views": 11,
  "formatid": "gen9championsvgc2026regma",
  "rating": 1066,
  "private": 0,
  "password": null
}