{
  "id": "gen9championsvgc2026regma-2580826153",
  "format": "[Gen 9 Champions] VGC 2026 Reg M-A",
  "players": [
    "MikeGero",
    "Gilgamon"
  ],
  "log": "|j|\u2606MikeGero\n|j|\u2606Gilgamon\n|t:|1775935611\n|gametype|doubles\n|player|p1|MikeGero|hilbert|1040\n|player|p2|Gilgamon|psychic-gen4|1046\n|gen|9\n|tier|[Gen 9 Champions] VGC 2026 Reg M-A\n|rated|\n|rule|Species Clause: Limit one of each Pok\u00e9mon\n|rule|Item Clause: Limit 1 of each item\n|clearpoke\n|poke|p1|Farigiraf, L50, F|\n|poke|p1|Torkoal, L50, F|\n|poke|p1|Venusaur, L50, F|\n|poke|p1|Sneasler, L50, F|\n|poke|p1|Incineroar, L50, F|\n|poke|p1|Golurk, L50|\n|poke|p2|Alakazam, L50, M|\n|poke|p2|Meowstic, L50, M|\n|poke|p2|Tyranitar, L50, F|\n|poke|p2|Armarouge, L50, M|\n|poke|p2|Aggron, L50, F|\n|poke|p2|Empoleon, L50, M|\n|teampreview|4\n|\n|t:|1775935644\n|teamsize|p1|4\n|teamsize|p2|4\n|start\n|switch|p1a: Farigiraf|Farigiraf, L50, F|100/100\n|switch|p1b: Golurk|Golurk, L50|100/100\n|switch|p2a: Empoleon|Empoleon, L50, M, shiny|100/100\n|switch|p2b: Meowstic|Meowstic, L50, M, shiny|100/100\n|turn|1\n|\n|t:|1775935675\n|move|p2b: Meowstic|Light Screen|p2b: Meowstic\n|-sidestart|p2: Gilgamon|move: Light Screen\n|move|p2a: Empoleon|Hydro Pump|p1b: Golurk\n|-supereffective|p1b: Golurk|1\n|-damage|p1b: Golurk|0 fnt\n|faint|p1b: Golurk\n|move|p1a: Farigiraf|Trick Room|p1a: Farigiraf\n|-fieldstart|move: Trick Room|[of] p1a: Farigiraf\n|\n|upkeep\n|\n|t:|1775935683\n|switch|p1b: Torkoal|Torkoal, L50, F|100/100\n|-weather|SunnyDay|[from] ability: Drought|[of] p1b: Torkoal\n|turn|2\n|\n|t:|1775935703\n|move|p2b: Meowstic|Helping Hand|p2a: Empoleon\n|-singleturn|p2a: Empoleon|Helping Hand|[of] p2b: Meowstic\n|move|p1a: Farigiraf|Helping Hand|p1b: Torkoal\n|-singleturn|p1b: Torkoal|Helping Hand|[of] p1a: Farigiraf\n|move|p1b: Torkoal|Heat Wave|p2a: Empoleon|[spread] p2a,p2b\n|-damage|p2a: Empoleon|43/100\n|-damage|p2b: Meowstic|38/100\n|move|p2a: Empoleon|Hydro Pump|p1b: Torkoal\n|-supereffective|p1b: Torkoal|1\n|-damage|p1b: Torkoal|0 fnt\n|faint|p1b: Torkoal\n|\n|-weather|SunnyDay|[upkeep]\n|upkeep\n|\n|t:|1775935717\n|switch|p1b: Incineroar|Incineroar, L50, F|100/100\n|-ability|p1b: Incineroar|Intimidate|boost\n|-unboost|p2a: Empoleon|atk|1\n|-ability|p2a: Empoleon|Competitive|boost\n|-boost|p2a: Empoleon|spa|2\n|-unboost|p2b: Meowstic|atk|1\n|turn|3\n|\n|t:|1775935741\n|move|p2b: Meowstic|Helping Hand|p2a: Empoleon\n|-singleturn|p2a: Empoleon|Helping Hand|[of] p2b: Meowstic\n|move|p2a: Empoleon|Vacuum Wave||[still]\n|cant|p1a: Farigiraf|ability: Armor Tail|Vacuum Wave|[of] p2a: Empoleon\n|move|p1a: Farigiraf|Hyper Voice|p2b: Meowstic|[spread] p2a,p2b\n|-resisted|p2a: Empoleon|1\n|-damage|p2a: Empoleon|33/100\n|-damage|p2b: Meowstic|19/100\n|move|p1b: Incineroar|Flare Blitz|p2a: Empoleon\n|-damage|p2a: Empoleon|0 fnt\n|faint|p2a: Empoleon\n|-damage|p1b: Incineroar|92/100|[from] Recoil\n|\n|-weather|SunnyDay|[upkeep]\n|upkeep\n|\n|t:|1775935763\n|switch|p2a: Armarouge|Armarouge, L50, M|100/100\n|turn|4\n|\n|t:|1775935795\n|move|p2b: Meowstic|Helping Hand|p2a: Armarouge\n|-singleturn|p2a: Armarouge|Helping Hand|[of] p2b: Meowstic\n|move|p1a: Farigiraf|Psychic|p2b: Meowstic\n|-resisted|p2b: Meowstic|1\n|-damage|p2b: Meowstic|5/100\n|move|p1b: Incineroar|Darkest Lariat|p2a: Armarouge\n|-supereffective|p2a: Armarouge|1\n|-damage|p2a: Armarouge|20/100\n|move|p2a: Armarouge|Armor Cannon|p1a: Farigiraf\n|-damage|p1a: Farigiraf|0 fnt\n|-unboost|p2a: Armarouge|def|1\n|-unboost|p2a: Armarouge|spd|1\n|faint|p1a: Farigiraf\n|-enditem|p2a: Armarouge|White Herb\n|-clearnegativeboost|p2a: Armarouge|[silent]\n|\n|-weather|SunnyDay|[upkeep]\n|upkeep\n|turn|5\n|\n|t:|1775935876\n|move|p2b: Meowstic|Helping Hand|p2a: Armarouge\n|-singleturn|p2a: Armarouge|Helping Hand|[of] p2b: Meowstic\n|move|p1b: Incineroar|Darkest Lariat|p2a: Armarouge\n|-supereffective|p2a: Armarouge|1\n|-damage|p2a: Armarouge|0 fnt\n|faint|p2a: Armarouge\n|\n|-weather|SunnyDay|[upkeep]\n|-sideend|p2: Gilgamon|move: Light Screen\n|-fieldend|move: Trick Room\n|upkeep\n|\n|t:|1775935883\n|switch|p2a: Alakazam|Alakazam, L50, M, shiny|100/100\n|turn|6\n|\n|t:|1775935892\n|detailschange|p2a: Alakazam|Alakazam-Mega, L50, M, shiny\n|-mega|p2a: Alakazam|Alakazam|Alakazite\n|-ability|p2a: Alakazam|Intimidate|Trace|[from] ability: Trace|[of] p1b: Incineroar\n|-ability|p2a: Alakazam|Intimidate|boost\n|-unboost|p1b: Incineroar|atk|1\n|move|p2b: Meowstic|Helping Hand|p2a: Alakazam\n|-singleturn|p2a: Alakazam|Helping Hand|[of] p2b: Meowstic\n|move|p2a: Alakazam|Dazzling Gleam|p1b: Incineroar\n|-damage|p1b: Incineroar|49/100\n|move|p1b: Incineroar|Darkest Lariat|p2a: Alakazam\n|-supereffective|p2a: Alakazam|1\n|-crit|p2a: Alakazam\n|-damage|p2a: Alakazam|0 fnt\n|faint|p2a: Alakazam\n|\n|-weather|none\n|upkeep\n|turn|7\n|-message|Gilgamon forfeited.\n|\n|win|MikeGero\n|raw|MikeGero's rating: 1040 &rarr; <strong>1075</strong><br />(+35 for winning)\n|raw|Gilgamon's rating: 1046 &rarr; <strong>1029</strong><br />(-17 for losing)\n|l|\u2606Gilgamon\n|player|p2|\n",
  "uploadtime": 1775935922,
  "views": 16,
  "formatid": "gen9championsvgc2026regma",
  "rating": 1029,
  "private": 0,
  "password": null
}