{
  "id": "gen9championsvgc2026regma-2585911669",
  "format": "[Gen 9 Champions] VGC 2026 Reg M-A",
  "players": [
    "stan_stan_stan",
    "no'tsolrack"
  ],
  "log": "|j|\u2606stan_stan_stan\n|j|\u2606no'tsolrack\n|t:|1776380753\n|gametype|doubles\n|player|p1|stan_stan_stan|2|1180\n|player|p2|no'tsolrack|gambler|1139\n|gen|9\n|tier|[Gen 9 Champions] VGC 2026 Reg M-A\n|rated|\n|rule|Species Clause: Limit one of each Pok\u00e9mon\n|rule|Item Clause: Limit 1 of each item\n|clearpoke\n|poke|p1|Gengar, L50, F|\n|poke|p1|Lucario, L50, M|\n|poke|p1|Weavile, L50, M|\n|poke|p1|Talonflame, L50, F|\n|poke|p1|Starmie, L50|\n|poke|p1|Sinistcha, L50|\n|poke|p2|Charizard, L50, M|\n|poke|p2|Venusaur, L50, F|\n|poke|p2|Garchomp, L50, F|\n|poke|p2|Gardevoir, L50, M|\n|poke|p2|Milotic, L50, F|\n|poke|p2|Incineroar, L50, F|\n|teampreview|4\n|inactive|Battle timer is ON: inactive players will automatically lose when time's up. (requested by stan_stan_stan)\n|inactive|no'tsolrack also wants the timer to be on.\n|inactive|stan_stan_stan has 60 seconds left.\n|inactive|no'tsolrack has 60 seconds left.\n|inactive|stan_stan_stan has 30 seconds left.\n|inactive|stan_stan_stan has 20 seconds left.\n|inactive|stan_stan_stan has 15 seconds left.\n|inactive|stan_stan_stan has 10 seconds left.\n|inactive|stan_stan_stan has 5 seconds left.\n|\n|t:|1776380842\n|teamsize|p1|4\n|teamsize|p2|4\n|start\n|switch|p1a: Talonflame|Talonflame, L50, F|100/100\n|switch|p1b: Starmie|Starmie, L50|100/100\n|switch|p2a: Charizard|Charizard, L50, M, shiny|100/100\n|switch|p2b: Garchomp|Garchomp, L50, F|100/100\n|turn|1\n|\n|t:|1776380859\n|detailschange|p1b: Starmie|Starmie-Mega, L50\n|-mega|p1b: Starmie|Starmie|Starminite\n|detailschange|p2a: Charizard|Charizard-Mega-Y, L50, M, shiny\n|-mega|p2a: Charizard|Charizard|Charizardite Y\n|-weather|SunnyDay|[from] ability: Drought|[of] p2a: Charizard\n|move|p1a: Talonflame|Tailwind|p1a: Talonflame\n|-sidestart|p1: stan_stan_stan|move: Tailwind\n|move|p1b: Starmie|Power Gem|p2a: Charizard\n|-supereffective|p2a: Charizard|2\n|-damage|p2a: Charizard|2/100\n|move|p2b: Garchomp|Stone Edge|p1a: Talonflame|[miss]\n|-miss|p2b: Garchomp|p1a: Talonflame\n|move|p2a: Charizard|Solar Beam||[still]\n|-prepare|p2a: Charizard|Solar Beam\n|-anim|p2a: Charizard|Solar Beam|p1b: Starmie\n|-supereffective|p1b: Starmie|1\n|-damage|p1b: Starmie|0 fnt\n|faint|p1b: Starmie\n|\n|-weather|SunnyDay|[upkeep]\n|upkeep\n|\n|t:|1776380877\n|switch|p1b: Gengar|Gengar, L50, F|100/100\n|turn|2\n|\n|t:|1776380889\n|move|p1a: Talonflame|Dual Wingbeat|p2b: Garchomp\n|-damage|p2b: Garchomp|85/100\n|-damage|p1a: Talonflame|88/100|[from] ability: Rough Skin|[of] p2b: Garchomp\n|-damage|p2b: Garchomp|70/100\n|-damage|p1a: Talonflame|75/100|[from] ability: Rough Skin|[of] p2b: Garchomp\n|-hitcount|p2b: Garchomp|2\n|move|p1b: Gengar|Icy Wind|p2b: Garchomp|[spread] p2a,p2b\n|-supereffective|p2b: Garchomp|2\n|-crit|p2b: Garchomp\n|-damage|p2a: Charizard|0 fnt\n|-damage|p2b: Garchomp|0 fnt\n|faint|p2a: Charizard\n|faint|p2b: Garchomp\n|\n|-weather|SunnyDay|[upkeep]\n|-heal|p1a: Talonflame|82/100|[from] item: Leftovers\n|upkeep\n|\n|t:|1776380899\n|switch|p2b: Venusaur|Venusaur, L50, F|100/100\n|switch|p2a: Incineroar|Incineroar, L50, F|100/100\n|-ability|p2a: Incineroar|Intimidate|boost\n|-unboost|p1a: Talonflame|atk|1\n|-unboost|p1b: Gengar|atk|1\n|turn|3\n|\n|t:|1776380923\n|switch|p1a: Sinistcha|Sinistcha, L50|100/100\n|move|p2a: Incineroar|Fake Out|p1a: Sinistcha\n|-immune|p1a: Sinistcha\n|move|p1b: Gengar|Icy Wind|p2a: Incineroar|[spread] p2a,p2b\n|-resisted|p2a: Incineroar|1\n|-supereffective|p2b: Venusaur|1\n|-damage|p2a: Incineroar|92/100\n|-damage|p2b: Venusaur|64/100\n|-unboost|p2a: Incineroar|spe|1\n|-unboost|p2b: Venusaur|spe|1\n|move|p2b: Venusaur|Sleep Powder|p1b: Gengar\n|-status|p1b: Gengar|slp|[from] move: Sleep Powder\n|\n|-weather|SunnyDay|[upkeep]\n|-heal|p2b: Venusaur|69/100|[from] item: Leftovers\n|upkeep\n|turn|4\n|inactive|stan_stan_stan has 30 seconds left.\n|\n|t:|1776380952\n|move|p1a: Sinistcha|Rage Powder|p1a: Sinistcha\n|-singleturn|p1a: Sinistcha|move: Rage Powder\n|cant|p1b: Gengar|slp\n|move|p2b: Venusaur|Sludge Bomb|p1a: Sinistcha\n|-damage|p1a: Sinistcha|63/100\n|move|p2a: Incineroar|Darkest Lariat|p1a: Sinistcha\n|-supereffective|p1a: Sinistcha|1\n|-damage|p1a: Sinistcha|0 fnt\n|faint|p1a: Sinistcha\n|\n|-weather|SunnyDay|[upkeep]\n|-heal|p2b: Venusaur|75/100|[from] item: Leftovers\n|-sideend|p1: stan_stan_stan|move: Tailwind\n|upkeep\n|\n|t:|1776380966\n|switch|p1a: Talonflame|Talonflame, L50, F|82/100\n|turn|5\n|\n|t:|1776380984\n|-curestatus|p1b: Gengar|slp|[msg]\n|move|p1b: Gengar|Icy Wind|p2a: Incineroar|[spread] p2a,p2b\n|-resisted|p2a: Incineroar|1\n|-supereffective|p2b: Venusaur|1\n|-damage|p2a: Incineroar|84/100\n|-damage|p2b: Venusaur|42/100\n|-unboost|p2a: Incineroar|spe|1\n|-unboost|p2b: Venusaur|spe|1\n|move|p1a: Talonflame|Brave Bird|p2b: Venusaur\n|-supereffective|p2b: Venusaur|1\n|-damage|p2b: Venusaur|0 fnt\n|faint|p2b: Venusaur\n|-damage|p1a: Talonflame|69/100|[from] Recoil\n|move|p2a: Incineroar|Darkest Lariat|p1b: Gengar\n|-supereffective|p1b: Gengar|1\n|-damage|p1b: Gengar|0 fnt\n|faint|p1b: Gengar\n|\n|-weather|none\n|-heal|p1a: Talonflame|75/100|[from] item: Leftovers\n|upkeep\n|turn|6\n|inactive|no'tsolrack has 30 seconds left.\n|\n|t:|1776381010\n|move|p1a: Talonflame|Brave Bird|p2a: Incineroar\n|-damage|p2a: Incineroar|38/100\n|-damage|p1a: Talonflame|59/100|[from] Recoil\n|move|p2a: Incineroar|Parting Shot|p1a: Talonflame\n|-unboost|p1a: Talonflame|atk|1\n|-unboost|p1a: Talonflame|spa|1\n|\n|-heal|p1a: Talonflame|65/100|[from] item: Leftovers\n|upkeep\n|turn|7\n|\n|t:|1776381025\n|move|p1a: Talonflame|Brave Bird|p2a: Incineroar\n|-damage|p2a: Incineroar|3/100\n|-damage|p1a: Talonflame|52/100|[from] Recoil\n|move|p2a: Incineroar|Darkest Lariat|p1a: Talonflame\n|-damage|p1a: Talonflame|0 fnt\n|faint|p1a: Talonflame\n|\n|win|no'tsolrack\n|raw|stan_stan_stan's rating: 1180 &rarr; <strong>1152</strong><br />(-28 for losing)\n|raw|no&apos;tsolrack's rating: 1139 &rarr; <strong>1167</strong><br />(+28 for winning)\n|l|\u2606stan_stan_stan\n|player|p1|\n",
  "uploadtime": 1776381042,
  "views": 25,
  "formatid": "gen9championsvgc2026regma",
  "rating": 1152,
  "private": 0,
  "password": null
}