{
  "id": "gen9championsvgc2026regma-2587030836",
  "format": "[Gen 9 Champions] VGC 2026 Reg M-A",
  "players": [
    "mrguy888",
    "zac5224666"
  ],
  "log": "|j|\u2606mrguy888\n|j|\u2606zac5224666\n|t:|1776483118\n|gametype|doubles\n|player|p1|mrguy888|noland-gen3|1290\n|player|p2|zac5224666|170|1269\n|gen|9\n|tier|[Gen 9 Champions] VGC 2026 Reg M-A\n|rated|\n|rule|Species Clause: Limit one of each Pok\u00e9mon\n|rule|Item Clause: Limit 1 of each item\n|clearpoke\n|poke|p1|Floette-Eternal, L50, F|\n|poke|p1|Aerodactyl, L50, M|\n|poke|p1|Tauros-Paldea-Aqua, L50, M|\n|poke|p1|Kangaskhan, L50, F|\n|poke|p1|Rotom-Heat, L50|\n|poke|p1|Aegislash, L50, F|\n|poke|p2|Primarina, L50, F|\n|poke|p2|Scovillain, L50, F|\n|poke|p2|Garchomp, L50, F|\n|poke|p2|Kingambit, L50, F|\n|poke|p2|Aerodactyl, L50, M|\n|poke|p2|Sneasler, L50, M|\n|teampreview|4\n|inactive|Battle timer is ON: inactive players will automatically lose when time's up. (requested by mrguy888)\n|\n|t:|1776483138\n|teamsize|p1|4\n|teamsize|p2|4\n|start\n|switch|p1a: Rotom|Rotom-Heat, L50|100/100\n|switch|p1b: Aerodactyl|Aerodactyl, L50, M|100/100\n|switch|p2a: Kingambit|Kingambit, L50, F|100/100\n|switch|p2b: Aerodactyl|Aerodactyl, L50, M, shiny|100/100\n|-ability|p1b: Aerodactyl|Unnerve\n|-ability|p2b: Aerodactyl|Unnerve\n|turn|1\n|inactive|zac5224666 has 30 seconds left.\n|\n|t:|1776483167\n|switch|p2a: Scovillain|Scovillain, L50, F, shiny|100/100\n|move|p1a: Rotom|Will-O-Wisp|p2a: Scovillain\n|-immune|p2a: Scovillain\n|move|p1b: Aerodactyl|Tailwind|p1b: Aerodactyl\n|-sidestart|p1: mrguy888|move: Tailwind\n|move|p2b: Aerodactyl|Tailwind|p2b: Aerodactyl\n|-sidestart|p2: zac5224666|move: Tailwind\n|\n|-ability|p2a: Scovillain|Moody|boost\n|-boost|p2a: Scovillain|spd|2\n|-unboost|p2a: Scovillain|atk|1\n|upkeep\n|turn|2\n|inactive|zac5224666 has 30 seconds left.\n|\n|t:|1776483201\n|detailschange|p2a: Scovillain|Scovillain-Mega, L50, F, shiny\n|-mega|p2a: Scovillain|Scovillain|Scovillainite\n|move|p2a: Scovillain|Rage Powder|p2a: Scovillain\n|-singleturn|p2a: Scovillain|move: Rage Powder\n|move|p1a: Rotom|Will-O-Wisp|p2a: Scovillain|[miss]\n|-miss|p1a: Rotom|p2a: Scovillain\n|move|p1b: Aerodactyl|Rock Slide|p2b: Aerodactyl|[spread] p2a,p2b\n|-supereffective|p2a: Scovillain|1\n|-supereffective|p2b: Aerodactyl|1\n|-damage|p2a: Scovillain|44/100\n|-damage|p2b: Aerodactyl|15/100\n|-status|p1b: Aerodactyl|brn|[from] ability: Spicy Spray|[of] p2a: Scovillain\n|move|p2b: Aerodactyl|Rock Slide|p1b: Aerodactyl|[spread] p1b\n|-miss|p2b: Aerodactyl|p1a: Rotom\n|-supereffective|p1b: Aerodactyl|1\n|-damage|p1b: Aerodactyl|14/100 brn\n|\n|-damage|p1b: Aerodactyl|8/100 brn|[from] brn\n|upkeep\n|turn|3\n|\n|t:|1776483221\n|switch|p1a: Tauros|Tauros-Paldea-Aqua, L50, M|100/100\n|-ability|p1a: Tauros|Intimidate|boost\n|-unboost|p2a: Scovillain|atk|1\n|-unboost|p2b: Aerodactyl|atk|1\n|move|p2a: Scovillain|Rage Powder|p2a: Scovillain\n|-singleturn|p2a: Scovillain|move: Rage Powder\n|move|p2b: Aerodactyl|Rock Slide|p1a: Tauros|[spread] p1a,p1b\n|-resisted|p1a: Tauros|1\n|-supereffective|p1b: Aerodactyl|1\n|-damage|p1a: Tauros|91/100\n|-damage|p1b: Aerodactyl|0 fnt\n|faint|p1b: Aerodactyl\n|\n|upkeep\n|\n|t:|1776483229\n|switch|p1b: Rotom|Rotom-Heat, L50|100/100\n|turn|4\n|inactive|mrguy888 has 30 seconds left.\n|inactive|zac5224666 has 30 seconds left.\n|\n|t:|1776483270\n|switch|p2b: Sneasler|Sneasler, L50, M, shiny|100/100\n|move|p1a: Tauros|Protect|p1a: Tauros\n|-singleturn|p1a: Tauros|Protect\n|move|p2a: Scovillain|Protect|p2a: Scovillain\n|-singleturn|p2a: Scovillain|Protect\n|move|p1b: Rotom|Overheat|p2a: Scovillain\n|-activate|p2a: Scovillain|move: Protect\n|\n|-sideend|p2: zac5224666|move: Tailwind\n|-sideend|p1: mrguy888|move: Tailwind\n|upkeep\n|turn|5\n|\n|t:|1776483293\n|move|p2b: Sneasler|Fake Out|p1b: Rotom\n|-damage|p1b: Rotom|86/100\n|move|p2a: Scovillain|Rage Powder|p2a: Scovillain\n|-singleturn|p2a: Scovillain|move: Rage Powder\n|cant|p1b: Rotom|flinch\n|move|p1a: Tauros|Wave Crash|p2a: Scovillain\n|-damage|p2a: Scovillain|0 fnt\n|-status|p1a: Tauros|brn|[from] ability: Spicy Spray|[of] p2a: Scovillain\n|faint|p2a: Scovillain\n|-damage|p1a: Tauros|74/100 brn|[from] Recoil\n|\n|-damage|p1a: Tauros|68/100 brn|[from] brn\n|upkeep\n|inactive|zac5224666 has 30 seconds left.\n|\n|t:|1776483320\n|switch|p2a: Aerodactyl|Aerodactyl, L50, M, shiny|15/100\n|-ability|p2a: Aerodactyl|Unnerve\n|turn|6\n|\n|t:|1776483332\n|move|p2a: Aerodactyl|Protect|p2a: Aerodactyl\n|-singleturn|p2a: Aerodactyl|Protect\n|move|p1a: Tauros|Aqua Jet|p2a: Aerodactyl\n|-activate|p2a: Aerodactyl|move: Protect\n|move|p1b: Rotom|Overheat|p2b: Sneasler\n|-damage|p2b: Sneasler|42/100\n|-unboost|p1b: Rotom|spa|2\n|move|p2b: Sneasler|Close Combat|p1a: Tauros\n|-damage|p1a: Tauros|7/100 brn\n|-unboost|p2b: Sneasler|def|1\n|-unboost|p2b: Sneasler|spd|1\n|-enditem|p2b: Sneasler|White Herb\n|-clearnegativeboost|p2b: Sneasler|[silent]\n|\n|-damage|p1a: Tauros|1/100 brn|[from] brn\n|upkeep\n|turn|7\n|inactive|zac5224666 has 30 seconds left.\n|\n|t:|1776483360\n|switch|p1b: Floette|Floette-Eternal, L50, F|100/100\n|switch|p2a: Kingambit|Kingambit, L50, F|100/100\n|move|p1a: Tauros|Aqua Jet|p2a: Kingambit\n|-damage|p2a: Kingambit|93/100\n|move|p2b: Sneasler|Close Combat|p1b: Floette\n|-resisted|p1b: Floette|1\n|-damage|p1b: Floette|65/100\n|-unboost|p2b: Sneasler|def|1\n|-unboost|p2b: Sneasler|spd|1\n|\n|-damage|p1a: Tauros|0 fnt|[from] brn\n|faint|p1a: Tauros\n|upkeep\n|\n|t:|1776483366\n|switch|p1a: Rotom|Rotom-Heat, L50|86/100\n|turn|8\n|inactive|zac5224666 has 30 seconds left.\n|inactive|zac5224666 has 20 seconds left.\n|\n|t:|1776483402\n|detailschange|p1b: Floette|Floette-Mega, L50, F\n|-mega|p1b: Floette|Floette|Floettite\n|-ability|p1b: Floette|Fairy Aura\n|move|p1b: Floette|Protect|p1b: Floette\n|-singleturn|p1b: Floette|Protect\n|move|p2a: Kingambit|Protect|p2a: Kingambit\n|-singleturn|p2a: Kingambit|Protect\n|move|p2b: Sneasler|Close Combat|p1a: Rotom\n|-damage|p1a: Rotom|28/100\n|-unboost|p2b: Sneasler|def|1\n|-unboost|p2b: Sneasler|spd|1\n|move|p1a: Rotom|Volt Switch|p2b: Sneasler\n|-damage|p2b: Sneasler|0 fnt\n|faint|p2b: Sneasler\n|\n|upkeep\n|\n|t:|1776483417\n|switch|p2b: Aerodactyl|Aerodactyl, L50, M, shiny|15/100\n|-ability|p2b: Aerodactyl|Unnerve\n|turn|9\n|\n|t:|1776483425\n|move|p1a: Rotom|Volt Switch|p2b: Aerodactyl\n|-supereffective|p2b: Aerodactyl|1\n|-damage|p2b: Aerodactyl|0 fnt\n|faint|p2b: Aerodactyl\n|move|p1b: Floette|Moonblast|p2a: Kingambit\n|-damage|p2a: Kingambit|8/100\n|move|p2a: Kingambit|Iron Head|p1b: Floette\n|-supereffective|p1b: Floette|1\n|-crit|p1b: Floette\n|-damage|p1b: Floette|0 fnt\n|faint|p1b: Floette\n|\n|upkeep\n|turn|10\n|\n|t:|1776483436\n|move|p2a: Kingambit|Sucker Punch|p1a: Rotom\n|-damage|p1a: Rotom|0 fnt\n|faint|p1a: Rotom\n|\n|win|zac5224666\n|raw|mrguy888's rating: 1290 &rarr; <strong>1263</strong><br />(-27 for losing)\n|raw|zac5224666's rating: 1269 &rarr; <strong>1296</strong><br />(+27 for winning)\n",
  "uploadtime": 1776483439,
  "views": 28,
  "formatid": "gen9championsvgc2026regma",
  "rating": 1263,
  "private": 0,
  "password": null
}