{
  "id": "gen9championsvgc2026regma-2583495337",
  "format": "[Gen 9 Champions] VGC 2026 Reg M-A",
  "players": [
    "Eveoson",
    "workseanz"
  ],
  "log": "|j|\u2606Eveoson\n|j|\u2606workseanz\n|t:|1776179281\n|gametype|doubles\n|player|p1|Eveoson|265|1318\n|player|p2|workseanz|101|1357\n|gen|9\n|tier|[Gen 9 Champions] VGC 2026 Reg M-A\n|rated|\n|rule|Species Clause: Limit one of each Pok\u00e9mon\n|rule|Item Clause: Limit 1 of each item\n|clearpoke\n|poke|p1|Incineroar, L50, F|\n|poke|p1|Sneasler, L50, M|\n|poke|p1|Kingambit, L50, F|\n|poke|p1|Charizard, L50, F|\n|poke|p1|Corviknight, L50, M|\n|poke|p1|Blastoise, L50, F|\n|poke|p2|Floette-Eternal, L50, F|\n|poke|p2|Talonflame, L50, F|\n|poke|p2|Garchomp, L50, F|\n|poke|p2|Rotom-Wash, L50|\n|poke|p2|Sneasler, L50, F|\n|poke|p2|Kingambit, L50, F|\n|teampreview|4\n|inactive|Battle timer is ON: inactive players will automatically lose when time's up. (requested by workseanz)\n|inactive|Eveoson has 60 seconds left.\n|inactive|workseanz has 60 seconds left.\n|\n|t:|1776179342\n|teamsize|p1|4\n|teamsize|p2|4\n|start\n|switch|p1a: Blastoise|Blastoise, L50, F, shiny|100/100\n|switch|p1b: Sneasler|Sneasler, L50, M, shiny|100/100\n|switch|p2a: Talonflame|Talonflame, L50, F|100/100\n|switch|p2b: Rotom|Rotom-Wash, L50|100/100\n|turn|1\n|inactive|Eveoson has 30 seconds left.\n|inactive|workseanz has 30 seconds left.\n|inactive|Eveoson has 20 seconds left.\n|\n|t:|1776179380\n|detailschange|p1a: Blastoise|Blastoise-Mega, L50, F, shiny\n|-mega|p1a: Blastoise|Blastoise|Blastoisinite\n|move|p2a: Talonflame|Protect|p2a: Talonflame\n|-singleturn|p2a: Talonflame|Protect\n|move|p1b: Sneasler|Fake Out|p2b: Rotom\n|-damage|p2b: Rotom|80/100\n|cant|p2b: Rotom|flinch\n|move|p1a: Blastoise|Water Pulse|p2a: Talonflame\n|-activate|p2a: Talonflame|move: Protect\n|\n|upkeep\n|turn|2\n|\n|t:|1776179397\n|move|p2a: Talonflame|Dual Wingbeat|p1b: Sneasler\n|-supereffective|p1b: Sneasler|1\n|-damage|p1b: Sneasler|47/100\n|-supereffective|p1b: Sneasler|1\n|-damage|p1b: Sneasler|0 fnt\n|faint|p1b: Sneasler\n|-hitcount|p1: Sneasler|2\n|move|p2b: Rotom|Electroweb|p1a: Blastoise\n|-supereffective|p1a: Blastoise|1\n|-damage|p1a: Blastoise|55/100\n|-unboost|p1a: Blastoise|spe|1\n|move|p1a: Blastoise|Water Pulse|p2a: Talonflame\n|-supereffective|p2a: Talonflame|1\n|-enditem|p2a: Talonflame|Focus Sash\n|-damage|p2a: Talonflame|1/100\n|\n|upkeep\n|\n|t:|1776179411\n|switch|p1b: Incineroar|Incineroar, L50, F, shiny|100/100\n|-ability|p1b: Incineroar|Intimidate|boost\n|-unboost|p2a: Talonflame|atk|1\n|-unboost|p2b: Rotom|atk|1\n|turn|3\n|\n|t:|1776179427\n|move|p2b: Rotom|Electroweb|p1a: Blastoise|[spread] p1a,p1b\n|-supereffective|p1a: Blastoise|1\n|-damage|p1a: Blastoise|23/100\n|-damage|p1b: Incineroar|85/100\n|-unboost|p1a: Blastoise|spe|1\n|-unboost|p1b: Incineroar|spe|1\n|move|p2a: Talonflame|Tailwind|p2a: Talonflame\n|-sidestart|p2: workseanz|move: Tailwind\n|move|p1b: Incineroar|Darkest Lariat|p2b: Rotom\n|-damage|p2b: Rotom|39/100\n|move|p1a: Blastoise|Dragon Pulse|p2b: Rotom\n|-damage|p2b: Rotom|0 fnt\n|faint|p2b: Rotom\n|\n|upkeep\n|\n|t:|1776179443\n|switch|p2b: Garchomp|Garchomp, L50, F|100/100\n|turn|4\n|\n|t:|1776179454\n|switch|p1a: Kingambit|Kingambit, L50, F, shiny|100/100\n|detailschange|p2b: Garchomp|Garchomp-Mega, L50, F\n|-mega|p2b: Garchomp|Garchomp|Garchompite\n|move|p2a: Talonflame|Taunt|p1b: Incineroar\n|-start|p1b: Incineroar|move: Taunt\n|move|p2b: Garchomp|Earthquake|p1a: Kingambit|[spread] p1a,p1b\n|-immune|p2a: Talonflame\n|-supereffective|p1a: Kingambit|1\n|-supereffective|p1b: Incineroar|1\n|-damage|p1a: Kingambit|27/100\n|-damage|p1b: Incineroar|0 fnt\n|faint|p1b: Incineroar\n|\n|upkeep\n|\n|t:|1776179466\n|switch|p1b: Blastoise|Blastoise-Mega, L50, F, shiny|23/100\n|turn|5\n|\n|t:|1776179479\n|move|p1a: Kingambit|Sucker Punch|p2a: Talonflame\n|-damage|p2a: Talonflame|0 fnt\n|faint|p2a: Talonflame\n|move|p2b: Garchomp|Earthquake|p1a: Kingambit|[spread] p1a,p1b\n|-supereffective|p1a: Kingambit|1\n|-damage|p1a: Kingambit|0 fnt\n|-damage|p1b: Blastoise|0 fnt\n|faint|p1a: Kingambit\n|faint|p1b: Blastoise\n|\n|win|workseanz\n|raw|Eveoson's rating: 1318 &rarr; <strong>1300</strong><br />(-18 for losing)\n|raw|workseanz's rating: 1357 &rarr; <strong>1375</strong><br />(+18 for winning)\n|l|\u2606Eveoson\n|player|p1|\n",
  "uploadtime": 1776179536,
  "views": 22,
  "formatid": "gen9championsvgc2026regma",
  "rating": 1300,
  "private": 0,
  "password": null
}