{
  "id": "gen9championsvgc2026regma-2589563031",
  "format": "[Gen 9 Champions] VGC 2026 Reg M-A",
  "players": [
    "halcony",
    "gostodebaldes"
  ],
  "log": "|j|\u2606halcony\n|j|\u2606gostodebaldes\n|t:|1776734444\n|gametype|doubles\n|player|p1|halcony|266|1259\n|player|p2|gostodebaldes|2|1250\n|gen|9\n|tier|[Gen 9 Champions] VGC 2026 Reg M-A\n|rated|\n|rule|Species Clause: Limit one of each Pok\u00e9mon\n|rule|Item Clause: Limit 1 of each item\n|clearpoke\n|poke|p1|Farigiraf, L50, M|\n|poke|p1|Snorlax, L50, M|\n|poke|p1|Sinistcha, L50|\n|poke|p1|Abomasnow, L50, M|\n|poke|p1|Camerupt, L50, F|\n|poke|p1|Sneasler, L50, F|\n|poke|p2|Meganium, L50, F|\n|poke|p2|Archaludon, L50, M|\n|poke|p2|Pelipper, L50, M|\n|poke|p2|Basculegion, L50, M|\n|poke|p2|Sneasler, L50, M|\n|poke|p2|Farigiraf, L50, M|\n|teampreview|4\n|inactive|Battle timer is ON: inactive players will automatically lose when time's up. (requested by halcony)\n|\n|t:|1776734475\n|teamsize|p1|4\n|teamsize|p2|4\n|start\n|switch|p1a: Farigiraf|Farigiraf, L50, M|100/100\n|switch|p1b: Snorlax|Snorlax, L50, M|100/100\n|switch|p2a: Meganium|Meganium, L50, F|100/100\n|switch|p2b: Pelipper|Pelipper, L50, M|100/100\n|-weather|RainDance|[from] ability: Drizzle|[of] p2b: Pelipper\n|turn|1\n|inactive|gostodebaldes has 30 seconds left.\n|\n|t:|1776734502\n|detailschange|p2a: Meganium|Meganium-Mega, L50, F\n|-mega|p2a: Meganium|Meganium|Meganiumite\n|move|p2b: Pelipper|Weather Ball|p1a: Farigiraf\n|-damage|p1a: Farigiraf|35/100\n|move|p2a: Meganium|Solar Beam||[still]\n|-prepare|p2a: Meganium|Solar Beam\n|-activate|p2a: Meganium|ability: Mega Sol\n|-anim|p2a: Meganium|Solar Beam|p1a: Farigiraf\n|-damage|p1a: Farigiraf|0 fnt\n|faint|p1a: Farigiraf\n|move|p1b: Snorlax|Belly Drum|p1b: Snorlax\n|-damage|p1b: Snorlax|51/100\n|-setboost|p1b: Snorlax|atk|6|[from] move: Belly Drum\n|\n|-weather|RainDance|[upkeep]\n|upkeep\n|\n|t:|1776734510\n|switch|p1a: Sinistcha|Sinistcha, L50|100/100\n|-heal|p1b: Snorlax|75/100|[from] ability: Hospitality|[of] p1a: Sinistcha\n|turn|2\n|inactive|gostodebaldes has 30 seconds left.\n|\n|t:|1776734537\n|move|p2b: Pelipper|Hurricane|p1a: Sinistcha\n|-supereffective|p1a: Sinistcha|1\n|-damage|p1a: Sinistcha|0 fnt\n|faint|p1a: Sinistcha\n|move|p2a: Meganium|Solar Beam||[still]\n|-prepare|p2a: Meganium|Solar Beam\n|-activate|p2a: Meganium|ability: Mega Sol\n|-anim|p2a: Meganium|Solar Beam|p1b: Snorlax\n|-damage|p1b: Snorlax|28/100\n|-enditem|p1b: Snorlax|Sitrus Berry|[eat]\n|-heal|p1b: Snorlax|53/100|[from] item: Sitrus Berry\n|move|p1b: Snorlax|Rock Slide|p2a: Meganium|[spread] p2a,p2b\n|-supereffective|p2b: Pelipper|1\n|-damage|p2a: Meganium|44/100\n|-enditem|p2b: Pelipper|Focus Sash\n|-damage|p2b: Pelipper|1/100\n|\n|-weather|RainDance|[upkeep]\n|upkeep\n|\n|t:|1776734542\n|switch|p1a: Abomasnow|Abomasnow, L50, M|100/100\n|-weather|Snowscape|[from] ability: Snow Warning|[of] p1a: Abomasnow\n|turn|3\n|\n|t:|1776734561\n|switch|p2b: Farigiraf|Farigiraf, L50, M|100/100\n|detailschange|p1a: Abomasnow|Abomasnow-Mega, L50, M\n|-mega|p1a: Abomasnow|Abomasnow|Abomasite\n|move|p2a: Meganium|Protect|p2a: Meganium\n|-singleturn|p2a: Meganium|Protect\n|move|p1b: Snorlax|Rock Slide|p2b: Farigiraf|[spread] p2b\n|-activate|p2a: Meganium|move: Protect\n|-damage|p2b: Farigiraf|42/100\n|move|p1a: Abomasnow|Aurora Veil|p1a: Abomasnow\n|-sidestart|p1: halcony|move: Aurora Veil\n|\n|-weather|Snowscape|[upkeep]\n|upkeep\n|turn|4\n|inactive|gostodebaldes has 30 seconds left.\n|inactive|gostodebaldes has 20 seconds left.\n|inactive|gostodebaldes has 15 seconds left.\n|inactive|gostodebaldes has 10 seconds left.\n|\n|t:|1776734606\n|move|p2b: Farigiraf|Helping Hand|p2a: Meganium\n|-singleturn|p2a: Meganium|Helping Hand|[of] p2b: Farigiraf\n|move|p2a: Meganium|Dazzling Gleam|p1b: Snorlax|[spread] p1a,p1b\n|-damage|p1a: Abomasnow|68/100\n|-damage|p1b: Snorlax|32/100\n|move|p1b: Snorlax|Rock Slide|p2b: Farigiraf|[spread] p2a,p2b\n|-damage|p2a: Meganium|0 fnt\n|-damage|p2b: Farigiraf|0 fnt\n|faint|p2a: Meganium\n|faint|p2b: Farigiraf\n|move|p1a: Abomasnow|Blizzard|p2: Meganium|[notarget]\n|-fail|p1a: Abomasnow\n|\n|-weather|Snowscape|[upkeep]\n|upkeep\n|\n|t:|1776734615\n|switch|p2a: Archaludon|Archaludon, L50, M|100/100\n|switch|p2b: Pelipper|Pelipper, L50, M|1/100\n|-weather|RainDance|[from] ability: Drizzle|[of] p2b: Pelipper\n|turn|5\n|\n|t:|1776734628\n|move|p2b: Pelipper|Hurricane|p1a: Abomasnow\n|-supereffective|p1a: Abomasnow|1\n|-damage|p1a: Abomasnow|12/100\n|move|p2a: Archaludon|Electro Shot||[still]\n|-prepare|p2a: Archaludon|Electro Shot\n|-boost|p2a: Archaludon|spa|1\n|-anim|p2a: Archaludon|Electro Shot|p1b: Snorlax\n|-damage|p1b: Snorlax|2/100\n|move|p1b: Snorlax|Brick Break|p2a: Archaludon\n|-supereffective|p2a: Archaludon|1\n|-damage|p2a: Archaludon|0 fnt\n|faint|p2a: Archaludon\n|move|p1a: Abomasnow|Energy Ball|p2b: Pelipper\n|-damage|p2b: Pelipper|0 fnt\n|faint|p2b: Pelipper\n|\n|win|halcony\n|raw|halcony's rating: 1259 &rarr; <strong>1283</strong><br />(+24 for winning)\n|raw|gostodebaldes's rating: 1250 &rarr; <strong>1226</strong><br />(-24 for losing)\n",
  "uploadtime": 1776734635,
  "views": 3,
  "formatid": "gen9championsvgc2026regma",
  "rating": 1226,
  "private": 0,
  "password": null
}