{
  "id": "gen9championsvgc2026regma-2583649757",
  "format": "[Gen 9 Champions] VGC 2026 Reg M-A",
  "players": [
    "Yalper",
    "A456452131"
  ],
  "log": "|j|\u2606Yalper\n|j|\u2606A456452131\n|t:|1776188744\n|gametype|doubles\n|player|p1|Yalper|266|1131\n|player|p2|A456452131|265|1150\n|gen|9\n|tier|[Gen 9 Champions] VGC 2026 Reg M-A\n|rated|\n|rule|Species Clause: Limit one of each Pok\u00e9mon\n|rule|Item Clause: Limit 1 of each item\n|clearpoke\n|poke|p1|Delphox, L50, M|\n|poke|p1|Garchomp, L50, M|\n|poke|p1|Whimsicott, L50, F|\n|poke|p1|Rotom-Wash, L50|\n|poke|p1|Sneasler, L50, M|\n|poke|p1|Aerodactyl, L50, M|\n|poke|p2|Runerigus, L50, F|\n|poke|p2|Torkoal, L50, M|\n|poke|p2|Venusaur, L50, M|\n|poke|p2|Kingambit, L50, F|\n|poke|p2|Kleavor, L50, F|\n|poke|p2|Drampa, L50, M|\n|teampreview|4\n|inactive|Battle timer is ON: inactive players will automatically lose when time's up. (requested by A456452131)\n|\n|t:|1776188807\n|teamsize|p1|4\n|teamsize|p2|4\n|start\n|switch|p1a: Delphox|Delphox, L50, M|100/100\n|switch|p1b: Garchomp|Garchomp, L50, M|100/100\n|switch|p2a: Kleavor|Kleavor, L50, F|100/100\n|switch|p2b: Venusaur|Venusaur, L50, M|100/100\n|turn|1\n|\n|t:|1776188831\n|detailschange|p1a: Delphox|Delphox-Mega, L50, M\n|-mega|p1a: Delphox|Delphox|Delphoxite\n|move|p1b: Garchomp|Earthquake|p2a: Kleavor|[spread] p2a,p2b\n|-immune|p1a: Delphox|[from] ability: Levitate\n|-damage|p2a: Kleavor|45/100\n|-damage|p2b: Venusaur|52/100\n|move|p2a: Kleavor|Stone Axe|p1a: Delphox\n|-supereffective|p1a: Delphox|1\n|-damage|p1a: Delphox|0 fnt\n|-sidestart|p1: Yalper|move: Stealth Rock\n|faint|p1a: Delphox\n|move|p2b: Venusaur|Sleep Powder|p1b: Garchomp\n|-status|p1b: Garchomp|slp|[from] move: Sleep Powder\n|\n|upkeep\n|inactive|Yalper has 30 seconds left.\n|inactive|Yalper has 20 seconds left.\n|inactive|Yalper has 15 seconds left.\n|\n|t:|1776188873\n|switch|p1a: Sneasler|Sneasler, L50, M|100/100\n|-damage|p1a: Sneasler|95/100|[from] Stealth Rock\n|turn|2\n|inactive|A456452131 has 30 seconds left.\n|\n|t:|1776188904\n|switch|p2b: Torkoal|Torkoal, L50, M|100/100\n|-weather|SunnyDay|[from] ability: Drought|[of] p2b: Torkoal\n|cant|p1b: Garchomp|slp\n|move|p2a: Kleavor|Stone Axe|p1a: Sneasler|[miss]\n|-miss|p2a: Kleavor|p1a: Sneasler\n|move|p1a: Sneasler|Dire Claw|p2b: Torkoal\n|-damage|p2b: Torkoal|65/100\n|\n|-weather|SunnyDay|[upkeep]\n|upkeep\n|turn|3\n|\n|t:|1776188926\n|move|p1a: Sneasler|Protect|p1a: Sneasler\n|-singleturn|p1a: Sneasler|Protect\n|cant|p1b: Garchomp|slp\n|move|p2a: Kleavor|Stone Axe|p1a: Sneasler\n|-activate|p1a: Sneasler|move: Protect\n|move|p2b: Torkoal|Eruption|p1a: Sneasler|[spread] p1b\n|-activate|p1a: Sneasler|move: Protect\n|-resisted|p1b: Garchomp|1\n|-damage|p1b: Garchomp|71/100 slp\n|\n|-weather|SunnyDay|[upkeep]\n|upkeep\n|turn|4\n|\n|t:|1776188947\n|switch|p1a: Aerodactyl|Aerodactyl, L50, M|100/100\n|-ability|p1a: Aerodactyl|Unnerve\n|-damage|p1a: Aerodactyl|76/100|[from] Stealth Rock\n|move|p2b: Torkoal|Helping Hand|p2a: Kleavor\n|-singleturn|p2a: Kleavor|Helping Hand|[of] p2b: Torkoal\n|-curestatus|p1b: Garchomp|slp|[msg]\n|move|p1b: Garchomp|Earthquake|p2b: Torkoal|[spread] p2a,p2b\n|-immune|p1a: Aerodactyl\n|-supereffective|p2b: Torkoal|1\n|-damage|p2a: Kleavor|0 fnt\n|-damage|p2b: Torkoal|0 fnt\n|faint|p2a: Kleavor\n|faint|p2b: Torkoal\n|\n|-weather|SunnyDay|[upkeep]\n|upkeep\n|\n|t:|1776188950\n|switch|p2a: Venusaur|Venusaur, L50, M|52/100\n|switch|p2b: Kingambit|Kingambit, L50, F|100/100\n|turn|5\n|\n|t:|1776188970\n|move|p2b: Kingambit|Sucker Punch|p1b: Garchomp\n|-damage|p1b: Garchomp|29/100\n|-damage|p2b: Kingambit|88/100|[from] ability: Rough Skin|[of] p1b: Garchomp\n|move|p1b: Garchomp|Earthquake|p2a: Venusaur|[spread] p2a,p2b\n|-immune|p1a: Aerodactyl\n|-supereffective|p2b: Kingambit|1\n|-damage|p2a: Venusaur|7/100\n|-damage|p2b: Kingambit|21/100\n|move|p2a: Venusaur|Sleep Powder|p1b: Garchomp\n|-status|p1b: Garchomp|slp|[from] move: Sleep Powder\n|move|p1a: Aerodactyl|Dual Wingbeat|p2a: Venusaur\n|-supereffective|p2a: Venusaur|1\n|-damage|p2a: Venusaur|0 fnt\n|faint|p2a: Venusaur\n|-hitcount|p2: Venusaur|1\n|\n|-weather|SunnyDay|[upkeep]\n|upkeep\n|turn|6\n|inactive|Yalper has 30 seconds left.\n|\n|t:|1776188997\n|cant|p1b: Garchomp|slp\n|move|p1a: Aerodactyl|Rock Slide|p2b: Kingambit\n|-resisted|p2b: Kingambit|1\n|-damage|p2b: Kingambit|8/100\n|move|p2b: Kingambit|Iron Head|p1a: Aerodactyl\n|-supereffective|p1a: Aerodactyl|1\n|-damage|p1a: Aerodactyl|0 fnt\n|-enditem|p2b: Kingambit|Sitrus Berry|[eat]\n|-heal|p2b: Kingambit|32/100|[from] item: Sitrus Berry\n|faint|p1a: Aerodactyl\n|\n|-weather|none\n|upkeep\n|\n|t:|1776189010\n|switch|p1a: Sneasler|Sneasler, L50, M|95/100\n|-damage|p1a: Sneasler|89/100|[from] Stealth Rock\n|turn|7\n|-message|A456452131 forfeited.\n|\n|win|Yalper\n|raw|Yalper's rating: 1131 &rarr; <strong>1157</strong><br />(+26 for winning)\n|raw|A456452131's rating: 1150 &rarr; <strong>1124</strong><br />(-26 for losing)\n",
  "uploadtime": 1776189029,
  "views": 15,
  "formatid": "gen9championsvgc2026regma",
  "rating": 1124,
  "private": 0,
  "password": null
}