{
  "id": "gen9championsvgc2026regma-2583299264",
  "format": "[Gen 9 Champions] VGC 2026 Reg M-A",
  "players": [
    "Swis_Chris",
    "R00ckUP"
  ],
  "log": "|j|\u2606Swis_Chris\n|j|\u2606R00ckUP\n|t:|1776164582\n|gametype|doubles\n|player|p1|Swis_Chris|hop-masters|1147\n|player|p2|R00ckUP|acetrainersnow|1204\n|gen|9\n|tier|[Gen 9 Champions] VGC 2026 Reg M-A\n|rated|\n|rule|Species Clause: Limit one of each Pok\u00e9mon\n|rule|Item Clause: Limit 1 of each item\n|clearpoke\n|poke|p1|Chesnaught, L50, M|\n|poke|p1|Gyarados, L50, M|\n|poke|p1|Talonflame, L50, M|\n|poke|p1|Basculegion, L50, M|\n|poke|p1|Aegislash, L50, M|\n|poke|p1|Sinistcha-Masterpiece, L50|\n|poke|p2|Delphox, L50, F|\n|poke|p2|Basculegion, L50, M|\n|poke|p2|Clefable, L50, F|\n|poke|p2|Kingambit, L50, M|\n|poke|p2|Dragonite, L50, F|\n|poke|p2|Sneasler, L50, F|\n|teampreview|4\nSwis_Chris has agreed to open team sheets.\nR00ckUP rejected open team sheets.\n|inactive|Battle timer is ON: inactive players will automatically lose when time's up. (requested by R00ckUP)\n|\n|t:|1776164611\n|teamsize|p1|4\n|teamsize|p2|4\n|start\n|switch|p1a: The Dragon|Gyarados, L50, M, shiny|100/100\n|switch|p1b: Talonflame|Talonflame, L50, M|100/100\n|switch|p2a: Kingambit|Kingambit, L50, M|100/100\n|switch|p2b: Sneasler|Sneasler, L50, F|100/100\n|-ability|p1a: The Dragon|Intimidate|boost\n|-unboost|p2a: Kingambit|atk|1\n|-ability|p2a: Kingambit|Defiant|boost\n|-boost|p2a: Kingambit|atk|2\n|-unboost|p2b: Sneasler|atk|1\n|turn|1\n|\n|t:|1776164623\n|detailschange|p1a: The Dragon|Gyarados-Mega, L50, M, shiny\n|-mega|p1a: The Dragon|Gyarados|Gyaradosite\n|-ability|p1a: The Dragon|Mold Breaker\n|move|p1b: Talonflame|Upper Hand||[still]\n|-fail|p1b: Talonflame\n|move|p2b: Sneasler|Dire Claw|p1b: Talonflame\n|-damage|p1b: Talonflame|55/100\n|-status|p1b: Talonflame|slp\n|move|p1a: The Dragon|Dragon Dance|p1a: The Dragon\n|-boost|p1a: The Dragon|atk|1\n|-boost|p1a: The Dragon|spe|1\n|move|p2a: Kingambit|Swords Dance|p2a: Kingambit\n|-boost|p2a: Kingambit|atk|2\n|\n|upkeep\n|turn|2\n|inactive|Swis_Chris has 30 seconds left.\n|inactive|R00ckUP has 30 seconds left.\n|inactive|Swis_Chris has 20 seconds left.\n|inactive|Swis_Chris has 15 seconds left.\n|inactive|Swis_Chris has 10 seconds left.\n|inactive|Swis_Chris has 5 seconds left.\n|\n|t:|1776164674\n|move|p1a: The Dragon|Temper Flare|p2a: Kingambit\n|-supereffective|p2a: Kingambit|1\n|-damage|p2a: Kingambit|35/100\n|cant|p1b: Talonflame|slp\n|move|p2b: Sneasler|Close Combat|p1a: The Dragon\n|-supereffective|p1a: The Dragon|1\n|-damage|p1a: The Dragon|24/100\n|-unboost|p2b: Sneasler|def|1\n|-unboost|p2b: Sneasler|spd|1\n|move|p2a: Kingambit|Kowtow Cleave|p1a: The Dragon\n|-resisted|p1a: The Dragon|1\n|-damage|p1a: The Dragon|0 fnt\n|faint|p1a: The Dragon\n|\n|upkeep\n|inactive|Swis_Chris has 30 seconds left.\n|inactive|Swis_Chris has 20 seconds left.\n|inactive|Swis_Chris has 15 seconds left.\n|\n|t:|1776164718\n|switch|p1a: Basculegion|Basculegion, L50, M|100/100\n|turn|3\n|inactive|Swis_Chris has 30 seconds left.\n|\n|t:|1776164745\n|switch|p2b: Clefable|Clefable, L50, F, shiny|100/100\n|move|p2a: Kingambit|Protect|p2a: Kingambit\n|-singleturn|p2a: Kingambit|Protect\n|-curestatus|p1b: Talonflame|slp|[msg]\n|move|p1b: Talonflame|Upper Hand||[still]\n|-fail|p1b: Talonflame\n|move|p1a: Basculegion|Wave Crash|p2b: Clefable\n|-damage|p2b: Clefable|47/100\n|-enditem|p2b: Clefable|Sitrus Berry|[eat]\n|-heal|p2b: Clefable|72/100|[from] item: Sitrus Berry\n|-damage|p1a: Basculegion|82/100|[from] Recoil\n|\n|upkeep\n|turn|4\n|\n|t:|1776164759\n|move|p1a: Basculegion|Protect|p1a: Basculegion\n|-singleturn|p1a: Basculegion|Protect\n|move|p2b: Clefable|Follow Me|p2b: Clefable\n|-singleturn|p2b: Clefable|move: Follow Me\n|move|p2a: Kingambit|Sucker Punch||[still]\n|-fail|p2a: Kingambit\n|move|p1b: Talonflame|Rain Dance|p1b: Talonflame\n|-weather|RainDance\n|\n|-weather|RainDance|[upkeep]\n|upkeep\n|turn|5\n|\n|t:|1776164776\n|move|p1b: Talonflame|Upper Hand|p2a: Kingambit\n|-supereffective|p2a: Kingambit|2\n|-damage|p2a: Kingambit|0 fnt\n|faint|p2a: Kingambit\n|move|p2b: Clefable|Follow Me|p2b: Clefable\n|-singleturn|p2b: Clefable|move: Follow Me\n|move|p1a: Basculegion|Wave Crash|p2b: Clefable\n|-damage|p2b: Clefable|0 fnt\n|faint|p2b: Clefable\n|-damage|p1a: Basculegion|58/100|[from] Recoil\n|\n|-weather|RainDance|[upkeep]\n|upkeep\n|\n|t:|1776164780\n|switch|p2b: Delphox|Delphox, L50, F|100/100\n|switch|p2a: Sneasler|Sneasler, L50, F|100/100\n|turn|6\n|\n|t:|1776164799\n|detailschange|p2b: Delphox|Delphox-Mega, L50, F\n|-mega|p2b: Delphox|Delphox|Delphoxite\n|move|p1b: Talonflame|Upper Hand|p2a: Sneasler\n|-resisted|p2a: Sneasler|1\n|-damage|p2a: Sneasler|85/100\n|cant|p2a: Sneasler|flinch\n|move|p1a: Basculegion|Wave Crash|p2b: Delphox\n|-supereffective|p2b: Delphox|1\n|-damage|p2b: Delphox|0 fnt\n|faint|p2b: Delphox\n|-damage|p1a: Basculegion|32/100|[from] Recoil\n|\n|-weather|RainDance|[upkeep]\n|upkeep\n|turn|7\n|-message|R00ckUP forfeited.\n|\n|win|Swis_Chris\n|raw|Swis_Chris's rating: 1147 &rarr; <strong>1176</strong><br />(+29 for winning)\n|raw|R00ckUP's rating: 1204 &rarr; <strong>1175</strong><br />(-29 for losing)\n|l|\u2606R00ckUP\n|player|p2|\n",
  "uploadtime": 1776164841,
  "views": 31,
  "formatid": "gen9championsvgc2026regma",
  "rating": 1175,
  "private": 0,
  "password": null
}