{
  "id": "gen9championsvgc2026regma-2583007824",
  "format": "[Gen 9 Champions] VGC 2026 Reg M-A",
  "players": [
    "b42069",
    "azj06"
  ],
  "log": "|j|\u2606b42069\n|j|\u2606azj06\n|t:|1776132849\n|gametype|doubles\n|player|p1|b42069|1|1061\n|player|p2|azj06|gambler|1123\n|gen|9\n|tier|[Gen 9 Champions] VGC 2026 Reg M-A\n|rated|\n|rule|Species Clause: Limit one of each Pok\u00e9mon\n|rule|Item Clause: Limit 1 of each item\n|clearpoke\n|poke|p1|Incineroar, L50, M|\n|poke|p1|Pidgeot, L50, M|\n|poke|p1|Tyranitar, L50, M|\n|poke|p1|Sableye, L50, F|\n|poke|p1|Alcremie-Mint-Cream, L50, F|\n|poke|p1|Zoroark-Hisui, L50, M|\n|poke|p2|Venusaur, L50, F|\n|poke|p2|Tyranitar, L50, M|\n|poke|p2|Excadrill, L50, M|\n|poke|p2|Gyarados, L50, M|\n|poke|p2|Rotom-Heat, L50|\n|poke|p2|Corviknight, L50, F|\n|teampreview|4\n|inactive|Battle timer is ON: inactive players will automatically lose when time's up. (requested by azj06)\nazj06 has agreed to open team sheets.\n|inactive|b42069 has 60 seconds left.\n|inactive|azj06 has 60 seconds left.\n|\n|t:|1776132888\n|teamsize|p1|4\n|teamsize|p2|4\n|start\n|switch|p1a: Incineroar|Incineroar, L50, M|100/100\n|switch|p1b: Pidgeot|Pidgeot, L50, M|100/100\n|switch|p2a: Tyranitar|Tyranitar, L50, M|100/100\n|switch|p2b: Excadrill|Excadrill, L50, M|100/100\n|-weather|Sandstorm|[from] ability: Sand Stream|[of] p2a: Tyranitar\n|-ability|p1a: Incineroar|Intimidate|boost\n|-unboost|p2a: Tyranitar|atk|1\n|-unboost|p2b: Excadrill|atk|1\n|turn|1\n|inactive|b42069 has 30 seconds left.\n|\n|t:|1776132914\n|switch|p2b: Rotom|Rotom-Heat, L50|100/100\n|detailschange|p1b: Pidgeot|Pidgeot-Mega, L50, M\n|-mega|p1b: Pidgeot|Pidgeot|Pidgeotite\n|detailschange|p2a: Tyranitar|Tyranitar-Mega, L50, M\n|-mega|p2a: Tyranitar|Tyranitar|Tyranitarite\n|move|p2a: Tyranitar|Protect|p2a: Tyranitar\n|-singleturn|p2a: Tyranitar|Protect\n|move|p1a: Incineroar|Fake Out|p2a: Tyranitar\n|-activate|p2a: Tyranitar|move: Protect\n|move|p1b: Pidgeot|Tailwind|p1b: Pidgeot\n|-sidestart|p1: b42069|move: Tailwind\n|\n|-weather|Sandstorm|[upkeep]\n|-damage|p1b: Pidgeot|95/100|[from] Sandstorm\n|-damage|p2b: Rotom|95/100|[from] Sandstorm\n|-damage|p1a: Incineroar|95/100|[from] Sandstorm\n|-heal|p1a: Incineroar|100/100|[from] item: Leftovers\n|upkeep\n|turn|2\n|\n|t:|1776132935\n|move|p1b: Pidgeot|Protect|p1b: Pidgeot\n|-singleturn|p1b: Pidgeot|Protect\n|move|p2b: Rotom|Volt Switch|p1b: Pidgeot\n|-activate|p1b: Pidgeot|move: Protect\n|move|p1a: Incineroar|Parting Shot|p2a: Tyranitar\n|-unboost|p2a: Tyranitar|atk|1\n|-unboost|p2a: Tyranitar|spa|1\n|\n|t:|1776132947\n|switch|p1a: Alcremie|Alcremie-Mint-Cream, L50, F|100/100|[from] Parting Shot\n|move|p2a: Tyranitar|Rock Slide|p1a: Alcremie|[spread] \n|-activate|p1b: Pidgeot|move: Protect\n|-miss|p2a: Tyranitar|p1a: Alcremie\n|\n|-weather|Sandstorm|[upkeep]\n|-damage|p1b: Pidgeot|89/100|[from] Sandstorm\n|-damage|p2b: Rotom|89/100|[from] Sandstorm\n|-damage|p1a: Alcremie|95/100|[from] Sandstorm\n|upkeep\n|turn|3\n|\n|t:|1776132960\n|switch|p1b: Incineroar|Incineroar, L50, M|100/100\n|-ability|p1b: Incineroar|Intimidate|boost\n|-unboost|p2a: Tyranitar|atk|1\n|-unboost|p2b: Rotom|atk|1\n|switch|p2a: Gyarados|Gyarados, L50, M|100/100\n|-ability|p2a: Gyarados|Intimidate|boost\n|-unboost|p1a: Alcremie|atk|1\n|-unboost|p1b: Incineroar|atk|1\n|move|p2b: Rotom|Volt Switch|p1b: Incineroar\n|-damage|p1b: Incineroar|76/100\n|\n|t:|1776132971\n|switch|p2b: Tyranitar|Tyranitar-Mega, L50, M|100/100|[from] Volt Switch\n|move|p1a: Alcremie|Draining Kiss|p2a: Gyarados\n|-damage|p2a: Gyarados|84/100\n|-heal|p1a: Alcremie|100/100|[from] drain|[of] p2a: Gyarados\n|\n|-weather|Sandstorm|[upkeep]\n|-damage|p1b: Incineroar|70/100|[from] Sandstorm\n|-damage|p1a: Alcremie|95/100|[from] Sandstorm\n|-damage|p2a: Gyarados|78/100|[from] Sandstorm\n|-heal|p1b: Incineroar|76/100|[from] item: Leftovers\n|upkeep\n|turn|4\n|\n|t:|1776132986\n|move|p2b: Tyranitar|Protect|p2b: Tyranitar\n|-singleturn|p2b: Tyranitar|Protect\n|move|p1b: Incineroar|Fake Out|p2a: Gyarados\n|-damage|p2a: Gyarados|71/100\n|move|p1a: Alcremie|Draining Kiss|p2b: Tyranitar\n|-activate|p2b: Tyranitar|move: Protect\n|cant|p2a: Gyarados|flinch\n|\n|-weather|Sandstorm|[upkeep]\n|-damage|p1b: Incineroar|70/100|[from] Sandstorm\n|-damage|p1a: Alcremie|89/100|[from] Sandstorm\n|-damage|p2a: Gyarados|65/100|[from] Sandstorm\n|-heal|p1b: Incineroar|76/100|[from] item: Leftovers\n|-sideend|p1: b42069|move: Tailwind\n|upkeep\n|turn|5\n|\n|t:|1776133001\n|move|p1a: Alcremie|Protect|p1a: Alcremie\n|-singleturn|p1a: Alcremie|Protect\n|move|p2a: Gyarados|Thunder Wave|p1a: Alcremie\n|-activate|p1a: Alcremie|move: Protect\n|move|p2b: Tyranitar|Rock Slide|p1a: Alcremie|[spread] p1b\n|-activate|p1a: Alcremie|move: Protect\n|-supereffective|p1b: Incineroar|1\n|-damage|p1b: Incineroar|8/100\n|move|p1b: Incineroar|Parting Shot|p2b: Tyranitar\n|-unboost|p2b: Tyranitar|atk|1\n|-unboost|p2b: Tyranitar|spa|1\n|\n|t:|1776133016\n|switch|p1b: Incineroar|Incineroar, L50, M|100/100|[from] Parting Shot\n|\n|-weather|none\n|upkeep\n|turn|6\n|\n|t:|1776133027\n|move|p2a: Gyarados|Protect|p2a: Gyarados\n|-singleturn|p2a: Gyarados|Protect\n|move|p1b: Incineroar|Hyper Voice|p2a: Gyarados|[spread] p2b\n|-activate|p2a: Gyarados|move: Protect\n|-resisted|p2b: Tyranitar|1\n|-damage|p2b: Tyranitar|84/100\n|move|p2b: Tyranitar|Assurance|p1b: Incineroar\n|-supereffective|p1b: Incineroar|1\n|-damage|p1b: Incineroar|4/100\n|replace|p1b: Zoroark|Zoroark-Hisui, L50, M\n|-end|p1b: Zoroark|Illusion\n|move|p1a: Alcremie|Draining Kiss|p2b: Tyranitar\n|-supereffective|p2b: Tyranitar|1\n|-damage|p2b: Tyranitar|55/100\n|-heal|p1a: Alcremie|100/100|[from] drain|[of] p2b: Tyranitar\n|\n|upkeep\n|turn|7\n|inactive|b42069 has 30 seconds left.\n|inactive|b42069 has 20 seconds left.\n|\n|t:|1776133065\n|switch|p2b: Rotom|Rotom-Heat, L50|89/100\n|move|p1b: Zoroark|Hyper Voice|p2a: Gyarados|[spread] p2a,p2b\n|-damage|p2a: Gyarados|28/100\n|-damage|p2b: Rotom|37/100\n|-enditem|p2a: Gyarados|Sitrus Berry|[eat]\n|-heal|p2a: Gyarados|53/100|[from] item: Sitrus Berry\n|move|p2a: Gyarados|Waterfall|p1a: Alcremie\n|-damage|p1a: Alcremie|65/100\n|cant|p1a: Alcremie|flinch\n|\n|upkeep\n|turn|8\n|\n|t:|1776133086\n|move|p1a: Alcremie|Protect|p1a: Alcremie\n|-singleturn|p1a: Alcremie|Protect\n|move|p2b: Rotom|Electroweb|p1a: Alcremie|[spread] p1b\n|-activate|p1a: Alcremie|move: Protect\n|-crit|p1b: Zoroark\n|-damage|p1b: Zoroark|0 fnt\n|faint|p1b: Zoroark\n|move|p2a: Gyarados|Waterfall|p1a: Alcremie\n|-activate|p1a: Alcremie|move: Protect\n|\n|upkeep\n|\n|t:|1776133094\n|switch|p1b: Incineroar|Incineroar, L50, M|8/100\n|-ability|p1b: Incineroar|Intimidate|boost\n|-unboost|p2a: Gyarados|atk|1\n|-unboost|p2b: Rotom|atk|1\n|turn|9\n|\n|t:|1776133105\n|move|p1b: Incineroar|Fake Out|p2b: Rotom\n|-damage|p2b: Rotom|23/100\n|cant|p2b: Rotom|flinch\n|move|p2a: Gyarados|Waterfall|p1b: Incineroar\n|-supereffective|p1b: Incineroar|1\n|-damage|p1b: Incineroar|0 fnt\n|faint|p1b: Incineroar\n|move|p1a: Alcremie|Draining Kiss|p2b: Rotom\n|-resisted|p2b: Rotom|1\n|-damage|p2b: Rotom|12/100\n|-heal|p1a: Alcremie|71/100|[from] drain|[of] p2b: Rotom\n|\n|upkeep\n|\n|t:|1776133113\n|switch|p1b: Pidgeot|Pidgeot-Mega, L50, M|89/100\n|turn|10\n|\n|t:|1776133137\n|move|p2b: Rotom|Electroweb|p1a: Alcremie|[spread] p1a,p1b\n|-crit|p1a: Alcremie\n|-supereffective|p1b: Pidgeot|1\n|-damage|p1a: Alcremie|49/100\n|-damage|p1b: Pidgeot|40/100\n|-unboost|p1a: Alcremie|spe|1\n|-unboost|p1b: Pidgeot|spe|1\n|move|p1b: Pidgeot|Tailwind|p1b: Pidgeot\n|-sidestart|p1: b42069|move: Tailwind\n|move|p2a: Gyarados|Thunder Wave|p1b: Pidgeot\n|-status|p1b: Pidgeot|par\n|move|p1a: Alcremie|Decorate|p1b: Pidgeot\n|-boost|p1b: Pidgeot|atk|2\n|-boost|p1b: Pidgeot|spa|2\n|\n|upkeep\n|turn|11\n|\n|t:|1776133152\n|move|p2b: Rotom|Electroweb|p1a: Alcremie|[spread] p1a,p1b\n|-supereffective|p1b: Pidgeot|1\n|-damage|p1a: Alcremie|32/100\n|-damage|p1b: Pidgeot|0 fnt\n|-unboost|p1a: Alcremie|spe|1\n|faint|p1b: Pidgeot\n|move|p2a: Gyarados|Waterfall|p1a: Alcremie\n|-damage|p1a: Alcremie|10/100\n|cant|p1a: Alcremie|flinch\n|\n|upkeep\n|turn|12\n|-message|b42069 forfeited.\n|\n|win|azj06\n|raw|b42069's rating: 1061 &rarr; <strong>1045</strong><br />(-16 for losing)\n|raw|azj06's rating: 1123 &rarr; <strong>1144</strong><br />(+21 for winning)\n|l|\u2606b42069\n|player|p1|\n",
  "uploadtime": 1776133165,
  "views": 15,
  "formatid": "gen9championsvgc2026regma",
  "rating": 1045,
  "private": 0,
  "password": null
}