{
  "id": "gen9championsvgc2026regma-2587906593",
  "format": "[Gen 9 Champions] VGC 2026 Reg M-A",
  "players": [
    "Epslix",
    "JLFalcon"
  ],
  "log": "|j|\u2606Epslix\n|j|\u2606JLFalcon\n|t:|1776577311\n|gametype|doubles\n|player|p1|Epslix|veteranf|1320\n|player|p2|JLFalcon|brycen|1382\n|gen|9\n|tier|[Gen 9 Champions] VGC 2026 Reg M-A\n|rated|\n|rule|Species Clause: Limit one of each Pok\u00e9mon\n|rule|Item Clause: Limit 1 of each item\n|clearpoke\n|poke|p1|Espathra, L50, F|\n|poke|p1|Aegislash, L50, M|\n|poke|p1|Sneasler, L50, M|\n|poke|p1|Garchomp, L50, F|\n|poke|p1|Incineroar, L50, F|\n|poke|p1|Meganium, L50, F|\n|poke|p2|Skarmory, L50, F|\n|poke|p2|Sneasler, L50, F|\n|poke|p2|Milotic, L50, F|\n|poke|p2|Tyranitar, L50, F|\n|poke|p2|Excadrill, L50, M|\n|poke|p2|Sinistcha, L50|\n|teampreview|4\n|c|\u2606JLFalcon|Glhf\n|c|\u2606Epslix|u2\n|\n|t:|1776577369\n|teamsize|p1|4\n|teamsize|p2|4\n|start\n|switch|p1a: MustGoFaster|Garchomp, L50, F|100/100\n|switch|p1b: En Passant|Aegislash, L50, M|100/100\n|switch|p2a: Milotic|Milotic, L50, F|100/100\n|switch|p2b: Sneasler|Sneasler, L50, F|100/100\n|turn|1\n|\n|t:|1776577379\n|move|p2b: Sneasler|Fake Out|p1a: MustGoFaster\n|-damage|p1a: MustGoFaster|91/100\n|-damage|p2b: Sneasler|88/100|[from] ability: Rough Skin|[of] p1a: MustGoFaster\n|move|p1b: En Passant|Wide Guard|p1b: En Passant\n|-singleturn|p1b: En Passant|Wide Guard\n|cant|p1a: MustGoFaster|flinch\n|move|p2a: Milotic|Coil|p2a: Milotic\n|-boost|p2a: Milotic|atk|1\n|-boost|p2a: Milotic|def|1\n|-boost|p2a: Milotic|accuracy|1\n|\n|upkeep\n|turn|2\n|\n|t:|1776577392\n|switch|p2b: Skarmory|Skarmory, L50, F|100/100\n|move|p1b: En Passant|Wide Guard|p1b: En Passant\n|-singleturn|p1b: En Passant|Wide Guard\n|move|p1a: MustGoFaster|Earthquake|p2b: Skarmory|[spread] p2a\n|-activate|p1b: En Passant|move: Wide Guard\n|-immune|p2b: Skarmory\n|-damage|p2a: Milotic|77/100\n|move|p2a: Milotic|Coil|p2a: Milotic\n|-boost|p2a: Milotic|atk|1\n|-boost|p2a: Milotic|def|1\n|-boost|p2a: Milotic|accuracy|1\n|\n|-heal|p2a: Milotic|83/100|[from] item: Leftovers\n|upkeep\n|turn|3\n|\n|t:|1776577416\n|switch|p1a: Borrrrinnnggg|Sneasler, L50, M|100/100\n|detailschange|p2b: Skarmory|Skarmory-Mega, L50, F\n|-mega|p2b: Skarmory|Skarmory|Skarmorite\n|move|p2a: Milotic|Hypnosis|p1a: Borrrrinnnggg\n|-status|p1a: Borrrrinnnggg|slp|[from] move: Hypnosis\n|-formechange|p1b: En Passant|Aegislash-Blade|\n|move|p1b: En Passant|Poltergeist|p2a: Milotic\n|-activate|p2a: Milotic|move: Poltergeist|Leftovers\n|-damage|p2a: Milotic|52/100\n|move|p2b: Skarmory|Whirlwind|p1b: En Passant\n|drag|p1b: MustGoFaster|Garchomp, L50, F|91/100\n|\n|-heal|p2a: Milotic|58/100|[from] item: Leftovers\n|upkeep\n|turn|4\n|\n|t:|1776577442\n|cant|p1a: Borrrrinnnggg|slp\n|move|p1b: MustGoFaster|Dragon Claw|p2a: Milotic\n|-damage|p2a: Milotic|36/100\n|move|p2b: Skarmory|Brave Bird|p1a: Borrrrinnnggg\n|-supereffective|p1a: Borrrrinnnggg|1\n|-damage|p1a: Borrrrinnnggg|0 fnt\n|faint|p1a: Borrrrinnnggg\n|-damage|p2b: Skarmory|64/100|[from] Recoil\n|move|p2a: Milotic|Hypnosis|p1b: MustGoFaster\n|-status|p1b: MustGoFaster|slp|[from] move: Hypnosis\n|\n|-heal|p2a: Milotic|42/100|[from] item: Leftovers\n|upkeep\n|\n|t:|1776577450\n|switch|p1a: Cleospathra|Espathra, L50, F|100/100\n|turn|5\n|\n|t:|1776577461\n|move|p1a: Cleospathra|Protect|p1a: Cleospathra\n|-singleturn|p1a: Cleospathra|Protect\n|cant|p1b: MustGoFaster|slp\n|move|p2a: Milotic|Muddy Water|p1a: Cleospathra|[spread] p1b\n|-activate|p1a: Cleospathra|move: Protect\n|-damage|p1b: MustGoFaster|66/100 slp\n|move|p2b: Skarmory|Whirlwind|p1a: Cleospathra\n|drag|p1a: En Passant|Aegislash, L50, M|100/100\n|\n|-heal|p2a: Milotic|48/100|[from] item: Leftovers\n|upkeep\n|turn|6\n|\n|t:|1776577482\n|cant|p1b: MustGoFaster|slp\n|move|p2b: Skarmory|Brave Bird|p1b: MustGoFaster\n|-damage|p1b: MustGoFaster|4/100 slp\n|-damage|p2b: Skarmory|52/100|[from] ability: Rough Skin|[of] p1b: MustGoFaster\n|-damage|p2b: Skarmory|27/100|[from] Recoil\n|move|p2a: Milotic|Hypnosis|p1a: En Passant\n|-status|p1a: En Passant|slp|[from] move: Hypnosis\n|cant|p1a: En Passant|slp\n|\n|-heal|p2a: Milotic|55/100|[from] item: Leftovers\n|upkeep\n|turn|7\n|\n|t:|1776577496\n|-curestatus|p1b: MustGoFaster|slp|[msg]\n|move|p1b: MustGoFaster|Dragon Claw|p2a: Milotic\n|-damage|p2a: Milotic|34/100\n|move|p2b: Skarmory|Roost|p2b: Skarmory\n|-heal|p2b: Skarmory|77/100\n|-singleturn|p2b: Skarmory|move: Roost\n|move|p2a: Milotic|Muddy Water|p1a: En Passant|[spread] p1a,p1b\n|-damage|p1a: En Passant|83/100 slp\n|-damage|p1b: MustGoFaster|0 fnt\n|faint|p1b: MustGoFaster\n|-curestatus|p1a: En Passant|slp|[msg]\n|-formechange|p1a: En Passant|Aegislash-Blade|\n|move|p1a: En Passant|Poltergeist|p2a: Milotic\n|-activate|p2a: Milotic|move: Poltergeist|Leftovers\n|-damage|p2a: Milotic|4/100\n|\n|-heal|p2a: Milotic|10/100|[from] item: Leftovers\n|-heal|p1a: En Passant|89/100|[from] item: Leftovers\n|upkeep\n|\n|t:|1776577500\n|switch|p1b: Cleospathra|Espathra, L50, F|100/100\n|turn|8\n|\n|t:|1776577523\n|move|p1b: Cleospathra|Protect|p1b: Cleospathra\n|-singleturn|p1b: Cleospathra|Protect\n|move|p2b: Skarmory|Brave Bird|p1b: Cleospathra\n|-activate|p1b: Cleospathra|move: Protect\n|move|p2a: Milotic|Muddy Water|p1a: En Passant|[spread] p1a\n|-activate|p1b: Cleospathra|move: Protect\n|-damage|p1a: En Passant|57/100\n|move|p1a: En Passant|Poltergeist|p2a: Milotic|[miss]\n|-miss|p1a: En Passant|p2a: Milotic\n|\n|-heal|p2a: Milotic|17/100|[from] item: Leftovers\n|-heal|p1a: En Passant|63/100|[from] item: Leftovers\n|-ability|p1b: Cleospathra|Speed Boost|boost\n|-boost|p1b: Cleospathra|spe|1\n|upkeep\n|turn|9\n|\n|t:|1776577540\n|move|p2a: Milotic|Protect|p2a: Milotic\n|-singleturn|p2a: Milotic|Protect\n|move|p1b: Cleospathra|Calm Mind|p1b: Cleospathra\n|-boost|p1b: Cleospathra|spa|1\n|-boost|p1b: Cleospathra|spd|1\n|move|p2b: Skarmory|Brave Bird|p1b: Cleospathra\n|-damage|p1b: Cleospathra|10/100\n|-enditem|p1b: Cleospathra|Sitrus Berry|[eat]\n|-heal|p1b: Cleospathra|35/100|[from] item: Sitrus Berry\n|-damage|p2b: Skarmory|42/100|[from] Recoil\n|move|p1a: En Passant|Poltergeist|p2a: Milotic\n|-activate|p2a: Milotic|move: Protect\n|\n|-heal|p2a: Milotic|23/100|[from] item: Leftovers\n|-heal|p1a: En Passant|69/100|[from] item: Leftovers\n|-ability|p1b: Cleospathra|Speed Boost|boost\n|-boost|p1b: Cleospathra|spe|1\n|upkeep\n|turn|10\n|\n|t:|1776577557\n|move|p1b: Cleospathra|Protect|p1b: Cleospathra\n|-singleturn|p1b: Cleospathra|Protect\n|move|p2b: Skarmory|Brave Bird|p1b: Cleospathra\n|-activate|p1b: Cleospathra|move: Protect\n|move|p2a: Milotic|Muddy Water|p1a: En Passant|[spread] p1a\n|-activate|p1b: Cleospathra|move: Protect\n|-damage|p1a: En Passant|32/100\n|move|p1a: En Passant|Poltergeist|p2a: Milotic\n|-activate|p2a: Milotic|move: Poltergeist|Leftovers\n|-damage|p2a: Milotic|0 fnt\n|faint|p2a: Milotic\n|\n|-heal|p1a: En Passant|38/100|[from] item: Leftovers\n|-ability|p1b: Cleospathra|Speed Boost|boost\n|-boost|p1b: Cleospathra|spe|1\n|upkeep\n|\n|t:|1776577577\n|switch|p2a: Sneasler|Sneasler, L50, F|88/100\n|turn|11\n|\n|t:|1776577586\n|move|p1b: Cleospathra|Protect||[still]\n|-fail|p1b: Cleospathra\n|move|p2a: Sneasler|Fake Out|p1b: Cleospathra\n|-damage|p1b: Cleospathra|19/100\n|move|p2b: Skarmory|Brave Bird|p1b: Cleospathra\n|-damage|p1b: Cleospathra|0 fnt\n|faint|p1b: Cleospathra\n|-damage|p2b: Skarmory|35/100|[from] Recoil\n|move|p1a: En Passant|Poltergeist|p2b: Skarmory\n|-activate|p2b: Skarmory|move: Poltergeist|Skarmorite\n|-damage|p2b: Skarmory|0 fnt\n|faint|p2b: Skarmory\n|\n|-heal|p1a: En Passant|45/100|[from] item: Leftovers\n|upkeep\n|\n|t:|1776577591\n|switch|p2b: Excadrill|Excadrill, L50, M|100/100\n|turn|12\n|\n|t:|1776577602\n|move|p2b: Excadrill|Protect|p2b: Excadrill\n|-singleturn|p2b: Excadrill|Protect\n|-formechange|p1a: En Passant|Aegislash|\n|move|p1a: En Passant|King's Shield|p1a: En Passant\n|-singleturn|p1a: En Passant|Protect\n|move|p2a: Sneasler|Coaching|p2b: Excadrill\n|-boost|p2b: Excadrill|atk|1\n|-boost|p2b: Excadrill|def|1\n|\n|-heal|p1a: En Passant|51/100|[from] item: Leftovers\n|upkeep\n|turn|13\n|\n|t:|1776577612\n|move|p2a: Sneasler|Coaching|p2b: Excadrill\n|-boost|p2b: Excadrill|atk|1\n|-boost|p2b: Excadrill|def|1\n|move|p2b: Excadrill|High Horsepower|p1a: En Passant\n|-supereffective|p1a: En Passant|1\n|-damage|p1a: En Passant|0 fnt\n|faint|p1a: En Passant\n|\n|win|JLFalcon\n|raw|Epslix's rating: 1320 &rarr; <strong>1304</strong><br />(-16 for losing)\n|raw|JLFalcon's rating: 1382 &rarr; <strong>1398</strong><br />(+16 for winning)\n|l|\u2606Epslix\n|player|p1|\n",
  "uploadtime": 1776577626,
  "views": 53,
  "formatid": "gen9championsvgc2026regma",
  "rating": 1304,
  "private": 0,
  "password": null
}