{
  "id": "gen9championsvgc2026regma-2587181989",
  "format": "[Gen 9 Champions] VGC 2026 Reg M-A",
  "players": [
    "LieWithin",
    "Aacheryon"
  ],
  "log": "|j|\u2606LieWithin\n|j|\u2606Aacheryon\n|t:|1776505395\n|gametype|doubles\n|player|p1|LieWithin|1|1418\n|player|p2|Aacheryon|roughneck|1399\n|gen|9\n|tier|[Gen 9 Champions] VGC 2026 Reg M-A\n|rated|\n|rule|Species Clause: Limit one of each Pok\u00e9mon\n|rule|Item Clause: Limit 1 of each item\n|clearpoke\n|poke|p1|Incineroar, L50, M|\n|poke|p1|Floette-Eternal, L50, F|\n|poke|p1|Talonflame, L50, F|\n|poke|p1|Garchomp, L50, M|\n|poke|p1|Sinistcha-Masterpiece, L50|\n|poke|p1|Maushold-Four, L50|\n|poke|p2|Meowstic, L50, M|\n|poke|p2|Slowking-Galar, L50, F|\n|poke|p2|Primarina, L50, F|\n|poke|p2|Crabominable, L50, M|\n|poke|p2|Incineroar, L50, F|\n|poke|p2|Farigiraf, L50, F|\n|teampreview|4\n|\n|t:|1776505454\n|teamsize|p1|4\n|teamsize|p2|4\n|start\n|switch|p1a: Floette|Floette-Eternal, L50, F|100/100\n|switch|p1b: Incineroar|Incineroar, L50, M|100/100\n|switch|p2a: Meowstic|Meowstic, L50, M|100/100\n|switch|p2b: Slowking|Slowking-Galar, L50, F|100/100\n|-ability|p1b: Incineroar|Intimidate|boost\n|-unboost|p2a: Meowstic|atk|1\n|-unboost|p2b: Slowking|atk|1\n|turn|1\n|\n|t:|1776505470\n|move|p2a: Meowstic|Fake Out|p1b: Incineroar\n|-damage|p1b: Incineroar|98/100\n|cant|p1b: Incineroar|flinch\n|move|p1a: Floette|Calm Mind|p1a: Floette\n|-boost|p1a: Floette|spa|1\n|-boost|p1a: Floette|spd|1\n|move|p2b: Slowking|Trick Room|p2b: Slowking\n|-fieldstart|move: Trick Room|[of] p2b: Slowking\n|\n|upkeep\n|turn|2\n|\n|t:|1776505494\n|switch|p2a: Crabominable|Crabominable, L50, M|100/100\n|move|p1a: Floette|Protect|p1a: Floette\n|-singleturn|p1a: Floette|Protect\n|-prepare|p2b: Slowking|Chilly Reception|[premajor]\n|move|p2b: Slowking|Chilly Reception|p2b: Slowking\n|-weather|Snowscape\n|\n|t:|1776505503\n|switch|p2b: Meowstic|Meowstic, L50, M|100/100|[from] Chilly Reception\n|move|p1b: Incineroar|Parting Shot|p2b: Meowstic\n|-unboost|p2b: Meowstic|atk|1\n|-unboost|p2b: Meowstic|spa|1\n|\n|t:|1776505531\n|switch|p1b: Maushold|Maushold-Four, L50|100/100|[from] Parting Shot\n|\n|-weather|Snowscape|[upkeep]\n|upkeep\n|turn|3\n|\n|t:|1776505553\n|detailschange|p2a: Crabominable|Crabominable-Mega, L50, M\n|-mega|p2a: Crabominable|Crabominable|Crabominite\n|detailschange|p1a: Floette|Floette-Mega, L50, F\n|-mega|p1a: Floette|Floette|Floettite\n|-ability|p1a: Floette|Fairy Aura\n|move|p2b: Meowstic|Fake Out|p1a: Floette\n|-damage|p1a: Floette|98/100\n|move|p1b: Maushold|Follow Me|p1b: Maushold\n|-singleturn|p1b: Maushold|move: Follow Me\n|move|p2a: Crabominable|Drain Punch|p1b: Maushold\n|-supereffective|p1b: Maushold|1\n|-enditem|p1b: Maushold|Focus Sash\n|-damage|p1b: Maushold|1/100\n|cant|p1a: Floette|flinch\n|\n|-weather|Snowscape|[upkeep]\n|upkeep\n|turn|4\n|inactive|Battle timer is ON: inactive players will automatically lose when time's up. (requested by LieWithin)\n|\n|t:|1776505587\n|move|p2a: Crabominable|Protect|p2a: Crabominable\n|-singleturn|p2a: Crabominable|Protect\n|move|p1a: Floette|Protect|p1a: Floette\n|-singleturn|p1a: Floette|Protect\n|move|p1b: Maushold|Protect|p1b: Maushold\n|-singleturn|p1b: Maushold|Protect\n|move|p2b: Meowstic|Psychic Terrain|p2b: Meowstic\n|-fieldstart|move: Psychic Terrain\n|\n|-weather|Snowscape|[upkeep]\n|upkeep\n|turn|5\n|\n|t:|1776505605\n|switch|p2a: Slowking|Slowking-Galar, L50, F|100/100\n|move|p1b: Maushold|Follow Me|p1b: Maushold\n|-singleturn|p1b: Maushold|move: Follow Me\n|move|p2b: Meowstic|Expanding Force|p1a: Floette|[spread] p1a,p1b\n|-damage|p1a: Floette|84/100\n|-damage|p1b: Maushold|0 fnt\n|faint|p1b: Maushold\n|move|p1a: Floette|Dazzling Gleam|p2a: Slowking|[spread] p2a,p2b\n|-resisted|p2a: Slowking|1\n|-damage|p2a: Slowking|73/100\n|-damage|p2b: Meowstic|26/100\n|\n|-weather|Snowscape|[upkeep]\n|-fieldend|move: Trick Room\n|upkeep\n|\n|t:|1776505627\n|switch|p1b: Sinistcha|Sinistcha-Masterpiece, L50|100/100\n|-heal|p1a: Floette|100/100|[from] ability: Hospitality|[of] p1b: Sinistcha\n|turn|6\n|inactive|LieWithin has 30 seconds left.\n|\n|t:|1776505657\n|move|p1a: Floette|Dazzling Gleam|p2a: Slowking|[spread] p2a,p2b\n|-resisted|p2a: Slowking|1\n|-damage|p2a: Slowking|47/100\n|-damage|p2b: Meowstic|0 fnt\n|faint|p2b: Meowstic\n|move|p1b: Sinistcha|Trick Room|p1b: Sinistcha\n|-fieldstart|move: Trick Room|[of] p1b: Sinistcha\n|move|p2a: Slowking|Trick Room|p2a: Slowking\n|-fieldend|move: Trick Room\n|\n|-weather|none\n|upkeep\n|\n|t:|1776505665\n|switch|p2b: Primarina|Primarina, L50, F|100/100\n|turn|7\n|inactive|LieWithin has 30 seconds left.\n|inactive|LieWithin has 20 seconds left.\n|\n|t:|1776505702\n|switch|p1b: Incineroar|Incineroar, L50, M|98/100\n|-ability|p1b: Incineroar|Intimidate|boost\n|-unboost|p2a: Slowking|atk|1\n|-unboost|p2b: Primarina|atk|1\n|move|p1a: Floette|Dazzling Gleam|p2a: Slowking|[spread] p2a,p2b\n|-resisted|p2a: Slowking|1\n|-crit|p2b: Primarina\n|-damage|p2a: Slowking|18/100\n|-damage|p2b: Primarina|10/100\n|move|p2b: Primarina|Calm Mind|p2b: Primarina\n|-boost|p2b: Primarina|spa|1\n|-boost|p2b: Primarina|spd|1\n|move|p2a: Slowking|Expanding Force|p1a: Floette|[spread] p1a\n|-immune|p1b: Incineroar\n|-damage|p1a: Floette|73/100\n|\n|-heal|p2b: Primarina|16/100|[from] item: Leftovers\n|upkeep\n|turn|8\n|\n|t:|1776505724\n|switch|p1b: Sinistcha|Sinistcha-Masterpiece, L50|100/100\n|-heal|p1a: Floette|98/100|[from] ability: Hospitality|[of] p1b: Sinistcha\n|move|p2b: Primarina|Protect|p2b: Primarina\n|-singleturn|p2b: Primarina|Protect\n|move|p1a: Floette|Dazzling Gleam|p2b: Primarina|[spread] p2a\n|-activate|p2b: Primarina|move: Protect\n|-resisted|p2a: Slowking|1\n|-damage|p2a: Slowking|0 fnt\n|faint|p2a: Slowking\n|\n|-heal|p2b: Primarina|22/100|[from] item: Leftovers\n|-fieldend|move: Psychic Terrain\n|upkeep\n|-message|Aacheryon forfeited.\n|\n|win|LieWithin\n|raw|LieWithin's rating: 1418 &rarr; <strong>1437</strong><br />(+19 for winning)\n|raw|Aacheryon's rating: 1399 &rarr; <strong>1380</strong><br />(-19 for losing)\n|l|\u2606Aacheryon\n|player|p2|\n|l|\u2606LieWithin\n|player|p1|\n",
  "uploadtime": 1776505757,
  "views": 30,
  "formatid": "gen9championsvgc2026regma",
  "rating": 1380,
  "private": 0,
  "password": null
}