{
  "id": "gen9championsvgc2026regma-2586132512",
  "format": "[Gen 9 Champions] VGC 2026 Reg M-A",
  "players": [
    "Duke Kayn",
    "bkinley1414"
  ],
  "log": "|j|\u2606Duke Kayn\n|j|\u2606bkinley1414\n|t:|1776403004\n|gametype|doubles\n|player|p1|Duke Kayn|gambler|1029\n|player|p2|bkinley1414|linebacker|1050\n|gen|9\n|tier|[Gen 9 Champions] VGC 2026 Reg M-A\n|rated|\n|rule|Species Clause: Limit one of each Pok\u00e9mon\n|rule|Item Clause: Limit 1 of each item\n|clearpoke\n|poke|p1|Sableye, L50, M|\n|poke|p1|Glalie, L50, M|\n|poke|p1|Azumarill, L50, F|\n|poke|p1|Sinistcha, L50|\n|poke|p1|Lopunny, L50, M|\n|poke|p1|Tinkaton, L50, F|\n|poke|p2|Floette-Eternal, L50, F|\n|poke|p2|Aerodactyl, L50, F|\n|poke|p2|Incineroar, L50, F|\n|poke|p2|Basculegion, L50, M|\n|poke|p2|Excadrill, L50, F|\n|poke|p2|Maushold-Four, L50|\n|teampreview|4\n|inactive|Battle timer is ON: inactive players will automatically lose when time's up. (requested by Duke Kayn)\n|\n|t:|1776403023\n|teamsize|p1|4\n|teamsize|p2|4\n|start\n|switch|p1a: Sableye|Sableye, L50, M|100/100\n|switch|p1b: Glalie|Glalie, L50, M|100/100\n|switch|p2a: weighs how much?|Floette-Eternal, L50, F|100/100\n|switch|p2b: Aerodactyl|Aerodactyl, L50, F|100/100\n|-ability|p2b: Aerodactyl|Unnerve\n|turn|1\n|\n|t:|1776403039\n|detailschange|p2a: weighs how much?|Floette-Mega, L50, F\n|-mega|p2a: weighs how much?|Floette|Floettite\n|-ability|p2a: weighs how much?|Fairy Aura\n|detailschange|p1b: Glalie|Glalie-Mega, L50, M\n|-mega|p1b: Glalie|Glalie|Glalitite\n|move|p1a: Sableye|Fake Out|p2b: Aerodactyl\n|-resisted|p2b: Aerodactyl|1\n|-damage|p2b: Aerodactyl|95/100\n|move|p2a: weighs how much?|Dazzling Gleam|p1a: Sableye|[spread] p1a,p1b\n|-supereffective|p1a: Sableye|1\n|-crit|p1a: Sableye\n|-damage|p1a: Sableye|0 fnt\n|-damage|p1b: Glalie|33/100\n|faint|p1a: Sableye\n|move|p1b: Glalie|Iron Head|p2a: weighs how much?\n|-supereffective|p2a: weighs how much?|1\n|-damage|p2a: weighs how much?|26/100\n|cant|p2b: Aerodactyl|flinch\n|\n|upkeep\n|\n|t:|1776403045\n|switch|p1a: Azumarill|Azumarill, L50, F|100/100\n|turn|2\n|\n|t:|1776403068\n|switch|p1a: Sinistcha|Sinistcha, L50|100/100\n|-heal|p1b: Glalie|58/100|[from] ability: Hospitality|[of] p1a: Sinistcha\n|move|p2a: weighs how much?|Protect|p2a: weighs how much?\n|-singleturn|p2a: weighs how much?|Protect\n|move|p1b: Glalie|Ice Shard|p2a: weighs how much?\n|-activate|p2a: weighs how much?|move: Protect\n|move|p2b: Aerodactyl|Tailwind|p2b: Aerodactyl\n|-sidestart|p2: bkinley1414|move: Tailwind\n|\n|upkeep\n|turn|3\n|\n|t:|1776403085\n|move|p1b: Glalie|Ice Shard|p2a: weighs how much?\n|-damage|p2a: weighs how much?|0 fnt\n|faint|p2a: weighs how much?\n|move|p2b: Aerodactyl|Dual Wingbeat|p1a: Sinistcha\n|-supereffective|p1a: Sinistcha|1\n|-damage|p1a: Sinistcha|66/100\n|-supereffective|p1a: Sinistcha|1\n|-damage|p1a: Sinistcha|34/100\n|-hitcount|p1a: Sinistcha|2\n|move|p1a: Sinistcha|Life Dew|p1a: Sinistcha|[spread] p1a,p1b\n|-heal|p1a: Sinistcha|59/100\n|-heal|p1b: Glalie|83/100\n|\n|-heal|p1a: Sinistcha|66/100|[from] item: Leftovers\n|upkeep\n|\n|t:|1776403092\n|switch|p2a: BRRR|Maushold-Four, L50|100/100\n|turn|4\n|\n|t:|1776403106\n|move|p2b: Aerodactyl|Dual Wingbeat|p1a: Sinistcha|[miss]\n|-miss|p2b: Aerodactyl|p1a: Sinistcha\n|move|p2a: BRRR|Shadow Claw|p1a: Sinistcha\n|-supereffective|p1a: Sinistcha|1\n|-damage|p1a: Sinistcha|29/100\n|move|p1b: Glalie|Explosion|p2b: Aerodactyl|[spread] p1a,p2a,p2b\n|-supereffective|p1a: Sinistcha|1\n|-supereffective|p2b: Aerodactyl|1\n|-damage|p1a: Sinistcha|0 fnt\n|-damage|p2a: BRRR|0 fnt\n|-damage|p2b: Aerodactyl|0 fnt\n|faint|p1b: Glalie\n|faint|p1a: Sinistcha\n|faint|p2a: BRRR\n|faint|p2b: Aerodactyl\n|\n|upkeep\n|\n|t:|1776403131\n|switch|p1b: Azumarill|Azumarill, L50, F|100/100\n|switch|p2b: Incineroar|Incineroar, L50, F|100/100\n|-ability|p2b: Incineroar|Intimidate|boost\n|-unboost|p1b: Azumarill|atk|1\n|turn|5\n|\n|t:|1776403139\n|move|p2b: Incineroar|Fake Out|p1b: Azumarill\n|-damage|p1b: Azumarill|85/100\n|cant|p1b: Azumarill|flinch\n|\n|-sideend|p2: bkinley1414|move: Tailwind\n|upkeep\n|turn|6\n|\n|t:|1776403149\n|move|p2b: Incineroar|Darkest Lariat|p1b: Azumarill\n|-resisted|p1b: Azumarill|1\n|-damage|p1b: Azumarill|62/100\n|move|p1b: Azumarill|Belly Drum|p1b: Azumarill\n|-damage|p1b: Azumarill|12/100\n|-setboost|p1b: Azumarill|atk|6|[from] move: Belly Drum\n|-enditem|p1b: Azumarill|Sitrus Berry|[eat]\n|-heal|p1b: Azumarill|37/100|[from] item: Sitrus Berry\n|\n|upkeep\n|turn|7\n|\n|t:|1776403157\n|move|p1b: Azumarill|Aqua Jet|p2b: Incineroar\n|-supereffective|p2b: Incineroar|1\n|-damage|p2b: Incineroar|0 fnt\n|faint|p2b: Incineroar\n|\n|win|Duke Kayn\n|raw|Duke Kayn's rating: 1029 &rarr; <strong>1067</strong><br />(+38 for winning)\n|raw|bkinley1414's rating: 1050 &rarr; <strong>1031</strong><br />(-19 for losing)\n|l|\u2606bkinley1414\n|player|p2|\n",
  "uploadtime": 1776403171,
  "views": 27,
  "formatid": "gen9championsvgc2026regma",
  "rating": 1031,
  "private": 0,
  "password": null
}