{
  "id": "gen9championsvgc2026regma-2581362249",
  "format": "[Gen 9 Champions] VGC 2026 Reg M-A",
  "players": [
    "Plznis",
    "Like a Fish"
  ],
  "log": "|j|\u2606Plznis\n|j|\u2606Like a Fish\n|t:|1775991806\n|gametype|doubles\n|player|p1|Plznis|pokemaniac|1104\n|player|p2|Like a Fish|n|1171\n|gen|9\n|tier|[Gen 9 Champions] VGC 2026 Reg M-A\n|rated|\n|rule|Species Clause: Limit one of each Pok\u00e9mon\n|rule|Item Clause: Limit 1 of each item\n|clearpoke\n|poke|p1|Mimikyu, L50, F|\n|poke|p1|Aggron, L50, F|\n|poke|p1|Sinistcha, L50|\n|poke|p1|Farigiraf, L50, M|\n|poke|p1|Primarina, L50, F|\n|poke|p1|Torkoal, L50, M|\n|poke|p2|Floette-Eternal, L50, F|\n|poke|p2|Aerodactyl, L50, M|\n|poke|p2|Sneasler, L50, M|\n|poke|p2|Kingambit, L50, M|\n|poke|p2|Basculegion, L50, M|\n|poke|p2|Incineroar, L50, F|\n|teampreview|4\n|inactive|Battle timer is ON: inactive players will automatically lose when time's up. (requested by Like a Fish)\n|\n|t:|1775991835\n|teamsize|p1|4\n|teamsize|p2|4\n|start\n|switch|p1a: Farigiraf|Farigiraf, L50, M|100/100\n|switch|p1b: Primarina|Primarina, L50, F|100/100\n|switch|p2a: Floette|Floette-Eternal, L50, F|100/100\n|switch|p2b: Incineroar|Incineroar, L50, F|100/100\n|-ability|p2b: Incineroar|Intimidate|boost\n|-unboost|p1a: Farigiraf|atk|1\n|-unboost|p1b: Primarina|atk|1\n|turn|1\n|inactive|Plznis has 30 seconds left.\n|\n|t:|1775991866\n|detailschange|p2a: Floette|Floette-Mega, L50, F\n|-mega|p2a: Floette|Floette|Floettite\n|-ability|p2a: Floette|Fairy Aura\n|move|p2a: Floette|Calm Mind|p2a: Floette\n|-boost|p2a: Floette|spa|1\n|-boost|p2a: Floette|spd|1\n|move|p2b: Incineroar|Parting Shot|p1b: Primarina\n|-unboost|p1b: Primarina|atk|1\n|-unboost|p1b: Primarina|spa|1\n|\n|t:|1775991879\n|switch|p2b: Aerodactyl|Aerodactyl, L50, M|100/100|[from] Parting Shot\n|-ability|p2b: Aerodactyl|Unnerve\n|move|p1b: Primarina|Calm Mind|p1b: Primarina\n|-boost|p1b: Primarina|spa|1\n|-boost|p1b: Primarina|spd|1\n|move|p1a: Farigiraf|Trick Room|p1a: Farigiraf\n|-fieldstart|move: Trick Room|[of] p1a: Farigiraf\n|\n|upkeep\n|turn|2\n|\n|t:|1775991901\n|move|p1a: Farigiraf|Helping Hand|p1b: Primarina\n|-singleturn|p1b: Primarina|Helping Hand|[of] p1a: Farigiraf\n|move|p2b: Aerodactyl|Protect|p2b: Aerodactyl\n|-singleturn|p2b: Aerodactyl|Protect\n|move|p1b: Primarina|Hyper Voice|p2a: Floette|[spread] p2a\n|-activate|p2b: Aerodactyl|move: Protect\n|-damage|p2a: Floette|67/100\n|move|p2a: Floette|Calm Mind|p2a: Floette\n|-boost|p2a: Floette|spa|1\n|-boost|p2a: Floette|spd|1\n|\n|upkeep\n|turn|3\n|\n|t:|1775991924\n|switch|p2b: Incineroar|Incineroar, L50, F|100/100\n|-ability|p2b: Incineroar|Intimidate|boost\n|-unboost|p1a: Farigiraf|atk|1\n|-unboost|p1b: Primarina|atk|1\n|move|p1b: Primarina|Moonblast|p2a: Floette\n|-damage|p2a: Floette|42/100\n|move|p1a: Farigiraf|Foul Play|p2a: Floette\n|-resisted|p2a: Floette|1\n|-damage|p2a: Floette|34/100\n|move|p2a: Floette|Draining Kiss|p1a: Farigiraf\n|-damage|p1a: Farigiraf|30/100\n|-heal|p2a: Floette|99/100|[from] drain|[of] p1a: Farigiraf\n|\n|upkeep\n|turn|4\n|inactive|Like a Fish has 30 seconds left.\n|\n|t:|1775991953\n|switch|p1a: Aggron|Aggron, L50, F|100/100\n|move|p1b: Primarina|Protect|p1b: Primarina\n|-singleturn|p1b: Primarina|Protect\n|move|p2b: Incineroar|Parting Shot|p1b: Primarina\n|-activate|p1b: Primarina|move: Protect\n|move|p2a: Floette|Dazzling Gleam|p1b: Primarina|[spread] p1a\n|-activate|p1b: Primarina|move: Protect\n|-resisted|p1a: Aggron|1\n|-damage|p1a: Aggron|52/100\n|\n|upkeep\n|turn|5\n|\n|t:|1775991970\n|detailschange|p1a: Aggron|Aggron-Mega, L50, F\n|-mega|p1a: Aggron|Aggron|Aggronite\n|move|p2a: Floette|Protect|p2a: Floette\n|-singleturn|p2a: Floette|Protect\n|move|p1a: Aggron|Heavy Slam|p2a: Floette\n|-activate|p2a: Floette|move: Protect\n|move|p1b: Primarina|Hyper Voice|p2b: Incineroar|[spread] p2b\n|-activate|p2a: Floette|move: Protect\n|-supereffective|p2b: Incineroar|1\n|-damage|p2b: Incineroar|10/100\n|-enditem|p2b: Incineroar|Sitrus Berry|[eat]\n|-heal|p2b: Incineroar|35/100|[from] item: Sitrus Berry\n|move|p2b: Incineroar|Parting Shot|p1b: Primarina\n|-unboost|p1b: Primarina|atk|1\n|-unboost|p1b: Primarina|spa|1\n|\n|t:|1775991985\n|switch|p2b: Sneasler|Sneasler, L50, M|100/100|[from] Parting Shot\n|\n|-fieldend|move: Trick Room\n|upkeep\n|turn|6\n|inactive|Like a Fish has 30 seconds left.\n|\n|t:|1775992017\n|switch|p1b: Farigiraf|Farigiraf, L50, M|30/100\n|move|p1a: Aggron|Protect|p1a: Aggron\n|-singleturn|p1a: Aggron|Protect\n|move|p2b: Sneasler|Close Combat|p1a: Aggron\n|-activate|p1a: Aggron|move: Protect\n|move|p2a: Floette|Dazzling Gleam|p1a: Aggron|[spread] p1b\n|-activate|p1a: Aggron|move: Protect\n|-damage|p1b: Farigiraf|0 fnt\n|faint|p1b: Farigiraf\n|\n|upkeep\n|\n|t:|1775992036\n|switch|p1b: Sinistcha|Sinistcha, L50|100/100\n|-heal|p1a: Aggron|77/100|[from] ability: Hospitality|[of] p1b: Sinistcha\n|turn|7\n|\n|t:|1775992044\n|move|p1a: Aggron|Protect|p1a: Aggron\n|-singleturn|p1a: Aggron|Protect\n|move|p2b: Sneasler|Close Combat|p1a: Aggron\n|-activate|p1a: Aggron|move: Protect\n|move|p2a: Floette|Dazzling Gleam|p1a: Aggron|[spread] p1b\n|-activate|p1a: Aggron|move: Protect\n|-damage|p1b: Sinistcha|23/100\n|-enditem|p1b: Sinistcha|Sitrus Berry|[eat]\n|-heal|p1b: Sinistcha|48/100|[from] item: Sitrus Berry\n|move|p1b: Sinistcha|Trick Room|p1b: Sinistcha\n|-fieldstart|move: Trick Room|[of] p1b: Sinistcha\n|\n|upkeep\n|turn|8\n|inactive|Plznis has 30 seconds left.\n|inactive|Plznis has 20 seconds left.\n|inactive|Plznis has 15 seconds left.\n|inactive|Like a Fish has 30 seconds left.\n|\n|t:|1775992091\n|switch|p1b: Primarina|Primarina, L50, F|100/100\n|move|p2a: Floette|Protect|p2a: Floette\n|-singleturn|p2a: Floette|Protect\n|move|p1a: Aggron|Heavy Slam|p2b: Sneasler\n|-damage|p2b: Sneasler|0 fnt\n|faint|p2b: Sneasler\n|\n|upkeep\n|\n|t:|1775992101\n|switch|p2b: Incineroar|Incineroar, L50, F|35/100\n|-ability|p2b: Incineroar|Intimidate|boost\n|-unboost|p1a: Aggron|atk|1\n|-unboost|p1b: Primarina|atk|1\n|turn|9\n|\n|t:|1775992119\n|move|p2b: Incineroar|Fake Out|p1a: Aggron\n|-resisted|p1a: Aggron|1\n|-crit|p1a: Aggron\n|-damage|p1a: Aggron|73/100\n|cant|p1a: Aggron|flinch\n|move|p1b: Primarina|Hyper Voice|p2b: Incineroar|[spread] p2a,p2b\n|-supereffective|p2b: Incineroar|1\n|-damage|p2a: Floette|83/100\n|-damage|p2b: Incineroar|0 fnt\n|faint|p2b: Incineroar\n|move|p2a: Floette|Dazzling Gleam|p1a: Aggron|[spread] p1a,p1b\n|-resisted|p1a: Aggron|1\n|-damage|p1a: Aggron|30/100\n|-damage|p1b: Primarina|25/100\n|\n|upkeep\n|\n|t:|1775992132\n|switch|p2b: Aerodactyl|Aerodactyl, L50, M|100/100\n|-ability|p2b: Aerodactyl|Unnerve\n|turn|10\n|inactive|Plznis has 30 seconds left.\n|\n|t:|1775992163\n|move|p2a: Floette|Protect|p2a: Floette\n|-singleturn|p2a: Floette|Protect\n|move|p1a: Aggron|Heavy Slam|p2a: Floette\n|-activate|p2a: Floette|move: Protect\n|move|p1b: Primarina|Hyper Voice|p2b: Aerodactyl|[spread] p2b\n|-activate|p2a: Floette|move: Protect\n|-supereffective|p2b: Aerodactyl|1\n|-enditem|p2b: Aerodactyl|Focus Sash\n|-damage|p2b: Aerodactyl|1/100\n|move|p2b: Aerodactyl|Dual Wingbeat|p1a: Aggron\n|-resisted|p1a: Aggron|1\n|-damage|p1a: Aggron|25/100\n|-resisted|p1a: Aggron|1\n|-damage|p1a: Aggron|21/100\n|-hitcount|p1a: Aggron|2\n|\n|upkeep\n|turn|11\n|inactive|Plznis has 30 seconds left.\n|\n|t:|1775992192\n|move|p2a: Floette|Protect||[still]\n|-fail|p2a: Floette\n|move|p1a: Aggron|Heavy Slam|p2a: Floette\n|-supereffective|p2a: Floette|1\n|-damage|p2a: Floette|35/100\n|move|p1b: Primarina|Hyper Voice|p2b: Aerodactyl|[spread] p2a,p2b\n|-supereffective|p2b: Aerodactyl|1\n|-damage|p2a: Floette|18/100\n|-damage|p2b: Aerodactyl|0 fnt\n|faint|p2b: Aerodactyl\n|\n|-fieldend|move: Trick Room\n|upkeep\n|turn|12\n|\n|t:|1775992216\n|switch|p1b: Sinistcha|Sinistcha, L50|48/100\n|-heal|p1a: Aggron|46/100|[from] ability: Hospitality|[of] p1b: Sinistcha\n|move|p1a: Aggron|Protect|p1a: Aggron\n|-singleturn|p1a: Aggron|Protect\n|move|p2a: Floette|Dazzling Gleam|p1a: Aggron|[spread] p1b\n|-activate|p1a: Aggron|move: Protect\n|-damage|p1b: Sinistcha|0 fnt\n|faint|p1b: Sinistcha\n|\n|upkeep\n|\n|t:|1775992228\n|switch|p1b: Primarina|Primarina, L50, F|25/100\n|turn|13\n|inactive|Like a Fish has 30 seconds left.\n|inactive|Like a Fish has 20 seconds left.\n|inactive|Like a Fish has 15 seconds left.\n|\n|t:|1775992269\n|move|p2a: Floette|Dazzling Gleam|p1b: Primarina|[spread] p1a,p1b\n|-resisted|p1a: Aggron|1\n|-damage|p1a: Aggron|3/100\n|-damage|p1b: Primarina|0 fnt\n|faint|p1b: Primarina\n|move|p1a: Aggron|Heavy Slam|p2a: Floette\n|-supereffective|p2a: Floette|1\n|-damage|p2a: Floette|0 fnt\n|faint|p2a: Floette\n|\n|win|Plznis\n|raw|Plznis's rating: 1104 &rarr; <strong>1134</strong><br />(+30 for winning)\n|raw|Like a Fish's rating: 1171 &rarr; <strong>1141</strong><br />(-30 for losing)\n|c|\u2606Plznis|what a game\n|c|\u2606Plznis|gg\n|l|\u2606Like a Fish\n|player|p2|\n",
  "uploadtime": 1775992303,
  "views": 22,
  "formatid": "gen9championsvgc2026regma",
  "rating": 1134,
  "private": 0,
  "password": null
}