{
  "id": "gen9championsvgc2026regma-2587776506",
  "format": "[Gen 9 Champions] VGC 2026 Reg M-A",
  "players": [
    "Crotine",
    "siunhanech"
  ],
  "log": "|j|\u2606Crotine\n|j|\u2606siunhanech\n|t:|1776562877\n|gametype|doubles\n|player|p1|Crotine|boarder|1448\n|player|p2|siunhanech|cynthia-gen4|1479\n|gen|9\n|tier|[Gen 9 Champions] VGC 2026 Reg M-A\n|rated|\n|rule|Species Clause: Limit one of each Pok\u00e9mon\n|rule|Item Clause: Limit 1 of each item\n|clearpoke\n|poke|p1|Torkoal, L50, F|\n|poke|p1|Kingambit, L50, M|\n|poke|p1|Kangaskhan, L50, F|\n|poke|p1|Milotic, L50, F|\n|poke|p1|Archaludon, L50, M|\n|poke|p1|Aerodactyl, L50, F|\n|poke|p2|Blastoise, L50, M|\n|poke|p2|Sableye, L50, M|\n|poke|p2|Sneasler, L50, M|\n|poke|p2|Sinistcha, L50|\n|poke|p2|Espathra, L50, M|\n|poke|p2|Basculegion-F, L50, F|\n|teampreview|4\n|inactive|Battle timer is ON: inactive players will automatically lose when time's up. (requested by siunhanech)\n|inactive|Crotine has 60 seconds left.\n|inactive|siunhanech has 60 seconds left.\n|\n|t:|1776562923\n|teamsize|p1|4\n|teamsize|p2|4\n|start\n|switch|p1a: Kingambit|Kingambit, L50, M|100/100\n|switch|p1b: Aerodactyl|Aerodactyl, L50, F|100/100\n|switch|p2a: Ch\u1ed3n l\u00f9i|Sneasler, L50, M|100/100\n|switch|p2b: B\u1eafn t\u00f9m lum|Blastoise, L50, M|100/100\n|-ability|p1b: Aerodactyl|Unnerve\n|turn|1\n|inactive|Crotine has 30 seconds left.\n|\n|t:|1776562955\n|detailschange|p2b: B\u1eafn t\u00f9m lum|Blastoise-Mega, L50, M\n|-mega|p2b: B\u1eafn t\u00f9m lum|Blastoise|Blastoisinite\n|move|p1a: Kingambit|Protect|p1a: Kingambit\n|-singleturn|p1a: Kingambit|Protect\n|move|p2a: Ch\u1ed3n l\u00f9i|Fake Out|p1b: Aerodactyl\n|-resisted|p1b: Aerodactyl|1\n|-damage|p1b: Aerodactyl|89/100\n|cant|p1b: Aerodactyl|flinch\n|move|p2b: B\u1eafn t\u00f9m lum|Aura Sphere|p1a: Kingambit\n|-activate|p1a: Kingambit|move: Protect\n|\n|upkeep\n|turn|2\n|inactive|Crotine has 30 seconds left.\n|\n|t:|1776562984\n|move|p1b: Aerodactyl|Dual Wingbeat|p2a: Ch\u1ed3n l\u00f9i\n|-supereffective|p2a: Ch\u1ed3n l\u00f9i|1\n|-damage|p2a: Ch\u1ed3n l\u00f9i|36/100\n|-supereffective|p2a: Ch\u1ed3n l\u00f9i|1\n|-damage|p2a: Ch\u1ed3n l\u00f9i|0 fnt\n|faint|p2a: Ch\u1ed3n l\u00f9i\n|-hitcount|p2: Ch\u1ed3n l\u00f9i|2\n|move|p2b: B\u1eafn t\u00f9m lum|Water Spout|p1a: Kingambit|[spread] p1a,p1b\n|-supereffective|p1b: Aerodactyl|1\n|-damage|p1a: Kingambit|36/100\n|-damage|p1b: Aerodactyl|0 fnt\n|faint|p1b: Aerodactyl\n|move|p1a: Kingambit|Kowtow Cleave|p2b: B\u1eafn t\u00f9m lum\n|-damage|p2b: B\u1eafn t\u00f9m lum|61/100\n|\n|upkeep\n|\n|t:|1776562999\n|switch|p1b: Archaludon|Archaludon, L50, M|100/100\n|switch|p2a: Tr\u00e0 t\u1eeb tay|Sinistcha, L50|100/100\n|-heal|p2b: B\u1eafn t\u00f9m lum|86/100|[from] ability: Hospitality|[of] p2a: Tr\u00e0 t\u1eeb tay\n|turn|3\n|\n|t:|1776563016\n|switch|p2a: Sinh vi\u00ean|Sableye, L50, M|100/100\n|move|p2b: B\u1eafn t\u00f9m lum|Protect|p2b: B\u1eafn t\u00f9m lum\n|-singleturn|p2b: B\u1eafn t\u00f9m lum|Protect\n|move|p1a: Kingambit|Protect|p1a: Kingambit\n|-singleturn|p1a: Kingambit|Protect\n|move|p1b: Archaludon|Thunderbolt|p2b: B\u1eafn t\u00f9m lum\n|-activate|p2b: B\u1eafn t\u00f9m lum|move: Protect\n|\n|upkeep\n|turn|4\n|\n|t:|1776563035\n|switch|p1a: Kangaskhan|Kangaskhan, L50, F|100/100\n|move|p2a: Sinh vi\u00ean|Disable|p1b: Archaludon\n|-start|p1b: Archaludon|Disable|Thunderbolt\n|cant|p1b: Archaludon|Disable|Thunderbolt\n|move|p2b: B\u1eafn t\u00f9m lum|Aura Sphere|p1b: Archaludon\n|-supereffective|p1b: Archaludon|1\n|-ability|p1b: Archaludon|Sturdy\n|-damage|p1b: Archaludon|1/100\n|\n|-heal|p1b: Archaludon|7/100|[from] item: Leftovers\n|upkeep\n|turn|5\n|inactive|siunhanech has 30 seconds left.\n|\n|t:|1776563066\n|switch|p1b: Kingambit|Kingambit, L50, M|36/100\n|move|p2b: B\u1eafn t\u00f9m lum|Protect|p2b: B\u1eafn t\u00f9m lum\n|-singleturn|p2b: B\u1eafn t\u00f9m lum|Protect\n|move|p2a: Sinh vi\u00ean|Rain Dance|p2a: Sinh vi\u00ean\n|-weather|RainDance\n|move|p1a: Kangaskhan|Double-Edge|p2b: B\u1eafn t\u00f9m lum\n|-activate|p2b: B\u1eafn t\u00f9m lum|move: Protect\n|\n|-weather|RainDance|[upkeep]\n|upkeep\n|turn|6\n|\n|t:|1776563091\n|switch|p1a: Archaludon|Archaludon, L50, M|7/100\n|move|p1b: Kingambit|Sucker Punch|p2b: B\u1eafn t\u00f9m lum\n|-damage|p2b: B\u1eafn t\u00f9m lum|53/100\n|move|p2a: Sinh vi\u00ean|Disable||[still]\n|-fail|p2a: Sinh vi\u00ean\n|move|p2b: B\u1eafn t\u00f9m lum|Aura Sphere|p1a: Archaludon\n|-supereffective|p1a: Archaludon|1\n|-damage|p1a: Archaludon|0 fnt\n|faint|p1a: Archaludon\n|\n|-weather|RainDance|[upkeep]\n|upkeep\n|\n|t:|1776563100\n|switch|p1a: Kangaskhan|Kangaskhan, L50, F|100/100\n|turn|7\n|\n|t:|1776563109\n|switch|p2a: Tr\u00e0 t\u1eeb tay|Sinistcha, L50|100/100\n|-heal|p2b: B\u1eafn t\u00f9m lum|78/100|[from] ability: Hospitality|[of] p2a: Tr\u00e0 t\u1eeb tay\n|detailschange|p1a: Kangaskhan|Kangaskhan-Mega, L50, F\n|-mega|p1a: Kangaskhan|Kangaskhan|Kangaskhanite\n|move|p2b: B\u1eafn t\u00f9m lum|Protect|p2b: B\u1eafn t\u00f9m lum\n|-singleturn|p2b: B\u1eafn t\u00f9m lum|Protect\n|move|p1a: Kangaskhan|Fake Out|p2b: B\u1eafn t\u00f9m lum\n|-activate|p2b: B\u1eafn t\u00f9m lum|move: Protect\n|move|p1b: Kingambit|Kowtow Cleave|p2a: Tr\u00e0 t\u1eeb tay\n|-supereffective|p2a: Tr\u00e0 t\u1eeb tay|1\n|-damage|p2a: Tr\u00e0 t\u1eeb tay|16/100\n|-enditem|p2a: Tr\u00e0 t\u1eeb tay|Sitrus Berry|[eat]\n|-heal|p2a: Tr\u00e0 t\u1eeb tay|41/100|[from] item: Sitrus Berry\n|\n|-weather|RainDance|[upkeep]\n|upkeep\n|turn|8\n|\n|t:|1776563130\n|move|p2a: Tr\u00e0 t\u1eeb tay|Rage Powder|p2a: Tr\u00e0 t\u1eeb tay\n|-singleturn|p2a: Tr\u00e0 t\u1eeb tay|move: Rage Powder\n|move|p1b: Kingambit|Sucker Punch||[still]\n|-fail|p1b: Kingambit\n|move|p1a: Kangaskhan|Double-Edge|p2a: Tr\u00e0 t\u1eeb tay\n|-immune|p2a: Tr\u00e0 t\u1eeb tay\n|move|p2b: B\u1eafn t\u00f9m lum|Water Spout|p1b: Kingambit|[spread] p1a,p1b\n|-damage|p1a: Kangaskhan|33/100\n|-damage|p1b: Kingambit|0 fnt\n|faint|p1b: Kingambit\n|\n|-weather|RainDance|[upkeep]\n|upkeep\n|turn|9\n|-message|Crotine forfeited.\n|\n|win|siunhanech\n|raw|Crotine's rating: 1448 &rarr; <strong>1430</strong><br />(-18 for losing)\n|raw|siunhanech's rating: 1479 &rarr; <strong>1497</strong><br />(+18 for winning)\n|c|\u2606Crotine|que coisa chata kkkk\n|c|\u2606Crotine|gg\n",
  "uploadtime": 1776563180,
  "views": 20,
  "formatid": "gen9championsvgc2026regma",
  "rating": 1430,
  "private": 0,
  "password": null
}