{
  "id": "gen9championsvgc2026regma-2586457494",
  "format": "[Gen 9 Champions] VGC 2026 Reg M-A",
  "players": [
    "BlazingDurendal",
    "isabellissima"
  ],
  "log": "|j|\u2606BlazingDurendal\n|j|\u2606isabellissima\n|t:|1776436001\n|gametype|doubles\n|player|p1|BlazingDurendal|janitor|1331\n|player|p2|isabellissima|170|1234\n|gen|9\n|tier|[Gen 9 Champions] VGC 2026 Reg M-A\n|rated|\n|rule|Species Clause: Limit one of each Pok\u00e9mon\n|rule|Item Clause: Limit 1 of each item\n|clearpoke\n|poke|p1|Oranguru, L50, F|\n|poke|p1|Tyranitar, L50, M|\n|poke|p1|Meowscarada, L50, M|\n|poke|p1|Scizor, L50, M|\n|poke|p1|Blastoise, L50, M|\n|poke|p1|Camerupt, L50, F|\n|poke|p2|Incineroar, L50, M|\n|poke|p2|Gengar, L50, M|\n|poke|p2|Sneasler, L50, F|\n|poke|p2|Maushold-Four, L50|\n|poke|p2|Kommo-o, L50, M|\n|poke|p2|Politoed, L50, F|\n|teampreview|4\n|inactive|Battle timer is ON: inactive players will automatically lose when time's up. (requested by isabellissima)\n|inactive|BlazingDurendal has 60 seconds left.\n|\n|t:|1776436048\n|teamsize|p1|4\n|teamsize|p2|4\n|start\n|switch|p1a: Tyranitar|Tyranitar, L50, M, shiny|100/100\n|switch|p1b: Scizor|Scizor, L50, M|100/100\n|switch|p2a: Incineroar|Incineroar, L50, M, shiny|100/100\n|switch|p2b: Gengar|Gengar, L50, M, shiny|100/100\n|-weather|Sandstorm|[from] ability: Sand Stream|[of] p1a: Tyranitar\n|-ability|p2a: Incineroar|Intimidate|boost\n|-unboost|p1a: Tyranitar|atk|1\n|-unboost|p1b: Scizor|atk|1\n|turn|1\n|\n|t:|1776436068\n|detailschange|p2b: Gengar|Gengar-Mega, L50, M, shiny\n|-mega|p2b: Gengar|Gengar|Gengarite\n|move|p2a: Incineroar|Fake Out|p1a: Tyranitar\n|-resisted|p1a: Tyranitar|1\n|-damage|p1a: Tyranitar|96/100\n|move|p2b: Gengar|Perish Song|p2b: Gengar\n|-start|p1a: Tyranitar|perish3|[silent]\n|-start|p1b: Scizor|perish3|[silent]\n|-start|p2a: Incineroar|perish3|[silent]\n|-start|p2b: Gengar|perish3|[silent]\n|-fieldactivate|move: Perish Song\n|cant|p1a: Tyranitar|flinch\n|move|p1b: Scizor|Swords Dance|p1b: Scizor\n|-boost|p1b: Scizor|atk|2\n|\n|-weather|Sandstorm|[upkeep]\n|-damage|p2b: Gengar|95/100|[from] Sandstorm\n|-damage|p2a: Incineroar|95/100|[from] Sandstorm\n|-start|p2b: Gengar|perish3\n|-start|p1a: Tyranitar|perish3\n|-start|p1b: Scizor|perish3\n|-start|p2a: Incineroar|perish3\n|upkeep\n|turn|2\n|inactive|BlazingDurendal has 30 seconds left.\n|\n|t:|1776436094\n|move|p2b: Gengar|Protect|p2b: Gengar\n|-singleturn|p2b: Gengar|Protect\n|move|p1b: Scizor|Protect|p1b: Scizor\n|-singleturn|p1b: Scizor|Protect\n|move|p2a: Incineroar|Protect|p2a: Incineroar\n|-singleturn|p2a: Incineroar|Protect\n|move|p1a: Tyranitar|Stone Edge|p2a: Incineroar\n|-activate|p2a: Incineroar|move: Protect\n|\n|-weather|Sandstorm|[upkeep]\n|-damage|p2b: Gengar|89/100|[from] Sandstorm\n|-damage|p2a: Incineroar|89/100|[from] Sandstorm\n|-start|p2b: Gengar|perish2\n|-start|p1a: Tyranitar|perish2\n|-start|p1b: Scizor|perish2\n|-start|p2a: Incineroar|perish2\n|upkeep\n|turn|3\n|inactive|BlazingDurendal has 30 seconds left.\n|inactive|BlazingDurendal has 20 seconds left.\n|\n|t:|1776436130\n|switch|p2b: Politoed|Politoed, L50, F, shiny|100/100\n|-weather|RainDance|[from] ability: Drizzle|[of] p2b: Politoed\n|move|p1a: Tyranitar|Protect|p1a: Tyranitar\n|-singleturn|p1a: Tyranitar|Protect\n|move|p1b: Scizor|Bug Bite|p2a: Incineroar\n|-damage|p2a: Incineroar|38/100\n|-enditem|p2a: Incineroar|Sitrus Berry|[from] stealeat|[move] Bug Bite|[of] p1b: Scizor\n|move|p2a: Incineroar|Parting Shot|p1b: Scizor\n|-unboost|p1b: Scizor|atk|1\n|-unboost|p1b: Scizor|spa|1\n|\n|t:|1776436141\n|switch|p2a: Gengar|Gengar-Mega, L50, M, shiny|89/100|[from] Parting Shot\n|\n|-weather|RainDance|[upkeep]\n|-start|p1a: Tyranitar|perish1\n|-start|p1b: Scizor|perish1\n|upkeep\n|turn|4\n|\n|t:|1776436160\n|move|p2a: Gengar|Protect|p2a: Gengar\n|-singleturn|p2a: Gengar|Protect\n|move|p2b: Politoed|Protect|p2b: Politoed\n|-singleturn|p2b: Politoed|Protect\n|move|p1b: Scizor|Bullet Punch|p2a: Gengar\n|-activate|p2a: Gengar|move: Protect\n|move|p1a: Tyranitar|Stone Edge|p2a: Gengar\n|-activate|p2a: Gengar|move: Protect\n|\n|-weather|RainDance|[upkeep]\n|-start|p1a: Tyranitar|perish0\n|-start|p1b: Scizor|perish0\n|faint|p1a: Tyranitar\n|faint|p1b: Scizor\n|upkeep\n|inactive|BlazingDurendal has 30 seconds left.\n|\n|t:|1776436195\n|switch|p1a: Blastoise|Blastoise, L50, M|100/100\n|switch|p1b: Oranguru|Oranguru, L50, F|100/100\n|turn|5\n|inactive|isabellissima has 30 seconds left.\n|inactive|BlazingDurendal has 30 seconds left.\n|\n|t:|1776436233\n|switch|p2a: Incineroar|Incineroar, L50, M, shiny|38/100\n|-ability|p2a: Incineroar|Intimidate|boost\n|-unboost|p1a: Blastoise|atk|1\n|-fail|p1b: Oranguru|unboost|Attack|[from] ability: Inner Focus|[of] p1b: Oranguru\n|detailschange|p1a: Blastoise|Blastoise-Mega, L50, M\n|-mega|p1a: Blastoise|Blastoise|Blastoisinite\n|move|p2b: Politoed|Perish Song|p2b: Politoed\n|-start|p1a: Blastoise|perish3|[silent]\n|-start|p1b: Oranguru|perish3|[silent]\n|-start|p2a: Incineroar|perish3|[silent]\n|-start|p2b: Politoed|perish3|[silent]\n|-fieldactivate|move: Perish Song\n|move|p1a: Blastoise|Water Spout|p2b: Politoed|[spread] p2a,p2b\n|-supereffective|p2a: Incineroar|1\n|-resisted|p2b: Politoed|1\n|-damage|p2a: Incineroar|0 fnt\n|-damage|p2b: Politoed|57/100\n|faint|p2a: Incineroar\n|move|p1b: Oranguru|Trick Room|p1b: Oranguru\n|-fieldstart|move: Trick Room|[of] p1b: Oranguru\n|\n|-weather|RainDance|[upkeep]\n|-heal|p2b: Politoed|63/100|[from] item: Leftovers\n|-start|p1b: Oranguru|perish3\n|-start|p1a: Blastoise|perish3\n|-start|p2b: Politoed|perish3\n|upkeep\n|\n|t:|1776436255\n|switch|p2a: Sneasler|Sneasler, L50, F|100/100\n|turn|6\n|\n|t:|1776436274\n|move|p1a: Blastoise|Protect|p1a: Blastoise\n|-singleturn|p1a: Blastoise|Protect\n|move|p2a: Sneasler|Fake Out|p1a: Blastoise\n|-activate|p1a: Blastoise|move: Protect\n|move|p1b: Oranguru|Psychic|p2a: Sneasler\n|-supereffective|p2a: Sneasler|2\n|-damage|p2a: Sneasler|0 fnt\n|faint|p2a: Sneasler\n|move|p2b: Politoed|Weather Ball|p1a: Blastoise\n|-activate|p1a: Blastoise|move: Protect\n|\n|-weather|RainDance|[upkeep]\n|-heal|p2b: Politoed|70/100|[from] item: Leftovers\n|-start|p1b: Oranguru|perish2\n|-start|p1a: Blastoise|perish2\n|-start|p2b: Politoed|perish2\n|upkeep\n|\n|t:|1776436285\n|switch|p2a: Gengar|Gengar-Mega, L50, M, shiny|89/100\n|turn|7\n|\n|t:|1776436301\n|move|p2b: Politoed|Protect|p2b: Politoed\n|-singleturn|p2b: Politoed|Protect\n|move|p2a: Gengar|Protect|p2a: Gengar\n|-singleturn|p2a: Gengar|Protect\n|move|p1b: Oranguru|Instruct|p1a: Blastoise\n|-singleturn|p1a: Blastoise|move: Instruct|[of] p1b: Oranguru\n|move|p1a: Blastoise|Protect||[still]\n|-fail|p1a: Blastoise\n|move|p1a: Blastoise|Water Spout|p2a: Gengar|[spread] \n|-activate|p2a: Gengar|move: Protect\n|-activate|p2b: Politoed|move: Protect\n|\n|-weather|none\n|-heal|p2b: Politoed|76/100|[from] item: Leftovers\n|-start|p1b: Oranguru|perish1\n|-start|p1a: Blastoise|perish1\n|-start|p2b: Politoed|perish1\n|upkeep\n|turn|8\n|\n|t:|1776436323\n|move|p2a: Gengar|Protect||[still]\n|-fail|p2a: Gengar\n|move|p1b: Oranguru|Instruct|p1a: Blastoise\n|-singleturn|p1a: Blastoise|move: Instruct|[of] p1b: Oranguru\n|move|p1a: Blastoise|Water Spout|p2a: Gengar|[spread] p2a,p2b\n|-resisted|p2b: Politoed|1\n|-damage|p2a: Gengar|20/100\n|-damage|p2b: Politoed|47/100\n|move|p1a: Blastoise|Water Spout|p2b: Politoed|[spread] p2a,p2b\n|-resisted|p2b: Politoed|1\n|-damage|p2a: Gengar|0 fnt\n|-damage|p2b: Politoed|20/100\n|faint|p2a: Gengar\n|move|p2b: Politoed|Encore|p1a: Blastoise\n|-start|p1a: Blastoise|Encore\n|\n|-heal|p2b: Politoed|26/100|[from] item: Leftovers\n|-start|p1b: Oranguru|perish0\n|-start|p1a: Blastoise|perish0\n|-start|p2b: Politoed|perish0\n|faint|p1b: Oranguru\n|faint|p1a: Blastoise\n|faint|p2b: Politoed\n|\n|win|isabellissima\n|raw|BlazingDurendal's rating: 1331 &rarr; <strong>1306</strong><br />(-25 for losing)\n|raw|isabellissima's rating: 1234 &rarr; <strong>1266</strong><br />(+32 for winning)\n",
  "uploadtime": 1776436342,
  "views": 42,
  "formatid": "gen9championsvgc2026regma",
  "rating": 1266,
  "private": 0,
  "password": null
}