{
  "id": "gen9championsvgc2026regma-2584105050",
  "format": "[Gen 9 Champions] VGC 2026 Reg M-A",
  "players": [
    "HornyBat",
    "Whatever0512"
  ],
  "log": "|j|\u2606HornyBat\n|j|\u2606Whatever0512\n|t:|1776225651\n|gametype|doubles\n|player|p1|HornyBat|dawn-gen4pt|1127\n|player|p2|Whatever0512|266|1094\n|gen|9\n|tier|[Gen 9 Champions] VGC 2026 Reg M-A\n|rated|\n|rule|Species Clause: Limit one of each Pok\u00e9mon\n|rule|Item Clause: Limit 1 of each item\n|clearpoke\n|poke|p1|Floette-Eternal, L50, F|\n|poke|p1|Aerodactyl, L50, F|\n|poke|p1|Sneasler, L50, F|\n|poke|p1|Kingambit, L50, F|\n|poke|p1|Basculegion, L50, M|\n|poke|p1|Maushold-Four, L50|\n|poke|p2|Gengar, L50, M|\n|poke|p2|Politoed, L50, F|\n|poke|p2|Volcarona, L50, M|\n|poke|p2|Palafin, L50, F|\n|poke|p2|Ninetales-Alola, L50, F|\n|poke|p2|Incineroar, L50, M|\n|teampreview|4\n|\n|t:|1776225708\n|teamsize|p1|4\n|teamsize|p2|4\n|start\n|switch|p1a: Floette|Floette-Eternal, L50, F|100/100\n|switch|p1b: Kingambit|Kingambit, L50, F|100/100\n|switch|p2a: Gengar|Gengar, L50, M|100/100\n|switch|p2b: Volcarona|Volcarona, L50, M|100/100\n|turn|1\n|\n|t:|1776225724\n|switch|p1a: Basculegion|Basculegion, L50, M, shiny|100/100\n|detailschange|p2a: Gengar|Gengar-Mega, L50, M\n|-mega|p2a: Gengar|Gengar|Gengarite\n|move|p2a: Gengar|Shadow Ball|p1b: Kingambit\n|-resisted|p1b: Kingambit|1\n|-damage|p1b: Kingambit|79/100\n|move|p2b: Volcarona|Overheat|p1b: Kingambit\n|-supereffective|p1b: Kingambit|1\n|-damage|p1b: Kingambit|0 fnt\n|-unboost|p2b: Volcarona|spa|2\n|faint|p1b: Kingambit\n|\n|upkeep\n|\n|t:|1776225737\n|switch|p1b: Sneasler|Sneasler, L50, F|100/100\n|turn|2\n|\n|t:|1776225763\n|move|p2b: Volcarona|Rage Powder|p2b: Volcarona\n|-singleturn|p2b: Volcarona|move: Rage Powder\n|move|p1a: Basculegion|Last Respects|p2b: Volcarona\n|-damage|p2b: Volcarona|41/100\n|move|p1b: Sneasler|Close Combat|p2b: Volcarona\n|-resisted|p2b: Volcarona|1\n|-damage|p2b: Volcarona|10/100\n|-unboost|p1b: Sneasler|def|1\n|-unboost|p1b: Sneasler|spd|1\n|-enditem|p1b: Sneasler|White Herb\n|-clearnegativeboost|p1b: Sneasler|[silent]\n|move|p2a: Gengar|Shadow Ball|p1a: Basculegion\n|-supereffective|p1a: Basculegion|1\n|-damage|p1a: Basculegion|0 fnt\n|faint|p1a: Basculegion\n|\n|upkeep\n|\n|t:|1776225771\n|switch|p1a: Floette|Floette-Eternal, L50, F|100/100\n|turn|3\n|\n|t:|1776225807\n|detailschange|p1a: Floette|Floette-Mega, L50, F\n|-mega|p1a: Floette|Floette|Floettite\n|-ability|p1a: Floette|Fairy Aura\n|move|p1b: Sneasler|Dire Claw|p2a: Gengar\n|-resisted|p2a: Gengar|2\n|-damage|p2a: Gengar|88/100\n|-status|p2a: Gengar|slp\n|cant|p2a: Gengar|slp\n|move|p1a: Floette|Dazzling Gleam|p2b: Volcarona|[spread] p2a,p2b\n|-resisted|p2a: Gengar|1\n|-resisted|p2b: Volcarona|1\n|-damage|p2a: Gengar|57/100 slp\n|-damage|p2b: Volcarona|0 fnt\n|faint|p2b: Volcarona\n|\n|upkeep\n|\n|t:|1776225819\n|switch|p2b: Palafin|Palafin, L50, F|100/100\n|turn|4\n|\n|t:|1776225846\n|move|p1b: Sneasler|Dire Claw|p2a: Gengar\n|-resisted|p2a: Gengar|2\n|-damage|p2a: Gengar|45/100 slp\n|move|p2b: Palafin|Flip Turn|p1b: Sneasler\n|-damage|p1b: Sneasler|64/100\n|\n|t:|1776225852\n|detailschange|p2b: Palafin|Palafin-Hero, L50, F\n|switch|p2b: Politoed|Politoed, L50, F|100/100|[from] Flip Turn\n|-weather|RainDance|[from] ability: Drizzle|[of] p2b: Politoed\n|-curestatus|p2a: Gengar|slp|[msg]\n|move|p2a: Gengar|Perish Song|p2a: Gengar\n|-start|p1a: Floette|perish3|[silent]\n|-start|p1b: Sneasler|perish3|[silent]\n|-start|p2a: Gengar|perish3|[silent]\n|-start|p2b: Politoed|perish3|[silent]\n|-fieldactivate|move: Perish Song\n|move|p1a: Floette|Moonblast|p2a: Gengar\n|-resisted|p2a: Gengar|1\n|-damage|p2a: Gengar|0 fnt\n|faint|p2a: Gengar\n|\n|-weather|RainDance|[upkeep]\n|-start|p1b: Sneasler|perish3\n|-start|p1a: Floette|perish3\n|-start|p2b: Politoed|perish3\n|upkeep\n|\n|t:|1776225860\n|switch|p2a: Palafin|Palafin-Hero, L50, F|100/100\n|-activate|p2a: Palafin|ability: Zero to Hero\n|turn|5\n|\n|t:|1776225881\n|move|p2a: Palafin|Jet Punch|p1b: Sneasler\n|-damage|p1b: Sneasler|0 fnt\n|faint|p1b: Sneasler\n|move|p1a: Floette|Calm Mind|p1a: Floette\n|-boost|p1a: Floette|spa|1\n|-boost|p1a: Floette|spd|1\n|move|p2b: Politoed|Weather Ball|p1a: Floette\n|-damage|p1a: Floette|75/100\n|\n|-weather|RainDance|[upkeep]\n|-start|p1a: Floette|perish2\n|-start|p2b: Politoed|perish2\n|upkeep\n|turn|6\n|\n|t:|1776225894\n|move|p2a: Palafin|Jet Punch|p1a: Floette\n|-damage|p1a: Floette|4/100\n|move|p1a: Floette|Calm Mind|p1a: Floette\n|-boost|p1a: Floette|spa|1\n|-boost|p1a: Floette|spd|1\n|move|p2b: Politoed|Weather Ball|p1a: Floette\n|-damage|p1a: Floette|0 fnt\n|faint|p1a: Floette\n|\n|win|Whatever0512\n|raw|HornyBat's rating: 1127 &rarr; <strong>1100</strong><br />(-27 for losing)\n|raw|Whatever0512's rating: 1094 &rarr; <strong>1122</strong><br />(+28 for winning)\n|l|\u2606HornyBat\n|player|p1|\n",
  "uploadtime": 1776225907,
  "views": 29,
  "formatid": "gen9championsvgc2026regma",
  "rating": 1100,
  "private": 0,
  "password": null
}