{
  "id": "gen9championsvgc2026regma-2581862646",
  "format": "[Gen 9 Champions] VGC 2026 Reg M-A",
  "players": [
    "Tall Tamara",
    "viatable"
  ],
  "log": "|j|\u2606Tall Tamara\n|j|\u2606viatable\n|t:|1776034660\n|gametype|doubles\n|player|p1|Tall Tamara|lady-gen4|1293\n|player|p2|viatable|266|1392\n|gen|9\n|tier|[Gen 9 Champions] VGC 2026 Reg M-A\n|rated|\n|rule|Species Clause: Limit one of each Pok\u00e9mon\n|rule|Item Clause: Limit 1 of each item\n|clearpoke\n|poke|p1|Incineroar, L50, F|\n|poke|p1|Sinistcha, L50|\n|poke|p1|Aerodactyl, L50, M|\n|poke|p1|Rotom-Wash, L50|\n|poke|p1|Kingambit, L50, F|\n|poke|p1|Garchomp, L50, F|\n|poke|p2|Ninetales-Alola, L50, M|\n|poke|p2|Delphox, L50, M|\n|poke|p2|Conkeldurr, L50, F|\n|poke|p2|Samurott-Hisui, L50, F|\n|poke|p2|Farigiraf, L50, F|\n|poke|p2|Meganium, L50, M|\n|teampreview|4\n|inactive|Battle timer is ON: inactive players will automatically lose when time's up. (requested by Tall Tamara)\n|inactive|Tall Tamara has 60 seconds left.\n|inactive|viatable has 60 seconds left.\n|\n|t:|1776034718\n|teamsize|p1|4\n|teamsize|p2|4\n|start\n|switch|p1a: Incineroar|Incineroar, L50, F|100/100\n|switch|p1b: Aerodactyl|Aerodactyl, L50, M|100/100\n|switch|p2a: Farigiraf|Farigiraf, L50, F|100/100\n|switch|p2b: Conkeldurr|Conkeldurr, L50, F|100/100\n|-ability|p1b: Aerodactyl|Unnerve\n|-ability|p1a: Incineroar|Intimidate|boost\n|-unboost|p2a: Farigiraf|atk|1\n|-unboost|p2b: Conkeldurr|atk|1\n|-enditem|p2b: Conkeldurr|White Herb\n|-clearnegativeboost|p2b: Conkeldurr|[silent]\n|turn|1\n|inactive|Tall Tamara has 30 seconds left.\n|\n|t:|1776034748\n|move|p2a: Farigiraf|Protect|p2a: Farigiraf\n|-singleturn|p2a: Farigiraf|Protect\n|move|p1b: Aerodactyl|Dual Wingbeat|p2b: Conkeldurr\n|-supereffective|p2b: Conkeldurr|1\n|-damage|p2b: Conkeldurr|65/100\n|-supereffective|p2b: Conkeldurr|1\n|-damage|p2b: Conkeldurr|29/100\n|-hitcount|p2b: Conkeldurr|2\n|move|p1a: Incineroar|Darkest Lariat|p2a: Farigiraf\n|-activate|p2a: Farigiraf|move: Protect\n|move|p2b: Conkeldurr|Rock Slide|p1a: Incineroar|[spread] p1a,p1b\n|-supereffective|p1a: Incineroar|1\n|-supereffective|p1b: Aerodactyl|1\n|-damage|p1a: Incineroar|37/100\n|-damage|p1b: Aerodactyl|8/100\n|\n|upkeep\n|turn|2\n|inactive|Tall Tamara has 30 seconds left.\n|\n|t:|1776034781\n|switch|p1b: Rotom|Rotom-Wash, L50|100/100\n|move|p2b: Conkeldurr|Protect|p2b: Conkeldurr\n|-singleturn|p2b: Conkeldurr|Protect\n|move|p1a: Incineroar|Darkest Lariat|p2a: Farigiraf\n|-supereffective|p2a: Farigiraf|1\n|-damage|p2a: Farigiraf|44/100\n|move|p2a: Farigiraf|Trick Room|p2a: Farigiraf\n|-fieldstart|move: Trick Room|[of] p2a: Farigiraf\n|\n|-heal|p2a: Farigiraf|50/100|[from] item: Leftovers\n|upkeep\n|turn|3\n|inactive|Tall Tamara has 30 seconds left.\n|inactive|viatable has 30 seconds left.\n|inactive|viatable has 20 seconds left.\n|\n|t:|1776034817\n|switch|p1a: Aerodactyl|Aerodactyl, L50, M|8/100\n|-ability|p1a: Aerodactyl|Unnerve\n|move|p2b: Conkeldurr|Drain Punch|p1b: Rotom\n|-damage|p1b: Rotom|45/100\n|-heal|p2b: Conkeldurr|50/100|[from] drain|[of] p1b: Rotom\n|-enditem|p1b: Rotom|Sitrus Berry|[eat]\n|-heal|p1b: Rotom|69/100|[from] item: Sitrus Berry\n|move|p2a: Farigiraf|Psychic|p1b: Rotom\n|-damage|p1b: Rotom|28/100\n|-unboost|p1b: Rotom|spd|1\n|move|p1b: Rotom|Hydro Pump|p2b: Conkeldurr\n|-damage|p2b: Conkeldurr|0 fnt\n|faint|p2b: Conkeldurr\n|\n|-heal|p2a: Farigiraf|56/100|[from] item: Leftovers\n|upkeep\n|\n|t:|1776034836\n|switch|p2b: Meganium|Meganium, L50, M|100/100\n|turn|4\n|inactive|Tall Tamara has 30 seconds left.\n|inactive|viatable has 30 seconds left.\n|\n|t:|1776034875\n|switch|p1b: Kingambit|Kingambit, L50, F|100/100\n|detailschange|p2b: Meganium|Meganium-Mega, L50, M\n|-mega|p2b: Meganium|Meganium|Meganiumite\n|detailschange|p1a: Aerodactyl|Aerodactyl-Mega, L50, M\n|-mega|p1a: Aerodactyl|Aerodactyl|Aerodactylite\n|move|p1a: Aerodactyl|Protect|p1a: Aerodactyl\n|-singleturn|p1a: Aerodactyl|Protect\n|move|p2a: Farigiraf|Psychic|p1a: Aerodactyl\n|-activate|p1a: Aerodactyl|move: Protect\n|move|p2b: Meganium|Solar Beam||[still]\n|-prepare|p2b: Meganium|Solar Beam\n|-activate|p2b: Meganium|ability: Mega Sol\n|-anim|p2b: Meganium|Solar Beam|p1b: Kingambit\n|-resisted|p1b: Kingambit|1\n|-damage|p1b: Kingambit|69/100\n|\n|-heal|p2a: Farigiraf|63/100|[from] item: Leftovers\n|upkeep\n|turn|5\n|\n|t:|1776034899\n|switch|p1a: Incineroar|Incineroar, L50, F|37/100\n|-ability|p1a: Incineroar|Intimidate|boost\n|-unboost|p2a: Farigiraf|atk|1\n|-unboost|p2b: Meganium|atk|1\n|move|p1b: Kingambit|Iron Head|p2b: Meganium\n|-supereffective|p2b: Meganium|1\n|-damage|p2b: Meganium|32/100\n|move|p2a: Farigiraf|Psychic|p1a: Incineroar\n|-immune|p1a: Incineroar\n|move|p2b: Meganium|Earth Power|p1b: Kingambit\n|-supereffective|p1b: Kingambit|1\n|-damage|p1b: Kingambit|3/100\n|\n|-heal|p2a: Farigiraf|69/100|[from] item: Leftovers\n|upkeep\n|turn|6\n|inactive|viatable has 30 seconds left.\n|inactive|Tall Tamara has 30 seconds left.\n|inactive|viatable has 20 seconds left.\n|\n|t:|1776034935\n|move|p2a: Farigiraf|Protect|p2a: Farigiraf\n|-singleturn|p2a: Farigiraf|Protect\n|move|p1b: Kingambit|Iron Head|p2b: Meganium\n|-supereffective|p2b: Meganium|1\n|-crit|p2b: Meganium\n|-damage|p2b: Meganium|0 fnt\n|faint|p2b: Meganium\n|move|p1a: Incineroar|Darkest Lariat|p2a: Farigiraf\n|-activate|p2a: Farigiraf|move: Protect\n|\n|-heal|p2a: Farigiraf|75/100|[from] item: Leftovers\n|-fieldend|move: Trick Room\n|upkeep\n|\n|t:|1776034945\n|switch|p2b: Samurott|Samurott-Hisui, L50, F|100/100\n|turn|7\n|\n|t:|1776034969\n|move|p2b: Samurott|Aqua Cutter|p1b: Kingambit\n|-damage|p1b: Kingambit|0 fnt\n|faint|p1b: Kingambit\n|move|p1a: Incineroar|Will-O-Wisp|p2b: Samurott|[miss]\n|-miss|p1a: Incineroar|p2b: Samurott\n|move|p2a: Farigiraf|Trick Room|p2a: Farigiraf\n|-fieldstart|move: Trick Room|[of] p2a: Farigiraf\n|\n|-heal|p2a: Farigiraf|81/100|[from] item: Leftovers\n|upkeep\n|\n|t:|1776034977\n|switch|p1b: Rotom|Rotom-Wash, L50|28/100\n|turn|8\n|\n|t:|1776034996\n|move|p2b: Samurott|Protect|p2b: Samurott\n|-singleturn|p2b: Samurott|Protect\n|move|p2a: Farigiraf|Psychic|p1b: Rotom\n|-damage|p1b: Rotom|0 fnt\n|faint|p1b: Rotom\n|move|p1a: Incineroar|Will-O-Wisp|p2b: Samurott\n|-activate|p2b: Samurott|move: Protect\n|\n|-heal|p2a: Farigiraf|87/100|[from] item: Leftovers\n|upkeep\n|\n|t:|1776034998\n|switch|p1b: Aerodactyl|Aerodactyl-Mega, L50, M|8/100\n|turn|9\n|\n|t:|1776035010\n|move|p2a: Farigiraf|Psychic|p1b: Aerodactyl\n|-damage|p1b: Aerodactyl|0 fnt\n|faint|p1b: Aerodactyl\n|move|p1a: Incineroar|Darkest Lariat|p2a: Farigiraf\n|-supereffective|p2a: Farigiraf|1\n|-damage|p2a: Farigiraf|34/100\n|move|p2b: Samurott|Aqua Cutter|p1a: Incineroar\n|-supereffective|p1a: Incineroar|1\n|-damage|p1a: Incineroar|0 fnt\n|faint|p1a: Incineroar\n|\n|win|viatable\n|raw|Tall Tamara's rating: 1293 &rarr; <strong>1275</strong><br />(-18 for losing)\n|raw|viatable's rating: 1392 &rarr; <strong>1406</strong><br />(+14 for winning)\n|l|\u2606Tall Tamara\n|player|p1|\n|l|\u2606viatable\n|player|p2|\n",
  "uploadtime": 1776035321,
  "views": 20,
  "formatid": "gen9championsvgc2026regma",
  "rating": 1275,
  "private": 0,
  "password": null
}