{
  "id": "gen9championsvgc2026regma-2580724970",
  "format": "[Gen 9 Champions] VGC 2026 Reg M-A",
  "players": [
    "Naptto",
    "SaltyZenitram"
  ],
  "log": "|j|\u2606Naptto\n|j|\u203dSaltyZenitram\n|t:|1775927370\n|gametype|doubles\n|player|p1|Naptto|dawn|1045\n|player|p2|SaltyZenitram|gambler|1041\n|gen|9\n|tier|[Gen 9 Champions] VGC 2026 Reg M-A\n|rated|\n|rule|Species Clause: Limit one of each Pok\u00e9mon\n|rule|Item Clause: Limit 1 of each item\n|clearpoke\n|poke|p1|Froslass, L50, F|\n|poke|p1|Lycanroc-Dusk, L50, F|\n|poke|p1|Incineroar, L50, F|\n|poke|p1|Archaludon, L50, M|\n|poke|p1|Pelipper, L50, F|\n|poke|p1|Basculegion, L50, M|\n|poke|p2|Charizard, L50, F|\n|poke|p2|Steelix, L50, F|\n|poke|p2|Gengar, L50, M|\n|poke|p2|Whimsicott, L50, M|\n|poke|p2|Decidueye-Hisui, L50, M|\n|poke|p2|Ninetales, L50, M|\n|teampreview|4\n|inactive|Battle timer is ON: inactive players will automatically lose when time's up. (requested by Naptto)\n|\n|t:|1775927391\n|teamsize|p1|4\n|teamsize|p2|4\n|start\n|switch|p1a: mission kill zard|Lycanroc-Dusk, L50, F|100/100\n|switch|p1b: Incineroar|Incineroar, L50, F|100/100\n|switch|p2a: Charizard|Charizard, L50, F|100/100\n|switch|p2b: Steelix|Steelix, L50, F|100/100\n|-ability|p1b: Incineroar|Intimidate|boost\n|-unboost|p2a: Charizard|atk|1\n|-unboost|p2b: Steelix|atk|1\n|turn|1\n|\n|t:|1775927407\n|switch|p2a: Gengar|Gengar, L50, M|100/100\n|move|p1b: Incineroar|Fake Out|p2b: Steelix\n|-resisted|p2b: Steelix|1\n|-damage|p2b: Steelix|97/100\n|move|p1a: mission kill zard|Accelerock|p2a: Gengar\n|-damage|p2a: Gengar|40/100\n|cant|p2b: Steelix|flinch\n|\n|-heal|p2b: Steelix|100/100|[from] item: Leftovers\n|upkeep\n|turn|2\n|\n|t:|1775927427\n|switch|p2a: Charizard|Charizard, L50, F|100/100\n|move|p1a: mission kill zard|Protect|p1a: mission kill zard\n|-singleturn|p1a: mission kill zard|Protect\n|move|p1b: Incineroar|Parting Shot|p2b: Steelix\n|-unboost|p2b: Steelix|atk|1\n|-unboost|p2b: Steelix|spa|1\n|\n|t:|1775927436\n|switch|p1b: Pelipper|Pelipper, L50, F|100/100|[from] Parting Shot\n|-weather|RainDance|[from] ability: Drizzle|[of] p1b: Pelipper\n|move|p2b: Steelix|Earthquake|p1a: mission kill zard|[spread] \n|-activate|p1a: mission kill zard|move: Protect\n|-immune|p2a: Charizard\n|-immune|p1b: Pelipper\n|\n|-weather|RainDance|[upkeep]\n|upkeep\n|turn|3\n|\n|t:|1775927448\n|switch|p2a: Ninetales|Ninetales, L50, M|100/100\n|-weather|SunnyDay|[from] ability: Drought|[of] p2a: Ninetales\n|switch|p1b: Incineroar|Incineroar, L50, F|100/100\n|-ability|p1b: Incineroar|Intimidate|boost\n|-unboost|p2a: Ninetales|atk|1\n|-unboost|p2b: Steelix|atk|1\n|switch|p2b: Gengar|Gengar, L50, M|40/100\n|move|p1a: mission kill zard|Accelerock|p2a: Ninetales\n|-supereffective|p2a: Ninetales|1\n|-damage|p2a: Ninetales|3/100\n|\n|-weather|SunnyDay|[upkeep]\n|upkeep\n|turn|4\n|\n|t:|1775927469\n|move|p1b: Incineroar|Fake Out|p2a: Ninetales\n|-damage|p2a: Ninetales|0 fnt\n|faint|p2a: Ninetales\n|move|p1a: mission kill zard|Accelerock|p2b: Gengar\n|-damage|p2b: Gengar|0 fnt\n|faint|p2b: Gengar\n|\n|-weather|SunnyDay|[upkeep]\n|upkeep\n|\n|t:|1775927474\n|switch|p2a: Charizard|Charizard, L50, F|100/100\n|switch|p2b: Steelix|Steelix, L50, F|100/100\n|turn|5\n|\n|t:|1775927489\n|detailschange|p2a: Charizard|Charizard-Mega-X, L50, F\n|-mega|p2a: Charizard|Charizard|Charizardite X\n|move|p1a: mission kill zard|Accelerock|p2a: Charizard\n|-supereffective|p2a: Charizard|1\n|-crit|p2a: Charizard\n|-damage|p2a: Charizard|1/100\n|move|p2a: Charizard|Outrage|p1b: Incineroar\n|-damage|p1b: Incineroar|35/100\n|move|p1b: Incineroar|Parting Shot|p2b: Steelix\n|-unboost|p2b: Steelix|atk|1\n|-unboost|p2b: Steelix|spa|1\n|c|\u2606Naptto|oh its zard x i didnt need to try that hard\n|\n|t:|1775927509\n|switch|p1b: Pelipper|Pelipper, L50, F|100/100|[from] Parting Shot\n|-weather|RainDance|[from] ability: Drizzle|[of] p1b: Pelipper\n|move|p2b: Steelix|Stealth Rock|p1a: mission kill zard\n|-sidestart|p1: Naptto|move: Stealth Rock\n|\n|-weather|RainDance|[upkeep]\n|upkeep\n|turn|6\n|\n|t:|1775927519\n|move|p1a: mission kill zard|Rock Slide|p2a: Charizard|[spread] p2a,p2b\n|-supereffective|p2a: Charizard|1\n|-resisted|p2b: Steelix|2\n|-damage|p2a: Charizard|0 fnt\n|-damage|p2b: Steelix|96/100\n|faint|p2a: Charizard\n|move|p1b: Pelipper|Hydro Pump|p2b: Steelix|[miss]\n|-miss|p1b: Pelipper|p2b: Steelix\n|cant|p2b: Steelix|flinch\n|\n|-weather|RainDance|[upkeep]\n|-heal|p2b: Steelix|100/100|[from] item: Leftovers\n|upkeep\n|turn|7\n|-message|SaltyZenitram forfeited.\n|\n|win|Naptto\n|raw|Naptto's rating: 1045 &rarr; <strong>1078</strong><br />(+33 for winning)\n|raw|SaltyZenitram's rating: 1041 &rarr; <strong>1025</strong><br />(-16 for losing)\n|l|\u203dSaltyZenitram\n|player|p2|\n",
  "uploadtime": 1775927537,
  "views": 10,
  "formatid": "gen9championsvgc2026regma",
  "rating": 1025,
  "private": 0,
  "password": null
}