{
  "id": "gen9championsvgc2026regma-2584516587",
  "format": "[Gen 9 Champions] VGC 2026 Reg M-A",
  "players": [
    "Dewpider is life",
    "helo hru"
  ],
  "log": "|j|\u2606Dewpider is life\n|j|\u2606helo hru\n|t:|1776266022\n|gametype|doubles\n|player|p1|Dewpider is life|101|\n|player|p2|helo hru|unknownf|\n|gen|9\n|tier|[Gen 9 Champions] VGC 2026 Reg M-A\n|rule|Species Clause: Limit one of each Pok\u00e9mon\n|rule|Item Clause: Limit 1 of each item\n|clearpoke\n|poke|p1|Meowstic, L50, M|\n|poke|p1|Blastoise, L50, M|\n|poke|p1|Pelipper, L50, F|\n|poke|p1|Lucario, L50, F|\n|poke|p1|Talonflame, L50, F|\n|poke|p1|Weavile, L50, F|\n|poke|p2|Houndoom, L50, M|\n|poke|p2|Ninetales, L50, F|\n|poke|p2|Dragonite, L50, F|\n|poke|p2|Sneasler, L50, M|\n|poke|p2|Primarina, L50, M|\n|poke|p2|Aurorus, L50, M|\n|teampreview|4\n|c|\u2606helo hru|so it s actually double mega\n|c|\u2606helo hru|coolll\n|c|\u2606Dewpider is life|Yeah\n|c|\u2606Dewpider is life|I can lowkey bring both\n|c|\u2606Dewpider is life|see which ever one gets set up\n|c|\u2606helo hru|i still dont have 6th..\n|c|\u2606Dewpider is life|and then mega\n|c|\u2606helo hru|i just dropped kommo o\n|c|\u2606helo hru|for prim\n|c|\u2606Dewpider is life|Was wondering wtf aurorus was for\n|c|\u2606Dewpider is life|Oh\n|c|\u2606Dewpider is life|oops\n|c|\u2606Dewpider is life|How does prim hit so hard\n|c|\u2606helo hru|it s uhh\n|c|\u2606Dewpider is life|50 flat to everything istg\n|c|\u2606helo hru|modest max spa\n|c|\u2606helo hru|fairy feather\n|\n|t:|1776266127\n|teamsize|p1|4\n|teamsize|p2|4\n|start\n|switch|p1a: Meowstic|Meowstic, L50, M|100/100\n|switch|p1b: Talonflame|Talonflame, L50, F|100/100\n|switch|p2a: Aurorus|Aurorus, L50, M|100/100\n|switch|p2b: Sneasler|Sneasler, L50, M|100/100\n|turn|1\n|c|\u2606Dewpider is life|\ud83d\udc80\n|\n|t:|1776266147\n|move|p1b: Talonflame|Protect|p1b: Talonflame\n|-singleturn|p1b: Talonflame|Protect\n|move|p2b: Sneasler|Fake Out|p1a: Meowstic\n|-damage|p1a: Meowstic|79/100\n|move|p2a: Aurorus|Stone Edge|p1b: Talonflame\n|-activate|p1b: Talonflame|move: Protect\n|cant|p1a: Meowstic|flinch\n|\n|upkeep\n|turn|2\n|\n|t:|1776266160\n|switch|p2b: Primarina|Primarina, L50, M|100/100\n|move|p1b: Talonflame|Tailwind|p1b: Talonflame\n|-sidestart|p1: Dewpider is life|move: Tailwind\n|move|p1a: Meowstic|Psychic|p2b: Primarina\n|-crit|p2b: Primarina\n|-damage|p2b: Primarina|47/100\n|move|p2a: Aurorus|Stone Edge|p1b: Talonflame\n|-supereffective|p1b: Talonflame|2\n|-damage|p1b: Talonflame|0 fnt\n|faint|p1b: Talonflame\n|\n|upkeep\n|\n|t:|1776266167\n|switch|p1b: Blastoise|Blastoise, L50, M|100/100\n|turn|3\n|c|\u2606helo hru|ok ouch!\n|\n|t:|1776266187\n|switch|p2b: Sneasler|Sneasler, L50, M|100/100\n|detailschange|p1b: Blastoise|Blastoise-Mega, L50, M\n|-mega|p1b: Blastoise|Blastoise|Blastoisinite\n|move|p1a: Meowstic|Psychic|p2b: Sneasler\n|-supereffective|p2b: Sneasler|2\n|-enditem|p2b: Sneasler|Focus Sash\n|-damage|p2b: Sneasler|1/100\n|move|p1b: Blastoise|Shell Smash|p1b: Blastoise\n|-unboost|p1b: Blastoise|def|1\n|-unboost|p1b: Blastoise|spd|1\n|-boost|p1b: Blastoise|atk|2\n|-boost|p1b: Blastoise|spa|2\n|-boost|p1b: Blastoise|spe|2\n|move|p2a: Aurorus|Stone Edge|p1b: Blastoise\n|-damage|p1b: Blastoise|50/100\n|\n|upkeep\n|turn|4\n|\n|t:|1776266209\n|move|p1b: Blastoise|Protect|p1b: Blastoise\n|-singleturn|p1b: Blastoise|Protect\n|move|p2b: Sneasler|Fake Out|p1a: Meowstic\n|-damage|p1a: Meowstic|55/100\n|cant|p1a: Meowstic|flinch\n|move|p2a: Aurorus|Stone Edge|p1b: Blastoise\n|-activate|p1b: Blastoise|move: Protect\n|\n|upkeep\n|turn|5\n|\n|t:|1776266218\n|move|p1b: Blastoise|Water Spout|p2b: Sneasler|[spread] p2a,p2b\n|-supereffective|p2a: Aurorus|1\n|-damage|p2a: Aurorus|0 fnt\n|-damage|p2b: Sneasler|0 fnt\n|faint|p2a: Aurorus\n|faint|p2b: Sneasler\n|move|p1a: Meowstic|Psychic|p2: Aurorus|[notarget]\n|-fail|p1a: Meowstic\n|\n|-sideend|p1: Dewpider is life|move: Tailwind\n|upkeep\n|c|\u2606helo hru|oh shit it gets that\n|\n|t:|1776266229\n|switch|p2b: Houndoom|Houndoom, L50, M|100/100\n|switch|p2a: Primarina|Primarina, L50, M|47/100\n|turn|6\n|\n|t:|1776266244\n|switch|p1a: Pelipper|Pelipper, L50, F|100/100\n|-weather|RainDance|[from] ability: Drizzle|[of] p1a: Pelipper\n|detailschange|p2b: Houndoom|Houndoom-Mega, L50, M\n|-mega|p2b: Houndoom|Houndoom|Houndoominite\n|move|p1b: Blastoise|Protect|p1b: Blastoise\n|-singleturn|p1b: Blastoise|Protect\n|move|p2b: Houndoom|Protect|p2b: Houndoom\n|-singleturn|p2b: Houndoom|Protect\n|move|p2a: Primarina|Hyper Voice|p1b: Blastoise|[spread] p1a\n|-activate|p1b: Blastoise|move: Protect\n|-resisted|p1a: Pelipper|1\n|-damage|p1a: Pelipper|59/100\n|\n|-weather|RainDance|[upkeep]\n|upkeep\n|turn|7\n|c|\u2606Dewpider is life|Ye\n|\n|t:|1776266265\n|move|p1b: Blastoise|Water Spout|p2a: Primarina|[spread] p2a,p2b\n|-resisted|p2a: Primarina|1\n|-supereffective|p2b: Houndoom|1\n|-damage|p2a: Primarina|6/100\n|-damage|p2b: Houndoom|0 fnt\n|faint|p2b: Houndoom\n|move|p1a: Pelipper|Hurricane|p2a: Primarina\n|-damage|p2a: Primarina|0 fnt\n|faint|p2a: Primarina\n|\n|win|Dewpider is life\n|c|\u2606Dewpider is life|Gg!\n|c|\u2606helo hru|gg!\n|c|\u2606helo hru|fast peli\n|c|\u2606Dewpider is life|Oh yeah\n|c|\u2606helo hru|i ll be back in a few\n|c|\u2606Dewpider is life|Alr\n",
  "uploadtime": 1776266288,
  "views": 21,
  "formatid": "gen9championsvgc2026regma",
  "rating": null,
  "private": 0,
  "password": null
}