{
  "id": "gen9championsvgc2026regma-2584774209",
  "format": "[Gen 9 Champions] VGC 2026 Reg M-A",
  "players": [
    "lilgoldship",
    "hemahk"
  ],
  "log": "|j|\u2606lilgoldship\n|j|\u2606hemahk\n|t:|1776282709\n|gametype|doubles\n|player|p1|lilgoldship|winona-gen6|1073\n|player|p2|hemahk|101|1000\n|gen|9\n|tier|[Gen 9 Champions] VGC 2026 Reg M-A\n|rated|\n|rule|Species Clause: Limit one of each Pok\u00e9mon\n|rule|Item Clause: Limit 1 of each item\n|clearpoke\n|poke|p1|Reuniclus, L50, M|\n|poke|p1|Aegislash, L50, M|\n|poke|p1|Incineroar, L50, F|\n|poke|p1|Gallade, L50, M|\n|poke|p1|Ampharos, L50, F|\n|poke|p1|Farigiraf, L50, F|\n|poke|p2|Charizard, L50, M|\n|poke|p2|Venusaur, L50, F|\n|poke|p2|Incineroar, L50, M|\n|poke|p2|Rotom-Wash, L50|\n|poke|p2|Garchomp, L50, M|\n|poke|p2|Skarmory, L50, F|\n|teampreview|4\nlilgoldship rejected open team sheets.\n|inactive|Battle timer is ON: inactive players will automatically lose when time's up. (requested by lilgoldship)\n|\n|t:|1776282735\n|teamsize|p1|4\n|teamsize|p2|4\n|start\n|switch|p1a: nemesis|Gallade, L50, M|100/100\n|switch|p1b: espada|Aegislash, L50, M|100/100\n|switch|p2a: Pedro|Charizard, L50, M, shiny|100/100\n|switch|p2b: GitanoFacha|Incineroar, L50, M, shiny|100/100\n|-ability|p2b: GitanoFacha|Intimidate|boost\n|-unboost|p1a: nemesis|atk|1\n|-unboost|p1b: espada|atk|1\n|turn|1\n|\n|t:|1776282751\n|switch|p1b: girafakkkkkkk|Farigiraf, L50, F|100/100\n|detailschange|p2a: Pedro|Charizard-Mega-Y, L50, M, shiny\n|-mega|p2a: Pedro|Charizard|Charizardite Y\n|-weather|SunnyDay|[from] ability: Drought|[of] p2a: Pedro\n|move|p2b: GitanoFacha|Fake Out||[still]\n|cant|p1b: girafakkkkkkk|ability: Armor Tail|Fake Out|[of] p2b: GitanoFacha\n|move|p2a: Pedro|Heat Wave|p1b: girafakkkkkkk|[spread] \n|-miss|p2a: Pedro|p1a: nemesis\n|-miss|p2a: Pedro|p1b: girafakkkkkkk\n|move|p1a: nemesis|Trick Room|p1a: nemesis\n|-fieldstart|move: Trick Room|[of] p1a: nemesis\n|\n|-weather|SunnyDay|[upkeep]\n|upkeep\n|turn|2\n|inactive|hemahk has 30 seconds left.\n|\n|t:|1776282781\n|move|p2b: GitanoFacha|Helping Hand|p2a: Pedro\n|-singleturn|p2a: Pedro|Helping Hand|[of] p2b: GitanoFacha\n|move|p1b: girafakkkkkkk|Psychic|p2a: Pedro\n|-damage|p2a: Pedro|61/100\n|move|p1a: nemesis|Psycho Cut|p2a: Pedro\n|-crit|p2a: Pedro\n|-damage|p2a: Pedro|0 fnt\n|faint|p2a: Pedro\n|\n|-weather|SunnyDay|[upkeep]\n|upkeep\n|\n|t:|1776282793\n|switch|p2a: Sanchez|Venusaur, L50, F, shiny|100/100\n|turn|3\n|\n|t:|1776282802\n|switch|p2a: peta|Garchomp, L50, M, shiny|100/100\n|move|p1b: girafakkkkkkk|Hyper Voice|p2a: peta|[spread] p2a,p2b\n|-damage|p2a: peta|54/100\n|-damage|p2b: GitanoFacha|67/100\n|move|p2b: GitanoFacha|Flare Blitz|p1a: nemesis\n|-damage|p1a: nemesis|0 fnt\n|faint|p1a: nemesis\n|-damage|p2b: GitanoFacha|40/100|[from] Recoil\n|\n|-weather|SunnyDay|[upkeep]\n|upkeep\n|\n|t:|1776282813\n|switch|p1a: espada|Aegislash, L50, M|100/100\n|turn|4\n|\n|t:|1776282833\n|move|p1a: espada|King's Shield|p1a: espada\n|-singleturn|p1a: espada|Protect\n|move|p1b: girafakkkkkkk|Hyper Voice|p2a: peta|[spread] p2a,p2b\n|-crit|p2a: peta\n|-damage|p2a: peta|0 fnt\n|-damage|p2b: GitanoFacha|3/100\n|faint|p2a: peta\n|move|p2b: GitanoFacha|Parting Shot|p1b: girafakkkkkkk\n|-unboost|p1b: girafakkkkkkk|atk|1\n|-unboost|p1b: girafakkkkkkk|spa|1\n|\n|t:|1776282841\n|switch|p2b: Sanchez|Venusaur, L50, F, shiny|100/100|[from] Parting Shot\n|\n|-weather|SunnyDay|[upkeep]\n|upkeep\n|\n|t:|1776282846\n|switch|p2a: GitanoFacha|Incineroar, L50, M, shiny|3/100\n|-ability|p2a: GitanoFacha|Intimidate|boost\n|-unboost|p1a: espada|atk|1\n|-unboost|p1b: girafakkkkkkk|atk|1\n|turn|5\n|\n|t:|1776282871\n|move|p2a: GitanoFacha|Helping Hand|p2b: Sanchez\n|-singleturn|p2b: Sanchez|Helping Hand|[of] p2a: GitanoFacha\n|move|p1b: girafakkkkkkk|Psychic|p2b: Sanchez\n|-supereffective|p2b: Sanchez|1\n|-damage|p2b: Sanchez|34/100\n|-formechange|p1a: espada|Aegislash-Blade|\n|move|p1a: espada|Flash Cannon|p2b: Sanchez\n|-damage|p2b: Sanchez|0 fnt\n|faint|p2b: Sanchez\n|\n|-weather|none\n|-fieldend|move: Trick Room\n|upkeep\n|turn|6\n|-message|hemahk forfeited.\n|\n|win|lilgoldship\n|raw|lilgoldship's rating: 1073 &rarr; <strong>1096</strong><br />(+23 for winning)\n|raw|hemahk's rating: 1000 &rarr; <strong>1000</strong><br />(+0 for losing)\n|l|\u2606hemahk\n|player|p2|\n",
  "uploadtime": 1776282883,
  "views": 19,
  "formatid": "gen9championsvgc2026regma",
  "rating": 1000,
  "private": 0,
  "password": null
}