{
  "id": "gen9championsvgc2026regma-2585533712",
  "format": "[Gen 9 Champions] VGC 2026 Reg M-A",
  "players": [
    "Wise'adel",
    "etrdyfyiu"
  ],
  "log": "|j|\u2606Wise'adel\n|j|\u2606etrdyfyiu\n|t:|1776353870\n|gametype|doubles\n|player|p1|Wise'adel|iono-masters2|\n|player|p2|etrdyfyiu|265|\n|gen|9\n|tier|[Gen 9 Champions] VGC 2026 Reg M-A\n|rated|Tournament battle\n|rule|Species Clause: Limit one of each Pok\u00e9mon\n|rule|Item Clause: Limit 1 of each item\n|clearpoke\n|poke|p1|Charizard, L50, M|\n|poke|p1|Incineroar, L50, F|\n|poke|p1|Milotic, L50, F|\n|poke|p1|Sinistcha, L50|\n|poke|p1|Sneasler, L50, F|\n|poke|p1|Aegislash, L50, F|\n|poke|p2|Palafin, L50, F|\n|poke|p2|Arcanine, L50, F|\n|poke|p2|Scizor, L50, F|\n|poke|p2|Tyranitar, L50, F|\n|poke|p2|Sneasler, L50, M|\n|poke|p2|Sinistcha, L50|\n|teampreview|4\n|j|+Yuichi\n|c|\u2606etrdyfyiu|glhf\nWise'adel has agreed to open team sheets.\netrdyfyiu has agreed to open team sheets.\n|showteam|p1|Charizard||CharizarditeY|Blaze|HeatWave,WeatherBall,SolarBeam,Protect|||M|||50|]Incineroar||ChopleBerry|Intimidate|FakeOut,FlareBlitz,ThroatChop,PartingShot|||F|||50|]Milotic||Leftovers|Competitive|Scald,IcyWind,IceBeam,Protect|||F|||50|]Sinistcha||SitrusBerry|Hospitality|MatchaGotcha,RagePowder,LifeDew,TrickRoom||||||50|]Sneasler||WhiteHerb|Unburden|FakeOut,CloseCombat,DireClaw,Protect|||F|||50|]Aegislash||SpellTag|StanceChange|ShadowBall,ShadowSneak,FlashCannon,KingsShield|||F|||50|\n|showteam|p2|Palafin||ChoiceScarf|ZerotoHero|FlipTurn,WaveCrash,CloseCombat,JetPunch|||F|||50|]Arcanine||PasshoBerry|Intimidate|WillOWisp,ExtremeSpeed,FlareBlitz,Protect|||F|||50|]Scizor||Scizorite|Technician|Protect,BugBite,BulletPunch,DualWingbeat|||F|||50|]Tyranitar||Tyranitarite|SandStream|Protect,RockSlide,KnockOff,LowKick|||F|||50|]Sneasler||WhiteHerb|Unburden|FakeOut,CloseCombat,DireClaw,Protect|||M|||50|]Sinistcha||SitrusBerry|Hospitality|Protect,MatchaGotcha,RagePowder,TrickRoom||||||50|\n|\n|t:|1776353913\n|teamsize|p1|4\n|teamsize|p2|4\n|start\n|switch|p1a: Aegislash|Aegislash, L50, F|100/100\n|switch|p1b: Milotic|Milotic, L50, F|100/100\n|switch|p2a: Tyranitar|Tyranitar, L50, F, shiny|100/100\n|switch|p2b: Sneasler|Sneasler, L50, M, shiny|100/100\n|-weather|Sandstorm|[from] ability: Sand Stream|[of] p2a: Tyranitar\n|turn|1\n|inactive|Battle timer is ON: inactive players will automatically lose when time's up. (requested by etrdyfyiu)\n|\n|t:|1776353933\n|detailschange|p2a: Tyranitar|Tyranitar-Mega, L50, F, shiny\n|-mega|p2a: Tyranitar|Tyranitar|Tyranitarite\n|move|p1a: Aegislash|King's Shield|p1a: Aegislash\n|-singleturn|p1a: Aegislash|Protect\n|move|p2b: Sneasler|Fake Out|p1b: Milotic\n|-damage|p1b: Milotic|85/100\n|cant|p1b: Milotic|flinch\n|move|p2a: Tyranitar|Knock Off|p1a: Aegislash\n|-activate|p1a: Aegislash|move: Protect\n|-unboost|p2a: Tyranitar|atk|1\n|\n|-weather|Sandstorm|[upkeep]\n|-damage|p2b: Sneasler|95/100|[from] Sandstorm\n|-damage|p1b: Milotic|79/100|[from] Sandstorm\n|-heal|p1b: Milotic|85/100|[from] item: Leftovers\n|upkeep\n|turn|2\n|\n|t:|1776353951\n|switch|p2a: Arcanine|Arcanine, L50, F, shiny|100/100\n|-ability|p2a: Arcanine|Intimidate|boost\n|-unboost|p1a: Aegislash|atk|1\n|-unboost|p1b: Milotic|atk|1\n|-ability|p1b: Milotic|Competitive|boost\n|-boost|p1b: Milotic|spa|2\n|move|p2b: Sneasler|Close Combat|p1b: Milotic\n|-damage|p1b: Milotic|19/100\n|-unboost|p2b: Sneasler|def|1\n|-unboost|p2b: Sneasler|spd|1\n|-enditem|p2b: Sneasler|White Herb\n|-clearnegativeboost|p2b: Sneasler|[silent]\n|move|p1b: Milotic|Icy Wind|p2a: Arcanine|[spread] p2a,p2b\n|-resisted|p2a: Arcanine|1\n|-damage|p2a: Arcanine|88/100\n|-damage|p2b: Sneasler|64/100\n|-unboost|p2a: Arcanine|spe|1\n|-unboost|p2b: Sneasler|spe|1\n|-formechange|p1a: Aegislash|Aegislash-Blade|\n|move|p1a: Aegislash|Shadow Ball|p2b: Sneasler\n|-damage|p2b: Sneasler|0 fnt\n|faint|p2b: Sneasler\n|\n|-weather|Sandstorm|[upkeep]\n|-damage|p1b: Milotic|13/100|[from] Sandstorm\n|-damage|p2a: Arcanine|82/100|[from] Sandstorm\n|-heal|p1b: Milotic|19/100|[from] item: Leftovers\n|upkeep\n|inactive|etrdyfyiu has 30 seconds left.\n|\n|t:|1776353979\n|switch|p2b: Sinistcha|Sinistcha, L50|100/100\n|-heal|p2a: Arcanine|100/100|[from] ability: Hospitality|[of] p2b: Sinistcha\n|turn|3\n|\n|t:|1776353992\n|move|p2b: Sinistcha|Protect|p2b: Sinistcha\n|-singleturn|p2b: Sinistcha|Protect\n|-formechange|p1a: Aegislash|Aegislash|\n|move|p1a: Aegislash|King's Shield|p1a: Aegislash\n|-singleturn|p1a: Aegislash|Protect\n|move|p2a: Arcanine|Extreme Speed|p1b: Milotic\n|-damage|p1b: Milotic|0 fnt\n|faint|p1b: Milotic\n|\n|-weather|Sandstorm|[upkeep]\n|-damage|p2b: Sinistcha|94/100|[from] Sandstorm\n|-damage|p2a: Arcanine|95/100|[from] Sandstorm\n|upkeep\n|\n|t:|1776354006\n|switch|p1b: Charizard|Charizard, L50, M|100/100\n|turn|4\n|j| 1#MiraidonHater\n|\n|t:|1776354029\n|switch|p2b: Tyranitar|Tyranitar-Mega, L50, F, shiny|100/100\n|detailschange|p1b: Charizard|Charizard-Mega-Y, L50, M\n|-mega|p1b: Charizard|Charizard|Charizardite Y\n|-weather|SunnyDay|[from] ability: Drought|[of] p1b: Charizard\n|-formechange|p1a: Aegislash|Aegislash-Blade|\n|move|p1a: Aegislash|Shadow Sneak|p2a: Arcanine\n|-damage|p2a: Arcanine|80/100\n|move|p1b: Charizard|Heat Wave|p2b: Tyranitar|[spread] p2a,p2b\n|-resisted|p2a: Arcanine|1\n|-resisted|p2b: Tyranitar|1\n|-damage|p2a: Arcanine|46/100\n|-damage|p2b: Tyranitar|76/100\n|move|p2a: Arcanine|Flare Blitz|p1a: Aegislash\n|-supereffective|p1a: Aegislash|1\n|-damage|p1a: Aegislash|0 fnt\n|faint|p1a: Aegislash\n|-damage|p2a: Arcanine|17/100|[from] Recoil\n|\n|-weather|SunnyDay|[upkeep]\n|upkeep\n|\n|t:|1776354037\n|switch|p1a: Sneasler|Sneasler, L50, F|100/100\n|turn|5\n|\n|t:|1776354051\n|move|p2b: Tyranitar|Protect|p2b: Tyranitar\n|-singleturn|p2b: Tyranitar|Protect\n|move|p2a: Arcanine|Extreme Speed|p1b: Charizard\n|-crit|p1b: Charizard\n|-damage|p1b: Charizard|57/100\n|move|p1a: Sneasler|Close Combat|p2b: Tyranitar\n|-activate|p2b: Tyranitar|move: Protect\n|move|p1b: Charizard|Heat Wave|p2a: Arcanine|[spread] p2a\n|-activate|p2b: Tyranitar|move: Protect\n|-resisted|p2a: Arcanine|1\n|-damage|p2a: Arcanine|0 fnt\n|faint|p2a: Arcanine\n|\n|-weather|SunnyDay|[upkeep]\n|upkeep\n|\n|t:|1776354061\n|switch|p2a: Sinistcha|Sinistcha, L50|94/100\n|-heal|p2b: Tyranitar|100/100|[from] ability: Hospitality|[of] p2a: Sinistcha\n|turn|6\n|\n|t:|1776354069\n|move|p2a: Sinistcha|Rage Powder|p2a: Sinistcha\n|-singleturn|p2a: Sinistcha|move: Rage Powder\n|move|p1a: Sneasler|Close Combat|p2a: Sinistcha\n|-immune|p2a: Sinistcha\n|move|p1b: Charizard|Weather Ball|p2a: Sinistcha\n|-supereffective|p2a: Sinistcha|1\n|-damage|p2a: Sinistcha|0 fnt\n|faint|p2a: Sinistcha\n|move|p2b: Tyranitar|Rock Slide|p1a: Sneasler|[spread] p1a,p1b\n|-resisted|p1a: Sneasler|1\n|-supereffective|p1b: Charizard|2\n|-damage|p1a: Sneasler|69/100\n|-damage|p1b: Charizard|0 fnt\n|faint|p1b: Charizard\n|\n|-weather|SunnyDay|[upkeep]\n|upkeep\n|turn|7\n|c|\u2606etrdyfyiu|GG\n|j| Quyt_DZ\n|\n|t:|1776354091\n|move|p2b: Tyranitar|Protect|p2b: Tyranitar\n|-singleturn|p2b: Tyranitar|Protect\n|move|p1a: Sneasler|Close Combat|p2b: Tyranitar\n|-activate|p2b: Tyranitar|move: Protect\n|\n|-weather|SunnyDay|[upkeep]\n|upkeep\n|turn|8\n|\n|t:|1776354101\n|move|p1a: Sneasler|Close Combat|p2b: Tyranitar\n|-supereffective|p2b: Tyranitar|2\n|-damage|p2b: Tyranitar|0 fnt\n|-unboost|p1a: Sneasler|def|1\n|-unboost|p1a: Sneasler|spd|1\n|faint|p2b: Tyranitar\n|\n|win|Wise'adel\n|n|\u2606Wise'adel|wiseadel\n|n|\u2606etrdyfyiu|etrdyfyiu\n|n| Yuichi|yuichi\n|n| 1#MiraidonHater|1miraidonhater\n|n| Quyt_DZ|quytdz\n",
  "uploadtime": 1776354023,
  "views": 20,
  "formatid": "gen9championsvgc2026regma",
  "rating": null,
  "private": 0,
  "password": null
}