{
  "id": "gen9championsvgc2026regma-2586450551",
  "format": "[Gen 9 Champions] VGC 2026 Reg M-A",
  "players": [
    "rasb",
    "qwe1l00"
  ],
  "log": "|j|\u2606rasb\n|j|\u2606qwe1l00\n|t:|1776435540\n|gametype|doubles\n|player|p1|rasb|170|1297\n|player|p2|qwe1l00|169|1296\n|gen|9\n|tier|[Gen 9 Champions] VGC 2026 Reg M-A\n|rated|\n|rule|Species Clause: Limit one of each Pok\u00e9mon\n|rule|Item Clause: Limit 1 of each item\n|clearpoke\n|poke|p1|Floette-Eternal, L50, F|\n|poke|p1|Aerodactyl, L50, F|\n|poke|p1|Incineroar, L50, M|\n|poke|p1|Garchomp, L50, F|\n|poke|p1|Charizard, L50, M|\n|poke|p1|Venusaur, L50, F|\n|poke|p2|Gyarados, L50, M|\n|poke|p2|Scizor, L50, M|\n|poke|p2|Incineroar, L50, F|\n|poke|p2|Meganium, L50, F|\n|poke|p2|Pelipper, L50, M|\n|poke|p2|Archaludon, L50, M|\n|teampreview|4\n|inactive|Battle timer is ON: inactive players will automatically lose when time's up. (requested by rasb)\n|\n|t:|1776435561\n|teamsize|p1|4\n|teamsize|p2|4\n|start\n|switch|p1a: Incineroar|Incineroar, L50, M|100/100\n|switch|p1b: Venusaur|Venusaur, L50, F|100/100\n|switch|p2a: Scizor|Scizor, L50, M|100/100\n|switch|p2b: Gyarados|Gyarados, L50, M, shiny|100/100\n|-ability|p2b: Gyarados|Intimidate|boost\n|-unboost|p1a: Incineroar|atk|1\n|-unboost|p1b: Venusaur|atk|1\n|-ability|p1a: Incineroar|Intimidate|boost\n|-unboost|p2a: Scizor|atk|1\n|-unboost|p2b: Gyarados|atk|1\n|turn|1\n|inactive|qwe1l00 has 30 seconds left.\n|\n|t:|1776435586\n|switch|p2b: Incineroar|Incineroar, L50, F|100/100\n|-ability|p2b: Incineroar|Intimidate|boost\n|-unboost|p1a: Incineroar|atk|1\n|-unboost|p1b: Venusaur|atk|1\n|move|p1b: Venusaur|Sleep Powder|p2b: Incineroar\n|-status|p2b: Incineroar|slp|[from] move: Sleep Powder\n|move|p1a: Incineroar|Flare Blitz|p2a: Scizor\n|-supereffective|p2a: Scizor|2\n|-damage|p2a: Scizor|0 fnt\n|faint|p2a: Scizor\n|-damage|p1a: Incineroar|72/100|[from] Recoil\n|\n|upkeep\n|\n|t:|1776435598\n|switch|p2a: Gyarados|Gyarados, L50, M, shiny|100/100\n|-ability|p2a: Gyarados|Intimidate|boost\n|-unboost|p1a: Incineroar|atk|1\n|-unboost|p1b: Venusaur|atk|1\n|turn|2\n|\n|t:|1776435610\n|detailschange|p2a: Gyarados|Gyarados-Mega, L50, M, shiny\n|-mega|p2a: Gyarados|Gyarados|Gyaradosite\n|-ability|p2a: Gyarados|Mold Breaker\n|move|p2a: Gyarados|Waterfall|p1a: Incineroar\n|-supereffective|p1a: Incineroar|1\n|-damage|p1a: Incineroar|0 fnt\n|faint|p1a: Incineroar\n|move|p1b: Venusaur|Sleep Powder|p2a: Gyarados\n|-status|p2a: Gyarados|slp|[from] move: Sleep Powder\n|cant|p2b: Incineroar|slp\n|\n|upkeep\n|\n|t:|1776435621\n|switch|p1a: Charizard|Charizard, L50, M|100/100\n|turn|3\n|\n|t:|1776435638\n|detailschange|p1a: Charizard|Charizard-Mega-Y, L50, M\n|-mega|p1a: Charizard|Charizard|Charizardite Y\n|-weather|SunnyDay|[from] ability: Drought|[of] p1a: Charizard\n|cant|p2a: Gyarados|slp\n|move|p1b: Venusaur|Leaf Storm|p2a: Gyarados|[miss]\n|-miss|p1b: Venusaur|p2a: Gyarados\n|move|p1a: Charizard|Air Slash|p2b: Incineroar\n|-damage|p2b: Incineroar|60/100 slp\n|cant|p2b: Incineroar|slp\n|\n|-weather|SunnyDay|[upkeep]\n|-heal|p2b: Incineroar|66/100 slp|[from] item: Leftovers\n|upkeep\n|turn|4\n|\n|t:|1776435659\n|switch|p2a: Pelipper|Pelipper, L50, M|100/100\n|-weather|RainDance|[from] ability: Drizzle|[of] p2a: Pelipper\n|move|p1a: Charizard|Air Slash|p2b: Incineroar\n|-damage|p2b: Incineroar|28/100 slp\n|move|p1b: Venusaur|Leaf Storm|p2a: Pelipper\n|-damage|p2a: Pelipper|36/100\n|-unboost|p1b: Venusaur|spa|2\n|-curestatus|p2b: Incineroar|slp|[msg]\n|move|p2b: Incineroar|Flare Blitz|p1b: Venusaur\n|-supereffective|p1b: Venusaur|1\n|-damage|p1b: Venusaur|39/100\n|-damage|p2b: Incineroar|12/100|[from] Recoil\n|\n|-weather|RainDance|[upkeep]\n|-heal|p2b: Incineroar|18/100|[from] item: Leftovers\n|upkeep\n|turn|5\n|\n|t:|1776435684\n|move|p1a: Charizard|Air Slash|p2a: Pelipper\n|-damage|p2a: Pelipper|0 fnt\n|faint|p2a: Pelipper\n|move|p1b: Venusaur|Earth Power|p2b: Incineroar\n|-supereffective|p2b: Incineroar|1\n|-damage|p2b: Incineroar|0 fnt\n|faint|p2b: Incineroar\n|\n|-weather|RainDance|[upkeep]\n|upkeep\n|\n|t:|1776435692\n|switch|p2b: Gyarados|Gyarados-Mega, L50, M, shiny|100/100 slp\n|-ability|p2b: Gyarados|Mold Breaker\n|turn|6\n|\n|t:|1776435702\n|cant|p2b: Gyarados|slp\n|move|p1a: Charizard|Air Slash|p2b: Gyarados\n|-damage|p2b: Gyarados|61/100 slp\n|move|p1b: Venusaur|Leaf Storm|p2b: Gyarados\n|-supereffective|p2b: Gyarados|1\n|-damage|p2b: Gyarados|10/100 slp\n|-unboost|p1b: Venusaur|spa|2\n|\n|-weather|RainDance|[upkeep]\n|upkeep\n|turn|7\n|-message|qwe1l00 forfeited.\n|\n|win|rasb\n|raw|rasb's rating: 1297 &rarr; <strong>1322</strong><br />(+25 for winning)\n|raw|qwe1l00's rating: 1296 &rarr; <strong>1271</strong><br />(-25 for losing)\n",
  "uploadtime": 1776435709,
  "views": 34,
  "formatid": "gen9championsvgc2026regma",
  "rating": 1271,
  "private": 0,
  "password": null
}