{
  "id": "gen9championsvgc2026regma-2581701011",
  "format": "[Gen 9 Champions] VGC 2026 Reg M-A",
  "players": [
    "Ozempic Glorp",
    "Echlics"
  ],
  "log": "|j|\u2606Ozempic Glorp\n|j|\u2606Echlics\n|t:|1776021788\n|gametype|doubles\n|player|p1|Ozempic Glorp|hilda-wonderlauncher|1172\n|player|p2|Echlics|hilda-wonderlauncher|1248\n|gen|9\n|tier|[Gen 9 Champions] VGC 2026 Reg M-A\n|rated|\n|rule|Species Clause: Limit one of each Pok\u00e9mon\n|rule|Item Clause: Limit 1 of each item\n|clearpoke\n|poke|p1|Venusaur, L50, F|\n|poke|p1|Incineroar, L50, M|\n|poke|p1|Garchomp, L50, M|\n|poke|p1|Charizard, L50, M|\n|poke|p1|Sneasler, L50, F|\n|poke|p1|Rotom-Wash, L50|\n|poke|p2|Archaludon, L50, M|\n|poke|p2|Pelipper, L50, M|\n|poke|p2|Basculegion, L50, M|\n|poke|p2|Greninja-*, L50, F|\n|poke|p2|Meganium, L50, M|\n|poke|p2|Sneasler, L50, F|\n|teampreview|4\n|inactive|Battle timer is ON: inactive players will automatically lose when time's up. (requested by Ozempic Glorp)\n|\n|t:|1776021815\n|teamsize|p1|4\n|teamsize|p2|4\n|start\n|switch|p1a: Wolfey|Incineroar, L50, M|100/100\n|switch|p1b: Washed|Rotom-Wash, L50|100/100\n|switch|p2a: Pelipper|Pelipper, L50, M|100/100\n|switch|p2b: Sneasler|Sneasler, L50, F|100/100\n|-weather|RainDance|[from] ability: Drizzle|[of] p2a: Pelipper\n|-ability|p1a: Wolfey|Intimidate|boost\n|-unboost|p2a: Pelipper|atk|1\n|-unboost|p2b: Sneasler|atk|1\n|-enditem|p2b: Sneasler|White Herb\n|-clearnegativeboost|p2b: Sneasler|[silent]\n|turn|1\n|inactive|Ozempic Glorp has 30 seconds left.\n|\n|t:|1776021843\n|move|p2b: Sneasler|Fake Out|p1a: Wolfey\n|-damage|p1a: Wolfey|86/100\n|cant|p1a: Wolfey|flinch\n|move|p2a: Pelipper|Hydro Pump|p1a: Wolfey\n|-supereffective|p1a: Wolfey|1\n|-damage|p1a: Wolfey|0 fnt\n|faint|p1a: Wolfey\n|move|p1b: Washed|Thunderbolt|p2a: Pelipper\n|-supereffective|p2a: Pelipper|2\n|-enditem|p2a: Pelipper|Focus Sash\n|-damage|p2a: Pelipper|1/100\n|\n|-weather|RainDance|[upkeep]\n|upkeep\n|\n|t:|1776021858\n|switch|p1a: Toad|Venusaur, L50, F, shiny|100/100\n|turn|2\n|\n|t:|1776021872\n|move|p2b: Sneasler|Protect|p2b: Sneasler\n|-singleturn|p2b: Sneasler|Protect\n|move|p1a: Toad|Sleep Powder|p2b: Sneasler\n|-activate|p2b: Sneasler|move: Protect\n|move|p2a: Pelipper|Tailwind|p2a: Pelipper\n|-sidestart|p2: Echlics|move: Tailwind\n|move|p1b: Washed|Thunderbolt|p2a: Pelipper\n|-supereffective|p2a: Pelipper|2\n|-crit|p2a: Pelipper\n|-damage|p2a: Pelipper|0 fnt\n|faint|p2a: Pelipper\n|\n|-weather|RainDance|[upkeep]\n|upkeep\n|\n|t:|1776021892\n|switch|p2a: Meganium|Meganium, L50, M|100/100\n|turn|3\n|\n|t:|1776021907\n|detailschange|p2a: Meganium|Meganium-Mega, L50, M\n|-mega|p2a: Meganium|Meganium|Meganiumite\n|move|p1a: Toad|Protect|p1a: Toad\n|-singleturn|p1a: Toad|Protect\n|move|p1b: Washed|Protect|p1b: Washed\n|-singleturn|p1b: Washed|Protect\n|move|p2b: Sneasler|Close Combat|p1a: Toad\n|-activate|p1a: Toad|move: Protect\n|move|p2a: Meganium|Dazzling Gleam|p1b: Washed|[spread] \n|-activate|p1a: Toad|move: Protect\n|-activate|p1b: Washed|move: Protect\n|\n|-weather|RainDance|[upkeep]\n|upkeep\n|turn|4\n|inactive|Ozempic Glorp has 30 seconds left.\n|inactive|Echlics has 30 seconds left.\n|\n|t:|1776021940\n|move|p2b: Sneasler|Dire Claw|p1a: Toad\n|-damage|p1a: Toad|37/100\n|move|p2a: Meganium|Dazzling Gleam|p1a: Toad|[spread] p1a,p1b\n|-resisted|p1a: Toad|1\n|-damage|p1a: Toad|14/100\n|-damage|p1b: Washed|58/100\n|move|p1a: Toad|Sleep Powder|p2b: Sneasler\n|-status|p2b: Sneasler|slp|[from] move: Sleep Powder\n|move|p1b: Washed|Thunderbolt|p2b: Sneasler\n|-damage|p2b: Sneasler|50/100 slp\n|\n|-weather|RainDance|[upkeep]\n|-heal|p1b: Washed|64/100|[from] item: Leftovers\n|upkeep\n|turn|5\n|\n|t:|1776021963\n|cant|p2b: Sneasler|slp\n|move|p1a: Toad|Protect|p1a: Toad\n|-singleturn|p1a: Toad|Protect\n|move|p1b: Washed|Protect|p1b: Washed\n|-singleturn|p1b: Washed|Protect\n|move|p2a: Meganium|Dazzling Gleam|p1b: Washed|[spread] \n|-activate|p1a: Toad|move: Protect\n|-activate|p1b: Washed|move: Protect\n|\n|-weather|none\n|-heal|p1b: Washed|69/100|[from] item: Leftovers\n|-sideend|p2: Echlics|move: Tailwind\n|upkeep\n|turn|6\n|inactive|Echlics has 30 seconds left.\n|\n|t:|1776021989\n|cant|p2b: Sneasler|slp\n|move|p1a: Toad|Sludge Bomb|p2a: Meganium\n|-supereffective|p2a: Meganium|2\n|-damage|p2a: Meganium|0 fnt\n|faint|p2a: Meganium\n|move|p1b: Washed|Thunderbolt|p2b: Sneasler\n|-damage|p2b: Sneasler|0 fnt\n|faint|p2b: Sneasler\n|\n|-heal|p1b: Washed|75/100|[from] item: Leftovers\n|upkeep\n|-message|Echlics forfeited.\n|\n|win|Ozempic Glorp\n|raw|Ozempic Glorp's rating: 1172 &rarr; <strong>1202</strong><br />(+30 for winning)\n|raw|Echlics's rating: 1248 &rarr; <strong>1218</strong><br />(-30 for losing)\n|l|\u2606Echlics\n|player|p2|\n",
  "uploadtime": 1776022014,
  "views": 22,
  "formatid": "gen9championsvgc2026regma",
  "rating": 1202,
  "private": 0,
  "password": null
}