{
  "id": "gen9championsvgc2026regma-2584262668",
  "format": "[Gen 9 Champions] VGC 2026 Reg M-A",
  "players": [
    "unaii11",
    "TabiVT"
  ],
  "log": "|j|\u2606unaii11\n|j|\u2606TabiVT\n|t:|1776244628\n|gametype|doubles\n|player|p1|unaii11|265|1201\n|player|p2|TabiVT|dawn-gen4pt|1182\n|gen|9\n|tier|[Gen 9 Champions] VGC 2026 Reg M-A\n|rated|\n|rule|Species Clause: Limit one of each Pok\u00e9mon\n|rule|Item Clause: Limit 1 of each item\n|clearpoke\n|poke|p1|Charizard, L50, F|\n|poke|p1|Maushold-Four, L50|\n|poke|p1|Sneasler, L50, F|\n|poke|p1|Dragapult, L50, M|\n|poke|p1|Kingambit, L50, M|\n|poke|p1|Garchomp, L50, F|\n|poke|p2|Dragonite, L50, M|\n|poke|p2|Scizor, L50, M|\n|poke|p2|Gardevoir, L50, M|\n|poke|p2|Oranguru, L50, M|\n|poke|p2|Meowstic, L50, M|\n|poke|p2|Sinistcha, L50|\n|teampreview|4\n|inactive|Battle timer is ON: inactive players will automatically lose when time's up. (requested by TabiVT)\n|inactive|TabiVT has 60 seconds left.\n|\n|t:|1776244672\n|teamsize|p1|4\n|teamsize|p2|4\n|start\n|switch|p1a: Maushold|Maushold-Four, L50, shiny|100/100\n|switch|p1b: Kingambit|Kingambit, L50, M|100/100\n|switch|p2a: Dragonite|Dragonite, L50, M, shiny|100/100\n|switch|p2b: Oranguru|Oranguru, L50, M|100/100\n|turn|1\n|\n|t:|1776244694\n|move|p1b: Kingambit|Protect|p1b: Kingambit\n|-singleturn|p1b: Kingambit|Protect\n|move|p1a: Maushold|Encore||[still]\n|-fail|p1a: Maushold\n|move|p2a: Dragonite|Dragon Dance|p2a: Dragonite\n|-boost|p2a: Dragonite|atk|1\n|-boost|p2a: Dragonite|spe|1\n|move|p2b: Oranguru|Yawn|p1b: Kingambit\n|-activate|p1b: Kingambit|move: Protect\n|\n|upkeep\n|turn|2\n|\n|t:|1776244716\n|move|p1a: Maushold|Super Fang|p2a: Dragonite\n|-damage|p2a: Dragonite|50/100\n|move|p2a: Dragonite|Earthquake|p1a: Maushold|[spread] p1a,p1b\n|-activate|p2b: Oranguru|ability: Telepathy\n|-supereffective|p1b: Kingambit|1\n|-damage|p1a: Maushold|42/100\n|-damage|p1b: Kingambit|47/100\n|move|p1b: Kingambit|Kowtow Cleave|p2b: Oranguru\n|-supereffective|p2b: Oranguru|1\n|-damage|p2b: Oranguru|0 fnt\n|faint|p2b: Oranguru\n|\n|upkeep\n|\n|t:|1776244734\n|switch|p2b: Sinistcha|Sinistcha, L50|100/100\n|-heal|p2a: Dragonite|75/100|[from] ability: Hospitality|[of] p2b: Sinistcha\n|turn|3\n|\n|t:|1776244758\n|move|p1b: Kingambit|Protect|p1b: Kingambit\n|-singleturn|p1b: Kingambit|Protect\n|move|p1a: Maushold|Super Fang|p2a: Dragonite\n|-damage|p2a: Dragonite|38/100\n|move|p2a: Dragonite|Earthquake|p1b: Kingambit|[spread] p2b,p1a\n|-activate|p1b: Kingambit|move: Protect\n|-resisted|p2b: Sinistcha|1\n|-crit|p2b: Sinistcha\n|-damage|p2b: Sinistcha|71/100\n|-damage|p1a: Maushold|0 fnt\n|faint|p1a: Maushold\n|move|p2b: Sinistcha|Life Dew|p2b: Sinistcha|[spread] p2a,p2b\n|-heal|p2a: Dragonite|63/100\n|-heal|p2b: Sinistcha|96/100\n|\n|upkeep\n|\n|t:|1776244780\n|switch|p1a: Sneasler|Sneasler, L50, F, shiny|100/100\n|turn|4\n|\n|t:|1776244790\n|move|p1a: Sneasler|Fake Out|p2a: Dragonite\n|-damage|p2a: Dragonite|49/100\n|move|p2b: Sinistcha|Rage Powder|p2b: Sinistcha\n|-singleturn|p2b: Sinistcha|move: Rage Powder\n|move|p2a: Dragonite|Earthquake|p1b: Kingambit|[spread] p2b,p1a,p1b\n|-resisted|p2b: Sinistcha|1\n|-supereffective|p1a: Sneasler|1\n|-supereffective|p1b: Kingambit|1\n|-damage|p2b: Sinistcha|77/100\n|-enditem|p1a: Sneasler|Focus Sash\n|-damage|p1a: Sneasler|1/100\n|-damage|p1b: Kingambit|0 fnt\n|faint|p1b: Kingambit\n|\n|upkeep\n|\n|t:|1776244803\n|switch|p1b: Charizard|Charizard, L50, F, shiny|100/100\n|turn|5\n|inactive|TabiVT has 30 seconds left.\n|\n|t:|1776244830\n|detailschange|p1b: Charizard|Charizard-Mega-Y, L50, F, shiny\n|-mega|p1b: Charizard|Charizard|Charizardite Y\n|-weather|SunnyDay|[from] ability: Drought|[of] p1b: Charizard\n|move|p2a: Dragonite|Protect|p2a: Dragonite\n|-singleturn|p2a: Dragonite|Protect\n|move|p1a: Sneasler|Dire Claw|p2a: Dragonite\n|-activate|p2a: Dragonite|move: Protect\n|move|p1b: Charizard|Heat Wave|p2a: Dragonite|[spread] \n|-activate|p2a: Dragonite|move: Protect\n|-miss|p1b: Charizard|p2b: Sinistcha\n|move|p2b: Sinistcha|Trick Room|p2b: Sinistcha\n|-fieldstart|move: Trick Room|[of] p2b: Sinistcha\n|\n|-weather|SunnyDay|[upkeep]\n|upkeep\n|turn|6\n|inactive|TabiVT has 30 seconds left.\n|c|\u2606unaii11|xd\n|\n|t:|1776244858\n|move|p2b: Sinistcha|Matcha Gotcha|p1b: Charizard|[spread] p1a,p1b\n|-resisted|p1a: Sneasler|1\n|-resisted|p1b: Charizard|2\n|-damage|p1a: Sneasler|0 fnt\n|-heal|p2b: Sinistcha|77/100|[from] drain|[of] p1a: Sneasler\n|-damage|p1b: Charizard|95/100\n|-heal|p2b: Sinistcha|80/100|[from] drain|[of] p1b: Charizard\n|faint|p1a: Sneasler\n|move|p1b: Charizard|Heat Wave|p2b: Sinistcha|[spread] p2a,p2b\n|-resisted|p2a: Dragonite|1\n|-supereffective|p2b: Sinistcha|1\n|-damage|p2a: Dragonite|21/100\n|-damage|p2b: Sinistcha|0 fnt\n|faint|p2b: Sinistcha\n|move|p2a: Dragonite|Dragon Rush|p1b: Charizard\n|-damage|p1b: Charizard|0 fnt\n|faint|p1b: Charizard\n|\n|win|TabiVT\n|raw|unaii11's rating: 1201 &rarr; <strong>1175</strong><br />(-26 for losing)\n|raw|TabiVT's rating: 1182 &rarr; <strong>1208</strong><br />(+26 for winning)\n|l|\u2606unaii11\n|player|p1|\n",
  "uploadtime": 1776244882,
  "views": 26,
  "formatid": "gen9championsvgc2026regma",
  "rating": 1175,
  "private": 0,
  "password": null
}