{
  "id": "gen9championsvgc2026regma-2586415506",
  "format": "[Gen 9 Champions] VGC 2026 Reg M-A",
  "players": [
    "Ashu VGC",
    "sanic123dx"
  ],
  "log": "|j|\u2606Ashu VGC\n|j|\u2606sanic123dx\n|t:|1776433090\n|gametype|doubles\n|player|p1|Ashu VGC|gentleman-gen4|1243\n|player|p2|sanic123dx|pilot|1231\n|gen|9\n|tier|[Gen 9 Champions] VGC 2026 Reg M-A\n|rated|\n|rule|Species Clause: Limit one of each Pok\u00e9mon\n|rule|Item Clause: Limit 1 of each item\n|clearpoke\n|poke|p1|Meganium, L50, M|\n|poke|p1|Typhlosion-Hisui, L50, F|\n|poke|p1|Feraligatr, L50, M|\n|poke|p1|Aerodactyl, L50, F|\n|poke|p1|Archaludon, L50, F|\n|poke|p1|Gallade, L50, M|\n|poke|p2|Primarina, L50, F|\n|poke|p2|Farigiraf, L50, F|\n|poke|p2|Abomasnow, L50, M|\n|poke|p2|Incineroar, L50, M|\n|poke|p2|Kingambit, L50, M|\n|poke|p2|Armarouge, L50, M|\n|teampreview|4\n|inactive|Battle timer is ON: inactive players will automatically lose when time's up. (requested by sanic123dx)\n|inactive|Ashu VGC has 60 seconds left.\n|\n|t:|1776433143\n|teamsize|p1|4\n|teamsize|p2|4\n|start\n|switch|p1a: Aerodactyl|Aerodactyl, L50, F|100/100\n|switch|p1b: Typhlosion|Typhlosion-Hisui, L50, F|100/100\n|switch|p2a: Farigiraf|Farigiraf, L50, F|100/100\n|switch|p2b: Armarouge|Armarouge, L50, M, shiny|100/100\n|-ability|p1a: Aerodactyl|Unnerve\n|turn|1\n|l|\u2606sanic123dx\n|inactive|sanic123dx disconnected and has a minute to reconnect!\n|player|p2|\n|j|\u2606sanic123dx\n|inactive|sanic123dx reconnected and has 45 seconds left.\n|player|p2|sanic123dx|pilot|\n|\n|t:|1776433166\n|move|p1a: Aerodactyl|Taunt|p2a: Farigiraf\n|-start|p2a: Farigiraf|move: Taunt\n|move|p1b: Typhlosion|Overheat|p2a: Farigiraf|[miss]\n|-miss|p1b: Typhlosion|p2a: Farigiraf\n|move|p2b: Armarouge|Psychic|p1a: Aerodactyl\n|-damage|p1a: Aerodactyl|31/100\n|-unboost|p1a: Aerodactyl|spd|1\n|cant|p2a: Farigiraf|move: Taunt|Trick Room\n|\n|upkeep\n|turn|2\n|\n|t:|1776433186\n|switch|p2a: Primarina|Primarina, L50, F, shiny|100/100\n|move|p1a: Aerodactyl|Tailwind|p1a: Aerodactyl\n|-sidestart|p1: Ashu VGC|move: Tailwind\n|move|p1b: Typhlosion|Overheat|p2a: Primarina|[miss]\n|-miss|p1b: Typhlosion|p2a: Primarina\n|move|p2b: Armarouge|Heat Wave|p1b: Typhlosion|[spread] p1a,p1b\n|-resisted|p1a: Aerodactyl|1\n|-resisted|p1b: Typhlosion|1\n|-damage|p1a: Aerodactyl|0 fnt\n|-damage|p1b: Typhlosion|69/100\n|faint|p1a: Aerodactyl\n|\n|upkeep\n|\n|t:|1776433199\n|switch|p1a: Gallade|Gallade, L50, M|100/100\n|turn|3\n|\n|t:|1776433223\n|switch|p2b: Farigiraf|Farigiraf, L50, F|100/100\n|move|p1b: Typhlosion|Overheat|p2b: Farigiraf\n|-damage|p2b: Farigiraf|32/100\n|-unboost|p1b: Typhlosion|spa|2\n|-enditem|p2b: Farigiraf|Sitrus Berry|[eat]\n|-heal|p2b: Farigiraf|56/100|[from] item: Sitrus Berry\n|move|p1a: Gallade|Leaf Blade|p2a: Primarina\n|-supereffective|p2a: Primarina|1\n|-crit|p2a: Primarina\n|-damage|p2a: Primarina|0 fnt\n|faint|p2a: Primarina\n|\n|upkeep\n|\n|t:|1776433239\n|switch|p2a: Armarouge|Armarouge, L50, M, shiny|100/100\n|turn|4\n|\n|t:|1776433258\n|move|p2a: Armarouge|Ally Switch|p2a: Armarouge\n|swap|p2a: Armarouge|1|[from] move: Ally Switch\n|move|p1b: Typhlosion|Overheat|p2b: Armarouge\n|-start|p2b: Armarouge|ability: Flash Fire\n|move|p1a: Gallade|Sacred Sword|p2b: Armarouge\n|-resisted|p2b: Armarouge|1\n|-damage|p2b: Armarouge|66/100\n|move|p2a: Farigiraf|Trick Room|p2a: Farigiraf\n|-fieldstart|move: Trick Room|[of] p2a: Farigiraf\n|\n|upkeep\n|turn|5\n|\n|t:|1776433283\n|move|p2a: Farigiraf|Psychic|p1b: Typhlosion\n|-damage|p1b: Typhlosion|15/100\n|move|p2b: Armarouge|Heat Wave|p1a: Gallade|[spread] p1a,p1b\n|-resisted|p1b: Typhlosion|1\n|-damage|p1a: Gallade|26/100\n|-damage|p1b: Typhlosion|0 fnt\n|faint|p1b: Typhlosion\n|move|p1a: Gallade|Aqua Cutter|p2a: Farigiraf\n|-damage|p2a: Farigiraf|14/100\n|\n|-sideend|p1: Ashu VGC|move: Tailwind\n|upkeep\n|\n|t:|1776433295\n|switch|p1b: Feraligatr|Feraligatr, L50, M|100/100\n|turn|6\n|\n|t:|1776433314\n|detailschange|p1b: Feraligatr|Feraligatr-Mega, L50, M\n|-mega|p1b: Feraligatr|Feraligatr|Feraligite\n|move|p2a: Farigiraf|Hyper Voice|p1a: Gallade|[spread] p1a,p1b\n|-damage|p1a: Gallade|0 fnt\n|-damage|p1b: Feraligatr|69/100\n|faint|p1a: Gallade\n|move|p2b: Armarouge|Psychic|p1b: Feraligatr\n|-damage|p1b: Feraligatr|18/100\n|move|p1b: Feraligatr|Double-Edge|p2a: Farigiraf\n|-damage|p2a: Farigiraf|0 fnt\n|faint|p2a: Farigiraf\n|-damage|p1b: Feraligatr|12/100|[from] Recoil\n|\n|upkeep\n|\n|t:|1776433324\n|switch|p2a: Abomasnow|Abomasnow, L50, M, shiny|100/100\n|-weather|Snowscape|[from] ability: Snow Warning|[of] p2a: Abomasnow\n|turn|7\n|\n|t:|1776433330\n|detailschange|p2a: Abomasnow|Abomasnow-Mega, L50, M, shiny\n|-mega|p2a: Abomasnow|Abomasnow|Abomasite\n|move|p2a: Abomasnow|Giga Drain|p1b: Feraligatr\n|-damage|p1b: Feraligatr|0 fnt\n|faint|p1b: Feraligatr\n|\n|win|sanic123dx\n|raw|Ashu VGC's rating: 1243 &rarr; <strong>1217</strong><br />(-26 for losing)\n|raw|sanic123dx's rating: 1231 &rarr; <strong>1257</strong><br />(+26 for winning)\n|l|\u2606Ashu VGC\n|player|p1|\n",
  "uploadtime": 1776433341,
  "views": 32,
  "formatid": "gen9championsvgc2026regma",
  "rating": 1217,
  "private": 0,
  "password": null
}