{
  "id": "gen9championsvgc2026regma-2583072829",
  "format": "[Gen 9 Champions] VGC 2026 Reg M-A",
  "players": [
    "vnunesp12",
    "sarneia maldito"
  ],
  "log": "|j|\u2606vnunesp12\n|j|\u2606sarneia maldito\n|t:|1776138968\n|gametype|doubles\n|player|p1|vnunesp12|red|1046\n|player|p2|sarneia maldito|169|1000\n|gen|9\n|tier|[Gen 9 Champions] VGC 2026 Reg M-A\n|rated|\n|rule|Species Clause: Limit one of each Pok\u00e9mon\n|rule|Item Clause: Limit 1 of each item\n|clearpoke\n|poke|p1|Manectric, L50, F|\n|poke|p1|Pelipper, L50, M|\n|poke|p1|Sinistcha, L50|\n|poke|p1|Basculegion, L50, M|\n|poke|p1|Sneasler, L50, M|\n|poke|p1|Kingambit, L50, M|\n|poke|p2|Charizard, L50, M|\n|poke|p2|Garchomp, L50, M|\n|poke|p2|Sneasler, L50, M|\n|poke|p2|Venusaur, L50, M|\n|poke|p2|Incineroar, L50, M|\n|poke|p2|Rotom-Wash, L50|\n|teampreview|4\n|inactive|Battle timer is ON: inactive players will automatically lose when time's up. (requested by vnunesp12)\n|inactive|sarneia maldito has 60 seconds left.\n|\n|t:|1776139008\n|teamsize|p1|4\n|teamsize|p2|4\n|start\n|switch|p1a: Jean Lucas|Basculegion, L50, M|100/100\n|switch|p1b: Pulga|Sneasler, L50, M|100/100\n|switch|p2a: zard\u00e3o|Charizard, L50, M, shiny|100/100\n|switch|p2b: aaaaaaaah|Venusaur, L50, M, shiny|100/100\n|turn|1\n|c|\u2606sarneia maldito|br tb kkkkkk\n|inactive|sarneia maldito has 30 seconds left.\n|inactive|sarneia maldito has 20 seconds left.\n|inactive|sarneia maldito has 15 seconds left.\n|\n|t:|1776139051\n|detailschange|p2a: zard\u00e3o|Charizard-Mega-Y, L50, M, shiny\n|-mega|p2a: zard\u00e3o|Charizard|Charizardite Y\n|-weather|SunnyDay|[from] ability: Drought|[of] p2a: zard\u00e3o\n|move|p1b: Pulga|Fake Out|p2b: aaaaaaaah\n|-damage|p2b: aaaaaaaah|83/100\n|cant|p2b: aaaaaaaah|flinch\n|move|p1a: Jean Lucas|Flip Turn|p2b: aaaaaaaah\n|-resisted|p2b: aaaaaaaah|1\n|-damage|p2b: aaaaaaaah|73/100\n|\n|t:|1776139063\n|switch|p1a: \u00c9verton Ribeiro|Pelipper, L50, M|100/100|[from] Flip Turn\n|-weather|RainDance|[from] ability: Drizzle|[of] p1a: \u00c9verton Ribeiro\n|move|p2a: zard\u00e3o|Heat Wave|p1a: \u00c9verton Ribeiro|[spread] p1a\n|-miss|p2a: zard\u00e3o|p1b: Pulga\n|-resisted|p1a: \u00c9verton Ribeiro|1\n|-damage|p1a: \u00c9verton Ribeiro|86/100\n|\n|-weather|RainDance|[upkeep]\n|upkeep\n|turn|2\n|inactive|vnunesp12 has 30 seconds left.\n|inactive|vnunesp12 has 20 seconds left.\n|\n|t:|1776139099\n|switch|p2a: wash gun|Rotom-Wash, L50, shiny|100/100\n|move|p1b: Pulga|Dire Claw|p2b: aaaaaaaah\n|-damage|p2b: aaaaaaaah|24/100\n|move|p2b: aaaaaaaah|Sleep Powder|p1a: \u00c9verton Ribeiro|[miss]\n|-miss|p2b: aaaaaaaah|p1a: \u00c9verton Ribeiro\n|move|p1a: \u00c9verton Ribeiro|Hurricane|p2b: aaaaaaaah\n|-supereffective|p2b: aaaaaaaah|1\n|-crit|p2b: aaaaaaaah\n|-damage|p2b: aaaaaaaah|0 fnt\n|faint|p2b: aaaaaaaah\n|\n|-weather|RainDance|[upkeep]\n|upkeep\n|\n|t:|1776139113\n|switch|p2b: zard\u00e3o|Charizard-Mega-Y, L50, M, shiny|100/100\n|-weather|SunnyDay|[from] ability: Drought|[of] p2b: zard\u00e3o\n|turn|3\n|inactive|vnunesp12 has 30 seconds left.\n|\n|t:|1776139144\n|move|p2b: zard\u00e3o|Protect|p2b: zard\u00e3o\n|-singleturn|p2b: zard\u00e3o|Protect\n|move|p1b: Pulga|Close Combat|p2a: wash gun\n|-damage|p2a: wash gun|26/100\n|-unboost|p1b: Pulga|def|1\n|-unboost|p1b: Pulga|spd|1\n|-enditem|p1b: Pulga|White Herb\n|-clearnegativeboost|p1b: Pulga|[silent]\n|move|p1a: \u00c9verton Ribeiro|Tailwind|p1a: \u00c9verton Ribeiro\n|-sidestart|p1: vnunesp12|move: Tailwind\n|move|p2a: wash gun|Thunderbolt|p1a: \u00c9verton Ribeiro\n|-supereffective|p1a: \u00c9verton Ribeiro|2\n|-damage|p1a: \u00c9verton Ribeiro|0 fnt\n|faint|p1a: \u00c9verton Ribeiro\n|\n|-weather|SunnyDay|[upkeep]\n|-heal|p2a: wash gun|32/100|[from] item: Leftovers\n|upkeep\n|\n|t:|1776139165\n|switch|p1a: Jean Lucas|Basculegion, L50, M|100/100\n|turn|4\n|\n|t:|1776139182\n|move|p1b: Pulga|Close Combat|p2a: wash gun\n|-damage|p2a: wash gun|0 fnt\n|-unboost|p1b: Pulga|def|1\n|-unboost|p1b: Pulga|spd|1\n|faint|p2a: wash gun\n|move|p1a: Jean Lucas|Wave Crash|p2b: zard\u00e3o\n|-supereffective|p2b: zard\u00e3o|1\n|-damage|p2b: zard\u00e3o|22/100\n|-damage|p1a: Jean Lucas|80/100|[from] Recoil\n|move|p2b: zard\u00e3o|Solar Beam||[still]\n|-prepare|p2b: zard\u00e3o|Solar Beam\n|-anim|p2b: zard\u00e3o|Solar Beam|p1a: Jean Lucas\n|-supereffective|p1a: Jean Lucas|1\n|-damage|p1a: Jean Lucas|0 fnt\n|faint|p1a: Jean Lucas\n|\n|-weather|SunnyDay|[upkeep]\n|upkeep\n|\n|t:|1776139199\n|switch|p1a: Luciano Juba|Manectric, L50, F|100/100\n|switch|p2a: wwe|Incineroar, L50, M, shiny|100/100\n|-ability|p2a: wwe|Intimidate|boost\n|-unboost|p1a: Luciano Juba|atk|1\n|-unboost|p1b: Pulga|atk|1\n|turn|5\n|\n|t:|1776139211\n|detailschange|p1a: Luciano Juba|Manectric-Mega, L50, F\n|-mega|p1a: Luciano Juba|Manectric|Manectite\n|-ability|p1a: Luciano Juba|Intimidate|boost\n|-unboost|p2a: wwe|atk|1\n|-unboost|p2b: zard\u00e3o|atk|1\n|move|p1b: Pulga|Protect|p1b: Pulga\n|-singleturn|p1b: Pulga|Protect\n|move|p1a: Luciano Juba|Protect|p1a: Luciano Juba\n|-singleturn|p1a: Luciano Juba|Protect\n|move|p2a: wwe|Fake Out|p1a: Luciano Juba\n|-activate|p1a: Luciano Juba|move: Protect\n|move|p2b: zard\u00e3o|Heat Wave|p1b: Pulga|[spread] \n|-activate|p1a: Luciano Juba|move: Protect\n|-activate|p1b: Pulga|move: Protect\n|\n|-weather|SunnyDay|[upkeep]\n|upkeep\n|turn|6\n|inactive|vnunesp12 has 30 seconds left.\n|inactive|sarneia maldito has 30 seconds left.\n|\n|t:|1776139240\n|move|p2b: zard\u00e3o|Protect|p2b: zard\u00e3o\n|-singleturn|p2b: zard\u00e3o|Protect\n|move|p1b: Pulga|Close Combat|p2a: wwe\n|-supereffective|p2a: wwe|1\n|-damage|p2a: wwe|8/100\n|-unboost|p1b: Pulga|def|1\n|-unboost|p1b: Pulga|spd|1\n|-enditem|p2a: wwe|Sitrus Berry|[eat]\n|-heal|p2a: wwe|32/100|[from] item: Sitrus Berry\n|move|p1a: Luciano Juba|Volt Switch|p2b: zard\u00e3o\n|-activate|p2b: zard\u00e3o|move: Protect\n|move|p2a: wwe|Flare Blitz|p1b: Pulga\n|-damage|p1b: Pulga|0 fnt\n|faint|p1b: Pulga\n|-damage|p2a: wwe|2/100|[from] Recoil\n|\n|-weather|SunnyDay|[upkeep]\n|-sideend|p1: vnunesp12|move: Tailwind\n|upkeep\n|turn|7\n|inactive|vnunesp12 has 30 seconds left.\n|inactive|sarneia maldito has 30 seconds left.\n|\n|t:|1776139268\n|move|p1a: Luciano Juba|Volt Switch|p2b: zard\u00e3o\n|-supereffective|p2b: zard\u00e3o|1\n|-damage|p2b: zard\u00e3o|0 fnt\n|faint|p2b: zard\u00e3o\n|move|p2a: wwe|Flare Blitz|p1a: Luciano Juba\n|-damage|p1a: Luciano Juba|13/100\n|-damage|p2a: wwe|0 fnt|[from] Recoil\n|faint|p2a: wwe\n|\n|win|vnunesp12\n|raw|vnunesp12's rating: 1046 &rarr; <strong>1075</strong><br />(+29 for winning)\n|raw|sarneia maldito's rating: 1000 &rarr; <strong>1000</strong><br />(+0 for losing)\n|l|\u2606sarneia maldito\n|player|p2|\n",
  "uploadtime": 1776139279,
  "views": 19,
  "formatid": "gen9championsvgc2026regma",
  "rating": 1000,
  "private": 0,
  "password": null
}