{
  "id": "gen9championsvgc2026regma-2581112280",
  "format": "[Gen 9 Champions] VGC 2026 Reg M-A",
  "players": [
    "bossf23",
    "SpiderKash"
  ],
  "log": "|j|\u2606bossf23\n|j|\u2606SpiderKash\n|t:|1775961016\n|gametype|doubles\n|player|p1|bossf23|170|1254\n|player|p2|SpiderKash|2|1357\n|gen|9\n|tier|[Gen 9 Champions] VGC 2026 Reg M-A\n|rated|\n|rule|Species Clause: Limit one of each Pok\u00e9mon\n|rule|Item Clause: Limit 1 of each item\n|clearpoke\n|poke|p1|Gardevoir, L50, F|\n|poke|p1|Incineroar, L50, M|\n|poke|p1|Sinistcha, L50|\n|poke|p1|Aerodactyl, L50, F|\n|poke|p1|Charizard, L50, F|\n|poke|p1|Garchomp, L50, M|\n|poke|p2|Charizard, L50, F|\n|poke|p2|Incineroar, L50, M|\n|poke|p2|Dragapult, L50, M|\n|poke|p2|Sneasler, L50, M|\n|poke|p2|Whimsicott, L50, M|\n|poke|p2|Floette-Eternal, L50, F|\n|teampreview|4\n|inactive|Battle timer is ON: inactive players will automatically lose when time's up. (requested by SpiderKash)\n|\n|t:|1775961042\n|teamsize|p1|4\n|teamsize|p2|4\n|start\n|switch|p1a: Aerodactyl|Aerodactyl, L50, F|100/100\n|switch|p1b: Incineroar|Incineroar, L50, M|100/100\n|switch|p2a: Dragapult|Dragapult, L50, M|100/100\n|switch|p2b: Incineroar|Incineroar, L50, M|100/100\n|-ability|p1a: Aerodactyl|Unnerve\n|-ability|p1b: Incineroar|Intimidate|boost\n|-fail|p2a: Dragapult|unboost|[from] ability: Clear Body|[of] p2a: Dragapult\n|-unboost|p2b: Incineroar|atk|1\n|-ability|p2b: Incineroar|Intimidate|boost\n|-unboost|p1a: Aerodactyl|atk|1\n|-unboost|p1b: Incineroar|atk|1\n|turn|1\n|inactive|bossf23 has 30 seconds left.\n|inactive|bossf23 has 20 seconds left.\n|inactive|bossf23 has 15 seconds left.\n|inactive|bossf23 has 10 seconds left.\n|\n|t:|1775961092\n|move|p2b: Incineroar|Fake Out|p1b: Incineroar\n|-damage|p1b: Incineroar|93/100\n|move|p2a: Dragapult|Dragon Dance|p2a: Dragapult\n|-boost|p2a: Dragapult|atk|1\n|-boost|p2a: Dragapult|spe|1\n|move|p1a: Aerodactyl|Tailwind|p1a: Aerodactyl\n|-sidestart|p1: bossf23|move: Tailwind\n|cant|p1b: Incineroar|flinch\n|\n|upkeep\n|turn|2\n|\n|t:|1775961107\n|move|p2a: Dragapult|Protect|p2a: Dragapult\n|-singleturn|p2a: Dragapult|Protect\n|move|p1a: Aerodactyl|Rock Slide|p2a: Dragapult|[spread] p2b\n|-activate|p2a: Dragapult|move: Protect\n|-supereffective|p2b: Incineroar|1\n|-damage|p2b: Incineroar|67/100\n|move|p1b: Incineroar|Parting Shot|p2a: Dragapult\n|-activate|p2a: Dragapult|move: Protect\n|cant|p2b: Incineroar|flinch\n|\n|upkeep\n|turn|3\n|\n|t:|1775961126\n|move|p1a: Aerodactyl|Rock Slide|p2b: Incineroar|[spread] p2a,p2b\n|-supereffective|p2b: Incineroar|1\n|-damage|p2a: Dragapult|79/100\n|-damage|p2b: Incineroar|34/100\n|move|p2a: Dragapult|Dragon Darts|p1a: Aerodactyl\n|-damage|p1a: Aerodactyl|24/100\n|-anim|p2a: Dragapult|Dragon Darts|p1b: Incineroar\n|-damage|p1b: Incineroar|53/100\n|move|p1b: Incineroar|Parting Shot|p2a: Dragapult\n|-fail|p2a: Dragapult|unboost|[from] ability: Clear Body|[of] p2a: Dragapult\n|cant|p2b: Incineroar|flinch\n|\n|upkeep\n|turn|4\n|inactive|bossf23 has 30 seconds left.\n|\n|t:|1775961158\n|switch|p1a: Sinistcha|Sinistcha, L50|100/100\n|-heal|p1b: Incineroar|78/100|[from] ability: Hospitality|[of] p1a: Sinistcha\n|move|p2a: Dragapult|Protect|p2a: Dragapult\n|-singleturn|p2a: Dragapult|Protect\n|move|p1b: Incineroar|Throat Chop|p2a: Dragapult\n|-activate|p2a: Dragapult|move: Protect\n|move|p2b: Incineroar|Parting Shot|p1b: Incineroar\n|-unboost|p1b: Incineroar|atk|1\n|-unboost|p1b: Incineroar|spa|1\n|\n|t:|1775961171\n|switch|p2b: Floette|Floette-Eternal, L50, F|100/100|[from] Parting Shot\n|\n|-sideend|p1: bossf23|move: Tailwind\n|upkeep\n|turn|5\n|\n|t:|1775961191\n|move|p2b: Floette|Protect|p2b: Floette\n|-singleturn|p2b: Floette|Protect\n|move|p2a: Dragapult|Phantom Force||[still]\n|-prepare|p2a: Dragapult|Phantom Force\n|move|p1b: Incineroar|Parting Shot|p2a: Dragapult|[miss]\n|-miss|p1b: Incineroar|p2a: Dragapult\n|move|p1a: Sinistcha|Matcha Gotcha|p2b: Floette|[spread] \n|-miss|p1a: Sinistcha|p2a: Dragapult\n|-activate|p2b: Floette|move: Protect\n|\n|upkeep\n|turn|6\n|\n|t:|1775961209\n|detailschange|p2b: Floette|Floette-Mega, L50, F\n|-mega|p2b: Floette|Floette|Floettite\n|-ability|p2b: Floette|Fairy Aura\n|move|p2a: Dragapult|Phantom Force|p1a: Sinistcha|[from] lockedmove\n|-supereffective|p1a: Sinistcha|1\n|-damage|p1a: Sinistcha|5/100\n|-enditem|p1a: Sinistcha|Sitrus Berry|[eat]\n|-heal|p1a: Sinistcha|30/100|[from] item: Sitrus Berry\n|move|p2b: Floette|Moonblast|p1b: Incineroar\n|-damage|p1b: Incineroar|8/100\n|-unboost|p1b: Incineroar|spa|1\n|move|p1b: Incineroar|Parting Shot|p2a: Dragapult\n|-fail|p2a: Dragapult|unboost|[from] ability: Clear Body|[of] p2a: Dragapult\n|move|p1a: Sinistcha|Matcha Gotcha|p2a: Dragapult|[spread] p2a,p2b\n|-resisted|p2a: Dragapult|1\n|-damage|p2a: Dragapult|64/100\n|-heal|p1a: Sinistcha|38/100|[from] drain|[of] p2a: Dragapult\n|-damage|p2b: Floette|81/100\n|-heal|p1a: Sinistcha|46/100|[from] drain|[of] p2b: Floette\n|\n|upkeep\n|turn|7\n|inactive|bossf23 has 30 seconds left.\n|\n|t:|1775961235\n|move|p1a: Sinistcha|Protect|p1a: Sinistcha\n|-singleturn|p1a: Sinistcha|Protect\n|move|p2a: Dragapult|Dragon Darts|p1b: Incineroar\n|-damage|p1b: Incineroar|0 fnt\n|faint|p1b: Incineroar\n|move|p2b: Floette|Dazzling Gleam|p1a: Sinistcha\n|-activate|p1a: Sinistcha|move: Protect\n|\n|upkeep\n|\n|t:|1775961241\n|switch|p1b: Charizard|Charizard, L50, F|100/100\n|turn|8\n|inactive|bossf23 has 30 seconds left.\n|\n|t:|1775961267\n|switch|p2b: Incineroar|Incineroar, L50, M|34/100\n|-ability|p2b: Incineroar|Intimidate|boost\n|-unboost|p1a: Sinistcha|atk|1\n|-unboost|p1b: Charizard|atk|1\n|move|p2a: Dragapult|Phantom Force||[still]\n|-prepare|p2a: Dragapult|Phantom Force\n|move|p1b: Charizard|Heat Wave|p2a: Dragapult|[spread] p2b\n|-miss|p1b: Charizard|p2a: Dragapult\n|-resisted|p2b: Incineroar|1\n|-damage|p2b: Incineroar|23/100\n|move|p1a: Sinistcha|Matcha Gotcha|p2a: Dragapult|[spread] p2b\n|-miss|p1a: Sinistcha|p2a: Dragapult\n|-resisted|p2b: Incineroar|1\n|-damage|p2b: Incineroar|13/100\n|-heal|p1a: Sinistcha|52/100|[from] drain|[of] p2b: Incineroar\n|\n|upkeep\n|turn|9\n|\n|t:|1775961283\n|switch|p1a: Aerodactyl|Aerodactyl, L50, F|24/100\n|-ability|p1a: Aerodactyl|Unnerve\n|detailschange|p1b: Charizard|Charizard-Mega-Y, L50, F\n|-mega|p1b: Charizard|Charizard|Charizardite Y\n|-weather|SunnyDay|[from] ability: Drought|[of] p1b: Charizard\n|move|p2b: Incineroar|Fake Out|p1b: Charizard\n|-damage|p1b: Charizard|85/100\n|move|p2a: Dragapult|Phantom Force|p1a: Aerodactyl|[from] lockedmove\n|-damage|p1a: Aerodactyl|0 fnt\n|faint|p1a: Aerodactyl\n|cant|p1b: Charizard|flinch\n|\n|-weather|SunnyDay|[upkeep]\n|upkeep\n|\n|t:|1775961293\n|switch|p1a: Sinistcha|Sinistcha, L50|52/100\n|-heal|p1b: Charizard|100/100|[from] ability: Hospitality|[of] p1a: Sinistcha\n|turn|10\n|\n|t:|1775961303\n|switch|p2b: Whimsicott|Whimsicott, L50, M|100/100\n|move|p1a: Sinistcha|Rage Powder|p1a: Sinistcha\n|-singleturn|p1a: Sinistcha|move: Rage Powder\n|move|p2a: Dragapult|Phantom Force||[still]\n|-prepare|p2a: Dragapult|Phantom Force\n|move|p1b: Charizard|Solar Beam||[still]\n|-prepare|p1b: Charizard|Solar Beam\n|-anim|p1b: Charizard|Solar Beam|p2a: Dragapult|[miss]\n|-miss|p1b: Charizard|p2a: Dragapult\n|\n|-weather|SunnyDay|[upkeep]\n|upkeep\n|turn|11\n|\n|t:|1775961314\n|move|p2b: Whimsicott|Encore|p1b: Charizard\n|-start|p1b: Charizard|Encore\n|move|p2a: Dragapult|Phantom Force|p1a: Sinistcha|[from] lockedmove\n|-supereffective|p1a: Sinistcha|1\n|-damage|p1a: Sinistcha|0 fnt\n|faint|p1a: Sinistcha\n|move|p1b: Charizard|Solar Beam||[still]\n|-prepare|p1b: Charizard|Solar Beam\n|-anim|p1b: Charizard|Solar Beam|p2b: Whimsicott\n|-resisted|p2b: Whimsicott|1\n|-damage|p2b: Whimsicott|61/100\n|\n|-weather|SunnyDay|[upkeep]\n|upkeep\n|turn|12\n|\n|t:|1775961327\n|move|p2a: Dragapult|Dragon Darts|p1b: Charizard\n|-damage|p1b: Charizard|53/100\n|-anim|p2a: Dragapult|Dragon Darts|p1b: Charizard\n|-damage|p1b: Charizard|4/100\n|move|p2b: Whimsicott|Moonblast|p1b: Charizard\n|-resisted|p1b: Charizard|1\n|-damage|p1b: Charizard|0 fnt\n|faint|p1b: Charizard\n|\n|win|SpiderKash\n|raw|bossf23's rating: 1254 &rarr; <strong>1238</strong><br />(-16 for losing)\n|raw|SpiderKash's rating: 1380 &rarr; <strong>1393</strong><br />(+13 for winning)\n|l|\u2606bossf23\n|player|p1|\n|l|\u2606SpiderKash\n|player|p2|\n",
  "uploadtime": 1775961398,
  "views": 26,
  "formatid": "gen9championsvgc2026regma",
  "rating": 1238,
  "private": 0,
  "password": null
}