{
  "id": "gen9championsvgc2026regma-2588606091",
  "format": "[Gen 9 Champions] VGC 2026 Reg M-A",
  "players": [
    "25th_mang",
    "puha8786"
  ],
  "log": "|j|\u260625th_mang\n|j|\u2606puha8786\n|t:|1776649462\n|gametype|doubles\n|player|p1|25th_mang|ballguy|1214\n|player|p2|puha8786|102|1289\n|gen|9\n|tier|[Gen 9 Champions] VGC 2026 Reg M-A\n|rated|\n|rule|Species Clause: Limit one of each Pok\u00e9mon\n|rule|Item Clause: Limit 1 of each item\n|clearpoke\n|poke|p1|Crabominable, L50, F|\n|poke|p1|Farigiraf, L50, M|\n|poke|p1|Incineroar, L50, F|\n|poke|p1|Archaludon, L50, M|\n|poke|p1|Pelipper, L50, M|\n|poke|p1|Sinistcha, L50|\n|poke|p2|Charizard, L50, M|\n|poke|p2|Venusaur, L50, F|\n|poke|p2|Archaludon, L50, F|\n|poke|p2|Milotic, L50, F|\n|poke|p2|Pelipper, L50, M|\n|poke|p2|Tsareena, L50, F|\n|teampreview|4\n|inactive|Battle timer is ON: inactive players will automatically lose when time's up. (requested by 25th_mang)\n|inactive|puha8786 has 60 seconds left.\n|inactive|puha8786 has 30 seconds left.\n|\n|t:|1776649524\n|teamsize|p1|4\n|teamsize|p2|4\n|start\n|switch|p1a: Flip|Farigiraf, L50, M|100/100\n|switch|p1b: Roar|Incineroar, L50, F|100/100\n|switch|p2a: Venusaur|Venusaur, L50, F|100/100\n|switch|p2b: Tsareena|Tsareena, L50, F|100/100\n|-ability|p1b: Roar|Intimidate|boost\n|-unboost|p2a: Venusaur|atk|1\n|-unboost|p2b: Tsareena|atk|1\n|turn|1\n|inactive|25th_mang has 30 seconds left.\n|inactive|puha8786 has 30 seconds left.\n|\n|t:|1776649557\n|detailschange|p2a: Venusaur|Venusaur-Mega, L50, F\n|-mega|p2a: Venusaur|Venusaur|Venusaurite\n|move|p2b: Tsareena|Knock Off|p1a: Flip\n|-supereffective|p1a: Flip|1\n|-damage|p1a: Flip|65/100\n|-enditem|p1a: Flip|Mental Herb|[from] move: Knock Off|[of] p2b: Tsareena\n|move|p2a: Venusaur|Sludge Bomb|p1a: Flip\n|-damage|p1a: Flip|24/100\n|-status|p1a: Flip|psn\n|move|p1b: Roar|Flare Blitz|p2a: Venusaur\n|-supereffective|p2a: Venusaur|1\n|-damage|p2a: Venusaur|50/100\n|-damage|p1b: Roar|85/100|[from] Recoil\n|move|p1a: Flip|Trick Room|p1a: Flip\n|-fieldstart|move: Trick Room|[of] p1a: Flip\n|\n|-damage|p1a: Flip|12/100 psn|[from] psn\n|upkeep\n|turn|2\n|inactive|puha8786 has 30 seconds left.\n|\n|t:|1776649584\n|switch|p2b: Milotic|Milotic, L50, F|100/100\n|move|p2a: Venusaur|Protect|p2a: Venusaur\n|-singleturn|p2a: Venusaur|Protect\n|move|p1a: Flip|Hyper Voice|p2a: Venusaur|[spread] p2b\n|-activate|p2a: Venusaur|move: Protect\n|-damage|p2b: Milotic|84/100\n|move|p1b: Roar|Assurance|p2b: Milotic\n|-damage|p2b: Milotic|29/100\n|-enditem|p2b: Milotic|Sitrus Berry|[eat]\n|-heal|p2b: Milotic|53/100|[from] item: Sitrus Berry\n|\n|-damage|p1a: Flip|0 fnt|[from] psn\n|faint|p1a: Flip\n|upkeep\n|\n|t:|1776649599\n|switch|p1a: Hockey Reference|Crabominable, L50, F|100/100\n|turn|3\n|\n|t:|1776649610\n|switch|p2a: Archaludon|Archaludon, L50, F|100/100\n|detailschange|p1a: Hockey Reference|Crabominable-Mega, L50, F\n|-mega|p1a: Hockey Reference|Crabominable|Crabominite\n|move|p1a: Hockey Reference|Thunder Punch|p2b: Milotic\n|-supereffective|p2b: Milotic|1\n|-damage|p2b: Milotic|0 fnt\n|faint|p2b: Milotic\n|move|p1b: Roar|Flare Blitz|p2a: Archaludon\n|-damage|p2a: Archaludon|61/100\n|-ability|p2a: Archaludon|Stamina|boost\n|-boost|p2a: Archaludon|def|1\n|-damage|p1b: Roar|72/100|[from] Recoil\n|\n|-heal|p2a: Archaludon|67/100|[from] item: Leftovers\n|upkeep\n|\n|t:|1776649633\n|switch|p2b: Venusaur|Venusaur-Mega, L50, F|50/100\n|turn|4\n|\n|t:|1776649651\n|move|p2a: Archaludon|Protect|p2a: Archaludon\n|-singleturn|p2a: Archaludon|Protect\n|move|p2b: Venusaur|Protect|p2b: Venusaur\n|-singleturn|p2b: Venusaur|Protect\n|move|p1a: Hockey Reference|Drain Punch|p2a: Archaludon\n|-activate|p2a: Archaludon|move: Protect\n|move|p1b: Roar|Flare Blitz|p2b: Venusaur\n|-activate|p2b: Venusaur|move: Protect\n|\n|-heal|p2a: Archaludon|74/100|[from] item: Leftovers\n|upkeep\n|turn|5\n|\n|t:|1776649673\n|move|p1a: Hockey Reference|Drain Punch|p2a: Archaludon\n|-supereffective|p2a: Archaludon|1\n|-damage|p2a: Archaludon|18/100\n|-ability|p2a: Archaludon|Stamina|boost\n|-boost|p2a: Archaludon|def|1\n|move|p1b: Roar|Snarl|p2b: Venusaur|[spread] p2a,p2b\n|-damage|p2a: Archaludon|5/100\n|-damage|p2b: Venusaur|39/100\n|-unboost|p2a: Archaludon|spa|1\n|-unboost|p2b: Venusaur|spa|1\n|-ability|p2a: Archaludon|Stamina|boost\n|-boost|p2a: Archaludon|def|1\n|move|p2a: Archaludon|Flash Cannon|p1a: Hockey Reference\n|-supereffective|p1a: Hockey Reference|1\n|-damage|p1a: Hockey Reference|61/100\n|move|p2b: Venusaur|Earth Power|p1b: Roar\n|-supereffective|p1b: Roar|1\n|-damage|p1b: Roar|31/100\n|\n|-heal|p2a: Archaludon|11/100|[from] item: Leftovers\n|-fieldend|move: Trick Room\n|upkeep\n|turn|6\n|inactive|puha8786 has 30 seconds left.\n|inactive|25th_mang has 30 seconds left.\n|\n|t:|1776649707\n|switch|p1b: Stup!b|Pelipper, L50, M|100/100\n|-weather|RainDance|[from] ability: Drizzle|[of] p1b: Stup!b\n|move|p2a: Archaludon|Protect|p2a: Archaludon\n|-singleturn|p2a: Archaludon|Protect\n|move|p2b: Venusaur|Sludge Bomb|p1a: Hockey Reference\n|-damage|p1a: Hockey Reference|36/100\n|move|p1a: Hockey Reference|Ice Hammer|p2b: Venusaur\n|-supereffective|p2b: Venusaur|1\n|-damage|p2b: Venusaur|0 fnt\n|-unboost|p1a: Hockey Reference|spe|1\n|faint|p2b: Venusaur\n|\n|-weather|RainDance|[upkeep]\n|-heal|p2a: Archaludon|17/100|[from] item: Leftovers\n|upkeep\n|\n|t:|1776649724\n|switch|p2b: Tsareena|Tsareena, L50, F|100/100\n|turn|7\n|\n|t:|1776649739\n|switch|p1a: Roar|Incineroar, L50, F|31/100\n|-ability|p1a: Roar|Intimidate|boost\n|-unboost|p2a: Archaludon|atk|1\n|-unboost|p2b: Tsareena|atk|1\n|move|p1b: Stup!b|Protect|p1b: Stup!b\n|-singleturn|p1b: Stup!b|Protect\n|move|p2b: Tsareena|Low Sweep|p1a: Roar\n|-supereffective|p1a: Roar|1\n|-damage|p1a: Roar|2/100\n|-unboost|p1a: Roar|spe|1\n|move|p2a: Archaludon|Electro Shot||[still]\n|-prepare|p2a: Archaludon|Electro Shot\n|-boost|p2a: Archaludon|spa|1\n|-anim|p2a: Archaludon|Electro Shot|p1b: Stup!b\n|-activate|p1b: Stup!b|move: Protect\n|\n|-weather|RainDance|[upkeep]\n|-heal|p2a: Archaludon|23/100|[from] item: Leftovers\n|upkeep\n|turn|8\n|inactive|puha8786 has 30 seconds left.\n|inactive|25th_mang has 30 seconds left.\n|inactive|puha8786 has 20 seconds left.\n|inactive|puha8786 has 15 seconds left.\n|inactive|25th_mang has 20 seconds left.\n|inactive|puha8786 has 10 seconds left.\n|inactive|25th_mang has 15 seconds left.\n|\n|t:|1776649791\n|move|p2a: Archaludon|Protect|p2a: Archaludon\n|-singleturn|p2a: Archaludon|Protect\n|move|p2b: Tsareena|Low Sweep|p1a: Roar\n|-supereffective|p1a: Roar|1\n|-damage|p1a: Roar|0 fnt\n|faint|p1a: Roar\n|move|p1b: Stup!b|Weather Ball|p2a: Archaludon\n|-activate|p2a: Archaludon|move: Protect\n|\n|-weather|RainDance|[upkeep]\n|-heal|p2a: Archaludon|30/100|[from] item: Leftovers\n|upkeep\n|\n|t:|1776649794\n|switch|p1a: Hockey Reference|Crabominable-Mega, L50, F|36/100\n|turn|9\n|\n|t:|1776649815\n|move|p2b: Tsareena|Low Sweep|p1a: Hockey Reference\n|-supereffective|p1a: Hockey Reference|1\n|-damage|p1a: Hockey Reference|13/100\n|-unboost|p1a: Hockey Reference|spe|1\n|move|p2a: Archaludon|Electro Shot||[still]\n|-prepare|p2a: Archaludon|Electro Shot\n|-boost|p2a: Archaludon|spa|1\n|-anim|p2a: Archaludon|Electro Shot|p1b: Stup!b\n|-supereffective|p1b: Stup!b|2\n|-damage|p1b: Stup!b|0 fnt\n|faint|p1b: Stup!b\n|move|p1a: Hockey Reference|Drain Punch|p2a: Archaludon\n|-supereffective|p2a: Archaludon|1\n|-damage|p2a: Archaludon|0 fnt\n|-heal|p1a: Hockey Reference|27/100|[from] drain|[of] p2a: Archaludon\n|faint|p2a: Archaludon\n|\n|-weather|RainDance|[upkeep]\n|upkeep\n|turn|10\n|\n|t:|1776649839\n|move|p2b: Tsareena|Low Sweep|p1a: Hockey Reference\n|-supereffective|p1a: Hockey Reference|1\n|-damage|p1a: Hockey Reference|7/100\n|-unboost|p1a: Hockey Reference|spe|1\n|move|p1a: Hockey Reference|Ice Hammer|p2b: Tsareena\n|-supereffective|p2b: Tsareena|1\n|-damage|p2b: Tsareena|0 fnt\n|-unboost|p1a: Hockey Reference|spe|1\n|faint|p2b: Tsareena\n|\n|win|25th_mang\n|raw|25th_mang's rating: 1214 &rarr; <strong>1244</strong><br />(+30 for winning)\n|raw|puha8786's rating: 1289 &rarr; <strong>1259</strong><br />(-30 for losing)\n|l|\u2606puha8786\n|player|p2|\n|l|\u260625th_mang\n|player|p1|\n|j|\u260625th_mang\n|player|p1|25th_mang|ballguy|\n",
  "uploadtime": 1776649927,
  "views": 19,
  "formatid": "gen9championsvgc2026regma",
  "rating": 1244,
  "private": 0,
  "password": null
}