{
  "id": "gen9championsvgc2026regma-2580319397",
  "format": "[Gen 9 Champions] VGC 2026 Reg M-A",
  "players": [
    "Bvfdhhd",
    "gallowslilcal"
  ],
  "log": "|j|\u2606Bvfdhhd\n|j|\u2606gallowslilcal\n|t:|1775879949\n|gametype|doubles\n|player|p1|Bvfdhhd|170|1000\n|player|p2|gallowslilcal|101|1000\n|gen|9\n|tier|[Gen 9 Champions] VGC 2026 Reg M-A\n|rated|\n|rule|Species Clause: Limit one of each Pok\u00e9mon\n|rule|Item Clause: Limit 1 of each item\n|clearpoke\n|poke|p1|Tyranitar, L50, M|\n|poke|p1|Excadrill, L50, M|\n|poke|p1|Corviknight, L50, F|\n|poke|p1|Clefable, L50, F|\n|poke|p1|Milotic, L50, M|\n|poke|p1|Dragonite, L50, F|\n|poke|p2|Drampa, L50, M|\n|poke|p2|Sinistcha, L50|\n|poke|p2|Torkoal, L50, M|\n|poke|p2|Decidueye-Hisui, L50, F|\n|poke|p2|Kingambit, L50, F|\n|poke|p2|Slowking, L50, F|\n|teampreview|4\n|\n|t:|1775879973\n|teamsize|p1|4\n|teamsize|p2|4\n|start\n|switch|p1a: Excadrill|Excadrill, L50, M|100/100\n|switch|p1b: Tyranitar|Tyranitar, L50, M|100/100\n|switch|p2a: Sinistcha|Sinistcha, L50|100/100\n|switch|p2b: Sable|Decidueye-Hisui, L50, F, shiny|100/100\n|-weather|Sandstorm|[from] ability: Sand Stream|[of] p1b: Tyranitar\n|turn|1\n|\n|t:|1775879992\n|switch|p1b: Corviknight|Corviknight, L50, F|100/100\n|move|p1a: Excadrill|Rock Slide|p2a: Sinistcha|[spread] p2a,p2b\n|-resisted|p2b: Sable|1\n|-damage|p2a: Sinistcha|79/100\n|-damage|p2b: Sable|85/100\n|move|p2b: Sable|Triple Arrows|p1b: Corviknight\n|-crit|p1b: Corviknight\n|-damage|p1b: Corviknight|63/100\n|-ability|p1b: Corviknight|Mirror Armor\n|-unboost|p2b: Sable|def|1\n|move|p2a: Sinistcha|Trick Room|p2a: Sinistcha\n|-fieldstart|move: Trick Room|[of] p2a: Sinistcha\n|\n|-weather|Sandstorm|[upkeep]\n|-damage|p2a: Sinistcha|73/100|[from] Sandstorm\n|-damage|p2b: Sable|79/100|[from] Sandstorm\n|-heal|p1b: Corviknight|69/100|[from] item: Leftovers\n|upkeep\n|turn|2\n|\n|t:|1775880017\n|switch|p2a: Slowking|Slowking, L50, F|100/100\n|move|p2b: Sable|Protect|p2b: Sable\n|-singleturn|p2b: Sable|Protect\n|move|p1a: Excadrill|Protect|p1a: Excadrill\n|-singleturn|p1a: Excadrill|Protect\n|move|p1b: Corviknight|Brave Bird|p2b: Sable\n|-activate|p2b: Sable|move: Protect\n|\n|-weather|Sandstorm|[upkeep]\n|-damage|p2a: Slowking|95/100|[from] Sandstorm\n|-damage|p2b: Sable|73/100|[from] Sandstorm\n|-heal|p2a: Slowking|100/100|[from] item: Leftovers\n|-heal|p1b: Corviknight|75/100|[from] item: Leftovers\n|upkeep\n|turn|3\n|\n|t:|1775880047\n|switch|p2b: Sinistcha|Sinistcha, L50|73/100\n|switch|p1a: Tyranitar|Tyranitar, L50, M|100/100\n|-prepare|p2a: Slowking|Chilly Reception|[premajor]\n|move|p2a: Slowking|Chilly Reception|p2a: Slowking\n|-weather|Snowscape\n|\n|t:|1775880055\n|switch|p2a: Drampa|Drampa, L50, M|100/100|[from] Chilly Reception\n|move|p1b: Corviknight|Brave Bird|p2b: Sinistcha\n|-supereffective|p2b: Sinistcha|1\n|-damage|p2b: Sinistcha|12/100\n|-enditem|p2b: Sinistcha|Sitrus Berry|[eat]\n|-heal|p2b: Sinistcha|37/100|[from] item: Sitrus Berry\n|-damage|p1b: Corviknight|58/100|[from] Recoil\n|\n|-weather|Snowscape|[upkeep]\n|-heal|p1b: Corviknight|63/100|[from] item: Leftovers\n|upkeep\n|turn|4\n|\n|t:|1775880089\n|detailschange|p2a: Drampa|Drampa-Mega, L50, M\n|-mega|p2a: Drampa|Drampa|Drampanite\n|move|p2a: Drampa|Ice Beam|p1b: Corviknight\n|-damage|p1b: Corviknight|26/100\n|move|p1b: Corviknight|Bulk Up|p1b: Corviknight\n|-boost|p1b: Corviknight|atk|1\n|-boost|p1b: Corviknight|def|1\n|move|p2b: Sinistcha|Matcha Gotcha|p1b: Corviknight|[spread] p1a,p1b\n|-supereffective|p1a: Tyranitar|1\n|-crit|p1a: Tyranitar\n|-resisted|p1b: Corviknight|2\n|-damage|p1a: Tyranitar|32/100\n|-heal|p2b: Sinistcha|71/100|[from] drain|[of] p1a: Tyranitar\n|-damage|p1b: Corviknight|20/100\n|-heal|p2b: Sinistcha|75/100|[from] drain|[of] p1b: Corviknight\n|move|p1a: Tyranitar|Fire Punch|p2b: Sinistcha\n|-supereffective|p2b: Sinistcha|1\n|-damage|p2b: Sinistcha|26/100\n|\n|-weather|Snowscape|[upkeep]\n|-heal|p1b: Corviknight|26/100|[from] item: Leftovers\n|upkeep\n|turn|5\n|\n|t:|1775880127\n|switch|p1b: Excadrill|Excadrill, L50, M|100/100\n|detailschange|p1a: Tyranitar|Tyranitar-Mega, L50, M\n|-mega|p1a: Tyranitar|Tyranitar|Tyranitarite\n|-weather|Sandstorm|[from] ability: Sand Stream|[of] p1a: Tyranitar\n|move|p2a: Drampa|Ice Beam|p1b: Excadrill\n|-damage|p1b: Excadrill|47/100\n|move|p2b: Sinistcha|Matcha Gotcha|p1b: Excadrill|[spread] p1a,p1b\n|-supereffective|p1a: Tyranitar|1\n|-damage|p1a: Tyranitar|4/100\n|-heal|p2b: Sinistcha|39/100|[from] drain|[of] p1a: Tyranitar\n|-damage|p1b: Excadrill|13/100\n|-heal|p2b: Sinistcha|57/100|[from] drain|[of] p1b: Excadrill\n|-status|p1b: Excadrill|brn\n|move|p1a: Tyranitar|Fire Punch|p2b: Sinistcha\n|-supereffective|p2b: Sinistcha|1\n|-damage|p2b: Sinistcha|0 fnt\n|faint|p2b: Sinistcha\n|\n|-weather|Sandstorm|[upkeep]\n|-damage|p2a: Drampa|95/100|[from] Sandstorm\n|-damage|p1b: Excadrill|7/100 brn|[from] brn\n|-fieldend|move: Trick Room\n|upkeep\n|\n|t:|1775880150\n|switch|p2b: Slowking|Slowking, L50, F|100/100\n|turn|6\n|\n|t:|1775880166\n|move|p1b: Excadrill|Rock Slide|p2a: Drampa|[spread] p2a,p2b\n|-crit|p2a: Drampa\n|-damage|p2a: Drampa|79/100\n|-damage|p2b: Slowking|92/100\n|move|p1a: Tyranitar|Crunch|p2b: Slowking\n|-supereffective|p2b: Slowking|1\n|-damage|p2b: Slowking|4/100\n|move|p2a: Drampa|Hyper Voice|p1b: Excadrill|[spread] p1a,p1b\n|-resisted|p1a: Tyranitar|1\n|-resisted|p1b: Excadrill|1\n|-damage|p1a: Tyranitar|0 fnt\n|-damage|p1b: Excadrill|0 fnt\n|faint|p1a: Tyranitar\n|faint|p1b: Excadrill\n|move|p2b: Slowking|Trick Room|p2b: Slowking\n|-fieldstart|move: Trick Room|[of] p2b: Slowking\n|\n|-weather|Sandstorm|[upkeep]\n|-damage|p2b: Slowking|0 fnt|[from] Sandstorm\n|-damage|p2a: Drampa|73/100|[from] Sandstorm\n|faint|p2b: Slowking\n|upkeep\n|\n|t:|1775880184\n|switch|p2b: Sable|Decidueye-Hisui, L50, F, shiny|73/100\n|switch|p1a: Corviknight|Corviknight, L50, F|26/100\n|switch|p1b: Dragonite|Dragonite, L50, F|100/100\n|turn|7\n|c|\u2606gallowslilcal|all according to cake\n|\n|t:|1775880205\n|move|p2a: Drampa|Ice Beam|p1b: Dragonite\n|-supereffective|p1b: Dragonite|2\n|-damage|p1b: Dragonite|33/100\n|move|p1a: Corviknight|Body Press|p2a: Drampa\n|-supereffective|p2a: Drampa|1\n|-damage|p2a: Drampa|26/100\n|-ability|p2a: Drampa|Berserk|boost\n|-boost|p2a: Drampa|spa|1\n|move|p1b: Dragonite|Draco Meteor|p2a: Drampa|[miss]\n|-miss|p1b: Dragonite|p2a: Drampa\n|move|p2b: Sable|Triple Arrows|p1a: Corviknight\n|-crit|p1a: Corviknight\n|-damage|p1a: Corviknight|0 fnt\n|faint|p1a: Corviknight\n|\n|-weather|Sandstorm|[upkeep]\n|-damage|p2a: Drampa|20/100|[from] Sandstorm\n|-damage|p1b: Dragonite|27/100|[from] Sandstorm\n|-damage|p2b: Sable|67/100|[from] Sandstorm\n|upkeep\n|turn|8\n|-message|Bvfdhhd forfeited.\n|\n|win|gallowslilcal\n|raw|Bvfdhhd's rating: 1000 &rarr; <strong>1000</strong><br />(+0 for losing)\n|raw|gallowslilcal's rating: 1000 &rarr; <strong>1040</strong><br />(+40 for winning)\n|l|\u2606Bvfdhhd\n|player|p1|\n",
  "uploadtime": 1775880237,
  "views": 18,
  "formatid": "gen9championsvgc2026regma",
  "rating": 1000,
  "private": 0,
  "password": null
}