{
  "id": "gen9championsvgc2026regma-2582267587",
  "format": "[Gen 9 Champions] VGC 2026 Reg M-A",
  "players": [
    "Devious 7777",
    "GKun1999"
  ],
  "log": "|j|\u2606Devious 7777\n|j|\u2606GKun1999\n|html|<table width=\"100%\"><tr><td align=\"left\">Devious 7777</td><td align=\"right\">GKun1999</tr><tr><td align=\"left\"><i class=\"fa fa-circle-o\"></i> <i class=\"fa fa-circle-o\"></i> </td><td align=\"right\"><i class=\"fa fa-circle-o\"></i> <i class=\"fa fa-circle\"></i> </tr></table>\n|uhtml|bestof|<h2><strong>Game 2</strong> of <a href=\"/game-bestof3-gen9championsvgc2026regma-2582265006\">a best-of-3</a></h2>\n|t:|1776077987\n|gametype|doubles\n|player|p1|Devious 7777|ingo|\n|player|p2|GKun1999|ghetsis-gen5bw|\n|gen|9\n|tier|[Gen 9 Champions] VGC 2026 Reg M-A\n|rated|Tournament battle\n|rule|Species Clause: Limit one of each Pok\u00e9mon\n|rule|Item Clause: Limit 1 of each item\n|raw|<div class=\"infobox\"><details class=\"readmore\" open><summary><strong>2 custom rules:</strong></summary> Force Open Team Sheets, Best of = 3</details></div>\n|clearpoke\n|poke|p1|Scizor, L50, F|\n|poke|p1|Pelipper, L50, M|\n|poke|p1|Raichu, L50, M|\n|poke|p1|Basculegion, L50, M|\n|poke|p1|Starmie, L50|\n|poke|p1|Archaludon, L50, M|\n|poke|p2|Farigiraf, L50, F|\n|poke|p2|Incineroar, L50, M|\n|poke|p2|Cofagrigus, L50, F|\n|poke|p2|Conkeldurr, L50, M|\n|poke|p2|Torkoal, L50, M|\n|poke|p2|Venusaur, L50, F|\n|teampreview|4\n|showteam|p1|Scizor||Scizorite|Technician|Roost,Uturn,BulletPunch,SwordsDance|||F|||50|]Pelipper||FocusSash|Drizzle|Hurricane,WeatherBall,WideGuard,Tailwind|||M|||50|]Raichu||SitrusBerry|LightningRod|Encore,FakeOut,Thunder,RainDance|||M|||50|]Basculegion||ChoiceScarf|SwiftSwim|FlipTurn,LastRespects,AquaJet,WaveCrash|||M|||50|]Starmie||Starminite|NaturalCure|AquaJet,Liquidation,IceSpinner,Protect||||||50|]Archaludon||WhiteHerb|Stamina|DracoMeteor,ElectroShot,FlashCannon,Protect|||M|||50|\n|showteam|p2|Farigiraf||SitrusBerry|ArmorTail|TrickRoom,HelpingHand,HyperVoice,Protect|||F|||50|]Incineroar||PasshoBerry|Intimidate|PartingShot,FakeOut,FlareBlitz,Taunt|||M|||50|]Cofagrigus||Leftovers|Mummy|TrickRoom,WillOWisp,Disable,ShadowBall|||F|||50|]Conkeldurr||BlackBelt|IronFist|WideGuard,HammerArm,KnockOff,ThunderPunch|||M|||50|]Torkoal||Charcoal|Drought|Eruption,Protect,HeatWave,EarthPower|||M|||50|]Venusaur||Venusaurite|Chlorophyll|SleepPowder,EnergyBall,Protect,SludgeBomb|||F|||50|\n|j| TheNewBrends11@!\n|inactive|Battle timer is ON: inactive players will automatically lose when time's up. (requested by GKun1999)\nGKun1999 has agreed to open team sheets.\nDevious 7777 has agreed to open team sheets.\n|showteam|p1|Scizor||Scizorite|Technician|Roost,Uturn,BulletPunch,SwordsDance|||F|||50|]Pelipper||FocusSash|Drizzle|Hurricane,WeatherBall,WideGuard,Tailwind|||M|||50|]Raichu||SitrusBerry|LightningRod|Encore,FakeOut,Thunder,RainDance|||M|||50|]Basculegion||ChoiceScarf|SwiftSwim|FlipTurn,LastRespects,AquaJet,WaveCrash|||M|||50|]Starmie||Starminite|NaturalCure|AquaJet,Liquidation,IceSpinner,Protect||||||50|]Archaludon||WhiteHerb|Stamina|DracoMeteor,ElectroShot,FlashCannon,Protect|||M|||50|\n|showteam|p2|Farigiraf||SitrusBerry|ArmorTail|TrickRoom,HelpingHand,HyperVoice,Protect|||F|||50|]Incineroar||PasshoBerry|Intimidate|PartingShot,FakeOut,FlareBlitz,Taunt|||M|||50|]Cofagrigus||Leftovers|Mummy|TrickRoom,WillOWisp,Disable,ShadowBall|||F|||50|]Conkeldurr||BlackBelt|IronFist|WideGuard,HammerArm,KnockOff,ThunderPunch|||M|||50|]Torkoal||Charcoal|Drought|Eruption,Protect,HeatWave,EarthPower|||M|||50|]Venusaur||Venusaurite|Chlorophyll|SleepPowder,EnergyBall,Protect,SludgeBomb|||F|||50|\n|inactive|Devious 7777 has 60 seconds left.\n|\n|t:|1776078030\n|teamsize|p1|4\n|teamsize|p2|4\n|start\n|switch|p1a: Pelipper|Pelipper, L50, M|100/100\n|switch|p1b: Starmie|Starmie, L50|100/100\n|switch|p2a: Cofagrigus|Cofagrigus, L50, F|100/100\n|switch|p2b: Venusaur|Venusaur, L50, F|100/100\n|-weather|RainDance|[from] ability: Drizzle|[of] p1a: Pelipper\n|turn|1\n|inactive|Devious 7777 has 30 seconds left.\n|inactive|GKun1999 has 30 seconds left.\n|inactive|GKun1999 has 20 seconds left.\n|\n|t:|1776078067\n|detailschange|p1b: Starmie|Starmie-Mega, L50\n|-mega|p1b: Starmie|Starmie|Starminite\n|move|p2b: Venusaur|Protect|p2b: Venusaur\n|-singleturn|p2b: Venusaur|Protect\n|move|p1b: Starmie|Liquidation|p2a: Cofagrigus\n|-damage|p2a: Cofagrigus|22/100\n|-activate|p2a: Cofagrigus|ability: Mummy|p1b: Starmie|[ability] Huge Power\n|move|p1a: Pelipper|Weather Ball|p2a: Cofagrigus\n|-damage|p2a: Cofagrigus|0 fnt\n|faint|p2a: Cofagrigus\n|\n|-weather|RainDance|[upkeep]\n|upkeep\n|\n|t:|1776078078\n|switch|p2a: Torkoal|Torkoal, L50, M|100/100\n|-weather|SunnyDay|[from] ability: Drought|[of] p2a: Torkoal\n|turn|2\n|inactive|Devious 7777 has 30 seconds left.\n|inactive|Devious 7777 has 20 seconds left.\n|\n|t:|1776078114\n|switch|p1b: Archaludon|Archaludon, L50, M|100/100\n|switch|p2a: Farigiraf|Farigiraf, L50, F|100/100\n|move|p1a: Pelipper|Wide Guard|p1a: Pelipper\n|-singleturn|p1a: Pelipper|Wide Guard\n|move|p2b: Venusaur|Sleep Powder|p1a: Pelipper\n|-status|p1a: Pelipper|slp|[from] move: Sleep Powder\n|\n|-weather|SunnyDay|[upkeep]\n|upkeep\n|turn|3\n|inactive|Devious 7777 has 30 seconds left.\n|\n|t:|1776078146\n|switch|p1a: Raichu|Raichu, L50, M|100/100\n|move|p2b: Venusaur|Sleep Powder|p1b: Archaludon\n|-status|p1b: Archaludon|slp|[from] move: Sleep Powder\n|cant|p1b: Archaludon|slp\n|move|p2a: Farigiraf|Trick Room|p2a: Farigiraf\n|-fieldstart|move: Trick Room|[of] p2a: Farigiraf\n|\n|-weather|SunnyDay|[upkeep]\n|upkeep\n|turn|4\n|\n|t:|1776078175\n|move|p2a: Farigiraf|Hyper Voice|p1a: Raichu|[spread] p1a,p1b\n|-resisted|p1b: Archaludon|1\n|-damage|p1a: Raichu|64/100\n|-damage|p1b: Archaludon|86/100 slp\n|-ability|p1b: Archaludon|Stamina|boost\n|-boost|p1b: Archaludon|def|1\n|-curestatus|p1b: Archaludon|slp|[msg]\n|move|p1b: Archaludon|Electro Shot||[still]\n|-prepare|p1b: Archaludon|Electro Shot\n|-boost|p1b: Archaludon|spa|1\n|move|p1a: Raichu|Rain Dance|p1a: Raichu\n|-weather|RainDance\n|move|p2b: Venusaur|Energy Ball|p1a: Raichu\n|-damage|p1a: Raichu|0 fnt\n|faint|p1a: Raichu\n|\n|-weather|RainDance|[upkeep]\n|upkeep\n|\n|t:|1776078184\n|switch|p1a: Starmie|Starmie-Mega, L50|100/100\n|turn|5\n|j| Sun and Moon Rock\n|inactive|GKun1999 has 30 seconds left.\n|\n|t:|1776078211\n|move|p2a: Farigiraf|Protect|p2a: Farigiraf\n|-singleturn|p2a: Farigiraf|Protect\n|move|p1a: Starmie|Protect|p1a: Starmie\n|-singleturn|p1a: Starmie|Protect\n|move|p1b: Archaludon|Electro Shot|p2a: Farigiraf|[from] lockedmove\n|-activate|p2a: Farigiraf|move: Protect\n|move|p2b: Venusaur|Sleep Powder|p1a: Starmie\n|-activate|p1a: Starmie|move: Protect\n|\n|-weather|RainDance|[upkeep]\n|upkeep\n|turn|6\n|\n|t:|1776078234\n|switch|p1a: Pelipper|Pelipper, L50, M|100/100 slp\n|move|p2a: Farigiraf|Helping Hand|p2b: Venusaur\n|-singleturn|p2b: Venusaur|Helping Hand|[of] p2a: Farigiraf\n|move|p1b: Archaludon|Protect|p1b: Archaludon\n|-singleturn|p1b: Archaludon|Protect\n|move|p2b: Venusaur|Energy Ball|p1a: Pelipper\n|-damage|p1a: Pelipper|28/100 slp\n|-unboost|p1a: Pelipper|spd|1\n|\n|-weather|RainDance|[upkeep]\n|upkeep\n|turn|7\n|inactive|Devious 7777 has 30 seconds left.\n|inactive|GKun1999 has 30 seconds left.\n|\n|t:|1776078269\n|move|p2a: Farigiraf|Protect|p2a: Farigiraf\n|-singleturn|p2a: Farigiraf|Protect\n|cant|p1a: Pelipper|slp\n|move|p1b: Archaludon|Electro Shot||[still]\n|-prepare|p1b: Archaludon|Electro Shot\n|-boost|p1b: Archaludon|spa|1\n|-anim|p1b: Archaludon|Electro Shot|p2a: Farigiraf\n|-activate|p2a: Farigiraf|move: Protect\n|move|p2b: Venusaur|Sleep Powder|p1b: Archaludon\n|-status|p1b: Archaludon|slp|[from] move: Sleep Powder\n|\n|-weather|RainDance|[upkeep]\n|-fieldend|move: Trick Room\n|upkeep\n|turn|8\n|\n|t:|1776078283\n|switch|p2a: Torkoal|Torkoal, L50, M|100/100\n|-weather|SunnyDay|[from] ability: Drought|[of] p2a: Torkoal\n|move|p2b: Venusaur|Energy Ball|p1a: Pelipper\n|-damage|p1a: Pelipper|0 fnt\n|faint|p1a: Pelipper\n|cant|p1b: Archaludon|slp\n|\n|-weather|SunnyDay|[upkeep]\n|upkeep\n|\n|t:|1776078289\n|switch|p1a: Starmie|Starmie-Mega, L50|100/100\n|turn|9\n|inactive|Devious 7777 has 30 seconds left.\n|\n|t:|1776078316\n|detailschange|p2b: Venusaur|Venusaur-Mega, L50, F\n|-mega|p2b: Venusaur|Venusaur|Venusaurite\n|move|p1a: Starmie|Protect|p1a: Starmie\n|-singleturn|p1a: Starmie|Protect\n|move|p2b: Venusaur|Energy Ball|p1a: Starmie\n|-activate|p1a: Starmie|move: Protect\n|-curestatus|p1b: Archaludon|slp|[msg]\n|move|p1b: Archaludon|Draco Meteor|p2a: Torkoal\n|-damage|p2a: Torkoal|0 fnt\n|-unboost|p1b: Archaludon|spa|2\n|faint|p2a: Torkoal\n|\n|-weather|SunnyDay|[upkeep]\n|upkeep\n|\n|t:|1776078328\n|switch|p2a: Farigiraf|Farigiraf, L50, F|100/100\n|turn|10\n|j| minionbanana57\n|inactive|Devious 7777 has 30 seconds left.\n|\n|t:|1776078359\n|move|p2a: Farigiraf|Helping Hand|p2b: Venusaur\n|-singleturn|p2b: Venusaur|Helping Hand|[of] p2a: Farigiraf\n|move|p1a: Starmie|Ice Spinner|p2b: Venusaur\n|-supereffective|p2b: Venusaur|1\n|-damage|p2b: Venusaur|65/100\n|move|p2b: Venusaur|Energy Ball|p1a: Starmie\n|-supereffective|p1a: Starmie|1\n|-damage|p1a: Starmie|0 fnt\n|faint|p1a: Starmie\n|move|p1b: Archaludon|Draco Meteor|p2b: Venusaur\n|-damage|p2b: Venusaur|7/100\n|-unboost|p1b: Archaludon|spa|2\n|-enditem|p1b: Archaludon|White Herb\n|-clearnegativeboost|p1b: Archaludon|[silent]\n|\n|-weather|SunnyDay|[upkeep]\n|upkeep\n|turn|11\n|\n|t:|1776078382\n|move|p2b: Venusaur|Sleep Powder|p1b: Archaludon|[miss]\n|-miss|p2b: Venusaur|p1b: Archaludon\n|move|p1b: Archaludon|Flash Cannon|p2b: Venusaur\n|-damage|p2b: Venusaur|0 fnt\n|faint|p2b: Venusaur\n|move|p2a: Farigiraf|Hyper Voice|p1b: Archaludon\n|-resisted|p1b: Archaludon|1\n|-damage|p1b: Archaludon|68/100\n|-ability|p1b: Archaludon|Stamina|boost\n|-boost|p1b: Archaludon|def|1\n|\n|-weather|SunnyDay|[upkeep]\n|upkeep\n|turn|12\n|\n|t:|1776078394\n|move|p1b: Archaludon|Flash Cannon|p2a: Farigiraf\n|-damage|p2a: Farigiraf|66/100\n|move|p2a: Farigiraf|Hyper Voice|p1b: Archaludon\n|-resisted|p1b: Archaludon|1\n|-damage|p1b: Archaludon|50/100\n|-ability|p1b: Archaludon|Stamina|boost\n|-boost|p1b: Archaludon|def|1\n|\n|-weather|none\n|upkeep\n|turn|13\n|\n|t:|1776078401\n|move|p1b: Archaludon|Flash Cannon|p2a: Farigiraf\n|-damage|p2a: Farigiraf|29/100\n|-enditem|p2a: Farigiraf|Sitrus Berry|[eat]\n|-heal|p2a: Farigiraf|53/100|[from] item: Sitrus Berry\n|move|p2a: Farigiraf|Hyper Voice|p1b: Archaludon\n|-resisted|p1b: Archaludon|1\n|-damage|p1b: Archaludon|30/100\n|-ability|p1b: Archaludon|Stamina|boost\n|-boost|p1b: Archaludon|def|1\n|\n|upkeep\n|turn|14\n|\n|t:|1776078409\n|move|p1b: Archaludon|Flash Cannon|p2a: Farigiraf\n|-damage|p2a: Farigiraf|14/100\n|move|p2a: Farigiraf|Hyper Voice|p1b: Archaludon\n|-resisted|p1b: Archaludon|1\n|-damage|p1b: Archaludon|12/100\n|-ability|p1b: Archaludon|Stamina|boost\n|-boost|p1b: Archaludon|def|1\n|\n|upkeep\n|turn|15\n|\n|t:|1776078417\n|move|p1b: Archaludon|Flash Cannon|p2a: Farigiraf\n|-damage|p2a: Farigiraf|0 fnt\n|faint|p2a: Farigiraf\n|\n|win|Devious 7777\n||Devious 7777 is ready for game 3.\n||GKun1999 is ready for game 3.\n|uhtml|next|Next: <a href=\"/battle-gen9championsvgc2026regma-2582271678\"><strong>Game 3 of 3</strong></a>\n|l|\u2606Devious 7777\n|player|p1|\n|l|\u2606GKun1999\n|player|p2|\n|l| Sun and Moon Rock\n|l| minionbanana57\n",
  "uploadtime": 1776079358,
  "views": 8,
  "formatid": "gen9championsvgc2026regma",
  "rating": null,
  "private": 0,
  "password": null
}