{
  "id": "gen9championsvgc2026regma-2582178868",
  "format": "[Gen 9 Champions] VGC 2026 Reg M-A",
  "players": [
    "Mast0don",
    "Niko highway"
  ],
  "log": "|j|\u2606Mast0don\n|j|\u2606Niko highway\n|t:|1776067967\n|gametype|doubles\n|player|p1|Mast0don|drayden|1283\n|player|p2|Niko highway|266|1319\n|gen|9\n|tier|[Gen 9 Champions] VGC 2026 Reg M-A\n|rated|\n|rule|Species Clause: Limit one of each Pok\u00e9mon\n|rule|Item Clause: Limit 1 of each item\n|clearpoke\n|poke|p1|Dragonite, L50, M|\n|poke|p1|Kingambit, L50, F|\n|poke|p1|Basculegion, L50, M|\n|poke|p1|Sneasler, L50, M|\n|poke|p1|Clefable, L50, F|\n|poke|p1|Delphox, L50, F|\n|poke|p2|Incineroar, L50, M|\n|poke|p2|Conkeldurr, L50, M|\n|poke|p2|Sinistcha, L50|\n|poke|p2|Cofagrigus, L50, M|\n|poke|p2|Drampa, L50, F|\n|poke|p2|Aggron, L50, M|\n|teampreview|4\n|inactive|Battle timer is ON: inactive players will automatically lose when time's up. (requested by Mast0don)\n|inactive|Mast0don has 60 seconds left.\n|inactive|Niko highway has 60 seconds left.\n|\n|t:|1776068010\n|teamsize|p1|4\n|teamsize|p2|4\n|start\n|switch|p1a: Sneasler|Sneasler, L50, M|100/100\n|switch|p1b: Delphox|Delphox, L50, F|100/100\n|switch|p2a: Conkeldurr|Conkeldurr, L50, M|100/100\n|switch|p2b: Cofagrigus|Cofagrigus, L50, M|100/100\n|turn|1\n|\n|t:|1776068027\n|switch|p2a: Sinistcha|Sinistcha, L50|100/100\n|detailschange|p1b: Delphox|Delphox-Mega, L50, F\n|-mega|p1b: Delphox|Delphox|Delphoxite\n|move|p1a: Sneasler|Fake Out|p2a: Sinistcha\n|-immune|p2a: Sinistcha\n|move|p1b: Delphox|Substitute|p1b: Delphox\n|-start|p1b: Delphox|Substitute\n|-damage|p1b: Delphox|75/100\n|move|p2b: Cofagrigus|Trick Room|p2b: Cofagrigus\n|-fieldstart|move: Trick Room|[of] p2b: Cofagrigus\n|\n|upkeep\n|turn|2\n|\n|t:|1776068047\n|move|p2b: Cofagrigus|Shadow Ball|p1b: Delphox\n|-supereffective|p1b: Delphox|1\n|-end|p1b: Delphox|Substitute\n|move|p2a: Sinistcha|Shadow Ball|p1b: Delphox\n|-supereffective|p1b: Delphox|1\n|-damage|p1b: Delphox|0 fnt\n|faint|p1b: Delphox\n|move|p1a: Sneasler|Dire Claw|p2b: Cofagrigus\n|-resisted|p2b: Cofagrigus|1\n|-damage|p2b: Cofagrigus|85/100\n|-activate|p2b: Cofagrigus|ability: Mummy|p1a: Sneasler|[ability] Unburden\n|\n|-heal|p2b: Cofagrigus|92/100|[from] item: Leftovers\n|upkeep\n|\n|t:|1776068067\n|switch|p1b: Kingambit|Kingambit, L50, F|100/100\n|turn|3\n|\n|t:|1776068080\n|move|p2b: Cofagrigus|Will-O-Wisp|p1b: Kingambit\n|-status|p1b: Kingambit|brn\n|move|p1b: Kingambit|Swords Dance|p1b: Kingambit\n|-boost|p1b: Kingambit|atk|2\n|move|p2a: Sinistcha|Shadow Ball|p1a: Sneasler\n|-damage|p1a: Sneasler|44/100\n|move|p1a: Sneasler|Dire Claw|p2a: Sinistcha\n|-damage|p2a: Sinistcha|62/100\n|\n|-heal|p2b: Cofagrigus|98/100|[from] item: Leftovers\n|-damage|p1b: Kingambit|95/100 brn|[from] brn\n|upkeep\n|turn|4\n|\n|t:|1776068101\n|move|p2b: Cofagrigus|Body Press|p1b: Kingambit\n|-supereffective|p1b: Kingambit|2\n|-enditem|p1b: Kingambit|Chople Berry|[eat]\n|-enditem|p1b: Kingambit|Chople Berry|[weaken]\n|-damage|p1b: Kingambit|49/100 brn\n|move|p1b: Kingambit|Kowtow Cleave|p2b: Cofagrigus\n|-supereffective|p2b: Cofagrigus|1\n|-damage|p2b: Cofagrigus|39/100\n|-activate|p2b: Cofagrigus|ability: Mummy|p1b: Kingambit|[ability] Defiant\n|move|p2a: Sinistcha|Shadow Ball|p1a: Sneasler\n|-crit|p1a: Sneasler\n|-damage|p1a: Sneasler|0 fnt\n|faint|p1a: Sneasler\n|\n|-heal|p2b: Cofagrigus|45/100|[from] item: Leftovers\n|-damage|p1b: Kingambit|43/100 brn|[from] brn\n|upkeep\n|\n|t:|1776068113\n|switch|p1a: Basculegion|Basculegion, L50, M|100/100\n|turn|5\n|inactive|Niko highway has 30 seconds left.\n|\n|t:|1776068139\n|move|p1b: Kingambit|Sucker Punch|p2b: Cofagrigus\n|-supereffective|p2b: Cofagrigus|1\n|-damage|p2b: Cofagrigus|0 fnt\n|faint|p2b: Cofagrigus\n|move|p2a: Sinistcha|Shadow Ball|p1a: Basculegion\n|-supereffective|p1a: Basculegion|1\n|-damage|p1a: Basculegion|0 fnt\n|faint|p1a: Basculegion\n|\n|-damage|p1b: Kingambit|37/100 brn|[from] brn\n|-fieldend|move: Trick Room\n|upkeep\n|\n|t:|1776068143\n|switch|p2b: Aggron|Aggron, L50, M|100/100\n|turn|6\n|-message|Mast0don forfeited.\n|\n|win|Niko highway\n|raw|Mast0don's rating: 1283 &rarr; <strong>1261</strong><br />(-22 for losing)\n|raw|Niko highway's rating: 1319 &rarr; <strong>1337</strong><br />(+18 for winning)\n|l|\u2606Mast0don\n|player|p1|\n",
  "uploadtime": 1776068156,
  "views": 56,
  "formatid": "gen9championsvgc2026regma",
  "rating": 1261,
  "private": 0,
  "password": null
}