{
  "id": "gen9championsvgc2026regma-2589496208",
  "format": "[Gen 9 Champions] VGC 2026 Reg M-A",
  "players": [
    "DLotR",
    "Samurott500"
  ],
  "log": "|j|\u2606DLotR\n|j|\u2606Samurott500\n|t:|1776728239\n|gametype|doubles\n|player|p1|DLotR|hilbert|1141\n|player|p2|Samurott500|will|1181\n|gen|9\n|tier|[Gen 9 Champions] VGC 2026 Reg M-A\n|rated|\n|rule|Species Clause: Limit one of each Pok\u00e9mon\n|rule|Item Clause: Limit 1 of each item\n|clearpoke\n|poke|p1|Venusaur, L50, M|\n|poke|p1|Ninetales-Alola, L50, F|\n|poke|p1|Talonflame, L50, F|\n|poke|p1|Milotic, L50, M|\n|poke|p1|Kingambit, L50, F|\n|poke|p1|Garchomp, L50, F|\n|poke|p2|Incineroar, L50, M|\n|poke|p2|Aegislash, L50, M|\n|poke|p2|Froslass, L50, F|\n|poke|p2|Hydreigon, L50, F|\n|poke|p2|Clefable, L50, F|\n|poke|p2|Palafin, L50, F|\n|teampreview|4\n|\n|t:|1776728262\n|teamsize|p1|4\n|teamsize|p2|4\n|start\n|switch|p1a: Kingambit|Kingambit, L50, F|100/100\n|switch|p1b: Venusaur|Venusaur, L50, M|100/100\n|switch|p2a: Hydreigon|Hydreigon, L50, F|100/100\n|switch|p2b: Palafin|Palafin, L50, F|100/100\n|turn|1\n|\n|t:|1776728281\n|switch|p1a: Ninetales|Ninetales-Alola, L50, F|100/100\n|-weather|Snowscape|[from] ability: Snow Warning|[of] p1a: Ninetales\n|detailschange|p1b: Venusaur|Venusaur-Mega, L50, M\n|-mega|p1b: Venusaur|Venusaur|Venusaurite\n|move|p2b: Palafin|Flip Turn|p1a: Ninetales\n|-damage|p1a: Ninetales|78/100\n|\n|t:|1776728284\n|detailschange|p2b: Palafin|Palafin-Hero, L50, F\n|switch|p2b: Incineroar|Incineroar, L50, M|100/100|[from] Flip Turn\n|-ability|p2b: Incineroar|Intimidate|boost\n|-unboost|p1a: Ninetales|atk|1\n|-unboost|p1b: Venusaur|atk|1\n|move|p2a: Hydreigon|Earth Power|p1a: Ninetales\n|-damage|p1a: Ninetales|38/100\n|-unboost|p1a: Ninetales|spd|1\n|move|p1b: Venusaur|Giga Drain|p2b: Incineroar\n|-resisted|p2b: Incineroar|1\n|-damage|p2b: Incineroar|82/100\n|\n|-weather|Snowscape|[upkeep]\n|upkeep\n|turn|2\n|\n|t:|1776728313\n|switch|p1a: Milotic|Milotic, L50, M|100/100\n|move|p1b: Venusaur|Protect|p1b: Venusaur\n|-singleturn|p1b: Venusaur|Protect\n|move|p2b: Incineroar|Fake Out|p1a: Milotic\n|-damage|p1a: Milotic|88/100\n|move|p2a: Hydreigon|Tailwind|p2a: Hydreigon\n|-sidestart|p2: Samurott500|move: Tailwind\n|\n|-weather|Snowscape|[upkeep]\n|-heal|p1a: Milotic|94/100|[from] item: Leftovers\n|upkeep\n|turn|3\n|\n|t:|1776728335\n|move|p2a: Hydreigon|Dark Pulse|p1b: Venusaur\n|-damage|p1b: Venusaur|69/100\n|move|p2b: Incineroar|Parting Shot|p1b: Venusaur\n|-unboost|p1b: Venusaur|atk|1\n|-unboost|p1b: Venusaur|spa|1\n|\n|t:|1776728340\n|switch|p2b: Palafin|Palafin-Hero, L50, F|100/100|[from] Parting Shot\n|-activate|p2b: Palafin|ability: Zero to Hero\n|move|p1b: Venusaur|Earth Power|p2b: Palafin\n|-damage|p2b: Palafin|76/100\n|move|p1a: Milotic|Ice Beam|p2a: Hydreigon\n|-supereffective|p2a: Hydreigon|1\n|-damage|p2a: Hydreigon|40/100\n|\n|-weather|Snowscape|[upkeep]\n|-heal|p1a: Milotic|99/100|[from] item: Leftovers\n|upkeep\n|turn|4\n|\n|t:|1776728365\n|move|p2b: Palafin|Wave Crash|p1b: Venusaur\n|-resisted|p1b: Venusaur|1\n|-damage|p1b: Venusaur|39/100\n|-damage|p2b: Palafin|65/100|[from] Recoil\n|move|p2a: Hydreigon|Draco Meteor|p1b: Venusaur\n|-damage|p1b: Venusaur|0 fnt\n|-unboost|p2a: Hydreigon|spa|2\n|faint|p1b: Venusaur\n|move|p1a: Milotic|Draining Kiss|p2a: Hydreigon\n|-supereffective|p2a: Hydreigon|2\n|-damage|p2a: Hydreigon|0 fnt\n|-heal|p1a: Milotic|100/100|[from] drain|[of] p2a: Hydreigon\n|faint|p2a: Hydreigon\n|\n|-weather|Snowscape|[upkeep]\n|upkeep\n|\n|t:|1776728377\n|switch|p2a: Froslass|Froslass, L50, F|100/100\n|switch|p1b: Kingambit|Kingambit, L50, F|100/100\n|turn|5\n|\n|t:|1776728387\n|detailschange|p2a: Froslass|Froslass-Mega, L50, F\n|-mega|p2a: Froslass|Froslass|Froslassite\n|move|p2a: Froslass|Protect|p2a: Froslass\n|-singleturn|p2a: Froslass|Protect\n|move|p2b: Palafin|Wave Crash|p1b: Kingambit\n|-damage|p1b: Kingambit|42/100\n|-damage|p2b: Palafin|43/100|[from] Recoil\n|move|p1a: Milotic|Draining Kiss|p2b: Palafin\n|-damage|p2b: Palafin|26/100\n|move|p1b: Kingambit|Kowtow Cleave|p2a: Froslass\n|-activate|p2a: Froslass|move: Protect\n|\n|-weather|none\n|-sideend|p2: Samurott500|move: Tailwind\n|upkeep\n|turn|6\n|\n|t:|1776728414\n|move|p1b: Kingambit|Protect|p1b: Kingambit\n|-singleturn|p1b: Kingambit|Protect\n|move|p2b: Palafin|Wave Crash|p1b: Kingambit\n|-activate|p1b: Kingambit|move: Protect\n|move|p2a: Froslass|Destiny Bond|p2a: Froslass\n|-singlemove|p2a: Froslass|Destiny Bond\n|move|p1a: Milotic|Draining Kiss|p2b: Palafin\n|-damage|p2b: Palafin|10/100\n|\n|upkeep\n|turn|7\n|\n|t:|1776728425\n|switch|p1b: Ninetales|Ninetales-Alola, L50, F|38/100\n|-weather|Snowscape|[from] ability: Snow Warning|[of] p1b: Ninetales\n|move|p2a: Froslass|Protect|p2a: Froslass\n|-singleturn|p2a: Froslass|Protect\n|move|p2b: Palafin|Wave Crash|p1b: Ninetales\n|-damage|p1b: Ninetales|0 fnt\n|faint|p1b: Ninetales\n|-damage|p2b: Palafin|0 fnt|[from] Recoil\n|faint|p2b: Palafin\n|move|p1a: Milotic|Draining Kiss|p2a: Froslass\n|-activate|p2a: Froslass|move: Protect\n|\n|-weather|Snowscape|[upkeep]\n|upkeep\n|\n|t:|1776728435\n|switch|p1b: Kingambit|Kingambit, L50, F|42/100\n|switch|p2b: Incineroar|Incineroar, L50, M|82/100\n|-ability|p2b: Incineroar|Intimidate|boost\n|-unboost|p1a: Milotic|atk|1\n|-ability|p1a: Milotic|Competitive|boost\n|-boost|p1a: Milotic|spa|2\n|-unboost|p1b: Kingambit|atk|1\n|-ability|p1b: Kingambit|Defiant|boost\n|-boost|p1b: Kingambit|atk|2\n|turn|8\n|\n|t:|1776728446\n|move|p1b: Kingambit|Protect|p1b: Kingambit\n|-singleturn|p1b: Kingambit|Protect\n|move|p2a: Froslass|Destiny Bond|p2a: Froslass\n|-singlemove|p2a: Froslass|Destiny Bond\n|move|p1a: Milotic|Scald|p2b: Incineroar\n|-supereffective|p2b: Incineroar|1\n|-damage|p2b: Incineroar|0 fnt\n|faint|p2b: Incineroar\n|\n|-weather|Snowscape|[upkeep]\n|upkeep\n|turn|9\n|-message|Samurott500 forfeited.\n|\n|win|DLotR\n|raw|DLotR's rating: 1141 &rarr; <strong>1169</strong><br />(+28 for winning)\n|raw|Samurott500's rating: 1181 &rarr; <strong>1153</strong><br />(-28 for losing)\n|l|\u2606Samurott500\n|player|p2|\n",
  "uploadtime": 1776728468,
  "views": 3,
  "formatid": "gen9championsvgc2026regma",
  "rating": 1153,
  "private": 0,
  "password": null
}