{
  "id": "gen9championsvgc2026regma-2583422085",
  "format": "[Gen 9 Champions] VGC 2026 Reg M-A",
  "players": [
    "Yamifist",
    "Mirthinion"
  ],
  "log": "|j|\u2606Yamifist\n|j|\u2606Mirthinion\n|t:|1776174589\n|gametype|doubles\n|player|p1|Yamifist|ingo|1078\n|player|p2|Mirthinion|janitor|1034\n|gen|9\n|tier|[Gen 9 Champions] VGC 2026 Reg M-A\n|rated|\n|rule|Species Clause: Limit one of each Pok\u00e9mon\n|rule|Item Clause: Limit 1 of each item\n|clearpoke\n|poke|p1|Dragonite, L50, M|\n|poke|p1|Feraligatr, L50, M|\n|poke|p1|Hydreigon, L50, F|\n|poke|p1|Aggron, L50, M|\n|poke|p1|Sneasler, L50, F|\n|poke|p1|Pelipper, L50, M|\n|poke|p2|Tyranitar, L50, M|\n|poke|p2|Lycanroc, L50, M|\n|poke|p2|Primarina, L50, F|\n|poke|p2|Corviknight, L50, M|\n|poke|p2|Kommo-o, L50, M|\n|poke|p2|Aerodactyl, L50, M|\n|teampreview|4\n|inactive|Battle timer is ON: inactive players will automatically lose when time's up. (requested by Mirthinion)\nMirthinion rejected open team sheets.\n|inactive|Mirthinion has 60 seconds left.\n|\n|t:|1776174638\n|teamsize|p1|4\n|teamsize|p2|4\n|start\n|switch|p1a: Feraligatr|Feraligatr, L50, M, shiny|100/100\n|switch|p1b: Sneasler|Sneasler, L50, F|100/100\n|switch|p2a: Aerodactyl|Aerodactyl, L50, M|100/100\n|switch|p2b: Primarina|Primarina, L50, F|100/100\n|-ability|p2a: Aerodactyl|Unnerve\n|turn|1\n|\n|t:|1776174651\n|detailschange|p2a: Aerodactyl|Aerodactyl-Mega, L50, M\n|-mega|p2a: Aerodactyl|Aerodactyl|Aerodactylite\n|move|p1b: Sneasler|Fake Out|p2a: Aerodactyl\n|-resisted|p2a: Aerodactyl|1\n|-damage|p2a: Aerodactyl|90/100\n|cant|p2a: Aerodactyl|flinch\n|move|p1a: Feraligatr|Liquidation|p2a: Aerodactyl\n|-supereffective|p2a: Aerodactyl|1\n|-damage|p2a: Aerodactyl|0 fnt\n|faint|p2a: Aerodactyl\n|move|p2b: Primarina|Psychic|p1b: Sneasler\n|-supereffective|p1b: Sneasler|2\n|-damage|p1b: Sneasler|0 fnt\n|faint|p1b: Sneasler\n|\n|upkeep\n|\n|t:|1776174669\n|switch|p2a: Tyranitar|Tyranitar, L50, M|100/100\n|switch|p1b: Aggron|Aggron, L50, M|100/100\n|-weather|Sandstorm|[from] ability: Sand Stream|[of] p2a: Tyranitar\n|turn|2\n|\n|t:|1776174686\n|switch|p1b: Pelipper|Pelipper, L50, M|100/100\n|-weather|RainDance|[from] ability: Drizzle|[of] p1b: Pelipper\n|move|p1a: Feraligatr|Liquidation|p2a: Tyranitar\n|-supereffective|p2a: Tyranitar|1\n|-damage|p2a: Tyranitar|0 fnt\n|faint|p2a: Tyranitar\n|move|p2b: Primarina|Hyper Voice|p1a: Feraligatr|[spread] p1a,p1b\n|-resisted|p1a: Feraligatr|1\n|-resisted|p1b: Pelipper|1\n|-crit|p1b: Pelipper\n|-damage|p1a: Feraligatr|68/100\n|-damage|p1b: Pelipper|54/100\n|\n|-weather|RainDance|[upkeep]\n|upkeep\n|\n|t:|1776174697\n|switch|p2a: Lycanroc|Lycanroc, L50, M|100/100\n|turn|3\n|\n|t:|1776174709\n|move|p1b: Pelipper|Wide Guard|p1b: Pelipper\n|-singleturn|p1b: Pelipper|Wide Guard\n|move|p2a: Lycanroc|Accelerock|p1b: Pelipper\n|-supereffective|p1b: Pelipper|1\n|-damage|p1b: Pelipper|17/100\n|-enditem|p1b: Pelipper|Sitrus Berry|[eat]\n|-heal|p1b: Pelipper|42/100|[from] item: Sitrus Berry\n|move|p1a: Feraligatr|Liquidation|p2a: Lycanroc\n|-supereffective|p2a: Lycanroc|1\n|-enditem|p2a: Lycanroc|Focus Sash\n|-damage|p2a: Lycanroc|1/100\n|move|p2b: Primarina|Moonblast|p1a: Feraligatr\n|-damage|p1a: Feraligatr|8/100\n|\n|-weather|RainDance|[upkeep]\n|upkeep\n|turn|4\n|\n|t:|1776174727\n|move|p1a: Feraligatr|Protect|p1a: Feraligatr\n|-singleturn|p1a: Feraligatr|Protect\n|move|p2a: Lycanroc|Accelerock|p1a: Feraligatr\n|-activate|p1a: Feraligatr|move: Protect\n|move|p2b: Primarina|Moonblast|p1b: Pelipper\n|-damage|p1b: Pelipper|0 fnt\n|faint|p1b: Pelipper\n|\n|-weather|RainDance|[upkeep]\n|upkeep\n|\n|t:|1776174735\n|switch|p1b: Aggron|Aggron, L50, M|100/100\n|turn|5\n|\n|t:|1776174754\n|detailschange|p1b: Aggron|Aggron-Mega, L50, M\n|-mega|p1b: Aggron|Aggron|Aggronite\n|move|p2a: Lycanroc|Protect|p2a: Lycanroc\n|-singleturn|p2a: Lycanroc|Protect\n|move|p1a: Feraligatr|Protect||[still]\n|-fail|p1a: Feraligatr\n|move|p2b: Primarina|Hyper Voice|p1b: Aggron|[spread] p1a,p1b\n|-resisted|p1a: Feraligatr|1\n|-crit|p1b: Aggron\n|-damage|p1a: Feraligatr|0 fnt\n|-damage|p1b: Aggron|27/100\n|faint|p1a: Feraligatr\n|move|p1b: Aggron|Heavy Slam|p2a: Lycanroc\n|-activate|p2a: Lycanroc|move: Protect\n|\n|-weather|RainDance|[upkeep]\n|upkeep\n|turn|6\n|\n|t:|1776174778\n|move|p2a: Lycanroc|Close Combat|p1b: Aggron\n|-supereffective|p1b: Aggron|1\n|-damage|p1b: Aggron|0 fnt\n|-unboost|p2a: Lycanroc|def|1\n|-unboost|p2a: Lycanroc|spd|1\n|faint|p1b: Aggron\n|\n|win|Mirthinion\n|raw|Yamifist's rating: 1078 &rarr; <strong>1054</strong><br />(-24 for losing)\n|raw|Mirthinion's rating: 1034 &rarr; <strong>1073</strong><br />(+39 for winning)\n|l|\u2606Yamifist\n|player|p1|\n",
  "uploadtime": 1776174786,
  "views": 18,
  "formatid": "gen9championsvgc2026regma",
  "rating": 1054,
  "private": 0,
  "password": null
}