{
  "id": "gen9championsvgc2026regma-2583995438",
  "format": "[Gen 9 Champions] VGC 2026 Reg M-A",
  "players": [
    "BushGaming41",
    "Zhm/r"
  ],
  "log": "|j|\u2606BushGaming41\n|j|\u2606Zhm/r\n|t:|1776215145\n|gametype|doubles\n|player|p1|BushGaming41|1|1114\n|player|p2|Zhm/r|clown|1128\n|gen|9\n|tier|[Gen 9 Champions] VGC 2026 Reg M-A\n|rated|\n|rule|Species Clause: Limit one of each Pok\u00e9mon\n|rule|Item Clause: Limit 1 of each item\n|clearpoke\n|poke|p1|Skeledirge, L50, M|\n|poke|p1|Meowscarada, L50, F|\n|poke|p1|Quaquaval, L50, F|\n|poke|p1|Skarmory, L50, M|\n|poke|p1|Garchomp, L50, M|\n|poke|p1|Emolga, L50, M|\n|poke|p2|Aggron, L50, M|\n|poke|p2|Slowbro, L50, M|\n|poke|p2|Incineroar, L50, M|\n|poke|p2|Sinistcha, L50|\n|poke|p2|Meganium, L50, M|\n|poke|p2|Aerodactyl, L50, F|\n|teampreview|4\n|\n|t:|1776215188\n|teamsize|p1|4\n|teamsize|p2|4\n|start\n|switch|p1a: Skarmory|Skarmory, L50, M|100/100\n|switch|p1b: Emolga|Emolga, L50, M|100/100\n|switch|p2a: Aerodactyl|Aerodactyl, L50, F|100/100\n|switch|p2b: Incineroar|Incineroar, L50, M|100/100\n|-ability|p2b: Incineroar|Intimidate|boost\n|-unboost|p1a: Skarmory|atk|1\n|-unboost|p1b: Emolga|atk|1\n|turn|1\n|\n|t:|1776215202\n|detailschange|p1a: Skarmory|Skarmory-Mega, L50, M\n|-mega|p1a: Skarmory|Skarmory|Skarmorite\n|move|p2b: Incineroar|Fake Out|p1b: Emolga\n|-damage|p1b: Emolga|78/100\n|-status|p2b: Incineroar|par|[from] ability: Static|[of] p1b: Emolga\n|move|p2a: Aerodactyl|Tailwind|p2a: Aerodactyl\n|-sidestart|p2: Zhm/r|move: Tailwind\n|move|p1a: Skarmory|Drill Run|p2b: Incineroar\n|-supereffective|p2b: Incineroar|1\n|-damage|p2b: Incineroar|65/100 par\n|cant|p1b: Emolga|flinch\n|\n|upkeep\n|turn|2\n|\n|t:|1776215243\n|switch|p2b: Meganium|Meganium, L50, M|100/100\n|move|p2a: Aerodactyl|Rock Slide|p1a: Skarmory|[spread] p1a,p1b\n|-supereffective|p1b: Emolga|1\n|-damage|p1a: Skarmory|75/100\n|-damage|p1b: Emolga|14/100\n|move|p1a: Skarmory|Tailwind|p1a: Skarmory\n|-sidestart|p1: BushGaming41|move: Tailwind\n|cant|p1b: Emolga|flinch\n|\n|upkeep\n|turn|3\n|\n|t:|1776215264\n|switch|p1b: Garchomp|Garchomp, L50, M|100/100\n|detailschange|p2b: Meganium|Meganium-Mega, L50, M\n|-mega|p2b: Meganium|Meganium|Meganiumite\n|move|p2a: Aerodactyl|Rock Slide|p1b: Garchomp|[spread] p1a,p1b\n|-resisted|p1b: Garchomp|1\n|-damage|p1a: Skarmory|50/100\n|-damage|p1b: Garchomp|90/100\n|cant|p1a: Skarmory|flinch\n|move|p2b: Meganium|Weather Ball|p1a: Skarmory\n|-supereffective|p1a: Skarmory|1\n|-damage|p1a: Skarmory|0 fnt\n|faint|p1a: Skarmory\n|\n|upkeep\n|\n|t:|1776215279\n|switch|p1a: Meowscarada|Meowscarada, L50, F|100/100\n|turn|4\n|\n|t:|1776215290\n|move|p1a: Meowscarada|Protect|p1a: Meowscarada\n|-singleturn|p1a: Meowscarada|Protect\n|move|p1b: Garchomp|Protect|p1b: Garchomp\n|-singleturn|p1b: Garchomp|Protect\n|move|p2a: Aerodactyl|Dual Wingbeat|p1a: Meowscarada\n|-activate|p1a: Meowscarada|move: Protect\n|move|p2b: Meganium|Dazzling Gleam|p1a: Meowscarada|[spread] \n|-activate|p1a: Meowscarada|move: Protect\n|-activate|p1b: Garchomp|move: Protect\n|\n|-sideend|p2: Zhm/r|move: Tailwind\n|upkeep\n|turn|5\n|\n|t:|1776215311\n|move|p2b: Meganium|Protect|p2b: Meganium\n|-singleturn|p2b: Meganium|Protect\n|move|p1a: Meowscarada|Flower Trick|p2a: Aerodactyl\n|-crit|p2a: Aerodactyl\n|-damage|p2a: Aerodactyl|45/100\n|move|p1b: Garchomp|Fire Fang|p2b: Meganium\n|-activate|p2b: Meganium|move: Protect\n|move|p2a: Aerodactyl|Tailwind|p2a: Aerodactyl\n|-sidestart|p2: Zhm/r|move: Tailwind\n|\n|-sideend|p1: BushGaming41|move: Tailwind\n|upkeep\n|turn|6\n|-message|BushGaming41 forfeited.\n|\n|win|Zhm/r\n|raw|BushGaming41's rating: 1114 &rarr; <strong>1090</strong><br />(-24 for losing)\n|raw|Zhm&#x2f;r's rating: 1128 &rarr; <strong>1152</strong><br />(+24 for winning)\n|l|\u2606BushGaming41\n|player|p1|\n",
  "uploadtime": 1776215348,
  "views": 15,
  "formatid": "gen9championsvgc2026regma",
  "rating": 1090,
  "private": 0,
  "password": null
}