{
  "id": "gen9championsvgc2026regma-2584197751",
  "format": "[Gen 9 Champions] VGC 2026 Reg M-A",
  "players": [
    "MainManL",
    "nekocutiesasha"
  ],
  "log": "|j|\u2606MainManL\n|j|\u2606nekocutiesasha\n|t:|1776237114\n|gametype|doubles\n|player|p1|MainManL|266|1000\n|player|p2|nekocutiesasha|dahlia|1000\n|gen|9\n|tier|[Gen 9 Champions] VGC 2026 Reg M-A\n|rated|\n|rule|Species Clause: Limit one of each Pok\u00e9mon\n|rule|Item Clause: Limit 1 of each item\n|clearpoke\n|poke|p1|Dragonite, L50, F|\n|poke|p1|Archaludon, L50, F|\n|poke|p1|Pelipper, L50, M|\n|poke|p1|Sylveon, L50, F|\n|poke|p1|Rotom-Wash, L50|\n|poke|p1|Sneasler, L50, F|\n|poke|p2|Tyranitar, L50, F|\n|poke|p2|Excadrill, L50, M|\n|poke|p2|Arcanine-Hisui, L50, M|\n|poke|p2|Glimmora, L50, F|\n|poke|p2|Clefable, L50, F|\n|poke|p2|Lucario, L50, F|\n|teampreview|4\n|inactive|Battle timer is ON: inactive players will automatically lose when time's up. (requested by nekocutiesasha)\n|inactive|MainManL has 60 seconds left.\n|\n|t:|1776237164\n|teamsize|p1|4\n|teamsize|p2|4\n|start\n|switch|p1a: Pelipper|Pelipper, L50, M|100/100\n|switch|p1b: Sneasler|Sneasler, L50, F|100/100\n|switch|p2a: Tyranitar|Tyranitar, L50, F|100/100\n|switch|p2b: Excadrill|Excadrill, L50, M|100/100\n|-weather|RainDance|[from] ability: Drizzle|[of] p1a: Pelipper\n|-weather|Sandstorm|[from] ability: Sand Stream|[of] p2a: Tyranitar\n|turn|1\n|\n|t:|1776237179\n|switch|p1b: Dragonite|Dragonite, L50, F, shiny|100/100\n|move|p1a: Pelipper|Protect|p1a: Pelipper\n|-singleturn|p1a: Pelipper|Protect\n|move|p2b: Excadrill|Rock Slide|p1b: Dragonite|[spread] p1b\n|-activate|p1a: Pelipper|move: Protect\n|-supereffective|p1b: Dragonite|1\n|-damage|p1b: Dragonite|72/100\n|move|p2a: Tyranitar|Stealth Rock|p1b: Dragonite\n|-sidestart|p1: MainManL|move: Stealth Rock\n|\n|-weather|Sandstorm|[upkeep]\n|-damage|p1b: Dragonite|66/100|[from] Sandstorm\n|-damage|p1a: Pelipper|95/100|[from] Sandstorm\n|upkeep\n|turn|2\n|\n|t:|1776237196\n|switch|p1b: Sylveon|Sylveon, L50, F, shiny|100/100\n|-damage|p1b: Sylveon|88/100|[from] Stealth Rock\n|move|p2b: Excadrill|Rock Slide|p1b: Sylveon|[spread] p1a,p1b\n|-supereffective|p1a: Pelipper|1\n|-damage|p1a: Pelipper|31/100\n|-damage|p1b: Sylveon|48/100\n|-enditem|p1a: Pelipper|Sitrus Berry|[eat]\n|-heal|p1a: Pelipper|55/100|[from] item: Sitrus Berry\n|move|p1a: Pelipper|Tailwind|p1a: Pelipper\n|-sidestart|p1: MainManL|move: Tailwind\n|move|p2a: Tyranitar|Stone Edge|p1b: Sylveon|[miss]\n|-miss|p2a: Tyranitar|p1b: Sylveon\n|\n|-weather|Sandstorm|[upkeep]\n|-damage|p1b: Sylveon|42/100|[from] Sandstorm\n|-damage|p1a: Pelipper|49/100|[from] Sandstorm\n|upkeep\n|turn|3\n|\n|t:|1776237216\n|move|p1a: Pelipper|Protect|p1a: Pelipper\n|-singleturn|p1a: Pelipper|Protect\n|move|p1b: Sylveon|Hyper Voice|p2a: Tyranitar|[spread] p2a,p2b\n|-supereffective|p2a: Tyranitar|1\n|-resisted|p2b: Excadrill|1\n|-damage|p2a: Tyranitar|65/100\n|-damage|p2b: Excadrill|79/100\n|move|p2b: Excadrill|Rock Slide|p1b: Sylveon|[spread] p1b\n|-activate|p1a: Pelipper|move: Protect\n|-damage|p1b: Sylveon|3/100\n|move|p2a: Tyranitar|Stone Edge|p1b: Sylveon\n|-damage|p1b: Sylveon|0 fnt\n|faint|p1b: Sylveon\n|\n|-weather|Sandstorm|[upkeep]\n|-damage|p1a: Pelipper|43/100|[from] Sandstorm\n|upkeep\n|\n|t:|1776237224\n|switch|p1b: Sneasler|Sneasler, L50, F|100/100\n|-damage|p1b: Sneasler|95/100|[from] Stealth Rock\n|turn|4\n|\n|t:|1776237240\n|switch|p1a: Dragonite|Dragonite, L50, F, shiny|66/100\n|-damage|p1a: Dragonite|41/100|[from] Stealth Rock\n|move|p1b: Sneasler|Fake Out|p2b: Excadrill\n|-resisted|p2b: Excadrill|1\n|-damage|p2b: Excadrill|68/100\n|cant|p2b: Excadrill|flinch\n|move|p2a: Tyranitar|Iron Head|p1b: Sneasler\n|-damage|p1b: Sneasler|52/100\n|\n|-weather|Sandstorm|[upkeep]\n|-damage|p1b: Sneasler|46/100|[from] Sandstorm\n|-damage|p1a: Dragonite|35/100|[from] Sandstorm\n|upkeep\n|turn|5\n|inactive|MainManL has 30 seconds left.\n|\n|t:|1776237272\n|detailschange|p1a: Dragonite|Dragonite-Mega, L50, F, shiny\n|-mega|p1a: Dragonite|Dragonite|Dragoninite\n|move|p1b: Sneasler|Close Combat|p2b: Excadrill\n|-supereffective|p2b: Excadrill|1\n|-damage|p2b: Excadrill|0 fnt\n|-unboost|p1b: Sneasler|def|1\n|-unboost|p1b: Sneasler|spd|1\n|faint|p2b: Excadrill\n|move|p1a: Dragonite|Ice Beam|p2a: Tyranitar\n|-damage|p2a: Tyranitar|46/100\n|move|p2a: Tyranitar|Iron Head|p1b: Sneasler\n|-damage|p1b: Sneasler|0 fnt\n|faint|p1b: Sneasler\n|\n|-weather|none\n|-sideend|p1: MainManL|move: Tailwind\n|upkeep\n|\n|t:|1776237286\n|switch|p1b: Pelipper|Pelipper, L50, M|43/100\n|switch|p2b: Clefable|Clefable, L50, F|100/100\n|-damage|p1b: Pelipper|19/100|[from] Stealth Rock\n|-weather|RainDance|[from] ability: Drizzle|[of] p1b: Pelipper\n|turn|6\n|\n|t:|1776237298\n|move|p2b: Clefable|Follow Me|p2b: Clefable\n|-singleturn|p2b: Clefable|move: Follow Me\n|move|p1a: Dragonite|Hurricane|p2b: Clefable\n|-damage|p2b: Clefable|36/100\n|move|p1b: Pelipper|Weather Ball|p2b: Clefable\n|-damage|p2b: Clefable|0 fnt\n|faint|p2b: Clefable\n|move|p2a: Tyranitar|Stone Edge|p1a: Dragonite\n|-supereffective|p1a: Dragonite|1\n|-damage|p1a: Dragonite|0 fnt\n|faint|p1a: Dragonite\n|\n|-weather|RainDance|[upkeep]\n|upkeep\n|\n|t:|1776237310\n|switch|p2b: Glimmora|Glimmora, L50, F|100/100\n|turn|7\n|\n|t:|1776237317\n|detailschange|p2b: Glimmora|Glimmora-Mega, L50, F\n|-mega|p2b: Glimmora|Glimmora|Glimmoranite\n|move|p2b: Glimmora|Power Gem|p1b: Pelipper\n|-supereffective|p1b: Pelipper|1\n|-damage|p1b: Pelipper|0 fnt\n|faint|p1b: Pelipper\n|\n|win|nekocutiesasha\n|raw|MainManL's rating: 1000 &rarr; <strong>1000</strong><br />(+0 for losing)\n|raw|nekocutiesasha's rating: 1000 &rarr; <strong>1040</strong><br />(+40 for winning)\n|c|\u2606nekocutiesasha|gg\n|l|\u2606MainManL\n|player|p1|\n",
  "uploadtime": 1776237330,
  "views": 28,
  "formatid": "gen9championsvgc2026regma",
  "rating": 1000,
  "private": 0,
  "password": null
}