{
  "id": "gen9championsvgc2026regma-2584306375",
  "format": "[Gen 9 Champions] VGC 2026 Reg M-A",
  "players": [
    "freaky ahh blud",
    "Zhi2"
  ],
  "log": "|j|\u2606freaky ahh blud\n|j|\u2606Zhi2\n|t:|1776249439\n|gametype|doubles\n|player|p1|freaky ahh blud|170|1125\n|player|p2|Zhi2|266|1122\n|gen|9\n|tier|[Gen 9 Champions] VGC 2026 Reg M-A\n|rated|\n|rule|Species Clause: Limit one of each Pok\u00e9mon\n|rule|Item Clause: Limit 1 of each item\n|clearpoke\n|poke|p1|Aerodactyl, L50, M|\n|poke|p1|Krookodile, L50, F|\n|poke|p1|Meganium, L50, F|\n|poke|p1|Incineroar, L50, F|\n|poke|p1|Dragonite, L50, M|\n|poke|p1|Ditto, L50|\n|poke|p2|Pelipper, L50, M|\n|poke|p2|Blastoise, L50, M|\n|poke|p2|Starmie, L50|\n|poke|p2|Sinistcha, L50|\n|poke|p2|Kingambit, L50, M|\n|poke|p2|Garchomp, L50, M|\n|teampreview|4\n|inactive|Battle timer is ON: inactive players will automatically lose when time's up. (requested by freaky ahh blud)\n|\n|t:|1776249514\n|teamsize|p1|4\n|teamsize|p2|4\n|start\n|switch|p1a: Meganium|Meganium, L50, F|100/100\n|switch|p1b: Dragonite|Dragonite, L50, M|100/100\n|switch|p2a: Kingambit|Kingambit, L50, M|100/100\n|switch|p2b: Blastoise|Blastoise, L50, M|100/100\n|turn|1\n|\n|t:|1776249536\n|detailschange|p1a: Meganium|Meganium-Mega, L50, F\n|-mega|p1a: Meganium|Meganium|Meganiumite\n|move|p1b: Dragonite|Helping Hand|p1a: Meganium\n|-singleturn|p1a: Meganium|Helping Hand|[of] p1b: Dragonite\n|move|p2b: Blastoise|Fake Out|p1a: Meganium\n|-damage|p1a: Meganium|93/100\n|cant|p1a: Meganium|flinch\n|move|p2a: Kingambit|Iron Head|p1a: Meganium\n|-supereffective|p1a: Meganium|1\n|-damage|p1a: Meganium|0 fnt\n|faint|p1a: Meganium\n|\n|upkeep\n|\n|t:|1776249546\n|switch|p1a: Krookodile|Krookodile, L50, F|100/100\n|turn|2\n|\n|t:|1776249563\n|switch|p2a: Pelipper|Pelipper, L50, M|100/100\n|-weather|RainDance|[from] ability: Drizzle|[of] p2a: Pelipper\n|move|p1b: Dragonite|Thunder Punch|p2b: Blastoise\n|-supereffective|p2b: Blastoise|1\n|-damage|p2b: Blastoise|40/100\n|move|p1a: Krookodile|Earthquake|p2a: Pelipper|[spread] p2b\n|-immune|p1b: Dragonite\n|-immune|p2a: Pelipper\n|-damage|p2b: Blastoise|0 fnt\n|faint|p2b: Blastoise\n|-ability|p1a: Krookodile|Moxie|boost\n|-boost|p1a: Krookodile|atk|1\n|\n|-weather|RainDance|[upkeep]\n|upkeep\n|\n|t:|1776249576\n|switch|p2b: Starmie|Starmie, L50|100/100\n|turn|3\n|\n|t:|1776249588\n|detailschange|p2b: Starmie|Starmie-Mega, L50\n|-mega|p2b: Starmie|Starmie|Starminite\n|move|p1a: Krookodile|Protect|p1a: Krookodile\n|-singleturn|p1a: Krookodile|Protect\n|move|p2b: Starmie|Flip Turn|p1a: Krookodile\n|-activate|p1a: Krookodile|move: Protect\n|move|p1b: Dragonite|Tailwind|p1b: Dragonite\n|-sidestart|p1: freaky ahh blud|move: Tailwind\n|move|p2a: Pelipper|Hurricane|p1b: Dragonite\n|-damage|p1b: Dragonite|79/100\n|\n|-weather|RainDance|[upkeep]\n|-heal|p1b: Dragonite|85/100|[from] item: Leftovers\n|upkeep\n|turn|4\n|\n|t:|1776249611\n|move|p2b: Starmie|Protect|p2b: Starmie\n|-singleturn|p2b: Starmie|Protect\n|move|p1b: Dragonite|Thunder Punch|p2a: Pelipper\n|-supereffective|p2a: Pelipper|2\n|-damage|p2a: Pelipper|17/100\n|-enditem|p2a: Pelipper|Sitrus Berry|[eat]\n|-heal|p2a: Pelipper|41/100|[from] item: Sitrus Berry\n|move|p1a: Krookodile|Crunch|p2b: Starmie\n|-activate|p2b: Starmie|move: Protect\n|move|p2a: Pelipper|Tailwind|p2a: Pelipper\n|-sidestart|p2: Zhi2|move: Tailwind\n|\n|-weather|RainDance|[upkeep]\n|-heal|p1b: Dragonite|91/100|[from] item: Leftovers\n|upkeep\n|turn|5\n|inactive|freaky ahh blud has 30 seconds left.\n|\n|t:|1776249642\n|switch|p2a: Kingambit|Kingambit, L50, M|100/100\n|move|p1a: Krookodile|Protect|p1a: Krookodile\n|-singleturn|p1a: Krookodile|Protect\n|move|p2b: Starmie|Liquidation|p1a: Krookodile\n|-activate|p1a: Krookodile|move: Protect\n|move|p1b: Dragonite|Thunder Punch|p2a: Kingambit\n|-damage|p2a: Kingambit|80/100\n|\n|-weather|RainDance|[upkeep]\n|-heal|p1b: Dragonite|97/100|[from] item: Leftovers\n|upkeep\n|turn|6\n|\n|t:|1776249664\n|move|p1a: Krookodile|Protect||[still]\n|-fail|p1a: Krookodile\n|move|p2a: Kingambit|Protect|p2a: Kingambit\n|-singleturn|p2a: Kingambit|Protect\n|move|p2b: Starmie|Flip Turn|p1a: Krookodile\n|-supereffective|p1a: Krookodile|1\n|-damage|p1a: Krookodile|0 fnt\n|faint|p1a: Krookodile\n|\n|t:|1776249672\n|switch|p2b: Pelipper|Pelipper, L50, M|41/100|[from] Flip Turn\n|move|p1b: Dragonite|Thunder Punch|p2b: Pelipper\n|-supereffective|p2b: Pelipper|2\n|-damage|p2b: Pelipper|0 fnt\n|faint|p2b: Pelipper\n|\n|-weather|none\n|-heal|p1b: Dragonite|100/100|[from] item: Leftovers\n|-sideend|p1: freaky ahh blud|move: Tailwind\n|upkeep\n|\n|t:|1776249683\n|switch|p1a: Ditto|Ditto, L50|100/100\n|switch|p2b: Starmie|Starmie-Mega, L50|100/100\n|-transform|p1a: Ditto|p2b: Starmie|[from] ability: Imposter\n|turn|7\n|\n|t:|1776249705\n|move|p2a: Kingambit|Sucker Punch|p1a: Ditto\n|-supereffective|p1a: Ditto|1\n|-damage|p1a: Ditto|0 fnt\n|faint|p1a: Ditto\n|move|p2b: Starmie|Liquidation|p1b: Dragonite\n|-resisted|p1b: Dragonite|1\n|-damage|p1b: Dragonite|79/100\n|move|p1b: Dragonite|Tailwind|p1b: Dragonite\n|-sidestart|p1: freaky ahh blud|move: Tailwind\n|\n|-heal|p1b: Dragonite|85/100|[from] item: Leftovers\n|-sideend|p2: Zhi2|move: Tailwind\n|upkeep\n|turn|8\n|\n|t:|1776249720\n|move|p2b: Starmie|Protect|p2b: Starmie\n|-singleturn|p2b: Starmie|Protect\n|move|p1b: Dragonite|Thunder Punch|p2a: Kingambit\n|-damage|p2a: Kingambit|60/100\n|-status|p2a: Kingambit|par\n|move|p2a: Kingambit|Iron Head|p1b: Dragonite\n|-damage|p1b: Dragonite|23/100\n|\n|-heal|p1b: Dragonite|29/100|[from] item: Leftovers\n|upkeep\n|turn|9\n|\n|t:|1776249733\n|move|p2a: Kingambit|Sucker Punch|p1b: Dragonite\n|-damage|p1b: Dragonite|0 fnt\n|faint|p1b: Dragonite\n|\n|win|Zhi2\n|raw|freaky ahh blud's rating: 1125 &rarr; <strong>1100</strong><br />(-25 for losing)\n|raw|Zhi2's rating: 1122 &rarr; <strong>1147</strong><br />(+25 for winning)\n|l|\u2606freaky ahh blud\n|player|p1|\n",
  "uploadtime": 1776249740,
  "views": 20,
  "formatid": "gen9championsvgc2026regma",
  "rating": 1100,
  "private": 0,
  "password": null
}