{
  "id": "gen9championsvgc2026regma-2587017583",
  "format": "[Gen 9 Champions] VGC 2026 Reg M-A",
  "players": [
    "Bugtypeistrash",
    "Gellapo"
  ],
  "log": "|j|\u2606Bugtypeistrash\n|j|\u2606Gellapo\n|t:|1776481679\n|gametype|doubles\n|player|p1|Bugtypeistrash|1|1163\n|player|p2|Gellapo|psychic-gen4|1106\n|gen|9\n|tier|[Gen 9 Champions] VGC 2026 Reg M-A\n|rated|\n|rule|Species Clause: Limit one of each Pok\u00e9mon\n|rule|Item Clause: Limit 1 of each item\n|clearpoke\n|poke|p1|Sneasler, L50, F|\n|poke|p1|Aerodactyl, L50, M|\n|poke|p1|Garchomp, L50, F|\n|poke|p1|Tinkaton, L50, F|\n|poke|p1|Floette-Eternal, L50, F|\n|poke|p1|Sinistcha, L50|\n|poke|p2|Skarmory, L50, F|\n|poke|p2|Garchomp, L50, F|\n|poke|p2|Sinistcha, L50|\n|poke|p2|Sneasler, L50, F|\n|poke|p2|Incineroar, L50, F|\n|poke|p2|Primarina, L50, M|\n|teampreview|4\n|inactive|Battle timer is ON: inactive players will automatically lose when time's up. (requested by Bugtypeistrash)\n|inactive|Gellapo has 60 seconds left.\n|\n|t:|1776481722\n|teamsize|p1|4\n|teamsize|p2|4\n|start\n|switch|p1a: Aerodactyl|Aerodactyl, L50, M, shiny|100/100\n|switch|p1b: Tinkaton|Tinkaton, L50, F, shiny|100/100\n|switch|p2a: Skarmory|Skarmory, L50, F|100/100\n|switch|p2b: Incineroar|Incineroar, L50, F|100/100\n|-ability|p1a: Aerodactyl|Unnerve\n|-ability|p2b: Incineroar|Intimidate|boost\n|-unboost|p1a: Aerodactyl|atk|1\n|-fail|p1b: Tinkaton|unboost|Attack|[from] ability: Own Tempo|[of] p1b: Tinkaton\n|turn|1\n|inactive|Bugtypeistrash has 30 seconds left.\n|inactive|Bugtypeistrash has 20 seconds left.\n|inactive|Bugtypeistrash has 15 seconds left.\n|inactive|Bugtypeistrash has 10 seconds left.\n|\n|t:|1776481768\n|move|p2a: Skarmory|Protect|p2a: Skarmory\n|-singleturn|p2a: Skarmory|Protect\n|move|p1b: Tinkaton|Fake Out|p2b: Incineroar\n|-damage|p2b: Incineroar|92/100\n|cant|p2b: Incineroar|flinch\n|move|p1a: Aerodactyl|Tailwind|p1a: Aerodactyl\n|-sidestart|p1: Bugtypeistrash|move: Tailwind\n|\n|upkeep\n|turn|2\n|inactive|Bugtypeistrash has 30 seconds left.\n|inactive|Bugtypeistrash has 20 seconds left.\n|inactive|Bugtypeistrash has 15 seconds left.\n|inactive|Bugtypeistrash has 10 seconds left.\n|inactive|Bugtypeistrash has 5 seconds left.\n|\n|t:|1776481819\n|switch|p1b: Sinistcha|Sinistcha, L50, shiny|100/100\n|switch|p2b: Garchomp|Garchomp, L50, F|100/100\n|detailschange|p2a: Skarmory|Skarmory-Mega, L50, F\n|-mega|p2a: Skarmory|Skarmory|Skarmorite\n|move|p1a: Aerodactyl|Earthquake|p2b: Garchomp|[spread] p1b,p2b\n|-immune|p2a: Skarmory\n|-resisted|p1b: Sinistcha|1\n|-damage|p1b: Sinistcha|95/100\n|-damage|p2b: Garchomp|87/100\n|move|p2a: Skarmory|Iron Head|p1a: Aerodactyl\n|-supereffective|p1a: Aerodactyl|1\n|-enditem|p1a: Aerodactyl|Focus Sash\n|-damage|p1a: Aerodactyl|1/100\n|\n|upkeep\n|turn|3\n|inactive|Bugtypeistrash has 30 seconds left.\n|inactive|Bugtypeistrash has 20 seconds left.\n|inactive|Bugtypeistrash has 15 seconds left.\n|inactive|Bugtypeistrash has 10 seconds left.\n|inactive|Bugtypeistrash has 5 seconds left.\n|\n|t:|1776481870\n|move|p1a: Aerodactyl|Rock Slide|p2a: Skarmory|[spread] p2b\n|-miss|p1a: Aerodactyl|p2a: Skarmory\n|-resisted|p2b: Garchomp|1\n|-damage|p2b: Garchomp|80/100\n|move|p1b: Sinistcha|Matcha Gotcha|p2b: Garchomp|[spread] p2a,p2b\n|-resisted|p2a: Skarmory|2\n|-damage|p2a: Skarmory|93/100\n|-heal|p1b: Sinistcha|98/100|[from] drain|[of] p2a: Skarmory\n|-damage|p2b: Garchomp|55/100\n|-heal|p1b: Sinistcha|100/100|[from] drain|[of] p2b: Garchomp\n|move|p2a: Skarmory|Brave Bird|p1b: Sinistcha\n|-supereffective|p1b: Sinistcha|1\n|-damage|p1b: Sinistcha|6/100\n|-enditem|p1b: Sinistcha|Sitrus Berry|[eat]\n|-heal|p1b: Sinistcha|31/100|[from] item: Sitrus Berry\n|-damage|p2a: Skarmory|55/100|[from] Recoil\n|move|p2b: Garchomp|Rock Slide|p1a: Aerodactyl|[spread] p1a,p1b\n|-supereffective|p1a: Aerodactyl|1\n|-damage|p1a: Aerodactyl|0 fnt\n|-damage|p1b: Sinistcha|15/100\n|faint|p1a: Aerodactyl\n|\n|upkeep\n|\n|t:|1776481885\n|switch|p1a: Floette|Floette-Eternal, L50, F|100/100\n|turn|4\n|\n|t:|1776481897\n|switch|p2b: Sinistcha|Sinistcha, L50|100/100\n|-heal|p2a: Skarmory|79/100|[from] ability: Hospitality|[of] p2b: Sinistcha\n|detailschange|p1a: Floette|Floette-Mega, L50, F\n|-mega|p1a: Floette|Floette|Floettite\n|-ability|p1a: Floette|Fairy Aura\n|move|p2a: Skarmory|Protect|p2a: Skarmory\n|-singleturn|p2a: Skarmory|Protect\n|move|p1a: Floette|Dazzling Gleam|p2b: Sinistcha|[spread] p2b\n|-activate|p2a: Skarmory|move: Protect\n|-damage|p2b: Sinistcha|46/100\n|move|p1b: Sinistcha|Strength Sap|p2a: Skarmory\n|-activate|p2a: Skarmory|move: Protect\n|\n|-heal|p2b: Sinistcha|52/100|[from] item: Leftovers\n|-sideend|p1: Bugtypeistrash|move: Tailwind\n|upkeep\n|turn|5\n|\n|t:|1776481922\n|move|p1b: Sinistcha|Rage Powder|p1b: Sinistcha\n|-singleturn|p1b: Sinistcha|move: Rage Powder\n|move|p2a: Skarmory|Iron Head|p1a: Floette\n|-supereffective|p1a: Floette|1\n|-damage|p1a: Floette|0 fnt\n|faint|p1a: Floette\n|move|p2b: Sinistcha|Matcha Gotcha|p1b: Sinistcha\n|-resisted|p1b: Sinistcha|1\n|-damage|p1b: Sinistcha|0 fnt\n|-heal|p2b: Sinistcha|59/100|[from] drain|[of] p1b: Sinistcha\n|faint|p1b: Sinistcha\n|\n|-heal|p2b: Sinistcha|65/100|[from] item: Leftovers\n|upkeep\n|-message|Bugtypeistrash forfeited.\n|\n|win|Gellapo\n|raw|Bugtypeistrash's rating: 1163 &rarr; <strong>1134</strong><br />(-29 for losing)\n|raw|Gellapo's rating: 1106 &rarr; <strong>1135</strong><br />(+29 for winning)\n|l|\u2606Bugtypeistrash\n|player|p1|\n|c|\u2606Gellapo|stalwart lol\n",
  "uploadtime": 1776481943,
  "views": 26,
  "formatid": "gen9championsvgc2026regma",
  "rating": 1134,
  "private": 0,
  "password": null
}