{
  "id": "gen9championsvgc2026regma-2584203769",
  "format": "[Gen 9 Champions] VGC 2026 Reg M-A",
  "players": [
    "Biffo Banana",
    "missionguide"
  ],
  "log": "|j|\u2606Biffo Banana\n|j|\u2606missionguide\n|t:|1776237836\n|gametype|doubles\n|player|p1|Biffo Banana|wattson|1126\n|player|p2|missionguide|265|1107\n|gen|9\n|tier|[Gen 9 Champions] VGC 2026 Reg M-A\n|rated|\n|rule|Species Clause: Limit one of each Pok\u00e9mon\n|rule|Item Clause: Limit 1 of each item\n|clearpoke\n|poke|p1|Tyranitar, L50, M|\n|poke|p1|Garchomp, L50, F|\n|poke|p1|Tyrantrum, L50, M|\n|poke|p1|Rotom-Wash, L50|\n|poke|p1|Whimsicott, L50, M|\n|poke|p1|Excadrill, L50, M|\n|poke|p2|Gengar, L50, M|\n|poke|p2|Incineroar, L50, F|\n|poke|p2|Sinistcha, L50|\n|poke|p2|Kommo-o, L50, M|\n|poke|p2|Kingambit, L50, F|\n|poke|p2|Tyranitar, L50, M|\n|teampreview|4\nmissionguide rejected open team sheets.\n|inactive|Battle timer is ON: inactive players will automatically lose when time's up. (requested by missionguide)\n|\n|t:|1776237865\n|teamsize|p1|4\n|teamsize|p2|4\n|start\n|switch|p1a: Tyrantrum|Tyrantrum, L50, M|100/100\n|switch|p1b: Whimsicott|Whimsicott, L50, M|100/100\n|switch|p2a: Gengar|Gengar, L50, M, shiny|100/100\n|switch|p2b: Incineroar|Incineroar, L50, F|100/100\n|-ability|p2b: Incineroar|Intimidate|boost\n|-unboost|p1a: Tyrantrum|atk|1\n|-unboost|p1b: Whimsicott|atk|1\n|turn|1\n|\n|t:|1776237878\n|switch|p1a: Tyranitar|Tyranitar, L50, M, shiny|100/100\n|-weather|Sandstorm|[from] ability: Sand Stream|[of] p1a: Tyranitar\n|detailschange|p2a: Gengar|Gengar-Mega, L50, M, shiny\n|-mega|p2a: Gengar|Gengar|Gengarite\n|move|p2b: Incineroar|Fake Out|p1a: Tyranitar\n|-resisted|p1a: Tyranitar|1\n|-damage|p1a: Tyranitar|96/100\n|move|p1b: Whimsicott|Tailwind|p1b: Whimsicott\n|-sidestart|p1: Biffo Banana|move: Tailwind\n|move|p2a: Gengar|Perish Song|p2a: Gengar\n|-start|p1a: Tyranitar|perish3|[silent]\n|-start|p1b: Whimsicott|perish3|[silent]\n|-start|p2a: Gengar|perish3|[silent]\n|-start|p2b: Incineroar|perish3|[silent]\n|-fieldactivate|move: Perish Song\n|\n|-weather|Sandstorm|[upkeep]\n|-damage|p1b: Whimsicott|95/100|[from] Sandstorm\n|-damage|p2a: Gengar|95/100|[from] Sandstorm\n|-damage|p2b: Incineroar|95/100|[from] Sandstorm\n|-start|p1b: Whimsicott|perish3\n|-start|p2a: Gengar|perish3\n|-start|p1a: Tyranitar|perish3\n|-start|p2b: Incineroar|perish3\n|upkeep\n|turn|2\n|inactive|Biffo Banana has 30 seconds left.\n|\n|t:|1776237912\n|move|p2a: Gengar|Protect|p2a: Gengar\n|-singleturn|p2a: Gengar|Protect\n|move|p1b: Whimsicott|Encore|p2a: Gengar\n|-activate|p2a: Gengar|move: Protect\n|move|p1a: Tyranitar|Knock Off|p2a: Gengar\n|-activate|p2a: Gengar|move: Protect\n|move|p2b: Incineroar|Parting Shot|p1a: Tyranitar\n|-unboost|p1a: Tyranitar|atk|1\n|-unboost|p1a: Tyranitar|spa|1\n|\n|t:|1776237924\n|switch|p2b: Sinistcha|Sinistcha, L50|100/100|[from] Parting Shot\n|-heal|p2a: Gengar|100/100|[from] ability: Hospitality|[of] p2b: Sinistcha\n|\n|-weather|Sandstorm|[upkeep]\n|-damage|p1b: Whimsicott|89/100|[from] Sandstorm\n|-damage|p2a: Gengar|95/100|[from] Sandstorm\n|-damage|p2b: Sinistcha|94/100|[from] Sandstorm\n|-start|p1b: Whimsicott|perish2\n|-start|p2a: Gengar|perish2\n|-start|p1a: Tyranitar|perish2\n|upkeep\n|turn|3\n|inactive|Biffo Banana has 30 seconds left.\n|\n|t:|1776237949\n|detailschange|p1a: Tyranitar|Tyranitar-Mega, L50, M, shiny\n|-mega|p1a: Tyranitar|Tyranitar|Tyranitarite\n|move|p2b: Sinistcha|Rage Powder|p2b: Sinistcha\n|-singleturn|p2b: Sinistcha|move: Rage Powder\n|move|p1b: Whimsicott|Encore|p2a: Gengar\n|-start|p2a: Gengar|Encore\n|move|p2a: Gengar|Protect||[still]\n|-fail|p2a: Gengar\n|move|p1a: Tyranitar|Knock Off|p2b: Sinistcha\n|-supereffective|p2b: Sinistcha|1\n|-damage|p2b: Sinistcha|24/100\n|-enditem|p2b: Sinistcha|Kasib Berry|[from] move: Knock Off|[of] p1a: Tyranitar\n|\n|-weather|Sandstorm|[upkeep]\n|-damage|p1b: Whimsicott|83/100|[from] Sandstorm\n|-damage|p2a: Gengar|89/100|[from] Sandstorm\n|-damage|p2b: Sinistcha|17/100|[from] Sandstorm\n|-start|p1b: Whimsicott|perish1\n|-start|p2a: Gengar|perish1\n|-start|p1a: Tyranitar|perish1\n|upkeep\n|turn|4\n|\n|t:|1776237974\n|switch|p2a: Incineroar|Incineroar, L50, F|95/100\n|-ability|p2a: Incineroar|Intimidate|boost\n|-unboost|p1a: Tyranitar|atk|1\n|-unboost|p1b: Whimsicott|atk|1\n|move|p2b: Sinistcha|Protect|p2b: Sinistcha\n|-singleturn|p2b: Sinistcha|Protect\n|move|p1b: Whimsicott|Moonblast|p2b: Sinistcha\n|-activate|p2b: Sinistcha|move: Protect\n|move|p1a: Tyranitar|Knock Off|p2a: Incineroar\n|-resisted|p2a: Incineroar|1\n|-damage|p2a: Incineroar|78/100\n|-enditem|p2a: Incineroar|Shuca Berry|[from] move: Knock Off|[of] p1a: Tyranitar\n|\n|-weather|Sandstorm|[upkeep]\n|-damage|p1b: Whimsicott|77/100|[from] Sandstorm\n|-damage|p2a: Incineroar|73/100|[from] Sandstorm\n|-damage|p2b: Sinistcha|11/100|[from] Sandstorm\n|-start|p1b: Whimsicott|perish0\n|-start|p1a: Tyranitar|perish0\n|-sideend|p1: Biffo Banana|move: Tailwind\n|faint|p1b: Whimsicott\n|faint|p1a: Tyranitar\n|upkeep\n|\n|t:|1776237982\n|switch|p1b: Rotom|Rotom-Wash, L50|100/100\n|switch|p1a: Tyrantrum|Tyrantrum, L50, M|100/100\n|turn|5\n|\n|t:|1776238002\n|move|p2a: Incineroar|Fake Out|p1b: Rotom\n|-damage|p1b: Rotom|88/100\n|cant|p1b: Rotom|flinch\n|move|p1a: Tyrantrum|Rock Slide|p2b: Sinistcha|[spread] p2a,p2b\n|-supereffective|p2a: Incineroar|1\n|-crit|p2a: Incineroar\n|-damage|p2a: Incineroar|0 fnt\n|-damage|p2b: Sinistcha|0 fnt\n|faint|p2a: Incineroar\n|faint|p2b: Sinistcha\n|\n|-weather|none\n|-heal|p1b: Rotom|94/100|[from] item: Leftovers\n|upkeep\n|\n|t:|1776238014\n|switch|p2a: Tyranitar|Tyranitar, L50, M|100/100\n|switch|p2b: Gengar|Gengar-Mega, L50, M, shiny|89/100\n|-weather|Sandstorm|[from] ability: Sand Stream|[of] p2a: Tyranitar\n|turn|6\n|inactive|missionguide has 30 seconds left.\n|inactiveoff|Battle timer is now OFF.\n|inactive|Battle timer is ON: inactive players will automatically lose when time's up. (requested by Biffo Banana)\n|inactive|missionguide has 30 seconds left.\n|c|\u2606missionguide|one sec\n|inactive|missionguide has 20 seconds left.\n|inactiveoff|Battle timer is now OFF.\n|c|\u2606missionguide|thanks\n|c|\u2606missionguide|done\n|\n|t:|1776238122\n|move|p2b: Gengar|Shadow Ball|p1b: Rotom\n|-damage|p1b: Rotom|48/100\n|move|p2a: Tyranitar|Low Kick|p1a: Tyrantrum\n|-supereffective|p1a: Tyrantrum|1\n|-damage|p1a: Tyrantrum|24/100\n|move|p1b: Rotom|Will-O-Wisp|p2a: Tyranitar\n|-status|p2a: Tyranitar|brn\n|move|p1a: Tyrantrum|Head Smash|p2b: Gengar\n|-damage|p2b: Gengar|0 fnt\n|faint|p2b: Gengar\n|\n|-weather|Sandstorm|[upkeep]\n|-damage|p1b: Rotom|43/100|[from] Sandstorm\n|-heal|p1b: Rotom|48/100|[from] item: Leftovers\n|-damage|p2a: Tyranitar|94/100 brn|[from] brn\n|upkeep\n|turn|7\n|\n|t:|1776238151\n|move|p2a: Tyranitar|Low Kick|p1a: Tyrantrum\n|-supereffective|p1a: Tyrantrum|1\n|-damage|p1a: Tyrantrum|0 fnt\n|faint|p1a: Tyrantrum\n|move|p1b: Rotom|Hydro Pump|p2a: Tyranitar|[miss]\n|-miss|p1b: Rotom|p2a: Tyranitar\n|\n|-weather|Sandstorm|[upkeep]\n|-damage|p1b: Rotom|43/100|[from] Sandstorm\n|-heal|p1b: Rotom|48/100|[from] item: Leftovers\n|-damage|p2a: Tyranitar|88/100 brn|[from] brn\n|upkeep\n|turn|8\n|\n|t:|1776238173\n|move|p2a: Tyranitar|Low Kick|p1b: Rotom\n|-damage|p1b: Rotom|44/100\n|move|p1b: Rotom|Hydro Pump|p2a: Tyranitar\n|-supereffective|p2a: Tyranitar|1\n|-damage|p2a: Tyranitar|23/100 brn\n|\n|-weather|Sandstorm|[upkeep]\n|-damage|p1b: Rotom|39/100|[from] Sandstorm\n|-heal|p1b: Rotom|44/100|[from] item: Leftovers\n|-damage|p2a: Tyranitar|16/100 brn|[from] brn\n|upkeep\n|turn|9\n|c|\u2606missionguide|gg\n|-message|missionguide forfeited.\n|\n|win|Biffo Banana\n|raw|Biffo Banana's rating: 1126 &rarr; <strong>1150</strong><br />(+24 for winning)\n|raw|missionguide's rating: 1107 &rarr; <strong>1083</strong><br />(-24 for losing)\n|l|\u2606missionguide\n|player|p2|\n",
  "uploadtime": 1776238182,
  "views": 19,
  "formatid": "gen9championsvgc2026regma",
  "rating": 1083,
  "private": 0,
  "password": null
}