{
  "id": "gen9championsvgc2026regma-2584006181",
  "format": "[Gen 9 Champions] VGC 2026 Reg M-A",
  "players": [
    "vaporeons scald",
    "AlexanderLC20"
  ],
  "log": "|j|\u2606vaporeons scald\n|j|\u2606AlexanderLC20\n|t:|1776216115\n|gametype|doubles\n|player|p1|vaporeons scald|hiker-gen4|1062\n|player|p2|AlexanderLC20|gambler|1033\n|gen|9\n|tier|[Gen 9 Champions] VGC 2026 Reg M-A\n|rated|\n|rule|Species Clause: Limit one of each Pok\u00e9mon\n|rule|Item Clause: Limit 1 of each item\n|clearpoke\n|poke|p1|Golurk, L50|\n|poke|p1|Mimikyu, L50, M|\n|poke|p1|Farigiraf, L50, M|\n|poke|p1|Abomasnow, L50, F|\n|poke|p1|Lucario, L50, M|\n|poke|p1|Incineroar, L50, M|\n|poke|p2|Sinistcha, L50|\n|poke|p2|Drampa, L50, M|\n|poke|p2|Alcremie, L50, F|\n|poke|p2|Incineroar, L50, F|\n|poke|p2|Aggron, L50, F|\n|poke|p2|Sneasler, L50, F|\n|teampreview|4\n|inactive|Battle timer is ON: inactive players will automatically lose when time's up. (requested by vaporeons scald)\nvaporeons scald has agreed to open team sheets.\nAlexanderLC20 has agreed to open team sheets.\n|showteam|p1|Golurk||Golurkite|IronFist|Earthquake,Poltergeist,CloseCombat,Protect||||||50|]Mimikyu||FocusSash|Disguise|TrickRoom,ShadowClaw,ShadowSneak,PlayRough|||M|||50|]Farigiraf||MentalHerb|ArmorTail|TrickRoom,ExpandingForce,HyperVoice,Protect|||M|||50|]Abomasnow||NeverMeltIce|SnowWarning|Blizzard,EnergyBall,AuroraVeil,Protect|||F|||50|]Lucario||Lucarionite|InnerFocus|BulletPunch,CloseCombat,MeteorMash,ExtremeSpeed|||M|||50|]Incineroar||Leftovers|Intimidate|FakeOut,DarkestLariat,FlareBlitz,PartingShot|||M|||50|\n|showteam|p2|Sinistcha||MentalHerb|Hospitality|TrickRoom,LifeDew,StrengthSap,MatchaGotcha||||||50|]Drampa||Drampanite|Berserk|Protect,HyperVoice,DracoMeteor,EarthPower|||M|||50|]Alcremie||Leftovers|AromaVeil|Decorate,DazzlingGleam,Protect,Encore|||F|||50|]Incineroar||SitrusBerry|Intimidate|FlareBlitz,PartingShot,DarkestLariat,FakeOut|||F|||50|]Aggron||Aggronite|Sturdy|BodyPress,HeavySlam,Protect,IronDefense|||F|||50|]Sneasler||FocusSash|Pressure|DireClaw,FakeOut,CloseCombat,Coaching|||F|||50|\n|inactive|AlexanderLC20 has 60 seconds left.\n|inactive|AlexanderLC20 has 30 seconds left.\n|inactive|AlexanderLC20 has 20 seconds left.\n|inactive|AlexanderLC20 has 15 seconds left.\n|\n|t:|1776216193\n|teamsize|p1|4\n|teamsize|p2|4\n|start\n|switch|p1a: Farigiraf|Farigiraf, L50, M|100/100\n|switch|p1b: Incineroar|Incineroar, L50, M|100/100\n|switch|p2a: Incineroar|Incineroar, L50, F|100/100\n|switch|p2b: Sneasler|Sneasler, L50, F|100/100\n|-ability|p2b: Sneasler|Pressure\n|-ability|p1b: Incineroar|Intimidate|boost\n|-unboost|p2a: Incineroar|atk|1\n|-unboost|p2b: Sneasler|atk|1\n|-ability|p2a: Incineroar|Intimidate|boost\n|-unboost|p1a: Farigiraf|atk|1\n|-unboost|p1b: Incineroar|atk|1\n|turn|1\n|inactive|vaporeons scald has 30 seconds left.\n|\n|t:|1776216227\n|move|p2b: Sneasler|Fake Out||[still]\n|cant|p1a: Farigiraf|ability: Armor Tail|Fake Out|[of] p2b: Sneasler\n|move|p2a: Incineroar|Fake Out||[still]\n|cant|p1a: Farigiraf|ability: Armor Tail|Fake Out|[of] p2a: Incineroar\n|move|p1b: Incineroar|Fake Out|p2b: Sneasler\n|-damage|p2b: Sneasler|84/100\n|move|p1a: Farigiraf|Trick Room|p1a: Farigiraf\n|-fieldstart|move: Trick Room|[of] p1a: Farigiraf\n|\n|upkeep\n|turn|2\n|\n|t:|1776216247\n|move|p1a: Farigiraf|Expanding Force|p2b: Sneasler\n|-supereffective|p2b: Sneasler|2\n|-damage|p2b: Sneasler|0 fnt\n|faint|p2b: Sneasler\n|move|p2a: Incineroar|Darkest Lariat|p1a: Farigiraf\n|-supereffective|p1a: Farigiraf|1\n|-damage|p1a: Farigiraf|48/100\n|move|p1b: Incineroar|Parting Shot|p2a: Incineroar\n|-unboost|p2a: Incineroar|atk|1\n|-unboost|p2a: Incineroar|spa|1\n|\n|t:|1776216255\n|switch|p1b: Golurk|Golurk, L50|100/100|[from] Parting Shot\n|\n|upkeep\n|\n|t:|1776216258\n|switch|p2b: Drampa|Drampa, L50, M|100/100\n|turn|3\n|\n|t:|1776216273\n|detailschange|p2b: Drampa|Drampa-Mega, L50, M\n|-mega|p2b: Drampa|Drampa|Drampanite\n|detailschange|p1b: Golurk|Golurk-Mega, L50\n|-mega|p1b: Golurk|Golurk|Golurkite\n|move|p1a: Farigiraf|Protect|p1a: Farigiraf\n|-singleturn|p1a: Farigiraf|Protect\n|move|p2b: Drampa|Draco Meteor|p1a: Farigiraf\n|-activate|p1a: Farigiraf|move: Protect\n|move|p1b: Golurk|Close Combat|p2b: Drampa\n|-supereffective|p2b: Drampa|1\n|-damage|p2b: Drampa|15/100\n|-unboost|p1b: Golurk|def|1\n|-unboost|p1b: Golurk|spd|1\n|-ability|p2b: Drampa|Berserk|boost\n|-boost|p2b: Drampa|spa|1\n|move|p2a: Incineroar|Darkest Lariat|p1a: Farigiraf\n|-activate|p1a: Farigiraf|move: Protect\n|\n|upkeep\n|turn|4\n|inactive|vaporeons scald has 30 seconds left.\n|inactive|AlexanderLC20 has 30 seconds left.\n|\n|t:|1776216313\n|switch|p2a: Alcremie|Alcremie, L50, F|100/100\n|move|p2b: Drampa|Draco Meteor|p1b: Golurk\n|-damage|p1b: Golurk|0 fnt\n|-unboost|p2b: Drampa|spa|2\n|faint|p1b: Golurk\n|move|p1a: Farigiraf|Hyper Voice|p2b: Drampa|[spread] p2a,p2b\n|-damage|p2a: Alcremie|73/100\n|-damage|p2b: Drampa|0 fnt\n|faint|p2b: Drampa\n|\n|-heal|p2a: Alcremie|78/100|[from] item: Leftovers\n|upkeep\n|\n|t:|1776216323\n|switch|p2b: Incineroar|Incineroar, L50, F|100/100\n|switch|p1b: Abomasnow|Abomasnow, L50, F|100/100\n|-ability|p2b: Incineroar|Intimidate|boost\n|-unboost|p1a: Farigiraf|atk|1\n|-unboost|p1b: Abomasnow|atk|1\n|-weather|Snowscape|[from] ability: Snow Warning|[of] p1b: Abomasnow\n|turn|5\n|\n|t:|1776216335\n|move|p1b: Abomasnow|Protect|p1b: Abomasnow\n|-singleturn|p1b: Abomasnow|Protect\n|move|p2b: Incineroar|Fake Out||[still]\n|cant|p1a: Farigiraf|ability: Armor Tail|Fake Out|[of] p2b: Incineroar\n|move|p1a: Farigiraf|Hyper Voice|p2a: Alcremie|[spread] p2a,p2b\n|-damage|p2a: Alcremie|50/100\n|-damage|p2b: Incineroar|77/100\n|move|p2a: Alcremie|Decorate|p2b: Incineroar\n|-boost|p2b: Incineroar|atk|2\n|-boost|p2b: Incineroar|spa|2\n|\n|-weather|Snowscape|[upkeep]\n|-heal|p2a: Alcremie|56/100|[from] item: Leftovers\n|-fieldend|move: Trick Room\n|upkeep\n|turn|6\n|\n|t:|1776216350\n|move|p2b: Incineroar|Flare Blitz|p1b: Abomasnow\n|-supereffective|p1b: Abomasnow|2\n|-damage|p1b: Abomasnow|0 fnt\n|faint|p1b: Abomasnow\n|-damage|p2b: Incineroar|50/100|[from] Recoil\n|-enditem|p2b: Incineroar|Sitrus Berry|[eat]\n|-heal|p2b: Incineroar|74/100|[from] item: Sitrus Berry\n|move|p2a: Alcremie|Dazzling Gleam|p1a: Farigiraf\n|-damage|p1a: Farigiraf|24/100\n|move|p1a: Farigiraf|Trick Room|p1a: Farigiraf\n|-fieldstart|move: Trick Room|[of] p1a: Farigiraf\n|\n|-weather|Snowscape|[upkeep]\n|-heal|p2a: Alcremie|62/100|[from] item: Leftovers\n|upkeep\n|\n|t:|1776216354\n|switch|p1b: Incineroar|Incineroar, L50, M|100/100\n|-ability|p1b: Incineroar|Intimidate|boost\n|-unboost|p2a: Alcremie|atk|1\n|-unboost|p2b: Incineroar|atk|1\n|turn|7\n|\n|t:|1776216363\n|move|p1b: Incineroar|Fake Out|p2b: Incineroar\n|-damage|p2b: Incineroar|63/100\n|move|p1a: Farigiraf|Hyper Voice|p2b: Incineroar|[spread] p2a,p2b\n|-damage|p2a: Alcremie|37/100\n|-damage|p2b: Incineroar|40/100\n|move|p2a: Alcremie|Decorate|p2b: Incineroar\n|-boost|p2b: Incineroar|atk|2\n|-boost|p2b: Incineroar|spa|2\n|cant|p2b: Incineroar|flinch\n|\n|-weather|Snowscape|[upkeep]\n|-heal|p2a: Alcremie|43/100|[from] item: Leftovers\n|upkeep\n|turn|8\n|\n|t:|1776216387\n|move|p1a: Farigiraf|Hyper Voice|p2a: Alcremie|[spread] p2a,p2b\n|-damage|p2a: Alcremie|19/100\n|-damage|p2b: Incineroar|14/100\n|move|p2a: Alcremie|Dazzling Gleam|p1a: Farigiraf|[spread] p1a,p1b\n|-damage|p1a: Farigiraf|7/100\n|-damage|p1b: Incineroar|74/100\n|move|p1b: Incineroar|Flare Blitz|p2a: Alcremie\n|-damage|p2a: Alcremie|0 fnt\n|faint|p2a: Alcremie\n|-damage|p1b: Incineroar|69/100|[from] Recoil\n|move|p2b: Incineroar|Darkest Lariat|p1b: Incineroar\n|-resisted|p1b: Incineroar|1\n|-damage|p1b: Incineroar|32/100\n|\n|-weather|Snowscape|[upkeep]\n|-heal|p1b: Incineroar|38/100|[from] item: Leftovers\n|upkeep\n|turn|9\n|-message|AlexanderLC20 forfeited.\n|\n|win|vaporeons scald\n|raw|vaporeons scald's rating: 1062 &rarr; <strong>1090</strong><br />(+28 for winning)\n|raw|AlexanderLC20's rating: 1033 &rarr; <strong>1019</strong><br />(-14 for losing)\n|l|\u2606AlexanderLC20\n|player|p2|\n",
  "uploadtime": 1776216410,
  "views": 18,
  "formatid": "gen9championsvgc2026regma",
  "rating": 1019,
  "private": 0,
  "password": null
}