{
  "id": "gen9championsvgc2026regma-2582320551",
  "format": "[Gen 9 Champions] VGC 2026 Reg M-A",
  "players": [
    "Ashk1996",
    "Braute"
  ],
  "log": "|j|\u2606Ashk1996\n|j|\u2606Braute\n|t:|1776083079\n|gametype|doubles\n|player|p1|Ashk1996|1|1249\n|player|p2|Braute|miku-fire|1306\n|gen|9\n|tier|[Gen 9 Champions] VGC 2026 Reg M-A\n|rated|\n|rule|Species Clause: Limit one of each Pok\u00e9mon\n|rule|Item Clause: Limit 1 of each item\n|clearpoke\n|poke|p1|Starmie, L50|\n|poke|p1|Garchomp, L50, M|\n|poke|p1|Tyranitar, L50, M|\n|poke|p1|Whimsicott, L50, F|\n|poke|p1|Farigiraf, L50, F|\n|poke|p1|Excadrill, L50, M|\n|poke|p2|Beedrill, L50, M|\n|poke|p2|Incineroar, L50, F|\n|poke|p2|Talonflame, L50, M|\n|poke|p2|Kingambit, L50, M|\n|poke|p2|Tyranitar, L50, M|\n|poke|p2|Excadrill, L50, F|\n|teampreview|4\n|inactive|Battle timer is ON: inactive players will automatically lose when time's up. (requested by Braute)\n|\n|t:|1776083101\n|teamsize|p1|4\n|teamsize|p2|4\n|start\n|switch|p1a: Starmie|Starmie, L50|100/100\n|switch|p1b: Whimsicott|Whimsicott, L50, F|100/100\n|switch|p2a: Talonflame|Talonflame, L50, M|100/100\n|switch|p2b: Beedrill|Beedrill, L50, M, shiny|100/100\n|turn|1\n|inactive|Ashk1996 has 30 seconds left.\n|inactive|Ashk1996 has 20 seconds left.\n|inactive|Ashk1996 has 15 seconds left.\n|inactive|Ashk1996 has 10 seconds left.\n|\n|t:|1776083147\n|move|p1a: Starmie|Protect|p1a: Starmie\n|-singleturn|p1a: Starmie|Protect\n|move|p2b: Beedrill|Protect|p2b: Beedrill\n|-singleturn|p2b: Beedrill|Protect\n|move|p2a: Talonflame|Dual Wingbeat|p1b: Whimsicott\n|-supereffective|p1b: Whimsicott|1\n|-damage|p1b: Whimsicott|48/100\n|-supereffective|p1b: Whimsicott|1\n|-damage|p1b: Whimsicott|0 fnt\n|faint|p1b: Whimsicott\n|-hitcount|p1: Whimsicott|2\n|\n|upkeep\n|\n|t:|1776083169\n|switch|p1b: Farigiraf|Farigiraf, L50, F|100/100\n|turn|2\n|\n|t:|1776083176\n|switch|p1a: Tyranitar|Tyranitar, L50, M|100/100\n|-weather|Sandstorm|[from] ability: Sand Stream|[of] p1a: Tyranitar\n|detailschange|p2b: Beedrill|Beedrill-Mega, L50, M, shiny\n|-mega|p2b: Beedrill|Beedrill|Beedrillite\n|move|p2a: Talonflame|Tailwind|p2a: Talonflame\n|-sidestart|p2: Braute|move: Tailwind\n|move|p2b: Beedrill|U-turn|p1b: Farigiraf\n|-supereffective|p1b: Farigiraf|1\n|-damage|p1b: Farigiraf|7/100\n|\n|t:|1776083185\n|switch|p2b: Incineroar|Incineroar, L50, F, shiny|100/100|[from] U-turn\n|-ability|p2b: Incineroar|Intimidate|boost\n|-unboost|p1a: Tyranitar|atk|1\n|-unboost|p1b: Farigiraf|atk|1\n|move|p1b: Farigiraf|Trick Room|p1b: Farigiraf\n|-fieldstart|move: Trick Room|[of] p1b: Farigiraf\n|\n|-weather|Sandstorm|[upkeep]\n|-damage|p1b: Farigiraf|1/100|[from] Sandstorm\n|-damage|p2b: Incineroar|94/100|[from] Sandstorm\n|-damage|p2a: Talonflame|95/100|[from] Sandstorm\n|-heal|p1b: Farigiraf|7/100|[from] item: Leftovers\n|upkeep\n|turn|3\n|\n|t:|1776083200\n|move|p1b: Farigiraf|Protect|p1b: Farigiraf\n|-singleturn|p1b: Farigiraf|Protect\n|move|p2a: Talonflame|Protect|p2a: Talonflame\n|-singleturn|p2a: Talonflame|Protect\n|move|p2b: Incineroar|Parting Shot|p1a: Tyranitar\n|-unboost|p1a: Tyranitar|atk|1\n|-unboost|p1a: Tyranitar|spa|1\n|\n|t:|1776083207\n|switch|p2b: Kingambit|Kingambit, L50, M, shiny|100/100|[from] Parting Shot\n|move|p1a: Tyranitar|Rock Slide|p2a: Talonflame|[spread] p2b\n|-activate|p2a: Talonflame|move: Protect\n|-resisted|p2b: Kingambit|1\n|-damage|p2b: Kingambit|93/100\n|\n|-weather|Sandstorm|[upkeep]\n|-damage|p1b: Farigiraf|1/100|[from] Sandstorm\n|-damage|p2a: Talonflame|89/100|[from] Sandstorm\n|-heal|p1b: Farigiraf|7/100|[from] item: Leftovers\n|upkeep\n|turn|4\n|\n|t:|1776083219\n|switch|p1b: Starmie|Starmie, L50|100/100\n|move|p2b: Kingambit|Low Kick|p1a: Tyranitar\n|-supereffective|p1a: Tyranitar|2\n|-damage|p1a: Tyranitar|0 fnt\n|faint|p1a: Tyranitar\n|move|p2a: Talonflame|Flare Blitz|p1b: Starmie\n|-resisted|p1b: Starmie|1\n|-damage|p1b: Starmie|66/100\n|-damage|p2a: Talonflame|78/100|[from] Recoil\n|\n|-weather|Sandstorm|[upkeep]\n|-damage|p1b: Starmie|60/100|[from] Sandstorm\n|-damage|p2a: Talonflame|72/100|[from] Sandstorm\n|upkeep\n|\n|t:|1776083230\n|switch|p1a: Farigiraf|Farigiraf, L50, F|7/100\n|turn|5\n|\n|t:|1776083239\n|detailschange|p1b: Starmie|Starmie-Mega, L50\n|-mega|p1b: Starmie|Starmie|Starminite\n|move|p1a: Farigiraf|Ally Switch|p1a: Farigiraf\n|swap|p1a: Farigiraf|1|[from] move: Ally Switch\n|move|p2b: Kingambit|Kowtow Cleave|p1b: Farigiraf\n|-supereffective|p1b: Farigiraf|1\n|-damage|p1b: Farigiraf|0 fnt\n|faint|p1b: Farigiraf\n|move|p1a: Starmie|Liquidation|p2b: Kingambit\n|-damage|p2b: Kingambit|24/100\n|move|p2a: Talonflame|Flare Blitz|p1a: Starmie\n|-resisted|p1a: Starmie|1\n|-damage|p1a: Starmie|32/100\n|-damage|p2a: Talonflame|64/100|[from] Recoil\n|\n|-weather|Sandstorm|[upkeep]\n|-damage|p1a: Starmie|26/100|[from] Sandstorm\n|-damage|p2a: Talonflame|58/100|[from] Sandstorm\n|-sideend|p2: Braute|move: Tailwind\n|upkeep\n|turn|6\n|-message|Ashk1996 forfeited.\n|\n|win|Braute\n|raw|Ashk1996's rating: 1249 &rarr; <strong>1228</strong><br />(-21 for losing)\n|raw|Braute's rating: 1306 &rarr; <strong>1323</strong><br />(+17 for winning)\n",
  "uploadtime": 1776083258,
  "views": 44,
  "formatid": "gen9championsvgc2026regma",
  "rating": 1228,
  "private": 0,
  "password": null
}