{
  "id": "gen9championsvgc2026regma-2587591556",
  "format": "[Gen 9 Champions] VGC 2026 Reg M-A",
  "players": [
    "Spikeyrs",
    "justluke7750"
  ],
  "log": "|j|\u2606Spikeyrs\n|j|\u2606justluke7750\n|t:|1776545067\n|gametype|doubles\n|player|p1|Spikeyrs|169|1146\n|player|p2|justluke7750|169|1105\n|gen|9\n|tier|[Gen 9 Champions] VGC 2026 Reg M-A\n|rated|\n|rule|Species Clause: Limit one of each Pok\u00e9mon\n|rule|Item Clause: Limit 1 of each item\n|clearpoke\n|poke|p1|Volcarona, L50, F|\n|poke|p1|Lopunny, L50, F|\n|poke|p1|Sinistcha, L50|\n|poke|p1|Samurott-Hisui, L50, F|\n|poke|p1|Rotom-Fan, L50|\n|poke|p1|Glimmora, L50, M|\n|poke|p2|Charizard, L50, F|\n|poke|p2|Whimsicott, L50, M|\n|poke|p2|Farigiraf, L50, M|\n|poke|p2|Sneasler, L50, F|\n|poke|p2|Garchomp, L50, M|\n|poke|p2|Kingambit, L50, F|\n|teampreview|4\n|inactive|Battle timer is ON: inactive players will automatically lose when time's up. (requested by Spikeyrs)\n|inactive|Spikeyrs has 60 seconds left.\n|\n|t:|1776545126\n|teamsize|p1|4\n|teamsize|p2|4\n|start\n|switch|p1a: Rotom|Rotom-Fan, L50|100/100\n|switch|p1b: Volcarona|Volcarona, L50, F|100/100\n|switch|p2a: Charizard|Charizard, L50, F|100/100\n|switch|p2b: Whimsicott|Whimsicott, L50, M|100/100\n|turn|1\n|inactive|Spikeyrs has 30 seconds left.\n|\n|t:|1776545160\n|detailschange|p2a: Charizard|Charizard-Mega-Y, L50, F\n|-mega|p2a: Charizard|Charizard|Charizardite Y\n|-weather|SunnyDay|[from] ability: Drought|[of] p2a: Charizard\n|move|p2b: Whimsicott|Tailwind|p2b: Whimsicott\n|-sidestart|p2: justluke7750|move: Tailwind\n|move|p2a: Charizard|Heat Wave|p1b: Volcarona|[spread] p1a,p1b\n|-damage|p1a: Rotom|23/100\n|-damage|p1b: Volcarona|35/100\n|move|p1a: Rotom|Thunderbolt|p2a: Charizard\n|-supereffective|p2a: Charizard|1\n|-damage|p2a: Charizard|8/100\n|move|p1b: Volcarona|Overheat|p2b: Whimsicott\n|-supereffective|p2b: Whimsicott|1\n|-enditem|p2b: Whimsicott|Focus Sash\n|-damage|p2b: Whimsicott|1/100\n|-unboost|p1b: Volcarona|spa|2\n|\n|-weather|SunnyDay|[upkeep]\n|upkeep\n|turn|2\n|inactive|Spikeyrs has 30 seconds left.\n|inactive|justluke7750 has 30 seconds left.\n|inactive|Spikeyrs has 20 seconds left.\n|inactive|justluke7750 has 20 seconds left.\n|\n|t:|1776545197\n|switch|p1a: Samurott|Samurott-Hisui, L50, F|100/100\n|move|p1b: Volcarona|Protect|p1b: Volcarona\n|-singleturn|p1b: Volcarona|Protect\n|move|p2a: Charizard|Heat Wave|p1a: Samurott|[spread] p1a\n|-activate|p1b: Volcarona|move: Protect\n|-resisted|p1a: Samurott|1\n|-damage|p1a: Samurott|61/100\n|move|p2b: Whimsicott|Moonblast|p1a: Samurott\n|-supereffective|p1a: Samurott|1\n|-damage|p1a: Samurott|0 fnt\n|faint|p1a: Samurott\n|\n|-weather|SunnyDay|[upkeep]\n|upkeep\n|\n|t:|1776545208\n|switch|p1a: Glimmora|Glimmora, L50, M|100/100\n|turn|3\n|l|\u2606Spikeyrs\n|inactive|Spikeyrs disconnected and has a minute to reconnect!\n|player|p1|\n|\n|t:|1776545230\n|detailschange|p1a: Glimmora|Glimmora-Mega, L50, M\n|-mega|p1a: Glimmora|Glimmora|Glimmoranite\n|move|p2b: Whimsicott|Protect|p2b: Whimsicott\n|-singleturn|p2b: Whimsicott|Protect\n|move|p1b: Volcarona|Protect||[still]\n|-fail|p1b: Volcarona\n|move|p2a: Charizard|Heat Wave|p1a: Glimmora|[spread] p1a,p1b\n|-resisted|p1a: Glimmora|1\n|-damage|p1a: Glimmora|64/100\n|-damage|p1b: Volcarona|0 fnt\n|faint|p1b: Volcarona\n|move|p1a: Glimmora|Rock Slide|p2b: Whimsicott|[spread] p2a\n|-activate|p2b: Whimsicott|move: Protect\n|-supereffective|p2a: Charizard|2\n|-damage|p2a: Charizard|0 fnt\n|faint|p2a: Charizard\n|\n|-weather|SunnyDay|[upkeep]\n|upkeep\n|inactive|Spikeyrs has 30 seconds left.\n|inactive|justluke7750 has 30 seconds left.\n|inactive|Spikeyrs has 20 seconds left.\n|inactive|Spikeyrs has 15 seconds left.\n|inactive|Spikeyrs has 10 seconds left.\n|inactive|Spikeyrs has 5 seconds left.\n|j|\u2606Spikeyrs\n|inactive|Spikeyrs reconnected and has 5 seconds left.\n|player|p1|Spikeyrs|169|\n|\n|t:|1776545285\n|switch|p2a: Garchomp|Garchomp, L50, M|100/100\n|switch|p1b: Rotom|Rotom-Fan, L50|23/100\n|turn|4\n|inactive|Spikeyrs has 30 seconds left.\n|inactive|justluke7750 has 30 seconds left.\n|inactive|Spikeyrs has 20 seconds left.\n|inactive|Spikeyrs has 15 seconds left.\n|\n|t:|1776545325\n|switch|p2b: Sneasler|Sneasler, L50, F|100/100\n|move|p1a: Glimmora|Spiky Shield|p1a: Glimmora\n|-singleturn|p1a: Glimmora|move: Protect\n|move|p2a: Garchomp|Rock Slide|p1b: Rotom|[spread] p1b\n|-activate|p1a: Glimmora|move: Protect\n|-supereffective|p1b: Rotom|1\n|-damage|p1b: Rotom|0 fnt\n|faint|p1b: Rotom\n|\n|-weather|SunnyDay|[upkeep]\n|-sideend|p2: justluke7750|move: Tailwind\n|upkeep\n|turn|5\n|-message|Spikeyrs forfeited.\n|\n|win|justluke7750\n|raw|Spikeyrs's rating: 1146 &rarr; <strong>1118</strong><br />(-28 for losing)\n|raw|justluke7750's rating: 1105 &rarr; <strong>1133</strong><br />(+28 for winning)\n|l|\u2606Spikeyrs\n|player|p1|\n",
  "uploadtime": 1776545513,
  "views": 34,
  "formatid": "gen9championsvgc2026regma",
  "rating": 1118,
  "private": 0,
  "password": null
}