{
  "id": "gen9championsvgc2026regma-2584920272",
  "format": "[Gen 9 Champions] VGC 2026 Reg M-A",
  "players": [
    "FinalKnights",
    "bomdia_agiota"
  ],
  "log": "|j|\u2606FinalKnights\n|j|\u2606bomdia_agiota\n|t:|1776294609\n|gametype|doubles\n|player|p1|FinalKnights|pryce|1117\n|player|p2|bomdia_agiota|rosa|1075\n|gen|9\n|tier|[Gen 9 Champions] VGC 2026 Reg M-A\n|rated|\n|rule|Species Clause: Limit one of each Pok\u00e9mon\n|rule|Item Clause: Limit 1 of each item\n|clearpoke\n|poke|p1|Sneasler, L50, F|\n|poke|p1|Kingambit, L50, M|\n|poke|p1|Milotic, L50, M|\n|poke|p1|Garchomp, L50, M|\n|poke|p1|Chimecho, L50, F|\n|poke|p1|Maushold-Four, L50|\n|poke|p2|Tyranitar, L50, F|\n|poke|p2|Sandaconda, L50, M|\n|poke|p2|Excadrill, L50, M|\n|poke|p2|Delphox, L50, M|\n|poke|p2|Oranguru, L50, M|\n|poke|p2|Decidueye-Hisui, L50, F|\n|teampreview|4\n|inactive|Battle timer is ON: inactive players will automatically lose when time's up. (requested by FinalKnights)\nFinalKnights rejected open team sheets.\n|\n|t:|1776294648\n|teamsize|p1|4\n|teamsize|p2|4\n|start\n|switch|p1a: Sneasler|Sneasler, L50, F|100/100\n|switch|p1b: Kingambit|Kingambit, L50, M|100/100\n|switch|p2a: Excadrill|Excadrill, L50, M|100/100\n|switch|p2b: Oranguru|Oranguru, L50, M|100/100\n|turn|1\n|inactive|FinalKnights has 30 seconds left.\n|inactive|FinalKnights has 20 seconds left.\n|\n|t:|1776294685\n|move|p1a: Sneasler|Fake Out|p2a: Excadrill\n|-resisted|p2a: Excadrill|1\n|-damage|p2a: Excadrill|90/100\n|cant|p2a: Excadrill|flinch\n|move|p2b: Oranguru|Yawn|p1b: Kingambit\n|-start|p1b: Kingambit|move: Yawn|[of] p2b: Oranguru\n|move|p1b: Kingambit|Kowtow Cleave|p2b: Oranguru\n|-supereffective|p2b: Oranguru|1\n|-damage|p2b: Oranguru|15/100\n|\n|upkeep\n|turn|2\n|\n|t:|1776294706\n|switch|p1b: Milotic|Milotic, L50, M|100/100\n|move|p2a: Excadrill|Earthquake|p1a: Sneasler|[spread] p1a,p1b\n|-activate|p2b: Oranguru|ability: Telepathy\n|-supereffective|p1a: Sneasler|1\n|-enditem|p1a: Sneasler|Focus Sash\n|-damage|p1a: Sneasler|1/100\n|-damage|p1b: Milotic|46/100\n|-enditem|p1b: Milotic|Sitrus Berry|[eat]\n|-heal|p1b: Milotic|71/100|[from] item: Sitrus Berry\n|move|p1a: Sneasler|Close Combat|p2a: Excadrill\n|-supereffective|p2a: Excadrill|1\n|-damage|p2a: Excadrill|0 fnt\n|-unboost|p1a: Sneasler|def|1\n|-unboost|p1a: Sneasler|spd|1\n|faint|p2a: Excadrill\n|move|p2b: Oranguru|Psychic|p1a: Sneasler\n|-supereffective|p1a: Sneasler|2\n|-damage|p1a: Sneasler|0 fnt\n|faint|p1a: Sneasler\n|\n|upkeep\n|\n|t:|1776294726\n|switch|p1a: Kingambit|Kingambit, L50, M|100/100\n|switch|p2a: Tyranitar|Tyranitar, L50, F|100/100\n|-weather|Sandstorm|[from] ability: Sand Stream|[of] p2a: Tyranitar\n|turn|3\n|\n|t:|1776294744\n|detailschange|p2a: Tyranitar|Tyranitar-Mega, L50, F\n|-mega|p2a: Tyranitar|Tyranitar|Tyranitarite\n|move|p1b: Milotic|Protect|p1b: Milotic\n|-singleturn|p1b: Milotic|Protect\n|move|p1a: Kingambit|Protect|p1a: Kingambit\n|-singleturn|p1a: Kingambit|Protect\n|move|p2a: Tyranitar|Earthquake|p1b: Milotic|[spread] \n|-activate|p1a: Kingambit|move: Protect\n|-activate|p1b: Milotic|move: Protect\n|-activate|p2b: Oranguru|ability: Telepathy\n|move|p2b: Oranguru|Trick Room|p2b: Oranguru\n|-fieldstart|move: Trick Room|[of] p2b: Oranguru\n|\n|-weather|Sandstorm|[upkeep]\n|-damage|p2b: Oranguru|9/100|[from] Sandstorm\n|-damage|p1b: Milotic|65/100|[from] Sandstorm\n|upkeep\n|turn|4\n|inactive|FinalKnights has 30 seconds left.\n|\n|t:|1776294772\n|move|p1a: Kingambit|Iron Head|p2a: Tyranitar\n|-supereffective|p2a: Tyranitar|1\n|-crit|p2a: Tyranitar\n|-damage|p2a: Tyranitar|32/100\n|move|p2b: Oranguru|Thunderbolt|p1b: Milotic\n|-supereffective|p1b: Milotic|1\n|-damage|p1b: Milotic|36/100\n|cant|p2a: Tyranitar|flinch\n|move|p1b: Milotic|Icy Wind|p2a: Tyranitar|[spread] p2a,p2b\n|-damage|p2a: Tyranitar|26/100\n|-damage|p2b: Oranguru|0 fnt\n|-unboost|p2a: Tyranitar|spe|1\n|faint|p2b: Oranguru\n|\n|-weather|Sandstorm|[upkeep]\n|-damage|p1b: Milotic|30/100|[from] Sandstorm\n|upkeep\n|\n|t:|1776294783\n|switch|p2b: Sandaconda|Sandaconda, L50, M|100/100\n|turn|5\n|\n|t:|1776294795\n|move|p1b: Milotic|Protect|p1b: Milotic\n|-singleturn|p1b: Milotic|Protect\n|move|p1a: Kingambit|Sucker Punch|p2a: Tyranitar\n|-resisted|p2a: Tyranitar|1\n|-damage|p2a: Tyranitar|14/100\n|move|p2a: Tyranitar|Earthquake|p1a: Kingambit|[spread] p2b,p1a\n|-activate|p1b: Milotic|move: Protect\n|-supereffective|p1a: Kingambit|1\n|-damage|p2b: Sandaconda|76/100\n|-damage|p1a: Kingambit|60/100\n|move|p2b: Sandaconda|Minimize|p2b: Sandaconda\n|-boost|p2b: Sandaconda|evasion|2\n|\n|-weather|Sandstorm|[upkeep]\n|-damage|p1b: Milotic|24/100|[from] Sandstorm\n|-heal|p2b: Sandaconda|83/100|[from] item: Leftovers\n|upkeep\n|turn|6\n|\n|t:|1776294816\n|move|p2a: Tyranitar|Earthquake|p1b: Milotic|[spread] p1a,p1b\n|-miss|p2a: Tyranitar|p2b: Sandaconda\n|-supereffective|p1a: Kingambit|1\n|-damage|p1a: Kingambit|23/100\n|-damage|p1b: Milotic|0 fnt\n|faint|p1b: Milotic\n|move|p1a: Kingambit|Iron Head|p2b: Sandaconda|[miss]\n|-miss|p1a: Kingambit|p2b: Sandaconda\n|move|p2b: Sandaconda|Minimize|p2b: Sandaconda\n|-boost|p2b: Sandaconda|evasion|2\n|\n|-weather|Sandstorm|[upkeep]\n|-heal|p2b: Sandaconda|89/100|[from] item: Leftovers\n|upkeep\n|\n|t:|1776294825\n|switch|p1b: Chimecho|Chimecho, L50, F|100/100\n|turn|7\n|\n|t:|1776294843\n|detailschange|p1b: Chimecho|Chimecho-Mega, L50, F\n|-mega|p1b: Chimecho|Chimecho|Chimechite\n|move|p1a: Kingambit|Sucker Punch|p2a: Tyranitar\n|-resisted|p2a: Tyranitar|1\n|-damage|p2a: Tyranitar|2/100\n|move|p2a: Tyranitar|Earthquake|p1b: Chimecho|[spread] p2b,p1a\n|-immune|p1b: Chimecho|[from] ability: Levitate\n|-supereffective|p1a: Kingambit|1\n|-damage|p2b: Sandaconda|64/100\n|-damage|p1a: Kingambit|0 fnt\n|faint|p1a: Kingambit\n|move|p1b: Chimecho|Boomburst|p2b: Sandaconda|[spread] p2a\n|-miss|p1b: Chimecho|p2b: Sandaconda\n|-resisted|p2a: Tyranitar|1\n|-damage|p2a: Tyranitar|0 fnt\n|faint|p2a: Tyranitar\n|move|p2b: Sandaconda|Minimize|p2b: Sandaconda\n|-boost|p2b: Sandaconda|evasion|2\n|\n|-weather|none\n|-heal|p2b: Sandaconda|70/100|[from] item: Leftovers\n|-fieldend|move: Trick Room\n|upkeep\n|turn|8\n|\n|t:|1776294864\n|move|p2b: Sandaconda|Glare|p1b: Chimecho\n|-status|p1b: Chimecho|par\n|move|p1b: Chimecho|Boomburst|p2b: Sandaconda\n|-damage|p2b: Sandaconda|0 fnt\n|faint|p2b: Sandaconda\n|\n|win|FinalKnights\n|raw|FinalKnights's rating: 1117 &rarr; <strong>1139</strong><br />(+22 for winning)\n|raw|bomdia_agiota's rating: 1075 &rarr; <strong>1056</strong><br />(-19 for losing)\n|l|\u2606bomdia_agiota\n|player|p2|\n",
  "uploadtime": 1776294993,
  "views": 21,
  "formatid": "gen9championsvgc2026regma",
  "rating": 1056,
  "private": 0,
  "password": null
}