{
  "id": "gen9championsvgc2026regma-2582981265",
  "format": "[Gen 9 Champions] VGC 2026 Reg M-A",
  "players": [
    "AngelilloVGC",
    "superboy245"
  ],
  "log": "|j|\u2606AngelilloVGC\n|j|\u2606superboy245\n|t:|1776130489\n|gametype|doubles\n|player|p1|AngelilloVGC|roughneck-gen4|1274\n|player|p2|superboy245|buck|1254\n|gen|9\n|tier|[Gen 9 Champions] VGC 2026 Reg M-A\n|rated|\n|rule|Species Clause: Limit one of each Pok\u00e9mon\n|rule|Item Clause: Limit 1 of each item\n|clearpoke\n|poke|p1|Charizard, L50, M|\n|poke|p1|Venusaur, L50, M|\n|poke|p1|Garchomp, L50, M|\n|poke|p1|Sylveon, L50, M|\n|poke|p1|Rotom-Wash, L50|\n|poke|p1|Sneasler, L50, M|\n|poke|p2|Greninja-*, L50, M|\n|poke|p2|Politoed, L50, M|\n|poke|p2|Basculegion, L50, M|\n|poke|p2|Lucario, L50, M|\n|poke|p2|Sinistcha, L50|\n|poke|p2|Toxicroak, L50, M|\n|teampreview|4\n|inactive|Battle timer is ON: inactive players will automatically lose when time's up. (requested by AngelilloVGC)\nsuperboy245 rejected open team sheets.\n|inactive|superboy245 has 60 seconds left.\n|\n|t:|1776130532\n|teamsize|p1|4\n|teamsize|p2|4\n|start\n|switch|p1a: Rotom|Rotom-Wash, L50, shiny|100/100\n|switch|p1b: Charizard|Charizard, L50, M, shiny|100/100\n|switch|p2a: Greninja|Greninja, L50, M|100/100\n|switch|p2b: Basculegion|Basculegion, L50, M|100/100\n|turn|1\n|inactive|AngelilloVGC has 30 seconds left.\n|inactive|superboy245 has 30 seconds left.\n|inactive|AngelilloVGC has 20 seconds left.\n|inactive|AngelilloVGC has 15 seconds left.\n|inactive|AngelilloVGC has 10 seconds left.\n|inactive|AngelilloVGC has 5 seconds left.\n|\n|t:|1776130584\n|detailschange|p1b: Charizard|Charizard-Mega-Y, L50, M, shiny\n|-mega|p1b: Charizard|Charizard|Charizardite Y\n|-weather|SunnyDay|[from] ability: Drought|[of] p1b: Charizard\n|move|p2a: Greninja|Protect|p2a: Greninja\n|-start|p2a: Greninja|typechange|Normal|[from] ability: Protean\n|-singleturn|p2a: Greninja|Protect\n|move|p1b: Charizard|Protect|p1b: Charizard\n|-singleturn|p1b: Charizard|Protect\n|move|p2b: Basculegion|Flip Turn|p1a: Rotom\n|-resisted|p1a: Rotom|1\n|-damage|p1a: Rotom|92/100\n|\n|t:|1776130600\n|switch|p2b: Politoed|Politoed, L50, M|100/100|[from] Flip Turn\n|-weather|RainDance|[from] ability: Drizzle|[of] p2b: Politoed\n|move|p1a: Rotom|Electroweb|p2b: Politoed|[spread] p2b\n|-activate|p2a: Greninja|move: Protect\n|-supereffective|p2b: Politoed|1\n|-damage|p2b: Politoed|73/100\n|-unboost|p2b: Politoed|spe|1\n|\n|-weather|RainDance|[upkeep]\n|-heal|p1a: Rotom|98/100|[from] item: Leftovers\n|upkeep\n|turn|2\n|inactive|AngelilloVGC has 30 seconds left.\n|inactive|superboy245 has 30 seconds left.\n|\n|t:|1776130629\n|switch|p1b: Venusaur|Venusaur, L50, M, shiny|100/100\n|switch|p2b: Toxicroak|Toxicroak, L50, M|100/100\n|detailschange|p2a: Greninja|Greninja-Mega, L50, M\n|-mega|p2a: Greninja|Greninja|Greninjite\n|move|p2a: Greninja|Dark Pulse|p1a: Rotom\n|-start|p2a: Greninja|typechange|Dark|[from] ability: Protean\n|-damage|p1a: Rotom|48/100\n|move|p1a: Rotom|Electroweb|p2a: Greninja|[spread] p2a,p2b\n|-damage|p2a: Greninja|70/100\n|-damage|p2b: Toxicroak|66/100\n|-unboost|p2a: Greninja|spe|1\n|-unboost|p2b: Toxicroak|spe|1\n|\n|-weather|RainDance|[upkeep]\n|-heal|p2b: Toxicroak|79/100|[from] ability: Dry Skin\n|-heal|p1a: Rotom|54/100|[from] item: Leftovers\n|upkeep\n|turn|3\n|\n|t:|1776130652\n|switch|p1a: Charizard|Charizard-Mega-Y, L50, M, shiny|100/100\n|-weather|SunnyDay|[from] ability: Drought|[of] p1a: Charizard\n|move|p2a: Greninja|Protect|p2a: Greninja\n|-singleturn|p2a: Greninja|Protect\n|move|p1b: Venusaur|Sleep Powder|p2a: Greninja\n|-activate|p2a: Greninja|move: Protect\n|move|p2b: Toxicroak|Close Combat|p1a: Charizard\n|-resisted|p1a: Charizard|1\n|-damage|p1a: Charizard|68/100\n|-unboost|p2b: Toxicroak|def|1\n|-unboost|p2b: Toxicroak|spd|1\n|\n|-weather|SunnyDay|[upkeep]\n|-damage|p2b: Toxicroak|66/100|[from] ability: Dry Skin|[of] p2b: Toxicroak\n|upkeep\n|turn|4\n|inactive|AngelilloVGC has 30 seconds left.\n|\n|t:|1776130684\n|switch|p1a: Rotom|Rotom-Wash, L50, shiny|54/100\n|switch|p2a: Politoed|Politoed, L50, M|73/100\n|-weather|RainDance|[from] ability: Drizzle|[of] p2a: Politoed\n|move|p1b: Venusaur|Energy Ball|p2b: Toxicroak\n|-resisted|p2b: Toxicroak|1\n|-damage|p2b: Toxicroak|21/100\n|move|p2b: Toxicroak|Poison Jab|p1a: Rotom\n|-damage|p1a: Rotom|13/100\n|\n|-weather|RainDance|[upkeep]\n|-heal|p2b: Toxicroak|34/100|[from] ability: Dry Skin\n|-heal|p1a: Rotom|19/100|[from] item: Leftovers\n|upkeep\n|turn|5\n|inactive|superboy245 has 30 seconds left.\n|inactive|superboy245 has 20 seconds left.\n|\n|t:|1776130722\n|switch|p1b: Charizard|Charizard-Mega-Y, L50, M, shiny|68/100\n|-weather|SunnyDay|[from] ability: Drought|[of] p1b: Charizard\n|switch|p2a: Basculegion|Basculegion, L50, M|100/100\n|move|p2b: Toxicroak|Sucker Punch|p1a: Rotom\n|-damage|p1a: Rotom|0 fnt\n|faint|p1a: Rotom\n|\n|-weather|SunnyDay|[upkeep]\n|-damage|p2b: Toxicroak|21/100|[from] ability: Dry Skin|[of] p2b: Toxicroak\n|upkeep\n|\n|t:|1776130733\n|switch|p1a: Venusaur|Venusaur, L50, M, shiny|100/100\n|turn|6\n|\n|t:|1776130749\n|switch|p2b: Politoed|Politoed, L50, M|73/100\n|-weather|RainDance|[from] ability: Drizzle|[of] p2b: Politoed\n|move|p2a: Basculegion|Flip Turn|p1a: Venusaur\n|-resisted|p1a: Venusaur|1\n|-damage|p1a: Venusaur|71/100\n|\n|t:|1776130755\n|switch|p2a: Toxicroak|Toxicroak, L50, M|21/100|[from] Flip Turn\n|move|p1b: Charizard|Air Slash|p2b: Politoed\n|-damage|p2b: Politoed|44/100\n|-enditem|p2b: Politoed|Sitrus Berry|[eat]\n|-heal|p2b: Politoed|69/100|[from] item: Sitrus Berry\n|move|p1a: Venusaur|Sleep Powder|p2a: Toxicroak\n|-status|p2a: Toxicroak|slp|[from] move: Sleep Powder\n|\n|-weather|RainDance|[upkeep]\n|-heal|p2a: Toxicroak|34/100 slp|[from] ability: Dry Skin\n|upkeep\n|turn|7\n|inactive|superboy245 has 30 seconds left.\n|\n|t:|1776130782\n|move|p1b: Charizard|Protect|p1b: Charizard\n|-singleturn|p1b: Charizard|Protect\n|cant|p2a: Toxicroak|slp\n|move|p1a: Venusaur|Energy Ball|p2b: Politoed\n|-supereffective|p2b: Politoed|1\n|-damage|p2b: Politoed|19/100\n|move|p2b: Politoed|Ice Beam|p1a: Venusaur\n|-supereffective|p1a: Venusaur|1\n|-damage|p1a: Venusaur|21/100\n|\n|-weather|RainDance|[upkeep]\n|-heal|p2a: Toxicroak|46/100 slp|[from] ability: Dry Skin\n|upkeep\n|turn|8\n|\n|t:|1776130799\n|cant|p2a: Toxicroak|slp\n|move|p1b: Charizard|Air Slash|p2a: Toxicroak\n|-supereffective|p2a: Toxicroak|1\n|-damage|p2a: Toxicroak|0 fnt\n|faint|p2a: Toxicroak\n|move|p1a: Venusaur|Energy Ball|p2b: Politoed\n|-supereffective|p2b: Politoed|1\n|-damage|p2b: Politoed|0 fnt\n|faint|p2b: Politoed\n|\n|-weather|RainDance|[upkeep]\n|upkeep\n|\n|t:|1776130805\n|switch|p2a: Basculegion|Basculegion, L50, M|100/100\n|switch|p2b: Greninja|Greninja-Mega, L50, M|70/100\n|turn|9\n|inactive|superboy245 has 30 seconds left.\n|\n|t:|1776130832\n|switch|p1b: Garchomp|Garchomp, L50, M, shiny|100/100\n|move|p1a: Venusaur|Protect|p1a: Venusaur\n|-singleturn|p1a: Venusaur|Protect\n|move|p2a: Basculegion|Last Respects|p1b: Garchomp\n|-damage|p1b: Garchomp|32/100\n|move|p2b: Greninja|Dark Pulse|p1a: Venusaur\n|-start|p2b: Greninja|typechange|Dark|[from] ability: Protean\n|-activate|p1a: Venusaur|move: Protect\n|\n|-weather|RainDance|[upkeep]\n|upkeep\n|turn|10\n|inactive|superboy245 has 30 seconds left.\n|inactive|superboy245 has 20 seconds left.\n|inactive|superboy245 has 15 seconds left.\n|\n|t:|1776130876\n|switch|p1b: Charizard|Charizard-Mega-Y, L50, M, shiny|68/100\n|-weather|SunnyDay|[from] ability: Drought|[of] p1b: Charizard\n|move|p1a: Venusaur|Energy Ball|p2a: Basculegion\n|-supereffective|p2a: Basculegion|1\n|-damage|p2a: Basculegion|15/100\n|move|p2b: Greninja|Dark Pulse|p1a: Venusaur\n|-damage|p1a: Venusaur|0 fnt\n|faint|p1a: Venusaur\n|move|p2a: Basculegion|Last Respects|p1b: Charizard\n|-damage|p1b: Charizard|0 fnt\n|faint|p1b: Charizard\n|\n|-weather|SunnyDay|[upkeep]\n|upkeep\n|\n|t:|1776130890\n|switch|p1b: Garchomp|Garchomp, L50, M, shiny|32/100\n|turn|11\n|c|\u2606superboy245|Gg\n|\n|t:|1776130903\n|move|p2b: Greninja|Ice Beam|p1b: Garchomp\n|-supereffective|p1b: Garchomp|2\n|-damage|p1b: Garchomp|0 fnt\n|faint|p1b: Garchomp\n|\n|win|superboy245\n|raw|AngelilloVGC's rating: 1274 &rarr; <strong>1248</strong><br />(-26 for losing)\n|raw|superboy245's rating: 1254 &rarr; <strong>1280</strong><br />(+26 for winning)\n",
  "uploadtime": 1776130907,
  "views": 27,
  "formatid": "gen9championsvgc2026regma",
  "rating": 1248,
  "private": 0,
  "password": null
}