{
  "id": "gen9championsvgc2026regma-2588771780",
  "format": "[Gen 9 Champions] VGC 2026 Reg M-A",
  "players": [
    "rqpsody",
    "fruit_name"
  ],
  "log": "|j|\u2606rqpsody\n|j|\u2606fruit_name\n|t:|1776668742\n|gametype|doubles\n|player|p1|rqpsody|proton|1098\n|player|p2|fruit_name|cynthia-gen4|1044\n|gen|9\n|tier|[Gen 9 Champions] VGC 2026 Reg M-A\n|rated|\n|rule|Species Clause: Limit one of each Pok\u00e9mon\n|rule|Item Clause: Limit 1 of each item\n|clearpoke\n|poke|p1|Lucario, L50, M|\n|poke|p1|Incineroar, L50, F, shiny|\n|poke|p1|Aerodactyl, L50, M, shiny|\n|poke|p1|Rotom-Wash, L50, shiny|\n|poke|p1|Scizor, L50, M, shiny|\n|poke|p1|Hatterene, L50, F, shiny|\n|poke|p2|Floette-Eternal, L50, F|\n|poke|p2|Talonflame, L50, M, shiny|\n|poke|p2|Garchomp, L50, F|\n|poke|p2|Sinistcha-Masterpiece, L50, shiny|\n|poke|p2|Incineroar, L50, F|\n|poke|p2|Rotom-Wash, L50, shiny|\n|teampreview|4\n|\n|t:|1776668768\n|teamsize|p1|4\n|teamsize|p2|4\n|start\n|switch|p1a: Hatterene|Hatterene, L50, F, shiny|100/100\n|switch|p1b: Aerodactyl|Aerodactyl, L50, M, shiny|100/100\n|switch|p2a: Aerostar|Incineroar, L50, F|100/100\n|switch|p2b: TFBTIH|Talonflame, L50, M, shiny|100/100\n|-ability|p1b: Aerodactyl|Unnerve\n|-ability|p2a: Aerostar|Intimidate|boost\n|-unboost|p1a: Hatterene|atk|1\n|-unboost|p1b: Aerodactyl|atk|1\n|turn|1\n|\n|t:|1776668793\n|move|p1b: Aerodactyl|Protect|p1b: Aerodactyl\n|-singleturn|p1b: Aerodactyl|Protect\n|move|p2a: Aerostar|Fake Out|p1b: Aerodactyl\n|-activate|p1b: Aerodactyl|move: Protect\n|move|p2b: TFBTIH|Tailwind|p2b: TFBTIH\n|-sidestart|p2: fruit_name|move: Tailwind\n|move|p1a: Hatterene|Calm Mind|p1a: Hatterene\n|-boost|p1a: Hatterene|spa|1\n|-boost|p1a: Hatterene|spd|1\n|\n|upkeep\n|turn|2\n|\n|t:|1776668810\n|move|p2b: TFBTIH|Dual Wingbeat|p1a: Hatterene\n|-damage|p1a: Hatterene|78/100\n|-damage|p1a: Hatterene|57/100\n|-hitcount|p1a: Hatterene|2\n|move|p2a: Aerostar|Throat Chop|p1a: Hatterene\n|-damage|p1a: Hatterene|15/100\n|-start|p1a: Hatterene|Throat Chop|[silent]\n|move|p1b: Aerodactyl|Rock Slide|p2a: Aerostar|[spread] p2a,p2b\n|-supereffective|p2a: Aerostar|1\n|-supereffective|p2b: TFBTIH|2\n|-damage|p2a: Aerostar|64/100\n|-damage|p2b: TFBTIH|27/100\n|move|p1a: Hatterene|Dazzling Gleam|p2b: TFBTIH|[spread] p2a,p2b\n|-resisted|p2b: TFBTIH|1\n|-damage|p2a: Aerostar|12/100\n|-damage|p2b: TFBTIH|0 fnt\n|faint|p2b: TFBTIH\n|\n|-heal|p2a: Aerostar|17/100|[from] item: Leftovers\n|-heal|p1a: Hatterene|21/100|[from] item: Leftovers\n|upkeep\n|\n|t:|1776668829\n|switch|p2b: Zaza|Floette-Eternal, L50, F|100/100\n|turn|3\n|\n|t:|1776668857\n|move|p1a: Hatterene|Protect|p1a: Hatterene\n|-singleturn|p1a: Hatterene|Protect\n|move|p2b: Zaza|Calm Mind|p2b: Zaza\n|-boost|p2b: Zaza|spa|1\n|-boost|p2b: Zaza|spd|1\n|move|p2a: Aerostar|Flare Blitz|p1b: Aerodactyl\n|-resisted|p1b: Aerodactyl|1\n|-damage|p1b: Aerodactyl|60/100\n|-damage|p2a: Aerostar|5/100|[from] Recoil\n|move|p1b: Aerodactyl|Tailwind|p1b: Aerodactyl\n|-sidestart|p1: rqpsody|move: Tailwind\n|\n|-heal|p2a: Aerostar|11/100|[from] item: Leftovers\n|-heal|p1a: Hatterene|26/100|[from] item: Leftovers\n|-end|p1a: Hatterene|Throat Chop|[silent]\n|upkeep\n|turn|4\n|\n|t:|1776668882\n|move|p1b: Aerodactyl|Rock Slide|p2b: Zaza|[spread] p2a,p2b\n|-supereffective|p2a: Aerostar|1\n|-damage|p2a: Aerostar|0 fnt\n|-damage|p2b: Zaza|81/100\n|faint|p2a: Aerostar\n|move|p2b: Zaza|Dazzling Gleam|p1a: Hatterene|[spread] p1a,p1b\n|-damage|p1a: Hatterene|0 fnt\n|-damage|p1b: Aerodactyl|3/100\n|faint|p1a: Hatterene\n|\n|-sideend|p2: fruit_name|move: Tailwind\n|upkeep\n|\n|t:|1776668895\n|switch|p2a: Tupperware|Sinistcha-Masterpiece, L50, shiny|100/100\n|switch|p1a: Lucario|Lucario, L50, M|100/100\n|-heal|p2b: Zaza|100/100|[from] ability: Hospitality|[of] p2a: Tupperware\n|turn|5\n|\n|t:|1776668912\n|switch|p1b: Incineroar|Incineroar, L50, F, shiny|100/100\n|-ability|p1b: Incineroar|Intimidate|boost\n|-block|p2a: Tupperware|ability: Flower Veil|[of] p2b: Zaza\n|-unboost|p2b: Zaza|atk|1\n|detailschange|p1a: Lucario|Lucario-Mega, L50, M\n|-mega|p1a: Lucario|Lucario|Lucarionite\n|move|p1a: Lucario|Flash Cannon|p2a: Tupperware\n|-damage|p2a: Tupperware|48/100\n|move|p2b: Zaza|Dazzling Gleam|p1b: Incineroar|[spread] p1a,p1b\n|-damage|p1a: Lucario|29/100\n|-damage|p1b: Incineroar|58/100\n|move|p2a: Tupperware|Life Dew||[still]|[spread] p2a,p2b\n|-heal|p2a: Tupperware|73/100\n|-fail|p2b: Zaza|heal\n|\n|upkeep\n|turn|6\n|c|\u2606fruit_name|just noticed i havent mega'd yet lmao\n|\n|t:|1776668956\n|detailschange|p2b: Zaza|Floette-Mega, L50, F\n|-mega|p2b: Zaza|Floette|Floettite\n|-ability|p2b: Zaza|Fairy Aura\n|move|p1b: Incineroar|Fake Out|p2b: Zaza\n|-damage|p2b: Zaza|87/100\n|move|p2a: Tupperware|Rage Powder|p2a: Tupperware\n|-singleturn|p2a: Tupperware|move: Rage Powder\n|move|p1a: Lucario|Flash Cannon|p2a: Tupperware\n|-damage|p2a: Tupperware|24/100\n|cant|p2b: Zaza|flinch\n|\n|-sideend|p1: rqpsody|move: Tailwind\n|upkeep\n|turn|7\n|c|\u2606rqpsody|yeha i thought, it was odd haha\n|\n|t:|1776669002\n|move|p1a: Lucario|Flash Cannon|p2b: Zaza\n|-supereffective|p2b: Zaza|1\n|-damage|p2b: Zaza|34/100\n|move|p2b: Zaza|Dazzling Gleam|p1b: Incineroar|[spread] p1a,p1b\n|-damage|p1a: Lucario|0 fnt\n|-damage|p1b: Incineroar|0 fnt\n|faint|p1a: Lucario\n|faint|p1b: Incineroar\n|move|p2a: Tupperware|Life Dew|p2a: Tupperware|[spread] p2a,p2b\n|-heal|p2a: Tupperware|49/100\n|-heal|p2b: Zaza|59/100\n|\n|upkeep\n|c|\u2606rqpsody|Gg man\n|\n|t:|1776669029\n|switch|p1b: Aerodactyl|Aerodactyl, L50, M, shiny|3/100\n|-ability|p1b: Aerodactyl|Unnerve\n|turn|8\n|c|\u2606fruit_name|gg, have a good night :)\n|\n|t:|1776669041\n|move|p1b: Aerodactyl|Rock Slide|p2a: Tupperware|[spread] p2a,p2b\n|-damage|p2a: Tupperware|26/100\n|-damage|p2b: Zaza|32/100\n|cant|p2b: Zaza|flinch\n|move|p2a: Tupperware|Shadow Ball|p1b: Aerodactyl\n|-damage|p1b: Aerodactyl|0 fnt\n|faint|p1b: Aerodactyl\n|\n|win|fruit_name\n|raw|rqpsody's rating: 1098 &rarr; <strong>1069</strong><br />(-29 for losing)\n|raw|fruit_name's rating: 1044 &rarr; <strong>1083</strong><br />(+39 for winning)\n|l|\u2606rqpsody\n|player|p1|\n",
  "uploadtime": 1776669072,
  "views": 17,
  "formatid": "gen9championsvgc2026regma",
  "rating": 1069,
  "private": 0,
  "password": null
}