{
  "id": "gen9championsvgc2026regma-2586942107",
  "format": "[Gen 9 Champions] VGC 2026 Reg M-A",
  "players": [
    "magikarp soup",
    "isai7878"
  ],
  "log": "|j|\u2606magikarp soup\n|j|\u2606isai7878\n|html|<table width=\"100%\"><tr><td align=\"left\">magikarp soup</td><td align=\"right\">isai7878</tr><tr><td align=\"left\"><i class=\"fa fa-circle-o\"></i> <i class=\"fa fa-circle-o\"></i> </td><td align=\"right\"><i class=\"fa fa-circle-o\"></i> <i class=\"fa fa-circle-o\"></i> </tr></table>\n|uhtml|bestof|<h2><strong>Game 1</strong> of <a href=\"/game-bestof3-gen9championsvgc2026regma-2586942106\">a best-of-3</a></h2>\n|t:|1776474020\n|gametype|doubles\n|player|p1|magikarp soup|medium|\n|player|p2|isai7878|170|\n|gen|9\n|tier|[Gen 9 Champions] VGC 2026 Reg M-A\n|rule|Species Clause: Limit one of each Pok\u00e9mon\n|rule|Item Clause: Limit 1 of each item\n|raw|<div class=\"infobox\"><details class=\"readmore\" open><summary><strong>1 custom rule:</strong></summary> Best of = 3</details></div>\n|clearpoke\n|poke|p1|Flapple, L50, M|\n|poke|p1|Sableye, L50, M|\n|poke|p1|Volcarona, L50, F|\n|poke|p1|Floette-Eternal, L50, F|\n|poke|p1|Froslass, L50, F|\n|poke|p1|Starmie, L50|\n|poke|p2|Glimmora, L50, M|\n|poke|p2|Pelipper, L50, M|\n|poke|p2|Archaludon, L50, F|\n|poke|p2|Whimsicott, L50, M|\n|poke|p2|Basculegion, L50, M|\n|poke|p2|Incineroar, L50, M|\n|teampreview|4\nmagikarp soup has agreed to open team sheets.\nisai7878 has agreed to open team sheets.\n|showteam|p1|Flapple||MiracleSeed|Hustle|GravApple,DragonRush,Protect,SuckerPunch|||M|||50|]Sableye||RoseliBerry|Prankster|Quash,Taunt,Gravity,WillOWisp|||M|||50|]Volcarona||ChartiBerry|FlameBody|Tailwind,RagePowder,FieryDance,StruggleBug|||F|||50|]Floette-Eternal||ChoiceScarf|FlowerVeil|Moonblast,DazzlingGleam,Trick,Psychic|||F|||50|]Froslass||Froslassite|SnowCloak|Blizzard,AuroraVeil,ShadowBall,Protect|||F|||50|]Starmie||Starminite|Illuminate|Liquidation,IceSpinner,Gravity,Protect||||||50|\n|showteam|p2|Glimmora||Glimmoranite|ToxicDebris|SludgeBomb,PowerGem,FlashCannon,SpikyShield|||M|||50|]Pelipper||ChoiceScarf|Drizzle|IcyWind,Hurricane,WeatherBall,RainDance|||M|||50|]Archaludon||WhiteHerb|Sturdy|DracoMeteor,ElectroShot,AuraSphere,Protect|||F|||50|]Whimsicott||MentalHerb|Prankster|FakeTears,Tailwind,Moonblast,Encore|||M|||50|]Basculegion||FocusSash|Adaptability|WaveCrash,LastRespects,AquaJet,Protect|||M|||50|]Incineroar||SitrusBerry|Intimidate|FakeOut,PartingShot,Snarl,FlareBlitz|||M|||50|\n|\n|t:|1776474138\n|teamsize|p1|4\n|teamsize|p2|4\n|start\n|switch|p1a: Flapple|Flapple, L50, M|100/100\n|switch|p1b: Floette|Floette-Eternal, L50, F|100/100\n|switch|p2a: Glimmora|Glimmora, L50, M|100/100\n|switch|p2b: Whimsicott|Whimsicott, L50, M|100/100\n|turn|1\n|\n|t:|1776474178\n|switch|p1a: Sableye|Sableye, L50, M|100/100\n|detailschange|p2a: Glimmora|Glimmora-Mega, L50, M\n|-mega|p2a: Glimmora|Glimmora|Glimmoranite\n|move|p2b: Whimsicott|Fake Tears|p1a: Sableye\n|-hint|Since gen 7, Dark is immune to Prankster moves.\n|-immune|p1a: Sableye\n|move|p1b: Floette|Trick|p2b: Whimsicott\n|-activate|p1b: Floette|move: Trick|[of] p2b: Whimsicott\n|-item|p2b: Whimsicott|Choice Scarf|[from] move: Trick\n|-item|p1b: Floette|Mental Herb|[from] move: Trick\n|move|p2a: Glimmora|Sludge Bomb|p1a: Sableye\n|-resisted|p1a: Sableye|1\n|-damage|p1a: Sableye|59/100\n|\n|upkeep\n|turn|2\n|\n|t:|1776474227\n|switch|p2b: Pelipper|Pelipper, L50, M|100/100\n|-weather|RainDance|[from] ability: Drizzle|[of] p2b: Pelipper\n|move|p1a: Sableye|Quash|p2a: Glimmora\n|-activate|p2a: Glimmora|move: Quash\n|move|p1b: Floette|Psychic|p2a: Glimmora\n|-supereffective|p2a: Glimmora|1\n|-damage|p2a: Glimmora|34/100\n|move|p2a: Glimmora|Sludge Bomb|p1b: Floette\n|-supereffective|p1b: Floette|1\n|-damage|p1b: Floette|0 fnt\n|faint|p1b: Floette\n|\n|-weather|RainDance|[upkeep]\n|upkeep\n|\n|t:|1776474240\n|switch|p1b: Starmie|Starmie, L50|100/100\n|turn|3\n|\n|t:|1776474261\n|detailschange|p1b: Starmie|Starmie-Mega, L50\n|-mega|p1b: Starmie|Starmie|Starminite\n|move|p2a: Glimmora|Spiky Shield|p2a: Glimmora\n|-singleturn|p2a: Glimmora|move: Protect\n|move|p1a: Sableye|Quash|p2a: Glimmora\n|-activate|p2a: Glimmora|move: Protect\n|move|p2b: Pelipper|Hurricane|p1a: Sableye\n|-damage|p1a: Sableye|11/100\n|move|p1b: Starmie|Liquidation|p2a: Glimmora\n|-activate|p2a: Glimmora|move: Protect\n|-damage|p1b: Starmie|88/100|[from] Spiky Shield|[of] p2a: Glimmora\n|\n|-weather|RainDance|[upkeep]\n|upkeep\n|turn|4\n|\n|t:|1776474291\n|switch|p2a: Archaludon|Archaludon, L50, F|100/100\n|move|p1a: Sableye|Quash||[still]\n|-fail|p1a: Sableye\n|move|p2b: Pelipper|Hurricane|p1a: Sableye\n|-damage|p1a: Sableye|0 fnt\n|faint|p1a: Sableye\n|move|p1b: Starmie|Liquidation|p2a: Archaludon\n|-resisted|p2a: Archaludon|1\n|-damage|p2a: Archaludon|53/100\n|\n|-weather|RainDance|[upkeep]\n|upkeep\n|\n|t:|1776474294\n|switch|p1a: Flapple|Flapple, L50, M|100/100\n|turn|5\n|\n|t:|1776474330\n|move|p2a: Archaludon|Protect|p2a: Archaludon\n|-singleturn|p2a: Archaludon|Protect\n|move|p1a: Flapple|Sucker Punch||[still]\n|-fail|p1a: Flapple\n|move|p2b: Pelipper|Hurricane|p1a: Flapple\n|-supereffective|p1a: Flapple|1\n|-damage|p1a: Flapple|0 fnt\n|faint|p1a: Flapple\n|move|p1b: Starmie|Liquidation|p2a: Archaludon\n|-activate|p2a: Archaludon|move: Protect\n|\n|-weather|RainDance|[upkeep]\n|upkeep\n|turn|6\n|\n|t:|1776474351\n|move|p2b: Pelipper|Hurricane|p1b: Starmie\n|-damage|p1b: Starmie|27/100\n|move|p1b: Starmie|Liquidation|p2b: Pelipper\n|-resisted|p2b: Pelipper|1\n|-damage|p2b: Pelipper|28/100\n|-unboost|p2b: Pelipper|def|1\n|move|p2a: Archaludon|Electro Shot||[still]\n|-prepare|p2a: Archaludon|Electro Shot\n|-boost|p2a: Archaludon|spa|1\n|-anim|p2a: Archaludon|Electro Shot|p1b: Starmie\n|-supereffective|p1b: Starmie|1\n|-damage|p1b: Starmie|0 fnt\n|faint|p1b: Starmie\n|\n|win|isai7878\n||magikarp soup is ready for game 2.\n|inactive|isai7878 has 30 seconds to confirm battle start!\n",
  "uploadtime": 1776474367,
  "views": 22,
  "formatid": "gen9championsvgc2026regma",
  "rating": null,
  "private": 0,
  "password": null
}