{
  "id": "gen9championsvgc2026regma-2581926436",
  "format": "[Gen 9 Champions] VGC 2026 Reg M-A",
  "players": [
    "ilikeeatingcrayons",
    "jasdkfjdls"
  ],
  "log": "|j|\u2606ilikeeatingcrayons\n|j|\u2606jasdkfjdls\n|t:|1776040392\n|gametype|doubles\n|player|p1|ilikeeatingcrayons|lass-gen4dp|1023\n|player|p2|jasdkfjdls|170|1000\n|gen|9\n|tier|[Gen 9 Champions] VGC 2026 Reg M-A\n|rated|\n|rule|Species Clause: Limit one of each Pok\u00e9mon\n|rule|Item Clause: Limit 1 of each item\n|clearpoke\n|poke|p1|Gengar, L50, F|\n|poke|p1|Incineroar, L50, F|\n|poke|p1|Milotic, L50, M|\n|poke|p1|Kommo-o, L50, M|\n|poke|p1|Froslass, L50, F|\n|poke|p1|Sinistcha, L50|\n|poke|p2|Sinistcha, L50|\n|poke|p2|Aggron, L50, M|\n|poke|p2|Archaludon, L50, F|\n|poke|p2|Pelipper, L50, F|\n|poke|p2|Aerodactyl, L50, F|\n|poke|p2|Incineroar, L50, M|\n|teampreview|4\n|\n|t:|1776040426\n|teamsize|p1|4\n|teamsize|p2|4\n|start\n|switch|p1a: Gengar|Gengar, L50, F|100/100\n|switch|p1b: Incineroar|Incineroar, L50, F|100/100\n|switch|p2a: Aggron|Aggron, L50, M|100/100\n|switch|p2b: Aerodactyl|Aerodactyl, L50, F|100/100\n|-ability|p2b: Aerodactyl|Unnerve\n|turn|1\n|\n|t:|1776040446\n|switch|p2b: Incineroar|Incineroar, L50, M|100/100\n|-ability|p2b: Incineroar|Intimidate|boost\n|-unboost|p1a: Gengar|atk|1\n|-unboost|p1b: Incineroar|atk|1\n|detailschange|p1a: Gengar|Gengar-Mega, L50, F\n|-mega|p1a: Gengar|Gengar|Gengarite\n|detailschange|p2a: Aggron|Aggron-Mega, L50, M\n|-mega|p2a: Aggron|Aggron|Aggronite\n|move|p1b: Incineroar|Fake Out|p2b: Incineroar\n|-damage|p2b: Incineroar|94/100\n|move|p1a: Gengar|Perish Song|p1a: Gengar\n|-start|p1a: Gengar|perish3|[silent]\n|-start|p1b: Incineroar|perish3|[silent]\n|-start|p2a: Aggron|perish3|[silent]\n|-start|p2b: Incineroar|perish3|[silent]\n|-fieldactivate|move: Perish Song\n|move|p2a: Aggron|Iron Defense|p2a: Aggron\n|-boost|p2a: Aggron|def|2\n|\n|-start|p1a: Gengar|perish3\n|-start|p2b: Incineroar|perish3\n|-start|p1b: Incineroar|perish3\n|-start|p2a: Aggron|perish3\n|upkeep\n|turn|2\n|\n|t:|1776040475\n|move|p1a: Gengar|Protect|p1a: Gengar\n|-singleturn|p1a: Gengar|Protect\n|move|p1b: Incineroar|Protect|p1b: Incineroar\n|-singleturn|p1b: Incineroar|Protect\n|move|p2b: Incineroar|Fake Out|p1b: Incineroar\n|-activate|p1b: Incineroar|move: Protect\n|move|p2a: Aggron|Body Press|p1b: Incineroar\n|-activate|p1b: Incineroar|move: Protect\n|\n|-start|p1a: Gengar|perish2\n|-start|p2b: Incineroar|perish2\n|-start|p1b: Incineroar|perish2\n|-start|p2a: Aggron|perish2\n|upkeep\n|turn|3\n|\n|t:|1776040489\n|switch|p1a: Milotic|Milotic, L50, M|100/100\n|move|p2b: Incineroar|Darkest Lariat|p1b: Incineroar\n|-resisted|p1b: Incineroar|1\n|-damage|p1b: Incineroar|84/100\n|move|p1b: Incineroar|Parting Shot|p1a: Milotic\n|-unboost|p1a: Milotic|atk|1\n|-unboost|p1a: Milotic|spa|1\n|\n|t:|1776040492\n|switch|p1b: Gengar|Gengar-Mega, L50, F|100/100|[from] Parting Shot\n|move|p2a: Aggron|Body Press|p1a: Milotic\n|-damage|p1a: Milotic|39/100\n|\n|-start|p2b: Incineroar|perish1\n|-start|p2a: Aggron|perish1\n|upkeep\n|turn|4\n|\n|t:|1776040509\n|move|p1b: Gengar|Protect|p1b: Gengar\n|-singleturn|p1b: Gengar|Protect\n|move|p1a: Milotic|Protect|p1a: Milotic\n|-singleturn|p1a: Milotic|Protect\n|move|p2b: Incineroar|Parting Shot|p1a: Milotic\n|-activate|p1a: Milotic|move: Protect\n|move|p2a: Aggron|Body Press|p1a: Milotic\n|-activate|p1a: Milotic|move: Protect\n|\n|-start|p2b: Incineroar|perish0\n|-start|p2a: Aggron|perish0\n|faint|p2b: Incineroar\n|faint|p2a: Aggron\n|upkeep\n|\n|t:|1776040513\n|switch|p2b: Aerodactyl|Aerodactyl, L50, F|100/100\n|switch|p2a: Sinistcha|Sinistcha, L50|100/100\n|-ability|p2b: Aerodactyl|Unnerve\n|turn|5\n|\n|t:|1776040522\n|switch|p1a: Kommo-o|Kommo-o, L50, M|100/100\n|move|p2b: Aerodactyl|Rock Slide|p1a: Kommo-o|[spread] p1a,p1b\n|-resisted|p1a: Kommo-o|1\n|-damage|p1a: Kommo-o|91/100\n|-damage|p1b: Gengar|68/100\n|move|p1b: Gengar|Perish Song|p1b: Gengar\n|-immune|p1a: Kommo-o|[from] ability: Soundproof\n|-start|p1b: Gengar|perish3|[silent]\n|-start|p2a: Sinistcha|perish3|[silent]\n|-start|p2b: Aerodactyl|perish3|[silent]\n|-fieldactivate|move: Perish Song\n|move|p2a: Sinistcha|Matcha Gotcha|p1a: Kommo-o|[spread] p1a,p1b\n|-resisted|p1a: Kommo-o|1\n|-resisted|p1b: Gengar|1\n|-damage|p1a: Kommo-o|80/100\n|-damage|p1b: Gengar|55/100\n|\n|-heal|p1a: Kommo-o|86/100|[from] item: Leftovers\n|-start|p2b: Aerodactyl|perish3\n|-start|p1b: Gengar|perish3\n|-start|p2a: Sinistcha|perish3\n|upkeep\n|turn|6\n|\n|t:|1776040536\n|move|p1b: Gengar|Protect|p1b: Gengar\n|-singleturn|p1b: Gengar|Protect\n|move|p1a: Kommo-o|Protect|p1a: Kommo-o\n|-singleturn|p1a: Kommo-o|Protect\n|move|p2b: Aerodactyl|Dual Wingbeat|p1a: Kommo-o\n|-activate|p1a: Kommo-o|move: Protect\n|move|p2a: Sinistcha|Matcha Gotcha|p1b: Gengar|[spread] \n|-activate|p1a: Kommo-o|move: Protect\n|-activate|p1b: Gengar|move: Protect\n|\n|-heal|p1a: Kommo-o|92/100|[from] item: Leftovers\n|-start|p2b: Aerodactyl|perish2\n|-start|p1b: Gengar|perish2\n|-start|p2a: Sinistcha|perish2\n|upkeep\n|turn|7\n|\n|t:|1776040554\n|switch|p1b: Milotic|Milotic, L50, M|39/100\n|switch|p1a: Incineroar|Incineroar, L50, F|84/100\n|move|p2b: Aerodactyl|Rock Slide|p1a: Incineroar|[spread] p1a,p1b\n|-supereffective|p1a: Incineroar|1\n|-damage|p1a: Incineroar|33/100\n|-damage|p1b: Milotic|16/100\n|move|p2a: Sinistcha|Matcha Gotcha|p1a: Incineroar|[spread] p1a,p1b\n|-resisted|p1a: Incineroar|1\n|-supereffective|p1b: Milotic|1\n|-damage|p1a: Incineroar|24/100\n|-damage|p1b: Milotic|0 fnt\n|faint|p1b: Milotic\n|\n|-start|p2b: Aerodactyl|perish1\n|-start|p2a: Sinistcha|perish1\n|upkeep\n|\n|t:|1776040559\n|switch|p1b: Gengar|Gengar-Mega, L50, F|55/100\n|turn|8\n|\n|t:|1776040565\n|move|p1b: Gengar|Protect|p1b: Gengar\n|-singleturn|p1b: Gengar|Protect\n|move|p1a: Incineroar|Protect|p1a: Incineroar\n|-singleturn|p1a: Incineroar|Protect\n|move|p2b: Aerodactyl|Rock Slide|p1a: Incineroar|[spread] \n|-activate|p1a: Incineroar|move: Protect\n|-activate|p1b: Gengar|move: Protect\n|move|p2a: Sinistcha|Matcha Gotcha|p1a: Incineroar|[spread] \n|-activate|p1a: Incineroar|move: Protect\n|-activate|p1b: Gengar|move: Protect\n|\n|-start|p2b: Aerodactyl|perish0\n|-start|p2a: Sinistcha|perish0\n|faint|p2b: Aerodactyl\n|faint|p2a: Sinistcha\n|\n|win|ilikeeatingcrayons\n|raw|ilikeeatingcrayons's rating: 1023 &rarr; <strong>1057</strong><br />(+34 for winning)\n|raw|jasdkfjdls's rating: 1000 &rarr; <strong>1000</strong><br />(+0 for losing)\n|l|\u2606jasdkfjdls\n|player|p2|\n",
  "uploadtime": 1776040737,
  "views": 9,
  "formatid": "gen9championsvgc2026regma",
  "rating": 1000,
  "private": 0,
  "password": null
}