{
  "id": "gen9championsvgc2026regma-2587749587",
  "format": "[Gen 9 Champions] VGC 2026 Reg M-A",
  "players": [
    "Phoneman2003",
    "apexdesu"
  ],
  "log": "|j|\u203dPhoneman2003\n|j|\u2606apexdesu\n|t:|1776560172\n|gametype|doubles\n|player|p1|Phoneman2003|2|1169\n|player|p2|apexdesu|cowgirl|1116\n|gen|9\n|tier|[Gen 9 Champions] VGC 2026 Reg M-A\n|rated|\n|rule|Species Clause: Limit one of each Pok\u00e9mon\n|rule|Item Clause: Limit 1 of each item\n|clearpoke\n|poke|p1|Gengar, L50, M|\n|poke|p1|Sinistcha, L50|\n|poke|p1|Kingambit, L50, F|\n|poke|p1|Tyranitar, L50, M|\n|poke|p1|Kommo-o, L50, F|\n|poke|p1|Incineroar, L50, M, shiny|\n|poke|p2|Ninetales-Alola, L50, F|\n|poke|p2|Crabominable, L50, F|\n|poke|p2|Camerupt, L50, F|\n|poke|p2|Incineroar, L50, F|\n|poke|p2|Farigiraf, L50, F|\n|poke|p2|Torkoal, L50, M|\n|teampreview|4\n|\n|t:|1776560191\n|teamsize|p1|4\n|teamsize|p2|4\n|start\n|switch|p1a: Gengar|Gengar, L50, M|100/100\n|switch|p1b: Sinistcha|Sinistcha, L50|100/100\n|switch|p2a: Torkoal|Torkoal, L50, M|100/100\n|switch|p2b: Farigiraf|Farigiraf, L50, F|100/100\n|-weather|SunnyDay|[from] ability: Drought|[of] p2a: Torkoal\n|turn|1\n|inactive|Battle timer is ON: inactive players will automatically lose when time's up. (requested by Phoneman2003)\n|\n|t:|1776560218\n|switch|p1b: Incineroar|Incineroar, L50, M, shiny|100/100\n|-ability|p1b: Incineroar|Intimidate|boost\n|-unboost|p2a: Torkoal|atk|1\n|-unboost|p2b: Farigiraf|atk|1\n|detailschange|p1a: Gengar|Gengar-Mega, L50, M\n|-mega|p1a: Gengar|Gengar|Gengarite\n|move|p1a: Gengar|Sludge Bomb|p2a: Torkoal\n|-damage|p2a: Torkoal|32/100\n|move|p2a: Torkoal|Eruption|p1a: Gengar|[spread] p1a,p1b\n|-resisted|p1b: Incineroar|1\n|-damage|p1a: Gengar|72/100\n|-damage|p1b: Incineroar|89/100\n|move|p2b: Farigiraf|Trick Room|p2b: Farigiraf\n|-fieldstart|move: Trick Room|[of] p2b: Farigiraf\n|\n|-weather|SunnyDay|[upkeep]\n|upkeep\n|turn|2\n|inactive|apexdesu has 30 seconds left.\n|\n|t:|1776560246\n|move|p2a: Torkoal|Protect|p2a: Torkoal\n|-singleturn|p2a: Torkoal|Protect\n|move|p1a: Gengar|Protect|p1a: Gengar\n|-singleturn|p1a: Gengar|Protect\n|move|p2b: Farigiraf|Psychic|p1a: Gengar\n|-activate|p1a: Gengar|move: Protect\n|move|p1b: Incineroar|Parting Shot|p2a: Torkoal\n|-activate|p2a: Torkoal|move: Protect\n|\n|-weather|SunnyDay|[upkeep]\n|upkeep\n|turn|3\n|\n|t:|1776560268\n|switch|p1a: Tyranitar|Tyranitar, L50, M|100/100\n|-weather|Sandstorm|[from] ability: Sand Stream|[of] p1a: Tyranitar\n|move|p2a: Torkoal|Earth Power|p1a: Tyranitar\n|-supereffective|p1a: Tyranitar|1\n|-damage|p1a: Tyranitar|63/100\n|move|p2b: Farigiraf|Psychic|p1a: Tyranitar\n|-immune|p1a: Tyranitar\n|move|p1b: Incineroar|Parting Shot|p2b: Farigiraf\n|-unboost|p2b: Farigiraf|atk|1\n|-unboost|p2b: Farigiraf|spa|1\n|\n|t:|1776560282\n|switch|p1b: Gengar|Gengar-Mega, L50, M|72/100|[from] Parting Shot\n|\n|-weather|Sandstorm|[upkeep]\n|-damage|p2a: Torkoal|26/100|[from] Sandstorm\n|-damage|p2b: Farigiraf|94/100|[from] Sandstorm\n|-damage|p1b: Gengar|66/100|[from] Sandstorm\n|upkeep\n|turn|4\n|\n|t:|1776560303\n|move|p1b: Gengar|Protect|p1b: Gengar\n|-singleturn|p1b: Gengar|Protect\n|move|p2a: Torkoal|Earth Power|p1a: Tyranitar\n|-supereffective|p1a: Tyranitar|1\n|-damage|p1a: Tyranitar|26/100\n|move|p2b: Farigiraf|Psychic|p1b: Gengar\n|-activate|p1b: Gengar|move: Protect\n|move|p1a: Tyranitar|Knock Off|p2b: Farigiraf\n|-supereffective|p2b: Farigiraf|1\n|-damage|p2b: Farigiraf|11/100\n|-enditem|p2b: Farigiraf|Sitrus Berry|[from] move: Knock Off|[of] p1a: Tyranitar\n|\n|-weather|Sandstorm|[upkeep]\n|-damage|p2a: Torkoal|20/100|[from] Sandstorm\n|-damage|p2b: Farigiraf|5/100|[from] Sandstorm\n|-damage|p1b: Gengar|60/100|[from] Sandstorm\n|upkeep\n|turn|5\n|inactive|apexdesu has 30 seconds left.\n|inactive|apexdesu has 20 seconds left.\n|inactive|apexdesu has 15 seconds left.\n|inactive|apexdesu has 10 seconds left.\n|\n|t:|1776560349\n|switch|p1b: Sinistcha|Sinistcha, L50|100/100\n|-heal|p1a: Tyranitar|51/100|[from] ability: Hospitality|[of] p1b: Sinistcha\n|move|p2a: Torkoal|Heat Wave|p1b: Sinistcha|[spread] p1a,p1b\n|-resisted|p1a: Tyranitar|1\n|-supereffective|p1b: Sinistcha|1\n|-damage|p1a: Tyranitar|39/100\n|-damage|p1b: Sinistcha|29/100\n|-enditem|p1b: Sinistcha|Sitrus Berry|[eat]\n|-heal|p1b: Sinistcha|54/100|[from] item: Sitrus Berry\n|move|p2b: Farigiraf|Dazzling Gleam|p1a: Tyranitar|[spread] p1a,p1b\n|-supereffective|p1a: Tyranitar|1\n|-damage|p1a: Tyranitar|23/100\n|-damage|p1b: Sinistcha|45/100\n|move|p1a: Tyranitar|Knock Off|p2a: Torkoal\n|-damage|p2a: Torkoal|0 fnt\n|-enditem|p2a: Torkoal|Charcoal|[from] move: Knock Off|[of] p1a: Tyranitar\n|faint|p2a: Torkoal\n|\n|-weather|Sandstorm|[upkeep]\n|-damage|p2b: Farigiraf|0 fnt|[from] Sandstorm\n|-damage|p1b: Sinistcha|38/100|[from] Sandstorm\n|faint|p2b: Farigiraf\n|-fieldend|move: Trick Room\n|upkeep\n|\n|t:|1776560373\n|switch|p2b: Incineroar|Incineroar, L50, F|100/100\n|switch|p2a: Camerupt|Camerupt, L50, F|100/100\n|-ability|p2b: Incineroar|Intimidate|boost\n|-unboost|p1a: Tyranitar|atk|1\n|-unboost|p1b: Sinistcha|atk|1\n|turn|6\n|inactive|apexdesu has 30 seconds left.\n|\n|t:|1776560399\n|switch|p1b: Incineroar|Incineroar, L50, M, shiny|89/100\n|-ability|p1b: Incineroar|Intimidate|boost\n|-unboost|p2a: Camerupt|atk|1\n|-unboost|p2b: Incineroar|atk|1\n|detailschange|p2a: Camerupt|Camerupt-Mega, L50, F\n|-mega|p2a: Camerupt|Camerupt|Cameruptite\n|move|p2b: Incineroar|Fake Out|p1a: Tyranitar\n|-resisted|p1a: Tyranitar|1\n|-crit|p1a: Tyranitar\n|-damage|p1a: Tyranitar|12/100\n|cant|p1a: Tyranitar|flinch\n|move|p2a: Camerupt|Earth Power|p1a: Tyranitar\n|-supereffective|p1a: Tyranitar|1\n|-damage|p1a: Tyranitar|0 fnt\n|faint|p1a: Tyranitar\n|\n|-weather|Sandstorm|[upkeep]\n|-damage|p1b: Incineroar|83/100|[from] Sandstorm\n|-damage|p2b: Incineroar|95/100|[from] Sandstorm\n|upkeep\n|\n|t:|1776560406\n|switch|p1a: Gengar|Gengar-Mega, L50, M|60/100\n|turn|7\n|inactive|apexdesu has 30 seconds left.\n|inactive|apexdesu has 20 seconds left.\n|inactive|apexdesu has 15 seconds left.\n|inactive|apexdesu has 10 seconds left.\n|\n|t:|1776560456\n|move|p1a: Gengar|Protect|p1a: Gengar\n|-singleturn|p1a: Gengar|Protect\n|move|p1b: Incineroar|Parting Shot|p2a: Camerupt\n|-unboost|p2a: Camerupt|atk|1\n|-unboost|p2a: Camerupt|spa|1\n|\n|t:|1776560460\n|switch|p1b: Sinistcha|Sinistcha, L50|38/100|[from] Parting Shot\n|-heal|p1a: Gengar|84/100|[from] ability: Hospitality|[of] p1b: Sinistcha\n|move|p2b: Incineroar|Flare Blitz|p1b: Sinistcha\n|-supereffective|p1b: Sinistcha|1\n|-damage|p1b: Sinistcha|0 fnt\n|faint|p1b: Sinistcha\n|-damage|p2b: Incineroar|84/100|[from] Recoil\n|move|p2a: Camerupt|Earth Power|p1a: Gengar\n|-activate|p1a: Gengar|move: Protect\n|\n|-weather|none\n|upkeep\n|\n|t:|1776560462\n|switch|p1b: Incineroar|Incineroar, L50, M, shiny|83/100\n|-ability|p1b: Incineroar|Intimidate|boost\n|-unboost|p2a: Camerupt|atk|1\n|-unboost|p2b: Incineroar|atk|1\n|turn|8\n|inactive|apexdesu has 30 seconds left.\n|inactive|apexdesu has 20 seconds left.\n|inactive|apexdesu has 15 seconds left.\n|\n|t:|1776560505\n|move|p1b: Incineroar|Fake Out|p2a: Camerupt\n|-damage|p2a: Camerupt|89/100\n|move|p1a: Gengar|Perish Song|p1a: Gengar\n|-start|p1a: Gengar|perish3|[silent]\n|-start|p1b: Incineroar|perish3|[silent]\n|-start|p2a: Camerupt|perish3|[silent]\n|-start|p2b: Incineroar|perish3|[silent]\n|-fieldactivate|move: Perish Song\n|move|p2b: Incineroar|Parting Shot|p1a: Gengar\n|-unboost|p1a: Gengar|atk|1\n|-unboost|p1a: Gengar|spa|1\n|cant|p2a: Camerupt|flinch\n|\n|-start|p1a: Gengar|perish3\n|-start|p1b: Incineroar|perish3\n|-start|p2b: Incineroar|perish3\n|-start|p2a: Camerupt|perish3\n|upkeep\n|turn|9\n|inactive|Phoneman2003 has 30 seconds left.\n|inactive|apexdesu has 30 seconds left.\n|\n|t:|1776560534\n|move|p1a: Gengar|Protect|p1a: Gengar\n|-singleturn|p1a: Gengar|Protect\n|move|p1b: Incineroar|Protect|p1b: Incineroar\n|-singleturn|p1b: Incineroar|Protect\n|move|p2b: Incineroar|Close Combat|p1b: Incineroar\n|-activate|p1b: Incineroar|move: Protect\n|move|p2a: Camerupt|Earth Power|p1a: Gengar\n|-activate|p1a: Gengar|move: Protect\n|\n|-start|p1a: Gengar|perish2\n|-start|p1b: Incineroar|perish2\n|-start|p2b: Incineroar|perish2\n|-start|p2a: Camerupt|perish2\n|upkeep\n|turn|10\n|\n|t:|1776560557\n|move|p1a: Gengar|Sludge Bomb|p2a: Camerupt\n|-resisted|p2a: Camerupt|1\n|-damage|p2a: Camerupt|72/100\n|move|p1b: Incineroar|Parting Shot|p2a: Camerupt\n|-unboost|p2a: Camerupt|atk|1\n|-unboost|p2a: Camerupt|spa|1\n|move|p2b: Incineroar|Close Combat|p1b: Incineroar\n|-supereffective|p1b: Incineroar|1\n|-damage|p1b: Incineroar|50/100\n|-unboost|p2b: Incineroar|def|1\n|-unboost|p2b: Incineroar|spd|1\n|move|p2a: Camerupt|Earth Power|p1b: Incineroar\n|-supereffective|p1b: Incineroar|1\n|-enditem|p1b: Incineroar|Shuca Berry|[eat]\n|-enditem|p1b: Incineroar|Shuca Berry|[weaken]\n|-damage|p1b: Incineroar|18/100\n|\n|-start|p1a: Gengar|perish1\n|-start|p1b: Incineroar|perish1\n|-start|p2b: Incineroar|perish1\n|-start|p2a: Camerupt|perish1\n|upkeep\n|turn|11\n|inactive|apexdesu has 30 seconds left.\n|\n|t:|1776560591\n|move|p1a: Gengar|Protect|p1a: Gengar\n|-singleturn|p1a: Gengar|Protect\n|move|p1b: Incineroar|Protect|p1b: Incineroar\n|-singleturn|p1b: Incineroar|Protect\n|move|p2b: Incineroar|Flare Blitz|p1a: Gengar\n|-activate|p1a: Gengar|move: Protect\n|move|p2a: Camerupt|Earth Power|p1b: Incineroar\n|-activate|p1b: Incineroar|move: Protect\n|\n|-start|p1a: Gengar|perish0\n|-start|p1b: Incineroar|perish0\n|-start|p2b: Incineroar|perish0\n|-start|p2a: Camerupt|perish0\n|faint|p1a: Gengar\n|faint|p1b: Incineroar\n|faint|p2b: Incineroar\n|faint|p2a: Camerupt\n|\n|win|apexdesu\n|raw|Phoneman2003's rating: 1169 &rarr; <strong>1140</strong><br />(-29 for losing)\n|raw|apexdesu's rating: 1116 &rarr; <strong>1145</strong><br />(+29 for winning)\n",
  "uploadtime": 1776560610,
  "views": 13,
  "formatid": "gen9championsvgc2026regma",
  "rating": 1140,
  "private": 0,
  "password": null
}