{
  "id": "gen9championsvgc2026regma-2585712202",
  "format": "[Gen 9 Champions] VGC 2026 Reg M-A",
  "players": [
    "raulicoluna",
    "MegaPoblano"
  ],
  "log": "|j|\u2606raulicoluna\n|j|\u203dMegaPoblano\n|t:|1776365403\n|gametype|doubles\n|player|p1|raulicoluna|volkner|1278\n|player|p2|MegaPoblano|red|1348\n|gen|9\n|tier|[Gen 9 Champions] VGC 2026 Reg M-A\n|rated|\n|rule|Species Clause: Limit one of each Pok\u00e9mon\n|rule|Item Clause: Limit 1 of each item\n|clearpoke\n|poke|p1|Starmie, L50|\n|poke|p1|Drampa, L50, M|\n|poke|p1|Incineroar, L50, M|\n|poke|p1|Slowking-Galar, L50, F|\n|poke|p1|Kingambit, L50, M|\n|poke|p1|Ninetales-Alola, L50, F|\n|poke|p2|Scovillain, L50, M|\n|poke|p2|Aerodactyl, L50, M|\n|poke|p2|Garchomp, L50, F|\n|poke|p2|Sneasler, L50, M|\n|poke|p2|Sinistcha, L50|\n|poke|p2|Primarina, L50, F|\n|teampreview|4\n|inactive|Battle timer is ON: inactive players will automatically lose when time's up. (requested by raulicoluna)\n|\n|t:|1776365432\n|teamsize|p1|4\n|teamsize|p2|4\n|start\n|switch|p1a: Slowking|Slowking-Galar, L50, F|100/100\n|switch|p1b: Incineroar|Incineroar, L50, M|100/100\n|switch|p2a: Scovillain|Scovillain, L50, M|100/100\n|switch|p2b: Primarina|Primarina, L50, F|100/100\n|-ability|p1b: Incineroar|Intimidate|boost\n|-unboost|p2a: Scovillain|atk|1\n|-unboost|p2b: Primarina|atk|1\n|-clearboost|p1b: Incineroar|[from] ability: Curious Medicine|[of] p1a: Slowking\n|turn|1\n|\n|t:|1776365445\n|detailschange|p2a: Scovillain|Scovillain-Mega, L50, M\n|-mega|p2a: Scovillain|Scovillain|Scovillainite\n|move|p1b: Incineroar|Fake Out|p2b: Primarina\n|-damage|p2b: Primarina|85/100\n|cant|p2b: Primarina|flinch\n|move|p2a: Scovillain|Leech Seed|p1a: Slowking\n|-start|p1a: Slowking|move: Leech Seed\n|move|p1a: Slowking|Trick Room|p1a: Slowking\n|-fieldstart|move: Trick Room|[of] p1a: Slowking\n|\n|-heal|p2b: Primarina|91/100|[from] item: Leftovers\n|-damage|p1a: Slowking|88/100|[from] Leech Seed|[of] p2a: Scovillain\n|upkeep\n|turn|2\n|inactive|MegaPoblano has 30 seconds left.\n|\n|t:|1776365478\n|move|p2a: Scovillain|Rage Powder|p2a: Scovillain\n|-singleturn|p2a: Scovillain|move: Rage Powder\n|-prepare|p1a: Slowking|Chilly Reception|[premajor]\n|move|p1a: Slowking|Chilly Reception|p1a: Slowking\n|-weather|Snowscape\n|\n|t:|1776365486\n|switch|p1a: Drampa|Drampa, L50, M|100/100|[from] Chilly Reception\n|move|p1b: Incineroar|Parting Shot|p2a: Scovillain\n|-unboost|p2a: Scovillain|atk|1\n|-unboost|p2a: Scovillain|spa|1\n|\n|t:|1776365496\n|switch|p1b: Slowking|Slowking-Galar, L50, F|88/100|[from] Parting Shot\n|-clearboost|p1a: Drampa|[from] ability: Curious Medicine|[of] p1b: Slowking\n|move|p2b: Primarina|Calm Mind|p2b: Primarina\n|-boost|p2b: Primarina|spa|1\n|-boost|p2b: Primarina|spd|1\n|\n|-weather|Snowscape|[upkeep]\n|-heal|p1b: Slowking|94/100|[from] item: Leftovers\n|-heal|p2b: Primarina|98/100|[from] item: Leftovers\n|upkeep\n|turn|3\n|\n|t:|1776365510\n|detailschange|p1a: Drampa|Drampa-Mega, L50, M\n|-mega|p1a: Drampa|Drampa|Drampanite\n|move|p2a: Scovillain|Rage Powder|p2a: Scovillain\n|-singleturn|p2a: Scovillain|move: Rage Powder\n|move|p1b: Slowking|Blizzard|p2a: Scovillain|[spread] p2a,p2b\n|-resisted|p2b: Primarina|1\n|-damage|p2a: Scovillain|74/100\n|-damage|p2b: Primarina|91/100\n|-status|p1b: Slowking|brn|[from] ability: Spicy Spray|[of] p2a: Scovillain\n|move|p1a: Drampa|Hyper Voice|p2b: Primarina|[spread] p2a,p2b\n|-damage|p2a: Scovillain|28/100\n|-damage|p2b: Primarina|62/100\n|-status|p1a: Drampa|brn|[from] ability: Spicy Spray|[of] p2a: Scovillain\n|move|p2b: Primarina|Moonblast|p1a: Drampa\n|-supereffective|p1a: Drampa|1\n|-damage|p1a: Drampa|0 fnt\n|faint|p1a: Drampa\n|\n|-weather|Snowscape|[upkeep]\n|-heal|p1b: Slowking|99/100 brn|[from] item: Leftovers\n|-heal|p2b: Primarina|68/100|[from] item: Leftovers\n|-damage|p1b: Slowking|94/100 brn|[from] brn\n|upkeep\n|\n|t:|1776365529\n|switch|p1a: Incineroar|Incineroar, L50, M|100/100\n|-ability|p1a: Incineroar|Intimidate|boost\n|-unboost|p2a: Scovillain|atk|1\n|-unboost|p2b: Primarina|atk|1\n|turn|4\n|\n|t:|1776365543\n|switch|p2a: Sinistcha|Sinistcha, L50|100/100\n|-heal|p2b: Primarina|93/100|[from] ability: Hospitality|[of] p2a: Sinistcha\n|move|p2b: Primarina|Protect|p2b: Primarina\n|-singleturn|p2b: Primarina|Protect\n|move|p1a: Incineroar|Fake Out|p2b: Primarina\n|-activate|p2b: Primarina|move: Protect\n|move|p1b: Slowking|Eerie Spell|p2b: Primarina\n|-activate|p2b: Primarina|move: Protect\n|\n|-weather|Snowscape|[upkeep]\n|-heal|p1b: Slowking|99/100 brn|[from] item: Leftovers\n|-heal|p2b: Primarina|99/100|[from] item: Leftovers\n|-damage|p1b: Slowking|94/100 brn|[from] brn\n|upkeep\n|turn|5\n|\n|t:|1776365561\n|move|p2a: Sinistcha|Rage Powder|p2a: Sinistcha\n|-singleturn|p2a: Sinistcha|move: Rage Powder\n|move|p1b: Slowking|Blizzard|p2b: Primarina|[spread] p2a,p2b\n|-supereffective|p2a: Sinistcha|1\n|-resisted|p2b: Primarina|1\n|-damage|p2a: Sinistcha|62/100\n|-damage|p2b: Primarina|93/100\n|-status|p2a: Sinistcha|frz\n|move|p1a: Incineroar|Parting Shot|p2a: Sinistcha\n|-unboost|p2a: Sinistcha|atk|1\n|-unboost|p2a: Sinistcha|spa|1\n|\n|t:|1776365572\n|switch|p1a: Kingambit|Kingambit, L50, M|100/100|[from] Parting Shot\n|move|p2b: Primarina|Hyper Voice|p1a: Kingambit|[spread] p1a,p1b\n|-damage|p1a: Kingambit|48/100\n|-damage|p1b: Slowking|61/100 brn\n|\n|-weather|Snowscape|[upkeep]\n|-heal|p1b: Slowking|67/100 brn|[from] item: Leftovers\n|-heal|p2b: Primarina|99/100|[from] item: Leftovers\n|-damage|p1b: Slowking|61/100 brn|[from] brn\n|-fieldend|move: Trick Room\n|upkeep\n|turn|6\n|\n|t:|1776365582\n|move|p2b: Primarina|Hyper Voice|p1a: Kingambit|[spread] p1a,p1b\n|-damage|p1a: Kingambit|0 fnt\n|-damage|p1b: Slowking|22/100 brn\n|faint|p1a: Kingambit\n|-curestatus|p2a: Sinistcha|frz|[from] move: Matcha Gotcha\n|move|p2a: Sinistcha|Matcha Gotcha|p1b: Slowking\n|-resisted|p1b: Slowking|1\n|-damage|p1b: Slowking|15/100 brn\n|-heal|p2a: Sinistcha|67/100|[from] drain|[of] p1b: Slowking\n|move|p1b: Slowking|Eerie Spell|p2b: Primarina\n|-damage|p2b: Primarina|78/100\n|-activate|p2b: Primarina|move: Eerie Spell|Hyper Voice|3\n|\n|-weather|none\n|-heal|p2b: Primarina|84/100|[from] item: Leftovers\n|-heal|p1b: Slowking|21/100 brn|[from] item: Leftovers\n|-damage|p1b: Slowking|15/100 brn|[from] brn\n|upkeep\n|\n|t:|1776365585\n|switch|p1a: Incineroar|Incineroar, L50, M|100/100\n|-ability|p1a: Incineroar|Intimidate|boost\n|-unboost|p2a: Sinistcha|atk|1\n|-unboost|p2b: Primarina|atk|1\n|turn|7\n|\n|t:|1776365594\n|switch|p2a: Scovillain|Scovillain-Mega, L50, M|28/100\n|move|p2b: Primarina|Protect|p2b: Primarina\n|-singleturn|p2b: Primarina|Protect\n|move|p1a: Incineroar|Fake Out|p2b: Primarina\n|-activate|p2b: Primarina|move: Protect\n|move|p1b: Slowking|Eerie Spell|p2b: Primarina\n|-activate|p2b: Primarina|move: Protect\n|\n|-heal|p2b: Primarina|90/100|[from] item: Leftovers\n|-heal|p1b: Slowking|21/100 brn|[from] item: Leftovers\n|-damage|p1b: Slowking|15/100 brn|[from] brn\n|upkeep\n|turn|8\n|\n|t:|1776365605\n|move|p2a: Scovillain|Rage Powder|p2a: Scovillain\n|-singleturn|p2a: Scovillain|move: Rage Powder\n|move|p2b: Primarina|Hyper Voice|p1a: Incineroar|[spread] p1a,p1b\n|-supereffective|p1a: Incineroar|1\n|-damage|p1a: Incineroar|0 fnt\n|-damage|p1b: Slowking|0 fnt\n|faint|p1a: Incineroar\n|faint|p1b: Slowking\n|\n|win|MegaPoblano\n|raw|raulicoluna's rating: 1278 &rarr; <strong>1258</strong><br />(-20 for losing)\n|raw|MegaPoblano's rating: 1348 &rarr; <strong>1364</strong><br />(+16 for winning)\n",
  "uploadtime": 1776365607,
  "views": 26,
  "formatid": "gen9championsvgc2026regma",
  "rating": 1258,
  "private": 0,
  "password": null
}