{
  "id": "gen9championsvgc2026regma-2581597003",
  "format": "[Gen 9 Champions] VGC 2026 Reg M-A",
  "players": [
    "idtknowwhatimdoing",
    "themac2001"
  ],
  "log": "|j|\u2606idtknowwhatimdoing\n|j|\u2606themac2001\n|t:|1776013882\n|gametype|doubles\n|player|p1|idtknowwhatimdoing|iris|1186\n|player|p2|themac2001|n|1141\n|gen|9\n|tier|[Gen 9 Champions] VGC 2026 Reg M-A\n|rated|\n|rule|Species Clause: Limit one of each Pok\u00e9mon\n|rule|Item Clause: Limit 1 of each item\n|clearpoke\n|poke|p1|Garchomp, L50, M|\n|poke|p1|Tyranitar, L50, F|\n|poke|p1|Aerodactyl, L50, M|\n|poke|p1|Volcarona, L50, F|\n|poke|p1|Aegislash, L50, F|\n|poke|p1|Sneasler, L50, M|\n|poke|p2|Ninetales-Alola, L50, F|\n|poke|p2|Meganium, L50, M|\n|poke|p2|Garchomp, L50, F|\n|poke|p2|Incineroar, L50, F|\n|poke|p2|Rotom-Wash, L50|\n|poke|p2|Corviknight, L50, F|\n|teampreview|4\n|inactive|Battle timer is ON: inactive players will automatically lose when time's up. (requested by idtknowwhatimdoing)\n|inactive|idtknowwhatimdoing has 60 seconds left.\n|\n|t:|1776013926\n|teamsize|p1|4\n|teamsize|p2|4\n|start\n|switch|p1a: Sneasler|Sneasler, L50, M|100/100\n|switch|p1b: Aerodactyl|Aerodactyl, L50, M|100/100\n|switch|p2a: Corviknight|Corviknight, L50, F|100/100\n|switch|p2b: Garchomp|Garchomp, L50, F|100/100\n|-ability|p1b: Aerodactyl|Unnerve\n|turn|1\n|\n|t:|1776013940\n|move|p1b: Aerodactyl|Tailwind|p1b: Aerodactyl\n|-sidestart|p1: idtknowwhatimdoing|move: Tailwind\n|move|p1a: Sneasler|Close Combat|p2b: Garchomp\n|-damage|p2b: Garchomp|31/100\n|-unboost|p1a: Sneasler|def|1\n|-unboost|p1a: Sneasler|spd|1\n|-damage|p1a: Sneasler|88/100|[from] ability: Rough Skin|[of] p2b: Garchomp\n|-enditem|p1a: Sneasler|White Herb\n|-clearnegativeboost|p1a: Sneasler|[silent]\n|move|p2b: Garchomp|Swords Dance|p2b: Garchomp\n|-boost|p2b: Garchomp|atk|2\n|move|p2a: Corviknight|Tailwind|p2a: Corviknight\n|-sidestart|p2: themac2001|move: Tailwind\n|\n|upkeep\n|turn|2\n|inactive|idtknowwhatimdoing has 30 seconds left.\n|\n|t:|1776013967\n|move|p2b: Garchomp|Protect|p2b: Garchomp\n|-singleturn|p2b: Garchomp|Protect\n|move|p1a: Sneasler|Close Combat|p2a: Corviknight\n|-damage|p2a: Corviknight|60/100\n|-unboost|p1a: Sneasler|def|1\n|-unboost|p1a: Sneasler|spd|1\n|move|p1b: Aerodactyl|Rock Slide|p2b: Garchomp|[spread] p2a\n|-activate|p2b: Garchomp|move: Protect\n|-damage|p2a: Corviknight|43/100\n|cant|p2a: Corviknight|flinch\n|\n|upkeep\n|turn|3\n|\n|t:|1776013984\n|move|p1a: Sneasler|Close Combat|p2b: Garchomp\n|-damage|p2b: Garchomp|0 fnt\n|-unboost|p1a: Sneasler|def|1\n|-unboost|p1a: Sneasler|spd|1\n|-damage|p1a: Sneasler|76/100|[from] ability: Rough Skin|[of] p2b: Garchomp\n|faint|p2b: Garchomp\n|move|p1b: Aerodactyl|Rock Slide|p2a: Corviknight|[miss]\n|-miss|p1b: Aerodactyl|p2a: Corviknight\n|move|p2a: Corviknight|Iron Head|p1a: Sneasler\n|-damage|p1a: Sneasler|0 fnt\n|faint|p1a: Sneasler\n|\n|upkeep\n|\n|t:|1776013999\n|switch|p1a: Volcarona|Volcarona, L50, F|100/100\n|switch|p2b: Rotom|Rotom-Wash, L50|100/100\n|turn|4\n|\n|t:|1776014012\n|move|p1b: Aerodactyl|Rock Slide|p2a: Corviknight|[spread] p2a,p2b\n|-damage|p2a: Corviknight|28/100\n|-damage|p2b: Rotom|77/100\n|move|p2b: Rotom|Hydro Pump|p1a: Volcarona\n|-supereffective|p1a: Volcarona|1\n|-damage|p1a: Volcarona|37/100\n|-enditem|p1a: Volcarona|Sitrus Berry|[eat]\n|-heal|p1a: Volcarona|62/100|[from] item: Sitrus Berry\n|move|p1a: Volcarona|Struggle Bug|p2a: Corviknight|[spread] p2a,p2b\n|-resisted|p2a: Corviknight|2\n|-damage|p2a: Corviknight|23/100\n|-damage|p2b: Rotom|58/100\n|-ability|p2a: Corviknight|Mirror Armor\n|-unboost|p1a: Volcarona|spa|1\n|-unboost|p2b: Rotom|spa|1\n|move|p2a: Corviknight|Iron Head|p1b: Aerodactyl\n|-supereffective|p1b: Aerodactyl|1\n|-damage|p1b: Aerodactyl|18/100\n|\n|-heal|p2b: Rotom|64/100|[from] item: Leftovers\n|-sideend|p2: themac2001|move: Tailwind\n|-sideend|p1: idtknowwhatimdoing|move: Tailwind\n|upkeep\n|turn|5\n|inactive|themac2001 has 30 seconds left.\n|\n|t:|1776014041\n|move|p1a: Volcarona|Rage Powder|p1a: Volcarona\n|-singleturn|p1a: Volcarona|move: Rage Powder\n|move|p1b: Aerodactyl|Tailwind|p1b: Aerodactyl\n|-sidestart|p1: idtknowwhatimdoing|move: Tailwind\n|move|p2b: Rotom|Hydro Pump|p1a: Volcarona\n|-supereffective|p1a: Volcarona|1\n|-crit|p1a: Volcarona\n|-damage|p1a: Volcarona|0 fnt\n|faint|p1a: Volcarona\n|move|p2a: Corviknight|Tailwind|p2a: Corviknight\n|-sidestart|p2: themac2001|move: Tailwind\n|\n|-heal|p2b: Rotom|69/100|[from] item: Leftovers\n|upkeep\n|\n|t:|1776014049\n|switch|p1a: Garchomp|Garchomp, L50, M|100/100\n|turn|6\n|\n|t:|1776014063\n|detailschange|p1a: Garchomp|Garchomp-Mega, L50, M\n|-mega|p1a: Garchomp|Garchomp|Garchompite\n|move|p1b: Aerodactyl|Rock Slide|p2a: Corviknight|[spread] p2a,p2b\n|-damage|p2a: Corviknight|7/100\n|-damage|p2b: Rotom|46/100\n|move|p1a: Garchomp|Rock Slide|p2a: Corviknight|[spread] p2a,p2b\n|-damage|p2a: Corviknight|0 fnt\n|-damage|p2b: Rotom|24/100\n|faint|p2a: Corviknight\n|cant|p2b: Rotom|flinch\n|\n|-heal|p2b: Rotom|30/100|[from] item: Leftovers\n|upkeep\n|\n|t:|1776014083\n|switch|p2a: Meganium|Meganium, L50, M|100/100\n|turn|7\n|\n|t:|1776014092\n|detailschange|p2a: Meganium|Meganium-Mega, L50, M\n|-mega|p2a: Meganium|Meganium|Meganiumite\n|move|p2b: Rotom|Protect|p2b: Rotom\n|-singleturn|p2b: Rotom|Protect\n|move|p1b: Aerodactyl|Rock Slide|p2b: Rotom|[spread] p2a\n|-activate|p2b: Rotom|move: Protect\n|-damage|p2a: Meganium|80/100\n|move|p1a: Garchomp|Rock Slide|p2b: Rotom|[spread] p2a\n|-activate|p2b: Rotom|move: Protect\n|-damage|p2a: Meganium|59/100\n|cant|p2a: Meganium|flinch\n|\n|-heal|p2b: Rotom|36/100|[from] item: Leftovers\n|upkeep\n|turn|8\n|\n|t:|1776014109\n|move|p2b: Rotom|Helping Hand|p2a: Meganium\n|-singleturn|p2a: Meganium|Helping Hand|[of] p2b: Rotom\n|move|p1b: Aerodactyl|Rock Slide|p2a: Meganium|[spread] p2a,p2b\n|-damage|p2a: Meganium|40/100\n|-damage|p2b: Rotom|13/100\n|move|p1a: Garchomp|Rock Slide|p2b: Rotom|[spread] p2a,p2b\n|-damage|p2a: Meganium|19/100\n|-damage|p2b: Rotom|0 fnt\n|faint|p2b: Rotom\n|cant|p2a: Meganium|flinch\n|\n|-sideend|p2: themac2001|move: Tailwind\n|-sideend|p1: idtknowwhatimdoing|move: Tailwind\n|upkeep\n|turn|9\n|c|\u2606themac2001|wow this shit isn't aids at all\n|n|!themac2001|themac2001\n|\n|t:|1776014124\n|move|p1b: Aerodactyl|Rock Slide|p2a: Meganium|[miss]\n|-miss|p1b: Aerodactyl|p2a: Meganium\n|move|p1a: Garchomp|Rock Slide|p2a: Meganium\n|-crit|p2a: Meganium\n|-damage|p2a: Meganium|0 fnt\n|faint|p2a: Meganium\n|\n|win|idtknowwhatimdoing\n",
  "uploadtime": 1776014122,
  "views": 12,
  "formatid": "gen9championsvgc2026regma",
  "rating": null,
  "private": 0,
  "password": null
}