{
  "id": "gen9championsvgc2026regma-2585265174",
  "format": "[Gen 9 Champions] VGC 2026 Reg M-A",
  "players": [
    "campeondelfitness",
    "Ev_Evan"
  ],
  "log": "|j|\u2606campeondelfitness\n|j|\u2606Ev_Evan\n|t:|1776331628\n|gametype|doubles\n|player|p1|campeondelfitness|swimmer|1171\n|player|p2|Ev_Evan|volkner|1244\n|gen|9\n|tier|[Gen 9 Champions] VGC 2026 Reg M-A\n|rated|\n|rule|Species Clause: Limit one of each Pok\u00e9mon\n|rule|Item Clause: Limit 1 of each item\n|clearpoke\n|poke|p1|Tyranitar, L50, F|\n|poke|p1|Excadrill, L50, M|\n|poke|p1|Garchomp, L50, F|\n|poke|p1|Heliolisk, L50, F|\n|poke|p1|Rotom-Heat, L50|\n|poke|p1|Orthworm, L50, M|\n|poke|p2|Sneasler, L50, F|\n|poke|p2|Kingambit, L50, F|\n|poke|p2|Aerodactyl, L50, M|\n|poke|p2|Meganium, L50, M|\n|poke|p2|Milotic, L50, F|\n|poke|p2|Typhlosion-Hisui, L50, M|\n|teampreview|4\n|inactive|Battle timer is ON: inactive players will automatically lose when time's up. (requested by Ev_Evan)\n|inactive|campeondelfitness also wants the timer to be on.\n|\n|t:|1776331640\n|teamsize|p1|4\n|teamsize|p2|4\n|start\n|switch|p1a: Orthworm|Orthworm, L50, M|100/100\n|switch|p1b: Heliolisk|Heliolisk, L50, F|100/100\n|switch|p2a: Aerodactyl|Aerodactyl, L50, M|100/100\n|switch|p2b: Sneasler|Sneasler, L50, F|100/100\n|turn|1\n|\n|t:|1776331655\n|move|p2a: Aerodactyl|Tailwind|p2a: Aerodactyl\n|-sidestart|p2: Ev_Evan|move: Tailwind\n|move|p2b: Sneasler|Close Combat|p1a: Orthworm\n|-supereffective|p1a: Orthworm|1\n|-damage|p1a: Orthworm|33/100\n|-unboost|p2b: Sneasler|def|1\n|-unboost|p2b: Sneasler|spd|1\n|-enditem|p2b: Sneasler|White Herb\n|-clearnegativeboost|p2b: Sneasler|[silent]\n|move|p1b: Heliolisk|Shed Tail|p1b: Heliolisk\n|-start|p1b: Heliolisk|Substitute|[from] move: Shed Tail\n|-damage|p1b: Heliolisk|50/100\n|\n|t:|1776331666\n|switch|p1b: Garchomp|Garchomp, L50, F|100/100|[from] Shed Tail\n|move|p1a: Orthworm|Shed Tail|p1a: Orthworm\n|-fail|p1a: Orthworm|move: Shed Tail|[weak]\n|\n|-heal|p1a: Orthworm|39/100|[from] item: Leftovers\n|upkeep\n|turn|2\n|inactive|campeondelfitness has 30 seconds left.\n|inactive|Ev_Evan has 30 seconds left.\n|\n|t:|1776331702\n|detailschange|p1b: Garchomp|Garchomp-Mega, L50, F\n|-mega|p1b: Garchomp|Garchomp|Garchompite\n|move|p2b: Sneasler|Close Combat|p1a: Orthworm\n|-supereffective|p1a: Orthworm|1\n|-damage|p1a: Orthworm|0 fnt\n|-unboost|p2b: Sneasler|def|1\n|-unboost|p2b: Sneasler|spd|1\n|faint|p1a: Orthworm\n|move|p2a: Aerodactyl|Dual Wingbeat|p1b: Garchomp\n|-activate|p1b: Garchomp|move: Substitute|[damage]\n|-end|p1b: Garchomp|Substitute\n|-hitcount|p1b: Garchomp|2\n|move|p1b: Garchomp|Earthquake|p2a: Aerodactyl|[spread] p2b\n|-immune|p2a: Aerodactyl\n|-supereffective|p2b: Sneasler|1\n|-damage|p2b: Sneasler|0 fnt\n|faint|p2b: Sneasler\n|\n|upkeep\n|inactive|campeondelfitness has 30 seconds left.\n|\n|t:|1776331733\n|switch|p2b: Meganium|Meganium, L50, M|100/100\n|switch|p1a: Tyranitar|Tyranitar, L50, F|100/100\n|-weather|Sandstorm|[from] ability: Sand Stream|[of] p1a: Tyranitar\n|turn|3\n|inactive|campeondelfitness has 30 seconds left.\n|\n|t:|1776331760\n|switch|p1b: Heliolisk|Heliolisk, L50, F|50/100\n|detailschange|p2b: Meganium|Meganium-Mega, L50, M\n|-mega|p2b: Meganium|Meganium|Meganiumite\n|move|p2a: Aerodactyl|Rock Slide|p1b: Heliolisk|[spread] p1a,p1b\n|-damage|p1a: Tyranitar|84/100\n|-damage|p1b: Heliolisk|0 fnt\n|faint|p1b: Heliolisk\n|move|p2b: Meganium|Dazzling Gleam|p1a: Tyranitar\n|-supereffective|p1a: Tyranitar|1\n|-damage|p1a: Tyranitar|6/100\n|move|p1a: Tyranitar|Icy Wind|p2a: Aerodactyl|[spread] p2a,p2b\n|-supereffective|p2a: Aerodactyl|1\n|-crit|p2a: Aerodactyl\n|-supereffective|p2b: Meganium|1\n|-damage|p2a: Aerodactyl|70/100\n|-damage|p2b: Meganium|83/100\n|-unboost|p2a: Aerodactyl|spe|1\n|-unboost|p2b: Meganium|spe|1\n|\n|-weather|Sandstorm|[upkeep]\n|-damage|p2b: Meganium|77/100|[from] Sandstorm\n|upkeep\n|\n|t:|1776331778\n|switch|p1b: Garchomp|Garchomp-Mega, L50, F|100/100\n|turn|4\n|\n|t:|1776331786\n|move|p1b: Garchomp|Protect|p1b: Garchomp\n|-singleturn|p1b: Garchomp|Protect\n|move|p1a: Tyranitar|Protect|p1a: Tyranitar\n|-singleturn|p1a: Tyranitar|Protect\n|move|p2a: Aerodactyl|Rock Slide|p1a: Tyranitar|[spread] \n|-activate|p1a: Tyranitar|move: Protect\n|-activate|p1b: Garchomp|move: Protect\n|move|p2b: Meganium|Dazzling Gleam|p1a: Tyranitar|[spread] \n|-activate|p1a: Tyranitar|move: Protect\n|-activate|p1b: Garchomp|move: Protect\n|\n|-weather|Sandstorm|[upkeep]\n|-damage|p2b: Meganium|71/100|[from] Sandstorm\n|-sideend|p2: Ev_Evan|move: Tailwind\n|upkeep\n|turn|5\n|\n|t:|1776331809\n|move|p1a: Tyranitar|Helping Hand|p1b: Garchomp\n|-singleturn|p1b: Garchomp|Helping Hand|[of] p1a: Tyranitar\n|move|p1b: Garchomp|Earthquake|p2a: Aerodactyl|[spread] p1a,p2b\n|-immune|p2a: Aerodactyl\n|-supereffective|p1a: Tyranitar|1\n|-resisted|p2b: Meganium|1\n|-damage|p1a: Tyranitar|0 fnt\n|-damage|p2b: Meganium|26/100\n|faint|p1a: Tyranitar\n|move|p2a: Aerodactyl|Tailwind|p2a: Aerodactyl\n|-sidestart|p2: Ev_Evan|move: Tailwind\n|move|p2b: Meganium|Dazzling Gleam|p1b: Garchomp\n|-supereffective|p1b: Garchomp|1\n|-damage|p1b: Garchomp|0 fnt\n|faint|p1b: Garchomp\n|\n|win|Ev_Evan\n|raw|campeondelfitness's rating: 1171 &rarr; <strong>1150</strong><br />(-21 for losing)\n|raw|Ev_Evan's rating: 1221 &rarr; <strong>1242</strong><br />(+21 for winning)\n",
  "uploadtime": 1776331824,
  "views": 23,
  "formatid": "gen9championsvgc2026regma",
  "rating": 1150,
  "private": 0,
  "password": null
}