{
  "id": "gen9championsvgc2026regma-2588502844",
  "format": "[Gen 9 Champions] VGC 2026 Reg M-A",
  "players": [
    "bl00dm4fia banker",
    "XeonNjic"
  ],
  "log": "|j|\u2606bl00dm4fia banker\n|j|\u2606XeonNjic\n|t:|1776639420\n|gametype|doubles\n|player|p1|bl00dm4fia banker|giovanni|\n|player|p2|XeonNjic|flannery|\n|gen|9\n|tier|[Gen 9 Champions] VGC 2026 Reg M-A\n|rated|Tournament battle\n|rule|Species Clause: Limit one of each Pok\u00e9mon\n|rule|Item Clause: Limit 1 of each item\n|clearpoke\n|poke|p1|Dragonite, L50, F|\n|poke|p1|Basculegion, L50, M|\n|poke|p1|Scizor, L50, F|\n|poke|p1|Pelipper, L50, M|\n|poke|p1|Sneasler, L50, F|\n|poke|p1|Incineroar, L50, M|\n|poke|p2|Farigiraf, L50, F|\n|poke|p2|Froslass, L50, F, shiny|\n|poke|p2|Aerodactyl, L50, M, shiny|\n|poke|p2|Sneasler, L50, M|\n|poke|p2|Floette-Eternal, L50, F|\n|poke|p2|Incineroar, L50, M, shiny|\n|teampreview|4\n|inactive|Battle timer is ON: inactive players will automatically lose when time's up. (requested by XeonNjic)\n|c|\u2606XeonNjic|glhf!\nXeonNjic rejected open team sheets.\n|j| AFRRB\n|l| AFRRB\n|inactive|bl00dm4fia banker has 60 seconds left.\n|inactive|XeonNjic has 60 seconds left.\n|\n|t:|1776639466\n|teamsize|p1|4\n|teamsize|p2|4\n|start\n|switch|p1a: Scizor|Scizor, L50, F|100/100\n|switch|p1b: Pelipper|Pelipper, L50, M|100/100\n|switch|p2a: Aerodactyl|Aerodactyl, L50, M, shiny|100/100\n|switch|p2b: Incineroar|Incineroar, L50, M, shiny|100/100\n|-ability|p2a: Aerodactyl|Unnerve\n|-weather|RainDance|[from] ability: Drizzle|[of] p1b: Pelipper\n|-ability|p2b: Incineroar|Intimidate|boost\n|-unboost|p1a: Scizor|atk|1\n|-unboost|p1b: Pelipper|atk|1\n|turn|1\n|inactive|bl00dm4fia banker has 30 seconds left.\n|inactive|XeonNjic has 30 seconds left.\n|\n|t:|1776639496\n|switch|p2a: Farigiraf|Farigiraf, L50, F|100/100\n|move|p1b: Pelipper|Tailwind|p1b: Pelipper\n|-sidestart|p1: bl00dm4fia banker|move: Tailwind\n|move|p1a: Scizor|Swords Dance|p1a: Scizor\n|-boost|p1a: Scizor|atk|2\n|move|p2b: Incineroar|Parting Shot|p1b: Pelipper\n|-unboost|p1b: Pelipper|atk|1\n|-unboost|p1b: Pelipper|spa|1\n|j| Felipesol2\n|l| Felipesol2\n|\n|t:|1776639515\n|switch|p2b: Froslass|Froslass, L50, F, shiny|100/100|[from] Parting Shot\n|\n|-weather|RainDance|[upkeep]\n|upkeep\n|turn|2\n|\n|t:|1776639537\n|detailschange|p2b: Froslass|Froslass-Mega, L50, F, shiny\n|-mega|p2b: Froslass|Froslass|Froslassite\n|-weather|Snowscape|[from] ability: Snow Warning|[of] p2b: Froslass\n|move|p1b: Pelipper|Weather Ball|p2a: Farigiraf\n|-damage|p2a: Farigiraf|79/100\n|move|p2b: Froslass|Aurora Veil|p2b: Froslass\n|-sidestart|p2: XeonNjic|move: Aurora Veil\n|move|p1a: Scizor|Bug Bite|p2a: Farigiraf\n|-supereffective|p2a: Farigiraf|1\n|-damage|p2a: Farigiraf|0 fnt\n|faint|p2a: Farigiraf\n|\n|-weather|Snowscape|[upkeep]\n|upkeep\n|\n|t:|1776639550\n|switch|p2a: Incineroar|Incineroar, L50, M, shiny|100/100\n|-ability|p2a: Incineroar|Intimidate|boost\n|-unboost|p1a: Scizor|atk|1\n|-unboost|p1b: Pelipper|atk|1\n|turn|3\n|j| Ongalabong\n|\n|t:|1776639572\n|move|p1b: Pelipper|Protect|p1b: Pelipper\n|-singleturn|p1b: Pelipper|Protect\n|move|p1a: Scizor|Protect|p1a: Scizor\n|-singleturn|p1a: Scizor|Protect\n|move|p2b: Froslass|Blizzard|p1a: Scizor|[spread] \n|-activate|p1a: Scizor|move: Protect\n|-activate|p1b: Pelipper|move: Protect\n|move|p2a: Incineroar|Flare Blitz|p1a: Scizor\n|-activate|p1a: Scizor|move: Protect\n|\n|-weather|Snowscape|[upkeep]\n|upkeep\n|turn|4\n|inactive|bl00dm4fia banker has 30 seconds left.\n|inactive|bl00dm4fia banker has 20 seconds left.\n|inactive|bl00dm4fia banker has 15 seconds left.\n|\n|t:|1776639615\n|switch|p1a: Basculegion|Basculegion, L50, M|100/100\n|move|p1b: Pelipper|Hurricane|p2a: Incineroar\n|-damage|p2a: Incineroar|77/100\n|move|p2b: Froslass|Blizzard|p1b: Pelipper|[spread] p1a,p1b\n|-resisted|p1a: Basculegion|1\n|-damage|p1a: Basculegion|75/100\n|-damage|p1b: Pelipper|24/100\n|move|p2a: Incineroar|Flare Blitz|p1a: Basculegion\n|-resisted|p1a: Basculegion|1\n|-damage|p1a: Basculegion|48/100\n|-damage|p2a: Incineroar|68/100|[from] Recoil\n|\n|-weather|Snowscape|[upkeep]\n|-sideend|p1: bl00dm4fia banker|move: Tailwind\n|upkeep\n|turn|5\n|inactive|bl00dm4fia banker has 30 seconds left.\n|inactive|bl00dm4fia banker has 20 seconds left.\n|inactive|bl00dm4fia banker has 15 seconds left.\n|\n|t:|1776639658\n|move|p1a: Basculegion|Flip Turn|p2a: Incineroar\n|-supereffective|p2a: Incineroar|1\n|-damage|p2a: Incineroar|30/100\n|-enditem|p2a: Incineroar|Sitrus Berry|[eat]\n|-heal|p2a: Incineroar|55/100|[from] item: Sitrus Berry\n|\n|t:|1776639663\n|switch|p1a: Scizor|Scizor, L50, F|100/100|[from] Flip Turn\n|move|p2b: Froslass|Shadow Ball|p1a: Scizor\n|-damage|p1a: Scizor|46/100\n|move|p1b: Pelipper|Tailwind|p1b: Pelipper\n|-sidestart|p1: bl00dm4fia banker|move: Tailwind\n|move|p2a: Incineroar|Parting Shot|p1b: Pelipper\n|-unboost|p1b: Pelipper|atk|1\n|-unboost|p1b: Pelipper|spa|1\n|\n|t:|1776639673\n|switch|p2a: Aerodactyl|Aerodactyl, L50, M, shiny|100/100|[from] Parting Shot\n|-ability|p2a: Aerodactyl|Unnerve\n|\n|-weather|Snowscape|[upkeep]\n|upkeep\n|turn|6\n|\n|t:|1776639690\n|switch|p2a: Incineroar|Incineroar, L50, M, shiny|55/100\n|-ability|p2a: Incineroar|Intimidate|boost\n|-unboost|p1a: Scizor|atk|1\n|-unboost|p1b: Pelipper|atk|1\n|move|p1a: Scizor|Bullet Punch|p2b: Froslass\n|-supereffective|p2b: Froslass|1\n|-damage|p2b: Froslass|60/100\n|move|p1b: Pelipper|Weather Ball|p2a: Incineroar\n|-resisted|p2a: Incineroar|1\n|-damage|p2a: Incineroar|51/100\n|move|p2b: Froslass|Shadow Ball|p1a: Scizor\n|-damage|p1a: Scizor|0 fnt\n|faint|p1a: Scizor\n|\n|-weather|none\n|-sideend|p2: XeonNjic|move: Aurora Veil\n|upkeep\n|\n|t:|1776639708\n|switch|p1a: Sneasler|Sneasler, L50, F|100/100\n|-ability|p1a: Sneasler|Pressure\n|turn|7\n|\n|t:|1776639727\n|switch|p2b: Aerodactyl|Aerodactyl, L50, M, shiny|100/100\n|-ability|p2b: Aerodactyl|Unnerve\n|move|p1a: Sneasler|Protect|p1a: Sneasler\n|-singleturn|p1a: Sneasler|Protect\n|move|p1b: Pelipper|Protect|p1b: Pelipper\n|-singleturn|p1b: Pelipper|Protect\n|move|p2a: Incineroar|Protect||[still]\n|-fail|p2a: Incineroar\n|\n|upkeep\n|turn|8\n|\n|t:|1776639747\n|move|p2a: Incineroar|Protect|p2a: Incineroar\n|-singleturn|p2a: Incineroar|Protect\n|move|p1a: Sneasler|Rock Slide|p2b: Aerodactyl|[spread] p2b\n|-activate|p2a: Incineroar|move: Protect\n|-supereffective|p2b: Aerodactyl|1\n|-damage|p2b: Aerodactyl|33/100\n|move|p1b: Pelipper|Hurricane|p2b: Aerodactyl|[miss]\n|-miss|p1b: Pelipper|p2b: Aerodactyl\n|cant|p2b: Aerodactyl|flinch\n|\n|-sideend|p1: bl00dm4fia banker|move: Tailwind\n|upkeep\n|turn|9\n|\n|t:|1776639766\n|switch|p1b: Basculegion|Basculegion, L50, M|48/100\n|move|p2b: Aerodactyl|Dual Wingbeat|p1a: Sneasler\n|-supereffective|p1a: Sneasler|1\n|-damage|p1a: Sneasler|38/100\n|-supereffective|p1a: Sneasler|1\n|-damage|p1a: Sneasler|0 fnt\n|faint|p1a: Sneasler\n|-hitcount|p1: Sneasler|2\n|move|p2a: Incineroar|Parting Shot|p1b: Basculegion\n|-unboost|p1b: Basculegion|atk|1\n|-unboost|p1b: Basculegion|spa|1\n|\n|t:|1776639776\n|switch|p2a: Froslass|Froslass-Mega, L50, F, shiny|60/100|[from] Parting Shot\n|-weather|Snowscape|[from] ability: Snow Warning|[of] p2a: Froslass\n|\n|-weather|Snowscape|[upkeep]\n|upkeep\n|\n|t:|1776639779\n|switch|p1a: Pelipper|Pelipper, L50, M|24/100\n|-weather|RainDance|[from] ability: Drizzle|[of] p1a: Pelipper\n|turn|10\n|\n|t:|1776639792\n|switch|p2a: Incineroar|Incineroar, L50, M, shiny|51/100\n|-ability|p2a: Incineroar|Intimidate|boost\n|-unboost|p1a: Pelipper|atk|1\n|-unboost|p1b: Basculegion|atk|1\n|move|p1a: Pelipper|Protect|p1a: Pelipper\n|-singleturn|p1a: Pelipper|Protect\n|move|p1b: Basculegion|Last Respects|p2a: Incineroar\n|-resisted|p2a: Incineroar|1\n|-damage|p2a: Incineroar|36/100\n|move|p2b: Aerodactyl|Rock Slide|p1b: Basculegion|[spread] p1b\n|-activate|p1a: Pelipper|move: Protect\n|-damage|p1b: Basculegion|16/100\n|\n|-weather|RainDance|[upkeep]\n|upkeep\n|turn|11\n|inactive|XeonNjic has 30 seconds left.\n|inactive|XeonNjic has 20 seconds left.\n|inactive|XeonNjic has 15 seconds left.\n|\n|t:|1776639833\n|move|p2a: Incineroar|Fake Out|p1a: Pelipper\n|-damage|p1a: Pelipper|10/100\n|move|p1b: Basculegion|Last Respects|p2b: Aerodactyl\n|-damage|p2b: Aerodactyl|0 fnt\n|faint|p2b: Aerodactyl\n|cant|p1a: Pelipper|flinch\n|\n|-weather|RainDance|[upkeep]\n|upkeep\n|\n|t:|1776639838\n|switch|p2b: Froslass|Froslass-Mega, L50, F, shiny|60/100\n|-weather|Snowscape|[from] ability: Snow Warning|[of] p2b: Froslass\n|turn|12\n|\n|t:|1776639848\n|move|p1a: Pelipper|Protect|p1a: Pelipper\n|-singleturn|p1a: Pelipper|Protect\n|move|p1b: Basculegion|Last Respects|p2b: Froslass\n|-supereffective|p2b: Froslass|1\n|-damage|p2b: Froslass|0 fnt\n|faint|p2b: Froslass\n|move|p2a: Incineroar|Flare Blitz|p1b: Basculegion\n|-resisted|p1b: Basculegion|1\n|-damage|p1b: Basculegion|0 fnt\n|faint|p1b: Basculegion\n|-damage|p2a: Incineroar|31/100|[from] Recoil\n|\n|-weather|Snowscape|[upkeep]\n|upkeep\n|turn|13\n|\n|t:|1776639860\n|move|p1a: Pelipper|Hurricane|p2a: Incineroar\n|-damage|p2a: Incineroar|0 fnt\n|faint|p2a: Incineroar\n|\n|win|bl00dm4fia banker\n|n|\u2606bl00dm4fia banker|bl00dm4fiabanker\n|n|\u2606XeonNjic|xeonnjic\n|n| Ongalabong|ongalabong\n|c|\u2606XeonNjic|gg\n|c|\u2606bl00dm4fia banker|wow gg\n",
  "uploadtime": 1776639868,
  "views": 7,
  "formatid": "gen9championsvgc2026regma",
  "rating": null,
  "private": 0,
  "password": null
}