{
  "id": "gen9championsvgc2026regma-2583774235",
  "format": "[Gen 9 Champions] VGC 2026 Reg M-A",
  "players": [
    "Amukhan",
    "okuthor"
  ],
  "log": "|j|\u2606Amukhan\n|j|\u2606okuthor\n|t:|1776196786\n|gametype|doubles\n|player|p1|Amukhan|ingo|1076\n|player|p2|okuthor|1|1066\n|gen|9\n|tier|[Gen 9 Champions] VGC 2026 Reg M-A\n|rated|\n|rule|Species Clause: Limit one of each Pok\u00e9mon\n|rule|Item Clause: Limit 1 of each item\n|clearpoke\n|poke|p1|Froslass, L50, F|\n|poke|p1|Kommo-o, L50, M|\n|poke|p1|Sinistcha, L50|\n|poke|p1|Snorlax, L50, F|\n|poke|p1|Incineroar, L50, F|\n|poke|p1|Aerodactyl, L50, M|\n|poke|p2|Charizard, L50, M|\n|poke|p2|Torkoal, L50, M|\n|poke|p2|Venusaur, L50, M|\n|poke|p2|Typhlosion-Hisui, L50, M|\n|poke|p2|Whimsicott, L50, M|\n|poke|p2|Arcanine, L50, F|\n|teampreview|4\n|inactive|Battle timer is ON: inactive players will automatically lose when time's up. (requested by okuthor)\n|\n|t:|1776196800\n|teamsize|p1|4\n|teamsize|p2|4\n|start\n|switch|p1a: Kommo-o|Kommo-o, L50, M|100/100\n|switch|p1b: Aerodactyl|Aerodactyl, L50, M|100/100\n|switch|p2a: Charizard|Charizard, L50, M|100/100\n|switch|p2b: Whimsicott|Whimsicott, L50, M|100/100\n|turn|1\n|inactive|Amukhan has 30 seconds left.\n|\n|t:|1776196829\n|switch|p1a: Incineroar|Incineroar, L50, F|100/100\n|-ability|p1a: Incineroar|Intimidate|boost\n|-unboost|p2a: Charizard|atk|1\n|-unboost|p2b: Whimsicott|atk|1\n|detailschange|p1b: Aerodactyl|Aerodactyl-Mega, L50, M\n|-mega|p1b: Aerodactyl|Aerodactyl|Aerodactylite\n|move|p2a: Charizard|Protect|p2a: Charizard\n|-singleturn|p2a: Charizard|Protect\n|move|p2b: Whimsicott|Tailwind|p2b: Whimsicott\n|-sidestart|p2: okuthor|move: Tailwind\n|move|p1b: Aerodactyl|Rock Slide|p2b: Whimsicott|[spread] p2b\n|-activate|p2a: Charizard|move: Protect\n|-damage|p2b: Whimsicott|62/100\n|\n|upkeep\n|turn|2\n|\n|t:|1776196852\n|switch|p2a: Arcanine|Arcanine, L50, F|100/100\n|-ability|p2a: Arcanine|Intimidate|boost\n|-unboost|p1a: Incineroar|atk|1\n|-unboost|p1b: Aerodactyl|atk|1\n|move|p1a: Incineroar|Fake Out|p2a: Arcanine\n|-damage|p2a: Arcanine|90/100\n|move|p2b: Whimsicott|Moonblast|p1b: Aerodactyl\n|-damage|p1b: Aerodactyl|70/100\n|move|p1b: Aerodactyl|Rock Slide|p2b: Whimsicott|[spread] p2a,p2b\n|-supereffective|p2a: Arcanine|1\n|-crit|p2a: Arcanine\n|-damage|p2a: Arcanine|11/100\n|-damage|p2b: Whimsicott|36/100\n|-enditem|p2a: Arcanine|Sitrus Berry|[eat]\n|-heal|p2a: Arcanine|36/100|[from] item: Sitrus Berry\n|\n|upkeep\n|turn|3\n|inactive|Amukhan has 30 seconds left.\n|inactive|okuthor has 30 seconds left.\n|inactive|Amukhan has 20 seconds left.\n|inactive|Amukhan has 15 seconds left.\n|\n|t:|1776196893\n|move|p1b: Aerodactyl|Protect|p1b: Aerodactyl\n|-singleturn|p1b: Aerodactyl|Protect\n|move|p2b: Whimsicott|Moonblast|p1b: Aerodactyl\n|-activate|p1b: Aerodactyl|move: Protect\n|move|p2a: Arcanine|Will-O-Wisp|p1b: Aerodactyl\n|-activate|p1b: Aerodactyl|move: Protect\n|move|p1a: Incineroar|Flare Blitz|p2b: Whimsicott\n|-supereffective|p2b: Whimsicott|1\n|-damage|p2b: Whimsicott|0 fnt\n|faint|p2b: Whimsicott\n|-damage|p1a: Incineroar|91/100|[from] Recoil\n|\n|upkeep\n|\n|t:|1776196897\n|switch|p2b: Charizard|Charizard, L50, M|100/100\n|turn|4\n|inactive|Amukhan has 30 seconds left.\n|\n|t:|1776196924\n|switch|p1b: Kommo-o|Kommo-o, L50, M|100/100\n|detailschange|p2b: Charizard|Charizard-Mega-Y, L50, M\n|-mega|p2b: Charizard|Charizard|Charizardite Y\n|-weather|SunnyDay|[from] ability: Drought|[of] p2b: Charizard\n|move|p2b: Charizard|Heat Wave|p1b: Kommo-o|[spread] p1a,p1b\n|-resisted|p1a: Incineroar|1\n|-resisted|p1b: Kommo-o|1\n|-damage|p1a: Incineroar|62/100\n|-damage|p1b: Kommo-o|69/100\n|move|p2a: Arcanine|Flare Blitz|p1b: Kommo-o\n|-resisted|p1b: Kommo-o|1\n|-crit|p1b: Kommo-o\n|-damage|p1b: Kommo-o|25/100\n|-status|p1b: Kommo-o|brn\n|-enditem|p1b: Kommo-o|Sitrus Berry|[eat]\n|-heal|p1b: Kommo-o|50/100 brn|[from] item: Sitrus Berry\n|-damage|p2a: Arcanine|23/100|[from] Recoil\n|move|p1a: Incineroar|Parting Shot|p2b: Charizard\n|-unboost|p2b: Charizard|atk|1\n|-unboost|p2b: Charizard|spa|1\n|\n|t:|1776196944\n|switch|p1a: Aerodactyl|Aerodactyl-Mega, L50, M|70/100|[from] Parting Shot\n|\n|-weather|SunnyDay|[upkeep]\n|-damage|p1b: Kommo-o|44/100 brn|[from] brn\n|-sideend|p2: okuthor|move: Tailwind\n|upkeep\n|turn|5\n|\n|t:|1776196960\n|switch|p1b: Sinistcha|Sinistcha, L50|100/100\n|-heal|p1a: Aerodactyl|94/100|[from] ability: Hospitality|[of] p1b: Sinistcha\n|move|p1a: Aerodactyl|Rock Slide|p2b: Charizard|[spread] p2a,p2b\n|-supereffective|p2a: Arcanine|1\n|-supereffective|p2b: Charizard|2\n|-crit|p2b: Charizard\n|-damage|p2a: Arcanine|0 fnt\n|-damage|p2b: Charizard|0 fnt\n|faint|p2a: Arcanine\n|faint|p2b: Charizard\n|\n|-weather|SunnyDay|[upkeep]\n|upkeep\n|\n|t:|1776196968\n|switch|p2b: Typhlosion|Typhlosion-Hisui, L50, M|100/100\n|turn|6\n|\n|t:|1776196992\n|switch|p1b: Kommo-o|Kommo-o, L50, M|44/100 brn\n|move|p2b: Typhlosion|Eruption|p1b: Kommo-o|[spread] p1a,p1b\n|-resisted|p1a: Aerodactyl|1\n|-resisted|p1b: Kommo-o|1\n|-damage|p1a: Aerodactyl|41/100\n|-damage|p1b: Kommo-o|3/100 brn\n|move|p1a: Aerodactyl|Rock Slide|p2b: Typhlosion\n|-supereffective|p2b: Typhlosion|1\n|-damage|p2b: Typhlosion|0 fnt\n|faint|p2b: Typhlosion\n|\n|win|Amukhan\n|raw|Amukhan's rating: 1076 &rarr; <strong>1104</strong><br />(+28 for winning)\n|raw|okuthor's rating: 1066 &rarr; <strong>1047</strong><br />(-19 for losing)\n|l|\u2606okuthor\n|player|p2|\n",
  "uploadtime": 1776197005,
  "views": 18,
  "formatid": "gen9championsvgc2026regma",
  "rating": 1047,
  "private": 0,
  "password": null
}