{
  "id": "gen9championsvgc2026regma-2588228886",
  "format": "[Gen 9 Champions] VGC 2026 Reg M-A",
  "players": [
    "SDLT 2KRL March",
    "Nasq44"
  ],
  "log": "|raw|<div class=\"broadcast-blue\"><strong>This battle is required to be public due to a player having a name starting with 'sdlt'.</div>\n|j|\u2606SDLT 2KRL March\n|j|\u2606Nasq44\n|t:|1776616270\n|gametype|doubles\n|player|p1|SDLT 2KRL March|valerie|1271\n|player|p2|Nasq44|veteran|1196\n|gen|9\n|tier|[Gen 9 Champions] VGC 2026 Reg M-A\n|rated|\n|rule|Species Clause: Limit one of each Pok\u00e9mon\n|rule|Item Clause: Limit 1 of each item\n|clearpoke\n|poke|p1|Kangaskhan, L50, F, shiny|\n|poke|p1|Farigiraf, L50, M, shiny|\n|poke|p1|Talonflame, L50, F, shiny|\n|poke|p1|Floette-Eternal, L50, F|\n|poke|p1|Sneasler, L50, M, shiny|\n|poke|p1|Basculegion, L50, M|\n|poke|p2|Talonflame, L50, F|\n|poke|p2|Garchomp, L50, M|\n|poke|p2|Milotic, L50, F|\n|poke|p2|Incineroar, L50, M|\n|poke|p2|Meganium, L50, F|\n|poke|p2|Dragonite, L50, M|\n|teampreview|4\n|inactive|Battle timer is ON: inactive players will automatically lose when time's up. (requested by SDLT 2KRL March)\nNasq44 rejected open team sheets.\n|inactive|Nasq44 has 60 seconds left.\n|\n|t:|1776616309\n|teamsize|p1|4\n|teamsize|p2|4\n|start\n|switch|p1a: Athena|Talonflame, L50, F, shiny|100/100\n|switch|p1b: Floette|Floette-Eternal, L50, F|100/100\n|switch|p2a: Incineroar|Incineroar, L50, M|100/100\n|switch|p2b: Milotic|Milotic, L50, F|100/100\n|-ability|p2a: Incineroar|Intimidate|boost\n|-unboost|p1a: Athena|atk|1\n|-unboost|p1b: Floette|atk|1\n|turn|1\n|\n|t:|1776616326\n|detailschange|p1b: Floette|Floette-Mega, L50, F\n|-mega|p1b: Floette|Floette|Floettite\n|-ability|p1b: Floette|Fairy Aura\n|move|p2a: Incineroar|Fake Out|p1a: Athena\n|-damage|p1a: Athena|83/100\n|cant|p1a: Athena|flinch\n|move|p1b: Floette|Dazzling Gleam|p2b: Milotic|[spread] p2a,p2b\n|-damage|p2a: Incineroar|62/100\n|-damage|p2b: Milotic|67/100\n|move|p2b: Milotic|Icy Wind|p1a: Athena|[spread] p1a,p1b\n|-damage|p1a: Athena|64/100\n|-damage|p1b: Floette|90/100\n|-unboost|p1a: Athena|spe|1\n|-unboost|p1b: Floette|spe|1\n|\n|upkeep\n|turn|2\n|inactive|Nasq44 has 30 seconds left.\n|\n|t:|1776616353\n|move|p1a: Athena|Tailwind|p1a: Athena\n|-sidestart|p1: SDLT 2KRL March|move: Tailwind\n|move|p1b: Floette|Light of Ruin|p2b: Milotic\n|-crit|p2b: Milotic\n|-damage|p2b: Milotic|0 fnt\n|faint|p2b: Milotic\n|-damage|p1b: Floette|49/100|[from] Recoil\n|move|p2a: Incineroar|Parting Shot|p1b: Floette\n|-unboost|p1b: Floette|atk|1\n|-unboost|p1b: Floette|spa|1\n|\n|t:|1776616364\n|switch|p2a: Garchomp|Garchomp, L50, M|100/100|[from] Parting Shot\n|\n|upkeep\n|\n|t:|1776616368\n|switch|p2b: Incineroar|Incineroar, L50, M|62/100\n|-ability|p2b: Incineroar|Intimidate|boost\n|-unboost|p1a: Athena|atk|1\n|-unboost|p1b: Floette|atk|1\n|turn|3\n|inactive|SDLT 2KRL March has 30 seconds left.\n|\n|t:|1776616395\n|move|p2b: Incineroar|Fake Out|p1b: Floette\n|-damage|p1b: Floette|34/100\n|move|p1a: Athena|Brave Bird|p2b: Incineroar\n|-damage|p2b: Incineroar|39/100\n|-enditem|p2b: Incineroar|Sitrus Berry|[eat]\n|-heal|p2b: Incineroar|64/100|[from] item: Sitrus Berry\n|-damage|p1a: Athena|54/100|[from] Recoil\n|cant|p1b: Floette|flinch\n|move|p2a: Garchomp|Rock Slide|p1b: Floette|[spread] p1a,p1b\n|-supereffective|p1a: Athena|2\n|-damage|p1a: Athena|0 fnt\n|-damage|p1b: Floette|4/100\n|faint|p1a: Athena\n|\n|upkeep\n|\n|t:|1776616398\n|switch|p1a: Sneasler|Sneasler, L50, M, shiny|100/100\n|turn|4\n|\n|t:|1776616416\n|move|p2a: Garchomp|Protect|p2a: Garchomp\n|-singleturn|p2a: Garchomp|Protect\n|move|p1a: Sneasler|Close Combat|p2b: Incineroar\n|-supereffective|p2b: Incineroar|1\n|-damage|p2b: Incineroar|0 fnt\n|-unboost|p1a: Sneasler|def|1\n|-unboost|p1a: Sneasler|spd|1\n|faint|p2b: Incineroar\n|move|p1b: Floette|Dazzling Gleam|p2a: Garchomp\n|-activate|p2a: Garchomp|move: Protect\n|\n|upkeep\n|\n|t:|1776616426\n|switch|p2b: Meganium|Meganium, L50, F|100/100\n|turn|5\n|\n|t:|1776616440\n|detailschange|p2b: Meganium|Meganium-Mega, L50, F\n|-mega|p2b: Meganium|Meganium|Meganiumite\n|move|p1a: Sneasler|Dire Claw|p2b: Meganium\n|-supereffective|p2b: Meganium|2\n|-damage|p2b: Meganium|0 fnt\n|faint|p2b: Meganium\n|move|p1b: Floette|Dazzling Gleam|p2a: Garchomp\n|-supereffective|p2a: Garchomp|1\n|-damage|p2a: Garchomp|23/100\n|move|p2a: Garchomp|Earthquake|p1a: Sneasler|[spread] p1a,p1b\n|-supereffective|p1a: Sneasler|1\n|-enditem|p1a: Sneasler|Focus Sash\n|-damage|p1a: Sneasler|1/100\n|-damage|p1b: Floette|0 fnt\n|faint|p1b: Floette\n|\n|-sideend|p1: SDLT 2KRL March|move: Tailwind\n|upkeep\n|\n|t:|1776616442\n|switch|p1b: Basculegion|Basculegion, L50, M|100/100\n|turn|6\n|-message|Nasq44 forfeited.\n|\n|win|SDLT 2KRL March\n|raw|SDLT 2KRL March's rating: 1271 &rarr; <strong>1291</strong><br />(+20 for winning)\n|raw|Nasq44's rating: 1196 &rarr; <strong>1176</strong><br />(-20 for losing)\n",
  "uploadtime": 1776616458,
  "views": 8,
  "formatid": "gen9championsvgc2026regma",
  "rating": 1176,
  "private": 0,
  "password": null
}