{
  "id": "gen9championsvgc2026regma-2586523579",
  "format": "[Gen 9 Champions] VGC 2026 Reg M-A",
  "players": [
    "nipter",
    "ancovss"
  ],
  "log": "|j|\u203dnipter\n|j|\u2606ancovss\n|t:|1776440496\n|gametype|doubles\n|player|p1|nipter|az|1270\n|player|p2|ancovss|swimmerf-gen4|1279\n|gen|9\n|tier|[Gen 9 Champions] VGC 2026 Reg M-A\n|rated|\n|rule|Species Clause: Limit one of each Pok\u00e9mon\n|rule|Item Clause: Limit 1 of each item\n|clearpoke\n|poke|p1|Greninja-*, L50, F|\n|poke|p1|Politoed, L50, F|\n|poke|p1|Incineroar, L50, F|\n|poke|p1|Basculegion-F, L50, F|\n|poke|p1|Garchomp, L50, F|\n|poke|p1|Archaludon, L50, F|\n|poke|p2|Scizor, L50, M|\n|poke|p2|Rotom-Wash, L50|\n|poke|p2|Garchomp, L50, F|\n|poke|p2|Talonflame, L50, M|\n|poke|p2|Milotic, L50, M|\n|poke|p2|Sinistcha, L50|\n|teampreview|4\nnipter has agreed to open team sheets.\n|\n|t:|1776440534\n|teamsize|p1|4\n|teamsize|p2|4\n|start\n|switch|p1a: Greninja|Greninja, L50, F, shiny|100/100\n|switch|p1b: Politoed|Politoed, L50, F, shiny|100/100\n|switch|p2a: Rotom|Rotom-Wash, L50|100/100\n|switch|p2b: Garchomp|Garchomp, L50, F|100/100\n|-weather|RainDance|[from] ability: Drizzle|[of] p1b: Politoed\n|turn|1\n|\n|t:|1776440564\n|detailschange|p1a: Greninja|Greninja-Mega, L50, F, shiny\n|-mega|p1a: Greninja|Greninja|Greninjite\n|move|p1a: Greninja|Icy Wind|p2a: Rotom|[spread] p2a,p2b\n|-start|p1a: Greninja|typechange|Ice|[from] ability: Protean\n|-resisted|p2a: Rotom|1\n|-supereffective|p2b: Garchomp|2\n|-damage|p2a: Rotom|89/100\n|-damage|p2b: Garchomp|7/100\n|-unboost|p2a: Rotom|spe|1\n|-unboost|p2b: Garchomp|spe|1\n|move|p2b: Garchomp|Rock Slide|p1b: Politoed|[spread] p1a,p1b\n|-supereffective|p1a: Greninja|1\n|-damage|p1a: Greninja|35/100\n|-damage|p1b: Politoed|77/100\n|move|p1b: Politoed|Ice Beam|p2b: Garchomp\n|-supereffective|p2b: Garchomp|2\n|-damage|p2b: Garchomp|0 fnt\n|faint|p2b: Garchomp\n|move|p2a: Rotom|Thunderbolt|p1b: Politoed\n|-supereffective|p1b: Politoed|1\n|-damage|p1b: Politoed|0 fnt\n|faint|p1b: Politoed\n|\n|-weather|RainDance|[upkeep]\n|upkeep\n|l|\u2606ancovss\n|player|p2|\n|j|\u2606ancovss\n|player|p2|ancovss|swimmerf-gen4|\n|\n|t:|1776440604\n|switch|p2b: Scizor|Scizor, L50, M|100/100\n|switch|p1b: Archaludon|Archaludon, L50, F|100/100\n|turn|2\n|inactive|Battle timer is ON: inactive players will automatically lose when time's up. (requested by ancovss)\n|\n|t:|1776440642\n|detailschange|p2b: Scizor|Scizor-Mega, L50, M\n|-mega|p2b: Scizor|Scizor|Scizorite\n|move|p2a: Rotom|Protect|p2a: Rotom\n|-singleturn|p2a: Rotom|Protect\n|move|p2b: Scizor|Bullet Punch|p1a: Greninja\n|-supereffective|p1a: Greninja|1\n|-damage|p1a: Greninja|0 fnt\n|faint|p1a: Greninja\n|move|p1b: Archaludon|Electro Shot||[still]\n|-prepare|p1b: Archaludon|Electro Shot\n|-boost|p1b: Archaludon|spa|1\n|-anim|p1b: Archaludon|Electro Shot|p2b: Scizor\n|-damage|p2b: Scizor|35/100\n|\n|-weather|RainDance|[upkeep]\n|upkeep\n|\n|t:|1776440654\n|switch|p1a: Basculegion|Basculegion-F, L50, F|100/100\n|turn|3\n|\n|t:|1776440671\n|move|p1b: Archaludon|Protect|p1b: Archaludon\n|-singleturn|p1b: Archaludon|Protect\n|move|p2b: Scizor|Protect|p2b: Scizor\n|-singleturn|p2b: Scizor|Protect\n|move|p1a: Basculegion|Surf|p2a: Rotom|[spread] p2a\n|-activate|p1b: Archaludon|move: Protect\n|-activate|p2b: Scizor|move: Protect\n|-resisted|p2a: Rotom|1\n|-damage|p2a: Rotom|67/100\n|move|p2a: Rotom|Thunderbolt|p1a: Basculegion\n|-supereffective|p1a: Basculegion|1\n|-enditem|p1a: Basculegion|Focus Sash\n|-damage|p1a: Basculegion|1/100\n|\n|-weather|RainDance|[upkeep]\n|upkeep\n|turn|4\n|inactive|ancovss has 30 seconds left.\n|\n|t:|1776440697\n|switch|p2b: Sinistcha|Sinistcha, L50|100/100\n|-heal|p2a: Rotom|92/100|[from] ability: Hospitality|[of] p2b: Sinistcha\n|move|p1a: Basculegion|Surf|p2b: Sinistcha|[spread] p1b,p2a,p2b\n|-resisted|p1b: Archaludon|1\n|-resisted|p2a: Rotom|1\n|-resisted|p2b: Sinistcha|1\n|-damage|p1b: Archaludon|71/100\n|-damage|p2a: Rotom|67/100\n|-damage|p2b: Sinistcha|70/100\n|-ability|p1b: Archaludon|Stamina|boost\n|-boost|p1b: Archaludon|def|1\n|move|p1b: Archaludon|Electro Shot||[still]\n|-prepare|p1b: Archaludon|Electro Shot\n|-boost|p1b: Archaludon|spa|1\n|-anim|p1b: Archaludon|Electro Shot|p2b: Sinistcha\n|-resisted|p2b: Sinistcha|1\n|-damage|p2b: Sinistcha|18/100\n|move|p2a: Rotom|Volt Switch|p1a: Basculegion\n|-supereffective|p1a: Basculegion|1\n|-damage|p1a: Basculegion|0 fnt\n|faint|p1a: Basculegion\n|\n|t:|1776440719\n|switch|p2a: Scizor|Scizor-Mega, L50, M|35/100|[from] Volt Switch\n|\n|-weather|RainDance|[upkeep]\n|-heal|p1b: Archaludon|77/100|[from] item: Leftovers\n|upkeep\n|turn|5\n|\n|t:|1776440730\n|move|p2b: Sinistcha|Rage Powder|p2b: Sinistcha\n|-singleturn|p2b: Sinistcha|move: Rage Powder\n|move|p1b: Archaludon|Electro Shot||[still]\n|-prepare|p1b: Archaludon|Electro Shot\n|-boost|p1b: Archaludon|spa|1\n|-anim|p1b: Archaludon|Electro Shot|p2b: Sinistcha\n|-resisted|p2b: Sinistcha|1\n|-damage|p2b: Sinistcha|0 fnt\n|faint|p2b: Sinistcha\n|move|p2a: Scizor|Swords Dance|p2a: Scizor\n|-boost|p2a: Scizor|atk|2\n|\n|-weather|none\n|-heal|p1b: Archaludon|83/100|[from] item: Leftovers\n|upkeep\n|\n|t:|1776440744\n|switch|p2b: Rotom|Rotom-Wash, L50|67/100\n|turn|6\n|\n|t:|1776440760\n|move|p2a: Scizor|Bullet Punch|p1b: Archaludon\n|-resisted|p1b: Archaludon|1\n|-damage|p1b: Archaludon|66/100\n|-ability|p1b: Archaludon|Stamina|boost\n|-boost|p1b: Archaludon|def|1\n|move|p1b: Archaludon|Aura Sphere|p2a: Scizor\n|-damage|p2a: Scizor|0 fnt\n|faint|p2a: Scizor\n|move|p2b: Rotom|Thunderbolt|p1b: Archaludon\n|-resisted|p1b: Archaludon|1\n|-damage|p1b: Archaludon|35/100\n|-ability|p1b: Archaludon|Stamina|boost\n|-boost|p1b: Archaludon|def|1\n|\n|-heal|p1b: Archaludon|41/100|[from] item: Leftovers\n|upkeep\n|turn|7\n|\n|t:|1776440776\n|move|p1b: Archaludon|Protect|p1b: Archaludon\n|-singleturn|p1b: Archaludon|Protect\n|move|p2b: Rotom|Thunderbolt|p1b: Archaludon\n|-activate|p1b: Archaludon|move: Protect\n|\n|-heal|p1b: Archaludon|47/100|[from] item: Leftovers\n|upkeep\n|turn|8\n|\n|t:|1776440790\n|move|p1b: Archaludon|Aura Sphere|p2b: Rotom\n|-damage|p2b: Rotom|0 fnt\n|faint|p2b: Rotom\n|\n|win|nipter\n|raw|nipter's rating: 1270 &rarr; <strong>1296</strong><br />(+26 for winning)\n|raw|ancovss's rating: 1279 &rarr; <strong>1253</strong><br />(-26 for losing)\n|l|\u2606ancovss\n|player|p2|\n",
  "uploadtime": 1776440800,
  "views": 42,
  "formatid": "gen9championsvgc2026regma",
  "rating": 1253,
  "private": 0,
  "password": null
}