{
  "id": "gen9championsvgc2026regma-2584892964",
  "format": "[Gen 9 Champions] VGC 2026 Reg M-A",
  "players": [
    "pauao",
    "Xalvadore"
  ],
  "log": "|j|\u2606pauao\n|j|\u2606Xalvadore\n|t:|1776292157\n|gametype|doubles\n|player|p1|pauao|102|1068\n|player|p2|Xalvadore|102|1000\n|gen|9\n|tier|[Gen 9 Champions] VGC 2026 Reg M-A\n|rated|\n|rule|Species Clause: Limit one of each Pok\u00e9mon\n|rule|Item Clause: Limit 1 of each item\n|clearpoke\n|poke|p1|Froslass, L50, F|\n|poke|p1|Orthworm, L50, F|\n|poke|p1|Garchomp, L50, M|\n|poke|p1|Rotom-Frost, L50|\n|poke|p1|Basculegion, L50, M|\n|poke|p1|Incineroar, L50, F|\n|poke|p2|Meganium, L50, F|\n|poke|p2|Incineroar, L50, F|\n|poke|p2|Krookodile, L50, F|\n|poke|p2|Blastoise, L50, M|\n|poke|p2|Gengar, L50, F|\n|poke|p2|Scizor, L50, M|\n|teampreview|4\n|\n|t:|1776292219\n|teamsize|p1|4\n|teamsize|p2|4\n|start\n|switch|p1a: Incineroar|Incineroar, L50, F|100/100\n|switch|p1b: Basculegion|Basculegion, L50, M|100/100\n|switch|p2a: Krookodile|Krookodile, L50, F|100/100\n|switch|p2b: Incineroar|Incineroar, L50, F|100/100\n|-ability|p2a: Krookodile|Intimidate|boost\n|-unboost|p1a: Incineroar|atk|1\n|-unboost|p1b: Basculegion|atk|1\n|-ability|p1a: Incineroar|Intimidate|boost\n|-unboost|p2a: Krookodile|atk|1\n|-unboost|p2b: Incineroar|atk|1\n|turn|1\n|\n|t:|1776292259\n|move|p2b: Incineroar|Fake Out|p1a: Incineroar\n|-damage|p1a: Incineroar|94/100\n|cant|p1a: Incineroar|flinch\n|move|p2a: Krookodile|Knock Off|p1b: Basculegion\n|-supereffective|p1b: Basculegion|1\n|-damage|p1b: Basculegion|17/100\n|-enditem|p1b: Basculegion|Choice Scarf|[from] move: Knock Off|[of] p2a: Krookodile\n|move|p1b: Basculegion|Flip Turn|p2a: Krookodile\n|-supereffective|p2a: Krookodile|1\n|-damage|p2a: Krookodile|47/100\n|\n|t:|1776292272\n|switch|p1b: Garchomp|Garchomp, L50, M|100/100|[from] Flip Turn\n|\n|upkeep\n|turn|2\n|\n|t:|1776292290\n|switch|p2a: Blastoise|Blastoise, L50, M|100/100\n|move|p1b: Garchomp|Dragon Claw|p2b: Incineroar\n|-damage|p2b: Incineroar|62/100\n|move|p2b: Incineroar|Parting Shot|p1b: Garchomp\n|-unboost|p1b: Garchomp|atk|1\n|-unboost|p1b: Garchomp|spa|1\n|\n|t:|1776292300\n|switch|p2b: Krookodile|Krookodile, L50, F|47/100|[from] Parting Shot\n|-ability|p2b: Krookodile|Intimidate|boost\n|-unboost|p1a: Incineroar|atk|1\n|-unboost|p1b: Garchomp|atk|1\n|move|p1a: Incineroar|Parting Shot|p2a: Blastoise\n|-unboost|p2a: Blastoise|atk|1\n|-unboost|p2a: Blastoise|spa|1\n|\n|t:|1776292308\n|switch|p1a: Froslass|Froslass, L50, F|100/100|[from] Parting Shot\n|\n|upkeep\n|turn|3\n|\n|t:|1776292321\n|detailschange|p1a: Froslass|Froslass-Mega, L50, F\n|-mega|p1a: Froslass|Froslass|Froslassite\n|-weather|Snowscape|[from] ability: Snow Warning|[of] p1a: Froslass\n|detailschange|p2a: Blastoise|Blastoise-Mega, L50, M\n|-mega|p2a: Blastoise|Blastoise|Blastoisinite\n|move|p1a: Froslass|Protect|p1a: Froslass\n|-singleturn|p1a: Froslass|Protect\n|move|p2b: Krookodile|Knock Off|p1a: Froslass\n|-activate|p1a: Froslass|move: Protect\n|move|p1b: Garchomp|Earthquake|p2b: Krookodile|[spread] p2a,p2b\n|-activate|p1a: Froslass|move: Protect\n|-damage|p2a: Blastoise|79/100\n|-damage|p2b: Krookodile|23/100\n|move|p2a: Blastoise|Shell Smash|p2a: Blastoise\n|-unboost|p2a: Blastoise|def|1\n|-unboost|p2a: Blastoise|spd|1\n|-boost|p2a: Blastoise|atk|2\n|-boost|p2a: Blastoise|spa|2\n|-boost|p2a: Blastoise|spe|2\n|\n|-weather|Snowscape|[upkeep]\n|upkeep\n|turn|4\n|\n|t:|1776292349\n|move|p2a: Blastoise|Dragon Pulse|p1b: Garchomp\n|-supereffective|p1b: Garchomp|1\n|-enditem|p1b: Garchomp|Focus Sash\n|-damage|p1b: Garchomp|1/100\n|move|p2b: Krookodile|Knock Off|p1a: Froslass\n|-supereffective|p1a: Froslass|1\n|-damage|p1a: Froslass|26/100\n|move|p1a: Froslass|Blizzard|p2a: Blastoise|[spread] p2a,p2b\n|-resisted|p2a: Blastoise|1\n|-supereffective|p2b: Krookodile|1\n|-damage|p2a: Blastoise|52/100\n|-damage|p2b: Krookodile|0 fnt\n|faint|p2b: Krookodile\n|move|p1b: Garchomp|Dragon Claw|p2a: Blastoise\n|-damage|p2a: Blastoise|24/100\n|\n|-weather|Snowscape|[upkeep]\n|upkeep\n|\n|t:|1776292358\n|switch|p2b: Scizor|Scizor, L50, M|100/100\n|turn|5\n|\n|t:|1776292380\n|move|p1a: Froslass|Protect|p1a: Froslass\n|-singleturn|p1a: Froslass|Protect\n|move|p2a: Blastoise|Muddy Water|p1a: Froslass|[spread] \n|-activate|p1a: Froslass|move: Protect\n|-miss|p2a: Blastoise|p1b: Garchomp\n|move|p1b: Garchomp|Earthquake|p2b: Scizor|[spread] p2a,p2b\n|-activate|p1a: Froslass|move: Protect\n|-damage|p2a: Blastoise|0 fnt\n|-damage|p2b: Scizor|82/100\n|faint|p2a: Blastoise\n|move|p2b: Scizor|Swords Dance|p2b: Scizor\n|-boost|p2b: Scizor|atk|2\n|\n|-weather|Snowscape|[upkeep]\n|upkeep\n|\n|t:|1776292389\n|switch|p2a: Incineroar|Incineroar, L50, F|62/100\n|turn|6\n|\n|t:|1776292415\n|move|p2a: Incineroar|Fake Out|p1b: Garchomp\n|-damage|p1b: Garchomp|0 fnt\n|-damage|p2a: Incineroar|50/100|[from] ability: Rough Skin|[of] p1b: Garchomp\n|-enditem|p2a: Incineroar|Sitrus Berry|[eat]\n|-heal|p2a: Incineroar|74/100|[from] item: Sitrus Berry\n|faint|p1b: Garchomp\n|move|p2b: Scizor|Bullet Punch|p1a: Froslass\n|-supereffective|p1a: Froslass|1\n|-crit|p1a: Froslass\n|-damage|p1a: Froslass|0 fnt\n|faint|p1a: Froslass\n|\n|-weather|Snowscape|[upkeep]\n|upkeep\n|\n|t:|1776292427\n|switch|p1a: Incineroar|Incineroar, L50, F|94/100\n|switch|p1b: Basculegion|Basculegion, L50, M|17/100\n|-ability|p1a: Incineroar|Intimidate|boost\n|-unboost|p2a: Incineroar|atk|1\n|-unboost|p2b: Scizor|atk|1\n|turn|7\n|\n|t:|1776292445\n|move|p1a: Incineroar|Fake Out|p2b: Scizor\n|-resisted|p2b: Scizor|1\n|-damage|p2b: Scizor|77/100\n|move|p2a: Incineroar|Fake Out||[still]\n|-hint|Fake Out only works on your first turn out.\n|-fail|p2a: Incineroar\n|cant|p2b: Scizor|flinch\n|move|p1b: Basculegion|Wave Crash|p2a: Incineroar\n|-supereffective|p2a: Incineroar|1\n|-crit|p2a: Incineroar\n|-damage|p2a: Incineroar|0 fnt\n|faint|p2a: Incineroar\n|-damage|p1b: Basculegion|0 fnt|[from] Recoil\n|faint|p1b: Basculegion\n|\n|-weather|none\n|upkeep\n|turn|8\n|\n|t:|1776292462\n|move|p2b: Scizor|Close Combat|p1a: Incineroar\n|-supereffective|p1a: Incineroar|1\n|-damage|p1a: Incineroar|1/100\n|-unboost|p2b: Scizor|def|1\n|-unboost|p2b: Scizor|spd|1\n|move|p1a: Incineroar|Flare Blitz|p2b: Scizor\n|-supereffective|p2b: Scizor|2\n|-crit|p2b: Scizor\n|-damage|p2b: Scizor|0 fnt\n|faint|p2b: Scizor\n|-damage|p1a: Incineroar|0 fnt|[from] Recoil\n|faint|p1a: Incineroar\n|\n|win|pauao\n|raw|pauao's rating: 1068 &rarr; <strong>1092</strong><br />(+24 for winning)\n|raw|Xalvadore's rating: 1000 &rarr; <strong>1000</strong><br />(+0 for losing)\n|c|\u2606Xalvadore|Gah\n|c|\u2606Xalvadore|gg\n",
  "uploadtime": 1776292475,
  "views": 18,
  "formatid": "gen9championsvgc2026regma",
  "rating": 1000,
  "private": 0,
  "password": null
}