{
  "id": "gen9championsvgc2026regma-2582097512",
  "format": "[Gen 9 Champions] VGC 2026 Reg M-A",
  "players": [
    "SimplyNarwall",
    "lolgz"
  ],
  "log": "|j|\u2606SimplyNarwall\n|j|\u2606lolgz\n|t:|1776057533\n|gametype|doubles\n|player|p1|SimplyNarwall|2|1230\n|player|p2|lolgz|266|1271\n|gen|9\n|tier|[Gen 9 Champions] VGC 2026 Reg M-A\n|rated|\n|rule|Species Clause: Limit one of each Pok\u00e9mon\n|rule|Item Clause: Limit 1 of each item\n|clearpoke\n|poke|p1|Primarina, L50, F|\n|poke|p1|Sylveon, L50, F|\n|poke|p1|Chimecho, L50, F|\n|poke|p1|Chesnaught, L50, F|\n|poke|p1|Glimmora, L50, M|\n|poke|p1|Whimsicott, L50, M|\n|poke|p2|Charizard, L50, F|\n|poke|p2|Whimsicott, L50, M|\n|poke|p2|Garchomp, L50, F|\n|poke|p2|Farigiraf, L50, M|\n|poke|p2|Sneasler, L50, F|\n|poke|p2|Floette-Eternal, L50, F|\n|teampreview|4\n|\n|t:|1776057571\n|teamsize|p1|4\n|teamsize|p2|4\n|start\n|switch|p1a: Chimecho|Chimecho, L50, F|100/100\n|switch|p1b: Sylveon|Sylveon, L50, F|100/100\n|switch|p2a: Whimsicott|Whimsicott, L50, M|100/100\n|switch|p2b: Sneasler|Sneasler, L50, F|100/100\n|turn|1\n|\n|t:|1776057601\n|detailschange|p1a: Chimecho|Chimecho-Mega, L50, F\n|-mega|p1a: Chimecho|Chimecho|Chimechite\n|move|p2b: Sneasler|Fake Out|p1a: Chimecho\n|-resisted|p1a: Chimecho|1\n|-crit|p1a: Chimecho\n|-damage|p1a: Chimecho|91/100\n|move|p2a: Whimsicott|Tailwind|p2a: Whimsicott\n|-sidestart|p2: lolgz|move: Tailwind\n|move|p1b: Sylveon|Calm Mind|p1b: Sylveon\n|-boost|p1b: Sylveon|spa|1\n|-boost|p1b: Sylveon|spd|1\n|cant|p1a: Chimecho|flinch\n|\n|upkeep\n|turn|2\n|\n|t:|1776057621\n|switch|p1b: Glimmora|Glimmora, L50, M|100/100\n|move|p2a: Whimsicott|Encore||[still]\n|-fail|p2a: Whimsicott\n|move|p2b: Sneasler|Close Combat|p1a: Chimecho\n|-damage|p1a: Chimecho|31/100\n|-unboost|p2b: Sneasler|def|1\n|-unboost|p2b: Sneasler|spd|1\n|-enditem|p2b: Sneasler|White Herb\n|-clearnegativeboost|p2b: Sneasler|[silent]\n|move|p1a: Chimecho|Trick Room|p1a: Chimecho\n|-fieldstart|move: Trick Room|[of] p1a: Chimecho\n|\n|upkeep\n|turn|3\n|\n|t:|1776057642\n|move|p2a: Whimsicott|Encore|p1a: Chimecho\n|-start|p1a: Chimecho|Encore\n|move|p1b: Glimmora|Sludge Wave|p2a: Whimsicott|[spread] p2a,p2b\n|-immune|p1a: Chimecho\n|-supereffective|p2a: Whimsicott|2\n|-resisted|p2b: Sneasler|1\n|-enditem|p2a: Whimsicott|Focus Sash\n|-damage|p2a: Whimsicott|1/100\n|-damage|p2b: Sneasler|73/100\n|-status|p2a: Whimsicott|psn\n|move|p2b: Sneasler|Close Combat|p1b: Glimmora\n|-damage|p1b: Glimmora|26/100\n|-unboost|p2b: Sneasler|def|1\n|-unboost|p2b: Sneasler|spd|1\n|-activate|p1b: Glimmora|ability: Toxic Debris\n|-sidestart|p2: lolgz|move: Toxic Spikes\n|-enditem|p1b: Glimmora|Sitrus Berry|[eat]\n|-heal|p1b: Glimmora|50/100|[from] item: Sitrus Berry\n|move|p1a: Chimecho|Trick Room|p1a: Chimecho\n|-fieldend|move: Trick Room\n|\n|-damage|p2a: Whimsicott|0 fnt|[from] psn\n|faint|p2a: Whimsicott\n|upkeep\n|\n|t:|1776057658\n|switch|p2a: Garchomp|Garchomp, L50, F|100/100\n|-status|p2a: Garchomp|psn\n|turn|4\n|\n|t:|1776057667\n|move|p1b: Glimmora|Protect|p1b: Glimmora\n|-singleturn|p1b: Glimmora|Protect\n|move|p2b: Sneasler|Throat Chop|p1a: Chimecho\n|-supereffective|p1a: Chimecho|1\n|-crit|p1a: Chimecho\n|-damage|p1a: Chimecho|0 fnt\n|faint|p1a: Chimecho\n|move|p2a: Garchomp|Stomping Tantrum|p1b: Glimmora\n|-activate|p1b: Glimmora|move: Protect\n|\n|-damage|p2a: Garchomp|88/100 psn|[from] psn\n|-sideend|p2: lolgz|move: Tailwind\n|upkeep\n|\n|t:|1776057679\n|switch|p1a: Primarina|Primarina, L50, F|100/100\n|turn|5\n|\n|t:|1776057688\n|move|p2b: Sneasler|Dire Claw|p1a: Primarina\n|-supereffective|p1a: Primarina|1\n|-damage|p1a: Primarina|0 fnt\n|faint|p1a: Primarina\n|move|p2a: Garchomp|Stomping Tantrum|p1b: Glimmora\n|-supereffective|p1b: Glimmora|2\n|-damage|p1b: Glimmora|0 fnt\n|-activate|p1b: Glimmora|ability: Toxic Debris\n|-sidestart|p2: lolgz|move: Toxic Spikes\n|faint|p1b: Glimmora\n|\n|-damage|p2a: Garchomp|76/100 psn|[from] psn\n|upkeep\n|-message|SimplyNarwall forfeited.\n|\n|win|lolgz\n|raw|SimplyNarwall's rating: 1230 &rarr; <strong>1208</strong><br />(-22 for losing)\n|raw|lolgz's rating: 1271 &rarr; <strong>1293</strong><br />(+22 for winning)\n",
  "uploadtime": 1776057694,
  "views": 30,
  "formatid": "gen9championsvgc2026regma",
  "rating": 1208,
  "private": 0,
  "password": null
}