{
  "id": "gen9championsvgc2026regma-2586147854",
  "format": "[Gen 9 Champions] VGC 2026 Reg M-A",
  "players": [
    "aleduk",
    "IDon'tWinBattles"
  ],
  "log": "|j|\u2606aleduk\n|j|\u2606IDon'tWinBattles\n|t:|1776405031\n|gametype|doubles\n|player|p1|aleduk|roark|1040\n|player|p2|IDon'tWinBattles|heroine2-conquest|1112\n|gen|9\n|tier|[Gen 9 Champions] VGC 2026 Reg M-A\n|rated|\n|rule|Species Clause: Limit one of each Pok\u00e9mon\n|rule|Item Clause: Limit 1 of each item\n|clearpoke\n|poke|p1|Froslass, L50, F|\n|poke|p1|Milotic, L50, M|\n|poke|p1|Aegislash, L50, F|\n|poke|p1|Hydreigon, L50, M|\n|poke|p1|Meowscarada, L50, F|\n|poke|p1|Sinistcha, L50|\n|poke|p2|Gardevoir, L50, F|\n|poke|p2|Sneasler, L50, M|\n|poke|p2|Farigiraf, L50, F|\n|poke|p2|Kingambit, L50, F|\n|poke|p2|Sinistcha, L50|\n|poke|p2|Meowstic, L50, M|\n|teampreview|4\n|inactive|Battle timer is ON: inactive players will automatically lose when time's up. (requested by aleduk)\n|inactive|IDon'tWinBattles has 60 seconds left.\n|\n|t:|1776405075\n|teamsize|p1|4\n|teamsize|p2|4\n|start\n|switch|p1a: Hydreigon|Hydreigon, L50, M|100/100\n|switch|p1b: Milotic|Milotic, L50, M|100/100\n|switch|p2a: Hope|Farigiraf, L50, F|100/100\n|switch|p2b: Justice!|Gardevoir, L50, F, shiny|100/100\n|turn|1\n|inactive|aleduk has 30 seconds left.\n|inactive|aleduk has 20 seconds left.\n|inactive|aleduk has 15 seconds left.\n|\n|t:|1776405119\n|move|p2b: Justice!|Protect|p2b: Justice!\n|-singleturn|p2b: Justice!|Protect\n|move|p1a: Hydreigon|Dark Pulse|p2a: Hope\n|-supereffective|p2a: Hope|1\n|-damage|p2a: Hope|0 fnt\n|faint|p2a: Hope\n|move|p1b: Milotic|Flip Turn|p2b: Justice!\n|-activate|p2b: Justice!|move: Protect\n|\n|upkeep\n|\n|t:|1776405129\n|switch|p2a: I ran out of names|Sinistcha, L50|100/100\n|turn|2\n|\n|t:|1776405136\n|detailschange|p2b: Justice!|Gardevoir-Mega, L50, F, shiny\n|-mega|p2b: Justice!|Gardevoir|Gardevoirite\n|move|p1a: Hydreigon|Dark Pulse|p2a: I ran out of names\n|-supereffective|p2a: I ran out of names|1\n|-damage|p2a: I ran out of names|0 fnt\n|faint|p2a: I ran out of names\n|move|p1b: Milotic|Flip Turn|p2b: Justice!\n|-damage|p2b: Justice!|83/100\n|\n|t:|1776405145\n|switch|p1b: Froslass|Froslass, L50, F|100/100|[from] Flip Turn\n|move|p2b: Justice!|Hyper Voice|p1a: Hydreigon|[spread] p1a,p1b\n|-supereffective|p1a: Hydreigon|2\n|-damage|p1a: Hydreigon|0 fnt\n|-damage|p1b: Froslass|8/100\n|-start|p2b: Justice!|Disable|Hyper Voice|[from] ability: Cursed Body|[of] p1b: Froslass\n|faint|p1a: Hydreigon\n|\n|upkeep\n|\n|t:|1776405157\n|switch|p1a: Sinistcha|Sinistcha, L50|100/100\n|switch|p2a: Checkmate|Kingambit, L50, F|100/100\n|-heal|p1b: Froslass|32/100|[from] ability: Hospitality|[of] p1a: Sinistcha\n|turn|3\n|inactive|aleduk has 30 seconds left.\n|inactive|aleduk has 20 seconds left.\n|inactive|aleduk has 15 seconds left.\n|inactive|aleduk has 10 seconds left.\n|inactive|aleduk has 5 seconds left.\n|\n|t:|1776405212\n|move|p2b: Justice!|Protect|p2b: Justice!\n|-singleturn|p2b: Justice!|Protect\n|move|p1b: Froslass|Blizzard|p2a: Checkmate|[spread] p2a\n|-activate|p2b: Justice!|move: Protect\n|-resisted|p2a: Checkmate|1\n|-damage|p2a: Checkmate|86/100\n|move|p1a: Sinistcha|Matcha Gotcha|p2b: Justice!|[spread] p2a\n|-activate|p2b: Justice!|move: Protect\n|-resisted|p2a: Checkmate|1\n|-damage|p2a: Checkmate|68/100\n|move|p2a: Checkmate|Kowtow Cleave|p1b: Froslass\n|-supereffective|p1b: Froslass|1\n|-damage|p1b: Froslass|0 fnt\n|faint|p1b: Froslass\n|\n|upkeep\n|\n|t:|1776405229\n|switch|p1b: Milotic|Milotic, L50, M|100/100\n|turn|4\n|\n|t:|1776405243\n|move|p2a: Checkmate|Protect|p2a: Checkmate\n|-singleturn|p2a: Checkmate|Protect\n|move|p1b: Milotic|Scald|p2a: Checkmate\n|-activate|p2a: Checkmate|move: Protect\n|move|p2b: Justice!|Calm Mind|p2b: Justice!\n|-boost|p2b: Justice!|spa|1\n|-boost|p2b: Justice!|spd|1\n|move|p1a: Sinistcha|Shadow Ball|p2b: Justice!\n|-supereffective|p2b: Justice!|1\n|-damage|p2b: Justice!|35/100\n|\n|upkeep\n|turn|5\n|inactive|aleduk has 30 seconds left.\n|inactive|IDon'tWinBattles has 30 seconds left.\n|\n|t:|1776405269\n|move|p2b: Justice!|Protect|p2b: Justice!\n|-singleturn|p2b: Justice!|Protect\n|move|p1b: Milotic|Scald|p2b: Justice!\n|-activate|p2b: Justice!|move: Protect\n|move|p1a: Sinistcha|Shadow Ball|p2b: Justice!\n|-activate|p2b: Justice!|move: Protect\n|move|p2a: Checkmate|Kowtow Cleave|p1a: Sinistcha\n|-supereffective|p1a: Sinistcha|1\n|-damage|p1a: Sinistcha|0 fnt\n|faint|p1a: Sinistcha\n|\n|-end|p2b: Justice!|Disable\n|upkeep\n|turn|6\n|inactive|aleduk has 30 seconds left.\n|\n|t:|1776405296\n|move|p1b: Milotic|Scald|p2a: Checkmate\n|-damage|p2a: Checkmate|29/100\n|-status|p2a: Checkmate|brn\n|move|p2b: Justice!|Hyper Voice|p1b: Milotic\n|-damage|p1b: Milotic|0 fnt\n|faint|p1b: Milotic\n|\n|win|IDon'tWinBattles\n|raw|aleduk's rating: 1040 &rarr; <strong>1027</strong><br />(-13 for losing)\n|raw|IDon&apos;tWinBattles's rating: 1112 &rarr; <strong>1132</strong><br />(+20 for winning)\n|c|\u2606IDon'tWinBattles|gg\n",
  "uploadtime": 1776405302,
  "views": 32,
  "formatid": "gen9championsvgc2026regma",
  "rating": 1027,
  "private": 0,
  "password": null
}