{
  "id": "gen9championsvgc2026regma-2581623281",
  "format": "[Gen 9 Champions] VGC 2026 Reg M-A",
  "players": [
    "sabbamaister_kd",
    "Treeckoguy1"
  ],
  "log": "|j|\u2606sabbamaister_kd\n|j|\u2606Treeckoguy1\n|t:|1776015924\n|gametype|doubles\n|player|p1|sabbamaister_kd|backpacker|1150\n|player|p2|Treeckoguy1|101|1182\n|gen|9\n|tier|[Gen 9 Champions] VGC 2026 Reg M-A\n|rated|\n|rule|Species Clause: Limit one of each Pok\u00e9mon\n|rule|Item Clause: Limit 1 of each item\n|clearpoke\n|poke|p1|Chandelure, L50, M|\n|poke|p1|Weavile, L50, M|\n|poke|p1|Maushold, L50|\n|poke|p1|Garchomp, L50, M|\n|poke|p1|Basculegion, L50, M|\n|poke|p1|Whimsicott, L50, F|\n|poke|p2|Politoed, L50, F|\n|poke|p2|Basculegion, L50, M|\n|poke|p2|Mimikyu, L50, F|\n|poke|p2|Avalugg-Hisui, L50, M|\n|poke|p2|Chesnaught, L50, M|\n|poke|p2|Dragonite, L50, F|\n|teampreview|4\n|\n|t:|1776015972\n|teamsize|p1|4\n|teamsize|p2|4\n|start\n|switch|p1a: Weavile|Weavile, L50, M|100/100\n|switch|p1b: Basculegion|Basculegion, L50, M|100/100\n|switch|p2a: Politoed|Politoed, L50, F|100/100\n|switch|p2b: Mimikyu|Mimikyu, L50, F|100/100\n|-weather|RainDance|[from] ability: Drizzle|[of] p2a: Politoed\n|turn|1\n|\n|t:|1776015991\n|move|p1a: Weavile|Fake Out|p2a: Politoed\n|-damage|p2a: Politoed|88/100\n|move|p1b: Basculegion|Flip Turn|p2b: Mimikyu\n|-activate|p2b: Mimikyu|ability: Disguise\n|-damage|p2b: Mimikyu|100/100\n|detailschange|p2b: Mimikyu|Mimikyu-Busted, L50, F\n|-damage|p2b: Mimikyu|88/100|[from] pokemon: Mimikyu-Busted\n|\n|t:|1776016008\n|switch|p1b: Maushold|Maushold, L50|100/100|[from] Flip Turn\n|move|p2b: Mimikyu|Play Rough|p1a: Weavile\n|-supereffective|p1a: Weavile|1\n|-damage|p1a: Weavile|3/100\n|cant|p2a: Politoed|flinch\n|\n|-weather|RainDance|[upkeep]\n|upkeep\n|turn|2\n|\n|t:|1776016051\n|switch|p1a: Basculegion|Basculegion, L50, M|100/100\n|move|p1b: Maushold|Super Fang|p2a: Politoed\n|-damage|p2a: Politoed|45/100\n|-enditem|p2a: Politoed|Sitrus Berry|[eat]\n|-heal|p2a: Politoed|70/100|[from] item: Sitrus Berry\n|move|p2a: Politoed|Muddy Water|p1a: Basculegion|[spread] p1b\n|-miss|p2a: Politoed|p1a: Basculegion\n|-damage|p1b: Maushold|54/100\n|-unboost|p1b: Maushold|accuracy|1\n|move|p2b: Mimikyu|Trick Room|p2b: Mimikyu\n|-fieldstart|move: Trick Room|[of] p2b: Mimikyu\n|\n|-weather|RainDance|[upkeep]\n|upkeep\n|turn|3\n|\n|t:|1776016081\n|switch|p2b: Chesnaught|Chesnaught, L50, M|100/100\n|move|p1b: Maushold|Follow Me|p1b: Maushold\n|-singleturn|p1b: Maushold|move: Follow Me\n|move|p2a: Politoed|Muddy Water|p1a: Basculegion|[spread] p1a,p1b\n|-resisted|p1a: Basculegion|1\n|-damage|p1a: Basculegion|85/100\n|-damage|p1b: Maushold|10/100\n|move|p1a: Basculegion|Last Respects|p2b: Chesnaught\n|-damage|p2b: Chesnaught|76/100\n|\n|-weather|RainDance|[upkeep]\n|upkeep\n|turn|4\n|\n|t:|1776016125\n|switch|p1a: Weavile|Weavile, L50, M|3/100\n|move|p2b: Chesnaught|Iron Defense|p2b: Chesnaught\n|-boost|p2b: Chesnaught|def|2\n|move|p2a: Politoed|Ice Beam|p1b: Maushold\n|-damage|p1b: Maushold|0 fnt\n|faint|p1b: Maushold\n|\n|-weather|RainDance|[upkeep]\n|upkeep\n|\n|t:|1776016137\n|switch|p1b: Chandelure|Chandelure, L50, M|100/100\n|turn|5\n|\n|t:|1776016160\n|detailschange|p1b: Chandelure|Chandelure-Mega, L50, M\n|-mega|p1b: Chandelure|Chandelure|Chandelurite\n|move|p2b: Chesnaught|Spiky Shield|p2b: Chesnaught\n|-singleturn|p2b: Chesnaught|move: Protect\n|move|p1a: Weavile|Fake Out|p2a: Politoed\n|-damage|p2a: Politoed|58/100\n|cant|p2a: Politoed|flinch\n|move|p1b: Chandelure|Shadow Ball|p2a: Politoed\n|-damage|p2a: Politoed|9/100\n|\n|-weather|none\n|upkeep\n|turn|6\n|\n|t:|1776016212\n|detailschange|p2b: Chesnaught|Chesnaught-Mega, L50, M\n|-mega|p2b: Chesnaught|Chesnaught|Chesnaughtite\n|move|p1b: Chandelure|Protect|p1b: Chandelure\n|-singleturn|p1b: Chandelure|Protect\n|move|p2b: Chesnaught|Knock Off|p1b: Chandelure\n|-activate|p1b: Chandelure|move: Protect\n|move|p2a: Politoed|Muddy Water|p1b: Chandelure|[spread] p1a\n|-activate|p1b: Chandelure|move: Protect\n|-damage|p1a: Weavile|0 fnt\n|faint|p1a: Weavile\n|\n|-fieldend|move: Trick Room\n|upkeep\n|\n|t:|1776016223\n|switch|p1a: Basculegion|Basculegion, L50, M|85/100\n|turn|7\n|\n|t:|1776016247\n|switch|p2a: Mimikyu|Mimikyu-Busted, L50, F|88/100\n|move|p2b: Chesnaught|Spiky Shield|p2b: Chesnaught\n|-singleturn|p2b: Chesnaught|move: Protect\n|move|p1a: Basculegion|Last Respects|p2b: Chesnaught\n|-activate|p2b: Chesnaught|move: Protect\n|move|p1b: Chandelure|Heat Wave|p2b: Chesnaught|[spread] p2a\n|-activate|p2b: Chesnaught|move: Protect\n|-damage|p2a: Mimikyu|25/100\n|\n|upkeep\n|turn|8\n|\n|t:|1776016274\n|switch|p2a: Politoed|Politoed, L50, F|9/100\n|-weather|RainDance|[from] ability: Drizzle|[of] p2a: Politoed\n|move|p1a: Basculegion|Last Respects|p2a: Politoed\n|-crit|p2a: Politoed\n|-damage|p2a: Politoed|0 fnt\n|faint|p2a: Politoed\n|move|p1b: Chandelure|Heat Wave|p2b: Chesnaught\n|-supereffective|p2b: Chesnaught|1\n|-damage|p2b: Chesnaught|30/100\n|move|p2b: Chesnaught|Knock Off|p1a: Basculegion\n|-supereffective|p1a: Basculegion|1\n|-damage|p1a: Basculegion|9/100\n|-enditem|p1a: Basculegion|Choice Scarf|[from] move: Knock Off|[of] p2b: Chesnaught\n|\n|-weather|RainDance|[upkeep]\n|upkeep\n|\n|t:|1776016306\n|switch|p2a: Mimikyu|Mimikyu-Busted, L50, F|25/100\n|turn|9\n|\n|t:|1776016323\n|move|p2b: Chesnaught|Spiky Shield|p2b: Chesnaught\n|-singleturn|p2b: Chesnaught|move: Protect\n|move|p2a: Mimikyu|Shadow Sneak|p1a: Basculegion\n|-supereffective|p1a: Basculegion|1\n|-damage|p1a: Basculegion|0 fnt\n|faint|p1a: Basculegion\n|move|p1b: Chandelure|Heat Wave|p2a: Mimikyu|[spread] p2a\n|-activate|p2b: Chesnaught|move: Protect\n|-damage|p2a: Mimikyu|0 fnt\n|faint|p2a: Mimikyu\n|\n|-weather|RainDance|[upkeep]\n|upkeep\n|\n|t:|1776016329\n|switch|p2a: Avalugg|Avalugg-Hisui, L50, M|100/100\n|turn|10\n|\n|t:|1776016343\n|move|p2a: Avalugg|Wide Guard|p2a: Avalugg\n|-singleturn|p2a: Avalugg|Wide Guard\n|move|p1b: Chandelure|Heat Wave|p2b: Chesnaught|[spread] \n|-activate|p2a: Avalugg|move: Wide Guard\n|-activate|p2b: Chesnaught|move: Wide Guard\n|move|p2b: Chesnaught|Knock Off|p1b: Chandelure\n|-supereffective|p1b: Chandelure|1\n|-damage|p1b: Chandelure|57/100\n|\n|-weather|RainDance|[upkeep]\n|upkeep\n|turn|11\n|\n|t:|1776016364\n|move|p1b: Chandelure|Overheat|p2b: Chesnaught\n|-supereffective|p2b: Chesnaught|1\n|-damage|p2b: Chesnaught|0 fnt\n|-unboost|p1b: Chandelure|spa|2\n|faint|p2b: Chesnaught\n|move|p2a: Avalugg|Rock Slide|p1b: Chandelure|[miss]\n|-miss|p2a: Avalugg|p1b: Chandelure\n|\n|-weather|RainDance|[upkeep]\n|upkeep\n|turn|12\n|-activate|p2a: Avalugg|item: Quick Claw\n|\n|t:|1776016385\n|move|p2a: Avalugg|Rock Slide|p1b: Chandelure\n|-supereffective|p1b: Chandelure|1\n|-damage|p1b: Chandelure|0 fnt\n|faint|p1b: Chandelure\n|\n|win|Treeckoguy1\n|raw|sabbamaister_kd's rating: 1150 &rarr; <strong>1127</strong><br />(-23 for losing)\n|raw|Treeckoguy1's rating: 1182 &rarr; <strong>1205</strong><br />(+23 for winning)\n|l|\u2606sabbamaister_kd\n|player|p1|\n",
  "uploadtime": 1776016399,
  "views": 19,
  "formatid": "gen9championsvgc2026regma",
  "rating": 1127,
  "private": 0,
  "password": null
}