{
  "id": "gen9championsvgc2026regma-2587484845",
  "format": "[Gen 9 Champions] VGC 2026 Reg M-A",
  "players": [
    "Nutsfromberk07",
    "tdanger44"
  ],
  "log": "|j|\u2606Nutsfromberk07\n|j|\u2606tdanger44\n|t:|1776535767\n|gametype|doubles\n|player|p1|Nutsfromberk07|265|\n|player|p2|tdanger44|backersf|\n|gen|9\n|tier|[Gen 9 Champions] VGC 2026 Reg M-A\n|rated|Tournament battle\n|rule|Species Clause: Limit one of each Pok\u00e9mon\n|rule|Item Clause: Limit 1 of each item\n|raw|<div class=\"infobox\"><details class=\"readmore\" open><summary><strong>1 custom rule:</strong></summary> Force Open Team Sheets</details></div>\n|clearpoke\n|poke|p1|Lucario, L50, F|\n|poke|p1|Palafin, L50, F|\n|poke|p1|Aerodactyl, L50, M|\n|poke|p1|Incineroar, L50, F|\n|poke|p1|Garchomp, L50, F|\n|poke|p1|Sneasler, L50, M|\n|poke|p2|Floette-Eternal, L50, F|\n|poke|p2|Whimsicott, L50, F|\n|poke|p2|Pelipper, L50, F|\n|poke|p2|Tauros-Paldea-Blaze, L50, M|\n|poke|p2|Garchomp, L50, F|\n|poke|p2|Rotom-Heat, L50|\n|teampreview|4\n|showteam|p1|Lucario||Lucarionite|Steadfast|MeteorMash,ExtremeSpeed,DrainPunch,Protect|||F|||50|]Palafin||MentalHerb|ZerotoHero|JetPunch,Waterfall,IcePunch,Protect|||F|||50|]Aerodactyl||FocusSash|Unnerve|Tailwind,DualWingbeat,RockSlide,Protect|||M|||50|]Incineroar||SitrusBerry|Intimidate|FakeOut,FlareBlitz,ThroatChop,PartingShot|||F|||50|]Garchomp||Leftovers|RoughSkin|RockSlide,DragonRush,Protect,Bulldoze|||F|||50|]Sneasler||ShucaBerry|PoisonTouch|FakeOut,DireClaw,Coaching,CloseCombat|||M|||50|\n|showteam|p2|Floette-Eternal||Floettite|FlowerVeil|DazzlingGleam,Moonblast,CalmMind,Protect|||F|||50|]Whimsicott||FocusSash|Prankster|Tailwind,Moonblast,GrassKnot,Protect|||F|||50|]Pelipper||MysticWater|Drizzle|WeatherBall,Hurricane,WideGuard,Protect|||F|||50|]Tauros-Paldea-Blaze||ShucaBerry|Intimidate|RagingBull,CloseCombat,WillOWisp,Protect|||M|||50|]Garchomp||YacheBerry|RoughSkin|Earthquake,DragonClaw,PoisonJab,Protect|||F|||50|]Rotom-Heat||Leftovers|Levitate|Thunder,Overheat,NastyPlot,Protect||||||50|\n|j| nivek55\n|\n|t:|1776535843\n|teamsize|p1|4\n|teamsize|p2|4\n|start\n|switch|p1a: Lucario|Lucario, L50, F|100/100\n|switch|p1b: Palafin|Palafin, L50, F|100/100\n|switch|p2a: Whimsicott|Whimsicott, L50, F|100/100\n|switch|p2b: Tauros|Tauros-Paldea-Blaze, L50, M|100/100\n|-ability|p2b: Tauros|Intimidate|boost\n|-unboost|p1a: Lucario|atk|1\n|-unboost|p1b: Palafin|atk|1\n|turn|1\n|\n|t:|1776535861\n|detailschange|p1b: Palafin|Palafin-Hero, L50, F\n|switch|p1b: Aerodactyl|Aerodactyl, L50, M|100/100\n|-ability|p1b: Aerodactyl|Unnerve\n|detailschange|p1a: Lucario|Lucario-Mega, L50, F\n|-mega|p1a: Lucario|Lucario|Lucarionite\n|move|p1a: Lucario|Protect|p1a: Lucario\n|-singleturn|p1a: Lucario|Protect\n|move|p2a: Whimsicott|Tailwind|p2a: Whimsicott\n|-sidestart|p2: tdanger44|move: Tailwind\n|move|p2b: Tauros|Raging Bull|p1a: Lucario\n|-activate|p1a: Lucario|move: Protect\n|\n|upkeep\n|turn|2\n|\n|t:|1776535877\n|switch|p1a: Palafin|Palafin-Hero, L50, F|100/100\n|-activate|p1a: Palafin|ability: Zero to Hero\n|move|p2a: Whimsicott|Moonblast|p1b: Aerodactyl\n|-damage|p1b: Aerodactyl|64/100\n|move|p2b: Tauros|Will-O-Wisp|p1a: Palafin\n|-status|p1a: Palafin|brn\n|move|p1b: Aerodactyl|Dual Wingbeat|p2b: Tauros\n|-supereffective|p2b: Tauros|1\n|-damage|p2b: Tauros|52/100\n|-supereffective|p2b: Tauros|1\n|-damage|p2b: Tauros|8/100\n|-hitcount|p2b: Tauros|2\n|\n|-damage|p1a: Palafin|95/100 brn|[from] brn\n|upkeep\n|turn|3\n|c|\u2606tdanger44|I :)\n|\n|t:|1776535906\n|move|p2b: Tauros|Protect|p2b: Tauros\n|-singleturn|p2b: Tauros|Protect\n|move|p1a: Palafin|Jet Punch|p2b: Tauros\n|-activate|p2b: Tauros|move: Protect\n|move|p2a: Whimsicott|Grass Knot|p1a: Palafin\n|-supereffective|p1a: Palafin|1\n|-damage|p1a: Palafin|46/100 brn\n|move|p1b: Aerodactyl|Dual Wingbeat|p2a: Whimsicott\n|-supereffective|p2a: Whimsicott|1\n|-damage|p2a: Whimsicott|49/100\n|-supereffective|p2a: Whimsicott|1\n|-damage|p2a: Whimsicott|1/100\n|-hitcount|p2a: Whimsicott|2\n|\n|-damage|p1a: Palafin|40/100 brn|[from] brn\n|upkeep\n|turn|4\n|j| maxdeesevgc\n|\n|t:|1776535932\n|move|p2a: Whimsicott|Protect|p2a: Whimsicott\n|-singleturn|p2a: Whimsicott|Protect\n|move|p1a: Palafin|Jet Punch|p2b: Tauros\n|-supereffective|p2b: Tauros|1\n|-damage|p2b: Tauros|0 fnt\n|faint|p2b: Tauros\n|move|p1b: Aerodactyl|Tailwind|p1b: Aerodactyl\n|-sidestart|p1: Nutsfromberk07|move: Tailwind\n|\n|-damage|p1a: Palafin|34/100 brn|[from] brn\n|-sideend|p2: tdanger44|move: Tailwind\n|upkeep\n|\n|t:|1776535937\n|switch|p2b: Floette|Floette-Eternal, L50, F|100/100\n|turn|5\n|\n|t:|1776535953\n|detailschange|p2b: Floette|Floette-Mega, L50, F\n|-mega|p2b: Floette|Floette|Floettite\n|-ability|p2b: Floette|Fairy Aura\n|move|p1a: Palafin|Jet Punch|p2a: Whimsicott\n|-resisted|p2a: Whimsicott|1\n|-damage|p2a: Whimsicott|0 fnt\n|faint|p2a: Whimsicott\n|move|p1b: Aerodactyl|Dual Wingbeat|p2b: Floette\n|-damage|p2b: Floette|76/100\n|-damage|p2b: Floette|46/100\n|-hitcount|p2b: Floette|2\n|move|p2b: Floette|Dazzling Gleam|p1b: Aerodactyl|[spread] p1a,p1b\n|-damage|p1a: Palafin|0 fnt\n|-damage|p1b: Aerodactyl|0 fnt\n|faint|p1a: Palafin\n|faint|p1b: Aerodactyl\n|\n|upkeep\n|\n|t:|1776535968\n|switch|p2a: Pelipper|Pelipper, L50, F|100/100\n|switch|p1b: Garchomp|Garchomp, L50, F|100/100\n|switch|p1a: Lucario|Lucario-Mega, L50, F|100/100\n|-weather|RainDance|[from] ability: Drizzle|[of] p2a: Pelipper\n|turn|6\n|c|\u2606tdanger44|gg\n|\n|t:|1776535983\n|move|p2b: Floette|Protect|p2b: Floette\n|-singleturn|p2b: Floette|Protect\n|move|p1a: Lucario|Meteor Mash|p2b: Floette\n|-activate|p2b: Floette|move: Protect\n|move|p1b: Garchomp|Rock Slide|p2a: Pelipper|[spread] p2a\n|-activate|p2b: Floette|move: Protect\n|-supereffective|p2a: Pelipper|1\n|-damage|p2a: Pelipper|71/100\n|move|p2a: Pelipper|Weather Ball|p1a: Lucario\n|-damage|p1a: Lucario|3/100\n|\n|-weather|RainDance|[upkeep]\n|upkeep\n|turn|7\n|\n|t:|1776536001\n|move|p2b: Floette|Protect||[still]\n|-fail|p2b: Floette\n|move|p1a: Lucario|Meteor Mash|p2b: Floette\n|-supereffective|p2b: Floette|1\n|-damage|p2b: Floette|0 fnt\n|faint|p2b: Floette\n|move|p1b: Garchomp|Rock Slide|p2a: Pelipper\n|-supereffective|p2a: Pelipper|1\n|-damage|p2a: Pelipper|32/100\n|move|p2a: Pelipper|Weather Ball|p1a: Lucario\n|-damage|p1a: Lucario|0 fnt\n|faint|p1a: Lucario\n|\n|-weather|RainDance|[upkeep]\n|-sideend|p1: Nutsfromberk07|move: Tailwind\n|upkeep\n|turn|8\n|\n|t:|1776536016\n|move|p1b: Garchomp|Rock Slide|p2a: Pelipper\n|-supereffective|p2a: Pelipper|1\n|-damage|p2a: Pelipper|0 fnt\n|faint|p2a: Pelipper\n|\n|win|Nutsfromberk07\n|n|\u2606Nutsfromberk07|nutsfromberk07\n|n|\u2606tdanger44|tdanger44\n|n| nivek55|nivek55\n|n| maxdeesevgc|maxdeesevgc\n|c|\u2606tdanger44|gg\n|c|\u2606Nutsfromberk07|gg\n|l|\u2606Nutsfromberk07\n|player|p1|\n|l|\u2606tdanger44\n|player|p2|\n|l| maxdeesevgc\n|j|\u2606tdanger44\n|player|p2|tdanger44|backersf|\n",
  "uploadtime": 1776536313,
  "views": 14,
  "formatid": "gen9championsvgc2026regma",
  "rating": null,
  "private": 0,
  "password": null
}