{
  "id": "gen9championsvgc2026regma-2586846647",
  "format": "[Gen 9 Champions] VGC 2026 Reg M-A",
  "players": [
    "Mxrvens",
    "KitsuNET"
  ],
  "log": "|j|\u2606Mxrvens\n|j|\u2606KitsuNET\n|t:|1776464896\n|gametype|doubles\n|player|p1|Mxrvens|102|1035\n|player|p2|KitsuNET|265|1032\n|gen|9\n|tier|[Gen 9 Champions] VGC 2026 Reg M-A\n|rated|\n|rule|Species Clause: Limit one of each Pok\u00e9mon\n|rule|Item Clause: Limit 1 of each item\n|clearpoke\n|poke|p1|Pelipper, L50, F|\n|poke|p1|Basculegion, L50, M|\n|poke|p1|Dragonite, L50, M|\n|poke|p1|Archaludon, L50, F|\n|poke|p1|Scizor, L50, F|\n|poke|p1|Garchomp, L50, M|\n|poke|p2|Tyranitar, L50, M|\n|poke|p2|Toxapex, L50, M|\n|poke|p2|Zoroark-Hisui, L50, M|\n|poke|p2|Arcanine-Hisui, L50, F|\n|poke|p2|Altaria, L50, M|\n|poke|p2|Espathra, L50, M|\n|teampreview|4\n|\n|t:|1776464906\n|teamsize|p1|4\n|teamsize|p2|4\n|start\n|switch|p1a: Pelipper|Pelipper, L50, F|100/100\n|switch|p1b: Dragonite|Dragonite, L50, M, shiny|100/100\n|switch|p2a: Espathra|Espathra, L50, M|100/100\n|switch|p2b: Tyranitar|Tyranitar, L50, M|100/100\n|-weather|RainDance|[from] ability: Drizzle|[of] p1a: Pelipper\n|turn|1\n|\n|t:|1776464916\n|switch|p2b: Tyranitar|Tyranitar, L50, M|100/100\n|-weather|Sandstorm|[from] ability: Sand Stream|[of] p2b: Tyranitar\n|detailschange|p1b: Dragonite|Dragonite-Mega, L50, M, shiny\n|-mega|p1b: Dragonite|Dragonite|Dragoninite\n|move|p2a: Espathra|Calm Mind|p2a: Espathra\n|-boost|p2a: Espathra|spa|1\n|-boost|p2a: Espathra|spd|1\n|move|p1b: Dragonite|Agility|p1b: Dragonite\n|-boost|p1b: Dragonite|spe|2\n|move|p1a: Pelipper|Tailwind|p1a: Pelipper\n|-sidestart|p1: Mxrvens|move: Tailwind\n|\n|-weather|Sandstorm|[upkeep]\n|-damage|p1b: Dragonite|95/100|[from] Sandstorm\n|-damage|p2a: Espathra|95/100|[from] Sandstorm\n|-damage|p1a: Pelipper|95/100|[from] Sandstorm\n|-ability|p2a: Espathra|Speed Boost|boost\n|-boost|p2a: Espathra|spe|1\n|upkeep\n|turn|2\n|\n|t:|1776464937\n|switch|p1a: Archaludon|Archaludon, L50, F|100/100\n|detailschange|p2b: Tyranitar|Tyranitar-Mega, L50, M\n|-mega|p2b: Tyranitar|Tyranitar|Tyranitarite\n|move|p1b: Dragonite|Protect|p1b: Dragonite\n|-singleturn|p1b: Dragonite|Protect\n|move|p2a: Espathra|Stored Power|p1a: Archaludon\n|-resisted|p1a: Archaludon|1\n|-damage|p1a: Archaludon|66/100\n|-ability|p1a: Archaludon|Stamina|boost\n|-boost|p1a: Archaludon|def|1\n|move|p2b: Tyranitar|Ice Punch|p1b: Dragonite\n|-activate|p1b: Dragonite|move: Protect\n|\n|-weather|Sandstorm|[upkeep]\n|-damage|p1b: Dragonite|89/100|[from] Sandstorm\n|-damage|p2a: Espathra|89/100|[from] Sandstorm\n|-ability|p2a: Espathra|Speed Boost|boost\n|-boost|p2a: Espathra|spe|1\n|upkeep\n|turn|3\n|\n|t:|1776464970\n|switch|p1a: Pelipper|Pelipper, L50, F|95/100\n|-weather|RainDance|[from] ability: Drizzle|[of] p1a: Pelipper\n|move|p1b: Dragonite|Hurricane|p2b: Tyranitar\n|-resisted|p2b: Tyranitar|1\n|-damage|p2b: Tyranitar|76/100\n|move|p2a: Espathra|Calm Mind|p2a: Espathra\n|-boost|p2a: Espathra|spa|1\n|-boost|p2a: Espathra|spd|1\n|move|p2b: Tyranitar|Ice Punch|p1b: Dragonite\n|-supereffective|p1b: Dragonite|2\n|-damage|p1b: Dragonite|0 fnt\n|faint|p1b: Dragonite\n|\n|-weather|RainDance|[upkeep]\n|-ability|p2a: Espathra|Speed Boost|boost\n|-boost|p2a: Espathra|spe|1\n|upkeep\n|\n|t:|1776464980\n|switch|p1b: Archaludon|Archaludon, L50, F|66/100\n|turn|4\n|\n|t:|1776464991\n|move|p2a: Espathra|Stored Power|p1b: Archaludon\n|-resisted|p1b: Archaludon|1\n|-damage|p1b: Archaludon|0 fnt\n|faint|p1b: Archaludon\n|move|p1a: Pelipper|Weather Ball|p2b: Tyranitar\n|-supereffective|p2b: Tyranitar|1\n|-damage|p2b: Tyranitar|0 fnt\n|faint|p2b: Tyranitar\n|\n|-weather|RainDance|[upkeep]\n|-sideend|p1: Mxrvens|move: Tailwind\n|-ability|p2a: Espathra|Speed Boost|boost\n|-boost|p2a: Espathra|spe|1\n|upkeep\n|\n|t:|1776465003\n|switch|p1b: Basculegion|Basculegion, L50, M, shiny|100/100\n|switch|p2b: Arcanine|Arcanine-Hisui, L50, F|100/100\n|turn|5\n|\n|t:|1776465017\n|move|p2a: Espathra|Stored Power|p1b: Basculegion\n|-damage|p1b: Basculegion|0 fnt\n|faint|p1b: Basculegion\n|move|p2b: Arcanine|Icy Wind|p1a: Pelipper\n|-damage|p1a: Pelipper|61/100\n|-unboost|p1a: Pelipper|spe|1\n|move|p1a: Pelipper|Tailwind|p1a: Pelipper\n|-sidestart|p1: Mxrvens|move: Tailwind\n|\n|-weather|RainDance|[upkeep]\n|-ability|p2a: Espathra|Speed Boost|boost\n|-boost|p2a: Espathra|spe|1\n|upkeep\n|turn|6\n|\n|t:|1776465039\n|move|p2a: Espathra|Stored Power|p1a: Pelipper\n|-damage|p1a: Pelipper|0 fnt\n|faint|p1a: Pelipper\n|\n|win|KitsuNET\n|raw|Mxrvens's rating: 1035 &rarr; <strong>1020</strong><br />(-15 for losing)\n|raw|KitsuNET's rating: 1032 &rarr; <strong>1068</strong><br />(+36 for winning)\n",
  "uploadtime": 1776465048,
  "views": 22,
  "formatid": "gen9championsvgc2026regma",
  "rating": 1020,
  "private": 0,
  "password": null
}