{
  "id": "gen9championsvgc2026regma-2582355573",
  "format": "[Gen 9 Champions] VGC 2026 Reg M-A",
  "players": [
    "Dzienny",
    "lakhrahnaz"
  ],
  "log": "|j|\u2606Dzienny\n|j|\u2606lakhrahnaz\n|t:|1776085962\n|gametype|doubles\n|player|p1|Dzienny|266|1040\n|player|p2|lakhrahnaz|266|1131\n|gen|9\n|tier|[Gen 9 Champions] VGC 2026 Reg M-A\n|rated|\n|rule|Species Clause: Limit one of each Pok\u00e9mon\n|rule|Item Clause: Limit 1 of each item\n|clearpoke\n|poke|p1|Aerodactyl, L50, M|\n|poke|p1|Tyranitar, L50, M|\n|poke|p1|Incineroar, L50, F|\n|poke|p1|Floette-Eternal, L50, F|\n|poke|p1|Torkoal, L50, M|\n|poke|p1|Whimsicott, L50, M|\n|poke|p2|Gyarados, L50, M|\n|poke|p2|Archaludon, L50, M|\n|poke|p2|Sinistcha, L50|\n|poke|p2|Hydrapple, L50, M|\n|poke|p2|Milotic, L50, F|\n|poke|p2|Runerigus, L50, M|\n|teampreview|4\n|\n|t:|1776085987\n|teamsize|p1|4\n|teamsize|p2|4\n|start\n|switch|p1a: Torkoal|Torkoal, L50, M|100/100\n|switch|p1b: Whimsicott|Whimsicott, L50, M|100/100\n|switch|p2a: Milotic|Milotic, L50, F|100/100\n|switch|p2b: Archaludon|Archaludon, L50, M|100/100\n|-weather|SunnyDay|[from] ability: Drought|[of] p1a: Torkoal\n|turn|1\n|\n|t:|1776086026\n|move|p2b: Archaludon|Protect|p2b: Archaludon\n|-singleturn|p2b: Archaludon|Protect\n|move|p1b: Whimsicott|Stun Spore|p2a: Milotic|[miss]\n|-miss|p1b: Whimsicott|p2a: Milotic\n|move|p2a: Milotic|Dragon Cheer|p2b: Archaludon\n|-start|p2b: Archaludon|move: Dragon Cheer\n|move|p1a: Torkoal|Eruption|p2b: Archaludon|[spread] p2a\n|-activate|p2b: Archaludon|move: Protect\n|-resisted|p2a: Milotic|1\n|-damage|p2a: Milotic|74/100\n|\n|-weather|SunnyDay|[upkeep]\n|upkeep\n|turn|2\n|\n|t:|1776086048\n|move|p1b: Whimsicott|Tailwind|p1b: Whimsicott\n|-sidestart|p1: Dzienny|move: Tailwind\n|move|p2b: Archaludon|Dragon Pulse|p1a: Torkoal\n|-damage|p1a: Torkoal|46/100\n|move|p2a: Milotic|Scald|p1a: Torkoal\n|-supereffective|p1a: Torkoal|1\n|-damage|p1a: Torkoal|0 fnt\n|faint|p1a: Torkoal\n|\n|-weather|SunnyDay|[upkeep]\n|upkeep\n|\n|t:|1776086058\n|switch|p1a: Tyranitar|Tyranitar, L50, M|100/100\n|-weather|Sandstorm|[from] ability: Sand Stream|[of] p1a: Tyranitar\n|turn|3\n|\n|t:|1776086079\n|move|p1b: Whimsicott|Stun Spore|p2a: Milotic\n|-status|p2a: Milotic|par\n|move|p1a: Tyranitar|Earthquake|p2b: Archaludon|[spread] p1b,p2a,p2b\n|-resisted|p1b: Whimsicott|1\n|-supereffective|p2b: Archaludon|1\n|-damage|p1b: Whimsicott|85/100\n|-damage|p2a: Milotic|46/100 par\n|-damage|p2b: Archaludon|53/100\n|move|p2b: Archaludon|Steel Beam|p1a: Tyranitar\n|-supereffective|p1a: Tyranitar|1\n|-damage|p1a: Tyranitar|7/100\n|-damage|p2b: Archaludon|2/100|[from] steelbeam\n|-enditem|p2b: Archaludon|Sitrus Berry|[eat]\n|-heal|p2b: Archaludon|27/100|[from] item: Sitrus Berry\n|move|p2a: Milotic|Life Dew|p2a: Milotic|[spread] p2a,p2b\n|-heal|p2a: Milotic|71/100 par\n|-heal|p2b: Archaludon|52/100\n|\n|-weather|Sandstorm|[upkeep]\n|-damage|p1b: Whimsicott|79/100|[from] Sandstorm\n|-damage|p2a: Milotic|65/100 par|[from] Sandstorm\n|upkeep\n|turn|4\n|\n|t:|1776086106\n|move|p2b: Archaludon|Protect|p2b: Archaludon\n|-singleturn|p2b: Archaludon|Protect\n|move|p1b: Whimsicott|Dazzling Gleam|p2b: Archaludon|[spread] p2a\n|-activate|p2b: Archaludon|move: Protect\n|-damage|p2a: Milotic|50/100 par\n|move|p1a: Tyranitar|Earthquake|p2a: Milotic|[spread] p1b,p2a\n|-activate|p2b: Archaludon|move: Protect\n|-resisted|p1b: Whimsicott|1\n|-damage|p1b: Whimsicott|61/100\n|-damage|p2a: Milotic|20/100 par\n|move|p2a: Milotic|Scald|p1a: Tyranitar\n|-supereffective|p1a: Tyranitar|1\n|-damage|p1a: Tyranitar|0 fnt\n|faint|p1a: Tyranitar\n|\n|-weather|Sandstorm|[upkeep]\n|-damage|p1b: Whimsicott|55/100|[from] Sandstorm\n|-damage|p2a: Milotic|14/100 par|[from] Sandstorm\n|upkeep\n|\n|t:|1776086122\n|switch|p1a: Incineroar|Incineroar, L50, F|100/100\n|-ability|p1a: Incineroar|Intimidate|boost\n|-unboost|p2a: Milotic|atk|1\n|-ability|p2a: Milotic|Competitive|boost\n|-boost|p2a: Milotic|spa|2\n|-unboost|p2b: Archaludon|atk|1\n|turn|5\n|\n|t:|1776086143\n|switch|p2b: Sinistcha|Sinistcha, L50|100/100\n|-heal|p2a: Milotic|39/100 par|[from] ability: Hospitality|[of] p2b: Sinistcha\n|move|p1a: Incineroar|Fake Out|p2b: Sinistcha\n|-immune|p2b: Sinistcha\n|move|p1b: Whimsicott|Dazzling Gleam|p2a: Milotic|[spread] p2a,p2b\n|-damage|p2a: Milotic|24/100 par\n|-damage|p2b: Sinistcha|84/100\n|move|p2a: Milotic|Scald|p1a: Incineroar\n|-supereffective|p1a: Incineroar|1\n|-damage|p1a: Incineroar|0 fnt\n|faint|p1a: Incineroar\n|\n|-weather|Sandstorm|[upkeep]\n|-damage|p1b: Whimsicott|48/100|[from] Sandstorm\n|-damage|p2b: Sinistcha|77/100|[from] Sandstorm\n|-damage|p2a: Milotic|18/100 par|[from] Sandstorm\n|-heal|p2b: Sinistcha|84/100|[from] item: Leftovers\n|-sideend|p1: Dzienny|move: Tailwind\n|upkeep\n|turn|6\n|\n|t:|1776086161\n|move|p1b: Whimsicott|Protect|p1b: Whimsicott\n|-singleturn|p1b: Whimsicott|Protect\n|move|p2b: Sinistcha|Matcha Gotcha|p1b: Whimsicott\n|-activate|p1b: Whimsicott|move: Protect\n|move|p2a: Milotic|Life Dew|p2a: Milotic|[spread] p2a,p2b\n|-heal|p2a: Milotic|43/100 par\n|-heal|p2b: Sinistcha|100/100\n|\n|-weather|Sandstorm|[upkeep]\n|-damage|p1b: Whimsicott|42/100|[from] Sandstorm\n|-damage|p2b: Sinistcha|94/100|[from] Sandstorm\n|-damage|p2a: Milotic|37/100 par|[from] Sandstorm\n|-heal|p2b: Sinistcha|100/100|[from] item: Leftovers\n|upkeep\n|turn|7\n|-message|Dzienny forfeited.\n|\n|win|lakhrahnaz\n|raw|Dzienny's rating: 1040 &rarr; <strong>1028</strong><br />(-12 for losing)\n|raw|lakhrahnaz's rating: 1131 &rarr; <strong>1150</strong><br />(+19 for winning)\n|l|\u2606Dzienny\n|player|p1|\n",
  "uploadtime": 1776086178,
  "views": 11,
  "formatid": "gen9championsvgc2026regma",
  "rating": 1028,
  "private": 0,
  "password": null
}