{
  "id": "gen9championsvgc2026regma-2581638970",
  "format": "[Gen 9 Champions] VGC 2026 Reg M-A",
  "players": [
    "jffr",
    "Johten"
  ],
  "log": "|j|\u2606jffr\n|j|\u2606Johten\n|t:|1776017111\n|gametype|doubles\n|player|p1|jffr|miku-ground|1083\n|player|p2|Johten|veteran|1015\n|gen|9\n|tier|[Gen 9 Champions] VGC 2026 Reg M-A\n|rated|\n|rule|Species Clause: Limit one of each Pok\u00e9mon\n|rule|Item Clause: Limit 1 of each item\n|clearpoke\n|poke|p1|Sinistcha, L50|\n|poke|p1|Incineroar, L50, F|\n|poke|p1|Delphox, L50, F|\n|poke|p1|Espathra, L50, F|\n|poke|p1|Sneasler, L50, F|\n|poke|p1|Palafin, L50, M|\n|poke|p2|Charizard, L50, M|\n|poke|p2|Ninetales, L50, F|\n|poke|p2|Sinistcha, L50|\n|poke|p2|Rotom-Heat, L50|\n|poke|p2|Chesnaught, L50, F|\n|poke|p2|Sneasler, L50, M|\n|teampreview|4\n|inactive|Battle timer is ON: inactive players will automatically lose when time's up. (requested by Johten)\n|inactive|jffr also wants the timer to be on.\n|inactive|jffr has 60 seconds left.\n|inactive|Johten has 60 seconds left.\n|\n|t:|1776017161\n|teamsize|p1|4\n|teamsize|p2|4\n|start\n|switch|p1a: Delphox|Delphox, L50, F|100/100\n|switch|p1b: Palafin|Palafin, L50, M|100/100\n|switch|p2a: Ninetales|Ninetales, L50, F|100/100\n|switch|p2b: Sneasler|Sneasler, L50, M|100/100\n|-weather|SunnyDay|[from] ability: Drought|[of] p2a: Ninetales\n|turn|1\n|inactive|jffr has 30 seconds left.\n|inactive|jffr has 20 seconds left.\n|inactive|jffr has 15 seconds left.\n|\n|t:|1776017202\n|detailschange|p1b: Palafin|Palafin-Hero, L50, M\n|switch|p1b: Espathra|Espathra, L50, F|100/100\n|move|p2b: Sneasler|Fake Out|p1a: Delphox\n|-damage|p1a: Delphox|79/100\n|cant|p1a: Delphox|flinch\n|move|p2a: Ninetales|Howl|p2a: Ninetales|[spread] p2a,p2b\n|-boost|p2a: Ninetales|atk|1\n|-boost|p2b: Sneasler|atk|1\n|\n|-weather|SunnyDay|[upkeep]\n|upkeep\n|turn|2\n|\n|t:|1776017222\n|detailschange|p1a: Delphox|Delphox-Mega, L50, F\n|-mega|p1a: Delphox|Delphox|Delphoxite\n|move|p2b: Sneasler|Protect|p2b: Sneasler\n|-singleturn|p2b: Sneasler|Protect\n|move|p1a: Delphox|Role Play|p1b: Espathra\n|-ability|p1a: Delphox|Speed Boost|Levitate|[from] move: Role Play|[of] p1b: Espathra\n|move|p2a: Ninetales|Overheat|p1b: Espathra\n|-damage|p1b: Espathra|28/100\n|-unboost|p2a: Ninetales|spa|2\n|move|p1b: Espathra|Psychic Terrain|p1b: Espathra\n|-fieldstart|move: Psychic Terrain\n|\n|-weather|SunnyDay|[upkeep]\n|-ability|p1a: Delphox|Speed Boost|boost\n|-boost|p1a: Delphox|spe|1\n|-ability|p1b: Espathra|Speed Boost|boost\n|-boost|p1b: Espathra|spe|1\n|upkeep\n|turn|3\n|inactive|jffr has 30 seconds left.\n|inactive|Johten has 30 seconds left.\n|inactive|Johten has 20 seconds left.\n|inactive|Johten has 15 seconds left.\n|\n|t:|1776017264\n|move|p2a: Ninetales|Protect|p2a: Ninetales\n|-singleturn|p2a: Ninetales|Protect\n|move|p1a: Delphox|Expanding Force|p2b: Sneasler|[spread] p2b\n|-activate|p2a: Ninetales|move: Protect\n|-supereffective|p2b: Sneasler|2\n|-damage|p2b: Sneasler|0 fnt\n|faint|p2b: Sneasler\n|move|p1b: Espathra|Expanding Force|p2a: Ninetales\n|-activate|p2a: Ninetales|move: Protect\n|\n|-weather|SunnyDay|[upkeep]\n|-ability|p1a: Delphox|Speed Boost|boost\n|-boost|p1a: Delphox|spe|1\n|-ability|p1b: Espathra|Speed Boost|boost\n|-boost|p1b: Espathra|spe|1\n|upkeep\n|c|\u2606Johten|this is the coolest Bo1 strategy I've ever seen\n|inactive|Johten has 30 seconds left.\n|\n|t:|1776017296\n|switch|p2b: Charizard|Charizard, L50, M|100/100\n|turn|4\n|c|\u2606jffr|i think its pretty lame\n|\n|t:|1776017320\n|detailschange|p2b: Charizard|Charizard-Mega-X, L50, M\n|-mega|p2b: Charizard|Charizard|Charizardite X\n|move|p1a: Delphox|Expanding Force|p2b: Charizard|[spread] p2a,p2b\n|-damage|p2a: Ninetales|24/100\n|-damage|p2b: Charizard|24/100\n|move|p1b: Espathra|Expanding Force|p2a: Ninetales|[spread] p2a,p2b\n|-damage|p2a: Ninetales|0 fnt\n|-damage|p2b: Charizard|0 fnt\n|faint|p2a: Ninetales\n|faint|p2b: Charizard\n|\n|-weather|SunnyDay|[upkeep]\n|-ability|p1a: Delphox|Speed Boost|boost\n|-boost|p1a: Delphox|spe|1\n|-ability|p1b: Espathra|Speed Boost|boost\n|-boost|p1b: Espathra|spe|1\n|upkeep\n|c|\u2606Johten|well i dont think it ever works in OTS but as a CTS strat\n|c|\u2606Johten|i think its fire\n|\n|t:|1776017338\n|switch|p2a: Sinistcha|Sinistcha, L50|100/100\n|turn|5\n|c|\u2606Johten|gg\n|\n|t:|1776017347\n|move|p1a: Delphox|Expanding Force|p2a: Sinistcha\n|-enditem|p2a: Sinistcha|Focus Sash\n|-damage|p2a: Sinistcha|1/100\n|move|p1b: Espathra|Expanding Force|p2a: Sinistcha\n|-crit|p2a: Sinistcha\n|-damage|p2a: Sinistcha|0 fnt\n|faint|p2a: Sinistcha\n|\n|win|jffr\n|raw|jffr's rating: 1083 &rarr; <strong>1105</strong><br />(+22 for winning)\n|raw|Johten's rating: 1015 &rarr; <strong>1005</strong><br />(-10 for losing)\n|c|\u2606jffr|ty bro\n|c|\u2606jffr|ggs\n",
  "uploadtime": 1776017354,
  "views": 24,
  "formatid": "gen9championsvgc2026regma",
  "rating": 1005,
  "private": 0,
  "password": null
}