{
  "id": "gen9championsvgc2026regma-2584658144",
  "format": "[Gen 9 Champions] VGC 2026 Reg M-A",
  "players": [
    "drake78976",
    "sirgib"
  ],
  "log": "|j|\u2606drake78976\n|j|\u2606sirgib\n|t:|1776274945\n|gametype|doubles\n|player|p1|drake78976|li|1142\n|player|p2|sirgib|fisherman-gen4|1218\n|gen|9\n|tier|[Gen 9 Champions] VGC 2026 Reg M-A\n|rated|\n|rule|Species Clause: Limit one of each Pok\u00e9mon\n|rule|Item Clause: Limit 1 of each item\n|clearpoke\n|poke|p1|Aggron, L50, M|\n|poke|p1|Primarina, L50, F|\n|poke|p1|Hydreigon, L50, M|\n|poke|p1|Sinistcha, L50|\n|poke|p1|Glimmora, L50, F|\n|poke|p1|Farigiraf, L50, M|\n|poke|p2|Aerodactyl, L50, M|\n|poke|p2|Ceruledge, L50, F|\n|poke|p2|Quaquaval, L50, M|\n|poke|p2|Floette-Eternal, L50, F|\n|poke|p2|Rotom-Mow, L50|\n|poke|p2|Kangaskhan, L50, F|\n|teampreview|4\n|\n|t:|1776274973\n|teamsize|p1|4\n|teamsize|p2|4\n|start\n|switch|p1a: Farigiraf|Farigiraf, L50, M|100/100\n|switch|p1b: Glimmora|Glimmora, L50, F, shiny|100/100\n|switch|p2a: Kangaskhan|Kangaskhan, L50, F|100/100\n|switch|p2b: Rotom|Rotom-Mow, L50|100/100\n|turn|1\n|\n|t:|1776274994\n|detailschange|p2a: Kangaskhan|Kangaskhan-Mega, L50, F\n|-mega|p2a: Kangaskhan|Kangaskhan|Kangaskhanite\n|move|p2b: Rotom|Thunderbolt|p1a: Farigiraf\n|-damage|p1a: Farigiraf|68/100\n|move|p1b: Glimmora|Sludge Bomb|p2b: Rotom\n|-supereffective|p2b: Rotom|1\n|-damage|p2b: Rotom|0 fnt\n|faint|p2b: Rotom\n|move|p2a: Kangaskhan|Body Slam|p1a: Farigiraf\n|-damage|p1a: Farigiraf|26/100\n|-status|p1a: Farigiraf|par\n|-enditem|p1a: Farigiraf|Sitrus Berry|[eat]\n|-heal|p1a: Farigiraf|50/100 par|[from] item: Sitrus Berry\n|-damage|p1a: Farigiraf|40/100 par\n|-hitcount|p1a: Farigiraf|2\n|move|p1a: Farigiraf|Trick Room|p1a: Farigiraf\n|-fieldstart|move: Trick Room|[of] p1a: Farigiraf\n|\n|upkeep\n|\n|t:|1776275008\n|switch|p2b: Quaquaval|Quaquaval, L50, M|100/100\n|turn|2\n|\n|t:|1776275025\n|move|p1a: Farigiraf|Helping Hand|p1b: Glimmora\n|-singleturn|p1b: Glimmora|Helping Hand|[of] p1a: Farigiraf\n|move|p2a: Kangaskhan|Body Slam|p1a: Farigiraf\n|-damage|p1a: Farigiraf|0 fnt\n|faint|p1a: Farigiraf\n|-hitcount|p1: Farigiraf|1\n|move|p2b: Quaquaval|Aqua Step|p1b: Glimmora\n|-supereffective|p1b: Glimmora|1\n|-enditem|p1b: Glimmora|Focus Sash\n|-damage|p1b: Glimmora|1/100\n|-boost|p2b: Quaquaval|spe|1\n|-activate|p1b: Glimmora|ability: Toxic Debris\n|-sidestart|p2: sirgib|move: Toxic Spikes\n|move|p1b: Glimmora|Sludge Bomb|p2b: Quaquaval\n|-damage|p2b: Quaquaval|0 fnt\n|faint|p2b: Quaquaval\n|\n|upkeep\n|\n|t:|1776275046\n|switch|p1a: Aggron|Aggron, L50, M|100/100\n|switch|p2b: Ceruledge|Ceruledge, L50, F|100/100\n|-status|p2b: Ceruledge|psn\n|turn|3\n|\n|t:|1776275068\n|detailschange|p1a: Aggron|Aggron-Mega, L50, M\n|-mega|p1a: Aggron|Aggron|Aggronite\n|move|p1b: Glimmora|Spiky Shield|p1b: Glimmora\n|-singleturn|p1b: Glimmora|move: Protect\n|move|p2b: Ceruledge|Shadow Sneak|p1b: Glimmora\n|-activate|p1b: Glimmora|move: Protect\n|-damage|p2b: Ceruledge|88/100 psn|[from] Spiky Shield|[of] p1b: Glimmora\n|move|p1a: Aggron|Body Press|p2a: Kangaskhan\n|-supereffective|p2a: Kangaskhan|1\n|-damage|p2a: Kangaskhan|29/100\n|move|p2a: Kangaskhan|Drain Punch|p1a: Aggron\n|-supereffective|p1a: Aggron|1\n|-damage|p1a: Aggron|79/100\n|-heal|p2a: Kangaskhan|37/100|[from] drain|[of] p1a: Aggron\n|-supereffective|p1a: Aggron|1\n|-damage|p1a: Aggron|75/100\n|-heal|p2a: Kangaskhan|39/100|[from] drain|[of] p1a: Aggron\n|-hitcount|p1a: Aggron|2\n|\n|-damage|p2b: Ceruledge|76/100 psn|[from] psn\n|upkeep\n|turn|4\n|\n|t:|1776275094\n|switch|p1b: Sinistcha|Sinistcha, L50|100/100\n|-heal|p1a: Aggron|99/100|[from] ability: Hospitality|[of] p1b: Sinistcha\n|move|p2b: Ceruledge|Shadow Sneak|p1b: Sinistcha\n|-supereffective|p1b: Sinistcha|1\n|-damage|p1b: Sinistcha|69/100\n|move|p1a: Aggron|Body Press|p2a: Kangaskhan\n|-supereffective|p2a: Kangaskhan|1\n|-damage|p2a: Kangaskhan|0 fnt\n|faint|p2a: Kangaskhan\n|\n|-damage|p2b: Ceruledge|64/100 psn|[from] psn\n|upkeep\n|turn|5\n|\n|t:|1776275122\n|move|p1b: Sinistcha|Rage Powder|p1b: Sinistcha\n|-singleturn|p1b: Sinistcha|move: Rage Powder\n|move|p1a: Aggron|Iron Defense|p1a: Aggron\n|-boost|p1a: Aggron|def|2\n|move|p2b: Ceruledge|Bitter Blade|p1b: Sinistcha\n|-supereffective|p1b: Sinistcha|1\n|-enditem|p1b: Sinistcha|Occa Berry|[eat]\n|-enditem|p1b: Sinistcha|Occa Berry|[weaken]\n|-damage|p1b: Sinistcha|31/100\n|-heal|p2b: Ceruledge|86/100 psn|[from] drain|[of] p1b: Sinistcha\n|\n|-damage|p2b: Ceruledge|74/100 psn|[from] psn\n|-fieldend|move: Trick Room\n|upkeep\n|turn|6\n|\n|t:|1776275141\n|move|p2b: Ceruledge|Bitter Blade|p1a: Aggron\n|-supereffective|p1a: Aggron|1\n|-damage|p1a: Aggron|80/100\n|-heal|p2b: Ceruledge|85/100 psn|[from] drain|[of] p1a: Aggron\n|move|p1b: Sinistcha|Life Dew|p1b: Sinistcha|[spread] p1a,p1b\n|-heal|p1a: Aggron|100/100\n|-heal|p1b: Sinistcha|56/100\n|move|p1a: Aggron|Heavy Slam|p2b: Ceruledge\n|-resisted|p2b: Ceruledge|1\n|-damage|p2b: Ceruledge|33/100 psn\n|\n|-damage|p2b: Ceruledge|21/100 psn|[from] psn\n|upkeep\n|turn|7\n|\n|t:|1776275165\n|switch|p1b: Glimmora|Glimmora, L50, F, shiny|1/100\n|move|p2b: Ceruledge|Bitter Blade|p1a: Aggron\n|-supereffective|p1a: Aggron|1\n|-damage|p1a: Aggron|80/100\n|-heal|p2b: Ceruledge|32/100 psn|[from] drain|[of] p1a: Aggron\n|move|p1a: Aggron|Heavy Slam|p2b: Ceruledge\n|-resisted|p2b: Ceruledge|1\n|-damage|p2b: Ceruledge|0 fnt\n|faint|p2b: Ceruledge\n|\n|win|drake78976\n|raw|drake78976's rating: 1142 &rarr; <strong>1172</strong><br />(+30 for winning)\n|raw|sirgib's rating: 1218 &rarr; <strong>1188</strong><br />(-30 for losing)\n|l|\u2606sirgib\n|player|p2|\n",
  "uploadtime": 1776275178,
  "views": 26,
  "formatid": "gen9championsvgc2026regma",
  "rating": 1172,
  "private": 0,
  "password": null
}