{
  "id": "gen9championsvgc2026regma-2582230880",
  "format": "[Gen 9 Champions] VGC 2026 Reg M-A",
  "players": [
    "Arnauthr",
    "Cereales_Hacendado"
  ],
  "log": "|j|\u2606Arnauthr\n|j|\u2606Cereales_Hacendado\n|t:|1776073995\n|gametype|doubles\n|player|p1|Arnauthr|red|1263\n|player|p2|Cereales_Hacendado|265|1324\n|gen|9\n|tier|[Gen 9 Champions] VGC 2026 Reg M-A\n|rated|\n|rule|Species Clause: Limit one of each Pok\u00e9mon\n|rule|Item Clause: Limit 1 of each item\n|clearpoke\n|poke|p1|Charizard, L50, M|\n|poke|p1|Whimsicott, L50, F|\n|poke|p1|Incineroar, L50, M|\n|poke|p1|Garchomp, L50, M|\n|poke|p1|Sneasler, L50, M|\n|poke|p1|Kingambit, L50, M|\n|poke|p2|Pinsir, L50, M|\n|poke|p2|Milotic, L50, F|\n|poke|p2|Corviknight, L50, F|\n|poke|p2|Rotom-Heat, L50|\n|poke|p2|Glimmora, L50, F|\n|poke|p2|Scovillain, L50, M|\n|teampreview|4\n|inactive|Battle timer is ON: inactive players will automatically lose when time's up. (requested by Arnauthr)\n|inactive|Arnauthr has 60 seconds left.\n|\n|t:|1776074053\n|teamsize|p1|4\n|teamsize|p2|4\n|start\n|switch|p1a: Charizard|Charizard, L50, M|100/100\n|switch|p1b: Whimsicott|Whimsicott, L50, F|100/100\n|switch|p2a: La Exploradora|Glimmora, L50, F, shiny|100/100\n|switch|p2b: Edgar Allan Poe|Corviknight, L50, F, shiny|100/100\n|turn|1\n|inactive|Cereales_Hacendado has 30 seconds left.\n|inactive|Cereales_Hacendado has 20 seconds left.\n|inactive|Cereales_Hacendado has 15 seconds left.\n|inactive|Cereales_Hacendado has 10 seconds left.\n|inactive|Cereales_Hacendado has 5 seconds left.\n|\n|t:|1776074108\n|detailschange|p1a: Charizard|Charizard-Mega-Y, L50, M\n|-mega|p1a: Charizard|Charizard|Charizardite Y\n|-weather|SunnyDay|[from] ability: Drought|[of] p1a: Charizard\n|move|p1a: Charizard|Protect|p1a: Charizard\n|-singleturn|p1a: Charizard|Protect\n|move|p1b: Whimsicott|Tailwind|p1b: Whimsicott\n|-sidestart|p1: Arnauthr|move: Tailwind\n|move|p2a: La Exploradora|Power Gem|p1a: Charizard\n|-activate|p1a: Charizard|move: Protect\n|move|p2b: Edgar Allan Poe|Bulk Up|p2b: Edgar Allan Poe\n|-boost|p2b: Edgar Allan Poe|atk|1\n|-boost|p2b: Edgar Allan Poe|def|1\n|\n|-weather|SunnyDay|[upkeep]\n|upkeep\n|turn|2\n|inactive|Arnauthr has 30 seconds left.\n|inactive|Cereales_Hacendado has 30 seconds left.\n|inactive|Cereales_Hacendado has 20 seconds left.\n|inactive|Cereales_Hacendado has 15 seconds left.\n|\n|t:|1776074153\n|switch|p2b: Ayuso|Milotic, L50, F, shiny|100/100\n|move|p1b: Whimsicott|Moonblast|p2a: La Exploradora\n|-resisted|p2a: La Exploradora|1\n|-damage|p2a: La Exploradora|77/100\n|move|p1a: Charizard|Heat Wave|p2a: La Exploradora|[spread] p2a,p2b\n|-resisted|p2a: La Exploradora|1\n|-resisted|p2b: Ayuso|1\n|-damage|p2a: La Exploradora|28/100\n|-damage|p2b: Ayuso|77/100\n|move|p2a: La Exploradora|Sludge Wave|p1a: Charizard|[spread] p2b,p1a,p1b\n|-supereffective|p1b: Whimsicott|2\n|-damage|p2b: Ayuso|48/100\n|-damage|p1a: Charizard|65/100\n|-enditem|p1b: Whimsicott|Focus Sash\n|-damage|p1b: Whimsicott|1/100\n|\n|-weather|SunnyDay|[upkeep]\n|upkeep\n|turn|3\n|inactive|Arnauthr has 30 seconds left.\n|\n|t:|1776074184\n|move|p2a: La Exploradora|Spiky Shield|p2a: La Exploradora\n|-singleturn|p2a: La Exploradora|move: Protect\n|move|p1b: Whimsicott|Moonblast|p2a: La Exploradora\n|-activate|p2a: La Exploradora|move: Protect\n|move|p1a: Charizard|Solar Beam||[still]\n|-prepare|p1a: Charizard|Solar Beam\n|-anim|p1a: Charizard|Solar Beam|p2b: Ayuso\n|-supereffective|p2b: Ayuso|1\n|-enditem|p2b: Ayuso|Rindo Berry|[eat]\n|-enditem|p2b: Ayuso|Rindo Berry|[weaken]\n|-damage|p2b: Ayuso|12/100\n|move|p2b: Ayuso|Icy Wind|p1b: Whimsicott|[spread] p1a,p1b\n|-supereffective|p1b: Whimsicott|1\n|-damage|p1a: Charizard|55/100\n|-damage|p1b: Whimsicott|0 fnt\n|-unboost|p1a: Charizard|spe|1\n|faint|p1b: Whimsicott\n|\n|-weather|SunnyDay|[upkeep]\n|upkeep\n|\n|t:|1776074206\n|switch|p1b: Garchomp|Garchomp, L50, M|100/100\n|turn|4\n|\n|t:|1776074223\n|move|p2a: La Exploradora|Spiky Shield|p2a: La Exploradora\n|-singleturn|p2a: La Exploradora|move: Protect\n|move|p2b: Ayuso|Protect|p2b: Ayuso\n|-singleturn|p2b: Ayuso|Protect\n|move|p1b: Garchomp|Earthquake|p2a: La Exploradora|[spread] \n|-activate|p2a: La Exploradora|move: Protect\n|-activate|p2b: Ayuso|move: Protect\n|-immune|p1a: Charizard\n|move|p1a: Charizard|Heat Wave|p2a: La Exploradora|[spread] \n|-activate|p2a: La Exploradora|move: Protect\n|-activate|p2b: Ayuso|move: Protect\n|\n|-weather|SunnyDay|[upkeep]\n|-sideend|p1: Arnauthr|move: Tailwind\n|upkeep\n|turn|5\n|\n|t:|1776074244\n|move|p1b: Garchomp|Earthquake|p2a: La Exploradora|[spread] p2a,p2b\n|-immune|p1a: Charizard\n|-supereffective|p2a: La Exploradora|2\n|-damage|p2a: La Exploradora|0 fnt\n|-damage|p2b: Ayuso|0 fnt\n|-activate|p2a: La Exploradora|ability: Toxic Debris\n|-sidestart|p1: Arnauthr|move: Toxic Spikes\n|faint|p2a: La Exploradora\n|faint|p2b: Ayuso\n|move|p1a: Charizard|Heat Wave|p2: La Exploradora|[notarget]\n|-fail|p1a: Charizard\n|\n|-weather|none\n|upkeep\n|\n|t:|1776074256\n|switch|p2a: Gender Bender|Pinsir, L50, M, shiny|100/100\n|switch|p2b: Edgar Allan Poe|Corviknight, L50, F, shiny|100/100\n|turn|6\n|\n|t:|1776074271\n|switch|p1a: Sneasler|Sneasler, L50, M|100/100\n|-sideend|p1: Arnauthr|move: Toxic Spikes|[of] p1a: Sneasler\n|detailschange|p2a: Gender Bender|Pinsir-Mega, L50, M, shiny\n|-mega|p2a: Gender Bender|Pinsir|Pinsirite\n|move|p2a: Gender Bender|Rock Slide|p1a: Sneasler|[spread] p1a,p1b\n|-resisted|p1a: Sneasler|1\n|-resisted|p1b: Garchomp|1\n|-damage|p1a: Sneasler|83/100\n|-damage|p1b: Garchomp|89/100\n|cant|p1b: Garchomp|flinch\n|move|p2b: Edgar Allan Poe|Bulk Up|p2b: Edgar Allan Poe\n|-boost|p2b: Edgar Allan Poe|atk|1\n|-boost|p2b: Edgar Allan Poe|def|1\n|\n|upkeep\n|turn|7\n|inactive|Arnauthr has 30 seconds left.\n|inactive|Cereales_Hacendado has 30 seconds left.\n|inactive|Arnauthr has 20 seconds left.\n|inactive|Arnauthr has 15 seconds left.\n|\n|t:|1776074312\n|move|p2a: Gender Bender|Protect|p2a: Gender Bender\n|-singleturn|p2a: Gender Bender|Protect\n|move|p1a: Sneasler|Fake Out|p2b: Edgar Allan Poe\n|-resisted|p2b: Edgar Allan Poe|1\n|-damage|p2b: Edgar Allan Poe|97/100\n|move|p1b: Garchomp|Rock Slide|p2a: Gender Bender|[spread] p2b\n|-activate|p2a: Gender Bender|move: Protect\n|-damage|p2b: Edgar Allan Poe|85/100\n|cant|p2b: Edgar Allan Poe|flinch\n|\n|upkeep\n|turn|8\n|\n|t:|1776074333\n|move|p2a: Gender Bender|Quick Attack|p1a: Sneasler\n|-supereffective|p1a: Sneasler|1\n|-damage|p1a: Sneasler|0 fnt\n|faint|p1a: Sneasler\n|move|p1b: Garchomp|Rock Slide|p2a: Gender Bender|[spread] p2a,p2b\n|-supereffective|p2a: Gender Bender|2\n|-damage|p2a: Gender Bender|15/100\n|-damage|p2b: Edgar Allan Poe|74/100\n|cant|p2b: Edgar Allan Poe|flinch\n|\n|upkeep\n|\n|t:|1776074341\n|switch|p1a: Charizard|Charizard-Mega-Y, L50, M|55/100\n|-weather|SunnyDay|[from] ability: Drought|[of] p1a: Charizard\n|turn|9\n|\n|t:|1776074356\n|move|p2a: Gender Bender|Protect|p2a: Gender Bender\n|-singleturn|p2a: Gender Bender|Protect\n|move|p1a: Charizard|Protect|p1a: Charizard\n|-singleturn|p1a: Charizard|Protect\n|move|p1b: Garchomp|Rock Slide|p2a: Gender Bender|[spread] p2b\n|-activate|p2a: Gender Bender|move: Protect\n|-crit|p2b: Edgar Allan Poe\n|-damage|p2b: Edgar Allan Poe|48/100\n|-enditem|p2b: Edgar Allan Poe|Sitrus Berry|[eat]\n|-heal|p2b: Edgar Allan Poe|73/100|[from] item: Sitrus Berry\n|move|p2b: Edgar Allan Poe|Brave Bird|p1b: Garchomp\n|-damage|p1b: Garchomp|37/100\n|-damage|p2b: Edgar Allan Poe|61/100|[from] ability: Rough Skin|[of] p1b: Garchomp\n|-damage|p2b: Edgar Allan Poe|45/100|[from] Recoil\n|\n|-weather|SunnyDay|[upkeep]\n|upkeep\n|turn|10\n|\n|t:|1776074377\n|move|p2a: Gender Bender|Rock Slide|p1a: Charizard|[spread] p1a,p1b\n|-supereffective|p1a: Charizard|2\n|-resisted|p1b: Garchomp|1\n|-damage|p1a: Charizard|0 fnt\n|-damage|p1b: Garchomp|26/100\n|faint|p1a: Charizard\n|move|p1b: Garchomp|Rock Slide|p2a: Gender Bender|[spread] p2a,p2b\n|-supereffective|p2a: Gender Bender|2\n|-damage|p2a: Gender Bender|0 fnt\n|-damage|p2b: Edgar Allan Poe|35/100\n|faint|p2a: Gender Bender\n|move|p2b: Edgar Allan Poe|Brave Bird|p1b: Garchomp\n|-damage|p1b: Garchomp|0 fnt\n|-damage|p2b: Edgar Allan Poe|22/100|[from] ability: Rough Skin|[of] p1b: Garchomp\n|faint|p1b: Garchomp\n|-damage|p2b: Edgar Allan Poe|15/100|[from] Recoil\n|\n|win|Cereales_Hacendado\n|raw|Arnauthr's rating: 1263 &rarr; <strong>1242</strong><br />(-21 for losing)\n|raw|Cereales_Hacendado's rating: 1324 &rarr; <strong>1341</strong><br />(+17 for winning)\n|l|\u2606Arnauthr\n|player|p1|\n|c|\u2606Cereales_Hacendado|gg\n",
  "uploadtime": 1776074394,
  "views": 25,
  "formatid": "gen9championsvgc2026regma",
  "rating": 1242,
  "private": 0,
  "password": null
}