{
  "id": "gen9championsvgc2026regma-2585884194",
  "format": "[Gen 9 Champions] VGC 2026 Reg M-A",
  "players": [
    "testy accounty 2",
    "PokemonChampsNoob"
  ],
  "log": "|j|\u2606testy accounty 2\n|j|\u203dPokemonChampsNoob\n|t:|1776378273\n|gametype|doubles\n|player|p1|testy accounty 2|170|1368\n|player|p2|PokemonChampsNoob|grimsley|1432\n|gen|9\n|tier|[Gen 9 Champions] VGC 2026 Reg M-A\n|rated|\n|rule|Species Clause: Limit one of each Pok\u00e9mon\n|rule|Item Clause: Limit 1 of each item\n|clearpoke\n|poke|p1|Gengar, L50, F|\n|poke|p1|Incineroar, L50, M|\n|poke|p1|Politoed, L50, M|\n|poke|p1|Archaludon, L50, F|\n|poke|p1|Basculegion, L50, M|\n|poke|p1|Meganium, L50, M|\n|poke|p2|Aegislash, L50, M|\n|poke|p2|Floette-Eternal, L50, F|\n|poke|p2|Talonflame, L50, M|\n|poke|p2|Sinistcha, L50|\n|poke|p2|Gyarados, L50, M|\n|poke|p2|Sneasler, L50, M|\n|teampreview|4\n|inactive|Battle timer is ON: inactive players will automatically lose when time's up. (requested by PokemonChampsNoob)\nPokemonChampsNoob rejected open team sheets.\n|inactive|PokemonChampsNoob has 60 seconds left.\n|\n|t:|1776378331\n|teamsize|p1|4\n|teamsize|p2|4\n|start\n|switch|p1a: Gengar|Gengar, L50, F, shiny|100/100\n|switch|p1b: Ian|Incineroar, L50, M|100/100\n|switch|p2a: Floette|Floette-Eternal, L50, F|100/100\n|switch|p2b: Sneasler|Sneasler, L50, M, shiny|100/100\n|-ability|p1b: Ian|Intimidate|boost\n|-unboost|p2a: Floette|atk|1\n|-unboost|p2b: Sneasler|atk|1\n|-enditem|p2b: Sneasler|White Herb\n|-clearnegativeboost|p2b: Sneasler|[silent]\n|turn|1\n|inactive|testy accounty 2 has 30 seconds left.\n|inactive|PokemonChampsNoob has 30 seconds left.\n|\n|t:|1776378365\n|switch|p2a: Talonflame|Talonflame, L50, M, shiny|100/100\n|detailschange|p1a: Gengar|Gengar-Mega, L50, F, shiny\n|-mega|p1a: Gengar|Gengar|Gengarite\n|move|p2b: Sneasler|Rock Tomb|p1a: Gengar\n|-damage|p1a: Gengar|77/100\n|-unboost|p1a: Gengar|spe|1\n|move|p1a: Gengar|Sludge Bomb|p2a: Talonflame\n|-damage|p2a: Talonflame|24/100\n|move|p1b: Ian|Parting Shot|p2a: Talonflame\n|-unboost|p2a: Talonflame|atk|1\n|-unboost|p2a: Talonflame|spa|1\n|\n|t:|1776378380\n|switch|p1b: Rosey|Politoed, L50, M|100/100|[from] Parting Shot\n|-weather|RainDance|[from] ability: Drizzle|[of] p1b: Rosey\n|\n|-weather|RainDance|[upkeep]\n|upkeep\n|turn|2\n|\n|t:|1776378403\n|move|p1a: Gengar|Protect|p1a: Gengar\n|-singleturn|p1a: Gengar|Protect\n|move|p2b: Sneasler|Close Combat|p1b: Rosey\n|-damage|p1b: Rosey|31/100\n|-unboost|p2b: Sneasler|def|1\n|-unboost|p2b: Sneasler|spd|1\n|move|p2a: Talonflame|Tailwind|p2a: Talonflame\n|-sidestart|p2: PokemonChampsNoob|move: Tailwind\n|move|p1b: Rosey|Weather Ball|p2b: Sneasler\n|-damage|p2b: Sneasler|0 fnt\n|faint|p2b: Sneasler\n|\n|-weather|RainDance|[upkeep]\n|-heal|p1b: Rosey|38/100|[from] item: Leftovers\n|upkeep\n|\n|t:|1776378416\n|switch|p2b: Floette|Floette-Eternal, L50, F|100/100\n|turn|3\n|\n|t:|1776378425\n|switch|p1b: Ian|Incineroar, L50, M|100/100\n|-ability|p1b: Ian|Intimidate|boost\n|-unboost|p2a: Talonflame|atk|1\n|-unboost|p2b: Floette|atk|1\n|detailschange|p2b: Floette|Floette-Mega, L50, F\n|-mega|p2b: Floette|Floette|Floettite\n|-ability|p2b: Floette|Fairy Aura\n|move|p2a: Talonflame|Dual Wingbeat|p1a: Gengar\n|-damage|p1a: Gengar|65/100\n|-damage|p1a: Gengar|54/100\n|-hitcount|p1a: Gengar|2\n|move|p2b: Floette|Dazzling Gleam|p1b: Ian|[spread] p1a,p1b\n|-resisted|p1a: Gengar|1\n|-damage|p1a: Gengar|29/100\n|-damage|p1b: Ian|63/100\n|move|p1a: Gengar|Sludge Bomb|p2b: Floette\n|-supereffective|p2b: Floette|1\n|-damage|p2b: Floette|20/100\n|\n|-weather|RainDance|[upkeep]\n|upkeep\n|turn|4\n|inactive|testy accounty 2 has 30 seconds left.\n|inactive|PokemonChampsNoob has 30 seconds left.\n|inactive|testy accounty 2 has 20 seconds left.\n|inactive|PokemonChampsNoob has 20 seconds left.\n|inactive|testy accounty 2 has 15 seconds left.\n|\n|t:|1776378468\n|switch|p1a: Kathleen|Archaludon, L50, F|100/100\n|move|p2b: Floette|Protect|p2b: Floette\n|-singleturn|p2b: Floette|Protect\n|move|p2a: Talonflame|Dual Wingbeat|p1a: Kathleen\n|-resisted|p1a: Kathleen|1\n|-damage|p1a: Kathleen|97/100\n|-ability|p1a: Kathleen|Stamina|boost\n|-boost|p1a: Kathleen|def|1\n|-resisted|p1a: Kathleen|1\n|-damage|p1a: Kathleen|95/100\n|-ability|p1a: Kathleen|Stamina|boost\n|-boost|p1a: Kathleen|def|1\n|-hitcount|p1a: Kathleen|2\n|move|p1b: Ian|Parting Shot|p2b: Floette\n|-activate|p2b: Floette|move: Protect\n|\n|-weather|RainDance|[upkeep]\n|upkeep\n|turn|5\n|inactive|testy accounty 2 has 30 seconds left.\n|\n|t:|1776378500\n|switch|p2a: Aegislash|Aegislash, L50, M|100/100\n|move|p2b: Floette|Moonblast|p1a: Kathleen\n|-damage|p1a: Kathleen|0 fnt\n|faint|p1a: Kathleen\n|move|p1b: Ian|Parting Shot|p2b: Floette\n|-unboost|p2b: Floette|atk|1\n|-unboost|p2b: Floette|spa|1\n|\n|t:|1776378509\n|switch|p1b: Gengar|Gengar-Mega, L50, F, shiny|29/100|[from] Parting Shot\n|\n|-weather|none\n|-sideend|p2: PokemonChampsNoob|move: Tailwind\n|upkeep\n|\n|t:|1776378515\n|switch|p1a: Ian|Incineroar, L50, M|63/100\n|-ability|p1a: Ian|Intimidate|boost\n|-unboost|p2a: Aegislash|atk|1\n|-unboost|p2b: Floette|atk|1\n|turn|6\n|\n|t:|1776378530\n|move|p1b: Gengar|Protect|p1b: Gengar\n|-singleturn|p1b: Gengar|Protect\n|move|p2b: Floette|Moonblast|p1b: Gengar\n|-activate|p1b: Gengar|move: Protect\n|-formechange|p2a: Aegislash|Aegislash-Blade|\n|move|p2a: Aegislash|Shadow Ball|p1b: Gengar\n|-activate|p1b: Gengar|move: Protect\n|move|p1a: Ian|Flare Blitz|p2a: Aegislash\n|-supereffective|p2a: Aegislash|1\n|-damage|p2a: Aegislash|0 fnt\n|faint|p2a: Aegislash\n|-damage|p1a: Ian|37/100|[from] Recoil\n|-enditem|p1a: Ian|Sitrus Berry|[eat]\n|-heal|p1a: Ian|62/100|[from] item: Sitrus Berry\n|\n|upkeep\n|\n|t:|1776378542\n|switch|p2a: Talonflame|Talonflame, L50, M, shiny|24/100\n|turn|7\n|inactive|PokemonChampsNoob has 30 seconds left.\n|\n|t:|1776378572\n|move|p2a: Talonflame|Protect|p2a: Talonflame\n|-singleturn|p2a: Talonflame|Protect\n|move|p1b: Gengar|Shadow Ball|p2a: Talonflame\n|-activate|p2a: Talonflame|move: Protect\n|move|p2b: Floette|Moonblast|p1b: Gengar\n|-resisted|p1b: Gengar|1\n|-damage|p1b: Gengar|2/100\n|move|p1a: Ian|Flare Blitz|p2b: Floette\n|-damage|p2b: Floette|0 fnt\n|faint|p2b: Floette\n|-damage|p1a: Ian|57/100|[from] Recoil\n|\n|upkeep\n|turn|8\n|-message|PokemonChampsNoob forfeited.\n|\n|win|testy accounty 2\n|raw|testy accounty 2's rating: 1368 &rarr; <strong>1392</strong><br />(+24 for winning)\n|raw|PokemonChampsNoob's rating: 1432 &rarr; <strong>1408</strong><br />(-24 for losing)\n|l|\u203dPokemonChampsNoob\n|player|p2|\n",
  "uploadtime": 1776378595,
  "views": 41,
  "formatid": "gen9championsvgc2026regma",
  "rating": 1392,
  "private": 0,
  "password": null
}