{
  "id": "gen9championsvgc2026regma-2581927350",
  "format": "[Gen 9 Champions] VGC 2026 Reg M-A",
  "players": [
    "airi love",
    "Spottedwoot"
  ],
  "log": "|j|\u2606airi love\n|j|\u2606Spottedwoot\n|t:|1776040476\n|gametype|doubles\n|player|p1|airi love|lyra|1380\n|player|p2|Spottedwoot|102|1446\n|gen|9\n|tier|[Gen 9 Champions] VGC 2026 Reg M-A\n|rated|\n|rule|Species Clause: Limit one of each Pok\u00e9mon\n|rule|Item Clause: Limit 1 of each item\n|clearpoke\n|poke|p1|Reuniclus, L50, F|\n|poke|p1|Kangaskhan, L50, F|\n|poke|p1|Incineroar, L50, M|\n|poke|p1|Sylveon, L50, M|\n|poke|p1|Torkoal, L50, F|\n|poke|p1|Basculegion, L50, M|\n|poke|p2|Incineroar, L50, M|\n|poke|p2|Sneasler, L50, M|\n|poke|p2|Kingambit, L50, F|\n|poke|p2|Aerodactyl, L50, F|\n|poke|p2|Rotom-Wash, L50|\n|poke|p2|Floette-Eternal, L50, F|\n|teampreview|4\n|inactive|Battle timer is ON: inactive players will automatically lose when time's up. (requested by airi love)\n|inactive|Spottedwoot has 60 seconds left.\n|j| Kjorb\n|inactive|Spottedwoot has 30 seconds left.\n|\n|t:|1776040550\n|teamsize|p1|4\n|teamsize|p2|4\n|start\n|switch|p1a: Reuniclus|Reuniclus, L50, F|100/100\n|switch|p1b: Kangaskhan|Kangaskhan, L50, F|100/100\n|switch|p2a: Floette|Floette-Eternal, L50, F|100/100\n|switch|p2b: Incineroar|Incineroar, L50, M|100/100\n|-ability|p2b: Incineroar|Intimidate|boost\n|-unboost|p1a: Reuniclus|atk|1\n|-fail|p1b: Kangaskhan|unboost|Attack|[from] ability: Scrappy|[of] p1b: Kangaskhan\n|turn|1\n|l| Kjorb\n|inactive|Spottedwoot has 30 seconds left.\n|inactive|Spottedwoot has 20 seconds left.\n|inactive|Spottedwoot has 15 seconds left.\n|inactive|Spottedwoot has 10 seconds left.\n|inactive|Spottedwoot has 5 seconds left.\n|\n|t:|1776040603\n|detailschange|p2a: Floette|Floette-Mega, L50, F\n|-mega|p2a: Floette|Floette|Floettite\n|-ability|p2a: Floette|Fairy Aura\n|detailschange|p1b: Kangaskhan|Kangaskhan-Mega, L50, F\n|-mega|p1b: Kangaskhan|Kangaskhan|Kangaskhanite\n|move|p1b: Kangaskhan|Fake Out|p2b: Incineroar\n|-damage|p2b: Incineroar|82/100\n|-damage|p2b: Incineroar|78/100\n|-hitcount|p2b: Incineroar|2\n|cant|p2b: Incineroar|flinch\n|move|p2a: Floette|Dazzling Gleam|p1b: Kangaskhan|[spread] p1a,p1b\n|-damage|p1a: Reuniclus|54/100\n|-damage|p1b: Kangaskhan|62/100\n|move|p1a: Reuniclus|Trick Room|p1a: Reuniclus\n|-fieldstart|move: Trick Room|[of] p1a: Reuniclus\n|\n|upkeep\n|turn|2\n|\n|t:|1776040626\n|move|p1a: Reuniclus|Focus Blast|p2b: Incineroar|[miss]\n|-miss|p1a: Reuniclus|p2b: Incineroar\n|move|p2b: Incineroar|Darkest Lariat|p1a: Reuniclus\n|-supereffective|p1a: Reuniclus|1\n|-enditem|p1a: Reuniclus|Colbur Berry|[eat]\n|-enditem|p1a: Reuniclus|Colbur Berry|[weaken]\n|-damage|p1a: Reuniclus|20/100\n|move|p1b: Kangaskhan|Double-Edge|p2b: Incineroar\n|-damage|p2b: Incineroar|16/100\n|-enditem|p2b: Incineroar|Sitrus Berry|[eat]\n|-heal|p2b: Incineroar|41/100|[from] item: Sitrus Berry\n|-damage|p2b: Incineroar|28/100\n|-hitcount|p2b: Incineroar|2\n|-damage|p1b: Kangaskhan|38/100|[from] Recoil\n|move|p2a: Floette|Moonblast|p1b: Kangaskhan\n|-damage|p1b: Kangaskhan|0 fnt\n|faint|p1b: Kangaskhan\n|\n|upkeep\n|\n|t:|1776040639\n|switch|p1b: Torkoal|Torkoal, L50, F|100/100\n|-weather|SunnyDay|[from] ability: Drought|[of] p1b: Torkoal\n|turn|3\n|\n|t:|1776040653\n|move|p2a: Floette|Protect|p2a: Floette\n|-singleturn|p2a: Floette|Protect\n|move|p1b: Torkoal|Eruption|p2b: Incineroar|[spread] p2b\n|-activate|p2a: Floette|move: Protect\n|-resisted|p2b: Incineroar|1\n|-damage|p2b: Incineroar|0 fnt\n|faint|p2b: Incineroar\n|move|p1a: Reuniclus|Psychic|p2a: Floette\n|-activate|p2a: Floette|move: Protect\n|\n|-weather|SunnyDay|[upkeep]\n|upkeep\n|\n|t:|1776040656\n|switch|p2b: Kingambit|Kingambit, L50, F|100/100\n|turn|4\n|\n|t:|1776040671\n|switch|p1a: Sylveon|Sylveon, L50, M|100/100\n|switch|p2a: Rotom|Rotom-Wash, L50|100/100\n|move|p2b: Kingambit|Sucker Punch|p1b: Torkoal\n|-crit|p1b: Torkoal\n|-damage|p1b: Torkoal|39/100\n|move|p1b: Torkoal|Heat Wave|p2a: Rotom|[spread] p2a,p2b\n|-resisted|p2a: Rotom|1\n|-supereffective|p2b: Kingambit|1\n|-damage|p2a: Rotom|77/100\n|-damage|p2b: Kingambit|0 fnt\n|faint|p2b: Kingambit\n|\n|-weather|SunnyDay|[upkeep]\n|-heal|p2a: Rotom|83/100|[from] item: Leftovers\n|upkeep\n|\n|t:|1776040695\n|switch|p2b: Floette|Floette-Mega, L50, F|100/100\n|-ability|p2b: Floette|Fairy Aura\n|turn|5\n|j| Glaceon0404\n|l|\u2606airi love\n|inactive|airi love disconnected and has a minute to reconnect!\n|player|p1|\n|inactive|airi love has 30 seconds left.\n|j|\u2606airi love\n|inactive|airi love reconnected and has 30 seconds left.\n|player|p1|airi love|lyra|\n|\n|t:|1776040730\n|switch|p1b: Reuniclus|Reuniclus, L50, F|53/100\n|move|p2a: Rotom|Protect|p2a: Rotom\n|-singleturn|p2a: Rotom|Protect\n|move|p2b: Floette|Protect|p2b: Floette\n|-singleturn|p2b: Floette|Protect\n|move|p1a: Sylveon|Hyper Beam|p2b: Floette\n|-activate|p2b: Floette|move: Protect\n|\n|-weather|SunnyDay|[upkeep]\n|-heal|p2a: Rotom|88/100|[from] item: Leftovers\n|-fieldend|move: Trick Room\n|upkeep\n|turn|6\n|inactive|Spottedwoot has 30 seconds left.\n|inactive|Spottedwoot has 20 seconds left.\n|inactive|Spottedwoot has 15 seconds left.\n|inactive|Spottedwoot has 10 seconds left.\n|inactive|Spottedwoot has 5 seconds left.\n|\n|t:|1776040785\n|switch|p1b: Torkoal|Torkoal, L50, F|39/100\n|move|p2b: Floette|Protect|p2b: Floette\n|-singleturn|p2b: Floette|Protect\n|move|p2a: Rotom|Will-O-Wisp|p1a: Sylveon\n|-status|p1a: Sylveon|brn\n|move|p1a: Sylveon|Hyper Beam|p2b: Floette\n|-activate|p2b: Floette|move: Protect\n|\n|-weather|SunnyDay|[upkeep]\n|-heal|p2a: Rotom|94/100|[from] item: Leftovers\n|-damage|p1a: Sylveon|95/100 brn|[from] brn\n|upkeep\n|turn|7\n|inactive|Spottedwoot has 30 seconds left.\n|inactive|Spottedwoot has 20 seconds left.\n|inactive|Spottedwoot has 15 seconds left.\n|inactive|Spottedwoot has 10 seconds left.\n|inactive|Spottedwoot has 5 seconds left.\n|\n|t:|1776040840\n|move|p2b: Floette|Protect||[still]\n|-fail|p2b: Floette\n|move|p2a: Rotom|Will-O-Wisp|p1a: Sylveon\n|-fail|p1a: Sylveon|brn\n|move|p1a: Sylveon|Hyper Beam|p2b: Floette\n|-damage|p2b: Floette|0 fnt\n|-mustrecharge|p1a: Sylveon\n|faint|p2b: Floette\n|move|p1b: Torkoal|Solar Beam||[still]\n|-prepare|p1b: Torkoal|Solar Beam\n|-anim|p1b: Torkoal|Solar Beam|p2a: Rotom\n|-supereffective|p2a: Rotom|1\n|-damage|p2a: Rotom|32/100\n|\n|-weather|none\n|-heal|p2a: Rotom|37/100|[from] item: Leftovers\n|-damage|p1a: Sylveon|89/100 brn|[from] brn\n|upkeep\n|turn|8\n|\n|t:|1776040861\n|move|p2a: Rotom|Hydro Pump|p1b: Torkoal\n|-supereffective|p1b: Torkoal|1\n|-damage|p1b: Torkoal|0 fnt\n|faint|p1b: Torkoal\n|cant|p1a: Sylveon|recharge\n|\n|-heal|p2a: Rotom|43/100|[from] item: Leftovers\n|-damage|p1a: Sylveon|83/100 brn|[from] brn\n|upkeep\n|\n|t:|1776040864\n|switch|p1b: Reuniclus|Reuniclus, L50, F|86/100\n|turn|9\n|-message|Spottedwoot forfeited.\n|\n|win|airi love\n|raw|airi love's rating: 1380 &rarr; <strong>1404</strong><br />(+24 for winning)\n|raw|Spottedwoot's rating: 1446 &rarr; <strong>1422</strong><br />(-24 for losing)\n|l|\u2606Spottedwoot\n|player|p2|\n|l|\u2606airi love\n|player|p1|\n|l| Glaceon0404\n|j|\u2606airi love\n|player|p1|airi love|lyra|\n",
  "uploadtime": 1776040870,
  "views": 57,
  "formatid": "gen9championsvgc2026regma",
  "rating": 1404,
  "private": 0,
  "password": null
}