{
  "id": "gen9championsvgc2026regma-2586752520",
  "format": "[Gen 9 Champions] VGC 2026 Reg M-A",
  "players": [
    "xxxPlayer5xxx",
    "SimMikaze"
  ],
  "log": "|j|\u2606xxxPlayer5xxx\n|j|\u2606SimMikaze\n|t:|1776457135\n|gametype|doubles\n|player|p1|xxxPlayer5xxx|2|1309\n|player|p2|SimMikaze|miku-ghost|1339\n|gen|9\n|tier|[Gen 9 Champions] VGC 2026 Reg M-A\n|rated|\n|rule|Species Clause: Limit one of each Pok\u00e9mon\n|rule|Item Clause: Limit 1 of each item\n|clearpoke\n|poke|p1|Glimmora, L50, F|\n|poke|p1|Sinistcha, L50|\n|poke|p1|Incineroar, L50, F|\n|poke|p1|Garchomp, L50, M|\n|poke|p1|Dragonite, L50, F|\n|poke|p1|Toxapex, L50, M|\n|poke|p2|Delphox, L50, F|\n|poke|p2|Garchomp, L50, F|\n|poke|p2|Kingambit, L50, M|\n|poke|p2|Sneasler, L50, F|\n|poke|p2|Clefable, L50, F|\n|poke|p2|Basculegion, L50, M|\n|teampreview|4\n|inactive|Battle timer is ON: inactive players will automatically lose when time's up. (requested by xxxPlayer5xxx)\n|inactive|SimMikaze has 60 seconds left.\n|\n|t:|1776457192\n|teamsize|p1|4\n|teamsize|p2|4\n|start\n|switch|p1a: Dragonite|Dragonite, L50, F|100/100\n|switch|p1b: Garchomp|Garchomp, L50, M|100/100\n|switch|p2a: Delphox|Delphox, L50, F|100/100\n|switch|p2b: Basculegion|Basculegion, L50, M|100/100\n|turn|1\n|\n|t:|1776457217\n|detailschange|p2a: Delphox|Delphox-Mega, L50, F\n|-mega|p2a: Delphox|Delphox|Delphoxite\n|detailschange|p1a: Dragonite|Dragonite-Mega, L50, F\n|-mega|p1a: Dragonite|Dragonite|Dragoninite\n|move|p1b: Garchomp|Rock Slide|p2b: Basculegion|[spread] p2a,p2b\n|-supereffective|p2a: Delphox|1\n|-crit|p2b: Basculegion\n|-damage|p2a: Delphox|30/100\n|-damage|p2b: Basculegion|60/100\n|move|p2a: Delphox|Substitute|p2a: Delphox\n|-start|p2a: Delphox|Substitute\n|-damage|p2a: Delphox|6/100\n|cant|p2b: Basculegion|flinch\n|move|p1a: Dragonite|Dragon Pulse|p2b: Basculegion\n|-damage|p2b: Basculegion|0 fnt\n|faint|p2b: Basculegion\n|\n|upkeep\n|c|\u2606SimMikaze|Jeez\n|inactive|SimMikaze has 30 seconds left.\n|c|\u2606SimMikaze|That flinch is messed up\n|\n|t:|1776457251\n|switch|p2b: Clefable|Clefable, L50, F|100/100\n|turn|2\n|inactive|xxxPlayer5xxx has 30 seconds left.\n|inactive|SimMikaze has 30 seconds left.\n|inactive|xxxPlayer5xxx has 20 seconds left.\n|\n|t:|1776457290\n|move|p1b: Garchomp|Rock Slide|p2a: Delphox|[spread] p2a\n|-miss|p1b: Garchomp|p2b: Clefable\n|-supereffective|p2a: Delphox|1\n|-end|p2a: Delphox|Substitute\n|move|p2a: Delphox|Heat Wave|p1b: Garchomp|[spread] p1b\n|-miss|p2a: Delphox|p1a: Dragonite\n|-resisted|p1b: Garchomp|1\n|-damage|p1b: Garchomp|76/100\n|move|p1a: Dragonite|Flamethrower|p2b: Clefable\n|-damage|p2b: Clefable|66/100\n|move|p2b: Clefable|Moonblast|p1b: Garchomp\n|-supereffective|p1b: Garchomp|1\n|-damage|p1b: Garchomp|8/100\n|\n|upkeep\n|turn|3\n|c|\u2606SimMikaze|Just lost my win con to a flinch\n|c|\u2606SimMikaze|Not ideal\n|\n|t:|1776457315\n|move|p2a: Delphox|Protect|p2a: Delphox\n|-singleturn|p2a: Delphox|Protect\n|move|p1b: Garchomp|Rock Slide|p2a: Delphox|[spread] \n|-activate|p2a: Delphox|move: Protect\n|-miss|p1b: Garchomp|p2b: Clefable\n|move|p1a: Dragonite|Flamethrower|p2b: Clefable\n|-damage|p2b: Clefable|33/100\n|-enditem|p2b: Clefable|Sitrus Berry|[eat]\n|-heal|p2b: Clefable|57/100|[from] item: Sitrus Berry\n|move|p2b: Clefable|Moonblast|p1b: Garchomp\n|-supereffective|p1b: Garchomp|1\n|-damage|p1b: Garchomp|0 fnt\n|faint|p1b: Garchomp\n|\n|upkeep\n|inactive|xxxPlayer5xxx has 30 seconds left.\n|\n|t:|1776457341\n|switch|p1b: Incineroar|Incineroar, L50, F, shiny|100/100\n|-ability|p1b: Incineroar|Intimidate|boost\n|-unboost|p2a: Delphox|atk|1\n|-unboost|p2b: Clefable|atk|1\n|turn|4\n|\n|t:|1776457355\n|switch|p2a: Garchomp|Garchomp, L50, F|100/100\n|move|p2b: Clefable|Protect|p2b: Clefable\n|-singleturn|p2b: Clefable|Protect\n|move|p1b: Incineroar|Fake Out|p2b: Clefable\n|-activate|p2b: Clefable|move: Protect\n|move|p1a: Dragonite|Dragon Pulse|p2a: Garchomp\n|-supereffective|p2a: Garchomp|1\n|-damage|p2a: Garchomp|0 fnt\n|faint|p2a: Garchomp\n|\n|upkeep\n|\n|t:|1776457362\n|switch|p2a: Delphox|Delphox-Mega, L50, F|6/100\n|turn|5\n|c|\u2606SimMikaze|...\n|inactive|SimMikaze has 30 seconds left.\n|\n|t:|1776457393\n|move|p1a: Dragonite|Protect|p1a: Dragonite\n|-singleturn|p1a: Dragonite|Protect\n|move|p2a: Delphox|Heat Wave|p1a: Dragonite|[spread] p1b\n|-activate|p1a: Dragonite|move: Protect\n|-resisted|p1b: Incineroar|1\n|-damage|p1b: Incineroar|85/100\n|move|p2b: Clefable|Moonblast|p1a: Dragonite\n|-activate|p1a: Dragonite|move: Protect\n|move|p1b: Incineroar|Flare Blitz|p2b: Clefable\n|-damage|p2b: Clefable|17/100\n|-damage|p1b: Incineroar|71/100|[from] Recoil\n|\n|upkeep\n|turn|6\n|\n|t:|1776457407\n|move|p2a: Delphox|Heat Wave|p1a: Dragonite|[spread] p1a,p1b\n|-resisted|p1a: Dragonite|1\n|-resisted|p1b: Incineroar|1\n|-damage|p1a: Dragonite|92/100\n|-damage|p1b: Incineroar|53/100\n|move|p1a: Dragonite|Flamethrower|p2a: Delphox\n|-resisted|p2a: Delphox|1\n|-damage|p2a: Delphox|0 fnt\n|faint|p2a: Delphox\n|move|p2b: Clefable|Moonblast|p1a: Dragonite\n|-supereffective|p1a: Dragonite|1\n|-damage|p1a: Dragonite|29/100\n|move|p1b: Incineroar|Flare Blitz|p2b: Clefable\n|-damage|p2b: Clefable|0 fnt\n|faint|p2b: Clefable\n|-damage|p1b: Incineroar|47/100|[from] Recoil\n|\n|win|xxxPlayer5xxx\n|raw|xxxPlayer5xxx's rating: 1309 &rarr; <strong>1331</strong><br />(+22 for winning)\n|raw|SimMikaze's rating: 1339 &rarr; <strong>1317</strong><br />(-22 for losing)\n|l|\u2606xxxPlayer5xxx\n|player|p1|\n|c|\u2606SimMikaze|Are you predicting everything correct or, am I predicting everythong wrong\n",
  "uploadtime": 1776457439,
  "views": 42,
  "formatid": "gen9championsvgc2026regma",
  "rating": 1317,
  "private": 0,
  "password": null
}