{
  "id": "gen9championsvgc2026regma-2583239375",
  "format": "[Gen 9 Champions] VGC 2026 Reg M-A",
  "players": [
    "sodarist",
    "TsekaiAndIncognito"
  ],
  "log": "|j|\u2606sodarist\n|j|\u2606TsekaiAndIncognito\n|t:|1776158334\n|gametype|doubles\n|player|p1|sodarist|steven|1066\n|player|p2|TsekaiAndIncognito|hilbert|1107\n|gen|9\n|tier|[Gen 9 Champions] VGC 2026 Reg M-A\n|rated|\n|rule|Species Clause: Limit one of each Pok\u00e9mon\n|rule|Item Clause: Limit 1 of each item\n|clearpoke\n|poke|p1|Incineroar, L50, M|\n|poke|p1|Sneasler, L50, F|\n|poke|p1|Whimsicott, L50, M|\n|poke|p1|Meowscarada, L50, M|\n|poke|p1|Rotom-Wash, L50|\n|poke|p1|Garchomp, L50, F|\n|poke|p2|Froslass, L50, F|\n|poke|p2|Talonflame, L50, F|\n|poke|p2|Floette-Eternal, L50, F|\n|poke|p2|Krookodile, L50, F|\n|poke|p2|Gardevoir, L50, F|\n|poke|p2|Gallade, L50, M|\n|teampreview|4\n|inactive|Battle timer is ON: inactive players will automatically lose when time's up. (requested by TsekaiAndIncognito)\nsodarist rejected open team sheets.\n|inactive|sodarist has 60 seconds left.\n|\n|t:|1776158377\n|teamsize|p1|4\n|teamsize|p2|4\n|start\n|switch|p1a: Whimsicott|Whimsicott, L50, M|100/100\n|switch|p1b: Incineroar|Incineroar, L50, M|100/100\n|switch|p2a: Talonflame|Talonflame, L50, F|100/100\n|switch|p2b: Krookodile|Krookodile, L50, F|100/100\n|-ability|p1b: Incineroar|Intimidate|boost\n|-unboost|p2a: Talonflame|atk|1\n|-unboost|p2b: Krookodile|atk|1\n|turn|1\n|\n|t:|1776158396\n|move|p2a: Talonflame|Quick Guard|p2a: Talonflame\n|-singleturn|p2a: Talonflame|Quick Guard\n|move|p1b: Incineroar|Fake Out|p2b: Krookodile\n|-activate|p2b: Krookodile|move: Quick Guard\n|move|p1a: Whimsicott|Taunt|p2a: Talonflame\n|-activate|p2a: Talonflame|move: Quick Guard\n|move|p2b: Krookodile|Earthquake|p1b: Incineroar|[spread] p1a,p1b\n|-immune|p2a: Talonflame\n|-resisted|p1a: Whimsicott|1\n|-supereffective|p1b: Incineroar|1\n|-damage|p1a: Whimsicott|84/100\n|-damage|p1b: Incineroar|52/100\n|\n|upkeep\n|turn|2\n|inactive|sodarist has 30 seconds left.\n|\n|t:|1776158424\n|move|p2a: Talonflame|Dual Wingbeat|p1a: Whimsicott\n|-supereffective|p1a: Whimsicott|1\n|-damage|p1a: Whimsicott|56/100\n|-supereffective|p1a: Whimsicott|1\n|-damage|p1a: Whimsicott|27/100\n|-hitcount|p1a: Whimsicott|2\n|move|p1a: Whimsicott|Tailwind|p1a: Whimsicott\n|-sidestart|p1: sodarist|move: Tailwind\n|move|p1b: Incineroar|Parting Shot|p2b: Krookodile\n|-unboost|p2b: Krookodile|atk|1\n|-unboost|p2b: Krookodile|spa|1\n|\n|t:|1776158434\n|switch|p1b: Garchomp|Garchomp, L50, F|100/100|[from] Parting Shot\n|move|p2b: Krookodile|Earthquake|p1a: Whimsicott|[spread] p1a,p1b\n|-immune|p2a: Talonflame\n|-resisted|p1a: Whimsicott|1\n|-damage|p1a: Whimsicott|14/100\n|-damage|p1b: Garchomp|80/100\n|\n|upkeep\n|turn|3\n|\n|t:|1776158456\n|switch|p1a: Incineroar|Incineroar, L50, M|52/100\n|-ability|p1a: Incineroar|Intimidate|boost\n|-unboost|p2a: Talonflame|atk|1\n|-unboost|p2b: Krookodile|atk|1\n|switch|p2b: Gardevoir|Gardevoir, L50, F|100/100\n|move|p2a: Talonflame|Dual Wingbeat|p1a: Incineroar\n|-damage|p1a: Incineroar|43/100\n|-enditem|p1a: Incineroar|Sitrus Berry|[eat]\n|-heal|p1a: Incineroar|68/100|[from] item: Sitrus Berry\n|-damage|p1a: Incineroar|58/100\n|-hitcount|p1a: Incineroar|2\n|move|p1b: Garchomp|Rock Slide|p2b: Gardevoir|[spread] p2a,p2b\n|-supereffective|p2a: Talonflame|2\n|-damage|p2a: Talonflame|0 fnt\n|-damage|p2b: Gardevoir|66/100\n|faint|p2a: Talonflame\n|\n|upkeep\n|\n|t:|1776158477\n|switch|p2a: Krookodile|Krookodile, L50, F|100/100\n|turn|4\n|\n|t:|1776158491\n|move|p1a: Incineroar|Fake Out|p2b: Gardevoir\n|-crit|p2b: Gardevoir\n|-damage|p2b: Gardevoir|39/100\n|move|p1b: Garchomp|Rock Slide|p2a: Krookodile|[spread] p2a,p2b\n|-resisted|p2a: Krookodile|1\n|-damage|p2a: Krookodile|89/100\n|-damage|p2b: Gardevoir|3/100\n|cant|p2a: Krookodile|flinch\n|cant|p2b: Gardevoir|flinch\n|\n|upkeep\n|turn|5\n|\n|t:|1776158505\n|move|p1b: Garchomp|Rock Slide|p2a: Krookodile|[spread] p2a,p2b\n|-resisted|p2a: Krookodile|1\n|-damage|p2a: Krookodile|77/100\n|-damage|p2b: Gardevoir|0 fnt\n|faint|p2b: Gardevoir\n|move|p1a: Incineroar|Parting Shot|p2a: Krookodile\n|-unboost|p2a: Krookodile|atk|1\n|-unboost|p2a: Krookodile|spa|1\n|\n|t:|1776158516\n|switch|p1a: Whimsicott|Whimsicott, L50, M|14/100|[from] Parting Shot\n|cant|p2a: Krookodile|flinch\n|\n|-sideend|p1: sodarist|move: Tailwind\n|upkeep\n|\n|t:|1776158520\n|switch|p2b: Froslass|Froslass, L50, F|100/100\n|turn|6\n|\n|t:|1776158526\n|detailschange|p2b: Froslass|Froslass-Mega, L50, F\n|-mega|p2b: Froslass|Froslass|Froslassite\n|-weather|Snowscape|[from] ability: Snow Warning|[of] p2b: Froslass\n|move|p1a: Whimsicott|Tailwind|p1a: Whimsicott\n|-sidestart|p1: sodarist|move: Tailwind\n|move|p1b: Garchomp|Rock Slide|p2a: Krookodile|[spread] p2a,p2b\n|-resisted|p2a: Krookodile|1\n|-supereffective|p2b: Froslass|1\n|-damage|p2a: Krookodile|65/100\n|-damage|p2b: Froslass|59/100\n|move|p2a: Krookodile|Earthquake|p1a: Whimsicott|[spread] p2b,p1a,p1b\n|-resisted|p1a: Whimsicott|1\n|-damage|p2b: Froslass|32/100\n|-damage|p1a: Whimsicott|0 fnt\n|-damage|p1b: Garchomp|52/100\n|faint|p1a: Whimsicott\n|-ability|p2a: Krookodile|Moxie|boost\n|-boost|p2a: Krookodile|atk|1\n|move|p2b: Froslass|Aurora Veil|p2b: Froslass\n|-sidestart|p2: TsekaiAndIncognito|move: Aurora Veil\n|\n|-weather|Snowscape|[upkeep]\n|upkeep\n|\n|t:|1776158543\n|switch|p1a: Incineroar|Incineroar, L50, M|58/100\n|-ability|p1a: Incineroar|Intimidate|boost\n|-unboost|p2a: Krookodile|atk|1\n|-unboost|p2b: Froslass|atk|1\n|turn|7\n|\n|t:|1776158553\n|move|p1a: Incineroar|Fake Out|p2a: Krookodile\n|-damage|p2a: Krookodile|56/100\n|move|p1b: Garchomp|Rock Slide|p2a: Krookodile|[spread] p2a,p2b\n|-resisted|p2a: Krookodile|1\n|-supereffective|p2b: Froslass|1\n|-damage|p2a: Krookodile|48/100\n|-damage|p2b: Froslass|4/100\n|cant|p2a: Krookodile|flinch\n|move|p2b: Froslass|Blizzard|p1a: Incineroar|[spread] p1a,p1b\n|-resisted|p1a: Incineroar|1\n|-supereffective|p1b: Garchomp|2\n|-damage|p1a: Incineroar|37/100\n|-damage|p1b: Garchomp|0 fnt\n|faint|p1b: Garchomp\n|\n|-weather|Snowscape|[upkeep]\n|upkeep\n|\n|t:|1776158565\n|switch|p1b: Meowscarada|Meowscarada, L50, M|100/100\n|turn|8\n|\n|t:|1776158585\n|move|p1b: Meowscarada|Flower Trick|p2a: Krookodile\n|-start|p1b: Meowscarada|typechange|Grass|[from] ability: Protean\n|-supereffective|p2a: Krookodile|1\n|-crit|p2a: Krookodile\n|-damage|p2a: Krookodile|0 fnt\n|faint|p2a: Krookodile\n|move|p1a: Incineroar|Darkest Lariat|p2b: Froslass\n|-supereffective|p2b: Froslass|1\n|-damage|p2b: Froslass|0 fnt\n|faint|p2b: Froslass\n|\n|win|sodarist\n|raw|sodarist's rating: 1066 &rarr; <strong>1100</strong><br />(+34 for winning)\n|raw|TsekaiAndIncognito's rating: 1107 &rarr; <strong>1079</strong><br />(-28 for losing)\n|l|\u2606TsekaiAndIncognito\n|player|p2|\n",
  "uploadtime": 1776158591,
  "views": 28,
  "formatid": "gen9championsvgc2026regma",
  "rating": 1079,
  "private": 0,
  "password": null
}