{
  "id": "gen9championsvgc2026regma-2585013192",
  "format": "[Gen 9 Champions] VGC 2026 Reg M-A",
  "players": [
    "Sethwell",
    "series team"
  ],
  "log": "|j|\u2606Sethwell\n|j|\u2606series team\n|t:|1776303326\n|gametype|doubles\n|player|p1|Sethwell|blue|1555\n|player|p2|series team|266|1545\n|gen|9\n|tier|[Gen 9 Champions] VGC 2026 Reg M-A\n|rated|\n|rule|Species Clause: Limit one of each Pok\u00e9mon\n|rule|Item Clause: Limit 1 of each item\n|clearpoke\n|poke|p1|Blastoise, L50, F|\n|poke|p1|Whimsicott, L50, F|\n|poke|p1|Incineroar, L50, F|\n|poke|p1|Sneasler, L50, F|\n|poke|p1|Kingambit, L50, M|\n|poke|p1|Sinistcha, L50|\n|poke|p2|Clefable, L50, F|\n|poke|p2|Garchomp, L50, M|\n|poke|p2|Incineroar, L50, M|\n|poke|p2|Rotom-Wash, L50|\n|poke|p2|Basculegion-F, L50, F|\n|poke|p2|Ninetales-Alola, L50, M|\n|teampreview|4\n|inactive|Battle timer is ON: inactive players will automatically lose when time's up. (requested by Sethwell)\n|inactive|Sethwell has 60 seconds left.\n|j| couscouspoisson\n|j| Tcasali\n|inactive|Sethwell has 30 seconds left.\n|\n|t:|1776303390\n|teamsize|p1|4\n|teamsize|p2|4\n|start\n|switch|p1a: Sinistcha|Sinistcha, L50|100/100\n|switch|p1b: Kingambit|Kingambit, L50, M|100/100\n|switch|p2a: Rotom|Rotom-Wash, L50|100/100\n|switch|p2b: Ninetales|Ninetales-Alola, L50, M|100/100\n|-weather|Snowscape|[from] ability: Snow Warning|[of] p2b: Ninetales\n|turn|1\n|\n|t:|1776303402\n|move|p2b: Ninetales|Aurora Veil|p2b: Ninetales\n|-sidestart|p2: series team|move: Aurora Veil\n|move|p2a: Rotom|Nasty Plot|p2a: Rotom\n|-boost|p2a: Rotom|spa|2\n|move|p1b: Kingambit|Swords Dance|p1b: Kingambit\n|-boost|p1b: Kingambit|atk|2\n|move|p1a: Sinistcha|Trick Room|p1a: Sinistcha\n|-fieldstart|move: Trick Room|[of] p1a: Sinistcha\n|\n|-weather|Snowscape|[upkeep]\n|upkeep\n|turn|2\n|l| Tcasali\n|\n|t:|1776303421\n|move|p2a: Rotom|Protect|p2a: Rotom\n|-singleturn|p2a: Rotom|Protect\n|move|p1b: Kingambit|Kowtow Cleave|p2a: Rotom\n|-activate|p2a: Rotom|move: Protect\n|move|p1a: Sinistcha|Matcha Gotcha|p2a: Rotom|[spread] p2b\n|-activate|p2a: Rotom|move: Protect\n|-damage|p2b: Ninetales|81/100\n|move|p2b: Ninetales|Encore|p1b: Kingambit\n|-start|p1b: Kingambit|Encore\n|\n|-weather|Snowscape|[upkeep]\n|upkeep\n|turn|3\n|\n|t:|1776303443\n|switch|p2a: Clefable|Clefable, L50, F|100/100\n|move|p1b: Kingambit|Kowtow Cleave|p2a: Clefable\n|-resisted|p2a: Clefable|1\n|-damage|p2a: Clefable|72/100\n|move|p1a: Sinistcha|Matcha Gotcha|p2b: Ninetales|[spread] p2a,p2b\n|-damage|p2a: Clefable|55/100\n|-damage|p2b: Ninetales|61/100\n|move|p2b: Ninetales|Fake Tears|p1a: Sinistcha\n|-unboost|p1a: Sinistcha|spd|2\n|\n|-weather|Snowscape|[upkeep]\n|upkeep\n|turn|4\n|j| r4gn4r96\n|inactive|Sethwell has 30 seconds left.\n|\n|t:|1776303470\n|switch|p1a: Incineroar|Incineroar, L50, F|100/100\n|-ability|p1a: Incineroar|Intimidate|boost\n|-unboost|p2a: Clefable|atk|1\n|-unboost|p2b: Ninetales|atk|1\n|detailschange|p2a: Clefable|Clefable-Mega, L50, F\n|-mega|p2a: Clefable|Clefable|Clefablite\n|move|p1b: Kingambit|Kowtow Cleave|p2a: Clefable\n|-resisted|p2a: Clefable|1\n|-damage|p2a: Clefable|31/100\n|move|p2a: Clefable|Moonblast|p1a: Incineroar\n|-damage|p1a: Incineroar|57/100\n|move|p2b: Ninetales|Icy Wind|p1b: Kingambit|[spread] p1a,p1b\n|-resisted|p1a: Incineroar|1\n|-resisted|p1b: Kingambit|1\n|-damage|p1a: Incineroar|51/100\n|-damage|p1b: Kingambit|95/100\n|-unboost|p1a: Incineroar|spe|1\n|-unboost|p1b: Kingambit|spe|1\n|-ability|p1b: Kingambit|Defiant|boost\n|-boost|p1b: Kingambit|atk|2\n|\n|-weather|Snowscape|[upkeep]\n|upkeep\n|turn|5\n|\n|t:|1776303494\n|move|p2a: Clefable|Protect|p2a: Clefable\n|-singleturn|p2a: Clefable|Protect\n|move|p1b: Kingambit|Kowtow Cleave|p2a: Clefable\n|-activate|p2a: Clefable|move: Protect\n|move|p1a: Incineroar|Parting Shot|p2b: Ninetales\n|-unboost|p2b: Ninetales|atk|1\n|-unboost|p2b: Ninetales|spa|1\n|\n|t:|1776303497\n|switch|p1a: Sinistcha|Sinistcha, L50|100/100|[from] Parting Shot\n|-heal|p1b: Kingambit|100/100|[from] ability: Hospitality|[of] p1a: Sinistcha\n|move|p2b: Ninetales|Fake Tears|p1b: Kingambit\n|-unboost|p1b: Kingambit|spd|2\n|-ability|p1b: Kingambit|Defiant|boost\n|-boost|p1b: Kingambit|atk|2\n|\n|-weather|none\n|-end|p1b: Kingambit|Encore\n|-sideend|p2: series team|move: Aurora Veil\n|-fieldend|move: Trick Room\n|upkeep\n|turn|6\n|\n|t:|1776303508\n|move|p2a: Clefable|Protect|p2a: Clefable\n|-singleturn|p2a: Clefable|Protect\n|move|p1b: Kingambit|Sucker Punch||[still]\n|-fail|p1b: Kingambit\n|move|p2b: Ninetales|Encore|p1b: Kingambit\n|-start|p1b: Kingambit|Encore\n|move|p1a: Sinistcha|Trick Room|p1a: Sinistcha\n|-fieldstart|move: Trick Room|[of] p1a: Sinistcha\n|\n|upkeep\n|turn|7\n|\n|t:|1776303521\n|switch|p2b: Garchomp|Garchomp, L50, M|100/100\n|move|p2a: Clefable|Follow Me|p2a: Clefable\n|-singleturn|p2a: Clefable|move: Follow Me\n|move|p1b: Kingambit|Sucker Punch||[still]\n|-fail|p1b: Kingambit\n|move|p1a: Sinistcha|Matcha Gotcha|p2b: Garchomp|[spread] p2a,p2b\n|-resisted|p2a: Clefable|1\n|-damage|p2a: Clefable|20/100\n|-damage|p2b: Garchomp|68/100\n|-status|p2a: Clefable|brn\n|\n|-damage|p2a: Clefable|14/100 brn|[from] brn\n|upkeep\n|turn|8\n|\n|t:|1776303537\n|move|p2a: Clefable|Follow Me|p2a: Clefable\n|-singleturn|p2a: Clefable|move: Follow Me\n|move|p1b: Kingambit|Sucker Punch||[still]\n|-fail|p1b: Kingambit\n|move|p1a: Sinistcha|Matcha Gotcha|p2a: Clefable|[spread] p2a,p2b\n|-resisted|p2a: Clefable|1\n|-damage|p2a: Clefable|2/100 brn\n|-damage|p2b: Garchomp|36/100\n|move|p2b: Garchomp|Swords Dance|p2b: Garchomp\n|-boost|p2b: Garchomp|atk|2\n|\n|-damage|p2a: Clefable|0 fnt|[from] brn\n|faint|p2a: Clefable\n|upkeep\n|\n|t:|1776303541\n|switch|p2a: Ninetales|Ninetales-Alola, L50, M|61/100\n|-weather|Snowscape|[from] ability: Snow Warning|[of] p2a: Ninetales\n|turn|9\n|\n|t:|1776303548\n|move|p1b: Kingambit|Sucker Punch||[still]\n|-fail|p1b: Kingambit\n|move|p1a: Sinistcha|Matcha Gotcha|p2b: Garchomp|[spread] p2a,p2b\n|-damage|p2a: Ninetales|34/100\n|-damage|p2b: Garchomp|4/100\n|move|p2b: Garchomp|Swords Dance|p2b: Garchomp\n|-boost|p2b: Garchomp|atk|2\n|move|p2a: Ninetales|Aurora Veil|p2a: Ninetales\n|-sidestart|p2: series team|move: Aurora Veil\n|\n|-weather|Snowscape|[upkeep]\n|-end|p1b: Kingambit|Encore\n|upkeep\n|turn|10\n|-message|series team forfeited.\n|\n|win|Sethwell\n|raw|Sethwell's rating: 1555 &rarr; <strong>1574</strong><br />(+19 for winning)\n|raw|series team's rating: 1545 &rarr; <strong>1526</strong><br />(-19 for losing)\n|l|\u2606series team\n|player|p2|\n|l|\u2606Sethwell\n|player|p1|\n|l| couscouspoisson\n",
  "uploadtime": 1776303582,
  "views": 65,
  "formatid": "gen9championsvgc2026regma",
  "rating": 1526,
  "private": 0,
  "password": null
}