{
  "id": "gen9championsvgc2026regma-2584930453",
  "format": "[Gen 9 Champions] VGC 2026 Reg M-A",
  "players": [
    "ShadowLugia67",
    "hyunbelievable"
  ],
  "log": "|j|\u2606ShadowLugia67\n|j|\u2606hyunbelievable\n|t:|1776295555\n|gametype|doubles\n|player|p1|ShadowLugia67|2|1115\n|player|p2|hyunbelievable|guzma|1206\n|gen|9\n|tier|[Gen 9 Champions] VGC 2026 Reg M-A\n|rated|\n|rule|Species Clause: Limit one of each Pok\u00e9mon\n|rule|Item Clause: Limit 1 of each item\n|clearpoke\n|poke|p1|Milotic, L50, M|\n|poke|p1|Delphox, L50, F|\n|poke|p1|Sinistcha, L50|\n|poke|p1|Aerodactyl, L50, M|\n|poke|p1|Sneasler, L50, M|\n|poke|p1|Meganium, L50, F|\n|poke|p2|Blastoise, L50, M|\n|poke|p2|Sinistcha, L50|\n|poke|p2|Pelipper, L50, M|\n|poke|p2|Garchomp, L50, F|\n|poke|p2|Sneasler, L50, F|\n|poke|p2|Kingambit, L50, M|\n|teampreview|4\n|inactive|Battle timer is ON: inactive players will automatically lose when time's up. (requested by ShadowLugia67)\n|l|\u2606hyunbelievable\n|inactive|hyunbelievable disconnected and has a minute to reconnect!\n|player|p2|\n|j|\u2606hyunbelievable\n|inactive|hyunbelievable reconnected and has 60 seconds left.\n|player|p2|hyunbelievable|guzma|\n|inactive|hyunbelievable has 30 seconds left.\n|\n|t:|1776295652\n|teamsize|p1|4\n|teamsize|p2|4\n|start\n|switch|p1a: Fish|Milotic, L50, M|100/100\n|switch|p1b: Diddy|Sneasler, L50, M|100/100\n|switch|p2a: Conquest|Blastoise, L50, M|100/100\n|switch|p2b: Thula|Sneasler, L50, F|100/100\n|turn|1\n|\n|t:|1776295667\n|switch|p2a: Thragg|Garchomp, L50, F|100/100\n|move|p2b: Thula|Fake Out|p1a: Fish\n|-damage|p1a: Fish|89/100\n|move|p1b: Diddy|Fake Out|p2b: Thula\n|-damage|p2b: Thula|74/100\n|cant|p1a: Fish|flinch\n|\n|-heal|p1a: Fish|95/100|[from] item: Leftovers\n|upkeep\n|turn|2\n|inactive|hyunbelievable has 30 seconds left.\n|\n|t:|1776295694\n|switch|p2a: Conquest|Blastoise, L50, M|100/100\n|move|p2b: Thula|Dire Claw|p1a: Fish\n|-damage|p1a: Fish|62/100\n|move|p1b: Diddy|Close Combat|p2a: Conquest\n|-damage|p2a: Conquest|24/100\n|-unboost|p1b: Diddy|def|1\n|-unboost|p1b: Diddy|spd|1\n|-enditem|p1b: Diddy|White Herb\n|-clearnegativeboost|p1b: Diddy|[silent]\n|move|p1a: Fish|Icy Wind|p2a: Conquest|[spread] p2a,p2b\n|-resisted|p2a: Conquest|1\n|-damage|p2a: Conquest|19/100\n|-damage|p2b: Thula|60/100\n|-unboost|p2a: Conquest|spe|1\n|-unboost|p2b: Thula|spe|1\n|-enditem|p2b: Thula|White Herb\n|-clearnegativeboost|p2b: Thula|[silent]\n|\n|-heal|p1a: Fish|68/100|[from] item: Leftovers\n|upkeep\n|turn|3\n|inactive|ShadowLugia67 has 30 seconds left.\n|\n|t:|1776295722\n|detailschange|p2a: Conquest|Blastoise-Mega, L50, M\n|-mega|p2a: Conquest|Blastoise|Blastoisinite\n|move|p2b: Thula|Close Combat|p1a: Fish\n|-damage|p1a: Fish|19/100\n|-unboost|p2b: Thula|def|1\n|-unboost|p2b: Thula|spd|1\n|move|p1b: Diddy|Dire Claw|p2a: Conquest\n|-damage|p2a: Conquest|0 fnt\n|faint|p2a: Conquest\n|move|p1a: Fish|Scald|p2b: Thula\n|-damage|p2b: Thula|7/100\n|\n|-heal|p1a: Fish|25/100|[from] item: Leftovers\n|upkeep\n|\n|t:|1776295727\n|switch|p2a: Thragg|Garchomp, L50, F|100/100\n|turn|4\n|\n|t:|1776295736\n|move|p2b: Thula|Dire Claw|p1a: Fish\n|-damage|p1a: Fish|0 fnt\n|faint|p1a: Fish\n|move|p1b: Diddy|Close Combat|p2a: Thragg\n|-damage|p2a: Thragg|36/100\n|-unboost|p1b: Diddy|def|1\n|-unboost|p1b: Diddy|spd|1\n|-damage|p1b: Diddy|88/100|[from] ability: Rough Skin|[of] p2a: Thragg\n|move|p2a: Thragg|Earthquake|p1b: Diddy|[spread] p2b,p1b\n|-supereffective|p2b: Thula|1\n|-supereffective|p1b: Diddy|1\n|-damage|p2b: Thula|0 fnt\n|-damage|p1b: Diddy|0 fnt\n|faint|p2b: Thula\n|faint|p1b: Diddy\n|\n|upkeep\n|\n|t:|1776295740\n|switch|p2b: Kregg|Pelipper, L50, M|100/100\n|switch|p1b: teapot|Sinistcha, L50|100/100\n|switch|p1a: Funny|Meganium, L50, F, shiny|100/100\n|-weather|RainDance|[from] ability: Drizzle|[of] p2b: Kregg\n|turn|5\n|\n|t:|1776295750\n|detailschange|p1a: Funny|Meganium-Mega, L50, F, shiny\n|-mega|p1a: Funny|Meganium|Meganiumite\n|move|p2a: Thragg|Earthquake|p1a: Funny|[spread] p1a,p1b\n|-immune|p2b: Kregg\n|-resisted|p1a: Funny|1\n|-resisted|p1b: teapot|1\n|-damage|p1a: Funny|80/100\n|-damage|p1b: teapot|79/100\n|move|p2b: Kregg|Hurricane|p1a: Funny\n|-supereffective|p1a: Funny|1\n|-damage|p1a: Funny|0 fnt\n|faint|p1a: Funny\n|move|p1b: teapot|Shadow Ball|p2b: Kregg\n|-damage|p2b: Kregg|43/100\n|\n|-weather|RainDance|[upkeep]\n|upkeep\n|turn|6\n|\n|t:|1776295764\n|move|p2a: Thragg|Earthquake|p1b: teapot|[spread] p1b\n|-immune|p2b: Kregg\n|-resisted|p1b: teapot|1\n|-damage|p1b: teapot|57/100\n|move|p2b: Kregg|Hurricane|p1b: teapot\n|-supereffective|p1b: teapot|1\n|-damage|p1b: teapot|0 fnt\n|faint|p1b: teapot\n|\n|win|hyunbelievable\n|raw|ShadowLugia67's rating: 1115 &rarr; <strong>1096</strong><br />(-19 for losing)\n|raw|hyunbelievable's rating: 1206 &rarr; <strong>1225</strong><br />(+19 for winning)\n",
  "uploadtime": 1776295766,
  "views": 15,
  "formatid": "gen9championsvgc2026regma",
  "rating": 1096,
  "private": 0,
  "password": null
}