{
  "id": "gen9championsvgc2026regma-2588219851",
  "format": "[Gen 9 Champions] VGC 2026 Reg M-A",
  "players": [
    "lurkswayy",
    "Jaidudbeks"
  ],
  "log": "|j|\u2606lurkswayy\n|j|\u2606Jaidudbeks\n|t:|1776615511\n|gametype|doubles\n|player|p1|lurkswayy|proton|1000\n|player|p2|Jaidudbeks|alder|1000\n|gen|9\n|tier|[Gen 9 Champions] VGC 2026 Reg M-A\n|rated|\n|rule|Species Clause: Limit one of each Pok\u00e9mon\n|rule|Item Clause: Limit 1 of each item\n|clearpoke\n|poke|p1|Golurk, L50|\n|poke|p1|Oranguru, L50, M|\n|poke|p1|Sinistcha, L50|\n|poke|p1|Maushold, L50|\n|poke|p1|Hydreigon, L50, F|\n|poke|p1|Rotom-Wash, L50|\n|poke|p2|Gengar, L50, F|\n|poke|p2|Aggron, L50, F|\n|poke|p2|Azumarill, L50, M|\n|poke|p2|Incineroar, L50, M|\n|poke|p2|Altaria, L50, M|\n|poke|p2|Basculegion, L50, M|\n|teampreview|4\n|\n|t:|1776615546\n|teamsize|p1|4\n|teamsize|p2|4\n|start\n|switch|p1a: Sinistcha|Sinistcha, L50|100/100\n|switch|p1b: Rotom|Rotom-Wash, L50|100/100\n|switch|p2a: Gengar|Gengar, L50, F|100/100\n|switch|p2b: Incineroar|Incineroar, L50, M|100/100\n|-ability|p2b: Incineroar|Intimidate|boost\n|-unboost|p1a: Sinistcha|atk|1\n|-unboost|p1b: Rotom|atk|1\n|turn|1\n|inactive|Battle timer is ON: inactive players will automatically lose when time's up. (requested by Jaidudbeks)\n|\n|t:|1776615635\n|switch|p1b: Golurk|Golurk, L50|100/100\n|detailschange|p2a: Gengar|Gengar-Mega, L50, F\n|-mega|p2a: Gengar|Gengar|Gengarite\n|move|p2b: Incineroar|Fake Out|p1b: Golurk\n|-immune|p1b: Golurk\n|move|p2a: Gengar|Perish Song|p2a: Gengar\n|-start|p1a: Sinistcha|perish3|[silent]\n|-start|p1b: Golurk|perish3|[silent]\n|-start|p2a: Gengar|perish3|[silent]\n|-start|p2b: Incineroar|perish3|[silent]\n|-fieldactivate|move: Perish Song\n|move|p1a: Sinistcha|Trick Room|p1a: Sinistcha\n|-fieldstart|move: Trick Room|[of] p1a: Sinistcha\n|\n|-start|p2b: Incineroar|perish3\n|-start|p1b: Golurk|perish3\n|-start|p1a: Sinistcha|perish3\n|-start|p2a: Gengar|perish3\n|upkeep\n|turn|2\n|inactive|Jaidudbeks has 30 seconds left.\n|\n|t:|1776615666\n|detailschange|p1b: Golurk|Golurk-Mega, L50\n|-mega|p1b: Golurk|Golurk|Golurkite\n|move|p2b: Incineroar|Protect|p2b: Incineroar\n|-singleturn|p2b: Incineroar|Protect\n|move|p2a: Gengar|Protect|p2a: Gengar\n|-singleturn|p2a: Gengar|Protect\n|move|p1a: Sinistcha|Rage Powder|p1a: Sinistcha\n|-singleturn|p1a: Sinistcha|move: Rage Powder\n|move|p1b: Golurk|Poltergeist|p2a: Gengar\n|-activate|p2a: Gengar|move: Protect\n|\n|-start|p2b: Incineroar|perish2\n|-start|p1b: Golurk|perish2\n|-start|p1a: Sinistcha|perish2\n|-start|p2a: Gengar|perish2\n|upkeep\n|turn|3\n|inactive|lurkswayy has 30 seconds left.\n|\n|t:|1776615694\n|switch|p2a: Aggron|Aggron, L50, F|100/100\n|move|p2b: Incineroar|Parting Shot|p1b: Golurk\n|-unboost|p1b: Golurk|atk|1\n|-unboost|p1b: Golurk|spa|1\n|\n|t:|1776615701\n|switch|p2b: Gengar|Gengar-Mega, L50, F|100/100|[from] Parting Shot\n|move|p1b: Golurk|Poltergeist|p2a: Aggron\n|-activate|p2a: Aggron|move: Poltergeist|Aggronite\n|-damage|p2a: Aggron|72/100\n|move|p1a: Sinistcha|Matcha Gotcha|p2b: Gengar|[spread] p2a,p2b\n|-resisted|p2b: Gengar|1\n|-damage|p2a: Aggron|46/100\n|-damage|p2b: Gengar|83/100\n|-status|p2b: Gengar|brn\n|\n|-damage|p2b: Gengar|78/100 brn|[from] brn\n|-start|p1b: Golurk|perish1\n|-start|p1a: Sinistcha|perish1\n|upkeep\n|turn|4\n|\n|t:|1776615721\n|move|p2b: Gengar|Protect|p2b: Gengar\n|-singleturn|p2b: Gengar|Protect\n|move|p2a: Aggron|Iron Defense|p2a: Aggron\n|-boost|p2a: Aggron|def|2\n|move|p1b: Golurk|High Horsepower|p2a: Aggron|[miss]\n|-miss|p1b: Golurk|p2a: Aggron\n|move|p1a: Sinistcha|Matcha Gotcha|p2b: Gengar|[spread] p2a\n|-activate|p2b: Gengar|move: Protect\n|-damage|p2a: Aggron|24/100\n|\n|-damage|p2b: Gengar|72/100 brn|[from] brn\n|-start|p1b: Golurk|perish0\n|-start|p1a: Sinistcha|perish0\n|faint|p1b: Golurk\n|faint|p1a: Sinistcha\n|upkeep\n|\n|t:|1776615736\n|switch|p1b: Hydreigon|Hydreigon, L50, F|100/100\n|switch|p1a: Rotom|Rotom-Wash, L50|100/100\n|turn|5\n|\n|t:|1776615750\n|switch|p2b: Incineroar|Incineroar, L50, M|100/100\n|-ability|p2b: Incineroar|Intimidate|boost\n|-unboost|p1a: Rotom|atk|1\n|-unboost|p1b: Hydreigon|atk|1\n|move|p2a: Aggron|Body Press|p1b: Hydreigon\n|-supereffective|p1b: Hydreigon|1\n|-damage|p1b: Hydreigon|0 fnt\n|faint|p1b: Hydreigon\n|move|p1a: Rotom|Hydro Pump|p2b: Incineroar\n|-supereffective|p2b: Incineroar|1\n|-damage|p2b: Incineroar|31/100\n|\n|-fieldend|move: Trick Room\n|upkeep\n|turn|6\n|\n|t:|1776615762\n|move|p2b: Incineroar|Fake Out|p1a: Rotom\n|-damage|p1a: Rotom|89/100\n|cant|p1a: Rotom|flinch\n|move|p2a: Aggron|Body Press|p1a: Rotom\n|-damage|p1a: Rotom|18/100\n|\n|-heal|p1a: Rotom|24/100|[from] item: Leftovers\n|upkeep\n|turn|7\n|\n|t:|1776615771\n|move|p1a: Rotom|Discharge|p2a: Aggron|[spread] p2a,p2b\n|-damage|p2a: Aggron|0 fnt\n|-damage|p2b: Incineroar|15/100\n|faint|p2a: Aggron\n|move|p2b: Incineroar|Flare Blitz|p1a: Rotom\n|-resisted|p1a: Rotom|1\n|-damage|p1a: Rotom|0 fnt\n|faint|p1a: Rotom\n|-damage|p2b: Incineroar|10/100|[from] Recoil\n|\n|win|Jaidudbeks\n|raw|lurkswayy's rating: 1000 &rarr; <strong>1000</strong><br />(+0 for losing)\n|raw|Jaidudbeks's rating: 1000 &rarr; <strong>1040</strong><br />(+40 for winning)\n|l|\u2606lurkswayy\n|player|p1|\n",
  "uploadtime": 1776615783,
  "views": 16,
  "formatid": "gen9championsvgc2026regma",
  "rating": 1000,
  "private": 0,
  "password": null
}