{
  "id": "gen9championsvgc2026regma-2588636656",
  "format": "[Gen 9 Champions] VGC 2026 Reg M-A",
  "players": [
    "K1shui",
    "Miles_ath"
  ],
  "log": "|j|\u2606K1shui\n|j|\u2606Miles_ath\n|t:|1776652444\n|gametype|doubles\n|player|p1|K1shui|169|1133\n|player|p2|Miles_ath|169|1204\n|gen|9\n|tier|[Gen 9 Champions] VGC 2026 Reg M-A\n|rated|\n|rule|Species Clause: Limit one of each Pok\u00e9mon\n|rule|Item Clause: Limit 1 of each item\n|clearpoke\n|poke|p1|Gardevoir, L50, F|\n|poke|p1|Milotic, L50, M|\n|poke|p1|Aerodactyl, L50, M|\n|poke|p1|Garchomp, L50, F|\n|poke|p1|Lucario, L50, M|\n|poke|p1|Ninetales-Alola, L50, F|\n|poke|p2|Aegislash, L50, M|\n|poke|p2|Scovillain, L50, M|\n|poke|p2|Sinistcha-Masterpiece, L50|\n|poke|p2|Gyarados, L50, M|\n|poke|p2|Ninetales-Alola, L50, M|\n|poke|p2|Aerodactyl, L50, M|\n|teampreview|4\n|inactive|Battle timer is ON: inactive players will automatically lose when time's up. (requested by Miles_ath)\nMiles_ath rejected open team sheets.\n|\n|t:|1776652503\n|teamsize|p1|4\n|teamsize|p2|4\n|start\n|switch|p1a: Aerodactyl|Aerodactyl, L50, M|100/100\n|switch|p1b: Ninetales|Ninetales-Alola, L50, F|100/100\n|switch|p2a: Gyarados|Gyarados, L50, M|100/100\n|switch|p2b: Ninetales|Ninetales-Alola, L50, M|100/100\n|-ability|p1a: Aerodactyl|Unnerve\n|-weather|Snowscape|[from] ability: Snow Warning|[of] p1b: Ninetales\n|-ability|p2a: Gyarados|Intimidate|boost\n|-unboost|p1a: Aerodactyl|atk|1\n|-unboost|p1b: Ninetales|atk|1\n|turn|1\n|\n|t:|1776652526\n|detailschange|p2a: Gyarados|Gyarados-Mega, L50, M\n|-mega|p2a: Gyarados|Gyarados|Gyaradosite\n|-ability|p2a: Gyarados|Mold Breaker\n|move|p1a: Aerodactyl|Taunt|p2b: Ninetales\n|-start|p2b: Ninetales|move: Taunt\n|move|p1b: Ninetales|Aurora Veil|p1b: Ninetales\n|-sidestart|p1: K1shui|move: Aurora Veil\n|cant|p2b: Ninetales|move: Taunt|Aurora Veil\n|move|p2a: Gyarados|Dragon Dance|p2a: Gyarados\n|-boost|p2a: Gyarados|atk|1\n|-boost|p2a: Gyarados|spe|1\n|\n|-weather|Snowscape|[upkeep]\n|upkeep\n|turn|2\n|\n|t:|1776652551\n|switch|p1a: Milotic|Milotic, L50, M|100/100\n|move|p1b: Ninetales|Calm Mind|p1b: Ninetales\n|-boost|p1b: Ninetales|spa|1\n|-boost|p1b: Ninetales|spd|1\n|move|p2a: Gyarados|Waterfall|p1b: Ninetales\n|-damage|p1b: Ninetales|51/100\n|move|p2b: Ninetales|Blizzard|p1b: Ninetales|[spread] p1a,p1b\n|-resisted|p1a: Milotic|1\n|-resisted|p1b: Ninetales|1\n|-damage|p1a: Milotic|95/100\n|-damage|p1b: Ninetales|45/100\n|\n|-weather|Snowscape|[upkeep]\n|-heal|p1a: Milotic|100/100|[from] item: Leftovers\n|upkeep\n|turn|3\n|\n|t:|1776652574\n|move|p1b: Ninetales|Blizzard|p2b: Ninetales|[spread] p2a,p2b\n|-resisted|p2a: Gyarados|1\n|-resisted|p2b: Ninetales|1\n|-damage|p2a: Gyarados|84/100\n|-damage|p2b: Ninetales|80/100\n|move|p2a: Gyarados|Waterfall|p1b: Ninetales\n|-damage|p1b: Ninetales|0 fnt\n|faint|p1b: Ninetales\n|move|p2b: Ninetales|Moonblast|p1a: Milotic\n|-damage|p1a: Milotic|86/100\n|move|p1a: Milotic|Life Dew|p1a: Milotic\n|-heal|p1a: Milotic|100/100\n|\n|-weather|Snowscape|[upkeep]\n|-end|p2b: Ninetales|move: Taunt\n|upkeep\n|\n|t:|1776652595\n|switch|p1b: Aerodactyl|Aerodactyl, L50, M|100/100\n|-ability|p1b: Aerodactyl|Unnerve\n|turn|4\n|\n|t:|1776652602\n|move|p1b: Aerodactyl|Taunt|p2b: Ninetales\n|-start|p2b: Ninetales|move: Taunt\n|move|p2a: Gyarados|Waterfall|p1b: Aerodactyl\n|-supereffective|p1b: Aerodactyl|1\n|-damage|p1b: Aerodactyl|0 fnt\n|faint|p1b: Aerodactyl\n|move|p2b: Ninetales|Blizzard|p1a: Milotic\n|-resisted|p1a: Milotic|1\n|-damage|p1a: Milotic|93/100\n|-status|p1a: Milotic|frz\n|-curestatus|p1a: Milotic|frz|[from] move: Scald\n|move|p1a: Milotic|Scald|p2b: Ninetales\n|-damage|p2b: Ninetales|50/100\n|-enditem|p2b: Ninetales|Sitrus Berry|[eat]\n|-heal|p2b: Ninetales|74/100|[from] item: Sitrus Berry\n|\n|-weather|Snowscape|[upkeep]\n|-heal|p1a: Milotic|99/100|[from] item: Leftovers\n|upkeep\n|\n|t:|1776652619\n|switch|p1b: MRS Sweeper|Gardevoir, L50, F|100/100\n|turn|5\n|\n|t:|1776652631\n|switch|p2b: Aegislash|Aegislash, L50, M|100/100\n|detailschange|p1b: MRS Sweeper|Gardevoir-Mega, L50, F\n|-mega|p1b: MRS Sweeper|Gardevoir|Gardevoirite\n|move|p1a: Milotic|Helping Hand|p1b: MRS Sweeper\n|-singleturn|p1b: MRS Sweeper|Helping Hand|[of] p1a: Milotic\n|move|p2a: Gyarados|Waterfall|p1b: MRS Sweeper\n|-damage|p1b: MRS Sweeper|12/100\n|cant|p1b: MRS Sweeper|flinch\n|\n|-weather|none\n|-heal|p1a: Milotic|100/100|[from] item: Leftovers\n|-sideend|p1: K1shui|move: Aurora Veil\n|upkeep\n|turn|6\n|-message|K1shui forfeited.\n|\n|win|Miles_ath\n|raw|K1shui's rating: 1101 &rarr; <strong>1083</strong><br />(-18 for losing)\n|raw|Miles_ath's rating: 1204 &rarr; <strong>1222</strong><br />(+18 for winning)\n|l|\u2606K1shui\n|player|p1|\n",
  "uploadtime": 1776652653,
  "views": 3,
  "formatid": "gen9championsvgc2026regma",
  "rating": 1083,
  "private": 0,
  "password": null
}