{
  "id": "gen9championsvgc2026regma-2587673627",
  "format": "[Gen 9 Champions] VGC 2026 Reg M-A",
  "players": [
    "DAVID867",
    "capacete5"
  ],
  "log": "|j|\u2606DAVID867\n|j|\u2606capacete5\n|t:|1776552588\n|gametype|doubles\n|player|p1|DAVID867|102|\n|player|p2|capacete5|byron|\n|gen|9\n|tier|[Gen 9 Champions] VGC 2026 Reg M-A\n|rule|Species Clause: Limit one of each Pok\u00e9mon\n|rule|Item Clause: Limit 1 of each item\n|clearpoke\n|poke|p1|Charizard, L50, M|\n|poke|p1|Venusaur, L50, F|\n|poke|p1|Milotic, L50, F|\n|poke|p1|Garchomp, L50, F|\n|poke|p1|Kingambit, L50, M|\n|poke|p1|Sinistcha, L50|\n|poke|p2|Charizard, L50, F|\n|poke|p2|Basculegion, L50, M|\n|poke|p2|Clefable, L50, F|\n|poke|p2|Kingambit, L50, M|\n|poke|p2|Dragonite, L50, M|\n|poke|p2|Sneasler, L50, F|\n|teampreview|4\n|inactive|Battle timer is ON: inactive players will automatically lose when time's up. (requested by capacete5)\n|inactive|DAVID867 has 60 seconds left.\n|inactive|capacete5 has 60 seconds left.\nDAVID867 has agreed to open team sheets.\ncapacete5 has agreed to open team sheets.\n|showteam|p1|Charizard||CharizarditeY|Blaze|HeatWave,Overheat,Protect,SolarBeam|||M|||50|]Venusaur||FocusSash|Chlorophyll|EnergyBall,SleepPowder,SludgeBomb,Protect|||F|||50|]Milotic||Leftovers|Competitive|Protect,Scald,Recover,IcyWind|||F|||50|]Garchomp||ChoiceScarf|RoughSkin|Earthquake,RockSlide,DragonClaw,PoisonJab|||F|||50|]Kingambit||BlackGlasses|Defiant|IronHead,SuckerPunch,Protect,SwordsDance|||M|||50|]Sinistcha||SitrusBerry|Hospitality|MatchaGotcha,LifeDew,TrickRoom,RagePowder||||||50|\n|showteam|p2|Charizard||CharizarditeY|Blaze|HeatWave,SolarBeam,WeatherBall,Protect|||F|||50|]Basculegion||ChoiceScarf|Adaptability|WaveCrash,AquaJet,LastRespects,FlipTurn|||M|||50|]Clefable||SitrusBerry|Unaware|Moonblast,HelpingHand,FollowMe,Protect|||F|||50|]Kingambit||BlackGlasses|Defiant|SuckerPunch,KowtowCleave,SwordsDance,Protect|||M|||50|]Dragonite||LumBerry|Multiscale|ScaleShot,ExtremeSpeed,Haze,Protect|||M|||50|]Sneasler||FocusSash|Unburden|CloseCombat,DireClaw,FakeOut,Protect|||F|||50|\n|\n|t:|1776552640\n|teamsize|p1|4\n|teamsize|p2|4\n|start\n|switch|p1a: Milotic|Milotic, L50, F|100/100\n|switch|p1b: Garchomp|Garchomp, L50, F|100/100\n|switch|p2a: Charizard|Charizard, L50, F|100/100\n|switch|p2b: Clefable|Clefable, L50, F|100/100\n|turn|1\n|inactive|DAVID867 has 30 seconds left.\n|\n|t:|1776552667\n|detailschange|p2a: Charizard|Charizard-Mega-Y, L50, F\n|-mega|p2a: Charizard|Charizard|Charizardite Y\n|-weather|SunnyDay|[from] ability: Drought|[of] p2a: Charizard\n|move|p1b: Garchomp|Rock Slide|p2a: Charizard|[spread] p2a,p2b\n|-supereffective|p2a: Charizard|2\n|-damage|p2a: Charizard|0 fnt\n|-damage|p2b: Clefable|83/100\n|faint|p2a: Charizard\n|move|p1a: Milotic|Scald|p2b: Clefable\n|-damage|p2b: Clefable|71/100\n|move|p2b: Clefable|Moonblast|p1b: Garchomp\n|-supereffective|p1b: Garchomp|1\n|-damage|p1b: Garchomp|38/100\n|\n|-weather|SunnyDay|[upkeep]\n|upkeep\n|\n|t:|1776552687\n|switch|p2a: Sneasler|Sneasler, L50, F|100/100\n|turn|2\n|\n|t:|1776552705\n|switch|p1b: Kingambit|Kingambit, L50, M|100/100\n|move|p2a: Sneasler|Close Combat|p1a: Milotic\n|-damage|p1a: Milotic|55/100\n|-unboost|p2a: Sneasler|def|1\n|-unboost|p2a: Sneasler|spd|1\n|move|p1a: Milotic|Icy Wind|p2b: Clefable|[spread] p2a,p2b\n|-damage|p2a: Sneasler|80/100\n|-damage|p2b: Clefable|61/100\n|-unboost|p2a: Sneasler|spe|1\n|-unboost|p2b: Clefable|spe|1\n|move|p2b: Clefable|Moonblast|p1b: Kingambit\n|-damage|p1b: Kingambit|67/100\n|\n|-weather|SunnyDay|[upkeep]\n|-heal|p1a: Milotic|61/100|[from] item: Leftovers\n|upkeep\n|turn|3\n|inactive|capacete5 has 30 seconds left.\n|\n|t:|1776552732\n|move|p2b: Clefable|Follow Me|p2b: Clefable\n|-singleturn|p2b: Clefable|move: Follow Me\n|move|p2a: Sneasler|Close Combat|p1b: Kingambit\n|-supereffective|p1b: Kingambit|2\n|-damage|p1b: Kingambit|0 fnt\n|-unboost|p2a: Sneasler|def|1\n|-unboost|p2a: Sneasler|spd|1\n|faint|p1b: Kingambit\n|move|p1a: Milotic|Icy Wind|p2b: Clefable|[spread] p2a,p2b\n|-damage|p2a: Sneasler|53/100\n|-damage|p2b: Clefable|51/100\n|-unboost|p2a: Sneasler|spe|1\n|-unboost|p2b: Clefable|spe|1\n|\n|-weather|SunnyDay|[upkeep]\n|-heal|p1a: Milotic|67/100|[from] item: Leftovers\n|upkeep\n|\n|t:|1776552750\n|switch|p1b: Charizard|Charizard, L50, M|100/100\n|turn|4\n|\n|t:|1776552756\n|switch|p2a: Dragonite|Dragonite, L50, M|100/100\n|detailschange|p1b: Charizard|Charizard-Mega-Y, L50, M\n|-mega|p1b: Charizard|Charizard|Charizardite Y\n|move|p2b: Clefable|Follow Me|p2b: Clefable\n|-singleturn|p2b: Clefable|move: Follow Me\n|move|p1b: Charizard|Heat Wave|p2a: Dragonite|[spread] p2a,p2b\n|-resisted|p2a: Dragonite|1\n|-damage|p2a: Dragonite|83/100\n|-damage|p2b: Clefable|0 fnt\n|faint|p2b: Clefable\n|move|p1a: Milotic|Icy Wind|p2a: Dragonite|[miss]\n|-miss|p1a: Milotic|p2a: Dragonite\n|\n|-weather|SunnyDay|[upkeep]\n|-heal|p1a: Milotic|73/100|[from] item: Leftovers\n|upkeep\n|\n|t:|1776552770\n|switch|p2b: Sneasler|Sneasler, L50, F|53/100\n|turn|5\n|\n|t:|1776552795\n|move|p1b: Charizard|Protect|p1b: Charizard\n|-singleturn|p1b: Charizard|Protect\n|move|p2b: Sneasler|Fake Out|p1b: Charizard\n|-activate|p1b: Charizard|move: Protect\n|move|p2a: Dragonite|Extreme Speed|p1a: Milotic\n|-damage|p1a: Milotic|51/100\n|move|p1a: Milotic|Icy Wind|p2b: Sneasler|[spread] p2a,p2b\n|-supereffective|p2a: Dragonite|2\n|-damage|p2a: Dragonite|42/100\n|-damage|p2b: Sneasler|40/100\n|-unboost|p2a: Dragonite|spe|1\n|-unboost|p2b: Sneasler|spe|1\n|\n|-weather|none\n|-heal|p1a: Milotic|57/100|[from] item: Leftovers\n|upkeep\n|turn|6\n|inactive|capacete5 has 30 seconds left.\n|\n|t:|1776552821\n|switch|p1b: Garchomp|Garchomp, L50, F|38/100\n|move|p2a: Dragonite|Extreme Speed|p1a: Milotic\n|-damage|p1a: Milotic|33/100\n|move|p2b: Sneasler|Dire Claw|p1b: Garchomp\n|-resisted|p1b: Garchomp|1\n|-damage|p1b: Garchomp|18/100\n|-damage|p2b: Sneasler|28/100|[from] ability: Rough Skin|[of] p1b: Garchomp\n|move|p1a: Milotic|Icy Wind|p2a: Dragonite|[spread] p2a,p2b\n|-supereffective|p2a: Dragonite|2\n|-damage|p2a: Dragonite|1/100\n|-damage|p2b: Sneasler|15/100\n|-unboost|p2a: Dragonite|spe|1\n|-unboost|p2b: Sneasler|spe|1\n|\n|-heal|p1a: Milotic|39/100|[from] item: Leftovers\n|upkeep\n|turn|7\n|\n|t:|1776552845\n|move|p2a: Dragonite|Extreme Speed|p1b: Garchomp\n|-damage|p1b: Garchomp|0 fnt\n|-damage|p2a: Dragonite|0 fnt|[from] ability: Rough Skin|[of] p1b: Garchomp\n|faint|p1b: Garchomp\n|faint|p2a: Dragonite\n|move|p1a: Milotic|Icy Wind|p2b: Sneasler\n|-damage|p2b: Sneasler|0 fnt\n|faint|p2b: Sneasler\n|\n|win|DAVID867\n",
  "uploadtime": 1776552846,
  "views": 9,
  "formatid": "gen9championsvgc2026regma",
  "rating": null,
  "private": 0,
  "password": null
}