{
  "id": "gen9championsvgc2026regma-2580420190",
  "format": "[Gen 9 Champions] VGC 2026 Reg M-A",
  "players": [
    "Hitoru123",
    "Cabin6"
  ],
  "log": "|j|\u2606Hitoru123\n|j|\u2606Cabin6\n|t:|1775893800\n|gametype|doubles\n|player|p1|Hitoru123|1|1084\n|player|p2|Cabin6|leon|1133\n|gen|9\n|tier|[Gen 9 Champions] VGC 2026 Reg M-A\n|rated|\n|rule|Species Clause: Limit one of each Pok\u00e9mon\n|rule|Item Clause: Limit 1 of each item\n|clearpoke\n|poke|p1|Charizard, L50, M|\n|poke|p1|Whimsicott, L50, F|\n|poke|p1|Incineroar, L50, F|\n|poke|p1|Venusaur, L50, M|\n|poke|p1|Basculegion, L50, M|\n|poke|p1|Garchomp, L50, F|\n|poke|p2|Maushold, L50|\n|poke|p2|Floette-Eternal, L50, F|\n|poke|p2|Garchomp, L50, F|\n|poke|p2|Talonflame, L50, F|\n|poke|p2|Rotom-Wash, L50|\n|poke|p2|Aegislash, L50, F|\n|teampreview|4\n|inactive|Battle timer is ON: inactive players will automatically lose when time's up. (requested by Cabin6)\n|\n|t:|1775893830\n|teamsize|p1|4\n|teamsize|p2|4\n|start\n|switch|p1a: Incineroar|Incineroar, L50, F|100/100\n|switch|p1b: Basculegion|Basculegion, L50, M|100/100\n|switch|p2a: Garchomp|Garchomp, L50, F|100/100\n|switch|p2b: Talonflame|Talonflame, L50, F|100/100\n|-ability|p1a: Incineroar|Intimidate|boost\n|-unboost|p2a: Garchomp|atk|1\n|-unboost|p2b: Talonflame|atk|1\n|turn|1\n|\n|t:|1775893851\n|switch|p2a: Rotom|Rotom-Wash, L50|100/100\n|move|p2b: Talonflame|Protect|p2b: Talonflame\n|-singleturn|p2b: Talonflame|Protect\n|move|p1a: Incineroar|Fake Out|p2a: Rotom\n|-damage|p2a: Rotom|89/100\n|move|p1b: Basculegion|Flip Turn|p2b: Talonflame\n|-activate|p2b: Talonflame|move: Protect\n|\n|upkeep\n|turn|2\n|\n|t:|1775893870\n|switch|p2b: Aegislash|Aegislash, L50, F|100/100\n|move|p1b: Basculegion|Flip Turn|p2b: Aegislash\n|-damage|p2b: Aegislash|71/100\n|\n|t:|1775893877\n|switch|p1b: Whimsicott|Whimsicott, L50, F|100/100|[from] Flip Turn\n|move|p2a: Rotom|Hydro Pump|p1a: Incineroar\n|-supereffective|p1a: Incineroar|1\n|-damage|p1a: Incineroar|15/100\n|-enditem|p1a: Incineroar|Sitrus Berry|[eat]\n|-heal|p1a: Incineroar|40/100|[from] item: Sitrus Berry\n|move|p1a: Incineroar|Parting Shot|p2a: Rotom\n|-unboost|p2a: Rotom|atk|1\n|-unboost|p2a: Rotom|spa|1\n|\n|t:|1775893888\n|switch|p1a: Charizard|Charizard, L50, M|100/100|[from] Parting Shot\n|\n|upkeep\n|turn|3\n|inactive|Cabin6 has 30 seconds left.\n|\n|t:|1775893914\n|detailschange|p1a: Charizard|Charizard-Mega-Y, L50, M\n|-mega|p1a: Charizard|Charizard|Charizardite Y\n|-weather|SunnyDay|[from] ability: Drought|[of] p1a: Charizard\n|move|p2b: Aegislash|King's Shield|p2b: Aegislash\n|-singleturn|p2b: Aegislash|Protect\n|move|p1b: Whimsicott|Tailwind|p1b: Whimsicott\n|-sidestart|p1: Hitoru123|move: Tailwind\n|move|p1a: Charizard|Heat Wave|p2a: Rotom|[spread] \n|-activate|p2b: Aegislash|move: Protect\n|-miss|p1a: Charizard|p2a: Rotom\n|move|p2a: Rotom|Thunderbolt|p1a: Charizard\n|-supereffective|p1a: Charizard|1\n|-damage|p1a: Charizard|46/100\n|\n|-weather|SunnyDay|[upkeep]\n|upkeep\n|turn|4\n|inactive|Hitoru123 has 30 seconds left.\n|\n|t:|1775893940\n|switch|p2b: Garchomp|Garchomp, L50, F|100/100\n|move|p1b: Whimsicott|Encore||[still]\n|-fail|p1b: Whimsicott\n|move|p1a: Charizard|Solar Beam||[still]\n|-prepare|p1a: Charizard|Solar Beam\n|-anim|p1a: Charizard|Solar Beam|p2a: Rotom\n|-supereffective|p2a: Rotom|1\n|-crit|p2a: Rotom\n|-damage|p2a: Rotom|0 fnt\n|faint|p2a: Rotom\n|\n|-weather|SunnyDay|[upkeep]\n|upkeep\n|\n|t:|1775893951\n|switch|p2a: Talonflame|Talonflame, L50, F|100/100\n|turn|5\n|\n|t:|1775893960\n|move|p1a: Charizard|Protect|p1a: Charizard\n|-singleturn|p1a: Charizard|Protect\n|move|p2a: Talonflame|Tailwind|p2a: Talonflame\n|-sidestart|p2: Cabin6|move: Tailwind\n|move|p1b: Whimsicott|Moonblast|p2a: Talonflame\n|-resisted|p2a: Talonflame|1\n|-damage|p2a: Talonflame|80/100\n|move|p2b: Garchomp|Stone Edge|p1a: Charizard\n|-activate|p1a: Charizard|move: Protect\n|\n|-weather|SunnyDay|[upkeep]\n|upkeep\n|turn|6\n|inactive|Hitoru123 has 30 seconds left.\n|inactive|Cabin6 has 30 seconds left.\n|\n|t:|1775893992\n|switch|p1a: Incineroar|Incineroar, L50, F|40/100\n|-ability|p1a: Incineroar|Intimidate|boost\n|-unboost|p2a: Talonflame|atk|1\n|-unboost|p2b: Garchomp|atk|1\n|move|p1b: Whimsicott|Encore|p2a: Talonflame\n|-start|p2a: Talonflame|Encore\n|move|p2a: Talonflame|Tailwind||[still]\n|-fail|p2a: Talonflame\n|move|p2b: Garchomp|Earthquake|p1b: Whimsicott|[spread] p1a,p1b\n|-immune|p2a: Talonflame\n|-supereffective|p1a: Incineroar|1\n|-resisted|p1b: Whimsicott|1\n|-damage|p1a: Incineroar|0 fnt\n|-damage|p1b: Whimsicott|81/100\n|faint|p1a: Incineroar\n|\n|-weather|SunnyDay|[upkeep]\n|-sideend|p1: Hitoru123|move: Tailwind\n|upkeep\n|\n|t:|1775894010\n|switch|p1a: Basculegion|Basculegion, L50, M|100/100\n|turn|7\n|inactive|Hitoru123 has 30 seconds left.\n|\n|t:|1775894039\n|switch|p2a: Aegislash|Aegislash, L50, F|71/100\n|switch|p1a: Charizard|Charizard-Mega-Y, L50, M|46/100\n|move|p2b: Garchomp|Protect|p2b: Garchomp\n|-singleturn|p2b: Garchomp|Protect\n|move|p1b: Whimsicott|Encore|p2b: Garchomp\n|-activate|p2b: Garchomp|move: Protect\n|\n|-weather|none\n|upkeep\n|turn|8\n|\n|t:|1775894057\n|switch|p2b: Talonflame|Talonflame, L50, F|80/100\n|move|p1b: Whimsicott|Encore||[still]\n|-fail|p1b: Whimsicott\n|-formechange|p2a: Aegislash|Aegislash-Blade|\n|move|p2a: Aegislash|Poltergeist|p1a: Charizard\n|-activate|p1a: Charizard|move: Poltergeist|Charizardite Y\n|-damage|p1a: Charizard|0 fnt\n|faint|p1a: Charizard\n|\n|-sideend|p2: Cabin6|move: Tailwind\n|upkeep\n|\n|t:|1775894067\n|switch|p1a: Basculegion|Basculegion, L50, M|100/100\n|turn|9\n|\n|t:|1775894086\n|move|p1b: Whimsicott|Tailwind|p1b: Whimsicott\n|-sidestart|p1: Hitoru123|move: Tailwind\n|move|p2a: Aegislash|Shadow Sneak|p1a: Basculegion\n|-supereffective|p1a: Basculegion|1\n|-damage|p1a: Basculegion|24/100\n|move|p1a: Basculegion|Last Respects|p2b: Talonflame\n|-damage|p2b: Talonflame|0 fnt\n|faint|p2b: Talonflame\n|\n|upkeep\n|\n|t:|1775894094\n|switch|p2b: Garchomp|Garchomp, L50, F|100/100\n|turn|10\n|\n|t:|1775894102\n|move|p2a: Aegislash|Shadow Sneak|p1a: Basculegion\n|-supereffective|p1a: Basculegion|1\n|-damage|p1a: Basculegion|0 fnt\n|faint|p1a: Basculegion\n|move|p1b: Whimsicott|Moonblast|p2b: Garchomp\n|-supereffective|p2b: Garchomp|1\n|-damage|p2b: Garchomp|44/100\n|move|p2b: Garchomp|Stomping Tantrum|p1b: Whimsicott\n|-resisted|p1b: Whimsicott|1\n|-damage|p1b: Whimsicott|49/100\n|\n|upkeep\n|turn|11\n|\n|t:|1775894116\n|move|p2b: Garchomp|Protect|p2b: Garchomp\n|-singleturn|p2b: Garchomp|Protect\n|move|p1b: Whimsicott|Moonblast|p2b: Garchomp\n|-activate|p2b: Garchomp|move: Protect\n|move|p2a: Aegislash|Iron Head|p1b: Whimsicott\n|-supereffective|p1b: Whimsicott|1\n|-damage|p1b: Whimsicott|0 fnt\n|faint|p1b: Whimsicott\n|\n|win|Cabin6\n|raw|Hitoru123's rating: 1084 &rarr; <strong>1065</strong><br />(-19 for losing)\n|raw|Cabin6's rating: 1133 &rarr; <strong>1154</strong><br />(+21 for winning)\n|l|\u2606Hitoru123\n|player|p1|\n",
  "uploadtime": 1775894153,
  "views": 25,
  "formatid": "gen9championsvgc2026regma",
  "rating": 1065,
  "private": 0,
  "password": null
}