{
  "id": "gen9championsvgc2026regma-2585223490",
  "format": "[Gen 9 Champions] VGC 2026 Reg M-A",
  "players": [
    "yggdrasilsys",
    "Seaslugg22"
  ],
  "log": "|j|\u2606yggdrasilsys\n|j|\u2606Seaslugg22\n|t:|1776326915\n|gametype|doubles\n|player|p1|yggdrasilsys|lebanne|1104\n|player|p2|Seaslugg22|170|1004\n|gen|9\n|tier|[Gen 9 Champions] VGC 2026 Reg M-A\n|rated|\n|rule|Species Clause: Limit one of each Pok\u00e9mon\n|rule|Item Clause: Limit 1 of each item\n|clearpoke\n|poke|p1|Scizor, L50, F|\n|poke|p1|Primarina, L50, M|\n|poke|p1|Garchomp, L50, F|\n|poke|p1|Incineroar, L50, F|\n|poke|p1|Dragapult, L50, M|\n|poke|p1|Rotom-Wash, L50|\n|poke|p2|Ninetales, L50, F|\n|poke|p2|Hydreigon, L50, M|\n|poke|p2|Maushold-Four, L50|\n|poke|p2|Glimmora, L50, F|\n|poke|p2|Corviknight, L50, F|\n|poke|p2|Sneasler, L50, F|\n|teampreview|4\n|inactive|Battle timer is ON: inactive players will automatically lose when time's up. (requested by Seaslugg22)\n|inactive|yggdrasilsys has 60 seconds left.\n|\n|t:|1776326948\n|teamsize|p1|4\n|teamsize|p2|4\n|start\n|switch|p1a: Garchomp|Garchomp, L50, F|100/100\n|switch|p1b: Rotom|Rotom-Wash, L50|100/100\n|switch|p2a: Corviknight|Corviknight, L50, F|100/100\n|switch|p2b: Sneasler|Sneasler, L50, F|100/100\n|turn|1\n|\n|t:|1776326956\n|move|p2b: Sneasler|Fake Out|p1a: Garchomp\n|-damage|p1a: Garchomp|86/100\n|-damage|p2b: Sneasler|88/100|[from] ability: Rough Skin|[of] p1a: Garchomp\n|move|p1b: Rotom|Discharge|p2a: Corviknight|[spread] p2a,p2b\n|-immune|p1a: Garchomp\n|-supereffective|p2a: Corviknight|1\n|-damage|p2a: Corviknight|48/100\n|-damage|p2b: Sneasler|51/100\n|cant|p1a: Garchomp|flinch\n|move|p2a: Corviknight|Tailwind|p2a: Corviknight\n|-sidestart|p2: Seaslugg22|move: Tailwind\n|\n|-heal|p2a: Corviknight|54/100|[from] item: Leftovers\n|upkeep\n|turn|2\n|\n|t:|1776326976\n|switch|p2a: Hydreigon|Hydreigon, L50, M, shiny|100/100\n|move|p2b: Sneasler|Fling|p1a: Garchomp\n|-damage|p1a: Garchomp|76/100\n|-enditem|p2b: Sneasler|King's Rock|[from] move: Fling\n|move|p1b: Rotom|Discharge|p2b: Sneasler|[spread] p2a,p2b\n|-immune|p1a: Garchomp\n|-resisted|p2a: Hydreigon|1\n|-damage|p2a: Hydreigon|85/100\n|-damage|p2b: Sneasler|12/100\n|-status|p2b: Sneasler|par\n|cant|p1a: Garchomp|flinch\n|\n|upkeep\n|turn|3\n|\n|t:|1776326994\n|move|p1a: Garchomp|Protect|p1a: Garchomp\n|-singleturn|p1a: Garchomp|Protect\n|move|p2b: Sneasler|Close Combat|p1b: Rotom\n|-damage|p1b: Rotom|16/100\n|-unboost|p2b: Sneasler|def|1\n|-unboost|p2b: Sneasler|spd|1\n|move|p2a: Hydreigon|Draco Meteor|p1b: Rotom\n|-crit|p1b: Rotom\n|-damage|p1b: Rotom|0 fnt\n|-unboost|p2a: Hydreigon|spa|2\n|faint|p1b: Rotom\n|\n|upkeep\n|\n|t:|1776327007\n|switch|p1b: Scizor|Scizor, L50, F|100/100\n|turn|4\n|\n|t:|1776327014\n|switch|p2b: Corviknight|Corviknight, L50, F|54/100\n|detailschange|p1b: Scizor|Scizor-Mega, L50, F\n|-mega|p1b: Scizor|Scizor|Scizorite\n|move|p2a: Hydreigon|Protect|p2a: Hydreigon\n|-singleturn|p2a: Hydreigon|Protect\n|move|p1b: Scizor|Bullet Punch|p2b: Corviknight\n|-resisted|p2b: Corviknight|1\n|-damage|p2b: Corviknight|37/100\n|move|p1a: Garchomp|Rock Slide|p2a: Hydreigon|[spread] p2b\n|-activate|p2a: Hydreigon|move: Protect\n|-damage|p2b: Corviknight|16/100\n|\n|-heal|p2b: Corviknight|21/100|[from] item: Leftovers\n|-sideend|p2: Seaslugg22|move: Tailwind\n|upkeep\n|turn|5\n|inactive|yggdrasilsys has 30 seconds left.\n|\n|t:|1776327040\n|switch|p2a: Sneasler|Sneasler, L50, F|12/100 par\n|move|p1a: Garchomp|Rock Slide|p2a: Sneasler|[spread] \n|-miss|p1a: Garchomp|p2a: Sneasler\n|-miss|p1a: Garchomp|p2b: Corviknight\n|move|p2b: Corviknight|Tailwind|p2b: Corviknight\n|-sidestart|p2: Seaslugg22|move: Tailwind\n|move|p1b: Scizor|Swords Dance|p1b: Scizor\n|-boost|p1b: Scizor|atk|2\n|\n|-heal|p2b: Corviknight|27/100|[from] item: Leftovers\n|upkeep\n|turn|6\n|\n|t:|1776327058\n|move|p2a: Sneasler|Fake Out|p1b: Scizor\n|-resisted|p1b: Scizor|1\n|-damage|p1b: Scizor|94/100\n|cant|p1b: Scizor|flinch\n|move|p2b: Corviknight|Dual Wingbeat|p1b: Scizor\n|-damage|p1b: Scizor|83/100\n|-damage|p1b: Scizor|70/100\n|-hitcount|p1b: Scizor|2\n|move|p1a: Garchomp|Rock Slide|p2b: Corviknight|[spread] p2a,p2b\n|-resisted|p2a: Sneasler|1\n|-crit|p2a: Sneasler\n|-damage|p2a: Sneasler|0 fnt\n|-damage|p2b: Corviknight|5/100\n|faint|p2a: Sneasler\n|\n|-heal|p2b: Corviknight|11/100|[from] item: Leftovers\n|upkeep\n|\n|t:|1776327078\n|switch|p2a: Hydreigon|Hydreigon, L50, M, shiny|85/100\n|turn|7\n|inactive|yggdrasilsys has 30 seconds left.\n|\n|t:|1776327105\n|move|p1b: Scizor|Bullet Punch|p2a: Hydreigon\n|-damage|p2a: Hydreigon|0 fnt\n|faint|p2a: Hydreigon\n|move|p2b: Corviknight|Roost|p2b: Corviknight\n|-heal|p2b: Corviknight|61/100\n|-singleturn|p2b: Corviknight|move: Roost\n|move|p1a: Garchomp|Rock Slide|p2b: Corviknight\n|-resisted|p2b: Corviknight|1\n|-damage|p2b: Corviknight|48/100\n|\n|-heal|p2b: Corviknight|54/100|[from] item: Leftovers\n|upkeep\n|\n|t:|1776327114\n|switch|p2a: Glimmora|Glimmora, L50, F, shiny|100/100\n|turn|8\n|\n|t:|1776327124\n|detailschange|p2a: Glimmora|Glimmora-Mega, L50, F, shiny\n|-mega|p2a: Glimmora|Glimmora|Glimmoranite\n|move|p2a: Glimmora|Protect|p2a: Glimmora\n|-singleturn|p2a: Glimmora|Protect\n|move|p1b: Scizor|Bullet Punch|p2a: Glimmora\n|-activate|p2a: Glimmora|move: Protect\n|move|p2b: Corviknight|Roost|p2b: Corviknight\n|-heal|p2b: Corviknight|100/100\n|-singleturn|p2b: Corviknight|move: Roost\n|move|p1a: Garchomp|Earthquake|p2a: Glimmora|[spread] p1b,p2b\n|-activate|p2a: Glimmora|move: Protect\n|-supereffective|p2b: Corviknight|1\n|-crit|p2b: Corviknight\n|-damage|p1b: Scizor|34/100\n|-damage|p2b: Corviknight|0 fnt\n|faint|p2b: Corviknight\n|\n|-sideend|p2: Seaslugg22|move: Tailwind\n|upkeep\n|turn|9\n|-message|Seaslugg22 forfeited.\n|\n|win|yggdrasilsys\n|raw|yggdrasilsys's rating: 1104 &rarr; <strong>1122</strong><br />(+18 for winning)\n|raw|Seaslugg22's rating: 1004 &rarr; <strong>1000</strong><br />(-4 for losing)\n|l|\u2606Seaslugg22\n|player|p2|\n",
  "uploadtime": 1776327142,
  "views": 16,
  "formatid": "gen9championsvgc2026regma",
  "rating": 1000,
  "private": 0,
  "password": null
}