{
  "id": "gen9championsvgc2026regma-2584650468",
  "format": "[Gen 9 Champions] VGC 2026 Reg M-A",
  "players": [
    "shuliora",
    "SleepyBadBoy"
  ],
  "log": "|j|\u2606shuliora\n|j|\u2606SleepyBadBoy\n|t:|1776274468\n|gametype|doubles\n|player|p1|shuliora|twins-gen4|1251\n|player|p2|SleepyBadBoy|102|1287\n|gen|9\n|tier|[Gen 9 Champions] VGC 2026 Reg M-A\n|rated|\n|rule|Species Clause: Limit one of each Pok\u00e9mon\n|rule|Item Clause: Limit 1 of each item\n|clearpoke\n|poke|p1|Excadrill, L50, F|\n|poke|p1|Tyranitar, L50, M|\n|poke|p1|Aegislash, L50, M|\n|poke|p1|Rotom-Wash, L50|\n|poke|p1|Incineroar, L50, M|\n|poke|p1|Corviknight, L50, F|\n|poke|p2|Gengar, L50, M|\n|poke|p2|Incineroar, L50, M|\n|poke|p2|Kommo-o, L50, F|\n|poke|p2|Sinistcha, L50|\n|poke|p2|Kingambit, L50, F|\n|poke|p2|Tyranitar, L50, F|\n|teampreview|4\n|inactive|Battle timer is ON: inactive players will automatically lose when time's up. (requested by SleepyBadBoy)\n|inactive|shuliora also wants the timer to be on.\n|inactive|shuliora has 60 seconds left.\n|inactive|SleepyBadBoy has 60 seconds left.\n|inactive|shuliora has 30 seconds left.\n|\n|t:|1776274534\n|teamsize|p1|4\n|teamsize|p2|4\n|start\n|switch|p1a: Excadrill|Excadrill, L50, F|100/100\n|switch|p1b: Corviknight|Corviknight, L50, F|100/100\n|switch|p2a: Kommo-o|Kommo-o, L50, F|100/100\n|switch|p2b: Gengar|Gengar, L50, M|100/100\n|turn|1\n|\n|t:|1776274552\n|switch|p2a: Incineroar|Incineroar, L50, M|100/100\n|-ability|p2a: Incineroar|Intimidate|boost\n|-unboost|p1a: Excadrill|atk|1\n|-ability|p1b: Corviknight|Mirror Armor\n|-unboost|p2a: Incineroar|atk|1\n|switch|p1b: Incineroar|Incineroar, L50, M|100/100\n|-ability|p1b: Incineroar|Intimidate|boost\n|-unboost|p2a: Incineroar|atk|1\n|-unboost|p2b: Gengar|atk|1\n|detailschange|p2b: Gengar|Gengar-Mega, L50, M\n|-mega|p2b: Gengar|Gengar|Gengarite\n|move|p2b: Gengar|Protect|p2b: Gengar\n|-singleturn|p2b: Gengar|Protect\n|move|p1a: Excadrill|Earthquake|p2b: Gengar|[spread] p1b,p2a\n|-activate|p2b: Gengar|move: Protect\n|-supereffective|p1b: Incineroar|1\n|-supereffective|p2a: Incineroar|1\n|-enditem|p2a: Incineroar|Shuca Berry|[eat]\n|-enditem|p2a: Incineroar|Shuca Berry|[weaken]\n|-damage|p1b: Incineroar|53/100\n|-damage|p2a: Incineroar|81/100\n|\n|upkeep\n|turn|2\n|inactive|shuliora has 30 seconds left.\n|inactive|SleepyBadBoy has 30 seconds left.\n|inactive|shuliora has 20 seconds left.\n|inactive|SleepyBadBoy has 20 seconds left.\n|inactive|shuliora has 15 seconds left.\n|inactive|SleepyBadBoy has 15 seconds left.\n|inactive|shuliora has 10 seconds left.\n|inactive|SleepyBadBoy has 10 seconds left.\n|inactive|shuliora has 5 seconds left.\n|\n|t:|1776274606\n|switch|p2b: Kommo-o|Kommo-o, L50, F|100/100\n|move|p1a: Excadrill|Protect|p1a: Excadrill\n|-singleturn|p1a: Excadrill|Protect\n|move|p2a: Incineroar|Parting Shot|p1a: Excadrill\n|-activate|p1a: Excadrill|move: Protect\n|move|p1b: Incineroar|Parting Shot|p2b: Kommo-o\n|-immune|p2b: Kommo-o|[from] ability: Soundproof\n|\n|upkeep\n|turn|3\n|\n|t:|1776274625\n|switch|p1b: Rotom|Rotom-Wash, L50|100/100\n|move|p1a: Excadrill|Earthquake|p2a: Incineroar|[spread] p2a,p2b\n|-immune|p1b: Rotom|[from] ability: Levitate\n|-supereffective|p2a: Incineroar|1\n|-damage|p2a: Incineroar|37/100\n|-damage|p2b: Kommo-o|73/100\n|move|p2b: Kommo-o|Clangorous Soul|p2b: Kommo-o\n|-boost|p2b: Kommo-o|atk|1\n|-boost|p2b: Kommo-o|def|1\n|-boost|p2b: Kommo-o|spa|1\n|-boost|p2b: Kommo-o|spd|1\n|-boost|p2b: Kommo-o|spe|1\n|-damage|p2b: Kommo-o|40/100\n|move|p2a: Incineroar|Parting Shot|p1a: Excadrill\n|-unboost|p1a: Excadrill|atk|1\n|-unboost|p1a: Excadrill|spa|1\n|\n|t:|1776274637\n|switch|p2a: Gengar|Gengar-Mega, L50, M|100/100|[from] Parting Shot\n|\n|-heal|p2b: Kommo-o|46/100|[from] item: Leftovers\n|upkeep\n|turn|4\n|\n|t:|1776274659\n|move|p2a: Gengar|Protect|p2a: Gengar\n|-singleturn|p2a: Gengar|Protect\n|move|p2b: Kommo-o|Clanging Scales|p1a: Excadrill|[spread] p1a,p1b\n|-resisted|p1a: Excadrill|1\n|-damage|p1a: Excadrill|58/100\n|-damage|p1b: Rotom|23/100\n|-unboost|p2b: Kommo-o|def|1\n|move|p1a: Excadrill|Earthquake|p2a: Gengar|[spread] p2b\n|-activate|p2a: Gengar|move: Protect\n|-immune|p1b: Rotom|[from] ability: Levitate\n|-damage|p2b: Kommo-o|25/100\n|move|p1b: Rotom|Hydro Pump|p2a: Gengar\n|-activate|p2a: Gengar|move: Protect\n|\n|-heal|p2b: Kommo-o|31/100|[from] item: Leftovers\n|upkeep\n|turn|5\n|inactive|shuliora has 30 seconds left.\n|\n|t:|1776274689\n|move|p1b: Rotom|Protect|p1b: Rotom\n|-singleturn|p1b: Rotom|Protect\n|move|p2b: Kommo-o|Clanging Scales|p1a: Excadrill|[spread] p1a\n|-activate|p1b: Rotom|move: Protect\n|-resisted|p1a: Excadrill|1\n|-damage|p1a: Excadrill|19/100\n|-unboost|p2b: Kommo-o|def|1\n|move|p2a: Gengar|Shadow Ball|p1a: Excadrill\n|-damage|p1a: Excadrill|0 fnt\n|faint|p1a: Excadrill\n|\n|-heal|p2b: Kommo-o|37/100|[from] item: Leftovers\n|upkeep\n|\n|t:|1776274713\n|switch|p1a: Corviknight|Corviknight, L50, F|100/100\n|turn|6\n|\n|t:|1776274729\n|switch|p2b: Incineroar|Incineroar, L50, M|37/100\n|-ability|p2b: Incineroar|Intimidate|boost\n|-ability|p1a: Corviknight|Mirror Armor\n|-unboost|p2b: Incineroar|atk|1\n|-unboost|p1b: Rotom|atk|1\n|move|p2a: Gengar|Shadow Ball|p1b: Rotom\n|-damage|p1b: Rotom|0 fnt\n|faint|p1b: Rotom\n|move|p1a: Corviknight|Brave Bird|p2b: Incineroar\n|-damage|p2b: Incineroar|0 fnt\n|faint|p2b: Incineroar\n|-damage|p1a: Corviknight|89/100|[from] Recoil\n|\n|upkeep\n|\n|t:|1776274744\n|switch|p1b: Incineroar|Incineroar, L50, M|53/100\n|switch|p2b: Sinistcha|Sinistcha, L50|100/100\n|-ability|p1b: Incineroar|Intimidate|boost\n|-unboost|p2a: Gengar|atk|1\n|-unboost|p2b: Sinistcha|atk|1\n|turn|7\n|\n|t:|1776274756\n|move|p2b: Sinistcha|Rage Powder|p2b: Sinistcha\n|-singleturn|p2b: Sinistcha|move: Rage Powder\n|move|p2a: Gengar|Perish Song|p2a: Gengar\n|-start|p1a: Corviknight|perish3|[silent]\n|-start|p1b: Incineroar|perish3|[silent]\n|-start|p2a: Gengar|perish3|[silent]\n|-start|p2b: Sinistcha|perish3|[silent]\n|-fieldactivate|move: Perish Song\n|move|p1a: Corviknight|Tailwind|p1a: Corviknight\n|-sidestart|p1: shuliora|move: Tailwind\n|move|p1b: Incineroar|Throat Chop|p2b: Sinistcha\n|-supereffective|p2b: Sinistcha|1\n|-damage|p2b: Sinistcha|43/100\n|-start|p2b: Sinistcha|Throat Chop|[silent]\n|-enditem|p2b: Sinistcha|Sitrus Berry|[eat]\n|-heal|p2b: Sinistcha|68/100|[from] item: Sitrus Berry\n|\n|-start|p1a: Corviknight|perish3\n|-start|p2a: Gengar|perish3\n|-start|p1b: Incineroar|perish3\n|-start|p2b: Sinistcha|perish3\n|upkeep\n|turn|8\n|\n|t:|1776274778\n|move|p2a: Gengar|Protect|p2a: Gengar\n|-singleturn|p2a: Gengar|Protect\n|move|p2b: Sinistcha|Protect|p2b: Sinistcha\n|-singleturn|p2b: Sinistcha|Protect\n|move|p1a: Corviknight|Brave Bird|p2b: Sinistcha\n|-activate|p2b: Sinistcha|move: Protect\n|move|p1b: Incineroar|Flare Blitz|p1a: Corviknight\n|-supereffective|p1a: Corviknight|1\n|-damage|p1a: Corviknight|17/100\n|-damage|p1b: Incineroar|29/100|[from] Recoil\n|\n|-end|p2b: Sinistcha|Throat Chop|[silent]\n|-start|p1a: Corviknight|perish2\n|-start|p2a: Gengar|perish2\n|-start|p1b: Incineroar|perish2\n|-start|p2b: Sinistcha|perish2\n|upkeep\n|turn|9\n|\n|t:|1776274797\n|move|p1a: Corviknight|Brave Bird|p1b: Incineroar\n|-damage|p1b: Incineroar|0 fnt\n|faint|p1b: Incineroar\n|-damage|p1a: Corviknight|7/100|[from] Recoil\n|move|p2a: Gengar|Shadow Ball|p1a: Corviknight\n|-damage|p1a: Corviknight|0 fnt\n|faint|p1a: Corviknight\n|\n|win|SleepyBadBoy\n|raw|shuliora's rating: 1251 &rarr; <strong>1229</strong><br />(-22 for losing)\n|raw|SleepyBadBoy's rating: 1287 &rarr; <strong>1309</strong><br />(+22 for winning)\n",
  "uploadtime": 1776274802,
  "views": 38,
  "formatid": "gen9championsvgc2026regma",
  "rating": 1229,
  "private": 0,
  "password": null
}