{
  "id": "gen9championsvgc2026regma-2583039948",
  "format": "[Gen 9 Champions] VGC 2026 Reg M-A",
  "players": [
    "JeanPierre693",
    "HeldMitten"
  ],
  "log": "|j|\u2606JeanPierre693\n|j|\u2606HeldMitten\n|t:|1776135763\n|gametype|doubles\n|player|p1|JeanPierre693|2|1048\n|player|p2|HeldMitten|hilbert|1037\n|gen|9\n|tier|[Gen 9 Champions] VGC 2026 Reg M-A\n|rated|\n|rule|Species Clause: Limit one of each Pok\u00e9mon\n|rule|Item Clause: Limit 1 of each item\n|clearpoke\n|poke|p1|Glaceon, L50, F|\n|poke|p1|Mamoswine, L50, M|\n|poke|p1|Milotic, L50, F|\n|poke|p1|Hatterene, L50, F|\n|poke|p1|Aurorus, L50, F|\n|poke|p1|Abomasnow, L50, M|\n|poke|p2|Golurk, L50|\n|poke|p2|Torkoal, L50, F|\n|poke|p2|Farigiraf, L50, M|\n|poke|p2|Sinistcha-Masterpiece, L50|\n|poke|p2|Arcanine-Hisui, L50, F|\n|poke|p2|Charizard, L50, M|\n|teampreview|4\n|j| ipooki\n|j| rmpemeta\n|j| Reixo\u203d\u266a\n|\n|t:|1776135811\n|teamsize|p1|4\n|teamsize|p2|4\n|start\n|switch|p1a: Hatterene|Hatterene, L50, F, shiny|100/100\n|switch|p1b: Abomasnow|Abomasnow, L50, M|100/100\n|switch|p2a: Charizard|Charizard, L50, M|100/100\n|switch|p2b: Arcanine|Arcanine-Hisui, L50, F|100/100\n|-ability|p2b: Arcanine|Intimidate|boost\n|-unboost|p1a: Hatterene|atk|1\n|-unboost|p1b: Abomasnow|atk|1\n|-weather|Snowscape|[from] ability: Snow Warning|[of] p1b: Abomasnow\n|turn|1\n|\n|t:|1776135829\n|switch|p1b: Aurorus|Aurorus, L50, F, shiny|100/100\n|detailschange|p2a: Charizard|Charizard-Mega-Y, L50, M\n|-mega|p2a: Charizard|Charizard|Charizardite Y\n|-weather|SunnyDay|[from] ability: Drought|[of] p2a: Charizard\n|move|p2b: Arcanine|Extreme Speed|p1a: Hatterene\n|-damage|p1a: Hatterene|72/100\n|move|p2a: Charizard|Heat Wave|p1b: Aurorus|[spread] p1a,p1b\n|-damage|p1a: Hatterene|6/100\n|-damage|p1b: Aurorus|44/100\n|-enditem|p1a: Hatterene|Sitrus Berry|[eat]\n|-heal|p1a: Hatterene|31/100|[from] item: Sitrus Berry\n|move|p1a: Hatterene|Trick Room|p1a: Hatterene\n|-fieldstart|move: Trick Room|[of] p1a: Hatterene\n|\n|-weather|SunnyDay|[upkeep]\n|upkeep\n|turn|2\n|\n|t:|1776135870\n|move|p2b: Arcanine|Extreme Speed|p1a: Hatterene\n|-damage|p1a: Hatterene|0 fnt\n|faint|p1a: Hatterene\n|move|p1b: Aurorus|Ancient Power|p2a: Charizard\n|-supereffective|p2a: Charizard|2\n|-damage|p2a: Charizard|0 fnt\n|faint|p2a: Charizard\n|\n|-weather|SunnyDay|[upkeep]\n|upkeep\n|\n|t:|1776135882\n|switch|p1a: Abomasnow|Abomasnow, L50, M|100/100\n|switch|p2a: Sinistcha|Sinistcha-Masterpiece, L50|100/100\n|-weather|Snowscape|[from] ability: Snow Warning|[of] p1a: Abomasnow\n|turn|3\n|\n|t:|1776135897\n|switch|p1a: Milotic|Milotic, L50, F|100/100\n|move|p1b: Aurorus|Aurora Veil|p1b: Aurorus\n|-sidestart|p1: JeanPierre693|move: Aurora Veil\n|move|p2a: Sinistcha|Matcha Gotcha|p1b: Aurorus|[spread] p1a,p1b\n|-supereffective|p1a: Milotic|1\n|-supereffective|p1b: Aurorus|1\n|-damage|p1a: Milotic|80/100\n|-damage|p1b: Aurorus|20/100\n|move|p2b: Arcanine|Flare Blitz|p1a: Milotic\n|-resisted|p1a: Milotic|1\n|-damage|p1a: Milotic|60/100\n|-status|p1a: Milotic|brn\n|-damage|p2b: Arcanine|93/100|[from] Recoil\n|\n|-weather|Snowscape|[upkeep]\n|-damage|p1a: Milotic|54/100 brn|[from] brn\n|upkeep\n|turn|4\n|\n|t:|1776135917\n|move|p2b: Arcanine|Extreme Speed|p1b: Aurorus\n|-resisted|p1b: Aurorus|1\n|-damage|p1b: Aurorus|15/100\n|move|p1b: Aurorus|Blizzard|p2b: Arcanine|[spread] p2a,p2b\n|-supereffective|p2a: Sinistcha|1\n|-resisted|p2b: Arcanine|1\n|-damage|p2a: Sinistcha|20/100\n|-damage|p2b: Arcanine|69/100\n|-enditem|p2a: Sinistcha|Sitrus Berry|[eat]\n|-heal|p2a: Sinistcha|44/100|[from] item: Sitrus Berry\n|move|p2a: Sinistcha|Matcha Gotcha|p1a: Milotic|[spread] p1a,p1b\n|-supereffective|p1a: Milotic|1\n|-supereffective|p1b: Aurorus|1\n|-crit|p1b: Aurorus\n|-damage|p1a: Milotic|37/100 brn\n|-heal|p2a: Sinistcha|54/100|[from] drain|[of] p1a: Milotic\n|-damage|p1b: Aurorus|0 fnt\n|-heal|p2a: Sinistcha|64/100|[from] drain|[of] p1b: Aurorus\n|faint|p1b: Aurorus\n|move|p1a: Milotic|Recover|p1a: Milotic\n|-heal|p1a: Milotic|87/100 brn\n|\n|-weather|Snowscape|[upkeep]\n|-damage|p1a: Milotic|81/100 brn|[from] brn\n|upkeep\n|\n|t:|1776135931\n|switch|p1b: Abomasnow|Abomasnow, L50, M|100/100\n|turn|5\n|\n|t:|1776135963\n|move|p2a: Sinistcha|Rage Powder|p2a: Sinistcha\n|-singleturn|p2a: Sinistcha|move: Rage Powder\n|move|p1b: Abomasnow|Blizzard|p2b: Arcanine|[spread] p2a,p2b\n|-supereffective|p2a: Sinistcha|1\n|-resisted|p2b: Arcanine|1\n|-damage|p2a: Sinistcha|0 fnt\n|-damage|p2b: Arcanine|46/100\n|faint|p2a: Sinistcha\n|move|p1a: Milotic|Scald|p2b: Arcanine\n|-supereffective|p2b: Arcanine|2\n|-damage|p2b: Arcanine|0 fnt\n|faint|p2b: Arcanine\n|\n|-weather|Snowscape|[upkeep]\n|-damage|p1a: Milotic|75/100 brn|[from] brn\n|-fieldend|move: Trick Room\n|upkeep\n|\n|t:|1776135976\n|switch|p2b: Torkoal|Torkoal, L50, F|100/100\n|-weather|SunnyDay|[from] ability: Drought|[of] p2b: Torkoal\n|turn|6\n|\n|t:|1776135989\n|detailschange|p1b: Abomasnow|Abomasnow-Mega, L50, M\n|-mega|p1b: Abomasnow|Abomasnow|Abomasite\n|-weather|Snowscape|[from] ability: Snow Warning|[of] p1b: Abomasnow\n|move|p1a: Milotic|Scald|p2b: Torkoal\n|-supereffective|p2b: Torkoal|1\n|-damage|p2b: Torkoal|18/100\n|move|p1b: Abomasnow|Earth Power|p2b: Torkoal\n|-supereffective|p2b: Torkoal|1\n|-damage|p2b: Torkoal|0 fnt\n|faint|p2b: Torkoal\n|\n|win|JeanPierre693\n|raw|JeanPierre693's rating: 1048 &rarr; <strong>1080</strong><br />(+32 for winning)\n|raw|HeldMitten's rating: 1037 &rarr; <strong>1022</strong><br />(-15 for losing)\n|c|\u2606HeldMitten|ggs\n|l|\u2606HeldMitten\n|player|p2|\n|c|\u2606JeanPierre693|gg\n|l| Reixo\u203d\u266a\n|l|\u2606JeanPierre693\n|player|p1|\n|j|\u2606JeanPierre693\n|player|p1|JeanPierre693|2|\n",
  "uploadtime": 1776136042,
  "views": 10,
  "formatid": "gen9championsvgc2026regma",
  "rating": 1022,
  "private": 0,
  "password": null
}