{
  "id": "gen9championsvgc2026regma-2584270597",
  "format": "[Gen 9 Champions] VGC 2026 Reg M-A",
  "players": [
    "edo33 3",
    "shin-tv07"
  ],
  "log": "|j|\u2606edo33 3\n|j|\u2606shin-tv07\n|t:|1776245522\n|gametype|doubles\n|player|p1|edo33 3|1|1084\n|player|p2|shin-tv07|twins-gen4dp|1138\n|gen|9\n|tier|[Gen 9 Champions] VGC 2026 Reg M-A\n|rated|\n|rule|Species Clause: Limit one of each Pok\u00e9mon\n|rule|Item Clause: Limit 1 of each item\n|clearpoke\n|poke|p1|Charizard, L50, M|\n|poke|p1|Kingambit, L50, M|\n|poke|p1|Sneasler, L50, M|\n|poke|p1|Incineroar, L50, M|\n|poke|p1|Whimsicott, L50, F|\n|poke|p1|Rotom-Wash, L50|\n|poke|p2|Sneasler, L50, M|\n|poke|p2|Kingambit, L50, M|\n|poke|p2|Clefable, L50, F|\n|poke|p2|Delphox, L50, F|\n|poke|p2|Dragonite, L50, M|\n|poke|p2|Basculegion, L50, M|\n|teampreview|4\n|\n|t:|1776245558\n|teamsize|p1|4\n|teamsize|p2|4\n|start\n|switch|p1a: Whimsicott|Whimsicott, L50, F|100/100\n|switch|p1b: Sneasler|Sneasler, L50, M|100/100\n|switch|p2a: Sneasler|Sneasler, L50, M|100/100\n|switch|p2b: Delphox|Delphox, L50, F|100/100\n|turn|1\n|\n|t:|1776245573\n|detailschange|p2b: Delphox|Delphox-Mega, L50, F\n|-mega|p2b: Delphox|Delphox|Delphoxite\n|move|p1b: Sneasler|Protect|p1b: Sneasler\n|-singleturn|p1b: Sneasler|Protect\n|move|p2a: Sneasler|Fake Out|p1a: Whimsicott\n|-damage|p1a: Whimsicott|78/100\n|cant|p1a: Whimsicott|flinch\n|move|p2b: Delphox|Substitute|p2b: Delphox\n|-start|p2b: Delphox|Substitute\n|-damage|p2b: Delphox|76/100\n|\n|upkeep\n|turn|2\n|\n|t:|1776245591\n|move|p1a: Whimsicott|Tailwind|p1a: Whimsicott\n|-sidestart|p1: edo33 3|move: Tailwind\n|move|p1b: Sneasler|Close Combat|p2a: Sneasler\n|-resisted|p2a: Sneasler|1\n|-damage|p2a: Sneasler|47/100\n|-unboost|p1b: Sneasler|def|1\n|-unboost|p1b: Sneasler|spd|1\n|-enditem|p1b: Sneasler|White Herb\n|-clearnegativeboost|p1b: Sneasler|[silent]\n|move|p2b: Delphox|Heat Wave|p1a: Whimsicott|[spread] p1a,p1b\n|-supereffective|p1a: Whimsicott|1\n|-damage|p1a: Whimsicott|0 fnt\n|-damage|p1b: Sneasler|44/100\n|faint|p1a: Whimsicott\n|move|p2a: Sneasler|Dire Claw|p1b: Sneasler\n|-resisted|p1b: Sneasler|1\n|-damage|p1b: Sneasler|12/100\n|\n|upkeep\n|\n|t:|1776245608\n|switch|p1a: Rotom|Rotom-Wash, L50|100/100\n|turn|3\n|\n|t:|1776245624\n|switch|p2a: Basculegion|Basculegion, L50, M|100/100\n|move|p1b: Sneasler|Close Combat|p2a: Basculegion\n|-immune|p2a: Basculegion\n|move|p1a: Rotom|Hydro Pump|p2b: Delphox|[miss]\n|-miss|p1a: Rotom|p2b: Delphox\n|move|p2b: Delphox|Psychic|p1a: Rotom\n|-damage|p1a: Rotom|43/100\n|\n|-heal|p1a: Rotom|49/100|[from] item: Leftovers\n|upkeep\n|turn|4\n|\n|t:|1776245643\n|move|p1b: Sneasler|Protect|p1b: Sneasler\n|-singleturn|p1b: Sneasler|Protect\n|move|p2a: Basculegion|Aqua Jet|p1a: Rotom\n|-resisted|p1a: Rotom|1\n|-damage|p1a: Rotom|35/100\n|move|p1a: Rotom|Hydro Pump|p2b: Delphox\n|-supereffective|p2b: Delphox|1\n|-end|p2b: Delphox|Substitute\n|move|p2b: Delphox|Psychic|p1a: Rotom\n|-damage|p1a: Rotom|0 fnt\n|faint|p1a: Rotom\n|\n|upkeep\n|\n|t:|1776245655\n|switch|p1a: Kingambit|Kingambit, L50, M|100/100\n|turn|5\n|\n|t:|1776245666\n|move|p2b: Delphox|Protect|p2b: Delphox\n|-singleturn|p2b: Delphox|Protect\n|move|p2a: Basculegion|Aqua Jet|p1b: Sneasler\n|-damage|p1b: Sneasler|0 fnt\n|faint|p1b: Sneasler\n|move|p1a: Kingambit|Sucker Punch||[still]\n|-fail|p1a: Kingambit\n|\n|-sideend|p1: edo33 3|move: Tailwind\n|upkeep\n|turn|6\n|-message|edo33 3 forfeited.\n|\n|win|shin-tv07\n|raw|edo33 3's rating: 1084 &rarr; <strong>1065</strong><br />(-19 for losing)\n|raw|shin-tv07's rating: 1138 &rarr; <strong>1159</strong><br />(+21 for winning)\n|l|\u2606edo33 3\n|player|p1|\n|c|\u2606shin-tv07|you had a kinggambit all this time\n|c|\u2606shin-tv07|and you didnt switch into it?\n",
  "uploadtime": 1776245690,
  "views": 19,
  "formatid": "gen9championsvgc2026regma",
  "rating": 1065,
  "private": 0,
  "password": null
}