{
  "id": "gen9championsvgc2026regma-2581848597",
  "format": "[Gen 9 Champions] VGC 2026 Reg M-A",
  "players": [
    "JorginB3",
    "DominanceHi"
  ],
  "log": "|j|\u2606JorginB3\n|j|\u2606DominanceHi\n|t:|1776033443\n|gametype|doubles\n|player|p1|JorginB3|depotagent|1041\n|player|p2|DominanceHi|169|1000\n|gen|9\n|tier|[Gen 9 Champions] VGC 2026 Reg M-A\n|rated|\n|rule|Species Clause: Limit one of each Pok\u00e9mon\n|rule|Item Clause: Limit 1 of each item\n|clearpoke\n|poke|p1|Pidgeot, L50, M|\n|poke|p1|Incineroar, L50, M|\n|poke|p1|Whimsicott, L50, M|\n|poke|p1|Rotom-Wash, L50|\n|poke|p1|Sneasler, L50, F|\n|poke|p1|Garchomp, L50, F|\n|poke|p2|Sneasler, L50, F|\n|poke|p2|Charizard, L50, M|\n|poke|p2|Torkoal, L50, M|\n|poke|p2|Whimsicott, L50, F|\n|poke|p2|Dragonite, L50, M|\n|poke|p2|Meganium, L50, M|\n|teampreview|4\n|inactive|Battle timer is ON: inactive players will automatically lose when time's up. (requested by JorginB3)\nDominanceHi has agreed to open team sheets.\n|inactive|DominanceHi has 60 seconds left.\n|\n|t:|1776033482\n|teamsize|p1|4\n|teamsize|p2|4\n|start\n|switch|p1a: Garchomp|Garchomp, L50, F|100/100\n|switch|p1b: Incineroar|Incineroar, L50, M|100/100\n|switch|p2a: Torkoal|Torkoal, L50, M|100/100\n|switch|p2b: Sneasler|Sneasler, L50, F|100/100\n|-ability|p2b: Sneasler|Pressure\n|-ability|p1b: Incineroar|Intimidate|boost\n|-unboost|p2a: Torkoal|atk|1\n|-unboost|p2b: Sneasler|atk|1\n|-weather|SunnyDay|[from] ability: Drought|[of] p2a: Torkoal\n|turn|1\n|inactive|JorginB3 has 30 seconds left.\n|inactive|DominanceHi has 30 seconds left.\n|\n|t:|1776033510\n|switch|p1b: Rotom|Rotom-Wash, L50|100/100\n|switch|p2a: Dragonite|Dragonite, L50, M|100/100\n|move|p2b: Sneasler|Fake Out|p1a: Garchomp\n|-damage|p1a: Garchomp|93/100\n|-damage|p2b: Sneasler|88/100|[from] ability: Rough Skin|[of] p1a: Garchomp\n|cant|p1a: Garchomp|flinch\n|\n|-weather|SunnyDay|[upkeep]\n|-heal|p2b: Sneasler|94/100|[from] item: Leftovers\n|upkeep\n|turn|2\n|inactive|DominanceHi has 30 seconds left.\n|inactive|DominanceHi has 20 seconds left.\n|inactive|DominanceHi has 15 seconds left.\n|inactive|DominanceHi has 10 seconds left.\n|\n|t:|1776033557\n|move|p2a: Dragonite|Aqua Jet|p1a: Garchomp\n|-damage|p1a: Garchomp|86/100\n|-damage|p2a: Dragonite|88/100|[from] ability: Rough Skin|[of] p1a: Garchomp\n|move|p1a: Garchomp|Rock Slide|p2b: Sneasler|[spread] p2a,p2b\n|-supereffective|p2a: Dragonite|1\n|-crit|p2a: Dragonite\n|-resisted|p2b: Sneasler|1\n|-damage|p2a: Dragonite|17/100\n|-damage|p2b: Sneasler|79/100\n|move|p2b: Sneasler|Toxic Spikes|p1b: Rotom\n|-sidestart|p1: JorginB3|move: Toxic Spikes\n|move|p1b: Rotom|Will-O-Wisp|p2b: Sneasler\n|-status|p2b: Sneasler|brn\n|\n|-weather|SunnyDay|[upkeep]\n|-heal|p2b: Sneasler|84/100 brn|[from] item: Leftovers\n|-damage|p2b: Sneasler|79/100 brn|[from] brn\n|upkeep\n|turn|3\n|inactive|DominanceHi has 30 seconds left.\n|\n|t:|1776033589\n|move|p1a: Garchomp|Rock Slide|p2b: Sneasler|[spread] p2a,p2b\n|-supereffective|p2a: Dragonite|1\n|-resisted|p2b: Sneasler|1\n|-damage|p2a: Dragonite|0 fnt\n|-damage|p2b: Sneasler|64/100 brn\n|faint|p2a: Dragonite\n|move|p2b: Sneasler|Dire Claw|p1a: Garchomp\n|-resisted|p1a: Garchomp|1\n|-damage|p1a: Garchomp|80/100\n|-damage|p2b: Sneasler|51/100 brn|[from] ability: Rough Skin|[of] p1a: Garchomp\n|move|p1b: Rotom|Thunderbolt|p2b: Sneasler\n|-damage|p2b: Sneasler|4/100 brn\n|\n|-weather|SunnyDay|[upkeep]\n|-heal|p2b: Sneasler|10/100 brn|[from] item: Leftovers\n|-damage|p2b: Sneasler|4/100 brn|[from] brn\n|upkeep\n|\n|t:|1776033604\n|switch|p2a: Meganium|Meganium, L50, M|100/100\n|turn|4\n|\n|t:|1776033624\n|switch|p1b: Incineroar|Incineroar, L50, M|100/100\n|-status|p1b: Incineroar|psn\n|-ability|p1b: Incineroar|Intimidate|boost\n|-unboost|p2a: Meganium|atk|1\n|-unboost|p2b: Sneasler|atk|1\n|detailschange|p2a: Meganium|Meganium-Mega, L50, M\n|-mega|p2a: Meganium|Meganium|Meganiumite\n|move|p1a: Garchomp|Rock Slide|p2a: Meganium|[spread] p2a,p2b\n|-resisted|p2b: Sneasler|1\n|-damage|p2a: Meganium|79/100\n|-damage|p2b: Sneasler|0 fnt\n|faint|p2b: Sneasler\n|move|p2a: Meganium|Solar Beam||[still]\n|-prepare|p2a: Meganium|Solar Beam\n|-anim|p2a: Meganium|Solar Beam|p1a: Garchomp\n|-damage|p1a: Garchomp|13/100\n|\n|-weather|SunnyDay|[upkeep]\n|-damage|p1b: Incineroar|88/100 psn|[from] psn\n|upkeep\n|\n|t:|1776033640\n|switch|p2b: Torkoal|Torkoal, L50, M|100/100\n|turn|5\n|\n|t:|1776033665\n|move|p1a: Garchomp|Rock Slide|p2b: Torkoal|[spread] p2a,p2b\n|-supereffective|p2b: Torkoal|1\n|-damage|p2a: Meganium|58/100\n|-damage|p2b: Torkoal|58/100\n|move|p2a: Meganium|Solar Beam||[still]\n|-prepare|p2a: Meganium|Solar Beam\n|-anim|p2a: Meganium|Solar Beam|p1a: Garchomp\n|-damage|p1a: Garchomp|0 fnt\n|faint|p1a: Garchomp\n|move|p1b: Incineroar|Flare Blitz|p2a: Meganium\n|-supereffective|p2a: Meganium|1\n|-damage|p2a: Meganium|0 fnt\n|faint|p2a: Meganium\n|-damage|p1b: Incineroar|73/100 psn|[from] Recoil\n|move|p2b: Torkoal|Eruption|p1b: Incineroar\n|-resisted|p1b: Incineroar|1\n|-damage|p1b: Incineroar|46/100 psn\n|\n|-weather|none\n|-damage|p1b: Incineroar|34/100 psn|[from] psn\n|upkeep\n|\n|t:|1776033682\n|switch|p1a: Rotom|Rotom-Wash, L50|100/100\n|turn|6\n|-message|DominanceHi forfeited.\n|\n|win|JorginB3\n|raw|JorginB3's rating: 1041 &rarr; <strong>1071</strong><br />(+30 for winning)\n|raw|DominanceHi's rating: 1000 &rarr; <strong>1000</strong><br />(+0 for losing)\n|l|\u2606DominanceHi\n|player|p2|\n",
  "uploadtime": 1776033689,
  "views": 12,
  "formatid": "gen9championsvgc2026regma",
  "rating": 1000,
  "private": 0,
  "password": null
}