{
  "id": "gen9championsvgc2026regma-2582625751",
  "format": "[Gen 9 Champions] VGC 2026 Reg M-A",
  "players": [
    "PlayForDreams",
    "coberdt"
  ],
  "log": "|j|\u2606PlayForDreams\n|j|\u2606coberdt\n|t:|1776103438\n|gametype|doubles\n|player|p1|PlayForDreams|roxie-masters|1000\n|player|p2|coberdt|roxie|1070\n|gen|9\n|tier|[Gen 9 Champions] VGC 2026 Reg M-A\n|rated|\n|rule|Species Clause: Limit one of each Pok\u00e9mon\n|rule|Item Clause: Limit 1 of each item\n|clearpoke\n|poke|p1|Incineroar, L50, F|\n|poke|p1|Starmie, L50|\n|poke|p1|Pelipper, L50, M|\n|poke|p1|Sinistcha, L50|\n|poke|p1|Sneasler, L50, F|\n|poke|p1|Archaludon, L50, M|\n|poke|p2|Pelipper, L50, M|\n|poke|p2|Archaludon, L50, F|\n|poke|p2|Basculegion, L50, M|\n|poke|p2|Sinistcha, L50|\n|poke|p2|Sneasler, L50, F|\n|poke|p2|Floette-Eternal, L50, F|\n|teampreview|4\ncoberdt has agreed to open team sheets.\n|inactive|Battle timer is ON: inactive players will automatically lose when time's up. (requested by coberdt)\n|inactive|PlayForDreams has 60 seconds left.\n|inactive|coberdt has 60 seconds left.\n|\n|t:|1776103492\n|teamsize|p1|4\n|teamsize|p2|4\n|start\n|switch|p1a: Pelipper|Pelipper, L50, M|100/100\n|switch|p1b: Archaludon|Archaludon, L50, M, shiny|100/100\n|switch|p2a: Sinistcha|Sinistcha, L50|100/100\n|switch|p2b: Floette|Floette-Eternal, L50, F|100/100\n|-weather|RainDance|[from] ability: Drizzle|[of] p1a: Pelipper\n|turn|1\n|\n|t:|1776103511\n|detailschange|p2b: Floette|Floette-Mega, L50, F\n|-mega|p2b: Floette|Floette|Floettite\n|-ability|p2b: Floette|Fairy Aura\n|move|p2a: Sinistcha|Rage Powder|p2a: Sinistcha\n|-singleturn|p2a: Sinistcha|move: Rage Powder\n|move|p1a: Pelipper|Tailwind|p1a: Pelipper\n|-sidestart|p1: PlayForDreams|move: Tailwind\n|move|p1b: Archaludon|Flash Cannon|p2b: Floette\n|-supereffective|p2b: Floette|1\n|-damage|p2b: Floette|33/100\n|move|p2b: Floette|Calm Mind|p2b: Floette\n|-boost|p2b: Floette|spa|1\n|-boost|p2b: Floette|spd|1\n|\n|-weather|RainDance|[upkeep]\n|upkeep\n|turn|2\n|\n|t:|1776103533\n|switch|p1a: Sinistcha|Sinistcha, L50|100/100\n|move|p2b: Floette|Protect|p2b: Floette\n|-singleturn|p2b: Floette|Protect\n|move|p1b: Archaludon|Flash Cannon|p2b: Floette\n|-activate|p2b: Floette|move: Protect\n|move|p2a: Sinistcha|Matcha Gotcha|p1b: Archaludon|[spread] p1b\n|-miss|p2a: Sinistcha|p1a: Sinistcha\n|-resisted|p1b: Archaludon|2\n|-damage|p1b: Archaludon|91/100\n|\n|-weather|RainDance|[upkeep]\n|upkeep\n|turn|3\n|\n|t:|1776103554\n|switch|p2b: Archaludon|Archaludon, L50, F|100/100\n|move|p1b: Archaludon|Flash Cannon|p2b: Archaludon\n|-resisted|p2b: Archaludon|1\n|-damage|p2b: Archaludon|70/100\n|move|p1a: Sinistcha|Matcha Gotcha|p2b: Archaludon|[spread] p2a,p2b\n|-resisted|p2a: Sinistcha|1\n|-crit|p2a: Sinistcha\n|-resisted|p2b: Archaludon|2\n|-damage|p2a: Sinistcha|84/100\n|-damage|p2b: Archaludon|60/100\n|move|p2a: Sinistcha|Matcha Gotcha|p1a: Sinistcha|[spread] p1a,p1b\n|-resisted|p1a: Sinistcha|1\n|-resisted|p1b: Archaludon|2\n|-damage|p1a: Sinistcha|88/100\n|-heal|p2a: Sinistcha|90/100|[from] drain|[of] p1a: Sinistcha\n|-damage|p1b: Archaludon|81/100\n|-heal|p2a: Sinistcha|94/100|[from] drain|[of] p1b: Archaludon\n|\n|-weather|RainDance|[upkeep]\n|-heal|p1a: Sinistcha|94/100|[from] item: Leftovers\n|upkeep\n|turn|4\n|inactive|PlayForDreams has 30 seconds left.\n|inactive|coberdt has 30 seconds left.\n|inactive|PlayForDreams has 20 seconds left.\n|inactive|PlayForDreams has 15 seconds left.\n|\n|t:|1776103595\n|move|p2b: Archaludon|Protect|p2b: Archaludon\n|-singleturn|p2b: Archaludon|Protect\n|move|p2a: Sinistcha|Protect|p2a: Sinistcha\n|-singleturn|p2a: Sinistcha|Protect\n|move|p1a: Sinistcha|Rage Powder|p1a: Sinistcha\n|-singleturn|p1a: Sinistcha|move: Rage Powder\n|move|p1b: Archaludon|Dragon Pulse|p2b: Archaludon\n|-activate|p2b: Archaludon|move: Protect\n|\n|-weather|RainDance|[upkeep]\n|-heal|p1a: Sinistcha|100/100|[from] item: Leftovers\n|-sideend|p1: PlayForDreams|move: Tailwind\n|upkeep\n|turn|5\n|\n|t:|1776103615\n|move|p1a: Sinistcha|Rage Powder|p1a: Sinistcha\n|-singleturn|p1a: Sinistcha|move: Rage Powder\n|move|p2b: Archaludon|Dragon Pulse|p1a: Sinistcha\n|-damage|p1a: Sinistcha|56/100\n|move|p1b: Archaludon|Electro Shot||[still]\n|-prepare|p1b: Archaludon|Electro Shot\n|-boost|p1b: Archaludon|spa|1\n|-anim|p1b: Archaludon|Electro Shot|p2b: Archaludon\n|-resisted|p2b: Archaludon|1\n|-damage|p2b: Archaludon|9/100\n|move|p2a: Sinistcha|Matcha Gotcha|p1a: Sinistcha|[spread] p1a,p1b\n|-resisted|p1a: Sinistcha|1\n|-resisted|p1b: Archaludon|2\n|-crit|p1b: Archaludon\n|-damage|p1a: Sinistcha|46/100\n|-heal|p2a: Sinistcha|99/100|[from] drain|[of] p1a: Sinistcha\n|-damage|p1b: Archaludon|69/100\n|-heal|p2a: Sinistcha|100/100|[from] drain|[of] p1b: Archaludon\n|-status|p1a: Sinistcha|brn\n|-status|p1b: Archaludon|brn\n|\n|-weather|none\n|-heal|p1a: Sinistcha|52/100 brn|[from] item: Leftovers\n|-damage|p1b: Archaludon|63/100 brn|[from] brn\n|-damage|p1a: Sinistcha|46/100 brn|[from] brn\n|upkeep\n|turn|6\n|inactive|PlayForDreams has 30 seconds left.\n|inactive|PlayForDreams has 20 seconds left.\n|\n|t:|1776103651\n|move|p2b: Archaludon|Protect|p2b: Archaludon\n|-singleturn|p2b: Archaludon|Protect\n|move|p1a: Sinistcha|Rage Powder|p1a: Sinistcha\n|-singleturn|p1a: Sinistcha|move: Rage Powder\n|move|p1b: Archaludon|Flash Cannon|p2a: Sinistcha\n|-damage|p2a: Sinistcha|38/100\n|-enditem|p2a: Sinistcha|Sitrus Berry|[eat]\n|-heal|p2a: Sinistcha|63/100|[from] item: Sitrus Berry\n|move|p2a: Sinistcha|Matcha Gotcha|p1a: Sinistcha|[spread] p1a,p1b\n|-resisted|p1a: Sinistcha|1\n|-resisted|p1b: Archaludon|2\n|-damage|p1a: Sinistcha|34/100 brn\n|-heal|p2a: Sinistcha|68/100|[from] drain|[of] p1a: Sinistcha\n|-damage|p1b: Archaludon|54/100 brn\n|-heal|p2a: Sinistcha|73/100|[from] drain|[of] p1b: Archaludon\n|\n|-heal|p1a: Sinistcha|41/100 brn|[from] item: Leftovers\n|-damage|p1b: Archaludon|48/100 brn|[from] brn\n|-damage|p1a: Sinistcha|34/100 brn|[from] brn\n|upkeep\n|turn|7\n|inactive|PlayForDreams has 30 seconds left.\n|\n|t:|1776103678\n|move|p1a: Sinistcha|Rage Powder|p1a: Sinistcha\n|-singleturn|p1a: Sinistcha|move: Rage Powder\n|move|p2b: Archaludon|Dragon Pulse|p1a: Sinistcha\n|-damage|p1a: Sinistcha|0 fnt\n|faint|p1a: Sinistcha\n|move|p1b: Archaludon|Flash Cannon|p2b: Archaludon\n|-resisted|p2b: Archaludon|1\n|-damage|p2b: Archaludon|0 fnt\n|faint|p2b: Archaludon\n|move|p2a: Sinistcha|Matcha Gotcha|p1b: Archaludon\n|-resisted|p1b: Archaludon|2\n|-damage|p1b: Archaludon|36/100 brn\n|-heal|p2a: Sinistcha|79/100|[from] drain|[of] p1b: Archaludon\n|\n|-damage|p1b: Archaludon|30/100 brn|[from] brn\n|upkeep\n|\n|t:|1776103689\n|switch|p2b: Pelipper|Pelipper, L50, M|100/100\n|switch|p1a: Pelipper|Pelipper, L50, M|100/100\n|-weather|RainDance|[from] ability: Drizzle|[of] p1a: Pelipper\n|turn|8\n|\n|t:|1776103713\n|move|p1a: Pelipper|Hurricane|p2a: Sinistcha\n|-supereffective|p2a: Sinistcha|1\n|-damage|p2a: Sinistcha|0 fnt\n|faint|p2a: Sinistcha\n|move|p1b: Archaludon|Electro Shot||[still]\n|-prepare|p1b: Archaludon|Electro Shot\n|-boost|p1b: Archaludon|spa|1\n|-anim|p1b: Archaludon|Electro Shot|p2b: Pelipper\n|-supereffective|p2b: Pelipper|2\n|-enditem|p2b: Pelipper|Focus Sash\n|-damage|p2b: Pelipper|1/100\n|move|p2b: Pelipper|Tailwind|p2b: Pelipper\n|-sidestart|p2: coberdt|move: Tailwind\n|\n|-weather|RainDance|[upkeep]\n|-damage|p1b: Archaludon|24/100 brn|[from] brn\n|upkeep\n|\n|t:|1776103721\n|switch|p2a: Floette|Floette-Mega, L50, F|33/100\n|-ability|p2a: Floette|Fairy Aura\n|turn|9\n|\n|t:|1776103733\n|move|p2a: Floette|Dazzling Gleam|p1a: Pelipper|[spread] p1a,p1b\n|-damage|p1a: Pelipper|22/100\n|-damage|p1b: Archaludon|0 fnt\n|faint|p1b: Archaludon\n|move|p2b: Pelipper|Hurricane|p1a: Pelipper\n|-damage|p1a: Pelipper|0 fnt\n|faint|p1a: Pelipper\n|\n|-weather|RainDance|[upkeep]\n|upkeep\n|\n|t:|1776103738\n|switch|p1a: Starmie|Starmie, L50, shiny|100/100\n|turn|10\n|\n|t:|1776103753\n|detailschange|p1a: Starmie|Starmie-Mega, L50, shiny\n|-mega|p1a: Starmie|Starmie|Starminite\n|move|p2a: Floette|Protect|p2a: Floette\n|-singleturn|p2a: Floette|Protect\n|move|p1a: Starmie|Protect|p1a: Starmie\n|-singleturn|p1a: Starmie|Protect\n|move|p2b: Pelipper|Hurricane|p1a: Starmie\n|-activate|p1a: Starmie|move: Protect\n|\n|-weather|RainDance|[upkeep]\n|upkeep\n|turn|11\n|\n|t:|1776103761\n|move|p1a: Starmie|Aqua Jet|p2a: Floette\n|-damage|p2a: Floette|0 fnt\n|faint|p2a: Floette\n|move|p2b: Pelipper|Hurricane|p1a: Starmie\n|-damage|p1a: Starmie|47/100\n|\n|-weather|RainDance|[upkeep]\n|-sideend|p2: coberdt|move: Tailwind\n|upkeep\n|turn|12\n|\n|t:|1776103768\n|move|p1a: Starmie|Aqua Jet|p2b: Pelipper\n|-resisted|p2b: Pelipper|1\n|-damage|p2b: Pelipper|0 fnt\n|faint|p2b: Pelipper\n|\n|win|PlayForDreams\n|raw|PlayForDreams's rating: 1000 &rarr; <strong>1048</strong><br />(+48 for winning)\n|raw|coberdt's rating: 1070 &rarr; <strong>1045</strong><br />(-25 for losing)\n|c|\u2606PlayForDreams|gg\n",
  "uploadtime": 1776103772,
  "views": 17,
  "formatid": "gen9championsvgc2026regma",
  "rating": 1045,
  "private": 0,
  "password": null
}