{
  "id": "gen9championsvgc2026regma-2580750227",
  "format": "[Gen 9 Champions] VGC 2026 Reg M-A",
  "players": [
    "GinjaninjaRed",
    "savemelivie"
  ],
  "log": "|j|\u2606GinjaninjaRed\n|j|\u2606savemelivie\n|t:|1775929425\n|gametype|doubles\n|player|p1|GinjaninjaRed|red|1043\n|player|p2|savemelivie|swimmerf-gen4|1000\n|gen|9\n|tier|[Gen 9 Champions] VGC 2026 Reg M-A\n|rated|\n|rule|Species Clause: Limit one of each Pok\u00e9mon\n|rule|Item Clause: Limit 1 of each item\n|clearpoke\n|poke|p1|Chesnaught, L50, F|\n|poke|p1|Corviknight, L50, F|\n|poke|p1|Gyarados, L50, M|\n|poke|p1|Arcanine-Hisui, L50, F|\n|poke|p1|Pelipper, L50, F|\n|poke|p1|Archaludon, L50, F|\n|poke|p2|Oranguru, L50, F|\n|poke|p2|Glimmora, L50, M|\n|poke|p2|Primarina, L50, F|\n|poke|p2|Mudsdale, L50, F|\n|teampreview|4\n|inactive|Battle timer is ON: inactive players will automatically lose when time's up. (requested by GinjaninjaRed)\nsavemelivie rejected open team sheets.\n|inactive|GinjaninjaRed has 60 seconds left.\n|\n|t:|1775929465\n|teamsize|p1|4\n|teamsize|p2|4\n|start\n|switch|p1a: Chesnaught|Chesnaught, L50, F|100/100\n|switch|p1b: Arcanine|Arcanine-Hisui, L50, F|100/100\n|switch|p2a: Oranguru|Oranguru, L50, F|100/100\n|switch|p2b: Glimmora|Glimmora, L50, M|100/100\n|turn|1\n|inactive|GinjaninjaRed has 30 seconds left.\n|\n|t:|1775929497\n|detailschange|p2b: Glimmora|Glimmora-Mega, L50, M\n|-mega|p2b: Glimmora|Glimmora|Glimmoranite\n|detailschange|p1a: Chesnaught|Chesnaught-Mega, L50, F\n|-mega|p1a: Chesnaught|Chesnaught|Chesnaughtite\n|move|p1b: Arcanine|Rock Slide|p2b: Glimmora|[spread] p2a,p2b\n|-damage|p2a: Oranguru|72/100\n|-damage|p2b: Glimmora|70/100\n|move|p2b: Glimmora|Sludge Wave|p1a: Chesnaught|[spread] p1a,p1b\n|-activate|p2a: Oranguru|ability: Telepathy\n|-supereffective|p1a: Chesnaught|1\n|-resisted|p1b: Arcanine|1\n|-damage|p1a: Chesnaught|33/100\n|-damage|p1b: Arcanine|63/100\n|move|p2a: Oranguru|Instruct|p2b: Glimmora\n|-singleturn|p2b: Glimmora|move: Instruct|[of] p2a: Oranguru\n|move|p2b: Glimmora|Sludge Wave|p1a: Chesnaught|[spread] p1a,p1b\n|-activate|p2a: Oranguru|ability: Telepathy\n|-supereffective|p1a: Chesnaught|1\n|-resisted|p1b: Arcanine|1\n|-damage|p1a: Chesnaught|0 fnt\n|-damage|p1b: Arcanine|31/100\n|faint|p1a: Chesnaught\n|\n|upkeep\n|\n|t:|1775929518\n|switch|p1a: Archaludon|Archaludon, L50, F|100/100\n|turn|2\n|\n|t:|1775929537\n|switch|p1a: Corviknight|Corviknight, L50, F|100/100\n|move|p1b: Arcanine|Rock Slide|p2b: Glimmora|[spread] p2a\n|-miss|p1b: Arcanine|p2b: Glimmora\n|-damage|p2a: Oranguru|41/100\n|move|p2b: Glimmora|Earth Power|p1a: Corviknight\n|-immune|p1a: Corviknight\n|cant|p2a: Oranguru|flinch\n|\n|upkeep\n|turn|3\n|\n|t:|1775929561\n|move|p2b: Glimmora|Spiky Shield|p2b: Glimmora\n|-singleturn|p2b: Glimmora|move: Protect\n|move|p1b: Arcanine|Rock Slide|p2a: Oranguru|[spread] \n|-activate|p2b: Glimmora|move: Protect\n|-miss|p1b: Arcanine|p2a: Oranguru\n|move|p1a: Corviknight|Bulk Up|p1a: Corviknight\n|-boost|p1a: Corviknight|atk|1\n|-boost|p1a: Corviknight|def|1\n|move|p2a: Oranguru|Taunt|p1a: Corviknight\n|-start|p1a: Corviknight|move: Taunt\n|\n|upkeep\n|turn|4\n|inactive|GinjaninjaRed has 30 seconds left.\n|\n|t:|1775929591\n|move|p1b: Arcanine|Rock Slide|p2a: Oranguru|[spread] p2a,p2b\n|-damage|p2a: Oranguru|10/100\n|-damage|p2b: Glimmora|44/100\n|move|p2b: Glimmora|Power Gem|p1a: Corviknight\n|-damage|p1a: Corviknight|45/100\n|move|p1a: Corviknight|Body Press|p2a: Oranguru\n|-damage|p2a: Oranguru|0 fnt\n|faint|p2a: Oranguru\n|\n|-heal|p1a: Corviknight|51/100|[from] item: Leftovers\n|upkeep\n|\n|t:|1775929610\n|switch|p2a: Primarina|Primarina, L50, F|100/100\n|turn|5\n|\n|t:|1775929625\n|move|p2b: Glimmora|Spiky Shield|p2b: Glimmora\n|-singleturn|p2b: Glimmora|move: Protect\n|move|p1b: Arcanine|Rock Slide|p2a: Primarina|[spread] p2a\n|-activate|p2b: Glimmora|move: Protect\n|-damage|p2a: Primarina|70/100\n|move|p1a: Corviknight|Brave Bird|p2a: Primarina\n|-damage|p2a: Primarina|4/100\n|-damage|p1a: Corviknight|31/100|[from] Recoil\n|cant|p2a: Primarina|flinch\n|\n|-heal|p1a: Corviknight|37/100|[from] item: Leftovers\n|-heal|p2a: Primarina|10/100|[from] item: Leftovers\n|upkeep\n|turn|6\n|inactive|savemelivie has 30 seconds left.\n|\n|t:|1775929652\n|move|p1b: Arcanine|Rock Slide|p2a: Primarina|[spread] p2a,p2b\n|-damage|p2a: Primarina|0 fnt\n|-damage|p2b: Glimmora|15/100\n|faint|p2a: Primarina\n|move|p2b: Glimmora|Power Gem|p1a: Corviknight\n|-damage|p1a: Corviknight|0 fnt\n|faint|p1a: Corviknight\n|\n|upkeep\n|\n|t:|1775929660\n|switch|p1a: Archaludon|Archaludon, L50, F|100/100\n|switch|p2a: Mudsdale|Mudsdale, L50, F|100/100\n|turn|7\n|\n|t:|1775929676\n|move|p2b: Glimmora|Spiky Shield|p2b: Glimmora\n|-singleturn|p2b: Glimmora|move: Protect\n|move|p1b: Arcanine|Rock Slide|p2a: Mudsdale|[spread] \n|-activate|p2b: Glimmora|move: Protect\n|-miss|p1b: Arcanine|p2a: Mudsdale\n|move|p1a: Archaludon|Dragon Pulse|p2a: Mudsdale\n|-damage|p2a: Mudsdale|70/100\n|-ability|p2a: Mudsdale|Stamina|boost\n|-boost|p2a: Mudsdale|def|1\n|move|p2a: Mudsdale|Iron Defense|p2a: Mudsdale\n|-boost|p2a: Mudsdale|def|2\n|\n|upkeep\n|turn|8\n|\n|t:|1775929698\n|move|p1b: Arcanine|Rock Slide|p2a: Mudsdale|[spread] p2a\n|-miss|p1b: Arcanine|p2b: Glimmora\n|-resisted|p2a: Mudsdale|1\n|-damage|p2a: Mudsdale|65/100\n|-ability|p2a: Mudsdale|Stamina|boost\n|-boost|p2a: Mudsdale|def|1\n|move|p2b: Glimmora|Earth Power|p1a: Archaludon\n|-supereffective|p1a: Archaludon|1\n|-ability|p1a: Archaludon|Sturdy\n|-damage|p1a: Archaludon|1/100\n|move|p1a: Archaludon|Dragon Pulse|p2a: Mudsdale\n|-damage|p2a: Mudsdale|30/100\n|-ability|p2a: Mudsdale|Stamina|boost\n|-boost|p2a: Mudsdale|def|1\n|move|p2a: Mudsdale|Body Press|p1a: Archaludon\n|-supereffective|p1a: Archaludon|1\n|-damage|p1a: Archaludon|0 fnt\n|faint|p1a: Archaludon\n|\n|upkeep\n|turn|9\n|-message|GinjaninjaRed forfeited.\n|\n|win|savemelivie\n|raw|GinjaninjaRed's rating: 1043 &rarr; <strong>1025</strong><br />(-18 for losing)\n|raw|savemelivie's rating: 1000 &rarr; <strong>1045</strong><br />(+45 for winning)\n|l|\u2606GinjaninjaRed\n|player|p1|\n",
  "uploadtime": 1775929721,
  "views": 22,
  "formatid": "gen9championsvgc2026regma",
  "rating": 1025,
  "private": 0,
  "password": null
}