{
  "id": "gen9championsvgc2026regma-2587614295",
  "format": "[Gen 9 Champions] VGC 2026 Reg M-A",
  "players": [
    "sabmann",
    "GenericEdgeLrd"
  ],
  "log": "|j|\u2606sabmann\n|j|\u2606GenericEdgeLrd\n|t:|1776547096\n|gametype|doubles\n|player|p1|sabmann|clerkf|1098\n|player|p2|GenericEdgeLrd|gentleman-gen4|1078\n|gen|9\n|tier|[Gen 9 Champions] VGC 2026 Reg M-A\n|rated|\n|rule|Species Clause: Limit one of each Pok\u00e9mon\n|rule|Item Clause: Limit 1 of each item\n|clearpoke\n|poke|p1|Florges, L50, F|\n|poke|p1|Meowscarada, L50, M|\n|poke|p1|Incineroar, L50, M|\n|poke|p1|Dragapult, L50, F|\n|poke|p1|Glimmora, L50, F|\n|poke|p1|Rotom-Wash, L50|\n|poke|p2|Glimmora, L50, F, shiny|\n|poke|p2|Orthworm, L50, F|\n|poke|p2|Garchomp, L50, M|\n|poke|p2|Sinistcha, L50|\n|poke|p2|Sneasler, L50, M|\n|poke|p2|Incineroar, L50, M|\n|teampreview|4\n|inactive|Battle timer is ON: inactive players will automatically lose when time's up. (requested by GenericEdgeLrd)\n|\n|t:|1776547108\n|teamsize|p1|4\n|teamsize|p2|4\n|start\n|switch|p1a: Dragapult|Dragapult, L50, F|100/100\n|switch|p1b: Incineroar|Incineroar, L50, M|100/100\n|switch|p2a: Garchomp|Garchomp, L50, M|100/100\n|switch|p2b: Orthworm|Orthworm, L50, F|100/100\n|-ability|p1b: Incineroar|Intimidate|boost\n|-unboost|p2a: Garchomp|atk|1\n|-unboost|p2b: Orthworm|atk|1\n|turn|1\n|inactive|sabmann has 30 seconds left.\n|\n|t:|1776547138\n|move|p2a: Garchomp|Protect|p2a: Garchomp\n|-singleturn|p2a: Garchomp|Protect\n|move|p1b: Incineroar|Fake Out|p2a: Garchomp\n|-activate|p2a: Garchomp|move: Protect\n|move|p1a: Dragapult|Dragon Claw|p2a: Garchomp\n|-activate|p2a: Garchomp|move: Protect\n|move|p2b: Orthworm|Shed Tail|p2b: Orthworm\n|-start|p2b: Orthworm|Substitute|[from] move: Shed Tail\n|-damage|p2b: Orthworm|50/100\n|\n|t:|1776547148\n|switch|p2b: Glimmora|Glimmora, L50, F, shiny|100/100|[from] Shed Tail\n|\n|upkeep\n|turn|2\n|\n|t:|1776547170\n|switch|p2a: Orthworm|Orthworm, L50, F|50/100\n|detailschange|p2b: Glimmora|Glimmora-Mega, L50, F, shiny\n|-mega|p2b: Glimmora|Glimmora|Glimmoranite\n|move|p1a: Dragapult|Psychic Fangs|p2b: Glimmora\n|-supereffective|p2b: Glimmora|1\n|-end|p2b: Glimmora|Substitute\n|move|p2b: Glimmora|Mortal Spin|p1a: Dragapult|[spread] p1a,p1b\n|-resisted|p1a: Dragapult|1\n|-damage|p1a: Dragapult|93/100\n|-damage|p1b: Incineroar|90/100\n|-status|p1a: Dragapult|psn\n|-status|p1b: Incineroar|psn\n|move|p1b: Incineroar|Flare Blitz|p2b: Glimmora\n|-resisted|p2b: Glimmora|1\n|-crit|p2b: Glimmora\n|-damage|p2b: Glimmora|49/100\n|-damage|p1b: Incineroar|74/100 psn|[from] Recoil\n|\n|-heal|p2a: Orthworm|56/100|[from] item: Leftovers\n|-damage|p1a: Dragapult|80/100 psn|[from] psn\n|-damage|p1b: Incineroar|62/100 psn|[from] psn\n|upkeep\n|turn|3\n|\n|t:|1776547193\n|switch|p1a: Rotom|Rotom-Wash, L50|100/100\n|switch|p2b: Sinistcha|Sinistcha, L50|100/100\n|-heal|p2a: Orthworm|81/100|[from] ability: Hospitality|[of] p2b: Sinistcha\n|switch|p1b: Glimmora|Glimmora, L50, F|100/100\n|move|p2a: Orthworm|Protect||[still]\n|-fail|p2a: Orthworm\n|\n|-heal|p2a: Orthworm|88/100|[from] item: Leftovers\n|upkeep\n|turn|4\n|\n|t:|1776547211\n|detailschange|p1b: Glimmora|Glimmora-Mega, L50, F\n|-mega|p1b: Glimmora|Glimmora|Glimmoranite\n|move|p2a: Orthworm|Helping Hand|p2b: Sinistcha\n|-singleturn|p2b: Sinistcha|Helping Hand|[of] p2a: Orthworm\n|move|p1b: Glimmora|Sludge Bomb|p2b: Sinistcha\n|-damage|p2b: Sinistcha|14/100\n|-enditem|p2b: Sinistcha|Sitrus Berry|[eat]\n|-heal|p2b: Sinistcha|39/100|[from] item: Sitrus Berry\n|move|p1a: Rotom|Shadow Ball|p2b: Sinistcha\n|-supereffective|p2b: Sinistcha|1\n|-damage|p2b: Sinistcha|0 fnt\n|faint|p2b: Sinistcha\n|\n|-heal|p2a: Orthworm|94/100|[from] item: Leftovers\n|upkeep\n|\n|t:|1776547227\n|switch|p2b: Garchomp|Garchomp, L50, M|100/100\n|turn|5\n|\n|t:|1776547250\n|switch|p1b: Incineroar|Incineroar, L50, M|62/100 psn\n|-ability|p1b: Incineroar|Intimidate|boost\n|-unboost|p2a: Orthworm|atk|1\n|-unboost|p2b: Garchomp|atk|1\n|move|p2b: Garchomp|Earthquake|p1b: Incineroar|[spread] p1b\n|-heal|p2a: Orthworm|100/100|[from] ability: Earth Eater|[of] p2b: Garchomp\n|-immune|p1a: Rotom|[from] ability: Levitate\n|-supereffective|p1b: Incineroar|1\n|-damage|p1b: Incineroar|6/100 psn\n|-enditem|p1b: Incineroar|Sitrus Berry|[eat]\n|-heal|p1b: Incineroar|31/100 psn|[from] item: Sitrus Berry\n|move|p1a: Rotom|Hydro Pump|p2b: Garchomp|[miss]\n|-miss|p1a: Rotom|p2b: Garchomp\n|move|p2a: Orthworm|Shed Tail|p2a: Orthworm\n|-start|p2a: Orthworm|Substitute|[from] move: Shed Tail\n|-damage|p2a: Orthworm|50/100\n|\n|t:|1776547261\n|switch|p2a: Glimmora|Glimmora-Mega, L50, F, shiny|49/100|[from] Shed Tail\n|\n|-damage|p1b: Incineroar|19/100 psn|[from] psn\n|upkeep\n|turn|6\n|\n|t:|1776547275\n|switch|p2b: Orthworm|Orthworm, L50, F|50/100\n|move|p1b: Incineroar|Fake Out|p2b: Orthworm\n|-resisted|p2b: Orthworm|1\n|-damage|p2b: Orthworm|46/100\n|move|p2a: Glimmora|Power Gem|p1a: Rotom\n|-damage|p1a: Rotom|22/100\n|move|p1a: Rotom|Hydro Pump|p2a: Glimmora\n|-supereffective|p2a: Glimmora|1\n|-end|p2a: Glimmora|Substitute\n|\n|-heal|p1a: Rotom|27/100|[from] item: Leftovers\n|-heal|p2b: Orthworm|52/100|[from] item: Leftovers\n|-damage|p1b: Incineroar|7/100 psn|[from] psn\n|upkeep\n|turn|7\n|inactive|sabmann has 30 seconds left.\n|\n|t:|1776547302\n|move|p1a: Rotom|Protect|p1a: Rotom\n|-singleturn|p1a: Rotom|Protect\n|move|p2b: Orthworm|Protect|p2b: Orthworm\n|-singleturn|p2b: Orthworm|Protect\n|move|p2a: Glimmora|Sludge Wave|p1b: Incineroar|[spread] p1b\n|-activate|p2b: Orthworm|move: Protect\n|-activate|p1a: Rotom|move: Protect\n|-damage|p1b: Incineroar|0 fnt\n|faint|p1b: Incineroar\n|\n|-heal|p1a: Rotom|33/100|[from] item: Leftovers\n|-heal|p2b: Orthworm|59/100|[from] item: Leftovers\n|upkeep\n|\n|t:|1776547316\n|switch|p1b: Glimmora|Glimmora-Mega, L50, F|100/100\n|turn|8\n|\n|t:|1776547334\n|switch|p2a: Garchomp|Garchomp, L50, M|100/100\n|move|p1b: Glimmora|Earth Power|p2b: Orthworm\n|-heal|p2b: Orthworm|84/100|[from] ability: Earth Eater|[of] p1b: Glimmora\n|move|p1a: Rotom|Hydro Pump|p2a: Garchomp\n|-crit|p2a: Garchomp\n|-damage|p2a: Garchomp|25/100\n|move|p2b: Orthworm|Shed Tail|p2b: Orthworm\n|-start|p2b: Orthworm|Substitute|[from] move: Shed Tail\n|-damage|p2b: Orthworm|33/100\n|\n|t:|1776547343\n|switch|p2b: Glimmora|Glimmora-Mega, L50, F, shiny|49/100|[from] Shed Tail\n|\n|-heal|p1a: Rotom|38/100|[from] item: Leftovers\n|upkeep\n|turn|9\n|\n|t:|1776547356\n|move|p2a: Garchomp|Earthquake|p1b: Glimmora|[spread] p2b,p1b\n|-immune|p1a: Rotom|[from] ability: Levitate\n|-supereffective|p2b: Glimmora|2\n|-end|p2b: Glimmora|Substitute\n|-supereffective|p1b: Glimmora|2\n|-damage|p1b: Glimmora|0 fnt\n|faint|p1b: Glimmora\n|move|p2b: Glimmora|Power Gem|p1a: Rotom\n|-damage|p1a: Rotom|0 fnt\n|faint|p1a: Rotom\n|\n|upkeep\n|\n|t:|1776547367\n|switch|p1a: Dragapult|Dragapult, L50, F|80/100 psn\n|turn|10\n|\n|t:|1776547375\n|switch|p2b: Orthworm|Orthworm, L50, F|33/100\n|move|p1a: Dragapult|Dragon Claw|p2b: Orthworm\n|-resisted|p2b: Orthworm|1\n|-damage|p2b: Orthworm|21/100\n|move|p2a: Garchomp|Earthquake|p1a: Dragapult|[spread] p1a\n|-heal|p2b: Orthworm|46/100|[from] ability: Earth Eater|[of] p2a: Garchomp\n|-damage|p1a: Dragapult|14/100 psn\n|\n|-heal|p2b: Orthworm|52/100|[from] item: Leftovers\n|-damage|p1a: Dragapult|2/100 psn|[from] psn\n|upkeep\n|turn|11\n|-message|sabmann forfeited.\n|\n|win|GenericEdgeLrd\n|raw|sabmann's rating: 1098 &rarr; <strong>1072</strong><br />(-26 for losing)\n|raw|GenericEdgeLrd's rating: 1078 &rarr; <strong>1108</strong><br />(+30 for winning)\n|l|\u2606sabmann\n|player|p1|\n",
  "uploadtime": 1776547386,
  "views": 16,
  "formatid": "gen9championsvgc2026regma",
  "rating": 1072,
  "private": 0,
  "password": null
}