{
  "id": "gen9championsvgc2026regma-2582851623",
  "format": "[Gen 9 Champions] VGC 2026 Reg M-A",
  "players": [
    "Jose m gladion",
    "Patatuela_8"
  ],
  "log": "|j|\u2606Jose m gladion\n|j|\u2606Patatuela_8\n|t:|1776119118\n|gametype|doubles\n|player|p1|Jose m gladion|cynthia|1051\n|player|p2|Patatuela_8|101|1050\n|gen|9\n|tier|[Gen 9 Champions] VGC 2026 Reg M-A\n|rated|\n|rule|Species Clause: Limit one of each Pok\u00e9mon\n|rule|Item Clause: Limit 1 of each item\n|clearpoke\n|poke|p1|Maushold, L50|\n|poke|p1|Gardevoir, L50, F|\n|poke|p1|Garchomp, L50, F|\n|poke|p1|Rotom-Wash, L50|\n|poke|p1|Gengar, L50, F|\n|poke|p1|Sableye, L50, M|\n|poke|p2|Whimsicott, L50, M|\n|poke|p2|Heliolisk, L50, F|\n|poke|p2|Sinistcha, L50|\n|poke|p2|Charizard, L50, M|\n|poke|p2|Venusaur, L50, F|\n|poke|p2|Aegislash, L50, M|\n|teampreview|4\n|inactive|Battle timer is ON: inactive players will automatically lose when time's up. (requested by Jose m gladion)\n|\n|t:|1776119144\n|teamsize|p1|4\n|teamsize|p2|4\n|start\n|switch|p1a: Maushold|Maushold, L50, shiny|100/100\n|switch|p1b: Gardevoir|Gardevoir, L50, F|100/100\n|switch|p2a: Whimsicott|Whimsicott, L50, M|100/100\n|switch|p2b: Heliolisk|Heliolisk, L50, F|100/100\n|turn|1\n|\n|t:|1776119163\n|detailschange|p1b: Gardevoir|Gardevoir-Mega, L50, F\n|-mega|p1b: Gardevoir|Gardevoir|Gardevoirite\n|move|p1a: Maushold|Follow Me|p1a: Maushold\n|-singleturn|p1a: Maushold|move: Follow Me\n|move|p2a: Whimsicott|Sunny Day|p2a: Whimsicott\n|-weather|SunnyDay\n|move|p2b: Heliolisk|Hyper Voice|p1a: Maushold|[spread] p1a,p1b\n|-damage|p1a: Maushold|34/100\n|-damage|p1b: Gardevoir|63/100\n|move|p1b: Gardevoir|Hyper Voice|p2b: Heliolisk|[spread] p2a,p2b\n|-damage|p2a: Whimsicott|1/100\n|-damage|p2b: Heliolisk|17/100\n|\n|-weather|SunnyDay|[upkeep]\n|-damage|p2b: Heliolisk|5/100|[from] ability: Solar Power|[of] p2b: Heliolisk\n|upkeep\n|turn|2\n|\n|t:|1776119184\n|switch|p2a: Sinistcha|Sinistcha, L50|100/100\n|-heal|p2b: Heliolisk|30/100|[from] ability: Hospitality|[of] p2a: Sinistcha\n|move|p1b: Gardevoir|Protect|p1b: Gardevoir\n|-singleturn|p1b: Gardevoir|Protect\n|move|p2b: Heliolisk|Hyper Voice|p1a: Maushold|[spread] p1a\n|-activate|p1b: Gardevoir|move: Protect\n|-damage|p1a: Maushold|0 fnt\n|faint|p1a: Maushold\n|\n|-weather|SunnyDay|[upkeep]\n|-damage|p2b: Heliolisk|17/100|[from] ability: Solar Power|[of] p2b: Heliolisk\n|upkeep\n|\n|t:|1776119205\n|switch|p1a: Garchomp|Garchomp, L50, F, shiny|100/100\n|turn|3\n|\n|t:|1776119220\n|move|p2b: Heliolisk|Hyper Voice|p1a: Garchomp|[spread] p1a,p1b\n|-damage|p1a: Garchomp|40/100\n|-damage|p1b: Gardevoir|16/100\n|move|p1a: Garchomp|Rock Slide|p2a: Sinistcha|[spread] p2a,p2b\n|-damage|p2a: Sinistcha|83/100\n|-damage|p2b: Heliolisk|0 fnt\n|faint|p2b: Heliolisk\n|move|p1b: Gardevoir|Hyper Voice|p2a: Sinistcha\n|-damage|p2a: Sinistcha|0 fnt\n|faint|p2a: Sinistcha\n|\n|-weather|SunnyDay|[upkeep]\n|upkeep\n|\n|t:|1776119231\n|switch|p2b: Aegislash|Aegislash, L50, M|100/100\n|switch|p2a: Whimsicott|Whimsicott, L50, M|1/100\n|turn|4\n|\n|t:|1776119245\n|move|p1b: Gardevoir|Protect|p1b: Gardevoir\n|-singleturn|p1b: Gardevoir|Protect\n|move|p2a: Whimsicott|Encore|p1a: Garchomp\n|-start|p1a: Garchomp|Encore\n|-formechange|p2b: Aegislash|Aegislash-Blade|\n|move|p2b: Aegislash|Shadow Sneak|p1b: Gardevoir\n|-activate|p1b: Gardevoir|move: Protect\n|move|p1a: Garchomp|Rock Slide|p2b: Aegislash|[spread] p2a,p2b\n|-resisted|p2b: Aegislash|1\n|-damage|p2a: Whimsicott|0 fnt\n|-damage|p2b: Aegislash|84/100\n|faint|p2a: Whimsicott\n|\n|-weather|SunnyDay|[upkeep]\n|upkeep\n|turn|5\n|\n|t:|1776119264\n|move|p1a: Garchomp|Rock Slide|p2b: Aegislash\n|-resisted|p2b: Aegislash|1\n|-damage|p2b: Aegislash|60/100\n|move|p1b: Gardevoir|Mystical Fire|p2b: Aegislash\n|-supereffective|p2b: Aegislash|1\n|-damage|p2b: Aegislash|0 fnt\n|faint|p2b: Aegislash\n|\n|win|Jose m gladion\n|raw|Jose m gladion's rating: 1051 &rarr; <strong>1083</strong><br />(+32 for winning)\n|raw|Patatuela_8's rating: 1050 &rarr; <strong>1033</strong><br />(-17 for losing)\n|l|\u2606Patatuela_8\n|player|p2|\n",
  "uploadtime": 1776119452,
  "views": 10,
  "formatid": "gen9championsvgc2026regma",
  "rating": 1033,
  "private": 0,
  "password": null
}