{
  "id": "gen9championsvgc2026regma-2583177714",
  "format": "[Gen 9 Champions] VGC 2026 Reg M-A",
  "players": [
    "Echlics",
    "tzarii"
  ],
  "log": "|j|\u2606Echlics\n|j|\u2606tzarii\n|t:|1776151411\n|gametype|doubles\n|player|p1|Echlics|hilda-wonderlauncher|1184\n|player|p2|tzarii|lady-gen4|1155\n|gen|9\n|tier|[Gen 9 Champions] VGC 2026 Reg M-A\n|rated|\n|rule|Species Clause: Limit one of each Pok\u00e9mon\n|rule|Item Clause: Limit 1 of each item\n|clearpoke\n|poke|p1|Corviknight, L50, M|\n|poke|p1|Primarina, L50, F|\n|poke|p1|Sinistcha, L50|\n|poke|p1|Excadrill, L50, M|\n|poke|p1|Tyranitar, L50, F|\n|poke|p1|Incineroar, L50, M|\n|poke|p2|Blastoise, L50, M|\n|poke|p2|Sinistcha, L50|\n|poke|p2|Sneasler, L50, M|\n|poke|p2|Kingambit, L50, M|\n|poke|p2|Aerodactyl, L50, M|\n|poke|p2|Pelipper, L50, F|\n|teampreview|4\n|inactive|Battle timer is ON: inactive players will automatically lose when time's up. (requested by tzarii)\n|\n|t:|1776151448\n|teamsize|p1|4\n|teamsize|p2|4\n|start\n|switch|p1a: Tyranitar|Tyranitar, L50, F|100/100\n|switch|p1b: Excadrill|Excadrill, L50, M|100/100\n|switch|p2a: Blastoise|Blastoise, L50, M|100/100\n|switch|p2b: Sinistcha|Sinistcha, L50|100/100\n|-weather|Sandstorm|[from] ability: Sand Stream|[of] p1a: Tyranitar\n|turn|1\n|\n|t:|1776151462\n|detailschange|p2a: Blastoise|Blastoise-Mega, L50, M\n|-mega|p2a: Blastoise|Blastoise|Blastoisinite\n|move|p1a: Tyranitar|Protect|p1a: Tyranitar\n|-singleturn|p1a: Tyranitar|Protect\n|move|p2b: Sinistcha|Rage Powder|p2b: Sinistcha\n|-singleturn|p2b: Sinistcha|move: Rage Powder\n|move|p1b: Excadrill|Earthquake|p2a: Blastoise|[spread] p2a,p2b\n|-activate|p1a: Tyranitar|move: Protect\n|-resisted|p2b: Sinistcha|1\n|-damage|p2a: Blastoise|54/100\n|-damage|p2b: Sinistcha|84/100\n|move|p2a: Blastoise|Shell Smash|p2a: Blastoise\n|-unboost|p2a: Blastoise|def|1\n|-unboost|p2a: Blastoise|spd|1\n|-boost|p2a: Blastoise|atk|2\n|-boost|p2a: Blastoise|spa|2\n|-boost|p2a: Blastoise|spe|2\n|\n|-weather|Sandstorm|[upkeep]\n|-damage|p2a: Blastoise|48/100|[from] Sandstorm\n|-damage|p2b: Sinistcha|78/100|[from] Sandstorm\n|upkeep\n|turn|2\n|inactive|Echlics has 30 seconds left.\n|inactive|Echlics has 20 seconds left.\n|inactive|Echlics has 15 seconds left.\n|inactive|Echlics has 10 seconds left.\n|inactive|Echlics has 5 seconds left.\n|\n|t:|1776151516\n|switch|p1a: Sinistcha|Sinistcha, L50|100/100\n|move|p2a: Blastoise|Protect|p2a: Blastoise\n|-singleturn|p2a: Blastoise|Protect\n|move|p1b: Excadrill|Earthquake|p2b: Sinistcha|[spread] p1a,p2b\n|-activate|p2a: Blastoise|move: Protect\n|-resisted|p1a: Sinistcha|1\n|-resisted|p2b: Sinistcha|1\n|-damage|p1a: Sinistcha|79/100\n|-damage|p2b: Sinistcha|61/100\n|move|p2b: Sinistcha|Matcha Gotcha|p1a: Sinistcha|[spread] p1a,p1b\n|-resisted|p1a: Sinistcha|1\n|-damage|p1a: Sinistcha|63/100\n|-heal|p2b: Sinistcha|69/100|[from] drain|[of] p1a: Sinistcha\n|-damage|p1b: Excadrill|67/100\n|-heal|p2b: Sinistcha|87/100|[from] drain|[of] p1b: Excadrill\n|-status|p1b: Excadrill|brn\n|\n|-weather|Sandstorm|[upkeep]\n|-damage|p2a: Blastoise|42/100|[from] Sandstorm\n|-damage|p1a: Sinistcha|57/100|[from] Sandstorm\n|-damage|p2b: Sinistcha|81/100|[from] Sandstorm\n|-damage|p1b: Excadrill|61/100 brn|[from] brn\n|upkeep\n|turn|3\n|inactive|tzarii has 30 seconds left.\n|inactive|Echlics has 30 seconds left.\n|inactive|tzarii has 20 seconds left.\n|\n|t:|1776151561\n|switch|p2b: Pelipper|Pelipper, L50, F|100/100\n|-weather|RainDance|[from] ability: Drizzle|[of] p2b: Pelipper\n|move|p1b: Excadrill|Protect|p1b: Excadrill\n|-singleturn|p1b: Excadrill|Protect\n|move|p2a: Blastoise|Ice Beam|p1a: Sinistcha\n|-supereffective|p1a: Sinistcha|1\n|-damage|p1a: Sinistcha|0 fnt\n|faint|p1a: Sinistcha\n|\n|-weather|RainDance|[upkeep]\n|-damage|p1b: Excadrill|55/100 brn|[from] brn\n|upkeep\n|\n|t:|1776151570\n|switch|p1a: Tyranitar|Tyranitar, L50, F|100/100\n|-weather|Sandstorm|[from] ability: Sand Stream|[of] p1a: Tyranitar\n|turn|4\n|\n|t:|1776151584\n|switch|p2b: Sinistcha|Sinistcha, L50|81/100\n|-heal|p2a: Blastoise|67/100|[from] ability: Hospitality|[of] p2b: Sinistcha\n|detailschange|p1a: Tyranitar|Tyranitar-Mega, L50, F\n|-mega|p1a: Tyranitar|Tyranitar|Tyranitarite\n|move|p2a: Blastoise|Protect|p2a: Blastoise\n|-singleturn|p2a: Blastoise|Protect\n|move|p1b: Excadrill|Iron Head|p2b: Sinistcha\n|-damage|p2b: Sinistcha|64/100\n|move|p1a: Tyranitar|Rock Slide|p2b: Sinistcha|[spread] p2b\n|-activate|p2a: Blastoise|move: Protect\n|-damage|p2b: Sinistcha|35/100\n|-enditem|p2b: Sinistcha|Sitrus Berry|[eat]\n|-heal|p2b: Sinistcha|59/100|[from] item: Sitrus Berry\n|\n|-weather|Sandstorm|[upkeep]\n|-damage|p2a: Blastoise|61/100|[from] Sandstorm\n|-damage|p2b: Sinistcha|53/100|[from] Sandstorm\n|-damage|p1b: Excadrill|49/100 brn|[from] brn\n|upkeep\n|turn|5\n|inactive|Echlics has 30 seconds left.\n|\n|t:|1776151616\n|switch|p2b: Pelipper|Pelipper, L50, F|100/100\n|-weather|RainDance|[from] ability: Drizzle|[of] p2b: Pelipper\n|move|p2a: Blastoise|Water Spout|p1a: Tyranitar|[spread] p1a,p1b\n|-supereffective|p1a: Tyranitar|1\n|-supereffective|p1b: Excadrill|1\n|-damage|p1a: Tyranitar|0 fnt\n|-damage|p1b: Excadrill|0 fnt\n|faint|p1a: Tyranitar\n|faint|p1b: Excadrill\n|\n|-weather|RainDance|[upkeep]\n|upkeep\n|-message|Echlics forfeited.\n|\n|win|tzarii\n|raw|Echlics's rating: 1184 &rarr; <strong>1157</strong><br />(-27 for losing)\n|raw|tzarii's rating: 1155 &rarr; <strong>1182</strong><br />(+27 for winning)\n|l|\u2606Echlics\n|player|p1|\n|l|\u2606tzarii\n|player|p2|\n|j|\u2606tzarii\n|player|p2|tzarii|lady-gen4|\n",
  "uploadtime": 1776151696,
  "views": 17,
  "formatid": "gen9championsvgc2026regma",
  "rating": 1157,
  "private": 0,
  "password": null
}