{
  "id": "gen9championsvgc2026regma-2583681123",
  "format": "[Gen 9 Champions] VGC 2026 Reg M-A",
  "players": [
    "porpal_goji",
    "Dan20120"
  ],
  "log": "|j|\u2606porpal_goji\n|j|\u2606Dan20120\n|t:|1776190680\n|gametype|doubles\n|player|p1|porpal_goji|clair|1044\n|player|p2|Dan20120|n|1012\n|gen|9\n|tier|[Gen 9 Champions] VGC 2026 Reg M-A\n|rated|\n|rule|Species Clause: Limit one of each Pok\u00e9mon\n|rule|Item Clause: Limit 1 of each item\n|clearpoke\n|poke|p1|Manectric, L50, M|\n|poke|p1|Alcremie-Mint-Cream, L50, F|\n|poke|p1|Incineroar, L50, F|\n|poke|p1|Gyarados, L50, F|\n|poke|p1|Sinistcha, L50|\n|poke|p1|Altaria, L50, M|\n|poke|p2|Drampa, L50, F|\n|poke|p2|Alakazam, L50, M|\n|poke|p2|Scizor, L50, M|\n|poke|p2|Pelipper, L50, M|\n|poke|p2|Basculegion, L50, M|\n|poke|p2|Sinistcha, L50|\n|teampreview|4\n|inactive|Battle timer is ON: inactive players will automatically lose when time's up. (requested by Dan20120)\n|\n|t:|1776190708\n|teamsize|p1|4\n|teamsize|p2|4\n|start\n|switch|p1a: Sinistcha|Sinistcha, L50|100/100\n|switch|p1b: Incineroar|Incineroar, L50, F|100/100\n|switch|p2a: Drampa|Drampa, L50, F|100/100\n|switch|p2b: Alakazam|Alakazam, L50, M|100/100\n|-ability|p1b: Incineroar|Intimidate|boost\n|-unboost|p2a: Drampa|atk|1\n|-fail|p2b: Alakazam|unboost|Attack|[from] ability: Inner Focus|[of] p2b: Alakazam\n|turn|1\n|\n|t:|1776190726\n|move|p2a: Drampa|Protect|p2a: Drampa\n|-singleturn|p2a: Drampa|Protect\n|move|p2b: Alakazam|Speed Swap|p2a: Drampa\n|-activate|p2a: Drampa|move: Protect\n|move|p1a: Sinistcha|Shadow Ball|p2b: Alakazam\n|-supereffective|p2b: Alakazam|1\n|-crit|p2b: Alakazam\n|-damage|p2b: Alakazam|0 fnt\n|faint|p2b: Alakazam\n|move|p1b: Incineroar|Throat Chop|p2a: Drampa\n|-activate|p2a: Drampa|move: Protect\n|\n|upkeep\n|\n|t:|1776190740\n|switch|p2b: Sinistcha|Sinistcha, L50|100/100\n|turn|2\n|\n|t:|1776190754\n|detailschange|p2a: Drampa|Drampa-Mega, L50, F\n|-mega|p2a: Drampa|Drampa|Drampanite\n|move|p1a: Sinistcha|Shadow Ball|p2b: Sinistcha\n|-supereffective|p2b: Sinistcha|1\n|-damage|p2b: Sinistcha|3/100\n|-enditem|p2b: Sinistcha|Sitrus Berry|[eat]\n|-heal|p2b: Sinistcha|28/100|[from] item: Sitrus Berry\n|move|p1b: Incineroar|Throat Chop|p2a: Drampa\n|-damage|p2a: Drampa|60/100\n|-start|p2a: Drampa|Throat Chop|[silent]\n|move|p2a: Drampa|Earth Power|p1b: Incineroar\n|-supereffective|p1b: Incineroar|1\n|-damage|p1b: Incineroar|26/100\n|-enditem|p1b: Incineroar|Sitrus Berry|[eat]\n|-heal|p1b: Incineroar|51/100|[from] item: Sitrus Berry\n|move|p2b: Sinistcha|Trick Room|p2b: Sinistcha\n|-fieldstart|move: Trick Room|[of] p2b: Sinistcha\n|\n|upkeep\n|turn|3\n|inactive|Dan20120 has 30 seconds left.\n|\n|t:|1776190786\n|move|p2a: Drampa|Calm Mind|p2a: Drampa\n|-boost|p2a: Drampa|spa|1\n|-boost|p2a: Drampa|spd|1\n|move|p1b: Incineroar|Parting Shot|p2a: Drampa\n|-unboost|p2a: Drampa|atk|1\n|-unboost|p2a: Drampa|spa|1\n|\n|t:|1776190794\n|switch|p1b: Altaria|Altaria, L50, M|100/100|[from] Parting Shot\n|move|p2b: Sinistcha|Life Dew|p2b: Sinistcha|[spread] p2a,p2b\n|-heal|p2a: Drampa|85/100\n|-heal|p2b: Sinistcha|53/100\n|move|p1a: Sinistcha|Trick Room|p1a: Sinistcha\n|-fieldend|move: Trick Room\n|\n|-end|p2a: Drampa|Throat Chop|[silent]\n|upkeep\n|turn|4\n|\n|t:|1776190814\n|detailschange|p1b: Altaria|Altaria-Mega, L50, M\n|-mega|p1b: Altaria|Altaria|Altarianite\n|move|p1b: Altaria|Body Slam|p2a: Drampa\n|-supereffective|p2a: Drampa|1\n|-damage|p2a: Drampa|1/100\n|-ability|p2a: Drampa|Berserk|boost\n|-boost|p2a: Drampa|spa|1\n|move|p1a: Sinistcha|Shadow Ball|p2b: Sinistcha\n|-supereffective|p2b: Sinistcha|1\n|-damage|p2b: Sinistcha|0 fnt\n|faint|p2b: Sinistcha\n|move|p2a: Drampa|Hyper Voice|p1b: Altaria|[spread] p1b\n|-immune|p1a: Sinistcha\n|-damage|p1b: Altaria|26/100\n|\n|upkeep\n|\n|t:|1776190827\n|switch|p2b: Basculegion|Basculegion, L50, M|100/100\n|turn|5\n|\n|t:|1776190838\n|switch|p1b: Incineroar|Incineroar, L50, F|51/100\n|-ability|p1b: Incineroar|Intimidate|boost\n|-unboost|p2a: Drampa|atk|1\n|-unboost|p2b: Basculegion|atk|1\n|move|p2a: Drampa|Protect|p2a: Drampa\n|-singleturn|p2a: Drampa|Protect\n|move|p2b: Basculegion|Last Respects|p1a: Sinistcha\n|-supereffective|p1a: Sinistcha|1\n|-damage|p1a: Sinistcha|29/100\n|move|p1a: Sinistcha|Matcha Gotcha|p2b: Basculegion|[spread] p2b\n|-activate|p2a: Drampa|move: Protect\n|-supereffective|p2b: Basculegion|1\n|-damage|p2b: Basculegion|56/100\n|-heal|p1a: Sinistcha|57/100|[from] drain|[of] p2b: Basculegion\n|\n|-heal|p1a: Sinistcha|63/100|[from] item: Leftovers\n|upkeep\n|turn|6\n|\n|t:|1776190862\n|move|p1b: Incineroar|Fake Out|p2a: Drampa\n|-damage|p2a: Drampa|0 fnt\n|faint|p2a: Drampa\n|move|p2b: Basculegion|Aqua Jet|p1b: Incineroar\n|-supereffective|p1b: Incineroar|1\n|-damage|p1b: Incineroar|17/100\n|move|p1a: Sinistcha|Shadow Ball|p2b: Basculegion\n|-supereffective|p2b: Basculegion|1\n|-damage|p2b: Basculegion|0 fnt\n|faint|p2b: Basculegion\n|\n|win|porpal_goji\n|raw|porpal_goji's rating: 1044 &rarr; <strong>1074</strong><br />(+30 for winning)\n|raw|Dan20120's rating: 1012 &rarr; <strong>1001</strong><br />(-11 for losing)\n",
  "uploadtime": 1776190868,
  "views": 23,
  "formatid": "gen9championsvgc2026regma",
  "rating": 1001,
  "private": 0,
  "password": null
}