{
  "id": "gen9championsvgc2026regma-2586769880",
  "format": "[Gen 9 Champions] VGC 2026 Reg M-A",
  "players": [
    "AragonVGC",
    "Zalsto"
  ],
  "log": "|j|\u2606AragonVGC\n|j|\u2606Zalsto\n|t:|1776458502\n|gametype|doubles\n|player|p1|AragonVGC|adaman|1098\n|player|p2|Zalsto|170|1033\n|gen|9\n|tier|[Gen 9 Champions] VGC 2026 Reg M-A\n|rated|\n|rule|Species Clause: Limit one of each Pok\u00e9mon\n|rule|Item Clause: Limit 1 of each item\n|clearpoke\n|poke|p1|Golurk, L50|\n|poke|p1|Farigiraf, L50, M|\n|poke|p1|Incineroar, L50, F|\n|poke|p1|Torkoal, L50, F|\n|poke|p1|Sneasler, L50, M|\n|poke|p1|Venusaur, L50, M|\n|poke|p2|Banette, L50, F|\n|poke|p2|Scizor, L50, F|\n|poke|p2|Tauros-Paldea-Aqua, L50, M|\n|poke|p2|Rotom-Wash, L50|\n|poke|p2|Basculegion, L50, M|\n|poke|p2|Pelipper, L50, F|\n|teampreview|4\n|\n|t:|1776458528\n|teamsize|p1|4\n|teamsize|p2|4\n|start\n|switch|p1a: Sneasler|Sneasler, L50, M|100/100\n|switch|p1b: Farigiraf|Farigiraf, L50, M|100/100\n|switch|p2a: Scizor|Scizor, L50, F|100/100\n|switch|p2b: Tauros|Tauros-Paldea-Aqua, L50, M|100/100\n|-ability|p2b: Tauros|Intimidate|boost\n|-unboost|p1a: Sneasler|atk|1\n|-unboost|p1b: Farigiraf|atk|1\n|-enditem|p1a: Sneasler|White Herb\n|-clearnegativeboost|p1a: Sneasler|[silent]\n|turn|1\n|inactive|Battle timer is ON: inactive players will automatically lose when time's up. (requested by Zalsto)\n|inactive|Zalsto has 60 seconds left.\n|\n|t:|1776458564\n|detailschange|p2a: Scizor|Scizor-Mega, L50, F\n|-mega|p2a: Scizor|Scizor|Scizorite\n|move|p1a: Sneasler|Fake Out|p2a: Scizor\n|-resisted|p2a: Scizor|1\n|-damage|p2a: Scizor|95/100\n|move|p2b: Tauros|Wave Crash|p1a: Sneasler\n|-damage|p1a: Sneasler|10/100\n|-damage|p2b: Tauros|70/100|[from] Recoil\n|cant|p2a: Scizor|flinch\n|move|p1b: Farigiraf|Trick Room|p1b: Farigiraf\n|-fieldstart|move: Trick Room|[of] p1b: Farigiraf\n|\n|upkeep\n|turn|2\n|\n|t:|1776458584\n|move|p1b: Farigiraf|Psychic|p2b: Tauros\n|-supereffective|p2b: Tauros|1\n|-damage|p2b: Tauros|0 fnt\n|faint|p2b: Tauros\n|move|p2a: Scizor|Bug Bite|p1b: Farigiraf\n|-supereffective|p1b: Farigiraf|1\n|-damage|p1b: Farigiraf|9/100\n|-enditem|p1b: Farigiraf|Sitrus Berry|[from] stealeat|[move] Bug Bite|[of] p2a: Scizor\n|-heal|p2a: Scizor|100/100|[from] item: Sitrus Berry\n|move|p1a: Sneasler|Close Combat|p2a: Scizor\n|-damage|p2a: Scizor|54/100\n|-unboost|p1a: Sneasler|def|1\n|-unboost|p1a: Sneasler|spd|1\n|\n|upkeep\n|\n|t:|1776458598\n|switch|p2b: Pelipper|Pelipper, L50, F|100/100\n|-weather|RainDance|[from] ability: Drizzle|[of] p2b: Pelipper\n|turn|3\n|\n|t:|1776458621\n|switch|p1b: Golurk|Golurk, L50, shiny|100/100\n|switch|p1a: Torkoal|Torkoal, L50, F|100/100\n|-weather|SunnyDay|[from] ability: Drought|[of] p1a: Torkoal\n|move|p2b: Pelipper|Protect|p2b: Pelipper\n|-singleturn|p2b: Pelipper|Protect\n|move|p2a: Scizor|Bug Bite|p1a: Torkoal\n|-resisted|p1a: Torkoal|1\n|-damage|p1a: Torkoal|76/100\n|\n|-weather|SunnyDay|[upkeep]\n|upkeep\n|turn|4\n|inactive|AragonVGC has 30 seconds left.\n|\n|t:|1776458650\n|switch|p2b: Basculegion|Basculegion, L50, M|100/100\n|detailschange|p1b: Golurk|Golurk-Mega, L50, shiny\n|-mega|p1b: Golurk|Golurk|Golurkite\n|move|p2a: Scizor|Protect|p2a: Scizor\n|-singleturn|p2a: Scizor|Protect\n|move|p1a: Torkoal|Eruption|p2b: Basculegion|[spread] p2b\n|-activate|p2a: Scizor|move: Protect\n|-resisted|p2b: Basculegion|1\n|-damage|p2b: Basculegion|61/100\n|move|p1b: Golurk|Headlong Rush|p2a: Scizor\n|-ability|p1b: Golurk|Unseen Fist\n|-zbroken|p2a: Scizor\n|-damage|p2a: Scizor|40/100\n|-unboost|p1b: Golurk|def|1\n|-unboost|p1b: Golurk|spd|1\n|\n|-weather|SunnyDay|[upkeep]\n|upkeep\n|turn|5\n|c|\u2606Zalsto|what\n|inactive|AragonVGC has 30 seconds left.\n|inactive|Zalsto has 30 seconds left.\n|c|\u2606Zalsto|i thought it had adaptability\n|c|\u2606Zalsto|lol\n|inactive|Zalsto has 20 seconds left.\n|inactive|Zalsto has 15 seconds left.\n|inactive|Zalsto has 10 seconds left.\n|c|\u2606AragonVGC|nah thats legendza petod\n|inactive|Zalsto has 5 seconds left.\n|\n|t:|1776458702\n|switch|p2a: Pelipper|Pelipper, L50, F|100/100\n|-weather|RainDance|[from] ability: Drizzle|[of] p2a: Pelipper\n|move|p2b: Basculegion|Aqua Jet|p1a: Torkoal\n|-supereffective|p1a: Torkoal|1\n|-damage|p1a: Torkoal|21/100\n|move|p1a: Torkoal|Eruption|p2a: Pelipper|[spread] p2a,p2b\n|-resisted|p2a: Pelipper|1\n|-resisted|p2b: Basculegion|1\n|-damage|p2a: Pelipper|96/100\n|-damage|p2b: Basculegion|58/100\n|move|p1b: Golurk|Poltergeist|p2b: Basculegion\n|-activate|p2b: Basculegion|move: Poltergeist|Spell Tag\n|-supereffective|p2b: Basculegion|1\n|-damage|p2b: Basculegion|0 fnt\n|faint|p2b: Basculegion\n|\n|-weather|RainDance|[upkeep]\n|-fieldend|move: Trick Room\n|upkeep\n|c|\u2606Zalsto|ah okok\n|\n|t:|1776458713\n|switch|p2b: Scizor|Scizor-Mega, L50, F|40/100\n|turn|6\n|\n|t:|1776458738\n|move|p2a: Pelipper|Weather Ball|p1b: Golurk\n|-supereffective|p1b: Golurk|1\n|-damage|p1b: Golurk|0 fnt\n|faint|p1b: Golurk\n|move|p2b: Scizor|Bug Bite|p1a: Torkoal\n|-resisted|p1a: Torkoal|1\n|-damage|p1a: Torkoal|0 fnt\n|faint|p1a: Torkoal\n|\n|-weather|RainDance|[upkeep]\n|upkeep\n|\n|t:|1776458749\n|switch|p1b: Farigiraf|Farigiraf, L50, M|9/100\n|switch|p1a: Sneasler|Sneasler, L50, M|10/100\n|turn|7\n|c|\u2606AragonVGC|ggs\n|c|\u2606Zalsto|maybe not\n|\n|t:|1776458767\n|move|p2a: Pelipper|Protect|p2a: Pelipper\n|-singleturn|p2a: Pelipper|Protect\n|move|p2b: Scizor|Protect|p2b: Scizor\n|-singleturn|p2b: Scizor|Protect\n|move|p1a: Sneasler|Dire Claw|p2a: Pelipper\n|-activate|p2a: Pelipper|move: Protect\n|move|p1b: Farigiraf|Hyper Voice|p2a: Pelipper|[spread] \n|-activate|p2a: Pelipper|move: Protect\n|-activate|p2b: Scizor|move: Protect\n|\n|-weather|RainDance|[upkeep]\n|upkeep\n|turn|8\n|inactive|AragonVGC has 30 seconds left.\n|c|\u2606AragonVGC|and at single digits buddy\n|inactive|AragonVGC has 20 seconds left.\n|inactive|AragonVGC has 15 seconds left.\n|c|\u2606Zalsto|woah whatd i do to get called buddy\n|inactive|AragonVGC has 10 seconds left.\n|\n|t:|1776458815\n|move|p1a: Sneasler|Close Combat|p2b: Scizor\n|-damage|p2b: Scizor|0 fnt\n|-unboost|p1a: Sneasler|def|1\n|-unboost|p1a: Sneasler|spd|1\n|faint|p2b: Scizor\n|move|p2a: Pelipper|Weather Ball|p1b: Farigiraf\n|-damage|p1b: Farigiraf|0 fnt\n|faint|p1b: Farigiraf\n|\n|-weather|RainDance|[upkeep]\n|upkeep\n|turn|9\n|\n|t:|1776458830\n|move|p1a: Sneasler|Dire Claw|p2a: Pelipper\n|-damage|p2a: Pelipper|39/100\n|-status|p2a: Pelipper|slp\n|cant|p2a: Pelipper|slp\n|\n|-weather|none\n|upkeep\n|turn|10\n|c|\u2606Zalsto|hahahaha\n|c|\u2606AragonVGC|i call everyone buddy\n|c|\u2606AragonVGC|ayo rngesus\n|inactive|AragonVGC has 30 seconds left.\n|\n|t:|1776458855\n|move|p1a: Sneasler|Dire Claw|p2a: Pelipper\n|-damage|p2a: Pelipper|0 fnt\n|faint|p2a: Pelipper\n|\n|win|AragonVGC\n|raw|AragonVGC's rating: 1098 &rarr; <strong>1121</strong><br />(+23 for winning)\n|raw|Zalsto's rating: 1065 &rarr; <strong>1047</strong><br />(-18 for losing)\n|l|\u2606Zalsto\n|player|p2|\n|c|\u2606AragonVGC|ggs mate\n",
  "uploadtime": 1776458870,
  "views": 25,
  "formatid": "gen9championsvgc2026regma",
  "rating": 1047,
  "private": 0,
  "password": null
}