{
  "id": "gen9championsvgc2026regma-2581889261",
  "format": "[Gen 9 Champions] VGC 2026 Reg M-A",
  "players": [
    "zwcrazy",
    "ZJFoster"
  ],
  "log": "|j|\u2606zwcrazy\n|j|\u2606ZJFoster\n|t:|1776037028\n|gametype|doubles\n|player|p1|zwcrazy|beauty-gen4dp|1097\n|player|p2|ZJFoster|benga|1098\n|gen|9\n|tier|[Gen 9 Champions] VGC 2026 Reg M-A\n|rated|\n|rule|Species Clause: Limit one of each Pok\u00e9mon\n|rule|Item Clause: Limit 1 of each item\n|clearpoke\n|poke|p1|Kingambit, L50, F|\n|poke|p1|Sneasler, L50, F|\n|poke|p1|Talonflame, L50, M|\n|poke|p1|Garchomp, L50, F|\n|poke|p1|Froslass, L50, F|\n|poke|p1|Milotic, L50, M|\n|poke|p2|Torkoal, L50, M|\n|poke|p2|Golurk, L50|\n|poke|p2|Garchomp, L50, F|\n|poke|p2|Maushold-Four, L50|\n|poke|p2|Farigiraf, L50, F|\n|poke|p2|Slowbro, L50, F|\n|teampreview|4\n|\n|t:|1776037055\n|teamsize|p1|4\n|teamsize|p2|4\n|start\n|switch|p1a: Talonflame|Talonflame, L50, M|100/100\n|switch|p1b: Sneasler|Sneasler, L50, F|100/100\n|switch|p2a: se|Farigiraf, L50, F, shiny|100/100\n|switch|p2b: Sandial|Golurk, L50, shiny|100/100\n|turn|1\n|\n|t:|1776037076\n|detailschange|p2b: Sandial|Golurk-Mega, L50, shiny\n|-mega|p2b: Sandial|Golurk|Golurkite\n|move|p1a: Talonflame|Brave Bird||[still]\n|cant|p2a: se|ability: Armor Tail|Brave Bird|[of] p1a: Talonflame\n|move|p1b: Sneasler|Close Combat|p2a: se\n|-damage|p2a: se|43/100\n|-unboost|p1b: Sneasler|def|1\n|-unboost|p1b: Sneasler|spd|1\n|-enditem|p2a: se|Sitrus Berry|[eat]\n|-heal|p2a: se|68/100|[from] item: Sitrus Berry\n|move|p2b: Sandial|Headlong Rush|p1b: Sneasler\n|-supereffective|p1b: Sneasler|1\n|-crit|p1b: Sneasler\n|-enditem|p1b: Sneasler|Focus Sash\n|-damage|p1b: Sneasler|1/100\n|-unboost|p2b: Sandial|def|1\n|-unboost|p2b: Sandial|spd|1\n|move|p2a: se|Trick Room|p2a: se\n|-fieldstart|move: Trick Room|[of] p2a: se\n|\n|upkeep\n|turn|2\n|\n|t:|1776037122\n|move|p1b: Sneasler|Protect|p1b: Sneasler\n|-singleturn|p1b: Sneasler|Protect\n|move|p1a: Talonflame|Brave Bird||[still]\n|cant|p2a: se|ability: Armor Tail|Brave Bird|[of] p1a: Talonflame\n|move|p2b: Sandial|Shadow Punch|p1a: Talonflame\n|-damage|p1a: Talonflame|37/100\n|move|p2a: se|Psychic|p1a: Talonflame\n|-damage|p1a: Talonflame|0 fnt\n|faint|p1a: Talonflame\n|\n|upkeep\n|\n|t:|1776037133\n|switch|p1a: Froslass|Froslass, L50, F|100/100\n|turn|3\n|\n|t:|1776037145\n|switch|p1b: Kingambit|Kingambit, L50, F|100/100\n|detailschange|p1a: Froslass|Froslass-Mega, L50, F\n|-mega|p1a: Froslass|Froslass|Froslassite\n|-weather|Snowscape|[from] ability: Snow Warning|[of] p1a: Froslass\n|move|p2a: se|Helping Hand|p2b: Sandial\n|-singleturn|p2b: Sandial|Helping Hand|[of] p2a: se\n|move|p2b: Sandial|Shadow Punch|p1a: Froslass\n|-supereffective|p1a: Froslass|1\n|-damage|p1a: Froslass|0 fnt\n|faint|p1a: Froslass\n|\n|-weather|Snowscape|[upkeep]\n|upkeep\n|\n|t:|1776037155\n|switch|p1a: Sneasler|Sneasler, L50, F|1/100\n|turn|4\n|\n|t:|1776037171\n|move|p2a: se|Helping Hand|p2b: Sandial\n|-singleturn|p2b: Sandial|Helping Hand|[of] p2a: se\n|move|p1a: Sneasler|Fake Out||[still]\n|cant|p2a: se|ability: Armor Tail|Fake Out|[of] p1a: Sneasler\n|move|p2b: Sandial|Drain Punch|p1b: Kingambit\n|-supereffective|p1b: Kingambit|2\n|-damage|p1b: Kingambit|0 fnt\n|faint|p1b: Kingambit\n|\n|-weather|Snowscape|[upkeep]\n|upkeep\n|turn|5\n|\n|t:|1776037187\n|move|p2b: Sandial|Shadow Punch|p1a: Sneasler\n|-damage|p1a: Sneasler|0 fnt\n|faint|p1a: Sneasler\n|\n|win|ZJFoster\n|raw|zwcrazy's rating: 1097 &rarr; <strong>1073</strong><br />(-24 for losing)\n|raw|ZJFoster's rating: 1098 &rarr; <strong>1123</strong><br />(+25 for winning)\n",
  "uploadtime": 1776037193,
  "views": 21,
  "formatid": "gen9championsvgc2026regma",
  "rating": 1073,
  "private": 0,
  "password": null
}