{
  "id": "gen9championsvgc2026regma-2588104507",
  "format": "[Gen 9 Champions] VGC 2026 Reg M-A",
  "players": [
    "iamflog",
    "ken077"
  ],
  "log": "|j|\u2606iamflog\n|j|\u2606ken077\n|t:|1776604748\n|gametype|doubles\n|player|p1|iamflog|170|1437\n|player|p2|ken077|266|1340\n|gen|9\n|tier|[Gen 9 Champions] VGC 2026 Reg M-A\n|rated|\n|rule|Species Clause: Limit one of each Pok\u00e9mon\n|rule|Item Clause: Limit 1 of each item\n|clearpoke\n|poke|p1|Sneasler, L50, M|\n|poke|p1|Aerodactyl, L50, M|\n|poke|p1|Garchomp, L50, F|\n|poke|p1|Blastoise, L50, F|\n|poke|p1|Sinistcha-Masterpiece, L50|\n|poke|p1|Kingambit, L50, F|\n|poke|p2|Floette-Eternal, L50, F|\n|poke|p2|Sinistcha-Masterpiece, L50|\n|poke|p2|Kingambit, L50, F|\n|poke|p2|Sneasler, L50, M|\n|poke|p2|Aerodactyl, L50, F|\n|poke|p2|Basculegion, L50, M|\n|teampreview|4\n|inactive|Battle timer is ON: inactive players will automatically lose when time's up. (requested by ken077)\n|\n|t:|1776604764\n|teamsize|p1|4\n|teamsize|p2|4\n|start\n|switch|p1a: Aerodactyl|Aerodactyl, L50, M|100/100\n|switch|p1b: Sneasler|Sneasler, L50, M|100/100\n|switch|p2a: Sinistcha|Sinistcha-Masterpiece, L50|100/100\n|switch|p2b: Basculegion|Basculegion, L50, M|100/100\n|-ability|p1a: Aerodactyl|Unnerve\n|turn|1\n|inactive|iamflog has 30 seconds left.\n|inactive|ken077 has 30 seconds left.\n|inactive|ken077 has 20 seconds left.\n|inactive|ken077 has 15 seconds left.\n|\n|t:|1776604807\n|move|p2b: Basculegion|Flip Turn|p1b: Sneasler\n|-damage|p1b: Sneasler|29/100\n|\n|t:|1776604824\n|switch|p2b: Floette|Floette-Eternal, L50, F|100/100|[from] Flip Turn\n|move|p1a: Aerodactyl|Dual Wingbeat|p2a: Sinistcha\n|-supereffective|p2a: Sinistcha|1\n|-damage|p2a: Sinistcha|67/100\n|-supereffective|p2a: Sinistcha|1\n|-damage|p2a: Sinistcha|35/100\n|-hitcount|p2a: Sinistcha|2\n|move|p1b: Sneasler|Dire Claw|p2a: Sinistcha\n|-damage|p2a: Sinistcha|0 fnt\n|faint|p2a: Sinistcha\n|\n|upkeep\n|\n|t:|1776604841\n|switch|p2a: Basculegion|Basculegion, L50, M|100/100\n|turn|2\n|\n|t:|1776604852\n|detailschange|p2b: Floette|Floette-Mega, L50, F\n|-mega|p2b: Floette|Floette|Floettite\n|-ability|p2b: Floette|Fairy Aura\n|move|p1b: Sneasler|Protect|p1b: Sneasler\n|-singleturn|p1b: Sneasler|Protect\n|move|p2a: Basculegion|Flip Turn|p1b: Sneasler\n|-activate|p1b: Sneasler|move: Protect\n|move|p1a: Aerodactyl|Tailwind|p1a: Aerodactyl\n|-sidestart|p1: iamflog|move: Tailwind\n|move|p2b: Floette|Moonblast|p1a: Aerodactyl\n|-enditem|p1a: Aerodactyl|Focus Sash\n|-damage|p1a: Aerodactyl|1/100\n|\n|upkeep\n|turn|3\n|inactive|iamflog has 30 seconds left.\n|inactive|iamflog has 20 seconds left.\n|\n|t:|1776604888\n|move|p2b: Floette|Protect|p2b: Floette\n|-singleturn|p2b: Floette|Protect\n|move|p1a: Aerodactyl|Rock Slide|p2a: Basculegion|[spread] p2a\n|-activate|p2b: Floette|move: Protect\n|-damage|p2a: Basculegion|70/100\n|move|p1b: Sneasler|Dire Claw|p2b: Floette\n|-activate|p2b: Floette|move: Protect\n|move|p2a: Basculegion|Flip Turn|p1b: Sneasler\n|-damage|p1b: Sneasler|0 fnt\n|faint|p1b: Sneasler\n|\n|t:|1776604899\n|switch|p2a: Kingambit|Kingambit, L50, F|100/100|[from] Flip Turn\n|\n|upkeep\n|\n|t:|1776604905\n|switch|p1b: Garchomp|Garchomp, L50, F|100/100\n|turn|4\n|\n|t:|1776604927\n|move|p2a: Kingambit|Protect|p2a: Kingambit\n|-singleturn|p2a: Kingambit|Protect\n|move|p1b: Garchomp|Earthquake|p2a: Kingambit|[spread] p2b\n|-activate|p2a: Kingambit|move: Protect\n|-immune|p1a: Aerodactyl\n|-damage|p2b: Floette|64/100\n|move|p1a: Aerodactyl|Dual Wingbeat|p2b: Floette\n|-damage|p2b: Floette|46/100\n|-damage|p2b: Floette|28/100\n|-hitcount|p2b: Floette|2\n|move|p2b: Floette|Dazzling Gleam|p1b: Garchomp|[spread] p1a,p1b\n|-supereffective|p1b: Garchomp|1\n|-damage|p1a: Aerodactyl|0 fnt\n|-damage|p1b: Garchomp|0 fnt\n|faint|p1a: Aerodactyl\n|faint|p1b: Garchomp\n|\n|upkeep\n|\n|t:|1776604946\n|switch|p1b: Blastoise|Blastoise, L50, F|100/100\n|turn|5\n|\n|t:|1776604960\n|detailschange|p1b: Blastoise|Blastoise-Mega, L50, F\n|-mega|p1b: Blastoise|Blastoise|Blastoisinite\n|move|p2b: Floette|Protect|p2b: Floette\n|-singleturn|p2b: Floette|Protect\n|move|p2a: Kingambit|Sucker Punch|p1b: Blastoise\n|-damage|p1b: Blastoise|65/100\n|move|p1b: Blastoise|Water Spout|p2b: Floette|[spread] p2a\n|-activate|p2b: Floette|move: Protect\n|-damage|p2a: Kingambit|59/100\n|\n|-sideend|p1: iamflog|move: Tailwind\n|upkeep\n|turn|6\n|-message|iamflog forfeited.\n|\n|win|ken077\n|raw|iamflog's rating: 1437 &rarr; <strong>1412</strong><br />(-25 for losing)\n|raw|ken077's rating: 1340 &rarr; <strong>1365</strong><br />(+25 for winning)\n|l|\u2606iamflog\n|player|p1|\n",
  "uploadtime": 1776605073,
  "views": 10,
  "formatid": "gen9championsvgc2026regma",
  "rating": 1365,
  "private": 0,
  "password": null
}