{
  "id": "gen9championsvgc2026regma-2588798341",
  "format": "[Gen 9 Champions] VGC 2026 Reg M-A",
  "players": [
    "MrUCPosting",
    "homieflexual"
  ],
  "log": "|j|\u2606MrUCPosting\n|j|\u2606homieflexual\n|t:|1776672173\n|gametype|doubles\n|player|p1|MrUCPosting|unknown|1154\n|player|p2|homieflexual|170|1115\n|gen|9\n|tier|[Gen 9 Champions] VGC 2026 Reg M-A\n|rated|\n|rule|Species Clause: Limit one of each Pok\u00e9mon\n|rule|Item Clause: Limit 1 of each item\n|clearpoke\n|poke|p1|Tsareena, L50, F, shiny|\n|poke|p1|Aerodactyl, L50, F|\n|poke|p1|Beedrill, L50, M, shiny|\n|poke|p1|Milotic, L50, F|\n|poke|p1|Gallade, L50, M|\n|poke|p1|Incineroar, L50, M|\n|poke|p2|Charizard, L50, M|\n|poke|p2|Sneasler, L50, F|\n|poke|p2|Garchomp, L50, M|\n|poke|p2|Incineroar, L50, F|\n|poke|p2|Venusaur, L50, F|\n|poke|p2|Milotic, L50, M|\n|teampreview|4\n|inactive|Battle timer is ON: inactive players will automatically lose when time's up. (requested by MrUCPosting)\n|c|\u2606MrUCPosting|do you wanna fight or just look at me\n|c|\u2606homieflexual|shut up dork\n|c|\u2606MrUCPosting|we could kiss if that's what you're good for\n|inactive|homieflexual has 60 seconds left.\n|c|\u2606MrUCPosting|kissing is on the table\n|c|\u2606MrUCPosting|am i still a dork?\n|inactive|homieflexual has 30 seconds left.\n|\n|t:|1776672265\n|teamsize|p1|4\n|teamsize|p2|4\n|start\n|switch|p1a: Everclear|Aerodactyl, L50, F|100/100\n|switch|p1b: Vodka|Milotic, L50, F|100/100\n|switch|p2a: Incineroar|Incineroar, L50, F|100/100\n|switch|p2b: Garchomp|Garchomp, L50, M|100/100\n|-ability|p1a: Everclear|Unnerve\n|-ability|p2a: Incineroar|Intimidate|boost\n|-unboost|p1a: Everclear|atk|1\n|-unboost|p1b: Vodka|atk|1\n|-ability|p1b: Vodka|Competitive|boost\n|-boost|p1b: Vodka|spa|2\n|turn|1\n|inactive|homieflexual has 30 seconds left.\n|\n|t:|1776672299\n|switch|p1a: Syrah|Tsareena, L50, F, shiny|100/100\n|move|p2a: Incineroar|Fake Out||[still]\n|cant|p1a: Syrah|ability: Queenly Majesty|Fake Out|[of] p2a: Incineroar\n|move|p2b: Garchomp|Rock Slide|p1b: Vodka|[spread] p1a,p1b\n|-damage|p1a: Syrah|75/100\n|-damage|p1b: Vodka|76/100\n|move|p1b: Vodka|Scald|p2a: Incineroar\n|-supereffective|p2a: Incineroar|1\n|-damage|p2a: Incineroar|0 fnt\n|faint|p2a: Incineroar\n|\n|-heal|p1b: Vodka|82/100|[from] item: Leftovers\n|upkeep\n|\n|t:|1776672306\n|switch|p2a: Charizard|Charizard, L50, M|100/100\n|turn|2\n|inactive|MrUCPosting has 30 seconds left.\n|inactive|MrUCPosting has 20 seconds left.\n|\n|t:|1776672343\n|switch|p1a: Everclear|Aerodactyl, L50, F|100/100\n|-ability|p1a: Everclear|Unnerve\n|detailschange|p2a: Charizard|Charizard-Mega-Y, L50, M\n|-mega|p2a: Charizard|Charizard|Charizardite Y\n|-weather|SunnyDay|[from] ability: Drought|[of] p2a: Charizard\n|move|p2b: Garchomp|Dragon Claw|p1b: Vodka\n|-damage|p1b: Vodka|30/100\n|move|p2a: Charizard|Heat Wave|p1b: Vodka|[spread] p1a,p1b\n|-resisted|p1a: Everclear|1\n|-resisted|p1b: Vodka|1\n|-damage|p1a: Everclear|46/100\n|-damage|p1b: Vodka|4/100\n|move|p1b: Vodka|Scald|p2a: Charizard\n|-supereffective|p2a: Charizard|1\n|-damage|p2a: Charizard|17/100\n|\n|-weather|SunnyDay|[upkeep]\n|-heal|p1b: Vodka|10/100|[from] item: Leftovers\n|upkeep\n|turn|3\n|inactive|MrUCPosting has 30 seconds left.\n|\n|t:|1776672373\n|move|p2a: Charizard|Protect|p2a: Charizard\n|-singleturn|p2a: Charizard|Protect\n|move|p1a: Everclear|Tailwind|p1a: Everclear\n|-sidestart|p1: MrUCPosting|move: Tailwind\n|move|p1b: Vodka|Draining Kiss|p2b: Garchomp\n|-supereffective|p2b: Garchomp|1\n|-damage|p2b: Garchomp|32/100\n|-heal|p1b: Vodka|73/100|[from] drain|[of] p2b: Garchomp\n|-damage|p1b: Vodka|60/100|[from] ability: Rough Skin|[of] p2b: Garchomp\n|move|p2b: Garchomp|Rock Slide|p1b: Vodka|[spread] p1a,p1b\n|-supereffective|p1a: Everclear|1\n|-damage|p1a: Everclear|0 fnt\n|-damage|p1b: Vodka|34/100\n|-enditem|p2b: Garchomp|Sitrus Berry|[eat]\n|-heal|p2b: Garchomp|57/100|[from] item: Sitrus Berry\n|faint|p1a: Everclear\n|\n|-weather|SunnyDay|[upkeep]\n|-heal|p1b: Vodka|40/100|[from] item: Leftovers\n|upkeep\n|\n|t:|1776672389\n|switch|p1a: Syrah|Tsareena, L50, F, shiny|75/100\n|turn|4\n|\n|t:|1776672405\n|switch|p2a: Venusaur|Venusaur, L50, F|100/100\n|move|p1a: Syrah|Triple Axel|p2a: Venusaur\n|-supereffective|p2a: Venusaur|1\n|-damage|p2a: Venusaur|77/100\n|-supereffective|p2a: Venusaur|1\n|-damage|p2a: Venusaur|29/100\n|-supereffective|p2a: Venusaur|1\n|-damage|p2a: Venusaur|0 fnt\n|faint|p2a: Venusaur\n|-hitcount|p2: Venusaur|3\n|move|p1b: Vodka|Draining Kiss|p2b: Garchomp\n|-supereffective|p2b: Garchomp|1\n|-damage|p2b: Garchomp|0 fnt\n|-heal|p1b: Vodka|91/100|[from] drain|[of] p2b: Garchomp\n|-damage|p1b: Vodka|79/100|[from] ability: Rough Skin|[of] p2b: Garchomp\n|faint|p2b: Garchomp\n|\n|-weather|SunnyDay|[upkeep]\n|-heal|p1b: Vodka|85/100|[from] item: Leftovers\n|upkeep\n|c|\u2606MrUCPosting|woah\n|c|\u2606MrUCPosting|read your ass\n|\n|t:|1776672422\n|switch|p2b: Charizard|Charizard-Mega-Y, L50, M|17/100\n|turn|5\n|inactive|homieflexual has 30 seconds left.\n|c|\u2606MrUCPosting|don't forfeit\n|c|\u2606MrUCPosting|please i need this\n|inactive|homieflexual has 20 seconds left.\n|inactive|homieflexual has 15 seconds left.\n|c|\u2606MrUCPosting|use heat wave or something\n|inactive|homieflexual has 10 seconds left.\n|c|\u2606MrUCPosting|i beg you\n|inactive|homieflexual has 5 seconds left.\n|\n|t:|1776672477\n|move|p1a: Syrah|Triple Axel|p2b: Charizard\n|-damage|p2b: Charizard|6/100\n|-damage|p2b: Charizard|0 fnt\n|faint|p2b: Charizard\n|-hitcount|p2: Charizard|2\n|\n|win|MrUCPosting\n|raw|MrUCPosting's rating: 1154 &rarr; <strong>1176</strong><br />(+22 for winning)\n|raw|homieflexual's rating: 1115 &rarr; <strong>1093</strong><br />(-22 for losing)\n|c|\u2606MrUCPosting|cheers\n|c|\u2606MrUCPosting|ggs\n|c|\u2606MrUCPosting|i love you\n|l|\u2606homieflexual\n|player|p2|\n",
  "uploadtime": 1776672634,
  "views": 14,
  "formatid": "gen9championsvgc2026regma",
  "rating": 1093,
  "private": 0,
  "password": null
}