{
  "id": "gen9championsvgc2026regma-2580770504",
  "format": "[Gen 9 Champions] VGC 2026 Reg M-A",
  "players": [
    "mihaelketchup",
    "ferenainexi"
  ],
  "log": "|j|\u2606mihaelketchup\n|j|\u2606ferenainexi\n|t:|1775931090\n|gametype|doubles\n|player|p1|mihaelketchup|burgh|1103\n|player|p2|ferenainexi|scientistf|1045\n|gen|9\n|tier|[Gen 9 Champions] VGC 2026 Reg M-A\n|rated|\n|rule|Species Clause: Limit one of each Pok\u00e9mon\n|rule|Item Clause: Limit 1 of each item\n|clearpoke\n|poke|p1|Torkoal, L50, F|\n|poke|p1|Venusaur, L50, M|\n|poke|p1|Golurk, L50|\n|poke|p1|Sneasler, L50, M|\n|poke|p1|Incineroar, L50, M|\n|poke|p1|Farigiraf, L50, F|\n|poke|p2|Pinsir, L50, F|\n|poke|p2|Heracross, L50, F|\n|poke|p2|Vivillon, L50, M|\n|poke|p2|Orthworm, L50, M|\n|poke|p2|Kleavor, L50, M|\n|poke|p2|Clawitzer, L50, F|\n|teampreview|4\n|\n|t:|1775931138\n|teamsize|p1|4\n|teamsize|p2|4\n|start\n|switch|p1a: Incineroar|Incineroar, L50, M|100/100\n|switch|p1b: Sneasler|Sneasler, L50, M|100/100\n|switch|p2a: Kleavor|Kleavor, L50, M|100/100\n|switch|p2b: Vivillon|Vivillon, L50, M|100/100\n|-ability|p1a: Incineroar|Intimidate|boost\n|-unboost|p2a: Kleavor|atk|1\n|-unboost|p2b: Vivillon|atk|1\n|turn|1\n|\n|t:|1775931159\n|move|p1b: Sneasler|Fake Out|p2a: Kleavor\n|-resisted|p2a: Kleavor|1\n|-damage|p2a: Kleavor|94/100\n|move|p1a: Incineroar|Fake Out|p2b: Vivillon\n|-damage|p2b: Vivillon|73/100\n|cant|p2b: Vivillon|flinch\n|cant|p2a: Kleavor|flinch\n|\n|upkeep\n|turn|2\n|\n|t:|1775931175\n|switch|p1a: Golurk|Golurk, L50|100/100\n|move|p1b: Sneasler|Coaching|p1a: Golurk\n|-boost|p1a: Golurk|atk|1\n|-boost|p1a: Golurk|def|1\n|move|p2b: Vivillon|Sleep Powder|p1b: Sneasler\n|-status|p1b: Sneasler|slp|[from] move: Sleep Powder\n|move|p2a: Kleavor|Stone Axe|p1a: Golurk\n|-resisted|p1a: Golurk|1\n|-damage|p1a: Golurk|87/100\n|-sidestart|p1: mihaelketchup|move: Stealth Rock\n|\n|upkeep\n|turn|3\n|\n|t:|1775931207\n|switch|p1b: Incineroar|Incineroar, L50, M|100/100\n|-damage|p1b: Incineroar|75/100|[from] Stealth Rock\n|-ability|p1b: Incineroar|Intimidate|boost\n|-unboost|p2a: Kleavor|atk|1\n|-unboost|p2b: Vivillon|atk|1\n|switch|p2a: Clawitzer|Clawitzer, L50, F|100/100\n|detailschange|p1a: Golurk|Golurk-Mega, L50\n|-mega|p1a: Golurk|Golurk|Golurkite\n|move|p2b: Vivillon|Tailwind|p2b: Vivillon\n|-sidestart|p2: ferenainexi|move: Tailwind\n|move|p1a: Golurk|Ice Punch|p2b: Vivillon\n|-supereffective|p2b: Vivillon|1\n|-damage|p2b: Vivillon|0 fnt\n|faint|p2b: Vivillon\n|\n|upkeep\n|\n|t:|1775931228\n|switch|p2b: Kleavor|Kleavor, L50, M|94/100\n|turn|4\n|\n|t:|1775931246\n|move|p1b: Incineroar|Fake Out|p2a: Clawitzer\n|-damage|p2a: Clawitzer|85/100\n|move|p2b: Kleavor|Stone Axe|p1b: Incineroar\n|-supereffective|p1b: Incineroar|1\n|-damage|p1b: Incineroar|0 fnt\n|faint|p1b: Incineroar\n|cant|p2a: Clawitzer|flinch\n|move|p1a: Golurk|Headlong Rush|p2b: Kleavor\n|-crit|p2b: Kleavor\n|-damage|p2b: Kleavor|0 fnt\n|-unboost|p1a: Golurk|def|1\n|-unboost|p1a: Golurk|spd|1\n|faint|p2b: Kleavor\n|\n|upkeep\n|\n|t:|1775931258\n|switch|p2b: Orthworm|Orthworm, L50, M|100/100\n|switch|p1b: Sneasler|Sneasler, L50, M|100/100 slp\n|-damage|p1b: Sneasler|95/100 slp|[from] Stealth Rock\n|turn|5\n|\n|t:|1775931278\n|cant|p1b: Sneasler|slp\n|move|p2b: Orthworm|High Horsepower|p1b: Sneasler\n|-supereffective|p1b: Sneasler|1\n|-damage|p1b: Sneasler|8/100 slp\n|move|p2a: Clawitzer|Dark Pulse|p1a: Golurk\n|-supereffective|p1a: Golurk|1\n|-damage|p1a: Golurk|0 fnt\n|faint|p1a: Golurk\n|\n|upkeep\n|\n|t:|1775931282\n|switch|p1a: Farigiraf|Farigiraf, L50, F|100/100\n|-damage|p1a: Farigiraf|88/100|[from] Stealth Rock\n|turn|6\n|\n|t:|1775931294\n|cant|p1b: Sneasler|slp\n|move|p2b: Orthworm|High Horsepower|p1b: Sneasler\n|-supereffective|p1b: Sneasler|1\n|-damage|p1b: Sneasler|0 fnt\n|faint|p1b: Sneasler\n|move|p2a: Clawitzer|Dark Pulse|p1a: Farigiraf\n|-supereffective|p1a: Farigiraf|1\n|-damage|p1a: Farigiraf|2/100\n|-enditem|p1a: Farigiraf|Sitrus Berry|[eat]\n|-heal|p1a: Farigiraf|26/100|[from] item: Sitrus Berry\n|cant|p1a: Farigiraf|flinch\n|\n|-sideend|p2: ferenainexi|move: Tailwind\n|upkeep\n|turn|7\n|\n|t:|1775931311\n|move|p2b: Orthworm|Rock Slide|p1a: Farigiraf\n|-crit|p1a: Farigiraf\n|-damage|p1a: Farigiraf|0 fnt\n|faint|p1a: Farigiraf\n|\n|win|ferenainexi\n|raw|mihaelketchup's rating: 1103 &rarr; <strong>1074</strong><br />(-29 for losing)\n|raw|ferenainexi's rating: 1045 &rarr; <strong>1084</strong><br />(+39 for winning)\n|l|\u2606mihaelketchup\n|player|p1|\n",
  "uploadtime": 1775931314,
  "views": 12,
  "formatid": "gen9championsvgc2026regma",
  "rating": 1074,
  "private": 0,
  "password": null
}