{
  "id": "gen9championsvgc2026regma-2582197842",
  "format": "[Gen 9 Champions] VGC 2026 Reg M-A",
  "players": [
    "lolgz",
    "GKun1999"
  ],
  "log": "|j|\u2606lolgz\n|j|\u2606GKun1999\n|html|<table width=\"100%\"><tr><td align=\"left\">lolgz</td><td align=\"right\">GKun1999</tr><tr><td align=\"left\"><i class=\"fa fa-circle\"></i> <i class=\"fa fa-circle-o\"></i> </td><td align=\"right\"><i class=\"fa fa-circle-o\"></i> <i class=\"fa fa-circle-o\"></i> </tr></table>\n|uhtml|bestof|<h2><strong>Game 2</strong> of <a href=\"/game-bestof3-gen9championsvgc2026regma-2582194821\">a best-of-3</a></h2>\n|t:|1776070210\n|gametype|doubles\n|player|p1|lolgz|266|\n|player|p2|GKun1999|ghetsis-gen5bw|\n|gen|9\n|tier|[Gen 9 Champions] VGC 2026 Reg M-A\n|rated|Tournament battle\n|rule|Species Clause: Limit one of each Pok\u00e9mon\n|rule|Item Clause: Limit 1 of each item\n|raw|<div class=\"infobox\"><details class=\"readmore\" open><summary><strong>2 custom rules:</strong></summary> Force Open Team Sheets, Best of = 3</details></div>\n|clearpoke\n|poke|p1|Charizard, L50, M|\n|poke|p1|Whimsicott, L50, M|\n|poke|p1|Garchomp, L50, F|\n|poke|p1|Farigiraf, L50, M|\n|poke|p1|Sneasler, L50, F|\n|poke|p1|Floette-Eternal, L50, F|\n|poke|p2|Kangaskhan, L50, F|\n|poke|p2|Sneasler, L50, F|\n|poke|p2|Incineroar, L50, F|\n|poke|p2|Sinistcha, L50|\n|poke|p2|Froslass, L50, F|\n|poke|p2|Infernape, L50, F|\n|teampreview|4\n|showteam|p1|Charizard||CharizarditeY|SolarPower|WeatherBall,HeatWave,SolarBeam,Protect|||M|||50|]Whimsicott||FocusSash|Prankster|Moonblast,Tailwind,SunnyDay,Encore|||M|||50|]Garchomp||ChoiceScarf|RoughSkin|Earthquake,DragonClaw,RockSlide,StompingTantrum|||F|||50|]Farigiraf||SitrusBerry|ArmorTail|Psychic,HyperVoice,Imprison,TrickRoom|||M|||50|]Sneasler||WhiteHerb|Unburden|FakeOut,CloseCombat,DireClaw,ThroatChop|||F|||50|]Floette-Eternal||Floettite|FlowerVeil|DazzlingGleam,LightofRuin,Moonblast,Protect|||F|||50|\n|showteam|p2|Kangaskhan||Leftovers|InnerFocus|Substitute,DoubleEdge,Protect,DrainPunch|||F|||50|]Sneasler||WhiteHerb|Unburden|Coaching,CloseCombat,DireClaw,Protect|||F|||50|]Incineroar||SitrusBerry|Intimidate|PartingShot,FakeOut,FlareBlitz,DarkestLariat|||F|||50|]Sinistcha||OccaBerry|Hospitality|RagePowder,MatchaGotcha,StrengthSap,TrickRoom||||||50|]Froslass||Froslassite|CursedBody|AuroraVeil,Blizzard,Protect,ShadowBall|||F|||50|]Infernape||FocusSash|Blaze|Coaching,FakeOut,WillOWisp,AuraSphere|||F|||50|\n|inactive|Battle timer is ON: inactive players will automatically lose when time's up. (requested by GKun1999)\nGKun1999 has agreed to open team sheets.\n|\n|t:|1776070243\n|teamsize|p1|4\n|teamsize|p2|4\n|start\n|switch|p1a: Farigiraf|Farigiraf, L50, M|100/100\n|switch|p1b: Garchomp|Garchomp, L50, F|100/100\n|switch|p2a: Infernape|Infernape, L50, F|100/100\n|switch|p2b: Incineroar|Incineroar, L50, F|100/100\n|-ability|p2b: Incineroar|Intimidate|boost\n|-unboost|p1a: Farigiraf|atk|1\n|-unboost|p1b: Garchomp|atk|1\n|turn|1\n|\n|t:|1776070263\n|move|p1b: Garchomp|Stomping Tantrum|p2b: Incineroar\n|-supereffective|p2b: Incineroar|1\n|-damage|p2b: Incineroar|58/100\n|move|p2a: Infernape|Will-O-Wisp|p1b: Garchomp\n|-status|p1b: Garchomp|brn\n|move|p1a: Farigiraf|Hyper Voice|p2b: Incineroar|[spread] p2a,p2b\n|-crit|p2a: Infernape\n|-damage|p2a: Infernape|38/100\n|-damage|p2b: Incineroar|36/100\n|-enditem|p2b: Incineroar|Sitrus Berry|[eat]\n|-heal|p2b: Incineroar|61/100|[from] item: Sitrus Berry\n|move|p2b: Incineroar|Parting Shot|p1a: Farigiraf\n|-unboost|p1a: Farigiraf|atk|1\n|-unboost|p1a: Farigiraf|spa|1\n|\n|t:|1776070283\n|switch|p2b: Kangaskhan|Kangaskhan, L50, F, shiny|100/100|[from] Parting Shot\n|\n|-damage|p1b: Garchomp|94/100 brn|[from] brn\n|upkeep\n|turn|2\n|\n|t:|1776070299\n|switch|p1b: Floette|Floette-Eternal, L50, F|100/100\n|move|p2a: Infernape|Coaching|p2b: Kangaskhan\n|-boost|p2b: Kangaskhan|atk|1\n|-boost|p2b: Kangaskhan|def|1\n|move|p2b: Kangaskhan|Substitute|p2b: Kangaskhan\n|-start|p2b: Kangaskhan|Substitute\n|-damage|p2b: Kangaskhan|75/100\n|move|p1a: Farigiraf|Hyper Voice|p2b: Kangaskhan|[spread] p2a,p2b\n|-damage|p2a: Infernape|11/100\n|-damage|p2b: Kangaskhan|57/100\n|\n|-heal|p2b: Kangaskhan|63/100|[from] item: Leftovers\n|upkeep\n|turn|3\n|\n|t:|1776070321\n|move|p1b: Floette|Protect|p1b: Floette\n|-singleturn|p1b: Floette|Protect\n|move|p2b: Kangaskhan|Protect|p2b: Kangaskhan\n|-singleturn|p2b: Kangaskhan|Protect\n|move|p2a: Infernape|Coaching|p2b: Kangaskhan\n|-boost|p2b: Kangaskhan|atk|1\n|-boost|p2b: Kangaskhan|def|1\n|move|p1a: Farigiraf|Hyper Voice|p2b: Kangaskhan|[spread] p2a\n|-activate|p2b: Kangaskhan|move: Protect\n|-damage|p2a: Infernape|0 fnt\n|faint|p2a: Infernape\n|\n|-heal|p2b: Kangaskhan|69/100|[from] item: Leftovers\n|upkeep\n|\n|t:|1776070335\n|switch|p2a: Froslass|Froslass, L50, F|100/100\n|turn|4\n|\n|t:|1776070349\n|detailschange|p2a: Froslass|Froslass-Mega, L50, F\n|-mega|p2a: Froslass|Froslass|Froslassite\n|-weather|Snowscape|[from] ability: Snow Warning|[of] p2a: Froslass\n|detailschange|p1b: Floette|Floette-Mega, L50, F\n|-mega|p1b: Floette|Floette|Floettite\n|-ability|p1b: Floette|Fairy Aura\n|move|p2a: Froslass|Aurora Veil|p2a: Froslass\n|-sidestart|p2: GKun1999|move: Aurora Veil\n|move|p1b: Floette|Dazzling Gleam|p2b: Kangaskhan|[spread] p2a,p2b\n|-end|p2b: Kangaskhan|Substitute\n|-damage|p2a: Froslass|60/100\n|move|p2b: Kangaskhan|Double-Edge|p1b: Floette\n|-damage|p1b: Floette|0 fnt\n|faint|p1b: Floette\n|-damage|p2b: Kangaskhan|44/100|[from] Recoil\n|move|p1a: Farigiraf|Psychic|p2b: Kangaskhan\n|-damage|p2b: Kangaskhan|28/100\n|\n|-weather|Snowscape|[upkeep]\n|-heal|p2b: Kangaskhan|34/100|[from] item: Leftovers\n|upkeep\n|\n|t:|1776070361\n|switch|p1b: Sneasler|Sneasler, L50, F|100/100\n|turn|5\n|\n|t:|1776070377\n|move|p2b: Kangaskhan|Protect|p2b: Kangaskhan\n|-singleturn|p2b: Kangaskhan|Protect\n|move|p1b: Sneasler|Close Combat|p2b: Kangaskhan\n|-activate|p2b: Kangaskhan|move: Protect\n|move|p2a: Froslass|Blizzard|p1b: Sneasler|[spread] p1a,p1b\n|-damage|p1a: Farigiraf|54/100\n|-damage|p1b: Sneasler|30/100\n|move|p1a: Farigiraf|Psychic|p2a: Froslass\n|-damage|p2a: Froslass|37/100\n|\n|-weather|Snowscape|[upkeep]\n|-heal|p2b: Kangaskhan|40/100|[from] item: Leftovers\n|upkeep\n|turn|6\n|\n|t:|1776070393\n|move|p2b: Kangaskhan|Protect||[still]\n|-fail|p2b: Kangaskhan\n|move|p1b: Sneasler|Close Combat|p2b: Kangaskhan\n|-supereffective|p2b: Kangaskhan|1\n|-damage|p2b: Kangaskhan|0 fnt\n|-unboost|p1b: Sneasler|def|1\n|-unboost|p1b: Sneasler|spd|1\n|faint|p2b: Kangaskhan\n|-enditem|p1b: Sneasler|White Herb\n|-clearnegativeboost|p1b: Sneasler|[silent]\n|move|p2a: Froslass|Blizzard|p1b: Sneasler|[spread] p1a,p1b\n|-damage|p1a: Farigiraf|8/100\n|-damage|p1b: Sneasler|0 fnt\n|-enditem|p1a: Farigiraf|Sitrus Berry|[eat]\n|-heal|p1a: Farigiraf|33/100|[from] item: Sitrus Berry\n|faint|p1b: Sneasler\n|move|p1a: Farigiraf|Psychic|p2a: Froslass\n|-damage|p2a: Froslass|17/100\n|\n|-weather|Snowscape|[upkeep]\n|upkeep\n|\n|t:|1776070399\n|switch|p1b: Garchomp|Garchomp, L50, F|94/100 brn\n|switch|p2b: Incineroar|Incineroar, L50, F|61/100\n|-ability|p2b: Incineroar|Intimidate|boost\n|-unboost|p1a: Farigiraf|atk|1\n|-unboost|p1b: Garchomp|atk|1\n|turn|7\n|\n|t:|1776070411\n|move|p1b: Garchomp|Earthquake|p2b: Incineroar|[spread] p1a,p2a,p2b\n|-supereffective|p2b: Incineroar|1\n|-damage|p1a: Farigiraf|21/100\n|-damage|p2a: Froslass|8/100\n|-damage|p2b: Incineroar|47/100\n|move|p2a: Froslass|Blizzard|p1a: Farigiraf|[spread] p1a,p1b\n|-supereffective|p1b: Garchomp|2\n|-damage|p1a: Farigiraf|0 fnt\n|-damage|p1b: Garchomp|0 fnt\n|faint|p1a: Farigiraf\n|faint|p1b: Garchomp\n|\n|win|GKun1999\n",
  "uploadtime": 1776070411,
  "views": 10,
  "formatid": "gen9championsvgc2026regma",
  "rating": null,
  "private": 0,
  "password": null
}