{
  "id": "gen9championsvgc2026regma-2581386604",
  "format": "[Gen 9 Champions] VGC 2026 Reg M-A",
  "players": [
    "redravencellinia",
    "solzee"
  ],
  "log": "|j|\u2606redravencellinia\n|j|\u2606solzee\n|t:|1775994840\n|gametype|doubles\n|player|p1|redravencellinia|265|1048\n|player|p2|solzee|ballguy|1138\n|gen|9\n|tier|[Gen 9 Champions] VGC 2026 Reg M-A\n|rated|\n|rule|Species Clause: Limit one of each Pok\u00e9mon\n|rule|Item Clause: Limit 1 of each item\n|clearpoke\n|poke|p1|Ampharos, L50, M|\n|poke|p1|Mimikyu, L50, F|\n|poke|p1|Kingambit, L50, M|\n|poke|p1|Sylveon, L50, F|\n|poke|p1|Crabominable, L50, F|\n|poke|p1|Camerupt, L50, F|\n|poke|p2|Sharpedo, L50, M|\n|poke|p2|Azumarill, L50, F|\n|poke|p2|Arcanine, L50, M|\n|poke|p2|Dragapult, L50, F|\n|poke|p2|Dragonite, L50, F|\n|poke|p2|Infernape, L50, M|\n|teampreview|4\nsolzee rejected open team sheets.\n|\n|t:|1775994891\n|teamsize|p1|4\n|teamsize|p2|4\n|start\n|switch|p1a: Ampharos|Ampharos, L50, M|100/100\n|switch|p1b: Mimikyu|Mimikyu, L50, F|100/100\n|switch|p2a: Sharpedo|Sharpedo, L50, M|100/100\n|switch|p2b: Azumarill|Azumarill, L50, F|100/100\n|turn|1\n|\n|t:|1775994905\n|detailschange|p1a: Ampharos|Ampharos-Mega, L50, M\n|-mega|p1a: Ampharos|Ampharos|Ampharosite\n|-ability|p1a: Ampharos|Mold Breaker\n|move|p2a: Sharpedo|Protect|p2a: Sharpedo\n|-singleturn|p2a: Sharpedo|Protect\n|move|p1a: Ampharos|Protect|p1a: Ampharos\n|-singleturn|p1a: Ampharos|Protect\n|move|p2b: Azumarill|Chilling Water|p1b: Mimikyu\n|-activate|p1b: Mimikyu|ability: Disguise\n|-damage|p1b: Mimikyu|100/100\n|-unboost|p1b: Mimikyu|atk|1\n|detailschange|p1b: Mimikyu|Mimikyu-Busted, L50, F\n|-damage|p1b: Mimikyu|88/100|[from] pokemon: Mimikyu-Busted\n|move|p1b: Mimikyu|Trick Room|p1b: Mimikyu\n|-fieldstart|move: Trick Room|[of] p1b: Mimikyu\n|\n|-ability|p2a: Sharpedo|Speed Boost|boost\n|-boost|p2a: Sharpedo|spe|1\n|upkeep\n|turn|2\n|c|\u2606solzee|nooo\n|c|\u2606solzee|didnt know that thing got trick room\n|\n|t:|1775994944\n|switch|p1b: Crabominable|Crabominable, L50, F|100/100\n|detailschange|p2a: Sharpedo|Sharpedo-Mega, L50, M\n|-mega|p2a: Sharpedo|Sharpedo|Sharpedonite\n|move|p1a: Ampharos|Thunderbolt|p2b: Azumarill\n|-supereffective|p2b: Azumarill|1\n|-damage|p2b: Azumarill|0 fnt\n|faint|p2b: Azumarill\n|move|p2a: Sharpedo|Dark Pulse|p1a: Ampharos\n|-damage|p1a: Ampharos|63/100\n|\n|upkeep\n|\n|t:|1775994954\n|switch|p2b: Infernape|Infernape, L50, M|100/100\n|turn|3\n|\n|t:|1775994979\n|move|p2b: Infernape|Fake Out|p1a: Ampharos\n|-damage|p1a: Ampharos|54/100\n|move|p1b: Crabominable|Earthquake|p2a: Sharpedo|[spread] p1a,p2a,p2b\n|-supereffective|p1a: Ampharos|1\n|-supereffective|p2b: Infernape|1\n|-damage|p1a: Ampharos|13/100\n|-damage|p2a: Sharpedo|62/100\n|-damage|p2b: Infernape|15/100\n|cant|p1a: Ampharos|flinch\n|move|p2a: Sharpedo|Hydro Pump|p1b: Crabominable\n|-damage|p1b: Crabominable|30/100\n|\n|upkeep\n|turn|4\n|inactive|Battle timer is ON: inactive players will automatically lose when time's up. (requested by solzee)\n|inactive|redravencellinia has 60 seconds left.\n|\n|t:|1775995040\n|move|p2a: Sharpedo|Protect|p2a: Sharpedo\n|-singleturn|p2a: Sharpedo|Protect\n|move|p1b: Crabominable|Drain Punch|p2b: Infernape\n|-damage|p2b: Infernape|0 fnt\n|-heal|p1b: Crabominable|36/100|[from] drain|[of] p2b: Infernape\n|faint|p2b: Infernape\n|move|p1a: Ampharos|Volt Switch|p2a: Sharpedo\n|-activate|p2a: Sharpedo|move: Protect\n|\n|upkeep\n|\n|t:|1775995048\n|switch|p2b: Dragonite|Dragonite, L50, F|100/100\n|turn|5\n|\n|t:|1775995064\n|move|p2a: Sharpedo|Protect||[still]\n|-fail|p2a: Sharpedo\n|move|p1b: Crabominable|Ice Punch|p2b: Dragonite\n|-supereffective|p2b: Dragonite|2\n|-damage|p2b: Dragonite|0 fnt\n|faint|p2b: Dragonite\n|move|p1a: Ampharos|Volt Switch|p2a: Sharpedo\n|-supereffective|p2a: Sharpedo|1\n|-damage|p2a: Sharpedo|0 fnt\n|faint|p2a: Sharpedo\n|\n|win|redravencellinia\n|raw|redravencellinia's rating: 1048 &rarr; <strong>1089</strong><br />(+41 for winning)\n|raw|solzee's rating: 1138 &rarr; <strong>1107</strong><br />(-31 for losing)\n|l|\u2606solzee\n|player|p2|\n",
  "uploadtime": 1775995075,
  "views": 26,
  "formatid": "gen9championsvgc2026regma",
  "rating": 1089,
  "private": 0,
  "password": null
}