{
  "id": "gen9championsvgc2026regma-2587711455",
  "format": "[Gen 9 Champions] VGC 2026 Reg M-A",
  "players": [
    "vertrek",
    "DecorateWithDonuts"
  ],
  "log": "|j|\u2606vertrek\n|j|\u2606DecorateWithDonuts\n|t:|1776556333\n|gametype|doubles\n|player|p1|vertrek|102|1102\n|player|p2|DecorateWithDonuts|rosa|1051\n|gen|9\n|tier|[Gen 9 Champions] VGC 2026 Reg M-A\n|rated|\n|rule|Species Clause: Limit one of each Pok\u00e9mon\n|rule|Item Clause: Limit 1 of each item\n|clearpoke\n|poke|p1|Blastoise, L50, F|\n|poke|p1|Farigiraf, L50, M|\n|poke|p1|Sinistcha, L50|\n|poke|p1|Kingambit, L50, F|\n|poke|p1|Kangaskhan, L50, F|\n|poke|p1|Aerodactyl, L50, M|\n|poke|p2|Floette-Eternal, L50, F|\n|poke|p2|Garchomp, L50, M|\n|poke|p2|Charizard, L50, F|\n|poke|p2|Scizor, L50, M|\n|poke|p2|Sinistcha, L50|\n|poke|p2|Incineroar, L50, M|\n|teampreview|4\nDecorateWithDonuts has agreed to open team sheets.\n|inactive|Battle timer is ON: inactive players will automatically lose when time's up. (requested by DecorateWithDonuts)\n|inactive|vertrek has 60 seconds left.\n|inactive|DecorateWithDonuts has 60 seconds left.\n|inactive|DecorateWithDonuts has 30 seconds left.\n|inactive|DecorateWithDonuts has 20 seconds left.\n|inactive|DecorateWithDonuts has 15 seconds left.\n|inactive|DecorateWithDonuts has 10 seconds left.\n|\n|t:|1776556420\n|teamsize|p1|4\n|teamsize|p2|4\n|start\n|switch|p1a: Blastoise|Blastoise, L50, F|100/100\n|switch|p1b: Farigiraf|Farigiraf, L50, M|100/100\n|switch|p2a: Sinistcha|Sinistcha, L50|100/100\n|switch|p2b: Incineroar|Incineroar, L50, M|100/100\n|-ability|p2b: Incineroar|Intimidate|boost\n|-unboost|p1a: Blastoise|atk|1\n|-unboost|p1b: Farigiraf|atk|1\n|turn|1\n|inactive|vertrek has 30 seconds left.\n|inactive|DecorateWithDonuts has 30 seconds left.\n|inactive|vertrek has 20 seconds left.\n|inactive|DecorateWithDonuts has 20 seconds left.\n|inactive|vertrek has 15 seconds left.\n|inactive|DecorateWithDonuts has 15 seconds left.\n|\n|t:|1776556462\n|switch|p2b: Garchomp|Garchomp, L50, M|100/100\n|move|p1a: Blastoise|Protect|p1a: Blastoise\n|-singleturn|p1a: Blastoise|Protect\n|move|p2a: Sinistcha|Matcha Gotcha|p1b: Farigiraf|[spread] p1b\n|-activate|p1a: Blastoise|move: Protect\n|-crit|p1b: Farigiraf\n|-damage|p1b: Farigiraf|64/100\n|move|p1b: Farigiraf|Trick Room|p1b: Farigiraf\n|-fieldstart|move: Trick Room|[of] p1b: Farigiraf\n|\n|upkeep\n|turn|2\n|inactive|DecorateWithDonuts has 30 seconds left.\n|\n|t:|1776556494\n|move|p2b: Garchomp|Protect|p2b: Garchomp\n|-singleturn|p2b: Garchomp|Protect\n|move|p1b: Farigiraf|Rain Dance|p1b: Farigiraf\n|-weather|RainDance\n|move|p1a: Blastoise|Water Spout|p2b: Garchomp|[spread] p2a\n|-activate|p2b: Garchomp|move: Protect\n|-resisted|p2a: Sinistcha|1\n|-damage|p2a: Sinistcha|60/100\n|move|p2a: Sinistcha|Trick Room|p2a: Sinistcha\n|-fieldend|move: Trick Room\n|\n|-weather|RainDance|[upkeep]\n|upkeep\n|turn|3\n|inactive|vertrek has 30 seconds left.\n|inactive|DecorateWithDonuts has 30 seconds left.\n|inactive|DecorateWithDonuts has 20 seconds left.\n|\n|t:|1776556530\n|move|p2b: Garchomp|Earthquake|p1b: Farigiraf|[spread] p2a,p1a,p1b\n|-resisted|p2a: Sinistcha|1\n|-damage|p2a: Sinistcha|44/100\n|-damage|p1a: Blastoise|66/100\n|-damage|p1b: Farigiraf|34/100\n|-enditem|p2a: Sinistcha|Sitrus Berry|[eat]\n|-heal|p2a: Sinistcha|68/100|[from] item: Sitrus Berry\n|-enditem|p1b: Farigiraf|Sitrus Berry|[eat]\n|-heal|p1b: Farigiraf|59/100|[from] item: Sitrus Berry\n|move|p2a: Sinistcha|Matcha Gotcha|p1a: Blastoise|[spread] p1a,p1b\n|-supereffective|p1a: Blastoise|1\n|-damage|p1a: Blastoise|21/100\n|-heal|p2a: Sinistcha|94/100|[from] drain|[of] p1a: Blastoise\n|-damage|p1b: Farigiraf|32/100\n|-heal|p2a: Sinistcha|100/100|[from] drain|[of] p1b: Farigiraf\n|-status|p1a: Blastoise|brn\n|move|p1a: Blastoise|Dark Pulse|p2a: Sinistcha\n|-supereffective|p2a: Sinistcha|1\n|-damage|p2a: Sinistcha|40/100\n|move|p1b: Farigiraf|Psychic|p2a: Sinistcha\n|-damage|p2a: Sinistcha|0 fnt\n|faint|p2a: Sinistcha\n|\n|-weather|RainDance|[upkeep]\n|-heal|p1a: Blastoise|27/100 brn|[from] ability: Rain Dish\n|-damage|p1a: Blastoise|21/100 brn|[from] brn\n|upkeep\n|inactive|DecorateWithDonuts has 30 seconds left.\n|inactive|DecorateWithDonuts has 20 seconds left.\n|inactive|DecorateWithDonuts has 15 seconds left.\n|\n|t:|1776556573\n|switch|p2a: Charizard|Charizard, L50, F|100/100\n|turn|4\n|inactive|vertrek has 30 seconds left.\n|\n|t:|1776556606\n|detailschange|p2a: Charizard|Charizard-Mega-Y, L50, F\n|-mega|p2a: Charizard|Charizard|Charizardite Y\n|-weather|SunnyDay|[from] ability: Drought|[of] p2a: Charizard\n|move|p1a: Blastoise|Protect|p1a: Blastoise\n|-singleturn|p1a: Blastoise|Protect\n|move|p2b: Garchomp|Earthquake|p1b: Farigiraf|[spread] p1b\n|-activate|p1a: Blastoise|move: Protect\n|-immune|p2a: Charizard\n|-damage|p1b: Farigiraf|4/100\n|move|p2a: Charizard|Heat Wave|p1b: Farigiraf|[spread] p1b\n|-activate|p1a: Blastoise|move: Protect\n|-damage|p1b: Farigiraf|0 fnt\n|faint|p1b: Farigiraf\n|\n|-weather|SunnyDay|[upkeep]\n|-damage|p1a: Blastoise|15/100 brn|[from] brn\n|upkeep\n|\n|t:|1776556623\n|switch|p1b: Kingambit|Kingambit, L50, F|100/100\n|turn|5\n|\n|t:|1776556633\n|move|p1b: Kingambit|Sucker Punch|p2a: Charizard\n|-damage|p2a: Charizard|25/100\n|move|p2b: Garchomp|Earthquake|p1a: Blastoise|[spread] p1a,p1b\n|-immune|p2a: Charizard\n|-supereffective|p1b: Kingambit|1\n|-damage|p1a: Blastoise|0 fnt\n|-damage|p1b: Kingambit|40/100\n|faint|p1a: Blastoise\n|move|p2a: Charizard|Heat Wave|p1b: Kingambit\n|-supereffective|p1b: Kingambit|1\n|-damage|p1b: Kingambit|0 fnt\n|faint|p1b: Kingambit\n|\n|-weather|SunnyDay|[upkeep]\n|upkeep\n|-message|vertrek forfeited.\n|\n|win|DecorateWithDonuts\n",
  "uploadtime": 1776556336,
  "views": 16,
  "formatid": "gen9championsvgc2026regma",
  "rating": null,
  "private": 0,
  "password": null
}