{
  "id": "gen9championsvgc2026regma-2583068183",
  "format": "[Gen 9 Champions] VGC 2026 Reg M-A",
  "players": [
    "Rusano",
    "red_277353"
  ],
  "log": "|j|\u2606Rusano\n|j|\u2606red_277353\n|t:|1776138494\n|gametype|doubles\n|player|p1|Rusano|ghetsis-gen5bw|1136\n|player|p2|red_277353|266|1195\n|gen|9\n|tier|[Gen 9 Champions] VGC 2026 Reg M-A\n|rated|\n|rule|Species Clause: Limit one of each Pok\u00e9mon\n|rule|Item Clause: Limit 1 of each item\n|clearpoke\n|poke|p1|Tyranitar, L50, F|\n|poke|p1|Farigiraf, L50, F|\n|poke|p1|Kingambit, L50, M|\n|poke|p1|Aegislash, L50, M|\n|poke|p1|Sinistcha, L50|\n|poke|p1|Rhyperior, L50, F|\n|poke|p2|Lopunny, L50, M|\n|poke|p2|Excadrill, L50, F|\n|poke|p2|Altaria, L50, M|\n|poke|p2|Delphox, L50, M|\n|poke|p2|Incineroar, L50, M|\n|poke|p2|Milotic, L50, F|\n|teampreview|4\n|inactive|Battle timer is ON: inactive players will automatically lose when time's up. (requested by Rusano)\nRusano has agreed to open team sheets.\n|c|\u2606red_277353|daym rhyperior\nred_277353 has agreed to open team sheets.\n|showteam|p1|Tyranitar||Tyranitarite|SandStream|RockSlide,LowKick,KnockOff,Protect|||F|||50|]Farigiraf||MentalHerb|ArmorTail|HelpingHand,PsychicNoise,TrickRoom,DazzlingGleam|||F|||50|]Kingambit||BlackGlasses|Defiant|KowtowCleave,SuckerPunch,IronHead,Protect|||M|||50|]Aegislash||SitrusBerry|StanceChange|FlashCannon,ShadowBall,WideGuard,KingsShield|||M|||50|]Sinistcha||Leftovers|Hospitality|MatchaGotcha,LifeDew,TrickRoom,RagePowder||||||50|]Rhyperior||WhiteHerb|SolidRock|HighHorsepower,RockWrecker,HeavySlam,Protect|||F|||50|\n|showteam|p2|Lopunny||Lopunnite|Limber|TripleAxel,MachPunch,CloseCombat,Protect|||M|||50|]Excadrill||ChoiceScarf|MoldBreaker|Earthquake,IronHead,ThroatChop,RockSlide|||F|||50|]Altaria||MentalHerb|CloudNine|BraveBird,HelpingHand,WillOWisp,Tailwind|||M|||50|]Delphox||Delphoxite|Magician|HeatWave,Psychic,Encore,Protect|||M|||50|]Incineroar||SitrusBerry|Intimidate|FakeOut,FlareBlitz,DarkestLariat,PartingShot|||M|||50|]Milotic||Leftovers|Competitive|Scald,IceBeam,MuddyWater,Protect|||F|||50|\n|inactive|Rusano has 60 seconds left.\n|inactive|red_277353 has 60 seconds left.\n|\n|t:|1776138553\n|teamsize|p1|4\n|teamsize|p2|4\n|start\n|switch|p1a: excalibur|Aegislash, L50, M, shiny|100/100\n|switch|p1b: hypervoice|Farigiraf, L50, F, shiny|100/100\n|switch|p2a: Lopunny|Lopunny, L50, M|100/100\n|switch|p2b: Milotic|Milotic, L50, F|100/100\n|turn|1\n|inactive|red_277353 has 30 seconds left.\n|\n|t:|1776138579\n|detailschange|p2a: Lopunny|Lopunny-Mega, L50, M\n|-mega|p2a: Lopunny|Lopunny|Lopunnite\n|move|p2a: Lopunny|Protect|p2a: Lopunny\n|-singleturn|p2a: Lopunny|Protect\n|move|p1a: excalibur|King's Shield|p1a: excalibur\n|-singleturn|p1a: excalibur|Protect\n|move|p2b: Milotic|Muddy Water|p1a: excalibur|[spread] p1b\n|-activate|p1a: excalibur|move: Protect\n|-damage|p1b: hypervoice|70/100\n|move|p1b: hypervoice|Trick Room|p1b: hypervoice\n|-fieldstart|move: Trick Room|[of] p1b: hypervoice\n|\n|upkeep\n|turn|2\n|inactive|Rusano has 30 seconds left.\n|\n|t:|1776138608\n|move|p1a: excalibur|King's Shield|p1a: excalibur\n|-singleturn|p1a: excalibur|Protect\n|move|p1b: hypervoice|Psychic Noise|p2a: Lopunny\n|-supereffective|p2a: Lopunny|1\n|-damage|p2a: Lopunny|23/100\n|-start|p2a: Lopunny|move: Heal Block\n|move|p2b: Milotic|Muddy Water|p1a: excalibur|[spread] p1b\n|-activate|p1a: excalibur|move: Protect\n|-damage|p1b: hypervoice|41/100\n|move|p2a: Lopunny|Close Combat|p1a: excalibur\n|-activate|p1a: excalibur|move: Protect\n|-unboost|p2a: Lopunny|atk|1\n|\n|upkeep\n|turn|3\n|l|\u2606red_277353\n|inactive|red_277353 disconnected and has a minute to reconnect!\n|player|p2|\n|inactive|red_277353 has 30 seconds left.\n|inactive|red_277353 has 20 seconds left.\n|inactive|red_277353 has 15 seconds left.\n|j|\u2606red_277353\n|inactive|red_277353 reconnected and has 15 seconds left.\n|player|p2|red_277353|266|\n|inactive|red_277353 has 10 seconds left.\n|\n|t:|1776138656\n|move|p2a: Lopunny|Protect|p2a: Lopunny\n|-singleturn|p2a: Lopunny|Protect\n|move|p1a: excalibur|Wide Guard|p1a: excalibur\n|-singleturn|p1a: excalibur|Wide Guard\n|move|p1b: hypervoice|Dazzling Gleam|p2a: Lopunny|[spread] p2b\n|-activate|p2a: Lopunny|move: Protect\n|-damage|p2b: Milotic|89/100\n|move|p2b: Milotic|Muddy Water|p1b: hypervoice|[spread] \n|-activate|p1a: excalibur|move: Wide Guard\n|-activate|p1b: hypervoice|move: Wide Guard\n|\n|-heal|p2b: Milotic|95/100|[from] item: Leftovers\n|-end|p2a: Lopunny|move: Heal Block\n|upkeep\n|turn|4\n|\n|t:|1776138674\n|switch|p2a: Altaria|Altaria, L50, M|100/100\n|-ability|p2a: Altaria|Cloud Nine\n|move|p1a: excalibur|King's Shield||[still]\n|-fail|p1a: excalibur\n|move|p1b: hypervoice|Psychic Noise|p2a: Altaria\n|-damage|p2a: Altaria|82/100\n|-start|p2a: Altaria|move: Heal Block\n|-enditem|p2a: Altaria|Mental Herb\n|-end|p2a: Altaria|move: Heal Block\n|move|p2b: Milotic|Muddy Water|p1a: excalibur|[spread] p1a,p1b\n|-damage|p1a: excalibur|75/100\n|-damage|p1b: hypervoice|12/100\n|\n|-heal|p2b: Milotic|100/100|[from] item: Leftovers\n|upkeep\n|turn|5\n|inactive|Rusano has 30 seconds left.\n|\n|t:|1776138709\n|switch|p1b: kaka|Kingambit, L50, M, shiny|100/100\n|move|p1a: excalibur|Wide Guard|p1a: excalibur\n|-singleturn|p1a: excalibur|Wide Guard\n|move|p2a: Altaria|Tailwind|p2a: Altaria\n|-sidestart|p2: red_277353|move: Tailwind\n|move|p2b: Milotic|Scald|p1b: kaka\n|-damage|p1b: kaka|61/100\n|\n|-fieldend|move: Trick Room\n|upkeep\n|turn|6\n|inactive|Rusano has 30 seconds left.\n|\n|t:|1776138737\n|move|p2b: Milotic|Protect|p2b: Milotic\n|-singleturn|p2b: Milotic|Protect\n|move|p1b: kaka|Protect|p1b: kaka\n|-singleturn|p1b: kaka|Protect\n|move|p2a: Altaria|Will-O-Wisp|p1b: kaka\n|-activate|p1b: kaka|move: Protect\n|-formechange|p1a: excalibur|Aegislash-Blade|\n|move|p1a: excalibur|Flash Cannon|p2a: Altaria\n|-damage|p2a: Altaria|50/100\n|\n|upkeep\n|turn|7\n|\n|t:|1776138761\n|switch|p1b: hypervoice|Farigiraf, L50, F, shiny|12/100\n|move|p2a: Altaria|Helping Hand|p2b: Milotic\n|-singleturn|p2b: Milotic|Helping Hand|[of] p2a: Altaria\n|move|p1a: excalibur|Wide Guard|p1a: excalibur\n|-singleturn|p1a: excalibur|Wide Guard\n|move|p2b: Milotic|Scald|p1a: excalibur\n|-damage|p1a: excalibur|0 fnt\n|faint|p1a: excalibur\n|\n|upkeep\n|inactive|Rusano has 30 seconds left.\n|\n|t:|1776138787\n|switch|p1a: godzilla|Tyranitar, L50, F, shiny|100/100\n|-weather|Sandstorm|[from] ability: Sand Stream|[of] p1a: godzilla\n|turn|8\n|\n|t:|1776138803\n|detailschange|p1a: godzilla|Tyranitar-Mega, L50, F, shiny\n|-mega|p1a: godzilla|Tyranitar|Tyranitarite\n|move|p1b: hypervoice|Helping Hand|p1a: godzilla\n|-singleturn|p1a: godzilla|Helping Hand|[of] p1b: hypervoice\n|move|p2b: Milotic|Muddy Water|p1b: hypervoice|[spread] p1b\n|-miss|p2b: Milotic|p1a: godzilla\n|-damage|p1b: hypervoice|0 fnt\n|faint|p1b: hypervoice\n|move|p2a: Altaria|Will-O-Wisp|p1a: godzilla|[miss]\n|-miss|p2a: Altaria|p1a: godzilla\n|move|p1a: godzilla|Rock Slide|p2b: Milotic|[spread] p2a,p2b\n|-supereffective|p2a: Altaria|1\n|-damage|p2a: Altaria|0 fnt\n|-damage|p2b: Milotic|41/100\n|faint|p2a: Altaria\n|\n|-weather|Sandstorm|[upkeep]\n|-damage|p2b: Milotic|35/100|[from] Sandstorm\n|-heal|p2b: Milotic|41/100|[from] item: Leftovers\n|-sideend|p2: red_277353|move: Tailwind\n|upkeep\n|c|\u2606red_277353|wow\n|c|\u2606red_277353|thats\n|c|\u2606red_277353|wow\n|\n|t:|1776138822\n|switch|p2a: Lopunny|Lopunny-Mega, L50, M|23/100\n|switch|p1b: kaka|Kingambit, L50, M, shiny|61/100\n|turn|9\n|inactive|red_277353 has 30 seconds left.\n|inactive|Rusano has 30 seconds left.\n|inactive|red_277353 has 20 seconds left.\n|\n|t:|1776138859\n|move|p1b: kaka|Protect|p1b: kaka\n|-singleturn|p1b: kaka|Protect\n|move|p2a: Lopunny|Mach Punch|p1b: kaka\n|-activate|p1b: kaka|move: Protect\n|move|p2b: Milotic|Scald|p1a: godzilla\n|-supereffective|p1a: godzilla|1\n|-damage|p1a: godzilla|63/100\n|move|p1a: godzilla|Low Kick|p2a: Lopunny\n|-supereffective|p2a: Lopunny|1\n|-damage|p2a: Lopunny|0 fnt\n|faint|p2a: Lopunny\n|\n|-weather|Sandstorm|[upkeep]\n|-damage|p2b: Milotic|35/100|[from] Sandstorm\n|-heal|p2b: Milotic|41/100|[from] item: Leftovers\n|upkeep\n|\n|t:|1776138866\n|switch|p2a: Delphox|Delphox, L50, M|100/100\n|turn|10\n|\n|t:|1776138877\n|move|p1b: kaka|Sucker Punch||[still]\n|-fail|p1b: kaka\n|move|p2a: Delphox|Encore|p1b: kaka\n|-start|p1b: kaka|Encore\n|move|p2b: Milotic|Muddy Water|p1a: godzilla|[spread] p1a,p1b\n|-supereffective|p1a: godzilla|1\n|-damage|p1a: godzilla|31/100\n|-damage|p1b: kaka|30/100\n|move|p1a: godzilla|Rock Slide|p2a: Delphox|[spread] p2a,p2b\n|-supereffective|p2a: Delphox|1\n|-damage|p2a: Delphox|0 fnt\n|-damage|p2b: Milotic|0 fnt\n|faint|p2a: Delphox\n|faint|p2b: Milotic\n|\n|win|Rusano\n|raw|Rusano's rating: 1136 &rarr; <strong>1165</strong><br />(+29 for winning)\n|raw|red_277353's rating: 1195 &rarr; <strong>1166</strong><br />(-29 for losing)\n|c|\u2606red_277353|gg\n|c|\u2606Rusano|ggs\n",
  "uploadtime": 1776138892,
  "views": 21,
  "formatid": "gen9championsvgc2026regma",
  "rating": 1165,
  "private": 0,
  "password": null
}