{
  "id": "gen9championsvgc2026regma-2584642960",
  "format": "[Gen 9 Champions] VGC 2026 Reg M-A",
  "players": [
    "toxmyself",
    "milomikaelson"
  ],
  "log": "|j|\u2606toxmyself\n|j|\u2606milomikaelson\n|t:|1776274008\n|gametype|doubles\n|player|p1|toxmyself|norman|1050\n|player|p2|milomikaelson|101|1093\n|gen|9\n|tier|[Gen 9 Champions] VGC 2026 Reg M-A\n|rated|\n|rule|Species Clause: Limit one of each Pok\u00e9mon\n|rule|Item Clause: Limit 1 of each item\n|clearpoke\n|poke|p1|Charizard, L50, M|\n|poke|p1|Venusaur, L50, F|\n|poke|p1|Garchomp, L50, M|\n|poke|p1|Incineroar, L50, M|\n|poke|p1|Gardevoir, L50, F|\n|poke|p1|Milotic, L50, F|\n|poke|p2|Meganium, L50, F|\n|poke|p2|Milotic, L50, F|\n|poke|p2|Corviknight, L50, M|\n|poke|p2|Rotom-Wash, L50|\n|poke|p2|Farigiraf, L50, F|\n|poke|p2|Sinistcha, L50|\n|teampreview|4\n|inactive|Battle timer is ON: inactive players will automatically lose when time's up. (requested by toxmyself)\nmilomikaelson rejected open team sheets.\n|inactive|toxmyself has 60 seconds left.\n|inactive|milomikaelson has 60 seconds left.\n|inactive|toxmyself has 30 seconds left.\n|\n|t:|1776274073\n|teamsize|p1|4\n|teamsize|p2|4\n|start\n|switch|p1a: Charizard|Charizard, L50, M|100/100\n|switch|p1b: Venusaur|Venusaur, L50, F|100/100\n|switch|p2a: Rotom|Rotom-Wash, L50|100/100\n|switch|p2b: Farigiraf|Farigiraf, L50, F|100/100\n|turn|1\n|\n|t:|1776274097\n|detailschange|p1a: Charizard|Charizard-Mega-Y, L50, M\n|-mega|p1a: Charizard|Charizard|Charizardite Y\n|-weather|SunnyDay|[from] ability: Drought|[of] p1a: Charizard\n|move|p2a: Rotom|Protect|p2a: Rotom\n|-singleturn|p2a: Rotom|Protect\n|move|p1b: Venusaur|Sleep Powder|p2b: Farigiraf|[miss]\n|-miss|p1b: Venusaur|p2b: Farigiraf\n|move|p1a: Charizard|Solar Beam||[still]\n|-prepare|p1a: Charizard|Solar Beam\n|-anim|p1a: Charizard|Solar Beam|p2a: Rotom\n|-activate|p2a: Rotom|move: Protect\n|move|p2b: Farigiraf|Psychic|p1b: Venusaur\n|-supereffective|p1b: Venusaur|1\n|-damage|p1b: Venusaur|27/100\n|\n|-weather|SunnyDay|[upkeep]\n|upkeep\n|turn|2\n|\n|t:|1776274116\n|switch|p2a: Meganium|Meganium, L50, F|100/100\n|move|p1b: Venusaur|Energy Ball|p2a: Meganium\n|-resisted|p2a: Meganium|1\n|-crit|p2a: Meganium\n|-damage|p2a: Meganium|72/100\n|move|p1a: Charizard|Weather Ball|p2b: Farigiraf\n|-damage|p2b: Farigiraf|34/100\n|move|p2b: Farigiraf|Psychic|p1b: Venusaur\n|-supereffective|p1b: Venusaur|1\n|-damage|p1b: Venusaur|0 fnt\n|faint|p1b: Venusaur\n|\n|-weather|SunnyDay|[upkeep]\n|upkeep\n|\n|t:|1776274125\n|switch|p1b: Incineroar|Incineroar, L50, M|100/100\n|-ability|p1b: Incineroar|Intimidate|boost\n|-unboost|p2a: Meganium|atk|1\n|-unboost|p2b: Farigiraf|atk|1\n|turn|3\n|\n|t:|1776274143\n|detailschange|p2a: Meganium|Meganium-Mega, L50, F\n|-mega|p2a: Meganium|Meganium|Meganiumite\n|move|p1b: Incineroar|Helping Hand|p1a: Charizard\n|-singleturn|p1a: Charizard|Helping Hand|[of] p1b: Incineroar\n|move|p2a: Meganium|Protect|p2a: Meganium\n|-singleturn|p2a: Meganium|Protect\n|move|p2b: Farigiraf|Protect|p2b: Farigiraf\n|-singleturn|p2b: Farigiraf|Protect\n|move|p1a: Charizard|Heat Wave|p2a: Meganium|[spread] \n|-activate|p2a: Meganium|move: Protect\n|-activate|p2b: Farigiraf|move: Protect\n|\n|-weather|SunnyDay|[upkeep]\n|upkeep\n|turn|4\n|\n|t:|1776274165\n|switch|p2a: Milotic|Milotic, L50, F|100/100\n|move|p1a: Charizard|Heat Wave|p2b: Farigiraf|[spread] p2a\n|-miss|p1a: Charizard|p2b: Farigiraf\n|-resisted|p2a: Milotic|1\n|-damage|p2a: Milotic|76/100\n|move|p1b: Incineroar|Throat Chop|p2b: Farigiraf\n|-supereffective|p2b: Farigiraf|1\n|-damage|p2b: Farigiraf|0 fnt\n|faint|p2b: Farigiraf\n|\n|-weather|SunnyDay|[upkeep]\n|-heal|p2a: Milotic|82/100|[from] item: Leftovers\n|upkeep\n|\n|t:|1776274168\n|switch|p2b: Rotom|Rotom-Wash, L50|100/100\n|turn|5\n|\n|t:|1776274185\n|move|p1a: Charizard|Protect|p1a: Charizard\n|-singleturn|p1a: Charizard|Protect\n|move|p2b: Rotom|Thunder Wave|p1a: Charizard\n|-activate|p1a: Charizard|move: Protect\n|move|p2a: Milotic|Icy Wind|p1a: Charizard|[spread] p1b\n|-activate|p1a: Charizard|move: Protect\n|-resisted|p1b: Incineroar|1\n|-crit|p1b: Incineroar\n|-damage|p1b: Incineroar|95/100\n|-unboost|p1b: Incineroar|spe|1\n|move|p1b: Incineroar|Throat Chop|p2b: Rotom\n|-damage|p2b: Rotom|72/100\n|-start|p2b: Rotom|Throat Chop|[silent]\n|\n|-weather|none\n|-heal|p2a: Milotic|88/100|[from] item: Leftovers\n|upkeep\n|turn|6\n|\n|t:|1776274207\n|switch|p1a: Garchomp|Garchomp, L50, M|100/100\n|move|p2b: Rotom|Hydro Pump|p1a: Garchomp\n|-damage|p1a: Garchomp|55/100\n|move|p2a: Milotic|Scald|p1a: Garchomp\n|-damage|p1a: Garchomp|22/100\n|-status|p1a: Garchomp|brn\n|move|p1b: Incineroar|Throat Chop|p2a: Milotic\n|-damage|p2a: Milotic|62/100\n|-start|p2a: Milotic|Throat Chop|[silent]\n|\n|-heal|p2a: Milotic|68/100|[from] item: Leftovers\n|-damage|p1a: Garchomp|16/100 brn|[from] brn\n|-end|p2b: Rotom|Throat Chop|[silent]\n|upkeep\n|turn|7\n|\n|t:|1776274228\n|move|p1a: Garchomp|Rock Slide|p2b: Rotom|[spread] p2a,p2b\n|-crit|p2b: Rotom\n|-damage|p2a: Milotic|60/100\n|-damage|p2b: Rotom|57/100\n|move|p2b: Rotom|Hydro Pump|p1a: Garchomp\n|-damage|p1a: Garchomp|0 fnt\n|faint|p1a: Garchomp\n|move|p2a: Milotic|Recover|p2a: Milotic\n|-heal|p2a: Milotic|100/100\n|move|p1b: Incineroar|Throat Chop|p2a: Milotic\n|-damage|p2a: Milotic|75/100\n|\n|-heal|p2a: Milotic|81/100|[from] item: Leftovers\n|-end|p2a: Milotic|Throat Chop|[silent]\n|upkeep\n|\n|t:|1776274239\n|switch|p1a: Charizard|Charizard-Mega-Y, L50, M|100/100\n|-weather|SunnyDay|[from] ability: Drought|[of] p1a: Charizard\n|turn|8\n|\n|t:|1776274246\n|move|p1b: Incineroar|Helping Hand|p1a: Charizard\n|-singleturn|p1a: Charizard|Helping Hand|[of] p1b: Incineroar\n|move|p1a: Charizard|Solar Beam||[still]\n|-prepare|p1a: Charizard|Solar Beam\n|-anim|p1a: Charizard|Solar Beam|p2a: Milotic\n|-supereffective|p2a: Milotic|1\n|-damage|p2a: Milotic|0 fnt\n|faint|p2a: Milotic\n|move|p2b: Rotom|Thunder Wave|p1a: Charizard\n|-status|p1a: Charizard|par\n|\n|-weather|SunnyDay|[upkeep]\n|upkeep\n|\n|t:|1776274252\n|switch|p2a: Meganium|Meganium-Mega, L50, F|72/100\n|turn|9\n|\n|t:|1776274263\n|move|p2a: Meganium|Protect|p2a: Meganium\n|-singleturn|p2a: Meganium|Protect\n|move|p1a: Charizard|Protect|p1a: Charizard\n|-singleturn|p1a: Charizard|Protect\n|move|p2b: Rotom|Volt Switch|p1a: Charizard\n|-activate|p1a: Charizard|move: Protect\n|move|p1b: Incineroar|Flare Blitz|p2a: Meganium\n|-activate|p2a: Meganium|move: Protect\n|\n|-weather|SunnyDay|[upkeep]\n|upkeep\n|turn|10\n|\n|t:|1776274270\n|move|p2b: Rotom|Volt Switch|p1a: Charizard\n|-supereffective|p1a: Charizard|1\n|-damage|p1a: Charizard|50/100 par\n|move|p2a: Meganium|Solar Beam||[still]\n|-prepare|p2a: Meganium|Solar Beam\n|-anim|p2a: Meganium|Solar Beam|p1a: Charizard\n|-resisted|p1a: Charizard|2\n|-damage|p1a: Charizard|32/100 par\n|move|p1a: Charizard|Solar Beam||[still]\n|-prepare|p1a: Charizard|Solar Beam\n|-anim|p1a: Charizard|Solar Beam|p2b: Rotom\n|-supereffective|p2b: Rotom|1\n|-damage|p2b: Rotom|0 fnt\n|faint|p2b: Rotom\n|move|p1b: Incineroar|Flare Blitz|p2a: Meganium\n|-supereffective|p2a: Meganium|1\n|-damage|p2a: Meganium|0 fnt\n|faint|p2a: Meganium\n|-damage|p1b: Incineroar|73/100|[from] Recoil\n|\n|win|toxmyself\n|raw|toxmyself's rating: 1050 &rarr; <strong>1087</strong><br />(+37 for winning)\n|raw|milomikaelson's rating: 1093 &rarr; <strong>1066</strong><br />(-27 for losing)\n",
  "uploadtime": 1776274270,
  "views": 21,
  "formatid": "gen9championsvgc2026regma",
  "rating": 1066,
  "private": 0,
  "password": null
}