{
  "id": "gen9championsvgc2026regma-2581106490",
  "format": "[Gen 9 Champions] VGC 2026 Reg M-A",
  "players": [
    "TheMomMoistener2xO",
    "SpiderKash"
  ],
  "log": "|j|\u2606TheMomMoistener2xO\n|j|\u2606SpiderKash\n|t:|1775960456\n|gametype|doubles\n|player|p1|TheMomMoistener2xO|265|1240\n|player|p2|SpiderKash|2|1327\n|gen|9\n|tier|[Gen 9 Champions] VGC 2026 Reg M-A\n|rated|\n|rule|Species Clause: Limit one of each Pok\u00e9mon\n|rule|Item Clause: Limit 1 of each item\n|clearpoke\n|poke|p1|Glimmora, L50, F|\n|poke|p1|Sneasler, L50, F|\n|poke|p1|Heliolisk, L50, F|\n|poke|p1|Hydreigon, L50, F|\n|poke|p1|Sinistcha, L50|\n|poke|p1|Talonflame, L50, M|\n|poke|p2|Charizard, L50, M|\n|poke|p2|Incineroar, L50, M|\n|poke|p2|Dragapult, L50, M|\n|poke|p2|Sneasler, L50, M|\n|poke|p2|Whimsicott, L50, M|\n|poke|p2|Floette-Eternal, L50, F|\n|teampreview|4\n|inactive|Battle timer is ON: inactive players will automatically lose when time's up. (requested by SpiderKash)\n|\n|t:|1775960484\n|teamsize|p1|4\n|teamsize|p2|4\n|start\n|switch|p1a: Glimmora|Glimmora, L50, F|100/100\n|switch|p1b: Talonflame|Talonflame, L50, M|100/100\n|switch|p2a: Dragapult|Dragapult, L50, M|100/100\n|switch|p2b: Sneasler|Sneasler, L50, M|100/100\n|turn|1\n|inactive|TheMomMoistener2xO has 30 seconds left.\n|\n|t:|1775960514\n|detailschange|p1a: Glimmora|Glimmora-Mega, L50, F\n|-mega|p1a: Glimmora|Glimmora|Glimmoranite\n|move|p2b: Sneasler|Fake Out|p1b: Talonflame\n|-damage|p1b: Talonflame|78/100\n|move|p2a: Dragapult|Dragon Dance|p2a: Dragapult\n|-boost|p2a: Dragapult|atk|1\n|-boost|p2a: Dragapult|spe|1\n|cant|p1b: Talonflame|flinch\n|move|p1a: Glimmora|Power Gem|p2a: Dragapult\n|-crit|p2a: Dragapult\n|-damage|p2a: Dragapult|0 fnt\n|faint|p2a: Dragapult\n|\n|upkeep\n|inactive|SpiderKash has 30 seconds left.\n|c|\u2606TheMomMoistener2xO|im sorry chief\n|inactive|SpiderKash has 20 seconds left.\n|\n|t:|1775960552\n|switch|p2a: Whimsicott|Whimsicott, L50, M|100/100\n|turn|2\n|\n|t:|1775960566\n|move|p2a: Whimsicott|Tailwind|p2a: Whimsicott\n|-sidestart|p2: SpiderKash|move: Tailwind\n|move|p2b: Sneasler|Dire Claw|p1b: Talonflame\n|-damage|p1b: Talonflame|13/100\n|-status|p1b: Talonflame|slp\n|cant|p1b: Talonflame|slp\n|move|p1a: Glimmora|Sludge Bomb|p2a: Whimsicott\n|-supereffective|p2a: Whimsicott|2\n|-enditem|p2a: Whimsicott|Focus Sash\n|-damage|p2a: Whimsicott|1/100\n|\n|upkeep\n|turn|3\n|inactive|TheMomMoistener2xO has 30 seconds left.\n|inactive|SpiderKash has 30 seconds left.\n|inactive|TheMomMoistener2xO has 20 seconds left.\n|inactive|TheMomMoistener2xO has 15 seconds left.\n|inactive|TheMomMoistener2xO has 10 seconds left.\n|\n|t:|1775960615\n|move|p1a: Glimmora|Protect|p1a: Glimmora\n|-singleturn|p1a: Glimmora|Protect\n|move|p2b: Sneasler|Close Combat|p1a: Glimmora\n|-activate|p1a: Glimmora|move: Protect\n|move|p2a: Whimsicott|Moonblast|p1b: Talonflame\n|-resisted|p1b: Talonflame|1\n|-damage|p1b: Talonflame|0 fnt\n|faint|p1b: Talonflame\n|\n|upkeep\n|\n|t:|1775960627\n|switch|p1b: Sneasler|Sneasler, L50, F|100/100\n|turn|4\n|\n|t:|1775960635\n|move|p2a: Whimsicott|Protect|p2a: Whimsicott\n|-singleturn|p2a: Whimsicott|Protect\n|move|p1b: Sneasler|Fake Out|p2a: Whimsicott\n|-activate|p2a: Whimsicott|move: Protect\n|move|p2b: Sneasler|Close Combat|p1a: Glimmora\n|-damage|p1a: Glimmora|32/100\n|-unboost|p2b: Sneasler|def|1\n|-unboost|p2b: Sneasler|spd|1\n|-enditem|p2b: Sneasler|White Herb\n|-clearnegativeboost|p2b: Sneasler|[silent]\n|move|p1a: Glimmora|Earth Power|p2b: Sneasler\n|-supereffective|p2b: Sneasler|1\n|-damage|p2b: Sneasler|2/100\n|\n|upkeep\n|turn|5\n|\n|t:|1775960651\n|move|p1b: Sneasler|Protect|p1b: Sneasler\n|-singleturn|p1b: Sneasler|Protect\n|move|p1a: Glimmora|Protect|p1a: Glimmora\n|-singleturn|p1a: Glimmora|Protect\n|move|p2a: Whimsicott|Encore|p1b: Sneasler\n|-activate|p1b: Sneasler|move: Protect\n|move|p2b: Sneasler|Close Combat|p1a: Glimmora\n|-activate|p1a: Glimmora|move: Protect\n|\n|-sideend|p2: SpiderKash|move: Tailwind\n|upkeep\n|turn|6\n|inactive|TheMomMoistener2xO has 30 seconds left.\n|\n|t:|1775960682\n|switch|p1a: Sinistcha|Sinistcha, L50|100/100\n|move|p2a: Whimsicott|Encore|p1b: Sneasler\n|-start|p1b: Sneasler|Encore\n|move|p1b: Sneasler|Protect|p1b: Sneasler\n|-singleturn|p1b: Sneasler|Protect\n|move|p2b: Sneasler|Close Combat|p1a: Sinistcha\n|-immune|p1a: Sinistcha\n|\n|upkeep\n|turn|7\n|\n|t:|1775960693\n|switch|p1b: Glimmora|Glimmora-Mega, L50, F|32/100\n|move|p2a: Whimsicott|Tailwind|p2a: Whimsicott\n|-sidestart|p2: SpiderKash|move: Tailwind\n|move|p2b: Sneasler|Dire Claw|p1b: Glimmora\n|-resisted|p1b: Glimmora|2\n|-damage|p1b: Glimmora|19/100\n|move|p1a: Sinistcha|Matcha Gotcha|p2b: Sneasler|[spread] p2a\n|-miss|p1a: Sinistcha|p2b: Sneasler\n|-resisted|p2a: Whimsicott|1\n|-damage|p2a: Whimsicott|0 fnt\n|faint|p2a: Whimsicott\n|\n|upkeep\n|\n|t:|1775960695\n|switch|p2a: Floette|Floette-Eternal, L50, F|100/100\n|turn|8\n|\n|t:|1775960712\n|detailschange|p2a: Floette|Floette-Mega, L50, F\n|-mega|p2a: Floette|Floette|Floettite\n|-ability|p2a: Floette|Fairy Aura\n|move|p1a: Sinistcha|Rage Powder|p1a: Sinistcha\n|-singleturn|p1a: Sinistcha|move: Rage Powder\n|move|p2b: Sneasler|Dire Claw|p1a: Sinistcha\n|-damage|p1a: Sinistcha|61/100\n|-status|p1a: Sinistcha|slp\n|move|p2a: Floette|Dazzling Gleam|p1b: Glimmora|[spread] p1a,p1b\n|-resisted|p1b: Glimmora|1\n|-damage|p1a: Sinistcha|10/100 slp\n|-damage|p1b: Glimmora|0 fnt\n|faint|p1b: Glimmora\n|\n|upkeep\n|\n|t:|1775960729\n|switch|p1b: Sneasler|Sneasler, L50, F|100/100\n|turn|9\n|\n|t:|1775960737\n|move|p2b: Sneasler|Protect|p2b: Sneasler\n|-singleturn|p2b: Sneasler|Protect\n|move|p2a: Floette|Protect|p2a: Floette\n|-singleturn|p2a: Floette|Protect\n|move|p1b: Sneasler|Fake Out|p2b: Sneasler\n|-activate|p2b: Sneasler|move: Protect\n|cant|p1a: Sinistcha|slp\n|\n|upkeep\n|turn|10\n|\n|t:|1775960750\n|cant|p1a: Sinistcha|slp\n|move|p2b: Sneasler|Close Combat|p1b: Sneasler\n|-resisted|p1b: Sneasler|1\n|-damage|p1b: Sneasler|44/100\n|-unboost|p2b: Sneasler|def|1\n|-unboost|p2b: Sneasler|spd|1\n|move|p2a: Floette|Dazzling Gleam|p1a: Sinistcha|[spread] p1a,p1b\n|-damage|p1a: Sinistcha|0 fnt\n|-damage|p1b: Sneasler|0 fnt\n|faint|p1a: Sinistcha\n|faint|p1b: Sneasler\n|\n|win|SpiderKash\n|raw|TheMomMoistener2xO's rating: 1240 &rarr; <strong>1222</strong><br />(-18 for losing)\n|raw|SpiderKash's rating: 1343 &rarr; <strong>1357</strong><br />(+14 for winning)\n",
  "uploadtime": 1775960754,
  "views": 19,
  "formatid": "gen9championsvgc2026regma",
  "rating": 1222,
  "private": 0,
  "password": null
}