{
  "id": "gen9championsvgc2026regma-2581646655",
  "format": "[Gen 9 Champions] VGC 2026 Reg M-A",
  "players": [
    "Aboom1",
    "thefakephrog"
  ],
  "log": "|j|\u2606Aboom1\n|j|\u2606thefakephrog\n|t:|1776017680\n|gametype|doubles\n|player|p1|Aboom1|169|1066\n|player|p2|thefakephrog|170|1033\n|gen|9\n|tier|[Gen 9 Champions] VGC 2026 Reg M-A\n|rated|\n|rule|Species Clause: Limit one of each Pok\u00e9mon\n|rule|Item Clause: Limit 1 of each item\n|clearpoke\n|poke|p1|Archaludon, L50, M|\n|poke|p1|Basculegion, L50, M|\n|poke|p1|Meowstic, L50, M|\n|poke|p1|Feraligatr, L50, M|\n|poke|p1|Hatterene, L50, F|\n|poke|p1|Sinistcha, L50|\n|poke|p2|Gardevoir, L50, F|\n|poke|p2|Scizor, L50, M|\n|poke|p2|Whimsicott, L50, F|\n|poke|p2|Basculegion, L50, M|\n|poke|p2|Rotom-Heat, L50|\n|poke|p2|Garchomp, L50, F|\n|teampreview|4\n|inactive|Battle timer is ON: inactive players will automatically lose when time's up. (requested by Aboom1)\n|\n|t:|1776017694\n|teamsize|p1|4\n|teamsize|p2|4\n|start\n|switch|p1a: Meowstic|Meowstic, L50, M, shiny|100/100\n|switch|p1b: Basculegion|Basculegion, L50, M, shiny|100/100\n|switch|p2a: Whimsicott|Whimsicott, L50, F|100/100\n|switch|p2b: Rotom|Rotom-Heat, L50|100/100\n|turn|1\n|inactive|Aboom1 has 30 seconds left.\n|inactive|Aboom1 has 20 seconds left.\n|\n|t:|1776017733\n|move|p2a: Whimsicott|Tailwind|p2a: Whimsicott\n|-sidestart|p2: thefakephrog|move: Tailwind\n|move|p1a: Meowstic|Rain Dance|p1a: Meowstic\n|-weather|RainDance\n|move|p2b: Rotom|Light Screen|p2b: Rotom\n|-sidestart|p2: thefakephrog|move: Light Screen\n|move|p1b: Basculegion|Ice Beam|p2a: Whimsicott\n|-supereffective|p2a: Whimsicott|1\n|-damage|p2a: Whimsicott|62/100\n|\n|-weather|RainDance|[upkeep]\n|-heal|p2a: Whimsicott|68/100|[from] item: Leftovers\n|upkeep\n|turn|2\n|\n|t:|1776017753\n|move|p2a: Whimsicott|Worry Seed|p1b: Basculegion\n|-ability|p1b: Basculegion|Insomnia|Swift Swim|[from] move: Worry Seed\n|move|p1a: Meowstic|Reflect|p1a: Meowstic\n|-sidestart|p1: Aboom1|Reflect\n|move|p2b: Rotom|Thunderbolt|p1b: Basculegion\n|-supereffective|p1b: Basculegion|1\n|-damage|p1b: Basculegion|37/100\n|move|p1b: Basculegion|Ice Beam|p2a: Whimsicott\n|-supereffective|p2a: Whimsicott|1\n|-crit|p2a: Whimsicott\n|-damage|p2a: Whimsicott|0 fnt\n|faint|p2a: Whimsicott\n|\n|-weather|RainDance|[upkeep]\n|upkeep\n|\n|t:|1776017772\n|switch|p2a: Basculegion|Basculegion, L50, M|100/100\n|turn|3\n|\n|t:|1776017789\n|move|p1a: Meowstic|Helping Hand|p1b: Basculegion\n|-singleturn|p1b: Basculegion|Helping Hand|[of] p1a: Meowstic\n|move|p2a: Basculegion|Last Respects|p1b: Basculegion\n|-supereffective|p1b: Basculegion|1\n|-damage|p1b: Basculegion|0 fnt\n|faint|p1b: Basculegion\n|move|p2b: Rotom|Reflect|p2b: Rotom\n|-sidestart|p2: thefakephrog|Reflect\n|\n|-weather|RainDance|[upkeep]\n|upkeep\n|\n|t:|1776017803\n|switch|p1b: Archaludon|Archaludon, L50, M|100/100\n|turn|4\n|\n|t:|1776017816\n|move|p1a: Meowstic|Helping Hand|p1b: Archaludon\n|-singleturn|p1b: Archaludon|Helping Hand|[of] p1a: Meowstic\n|move|p2a: Basculegion|Last Respects|p1a: Meowstic\n|-supereffective|p1a: Meowstic|1\n|-damage|p1a: Meowstic|6/100\n|move|p2b: Rotom|Overheat|p1b: Archaludon\n|-damage|p1b: Archaludon|73/100\n|-unboost|p2b: Rotom|spa|2\n|move|p1b: Archaludon|Electro Shot||[still]\n|-prepare|p1b: Archaludon|Electro Shot\n|-boost|p1b: Archaludon|spa|1\n|-anim|p1b: Archaludon|Electro Shot|p2a: Basculegion\n|-supereffective|p2a: Basculegion|1\n|-damage|p2a: Basculegion|0 fnt\n|faint|p2a: Basculegion\n|\n|-weather|RainDance|[upkeep]\n|-heal|p1b: Archaludon|79/100|[from] item: Leftovers\n|-sideend|p2: thefakephrog|move: Tailwind\n|upkeep\n|\n|t:|1776017833\n|switch|p2a: Scizor|Scizor, L50, M|100/100\n|turn|5\n|\n|t:|1776017851\n|switch|p1a: Feraligatr|Feraligatr, L50, M|100/100\n|detailschange|p2a: Scizor|Scizor-Mega, L50, M\n|-mega|p2a: Scizor|Scizor|Scizorite\n|move|p2a: Scizor|Close Combat|p1b: Archaludon\n|-supereffective|p1b: Archaludon|1\n|-damage|p1b: Archaludon|36/100\n|-unboost|p2a: Scizor|def|1\n|-unboost|p2a: Scizor|spd|1\n|move|p2b: Rotom|Thunderbolt|p1a: Feraligatr\n|-supereffective|p1a: Feraligatr|1\n|-damage|p1a: Feraligatr|68/100\n|move|p1b: Archaludon|Dragon Cheer|p1a: Feraligatr\n|-start|p1a: Feraligatr|move: Dragon Cheer\n|\n|-weather|none\n|-heal|p1b: Archaludon|42/100|[from] item: Leftovers\n|-sideend|p2: thefakephrog|move: Light Screen\n|upkeep\n|turn|6\n|inactive|Aboom1 has 30 seconds left.\n|inactive|thefakephrog has 30 seconds left.\n|inactive|Aboom1 has 20 seconds left.\n|inactive|Aboom1 has 15 seconds left.\n|inactive|Aboom1 has 10 seconds left.\n|inactive|Aboom1 has 5 seconds left.\n|\n|t:|1776017905\n|detailschange|p1a: Feraligatr|Feraligatr-Mega, L50, M\n|-mega|p1a: Feraligatr|Feraligatr|Feraligite\n|move|p1b: Archaludon|Protect|p1b: Archaludon\n|-singleturn|p1b: Archaludon|Protect\n|move|p2a: Scizor|Close Combat|p1b: Archaludon\n|-activate|p1b: Archaludon|move: Protect\n|move|p2b: Rotom|Thunderbolt|p1a: Feraligatr\n|-damage|p1a: Feraligatr|53/100\n|move|p1a: Feraligatr|Liquidation|p2b: Rotom\n|-supereffective|p2b: Rotom|1\n|-damage|p2b: Rotom|34/100\n|\n|-heal|p1b: Archaludon|48/100|[from] item: Leftovers\n|-sideend|p1: Aboom1|Reflect\n|upkeep\n|turn|7\n|inactive|Aboom1 has 30 seconds left.\n|inactive|thefakephrog has 30 seconds left.\n|inactive|Aboom1 has 20 seconds left.\n|inactive|Aboom1 has 15 seconds left.\n|inactive|Aboom1 has 10 seconds left.\n|inactive|Aboom1 has 5 seconds left.\n|\n|t:|1776017957\n|move|p2a: Scizor|Close Combat|p1b: Archaludon\n|-supereffective|p1b: Archaludon|1\n|-damage|p1b: Archaludon|0 fnt\n|-unboost|p2a: Scizor|def|1\n|-unboost|p2a: Scizor|spd|1\n|faint|p1b: Archaludon\n|move|p2b: Rotom|Thunderbolt|p1a: Feraligatr\n|-damage|p1a: Feraligatr|37/100\n|move|p1a: Feraligatr|Liquidation|p2b: Rotom\n|-supereffective|p2b: Rotom|1\n|-damage|p2b: Rotom|0 fnt\n|faint|p2b: Rotom\n|\n|-sideend|p2: thefakephrog|Reflect\n|upkeep\n|\n|t:|1776017972\n|switch|p1b: Meowstic|Meowstic, L50, M, shiny|6/100\n|turn|8\n|\n|t:|1776017992\n|move|p1b: Meowstic|Helping Hand|p1a: Feraligatr\n|-singleturn|p1a: Feraligatr|Helping Hand|[of] p1b: Meowstic\n|move|p2a: Scizor|Dual Wingbeat|p1a: Feraligatr\n|-damage|p1a: Feraligatr|19/100\n|-crit|p1a: Feraligatr\n|-damage|p1a: Feraligatr|0 fnt\n|faint|p1a: Feraligatr\n|-hitcount|p1: Feraligatr|2\n|\n|upkeep\n|turn|9\n|\n|t:|1776018005\n|move|p2a: Scizor|Bullet Punch|p1b: Meowstic\n|-damage|p1b: Meowstic|0 fnt\n|faint|p1b: Meowstic\n|\n|win|thefakephrog\n|raw|Aboom1's rating: 1066 &rarr; <strong>1044</strong><br />(-22 for losing)\n|raw|thefakephrog's rating: 1033 &rarr; <strong>1071</strong><br />(+38 for winning)\n|c|\u2606thefakephrog|clutched it\n",
  "uploadtime": 1776018017,
  "views": 19,
  "formatid": "gen9championsvgc2026regma",
  "rating": 1044,
  "private": 0,
  "password": null
}