{
  "id": "gen9championsvgc2026regma-2586143511",
  "format": "[Gen 9 Champions] VGC 2026 Reg M-A",
  "players": [
    "gimwepaw",
    "Jackalope11"
  ],
  "log": "|j|\u2606gimwepaw\n|j|\u2606Jackalope11\n|html|<table width=\"100%\"><tr><td align=\"left\">gimwepaw</td><td align=\"right\">Jackalope11</tr><tr><td align=\"left\"><i class=\"fa fa-circle\"></i> <i class=\"fa fa-circle-o\"></i> </td><td align=\"right\"><i class=\"fa fa-circle-o\"></i> <i class=\"fa fa-circle\"></i> </tr></table>\n|uhtml|bestof|<h2><strong>Game 3</strong> of <a href=\"/game-bestof3-gen9championsvgc2026regma-2586139458\">a best-of-3</a></h2>\n|t:|1776404461\n|gametype|doubles\n|player|p1|gimwepaw|170|\n|player|p2|Jackalope11|265|\n|gen|9\n|tier|[Gen 9 Champions] VGC 2026 Reg M-A\n|rule|Species Clause: Limit one of each Pok\u00e9mon\n|rule|Item Clause: Limit 1 of each item\n|raw|<div class=\"infobox\"><details class=\"readmore\" open><summary><strong>1 custom rule:</strong></summary> Best of = 3</details></div>\n|clearpoke\n|poke|p1|Blastoise, L50, M|\n|poke|p1|Sableye, L50, M|\n|poke|p1|Basculegion, L50, M|\n|poke|p1|Sneasler, L50, F|\n|poke|p1|Kingambit, L50, F|\n|poke|p1|Aerodactyl, L50, M|\n|poke|p2|Milotic, L50, F|\n|poke|p2|Excadrill, L50, M|\n|poke|p2|Tyranitar, L50, M|\n|poke|p2|Sinistcha, L50|\n|poke|p2|Aerodactyl, L50, M|\n|poke|p2|Volcarona, L50, F|\n|teampreview|4\n|c|\u2606gimwepaw|powder is higher priority\n|c|\u2606Jackalope11|why did tuant go after powder?\n|c|\u2606gimwepaw|alright i am trying now\n|c|\u2606gimwepaw|watch out\n|c|\u2606Jackalope11|i thought its both +1\n|c|\u2606gimwepaw|no im pretty sure powder is plus three\n|\n|t:|1776404499\n|teamsize|p1|4\n|teamsize|p2|4\n|start\n|switch|p1a: Blastoise|Blastoise, L50, M|100/100\n|switch|p1b: Sneasler|Sneasler, L50, F|100/100\n|switch|p2a: Aerodactyl|Aerodactyl, L50, M|100/100\n|switch|p2b: Excadrill|Excadrill, L50, M|100/100\n|-ability|p2a: Aerodactyl|Unnerve\n|turn|1\n|c|\u2606Jackalope11|whats fakeout\n|c|\u2606gimwepaw|those who know\n|c|\u2606gimwepaw|im holding dangerous info\n|\n|t:|1776404533\n|switch|p2b: Sinistcha|Sinistcha, L50|100/100\n|detailschange|p1a: Blastoise|Blastoise-Mega, L50, M\n|-mega|p1a: Blastoise|Blastoise|Blastoisinite\n|move|p1b: Sneasler|Fake Out|p2a: Aerodactyl\n|-resisted|p2a: Aerodactyl|1\n|-damage|p2a: Aerodactyl|88/100\n|cant|p2a: Aerodactyl|flinch\n|move|p1a: Blastoise|Water Spout|p2b: Sinistcha|[spread] p2a,p2b\n|-supereffective|p2a: Aerodactyl|1\n|-resisted|p2b: Sinistcha|1\n|-damage|p2a: Aerodactyl|0 fnt\n|-damage|p2b: Sinistcha|70/100\n|faint|p2a: Aerodactyl\n|\n|upkeep\n|c|\u2606Jackalope11|it learns that\n|c|\u2606Jackalope11|wtf\n|\n|t:|1776404553\n|switch|p2a: Excadrill|Excadrill, L50, M|100/100\n|turn|2\n|\n|t:|1776404570\n|move|p1a: Blastoise|Protect|p1a: Blastoise\n|-singleturn|p1a: Blastoise|Protect\n|move|p2b: Sinistcha|Rage Powder|p2b: Sinistcha\n|-singleturn|p2b: Sinistcha|move: Rage Powder\n|move|p1b: Sneasler|Dire Claw|p2b: Sinistcha\n|-damage|p2b: Sinistcha|30/100\n|-enditem|p2b: Sinistcha|Sitrus Berry|[eat]\n|-heal|p2b: Sinistcha|54/100|[from] item: Sitrus Berry\n|move|p2a: Excadrill|Earthquake|p1a: Blastoise|[spread] p2b,p1b\n|-activate|p1a: Blastoise|move: Protect\n|-resisted|p2b: Sinistcha|1\n|-supereffective|p1b: Sneasler|1\n|-damage|p2b: Sinistcha|35/100\n|-damage|p1b: Sneasler|0 fnt\n|faint|p1b: Sneasler\n|\n|upkeep\n|\n|t:|1776404590\n|switch|p1b: Sableye|Sableye, L50, M|100/100\n|turn|3\n|\n|t:|1776404601\n|move|p1b: Sableye|Taunt|p2b: Sinistcha\n|-start|p2b: Sinistcha|move: Taunt\n|move|p2a: Excadrill|Earthquake|p1b: Sableye|[spread] p2b,p1a,p1b\n|-resisted|p2b: Sinistcha|1\n|-damage|p2b: Sinistcha|14/100\n|-damage|p1a: Blastoise|62/100\n|-damage|p1b: Sableye|43/100\n|move|p1a: Blastoise|Muddy Water|p2b: Sinistcha|[spread] p2a,p2b\n|-supereffective|p2a: Excadrill|1\n|-resisted|p2b: Sinistcha|1\n|-damage|p2a: Excadrill|1/100\n|-damage|p2b: Sinistcha|0 fnt\n|faint|p2b: Sinistcha\n|\n|upkeep\n|\n|t:|1776404610\n|switch|p2b: Tyranitar|Tyranitar, L50, M|100/100\n|-weather|Sandstorm|[from] ability: Sand Stream|[of] p2b: Tyranitar\n|turn|4\n|\n|t:|1776404636\n|detailschange|p2b: Tyranitar|Tyranitar-Mega, L50, M\n|-mega|p2b: Tyranitar|Tyranitar|Tyranitarite\n|move|p1b: Sableye|Rain Dance|p1b: Sableye\n|-weather|RainDance\n|move|p2a: Excadrill|Rock Slide|p1a: Blastoise|[spread] p1a,p1b\n|-damage|p1a: Blastoise|41/100\n|-damage|p1b: Sableye|13/100\n|move|p1a: Blastoise|Water Spout|p2b: Tyranitar|[spread] p2a,p2b\n|-supereffective|p2a: Excadrill|1\n|-supereffective|p2b: Tyranitar|1\n|-damage|p2a: Excadrill|0 fnt\n|-damage|p2b: Tyranitar|30/100\n|faint|p2a: Excadrill\n|move|p2b: Tyranitar|Rock Slide|p1a: Blastoise|[spread] p1a,p1b\n|-damage|p1a: Blastoise|0 fnt\n|-damage|p1b: Sableye|0 fnt\n|faint|p1a: Blastoise\n|faint|p1b: Sableye\n|\n|-weather|RainDance|[upkeep]\n|upkeep\n|\n|t:|1776404648\n|switch|p1b: Basculegion|Basculegion, L50, M|100/100\n|turn|5\n|c|\u2606Jackalope11|ruh oh\n|c|\u2606gimwepaw|CMON UNCLE\n|c|\u2606Jackalope11|does ur blastoise have speed investment\n|c|\u2606gimwepaw|PULL THROUGH PULL THROUGH\n|c|\u2606gimwepaw|i cant share that with the class\n|\n|t:|1776404667\n|move|p2b: Tyranitar|Protect|p2b: Tyranitar\n|-singleturn|p2b: Tyranitar|Protect\n|move|p1b: Basculegion|Wave Crash|p2b: Tyranitar\n|-activate|p2b: Tyranitar|move: Protect\n|\n|-weather|RainDance|[upkeep]\n|upkeep\n|turn|6\n|\n|t:|1776404673\n|move|p2b: Tyranitar|Protect||[still]\n|-fail|p2b: Tyranitar\n|move|p1b: Basculegion|Wave Crash|p2b: Tyranitar\n|-supereffective|p2b: Tyranitar|1\n|-damage|p2b: Tyranitar|0 fnt\n|faint|p2b: Tyranitar\n|-damage|p1b: Basculegion|91/100|[from] Recoil\n|\n|win|gimwepaw\n|c|\u2606gimwepaw|bro it took me three games to finally get a water spout off\n|c|\u2606gimwepaw|EASY\n|c|\u2606gimwepaw|ur buns\n|c|\u2606gimwepaw|this is getting pinned\n|l|\u2606Jackalope11\n|player|p2|\n",
  "uploadtime": 1776404713,
  "views": 17,
  "formatid": "gen9championsvgc2026regma",
  "rating": null,
  "private": 0,
  "password": null
}