{
  "id": "gen9championsvgc2026regma-2587665752",
  "format": "[Gen 9 Champions] VGC 2026 Reg M-A",
  "players": [
    "darkina74",
    "Koki09"
  ],
  "log": "|j|\u2606darkina74\n|j|\u2606Koki09\n|t:|1776551840\n|gametype|doubles\n|player|p1|darkina74|miku-fairy|1060\n|player|p2|Koki09|gambler|1048\n|gen|9\n|tier|[Gen 9 Champions] VGC 2026 Reg M-A\n|rated|\n|rule|Species Clause: Limit one of each Pok\u00e9mon\n|rule|Item Clause: Limit 1 of each item\n|clearpoke\n|poke|p1|Floette-Eternal, L50, F|\n|poke|p1|Incineroar, L50, M|\n|poke|p1|Sneasler, L50, M|\n|poke|p1|Scovillain, L50, F|\n|poke|p1|Sinistcha, L50|\n|poke|p1|Ditto, L50|\n|poke|p2|Mimikyu, L50, M|\n|poke|p2|Basculegion, L50, M|\n|poke|p2|Dragapult, L50, M|\n|poke|p2|Zoroark-Hisui, L50, M|\n|poke|p2|Sinistcha-Masterpiece, L50|\n|poke|p2|Golurk, L50|\n|teampreview|4\n|inactive|Battle timer is ON: inactive players will automatically lose when time's up. (requested by darkina74)\n|inactive|Koki09 has 60 seconds left.\n|inactive|Koki09 has 30 seconds left.\n|inactive|Koki09 has 20 seconds left.\n|inactive|Koki09 has 15 seconds left.\n|inactive|Koki09 has 10 seconds left.\n|inactive|Koki09 has 5 seconds left.\n|\n|t:|1776551926\n|teamsize|p1|4\n|teamsize|p2|4\n|start\n|switch|p1a: Bright ++++|Floette-Eternal, L50, F|100/100\n|switch|p1b: Matchaghost|Sinistcha, L50|100/100\n|switch|p2a: Basculegion|Basculegion, L50, M|100/100\n|switch|p2b: Dragapult|Dragapult, L50, M|100/100\n|turn|1\n|inactive|Koki09 has 30 seconds left.\n|inactive|Koki09 has 20 seconds left.\n|inactive|Koki09 has 15 seconds left.\n|inactive|Koki09 has 10 seconds left.\n|inactive|Koki09 has 5 seconds left.\n|\n|t:|1776551980\n|detailschange|p1a: Bright ++++|Floette-Mega, L50, F\n|-mega|p1a: Bright ++++|Floette|Floettite\n|-ability|p1a: Bright ++++|Fairy Aura\n|move|p1b: Matchaghost|Rage Powder|p1b: Matchaghost\n|-singleturn|p1b: Matchaghost|move: Rage Powder\n|move|p2b: Dragapult|Poltergeist|p1b: Matchaghost\n|-activate|p1b: Matchaghost|move: Poltergeist|Mental Herb\n|-supereffective|p1b: Matchaghost|1\n|-damage|p1b: Matchaghost|39/100\n|move|p1a: Bright ++++|Calm Mind|p1a: Bright ++++\n|-boost|p1a: Bright ++++|spa|1\n|-boost|p1a: Bright ++++|spd|1\n|move|p2a: Basculegion|Ice Beam|p1b: Matchaghost\n|-supereffective|p1b: Matchaghost|1\n|-crit|p1b: Matchaghost\n|-damage|p1b: Matchaghost|0 fnt\n|faint|p1b: Matchaghost\n|\n|upkeep\n|\n|t:|1776552003\n|switch|p1b: Fotocopia|Ditto, L50|100/100\n|-transform|p1b: Fotocopia|p2a: Basculegion|[from] ability: Imposter\n|turn|2\n|inactive|darkina74 has 30 seconds left.\n|inactive|Koki09 has 30 seconds left.\n|inactive|Koki09 has 20 seconds left.\n|inactive|Koki09 has 15 seconds left.\n|inactive|Koki09 has 10 seconds left.\n|\n|t:|1776552053\n|move|p2b: Dragapult|Poltergeist|p1a: Bright ++++\n|-activate|p1a: Bright ++++|move: Poltergeist|Floettite\n|-damage|p1a: Bright ++++|57/100\n|move|p1a: Bright ++++|Moonblast|p2b: Dragapult\n|-damage|p2b: Dragapult|0 fnt\n|replace|p2b: Zoroark|Zoroark-Hisui, L50, M\n|-end|p2b: Zoroark|Illusion\n|faint|p2b: Zoroark\n|move|p1b: Fotocopia|Last Respects|p2a: Basculegion\n|-supereffective|p2a: Basculegion|1\n|-damage|p2a: Basculegion|0 fnt\n|faint|p2a: Basculegion\n|\n|upkeep\n|\n|t:|1776552071\n|switch|p2b: Dragapult|Dragapult, L50, M|100/100\n|switch|p2a: Golurk|Golurk, L50|100/100\n|turn|3\n|inactive|Koki09 has 30 seconds left.\n|\n|t:|1776552101\n|detailschange|p2a: Golurk|Golurk-Mega, L50\n|-mega|p2a: Golurk|Golurk|Golurkite\n|move|p2b: Dragapult|Phantom Force||[still]\n|-prepare|p2b: Dragapult|Phantom Force\n|move|p1a: Bright ++++|Light of Ruin|p2b: Dragapult|[miss]\n|-miss|p1a: Bright ++++|p2b: Dragapult\n|move|p1b: Fotocopia|Flip Turn|p2a: Golurk\n|-supereffective|p2a: Golurk|1\n|-damage|p2a: Golurk|29/100\n|\n|t:|1776552113\n|switch|p1b: Hola|Incineroar, L50, M|100/100|[from] Flip Turn\n|-ability|p1b: Hola|Intimidate|boost\n|-unboost|p2a: Golurk|atk|1\n|-fail|p2b: Dragapult|unboost|[from] ability: Clear Body|[of] p2b: Dragapult\n|move|p2a: Golurk|Headlong Rush|p1a: Bright ++++\n|-damage|p1a: Bright ++++|0 fnt\n|-unboost|p2a: Golurk|def|1\n|-unboost|p2a: Golurk|spd|1\n|faint|p1a: Bright ++++\n|\n|upkeep\n|\n|t:|1776552123\n|switch|p1a: Fotocopia|Ditto, L50|100/100\n|-transform|p1a: Fotocopia|p2b: Dragapult|[from] ability: Imposter\n|turn|4\n|\n|t:|1776552139\n|move|p2b: Dragapult|Phantom Force|p1b: Hola|[from] lockedmove\n|-resisted|p1b: Hola|1\n|-damage|p1b: Hola|82/100\n|move|p1a: Fotocopia|Phantom Force||[still]\n|-prepare|p1a: Fotocopia|Phantom Force\n|move|p2a: Golurk|Drain Punch|p1b: Hola\n|-supereffective|p1b: Hola|1\n|-damage|p1b: Hola|41/100\n|-heal|p2a: Golurk|49/100|[from] drain|[of] p1b: Hola\n|-enditem|p1b: Hola|Sitrus Berry|[eat]\n|-heal|p1b: Hola|66/100|[from] item: Sitrus Berry\n|move|p1b: Hola|Darkest Lariat|p2a: Golurk\n|-supereffective|p2a: Golurk|1\n|-damage|p2a: Golurk|0 fnt\n|faint|p2a: Golurk\n|\n|upkeep\n|turn|5\n|\n|t:|1776552161\n|move|p2b: Dragapult|Phantom Force||[still]\n|-prepare|p2b: Dragapult|Phantom Force\n|move|p1a: Fotocopia|Phantom Force|p2b: Dragapult|[from] lockedmove|[miss]\n|-miss|p1a: Fotocopia|p2b: Dragapult\n|move|p1b: Hola|Darkest Lariat|p2b: Dragapult|[miss]\n|-miss|p1b: Hola|p2b: Dragapult\n|\n|upkeep\n|turn|6\n|\n|t:|1776552176\n|move|p2b: Dragapult|Phantom Force|p1a: Fotocopia|[from] lockedmove\n|-supereffective|p1a: Fotocopia|1\n|-damage|p1a: Fotocopia|0 fnt\n|faint|p1a: Fotocopia\n|move|p1b: Hola|Darkest Lariat|p2b: Dragapult\n|-supereffective|p2b: Dragapult|1\n|-damage|p2b: Dragapult|6/100\n|\n|upkeep\n|turn|7\n|\n|t:|1776552187\n|move|p2b: Dragapult|Phantom Force||[still]\n|-prepare|p2b: Dragapult|Phantom Force\n|move|p1b: Hola|Darkest Lariat|p2b: Dragapult|[miss]\n|-miss|p1b: Hola|p2b: Dragapult\n|\n|upkeep\n|turn|8\n|\n|t:|1776552193\n|move|p2b: Dragapult|Phantom Force|p1b: Hola|[from] lockedmove\n|-resisted|p1b: Hola|1\n|-damage|p1b: Hola|48/100\n|move|p1b: Hola|Darkest Lariat|p2b: Dragapult\n|-supereffective|p2b: Dragapult|1\n|-damage|p2b: Dragapult|0 fnt\n|faint|p2b: Dragapult\n|\n|win|darkina74\n|raw|darkina74's rating: 1060 &rarr; <strong>1090</strong><br />(+30 for winning)\n|raw|Koki09's rating: 1048 &rarr; <strong>1031</strong><br />(-17 for losing)\n",
  "uploadtime": 1776552203,
  "views": 10,
  "formatid": "gen9championsvgc2026regma",
  "rating": 1031,
  "private": 0,
  "password": null
}