{
  "id": "gen9championsvgc2026regma-2586801623",
  "format": "[Gen 9 Champions] VGC 2026 Reg M-A",
  "players": [
    "Jellyuds",
    "Yashinon"
  ],
  "log": "|j|\u2606Jellyuds\n|j|\u2606Yashinon\n|t:|1776461031\n|gametype|doubles\n|player|p1|Jellyuds|preschooler|1139\n|player|p2|Yashinon|265|1210\n|gen|9\n|tier|[Gen 9 Champions] VGC 2026 Reg M-A\n|rated|\n|rule|Species Clause: Limit one of each Pok\u00e9mon\n|rule|Item Clause: Limit 1 of each item\n|clearpoke\n|poke|p1|Rotom-Mow, L50|\n|poke|p1|Ninetales-Alola, L50, M|\n|poke|p1|Incineroar, L50, M|\n|poke|p1|Gengar, L50, F|\n|poke|p1|Garchomp, L50, F|\n|poke|p1|Starmie, L50|\n|poke|p2|Floette-Eternal, L50, F|\n|poke|p2|Sneasler, L50, M|\n|poke|p2|Froslass, L50, F|\n|poke|p2|Garchomp, L50, M|\n|poke|p2|Basculegion, L50, M|\n|poke|p2|Kingambit, L50, M|\n|teampreview|4\n|inactive|Battle timer is ON: inactive players will automatically lose when time's up. (requested by Jellyuds)\n|\n|t:|1776461104\n|teamsize|p1|4\n|teamsize|p2|4\n|start\n|switch|p1a: Rotom|Rotom-Mow, L50|100/100\n|switch|p1b: Gengar|Gengar, L50, F|100/100\n|switch|p2a: Kingambit|Kingambit, L50, M|100/100\n|switch|p2b: Froslass|Froslass, L50, F|100/100\n|turn|1\n|\n|t:|1776461125\n|detailschange|p1b: Gengar|Gengar-Mega, L50, F\n|-mega|p1b: Gengar|Gengar|Gengarite\n|detailschange|p2b: Froslass|Froslass-Mega, L50, F\n|-mega|p2b: Froslass|Froslass|Froslassite\n|-weather|Snowscape|[from] ability: Snow Warning|[of] p2b: Froslass\n|move|p1a: Rotom|Volt Switch|p2b: Froslass\n|-damage|p2b: Froslass|71/100\n|\n|t:|1776461132\n|switch|p1a: Garchomp|Garchomp, L50, F|100/100|[from] Volt Switch\n|move|p1b: Gengar|Will-O-Wisp|p2a: Kingambit\n|-status|p2a: Kingambit|brn\n|move|p2b: Froslass|Blizzard|p1a: Garchomp|[spread] p1a,p1b\n|-supereffective|p1a: Garchomp|2\n|-damage|p1a: Garchomp|0 fnt\n|-damage|p1b: Gengar|47/100\n|faint|p1a: Garchomp\n|move|p2a: Kingambit|Kowtow Cleave|p1b: Gengar\n|-supereffective|p1b: Gengar|1\n|-damage|p1b: Gengar|0 fnt\n|faint|p1b: Gengar\n|\n|-weather|Snowscape|[upkeep]\n|-damage|p2a: Kingambit|95/100 brn|[from] brn\n|upkeep\n|\n|t:|1776461146\n|switch|p1b: Ninetales|Ninetales-Alola, L50, M|100/100\n|switch|p1a: Rotom|Rotom-Mow, L50|100/100\n|turn|2\n|\n|t:|1776461159\n|move|p2a: Kingambit|Sucker Punch|p1b: Ninetales\n|-resisted|p1b: Ninetales|1\n|-damage|p1b: Ninetales|90/100\n|move|p1a: Rotom|Thunderbolt|p2b: Froslass\n|-damage|p2b: Froslass|30/100\n|move|p1b: Ninetales|Moonblast|p2b: Froslass\n|-damage|p2b: Froslass|0 fnt\n|faint|p2b: Froslass\n|\n|-weather|Snowscape|[upkeep]\n|-damage|p2a: Kingambit|89/100 brn|[from] brn\n|upkeep\n|\n|t:|1776461173\n|switch|p2b: Garchomp|Garchomp, L50, M|100/100\n|turn|3\n|\n|t:|1776461188\n|move|p2a: Kingambit|Protect|p2a: Kingambit\n|-singleturn|p2a: Kingambit|Protect\n|move|p1a: Rotom|Thunderbolt|p2a: Kingambit\n|-activate|p2a: Kingambit|move: Protect\n|move|p1b: Ninetales|Aurora Veil|p1b: Ninetales\n|-sidestart|p1: Jellyuds|move: Aurora Veil\n|move|p2b: Garchomp|Earthquake|p1a: Rotom|[spread] p1b\n|-activate|p2a: Kingambit|move: Protect\n|-immune|p1a: Rotom|[from] ability: Levitate\n|-damage|p1b: Ninetales|66/100\n|\n|-weather|Snowscape|[upkeep]\n|-damage|p2a: Kingambit|83/100 brn|[from] brn\n|upkeep\n|turn|4\n|\n|t:|1776461210\n|move|p1a: Rotom|Thunderbolt|p2a: Kingambit\n|-damage|p2a: Kingambit|40/100 brn\n|move|p1b: Ninetales|Blizzard|p2a: Kingambit|[spread] p2a,p2b\n|-resisted|p2a: Kingambit|1\n|-supereffective|p2b: Garchomp|2\n|-damage|p2a: Kingambit|24/100 brn\n|-damage|p2b: Garchomp|0 fnt\n|faint|p2b: Garchomp\n|move|p2a: Kingambit|Kowtow Cleave|p1a: Rotom\n|-damage|p1a: Rotom|81/100\n|\n|-weather|Snowscape|[upkeep]\n|-damage|p2a: Kingambit|18/100 brn|[from] brn\n|upkeep\n|\n|t:|1776461221\n|switch|p2b: Basculegion|Basculegion, L50, M|100/100\n|turn|5\n|\n|t:|1776461231\n|move|p2b: Basculegion|Protect|p2b: Basculegion\n|-singleturn|p2b: Basculegion|Protect\n|move|p2a: Kingambit|Protect|p2a: Kingambit\n|-singleturn|p2a: Kingambit|Protect\n|move|p1a: Rotom|Thunderbolt|p2b: Basculegion\n|-activate|p2b: Basculegion|move: Protect\n|move|p1b: Ninetales|Blizzard|p2b: Basculegion|[spread] \n|-activate|p2a: Kingambit|move: Protect\n|-activate|p2b: Basculegion|move: Protect\n|\n|-weather|none\n|-damage|p2a: Kingambit|12/100 brn|[from] brn\n|upkeep\n|turn|6\n|\n|t:|1776461252\n|move|p2b: Basculegion|Aqua Jet|p1b: Ninetales\n|-damage|p1b: Ninetales|39/100\n|move|p2a: Kingambit|Sucker Punch|p1b: Ninetales\n|-resisted|p1b: Ninetales|1\n|-damage|p1b: Ninetales|29/100\n|move|p1a: Rotom|Thunderbolt|p2b: Basculegion\n|-supereffective|p2b: Basculegion|1\n|-damage|p2b: Basculegion|17/100\n|-enditem|p2b: Basculegion|Sitrus Berry|[eat]\n|-heal|p2b: Basculegion|41/100|[from] item: Sitrus Berry\n|move|p1b: Ninetales|Moonblast|p2b: Basculegion\n|-damage|p2b: Basculegion|2/100\n|\n|-damage|p2a: Kingambit|6/100 brn|[from] brn\n|upkeep\n|turn|7\n|\n|t:|1776461276\n|move|p1b: Ninetales|Protect|p1b: Ninetales\n|-singleturn|p1b: Ninetales|Protect\n|move|p1a: Rotom|Thunderbolt|p2b: Basculegion\n|-supereffective|p2b: Basculegion|1\n|-damage|p2b: Basculegion|0 fnt\n|faint|p2b: Basculegion\n|move|p2a: Kingambit|Kowtow Cleave|p1b: Ninetales\n|-activate|p1b: Ninetales|move: Protect\n|\n|-damage|p2a: Kingambit|0 fnt|[from] brn\n|faint|p2a: Kingambit\n|\n|win|Jellyuds\n|raw|Jellyuds's rating: 1139 &rarr; <strong>1169</strong><br />(+30 for winning)\n|raw|Yashinon's rating: 1210 &rarr; <strong>1180</strong><br />(-30 for losing)\n|l|\u2606Yashinon\n|player|p2|\n",
  "uploadtime": 1776461288,
  "views": 25,
  "formatid": "gen9championsvgc2026regma",
  "rating": 1169,
  "private": 0,
  "password": null
}