{
  "id": "gen9championsvgc2026regma-2585640924",
  "format": "[Gen 9 Champions] VGC 2026 Reg M-A",
  "players": [
    "Moxiemencefan21",
    "SukunaSniper"
  ],
  "log": "|j|\u2606Moxiemencefan21\n|j|\u2606SukunaSniper\n|t:|1776360672\n|gametype|doubles\n|player|p1|Moxiemencefan21|102|1028\n|player|p2|SukunaSniper|blue|1017\n|gen|9\n|tier|[Gen 9 Champions] VGC 2026 Reg M-A\n|rated|\n|rule|Species Clause: Limit one of each Pok\u00e9mon\n|rule|Item Clause: Limit 1 of each item\n|clearpoke\n|poke|p1|Sableye, L50, M|\n|poke|p1|Typhlosion-Hisui, L50, F|\n|poke|p1|Rotom-Mow, L50|\n|poke|p1|Tauros-Paldea-Aqua, L50, M|\n|poke|p1|Dragonite, L50, M|\n|poke|p1|Garganacl, L50, M|\n|poke|p2|Aerodactyl, L50, F|\n|poke|p2|Sneasler, L50, M|\n|poke|p2|Typhlosion-Hisui, L50, F|\n|poke|p2|Dragonite, L50, F|\n|poke|p2|Pelipper, L50, M|\n|poke|p2|Meowscarada, L50, F|\n|teampreview|4\n|inactive|Battle timer is ON: inactive players will automatically lose when time's up. (requested by SukunaSniper)\nSukunaSniper rejected open team sheets.\n|inactive|Moxiemencefan21 has 60 seconds left.\n|\n|t:|1776360722\n|teamsize|p1|4\n|teamsize|p2|4\n|start\n|switch|p1a: Rotom|Rotom-Mow, L50|100/100\n|switch|p1b: Tauros|Tauros-Paldea-Aqua, L50, M|100/100\n|switch|p2a: Pelipper|Pelipper, L50, M|100/100\n|switch|p2b: Dragonite|Dragonite, L50, F|100/100\n|-ability|p1b: Tauros|Intimidate|boost\n|-unboost|p2a: Pelipper|atk|1\n|-fail|p2b: Dragonite|unboost|Attack|[from] ability: Inner Focus|[of] p2b: Dragonite\n|-weather|RainDance|[from] ability: Drizzle|[of] p2a: Pelipper\n|turn|1\n|inactive|Moxiemencefan21 has 30 seconds left.\n|\n|t:|1776360749\n|detailschange|p2b: Dragonite|Dragonite-Mega, L50, F\n|-mega|p2b: Dragonite|Dragonite|Dragoninite\n|move|p2b: Dragonite|Ice Beam|p1a: Rotom\n|-supereffective|p1a: Rotom|1\n|-damage|p1a: Rotom|33/100\n|-enditem|p1a: Rotom|Sitrus Berry|[eat]\n|-heal|p1a: Rotom|58/100|[from] item: Sitrus Berry\n|move|p1b: Tauros|Raging Bull|p2a: Pelipper\n|-resisted|p2a: Pelipper|1\n|-damage|p2a: Pelipper|73/100\n|move|p1a: Rotom|Electroweb|p2a: Pelipper|[spread] p2a,p2b\n|-supereffective|p2a: Pelipper|2\n|-damage|p2a: Pelipper|0 fnt\n|-damage|p2b: Dragonite|92/100\n|-unboost|p2b: Dragonite|spe|1\n|faint|p2a: Pelipper\n|\n|-weather|RainDance|[upkeep]\n|upkeep\n|\n|t:|1776360763\n|switch|p2a: Sneasler|Sneasler, L50, M|100/100\n|turn|2\n|\n|t:|1776360772\n|switch|p1b: Garganacl|Garganacl, L50, M|100/100\n|move|p1a: Rotom|Protect|p1a: Rotom\n|-singleturn|p1a: Rotom|Protect\n|move|p2a: Sneasler|Fake Out|p1b: Garganacl\n|-resisted|p1b: Garganacl|1\n|-damage|p1b: Garganacl|97/100\n|move|p2b: Dragonite|Ice Beam|p1a: Rotom\n|-activate|p1a: Rotom|move: Protect\n|\n|-weather|RainDance|[upkeep]\n|-heal|p1b: Garganacl|100/100|[from] item: Leftovers\n|upkeep\n|turn|3\n|inactive|Moxiemencefan21 has 30 seconds left.\n|\n|t:|1776360798\n|switch|p1a: Tauros|Tauros-Paldea-Aqua, L50, M|100/100\n|-ability|p1a: Tauros|Intimidate|boost\n|-unboost|p2a: Sneasler|atk|1\n|-unboost|p2b: Dragonite|atk|1\n|-enditem|p2a: Sneasler|White Herb\n|-clearnegativeboost|p2a: Sneasler|[silent]\n|move|p2a: Sneasler|Close Combat|p1b: Garganacl\n|-supereffective|p1b: Garganacl|1\n|-damage|p1b: Garganacl|30/100\n|-unboost|p2a: Sneasler|def|1\n|-unboost|p2a: Sneasler|spd|1\n|move|p2b: Dragonite|Ice Beam|p1a: Tauros\n|-resisted|p1a: Tauros|1\n|-damage|p1a: Tauros|75/100\n|move|p1b: Garganacl|Salt Cure|p2b: Dragonite\n|-supereffective|p2b: Dragonite|1\n|-damage|p2b: Dragonite|66/100\n|-start|p2b: Dragonite|Salt Cure\n|\n|-weather|RainDance|[upkeep]\n|-heal|p1b: Garganacl|36/100|[from] item: Leftovers\n|-damage|p2b: Dragonite|60/100|[from] Salt Cure\n|upkeep\n|turn|4\n|inactive|SukunaSniper has 30 seconds left.\n|\n|t:|1776360832\n|move|p1b: Garganacl|Protect|p1b: Garganacl\n|-singleturn|p1b: Garganacl|Protect\n|move|p2a: Sneasler|Dire Claw|p1a: Tauros\n|-damage|p1a: Tauros|33/100\n|move|p1a: Tauros|Raging Bull|p2a: Sneasler\n|-damage|p2a: Sneasler|0 fnt\n|faint|p2a: Sneasler\n|move|p2b: Dragonite|Weather Ball|p1b: Garganacl\n|-activate|p1b: Garganacl|move: Protect\n|\n|-weather|RainDance|[upkeep]\n|-heal|p1b: Garganacl|42/100|[from] item: Leftovers\n|-damage|p2b: Dragonite|54/100|[from] Salt Cure\n|upkeep\n|\n|t:|1776360846\n|switch|p2a: Meowscarada|Meowscarada, L50, F|100/100\n|turn|5\n|\n|t:|1776360856\n|switch|p1a: Rotom|Rotom-Mow, L50|58/100\n|move|p2a: Meowscarada|Play Rough|p1a: Rotom\n|-start|p2a: Meowscarada|typechange|Fairy|[from] ability: Protean\n|-damage|p1a: Rotom|10/100\n|move|p2b: Dragonite|Hurricane|p1b: Garganacl\n|-resisted|p1b: Garganacl|1\n|-damage|p1b: Garganacl|18/100\n|move|p1b: Garganacl|Salt Cure|p2a: Meowscarada\n|-damage|p2a: Meowscarada|80/100\n|-start|p2a: Meowscarada|Salt Cure\n|\n|-weather|none\n|-heal|p1b: Garganacl|24/100|[from] item: Leftovers\n|-damage|p2a: Meowscarada|74/100|[from] Salt Cure\n|-damage|p2b: Dragonite|48/100|[from] Salt Cure\n|upkeep\n|turn|6\n|inactive|Moxiemencefan21 has 30 seconds left.\n|\n|t:|1776360882\n|switch|p1b: Tauros|Tauros-Paldea-Aqua, L50, M|33/100\n|-ability|p1b: Tauros|Intimidate|boost\n|-unboost|p2a: Meowscarada|atk|1\n|-unboost|p2b: Dragonite|atk|1\n|move|p2a: Meowscarada|Flower Trick|p1b: Tauros\n|-supereffective|p1b: Tauros|1\n|-crit|p1b: Tauros\n|-damage|p1b: Tauros|0 fnt\n|faint|p1b: Tauros\n|move|p1a: Rotom|Electroweb|p2b: Dragonite|[spread] p2a\n|-miss|p1a: Rotom|p2b: Dragonite\n|-damage|p2a: Meowscarada|48/100\n|-unboost|p2a: Meowscarada|spe|1\n|move|p2b: Dragonite|Ice Beam|p1a: Rotom\n|-supereffective|p1a: Rotom|1\n|-damage|p1a: Rotom|0 fnt\n|faint|p1a: Rotom\n|\n|-damage|p2a: Meowscarada|42/100|[from] Salt Cure\n|-damage|p2b: Dragonite|42/100|[from] Salt Cure\n|upkeep\n|\n|t:|1776360903\n|switch|p1b: Garganacl|Garganacl, L50, M|24/100\n|switch|p1a: Dragonite|Dragonite, L50, M|100/100\n|turn|7\n|inactive|Moxiemencefan21 has 30 seconds left.\n|inactive|Moxiemencefan21 has 20 seconds left.\n|inactive|Moxiemencefan21 has 15 seconds left.\n|inactive|Moxiemencefan21 has 10 seconds left.\n|\n|t:|1776360953\n|detailschange|p1a: Dragonite|Dragonite-Mega, L50, M\n|-mega|p1a: Dragonite|Dragonite|Dragoninite\n|move|p1b: Garganacl|Protect|p1b: Garganacl\n|-singleturn|p1b: Garganacl|Protect\n|move|p1a: Dragonite|Flamethrower|p2a: Meowscarada\n|-damage|p2a: Meowscarada|0 fnt\n|faint|p2a: Meowscarada\n|move|p2b: Dragonite|Ice Beam|p1a: Dragonite\n|-supereffective|p1a: Dragonite|2\n|-damage|p1a: Dragonite|43/100\n|\n|-heal|p1b: Garganacl|29/100|[from] item: Leftovers\n|-damage|p2b: Dragonite|36/100|[from] Salt Cure\n|upkeep\n|turn|8\n|\n|t:|1776360974\n|move|p1a: Dragonite|Dragon Pulse|p2b: Dragonite\n|-supereffective|p2b: Dragonite|1\n|-damage|p2b: Dragonite|0 fnt\n|faint|p2b: Dragonite\n|\n|win|Moxiemencefan21\n|raw|Moxiemencefan21's rating: 1028 &rarr; <strong>1063</strong><br />(+35 for winning)\n|raw|SukunaSniper's rating: 1017 &rarr; <strong>1005</strong><br />(-12 for losing)\n|l|\u2606SukunaSniper\n|player|p2|\n",
  "uploadtime": 1776360984,
  "views": 16,
  "formatid": "gen9championsvgc2026regma",
  "rating": 1005,
  "private": 0,
  "password": null
}