{
  "id": "gen9championsvgc2026regma-2586849618",
  "format": "[Gen 9 Champions] VGC 2026 Reg M-A",
  "players": [
    "gallowslilcal",
    "KapitoTwentyTwo"
  ],
  "log": "|j|\u2606gallowslilcal\n|j|\u2606KapitoTwentyTwo\n|t:|1776465162\n|gametype|doubles\n|player|p1|gallowslilcal|2|1066\n|player|p2|KapitoTwentyTwo|hilda-wonderlauncher|1110\n|gen|9\n|tier|[Gen 9 Champions] VGC 2026 Reg M-A\n|rated|\n|rule|Species Clause: Limit one of each Pok\u00e9mon\n|rule|Item Clause: Limit 1 of each item\n|clearpoke\n|poke|p1|Froslass, L50, F|\n|poke|p1|Sinistcha-Masterpiece, L50|\n|poke|p1|Basculegion, L50, M|\n|poke|p1|Sneasler, L50, F|\n|poke|p1|Incineroar, L50, F|\n|poke|p1|Talonflame, L50, M|\n|poke|p2|Gengar, L50, M|\n|poke|p2|Politoed, L50, F|\n|poke|p2|Sinistcha, L50|\n|poke|p2|Basculegion, L50, M|\n|poke|p2|Incineroar, L50, F|\n|poke|p2|Archaludon, L50, M|\n|teampreview|4\n|inactive|Battle timer is ON: inactive players will automatically lose when time's up. (requested by gallowslilcal)\n|inactive|KapitoTwentyTwo has 60 seconds left.\n|\n|t:|1776465201\n|teamsize|p1|4\n|teamsize|p2|4\n|start\n|switch|p1a: Froslass|Froslass, L50, F|100/100\n|switch|p1b: Sneasler|Sneasler, L50, F|100/100\n|switch|p2a: Sinistcha|Sinistcha, L50|100/100\n|switch|p2b: Basculegion|Basculegion, L50, M|100/100\n|turn|1\n|\n|t:|1776465225\n|move|p1a: Froslass|Protect|p1a: Froslass\n|-singleturn|p1a: Froslass|Protect\n|move|p2a: Sinistcha|Rage Powder|p2a: Sinistcha\n|-singleturn|p2a: Sinistcha|move: Rage Powder\n|move|p2b: Basculegion|Wave Crash|p1a: Froslass\n|-activate|p1a: Froslass|move: Protect\n|move|p1b: Sneasler|Dire Claw|p2a: Sinistcha\n|-damage|p2a: Sinistcha|58/100\n|\n|upkeep\n|turn|2\n|\n|t:|1776465244\n|switch|p1a: Sinistcha|Sinistcha-Masterpiece, L50|100/100\n|move|p2b: Basculegion|Wave Crash|p1a: Sinistcha\n|-resisted|p1a: Sinistcha|1\n|-damage|p1a: Sinistcha|65/100\n|-damage|p2b: Basculegion|90/100|[from] Recoil\n|move|p1b: Sneasler|Dire Claw|p2a: Sinistcha\n|-damage|p2a: Sinistcha|13/100\n|move|p2a: Sinistcha|Matcha Gotcha|p1a: Sinistcha|[spread] p1a,p1b\n|-resisted|p1a: Sinistcha|1\n|-resisted|p1b: Sneasler|1\n|-damage|p1a: Sinistcha|52/100\n|-heal|p2a: Sinistcha|19/100|[from] drain|[of] p1a: Sinistcha\n|-damage|p1b: Sneasler|79/100\n|-heal|p2a: Sinistcha|29/100|[from] drain|[of] p1b: Sneasler\n|\n|upkeep\n|turn|3\n|\n|t:|1776465267\n|switch|p2a: Politoed|Politoed, L50, F|100/100\n|-weather|RainDance|[from] ability: Drizzle|[of] p2a: Politoed\n|move|p2b: Basculegion|Wave Crash|p1b: Sneasler\n|-damage|p1b: Sneasler|0 fnt\n|faint|p1b: Sneasler\n|-damage|p2b: Basculegion|69/100|[from] Recoil\n|move|p1a: Sinistcha|Strength Sap|p2b: Basculegion\n|-unboost|p2b: Basculegion|atk|1\n|-heal|p1a: Sinistcha|100/100\n|\n|-weather|RainDance|[upkeep]\n|upkeep\n|\n|t:|1776465276\n|switch|p1b: Froslass|Froslass, L50, F|100/100\n|turn|4\n|\n|t:|1776465293\n|detailschange|p1b: Froslass|Froslass-Mega, L50, F\n|-mega|p1b: Froslass|Froslass|Froslassite\n|-weather|Snowscape|[from] ability: Snow Warning|[of] p1b: Froslass\n|move|p1a: Sinistcha|Rage Powder|p1a: Sinistcha\n|-singleturn|p1a: Sinistcha|move: Rage Powder\n|move|p2b: Basculegion|Wave Crash|p1a: Sinistcha\n|-resisted|p1a: Sinistcha|1\n|-damage|p1a: Sinistcha|78/100\n|-damage|p2b: Basculegion|62/100|[from] Recoil\n|move|p1b: Froslass|Blizzard|p2a: Politoed|[spread] p2a,p2b\n|-resisted|p2a: Politoed|1\n|-resisted|p2b: Basculegion|1\n|-damage|p2a: Politoed|77/100\n|-damage|p2b: Basculegion|32/100\n|-status|p2a: Politoed|frz\n|cant|p2a: Politoed|frz\n|\n|-weather|Snowscape|[upkeep]\n|upkeep\n|turn|5\n|\n|t:|1776465315\n|switch|p2b: Sinistcha|Sinistcha, L50|29/100\n|-heal|p2a: Politoed|100/100 frz|[from] ability: Hospitality|[of] p2b: Sinistcha\n|move|p1a: Sinistcha|Rage Powder|p1a: Sinistcha\n|-singleturn|p1a: Sinistcha|move: Rage Powder\n|move|p1b: Froslass|Shadow Ball|p2b: Sinistcha\n|-supereffective|p2b: Sinistcha|1\n|-damage|p2b: Sinistcha|0 fnt\n|faint|p2b: Sinistcha\n|cant|p2a: Politoed|frz\n|\n|-weather|Snowscape|[upkeep]\n|upkeep\n|\n|t:|1776465323\n|switch|p2b: Gengar|Gengar, L50, M|100/100\n|turn|6\n|\n|t:|1776465334\n|detailschange|p2b: Gengar|Gengar-Mega, L50, M\n|-mega|p2b: Gengar|Gengar|Gengarite\n|move|p2b: Gengar|Protect|p2b: Gengar\n|-singleturn|p2b: Gengar|Protect\n|move|p1b: Froslass|Blizzard|p2b: Gengar|[spread] p2a\n|-activate|p2b: Gengar|move: Protect\n|-resisted|p2a: Politoed|1\n|-damage|p2a: Politoed|79/100 frz\n|-curestatus|p2a: Politoed|frz|[msg]\n|move|p2a: Politoed|Weather Ball|p1a: Sinistcha\n|-supereffective|p1a: Sinistcha|1\n|-damage|p1a: Sinistcha|41/100\n|-enditem|p1a: Sinistcha|Sitrus Berry|[eat]\n|-heal|p1a: Sinistcha|66/100|[from] item: Sitrus Berry\n|move|p1a: Sinistcha|Matcha Gotcha|p2a: Politoed|[spread] p2a\n|-activate|p2b: Gengar|move: Protect\n|-supereffective|p2a: Politoed|1\n|-damage|p2a: Politoed|37/100\n|-heal|p1a: Sinistcha|88/100|[from] drain|[of] p2a: Politoed\n|-enditem|p2a: Politoed|Sitrus Berry|[eat]\n|-heal|p2a: Politoed|62/100|[from] item: Sitrus Berry\n|\n|-weather|Snowscape|[upkeep]\n|upkeep\n|turn|7\n|inactive|gallowslilcal has 30 seconds left.\n|inactive|KapitoTwentyTwo has 30 seconds left.\n|inactive|KapitoTwentyTwo has 20 seconds left.\n|\n|t:|1776465369\n|switch|p2b: Basculegion|Basculegion, L50, M|32/100\n|move|p1b: Froslass|Shadow Ball|p2b: Basculegion\n|-supereffective|p2b: Basculegion|1\n|-damage|p2b: Basculegion|0 fnt\n|faint|p2b: Basculegion\n|move|p2a: Politoed|Perish Song|p2a: Politoed\n|-start|p1a: Sinistcha|perish3|[silent]\n|-start|p1b: Froslass|perish3|[silent]\n|-start|p2a: Politoed|perish3|[silent]\n|-fieldactivate|move: Perish Song\n|move|p1a: Sinistcha|Matcha Gotcha|p2a: Politoed\n|-supereffective|p2a: Politoed|1\n|-damage|p2a: Politoed|0 fnt\n|-heal|p1a: Sinistcha|100/100|[from] drain|[of] p2a: Politoed\n|faint|p2a: Politoed\n|\n|-weather|Snowscape|[upkeep]\n|-start|p1b: Froslass|perish3\n|-start|p1a: Sinistcha|perish3\n|upkeep\n|\n|t:|1776465375\n|switch|p2b: Gengar|Gengar-Mega, L50, M|100/100\n|turn|8\n|c|\u2606gallowslilcal|I still have basc in back...\n|inactive|gallowslilcal has 30 seconds left.\n|\n|t:|1776465402\n|move|p2b: Gengar|Protect|p2b: Gengar\n|-singleturn|p2b: Gengar|Protect\n|move|p1a: Sinistcha|Rage Powder|p1a: Sinistcha\n|-singleturn|p1a: Sinistcha|move: Rage Powder\n|move|p1b: Froslass|Shadow Ball|p2b: Gengar\n|-activate|p2b: Gengar|move: Protect\n|\n|-weather|none\n|-start|p1b: Froslass|perish2\n|-start|p1a: Sinistcha|perish2\n|upkeep\n|turn|9\n|\n|t:|1776465412\n|move|p2b: Gengar|Protect|p2b: Gengar\n|-singleturn|p2b: Gengar|Protect\n|move|p1a: Sinistcha|Rage Powder|p1a: Sinistcha\n|-singleturn|p1a: Sinistcha|move: Rage Powder\n|move|p1b: Froslass|Shadow Ball|p2b: Gengar\n|-activate|p2b: Gengar|move: Protect\n|\n|-start|p1b: Froslass|perish1\n|-start|p1a: Sinistcha|perish1\n|upkeep\n|turn|10\n|\n|t:|1776465419\n|move|p2b: Gengar|Protect||[still]\n|-fail|p2b: Gengar\n|move|p1a: Sinistcha|Rage Powder|p1a: Sinistcha\n|-singleturn|p1a: Sinistcha|move: Rage Powder\n|move|p1b: Froslass|Shadow Ball|p2b: Gengar\n|-supereffective|p2b: Gengar|1\n|-damage|p2b: Gengar|0 fnt\n|faint|p2b: Gengar\n|\n|win|gallowslilcal\n|raw|gallowslilcal's rating: 1066 &rarr; <strong>1100</strong><br />(+34 for winning)\n|raw|KapitoTwentyTwo's rating: 1110 &rarr; <strong>1082</strong><br />(-28 for losing)\n|l|\u2606KapitoTwentyTwo\n|player|p2|\n|c|\u2606gallowslilcal|You weren't out speeding\n",
  "uploadtime": 1776465436,
  "views": 29,
  "formatid": "gen9championsvgc2026regma",
  "rating": 1082,
  "private": 0,
  "password": null
}