{
  "id": "gen9championsvgc2026regma-2584229300",
  "format": "[Gen 9 Champions] VGC 2026 Reg M-A",
  "players": [
    "Mameon",
    "jadenawesomeguy"
  ],
  "log": "|j|\u2606Mameon\n|j|\u2606jadenawesomeguy\n|t:|1776240829\n|gametype|doubles\n|player|p1|Mameon|1|1138\n|player|p2|jadenawesomeguy|ballguy|1040\n|gen|9\n|tier|[Gen 9 Champions] VGC 2026 Reg M-A\n|rated|\n|rule|Species Clause: Limit one of each Pok\u00e9mon\n|rule|Item Clause: Limit 1 of each item\n|clearpoke\n|poke|p1|Charizard, L50, F|\n|poke|p1|Kingambit, L50, F|\n|poke|p1|Incineroar, L50, M|\n|poke|p1|Aerodactyl, L50, M|\n|poke|p1|Floette-Eternal, L50, F|\n|poke|p1|Sneasler, L50, F|\n|poke|p2|Oranguru, L50, F|\n|poke|p2|Sandaconda, L50, F|\n|poke|p2|Tyranitar, L50, M|\n|poke|p2|Sinistcha, L50|\n|poke|p2|Meowstic, L50, M|\n|poke|p2|Vivillon, L50, M|\n|teampreview|4\n|inactive|Battle timer is ON: inactive players will automatically lose when time's up. (requested by Mameon)\n|\n|t:|1776240923\n|teamsize|p1|4\n|teamsize|p2|4\n|start\n|switch|p1a: Kingambit|Kingambit, L50, F|100/100\n|switch|p1b: Incineroar|Incineroar, L50, M|100/100\n|switch|p2a: Sandaconda|Sandaconda, L50, F|100/100\n|switch|p2b: Tyranitar|Tyranitar, L50, M|100/100\n|-weather|Sandstorm|[from] ability: Sand Stream|[of] p2b: Tyranitar\n|-ability|p1b: Incineroar|Intimidate|boost\n|-unboost|p2a: Sandaconda|atk|1\n|-unboost|p2b: Tyranitar|atk|1\n|turn|1\n|\n|t:|1776240944\n|move|p1b: Incineroar|Fake Out|p2a: Sandaconda\n|-damage|p2a: Sandaconda|92/100\n|cant|p2a: Sandaconda|flinch\n|move|p1a: Kingambit|Iron Head|p2b: Tyranitar\n|-supereffective|p2b: Tyranitar|1\n|-damage|p2b: Tyranitar|21/100\n|move|p2b: Tyranitar|Rock Slide|p1b: Incineroar|[spread] p1a\n|-miss|p2b: Tyranitar|p1b: Incineroar\n|-resisted|p1a: Kingambit|1\n|-damage|p1a: Kingambit|91/100\n|\n|-weather|Sandstorm|[upkeep]\n|-damage|p1b: Incineroar|95/100|[from] Sandstorm\n|-heal|p2a: Sandaconda|98/100|[from] item: Leftovers\n|upkeep\n|turn|2\n|inactive|Mameon has 30 seconds left.\n|inactive|Mameon has 20 seconds left.\n|inactive|Mameon has 15 seconds left.\n|\n|t:|1776240986\n|move|p2b: Tyranitar|Protect|p2b: Tyranitar\n|-singleturn|p2b: Tyranitar|Protect\n|move|p2a: Sandaconda|Minimize|p2a: Sandaconda\n|-boost|p2a: Sandaconda|evasion|2\n|move|p1a: Kingambit|Iron Head|p2b: Tyranitar\n|-activate|p2b: Tyranitar|move: Protect\n|move|p1b: Incineroar|Throat Chop|p2a: Sandaconda|[miss]\n|-miss|p1b: Incineroar|p2a: Sandaconda\n|\n|-weather|Sandstorm|[upkeep]\n|-damage|p1b: Incineroar|89/100|[from] Sandstorm\n|-heal|p2a: Sandaconda|100/100|[from] item: Leftovers\n|upkeep\n|turn|3\n|\n|t:|1776241008\n|switch|p2b: Oranguru|Oranguru, L50, F|100/100\n|move|p1a: Kingambit|Sucker Punch||[still]\n|-fail|p1a: Kingambit\n|move|p2a: Sandaconda|Minimize|p2a: Sandaconda\n|-boost|p2a: Sandaconda|evasion|2\n|move|p1b: Incineroar|Throat Chop|p2a: Sandaconda\n|-damage|p2a: Sandaconda|76/100\n|-start|p2a: Sandaconda|Throat Chop|[silent]\n|\n|-weather|Sandstorm|[upkeep]\n|-damage|p1b: Incineroar|83/100|[from] Sandstorm\n|-damage|p2b: Oranguru|94/100|[from] Sandstorm\n|-heal|p2a: Sandaconda|83/100|[from] item: Leftovers\n|upkeep\n|turn|4\n|\n|t:|1776241027\n|move|p2a: Sandaconda|Minimize|p2a: Sandaconda\n|-boost|p2a: Sandaconda|evasion|2\n|move|p1a: Kingambit|Kowtow Cleave|p2b: Oranguru\n|-supereffective|p2b: Oranguru|1\n|-enditem|p2b: Oranguru|Colbur Berry|[eat]\n|-enditem|p2b: Oranguru|Colbur Berry|[weaken]\n|-damage|p2b: Oranguru|46/100\n|move|p1b: Incineroar|Throat Chop|p2b: Oranguru\n|-supereffective|p2b: Oranguru|1\n|-damage|p2b: Oranguru|0 fnt\n|faint|p2b: Oranguru\n|\n|-weather|Sandstorm|[upkeep]\n|-damage|p1b: Incineroar|77/100|[from] Sandstorm\n|-heal|p2a: Sandaconda|89/100|[from] item: Leftovers\n|-end|p2a: Sandaconda|Throat Chop|[silent]\n|upkeep\n|\n|t:|1776241045\n|switch|p2b: Meowstic|Meowstic, L50, M|100/100\n|turn|5\n|\n|t:|1776241065\n|detailschange|p2b: Meowstic|Meowstic-M-Mega, L50, M\n|-mega|p2b: Meowstic|Meowstic|Meowsticite\n|-ability|p2b: Meowstic|Intimidate|Trace|[from] ability: Trace|[of] p1b: Incineroar\n|-ability|p2b: Meowstic|Intimidate|boost\n|-unboost|p1a: Kingambit|atk|1\n|-ability|p1a: Kingambit|Defiant|boost\n|-boost|p1a: Kingambit|atk|2\n|-unboost|p1b: Incineroar|atk|1\n|move|p2b: Meowstic|Psych Up|p2a: Sandaconda\n|-copyboost|p2b: Meowstic|p2a: Sandaconda|[from] move: Psych Up\n|move|p2a: Sandaconda|Body Press|p2b: Meowstic|[miss]\n|-miss|p2a: Sandaconda|p2b: Meowstic\n|move|p1a: Kingambit|Kowtow Cleave|p2b: Meowstic\n|-supereffective|p2b: Meowstic|1\n|-damage|p2b: Meowstic|0 fnt\n|faint|p2b: Meowstic\n|move|p1b: Incineroar|Throat Chop|p2a: Sandaconda|[miss]\n|-miss|p1b: Incineroar|p2a: Sandaconda\n|\n|-weather|none\n|-heal|p2a: Sandaconda|95/100|[from] item: Leftovers\n|upkeep\n|\n|t:|1776241074\n|switch|p2b: Tyranitar|Tyranitar, L50, M|21/100\n|-weather|Sandstorm|[from] ability: Sand Stream|[of] p2b: Tyranitar\n|turn|6\n|\n|t:|1776241095\n|move|p1a: Kingambit|Protect|p1a: Kingambit\n|-singleturn|p1a: Kingambit|Protect\n|move|p2b: Tyranitar|Protect|p2b: Tyranitar\n|-singleturn|p2b: Tyranitar|Protect\n|move|p2a: Sandaconda|Body Press|p1a: Kingambit\n|-activate|p1a: Kingambit|move: Protect\n|move|p1b: Incineroar|Flare Blitz|p2b: Tyranitar\n|-activate|p2b: Tyranitar|move: Protect\n|\n|-weather|Sandstorm|[upkeep]\n|-damage|p1b: Incineroar|71/100|[from] Sandstorm\n|-heal|p2a: Sandaconda|100/100|[from] item: Leftovers\n|upkeep\n|turn|7\n|inactive|Mameon has 30 seconds left.\n|\n|t:|1776241124\n|switch|p1a: Floette|Floette-Eternal, L50, F|100/100\n|move|p2b: Tyranitar|Protect|p2b: Tyranitar\n|-singleturn|p2b: Tyranitar|Protect\n|move|p2a: Sandaconda|Body Press|p1a: Floette\n|-resisted|p1a: Floette|1\n|-damage|p1a: Floette|86/100\n|move|p1b: Incineroar|Flare Blitz|p2b: Tyranitar\n|-activate|p2b: Tyranitar|move: Protect\n|\n|-weather|Sandstorm|[upkeep]\n|-damage|p1a: Floette|80/100|[from] Sandstorm\n|-damage|p1b: Incineroar|65/100|[from] Sandstorm\n|upkeep\n|turn|8\n|inactive|jadenawesomeguy has 30 seconds left.\n|inactive|jadenawesomeguy has 20 seconds left.\n|inactive|jadenawesomeguy has 15 seconds left.\n|inactive|jadenawesomeguy has 10 seconds left.\n|\n|t:|1776241176\n|detailschange|p1a: Floette|Floette-Mega, L50, F\n|-mega|p1a: Floette|Floette|Floettite\n|-ability|p1a: Floette|Fairy Aura\n|move|p1a: Floette|Dazzling Gleam|p2b: Tyranitar|[spread] p2b\n|-miss|p1a: Floette|p2a: Sandaconda\n|-supereffective|p2b: Tyranitar|1\n|-damage|p2b: Tyranitar|0 fnt\n|faint|p2b: Tyranitar\n|move|p2a: Sandaconda|High Horsepower|p1a: Floette\n|-damage|p1a: Floette|56/100\n|move|p1b: Incineroar|Flare Blitz|p2a: Sandaconda\n|-damage|p2a: Sandaconda|79/100\n|-damage|p1b: Incineroar|58/100|[from] Recoil\n|\n|-weather|Sandstorm|[upkeep]\n|-damage|p1a: Floette|50/100|[from] Sandstorm\n|-damage|p1b: Incineroar|52/100|[from] Sandstorm\n|-heal|p2a: Sandaconda|85/100|[from] item: Leftovers\n|upkeep\n|turn|9\n|\n|t:|1776241201\n|move|p1a: Floette|Moonblast|p2a: Sandaconda|[miss]\n|-miss|p1a: Floette|p2a: Sandaconda\n|move|p2a: Sandaconda|High Horsepower|p1a: Floette\n|-damage|p1a: Floette|28/100\n|move|p1b: Incineroar|Parting Shot|p2a: Sandaconda\n|-unboost|p2a: Sandaconda|atk|1\n|-unboost|p2a: Sandaconda|spa|1\n|\n|t:|1776241210\n|switch|p1b: Aerodactyl|Aerodactyl, L50, M|100/100|[from] Parting Shot\n|-ability|p1b: Aerodactyl|Unnerve\n|\n|-weather|Sandstorm|[upkeep]\n|-damage|p1a: Floette|22/100|[from] Sandstorm\n|-heal|p2a: Sandaconda|91/100|[from] item: Leftovers\n|upkeep\n|turn|10\n|\n|t:|1776241228\n|move|p1b: Aerodactyl|Protect|p1b: Aerodactyl\n|-singleturn|p1b: Aerodactyl|Protect\n|move|p1a: Floette|Moonblast|p2a: Sandaconda\n|-damage|p2a: Sandaconda|8/100\n|move|p2a: Sandaconda|High Horsepower|p1a: Floette\n|-damage|p1a: Floette|3/100\n|\n|-weather|none\n|-heal|p2a: Sandaconda|14/100|[from] item: Leftovers\n|upkeep\n|turn|11\n|\n|t:|1776241249\n|move|p2a: Sandaconda|Protect|p2a: Sandaconda\n|-singleturn|p2a: Sandaconda|Protect\n|move|p1b: Aerodactyl|Rock Slide|p2a: Sandaconda\n|-activate|p2a: Sandaconda|move: Protect\n|move|p1a: Floette|Moonblast|p2a: Sandaconda\n|-activate|p2a: Sandaconda|move: Protect\n|\n|-heal|p2a: Sandaconda|21/100|[from] item: Leftovers\n|upkeep\n|turn|12\n|\n|t:|1776241265\n|move|p1b: Aerodactyl|Dual Wingbeat|p2a: Sandaconda|[miss]\n|-miss|p1b: Aerodactyl|p2a: Sandaconda\n|move|p1a: Floette|Moonblast|p2a: Sandaconda|[miss]\n|-miss|p1a: Floette|p2a: Sandaconda\n|move|p2a: Sandaconda|High Horsepower|p1a: Floette\n|-damage|p1a: Floette|0 fnt\n|faint|p1a: Floette\n|\n|-heal|p2a: Sandaconda|27/100|[from] item: Leftovers\n|upkeep\n|\n|t:|1776241277\n|switch|p1a: Kingambit|Kingambit, L50, F|91/100\n|turn|13\n|\n|t:|1776241283\n|move|p2a: Sandaconda|Protect|p2a: Sandaconda\n|-singleturn|p2a: Sandaconda|Protect\n|move|p1b: Aerodactyl|Tailwind|p1b: Aerodactyl\n|-sidestart|p1: Mameon|move: Tailwind\n|move|p1a: Kingambit|Kowtow Cleave|p2a: Sandaconda\n|-activate|p2a: Sandaconda|move: Protect\n|\n|-heal|p2a: Sandaconda|33/100|[from] item: Leftovers\n|upkeep\n|turn|14\n|\n|t:|1776241297\n|move|p1b: Aerodactyl|Dual Wingbeat|p2a: Sandaconda\n|-damage|p2a: Sandaconda|19/100\n|-damage|p2a: Sandaconda|6/100\n|-hitcount|p2a: Sandaconda|2\n|move|p1a: Kingambit|Kowtow Cleave|p2a: Sandaconda\n|-damage|p2a: Sandaconda|0 fnt\n|faint|p2a: Sandaconda\n|\n|win|Mameon\n|raw|Mameon's rating: 1138 &rarr; <strong>1156</strong><br />(+18 for winning)\n|raw|jadenawesomeguy's rating: 1040 &rarr; <strong>1028</strong><br />(-12 for losing)\n|l|\u2606jadenawesomeguy\n|player|p2|\n",
  "uploadtime": 1776241306,
  "views": 54,
  "formatid": "gen9championsvgc2026regma",
  "rating": 1028,
  "private": 0,
  "password": null
}