{
  "id": "gen9championsvgc2026regma-2588127324",
  "format": "[Gen 9 Champions] VGC 2026 Reg M-A",
  "players": [
    "no woobat no cry",
    "imperialdave1"
  ],
  "log": "|j|\u2606no woobat no cry\n|j|\u2606imperialdave1\n|t:|1776607163\n|gametype|doubles\n|player|p1|no woobat no cry|169|1067\n|player|p2|imperialdave1|2|1135\n|gen|9\n|tier|[Gen 9 Champions] VGC 2026 Reg M-A\n|rated|\n|rule|Species Clause: Limit one of each Pok\u00e9mon\n|rule|Item Clause: Limit 1 of each item\n|clearpoke\n|poke|p1|Talonflame, L50, M|\n|poke|p1|Zoroark-Hisui, L50, F|\n|poke|p1|Glimmora, L50, M|\n|poke|p1|Rotom-Wash, L50|\n|poke|p1|Lucario, L50, M|\n|poke|p1|Meowscarada, L50, F|\n|poke|p2|Zoroark-Hisui, L50, M|\n|poke|p2|Sinistcha, L50|\n|poke|p2|Incineroar, L50, F|\n|poke|p2|Kleavor, L50, M|\n|poke|p2|Whimsicott, L50, F|\n|poke|p2|Aggron, L50, M|\n|teampreview|4\n|inactive|Battle timer is ON: inactive players will automatically lose when time's up. (requested by imperialdave1)\nimperialdave1 rejected open team sheets.\n|\n|t:|1776607188\n|teamsize|p1|4\n|teamsize|p2|4\n|start\n|switch|p1a: Talonflame|Talonflame, L50, M|100/100\n|switch|p1b: Lucario|Lucario, L50, M|100/100\n|switch|p2a: Kleavor|Kleavor, L50, M|100/100\n|switch|p2b: Incineroar|Incineroar, L50, F|100/100\n|-ability|p2b: Incineroar|Intimidate|boost\n|-unboost|p1a: Talonflame|atk|1\n|-fail|p1b: Lucario|unboost|Attack|[from] ability: Inner Focus|[of] p1b: Lucario\n|turn|1\n|\n|t:|1776607199\n|detailschange|p1b: Lucario|Lucario-Mega, L50, M\n|-mega|p1b: Lucario|Lucario|Lucarionite\n|move|p1a: Talonflame|Upper Hand|p2b: Incineroar\n|-supereffective|p2b: Incineroar|1\n|-damage|p2b: Incineroar|82/100\n|cant|p2b: Incineroar|flinch\n|move|p2a: Kleavor|Close Combat|p1b: Lucario\n|-supereffective|p1b: Lucario|1\n|-damage|p1b: Lucario|0 fnt\n|-unboost|p2a: Kleavor|def|1\n|-unboost|p2a: Kleavor|spd|1\n|faint|p1b: Lucario\n|\n|upkeep\n|\n|t:|1776607214\n|switch|p1b: Glimmora|Glimmora, L50, M|100/100\n|turn|2\n|\n|t:|1776607236\n|switch|p2a: Sinistcha|Sinistcha, L50|100/100\n|-heal|p2b: Incineroar|100/100|[from] ability: Hospitality|[of] p2a: Sinistcha\n|move|p1a: Talonflame|Tailwind|p1a: Talonflame\n|-sidestart|p1: no woobat no cry|move: Tailwind\n|move|p1b: Glimmora|Sludge Wave|p2a: Sinistcha|[spread] p1a,p2a,p2b\n|-damage|p1a: Talonflame|43/100\n|-damage|p2a: Sinistcha|61/100\n|-damage|p2b: Incineroar|72/100\n|-status|p1a: Talonflame|psn\n|move|p2b: Incineroar|Darkest Lariat|p1a: Talonflame\n|-damage|p1a: Talonflame|0 fnt\n|faint|p1a: Talonflame\n|\n|upkeep\n|\n|t:|1776607249\n|switch|p1a: Meowscarada|Meowscarada, L50, F|100/100\n|turn|3\n|\n|t:|1776607268\n|move|p1a: Meowscarada|Knock Off|p2a: Sinistcha\n|-supereffective|p2a: Sinistcha|1\n|-damage|p2a: Sinistcha|0 fnt\n|-enditem|p2a: Sinistcha|Sitrus Berry|[from] move: Knock Off|[of] p1a: Meowscarada\n|faint|p2a: Sinistcha\n|move|p1b: Glimmora|Power Gem|p2b: Incineroar\n|-supereffective|p2b: Incineroar|1\n|-damage|p2b: Incineroar|2/100\n|move|p2b: Incineroar|Flare Blitz|p1a: Meowscarada\n|-supereffective|p1a: Meowscarada|1\n|-damage|p1a: Meowscarada|0 fnt\n|faint|p1a: Meowscarada\n|-damage|p2b: Incineroar|0 fnt|[from] Recoil\n|faint|p2b: Incineroar\n|\n|upkeep\n|\n|t:|1776607278\n|switch|p2a: Kleavor|Kleavor, L50, M|100/100\n|switch|p2b: Aggron|Aggron, L50, M|100/100\n|turn|4\n|\n|t:|1776607291\n|detailschange|p2b: Aggron|Aggron-Mega, L50, M\n|-mega|p2b: Aggron|Aggron|Aggronite\n|move|p1b: Glimmora|Power Gem|p2a: Kleavor\n|-supereffective|p2a: Kleavor|1\n|-damage|p2a: Kleavor|0 fnt\n|faint|p2a: Kleavor\n|move|p2b: Aggron|Body Press|p1b: Glimmora\n|-crit|p1b: Glimmora\n|-damage|p1b: Glimmora|30/100\n|-activate|p1b: Glimmora|ability: Toxic Debris\n|-sidestart|p2: imperialdave1|move: Toxic Spikes\n|-enditem|p1b: Glimmora|Sitrus Berry|[eat]\n|-heal|p1b: Glimmora|55/100|[from] item: Sitrus Berry\n|\n|upkeep\n|turn|5\n|\n|t:|1776607303\n|move|p1b: Glimmora|Spiky Shield|p1b: Glimmora\n|-singleturn|p1b: Glimmora|move: Protect\n|move|p2b: Aggron|Protect||[still]\n|-fail|p2b: Aggron\n|\n|-sideend|p1: no woobat no cry|move: Tailwind\n|upkeep\n|turn|6\n|\n|t:|1776607321\n|move|p1b: Glimmora|Energy Ball|p2b: Aggron\n|-resisted|p2b: Aggron|1\n|-damage|p2b: Aggron|88/100\n|move|p2b: Aggron|Body Press|p1b: Glimmora\n|-damage|p1b: Glimmora|7/100\n|-activate|p1b: Glimmora|ability: Toxic Debris\n|-sidestart|p2: imperialdave1|move: Toxic Spikes\n|\n|upkeep\n|turn|7\n|\n|t:|1776607330\n|move|p1b: Glimmora|Energy Ball|p2b: Aggron\n|-resisted|p2b: Aggron|1\n|-damage|p2b: Aggron|74/100\n|move|p2b: Aggron|Rock Slide|p1b: Glimmora|[miss]\n|-miss|p2b: Aggron|p1b: Glimmora\n|\n|upkeep\n|turn|8\n|\n|t:|1776607337\n|move|p1b: Glimmora|Spiky Shield|p1b: Glimmora\n|-singleturn|p1b: Glimmora|move: Protect\n|move|p2b: Aggron|Rock Slide|p1b: Glimmora\n|-activate|p1b: Glimmora|move: Protect\n|\n|upkeep\n|turn|9\n|\n|t:|1776607340\n|move|p1b: Glimmora|Power Gem|p2b: Aggron\n|-resisted|p2b: Aggron|1\n|-damage|p2b: Aggron|55/100\n|move|p2b: Aggron|Rock Slide|p1b: Glimmora\n|-crit|p1b: Glimmora\n|-damage|p1b: Glimmora|0 fnt\n|faint|p1b: Glimmora\n|\n|win|imperialdave1\n|raw|no woobat no cry's rating: 1067 &rarr; <strong>1051</strong><br />(-16 for losing)\n|raw|imperialdave1's rating: 1135 &rarr; <strong>1155</strong><br />(+20 for winning)\n|l|\u2606no woobat no cry\n|player|p1|\n",
  "uploadtime": 1776607351,
  "views": 15,
  "formatid": "gen9championsvgc2026regma",
  "rating": 1051,
  "private": 0,
  "password": null
}