{
  "id": "gen9championsvgc2026regma-2588636831",
  "format": "[Gen 9 Champions] VGC 2026 Reg M-A",
  "players": [
    "ogrelord20",
    "charge_2754"
  ],
  "log": "|j|\u2606ogrelord20\n|j|\u2606charge_2754\n|t:|1776652461\n|gametype|doubles\n|player|p1|ogrelord20|101|1095\n|player|p2|charge_2754|caitlin|1133\n|gen|9\n|tier|[Gen 9 Champions] VGC 2026 Reg M-A\n|rated|\n|rule|Species Clause: Limit one of each Pok\u00e9mon\n|rule|Item Clause: Limit 1 of each item\n|clearpoke\n|poke|p1|Meganium, L50, F, shiny|\n|poke|p1|Slowbro-Galar, L50, M, shiny|\n|poke|p1|Aerodactyl, L50, M|\n|poke|p1|Kommo-o, L50, M, shiny|\n|poke|p1|Basculegion, L50, M, shiny|\n|poke|p1|Clefable, L50, M, shiny|\n|poke|p2|Chandelure, L50, M, shiny|\n|poke|p2|Basculegion-F, L50, F|\n|poke|p2|Aerodactyl, L50, M|\n|poke|p2|Aegislash, L50, M|\n|poke|p2|Sneasler, L50, M|\n|poke|p2|Kingambit, L50, M|\n|teampreview|4\n|inactive|Battle timer is ON: inactive players will automatically lose when time's up. (requested by charge_2754)\n|inactive|ogrelord20 has 60 seconds left.\n|inactive|charge_2754 has 60 seconds left.\n|inactive|ogrelord20 has 30 seconds left.\n|\n|t:|1776652528\n|teamsize|p1|4\n|teamsize|p2|4\n|start\n|switch|p1a: Kommo-o|Kommo-o, L50, M, shiny|100/100\n|switch|p1b: Meganium|Meganium, L50, F, shiny|100/100\n|switch|p2a: Sneasler|Sneasler, L50, M|100/100\n|switch|p2b: Aerodactyl|Aerodactyl, L50, M|100/100\n|-ability|p2b: Aerodactyl|Unnerve\n|turn|1\n|inactive|ogrelord20 has 30 seconds left.\n|\n|t:|1776652554\n|move|p2a: Sneasler|Protect|p2a: Sneasler\n|-singleturn|p2a: Sneasler|Protect\n|move|p1b: Meganium|Protect|p1b: Meganium\n|-singleturn|p1b: Meganium|Protect\n|move|p2b: Aerodactyl|Tailwind|p2b: Aerodactyl\n|-sidestart|p2: charge_2754|move: Tailwind\n|move|p1a: Kommo-o|Clangorous Soul|p1a: Kommo-o\n|-boost|p1a: Kommo-o|atk|1\n|-boost|p1a: Kommo-o|def|1\n|-boost|p1a: Kommo-o|spa|1\n|-boost|p1a: Kommo-o|spd|1\n|-boost|p1a: Kommo-o|spe|1\n|-damage|p1a: Kommo-o|68/100\n|\n|-heal|p1a: Kommo-o|74/100|[from] item: Leftovers\n|upkeep\n|turn|2\n|\n|t:|1776652578\n|switch|p1b: Clefable|Clefable, L50, M, shiny|100/100\n|move|p2b: Aerodactyl|Dual Wingbeat|p1a: Kommo-o\n|-supereffective|p1a: Kommo-o|1\n|-damage|p1a: Kommo-o|52/100\n|-supereffective|p1a: Kommo-o|1\n|-damage|p1a: Kommo-o|28/100\n|-hitcount|p1a: Kommo-o|2\n|move|p2a: Sneasler|Dire Claw|p1b: Clefable\n|-supereffective|p1b: Clefable|1\n|-damage|p1b: Clefable|27/100\n|move|p1a: Kommo-o|Clanging Scales|p2b: Aerodactyl|[spread] p2a,p2b\n|-damage|p2a: Sneasler|24/100\n|-damage|p2b: Aerodactyl|13/100\n|-unboost|p1a: Kommo-o|def|1\n|\n|-heal|p1a: Kommo-o|34/100|[from] item: Leftovers\n|upkeep\n|turn|3\n|inactive|ogrelord20 has 30 seconds left.\n|\n|t:|1776652610\n|move|p1a: Kommo-o|Protect|p1a: Kommo-o\n|-singleturn|p1a: Kommo-o|Protect\n|move|p2b: Aerodactyl|Dual Wingbeat|p1a: Kommo-o\n|-activate|p1a: Kommo-o|move: Protect\n|move|p2a: Sneasler|Dire Claw|p1b: Clefable\n|-supereffective|p1b: Clefable|1\n|-damage|p1b: Clefable|0 fnt\n|faint|p1b: Clefable\n|\n|-heal|p1a: Kommo-o|40/100|[from] item: Leftovers\n|upkeep\n|\n|t:|1776652621\n|switch|p1b: Basculegion|Basculegion, L50, M, shiny|100/100\n|turn|4\n|\n|t:|1776652636\n|move|p1b: Basculegion|Aqua Jet|p2b: Aerodactyl\n|-supereffective|p2b: Aerodactyl|1\n|-damage|p2b: Aerodactyl|0 fnt\n|faint|p2b: Aerodactyl\n|move|p2a: Sneasler|Throat Chop|p1b: Basculegion\n|-supereffective|p1b: Basculegion|1\n|-damage|p1b: Basculegion|23/100\n|-start|p1b: Basculegion|Throat Chop|[silent]\n|move|p1a: Kommo-o|Clanging Scales|p2a: Sneasler\n|-damage|p2a: Sneasler|0 fnt\n|faint|p2a: Sneasler\n|-unboost|p1a: Kommo-o|def|1\n|\n|-heal|p1a: Kommo-o|46/100|[from] item: Leftovers\n|-sideend|p2: charge_2754|move: Tailwind\n|upkeep\n|\n|t:|1776652642\n|switch|p2b: Chandelure|Chandelure, L50, M, shiny|100/100\n|switch|p2a: Aegislash|Aegislash, L50, M|100/100\n|turn|5\n|inactive|ogrelord20 has 30 seconds left.\n|inactive|charge_2754 has 30 seconds left.\n|inactive|charge_2754 has 20 seconds left.\n|\n|t:|1776652677\n|switch|p1b: Meganium|Meganium, L50, F, shiny|100/100\n|detailschange|p2b: Chandelure|Chandelure-Mega, L50, M, shiny\n|-mega|p2b: Chandelure|Chandelure|Chandelurite\n|move|p1a: Kommo-o|Protect|p1a: Kommo-o\n|-singleturn|p1a: Kommo-o|Protect\n|move|p2b: Chandelure|Energy Ball|p1b: Meganium\n|-resisted|p1b: Meganium|1\n|-damage|p1b: Meganium|79/100\n|-formechange|p2a: Aegislash|Aegislash-Blade|\n|move|p2a: Aegislash|Sacred Sword|p1a: Kommo-o\n|-activate|p1a: Kommo-o|move: Protect\n|\n|-heal|p1a: Kommo-o|52/100|[from] item: Leftovers\n|upkeep\n|turn|6\n|inactive|ogrelord20 has 30 seconds left.\n|inactive|ogrelord20 has 20 seconds left.\n|\n|t:|1776652713\n|detailschange|p1b: Meganium|Meganium-Mega, L50, F, shiny\n|-mega|p1b: Meganium|Meganium|Meganiumite\n|move|p1a: Kommo-o|Clanging Scales|p2b: Chandelure|[spread] p2a,p2b\n|-resisted|p2a: Aegislash|1\n|-damage|p2a: Aegislash|40/100\n|-damage|p2b: Chandelure|24/100\n|-unboost|p1a: Kommo-o|def|1\n|move|p2b: Chandelure|Heat Wave|p1a: Kommo-o|[spread] p1a,p1b\n|-resisted|p1a: Kommo-o|1\n|-supereffective|p1b: Meganium|1\n|-damage|p1a: Kommo-o|36/100\n|-damage|p1b: Meganium|0 fnt\n|faint|p1b: Meganium\n|move|p2a: Aegislash|Sacred Sword|p1a: Kommo-o\n|-damage|p1a: Kommo-o|3/100\n|\n|-heal|p1a: Kommo-o|9/100|[from] item: Leftovers\n|-heal|p2a: Aegislash|46/100|[from] item: Leftovers\n|upkeep\n|\n|t:|1776652721\n|switch|p1b: Basculegion|Basculegion, L50, M, shiny|23/100\n|turn|7\n|\n|t:|1776652729\n|move|p2b: Chandelure|Protect|p2b: Chandelure\n|-singleturn|p2b: Chandelure|Protect\n|move|p1b: Basculegion|Aqua Jet|p2b: Chandelure\n|-activate|p2b: Chandelure|move: Protect\n|move|p1a: Kommo-o|Clanging Scales|p2a: Aegislash|[spread] p2a\n|-activate|p2b: Chandelure|move: Protect\n|-resisted|p2a: Aegislash|1\n|-damage|p2a: Aegislash|0 fnt\n|faint|p2a: Aegislash\n|-unboost|p1a: Kommo-o|def|1\n|\n|-heal|p1a: Kommo-o|15/100|[from] item: Leftovers\n|upkeep\n|turn|8\n|-message|charge_2754 forfeited.\n|\n|win|ogrelord20\n|raw|ogrelord20's rating: 1095 &rarr; <strong>1124</strong><br />(+29 for winning)\n|raw|charge_2754's rating: 1133 &rarr; <strong>1105</strong><br />(-28 for losing)\n",
  "uploadtime": 1776652741,
  "views": 2,
  "formatid": "gen9championsvgc2026regma",
  "rating": 1105,
  "private": 0,
  "password": null
}