{
  "id": "gen9championsvgc2026regma-2583719036",
  "format": "[Gen 9 Champions] VGC 2026 Reg M-A",
  "players": [
    "DSEA Skyve",
    "Idkran"
  ],
  "log": "|j|\u2606DSEA Skyve\n|j|\u2606Idkran\n|t:|1776193037\n|gametype|doubles\n|player|p1|DSEA Skyve|twins-gen4dp|1143\n|player|p2|Idkran|170|1175\n|gen|9\n|tier|[Gen 9 Champions] VGC 2026 Reg M-A\n|rated|\n|rule|Species Clause: Limit one of each Pok\u00e9mon\n|rule|Item Clause: Limit 1 of each item\n|clearpoke\n|poke|p1|Sinistcha, L50|\n|poke|p1|Incineroar, L50, F|\n|poke|p1|Maushold-Four, L50|\n|poke|p1|Farigiraf, L50, M|\n|poke|p1|Golurk, L50|\n|poke|p1|Primarina, L50, F|\n|poke|p2|Mimikyu, L50, F|\n|poke|p2|Crabominable, L50, F|\n|poke|p2|Incineroar, L50, F|\n|poke|p2|Politoed, L50, M|\n|poke|p2|Drampa, L50, M|\n|poke|p2|Hatterene, L50, F|\n|teampreview|4\n|inactive|Battle timer is ON: inactive players will automatically lose when time's up. (requested by Idkran)\n|inactive|DSEA Skyve also wants the timer to be on.\n|inactive|Idkran has 60 seconds left.\n|\n|t:|1776193071\n|teamsize|p1|4\n|teamsize|p2|4\n|start\n|switch|p1a: Farigiraf|Farigiraf, L50, M|100/100\n|switch|p1b: Primarina|Primarina, L50, F|100/100\n|switch|p2a: Mimikyu|Mimikyu, L50, F|100/100\n|switch|p2b: Incineroar|Incineroar, L50, F|100/100\n|-ability|p2b: Incineroar|Intimidate|boost\n|-unboost|p1a: Farigiraf|atk|1\n|-unboost|p1b: Primarina|atk|1\n|turn|1\n|inactive|DSEA Skyve has 30 seconds left.\n|inactive|Idkran has 30 seconds left.\n|\n|t:|1776193105\n|move|p2a: Mimikyu|Protect|p2a: Mimikyu\n|-singleturn|p2a: Mimikyu|Protect\n|move|p2b: Incineroar|Parting Shot|p1b: Primarina\n|-unboost|p1b: Primarina|atk|1\n|-unboost|p1b: Primarina|spa|1\n|\n|t:|1776193111\n|switch|p2b: Hatterene|Hatterene, L50, F|100/100|[from] Parting Shot\n|move|p1a: Farigiraf|Twin Beam|p2a: Mimikyu\n|-activate|p2a: Mimikyu|move: Protect\n|move|p1b: Primarina|Calm Mind|p1b: Primarina\n|-boost|p1b: Primarina|spa|1\n|-boost|p1b: Primarina|spd|1\n|\n|upkeep\n|turn|2\n|\n|t:|1776193131\n|move|p1a: Farigiraf|Twin Beam|p2a: Mimikyu\n|-activate|p2a: Mimikyu|ability: Disguise\n|-damage|p2a: Mimikyu|100/100\n|detailschange|p2a: Mimikyu|Mimikyu-Busted, L50, F\n|-damage|p2a: Mimikyu|88/100|[from] pokemon: Mimikyu-Busted\n|-damage|p2a: Mimikyu|70/100\n|-hitcount|p2a: Mimikyu|2\n|move|p1b: Primarina|Calm Mind|p1b: Primarina\n|-boost|p1b: Primarina|spa|1\n|-boost|p1b: Primarina|spd|1\n|move|p2b: Hatterene|Giga Drain|p1b: Primarina\n|-supereffective|p1b: Primarina|1\n|-damage|p1b: Primarina|74/100\n|move|p2a: Mimikyu|Trick Room|p2a: Mimikyu\n|-fieldstart|move: Trick Room|[of] p2a: Mimikyu\n|\n|-heal|p1b: Primarina|80/100|[from] item: Leftovers\n|upkeep\n|turn|3\n|inactive|DSEA Skyve has 30 seconds left.\n|inactive|Idkran has 30 seconds left.\n|\n|t:|1776193169\n|move|p2b: Hatterene|Giga Drain|p1b: Primarina\n|-supereffective|p1b: Primarina|1\n|-damage|p1b: Primarina|53/100\n|move|p1b: Primarina|Hyper Voice|p2a: Mimikyu|[spread] p2a,p2b\n|-damage|p2a: Mimikyu|33/100\n|-damage|p2b: Hatterene|56/100\n|move|p2a: Mimikyu|Play Rough|p1b: Primarina\n|-damage|p1b: Primarina|30/100\n|move|p1a: Farigiraf|Trick Room|p1a: Farigiraf\n|-fieldend|move: Trick Room\n|\n|-heal|p1b: Primarina|36/100|[from] item: Leftovers\n|upkeep\n|turn|4\n|\n|t:|1776193192\n|switch|p1a: Sinistcha|Sinistcha, L50|100/100\n|-heal|p1b: Primarina|61/100|[from] ability: Hospitality|[of] p1a: Sinistcha\n|move|p2a: Mimikyu|Protect|p2a: Mimikyu\n|-singleturn|p2a: Mimikyu|Protect\n|move|p1b: Primarina|Protect|p1b: Primarina\n|-singleturn|p1b: Primarina|Protect\n|move|p2b: Hatterene|Heal Pulse|p2a: Mimikyu\n|-activate|p2a: Mimikyu|move: Protect\n|\n|-heal|p1b: Primarina|67/100|[from] item: Leftovers\n|upkeep\n|turn|5\n|\n|t:|1776193211\n|move|p2b: Hatterene|Protect|p2b: Hatterene\n|-singleturn|p2b: Hatterene|Protect\n|move|p1a: Sinistcha|Rage Powder|p1a: Sinistcha\n|-singleturn|p1a: Sinistcha|move: Rage Powder\n|move|p2a: Mimikyu|Play Rough|p1a: Sinistcha\n|-damage|p1a: Sinistcha|75/100\n|move|p1b: Primarina|Hyper Voice|p2a: Mimikyu|[spread] p2a\n|-activate|p2b: Hatterene|move: Protect\n|-damage|p2a: Mimikyu|0 fnt\n|faint|p2a: Mimikyu\n|\n|-heal|p1b: Primarina|73/100|[from] item: Leftovers\n|upkeep\n|\n|t:|1776193223\n|switch|p2a: Crabominable|Crabominable, L50, F|100/100\n|turn|6\n|\n|t:|1776193241\n|detailschange|p2a: Crabominable|Crabominable-Mega, L50, F\n|-mega|p2a: Crabominable|Crabominable|Crabominite\n|move|p1a: Sinistcha|Strength Sap|p2a: Crabominable\n|-unboost|p2a: Crabominable|atk|1\n|-heal|p1a: Sinistcha|100/100\n|move|p1b: Primarina|Moonblast|p2a: Crabominable\n|-supereffective|p2a: Crabominable|1\n|-damage|p2a: Crabominable|9/100\n|move|p2a: Crabominable|Ice Hammer|p1a: Sinistcha\n|-supereffective|p1a: Sinistcha|1\n|-damage|p1a: Sinistcha|5/100\n|-unboost|p2a: Crabominable|spe|1\n|-enditem|p1a: Sinistcha|Sitrus Berry|[eat]\n|-heal|p1a: Sinistcha|30/100|[from] item: Sitrus Berry\n|move|p2b: Hatterene|Heal Pulse|p2a: Crabominable\n|-heal|p2a: Crabominable|59/100\n|\n|-heal|p1b: Primarina|78/100|[from] item: Leftovers\n|upkeep\n|turn|7\n|inactive|DSEA Skyve has 30 seconds left.\n|\n|t:|1776193270\n|move|p2a: Crabominable|Protect|p2a: Crabominable\n|-singleturn|p2a: Crabominable|Protect\n|move|p1a: Sinistcha|Matcha Gotcha|p2a: Crabominable|[spread] p2b\n|-activate|p2a: Crabominable|move: Protect\n|-damage|p2b: Hatterene|28/100\n|-heal|p1a: Sinistcha|43/100|[from] drain|[of] p2b: Hatterene\n|move|p1b: Primarina|Moonblast|p2a: Crabominable\n|-activate|p2a: Crabominable|move: Protect\n|move|p2b: Hatterene|Dazzling Gleam|p1b: Primarina|[spread] p1a,p1b\n|-damage|p1a: Sinistcha|12/100\n|-damage|p1b: Primarina|64/100\n|\n|-heal|p1b: Primarina|70/100|[from] item: Leftovers\n|upkeep\n|turn|8\n|inactive|DSEA Skyve has 30 seconds left.\n|\n|t:|1776193299\n|switch|p2a: Incineroar|Incineroar, L50, F|100/100\n|-ability|p2a: Incineroar|Intimidate|boost\n|-unboost|p1a: Sinistcha|atk|1\n|-unboost|p1b: Primarina|atk|1\n|move|p2b: Hatterene|Protect|p2b: Hatterene\n|-singleturn|p2b: Hatterene|Protect\n|move|p1a: Sinistcha|Strength Sap|p2a: Incineroar\n|-unboost|p2a: Incineroar|atk|1\n|-heal|p1a: Sinistcha|100/100\n|move|p1b: Primarina|Moonblast|p2a: Incineroar\n|-damage|p2a: Incineroar|41/100\n|\n|-heal|p1b: Primarina|76/100|[from] item: Leftovers\n|upkeep\n|turn|9\n|-message|Idkran forfeited.\n|\n|win|DSEA Skyve\n|raw|DSEA Skyve's rating: 1143 &rarr; <strong>1170</strong><br />(+27 for winning)\n|raw|Idkran's rating: 1175 &rarr; <strong>1148</strong><br />(-27 for losing)\n|l|\u2606Idkran\n|player|p2|\n",
  "uploadtime": 1776193325,
  "views": 19,
  "formatid": "gen9championsvgc2026regma",
  "rating": 1148,
  "private": 0,
  "password": null
}