{
  "id": "gen9championsvgc2026regma-2584695155",
  "format": "[Gen 9 Champions] VGC 2026 Reg M-A",
  "players": [
    "EmptyVoid84",
    "Laxidaze3"
  ],
  "log": "|j|\u2606EmptyVoid84\n|j|\u2606Laxidaze3\n|t:|1776277321\n|gametype|doubles\n|player|p1|EmptyVoid84|n|1333\n|player|p2|Laxidaze3|ingo|1367\n|gen|9\n|tier|[Gen 9 Champions] VGC 2026 Reg M-A\n|rated|\n|rule|Species Clause: Limit one of each Pok\u00e9mon\n|rule|Item Clause: Limit 1 of each item\n|clearpoke\n|poke|p1|Delphox, L50, F|\n|poke|p1|Kingambit, L50, M|\n|poke|p1|Basculegion, L50, M|\n|poke|p1|Clefable, L50, F|\n|poke|p1|Sneasler, L50, F|\n|poke|p1|Dragonite, L50, M|\n|poke|p2|Charizard, L50, M|\n|poke|p2|Sneasler, L50, F|\n|poke|p2|Whimsicott, L50, M|\n|poke|p2|Garchomp, L50, M|\n|poke|p2|Farigiraf, L50, M|\n|poke|p2|Kingambit, L50, M|\n|teampreview|4\n|inactive|Battle timer is ON: inactive players will automatically lose when time's up. (requested by Laxidaze3)\n|inactive|EmptyVoid84 has 60 seconds left.\n|inactive|Laxidaze3 has 60 seconds left.\nEmptyVoid84 rejected open team sheets.\n|inactive|Laxidaze3 has 30 seconds left.\n|inactive|Laxidaze3 has 20 seconds left.\n|inactive|Laxidaze3 has 15 seconds left.\n|inactive|Laxidaze3 has 10 seconds left.\n|\n|t:|1776277405\n|teamsize|p1|4\n|teamsize|p2|4\n|start\n|switch|p1a: Basculegion|Basculegion, L50, M|100/100\n|switch|p1b: Sneasler|Sneasler, L50, F|100/100\n|switch|p2a: Whimsicott|Whimsicott, L50, M|100/100\n|switch|p2b: Charizard|Charizard, L50, M|100/100\n|turn|1\n|inactive|EmptyVoid84 has 30 seconds left.\n|inactive|Laxidaze3 has 30 seconds left.\n|\n|t:|1776277435\n|switch|p2a: Farigiraf|Farigiraf, L50, M|100/100\n|switch|p2b: Garchomp|Garchomp, L50, M|100/100\n|move|p1b: Sneasler|Fake Out||[still]\n|cant|p2a: Farigiraf|ability: Armor Tail|Fake Out|[of] p1b: Sneasler\n|move|p1a: Basculegion|Flip Turn|p2a: Farigiraf\n|-damage|p2a: Farigiraf|68/100\n|\n|t:|1776277442\n|switch|p1a: Clefable|Clefable, L50, F|100/100|[from] Flip Turn\n|\n|upkeep\n|turn|2\n|\n|t:|1776277452\n|switch|p2b: Whimsicott|Whimsicott, L50, M|100/100\n|move|p1b: Sneasler|Protect|p1b: Sneasler\n|-singleturn|p1b: Sneasler|Protect\n|move|p2a: Farigiraf|Psychic|p1b: Sneasler\n|-activate|p1b: Sneasler|move: Protect\n|move|p1a: Clefable|Moonblast|p2b: Whimsicott\n|-damage|p2b: Whimsicott|46/100\n|\n|upkeep\n|turn|3\n|\n|t:|1776277462\n|move|p1a: Clefable|Follow Me|p1a: Clefable\n|-singleturn|p1a: Clefable|move: Follow Me\n|move|p2b: Whimsicott|Tailwind|p2b: Whimsicott\n|-sidestart|p2: Laxidaze3|move: Tailwind\n|move|p1b: Sneasler|Dire Claw|p2b: Whimsicott\n|-supereffective|p2b: Whimsicott|2\n|-damage|p2b: Whimsicott|0 fnt\n|faint|p2b: Whimsicott\n|move|p2a: Farigiraf|Hyper Voice|p1a: Clefable|[spread] p1a,p1b\n|-damage|p1a: Clefable|74/100\n|-damage|p1b: Sneasler|65/100\n|\n|upkeep\n|\n|t:|1776277468\n|switch|p2b: Charizard|Charizard, L50, M|100/100\n|turn|4\n|\n|t:|1776277479\n|detailschange|p2b: Charizard|Charizard-Mega-Y, L50, M\n|-mega|p2b: Charizard|Charizard|Charizardite Y\n|-weather|SunnyDay|[from] ability: Drought|[of] p2b: Charizard\n|move|p2a: Farigiraf|Helping Hand|p2b: Charizard\n|-singleturn|p2b: Charizard|Helping Hand|[of] p2a: Farigiraf\n|move|p1a: Clefable|Follow Me|p1a: Clefable\n|-singleturn|p1a: Clefable|move: Follow Me\n|move|p2b: Charizard|Heat Wave|p1b: Sneasler|[spread] p1a,p1b\n|-damage|p1a: Clefable|0 fnt\n|-damage|p1b: Sneasler|0 fnt\n|faint|p1a: Clefable\n|faint|p1b: Sneasler\n|\n|-weather|SunnyDay|[upkeep]\n|upkeep\n|\n|t:|1776277486\n|switch|p1b: Delphox|Delphox, L50, F|100/100\n|switch|p1a: Basculegion|Basculegion, L50, M|100/100\n|turn|5\n|\n|t:|1776277507\n|detailschange|p1b: Delphox|Delphox-Mega, L50, F\n|-mega|p1b: Delphox|Delphox|Delphoxite\n|move|p2b: Charizard|Solar Beam||[still]\n|-prepare|p2b: Charizard|Solar Beam\n|-anim|p2b: Charizard|Solar Beam|p1a: Basculegion\n|-supereffective|p1a: Basculegion|1\n|-damage|p1a: Basculegion|0 fnt\n|faint|p1a: Basculegion\n|move|p1b: Delphox|Nasty Plot|p1b: Delphox\n|-boost|p1b: Delphox|spa|2\n|move|p2a: Farigiraf|Hyper Voice|p1b: Delphox\n|-damage|p1b: Delphox|64/100\n|\n|-weather|SunnyDay|[upkeep]\n|upkeep\n|turn|6\n|\n|t:|1776277526\n|move|p1b: Delphox|Protect|p1b: Delphox\n|-singleturn|p1b: Delphox|Protect\n|move|p2b: Charizard|Air Slash|p1b: Delphox\n|-activate|p1b: Delphox|move: Protect\n|move|p2a: Farigiraf|Trick Room|p2a: Farigiraf\n|-fieldstart|move: Trick Room|[of] p2a: Farigiraf\n|\n|-weather|SunnyDay|[upkeep]\n|-sideend|p2: Laxidaze3|move: Tailwind\n|upkeep\n|turn|7\n|c|\u2606EmptyVoid84|ur actually weird for that\n|c|\u2606Laxidaze3|what\n|\n|t:|1776277550\n|move|p2a: Farigiraf|Helping Hand|p2b: Charizard\n|-singleturn|p2b: Charizard|Helping Hand|[of] p2a: Farigiraf\n|move|p2b: Charizard|Air Slash|p1b: Delphox\n|-damage|p1b: Delphox|0 fnt\n|faint|p1b: Delphox\n|\n|win|Laxidaze3\n|raw|EmptyVoid84's rating: 1333 &rarr; <strong>1315</strong><br />(-18 for losing)\n|raw|Laxidaze3's rating: 1367 &rarr; <strong>1385</strong><br />(+18 for winning)\n|l|\u2606EmptyVoid84\n|player|p1|\n|c|\u2606Laxidaze3|It was way better to do that\n",
  "uploadtime": 1776277563,
  "views": 31,
  "formatid": "gen9championsvgc2026regma",
  "rating": 1315,
  "private": 0,
  "password": null
}