{
  "id": "gen9championsvgc2026regma-2587265734",
  "format": "[Gen 9 Champions] VGC 2026 Reg M-A",
  "players": [
    "Yaoshi",
    "Lin25"
  ],
  "log": "|j|\u2606Yaoshi\n|j|\u2606Lin25\n|t:|1776516193\n|gametype|doubles\n|player|p1|Yaoshi|steven-masters3|1095\n|player|p2|Lin25|ash-kalos|1146\n|gen|9\n|tier|[Gen 9 Champions] VGC 2026 Reg M-A\n|rated|\n|rule|Species Clause: Limit one of each Pok\u00e9mon\n|rule|Item Clause: Limit 1 of each item\n|clearpoke\n|poke|p1|Hawlucha, L50, F|\n|poke|p1|Excadrill, L50, M|\n|poke|p1|Aerodactyl, L50, M, shiny|\n|poke|p1|Floette-Eternal, L50, F, shiny|\n|poke|p1|Torkoal, L50, M|\n|poke|p1|Typhlosion-Hisui, L50, M|\n|poke|p2|Whimsicott, L50, F|\n|poke|p2|Charizard, L50, F|\n|poke|p2|Ninetales-Alola, L50, M|\n|poke|p2|Incineroar, L50, F|\n|poke|p2|Garchomp, L50, M|\n|poke|p2|Sneasler, L50, M|\n|teampreview|4\n|inactive|Battle timer is ON: inactive players will automatically lose when time's up. (requested by Yaoshi)\n|inactive|Lin25 has 60 seconds left.\n|inactive|Lin25 has 30 seconds left.\n|inactive|Lin25 has 20 seconds left.\n|inactive|Lin25 has 15 seconds left.\n|\n|t:|1776516272\n|teamsize|p1|4\n|teamsize|p2|4\n|start\n|switch|p1a: Floette|Floette-Eternal, L50, F, shiny|100/100\n|switch|p1b: Aerodactyl|Aerodactyl, L50, M, shiny|100/100\n|switch|p2a: Whimsicott|Whimsicott, L50, F|100/100\n|switch|p2b: Garchomp|Garchomp, L50, M|100/100\n|-ability|p1b: Aerodactyl|Unnerve\n|turn|1\n|\n|t:|1776516285\n|detailschange|p1a: Floette|Floette-Mega, L50, F, shiny\n|-mega|p1a: Floette|Floette|Floettite\n|-ability|p1a: Floette|Fairy Aura\n|move|p2a: Whimsicott|Tailwind|p2a: Whimsicott\n|-sidestart|p2: Lin25|move: Tailwind\n|move|p2b: Garchomp|Rock Slide|p1b: Aerodactyl|[spread] p1a,p1b\n|-supereffective|p1b: Aerodactyl|1\n|-damage|p1a: Floette|73/100\n|-damage|p1b: Aerodactyl|27/100\n|move|p1b: Aerodactyl|Rock Slide|p2b: Garchomp|[spread] p2b\n|-miss|p1b: Aerodactyl|p2a: Whimsicott\n|-resisted|p2b: Garchomp|1\n|-damage|p2b: Garchomp|89/100\n|cant|p1a: Floette|flinch\n|\n|upkeep\n|turn|2\n|inactive|Lin25 has 30 seconds left.\n|\n|t:|1776516316\n|move|p2b: Garchomp|Rock Slide|p1b: Aerodactyl|[spread] p1a,p1b\n|-supereffective|p1b: Aerodactyl|1\n|-damage|p1a: Floette|45/100\n|-damage|p1b: Aerodactyl|0 fnt\n|faint|p1b: Aerodactyl\n|move|p2a: Whimsicott|Moonblast|p1a: Floette\n|-damage|p1a: Floette|7/100\n|move|p1a: Floette|Dazzling Gleam|p2a: Whimsicott|[spread] p2a,p2b\n|-supereffective|p2b: Garchomp|1\n|-damage|p2a: Whimsicott|23/100\n|-damage|p2b: Garchomp|0 fnt\n|faint|p2b: Garchomp\n|\n|upkeep\n|inactive|Lin25 has 30 seconds left.\n|inactive|Lin25 has 20 seconds left.\n|inactive|Lin25 has 15 seconds left.\n|inactive|Lin25 has 10 seconds left.\n|\n|t:|1776516366\n|switch|p1b: Torkoal|Torkoal, L50, M|100/100\n|switch|p2b: Sneasler|Sneasler, L50, M|100/100\n|-weather|SunnyDay|[from] ability: Drought|[of] p1b: Torkoal\n|turn|3\n|inactive|Lin25 has 30 seconds left.\n|\n|t:|1776516396\n|move|p1a: Floette|Protect|p1a: Floette\n|-singleturn|p1a: Floette|Protect\n|move|p2b: Sneasler|Close Combat|p1a: Floette\n|-activate|p1a: Floette|move: Protect\n|move|p2a: Whimsicott|Moonblast|p1b: Torkoal\n|-resisted|p1b: Torkoal|1\n|-damage|p1b: Torkoal|68/100\n|move|p1b: Torkoal|Flamethrower|p2a: Whimsicott\n|-supereffective|p2a: Whimsicott|1\n|-damage|p2a: Whimsicott|0 fnt\n|faint|p2a: Whimsicott\n|\n|-weather|SunnyDay|[upkeep]\n|-heal|p1b: Torkoal|75/100|[from] item: Leftovers\n|upkeep\n|\n|t:|1776516405\n|switch|p2a: Charizard|Charizard, L50, F|100/100\n|turn|4\n|inactive|Lin25 has 30 seconds left.\n|\n|t:|1776516437\n|detailschange|p2a: Charizard|Charizard-Mega-Y, L50, F\n|-mega|p2a: Charizard|Charizard|Charizardite Y\n|move|p2b: Sneasler|Close Combat|p1b: Torkoal\n|-damage|p1b: Torkoal|39/100\n|-unboost|p2b: Sneasler|def|1\n|-unboost|p2b: Sneasler|spd|1\n|-enditem|p2b: Sneasler|White Herb\n|-clearnegativeboost|p2b: Sneasler|[silent]\n|move|p2a: Charizard|Heat Wave|p1a: Floette|[spread] p1a,p1b\n|-resisted|p1b: Torkoal|1\n|-damage|p1a: Floette|0 fnt\n|-damage|p1b: Torkoal|0 fnt\n|faint|p1a: Floette\n|faint|p1b: Torkoal\n|\n|-weather|SunnyDay|[upkeep]\n|-sideend|p2: Lin25|move: Tailwind\n|upkeep\n|\n|t:|1776516444\n|switch|p1b: Typhlosion|Typhlosion-Hisui, L50, M|100/100\n|turn|5\n|\n|t:|1776516462\n|move|p2b: Sneasler|Rock Slide|p1b: Typhlosion\n|-supereffective|p1b: Typhlosion|1\n|-damage|p1b: Typhlosion|30/100\n|move|p1b: Typhlosion|Eruption|p2b: Sneasler|[spread] p2a,p2b\n|-resisted|p2a: Charizard|1\n|-damage|p2a: Charizard|82/100\n|-damage|p2b: Sneasler|48/100\n|move|p2a: Charizard|Weather Ball|p1b: Typhlosion\n|-resisted|p1b: Typhlosion|1\n|-damage|p1b: Typhlosion|0 fnt\n|faint|p1b: Typhlosion\n|\n|win|Lin25\n|raw|Yaoshi's rating: 1095 &rarr; <strong>1074</strong><br />(-21 for losing)\n|raw|Lin25's rating: 1146 &rarr; <strong>1167</strong><br />(+21 for winning)\n|l|\u2606Yaoshi\n|player|p1|\n",
  "uploadtime": 1776516472,
  "views": 12,
  "formatid": "gen9championsvgc2026regma",
  "rating": 1074,
  "private": 0,
  "password": null
}