{
  "id": "gen9championsvgc2026regma-2587138152",
  "format": "[Gen 9 Champions] VGC 2026 Reg M-A",
  "players": [
    "the_muk_and_only",
    "MilkTeaWayGalaxy"
  ],
  "log": "|j|\u2606the_muk_and_only\n|j|\u2606MilkTeaWayGalaxy\n|t:|1776498941\n|gametype|doubles\n|player|p1|the_muk_and_only|102|1269\n|player|p2|MilkTeaWayGalaxy|rosa-pokestar3|1361\n|gen|9\n|tier|[Gen 9 Champions] VGC 2026 Reg M-A\n|rated|\n|rule|Species Clause: Limit one of each Pok\u00e9mon\n|rule|Item Clause: Limit 1 of each item\n|clearpoke\n|poke|p1|Glimmora, L50, M, shiny|\n|poke|p1|Corviknight, L50, M|\n|poke|p1|Volcarona, L50, F|\n|poke|p1|Garchomp, L50, M|\n|poke|p1|Gyarados, L50, F, shiny|\n|poke|p1|Ninetales-Alola, L50, F, shiny|\n|poke|p2|Milotic, L50, M|\n|poke|p2|Froslass, L50, F|\n|poke|p2|Sneasler, L50, F|\n|poke|p2|Gyarados, L50, F|\n|poke|p2|Incineroar, L50, M|\n|poke|p2|Sinistcha, L50|\n|teampreview|4\n|inactive|Battle timer is ON: inactive players will automatically lose when time's up. (requested by the_muk_and_only)\n|\n|t:|1776498995\n|teamsize|p1|4\n|teamsize|p2|4\n|start\n|switch|p1a: Touch Me|Glimmora, L50, M, shiny|100/100\n|switch|p1b: Gerald|Corviknight, L50, M|100/100\n|switch|p2a: Froslass|Froslass, L50, F|100/100\n|switch|p2b: Incineroar|Incineroar, L50, M|100/100\n|-ability|p2b: Incineroar|Intimidate|boost\n|-unboost|p1a: Touch Me|atk|1\n|-ability|p1b: Gerald|Mirror Armor\n|-unboost|p2b: Incineroar|atk|1\n|turn|1\n|inactive|the_muk_and_only has 30 seconds left.\n|\n|t:|1776499023\n|switch|p1a: Mr Burns|Volcarona, L50, F|100/100\n|detailschange|p2a: Froslass|Froslass-Mega, L50, F\n|-mega|p2a: Froslass|Froslass|Froslassite\n|-weather|Snowscape|[from] ability: Snow Warning|[of] p2a: Froslass\n|move|p2a: Froslass|Aurora Veil|p2a: Froslass\n|-sidestart|p2: MilkTeaWayGalaxy|move: Aurora Veil\n|move|p1b: Gerald|Iron Defense|p1b: Gerald\n|-boost|p1b: Gerald|def|2\n|move|p2b: Incineroar|Parting Shot|p1a: Mr Burns\n|-unboost|p1a: Mr Burns|atk|1\n|-unboost|p1a: Mr Burns|spa|1\n|\n|t:|1776499038\n|switch|p2b: Milotic|Milotic, L50, M|100/100|[from] Parting Shot\n|\n|-weather|Snowscape|[upkeep]\n|upkeep\n|turn|2\n|\n|t:|1776499056\n|move|p2a: Froslass|Blizzard|p1b: Gerald|[spread] p1a,p1b\n|-resisted|p1a: Mr Burns|1\n|-crit|p1b: Gerald\n|-damage|p1a: Mr Burns|82/100\n|-damage|p1b: Gerald|55/100\n|move|p1a: Mr Burns|Tailwind|p1a: Mr Burns\n|-sidestart|p1: the_muk_and_only|move: Tailwind\n|move|p1b: Gerald|Body Press|p2b: Milotic\n|-damage|p2b: Milotic|76/100\n|move|p2b: Milotic|Scald|p1a: Mr Burns\n|-supereffective|p1a: Mr Burns|1\n|-damage|p1a: Mr Burns|31/100\n|-enditem|p1a: Mr Burns|Sitrus Berry|[eat]\n|-heal|p1a: Mr Burns|56/100|[from] item: Sitrus Berry\n|\n|-weather|Snowscape|[upkeep]\n|-heal|p1b: Gerald|61/100|[from] item: Leftovers\n|upkeep\n|turn|3\n|inactive|the_muk_and_only has 30 seconds left.\n|inactive|the_muk_and_only has 20 seconds left.\n|inactive|the_muk_and_only has 15 seconds left.\n|\n|t:|1776499099\n|move|p1a: Mr Burns|Heat Wave|p2b: Milotic|[spread] p2b\n|-miss|p1a: Mr Burns|p2a: Froslass\n|-resisted|p2b: Milotic|1\n|-damage|p2b: Milotic|70/100\n|move|p2a: Froslass|Blizzard|p1b: Gerald|[spread] p1a,p1b\n|-resisted|p1a: Mr Burns|1\n|-damage|p1a: Mr Burns|37/100\n|-damage|p1b: Gerald|35/100\n|-status|p1a: Mr Burns|frz\n|move|p1b: Gerald|Iron Defense|p1b: Gerald\n|-boost|p1b: Gerald|def|2\n|move|p2b: Milotic|Scald|p1a: Mr Burns\n|-supereffective|p1a: Mr Burns|1\n|-damage|p1a: Mr Burns|0 fnt\n|faint|p1a: Mr Burns\n|\n|-weather|Snowscape|[upkeep]\n|-heal|p1b: Gerald|40/100|[from] item: Leftovers\n|upkeep\n|\n|t:|1776499123\n|switch|p1a: Onyxia|Gyarados, L50, F, shiny|100/100\n|-ability|p1a: Onyxia|Intimidate|boost\n|-unboost|p2a: Froslass|atk|1\n|-unboost|p2b: Milotic|atk|1\n|-ability|p2b: Milotic|Competitive|boost\n|-boost|p2b: Milotic|spa|2\n|turn|4\n|\n|t:|1776499134\n|switch|p2a: Incineroar|Incineroar, L50, M|100/100\n|-ability|p2a: Incineroar|Intimidate|boost\n|-unboost|p1a: Onyxia|atk|1\n|-ability|p1b: Gerald|Mirror Armor\n|-unboost|p2a: Incineroar|atk|1\n|move|p1a: Onyxia|Dragon Dance|p1a: Onyxia\n|-boost|p1a: Onyxia|atk|1\n|-boost|p1a: Onyxia|spe|1\n|move|p1b: Gerald|Roost|p1b: Gerald\n|-heal|p1b: Gerald|91/100\n|-singleturn|p1b: Gerald|move: Roost\n|move|p2b: Milotic|Scald|p1b: Gerald\n|-damage|p1b: Gerald|51/100\n|-status|p1b: Gerald|brn\n|\n|-weather|Snowscape|[upkeep]\n|-heal|p1b: Gerald|57/100 brn|[from] item: Leftovers\n|-damage|p1b: Gerald|51/100 brn|[from] brn\n|upkeep\n|turn|5\n|inactive|the_muk_and_only has 30 seconds left.\n|inactive|MilkTeaWayGalaxy has 30 seconds left.\n|\n|t:|1776499172\n|move|p1b: Gerald|Protect|p1b: Gerald\n|-singleturn|p1b: Gerald|Protect\n|move|p1a: Onyxia|Dragon Dance|p1a: Onyxia\n|-boost|p1a: Onyxia|atk|1\n|-boost|p1a: Onyxia|spe|1\n|move|p2b: Milotic|Scald|p1b: Gerald\n|-activate|p1b: Gerald|move: Protect\n|move|p2a: Incineroar|Parting Shot|p1a: Onyxia\n|-unboost|p1a: Onyxia|atk|1\n|-unboost|p1a: Onyxia|spa|1\n|\n|t:|1776499176\n|switch|p2a: Gyarados|Gyarados, L50, F|100/100|[from] Parting Shot\n|-ability|p2a: Gyarados|Intimidate|boost\n|-unboost|p1a: Onyxia|atk|1\n|-ability|p1b: Gerald|Mirror Armor\n|-unboost|p2a: Gyarados|atk|1\n|\n|-weather|none\n|-heal|p1b: Gerald|57/100 brn|[from] item: Leftovers\n|-damage|p1b: Gerald|51/100 brn|[from] brn\n|-sideend|p1: the_muk_and_only|move: Tailwind\n|-sideend|p2: MilkTeaWayGalaxy|move: Aurora Veil\n|upkeep\n|turn|6\n|inactive|the_muk_and_only has 30 seconds left.\n|\n|t:|1776499209\n|switch|p2a: Incineroar|Incineroar, L50, M|100/100\n|-ability|p2a: Incineroar|Intimidate|boost\n|-unboost|p1a: Onyxia|atk|1\n|-ability|p1b: Gerald|Mirror Armor\n|-unboost|p2a: Incineroar|atk|1\n|move|p1a: Onyxia|Dragon Dance|p1a: Onyxia\n|-boost|p1a: Onyxia|atk|1\n|-boost|p1a: Onyxia|spe|1\n|move|p2b: Milotic|Scald|p1a: Onyxia\n|-resisted|p1a: Onyxia|1\n|-damage|p1a: Onyxia|71/100\n|move|p1b: Gerald|Body Press|p2b: Milotic\n|-damage|p2b: Milotic|43/100\n|-enditem|p2b: Milotic|Sitrus Berry|[eat]\n|-heal|p2b: Milotic|68/100|[from] item: Sitrus Berry\n|\n|-heal|p1b: Gerald|57/100 brn|[from] item: Leftovers\n|-damage|p1b: Gerald|51/100 brn|[from] brn\n|upkeep\n|turn|7\n|inactive|the_muk_and_only has 30 seconds left.\n|inactive|MilkTeaWayGalaxy has 30 seconds left.\n|\n|t:|1776499236\n|move|p1a: Onyxia|Protect|p1a: Onyxia\n|-singleturn|p1a: Onyxia|Protect\n|move|p2a: Incineroar|Fake Out|p1b: Gerald\n|-resisted|p1b: Gerald|1\n|-damage|p1b: Gerald|50/100 brn\n|move|p2b: Milotic|Scald|p1a: Onyxia\n|-activate|p1a: Onyxia|move: Protect\n|cant|p1b: Gerald|flinch\n|\n|-heal|p1b: Gerald|56/100 brn|[from] item: Leftovers\n|-damage|p1b: Gerald|50/100 brn|[from] brn\n|upkeep\n|turn|8\n|\n|t:|1776499258\n|switch|p2a: Froslass|Froslass-Mega, L50, F|100/100\n|-weather|Snowscape|[from] ability: Snow Warning|[of] p2a: Froslass\n|move|p1a: Onyxia|Crunch|p2b: Milotic\n|-damage|p2b: Milotic|50/100\n|move|p2b: Milotic|Scald|p1a: Onyxia\n|-resisted|p1a: Onyxia|1\n|-damage|p1a: Onyxia|45/100\n|move|p1b: Gerald|Body Press|p2b: Milotic\n|-damage|p2b: Milotic|23/100\n|\n|-weather|Snowscape|[upkeep]\n|-heal|p1b: Gerald|56/100 brn|[from] item: Leftovers\n|-damage|p1b: Gerald|50/100 brn|[from] brn\n|upkeep\n|turn|9\n|\n|t:|1776499283\n|move|p2b: Milotic|Protect|p2b: Milotic\n|-singleturn|p2b: Milotic|Protect\n|move|p1a: Onyxia|Crunch|p2a: Froslass\n|-supereffective|p2a: Froslass|1\n|-damage|p2a: Froslass|63/100\n|move|p2a: Froslass|Aurora Veil|p2a: Froslass\n|-sidestart|p2: MilkTeaWayGalaxy|move: Aurora Veil\n|move|p1b: Gerald|Roost|p1b: Gerald\n|-heal|p1b: Gerald|100/100 brn\n|-singleturn|p1b: Gerald|move: Roost\n|\n|-weather|Snowscape|[upkeep]\n|-damage|p1b: Gerald|95/100 brn|[from] brn\n|upkeep\n|turn|10\n|inactive|the_muk_and_only has 30 seconds left.\n|\n|t:|1776499308\n|switch|p2a: Incineroar|Incineroar, L50, M|100/100\n|-ability|p2a: Incineroar|Intimidate|boost\n|-unboost|p1a: Onyxia|atk|1\n|-ability|p1b: Gerald|Mirror Armor\n|-unboost|p2a: Incineroar|atk|1\n|move|p1a: Onyxia|Crunch|p2b: Milotic\n|-damage|p2b: Milotic|13/100\n|move|p2b: Milotic|Recover|p2b: Milotic\n|-heal|p2b: Milotic|63/100\n|move|p1b: Gerald|Body Press|p2b: Milotic\n|-damage|p2b: Milotic|44/100\n|\n|-weather|Snowscape|[upkeep]\n|-heal|p1b: Gerald|100/100 brn|[from] item: Leftovers\n|-damage|p1b: Gerald|95/100 brn|[from] brn\n|upkeep\n|turn|11\n|\n|t:|1776499332\n|switch|p2a: Gyarados|Gyarados, L50, F|100/100\n|-ability|p2a: Gyarados|Intimidate|boost\n|-unboost|p1a: Onyxia|atk|1\n|-ability|p1b: Gerald|Mirror Armor\n|-unboost|p2a: Gyarados|atk|1\n|move|p1a: Onyxia|Protect|p1a: Onyxia\n|-singleturn|p1a: Onyxia|Protect\n|move|p2b: Milotic|Recover|p2b: Milotic\n|-heal|p2b: Milotic|94/100\n|move|p1b: Gerald|Iron Defense|p1b: Gerald\n|-boost|p1b: Gerald|def|2\n|\n|-weather|Snowscape|[upkeep]\n|-heal|p1b: Gerald|100/100 brn|[from] item: Leftovers\n|-damage|p1b: Gerald|95/100 brn|[from] brn\n|upkeep\n|turn|12\n|\n|t:|1776499357\n|switch|p1a: Touch Me|Glimmora, L50, M, shiny|100/100\n|move|p2a: Gyarados|Dragon Dance|p2a: Gyarados\n|-boost|p2a: Gyarados|atk|1\n|-boost|p2a: Gyarados|spe|1\n|move|p2b: Milotic|Scald|p1a: Touch Me\n|-supereffective|p1a: Touch Me|1\n|-damage|p1a: Touch Me|0 fnt\n|faint|p1a: Touch Me\n|move|p1b: Gerald|Body Press|p2b: Milotic\n|-damage|p2b: Milotic|73/100\n|\n|-weather|none\n|-heal|p1b: Gerald|100/100 brn|[from] item: Leftovers\n|-damage|p1b: Gerald|95/100 brn|[from] brn\n|upkeep\n|-message|the_muk_and_only forfeited.\n|\n|win|MilkTeaWayGalaxy\n|raw|the_muk_and_only's rating: 1269 &rarr; <strong>1250</strong><br />(-19 for losing)\n|raw|MilkTeaWayGalaxy's rating: 1361 &rarr; <strong>1376</strong><br />(+15 for winning)\n|l|\u2606the_muk_and_only\n|player|p1|\n",
  "uploadtime": 1776499381,
  "views": 40,
  "formatid": "gen9championsvgc2026regma",
  "rating": 1250,
  "private": 0,
  "password": null
}