{
  "id": "gen9championsvgc2026regma-2584776915",
  "format": "[Gen 9 Champions] VGC 2026 Reg M-A",
  "players": [
    "WaluigiVGC",
    "bigshrimpin26"
  ],
  "log": "|j|\u2606WaluigiVGC\n|j|\u2606bigshrimpin26\n|t:|1776282901\n|gametype|doubles\n|player|p1|WaluigiVGC|101|1165\n|player|p2|bigshrimpin26|nate|1220\n|gen|9\n|tier|[Gen 9 Champions] VGC 2026 Reg M-A\n|rated|\n|rule|Species Clause: Limit one of each Pok\u00e9mon\n|rule|Item Clause: Limit 1 of each item\n|clearpoke\n|poke|p1|Sneasler, L50, F|\n|poke|p1|Pelipper, L50, F|\n|poke|p1|Basculegion, L50, M|\n|poke|p1|Incineroar, L50, F|\n|poke|p1|Floette-Eternal, L50, F|\n|poke|p1|Sinistcha, L50|\n|poke|p2|Pelipper, L50, M|\n|poke|p2|Meganium, L50, M|\n|poke|p2|Archaludon, L50, F|\n|poke|p2|Klefki, L50, M|\n|poke|p2|Dragonite, L50, F|\n|poke|p2|Basculegion, L50, M|\n|teampreview|4\n|inactive|Battle timer is ON: inactive players will automatically lose when time's up. (requested by bigshrimpin26)\n|inactive|bigshrimpin26 has 60 seconds left.\n|\n|t:|1776282947\n|teamsize|p1|4\n|teamsize|p2|4\n|start\n|switch|p1a: Sneasler|Sneasler, L50, F|100/100\n|switch|p1b: Floette|Floette-Eternal, L50, F|100/100\n|switch|p2a: Klefki|Klefki, L50, M|100/100\n|switch|p2b: Basculegion|Basculegion, L50, M|100/100\n|turn|1\n|inactive|WaluigiVGC has 30 seconds left.\n|inactive|WaluigiVGC has 20 seconds left.\n|\n|t:|1776282983\n|switch|p1a: Sinistcha|Sinistcha, L50|100/100\n|move|p1b: Floette|Protect|p1b: Floette\n|-singleturn|p1b: Floette|Protect\n|move|p2a: Klefki|Rain Dance|p2a: Klefki\n|-weather|RainDance\n|move|p2b: Basculegion|Wave Crash|p1b: Floette\n|-activate|p1b: Floette|move: Protect\n|\n|-weather|RainDance|[upkeep]\n|upkeep\n|turn|2\n|inactive|bigshrimpin26 has 30 seconds left.\n|\n|t:|1776283009\n|detailschange|p1b: Floette|Floette-Mega, L50, F\n|-mega|p1b: Floette|Floette|Floettite\n|-ability|p1b: Floette|Fairy Aura\n|move|p1a: Sinistcha|Rage Powder|p1a: Sinistcha\n|-singleturn|p1a: Sinistcha|move: Rage Powder\n|move|p2a: Klefki|Light Screen|p2a: Klefki\n|-sidestart|p2: bigshrimpin26|move: Light Screen\n|move|p2b: Basculegion|Wave Crash|p1a: Sinistcha\n|-resisted|p1a: Sinistcha|1\n|-damage|p1a: Sinistcha|58/100\n|-damage|p2b: Basculegion|88/100|[from] Recoil\n|move|p1b: Floette|Calm Mind|p1b: Floette\n|-boost|p1b: Floette|spa|1\n|-boost|p1b: Floette|spd|1\n|\n|-weather|RainDance|[upkeep]\n|upkeep\n|turn|3\n|inactive|WaluigiVGC has 30 seconds left.\n|\n|t:|1776283036\n|move|p1a: Sinistcha|Rage Powder|p1a: Sinistcha\n|-singleturn|p1a: Sinistcha|move: Rage Powder\n|move|p2b: Basculegion|Wave Crash|p1a: Sinistcha\n|-resisted|p1a: Sinistcha|1\n|-damage|p1a: Sinistcha|20/100\n|-enditem|p1a: Sinistcha|Sitrus Berry|[eat]\n|-heal|p1a: Sinistcha|45/100|[from] item: Sitrus Berry\n|-damage|p2b: Basculegion|77/100|[from] Recoil\n|move|p1b: Floette|Dazzling Gleam|p2b: Basculegion|[spread] p2a,p2b\n|-resisted|p2a: Klefki|1\n|-damage|p2a: Klefki|75/100\n|-damage|p2b: Basculegion|22/100\n|move|p2a: Klefki|Dazzling Gleam|p1a: Sinistcha|[spread] p1a,p1b\n|-damage|p1a: Sinistcha|16/100\n|-damage|p1b: Floette|89/100\n|\n|-weather|RainDance|[upkeep]\n|upkeep\n|turn|4\n|\n|t:|1776283058\n|move|p1a: Sinistcha|Rage Powder|p1a: Sinistcha\n|-singleturn|p1a: Sinistcha|move: Rage Powder\n|move|p2b: Basculegion|Wave Crash|p1a: Sinistcha\n|-resisted|p1a: Sinistcha|1\n|-damage|p1a: Sinistcha|0 fnt\n|faint|p1a: Sinistcha\n|-damage|p2b: Basculegion|18/100|[from] Recoil\n|move|p1b: Floette|Dazzling Gleam|p2b: Basculegion|[spread] p2a,p2b\n|-resisted|p2a: Klefki|1\n|-damage|p2a: Klefki|50/100\n|-damage|p2b: Basculegion|0 fnt\n|-enditem|p2a: Klefki|Sitrus Berry|[eat]\n|-heal|p2a: Klefki|75/100|[from] item: Sitrus Berry\n|faint|p2b: Basculegion\n|move|p2a: Klefki|Dazzling Gleam|p1b: Floette\n|-damage|p1b: Floette|72/100\n|\n|-weather|RainDance|[upkeep]\n|upkeep\n|\n|t:|1776283076\n|switch|p2b: Archaludon|Archaludon, L50, F|100/100\n|switch|p1a: Sneasler|Sneasler, L50, F|100/100\n|turn|5\n|\n|t:|1776283088\n|move|p2b: Archaludon|Protect|p2b: Archaludon\n|-singleturn|p2b: Archaludon|Protect\n|move|p1a: Sneasler|Close Combat|p2b: Archaludon\n|-activate|p2b: Archaludon|move: Protect\n|move|p1b: Floette|Dazzling Gleam|p2b: Archaludon|[spread] p2a\n|-activate|p2b: Archaludon|move: Protect\n|-resisted|p2a: Klefki|1\n|-damage|p2a: Klefki|49/100\n|move|p2a: Klefki|Dazzling Gleam|p1a: Sneasler|[spread] p1a,p1b\n|-damage|p1a: Sneasler|71/100\n|-damage|p1b: Floette|59/100\n|\n|-weather|none\n|upkeep\n|turn|6\n|\n|t:|1776283107\n|move|p2a: Klefki|Rain Dance|p2a: Klefki\n|-weather|RainDance\n|move|p1a: Sneasler|Close Combat|p2b: Archaludon\n|-supereffective|p2b: Archaludon|1\n|-damage|p2b: Archaludon|5/100\n|-unboost|p1a: Sneasler|def|1\n|-unboost|p1a: Sneasler|spd|1\n|-enditem|p1a: Sneasler|White Herb\n|-clearnegativeboost|p1a: Sneasler|[silent]\n|move|p1b: Floette|Dazzling Gleam|p2a: Klefki|[spread] p2a,p2b\n|-resisted|p2a: Klefki|1\n|-damage|p2a: Klefki|22/100\n|-damage|p2b: Archaludon|0 fnt\n|faint|p2b: Archaludon\n|\n|-weather|RainDance|[upkeep]\n|-sideend|p2: bigshrimpin26|move: Light Screen\n|upkeep\n|\n|t:|1776283117\n|switch|p2b: Dragonite|Dragonite, L50, F|100/100\n|turn|7\n|\n|t:|1776283128\n|detailschange|p2b: Dragonite|Dragonite-Mega, L50, F\n|-mega|p2b: Dragonite|Dragonite|Dragoninite\n|move|p1a: Sneasler|Dire Claw|p2b: Dragonite\n|-damage|p2b: Dragonite|83/100\n|move|p2b: Dragonite|Hurricane|p1b: Floette\n|-damage|p1b: Floette|27/100\n|move|p1b: Floette|Dazzling Gleam|p2b: Dragonite|[spread] p2a,p2b\n|-resisted|p2a: Klefki|1\n|-supereffective|p2b: Dragonite|1\n|-crit|p2b: Dragonite\n|-damage|p2a: Klefki|0 fnt\n|-damage|p2b: Dragonite|0 fnt\n|faint|p2a: Klefki\n|faint|p2b: Dragonite\n|\n|win|WaluigiVGC\n|raw|WaluigiVGC's rating: 1165 &rarr; <strong>1194</strong><br />(+29 for winning)\n|raw|bigshrimpin26's rating: 1220 &rarr; <strong>1191</strong><br />(-29 for losing)\n|l|\u2606bigshrimpin26\n|player|p2|\n",
  "uploadtime": 1776283143,
  "views": 20,
  "formatid": "gen9championsvgc2026regma",
  "rating": 1191,
  "private": 0,
  "password": null
}