{
  "id": "gen9championsvgc2026regma-2586865610",
  "format": "[Gen 9 Champions] VGC 2026 Reg M-A",
  "players": [
    "takethephilpill",
    "Gallahallt"
  ],
  "log": "|j|\u2606takethephilpill\n|j|\u2606Gallahallt\n|t:|1776466604\n|gametype|doubles\n|player|p1|takethephilpill|#ptplviistarmies|1050\n|player|p2|Gallahallt|birdkeeper-gen6|1000\n|gen|9\n|tier|[Gen 9 Champions] VGC 2026 Reg M-A\n|rated|\n|rule|Species Clause: Limit one of each Pok\u00e9mon\n|rule|Item Clause: Limit 1 of each item\n|clearpoke\n|poke|p1|Sneasler, L50, M|\n|poke|p1|Skarmory, L50, F|\n|poke|p1|Noivern, L50, F|\n|poke|p1|Azumarill, L50, M|\n|poke|p1|Glalie, L50, F|\n|poke|p1|Sinistcha, L50|\n|poke|p2|Aerodactyl, L50, M|\n|poke|p2|Kommo-o, L50, M|\n|poke|p2|Sinistcha, L50|\n|poke|p2|Arcanine-Hisui, L50, M|\n|poke|p2|Ninetales-Alola, L50, F|\n|poke|p2|Basculegion, L50, M|\n|teampreview|4\n|inactive|Battle timer is ON: inactive players will automatically lose when time's up. (requested by takethephilpill)\ntakethephilpill rejected open team sheets.\n|inactive|Gallahallt has 60 seconds left.\n|inactive|takethephilpill has 60 seconds left.\n|\n|t:|1776466659\n|teamsize|p1|4\n|teamsize|p2|4\n|start\n|switch|p1a: Azumarill|Azumarill, L50, M|100/100\n|switch|p1b: Skarmory|Skarmory, L50, F|100/100\n|switch|p2a: Ninetales|Ninetales-Alola, L50, F|100/100\n|switch|p2b: Aerodactyl|Aerodactyl, L50, M|100/100\n|-ability|p2b: Aerodactyl|Unnerve\n|-weather|Snowscape|[from] ability: Snow Warning|[of] p2a: Ninetales\n|turn|1\n|\n|t:|1776466674\n|detailschange|p2b: Aerodactyl|Aerodactyl-Mega, L50, M\n|-mega|p2b: Aerodactyl|Aerodactyl|Aerodactylite\n|detailschange|p1b: Skarmory|Skarmory-Mega, L50, F\n|-mega|p1b: Skarmory|Skarmory|Skarmorite\n|move|p2b: Aerodactyl|Dual Wingbeat|p1a: Azumarill\n|-damage|p1a: Azumarill|69/100\n|-damage|p1a: Azumarill|38/100\n|-enditem|p1a: Azumarill|Sitrus Berry|[eat]\n|-heal|p1a: Azumarill|63/100|[from] item: Sitrus Berry\n|-hitcount|p1a: Azumarill|2\n|move|p1b: Skarmory|Iron Head|p2a: Ninetales\n|-supereffective|p2a: Ninetales|2\n|-damage|p2a: Ninetales|0 fnt\n|faint|p2a: Ninetales\n|move|p1a: Azumarill|Belly Drum|p1a: Azumarill\n|-damage|p1a: Azumarill|13/100\n|-setboost|p1a: Azumarill|atk|6|[from] move: Belly Drum\n|\n|-weather|Snowscape|[upkeep]\n|upkeep\n|\n|t:|1776466690\n|switch|p2a: Basculegion|Basculegion, L50, M|100/100\n|turn|2\n|\n|t:|1776466702\n|switch|p2b: Sinistcha|Sinistcha, L50|100/100\n|move|p1a: Azumarill|Aqua Jet|p2b: Sinistcha\n|-resisted|p2b: Sinistcha|1\n|-damage|p2b: Sinistcha|58/100\n|move|p2a: Basculegion|Flip Turn|p1a: Azumarill\n|-resisted|p1a: Azumarill|1\n|-damage|p1a: Azumarill|0 fnt\n|faint|p1a: Azumarill\n|\n|t:|1776466710\n|switch|p2a: Aerodactyl|Aerodactyl-Mega, L50, M|100/100|[from] Flip Turn\n|move|p1b: Skarmory|Brave Bird|p2a: Aerodactyl\n|-resisted|p2a: Aerodactyl|1\n|-damage|p2a: Aerodactyl|60/100\n|-damage|p1b: Skarmory|86/100|[from] Recoil\n|\n|-weather|Snowscape|[upkeep]\n|upkeep\n|\n|t:|1776466719\n|switch|p1a: Sinistcha|Sinistcha, L50|100/100\n|-heal|p1b: Skarmory|100/100|[from] ability: Hospitality|[of] p1a: Sinistcha\n|turn|3\n|\n|t:|1776466730\n|move|p2a: Aerodactyl|Dual Wingbeat|p1a: Sinistcha\n|-supereffective|p1a: Sinistcha|1\n|-damage|p1a: Sinistcha|40/100\n|-supereffective|p1a: Sinistcha|1\n|-damage|p1a: Sinistcha|0 fnt\n|faint|p1a: Sinistcha\n|-hitcount|p1: Sinistcha|2\n|move|p1b: Skarmory|Iron Head|p2a: Aerodactyl\n|-supereffective|p2a: Aerodactyl|1\n|-damage|p2a: Aerodactyl|0 fnt\n|faint|p2a: Aerodactyl\n|move|p2b: Sinistcha|Matcha Gotcha|p1b: Skarmory\n|-resisted|p1b: Skarmory|2\n|-damage|p1b: Skarmory|90/100\n|-heal|p2b: Sinistcha|63/100|[from] drain|[of] p1b: Skarmory\n|\n|-weather|Snowscape|[upkeep]\n|upkeep\n|\n|t:|1776466739\n|switch|p2a: Basculegion|Basculegion, L50, M|100/100\n|switch|p1a: Noivern|Noivern, L50, F|100/100\n|turn|4\n|\n|t:|1776466752\n|move|p2b: Sinistcha|Rage Powder|p2b: Sinistcha\n|-singleturn|p2b: Sinistcha|move: Rage Powder\n|move|p2a: Basculegion|Last Respects|p1a: Noivern\n|-enditem|p1a: Noivern|Focus Sash\n|-damage|p1a: Noivern|1/100\n|move|p1a: Noivern|Tailwind|p1a: Noivern\n|-sidestart|p1: takethephilpill|move: Tailwind\n|move|p1b: Skarmory|Brave Bird|p2a: Basculegion\n|-damage|p2a: Basculegion|15/100\n|-damage|p1b: Skarmory|51/100|[from] Recoil\n|\n|-weather|Snowscape|[upkeep]\n|upkeep\n|turn|5\n|\n|t:|1776466769\n|move|p1a: Noivern|Flamethrower|p2b: Sinistcha\n|-supereffective|p2b: Sinistcha|1\n|-damage|p2b: Sinistcha|16/100\n|-enditem|p2b: Sinistcha|Sitrus Berry|[eat]\n|-heal|p2b: Sinistcha|40/100|[from] item: Sitrus Berry\n|move|p1b: Skarmory|Rock Slide|p2a: Basculegion|[spread] p2a,p2b\n|-damage|p2a: Basculegion|0 fnt\n|-damage|p2b: Sinistcha|21/100\n|faint|p2a: Basculegion\n|move|p2b: Sinistcha|Matcha Gotcha|p1a: Noivern|[spread] p1a,p1b\n|-resisted|p1a: Noivern|2\n|-resisted|p1b: Skarmory|2\n|-damage|p1a: Noivern|0 fnt\n|-heal|p2b: Sinistcha|22/100|[from] drain|[of] p1a: Noivern\n|-damage|p1b: Skarmory|43/100\n|-heal|p2b: Sinistcha|25/100|[from] drain|[of] p1b: Skarmory\n|faint|p1a: Noivern\n|\n|-weather|none\n|upkeep\n|turn|6\n|\n|t:|1776466791\n|move|p1b: Skarmory|Brave Bird|p2b: Sinistcha\n|-supereffective|p2b: Sinistcha|1\n|-damage|p2b: Sinistcha|0 fnt\n|faint|p2b: Sinistcha\n|-damage|p1b: Skarmory|33/100|[from] Recoil\n|\n|win|takethephilpill\n|raw|takethephilpill's rating: 1050 &rarr; <strong>1078</strong><br />(+28 for winning)\n|raw|Gallahallt's rating: 1000 &rarr; <strong>1000</strong><br />(+0 for losing)\n",
  "uploadtime": 1776466793,
  "views": 34,
  "formatid": "gen9championsvgc2026regma",
  "rating": 1000,
  "private": 0,
  "password": null
}