{
  "id": "gen9championsvgc2026regma-2586870025",
  "format": "[Gen 9 Champions] VGC 2026 Reg M-A",
  "players": [
    "superG195",
    "Threazoenine"
  ],
  "log": "|j|\u2606superG195\n|j|\u2606Threazoenine\n|t:|1776467018\n|gametype|doubles\n|player|p1|superG195|brawly|1269\n|player|p2|Threazoenine|parasollady|1275\n|gen|9\n|tier|[Gen 9 Champions] VGC 2026 Reg M-A\n|rated|\n|rule|Species Clause: Limit one of each Pok\u00e9mon\n|rule|Item Clause: Limit 1 of each item\n|clearpoke\n|poke|p1|Kangaskhan, L50, F|\n|poke|p1|Typhlosion-Hisui, L50, M|\n|poke|p1|Aerodactyl, L50, M|\n|poke|p1|Milotic, L50, F|\n|poke|p1|Scizor, L50, F|\n|poke|p1|Garchomp, L50, M|\n|poke|p2|Glimmora, L50, F|\n|poke|p2|Gardevoir, L50, F|\n|poke|p2|Incineroar, L50, M|\n|poke|p2|Corviknight, L50, F|\n|poke|p2|Garchomp, L50, F|\n|poke|p2|Archaludon, L50, F|\n|teampreview|4\n|j| TioT0xXI\n|\n|t:|1776467089\n|teamsize|p1|4\n|teamsize|p2|4\n|start\n|switch|p1a: Milotic|Milotic, L50, F|100/100\n|switch|p1b: Garchomp|Garchomp, L50, M|100/100\n|switch|p2a: Corviknight|Corviknight, L50, F|100/100\n|switch|p2b: Garchomp|Garchomp, L50, F|100/100\n|turn|1\n|\n|t:|1776467122\n|switch|p2b: Gardevoir|Gardevoir, L50, F|100/100\n|move|p1b: Garchomp|Protect|p1b: Garchomp\n|-singleturn|p1b: Garchomp|Protect\n|move|p1a: Milotic|Icy Wind|p2b: Gardevoir|[spread] p2a,p2b\n|-damage|p2a: Corviknight|91/100\n|-damage|p2b: Gardevoir|88/100\n|-ability|p2a: Corviknight|Mirror Armor\n|-unboost|p1a: Milotic|spe|1\n|-ability|p1a: Milotic|Competitive|boost\n|-boost|p1a: Milotic|spa|2\n|-unboost|p2b: Gardevoir|spe|1\n|move|p2a: Corviknight|Tailwind|p2a: Corviknight\n|-sidestart|p2: Threazoenine|move: Tailwind\n|\n|-heal|p2a: Corviknight|97/100|[from] item: Leftovers\n|upkeep\n|turn|2\n|\n|t:|1776467154\n|switch|p1b: Kangaskhan|Kangaskhan, L50, F|100/100\n|move|p2b: Gardevoir|Moonblast|p1a: Milotic\n|-damage|p1a: Milotic|64/100\n|move|p2a: Corviknight|Brave Bird|p1a: Milotic\n|-damage|p1a: Milotic|21/100\n|-damage|p2a: Corviknight|82/100|[from] Recoil\n|move|p1a: Milotic|Scald|p2b: Gardevoir\n|-damage|p2b: Gardevoir|20/100\n|-status|p2b: Gardevoir|brn\n|\n|-heal|p2a: Corviknight|88/100|[from] item: Leftovers\n|-heal|p1a: Milotic|27/100|[from] item: Leftovers\n|-damage|p2b: Gardevoir|14/100 brn|[from] brn\n|upkeep\n|turn|3\n|\n|t:|1776467197\n|switch|p2b: Glimmora|Glimmora, L50, F|100/100\n|detailschange|p1b: Kangaskhan|Kangaskhan-Mega, L50, F\n|-mega|p1b: Kangaskhan|Kangaskhan|Kangaskhanite\n|move|p1a: Milotic|Protect|p1a: Milotic\n|-singleturn|p1a: Milotic|Protect\n|move|p2a: Corviknight|Brave Bird|p1a: Milotic\n|-activate|p1a: Milotic|move: Protect\n|move|p1b: Kangaskhan|Drain Punch|p2b: Glimmora\n|-damage|p2b: Glimmora|63/100\n|-activate|p2b: Glimmora|ability: Toxic Debris\n|-sidestart|p1: superG195|move: Toxic Spikes\n|-damage|p2b: Glimmora|54/100\n|-activate|p2b: Glimmora|ability: Toxic Debris\n|-sidestart|p1: superG195|move: Toxic Spikes\n|-hitcount|p2b: Glimmora|2\n|\n|-heal|p2a: Corviknight|94/100|[from] item: Leftovers\n|-heal|p1a: Milotic|33/100|[from] item: Leftovers\n|upkeep\n|turn|4\n|\n|t:|1776467250\n|detailschange|p2b: Glimmora|Glimmora-Mega, L50, F\n|-mega|p2b: Glimmora|Glimmora|Glimmoranite\n|move|p2b: Glimmora|Sludge Wave|p1a: Milotic|[spread] p1a,p1b\n|-immune|p2a: Corviknight\n|-damage|p1a: Milotic|0 fnt\n|-damage|p1b: Kangaskhan|55/100\n|-status|p1b: Kangaskhan|psn\n|faint|p1a: Milotic\n|move|p2a: Corviknight|Brave Bird|p1b: Kangaskhan\n|-damage|p1b: Kangaskhan|12/100 psn\n|-damage|p2a: Corviknight|79/100|[from] Recoil\n|move|p1b: Kangaskhan|Drain Punch|p2a: Corviknight\n|-damage|p2a: Corviknight|55/100\n|-heal|p1b: Kangaskhan|23/100 psn|[from] drain|[of] p2a: Corviknight\n|-damage|p2a: Corviknight|49/100\n|-heal|p1b: Kangaskhan|26/100 psn|[from] drain|[of] p2a: Corviknight\n|-hitcount|p2a: Corviknight|2\n|\n|-heal|p2a: Corviknight|55/100|[from] item: Leftovers\n|-damage|p1b: Kangaskhan|14/100 psn|[from] psn\n|-sideend|p2: Threazoenine|move: Tailwind\n|upkeep\n|\n|t:|1776467269\n|switch|p1a: Typhlosion|Typhlosion-Hisui, L50, M|100/100\n|-status|p1a: Typhlosion|tox\n|-item|p2a: Corviknight|Leftovers|[from] ability: Frisk|[of] p1a: Typhlosion\n|-item|p2b: Glimmora|Glimmoranite|[from] ability: Frisk|[of] p1a: Typhlosion\n|turn|5\n|\n|t:|1776467309\n|switch|p2a: Garchomp|Garchomp, L50, F|100/100\n|move|p2b: Glimmora|Spiky Shield|p2b: Glimmora\n|-singleturn|p2b: Glimmora|move: Protect\n|move|p1a: Typhlosion|Eruption|p2a: Garchomp|[spread] p2a\n|-activate|p2b: Glimmora|move: Protect\n|-resisted|p2a: Garchomp|1\n|-damage|p2a: Garchomp|66/100\n|move|p1b: Kangaskhan|Double-Edge|p2b: Glimmora\n|-activate|p2b: Glimmora|move: Protect\n|-damage|p1b: Kangaskhan|1/100 psn|[from] Spiky Shield|[of] p2b: Glimmora\n|\n|-damage|p1a: Typhlosion|94/100 tox|[from] psn\n|-damage|p1b: Kangaskhan|0 fnt|[from] psn\n|faint|p1b: Kangaskhan\n|upkeep\n|\n|t:|1776467322\n|switch|p1b: Garchomp|Garchomp, L50, M|100/100\n|-status|p1b: Garchomp|tox\n|turn|6\n|l| TioT0xXI\n|\n|t:|1776467349\n|switch|p2b: Gardevoir|Gardevoir, L50, F|14/100 brn\n|move|p2a: Garchomp|Earthquake|p1a: Typhlosion|[spread] p1a,p1b\n|-activate|p2b: Gardevoir|ability: Telepathy\n|-supereffective|p1a: Typhlosion|1\n|-damage|p1a: Typhlosion|0 fnt\n|-damage|p1b: Garchomp|62/100 tox\n|faint|p1a: Typhlosion\n|move|p1b: Garchomp|Earthquake|p2b: Gardevoir|[spread] p2a,p2b\n|-damage|p2a: Garchomp|28/100\n|-damage|p2b: Gardevoir|0 fnt\n|faint|p2b: Gardevoir\n|\n|-damage|p1b: Garchomp|56/100 tox|[from] psn\n|upkeep\n|\n|t:|1776467365\n|switch|p2b: Corviknight|Corviknight, L50, F|55/100\n|turn|7\n|-message|superG195 forfeited.\n|\n|win|Threazoenine\n|raw|superG195's rating: 1269 &rarr; <strong>1244</strong><br />(-25 for losing)\n|raw|Threazoenine's rating: 1275 &rarr; <strong>1300</strong><br />(+25 for winning)\n|l|\u2606superG195\n|player|p1|\n",
  "uploadtime": 1776467373,
  "views": 39,
  "formatid": "gen9championsvgc2026regma",
  "rating": 1244,
  "private": 0,
  "password": null
}