{
  "id": "gen9championsvgc2026regma-2581354702",
  "format": "[Gen 9 Champions] VGC 2026 Reg M-A",
  "players": [
    "omegadaddy6767",
    "23456789XB"
  ],
  "log": "|j|\u2606omegadaddy6767\n|j|\u260623456789XB\n|t:|1775990837\n|gametype|doubles\n|player|p1|omegadaddy6767|pokekid|1065\n|player|p2|23456789XB|cynthia|1153\n|gen|9\n|tier|[Gen 9 Champions] VGC 2026 Reg M-A\n|rated|\n|rule|Species Clause: Limit one of each Pok\u00e9mon\n|rule|Item Clause: Limit 1 of each item\n|clearpoke\n|poke|p1|Floette-Eternal, L50, F|\n|poke|p1|Garchomp, L50, M|\n|poke|p1|Talonflame, L50, M|\n|poke|p1|Greninja-*, L50, M|\n|poke|p1|Sinistcha, L50|\n|poke|p1|Orthworm, L50, M|\n|poke|p2|Slowbro, L50, F|\n|poke|p2|Incineroar, L50, M|\n|poke|p2|Sinistcha, L50|\n|poke|p2|Typhlosion-Hisui, L50, M|\n|poke|p2|Sneasler, L50, M|\n|poke|p2|Kingambit, L50, M|\n|teampreview|4\n|inactive|Battle timer is ON: inactive players will automatically lose when time's up. (requested by 23456789XB)\n|inactive|omegadaddy6767 has 60 seconds left.\n|inactive|23456789XB has 60 seconds left.\n|\n|t:|1775990885\n|teamsize|p1|4\n|teamsize|p2|4\n|start\n|switch|p1a: Orthworm|Orthworm, L50, M, shiny|100/100\n|switch|p1b: Sinistcha|Sinistcha, L50|100/100\n|switch|p2a: Incineroar|Incineroar, L50, M|100/100\n|switch|p2b: Typhlosion|Typhlosion-Hisui, L50, M|100/100\n|-item|p1a: Orthworm|Sitrus Berry|[from] ability: Frisk|[of] p2b: Typhlosion\n|-item|p1b: Sinistcha|Leftovers|[from] ability: Frisk|[of] p2b: Typhlosion\n|-ability|p2a: Incineroar|Intimidate|boost\n|-unboost|p1a: Orthworm|atk|1\n|-unboost|p1b: Sinistcha|atk|1\n|turn|1\n|inactive|omegadaddy6767 has 30 seconds left.\n|\n|t:|1775990913\n|move|p2b: Typhlosion|Eruption|p1a: Orthworm|[spread] p1a,p1b\n|-supereffective|p1a: Orthworm|1\n|-supereffective|p1b: Sinistcha|1\n|-damage|p1a: Orthworm|0 fnt\n|-damage|p1b: Sinistcha|0 fnt\n|faint|p1a: Orthworm\n|faint|p1b: Sinistcha\n|move|p2a: Incineroar|Darkest Lariat|p1: Orthworm|[notarget]\n|-fail|p2a: Incineroar\n|\n|upkeep\n|\n|t:|1775990922\n|switch|p1b: Greninja|Greninja, L50, M, shiny|100/100\n|switch|p1a: Garchomp|Garchomp, L50, M|100/100\n|turn|2\n|\n|t:|1775990935\n|switch|p2b: Sinistcha|Sinistcha, L50|100/100\n|move|p1b: Greninja|Hydro Pump|p2a: Incineroar\n|-start|p1b: Greninja|typechange|Water|[from] ability: Protean\n|-supereffective|p2a: Incineroar|1\n|-damage|p2a: Incineroar|26/100\n|-enditem|p2a: Incineroar|Sitrus Berry|[eat]\n|-heal|p2a: Incineroar|51/100|[from] item: Sitrus Berry\n|move|p1a: Garchomp|Swords Dance|p1a: Garchomp\n|-boost|p1a: Garchomp|atk|2\n|move|p2a: Incineroar|Parting Shot|p1a: Garchomp\n|-unboost|p1a: Garchomp|atk|1\n|-unboost|p1a: Garchomp|spa|1\n|\n|t:|1775990945\n|switch|p2a: Typhlosion|Typhlosion-Hisui, L50, M|100/100|[from] Parting Shot\n|-item|p1a: Garchomp|Yache Berry|[from] ability: Frisk|[of] p2a: Typhlosion\n|-item|p1b: Greninja|Choice Scarf|[from] ability: Frisk|[of] p2a: Typhlosion\n|\n|upkeep\n|turn|3\n|\n|t:|1775990959\n|move|p1b: Greninja|Hydro Pump|p2a: Typhlosion|[miss]\n|-miss|p1b: Greninja|p2a: Typhlosion\n|move|p2a: Typhlosion|Shadow Ball|p1a: Garchomp\n|-damage|p1a: Garchomp|57/100\n|move|p1a: Garchomp|Dragon Claw|p2b: Sinistcha\n|-damage|p2b: Sinistcha|49/100\n|move|p2b: Sinistcha|Trick Room|p2b: Sinistcha\n|-fieldstart|move: Trick Room|[of] p2b: Sinistcha\n|\n|upkeep\n|turn|4\n|\n|t:|1775990973\n|move|p1a: Garchomp|Protect|p1a: Garchomp\n|-singleturn|p1a: Garchomp|Protect\n|move|p2b: Sinistcha|Matcha Gotcha|p1a: Garchomp|[spread] p1b\n|-activate|p1a: Garchomp|move: Protect\n|-supereffective|p1b: Greninja|1\n|-damage|p1b: Greninja|22/100\n|-heal|p2b: Sinistcha|82/100|[from] drain|[of] p1b: Greninja\n|move|p2a: Typhlosion|Shadow Ball|p1a: Garchomp\n|-activate|p1a: Garchomp|move: Protect\n|move|p1b: Greninja|Hydro Pump|p2a: Typhlosion\n|-supereffective|p2a: Typhlosion|1\n|-damage|p2a: Typhlosion|0 fnt\n|faint|p2a: Typhlosion\n|\n|upkeep\n|\n|t:|1775990977\n|switch|p2a: Incineroar|Incineroar, L50, M|51/100\n|-ability|p2a: Incineroar|Intimidate|boost\n|-unboost|p1a: Garchomp|atk|1\n|-unboost|p1b: Greninja|atk|1\n|turn|5\n|\n|t:|1775990997\n|move|p2a: Incineroar|Fake Out|p1a: Garchomp\n|-damage|p1a: Garchomp|46/100\n|-damage|p2a: Incineroar|39/100|[from] ability: Rough Skin|[of] p1a: Garchomp\n|move|p2b: Sinistcha|Matcha Gotcha|p1a: Garchomp|[spread] p1a,p1b\n|-supereffective|p1b: Greninja|1\n|-damage|p1a: Garchomp|17/100\n|-heal|p2b: Sinistcha|97/100|[from] drain|[of] p1a: Garchomp\n|-damage|p1b: Greninja|0 fnt\n|-heal|p2b: Sinistcha|100/100|[from] drain|[of] p1b: Greninja\n|faint|p1b: Greninja\n|cant|p1a: Garchomp|flinch\n|\n|upkeep\n|turn|6\n|\n|t:|1775991012\n|move|p2a: Incineroar|Darkest Lariat|p1a: Garchomp\n|-damage|p1a: Garchomp|0 fnt\n|-damage|p2a: Incineroar|26/100|[from] ability: Rough Skin|[of] p1a: Garchomp\n|faint|p1a: Garchomp\n|\n|win|23456789XB\n|raw|omegadaddy6767's rating: 1065 &rarr; <strong>1050</strong><br />(-15 for losing)\n|raw|23456789XB's rating: 1153 &rarr; <strong>1172</strong><br />(+19 for winning)\n",
  "uploadtime": 1775991016,
  "views": 18,
  "formatid": "gen9championsvgc2026regma",
  "rating": 1050,
  "private": 0,
  "password": null
}