{
  "id": "gen9championsvgc2026regma-2581857792",
  "format": "[Gen 9 Champions] VGC 2026 Reg M-A",
  "players": [
    "CBKreme",
    "YaBoyTheJuice"
  ],
  "log": "|j|\u2606CBKreme\n|j|\u2606YaBoyTheJuice\n|t:|1776034233\n|gametype|doubles\n|player|p1|CBKreme|interviewers|1071\n|player|p2|YaBoyTheJuice|102|1050\n|gen|9\n|tier|[Gen 9 Champions] VGC 2026 Reg M-A\n|rated|\n|rule|Species Clause: Limit one of each Pok\u00e9mon\n|rule|Item Clause: Limit 1 of each item\n|clearpoke\n|poke|p1|Gardevoir, L50, F|\n|poke|p1|Ninetales-Alola, L50, F|\n|poke|p1|Froslass, L50, F|\n|poke|p1|Hatterene, L50, F|\n|poke|p1|Flapple, L50, F|\n|poke|p1|Gyarados, L50, M|\n|poke|p2|Froslass, L50, F|\n|poke|p2|Ninetales-Alola, L50, M|\n|poke|p2|Incineroar, L50, F|\n|poke|p2|Glimmora, L50, F|\n|poke|p2|Garchomp, L50, M|\n|poke|p2|Rotom-Wash, L50|\n|teampreview|4\n|inactive|Battle timer is ON: inactive players will automatically lose when time's up. (requested by CBKreme)\n|inactive|CBKreme has 60 seconds left.\n|inactive|YaBoyTheJuice has 60 seconds left.\n|\n|t:|1776034292\n|teamsize|p1|4\n|teamsize|p2|4\n|start\n|switch|p1a: Hatterene|Hatterene, L50, F|100/100\n|switch|p1b: Ninetales|Ninetales-Alola, L50, F|100/100\n|switch|p2a: Incineroar|Incineroar, L50, F, shiny|100/100\n|switch|p2b: Glimmora|Glimmora, L50, F, shiny|100/100\n|-weather|Snowscape|[from] ability: Snow Warning|[of] p1b: Ninetales\n|-ability|p2a: Incineroar|Intimidate|boost\n|-unboost|p1a: Hatterene|atk|1\n|-unboost|p1b: Ninetales|atk|1\n|turn|1\n|\n|t:|1776034311\n|detailschange|p2b: Glimmora|Glimmora-Mega, L50, F, shiny\n|-mega|p2b: Glimmora|Glimmora|Glimmoranite\n|move|p2a: Incineroar|Fake Out|p1b: Ninetales\n|-damage|p1b: Ninetales|92/100\n|cant|p1b: Ninetales|flinch\n|move|p2b: Glimmora|Toxic Spikes|p1b: Ninetales\n|move|p1a: Hatterene|Toxic Spikes|p2b: Glimmora|[from] ability: Magic Bounce\n|-sidestart|p2: YaBoyTheJuice|move: Toxic Spikes\n|move|p1a: Hatterene|Trick Room|p1a: Hatterene\n|-fieldstart|move: Trick Room|[of] p1a: Hatterene\n|\n|-weather|Snowscape|[upkeep]\n|upkeep\n|turn|2\n|inactive|CBKreme has 30 seconds left.\n|inactive|CBKreme has 20 seconds left.\n|\n|t:|1776034347\n|move|p1a: Hatterene|Mystical Fire|p2b: Glimmora\n|-resisted|p2b: Glimmora|1\n|-damage|p2b: Glimmora|88/100\n|-unboost|p2b: Glimmora|spa|1\n|move|p2a: Incineroar|Crunch|p1a: Hatterene\n|-damage|p1a: Hatterene|72/100\n|move|p2b: Glimmora|Sludge Bomb|p1b: Ninetales\n|-supereffective|p1b: Ninetales|1\n|-damage|p1b: Ninetales|3/100\n|-status|p1b: Ninetales|psn\n|move|p1b: Ninetales|Aurora Veil|p1b: Ninetales\n|-sidestart|p1: CBKreme|move: Aurora Veil\n|\n|-weather|Snowscape|[upkeep]\n|-damage|p1b: Ninetales|0 fnt|[from] psn\n|faint|p1b: Ninetales\n|upkeep\n|\n|t:|1776034361\n|switch|p1b: Flapple|Flapple, L50, F, shiny|100/100\n|turn|3\n|\n|t:|1776034373\n|move|p1a: Hatterene|Mystical Fire|p2b: Glimmora\n|-resisted|p2b: Glimmora|1\n|-damage|p2b: Glimmora|76/100\n|-unboost|p2b: Glimmora|spa|1\n|move|p2a: Incineroar|Parting Shot|p1b: Flapple\n|-unboost|p1b: Flapple|atk|1\n|-unboost|p1b: Flapple|spa|1\n|\n|t:|1776034380\n|switch|p2a: Ninetales|Ninetales-Alola, L50, M, shiny|100/100|[from] Parting Shot\n|-status|p2a: Ninetales|psn\n|move|p1b: Flapple|Dragon Rush|p2b: Glimmora\n|-damage|p2b: Glimmora|29/100\n|move|p2b: Glimmora|Sludge Bomb|p1a: Hatterene\n|-supereffective|p1a: Hatterene|1\n|-crit|p1a: Hatterene\n|-damage|p1a: Hatterene|0 fnt\n|faint|p1a: Hatterene\n|\n|-weather|Snowscape|[upkeep]\n|-damage|p2a: Ninetales|88/100 psn|[from] psn\n|upkeep\n|\n|t:|1776034389\n|switch|p1a: Gardevoir|Gardevoir, L50, F, shiny|100/100\n|-ability|p1a: Gardevoir|Adaptability|Trace|[from] ability: Trace|[of] p2b: Glimmora\n|turn|4\n|inactive|CBKreme has 30 seconds left.\n|inactive|CBKreme has 20 seconds left.\n|inactive|CBKreme has 15 seconds left.\n|inactive|CBKreme has 10 seconds left.\n|\n|t:|1776034438\n|detailschange|p1a: Gardevoir|Gardevoir-Mega, L50, F, shiny\n|-mega|p1a: Gardevoir|Gardevoir|Gardevoirite\n|move|p2b: Glimmora|Spiky Shield|p2b: Glimmora\n|-singleturn|p2b: Glimmora|move: Protect\n|move|p1b: Flapple|Acrobatics|p2b: Glimmora\n|-activate|p2b: Glimmora|move: Protect\n|-damage|p1b: Flapple|88/100|[from] Spiky Shield|[of] p2b: Glimmora\n|move|p2a: Ninetales|Aurora Veil|p2a: Ninetales\n|-sidestart|p2: YaBoyTheJuice|move: Aurora Veil\n|move|p1a: Gardevoir|Hyper Voice|p2b: Glimmora|[spread] p2a\n|-activate|p2b: Glimmora|move: Protect\n|-damage|p2a: Ninetales|60/100 psn\n|\n|-weather|Snowscape|[upkeep]\n|-damage|p2a: Ninetales|48/100 psn|[from] psn\n|upkeep\n|turn|5\n|\n|t:|1776034465\n|switch|p2b: Incineroar|Incineroar, L50, F, shiny|100/100\n|-status|p2b: Incineroar|psn\n|-ability|p2b: Incineroar|Intimidate|boost\n|-unboost|p1a: Gardevoir|atk|1\n|-unboost|p1b: Flapple|atk|1\n|move|p1a: Gardevoir|Protect|p1a: Gardevoir\n|-singleturn|p1a: Gardevoir|Protect\n|move|p1b: Flapple|Grav Apple|p2a: Ninetales\n|-damage|p2a: Ninetales|27/100 psn\n|-unboost|p2a: Ninetales|def|1\n|move|p2a: Ninetales|Blizzard|p1a: Gardevoir|[spread] p1b\n|-activate|p1a: Gardevoir|move: Protect\n|-supereffective|p1b: Flapple|2\n|-damage|p1b: Flapple|0 fnt\n|faint|p1b: Flapple\n|\n|-weather|none\n|-damage|p2b: Incineroar|88/100 psn|[from] psn\n|-damage|p2a: Ninetales|15/100 psn|[from] psn\n|-fieldend|move: Trick Room\n|upkeep\n|turn|6\n|inactive|YaBoyTheJuice has 30 seconds left.\n|\n|t:|1776034491\n|move|p1a: Gardevoir|Hyper Voice|p2a: Ninetales|[spread] p2a,p2b\n|-damage|p2a: Ninetales|0 fnt\n|-damage|p2b: Incineroar|62/100 psn\n|faint|p2a: Ninetales\n|move|p2b: Incineroar|Crunch|p1a: Gardevoir\n|-damage|p1a: Gardevoir|66/100\n|\n|-damage|p2b: Incineroar|50/100 psn|[from] psn\n|-sideend|p1: CBKreme|move: Aurora Veil\n|upkeep\n|\n|t:|1776034500\n|switch|p2a: Glimmora|Glimmora-Mega, L50, F, shiny|29/100\n|-sideend|p2: YaBoyTheJuice|move: Toxic Spikes|[of] p2a: Glimmora\n|turn|7\n|\n|t:|1776034510\n|move|p1a: Gardevoir|Psyshock|p2a: Glimmora\n|-supereffective|p2a: Glimmora|1\n|-damage|p2a: Glimmora|0 fnt\n|faint|p2a: Glimmora\n|move|p2b: Incineroar|Crunch|p1a: Gardevoir\n|-damage|p1a: Gardevoir|8/100\n|\n|-damage|p2b: Incineroar|38/100 psn|[from] psn\n|upkeep\n|\n|t:|1776034518\n|switch|p2a: Rotom|Rotom-Wash, L50|100/100\n|turn|8\n|\n|t:|1776034525\n|move|p1a: Gardevoir|Protect|p1a: Gardevoir\n|-singleturn|p1a: Gardevoir|Protect\n|move|p2a: Rotom|Thunderbolt|p1a: Gardevoir\n|-activate|p1a: Gardevoir|move: Protect\n|move|p2b: Incineroar|Crunch|p1a: Gardevoir\n|-activate|p1a: Gardevoir|move: Protect\n|\n|-damage|p2b: Incineroar|26/100 psn|[from] psn\n|-sideend|p2: YaBoyTheJuice|move: Aurora Veil\n|upkeep\n|turn|9\n|\n|t:|1776034538\n|move|p1a: Gardevoir|Hyper Voice|p2b: Incineroar|[spread] p2a,p2b\n|-damage|p2a: Rotom|45/100\n|-damage|p2b: Incineroar|0 fnt\n|faint|p2b: Incineroar\n|move|p2a: Rotom|Thunderbolt|p1a: Gardevoir\n|-damage|p1a: Gardevoir|0 fnt\n|faint|p1a: Gardevoir\n|\n|win|YaBoyTheJuice\n|raw|CBKreme's rating: 1071 &rarr; <strong>1049</strong><br />(-22 for losing)\n|raw|YaBoyTheJuice's rating: 1050 &rarr; <strong>1084</strong><br />(+34 for winning)\n",
  "uploadtime": 1776034546,
  "views": 10,
  "formatid": "gen9championsvgc2026regma",
  "rating": 1049,
  "private": 0,
  "password": null
}