{
  "id": "gen9championsvgc2026regma-2582462393",
  "format": "[Gen 9 Champions] VGC 2026 Reg M-A",
  "players": [
    "dynameow",
    "eriylia"
  ],
  "log": "|j|\u2606dynameow\n|j|\u2606eriylia\n|t:|1776093266\n|gametype|doubles\n|player|p1|dynameow|265|\n|player|p2|eriylia|whitney|\n|gen|9\n|tier|[Gen 9 Champions] VGC 2026 Reg M-A\n|rule|Species Clause: Limit one of each Pok\u00e9mon\n|rule|Item Clause: Limit 1 of each item\n|clearpoke\n|poke|p1|Tyranitar, L50, F|\n|poke|p1|Sinistcha, L50|\n|poke|p1|Farigiraf, L50, M|\n|poke|p1|Kleavor, L50, M|\n|poke|p1|Slowking-Galar, L50, F|\n|poke|p1|Dragonite, L50, F|\n|poke|p2|Basculegion, L50, M|\n|poke|p2|Pelipper, L50, F|\n|poke|p2|Sneasler, L50, M|\n|poke|p2|Sinistcha, L50|\n|poke|p2|Gardevoir, L50, F|\n|poke|p2|Archaludon, L50, F|\n|teampreview|4\n|c|\u2606eriylia|sure yeah :)\n|c|\u2606eriylia|glhf\n|c|\u2606dynameow|tyyy\n|\n|t:|1776093310\n|teamsize|p1|4\n|teamsize|p2|4\n|start\n|switch|p1a: Farigiraf|Farigiraf, L50, M|100/100\n|switch|p1b: Kleavor|Kleavor, L50, M|100/100\n|switch|p2a: Pungus|Pelipper, L50, F, shiny|100/100\n|switch|p2b: Wysteria|Basculegion, L50, M, shiny|100/100\n|-weather|RainDance|[from] ability: Drizzle|[of] p2a: Pungus\n|turn|1\n|\n|t:|1776093338\n|switch|p1b: Dragonite|Dragonite, L50, F|100/100\n|move|p2b: Wysteria|Wave Crash|p1a: Farigiraf\n|-damage|p1a: Farigiraf|0 fnt\n|faint|p1a: Farigiraf\n|-damage|p2b: Wysteria|66/100|[from] Recoil\n|move|p2a: Pungus|Weather Ball|p1b: Dragonite\n|-resisted|p1b: Dragonite|1\n|-damage|p1b: Dragonite|70/100\n|\n|-weather|RainDance|[upkeep]\n|upkeep\n|\n|t:|1776093362\n|switch|p1a: Slowking|Slowking-Galar, L50, F|100/100\n|-clearboost|p1b: Dragonite|[from] ability: Curious Medicine|[of] p1a: Slowking\n|turn|2\n|\n|t:|1776093389\n|detailschange|p1b: Dragonite|Dragonite-Mega, L50, F\n|-mega|p1b: Dragonite|Dragonite|Dragoninite\n|move|p2b: Wysteria|Wave Crash|p1a: Slowking\n|-damage|p1a: Slowking|13/100\n|-enditem|p1a: Slowking|Sitrus Berry|[eat]\n|-heal|p1a: Slowking|38/100|[from] item: Sitrus Berry\n|-damage|p2b: Wysteria|38/100|[from] Recoil\n|move|p1b: Dragonite|Hurricane|p2b: Wysteria\n|-damage|p2b: Wysteria|0 fnt\n|faint|p2b: Wysteria\n|move|p2a: Pungus|Weather Ball|p1a: Slowking\n|-damage|p1a: Slowking|0 fnt\n|faint|p1a: Slowking\n|\n|-weather|RainDance|[upkeep]\n|upkeep\n|\n|t:|1776093409\n|switch|p2b: Gardevoir|Gardevoir, L50, F, shiny|100/100\n|switch|p1a: Kleavor|Kleavor, L50, M|100/100\n|-ability|p2b: Gardevoir|Sharpness|Trace|[from] ability: Trace|[of] p1a: Kleavor\n|turn|3\n|\n|t:|1776093425\n|detailschange|p2b: Gardevoir|Gardevoir-Mega, L50, F, shiny\n|-mega|p2b: Gardevoir|Gardevoir|Gardevoirite\n|move|p1b: Dragonite|Protect|p1b: Dragonite\n|-singleturn|p1b: Dragonite|Protect\n|move|p1a: Kleavor|Stone Axe|p2b: Gardevoir\n|-damage|p2b: Gardevoir|23/100\n|-sidestart|p2: eriylia|move: Stealth Rock\n|move|p2b: Gardevoir|Hyper Voice|p1a: Kleavor|[spread] p1a\n|-activate|p1b: Dragonite|move: Protect\n|-damage|p1a: Kleavor|7/100\n|move|p2a: Pungus|Weather Ball|p1a: Kleavor\n|-supereffective|p1a: Kleavor|1\n|-damage|p1a: Kleavor|0 fnt\n|faint|p1a: Kleavor\n|\n|-weather|RainDance|[upkeep]\n|upkeep\n|turn|4\n|\n|t:|1776093437\n|move|p2b: Gardevoir|Protect|p2b: Gardevoir\n|-singleturn|p2b: Gardevoir|Protect\n|move|p1b: Dragonite|Draco Meteor|p2a: Pungus\n|-enditem|p2a: Pungus|Focus Sash\n|-damage|p2a: Pungus|1/100\n|-unboost|p1b: Dragonite|spa|2\n|move|p2a: Pungus|Tailwind|p2a: Pungus\n|-sidestart|p2: eriylia|move: Tailwind\n|\n|-weather|RainDance|[upkeep]\n|upkeep\n|turn|5\n|\n|t:|1776093447\n|move|p2b: Gardevoir|Hyper Voice|p1b: Dragonite\n|-supereffective|p1b: Dragonite|1\n|-damage|p1b: Dragonite|0 fnt\n|faint|p1b: Dragonite\n|\n|win|eriylia\n|c|\u2606eriylia|ggwp\n|c|\u2606dynameow|gg\n|l|\u2606dynameow\n|player|p1|\n",
  "uploadtime": 1776093493,
  "views": 11,
  "formatid": "gen9championsvgc2026regma",
  "rating": null,
  "private": 0,
  "password": null
}