{
  "id": "gen9championsvgc2026regma-2581228754",
  "format": "[Gen 9 Champions] VGC 2026 Reg M-A",
  "players": [
    "lemond",
    "korinn"
  ],
  "log": "|j|\u2606lemond\n|j|\u2606korinn\n|t:|1775973453\n|gametype|doubles\n|player|p1|lemond|102|1145\n|player|p2|korinn|169|1217\n|gen|9\n|tier|[Gen 9 Champions] VGC 2026 Reg M-A\n|rated|\n|rule|Species Clause: Limit one of each Pok\u00e9mon\n|rule|Item Clause: Limit 1 of each item\n|clearpoke\n|poke|p1|Tyranitar, L50, F|\n|poke|p1|Excadrill, L50, F|\n|poke|p1|Gyarados, L50, F|\n|poke|p1|Gardevoir, L50, F|\n|poke|p1|Sinistcha, L50|\n|poke|p1|Rotom-Heat, L50|\n|poke|p2|Blastoise, L50, F|\n|poke|p2|Talonflame, L50, M|\n|poke|p2|Sinistcha, L50|\n|poke|p2|Garchomp, L50, F|\n|poke|p2|Corviknight, L50, F|\n|poke|p2|Sylveon, L50, M|\n|teampreview|4\n|inactive|Battle timer is ON: inactive players will automatically lose when time's up. (requested by lemond)\n|inactive|lemond has 60 seconds left.\n|inactive|korinn has 60 seconds left.\n|\n|t:|1775973506\n|teamsize|p1|4\n|teamsize|p2|4\n|start\n|switch|p1a: Tyranitar|Tyranitar, L50, F|100/100\n|switch|p1b: Rotom|Rotom-Heat, L50|100/100\n|switch|p2a: Talonflame|Talonflame, L50, M|100/100\n|switch|p2b: Garchomp|Garchomp, L50, F|100/100\n|-weather|Sandstorm|[from] ability: Sand Stream|[of] p1a: Tyranitar\n|turn|1\n|inactive|korinn has 30 seconds left.\n|inactive|korinn has 20 seconds left.\n|inactive|korinn has 15 seconds left.\n|inactive|lemond has 30 seconds left.\n|inactive|korinn has 10 seconds left.\n|\n|t:|1775973554\n|switch|p1a: Gyarados|Gyarados, L50, F|100/100\n|-ability|p1a: Gyarados|Intimidate|boost\n|-unboost|p2a: Talonflame|atk|1\n|-unboost|p2b: Garchomp|atk|1\n|move|p2a: Talonflame|Tailwind|p2a: Talonflame\n|-sidestart|p2: korinn|move: Tailwind\n|move|p2b: Garchomp|Rock Slide|p1a: Gyarados|[spread] p1a,p1b\n|-supereffective|p1a: Gyarados|1\n|-supereffective|p1b: Rotom|1\n|-damage|p1a: Gyarados|75/100\n|-damage|p1b: Rotom|65/100\n|move|p1b: Rotom|Thunderbolt|p2a: Talonflame\n|-supereffective|p2a: Talonflame|1\n|-damage|p2a: Talonflame|0 fnt\n|faint|p2a: Talonflame\n|\n|-weather|Sandstorm|[upkeep]\n|-damage|p1b: Rotom|59/100|[from] Sandstorm\n|-damage|p1a: Gyarados|69/100|[from] Sandstorm\n|-heal|p1a: Gyarados|75/100|[from] item: Leftovers\n|upkeep\n|\n|t:|1775973570\n|switch|p2a: Blastoise|Blastoise, L50, F|100/100\n|turn|2\n|\n|t:|1775973586\n|detailschange|p2a: Blastoise|Blastoise-Mega, L50, F\n|-mega|p2a: Blastoise|Blastoise|Blastoisinite\n|move|p2b: Garchomp|Rock Slide|p1a: Gyarados|[spread] p1b\n|-miss|p2b: Garchomp|p1a: Gyarados\n|-supereffective|p1b: Rotom|1\n|-damage|p1b: Rotom|23/100\n|move|p2a: Blastoise|Water Spout|p1b: Rotom|[spread] p1a,p1b\n|-resisted|p1a: Gyarados|1\n|-supereffective|p1b: Rotom|1\n|-damage|p1a: Gyarados|48/100\n|-damage|p1b: Rotom|0 fnt\n|faint|p1b: Rotom\n|move|p1a: Gyarados|Waterfall|p2b: Garchomp\n|-damage|p2b: Garchomp|69/100\n|-damage|p1a: Gyarados|36/100|[from] ability: Rough Skin|[of] p2b: Garchomp\n|\n|-weather|Sandstorm|[upkeep]\n|-damage|p2a: Blastoise|95/100|[from] Sandstorm\n|-damage|p1a: Gyarados|30/100|[from] Sandstorm\n|-heal|p1a: Gyarados|36/100|[from] item: Leftovers\n|upkeep\n|inactive|lemond has 30 seconds left.\n|inactive|lemond has 20 seconds left.\n|\n|t:|1775973622\n|switch|p1b: Tyranitar|Tyranitar, L50, F|100/100\n|turn|3\n|\n|t:|1775973637\n|detailschange|p1b: Tyranitar|Tyranitar-Mega, L50, F\n|-mega|p1b: Tyranitar|Tyranitar|Tyranitarite\n|move|p2b: Garchomp|Rock Slide|p1a: Gyarados|[spread] p1a\n|-miss|p2b: Garchomp|p1b: Tyranitar\n|-supereffective|p1a: Gyarados|1\n|-damage|p1a: Gyarados|10/100\n|move|p2a: Blastoise|Water Spout|p1b: Tyranitar|[spread] p1a,p1b\n|-resisted|p1a: Gyarados|1\n|-supereffective|p1b: Tyranitar|1\n|-damage|p1a: Gyarados|0 fnt\n|-damage|p1b: Tyranitar|33/100\n|faint|p1a: Gyarados\n|move|p1b: Tyranitar|Rock Slide|p2b: Garchomp|[spread] p2a,p2b\n|-resisted|p2b: Garchomp|1\n|-damage|p2a: Blastoise|58/100\n|-damage|p2b: Garchomp|50/100\n|\n|-weather|Sandstorm|[upkeep]\n|-damage|p2a: Blastoise|52/100|[from] Sandstorm\n|upkeep\n|\n|t:|1775973653\n|switch|p1a: Excadrill|Excadrill, L50, F|100/100\n|turn|4\n|\n|t:|1775973667\n|switch|p2b: Corviknight|Corviknight, L50, F|100/100\n|move|p1b: Tyranitar|Protect|p1b: Tyranitar\n|-singleturn|p1b: Tyranitar|Protect\n|move|p1a: Excadrill|Earthquake|p2b: Corviknight|[spread] p2a\n|-activate|p1b: Tyranitar|move: Protect\n|-immune|p2b: Corviknight\n|-damage|p2a: Blastoise|14/100\n|move|p2a: Blastoise|Water Spout|p1a: Excadrill|[spread] p1a\n|-activate|p1b: Tyranitar|move: Protect\n|-supereffective|p1a: Excadrill|1\n|-damage|p1a: Excadrill|78/100\n|\n|-weather|Sandstorm|[upkeep]\n|-damage|p2a: Blastoise|8/100|[from] Sandstorm\n|-sideend|p2: korinn|move: Tailwind\n|upkeep\n|turn|5\n|\n|t:|1775973687\n|move|p2a: Blastoise|Protect|p2a: Blastoise\n|-singleturn|p2a: Blastoise|Protect\n|move|p1a: Excadrill|Iron Head|p2a: Blastoise\n|-activate|p2a: Blastoise|move: Protect\n|move|p1b: Tyranitar|Rock Slide|p2b: Corviknight|[spread] p2b\n|-activate|p2a: Blastoise|move: Protect\n|-damage|p2b: Corviknight|74/100\n|move|p2b: Corviknight|Body Press|p1b: Tyranitar\n|-supereffective|p1b: Tyranitar|2\n|-damage|p1b: Tyranitar|0 fnt\n|faint|p1b: Tyranitar\n|\n|-weather|none\n|-heal|p2b: Corviknight|80/100|[from] item: Leftovers\n|upkeep\n|turn|6\n|\n|t:|1775973702\n|move|p1a: Excadrill|Iron Head|p2a: Blastoise\n|-resisted|p2a: Blastoise|1\n|-damage|p2a: Blastoise|0 fnt\n|faint|p2a: Blastoise\n|move|p2b: Corviknight|Bulk Up|p2b: Corviknight\n|-boost|p2b: Corviknight|atk|1\n|-boost|p2b: Corviknight|def|1\n|\n|-heal|p2b: Corviknight|86/100|[from] item: Leftovers\n|upkeep\n|\n|t:|1775973706\n|switch|p2a: Garchomp|Garchomp, L50, F|50/100\n|turn|7\n|\n|t:|1775973711\n|move|p2a: Garchomp|Earthquake|p1a: Excadrill|[spread] p1a\n|-immune|p2b: Corviknight\n|-supereffective|p1a: Excadrill|1\n|-crit|p1a: Excadrill\n|-damage|p1a: Excadrill|0 fnt\n|faint|p1a: Excadrill\n|\n|win|korinn\n|raw|lemond's rating: 1145 &rarr; <strong>1125</strong><br />(-20 for losing)\n|raw|korinn's rating: 1217 &rarr; <strong>1237</strong><br />(+20 for winning)\n|l|\u2606korinn\n|player|p2|\n|j|+Pac n cheese@!\n",
  "uploadtime": 1775973958,
  "views": 14,
  "formatid": "gen9championsvgc2026regma",
  "rating": 1125,
  "private": 0,
  "password": null
}