{
  "id": "gen9championsvgc2026regma-2581182543",
  "format": "[Gen 9 Champions] VGC 2026 Reg M-A",
  "players": [
    "rilaxee",
    "sodarist"
  ],
  "log": "|j|\u2606rilaxee\n|j|\u2606sodarist\n|t:|1775968062\n|gametype|doubles\n|player|p1|rilaxee|101|1107\n|player|p2|sodarist|steven|1068\n|gen|9\n|tier|[Gen 9 Champions] VGC 2026 Reg M-A\n|rated|\n|rule|Species Clause: Limit one of each Pok\u00e9mon\n|rule|Item Clause: Limit 1 of each item\n|clearpoke\n|poke|p1|Crabominable, L50, M|\n|poke|p1|Sinistcha, L50|\n|poke|p1|Kingambit, L50, M|\n|poke|p1|Volcarona, L50, F|\n|poke|p1|Slowking, L50, M|\n|poke|p1|Ninetales-Alola, L50, F|\n|poke|p2|Incineroar, L50, F|\n|poke|p2|Whimsicott, L50, F|\n|poke|p2|Torkoal, L50, M|\n|poke|p2|Venusaur, L50, M|\n|poke|p2|Farigiraf, L50, M|\n|poke|p2|Rotom-Wash, L50|\n|teampreview|4\n|inactive|Battle timer is ON: inactive players will automatically lose when time's up. (requested by rilaxee)\n|\n|t:|1775968133\n|teamsize|p1|4\n|teamsize|p2|4\n|start\n|switch|p1a: Kingambit|Kingambit, L50, M|100/100\n|switch|p1b: Slowking|Slowking, L50, M|100/100\n|switch|p2a: Whimsicott|Whimsicott, L50, F|100/100\n|switch|p2b: Venusaur|Venusaur, L50, M|100/100\n|turn|1\n|inactive|rilaxee has 30 seconds left.\n|\n|t:|1775968173\n|switch|p1b: Volcarona|Volcarona, L50, F|100/100\n|detailschange|p2b: Venusaur|Venusaur-Mega, L50, M\n|-mega|p2b: Venusaur|Venusaur|Venusaurite\n|move|p2a: Whimsicott|Taunt|p1b: Volcarona\n|-start|p1b: Volcarona|move: Taunt\n|move|p2b: Venusaur|Sleep Powder|p1a: Kingambit|[miss]\n|-miss|p2b: Venusaur|p1a: Kingambit\n|move|p1a: Kingambit|Iron Head|p2a: Whimsicott\n|-supereffective|p2a: Whimsicott|1\n|-damage|p2a: Whimsicott|0 fnt\n|faint|p2a: Whimsicott\n|\n|upkeep\n|\n|t:|1775968185\n|switch|p2a: Torkoal|Torkoal, L50, M|100/100\n|-weather|SunnyDay|[from] ability: Drought|[of] p2a: Torkoal\n|turn|2\n|inactive|rilaxee has 30 seconds left.\n|inactive|rilaxee has 20 seconds left.\n|inactive|rilaxee has 15 seconds left.\n|\n|t:|1775968230\n|move|p2b: Venusaur|Sleep Powder|p1b: Volcarona\n|-status|p1b: Volcarona|slp|[from] move: Sleep Powder\n|cant|p1b: Volcarona|slp\n|move|p1a: Kingambit|Kowtow Cleave|p2a: Torkoal\n|-damage|p2a: Torkoal|70/100\n|move|p2a: Torkoal|Body Press|p1a: Kingambit\n|-supereffective|p1a: Kingambit|2\n|-damage|p1a: Kingambit|0 fnt\n|faint|p1a: Kingambit\n|\n|-weather|SunnyDay|[upkeep]\n|-heal|p2a: Torkoal|76/100|[from] item: Leftovers\n|upkeep\n|\n|t:|1775968244\n|switch|p1a: Slowking|Slowking, L50, M|100/100\n|turn|3\n|\n|t:|1775968264\n|move|p2b: Venusaur|Leaf Storm|p1a: Slowking\n|-supereffective|p1a: Slowking|1\n|-crit|p1a: Slowking\n|-damage|p1a: Slowking|0 fnt\n|-unboost|p2b: Venusaur|spa|2\n|faint|p1a: Slowking\n|cant|p1b: Volcarona|slp\n|move|p2a: Torkoal|Eruption|p1b: Volcarona\n|-damage|p1b: Volcarona|63/100 slp\n|\n|-weather|SunnyDay|[upkeep]\n|-heal|p1b: Volcarona|69/100 slp|[from] item: Leftovers\n|-heal|p2a: Torkoal|82/100|[from] item: Leftovers\n|-end|p1b: Volcarona|move: Taunt\n|upkeep\n|\n|t:|1775968274\n|switch|p1a: Crabominable|Crabominable, L50, M, shiny|100/100\n|turn|4\n|\n|t:|1775968298\n|detailschange|p1a: Crabominable|Crabominable-Mega, L50, M, shiny\n|-mega|p1a: Crabominable|Crabominable|Crabominite\n|move|p2b: Venusaur|Sleep Powder|p1a: Crabominable\n|-status|p1a: Crabominable|slp|[from] move: Sleep Powder\n|-curestatus|p1b: Volcarona|slp|[msg]\n|move|p1b: Volcarona|Fiery Dance|p2b: Venusaur\n|-supereffective|p2b: Venusaur|1\n|-damage|p2b: Venusaur|42/100\n|cant|p1a: Crabominable|slp\n|move|p2a: Torkoal|Eruption|p1b: Volcarona|[spread] p1a,p1b\n|-supereffective|p1a: Crabominable|1\n|-damage|p1a: Crabominable|40/100 slp\n|-damage|p1b: Volcarona|38/100\n|\n|-weather|SunnyDay|[upkeep]\n|-heal|p1b: Volcarona|44/100|[from] item: Leftovers\n|-heal|p2a: Torkoal|89/100|[from] item: Leftovers\n|upkeep\n|turn|5\n|inactive|sodarist has 30 seconds left.\n|\n|t:|1775968328\n|move|p2b: Venusaur|Sludge Bomb|p1a: Crabominable\n|-damage|p1a: Crabominable|22/100 slp\n|move|p1b: Volcarona|Fiery Dance|p2b: Venusaur\n|-supereffective|p2b: Venusaur|1\n|-damage|p2b: Venusaur|0 fnt\n|-boost|p1b: Volcarona|spa|1\n|faint|p2b: Venusaur\n|cant|p1a: Crabominable|slp\n|move|p2a: Torkoal|Eruption|p1b: Volcarona|[spread] p1a,p1b\n|-supereffective|p1a: Crabominable|1\n|-damage|p1a: Crabominable|0 fnt\n|-damage|p1b: Volcarona|12/100\n|faint|p1a: Crabominable\n|\n|-weather|SunnyDay|[upkeep]\n|-heal|p1b: Volcarona|18/100|[from] item: Leftovers\n|-heal|p2a: Torkoal|95/100|[from] item: Leftovers\n|upkeep\n|\n|t:|1775968343\n|switch|p2b: Rotom|Rotom-Wash, L50|100/100\n|turn|6\n|\n|t:|1775968351\n|move|p1b: Volcarona|Giga Drain|p2b: Rotom\n|-supereffective|p2b: Rotom|1\n|-damage|p2b: Rotom|20/100\n|-heal|p1b: Volcarona|56/100|[from] drain|[of] p2b: Rotom\n|move|p2b: Rotom|Hydro Pump|p1b: Volcarona\n|-supereffective|p1b: Volcarona|1\n|-damage|p1b: Volcarona|9/100\n|move|p2a: Torkoal|Eruption|p1b: Volcarona\n|-damage|p1b: Volcarona|0 fnt\n|faint|p1b: Volcarona\n|\n|win|sodarist\n|raw|rilaxee's rating: 1107 &rarr; <strong>1079</strong><br />(-28 for losing)\n|raw|sodarist's rating: 1068 &rarr; <strong>1101</strong><br />(+33 for winning)\n",
  "uploadtime": 1775968355,
  "views": 18,
  "formatid": "gen9championsvgc2026regma",
  "rating": 1079,
  "private": 0,
  "password": null
}