{
  "id": "gen9championsvgc2026regma-2581411381",
  "format": "[Gen 9 Champions] VGC 2026 Reg M-A",
  "players": [
    "siunhanech",
    "soulo333"
  ],
  "log": "|j|\u2606siunhanech\n|j|\u2606soulo333\n|t:|1775997682\n|gametype|doubles\n|player|p1|siunhanech|cynthia-gen4|1226\n|player|p2|soulo333|2|1237\n|gen|9\n|tier|[Gen 9 Champions] VGC 2026 Reg M-A\n|rated|\n|rule|Species Clause: Limit one of each Pok\u00e9mon\n|rule|Item Clause: Limit 1 of each item\n|clearpoke\n|poke|p1|Incineroar, L50, F|\n|poke|p1|Garchomp, L50, F|\n|poke|p1|Rotom-Wash, L50|\n|poke|p1|Orthworm, L50, F|\n|poke|p1|Basculegion, L50, M|\n|poke|p1|Froslass, L50, F|\n|poke|p2|Charizard, L50, F|\n|poke|p2|Kingambit, L50, M|\n|poke|p2|Rotom-Wash, L50|\n|poke|p2|Sinistcha, L50|\n|poke|p2|Ninetales-Alola, L50, F|\n|poke|p2|Sneasler, L50, F|\n|teampreview|4\n|inactive|Battle timer is ON: inactive players will automatically lose when time's up. (requested by siunhanech)\n|\n|t:|1775997697\n|teamsize|p1|4\n|teamsize|p2|4\n|start\n|switch|p1a: C\u00e1 m\u1eadp b\u00e9o|Garchomp, L50, F|100/100\n|switch|p1b: M\u00e1y gi\u1eb7t b\u00e9o|Rotom-Wash, L50, shiny|100/100\n|switch|p2a: Rotom|Rotom-Wash, L50|100/100\n|switch|p2b: Charizard|Charizard, L50, F|100/100\n|turn|1\n|\n|t:|1775997705\n|move|p1a: C\u00e1 m\u1eadp b\u00e9o|Protect|p1a: C\u00e1 m\u1eadp b\u00e9o\n|-singleturn|p1a: C\u00e1 m\u1eadp b\u00e9o|Protect\n|move|p2b: Charizard|Protect|p2b: Charizard\n|-singleturn|p2b: Charizard|Protect\n|move|p1b: M\u00e1y gi\u1eb7t b\u00e9o|Eerie Impulse|p2a: Rotom\n|-unboost|p2a: Rotom|spa|2\n|move|p2a: Rotom|Will-O-Wisp|p1a: C\u00e1 m\u1eadp b\u00e9o\n|-activate|p1a: C\u00e1 m\u1eadp b\u00e9o|move: Protect\n|\n|upkeep\n|turn|2\n|\n|t:|1775997723\n|detailschange|p2b: Charizard|Charizard-Mega-X, L50, F\n|-mega|p2b: Charizard|Charizard|Charizardite X\n|move|p1a: C\u00e1 m\u1eadp b\u00e9o|Rock Slide|p2b: Charizard|[spread] p2a\n|-miss|p1a: C\u00e1 m\u1eadp b\u00e9o|p2b: Charizard\n|-damage|p2a: Rotom|78/100\n|move|p2b: Charizard|Dragon Dance|p2b: Charizard\n|-boost|p2b: Charizard|atk|1\n|-boost|p2b: Charizard|spe|1\n|move|p1b: M\u00e1y gi\u1eb7t b\u00e9o|Volt Switch|p2a: Rotom\n|-damage|p2a: Rotom|55/100\n|\n|t:|1775997736\n|switch|p1b: C\u00e1 ch\u00e9p r\u00e1n|Basculegion, L50, M, shiny|100/100|[from] Volt Switch\n|move|p2a: Rotom|Will-O-Wisp|p1a: C\u00e1 m\u1eadp b\u00e9o\n|-status|p1a: C\u00e1 m\u1eadp b\u00e9o|brn\n|\n|-damage|p1a: C\u00e1 m\u1eadp b\u00e9o|95/100 brn|[from] brn\n|upkeep\n|turn|3\n|\n|t:|1775997746\n|move|p2b: Charizard|Protect|p2b: Charizard\n|-singleturn|p2b: Charizard|Protect\n|move|p1b: C\u00e1 ch\u00e9p r\u00e1n|Wave Crash|p2b: Charizard\n|-activate|p2b: Charizard|move: Protect\n|move|p1a: C\u00e1 m\u1eadp b\u00e9o|Dragon Claw|p2b: Charizard\n|-activate|p2b: Charizard|move: Protect\n|move|p2a: Rotom|Volt Switch|p1b: C\u00e1 ch\u00e9p r\u00e1n\n|-supereffective|p1b: C\u00e1 ch\u00e9p r\u00e1n|1\n|-damage|p1b: C\u00e1 ch\u00e9p r\u00e1n|69/100\n|\n|t:|1775997755\n|switch|p2a: Kingambit|Kingambit, L50, M|100/100|[from] Volt Switch\n|\n|-damage|p1a: C\u00e1 m\u1eadp b\u00e9o|89/100 brn|[from] brn\n|upkeep\n|turn|4\n|\n|t:|1775997768\n|switch|p1b: S\u00e2u b\u00e9o|Orthworm, L50, F|100/100\n|move|p2a: Kingambit|Sucker Punch||[still]\n|-fail|p2a: Kingambit\n|move|p2b: Charizard|Dragon Claw|p1a: C\u00e1 m\u1eadp b\u00e9o\n|-supereffective|p1a: C\u00e1 m\u1eadp b\u00e9o|1\n|-damage|p1a: C\u00e1 m\u1eadp b\u00e9o|0 fnt\n|-damage|p2b: Charizard|88/100|[from] ability: Rough Skin|[of] p1a: C\u00e1 m\u1eadp b\u00e9o\n|faint|p1a: C\u00e1 m\u1eadp b\u00e9o\n|\n|upkeep\n|\n|t:|1775997777\n|switch|p1a: M\u00e1y gi\u1eb7t b\u00e9o|Rotom-Wash, L50, shiny|100/100\n|turn|5\n|\n|t:|1775997784\n|move|p2b: Charizard|Flare Blitz|p1b: S\u00e2u b\u00e9o\n|-supereffective|p1b: S\u00e2u b\u00e9o|1\n|-damage|p1b: S\u00e2u b\u00e9o|0 fnt\n|faint|p1b: S\u00e2u b\u00e9o\n|-damage|p2b: Charizard|57/100|[from] Recoil\n|move|p1a: M\u00e1y gi\u1eb7t b\u00e9o|Will-O-Wisp|p2a: Kingambit\n|-status|p2a: Kingambit|brn\n|move|p2a: Kingambit|Kowtow Cleave|p1a: M\u00e1y gi\u1eb7t b\u00e9o\n|-damage|p1a: M\u00e1y gi\u1eb7t b\u00e9o|76/100\n|\n|-heal|p1a: M\u00e1y gi\u1eb7t b\u00e9o|81/100|[from] item: Leftovers\n|-damage|p2a: Kingambit|95/100 brn|[from] brn\n|upkeep\n|\n|t:|1775997799\n|switch|p1b: C\u00e1 ch\u00e9p r\u00e1n|Basculegion, L50, M, shiny|69/100\n|turn|6\n|\n|t:|1775997805\n|move|p2b: Charizard|Protect|p2b: Charizard\n|-singleturn|p2b: Charizard|Protect\n|move|p2a: Kingambit|Sucker Punch|p1b: C\u00e1 ch\u00e9p r\u00e1n\n|-supereffective|p1b: C\u00e1 ch\u00e9p r\u00e1n|1\n|-damage|p1b: C\u00e1 ch\u00e9p r\u00e1n|14/100\n|move|p1b: C\u00e1 ch\u00e9p r\u00e1n|Last Respects|p2b: Charizard\n|-activate|p2b: Charizard|move: Protect\n|move|p1a: M\u00e1y gi\u1eb7t b\u00e9o|Volt Switch|p2a: Kingambit\n|-damage|p2a: Kingambit|68/100 brn\n|\n|-heal|p1a: M\u00e1y gi\u1eb7t b\u00e9o|87/100|[from] item: Leftovers\n|-damage|p2a: Kingambit|62/100 brn|[from] brn\n|upkeep\n|turn|7\n|\n|t:|1775997827\n|move|p2a: Kingambit|Sucker Punch|p1b: C\u00e1 ch\u00e9p r\u00e1n\n|-supereffective|p1b: C\u00e1 ch\u00e9p r\u00e1n|1\n|-damage|p1b: C\u00e1 ch\u00e9p r\u00e1n|0 fnt\n|faint|p1b: C\u00e1 ch\u00e9p r\u00e1n\n|move|p2b: Charizard|Dragon Claw|p1a: M\u00e1y gi\u1eb7t b\u00e9o\n|-damage|p1a: M\u00e1y gi\u1eb7t b\u00e9o|10/100\n|move|p1a: M\u00e1y gi\u1eb7t b\u00e9o|Electroweb|p2a: Kingambit|[spread] p2a,p2b\n|-resisted|p2b: Charizard|1\n|-damage|p2a: Kingambit|46/100 brn\n|-damage|p2b: Charizard|48/100\n|-unboost|p2a: Kingambit|spe|1\n|-ability|p2a: Kingambit|Defiant|boost\n|-boost|p2a: Kingambit|atk|2\n|-unboost|p2b: Charizard|spe|1\n|\n|-heal|p1a: M\u00e1y gi\u1eb7t b\u00e9o|16/100|[from] item: Leftovers\n|-damage|p2a: Kingambit|40/100 brn|[from] brn\n|upkeep\n|turn|8\n|-message|siunhanech forfeited.\n|\n|win|soulo333\n|raw|siunhanech's rating: 1226 &rarr; <strong>1202</strong><br />(-24 for losing)\n|raw|soulo333's rating: 1237 &rarr; <strong>1261</strong><br />(+24 for winning)\n",
  "uploadtime": 1775997832,
  "views": 21,
  "formatid": "gen9championsvgc2026regma",
  "rating": 1202,
  "private": 0,
  "password": null
}