{
  "id": "gen9championsvgc2026regma-2584949123",
  "format": "[Gen 9 Champions] VGC 2026 Reg M-A",
  "players": [
    "Snaivi",
    "SphealMyFavPoke"
  ],
  "log": "|j|\u2606Snaivi\n|j|\u2606SphealMyFavPoke\n|t:|1776297292\n|gametype|doubles\n|player|p1|Snaivi|102|1063\n|player|p2|SphealMyFavPoke|chef|1000\n|gen|9\n|tier|[Gen 9 Champions] VGC 2026 Reg M-A\n|rated|\n|rule|Species Clause: Limit one of each Pok\u00e9mon\n|rule|Item Clause: Limit 1 of each item\n|clearpoke\n|poke|p1|Serperior, L50, M|\n|poke|p1|Skeledirge, L50, M|\n|poke|p1|Feraligatr, L50, M|\n|poke|p1|Sableye, L50, M|\n|poke|p1|Sneasler, L50, M|\n|poke|p1|Whimsicott, L50, F|\n|poke|p2|Torkoal, L50, M|\n|poke|p2|Houndoom, L50, M|\n|poke|p2|Whimsicott, L50, M|\n|poke|p2|Farigiraf, L50, M|\n|poke|p2|Sinistcha, L50|\n|poke|p2|Chimecho, L50, F|\n|teampreview|4\n|j| tpgame1100\n|inactive|Battle timer is ON: inactive players will automatically lose when time's up. (requested by Snaivi)\n|\n|t:|1776297397\n|teamsize|p1|4\n|teamsize|p2|4\n|start\n|switch|p1a: Skeledirge|Skeledirge, L50, M|100/100\n|switch|p1b: Sableye|Sableye, L50, M|100/100\n|switch|p2a: Whimsicott|Whimsicott, L50, M|100/100\n|switch|p2b: Houndoom|Houndoom, L50, M|100/100\n|turn|1\n|\n|t:|1776297418\n|detailschange|p2b: Houndoom|Houndoom-Mega, L50, M\n|-mega|p2b: Houndoom|Houndoom|Houndoominite\n|move|p1b: Sableye|Fake Out|p2b: Houndoom\n|-damage|p2b: Houndoom|92/100\n|move|p2a: Whimsicott|Fake Tears|p1a: Skeledirge\n|-unboost|p1a: Skeledirge|spd|2\n|cant|p2b: Houndoom|flinch\n|move|p1a: Skeledirge|Earth Power|p2b: Houndoom\n|-supereffective|p2b: Houndoom|1\n|-damage|p2b: Houndoom|25/100\n|\n|upkeep\n|turn|2\n|inactive|Snaivi has 30 seconds left.\n|\n|t:|1776297448\n|switch|p1a: Feraligatr|Feraligatr, L50, M|100/100\n|move|p2a: Whimsicott|Tailwind|p2a: Whimsicott\n|-sidestart|p2: SphealMyFavPoke|move: Tailwind\n|move|p1b: Sableye|Rain Dance|p1b: Sableye\n|-weather|RainDance\n|move|p2b: Houndoom|Dark Pulse|p1a: Feraligatr\n|-damage|p1a: Feraligatr|48/100\n|\n|-weather|RainDance|[upkeep]\n|upkeep\n|turn|3\n|inactive|Snaivi has 30 seconds left.\n|inactive|SphealMyFavPoke has 30 seconds left.\n|inactive|Snaivi has 20 seconds left.\n|inactive|SphealMyFavPoke has 20 seconds left.\n|inactive|Snaivi has 15 seconds left.\n|inactive|SphealMyFavPoke has 15 seconds left.\n|inactive|SphealMyFavPoke has 10 seconds left.\n|\n|t:|1776297493\n|switch|p2b: Torkoal|Torkoal, L50, M|100/100\n|-weather|SunnyDay|[from] ability: Drought|[of] p2b: Torkoal\n|detailschange|p1a: Feraligatr|Feraligatr-Mega, L50, M\n|-mega|p1a: Feraligatr|Feraligatr|Feraligite\n|move|p1a: Feraligatr|Protect|p1a: Feraligatr\n|-singleturn|p1a: Feraligatr|Protect\n|move|p1b: Sableye|Taunt|p2a: Whimsicott\n|-start|p2a: Whimsicott|move: Taunt\n|move|p2a: Whimsicott|Moonblast|p1a: Feraligatr\n|-activate|p1a: Feraligatr|move: Protect\n|\n|-weather|SunnyDay|[upkeep]\n|upkeep\n|turn|4\n|inactive|Snaivi has 30 seconds left.\n|inactive|SphealMyFavPoke has 30 seconds left.\n|\n|t:|1776297525\n|move|p1b: Sableye|Rain Dance|p1b: Sableye\n|-weather|RainDance\n|move|p2a: Whimsicott|Moonblast|p1a: Feraligatr\n|-supereffective|p1a: Feraligatr|1\n|-damage|p1a: Feraligatr|0 fnt\n|faint|p1a: Feraligatr\n|move|p2b: Torkoal|Eruption|p1b: Sableye\n|-damage|p1b: Sableye|71/100\n|\n|-weather|RainDance|[upkeep]\n|upkeep\n|\n|t:|1776297538\n|switch|p1a: Sneasler|Sneasler, L50, M|100/100\n|turn|5\n|\n|t:|1776297555\n|switch|p2a: Farigiraf|Farigiraf, L50, M|100/100\n|switch|p1b: Skeledirge|Skeledirge, L50, M|100/100\n|move|p2b: Torkoal|Protect|p2b: Torkoal\n|-singleturn|p2b: Torkoal|Protect\n|move|p1a: Sneasler|Dire Claw|p2a: Farigiraf\n|-damage|p2a: Farigiraf|62/100\n|\n|-weather|RainDance|[upkeep]\n|-sideend|p2: SphealMyFavPoke|move: Tailwind\n|upkeep\n|turn|6\n|inactive|Snaivi has 30 seconds left.\n|inactive|SphealMyFavPoke has 30 seconds left.\n|inactive|SphealMyFavPoke has 20 seconds left.\n|inactive|SphealMyFavPoke has 15 seconds left.\n|inactive|SphealMyFavPoke has 10 seconds left.\n|\n|t:|1776297601\n|switch|p1a: Sableye|Sableye, L50, M|71/100\n|switch|p2b: Whimsicott|Whimsicott, L50, M|100/100\n|move|p1b: Skeledirge|Torch Song|p2a: Farigiraf\n|-damage|p2a: Farigiraf|48/100\n|-boost|p1b: Skeledirge|spa|1\n|move|p2a: Farigiraf|Trick Room|p2a: Farigiraf\n|-fieldstart|move: Trick Room|[of] p2a: Farigiraf\n|\n|-weather|RainDance|[upkeep]\n|upkeep\n|turn|7\n|inactive|Snaivi has 30 seconds left.\n|inactive|SphealMyFavPoke has 30 seconds left.\n|l| tpgame1100\n|inactive|SphealMyFavPoke has 20 seconds left.\n|inactive|SphealMyFavPoke has 15 seconds left.\n|inactive|SphealMyFavPoke has 10 seconds left.\n|inactive|SphealMyFavPoke has 5 seconds left.\n|\n|t:|1776297656\n|move|p1a: Sableye|Fake Out||[still]\n|cant|p2a: Farigiraf|ability: Armor Tail|Fake Out|[of] p1a: Sableye\n|move|p2b: Whimsicott|Encore|p1a: Sableye\n|-hint|Since gen 7, Dark is immune to Prankster moves.\n|-immune|p1a: Sableye\n|move|p1b: Skeledirge|Earth Power|p2a: Farigiraf\n|-damage|p2a: Farigiraf|19/100\n|move|p2a: Farigiraf|Trick Room|p2a: Farigiraf\n|-fieldend|move: Trick Room\n|\n|-weather|RainDance|[upkeep]\n|upkeep\n|turn|8\n|j| tpgame1100\n|inactive|Snaivi has 30 seconds left.\n|inactive|SphealMyFavPoke has 30 seconds left.\n|inactive|Snaivi has 20 seconds left.\n|\n|t:|1776297695\n|move|p1b: Skeledirge|Protect|p1b: Skeledirge\n|-singleturn|p1b: Skeledirge|Protect\n|move|p2b: Whimsicott|Fake Tears|p1b: Skeledirge\n|-activate|p1b: Skeledirge|move: Protect\n|move|p1a: Sableye|Taunt||[still]\n|cant|p2a: Farigiraf|ability: Armor Tail|Taunt|[of] p1a: Sableye\n|move|p2a: Farigiraf|Psychic Noise|p1b: Skeledirge\n|-activate|p1b: Skeledirge|move: Protect\n|\n|-weather|none\n|upkeep\n|turn|9\n|inactive|SphealMyFavPoke has 30 seconds left.\n|inactive|SphealMyFavPoke has 20 seconds left.\n|inactive|SphealMyFavPoke has 15 seconds left.\n|inactive|SphealMyFavPoke has 10 seconds left.\n|\n|t:|1776297744\n|switch|p1a: Sneasler|Sneasler, L50, M|100/100\n|move|p2b: Whimsicott|Encore|p1b: Skeledirge\n|-start|p1b: Skeledirge|Encore\n|move|p1b: Skeledirge|Protect||[still]\n|-fail|p1b: Skeledirge\n|move|p2a: Farigiraf|Psychic Noise|p1b: Skeledirge\n|-damage|p1b: Skeledirge|78/100\n|-start|p1b: Skeledirge|move: Heal Block\n|\n|upkeep\n|turn|10\n|inactive|Snaivi has 30 seconds left.\n|inactive|SphealMyFavPoke has 30 seconds left.\n|inactive|Snaivi has 20 seconds left.\n|inactive|SphealMyFavPoke has 20 seconds left.\n|\n|t:|1776297783\n|move|p1b: Skeledirge|Protect|p1b: Skeledirge\n|-singleturn|p1b: Skeledirge|Protect\n|move|p1a: Sneasler|Dire Claw|p2a: Farigiraf\n|-damage|p2a: Farigiraf|0 fnt\n|faint|p2a: Farigiraf\n|move|p2b: Whimsicott|Moonblast|p1a: Sneasler\n|-damage|p1a: Sneasler|48/100\n|\n|-end|p1b: Skeledirge|move: Heal Block\n|upkeep\n|\n|t:|1776297798\n|switch|p2a: Torkoal|Torkoal, L50, M|100/100\n|-weather|SunnyDay|[from] ability: Drought|[of] p2a: Torkoal\n|turn|11\n|inactive|SphealMyFavPoke has 30 seconds left.\n|\n|t:|1776297828\n|move|p1b: Skeledirge|Protect|p1b: Skeledirge\n|-singleturn|p1b: Skeledirge|Protect\n|move|p2b: Whimsicott|Tailwind|p2b: Whimsicott\n|-sidestart|p2: SphealMyFavPoke|move: Tailwind\n|move|p1a: Sneasler|Dire Claw|p2b: Whimsicott\n|-supereffective|p2b: Whimsicott|2\n|-enditem|p2b: Whimsicott|Focus Sash\n|-damage|p2b: Whimsicott|1/100\n|move|p2a: Torkoal|Eruption|p1b: Skeledirge|[spread] p1a\n|-activate|p1b: Skeledirge|move: Protect\n|-damage|p1a: Sneasler|0 fnt\n|faint|p1a: Sneasler\n|\n|-weather|SunnyDay|[upkeep]\n|-heal|p1b: Skeledirge|84/100|[from] item: Leftovers\n|-end|p1b: Skeledirge|Encore\n|upkeep\n|\n|t:|1776297847\n|switch|p1a: Sableye|Sableye, L50, M|71/100\n|turn|12\n|inactive|SphealMyFavPoke has 30 seconds left.\n|\n|t:|1776297861\n|move|p1a: Sableye|Fake Out|p2b: Whimsicott\n|-damage|p2b: Whimsicott|0 fnt\n|faint|p2b: Whimsicott\n|move|p1b: Skeledirge|Earth Power|p2a: Torkoal\n|-supereffective|p2a: Torkoal|1\n|-damage|p2a: Torkoal|12/100\n|move|p2a: Torkoal|Eruption|p1b: Skeledirge|[spread] p1a,p1b\n|-resisted|p1b: Skeledirge|1\n|-crit|p1b: Skeledirge\n|-damage|p1a: Sableye|64/100\n|-damage|p1b: Skeledirge|80/100\n|\n|-weather|SunnyDay|[upkeep]\n|-heal|p1b: Skeledirge|86/100|[from] item: Leftovers\n|upkeep\n|inactive|SphealMyFavPoke has 30 seconds left this turn.\n|inactive|SphealMyFavPoke has 20 seconds left.\n|inactive|SphealMyFavPoke has 15 seconds left.\n|\n|t:|1776297878\n|switch|p2b: Houndoom|Houndoom-Mega, L50, M|25/100\n|turn|13\n|inactive|SphealMyFavPoke has 15 seconds left this turn.\n|inactive|SphealMyFavPoke has 10 seconds left.\n|inactive|SphealMyFavPoke has 5 seconds left.\n|\n|t:|1776297901\n|move|p2a: Torkoal|Helping Hand|p2b: Houndoom\n|-singleturn|p2b: Houndoom|Helping Hand|[of] p2a: Torkoal\n|move|p1a: Sableye|Taunt|p2a: Torkoal\n|-start|p2a: Torkoal|move: Taunt\n|move|p2b: Houndoom|Dark Pulse|p1b: Skeledirge\n|-supereffective|p1b: Skeledirge|1\n|-damage|p1b: Skeledirge|0 fnt\n|faint|p1b: Skeledirge\n|\n|-weather|SunnyDay|[upkeep]\n|-damage|p2b: Houndoom|12/100|[from] ability: Solar Power|[of] p2b: Houndoom\n|upkeep\n|turn|14\n|inactive|SphealMyFavPoke has 5 seconds left this turn.\n|-message|SphealMyFavPoke lost due to inactivity.\n|\n|win|Snaivi\n|raw|Snaivi's rating: 1063 &rarr; <strong>1088</strong><br />(+25 for winning)\n|raw|SphealMyFavPoke's rating: 1000 &rarr; <strong>1000</strong><br />(+0 for losing)\n|c|\u2606Snaivi|Gg\n|c|\u2606SphealMyFavPoke|Gg\n|l| tpgame1100\n|l|\u2606SphealMyFavPoke\n|player|p2|\n",
  "uploadtime": 1776298008,
  "views": 31,
  "formatid": "gen9championsvgc2026regma",
  "rating": 1000,
  "private": 0,
  "password": null
}