{
  "id": "gen9championsvgc2026regma-2586464112",
  "format": "[Gen 9 Champions] VGC 2026 Reg M-A",
  "players": [
    "skjwkbdh",
    "cobaltp154"
  ],
  "log": "|j|\u2606skjwkbdh\n|j|\u2606cobaltp154\n|t:|1776436493\n|gametype|doubles\n|player|p1|skjwkbdh|169|1021\n|player|p2|cobaltp154|skyla|1000\n|gen|9\n|tier|[Gen 9 Champions] VGC 2026 Reg M-A\n|rated|\n|rule|Species Clause: Limit one of each Pok\u00e9mon\n|rule|Item Clause: Limit 1 of each item\n|clearpoke\n|poke|p1|Espathra, L50, F|\n|poke|p1|Charizard, L50, M|\n|poke|p1|Garchomp, L50, F|\n|poke|p1|Sableye, L50, F|\n|poke|p1|Milotic, L50, M|\n|poke|p1|Gardevoir, L50, F|\n|poke|p2|Talonflame, L50, F|\n|poke|p2|Whimsicott, L50, F|\n|poke|p2|Pelipper, L50, F|\n|poke|p2|Archaludon, L50, M|\n|poke|p2|Dragonite, L50, F|\n|poke|p2|Serperior, L50, F|\n|teampreview|4\n|inactive|Battle timer is ON: inactive players will automatically lose when time's up. (requested by cobaltp154)\n|\n|t:|1776436510\n|teamsize|p1|4\n|teamsize|p2|4\n|start\n|switch|p1a: Sableye|Sableye, L50, F|100/100\n|switch|p1b: Charizard|Charizard, L50, M|100/100\n|switch|p2a: Pelipper|Pelipper, L50, F|100/100\n|switch|p2b: Archaludon|Archaludon, L50, M|100/100\n|-weather|RainDance|[from] ability: Drizzle|[of] p2a: Pelipper\n|turn|1\n|\n|t:|1776436528\n|move|p1b: Charizard|Protect|p1b: Charizard\n|-singleturn|p1b: Charizard|Protect\n|move|p1a: Sableye|Fake Out|p2b: Archaludon\n|-resisted|p2b: Archaludon|1\n|-damage|p2b: Archaludon|98/100\n|-ability|p2b: Archaludon|Stamina|boost\n|-boost|p2b: Archaludon|def|1\n|move|p2a: Pelipper|U-turn|p1a: Sableye\n|-damage|p1a: Sableye|88/100\n|\n|t:|1776436538\n|switch|p2a: Dragonite|Dragonite, L50, F|100/100|[from] U-turn\n|cant|p2b: Archaludon|flinch\n|\n|-weather|RainDance|[upkeep]\n|-heal|p2b: Archaludon|100/100|[from] item: Leftovers\n|upkeep\n|turn|2\n|\n|t:|1776436560\n|switch|p1b: Garchomp|Garchomp, L50, F|100/100\n|detailschange|p2a: Dragonite|Dragonite-Mega, L50, F\n|-mega|p2a: Dragonite|Dragonite|Dragoninite\n|move|p1a: Sableye|Gravity|p1a: Sableye\n|-fieldstart|move: Gravity\n|move|p2a: Dragonite|Thunder|p1a: Sableye\n|-damage|p1a: Sableye|37/100\n|move|p2b: Archaludon|Electro Shot||[still]\n|-prepare|p2b: Archaludon|Electro Shot\n|-boost|p2b: Archaludon|spa|1\n|-anim|p2b: Archaludon|Electro Shot|p1b: Garchomp\n|-immune|p1b: Garchomp\n|\n|-weather|RainDance|[upkeep]\n|upkeep\n|turn|3\n|inactive|skjwkbdh has 30 seconds left.\n|\n|t:|1776436588\n|move|p2a: Dragonite|Draco Meteor|p1b: Garchomp\n|-supereffective|p1b: Garchomp|1\n|-damage|p1b: Garchomp|0 fnt\n|-unboost|p2a: Dragonite|spa|2\n|faint|p1b: Garchomp\n|move|p2b: Archaludon|Electro Shot||[still]\n|-prepare|p2b: Archaludon|Electro Shot\n|-boost|p2b: Archaludon|spa|1\n|-anim|p2b: Archaludon|Electro Shot|p1a: Sableye\n|-damage|p1a: Sableye|0 fnt\n|faint|p1a: Sableye\n|\n|-weather|RainDance|[upkeep]\n|upkeep\n|\n|t:|1776436601\n|switch|p1b: Milotic|Milotic, L50, M|100/100\n|switch|p1a: Charizard|Charizard, L50, M|100/100\n|turn|4\n|\n|t:|1776436611\n|detailschange|p1a: Charizard|Charizard-Mega-Y, L50, M\n|-mega|p1a: Charizard|Charizard|Charizardite Y\n|-weather|SunnyDay|[from] ability: Drought|[of] p1a: Charizard\n|move|p2a: Dragonite|Thunder|p1b: Milotic|[miss]\n|-miss|p2a: Dragonite|p1b: Milotic\n|move|p1a: Charizard|Heat Wave|p2b: Archaludon|[spread] p2a,p2b\n|-resisted|p2a: Dragonite|1\n|-damage|p2a: Dragonite|86/100\n|-damage|p2b: Archaludon|5/100\n|-ability|p2b: Archaludon|Stamina|boost\n|-boost|p2b: Archaludon|def|1\n|move|p1b: Milotic|Ice Beam|p2a: Dragonite\n|-supereffective|p2a: Dragonite|2\n|-damage|p2a: Dragonite|2/100\n|move|p2b: Archaludon|Draco Meteor|p1a: Charizard\n|-damage|p1a: Charizard|0 fnt\n|-unboost|p2b: Archaludon|spa|2\n|faint|p1a: Charizard\n|\n|-weather|SunnyDay|[upkeep]\n|-heal|p2b: Archaludon|11/100|[from] item: Leftovers\n|upkeep\n|turn|5\n|\n|t:|1776436633\n|switch|p2a: Pelipper|Pelipper, L50, F|100/100\n|-weather|RainDance|[from] ability: Drizzle|[of] p2a: Pelipper\n|move|p1b: Milotic|Scald|p2a: Pelipper\n|-resisted|p2a: Pelipper|1\n|-damage|p2a: Pelipper|63/100\n|move|p2b: Archaludon|Electro Shot||[still]\n|-prepare|p2b: Archaludon|Electro Shot\n|-boost|p2b: Archaludon|spa|1\n|-anim|p2b: Archaludon|Electro Shot|p1b: Milotic\n|-supereffective|p1b: Milotic|1\n|-damage|p1b: Milotic|10/100\n|-enditem|p1b: Milotic|Sitrus Berry|[eat]\n|-heal|p1b: Milotic|35/100|[from] item: Sitrus Berry\n|\n|-weather|RainDance|[upkeep]\n|-heal|p2b: Archaludon|17/100|[from] item: Leftovers\n|upkeep\n|turn|6\n|\n|t:|1776436654\n|move|p2a: Pelipper|Hurricane|p1b: Milotic\n|-damage|p1b: Milotic|7/100\n|move|p1b: Milotic|Scald|p2b: Archaludon\n|-resisted|p2b: Archaludon|1\n|-damage|p2b: Archaludon|0 fnt\n|faint|p2b: Archaludon\n|\n|-weather|RainDance|[upkeep]\n|-fieldend|move: Gravity\n|upkeep\n|\n|t:|1776436660\n|switch|p2b: Whimsicott|Whimsicott, L50, F|100/100\n|turn|7\n|-activate|p2a: Pelipper|item: Quick Claw\n|\n|t:|1776436668\n|move|p2b: Whimsicott|Helping Hand|p2a: Pelipper\n|-singleturn|p2a: Pelipper|Helping Hand|[of] p2b: Whimsicott\n|move|p2a: Pelipper|Hurricane|p1b: Milotic\n|-damage|p1b: Milotic|0 fnt\n|faint|p1b: Milotic\n|\n|win|cobaltp154\n|raw|skjwkbdh's rating: 1021 &rarr; <strong>1007</strong><br />(-14 for losing)\n|raw|cobaltp154's rating: 1000 &rarr; <strong>1042</strong><br />(+42 for winning)\n|l|\u2606skjwkbdh\n|player|p1|\n",
  "uploadtime": 1776436678,
  "views": 24,
  "formatid": "gen9championsvgc2026regma",
  "rating": 1007,
  "private": 0,
  "password": null
}