{
  "id": "gen9championsvgc2026regma-2583553688",
  "format": "[Gen 9 Champions] VGC 2026 Reg M-A",
  "players": [
    "kurama802",
    "Some1koolVGC"
  ],
  "log": "|j|\u2606kurama802\n|j|\u2606Some1koolVGC\n|t:|1776182933\n|gametype|doubles\n|player|p1|kurama802|jasmine-masters|1304\n|player|p2|Some1koolVGC|janitor|1293\n|gen|9\n|tier|[Gen 9 Champions] VGC 2026 Reg M-A\n|rated|\n|rule|Species Clause: Limit one of each Pok\u00e9mon\n|rule|Item Clause: Limit 1 of each item\n|clearpoke\n|poke|p1|Sneasler, L50, F|\n|poke|p1|Ampharos, L50, M|\n|poke|p1|Sinistcha, L50|\n|poke|p1|Skarmory, L50, F|\n|poke|p1|Incineroar, L50, M|\n|poke|p1|Glimmora, L50, M|\n|poke|p2|Starmie, L50|\n|poke|p2|Pelipper, L50, M|\n|poke|p2|Archaludon, L50, M|\n|poke|p2|Sinistcha-Masterpiece, L50|\n|poke|p2|Incineroar, L50, M|\n|poke|p2|Basculegion, L50, M|\n|teampreview|4\n|\n|t:|1776182991\n|teamsize|p1|4\n|teamsize|p2|4\n|start\n|switch|p1a: Ampharos|Ampharos, L50, M|100/100\n|switch|p1b: Wolfey|Incineroar, L50, M|100/100\n|switch|p2a: Granite Blast|Archaludon, L50, M|100/100\n|switch|p2b: Kurourushi|Pelipper, L50, M|100/100\n|-weather|RainDance|[from] ability: Drizzle|[of] p2b: Kurourushi\n|-ability|p1b: Wolfey|Intimidate|boost\n|-unboost|p2a: Granite Blast|atk|1\n|-unboost|p2b: Kurourushi|atk|1\n|-enditem|p2a: Granite Blast|White Herb\n|-clearnegativeboost|p2a: Granite Blast|[silent]\n|turn|1\n|\n|t:|1776183039\n|move|p1b: Wolfey|Fake Out|p2b: Kurourushi\n|-damage|p2b: Kurourushi|84/100\n|move|p2a: Granite Blast|Draco Meteor|p1a: Ampharos\n|-damage|p1a: Ampharos|27/100\n|-unboost|p2a: Granite Blast|spa|2\n|cant|p2b: Kurourushi|flinch\n|move|p1a: Ampharos|Dragon Pulse|p2a: Granite Blast\n|-damage|p2a: Granite Blast|59/100\n|\n|-weather|RainDance|[upkeep]\n|upkeep\n|turn|2\n|\n|t:|1776183083\n|switch|p2a: Limitless|Sinistcha-Masterpiece, L50|100/100\n|-heal|p2b: Kurourushi|100/100|[from] ability: Hospitality|[of] p2a: Limitless\n|move|p1a: Ampharos|Protect|p1a: Ampharos\n|-singleturn|p1a: Ampharos|Protect\n|move|p2b: Kurourushi|Weather Ball|p1b: Wolfey\n|-supereffective|p1b: Wolfey|1\n|-damage|p1b: Wolfey|0 fnt\n|faint|p1b: Wolfey\n|\n|-weather|RainDance|[upkeep]\n|upkeep\n|\n|t:|1776183094\n|switch|p1b: Baja Blast|Sinistcha, L50|100/100\n|-heal|p1a: Ampharos|52/100|[from] ability: Hospitality|[of] p1b: Baja Blast\n|turn|3\n|\n|t:|1776183106\n|detailschange|p1a: Ampharos|Ampharos-Mega, L50, M\n|-mega|p1a: Ampharos|Ampharos|Ampharosite\n|-ability|p1a: Ampharos|Mold Breaker\n|move|p1b: Baja Blast|Protect|p1b: Baja Blast\n|-singleturn|p1b: Baja Blast|Protect\n|move|p2b: Kurourushi|Hurricane|p1b: Baja Blast\n|-activate|p1b: Baja Blast|move: Protect\n|move|p2a: Limitless|Matcha Gotcha|p1b: Baja Blast|[spread] p1a\n|-activate|p1b: Baja Blast|move: Protect\n|-resisted|p1a: Ampharos|1\n|-damage|p1a: Ampharos|42/100\n|move|p1a: Ampharos|Parabolic Charge|p2b: Kurourushi|[spread] p2a,p2b\n|-activate|p1b: Baja Blast|move: Protect\n|-resisted|p2a: Limitless|1\n|-supereffective|p2b: Kurourushi|2\n|-damage|p2a: Limitless|82/100\n|-heal|p1a: Ampharos|50/100|[from] drain|[of] p2a: Limitless\n|-enditem|p2b: Kurourushi|Focus Sash\n|-damage|p2b: Kurourushi|1/100\n|-heal|p1a: Ampharos|85/100|[from] drain|[of] p2b: Kurourushi\n|\n|-weather|RainDance|[upkeep]\n|upkeep\n|turn|4\n|\n|t:|1776183163\n|move|p1b: Baja Blast|Protect|p1b: Baja Blast\n|-singleturn|p1b: Baja Blast|Protect\n|move|p2b: Kurourushi|Hurricane|p1b: Baja Blast\n|-activate|p1b: Baja Blast|move: Protect\n|move|p2a: Limitless|Matcha Gotcha|p1a: Ampharos|[spread] p1a\n|-activate|p1b: Baja Blast|move: Protect\n|-resisted|p1a: Ampharos|1\n|-damage|p1a: Ampharos|76/100\n|-heal|p2a: Limitless|87/100|[from] drain|[of] p1a: Ampharos\n|-status|p1a: Ampharos|brn\n|move|p1a: Ampharos|Parabolic Charge|p2b: Kurourushi|[spread] p2a,p2b\n|-activate|p1b: Baja Blast|move: Protect\n|-resisted|p2a: Limitless|1\n|-supereffective|p2b: Kurourushi|2\n|-damage|p2a: Limitless|67/100\n|-heal|p1a: Ampharos|85/100 brn|[from] drain|[of] p2a: Limitless\n|-damage|p2b: Kurourushi|0 fnt\n|-heal|p1a: Ampharos|85/100 brn|[from] drain|[of] p2b: Kurourushi\n|faint|p2b: Kurourushi\n|\n|-weather|RainDance|[upkeep]\n|-damage|p1a: Ampharos|79/100 brn|[from] brn\n|upkeep\n|c|\u2606Some1koolVGC|chud chuddy chudington\n|\n|t:|1776183187\n|switch|p2b: Hollow Purple|Starmie, L50|100/100\n|turn|5\n|\n|t:|1776183197\n|detailschange|p2b: Hollow Purple|Starmie-Mega, L50\n|-mega|p2b: Hollow Purple|Starmie|Starminite\n|move|p2b: Hollow Purple|Protect|p2b: Hollow Purple\n|-singleturn|p2b: Hollow Purple|Protect\n|move|p1b: Baja Blast|Rage Powder|p1b: Baja Blast\n|-singleturn|p1b: Baja Blast|move: Rage Powder\n|move|p2a: Limitless|Matcha Gotcha|p1a: Ampharos|[spread] p1a,p1b\n|-resisted|p1a: Ampharos|1\n|-resisted|p1b: Baja Blast|1\n|-damage|p1a: Ampharos|70/100 brn\n|-heal|p2a: Limitless|72/100|[from] drain|[of] p1a: Ampharos\n|-damage|p1b: Baja Blast|89/100\n|-heal|p2a: Limitless|78/100|[from] drain|[of] p1b: Baja Blast\n|move|p1a: Ampharos|Dragon Pulse|p2a: Limitless\n|-damage|p2a: Limitless|11/100\n|-enditem|p2a: Limitless|Sitrus Berry|[eat]\n|-heal|p2a: Limitless|35/100|[from] item: Sitrus Berry\n|\n|-weather|none\n|-heal|p1b: Baja Blast|95/100|[from] item: Leftovers\n|-damage|p1a: Ampharos|64/100 brn|[from] brn\n|upkeep\n|turn|6\n|c|\u2606kurama802|me when i play a game with rng and get mad at rng\n|\n|t:|1776183225\n|move|p1b: Baja Blast|Rage Powder|p1b: Baja Blast\n|-singleturn|p1b: Baja Blast|move: Rage Powder\n|move|p2b: Hollow Purple|Zen Headbutt|p1b: Baja Blast\n|-damage|p1b: Baja Blast|39/100\n|move|p2a: Limitless|Matcha Gotcha|p1a: Ampharos|[spread] p1a,p1b\n|-resisted|p1a: Ampharos|1\n|-resisted|p1b: Baja Blast|1\n|-damage|p1a: Ampharos|54/100 brn\n|-heal|p2a: Limitless|41/100|[from] drain|[of] p1a: Ampharos\n|-damage|p1b: Baja Blast|26/100\n|-heal|p2a: Limitless|48/100|[from] drain|[of] p1b: Baja Blast\n|-status|p1b: Baja Blast|brn\n|move|p1a: Ampharos|Thunderbolt|p2b: Hollow Purple\n|-supereffective|p2b: Hollow Purple|1\n|-damage|p2b: Hollow Purple|0 fnt\n|faint|p2b: Hollow Purple\n|\n|-heal|p1b: Baja Blast|32/100 brn|[from] item: Leftovers\n|-damage|p1b: Baja Blast|26/100 brn|[from] brn\n|-damage|p1a: Ampharos|48/100 brn|[from] brn\n|upkeep\n|\n|t:|1776183240\n|switch|p2b: Granite Blast|Archaludon, L50, M|59/100\n|turn|7\n|\n|t:|1776183250\n|move|p2b: Granite Blast|Protect|p2b: Granite Blast\n|-singleturn|p2b: Granite Blast|Protect\n|move|p1a: Ampharos|Protect|p1a: Ampharos\n|-singleturn|p1a: Ampharos|Protect\n|move|p2a: Limitless|Matcha Gotcha|p1b: Baja Blast|[spread] p1b\n|-activate|p1a: Ampharos|move: Protect\n|-resisted|p1b: Baja Blast|1\n|-damage|p1b: Baja Blast|13/100 brn\n|-heal|p2a: Limitless|54/100|[from] drain|[of] p1b: Baja Blast\n|move|p1b: Baja Blast|Life Dew|p1b: Baja Blast|[spread] p1a,p1b\n|-heal|p1a: Ampharos|73/100 brn\n|-heal|p1b: Baja Blast|39/100 brn\n|\n|-heal|p1b: Baja Blast|45/100 brn|[from] item: Leftovers\n|-damage|p1b: Baja Blast|39/100 brn|[from] brn\n|-damage|p1a: Ampharos|67/100 brn|[from] brn\n|upkeep\n|turn|8\n|\n|t:|1776183279\n|move|p2a: Limitless|Rage Powder|p2a: Limitless\n|-singleturn|p2a: Limitless|move: Rage Powder\n|move|p1b: Baja Blast|Rage Powder|p1b: Baja Blast\n|-singleturn|p1b: Baja Blast|move: Rage Powder\n|move|p2b: Granite Blast|Draco Meteor|p1b: Baja Blast\n|-damage|p1b: Baja Blast|0 fnt\n|-unboost|p2b: Granite Blast|spa|2\n|faint|p1b: Baja Blast\n|move|p1a: Ampharos|Dragon Pulse|p2a: Limitless\n|-damage|p2a: Limitless|0 fnt\n|faint|p2a: Limitless\n|\n|-damage|p1a: Ampharos|61/100 brn|[from] brn\n|upkeep\n|\n|t:|1776183290\n|switch|p1b: The Sneasler|Sneasler, L50, F|100/100\n|turn|9\n|\n|t:|1776183299\n|move|p2b: Granite Blast|Protect|p2b: Granite Blast\n|-singleturn|p2b: Granite Blast|Protect\n|move|p1b: The Sneasler|Close Combat|p2b: Granite Blast\n|-activate|p2b: Granite Blast|move: Protect\n|move|p1a: Ampharos|Dragon Pulse|p2b: Granite Blast\n|-activate|p2b: Granite Blast|move: Protect\n|\n|-damage|p1a: Ampharos|55/100 brn|[from] brn\n|upkeep\n|turn|10\n|c|\u2606Some1koolVGC|gg chud\n|\n|t:|1776183310\n|move|p1b: The Sneasler|Close Combat|p2b: Granite Blast\n|-supereffective|p2b: Granite Blast|1\n|-damage|p2b: Granite Blast|0 fnt\n|-unboost|p1b: The Sneasler|def|1\n|-unboost|p1b: The Sneasler|spd|1\n|faint|p2b: Granite Blast\n|\n|win|kurama802\n|raw|kurama802's rating: 1304 &rarr; <strong>1323</strong><br />(+19 for winning)\n|raw|Some1koolVGC's rating: 1293 &rarr; <strong>1269</strong><br />(-24 for losing)\n|c|\u2606kurama802|gg\n|l|\u2606Some1koolVGC\n|player|p2|\n",
  "uploadtime": 1776183344,
  "views": 37,
  "formatid": "gen9championsvgc2026regma",
  "rating": 1269,
  "private": 0,
  "password": null
}