{
  "id": "gen9championsvgc2026regma-2586460704",
  "format": "[Gen 9 Champions] VGC 2026 Reg M-A",
  "players": [
    "rytjbjt",
    "RCBardo"
  ],
  "log": "|j|\u2606rytjbjt\n|j|\u2606RCBardo\n|t:|1776436264\n|gametype|doubles\n|player|p1|rytjbjt|sage|1152\n|player|p2|RCBardo|ethan|1092\n|gen|9\n|tier|[Gen 9 Champions] VGC 2026 Reg M-A\n|rated|\n|rule|Species Clause: Limit one of each Pok\u00e9mon\n|rule|Item Clause: Limit 1 of each item\n|clearpoke\n|poke|p1|Gengar, L50, F|\n|poke|p1|Incineroar, L50, M|\n|poke|p1|Clefable, L50, M|\n|poke|p1|Sinistcha, L50|\n|poke|p1|Samurott-Hisui, L50, M|\n|poke|p1|Kommo-o, L50, M|\n|poke|p2|Feraligatr, L50, M|\n|poke|p2|Pelipper, L50, M|\n|poke|p2|Archaludon, L50, M|\n|poke|p2|Maushold, L50|\n|poke|p2|Sneasler, L50, F|\n|poke|p2|Incineroar, L50, M|\n|teampreview|4\n|j| skonk\n|c| skonk|hello there chaps\n|c| skonk|lets all have fun\n|inactive|Battle timer is ON: inactive players will automatically lose when time's up. (requested by RCBardo)\n|\n|t:|1776436308\n|teamsize|p1|4\n|teamsize|p2|4\n|start\n|switch|p1a: Samurott|Samurott-Hisui, L50, M|100/100\n|switch|p1b: Gengar|Gengar, L50, F|100/100\n|switch|p2a: Revolva|Archaludon, L50, M|100/100\n|switch|p2b: Plaga|Maushold, L50|100/100\n|turn|1\n|\n|t:|1776436328\n|switch|p2b: Pelicano|Pelipper, L50, M|100/100\n|-weather|RainDance|[from] ability: Drizzle|[of] p2b: Pelicano\n|detailschange|p1b: Gengar|Gengar-Mega, L50, F\n|-mega|p1b: Gengar|Gengar|Gengarite\n|move|p1a: Samurott|Sacred Sword|p2b: Pelicano\n|-resisted|p2b: Pelicano|1\n|-damage|p2b: Pelicano|78/100\n|move|p1b: Gengar|Perish Song|p1b: Gengar\n|-start|p1a: Samurott|perish3|[silent]\n|-start|p1b: Gengar|perish3|[silent]\n|-start|p2a: Revolva|perish3|[silent]\n|-start|p2b: Pelicano|perish3|[silent]\n|-fieldactivate|move: Perish Song\n|move|p2a: Revolva|Electro Shot||[still]\n|-prepare|p2a: Revolva|Electro Shot\n|-boost|p2a: Revolva|spa|1\n|-anim|p2a: Revolva|Electro Shot|p1a: Samurott\n|-supereffective|p1a: Samurott|1\n|-damage|p1a: Samurott|0 fnt\n|faint|p1a: Samurott\n|\n|-weather|RainDance|[upkeep]\n|-start|p1b: Gengar|perish3\n|-start|p2a: Revolva|perish3\n|-start|p2b: Pelicano|perish3\n|upkeep\n|\n|t:|1776436336\n|switch|p1a: Incineroar|Incineroar, L50, M|100/100\n|-ability|p1a: Incineroar|Intimidate|boost\n|-unboost|p2a: Revolva|atk|1\n|-unboost|p2b: Pelicano|atk|1\n|turn|2\n|\n|t:|1776436358\n|move|p1a: Incineroar|Fake Out|p2a: Revolva\n|-resisted|p2a: Revolva|1\n|-damage|p2a: Revolva|97/100\n|-ability|p2a: Revolva|Stamina|boost\n|-boost|p2a: Revolva|def|1\n|move|p1b: Gengar|Shadow Ball|p2b: Pelicano\n|-damage|p2b: Pelicano|29/100\n|cant|p2a: Revolva|flinch\n|move|p2b: Pelicano|Tailwind|p2b: Pelicano\n|-sidestart|p2: RCBardo|move: Tailwind\n|\n|-weather|RainDance|[upkeep]\n|-heal|p2a: Revolva|100/100|[from] item: Leftovers\n|-start|p2a: Revolva|perish2\n|-start|p1b: Gengar|perish2\n|-start|p2b: Pelicano|perish2\n|upkeep\n|turn|3\n|\n|t:|1776436382\n|move|p1b: Gengar|Protect|p1b: Gengar\n|-singleturn|p1b: Gengar|Protect\n|move|p1a: Incineroar|Protect|p1a: Incineroar\n|-singleturn|p1a: Incineroar|Protect\n|move|p2a: Revolva|Electro Shot||[still]\n|-prepare|p2a: Revolva|Electro Shot\n|-boost|p2a: Revolva|spa|1\n|-anim|p2a: Revolva|Electro Shot|p1b: Gengar\n|-activate|p1b: Gengar|move: Protect\n|move|p2b: Pelicano|Weather Ball|p1a: Incineroar\n|-activate|p1a: Incineroar|move: Protect\n|\n|-weather|RainDance|[upkeep]\n|-start|p2a: Revolva|perish1\n|-start|p1b: Gengar|perish1\n|-start|p2b: Pelicano|perish1\n|upkeep\n|turn|4\n|\n|t:|1776436401\n|switch|p1b: Sinistcha|Sinistcha, L50|100/100\n|move|p2a: Revolva|Electro Shot||[still]\n|-prepare|p2a: Revolva|Electro Shot\n|-boost|p2a: Revolva|spa|1\n|-anim|p2a: Revolva|Electro Shot|p1b: Sinistcha\n|-resisted|p1b: Sinistcha|1\n|-damage|p1b: Sinistcha|47/100\n|move|p2b: Pelicano|Weather Ball|p1a: Incineroar\n|-supereffective|p1a: Incineroar|1\n|-damage|p1a: Incineroar|19/100\n|move|p1a: Incineroar|Parting Shot|p1b: Sinistcha\n|-unboost|p1b: Sinistcha|atk|1\n|-unboost|p1b: Sinistcha|spa|1\n|\n|t:|1776436411\n|switch|p1a: Gengar|Gengar-Mega, L50, F|100/100|[from] Parting Shot\n|\n|-weather|RainDance|[upkeep]\n|-start|p2a: Revolva|perish0\n|-start|p2b: Pelicano|perish0\n|faint|p2a: Revolva\n|faint|p2b: Pelicano\n|upkeep\n|\n|t:|1776436419\n|switch|p2a: Plaga|Maushold, L50|100/100\n|switch|p2b: Furra|Sneasler, L50, F|100/100\n|turn|5\n|\n|t:|1776436437\n|move|p2a: Plaga|Follow Me|p2a: Plaga\n|-singleturn|p2a: Plaga|move: Follow Me\n|move|p1b: Sinistcha|Rage Powder|p1b: Sinistcha\n|-singleturn|p1b: Sinistcha|move: Rage Powder\n|move|p2b: Furra|Dire Claw|p1b: Sinistcha\n|-damage|p1b: Sinistcha|9/100\n|-status|p1b: Sinistcha|slp\n|move|p1a: Gengar|Perish Song|p1a: Gengar\n|-start|p1a: Gengar|perish3|[silent]\n|-start|p1b: Sinistcha|perish3|[silent]\n|-start|p2a: Plaga|perish3|[silent]\n|-start|p2b: Furra|perish3|[silent]\n|-fieldactivate|move: Perish Song\n|\n|-weather|none\n|-start|p2a: Plaga|perish3\n|-start|p2b: Furra|perish3\n|-start|p1a: Gengar|perish3\n|-start|p1b: Sinistcha|perish3\n|-sideend|p2: RCBardo|move: Tailwind\n|upkeep\n|turn|6\n|\n|t:|1776436454\n|move|p1a: Gengar|Protect|p1a: Gengar\n|-singleturn|p1a: Gengar|Protect\n|move|p2a: Plaga|Follow Me|p2a: Plaga\n|-singleturn|p2a: Plaga|move: Follow Me\n|move|p2b: Furra|Dire Claw|p1b: Sinistcha\n|-damage|p1b: Sinistcha|0 fnt\n|faint|p1b: Sinistcha\n|\n|-start|p1a: Gengar|perish2\n|-start|p2a: Plaga|perish2\n|-start|p2b: Furra|perish2\n|upkeep\n|\n|t:|1776436459\n|switch|p1b: Incineroar|Incineroar, L50, M|19/100\n|-ability|p1b: Incineroar|Intimidate|boost\n|-unboost|p2a: Plaga|atk|1\n|-unboost|p2b: Furra|atk|1\n|-enditem|p2b: Furra|White Herb\n|-clearnegativeboost|p2b: Furra|[silent]\n|turn|7\n|\n|t:|1776436478\n|move|p1b: Incineroar|Fake Out|p2a: Plaga\n|-crit|p2a: Plaga\n|-damage|p2a: Plaga|79/100\n|cant|p2a: Plaga|flinch\n|move|p2b: Furra|Dire Claw|p1b: Incineroar\n|-damage|p1b: Incineroar|0 fnt\n|faint|p1b: Incineroar\n|move|p1a: Gengar|Psychic Noise|p2b: Furra\n|-supereffective|p2b: Furra|2\n|-damage|p2b: Furra|0 fnt\n|faint|p2b: Furra\n|\n|-start|p1a: Gengar|perish1\n|-start|p2a: Plaga|perish1\n|upkeep\n|turn|8\n|\n|t:|1776436493\n|move|p2a: Plaga|Protect|p2a: Plaga\n|-singleturn|p2a: Plaga|Protect\n|move|p1a: Gengar|Psychic Noise|p2a: Plaga\n|-activate|p2a: Plaga|move: Protect\n|\n|-start|p1a: Gengar|perish0\n|-start|p2a: Plaga|perish0\n|faint|p1a: Gengar\n|faint|p2a: Plaga\n|\n|win|RCBardo\n|raw|rytjbjt's rating: 1152 &rarr; <strong>1123</strong><br />(-29 for losing)\n|raw|RCBardo's rating: 1092 &rarr; <strong>1123</strong><br />(+31 for winning)\n|c|\u2606RCBardo|JAJAJAJAJA\n",
  "uploadtime": 1776436512,
  "views": 21,
  "formatid": "gen9championsvgc2026regma",
  "rating": 1123,
  "private": 0,
  "password": null
}