{
  "id": "gen9championsvgc2026regma-2582727565",
  "format": "[Gen 9 Champions] VGC 2026 Reg M-A",
  "players": [
    "alexesmo5",
    "Konlan"
  ],
  "log": "|j|\u2606alexesmo5\n|j|\u2606Konlan\n|t:|1776109969\n|gametype|doubles\n|player|p1|alexesmo5|102|1089\n|player|p2|Konlan|rosa|1047\n|gen|9\n|tier|[Gen 9 Champions] VGC 2026 Reg M-A\n|rated|\n|rule|Species Clause: Limit one of each Pok\u00e9mon\n|rule|Item Clause: Limit 1 of each item\n|clearpoke\n|poke|p1|Venusaur, L50, M|\n|poke|p1|Dragonite, L50, M|\n|poke|p1|Incineroar, L50, M|\n|poke|p1|Sneasler, L50, M|\n|poke|p1|Basculegion, L50, M|\n|poke|p1|Kingambit, L50, F|\n|poke|p2|Crabominable, L50, F|\n|poke|p2|Araquanid, L50, M|\n|poke|p2|Incineroar, L50, F|\n|poke|p2|Sinistcha, L50|\n|poke|p2|Vanilluxe, L50, M|\n|poke|p2|Primarina, L50, F|\n|teampreview|4\n|\n|t:|1776109998\n|teamsize|p1|4\n|teamsize|p2|4\n|start\n|switch|p1a: Incineroar|Incineroar, L50, M|100/100\n|switch|p1b: Basculegion|Basculegion, L50, M|100/100\n|switch|p2a: Incineroar|Incineroar, L50, F|100/100\n|switch|p2b: Vanilluxe|Vanilluxe, L50, M|100/100\n|-weather|Snowscape|[from] ability: Snow Warning|[of] p2b: Vanilluxe\n|-ability|p2a: Incineroar|Intimidate|boost\n|-unboost|p1a: Incineroar|atk|1\n|-unboost|p1b: Basculegion|atk|1\n|-ability|p1a: Incineroar|Intimidate|boost\n|-unboost|p2a: Incineroar|atk|1\n|-unboost|p2b: Vanilluxe|atk|1\n|turn|1\n|\n|t:|1776110018\n|move|p2a: Incineroar|Fake Out|p1a: Incineroar\n|-damage|p1a: Incineroar|95/100\n|cant|p1a: Incineroar|flinch\n|move|p1b: Basculegion|Flip Turn|p2a: Incineroar\n|-supereffective|p2a: Incineroar|1\n|-damage|p2a: Incineroar|61/100\n|\n|t:|1776110031\n|switch|p1b: Sneasler|Sneasler, L50, M|100/100|[from] Flip Turn\n|move|p2b: Vanilluxe|Aurora Veil|p2b: Vanilluxe\n|-sidestart|p2: Konlan|move: Aurora Veil\n|\n|-weather|Snowscape|[upkeep]\n|upkeep\n|turn|2\n|\n|t:|1776110050\n|move|p1b: Sneasler|Close Combat|p2b: Vanilluxe\n|-supereffective|p2b: Vanilluxe|1\n|-damage|p2b: Vanilluxe|40/100\n|-unboost|p1b: Sneasler|def|1\n|-unboost|p1b: Sneasler|spd|1\n|move|p2b: Vanilluxe|Blizzard|p1a: Incineroar|[spread] p1a,p1b\n|-resisted|p1a: Incineroar|1\n|-damage|p1a: Incineroar|80/100\n|-damage|p1b: Sneasler|10/100\n|move|p2a: Incineroar|Parting Shot|p1b: Sneasler\n|-unboost|p1b: Sneasler|atk|1\n|-unboost|p1b: Sneasler|spa|1\n|\n|t:|1776110070\n|switch|p2a: Sinistcha|Sinistcha, L50|100/100|[from] Parting Shot\n|-heal|p2b: Vanilluxe|65/100|[from] ability: Hospitality|[of] p2a: Sinistcha\n|move|p1a: Incineroar|Parting Shot|p2a: Sinistcha\n|-unboost|p2a: Sinistcha|atk|1\n|-unboost|p2a: Sinistcha|spa|1\n|\n|t:|1776110080\n|switch|p1a: Basculegion|Basculegion, L50, M|100/100|[from] Parting Shot\n|\n|-weather|Snowscape|[upkeep]\n|upkeep\n|turn|3\n|\n|t:|1776110101\n|switch|p1b: Incineroar|Incineroar, L50, M|80/100\n|-ability|p1b: Incineroar|Intimidate|boost\n|-unboost|p2a: Sinistcha|atk|1\n|-unboost|p2b: Vanilluxe|atk|1\n|move|p1a: Basculegion|Flip Turn|p2b: Vanilluxe\n|-damage|p2b: Vanilluxe|46/100\n|\n|t:|1776110109\n|switch|p1a: Kingambit|Kingambit, L50, F|100/100|[from] Flip Turn\n|move|p2b: Vanilluxe|Blizzard|p1a: Kingambit|[spread] p1a,p1b\n|-resisted|p1a: Kingambit|1\n|-resisted|p1b: Incineroar|1\n|-damage|p1a: Kingambit|83/100\n|-damage|p1b: Incineroar|65/100\n|move|p2a: Sinistcha|Trick Room|p2a: Sinistcha\n|-fieldstart|move: Trick Room|[of] p2a: Sinistcha\n|\n|-weather|Snowscape|[upkeep]\n|upkeep\n|turn|4\n|\n|t:|1776110131\n|switch|p2a: Crabominable|Crabominable, L50, F|100/100\n|move|p1b: Incineroar|Fake Out|p2b: Vanilluxe\n|-damage|p2b: Vanilluxe|41/100\n|move|p1a: Kingambit|Kowtow Cleave|p2a: Crabominable\n|-resisted|p2a: Crabominable|1\n|-damage|p2a: Crabominable|90/100\n|cant|p2b: Vanilluxe|flinch\n|\n|-weather|Snowscape|[upkeep]\n|upkeep\n|turn|5\n|\n|t:|1776110159\n|move|p1a: Kingambit|Protect|p1a: Kingambit\n|-singleturn|p1a: Kingambit|Protect\n|move|p2a: Crabominable|Drain Punch|p1a: Kingambit\n|-activate|p1a: Kingambit|move: Protect\n|move|p1b: Incineroar|Flare Blitz|p2a: Crabominable\n|-supereffective|p2a: Crabominable|1\n|-damage|p2a: Crabominable|46/100\n|-damage|p1b: Incineroar|50/100|[from] Recoil\n|move|p2b: Vanilluxe|Frost Breath|p2a: Crabominable\n|-resisted|p2a: Crabominable|1\n|-crit|p2a: Crabominable\n|-damage|p2a: Crabominable|27/100\n|-setboost|p2a: Crabominable|atk|6|[from] ability: Anger Point\n|\n|-weather|none\n|-sideend|p2: Konlan|move: Aurora Veil\n|upkeep\n|turn|6\n|\n|t:|1776110180\n|switch|p1a: Sneasler|Sneasler, L50, M|10/100\n|switch|p2b: Sinistcha|Sinistcha, L50|100/100\n|-heal|p2a: Crabominable|52/100|[from] ability: Hospitality|[of] p2b: Sinistcha\n|detailschange|p2a: Crabominable|Crabominable-Mega, L50, F\n|-mega|p2a: Crabominable|Crabominable|Crabominite\n|move|p2a: Crabominable|Drain Punch|p1a: Sneasler\n|-resisted|p1a: Sneasler|1\n|-damage|p1a: Sneasler|0 fnt\n|-heal|p2a: Crabominable|55/100|[from] drain|[of] p1a: Sneasler\n|faint|p1a: Sneasler\n|move|p1b: Incineroar|Flare Blitz|p2a: Crabominable\n|-supereffective|p2a: Crabominable|1\n|-damage|p2a: Crabominable|0 fnt\n|faint|p2a: Crabominable\n|-damage|p1b: Incineroar|32/100|[from] Recoil\n|\n|upkeep\n|\n|t:|1776110200\n|switch|p2a: Incineroar|Incineroar, L50, F|61/100\n|switch|p1a: Kingambit|Kingambit, L50, F|83/100\n|-ability|p2a: Incineroar|Intimidate|boost\n|-unboost|p1a: Kingambit|atk|1\n|-ability|p1a: Kingambit|Defiant|boost\n|-boost|p1a: Kingambit|atk|2\n|-unboost|p1b: Incineroar|atk|1\n|turn|7\n|\n|t:|1776110217\n|move|p1a: Kingambit|Kowtow Cleave|p2b: Sinistcha\n|-supereffective|p2b: Sinistcha|1\n|-enditem|p2b: Sinistcha|Focus Sash\n|-damage|p2b: Sinistcha|1/100\n|move|p1b: Incineroar|Flare Blitz|p2b: Sinistcha\n|-supereffective|p2b: Sinistcha|1\n|-damage|p2b: Sinistcha|0 fnt\n|faint|p2b: Sinistcha\n|-damage|p1b: Incineroar|32/100|[from] Recoil\n|move|p2a: Incineroar|Flare Blitz|p1a: Kingambit\n|-supereffective|p1a: Kingambit|1\n|-damage|p1a: Kingambit|13/100\n|-status|p1a: Kingambit|brn\n|-damage|p2a: Incineroar|37/100|[from] Recoil\n|\n|-damage|p1a: Kingambit|7/100 brn|[from] brn\n|-fieldend|move: Trick Room\n|upkeep\n|\n|t:|1776110230\n|switch|p2b: Vanilluxe|Vanilluxe, L50, M|41/100\n|-weather|Snowscape|[from] ability: Snow Warning|[of] p2b: Vanilluxe\n|turn|8\n|\n|t:|1776110244\n|move|p1a: Kingambit|Sucker Punch||[still]\n|-fail|p1a: Kingambit\n|move|p2b: Vanilluxe|Aurora Veil|p2b: Vanilluxe\n|-sidestart|p2: Konlan|move: Aurora Veil\n|move|p2a: Incineroar|Parting Shot|p1b: Incineroar\n|-unboost|p1b: Incineroar|atk|1\n|-unboost|p1b: Incineroar|spa|1\n|move|p1b: Incineroar|Flare Blitz|p2b: Vanilluxe\n|-supereffective|p2b: Vanilluxe|1\n|-damage|p2b: Vanilluxe|18/100\n|-damage|p1b: Incineroar|25/100|[from] Recoil\n|\n|-weather|Snowscape|[upkeep]\n|-damage|p1a: Kingambit|1/100 brn|[from] brn\n|upkeep\n|turn|9\n|inactive|Battle timer is ON: inactive players will automatically lose when time's up. (requested by alexesmo5)\n|-activate|p2a: Incineroar|item: Quick Claw\n|\n|t:|1776110288\n|move|p1a: Kingambit|Sucker Punch||[still]\n|-fail|p1a: Kingambit\n|move|p2a: Incineroar|Throat Chop|p1b: Incineroar\n|-resisted|p1b: Incineroar|1\n|-damage|p1b: Incineroar|13/100\n|-start|p1b: Incineroar|Throat Chop|[silent]\n|move|p2b: Vanilluxe|Aurora Veil||[still]\n|-fail|p2b: Vanilluxe\n|cant|p1b: Incineroar|move: Throat Chop\n|\n|-weather|Snowscape|[upkeep]\n|-damage|p1a: Kingambit|0 fnt|[from] brn\n|faint|p1a: Kingambit\n|upkeep\n|\n|t:|1776110302\n|switch|p1a: Basculegion|Basculegion, L50, M|100/100\n|turn|10\n|-activate|p2a: Incineroar|item: Quick Claw\n|\n|t:|1776110319\n|move|p2a: Incineroar|Throat Chop|p1a: Basculegion\n|-supereffective|p1a: Basculegion|1\n|-damage|p1a: Basculegion|17/100\n|-start|p1a: Basculegion|Throat Chop|[silent]\n|move|p1a: Basculegion|Wave Crash|p2a: Incineroar\n|-supereffective|p2a: Incineroar|1\n|-damage|p2a: Incineroar|0 fnt\n|faint|p2a: Incineroar\n|-damage|p1a: Basculegion|5/100|[from] Recoil\n|move|p2b: Vanilluxe|Blizzard|p1a: Basculegion|[spread] p1a,p1b\n|-resisted|p1a: Basculegion|1\n|-resisted|p1b: Incineroar|1\n|-damage|p1a: Basculegion|0 fnt\n|-damage|p1b: Incineroar|0 fnt\n|faint|p1a: Basculegion\n|faint|p1b: Incineroar\n|\n|win|Konlan\n|raw|alexesmo5's rating: 1089 &rarr; <strong>1063</strong><br />(-26 for losing)\n|raw|Konlan's rating: 1047 &rarr; <strong>1084</strong><br />(+37 for winning)\n|c|\u2606Konlan|gg!\n",
  "uploadtime": 1776110342,
  "views": 28,
  "formatid": "gen9championsvgc2026regma",
  "rating": 1063,
  "private": 0,
  "password": null
}