{
  "id": "gen9championsvgc2026regma-2587581979",
  "format": "[Gen 9 Champions] VGC 2026 Reg M-A",
  "players": [
    "silyyyyyyyyyyy",
    "darthdankulous"
  ],
  "log": "|j|\u2606silyyyyyyyyyyy\n|j|\u2606darthdankulous\n|t:|1776544212\n|gametype|doubles\n|player|p1|silyyyyyyyyyyy|elesa|1077\n|player|p2|darthdankulous|n|1104\n|gen|9\n|tier|[Gen 9 Champions] VGC 2026 Reg M-A\n|rated|\n|rule|Species Clause: Limit one of each Pok\u00e9mon\n|rule|Item Clause: Limit 1 of each item\n|clearpoke\n|poke|p1|Skarmory, L50, M|\n|poke|p1|Rhyperior, L50, M|\n|poke|p1|Sinistcha, L50|\n|poke|p1|Talonflame, L50, F|\n|poke|p1|Greninja, L50, F, shiny|\n|poke|p1|Sneasler, L50, M|\n|poke|p2|Hawlucha, L50, F|\n|poke|p2|Excadrill, L50, M|\n|poke|p2|Tyranitar, L50, M|\n|poke|p2|Rotom-Wash, L50|\n|poke|p2|Whimsicott, L50, F|\n|poke|p2|Espathra, L50, M|\n|teampreview|4\ndarthdankulous rejected open team sheets.\n|\n|t:|1776544235\n|teamsize|p1|4\n|teamsize|p2|4\n|start\n|switch|p1a: big bird|Talonflame, L50, F|100/100\n|switch|p1b: DAMN|Skarmory, L50, M|100/100\n|switch|p2a: Excadrill|Excadrill, L50, M|100/100\n|switch|p2b: Tyranitar|Tyranitar, L50, M|100/100\n|-weather|Sandstorm|[from] ability: Sand Stream|[of] p2b: Tyranitar\n|turn|1\n|\n|t:|1776544262\n|detailschange|p1b: DAMN|Skarmory-Mega, L50, M\n|-mega|p1b: DAMN|Skarmory|Skarmorite\n|move|p2a: Excadrill|Protect|p2a: Excadrill\n|-singleturn|p2a: Excadrill|Protect\n|move|p1a: big bird|Tailwind|p1a: big bird\n|-sidestart|p1: silyyyyyyyyyyy|move: Tailwind\n|move|p1b: DAMN|Iron Head|p2b: Tyranitar\n|-supereffective|p2b: Tyranitar|1\n|-damage|p2b: Tyranitar|24/100\n|move|p2b: Tyranitar|Rock Slide|p1a: big bird|[spread] p1a,p1b\n|-supereffective|p1a: big bird|2\n|-damage|p1a: big bird|0 fnt\n|-damage|p1b: DAMN|60/100\n|faint|p1a: big bird\n|\n|-weather|Sandstorm|[upkeep]\n|-heal|p2b: Tyranitar|30/100|[from] item: Leftovers\n|upkeep\n|\n|t:|1776544277\n|switch|p1a: sneezer|Sneasler, L50, M|100/100\n|turn|2\n|\n|t:|1776544284\n|detailschange|p2a: Excadrill|Excadrill-Mega, L50, M\n|-mega|p2a: Excadrill|Excadrill|Excadrite\n|move|p2b: Tyranitar|Protect|p2b: Tyranitar\n|-singleturn|p2b: Tyranitar|Protect\n|move|p1a: sneezer|Fake Out|p2a: Excadrill\n|-resisted|p2a: Excadrill|1\n|-damage|p2a: Excadrill|94/100\n|move|p1b: DAMN|Iron Head|p2b: Tyranitar\n|-activate|p2b: Tyranitar|move: Protect\n|cant|p2a: Excadrill|flinch\n|\n|-weather|Sandstorm|[upkeep]\n|-damage|p1a: sneezer|95/100|[from] Sandstorm\n|-heal|p2b: Tyranitar|36/100|[from] item: Leftovers\n|upkeep\n|turn|3\n|\n|t:|1776544313\n|switch|p1a: horndog|Rhyperior, L50, M|100/100\n|switch|p2b: Rotom|Rotom-Wash, L50|100/100\n|move|p1b: DAMN|Drill Run|p2a: Excadrill\n|-supereffective|p2a: Excadrill|1\n|-damage|p2a: Excadrill|37/100\n|move|p2a: Excadrill|High Horsepower|p1a: horndog\n|-supereffective|p1a: horndog|1\n|-damage|p1a: horndog|11/100\n|\n|-weather|Sandstorm|[upkeep]\n|-damage|p2b: Rotom|95/100|[from] Sandstorm\n|upkeep\n|turn|4\n|-activate|p1a: horndog|item: Quick Claw\n|\n|t:|1776544353\n|move|p2a: Excadrill|Protect|p2a: Excadrill\n|-singleturn|p2a: Excadrill|Protect\n|move|p1a: horndog|Earthquake|p2a: Excadrill|[spread] \n|-activate|p2a: Excadrill|move: Protect\n|-immune|p1b: DAMN\n|-immune|p2b: Rotom|[from] ability: Levitate\n|move|p1b: DAMN|Drill Run|p2a: Excadrill\n|-activate|p2a: Excadrill|move: Protect\n|move|p2b: Rotom|Thunderbolt|p1a: horndog\n|-activate|p1a: horndog|ability: Lightning Rod\n|-ability|p1a: horndog|Lightning Rod|boost\n|-boost|p1a: horndog|spa|1\n|\n|-weather|Sandstorm|[upkeep]\n|-damage|p2b: Rotom|89/100|[from] Sandstorm\n|-sideend|p1: silyyyyyyyyyyy|move: Tailwind\n|upkeep\n|turn|5\n|c|\u2606darthdankulous|fuck\n|\n|t:|1776544385\n|switch|p2b: Espathra|Espathra, L50, M|100/100\n|move|p1b: DAMN|Drill Run|p2a: Excadrill\n|-supereffective|p2a: Excadrill|1\n|-damage|p2a: Excadrill|0 fnt\n|faint|p2a: Excadrill\n|move|p1a: horndog|Rock Slide|p2b: Espathra\n|-damage|p2b: Espathra|41/100\n|-enditem|p2b: Espathra|Sitrus Berry|[eat]\n|-heal|p2b: Espathra|66/100|[from] item: Sitrus Berry\n|\n|-weather|none\n|upkeep\n|\n|t:|1776544391\n|switch|p2a: Rotom|Rotom-Wash, L50|89/100\n|turn|6\n|\n|t:|1776544416\n|switch|p1a: sneezer|Sneasler, L50, M|95/100\n|move|p2a: Rotom|Hydro Pump|p1a: sneezer|[miss]\n|-miss|p2a: Rotom|p1a: sneezer\n|move|p1b: DAMN|Iron Head|p2b: Espathra\n|-damage|p2b: Espathra|1/100\n|move|p2b: Espathra|Lumina Crash|p1a: sneezer\n|-supereffective|p1a: sneezer|2\n|-damage|p1a: sneezer|0 fnt\n|faint|p1a: sneezer\n|\n|-ability|p2b: Espathra|Speed Boost|boost\n|-boost|p2b: Espathra|spe|1\n|upkeep\n|\n|t:|1776544429\n|switch|p1a: horndog|Rhyperior, L50, M|11/100\n|turn|7\n|\n|t:|1776544441\n|move|p2a: Rotom|Hydro Pump|p1a: horndog|[miss]\n|-miss|p2a: Rotom|p1a: horndog\n|move|p2b: Espathra|Lumina Crash|p1b: DAMN\n|-resisted|p1b: DAMN|1\n|-damage|p1b: DAMN|35/100\n|-unboost|p1b: DAMN|spd|2\n|move|p1b: DAMN|Brave Bird|p2a: Rotom\n|-resisted|p2a: Rotom|1\n|-damage|p2a: Rotom|44/100\n|-damage|p1b: DAMN|22/100|[from] Recoil\n|move|p1a: horndog|Rock Slide|p2a: Rotom|[spread] p2a\n|-miss|p1a: horndog|p2b: Espathra\n|-damage|p2a: Rotom|0 fnt\n|faint|p2a: Rotom\n|\n|-ability|p2b: Espathra|Speed Boost|boost\n|-boost|p2b: Espathra|spe|1\n|upkeep\n|\n|t:|1776544443\n|switch|p2a: Tyranitar|Tyranitar, L50, M|36/100\n|-weather|Sandstorm|[from] ability: Sand Stream|[of] p2a: Tyranitar\n|turn|8\n|\n|t:|1776544483\n|move|p2a: Tyranitar|Protect|p2a: Tyranitar\n|-singleturn|p2a: Tyranitar|Protect\n|move|p2b: Espathra|Lumina Crash|p1a: horndog\n|-damage|p1a: horndog|0 fnt\n|faint|p1a: horndog\n|move|p1b: DAMN|Drill Run|p2a: Tyranitar\n|-activate|p2a: Tyranitar|move: Protect\n|\n|-weather|Sandstorm|[upkeep]\n|-damage|p2b: Espathra|0 fnt|[from] Sandstorm\n|faint|p2b: Espathra\n|-heal|p2a: Tyranitar|42/100|[from] item: Leftovers\n|upkeep\n|turn|9\n|c|\u2606darthdankulous|gg\n|\n|t:|1776544499\n|move|p1b: DAMN|Drill Run|p2a: Tyranitar\n|-supereffective|p2a: Tyranitar|1\n|-damage|p2a: Tyranitar|0 fnt\n|faint|p2a: Tyranitar\n|\n|win|silyyyyyyyyyyy\n|raw|silyyyyyyyyyyy's rating: 1077 &rarr; <strong>1108</strong><br />(+31 for winning)\n|raw|darthdankulous's rating: 1104 &rarr; <strong>1077</strong><br />(-27 for losing)\n|l|\u2606darthdankulous\n|player|p2|\n",
  "uploadtime": 1776544504,
  "views": 19,
  "formatid": "gen9championsvgc2026regma",
  "rating": 1077,
  "private": 0,
  "password": null
}