{
  "id": "gen9championsvgc2026regma-2582763942",
  "format": "[Gen 9 Champions] VGC 2026 Reg M-A",
  "players": [
    "dadarkdino",
    "atomica420"
  ],
  "log": "|j|\u2606dadarkdino\n|j|\u2606atomica420\n|t:|1776112443\n|gametype|doubles\n|player|p1|dadarkdino|hilbert|1000\n|player|p2|atomica420|burglar|1000\n|gen|9\n|tier|[Gen 9 Champions] VGC 2026 Reg M-A\n|rated|\n|rule|Species Clause: Limit one of each Pok\u00e9mon\n|rule|Item Clause: Limit 1 of each item\n|clearpoke\n|poke|p1|Meganium, L50, M|\n|poke|p1|Pelipper, L50, M|\n|poke|p1|Sylveon, L50, M|\n|poke|p1|Lycanroc-Dusk, L50, M|\n|poke|p1|Gengar, L50, F|\n|poke|p1|Palafin, L50, F|\n|poke|p2|Scizor, L50, F|\n|poke|p2|Sinistcha, L50|\n|poke|p2|Pelipper, L50, M|\n|poke|p2|Heliolisk, L50, M|\n|poke|p2|Sneasler, L50, M|\n|poke|p2|Klefki, L50, F|\n|teampreview|4\n|inactive|Battle timer is ON: inactive players will automatically lose when time's up. (requested by atomica420)\ndadarkdino has agreed to open team sheets.\n|inactive|atomica420 has 60 seconds left.\n|\n|t:|1776112475\n|teamsize|p1|4\n|teamsize|p2|4\n|start\n|switch|p1a: Meganium|Meganium, L50, M|100/100\n|switch|p1b: Lycanroc|Lycanroc-Dusk, L50, M|100/100\n|switch|p2a: Pelipper|Pelipper, L50, M, shiny|100/100\n|switch|p2b: Scizor|Scizor, L50, F, shiny|100/100\n|-weather|RainDance|[from] ability: Drizzle|[of] p2a: Pelipper\n|turn|1\n|c|\u2606dadarkdino|idk how this works twin i just need to try my team out\n|inactive|atomica420 has 30 seconds left.\n|c|\u2606atomica420|dw, i was searching for the formats for this one\n|\n|t:|1776112508\n|switch|p1b: Gengar|Gengar, L50, F|100/100\n|detailschange|p1a: Meganium|Meganium-Mega, L50, M\n|-mega|p1a: Meganium|Meganium|Meganiumite\n|detailschange|p2b: Scizor|Scizor-Mega, L50, F, shiny\n|-mega|p2b: Scizor|Scizor|Scizorite\n|move|p2b: Scizor|Bullet Punch|p1a: Meganium\n|-supereffective|p1a: Meganium|1\n|-damage|p1a: Meganium|36/100\n|move|p1a: Meganium|Weather Ball|p2b: Scizor\n|-supereffective|p2b: Scizor|2\n|-damage|p2b: Scizor|0 fnt\n|faint|p2b: Scizor\n|move|p2a: Pelipper|Surf|p1b: Gengar|[spread] p1a,p1b\n|-resisted|p1a: Meganium|1\n|-damage|p1a: Meganium|22/100\n|-damage|p1b: Gengar|47/100\n|\n|-weather|RainDance|[upkeep]\n|upkeep\n|c|\u2606dadarkdino|same here twin i got into singles beofre this\n|\n|t:|1776112526\n|switch|p2b: Heliolisk|Heliolisk, L50, M, shiny|100/100\n|turn|2\n|c|\u2606dadarkdino|i got fried\n|c|\u2606atomica420|same\n|\n|t:|1776112543\n|switch|p1a: Pelipper|Pelipper, L50, M|100/100\n|move|p1b: Gengar|Sludge Bomb|p2a: Pelipper\n|-damage|p2a: Pelipper|38/100\n|move|p2b: Heliolisk|Thunder|p1a: Pelipper\n|-supereffective|p1a: Pelipper|2\n|-damage|p1a: Pelipper|0 fnt\n|faint|p1a: Pelipper\n|move|p2a: Pelipper|Surf|p1b: Gengar|[spread] p1b\n|-immune|p2b: Heliolisk|[from] ability: Dry Skin\n|-damage|p1b: Gengar|0 fnt\n|faint|p1b: Gengar\n|\n|-weather|RainDance|[upkeep]\n|upkeep\n|\n|t:|1776112557\n|switch|p1b: Lycanroc|Lycanroc-Dusk, L50, M|100/100\n|switch|p1a: Meganium|Meganium-Mega, L50, M|22/100\n|turn|3\n|\n|t:|1776112575\n|move|p2b: Heliolisk|Ally Switch|p2b: Heliolisk\n|swap|p2b: Heliolisk|0|[from] move: Ally Switch\n|move|p1b: Lycanroc|Accelerock|p2b: Pelipper\n|-supereffective|p2b: Pelipper|1\n|-damage|p2b: Pelipper|0 fnt\n|faint|p2b: Pelipper\n|move|p1a: Meganium|Synthesis|p1a: Meganium\n|-heal|p1a: Meganium|89/100\n|\n|-weather|RainDance|[upkeep]\n|upkeep\n|\n|t:|1776112583\n|switch|p2b: Sneasler|Sneasler, L50, M, shiny|100/100\n|turn|4\n|c|\u2606dadarkdino|yo thats sick didnt know that was a thing\n|inactive|dadarkdino has 30 seconds left.\n|\n|t:|1776112610\n|move|p2b: Sneasler|Fake Out|p1b: Lycanroc\n|-resisted|p1b: Lycanroc|1\n|-crit|p1b: Lycanroc\n|-damage|p1b: Lycanroc|81/100\n|move|p2a: Heliolisk|Weather Ball|p1b: Lycanroc\n|-supereffective|p1b: Lycanroc|1\n|-damage|p1b: Lycanroc|0 fnt\n|faint|p1b: Lycanroc\n|move|p1a: Meganium|Dazzling Gleam|p2b: Sneasler|[spread] p2a,p2b\n|-damage|p2a: Heliolisk|54/100\n|-damage|p2b: Sneasler|52/100\n|\n|-weather|RainDance|[upkeep]\n|-heal|p2a: Heliolisk|66/100|[from] ability: Dry Skin\n|-heal|p2a: Heliolisk|72/100|[from] item: Leftovers\n|upkeep\n|turn|5\n|c|\u2606atomica420|I thought i was about to do a cool read and got my ass handed to me\n|c|\u2606dadarkdino|ive never gone against this type of taem\n|c|\u2606dadarkdino|deadass trying to figure out how to fuck up charizardY\n|inactive|dadarkdino has 30 seconds left.\n|inactive|atomica420 has 30 seconds left.\n|c|\u2606dadarkdino|thats my biggest op rn\n|c|\u2606atomica420|i never use meta teams\n|inactive|atomica420 has 20 seconds left.\n|\n|t:|1776112647\n|move|p2b: Sneasler|Dire Claw|p1a: Meganium\n|-supereffective|p1a: Meganium|2\n|-damage|p1a: Meganium|0 fnt\n|faint|p1a: Meganium\n|\n|win|atomica420\n",
  "uploadtime": 1776112635,
  "views": 16,
  "formatid": "gen9championsvgc2026regma",
  "rating": null,
  "private": 0,
  "password": null
}