{
  "id": "gen9championsvgc2026regma-2587324429",
  "format": "[Gen 9 Champions] VGC 2026 Reg M-A",
  "players": [
    "arf x3",
    "kvolk"
  ],
  "log": "|j|\u2606arf x3\n|j|\u2606kvolk\n|t:|1776522081\n|gametype|doubles\n|player|p1|arf x3|plasmagruntf|1125\n|player|p2|kvolk|266|1079\n|gen|9\n|tier|[Gen 9 Champions] VGC 2026 Reg M-A\n|rated|\n|rule|Species Clause: Limit one of each Pok\u00e9mon\n|rule|Item Clause: Limit 1 of each item\n|clearpoke\n|poke|p1|Gallade, L50, M|\n|poke|p1|Whimsicott, L50, F|\n|poke|p1|Basculegion, L50, M|\n|poke|p1|Kingambit, L50, M|\n|poke|p1|Rotom-Heat, L50|\n|poke|p1|Lucario, L50, F|\n|poke|p2|Froslass, L50, F|\n|poke|p2|Incineroar, L50, M, shiny|\n|poke|p2|Orthworm, L50, M, shiny|\n|poke|p2|Garchomp, L50, M|\n|poke|p2|Basculegion, L50, M|\n|poke|p2|Rotom-Frost, L50, shiny|\n|teampreview|4\n|\n|t:|1776522110\n|teamsize|p1|4\n|teamsize|p2|4\n|start\n|switch|p1a: Gallade|Gallade, L50, M|100/100\n|switch|p1b: Whimsicott|Whimsicott, L50, F|100/100\n|switch|p2a: Orthworm|Orthworm, L50, M, shiny|100/100\n|switch|p2b: Garchomp|Garchomp, L50, M|100/100\n|turn|1\n|\n|t:|1776522134\n|move|p2b: Garchomp|Protect|p2b: Garchomp\n|-singleturn|p2b: Garchomp|Protect\n|move|p1b: Whimsicott|Beat Up|p1a: Gallade\n|-damage|p1a: Gallade|96/100\n|-ability|p1a: Gallade|Justified|boost\n|-boost|p1a: Gallade|atk|1\n|-damage|p1a: Gallade|93/100\n|-ability|p1a: Gallade|Justified|boost\n|-boost|p1a: Gallade|atk|1\n|-damage|p1a: Gallade|88/100\n|-ability|p1a: Gallade|Justified|boost\n|-boost|p1a: Gallade|atk|1\n|-damage|p1a: Gallade|85/100\n|-ability|p1a: Gallade|Justified|boost\n|-boost|p1a: Gallade|atk|1\n|-hitcount|p1a: Gallade|4\n|move|p1a: Gallade|Triple Axel|p2b: Garchomp\n|-activate|p2b: Garchomp|move: Protect\n|move|p2a: Orthworm|Shed Tail|p2a: Orthworm\n|-start|p2a: Orthworm|Substitute|[from] move: Shed Tail\n|-damage|p2a: Orthworm|50/100\n|-enditem|p2a: Orthworm|Sitrus Berry|[eat]\n|-heal|p2a: Orthworm|75/100|[from] item: Sitrus Berry\n|\n|t:|1776522146\n|switch|p2a: Incineroar|Incineroar, L50, M, shiny|100/100|[from] Shed Tail\n|-ability|p2a: Incineroar|Intimidate|boost\n|-unboost|p1a: Gallade|atk|1\n|-unboost|p1b: Whimsicott|atk|1\n|\n|upkeep\n|turn|2\n|\n|t:|1776522165\n|switch|p2b: Froslass|Froslass, L50, F|100/100\n|detailschange|p1a: Gallade|Gallade-Mega, L50, M\n|-mega|p1a: Gallade|Gallade|Galladite\n|move|p2a: Incineroar|Fake Out|p1a: Gallade\n|-damage|p1a: Gallade|68/100\n|move|p1b: Whimsicott|Tailwind|p1b: Whimsicott\n|-sidestart|p1: arf x3|move: Tailwind\n|move|p1a: Gallade|Triple Axel|p2b: Froslass\n|-resisted|p2b: Froslass|1\n|-damage|p2b: Froslass|85/100\n|-resisted|p2b: Froslass|1\n|-damage|p2b: Froslass|56/100\n|-resisted|p2b: Froslass|1\n|-damage|p2b: Froslass|10/100\n|-hitcount|p2b: Froslass|3\n|\n|upkeep\n|turn|3\n|\n|t:|1776522182\n|detailschange|p2b: Froslass|Froslass-Mega, L50, F\n|-mega|p2b: Froslass|Froslass|Froslassite\n|-weather|Snowscape|[from] ability: Snow Warning|[of] p2b: Froslass\n|move|p2b: Froslass|Protect|p2b: Froslass\n|-singleturn|p2b: Froslass|Protect\n|move|p1b: Whimsicott|Moonblast|p2a: Incineroar\n|-end|p2a: Incineroar|Substitute\n|move|p1a: Gallade|Rock Slide|p2b: Froslass|[spread] p2a\n|-activate|p2b: Froslass|move: Protect\n|-supereffective|p2a: Incineroar|1\n|-damage|p2a: Incineroar|0 fnt\n|faint|p2a: Incineroar\n|\n|-weather|Snowscape|[upkeep]\n|upkeep\n|\n|t:|1776522196\n|switch|p2a: Garchomp|Garchomp, L50, M|100/100\n|turn|4\n|\n|t:|1776522208\n|move|p1b: Whimsicott|Moonblast|p2b: Froslass\n|-damage|p2b: Froslass|0 fnt\n|faint|p2b: Froslass\n|move|p1a: Gallade|Triple Axel|p2a: Garchomp\n|-supereffective|p2a: Garchomp|2\n|-damage|p2a: Garchomp|17/100\n|-damage|p1a: Gallade|56/100|[from] ability: Rough Skin|[of] p2a: Garchomp\n|-supereffective|p2a: Garchomp|2\n|-damage|p2a: Garchomp|0 fnt\n|-damage|p1a: Gallade|44/100|[from] ability: Rough Skin|[of] p2a: Garchomp\n|faint|p2a: Garchomp\n|-hitcount|p2: Garchomp|2\n|\n|-weather|Snowscape|[upkeep]\n|upkeep\n|\n|t:|1776522212\n|switch|p2b: Orthworm|Orthworm, L50, M, shiny|75/100\n|turn|5\n|c|\u2606kvolk|gg\n|\n|t:|1776522227\n|move|p1b: Whimsicott|Moonblast|p2b: Orthworm\n|-resisted|p2b: Orthworm|1\n|-damage|p2b: Orthworm|47/100\n|-unboost|p2b: Orthworm|spa|1\n|move|p1a: Gallade|Close Combat|p2b: Orthworm\n|-supereffective|p2b: Orthworm|1\n|-damage|p2b: Orthworm|0 fnt\n|-unboost|p1a: Gallade|def|1\n|-unboost|p1a: Gallade|spd|1\n|faint|p2b: Orthworm\n|\n|win|arf x3\n|raw|arf x3's rating: 1125 &rarr; <strong>1147</strong><br />(+22 for winning)\n|raw|kvolk's rating: 1079 &rarr; <strong>1060</strong><br />(-19 for losing)\n|c|\u2606arf x3|gg\n|l|\u2606kvolk\n|player|p2|\n",
  "uploadtime": 1776522233,
  "views": 12,
  "formatid": "gen9championsvgc2026regma",
  "rating": 1060,
  "private": 0,
  "password": null
}