{
  "id": "gen9championsvgc2026regma-2586839855",
  "format": "[Gen 9 Champions] VGC 2026 Reg M-A",
  "players": [
    "zmdate",
    "kingcoleman"
  ],
  "log": "|j|\u2606zmdate\n|j|\u2606kingcoleman\n|t:|1776464286\n|gametype|doubles\n|player|p1|zmdate|rood|1326\n|player|p2|kingcoleman|miku-water|1387\n|gen|9\n|tier|[Gen 9 Champions] VGC 2026 Reg M-A\n|rated|\n|rule|Species Clause: Limit one of each Pok\u00e9mon\n|rule|Item Clause: Limit 1 of each item\n|clearpoke\n|poke|p1|Clefable, L50, F|\n|poke|p1|Kingambit, L50, F|\n|poke|p1|Sneasler, L50, F|\n|poke|p1|Dragonite, L50, M|\n|poke|p1|Delphox, L50, F|\n|poke|p1|Basculegion, L50, M|\n|poke|p2|Mamoswine, L50, M|\n|poke|p2|Kangaskhan, L50, F|\n|poke|p2|Sinistcha, L50|\n|poke|p2|Archaludon, L50, M|\n|poke|p2|Sneasler, L50, M|\n|poke|p2|Aerodactyl, L50, M|\n|teampreview|4\n|inactive|Battle timer is ON: inactive players will automatically lose when time's up. (requested by zmdate)\n|inactive|kingcoleman has 60 seconds left.\n|\n|t:|1776464332\n|teamsize|p1|4\n|teamsize|p2|4\n|start\n|switch|p1a: Sneasler|Sneasler, L50, F|100/100\n|switch|p1b: Delphox|Delphox, L50, F|100/100\n|switch|p2a: Aerodactyl|Aerodactyl, L50, M|100/100\n|switch|p2b: Kangaskhan|Kangaskhan, L50, F|100/100\n|-ability|p2a: Aerodactyl|Unnerve\n|turn|1\n|\n|t:|1776464351\n|switch|p1a: Basculegion|Basculegion, L50, M|100/100\n|detailschange|p1b: Delphox|Delphox-Mega, L50, F\n|-mega|p1b: Delphox|Delphox|Delphoxite\n|detailschange|p2b: Kangaskhan|Kangaskhan-Mega, L50, F\n|-mega|p2b: Kangaskhan|Kangaskhan|Kangaskhanite\n|move|p2b: Kangaskhan|Fake Out|p1b: Delphox\n|-damage|p1b: Delphox|68/100\n|-damage|p1b: Delphox|60/100\n|-hitcount|p1b: Delphox|2\n|cant|p1b: Delphox|flinch\n|move|p2a: Aerodactyl|Dual Wingbeat|p1a: Basculegion\n|-damage|p1a: Basculegion|77/100\n|-damage|p1a: Basculegion|54/100\n|-hitcount|p1a: Basculegion|2\n|\n|upkeep\n|turn|2\n|inactive|zmdate has 30 seconds left.\n|\n|t:|1776464377\n|move|p2b: Kangaskhan|Sucker Punch|p1a: Basculegion\n|-supereffective|p1a: Basculegion|1\n|-damage|p1a: Basculegion|0 fnt\n|faint|p1a: Basculegion\n|-hitcount|p1: Basculegion|1\n|move|p1b: Delphox|Psychic|p2a: Aerodactyl\n|-damage|p2a: Aerodactyl|22/100\n|move|p2a: Aerodactyl|Tailwind|p2a: Aerodactyl\n|-sidestart|p2: kingcoleman|move: Tailwind\n|\n|upkeep\n|\n|t:|1776464386\n|switch|p1a: Clefable|Clefable, L50, F|100/100\n|turn|3\n|\n|t:|1776464393\n|move|p1b: Delphox|Protect|p1b: Delphox\n|-singleturn|p1b: Delphox|Protect\n|move|p1a: Clefable|Protect|p1a: Clefable\n|-singleturn|p1a: Clefable|Protect\n|move|p2a: Aerodactyl|Rock Slide|p1a: Clefable|[spread] \n|-activate|p1a: Clefable|move: Protect\n|-activate|p1b: Delphox|move: Protect\n|move|p2b: Kangaskhan|Double-Edge|p1b: Delphox\n|-activate|p1b: Delphox|move: Protect\n|\n|upkeep\n|turn|4\n|inactive|zmdate has 30 seconds left.\n|\n|t:|1776464420\n|move|p1a: Clefable|Follow Me|p1a: Clefable\n|-singleturn|p1a: Clefable|move: Follow Me\n|move|p2a: Aerodactyl|Rock Slide|p1b: Delphox|[spread] p1a,p1b\n|-supereffective|p1b: Delphox|1\n|-damage|p1a: Clefable|83/100\n|-damage|p1b: Delphox|0 fnt\n|faint|p1b: Delphox\n|move|p2b: Kangaskhan|Double-Edge|p1a: Clefable\n|-damage|p1a: Clefable|31/100\n|-damage|p1a: Clefable|17/100\n|-hitcount|p1a: Clefable|2\n|-damage|p2b: Kangaskhan|79/100|[from] Recoil\n|\n|upkeep\n|\n|t:|1776464428\n|switch|p1b: Sneasler|Sneasler, L50, F|100/100\n|turn|5\n|\n|t:|1776464439\n|move|p2a: Aerodactyl|Protect|p2a: Aerodactyl\n|-singleturn|p2a: Aerodactyl|Protect\n|move|p1b: Sneasler|Protect|p1b: Sneasler\n|-singleturn|p1b: Sneasler|Protect\n|move|p1a: Clefable|Protect|p1a: Clefable\n|-singleturn|p1a: Clefable|Protect\n|move|p2b: Kangaskhan|Double-Edge|p1b: Sneasler\n|-activate|p1b: Sneasler|move: Protect\n|\n|-sideend|p2: kingcoleman|move: Tailwind\n|upkeep\n|turn|6\n|\n|t:|1776464453\n|switch|p2b: Sinistcha|Sinistcha, L50|100/100\n|-heal|p2a: Aerodactyl|46/100|[from] ability: Hospitality|[of] p2b: Sinistcha\n|move|p1a: Clefable|Follow Me|p1a: Clefable\n|-singleturn|p1a: Clefable|move: Follow Me\n|move|p2a: Aerodactyl|Tailwind|p2a: Aerodactyl\n|-sidestart|p2: kingcoleman|move: Tailwind\n|move|p1b: Sneasler|Close Combat|p2b: Sinistcha\n|-immune|p2b: Sinistcha\n|\n|upkeep\n|turn|7\n|-message|zmdate forfeited.\n|\n|win|kingcoleman\n|raw|zmdate's rating: 1326 &rarr; <strong>1309</strong><br />(-17 for losing)\n|raw|kingcoleman's rating: 1387 &rarr; <strong>1404</strong><br />(+17 for winning)\n|l|\u2606zmdate\n|player|p1|\n",
  "uploadtime": 1776464461,
  "views": 32,
  "formatid": "gen9championsvgc2026regma",
  "rating": 1309,
  "private": 0,
  "password": null
}