{
  "id": "gen9championsvgc2026regma-2582084196",
  "format": "[Gen 9 Champions] VGC 2026 Reg M-A",
  "players": [
    "lilJesus07",
    "SpiderKash"
  ],
  "log": "|j|\u2606lilJesus07\n|j|\u2606SpiderKash\n|t:|1776055860\n|gametype|doubles\n|player|p1|lilJesus07|brawly|1392\n|player|p2|SpiderKash|101|1476\n|gen|9\n|tier|[Gen 9 Champions] VGC 2026 Reg M-A\n|rated|\n|rule|Species Clause: Limit one of each Pok\u00e9mon\n|rule|Item Clause: Limit 1 of each item\n|clearpoke\n|poke|p1|Corviknight, L50, M|\n|poke|p1|Arcanine-Hisui, L50, F|\n|poke|p1|Drampa, L50, M|\n|poke|p1|Farigiraf, L50, M|\n|poke|p1|Sinistcha, L50|\n|poke|p1|Floette-Eternal, L50, F|\n|poke|p2|Sneasler, L50, M|\n|poke|p2|Incineroar, L50, M|\n|poke|p2|Whimsicott, L50, F|\n|poke|p2|Blastoise, L50, M|\n|poke|p2|Farigiraf, L50, M|\n|poke|p2|Aegislash, L50, M|\n|teampreview|4\n|inactive|Battle timer is ON: inactive players will automatically lose when time's up. (requested by lilJesus07)\n|inactive|lilJesus07 has 60 seconds left.\n|\n|t:|1776055899\n|teamsize|p1|4\n|teamsize|p2|4\n|start\n|switch|p1a: Corviknight|Corviknight, L50, M, shiny|100/100\n|switch|p1b: Farigiraf|Farigiraf, L50, M|100/100\n|switch|p2a: Whimsicott|Whimsicott, L50, F|100/100\n|switch|p2b: Blastoise|Blastoise, L50, M|100/100\n|turn|1\n|\n|t:|1776055918\n|detailschange|p2b: Blastoise|Blastoise-Mega, L50, M\n|-mega|p2b: Blastoise|Blastoise|Blastoisinite\n|move|p2a: Whimsicott|Moonblast|p1b: Farigiraf\n|-damage|p1b: Farigiraf|62/100\n|move|p2b: Blastoise|Dark Pulse|p1b: Farigiraf\n|-supereffective|p1b: Farigiraf|1\n|-enditem|p1b: Farigiraf|Colbur Berry|[eat]\n|-enditem|p1b: Farigiraf|Colbur Berry|[weaken]\n|-damage|p1b: Farigiraf|12/100\n|move|p1a: Corviknight|Brave Bird|p2a: Whimsicott\n|-supereffective|p2a: Whimsicott|1\n|-enditem|p2a: Whimsicott|Focus Sash\n|-damage|p2a: Whimsicott|1/100\n|-damage|p1a: Corviknight|79/100|[from] Recoil\n|move|p1b: Farigiraf|Trick Room|p1b: Farigiraf\n|-fieldstart|move: Trick Room|[of] p1b: Farigiraf\n|\n|-heal|p1a: Corviknight|85/100|[from] item: Leftovers\n|upkeep\n|turn|2\n|inactive|lilJesus07 has 30 seconds left.\n|inactive|SpiderKash has 30 seconds left.\n|inactive|SpiderKash has 20 seconds left.\n|inactive|SpiderKash has 15 seconds left.\n|\n|t:|1776055959\n|switch|p2b: Farigiraf|Farigiraf, L50, M|100/100\n|switch|p2a: Aegislash|Aegislash, L50, M|100/100\n|move|p1b: Farigiraf|Psychic|p2b: Farigiraf\n|-resisted|p2b: Farigiraf|1\n|-damage|p2b: Farigiraf|83/100\n|move|p1a: Corviknight|Body Press|p2a: Aegislash\n|-immune|p2a: Aegislash\n|\n|-heal|p1a: Corviknight|91/100|[from] item: Leftovers\n|upkeep\n|turn|3\n|\n|t:|1776055980\n|move|p1a: Corviknight|Bulk Up|p1a: Corviknight\n|-boost|p1a: Corviknight|atk|1\n|-boost|p1a: Corviknight|def|1\n|-formechange|p2a: Aegislash|Aegislash-Blade|\n|move|p2a: Aegislash|Flash Cannon|p1b: Farigiraf\n|-damage|p1b: Farigiraf|0 fnt\n|faint|p1b: Farigiraf\n|move|p2b: Farigiraf|Trick Room|p2b: Farigiraf\n|-fieldend|move: Trick Room\n|\n|-heal|p1a: Corviknight|97/100|[from] item: Leftovers\n|upkeep\n|\n|t:|1776055987\n|switch|p1b: Floette|Floette-Eternal, L50, F|100/100\n|turn|4\n|\n|t:|1776056000\n|detailschange|p1b: Floette|Floette-Mega, L50, F\n|-mega|p1b: Floette|Floette|Floettite\n|-ability|p1b: Floette|Fairy Aura\n|move|p2b: Farigiraf|Helping Hand|p2a: Aegislash\n|-singleturn|p2a: Aegislash|Helping Hand|[of] p2b: Farigiraf\n|move|p2a: Aegislash|Flash Cannon|p1b: Floette\n|-supereffective|p1b: Floette|1\n|-damage|p1b: Floette|0 fnt\n|faint|p1b: Floette\n|move|p1a: Corviknight|Tailwind|p1a: Corviknight\n|-sidestart|p1: lilJesus07|move: Tailwind\n|\n|-heal|p1a: Corviknight|100/100|[from] item: Leftovers\n|upkeep\n|\n|t:|1776056008\n|switch|p1b: Sinistcha|Sinistcha, L50|100/100\n|turn|5\n|\n|t:|1776056030\n|switch|p2a: Whimsicott|Whimsicott, L50, F|1/100\n|move|p1a: Corviknight|Bulk Up|p1a: Corviknight\n|-boost|p1a: Corviknight|atk|1\n|-boost|p1a: Corviknight|def|1\n|move|p1b: Sinistcha|Matcha Gotcha|p2b: Farigiraf|[spread] p2b\n|-miss|p1b: Sinistcha|p2a: Whimsicott\n|-damage|p2b: Farigiraf|59/100\n|-status|p2b: Farigiraf|brn\n|move|p2b: Farigiraf|Trick Room|p2b: Farigiraf\n|-fieldstart|move: Trick Room|[of] p2b: Farigiraf\n|\n|-damage|p2b: Farigiraf|53/100 brn|[from] brn\n|upkeep\n|turn|6\n|inactive|lilJesus07 has 30 seconds left.\n|\n|t:|1776056059\n|move|p2a: Whimsicott|Encore|p1a: Corviknight\n|-start|p1a: Corviknight|Encore\n|move|p2b: Farigiraf|Psychic|p1b: Sinistcha\n|-damage|p1b: Sinistcha|68/100\n|move|p1a: Corviknight|Bulk Up|p1a: Corviknight\n|-boost|p1a: Corviknight|atk|1\n|-boost|p1a: Corviknight|def|1\n|move|p1b: Sinistcha|Trick Room|p1b: Sinistcha\n|-fieldend|move: Trick Room\n|\n|-damage|p2b: Farigiraf|47/100 brn|[from] brn\n|upkeep\n|turn|7\n|\n|t:|1776056074\n|switch|p2b: Blastoise|Blastoise-Mega, L50, M|100/100\n|move|p2a: Whimsicott|Encore|p1b: Sinistcha\n|-start|p1b: Sinistcha|Encore\n|move|p1a: Corviknight|Bulk Up|p1a: Corviknight\n|-boost|p1a: Corviknight|atk|1\n|-boost|p1a: Corviknight|def|1\n|move|p1b: Sinistcha|Trick Room|p1b: Sinistcha\n|-fieldstart|move: Trick Room|[of] p1b: Sinistcha\n|\n|-sideend|p1: lilJesus07|move: Tailwind\n|upkeep\n|turn|8\n|\n|t:|1776056080\n|move|p1a: Corviknight|Bulk Up|p1a: Corviknight\n|-boost|p1a: Corviknight|atk|1\n|-boost|p1a: Corviknight|def|1\n|move|p2b: Blastoise|Water Spout|p1b: Sinistcha|[spread] p1a,p1b\n|-resisted|p1b: Sinistcha|1\n|-damage|p1a: Corviknight|39/100\n|-damage|p1b: Sinistcha|36/100\n|move|p2a: Whimsicott|Moonblast|p1b: Sinistcha\n|-damage|p1b: Sinistcha|0 fnt\n|faint|p1b: Sinistcha\n|\n|-heal|p1a: Corviknight|44/100|[from] item: Leftovers\n|-end|p1a: Corviknight|Encore\n|upkeep\n|turn|9\n|\n|t:|1776056090\n|move|p2a: Whimsicott|Encore|p1a: Corviknight\n|-start|p1a: Corviknight|Encore\n|move|p1a: Corviknight|Bulk Up|p1a: Corviknight\n|-boost|p1a: Corviknight|atk|1\n|-boost|p1a: Corviknight|def|1\n|move|p2b: Blastoise|Water Spout|p1a: Corviknight\n|-damage|p1a: Corviknight|0 fnt\n|faint|p1a: Corviknight\n|\n|win|SpiderKash\n|raw|lilJesus07's rating: 1392 &rarr; <strong>1377</strong><br />(-15 for losing)\n|raw|SpiderKash's rating: 1476 &rarr; <strong>1491</strong><br />(+15 for winning)\n",
  "uploadtime": 1776056095,
  "views": 58,
  "formatid": "gen9championsvgc2026regma",
  "rating": 1377,
  "private": 0,
  "password": null
}