{
  "id": "gen9championsvgc2026regma-2589480963",
  "format": "[Gen 9 Champions] VGC 2026 Reg M-A",
  "players": [
    "Ratman937402",
    "maxvw"
  ],
  "log": "|j|\u2606Ratman937402\n|j|\u2606maxvw\n|t:|1776726828\n|gametype|doubles\n|player|p1|Ratman937402|wallace|1086\n|player|p2|maxvw|unknown|1113\n|gen|9\n|tier|[Gen 9 Champions] VGC 2026 Reg M-A\n|rated|\n|rule|Species Clause: Limit one of each Pok\u00e9mon\n|rule|Item Clause: Limit 1 of each item\n|clearpoke\n|poke|p1|Garchomp, L50, F|\n|poke|p1|Gardevoir, L50, M|\n|poke|p1|Aerodactyl, L50, F, shiny|\n|poke|p1|Scizor, L50, M, shiny|\n|poke|p1|Rotom-Wash, L50|\n|poke|p1|Incineroar, L50, M, shiny|\n|poke|p2|Gengar, L50, M|\n|poke|p2|Whimsicott, L50, F|\n|poke|p2|Incineroar, L50, M|\n|poke|p2|Sinistcha, L50|\n|poke|p2|Basculegion, L50, M|\n|poke|p2|Politoed, L50, F|\n|teampreview|4\n|\n|t:|1776726852\n|teamsize|p1|4\n|teamsize|p2|4\n|start\n|switch|p1a: Rathian|Aerodactyl, L50, F, shiny|100/100\n|switch|p1b: Larry|Incineroar, L50, M, shiny|100/100\n|switch|p2a: Gengar|Gengar, L50, M|100/100\n|switch|p2b: Whimsicott|Whimsicott, L50, F|100/100\n|-ability|p1a: Rathian|Unnerve\n|-ability|p1b: Larry|Intimidate|boost\n|-unboost|p2a: Gengar|atk|1\n|-unboost|p2b: Whimsicott|atk|1\n|turn|1\n|\n|t:|1776726877\n|detailschange|p2a: Gengar|Gengar-Mega, L50, M\n|-mega|p2a: Gengar|Gengar|Gengarite\n|move|p2b: Whimsicott|Protect|p2b: Whimsicott\n|-singleturn|p2b: Whimsicott|Protect\n|move|p2a: Gengar|Protect|p2a: Gengar\n|-singleturn|p2a: Gengar|Protect\n|move|p1a: Rathian|Tailwind|p1a: Rathian\n|-sidestart|p1: Ratman937402|move: Tailwind\n|move|p1b: Larry|Parting Shot|p2a: Gengar\n|-activate|p2a: Gengar|move: Protect\n|\n|upkeep\n|turn|2\n|\n|t:|1776726891\n|move|p2b: Whimsicott|Encore|p1a: Rathian\n|-start|p1a: Rathian|Encore\n|move|p1a: Rathian|Tailwind||[still]\n|-fail|p1a: Rathian\n|move|p2a: Gengar|Disable|p1a: Rathian\n|-start|p1a: Rathian|Disable|Tailwind\n|move|p1b: Larry|Throat Chop|p2a: Gengar\n|-supereffective|p2a: Gengar|1\n|-damage|p2a: Gengar|6/100\n|-start|p2a: Gengar|Throat Chop|[silent]\n|\n|upkeep\n|turn|3\n|\n|t:|1776726913\n|move|p2a: Gengar|Protect|p2a: Gengar\n|-singleturn|p2a: Gengar|Protect\n|-activate|p1a: Rathian|move: Struggle\n|move|p1a: Rathian|Struggle|p2a: Gengar\n|-activate|p2a: Gengar|move: Protect\n|move|p1b: Larry|Flame Charge|p2a: Gengar\n|-activate|p2a: Gengar|move: Protect\n|move|p2b: Whimsicott|Moonblast|p1b: Larry\n|-damage|p1b: Larry|77/100\n|\n|-end|p2a: Gengar|Throat Chop|[silent]\n|upkeep\n|turn|4\n|\n|t:|1776726931\n|switch|p2b: Sinistcha|Sinistcha, L50|100/100\n|-heal|p2a: Gengar|30/100|[from] ability: Hospitality|[of] p2b: Sinistcha\n|-activate|p1a: Rathian|move: Struggle\n|move|p1a: Rathian|Struggle|p2b: Sinistcha\n|-damage|p2b: Sinistcha|88/100\n|-damage|p1a: Rathian|76/100|[from] recoil\n|move|p2a: Gengar|Disable|p1b: Larry\n|-start|p1b: Larry|Disable|Flame Charge\n|cant|p1b: Larry|Disable|Flame Charge\n|\n|-end|p1a: Rathian|Encore\n|-sideend|p1: Ratman937402|move: Tailwind\n|upkeep\n|turn|5\n|\n|t:|1776726961\n|move|p2b: Sinistcha|Rage Powder|p2b: Sinistcha\n|-singleturn|p2b: Sinistcha|move: Rage Powder\n|move|p1a: Rathian|Dual Wingbeat|p2b: Sinistcha\n|-supereffective|p2b: Sinistcha|1\n|-damage|p2b: Sinistcha|60/100\n|-supereffective|p2b: Sinistcha|1\n|-damage|p2b: Sinistcha|28/100\n|-hitcount|p2b: Sinistcha|2\n|move|p2a: Gengar|Perish Song|p2a: Gengar\n|-start|p1a: Rathian|perish3|[silent]\n|-start|p1b: Larry|perish3|[silent]\n|-start|p2a: Gengar|perish3|[silent]\n|-start|p2b: Sinistcha|perish3|[silent]\n|-fieldactivate|move: Perish Song\n|move|p1b: Larry|Throat Chop|p2b: Sinistcha\n|-supereffective|p2b: Sinistcha|1\n|-damage|p2b: Sinistcha|0 fnt\n|faint|p2b: Sinistcha\n|\n|-start|p2a: Gengar|perish3\n|-start|p1a: Rathian|perish3\n|-start|p1b: Larry|perish3\n|upkeep\n|\n|t:|1776726965\n|switch|p2b: Incineroar|Incineroar, L50, M|100/100\n|-ability|p2b: Incineroar|Intimidate|boost\n|-unboost|p1a: Rathian|atk|1\n|-unboost|p1b: Larry|atk|1\n|turn|6\n|\n|t:|1776726984\n|move|p1a: Rathian|Protect|p1a: Rathian\n|-singleturn|p1a: Rathian|Protect\n|move|p2a: Gengar|Protect|p2a: Gengar\n|-singleturn|p2a: Gengar|Protect\n|move|p2b: Incineroar|Fake Out|p1b: Larry\n|-damage|p1b: Larry|67/100\n|cant|p1b: Larry|flinch\n|\n|-end|p1a: Rathian|Disable\n|-start|p1a: Rathian|perish2\n|-start|p2a: Gengar|perish2\n|-start|p1b: Larry|perish2\n|upkeep\n|turn|7\n|\n|t:|1776727005\n|move|p2a: Gengar|Disable|p1a: Rathian\n|-start|p1a: Rathian|Disable|Protect\n|move|p1a: Rathian|Rock Slide|p2b: Incineroar|[spread] p2a,p2b\n|-supereffective|p2b: Incineroar|1\n|-damage|p2a: Gengar|1/100\n|-damage|p2b: Incineroar|65/100\n|move|p1b: Larry|Throat Chop|p2a: Gengar\n|-supereffective|p2a: Gengar|1\n|-damage|p2a: Gengar|0 fnt\n|faint|p2a: Gengar\n|cant|p2b: Incineroar|flinch\n|\n|-heal|p2b: Incineroar|71/100|[from] item: Leftovers\n|-end|p1b: Larry|Disable\n|-start|p1a: Rathian|perish1\n|-start|p1b: Larry|perish1\n|upkeep\n|\n|t:|1776727008\n|switch|p2a: Whimsicott|Whimsicott, L50, F|100/100\n|turn|8\n|\n|t:|1776727032\n|switch|p1a: the Green one|Scizor, L50, M, shiny|100/100\n|switch|p1b: Wet-Inator|Rotom-Wash, L50|100/100\n|move|p2b: Incineroar|Protect|p2b: Incineroar\n|-singleturn|p2b: Incineroar|Protect\n|move|p2a: Whimsicott|Moonblast|p1b: Wet-Inator\n|-damage|p1b: Wet-Inator|70/100\n|\n|-heal|p2b: Incineroar|77/100|[from] item: Leftovers\n|upkeep\n|turn|9\n|-message|maxvw forfeited.\n|\n|win|Ratman937402\n|raw|Ratman937402's rating: 1086 &rarr; <strong>1115</strong><br />(+29 for winning)\n|raw|maxvw's rating: 1113 &rarr; <strong>1086</strong><br />(-27 for losing)\n|l|\u2606maxvw\n|player|p2|\n",
  "uploadtime": 1776727044,
  "views": 19,
  "formatid": "gen9championsvgc2026regma",
  "rating": 1086,
  "private": 0,
  "password": null
}