{
  "id": "gen9championsvgc2026regma-2588597670",
  "format": "[Gen 9 Champions] VGC 2026 Reg M-A",
  "players": [
    "OJ32",
    "Lujay7"
  ],
  "log": "|j|\u2606OJ32\n|j|\u2606Lujay7\n|t:|1776648665\n|gametype|doubles\n|player|p1|OJ32|1|1199\n|player|p2|Lujay7|266|1213\n|gen|9\n|tier|[Gen 9 Champions] VGC 2026 Reg M-A\n|rated|\n|rule|Species Clause: Limit one of each Pok\u00e9mon\n|rule|Item Clause: Limit 1 of each item\n|clearpoke\n|poke|p1|Sneasler, L50, F|\n|poke|p1|Garchomp, L50, M|\n|poke|p1|Sinistcha, L50|\n|poke|p1|Floette-Eternal, L50, F|\n|poke|p1|Aerodactyl, L50, F|\n|poke|p1|Milotic, L50, F|\n|poke|p2|Greninja, L50, M|\n|poke|p2|Klefki, L50, M|\n|poke|p2|Abomasnow, L50, F|\n|poke|p2|Garchomp, L50, M|\n|poke|p2|Aerodactyl, L50, F|\n|poke|p2|Arcanine, L50, M|\n|teampreview|4\n|inactive|Battle timer is ON: inactive players will automatically lose when time's up. (requested by OJ32)\n|inactive|OJ32 has 60 seconds left.\n|\n|t:|1776648712\n|teamsize|p1|4\n|teamsize|p2|4\n|start\n|switch|p1a: Milotic|Milotic, L50, F|100/100\n|switch|p1b: Aerodactyl|Aerodactyl, L50, F|100/100\n|switch|p2a: Klefki|Klefki, L50, M|100/100\n|switch|p2b: Aerodactyl|Aerodactyl, L50, F|100/100\n|-ability|p1b: Aerodactyl|Unnerve\n|turn|1\n|\n|t:|1776648732\n|move|p2a: Klefki|Reflect|p2a: Klefki\n|-sidestart|p2: Lujay7|Reflect\n|move|p2b: Aerodactyl|Tailwind|p2b: Aerodactyl\n|-sidestart|p2: Lujay7|move: Tailwind\n|move|p1b: Aerodactyl|Tailwind|p1b: Aerodactyl\n|-sidestart|p1: OJ32|move: Tailwind\n|move|p1a: Milotic|Icy Wind|p2a: Klefki|[spread] p2a,p2b\n|-resisted|p2a: Klefki|1\n|-supereffective|p2b: Aerodactyl|1\n|-damage|p2a: Klefki|93/100\n|-damage|p2b: Aerodactyl|65/100\n|-unboost|p2a: Klefki|spe|1\n|-unboost|p2b: Aerodactyl|spe|1\n|\n|upkeep\n|turn|2\n|\n|t:|1776648749\n|switch|p2b: Abomasnow|Abomasnow, L50, F|100/100\n|-weather|Snowscape|[from] ability: Snow Warning|[of] p2b: Abomasnow\n|move|p2a: Klefki|Light Screen|p2a: Klefki\n|-sidestart|p2: Lujay7|move: Light Screen\n|move|p1b: Aerodactyl|Rock Slide|p2b: Abomasnow|[spread] p2b\n|-miss|p1b: Aerodactyl|p2a: Klefki\n|-supereffective|p2b: Abomasnow|1\n|-crit|p2b: Abomasnow\n|-damage|p2b: Abomasnow|60/100\n|move|p1a: Milotic|Scald|p2b: Abomasnow\n|-resisted|p2b: Abomasnow|1\n|-damage|p2b: Abomasnow|48/100\n|\n|-weather|Snowscape|[upkeep]\n|-heal|p2b: Abomasnow|54/100|[from] item: Leftovers\n|upkeep\n|turn|3\n|\n|t:|1776648765\n|switch|p2a: Greninja|Greninja, L50, M|100/100\n|move|p1b: Aerodactyl|Dual Wingbeat|p2b: Abomasnow\n|-supereffective|p2b: Abomasnow|1\n|-crit|p2b: Abomasnow\n|-damage|p2b: Abomasnow|24/100\n|-supereffective|p2b: Abomasnow|1\n|-damage|p2b: Abomasnow|10/100\n|-hitcount|p2b: Abomasnow|2\n|move|p1a: Milotic|Scald|p2b: Abomasnow\n|-resisted|p2b: Abomasnow|1\n|-damage|p2b: Abomasnow|0 fnt\n|faint|p2b: Abomasnow\n|\n|-weather|Snowscape|[upkeep]\n|upkeep\n|\n|t:|1776648778\n|switch|p2b: Aerodactyl|Aerodactyl, L50, F|65/100\n|turn|4\n|\n|t:|1776648801\n|detailschange|p2a: Greninja|Greninja-Mega, L50, M\n|-mega|p2a: Greninja|Greninja|Greninjite\n|move|p2a: Greninja|Blizzard|p1b: Aerodactyl|[spread] p1a,p1b\n|-start|p2a: Greninja|typechange|Ice|[from] ability: Protean\n|-resisted|p1a: Milotic|1\n|-crit|p1a: Milotic\n|-supereffective|p1b: Aerodactyl|1\n|-damage|p1a: Milotic|78/100\n|-enditem|p1b: Aerodactyl|Focus Sash\n|-damage|p1b: Aerodactyl|1/100\n|move|p1b: Aerodactyl|Rock Slide|p2a: Greninja|[spread] p2a,p2b\n|-supereffective|p2a: Greninja|1\n|-supereffective|p2b: Aerodactyl|1\n|-damage|p2a: Greninja|68/100\n|-damage|p2b: Aerodactyl|13/100\n|cant|p2b: Aerodactyl|flinch\n|move|p1a: Milotic|Icy Wind|p2b: Aerodactyl|[spread] p2a,p2b\n|-resisted|p2a: Greninja|1\n|-supereffective|p2b: Aerodactyl|1\n|-damage|p2a: Greninja|63/100\n|-damage|p2b: Aerodactyl|0 fnt\n|-unboost|p2a: Greninja|spe|1\n|faint|p2b: Aerodactyl\n|\n|-weather|Snowscape|[upkeep]\n|-heal|p1a: Milotic|84/100|[from] item: Leftovers\n|-sideend|p2: Lujay7|move: Tailwind\n|-sideend|p1: OJ32|move: Tailwind\n|upkeep\n|\n|t:|1776648817\n|switch|p2b: Klefki|Klefki, L50, M|93/100\n|turn|5\n|\n|t:|1776648826\n|move|p1b: Aerodactyl|Tailwind|p1b: Aerodactyl\n|-sidestart|p1: OJ32|move: Tailwind\n|move|p1a: Milotic|Icy Wind|p2a: Greninja|[spread] p2a,p2b\n|-resisted|p2a: Greninja|1\n|-resisted|p2b: Klefki|1\n|-damage|p2a: Greninja|58/100\n|-damage|p2b: Klefki|88/100\n|-unboost|p2a: Greninja|spe|1\n|-unboost|p2b: Klefki|spe|1\n|move|p2a: Greninja|Sludge Wave|p1b: Aerodactyl|[spread] p1a,p1b\n|-immune|p2b: Klefki\n|-resisted|p1b: Aerodactyl|1\n|-damage|p1a: Milotic|65/100\n|-damage|p1b: Aerodactyl|0 fnt\n|faint|p1b: Aerodactyl\n|move|p2b: Klefki|Dazzling Gleam|p1a: Milotic\n|-crit|p1a: Milotic\n|-damage|p1a: Milotic|34/100\n|\n|-weather|Snowscape|[upkeep]\n|-heal|p1a: Milotic|40/100|[from] item: Leftovers\n|-sideend|p2: Lujay7|Reflect\n|upkeep\n|\n|t:|1776648844\n|switch|p1b: Floette|Floette-Eternal, L50, F|100/100\n|turn|6\n|inactive|Lujay7 has 30 seconds left.\n|\n|t:|1776648872\n|detailschange|p1b: Floette|Floette-Mega, L50, F\n|-mega|p1b: Floette|Floette|Floettite\n|-ability|p1b: Floette|Fairy Aura\n|move|p1b: Floette|Moonblast|p2a: Greninja\n|-crit|p2a: Greninja\n|-damage|p2a: Greninja|0 fnt\n|faint|p2a: Greninja\n|move|p1a: Milotic|Scald|p2b: Klefki\n|-damage|p2b: Klefki|59/100\n|-status|p2b: Klefki|brn\n|move|p2b: Klefki|Dazzling Gleam|p1b: Floette|[spread] p1a,p1b\n|-damage|p1a: Milotic|19/100\n|-damage|p1b: Floette|79/100\n|\n|-weather|none\n|-heal|p1a: Milotic|25/100|[from] item: Leftovers\n|-damage|p2b: Klefki|53/100 brn|[from] brn\n|-sideend|p2: Lujay7|move: Light Screen\n|upkeep\n|turn|7\n|inactive|Lujay7 has 30 seconds left.\n|inactive|Lujay7 has 20 seconds left.\n|inactive|Lujay7 has 15 seconds left.\n|inactive|Lujay7 has 10 seconds left.\n|inactive|Lujay7 has 5 seconds left.\n|\n|t:|1776648930\n|move|p2b: Klefki|Protect|p2b: Klefki\n|-singleturn|p2b: Klefki|Protect\n|move|p1b: Floette|Moonblast|p2b: Klefki\n|-activate|p2b: Klefki|move: Protect\n|move|p1a: Milotic|Scald|p2b: Klefki\n|-activate|p2b: Klefki|move: Protect\n|\n|-heal|p1a: Milotic|32/100|[from] item: Leftovers\n|-damage|p2b: Klefki|47/100 brn|[from] brn\n|upkeep\n|turn|8\n|inactive|Lujay7 has 30 seconds left.\n|inactive|Lujay7 has 20 seconds left.\n|inactive|Lujay7 has 15 seconds left.\n|inactive|Lujay7 has 10 seconds left.\n|inactive|Lujay7 has 5 seconds left.\n|\n|t:|1776648985\n|move|p2b: Klefki|Protect||[still]\n|-fail|p2b: Klefki\n|move|p1b: Floette|Moonblast|p2b: Klefki\n|-resisted|p2b: Klefki|1\n|-damage|p2b: Klefki|5/100 brn\n|move|p1a: Milotic|Scald|p2b: Klefki\n|-damage|p2b: Klefki|0 fnt\n|faint|p2b: Klefki\n|\n|win|OJ32\n|raw|OJ32's rating: 1199 &rarr; <strong>1225</strong><br />(+26 for winning)\n|raw|Lujay7's rating: 1213 &rarr; <strong>1187</strong><br />(-26 for losing)\n",
  "uploadtime": 1776648985,
  "views": 6,
  "formatid": "gen9championsvgc2026regma",
  "rating": 1187,
  "private": 0,
  "password": null
}