{
  "id": "gen9championsvgc2026regma-2584899871",
  "format": "[Gen 9 Champions] VGC 2026 Reg M-A",
  "players": [
    "MrMaro",
    "battle sim trainer"
  ],
  "log": "|j|\u2606MrMaro\n|j|\u2606battle sim trainer\n|t:|1776292760\n|gametype|doubles\n|player|p1|MrMaro|170|1133\n|player|p2|battle sim trainer|turo|1149\n|gen|9\n|tier|[Gen 9 Champions] VGC 2026 Reg M-A\n|rated|\n|rule|Species Clause: Limit one of each Pok\u00e9mon\n|rule|Item Clause: Limit 1 of each item\n|clearpoke\n|poke|p1|Scovillain, L50, F|\n|poke|p1|Corviknight, L50, F|\n|poke|p1|Tyranitar, L50, F|\n|poke|p1|Excadrill, L50, F|\n|poke|p1|Rotom-Wash, L50|\n|poke|p1|Incineroar, L50, F|\n|poke|p2|Farigiraf, L50, F|\n|poke|p2|Sinistcha, L50|\n|poke|p2|Crabominable, L50, F|\n|poke|p2|Medicham, L50, M|\n|poke|p2|Torkoal, L50, M|\n|poke|p2|Golurk, L50|\n|teampreview|4\n|inactive|Battle timer is ON: inactive players will automatically lose when time's up. (requested by MrMaro)\n|\n|t:|1776292796\n|teamsize|p1|4\n|teamsize|p2|4\n|start\n|switch|p1a: Scovillain|Scovillain, L50, F|100/100\n|switch|p1b: Corviknight|Corviknight, L50, F|100/100\n|switch|p2a: Farigiraf|Farigiraf, L50, F|100/100\n|switch|p2b: Medicham|Medicham, L50, M|100/100\n|turn|1\n|\n|t:|1776292815\n|move|p2b: Medicham|Fake Out|p1b: Corviknight\n|-resisted|p1b: Corviknight|1\n|-damage|p1b: Corviknight|94/100\n|cant|p1b: Corviknight|flinch\n|move|p1a: Scovillain|Leech Seed|p2a: Farigiraf\n|-start|p2a: Farigiraf|move: Leech Seed\n|move|p2a: Farigiraf|Trick Room|p2a: Farigiraf\n|-fieldstart|move: Trick Room|[of] p2a: Farigiraf\n|\n|-heal|p1b: Corviknight|100/100|[from] item: Leftovers\n|-damage|p2a: Farigiraf|88/100|[from] Leech Seed|[of] p1a: Scovillain\n|-ability|p1a: Scovillain|Moody|boost\n|-boost|p1a: Scovillain|atk|2\n|-unboost|p1a: Scovillain|spd|1\n|upkeep\n|turn|2\n|inactive|battle sim trainer has 30 seconds left.\n|\n|t:|1776292841\n|switch|p2b: Torkoal|Torkoal, L50, M|100/100\n|-weather|SunnyDay|[from] ability: Drought|[of] p2b: Torkoal\n|switch|p1b: Incineroar|Incineroar, L50, F|100/100\n|-ability|p1b: Incineroar|Intimidate|boost\n|-unboost|p2a: Farigiraf|atk|1\n|-unboost|p2b: Torkoal|atk|1\n|move|p1a: Scovillain|Protect|p1a: Scovillain\n|-singleturn|p1a: Scovillain|Protect\n|move|p2a: Farigiraf|Psyshock|p1a: Scovillain\n|-activate|p1a: Scovillain|move: Protect\n|\n|-weather|SunnyDay|[upkeep]\n|-damage|p2a: Farigiraf|76/100|[from] Leech Seed|[of] p1a: Scovillain\n|-ability|p1a: Scovillain|Moody|boost\n|-boost|p1a: Scovillain|spe|2\n|-unboost|p1a: Scovillain|atk|1\n|upkeep\n|turn|3\n|\n|t:|1776292863\n|switch|p2a: Crabominable|Crabominable, L50, F|100/100\n|switch|p1a: Rotom|Rotom-Wash, L50|100/100\n|move|p2b: Torkoal|Eruption|p1a: Rotom|[spread] p1a,p1b\n|-resisted|p1a: Rotom|1\n|-resisted|p1b: Incineroar|1\n|-damage|p1a: Rotom|54/100\n|-damage|p1b: Incineroar|61/100\n|move|p1b: Incineroar|Throat Chop|p2a: Crabominable\n|-resisted|p2a: Crabominable|1\n|-damage|p2a: Crabominable|77/100\n|-start|p2a: Crabominable|Throat Chop|[silent]\n|\n|-weather|SunnyDay|[upkeep]\n|upkeep\n|turn|4\n|inactive|MrMaro has 30 seconds left.\n|inactive|battle sim trainer has 30 seconds left.\n|inactive|MrMaro has 20 seconds left.\n|inactive|battle sim trainer has 20 seconds left.\n|inactive|battle sim trainer has 15 seconds left.\n|\n|t:|1776292906\n|detailschange|p2a: Crabominable|Crabominable-Mega, L50, F\n|-mega|p2a: Crabominable|Crabominable|Crabominite\n|move|p2b: Torkoal|Earth Power|p1b: Incineroar\n|-supereffective|p1b: Incineroar|1\n|-damage|p1b: Incineroar|8/100\n|move|p2a: Crabominable|Drain Punch|p1a: Rotom\n|-damage|p1a: Rotom|0 fnt\n|-heal|p2a: Crabominable|98/100|[from] drain|[of] p1a: Rotom\n|faint|p1a: Rotom\n|move|p1b: Incineroar|Flare Blitz|p2a: Crabominable\n|-supereffective|p2a: Crabominable|1\n|-damage|p2a: Crabominable|0 fnt\n|faint|p2a: Crabominable\n|-damage|p1b: Incineroar|0 fnt|[from] Recoil\n|faint|p1b: Incineroar\n|\n|-weather|SunnyDay|[upkeep]\n|upkeep\n|\n|t:|1776292925\n|switch|p2a: Farigiraf|Farigiraf, L50, F|76/100\n|switch|p1b: Scovillain|Scovillain, L50, F|100/100\n|switch|p1a: Corviknight|Corviknight, L50, F|100/100\n|turn|5\n|\n|t:|1776292935\n|move|p2a: Farigiraf|Helping Hand|p2b: Torkoal\n|-singleturn|p2b: Torkoal|Helping Hand|[of] p2a: Farigiraf\n|move|p1b: Scovillain|Protect|p1b: Scovillain\n|-singleturn|p1b: Scovillain|Protect\n|move|p1a: Corviknight|Protect|p1a: Corviknight\n|-singleturn|p1a: Corviknight|Protect\n|move|p2b: Torkoal|Eruption|p1b: Scovillain|[spread] \n|-activate|p1a: Corviknight|move: Protect\n|-activate|p1b: Scovillain|move: Protect\n|\n|-weather|SunnyDay|[upkeep]\n|-fieldend|move: Trick Room\n|-ability|p1b: Scovillain|Moody|boost\n|-boost|p1b: Scovillain|spd|2\n|-unboost|p1b: Scovillain|def|1\n|upkeep\n|turn|6\n|\n|t:|1776292958\n|detailschange|p1b: Scovillain|Scovillain-Mega, L50, F\n|-mega|p1b: Scovillain|Scovillain|Scovillainite\n|move|p1a: Corviknight|Body Press|p2a: Farigiraf\n|-crit|p2a: Farigiraf\n|-damage|p2a: Farigiraf|38/100\n|-enditem|p2a: Farigiraf|Sitrus Berry|[eat]\n|-heal|p2a: Farigiraf|63/100|[from] item: Sitrus Berry\n|move|p1b: Scovillain|Giga Drain|p2a: Farigiraf\n|-crit|p2a: Farigiraf\n|-damage|p2a: Farigiraf|23/100\n|move|p2b: Torkoal|Weather Ball|p1a: Corviknight\n|-supereffective|p1a: Corviknight|1\n|-damage|p1a: Corviknight|0 fnt\n|faint|p1a: Corviknight\n|move|p2a: Farigiraf|Trick Room|p2a: Farigiraf\n|-fieldstart|move: Trick Room|[of] p2a: Farigiraf\n|\n|-weather|none\n|upkeep\n|turn|7\n|inactive|MrMaro has 30 seconds left.\n|\n|t:|1776292987\n|move|p2b: Torkoal|Eruption|p1b: Scovillain\n|-damage|p1b: Scovillain|66/100\n|-immune|p2b: Torkoal\n|move|p2a: Farigiraf|Psyshock|p1b: Scovillain\n|-damage|p1b: Scovillain|20/100\n|-status|p2a: Farigiraf|brn|[from] ability: Spicy Spray|[of] p1b: Scovillain\n|move|p1b: Scovillain|Leech Seed|p2b: Torkoal\n|-start|p2b: Torkoal|move: Leech Seed\n|\n|-damage|p2b: Torkoal|88/100|[from] Leech Seed|[of] p1b: Scovillain\n|-heal|p1b: Scovillain|33/100|[silent]\n|-damage|p2a: Farigiraf|17/100 brn|[from] brn\n|upkeep\n|turn|8\n|\n|t:|1776293002\n|move|p1b: Scovillain|Protect|p1b: Scovillain\n|-singleturn|p1b: Scovillain|Protect\n|move|p2b: Torkoal|Eruption|p1b: Scovillain\n|-activate|p1b: Scovillain|move: Protect\n|move|p2a: Farigiraf|Psyshock|p1b: Scovillain\n|-activate|p1b: Scovillain|move: Protect\n|\n|-damage|p2b: Torkoal|76/100|[from] Leech Seed|[of] p1b: Scovillain\n|-heal|p1b: Scovillain|46/100|[silent]\n|-damage|p2a: Farigiraf|11/100 brn|[from] brn\n|upkeep\n|turn|9\n|\n|t:|1776293019\n|switch|p2b: Medicham|Medicham, L50, M|100/100\n|move|p2a: Farigiraf|Psyshock|p1b: Scovillain\n|-damage|p1b: Scovillain|0 fnt\n|faint|p1b: Scovillain\n|\n|win|battle sim trainer\n|raw|MrMaro's rating: 1133 &rarr; <strong>1109</strong><br />(-24 for losing)\n|raw|battle sim trainer's rating: 1149 &rarr; <strong>1173</strong><br />(+24 for winning)\n",
  "uploadtime": 1776293024,
  "views": 22,
  "formatid": "gen9championsvgc2026regma",
  "rating": 1109,
  "private": 0,
  "password": null
}