{
  "id": "gen9championsvgc2026regma-2588019560",
  "format": "[Gen 9 Champions] VGC 2026 Reg M-A",
  "players": [
    "qingyunyunyun",
    "Nasihasi"
  ],
  "log": "|j|\u2606qingyunyunyun\n|j|\u2606Nasihasi\n|t:|1776593820\n|gametype|doubles\n|player|p1|qingyunyunyun|265|1422\n|player|p2|Nasihasi|hiker-gen4|1340\n|gen|9\n|tier|[Gen 9 Champions] VGC 2026 Reg M-A\n|rated|\n|rule|Species Clause: Limit one of each Pok\u00e9mon\n|rule|Item Clause: Limit 1 of each item\n|clearpoke\n|poke|p1|Whimsicott, L50, M|\n|poke|p1|Floette-Eternal, L50, F|\n|poke|p1|Sinistcha-Masterpiece, L50|\n|poke|p1|Crabominable, L50, F|\n|poke|p1|Basculegion, L50, M|\n|poke|p1|Sneasler, L50, M|\n|poke|p2|Floette-Eternal, L50, F|\n|poke|p2|Incineroar, L50, F|\n|poke|p2|Sinistcha, L50|\n|poke|p2|Basculegion, L50, M|\n|poke|p2|Sneasler, L50, M|\n|poke|p2|Kleavor, L50, F|\n|teampreview|4\n|inactive|Battle timer is ON: inactive players will automatically lose when time's up. (requested by qingyunyunyun)\n|\n|t:|1776593845\n|teamsize|p1|4\n|teamsize|p2|4\n|start\n|switch|p1a: Basculegion|Basculegion, L50, M|100/100\n|switch|p1b: Sneasler|Sneasler, L50, M|100/100\n|switch|p2a: Sneasler|Sneasler, L50, M|100/100\n|switch|p2b: Incineroar|Incineroar, L50, F|100/100\n|-ability|p2b: Incineroar|Intimidate|boost\n|-unboost|p1a: Basculegion|atk|1\n|-unboost|p1b: Sneasler|atk|1\n|-enditem|p1b: Sneasler|White Herb\n|-clearnegativeboost|p1b: Sneasler|[silent]\n|turn|1\n|\n|t:|1776593868\n|switch|p2b: Sinistcha|Sinistcha, L50|100/100\n|move|p2a: Sneasler|Protect|p2a: Sneasler\n|-singleturn|p2a: Sneasler|Protect\n|move|p1b: Sneasler|Close Combat|p2a: Sneasler\n|-activate|p2a: Sneasler|move: Protect\n|move|p1a: Basculegion|Wave Crash|p2b: Sinistcha\n|-resisted|p2b: Sinistcha|1\n|-damage|p2b: Sinistcha|76/100\n|-damage|p1a: Basculegion|93/100|[from] Recoil\n|\n|upkeep\n|turn|2\n|\n|t:|1776593882\n|switch|p1a: Whimsicott|Whimsicott, L50, M|100/100\n|switch|p2a: Incineroar|Incineroar, L50, F|100/100\n|-ability|p2a: Incineroar|Intimidate|boost\n|-unboost|p1a: Whimsicott|atk|1\n|-unboost|p1b: Sneasler|atk|1\n|move|p1b: Sneasler|Close Combat|p2a: Incineroar\n|-supereffective|p2a: Incineroar|1\n|-damage|p2a: Incineroar|31/100\n|-unboost|p1b: Sneasler|def|1\n|-unboost|p1b: Sneasler|spd|1\n|-enditem|p2a: Incineroar|Sitrus Berry|[eat]\n|-heal|p2a: Incineroar|56/100|[from] item: Sitrus Berry\n|move|p2b: Sinistcha|Trick Room|p2b: Sinistcha\n|-fieldstart|move: Trick Room|[of] p2b: Sinistcha\n|\n|upkeep\n|turn|3\n|\n|t:|1776593901\n|switch|p2b: Floette|Floette-Eternal, L50, F|100/100\n|move|p1a: Whimsicott|Encore||[still]\n|-fail|p1a: Whimsicott\n|move|p2a: Incineroar|Flare Blitz|p1b: Sneasler\n|-damage|p1b: Sneasler|0 fnt\n|faint|p1b: Sneasler\n|-damage|p2a: Incineroar|30/100|[from] Recoil\n|\n|upkeep\n|\n|t:|1776593909\n|switch|p1b: Floette|Floette-Eternal, L50, F|100/100\n|turn|4\n|\n|t:|1776593923\n|detailschange|p1b: Floette|Floette-Mega, L50, F\n|-mega|p1b: Floette|Floette|Floettite\n|-ability|p1b: Floette|Fairy Aura\n|detailschange|p2b: Floette|Floette-Mega, L50, F\n|-mega|p2b: Floette|Floette|Floettite\n|-ability|p2b: Floette|Fairy Aura\n|move|p1a: Whimsicott|Protect|p1a: Whimsicott\n|-singleturn|p1a: Whimsicott|Protect\n|move|p2a: Incineroar|Flare Blitz|p1b: Floette\n|-damage|p1b: Floette|56/100\n|-damage|p2a: Incineroar|17/100|[from] Recoil\n|move|p1b: Floette|Dazzling Gleam|p2b: Floette|[spread] p2a,p2b\n|-damage|p2a: Incineroar|0 fnt\n|-damage|p2b: Floette|67/100\n|faint|p2a: Incineroar\n|move|p2b: Floette|Moonblast|p1b: Floette\n|-damage|p1b: Floette|4/100\n|\n|upkeep\n|\n|t:|1776593942\n|switch|p2a: Sinistcha|Sinistcha, L50|76/100\n|-heal|p2b: Floette|92/100|[from] ability: Hospitality|[of] p2a: Sinistcha\n|turn|5\n|\n|t:|1776593956\n|move|p1b: Floette|Protect|p1b: Floette\n|-singleturn|p1b: Floette|Protect\n|move|p2a: Sinistcha|Matcha Gotcha|p1a: Whimsicott|[spread] p1a\n|-activate|p1b: Floette|move: Protect\n|-resisted|p1a: Whimsicott|1\n|-damage|p1a: Whimsicott|83/100\n|-heal|p2a: Sinistcha|85/100|[from] drain|[of] p1a: Whimsicott\n|move|p2b: Floette|Moonblast|p1a: Whimsicott\n|-damage|p1a: Whimsicott|0 fnt\n|faint|p1a: Whimsicott\n|\n|upkeep\n|\n|t:|1776593968\n|switch|p1a: Basculegion|Basculegion, L50, M|93/100\n|turn|6\n|\n|t:|1776593977\n|move|p2a: Sinistcha|Matcha Gotcha|p1b: Floette|[spread] p1a,p1b\n|-supereffective|p1a: Basculegion|1\n|-damage|p1a: Basculegion|36/100\n|-heal|p2a: Sinistcha|100/100|[from] drain|[of] p1a: Basculegion\n|-damage|p1b: Floette|0 fnt\n|faint|p1b: Floette\n|move|p2b: Floette|Dazzling Gleam|p1a: Basculegion\n|-damage|p1a: Basculegion|0 fnt\n|faint|p1a: Basculegion\n|\n|win|Nasihasi\n|raw|qingyunyunyun's rating: 1422 &rarr; <strong>1397</strong><br />(-25 for losing)\n|raw|Nasihasi's rating: 1340 &rarr; <strong>1365</strong><br />(+25 for winning)\n",
  "uploadtime": 1776593984,
  "views": 23,
  "formatid": "gen9championsvgc2026regma",
  "rating": 1365,
  "private": 0,
  "password": null
}