{
  "id": "gen9championsvgc2026regma-2588496011",
  "format": "[Gen 9 Champions] VGC 2026 Reg M-A",
  "players": [
    "harikjay",
    "flipnote9007"
  ],
  "log": "|j|\u2606harikjay\n|j|\u2606flipnote9007\n|t:|1776638772\n|gametype|doubles\n|player|p1|harikjay|102|1021\n|player|p2|flipnote9007|dragontamer|1032\n|gen|9\n|tier|[Gen 9 Champions] VGC 2026 Reg M-A\n|rated|\n|rule|Species Clause: Limit one of each Pok\u00e9mon\n|rule|Item Clause: Limit 1 of each item\n|clearpoke\n|poke|p1|Chimecho, L50, F|\n|poke|p1|Tyranitar, L50, F|\n|poke|p1|Sinistcha, L50|\n|poke|p1|Incineroar, L50, M|\n|poke|p1|Excadrill, L50, M|\n|poke|p1|Kingambit, L50, M|\n|poke|p2|Toxapex, L50, F|\n|poke|p2|Glimmora, L50, F|\n|poke|p2|Absol, L50, M|\n|poke|p2|Clefable, L50, F|\n|poke|p2|Aerodactyl, L50, M|\n|poke|p2|Infernape, L50, M|\n|teampreview|4\n|inactive|Battle timer is ON: inactive players will automatically lose when time's up. (requested by flipnote9007)\n|\n|t:|1776638790\n|teamsize|p1|4\n|teamsize|p2|4\n|start\n|switch|p1a: Incineroar|Incineroar, L50, M|100/100\n|switch|p1b: Sinistcha|Sinistcha, L50|100/100\n|switch|p2a: Toxapex|Toxapex, L50, F|100/100\n|switch|p2b: Glimmora|Glimmora, L50, F|100/100\n|-ability|p1a: Incineroar|Intimidate|boost\n|-unboost|p2a: Toxapex|atk|1\n|-unboost|p2b: Glimmora|atk|1\n|turn|1\n|\n|t:|1776638810\n|move|p2b: Glimmora|Spiky Shield|p2b: Glimmora\n|-singleturn|p2b: Glimmora|move: Protect\n|move|p2a: Toxapex|Baneful Bunker|p2a: Toxapex\n|-singleturn|p2a: Toxapex|move: Protect\n|move|p1a: Incineroar|Fake Out|p2b: Glimmora\n|-activate|p2b: Glimmora|move: Protect\n|-damage|p1a: Incineroar|88/100|[from] Spiky Shield|[of] p2b: Glimmora\n|move|p1b: Sinistcha|Trick Room|p1b: Sinistcha\n|-fieldstart|move: Trick Room|[of] p1b: Sinistcha\n|\n|-heal|p1a: Incineroar|94/100|[from] item: Leftovers\n|upkeep\n|turn|2\n|inactive|harikjay has 30 seconds left.\n|\n|t:|1776638837\n|detailschange|p2b: Glimmora|Glimmora-Mega, L50, F\n|-mega|p2b: Glimmora|Glimmora|Glimmoranite\n|move|p1b: Sinistcha|Rage Powder|p1b: Sinistcha\n|-singleturn|p1b: Sinistcha|move: Rage Powder\n|move|p2a: Toxapex|Sludge Bomb|p1b: Sinistcha\n|-damage|p1b: Sinistcha|72/100\n|move|p1a: Incineroar|Close Combat|p2b: Glimmora\n|-damage|p2b: Glimmora|63/100\n|-unboost|p1a: Incineroar|def|1\n|-unboost|p1a: Incineroar|spd|1\n|move|p2b: Glimmora|Mortal Spin|p1b: Sinistcha|[spread] p1a,p1b\n|-damage|p1a: Incineroar|84/100\n|-damage|p1b: Sinistcha|66/100\n|-status|p1a: Incineroar|psn\n|-status|p1b: Sinistcha|psn\n|\n|-heal|p1a: Incineroar|90/100 psn|[from] item: Leftovers\n|-damage|p1a: Incineroar|78/100 psn|[from] psn\n|-damage|p1b: Sinistcha|54/100 psn|[from] psn\n|upkeep\n|turn|3\n|inactive|harikjay has 30 seconds left.\n|inactive|flipnote9007 has 30 seconds left.\n|inactive|harikjay has 20 seconds left.\n|inactive|harikjay has 15 seconds left.\n|inactive|harikjay has 10 seconds left.\n|\n|t:|1776638885\n|switch|p1b: Tyranitar|Tyranitar, L50, F|100/100\n|-weather|Sandstorm|[from] ability: Sand Stream|[of] p1b: Tyranitar\n|move|p2a: Toxapex|Hex|p1b: Tyranitar\n|-resisted|p1b: Tyranitar|1\n|-damage|p1b: Tyranitar|96/100\n|move|p1a: Incineroar|Parting Shot|p2b: Glimmora\n|-unboost|p2b: Glimmora|atk|1\n|-unboost|p2b: Glimmora|spa|1\n|\n|t:|1776638896\n|switch|p1a: Kingambit|Kingambit, L50, M|100/100|[from] Parting Shot\n|move|p2b: Glimmora|Toxic Spikes|p1b: Tyranitar\n|-sidestart|p1: harikjay|move: Toxic Spikes\n|\n|-weather|Sandstorm|[upkeep]\n|-damage|p2a: Toxapex|95/100|[from] Sandstorm\n|-heal|p2a: Toxapex|100/100|[from] item: Leftovers\n|upkeep\n|turn|4\n|\n|t:|1776638918\n|move|p2a: Toxapex|Baneful Bunker|p2a: Toxapex\n|-singleturn|p2a: Toxapex|move: Protect\n|move|p1a: Kingambit|Kowtow Cleave|p2b: Glimmora\n|-damage|p2b: Glimmora|12/100\n|move|p1b: Tyranitar|Knock Off|p2a: Toxapex\n|-activate|p2a: Toxapex|move: Protect\n|-status|p1b: Tyranitar|psn\n|move|p2b: Glimmora|Mortal Spin|p1b: Tyranitar|[spread] p1b\n|-immune|p1a: Kingambit\n|-resisted|p1b: Tyranitar|1\n|-damage|p1b: Tyranitar|94/100 psn\n|\n|-weather|Sandstorm|[upkeep]\n|-damage|p2a: Toxapex|95/100|[from] Sandstorm\n|-heal|p2a: Toxapex|100/100|[from] item: Leftovers\n|-damage|p1b: Tyranitar|82/100 psn|[from] psn\n|upkeep\n|turn|5\n|inactive|harikjay has 30 seconds left.\n|inactive|harikjay has 20 seconds left.\n|\n|t:|1776638956\n|move|p2b: Glimmora|Spiky Shield|p2b: Glimmora\n|-singleturn|p2b: Glimmora|move: Protect\n|move|p2a: Toxapex|Hex|p1b: Tyranitar\n|-resisted|p1b: Tyranitar|1\n|-crit|p1b: Tyranitar\n|-damage|p1b: Tyranitar|71/100 psn\n|move|p1a: Kingambit|Kowtow Cleave|p2b: Glimmora\n|-activate|p2b: Glimmora|move: Protect\n|-damage|p1a: Kingambit|88/100|[from] Spiky Shield|[of] p2b: Glimmora\n|move|p1b: Tyranitar|Dragon Dance|p1b: Tyranitar\n|-boost|p1b: Tyranitar|atk|1\n|-boost|p1b: Tyranitar|spe|1\n|\n|-weather|Sandstorm|[upkeep]\n|-damage|p2a: Toxapex|95/100|[from] Sandstorm\n|-heal|p2a: Toxapex|100/100|[from] item: Leftovers\n|-damage|p1b: Tyranitar|58/100 psn|[from] psn\n|-fieldend|move: Trick Room\n|upkeep\n|turn|6\n|inactive|harikjay has 30 seconds left.\n|inactive|flipnote9007 has 30 seconds left.\n|\n|t:|1776638987\n|move|p1b: Tyranitar|Protect|p1b: Tyranitar\n|-singleturn|p1b: Tyranitar|Protect\n|move|p1a: Kingambit|Sucker Punch|p2b: Glimmora\n|-damage|p2b: Glimmora|0 fnt\n|faint|p2b: Glimmora\n|move|p2a: Toxapex|Hydro Pump|p1b: Tyranitar\n|-activate|p1b: Tyranitar|move: Protect\n|\n|-weather|Sandstorm|[upkeep]\n|-damage|p2a: Toxapex|95/100|[from] Sandstorm\n|-heal|p2a: Toxapex|100/100|[from] item: Leftovers\n|-damage|p1b: Tyranitar|46/100 psn|[from] psn\n|upkeep\n|\n|t:|1776638994\n|switch|p2b: Infernape|Infernape, L50, M|100/100\n|turn|7\n|\n|t:|1776639015\n|switch|p1a: Sinistcha|Sinistcha, L50|54/100 psn\n|-heal|p1b: Tyranitar|71/100 psn|[from] ability: Hospitality|[of] p1a: Sinistcha\n|detailschange|p1b: Tyranitar|Tyranitar-Mega, L50, F\n|-mega|p1b: Tyranitar|Tyranitar|Tyranitarite\n|move|p2b: Infernape|Fake Out|p1a: Sinistcha\n|-immune|p1a: Sinistcha\n|move|p1b: Tyranitar|Rock Slide|p2b: Infernape|[spread] p2a,p2b\n|-damage|p2a: Toxapex|53/100\n|-damage|p2b: Infernape|10/100\n|-enditem|p2b: Infernape|Sitrus Berry|[eat]\n|-heal|p2b: Infernape|34/100|[from] item: Sitrus Berry\n|move|p2a: Toxapex|Hydro Pump|p1b: Tyranitar\n|-supereffective|p1b: Tyranitar|1\n|-crit|p1b: Tyranitar\n|-damage|p1b: Tyranitar|16/100 psn\n|\n|-weather|none\n|-heal|p2a: Toxapex|58/100|[from] item: Leftovers\n|-damage|p1b: Tyranitar|4/100 psn|[from] psn\n|-damage|p1a: Sinistcha|42/100 psn|[from] psn\n|upkeep\n|-enditem|p1a: Sinistcha|Sitrus Berry|[eat]\n|-heal|p1a: Sinistcha|66/100 psn|[from] item: Sitrus Berry\n|turn|8\n|inactive|harikjay has 30 seconds left.\n|inactive|flipnote9007 has 30 seconds left.\n|\n|t:|1776639055\n|move|p2a: Toxapex|Baneful Bunker|p2a: Toxapex\n|-singleturn|p2a: Toxapex|move: Protect\n|move|p1a: Sinistcha|Rage Powder|p1a: Sinistcha\n|-singleturn|p1a: Sinistcha|move: Rage Powder\n|move|p2b: Infernape|U-turn|p1a: Sinistcha\n|-damage|p1a: Sinistcha|48/100 psn\n|\n|t:|1776639062\n|switch|p2b: Absol|Absol, L50, M|100/100|[from] U-turn\n|move|p1b: Tyranitar|Rock Slide|p2a: Toxapex|[spread] \n|-activate|p2a: Toxapex|move: Protect\n|-miss|p1b: Tyranitar|p2b: Absol\n|\n|-heal|p2a: Toxapex|64/100|[from] item: Leftovers\n|-damage|p1b: Tyranitar|0 fnt|[from] psn\n|faint|p1b: Tyranitar\n|-damage|p1a: Sinistcha|36/100 psn|[from] psn\n|upkeep\n|\n|t:|1776639079\n|switch|p1b: Incineroar|Incineroar, L50, M|78/100 psn\n|-ability|p1b: Incineroar|Intimidate|boost\n|-unboost|p2a: Toxapex|atk|1\n|-unboost|p2b: Absol|atk|1\n|turn|9\n|\n|t:|1776639101\n|move|p1b: Incineroar|Fake Out|p2a: Toxapex\n|-damage|p2a: Toxapex|53/100\n|move|p2b: Absol|Sucker Punch|p1a: Sinistcha\n|-supereffective|p1a: Sinistcha|1\n|-damage|p1a: Sinistcha|0 fnt\n|faint|p1a: Sinistcha\n|cant|p2a: Toxapex|flinch\n|\n|-heal|p1b: Incineroar|84/100 psn|[from] item: Leftovers\n|-heal|p2a: Toxapex|59/100|[from] item: Leftovers\n|-damage|p1b: Incineroar|71/100 psn|[from] psn\n|upkeep\n|\n|t:|1776639113\n|switch|p1a: Kingambit|Kingambit, L50, M|88/100\n|turn|10\n|\n|t:|1776639132\n|move|p1a: Kingambit|Sucker Punch|p2b: Absol\n|-resisted|p2b: Absol|1\n|-damage|p2b: Absol|54/100\n|move|p2b: Absol|Play Rough|p1a: Kingambit\n|-damage|p1a: Kingambit|73/100\n|move|p1b: Incineroar|Flare Blitz|p2b: Absol\n|-damage|p2b: Absol|0 fnt\n|faint|p2b: Absol\n|-damage|p1b: Incineroar|58/100 psn|[from] Recoil\n|move|p2a: Toxapex|Hydro Pump|p1b: Incineroar\n|-supereffective|p1b: Incineroar|1\n|-crit|p1b: Incineroar\n|-damage|p1b: Incineroar|0 fnt\n|faint|p1b: Incineroar\n|\n|-heal|p2a: Toxapex|65/100|[from] item: Leftovers\n|upkeep\n|\n|t:|1776639150\n|switch|p2b: Infernape|Infernape, L50, M|34/100\n|turn|11\n|\n|t:|1776639161\n|move|p2b: Infernape|Fake Out|p1a: Kingambit\n|-resisted|p1a: Kingambit|1\n|-damage|p1a: Kingambit|69/100\n|cant|p1a: Kingambit|flinch\n|move|p2a: Toxapex|Hydro Pump|p1a: Kingambit\n|-damage|p1a: Kingambit|32/100\n|\n|-heal|p2a: Toxapex|71/100|[from] item: Leftovers\n|upkeep\n|turn|12\n|\n|t:|1776639176\n|move|p2b: Infernape|Mach Punch|p1a: Kingambit\n|-supereffective|p1a: Kingambit|2\n|-damage|p1a: Kingambit|0 fnt\n|faint|p1a: Kingambit\n|\n|win|flipnote9007\n|raw|harikjay's rating: 1021 &rarr; <strong>1008</strong><br />(-13 for losing)\n|raw|flipnote9007's rating: 1032 &rarr; <strong>1066</strong><br />(+34 for winning)\n|l|\u2606harikjay\n|player|p1|\n",
  "uploadtime": 1776639183,
  "views": 21,
  "formatid": "gen9championsvgc2026regma",
  "rating": 1008,
  "private": 0,
  "password": null
}