{
  "id": "gen9championsvgc2026regma-2588685232",
  "format": "[Gen 9 Champions] VGC 2026 Reg M-A",
  "players": [
    "Jaytomonga",
    "EmptyDeskkk"
  ],
  "log": "|j|\u2606Jaytomonga\n|j|\u2606EmptyDeskkk\n|t:|1776657551\n|gametype|doubles\n|player|p1|Jaytomonga|170|1050\n|player|p2|EmptyDeskkk|n|1124\n|gen|9\n|tier|[Gen 9 Champions] VGC 2026 Reg M-A\n|rated|\n|rule|Species Clause: Limit one of each Pok\u00e9mon\n|rule|Item Clause: Limit 1 of each item\n|clearpoke\n|poke|p1|Hawlucha, L50, M, shiny|\n|poke|p1|Snorlax, L50, F, shiny|\n|poke|p1|Vanilluxe, L50, M, shiny|\n|poke|p1|Sinistcha, L50, shiny|\n|poke|p1|Farigiraf, L50, F, shiny|\n|poke|p1|Talonflame, L50, F, shiny|\n|poke|p2|Charizard, L50, M, shiny|\n|poke|p2|Garchomp, L50, F|\n|poke|p2|Aerodactyl, L50, M|\n|poke|p2|Rotom-Heat, L50|\n|poke|p2|Incineroar, L50, M|\n|poke|p2|Venusaur, L50, M|\n|teampreview|4\n|\n|t:|1776657580\n|teamsize|p1|4\n|teamsize|p2|4\n|start\n|switch|p1a: Hawlucha|Hawlucha, L50, M, shiny|100/100\n|switch|p1b: Vanilluxe|Vanilluxe, L50, M, shiny|100/100\n|switch|p2a: Rotom|Rotom-Heat, L50|100/100\n|switch|p2b: Charizard|Charizard, L50, M, shiny|100/100\n|-ability|p1a: Hawlucha|Mold Breaker\n|-weather|Snowscape|[from] ability: Snow Warning|[of] p1b: Vanilluxe\n|turn|1\n|\n|t:|1776657599\n|detailschange|p1a: Hawlucha|Hawlucha-Mega, L50, M, shiny\n|-mega|p1a: Hawlucha|Hawlucha|Hawluchanite\n|detailschange|p2b: Charizard|Charizard-Mega-Y, L50, M, shiny\n|-mega|p2b: Charizard|Charizard|Charizardite Y\n|-weather|SunnyDay|[from] ability: Drought|[of] p2b: Charizard\n|move|p2a: Rotom|Electroweb|p1a: Hawlucha|[spread] p1a\n|-miss|p2a: Rotom|p1b: Vanilluxe\n|-supereffective|p1a: Hawlucha|1\n|-damage|p1a: Hawlucha|64/100\n|-unboost|p1a: Hawlucha|spe|1\n|move|p2b: Charizard|Heat Wave|p1a: Hawlucha|[spread] p1a,p1b\n|-supereffective|p1b: Vanilluxe|1\n|-damage|p1a: Hawlucha|0 fnt\n|-enditem|p1b: Vanilluxe|Focus Sash\n|-damage|p1b: Vanilluxe|1/100\n|faint|p1a: Hawlucha\n|move|p1b: Vanilluxe|Sheer Cold|p2b: Charizard\n|-damage|p2b: Charizard|0 fnt\n|faint|p2b: Charizard\n|-ohko\n|\n|-weather|SunnyDay|[upkeep]\n|upkeep\n|c|\u2606EmptyDeskkk|bro\n|c|\u2606EmptyDeskkk|i knew it was skill swap no guard\n|c|\u2606EmptyDeskkk|BUT IT STILL HIT\n|\n|t:|1776657639\n|switch|p1a: Sinistcha|Sinistcha, L50, shiny|100/100\n|switch|p2b: Garchomp|Garchomp, L50, F|100/100\n|-heal|p1b: Vanilluxe|26/100|[from] ability: Hospitality|[of] p1a: Sinistcha\n|turn|2\n|\n|t:|1776657657\n|switch|p2a: Aerodactyl|Aerodactyl, L50, M|100/100\n|-ability|p2a: Aerodactyl|Pressure\n|move|p1a: Sinistcha|Rage Powder|p1a: Sinistcha\n|-singleturn|p1a: Sinistcha|move: Rage Powder\n|move|p2b: Garchomp|Brick Break|p1a: Sinistcha\n|-immune|p1a: Sinistcha\n|move|p1b: Vanilluxe|Sheer Cold|p2b: Garchomp|[miss]\n|-miss|p1b: Vanilluxe|p2b: Garchomp\n|\n|-weather|SunnyDay|[upkeep]\n|upkeep\n|turn|3\n|\n|t:|1776657687\n|move|p1b: Vanilluxe|Protect|p1b: Vanilluxe\n|-singleturn|p1b: Vanilluxe|Protect\n|move|p2a: Aerodactyl|Rock Slide|p1a: Sinistcha|[spread] p1a\n|-activate|p1b: Vanilluxe|move: Protect\n|-damage|p1a: Sinistcha|80/100\n|move|p2b: Garchomp|Dragon Claw|p1a: Sinistcha\n|-damage|p1a: Sinistcha|51/100\n|move|p1a: Sinistcha|Life Dew|p1a: Sinistcha|[spread] p1a,p1b\n|-heal|p1a: Sinistcha|76/100\n|-heal|p1b: Vanilluxe|51/100\n|\n|-weather|SunnyDay|[upkeep]\n|upkeep\n|turn|4\n|\n|t:|1776657706\n|move|p2a: Aerodactyl|Rock Slide|p1b: Vanilluxe|[spread] p1a,p1b\n|-supereffective|p1b: Vanilluxe|1\n|-damage|p1a: Sinistcha|57/100\n|-damage|p1b: Vanilluxe|0 fnt\n|faint|p1b: Vanilluxe\n|move|p2b: Garchomp|Earthquake|p1a: Sinistcha|[spread] p1a\n|-immune|p2a: Aerodactyl\n|-resisted|p1a: Sinistcha|1\n|-damage|p1a: Sinistcha|44/100\n|move|p1a: Sinistcha|Life Dew|p1a: Sinistcha\n|-heal|p1a: Sinistcha|70/100\n|\n|-weather|SunnyDay|[upkeep]\n|upkeep\n|\n|t:|1776657717\n|switch|p1b: Snorlax|Snorlax, L50, F, shiny|100/100\n|turn|5\n|\n|t:|1776657733\n|move|p2a: Aerodactyl|Dual Wingbeat|p1a: Sinistcha\n|-supereffective|p1a: Sinistcha|1\n|-damage|p1a: Sinistcha|38/100\n|-supereffective|p1a: Sinistcha|1\n|-damage|p1a: Sinistcha|8/100\n|-hitcount|p1a: Sinistcha|2\n|move|p2b: Garchomp|Brick Break|p1b: Snorlax\n|-supereffective|p1b: Snorlax|1\n|-damage|p1b: Snorlax|48/100\n|move|p1a: Sinistcha|Matcha Gotcha|p2b: Garchomp|[spread] p2a,p2b\n|-damage|p2a: Aerodactyl|64/100\n|-heal|p1a: Sinistcha|24/100|[from] drain|[of] p2a: Aerodactyl\n|-damage|p2b: Garchomp|74/100\n|-heal|p1a: Sinistcha|38/100|[from] drain|[of] p2b: Garchomp\n|move|p1b: Snorlax|Heavy Slam|p2a: Aerodactyl\n|-supereffective|p2a: Aerodactyl|1\n|-damage|p2a: Aerodactyl|0 fnt\n|faint|p2a: Aerodactyl\n|\n|-weather|none\n|-heal|p1b: Snorlax|54/100|[from] item: Leftovers\n|upkeep\n|\n|t:|1776657752\n|switch|p2a: Rotom|Rotom-Heat, L50|100/100\n|turn|6\n|\n|t:|1776657771\n|move|p2a: Rotom|Discharge|p1b: Snorlax|[spread] p1a,p1b\n|-immune|p2b: Garchomp\n|-resisted|p1a: Sinistcha|1\n|-damage|p1a: Sinistcha|23/100\n|-damage|p1b: Snorlax|41/100\n|-status|p1b: Snorlax|par\n|move|p2b: Garchomp|Earthquake|p1b: Snorlax|[spread] p1a,p1b\n|-immune|p2a: Rotom|[from] ability: Levitate\n|-resisted|p1a: Sinistcha|1\n|-damage|p1a: Sinistcha|9/100\n|-damage|p1b: Snorlax|4/100 par\n|move|p1a: Sinistcha|Life Dew|p1a: Sinistcha|[spread] p1a,p1b\n|-heal|p1a: Sinistcha|35/100\n|-heal|p1b: Snorlax|29/100 par\n|move|p1b: Snorlax|Fissure|p2b: Garchomp\n|-damage|p2b: Garchomp|0 fnt\n|faint|p2b: Garchomp\n|-ohko\n|\n|-heal|p1b: Snorlax|35/100 par|[from] item: Leftovers\n|upkeep\n|turn|7\n|inactive|Battle timer is ON: inactive players will automatically lose when time's up. (requested by EmptyDeskkk)\n|\n|t:|1776657805\n|move|p1b: Snorlax|Protect|p1b: Snorlax\n|-singleturn|p1b: Snorlax|Protect\n|move|p2a: Rotom|Discharge|p1b: Snorlax|[spread] p1a\n|-activate|p1b: Snorlax|move: Protect\n|-resisted|p1a: Sinistcha|1\n|-damage|p1a: Sinistcha|19/100\n|-status|p1a: Sinistcha|par\n|move|p1a: Sinistcha|Life Dew|p1a: Sinistcha|[spread] p1a,p1b\n|-heal|p1a: Sinistcha|44/100 par\n|-heal|p1b: Snorlax|60/100 par\n|\n|-heal|p1b: Snorlax|66/100 par|[from] item: Leftovers\n|upkeep\n|turn|8\n|inactive|Jaytomonga has 30 seconds left.\n|\n|t:|1776657833\n|move|p2a: Rotom|Discharge|p1b: Snorlax|[spread] p1a,p1b\n|-resisted|p1a: Sinistcha|1\n|-damage|p1a: Sinistcha|26/100 par\n|-damage|p1b: Snorlax|54/100 par\n|move|p1a: Sinistcha|Matcha Gotcha|p2a: Rotom\n|-resisted|p2a: Rotom|1\n|-damage|p2a: Rotom|78/100\n|-heal|p1a: Sinistcha|35/100 par|[from] drain|[of] p2a: Rotom\n|move|p1b: Snorlax|Heavy Slam|p2a: Rotom\n|-resisted|p2a: Rotom|2\n|-damage|p2a: Rotom|68/100\n|\n|-heal|p1b: Snorlax|60/100 par|[from] item: Leftovers\n|upkeep\n|turn|9\n|\n|t:|1776657850\n|move|p2a: Rotom|Discharge|p1a: Sinistcha|[spread] p1a,p1b\n|-resisted|p1a: Sinistcha|1\n|-crit|p1b: Snorlax\n|-damage|p1a: Sinistcha|19/100 par\n|-damage|p1b: Snorlax|41/100 par\n|move|p1a: Sinistcha|Life Dew|p1a: Sinistcha|[spread] p1a,p1b\n|-heal|p1a: Sinistcha|44/100 par\n|-heal|p1b: Snorlax|66/100 par\n|move|p1b: Snorlax|Heavy Slam|p2a: Rotom\n|-resisted|p2a: Rotom|2\n|-damage|p2a: Rotom|58/100\n|\n|-heal|p1b: Snorlax|72/100 par|[from] item: Leftovers\n|upkeep\n|turn|10\n|\n|t:|1776657868\n|move|p2a: Rotom|Discharge|p1a: Sinistcha|[spread] p1a,p1b\n|-resisted|p1a: Sinistcha|1\n|-damage|p1a: Sinistcha|29/100 par\n|-damage|p1b: Snorlax|59/100 par\n|move|p1a: Sinistcha|Life Dew|p1a: Sinistcha|[spread] p1a,p1b\n|-heal|p1a: Sinistcha|54/100 par\n|-heal|p1b: Snorlax|84/100 par\n|cant|p1b: Snorlax|par\n|\n|-heal|p1b: Snorlax|90/100 par|[from] item: Leftovers\n|upkeep\n|turn|11\n|\n|t:|1776657881\n|move|p2a: Rotom|Discharge|p1a: Sinistcha|[spread] p1a,p1b\n|-resisted|p1a: Sinistcha|1\n|-crit|p1a: Sinistcha\n|-damage|p1a: Sinistcha|30/100 par\n|-damage|p1b: Snorlax|78/100 par\n|move|p1a: Sinistcha|Life Dew|p1a: Sinistcha|[spread] p1a,p1b\n|-heal|p1a: Sinistcha|56/100 par\n|-heal|p1b: Snorlax|100/100 par\n|move|p1b: Snorlax|Heavy Slam|p2a: Rotom\n|-resisted|p2a: Rotom|2\n|-damage|p2a: Rotom|48/100\n|\n|upkeep\n|turn|12\n|-message|EmptyDeskkk forfeited.\n|\n|win|Jaytomonga\n|raw|Jaytomonga's rating: 1050 &rarr; <strong>1089</strong><br />(+39 for winning)\n|raw|EmptyDeskkk's rating: 1124 &rarr; <strong>1094</strong><br />(-30 for losing)\n|l|\u2606EmptyDeskkk\n|player|p2|\n",
  "uploadtime": 1776657898,
  "views": 9,
  "formatid": "gen9championsvgc2026regma",
  "rating": 1089,
  "private": 0,
  "password": null
}