{
  "id": "gen9championsvgc2026regma-2586136721",
  "format": "[Gen 9 Champions] VGC 2026 Reg M-A",
  "players": [
    "BabyBirdLucy",
    "Vonneumannalgebra"
  ],
  "log": "|j|\u2606BabyBirdLucy\n|j|\u2606Vonneumannalgebra\n|t:|1776403563\n|gametype|doubles\n|player|p1|BabyBirdLucy|red-gen2|1362\n|player|p2|Vonneumannalgebra|lucas|1278\n|gen|9\n|tier|[Gen 9 Champions] VGC 2026 Reg M-A\n|rated|\n|rule|Species Clause: Limit one of each Pok\u00e9mon\n|rule|Item Clause: Limit 1 of each item\n|clearpoke\n|poke|p1|Charizard, L50, F|\n|poke|p1|Milotic, L50, F|\n|poke|p1|Sinistcha, L50|\n|poke|p1|Aerodactyl, L50, M|\n|poke|p1|Incineroar, L50, M|\n|poke|p1|Mimikyu, L50, F|\n|poke|p2|Kingambit, L50, F|\n|poke|p2|Sneasler, L50, F|\n|poke|p2|Incineroar, L50, F|\n|poke|p2|Basculegion, L50, M|\n|poke|p2|Ninetales-Alola, L50, F|\n|poke|p2|Steelix, L50, F|\n|teampreview|4\n|inactive|Battle timer is ON: inactive players will automatically lose when time's up. (requested by BabyBirdLucy)\n|inactive|BabyBirdLucy has 60 seconds left.\n|inactive|Vonneumannalgebra has 60 seconds left.\n|inactive|BabyBirdLucy has 30 seconds left.\n|inactive|Vonneumannalgebra has 30 seconds left.\n|inactive|Vonneumannalgebra has 20 seconds left.\n|inactive|Vonneumannalgebra has 15 seconds left.\n|\n|t:|1776403639\n|teamsize|p1|4\n|teamsize|p2|4\n|start\n|switch|p1a: Aerodactyl|Aerodactyl, L50, M|100/100\n|switch|p1b: Charizard|Charizard, L50, F|100/100\n|switch|p2a: Kingambit|Kingambit, L50, F|100/100\n|switch|p2b: Sneasler|Sneasler, L50, F|100/100\n|-ability|p1a: Aerodactyl|Unnerve\n|turn|1\n|inactive|BabyBirdLucy has 30 seconds left.\n|\n|t:|1776403667\n|detailschange|p1b: Charizard|Charizard-Mega-X, L50, F\n|-mega|p1b: Charizard|Charizard|Charizardite X\n|move|p2b: Sneasler|Fake Out|p1b: Charizard\n|-damage|p1b: Charizard|89/100\n|move|p1a: Aerodactyl|Dual Wingbeat|p2b: Sneasler\n|-supereffective|p2b: Sneasler|1\n|-damage|p2b: Sneasler|37/100\n|-supereffective|p2b: Sneasler|1\n|-damage|p2b: Sneasler|0 fnt\n|faint|p2b: Sneasler\n|-hitcount|p2: Sneasler|2\n|cant|p1b: Charizard|flinch\n|move|p2a: Kingambit|Swords Dance|p2a: Kingambit\n|-boost|p2a: Kingambit|atk|2\n|\n|upkeep\n|\n|t:|1776403684\n|switch|p2b: Basculegion|Basculegion, L50, M|100/100\n|turn|2\n|\n|t:|1776403697\n|move|p1b: Charizard|Protect|p1b: Charizard\n|-singleturn|p1b: Charizard|Protect\n|move|p1a: Aerodactyl|Tailwind|p1a: Aerodactyl\n|-sidestart|p1: BabyBirdLucy|move: Tailwind\n|move|p2b: Basculegion|Flip Turn|p1a: Aerodactyl\n|-supereffective|p1a: Aerodactyl|1\n|-enditem|p1a: Aerodactyl|Focus Sash\n|-damage|p1a: Aerodactyl|1/100\n|\n|t:|1776403704\n|switch|p2b: Ninetales|Ninetales-Alola, L50, F|100/100|[from] Flip Turn\n|-weather|Snowscape|[from] ability: Snow Warning|[of] p2b: Ninetales\n|move|p2a: Kingambit|Kowtow Cleave|p1a: Aerodactyl\n|-damage|p1a: Aerodactyl|0 fnt\n|faint|p1a: Aerodactyl\n|\n|-weather|Snowscape|[upkeep]\n|upkeep\n|\n|t:|1776403712\n|switch|p1a: Milotic|Milotic, L50, F|100/100\n|turn|3\n|\n|t:|1776403726\n|move|p2a: Kingambit|Sucker Punch|p1b: Charizard\n|-damage|p1b: Charizard|0 fnt\n|faint|p1b: Charizard\n|move|p1a: Milotic|Scald|p2a: Kingambit\n|-damage|p2a: Kingambit|67/100\n|-status|p2a: Kingambit|brn\n|move|p2b: Ninetales|Aurora Veil|p2b: Ninetales\n|-sidestart|p2: Vonneumannalgebra|move: Aurora Veil\n|\n|-weather|Snowscape|[upkeep]\n|-damage|p2a: Kingambit|61/100 brn|[from] brn\n|upkeep\n|\n|t:|1776403733\n|switch|p1b: Incineroar|Incineroar, L50, M|100/100\n|-ability|p1b: Incineroar|Intimidate|boost\n|-unboost|p2a: Kingambit|atk|1\n|-ability|p2a: Kingambit|Defiant|boost\n|-boost|p2a: Kingambit|atk|2\n|-unboost|p2b: Ninetales|atk|1\n|turn|4\n|\n|t:|1776403743\n|move|p1a: Milotic|Scald|p2b: Ninetales\n|-damage|p2b: Ninetales|78/100\n|-status|p2b: Ninetales|brn\n|move|p2b: Ninetales|Encore||[still]\n|-fail|p2b: Ninetales\n|move|p1b: Incineroar|Flare Blitz|p2a: Kingambit\n|-supereffective|p2a: Kingambit|1\n|-crit|p2a: Kingambit\n|-damage|p2a: Kingambit|0 fnt\n|faint|p2a: Kingambit\n|-damage|p1b: Incineroar|80/100|[from] Recoil\n|\n|-weather|Snowscape|[upkeep]\n|-damage|p2b: Ninetales|72/100 brn|[from] brn\n|upkeep\n|\n|t:|1776403747\n|switch|p2a: Basculegion|Basculegion, L50, M|100/100\n|turn|5\n|\n|t:|1776403766\n|move|p1a: Milotic|Scald|p2b: Ninetales\n|-damage|p2b: Ninetales|46/100 brn\n|move|p2a: Basculegion|Last Respects|p1a: Milotic\n|-damage|p1a: Milotic|4/100\n|move|p2b: Ninetales|Encore|p1b: Incineroar\n|-start|p1b: Incineroar|Encore\n|move|p1b: Incineroar|Flare Blitz|p2b: Ninetales\n|-supereffective|p2b: Ninetales|1\n|-damage|p2b: Ninetales|0 fnt\n|faint|p2b: Ninetales\n|-damage|p1b: Incineroar|69/100|[from] Recoil\n|\n|-weather|Snowscape|[upkeep]\n|-heal|p1a: Milotic|10/100|[from] item: Leftovers\n|-sideend|p1: BabyBirdLucy|move: Tailwind\n|upkeep\n|turn|6\n|\n|t:|1776403783\n|move|p1a: Milotic|Protect|p1a: Milotic\n|-singleturn|p1a: Milotic|Protect\n|move|p2a: Basculegion|Last Respects|p1a: Milotic\n|-activate|p1a: Milotic|move: Protect\n|move|p1b: Incineroar|Flare Blitz|p2a: Basculegion\n|-resisted|p2a: Basculegion|1\n|-damage|p2a: Basculegion|79/100\n|-damage|p1b: Incineroar|62/100|[from] Recoil\n|\n|-weather|none\n|-heal|p1a: Milotic|16/100|[from] item: Leftovers\n|upkeep\n|turn|7\n|\n|t:|1776403802\n|move|p2a: Basculegion|Last Respects|p1a: Milotic\n|-damage|p1a: Milotic|0 fnt\n|faint|p1a: Milotic\n|move|p1b: Incineroar|Flare Blitz|p2a: Basculegion\n|-resisted|p2a: Basculegion|1\n|-damage|p2a: Basculegion|60/100\n|-damage|p1b: Incineroar|56/100|[from] Recoil\n|\n|-end|p1b: Incineroar|Encore\n|-sideend|p2: Vonneumannalgebra|move: Aurora Veil\n|upkeep\n|turn|8\n|\n|t:|1776403807\n|move|p2a: Basculegion|Last Respects|p1b: Incineroar\n|-resisted|p1b: Incineroar|1\n|-damage|p1b: Incineroar|5/100\n|move|p1b: Incineroar|Throat Chop|p2a: Basculegion\n|-supereffective|p2a: Basculegion|1\n|-damage|p2a: Basculegion|0 fnt\n|faint|p2a: Basculegion\n|\n|win|BabyBirdLucy\n|raw|BabyBirdLucy's rating: 1362 &rarr; <strong>1376</strong><br />(+14 for winning)\n|raw|Vonneumannalgebra's rating: 1257 &rarr; <strong>1239</strong><br />(-18 for losing)\n|l|\u2606Vonneumannalgebra\n|player|p2|\n",
  "uploadtime": 1776403907,
  "views": 43,
  "formatid": "gen9championsvgc2026regma",
  "rating": 1239,
  "private": 0,
  "password": null
}