{
  "id": "gen9championsvgc2026regma-2582069193",
  "format": "[Gen 9 Champions] VGC 2026 Reg M-A",
  "players": [
    "KnockDemAnklez",
    "mmmjam"
  ],
  "log": "|j|\u203dKnockDemAnklez\n|j|\u2606mmmjam\n|t:|1776054086\n|gametype|doubles\n|player|p1|KnockDemAnklez|101|1000\n|player|p2|mmmjam|266|1055\n|gen|9\n|tier|[Gen 9 Champions] VGC 2026 Reg M-A\n|rated|\n|rule|Species Clause: Limit one of each Pok\u00e9mon\n|rule|Item Clause: Limit 1 of each item\n|clearpoke\n|poke|p1|Tyranitar, L50, F|\n|poke|p1|Maushold, L50|\n|poke|p1|Incineroar, L50, M|\n|poke|p1|Archaludon, L50, F|\n|poke|p1|Gengar, L50, F|\n|poke|p1|Whimsicott, L50, M|\n|poke|p2|Meganium, L50, F|\n|poke|p2|Politoed, L50, M|\n|poke|p2|Basculegion, L50, M|\n|poke|p2|Archaludon, L50, M|\n|poke|p2|Maushold-Four, L50|\n|poke|p2|Talonflame, L50, M|\n|teampreview|4\n|\n|t:|1776054172\n|teamsize|p1|4\n|teamsize|p2|4\n|start\n|switch|p1a: Gengar|Gengar, L50, F|100/100\n|switch|p1b: Maushold|Maushold, L50|100/100\n|switch|p2a: Politoed|Politoed, L50, M|100/100\n|switch|p2b: Meganium|Meganium, L50, F|100/100\n|-weather|RainDance|[from] ability: Drizzle|[of] p2a: Politoed\n|turn|1\n|\n|t:|1776054214\n|switch|p2b: Archaludon|Archaludon, L50, M|100/100\n|move|p1b: Maushold|Follow Me|p1b: Maushold\n|-singleturn|p1b: Maushold|move: Follow Me\n|move|p1a: Gengar|Nasty Plot|p1a: Gengar\n|-boost|p1a: Gengar|spa|2\n|move|p2a: Politoed|Weather Ball|p1b: Maushold\n|-damage|p1b: Maushold|50/100\n|\n|-weather|RainDance|[upkeep]\n|upkeep\n|turn|2\n|\n|t:|1776054246\n|detailschange|p1a: Gengar|Gengar-Mega, L50, F\n|-mega|p1a: Gengar|Gengar|Gengarite\n|move|p2a: Politoed|Helping Hand|p2b: Archaludon\n|-singleturn|p2b: Archaludon|Helping Hand|[of] p2a: Politoed\n|move|p1a: Gengar|Shadow Ball|p2a: Politoed\n|-damage|p2a: Politoed|9/100\n|-unboost|p2a: Politoed|spd|1\n|-enditem|p2a: Politoed|Sitrus Berry|[eat]\n|-heal|p2a: Politoed|34/100|[from] item: Sitrus Berry\n|move|p2b: Archaludon|Electro Shot||[still]\n|-prepare|p2b: Archaludon|Electro Shot\n|-boost|p2b: Archaludon|spa|1\n|-anim|p2b: Archaludon|Electro Shot|p1a: Gengar\n|-crit|p1a: Gengar\n|-damage|p1a: Gengar|0 fnt\n|faint|p1a: Gengar\n|move|p1b: Maushold|Thunder Wave|p2b: Archaludon|[miss]\n|-miss|p1b: Maushold|p2b: Archaludon\n|\n|-weather|RainDance|[upkeep]\n|upkeep\n|\n|t:|1776054267\n|switch|p1a: Tyranitar|Tyranitar, L50, F|100/100\n|-weather|Sandstorm|[from] ability: Sand Stream|[of] p1a: Tyranitar\n|turn|3\n|\n|t:|1776054291\n|move|p2a: Politoed|Protect|p2a: Politoed\n|-singleturn|p2a: Politoed|Protect\n|move|p1b: Maushold|Follow Me|p1b: Maushold\n|-singleturn|p1b: Maushold|move: Follow Me\n|move|p2b: Archaludon|Flash Cannon|p1b: Maushold\n|-damage|p1b: Maushold|0 fnt\n|faint|p1b: Maushold\n|move|p1a: Tyranitar|Dragon Dance|p1a: Tyranitar\n|-boost|p1a: Tyranitar|atk|1\n|-boost|p1a: Tyranitar|spe|1\n|\n|-weather|Sandstorm|[upkeep]\n|-damage|p2a: Politoed|28/100|[from] Sandstorm\n|upkeep\n|\n|t:|1776054304\n|switch|p1b: Whimsicott|Whimsicott, L50, M|100/100\n|turn|4\n|\n|t:|1776054323\n|move|p1b: Whimsicott|Tailwind|p1b: Whimsicott\n|-sidestart|p1: KnockDemAnklez|move: Tailwind\n|move|p1a: Tyranitar|Knock Off|p2b: Archaludon\n|-damage|p2b: Archaludon|39/100\n|-enditem|p2b: Archaludon|White Herb|[from] move: Knock Off|[of] p1a: Tyranitar\n|move|p2b: Archaludon|Flash Cannon|p1a: Tyranitar\n|-supereffective|p1a: Tyranitar|1\n|-damage|p1a: Tyranitar|36/100\n|move|p2a: Politoed|Icy Wind|p1b: Whimsicott|[spread] p1a,p1b\n|-supereffective|p1b: Whimsicott|1\n|-damage|p1a: Tyranitar|30/100\n|-damage|p1b: Whimsicott|71/100\n|-unboost|p1a: Tyranitar|spe|1\n|-unboost|p1b: Whimsicott|spe|1\n|\n|-weather|Sandstorm|[upkeep]\n|-damage|p1b: Whimsicott|65/100|[from] Sandstorm\n|-damage|p2a: Politoed|22/100|[from] Sandstorm\n|-heal|p1a: Tyranitar|36/100|[from] item: Leftovers\n|upkeep\n|turn|5\n|\n|t:|1776054379\n|switch|p2a: Meganium|Meganium, L50, F|100/100\n|move|p2b: Archaludon|Protect|p2b: Archaludon\n|-singleturn|p2b: Archaludon|Protect\n|move|p1b: Whimsicott|Moonblast|p2a: Meganium\n|-damage|p2a: Meganium|63/100\n|move|p1a: Tyranitar|Knock Off|p2b: Archaludon\n|-activate|p2b: Archaludon|move: Protect\n|\n|-weather|Sandstorm|[upkeep]\n|-damage|p1b: Whimsicott|60/100|[from] Sandstorm\n|-damage|p2a: Meganium|57/100|[from] Sandstorm\n|-heal|p1a: Tyranitar|42/100|[from] item: Leftovers\n|upkeep\n|turn|6\n|\n|t:|1776054408\n|detailschange|p2a: Meganium|Meganium-Mega, L50, F\n|-mega|p2a: Meganium|Meganium|Meganiumite\n|move|p1b: Whimsicott|Moonblast|p2a: Meganium\n|-damage|p2a: Meganium|24/100\n|move|p1a: Tyranitar|Rock Slide|p2b: Archaludon|[spread] p2a,p2b\n|-resisted|p2b: Archaludon|1\n|-damage|p2a: Meganium|0 fnt\n|-damage|p2b: Archaludon|20/100\n|faint|p2a: Meganium\n|cant|p2b: Archaludon|flinch\n|\n|-weather|Sandstorm|[upkeep]\n|-damage|p1b: Whimsicott|54/100|[from] Sandstorm\n|-heal|p1a: Tyranitar|48/100|[from] item: Leftovers\n|upkeep\n|\n|t:|1776054426\n|switch|p2a: Politoed|Politoed, L50, M|22/100\n|-weather|RainDance|[from] ability: Drizzle|[of] p2a: Politoed\n|turn|7\n|\n|t:|1776054464\n|move|p1a: Tyranitar|Protect|p1a: Tyranitar\n|-singleturn|p1a: Tyranitar|Protect\n|move|p2b: Archaludon|Protect|p2b: Archaludon\n|-singleturn|p2b: Archaludon|Protect\n|move|p2a: Politoed|Protect|p2a: Politoed\n|-singleturn|p2a: Politoed|Protect\n|move|p1b: Whimsicott|Sunny Day|p1b: Whimsicott\n|-weather|SunnyDay\n|\n|-weather|SunnyDay|[upkeep]\n|-heal|p1a: Tyranitar|54/100|[from] item: Leftovers\n|-sideend|p1: KnockDemAnklez|move: Tailwind\n|upkeep\n|turn|8\n|\n|t:|1776054531\n|switch|p2a: Basculegion|Basculegion, L50, M|100/100\n|move|p1b: Whimsicott|Tailwind|p1b: Whimsicott\n|-sidestart|p1: KnockDemAnklez|move: Tailwind\n|move|p1a: Tyranitar|Rock Slide|p2a: Basculegion|[spread] p2a,p2b\n|-resisted|p2b: Archaludon|1\n|-damage|p2a: Basculegion|48/100\n|-damage|p2b: Archaludon|2/100\n|move|p2b: Archaludon|Flash Cannon|p1a: Tyranitar\n|-supereffective|p1a: Tyranitar|1\n|-damage|p1a: Tyranitar|0 fnt\n|faint|p1a: Tyranitar\n|\n|-weather|SunnyDay|[upkeep]\n|upkeep\n|turn|9\n|-message|KnockDemAnklez forfeited.\n|\n|win|mmmjam\n|raw|KnockDemAnklez's rating: 1000 &rarr; <strong>1000</strong><br />(+0 for losing)\n|raw|mmmjam's rating: 1055 &rarr; <strong>1082</strong><br />(+27 for winning)\n|l|\u203dKnockDemAnklez\n|player|p1|\n",
  "uploadtime": 1776054569,
  "views": 18,
  "formatid": "gen9championsvgc2026regma",
  "rating": 1000,
  "private": 0,
  "password": null
}