{
  "id": "gen9championsvgc2026regma-2581627504",
  "format": "[Gen 9 Champions] VGC 2026 Reg M-A",
  "players": [
    "chochitik",
    "Croagunkestaguapo"
  ],
  "log": "|j|\u2606chochitik\n|j|\u2606Croagunkestaguapo\n|t:|1776016246\n|gametype|doubles\n|player|p1|chochitik|170|\n|player|p2|Croagunkestaguapo|pokemaniac|\n|gen|9\n|tier|[Gen 9 Champions] VGC 2026 Reg M-A\n|rule|Species Clause: Limit one of each Pok\u00e9mon\n|rule|Item Clause: Limit 1 of each item\n|clearpoke\n|poke|p1|Hatterene, L50, F|\n|poke|p1|Oranguru, L50, M|\n|poke|p1|Golurk, L50|\n|poke|p1|Clefable, L50, M|\n|poke|p1|Hydreigon, L50, M|\n|poke|p1|Torkoal, L50, M|\n|poke|p2|Blastoise, L50, F|\n|poke|p2|Pelipper, L50, F|\n|poke|p2|Sinistcha, L50|\n|poke|p2|Sneasler, L50, F|\n|poke|p2|Garchomp, L50, M|\n|poke|p2|Kingambit, L50, M|\n|teampreview|4\n|\n|t:|1776016291\n|teamsize|p1|4\n|teamsize|p2|4\n|start\n|switch|p1a: Oranguru|Oranguru, L50, M|100/100\n|switch|p1b: Torkoal|Torkoal, L50, M|100/100\n|switch|p2a: Sneasler|Sneasler, L50, F|100/100\n|switch|p2b: Pelipper|Pelipper, L50, F|100/100\n|-weather|RainDance|[from] ability: Drizzle|[of] p2b: Pelipper\n|-weather|SunnyDay|[from] ability: Drought|[of] p1b: Torkoal\n|turn|1\n|\n|t:|1776016315\n|move|p1b: Torkoal|Protect|p1b: Torkoal\n|-singleturn|p1b: Torkoal|Protect\n|move|p2a: Sneasler|Rock Slide|p1b: Torkoal|[spread] p1a\n|-activate|p1b: Torkoal|move: Protect\n|-damage|p1a: Oranguru|81/100\n|move|p2b: Pelipper|U-turn|p1a: Oranguru\n|-supereffective|p1a: Oranguru|1\n|-damage|p1a: Oranguru|65/100\n|\n|t:|1776016324\n|switch|p2b: Sinistcha|Sinistcha, L50|100/100|[from] U-turn\n|move|p1a: Oranguru|Trick Room|p1a: Oranguru\n|-fieldstart|move: Trick Room|[of] p1a: Oranguru\n|\n|-weather|SunnyDay|[upkeep]\n|upkeep\n|turn|2\n|\n|t:|1776016343\n|switch|p2b: Pelipper|Pelipper, L50, F|100/100\n|-weather|RainDance|[from] ability: Drizzle|[of] p2b: Pelipper\n|move|p1b: Torkoal|Eruption|p2b: Pelipper|[spread] p2a,p2b\n|-resisted|p2b: Pelipper|1\n|-crit|p2b: Pelipper\n|-damage|p2a: Sneasler|60/100\n|-damage|p2b: Pelipper|70/100\n|move|p1a: Oranguru|Instruct|p1b: Torkoal\n|-singleturn|p1b: Torkoal|move: Instruct|[of] p1a: Oranguru\n|move|p1b: Torkoal|Eruption|p2b: Pelipper|[spread] p2a,p2b\n|-resisted|p2b: Pelipper|1\n|-damage|p2a: Sneasler|21/100\n|-damage|p2b: Pelipper|48/100\n|move|p2a: Sneasler|Rock Slide|p1a: Oranguru|[spread] p1a,p1b\n|-supereffective|p1b: Torkoal|1\n|-damage|p1a: Oranguru|45/100\n|-damage|p1b: Torkoal|72/100\n|\n|-weather|RainDance|[upkeep]\n|upkeep\n|turn|3\n|\n|t:|1776016370\n|move|p2a: Sneasler|Protect|p2a: Sneasler\n|-singleturn|p2a: Sneasler|Protect\n|move|p1b: Torkoal|Eruption|p2b: Pelipper|[spread] p2b\n|-activate|p2a: Sneasler|move: Protect\n|-resisted|p2b: Pelipper|1\n|-crit|p2b: Pelipper\n|-damage|p2b: Pelipper|26/100\n|move|p1a: Oranguru|Instruct|p1b: Torkoal\n|-singleturn|p1b: Torkoal|move: Instruct|[of] p1a: Oranguru\n|move|p1b: Torkoal|Eruption|p2a: Sneasler|[spread] p2b\n|-activate|p2a: Sneasler|move: Protect\n|-resisted|p2b: Pelipper|1\n|-damage|p2b: Pelipper|12/100\n|move|p2b: Pelipper|Hurricane|p1a: Oranguru\n|-damage|p1a: Oranguru|12/100\n|\n|-weather|RainDance|[upkeep]\n|upkeep\n|turn|4\n|\n|t:|1776016399\n|switch|p2b: Blastoise|Blastoise, L50, F|100/100\n|switch|p2a: Sinistcha|Sinistcha, L50|100/100\n|move|p1b: Torkoal|Eruption|p2b: Blastoise|[spread] p2a,p2b\n|-supereffective|p2a: Sinistcha|1\n|-resisted|p2b: Blastoise|1\n|-damage|p2a: Sinistcha|39/100\n|-damage|p2b: Blastoise|91/100\n|move|p1a: Oranguru|Instruct|p1b: Torkoal\n|-singleturn|p1b: Torkoal|move: Instruct|[of] p1a: Oranguru\n|move|p1b: Torkoal|Eruption|p2b: Blastoise|[spread] p2a,p2b\n|-supereffective|p2a: Sinistcha|1\n|-resisted|p2b: Blastoise|1\n|-damage|p2a: Sinistcha|0 fnt\n|-damage|p2b: Blastoise|81/100\n|faint|p2a: Sinistcha\n|\n|-weather|RainDance|[upkeep]\n|-heal|p2b: Blastoise|87/100|[from] ability: Rain Dish\n|upkeep\n|\n|t:|1776016416\n|switch|p2a: Sneasler|Sneasler, L50, F|21/100\n|turn|5\n|\n|t:|1776016428\n|detailschange|p2b: Blastoise|Blastoise-Mega, L50, F\n|-mega|p2b: Blastoise|Blastoise|Blastoisinite\n|move|p1b: Torkoal|Protect|p1b: Torkoal\n|-singleturn|p1b: Torkoal|Protect\n|move|p1a: Oranguru|Protect|p1a: Oranguru\n|-singleturn|p1a: Oranguru|Protect\n|move|p2b: Blastoise|Protect|p2b: Blastoise\n|-singleturn|p2b: Blastoise|Protect\n|move|p2a: Sneasler|Close Combat|p1a: Oranguru\n|-activate|p1a: Oranguru|move: Protect\n|\n|-weather|RainDance|[upkeep]\n|-fieldend|move: Trick Room\n|upkeep\n|turn|6\n|inactive|Battle timer is ON: inactive players will automatically lose when time's up. (requested by chochitik)\n|\n|t:|1776016462\n|switch|p1b: Hydreigon|Hydreigon, L50, M|100/100\n|move|p2a: Sneasler|Rock Slide|p1a: Oranguru|[spread] p1b\n|-miss|p2a: Sneasler|p1a: Oranguru\n|-damage|p1b: Hydreigon|77/100\n|move|p2b: Blastoise|Water Spout|p1b: Hydreigon|[spread] p1a,p1b\n|-resisted|p1b: Hydreigon|1\n|-damage|p1a: Oranguru|0 fnt\n|-damage|p1b: Hydreigon|36/100\n|faint|p1a: Oranguru\n|\n|-weather|none\n|upkeep\n|\n|t:|1776016472\n|switch|p1a: Torkoal|Torkoal, L50, M|72/100\n|-weather|SunnyDay|[from] ability: Drought|[of] p1a: Torkoal\n|turn|7\n|\n|t:|1776016499\n|switch|p1a: Golurk|Golurk, L50|100/100\n|move|p1b: Hydreigon|Draco Meteor|p2b: Blastoise\n|-damage|p2b: Blastoise|32/100\n|-unboost|p1b: Hydreigon|spa|2\n|move|p2a: Sneasler|Close Combat|p1b: Hydreigon\n|-supereffective|p1b: Hydreigon|1\n|-damage|p1b: Hydreigon|0 fnt\n|-unboost|p2a: Sneasler|def|1\n|-unboost|p2a: Sneasler|spd|1\n|faint|p1b: Hydreigon\n|move|p2b: Blastoise|Water Spout|p1a: Golurk\n|-supereffective|p1a: Golurk|1\n|-damage|p1a: Golurk|78/100\n|\n|-weather|SunnyDay|[upkeep]\n|upkeep\n|\n|t:|1776016506\n|switch|p1b: Torkoal|Torkoal, L50, M|72/100\n|turn|8\n|\n|t:|1776016526\n|switch|p2a: Pelipper|Pelipper, L50, F|12/100\n|-weather|RainDance|[from] ability: Drizzle|[of] p2a: Pelipper\n|detailschange|p1a: Golurk|Golurk-Mega, L50\n|-mega|p1a: Golurk|Golurk|Golurkite\n|move|p2b: Blastoise|Protect|p2b: Blastoise\n|-singleturn|p2b: Blastoise|Protect\n|move|p1a: Golurk|Drain Punch|p2a: Pelipper\n|-resisted|p2a: Pelipper|1\n|-damage|p2a: Pelipper|0 fnt\n|-heal|p1a: Golurk|83/100|[from] drain|[of] p2a: Pelipper\n|faint|p2a: Pelipper\n|move|p1b: Torkoal|Eruption|p2b: Blastoise\n|-activate|p2b: Blastoise|move: Protect\n|\n|-weather|RainDance|[upkeep]\n|upkeep\n|\n|t:|1776016542\n|switch|p2a: Sneasler|Sneasler, L50, F|21/100\n|turn|9\n|inactive|chochitik has 30 seconds left.\n|\n|t:|1776016573\n|move|p2a: Sneasler|Dire Claw|p1a: Golurk\n|-resisted|p1a: Golurk|2\n|-damage|p1a: Golurk|75/100\n|-status|p1a: Golurk|slp\n|move|p2b: Blastoise|Water Spout|p1a: Golurk|[spread] p1a,p1b\n|-supereffective|p1a: Golurk|1\n|-supereffective|p1b: Torkoal|1\n|-damage|p1a: Golurk|31/100 slp\n|-damage|p1b: Torkoal|4/100\n|cant|p1a: Golurk|slp\n|move|p1b: Torkoal|Heat Wave|p2b: Blastoise|[spread] p2a,p2b\n|-resisted|p2b: Blastoise|1\n|-damage|p2a: Sneasler|0 fnt\n|-damage|p2b: Blastoise|25/100\n|faint|p2a: Sneasler\n|\n|-weather|RainDance|[upkeep]\n|upkeep\n|turn|10\n|\n|t:|1776016589\n|move|p2b: Blastoise|Water Spout|p1b: Torkoal|[spread] p1a,p1b\n|-supereffective|p1a: Golurk|1\n|-supereffective|p1b: Torkoal|1\n|-damage|p1a: Golurk|0 fnt\n|-damage|p1b: Torkoal|0 fnt\n|faint|p1a: Golurk\n|faint|p1b: Torkoal\n|\n|win|Croagunkestaguapo\n|l|\u2606chochitik\n|player|p1|\n",
  "uploadtime": 1776016598,
  "views": 17,
  "formatid": "gen9championsvgc2026regma",
  "rating": null,
  "private": 0,
  "password": null
}