{
  "id": "gen9championsvgc2026regma-2585051052",
  "format": "[Gen 9 Champions] VGC 2026 Reg M-A",
  "players": [
    "kjhgytfghj",
    "TassoAlcolemico35"
  ],
  "log": "|j|\u2606kjhgytfghj\n|j|\u2606TassoAlcolemico35\n|t:|1776306857\n|gametype|doubles\n|player|p1|kjhgytfghj|170|1050\n|player|p2|TassoAlcolemico35|101|1107\n|gen|9\n|tier|[Gen 9 Champions] VGC 2026 Reg M-A\n|rated|\n|rule|Species Clause: Limit one of each Pok\u00e9mon\n|rule|Item Clause: Limit 1 of each item\n|clearpoke\n|poke|p1|Dragapult, L50, M|\n|poke|p1|Sableye, L50, M|\n|poke|p1|Aggron, L50, F|\n|poke|p1|Basculegion, L50, M|\n|poke|p1|Incineroar, L50, M|\n|poke|p1|Sinistcha, L50|\n|poke|p2|Charizard, L50, M|\n|poke|p2|Whimsicott, L50, F|\n|poke|p2|Torkoal, L50, F|\n|poke|p2|Sneasler, L50, F|\n|poke|p2|Oranguru, L50, M|\n|poke|p2|Conkeldurr, L50, M|\n|teampreview|4\n|\n|t:|1776306879\n|teamsize|p1|4\n|teamsize|p2|4\n|start\n|switch|p1a: Sableye|Sableye, L50, M|100/100\n|switch|p1b: Basculegion|Basculegion, L50, M|100/100\n|switch|p2a: Sneasler|Sneasler, L50, F|100/100\n|switch|p2b: Oranguru|Oranguru, L50, M|100/100\n|turn|1\n|inactive|Battle timer is ON: inactive players will automatically lose when time's up. (requested by kjhgytfghj)\n|\n|t:|1776306956\n|move|p1a: Sableye|Fake Out|p2b: Oranguru\n|-damage|p2b: Oranguru|94/100\n|move|p1b: Basculegion|Flip Turn|p2a: Sneasler\n|-damage|p2a: Sneasler|33/100\n|\n|t:|1776306974\n|switch|p1b: Incineroar|Incineroar, L50, M|100/100|[from] Flip Turn\n|-ability|p1b: Incineroar|Intimidate|boost\n|-unboost|p2a: Sneasler|atk|1\n|-fail|p2b: Oranguru|unboost|Attack|[from] ability: Inner Focus|[of] p2b: Oranguru\n|-enditem|p2a: Sneasler|White Herb\n|-clearnegativeboost|p2a: Sneasler|[silent]\n|move|p2a: Sneasler|Dire Claw|p1a: Sableye\n|-resisted|p1a: Sableye|1\n|-damage|p1a: Sableye|79/100\n|-status|p1a: Sableye|slp\n|move|p2b: Oranguru|Trick Room|p2b: Oranguru\n|-fieldstart|move: Trick Room|[of] p2b: Oranguru\n|\n|-heal|p2b: Oranguru|100/100|[from] item: Leftovers\n|upkeep\n|turn|2\n|inactive|TassoAlcolemico35 has 30 seconds left.\n|\n|t:|1776307002\n|switch|p2a: Conkeldurr|Conkeldurr, L50, M|100/100\n|cant|p1a: Sableye|slp\n|move|p2b: Oranguru|Foul Play|p1a: Sableye\n|-damage|p1a: Sableye|62/100 slp\n|move|p1b: Incineroar|Flare Blitz|p2a: Conkeldurr\n|-damage|p2a: Conkeldurr|62/100\n|-damage|p1b: Incineroar|87/100|[from] Recoil\n|\n|upkeep\n|turn|3\n|\n|t:|1776307026\n|switch|p1b: Dragapult|Dragapult, L50, M|100/100\n|move|p2a: Conkeldurr|Ice Punch|p1a: Sableye\n|-damage|p1a: Sableye|23/100 slp\n|cant|p1a: Sableye|slp\n|move|p2b: Oranguru|Foul Play|p1b: Dragapult\n|-supereffective|p1b: Dragapult|1\n|-damage|p1b: Dragapult|20/100\n|\n|upkeep\n|turn|4\n|inactive|TassoAlcolemico35 has 30 seconds left.\n|\n|t:|1776307060\n|move|p1b: Dragapult|Protect|p1b: Dragapult\n|-singleturn|p1b: Dragapult|Protect\n|move|p2a: Conkeldurr|Ice Punch|p1a: Sableye\n|-damage|p1a: Sableye|0 fnt\n|faint|p1a: Sableye\n|move|p2b: Oranguru|Instruct|p2a: Conkeldurr\n|-singleturn|p2a: Conkeldurr|move: Instruct|[of] p2b: Oranguru\n|move|p2a: Conkeldurr|Ice Punch|p1b: Dragapult\n|-activate|p1b: Dragapult|move: Protect\n|\n|upkeep\n|\n|t:|1776307066\n|switch|p1a: Incineroar|Incineroar, L50, M|87/100\n|-ability|p1a: Incineroar|Intimidate|boost\n|-unboost|p2a: Conkeldurr|atk|1\n|-fail|p2b: Oranguru|unboost|Attack|[from] ability: Inner Focus|[of] p2b: Oranguru\n|turn|5\n|inactive|TassoAlcolemico35 has 30 seconds left.\n|\n|t:|1776307095\n|switch|p2a: Sneasler|Sneasler, L50, F|33/100\n|move|p1a: Incineroar|Fake Out|p2a: Sneasler\n|-damage|p2a: Sneasler|14/100\n|move|p2b: Oranguru|Foul Play|p1b: Dragapult\n|-supereffective|p1b: Dragapult|1\n|-damage|p1b: Dragapult|0 fnt\n|faint|p1b: Dragapult\n|\n|-fieldend|move: Trick Room\n|upkeep\n|\n|t:|1776307101\n|switch|p1b: Basculegion|Basculegion, L50, M|100/100\n|turn|6\n|\n|t:|1776307125\n|move|p2a: Sneasler|Fake Out|p1a: Incineroar\n|-damage|p1a: Incineroar|75/100\n|move|p1b: Basculegion|Wave Crash|p2a: Sneasler\n|-damage|p2a: Sneasler|0 fnt\n|faint|p2a: Sneasler\n|-damage|p1b: Basculegion|97/100|[from] Recoil\n|cant|p1a: Incineroar|flinch\n|move|p2b: Oranguru|Trick Room|p2b: Oranguru\n|-fieldstart|move: Trick Room|[of] p2b: Oranguru\n|\n|upkeep\n|\n|t:|1776307138\n|switch|p2a: Conkeldurr|Conkeldurr, L50, M|62/100\n|turn|7\n|\n|t:|1776307144\n|move|p2a: Conkeldurr|Drain Punch|p1a: Incineroar\n|-supereffective|p1a: Incineroar|1\n|-damage|p1a: Incineroar|0 fnt\n|-heal|p2a: Conkeldurr|98/100|[from] drain|[of] p1a: Incineroar\n|faint|p1a: Incineroar\n|move|p2b: Oranguru|Foul Play|p1b: Basculegion\n|-supereffective|p1b: Basculegion|1\n|-damage|p1b: Basculegion|20/100\n|move|p1b: Basculegion|Wave Crash|p2a: Conkeldurr\n|-damage|p2a: Conkeldurr|32/100\n|-damage|p1b: Basculegion|0 fnt|[from] Recoil\n|faint|p1b: Basculegion\n|\n|win|TassoAlcolemico35\n|raw|kjhgytfghj's rating: 1050 &rarr; <strong>1035</strong><br />(-15 for losing)\n|raw|TassoAlcolemico35's rating: 1107 &rarr; <strong>1128</strong><br />(+21 for winning)\n|l|\u2606kjhgytfghj\n|player|p1|\n",
  "uploadtime": 1776307164,
  "views": 18,
  "formatid": "gen9championsvgc2026regma",
  "rating": 1035,
  "private": 0,
  "password": null
}