{
  "id": "gen9championsvgc2026regma-2586237189",
  "format": "[Gen 9 Champions] VGC 2026 Reg M-A",
  "players": [
    "nd40",
    "ThatSmokey"
  ],
  "log": "|j|\u2606nd40\n|j|\u2606ThatSmokey\n|t:|1776415857\n|gametype|doubles\n|player|p1|nd40|gentleman-gen4|1114\n|player|p2|ThatSmokey|silver|1088\n|gen|9\n|tier|[Gen 9 Champions] VGC 2026 Reg M-A\n|rated|\n|rule|Species Clause: Limit one of each Pok\u00e9mon\n|rule|Item Clause: Limit 1 of each item\n|clearpoke\n|poke|p1|Camerupt, L50, F|\n|poke|p1|Hatterene, L50, F|\n|poke|p1|Scizor, L50, F|\n|poke|p1|Venusaur, L50, F|\n|poke|p1|Avalugg, L50, M|\n|poke|p1|Clefable, L50, F|\n|poke|p2|Charizard, L50, M|\n|poke|p2|Delphox, L50, F|\n|poke|p2|Kingambit, L50, M|\n|poke|p2|Sneasler, L50, M|\n|poke|p2|Whimsicott, L50, M|\n|poke|p2|Incineroar, L50, F|\n|teampreview|4\n|\n|t:|1776415872\n|teamsize|p1|4\n|teamsize|p2|4\n|start\n|switch|p1a: Hatterene|Hatterene, L50, F|100/100\n|switch|p1b: Clefable|Clefable, L50, F, shiny|100/100\n|switch|p2a: Whimsicott|Whimsicott, L50, M|100/100\n|switch|p2b: Charizard|Charizard, L50, M|100/100\n|turn|1\n|inactive|Battle timer is ON: inactive players will automatically lose when time's up. (requested by ThatSmokey)\n|\n|t:|1776415886\n|move|p2b: Charizard|Protect|p2b: Charizard\n|-singleturn|p2b: Charizard|Protect\n|move|p1b: Clefable|Follow Me|p1b: Clefable\n|-singleturn|p1b: Clefable|move: Follow Me\n|move|p2a: Whimsicott|Tailwind|p2a: Whimsicott\n|-sidestart|p2: ThatSmokey|move: Tailwind\n|move|p1a: Hatterene|Trick Room|p1a: Hatterene\n|-fieldstart|move: Trick Room|[of] p1a: Hatterene\n|\n|upkeep\n|turn|2\n|\n|t:|1776415905\n|switch|p2a: Incineroar|Incineroar, L50, F|100/100\n|-ability|p2a: Incineroar|Intimidate|boost\n|-unboost|p1a: Hatterene|atk|1\n|-unboost|p1b: Clefable|atk|1\n|detailschange|p2b: Charizard|Charizard-Mega-Y, L50, M\n|-mega|p2b: Charizard|Charizard|Charizardite Y\n|-weather|SunnyDay|[from] ability: Drought|[of] p2b: Charizard\n|move|p1a: Hatterene|Dazzling Gleam|p2b: Charizard|[spread] p2a,p2b\n|-resisted|p2b: Charizard|1\n|-damage|p2a: Incineroar|75/100\n|-damage|p2b: Charizard|87/100\n|move|p1b: Clefable|Moonblast|p2a: Incineroar\n|-damage|p2a: Incineroar|47/100\n|-enditem|p2a: Incineroar|Sitrus Berry|[eat]\n|-heal|p2a: Incineroar|72/100|[from] item: Sitrus Berry\n|move|p2b: Charizard|Heat Wave|p1b: Clefable|[spread] p1a\n|-miss|p2b: Charizard|p1b: Clefable\n|-damage|p1a: Hatterene|43/100\n|\n|-weather|SunnyDay|[upkeep]\n|upkeep\n|turn|3\n|inactive|nd40 has 30 seconds left.\n|inactive|ThatSmokey has 30 seconds left.\n|\n|t:|1776415937\n|move|p2a: Incineroar|Fake Out|p1b: Clefable\n|-damage|p1b: Clefable|87/100\n|move|p1a: Hatterene|Dazzling Gleam|p2b: Charizard|[spread] p2a,p2b\n|-resisted|p2b: Charizard|1\n|-damage|p2a: Incineroar|49/100\n|-damage|p2b: Charizard|74/100\n|cant|p1b: Clefable|flinch\n|move|p2b: Charizard|Heat Wave|p1b: Clefable|[spread] p1a,p1b\n|-damage|p1a: Hatterene|0 fnt\n|-damage|p1b: Clefable|47/100\n|faint|p1a: Hatterene\n|\n|-weather|SunnyDay|[upkeep]\n|upkeep\n|\n|t:|1776415946\n|switch|p1a: Camerupt|Camerupt, L50, F|100/100\n|turn|4\n|\n|t:|1776415962\n|detailschange|p1a: Camerupt|Camerupt-Mega, L50, F\n|-mega|p1a: Camerupt|Camerupt|Cameruptite\n|move|p1b: Clefable|Follow Me|p1b: Clefable\n|-singleturn|p1b: Clefable|move: Follow Me\n|move|p1a: Camerupt|Scorching Sands|p2a: Incineroar\n|-supereffective|p2a: Incineroar|1\n|-damage|p2a: Incineroar|0 fnt\n|faint|p2a: Incineroar\n|move|p2b: Charizard|Overheat|p1b: Clefable\n|-damage|p1b: Clefable|0 fnt\n|-unboost|p2b: Charizard|spa|2\n|faint|p1b: Clefable\n|\n|-weather|SunnyDay|[upkeep]\n|-sideend|p2: ThatSmokey|move: Tailwind\n|upkeep\n|\n|t:|1776415975\n|switch|p1b: Venusaur|Venusaur, L50, F|100/100\n|switch|p2a: Delphox|Delphox, L50, F|100/100\n|turn|5\n|\n|t:|1776415990\n|switch|p2b: Whimsicott|Whimsicott, L50, M|100/100\n|move|p1a: Camerupt|Scorching Sands|p2a: Delphox\n|-supereffective|p2a: Delphox|1\n|-damage|p2a: Delphox|0 fnt\n|faint|p2a: Delphox\n|move|p1b: Venusaur|Sludge Wave|p2b: Whimsicott|[spread] p1a,p2b\n|-resisted|p1a: Camerupt|1\n|-supereffective|p2b: Whimsicott|2\n|-damage|p1a: Camerupt|86/100\n|-damage|p2b: Whimsicott|0 fnt\n|faint|p2b: Whimsicott\n|\n|-weather|SunnyDay|[upkeep]\n|-fieldend|move: Trick Room\n|upkeep\n|\n|t:|1776415998\n|switch|p2a: Charizard|Charizard-Mega-Y, L50, M|74/100\n|turn|6\n|\n|t:|1776416012\n|move|p2a: Charizard|Heat Wave|p1a: Camerupt|[spread] p1b\n|-miss|p2a: Charizard|p1a: Camerupt\n|-supereffective|p1b: Venusaur|1\n|-damage|p1b: Venusaur|0 fnt\n|faint|p1b: Venusaur\n|move|p1a: Camerupt|Eruption|p2a: Charizard\n|-resisted|p2a: Charizard|1\n|-damage|p2a: Charizard|21/100\n|\n|-weather|none\n|upkeep\n|turn|7\n|\n|t:|1776416024\n|move|p2a: Charizard|Overheat|p1a: Camerupt\n|-resisted|p1a: Camerupt|1\n|-damage|p1a: Camerupt|51/100\n|-unboost|p2a: Charizard|spa|2\n|move|p1a: Camerupt|Eruption|p2a: Charizard\n|-resisted|p2a: Charizard|1\n|-damage|p2a: Charizard|0 fnt\n|faint|p2a: Charizard\n|\n|win|nd40\n|raw|nd40's rating: 1114 &rarr; <strong>1137</strong><br />(+23 for winning)\n|raw|ThatSmokey's rating: 1088 &rarr; <strong>1067</strong><br />(-21 for losing)\n|l|\u2606ThatSmokey\n|player|p2|\n",
  "uploadtime": 1776416033,
  "views": 20,
  "formatid": "gen9championsvgc2026regma",
  "rating": 1067,
  "private": 0,
  "password": null
}