{
  "id": "gen9championsvgc2026regma-2580667275",
  "format": "[Gen 9 Champions] VGC 2026 Reg M-A",
  "players": [
    "Kior",
    "kurogameryt3"
  ],
  "log": "|j|\u2606Kior\n|j|\u2606kurogameryt3\n|t:|1775922697\n|gametype|doubles\n|player|p1|Kior|guitarist-gen4|1094\n|player|p2|kurogameryt3|youngn|1085\n|gen|9\n|tier|[Gen 9 Champions] VGC 2026 Reg M-A\n|rated|\n|rule|Species Clause: Limit one of each Pok\u00e9mon\n|rule|Item Clause: Limit 1 of each item\n|clearpoke\n|poke|p1|Sneasler, L50, M|\n|poke|p1|Kingambit, L50, M|\n|poke|p1|Basculegion, L50, M|\n|poke|p1|Floette-Eternal, L50, F|\n|poke|p1|Aerodactyl, L50, M|\n|poke|p1|Sinistcha, L50|\n|poke|p2|Tyranitar, L50, M|\n|poke|p2|Excadrill, L50, M|\n|poke|p2|Incineroar, L50, F|\n|poke|p2|Milotic, L50, M|\n|poke|p2|Sinistcha, L50|\n|poke|p2|Drampa, L50, M|\n|teampreview|4\n|inactive|Battle timer is ON: inactive players will automatically lose when time's up. (requested by kurogameryt3)\n|inactive|Kior has 60 seconds left.\n|inactive|kurogameryt3 has 60 seconds left.\n|\n|t:|1775922752\n|teamsize|p1|4\n|teamsize|p2|4\n|start\n|switch|p1a: Sneasler|Sneasler, L50, M|100/100\n|switch|p1b: Kingambit|Kingambit, L50, M|100/100\n|switch|p2a: Suarez|Tyranitar, L50, M|100/100\n|switch|p2b: Messi|Excadrill, L50, M|100/100\n|-weather|Sandstorm|[from] ability: Sand Stream|[of] p2a: Suarez\n|turn|1\n|inactive|Kior has 30 seconds left.\n|inactive|Kior has 20 seconds left.\n|\n|t:|1775922787\n|move|p2b: Messi|Protect|p2b: Messi\n|-singleturn|p2b: Messi|Protect\n|move|p2a: Suarez|Protect|p2a: Suarez\n|-singleturn|p2a: Suarez|Protect\n|move|p1a: Sneasler|Fake Out|p2b: Messi\n|-activate|p2b: Messi|move: Protect\n|move|p1b: Kingambit|Iron Head|p2a: Suarez\n|-activate|p2a: Suarez|move: Protect\n|\n|-weather|Sandstorm|[upkeep]\n|-damage|p1a: Sneasler|95/100|[from] Sandstorm\n|upkeep\n|turn|2\n|inactive|Kior has 30 seconds left.\n|\n|t:|1775922813\n|switch|p1a: Sinistcha|Sinistcha, L50|100/100\n|detailschange|p2a: Suarez|Tyranitar-Mega, L50, M\n|-mega|p2a: Suarez|Tyranitar|Tyranitarite\n|move|p1b: Kingambit|Protect|p1b: Kingambit\n|-singleturn|p1b: Kingambit|Protect\n|move|p2b: Messi|High Horsepower|p1a: Sinistcha\n|-resisted|p1a: Sinistcha|1\n|-damage|p1a: Sinistcha|83/100\n|move|p2a: Suarez|Low Kick|p1b: Kingambit\n|-activate|p1b: Kingambit|move: Protect\n|\n|-weather|Sandstorm|[upkeep]\n|-damage|p1a: Sinistcha|76/100|[from] Sandstorm\n|upkeep\n|turn|3\n|inactive|Kior has 30 seconds left.\n|inactive|kurogameryt3 has 30 seconds left.\n|inactive|kurogameryt3 has 20 seconds left.\n|inactive|kurogameryt3 has 15 seconds left.\n|\n|t:|1775922853\n|move|p1b: Kingambit|Sucker Punch|p2b: Messi\n|-damage|p2b: Messi|25/100\n|move|p2b: Messi|High Horsepower|p1b: Kingambit\n|-supereffective|p1b: Kingambit|1\n|-damage|p1b: Kingambit|19/100\n|move|p2a: Suarez|Knock Off|p1a: Sinistcha\n|-supereffective|p1a: Sinistcha|1\n|-damage|p1a: Sinistcha|0 fnt\n|-enditem|p1a: Sinistcha|Sitrus Berry|[from] move: Knock Off|[of] p2a: Suarez\n|faint|p1a: Sinistcha\n|\n|-weather|Sandstorm|[upkeep]\n|upkeep\n|\n|t:|1775922869\n|switch|p1a: Basculegion|Basculegion, L50, M|100/100\n|turn|4\n|\n|t:|1775922894\n|move|p2b: Messi|Protect|p2b: Messi\n|-singleturn|p2b: Messi|Protect\n|move|p2a: Suarez|Protect|p2a: Suarez\n|-singleturn|p2a: Suarez|Protect\n|move|p1b: Kingambit|Sucker Punch||[still]\n|-fail|p1b: Kingambit\n|move|p1a: Basculegion|Wave Crash|p2a: Suarez\n|-activate|p2a: Suarez|move: Protect\n|\n|-weather|Sandstorm|[upkeep]\n|-damage|p1a: Basculegion|94/100|[from] Sandstorm\n|upkeep\n|turn|5\n|\n|t:|1775922908\n|switch|p2b: Benzema|Incineroar, L50, F|100/100\n|-ability|p2b: Benzema|Intimidate|boost\n|-unboost|p1a: Basculegion|atk|1\n|-unboost|p1b: Kingambit|atk|1\n|-ability|p1b: Kingambit|Defiant|boost\n|-boost|p1b: Kingambit|atk|2\n|switch|p2a: Beckham|Milotic, L50, M|100/100\n|move|p1b: Kingambit|Sucker Punch||[still]\n|-fail|p1b: Kingambit\n|move|p1a: Basculegion|Wave Crash|p2a: Beckham\n|-resisted|p2a: Beckham|1\n|-damage|p2a: Beckham|82/100\n|-damage|p1a: Basculegion|88/100|[from] Recoil\n|\n|-weather|none\n|upkeep\n|turn|6\n|\n|t:|1775922930\n|switch|p1a: Sneasler|Sneasler, L50, M|95/100\n|move|p1b: Kingambit|Protect|p1b: Kingambit\n|-singleturn|p1b: Kingambit|Protect\n|move|p2b: Benzema|Fake Out|p1b: Kingambit\n|-activate|p1b: Kingambit|move: Protect\n|move|p2a: Beckham|Icy Wind|p1a: Sneasler|[spread] p1a\n|-activate|p1b: Kingambit|move: Protect\n|-damage|p1a: Sneasler|82/100\n|-unboost|p1a: Sneasler|spe|1\n|-enditem|p1a: Sneasler|White Herb\n|-clearnegativeboost|p1a: Sneasler|[silent]\n|\n|upkeep\n|turn|7\n|\n|t:|1775922951\n|move|p1b: Kingambit|Sucker Punch|p2a: Beckham\n|-damage|p2a: Beckham|23/100\n|-enditem|p2a: Beckham|Sitrus Berry|[eat]\n|-heal|p2a: Beckham|48/100|[from] item: Sitrus Berry\n|move|p1a: Sneasler|Close Combat|p2b: Benzema\n|-supereffective|p2b: Benzema|1\n|-damage|p2b: Benzema|0 fnt\n|-unboost|p1a: Sneasler|def|1\n|-unboost|p1a: Sneasler|spd|1\n|faint|p2b: Benzema\n|move|p2a: Beckham|Scald|p1b: Kingambit\n|-damage|p1b: Kingambit|0 fnt\n|faint|p1b: Kingambit\n|\n|upkeep\n|\n|t:|1775922963\n|switch|p2b: Messi|Excadrill, L50, M|25/100\n|switch|p1b: Basculegion|Basculegion, L50, M|88/100\n|turn|8\n|\n|t:|1775922984\n|switch|p2a: Suarez|Tyranitar-Mega, L50, M|100/100\n|-weather|Sandstorm|[from] ability: Sand Stream|[of] p2a: Suarez\n|move|p1b: Basculegion|Aqua Jet|p2b: Messi\n|-supereffective|p2b: Messi|1\n|-damage|p2b: Messi|0 fnt\n|faint|p2b: Messi\n|move|p1a: Sneasler|Close Combat|p2a: Suarez\n|-supereffective|p2a: Suarez|2\n|-damage|p2a: Suarez|0 fnt\n|-unboost|p1a: Sneasler|def|1\n|-unboost|p1a: Sneasler|spd|1\n|faint|p2a: Suarez\n|\n|-weather|Sandstorm|[upkeep]\n|-damage|p1a: Sneasler|77/100|[from] Sandstorm\n|-damage|p1b: Basculegion|82/100|[from] Sandstorm\n|upkeep\n|-message|kurogameryt3 forfeited.\n|\n|win|Kior\n|raw|Kior's rating: 1094 &rarr; <strong>1119</strong><br />(+25 for winning)\n|raw|kurogameryt3's rating: 1085 &rarr; <strong>1063</strong><br />(-22 for losing)\n|l|\u2606kurogameryt3\n|player|p2|\n|c|\u2606Kior|no pedro no party\n",
  "uploadtime": 1775923023,
  "views": 16,
  "formatid": "gen9championsvgc2026regma",
  "rating": 1063,
  "private": 0,
  "password": null
}