{
  "id": "gen9championsvgc2026regma-2587610834",
  "format": "[Gen 9 Champions] VGC 2026 Reg M-A",
  "players": [
    "TharoksVGC",
    "caligoejj"
  ],
  "log": "|j|\u2606TharoksVGC\n|j|\u2606caligoejj\n|t:|1776546790\n|gametype|doubles\n|player|p1|TharoksVGC|hoopster|1018\n|player|p2|caligoejj|266|1000\n|gen|9\n|tier|[Gen 9 Champions] VGC 2026 Reg M-A\n|rated|\n|rule|Species Clause: Limit one of each Pok\u00e9mon\n|rule|Item Clause: Limit 1 of each item\n|clearpoke\n|poke|p1|Gallade, L50, M|\n|poke|p1|Kingambit, L50, M, shiny|\n|poke|p1|Ceruledge, L50, F|\n|poke|p1|Aerodactyl, L50, F|\n|poke|p1|Milotic, L50, M|\n|poke|p1|Sinistcha-Masterpiece, L50|\n|poke|p2|Sneasler, L50, F|\n|poke|p2|Tyranitar, L50, F|\n|poke|p2|Corviknight, L50, F|\n|poke|p2|Rotom-Wash, L50|\n|poke|p2|Garchomp, L50, M|\n|poke|p2|Basculegion, L50, M|\n|teampreview|4\ncaligoejj has agreed to open team sheets.\n|inactive|Battle timer is ON: inactive players will automatically lose when time's up. (requested by TharoksVGC)\nTharoksVGC has agreed to open team sheets.\n|showteam|p1|Gallade||Galladite|Steadfast|CloseCombat,PsychoCut,RockSlide,Protect|||M|||50|]Kingambit||BlackGlasses|Defiant|SuckerPunch,Protect,IronHead,KowtowCleave|||M|||50|]Ceruledge||ColburBerry|FlashFire|BitterBlade,ShadowSneak,Poltergeist,Protect|||F|||50|]Aerodactyl||FocusSash|Unnerve|RockSlide,Tailwind,DualWingbeat,Protect|||F|||50|]Milotic||Leftovers|Competitive|Protect,Scald,IcyWind,MuddyWater|||M|||50|]Sinistcha-Masterpiece||SitrusBerry|Hospitality|MatchaGotcha,RagePowder,LifeDew,TrickRoom||||||50|\n|showteam|p2|Sneasler||WhiteHerb|Unburden|DireClaw,CloseCombat,Coaching,Protect|||F|||50|]Tyranitar||Tyranitarite|SandStream|RockSlide,KnockOff,LowKick,Protect|||F|||50|]Corviknight||Leftovers|MirrorArmor|Tailwind,Roost,IronHead,BraveBird|||F|||50|]Rotom-Wash||SitrusBerry|Levitate|Thunderbolt,HydroPump,WillOWisp,Protect||||||50|]Garchomp||BrightPowder|SandVeil|DragonClaw,Earthquake,RockSlide,Protect|||M|||50|]Basculegion||ChoiceScarf|Adaptability|WaveCrash,LastRespects,FlipTurn,AquaJet|||M|||50|\n|\n|t:|1776546847\n|teamsize|p1|4\n|teamsize|p2|4\n|start\n|switch|p1a: Gallade|Gallade, L50, M|100/100\n|switch|p1b: Kingambit|Kingambit, L50, M, shiny|100/100\n|switch|p2a: Tyranitar|Tyranitar, L50, F|100/100\n|switch|p2b: Basculegion|Basculegion, L50, M|100/100\n|-weather|Sandstorm|[from] ability: Sand Stream|[of] p2a: Tyranitar\n|turn|1\n|c|\u2606TharoksVGC|Sand veil and Bright powder is just rude\n|inactive|TharoksVGC has 30 seconds left.\n|\n|t:|1776546876\n|detailschange|p1a: Gallade|Gallade-Mega, L50, M\n|-mega|p1a: Gallade|Gallade|Galladite\n|move|p1b: Kingambit|Sucker Punch|p2b: Basculegion\n|-supereffective|p2b: Basculegion|1\n|-damage|p2b: Basculegion|0 fnt\n|faint|p2b: Basculegion\n|move|p1a: Gallade|Close Combat|p2a: Tyranitar\n|-supereffective|p2a: Tyranitar|2\n|-damage|p2a: Tyranitar|0 fnt\n|-unboost|p1a: Gallade|def|1\n|-unboost|p1a: Gallade|spd|1\n|faint|p2a: Tyranitar\n|\n|-weather|Sandstorm|[upkeep]\n|-damage|p1a: Gallade|95/100|[from] Sandstorm\n|upkeep\n|\n|t:|1776546890\n|switch|p2b: Sneasler|Sneasler, L50, F|100/100\n|switch|p2a: Garchomp|Garchomp, L50, M|100/100\n|turn|2\n|inactive|TharoksVGC has 30 seconds left.\n|\n|t:|1776546917\n|move|p2b: Sneasler|Protect|p2b: Sneasler\n|-singleturn|p2b: Sneasler|Protect\n|move|p1a: Gallade|Protect|p1a: Gallade\n|-singleturn|p1a: Gallade|Protect\n|move|p2a: Garchomp|Earthquake|p1a: Gallade|[spread] p1b\n|-activate|p2b: Sneasler|move: Protect\n|-activate|p1a: Gallade|move: Protect\n|-supereffective|p1b: Kingambit|1\n|-damage|p1b: Kingambit|40/100\n|move|p1b: Kingambit|Kowtow Cleave|p2a: Garchomp\n|-damage|p2a: Garchomp|42/100\n|\n|-weather|Sandstorm|[upkeep]\n|-damage|p2b: Sneasler|95/100|[from] Sandstorm\n|-damage|p1a: Gallade|89/100|[from] Sandstorm\n|upkeep\n|turn|3\n|inactive|caligoejj has 30 seconds left.\n|\n|t:|1776546944\n|move|p1b: Kingambit|Sucker Punch|p2b: Sneasler\n|-resisted|p2b: Sneasler|1\n|-damage|p2b: Sneasler|50/100\n|move|p2b: Sneasler|Close Combat|p1b: Kingambit\n|-supereffective|p1b: Kingambit|2\n|-damage|p1b: Kingambit|0 fnt\n|-unboost|p2b: Sneasler|def|1\n|-unboost|p2b: Sneasler|spd|1\n|faint|p1b: Kingambit\n|-enditem|p2b: Sneasler|White Herb\n|-clearnegativeboost|p2b: Sneasler|[silent]\n|move|p1a: Gallade|Close Combat|p2a: Garchomp|[miss]\n|-miss|p1a: Gallade|p2a: Garchomp\n|move|p2a: Garchomp|Dragon Claw|p1a: Gallade\n|-damage|p1a: Gallade|3/100\n|\n|-weather|Sandstorm|[upkeep]\n|-damage|p2b: Sneasler|44/100|[from] Sandstorm\n|-damage|p1a: Gallade|0 fnt|[from] Sandstorm\n|faint|p1a: Gallade\n|upkeep\n|\n|t:|1776546951\n|switch|p1a: Milotic|Milotic, L50, M|100/100\n|switch|p1b: Ceruledge|Ceruledge, L50, F|100/100\n|turn|4\n|inactive|caligoejj has 30 seconds left.\n|\n|t:|1776546979\n|move|p1b: Ceruledge|Shadow Sneak|p2a: Garchomp\n|-damage|p2a: Garchomp|20/100\n|move|p2b: Sneasler|Dire Claw|p1a: Milotic\n|-damage|p1a: Milotic|66/100\n|-status|p1a: Milotic|psn\n|move|p2a: Garchomp|Rock Slide|p1b: Ceruledge|[spread] p1a,p1b\n|-supereffective|p1b: Ceruledge|1\n|-damage|p1a: Milotic|50/100 psn\n|-damage|p1b: Ceruledge|55/100\n|move|p1a: Milotic|Icy Wind|p2a: Garchomp|[spread] p2b\n|-miss|p1a: Milotic|p2a: Garchomp\n|-damage|p2b: Sneasler|28/100\n|-unboost|p2b: Sneasler|spe|1\n|\n|-weather|Sandstorm|[upkeep]\n|-damage|p2b: Sneasler|22/100|[from] Sandstorm\n|-damage|p1b: Ceruledge|49/100|[from] Sandstorm\n|-damage|p1a: Milotic|45/100 psn|[from] Sandstorm\n|-heal|p1a: Milotic|50/100 psn|[from] item: Leftovers\n|-damage|p1a: Milotic|38/100 psn|[from] psn\n|upkeep\n|turn|5\n|\n|t:|1776547001\n|move|p2b: Sneasler|Protect|p2b: Sneasler\n|-singleturn|p2b: Sneasler|Protect\n|move|p1b: Ceruledge|Shadow Sneak|p2a: Garchomp\n|-damage|p2a: Garchomp|0 fnt\n|faint|p2a: Garchomp\n|move|p1a: Milotic|Muddy Water|p2b: Sneasler\n|-activate|p2b: Sneasler|move: Protect\n|\n|-weather|none\n|-heal|p1a: Milotic|44/100 psn|[from] item: Leftovers\n|-damage|p1a: Milotic|32/100 psn|[from] psn\n|upkeep\n|turn|6\n|\n|t:|1776547020\n|move|p1b: Ceruledge|Shadow Sneak|p2b: Sneasler\n|-damage|p2b: Sneasler|0 fnt\n|faint|p2b: Sneasler\n|\n|win|TharoksVGC\n|raw|TharoksVGC's rating: 1018 &rarr; <strong>1053</strong><br />(+35 for winning)\n|raw|caligoejj's rating: 1000 &rarr; <strong>1000</strong><br />(+0 for losing)\n",
  "uploadtime": 1776547027,
  "views": 23,
  "formatid": "gen9championsvgc2026regma",
  "rating": 1000,
  "private": 0,
  "password": null
}