{
  "id": "gen9championsvgc2026regma-2585977551",
  "format": "[Gen 9 Champions] VGC 2026 Reg M-A",
  "players": [
    "lobbychatlagsmypc",
    "microbium"
  ],
  "log": "|j|\u2606lobbychatlagsmypc\n|j|\u2606microbium\n|t:|1776386897\n|gametype|doubles\n|player|p1|lobbychatlagsmypc|170|1145\n|player|p2|microbium|1|1085\n|gen|9\n|tier|[Gen 9 Champions] VGC 2026 Reg M-A\n|rated|\n|rule|Species Clause: Limit one of each Pok\u00e9mon\n|rule|Item Clause: Limit 1 of each item\n|clearpoke\n|poke|p1|Manectric, L50, M|\n|poke|p1|Blastoise, L50, F|\n|poke|p1|Vivillon-Pokeball, L50, M|\n|poke|p1|Chandelure, L50, F|\n|poke|p1|Kingambit, L50, F|\n|poke|p1|Garchomp, L50, M|\n|poke|p2|Froslass, L50, F|\n|poke|p2|Incineroar, L50, M|\n|poke|p2|Ninetales-Alola, L50, F|\n|poke|p2|Mamoswine, L50, F|\n|poke|p2|Milotic, L50, M|\n|poke|p2|Slowking, L50, M|\n|teampreview|4\n|inactive|Battle timer is ON: inactive players will automatically lose when time's up. (requested by lobbychatlagsmypc)\nmicrobium has agreed to open team sheets.\n|inactive|lobbychatlagsmypc has 60 seconds left.\n|\n|t:|1776386933\n|teamsize|p1|4\n|teamsize|p2|4\n|start\n|switch|p1a: Kingambit|Kingambit, L50, F|100/100\n|switch|p1b: Chandelure|Chandelure, L50, F|100/100\n|switch|p2a: Ninetales|Ninetales-Alola, L50, F|100/100\n|switch|p2b: Slowking|Slowking, L50, M|100/100\n|-weather|Snowscape|[from] ability: Snow Warning|[of] p2a: Ninetales\n|turn|1\n|inactive|lobbychatlagsmypc has 30 seconds left.\n|\n|t:|1776386958\n|detailschange|p1b: Chandelure|Chandelure-Mega, L50, F\n|-mega|p1b: Chandelure|Chandelure|Chandelurite\n|move|p2a: Ninetales|Protect|p2a: Ninetales\n|-singleturn|p2a: Ninetales|Protect\n|move|p1b: Chandelure|Shadow Ball|p2b: Slowking\n|-supereffective|p2b: Slowking|1\n|-damage|p2b: Slowking|0 fnt\n|faint|p2b: Slowking\n|move|p1a: Kingambit|Swords Dance|p1a: Kingambit\n|-boost|p1a: Kingambit|atk|2\n|\n|-weather|Snowscape|[upkeep]\n|upkeep\n|\n|t:|1776386967\n|switch|p2b: Incineroar|Incineroar, L50, M|100/100\n|-ability|p2b: Incineroar|Intimidate|boost\n|-unboost|p1a: Kingambit|atk|1\n|-ability|p1a: Kingambit|Defiant|boost\n|-boost|p1a: Kingambit|atk|2\n|-unboost|p1b: Chandelure|atk|1\n|turn|2\n|\n|t:|1776386977\n|move|p2b: Incineroar|Fake Out|p1a: Kingambit\n|-resisted|p1a: Kingambit|1\n|-damage|p1a: Kingambit|95/100\n|cant|p1a: Kingambit|flinch\n|move|p2a: Ninetales|Aurora Veil|p2a: Ninetales\n|-sidestart|p2: microbium|move: Aurora Veil\n|move|p1b: Chandelure|Flamethrower|p2b: Incineroar\n|-resisted|p2b: Incineroar|1\n|-damage|p2b: Incineroar|69/100\n|\n|-weather|Snowscape|[upkeep]\n|upkeep\n|turn|3\n|\n|t:|1776386990\n|move|p1a: Kingambit|Sucker Punch|p2b: Incineroar\n|-resisted|p2b: Incineroar|1\n|-damage|p2b: Incineroar|30/100\n|move|p2a: Ninetales|Dazzling Gleam|p1a: Kingambit|[spread] p1a,p1b\n|-resisted|p1b: Chandelure|1\n|-damage|p1a: Kingambit|72/100\n|-damage|p1b: Chandelure|88/100\n|move|p1b: Chandelure|Flamethrower|p2a: Ninetales\n|-supereffective|p2a: Ninetales|1\n|-damage|p2a: Ninetales|0 fnt\n|faint|p2a: Ninetales\n|move|p2b: Incineroar|Crunch|p1b: Chandelure\n|-supereffective|p1b: Chandelure|1\n|-damage|p1b: Chandelure|1/100\n|-unboost|p1b: Chandelure|def|1\n|\n|-weather|Snowscape|[upkeep]\n|upkeep\n|\n|t:|1776386999\n|switch|p2a: Milotic|Milotic, L50, M|100/100\n|turn|4\n|inactive|microbium has 30 seconds left.\n|inactive|microbium has 20 seconds left.\n|\n|t:|1776387035\n|move|p1a: Kingambit|Protect|p1a: Kingambit\n|-singleturn|p1a: Kingambit|Protect\n|move|p2a: Milotic|Surf|p1a: Kingambit|[spread] p2b,p1b\n|-activate|p1a: Kingambit|move: Protect\n|-supereffective|p2b: Incineroar|1\n|-supereffective|p1b: Chandelure|1\n|-crit|p1b: Chandelure\n|-damage|p2b: Incineroar|0 fnt\n|-damage|p1b: Chandelure|0 fnt\n|faint|p2b: Incineroar\n|faint|p1b: Chandelure\n|\n|-weather|Snowscape|[upkeep]\n|upkeep\n|\n|t:|1776387042\n|switch|p1b: Vivillon|Vivillon-Pokeball, L50, M|100/100\n|turn|5\n|\n|t:|1776387050\n|move|p1a: Kingambit|Sucker Punch|p2a: Milotic\n|-damage|p2a: Milotic|18/100\n|move|p1b: Vivillon|Pollen Puff|p1a: Kingambit\n|-heal|p1a: Kingambit|100/100\n|move|p2a: Milotic|Blizzard|p1b: Vivillon|[spread] p1a,p1b\n|-resisted|p1a: Kingambit|1\n|-supereffective|p1b: Vivillon|1\n|-damage|p1a: Kingambit|91/100\n|-damage|p1b: Vivillon|14/100\n|\n|-weather|none\n|-heal|p2a: Milotic|23/100|[from] item: Leftovers\n|upkeep\n|turn|6\n|\n|t:|1776387064\n|move|p1b: Vivillon|Tailwind|p1b: Vivillon\n|-sidestart|p1: lobbychatlagsmypc|move: Tailwind\n|move|p2a: Milotic|Blizzard|p1b: Vivillon|[spread] p1a,p1b\n|-resisted|p1a: Kingambit|1\n|-supereffective|p1b: Vivillon|1\n|-damage|p1a: Kingambit|82/100\n|-damage|p1b: Vivillon|0 fnt\n|faint|p1b: Vivillon\n|move|p1a: Kingambit|Kowtow Cleave|p2a: Milotic\n|-damage|p2a: Milotic|0 fnt\n|faint|p2a: Milotic\n|\n|win|lobbychatlagsmypc\n|raw|lobbychatlagsmypc's rating: 1145 &rarr; <strong>1166</strong><br />(+21 for winning)\n|raw|microbium's rating: 1085 &rarr; <strong>1066</strong><br />(-19 for losing)\n",
  "uploadtime": 1776387068,
  "views": 46,
  "formatid": "gen9championsvgc2026regma",
  "rating": 1066,
  "private": 0,
  "password": null
}