{
  "id": "gen9championsvgc2026regma-2580328605",
  "format": "[Gen 9 Champions] VGC 2026 Reg M-A",
  "players": [
    "Geo1213",
    "Krystal_avatar"
  ],
  "log": "|j|\u2606Geo1213\n|j|\u203dKrystal_avatar\n|t:|1775881068\n|gametype|doubles\n|player|p1|Geo1213|red|1023\n|player|p2|Krystal_avatar|265|1000\n|gen|9\n|tier|[Gen 9 Champions] VGC 2026 Reg M-A\n|rated|\n|rule|Species Clause: Limit one of each Pok\u00e9mon\n|rule|Item Clause: Limit 1 of each item\n|clearpoke\n|poke|p1|Meganium, L50, F|\n|poke|p1|Feraligatr, L50, F|\n|poke|p1|Whimsicott, L50, M|\n|poke|p1|Maushold-Four, L50|\n|poke|p1|Starmie, L50|\n|poke|p1|Incineroar, L50, F|\n|poke|p2|Delphox, L50, F|\n|poke|p2|Ninetales, L50, F|\n|poke|p2|Venusaur, L50, M|\n|poke|p2|Whimsicott, L50, M|\n|poke|p2|Incineroar, L50, M|\n|poke|p2|Maushold-Four, L50|\n|teampreview|4\n|inactive|Battle timer is ON: inactive players will automatically lose when time's up. (requested by Geo1213)\n|\n|t:|1775881089\n|teamsize|p1|4\n|teamsize|p2|4\n|start\n|switch|p1a: Starmie|Starmie, L50|100/100\n|switch|p1b: Whimsicott|Whimsicott, L50, M|100/100\n|switch|p2a: Incineroar|Incineroar, L50, M|100/100\n|switch|p2b: Venusaur|Venusaur, L50, M|100/100\n|-ability|p2a: Incineroar|Intimidate|boost\n|-unboost|p1a: Starmie|atk|1\n|-unboost|p1b: Whimsicott|atk|1\n|turn|1\n|inactive|Geo1213 has 30 seconds left.\n|\n|t:|1775881115\n|switch|p1a: Incineroar|Incineroar, L50, F|100/100\n|-ability|p1a: Incineroar|Intimidate|boost\n|-unboost|p2a: Incineroar|atk|1\n|-unboost|p2b: Venusaur|atk|1\n|move|p2a: Incineroar|Fake Out|p1a: Incineroar\n|-damage|p1a: Incineroar|95/100\n|move|p1b: Whimsicott|Tailwind|p1b: Whimsicott\n|-sidestart|p1: Geo1213|move: Tailwind\n|move|p2b: Venusaur|Sludge Bomb|p1b: Whimsicott\n|-supereffective|p1b: Whimsicott|2\n|-enditem|p1b: Whimsicott|Focus Sash\n|-damage|p1b: Whimsicott|1/100\n|-status|p1b: Whimsicott|psn\n|\n|-damage|p1b: Whimsicott|0 fnt|[from] psn\n|faint|p1b: Whimsicott\n|upkeep\n|\n|t:|1775881132\n|switch|p1b: Maushold|Maushold-Four, L50|100/100\n|turn|2\n|\n|t:|1775881140\n|move|p2b: Venusaur|Protect|p2b: Venusaur\n|-singleturn|p2b: Venusaur|Protect\n|move|p1b: Maushold|Tidy Up|p1b: Maushold\n|-boost|p1b: Maushold|atk|1\n|-boost|p1b: Maushold|spe|1\n|move|p1a: Incineroar|Blaze Kick|p2b: Venusaur\n|-activate|p2b: Venusaur|move: Protect\n|move|p2a: Incineroar|Parting Shot|p1b: Maushold\n|-unboost|p1b: Maushold|atk|1\n|-unboost|p1b: Maushold|spa|1\n|\n|t:|1775881150\n|switch|p2a: Ninetales|Ninetales, L50, F|100/100|[from] Parting Shot\n|-weather|SunnyDay|[from] ability: Drought|[of] p2a: Ninetales\n|\n|-weather|SunnyDay|[upkeep]\n|upkeep\n|turn|3\n|inactive|Geo1213 has 30 seconds left.\n|\n|t:|1775881180\n|switch|p2b: Incineroar|Incineroar, L50, M|100/100\n|-ability|p2b: Incineroar|Intimidate|boost\n|-unboost|p1a: Incineroar|atk|1\n|-unboost|p1b: Maushold|atk|1\n|move|p1b: Maushold|Population Bomb|p2a: Ninetales|[miss]\n|-miss|p1b: Maushold|p2a: Ninetales\n|move|p2a: Ninetales|Will-O-Wisp|p1b: Maushold\n|-status|p1b: Maushold|brn\n|move|p1a: Incineroar|Parting Shot|p2a: Ninetales\n|-unboost|p2a: Ninetales|atk|1\n|-unboost|p2a: Ninetales|spa|1\n|\n|t:|1775881194\n|switch|p1a: Starmie|Starmie, L50|100/100|[from] Parting Shot\n|\n|-weather|SunnyDay|[upkeep]\n|-damage|p1b: Maushold|94/100 brn|[from] brn\n|upkeep\n|turn|4\n|\n|t:|1775881211\n|switch|p2a: Venusaur|Venusaur, L50, M|100/100\n|detailschange|p1a: Starmie|Starmie-Mega, L50\n|-mega|p1a: Starmie|Starmie|Starminite\n|move|p2b: Incineroar|Fake Out|p1a: Starmie\n|-damage|p1a: Starmie|90/100\n|move|p1b: Maushold|Follow Me|p1b: Maushold\n|-singleturn|p1b: Maushold|move: Follow Me\n|cant|p1a: Starmie|flinch\n|\n|-weather|SunnyDay|[upkeep]\n|-damage|p1b: Maushold|88/100 brn|[from] brn\n|-sideend|p1: Geo1213|move: Tailwind\n|upkeep\n|turn|5\n|inactive|Geo1213 has 30 seconds left.\n|\n|t:|1775881238\n|move|p2a: Venusaur|Protect|p2a: Venusaur\n|-singleturn|p2a: Venusaur|Protect\n|move|p1b: Maushold|Follow Me|p1b: Maushold\n|-singleturn|p1b: Maushold|move: Follow Me\n|move|p1a: Starmie|Zen Headbutt|p2a: Venusaur\n|-activate|p2a: Venusaur|move: Protect\n|move|p2b: Incineroar|Flare Blitz|p1b: Maushold\n|-damage|p1b: Maushold|3/100 brn\n|-enditem|p1b: Maushold|Sitrus Berry|[eat]\n|-heal|p1b: Maushold|28/100 brn|[from] item: Sitrus Berry\n|-damage|p2b: Incineroar|75/100|[from] Recoil\n|\n|-weather|SunnyDay|[upkeep]\n|-damage|p1b: Maushold|22/100 brn|[from] brn\n|upkeep\n|turn|6\n|inactive|Geo1213 has 30 seconds left.\n|inactive|Krystal_avatar has 30 seconds left.\n|\n|t:|1775881271\n|move|p2a: Venusaur|Solar Beam||[still]\n|-prepare|p2a: Venusaur|Solar Beam\n|-anim|p2a: Venusaur|Solar Beam|p1b: Maushold\n|-damage|p1b: Maushold|0 fnt\n|faint|p1b: Maushold\n|move|p1a: Starmie|Zen Headbutt|p2a: Venusaur\n|-supereffective|p2a: Venusaur|1\n|-damage|p2a: Venusaur|0 fnt\n|faint|p2a: Venusaur\n|move|p2b: Incineroar|Parting Shot|p1a: Starmie\n|-unboost|p1a: Starmie|atk|1\n|-unboost|p1a: Starmie|spa|1\n|\n|t:|1775881281\n|switch|p2b: Delphox|Delphox, L50, F|100/100|[from] Parting Shot\n|\n|-weather|none\n|upkeep\n|\n|t:|1775881287\n|switch|p1b: Incineroar|Incineroar, L50, F|95/100\n|switch|p2a: Ninetales|Ninetales, L50, F|100/100\n|-weather|SunnyDay|[from] ability: Drought|[of] p2a: Ninetales\n|-ability|p1b: Incineroar|Intimidate|boost\n|-unboost|p2a: Ninetales|atk|1\n|-unboost|p2b: Delphox|atk|1\n|turn|7\n|\n|t:|1775881302\n|detailschange|p2b: Delphox|Delphox-Mega, L50, F\n|-mega|p2b: Delphox|Delphox|Delphoxite\n|move|p2b: Delphox|Protect|p2b: Delphox\n|-singleturn|p2b: Delphox|Protect\n|move|p1a: Starmie|Zen Headbutt|p2a: Ninetales\n|-damage|p2a: Ninetales|36/100\n|move|p2a: Ninetales|Will-O-Wisp|p1a: Starmie\n|-status|p1a: Starmie|brn\n|move|p1b: Incineroar|Parting Shot|p2b: Delphox\n|-activate|p2b: Delphox|move: Protect\n|\n|-weather|SunnyDay|[upkeep]\n|-damage|p1a: Starmie|84/100 brn|[from] brn\n|upkeep\n|turn|8\n|inactive|Geo1213 has 30 seconds left.\n|inactive|Krystal_avatar has 30 seconds left.\n|inactive|Geo1213 has 20 seconds left.\n|inactive|Krystal_avatar has 20 seconds left.\n|inactive|Krystal_avatar has 15 seconds left.\n|\n|t:|1775881345\n|move|p2a: Ninetales|Helping Hand|p2b: Delphox\n|-singleturn|p2b: Delphox|Helping Hand|[of] p2a: Ninetales\n|move|p2b: Delphox|Focus Blast|p1b: Incineroar\n|-supereffective|p1b: Incineroar|1\n|-damage|p1b: Incineroar|0 fnt\n|faint|p1b: Incineroar\n|move|p1a: Starmie|Zen Headbutt|p2a: Ninetales|[miss]\n|-miss|p1a: Starmie|p2a: Ninetales\n|\n|-weather|SunnyDay|[upkeep]\n|-damage|p1a: Starmie|78/100 brn|[from] brn\n|upkeep\n|turn|9\n|\n|t:|1775881363\n|move|p2b: Delphox|Heat Wave|p1a: Starmie\n|-resisted|p1a: Starmie|1\n|-damage|p1a: Starmie|15/100 brn\n|move|p1a: Starmie|Zen Headbutt|p2a: Ninetales\n|-damage|p2a: Ninetales|3/100\n|move|p2a: Ninetales|Overheat|p1a: Starmie|[miss]\n|-miss|p2a: Ninetales|p1a: Starmie\n|\n|-weather|SunnyDay|[upkeep]\n|-damage|p1a: Starmie|9/100 brn|[from] brn\n|upkeep\n|turn|10\n|\n|t:|1775881378\n|move|p2b: Delphox|Heat Wave|p1a: Starmie\n|-resisted|p1a: Starmie|1\n|-damage|p1a: Starmie|0 fnt\n|faint|p1a: Starmie\n|\n|win|Krystal_avatar\n|raw|Geo1213's rating: 1023 &rarr; <strong>1009</strong><br />(-14 for losing)\n|raw|Krystal_avatar's rating: 1000 &rarr; <strong>1043</strong><br />(+43 for winning)\n|l|\u2606Geo1213\n|player|p1|\n",
  "uploadtime": 1775881389,
  "views": 13,
  "formatid": "gen9championsvgc2026regma",
  "rating": 1009,
  "private": 0,
  "password": null
}