{
  "id": "gen9championsvgc2026regma-2589469777",
  "format": "[Gen 9 Champions] VGC 2026 Reg M-A",
  "players": [
    "fertq228",
    "axelpoter"
  ],
  "log": "|j|\u2606fertq228\n|j|\u2606axelpoter\n|t:|1776725786\n|gametype|doubles\n|player|p1|fertq228|hooligans|1102\n|player|p2|axelpoter|benga|1075\n|gen|9\n|tier|[Gen 9 Champions] VGC 2026 Reg M-A\n|rated|\n|rule|Species Clause: Limit one of each Pok\u00e9mon\n|rule|Item Clause: Limit 1 of each item\n|clearpoke\n|poke|p1|Floette-Eternal, L50, F|\n|poke|p1|Maushold, L50|\n|poke|p1|Garchomp, L50, F|\n|poke|p1|Talonflame, L50, M|\n|poke|p1|Rotom-Wash, L50|\n|poke|p1|Aegislash, L50, M|\n|poke|p2|Skarmory, L50, F|\n|poke|p2|Farigiraf, L50, M|\n|poke|p2|Milotic, L50, M|\n|poke|p2|Incineroar, L50, M|\n|poke|p2|Sneasler, L50, F|\n|poke|p2|Sinistcha, L50|\n|teampreview|4\n|inactive|Battle timer is ON: inactive players will automatically lose when time's up. (requested by fertq228)\n|\n|t:|1776725807\n|teamsize|p1|4\n|teamsize|p2|4\n|start\n|switch|p1a: Floette|Floette-Eternal, L50, F|100/100\n|switch|p1b: Talonflame|Talonflame, L50, M|100/100\n|switch|p2a: Incineroar|Incineroar, L50, M|100/100\n|switch|p2b: Skarmory|Skarmory, L50, F|100/100\n|-ability|p2a: Incineroar|Intimidate|boost\n|-unboost|p1a: Floette|atk|1\n|-unboost|p1b: Talonflame|atk|1\n|turn|1\n|inactive|axelpoter has 30 seconds left.\n|\n|t:|1776725832\n|detailschange|p2b: Skarmory|Skarmory-Mega, L50, F\n|-mega|p2b: Skarmory|Skarmory|Skarmorite\n|move|p1b: Talonflame|Protect|p1b: Talonflame\n|-singleturn|p1b: Talonflame|Protect\n|move|p1a: Floette|Protect|p1a: Floette\n|-singleturn|p1a: Floette|Protect\n|move|p2a: Incineroar|Fake Out|p1b: Talonflame\n|-activate|p1b: Talonflame|move: Protect\n|move|p2b: Skarmory|Tailwind|p2b: Skarmory\n|-sidestart|p2: axelpoter|move: Tailwind\n|\n|upkeep\n|turn|2\n|inactive|fertq228 has 30 seconds left.\n|\n|t:|1776725860\n|detailschange|p1a: Floette|Floette-Mega, L50, F\n|-mega|p1a: Floette|Floette|Floettite\n|-ability|p1a: Floette|Fairy Aura\n|move|p1b: Talonflame|Tailwind|p1b: Talonflame\n|-sidestart|p1: fertq228|move: Tailwind\n|move|p2b: Skarmory|Iron Head|p1a: Floette\n|-supereffective|p1a: Floette|1\n|-damage|p1a: Floette|0 fnt\n|faint|p1a: Floette\n|move|p2a: Incineroar|Parting Shot|p1b: Talonflame\n|-unboost|p1b: Talonflame|atk|1\n|-unboost|p1b: Talonflame|spa|1\n|\n|t:|1776725874\n|switch|p2a: Sneasler|Sneasler, L50, F|100/100|[from] Parting Shot\n|\n|upkeep\n|\n|t:|1776725880\n|switch|p1a: Rotom|Rotom-Wash, L50|100/100\n|turn|3\n|\n|t:|1776725900\n|switch|p1b: Garchomp|Garchomp, L50, F|100/100\n|move|p2a: Sneasler|Close Combat|p1a: Rotom\n|-damage|p1a: Rotom|35/100\n|-unboost|p2a: Sneasler|def|1\n|-unboost|p2a: Sneasler|spd|1\n|-enditem|p1a: Rotom|Sitrus Berry|[eat]\n|-heal|p1a: Rotom|60/100|[from] item: Sitrus Berry\n|-enditem|p2a: Sneasler|White Herb\n|-clearnegativeboost|p2a: Sneasler|[silent]\n|move|p2b: Skarmory|Brave Bird|p1a: Rotom\n|-resisted|p1a: Rotom|1\n|-damage|p1a: Rotom|27/100\n|-damage|p2b: Skarmory|88/100|[from] Recoil\n|move|p1a: Rotom|Volt Switch|p2b: Skarmory\n|-supereffective|p2b: Skarmory|1\n|-damage|p2b: Skarmory|5/100\n|\n|t:|1776725919\n|switch|p1a: Talonflame|Talonflame, L50, M|100/100|[from] Volt Switch\n|\n|upkeep\n|turn|4\n|\n|t:|1776725933\n|move|p2a: Sneasler|Protect|p2a: Sneasler\n|-singleturn|p2a: Sneasler|Protect\n|move|p2b: Skarmory|Protect|p2b: Skarmory\n|-singleturn|p2b: Skarmory|Protect\n|move|p1a: Talonflame|Acrobatics|p2a: Sneasler\n|-activate|p2a: Sneasler|move: Protect\n|move|p1b: Garchomp|Stone Edge|p2b: Skarmory\n|-activate|p2b: Skarmory|move: Protect\n|\n|-sideend|p2: axelpoter|move: Tailwind\n|upkeep\n|turn|5\n|\n|t:|1776725951\n|switch|p2a: Incineroar|Incineroar, L50, M|100/100\n|-ability|p2a: Incineroar|Intimidate|boost\n|-unboost|p1a: Talonflame|atk|1\n|-unboost|p1b: Garchomp|atk|1\n|move|p1a: Talonflame|Acrobatics|p2a: Incineroar\n|-damage|p2a: Incineroar|72/100\n|move|p1b: Garchomp|Stone Edge|p2b: Skarmory\n|-damage|p2b: Skarmory|0 fnt\n|faint|p2b: Skarmory\n|\n|-sideend|p1: fertq228|move: Tailwind\n|upkeep\n|\n|t:|1776725965\n|switch|p2b: Sneasler|Sneasler, L50, F|100/100\n|turn|6\n|\n|t:|1776725979\n|move|p1a: Talonflame|Protect|p1a: Talonflame\n|-singleturn|p1a: Talonflame|Protect\n|move|p1b: Garchomp|Protect|p1b: Garchomp\n|-singleturn|p1b: Garchomp|Protect\n|move|p2a: Incineroar|Fake Out|p1b: Garchomp\n|-activate|p1b: Garchomp|move: Protect\n|move|p2b: Sneasler|Dire Claw|p1a: Talonflame\n|-activate|p1a: Talonflame|move: Protect\n|\n|upkeep\n|turn|7\n|inactive|axelpoter has 30 seconds left.\n|\n|t:|1776726010\n|move|p1a: Talonflame|Tailwind|p1a: Talonflame\n|-sidestart|p1: fertq228|move: Tailwind\n|move|p1b: Garchomp|Earthquake|p2a: Incineroar|[spread] p2a,p2b\n|-immune|p1a: Talonflame\n|-supereffective|p2a: Incineroar|1\n|-supereffective|p2b: Sneasler|1\n|-damage|p2a: Incineroar|10/100\n|-damage|p2b: Sneasler|0 fnt\n|faint|p2b: Sneasler\n|move|p2a: Incineroar|Parting Shot|p1b: Garchomp\n|-unboost|p1b: Garchomp|atk|1\n|-unboost|p1b: Garchomp|spa|1\n|\n|t:|1776726021\n|switch|p2a: Sinistcha|Sinistcha, L50|100/100|[from] Parting Shot\n|\n|upkeep\n|\n|t:|1776726023\n|switch|p2b: Incineroar|Incineroar, L50, M|10/100\n|-ability|p2b: Incineroar|Intimidate|boost\n|-unboost|p1a: Talonflame|atk|1\n|-unboost|p1b: Garchomp|atk|1\n|turn|8\n|\n|t:|1776726041\n|switch|p1a: Rotom|Rotom-Wash, L50|27/100\n|move|p1b: Garchomp|Protect|p1b: Garchomp\n|-singleturn|p1b: Garchomp|Protect\n|move|p2a: Sinistcha|Matcha Gotcha|p1b: Garchomp|[spread] p1a\n|-activate|p1b: Garchomp|move: Protect\n|-supereffective|p1a: Rotom|1\n|-damage|p1a: Rotom|0 fnt\n|faint|p1a: Rotom\n|move|p2b: Incineroar|Darkest Lariat|p1b: Garchomp\n|-activate|p1b: Garchomp|move: Protect\n|\n|upkeep\n|\n|t:|1776726055\n|switch|p1a: Talonflame|Talonflame, L50, M|100/100\n|turn|9\n|\n|t:|1776726066\n|move|p1a: Talonflame|Acrobatics|p2a: Sinistcha\n|-supereffective|p2a: Sinistcha|1\n|-damage|p2a: Sinistcha|12/100\n|move|p1b: Garchomp|Earthquake|p2a: Sinistcha|[spread] p2a,p2b\n|-immune|p1a: Talonflame\n|-resisted|p2a: Sinistcha|1\n|-supereffective|p2b: Incineroar|1\n|-damage|p2a: Sinistcha|3/100\n|-damage|p2b: Incineroar|0 fnt\n|faint|p2b: Incineroar\n|move|p2a: Sinistcha|Shadow Ball|p1a: Talonflame\n|-damage|p1a: Talonflame|37/100\n|\n|upkeep\n|turn|10\n|-message|axelpoter forfeited.\n|\n|win|fertq228\n|raw|fertq228's rating: 1102 &rarr; <strong>1125</strong><br />(+23 for winning)\n|raw|axelpoter's rating: 1075 &rarr; <strong>1055</strong><br />(-20 for losing)\n|l|\u2606axelpoter\n|player|p2|\n",
  "uploadtime": 1776726092,
  "views": 8,
  "formatid": "gen9championsvgc2026regma",
  "rating": 1055,
  "private": 0,
  "password": null
}