{
  "id": "gen9championsvgc2026regma-2586959096",
  "format": "[Gen 9 Champions] VGC 2026 Reg M-A",
  "players": [
    "who that b",
    "GoodraSweetheart76"
  ],
  "log": "|j|\u2606who that b\n|j|\u2606GoodraSweetheart76\n|t:|1776475712\n|gametype|doubles\n|player|p1|who that b|burglar|1194\n|player|p2|GoodraSweetheart76|caitlin|1283\n|gen|9\n|tier|[Gen 9 Champions] VGC 2026 Reg M-A\n|rated|\n|rule|Species Clause: Limit one of each Pok\u00e9mon\n|rule|Item Clause: Limit 1 of each item\n|clearpoke\n|poke|p1|Froslass, L50, F|\n|poke|p1|Kingambit, L50, F|\n|poke|p1|Sneasler, L50, F|\n|poke|p1|Palafin, L50, F|\n|poke|p1|Sinistcha, L50|\n|poke|p1|Arcanine-Hisui, L50, M|\n|poke|p2|Goodra-Hisui, L50, M|\n|poke|p2|Sinistcha, L50|\n|poke|p2|Gardevoir, L50, M|\n|poke|p2|Incineroar, L50, M|\n|poke|p2|Primarina, L50, F|\n|poke|p2|Sneasler, L50, F|\n|teampreview|4\n|\n|t:|1776475746\n|teamsize|p1|4\n|teamsize|p2|4\n|start\n|switch|p1a: Froslass|Froslass, L50, F|100/100\n|switch|p1b: Palafin|Palafin, L50, F|100/100\n|switch|p2a: Incineroar|Incineroar, L50, M, shiny|100/100\n|switch|p2b: Gardevoir|Gardevoir, L50, M, shiny|100/100\n|-ability|p2b: Gardevoir|Cursed Body|Trace|[from] ability: Trace|[of] p1a: Froslass\n|-ability|p2a: Incineroar|Intimidate|boost\n|-unboost|p1a: Froslass|atk|1\n|-unboost|p1b: Palafin|atk|1\n|turn|1\n|inactive|Battle timer is ON: inactive players will automatically lose when time's up. (requested by who that b)\n|\n|t:|1776475768\n|detailschange|p1b: Palafin|Palafin-Hero, L50, F\n|switch|p1b: Sneasler|Sneasler, L50, F|100/100\n|detailschange|p2b: Gardevoir|Gardevoir-Mega, L50, M, shiny\n|-mega|p2b: Gardevoir|Gardevoir|Gardevoirite\n|move|p1a: Froslass|Protect|p1a: Froslass\n|-singleturn|p1a: Froslass|Protect\n|move|p2b: Gardevoir|Hyper Voice|p1b: Sneasler|[spread] p1b\n|-activate|p1a: Froslass|move: Protect\n|-damage|p1b: Sneasler|39/100\n|move|p2a: Incineroar|Throat Chop|p1a: Froslass\n|-activate|p1a: Froslass|move: Protect\n|\n|upkeep\n|turn|2\n|inactive|who that b has 30 seconds left.\n|inactive|GoodraSweetheart76 has 30 seconds left.\n|inactive|who that b has 20 seconds left.\n|inactive|who that b has 15 seconds left.\n|inactive|who that b has 10 seconds left.\n|\n|t:|1776475817\n|switch|p1a: Sinistcha|Sinistcha, L50|100/100\n|-heal|p1b: Sneasler|63/100|[from] ability: Hospitality|[of] p1a: Sinistcha\n|switch|p2b: Goodra|Goodra-Hisui, L50, M|100/100\n|move|p1b: Sneasler|Protect|p1b: Sneasler\n|-singleturn|p1b: Sneasler|Protect\n|move|p2a: Incineroar|Parting Shot|p1a: Sinistcha\n|-unboost|p1a: Sinistcha|atk|1\n|-unboost|p1a: Sinistcha|spa|1\n|\n|t:|1776475830\n|switch|p2a: Sneasler|Sneasler, L50, F|100/100|[from] Parting Shot\n|\n|upkeep\n|turn|3\n|\n|t:|1776475840\n|move|p2a: Sneasler|Fake Out|p1b: Sneasler\n|-damage|p1b: Sneasler|40/100\n|move|p1a: Sinistcha|Rage Powder|p1a: Sinistcha\n|-singleturn|p1a: Sinistcha|move: Rage Powder\n|cant|p1b: Sneasler|flinch\n|move|p2b: Goodra|Heavy Slam|p1a: Sinistcha\n|-damage|p1a: Sinistcha|63/100\n|\n|upkeep\n|turn|4\n|\n|t:|1776475859\n|move|p2b: Goodra|Protect|p2b: Goodra\n|-singleturn|p2b: Goodra|Protect\n|move|p1a: Sinistcha|Rage Powder|p1a: Sinistcha\n|-singleturn|p1a: Sinistcha|move: Rage Powder\n|move|p1b: Sneasler|Close Combat|p2b: Goodra\n|-activate|p2b: Goodra|move: Protect\n|move|p2a: Sneasler|Coaching|p2b: Goodra\n|-boost|p2b: Goodra|atk|1\n|-boost|p2b: Goodra|def|1\n|\n|upkeep\n|turn|5\n|inactive|who that b has 30 seconds left.\n|inactive|GoodraSweetheart76 has 30 seconds left.\n|\n|t:|1776475894\n|move|p1a: Sinistcha|Protect|p1a: Sinistcha\n|-singleturn|p1a: Sinistcha|Protect\n|move|p2a: Sneasler|Dire Claw|p1a: Sinistcha\n|-activate|p1a: Sinistcha|move: Protect\n|move|p1b: Sneasler|Close Combat|p2b: Goodra\n|-supereffective|p2b: Goodra|1\n|-damage|p2b: Goodra|27/100\n|-unboost|p1b: Sneasler|def|1\n|-unboost|p1b: Sneasler|spd|1\n|-enditem|p1b: Sneasler|White Herb\n|-clearnegativeboost|p1b: Sneasler|[silent]\n|move|p2b: Goodra|Heavy Slam|p1b: Sneasler\n|-damage|p1b: Sneasler|0 fnt\n|faint|p1b: Sneasler\n|\n|-heal|p2b: Goodra|33/100|[from] item: Leftovers\n|upkeep\n|\n|t:|1776475902\n|switch|p1b: Palafin|Palafin-Hero, L50, F|100/100\n|-activate|p1b: Palafin|ability: Zero to Hero\n|turn|6\n|\n|t:|1776475923\n|switch|p1b: Froslass|Froslass, L50, F|100/100\n|move|p2b: Goodra|Protect|p2b: Goodra\n|-singleturn|p2b: Goodra|Protect\n|move|p2a: Sneasler|Dire Claw|p1b: Froslass\n|-resisted|p1b: Froslass|1\n|-damage|p1b: Froslass|72/100\n|move|p1a: Sinistcha|Matcha Gotcha|p2a: Sneasler|[spread] \n|-activate|p2b: Goodra|move: Protect\n|-miss|p1a: Sinistcha|p2a: Sneasler\n|\n|-heal|p2b: Goodra|38/100|[from] item: Leftovers\n|upkeep\n|turn|7\n|\n|t:|1776475944\n|switch|p2a: Incineroar|Incineroar, L50, M, shiny|100/100\n|-ability|p2a: Incineroar|Intimidate|boost\n|-unboost|p1a: Sinistcha|atk|1\n|-unboost|p1b: Froslass|atk|1\n|switch|p1a: Palafin|Palafin-Hero, L50, F|100/100\n|detailschange|p1b: Froslass|Froslass-Mega, L50, F\n|-mega|p1b: Froslass|Froslass|Froslassite\n|-weather|Snowscape|[from] ability: Snow Warning|[of] p1b: Froslass\n|move|p1b: Froslass|Aurora Veil|p1b: Froslass\n|-sidestart|p1: who that b|move: Aurora Veil\n|move|p2b: Goodra|Heavy Slam|p1b: Froslass\n|-supereffective|p1b: Froslass|1\n|-damage|p1b: Froslass|0 fnt\n|faint|p1b: Froslass\n|\n|-weather|Snowscape|[upkeep]\n|-heal|p2b: Goodra|44/100|[from] item: Leftovers\n|upkeep\n|\n|t:|1776475955\n|switch|p1b: Sinistcha|Sinistcha, L50|63/100\n|turn|8\n|\n|t:|1776475965\n|move|p1a: Palafin|Protect|p1a: Palafin\n|-singleturn|p1a: Palafin|Protect\n|move|p2a: Incineroar|Fake Out|p1a: Palafin\n|-activate|p1a: Palafin|move: Protect\n|move|p1b: Sinistcha|Matcha Gotcha|p2a: Incineroar|[spread] p2a\n|-ability|p2b: Goodra|Sap Sipper|boost\n|-boost|p2b: Goodra|atk|1\n|-resisted|p2a: Incineroar|1\n|-damage|p2a: Incineroar|90/100\n|-heal|p1b: Sinistcha|69/100|[from] drain|[of] p2a: Incineroar\n|move|p2b: Goodra|Curse|p2b: Goodra\n|-unboost|p2b: Goodra|spe|1\n|-boost|p2b: Goodra|atk|1\n|-boost|p2b: Goodra|def|1\n|\n|-weather|Snowscape|[upkeep]\n|-heal|p2b: Goodra|50/100|[from] item: Leftovers\n|upkeep\n|turn|9\n|\n|t:|1776475988\n|move|p2b: Goodra|Protect|p2b: Goodra\n|-singleturn|p2b: Goodra|Protect\n|move|p1b: Sinistcha|Rage Powder|p1b: Sinistcha\n|-singleturn|p1b: Sinistcha|move: Rage Powder\n|move|p1a: Palafin|Close Combat|p2b: Goodra\n|-activate|p2b: Goodra|move: Protect\n|move|p2a: Incineroar|Parting Shot|p1b: Sinistcha\n|-unboost|p1b: Sinistcha|atk|1\n|-unboost|p1b: Sinistcha|spa|1\n|\n|t:|1776475999\n|switch|p2a: Sneasler|Sneasler, L50, F|100/100|[from] Parting Shot\n|\n|-weather|Snowscape|[upkeep]\n|-heal|p2b: Goodra|56/100|[from] item: Leftovers\n|upkeep\n|turn|10\n|\n|t:|1776476014\n|move|p1a: Palafin|Protect|p1a: Palafin\n|-singleturn|p1a: Palafin|Protect\n|move|p2a: Sneasler|Coaching|p2b: Goodra\n|-boost|p2b: Goodra|atk|1\n|-boost|p2b: Goodra|def|1\n|move|p1b: Sinistcha|Matcha Gotcha|p2a: Sneasler|[spread] p2a\n|-ability|p2b: Goodra|Sap Sipper|boost\n|-boost|p2b: Goodra|atk|1\n|-resisted|p2a: Sneasler|1\n|-damage|p2a: Sneasler|88/100\n|-heal|p1b: Sinistcha|75/100|[from] drain|[of] p2a: Sneasler\n|move|p2b: Goodra|Curse|p2b: Goodra\n|-unboost|p2b: Goodra|spe|1\n|-boost|p2b: Goodra|atk|1\n|-boost|p2b: Goodra|def|1\n|\n|-weather|Snowscape|[upkeep]\n|-heal|p2b: Goodra|62/100|[from] item: Leftovers\n|upkeep\n|turn|11\n|\n|t:|1776476033\n|switch|p2a: Incineroar|Incineroar, L50, M, shiny|90/100\n|-ability|p2a: Incineroar|Intimidate|boost\n|-unboost|p1a: Palafin|atk|1\n|-unboost|p1b: Sinistcha|atk|1\n|move|p1b: Sinistcha|Rage Powder|p1b: Sinistcha\n|-singleturn|p1b: Sinistcha|move: Rage Powder\n|move|p1a: Palafin|Close Combat|p2b: Goodra\n|-supereffective|p2b: Goodra|1\n|-damage|p2b: Goodra|40/100\n|-unboost|p1a: Palafin|def|1\n|-unboost|p1a: Palafin|spd|1\n|move|p2b: Goodra|Heavy Slam|p1b: Sinistcha\n|-damage|p1b: Sinistcha|0 fnt\n|faint|p1b: Sinistcha\n|\n|-weather|none\n|-heal|p2b: Goodra|45/100|[from] item: Leftovers\n|-sideend|p1: who that b|move: Aurora Veil\n|upkeep\n|turn|12\n|-message|who that b forfeited.\n|\n|win|GoodraSweetheart76\n|raw|who that b's rating: 1194 &rarr; <strong>1175</strong><br />(-19 for losing)\n|raw|GoodraSweetheart76's rating: 1283 &rarr; <strong>1302</strong><br />(+19 for winning)\n|l|\u2606who that b\n|player|p1|\n",
  "uploadtime": 1776476235,
  "views": 22,
  "formatid": "gen9championsvgc2026regma",
  "rating": 1175,
  "private": 0,
  "password": null
}