{
  "id": "gen9championsvgc2026regma-2588031211",
  "format": "[Gen 9 Champions] VGC 2026 Reg M-A",
  "players": [
    "Wo0oorthy",
    "jiren2026"
  ],
  "log": "|j|\u2606Wo0oorthy\n|j|\u2606jiren2026\n|t:|1776595476\n|gametype|doubles\n|player|p1|Wo0oorthy|dawn-gen4pt|1336\n|player|p2|jiren2026|n|1236\n|gen|9\n|tier|[Gen 9 Champions] VGC 2026 Reg M-A\n|rated|\n|rule|Species Clause: Limit one of each Pok\u00e9mon\n|rule|Item Clause: Limit 1 of each item\n|clearpoke\n|poke|p1|Farigiraf, L50, F|\n|poke|p1|Incineroar, L50, F|\n|poke|p1|Torkoal, L50, F|\n|poke|p1|Camerupt, L50, M|\n|poke|p1|Sinistcha-Masterpiece, L50|\n|poke|p1|Rhyperior, L50, M|\n|poke|p2|Dragonite, L50, M, shiny|\n|poke|p2|Pelipper, L50, M|\n|poke|p2|Archaludon, L50, M|\n|poke|p2|Basculegion, L50, M, shiny|\n|poke|p2|Sneasler, L50, F, shiny|\n|poke|p2|Sinistcha, L50|\n|teampreview|4\n|inactive|Battle timer is ON: inactive players will automatically lose when time's up. (requested by Wo0oorthy)\n|\n|t:|1776595509\n|teamsize|p1|4\n|teamsize|p2|4\n|start\n|switch|p1a: Farigiraf|Farigiraf, L50, F|100/100\n|switch|p1b: Incineroar|Incineroar, L50, F|100/100\n|switch|p2a: Basculegion|Basculegion, L50, M, shiny|100/100\n|switch|p2b: Pelipper|Pelipper, L50, M|100/100\n|-weather|RainDance|[from] ability: Drizzle|[of] p2b: Pelipper\n|-ability|p1b: Incineroar|Intimidate|boost\n|-unboost|p2a: Basculegion|atk|1\n|-unboost|p2b: Pelipper|atk|1\n|turn|1\n|\n|t:|1776595525\n|move|p1b: Incineroar|Fake Out|p2b: Pelipper\n|-damage|p2b: Pelipper|89/100\n|move|p2a: Basculegion|Wave Crash|p1a: Farigiraf\n|-damage|p1a: Farigiraf|35/100\n|-damage|p2a: Basculegion|76/100|[from] Recoil\n|cant|p2b: Pelipper|flinch\n|move|p1a: Farigiraf|Trick Room|p1a: Farigiraf\n|-fieldstart|move: Trick Room|[of] p1a: Farigiraf\n|\n|-weather|RainDance|[upkeep]\n|upkeep\n|turn|2\n|\n|t:|1776595541\n|switch|p2a: Sinistcha|Sinistcha, L50|100/100\n|-heal|p2b: Pelipper|100/100|[from] ability: Hospitality|[of] p2a: Sinistcha\n|move|p1a: Farigiraf|Imprison|p1a: Farigiraf\n|-start|p1a: Farigiraf|move: Imprison\n|move|p1b: Incineroar|Darkest Lariat|p2a: Sinistcha\n|-supereffective|p2a: Sinistcha|1\n|-damage|p2a: Sinistcha|57/100\n|move|p2b: Pelipper|Weather Ball|p1b: Incineroar\n|-supereffective|p1b: Incineroar|1\n|-crit|p1b: Incineroar\n|-damage|p1b: Incineroar|0 fnt\n|faint|p1b: Incineroar\n|\n|-weather|RainDance|[upkeep]\n|-heal|p2a: Sinistcha|63/100|[from] item: Leftovers\n|upkeep\n|\n|t:|1776595559\n|switch|p1b: Torkoal|Torkoal, L50, F|100/100\n|-weather|SunnyDay|[from] ability: Drought|[of] p1b: Torkoal\n|turn|3\n|\n|t:|1776595569\n|move|p2b: Pelipper|Wide Guard|p2b: Pelipper\n|-singleturn|p2b: Pelipper|Wide Guard\n|move|p1b: Torkoal|Eruption|p2a: Sinistcha|[spread] \n|-activate|p2a: Sinistcha|move: Wide Guard\n|-activate|p2b: Pelipper|move: Wide Guard\n|move|p1a: Farigiraf|Twin Beam|p2b: Pelipper\n|-damage|p2b: Pelipper|77/100\n|-damage|p2b: Pelipper|57/100\n|-hitcount|p2b: Pelipper|2\n|move|p2a: Sinistcha|Matcha Gotcha|p1b: Torkoal|[spread] p1b\n|-miss|p2a: Sinistcha|p1a: Farigiraf\n|-resisted|p1b: Torkoal|1\n|-damage|p1b: Torkoal|84/100\n|-heal|p2a: Sinistcha|71/100|[from] drain|[of] p1b: Torkoal\n|\n|-weather|SunnyDay|[upkeep]\n|-heal|p2a: Sinistcha|77/100|[from] item: Leftovers\n|upkeep\n|turn|4\n|inactive|jiren2026 has 30 seconds left.\n|\n|t:|1776595600\n|switch|p2a: Basculegion|Basculegion, L50, M, shiny|76/100\n|switch|p2b: Dragonite|Dragonite, L50, M, shiny|100/100\n|move|p1b: Torkoal|Flamethrower|p2a: Basculegion\n|-resisted|p2a: Basculegion|1\n|-damage|p2a: Basculegion|38/100\n|move|p1a: Farigiraf|Twin Beam|p2a: Basculegion\n|-damage|p2a: Basculegion|19/100\n|-damage|p2a: Basculegion|2/100\n|-hitcount|p2a: Basculegion|2\n|\n|-weather|SunnyDay|[upkeep]\n|upkeep\n|turn|5\n|\n|t:|1776595620\n|switch|p2a: Pelipper|Pelipper, L50, M|57/100\n|-weather|RainDance|[from] ability: Drizzle|[of] p2a: Pelipper\n|detailschange|p2b: Dragonite|Dragonite-Mega, L50, M, shiny\n|-mega|p2b: Dragonite|Dragonite|Dragoninite\n|move|p1b: Torkoal|Eruption|p2a: Pelipper|[spread] p2a,p2b\n|-resisted|p2a: Pelipper|1\n|-resisted|p2b: Dragonite|1\n|-damage|p2a: Pelipper|39/100\n|-damage|p2b: Dragonite|95/100\n|move|p1a: Farigiraf|Twin Beam|p2b: Dragonite\n|-damage|p2b: Dragonite|81/100\n|-damage|p2b: Dragonite|67/100\n|-hitcount|p2b: Dragonite|2\n|move|p2b: Dragonite|Hurricane|p1a: Farigiraf\n|-damage|p1a: Farigiraf|0 fnt\n|faint|p1a: Farigiraf\n|\n|-weather|RainDance|[upkeep]\n|-fieldend|move: Trick Room\n|upkeep\n|\n|t:|1776595639\n|switch|p1a: Camerupt|Camerupt, L50, M|100/100\n|turn|6\n|\n|t:|1776595648\n|detailschange|p1a: Camerupt|Camerupt-Mega, L50, M\n|-mega|p1a: Camerupt|Camerupt|Cameruptite\n|move|p2b: Dragonite|Dragon Pulse|p1b: Torkoal\n|-damage|p1b: Torkoal|20/100\n|move|p2a: Pelipper|Weather Ball|p1a: Camerupt\n|-supereffective|p1a: Camerupt|2\n|-damage|p1a: Camerupt|0 fnt\n|faint|p1a: Camerupt\n|move|p1b: Torkoal|Flamethrower|p2a: Pelipper\n|-resisted|p2a: Pelipper|1\n|-damage|p2a: Pelipper|24/100\n|\n|-weather|RainDance|[upkeep]\n|upkeep\n|turn|7\n|-message|Wo0oorthy forfeited.\n|\n|win|jiren2026\n|raw|Wo0oorthy's rating: 1336 &rarr; <strong>1310</strong><br />(-26 for losing)\n|raw|jiren2026's rating: 1236 &rarr; <strong>1268</strong><br />(+32 for winning)\n|l|\u2606Wo0oorthy\n|player|p1|\n",
  "uploadtime": 1776595664,
  "views": 17,
  "formatid": "gen9championsvgc2026regma",
  "rating": 1268,
  "private": 0,
  "password": null
}