{
  "id": "gen9championsvgc2026regma-2580633717",
  "format": "[Gen 9 Champions] VGC 2026 Reg M-A",
  "players": [
    "johnnyboywizard",
    "pokehehe"
  ],
  "log": "|j|\u2606johnnyboywizard\n|j|\u2606pokehehe\n|t:|1775919926\n|gametype|doubles\n|player|p1|johnnyboywizard|101|1098\n|player|p2|pokehehe|101|1000\n|gen|9\n|tier|[Gen 9 Champions] VGC 2026 Reg M-A\n|rated|\n|rule|Species Clause: Limit one of each Pok\u00e9mon\n|rule|Item Clause: Limit 1 of each item\n|clearpoke\n|poke|p1|Delphox, L50, M|\n|poke|p1|Garchomp, L50, F|\n|poke|p1|Whimsicott, L50, F|\n|poke|p1|Meowstic, L50, M|\n|poke|p1|Sneasler, L50, F|\n|poke|p1|Orthworm, L50, F|\n|poke|p2|Charizard, L50, M|\n|poke|p2|Gengar, L50, F|\n|poke|p2|Venusaur, L50, M|\n|poke|p2|Garchomp, L50, F|\n|poke|p2|Sinistcha, L50|\n|poke|p2|Aerodactyl, L50, F|\n|teampreview|4\npokehehe has agreed to open team sheets.\n|inactive|Battle timer is ON: inactive players will automatically lose when time's up. (requested by johnnyboywizard)\n|\n|t:|1775919997\n|teamsize|p1|4\n|teamsize|p2|4\n|start\n|switch|p1a: Garchomp|Garchomp, L50, F|100/100\n|switch|p1b: Whimsicott|Whimsicott, L50, F|100/100\n|switch|p2a: Charizard|Charizard, L50, M|100/100\n|switch|p2b: Aerodactyl|Aerodactyl, L50, F|100/100\n|turn|1\n|\n|t:|1775920018\n|switch|p2a: Garchomp|Garchomp, L50, F|100/100\n|move|p1b: Whimsicott|Tailwind|p1b: Whimsicott\n|-sidestart|p1: johnnyboywizard|move: Tailwind\n|move|p1a: Garchomp|Rock Slide|p2b: Aerodactyl|[spread] p2a,p2b\n|-resisted|p2a: Garchomp|1\n|-supereffective|p2b: Aerodactyl|1\n|-damage|p2a: Garchomp|90/100\n|-damage|p2b: Aerodactyl|39/100\n|cant|p2b: Aerodactyl|flinch\n|\n|upkeep\n|turn|2\n|\n|t:|1775920041\n|move|p2b: Aerodactyl|Protect|p2b: Aerodactyl\n|-singleturn|p2b: Aerodactyl|Protect\n|move|p1a: Garchomp|Rock Slide|p2b: Aerodactyl|[spread] p2a\n|-activate|p2b: Aerodactyl|move: Protect\n|-resisted|p2a: Garchomp|1\n|-damage|p2a: Garchomp|81/100\n|move|p1b: Whimsicott|Moonblast|p2a: Garchomp\n|-supereffective|p2a: Garchomp|1\n|-damage|p2a: Garchomp|0 fnt\n|faint|p2a: Garchomp\n|\n|upkeep\n|\n|t:|1775920053\n|switch|p2a: Gengar|Gengar, L50, F|100/100\n|turn|3\n|\n|t:|1775920064\n|detailschange|p2a: Gengar|Gengar-Mega, L50, F\n|-mega|p2a: Gengar|Gengar|Gengarite\n|move|p1b: Whimsicott|Encore|p2b: Aerodactyl\n|-start|p2b: Aerodactyl|Encore\n|move|p2b: Aerodactyl|Protect|p2b: Aerodactyl\n|-singleturn|p2b: Aerodactyl|Protect\n|move|p1a: Garchomp|Rock Slide|p2b: Aerodactyl|[spread] p2a\n|-activate|p2b: Aerodactyl|move: Protect\n|-damage|p2a: Gengar|67/100\n|move|p2a: Gengar|Shadow Ball|p1a: Garchomp\n|-damage|p1a: Garchomp|43/100\n|\n|upkeep\n|turn|4\n|\n|t:|1775920088\n|move|p2b: Aerodactyl|Protect||[still]\n|-fail|p2b: Aerodactyl\n|move|p1a: Garchomp|Rock Slide|p2a: Gengar|[spread] p2a,p2b\n|-supereffective|p2b: Aerodactyl|1\n|-damage|p2a: Gengar|33/100\n|-damage|p2b: Aerodactyl|0 fnt\n|faint|p2b: Aerodactyl\n|move|p1b: Whimsicott|Moonblast|p2a: Gengar\n|-resisted|p2a: Gengar|1\n|-damage|p2a: Gengar|6/100\n|move|p2a: Gengar|Sludge Wave|p1b: Whimsicott|[spread] p1a,p1b\n|-resisted|p1a: Garchomp|1\n|-supereffective|p1b: Whimsicott|2\n|-damage|p1a: Garchomp|16/100\n|-enditem|p1b: Whimsicott|Focus Sash\n|-damage|p1b: Whimsicott|1/100\n|\n|-sideend|p1: johnnyboywizard|move: Tailwind\n|upkeep\n|\n|t:|1775920093\n|switch|p2b: Charizard|Charizard, L50, M|100/100\n|turn|5\n|\n|t:|1775920114\n|move|p1b: Whimsicott|Tailwind|p1b: Whimsicott\n|-sidestart|p1: johnnyboywizard|move: Tailwind\n|move|p1a: Garchomp|Rock Slide|p2a: Gengar|[spread] p2a,p2b\n|-supereffective|p2b: Charizard|2\n|-damage|p2a: Gengar|0 fnt\n|-damage|p2b: Charizard|0 fnt\n|faint|p2a: Gengar\n|faint|p2b: Charizard\n|\n|win|johnnyboywizard\n|raw|johnnyboywizard's rating: 1098 &rarr; <strong>1116</strong><br />(+18 for winning)\n|raw|pokehehe's rating: 1000 &rarr; <strong>1000</strong><br />(+0 for losing)\n|l|\u2606pokehehe\n|player|p2|\n",
  "uploadtime": 1775920139,
  "views": 23,
  "formatid": "gen9championsvgc2026regma",
  "rating": 1000,
  "private": 0,
  "password": null
}