{
  "id": "gen9championsvgc2026regma-2588815513",
  "format": "[Gen 9 Champions] VGC 2026 Reg M-A",
  "players": [
    "saya315",
    "kodi777"
  ],
  "log": "|j|\u2606saya315\n|j|\u2606kodi777\n|t:|1776674288\n|gametype|doubles\n|player|p1|saya315|veteranf|1302\n|player|p2|kodi777|1|1208\n|gen|9\n|tier|[Gen 9 Champions] VGC 2026 Reg M-A\n|rated|\n|rule|Species Clause: Limit one of each Pok\u00e9mon\n|rule|Item Clause: Limit 1 of each item\n|clearpoke\n|poke|p1|Froslass, L50, F|\n|poke|p1|Basculegion, L50, M|\n|poke|p1|Farigiraf, L50, M|\n|poke|p1|Milotic, L50, F|\n|poke|p1|Aerodactyl, L50, M|\n|poke|p1|Sneasler, L50, M|\n|poke|p2|Farigiraf, L50, M, shiny|\n|poke|p2|Torkoal, L50, M, shiny|\n|poke|p2|Venusaur, L50, M|\n|poke|p2|Charizard, L50, M, shiny|\n|poke|p2|Garchomp, L50, M|\n|poke|p2|Basculegion, L50, M|\n|teampreview|4\n|inactive|Battle timer is ON: inactive players will automatically lose when time's up. (requested by saya315)\n|inactive|kodi777 has 60 seconds left.\n|\n|t:|1776674322\n|teamsize|p1|4\n|teamsize|p2|4\n|start\n|switch|p1a: Aerodactyl|Aerodactyl, L50, M|100/100\n|switch|p1b: Farigiraf|Farigiraf, L50, M|100/100\n|switch|p2a: Charizard|Charizard, L50, M, shiny|100/100\n|switch|p2b: Venusaur|Venusaur, L50, M|100/100\n|-ability|p1a: Aerodactyl|Unnerve\n|turn|1\n|inactive|kodi777 has 30 seconds left.\n|inactive|kodi777 has 20 seconds left.\n|inactive|kodi777 has 15 seconds left.\n|\n|t:|1776674366\n|switch|p2a: Torkoal|Torkoal, L50, M, shiny|100/100\n|-weather|SunnyDay|[from] ability: Drought|[of] p2a: Torkoal\n|switch|p1b: Milotic|Milotic, L50, F|100/100\n|move|p2b: Venusaur|Protect|p2b: Venusaur\n|-singleturn|p2b: Venusaur|Protect\n|move|p1a: Aerodactyl|Tailwind|p1a: Aerodactyl\n|-sidestart|p1: saya315|move: Tailwind\n|\n|-weather|SunnyDay|[upkeep]\n|upkeep\n|turn|2\n|inactive|kodi777 has 30 seconds left.\n|\n|t:|1776674392\n|switch|p2a: Farigiraf|Farigiraf, L50, M, shiny|100/100\n|move|p1a: Aerodactyl|Rock Slide|p2a: Farigiraf|[spread] p2a,p2b\n|-damage|p2a: Farigiraf|79/100\n|-damage|p2b: Venusaur|70/100\n|move|p2b: Venusaur|Leaf Storm|p1b: Milotic\n|-supereffective|p1b: Milotic|1\n|-damage|p1b: Milotic|26/100\n|-unboost|p2b: Venusaur|spa|2\n|move|p1b: Milotic|Scald|p2a: Farigiraf\n|-damage|p2a: Farigiraf|66/100\n|\n|-weather|SunnyDay|[upkeep]\n|-heal|p1b: Milotic|32/100|[from] item: Leftovers\n|upkeep\n|turn|3\n|inactive|saya315 has 30 seconds left.\n|\n|t:|1776674424\n|move|p2b: Venusaur|Protect|p2b: Venusaur\n|-singleturn|p2b: Venusaur|Protect\n|move|p1a: Aerodactyl|Dual Wingbeat|p2b: Venusaur\n|-activate|p2b: Venusaur|move: Protect\n|move|p1b: Milotic|Scald|p2a: Farigiraf\n|-damage|p2a: Farigiraf|52/100\n|move|p2a: Farigiraf|Trick Room|p2a: Farigiraf\n|-fieldstart|move: Trick Room|[of] p2a: Farigiraf\n|\n|-weather|SunnyDay|[upkeep]\n|-heal|p1b: Milotic|38/100|[from] item: Leftovers\n|upkeep\n|turn|4\n|\n|t:|1776674443\n|switch|p2b: Torkoal|Torkoal, L50, M, shiny|100/100\n|move|p2a: Farigiraf|Thunderbolt|p1b: Milotic\n|-supereffective|p1b: Milotic|1\n|-damage|p1b: Milotic|6/100\n|move|p1b: Milotic|Recover|p1b: Milotic\n|-heal|p1b: Milotic|56/100\n|move|p1a: Aerodactyl|Dual Wingbeat|p2b: Torkoal\n|-damage|p2b: Torkoal|86/100\n|-damage|p2b: Torkoal|71/100\n|-hitcount|p2b: Torkoal|2\n|\n|-weather|SunnyDay|[upkeep]\n|-heal|p1b: Milotic|62/100|[from] item: Leftovers\n|-sideend|p1: saya315|move: Tailwind\n|upkeep\n|turn|5\n|\n|t:|1776674461\n|move|p1b: Milotic|Protect|p1b: Milotic\n|-singleturn|p1b: Milotic|Protect\n|move|p2b: Torkoal|Eruption|p1b: Milotic|[spread] p1a\n|-activate|p1b: Milotic|move: Protect\n|-resisted|p1a: Aerodactyl|1\n|-damage|p1a: Aerodactyl|57/100\n|move|p2a: Farigiraf|Thunderbolt|p1a: Aerodactyl\n|-supereffective|p1a: Aerodactyl|1\n|-damage|p1a: Aerodactyl|0 fnt\n|faint|p1a: Aerodactyl\n|\n|-weather|none\n|-heal|p1b: Milotic|68/100|[from] item: Leftovers\n|upkeep\n|\n|t:|1776674473\n|switch|p1a: Froslass|Froslass, L50, F|100/100\n|turn|6\n|\n|t:|1776674488\n|detailschange|p1a: Froslass|Froslass-Mega, L50, F\n|-mega|p1a: Froslass|Froslass|Froslassite\n|-weather|Snowscape|[from] ability: Snow Warning|[of] p1a: Froslass\n|move|p1a: Froslass|Protect|p1a: Froslass\n|-singleturn|p1a: Froslass|Protect\n|move|p2b: Torkoal|Eruption|p1a: Froslass|[spread] p1b\n|-activate|p1a: Froslass|move: Protect\n|-resisted|p1b: Milotic|1\n|-damage|p1b: Milotic|57/100\n|move|p2a: Farigiraf|Psychic|p1a: Froslass\n|-activate|p1a: Froslass|move: Protect\n|move|p1b: Milotic|Scald|p2b: Torkoal\n|-supereffective|p2b: Torkoal|1\n|-damage|p2b: Torkoal|0 fnt\n|faint|p2b: Torkoal\n|\n|-weather|Snowscape|[upkeep]\n|-heal|p1b: Milotic|63/100|[from] item: Leftovers\n|upkeep\n|\n|t:|1776674498\n|switch|p2b: Charizard|Charizard, L50, M, shiny|100/100\n|turn|7\n|\n|t:|1776674513\n|detailschange|p2b: Charizard|Charizard-Mega-Y, L50, M, shiny\n|-mega|p2b: Charizard|Charizard|Charizardite Y\n|-weather|SunnyDay|[from] ability: Drought|[of] p2b: Charizard\n|move|p2a: Farigiraf|Thunderbolt|p1a: Froslass\n|-damage|p1a: Froslass|70/100\n|-status|p1a: Froslass|par\n|move|p1a: Froslass|Blizzard|p2b: Charizard|[spread] p2a\n|-miss|p1a: Froslass|p2b: Charizard\n|-damage|p2a: Farigiraf|1/100\n|-enditem|p2a: Farigiraf|Sitrus Berry|[eat]\n|-heal|p2a: Farigiraf|26/100|[from] item: Sitrus Berry\n|move|p1b: Milotic|Scald|p2b: Charizard\n|-supereffective|p2b: Charizard|1\n|-damage|p2b: Charizard|72/100\n|move|p2b: Charizard|Heat Wave|p1a: Froslass|[spread] p1a\n|-miss|p2b: Charizard|p1b: Milotic\n|-supereffective|p1a: Froslass|1\n|-damage|p1a: Froslass|0 fnt\n|faint|p1a: Froslass\n|\n|-weather|SunnyDay|[upkeep]\n|-heal|p1b: Milotic|69/100|[from] item: Leftovers\n|-fieldend|move: Trick Room\n|upkeep\n|\n|t:|1776674528\n|switch|p1a: Farigiraf|Farigiraf, L50, M|100/100\n|turn|8\n|\n|t:|1776674548\n|move|p2a: Farigiraf|Protect|p2a: Farigiraf\n|-singleturn|p2a: Farigiraf|Protect\n|move|p2b: Charizard|Solar Beam||[still]\n|-prepare|p2b: Charizard|Solar Beam\n|-anim|p2b: Charizard|Solar Beam|p1b: Milotic\n|-supereffective|p1b: Milotic|1\n|-damage|p1b: Milotic|12/100\n|move|p1b: Milotic|Scald|p2b: Charizard\n|-supereffective|p2b: Charizard|1\n|-damage|p2b: Charizard|48/100\n|move|p1a: Farigiraf|Imprison|p1a: Farigiraf\n|-start|p1a: Farigiraf|move: Imprison\n|\n|-weather|SunnyDay|[upkeep]\n|-heal|p1b: Milotic|18/100|[from] item: Leftovers\n|upkeep\n|turn|9\n|\n|t:|1776674566\n|move|p1b: Milotic|Protect|p1b: Milotic\n|-singleturn|p1b: Milotic|Protect\n|move|p2b: Charizard|Heat Wave|p1a: Farigiraf|[spread] p1a\n|-activate|p1b: Milotic|move: Protect\n|-damage|p1a: Farigiraf|45/100\n|-enditem|p1a: Farigiraf|Sitrus Berry|[eat]\n|-heal|p1a: Farigiraf|70/100|[from] item: Sitrus Berry\n|move|p2a: Farigiraf|Thunderbolt|p1b: Milotic\n|-activate|p1b: Milotic|move: Protect\n|move|p1a: Farigiraf|Trick Room|p1a: Farigiraf\n|-fieldstart|move: Trick Room|[of] p1a: Farigiraf\n|\n|-weather|SunnyDay|[upkeep]\n|-heal|p1b: Milotic|24/100|[from] item: Leftovers\n|upkeep\n|turn|10\n|\n|t:|1776674586\n|switch|p2b: Venusaur|Venusaur, L50, M|70/100\n|move|p2a: Farigiraf|Thunderbolt|p1b: Milotic\n|-supereffective|p1b: Milotic|1\n|-damage|p1b: Milotic|0 fnt\n|faint|p1b: Milotic\n|move|p1a: Farigiraf|Psychic|p2b: Venusaur\n|-supereffective|p2b: Venusaur|1\n|-damage|p2b: Venusaur|9/100\n|\n|-weather|SunnyDay|[upkeep]\n|upkeep\n|turn|11\n|\n|t:|1776674609\n|move|p2a: Farigiraf|Thunderbolt|p1a: Farigiraf\n|-damage|p1a: Farigiraf|46/100\n|move|p1a: Farigiraf|Psychic|p2b: Venusaur\n|-supereffective|p2b: Venusaur|1\n|-damage|p2b: Venusaur|0 fnt\n|faint|p2b: Venusaur\n|\n|-weather|none\n|upkeep\n|\n|t:|1776674614\n|switch|p2b: Charizard|Charizard-Mega-Y, L50, M, shiny|48/100\n|-weather|SunnyDay|[from] ability: Drought|[of] p2b: Charizard\n|turn|12\n|\n|t:|1776674632\n|move|p2a: Farigiraf|Thunderbolt|p1a: Farigiraf\n|-damage|p1a: Farigiraf|25/100\n|move|p1a: Farigiraf|Psychic|p2b: Charizard\n|-crit|p2b: Charizard\n|-damage|p2b: Charizard|0 fnt\n|faint|p2b: Charizard\n|\n|-weather|SunnyDay|[upkeep]\n|upkeep\n|turn|13\n|\n|t:|1776674644\n|move|p2a: Farigiraf|Thunderbolt|p1a: Farigiraf\n|-damage|p1a: Farigiraf|1/100\n|move|p1a: Farigiraf|Psychic|p2a: Farigiraf\n|-resisted|p2a: Farigiraf|1\n|-damage|p2a: Farigiraf|9/100\n|\n|-weather|SunnyDay|[upkeep]\n|-fieldend|move: Trick Room\n|upkeep\n|turn|14\n|\n|t:|1776674653\n|move|p1a: Farigiraf|Psychic|p2a: Farigiraf\n|-resisted|p2a: Farigiraf|1\n|-damage|p2a: Farigiraf|0 fnt\n|faint|p2a: Farigiraf\n|\n|win|saya315\n|raw|saya315's rating: 1302 &rarr; <strong>1317</strong><br />(+15 for winning)\n|raw|kodi777's rating: 1208 &rarr; <strong>1190</strong><br />(-18 for losing)\n|l|\u2606kodi777\n|player|p2|\n",
  "uploadtime": 1776674672,
  "views": 17,
  "formatid": "gen9championsvgc2026regma",
  "rating": 1190,
  "private": 0,
  "password": null
}