{
  "id": "gen9championsvgc2026regma-2580453720",
  "format": "[Gen 9 Champions] VGC 2026 Reg M-A",
  "players": [
    "Corta",
    "23456789XB"
  ],
  "log": "|j|\u2606Corta\n|j|\u260623456789XB\n|t:|1775898915\n|gametype|doubles\n|player|p1|Corta|170|1000\n|player|p2|23456789XB|cynthia|1070\n|gen|9\n|tier|[Gen 9 Champions] VGC 2026 Reg M-A\n|rated|\n|rule|Species Clause: Limit one of each Pok\u00e9mon\n|rule|Item Clause: Limit 1 of each item\n|clearpoke\n|poke|p1|Charizard, L50, M|\n|poke|p1|Maushold, L50|\n|poke|p1|Sneasler, L50, F|\n|poke|p1|Dragapult, L50, F|\n|poke|p1|Garchomp, L50, M|\n|poke|p1|Incineroar, L50, F|\n|poke|p2|Gengar, L50, M|\n|poke|p2|Typhlosion-Hisui, L50, F|\n|poke|p2|Whimsicott, L50, F|\n|poke|p2|Incineroar, L50, F|\n|poke|p2|Gardevoir, L50, M|\n|poke|p2|Farigiraf, L50, F|\n|teampreview|4\n|inactive|Battle timer is ON: inactive players will automatically lose when time's up. (requested by 23456789XB)\n|inactive|Corta has 60 seconds left.\n|inactive|23456789XB has 60 seconds left.\n|\n|t:|1775898957\n|teamsize|p1|4\n|teamsize|p2|4\n|start\n|switch|p1a: Charizard|Charizard, L50, M|100/100\n|switch|p1b: Maushold|Maushold, L50|100/100\n|switch|p2a: Typhlosion|Typhlosion-Hisui, L50, F|100/100\n|switch|p2b: Whimsicott|Whimsicott, L50, F|100/100\n|turn|1\n|\n|t:|1775898969\n|detailschange|p1a: Charizard|Charizard-Mega-Y, L50, M\n|-mega|p1a: Charizard|Charizard|Charizardite Y\n|-weather|SunnyDay|[from] ability: Drought|[of] p1a: Charizard\n|move|p1b: Maushold|Follow Me|p1b: Maushold\n|-singleturn|p1b: Maushold|move: Follow Me\n|move|p2b: Whimsicott|Tailwind|p2b: Whimsicott\n|-sidestart|p2: 23456789XB|move: Tailwind\n|move|p2a: Typhlosion|Eruption|p1a: Charizard|[spread] p1a,p1b\n|-resisted|p1a: Charizard|1\n|-damage|p1a: Charizard|70/100\n|-damage|p1b: Maushold|0 fnt\n|faint|p1b: Maushold\n|move|p1a: Charizard|Heat Wave|p2b: Whimsicott|[spread] p2a,p2b\n|-resisted|p2a: Typhlosion|1\n|-supereffective|p2b: Whimsicott|1\n|-damage|p2a: Typhlosion|58/100\n|-enditem|p2b: Whimsicott|Focus Sash\n|-damage|p2b: Whimsicott|1/100\n|\n|-weather|SunnyDay|[upkeep]\n|upkeep\n|\n|t:|1775898986\n|switch|p1b: Incineroar|Incineroar, L50, F|100/100\n|-ability|p1b: Incineroar|Intimidate|boost\n|-unboost|p2a: Typhlosion|atk|1\n|-unboost|p2b: Whimsicott|atk|1\n|turn|2\n|\n|t:|1775898998\n|switch|p2b: Incineroar|Incineroar, L50, F|100/100\n|-ability|p2b: Incineroar|Intimidate|boost\n|-unboost|p1a: Charizard|atk|1\n|-unboost|p1b: Incineroar|atk|1\n|move|p1b: Incineroar|Fake Out|p2b: Incineroar\n|-damage|p2b: Incineroar|95/100\n|move|p2a: Typhlosion|Eruption|p1b: Incineroar|[spread] p1a,p1b\n|-resisted|p1a: Charizard|1\n|-resisted|p1b: Incineroar|1\n|-damage|p1a: Charizard|46/100\n|-damage|p1b: Incineroar|80/100\n|move|p1a: Charizard|Heat Wave|p2a: Typhlosion|[spread] p2a,p2b\n|-resisted|p2a: Typhlosion|1\n|-resisted|p2b: Incineroar|1\n|-damage|p2a: Typhlosion|13/100\n|-damage|p2b: Incineroar|67/100\n|\n|-weather|SunnyDay|[upkeep]\n|upkeep\n|turn|3\n|\n|t:|1775899021\n|move|p2a: Typhlosion|Eruption|p1a: Charizard|[spread] p1a,p1b\n|-resisted|p1a: Charizard|1\n|-resisted|p1b: Incineroar|1\n|-damage|p1a: Charizard|40/100\n|-damage|p1b: Incineroar|74/100\n|move|p2b: Incineroar|Darkest Lariat|p1a: Charizard\n|-damage|p1a: Charizard|0 fnt\n|faint|p1a: Charizard\n|move|p1b: Incineroar|Parting Shot|p2b: Incineroar\n|-unboost|p2b: Incineroar|atk|1\n|-unboost|p2b: Incineroar|spa|1\n|\n|t:|1775899029\n|switch|p1b: Dragapult|Dragapult, L50, F|100/100|[from] Parting Shot\n|\n|-weather|SunnyDay|[upkeep]\n|upkeep\n|\n|t:|1775899031\n|switch|p1a: Incineroar|Incineroar, L50, F|74/100\n|-ability|p1a: Incineroar|Intimidate|boost\n|-unboost|p2a: Typhlosion|atk|1\n|-unboost|p2b: Incineroar|atk|1\n|turn|4\n|\n|t:|1775899052\n|move|p1a: Incineroar|Fake Out|p2b: Incineroar\n|-damage|p2b: Incineroar|58/100\n|move|p2a: Typhlosion|Eruption|p1b: Dragapult|[spread] p1a,p1b\n|-resisted|p1a: Incineroar|1\n|-resisted|p1b: Dragapult|1\n|-damage|p1a: Incineroar|68/100\n|-damage|p1b: Dragapult|89/100\n|move|p1b: Dragapult|Shadow Ball|p2b: Incineroar\n|-resisted|p2b: Incineroar|1\n|-damage|p2b: Incineroar|45/100\n|cant|p2b: Incineroar|flinch\n|\n|-weather|SunnyDay|[upkeep]\n|-sideend|p2: 23456789XB|move: Tailwind\n|upkeep\n|turn|5\n|\n|t:|1775899068\n|move|p2a: Typhlosion|Eruption|p1a: Incineroar|[spread] p1a,p1b\n|-resisted|p1a: Incineroar|1\n|-resisted|p1b: Dragapult|1\n|-crit|p1b: Dragapult\n|-damage|p1a: Incineroar|62/100\n|-damage|p1b: Dragapult|73/100\n|move|p1b: Dragapult|Shadow Ball|p2b: Incineroar\n|-resisted|p2b: Incineroar|1\n|-damage|p2b: Incineroar|32/100\n|move|p1a: Incineroar|Flare Blitz|p2b: Incineroar\n|-resisted|p2b: Incineroar|1\n|-damage|p2b: Incineroar|4/100\n|-damage|p1a: Incineroar|53/100|[from] Recoil\n|move|p2b: Incineroar|Darkest Lariat|p1b: Dragapult\n|-supereffective|p1b: Dragapult|1\n|-damage|p1b: Dragapult|24/100\n|\n|-weather|none\n|upkeep\n|turn|6\n|inactive|Corta has 30 seconds left.\n|\n|t:|1775899094\n|move|p2a: Typhlosion|Eruption|p1a: Incineroar|[spread] p1a,p1b\n|-resisted|p1a: Incineroar|1\n|-resisted|p1b: Dragapult|1\n|-damage|p1a: Incineroar|48/100\n|-damage|p1b: Dragapult|16/100\n|move|p1b: Dragapult|Shadow Ball|p2b: Incineroar\n|-resisted|p2b: Incineroar|1\n|-damage|p2b: Incineroar|0 fnt\n|faint|p2b: Incineroar\n|move|p1a: Incineroar|Darkest Lariat|p2a: Typhlosion\n|-supereffective|p2a: Typhlosion|1\n|-damage|p2a: Typhlosion|0 fnt\n|faint|p2a: Typhlosion\n|\n|upkeep\n|\n|t:|1775899097\n|switch|p2a: Whimsicott|Whimsicott, L50, F|1/100\n|switch|p2b: Gardevoir|Gardevoir, L50, M|100/100\n|-ability|p2b: Gardevoir|Infiltrator|Trace|[from] ability: Trace|[of] p1b: Dragapult\n|turn|7\n|\n|t:|1775899108\n|detailschange|p2b: Gardevoir|Gardevoir-Mega, L50, M\n|-mega|p2b: Gardevoir|Gardevoir|Gardevoirite\n|move|p2a: Whimsicott|Tailwind|p2a: Whimsicott\n|-sidestart|p2: 23456789XB|move: Tailwind\n|move|p2b: Gardevoir|Hyper Voice|p1b: Dragapult|[spread] p1a,p1b\n|-crit|p1a: Incineroar\n|-supereffective|p1b: Dragapult|1\n|-damage|p1a: Incineroar|0 fnt\n|-damage|p1b: Dragapult|0 fnt\n|faint|p1a: Incineroar\n|faint|p1b: Dragapult\n|\n|win|23456789XB\n|raw|Corta's rating: 1000 &rarr; <strong>1000</strong><br />(+0 for losing)\n|raw|23456789XB's rating: 1070 &rarr; <strong>1094</strong><br />(+24 for winning)\n|l|\u2606Corta\n|player|p1|\n",
  "uploadtime": 1775899121,
  "views": 24,
  "formatid": "gen9championsvgc2026regma",
  "rating": 1000,
  "private": 0,
  "password": null
}