{
  "id": "gen9championsvgc2026regma-2585299626",
  "format": "[Gen 9 Champions] VGC 2026 Reg M-A",
  "players": [
    "ascasf",
    "Daxavoga"
  ],
  "log": "|j|\u2606ascasf\n|j|\u2606Daxavoga\n|t:|1776335329\n|gametype|doubles\n|player|p1|ascasf|266|1139\n|player|p2|Daxavoga|guitarist-gen4|1065\n|gen|9\n|tier|[Gen 9 Champions] VGC 2026 Reg M-A\n|rated|\n|rule|Species Clause: Limit one of each Pok\u00e9mon\n|rule|Item Clause: Limit 1 of each item\n|clearpoke\n|poke|p1|Froslass, L50, F|\n|poke|p1|Whimsicott, L50, F|\n|poke|p1|Aerodactyl, L50, F|\n|poke|p1|Basculegion, L50, M|\n|poke|p1|Kingambit, L50, M|\n|poke|p1|Sneasler, L50, F|\n|poke|p2|Crabominable, L50, M|\n|poke|p2|Farigiraf, L50, F|\n|poke|p2|Kingambit, L50, F|\n|poke|p2|Sinistcha, L50|\n|poke|p2|Primarina, L50, F|\n|poke|p2|Floette-Eternal, L50, F|\n|teampreview|4\n|inactive|Battle timer is ON: inactive players will automatically lose when time's up. (requested by Daxavoga)\n|\n|t:|1776335369\n|teamsize|p1|4\n|teamsize|p2|4\n|start\n|switch|p1a: Froslass|Froslass, L50, F|100/100\n|switch|p1b: Kingambit|Kingambit, L50, M|100/100\n|switch|p2a: Primarina|Primarina, L50, F|100/100\n|switch|p2b: Kingambit|Kingambit, L50, F|100/100\n|turn|1\n|inactive|ascasf has 30 seconds left.\n|\n|t:|1776335404\n|move|p1a: Froslass|Protect|p1a: Froslass\n|-singleturn|p1a: Froslass|Protect\n|move|p2a: Primarina|Hyper Voice|p1b: Kingambit|[spread] p1b\n|-activate|p1a: Froslass|move: Protect\n|-damage|p1b: Kingambit|65/100\n|move|p1b: Kingambit|Iron Head|p2a: Primarina\n|-damage|p2a: Primarina|38/100\n|move|p2b: Kingambit|Kowtow Cleave|p1a: Froslass\n|-activate|p1a: Froslass|move: Protect\n|\n|-heal|p2a: Primarina|44/100|[from] item: Leftovers\n|upkeep\n|turn|2\n|l|\u2606Daxavoga\n|inactive|Daxavoga disconnected and has a minute to reconnect!\n|player|p2|\n|inactive|Daxavoga has 30 seconds left.\n|inactive|Daxavoga has 20 seconds left.\n|j|\u2606Daxavoga\n|inactive|Daxavoga reconnected and has 20 seconds left.\n|player|p2|Daxavoga|guitarist-gen4|\n|inactive|Daxavoga has 15 seconds left.\n|\n|t:|1776335446\n|switch|p1a: Sneasler|Sneasler, L50, F|100/100\n|move|p2a: Primarina|Protect|p2a: Primarina\n|-singleturn|p2a: Primarina|Protect\n|move|p2b: Kingambit|Kowtow Cleave|p1a: Sneasler\n|-resisted|p1a: Sneasler|1\n|-crit|p1a: Sneasler\n|-damage|p1a: Sneasler|19/100\n|move|p1b: Kingambit|Iron Head|p2a: Primarina\n|-activate|p2a: Primarina|move: Protect\n|\n|-heal|p2a: Primarina|50/100|[from] item: Leftovers\n|upkeep\n|turn|3\n|\n|t:|1776335465\n|switch|p2a: Farigiraf|Farigiraf, L50, F|100/100\n|move|p1a: Sneasler|Close Combat|p2b: Kingambit\n|-supereffective|p2b: Kingambit|2\n|-damage|p2b: Kingambit|0 fnt\n|-unboost|p1a: Sneasler|def|1\n|-unboost|p1a: Sneasler|spd|1\n|faint|p2b: Kingambit\n|move|p1b: Kingambit|Iron Head|p2a: Farigiraf\n|-damage|p2a: Farigiraf|60/100\n|\n|upkeep\n|\n|t:|1776335474\n|switch|p2b: Crabominable|Crabominable, L50, M|100/100\n|turn|4\n|\n|t:|1776335482\n|detailschange|p2b: Crabominable|Crabominable-Mega, L50, M\n|-mega|p2b: Crabominable|Crabominable|Crabominite\n|move|p2b: Crabominable|Protect|p2b: Crabominable\n|-singleturn|p2b: Crabominable|Protect\n|move|p1a: Sneasler|U-turn|p2a: Farigiraf\n|-supereffective|p2a: Farigiraf|1\n|-damage|p2a: Farigiraf|12/100\n|\n|t:|1776335489\n|switch|p1a: Froslass|Froslass, L50, F|100/100|[from] U-turn\n|move|p1b: Kingambit|Kowtow Cleave|p2a: Farigiraf\n|-supereffective|p2a: Farigiraf|1\n|-enditem|p2a: Farigiraf|Colbur Berry|[eat]\n|-enditem|p2a: Farigiraf|Colbur Berry|[weaken]\n|-damage|p2a: Farigiraf|0 fnt\n|faint|p2a: Farigiraf\n|\n|upkeep\n|\n|t:|1776335497\n|switch|p2a: Primarina|Primarina, L50, F|50/100\n|turn|5\n|\n|t:|1776335519\n|detailschange|p1a: Froslass|Froslass-Mega, L50, F\n|-mega|p1a: Froslass|Froslass|Froslassite\n|-weather|Snowscape|[from] ability: Snow Warning|[of] p1a: Froslass\n|move|p1a: Froslass|Aurora Veil|p1a: Froslass\n|-sidestart|p1: ascasf|move: Aurora Veil\n|move|p2a: Primarina|Hyper Voice|p1b: Kingambit|[spread] p1a,p1b\n|-damage|p1a: Froslass|72/100\n|-damage|p1b: Kingambit|42/100\n|move|p1b: Kingambit|Iron Head|p2b: Crabominable\n|-supereffective|p2b: Crabominable|1\n|-damage|p2b: Crabominable|52/100\n|move|p2b: Crabominable|Thunder Punch|p1a: Froslass\n|-damage|p1a: Froslass|46/100\n|\n|-weather|Snowscape|[upkeep]\n|-heal|p2a: Primarina|56/100|[from] item: Leftovers\n|upkeep\n|turn|6\n|\n|t:|1776335538\n|move|p1a: Froslass|Shadow Ball|p2a: Primarina\n|-damage|p2a: Primarina|16/100\n|move|p2a: Primarina|Hyper Voice|p1a: Froslass|[spread] p1a,p1b\n|-damage|p1a: Froslass|16/100\n|-damage|p1b: Kingambit|17/100\n|move|p1b: Kingambit|Iron Head|p2b: Crabominable\n|-supereffective|p2b: Crabominable|1\n|-damage|p2b: Crabominable|10/100\n|move|p2b: Crabominable|Thunder Punch|p1a: Froslass\n|-damage|p1a: Froslass|0 fnt\n|faint|p1a: Froslass\n|\n|-weather|Snowscape|[upkeep]\n|-heal|p2a: Primarina|22/100|[from] item: Leftovers\n|upkeep\n|\n|t:|1776335554\n|switch|p1a: Whimsicott|Whimsicott, L50, F|100/100\n|turn|7\n|\n|t:|1776335569\n|move|p1a: Whimsicott|Moonblast|p2b: Crabominable\n|-supereffective|p2b: Crabominable|1\n|-damage|p2b: Crabominable|0 fnt\n|faint|p2b: Crabominable\n|move|p2a: Primarina|Moonblast|p1b: Kingambit\n|-damage|p1b: Kingambit|0 fnt\n|faint|p1b: Kingambit\n|\n|-weather|Snowscape|[upkeep]\n|-heal|p2a: Primarina|28/100|[from] item: Leftovers\n|upkeep\n|\n|t:|1776335579\n|switch|p1b: Sneasler|Sneasler, L50, F|19/100\n|turn|8\n|\n|t:|1776335591\n|move|p1b: Sneasler|Dire Claw|p2a: Primarina\n|-supereffective|p2a: Primarina|1\n|-damage|p2a: Primarina|0 fnt\n|faint|p2a: Primarina\n|\n|win|ascasf\n|raw|ascasf's rating: 1139 &rarr; <strong>1159</strong><br />(+20 for winning)\n|raw|Daxavoga's rating: 1065 &rarr; <strong>1049</strong><br />(-16 for losing)\n|l|\u2606Daxavoga\n|player|p2|\n",
  "uploadtime": 1776335601,
  "views": 32,
  "formatid": "gen9championsvgc2026regma",
  "rating": 1049,
  "private": 0,
  "password": null
}