{
  "id": "gen9championsvgc2026regma-2588674359",
  "format": "[Gen 9 Champions] VGC 2026 Reg M-A",
  "players": [
    "Sublamb",
    "raparent3"
  ],
  "log": "|j|\u2606Sublamb\n|j|\u2606raparent3\n|t:|1776656348\n|gametype|doubles\n|player|p1|Sublamb|266|1452\n|player|p2|raparent3|1|1448\n|gen|9\n|tier|[Gen 9 Champions] VGC 2026 Reg M-A\n|rated|\n|rule|Species Clause: Limit one of each Pok\u00e9mon\n|rule|Item Clause: Limit 1 of each item\n|clearpoke\n|poke|p1|Basculegion, L50, M|\n|poke|p1|Gyarados, L50, F|\n|poke|p1|Archaludon, L50, F|\n|poke|p1|Milotic, L50, M|\n|poke|p1|Banette, L50, M|\n|poke|p1|Sinistcha, L50|\n|poke|p2|Milotic, L50, F|\n|poke|p2|Gengar, L50, M|\n|poke|p2|Hydreigon, L50, M|\n|poke|p2|Sneasler, L50, M|\n|poke|p2|Meganium, L50, M|\n|poke|p2|Incineroar, L50, F|\n|teampreview|4\n|inactive|Battle timer is ON: inactive players will automatically lose when time's up. (requested by raparent3)\n|inactive|raparent3 has 60 seconds left.\n|\n|t:|1776656394\n|teamsize|p1|4\n|teamsize|p2|4\n|start\n|switch|p1a: Milotic|Milotic, L50, M|100/100\n|switch|p1b: Banette|Banette, L50, M|100/100\n|switch|p2a: Milotic|Milotic, L50, F|100/100\n|switch|p2b: Hydreigon|Hydreigon, L50, M|100/100\n|-item|p2a: Milotic|Leftovers|[from] ability: Frisk|[of] p1b: Banette\n|-item|p2b: Hydreigon|Choice Scarf|[from] ability: Frisk|[of] p1b: Banette\n|turn|1\n|inactive|Sublamb has 30 seconds left.\n|\n|t:|1776656429\n|switch|p1b: Archaludon|Archaludon, L50, F|100/100\n|move|p1a: Milotic|Dragon Pulse|p2b: Hydreigon\n|-supereffective|p2b: Hydreigon|1\n|-damage|p2b: Hydreigon|46/100\n|move|p2b: Hydreigon|Draco Meteor|p1b: Archaludon|[miss]\n|-miss|p2b: Hydreigon|p1b: Archaludon\n|move|p2a: Milotic|Muddy Water|p1a: Milotic|[spread] p1a,p1b\n|-resisted|p1a: Milotic|1\n|-resisted|p1b: Archaludon|1\n|-damage|p1a: Milotic|90/100\n|-damage|p1b: Archaludon|87/100\n|-unboost|p1b: Archaludon|accuracy|1\n|-ability|p1b: Archaludon|Stamina|boost\n|-boost|p1b: Archaludon|def|1\n|\n|-heal|p1b: Archaludon|93/100|[from] item: Leftovers\n|upkeep\n|turn|2\n|inactive|raparent3 has 30 seconds left.\n|\n|t:|1776656456\n|switch|p2b: Sneasler|Sneasler, L50, M|100/100\n|move|p1b: Archaludon|Protect|p1b: Archaludon\n|-singleturn|p1b: Archaludon|Protect\n|move|p1a: Milotic|Dragon Pulse|p2b: Sneasler\n|-damage|p2b: Sneasler|67/100\n|move|p2a: Milotic|Muddy Water|p1b: Archaludon|[spread] p1a\n|-activate|p1b: Archaludon|move: Protect\n|-resisted|p1a: Milotic|1\n|-damage|p1a: Milotic|80/100\n|\n|-heal|p1b: Archaludon|99/100|[from] item: Leftovers\n|upkeep\n|turn|3\n|inactive|Sublamb has 30 seconds left.\n|\n|t:|1776656484\n|move|p2b: Sneasler|Fake Out|p1a: Milotic\n|-damage|p1a: Milotic|60/100\n|cant|p1a: Milotic|flinch\n|move|p1b: Archaludon|Dragon Pulse|p2b: Sneasler\n|-damage|p2b: Sneasler|5/100\n|move|p2a: Milotic|Haze|p2a: Milotic\n|-clearallboost\n|\n|-heal|p1b: Archaludon|100/100|[from] item: Leftovers\n|upkeep\n|turn|4\n|\n|t:|1776656505\n|switch|p1b: Sinistcha|Sinistcha, L50|100/100\n|-heal|p1a: Milotic|85/100|[from] ability: Hospitality|[of] p1b: Sinistcha\n|move|p1a: Milotic|Dragon Pulse|p2b: Sneasler\n|-damage|p2b: Sneasler|0 fnt\n|faint|p2b: Sneasler\n|move|p2a: Milotic|Muddy Water|p1b: Sinistcha|[spread] p1a,p1b\n|-resisted|p1a: Milotic|1\n|-resisted|p1b: Sinistcha|1\n|-damage|p1a: Milotic|74/100\n|-damage|p1b: Sinistcha|89/100\n|-unboost|p1a: Milotic|accuracy|1\n|-ability|p1a: Milotic|Competitive|boost\n|-boost|p1a: Milotic|spa|2\n|-unboost|p1b: Sinistcha|accuracy|1\n|\n|upkeep\n|\n|t:|1776656511\n|switch|p2b: Meganium|Meganium, L50, M|100/100\n|turn|5\n|\n|t:|1776656531\n|detailschange|p2b: Meganium|Meganium-Mega, L50, M\n|-mega|p2b: Meganium|Meganium|Meganiumite\n|move|p1a: Milotic|Dragon Pulse|p2b: Meganium\n|-immune|p2b: Meganium\n|move|p2a: Milotic|Muddy Water|p1a: Milotic|[spread] p1a\n|-miss|p2a: Milotic|p1b: Sinistcha\n|-resisted|p1a: Milotic|1\n|-damage|p1a: Milotic|63/100\n|move|p2b: Meganium|Weather Ball|p1a: Milotic\n|-resisted|p1a: Milotic|1\n|-damage|p1a: Milotic|39/100\n|move|p1b: Sinistcha|Matcha Gotcha|p2b: Meganium|[spread] \n|-miss|p1b: Sinistcha|p2a: Milotic\n|-miss|p1b: Sinistcha|p2b: Meganium\n|\n|upkeep\n|turn|6\n|\n|t:|1776656552\n|move|p1a: Milotic|Dragon Pulse|p2a: Milotic\n|-damage|p2a: Milotic|62/100\n|move|p2a: Milotic|Muddy Water|p1b: Sinistcha|[spread] p1a,p1b\n|-resisted|p1a: Milotic|1\n|-resisted|p1b: Sinistcha|1\n|-damage|p1a: Milotic|27/100\n|-damage|p1b: Sinistcha|78/100\n|-unboost|p1a: Milotic|accuracy|1\n|-ability|p1a: Milotic|Competitive|boost\n|-boost|p1a: Milotic|spa|2\n|move|p2b: Meganium|Weather Ball|p1b: Sinistcha\n|-supereffective|p1b: Sinistcha|1\n|-damage|p1b: Sinistcha|0 fnt\n|faint|p1b: Sinistcha\n|\n|-heal|p2a: Milotic|69/100|[from] item: Leftovers\n|upkeep\n|\n|t:|1776656569\n|switch|p1b: Banette|Banette, L50, M|100/100\n|-item|p2a: Milotic|Leftovers|[from] ability: Frisk|[of] p1b: Banette\n|-item|p2b: Meganium|Meganiumite|[from] ability: Frisk|[of] p1b: Banette\n|turn|7\n|\n|t:|1776656581\n|detailschange|p1b: Banette|Banette-Mega, L50, M\n|-mega|p1b: Banette|Banette|Banettite\n|move|p2a: Milotic|Protect|p2a: Milotic\n|-singleturn|p2a: Milotic|Protect\n|move|p1a: Milotic|Dragon Pulse|p2a: Milotic\n|-activate|p2a: Milotic|move: Protect\n|move|p1b: Banette|Poltergeist|p2b: Meganium\n|-activate|p2b: Meganium|move: Poltergeist|Meganiumite\n|-damage|p2b: Meganium|47/100\n|move|p2b: Meganium|Solar Beam||[still]\n|-prepare|p2b: Meganium|Solar Beam\n|-activate|p2b: Meganium|ability: Mega Sol\n|-anim|p2b: Meganium|Solar Beam|p1a: Milotic\n|-supereffective|p1a: Milotic|1\n|-damage|p1a: Milotic|0 fnt\n|faint|p1a: Milotic\n|\n|-heal|p2a: Milotic|75/100|[from] item: Leftovers\n|upkeep\n|\n|t:|1776656598\n|switch|p1a: Archaludon|Archaludon, L50, F|100/100\n|turn|8\n|\n|t:|1776656604\n|switch|p2a: Hydreigon|Hydreigon, L50, M|46/100\n|move|p2b: Meganium|Protect|p2b: Meganium\n|-singleturn|p2b: Meganium|Protect\n|move|p1b: Banette|Rain Dance|p1b: Banette\n|-weather|RainDance\n|move|p1a: Archaludon|Electro Shot||[still]\n|-prepare|p1a: Archaludon|Electro Shot\n|-boost|p1a: Archaludon|spa|1\n|-anim|p1a: Archaludon|Electro Shot|p2a: Hydreigon\n|-resisted|p2a: Hydreigon|1\n|-damage|p2a: Hydreigon|10/100\n|\n|-weather|RainDance|[upkeep]\n|upkeep\n|turn|9\n|inactive|raparent3 has 30 seconds left.\n|inactive|raparent3 has 20 seconds left.\n|inactive|raparent3 has 15 seconds left.\n|\n|t:|1776656647\n|move|p2a: Hydreigon|Draco Meteor|p1a: Archaludon|[miss]\n|-miss|p2a: Hydreigon|p1a: Archaludon\n|move|p1b: Banette|Poltergeist|p2b: Meganium\n|-activate|p2b: Meganium|move: Poltergeist|Meganiumite\n|-damage|p2b: Meganium|0 fnt\n|faint|p2b: Meganium\n|move|p1a: Archaludon|Electro Shot||[still]\n|-prepare|p1a: Archaludon|Electro Shot\n|-boost|p1a: Archaludon|spa|1\n|-anim|p1a: Archaludon|Electro Shot|p2a: Hydreigon\n|-resisted|p2a: Hydreigon|1\n|-damage|p2a: Hydreigon|0 fnt\n|faint|p2a: Hydreigon\n|\n|-weather|RainDance|[upkeep]\n|upkeep\n|\n|t:|1776656656\n|switch|p2b: Milotic|Milotic, L50, F|75/100\n|turn|10\n|\n|t:|1776656670\n|move|p2b: Milotic|Protect|p2b: Milotic\n|-singleturn|p2b: Milotic|Protect\n|move|p1b: Banette|Poltergeist|p2b: Milotic\n|-activate|p2b: Milotic|move: Protect\n|move|p1a: Archaludon|Electro Shot||[still]\n|-prepare|p1a: Archaludon|Electro Shot\n|-boost|p1a: Archaludon|spa|1\n|-anim|p1a: Archaludon|Electro Shot|p2b: Milotic\n|-activate|p2b: Milotic|move: Protect\n|\n|-weather|RainDance|[upkeep]\n|-heal|p2b: Milotic|81/100|[from] item: Leftovers\n|upkeep\n|turn|11\n|\n|t:|1776656685\n|move|p1b: Banette|Poltergeist|p2b: Milotic\n|-activate|p2b: Milotic|move: Poltergeist|Leftovers\n|-damage|p2b: Milotic|31/100\n|move|p1a: Archaludon|Electro Shot||[still]\n|-prepare|p1a: Archaludon|Electro Shot\n|-boost|p1a: Archaludon|spa|1\n|-anim|p1a: Archaludon|Electro Shot|p2b: Milotic\n|-supereffective|p2b: Milotic|1\n|-damage|p2b: Milotic|0 fnt\n|faint|p2b: Milotic\n|\n|win|Sublamb\n|raw|Sublamb's rating: 1452 &rarr; <strong>1472</strong><br />(+20 for winning)\n|raw|raparent3's rating: 1448 &rarr; <strong>1428</strong><br />(-20 for losing)\n|l|\u2606Sublamb\n|player|p1|\n|l|\u2606raparent3\n|player|p2|\n",
  "uploadtime": 1776656729,
  "views": 7,
  "formatid": "gen9championsvgc2026regma",
  "rating": 1428,
  "private": 0,
  "password": null
}