{
  "id": "gen9championsvgc2026regma-2585920320",
  "format": "[Gen 9 Champions] VGC 2026 Reg M-A",
  "players": [
    "bigbigpissgirl",
    "iairxdd"
  ],
  "log": "|j|\u2606bigbigpissgirl\n|j|\u2606iairxdd\n|t:|1776381554\n|gametype|doubles\n|player|p1|bigbigpissgirl|miku-ground|1086\n|player|p2|iairxdd|fisherman-gen4|1040\n|gen|9\n|tier|[Gen 9 Champions] VGC 2026 Reg M-A\n|rated|\n|rule|Species Clause: Limit one of each Pok\u00e9mon\n|rule|Item Clause: Limit 1 of each item\n|clearpoke\n|poke|p1|Scovillain, L50, M|\n|poke|p1|Conkeldurr, L50, F|\n|poke|p1|Drampa, L50, F|\n|poke|p1|Cofagrigus, L50, F|\n|poke|p1|Goodra-Hisui, L50, M|\n|poke|p1|Slowbro, L50, M|\n|poke|p2|Oranguru, L50, F|\n|poke|p2|Golurk, L50|\n|poke|p2|Incineroar, L50, M|\n|poke|p2|Klefki, L50, F|\n|poke|p2|Meowscarada, L50, M|\n|poke|p2|Drampa, L50, M|\n|teampreview|4\n|inactive|Battle timer is ON: inactive players will automatically lose when time's up. (requested by iairxdd)\n|\n|t:|1776381613\n|teamsize|p1|4\n|teamsize|p2|4\n|start\n|switch|p1a: Scovillain|Scovillain, L50, M|100/100\n|switch|p1b: Conkeldurr|Conkeldurr, L50, F|100/100\n|switch|p2a: Oranguru|Oranguru, L50, F|100/100\n|switch|p2b: Golurk|Golurk, L50|100/100\n|turn|1\n|\n|t:|1776381626\n|detailschange|p1a: Scovillain|Scovillain-Mega, L50, M\n|-mega|p1a: Scovillain|Scovillain|Scovillainite\n|move|p2b: Golurk|Protect|p2b: Golurk\n|-singleturn|p2b: Golurk|Protect\n|move|p1a: Scovillain|Rage Powder|p1a: Scovillain\n|-singleturn|p1a: Scovillain|move: Rage Powder\n|move|p1b: Conkeldurr|Earthquake|p2b: Golurk|[spread] p1a,p2a\n|-activate|p2b: Golurk|move: Protect\n|-damage|p1a: Scovillain|70/100\n|-damage|p2a: Oranguru|75/100\n|-status|p1b: Conkeldurr|brn|[from] ability: Spicy Spray|[of] p1a: Scovillain\n|move|p2a: Oranguru|Trick Room|p2a: Oranguru\n|-fieldstart|move: Trick Room|[of] p2a: Oranguru\n|\n|-damage|p1b: Conkeldurr|94/100 brn|[from] brn\n|upkeep\n|turn|2\n|inactive|bigbigpissgirl has 30 seconds left.\n|inactive|iairxdd has 30 seconds left.\n|\n|t:|1776381659\n|move|p1b: Conkeldurr|Facade|p2a: Oranguru\n|-damage|p2a: Oranguru|6/100\n|move|p2b: Golurk|Poltergeist|p1b: Conkeldurr\n|-activate|p1b: Conkeldurr|move: Poltergeist|Black Belt\n|-damage|p1b: Conkeldurr|43/100 brn\n|move|p2a: Oranguru|Instruct|p1a: Scovillain\n|-singleturn|p1a: Scovillain|move: Instruct|[of] p2a: Oranguru\n|move|p1a: Scovillain|Rage Powder|p1a: Scovillain\n|-singleturn|p1a: Scovillain|move: Rage Powder\n|move|p1a: Scovillain|Leech Seed|p2b: Golurk\n|-start|p2b: Golurk|move: Leech Seed\n|\n|-damage|p2b: Golurk|88/100|[from] Leech Seed|[of] p1a: Scovillain\n|-heal|p1a: Scovillain|86/100|[silent]\n|-damage|p1b: Conkeldurr|37/100 brn|[from] brn\n|upkeep\n|turn|3\n|inactive|bigbigpissgirl has 30 seconds left.\n|inactive|iairxdd has 30 seconds left.\n|\n|t:|1776381693\n|detailschange|p2b: Golurk|Golurk-Mega, L50\n|-mega|p2b: Golurk|Golurk|Golurkite\n|move|p1a: Scovillain|Rage Powder|p1a: Scovillain\n|-singleturn|p1a: Scovillain|move: Rage Powder\n|move|p1b: Conkeldurr|Drain Punch|p2a: Oranguru\n|-damage|p2a: Oranguru|0 fnt\n|-heal|p1b: Conkeldurr|40/100 brn|[from] drain|[of] p2a: Oranguru\n|faint|p2a: Oranguru\n|move|p2b: Golurk|Drain Punch|p1a: Scovillain\n|-damage|p1a: Scovillain|50/100\n|-heal|p2b: Golurk|100/100|[from] drain|[of] p1a: Scovillain\n|-status|p2b: Golurk|brn|[from] ability: Spicy Spray|[of] p1a: Scovillain\n|\n|-damage|p2b: Golurk|88/100 brn|[from] Leech Seed|[of] p1a: Scovillain\n|-heal|p1a: Scovillain|66/100|[silent]\n|-damage|p1b: Conkeldurr|34/100 brn|[from] brn\n|-damage|p2b: Golurk|83/100 brn|[from] brn\n|upkeep\n|\n|t:|1776381714\n|switch|p2a: Incineroar|Incineroar, L50, M, shiny|100/100\n|-ability|p2a: Incineroar|Intimidate|boost\n|-unboost|p1a: Scovillain|atk|1\n|-unboost|p1b: Conkeldurr|atk|1\n|turn|4\n|\n|t:|1776381724\n|move|p2a: Incineroar|Fake Out|p1b: Conkeldurr\n|-damage|p1b: Conkeldurr|24/100 brn\n|cant|p1b: Conkeldurr|flinch\n|move|p2b: Golurk|Headlong Rush|p1a: Scovillain\n|-damage|p1a: Scovillain|22/100\n|-unboost|p2b: Golurk|def|1\n|-unboost|p2b: Golurk|spd|1\n|move|p1a: Scovillain|Leech Seed|p2a: Incineroar\n|-start|p2a: Incineroar|move: Leech Seed\n|\n|-damage|p2b: Golurk|71/100 brn|[from] Leech Seed|[of] p1a: Scovillain\n|-heal|p1a: Scovillain|39/100|[silent]\n|-damage|p2a: Incineroar|88/100|[from] Leech Seed|[of] p1a: Scovillain\n|-heal|p1a: Scovillain|56/100|[silent]\n|-damage|p1b: Conkeldurr|18/100 brn|[from] brn\n|-damage|p2b: Golurk|65/100 brn|[from] brn\n|upkeep\n|turn|5\n|inactive|bigbigpissgirl has 30 seconds left.\n|inactive|iairxdd has 30 seconds left.\n|\n|t:|1776381756\n|switch|p1a: Cofagrigus|Cofagrigus, L50, F|100/100\n|move|p1b: Conkeldurr|Drain Punch|p2a: Incineroar\n|-supereffective|p2a: Incineroar|1\n|-damage|p2a: Incineroar|0 fnt\n|-heal|p1b: Conkeldurr|60/100 brn|[from] drain|[of] p2a: Incineroar\n|faint|p2a: Incineroar\n|move|p2b: Golurk|Headlong Rush|p1a: Cofagrigus\n|-damage|p1a: Cofagrigus|77/100\n|-unboost|p2b: Golurk|def|1\n|-unboost|p2b: Golurk|spd|1\n|-activate|p1a: Cofagrigus|ability: Mummy|p2b: Golurk|[ability] Unseen Fist\n|\n|-heal|p1a: Cofagrigus|83/100|[from] item: Leftovers\n|-damage|p2b: Golurk|53/100 brn|[from] Leech Seed|[of] p1a: Cofagrigus\n|-heal|p1a: Cofagrigus|97/100|[silent]\n|-damage|p1b: Conkeldurr|54/100 brn|[from] brn\n|-damage|p2b: Golurk|47/100 brn|[from] brn\n|-fieldend|move: Trick Room\n|upkeep\n|\n|t:|1776381762\n|switch|p2a: Drampa|Drampa, L50, M|100/100\n|turn|6\n|-message|iairxdd forfeited.\n|\n|win|bigbigpissgirl\n|raw|bigbigpissgirl's rating: 1086 &rarr; <strong>1110</strong><br />(+24 for winning)\n|raw|iairxdd's rating: 1040 &rarr; <strong>1026</strong><br />(-14 for losing)\n|l|\u2606iairxdd\n|player|p2|\n",
  "uploadtime": 1776381780,
  "views": 28,
  "formatid": "gen9championsvgc2026regma",
  "rating": 1026,
  "private": 0,
  "password": null
}