{
  "id": "gen9championsvgc2026regma-2584800608",
  "format": "[Gen 9 Champions] VGC 2026 Reg M-A",
  "players": [
    "taterstotz",
    "ohaimiles"
  ],
  "log": "|j|\u2606taterstotz\n|j|\u2606ohaimiles\n|t:|1776284614\n|gametype|doubles\n|player|p1|taterstotz|102|1332\n|player|p2|ohaimiles|266|1259\n|gen|9\n|tier|[Gen 9 Champions] VGC 2026 Reg M-A\n|rated|\n|rule|Species Clause: Limit one of each Pok\u00e9mon\n|rule|Item Clause: Limit 1 of each item\n|clearpoke\n|poke|p1|Tyranitar, L50, M|\n|poke|p1|Excadrill, L50, M|\n|poke|p1|Sinistcha, L50|\n|poke|p1|Hawlucha, L50, M|\n|poke|p1|Rotom-Wash, L50|\n|poke|p1|Zoroark-Hisui, L50, M|\n|poke|p2|Froslass, L50, F|\n|poke|p2|Maushold-Four, L50|\n|poke|p2|Rotom-Wash, L50|\n|poke|p2|Garchomp, L50, F|\n|poke|p2|Incineroar, L50, F|\n|poke|p2|Kingambit, L50, F|\n|teampreview|4\n|inactive|Battle timer is ON: inactive players will automatically lose when time's up. (requested by taterstotz)\nohaimiles has agreed to open team sheets.\n|\n|t:|1776284645\n|teamsize|p1|4\n|teamsize|p2|4\n|start\n|switch|p1a: Hawlucha|Hawlucha, L50, M|100/100\n|switch|p1b: Excadrill|Excadrill, L50, M|100/100\n|switch|p2a: Rotom|Rotom-Wash, L50|100/100\n|switch|p2b: Garchomp|Garchomp, L50, F|100/100\n|turn|1\n|\n|t:|1776284664\n|move|p1a: Hawlucha|Protect|p1a: Hawlucha\n|-singleturn|p1a: Hawlucha|Protect\n|move|p1b: Excadrill|Icy Wind|p2a: Rotom|[spread] p2b\n|-miss|p1b: Excadrill|p2a: Rotom\n|-supereffective|p2b: Garchomp|2\n|-damage|p2b: Garchomp|31/100\n|-unboost|p2b: Garchomp|spe|1\n|-enditem|p2b: Garchomp|White Herb\n|-clearnegativeboost|p2b: Garchomp|[silent]\n|move|p2a: Rotom|Volt Switch|p1a: Hawlucha\n|-activate|p1a: Hawlucha|move: Protect\n|move|p2b: Garchomp|Earthquake|p1b: Excadrill|[spread] p1b\n|-activate|p1a: Hawlucha|move: Protect\n|-immune|p2a: Rotom|[from] ability: Levitate\n|-damage|p1b: Excadrill|17/100\n|replace|p1b: Zoroark|Zoroark-Hisui, L50, M\n|-end|p1b: Zoroark|Illusion\n|\n|upkeep\n|turn|2\n|\n|t:|1776284685\n|switch|p1a: Excadrill|Excadrill, L50, M|100/100\n|move|p2b: Garchomp|Protect|p2b: Garchomp\n|-singleturn|p2b: Garchomp|Protect\n|move|p1b: Zoroark|Icy Wind|p2a: Rotom|[spread] p2a\n|-activate|p2b: Garchomp|move: Protect\n|-resisted|p2a: Rotom|1\n|-damage|p2a: Rotom|91/100\n|-unboost|p2a: Rotom|spe|1\n|move|p2a: Rotom|Volt Switch|p1a: Excadrill\n|-immune|p1a: Excadrill\n|\n|upkeep\n|turn|3\n|inactive|taterstotz has 30 seconds left.\n|\n|t:|1776284713\n|switch|p2a: Incineroar|Incineroar, L50, F|100/100\n|-ability|p2a: Incineroar|Intimidate|boost\n|-unboost|p1a: Excadrill|atk|1\n|-unboost|p1b: Zoroark|atk|1\n|move|p1b: Zoroark|Icy Wind|p2a: Incineroar|[spread] p2a,p2b\n|-resisted|p2a: Incineroar|1\n|-supereffective|p2b: Garchomp|2\n|-damage|p2a: Incineroar|94/100\n|-damage|p2b: Garchomp|0 fnt\n|-unboost|p2a: Incineroar|spe|1\n|faint|p2b: Garchomp\n|move|p1a: Excadrill|Iron Head|p2a: Incineroar\n|-resisted|p2a: Incineroar|1\n|-damage|p2a: Incineroar|79/100\n|\n|upkeep\n|inactive|ohaimiles has 30 seconds left.\n|inactive|ohaimiles has 20 seconds left.\n|\n|t:|1776284753\n|switch|p2b: Froslass|Froslass, L50, F|100/100\n|turn|4\n|\n|t:|1776284766\n|switch|p1a: Tyranitar|Tyranitar, L50, M|100/100\n|-weather|Sandstorm|[from] ability: Sand Stream|[of] p1a: Tyranitar\n|move|p2a: Incineroar|Fake Out|p1a: Tyranitar\n|-resisted|p1a: Tyranitar|1\n|-damage|p1a: Tyranitar|95/100\n|move|p1b: Zoroark|Icy Wind|p2b: Froslass|[spread] p2a,p2b\n|-resisted|p2a: Incineroar|1\n|-resisted|p2b: Froslass|1\n|-damage|p2a: Incineroar|72/100\n|-damage|p2b: Froslass|89/100\n|-unboost|p2a: Incineroar|spe|1\n|-unboost|p2b: Froslass|spe|1\n|-start|p1b: Zoroark|Disable|Icy Wind|[from] ability: Cursed Body|[of] p2b: Froslass\n|move|p2b: Froslass|Shadow Ball|p1b: Zoroark\n|-immune|p1b: Zoroark\n|\n|-weather|Sandstorm|[upkeep]\n|-damage|p1b: Zoroark|11/100|[from] Sandstorm\n|-damage|p2b: Froslass|83/100|[from] Sandstorm\n|-damage|p2a: Incineroar|66/100|[from] Sandstorm\n|upkeep\n|turn|5\n|-message|ohaimiles forfeited.\n|\n|win|taterstotz\n|raw|taterstotz's rating: 1332 &rarr; <strong>1348</strong><br />(+16 for winning)\n|raw|ohaimiles's rating: 1259 &rarr; <strong>1239</strong><br />(-20 for losing)\n",
  "uploadtime": 1776284783,
  "views": 43,
  "formatid": "gen9championsvgc2026regma",
  "rating": 1239,
  "private": 0,
  "password": null
}