{
  "id": "gen9championsvgc2026regma-2582392938",
  "format": "[Gen 9 Champions] VGC 2026 Reg M-A",
  "players": [
    "Jah_08",
    "ninny01"
  ],
  "log": "|j|\u2606Jah_08\n|j|\u2606ninny01\n|t:|1776088682\n|gametype|doubles\n|player|p1|Jah_08|alder|1379\n|player|p2|ninny01|riley|1272\n|gen|9\n|tier|[Gen 9 Champions] VGC 2026 Reg M-A\n|rated|\n|rule|Species Clause: Limit one of each Pok\u00e9mon\n|rule|Item Clause: Limit 1 of each item\n|clearpoke\n|poke|p1|Excadrill, L50, F|\n|poke|p1|Whimsicott, L50, F|\n|poke|p1|Volcarona, L50, F|\n|poke|p1|Zoroark-Hisui, L50, F|\n|poke|p1|Basculegion, L50, M|\n|poke|p1|Conkeldurr, L50, M|\n|poke|p2|Charizard, L50, F|\n|poke|p2|Sneasler, L50, M|\n|poke|p2|Garchomp, L50, M|\n|poke|p2|Whimsicott, L50, M|\n|poke|p2|Incineroar, L50, M|\n|poke|p2|Rotom-Wash, L50|\n|teampreview|4\n|inactive|Battle timer is ON: inactive players will automatically lose when time's up. (requested by ninny01)\n|inactive|Jah_08 has 60 seconds left.\n|\n|t:|1776088734\n|teamsize|p1|4\n|teamsize|p2|4\n|start\n|switch|p1a: Whimsicott|Whimsicott, L50, F, shiny|100/100\n|switch|p1b: Excadrill|Excadrill, L50, F|100/100\n|switch|p2a: Rotom|Rotom-Wash, L50|100/100\n|switch|p2b: Whimsicott|Whimsicott, L50, M|100/100\n|-ability|p1b: Excadrill|Mold Breaker\n|turn|1\n|\n|t:|1776088755\n|move|p1b: Excadrill|Protect|p1b: Excadrill\n|-singleturn|p1b: Excadrill|Protect\n|move|p2b: Whimsicott|Tailwind|p2b: Whimsicott\n|-sidestart|p2: ninny01|move: Tailwind\n|move|p1a: Whimsicott|Tailwind|p1a: Whimsicott\n|-sidestart|p1: Jah_08|move: Tailwind\n|move|p2a: Rotom|Will-O-Wisp|p1b: Excadrill\n|-activate|p1b: Excadrill|move: Protect\n|\n|upkeep\n|turn|2\n|inactive|Jah_08 has 30 seconds left.\n|inactive|Jah_08 has 20 seconds left.\n|inactive|Jah_08 has 15 seconds left.\n|\n|t:|1776088799\n|switch|p2b: Incineroar|Incineroar, L50, M|100/100\n|-ability|p2b: Incineroar|Intimidate|boost\n|-unboost|p1a: Whimsicott|atk|1\n|-unboost|p1b: Excadrill|atk|1\n|switch|p1b: Basculegion|Basculegion, L50, M|100/100\n|move|p1a: Whimsicott|Encore|p2a: Rotom\n|-start|p2a: Rotom|Encore\n|move|p2a: Rotom|Will-O-Wisp|p1a: Whimsicott\n|-status|p1a: Whimsicott|brn\n|\n|-damage|p1a: Whimsicott|95/100 brn|[from] brn\n|upkeep\n|turn|3\n|inactive|Jah_08 has 30 seconds left.\n|inactive|ninny01 has 30 seconds left.\n|\n|t:|1776088828\n|switch|p2b: Whimsicott|Whimsicott, L50, M|100/100\n|move|p1b: Basculegion|Protect|p1b: Basculegion\n|-singleturn|p1b: Basculegion|Protect\n|move|p1a: Whimsicott|Light Screen|p1a: Whimsicott\n|-sidestart|p1: Jah_08|move: Light Screen\n|move|p2a: Rotom|Will-O-Wisp|p1b: Basculegion\n|-activate|p1b: Basculegion|move: Protect\n|\n|-damage|p1a: Whimsicott|89/100 brn|[from] brn\n|upkeep\n|turn|4\n|\n|t:|1776088848\n|move|p2b: Whimsicott|Sunny Day|p2b: Whimsicott\n|-weather|SunnyDay\n|move|p1b: Basculegion|Sludge Bomb|p2b: Whimsicott\n|-supereffective|p2b: Whimsicott|2\n|-enditem|p2b: Whimsicott|Focus Sash\n|-damage|p2b: Whimsicott|1/100\n|move|p1a: Whimsicott|Moonblast|p2b: Whimsicott\n|-damage|p2b: Whimsicott|0 fnt\n|faint|p2b: Whimsicott\n|move|p2a: Rotom|Will-O-Wisp|p1b: Basculegion\n|-status|p1b: Basculegion|brn\n|\n|-weather|SunnyDay|[upkeep]\n|-damage|p1b: Basculegion|94/100 brn|[from] brn\n|-damage|p1a: Whimsicott|83/100 brn|[from] brn\n|-end|p2a: Rotom|Encore\n|-sideend|p2: ninny01|move: Tailwind\n|-sideend|p1: Jah_08|move: Tailwind\n|upkeep\n|\n|t:|1776088857\n|switch|p2b: Incineroar|Incineroar, L50, M|100/100\n|-ability|p2b: Incineroar|Intimidate|boost\n|-unboost|p1a: Whimsicott|atk|1\n|-unboost|p1b: Basculegion|atk|1\n|turn|5\n|\n|t:|1776088879\n|move|p2a: Rotom|Protect|p2a: Rotom\n|-singleturn|p2a: Rotom|Protect\n|move|p1a: Whimsicott|Tailwind|p1a: Whimsicott\n|-sidestart|p1: Jah_08|move: Tailwind\n|move|p1b: Basculegion|Shadow Ball|p2a: Rotom\n|-activate|p2a: Rotom|move: Protect\n|move|p2b: Incineroar|Throat Chop|p1b: Basculegion|[miss]\n|-miss|p2b: Incineroar|p1b: Basculegion\n|\n|-weather|SunnyDay|[upkeep]\n|-damage|p1b: Basculegion|88/100 brn|[from] brn\n|-damage|p1a: Whimsicott|77/100 brn|[from] brn\n|upkeep\n|turn|6\n|inactive|Jah_08 has 30 seconds left.\n|inactive|ninny01 has 30 seconds left.\n|c|\u2606ninny01|Man fr zoroark bright powder?\n|inactive|Jah_08 has 20 seconds left.\n|inactive|ninny01 has 20 seconds left.\n|\n|t:|1776088918\n|move|p1b: Basculegion|Protect|p1b: Basculegion\n|-singleturn|p1b: Basculegion|Protect\n|move|p1a: Whimsicott|Encore|p2a: Rotom\n|-start|p2a: Rotom|Encore\n|move|p2a: Rotom|Protect||[still]\n|-fail|p2a: Rotom\n|move|p2b: Incineroar|Throat Chop|p1b: Basculegion\n|-activate|p1b: Basculegion|move: Protect\n|\n|-weather|SunnyDay|[upkeep]\n|-damage|p1b: Basculegion|82/100 brn|[from] brn\n|-damage|p1a: Whimsicott|71/100 brn|[from] brn\n|upkeep\n|turn|7\n|\n|t:|1776088937\n|move|p2a: Rotom|Protect|p2a: Rotom\n|-singleturn|p2a: Rotom|Protect\n|move|p1b: Basculegion|Sludge Bomb|p2b: Incineroar\n|-damage|p2b: Incineroar|74/100\n|move|p1a: Whimsicott|Moonblast|p2b: Incineroar\n|-damage|p2b: Incineroar|47/100\n|-enditem|p2b: Incineroar|Sitrus Berry|[eat]\n|-heal|p2b: Incineroar|72/100|[from] item: Sitrus Berry\n|move|p2b: Incineroar|Throat Chop|p1b: Basculegion\n|-supereffective|p1b: Basculegion|1\n|-damage|p1b: Basculegion|0 fnt\n|replace|p1b: Zoroark|Zoroark-Hisui, L50, F\n|-end|p1b: Zoroark|Illusion\n|faint|p1b: Zoroark\n|\n|-weather|SunnyDay|[upkeep]\n|-damage|p1a: Whimsicott|65/100 brn|[from] brn\n|-sideend|p1: Jah_08|move: Light Screen\n|upkeep\n|\n|t:|1776088959\n|switch|p1b: Excadrill|Excadrill, L50, F|100/100\n|-ability|p1b: Excadrill|Mold Breaker\n|turn|8\n|\n|t:|1776088982\n|detailschange|p1b: Excadrill|Excadrill-Mega, L50, F\n|-mega|p1b: Excadrill|Excadrill|Excadrite\n|move|p2a: Rotom|Protect|p2a: Rotom\n|-singleturn|p2a: Rotom|Protect\n|move|p1b: Excadrill|High Horsepower|p2b: Incineroar\n|-supereffective|p2b: Incineroar|1\n|-damage|p2b: Incineroar|0 fnt\n|faint|p2b: Incineroar\n|move|p1a: Whimsicott|Moonblast|p2a: Rotom\n|-activate|p2a: Rotom|move: Protect\n|\n|-weather|none\n|-damage|p1a: Whimsicott|59/100 brn|[from] brn\n|-end|p2a: Rotom|Encore\n|-sideend|p1: Jah_08|move: Tailwind\n|upkeep\n|\n|t:|1776088989\n|switch|p2b: Charizard|Charizard, L50, F|100/100\n|turn|9\n|\n|t:|1776089003\n|detailschange|p2b: Charizard|Charizard-Mega-Y, L50, F\n|-mega|p2b: Charizard|Charizard|Charizardite Y\n|-weather|SunnyDay|[from] ability: Drought|[of] p2b: Charizard\n|move|p1a: Whimsicott|Encore|p2a: Rotom\n|-start|p2a: Rotom|Encore\n|move|p2a: Rotom|Protect||[still]\n|-fail|p2a: Rotom\n|move|p1b: Excadrill|Rock Slide|p2b: Charizard|[spread] p2a\n|-miss|p1b: Excadrill|p2b: Charizard\n|-damage|p2a: Rotom|76/100\n|move|p2b: Charizard|Heat Wave|p1a: Whimsicott|[spread] p1a,p1b\n|-supereffective|p1a: Whimsicott|1\n|-supereffective|p1b: Excadrill|1\n|-damage|p1a: Whimsicott|0 fnt\n|-damage|p1b: Excadrill|0 fnt\n|faint|p1a: Whimsicott\n|faint|p1b: Excadrill\n|\n|-weather|SunnyDay|[upkeep]\n|-heal|p2a: Rotom|82/100|[from] item: Leftovers\n|upkeep\n|inactive|Jah_08 has 30 seconds left.\n|inactive|Jah_08 has 20 seconds left.\n|\n|t:|1776089042\n|switch|p1b: Basculegion|Basculegion, L50, M|100/100\n|turn|10\n|c|\u2606ninny01|Divine justice for zoroark bright powder\n|\n|t:|1776089054\n|move|p2a: Rotom|Protect|p2a: Rotom\n|-singleturn|p2a: Rotom|Protect\n|move|p1b: Basculegion|Last Respects|p2b: Charizard\n|-crit|p2b: Charizard\n|-damage|p2b: Charizard|0 fnt\n|faint|p2b: Charizard\n|\n|-weather|SunnyDay|[upkeep]\n|-heal|p2a: Rotom|88/100|[from] item: Leftovers\n|upkeep\n|turn|11\n|c|\u2606Jah_08|gg\n|c|\u2606ninny01|Nvm\n|c|\u2606ninny01|Gg\n|\n|t:|1776089073\n|move|p2a: Rotom|Protect||[still]\n|-fail|p2a: Rotom\n|move|p1b: Basculegion|Last Respects|p2a: Rotom\n|-damage|p2a: Rotom|0 fnt\n|faint|p2a: Rotom\n|\n|win|Jah_08\n|raw|Jah_08's rating: 1379 &rarr; <strong>1393</strong><br />(+14 for winning)\n|raw|ninny01's rating: 1272 &rarr; <strong>1254</strong><br />(-18 for losing)\n|l|\u2606ninny01\n|player|p2|\n",
  "uploadtime": 1776089091,
  "views": 26,
  "formatid": "gen9championsvgc2026regma",
  "rating": 1254,
  "private": 0,
  "password": null
}