{
  "id": "gen9championsvgc2026regma-2583377499",
  "format": "[Gen 9 Champions] VGC 2026 Reg M-A",
  "players": [
    "diegonatorcn",
    "G3N13"
  ],
  "log": "|j|\u2606diegonatorcn\n|j|\u2606G3N13\n|t:|1776171387\n|gametype|doubles\n|player|p1|diegonatorcn|1|1045\n|player|p2|G3N13|n|1030\n|gen|9\n|tier|[Gen 9 Champions] VGC 2026 Reg M-A\n|rated|\n|rule|Species Clause: Limit one of each Pok\u00e9mon\n|rule|Item Clause: Limit 1 of each item\n|clearpoke\n|poke|p1|Tyranitar, L50, M|\n|poke|p1|Gliscor, L50, M|\n|poke|p1|Dragonite, L50, F|\n|poke|p1|Farigiraf, L50, M|\n|poke|p1|Garchomp, L50, M|\n|poke|p1|Ninetales-Alola, L50, M|\n|poke|p2|Incineroar, L50, M|\n|poke|p2|Farigiraf, L50, M|\n|poke|p2|Torkoal, L50, M|\n|poke|p2|Gardevoir, L50, M|\n|poke|p2|Sinistcha, L50|\n|poke|p2|Corviknight, L50, M|\n|teampreview|4\n|\n|t:|1776171405\n|teamsize|p1|4\n|teamsize|p2|4\n|start\n|switch|p1a: Farigiraf|Farigiraf, L50, M|100/100\n|switch|p1b: Tyranitar|Tyranitar, L50, M|100/100\n|switch|p2a: Farigiraf|Farigiraf, L50, M, shiny|100/100\n|switch|p2b: Incineroar|Incineroar, L50, M, shiny|100/100\n|-weather|Sandstorm|[from] ability: Sand Stream|[of] p1b: Tyranitar\n|-ability|p2b: Incineroar|Intimidate|boost\n|-unboost|p1a: Farigiraf|atk|1\n|-unboost|p1b: Tyranitar|atk|1\n|turn|1\n|\n|t:|1776171426\n|move|p1b: Tyranitar|Rock Slide|p2b: Incineroar|[spread] p2a,p2b\n|-supereffective|p2b: Incineroar|1\n|-damage|p2a: Farigiraf|80/100\n|-damage|p2b: Incineroar|59/100\n|move|p2b: Incineroar|Throat Chop|p1a: Farigiraf\n|-supereffective|p1a: Farigiraf|1\n|-damage|p1a: Farigiraf|34/100\n|-start|p1a: Farigiraf|Throat Chop|[silent]\n|move|p1a: Farigiraf|Trick Room|p1a: Farigiraf\n|-fieldstart|move: Trick Room|[of] p1a: Farigiraf\n|cant|p2a: Farigiraf|flinch\n|\n|-weather|Sandstorm|[upkeep]\n|-damage|p2b: Incineroar|54/100|[from] Sandstorm\n|-damage|p2a: Farigiraf|74/100|[from] Sandstorm\n|-damage|p1a: Farigiraf|27/100|[from] Sandstorm\n|-heal|p1a: Farigiraf|34/100|[from] item: Leftovers\n|-heal|p2b: Incineroar|59/100|[from] item: Leftovers\n|upkeep\n|turn|2\n|\n|t:|1776171449\n|move|p1a: Farigiraf|Psychic|p2a: Farigiraf\n|-resisted|p2a: Farigiraf|1\n|-damage|p2a: Farigiraf|51/100\n|move|p2b: Incineroar|Parting Shot|p1b: Tyranitar\n|-unboost|p1b: Tyranitar|atk|1\n|-unboost|p1b: Tyranitar|spa|1\n|\n|t:|1776171457\n|switch|p2b: Gardevoir|Gardevoir, L50, M, shiny|100/100|[from] Parting Shot\n|-ability|p2b: Gardevoir|Sand Stream|Trace|[from] ability: Trace|[of] p1b: Tyranitar\n|move|p2a: Farigiraf|Hyper Voice|p1a: Farigiraf|[spread] p1a,p1b\n|-resisted|p1b: Tyranitar|1\n|-damage|p1a: Farigiraf|3/100\n|-damage|p1b: Tyranitar|92/100\n|move|p1b: Tyranitar|Rock Slide|p2a: Farigiraf|[spread] p2a,p2b\n|-damage|p2a: Farigiraf|35/100\n|-damage|p2b: Gardevoir|80/100\n|\n|-weather|Sandstorm|[upkeep]\n|-damage|p1a: Farigiraf|0 fnt|[from] Sandstorm\n|-damage|p2a: Farigiraf|29/100|[from] Sandstorm\n|-damage|p2b: Gardevoir|75/100|[from] Sandstorm\n|faint|p1a: Farigiraf\n|upkeep\n|\n|t:|1776171477\n|switch|p1a: Garchomp|Garchomp, L50, M|100/100\n|turn|3\n|\n|t:|1776171489\n|switch|p2a: Sinistcha|Sinistcha, L50|100/100\n|-heal|p2b: Gardevoir|99/100|[from] ability: Hospitality|[of] p2a: Sinistcha\n|detailschange|p2b: Gardevoir|Gardevoir-Mega, L50, M, shiny\n|-mega|p2b: Gardevoir|Gardevoir|Gardevoirite\n|move|p1b: Tyranitar|Rock Slide|p2b: Gardevoir|[spread] p2a,p2b\n|-damage|p2a: Sinistcha|87/100\n|-damage|p2b: Gardevoir|79/100\n|cant|p2b: Gardevoir|flinch\n|move|p1a: Garchomp|Rock Slide|p2b: Gardevoir|[spread] p2a,p2b\n|-damage|p2a: Sinistcha|69/100\n|-damage|p2b: Gardevoir|55/100\n|\n|-weather|Sandstorm|[upkeep]\n|-damage|p2a: Sinistcha|64/100|[from] Sandstorm\n|-damage|p2b: Gardevoir|50/100|[from] Sandstorm\n|upkeep\n|turn|4\n|\n|t:|1776171512\n|move|p1b: Tyranitar|Knock Off|p2a: Sinistcha\n|-supereffective|p2a: Sinistcha|1\n|-crit|p2a: Sinistcha\n|-damage|p2a: Sinistcha|0 fnt\n|-enditem|p2a: Sinistcha|Sitrus Berry|[from] move: Knock Off|[of] p1b: Tyranitar\n|faint|p2a: Sinistcha\n|move|p2b: Gardevoir|Hyper Voice|p1b: Tyranitar|[spread] p1a,p1b\n|-supereffective|p1a: Garchomp|1\n|-supereffective|p1b: Tyranitar|1\n|-damage|p1a: Garchomp|0 fnt\n|-damage|p1b: Tyranitar|33/100\n|faint|p1a: Garchomp\n|\n|-weather|Sandstorm|[upkeep]\n|-damage|p2b: Gardevoir|44/100|[from] Sandstorm\n|upkeep\n|\n|t:|1776171527\n|switch|p2a: Incineroar|Incineroar, L50, M, shiny|59/100\n|switch|p1a: Dragonite|Dragonite, L50, F|100/100\n|-ability|p2a: Incineroar|Intimidate|boost\n|-unboost|p1a: Dragonite|atk|1\n|-unboost|p1b: Tyranitar|atk|1\n|turn|5\n|\n|t:|1776171542\n|detailschange|p1a: Dragonite|Dragonite-Mega, L50, F\n|-mega|p1a: Dragonite|Dragonite|Dragoninite\n|move|p2a: Incineroar|Fake Out|p1a: Dragonite\n|-damage|p1a: Dragonite|96/100\n|move|p1b: Tyranitar|Rock Slide|p2a: Incineroar|[spread] p2a,p2b\n|-supereffective|p2a: Incineroar|1\n|-damage|p2a: Incineroar|36/100\n|-damage|p2b: Gardevoir|28/100\n|cant|p2b: Gardevoir|flinch\n|cant|p1a: Dragonite|flinch\n|\n|-weather|none\n|-heal|p2a: Incineroar|42/100|[from] item: Leftovers\n|-fieldend|move: Trick Room\n|upkeep\n|turn|6\n|\n|t:|1776171563\n|switch|p2b: Farigiraf|Farigiraf, L50, M, shiny|29/100\n|move|p1a: Dragonite|Aerial Ace|p2b: Farigiraf\n|-damage|p2b: Farigiraf|9/100\n|move|p1b: Tyranitar|Low Kick|p2a: Incineroar\n|-supereffective|p2a: Incineroar|1\n|-damage|p2a: Incineroar|17/100\n|move|p2a: Incineroar|Parting Shot|p1a: Dragonite\n|-unboost|p1a: Dragonite|atk|1\n|-unboost|p1a: Dragonite|spa|1\n|\n|t:|1776171574\n|switch|p2a: Gardevoir|Gardevoir-Mega, L50, M, shiny|28/100|[from] Parting Shot\n|\n|upkeep\n|turn|7\n|\n|t:|1776171590\n|move|p2a: Gardevoir|Protect|p2a: Gardevoir\n|-singleturn|p2a: Gardevoir|Protect\n|move|p1a: Dragonite|Aerial Ace|p2a: Gardevoir\n|-activate|p2a: Gardevoir|move: Protect\n|move|p1b: Tyranitar|Rock Slide|p2a: Gardevoir|[spread] p2b\n|-activate|p2a: Gardevoir|move: Protect\n|-damage|p2b: Farigiraf|0 fnt\n|faint|p2b: Farigiraf\n|\n|upkeep\n|\n|t:|1776171599\n|switch|p2b: Incineroar|Incineroar, L50, M, shiny|17/100\n|-ability|p2b: Incineroar|Intimidate|boost\n|-unboost|p1a: Dragonite|atk|1\n|-unboost|p1b: Tyranitar|atk|1\n|turn|8\n|\n|t:|1776171608\n|move|p2b: Incineroar|Fake Out|p1a: Dragonite\n|-damage|p1a: Dragonite|86/100\n|cant|p1a: Dragonite|flinch\n|move|p2a: Gardevoir|Hyper Voice|p1a: Dragonite|[spread] p1a,p1b\n|-supereffective|p1a: Dragonite|1\n|-supereffective|p1b: Tyranitar|1\n|-damage|p1a: Dragonite|0 fnt\n|-damage|p1b: Tyranitar|0 fnt\n|faint|p1a: Dragonite\n|faint|p1b: Tyranitar\n|\n|win|G3N13\n|raw|diegonatorcn's rating: 1045 &rarr; <strong>1028</strong><br />(-17 for losing)\n|raw|G3N13's rating: 1030 &rarr; <strong>1067</strong><br />(+37 for winning)\n",
  "uploadtime": 1776171619,
  "views": 17,
  "formatid": "gen9championsvgc2026regma",
  "rating": 1028,
  "private": 0,
  "password": null
}