{
  "id": "gen9championsvgc2026regma-2583674351",
  "format": "[Gen 9 Champions] VGC 2026 Reg M-A",
  "players": [
    "JuanPancracio",
    "Damir1345"
  ],
  "log": "|j|\u2606JuanPancracio\n|j|\u2606Damir1345\n|t:|1776190258\n|gametype|doubles\n|player|p1|JuanPancracio|2|1070\n|player|p2|Damir1345|burgh|1000\n|gen|9\n|tier|[Gen 9 Champions] VGC 2026 Reg M-A\n|rated|\n|rule|Species Clause: Limit one of each Pok\u00e9mon\n|rule|Item Clause: Limit 1 of each item\n|clearpoke\n|poke|p1|Sneasler, L50, F|\n|poke|p1|Ninetales-Alola, L50, M|\n|poke|p1|Incineroar, L50, F|\n|poke|p1|Sinistcha-Masterpiece, L50|\n|poke|p1|Whimsicott, L50, F|\n|poke|p1|Charizard, L50, M|\n|poke|p2|Drampa, L50, F|\n|poke|p2|Reuniclus, L50, M|\n|poke|p2|Camerupt, L50, F|\n|poke|p2|Garganacl, L50, M|\n|poke|p2|Bellibolt, L50, M|\n|poke|p2|Araquanid, L50, F|\n|teampreview|4\n|\n|t:|1776190321\n|teamsize|p1|4\n|teamsize|p2|4\n|start\n|switch|p1a: Sinistcha|Sinistcha-Masterpiece, L50|100/100\n|switch|p1b: Incineroar|Incineroar, L50, F|100/100\n|switch|p2a: Drampa|Drampa, L50, F|100/100\n|switch|p2b: Reuniclus|Reuniclus, L50, M|100/100\n|-ability|p1b: Incineroar|Intimidate|boost\n|-unboost|p2a: Drampa|atk|1\n|-unboost|p2b: Reuniclus|atk|1\n|turn|1\n|\n|t:|1776190352\n|detailschange|p2a: Drampa|Drampa-Mega, L50, F\n|-mega|p2a: Drampa|Drampa|Drampanite\n|move|p1b: Incineroar|Fake Out|p2a: Drampa\n|-damage|p2a: Drampa|90/100\n|cant|p2a: Drampa|flinch\n|move|p1a: Sinistcha|Trick Room|p1a: Sinistcha\n|-fieldstart|move: Trick Room|[of] p1a: Sinistcha\n|move|p2b: Reuniclus|Trick Room|p2b: Reuniclus\n|-fieldend|move: Trick Room\n|\n|upkeep\n|turn|2\n|\n|t:|1776190369\n|move|p2b: Reuniclus|Helping Hand|p2a: Drampa\n|-singleturn|p2a: Drampa|Helping Hand|[of] p2b: Reuniclus\n|move|p1a: Sinistcha|Strength Sap|p2a: Drampa\n|-unboost|p2a: Drampa|atk|1\n|move|p1b: Incineroar|Close Combat|p2a: Drampa\n|-supereffective|p2a: Drampa|1\n|-damage|p2a: Drampa|25/100\n|-unboost|p1b: Incineroar|def|1\n|-unboost|p1b: Incineroar|spd|1\n|-ability|p2a: Drampa|Berserk|boost\n|-boost|p2a: Drampa|spa|1\n|move|p2a: Drampa|Flamethrower|p1a: Sinistcha\n|-supereffective|p1a: Sinistcha|1\n|-damage|p1a: Sinistcha|0 fnt\n|faint|p1a: Sinistcha\n|\n|upkeep\n|\n|t:|1776190384\n|switch|p1a: Whimsicott|Whimsicott, L50, F|100/100\n|turn|3\n|\n|t:|1776190403\n|move|p1a: Whimsicott|Tailwind|p1a: Whimsicott\n|-sidestart|p1: JuanPancracio|move: Tailwind\n|move|p1b: Incineroar|Darkest Lariat|p2a: Drampa\n|-damage|p2a: Drampa|0 fnt\n|faint|p2a: Drampa\n|move|p2b: Reuniclus|Trick Room|p2b: Reuniclus\n|-fieldstart|move: Trick Room|[of] p2b: Reuniclus\n|\n|upkeep\n|\n|t:|1776190427\n|switch|p2a: Camerupt|Camerupt, L50, F|100/100\n|turn|4\n|\n|t:|1776190443\n|move|p1a: Whimsicott|Helping Hand|p1b: Incineroar\n|-singleturn|p1b: Incineroar|Helping Hand|[of] p1a: Whimsicott\n|move|p2b: Reuniclus|Light Screen|p2b: Reuniclus\n|-sidestart|p2: Damir1345|move: Light Screen\n|move|p2a: Camerupt|Earth Power|p1b: Incineroar\n|-supereffective|p1b: Incineroar|1\n|-damage|p1b: Incineroar|0 fnt\n|faint|p1b: Incineroar\n|\n|upkeep\n|\n|t:|1776190452\n|switch|p1b: Charizard|Charizard, L50, M|100/100\n|turn|5\n|\n|t:|1776190479\n|move|p1a: Whimsicott|Helping Hand|p1b: Charizard\n|-singleturn|p1b: Charizard|Helping Hand|[of] p1a: Whimsicott\n|move|p2b: Reuniclus|Helping Hand|p2a: Camerupt\n|-singleturn|p2a: Camerupt|Helping Hand|[of] p2b: Reuniclus\n|move|p2a: Camerupt|Ancient Power|p1b: Charizard\n|-supereffective|p1b: Charizard|2\n|-damage|p1b: Charizard|0 fnt\n|-boost|p2a: Camerupt|atk|1\n|-boost|p2a: Camerupt|def|1\n|-boost|p2a: Camerupt|spa|1\n|-boost|p2a: Camerupt|spd|1\n|-boost|p2a: Camerupt|spe|1\n|faint|p1b: Charizard\n|\n|upkeep\n|turn|6\n|-message|JuanPancracio forfeited.\n|\n|win|Damir1345\n|raw|JuanPancracio's rating: 1070 &rarr; <strong>1045</strong><br />(-25 for losing)\n|raw|Damir1345's rating: 1000 &rarr; <strong>1048</strong><br />(+48 for winning)\n|l|\u2606JuanPancracio\n|player|p1|\n",
  "uploadtime": 1776190494,
  "views": 14,
  "formatid": "gen9championsvgc2026regma",
  "rating": 1045,
  "private": 0,
  "password": null
}