{
  "id": "gen9championsvgc2026regma-2581674891",
  "format": "[Gen 9 Champions] VGC 2026 Reg M-A",
  "players": [
    "OscarGoro",
    "RetroStatic0"
  ],
  "log": "|j|\u2606OscarGoro\n|j|\u2606RetroStatic0\n|t:|1776019809\n|gametype|doubles\n|player|p1|OscarGoro|169|1085\n|player|p2|RetroStatic0|265|1094\n|gen|9\n|tier|[Gen 9 Champions] VGC 2026 Reg M-A\n|rated|\n|rule|Species Clause: Limit one of each Pok\u00e9mon\n|rule|Item Clause: Limit 1 of each item\n|clearpoke\n|poke|p1|Tyranitar, L50, M|\n|poke|p1|Excadrill, L50, F|\n|poke|p1|Incineroar, L50, F|\n|poke|p1|Floette-Eternal, L50, F|\n|poke|p1|Sinistcha, L50|\n|poke|p1|Rotom-Wash, L50|\n|poke|p2|Charizard, L50, F|\n|poke|p2|Venusaur, L50, F|\n|poke|p2|Sneasler, L50, F|\n|poke|p2|Basculegion, L50, M|\n|poke|p2|Garchomp, L50, M|\n|poke|p2|Incineroar, L50, M|\n|teampreview|4\n|inactive|Battle timer is ON: inactive players will automatically lose when time's up. (requested by RetroStatic0)\n|\n|t:|1776019836\n|teamsize|p1|4\n|teamsize|p2|4\n|start\n|switch|p1a: Tyranitar|Tyranitar, L50, M|100/100\n|switch|p1b: Incineroar|Incineroar, L50, F|100/100\n|switch|p2a: Basculegion|Basculegion, L50, M|100/100\n|switch|p2b: Sneasler|Sneasler, L50, F|100/100\n|-weather|Sandstorm|[from] ability: Sand Stream|[of] p1a: Tyranitar\n|-ability|p1b: Incineroar|Intimidate|boost\n|-unboost|p2a: Basculegion|atk|1\n|-unboost|p2b: Sneasler|atk|1\n|-enditem|p2b: Sneasler|White Herb\n|-clearnegativeboost|p2b: Sneasler|[silent]\n|turn|1\n|\n|t:|1776019855\n|switch|p1b: Sinistcha|Sinistcha, L50|100/100\n|move|p2b: Sneasler|Protect|p2b: Sneasler\n|-singleturn|p2b: Sneasler|Protect\n|move|p1a: Tyranitar|Protect|p1a: Tyranitar\n|-singleturn|p1a: Tyranitar|Protect\n|move|p2a: Basculegion|Wave Crash|p1a: Tyranitar\n|-activate|p1a: Tyranitar|move: Protect\n|\n|-weather|Sandstorm|[upkeep]\n|-damage|p2b: Sneasler|95/100|[from] Sandstorm\n|-damage|p2a: Basculegion|94/100|[from] Sandstorm\n|-damage|p1b: Sinistcha|94/100|[from] Sandstorm\n|upkeep\n|turn|2\n|\n|t:|1776019876\n|switch|p2a: Charizard|Charizard, L50, F|100/100\n|switch|p1a: Incineroar|Incineroar, L50, F|100/100\n|-ability|p1a: Incineroar|Intimidate|boost\n|-unboost|p2a: Charizard|atk|1\n|-unboost|p2b: Sneasler|atk|1\n|move|p2b: Sneasler|Close Combat|p1a: Incineroar\n|-supereffective|p1a: Incineroar|1\n|-damage|p1a: Incineroar|7/100\n|-unboost|p2b: Sneasler|def|1\n|-unboost|p2b: Sneasler|spd|1\n|move|p1b: Sinistcha|Trick Room|p1b: Sinistcha\n|-fieldstart|move: Trick Room|[of] p1b: Sinistcha\n|\n|-weather|Sandstorm|[upkeep]\n|-damage|p1a: Incineroar|1/100|[from] Sandstorm\n|-damage|p1b: Sinistcha|88/100|[from] Sandstorm\n|-damage|p2a: Charizard|95/100|[from] Sandstorm\n|-damage|p2b: Sneasler|89/100|[from] Sandstorm\n|upkeep\n|turn|3\n|inactive|OscarGoro has 30 seconds left.\n|inactive|OscarGoro has 20 seconds left.\n|\n|t:|1776019911\n|switch|p1b: Tyranitar|Tyranitar, L50, M|100/100\n|detailschange|p2a: Charizard|Charizard-Mega-Y, L50, F\n|-mega|p2a: Charizard|Charizard|Charizardite Y\n|-weather|SunnyDay|[from] ability: Drought|[of] p2a: Charizard\n|move|p2a: Charizard|Protect|p2a: Charizard\n|-singleturn|p2a: Charizard|Protect\n|move|p1a: Incineroar|Flare Blitz|p2b: Sneasler\n|-damage|p2b: Sneasler|0 fnt\n|faint|p2b: Sneasler\n|-damage|p1a: Incineroar|0 fnt|[from] Recoil\n|faint|p1a: Incineroar\n|\n|-weather|SunnyDay|[upkeep]\n|upkeep\n|\n|t:|1776019927\n|switch|p1a: Sinistcha|Sinistcha, L50|88/100\n|switch|p2b: Venusaur|Venusaur, L50, F|100/100\n|turn|4\n|\n|t:|1776019947\n|switch|p2a: Basculegion|Basculegion, L50, M|94/100\n|detailschange|p1b: Tyranitar|Tyranitar-Mega, L50, M\n|-mega|p1b: Tyranitar|Tyranitar|Tyranitarite\n|-weather|Sandstorm|[from] ability: Sand Stream|[of] p1b: Tyranitar\n|move|p1a: Sinistcha|Matcha Gotcha|p2b: Venusaur|[spread] p2a,p2b\n|-supereffective|p2a: Basculegion|1\n|-resisted|p2b: Venusaur|2\n|-damage|p2a: Basculegion|42/100\n|-heal|p1a: Sinistcha|100/100|[from] drain|[of] p2a: Basculegion\n|-damage|p2b: Venusaur|93/100\n|move|p1b: Tyranitar|Rock Slide|p2a: Basculegion|[spread] p2a,p2b\n|-damage|p2a: Basculegion|0 fnt\n|-damage|p2b: Venusaur|44/100\n|faint|p2a: Basculegion\n|move|p2b: Venusaur|Sludge Bomb|p1a: Sinistcha\n|-damage|p1a: Sinistcha|58/100\n|\n|-weather|Sandstorm|[upkeep]\n|-damage|p1a: Sinistcha|52/100|[from] Sandstorm\n|-damage|p2b: Venusaur|38/100|[from] Sandstorm\n|upkeep\n|\n|t:|1776019968\n|switch|p2a: Charizard|Charizard-Mega-Y, L50, F|95/100\n|-weather|SunnyDay|[from] ability: Drought|[of] p2a: Charizard\n|turn|5\n|\n|t:|1776019982\n|move|p2a: Charizard|Protect|p2a: Charizard\n|-singleturn|p2a: Charizard|Protect\n|move|p1a: Sinistcha|Life Dew||[still]|[spread] p1a,p1b\n|-heal|p1a: Sinistcha|77/100\n|-fail|p1b: Tyranitar|heal\n|move|p1b: Tyranitar|Rock Slide|p2a: Charizard|[spread] p2b\n|-activate|p2a: Charizard|move: Protect\n|-damage|p2b: Venusaur|0 fnt\n|faint|p2b: Venusaur\n|\n|-weather|SunnyDay|[upkeep]\n|upkeep\n|turn|6\n|-message|RetroStatic0 forfeited.\n|\n|win|OscarGoro\n|raw|OscarGoro's rating: 1085 &rarr; <strong>1113</strong><br />(+28 for winning)\n|raw|RetroStatic0's rating: 1094 &rarr; <strong>1069</strong><br />(-25 for losing)\n|l|\u2606RetroStatic0\n|player|p2|\n",
  "uploadtime": 1776020009,
  "views": 18,
  "formatid": "gen9championsvgc2026regma",
  "rating": 1069,
  "private": 0,
  "password": null
}