{
  "id": "gen9championsvgc2026regma-2583078733",
  "format": "[Gen 9 Champions] VGC 2026 Reg M-A",
  "players": [
    "Chococroc",
    "SkelyStealth"
  ],
  "log": "|j|\u2606Chococroc\n|j|\u2606SkelyStealth\n|t:|1776139582\n|gametype|doubles\n|player|p1|Chococroc|pokemaniac|1446\n|player|p2|SkelyStealth|yellow|1476\n|gen|9\n|tier|[Gen 9 Champions] VGC 2026 Reg M-A\n|rated|\n|rule|Species Clause: Limit one of each Pok\u00e9mon\n|rule|Item Clause: Limit 1 of each item\n|clearpoke\n|poke|p1|Gengar, L50, F|\n|poke|p1|Snorlax, L50, M|\n|poke|p1|Politoed, L50, M|\n|poke|p1|Archaludon, L50, F|\n|poke|p1|Kommo-o, L50, M|\n|poke|p1|Sinistcha-Masterpiece, L50|\n|poke|p2|Farigiraf, L50, F|\n|poke|p2|Mimikyu, L50, M|\n|poke|p2|Incineroar, L50, M|\n|poke|p2|Torkoal, L50, M|\n|poke|p2|Crabominable, L50, F|\n|poke|p2|Chandelure, L50, M|\n|teampreview|4\n|j| Basedfox\n|inactive|Battle timer is ON: inactive players will automatically lose when time's up. (requested by SkelyStealth)\n|c|\u2606SkelyStealth|gl\n|inactive|SkelyStealth has 60 seconds left.\n|\n|t:|1776139622\n|teamsize|p1|4\n|teamsize|p2|4\n|start\n|switch|p1a: Gengar|Gengar, L50, F|100/100\n|switch|p1b: Kommo-o|Kommo-o, L50, M|100/100\n|switch|p2a: Kani|Crabominable, L50, F|100/100\n|switch|p2b: Lazy Cat|Incineroar, L50, M|100/100\n|-ability|p2b: Lazy Cat|Intimidate|boost\n|-unboost|p1a: Gengar|atk|1\n|-unboost|p1b: Kommo-o|atk|1\n|turn|1\n|inactive|SkelyStealth has 30 seconds left.\n|\n|t:|1776139651\n|detailschange|p1a: Gengar|Gengar-Mega, L50, F\n|-mega|p1a: Gengar|Gengar|Gengarite\n|detailschange|p2a: Kani|Crabominable-Mega, L50, F\n|-mega|p2a: Kani|Crabominable|Crabominite\n|move|p1a: Gengar|Protect|p1a: Gengar\n|-singleturn|p1a: Gengar|Protect\n|move|p1b: Kommo-o|Protect|p1b: Kommo-o\n|-singleturn|p1b: Kommo-o|Protect\n|move|p2b: Lazy Cat|Darkest Lariat|p1a: Gengar\n|-activate|p1a: Gengar|move: Protect\n|move|p2a: Kani|Ice Hammer|p1a: Gengar\n|-activate|p1a: Gengar|move: Protect\n|\n|upkeep\n|turn|2\n|\n|t:|1776139660\n|move|p1a: Gengar|Disable|p2a: Kani\n|-start|p2a: Kani|Disable|Ice Hammer\n|move|p1b: Kommo-o|Clangorous Soul|p1b: Kommo-o\n|-boost|p1b: Kommo-o|atk|1\n|-boost|p1b: Kommo-o|def|1\n|-boost|p1b: Kommo-o|spa|1\n|-boost|p1b: Kommo-o|spd|1\n|-boost|p1b: Kommo-o|spe|1\n|-damage|p1b: Kommo-o|68/100\n|move|p2b: Lazy Cat|Darkest Lariat|p1a: Gengar\n|-supereffective|p1a: Gengar|1\n|-damage|p1a: Gengar|0 fnt\n|faint|p1a: Gengar\n|cant|p2a: Kani|Disable|Ice Hammer\n|\n|upkeep\n|\n|t:|1776139676\n|switch|p1a: Politoed|Politoed, L50, M|100/100\n|-weather|RainDance|[from] ability: Drizzle|[of] p1a: Politoed\n|turn|3\n|\n|t:|1776139693\n|switch|p2b: Sun's up|Torkoal, L50, M|100/100\n|-weather|SunnyDay|[from] ability: Drought|[of] p2b: Sun's up\n|switch|p2a: I'm Nobody|Mimikyu, L50, M|100/100\n|move|p1b: Kommo-o|Clangorous Soul|p1b: Kommo-o\n|-boost|p1b: Kommo-o|atk|1\n|-boost|p1b: Kommo-o|def|1\n|-boost|p1b: Kommo-o|spa|1\n|-boost|p1b: Kommo-o|spd|1\n|-boost|p1b: Kommo-o|spe|1\n|-damage|p1b: Kommo-o|35/100\n|move|p1a: Politoed|Muddy Water|p2b: Sun's up|[spread] p2a\n|-miss|p1a: Politoed|p2b: Sun's up\n|-activate|p2a: I'm Nobody|ability: Disguise\n|-damage|p2a: I'm Nobody|100/100\n|detailschange|p2a: I'm Nobody|Mimikyu-Busted, L50, M\n|-damage|p2a: I'm Nobody|88/100|[from] pokemon: Mimikyu-Busted\n|\n|-weather|SunnyDay|[upkeep]\n|upkeep\n|turn|4\n|inactive|SkelyStealth has 30 seconds left.\n|\n|t:|1776139725\n|switch|p1a: Snorlax|Snorlax, L50, M|100/100\n|move|p1b: Kommo-o|Aura Sphere|p2b: Sun's up\n|-damage|p2b: Sun's up|28/100\n|move|p2b: Sun's up|Heat Wave|p1a: Snorlax|[spread] p1a,p1b\n|-resisted|p1b: Kommo-o|1\n|-damage|p1a: Snorlax|83/100\n|-damage|p1b: Kommo-o|22/100\n|move|p2a: I'm Nobody|Trick Room|p2a: I'm Nobody\n|-fieldstart|move: Trick Room|[of] p2a: I'm Nobody\n|\n|-weather|SunnyDay|[upkeep]\n|-heal|p1a: Snorlax|89/100|[from] item: Leftovers\n|upkeep\n|turn|5\n|\n|t:|1776139746\n|switch|p2b: Lazy Cat|Incineroar, L50, M|100/100\n|-ability|p2b: Lazy Cat|Intimidate|boost\n|-unboost|p1a: Snorlax|atk|1\n|-unboost|p1b: Kommo-o|atk|1\n|move|p1b: Kommo-o|Protect|p1b: Kommo-o\n|-singleturn|p1b: Kommo-o|Protect\n|move|p1a: Snorlax|High Horsepower|p2a: I'm Nobody\n|-damage|p2a: I'm Nobody|65/100\n|move|p2a: I'm Nobody|Play Rough|p1b: Kommo-o\n|-activate|p1b: Kommo-o|move: Protect\n|\n|-weather|SunnyDay|[upkeep]\n|-heal|p1a: Snorlax|95/100|[from] item: Leftovers\n|upkeep\n|turn|6\n|\n|t:|1776139769\n|switch|p1b: Politoed|Politoed, L50, M|100/100\n|-weather|RainDance|[from] ability: Drizzle|[of] p1b: Politoed\n|move|p1a: Snorlax|High Horsepower|p2a: I'm Nobody\n|-damage|p2a: I'm Nobody|46/100\n|move|p2b: Lazy Cat|Close Combat|p1a: Snorlax\n|-supereffective|p1a: Snorlax|1\n|-damage|p1a: Snorlax|48/100\n|-unboost|p2b: Lazy Cat|def|1\n|-unboost|p2b: Lazy Cat|spd|1\n|-enditem|p2b: Lazy Cat|White Herb\n|-clearnegativeboost|p2b: Lazy Cat|[silent]\n|move|p2a: I'm Nobody|Play Rough|p1b: Politoed\n|-damage|p1b: Politoed|70/100\n|\n|-weather|RainDance|[upkeep]\n|-heal|p1a: Snorlax|54/100|[from] item: Leftovers\n|upkeep\n|turn|7\n|\n|t:|1776139793\n|move|p1a: Snorlax|High Horsepower|p2b: Lazy Cat\n|-supereffective|p2b: Lazy Cat|1\n|-crit|p2b: Lazy Cat\n|-damage|p2b: Lazy Cat|38/100\n|move|p2b: Lazy Cat|Darkest Lariat|p1b: Politoed\n|-damage|p1b: Politoed|35/100\n|-enditem|p1b: Politoed|Sitrus Berry|[eat]\n|-heal|p1b: Politoed|60/100|[from] item: Sitrus Berry\n|move|p1b: Politoed|Muddy Water|p2b: Lazy Cat|[spread] p2a,p2b\n|-supereffective|p2b: Lazy Cat|1\n|-damage|p2a: I'm Nobody|12/100\n|-damage|p2b: Lazy Cat|0 fnt\n|faint|p2b: Lazy Cat\n|move|p2a: I'm Nobody|Wood Hammer|p1b: Politoed\n|-supereffective|p1b: Politoed|1\n|-damage|p1b: Politoed|0 fnt\n|faint|p1b: Politoed\n|-damage|p2a: I'm Nobody|0 fnt|[from] Recoil\n|faint|p2a: I'm Nobody\n|\n|-weather|RainDance|[upkeep]\n|-heal|p1a: Snorlax|60/100|[from] item: Leftovers\n|upkeep\n|\n|t:|1776139808\n|switch|p2b: Kani|Crabominable-Mega, L50, F|100/100\n|switch|p1b: Kommo-o|Kommo-o, L50, M|22/100\n|switch|p2a: Sun's up|Torkoal, L50, M|28/100\n|-weather|SunnyDay|[from] ability: Drought|[of] p2a: Sun's up\n|turn|8\n|\n|t:|1776139819\n|move|p1a: Snorlax|Protect|p1a: Snorlax\n|-singleturn|p1a: Snorlax|Protect\n|move|p1b: Kommo-o|Protect|p1b: Kommo-o\n|-singleturn|p1b: Kommo-o|Protect\n|move|p2a: Sun's up|Heat Wave|p1a: Snorlax|[spread] \n|-activate|p1a: Snorlax|move: Protect\n|-activate|p1b: Kommo-o|move: Protect\n|move|p2b: Kani|Drain Punch|p1a: Snorlax\n|-activate|p1a: Snorlax|move: Protect\n|\n|-weather|SunnyDay|[upkeep]\n|-heal|p1a: Snorlax|66/100|[from] item: Leftovers\n|-fieldend|move: Trick Room\n|upkeep\n|turn|9\n|\n|t:|1776139841\n|move|p2b: Kani|Mach Punch|p1b: Kommo-o\n|-damage|p1b: Kommo-o|0 fnt\n|faint|p1b: Kommo-o\n|move|p1a: Snorlax|Yawn|p2b: Kani\n|-start|p2b: Kani|move: Yawn|[of] p1a: Snorlax\n|move|p2a: Sun's up|Heat Wave|p1a: Snorlax\n|-damage|p1a: Snorlax|43/100\n|\n|-weather|SunnyDay|[upkeep]\n|-heal|p1a: Snorlax|49/100|[from] item: Leftovers\n|upkeep\n|turn|10\n|-message|Chococroc forfeited.\n|\n|win|SkelyStealth\n|raw|Chococroc's rating: 1446 &rarr; <strong>1428</strong><br />(-18 for losing)\n|raw|SkelyStealth's rating: 1476 &rarr; <strong>1494</strong><br />(+18 for winning)\n|l|\u2606Chococroc\n|player|p1|\n|l|\u2606SkelyStealth\n|player|p2|\n",
  "uploadtime": 1776139860,
  "views": 65,
  "formatid": "gen9championsvgc2026regma",
  "rating": 1428,
  "private": 0,
  "password": null
}