{
  "id": "gen9championsvgc2026regma-2585758684",
  "format": "[Gen 9 Champions] VGC 2026 Reg M-A",
  "players": [
    "rivertoaster290",
    "winterducky"
  ],
  "log": "|j|\u2606rivertoaster290\n|j|\u2606winterducky\n|t:|1776368586\n|gametype|doubles\n|player|p1|rivertoaster290|birdkeeper|1109\n|player|p2|winterducky|265|1085\n|gen|9\n|tier|[Gen 9 Champions] VGC 2026 Reg M-A\n|rated|\n|rule|Species Clause: Limit one of each Pok\u00e9mon\n|rule|Item Clause: Limit 1 of each item\n|clearpoke\n|poke|p1|Meowstic, L50, M|\n|poke|p1|Mr. Rime, L50, F|\n|poke|p1|Gyarados, L50, M|\n|poke|p1|Mamoswine, L50, M|\n|poke|p1|Froslass, L50, F|\n|poke|p1|Alakazam, L50, F|\n|poke|p2|Hawlucha, L50, M|\n|poke|p2|Vanilluxe, L50, F|\n|poke|p2|Espathra, L50, F|\n|poke|p2|Sinistcha, L50|\n|poke|p2|Incineroar, L50, F|\n|poke|p2|Basculegion, L50, M|\n|teampreview|4\n|inactive|Battle timer is ON: inactive players will automatically lose when time's up. (requested by rivertoaster290)\n|\n|t:|1776368632\n|teamsize|p1|4\n|teamsize|p2|4\n|start\n|switch|p1a: Gyarados|Gyarados, L50, M|100/100\n|switch|p1b: Froslass|Froslass, L50, F|100/100\n|switch|p2a: Hawlucha|Hawlucha, L50, M|100/100\n|switch|p2b: Espathra|Espathra, L50, F|100/100\n|-ability|p1a: Gyarados|Intimidate|boost\n|-unboost|p2a: Hawlucha|atk|1\n|-unboost|p2b: Espathra|atk|1\n|turn|1\n|inactive|winterducky has 30 seconds left.\n|inactive|winterducky has 20 seconds left.\n|inactive|winterducky has 15 seconds left.\n|inactive|winterducky has 10 seconds left.\n|inactive|rivertoaster290 has 30 seconds left.\n|\n|t:|1776368683\n|switch|p2a: Vanilluxe|Vanilluxe, L50, F|100/100\n|-weather|Snowscape|[from] ability: Snow Warning|[of] p2a: Vanilluxe\n|detailschange|p1b: Froslass|Froslass-Mega, L50, F\n|-mega|p1b: Froslass|Froslass|Froslassite\n|move|p2b: Espathra|Protect|p2b: Espathra\n|-singleturn|p2b: Espathra|Protect\n|move|p1b: Froslass|Blizzard|p2b: Espathra|[spread] p2a\n|-activate|p2b: Espathra|move: Protect\n|-resisted|p2a: Vanilluxe|1\n|-damage|p2a: Vanilluxe|79/100\n|move|p1a: Gyarados|Thunder Wave|p2b: Espathra\n|-activate|p2b: Espathra|move: Protect\n|\n|-weather|Snowscape|[upkeep]\n|-heal|p2a: Vanilluxe|85/100|[from] item: Leftovers\n|-ability|p2b: Espathra|Speed Boost|boost\n|-boost|p2b: Espathra|spe|1\n|upkeep\n|turn|2\n|inactive|winterducky has 30 seconds left.\n|\n|t:|1776368717\n|switch|p1a: Mamoswine|Mamoswine, L50, M|100/100\n|move|p1b: Froslass|Shadow Ball|p2b: Espathra\n|-supereffective|p2b: Espathra|1\n|-damage|p2b: Espathra|28/100\n|-unboost|p2b: Espathra|spd|1\n|move|p2b: Espathra|Lumina Crash|p1b: Froslass\n|-damage|p1b: Froslass|72/100\n|-unboost|p1b: Froslass|spd|2\n|move|p2a: Vanilluxe|Aurora Veil|p2a: Vanilluxe\n|-sidestart|p2: winterducky|move: Aurora Veil\n|\n|-weather|Snowscape|[upkeep]\n|-heal|p2a: Vanilluxe|92/100|[from] item: Leftovers\n|-ability|p2b: Espathra|Speed Boost|boost\n|-boost|p2b: Espathra|spe|1\n|upkeep\n|turn|3\n|inactive|rivertoaster290 has 30 seconds left.\n|\n|t:|1776368743\n|switch|p1b: Mr. Rime|Mr. Rime, L50, F|100/100\n|switch|p2a: Hawlucha|Hawlucha, L50, M|100/100\n|move|p1a: Mamoswine|Ice Shard|p2b: Espathra\n|-damage|p2b: Espathra|9/100\n|move|p2b: Espathra|Baton Pass|p2b: Espathra\n|\n|t:|1776368752\n|switch|p2b: Vanilluxe|Vanilluxe, L50, F|92/100|[from] Baton Pass\n|\n|-weather|Snowscape|[upkeep]\n|-heal|p2b: Vanilluxe|98/100|[from] item: Leftovers\n|upkeep\n|turn|4\n|inactive|winterducky has 30 seconds left.\n|inactive|rivertoaster290 has 30 seconds left.\n|\n|t:|1776368786\n|detailschange|p2a: Hawlucha|Hawlucha-Mega, L50, M\n|-mega|p2a: Hawlucha|Hawlucha|Hawluchanite\n|move|p2b: Vanilluxe|Blizzard|p1b: Mr. Rime|[spread] p1a,p1b\n|-resisted|p1b: Mr. Rime|1\n|-damage|p1a: Mamoswine|55/100\n|-damage|p1b: Mr. Rime|87/100\n|move|p2a: Hawlucha|Entrainment|p2b: Vanilluxe\n|-ability|p2b: Vanilluxe|No Guard|Snow Warning|[from] move: Entrainment|[of] p2a: Hawlucha\n|move|p1a: Mamoswine|Icicle Crash|p2a: Hawlucha\n|-supereffective|p2a: Hawlucha|1\n|-damage|p2a: Hawlucha|39/100\n|move|p1b: Mr. Rime|Blizzard|p2b: Vanilluxe|[spread] p2a,p2b\n|-supereffective|p2a: Hawlucha|1\n|-resisted|p2b: Vanilluxe|1\n|-damage|p2a: Hawlucha|0 fnt\n|-damage|p2b: Vanilluxe|75/100\n|faint|p2a: Hawlucha\n|\n|-weather|Snowscape|[upkeep]\n|-heal|p1b: Mr. Rime|93/100|[from] ability: Ice Body\n|-heal|p2b: Vanilluxe|81/100|[from] item: Leftovers\n|-heal|p1b: Mr. Rime|99/100|[from] item: Leftovers\n|upkeep\n|\n|t:|1776368810\n|switch|p2a: Espathra|Espathra, L50, F|9/100\n|turn|5\n|inactive|winterducky has 30 seconds left.\n|inactive|rivertoaster290 has 30 seconds left.\n|\n|t:|1776368850\n|move|p1a: Mamoswine|Protect|p1a: Mamoswine\n|-singleturn|p1a: Mamoswine|Protect\n|move|p2a: Espathra|Protect|p2a: Espathra\n|-singleturn|p2a: Espathra|Protect\n|move|p2b: Vanilluxe|Blizzard|p1b: Mr. Rime|[spread] p1b\n|-activate|p1a: Mamoswine|move: Protect\n|-resisted|p1b: Mr. Rime|1\n|-damage|p1b: Mr. Rime|83/100\n|move|p1b: Mr. Rime|Expanding Force|p2b: Vanilluxe\n|-damage|p2b: Vanilluxe|37/100\n|\n|-weather|none\n|-heal|p2b: Vanilluxe|43/100|[from] item: Leftovers\n|-heal|p1b: Mr. Rime|89/100|[from] item: Leftovers\n|-ability|p2a: Espathra|Speed Boost|boost\n|-boost|p2a: Espathra|spe|1\n|upkeep\n|turn|6\n|inactive|winterducky has 30 seconds left.\n|inactive|winterducky has 20 seconds left.\n|inactive|winterducky has 15 seconds left.\n|\n|t:|1776368895\n|move|p1b: Mr. Rime|Ally Switch|p1b: Mr. Rime\n|swap|p1b: Mr. Rime|0|[from] move: Ally Switch\n|move|p1b: Mamoswine|Ice Shard|p2a: Espathra\n|-damage|p2a: Espathra|0 fnt\n|faint|p2a: Espathra\n|move|p2b: Vanilluxe|Blizzard|p1b: Mamoswine|[spread] p1a,p1b\n|-resisted|p1a: Mr. Rime|1\n|-damage|p1a: Mr. Rime|75/100\n|-damage|p1b: Mamoswine|8/100\n|\n|-heal|p2b: Vanilluxe|49/100|[from] item: Leftovers\n|-heal|p1a: Mr. Rime|81/100|[from] item: Leftovers\n|-sideend|p2: winterducky|move: Aurora Veil\n|upkeep\n|\n|t:|1776368905\n|switch|p2a: Basculegion|Basculegion, L50, M|100/100\n|turn|7\n|inactive|rivertoaster290 has 30 seconds left.\n|inactive|rivertoaster290 has 20 seconds left.\n|inactive|rivertoaster290 has 15 seconds left.\n|inactive|rivertoaster290 has 10 seconds left.\n|inactive|rivertoaster290 has 5 seconds left.\n|\n|t:|1776368956\n|switch|p1a: Gyarados|Gyarados, L50, M|100/100\n|-ability|p1a: Gyarados|Intimidate|boost\n|-unboost|p2a: Basculegion|atk|1\n|-unboost|p2b: Vanilluxe|atk|1\n|move|p1b: Mamoswine|Protect|p1b: Mamoswine\n|-singleturn|p1b: Mamoswine|Protect\n|move|p2b: Vanilluxe|Blizzard|p1a: Gyarados|[spread] p1a\n|-activate|p1b: Mamoswine|move: Protect\n|-damage|p1a: Gyarados|78/100\n|-status|p1a: Gyarados|frz\n|move|p2a: Basculegion|Last Respects|p1a: Gyarados\n|-damage|p1a: Gyarados|15/100 frz\n|-enditem|p1a: Gyarados|Sitrus Berry|[eat]\n|-heal|p1a: Gyarados|40/100 frz|[from] item: Sitrus Berry\n|\n|-heal|p2b: Vanilluxe|56/100|[from] item: Leftovers\n|upkeep\n|turn|8\n|\n|t:|1776368976\n|switch|p1b: Froslass|Froslass-Mega, L50, F|72/100\n|-weather|Snowscape|[from] ability: Snow Warning|[of] p1b: Froslass\n|cant|p1a: Gyarados|frz\n|move|p2b: Vanilluxe|Blizzard|p1a: Gyarados|[spread] p1a,p1b\n|-resisted|p1b: Froslass|1\n|-damage|p1a: Gyarados|17/100 frz\n|-damage|p1b: Froslass|57/100\n|move|p2a: Basculegion|Last Respects|p1a: Gyarados\n|-damage|p1a: Gyarados|0 fnt\n|faint|p1a: Gyarados\n|\n|-weather|Snowscape|[upkeep]\n|-heal|p2b: Vanilluxe|62/100|[from] item: Leftovers\n|upkeep\n|\n|t:|1776368987\n|switch|p1a: Mr. Rime|Mr. Rime, L50, F|81/100\n|turn|9\n|\n|t:|1776369002\n|move|p1b: Froslass|Protect|p1b: Froslass\n|-singleturn|p1b: Froslass|Protect\n|move|p2b: Vanilluxe|Aurora Veil|p2b: Vanilluxe\n|-sidestart|p2: winterducky|move: Aurora Veil\n|move|p2a: Basculegion|Last Respects|p1b: Froslass\n|-activate|p1b: Froslass|move: Protect\n|move|p1a: Mr. Rime|Expanding Force|p2b: Vanilluxe\n|-crit|p2b: Vanilluxe\n|-damage|p2b: Vanilluxe|0 fnt\n|faint|p2b: Vanilluxe\n|\n|-weather|Snowscape|[upkeep]\n|-heal|p1a: Mr. Rime|87/100|[from] ability: Ice Body\n|-heal|p1a: Mr. Rime|92/100|[from] item: Leftovers\n|upkeep\n|turn|10\n|\n|t:|1776369017\n|move|p1a: Mr. Rime|Ally Switch|p1a: Mr. Rime\n|swap|p1a: Mr. Rime|1|[from] move: Ally Switch\n|move|p2a: Basculegion|Last Respects|p1b: Mr. Rime\n|-supereffective|p1b: Mr. Rime|1\n|-damage|p1b: Mr. Rime|0 fnt\n|faint|p1b: Mr. Rime\n|move|p1a: Froslass|Shadow Ball|p2a: Basculegion\n|-supereffective|p2a: Basculegion|1\n|-damage|p2a: Basculegion|43/100\n|-unboost|p2a: Basculegion|spd|1\n|\n|-weather|Snowscape|[upkeep]\n|upkeep\n|\n|t:|1776369021\n|switch|p1b: Mamoswine|Mamoswine, L50, M|8/100\n|turn|11\n|\n|t:|1776369046\n|move|p1a: Froslass|Protect|p1a: Froslass\n|-singleturn|p1a: Froslass|Protect\n|move|p1b: Mamoswine|Protect|p1b: Mamoswine\n|-singleturn|p1b: Mamoswine|Protect\n|move|p2a: Basculegion|Last Respects|p1a: Froslass\n|-activate|p1a: Froslass|move: Protect\n|\n|-weather|Snowscape|[upkeep]\n|upkeep\n|turn|12\n|\n|t:|1776369060\n|move|p2a: Basculegion|Last Respects|p1a: Froslass\n|-supereffective|p1a: Froslass|1\n|-damage|p1a: Froslass|0 fnt\n|faint|p1a: Froslass\n|move|p1b: Mamoswine|Earthquake|p2a: Basculegion\n|-damage|p2a: Basculegion|0 fnt\n|faint|p2a: Basculegion\n|\n|win|rivertoaster290\n|raw|rivertoaster290's rating: 1109 &rarr; <strong>1132</strong><br />(+23 for winning)\n|raw|winterducky's rating: 1085 &rarr; <strong>1064</strong><br />(-21 for losing)\n",
  "uploadtime": 1776369067,
  "views": 23,
  "formatid": "gen9championsvgc2026regma",
  "rating": 1064,
  "private": 0,
  "password": null
}