{
  "id": "gen9championsvgc2026regma-2585738444",
  "format": "[Gen 9 Champions] VGC 2026 Reg M-A",
  "players": [
    "bogithesecond",
    "bigearlington"
  ],
  "log": "|j|\u2606bogithesecond\n|j|\u2606bigearlington\n|t:|1776367190\n|gametype|doubles\n|player|p1|bogithesecond|102|1062\n|player|p2|bigearlington|102|1046\n|gen|9\n|tier|[Gen 9 Champions] VGC 2026 Reg M-A\n|rated|\n|rule|Species Clause: Limit one of each Pok\u00e9mon\n|rule|Item Clause: Limit 1 of each item\n|clearpoke\n|poke|p1|Froslass, L50, F|\n|poke|p1|Garchomp, L50, M|\n|poke|p1|Orthworm, L50, F|\n|poke|p1|Whimsicott, L50, M|\n|poke|p1|Incineroar, L50, M|\n|poke|p1|Rotom-Heat, L50|\n|poke|p2|Aerodactyl, L50, M|\n|poke|p2|Maushold, L50|\n|poke|p2|Garchomp, L50, M|\n|poke|p2|Delphox, L50, M|\n|poke|p2|Aegislash, L50, M|\n|poke|p2|Floette-Eternal, L50, F|\n|teampreview|4\n|inactive|Battle timer is ON: inactive players will automatically lose when time's up. (requested by bogithesecond)\n|inactive|bigearlington has 60 seconds left.\nbogithesecond has agreed to open team sheets.\n|inactive|bigearlington has 30 seconds left.\n|inactive|bigearlington has 20 seconds left.\n|inactive|bigearlington has 15 seconds left.\n|inactive|bigearlington has 10 seconds left.\n|\n|t:|1776367306\n|teamsize|p1|4\n|teamsize|p2|4\n|start\n|switch|p1a: Orthworm|Orthworm, L50, F|100/100\n|switch|p1b: Incineroar|Incineroar, L50, M|100/100\n|switch|p2a: Aerodactyl|Aerodactyl, L50, M|100/100\n|switch|p2b: Delphox|Delphox, L50, M|100/100\n|-ability|p2a: Aerodactyl|Unnerve\n|-ability|p1b: Incineroar|Intimidate|boost\n|-unboost|p2a: Aerodactyl|atk|1\n|-unboost|p2b: Delphox|atk|1\n|turn|1\n|inactive|bigearlington has 30 seconds left.\n|inactive|bigearlington has 20 seconds left.\n|inactive|bigearlington has 15 seconds left.\n|\n|t:|1776367351\n|detailschange|p2b: Delphox|Delphox-Mega, L50, M\n|-mega|p2b: Delphox|Delphox|Delphoxite\n|move|p1a: Orthworm|Protect|p1a: Orthworm\n|-singleturn|p1a: Orthworm|Protect\n|move|p2b: Delphox|Heat Wave|p1b: Incineroar|[spread] p1b\n|-activate|p1a: Orthworm|move: Protect\n|-resisted|p1b: Incineroar|1\n|-damage|p1b: Incineroar|81/100\n|move|p2a: Aerodactyl|Tailwind|p2a: Aerodactyl\n|-sidestart|p2: bigearlington|move: Tailwind\n|move|p1b: Incineroar|Darkest Lariat|p2b: Delphox\n|-supereffective|p2b: Delphox|1\n|-damage|p2b: Delphox|0 fnt\n|faint|p2b: Delphox\n|\n|upkeep\n|inactive|bigearlington has 30 seconds left.\n|\n|t:|1776367378\n|switch|p2b: Aegislash|Aegislash, L50, M|100/100\n|turn|2\n|inactive|bigearlington has 30 seconds left.\n|inactive|bigearlington has 20 seconds left.\n|\n|t:|1776367420\n|move|p2a: Aerodactyl|Rock Slide|p1b: Incineroar|[spread] p1a,p1b\n|-resisted|p1a: Orthworm|1\n|-supereffective|p1b: Incineroar|1\n|-damage|p1a: Orthworm|95/100\n|-damage|p1b: Incineroar|57/100\n|-formechange|p2b: Aegislash|Aegislash-Blade|\n|move|p2b: Aegislash|Sacred Sword|p1b: Incineroar\n|-supereffective|p1b: Incineroar|1\n|-damage|p1b: Incineroar|9/100\n|move|p1a: Orthworm|Shed Tail|p1a: Orthworm\n|-start|p1a: Orthworm|Substitute|[from] move: Shed Tail\n|-damage|p1a: Orthworm|45/100\n|\n|t:|1776367431\n|switch|p1a: Rotom|Rotom-Heat, L50|100/100|[from] Shed Tail\n|cant|p1b: Incineroar|flinch\n|\n|upkeep\n|turn|3\n|\n|t:|1776367450\n|-formechange|p2b: Aegislash|Aegislash|\n|move|p2b: Aegislash|King's Shield|p2b: Aegislash\n|-singleturn|p2b: Aegislash|Protect\n|move|p2a: Aerodactyl|Rock Slide|p1a: Rotom|[spread] p1a,p1b\n|-supereffective|p1a: Rotom|1\n|-end|p1a: Rotom|Substitute\n|-supereffective|p1b: Incineroar|1\n|-damage|p1b: Incineroar|0 fnt\n|faint|p1b: Incineroar\n|move|p1a: Rotom|Overheat|p2b: Aegislash\n|-activate|p2b: Aegislash|move: Protect\n|\n|upkeep\n|\n|t:|1776367457\n|switch|p1b: Whimsicott|Whimsicott, L50, M|100/100\n|turn|4\n|inactive|bigearlington has 30 seconds left.\n|inactive|bigearlington has 20 seconds left.\n|inactive|bigearlington has 15 seconds left.\n|inactive|bigearlington has 10 seconds left.\n|inactive|bigearlington has 5 seconds left.\n|\n|t:|1776367510\n|switch|p2b: Maushold|Maushold, L50|100/100\n|move|p1b: Whimsicott|Tailwind|p1b: Whimsicott\n|-sidestart|p1: bogithesecond|move: Tailwind\n|move|p2a: Aerodactyl|Dual Wingbeat|p1b: Whimsicott\n|-supereffective|p1b: Whimsicott|1\n|-damage|p1b: Whimsicott|78/100\n|-supereffective|p1b: Whimsicott|1\n|-damage|p1b: Whimsicott|56/100\n|-hitcount|p1b: Whimsicott|2\n|move|p1a: Rotom|Overheat|p2b: Maushold|[miss]\n|-miss|p1a: Rotom|p2b: Maushold\n|\n|-sideend|p2: bigearlington|move: Tailwind\n|upkeep\n|turn|5\n|inactive|bogithesecond has 30 seconds left.\n|inactive|bigearlington has 30 seconds left.\n|inactive|bigearlington has 20 seconds left.\n|\n|t:|1776367545\n|move|p1b: Whimsicott|Protect|p1b: Whimsicott\n|-singleturn|p1b: Whimsicott|Protect\n|move|p2b: Maushold|Follow Me|p2b: Maushold\n|-singleturn|p2b: Maushold|move: Follow Me\n|move|p1a: Rotom|Overheat|p2b: Maushold\n|-damage|p2b: Maushold|19/100\n|-unboost|p1a: Rotom|spa|2\n|move|p2a: Aerodactyl|Tailwind|p2a: Aerodactyl\n|-sidestart|p2: bigearlington|move: Tailwind\n|\n|upkeep\n|turn|6\n|inactive|bigearlington has 30 seconds left.\n|inactive|bigearlington has 20 seconds left.\n|inactive|bigearlington has 15 seconds left.\n|inactive|bigearlington has 10 seconds left.\n|\n|t:|1776367593\n|switch|p1a: Orthworm|Orthworm, L50, F|45/100\n|move|p1b: Whimsicott|Encore|p2a: Aerodactyl\n|-start|p2a: Aerodactyl|Encore\n|move|p2a: Aerodactyl|Tailwind||[still]\n|-fail|p2a: Aerodactyl\n|move|p2b: Maushold|Super Fang|p1a: Orthworm\n|-damage|p1a: Orthworm|23/100\n|\n|-heal|p1a: Orthworm|29/100|[from] item: Leftovers\n|upkeep\n|turn|7\n|inactive|bigearlington has 30 seconds left.\n|inactive|bigearlington has 20 seconds left.\n|inactive|bigearlington has 15 seconds left.\n|\n|t:|1776367637\n|switch|p2a: Aegislash|Aegislash, L50, M|100/100\n|move|p2b: Maushold|Protect|p2b: Maushold\n|-singleturn|p2b: Maushold|Protect\n|move|p1b: Whimsicott|Moonblast|p2b: Maushold\n|-activate|p2b: Maushold|move: Protect\n|move|p1a: Orthworm|Heavy Slam|p2a: Aegislash\n|-resisted|p2a: Aegislash|1\n|-damage|p2a: Aegislash|89/100\n|\n|-heal|p1a: Orthworm|35/100|[from] item: Leftovers\n|-sideend|p1: bogithesecond|move: Tailwind\n|upkeep\n|turn|8\n|inactive|bogithesecond has 30 seconds left.\n|inactive|bigearlington has 30 seconds left.\n|inactive|bogithesecond has 20 seconds left.\n|inactive|bigearlington has 20 seconds left.\n|inactive|bogithesecond has 15 seconds left.\n|\n|t:|1776367678\n|move|p1b: Whimsicott|Protect|p1b: Whimsicott\n|-singleturn|p1b: Whimsicott|Protect\n|move|p2b: Maushold|Taunt|p1b: Whimsicott\n|-activate|p1b: Whimsicott|move: Protect\n|-formechange|p2a: Aegislash|Aegislash-Blade|\n|move|p2a: Aegislash|Poltergeist|p1a: Orthworm\n|-activate|p1a: Orthworm|move: Poltergeist|Leftovers\n|-damage|p1a: Orthworm|0 fnt\n|faint|p1a: Orthworm\n|\n|-sideend|p2: bigearlington|move: Tailwind\n|upkeep\n|\n|t:|1776367688\n|switch|p1a: Rotom|Rotom-Heat, L50|100/100\n|turn|9\n|\n|t:|1776367705\n|move|p2b: Maushold|Follow Me|p2b: Maushold\n|-singleturn|p2b: Maushold|move: Follow Me\n|move|p1b: Whimsicott|Tailwind|p1b: Whimsicott\n|-sidestart|p1: bogithesecond|move: Tailwind\n|move|p1a: Rotom|Trick|p2b: Maushold\n|-activate|p1a: Rotom|move: Trick|[of] p2b: Maushold\n|-item|p2b: Maushold|Choice Scarf|[from] move: Trick\n|-item|p1a: Rotom|Chople Berry|[from] move: Trick\n|move|p2a: Aegislash|Poltergeist|p1a: Rotom\n|-activate|p1a: Rotom|move: Poltergeist|Chople Berry\n|-damage|p1a: Rotom|4/100\n|\n|upkeep\n|turn|10\n|inactive|bogithesecond has 30 seconds left.\n|inactive|bigearlington has 30 seconds left.\n|inactive|bogithesecond has 20 seconds left.\n|inactive|bogithesecond has 15 seconds left.\n|inactive|bogithesecond has 10 seconds left.\n|inactive|bigearlington has 20 seconds left.\n|\n|t:|1776367752\n|move|p2a: Aegislash|Shadow Sneak|p1a: Rotom\n|-damage|p1a: Rotom|0 fnt\n|faint|p1a: Rotom\n|move|p1b: Whimsicott|Moonblast|p2b: Maushold\n|-damage|p2b: Maushold|0 fnt\n|faint|p2b: Maushold\n|\n|upkeep\n|\n|t:|1776367758\n|switch|p2b: Aerodactyl|Aerodactyl, L50, M|100/100\n|-ability|p2b: Aerodactyl|Unnerve\n|turn|11\n|\n|t:|1776367768\n|move|p1b: Whimsicott|Encore|p2a: Aegislash\n|-start|p2a: Aegislash|Encore\n|move|p2a: Aegislash|Shadow Sneak|p1b: Whimsicott\n|-damage|p1b: Whimsicott|32/100\n|move|p2b: Aerodactyl|Dual Wingbeat|p1b: Whimsicott\n|-supereffective|p1b: Whimsicott|1\n|-damage|p1b: Whimsicott|0 fnt\n|faint|p1b: Whimsicott\n|-hitcount|p1: Whimsicott|1\n|\n|win|bigearlington\n|raw|bogithesecond's rating: 1062 &rarr; <strong>1042</strong><br />(-20 for losing)\n|raw|bigearlington's rating: 1046 &rarr; <strong>1081</strong><br />(+35 for winning)\n",
  "uploadtime": 1776367777,
  "views": 19,
  "formatid": "gen9championsvgc2026regma",
  "rating": 1042,
  "private": 0,
  "password": null
}