{
  "id": "gen9championsvgc2026regma-2584622369",
  "format": "[Gen 9 Champions] VGC 2026 Reg M-A",
  "players": [
    "rmb28",
    "Waluboi"
  ],
  "log": "|j|\u2606rmb28\n|j|\u203dWaluboi\n|t:|1776272710\n|gametype|doubles\n|player|p1|rmb28|blackbelt-gen4dp|1047\n|player|p2|Waluboi|101|1059\n|gen|9\n|tier|[Gen 9 Champions] VGC 2026 Reg M-A\n|rated|\n|rule|Species Clause: Limit one of each Pok\u00e9mon\n|rule|Item Clause: Limit 1 of each item\n|clearpoke\n|poke|p1|Floette-Eternal, L50, F|\n|poke|p1|Aerodactyl, L50, F|\n|poke|p1|Garchomp, L50, F|\n|poke|p1|Incineroar, L50, M|\n|poke|p1|Sneasler, L50, M|\n|poke|p1|Aegislash, L50, M|\n|poke|p2|Pelipper, L50, M|\n|poke|p2|Archaludon, L50, F|\n|poke|p2|Beedrill, L50, F|\n|poke|p2|Basculegion, L50, M|\n|poke|p2|Raichu, L50, F|\n|poke|p2|Blastoise, L50, F|\n|teampreview|4\n|inactive|Battle timer is ON: inactive players will automatically lose when time's up. (requested by rmb28)\n|c|\u2606rmb28|gl\nrmb28 has agreed to open team sheets.\n|inactive|Waluboi has 60 seconds left.\n|\n|t:|1776272754\n|teamsize|p1|4\n|teamsize|p2|4\n|start\n|switch|p1a: Incineroar|Incineroar, L50, M|100/100\n|switch|p1b: Aegislash|Aegislash, L50, M|100/100\n|switch|p2a: Pelipper|Pelipper, L50, M|100/100\n|switch|p2b: Raichu|Raichu, L50, F|100/100\n|-weather|RainDance|[from] ability: Drizzle|[of] p2a: Pelipper\n|-ability|p1a: Incineroar|Intimidate|boost\n|-unboost|p2a: Pelipper|atk|1\n|-unboost|p2b: Raichu|atk|1\n|turn|1\n|inactive|rmb28 has 30 seconds left.\n|\n|t:|1776272789\n|switch|p1a: Floette|Floette-Eternal, L50, F|100/100\n|move|p2b: Raichu|Fake Out|p1a: Floette\n|-damage|p1a: Floette|93/100\n|move|p2a: Pelipper|Weather Ball|p1a: Floette\n|-damage|p1a: Floette|45/100\n|-formechange|p1b: Aegislash|Aegislash-Blade|\n|move|p1b: Aegislash|Shadow Ball|p2b: Raichu\n|-damage|p2b: Raichu|33/100\n|-unboost|p2b: Raichu|spd|1\n|\n|-weather|RainDance|[upkeep]\n|upkeep\n|turn|2\n|inactive|rmb28 has 30 seconds left.\n|inactive|rmb28 has 20 seconds left.\n|\n|t:|1776272826\n|-formechange|p1b: Aegislash|Aegislash|\n|move|p1b: Aegislash|King's Shield|p1b: Aegislash\n|-singleturn|p1b: Aegislash|Protect\n|move|p2b: Raichu|Thunder Wave|p1b: Aegislash\n|-status|p1b: Aegislash|par\n|move|p1a: Floette|Light of Ruin|p2a: Pelipper\n|-damage|p2a: Pelipper|0 fnt\n|faint|p2a: Pelipper\n|-damage|p1a: Floette|0 fnt|[from] Recoil\n|faint|p1a: Floette\n|\n|-weather|RainDance|[upkeep]\n|upkeep\n|\n|t:|1776272845\n|switch|p1a: Sneasler|Sneasler, L50, M|100/100\n|switch|p2a: Basculegion|Basculegion, L50, M|100/100\n|turn|3\n|\n|t:|1776272868\n|move|p1a: Sneasler|Fake Out|p2b: Raichu\n|-damage|p2b: Raichu|10/100\n|move|p2a: Basculegion|Last Respects|p1b: Aegislash\n|-supereffective|p1b: Aegislash|1\n|-damage|p1b: Aegislash|6/100 par\n|cant|p2b: Raichu|flinch\n|cant|p1b: Aegislash|par\n|\n|-weather|RainDance|[upkeep]\n|upkeep\n|turn|4\n|\n|t:|1776272887\n|-formechange|p1b: Aegislash|Aegislash-Blade|\n|move|p1b: Aegislash|Shadow Sneak|p2b: Raichu\n|-damage|p2b: Raichu|0 fnt\n|faint|p2b: Raichu\n|move|p2a: Basculegion|Last Respects|p1a: Sneasler\n|-damage|p1a: Sneasler|0 fnt\n|faint|p1a: Sneasler\n|\n|-weather|RainDance|[upkeep]\n|upkeep\n|\n|t:|1776272893\n|switch|p2b: Archaludon|Archaludon, L50, F|100/100\n|switch|p1a: Incineroar|Incineroar, L50, M|100/100\n|-ability|p1a: Incineroar|Intimidate|boost\n|-unboost|p2a: Basculegion|atk|1\n|-unboost|p2b: Archaludon|atk|1\n|turn|5\n|\n|t:|1776272909\n|-formechange|p1b: Aegislash|Aegislash|\n|move|p1b: Aegislash|King's Shield|p1b: Aegislash\n|-singleturn|p1b: Aegislash|Protect\n|move|p1a: Incineroar|Fake Out|p2b: Archaludon\n|-resisted|p2b: Archaludon|1\n|-damage|p2b: Archaludon|96/100\n|move|p2a: Basculegion|Last Respects|p1b: Aegislash\n|-activate|p1b: Aegislash|move: Protect\n|cant|p2b: Archaludon|flinch\n|\n|-weather|none\n|-heal|p2b: Archaludon|100/100|[from] item: Leftovers\n|upkeep\n|turn|6\n|inactive|rmb28 has 30 seconds left.\n|\n|t:|1776272940\n|-formechange|p1b: Aegislash|Aegislash-Blade|\n|move|p1b: Aegislash|Shadow Sneak|p2a: Basculegion\n|-supereffective|p2a: Basculegion|1\n|-damage|p2a: Basculegion|54/100\n|move|p2a: Basculegion|Last Respects|p1b: Aegislash\n|-supereffective|p1b: Aegislash|1\n|-damage|p1b: Aegislash|0 fnt\n|faint|p1b: Aegislash\n|move|p2b: Archaludon|Draco Meteor|p1a: Incineroar\n|-damage|p1a: Incineroar|44/100\n|-unboost|p2b: Archaludon|spa|2\n|move|p1a: Incineroar|Flare Blitz|p2b: Archaludon\n|-crit|p2b: Archaludon\n|-damage|p2b: Archaludon|44/100\n|-status|p2b: Archaludon|brn\n|-damage|p1a: Incineroar|25/100|[from] Recoil\n|\n|-heal|p2b: Archaludon|50/100 brn|[from] item: Leftovers\n|-damage|p2b: Archaludon|44/100 brn|[from] brn\n|upkeep\n|turn|7\n|inactive|rmb28 has 30 seconds left.\n|\n|t:|1776272974\n|move|p2a: Basculegion|Last Respects|p1a: Incineroar\n|-resisted|p1a: Incineroar|1\n|-damage|p1a: Incineroar|2/100\n|move|p2b: Archaludon|Draco Meteor|p1a: Incineroar\n|-damage|p1a: Incineroar|0 fnt\n|-unboost|p2b: Archaludon|spa|2\n|faint|p1a: Incineroar\n|\n|win|Waluboi\n|raw|rmb28's rating: 1047 &rarr; <strong>1031</strong><br />(-16 for losing)\n|raw|Waluboi's rating: 1059 &rarr; <strong>1089</strong><br />(+30 for winning)\n",
  "uploadtime": 1776272974,
  "views": 17,
  "formatid": "gen9championsvgc2026regma",
  "rating": 1031,
  "private": 0,
  "password": null
}