{
  "id": "gen9championsvgc2026regma-2581305342",
  "format": "[Gen 9 Champions] VGC 2026 Reg M-A",
  "players": [
    "AyushXD",
    "kqami"
  ],
  "log": "|j|\u2606AyushXD\n|j|\u2606kqami\n|t:|1775984134\n|gametype|doubles\n|player|p1|AyushXD|red-lgpe|1178\n|player|p2|kqami|steven|1131\n|gen|9\n|tier|[Gen 9 Champions] VGC 2026 Reg M-A\n|rated|\n|rule|Species Clause: Limit one of each Pok\u00e9mon\n|rule|Item Clause: Limit 1 of each item\n|clearpoke\n|poke|p1|Meganium, L50, M|\n|poke|p1|Incineroar, L50, F|\n|poke|p1|Talonflame, L50, M|\n|poke|p1|Garchomp, L50, F|\n|poke|p1|Aegislash, L50, F|\n|poke|p1|Tyranitar, L50, M|\n|poke|p2|Froslass, L50, F|\n|poke|p2|Whimsicott, L50, F|\n|poke|p2|Hawlucha, L50, M|\n|poke|p2|Garchomp, L50, M|\n|poke|p2|Vanilluxe, L50, M|\n|poke|p2|Incineroar, L50, M|\n|teampreview|4\n|inactive|Battle timer is ON: inactive players will automatically lose when time's up. (requested by kqami)\n|inactive|AyushXD has 60 seconds left.\n|\n|t:|1775984166\n|teamsize|p1|4\n|teamsize|p2|4\n|start\n|switch|p1a: Talonflame|Talonflame, L50, M|100/100\n|switch|p1b: Incineroar|Incineroar, L50, F|100/100\n|switch|p2a: Hawlucha|Hawlucha, L50, M|100/100\n|switch|p2b: Vanilluxe|Vanilluxe, L50, M, shiny|100/100\n|-ability|p1b: Incineroar|Intimidate|boost\n|-unboost|p2a: Hawlucha|atk|1\n|-unboost|p2b: Vanilluxe|atk|1\n|turn|1\n|\n|t:|1775984185\n|move|p2a: Hawlucha|Protect|p2a: Hawlucha\n|-singleturn|p2a: Hawlucha|Protect\n|move|p2b: Vanilluxe|Protect|p2b: Vanilluxe\n|-singleturn|p2b: Vanilluxe|Protect\n|move|p1b: Incineroar|Fake Out|p2a: Hawlucha\n|-activate|p2a: Hawlucha|move: Protect\n|move|p1a: Talonflame|Tailwind|p1a: Talonflame\n|-sidestart|p1: AyushXD|move: Tailwind\n|\n|upkeep\n|turn|2\n|inactive|kqami has 30 seconds left.\n|inactive|kqami has 20 seconds left.\n|inactive|kqami has 15 seconds left.\n|\n|t:|1775984226\n|detailschange|p2a: Hawlucha|Hawlucha-Mega, L50, M\n|-mega|p2a: Hawlucha|Hawlucha|Hawluchanite\n|move|p1a: Talonflame|Brave Bird|p2a: Hawlucha\n|-supereffective|p2a: Hawlucha|1\n|-damage|p2a: Hawlucha|6/100\n|-damage|p1a: Talonflame|64/100|[from] Recoil\n|move|p2a: Hawlucha|Entrainment|p2b: Vanilluxe\n|-ability|p2b: Vanilluxe|No Guard|Weak Armor|[from] move: Entrainment|[of] p2a: Hawlucha\n|move|p1b: Incineroar|Flare Blitz|p2b: Vanilluxe\n|-supereffective|p2b: Vanilluxe|1\n|-damage|p2b: Vanilluxe|6/100\n|-status|p2b: Vanilluxe|brn\n|-enditem|p2b: Vanilluxe|Sitrus Berry|[eat]\n|-heal|p2b: Vanilluxe|31/100 brn|[from] item: Sitrus Berry\n|-damage|p1b: Incineroar|78/100|[from] Recoil\n|move|p2b: Vanilluxe|Sheer Cold|p1b: Incineroar\n|-damage|p1b: Incineroar|0 fnt\n|faint|p1b: Incineroar\n|-ohko\n|\n|-damage|p2b: Vanilluxe|24/100 brn|[from] brn\n|upkeep\n|inactive|AyushXD has 30 seconds left.\n|\n|t:|1775984259\n|switch|p1b: Garchomp|Garchomp, L50, F|100/100\n|turn|3\n|\n|t:|1775984265\n|move|p2a: Hawlucha|Protect|p2a: Hawlucha\n|-singleturn|p2a: Hawlucha|Protect\n|move|p2b: Vanilluxe|Protect|p2b: Vanilluxe\n|-singleturn|p2b: Vanilluxe|Protect\n|move|p1a: Talonflame|Flare Blitz|p2b: Vanilluxe\n|-activate|p2b: Vanilluxe|move: Protect\n|move|p1b: Garchomp|Dragon Claw|p2a: Hawlucha\n|-activate|p2a: Hawlucha|move: Protect\n|\n|-damage|p2b: Vanilluxe|18/100 brn|[from] brn\n|upkeep\n|turn|4\n|inactive|kqami has 30 seconds left.\n|\n|t:|1775984294\n|move|p1a: Talonflame|Flare Blitz|p2a: Hawlucha\n|-damage|p2a: Hawlucha|0 fnt\n|faint|p2a: Hawlucha\n|-damage|p1a: Talonflame|61/100|[from] Recoil\n|move|p1b: Garchomp|Dragon Claw|p2b: Vanilluxe\n|-damage|p2b: Vanilluxe|0 fnt\n|faint|p2b: Vanilluxe\n|\n|-sideend|p1: AyushXD|move: Tailwind\n|upkeep\n|\n|t:|1775984301\n|switch|p2a: Incineroar|Incineroar, L50, M|100/100\n|switch|p2b: Garchomp|Garchomp, L50, M, shiny|100/100\n|-ability|p2a: Incineroar|Intimidate|boost\n|-unboost|p1a: Talonflame|atk|1\n|-unboost|p1b: Garchomp|atk|1\n|-enditem|p1b: Garchomp|White Herb\n|-clearnegativeboost|p1b: Garchomp|[silent]\n|turn|5\n|inactive|kqami has 30 seconds left.\n|\n|t:|1775984327\n|move|p1a: Talonflame|Protect|p1a: Talonflame\n|-singleturn|p1a: Talonflame|Protect\n|move|p1b: Garchomp|Protect|p1b: Garchomp\n|-singleturn|p1b: Garchomp|Protect\n|move|p2a: Incineroar|Fake Out|p1b: Garchomp\n|-activate|p1b: Garchomp|move: Protect\n|move|p2b: Garchomp|Dragon Claw|p1b: Garchomp\n|-activate|p1b: Garchomp|move: Protect\n|\n|upkeep\n|turn|6\n|\n|t:|1775984347\n|move|p1a: Talonflame|Tailwind|p1a: Talonflame\n|-sidestart|p1: AyushXD|move: Tailwind\n|move|p1b: Garchomp|Earthquake|p2b: Garchomp|[spread] p2a,p2b\n|-immune|p1a: Talonflame\n|-supereffective|p2a: Incineroar|1\n|-damage|p2a: Incineroar|28/100\n|-damage|p2b: Garchomp|61/100\n|move|p2b: Garchomp|Dragon Claw|p1a: Talonflame\n|-damage|p1a: Talonflame|0 fnt\n|faint|p1a: Talonflame\n|move|p2a: Incineroar|Will-O-Wisp|p1b: Garchomp\n|-status|p1b: Garchomp|brn\n|\n|-damage|p1b: Garchomp|95/100 brn|[from] brn\n|upkeep\n|\n|t:|1775984353\n|switch|p1a: Tyranitar|Tyranitar, L50, M|100/100\n|-weather|Sandstorm|[from] ability: Sand Stream|[of] p1a: Tyranitar\n|turn|7\n|\n|t:|1775984365\n|move|p1b: Garchomp|Dragon Claw|p2a: Incineroar\n|-damage|p2a: Incineroar|7/100\n|move|p1a: Tyranitar|Ice Punch|p2b: Garchomp\n|-supereffective|p2b: Garchomp|2\n|-enditem|p2b: Garchomp|Yache Berry|[eat]\n|-enditem|p2b: Garchomp|Yache Berry|[weaken]\n|-damage|p2b: Garchomp|0 fnt\n|-damage|p1a: Tyranitar|88/100|[from] ability: Rough Skin|[of] p2b: Garchomp\n|faint|p2b: Garchomp\n|move|p2a: Incineroar|Parting Shot|p1b: Garchomp\n|-unboost|p1b: Garchomp|atk|1\n|-unboost|p1b: Garchomp|spa|1\n|\n|-weather|Sandstorm|[upkeep]\n|-damage|p2a: Incineroar|1/100|[from] Sandstorm\n|-damage|p1b: Garchomp|89/100 brn|[from] brn\n|upkeep\n|turn|8\n|-message|kqami forfeited.\n|\n|win|AyushXD\n|raw|AyushXD's rating: 1178 &rarr; <strong>1200</strong><br />(+22 for winning)\n|raw|kqami's rating: 1131 &rarr; <strong>1109</strong><br />(-22 for losing)\n|l|\u2606kqami\n|player|p2|\n",
  "uploadtime": 1775984378,
  "views": 40,
  "formatid": "gen9championsvgc2026regma",
  "rating": 1109,
  "private": 0,
  "password": null
}