{
  "id": "gen9championsvgc2026regma-2581488596",
  "format": "[Gen 9 Champions] VGC 2026 Reg M-A",
  "players": [
    "simos69420",
    "Flappleis4lovers"
  ],
  "log": "|j|\u2606simos69420\n|j|\u2606Flappleis4lovers\n|t:|1776005121\n|gametype|doubles\n|player|p1|simos69420|benga|1076\n|player|p2|Flappleis4lovers|266|1030\n|gen|9\n|tier|[Gen 9 Champions] VGC 2026 Reg M-A\n|rated|\n|rule|Species Clause: Limit one of each Pok\u00e9mon\n|rule|Item Clause: Limit 1 of each item\n|clearpoke\n|poke|p1|Chandelure, L50, F|\n|poke|p1|Venusaur, L50, M|\n|poke|p1|Whimsicott, L50, F|\n|poke|p1|Torkoal, L50, F|\n|poke|p1|Farigiraf, L50, M|\n|poke|p1|Kingambit, L50, F|\n|poke|p2|Incineroar, L50, F|\n|poke|p2|Flapple, L50, F|\n|poke|p2|Vivillon, L50, F|\n|poke|p2|Aegislash, L50, F|\n|poke|p2|Garchomp, L50, M|\n|poke|p2|Clefable, L50, F|\n|teampreview|4\n|\n|t:|1776005187\n|teamsize|p1|4\n|teamsize|p2|4\n|start\n|switch|p1a: Mussolini|Farigiraf, L50, M|100/100\n|switch|p1b: Arigatogozaimasu|Kingambit, L50, F|100/100\n|switch|p2a: Vivillon|Vivillon, L50, F|100/100\n|switch|p2b: Garchomp|Garchomp, L50, M|100/100\n|turn|1\n|\n|t:|1776005217\n|move|p1b: Arigatogozaimasu|Protect|p1b: Arigatogozaimasu\n|-singleturn|p1b: Arigatogozaimasu|Protect\n|move|p2b: Garchomp|Stomping Tantrum|p1b: Arigatogozaimasu\n|-activate|p1b: Arigatogozaimasu|move: Protect\n|move|p2a: Vivillon|Sleep Powder|p1a: Mussolini\n|-status|p1a: Mussolini|slp|[from] move: Sleep Powder\n|cant|p1a: Mussolini|slp\n|\n|upkeep\n|turn|2\n|\n|t:|1776005240\n|switch|p1b: Stupido Idiota|Whimsicott, L50, F|100/100\n|move|p2b: Garchomp|Rock Slide|p1a: Mussolini|[spread] p1a,p1b\n|-damage|p1a: Mussolini|83/100 slp\n|-damage|p1b: Stupido Idiota|74/100\n|move|p2a: Vivillon|Sleep Powder|p1b: Stupido Idiota\n|-immune|p1b: Stupido Idiota\n|cant|p1a: Mussolini|slp\n|\n|upkeep\n|turn|3\n|\n|t:|1776005270\n|switch|p2b: Incineroar|Incineroar, L50, F|100/100\n|-ability|p2b: Incineroar|Intimidate|boost\n|-unboost|p1a: Mussolini|atk|1\n|-unboost|p1b: Stupido Idiota|atk|1\n|move|p1b: Stupido Idiota|Encore|p2a: Vivillon\n|-start|p2a: Vivillon|Encore\n|move|p2a: Vivillon|Sleep Powder|p1b: Stupido Idiota\n|-immune|p1b: Stupido Idiota\n|-curestatus|p1a: Mussolini|slp|[msg]\n|move|p1a: Mussolini|Trick Room|p1a: Mussolini\n|-fieldstart|move: Trick Room|[of] p1a: Mussolini\n|\n|upkeep\n|turn|4\n|\n|t:|1776005295\n|switch|p1b: Arigatogozaimasu|Kingambit, L50, F|100/100\n|move|p1a: Mussolini|Protect|p1a: Mussolini\n|-singleturn|p1a: Mussolini|Protect\n|move|p2b: Incineroar|Flare Blitz|p1b: Arigatogozaimasu\n|-supereffective|p1b: Arigatogozaimasu|1\n|-damage|p1b: Arigatogozaimasu|5/100\n|-damage|p2b: Incineroar|68/100|[from] Recoil\n|move|p2a: Vivillon|Sleep Powder|p1a: Mussolini\n|-activate|p1a: Mussolini|move: Protect\n|\n|upkeep\n|turn|5\n|\n|t:|1776005317\n|switch|p2b: Garchomp|Garchomp, L50, M|100/100\n|move|p1b: Arigatogozaimasu|Low Kick|p2b: Garchomp\n|-damage|p2b: Garchomp|80/100\n|-damage|p1b: Arigatogozaimasu|0 fnt|[from] ability: Rough Skin|[of] p2b: Garchomp\n|faint|p1b: Arigatogozaimasu\n|move|p1a: Mussolini|Psychic|p2a: Vivillon\n|-damage|p2a: Vivillon|14/100\n|-unboost|p2a: Vivillon|spd|1\n|move|p2a: Vivillon|Sleep Powder|p1a: Mussolini\n|-status|p1a: Mussolini|slp|[from] move: Sleep Powder\n|\n|-heal|p2b: Garchomp|86/100|[from] item: Leftovers\n|-end|p2a: Vivillon|Encore\n|upkeep\n|\n|t:|1776005331\n|switch|p1b: Candelabrus|Chandelure, L50, F|100/100\n|turn|6\n|\n|t:|1776005345\n|detailschange|p1b: Candelabrus|Chandelure-Mega, L50, F\n|-mega|p1b: Candelabrus|Chandelure|Chandelurite\n|cant|p1a: Mussolini|slp\n|move|p1b: Candelabrus|Protect|p1b: Candelabrus\n|-singleturn|p1b: Candelabrus|Protect\n|move|p2a: Vivillon|Protect|p2a: Vivillon\n|-singleturn|p2a: Vivillon|Protect\n|move|p2b: Garchomp|Protect||[still]\n|-fail|p2b: Garchomp\n|\n|-heal|p2b: Garchomp|93/100|[from] item: Leftovers\n|upkeep\n|turn|7\n|\n|t:|1776005369\n|switch|p2a: Incineroar|Incineroar, L50, F|68/100\n|-ability|p2a: Incineroar|Intimidate|boost\n|-unboost|p1a: Mussolini|atk|1\n|-unboost|p1b: Candelabrus|atk|1\n|-curestatus|p1a: Mussolini|slp|[msg]\n|move|p1a: Mussolini|Psychic|p2b: Garchomp\n|-damage|p2b: Garchomp|48/100\n|move|p1b: Candelabrus|Heat Wave|p2b: Garchomp|[spread] p2a,p2b\n|-resisted|p2a: Incineroar|1\n|-resisted|p2b: Garchomp|1\n|-damage|p2a: Incineroar|43/100\n|-damage|p2b: Garchomp|26/100\n|-enditem|p2a: Incineroar|Sitrus Berry|[eat]\n|-heal|p2a: Incineroar|68/100|[from] item: Sitrus Berry\n|move|p2b: Garchomp|Rock Slide|p1a: Mussolini|[spread] p1a,p1b\n|-supereffective|p1b: Candelabrus|1\n|-damage|p1a: Mussolini|68/100\n|-damage|p1b: Candelabrus|63/100\n|\n|-heal|p2b: Garchomp|32/100|[from] item: Leftovers\n|-fieldend|move: Trick Room\n|upkeep\n|turn|8\n|\n|t:|1776005404\n|move|p1b: Candelabrus|Protect|p1b: Candelabrus\n|-singleturn|p1b: Candelabrus|Protect\n|move|p2b: Garchomp|Stomping Tantrum|p1a: Mussolini\n|-damage|p1a: Mussolini|37/100\n|move|p2a: Incineroar|Flare Blitz|p1a: Mussolini\n|-damage|p1a: Mussolini|0 fnt\n|faint|p1a: Mussolini\n|-damage|p2a: Incineroar|54/100|[from] Recoil\n|\n|-heal|p2b: Garchomp|38/100|[from] item: Leftovers\n|upkeep\n|\n|t:|1776005415\n|switch|p1a: Stupido Idiota|Whimsicott, L50, F|74/100\n|turn|9\n|\n|t:|1776005430\n|move|p1a: Stupido Idiota|Moonblast|p2b: Garchomp\n|-supereffective|p2b: Garchomp|1\n|-damage|p2b: Garchomp|0 fnt\n|faint|p2b: Garchomp\n|move|p1b: Candelabrus|Heat Wave|p2a: Incineroar|[miss]\n|-miss|p1b: Candelabrus|p2a: Incineroar\n|move|p2a: Incineroar|Flare Blitz|p1a: Stupido Idiota\n|-supereffective|p1a: Stupido Idiota|1\n|-damage|p1a: Stupido Idiota|0 fnt\n|faint|p1a: Stupido Idiota\n|-damage|p2a: Incineroar|38/100|[from] Recoil\n|\n|upkeep\n|\n|t:|1776005445\n|switch|p2b: Vivillon|Vivillon, L50, F|14/100\n|turn|10\n|\n|t:|1776005470\n|move|p2b: Vivillon|Pollen Puff|p2a: Incineroar\n|-heal|p2a: Incineroar|88/100\n|move|p1b: Candelabrus|Heat Wave|p2a: Incineroar|[spread] p2a,p2b\n|-resisted|p2a: Incineroar|1\n|-supereffective|p2b: Vivillon|1\n|-damage|p2a: Incineroar|70/100\n|-damage|p2b: Vivillon|0 fnt\n|faint|p2b: Vivillon\n|move|p2a: Incineroar|Flare Blitz|p1b: Candelabrus\n|-resisted|p1b: Candelabrus|1\n|-damage|p1b: Candelabrus|23/100\n|-damage|p2a: Incineroar|61/100|[from] Recoil\n|\n|upkeep\n|\n|t:|1776005483\n|switch|p2b: Flapple|Flapple, L50, F|100/100\n|turn|11\n|\n|t:|1776005490\n|move|p2b: Flapple|Dragon Rush|p1b: Candelabrus|[miss]\n|-miss|p2b: Flapple|p1b: Candelabrus\n|move|p1b: Candelabrus|Heat Wave|p2a: Incineroar|[spread] p2a,p2b\n|-resisted|p2a: Incineroar|1\n|-damage|p2a: Incineroar|36/100\n|-damage|p2b: Flapple|0 fnt\n|faint|p2b: Flapple\n|move|p2a: Incineroar|Flare Blitz|p1b: Candelabrus\n|-resisted|p1b: Candelabrus|1\n|-damage|p1b: Candelabrus|0 fnt\n|faint|p1b: Candelabrus\n|-damage|p2a: Incineroar|31/100|[from] Recoil\n|\n|win|Flappleis4lovers\n|raw|simos69420's rating: 1076 &rarr; <strong>1052</strong><br />(-24 for losing)\n|raw|Flappleis4lovers's rating: 1030 &rarr; <strong>1070</strong><br />(+40 for winning)\n|l|\u2606simos69420\n|player|p1|\n",
  "uploadtime": 1776005688,
  "views": 26,
  "formatid": "gen9championsvgc2026regma",
  "rating": 1052,
  "private": 0,
  "password": null
}