{
  "id": "gen9championsvgc2026regma-2584220097",
  "format": "[Gen 9 Champions] VGC 2026 Reg M-A",
  "players": [
    "DrakeDogg",
    "CrushforceX"
  ],
  "log": "|j|\u2606DrakeDogg\n|j|\u2606CrushforceX\n|t:|1776239746\n|gametype|doubles\n|player|p1|DrakeDogg|roxie|1064\n|player|p2|CrushforceX|psychic|1000\n|gen|9\n|tier|[Gen 9 Champions] VGC 2026 Reg M-A\n|rated|\n|rule|Species Clause: Limit one of each Pok\u00e9mon\n|rule|Item Clause: Limit 1 of each item\n|clearpoke\n|poke|p1|Skarmory, L50, F|\n|poke|p1|Incineroar, L50, M|\n|poke|p1|Mamoswine, L50, M|\n|poke|p1|Sinistcha-Masterpiece, L50|\n|poke|p1|Archaludon, L50, F|\n|poke|p1|Pelipper, L50, F|\n|poke|p2|Excadrill, L50, M|\n|poke|p2|Tyranitar, L50, F|\n|poke|p2|Mamoswine, L50, M|\n|poke|p2|Gyarados, L50, M|\n|poke|p2|Sinistcha, L50|\n|poke|p2|Farigiraf, L50, M|\n|teampreview|4\n|inactive|Battle timer is ON: inactive players will automatically lose when time's up. (requested by CrushforceX)\n|inactive|DrakeDogg also wants the timer to be on.\n|\n|t:|1776239776\n|teamsize|p1|4\n|teamsize|p2|4\n|start\n|switch|p1a: Skarmory|Skarmory, L50, F, shiny|100/100\n|switch|p1b: Mamoswine|Mamoswine, L50, M|100/100\n|switch|p2a: Excadrill|Excadrill, L50, M|100/100\n|switch|p2b: Gyarados|Gyarados, L50, M|100/100\n|-ability|p2b: Gyarados|Intimidate|boost\n|-unboost|p1a: Skarmory|atk|1\n|-fail|p1b: Mamoswine|unboost|Attack|[from] ability: Oblivious|[of] p1b: Mamoswine\n|turn|1\n|inactive|CrushforceX has 30 seconds left.\n|inactive|CrushforceX has 20 seconds left.\n|inactive|CrushforceX has 15 seconds left.\n|inactive|CrushforceX has 10 seconds left.\n|inactive|CrushforceX has 5 seconds left.\n|\n|t:|1776239829\n|switch|p1a: Incineroar|Incineroar, L50, M|100/100\n|-ability|p1a: Incineroar|Intimidate|boost\n|-unboost|p2a: Excadrill|atk|1\n|-unboost|p2b: Gyarados|atk|1\n|move|p2a: Excadrill|Protect|p2a: Excadrill\n|-singleturn|p2a: Excadrill|Protect\n|move|p2b: Gyarados|Protect|p2b: Gyarados\n|-singleturn|p2b: Gyarados|Protect\n|move|p1b: Mamoswine|Superpower|p2a: Excadrill\n|-activate|p2a: Excadrill|move: Protect\n|\n|upkeep\n|turn|2\n|j| smiles150\n|inactive|CrushforceX has 30 seconds left.\n|inactive|CrushforceX has 20 seconds left.\n|inactive|CrushforceX has 15 seconds left.\n|inactive|CrushforceX has 10 seconds left.\n|l| smiles150\n|inactive|DrakeDogg has 30 seconds left.\n|inactive|CrushforceX has 5 seconds left.\n|\n|t:|1776239883\n|move|p2b: Gyarados|Helping Hand|p2a: Excadrill\n|-singleturn|p2a: Excadrill|Helping Hand|[of] p2b: Gyarados\n|move|p1a: Incineroar|Fake Out|p2a: Excadrill\n|-resisted|p2a: Excadrill|1\n|-damage|p2a: Excadrill|93/100\n|move|p1b: Mamoswine|Superpower|p2a: Excadrill\n|-supereffective|p2a: Excadrill|1\n|-damage|p2a: Excadrill|0 fnt\n|-unboost|p1b: Mamoswine|atk|1\n|-unboost|p1b: Mamoswine|def|1\n|faint|p2a: Excadrill\n|\n|upkeep\n|\n|t:|1776239891\n|switch|p2a: Tyranitar|Tyranitar, L50, F|100/100\n|-weather|Sandstorm|[from] ability: Sand Stream|[of] p2a: Tyranitar\n|turn|3\n|inactive|CrushforceX has 30 seconds left.\n|\n|t:|1776239923\n|move|p2a: Tyranitar|Protect|p2a: Tyranitar\n|-singleturn|p2a: Tyranitar|Protect\n|move|p1b: Mamoswine|Superpower|p2a: Tyranitar\n|-activate|p2a: Tyranitar|move: Protect\n|move|p2b: Gyarados|Waterfall|p1b: Mamoswine\n|-supereffective|p1b: Mamoswine|1\n|-damage|p1b: Mamoswine|25/100\n|move|p1a: Incineroar|Parting Shot|p2a: Tyranitar\n|-activate|p2a: Tyranitar|move: Protect\n|\n|-weather|Sandstorm|[upkeep]\n|-damage|p2b: Gyarados|95/100|[from] Sandstorm\n|-damage|p1a: Incineroar|95/100|[from] Sandstorm\n|-heal|p2b: Gyarados|100/100|[from] item: Leftovers\n|upkeep\n|turn|4\n|inactive|DrakeDogg has 30 seconds left.\n|inactive|CrushforceX has 30 seconds left.\n|\n|t:|1776239949\n|detailschange|p2a: Tyranitar|Tyranitar-Mega, L50, F\n|-mega|p2a: Tyranitar|Tyranitar|Tyranitarite\n|move|p1b: Mamoswine|Superpower|p2a: Tyranitar\n|-supereffective|p2a: Tyranitar|2\n|-damage|p2a: Tyranitar|21/100\n|-unboost|p1b: Mamoswine|atk|1\n|-unboost|p1b: Mamoswine|def|1\n|move|p2b: Gyarados|Waterfall|p1b: Mamoswine\n|-supereffective|p1b: Mamoswine|1\n|-damage|p1b: Mamoswine|0 fnt\n|faint|p1b: Mamoswine\n|move|p2a: Tyranitar|Rock Slide|p1a: Incineroar\n|-supereffective|p1a: Incineroar|1\n|-crit|p1a: Incineroar\n|-damage|p1a: Incineroar|0 fnt\n|faint|p1a: Incineroar\n|\n|-weather|Sandstorm|[upkeep]\n|-damage|p2b: Gyarados|95/100|[from] Sandstorm\n|-heal|p2b: Gyarados|100/100|[from] item: Leftovers\n|upkeep\n|\n|t:|1776239955\n|switch|p1b: Pelipper|Pelipper, L50, F|100/100\n|switch|p1a: Skarmory|Skarmory, L50, F, shiny|100/100\n|-weather|RainDance|[from] ability: Drizzle|[of] p1b: Pelipper\n|turn|5\n|\n|t:|1776239978\n|switch|p2a: Farigiraf|Farigiraf, L50, M|100/100\n|detailschange|p1a: Skarmory|Skarmory-Mega, L50, F, shiny\n|-mega|p1a: Skarmory|Skarmory|Skarmorite\n|move|p2b: Gyarados|Protect|p2b: Gyarados\n|-singleturn|p2b: Gyarados|Protect\n|move|p1a: Skarmory|Iron Head|p2a: Farigiraf\n|-damage|p2a: Farigiraf|47/100\n|move|p1b: Pelipper|Hurricane|p2b: Gyarados\n|-activate|p2b: Gyarados|move: Protect\n|\n|-weather|RainDance|[upkeep]\n|upkeep\n|turn|6\n|inactive|DrakeDogg has 30 seconds left.\n|inactive|CrushforceX has 30 seconds left.\n|inactive|CrushforceX has 20 seconds left.\n|inactive|CrushforceX has 15 seconds left.\n|inactive|CrushforceX has 10 seconds left.\n|\n|t:|1776240023\n|move|p1a: Skarmory|Iron Head|p2a: Farigiraf\n|-damage|p2a: Farigiraf|0 fnt\n|faint|p2a: Farigiraf\n|move|p2b: Gyarados|Waterfall|p1a: Skarmory\n|-crit|p1a: Skarmory\n|-damage|p1a: Skarmory|13/100\n|move|p1b: Pelipper|Weather Ball|p2b: Gyarados\n|-resisted|p2b: Gyarados|1\n|-damage|p2b: Gyarados|80/100\n|\n|-weather|RainDance|[upkeep]\n|-heal|p2b: Gyarados|86/100|[from] item: Leftovers\n|upkeep\n|\n|t:|1776240029\n|switch|p2a: Tyranitar|Tyranitar-Mega, L50, F|21/100\n|-weather|Sandstorm|[from] ability: Sand Stream|[of] p2a: Tyranitar\n|turn|7\n|\n|t:|1776240052\n|move|p1b: Pelipper|Wide Guard|p1b: Pelipper\n|-singleturn|p1b: Pelipper|Wide Guard\n|move|p1a: Skarmory|Roost|p1a: Skarmory\n|-heal|p1a: Skarmory|63/100\n|-singleturn|p1a: Skarmory|move: Roost\n|move|p2b: Gyarados|Waterfall|p1a: Skarmory\n|-damage|p1a: Skarmory|38/100\n|move|p2a: Tyranitar|Rock Slide|p1a: Skarmory|[spread] \n|-activate|p1a: Skarmory|move: Wide Guard\n|-activate|p1b: Pelipper|move: Wide Guard\n|\n|-weather|Sandstorm|[upkeep]\n|-damage|p2b: Gyarados|80/100|[from] Sandstorm\n|-damage|p1b: Pelipper|95/100|[from] Sandstorm\n|-heal|p2b: Gyarados|86/100|[from] item: Leftovers\n|upkeep\n|turn|8\n|inactive|CrushforceX has 30 seconds left.\n|inactive|CrushforceX has 20 seconds left.\n|inactive|CrushforceX has 15 seconds left.\n|\n|t:|1776240096\n|move|p2a: Tyranitar|Protect|p2a: Tyranitar\n|-singleturn|p2a: Tyranitar|Protect\n|move|p1a: Skarmory|Iron Head|p2a: Tyranitar\n|-activate|p2a: Tyranitar|move: Protect\n|move|p2b: Gyarados|Taunt|p1b: Pelipper\n|-start|p1b: Pelipper|move: Taunt\n|move|p1b: Pelipper|Weather Ball|p2b: Gyarados\n|-supereffective|p2b: Gyarados|1\n|-damage|p2b: Gyarados|47/100\n|\n|-weather|Sandstorm|[upkeep]\n|-damage|p2b: Gyarados|41/100|[from] Sandstorm\n|-damage|p1b: Pelipper|89/100|[from] Sandstorm\n|-heal|p2b: Gyarados|47/100|[from] item: Leftovers\n|upkeep\n|turn|9\n|inactive|CrushforceX has 30 seconds left.\n|\n|t:|1776240125\n|move|p1a: Skarmory|Iron Head|p2a: Tyranitar\n|-supereffective|p2a: Tyranitar|1\n|-crit|p2a: Tyranitar\n|-damage|p2a: Tyranitar|0 fnt\n|faint|p2a: Tyranitar\n|move|p2b: Gyarados|Waterfall|p1a: Skarmory\n|-damage|p1a: Skarmory|13/100\n|move|p1b: Pelipper|Weather Ball|p2b: Gyarados\n|-supereffective|p2b: Gyarados|1\n|-damage|p2b: Gyarados|6/100\n|\n|-weather|Sandstorm|[upkeep]\n|-damage|p2b: Gyarados|0 fnt|[from] Sandstorm\n|-damage|p1b: Pelipper|83/100|[from] Sandstorm\n|faint|p2b: Gyarados\n|\n|win|DrakeDogg\n|raw|DrakeDogg's rating: 1064 &rarr; <strong>1089</strong><br />(+25 for winning)\n|raw|CrushforceX's rating: 1000 &rarr; <strong>1000</strong><br />(+0 for losing)\n|l|\u2606CrushforceX\n|player|p2|\n",
  "uploadtime": 1776240143,
  "views": 20,
  "formatid": "gen9championsvgc2026regma",
  "rating": 1000,
  "private": 0,
  "password": null
}