{
  "id": "gen9championsvgc2026regma-2586867953",
  "format": "[Gen 9 Champions] VGC 2026 Reg M-A",
  "players": [
    "senleonne",
    "penledzuu"
  ],
  "log": "|j|\u2606senleonne\n|j|\u2606penledzuu\n|t:|1776466827\n|gametype|doubles\n|player|p1|senleonne|102|1147\n|player|p2|penledzuu|ninjaboy|1116\n|gen|9\n|tier|[Gen 9 Champions] VGC 2026 Reg M-A\n|rated|\n|rule|Species Clause: Limit one of each Pok\u00e9mon\n|rule|Item Clause: Limit 1 of each item\n|clearpoke\n|poke|p1|Farigiraf, L50, F|\n|poke|p1|Scizor, L50, M|\n|poke|p1|Sneasler, L50, F|\n|poke|p1|Incineroar, L50, F|\n|poke|p1|Gliscor, L50, M|\n|poke|p1|Primarina, L50, F|\n|poke|p2|Gengar, L50, F|\n|poke|p2|Gardevoir, L50, F|\n|poke|p2|Arcanine-Hisui, L50, F|\n|poke|p2|Charizard, L50, F|\n|poke|p2|Machamp, L50, M|\n|poke|p2|Sneasler, L50, F|\n|teampreview|4\n|inactive|Battle timer is ON: inactive players will automatically lose when time's up. (requested by penledzuu)\n|inactive|senleonne has 60 seconds left.\n|\n|t:|1776466874\n|teamsize|p1|4\n|teamsize|p2|4\n|start\n|switch|p1a: Sneasler|Sneasler, L50, F|100/100\n|switch|p1b: Gliscor|Gliscor, L50, M|100/100\n|switch|p2a: Gengar|Gengar, L50, F, shiny|100/100\n|switch|p2b: Sneasler|Sneasler, L50, F|100/100\n|turn|1\n|inactive|senleonne has 30 seconds left.\n|\n|t:|1776466903\n|move|p2b: Sneasler|Fake Out|p1b: Gliscor\n|-damage|p1b: Gliscor|86/100\n|move|p1a: Sneasler|Fake Out|p2b: Sneasler\n|-damage|p2b: Sneasler|73/100\n|move|p2a: Gengar|Icy Wind|p1b: Gliscor|[spread] p1a,p1b\n|-supereffective|p1b: Gliscor|2\n|-damage|p1a: Sneasler|83/100\n|-damage|p1b: Gliscor|5/100\n|-unboost|p1a: Sneasler|spe|1\n|-unboost|p1b: Gliscor|spe|1\n|-enditem|p1a: Sneasler|White Herb\n|-clearnegativeboost|p1a: Sneasler|[silent]\n|cant|p1b: Gliscor|flinch\n|\n|-heal|p1b: Gliscor|11/100|[from] item: Leftovers\n|upkeep\n|turn|2\n|\n|t:|1776466921\n|switch|p1a: Incineroar|Incineroar, L50, F|100/100\n|-ability|p1a: Incineroar|Intimidate|boost\n|-unboost|p2a: Gengar|atk|1\n|-unboost|p2b: Sneasler|atk|1\n|-enditem|p2b: Sneasler|White Herb\n|-clearnegativeboost|p2b: Sneasler|[silent]\n|move|p1b: Gliscor|Protect|p1b: Gliscor\n|-singleturn|p1b: Gliscor|Protect\n|move|p2b: Sneasler|Close Combat|p1a: Incineroar\n|-supereffective|p1a: Incineroar|1\n|-enditem|p1a: Incineroar|Chople Berry|[eat]\n|-enditem|p1a: Incineroar|Chople Berry|[weaken]\n|-damage|p1a: Incineroar|45/100\n|-unboost|p2b: Sneasler|def|1\n|-unboost|p2b: Sneasler|spd|1\n|move|p2a: Gengar|Icy Wind|p1b: Gliscor|[spread] p1a\n|-activate|p1b: Gliscor|move: Protect\n|-resisted|p1a: Incineroar|1\n|-damage|p1a: Incineroar|39/100\n|-unboost|p1a: Incineroar|spe|1\n|\n|-heal|p1b: Gliscor|17/100|[from] item: Leftovers\n|upkeep\n|turn|3\n|inactive|senleonne has 30 seconds left.\n|\n|t:|1776466950\n|move|p2b: Sneasler|Dire Claw|p1a: Incineroar\n|-damage|p1a: Incineroar|0 fnt\n|faint|p1a: Incineroar\n|move|p2a: Gengar|Icy Wind|p1b: Gliscor\n|-supereffective|p1b: Gliscor|2\n|-damage|p1b: Gliscor|0 fnt\n|faint|p1b: Gliscor\n|\n|upkeep\n|\n|t:|1776466954\n|switch|p1b: Scizor|Scizor, L50, M|100/100\n|switch|p1a: Sneasler|Sneasler, L50, F|83/100\n|turn|4\n|\n|t:|1776466971\n|detailschange|p1b: Scizor|Scizor-Mega, L50, M\n|-mega|p1b: Scizor|Scizor|Scizorite\n|move|p1a: Sneasler|Fake Out|p2b: Sneasler\n|-damage|p2b: Sneasler|32/100\n|cant|p2b: Sneasler|flinch\n|move|p2a: Gengar|Destiny Bond|p2a: Gengar\n|-singlemove|p2a: Gengar|Destiny Bond\n|move|p1b: Scizor|Swords Dance|p1b: Scizor\n|-boost|p1b: Scizor|atk|2\n|\n|upkeep\n|turn|5\n|inactive|senleonne has 30 seconds left.\n|inactive|senleonne has 20 seconds left.\n|inactive|senleonne has 15 seconds left.\n|inactive|senleonne has 10 seconds left.\n|\n|t:|1776467018\n|move|p1b: Scizor|Bullet Punch|p2b: Sneasler\n|-damage|p2b: Sneasler|0 fnt\n|faint|p2b: Sneasler\n|move|p2a: Gengar|Shadow Ball|p1b: Scizor\n|-damage|p1b: Scizor|52/100\n|move|p1a: Sneasler|Close Combat|p2a: Gengar\n|-immune|p2a: Gengar\n|\n|upkeep\n|\n|t:|1776467030\n|switch|p2b: Gardevoir|Gardevoir, L50, F|100/100\n|-ability|p2b: Gardevoir|Technician|Trace|[from] ability: Trace|[of] p1b: Scizor\n|turn|6\n|inactive|senleonne has 30 seconds left.\n|\n|t:|1776467055\n|move|p1b: Scizor|Bullet Punch|p2a: Gengar\n|-enditem|p2a: Gengar|Focus Sash\n|-damage|p2a: Gengar|1/100\n|-start|p1b: Scizor|Disable|Bullet Punch|[from] ability: Cursed Body|[of] p2a: Gengar\n|move|p2a: Gengar|Shadow Ball|p1b: Scizor\n|-damage|p1b: Scizor|5/100\n|move|p1a: Sneasler|Gunk Shot|p2b: Gardevoir\n|-supereffective|p2b: Gardevoir|1\n|-damage|p2b: Gardevoir|0 fnt\n|faint|p2b: Gardevoir\n|\n|upkeep\n|\n|t:|1776467065\n|switch|p2b: Charizard|Charizard, L50, F, shiny|100/100\n|turn|7\n|\n|t:|1776467077\n|detailschange|p2b: Charizard|Charizard-Mega-Y, L50, F, shiny\n|-mega|p2b: Charizard|Charizard|Charizardite Y\n|-weather|SunnyDay|[from] ability: Drought|[of] p2b: Charizard\n|move|p2a: Gengar|Shadow Ball|p1a: Sneasler\n|-damage|p1a: Sneasler|29/100\n|move|p1a: Sneasler|Gunk Shot|p2b: Charizard\n|-damage|p2b: Charizard|15/100\n|move|p2b: Charizard|Heat Wave|p1b: Scizor|[spread] p1a,p1b\n|-supereffective|p1b: Scizor|2\n|-damage|p1a: Sneasler|0 fnt\n|-damage|p1b: Scizor|0 fnt\n|faint|p1a: Sneasler\n|faint|p1b: Scizor\n|\n|win|penledzuu\n|raw|senleonne's rating: 1147 &rarr; <strong>1120</strong><br />(-27 for losing)\n|raw|penledzuu's rating: 1116 &rarr; <strong>1143</strong><br />(+27 for winning)\n",
  "uploadtime": 1776467089,
  "views": 25,
  "formatid": "gen9championsvgc2026regma",
  "rating": 1120,
  "private": 0,
  "password": null
}