{
  "id": "gen9championsvgc2026regma-2581426532",
  "format": "[Gen 9 Champions] VGC 2026 Reg M-A",
  "players": [
    "neo hue hue",
    "yuriimon"
  ],
  "log": "|j|\u2606neo hue hue\n|j|\u2606yuriimon\n|t:|1775999243\n|gametype|doubles\n|player|p1|neo hue hue|cynthia|1000\n|player|p2|yuriimon|waitress-gen4|1079\n|gen|9\n|tier|[Gen 9 Champions] VGC 2026 Reg M-A\n|rated|\n|rule|Species Clause: Limit one of each Pok\u00e9mon\n|rule|Item Clause: Limit 1 of each item\n|clearpoke\n|poke|p1|Ceruledge, L50, F|\n|poke|p1|Garchomp, L50, F|\n|poke|p1|Whimsicott, L50, F|\n|poke|p1|Corviknight, L50, M|\n|poke|p1|Hatterene, L50, F|\n|poke|p1|Gengar, L50, F|\n|poke|p2|Feraligatr, L50, M|\n|poke|p2|Gallade, L50, M|\n|poke|p2|Pelipper, L50, M|\n|poke|p2|Raichu, L50, F|\n|poke|p2|Arcanine-Hisui, L50, F|\n|poke|p2|Clefable, L50, F|\n|teampreview|4\n|inactive|Battle timer is ON: inactive players will automatically lose when time's up. (requested by yuriimon)\n|\n|t:|1775999271\n|teamsize|p1|4\n|teamsize|p2|4\n|start\n|switch|p1a: Garchomp|Garchomp, L50, F|100/100\n|switch|p1b: Whimsicott|Whimsicott, L50, F|100/100\n|switch|p2a: Arcanine|Arcanine-Hisui, L50, F|100/100\n|switch|p2b: Gallade|Gallade, L50, M|100/100\n|turn|1\n|inactive|neo hue hue has 30 seconds left.\n|\n|t:|1775999298\n|detailschange|p1a: Garchomp|Garchomp-Mega, L50, F\n|-mega|p1a: Garchomp|Garchomp|Garchompite\n|move|p1b: Whimsicott|Helping Hand|p1a: Garchomp\n|-singleturn|p1a: Garchomp|Helping Hand|[of] p1b: Whimsicott\n|move|p2a: Arcanine|Protect|p2a: Arcanine\n|-singleturn|p2a: Arcanine|Protect\n|move|p1a: Garchomp|Dragon Claw|p2a: Arcanine\n|-activate|p2a: Arcanine|move: Protect\n|move|p2b: Gallade|Trick Room|p2b: Gallade\n|-fieldstart|move: Trick Room|[of] p2b: Gallade\n|\n|upkeep\n|turn|2\n|inactive|yuriimon has 30 seconds left.\n|\n|t:|1775999332\n|move|p1b: Whimsicott|Helping Hand|p1a: Garchomp\n|-singleturn|p1a: Garchomp|Helping Hand|[of] p1b: Whimsicott\n|move|p2b: Gallade|Sacred Sword|p1a: Garchomp\n|-damage|p1a: Garchomp|36/100\n|move|p2a: Arcanine|Flare Blitz|p1b: Whimsicott\n|-supereffective|p1b: Whimsicott|1\n|-damage|p1b: Whimsicott|1/100\n|move|p1a: Garchomp|Dragon Claw|p2a: Arcanine\n|-damage|p2a: Arcanine|10/100\n|\n|-heal|p1b: Whimsicott|7/100|[from] item: Leftovers\n|upkeep\n|turn|3\n|inactive|neo hue hue has 30 seconds left.\n|\n|t:|1775999362\n|switch|p1b: Hatterene|Hatterene, L50, F|100/100\n|move|p2a: Arcanine|Extreme Speed|p1b: Hatterene\n|-damage|p1b: Hatterene|80/100\n|move|p2b: Gallade|Sacred Sword|p1a: Garchomp\n|-damage|p1a: Garchomp|0 fnt\n|faint|p1a: Garchomp\n|\n|upkeep\n|\n|t:|1775999373\n|switch|p1a: Ceruledge|Ceruledge, L50, F|100/100\n|turn|4\n|\n|t:|1775999383\n|move|p2b: Gallade|Wide Guard|p2b: Gallade\n|-singleturn|p2b: Gallade|Wide Guard\n|move|p1a: Ceruledge|Shadow Sneak|p2a: Arcanine\n|-damage|p2a: Arcanine|0 fnt\n|faint|p2a: Arcanine\n|move|p1b: Hatterene|Reflect|p1b: Hatterene\n|-sidestart|p1: neo hue hue|Reflect\n|\n|upkeep\n|\n|t:|1775999391\n|switch|p2a: Pelipper|Pelipper, L50, M|100/100\n|-weather|RainDance|[from] ability: Drizzle|[of] p2a: Pelipper\n|turn|5\n|\n|t:|1775999407\n|move|p1a: Ceruledge|Shadow Sneak|p2b: Gallade\n|-supereffective|p2b: Gallade|1\n|-damage|p2b: Gallade|45/100\n|move|p1b: Hatterene|Thunder Wave|p2a: Pelipper\n|-status|p2a: Pelipper|par\n|move|p2a: Pelipper|Tailwind|p2a: Pelipper\n|-sidestart|p2: yuriimon|move: Tailwind\n|move|p2b: Gallade|Psycho Cut|p1a: Ceruledge\n|-damage|p1a: Ceruledge|54/100\n|\n|-weather|RainDance|[upkeep]\n|-fieldend|move: Trick Room\n|upkeep\n|turn|6\n|inactive|yuriimon has 30 seconds left.\n|\n|t:|1775999437\n|switch|p2b: Feraligatr|Feraligatr, L50, M|100/100\n|move|p1a: Ceruledge|Shadow Sneak|p2b: Feraligatr\n|-damage|p2b: Feraligatr|76/100\n|move|p2a: Pelipper|Weather Ball|p1a: Ceruledge\n|-supereffective|p1a: Ceruledge|1\n|-damage|p1a: Ceruledge|0 fnt\n|faint|p1a: Ceruledge\n|move|p1b: Hatterene|Heal Pulse|p1: Ceruledge|[notarget]\n|-fail|p1b: Hatterene\n|\n|-weather|RainDance|[upkeep]\n|upkeep\n|\n|t:|1775999451\n|switch|p1a: Whimsicott|Whimsicott, L50, F|7/100\n|turn|7\n|inactive|neo hue hue has 30 seconds left.\n|\n|t:|1775999483\n|move|p2b: Feraligatr|Liquidation|p1b: Hatterene\n|-damage|p1b: Hatterene|38/100\n|-enditem|p1b: Hatterene|Sitrus Berry|[eat]\n|-heal|p1b: Hatterene|63/100|[from] item: Sitrus Berry\n|move|p1a: Whimsicott|Giga Drain|p2b: Feraligatr\n|-supereffective|p2b: Feraligatr|1\n|-damage|p2b: Feraligatr|31/100\n|-heal|p1a: Whimsicott|29/100|[from] drain|[of] p2b: Feraligatr\n|move|p2a: Pelipper|Weather Ball|p1b: Hatterene\n|-damage|p1b: Hatterene|13/100\n|move|p1b: Hatterene|Heal Pulse|p1a: Whimsicott\n|-heal|p1a: Whimsicott|79/100\n|\n|-weather|RainDance|[upkeep]\n|-heal|p1a: Whimsicott|85/100|[from] item: Leftovers\n|upkeep\n|turn|8\n|\n|t:|1775999508\n|move|p2b: Feraligatr|Protect|p2b: Feraligatr\n|-singleturn|p2b: Feraligatr|Protect\n|move|p1a: Whimsicott|Giga Drain|p2b: Feraligatr\n|-activate|p2b: Feraligatr|move: Protect\n|move|p2a: Pelipper|Hurricane|p1a: Whimsicott\n|-supereffective|p1a: Whimsicott|1\n|-damage|p1a: Whimsicott|0 fnt\n|faint|p1a: Whimsicott\n|move|p1b: Hatterene|Heal Pulse|p1: Whimsicott|[notarget]\n|-fail|p1b: Hatterene\n|\n|-weather|RainDance|[upkeep]\n|-sideend|p1: neo hue hue|Reflect\n|-sideend|p2: yuriimon|move: Tailwind\n|upkeep\n|turn|9\n|-message|neo hue hue forfeited.\n|\n|win|yuriimon\n|raw|neo hue hue's rating: 1000 &rarr; <strong>1000</strong><br />(+0 for losing)\n|raw|yuriimon's rating: 1079 &rarr; <strong>1101</strong><br />(+22 for winning)\n|l|\u2606neo hue hue\n|player|p1|\n",
  "uploadtime": 1775999532,
  "views": 15,
  "formatid": "gen9championsvgc2026regma",
  "rating": 1000,
  "private": 0,
  "password": null
}