{
  "id": "gen9championsvgc2026regma-2588599307",
  "format": "[Gen 9 Champions] VGC 2026 Reg M-A",
  "players": [
    "SlipqyVGC",
    "sweetbabyfishin"
  ],
  "log": "|j|\u2606SlipqyVGC\n|j|\u2606sweetbabyfishin\n|t:|1776648820\n|gametype|doubles\n|player|p1|SlipqyVGC|miku-ghost|1465\n|player|p2|sweetbabyfishin|fisherman-gen4|1574\n|gen|9\n|tier|[Gen 9 Champions] VGC 2026 Reg M-A\n|rated|\n|rule|Species Clause: Limit one of each Pok\u00e9mon\n|rule|Item Clause: Limit 1 of each item\n|clearpoke\n|poke|p1|Sneasler, L50, M|\n|poke|p1|Talonflame, L50, M, shiny|\n|poke|p1|Kingambit, L50, M, shiny|\n|poke|p1|Floette-Eternal, L50, F|\n|poke|p1|Garchomp, L50, M|\n|poke|p1|Basculegion, L50, M, shiny|\n|poke|p2|Charizard, L50, M|\n|poke|p2|Venusaur, L50, M|\n|poke|p2|Politoed, L50, F|\n|poke|p2|Dragapult, L50, M|\n|poke|p2|Steelix, L50, M|\n|poke|p2|Heliolisk, L50, F|\n|teampreview|4\n|inactive|Battle timer is ON: inactive players will automatically lose when time's up. (requested by SlipqyVGC)\n|inactive|sweetbabyfishin has 60 seconds left.\n|\n|t:|1776648870\n|teamsize|p1|4\n|teamsize|p2|4\n|start\n|switch|p1a: Talonflame|Talonflame, L50, M, shiny|100/100\n|switch|p1b: Garchomp|Garchomp, L50, M|100/100\n|switch|p2a: Dragapult|Dragapult, L50, M|100/100\n|switch|p2b: Charizard|Charizard, L50, M|100/100\n|turn|1\n|\n|t:|1776648880\n|switch|p2b: Steelix|Steelix, L50, M|100/100\n|move|p1a: Talonflame|Tailwind|p1a: Talonflame\n|-sidestart|p1: SlipqyVGC|move: Tailwind\n|move|p1b: Garchomp|Rock Slide|p2a: Dragapult|[spread] p2a,p2b\n|-resisted|p2b: Steelix|2\n|-damage|p2a: Dragapult|77/100\n|-damage|p2b: Steelix|98/100\n|move|p2a: Dragapult|Draco Meteor|p1a: Talonflame\n|-damage|p1a: Talonflame|8/100\n|-unboost|p2a: Dragapult|spa|2\n|\n|-heal|p2b: Steelix|100/100|[from] item: Leftovers\n|upkeep\n|turn|2\n|\n|t:|1776648897\n|move|p1a: Talonflame|Dual Wingbeat|p2a: Dragapult|[miss]\n|-miss|p1a: Talonflame|p2a: Dragapult\n|move|p1b: Garchomp|Earthquake|p2b: Steelix|[spread] p2a,p2b\n|-immune|p1a: Talonflame\n|-supereffective|p2b: Steelix|1\n|-damage|p2a: Dragapult|29/100\n|-damage|p2b: Steelix|61/100\n|move|p2a: Dragapult|Draco Meteor|p1b: Garchomp\n|-supereffective|p1b: Garchomp|1\n|-enditem|p1b: Garchomp|Haban Berry|[eat]\n|-enditem|p1b: Garchomp|Haban Berry|[weaken]\n|-damage|p1b: Garchomp|73/100\n|-unboost|p2a: Dragapult|spa|2\n|move|p2b: Steelix|Body Press|p1a: Talonflame\n|-resisted|p1a: Talonflame|1\n|-damage|p1a: Talonflame|0 fnt\n|faint|p1a: Talonflame\n|\n|-heal|p2b: Steelix|67/100|[from] item: Leftovers\n|upkeep\n|\n|t:|1776648911\n|switch|p1a: Sneasler|Sneasler, L50, M|100/100\n|turn|3\n|\n|t:|1776648918\n|move|p2b: Steelix|Protect|p2b: Steelix\n|-singleturn|p2b: Steelix|Protect\n|move|p1a: Sneasler|Close Combat|p2b: Steelix\n|-activate|p2b: Steelix|move: Protect\n|move|p1b: Garchomp|Dragon Claw|p2a: Dragapult\n|-supereffective|p2a: Dragapult|1\n|-damage|p2a: Dragapult|0 fnt\n|faint|p2a: Dragapult\n|\n|-heal|p2b: Steelix|73/100|[from] item: Leftovers\n|upkeep\n|\n|t:|1776648925\n|switch|p2a: Charizard|Charizard, L50, M|100/100\n|turn|4\n|\n|t:|1776648932\n|detailschange|p2a: Charizard|Charizard-Mega-Y, L50, M\n|-mega|p2a: Charizard|Charizard|Charizardite Y\n|-weather|SunnyDay|[from] ability: Drought|[of] p2a: Charizard\n|move|p2b: Steelix|Wide Guard|p2b: Steelix\n|-singleturn|p2b: Steelix|Wide Guard\n|move|p1a: Sneasler|Close Combat|p2b: Steelix\n|-supereffective|p2b: Steelix|1\n|-damage|p2b: Steelix|0 fnt\n|-unboost|p1a: Sneasler|def|1\n|-unboost|p1a: Sneasler|spd|1\n|faint|p2b: Steelix\n|move|p1b: Garchomp|Rock Slide|p2a: Charizard\n|-activate|p2a: Charizard|move: Wide Guard\n|move|p2a: Charizard|Weather Ball|p1a: Sneasler\n|-enditem|p1a: Sneasler|Focus Sash\n|-damage|p1a: Sneasler|1/100\n|\n|-weather|SunnyDay|[upkeep]\n|-sideend|p1: SlipqyVGC|move: Tailwind\n|upkeep\n|\n|t:|1776648943\n|switch|p2b: Venusaur|Venusaur, L50, M|100/100\n|turn|5\n|\n|t:|1776648954\n|move|p1a: Sneasler|Dire Claw|p2b: Venusaur\n|-damage|p2b: Venusaur|50/100\n|move|p2b: Venusaur|Sleep Powder|p1b: Garchomp\n|-status|p1b: Garchomp|slp|[from] move: Sleep Powder\n|move|p2a: Charizard|Heat Wave|p1a: Sneasler|[spread] p1a,p1b\n|-resisted|p1b: Garchomp|1\n|-damage|p1a: Sneasler|0 fnt\n|-damage|p1b: Garchomp|43/100 slp\n|faint|p1a: Sneasler\n|cant|p1b: Garchomp|slp\n|\n|-weather|SunnyDay|[upkeep]\n|upkeep\n|\n|t:|1776648959\n|switch|p1a: Basculegion|Basculegion, L50, M, shiny|100/100\n|turn|6\n|\n|t:|1776648971\n|move|p1a: Basculegion|Protect|p1a: Basculegion\n|-singleturn|p1a: Basculegion|Protect\n|move|p2b: Venusaur|Leaf Storm|p1a: Basculegion\n|-activate|p1a: Basculegion|move: Protect\n|move|p2a: Charizard|Weather Ball|p1b: Garchomp\n|-resisted|p1b: Garchomp|1\n|-damage|p1b: Garchomp|0 fnt\n|faint|p1b: Garchomp\n|\n|-weather|SunnyDay|[upkeep]\n|upkeep\n|turn|7\n|\n|t:|1776648981\n|move|p2b: Venusaur|Leaf Storm|p1a: Basculegion\n|-supereffective|p1a: Basculegion|1\n|-damage|p1a: Basculegion|0 fnt\n|-unboost|p2b: Venusaur|spa|2\n|faint|p1a: Basculegion\n|\n|win|sweetbabyfishin\n|raw|SlipqyVGC's rating: 1465 &rarr; <strong>1451</strong><br />(-14 for losing)\n|raw|sweetbabyfishin's rating: 1574 &rarr; <strong>1588</strong><br />(+14 for winning)\n|l|\u2606SlipqyVGC\n|player|p1|\n|l|\u2606sweetbabyfishin\n|player|p2|\n",
  "uploadtime": 1776649144,
  "views": 10,
  "formatid": "gen9championsvgc2026regma",
  "rating": 1451,
  "private": 0,
  "password": null
}