{
  "id": "gen9championsvgc2026regma-2585446533",
  "format": "[Gen 9 Champions] VGC 2026 Reg M-A",
  "players": [
    "untitled1111",
    "subaru803h"
  ],
  "log": "|j|\u2606untitled1111\n|j|\u2606subaru803h\n|t:|1776347868\n|gametype|doubles\n|player|p1|untitled1111|lady|1112\n|player|p2|subaru803h|101|1088\n|gen|9\n|tier|[Gen 9 Champions] VGC 2026 Reg M-A\n|rated|\n|rule|Species Clause: Limit one of each Pok\u00e9mon\n|rule|Item Clause: Limit 1 of each item\n|clearpoke\n|poke|p1|Araquanid, L50, M|\n|poke|p1|Greninja-*, L50, M|\n|poke|p1|Mr. Rime, L50, F|\n|poke|p1|Pelipper, L50, M|\n|poke|p1|Cofagrigus, L50, M|\n|poke|p1|Excadrill, L50, F|\n|poke|p2|Froslass, L50, F|\n|poke|p2|Milotic, L50, M|\n|poke|p2|Pelipper, L50, M|\n|poke|p2|Scizor, L50, F|\n|poke|p2|Sableye, L50, F|\n|poke|p2|Ditto, L50|\n|teampreview|4\n|inactive|Battle timer is ON: inactive players will automatically lose when time's up. (requested by untitled1111)\n|inactive|subaru803h has 60 seconds left.\nuntitled1111 rejected open team sheets.\n|\n|t:|1776347907\n|teamsize|p1|4\n|teamsize|p2|4\n|start\n|switch|p1a: Araquanid|Araquanid, L50, M|100/100\n|switch|p1b: Greninja|Greninja, L50, M|100/100\n|switch|p2a: Pelipper|Pelipper, L50, M|100/100\n|switch|p2b: Scizor|Scizor, L50, F|100/100\n|-weather|RainDance|[from] ability: Drizzle|[of] p2a: Pelipper\n|turn|1\n|\n|t:|1776347928\n|detailschange|p1b: Greninja|Greninja-Mega, L50, M\n|-mega|p1b: Greninja|Greninja|Greninjite\n|detailschange|p2b: Scizor|Scizor-Mega, L50, F\n|-mega|p2b: Scizor|Scizor|Scizorite\n|move|p2a: Pelipper|Helping Hand|p2b: Scizor\n|-singleturn|p2b: Scizor|Helping Hand|[of] p2a: Pelipper\n|move|p2b: Scizor|Bullet Punch|p1b: Greninja\n|-resisted|p1b: Greninja|1\n|-damage|p1b: Greninja|59/100\n|move|p1b: Greninja|Surf|p2b: Scizor|[spread] p1a,p2a,p2b\n|-start|p1b: Greninja|typechange|Water|[from] ability: Protean\n|-resisted|p1a: Araquanid|1\n|-resisted|p2a: Pelipper|1\n|-damage|p1a: Araquanid|80/100\n|-damage|p2a: Pelipper|51/100\n|-damage|p2b: Scizor|26/100\n|move|p1a: Araquanid|Entrainment|p1b: Greninja\n|-ability|p1b: Greninja|Water Bubble|Protean|[from] move: Entrainment|[of] p1a: Araquanid\n|\n|-weather|RainDance|[upkeep]\n|-heal|p1a: Araquanid|86/100|[from] item: Leftovers\n|upkeep\n|turn|2\n|inactive|subaru803h has 30 seconds left.\n|inactive|subaru803h has 20 seconds left.\n|\n|t:|1776347966\n|move|p2b: Scizor|Protect|p2b: Scizor\n|-singleturn|p2b: Scizor|Protect\n|move|p1b: Greninja|Water Shuriken|p2b: Scizor\n|-activate|p2b: Scizor|move: Protect\n|move|p2a: Pelipper|Tailwind|p2a: Pelipper\n|-sidestart|p2: subaru803h|move: Tailwind\n|move|p1a: Araquanid|Sticky Web|p2b: Scizor\n|-sidestart|p2: subaru803h|move: Sticky Web\n|\n|-weather|RainDance|[upkeep]\n|-heal|p1a: Araquanid|92/100|[from] item: Leftovers\n|upkeep\n|turn|3\n|inactive|subaru803h has 30 seconds left.\n|\n|t:|1776347992\n|switch|p2a: Ditto|Ditto, L50|100/100\n|-activate|p2a: Ditto|move: Sticky Web\n|-unboost|p2a: Ditto|spe|1\n|-transform|p2a: Ditto|p1b: Greninja|[from] ability: Imposter\n|move|p1b: Greninja|Protect|p1b: Greninja\n|-singleturn|p1b: Greninja|Protect\n|move|p2b: Scizor|Dual Wingbeat|p1a: Araquanid|[miss]\n|-miss|p2b: Scizor|p1a: Araquanid\n|move|p1a: Araquanid|Liquidation|p2b: Scizor\n|-damage|p2b: Scizor|0 fnt\n|faint|p2b: Scizor\n|\n|-weather|RainDance|[upkeep]\n|-heal|p1a: Araquanid|98/100|[from] item: Leftovers\n|upkeep\n|\n|t:|1776348014\n|switch|p2b: Sableye|Sableye, L50, F|100/100\n|-activate|p2b: Sableye|move: Sticky Web\n|-unboost|p2b: Sableye|spe|1\n|turn|4\n|\n|t:|1776348030\n|move|p2b: Sableye|Encore|p1b: Greninja\n|-start|p1b: Greninja|Encore\n|move|p1b: Greninja|Protect||[still]\n|-fail|p1b: Greninja\n|move|p2a: Ditto|Surf|p1a: Araquanid|[spread] p2b,p1a,p1b\n|-resisted|p1a: Araquanid|1\n|-resisted|p1b: Greninja|1\n|-enditem|p2b: Sableye|Focus Sash\n|-damage|p2b: Sableye|1/100\n|-damage|p1a: Araquanid|55/100\n|-damage|p1b: Greninja|0 fnt\n|faint|p1b: Greninja\n|move|p1a: Araquanid|Liquidation|p2a: Ditto\n|-resisted|p2a: Ditto|1\n|-damage|p2a: Ditto|37/100\n|\n|-weather|RainDance|[upkeep]\n|-heal|p1a: Araquanid|61/100|[from] item: Leftovers\n|upkeep\n|\n|t:|1776348049\n|switch|p1b: Mr. Rime|Mr. Rime, L50, F|100/100\n|turn|5\n|\n|t:|1776348060\n|move|p1b: Mr. Rime|Protect|p1b: Mr. Rime\n|-singleturn|p1b: Mr. Rime|Protect\n|move|p2b: Sableye|Reflect|p2b: Sableye\n|-sidestart|p2: subaru803h|Reflect\n|move|p2a: Ditto|Surf|p1a: Araquanid|[spread] p2b,p1a\n|-activate|p1b: Mr. Rime|move: Protect\n|-resisted|p1a: Araquanid|1\n|-damage|p2b: Sableye|0 fnt\n|-damage|p1a: Araquanid|18/100\n|faint|p2b: Sableye\n|move|p1a: Araquanid|Liquidation|p2a: Ditto\n|-resisted|p2a: Ditto|1\n|-damage|p2a: Ditto|0 fnt\n|faint|p2a: Ditto\n|\n|-weather|none\n|-heal|p1a: Araquanid|24/100|[from] item: Leftovers\n|-sideend|p2: subaru803h|move: Tailwind\n|upkeep\n|-message|subaru803h forfeited.\n|\n|win|untitled1111\n|raw|untitled1111's rating: 1112 &rarr; <strong>1135</strong><br />(+23 for winning)\n|raw|subaru803h's rating: 1088 &rarr; <strong>1066</strong><br />(-22 for losing)\n|l|\u2606subaru803h\n|player|p2|\n",
  "uploadtime": 1776348083,
  "views": 34,
  "formatid": "gen9championsvgc2026regma",
  "rating": 1066,
  "private": 0,
  "password": null
}