{
  "id": "gen9championsvgc2026regma-2581767858",
  "format": "[Gen 9 Champions] VGC 2026 Reg M-A",
  "players": [
    "Dddddsf",
    "JustAPoato"
  ],
  "log": "|j|\u2606Dddddsf\n|j|\u2606JustAPoato\n|html|<table width=\"100%\"><tr><td align=\"left\">Dddddsf</td><td align=\"right\">JustAPoato</tr><tr><td align=\"left\"><i class=\"fa fa-circle\"></i> <i class=\"fa fa-circle-o\"></i> </td><td align=\"right\"><i class=\"fa fa-circle-o\"></i> <i class=\"fa fa-circle-o\"></i> </tr></table>\n|uhtml|bestof|<h2><strong>Game 2</strong> of <a href=\"/game-bestof3-gen9championsvgc2026regma-2581764439\">a best-of-3</a></h2>\n|t:|1776026861\n|gametype|doubles\n|player|p1|Dddddsf|red-masters3|\n|player|p2|JustAPoato|pryce|\n|gen|9\n|tier|[Gen 9 Champions] VGC 2026 Reg M-A\n|rule|Species Clause: Limit one of each Pok\u00e9mon\n|rule|Item Clause: Limit 1 of each item\n|raw|<div class=\"infobox\"><details class=\"readmore\" open><summary><strong>1 custom rule:</strong></summary> Best of = 3</details></div>\n|clearpoke\n|poke|p1|Aerodactyl, L50, F|\n|poke|p1|Palafin, L50, M|\n|poke|p1|Incineroar, L50, M|\n|poke|p1|Meganium, L50, M|\n|poke|p1|Aegislash, L50, M|\n|poke|p1|Farigiraf, L50, M|\n|poke|p2|Floette-Eternal, L50, F|\n|poke|p2|Whimsicott, L50, F|\n|poke|p2|Maushold-Four, L50|\n|poke|p2|Pelipper, L50, M|\n|poke|p2|Archaludon, L50, F|\n|poke|p2|Sneasler, L50, M|\n|teampreview|4\n|inactive|Battle timer is ON: inactive players will automatically lose when time's up. (requested by JustAPoato)\nDddddsf has agreed to open team sheets.\n|\n|t:|1776026876\n|teamsize|p1|4\n|teamsize|p2|4\n|start\n|switch|p1a: Melman|Farigiraf, L50, M|100/100\n|switch|p1b: Hero's Porpoise|Palafin, L50, M|100/100\n|switch|p2a: Divorce Inbound|Maushold-Four, L50|100/100\n|switch|p2b: Flower Power|Floette-Eternal, L50, F|100/100\n|turn|1\n|inactiveoff|Battle timer is now OFF.\n|\n|t:|1776026924\n|detailschange|p2b: Flower Power|Floette-Mega, L50, F\n|-mega|p2b: Flower Power|Floette|Floettite\n|-ability|p2b: Flower Power|Fairy Aura\n|move|p2a: Divorce Inbound|Follow Me|p2a: Divorce Inbound\n|-singleturn|p2a: Divorce Inbound|move: Follow Me\n|move|p2b: Flower Power|Calm Mind|p2b: Flower Power\n|-boost|p2b: Flower Power|spa|1\n|-boost|p2b: Flower Power|spd|1\n|move|p1b: Hero's Porpoise|Flip Turn|p2a: Divorce Inbound\n|-damage|p2a: Divorce Inbound|78/100\n|\n|t:|1776026935\n|detailschange|p1b: Hero's Porpoise|Palafin-Hero, L50, M\n|switch|p1b: Excalibore|Aegislash, L50, M, shiny|100/100|[from] Flip Turn\n|move|p1a: Melman|Trick Room|p1a: Melman\n|-fieldstart|move: Trick Room|[of] p1a: Melman\n|\n|-heal|p2a: Divorce Inbound|84/100|[from] item: Leftovers\n|upkeep\n|turn|2\n|\n|t:|1776026944\n|move|p2b: Flower Power|Protect|p2b: Flower Power\n|-singleturn|p2b: Flower Power|Protect\n|move|p1a: Melman|Psychic|p2a: Divorce Inbound\n|-damage|p2a: Divorce Inbound|45/100\n|-formechange|p1b: Excalibore|Aegislash-Blade|\n|move|p1b: Excalibore|Iron Head|p2b: Flower Power\n|-activate|p2b: Flower Power|move: Protect\n|move|p2a: Divorce Inbound|Encore|p1a: Melman\n|-start|p1a: Melman|Encore\n|-enditem|p1a: Melman|Mental Herb\n|-end|p1a: Melman|Encore\n|\n|-heal|p2a: Divorce Inbound|51/100|[from] item: Leftovers\n|upkeep\n|turn|3\n|\n|t:|1776026973\n|switch|p2b: Bridge|Archaludon, L50, F|100/100\n|move|p1a: Melman|Psychic|p2a: Divorce Inbound\n|-damage|p2a: Divorce Inbound|11/100\n|move|p1b: Excalibore|Iron Head|p2b: Bridge|[miss]\n|-miss|p1b: Excalibore|p2b: Bridge\n|move|p2a: Divorce Inbound|Super Fang|p1a: Melman\n|-damage|p1a: Melman|51/100\n|\n|-heal|p2a: Divorce Inbound|17/100|[from] item: Leftovers\n|upkeep\n|turn|4\n|\n|t:|1776026997\n|move|p2a: Divorce Inbound|Helping Hand|p2b: Bridge\n|-singleturn|p2b: Bridge|Helping Hand|[of] p2a: Divorce Inbound\n|move|p1a: Melman|Psychic|p2a: Divorce Inbound\n|-damage|p2a: Divorce Inbound|0 fnt\n|faint|p2a: Divorce Inbound\n|move|p1b: Excalibore|Sacred Sword|p2b: Bridge\n|-supereffective|p2b: Bridge|1\n|-damage|p2b: Bridge|42/100\n|-ability|p2b: Bridge|Stamina|boost\n|-boost|p2b: Bridge|def|1\n|move|p2b: Bridge|Dragon Pulse|p1b: Excalibore\n|-resisted|p1b: Excalibore|1\n|-damage|p1b: Excalibore|41/100\n|\n|-heal|p1b: Excalibore|47/100|[from] item: Leftovers\n|upkeep\n|\n|t:|1776027009\n|switch|p2a: Bird Bitch|Pelipper, L50, M|100/100\n|-weather|RainDance|[from] ability: Drizzle|[of] p2a: Bird Bitch\n|turn|5\n|\n|t:|1776027020\n|move|p2b: Bridge|Protect|p2b: Bridge\n|-singleturn|p2b: Bridge|Protect\n|move|p1a: Melman|Psychic|p2a: Bird Bitch\n|-damage|p2a: Bird Bitch|45/100\n|move|p1b: Excalibore|Sacred Sword|p2b: Bridge\n|-activate|p2b: Bridge|move: Protect\n|move|p2a: Bird Bitch|Weather Ball|p1b: Excalibore\n|-damage|p1b: Excalibore|0 fnt\n|faint|p1b: Excalibore\n|\n|-weather|RainDance|[upkeep]\n|-fieldend|move: Trick Room\n|upkeep\n|\n|t:|1776027033\n|switch|p1b: My Neck!!!|Meganium, L50, M|100/100\n|turn|6\n|\n|t:|1776027042\n|detailschange|p1b: My Neck!!!|Meganium-Mega, L50, M\n|-mega|p1b: My Neck!!!|Meganium|Meganiumite\n|move|p1a: Melman|Helping Hand|p1b: My Neck!!!\n|-singleturn|p1b: My Neck!!!|Helping Hand|[of] p1a: Melman\n|move|p2a: Bird Bitch|Weather Ball|p1a: Melman\n|-damage|p1a: Melman|3/100\n|move|p2b: Bridge|Flash Cannon|p1b: My Neck!!!\n|-supereffective|p1b: My Neck!!!|1\n|-crit|p1b: My Neck!!!\n|-damage|p1b: My Neck!!!|0 fnt\n|faint|p1b: My Neck!!!\n|\n|-weather|RainDance|[upkeep]\n|upkeep\n|\n|t:|1776027062\n|switch|p1b: Hero's Porpoise|Palafin-Hero, L50, M|100/100\n|-activate|p1b: Hero's Porpoise|ability: Zero to Hero\n|turn|7\n|\n|t:|1776027076\n|move|p2a: Bird Bitch|Weather Ball|p1a: Melman\n|-damage|p1a: Melman|0 fnt\n|faint|p1a: Melman\n|move|p1b: Hero's Porpoise|Wave Crash|p2b: Bridge\n|-resisted|p2b: Bridge|1\n|-damage|p2b: Bridge|2/100\n|-ability|p2b: Bridge|Stamina|boost\n|-boost|p2b: Bridge|def|1\n|-damage|p1b: Hero's Porpoise|88/100|[from] Recoil\n|move|p2b: Bridge|Electro Shot||[still]\n|-prepare|p2b: Bridge|Electro Shot\n|-boost|p2b: Bridge|spa|1\n|-anim|p2b: Bridge|Electro Shot|p1b: Hero's Porpoise\n|-supereffective|p1b: Hero's Porpoise|1\n|-damage|p1b: Hero's Porpoise|0 fnt\n|faint|p1b: Hero's Porpoise\n|\n|win|JustAPoato\n||Dddddsf is ready for game 3.\n|inactive|JustAPoato has 30 seconds to confirm battle start!\n||JustAPoato is ready for game 3.\n|uhtml|next|Next: <a href=\"/battle-gen9championsvgc2026regma-2581770847\"><strong>Game 3 of 3</strong></a>\n|l|\u2606JustAPoato\n|player|p2|\n",
  "uploadtime": 1776027329,
  "views": 10,
  "formatid": "gen9championsvgc2026regma",
  "rating": null,
  "private": 0,
  "password": null
}