{
  "id": "gen9championsvgc2026regma-2581480846",
  "format": "[Gen 9 Champions] VGC 2026 Reg M-A",
  "players": [
    "Chikitriskis",
    "maeveronii"
  ],
  "log": "|j|\u2606Chikitriskis\n|j|\u2606maeveronii\n|t:|1776004453\n|gametype|doubles\n|player|p1|Chikitriskis|canari|1104\n|player|p2|maeveronii|shauntal|1042\n|gen|9\n|tier|[Gen 9 Champions] VGC 2026 Reg M-A\n|rated|\n|rule|Species Clause: Limit one of each Pok\u00e9mon\n|rule|Item Clause: Limit 1 of each item\n|clearpoke\n|poke|p1|Venusaur, L50, M|\n|poke|p1|Toxapex, L50, F|\n|poke|p1|Farigiraf, L50, M|\n|poke|p1|Arcanine-Hisui, L50, M|\n|poke|p1|Ninetales-Alola, L50, M|\n|poke|p1|Basculegion, L50, M|\n|poke|p2|Meganium, L50, M|\n|poke|p2|Dragonite, L50, F|\n|poke|p2|Archaludon, L50, F|\n|poke|p2|Pelipper, L50, F|\n|poke|p2|Basculegion, L50, M|\n|poke|p2|Sneasler, L50, F|\n|teampreview|4\n|inactive|Battle timer is ON: inactive players will automatically lose when time's up. (requested by Chikitriskis)\n|\n|t:|1776004483\n|teamsize|p1|4\n|teamsize|p2|4\n|start\n|switch|p1a: Venusaur|Venusaur, L50, M, shiny|100/100\n|switch|p1b: Basculegion|Basculegion, L50, M|100/100\n|switch|p2a: Pelipper|Pelipper, L50, F|100/100\n|switch|p2b: Archaludon|Archaludon, L50, F|100/100\n|-weather|RainDance|[from] ability: Drizzle|[of] p2a: Pelipper\n|turn|1\n|\n|t:|1776004509\n|detailschange|p1a: Venusaur|Venusaur-Mega, L50, M, shiny\n|-mega|p1a: Venusaur|Venusaur|Venusaurite\n|move|p1b: Basculegion|Flip Turn|p2a: Pelipper\n|-resisted|p2a: Pelipper|1\n|-damage|p2a: Pelipper|76/100\n|\n|t:|1776004515\n|switch|p1b: Ninetales|Ninetales-Alola, L50, M|100/100|[from] Flip Turn\n|-weather|Snowscape|[from] ability: Snow Warning|[of] p1b: Ninetales\n|move|p2b: Archaludon|Electro Shot||[still]\n|-prepare|p2b: Archaludon|Electro Shot\n|-boost|p2b: Archaludon|spa|1\n|move|p1a: Venusaur|Leech Seed|p2b: Archaludon\n|-start|p2b: Archaludon|move: Leech Seed\n|move|p2a: Pelipper|Hurricane|p1a: Venusaur|[miss]\n|-miss|p2a: Pelipper|p1a: Venusaur\n|\n|-weather|Snowscape|[upkeep]\n|-damage|p2b: Archaludon|88/100|[from] Leech Seed|[of] p1a: Venusaur\n|upkeep\n|turn|2\n|inactive|maeveronii has 30 seconds left.\n|\n|t:|1776004547\n|switch|p2a: Sneasler|Sneasler, L50, F|100/100\n|move|p1b: Ninetales|Aurora Veil|p1b: Ninetales\n|-sidestart|p1: Chikitriskis|move: Aurora Veil\n|move|p2b: Archaludon|Electro Shot|p1b: Ninetales|[from] lockedmove\n|-damage|p1b: Ninetales|49/100\n|move|p1a: Venusaur|Leech Seed|p2a: Sneasler\n|-start|p2a: Sneasler|move: Leech Seed\n|\n|-weather|Snowscape|[upkeep]\n|-heal|p2b: Archaludon|94/100|[from] item: Leftovers\n|-damage|p2a: Sneasler|89/100|[from] Leech Seed|[of] p1a: Venusaur\n|-damage|p2b: Archaludon|82/100|[from] Leech Seed|[of] p1a: Venusaur\n|upkeep\n|turn|3\n|inactive|maeveronii has 30 seconds left.\n|\n|t:|1776004574\n|switch|p1b: Toxapex|Toxapex, L50, F|100/100\n|move|p1a: Venusaur|Protect|p1a: Venusaur\n|-singleturn|p1a: Venusaur|Protect\n|move|p2a: Sneasler|Dire Claw|p1b: Toxapex\n|-resisted|p1b: Toxapex|1\n|-damage|p1b: Toxapex|89/100\n|move|p2b: Archaludon|Dragon Pulse|p1a: Venusaur\n|-activate|p1a: Venusaur|move: Protect\n|\n|-weather|Snowscape|[upkeep]\n|-heal|p2b: Archaludon|88/100|[from] item: Leftovers\n|-heal|p1b: Toxapex|95/100|[from] item: Leftovers\n|-damage|p2a: Sneasler|77/100|[from] Leech Seed|[of] p1a: Venusaur\n|-damage|p2b: Archaludon|76/100|[from] Leech Seed|[of] p1a: Venusaur\n|upkeep\n|turn|4\n|inactive|Chikitriskis has 30 seconds left.\n|inactive|maeveronii has 30 seconds left.\n|inactive|maeveronii has 20 seconds left.\n|\n|t:|1776004613\n|switch|p2a: Pelipper|Pelipper, L50, F|76/100\n|-weather|RainDance|[from] ability: Drizzle|[of] p2a: Pelipper\n|switch|p1b: Ninetales|Ninetales-Alola, L50, M|49/100\n|-weather|Snowscape|[from] ability: Snow Warning|[of] p1b: Ninetales\n|move|p2b: Archaludon|Dragon Pulse|p1b: Ninetales\n|-immune|p1b: Ninetales\n|move|p1a: Venusaur|Giga Drain|p2a: Pelipper\n|-damage|p2a: Pelipper|41/100\n|\n|-weather|Snowscape|[upkeep]\n|-heal|p2b: Archaludon|81/100|[from] item: Leftovers\n|-damage|p2b: Archaludon|69/100|[from] Leech Seed|[of] p1a: Venusaur\n|upkeep\n|turn|5\n|inactive|Chikitriskis has 30 seconds left.\n|\n|t:|1776004647\n|move|p1b: Ninetales|Encore|p2b: Archaludon\n|-start|p2b: Archaludon|Encore\n|move|p2b: Archaludon|Dragon Pulse|p1a: Venusaur\n|-damage|p1a: Venusaur|66/100\n|move|p1a: Venusaur|Giga Drain|p2a: Pelipper\n|-damage|p2a: Pelipper|1/100\n|-heal|p1a: Venusaur|84/100|[from] drain|[of] p2a: Pelipper\n|move|p2a: Pelipper|Hurricane|p1a: Venusaur\n|-supereffective|p1a: Venusaur|1\n|-damage|p1a: Venusaur|50/100\n|\n|-weather|Snowscape|[upkeep]\n|-heal|p2b: Archaludon|75/100|[from] item: Leftovers\n|-damage|p2b: Archaludon|63/100|[from] Leech Seed|[of] p1a: Venusaur\n|-heal|p1a: Venusaur|61/100|[silent]\n|upkeep\n|turn|6\n|\n|t:|1776004667\n|move|p1a: Venusaur|Protect|p1a: Venusaur\n|-singleturn|p1a: Venusaur|Protect\n|move|p1b: Ninetales|Blizzard|p2a: Pelipper|[spread] p2a,p2b\n|-damage|p2a: Pelipper|0 fnt\n|-damage|p2b: Archaludon|16/100\n|faint|p2a: Pelipper\n|move|p2b: Archaludon|Dragon Pulse|p1a: Venusaur\n|-activate|p1a: Venusaur|move: Protect\n|\n|-weather|Snowscape|[upkeep]\n|-heal|p2b: Archaludon|21/100|[from] item: Leftovers\n|-damage|p2b: Archaludon|9/100|[from] Leech Seed|[of] p1a: Venusaur\n|-heal|p1a: Venusaur|72/100|[silent]\n|-sideend|p1: Chikitriskis|move: Aurora Veil\n|upkeep\n|\n|t:|1776004680\n|switch|p2a: Sneasler|Sneasler, L50, F|77/100\n|turn|7\n|\n|t:|1776004691\n|switch|p1b: Toxapex|Toxapex, L50, F|100/100\n|move|p1a: Venusaur|Protect|p1a: Venusaur\n|-singleturn|p1a: Venusaur|Protect\n|move|p2a: Sneasler|Dire Claw|p1b: Toxapex\n|-resisted|p1b: Toxapex|1\n|-damage|p1b: Toxapex|85/100\n|move|p2b: Archaludon|Dragon Pulse|p1a: Venusaur\n|-activate|p1a: Venusaur|move: Protect\n|\n|-weather|Snowscape|[upkeep]\n|-heal|p2b: Archaludon|15/100|[from] item: Leftovers\n|-heal|p1b: Toxapex|91/100|[from] item: Leftovers\n|-damage|p2b: Archaludon|3/100|[from] Leech Seed|[of] p1a: Venusaur\n|-heal|p1a: Venusaur|83/100|[silent]\n|-end|p2b: Archaludon|Encore\n|upkeep\n|turn|8\n|inactive|maeveronii has 30 seconds left.\n|\n|t:|1776004723\n|move|p2a: Sneasler|Protect|p2a: Sneasler\n|-singleturn|p2a: Sneasler|Protect\n|move|p2b: Archaludon|Flash Cannon|p1a: Venusaur\n|-damage|p1a: Venusaur|38/100\n|move|p1a: Venusaur|Leech Seed|p2a: Sneasler\n|-activate|p2a: Sneasler|move: Protect\n|move|p1b: Toxapex|Infestation|p2a: Sneasler\n|-activate|p2a: Sneasler|move: Protect\n|\n|-weather|none\n|-heal|p2b: Archaludon|9/100|[from] item: Leftovers\n|-heal|p1b: Toxapex|97/100|[from] item: Leftovers\n|-damage|p2b: Archaludon|0 fnt|[from] Leech Seed|[of] p1a: Venusaur\n|-heal|p1a: Venusaur|45/100|[silent]\n|faint|p2b: Archaludon\n|upkeep\n|\n|t:|1776004735\n|switch|p2b: Basculegion|Basculegion, L50, M|100/100\n|turn|9\n|\n|t:|1776004754\n|move|p1b: Toxapex|Baneful Bunker|p1b: Toxapex\n|-singleturn|p1b: Toxapex|move: Protect\n|move|p2b: Basculegion|Last Respects|p1b: Toxapex\n|-activate|p1b: Toxapex|move: Protect\n|move|p2a: Sneasler|Dire Claw|p1a: Venusaur\n|-damage|p1a: Venusaur|20/100\n|-status|p1a: Venusaur|par\n|move|p1a: Venusaur|Giga Drain|p2b: Basculegion\n|-supereffective|p2b: Basculegion|1\n|-damage|p2b: Basculegion|36/100\n|-heal|p1a: Venusaur|54/100 par|[from] drain|[of] p2b: Basculegion\n|\n|-heal|p1b: Toxapex|100/100|[from] item: Leftovers\n|upkeep\n|turn|10\n|\n|t:|1776004775\n|move|p2b: Basculegion|Last Respects|p1a: Venusaur\n|-damage|p1a: Venusaur|0 fnt\n|faint|p1a: Venusaur\n|move|p2a: Sneasler|Dire Claw|p1b: Toxapex\n|-resisted|p1b: Toxapex|1\n|-damage|p1b: Toxapex|85/100\n|move|p1b: Toxapex|Infestation|p2a: Sneasler\n|-resisted|p2a: Sneasler|2\n|-damage|p2a: Sneasler|76/100\n|-activate|p2a: Sneasler|move: Infestation|[of] p1b: Toxapex\n|\n|-heal|p1b: Toxapex|91/100|[from] item: Leftovers\n|-damage|p2a: Sneasler|64/100|[from] move: Infestation|[partiallytrapped]\n|upkeep\n|\n|t:|1776004787\n|switch|p1a: Ninetales|Ninetales-Alola, L50, M|49/100\n|-weather|Snowscape|[from] ability: Snow Warning|[of] p1a: Ninetales\n|turn|11\n|\n|t:|1776004796\n|move|p2b: Basculegion|Last Respects|p1b: Toxapex\n|-damage|p1b: Toxapex|18/100\n|move|p2a: Sneasler|Dire Claw|p1a: Ninetales\n|-supereffective|p1a: Ninetales|1\n|-crit|p1a: Ninetales\n|-damage|p1a: Ninetales|0 fnt\n|faint|p1a: Ninetales\n|move|p1b: Toxapex|Infestation|p2b: Basculegion\n|-resisted|p2b: Basculegion|1\n|-damage|p2b: Basculegion|34/100\n|-activate|p2b: Basculegion|move: Infestation|[of] p1b: Toxapex\n|\n|-weather|Snowscape|[upkeep]\n|-heal|p1b: Toxapex|24/100|[from] item: Leftovers\n|-damage|p2b: Basculegion|22/100|[from] move: Infestation|[partiallytrapped]\n|-damage|p2a: Sneasler|52/100|[from] move: Infestation|[partiallytrapped]\n|upkeep\n|\n|t:|1776004801\n|switch|p1a: Basculegion|Basculegion, L50, M|100/100\n|turn|12\n|\n|t:|1776004814\n|move|p2a: Sneasler|Protect|p2a: Sneasler\n|-singleturn|p2a: Sneasler|Protect\n|move|p1b: Toxapex|Baneful Bunker|p1b: Toxapex\n|-singleturn|p1b: Toxapex|move: Protect\n|move|p1a: Basculegion|Aqua Jet|p2b: Basculegion\n|-resisted|p2b: Basculegion|1\n|-damage|p2b: Basculegion|4/100\n|move|p2b: Basculegion|Last Respects|p1a: Basculegion\n|-supereffective|p1a: Basculegion|1\n|-damage|p1a: Basculegion|0 fnt\n|faint|p1a: Basculegion\n|\n|-weather|Snowscape|[upkeep]\n|-heal|p1b: Toxapex|30/100|[from] item: Leftovers\n|-damage|p2b: Basculegion|0 fnt|[from] move: Infestation|[partiallytrapped]\n|faint|p2b: Basculegion\n|-damage|p2a: Sneasler|40/100|[from] move: Infestation|[partiallytrapped]\n|upkeep\n|turn|13\n|\n|t:|1776004834\n|move|p2a: Sneasler|Close Combat|p1b: Toxapex\n|-resisted|p1b: Toxapex|1\n|-damage|p1b: Toxapex|6/100\n|-unboost|p2a: Sneasler|def|1\n|-unboost|p2a: Sneasler|spd|1\n|-enditem|p2a: Sneasler|White Herb\n|-clearnegativeboost|p2a: Sneasler|[silent]\n|move|p1b: Toxapex|Lunge|p2a: Sneasler\n|-resisted|p2a: Sneasler|2\n|-damage|p2a: Sneasler|34/100\n|-unboost|p2a: Sneasler|atk|1\n|\n|-weather|Snowscape|[upkeep]\n|-heal|p1b: Toxapex|12/100|[from] item: Leftovers\n|-damage|p2a: Sneasler|23/100|[from] move: Infestation|[partiallytrapped]\n|upkeep\n|turn|14\n|\n|t:|1776004848\n|move|p1b: Toxapex|Baneful Bunker|p1b: Toxapex\n|-singleturn|p1b: Toxapex|move: Protect\n|move|p2a: Sneasler|Close Combat|p1b: Toxapex\n|-activate|p1b: Toxapex|move: Protect\n|\n|-weather|Snowscape|[upkeep]\n|-heal|p1b: Toxapex|18/100|[from] item: Leftovers\n|-damage|p2a: Sneasler|11/100|[from] move: Infestation|[partiallytrapped]\n|upkeep\n|turn|15\n|\n|t:|1776004859\n|move|p1b: Toxapex|Baneful Bunker||[still]\n|-fail|p1b: Toxapex\n|move|p2a: Sneasler|Close Combat|p1b: Toxapex\n|-resisted|p1b: Toxapex|1\n|-damage|p1b: Toxapex|2/100\n|-unboost|p2a: Sneasler|def|1\n|-unboost|p2a: Sneasler|spd|1\n|\n|-weather|none\n|-heal|p1b: Toxapex|8/100|[from] item: Leftovers\n|-end|p2a: Sneasler|Infestation|[partiallytrapped]\n|upkeep\n|turn|16\n|\n|t:|1776004871\n|move|p1b: Toxapex|Baneful Bunker|p1b: Toxapex\n|-singleturn|p1b: Toxapex|move: Protect\n|move|p2a: Sneasler|Close Combat|p1b: Toxapex\n|-activate|p1b: Toxapex|move: Protect\n|\n|-heal|p1b: Toxapex|13/100|[from] item: Leftovers\n|upkeep\n|turn|17\n|\n|t:|1776004881\n|move|p1b: Toxapex|Baneful Bunker|p1b: Toxapex\n|-singleturn|p1b: Toxapex|move: Protect\n|move|p2a: Sneasler|Close Combat|p1b: Toxapex\n|-activate|p1b: Toxapex|move: Protect\n|\n|-heal|p1b: Toxapex|19/100|[from] item: Leftovers\n|upkeep\n|turn|18\n|\n|t:|1776004889\n|move|p2a: Sneasler|Close Combat|p1b: Toxapex\n|-resisted|p1b: Toxapex|1\n|-damage|p1b: Toxapex|2/100\n|-unboost|p2a: Sneasler|def|1\n|-unboost|p2a: Sneasler|spd|1\n|move|p1b: Toxapex|Infestation|p2a: Sneasler\n|-resisted|p2a: Sneasler|2\n|-damage|p2a: Sneasler|9/100\n|-activate|p2a: Sneasler|move: Infestation|[of] p1b: Toxapex\n|\n|-heal|p1b: Toxapex|8/100|[from] item: Leftovers\n|-damage|p2a: Sneasler|0 fnt|[from] move: Infestation|[partiallytrapped]\n|faint|p2a: Sneasler\n|\n|win|Chikitriskis\n|raw|Chikitriskis's rating: 1104 &rarr; <strong>1125</strong><br />(+21 for winning)\n|raw|maeveronii's rating: 1042 &rarr; <strong>1029</strong><br />(-13 for losing)\n",
  "uploadtime": 1776004892,
  "views": 19,
  "formatid": "gen9championsvgc2026regma",
  "rating": 1029,
  "private": 0,
  "password": null
}