{
  "id": "gen9championsvgc2026regma-2586531477",
  "format": "[Gen 9 Champions] VGC 2026 Reg M-A",
  "players": [
    "rus0804",
    "Eelektrossyuri"
  ],
  "log": "|j|\u2606rus0804\n|j|\u2606Eelektrossyuri\n|t:|1776441099\n|gametype|doubles\n|player|p1|rus0804|2|1101\n|player|p2|Eelektrossyuri|supernerd-gen1rb|1000\n|gen|9\n|tier|[Gen 9 Champions] VGC 2026 Reg M-A\n|rated|\n|rule|Species Clause: Limit one of each Pok\u00e9mon\n|rule|Item Clause: Limit 1 of each item\n|clearpoke\n|poke|p1|Meganium, L50, F|\n|poke|p1|Typhlosion-Hisui, L50, M|\n|poke|p1|Tauros-Paldea-Aqua, L50, M|\n|poke|p1|Aerodactyl, L50, M|\n|poke|p1|Archaludon, L50, M|\n|poke|p1|Kangaskhan, L50, F|\n|poke|p2|Pelipper, L50, F|\n|poke|p2|Meganium, L50, M|\n|poke|p2|Archaludon, L50, F|\n|poke|p2|Basculegion, L50, M|\n|poke|p2|Sinistcha, L50|\n|poke|p2|Palafin, L50, M|\n|teampreview|4\nrus0804 has agreed to open team sheets.\n|\n|t:|1776441150\n|teamsize|p1|4\n|teamsize|p2|4\n|start\n|switch|p1a: Meganium|Meganium, L50, F, shiny|100/100\n|switch|p1b: Kangaskhan|Kangaskhan, L50, F|100/100\n|switch|p2a: Pelipper|Pelipper, L50, F|100/100\n|switch|p2b: Archaludon|Archaludon, L50, F|100/100\n|-weather|RainDance|[from] ability: Drizzle|[of] p2a: Pelipper\n|turn|1\n|\n|t:|1776441186\n|switch|p2a: Basculegion|Basculegion, L50, M|100/100\n|detailschange|p1a: Meganium|Meganium-Mega, L50, F, shiny\n|-mega|p1a: Meganium|Meganium|Meganiumite\n|move|p1a: Meganium|Protect|p1a: Meganium\n|-singleturn|p1a: Meganium|Protect\n|move|p1b: Kangaskhan|Fake Out|p2a: Basculegion\n|-immune|p2a: Basculegion\n|move|p2b: Archaludon|Snarl|p1a: Meganium|[spread] p1b\n|-activate|p1a: Meganium|move: Protect\n|-damage|p1b: Kangaskhan|83/100\n|-unboost|p1b: Kangaskhan|spa|1\n|\n|-weather|RainDance|[upkeep]\n|upkeep\n|turn|2\n|\n|t:|1776441207\n|switch|p1b: Archaludon|Archaludon, L50, M|100/100\n|move|p2a: Basculegion|Soak|p1a: Meganium\n|-start|p1a: Meganium|typechange|Water\n|move|p1a: Meganium|Solar Beam||[still]\n|-prepare|p1a: Meganium|Solar Beam\n|-activate|p1a: Meganium|ability: Mega Sol\n|-anim|p1a: Meganium|Solar Beam|p2a: Basculegion\n|-supereffective|p2a: Basculegion|1\n|-damage|p2a: Basculegion|3/100\n|move|p2b: Archaludon|Electro Shot||[still]\n|-prepare|p2b: Archaludon|Electro Shot\n|-boost|p2b: Archaludon|spa|1\n|-anim|p2b: Archaludon|Electro Shot|p1a: Meganium\n|-supereffective|p1a: Meganium|1\n|-damage|p1a: Meganium|0 fnt\n|faint|p1a: Meganium\n|\n|-weather|RainDance|[upkeep]\n|upkeep\n|\n|t:|1776441243\n|switch|p1a: Kangaskhan|Kangaskhan, L50, F|83/100\n|turn|3\n|\n|t:|1776441274\n|switch|p2a: Sinistcha|Sinistcha, L50|100/100\n|move|p2b: Archaludon|Protect|p2b: Archaludon\n|-singleturn|p2b: Archaludon|Protect\n|move|p1a: Kangaskhan|Fake Out|p2b: Archaludon\n|-activate|p2b: Archaludon|move: Protect\n|move|p1b: Archaludon|Electro Shot||[still]\n|-prepare|p1b: Archaludon|Electro Shot\n|-boost|p1b: Archaludon|spa|1\n|-anim|p1b: Archaludon|Electro Shot|p2a: Sinistcha\n|-resisted|p2a: Sinistcha|1\n|-damage|p2a: Sinistcha|65/100\n|\n|-weather|RainDance|[upkeep]\n|upkeep\n|turn|4\n|\n|t:|1776441314\n|switch|p2a: Basculegion|Basculegion, L50, M|3/100\n|move|p1a: Kangaskhan|Protect|p1a: Kangaskhan\n|-singleturn|p1a: Kangaskhan|Protect\n|move|p1b: Archaludon|Draco Meteor|p2a: Basculegion|[miss]\n|-miss|p1b: Archaludon|p2a: Basculegion\n|move|p2b: Archaludon|Electro Shot||[still]\n|-prepare|p2b: Archaludon|Electro Shot\n|-boost|p2b: Archaludon|spa|1\n|-anim|p2b: Archaludon|Electro Shot|p1a: Kangaskhan\n|-activate|p1a: Kangaskhan|move: Protect\n|\n|-weather|RainDance|[upkeep]\n|upkeep\n|turn|5\n|\n|t:|1776441344\n|move|p2a: Basculegion|Soak|p1b: Archaludon\n|-start|p1b: Archaludon|typechange|Water\n|move|p1a: Kangaskhan|Low Kick|p2b: Archaludon\n|-supereffective|p2b: Archaludon|1\n|-damage|p2b: Archaludon|64/100\n|-ability|p2b: Archaludon|Stamina|boost\n|-boost|p2b: Archaludon|def|1\n|move|p1b: Archaludon|Draco Meteor|p2b: Archaludon|[miss]\n|-miss|p1b: Archaludon|p2b: Archaludon\n|move|p2b: Archaludon|Electro Shot||[still]\n|-prepare|p2b: Archaludon|Electro Shot\n|-boost|p2b: Archaludon|spa|1\n|-anim|p2b: Archaludon|Electro Shot|p1a: Kangaskhan\n|-damage|p1a: Kangaskhan|0 fnt\n|faint|p1a: Kangaskhan\n|\n|-weather|none\n|upkeep\n|\n|t:|1776441360\n|switch|p1a: Typhlosion|Typhlosion-Hisui, L50, M, shiny|100/100\n|-item|p2a: Basculegion|Spell Tag|[from] ability: Frisk|[of] p1a: Typhlosion\n|-item|p2b: Archaludon|Magnet|[from] ability: Frisk|[of] p1a: Typhlosion\n|turn|6\n|\n|t:|1776441380\n|switch|p2a: Pelipper|Pelipper, L50, F|100/100\n|-weather|RainDance|[from] ability: Drizzle|[of] p2a: Pelipper\n|move|p2b: Archaludon|Protect|p2b: Archaludon\n|-singleturn|p2b: Archaludon|Protect\n|move|p1a: Typhlosion|Eruption|p2a: Pelipper|[spread] p2a\n|-activate|p2b: Archaludon|move: Protect\n|-resisted|p2a: Pelipper|1\n|-damage|p2a: Pelipper|82/100\n|move|p1b: Archaludon|Electro Shot||[still]\n|-prepare|p1b: Archaludon|Electro Shot\n|-boost|p1b: Archaludon|spa|1\n|-anim|p1b: Archaludon|Electro Shot|p2b: Archaludon\n|-activate|p2b: Archaludon|move: Protect\n|\n|-weather|RainDance|[upkeep]\n|upkeep\n|turn|7\n|\n|t:|1776441407\n|switch|p2a: Sinistcha|Sinistcha, L50|65/100\n|-heal|p2b: Archaludon|89/100|[from] ability: Hospitality|[of] p2a: Sinistcha\n|move|p1a: Typhlosion|Eruption|p2a: Sinistcha|[spread] p2a,p2b\n|-supereffective|p2a: Sinistcha|1\n|-damage|p2a: Sinistcha|0 fnt\n|-damage|p2b: Archaludon|56/100\n|-ability|p2b: Archaludon|Stamina|boost\n|-boost|p2b: Archaludon|def|1\n|faint|p2a: Sinistcha\n|move|p1b: Archaludon|Draco Meteor|p2b: Archaludon\n|-damage|p2b: Archaludon|0 fnt\n|-unboost|p1b: Archaludon|spa|2\n|faint|p2b: Archaludon\n|\n|-weather|RainDance|[upkeep]\n|upkeep\n|l|\u2606Eelektrossyuri\n|player|p2|\n|inactive|Battle timer is ON: inactive players will automatically lose when time's up. (requested by rus0804)\n|inactive|Eelektrossyuri has 30 seconds to reconnect!\n|inactive|Eelektrossyuri has 20 seconds to reconnect!\n|inactive|Eelektrossyuri has 15 seconds to reconnect!\n|inactive|Eelektrossyuri has 10 seconds to reconnect!\n|inactive|Eelektrossyuri has 5 seconds to reconnect!\n|-message|Eelektrossyuri lost due to inactivity.\n|\n|win|rus0804\n|raw|rus0804's rating: 1101 &rarr; <strong>1119</strong><br />(+18 for winning)\n|raw|Eelektrossyuri's rating: 1000 &rarr; <strong>1000</strong><br />(+0 for losing)\n",
  "uploadtime": 1776441823,
  "views": 21,
  "formatid": "gen9championsvgc2026regma",
  "rating": 1000,
  "private": 0,
  "password": null
}