{
  "id": "gen9championsvgc2026regma-2584454498",
  "format": "[Gen 9 Champions] VGC 2026 Reg M-A",
  "players": [
    "1werfity2",
    "Someoneofficial"
  ],
  "log": "|j|\u26061werfity2\n|j|\u2606Someoneofficial\n|t:|1776262001\n|gametype|doubles\n|player|p1|1werfity2|266|1101\n|player|p2|Someoneofficial|scientist-gen4dp|1106\n|gen|9\n|tier|[Gen 9 Champions] VGC 2026 Reg M-A\n|rated|\n|rule|Species Clause: Limit one of each Pok\u00e9mon\n|rule|Item Clause: Limit 1 of each item\n|clearpoke\n|poke|p1|Gengar, L50, F|\n|poke|p1|Maushold-Four, L50|\n|poke|p1|Noivern, L50, F|\n|poke|p1|Dragapult, L50, M|\n|poke|p1|Incineroar, L50, F|\n|poke|p1|Kingambit, L50, M|\n|poke|p2|Floette-Eternal, L50, F|\n|poke|p2|Incineroar, L50, M|\n|poke|p2|Primarina, L50, M|\n|poke|p2|Talonflame, L50, F|\n|poke|p2|Maushold-Four, L50|\n|poke|p2|Garchomp, L50, M|\n|teampreview|4\n|\n|t:|1776262034\n|teamsize|p1|4\n|teamsize|p2|4\n|start\n|switch|p1a: Noivern|Noivern, L50, F|100/100\n|switch|p1b: Gengar|Gengar, L50, F|100/100\n|switch|p2a: Garchomp|Garchomp, L50, M|100/100\n|switch|p2b: Talonflame|Talonflame, L50, F, shiny|100/100\n|turn|1\n|\n|t:|1776262049\n|switch|p1b: Incineroar|Incineroar, L50, F|100/100\n|-ability|p1b: Incineroar|Intimidate|boost\n|-unboost|p2a: Garchomp|atk|1\n|-unboost|p2b: Talonflame|atk|1\n|-enditem|p2a: Garchomp|White Herb\n|-clearnegativeboost|p2a: Garchomp|[silent]\n|move|p2b: Talonflame|Tailwind|p2b: Talonflame\n|-sidestart|p2: Someoneofficial|move: Tailwind\n|move|p2a: Garchomp|Earthquake|p1a: Noivern|[spread] p1b\n|-immune|p2b: Talonflame\n|-immune|p1a: Noivern\n|-supereffective|p1b: Incineroar|1\n|-damage|p1b: Incineroar|28/100\n|move|p1a: Noivern|Tailwind|p1a: Noivern\n|-sidestart|p1: 1werfity2|move: Tailwind\n|\n|upkeep\n|turn|2\n|\n|t:|1776262084\n|move|p2a: Garchomp|Protect|p2a: Garchomp\n|-singleturn|p2a: Garchomp|Protect\n|move|p2b: Talonflame|Dual Wingbeat|p1b: Incineroar|[miss]\n|-miss|p2b: Talonflame|p1b: Incineroar\n|move|p1a: Noivern|Dragon Pulse|p2a: Garchomp\n|-activate|p2a: Garchomp|move: Protect\n|move|p1b: Incineroar|Flare Blitz|p2b: Talonflame\n|-resisted|p2b: Talonflame|1\n|-damage|p2b: Talonflame|62/100\n|-damage|p1b: Incineroar|19/100|[from] Recoil\n|\n|upkeep\n|turn|3\n|\n|t:|1776262106\n|switch|p2a: Primarina|Primarina, L50, M, shiny|100/100\n|switch|p1b: Kingambit|Kingambit, L50, M|100/100\n|move|p2b: Talonflame|Dual Wingbeat|p1a: Noivern\n|-damage|p1a: Noivern|85/100\n|-damage|p1a: Noivern|68/100\n|-hitcount|p1a: Noivern|2\n|move|p1a: Noivern|Dragon Pulse|p2a: Primarina\n|-immune|p2a: Primarina\n|\n|upkeep\n|turn|4\n|\n|t:|1776262128\n|move|p2b: Talonflame|Flare Blitz|p1b: Kingambit\n|-supereffective|p1b: Kingambit|1\n|-damage|p1b: Kingambit|53/100\n|-status|p1b: Kingambit|brn\n|-damage|p2b: Talonflame|41/100|[from] Recoil\n|move|p1a: Noivern|Dragon Pulse|p2b: Talonflame\n|-damage|p2b: Talonflame|0 fnt\n|faint|p2b: Talonflame\n|move|p2a: Primarina|Dazzling Gleam|p1a: Noivern|[spread] p1a,p1b\n|-supereffective|p1a: Noivern|1\n|-damage|p1a: Noivern|0 fnt\n|-damage|p1b: Kingambit|24/100 brn\n|faint|p1a: Noivern\n|move|p1b: Kingambit|Iron Head|p2a: Primarina\n|-damage|p2a: Primarina|79/100\n|\n|-heal|p1b: Kingambit|30/100 brn|[from] item: Leftovers\n|-damage|p1b: Kingambit|24/100 brn|[from] brn\n|-sideend|p1: 1werfity2|move: Tailwind\n|-sideend|p2: Someoneofficial|move: Tailwind\n|upkeep\n|\n|t:|1776262150\n|switch|p2b: Garchomp|Garchomp, L50, M|100/100\n|switch|p1a: Gengar|Gengar, L50, F|100/100\n|turn|5\n|\n|t:|1776262166\n|detailschange|p1a: Gengar|Gengar-Mega, L50, F\n|-mega|p1a: Gengar|Gengar|Gengarite\n|move|p2a: Primarina|Protect|p2a: Primarina\n|-singleturn|p2a: Primarina|Protect\n|move|p1a: Gengar|Sludge Bomb|p2a: Primarina\n|-activate|p2a: Primarina|move: Protect\n|move|p2b: Garchomp|Earthquake|p1a: Gengar|[spread] p1a,p1b\n|-activate|p2a: Primarina|move: Protect\n|-supereffective|p1a: Gengar|1\n|-supereffective|p1b: Kingambit|1\n|-damage|p1a: Gengar|0 fnt\n|-damage|p1b: Kingambit|0 fnt\n|faint|p1a: Gengar\n|faint|p1b: Kingambit\n|\n|upkeep\n|\n|t:|1776262179\n|switch|p1b: Incineroar|Incineroar, L50, F|19/100\n|-ability|p1b: Incineroar|Intimidate|boost\n|-unboost|p2a: Primarina|atk|1\n|-unboost|p2b: Garchomp|atk|1\n|turn|6\n|\n|t:|1776262185\n|move|p2b: Garchomp|Stomping Tantrum|p1b: Incineroar\n|-supereffective|p1b: Incineroar|1\n|-damage|p1b: Incineroar|0 fnt\n|faint|p1b: Incineroar\n|\n|win|Someoneofficial\n|raw|1werfity2's rating: 1101 &rarr; <strong>1076</strong><br />(-25 for losing)\n|raw|Someoneofficial's rating: 1106 &rarr; <strong>1131</strong><br />(+25 for winning)\n|l|\u26061werfity2\n|player|p1|\n",
  "uploadtime": 1776262192,
  "views": 59,
  "formatid": "gen9championsvgc2026regma",
  "rating": 1076,
  "private": 0,
  "password": null
}