{
  "id": "gen9championsvgc2026regma-2587604678",
  "format": "[Gen 9 Champions] VGC 2026 Reg M-A",
  "players": [
    "Melon_Puffs94",
    "PM77Switch"
  ],
  "log": "|j|\u2606Melon_Puffs94\n|j|\u2606PM77Switch\n|t:|1776546236\n|gametype|doubles\n|player|p1|Melon_Puffs94|bianca|1209\n|player|p2|PM77Switch|may-masters3|1308\n|gen|9\n|tier|[Gen 9 Champions] VGC 2026 Reg M-A\n|rated|\n|rule|Species Clause: Limit one of each Pok\u00e9mon\n|rule|Item Clause: Limit 1 of each item\n|clearpoke\n|poke|p1|Zoroark-Hisui, L50, F, shiny|\n|poke|p1|Milotic, L50, F, shiny|\n|poke|p1|Kangaskhan, L50, F|\n|poke|p1|Arcanine-Hisui, L50, M|\n|poke|p1|Dragonite, L50, F, shiny|\n|poke|p1|Sinistcha, L50|\n|poke|p2|Blastoise, L50, M|\n|poke|p2|Kingambit, L50, F|\n|poke|p2|Sneasler, L50, F|\n|poke|p2|Aerodactyl, L50, F|\n|poke|p2|Sinistcha, L50|\n|poke|p2|Incineroar, L50, F|\n|teampreview|4\n|inactive|Battle timer is ON: inactive players will automatically lose when time's up. (requested by PM77Switch)\n|\n|t:|1776546265\n|teamsize|p1|4\n|teamsize|p2|4\n|start\n|switch|p1a: Milotic|Milotic, L50, F, shiny|100/100\n|switch|p1b: Dragonite|Dragonite, L50, F, shiny|100/100\n|switch|p2a: Kingambit|Kingambit, L50, F|100/100\n|switch|p2b: Aerodactyl|Aerodactyl, L50, F|100/100\n|-ability|p2b: Aerodactyl|Unnerve\n|turn|1\n|\n|t:|1776546275\n|move|p2b: Aerodactyl|Tailwind|p2b: Aerodactyl\n|-sidestart|p2: PM77Switch|move: Tailwind\n|move|p2a: Kingambit|Kowtow Cleave|p1a: Milotic\n|-damage|p1a: Milotic|67/100\n|move|p1b: Dragonite|Low Kick|p2a: Kingambit\n|-supereffective|p2a: Kingambit|2\n|-enditem|p2a: Kingambit|Chople Berry|[eat]\n|-enditem|p2a: Kingambit|Chople Berry|[weaken]\n|-damage|p2a: Kingambit|47/100\n|move|p1a: Milotic|Ice Beam|p2b: Aerodactyl\n|-supereffective|p2b: Aerodactyl|1\n|-damage|p2b: Aerodactyl|41/100\n|\n|-heal|p1a: Milotic|73/100|[from] item: Leftovers\n|upkeep\n|turn|2\n|\n|t:|1776546296\n|move|p2b: Aerodactyl|Rock Slide|p1b: Dragonite|[spread] p1a,p1b\n|-supereffective|p1b: Dragonite|1\n|-damage|p1a: Milotic|54/100\n|-damage|p1b: Dragonite|47/100\n|move|p2a: Kingambit|Kowtow Cleave|p1b: Dragonite\n|-damage|p1b: Dragonite|0 fnt\n|faint|p1b: Dragonite\n|cant|p1a: Milotic|flinch\n|\n|-heal|p1a: Milotic|60/100|[from] item: Leftovers\n|upkeep\n|\n|t:|1776546307\n|switch|p1b: Kangaskhan|Kangaskhan, L50, F|100/100\n|turn|3\n|\n|t:|1776546315\n|detailschange|p1b: Kangaskhan|Kangaskhan-Mega, L50, F\n|-mega|p1b: Kangaskhan|Kangaskhan|Kangaskhanite\n|move|p2b: Aerodactyl|Protect|p2b: Aerodactyl\n|-singleturn|p2b: Aerodactyl|Protect\n|move|p2a: Kingambit|Protect|p2a: Kingambit\n|-singleturn|p2a: Kingambit|Protect\n|move|p1b: Kangaskhan|Fake Out|p2a: Kingambit\n|-activate|p2a: Kingambit|move: Protect\n|move|p1a: Milotic|Ice Beam|p2b: Aerodactyl\n|-activate|p2b: Aerodactyl|move: Protect\n|\n|-heal|p1a: Milotic|66/100|[from] item: Leftovers\n|upkeep\n|turn|4\n|\n|t:|1776546338\n|switch|p2b: Sinistcha|Sinistcha, L50|100/100\n|-heal|p2a: Kingambit|72/100|[from] ability: Hospitality|[of] p2b: Sinistcha\n|move|p2a: Kingambit|Kowtow Cleave|p1b: Kangaskhan\n|-damage|p1b: Kangaskhan|57/100\n|move|p1b: Kangaskhan|Drain Punch|p2a: Kingambit\n|-supereffective|p2a: Kingambit|2\n|-damage|p2a: Kingambit|0 fnt\n|-heal|p1b: Kangaskhan|94/100|[from] drain|[of] p2a: Kingambit\n|faint|p2a: Kingambit\n|-hitcount|p2: Kingambit|1\n|move|p1a: Milotic|Ice Beam|p2b: Sinistcha\n|-supereffective|p2b: Sinistcha|1\n|-damage|p2b: Sinistcha|66/100\n|\n|-heal|p1a: Milotic|72/100|[from] item: Leftovers\n|-sideend|p2: PM77Switch|move: Tailwind\n|upkeep\n|\n|t:|1776546351\n|switch|p2a: Aerodactyl|Aerodactyl, L50, F|41/100\n|-ability|p2a: Aerodactyl|Unnerve\n|turn|5\n|\n|t:|1776546369\n|move|p1b: Kangaskhan|Sucker Punch||[still]\n|-fail|p1b: Kangaskhan\n|move|p2a: Aerodactyl|Tailwind|p2a: Aerodactyl\n|-sidestart|p2: PM77Switch|move: Tailwind\n|move|p2b: Sinistcha|Matcha Gotcha|p1b: Kangaskhan|[spread] p1a,p1b\n|-supereffective|p1a: Milotic|1\n|-damage|p1a: Milotic|39/100\n|-heal|p2b: Sinistcha|84/100|[from] drain|[of] p1a: Milotic\n|-damage|p1b: Kangaskhan|71/100\n|-heal|p2b: Sinistcha|97/100|[from] drain|[of] p1b: Kangaskhan\n|move|p1a: Milotic|Ice Beam|p2a: Aerodactyl\n|-supereffective|p2a: Aerodactyl|1\n|-damage|p2a: Aerodactyl|0 fnt\n|faint|p2a: Aerodactyl\n|\n|-heal|p1a: Milotic|45/100|[from] item: Leftovers\n|upkeep\n|\n|t:|1776546381\n|switch|p2a: Blastoise|Blastoise, L50, M|100/100\n|turn|6\n|\n|t:|1776546393\n|switch|p1b: Kangaskhan|Kangaskhan-Mega, L50, F|100/100\n|detailschange|p2a: Blastoise|Blastoise-Mega, L50, M\n|-mega|p2a: Blastoise|Blastoise|Blastoisinite\n|move|p2a: Blastoise|Water Spout|p1b: Kangaskhan|[spread] p1a,p1b\n|-resisted|p1a: Milotic|1\n|-damage|p1a: Milotic|24/100\n|-enditem|p1b: Kangaskhan|Focus Sash\n|-damage|p1b: Kangaskhan|1/100\n|replace|p1b: Zoroark|Zoroark-Hisui, L50, F, shiny\n|-end|p1b: Zoroark|Illusion\n|move|p2b: Sinistcha|Matcha Gotcha|p1a: Milotic|[spread] p1a,p1b\n|-supereffective|p1a: Milotic|1\n|-crit|p1b: Zoroark\n|-damage|p1a: Milotic|0 fnt\n|-heal|p2b: Sinistcha|100/100|[from] drain|[of] p1a: Milotic\n|-damage|p1b: Zoroark|0 fnt\n|faint|p1a: Milotic\n|faint|p1b: Zoroark\n|\n|upkeep\n|-message|Melon_Puffs94 forfeited.\n|\n|win|PM77Switch\n|raw|Melon_Puffs94's rating: 1209 &rarr; <strong>1191</strong><br />(-18 for losing)\n|raw|PM77Switch's rating: 1308 &rarr; <strong>1322</strong><br />(+14 for winning)\n|l|\u2606Melon_Puffs94\n|player|p1|\n",
  "uploadtime": 1776546409,
  "views": 11,
  "formatid": "gen9championsvgc2026regma",
  "rating": 1191,
  "private": 0,
  "password": null
}