{
  "id": "gen9championsvgc2026regma-2588523096",
  "format": "[Gen 9 Champions] VGC 2026 Reg M-A",
  "players": [
    "Better Luck VGC",
    "Woahwut"
  ],
  "log": "|j|\u2606Better Luck VGC\n|j|\u2606Woahwut\n|t:|1776641393\n|gametype|doubles\n|player|p1|Better Luck VGC|caitlin|1000\n|player|p2|Woahwut|102|1076\n|gen|9\n|tier|[Gen 9 Champions] VGC 2026 Reg M-A\n|rated|\n|rule|Species Clause: Limit one of each Pok\u00e9mon\n|rule|Item Clause: Limit 1 of each item\n|clearpoke\n|poke|p1|Meganium, L50, F|\n|poke|p1|Tyranitar, L50, F|\n|poke|p1|Sinistcha, L50|\n|poke|p1|Basculegion, L50, M|\n|poke|p1|Incineroar, L50, F|\n|poke|p1|Aerodactyl, L50, F|\n|poke|p2|Abomasnow, L50, F|\n|poke|p2|Farigiraf, L50, F|\n|poke|p2|Incineroar, L50, F|\n|poke|p2|Rotom-Frost, L50|\n|poke|p2|Sylveon, L50, M|\n|poke|p2|Chimecho, L50, F|\n|teampreview|4\n|\n|t:|1776641450\n|teamsize|p1|4\n|teamsize|p2|4\n|start\n|switch|p1a: Incineroar|Incineroar, L50, F|100/100\n|switch|p1b: Sinistcha|Sinistcha, L50|100/100\n|switch|p2a: Incineroar|Incineroar, L50, F|100/100\n|switch|p2b: Sylveon|Sylveon, L50, M|100/100\n|-ability|p1a: Incineroar|Intimidate|boost\n|-unboost|p2a: Incineroar|atk|1\n|-unboost|p2b: Sylveon|atk|1\n|-ability|p2a: Incineroar|Intimidate|boost\n|-unboost|p1a: Incineroar|atk|1\n|-unboost|p1b: Sinistcha|atk|1\n|-enditem|p1a: Incineroar|White Herb\n|-clearnegativeboost|p1a: Incineroar|[silent]\n|turn|1\n|\n|t:|1776641480\n|switch|p1b: Basculegion|Basculegion, L50, M|100/100\n|move|p1a: Incineroar|Fake Out|p2a: Incineroar\n|-damage|p2a: Incineroar|88/100\n|cant|p2a: Incineroar|flinch\n|move|p2b: Sylveon|Calm Mind|p2b: Sylveon\n|-boost|p2b: Sylveon|spa|1\n|-boost|p2b: Sylveon|spd|1\n|\n|upkeep\n|turn|2\n|\n|t:|1776641511\n|move|p1b: Basculegion|Wave Crash|p2b: Sylveon\n|-damage|p2b: Sylveon|14/100\n|-enditem|p2b: Sylveon|Sitrus Berry|[eat]\n|-heal|p2b: Sylveon|39/100|[from] item: Sitrus Berry\n|-damage|p1b: Basculegion|71/100|[from] Recoil\n|move|p1a: Incineroar|Superpower|p2a: Incineroar\n|-supereffective|p2a: Incineroar|1\n|-damage|p2a: Incineroar|17/100\n|-unboost|p1a: Incineroar|atk|1\n|-unboost|p1a: Incineroar|def|1\n|move|p2b: Sylveon|Hyper Voice|p1a: Incineroar|[spread] p1a,p1b\n|-damage|p1a: Incineroar|61/100\n|-damage|p1b: Basculegion|20/100\n|move|p2a: Incineroar|Assurance|p1b: Basculegion\n|-supereffective|p1b: Basculegion|1\n|-damage|p1b: Basculegion|0 fnt\n|faint|p1b: Basculegion\n|\n|upkeep\n|\n|t:|1776641542\n|switch|p1b: Tyranitar|Tyranitar, L50, F|100/100\n|-weather|Sandstorm|[from] ability: Sand Stream|[of] p1b: Tyranitar\n|turn|3\n|\n|t:|1776641555\n|switch|p2a: Abomasnow|Abomasnow, L50, F|100/100\n|-weather|Snowscape|[from] ability: Snow Warning|[of] p2a: Abomasnow\n|detailschange|p1b: Tyranitar|Tyranitar-Mega, L50, F\n|-mega|p1b: Tyranitar|Tyranitar|Tyranitarite\n|-weather|Sandstorm|[from] ability: Sand Stream|[of] p1b: Tyranitar\n|move|p1b: Tyranitar|Rock Slide|p2a: Abomasnow|[spread] p2a,p2b\n|-supereffective|p2a: Abomasnow|1\n|-damage|p2a: Abomasnow|18/100\n|-damage|p2b: Sylveon|8/100\n|move|p1a: Incineroar|Flare Blitz|p2b: Sylveon\n|-damage|p2b: Sylveon|0 fnt\n|faint|p2b: Sylveon\n|-damage|p1a: Incineroar|58/100|[from] Recoil\n|\n|-weather|Sandstorm|[upkeep]\n|-damage|p1a: Incineroar|52/100|[from] Sandstorm\n|-damage|p2a: Abomasnow|12/100|[from] Sandstorm\n|upkeep\n|\n|t:|1776641570\n|switch|p2b: Incineroar|Incineroar, L50, F|17/100\n|-ability|p2b: Incineroar|Intimidate|boost\n|-unboost|p1a: Incineroar|atk|1\n|-unboost|p1b: Tyranitar|atk|1\n|turn|4\n|\n|t:|1776641608\n|switch|p1b: Sinistcha|Sinistcha, L50|100/100\n|-heal|p1a: Incineroar|77/100|[from] ability: Hospitality|[of] p1b: Sinistcha\n|move|p2b: Incineroar|Fake Out|p1b: Sinistcha\n|-immune|p1b: Sinistcha\n|move|p1a: Incineroar|Flare Blitz|p2a: Abomasnow\n|-supereffective|p2a: Abomasnow|2\n|-damage|p2a: Abomasnow|0 fnt\n|faint|p2a: Abomasnow\n|-damage|p1a: Incineroar|73/100|[from] Recoil\n|\n|-weather|Sandstorm|[upkeep]\n|-damage|p1b: Sinistcha|94/100|[from] Sandstorm\n|-damage|p1a: Incineroar|67/100|[from] Sandstorm\n|-damage|p2b: Incineroar|11/100|[from] Sandstorm\n|upkeep\n|\n|t:|1776641617\n|switch|p2a: Chimecho|Chimecho, L50, F|100/100\n|turn|5\n|-message|Woahwut forfeited.\n|\n|win|Better Luck VGC\n|raw|Better Luck VGC's rating: 1000 &rarr; <strong>1049</strong><br />(+49 for winning)\n|raw|Woahwut's rating: 1076 &rarr; <strong>1050</strong><br />(-26 for losing)\n",
  "uploadtime": 1776641649,
  "views": 8,
  "formatid": "gen9championsvgc2026regma",
  "rating": 1049,
  "private": 0,
  "password": null
}