{
  "id": "gen9championsvgc2026regma-2588501864",
  "format": "[Gen 9 Champions] VGC 2026 Reg M-A",
  "players": [
    "Elite Fource",
    "pabbbbbsssss"
  ],
  "log": "|j|\u2606Elite Fource\n|j|\u2606pabbbbbsssss\n|t:|1776639329\n|gametype|doubles\n|player|p1|Elite Fource|infielder|1024\n|player|p2|pabbbbbsssss|266|1029\n|gen|9\n|tier|[Gen 9 Champions] VGC 2026 Reg M-A\n|rated|\n|rule|Species Clause: Limit one of each Pok\u00e9mon\n|rule|Item Clause: Limit 1 of each item\n|clearpoke\n|poke|p1|Greninja, L50, F|\n|poke|p1|Mr. Rime, L50, F|\n|poke|p1|Victreebel, L50, M, shiny|\n|poke|p1|Flareon, L50, M|\n|poke|p1|Pinsir, L50, M, shiny|\n|poke|p1|Zoroark-Hisui, L50, F|\n|poke|p2|Gengar, L50, M|\n|poke|p2|Scovillain, L50, M|\n|poke|p2|Sneasler, L50, F|\n|poke|p2|Sinistcha, L50|\n|poke|p2|Corviknight, L50, F|\n|poke|p2|Gyarados, L50, M|\n|teampreview|4\n|inactive|Battle timer is ON: inactive players will automatically lose when time's up. (requested by Elite Fource)\n|\n|t:|1776639340\n|teamsize|p1|4\n|teamsize|p2|4\n|start\n|switch|p1a: In the courtyard|Greninja, L50, F|100/100\n|switch|p1b: No plan|Mr. Rime, L50, F|100/100\n|switch|p2a: Scovillain|Scovillain, L50, M|100/100\n|switch|p2b: Sinistcha|Sinistcha, L50|100/100\n|turn|1\n|inactive|Elite Fource has 30 seconds left.\n|\n|t:|1776639369\n|move|p1a: In the courtyard|Protect|p1a: In the courtyard\n|-start|p1a: In the courtyard|typechange|Normal|[from] ability: Protean\n|-singleturn|p1a: In the courtyard|Protect\n|move|p2a: Scovillain|Protect|p2a: Scovillain\n|-singleturn|p2a: Scovillain|Protect\n|move|p1b: No plan|Psychic|p2a: Scovillain\n|-activate|p2a: Scovillain|move: Protect\n|move|p2b: Sinistcha|Matcha Gotcha|p1a: In the courtyard|[spread] \n|-activate|p1a: In the courtyard|move: Protect\n|-miss|p2b: Sinistcha|p1b: No plan\n|\n|-ability|p2a: Scovillain|Moody|boost\n|-boost|p2a: Scovillain|def|2\n|-unboost|p2a: Scovillain|spe|1\n|upkeep\n|turn|2\n|\n|t:|1776639393\n|switch|p2b: Sneasler|Sneasler, L50, F|100/100\n|detailschange|p2a: Scovillain|Scovillain-Mega, L50, M\n|-mega|p2a: Scovillain|Scovillain|Scovillainite\n|move|p2a: Scovillain|Rage Powder|p2a: Scovillain\n|-singleturn|p2a: Scovillain|move: Rage Powder\n|move|p1b: No plan|Psychic|p2a: Scovillain\n|-crit|p2a: Scovillain\n|-damage|p2a: Scovillain|38/100\n|-status|p1b: No plan|brn|[from] ability: Spicy Spray|[of] p2a: Scovillain\n|move|p1a: In the courtyard|Ice Punch|p2a: Scovillain\n|-damage|p2a: Scovillain|26/100\n|-status|p1a: In the courtyard|brn|[from] ability: Spicy Spray|[of] p2a: Scovillain\n|\n|-damage|p1b: No plan|95/100 brn|[from] brn\n|-damage|p1a: In the courtyard|94/100 brn|[from] brn\n|upkeep\n|turn|3\n|\n|t:|1776639413\n|switch|p2a: Sinistcha|Sinistcha, L50|100/100\n|move|p1a: In the courtyard|Upper Hand||[still]\n|-fail|p1a: In the courtyard\n|move|p1b: No plan|Psychic|p2a: Sinistcha\n|-damage|p2a: Sinistcha|50/100\n|move|p2b: Sneasler|Toxic Spikes|p1b: No plan\n|-sidestart|p1: Elite Fource|move: Toxic Spikes\n|\n|-damage|p1b: No plan|89/100 brn|[from] brn\n|-damage|p1a: In the courtyard|88/100 brn|[from] brn\n|upkeep\n|turn|4\n|\n|t:|1776639436\n|move|p1b: No plan|Psychic|p2b: Sneasler\n|-supereffective|p2b: Sneasler|2\n|-damage|p2b: Sneasler|0 fnt\n|faint|p2b: Sneasler\n|move|p2a: Sinistcha|Life Dew|p2a: Sinistcha\n|-heal|p2a: Sinistcha|75/100\n|move|p1a: In the courtyard|Ice Punch|p2a: Sinistcha\n|-supereffective|p2a: Sinistcha|1\n|-damage|p2a: Sinistcha|53/100\n|-status|p2a: Sinistcha|frz\n|\n|-damage|p1b: No plan|83/100 brn|[from] brn\n|-damage|p1a: In the courtyard|82/100 brn|[from] brn\n|upkeep\n|\n|t:|1776639449\n|switch|p2b: Gengar|Gengar, L50, M|100/100\n|turn|5\n|\n|t:|1776639460\n|cant|p2a: Sinistcha|frz\n|move|p1b: No plan|Psychic|p2b: Gengar\n|-supereffective|p2b: Gengar|1\n|-enditem|p2b: Gengar|Focus Sash\n|-damage|p2b: Gengar|1/100\n|-unboost|p2b: Gengar|spd|1\n|move|p1a: In the courtyard|Ice Punch|p2a: Sinistcha\n|-supereffective|p2a: Sinistcha|1\n|-damage|p2a: Sinistcha|32/100 frz\n|move|p2b: Gengar|Hex|p1a: In the courtyard\n|-immune|p1a: In the courtyard\n|\n|-damage|p1b: No plan|77/100 brn|[from] brn\n|-damage|p1a: In the courtyard|76/100 brn|[from] brn\n|upkeep\n|turn|6\n|-message|pabbbbbsssss forfeited.\n|\n|win|Elite Fource\n|raw|Elite Fource's rating: 1024 &rarr; <strong>1061</strong><br />(+37 for winning)\n|raw|pabbbbbsssss's rating: 1029 &rarr; <strong>1014</strong><br />(-15 for losing)\n|l|\u2606pabbbbbsssss\n|player|p2|\n|c|\u2606Elite Fource|lmao copy and pasted your team huh?\n|c|\u2606Elite Fource|doesn't even know how it works\n",
  "uploadtime": 1776639495,
  "views": 6,
  "formatid": "gen9championsvgc2026regma",
  "rating": 1014,
  "private": 0,
  "password": null
}