{
  "id": "gen9championsvgc2026regma-2588729274",
  "format": "[Gen 9 Champions] VGC 2026 Reg M-A",
  "players": [
    "dinomon10",
    "Cindy HK"
  ],
  "log": "|j|\u2606dinomon10\n|j|\u2606Cindy HK\n|t:|1776662956\n|gametype|doubles\n|player|p1|dinomon10|1|1034\n|player|p2|Cindy HK|169|1124\n|gen|9\n|tier|[Gen 9 Champions] VGC 2026 Reg M-A\n|rated|\n|rule|Species Clause: Limit one of each Pok\u00e9mon\n|rule|Item Clause: Limit 1 of each item\n|clearpoke\n|poke|p1|Aegislash, L50, F|\n|poke|p1|Drampa, L50, M, shiny|\n|poke|p1|Sinistcha, L50|\n|poke|p1|Arcanine-Hisui, L50, M, shiny|\n|poke|p1|Primarina, L50, M, shiny|\n|poke|p1|Crabominable, L50, F|\n|poke|p2|Excadrill, L50, M|\n|poke|p2|Tyranitar, L50, F|\n|poke|p2|Corviknight, L50, F|\n|poke|p2|Hydreigon, L50, F|\n|poke|p2|Rotom-Wash, L50|\n|poke|p2|Mimikyu, L50, M|\n|teampreview|4\n|inactive|Battle timer is ON: inactive players will automatically lose when time's up. (requested by dinomon10)\n|inactive|Cindy HK has 60 seconds left.\n|\n|t:|1776663016\n|teamsize|p1|4\n|teamsize|p2|4\n|start\n|switch|p1a: Drampa|Drampa, L50, M, shiny|100/100\n|switch|p1b: Arcanine|Arcanine-Hisui, L50, M, shiny|100/100\n|switch|p2a: Excadrill|Excadrill, L50, M|100/100\n|switch|p2b: Hydreigon|Hydreigon, L50, F|100/100\n|-ability|p1b: Arcanine|Intimidate|boost\n|-unboost|p2a: Excadrill|atk|1\n|-unboost|p2b: Hydreigon|atk|1\n|-ability|p1a: Drampa|Cloud Nine\n|turn|1\n|\n|t:|1776663038\n|move|p2b: Hydreigon|Draco Meteor|p1a: Drampa\n|-supereffective|p1a: Drampa|1\n|-crit|p1a: Drampa\n|-damage|p1a: Drampa|0 fnt\n|-unboost|p2b: Hydreigon|spa|2\n|faint|p1a: Drampa\n|move|p1b: Arcanine|Close Combat|p2a: Excadrill\n|-supereffective|p2a: Excadrill|1\n|-enditem|p2a: Excadrill|Focus Sash\n|-damage|p2a: Excadrill|1/100\n|-unboost|p1b: Arcanine|def|1\n|-unboost|p1b: Arcanine|spd|1\n|move|p2a: Excadrill|Earthquake|p1b: Arcanine|[spread] p1b\n|-immune|p2b: Hydreigon|[from] ability: Levitate\n|-supereffective|p1b: Arcanine|2\n|-enditem|p1b: Arcanine|Focus Sash\n|-damage|p1b: Arcanine|1/100\n|\n|upkeep\n|\n|t:|1776663055\n|switch|p1a: Crabominable|Crabominable, L50, F|100/100\n|turn|2\n|\n|t:|1776663064\n|switch|p2a: Corviknight|Corviknight, L50, F|100/100\n|move|p1b: Arcanine|Protect|p1b: Arcanine\n|-singleturn|p1b: Arcanine|Protect\n|move|p1a: Crabominable|Mach Punch|p2a: Corviknight\n|-damage|p2a: Corviknight|81/100\n|move|p2b: Hydreigon|Draco Meteor|p1b: Arcanine\n|-activate|p1b: Arcanine|move: Protect\n|\n|-heal|p2a: Corviknight|87/100|[from] item: Leftovers\n|upkeep\n|turn|3\n|inactive|dinomon10 has 30 seconds left.\n|\n|t:|1776663095\n|detailschange|p1a: Crabominable|Crabominable-Mega, L50, F\n|-mega|p1a: Crabominable|Crabominable|Crabominite\n|move|p2b: Hydreigon|Draco Meteor|p1b: Arcanine|[miss]\n|-miss|p2b: Hydreigon|p1b: Arcanine\n|move|p1b: Arcanine|Close Combat|p2a: Corviknight\n|-damage|p2a: Corviknight|50/100\n|-unboost|p1b: Arcanine|def|1\n|-unboost|p1b: Arcanine|spd|1\n|move|p2a: Corviknight|Iron Defense|p2a: Corviknight\n|-boost|p2a: Corviknight|def|2\n|move|p1a: Crabominable|Ice Hammer|p2b: Hydreigon\n|-supereffective|p2b: Hydreigon|1\n|-damage|p2b: Hydreigon|0 fnt\n|-unboost|p1a: Crabominable|spe|1\n|faint|p2b: Hydreigon\n|\n|-heal|p2a: Corviknight|56/100|[from] item: Leftovers\n|upkeep\n|\n|t:|1776663112\n|switch|p2b: Excadrill|Excadrill, L50, M|1/100\n|turn|4\n|inactive|dinomon10 has 30 seconds left.\n|inactive|Cindy HK has 30 seconds left.\n|inactive|Cindy HK has 20 seconds left.\n|\n|t:|1776663151\n|move|p1b: Arcanine|Rock Slide|p2b: Excadrill|[spread] p2a,p2b\n|-resisted|p2b: Excadrill|2\n|-damage|p2a: Corviknight|44/100\n|-damage|p2b: Excadrill|0 fnt\n|faint|p2b: Excadrill\n|move|p2a: Corviknight|Tailwind|p2a: Corviknight\n|-sidestart|p2: Cindy HK|move: Tailwind\n|move|p1a: Crabominable|Ice Hammer|p2a: Corviknight\n|-damage|p2a: Corviknight|9/100\n|-unboost|p1a: Crabominable|spe|1\n|\n|-heal|p2a: Corviknight|15/100|[from] item: Leftovers\n|upkeep\n|\n|t:|1776663154\n|switch|p2b: Tyranitar|Tyranitar, L50, F|100/100\n|-weather|Sandstorm|[from] ability: Sand Stream|[of] p2b: Tyranitar\n|turn|5\n|\n|t:|1776663172\n|detailschange|p2b: Tyranitar|Tyranitar-Mega, L50, F\n|-mega|p2b: Tyranitar|Tyranitar|Tyranitarite\n|move|p2b: Tyranitar|Protect|p2b: Tyranitar\n|-singleturn|p2b: Tyranitar|Protect\n|move|p1a: Crabominable|Mach Punch|p2b: Tyranitar\n|-activate|p2b: Tyranitar|move: Protect\n|move|p2a: Corviknight|Roost|p2a: Corviknight\n|-heal|p2a: Corviknight|65/100\n|-singleturn|p2a: Corviknight|move: Roost\n|move|p1b: Arcanine|Rock Slide|p2a: Corviknight|[spread] p2a\n|-activate|p2b: Tyranitar|move: Protect\n|-resisted|p2a: Corviknight|1\n|-crit|p2a: Corviknight\n|-damage|p2a: Corviknight|46/100\n|\n|-weather|Sandstorm|[upkeep]\n|-damage|p1a: Crabominable|95/100|[from] Sandstorm\n|-heal|p2a: Corviknight|52/100|[from] item: Leftovers\n|upkeep\n|turn|6\n|\n|t:|1776663190\n|move|p1a: Crabominable|Mach Punch|p2b: Tyranitar\n|-supereffective|p2b: Tyranitar|2\n|-damage|p2b: Tyranitar|23/100\n|move|p2a: Corviknight|Body Press|p1a: Crabominable\n|-supereffective|p1a: Crabominable|1\n|-damage|p1a: Crabominable|35/100\n|move|p2b: Tyranitar|Rock Slide|p1a: Crabominable|[spread] p1a,p1b\n|-supereffective|p1b: Arcanine|1\n|-damage|p1a: Crabominable|9/100\n|-damage|p1b: Arcanine|0 fnt\n|faint|p1b: Arcanine\n|\n|-weather|Sandstorm|[upkeep]\n|-damage|p1a: Crabominable|3/100|[from] Sandstorm\n|-heal|p2a: Corviknight|58/100|[from] item: Leftovers\n|upkeep\n|\n|t:|1776663205\n|switch|p1b: Primarina|Primarina, L50, M, shiny|100/100\n|turn|7\n|\n|t:|1776663217\n|move|p2b: Tyranitar|Protect|p2b: Tyranitar\n|-singleturn|p2b: Tyranitar|Protect\n|move|p2a: Corviknight|Body Press|p1a: Crabominable\n|-supereffective|p1a: Crabominable|1\n|-damage|p1a: Crabominable|0 fnt\n|faint|p1a: Crabominable\n|move|p1b: Primarina|Hyper Voice|p2b: Tyranitar|[spread] p2a\n|-activate|p2b: Tyranitar|move: Protect\n|-damage|p2a: Corviknight|30/100\n|\n|-weather|Sandstorm|[upkeep]\n|-damage|p1b: Primarina|95/100|[from] Sandstorm\n|-heal|p2a: Corviknight|36/100|[from] item: Leftovers\n|-sideend|p2: Cindy HK|move: Tailwind\n|upkeep\n|turn|8\n|\n|t:|1776663228\n|move|p2a: Corviknight|Roost|p2a: Corviknight\n|-heal|p2a: Corviknight|86/100\n|-singleturn|p2a: Corviknight|move: Roost\n|move|p2b: Tyranitar|Rock Slide|p1b: Primarina\n|-damage|p1b: Primarina|45/100\n|move|p1b: Primarina|Hyper Voice|p2a: Corviknight|[spread] p2a,p2b\n|-supereffective|p2b: Tyranitar|1\n|-damage|p2a: Corviknight|58/100\n|-damage|p2b: Tyranitar|0 fnt\n|faint|p2b: Tyranitar\n|\n|-weather|Sandstorm|[upkeep]\n|-damage|p1b: Primarina|39/100|[from] Sandstorm\n|-heal|p2a: Corviknight|63/100|[from] item: Leftovers\n|upkeep\n|turn|9\n|\n|t:|1776663243\n|move|p2a: Corviknight|Body Press|p1b: Primarina\n|-resisted|p1b: Primarina|1\n|-damage|p1b: Primarina|21/100\n|move|p1b: Primarina|Hyper Voice|p2a: Corviknight\n|-damage|p2a: Corviknight|27/100\n|\n|-weather|none\n|-heal|p2a: Corviknight|33/100|[from] item: Leftovers\n|upkeep\n|turn|10\n|\n|t:|1776663259\n|move|p2a: Corviknight|Roost|p2a: Corviknight\n|-heal|p2a: Corviknight|83/100\n|-singleturn|p2a: Corviknight|move: Roost\n|move|p1b: Primarina|Hyper Voice|p2a: Corviknight\n|-damage|p2a: Corviknight|49/100\n|\n|-heal|p2a: Corviknight|55/100|[from] item: Leftovers\n|upkeep\n|turn|11\n|\n|t:|1776663272\n|move|p2a: Corviknight|Roost|p2a: Corviknight\n|-heal|p2a: Corviknight|100/100\n|-singleturn|p2a: Corviknight|move: Roost\n|move|p1b: Primarina|Hyper Voice|p2a: Corviknight\n|-damage|p2a: Corviknight|66/100\n|\n|-heal|p2a: Corviknight|72/100|[from] item: Leftovers\n|upkeep\n|turn|12\n|\n|t:|1776663276\n|move|p2a: Corviknight|Body Press|p1b: Primarina\n|-resisted|p1b: Primarina|1\n|-damage|p1b: Primarina|2/100\n|move|p1b: Primarina|Haze|p1b: Primarina\n|-clearallboost\n|\n|-heal|p2a: Corviknight|78/100|[from] item: Leftovers\n|upkeep\n|turn|13\n|\n|t:|1776663280\n|move|p2a: Corviknight|Body Press|p1b: Primarina\n|-resisted|p1b: Primarina|1\n|-damage|p1b: Primarina|0 fnt\n|faint|p1b: Primarina\n|\n|win|Cindy HK\n|raw|dinomon10's rating: 1034 &rarr; <strong>1023</strong><br />(-11 for losing)\n|raw|Cindy HK's rating: 1124 &rarr; <strong>1143</strong><br />(+19 for winning)\n|l|\u2606dinomon10\n|player|p1|\n|l|\u2606Cindy HK\n|player|p2|\n|j|\u2606Cindy HK\n|player|p2|Cindy HK|169|\n",
  "uploadtime": 1776664000,
  "views": 15,
  "formatid": "gen9championsvgc2026regma",
  "rating": 1023,
  "private": 0,
  "password": null
}