{
  "id": "gen9championsvgc2026regma-2587107170",
  "format": "[Gen 9 Champions] VGC 2026 Reg M-A",
  "players": [
    "chaini xD",
    "Feshcaku"
  ],
  "log": "|j|\u2606chaini xD\n|j|\u2606Feshcaku\n|t:|1776494366\n|gametype|doubles\n|player|p1|chaini xD|nurseryaide|1191\n|player|p2|Feshcaku|bugsy|1158\n|gen|9\n|tier|[Gen 9 Champions] VGC 2026 Reg M-A\n|rated|\n|rule|Species Clause: Limit one of each Pok\u00e9mon\n|rule|Item Clause: Limit 1 of each item\n|clearpoke\n|poke|p1|Skarmory, L50, F|\n|poke|p1|Sneasler, L50, M, shiny|\n|poke|p1|Tyranitar, L50, F|\n|poke|p1|Sinistcha, L50|\n|poke|p1|Incineroar, L50, M, shiny|\n|poke|p1|Rotom-Wash, L50|\n|poke|p2|Gardevoir, L50, F, shiny|\n|poke|p2|Farigiraf, L50, F|\n|poke|p2|Conkeldurr, L50, M|\n|poke|p2|Maushold, L50|\n|poke|p2|Blastoise, L50, F|\n|poke|p2|Scizor, L50, F|\n|teampreview|4\n|inactive|Battle timer is ON: inactive players will automatically lose when time's up. (requested by Feshcaku)\nFeshcaku has agreed to open team sheets.\n|inactive|Feshcaku has 60 seconds left.\n|\n|t:|1776494401\n|teamsize|p1|4\n|teamsize|p2|4\n|start\n|switch|p1a: DAAAAAMMMM|Skarmory, L50, F|100/100\n|switch|p1b: Sneasler|Sneasler, L50, M, shiny|100/100\n|switch|p2a: Blastoise|Blastoise, L50, F|100/100\n|switch|p2b: Maushold|Maushold, L50|100/100\n|turn|1\n|\n|t:|1776494419\n|switch|p2b: Farigiraf|Farigiraf, L50, F|100/100\n|detailschange|p2a: Blastoise|Blastoise-Mega, L50, F\n|-mega|p2a: Blastoise|Blastoise|Blastoisinite\n|move|p1b: Sneasler|Coaching|p1a: DAAAAAMMMM\n|-boost|p1a: DAAAAAMMMM|atk|1\n|-boost|p1a: DAAAAAMMMM|def|1\n|move|p2a: Blastoise|Shell Smash|p2a: Blastoise\n|-unboost|p2a: Blastoise|def|1\n|-unboost|p2a: Blastoise|spd|1\n|-boost|p2a: Blastoise|atk|2\n|-boost|p2a: Blastoise|spa|2\n|-boost|p2a: Blastoise|spe|2\n|move|p1a: DAAAAAMMMM|Swords Dance|p1a: DAAAAAMMMM\n|-boost|p1a: DAAAAAMMMM|atk|2\n|\n|upkeep\n|turn|2\n|\n|t:|1776494443\n|move|p1a: DAAAAAMMMM|Protect|p1a: DAAAAAMMMM\n|-singleturn|p1a: DAAAAAMMMM|Protect\n|move|p2a: Blastoise|Water Spout|p1a: DAAAAAMMMM|[spread] p1b\n|-activate|p1a: DAAAAAMMMM|move: Protect\n|-damage|p1b: Sneasler|0 fnt\n|faint|p1b: Sneasler\n|move|p2b: Farigiraf|Hyper Voice|p1a: DAAAAAMMMM\n|-activate|p1a: DAAAAAMMMM|move: Protect\n|\n|upkeep\n|\n|t:|1776494448\n|switch|p1b: Rotom|Rotom-Wash, L50|100/100\n|turn|3\n|\n|t:|1776494457\n|switch|p2b: Maushold|Maushold, L50|100/100\n|detailschange|p1a: DAAAAAMMMM|Skarmory-Mega, L50, F\n|-mega|p1a: DAAAAAMMMM|Skarmory|Skarmorite\n|move|p2a: Blastoise|Protect|p2a: Blastoise\n|-singleturn|p2a: Blastoise|Protect\n|move|p1b: Rotom|Electroweb|p2a: Blastoise|[spread] p2b\n|-activate|p2a: Blastoise|move: Protect\n|-damage|p2b: Maushold|87/100\n|-unboost|p2b: Maushold|spe|1\n|move|p1a: DAAAAAMMMM|Brave Bird|p2a: Blastoise\n|-activate|p2a: Blastoise|move: Protect\n|\n|-heal|p2b: Maushold|93/100|[from] item: Leftovers\n|upkeep\n|turn|4\n|\n|t:|1776494471\n|move|p1a: DAAAAAMMMM|Protect|p1a: DAAAAAMMMM\n|-singleturn|p1a: DAAAAAMMMM|Protect\n|move|p2b: Maushold|Follow Me|p2b: Maushold\n|-singleturn|p2b: Maushold|move: Follow Me\n|move|p2a: Blastoise|Water Spout|p1a: DAAAAAMMMM|[spread] p1b\n|-activate|p1a: DAAAAAMMMM|move: Protect\n|-resisted|p1b: Rotom|1\n|-damage|p1b: Rotom|23/100\n|move|p1b: Rotom|Electroweb|p2b: Maushold|[spread] p2a,p2b\n|-supereffective|p2a: Blastoise|1\n|-damage|p2a: Blastoise|68/100\n|-damage|p2b: Maushold|80/100\n|-unboost|p2a: Blastoise|spe|1\n|-unboost|p2b: Maushold|spe|1\n|\n|-heal|p2b: Maushold|86/100|[from] item: Leftovers\n|upkeep\n|turn|5\n|\n|t:|1776494483\n|move|p2b: Maushold|Follow Me|p2b: Maushold\n|-singleturn|p2b: Maushold|move: Follow Me\n|move|p1b: Rotom|Electroweb|p2b: Maushold|[spread] p2a,p2b\n|-supereffective|p2a: Blastoise|1\n|-damage|p2a: Blastoise|31/100\n|-damage|p2b: Maushold|72/100\n|-unboost|p2a: Blastoise|spe|1\n|-unboost|p2b: Maushold|spe|1\n|move|p1a: DAAAAAMMMM|Brave Bird|p2a: Blastoise\n|-damage|p2a: Blastoise|0 fnt\n|faint|p2a: Blastoise\n|-damage|p1a: DAAAAAMMMM|90/100|[from] Recoil\n|\n|-heal|p2b: Maushold|78/100|[from] item: Leftovers\n|upkeep\n|\n|t:|1776494495\n|switch|p2a: Conkeldurr|Conkeldurr, L50, M|100/100\n|turn|6\n|\n|t:|1776494505\n|switch|p1b: Incineroar|Incineroar, L50, M, shiny|100/100\n|-ability|p1b: Incineroar|Intimidate|boost\n|-unboost|p2a: Conkeldurr|atk|1\n|-unboost|p2b: Maushold|atk|1\n|move|p2a: Conkeldurr|Mach Punch|p1b: Incineroar\n|-supereffective|p1b: Incineroar|1\n|-enditem|p1b: Incineroar|Chople Berry|[eat]\n|-enditem|p1b: Incineroar|Chople Berry|[weaken]\n|-damage|p1b: Incineroar|88/100\n|move|p1a: DAAAAAMMMM|Brave Bird|p2a: Conkeldurr\n|-supereffective|p2a: Conkeldurr|1\n|-damage|p2a: Conkeldurr|0 fnt\n|faint|p2a: Conkeldurr\n|-damage|p1a: DAAAAAMMMM|45/100|[from] Recoil\n|move|p2b: Maushold|Super Fang|p1a: DAAAAAMMMM\n|-damage|p1a: DAAAAAMMMM|23/100\n|\n|-heal|p2b: Maushold|84/100|[from] item: Leftovers\n|upkeep\n|\n|t:|1776494515\n|switch|p2a: Farigiraf|Farigiraf, L50, F|100/100\n|turn|7\n|\n|t:|1776494533\n|move|p1a: DAAAAAMMMM|Iron Head|p2a: Farigiraf\n|-damage|p2a: Farigiraf|19/100\n|move|p2a: Farigiraf|Foul Play|p1a: DAAAAAMMMM\n|-damage|p1a: DAAAAAMMMM|0 fnt\n|faint|p1a: DAAAAAMMMM\n|move|p1b: Incineroar|Throat Chop|p2a: Farigiraf\n|-supereffective|p2a: Farigiraf|1\n|-damage|p2a: Farigiraf|0 fnt\n|faint|p2a: Farigiraf\n|move|p2b: Maushold|Super Fang|p1b: Incineroar\n|-damage|p1b: Incineroar|45/100\n|\n|-heal|p2b: Maushold|90/100|[from] item: Leftovers\n|upkeep\n|\n|t:|1776494544\n|switch|p1a: Rotom|Rotom-Wash, L50|23/100\n|turn|8\n|-message|Feshcaku forfeited.\n|\n|win|chaini xD\n|raw|chaini xD's rating: 1191 &rarr; <strong>1214</strong><br />(+23 for winning)\n|raw|Feshcaku's rating: 1158 &rarr; <strong>1135</strong><br />(-23 for losing)\n|l|\u2606Feshcaku\n|player|p2|\n",
  "uploadtime": 1776494551,
  "views": 22,
  "formatid": "gen9championsvgc2026regma",
  "rating": 1135,
  "private": 0,
  "password": null
}