{
  "id": "gen9championsvgc2026regma-2585728821",
  "format": "[Gen 9 Champions] VGC 2026 Reg M-A",
  "players": [
    "mohammed50",
    "Ukonoe"
  ],
  "log": "|j|\u2606mohammed50\n|j|\u2606Ukonoe\n|t:|1776366531\n|gametype|doubles\n|player|p1|mohammed50|102|1080\n|player|p2|Ukonoe|bruno|1000\n|gen|9\n|tier|[Gen 9 Champions] VGC 2026 Reg M-A\n|rated|\n|rule|Species Clause: Limit one of each Pok\u00e9mon\n|rule|Item Clause: Limit 1 of each item\n|clearpoke\n|poke|p1|Venusaur, L50, F|\n|poke|p1|Charizard, L50, F|\n|poke|p1|Incineroar, L50, F|\n|poke|p1|Typhlosion-Hisui, L50, M|\n|poke|p1|Arcanine-Hisui, L50, M|\n|poke|p1|Rotom-Wash, L50|\n|poke|p2|Dragapult, L50, F|\n|poke|p2|Sinistcha, L50|\n|poke|p2|Sneasler, L50, F|\n|poke|p2|Starmie, L50|\n|poke|p2|Maushold, L50|\n|poke|p2|Oranguru, L50, M|\n|teampreview|4\n|\n|t:|1776366544\n|teamsize|p1|4\n|teamsize|p2|4\n|start\n|switch|p1a: Charizard|Charizard, L50, F|100/100\n|switch|p1b: Venusaur|Venusaur, L50, F|100/100\n|switch|p2a: Maushold|Maushold, L50|100/100\n|switch|p2b: Oranguru|Oranguru, L50, M|100/100\n|turn|1\n|\n|t:|1776366563\n|detailschange|p1a: Charizard|Charizard-Mega-Y, L50, F\n|-mega|p1a: Charizard|Charizard|Charizardite Y\n|-weather|SunnyDay|[from] ability: Drought|[of] p1a: Charizard\n|move|p1b: Venusaur|Sleep Powder|p2b: Oranguru\n|-status|p2b: Oranguru|slp|[from] move: Sleep Powder\n|move|p2a: Maushold|Population Bomb|p1b: Venusaur\n|-damage|p1b: Venusaur|88/100\n|-damage|p1b: Venusaur|74/100\n|-damage|p1b: Venusaur|61/100\n|-damage|p1b: Venusaur|48/100\n|-hitcount|p1b: Venusaur|4\n|move|p1a: Charizard|Heat Wave|p2a: Maushold|[spread] p2b\n|-miss|p1a: Charizard|p2a: Maushold\n|-damage|p2b: Oranguru|43/100 slp\n|-enditem|p2b: Oranguru|Sitrus Berry|[eat]\n|-heal|p2b: Oranguru|68/100 slp|[from] item: Sitrus Berry\n|cant|p2b: Oranguru|slp\n|\n|-weather|SunnyDay|[upkeep]\n|upkeep\n|turn|2\n|\n|t:|1776366600\n|move|p1b: Venusaur|Solar Beam||[still]\n|-prepare|p1b: Venusaur|Solar Beam\n|-anim|p1b: Venusaur|Solar Beam|p2a: Maushold\n|-damage|p2a: Maushold|43/100\n|move|p2a: Maushold|Population Bomb|p1a: Charizard\n|-damage|p1a: Charizard|83/100\n|-damage|p1a: Charizard|67/100\n|-damage|p1a: Charizard|50/100\n|-damage|p1a: Charizard|34/100\n|-damage|p1a: Charizard|18/100\n|-damage|p1a: Charizard|0 fnt\n|faint|p1a: Charizard\n|-hitcount|p1: Charizard|6\n|-curestatus|p2b: Oranguru|slp|[msg]\n|move|p2b: Oranguru|Instruct|p2a: Maushold\n|-singleturn|p2a: Maushold|move: Instruct|[of] p2b: Oranguru\n|move|p2a: Maushold|Population Bomb|p1b: Venusaur\n|-damage|p1b: Venusaur|34/100\n|-damage|p1b: Venusaur|21/100\n|-damage|p1b: Venusaur|7/100\n|-damage|p1b: Venusaur|0 fnt\n|faint|p1b: Venusaur\n|-hitcount|p1: Venusaur|4\n|\n|-weather|SunnyDay|[upkeep]\n|upkeep\n|\n|t:|1776366626\n|switch|p1a: Typhlosion|Typhlosion-Hisui, L50, M|100/100\n|switch|p1b: Incineroar|Incineroar, L50, F|100/100\n|-item|p2a: Maushold|King's Rock|[from] ability: Frisk|[of] p1a: Typhlosion\n|-ability|p1b: Incineroar|Intimidate|boost\n|-unboost|p2a: Maushold|atk|1\n|-unboost|p2b: Oranguru|atk|1\n|turn|3\n|\n|t:|1776366643\n|move|p2a: Maushold|Protect|p2a: Maushold\n|-singleturn|p2a: Maushold|Protect\n|move|p1b: Incineroar|Fake Out|p2a: Maushold\n|-activate|p2a: Maushold|move: Protect\n|move|p1a: Typhlosion|Eruption|p2b: Oranguru|[spread] p2b\n|-activate|p2a: Maushold|move: Protect\n|-damage|p2b: Oranguru|0 fnt\n|faint|p2b: Oranguru\n|\n|-weather|SunnyDay|[upkeep]\n|upkeep\n|\n|t:|1776366653\n|switch|p2b: Starmie|Starmie, L50|100/100\n|turn|4\n|\n|t:|1776366663\n|detailschange|p2b: Starmie|Starmie-Mega, L50\n|-mega|p2b: Starmie|Starmie|Starminite\n|move|p1a: Typhlosion|Eruption|p2b: Starmie|[spread] p2a,p2b\n|-resisted|p2b: Starmie|1\n|-damage|p2a: Maushold|0 fnt\n|-damage|p2b: Starmie|51/100\n|faint|p2a: Maushold\n|move|p2b: Starmie|Flip Turn|p1a: Typhlosion\n|-supereffective|p1a: Typhlosion|1\n|-damage|p1a: Typhlosion|18/100\n|\n|t:|1776366672\n|switch|p2b: Sneasler|Sneasler, L50, F|100/100|[from] Flip Turn\n|-ability|p2b: Sneasler|Pressure\n|move|p1b: Incineroar|Darkest Lariat|p2b: Sneasler\n|-resisted|p2b: Sneasler|1\n|-damage|p2b: Sneasler|72/100\n|\n|-weather|SunnyDay|[upkeep]\n|upkeep\n|\n|t:|1776366685\n|switch|p2a: Starmie|Starmie-Mega, L50|51/100\n|turn|5\n|\n|t:|1776366694\n|move|p2b: Sneasler|Fake Out|p1b: Incineroar\n|-damage|p1b: Incineroar|86/100\n|move|p2a: Starmie|Aqua Jet|p1a: Typhlosion\n|-supereffective|p1a: Typhlosion|1\n|-damage|p1a: Typhlosion|0 fnt\n|faint|p1a: Typhlosion\n|cant|p1b: Incineroar|flinch\n|\n|-weather|none\n|upkeep\n|turn|6\n|\n|t:|1776366709\n|move|p2a: Starmie|Aqua Jet|p1b: Incineroar\n|-supereffective|p1b: Incineroar|1\n|-damage|p1b: Incineroar|18/100\n|move|p2b: Sneasler|Close Combat|p1b: Incineroar\n|-supereffective|p1b: Incineroar|1\n|-damage|p1b: Incineroar|0 fnt\n|-unboost|p2b: Sneasler|def|1\n|-unboost|p2b: Sneasler|spd|1\n|faint|p1b: Incineroar\n|\n|win|Ukonoe\n|raw|mohammed50's rating: 1080 &rarr; <strong>1053</strong><br />(-27 for losing)\n|raw|Ukonoe's rating: 1000 &rarr; <strong>1049</strong><br />(+49 for winning)\n|l|\u2606mohammed50\n|player|p1|\n",
  "uploadtime": 1776366729,
  "views": 17,
  "formatid": "gen9championsvgc2026regma",
  "rating": 1049,
  "private": 0,
  "password": null
}