{
  "id": "gen9championsvgc2026regma-2583694220",
  "format": "[Gen 9 Champions] VGC 2026 Reg M-A",
  "players": [
    "ApKy",
    "Energoblock4th"
  ],
  "log": "|j|\u2606ApKy\n|j|\u2606Energoblock4th\n|t:|1776191486\n|gametype|doubles\n|player|p1|ApKy|hilbert|1171\n|player|p2|Energoblock4th|flannery|1160\n|gen|9\n|tier|[Gen 9 Champions] VGC 2026 Reg M-A\n|rated|\n|rule|Species Clause: Limit one of each Pok\u00e9mon\n|rule|Item Clause: Limit 1 of each item\n|clearpoke\n|poke|p1|Gardevoir, L50, F|\n|poke|p1|Torkoal, L50, M|\n|poke|p1|Farigiraf, L50, F|\n|poke|p1|Kingambit, L50, M|\n|poke|p1|Sinistcha, L50|\n|poke|p1|Rotom-Wash, L50|\n|poke|p2|Charizard, L50, M|\n|poke|p2|Venusaur, L50, F|\n|poke|p2|Garchomp, L50, M|\n|poke|p2|Sneasler, L50, F|\n|poke|p2|Rotom-Wash, L50|\n|poke|p2|Incineroar, L50, M|\n|teampreview|4\n|\n|t:|1776191507\n|teamsize|p1|4\n|teamsize|p2|4\n|start\n|switch|p1a: Gardevoir|Gardevoir, L50, F, shiny|100/100\n|switch|p1b: Sinistcha|Sinistcha, L50|100/100\n|switch|p2a: Incineroar|Incineroar, L50, M|100/100\n|switch|p2b: Garchomp|Garchomp, L50, M|100/100\n|-ability|p2a: Incineroar|Intimidate|boost\n|-unboost|p1a: Gardevoir|atk|1\n|-unboost|p1b: Sinistcha|atk|1\n|turn|1\n|inactive|Battle timer is ON: inactive players will automatically lose when time's up. (requested by ApKy)\n|\n|t:|1776191519\n|detailschange|p1a: Gardevoir|Gardevoir-Mega, L50, F, shiny\n|-mega|p1a: Gardevoir|Gardevoir|Gardevoirite\n|move|p1a: Gardevoir|Protect|p1a: Gardevoir\n|-singleturn|p1a: Gardevoir|Protect\n|move|p2b: Garchomp|Rock Slide|p1b: Sinistcha|[spread] \n|-activate|p1a: Gardevoir|move: Protect\n|-miss|p2b: Garchomp|p1b: Sinistcha\n|move|p2a: Incineroar|Darkest Lariat|p1b: Sinistcha\n|-supereffective|p1b: Sinistcha|1\n|-damage|p1b: Sinistcha|35/100\n|-enditem|p1b: Sinistcha|Sitrus Berry|[eat]\n|-heal|p1b: Sinistcha|60/100|[from] item: Sitrus Berry\n|move|p1b: Sinistcha|Trick Room|p1b: Sinistcha\n|-fieldstart|move: Trick Room|[of] p1b: Sinistcha\n|\n|upkeep\n|turn|2\n|\n|t:|1776191541\n|switch|p1b: Torkoal|Torkoal, L50, M|100/100\n|-weather|SunnyDay|[from] ability: Drought|[of] p1b: Torkoal\n|move|p2a: Incineroar|Darkest Lariat|p1b: Torkoal\n|-damage|p1b: Torkoal|64/100\n|move|p1a: Gardevoir|Hyper Voice|p2a: Incineroar|[spread] p2a,p2b\n|-supereffective|p2b: Garchomp|1\n|-damage|p2a: Incineroar|50/100\n|-damage|p2b: Garchomp|0 fnt\n|-enditem|p2a: Incineroar|Sitrus Berry|[eat]\n|-heal|p2a: Incineroar|74/100|[from] item: Sitrus Berry\n|faint|p2b: Garchomp\n|\n|-weather|SunnyDay|[upkeep]\n|upkeep\n|\n|t:|1776191551\n|switch|p2b: Venusaur|Venusaur, L50, F|100/100\n|turn|3\n|\n|t:|1776191563\n|switch|p1a: Sinistcha|Sinistcha, L50|60/100\n|-heal|p1b: Torkoal|89/100|[from] ability: Hospitality|[of] p1a: Sinistcha\n|move|p2b: Venusaur|Protect|p2b: Venusaur\n|-singleturn|p2b: Venusaur|Protect\n|move|p1b: Torkoal|Eruption|p2a: Incineroar|[spread] p2a\n|-activate|p2b: Venusaur|move: Protect\n|-resisted|p2a: Incineroar|1\n|-damage|p2a: Incineroar|39/100\n|move|p2a: Incineroar|Parting Shot|p1a: Sinistcha\n|-unboost|p1a: Sinistcha|atk|1\n|-unboost|p1a: Sinistcha|spa|1\n|\n|t:|1776191574\n|switch|p2a: Charizard|Charizard, L50, M|100/100|[from] Parting Shot\n|\n|-weather|SunnyDay|[upkeep]\n|-damage|p2a: Charizard|88/100|[from] ability: Solar Power|[of] p2a: Charizard\n|upkeep\n|turn|4\n|\n|t:|1776191594\n|switch|p2b: Incineroar|Incineroar, L50, M|39/100\n|-ability|p2b: Incineroar|Intimidate|boost\n|-unboost|p1a: Sinistcha|atk|1\n|-unboost|p1b: Torkoal|atk|1\n|move|p2a: Charizard|Protect|p2a: Charizard\n|-singleturn|p2a: Charizard|Protect\n|move|p1b: Torkoal|Eruption|p2b: Incineroar|[spread] p2b\n|-activate|p2a: Charizard|move: Protect\n|-resisted|p2b: Incineroar|1\n|-damage|p2b: Incineroar|3/100\n|move|p1a: Sinistcha|Life Dew|p1a: Sinistcha|[spread] p1a,p1b\n|-heal|p1a: Sinistcha|85/100\n|-heal|p1b: Torkoal|100/100\n|\n|-weather|SunnyDay|[upkeep]\n|-damage|p2a: Charizard|76/100|[from] ability: Solar Power|[of] p2a: Charizard\n|upkeep\n|turn|5\n|inactive|ApKy has 30 seconds left.\n|\n|t:|1776191624\n|switch|p1a: Rotom|Rotom-Wash, L50, shiny|100/100\n|move|p1b: Torkoal|Protect|p1b: Torkoal\n|-singleturn|p1b: Torkoal|Protect\n|move|p2b: Incineroar|Fake Out|p1b: Torkoal\n|-activate|p1b: Torkoal|move: Protect\n|move|p2a: Charizard|Weather Ball|p1a: Rotom\n|-resisted|p1a: Rotom|1\n|-damage|p1a: Rotom|57/100\n|\n|-weather|SunnyDay|[upkeep]\n|-damage|p2a: Charizard|63/100|[from] ability: Solar Power|[of] p2a: Charizard\n|-heal|p1a: Rotom|62/100|[from] item: Leftovers\n|-fieldend|move: Trick Room\n|upkeep\n|turn|6\n|\n|t:|1776191642\n|switch|p1b: Sinistcha|Sinistcha, L50|85/100\n|-heal|p1a: Rotom|87/100|[from] ability: Hospitality|[of] p1b: Sinistcha\n|detailschange|p2a: Charizard|Charizard-Mega-Y, L50, M\n|-mega|p2a: Charizard|Charizard|Charizardite Y\n|move|p2a: Charizard|Solar Beam||[still]\n|-prepare|p2a: Charizard|Solar Beam\n|-anim|p2a: Charizard|Solar Beam|p1a: Rotom\n|-supereffective|p1a: Rotom|1\n|-damage|p1a: Rotom|0 fnt\n|faint|p1a: Rotom\n|move|p2b: Incineroar|Darkest Lariat|p1b: Sinistcha\n|-supereffective|p1b: Sinistcha|1\n|-damage|p1b: Sinistcha|17/100\n|\n|-weather|none\n|upkeep\n|\n|t:|1776191655\n|switch|p1a: Gardevoir|Gardevoir-Mega, L50, F, shiny|100/100\n|turn|7\n|\n|t:|1776191673\n|switch|p1b: Torkoal|Torkoal, L50, M|100/100\n|-weather|SunnyDay|[from] ability: Drought|[of] p1b: Torkoal\n|move|p2a: Charizard|Protect|p2a: Charizard\n|-singleturn|p2a: Charizard|Protect\n|move|p1a: Gardevoir|Psychic|p2a: Charizard\n|-activate|p2a: Charizard|move: Protect\n|move|p2b: Incineroar|Darkest Lariat|p1b: Torkoal\n|-damage|p1b: Torkoal|65/100\n|\n|-weather|SunnyDay|[upkeep]\n|upkeep\n|turn|8\n|\n|t:|1776191693\n|move|p1b: Torkoal|Protect|p1b: Torkoal\n|-singleturn|p1b: Torkoal|Protect\n|move|p2a: Charizard|Weather Ball|p1a: Gardevoir\n|-damage|p1a: Gardevoir|27/100\n|move|p2b: Incineroar|Parting Shot|p1a: Gardevoir\n|-unboost|p1a: Gardevoir|atk|1\n|-unboost|p1a: Gardevoir|spa|1\n|\n|t:|1776191701\n|switch|p2b: Venusaur|Venusaur, L50, F|100/100|[from] Parting Shot\n|move|p1a: Gardevoir|Trick Room|p1a: Gardevoir\n|-fieldstart|move: Trick Room|[of] p1a: Gardevoir\n|\n|-weather|SunnyDay|[upkeep]\n|upkeep\n|turn|9\n|\n|t:|1776191711\n|switch|p1a: Sinistcha|Sinistcha, L50|17/100\n|-heal|p1b: Torkoal|90/100|[from] ability: Hospitality|[of] p1a: Sinistcha\n|move|p2b: Venusaur|Protect|p2b: Venusaur\n|-singleturn|p2b: Venusaur|Protect\n|move|p1b: Torkoal|Eruption|p2b: Venusaur|[spread] p2a\n|-activate|p2b: Venusaur|move: Protect\n|-resisted|p2a: Charizard|1\n|-damage|p2a: Charizard|26/100\n|move|p2a: Charizard|Heat Wave|p1b: Torkoal|[spread] p1a,p1b\n|-supereffective|p1a: Sinistcha|1\n|-resisted|p1b: Torkoal|1\n|-damage|p1a: Sinistcha|0 fnt\n|-damage|p1b: Torkoal|46/100\n|faint|p1a: Sinistcha\n|\n|-weather|SunnyDay|[upkeep]\n|upkeep\n|\n|t:|1776191725\n|switch|p1a: Gardevoir|Gardevoir-Mega, L50, F, shiny|27/100\n|turn|10\n|\n|t:|1776191737\n|move|p2a: Charizard|Protect|p2a: Charizard\n|-singleturn|p2a: Charizard|Protect\n|move|p1b: Torkoal|Heat Wave|p2b: Venusaur|[spread] \n|-activate|p2a: Charizard|move: Protect\n|-miss|p1b: Torkoal|p2b: Venusaur\n|move|p1a: Gardevoir|Psychic|p2b: Venusaur\n|-supereffective|p2b: Venusaur|1\n|-enditem|p2b: Venusaur|Focus Sash\n|-damage|p2b: Venusaur|1/100\n|move|p2b: Venusaur|Sludge Bomb|p1a: Gardevoir\n|-supereffective|p1a: Gardevoir|1\n|-damage|p1a: Gardevoir|0 fnt\n|faint|p1a: Gardevoir\n|\n|-weather|SunnyDay|[upkeep]\n|upkeep\n|turn|11\n|\n|t:|1776191753\n|move|p2b: Venusaur|Protect|p2b: Venusaur\n|-singleturn|p2b: Venusaur|Protect\n|move|p1b: Torkoal|Heat Wave|p2a: Charizard|[spread] p2a\n|-activate|p2b: Venusaur|move: Protect\n|-resisted|p2a: Charizard|1\n|-damage|p2a: Charizard|0 fnt\n|faint|p2a: Charizard\n|\n|-weather|none\n|upkeep\n|\n|t:|1776191758\n|switch|p2a: Incineroar|Incineroar, L50, M|3/100\n|-ability|p2a: Incineroar|Intimidate|boost\n|-unboost|p1b: Torkoal|atk|1\n|turn|12\n|\n|t:|1776191767\n|move|p1b: Torkoal|Protect|p1b: Torkoal\n|-singleturn|p1b: Torkoal|Protect\n|move|p2a: Incineroar|Fake Out|p1b: Torkoal\n|-activate|p1b: Torkoal|move: Protect\n|move|p2b: Venusaur|Sludge Bomb|p1b: Torkoal\n|-activate|p1b: Torkoal|move: Protect\n|\n|-fieldend|move: Trick Room\n|upkeep\n|turn|13\n|\n|t:|1776191776\n|move|p2b: Venusaur|Sludge Bomb|p1b: Torkoal\n|-damage|p1b: Torkoal|0 fnt\n|faint|p1b: Torkoal\n|\n|win|Energoblock4th\n|raw|ApKy's rating: 1171 &rarr; <strong>1145</strong><br />(-26 for losing)\n|raw|Energoblock4th's rating: 1160 &rarr; <strong>1186</strong><br />(+26 for winning)\n|l|\u2606ApKy\n|player|p1|\n|c|\u2606Energoblock4th|gg\n|c|\u2606Energoblock4th|wp\n",
  "uploadtime": 1776191786,
  "views": 20,
  "formatid": "gen9championsvgc2026regma",
  "rating": 1145,
  "private": 0,
  "password": null
}