{
  "id": "gen9championsvgc2026regma-2581503825",
  "format": "[Gen 9 Champions] VGC 2026 Reg M-A",
  "players": [
    "Ron333",
    "zane121"
  ],
  "log": "|j|\u203dRon333\n|j|\u2606zane121\n|t:|1776006419\n|gametype|doubles\n|player|p1|Ron333|1|1048\n|player|p2|zane121|swimmerf-gen4dp|1029\n|gen|9\n|tier|[Gen 9 Champions] VGC 2026 Reg M-A\n|rated|\n|rule|Species Clause: Limit one of each Pok\u00e9mon\n|rule|Item Clause: Limit 1 of each item\n|clearpoke\n|poke|p1|Charizard, L50, F|\n|poke|p1|Whimsicott, L50, F|\n|poke|p1|Archaludon, L50, F|\n|poke|p1|Sneasler, L50, F|\n|poke|p1|Sinistcha, L50|\n|poke|p1|Armarouge, L50, F|\n|poke|p2|Zoroark-Hisui, L50, F|\n|poke|p2|Krookodile, L50, M|\n|poke|p2|Whimsicott, L50, F|\n|poke|p2|Sneasler, L50, F|\n|poke|p2|Tyranitar, L50, F|\n|poke|p2|Excadrill, L50, F|\n|teampreview|4\n|inactive|Battle timer is ON: inactive players will automatically lose when time's up. (requested by Ron333)\n|\n|t:|1776006477\n|teamsize|p1|4\n|teamsize|p2|4\n|start\n|switch|p1a: Whimsicott|Whimsicott, L50, F|100/100\n|switch|p1b: Sneasler|Sneasler, L50, F|100/100\n|switch|p2a: Whimsicott|Whimsicott, L50, F|100/100\n|switch|p2b: Sneasler|Sneasler, L50, F|100/100\n|-ability|p1b: Sneasler|Pressure\n|turn|1\n|inactive|zane121 has 30 seconds left.\n|inactive|zane121 has 20 seconds left.\n|inactive|zane121 has 15 seconds left.\n|\n|t:|1776006518\n|move|p1b: Sneasler|Fake Out|p2a: Whimsicott\n|-damage|p2a: Whimsicott|84/100\n|move|p1a: Whimsicott|Tailwind|p1a: Whimsicott\n|-sidestart|p1: Ron333|move: Tailwind\n|cant|p2a: Whimsicott|flinch\n|move|p2b: Sneasler|Bitter Malice|p1b: Sneasler\n|-crit|p1b: Sneasler\n|-damage|p1b: Sneasler|8/100\n|-unboost|p1b: Sneasler|atk|1\n|-enditem|p1b: Sneasler|White Herb\n|-clearnegativeboost|p1b: Sneasler|[silent]\n|\n|upkeep\n|turn|2\n|inactive|Ron333 has 30 seconds left.\n|inactive|zane121 has 30 seconds left.\n|inactive|Ron333 has 20 seconds left.\n|inactive|Ron333 has 15 seconds left.\n|inactive|Ron333 has 10 seconds left.\n|inactive|Ron333 has 5 seconds left.\n|\n|t:|1776006569\n|move|p2b: Sneasler|Protect|p2b: Sneasler\n|-singleturn|p2b: Sneasler|Protect\n|move|p2a: Whimsicott|Tailwind|p2a: Whimsicott\n|-sidestart|p2: zane121|move: Tailwind\n|move|p1b: Sneasler|Close Combat|p2b: Sneasler\n|-activate|p2b: Sneasler|move: Protect\n|move|p1a: Whimsicott|Moonblast|p2b: Sneasler\n|-activate|p2b: Sneasler|move: Protect\n|\n|upkeep\n|turn|3\n|inactive|zane121 has 30 seconds left.\n|inactive|zane121 has 20 seconds left.\n|\n|t:|1776006608\n|switch|p2b: Sneasler|Sneasler, L50, F|100/100\n|switch|p2a: Krookodile|Krookodile, L50, M|100/100\n|-ability|p2a: Krookodile|Intimidate|boost\n|-unboost|p1a: Whimsicott|atk|1\n|-unboost|p1b: Sneasler|atk|1\n|move|p1b: Sneasler|Close Combat|p2b: Sneasler\n|-resisted|p2b: Sneasler|1\n|-damage|p2b: Sneasler|64/100\n|-unboost|p1b: Sneasler|def|1\n|-unboost|p1b: Sneasler|spd|1\n|move|p1a: Whimsicott|Moonblast|p2b: Sneasler\n|-damage|p2b: Sneasler|18/100\n|\n|upkeep\n|turn|4\n|inactive|Ron333 has 30 seconds left.\n|inactive|zane121 has 30 seconds left.\n|inactive|zane121 has 20 seconds left.\n|inactive|zane121 has 15 seconds left.\n|\n|t:|1776006649\n|move|p2b: Sneasler|Fake Out|p1b: Sneasler\n|-damage|p1b: Sneasler|0 fnt\n|faint|p1b: Sneasler\n|move|p1a: Whimsicott|Moonblast|p2b: Sneasler\n|-damage|p2b: Sneasler|0 fnt\n|faint|p2b: Sneasler\n|move|p2a: Krookodile|Rock Slide|p1a: Whimsicott\n|-damage|p1a: Whimsicott|62/100\n|\n|-sideend|p1: Ron333|move: Tailwind\n|upkeep\n|\n|t:|1776006664\n|switch|p1b: Charizard|Charizard, L50, F|100/100\n|switch|p2b: Whimsicott|Whimsicott, L50, F|100/100\n|turn|5\n|\n|t:|1776006682\n|detailschange|p1b: Charizard|Charizard-Mega-Y, L50, F\n|-mega|p1b: Charizard|Charizard|Charizardite Y\n|-weather|SunnyDay|[from] ability: Drought|[of] p1b: Charizard\n|move|p2b: Whimsicott|Icy Wind|p1a: Whimsicott|[spread] p1a,p1b\n|-supereffective|p1a: Whimsicott|1\n|-damage|p1a: Whimsicott|11/100\n|-damage|p1b: Charizard|86/100\n|-unboost|p1a: Whimsicott|spe|1\n|-unboost|p1b: Charizard|spe|1\n|move|p2a: Krookodile|Rock Slide|p1b: Charizard|[spread] p1b\n|-miss|p2a: Krookodile|p1a: Whimsicott\n|-supereffective|p1b: Charizard|2\n|-damage|p1b: Charizard|0 fnt\n|faint|p1b: Charizard\n|move|p1a: Whimsicott|Moonblast|p2a: Krookodile\n|-supereffective|p2a: Krookodile|1\n|-damage|p2a: Krookodile|5/100\n|-unboost|p2a: Krookodile|spa|1\n|\n|-weather|SunnyDay|[upkeep]\n|-sideend|p2: zane121|move: Tailwind\n|upkeep\n|\n|t:|1776006701\n|switch|p1b: Armarouge|Armarouge, L50, F|100/100\n|turn|6\n|inactive|zane121 has 30 seconds left.\n|\n|t:|1776006734\n|move|p2b: Whimsicott|Icy Wind|p1a: Whimsicott|[spread] p1a,p1b\n|-supereffective|p1a: Whimsicott|1\n|-resisted|p1b: Armarouge|1\n|-damage|p1a: Whimsicott|0 fnt\n|-damage|p1b: Armarouge|91/100\n|-unboost|p1b: Armarouge|spe|1\n|faint|p1a: Whimsicott\n|move|p2a: Krookodile|Rock Slide|p1b: Armarouge\n|-supereffective|p1b: Armarouge|1\n|-damage|p1b: Armarouge|30/100\n|cant|p1b: Armarouge|flinch\n|\n|-weather|SunnyDay|[upkeep]\n|upkeep\n|turn|7\n|\n|t:|1776006752\n|move|p2b: Whimsicott|Bitter Malice|p1b: Armarouge\n|-supereffective|p1b: Armarouge|1\n|-damage|p1b: Armarouge|0 fnt\n|faint|p1b: Armarouge\n|\n|win|zane121\n|raw|Ron333's rating: 1048 &rarr; <strong>1030</strong><br />(-18 for losing)\n|raw|zane121's rating: 1029 &rarr; <strong>1067</strong><br />(+38 for winning)\n|l|\u203dRon333\n|player|p1|\n",
  "uploadtime": 1776006758,
  "views": 16,
  "formatid": "gen9championsvgc2026regma",
  "rating": 1030,
  "private": 0,
  "password": null
}