{
  "id": "gen9championsvgc2026regma-2583883562",
  "format": "[Gen 9 Champions] VGC 2026 Reg M-A",
  "players": [
    "roquinhu",
    "RedEmperorKing"
  ],
  "log": "|j|\u2606roquinhu\n|j|\u2606RedEmperorKing\n|t:|1776205269\n|gametype|doubles\n|player|p1|roquinhu|hilbert-wonderlauncher|1129\n|player|p2|RedEmperorKing|alder|1147\n|gen|9\n|tier|[Gen 9 Champions] VGC 2026 Reg M-A\n|rated|\n|rule|Species Clause: Limit one of each Pok\u00e9mon\n|rule|Item Clause: Limit 1 of each item\n|clearpoke\n|poke|p1|Charizard, L50, F|\n|poke|p1|Garchomp, L50, F|\n|poke|p1|Sneasler, L50, F|\n|poke|p1|Venusaur, L50, M|\n|poke|p1|Rotom-Wash, L50|\n|poke|p1|Incineroar, L50, F|\n|poke|p2|Charizard, L50, M|\n|poke|p2|Typhlosion-Hisui, L50, M|\n|poke|p2|Venusaur, L50, M|\n|poke|p2|Sneasler, L50, F|\n|poke|p2|Whimsicott, L50, F|\n|poke|p2|Ninetales-Alola, L50, M|\n|teampreview|4\n|inactive|Battle timer is ON: inactive players will automatically lose when time's up. (requested by RedEmperorKing)\n|inactive|RedEmperorKing has 60 seconds left.\n|\n|t:|1776205315\n|teamsize|p1|4\n|teamsize|p2|4\n|start\n|switch|p1a: Incineroar|Incineroar, L50, F|100/100\n|switch|p1b: Garchomp|Garchomp, L50, F|100/100\n|switch|p2a: Ninetales|Ninetales-Alola, L50, M, shiny|100/100\n|switch|p2b: Whimsicott|Whimsicott, L50, F, shiny|100/100\n|-weather|Snowscape|[from] ability: Snow Warning|[of] p2a: Ninetales\n|-ability|p1a: Incineroar|Intimidate|boost\n|-unboost|p2a: Ninetales|atk|1\n|-unboost|p2b: Whimsicott|atk|1\n|turn|1\n|inactive|roquinhu has 30 seconds left.\n|inactive|roquinhu has 20 seconds left.\n|inactive|roquinhu has 15 seconds left.\n|\n|t:|1776205355\n|move|p1b: Garchomp|Rock Slide|p2b: Whimsicott|[spread] p2a,p2b\n|-supereffective|p2a: Ninetales|1\n|-enditem|p2a: Ninetales|Charti Berry|[eat]\n|-enditem|p2a: Ninetales|Charti Berry|[weaken]\n|-damage|p2a: Ninetales|82/100\n|-damage|p2b: Whimsicott|67/100\n|cant|p2b: Whimsicott|flinch\n|move|p2a: Ninetales|Blizzard|p1b: Garchomp|[spread] p1a,p1b\n|-resisted|p1a: Incineroar|1\n|-supereffective|p1b: Garchomp|2\n|-damage|p1a: Incineroar|86/100\n|-damage|p1b: Garchomp|0 fnt\n|faint|p1b: Garchomp\n|move|p1a: Incineroar|Flare Blitz|p2a: Ninetales\n|-supereffective|p2a: Ninetales|1\n|-damage|p2a: Ninetales|0 fnt\n|faint|p2a: Ninetales\n|-damage|p1a: Incineroar|66/100|[from] Recoil\n|\n|-weather|Snowscape|[upkeep]\n|upkeep\n|\n|t:|1776205376\n|switch|p2a: Charizard|Charizard, L50, M, shiny|100/100\n|switch|p1b: Charizard|Charizard, L50, F|100/100\n|turn|2\n|\n|t:|1776205389\n|detailschange|p2a: Charizard|Charizard-Mega-Y, L50, M, shiny\n|-mega|p2a: Charizard|Charizard|Charizardite Y\n|-weather|SunnyDay|[from] ability: Drought|[of] p2a: Charizard\n|move|p1b: Charizard|Protect|p1b: Charizard\n|-singleturn|p1b: Charizard|Protect\n|move|p2b: Whimsicott|Tailwind|p2b: Whimsicott\n|-sidestart|p2: RedEmperorKing|move: Tailwind\n|move|p2a: Charizard|Ancient Power|p1b: Charizard\n|-activate|p1b: Charizard|move: Protect\n|move|p1a: Incineroar|Parting Shot|p2a: Charizard\n|-unboost|p2a: Charizard|atk|1\n|-unboost|p2a: Charizard|spa|1\n|\n|t:|1776205401\n|switch|p1a: Sneasler|Sneasler, L50, F|100/100|[from] Parting Shot\n|\n|-weather|SunnyDay|[upkeep]\n|-damage|p1b: Charizard|88/100|[from] ability: Solar Power|[of] p1b: Charizard\n|upkeep\n|turn|3\n|\n|t:|1776205414\n|detailschange|p1b: Charizard|Charizard-Mega-Y, L50, F\n|-mega|p1b: Charizard|Charizard|Charizardite Y\n|move|p2a: Charizard|Protect|p2a: Charizard\n|-singleturn|p2a: Charizard|Protect\n|move|p1a: Sneasler|Fake Out|p2a: Charizard\n|-activate|p2a: Charizard|move: Protect\n|move|p2b: Whimsicott|Dazzling Gleam|p1b: Charizard|[spread] p1a,p1b\n|-resisted|p1b: Charizard|1\n|-damage|p1a: Sneasler|69/100\n|-damage|p1b: Charizard|77/100\n|move|p1b: Charizard|Heat Wave|p2a: Charizard|[spread] \n|-activate|p2a: Charizard|move: Protect\n|-miss|p1b: Charizard|p2b: Whimsicott\n|\n|-weather|SunnyDay|[upkeep]\n|upkeep\n|turn|4\n|\n|t:|1776205435\n|move|p1b: Charizard|Protect|p1b: Charizard\n|-singleturn|p1b: Charizard|Protect\n|move|p2b: Whimsicott|Dazzling Gleam|p1a: Sneasler|[spread] p1a\n|-activate|p1b: Charizard|move: Protect\n|-damage|p1a: Sneasler|41/100\n|move|p2a: Charizard|Ancient Power|p1b: Charizard\n|-activate|p1b: Charizard|move: Protect\n|move|p1a: Sneasler|Rock Tomb|p2a: Charizard\n|-supereffective|p2a: Charizard|2\n|-damage|p2a: Charizard|0 fnt\n|faint|p2a: Charizard\n|\n|-weather|SunnyDay|[upkeep]\n|upkeep\n|\n|t:|1776205447\n|switch|p2a: Typhlosion|Typhlosion-Hisui, L50, M, shiny|100/100\n|-item|p1a: Sneasler|White Herb|[from] ability: Frisk|[of] p2a: Typhlosion\n|-item|p1b: Charizard|Charizardite Y|[from] ability: Frisk|[of] p2a: Typhlosion\n|turn|5\n|\n|t:|1776205466\n|switch|p1a: Incineroar|Incineroar, L50, F|66/100\n|-ability|p1a: Incineroar|Intimidate|boost\n|-unboost|p2a: Typhlosion|atk|1\n|-unboost|p2b: Whimsicott|atk|1\n|move|p2b: Whimsicott|Dazzling Gleam|p1b: Charizard|[spread] p1a,p1b\n|-resisted|p1b: Charizard|1\n|-damage|p1a: Incineroar|43/100\n|-damage|p1b: Charizard|67/100\n|-enditem|p1a: Incineroar|Sitrus Berry|[eat]\n|-heal|p1a: Incineroar|68/100|[from] item: Sitrus Berry\n|move|p2a: Typhlosion|Eruption|p1b: Charizard|[spread] p1a,p1b\n|-resisted|p1a: Incineroar|1\n|-resisted|p1b: Charizard|1\n|-damage|p1a: Incineroar|28/100\n|-damage|p1b: Charizard|23/100\n|move|p1b: Charizard|Weather Ball|p2b: Whimsicott\n|-supereffective|p2b: Whimsicott|1\n|-damage|p2b: Whimsicott|0 fnt\n|faint|p2b: Whimsicott\n|\n|-weather|SunnyDay|[upkeep]\n|-sideend|p2: RedEmperorKing|move: Tailwind\n|upkeep\n|turn|6\n|inactive|roquinhu has 30 seconds left.\n|\n|t:|1776205494\n|move|p2a: Typhlosion|Eruption|p1b: Charizard|[spread] p1a,p1b\n|-resisted|p1a: Incineroar|1\n|-resisted|p1b: Charizard|1\n|-damage|p1a: Incineroar|0 fnt\n|-damage|p1b: Charizard|0 fnt\n|faint|p1a: Incineroar\n|faint|p1b: Charizard\n|\n|-weather|none\n|upkeep\n|\n|t:|1776205511\n|switch|p1b: Sneasler|Sneasler, L50, F|41/100\n|turn|7\n|\n|t:|1776205531\n|move|p2a: Typhlosion|Eruption|p1b: Sneasler\n|-damage|p1b: Sneasler|0 fnt\n|faint|p1b: Sneasler\n|\n|win|RedEmperorKing\n|raw|roquinhu's rating: 1129 &rarr; <strong>1105</strong><br />(-24 for losing)\n|raw|RedEmperorKing's rating: 1147 &rarr; <strong>1171</strong><br />(+24 for winning)\n",
  "uploadtime": 1776205535,
  "views": 17,
  "formatid": "gen9championsvgc2026regma",
  "rating": 1105,
  "private": 0,
  "password": null
}