{
  "id": "gen9championsvgc2026regma-2586137846",
  "format": "[Gen 9 Champions] VGC 2026 Reg M-A",
  "players": [
    "gg.exe",
    "EXSA"
  ],
  "log": "|j|\u2606gg.exe\n|j|\u2606EXSA\n|t:|1776403711\n|gametype|doubles\n|player|p1|gg.exe|pokekid|1003\n|player|p2|EXSA|102|1095\n|gen|9\n|tier|[Gen 9 Champions] VGC 2026 Reg M-A\n|rated|\n|rule|Species Clause: Limit one of each Pok\u00e9mon\n|rule|Item Clause: Limit 1 of each item\n|clearpoke\n|poke|p1|Primarina, L50, F|\n|poke|p1|Heliolisk, L50, M|\n|poke|p1|Froslass, L50, F|\n|poke|p1|Rotom-Heat, L50|\n|poke|p1|Hawlucha, L50, M|\n|poke|p1|Talonflame, L50, F|\n|poke|p2|Charizard, L50, F|\n|poke|p2|Incineroar, L50, M|\n|poke|p2|Maushold-Four, L50|\n|poke|p2|Garchomp, L50, F|\n|poke|p2|Whimsicott, L50, F|\n|poke|p2|Kingambit, L50, F|\n|teampreview|4\n|inactive|Battle timer is ON: inactive players will automatically lose when time's up. (requested by EXSA)\n|\n|t:|1776403738\n|teamsize|p1|4\n|teamsize|p2|4\n|start\n|switch|p1a: Heliolisk|Heliolisk, L50, M|100/100\n|switch|p1b: Talonflame|Talonflame, L50, F|100/100\n|switch|p2a: Incineroar|Incineroar, L50, M|100/100\n|switch|p2b: Kingambit|Kingambit, L50, F|100/100\n|-ability|p2a: Incineroar|Intimidate|boost\n|-unboost|p1a: Heliolisk|atk|1\n|-unboost|p1b: Talonflame|atk|1\n|turn|1\n|inactive|gg.exe has 30 seconds left.\n|\n|t:|1776403764\n|switch|p1a: Hawlucha|Hawlucha, L50, M|100/100\n|move|p2a: Incineroar|Fake Out|p1b: Talonflame\n|-damage|p1b: Talonflame|80/100\n|cant|p1b: Talonflame|flinch\n|move|p2b: Kingambit|Kowtow Cleave|p1a: Hawlucha\n|-resisted|p1a: Hawlucha|1\n|-damage|p1a: Hawlucha|57/100\n|\n|upkeep\n|turn|2\n|\n|t:|1776403785\n|move|p2b: Kingambit|Protect|p2b: Kingambit\n|-singleturn|p2b: Kingambit|Protect\n|move|p1b: Talonflame|Tailwind|p1b: Talonflame\n|-sidestart|p1: gg.exe|move: Tailwind\n|move|p1a: Hawlucha|Encore|p2a: Incineroar\n|-start|p2a: Incineroar|Encore\n|move|p2a: Incineroar|Fake Out||[still]\n|-hint|Fake Out only works on your first turn out.\n|-fail|p2a: Incineroar\n|\n|upkeep\n|turn|3\n|\n|t:|1776403804\n|switch|p2b: Charizard|Charizard, L50, F, shiny|100/100\n|switch|p2a: Whimsicott|Whimsicott, L50, F|100/100\n|move|p1b: Talonflame|Brave Bird|p2a: Whimsicott\n|-supereffective|p2a: Whimsicott|1\n|-enditem|p2a: Whimsicott|Focus Sash\n|-damage|p2a: Whimsicott|1/100\n|-damage|p1b: Talonflame|51/100|[from] Recoil\n|move|p1a: Hawlucha|Close Combat|p2b: Charizard\n|-resisted|p2b: Charizard|1\n|-damage|p2b: Charizard|62/100\n|-unboost|p1a: Hawlucha|def|1\n|-unboost|p1a: Hawlucha|spd|1\n|-enditem|p1a: Hawlucha|White Herb\n|-clearnegativeboost|p1a: Hawlucha|[silent]\n|\n|upkeep\n|turn|4\n|inactive|EXSA has 30 seconds left.\n|\n|t:|1776403830\n|detailschange|p2b: Charizard|Charizard-Mega-Y, L50, F, shiny\n|-mega|p2b: Charizard|Charizard|Charizardite Y\n|-weather|SunnyDay|[from] ability: Drought|[of] p2b: Charizard\n|move|p2a: Whimsicott|Encore|p1a: Hawlucha\n|-start|p1a: Hawlucha|Encore\n|move|p1a: Hawlucha|Close Combat|p2b: Charizard\n|-resisted|p2b: Charizard|1\n|-damage|p2b: Charizard|22/100\n|-unboost|p1a: Hawlucha|def|1\n|-unboost|p1a: Hawlucha|spd|1\n|move|p1b: Talonflame|Brave Bird|p2a: Whimsicott\n|-supereffective|p2a: Whimsicott|1\n|-damage|p2a: Whimsicott|0 fnt\n|faint|p2a: Whimsicott\n|-damage|p1b: Talonflame|50/100|[from] Recoil\n|move|p2b: Charizard|Heat Wave|p1a: Hawlucha|[spread] p1a\n|-miss|p2b: Charizard|p1b: Talonflame\n|-damage|p1a: Hawlucha|0 fnt\n|faint|p1a: Hawlucha\n|\n|-weather|SunnyDay|[upkeep]\n|upkeep\n|\n|t:|1776403844\n|switch|p2a: Incineroar|Incineroar, L50, M|100/100\n|switch|p1a: Froslass|Froslass, L50, F|100/100\n|-ability|p2a: Incineroar|Intimidate|boost\n|-unboost|p1a: Froslass|atk|1\n|-unboost|p1b: Talonflame|atk|1\n|turn|5\n|\n|t:|1776403856\n|switch|p2b: Kingambit|Kingambit, L50, F|100/100\n|detailschange|p1a: Froslass|Froslass-Mega, L50, F\n|-mega|p1a: Froslass|Froslass|Froslassite\n|-weather|Snowscape|[from] ability: Snow Warning|[of] p1a: Froslass\n|move|p2a: Incineroar|Fake Out|p1b: Talonflame\n|-damage|p1b: Talonflame|31/100\n|move|p1a: Froslass|Blizzard|p2b: Kingambit|[spread] p2a,p2b\n|-resisted|p2a: Incineroar|1\n|-resisted|p2b: Kingambit|1\n|-damage|p2a: Incineroar|85/100\n|-damage|p2b: Kingambit|79/100\n|-status|p2b: Kingambit|frz\n|cant|p1b: Talonflame|flinch\n|\n|-weather|Snowscape|[upkeep]\n|-sideend|p1: gg.exe|move: Tailwind\n|upkeep\n|turn|6\n|inactive|EXSA has 30 seconds left.\n|\n|t:|1776403887\n|switch|p1a: Heliolisk|Heliolisk, L50, M|100/100\n|switch|p2a: Charizard|Charizard-Mega-Y, L50, F, shiny|22/100\n|-weather|SunnyDay|[from] ability: Drought|[of] p2a: Charizard\n|cant|p2b: Kingambit|frz\n|move|p1b: Talonflame|Tailwind|p1b: Talonflame\n|-sidestart|p1: gg.exe|move: Tailwind\n|\n|-weather|SunnyDay|[upkeep]\n|-damage|p1a: Heliolisk|88/100|[from] ability: Solar Power|[of] p1a: Heliolisk\n|upkeep\n|turn|7\n|\n|t:|1776403904\n|move|p2a: Charizard|Protect|p2a: Charizard\n|-singleturn|p2a: Charizard|Protect\n|cant|p2b: Kingambit|frz\n|move|p1b: Talonflame|Brave Bird|p2a: Charizard\n|-activate|p2a: Charizard|move: Protect\n|move|p1a: Heliolisk|Weather Ball|p2b: Kingambit\n|-supereffective|p2b: Kingambit|1\n|-damage|p2b: Kingambit|0 fnt\n|faint|p2b: Kingambit\n|\n|-weather|SunnyDay|[upkeep]\n|-damage|p1a: Heliolisk|76/100|[from] ability: Solar Power|[of] p1a: Heliolisk\n|upkeep\n|\n|t:|1776403914\n|switch|p2b: Incineroar|Incineroar, L50, M|85/100\n|-ability|p2b: Incineroar|Intimidate|boost\n|-unboost|p1a: Heliolisk|atk|1\n|-unboost|p1b: Talonflame|atk|1\n|turn|8\n|\n|t:|1776403930\n|switch|p1a: Froslass|Froslass-Mega, L50, F|100/100\n|-weather|Snowscape|[from] ability: Snow Warning|[of] p1a: Froslass\n|move|p2b: Incineroar|Fake Out|p1a: Froslass\n|-immune|p1a: Froslass\n|move|p1b: Talonflame|Brave Bird|p2b: Incineroar\n|-damage|p2b: Incineroar|59/100\n|-damage|p1b: Talonflame|20/100|[from] Recoil\n|move|p2a: Charizard|Heat Wave|p1b: Talonflame|[spread] p1a,p1b\n|-supereffective|p1a: Froslass|1\n|-resisted|p1b: Talonflame|1\n|-damage|p1a: Froslass|18/100\n|-damage|p1b: Talonflame|0 fnt\n|faint|p1b: Talonflame\n|\n|-weather|Snowscape|[upkeep]\n|upkeep\n|\n|t:|1776403941\n|switch|p1b: Heliolisk|Heliolisk, L50, M|76/100\n|turn|9\n|\n|t:|1776403965\n|move|p2a: Charizard|Protect|p2a: Charizard\n|-singleturn|p2a: Charizard|Protect\n|move|p1a: Froslass|Blizzard|p2b: Incineroar|[spread] p2b\n|-activate|p2a: Charizard|move: Protect\n|-resisted|p2b: Incineroar|1\n|-damage|p2b: Incineroar|43/100\n|-enditem|p2b: Incineroar|Sitrus Berry|[eat]\n|-heal|p2b: Incineroar|68/100|[from] item: Sitrus Berry\n|move|p1b: Heliolisk|Thunderbolt|p2a: Charizard\n|-activate|p2a: Charizard|move: Protect\n|move|p2b: Incineroar|Throat Chop|p1b: Heliolisk\n|-damage|p1b: Heliolisk|0 fnt\n|faint|p1b: Heliolisk\n|\n|-weather|Snowscape|[upkeep]\n|-sideend|p1: gg.exe|move: Tailwind\n|upkeep\n|turn|10\n|\n|t:|1776403987\n|move|p1a: Froslass|Blizzard|p2a: Charizard|[spread] p2a,p2b\n|-resisted|p2b: Incineroar|1\n|-damage|p2a: Charizard|0 fnt\n|-damage|p2b: Incineroar|52/100\n|faint|p2a: Charizard\n|move|p2b: Incineroar|Flare Blitz|p1a: Froslass\n|-supereffective|p1a: Froslass|1\n|-damage|p1a: Froslass|0 fnt\n|faint|p1a: Froslass\n|-damage|p2b: Incineroar|47/100|[from] Recoil\n|\n|win|EXSA\n|raw|gg.exe's rating: 1003 &rarr; <strong>1000</strong><br />(-3 for losing)\n|raw|EXSA's rating: 1095 &rarr; <strong>1114</strong><br />(+19 for winning)\n",
  "uploadtime": 1776403990,
  "views": 16,
  "formatid": "gen9championsvgc2026regma",
  "rating": 1000,
  "private": 0,
  "password": null
}