{
  "id": "gen9championsvgc2026regma-2581710961",
  "format": "[Gen 9 Champions] VGC 2026 Reg M-A",
  "players": [
    "Bigbro2022",
    "Jefe 8000"
  ],
  "log": "|j|\u2606Bigbro2022\n|j|\u2606Jefe 8000\n|t:|1776022544\n|gametype|doubles\n|player|p1|Bigbro2022|cynthia-gen4|1095\n|player|p2|Jefe 8000|169|1056\n|gen|9\n|tier|[Gen 9 Champions] VGC 2026 Reg M-A\n|rated|\n|rule|Species Clause: Limit one of each Pok\u00e9mon\n|rule|Item Clause: Limit 1 of each item\n|clearpoke\n|poke|p1|Floette-Eternal, L50, F|\n|poke|p1|Empoleon, L50, F|\n|poke|p1|Luxray, L50, F|\n|poke|p1|Gardevoir, L50, M|\n|poke|p1|Scovillain, L50, M|\n|poke|p1|Garchomp, L50, F|\n|poke|p2|Beedrill, L50, F|\n|poke|p2|Maushold-Four, L50|\n|poke|p2|Araquanid, L50, F|\n|poke|p2|Archaludon, L50, M|\n|poke|p2|Pelipper, L50, M|\n|poke|p2|Polteageist-Antique, L50|\n|teampreview|4\n|inactive|Battle timer is ON: inactive players will automatically lose when time's up. (requested by Bigbro2022)\nBigbro2022 rejected open team sheets.\n|inactive|Jefe 8000 has 60 seconds left.\n|\n|t:|1776022635\n|teamsize|p1|4\n|teamsize|p2|4\n|start\n|switch|p1a: Scovillain|Scovillain, L50, M|100/100\n|switch|p1b: Luxray|Luxray, L50, F|100/100\n|switch|p2a: Polteageist|Polteageist-Antique, L50|100/100\n|switch|p2b: Maushold|Maushold-Four, L50|100/100\n|-ability|p1b: Luxray|Intimidate|boost\n|-unboost|p2a: Polteageist|atk|1\n|-unboost|p2b: Maushold|atk|1\n|-enditem|p2a: Polteageist|White Herb\n|-clearnegativeboost|p2a: Polteageist|[silent]\n|turn|1\n|inactive|Bigbro2022 has 30 seconds left.\n|\n|t:|1776022668\n|move|p2b: Maushold|Population Bomb|p1a: Scovillain\n|-damage|p1a: Scovillain|94/100\n|-damage|p1a: Scovillain|87/100\n|-damage|p1a: Scovillain|80/100\n|-damage|p1a: Scovillain|73/100\n|-damage|p1a: Scovillain|66/100\n|-damage|p1a: Scovillain|59/100\n|-damage|p1a: Scovillain|52/100\n|-damage|p1a: Scovillain|46/100\n|-damage|p1a: Scovillain|40/100\n|-damage|p1a: Scovillain|33/100\n|-hitcount|p1a: Scovillain|10\n|move|p2a: Polteageist|Shell Smash|p2a: Polteageist\n|-unboost|p2a: Polteageist|def|1\n|-unboost|p2a: Polteageist|spd|1\n|-boost|p2a: Polteageist|atk|2\n|-boost|p2a: Polteageist|spa|2\n|-boost|p2a: Polteageist|spe|2\n|move|p1b: Luxray|Volt Switch|p2a: Polteageist\n|-damage|p2a: Polteageist|72/100\n|\n|t:|1776022678\n|switch|p1b: Empoleon|Empoleon, L50, F|100/100|[from] Volt Switch\n|move|p1a: Scovillain|Flamethrower|p2a: Polteageist\n|-damage|p2a: Polteageist|32/100\n|\n|-ability|p1a: Scovillain|Moody|boost\n|-boost|p1a: Scovillain|def|2\n|-unboost|p1a: Scovillain|spd|1\n|upkeep\n|turn|2\n|inactive|Jefe 8000 has 30 seconds left.\n|inactive|Jefe 8000 has 20 seconds left.\n|inactive|Jefe 8000 has 15 seconds left.\n|\n|t:|1776022721\n|move|p1a: Scovillain|Protect|p1a: Scovillain\n|-singleturn|p1a: Scovillain|Protect\n|move|p2b: Maushold|Follow Me|p2b: Maushold\n|-singleturn|p2b: Maushold|move: Follow Me\n|move|p2a: Polteageist|Stored Power|p1a: Scovillain\n|-activate|p1a: Scovillain|move: Protect\n|move|p1b: Empoleon|Surf|p2a: Polteageist|[spread] p2a,p2b\n|-activate|p1a: Scovillain|move: Protect\n|-damage|p2a: Polteageist|0 fnt\n|-damage|p2b: Maushold|48/100\n|-start|p1b: Empoleon|Disable|Surf|[from] ability: Cursed Body|[of] p2a: Polteageist\n|faint|p2a: Polteageist\n|\n|-ability|p1a: Scovillain|Moody|boost\n|-boost|p1a: Scovillain|atk|2\n|-unboost|p1a: Scovillain|spa|1\n|upkeep\n|\n|t:|1776022739\n|switch|p2a: potential-mon|Beedrill, L50, F|100/100\n|turn|3\n|\n|t:|1776022754\n|detailschange|p2a: potential-mon|Beedrill-Mega, L50, F\n|-mega|p2a: potential-mon|Beedrill|Beedrillite\n|detailschange|p1a: Scovillain|Scovillain-Mega, L50, M\n|-mega|p1a: Scovillain|Scovillain|Scovillainite\n|move|p1a: Scovillain|Rage Powder|p1a: Scovillain\n|-singleturn|p1a: Scovillain|move: Rage Powder\n|move|p2a: potential-mon|Fell Stinger|p1a: Scovillain\n|-damage|p1a: Scovillain|12/100\n|-status|p2a: potential-mon|brn|[from] ability: Spicy Spray|[of] p1a: Scovillain\n|move|p2b: Maushold|Population Bomb|p1a: Scovillain\n|-damage|p1a: Scovillain|9/100\n|-status|p2b: Maushold|brn|[from] ability: Spicy Spray|[of] p1a: Scovillain\n|-damage|p1a: Scovillain|7/100\n|-damage|p1a: Scovillain|5/100\n|-damage|p1a: Scovillain|3/100\n|-crit|p1a: Scovillain\n|-damage|p1a: Scovillain|0 fnt\n|faint|p1a: Scovillain\n|-hitcount|p1: Scovillain|5\n|move|p1b: Empoleon|Blizzard|p2a: potential-mon|[spread] p2a\n|-miss|p1b: Empoleon|p2b: Maushold\n|-damage|p2a: potential-mon|68/100 brn\n|\n|-damage|p2a: potential-mon|62/100 brn|[from] brn\n|-damage|p2b: Maushold|42/100 brn|[from] brn\n|upkeep\n|\n|t:|1776022776\n|switch|p1a: Luxray|Luxray, L50, F|100/100\n|-ability|p1a: Luxray|Intimidate|boost\n|-unboost|p2a: potential-mon|atk|1\n|-unboost|p2b: Maushold|atk|1\n|turn|4\n|\n|t:|1776022799\n|move|p2a: potential-mon|Lunge|p1a: Luxray\n|-crit|p1a: Luxray\n|-damage|p1a: Luxray|31/100\n|-unboost|p1a: Luxray|atk|1\n|-enditem|p1a: Luxray|Sitrus Berry|[eat]\n|-heal|p1a: Luxray|56/100|[from] item: Sitrus Berry\n|move|p2b: Maushold|U-turn|p1a: Luxray\n|-damage|p1a: Luxray|50/100\n|\n|t:|1776022807\n|switch|p2b: Araquanid|Araquanid, L50, F|100/100|[from] U-turn\n|cant|p1a: Luxray|flinch\n|move|p1b: Empoleon|Blizzard|p2a: potential-mon|[spread] p2a,p2b\n|-resisted|p2b: Araquanid|1\n|-damage|p2a: potential-mon|22/100 brn\n|-damage|p2b: Araquanid|89/100\n|\n|-damage|p2a: potential-mon|16/100 brn|[from] brn\n|upkeep\n|turn|5\n|\n|t:|1776022831\n|move|p2a: potential-mon|Drill Run|p1a: Luxray\n|-supereffective|p1a: Luxray|1\n|-damage|p1a: Luxray|21/100\n|move|p1a: Luxray|Volt Switch|p2b: Araquanid\n|-supereffective|p2b: Araquanid|1\n|-damage|p2b: Araquanid|54/100\n|\n|t:|1776022837\n|switch|p1a: Gardevoir|Gardevoir, L50, M|100/100|[from] Volt Switch\n|move|p1b: Empoleon|Blizzard|p2b: Araquanid|[spread] p2a\n|-miss|p1b: Empoleon|p2b: Araquanid\n|-damage|p2a: potential-mon|0 fnt\n|faint|p2a: potential-mon\n|move|p2b: Araquanid|Sticky Web|p1a: Gardevoir\n|-sidestart|p1: Bigbro2022|move: Sticky Web\n|\n|-end|p1b: Empoleon|Disable\n|upkeep\n|\n|t:|1776022847\n|switch|p2a: Maushold|Maushold-Four, L50|42/100 brn\n|turn|6\n|\n|t:|1776022870\n|move|p2a: Maushold|Protect|p2a: Maushold\n|-singleturn|p2a: Maushold|Protect\n|move|p1a: Gardevoir|Trick|p2b: Araquanid\n|-activate|p1a: Gardevoir|move: Trick|[of] p2b: Araquanid\n|-item|p2b: Araquanid|Choice Scarf|[from] move: Trick\n|-item|p1a: Gardevoir|Mystic Water|[from] move: Trick\n|move|p2b: Araquanid|Leech Life|p1a: Gardevoir\n|-damage|p1a: Gardevoir|46/100\n|-heal|p2b: Araquanid|82/100|[from] drain|[of] p1a: Gardevoir\n|move|p1b: Empoleon|Surf|p2a: Maushold|[spread] p2b\n|-activate|p2a: Maushold|move: Protect\n|-activate|p1a: Gardevoir|ability: Telepathy\n|-resisted|p2b: Araquanid|1\n|-damage|p2b: Araquanid|70/100\n|\n|-damage|p2a: Maushold|36/100 brn|[from] brn\n|upkeep\n|turn|7\n|\n|t:|1776022889\n|move|p2a: Maushold|Population Bomb|p1b: Empoleon\n|-resisted|p1b: Empoleon|1\n|-damage|p1b: Empoleon|98/100\n|-hitcount|p1b: Empoleon|1\n|move|p1a: Gardevoir|Psychic|p2b: Araquanid\n|-damage|p2b: Araquanid|40/100\n|move|p2b: Araquanid|Leech Life|p1a: Gardevoir\n|-damage|p1a: Gardevoir|0 fnt\n|-heal|p2b: Araquanid|63/100|[from] drain|[of] p1a: Gardevoir\n|faint|p1a: Gardevoir\n|move|p1b: Empoleon|Surf|p2b: Araquanid|[spread] p2a,p2b\n|-resisted|p2b: Araquanid|1\n|-damage|p2a: Maushold|0 fnt\n|-damage|p2b: Araquanid|52/100\n|faint|p2a: Maushold\n|\n|-heal|p1b: Empoleon|100/100|[from] item: Leftovers\n|upkeep\n|\n|t:|1776022895\n|switch|p1a: Luxray|Luxray, L50, F|21/100\n|-activate|p1a: Luxray|move: Sticky Web\n|-unboost|p1a: Luxray|spe|1\n|-ability|p1a: Luxray|Intimidate|boost\n|-unboost|p2b: Araquanid|atk|1\n|turn|8\n|\n|t:|1776022909\n|move|p2b: Araquanid|Leech Life|p1a: Luxray\n|-crit|p1a: Luxray\n|-damage|p1a: Luxray|0 fnt\n|-heal|p2b: Araquanid|63/100|[from] drain|[of] p1a: Luxray\n|faint|p1a: Luxray\n|move|p1b: Empoleon|Blizzard|p2b: Araquanid\n|-resisted|p2b: Araquanid|1\n|-damage|p2b: Araquanid|47/100\n|\n|upkeep\n|turn|9\n|\n|t:|1776022918\n|move|p2b: Araquanid|Leech Life|p1b: Empoleon\n|-resisted|p1b: Empoleon|1\n|-damage|p1b: Empoleon|91/100\n|-heal|p2b: Araquanid|54/100|[from] drain|[of] p1b: Empoleon\n|move|p1b: Empoleon|Surf|p2b: Araquanid\n|-resisted|p2b: Araquanid|1\n|-damage|p2b: Araquanid|36/100\n|\n|-heal|p1b: Empoleon|96/100|[from] item: Leftovers\n|upkeep\n|turn|10\n|\n|t:|1776022928\n|move|p2b: Araquanid|Leech Life|p1b: Empoleon\n|-resisted|p1b: Empoleon|1\n|-damage|p1b: Empoleon|86/100\n|-heal|p2b: Araquanid|43/100|[from] drain|[of] p1b: Empoleon\n|move|p1b: Empoleon|Surf|p2b: Araquanid\n|-resisted|p2b: Araquanid|1\n|-damage|p2b: Araquanid|24/100\n|\n|-heal|p1b: Empoleon|92/100|[from] item: Leftovers\n|upkeep\n|turn|11\n|\n|t:|1776022937\n|move|p2b: Araquanid|Leech Life|p1b: Empoleon\n|-resisted|p1b: Empoleon|1\n|-damage|p1b: Empoleon|82/100\n|-heal|p2b: Araquanid|31/100|[from] drain|[of] p1b: Empoleon\n|move|p1b: Empoleon|Surf|p2b: Araquanid\n|-resisted|p2b: Araquanid|1\n|-damage|p2b: Araquanid|12/100\n|\n|-heal|p1b: Empoleon|87/100|[from] item: Leftovers\n|upkeep\n|turn|12\n|c|\u2606Bigbro2022|you have lost gg\n|\n|t:|1776022948\n|move|p2b: Araquanid|Leech Life|p1b: Empoleon\n|-resisted|p1b: Empoleon|1\n|-damage|p1b: Empoleon|76/100\n|-heal|p2b: Araquanid|19/100|[from] drain|[of] p1b: Empoleon\n|move|p1b: Empoleon|Surf|p2b: Araquanid\n|-resisted|p2b: Araquanid|1\n|-damage|p2b: Araquanid|0 fnt\n|faint|p2b: Araquanid\n|\n|win|Bigbro2022\n|raw|Bigbro2022's rating: 1095 &rarr; <strong>1118</strong><br />(+23 for winning)\n|raw|Jefe 8000's rating: 1056 &rarr; <strong>1040</strong><br />(-16 for losing)\n|l|\u2606Jefe 8000\n|player|p2|\n",
  "uploadtime": 1776023024,
  "views": 16,
  "formatid": "gen9championsvgc2026regma",
  "rating": 1040,
  "private": 0,
  "password": null
}