{
  "id": "gen9championsvgc2026regma-2580442894",
  "format": "[Gen 9 Champions] VGC 2026 Reg M-A",
  "players": [
    "gurbederbeste",
    "fowlenjoyer"
  ],
  "log": "|j|\u2606gurbederbeste\n|j|\u2606fowlenjoyer\n|t:|1775897280\n|gametype|doubles\n|player|p1|gurbederbeste|pryce|1063\n|player|p2|fowlenjoyer|scientist|1064\n|gen|9\n|tier|[Gen 9 Champions] VGC 2026 Reg M-A\n|rated|\n|rule|Species Clause: Limit one of each Pok\u00e9mon\n|rule|Item Clause: Limit 1 of each item\n|clearpoke\n|poke|p1|Froslass, L50, F|\n|poke|p1|Arcanine-Hisui, L50, F|\n|poke|p1|Kingambit, L50, M|\n|poke|p1|Palafin, L50, M|\n|poke|p1|Clefable, L50, F|\n|poke|p1|Kommo-o, L50, M|\n|poke|p2|Froslass, L50, F|\n|poke|p2|Whimsicott, L50, M|\n|poke|p2|Garchomp, L50, F|\n|poke|p2|Farigiraf, L50, M|\n|poke|p2|Milotic, L50, M|\n|poke|p2|Rotom-Frost, L50|\n|teampreview|4\n|inactive|Battle timer is ON: inactive players will automatically lose when time's up. (requested by fowlenjoyer)\n|inactive|gurbederbeste has 60 seconds left.\n|\n|t:|1775897330\n|teamsize|p1|4\n|teamsize|p2|4\n|start\n|switch|p1a: Kingambit|Kingambit, L50, M|100/100\n|switch|p1b: Palafin|Palafin, L50, M|100/100\n|switch|p2a: Froslass|Froslass, L50, F|100/100\n|switch|p2b: Whimsicott|Whimsicott, L50, M|100/100\n|turn|1\n|inactive|gurbederbeste has 30 seconds left.\n|\n|t:|1775897362\n|detailschange|p2a: Froslass|Froslass-Mega, L50, F\n|-mega|p2a: Froslass|Froslass|Froslassite\n|-weather|Snowscape|[from] ability: Snow Warning|[of] p2a: Froslass\n|move|p1a: Kingambit|Protect|p1a: Kingambit\n|-singleturn|p1a: Kingambit|Protect\n|move|p2b: Whimsicott|Tailwind|p2b: Whimsicott\n|-sidestart|p2: fowlenjoyer|move: Tailwind\n|move|p2a: Froslass|Aurora Veil|p2a: Froslass\n|-sidestart|p2: fowlenjoyer|move: Aurora Veil\n|move|p1b: Palafin|Wave Crash|p2a: Froslass\n|-damage|p2a: Froslass|58/100\n|-damage|p1b: Palafin|91/100|[from] Recoil\n|\n|-weather|Snowscape|[upkeep]\n|upkeep\n|turn|2\n|\n|t:|1775897383\n|switch|p2b: Garchomp|Garchomp, L50, F|100/100\n|detailschange|p1b: Palafin|Palafin-Hero, L50, M\n|switch|p1b: Arcanine|Arcanine-Hisui, L50, F|100/100\n|-ability|p1b: Arcanine|Intimidate|boost\n|-unboost|p2a: Froslass|atk|1\n|-unboost|p2b: Garchomp|atk|1\n|move|p1a: Kingambit|Sucker Punch|p2a: Froslass\n|-supereffective|p2a: Froslass|1\n|-damage|p2a: Froslass|0 fnt\n|faint|p2a: Froslass\n|\n|-weather|Snowscape|[upkeep]\n|upkeep\n|\n|t:|1775897394\n|switch|p2a: Rotom|Rotom-Frost, L50|100/100\n|turn|3\n|\n|t:|1775897410\n|move|p2a: Rotom|Helping Hand|p2b: Garchomp\n|-singleturn|p2b: Garchomp|Helping Hand|[of] p2a: Rotom\n|move|p1b: Arcanine|Protect|p1b: Arcanine\n|-singleturn|p1b: Arcanine|Protect\n|move|p1a: Kingambit|Protect|p1a: Kingambit\n|-singleturn|p1a: Kingambit|Protect\n|move|p2b: Garchomp|Earthquake|p1a: Kingambit|[spread] \n|-activate|p1a: Kingambit|move: Protect\n|-activate|p1b: Arcanine|move: Protect\n|-immune|p2a: Rotom|[from] ability: Levitate\n|\n|-weather|Snowscape|[upkeep]\n|upkeep\n|turn|4\n|inactive|gurbederbeste has 30 seconds left.\n|\n|t:|1775897437\n|move|p2a: Rotom|Helping Hand|p2b: Garchomp\n|-singleturn|p2b: Garchomp|Helping Hand|[of] p2a: Rotom\n|move|p2b: Garchomp|Earthquake|p1a: Kingambit|[spread] p1a,p1b\n|-immune|p2a: Rotom|[from] ability: Levitate\n|-supereffective|p1a: Kingambit|1\n|-supereffective|p1b: Arcanine|2\n|-enditem|p1b: Arcanine|Shuca Berry|[eat]\n|-enditem|p1b: Arcanine|Shuca Berry|[weaken]\n|-damage|p1a: Kingambit|48/100\n|-damage|p1b: Arcanine|10/100\n|move|p1b: Arcanine|Flare Blitz|p2a: Rotom\n|-supereffective|p2a: Rotom|1\n|-damage|p2a: Rotom|34/100\n|-damage|p1b: Arcanine|0 fnt|[from] Recoil\n|faint|p1b: Arcanine\n|move|p1a: Kingambit|Kowtow Cleave|p2b: Garchomp\n|-damage|p2b: Garchomp|58/100\n|-damage|p1a: Kingambit|36/100|[from] ability: Rough Skin|[of] p2b: Garchomp\n|\n|-weather|Snowscape|[upkeep]\n|-sideend|p2: fowlenjoyer|move: Tailwind\n|upkeep\n|\n|t:|1775897456\n|switch|p1b: Kommo-o|Kommo-o, L50, M|100/100\n|turn|5\n|inactive|gurbederbeste has 30 seconds left.\n|inactive|gurbederbeste has 20 seconds left.\n|\n|t:|1775897494\n|move|p1a: Kingambit|Sucker Punch|p2a: Rotom\n|-damage|p2a: Rotom|10/100\n|move|p2b: Garchomp|Earthquake|p1b: Kommo-o|[spread] p1a,p1b\n|-immune|p2a: Rotom|[from] ability: Levitate\n|-supereffective|p1a: Kingambit|1\n|-damage|p1a: Kingambit|0 fnt\n|-damage|p1b: Kommo-o|85/100\n|faint|p1a: Kingambit\n|move|p1b: Kommo-o|Flamethrower|p2a: Rotom\n|-supereffective|p2a: Rotom|1\n|-damage|p2a: Rotom|0 fnt\n|faint|p2a: Rotom\n|\n|-weather|none\n|-heal|p1b: Kommo-o|91/100|[from] item: Leftovers\n|-sideend|p2: fowlenjoyer|move: Aurora Veil\n|upkeep\n|\n|t:|1775897505\n|switch|p2a: Whimsicott|Whimsicott, L50, M|100/100\n|switch|p1a: Palafin|Palafin-Hero, L50, M|91/100\n|-activate|p1a: Palafin|ability: Zero to Hero\n|turn|6\n|\n|t:|1775897519\n|move|p2b: Garchomp|Earthquake|p1b: Kommo-o|[spread] p2a,p1a,p1b\n|-resisted|p2a: Whimsicott|1\n|-damage|p2a: Whimsicott|81/100\n|-damage|p1a: Palafin|68/100\n|-damage|p1b: Kommo-o|74/100\n|move|p2a: Whimsicott|Moonblast|p1b: Kommo-o\n|-supereffective|p1b: Kommo-o|2\n|-damage|p1b: Kommo-o|0 fnt\n|faint|p1b: Kommo-o\n|move|p1a: Palafin|Wave Crash|p2a: Whimsicott\n|-resisted|p2a: Whimsicott|1\n|-damage|p2a: Whimsicott|11/100\n|-damage|p1a: Palafin|52/100|[from] Recoil\n|\n|upkeep\n|turn|7\n|\n|t:|1775897536\n|move|p2a: Whimsicott|Helping Hand|p2b: Garchomp\n|-singleturn|p2b: Garchomp|Helping Hand|[of] p2a: Whimsicott\n|move|p1a: Palafin|Jet Punch|p2a: Whimsicott\n|-resisted|p2a: Whimsicott|1\n|-damage|p2a: Whimsicott|0 fnt\n|faint|p2a: Whimsicott\n|move|p2b: Garchomp|Earthquake|p1a: Palafin\n|-damage|p1a: Palafin|7/100\n|\n|upkeep\n|turn|8\n|\n|t:|1775897551\n|move|p1a: Palafin|Protect|p1a: Palafin\n|-singleturn|p1a: Palafin|Protect\n|move|p2b: Garchomp|Earthquake|p1a: Palafin\n|-activate|p1a: Palafin|move: Protect\n|\n|upkeep\n|turn|9\n|\n|t:|1775897558\n|move|p1a: Palafin|Jet Punch|p2b: Garchomp\n|-crit|p2b: Garchomp\n|-damage|p2b: Garchomp|0 fnt\n|-damage|p1a: Palafin|0 fnt|[from] ability: Rough Skin|[of] p2b: Garchomp\n|faint|p2b: Garchomp\n|faint|p1a: Palafin\n|\n|win|gurbederbeste\n|raw|gurbederbeste's rating: 1063 &rarr; <strong>1094</strong><br />(+31 for winning)\n|raw|fowlenjoyer's rating: 1064 &rarr; <strong>1044</strong><br />(-20 for losing)\n",
  "uploadtime": 1775897565,
  "views": 34,
  "formatid": "gen9championsvgc2026regma",
  "rating": 1044,
  "private": 0,
  "password": null
}