{
  "id": "gen9championsvgc2026regma-2585534479",
  "format": "[Gen 9 Champions] VGC 2026 Reg M-A",
  "players": [
    "Rocket Bear",
    "Yashinon"
  ],
  "log": "|j|\u2606Rocket Bear\n|j|\u2606Yashinon\n|t:|1776353916\n|gametype|doubles\n|player|p1|Rocket Bear|169|1279\n|player|p2|Yashinon|101|1375\n|gen|9\n|tier|[Gen 9 Champions] VGC 2026 Reg M-A\n|rated|\n|rule|Species Clause: Limit one of each Pok\u00e9mon\n|rule|Item Clause: Limit 1 of each item\n|clearpoke\n|poke|p1|Charizard, L50, F|\n|poke|p1|Garchomp, L50, M|\n|poke|p1|Gyarados, L50, F|\n|poke|p1|Sneasler, L50, F|\n|poke|p1|Orthworm, L50, M|\n|poke|p1|Hydreigon, L50, M|\n|poke|p2|Scizor, L50, F|\n|poke|p2|Sinistcha-Masterpiece, L50|\n|poke|p2|Sneasler, L50, M|\n|poke|p2|Aerodactyl, L50, F|\n|poke|p2|Incineroar, L50, F|\n|poke|p2|Floette-Eternal, L50, F|\n|teampreview|4\n|\n|t:|1776353971\n|teamsize|p1|4\n|teamsize|p2|4\n|start\n|switch|p1a: Garchomp|Garchomp, L50, M|100/100\n|switch|p1b: Hydreigon|Hydreigon, L50, M|100/100\n|switch|p2a: Floette|Floette-Eternal, L50, F|100/100\n|switch|p2b: Aerodactyl|Aerodactyl, L50, F|100/100\n|-ability|p2b: Aerodactyl|Unnerve\n|turn|1\n|\n|t:|1776353987\n|detailschange|p2a: Floette|Floette-Mega, L50, F\n|-mega|p2a: Floette|Floette|Floettite\n|-ability|p2a: Floette|Fairy Aura\n|move|p1b: Hydreigon|Draco Meteor|p2b: Aerodactyl\n|-enditem|p2b: Aerodactyl|Focus Sash\n|-damage|p2b: Aerodactyl|1/100\n|-unboost|p1b: Hydreigon|spa|2\n|move|p2b: Aerodactyl|Tailwind|p2b: Aerodactyl\n|-sidestart|p2: Yashinon|move: Tailwind\n|move|p2a: Floette|Dazzling Gleam|p1b: Hydreigon|[spread] p1a,p1b\n|-supereffective|p1a: Garchomp|1\n|-supereffective|p1b: Hydreigon|2\n|-damage|p1a: Garchomp|0 fnt\n|-damage|p1b: Hydreigon|0 fnt\n|faint|p1a: Garchomp\n|faint|p1b: Hydreigon\n|\n|upkeep\n|\n|t:|1776354005\n|switch|p1a: Orthworm|Orthworm, L50, M|100/100\n|switch|p1b: Gyarados|Gyarados, L50, F|100/100\n|-ability|p1b: Gyarados|Intimidate|boost\n|-unboost|p2a: Floette|atk|1\n|-unboost|p2b: Aerodactyl|atk|1\n|turn|2\n|\n|t:|1776354022\n|move|p2b: Aerodactyl|Protect|p2b: Aerodactyl\n|-singleturn|p2b: Aerodactyl|Protect\n|move|p2a: Floette|Moonblast|p1b: Gyarados\n|-damage|p1b: Gyarados|48/100\n|move|p1b: Gyarados|Waterfall|p2b: Aerodactyl\n|-activate|p2b: Aerodactyl|move: Protect\n|move|p1a: Orthworm|Heavy Slam|p2a: Floette\n|-supereffective|p2a: Floette|1\n|-damage|p2a: Floette|50/100\n|\n|upkeep\n|turn|3\n|\n|t:|1776354048\n|move|p2a: Floette|Protect|p2a: Floette\n|-singleturn|p2a: Floette|Protect\n|move|p1b: Gyarados|Protect|p1b: Gyarados\n|-singleturn|p1b: Gyarados|Protect\n|move|p2b: Aerodactyl|Rock Slide|p1b: Gyarados|[spread] p1a\n|-activate|p1b: Gyarados|move: Protect\n|-resisted|p1a: Orthworm|1\n|-damage|p1a: Orthworm|95/100\n|move|p1a: Orthworm|Iron Defense|p1a: Orthworm\n|-boost|p1a: Orthworm|def|2\n|\n|-heal|p1a: Orthworm|100/100|[from] item: Leftovers\n|upkeep\n|turn|4\n|\n|t:|1776354075\n|switch|p2b: Incineroar|Incineroar, L50, F|100/100\n|-enditem|p1b: Gyarados|Sitrus Berry|[eat]\n|-heal|p1b: Gyarados|73/100|[from] item: Sitrus Berry\n|-ability|p2b: Incineroar|Intimidate|boost\n|-unboost|p1a: Orthworm|atk|1\n|-unboost|p1b: Gyarados|atk|1\n|move|p2a: Floette|Moonblast|p1b: Gyarados\n|-damage|p1b: Gyarados|11/100\n|move|p1b: Gyarados|Waterfall|p2b: Incineroar\n|-supereffective|p2b: Incineroar|1\n|-damage|p2b: Incineroar|71/100\n|move|p1a: Orthworm|Heavy Slam|p2a: Floette\n|-supereffective|p2a: Floette|1\n|-damage|p2a: Floette|10/100\n|\n|-sideend|p2: Yashinon|move: Tailwind\n|upkeep\n|turn|5\n|\n|t:|1776354105\n|move|p2a: Floette|Protect|p2a: Floette\n|-singleturn|p2a: Floette|Protect\n|move|p1b: Gyarados|Waterfall|p2b: Incineroar\n|-supereffective|p2b: Incineroar|1\n|-crit|p2b: Incineroar\n|-damage|p2b: Incineroar|2/100\n|move|p1a: Orthworm|Iron Defense|p1a: Orthworm\n|-boost|p1a: Orthworm|def|2\n|cant|p2b: Incineroar|flinch\n|\n|upkeep\n|turn|6\n|\n|t:|1776354127\n|move|p1b: Gyarados|Protect|p1b: Gyarados\n|-singleturn|p1b: Gyarados|Protect\n|move|p2a: Floette|Dazzling Gleam|p1a: Orthworm|[spread] p1a\n|-activate|p1b: Gyarados|move: Protect\n|-resisted|p1a: Orthworm|1\n|-damage|p1a: Orthworm|74/100\n|move|p1a: Orthworm|Heavy Slam|p2a: Floette\n|-supereffective|p2a: Floette|1\n|-damage|p2a: Floette|0 fnt\n|faint|p2a: Floette\n|move|p2b: Incineroar|Darkest Lariat|p1b: Gyarados\n|-activate|p1b: Gyarados|move: Protect\n|\n|-heal|p1a: Orthworm|80/100|[from] item: Leftovers\n|upkeep\n|\n|t:|1776354143\n|switch|p2a: Sneasler|Sneasler, L50, M|100/100\n|turn|7\n|\n|t:|1776354156\n|move|p2a: Sneasler|Fake Out|p1b: Gyarados\n|-damage|p1b: Gyarados|0 fnt\n|faint|p1b: Gyarados\n|move|p1a: Orthworm|Heavy Slam|p2a: Sneasler\n|-damage|p2a: Sneasler|58/100\n|move|p2b: Incineroar|Flare Blitz|p1a: Orthworm\n|-supereffective|p1a: Orthworm|1\n|-damage|p1a: Orthworm|56/100\n|-damage|p2b: Incineroar|0 fnt|[from] Recoil\n|faint|p2b: Incineroar\n|\n|-heal|p1a: Orthworm|63/100|[from] item: Leftovers\n|upkeep\n|\n|t:|1776354170\n|switch|p2b: Aerodactyl|Aerodactyl, L50, F|1/100\n|-ability|p2b: Aerodactyl|Unnerve\n|turn|8\n|\n|t:|1776354186\n|move|p2a: Sneasler|Protect|p2a: Sneasler\n|-singleturn|p2a: Sneasler|Protect\n|move|p1a: Orthworm|Protect|p1a: Orthworm\n|-singleturn|p1a: Orthworm|Protect\n|move|p2b: Aerodactyl|Dual Wingbeat|p1a: Orthworm\n|-activate|p1a: Orthworm|move: Protect\n|\n|-heal|p1a: Orthworm|69/100|[from] item: Leftovers\n|upkeep\n|turn|9\n|\n|t:|1776354202\n|move|p2b: Aerodactyl|Rock Slide|p1a: Orthworm\n|-resisted|p1a: Orthworm|1\n|-crit|p1a: Orthworm\n|-damage|p1a: Orthworm|49/100\n|move|p2a: Sneasler|Close Combat|p1a: Orthworm\n|-supereffective|p1a: Orthworm|1\n|-damage|p1a: Orthworm|18/100\n|-unboost|p2a: Sneasler|def|1\n|-unboost|p2a: Sneasler|spd|1\n|move|p1a: Orthworm|Body Press|p2a: Sneasler\n|-resisted|p2a: Sneasler|1\n|-damage|p2a: Sneasler|0 fnt\n|faint|p2a: Sneasler\n|\n|-heal|p1a: Orthworm|24/100|[from] item: Leftovers\n|upkeep\n|turn|10\n|\n|t:|1776354219\n|move|p1a: Orthworm|Protect|p1a: Orthworm\n|-singleturn|p1a: Orthworm|Protect\n|move|p2b: Aerodactyl|Dual Wingbeat|p1a: Orthworm\n|-activate|p1a: Orthworm|move: Protect\n|\n|-heal|p1a: Orthworm|30/100|[from] item: Leftovers\n|upkeep\n|turn|11\n|\n|t:|1776354228\n|move|p2b: Aerodactyl|Dual Wingbeat|p1a: Orthworm\n|-resisted|p1a: Orthworm|1\n|-damage|p1a: Orthworm|28/100\n|-resisted|p1a: Orthworm|1\n|-damage|p1a: Orthworm|26/100\n|-hitcount|p1a: Orthworm|2\n|move|p1a: Orthworm|Body Press|p2b: Aerodactyl\n|-damage|p2b: Aerodactyl|0 fnt\n|faint|p2b: Aerodactyl\n|\n|win|Rocket Bear\n|raw|Rocket Bear's rating: 1279 &rarr; <strong>1311</strong><br />(+32 for winning)\n|raw|Yashinon's rating: 1375 &rarr; <strong>1350</strong><br />(-25 for losing)\n|l|\u2606Yashinon\n|player|p2|\n",
  "uploadtime": 1776354240,
  "views": 54,
  "formatid": "gen9championsvgc2026regma",
  "rating": 1311,
  "private": 0,
  "password": null
}