{
  "id": "gen9championsvgc2026regma-2583553819",
  "format": "[Gen 9 Champions] VGC 2026 Reg M-A",
  "players": [
    "felipe_officiale",
    "zCesarsub"
  ],
  "log": "|j|\u2606felipe_officiale\n|j|\u2606zCesarsub\n|t:|1776182942\n|gametype|doubles\n|player|p1|felipe_officiale|101|\n|player|p2|zCesarsub|iris-gen5bw2|\n|gen|9\n|tier|[Gen 9 Champions] VGC 2026 Reg M-A\n|rule|Species Clause: Limit one of each Pok\u00e9mon\n|rule|Item Clause: Limit 1 of each item\n|clearpoke\n|poke|p1|Corviknight, L50, M|\n|poke|p1|Excadrill, L50, M|\n|poke|p1|Tyranitar, L50, M|\n|poke|p1|Arcanine, L50, M|\n|poke|p1|Milotic, L50, F|\n|poke|p1|Hawlucha, L50, M|\n|poke|p2|Politoed, L50, M|\n|poke|p2|Basculegion, L50, M|\n|poke|p2|Sinistcha, L50|\n|poke|p2|Incineroar, L50, M|\n|poke|p2|Jolteon, L50, F|\n|poke|p2|Scizor, L50, M|\n|teampreview|4\n|j| mofriu4334\n|\n|t:|1776182994\n|teamsize|p1|4\n|teamsize|p2|4\n|start\n|switch|p1a: Tyranitar|Tyranitar, L50, M|100/100\n|switch|p1b: Excadrill|Excadrill, L50, M|100/100\n|switch|p2a: Politoed|Politoed, L50, M|100/100\n|switch|p2b: Basculegion|Basculegion, L50, M, shiny|100/100\n|-weather|RainDance|[from] ability: Drizzle|[of] p2a: Politoed\n|-weather|Sandstorm|[from] ability: Sand Stream|[of] p1a: Tyranitar\n|turn|1\n|\n|t:|1776183014\n|move|p2a: Politoed|Helping Hand|p2b: Basculegion\n|-singleturn|p2b: Basculegion|Helping Hand|[of] p2a: Politoed\n|move|p1b: Excadrill|Swords Dance|p1b: Excadrill\n|-boost|p1b: Excadrill|atk|2\n|move|p2b: Basculegion|Wave Crash|p1a: Tyranitar\n|-supereffective|p1a: Tyranitar|1\n|-damage|p1a: Tyranitar|0 fnt\n|faint|p1a: Tyranitar\n|-damage|p2b: Basculegion|69/100|[from] Recoil\n|\n|-weather|Sandstorm|[upkeep]\n|-damage|p2b: Basculegion|63/100|[from] Sandstorm\n|-damage|p2a: Politoed|95/100|[from] Sandstorm\n|upkeep\n|\n|t:|1776183020\n|switch|p1a: Corviknight|Corviknight, L50, M, shiny|100/100\n|turn|2\n|\n|t:|1776183043\n|move|p1b: Excadrill|Focus Blast|p2a: Politoed|[miss]\n|-miss|p1b: Excadrill|p2a: Politoed\n|move|p2b: Basculegion|Ice Fang|p1a: Corviknight\n|-damage|p1a: Corviknight|87/100\n|move|p2a: Politoed|Surf|p1a: Corviknight|[spread] p2b,p1a,p1b\n|-resisted|p2b: Basculegion|1\n|-supereffective|p1b: Excadrill|1\n|-damage|p2b: Basculegion|53/100\n|-damage|p1a: Corviknight|68/100\n|-damage|p1b: Excadrill|41/100\n|move|p1a: Corviknight|Brave Bird|p2b: Basculegion\n|-damage|p2b: Basculegion|9/100\n|-damage|p1a: Corviknight|53/100|[from] Recoil\n|\n|-weather|Sandstorm|[upkeep]\n|-damage|p2b: Basculegion|3/100|[from] Sandstorm\n|-damage|p2a: Politoed|89/100|[from] Sandstorm\n|upkeep\n|turn|3\n|\n|t:|1776183094\n|move|p1b: Excadrill|Iron Head|p2a: Politoed\n|-resisted|p2a: Politoed|1\n|-damage|p2a: Politoed|45/100\n|move|p2b: Basculegion|Wave Crash|p1b: Excadrill\n|-supereffective|p1b: Excadrill|1\n|-damage|p1b: Excadrill|0 fnt\n|faint|p1b: Excadrill\n|-damage|p2b: Basculegion|0 fnt|[from] Recoil\n|faint|p2b: Basculegion\n|move|p2a: Politoed|Surf|p1a: Corviknight\n|-damage|p1a: Corviknight|26/100\n|-enditem|p1a: Corviknight|Sitrus Berry|[eat]\n|-heal|p1a: Corviknight|51/100|[from] item: Sitrus Berry\n|move|p1a: Corviknight|Tailwind|p1a: Corviknight\n|-sidestart|p1: felipe_officiale|move: Tailwind\n|\n|-weather|Sandstorm|[upkeep]\n|-damage|p2a: Politoed|39/100|[from] Sandstorm\n|upkeep\n|\n|t:|1776183109\n|switch|p1b: Milotic|Milotic, L50, F, shiny|100/100\n|switch|p2b: Jolteon|Jolteon, L50, F|100/100\n|turn|4\n|\n|t:|1776183118\n|move|p2a: Politoed|Helping Hand|p2b: Jolteon\n|-singleturn|p2b: Jolteon|Helping Hand|[of] p2a: Politoed\n|move|p1b: Milotic|Ice Beam|p2a: Politoed\n|-resisted|p2a: Politoed|1\n|-damage|p2a: Politoed|31/100\n|move|p2b: Jolteon|Thunder|p1b: Milotic\n|-supereffective|p1b: Milotic|1\n|-damage|p1b: Milotic|0 fnt\n|faint|p1b: Milotic\n|move|p1a: Corviknight|Brave Bird|p2b: Jolteon\n|-resisted|p2b: Jolteon|1\n|-damage|p2b: Jolteon|70/100\n|-damage|p1a: Corviknight|43/100|[from] Recoil\n|\n|-weather|Sandstorm|[upkeep]\n|-damage|p2b: Jolteon|64/100|[from] Sandstorm\n|-damage|p2a: Politoed|25/100|[from] Sandstorm\n|upkeep\n|turn|5\n|\n|t:|1776183136\n|move|p2a: Politoed|Helping Hand|p2b: Jolteon\n|-singleturn|p2b: Jolteon|Helping Hand|[of] p2a: Politoed\n|move|p2b: Jolteon|Thunder|p1a: Corviknight|[miss]\n|-miss|p2b: Jolteon|p1a: Corviknight\n|move|p1a: Corviknight|Tailwind||[still]\n|-fail|p1a: Corviknight\n|\n|-weather|none\n|upkeep\n|turn|6\n|\n|t:|1776183156\n|move|p1a: Corviknight|Protect|p1a: Corviknight\n|-singleturn|p1a: Corviknight|Protect\n|move|p2b: Jolteon|Thunder|p1a: Corviknight\n|-activate|p1a: Corviknight|move: Protect\n|move|p2a: Politoed|Surf|p1a: Corviknight|[spread] p2b\n|-activate|p1a: Corviknight|move: Protect\n|-damage|p2b: Jolteon|39/100\n|\n|-sideend|p1: felipe_officiale|move: Tailwind\n|upkeep\n|turn|7\n|\n|t:|1776183168\n|switch|p2a: Sinistcha|Sinistcha, L50|100/100\n|-heal|p2b: Jolteon|64/100|[from] ability: Hospitality|[of] p2a: Sinistcha\n|move|p2b: Jolteon|Thunder|p1a: Corviknight|[miss]\n|-miss|p2b: Jolteon|p1a: Corviknight\n|move|p1a: Corviknight|Brave Bird|p2a: Sinistcha\n|-supereffective|p2a: Sinistcha|1\n|-damage|p2a: Sinistcha|31/100\n|-damage|p1a: Corviknight|24/100|[from] Recoil\n|\n|-heal|p2a: Sinistcha|37/100|[from] item: Leftovers\n|upkeep\n|turn|8\n|\n|t:|1776183186\n|move|p2a: Sinistcha|Protect|p2a: Sinistcha\n|-singleturn|p2a: Sinistcha|Protect\n|move|p1a: Corviknight|Protect|p1a: Corviknight\n|-singleturn|p1a: Corviknight|Protect\n|move|p2b: Jolteon|Thunder|p1a: Corviknight\n|-activate|p1a: Corviknight|move: Protect\n|\n|-heal|p2a: Sinistcha|42/100|[from] item: Leftovers\n|upkeep\n|turn|9\n|\n|t:|1776183200\n|switch|p2a: Politoed|Politoed, L50, M|25/100\n|-weather|RainDance|[from] ability: Drizzle|[of] p2a: Politoed\n|move|p2b: Jolteon|Thunder|p1a: Corviknight\n|-supereffective|p1a: Corviknight|1\n|-damage|p1a: Corviknight|0 fnt\n|faint|p1a: Corviknight\n|\n|win|zCesarsub\n|l|\u2606felipe_officiale\n|player|p1|\n",
  "uploadtime": 1776183222,
  "views": 15,
  "formatid": "gen9championsvgc2026regma",
  "rating": null,
  "private": 0,
  "password": null
}