{
  "id": "gen9championsvgc2026regma-2583002901",
  "format": "[Gen 9 Champions] VGC 2026 Reg M-A",
  "players": [
    "lambda8146",
    "sabo_dark7"
  ],
  "log": "|j|\u2606lambda8146\n|j|\u2606sabo_dark7\n|t:|1776132414\n|gametype|doubles\n|player|p1|lambda8146|102|1111\n|player|p2|sabo_dark7|ethan|1033\n|gen|9\n|tier|[Gen 9 Champions] VGC 2026 Reg M-A\n|rated|\n|rule|Species Clause: Limit one of each Pok\u00e9mon\n|rule|Item Clause: Limit 1 of each item\n|clearpoke\n|poke|p1|Incineroar, L50, M|\n|poke|p1|Gengar, L50, F|\n|poke|p1|Sinistcha, L50|\n|poke|p1|Kingambit, L50, F|\n|poke|p1|Tyranitar, L50, M|\n|poke|p1|Kommo-o, L50, F|\n|poke|p2|Sylveon, L50, F|\n|poke|p2|Mimikyu, L50, M|\n|poke|p2|Gengar, L50, M|\n|poke|p2|Dragonite, L50, M|\n|poke|p2|Vaporeon, L50, M|\n|poke|p2|Charizard, L50, F|\n|teampreview|4\n|inactive|Battle timer is ON: inactive players will automatically lose when time's up. (requested by lambda8146)\n|inactive|sabo_dark7 has 60 seconds left.\n|\n|t:|1776132447\n|teamsize|p1|4\n|teamsize|p2|4\n|start\n|switch|p1a: Tyranitar|Tyranitar, L50, M|100/100\n|switch|p1b: Gengar|Gengar, L50, F|100/100\n|switch|p2a: Vaporeon|Vaporeon, L50, M|100/100\n|switch|p2b: Gengar|Gengar, L50, M|100/100\n|-weather|Sandstorm|[from] ability: Sand Stream|[of] p1a: Tyranitar\n|turn|1\n|inactive|lambda8146 has 30 seconds left.\n|\n|t:|1776132478\n|switch|p1a: Sinistcha|Sinistcha, L50|100/100\n|switch|p1b: Incineroar|Incineroar, L50, M|100/100\n|-ability|p1b: Incineroar|Intimidate|boost\n|-unboost|p2a: Vaporeon|atk|1\n|-unboost|p2b: Gengar|atk|1\n|move|p2b: Gengar|Shadow Claw|p1b: Incineroar\n|-resisted|p1b: Incineroar|1\n|-damage|p1b: Incineroar|96/100\n|move|p2a: Vaporeon|Scald|p1a: Sinistcha\n|-resisted|p1a: Sinistcha|1\n|-damage|p1a: Sinistcha|87/100\n|\n|-weather|Sandstorm|[upkeep]\n|-damage|p2b: Gengar|95/100|[from] Sandstorm\n|-damage|p1a: Sinistcha|81/100|[from] Sandstorm\n|-damage|p2a: Vaporeon|95/100|[from] Sandstorm\n|-damage|p1b: Incineroar|90/100|[from] Sandstorm\n|-heal|p2a: Vaporeon|100/100|[from] item: Leftovers\n|upkeep\n|turn|2\n|\n|t:|1776132500\n|move|p2b: Gengar|Shadow Claw|p1a: Sinistcha\n|-supereffective|p1a: Sinistcha|1\n|-damage|p1a: Sinistcha|60/100\n|move|p1a: Sinistcha|Matcha Gotcha|p2a: Vaporeon|[spread] p2a,p2b\n|-supereffective|p2a: Vaporeon|1\n|-resisted|p2b: Gengar|1\n|-damage|p2a: Vaporeon|65/100\n|-heal|p1a: Sinistcha|84/100|[from] drain|[of] p2a: Vaporeon\n|-damage|p2b: Gengar|80/100\n|-heal|p1a: Sinistcha|90/100|[from] drain|[of] p2b: Gengar\n|move|p2a: Vaporeon|Ice Beam|p1a: Sinistcha\n|-supereffective|p1a: Sinistcha|1\n|-damage|p1a: Sinistcha|49/100\n|-enditem|p1a: Sinistcha|Sitrus Berry|[eat]\n|-heal|p1a: Sinistcha|73/100|[from] item: Sitrus Berry\n|move|p1b: Incineroar|Throat Chop|p2b: Gengar\n|-supereffective|p2b: Gengar|1\n|-damage|p2b: Gengar|0 fnt\n|faint|p2b: Gengar\n|\n|-weather|Sandstorm|[upkeep]\n|-damage|p1a: Sinistcha|67/100|[from] Sandstorm\n|-damage|p2a: Vaporeon|59/100|[from] Sandstorm\n|-damage|p1b: Incineroar|84/100|[from] Sandstorm\n|-heal|p2a: Vaporeon|65/100|[from] item: Leftovers\n|upkeep\n|\n|t:|1776132515\n|switch|p2b: Charizard|Charizard, L50, F|100/100\n|turn|3\n|\n|t:|1776132529\n|switch|p1b: Tyranitar|Tyranitar, L50, M|100/100\n|detailschange|p2b: Charizard|Charizard-Mega-Y, L50, F\n|-mega|p2b: Charizard|Charizard|Charizardite Y\n|-weather|SunnyDay|[from] ability: Drought|[of] p2b: Charizard\n|move|p2b: Charizard|Protect|p2b: Charizard\n|-singleturn|p2b: Charizard|Protect\n|move|p1a: Sinistcha|Matcha Gotcha|p2a: Vaporeon|[spread] p2a\n|-activate|p2b: Charizard|move: Protect\n|-supereffective|p2a: Vaporeon|1\n|-damage|p2a: Vaporeon|32/100\n|-heal|p1a: Sinistcha|89/100|[from] drain|[of] p2a: Vaporeon\n|move|p2a: Vaporeon|Scald|p1b: Tyranitar\n|-supereffective|p1b: Tyranitar|1\n|-damage|p1b: Tyranitar|72/100\n|-status|p1b: Tyranitar|brn\n|\n|-weather|SunnyDay|[upkeep]\n|-heal|p2a: Vaporeon|38/100|[from] item: Leftovers\n|-damage|p1b: Tyranitar|66/100 brn|[from] brn\n|upkeep\n|turn|4\n|inactive|lambda8146 has 30 seconds left.\n|\n|t:|1776132560\n|switch|p1b: Incineroar|Incineroar, L50, M|84/100\n|-ability|p1b: Incineroar|Intimidate|boost\n|-unboost|p2a: Vaporeon|atk|1\n|-unboost|p2b: Charizard|atk|1\n|move|p1a: Sinistcha|Protect|p1a: Sinistcha\n|-singleturn|p1a: Sinistcha|Protect\n|move|p2b: Charizard|Solar Beam||[still]\n|-prepare|p2b: Charizard|Solar Beam\n|-anim|p2b: Charizard|Solar Beam|p1b: Incineroar\n|-resisted|p1b: Incineroar|1\n|-damage|p1b: Incineroar|64/100\n|move|p2a: Vaporeon|Ice Beam|p1a: Sinistcha\n|-activate|p1a: Sinistcha|move: Protect\n|\n|-weather|SunnyDay|[upkeep]\n|-heal|p2a: Vaporeon|44/100|[from] item: Leftovers\n|upkeep\n|turn|5\n|\n|t:|1776132577\n|move|p2a: Vaporeon|Protect|p2a: Vaporeon\n|-singleturn|p2a: Vaporeon|Protect\n|move|p1b: Incineroar|Fake Out|p2b: Charizard\n|-damage|p2b: Charizard|86/100\n|cant|p2b: Charizard|flinch\n|move|p1a: Sinistcha|Matcha Gotcha|p2a: Vaporeon|[spread] \n|-activate|p2a: Vaporeon|move: Protect\n|-miss|p1a: Sinistcha|p2b: Charizard\n|\n|-weather|SunnyDay|[upkeep]\n|-heal|p2a: Vaporeon|50/100|[from] item: Leftovers\n|upkeep\n|turn|6\n|\n|t:|1776132593\n|move|p2b: Charizard|Flamethrower|p1a: Sinistcha\n|-supereffective|p1a: Sinistcha|1\n|-damage|p1a: Sinistcha|0 fnt\n|faint|p1a: Sinistcha\n|move|p2a: Vaporeon|Wish|p2a: Vaporeon\n|move|p1b: Incineroar|Parting Shot|p2b: Charizard\n|-unboost|p2b: Charizard|atk|1\n|-unboost|p2b: Charizard|spa|1\n|\n|t:|1776132600\n|switch|p1b: Gengar|Gengar, L50, F|100/100|[from] Parting Shot\n|\n|-weather|SunnyDay|[upkeep]\n|-heal|p2a: Vaporeon|56/100|[from] item: Leftovers\n|upkeep\n|\n|t:|1776132616\n|switch|p1a: Incineroar|Incineroar, L50, M|64/100\n|-ability|p1a: Incineroar|Intimidate|boost\n|-unboost|p2a: Vaporeon|atk|1\n|-unboost|p2b: Charizard|atk|1\n|turn|7\n|\n|t:|1776132628\n|detailschange|p1b: Gengar|Gengar-Mega, L50, F\n|-mega|p1b: Gengar|Gengar|Gengarite\n|move|p1a: Incineroar|Fake Out|p2b: Charizard\n|-damage|p2b: Charizard|71/100\n|move|p1b: Gengar|Substitute|p1b: Gengar\n|-start|p1b: Gengar|Substitute\n|-damage|p1b: Gengar|76/100\n|cant|p2b: Charizard|flinch\n|move|p2a: Vaporeon|Scald|p1a: Incineroar\n|-supereffective|p1a: Incineroar|1\n|-damage|p1a: Incineroar|42/100\n|\n|-weather|none\n|-heal|p2a: Vaporeon|100/100|[from] move: Wish|[wisher] Vaporeon\n|upkeep\n|turn|8\n|\n|t:|1776132645\n|move|p2b: Charizard|Protect|p2b: Charizard\n|-singleturn|p2b: Charizard|Protect\n|move|p2a: Vaporeon|Protect|p2a: Vaporeon\n|-singleturn|p2a: Vaporeon|Protect\n|move|p1b: Gengar|Shadow Ball|p2b: Charizard\n|-activate|p2b: Charizard|move: Protect\n|move|p1a: Incineroar|Throat Chop|p2a: Vaporeon\n|-activate|p2a: Vaporeon|move: Protect\n|\n|upkeep\n|turn|9\n|\n|t:|1776132655\n|move|p2b: Charizard|Protect|p2b: Charizard\n|-singleturn|p2b: Charizard|Protect\n|move|p1b: Gengar|Shadow Ball|p2b: Charizard\n|-activate|p2b: Charizard|move: Protect\n|move|p2a: Vaporeon|Scald|p1a: Incineroar\n|-supereffective|p1a: Incineroar|1\n|-damage|p1a: Incineroar|0 fnt\n|faint|p1a: Incineroar\n|\n|upkeep\n|\n|t:|1776132660\n|switch|p1a: Tyranitar|Tyranitar, L50, M|66/100 brn\n|-weather|Sandstorm|[from] ability: Sand Stream|[of] p1a: Tyranitar\n|turn|10\n|\n|t:|1776132670\n|move|p2b: Charizard|Protect||[still]\n|-fail|p2b: Charizard\n|move|p1b: Gengar|Shadow Ball|p2b: Charizard\n|-damage|p2b: Charizard|32/100\n|-unboost|p2b: Charizard|spd|1\n|move|p1a: Tyranitar|Rock Slide|p2b: Charizard|[spread] p2b\n|-miss|p1a: Tyranitar|p2a: Vaporeon\n|-supereffective|p2b: Charizard|2\n|-damage|p2b: Charizard|0 fnt\n|faint|p2b: Charizard\n|move|p2a: Vaporeon|Ice Beam|p1a: Tyranitar\n|-damage|p1a: Tyranitar|50/100 brn\n|\n|-weather|Sandstorm|[upkeep]\n|-damage|p1b: Gengar|70/100|[from] Sandstorm\n|-damage|p2a: Vaporeon|95/100|[from] Sandstorm\n|-heal|p2a: Vaporeon|100/100|[from] item: Leftovers\n|-damage|p1a: Tyranitar|44/100 brn|[from] brn\n|upkeep\n|\n|t:|1776132681\n|switch|p2b: Dragonite|Dragonite, L50, M|100/100\n|turn|11\n|\n|t:|1776132695\n|move|p1b: Gengar|Shadow Ball|p2b: Dragonite\n|-damage|p2b: Dragonite|64/100\n|move|p1a: Tyranitar|Rock Slide|p2b: Dragonite|[spread] p2a,p2b\n|-supereffective|p2b: Dragonite|1\n|-damage|p2a: Vaporeon|86/100\n|-damage|p2b: Dragonite|32/100\n|move|p2b: Dragonite|Outrage|p1a: Tyranitar\n|-damage|p1a: Tyranitar|0 fnt\n|faint|p1a: Tyranitar\n|move|p2a: Vaporeon|Scald|p1b: Gengar\n|-end|p1b: Gengar|Substitute\n|\n|-weather|Sandstorm|[upkeep]\n|-damage|p1b: Gengar|64/100|[from] Sandstorm\n|-damage|p2b: Dragonite|26/100|[from] Sandstorm\n|-damage|p2a: Vaporeon|80/100|[from] Sandstorm\n|-heal|p2a: Vaporeon|86/100|[from] item: Leftovers\n|upkeep\n|turn|12\n|\n|t:|1776132717\n|move|p1b: Gengar|Shadow Ball|p2b: Dragonite\n|-damage|p2b: Dragonite|0 fnt\n|faint|p2b: Dragonite\n|move|p2a: Vaporeon|Ice Beam|p1b: Gengar\n|-damage|p1b: Gengar|38/100\n|\n|-weather|Sandstorm|[upkeep]\n|-damage|p1b: Gengar|32/100|[from] Sandstorm\n|-damage|p2a: Vaporeon|80/100|[from] Sandstorm\n|-heal|p2a: Vaporeon|86/100|[from] item: Leftovers\n|upkeep\n|turn|13\n|\n|t:|1776132727\n|move|p1b: Gengar|Shadow Ball|p2a: Vaporeon\n|-damage|p2a: Vaporeon|57/100\n|-unboost|p2a: Vaporeon|spd|1\n|move|p2a: Vaporeon|Ice Beam|p1b: Gengar\n|-damage|p1b: Gengar|8/100\n|\n|-weather|Sandstorm|[upkeep]\n|-damage|p1b: Gengar|2/100|[from] Sandstorm\n|-damage|p2a: Vaporeon|52/100|[from] Sandstorm\n|-heal|p2a: Vaporeon|57/100|[from] item: Leftovers\n|upkeep\n|turn|14\n|c|\u2606lambda8146|gg\n|inactive|lambda8146 has 30 seconds left.\n|\n|t:|1776132756\n|move|p1b: Gengar|Shadow Ball|p2a: Vaporeon\n|-damage|p2a: Vaporeon|15/100\n|move|p2a: Vaporeon|Ice Beam|p1b: Gengar\n|-damage|p1b: Gengar|0 fnt\n|faint|p1b: Gengar\n|\n|win|sabo_dark7\n|raw|lambda8146's rating: 1111 &rarr; <strong>1080</strong><br />(-31 for losing)\n|raw|sabo_dark7's rating: 1033 &rarr; <strong>1076</strong><br />(+43 for winning)\n|l|\u2606lambda8146\n|player|p1|\n",
  "uploadtime": 1776132769,
  "views": 15,
  "formatid": "gen9championsvgc2026regma",
  "rating": 1076,
  "private": 0,
  "password": null
}