{
  "id": "gen9championsvgc2026regma-2580753156",
  "format": "[Gen 9 Champions] VGC 2026 Reg M-A",
  "players": [
    "fuzzdawg",
    "Jeystar"
  ],
  "log": "|j|\u2606fuzzdawg\n|j|\u2606Jeystar\n|t:|1775929666\n|gametype|doubles\n|player|p1|fuzzdawg|ghetsis|1129\n|player|p2|Jeystar|shadowtriad|1096\n|gen|9\n|tier|[Gen 9 Champions] VGC 2026 Reg M-A\n|rated|\n|rule|Species Clause: Limit one of each Pok\u00e9mon\n|rule|Item Clause: Limit 1 of each item\n|clearpoke\n|poke|p1|Conkeldurr, L50, F|\n|poke|p1|Tyranitar, L50, M|\n|poke|p1|Rotom-Wash, L50|\n|poke|p1|Incineroar, L50, F|\n|poke|p1|Reuniclus, L50, F|\n|poke|p1|Sinistcha, L50|\n|poke|p2|Tyranitar, L50, M|\n|poke|p2|Corviknight, L50, M|\n|poke|p2|Primarina, L50, F|\n|poke|p2|Incineroar, L50, M|\n|poke|p2|Excadrill, L50, M|\n|poke|p2|Sinistcha, L50|\n|teampreview|4\n|\n|t:|1775929709\n|teamsize|p1|4\n|teamsize|p2|4\n|start\n|switch|p1a: The Tea|Sinistcha, L50|100/100\n|switch|p1b: Gummy|Reuniclus, L50, F|100/100\n|switch|p2a: RAWR XD|Tyranitar, L50, M, shiny|100/100\n|switch|p2b: HOME DEPOT WORKER|Excadrill, L50, M, shiny|100/100\n|-weather|Sandstorm|[from] ability: Sand Stream|[of] p2a: RAWR XD\n|turn|1\n|\n|t:|1775929742\n|switch|p1a: Glue Eater|Incineroar, L50, F|100/100\n|-ability|p1a: Glue Eater|Intimidate|boost\n|-unboost|p2a: RAWR XD|atk|1\n|-unboost|p2b: HOME DEPOT WORKER|atk|1\n|detailschange|p2a: RAWR XD|Tyranitar-Mega, L50, M, shiny\n|-mega|p2a: RAWR XD|Tyranitar|Tyranitarite\n|move|p2b: HOME DEPOT WORKER|Protect|p2b: HOME DEPOT WORKER\n|-singleturn|p2b: HOME DEPOT WORKER|Protect\n|move|p2a: RAWR XD|Crunch|p1b: Gummy\n|-supereffective|p1b: Gummy|1\n|-damage|p1b: Gummy|29/100\n|move|p1b: Gummy|Trick Room|p1b: Gummy\n|-fieldstart|move: Trick Room|[of] p1b: Gummy\n|\n|-weather|Sandstorm|[upkeep]\n|-damage|p1a: Glue Eater|95/100|[from] Sandstorm\n|upkeep\n|turn|2\n|inactive|Battle timer is ON: inactive players will automatically lose when time's up. (requested by Jeystar)\n|\n|t:|1775929761\n|move|p1b: Gummy|Focus Blast|p2b: HOME DEPOT WORKER|[miss]\n|-miss|p1b: Gummy|p2b: HOME DEPOT WORKER\n|move|p1a: Glue Eater|Parting Shot|p2a: RAWR XD\n|-unboost|p2a: RAWR XD|atk|1\n|-unboost|p2a: RAWR XD|spa|1\n|\n|t:|1775929767\n|switch|p1a: The Tea|Sinistcha, L50|100/100|[from] Parting Shot\n|-heal|p1b: Gummy|53/100|[from] ability: Hospitality|[of] p1a: The Tea\n|move|p2a: RAWR XD|Rock Slide|p1b: Gummy|[spread] p1b\n|-miss|p2a: RAWR XD|p1a: The Tea\n|-damage|p1b: Gummy|36/100\n|move|p2b: HOME DEPOT WORKER|High Horsepower|p1a: The Tea\n|-resisted|p1a: The Tea|1\n|-damage|p1a: The Tea|82/100\n|\n|-weather|Sandstorm|[upkeep]\n|-damage|p1a: The Tea|76/100|[from] Sandstorm\n|upkeep\n|turn|3\n|\n|t:|1775929785\n|switch|p1b: Glue Eater|Incineroar, L50, F|95/100\n|-ability|p1b: Glue Eater|Intimidate|boost\n|-unboost|p2a: RAWR XD|atk|1\n|-unboost|p2b: HOME DEPOT WORKER|atk|1\n|switch|p2a: SKARMORY LIL CUZ|Corviknight, L50, M|100/100\n|-ability|p2a: SKARMORY LIL CUZ|Pressure\n|switch|p2b: OLIVA RODRIGO|Primarina, L50, F|100/100\n|move|p1a: The Tea|Matcha Gotcha|p2a: SKARMORY LIL CUZ|[spread] p2b\n|-miss|p1a: The Tea|p2a: SKARMORY LIL CUZ\n|-supereffective|p2b: OLIVA RODRIGO|1\n|-damage|p2b: OLIVA RODRIGO|40/100\n|-heal|p1a: The Tea|100/100|[from] drain|[of] p2b: OLIVA RODRIGO\n|\n|-weather|Sandstorm|[upkeep]\n|-damage|p1b: Glue Eater|89/100|[from] Sandstorm\n|-damage|p1a: The Tea|94/100|[from] Sandstorm\n|-damage|p2b: OLIVA RODRIGO|34/100|[from] Sandstorm\n|upkeep\n|turn|4\n|\n|t:|1775929807\n|move|p1b: Glue Eater|Parting Shot|p2a: SKARMORY LIL CUZ\n|-unboost|p2a: SKARMORY LIL CUZ|atk|1\n|-unboost|p2a: SKARMORY LIL CUZ|spa|1\n|\n|t:|1775929810\n|switch|p1b: WashMyBelly|Rotom-Wash, L50|100/100|[from] Parting Shot\n|move|p1a: The Tea|Matcha Gotcha|p2a: SKARMORY LIL CUZ|[spread] p2a,p2b\n|-resisted|p2a: SKARMORY LIL CUZ|2\n|-supereffective|p2b: OLIVA RODRIGO|1\n|-damage|p2a: SKARMORY LIL CUZ|93/100\n|-heal|p1a: The Tea|99/100|[from] drain|[of] p2a: SKARMORY LIL CUZ\n|-damage|p2b: OLIVA RODRIGO|0 fnt\n|-heal|p1a: The Tea|100/100|[from] drain|[of] p2b: OLIVA RODRIGO\n|-status|p2a: SKARMORY LIL CUZ|brn\n|faint|p2b: OLIVA RODRIGO\n|move|p2a: SKARMORY LIL CUZ|Brave Bird|p1a: The Tea\n|-supereffective|p1a: The Tea|1\n|-damage|p1a: The Tea|75/100\n|-damage|p2a: SKARMORY LIL CUZ|86/100 brn|[from] Recoil\n|\n|-weather|Sandstorm|[upkeep]\n|-damage|p1a: The Tea|69/100|[from] Sandstorm\n|-damage|p1b: WashMyBelly|95/100|[from] Sandstorm\n|-heal|p2a: SKARMORY LIL CUZ|92/100 brn|[from] item: Leftovers\n|-damage|p2a: SKARMORY LIL CUZ|86/100 brn|[from] brn\n|upkeep\n|\n|t:|1775929825\n|switch|p2b: HOME DEPOT WORKER|Excadrill, L50, M, shiny|100/100\n|turn|5\n|\n|t:|1775929842\n|switch|p1a: Glue Eater|Incineroar, L50, F|89/100\n|-ability|p1a: Glue Eater|Intimidate|boost\n|-unboost|p2a: SKARMORY LIL CUZ|atk|1\n|-unboost|p2b: HOME DEPOT WORKER|atk|1\n|move|p2b: HOME DEPOT WORKER|Protect|p2b: HOME DEPOT WORKER\n|-singleturn|p2b: HOME DEPOT WORKER|Protect\n|move|p2a: SKARMORY LIL CUZ|Tailwind|p2a: SKARMORY LIL CUZ\n|-sidestart|p2: Jeystar|move: Tailwind\n|move|p1b: WashMyBelly|Hydro Pump|p2b: HOME DEPOT WORKER\n|-activate|p2b: HOME DEPOT WORKER|move: Protect\n|\n|-weather|none\n|-heal|p2a: SKARMORY LIL CUZ|92/100 brn|[from] item: Leftovers\n|-damage|p2a: SKARMORY LIL CUZ|86/100 brn|[from] brn\n|-fieldend|move: Trick Room\n|upkeep\n|turn|6\n|\n|t:|1775929865\n|switch|p2a: RAWR XD|Tyranitar-Mega, L50, M, shiny|100/100\n|-weather|Sandstorm|[from] ability: Sand Stream|[of] p2a: RAWR XD\n|move|p2b: HOME DEPOT WORKER|High Horsepower|p1a: Glue Eater\n|-supereffective|p1a: Glue Eater|1\n|-damage|p1a: Glue Eater|32/100\n|-enditem|p1a: Glue Eater|Sitrus Berry|[eat]\n|-heal|p1a: Glue Eater|57/100|[from] item: Sitrus Berry\n|move|p1b: WashMyBelly|Thunderbolt|p2a: RAWR XD\n|-damage|p2a: RAWR XD|80/100\n|move|p1a: Glue Eater|Parting Shot|p2b: HOME DEPOT WORKER\n|-unboost|p2b: HOME DEPOT WORKER|atk|1\n|-unboost|p2b: HOME DEPOT WORKER|spa|1\n|\n|t:|1775929881\n|switch|p1a: Gummy|Reuniclus, L50, F|36/100|[from] Parting Shot\n|\n|-weather|Sandstorm|[upkeep]\n|-damage|p1b: WashMyBelly|89/100|[from] Sandstorm\n|upkeep\n|turn|7\n|\n|t:|1775929898\n|switch|p1b: The Tea|Sinistcha, L50|69/100\n|-heal|p1a: Gummy|60/100|[from] ability: Hospitality|[of] p1b: The Tea\n|switch|p1a: Glue Eater|Incineroar, L50, F|57/100\n|-ability|p1a: Glue Eater|Intimidate|boost\n|-unboost|p2a: RAWR XD|atk|1\n|-unboost|p2b: HOME DEPOT WORKER|atk|1\n|move|p2b: HOME DEPOT WORKER|Iron Head|p1a: Glue Eater\n|-resisted|p1a: Glue Eater|1\n|-damage|p1a: Glue Eater|50/100\n|move|p2a: RAWR XD|Rock Slide|p1a: Glue Eater|[spread] p1b\n|-miss|p2a: RAWR XD|p1a: Glue Eater\n|-damage|p1b: The Tea|45/100\n|\n|-weather|Sandstorm|[upkeep]\n|-damage|p1b: The Tea|39/100|[from] Sandstorm\n|-damage|p1a: Glue Eater|44/100|[from] Sandstorm\n|upkeep\n|turn|8\n|\n|t:|1775929921\n|move|p1a: Glue Eater|Fake Out|p2a: RAWR XD\n|-resisted|p2a: RAWR XD|1\n|-damage|p2a: RAWR XD|77/100\n|move|p2b: HOME DEPOT WORKER|High Horsepower|p1a: Glue Eater|[miss]\n|-miss|p2b: HOME DEPOT WORKER|p1a: Glue Eater\n|cant|p2a: RAWR XD|flinch\n|move|p1b: The Tea|Strength Sap|p2b: HOME DEPOT WORKER\n|-unboost|p2b: HOME DEPOT WORKER|atk|1\n|-heal|p1b: The Tea|85/100\n|\n|-weather|Sandstorm|[upkeep]\n|-damage|p1b: The Tea|79/100|[from] Sandstorm\n|-damage|p1a: Glue Eater|38/100|[from] Sandstorm\n|-sideend|p2: Jeystar|move: Tailwind\n|upkeep\n|turn|9\n|\n|t:|1775929942\n|switch|p2b: SKARMORY LIL CUZ|Corviknight, L50, M|86/100 brn\n|-ability|p2b: SKARMORY LIL CUZ|Pressure\n|move|p2a: RAWR XD|Crunch|p1b: The Tea\n|-supereffective|p1b: The Tea|1\n|-damage|p1b: The Tea|14/100\n|-unboost|p1b: The Tea|def|1\n|move|p1b: The Tea|Strength Sap|p2a: RAWR XD\n|-unboost|p2a: RAWR XD|atk|1\n|-heal|p1b: The Tea|95/100\n|move|p1a: Glue Eater|Parting Shot|p2a: RAWR XD\n|-unboost|p2a: RAWR XD|atk|1\n|-unboost|p2a: RAWR XD|spa|1\n|\n|t:|1775929955\n|switch|p1a: Gummy|Reuniclus, L50, F|60/100|[from] Parting Shot\n|\n|-weather|Sandstorm|[upkeep]\n|-damage|p1b: The Tea|89/100|[from] Sandstorm\n|-heal|p2b: SKARMORY LIL CUZ|92/100 brn|[from] item: Leftovers\n|-damage|p2b: SKARMORY LIL CUZ|86/100 brn|[from] brn\n|upkeep\n|turn|10\n|\n|t:|1775929969\n|switch|p1b: Glue Eater|Incineroar, L50, F|38/100\n|-ability|p1b: Glue Eater|Intimidate|boost\n|-unboost|p2a: RAWR XD|atk|1\n|-unboost|p2b: SKARMORY LIL CUZ|atk|1\n|move|p2a: RAWR XD|Crunch|p1a: Gummy\n|-supereffective|p1a: Gummy|1\n|-damage|p1a: Gummy|24/100\n|move|p2b: SKARMORY LIL CUZ|Brave Bird|p1a: Gummy\n|-damage|p1a: Gummy|12/100\n|-damage|p2b: SKARMORY LIL CUZ|81/100 brn|[from] Recoil\n|move|p1a: Gummy|Trick Room|p1a: Gummy\n|-fieldstart|move: Trick Room|[of] p1a: Gummy\n|\n|-weather|none\n|-heal|p2b: SKARMORY LIL CUZ|87/100 brn|[from] item: Leftovers\n|-damage|p2b: SKARMORY LIL CUZ|81/100 brn|[from] brn\n|upkeep\n|turn|11\n|\n|t:|1775929989\n|switch|p1b: The Tea|Sinistcha, L50|89/100\n|-heal|p1a: Gummy|36/100|[from] ability: Hospitality|[of] p1b: The Tea\n|move|p1a: Gummy|Focus Blast|p2a: RAWR XD|[miss]\n|-miss|p1a: Gummy|p2a: RAWR XD\n|move|p2b: SKARMORY LIL CUZ|Brave Bird|p1a: Gummy\n|-damage|p1a: Gummy|22/100\n|-damage|p2b: SKARMORY LIL CUZ|76/100 brn|[from] Recoil\n|move|p2a: RAWR XD|Rock Slide|p1b: The Tea|[spread] p1a,p1b\n|-damage|p1a: Gummy|10/100\n|-damage|p1b: The Tea|77/100\n|\n|-heal|p2b: SKARMORY LIL CUZ|82/100 brn|[from] item: Leftovers\n|-damage|p2b: SKARMORY LIL CUZ|76/100 brn|[from] brn\n|upkeep\n|turn|12\n|\n|t:|1775930007\n|move|p1a: Gummy|Thunder|p2b: SKARMORY LIL CUZ|[miss]\n|-miss|p1a: Gummy|p2b: SKARMORY LIL CUZ\n|move|p1b: The Tea|Matcha Gotcha|p2a: RAWR XD|[spread] p2a,p2b\n|-supereffective|p2a: RAWR XD|1\n|-resisted|p2b: SKARMORY LIL CUZ|2\n|-damage|p2a: RAWR XD|24/100\n|-heal|p1b: The Tea|100/100|[from] drain|[of] p2a: RAWR XD\n|-damage|p2b: SKARMORY LIL CUZ|68/100 brn\n|move|p2b: SKARMORY LIL CUZ|Brave Bird|p1b: The Tea\n|-supereffective|p1b: The Tea|1\n|-damage|p1b: The Tea|73/100\n|-damage|p2b: SKARMORY LIL CUZ|60/100 brn|[from] Recoil\n|move|p2a: RAWR XD|Crunch|p1b: The Tea\n|-supereffective|p1b: The Tea|1\n|-damage|p1b: The Tea|38/100\n|-unboost|p1b: The Tea|def|1\n|\n|-heal|p2b: SKARMORY LIL CUZ|66/100 brn|[from] item: Leftovers\n|-damage|p2b: SKARMORY LIL CUZ|60/100 brn|[from] brn\n|upkeep\n|turn|13\n|inactive|fuzzdawg has 30 seconds left.\n|\n|t:|1775930041\n|switch|p1a: WashMyBelly|Rotom-Wash, L50|89/100\n|switch|p2b: HOME DEPOT WORKER|Excadrill, L50, M, shiny|100/100\n|move|p1b: The Tea|Matcha Gotcha|p2a: RAWR XD|[spread] p2a,p2b\n|-supereffective|p2a: RAWR XD|1\n|-damage|p2a: RAWR XD|0 fnt\n|-heal|p1b: The Tea|52/100|[from] drain|[of] p2a: RAWR XD\n|-damage|p2b: HOME DEPOT WORKER|54/100\n|-heal|p1b: The Tea|77/100|[from] drain|[of] p2b: HOME DEPOT WORKER\n|faint|p2a: RAWR XD\n|\n|upkeep\n|\n|t:|1775930055\n|switch|p2a: SKARMORY LIL CUZ|Corviknight, L50, M|60/100 brn\n|-ability|p2a: SKARMORY LIL CUZ|Pressure\n|turn|14\n|\n|t:|1775930066\n|move|p1b: The Tea|Strength Sap|p2a: SKARMORY LIL CUZ\n|-unboost|p2a: SKARMORY LIL CUZ|atk|1\n|-heal|p1b: The Tea|100/100\n|move|p2a: SKARMORY LIL CUZ|Tailwind|p2a: SKARMORY LIL CUZ\n|-sidestart|p2: Jeystar|move: Tailwind\n|move|p1a: WashMyBelly|Volt Switch|p2a: SKARMORY LIL CUZ\n|-supereffective|p2a: SKARMORY LIL CUZ|1\n|-damage|p2a: SKARMORY LIL CUZ|0 fnt\n|faint|p2a: SKARMORY LIL CUZ\n|\n|t:|1775930076\n|switch|p1a: Glue Eater|Incineroar, L50, F|38/100|[from] Volt Switch\n|-ability|p1a: Glue Eater|Intimidate|boost\n|-unboost|p2b: HOME DEPOT WORKER|atk|1\n|move|p2b: HOME DEPOT WORKER|Iron Head|p1b: The Tea\n|-damage|p1b: The Tea|58/100\n|\n|-fieldend|move: Trick Room\n|upkeep\n|turn|15\n|\n|t:|1775930088\n|move|p1a: Glue Eater|Fake Out|p2b: HOME DEPOT WORKER\n|-resisted|p2b: HOME DEPOT WORKER|1\n|-damage|p2b: HOME DEPOT WORKER|47/100\n|cant|p2b: HOME DEPOT WORKER|flinch\n|move|p1b: The Tea|Matcha Gotcha|p2b: HOME DEPOT WORKER\n|-damage|p2b: HOME DEPOT WORKER|0 fnt\n|-heal|p1b: The Tea|83/100|[from] drain|[of] p2b: HOME DEPOT WORKER\n|faint|p2b: HOME DEPOT WORKER\n|\n|win|fuzzdawg\n|raw|fuzzdawg's rating: 1129 &rarr; <strong>1152</strong><br />(+23 for winning)\n|raw|Jeystar's rating: 1096 &rarr; <strong>1074</strong><br />(-22 for losing)\n|l|\u2606Jeystar\n|player|p2|\n",
  "uploadtime": 1775930123,
  "views": 12,
  "formatid": "gen9championsvgc2026regma",
  "rating": 1074,
  "private": 0,
  "password": null
}