{
  "id": "gen9championsvgc2026regma-2589441948",
  "format": "[Gen 9 Champions] VGC 2026 Reg M-A",
  "players": [
    "testingtesting101",
    "dannyboy2000"
  ],
  "log": "|j|\u2606testingtesting101\n|j|\u2606dannyboy2000\n|t:|1776723281\n|gametype|doubles\n|player|p1|testingtesting101|buck|\n|player|p2|dannyboy2000|170|\n|gen|9\n|tier|[Gen 9 Champions] VGC 2026 Reg M-A\n|rated|Tournament battle\n|rule|Species Clause: Limit one of each Pok\u00e9mon\n|rule|Item Clause: Limit 1 of each item\n|clearpoke\n|poke|p1|Greninja, L50, M|\n|poke|p1|Politoed, L50, M|\n|poke|p1|Basculegion, L50, M|\n|poke|p1|Lucario, L50, M|\n|poke|p1|Sinistcha, L50|\n|poke|p1|Toxicroak, L50, M|\n|poke|p2|Rotom-Wash, L50, shiny|\n|poke|p2|Garchomp, L50, F, shiny|\n|poke|p2|Delphox, L50, F, shiny|\n|poke|p2|Sneasler, L50, M|\n|poke|p2|Tyranitar, L50, F|\n|poke|p2|Corviknight, L50, M, shiny|\n|teampreview|4\n|inactive|Battle timer is ON: inactive players will automatically lose when time's up. (requested by dannyboy2000)\ntestingtesting101 rejected open team sheets.\n|inactive|dannyboy2000 has 60 seconds left.\n|\n|t:|1776723314\n|teamsize|p1|4\n|teamsize|p2|4\n|start\n|switch|p1a: Greninja|Greninja, L50, M|100/100\n|switch|p1b: Sinistcha|Sinistcha, L50|100/100\n|switch|p2a: Rotom|Rotom-Wash, L50, shiny|100/100\n|switch|p2b: Corviknight|Corviknight, L50, M, shiny|100/100\n|turn|1\n|\n|t:|1776723332\n|move|p1a: Greninja|Protect|p1a: Greninja\n|-start|p1a: Greninja|typechange|Normal|[from] ability: Protean\n|-singleturn|p1a: Greninja|Protect\n|move|p2a: Rotom|Electroweb|p1a: Greninja|[spread] p1b\n|-activate|p1a: Greninja|move: Protect\n|-resisted|p1b: Sinistcha|1\n|-crit|p1b: Sinistcha\n|-damage|p1b: Sinistcha|81/100\n|-unboost|p1b: Sinistcha|spe|1\n|move|p2b: Corviknight|Brave Bird|p1b: Sinistcha\n|-supereffective|p1b: Sinistcha|1\n|-damage|p1b: Sinistcha|13/100\n|-damage|p2b: Corviknight|81/100|[from] Recoil\n|move|p1b: Sinistcha|Matcha Gotcha|p2b: Corviknight|[spread] p2a,p2b\n|-supereffective|p2a: Rotom|1\n|-resisted|p2b: Corviknight|2\n|-damage|p2a: Rotom|34/100\n|-heal|p1b: Sinistcha|36/100|[from] drain|[of] p2a: Rotom\n|-damage|p2b: Corviknight|75/100\n|-heal|p1b: Sinistcha|40/100|[from] drain|[of] p2b: Corviknight\n|\n|-heal|p1b: Sinistcha|46/100|[from] item: Leftovers\n|upkeep\n|turn|2\n|inactive|testingtesting101 has 30 seconds left.\n|inactive|dannyboy2000 has 30 seconds left.\n|\n|t:|1776723359\n|detailschange|p1a: Greninja|Greninja-Mega, L50, M\n|-mega|p1a: Greninja|Greninja|Greninjite\n|move|p1b: Sinistcha|Protect|p1b: Sinistcha\n|-singleturn|p1b: Sinistcha|Protect\n|move|p1a: Greninja|Dark Pulse|p2a: Rotom\n|-start|p1a: Greninja|typechange|Dark|[from] ability: Protean\n|-damage|p2a: Rotom|0 fnt\n|faint|p2a: Rotom\n|move|p2b: Corviknight|Brave Bird|p1b: Sinistcha\n|-activate|p1b: Sinistcha|move: Protect\n|\n|-heal|p1b: Sinistcha|52/100|[from] item: Leftovers\n|upkeep\n|\n|t:|1776723369\n|switch|p2a: Garchomp|Garchomp, L50, F, shiny|100/100\n|turn|3\n|\n|t:|1776723385\n|move|p1b: Sinistcha|Rage Powder|p1b: Sinistcha\n|-singleturn|p1b: Sinistcha|move: Rage Powder\n|move|p1a: Greninja|Ice Beam|p2a: Garchomp\n|-supereffective|p2a: Garchomp|2\n|-crit|p2a: Garchomp\n|-damage|p2a: Garchomp|0 fnt\n|faint|p2a: Garchomp\n|move|p2b: Corviknight|Tailwind|p2b: Corviknight\n|-sidestart|p2: dannyboy2000|move: Tailwind\n|\n|-heal|p1b: Sinistcha|58/100|[from] item: Leftovers\n|upkeep\n|\n|t:|1776723394\n|switch|p2a: Tyranitar|Tyranitar, L50, F|100/100\n|-weather|Sandstorm|[from] ability: Sand Stream|[of] p2a: Tyranitar\n|turn|4\n|j| tarsierfan\n|\n|t:|1776723413\n|detailschange|p2a: Tyranitar|Tyranitar-Mega, L50, F\n|-mega|p2a: Tyranitar|Tyranitar|Tyranitarite\n|move|p1a: Greninja|Protect|p1a: Greninja\n|-singleturn|p1a: Greninja|Protect\n|move|p1b: Sinistcha|Protect|p1b: Sinistcha\n|-singleturn|p1b: Sinistcha|Protect\n|move|p2a: Tyranitar|Rock Slide|p1a: Greninja|[spread] \n|-activate|p1a: Greninja|move: Protect\n|-activate|p1b: Sinistcha|move: Protect\n|move|p2b: Corviknight|Brave Bird|p1b: Sinistcha\n|-activate|p1b: Sinistcha|move: Protect\n|\n|-weather|Sandstorm|[upkeep]\n|-damage|p1a: Greninja|94/100|[from] Sandstorm\n|-damage|p1b: Sinistcha|52/100|[from] Sandstorm\n|-heal|p1b: Sinistcha|58/100|[from] item: Leftovers\n|upkeep\n|turn|5\n|\n|t:|1776723432\n|switch|p1a: Basculegion|Basculegion, L50, M|100/100\n|move|p1b: Sinistcha|Rage Powder|p1b: Sinistcha\n|-singleturn|p1b: Sinistcha|move: Rage Powder\n|move|p2a: Tyranitar|Rock Slide|p1b: Sinistcha|[spread] p1a,p1b\n|-damage|p1a: Basculegion|58/100\n|-damage|p1b: Sinistcha|34/100\n|move|p2b: Corviknight|Brave Bird|p1b: Sinistcha\n|-supereffective|p1b: Sinistcha|1\n|-damage|p1b: Sinistcha|0 fnt\n|faint|p1b: Sinistcha\n|-damage|p2b: Corviknight|65/100|[from] Recoil\n|\n|-weather|Sandstorm|[upkeep]\n|-damage|p1a: Basculegion|52/100|[from] Sandstorm\n|upkeep\n|j| Flarchangel\n|\n|t:|1776723438\n|switch|p1b: Politoed|Politoed, L50, M|100/100\n|-weather|RainDance|[from] ability: Drizzle|[of] p1b: Politoed\n|turn|6\n|\n|t:|1776723453\n|move|p1a: Basculegion|Wave Crash|p2b: Corviknight\n|-damage|p2b: Corviknight|0 fnt\n|faint|p2b: Corviknight\n|-damage|p1a: Basculegion|29/100|[from] Recoil\n|move|p2a: Tyranitar|Crunch|p1a: Basculegion\n|-supereffective|p1a: Basculegion|1\n|-damage|p1a: Basculegion|0 fnt\n|faint|p1a: Basculegion\n|move|p1b: Politoed|Weather Ball|p2a: Tyranitar\n|-supereffective|p2a: Tyranitar|1\n|-damage|p2a: Tyranitar|18/100\n|\n|-weather|RainDance|[upkeep]\n|-sideend|p2: dannyboy2000|move: Tailwind\n|upkeep\n|\n|t:|1776723457\n|switch|p1a: Greninja|Greninja-Mega, L50, M|94/100\n|turn|7\n|c|\u2606testingtesting101|Gg\n|\n|t:|1776723469\n|move|p2a: Tyranitar|Protect|p2a: Tyranitar\n|-singleturn|p2a: Tyranitar|Protect\n|move|p1a: Greninja|Surf|p2a: Tyranitar|[spread] p1b\n|-start|p1a: Greninja|typechange|Water|[from] ability: Protean\n|-activate|p2a: Tyranitar|move: Protect\n|-resisted|p1b: Politoed|1\n|-damage|p1b: Politoed|82/100\n|move|p1b: Politoed|Weather Ball|p2a: Tyranitar\n|-activate|p2a: Tyranitar|move: Protect\n|\n|-weather|RainDance|[upkeep]\n|upkeep\n|turn|8\n|l| tarsierfan\n|\n|t:|1776723480\n|move|p2a: Tyranitar|Protect||[still]\n|-fail|p2a: Tyranitar\n|move|p1a: Greninja|Surf|p2a: Tyranitar|[spread] p1b,p2a\n|-resisted|p1b: Politoed|1\n|-supereffective|p2a: Tyranitar|1\n|-damage|p1b: Politoed|64/100\n|-damage|p2a: Tyranitar|0 fnt\n|faint|p2a: Tyranitar\n|\n|win|testingtesting101\n|n|\u2606testingtesting101|testingtesting101\n|n|\u2606dannyboy2000|dannyboy2000\n|n| Flarchangel|flarchangel\n|l|\u2606dannyboy2000\n|player|p2|\n",
  "uploadtime": 1776723485,
  "views": 4,
  "formatid": "gen9championsvgc2026regma",
  "rating": null,
  "private": 0,
  "password": null
}