{
  "id": "gen9championsvgc2026regma-2581869643",
  "format": "[Gen 9 Champions] VGC 2026 Reg M-A",
  "players": [
    "The ShimonMaster",
    "pokepeiff"
  ],
  "log": "|j|\u2606The ShimonMaster\n|j|\u2606pokepeiff\n|t:|1776035283\n|gametype|doubles\n|player|p1|The ShimonMaster|ingo|1166\n|player|p2|pokepeiff|li|1165\n|gen|9\n|tier|[Gen 9 Champions] VGC 2026 Reg M-A\n|rated|\n|rule|Species Clause: Limit one of each Pok\u00e9mon\n|rule|Item Clause: Limit 1 of each item\n|clearpoke\n|poke|p1|Froslass, L50, F|\n|poke|p1|Orthworm, L50, M|\n|poke|p1|Incineroar, L50, M|\n|poke|p1|Rotom-Wash, L50|\n|poke|p1|Aerodactyl, L50, M|\n|poke|p1|Floette-Eternal, L50, F|\n|poke|p2|Tyranitar, L50, F|\n|poke|p2|Aerodactyl, L50, F|\n|poke|p2|Excadrill, L50, M|\n|poke|p2|Garchomp, L50, M|\n|poke|p2|Heliolisk, L50, M|\n|poke|p2|Orthworm, L50, M|\n|teampreview|4\n|inactive|Battle timer is ON: inactive players will automatically lose when time's up. (requested by pokepeiff)\n|inactive|The ShimonMaster has 60 seconds left.\n|inactive|pokepeiff has 60 seconds left.\n|\n|t:|1776035329\n|teamsize|p1|4\n|teamsize|p2|4\n|start\n|switch|p1a: Aerodactyl|Aerodactyl, L50, M|100/100\n|switch|p1b: Rotom|Rotom-Wash, L50|100/100\n|switch|p2a: Tyranitar|Tyranitar, L50, F|100/100\n|switch|p2b: Aerodactyl|Aerodactyl, L50, F|100/100\n|-ability|p2b: Aerodactyl|Unnerve\n|-ability|p1a: Aerodactyl|Unnerve\n|-weather|Sandstorm|[from] ability: Sand Stream|[of] p2a: Tyranitar\n|turn|1\n|inactive|pokepeiff has 30 seconds left.\n|\n|t:|1776035355\n|detailschange|p2a: Tyranitar|Tyranitar-Mega, L50, F\n|-mega|p2a: Tyranitar|Tyranitar|Tyranitarite\n|move|p2b: Aerodactyl|Tailwind|p2b: Aerodactyl\n|-sidestart|p2: pokepeiff|move: Tailwind\n|move|p1a: Aerodactyl|Tailwind|p1a: Aerodactyl\n|-sidestart|p1: The ShimonMaster|move: Tailwind\n|move|p1b: Rotom|Hydro Pump|p2a: Tyranitar\n|-supereffective|p2a: Tyranitar|1\n|-damage|p2a: Tyranitar|43/100\n|move|p2a: Tyranitar|Crunch|p1b: Rotom\n|-damage|p1b: Rotom|48/100\n|\n|-weather|Sandstorm|[upkeep]\n|-damage|p1b: Rotom|43/100|[from] Sandstorm\n|upkeep\n|turn|2\n|\n|t:|1776035375\n|move|p2a: Tyranitar|Protect|p2a: Tyranitar\n|-singleturn|p2a: Tyranitar|Protect\n|move|p1a: Aerodactyl|Rock Slide|p2a: Tyranitar|[spread] p2b\n|-activate|p2a: Tyranitar|move: Protect\n|-supereffective|p2b: Aerodactyl|1\n|-damage|p2b: Aerodactyl|16/100\n|cant|p2b: Aerodactyl|flinch\n|move|p1b: Rotom|Hydro Pump|p2a: Tyranitar\n|-activate|p2a: Tyranitar|move: Protect\n|\n|-weather|Sandstorm|[upkeep]\n|-damage|p1b: Rotom|37/100|[from] Sandstorm\n|upkeep\n|turn|3\n|inactive|The ShimonMaster has 30 seconds left.\n|\n|t:|1776035409\n|move|p1a: Aerodactyl|Rock Slide|p2b: Aerodactyl|[spread] p2b\n|-miss|p1a: Aerodactyl|p2a: Tyranitar\n|-supereffective|p2b: Aerodactyl|1\n|-damage|p2b: Aerodactyl|0 fnt\n|faint|p2b: Aerodactyl\n|move|p1b: Rotom|Hydro Pump|p2a: Tyranitar\n|-supereffective|p2a: Tyranitar|1\n|-damage|p2a: Tyranitar|0 fnt\n|faint|p2a: Tyranitar\n|\n|-weather|Sandstorm|[upkeep]\n|-damage|p1b: Rotom|31/100|[from] Sandstorm\n|upkeep\n|\n|t:|1776035414\n|switch|p2b: Garchomp|Garchomp, L50, M|100/100\n|switch|p2a: Excadrill|Excadrill, L50, M|100/100\n|turn|4\n|\n|t:|1776035434\n|move|p1a: Aerodactyl|Protect|p1a: Aerodactyl\n|-singleturn|p1a: Aerodactyl|Protect\n|move|p2a: Excadrill|Iron Head|p1a: Aerodactyl\n|-activate|p1a: Aerodactyl|move: Protect\n|move|p2b: Garchomp|Scale Shot|p1b: Rotom\n|-damage|p1b: Rotom|15/100\n|-damage|p1b: Rotom|0 fnt\n|faint|p1b: Rotom\n|-hitcount|p1: Rotom|2\n|-unboost|p2b: Garchomp|def|1\n|-boost|p2b: Garchomp|spe|1\n|\n|-weather|Sandstorm|[upkeep]\n|-sideend|p1: The ShimonMaster|move: Tailwind\n|-sideend|p2: pokepeiff|move: Tailwind\n|upkeep\n|\n|t:|1776035449\n|switch|p1b: Incineroar|Incineroar, L50, M|100/100\n|-ability|p1b: Incineroar|Intimidate|boost\n|-unboost|p2a: Excadrill|atk|1\n|-unboost|p2b: Garchomp|atk|1\n|turn|5\n|\n|t:|1776035469\n|move|p1b: Incineroar|Fake Out|p2b: Garchomp|[miss]\n|-miss|p1b: Incineroar|p2b: Garchomp\n|move|p2a: Excadrill|Iron Head|p1a: Aerodactyl\n|-supereffective|p1a: Aerodactyl|1\n|-enditem|p1a: Aerodactyl|Focus Sash\n|-damage|p1a: Aerodactyl|1/100\n|move|p2b: Garchomp|Liquidation|p1a: Aerodactyl\n|-supereffective|p1a: Aerodactyl|1\n|-damage|p1a: Aerodactyl|0 fnt\n|faint|p1a: Aerodactyl\n|\n|-weather|none\n|upkeep\n|\n|t:|1776035489\n|switch|p1a: Floette|Floette-Eternal, L50, F|100/100\n|turn|6\n|inactive|pokepeiff has 30 seconds left.\n|inactive|pokepeiff has 20 seconds left.\n|\n|t:|1776035524\n|detailschange|p1a: Floette|Floette-Mega, L50, F\n|-mega|p1a: Floette|Floette|Floettite\n|-ability|p1a: Floette|Fairy Aura\n|move|p2b: Garchomp|Protect|p2b: Garchomp\n|-singleturn|p2b: Garchomp|Protect\n|move|p1a: Floette|Protect|p1a: Floette\n|-singleturn|p1a: Floette|Protect\n|move|p2a: Excadrill|Iron Head|p1a: Floette\n|-activate|p1a: Floette|move: Protect\n|move|p1b: Incineroar|Flare Blitz|p2a: Excadrill\n|-supereffective|p2a: Excadrill|1\n|-enditem|p2a: Excadrill|Focus Sash\n|-damage|p2a: Excadrill|1/100\n|-status|p2a: Excadrill|brn\n|-damage|p1b: Incineroar|70/100|[from] Recoil\n|\n|-damage|p2a: Excadrill|0 fnt|[from] brn\n|faint|p2a: Excadrill\n|upkeep\n|turn|7\n|inactive|The ShimonMaster has 30 seconds left.\n|inactive|The ShimonMaster has 20 seconds left.\n|inactive|The ShimonMaster has 15 seconds left.\n|\n|t:|1776035568\n|move|p2b: Garchomp|Earthquake|p1b: Incineroar|[spread] p1a,p1b\n|-supereffective|p1b: Incineroar|1\n|-damage|p1a: Floette|72/100\n|-damage|p1b: Incineroar|19/100\n|move|p1a: Floette|Dazzling Gleam|p2b: Garchomp\n|-supereffective|p2b: Garchomp|1\n|-crit|p2b: Garchomp\n|-damage|p2b: Garchomp|0 fnt\n|faint|p2b: Garchomp\n|\n|win|The ShimonMaster\n|raw|The ShimonMaster's rating: 1166 &rarr; <strong>1191</strong><br />(+25 for winning)\n|raw|pokepeiff's rating: 1165 &rarr; <strong>1140</strong><br />(-25 for losing)\n|l|\u2606pokepeiff\n|player|p2|\n",
  "uploadtime": 1776035577,
  "views": 12,
  "formatid": "gen9championsvgc2026regma",
  "rating": 1140,
  "private": 0,
  "password": null
}