{
  "id": "gen9championsvgc2026regma-2584935340",
  "format": "[Gen 9 Champions] VGC 2026 Reg M-A",
  "players": [
    "KUTF1",
    "ilovechikorita"
  ],
  "log": "|j|\u2606KUTF1\n|j|\u2606ilovechikorita\n|t:|1776296011\n|gametype|doubles\n|player|p1|KUTF1|firebreather|1226\n|player|p2|ilovechikorita|169|1134\n|gen|9\n|tier|[Gen 9 Champions] VGC 2026 Reg M-A\n|rated|\n|rule|Species Clause: Limit one of each Pok\u00e9mon\n|rule|Item Clause: Limit 1 of each item\n|clearpoke\n|poke|p1|Drampa, L50, M|\n|poke|p1|Emboar, L50, F|\n|poke|p1|Kingambit, L50, M|\n|poke|p1|Decidueye-Hisui, L50, F|\n|poke|p1|Farigiraf, L50, F|\n|poke|p1|Incineroar, L50, M|\n|poke|p2|Meganium, L50, M|\n|poke|p2|Aerodactyl, L50, F|\n|poke|p2|Milotic, L50, M|\n|poke|p2|Incineroar, L50, F|\n|poke|p2|Tyranitar, L50, M|\n|poke|p2|Garchomp, L50, F|\n|teampreview|4\n|inactive|Battle timer is ON: inactive players will automatically lose when time's up. (requested by KUTF1)\n|inactive|ilovechikorita has 60 seconds left.\n|\n|t:|1776296049\n|teamsize|p1|4\n|teamsize|p2|4\n|start\n|switch|p1a: Say it Again|Farigiraf, L50, F|100/100\n|switch|p1b: Bruh.|Incineroar, L50, M|100/100\n|switch|p2a: Incineroar|Incineroar, L50, F|100/100\n|switch|p2b: Milotic|Milotic, L50, M|100/100\n|-ability|p1b: Bruh.|Intimidate|boost\n|-unboost|p2a: Incineroar|atk|1\n|-unboost|p2b: Milotic|atk|1\n|-ability|p2b: Milotic|Competitive|boost\n|-boost|p2b: Milotic|spa|2\n|-ability|p2a: Incineroar|Intimidate|boost\n|-unboost|p1a: Say it Again|atk|1\n|-unboost|p1b: Bruh.|atk|1\n|turn|1\n|inactive|KUTF1 has 30 seconds left.\n|\n|t:|1776296076\n|move|p1b: Bruh.|Fake Out|p2a: Incineroar\n|-damage|p2a: Incineroar|92/100\n|move|p2b: Milotic|Scald|p1b: Bruh.\n|-supereffective|p1b: Bruh.|1\n|-damage|p1b: Bruh.|2/100\n|-enditem|p1b: Bruh.|Sitrus Berry|[eat]\n|-heal|p1b: Bruh.|27/100|[from] item: Sitrus Berry\n|cant|p2a: Incineroar|flinch\n|move|p1a: Say it Again|Trick Room|p1a: Say it Again\n|-fieldstart|move: Trick Room|[of] p1a: Say it Again\n|\n|upkeep\n|turn|2\n|\n|t:|1776296100\n|move|p1a: Say it Again|Hyper Voice|p2a: Incineroar|[spread] p2a,p2b\n|-crit|p2a: Incineroar\n|-damage|p2a: Incineroar|62/100\n|-damage|p2b: Milotic|84/100\n|move|p2a: Incineroar|Parting Shot|p1a: Say it Again\n|-unboost|p1a: Say it Again|atk|1\n|-unboost|p1a: Say it Again|spa|1\n|\n|t:|1776296108\n|switch|p2a: Tyranitar|Tyranitar, L50, M|100/100|[from] Parting Shot\n|-weather|Sandstorm|[from] ability: Sand Stream|[of] p2a: Tyranitar\n|move|p1b: Bruh.|Darkest Lariat|p2b: Milotic\n|-damage|p2b: Milotic|58/100\n|move|p2b: Milotic|Scald|p1b: Bruh.\n|-supereffective|p1b: Bruh.|1\n|-damage|p1b: Bruh.|0 fnt\n|faint|p1b: Bruh.\n|\n|-weather|Sandstorm|[upkeep]\n|-damage|p1a: Say it Again|94/100|[from] Sandstorm\n|-damage|p2b: Milotic|52/100|[from] Sandstorm\n|-heal|p2b: Milotic|58/100|[from] item: Leftovers\n|upkeep\n|\n|t:|1776296113\n|switch|p1b: Konshu\u2019s Will|Decidueye-Hisui, L50, F|100/100\n|turn|3\n|inactive|ilovechikorita has 30 seconds left.\n|\n|t:|1776296143\n|switch|p1a: Yamata No Orichi|Drampa, L50, M, shiny|100/100\n|-ability|p1a: Yamata No Orichi|Cloud Nine\n|switch|p2b: Incineroar|Incineroar, L50, F|62/100\n|-ability|p2b: Incineroar|Intimidate|boost\n|-unboost|p1a: Yamata No Orichi|atk|1\n|-fail|p1b: Konshu\u2019s Will|unboost|Attack|[from] ability: Scrappy|[of] p1b: Konshu\u2019s Will\n|move|p2a: Tyranitar|Protect|p2a: Tyranitar\n|-singleturn|p2a: Tyranitar|Protect\n|move|p1b: Konshu\u2019s Will|Leaf Blade|p2b: Incineroar\n|-resisted|p2b: Incineroar|1\n|-damage|p2b: Incineroar|41/100\n|-enditem|p2b: Incineroar|Sitrus Berry|[eat]\n|-heal|p2b: Incineroar|66/100|[from] item: Sitrus Berry\n|\n|-weather|Sandstorm|[upkeep]\n|upkeep\n|turn|4\n|inactive|ilovechikorita has 30 seconds left.\n|inactive|KUTF1 has 30 seconds left.\n|inactive|ilovechikorita has 20 seconds left.\n|inactive|ilovechikorita has 15 seconds left.\n|\n|t:|1776296185\n|detailschange|p1a: Yamata No Orichi|Drampa-Mega, L50, M, shiny\n|-mega|p1a: Yamata No Orichi|Drampa|Drampanite\n|detailschange|p2a: Tyranitar|Tyranitar-Mega, L50, M\n|-mega|p2a: Tyranitar|Tyranitar|Tyranitarite\n|move|p1a: Yamata No Orichi|Earth Power|p2b: Incineroar\n|-supereffective|p2b: Incineroar|1\n|-damage|p2b: Incineroar|3/100\n|move|p1b: Konshu\u2019s Will|Triple Arrows|p2a: Tyranitar\n|-supereffective|p2a: Tyranitar|2\n|-damage|p2a: Tyranitar|0 fnt\n|faint|p2a: Tyranitar\n|move|p2b: Incineroar|Will-O-Wisp|p1b: Konshu\u2019s Will\n|-status|p1b: Konshu\u2019s Will|brn\n|\n|-weather|Sandstorm|[upkeep]\n|-damage|p1a: Yamata No Orichi|95/100|[from] Sandstorm\n|-damage|p1b: Konshu\u2019s Will|94/100 brn|[from] Sandstorm\n|-damage|p2b: Incineroar|0 fnt|[from] Sandstorm\n|faint|p2b: Incineroar\n|-damage|p1b: Konshu\u2019s Will|88/100 brn|[from] brn\n|upkeep\n|\n|t:|1776296202\n|switch|p2b: Garchomp|Garchomp, L50, F|100/100\n|switch|p2a: Milotic|Milotic, L50, M|58/100\n|turn|5\n|\n|t:|1776296225\n|switch|p1a: Say it Again|Farigiraf, L50, F|94/100\n|move|p1b: Konshu\u2019s Will|Leaf Blade|p2a: Milotic\n|-supereffective|p2a: Milotic|1\n|-crit|p2a: Milotic\n|-damage|p2a: Milotic|0 fnt\n|faint|p2a: Milotic\n|move|p2b: Garchomp|Dragon Claw|p1a: Say it Again\n|-damage|p1a: Say it Again|49/100\n|\n|-weather|Sandstorm|[upkeep]\n|-damage|p1a: Say it Again|43/100|[from] Sandstorm\n|-damage|p1b: Konshu\u2019s Will|82/100 brn|[from] Sandstorm\n|-damage|p1b: Konshu\u2019s Will|76/100 brn|[from] brn\n|-fieldend|move: Trick Room\n|upkeep\n|turn|6\n|\n|t:|1776296239\n|move|p2b: Garchomp|Dragon Claw|p1a: Say it Again\n|-damage|p1a: Say it Again|2/100\n|move|p1b: Konshu\u2019s Will|Triple Arrows|p2b: Garchomp\n|-damage|p2b: Garchomp|78/100\n|-unboost|p2b: Garchomp|def|1\n|move|p1a: Say it Again|Trick Room|p1a: Say it Again\n|-fieldstart|move: Trick Room|[of] p1a: Say it Again\n|\n|-weather|none\n|-damage|p1b: Konshu\u2019s Will|70/100 brn|[from] brn\n|upkeep\n|turn|7\n|-message|ilovechikorita forfeited.\n|\n|win|KUTF1\n|raw|KUTF1's rating: 1200 &rarr; <strong>1220</strong><br />(+20 for winning)\n|raw|ilovechikorita's rating: 1134 &rarr; <strong>1114</strong><br />(-20 for losing)\n|l|\u2606ilovechikorita\n|player|p2|\n",
  "uploadtime": 1776296283,
  "views": 20,
  "formatid": "gen9championsvgc2026regma",
  "rating": 1114,
  "private": 0,
  "password": null
}