{
  "id": "gen9championsvgc2026regma-2582794277",
  "format": "[Gen 9 Champions] VGC 2026 Reg M-A",
  "players": [
    "PlayingViking",
    "jnvjewvn"
  ],
  "log": "|j|\u2606PlayingViking\n|j|\u2606jnvjewvn\n|t:|1776114635\n|gametype|doubles\n|player|p1|PlayingViking|101|1016\n|player|p2|jnvjewvn|clown|1015\n|gen|9\n|tier|[Gen 9 Champions] VGC 2026 Reg M-A\n|rated|\n|rule|Species Clause: Limit one of each Pok\u00e9mon\n|rule|Item Clause: Limit 1 of each item\n|clearpoke\n|poke|p1|Gyarados, L50, F|\n|poke|p1|Manectric, L50, M|\n|poke|p1|Gliscor, L50, F|\n|poke|p1|Tsareena, L50, F|\n|poke|p1|Aegislash, L50, M|\n|poke|p1|Rotom-Heat, L50|\n|poke|p2|Spiritomb, L50, F|\n|poke|p2|Meganium, L50, F|\n|poke|p2|Pelipper, L50, F|\n|poke|p2|Basculegion, L50, M|\n|poke|p2|Archaludon, L50, M|\n|poke|p2|Politoed, L50, M|\n|teampreview|4\n|inactive|Battle timer is ON: inactive players will automatically lose when time's up. (requested by jnvjewvn)\n|\n|t:|1776114681\n|teamsize|p1|4\n|teamsize|p2|4\n|start\n|switch|p1a: Gyarados|Gyarados, L50, F|100/100\n|switch|p1b: Manectric|Manectric, L50, M|100/100\n|switch|p2a: Pelipper|Pelipper, L50, F|100/100\n|switch|p2b: Meganium|Meganium, L50, F, shiny|100/100\n|-ability|p1a: Gyarados|Intimidate|boost\n|-unboost|p2a: Pelipper|atk|1\n|-unboost|p2b: Meganium|atk|1\n|turn|1\n|\n|t:|1776114706\n|detailschange|p2b: Meganium|Meganium-Mega, L50, F, shiny\n|-mega|p2b: Meganium|Meganium|Meganiumite\n|move|p1b: Manectric|Volt Switch|p2a: Pelipper\n|-supereffective|p2a: Pelipper|2\n|-damage|p2a: Pelipper|0 fnt\n|faint|p2a: Pelipper\n|\n|t:|1776114718\n|switch|p1b: Aegislash|Aegislash, L50, M|100/100|[from] Volt Switch\n|move|p2b: Meganium|Solar Beam||[still]\n|-prepare|p2b: Meganium|Solar Beam\n|-activate|p2b: Meganium|ability: Mega Sol\n|-anim|p2b: Meganium|Solar Beam|p1a: Gyarados\n|-damage|p1a: Gyarados|55/100\n|move|p1a: Gyarados|Icy Wind|p2b: Meganium\n|-supereffective|p2b: Meganium|1\n|-damage|p2b: Meganium|88/100\n|-unboost|p2b: Meganium|spe|1\n|\n|upkeep\n|\n|t:|1776114724\n|switch|p2a: Basculegion|Basculegion, L50, M|100/100\n|turn|2\n|inactive|PlayingViking has 30 seconds left.\n|\n|t:|1776114754\n|move|p1a: Gyarados|Thunder Wave|p2a: Basculegion\n|-status|p2a: Basculegion|par\n|move|p2b: Meganium|Solar Beam||[still]\n|-prepare|p2b: Meganium|Solar Beam\n|-activate|p2b: Meganium|ability: Mega Sol\n|-anim|p2b: Meganium|Solar Beam|p1a: Gyarados\n|-damage|p1a: Gyarados|10/100\n|-enditem|p1a: Gyarados|Sitrus Berry|[eat]\n|-heal|p1a: Gyarados|35/100|[from] item: Sitrus Berry\n|-formechange|p1b: Aegislash|Aegislash-Blade|\n|move|p1b: Aegislash|Shadow Ball|p2b: Meganium\n|-damage|p2b: Meganium|41/100\n|move|p2a: Basculegion|Last Respects|p1b: Aegislash\n|-supereffective|p1b: Aegislash|1\n|-damage|p1b: Aegislash|0 fnt\n|faint|p1b: Aegislash\n|\n|upkeep\n|\n|t:|1776114779\n|switch|p1b: Manectric|Manectric, L50, M|100/100\n|turn|3\n|inactive|PlayingViking has 30 seconds left.\n|\n|t:|1776114808\n|move|p1b: Manectric|Snarl|p2a: Basculegion|[spread] p2a,p2b\n|-supereffective|p2a: Basculegion|1\n|-resisted|p2b: Meganium|1\n|-damage|p2a: Basculegion|76/100 par\n|-damage|p2b: Meganium|36/100\n|-unboost|p2a: Basculegion|spa|1\n|-unboost|p2b: Meganium|spa|1\n|move|p1a: Gyarados|Icy Wind|p2b: Meganium|[spread] p2a,p2b\n|-resisted|p2a: Basculegion|1\n|-supereffective|p2b: Meganium|1\n|-damage|p2a: Basculegion|72/100 par\n|-damage|p2b: Meganium|25/100\n|-unboost|p2a: Basculegion|spe|1\n|-unboost|p2b: Meganium|spe|1\n|move|p2b: Meganium|Solar Beam||[still]\n|-prepare|p2b: Meganium|Solar Beam\n|-activate|p2b: Meganium|ability: Mega Sol\n|-anim|p2b: Meganium|Solar Beam|p1a: Gyarados\n|-damage|p1a: Gyarados|7/100\n|move|p2a: Basculegion|Flip Turn|p1b: Manectric\n|-damage|p1b: Manectric|39/100\n|\n|t:|1776114815\n|switch|p2a: Spiritomb|Spiritomb, L50, F, shiny|100/100|[from] Flip Turn\n|\n|upkeep\n|turn|4\n|inactive|PlayingViking has 30 seconds left.\n|\n|t:|1776114841\n|detailschange|p1b: Manectric|Manectric-Mega, L50, M\n|-mega|p1b: Manectric|Manectric|Manectite\n|-ability|p1b: Manectric|Intimidate|boost\n|-unboost|p2a: Spiritomb|atk|1\n|-unboost|p2b: Meganium|atk|1\n|move|p2b: Meganium|Protect|p2b: Meganium\n|-singleturn|p2b: Meganium|Protect\n|move|p1b: Manectric|Flamethrower|p2b: Meganium\n|-activate|p2b: Meganium|move: Protect\n|move|p1a: Gyarados|Waterfall|p2a: Spiritomb\n|-damage|p2a: Spiritomb|67/100\n|move|p2a: Spiritomb|Psyshock|p1b: Manectric\n|-damage|p1b: Manectric|15/100\n|\n|upkeep\n|turn|5\n|inactive|PlayingViking has 30 seconds left.\n|inactive|PlayingViking has 20 seconds left.\n|\n|t:|1776114878\n|move|p2a: Spiritomb|Sucker Punch|p1a: Gyarados\n|-damage|p1a: Gyarados|0 fnt\n|faint|p1a: Gyarados\n|move|p1b: Manectric|Volt Switch|p2a: Spiritomb\n|-damage|p2a: Spiritomb|34/100\n|\n|t:|1776114884\n|switch|p1b: Gliscor|Gliscor, L50, F|100/100|[from] Volt Switch\n|move|p2b: Meganium|Earth Power|p1b: Gliscor\n|-immune|p1b: Gliscor\n|\n|upkeep\n|\n|t:|1776114890\n|switch|p1a: Manectric|Manectric-Mega, L50, M|15/100\n|-ability|p1a: Manectric|Intimidate|boost\n|-unboost|p2a: Spiritomb|atk|1\n|-unboost|p2b: Meganium|atk|1\n|turn|6\n|\n|t:|1776114901\n|move|p2a: Spiritomb|Sucker Punch|p1a: Manectric\n|-damage|p1a: Manectric|0 fnt\n|faint|p1a: Manectric\n|move|p1b: Gliscor|Rock Slide|p2a: Spiritomb|[spread] p2a,p2b\n|-damage|p2a: Spiritomb|22/100\n|-damage|p2b: Meganium|14/100\n|move|p2b: Meganium|Earth Power|p1b: Gliscor\n|-immune|p1b: Gliscor\n|\n|upkeep\n|turn|7\n|\n|t:|1776114915\n|move|p2a: Spiritomb|Sucker Punch|p1b: Gliscor\n|-damage|p1b: Gliscor|93/100\n|move|p1b: Gliscor|Earthquake|p2b: Meganium|[spread] p2a,p2b\n|-resisted|p2b: Meganium|1\n|-damage|p2a: Spiritomb|0 fnt\n|-damage|p2b: Meganium|2/100\n|faint|p2a: Spiritomb\n|move|p2b: Meganium|Solar Beam||[still]\n|-prepare|p2b: Meganium|Solar Beam\n|-activate|p2b: Meganium|ability: Mega Sol\n|-anim|p2b: Meganium|Solar Beam|p1b: Gliscor\n|-damage|p1b: Gliscor|40/100\n|\n|upkeep\n|\n|t:|1776114921\n|switch|p2a: Basculegion|Basculegion, L50, M|72/100 par\n|turn|8\n|\n|t:|1776114931\n|move|p1b: Gliscor|Earthquake|p2b: Meganium|[spread] p2a,p2b\n|-resisted|p2b: Meganium|1\n|-damage|p2a: Basculegion|46/100 par\n|-damage|p2b: Meganium|0 fnt\n|faint|p2b: Meganium\n|move|p2a: Basculegion|Soak|p1b: Gliscor\n|-start|p1b: Gliscor|typechange|Water\n|\n|upkeep\n|turn|9\n|\n|t:|1776114944\n|move|p1b: Gliscor|Earthquake|p2a: Basculegion\n|-damage|p2a: Basculegion|19/100 par\n|move|p2a: Basculegion|Last Respects|p1b: Gliscor\n|-damage|p1b: Gliscor|0 fnt\n|faint|p1b: Gliscor\n|\n|win|jnvjewvn\n|raw|PlayingViking's rating: 1016 &rarr; <strong>1004</strong><br />(-12 for losing)\n|raw|jnvjewvn's rating: 1015 &rarr; <strong>1053</strong><br />(+38 for winning)\n",
  "uploadtime": 1776114953,
  "views": 16,
  "formatid": "gen9championsvgc2026regma",
  "rating": 1004,
  "private": 0,
  "password": null
}