{
  "id": "gen9championsvgc2026regma-2580405569",
  "format": "[Gen 9 Champions] VGC 2026 Reg M-A",
  "players": [
    "SilphGambleR",
    "hozesama"
  ],
  "log": "|j|\u2606SilphGambleR\n|j|\u2606hozesama\n|t:|1775891566\n|gametype|doubles\n|player|p1|SilphGambleR|hilbert|1009\n|player|p2|hozesama|cynthia-masters4|1040\n|gen|9\n|tier|[Gen 9 Champions] VGC 2026 Reg M-A\n|rated|\n|rule|Species Clause: Limit one of each Pok\u00e9mon\n|rule|Item Clause: Limit 1 of each item\n|clearpoke\n|poke|p1|Sneasler, L50, M|\n|poke|p1|Rotom-Wash, L50|\n|poke|p1|Garchomp, L50, M|\n|poke|p1|Tyranitar, L50, M|\n|poke|p1|Delphox, L50, M|\n|poke|p1|Meganium, L50, M|\n|poke|p2|Gyarados, L50, M|\n|poke|p2|Venusaur, L50, M|\n|poke|p2|Sneasler, L50, F|\n|poke|p2|Kingambit, L50, F|\n|poke|p2|Basculegion, L50, M|\n|poke|p2|Gliscor, L50, F|\n|teampreview|4\nhozesama rejected open team sheets.\n|inactive|Battle timer is ON: inactive players will automatically lose when time's up. (requested by hozesama)\n|\n|t:|1775891610\n|teamsize|p1|4\n|teamsize|p2|4\n|start\n|switch|p1a: Tyranitar|Tyranitar, L50, M|100/100\n|switch|p1b: Garchomp|Garchomp, L50, M|100/100\n|switch|p2a: Venusaur|Venusaur, L50, M|100/100\n|switch|p2b: Gliscor|Gliscor, L50, F|100/100\n|-weather|Sandstorm|[from] ability: Sand Stream|[of] p1a: Tyranitar\n|turn|1\n|\n|t:|1775891620\n|detailschange|p2a: Venusaur|Venusaur-Mega, L50, M\n|-mega|p2a: Venusaur|Venusaur|Venusaurite\n|move|p1b: Garchomp|Stomping Tantrum|p2a: Venusaur\n|-damage|p2a: Venusaur|66/100\n|move|p2b: Gliscor|Swords Dance|p2b: Gliscor\n|-boost|p2b: Gliscor|atk|2\n|move|p2a: Venusaur|Giga Drain|p1b: Garchomp|[miss]\n|-miss|p2a: Venusaur|p1b: Garchomp\n|move|p1a: Tyranitar|Ice Punch|p2b: Gliscor\n|-supereffective|p2b: Gliscor|2\n|-enditem|p2b: Gliscor|Yache Berry|[eat]\n|-enditem|p2b: Gliscor|Yache Berry|[weaken]\n|-damage|p2b: Gliscor|48/100\n|\n|-weather|Sandstorm|[upkeep]\n|-damage|p2a: Venusaur|60/100|[from] Sandstorm\n|upkeep\n|turn|2\n|inactive|SilphGambleR has 30 seconds left.\n|inactive|SilphGambleR has 20 seconds left.\n|\n|t:|1775891658\n|move|p1b: Garchomp|Dragon Claw|p2b: Gliscor\n|-crit|p2b: Gliscor\n|-damage|p2b: Gliscor|0 fnt\n|faint|p2b: Gliscor\n|move|p2a: Venusaur|Giga Drain|p1b: Garchomp\n|-damage|p1b: Garchomp|59/100\n|-heal|p2a: Venusaur|81/100|[from] drain|[of] p1b: Garchomp\n|move|p1a: Tyranitar|Rock Slide|p2a: Venusaur\n|-damage|p2a: Venusaur|45/100\n|\n|-weather|Sandstorm|[upkeep]\n|-damage|p2a: Venusaur|39/100|[from] Sandstorm\n|upkeep\n|\n|t:|1775891669\n|switch|p2b: Basculegion|Basculegion, L50, M|100/100\n|turn|3\n|\n|t:|1775891678\n|move|p2b: Basculegion|Wave Crash|p1a: Tyranitar\n|-supereffective|p1a: Tyranitar|1\n|-damage|p1a: Tyranitar|0 fnt\n|faint|p1a: Tyranitar\n|-damage|p2b: Basculegion|66/100|[from] Recoil\n|move|p1b: Garchomp|Dragon Claw|p2a: Venusaur\n|-damage|p2a: Venusaur|5/100\n|move|p2a: Venusaur|Giga Drain|p1b: Garchomp\n|-damage|p1b: Garchomp|17/100\n|-heal|p2a: Venusaur|26/100|[from] drain|[of] p1b: Garchomp\n|\n|-weather|Sandstorm|[upkeep]\n|-damage|p2b: Basculegion|59/100|[from] Sandstorm\n|-damage|p2a: Venusaur|20/100|[from] Sandstorm\n|upkeep\n|\n|t:|1775891691\n|switch|p1a: Delphox|Delphox, L50, M|100/100\n|turn|4\n|\n|t:|1775891700\n|detailschange|p1a: Delphox|Delphox-Mega, L50, M\n|-mega|p1a: Delphox|Delphox|Delphoxite\n|move|p2b: Basculegion|Wave Crash|p1a: Delphox\n|-supereffective|p1a: Delphox|1\n|-damage|p1a: Delphox|0 fnt\n|faint|p1a: Delphox\n|-damage|p2b: Basculegion|34/100|[from] Recoil\n|move|p1b: Garchomp|Dragon Claw|p2a: Venusaur\n|-damage|p2a: Venusaur|0 fnt\n|faint|p2a: Venusaur\n|\n|-weather|Sandstorm|[upkeep]\n|-damage|p2b: Basculegion|28/100|[from] Sandstorm\n|upkeep\n|\n|t:|1775891708\n|switch|p1a: Sneasler|Sneasler, L50, M|100/100\n|switch|p2a: Kingambit|Kingambit, L50, F|100/100\n|turn|5\n|\n|t:|1775891718\n|move|p2a: Kingambit|Protect|p2a: Kingambit\n|-singleturn|p2a: Kingambit|Protect\n|move|p2b: Basculegion|Wave Crash|p1b: Garchomp\n|-damage|p1b: Garchomp|0 fnt\n|faint|p1b: Garchomp\n|-damage|p2b: Basculegion|23/100|[from] Recoil\n|move|p1a: Sneasler|Close Combat|p2a: Kingambit\n|-activate|p2a: Kingambit|move: Protect\n|\n|-weather|none\n|upkeep\n|turn|6\n|\n|t:|1775891729\n|move|p2a: Kingambit|Sucker Punch|p1a: Sneasler\n|-resisted|p1a: Sneasler|1\n|-damage|p1a: Sneasler|67/100\n|move|p2b: Basculegion|Wave Crash|p1a: Sneasler\n|-damage|p1a: Sneasler|0 fnt\n|faint|p1a: Sneasler\n|-damage|p2b: Basculegion|5/100|[from] Recoil\n|\n|win|hozesama\n|raw|SilphGambleR's rating: 1009 &rarr; <strong>1000</strong><br />(-9 for losing)\n|raw|hozesama's rating: 1040 &rarr; <strong>1071</strong><br />(+31 for winning)\n|l|\u2606SilphGambleR\n|player|p1|\n",
  "uploadtime": 1775891736,
  "views": 23,
  "formatid": "gen9championsvgc2026regma",
  "rating": 1000,
  "private": 0,
  "password": null
}