{
  "id": "gen9championsvgc2026regma-2580700989",
  "format": "[Gen 9 Champions] VGC 2026 Reg M-A",
  "players": [
    "atfalse",
    "diegotks"
  ],
  "log": "|j|\u2606atfalse\n|j|\u2606diegotks\n|t:|1775925412\n|gametype|doubles\n|player|p1|atfalse|shadowtriad|1230\n|player|p2|diegotks|170|1133\n|gen|9\n|tier|[Gen 9 Champions] VGC 2026 Reg M-A\n|rated|\n|rule|Species Clause: Limit one of each Pok\u00e9mon\n|rule|Item Clause: Limit 1 of each item\n|clearpoke\n|poke|p1|Maushold, L50|\n|poke|p1|Garchomp, L50, M|\n|poke|p1|Rotom-Wash, L50|\n|poke|p1|Floette-Eternal, L50, F|\n|poke|p1|Talonflame, L50, F|\n|poke|p1|Aegislash, L50, M|\n|poke|p2|Charizard, L50, M|\n|poke|p2|Aerodactyl, L50, M|\n|poke|p2|Venusaur, L50, F|\n|poke|p2|Whimsicott, L50, F|\n|poke|p2|Rotom-Wash, L50|\n|poke|p2|Garchomp, L50, M|\n|teampreview|4\n|inactive|Battle timer is ON: inactive players will automatically lose when time's up. (requested by diegotks)\n|j| gE1xjZRtuhW2DdT0AK\n|inactive|atfalse has 60 seconds left.\n|inactive|atfalse has 30 seconds left.\n|\n|t:|1775925484\n|teamsize|p1|4\n|teamsize|p2|4\n|start\n|switch|p1a: Talonflame|Talonflame, L50, F|100/100\n|switch|p1b: Garchomp|Garchomp, L50, M|100/100\n|switch|p2a: Aerodactyl|Aerodactyl, L50, M|100/100\n|switch|p2b: Garchomp|Garchomp, L50, M|100/100\n|-ability|p2a: Aerodactyl|Unnerve\n|turn|1\n|\n|t:|1775925504\n|move|p1a: Talonflame|Protect|p1a: Talonflame\n|-singleturn|p1a: Talonflame|Protect\n|move|p2b: Garchomp|Rock Slide|p1b: Garchomp|[spread] p1b\n|-activate|p1a: Talonflame|move: Protect\n|-resisted|p1b: Garchomp|1\n|-damage|p1b: Garchomp|90/100\n|move|p2a: Aerodactyl|Tailwind|p2a: Aerodactyl\n|-sidestart|p2: diegotks|move: Tailwind\n|move|p1b: Garchomp|Stone Edge|p2a: Aerodactyl|[miss]\n|-miss|p1b: Garchomp|p2a: Aerodactyl\n|\n|upkeep\n|turn|2\n|\n|t:|1775925524\n|switch|p1a: Maushold|Maushold, L50|100/100\n|move|p2b: Garchomp|Rock Slide|p1a: Maushold|[spread] p1a\n|-miss|p2b: Garchomp|p1b: Garchomp\n|-damage|p1a: Maushold|75/100\n|move|p2a: Aerodactyl|Rock Slide|p1a: Maushold|[spread] p1a,p1b\n|-resisted|p1b: Garchomp|1\n|-damage|p1a: Maushold|44/100\n|-damage|p1b: Garchomp|80/100\n|cant|p1b: Garchomp|flinch\n|\n|upkeep\n|turn|3\n|\n|t:|1775925541\n|move|p1a: Maushold|Protect|p1a: Maushold\n|-singleturn|p1a: Maushold|Protect\n|move|p2b: Garchomp|Rock Slide|p1b: Garchomp|[spread] p1b\n|-activate|p1a: Maushold|move: Protect\n|-resisted|p1b: Garchomp|1\n|-damage|p1b: Garchomp|72/100\n|move|p2a: Aerodactyl|Rock Slide|p1a: Maushold|[spread] p1b\n|-activate|p1a: Maushold|move: Protect\n|-resisted|p1b: Garchomp|1\n|-damage|p1b: Garchomp|62/100\n|cant|p1b: Garchomp|flinch\n|\n|upkeep\n|turn|4\n|\n|t:|1775925565\n|move|p2b: Garchomp|Rock Slide|p1a: Maushold|[spread] p1a,p1b\n|-resisted|p1b: Garchomp|1\n|-damage|p1a: Maushold|17/100\n|-damage|p1b: Garchomp|55/100\n|move|p2a: Aerodactyl|Rock Slide|p1a: Maushold|[spread] p1a,p1b\n|-resisted|p1b: Garchomp|1\n|-damage|p1a: Maushold|0 fnt\n|-damage|p1b: Garchomp|45/100\n|faint|p1a: Maushold\n|move|p1b: Garchomp|Stone Edge|p2a: Aerodactyl|[miss]\n|-miss|p1b: Garchomp|p2a: Aerodactyl\n|\n|-sideend|p2: diegotks|move: Tailwind\n|upkeep\n|\n|t:|1775925579\n|switch|p1a: Floette|Floette-Eternal, L50, F|100/100\n|turn|5\n|\n|t:|1775925585\n|switch|p2b: Venusaur|Venusaur, L50, F|100/100\n|detailschange|p1a: Floette|Floette-Mega, L50, F\n|-mega|p1a: Floette|Floette|Floettite\n|-ability|p1a: Floette|Fairy Aura\n|move|p2a: Aerodactyl|Tailwind|p2a: Aerodactyl\n|-sidestart|p2: diegotks|move: Tailwind\n|move|p1b: Garchomp|Stone Edge|p2a: Aerodactyl\n|-supereffective|p2a: Aerodactyl|1\n|-enditem|p2a: Aerodactyl|Focus Sash\n|-damage|p2a: Aerodactyl|1/100\n|move|p1a: Floette|Dazzling Gleam|p2a: Aerodactyl|[spread] p2a,p2b\n|-resisted|p2b: Venusaur|1\n|-damage|p2a: Aerodactyl|0 fnt\n|-damage|p2b: Venusaur|76/100\n|faint|p2a: Aerodactyl\n|\n|upkeep\n|\n|t:|1775925599\n|switch|p2a: Charizard|Charizard, L50, M|100/100\n|turn|6\n|inactive|atfalse has 30 seconds left.\n|inactive|atfalse has 20 seconds left.\n|inactive|atfalse has 15 seconds left.\n|inactive|atfalse has 10 seconds left.\n|inactive|atfalse has 5 seconds left.\n|\n|t:|1775925650\n|detailschange|p2a: Charizard|Charizard-Mega-Y, L50, M\n|-mega|p2a: Charizard|Charizard|Charizardite Y\n|-weather|SunnyDay|[from] ability: Drought|[of] p2a: Charizard\n|move|p2a: Charizard|Protect|p2a: Charizard\n|-singleturn|p2a: Charizard|Protect\n|move|p1b: Garchomp|Protect|p1b: Garchomp\n|-singleturn|p1b: Garchomp|Protect\n|move|p2b: Venusaur|Sludge Bomb|p1a: Floette\n|-supereffective|p1a: Floette|1\n|-damage|p1a: Floette|40/100\n|-status|p1a: Floette|psn\n|move|p1a: Floette|Moonblast|p2b: Venusaur\n|-resisted|p2b: Venusaur|1\n|-damage|p2b: Venusaur|36/100\n|\n|-weather|SunnyDay|[upkeep]\n|-damage|p1a: Floette|28/100 psn|[from] psn\n|upkeep\n|turn|7\n|inactive|atfalse has 30 seconds left.\n|\n|t:|1775925685\n|switch|p1b: Talonflame|Talonflame, L50, F|100/100\n|move|p1a: Floette|Protect|p1a: Floette\n|-singleturn|p1a: Floette|Protect\n|move|p2b: Venusaur|Solar Beam||[still]\n|-prepare|p2b: Venusaur|Solar Beam\n|-anim|p2b: Venusaur|Solar Beam|p1b: Talonflame\n|-resisted|p1b: Talonflame|2\n|-damage|p1b: Talonflame|80/100\n|move|p2a: Charizard|Heat Wave|p1a: Floette|[spread] p1b\n|-activate|p1a: Floette|move: Protect\n|-resisted|p1b: Talonflame|1\n|-damage|p1b: Talonflame|33/100\n|\n|-weather|SunnyDay|[upkeep]\n|-damage|p1a: Floette|15/100 psn|[from] psn\n|upkeep\n|turn|8\n|inactive|atfalse has 30 seconds left.\n|\n|t:|1775925715\n|switch|p1a: Garchomp|Garchomp, L50, M|45/100\n|move|p1b: Talonflame|Protect|p1b: Talonflame\n|-singleturn|p1b: Talonflame|Protect\n|move|p2b: Venusaur|Sludge Bomb|p1b: Talonflame\n|-activate|p1b: Talonflame|move: Protect\n|move|p2a: Charizard|Heat Wave|p1b: Talonflame|[spread] p1a\n|-activate|p1b: Talonflame|move: Protect\n|-resisted|p1a: Garchomp|1\n|-damage|p1a: Garchomp|9/100\n|-status|p1a: Garchomp|brn\n|\n|-weather|SunnyDay|[upkeep]\n|-damage|p1a: Garchomp|3/100 brn|[from] brn\n|-sideend|p2: diegotks|move: Tailwind\n|upkeep\n|turn|9\n|inactive|atfalse has 30 seconds left.\n|inactive|diegotks has 30 seconds left.\n|\n|t:|1775925749\n|move|p2a: Charizard|Protect|p2a: Charizard\n|-singleturn|p2a: Charizard|Protect\n|move|p2b: Venusaur|Sludge Bomb|p1b: Talonflame\n|-damage|p1b: Talonflame|0 fnt\n|faint|p1b: Talonflame\n|move|p1a: Garchomp|Earthquake|p2a: Charizard|[spread] p2b\n|-activate|p2a: Charizard|move: Protect\n|-damage|p2b: Venusaur|10/100\n|\n|-weather|SunnyDay|[upkeep]\n|-damage|p1a: Garchomp|0 fnt|[from] brn\n|faint|p1a: Garchomp\n|upkeep\n|-message|atfalse forfeited.\n|\n|win|diegotks\n|raw|atfalse's rating: 1230 &rarr; <strong>1198</strong><br />(-32 for losing)\n|raw|diegotks's rating: 1133 &rarr; <strong>1165</strong><br />(+32 for winning)\n|l|\u2606atfalse\n|player|p1|\n|l|\u2606diegotks\n|player|p2|\n",
  "uploadtime": 1775925804,
  "views": 48,
  "formatid": "gen9championsvgc2026regma",
  "rating": 1165,
  "private": 0,
  "password": null
}