{
  "id": "gen9championsvgc2026regma-2581608376",
  "format": "[Gen 9 Champions] VGC 2026 Reg M-A",
  "players": [
    "y8po",
    "PPYYY"
  ],
  "log": "|j|\u2606y8po\n|j|\u2606PPYYY\n|html|<table width=\"100%\"><tr><td align=\"left\">y8po</td><td align=\"right\">PPYYY</tr><tr><td align=\"left\"><i class=\"fa fa-circle-o\"></i> <i class=\"fa fa-circle-o\"></i> </td><td align=\"right\"><i class=\"fa fa-circle-o\"></i> <i class=\"fa fa-circle\"></i> </tr></table>\n|uhtml|bestof|<h2><strong>Game 2</strong> of <a href=\"/game-bestof3-gen9championsvgc2026regma-2581602658\">a best-of-3</a></h2>\n|t:|1776014774\n|gametype|doubles\n|player|p1|y8po|lady-gen4|\n|player|p2|PPYYY|miku-water|\n|gen|9\n|tier|[Gen 9 Champions] VGC 2026 Reg M-A\n|rated|Tournament battle\n|rule|Species Clause: Limit one of each Pok\u00e9mon\n|rule|Item Clause: Limit 1 of each item\n|raw|<div class=\"infobox\"><details class=\"readmore\" open><summary><strong>2 custom rules:</strong></summary> Force Open Team Sheets, Best of = 3</details></div>\n|clearpoke\n|poke|p1|Froslass, L50, F|\n|poke|p1|Kingambit, L50, F|\n|poke|p1|Incineroar, L50, F|\n|poke|p1|Sinistcha, L50|\n|poke|p1|Gyarados, L50, M|\n|poke|p1|Garchomp, L50, M|\n|poke|p2|Aerodactyl, L50, F|\n|poke|p2|Incineroar, L50, M|\n|poke|p2|Floette-Eternal, L50, F|\n|poke|p2|Basculegion, L50, M|\n|poke|p2|Garchomp, L50, M|\n|poke|p2|Sneasler, L50, M|\n|teampreview|4\n|showteam|p1|Froslass||Froslassite|SnowCloak|AuroraVeil,Blizzard,ShadowBall,Protect|||F|||50|]Kingambit||BlackGlasses|Defiant|SuckerPunch,KowtowCleave,Protect,IronHead|||F|||50|]Incineroar||SitrusBerry|Intimidate|FakeOut,PartingShot,DarkestLariat,FlareBlitz|||F|||50|]Sinistcha||MiracleSeed|Hospitality|MatchaGotcha,TrickRoom,RagePowder,StrengthSap||||||50|]Gyarados||FocusSash|Intimidate|IcyWind,Waterfall,Protect,Taunt|||M|||50|]Garchomp||SoftSand|RoughSkin|Earthquake,DragonClaw,RockSlide,Protect|||M|||50|\n|showteam|p2|Aerodactyl||FocusSash|Unnerve|RockSlide,DualWingbeat,Protect,Tailwind|||F|||50|]Incineroar||SitrusBerry|Intimidate|FakeOut,HelpingHand,PartingShot,FlareBlitz|||M|||50|]Floette-Eternal||Floettite|FlowerVeil|DazzlingGleam,Moonblast,LightofRuin,Protect|||F|||50|]Basculegion||ChoiceScarf|Adaptability|LastRespects,FlipTurn,Liquidation,WaveCrash|||M|||50|]Garchomp||HabanBerry|RoughSkin|Earthquake,DragonClaw,RockSlide,Protect|||M|||50|]Sneasler||WhiteHerb|Unburden|CloseCombat,DireClaw,RockTomb,Protect|||M|||50|\n|inactive|Battle timer is ON: inactive players will automatically lose when time's up. (requested by y8po)\n|\n|t:|1776014803\n|teamsize|p1|4\n|teamsize|p2|4\n|start\n|switch|p1a: Garchomp|Garchomp, L50, M|100/100\n|switch|p1b: Froslass|Froslass, L50, F|100/100\n|switch|p2a: Aerodactyl|Aerodactyl, L50, F|100/100\n|switch|p2b: Floette|Floette-Eternal, L50, F|100/100\n|-ability|p2a: Aerodactyl|Unnerve\n|turn|1\n|\n|t:|1776014826\n|detailschange|p1b: Froslass|Froslass-Mega, L50, F\n|-mega|p1b: Froslass|Froslass|Froslassite\n|-weather|Snowscape|[from] ability: Snow Warning|[of] p1b: Froslass\n|detailschange|p2b: Floette|Floette-Mega, L50, F\n|-mega|p2b: Floette|Floette|Floettite\n|-ability|p2b: Floette|Fairy Aura\n|move|p2a: Aerodactyl|Tailwind|p2a: Aerodactyl\n|-sidestart|p2: PPYYY|move: Tailwind\n|move|p2b: Floette|Moonblast|p1a: Garchomp\n|-supereffective|p1a: Garchomp|1\n|-damage|p1a: Garchomp|0 fnt\n|faint|p1a: Garchomp\n|move|p1b: Froslass|Blizzard|p2b: Floette|[spread] p2a,p2b\n|-supereffective|p2a: Aerodactyl|1\n|-enditem|p2a: Aerodactyl|Focus Sash\n|-damage|p2a: Aerodactyl|1/100\n|-damage|p2b: Floette|60/100\n|\n|-weather|Snowscape|[upkeep]\n|upkeep\n|\n|t:|1776014845\n|switch|p1a: Incineroar|Incineroar, L50, F|100/100\n|-ability|p1a: Incineroar|Intimidate|boost\n|-unboost|p2a: Aerodactyl|atk|1\n|-unboost|p2b: Floette|atk|1\n|turn|2\n|\n|t:|1776014869\n|switch|p1a: Kingambit|Kingambit, L50, F|100/100\n|move|p2a: Aerodactyl|Protect|p2a: Aerodactyl\n|-singleturn|p2a: Aerodactyl|Protect\n|move|p2b: Floette|Dazzling Gleam|p1a: Kingambit|[spread] p1a,p1b\n|-damage|p1a: Kingambit|52/100\n|-damage|p1b: Froslass|38/100\n|move|p1b: Froslass|Aurora Veil|p1b: Froslass\n|-sidestart|p1: y8po|move: Aurora Veil\n|\n|-weather|Snowscape|[upkeep]\n|upkeep\n|turn|3\n|\n|t:|1776014895\n|move|p1a: Kingambit|Sucker Punch|p2a: Aerodactyl\n|-damage|p2a: Aerodactyl|0 fnt\n|faint|p2a: Aerodactyl\n|move|p2b: Floette|Light of Ruin|p1a: Kingambit\n|-damage|p1a: Kingambit|0 fnt\n|faint|p1a: Kingambit\n|-damage|p2b: Floette|24/100|[from] Recoil\n|move|p1b: Froslass|Blizzard|p2b: Floette\n|-damage|p2b: Floette|0 fnt\n|faint|p2b: Floette\n|\n|-weather|Snowscape|[upkeep]\n|upkeep\n|\n|t:|1776014899\n|switch|p2a: Sneasler|Sneasler, L50, M|100/100\n|switch|p2b: Garchomp|Garchomp, L50, M|100/100\n|switch|p1a: Incineroar|Incineroar, L50, F|100/100\n|-ability|p1a: Incineroar|Intimidate|boost\n|-unboost|p2a: Sneasler|atk|1\n|-unboost|p2b: Garchomp|atk|1\n|-enditem|p2a: Sneasler|White Herb\n|-clearnegativeboost|p2a: Sneasler|[silent]\n|turn|4\n|\n|t:|1776014909\n|move|p2a: Sneasler|Protect|p2a: Sneasler\n|-singleturn|p2a: Sneasler|Protect\n|move|p2b: Garchomp|Protect|p2b: Garchomp\n|-singleturn|p2b: Garchomp|Protect\n|move|p1b: Froslass|Protect|p1b: Froslass\n|-singleturn|p1b: Froslass|Protect\n|move|p1a: Incineroar|Fake Out|p2a: Sneasler\n|-activate|p2a: Sneasler|move: Protect\n|\n|-weather|Snowscape|[upkeep]\n|-sideend|p2: PPYYY|move: Tailwind\n|upkeep\n|turn|5\n|\n|t:|1776014918\n|move|p2a: Sneasler|Rock Tomb|p1b: Froslass\n|-supereffective|p1b: Froslass|1\n|-damage|p1b: Froslass|11/100\n|-unboost|p1b: Froslass|spe|1\n|move|p2b: Garchomp|Dragon Claw|p1b: Froslass\n|-damage|p1b: Froslass|0 fnt\n|faint|p1b: Froslass\n|move|p1a: Incineroar|Flare Blitz|p2a: Sneasler\n|-damage|p2a: Sneasler|17/100\n|-damage|p1a: Incineroar|79/100|[from] Recoil\n|\n|-weather|none\n|upkeep\n|turn|6\n|\n|t:|1776014931\n|move|p2a: Sneasler|Close Combat|p1a: Incineroar\n|-supereffective|p1a: Incineroar|1\n|-damage|p1a: Incineroar|6/100\n|-unboost|p2a: Sneasler|def|1\n|-unboost|p2a: Sneasler|spd|1\n|-enditem|p1a: Incineroar|Sitrus Berry|[eat]\n|-heal|p1a: Incineroar|31/100|[from] item: Sitrus Berry\n|move|p2b: Garchomp|Earthquake|p1a: Incineroar|[spread] p2a,p1a\n|-supereffective|p2a: Sneasler|1\n|-supereffective|p1a: Incineroar|1\n|-damage|p2a: Sneasler|0 fnt\n|-damage|p1a: Incineroar|0 fnt\n|faint|p2a: Sneasler\n|faint|p1a: Incineroar\n|\n|win|PPYYY\n|l|\u2606y8po\n|player|p1|\n",
  "uploadtime": 1776014938,
  "views": 9,
  "formatid": "gen9championsvgc2026regma",
  "rating": null,
  "private": 0,
  "password": null
}