{
  "id": "gen9championsvgc2026regma-2587618458",
  "format": "[Gen 9 Champions] VGC 2026 Reg M-A",
  "players": [
    "isayhiyousayhello",
    "steve353"
  ],
  "log": "|j|\u2606isayhiyousayhello\n|j|\u2606steve353\n|t:|1776547467\n|gametype|doubles\n|player|p1|isayhiyousayhello|2|1434\n|player|p2|steve353|265|1442\n|gen|9\n|tier|[Gen 9 Champions] VGC 2026 Reg M-A\n|rated|\n|rule|Species Clause: Limit one of each Pok\u00e9mon\n|rule|Item Clause: Limit 1 of each item\n|clearpoke\n|poke|p1|Rotom-Wash, L50|\n|poke|p1|Lucario, L50, F|\n|poke|p1|Whimsicott, L50, F|\n|poke|p1|Maushold, L50|\n|poke|p1|Ninetales-Alola, L50, M|\n|poke|p1|Kingambit, L50, F|\n|poke|p2|Kangaskhan, L50, F|\n|poke|p2|Whimsicott, L50, M|\n|poke|p2|Milotic, L50, F|\n|poke|p2|Aegislash, L50, M|\n|poke|p2|Garchomp, L50, F|\n|poke|p2|Farigiraf, L50, F|\n|teampreview|4\nisayhiyousayhello rejected open team sheets.\n|inactive|Battle timer is ON: inactive players will automatically lose when time's up. (requested by isayhiyousayhello)\n|inactive|steve353 has 60 seconds left.\n|\n|t:|1776547526\n|teamsize|p1|4\n|teamsize|p2|4\n|start\n|switch|p1a: Maushold|Maushold, L50|100/100\n|switch|p1b: Lucario|Lucario, L50, F|100/100\n|switch|p2a: Kangaskhan|Kangaskhan, L50, F|100/100\n|switch|p2b: Aegislash|Aegislash, L50, M|100/100\n|turn|1\n|inactive|isayhiyousayhello has 30 seconds left.\n|inactive|steve353 has 30 seconds left.\n|inactive|isayhiyousayhello has 20 seconds left.\n|\n|t:|1776547561\n|switch|p2a: Whimsicott|Whimsicott, L50, M|100/100\n|move|p1b: Lucario|Protect|p1b: Lucario\n|-singleturn|p1b: Lucario|Protect\n|move|p1a: Maushold|Super Fang|p2a: Whimsicott\n|-damage|p2a: Whimsicott|51/100\n|-formechange|p2b: Aegislash|Aegislash-Blade|\n|move|p2b: Aegislash|Shadow Ball|p1b: Lucario\n|-activate|p1b: Lucario|move: Protect\n|\n|upkeep\n|turn|2\n|\n|t:|1776547586\n|detailschange|p1b: Lucario|Lucario-Mega, L50, F\n|-mega|p1b: Lucario|Lucario|Lucarionite\n|move|p1a: Maushold|Follow Me|p1a: Maushold\n|-singleturn|p1a: Maushold|move: Follow Me\n|move|p2a: Whimsicott|Tailwind|p2a: Whimsicott\n|-sidestart|p2: steve353|move: Tailwind\n|move|p1b: Lucario|Flash Cannon|p2b: Aegislash\n|-resisted|p2b: Aegislash|1\n|-damage|p2b: Aegislash|42/100\n|move|p2b: Aegislash|Iron Head|p1a: Maushold\n|-damage|p1a: Maushold|67/100\n|\n|-heal|p2b: Aegislash|48/100|[from] item: Leftovers\n|upkeep\n|turn|3\n|\n|t:|1776547604\n|-formechange|p2b: Aegislash|Aegislash|\n|move|p2b: Aegislash|King's Shield|p2b: Aegislash\n|-singleturn|p2b: Aegislash|Protect\n|move|p1a: Maushold|Follow Me|p1a: Maushold\n|-singleturn|p1a: Maushold|move: Follow Me\n|move|p2a: Whimsicott|Moonblast|p1a: Maushold\n|-damage|p1a: Maushold|24/100\n|move|p1b: Lucario|Flash Cannon|p2a: Whimsicott\n|-supereffective|p2a: Whimsicott|1\n|-damage|p2a: Whimsicott|0 fnt\n|faint|p2a: Whimsicott\n|\n|-heal|p2b: Aegislash|54/100|[from] item: Leftovers\n|upkeep\n|\n|t:|1776547616\n|switch|p2a: Kangaskhan|Kangaskhan, L50, F|100/100\n|turn|4\n|\n|t:|1776547624\n|switch|p1a: Whimsicott|Whimsicott, L50, F|100/100\n|detailschange|p2a: Kangaskhan|Kangaskhan-Mega, L50, F\n|-mega|p2a: Kangaskhan|Kangaskhan|Kangaskhanite\n|move|p1b: Lucario|Protect|p1b: Lucario\n|-singleturn|p1b: Lucario|Protect\n|move|p2a: Kangaskhan|Fake Out|p1a: Whimsicott\n|-damage|p1a: Whimsicott|65/100\n|-damage|p1a: Whimsicott|58/100\n|-hitcount|p1a: Whimsicott|2\n|-formechange|p2b: Aegislash|Aegislash-Blade|\n|move|p2b: Aegislash|Shadow Ball|p1b: Lucario\n|-activate|p1b: Lucario|move: Protect\n|\n|-heal|p2b: Aegislash|60/100|[from] item: Leftovers\n|upkeep\n|turn|5\n|\n|t:|1776547644\n|switch|p2a: Garchomp|Garchomp, L50, F|100/100\n|move|p1a: Whimsicott|Tailwind|p1a: Whimsicott\n|-sidestart|p1: isayhiyousayhello|move: Tailwind\n|move|p1b: Lucario|Aura Sphere|p2a: Garchomp\n|-damage|p2a: Garchomp|33/100\n|move|p2b: Aegislash|Shadow Ball|p1b: Lucario\n|-damage|p1b: Lucario|25/100\n|\n|-heal|p2b: Aegislash|67/100|[from] item: Leftovers\n|-sideend|p2: steve353|move: Tailwind\n|upkeep\n|turn|6\n|\n|t:|1776547663\n|move|p2a: Garchomp|Protect|p2a: Garchomp\n|-singleturn|p2a: Garchomp|Protect\n|move|p1a: Whimsicott|Fake Tears|p2b: Aegislash\n|-unboost|p2b: Aegislash|spd|2\n|move|p1b: Lucario|Flash Cannon|p2b: Aegislash\n|-resisted|p2b: Aegislash|1\n|-damage|p2b: Aegislash|0 fnt\n|faint|p2b: Aegislash\n|\n|upkeep\n|\n|t:|1776547668\n|switch|p2b: Kangaskhan|Kangaskhan-Mega, L50, F|100/100\n|turn|7\n|\n|t:|1776547674\n|move|p1a: Whimsicott|Protect|p1a: Whimsicott\n|-singleturn|p1a: Whimsicott|Protect\n|move|p1b: Lucario|Protect|p1b: Lucario\n|-singleturn|p1b: Lucario|Protect\n|move|p2b: Kangaskhan|Fake Out|p1a: Whimsicott\n|-activate|p1a: Whimsicott|move: Protect\n|move|p2a: Garchomp|Stomping Tantrum|p1b: Lucario\n|-activate|p1b: Lucario|move: Protect\n|\n|upkeep\n|turn|8\n|\n|t:|1776547687\n|move|p1a: Whimsicott|Moonblast|p2a: Garchomp\n|-supereffective|p2a: Garchomp|1\n|-damage|p2a: Garchomp|0 fnt\n|faint|p2a: Garchomp\n|move|p1b: Lucario|Aura Sphere|p2b: Kangaskhan\n|-supereffective|p2b: Kangaskhan|1\n|-damage|p2b: Kangaskhan|0 fnt\n|faint|p2b: Kangaskhan\n|\n|win|isayhiyousayhello\n|raw|isayhiyousayhello's rating: 1434 &rarr; <strong>1454</strong><br />(+20 for winning)\n|raw|steve353's rating: 1442 &rarr; <strong>1422</strong><br />(-20 for losing)\n|l|\u2606isayhiyousayhello\n|player|p1|\n",
  "uploadtime": 1776547721,
  "views": 25,
  "formatid": "gen9championsvgc2026regma",
  "rating": 1422,
  "private": 0,
  "password": null
}