{
  "id": "gen9championsvgc2026regma-2581043143",
  "format": "[Gen 9 Champions] VGC 2026 Reg M-A",
  "players": [
    "JavierAHA2",
    "ELIAS TRESCIENTOS"
  ],
  "log": "|j|\u2606JavierAHA2\n|j|\u2606ELIAS TRESCIENTOS\n|t:|1775954506\n|gametype|doubles\n|player|p1|JavierAHA2|biker-gen4|1145\n|player|p2|ELIAS TRESCIENTOS|101|1111\n|gen|9\n|tier|[Gen 9 Champions] VGC 2026 Reg M-A\n|rated|\n|rule|Species Clause: Limit one of each Pok\u00e9mon\n|rule|Item Clause: Limit 1 of each item\n|clearpoke\n|poke|p1|Farigiraf, L50, F|\n|poke|p1|Heracross, L50, F|\n|poke|p1|Incineroar, L50, F|\n|poke|p1|Sylveon, L50, F|\n|poke|p1|Slowking-Galar, L50, F|\n|poke|p1|Kingambit, L50, F|\n|poke|p2|Kingambit, L50, F|\n|poke|p2|Sinistcha, L50|\n|poke|p2|Dragonite, L50, F|\n|poke|p2|Sneasler, L50, F|\n|poke|p2|Incineroar, L50, F|\n|poke|p2|Basculegion, L50, M|\n|teampreview|4\n|inactive|Battle timer is ON: inactive players will automatically lose when time's up. (requested by JavierAHA2)\n|inactive|ELIAS TRESCIENTOS has 60 seconds left.\n|\n|t:|1775954617\n|teamsize|p1|4\n|teamsize|p2|4\n|start\n|switch|p1a: Farigiraf|Farigiraf, L50, F, shiny|100/100\n|switch|p1b: Incineroar|Incineroar, L50, F|100/100\n|switch|p2a: Kingambit|Kingambit, L50, F|100/100\n|switch|p2b: Incineroar|Incineroar, L50, F|100/100\n|-ability|p2b: Incineroar|Intimidate|boost\n|-unboost|p1a: Farigiraf|atk|1\n|-unboost|p1b: Incineroar|atk|1\n|-ability|p1b: Incineroar|Intimidate|boost\n|-unboost|p2a: Kingambit|atk|1\n|-ability|p2a: Kingambit|Defiant|boost\n|-boost|p2a: Kingambit|atk|2\n|-unboost|p2b: Incineroar|atk|1\n|turn|1\n|inactive|ELIAS TRESCIENTOS has 30 seconds left.\n|\n|t:|1775954648\n|move|p1a: Farigiraf|Protect|p1a: Farigiraf\n|-singleturn|p1a: Farigiraf|Protect\n|move|p2b: Incineroar|Darkest Lariat|p1a: Farigiraf\n|-activate|p1a: Farigiraf|move: Protect\n|move|p1b: Incineroar|Flare Blitz|p2a: Kingambit\n|-supereffective|p2a: Kingambit|1\n|-damage|p2a: Kingambit|42/100\n|-damage|p1b: Incineroar|81/100|[from] Recoil\n|move|p2a: Kingambit|Kowtow Cleave|p1a: Farigiraf\n|-activate|p1a: Farigiraf|move: Protect\n|\n|upkeep\n|turn|2\n|\n|t:|1775954669\n|move|p1b: Incineroar|Flare Blitz|p2a: Kingambit\n|-supereffective|p2a: Kingambit|1\n|-damage|p2a: Kingambit|0 fnt\n|faint|p2a: Kingambit\n|-damage|p1b: Incineroar|67/100|[from] Recoil\n|move|p2b: Incineroar|Darkest Lariat|p1a: Farigiraf\n|-supereffective|p1a: Farigiraf|1\n|-damage|p1a: Farigiraf|50/100\n|move|p1a: Farigiraf|Trick Room|p1a: Farigiraf\n|-fieldstart|move: Trick Room|[of] p1a: Farigiraf\n|\n|upkeep\n|\n|t:|1775954679\n|switch|p2a: Dragonite|Dragonite, L50, F|100/100\n|turn|3\n|\n|t:|1775954693\n|detailschange|p2a: Dragonite|Dragonite-Mega, L50, F\n|-mega|p2a: Dragonite|Dragonite|Dragoninite\n|move|p1a: Farigiraf|Protect|p1a: Farigiraf\n|-singleturn|p1a: Farigiraf|Protect\n|move|p2b: Incineroar|Parting Shot|p1a: Farigiraf\n|-activate|p1a: Farigiraf|move: Protect\n|move|p1b: Incineroar|Parting Shot|p2a: Dragonite\n|-unboost|p2a: Dragonite|atk|1\n|-unboost|p2a: Dragonite|spa|1\n|\n|t:|1775954704\n|switch|p1b: Heracross|Heracross, L50, F, shiny|100/100|[from] Parting Shot\n|move|p2a: Dragonite|Dragon Pulse|p1a: Farigiraf\n|-activate|p1a: Farigiraf|move: Protect\n|\n|upkeep\n|turn|4\n|inactive|JavierAHA2 has 30 seconds left.\n|\n|t:|1775954729\n|switch|p2b: Basculegion|Basculegion, L50, M|100/100\n|detailschange|p1b: Heracross|Heracross-Mega, L50, F, shiny\n|-mega|p1b: Heracross|Heracross|Heracronite\n|move|p1a: Farigiraf|Helping Hand|p1b: Heracross\n|-singleturn|p1b: Heracross|Helping Hand|[of] p1a: Farigiraf\n|move|p1b: Heracross|Rock Blast|p2a: Dragonite\n|-supereffective|p2a: Dragonite|1\n|-damage|p2a: Dragonite|87/100\n|-supereffective|p2a: Dragonite|1\n|-damage|p2a: Dragonite|62/100\n|-supereffective|p2a: Dragonite|1\n|-damage|p2a: Dragonite|36/100\n|-supereffective|p2a: Dragonite|1\n|-damage|p2a: Dragonite|11/100\n|-supereffective|p2a: Dragonite|1\n|-damage|p2a: Dragonite|0 fnt\n|faint|p2a: Dragonite\n|-hitcount|p2: Dragonite|5\n|\n|upkeep\n|\n|t:|1775954747\n|switch|p2a: Incineroar|Incineroar, L50, F|100/100\n|-ability|p2a: Incineroar|Intimidate|boost\n|-unboost|p1a: Farigiraf|atk|1\n|-unboost|p1b: Heracross|atk|1\n|turn|5\n|\n|t:|1775954768\n|move|p1a: Farigiraf|Helping Hand|p1b: Heracross\n|-singleturn|p1b: Heracross|Helping Hand|[of] p1a: Farigiraf\n|move|p2a: Incineroar|Darkest Lariat|p1a: Farigiraf\n|-supereffective|p1a: Farigiraf|1\n|-damage|p1a: Farigiraf|0 fnt\n|faint|p1a: Farigiraf\n|move|p1b: Heracross|Close Combat|p2a: Incineroar\n|-supereffective|p2a: Incineroar|1\n|-damage|p2a: Incineroar|0 fnt\n|-unboost|p1b: Heracross|def|1\n|-unboost|p1b: Heracross|spd|1\n|faint|p2a: Incineroar\n|move|p2b: Basculegion|Wave Crash|p1b: Heracross\n|-damage|p1b: Heracross|0 fnt\n|faint|p1b: Heracross\n|-damage|p2b: Basculegion|69/100|[from] Recoil\n|\n|upkeep\n|\n|t:|1775954786\n|switch|p1a: Kingambit|Kingambit, L50, F, shiny|100/100\n|switch|p1b: Incineroar|Incineroar, L50, F|67/100\n|-ability|p1b: Incineroar|Intimidate|boost\n|-unboost|p2b: Basculegion|atk|1\n|turn|6\n|\n|t:|1775954798\n|move|p1a: Kingambit|Kowtow Cleave|p2b: Basculegion\n|-supereffective|p2b: Basculegion|1\n|-damage|p2b: Basculegion|0 fnt\n|faint|p2b: Basculegion\n|\n|win|JavierAHA2\n|raw|JavierAHA2's rating: 1145 &rarr; <strong>1168</strong><br />(+23 for winning)\n|raw|ELIAS TRESCIENTOS's rating: 1111 &rarr; <strong>1088</strong><br />(-23 for losing)\n|l|\u2606ELIAS TRESCIENTOS\n|player|p2|\n",
  "uploadtime": 1775954812,
  "views": 14,
  "formatid": "gen9championsvgc2026regma",
  "rating": 1088,
  "private": 0,
  "password": null
}