{
  "id": "gen9championsvgc2026regma-2587601958",
  "format": "[Gen 9 Champions] VGC 2026 Reg M-A",
  "players": [
    "PM77Switch",
    "v stay classy v"
  ],
  "log": "|j|\u2606PM77Switch\n|j|\u2606v stay classy v\n|t:|1776545995\n|gametype|doubles\n|player|p1|PM77Switch|may-masters3|1284\n|player|p2|v stay classy v|101|1268\n|gen|9\n|tier|[Gen 9 Champions] VGC 2026 Reg M-A\n|rated|\n|rule|Species Clause: Limit one of each Pok\u00e9mon\n|rule|Item Clause: Limit 1 of each item\n|clearpoke\n|poke|p1|Blastoise, L50, F|\n|poke|p1|Kingambit, L50, M|\n|poke|p1|Sneasler, L50, F|\n|poke|p1|Aerodactyl, L50, M|\n|poke|p1|Sinistcha, L50|\n|poke|p1|Incineroar, L50, M|\n|poke|p2|Aggron, L50, F|\n|poke|p2|Basculegion, L50, M|\n|poke|p2|Pelipper, L50, M|\n|poke|p2|Sneasler, L50, F|\n|poke|p2|Incineroar, L50, F|\n|poke|p2|Sinistcha, L50|\n|teampreview|4\n|inactive|Battle timer is ON: inactive players will automatically lose when time's up. (requested by PM77Switch)\n|\n|t:|1776546017\n|teamsize|p1|4\n|teamsize|p2|4\n|start\n|switch|p1a: Kingambit|Kingambit, L50, M|100/100\n|switch|p1b: Aerodactyl|Aerodactyl, L50, M|100/100\n|switch|p2a: Basculegion|Basculegion, L50, M|100/100\n|switch|p2b: Pelipper|Pelipper, L50, M|100/100\n|-ability|p1b: Aerodactyl|Unnerve\n|-weather|RainDance|[from] ability: Drizzle|[of] p2b: Pelipper\n|turn|1\n|\n|t:|1776546041\n|move|p1a: Kingambit|Protect|p1a: Kingambit\n|-singleturn|p1a: Kingambit|Protect\n|move|p1b: Aerodactyl|Tailwind|p1b: Aerodactyl\n|-sidestart|p1: PM77Switch|move: Tailwind\n|move|p2a: Basculegion|Flip Turn|p1b: Aerodactyl\n|-supereffective|p1b: Aerodactyl|1\n|-enditem|p1b: Aerodactyl|Focus Sash\n|-damage|p1b: Aerodactyl|1/100\n|\n|t:|1776546045\n|switch|p2a: Aggron|Aggron, L50, F|100/100|[from] Flip Turn\n|move|p2b: Pelipper|Tailwind|p2b: Pelipper\n|-sidestart|p2: v stay classy v|move: Tailwind\n|\n|-weather|RainDance|[upkeep]\n|upkeep\n|turn|2\n|\n|t:|1776546065\n|switch|p1a: Blastoise|Blastoise, L50, F|100/100\n|detailschange|p2a: Aggron|Aggron-Mega, L50, F\n|-mega|p2a: Aggron|Aggron|Aggronite\n|move|p1b: Aerodactyl|Rock Slide|p2a: Aggron|[spread] p2a,p2b\n|-resisted|p2a: Aggron|1\n|-supereffective|p2b: Pelipper|1\n|-damage|p2a: Aggron|94/100\n|-damage|p2b: Pelipper|49/100\n|cant|p2b: Pelipper|flinch\n|move|p2a: Aggron|Iron Defense|p2a: Aggron\n|-boost|p2a: Aggron|def|2\n|\n|-weather|RainDance|[upkeep]\n|upkeep\n|turn|3\n|inactive|PM77Switch has 30 seconds left.\n|\n|t:|1776546099\n|detailschange|p1a: Blastoise|Blastoise-Mega, L50, F\n|-mega|p1a: Blastoise|Blastoise|Blastoisinite\n|move|p1b: Aerodactyl|Rock Slide|p2b: Pelipper|[spread] p2a,p2b\n|-resisted|p2a: Aggron|1\n|-supereffective|p2b: Pelipper|1\n|-crit|p2b: Pelipper\n|-damage|p2a: Aggron|91/100\n|-damage|p2b: Pelipper|0 fnt\n|faint|p2b: Pelipper\n|move|p1a: Blastoise|Aura Sphere|p2a: Aggron\n|-supereffective|p2a: Aggron|1\n|-damage|p2a: Aggron|41/100\n|move|p2a: Aggron|Body Press|p1a: Blastoise\n|-damage|p1a: Blastoise|35/100\n|\n|-weather|RainDance|[upkeep]\n|upkeep\n|\n|t:|1776546104\n|switch|p2b: Sinistcha|Sinistcha, L50|100/100\n|-heal|p2a: Aggron|66/100|[from] ability: Hospitality|[of] p2b: Sinistcha\n|turn|4\n|\n|t:|1776546116\n|switch|p1b: Sinistcha|Sinistcha, L50|100/100\n|-heal|p1a: Blastoise|60/100|[from] ability: Hospitality|[of] p1b: Sinistcha\n|move|p1a: Blastoise|Protect|p1a: Blastoise\n|-singleturn|p1a: Blastoise|Protect\n|move|p2b: Sinistcha|Rage Powder|p2b: Sinistcha\n|-singleturn|p2b: Sinistcha|move: Rage Powder\n|move|p2a: Aggron|Body Press|p1a: Blastoise\n|-activate|p1a: Blastoise|move: Protect\n|\n|-weather|RainDance|[upkeep]\n|-sideend|p1: PM77Switch|move: Tailwind\n|-sideend|p2: v stay classy v|move: Tailwind\n|upkeep\n|turn|5\n|\n|t:|1776546130\n|move|p1b: Sinistcha|Rage Powder|p1b: Sinistcha\n|-singleturn|p1b: Sinistcha|move: Rage Powder\n|move|p2b: Sinistcha|Rage Powder|p2b: Sinistcha\n|-singleturn|p2b: Sinistcha|move: Rage Powder\n|move|p1a: Blastoise|Water Spout|p2b: Sinistcha|[spread] p2a,p2b\n|-resisted|p2b: Sinistcha|1\n|-damage|p2a: Aggron|25/100\n|-damage|p2b: Sinistcha|74/100\n|move|p2a: Aggron|Body Press|p1b: Sinistcha\n|-immune|p1b: Sinistcha\n|\n|-weather|none\n|upkeep\n|turn|6\n|\n|t:|1776546151\n|switch|p2b: Basculegion|Basculegion, L50, M|100/100\n|move|p2a: Aggron|Protect|p2a: Aggron\n|-singleturn|p2a: Aggron|Protect\n|move|p1b: Sinistcha|Rage Powder|p1b: Sinistcha\n|-singleturn|p1b: Sinistcha|move: Rage Powder\n|move|p1a: Blastoise|Ice Beam|p2b: Basculegion\n|-resisted|p2b: Basculegion|1\n|-damage|p2b: Basculegion|83/100\n|\n|upkeep\n|turn|7\n|\n|t:|1776546165\n|move|p1a: Blastoise|Protect|p1a: Blastoise\n|-singleturn|p1a: Blastoise|Protect\n|move|p2a: Aggron|Protect||[still]\n|-fail|p2a: Aggron\n|move|p2b: Basculegion|Last Respects|p1b: Sinistcha\n|-supereffective|p1b: Sinistcha|1\n|-crit|p1b: Sinistcha\n|-damage|p1b: Sinistcha|0 fnt\n|faint|p1b: Sinistcha\n|\n|upkeep\n|\n|t:|1776546174\n|switch|p1b: Kingambit|Kingambit, L50, M|100/100\n|turn|8\n|\n|t:|1776546187\n|switch|p2b: Sinistcha|Sinistcha, L50|74/100\n|-heal|p2a: Aggron|50/100|[from] ability: Hospitality|[of] p2b: Sinistcha\n|move|p2a: Aggron|Protect|p2a: Aggron\n|-singleturn|p2a: Aggron|Protect\n|move|p1a: Blastoise|Aura Sphere|p2a: Aggron\n|-activate|p2a: Aggron|move: Protect\n|move|p1b: Kingambit|Kowtow Cleave|p2b: Sinistcha\n|-supereffective|p2b: Sinistcha|1\n|-damage|p2b: Sinistcha|0 fnt\n|faint|p2b: Sinistcha\n|\n|upkeep\n|\n|t:|1776546190\n|switch|p2b: Basculegion|Basculegion, L50, M|83/100\n|turn|9\n|\n|t:|1776546200\n|move|p1a: Blastoise|Protect|p1a: Blastoise\n|-singleturn|p1a: Blastoise|Protect\n|move|p1b: Kingambit|Protect|p1b: Kingambit\n|-singleturn|p1b: Kingambit|Protect\n|move|p2b: Basculegion|Last Respects|p1a: Blastoise\n|-activate|p1a: Blastoise|move: Protect\n|move|p2a: Aggron|Body Press|p1a: Blastoise\n|-activate|p1a: Blastoise|move: Protect\n|\n|upkeep\n|turn|10\n|\n|t:|1776546211\n|move|p1b: Kingambit|Sucker Punch|p2b: Basculegion\n|-supereffective|p2b: Basculegion|1\n|-damage|p2b: Basculegion|0 fnt\n|faint|p2b: Basculegion\n|move|p1a: Blastoise|Aura Sphere|p2a: Aggron\n|-supereffective|p2a: Aggron|1\n|-damage|p2a: Aggron|0 fnt\n|faint|p2a: Aggron\n|\n|win|PM77Switch\n|raw|PM77Switch's rating: 1284 &rarr; <strong>1308</strong><br />(+24 for winning)\n|raw|v stay classy v's rating: 1268 &rarr; <strong>1244</strong><br />(-24 for losing)\n|l|\u2606v stay classy v\n|player|p2|\n",
  "uploadtime": 1776546218,
  "views": 17,
  "formatid": "gen9championsvgc2026regma",
  "rating": 1244,
  "private": 0,
  "password": null
}