{
  "id": "gen9championsvgc2026regma-2587225314",
  "format": "[Gen 9 Champions] VGC 2026 Reg M-A",
  "players": [
    "Tukin005",
    "TinoD"
  ],
  "log": "|j|\u2606Tukin005\n|j|\u2606TinoD\n|t:|1776511346\n|gametype|doubles\n|player|p1|Tukin005|backpacker|1145\n|player|p2|TinoD|preschooler|1131\n|gen|9\n|tier|[Gen 9 Champions] VGC 2026 Reg M-A\n|rated|\n|rule|Species Clause: Limit one of each Pok\u00e9mon\n|rule|Item Clause: Limit 1 of each item\n|clearpoke\n|poke|p1|Garchomp, L50, M|\n|poke|p1|Whimsicott, L50, F|\n|poke|p1|Tyranitar, L50, M|\n|poke|p1|Delphox, L50, F|\n|poke|p1|Sinistcha, L50|\n|poke|p1|Orthworm, L50, M|\n|poke|p2|Dragonite, L50, F|\n|poke|p2|Incineroar, L50, M|\n|poke|p2|Pelipper, L50, M|\n|poke|p2|Garchomp, L50, F|\n|poke|p2|Basculegion, L50, M|\n|poke|p2|Rotom-Wash, L50|\n|teampreview|4\n|inactive|Battle timer is ON: inactive players will automatically lose when time's up. (requested by TinoD)\n|inactive|Tukin005 also wants the timer to be on.\n|inactive|Tukin005 has 60 seconds left.\n|inactive|TinoD has 60 seconds left.\n|\n|t:|1776511404\n|teamsize|p1|4\n|teamsize|p2|4\n|start\n|switch|p1a: Whimsicott|Whimsicott, L50, F|100/100\n|switch|p1b: Orthworm|Orthworm, L50, M|100/100\n|switch|p2a: Incineroar|Incineroar, L50, M|100/100\n|switch|p2b: Pelipper|Pelipper, L50, M|100/100\n|-weather|RainDance|[from] ability: Drizzle|[of] p2b: Pelipper\n|-ability|p2a: Incineroar|Intimidate|boost\n|-unboost|p1a: Whimsicott|atk|1\n|-unboost|p1b: Orthworm|atk|1\n|turn|1\n|\n|t:|1776511418\n|move|p2a: Incineroar|Fake Out|p1a: Whimsicott\n|-damage|p1a: Whimsicott|85/100\n|cant|p1a: Whimsicott|flinch\n|move|p2b: Pelipper|Ice Beam|p1a: Whimsicott\n|-supereffective|p1a: Whimsicott|1\n|-crit|p1a: Whimsicott\n|-damage|p1a: Whimsicott|0 fnt\n|faint|p1a: Whimsicott\n|move|p1b: Orthworm|Shed Tail|p1b: Orthworm\n|-start|p1b: Orthworm|Substitute|[from] move: Shed Tail\n|-damage|p1b: Orthworm|50/100\n|-enditem|p1b: Orthworm|Sitrus Berry|[eat]\n|-heal|p1b: Orthworm|75/100|[from] item: Sitrus Berry\n|\n|t:|1776511439\n|switch|p1b: Garchomp|Garchomp, L50, M|100/100|[from] Shed Tail\n|\n|-weather|RainDance|[upkeep]\n|upkeep\n|\n|t:|1776511445\n|switch|p1a: Tyranitar|Tyranitar, L50, M|100/100\n|-weather|Sandstorm|[from] ability: Sand Stream|[of] p1a: Tyranitar\n|turn|2\n|\n|t:|1776511457\n|switch|p2b: Basculegion|Basculegion, L50, M|100/100\n|switch|p2a: Rotom|Rotom-Wash, L50|100/100\n|detailschange|p1b: Garchomp|Garchomp-Mega, L50, M\n|-mega|p1b: Garchomp|Garchomp|Garchompite\n|move|p1b: Garchomp|Rock Slide|p2a: Rotom|[spread] p2b\n|-miss|p1b: Garchomp|p2a: Rotom\n|-damage|p2b: Basculegion|68/100\n|move|p1a: Tyranitar|Rock Slide|p2b: Basculegion|[spread] p2a,p2b\n|-damage|p2a: Rotom|71/100\n|-damage|p2b: Basculegion|35/100\n|\n|-weather|Sandstorm|[upkeep]\n|-damage|p2b: Basculegion|29/100|[from] Sandstorm\n|-damage|p2a: Rotom|65/100|[from] Sandstorm\n|upkeep\n|turn|3\n|inactive|Tukin005 has 30 seconds left.\n|\n|t:|1776511484\n|switch|p2a: Pelipper|Pelipper, L50, M|100/100\n|-weather|RainDance|[from] ability: Drizzle|[of] p2a: Pelipper\n|move|p1a: Tyranitar|Protect|p1a: Tyranitar\n|-singleturn|p1a: Tyranitar|Protect\n|move|p2b: Basculegion|Flip Turn|p1b: Garchomp\n|-end|p1b: Garchomp|Substitute\n|\n|t:|1776511495\n|switch|p2b: Incineroar|Incineroar, L50, M|100/100|[from] Flip Turn\n|-ability|p2b: Incineroar|Intimidate|boost\n|-unboost|p1a: Tyranitar|atk|1\n|-unboost|p1b: Garchomp|atk|1\n|move|p1b: Garchomp|Dragon Claw|p2b: Incineroar\n|-damage|p2b: Incineroar|69/100\n|\n|-weather|RainDance|[upkeep]\n|-heal|p2b: Incineroar|75/100|[from] item: Leftovers\n|upkeep\n|turn|4\n|\n|t:|1776511515\n|switch|p1a: Orthworm|Orthworm, L50, M|75/100\n|move|p1b: Garchomp|Protect|p1b: Garchomp\n|-singleturn|p1b: Garchomp|Protect\n|move|p2b: Incineroar|Fake Out|p1b: Garchomp\n|-activate|p1b: Garchomp|move: Protect\n|move|p2a: Pelipper|Muddy Water|p1b: Garchomp|[spread] p1a\n|-activate|p1b: Garchomp|move: Protect\n|-damage|p1a: Orthworm|15/100\n|\n|-weather|RainDance|[upkeep]\n|-heal|p2b: Incineroar|81/100|[from] item: Leftovers\n|upkeep\n|turn|5\n|\n|t:|1776511535\n|switch|p2a: Rotom|Rotom-Wash, L50|65/100\n|move|p1b: Garchomp|Earthquake|p2a: Rotom|[spread] p2b\n|-heal|p1a: Orthworm|40/100|[from] ability: Earth Eater|[of] p1b: Garchomp\n|-immune|p2a: Rotom|[from] ability: Levitate\n|-supereffective|p2b: Incineroar|1\n|-damage|p2b: Incineroar|18/100\n|move|p1a: Orthworm|Body Press|p2b: Incineroar\n|-supereffective|p2b: Incineroar|1\n|-damage|p2b: Incineroar|0 fnt\n|faint|p2b: Incineroar\n|\n|-weather|RainDance|[upkeep]\n|upkeep\n|\n|t:|1776511546\n|switch|p2b: Basculegion|Basculegion, L50, M|29/100\n|turn|6\n|\n|t:|1776511562\n|switch|p1b: Tyranitar|Tyranitar, L50, M|100/100\n|-weather|Sandstorm|[from] ability: Sand Stream|[of] p1b: Tyranitar\n|move|p2b: Basculegion|Protect|p2b: Basculegion\n|-singleturn|p2b: Basculegion|Protect\n|move|p2a: Rotom|Will-O-Wisp|p1b: Tyranitar\n|-status|p1b: Tyranitar|brn\n|move|p1a: Orthworm|Body Press|p2a: Rotom\n|-damage|p2a: Rotom|39/100\n|-enditem|p2a: Rotom|Sitrus Berry|[eat]\n|-heal|p2a: Rotom|64/100|[from] item: Sitrus Berry\n|\n|-weather|Sandstorm|[upkeep]\n|-damage|p2b: Basculegion|23/100|[from] Sandstorm\n|-damage|p2a: Rotom|57/100|[from] Sandstorm\n|-damage|p1b: Tyranitar|94/100 brn|[from] brn\n|upkeep\n|turn|7\n|\n|t:|1776511586\n|move|p2b: Basculegion|Flip Turn|p1a: Orthworm\n|-damage|p1a: Orthworm|18/100\n|\n|t:|1776511591\n|switch|p2b: Pelipper|Pelipper, L50, M|100/100|[from] Flip Turn\n|-weather|RainDance|[from] ability: Drizzle|[of] p2b: Pelipper\n|move|p2a: Rotom|Volt Switch|p1a: Orthworm\n|-damage|p1a: Orthworm|0 fnt\n|faint|p1a: Orthworm\n|\n|t:|1776511603\n|switch|p2a: Basculegion|Basculegion, L50, M|23/100|[from] Volt Switch\n|move|p1b: Tyranitar|Knock Off|p2b: Pelipper\n|-damage|p2b: Pelipper|63/100\n|-enditem|p2b: Pelipper|Choice Scarf|[from] move: Knock Off|[of] p1b: Tyranitar\n|\n|-weather|RainDance|[upkeep]\n|-damage|p1b: Tyranitar|88/100 brn|[from] brn\n|upkeep\n|\n|t:|1776511613\n|switch|p1a: Garchomp|Garchomp-Mega, L50, M|100/100\n|turn|8\n|\n|t:|1776511628\n|move|p2a: Basculegion|Wave Crash|p1b: Tyranitar\n|-supereffective|p1b: Tyranitar|1\n|-damage|p1b: Tyranitar|0 fnt\n|faint|p1b: Tyranitar\n|-damage|p2a: Basculegion|0 fnt|[from] Recoil\n|faint|p2a: Basculegion\n|move|p1a: Garchomp|Rock Slide|p2b: Pelipper|[miss]\n|-miss|p1a: Garchomp|p2b: Pelipper\n|move|p2b: Pelipper|Ice Beam|p1a: Garchomp\n|-supereffective|p1a: Garchomp|2\n|-crit|p1a: Garchomp\n|-damage|p1a: Garchomp|0 fnt\n|faint|p1a: Garchomp\n|\n|win|TinoD\n|raw|Tukin005's rating: 1145 &rarr; <strong>1119</strong><br />(-26 for losing)\n|raw|TinoD's rating: 1131 &rarr; <strong>1157</strong><br />(+26 for winning)\n",
  "uploadtime": 1776511642,
  "views": 18,
  "formatid": "gen9championsvgc2026regma",
  "rating": 1119,
  "private": 0,
  "password": null
}