{
  "id": "gen9championsvgc2026regma-2581906785",
  "format": "[Gen 9 Champions] VGC 2026 Reg M-A",
  "players": [
    "darthcfl",
    "pasaelsol"
  ],
  "log": "|j|\u2606darthcfl\n|j|\u2606pasaelsol\n|t:|1776038614\n|gametype|doubles\n|player|p1|darthcfl|preschooler|1000\n|player|p2|pasaelsol|picnicker|1014\n|gen|9\n|tier|[Gen 9 Champions] VGC 2026 Reg M-A\n|rated|\n|rule|Species Clause: Limit one of each Pok\u00e9mon\n|rule|Item Clause: Limit 1 of each item\n|clearpoke\n|poke|p1|Sableye, L50, M|\n|poke|p1|Aerodactyl, L50, M|\n|poke|p1|Sneasler, L50, F|\n|poke|p1|Orthworm, L50, F|\n|poke|p1|Pinsir, L50, F|\n|poke|p1|Alakazam, L50, M|\n|poke|p2|Tinkaton, L50, F|\n|poke|p2|Garchomp, L50, F|\n|poke|p2|Sinistcha, L50|\n|poke|p2|Hawlucha, L50, F|\n|poke|p2|Excadrill, L50, M|\n|poke|p2|Rotom-Wash, L50|\n|teampreview|4\n|inactive|Battle timer is ON: inactive players will automatically lose when time's up. (requested by darthcfl)\n|\n|t:|1776038659\n|teamsize|p1|4\n|teamsize|p2|4\n|start\n|switch|p1a: Sableye|Sableye, L50, M|100/100\n|switch|p1b: Aerodactyl|Aerodactyl, L50, M|100/100\n|switch|p2a: Tinkaton|Tinkaton, L50, F|100/100\n|switch|p2b: Rotom|Rotom-Wash, L50|100/100\n|-ability|p1b: Aerodactyl|Unnerve\n|-ability|p2a: Tinkaton|Mold Breaker\n|turn|1\n|\n|t:|1776038678\n|move|p2a: Tinkaton|Fake Out|p1b: Aerodactyl\n|-resisted|p1b: Aerodactyl|1\n|-damage|p1b: Aerodactyl|94/100\n|move|p1a: Sableye|Fake Out|p2a: Tinkaton\n|-resisted|p2a: Tinkaton|1\n|-damage|p2a: Tinkaton|97/100\n|cant|p1b: Aerodactyl|flinch\n|move|p2b: Rotom|Will-O-Wisp|p1b: Aerodactyl\n|-status|p1b: Aerodactyl|brn\n|\n|-damage|p1b: Aerodactyl|88/100 brn|[from] brn\n|upkeep\n|turn|2\n|\n|t:|1776038701\n|switch|p1b: Orthworm|Orthworm, L50, F|100/100\n|move|p1a: Sableye|Will-O-Wisp|p2a: Tinkaton\n|-status|p2a: Tinkaton|brn\n|move|p2a: Tinkaton|Gigaton Hammer|p1b: Orthworm\n|-resisted|p1b: Orthworm|1\n|-damage|p1b: Orthworm|95/100\n|move|p2b: Rotom|Volt Switch|p1a: Sableye\n|-crit|p1a: Sableye\n|-damage|p1a: Sableye|58/100\n|\n|t:|1776038714\n|switch|p2b: Hawlucha|Hawlucha, L50, F|100/100|[from] Volt Switch\n|-ability|p2b: Hawlucha|Mold Breaker\n|\n|-heal|p1a: Sableye|64/100|[from] item: Leftovers\n|-damage|p2a: Tinkaton|90/100 brn|[from] brn\n|upkeep\n|turn|3\n|\n|t:|1776038733\n|detailschange|p2b: Hawlucha|Hawlucha-Mega, L50, F\n|-mega|p2b: Hawlucha|Hawlucha|Hawluchanite\n|move|p2b: Hawlucha|Quick Guard|p2b: Hawlucha\n|-singleturn|p2b: Hawlucha|Quick Guard\n|move|p1a: Sableye|Will-O-Wisp|p2b: Hawlucha\n|-activate|p2b: Hawlucha|move: Quick Guard\n|move|p2a: Tinkaton|Thunder Wave|p1a: Sableye\n|-status|p1a: Sableye|par\n|move|p1b: Orthworm|Body Press|p2a: Tinkaton\n|-damage|p2a: Tinkaton|57/100 brn\n|\n|-heal|p1a: Sableye|69/100 par|[from] item: Leftovers\n|-damage|p2a: Tinkaton|50/100 brn|[from] brn\n|upkeep\n|-enditem|p2a: Tinkaton|Sitrus Berry|[eat]\n|-heal|p2a: Tinkaton|75/100 brn|[from] item: Sitrus Berry\n|turn|4\n|inactive|darthcfl has 30 seconds left.\n|\n|t:|1776038759\n|switch|p2b: Rotom|Rotom-Wash, L50|100/100\n|move|p1a: Sableye|Will-O-Wisp|p2b: Rotom\n|-status|p2b: Rotom|brn\n|move|p2a: Tinkaton|Gigaton Hammer|p1a: Sableye\n|-damage|p1a: Sableye|37/100 par\n|move|p1b: Orthworm|Shed Tail|p1b: Orthworm\n|-start|p1b: Orthworm|Substitute|[from] move: Shed Tail\n|-damage|p1b: Orthworm|45/100\n|-enditem|p1b: Orthworm|Sitrus Berry|[eat]\n|-heal|p1b: Orthworm|69/100|[from] item: Sitrus Berry\n|\n|t:|1776038773\n|switch|p1b: Pinsir|Pinsir, L50, F|100/100|[from] Shed Tail\n|\n|-heal|p1a: Sableye|43/100 par|[from] item: Leftovers\n|-damage|p2a: Tinkaton|69/100 brn|[from] brn\n|-damage|p2b: Rotom|95/100 brn|[from] brn\n|upkeep\n|turn|5\n|inactive|darthcfl has 30 seconds left.\n|\n|t:|1776038808\n|move|p2a: Tinkaton|Helping Hand|p2b: Rotom\n|-singleturn|p2b: Rotom|Helping Hand|[of] p2a: Tinkaton\n|move|p1a: Sableye|Encore|p2a: Tinkaton\n|-start|p2a: Tinkaton|Encore\n|move|p1b: Pinsir|Swords Dance|p1b: Pinsir\n|-boost|p1b: Pinsir|atk|2\n|move|p2b: Rotom|Volt Switch|p1a: Sableye\n|-damage|p1a: Sableye|4/100 par\n|\n|t:|1776038826\n|switch|p2b: Excadrill|Excadrill, L50, M|100/100|[from] Volt Switch\n|\n|-heal|p1a: Sableye|10/100 par|[from] item: Leftovers\n|-damage|p2a: Tinkaton|63/100 brn|[from] brn\n|upkeep\n|turn|6\n|inactive|darthcfl has 30 seconds left.\n|\n|t:|1776038857\n|move|p2a: Tinkaton|Helping Hand|p2b: Excadrill\n|-singleturn|p2b: Excadrill|Helping Hand|[of] p2a: Tinkaton\n|move|p1a: Sableye|Will-O-Wisp|p2b: Excadrill|[miss]\n|-miss|p1a: Sableye|p2b: Excadrill\n|move|p2b: Excadrill|Rock Slide|p1a: Sableye|[spread] p1a\n|-miss|p2b: Excadrill|p1b: Pinsir\n|-damage|p1a: Sableye|0 fnt\n|faint|p1a: Sableye\n|move|p1b: Pinsir|Lunge|p2b: Excadrill\n|-resisted|p2b: Excadrill|1\n|-damage|p2b: Excadrill|39/100\n|-unboost|p2b: Excadrill|atk|1\n|\n|-damage|p2a: Tinkaton|57/100 brn|[from] brn\n|upkeep\n|\n|t:|1776038877\n|switch|p1a: Aerodactyl|Aerodactyl, L50, M|88/100 brn\n|-ability|p1a: Aerodactyl|Unnerve\n|turn|7\n|\n|t:|1776038890\n|detailschange|p1b: Pinsir|Pinsir-Mega, L50, F\n|-mega|p1b: Pinsir|Pinsir|Pinsirite\n|move|p2a: Tinkaton|Helping Hand|p2b: Excadrill\n|-singleturn|p2b: Excadrill|Helping Hand|[of] p2a: Tinkaton\n|move|p1a: Aerodactyl|Tailwind|p1a: Aerodactyl\n|-sidestart|p1: darthcfl|move: Tailwind\n|move|p1b: Pinsir|Body Slam|p2b: Excadrill\n|-resisted|p2b: Excadrill|1\n|-damage|p2b: Excadrill|0 fnt\n|faint|p2b: Excadrill\n|\n|-damage|p1a: Aerodactyl|82/100 brn|[from] brn\n|-damage|p2a: Tinkaton|50/100 brn|[from] brn\n|upkeep\n|\n|t:|1776038905\n|switch|p2b: Rotom|Rotom-Wash, L50|95/100 brn\n|turn|8\n|\n|t:|1776038922\n|move|p2a: Tinkaton|Helping Hand|p2b: Rotom\n|-singleturn|p2b: Rotom|Helping Hand|[of] p2a: Tinkaton\n|move|p1a: Aerodactyl|Rock Slide|p2a: Tinkaton|[spread] p2a,p2b\n|-resisted|p2a: Tinkaton|1\n|-damage|p2a: Tinkaton|44/100 brn\n|-damage|p2b: Rotom|85/100 brn\n|move|p1b: Pinsir|Body Slam|p2b: Rotom\n|-resisted|p2b: Rotom|1\n|-damage|p2b: Rotom|24/100 brn\n|move|p2b: Rotom|Volt Switch|p1a: Aerodactyl\n|-supereffective|p1a: Aerodactyl|1\n|-damage|p1a: Aerodactyl|0 fnt\n|faint|p1a: Aerodactyl\n|\n|t:|1776038935\n|switch|p2b: Hawlucha|Hawlucha-Mega, L50, F|100/100|[from] Volt Switch\n|\n|-damage|p2a: Tinkaton|38/100 brn|[from] brn\n|-end|p2a: Tinkaton|Encore\n|upkeep\n|\n|t:|1776038938\n|switch|p1a: Orthworm|Orthworm, L50, F|69/100\n|turn|9\n|\n|t:|1776038951\n|move|p1b: Pinsir|Body Slam|p2b: Hawlucha\n|-supereffective|p2b: Hawlucha|1\n|-damage|p2b: Hawlucha|0 fnt\n|faint|p2b: Hawlucha\n|move|p1a: Orthworm|Body Press|p2a: Tinkaton\n|-damage|p2a: Tinkaton|4/100 brn\n|move|p2a: Tinkaton|Gigaton Hammer|p1b: Pinsir\n|-activate|p1b: Pinsir|move: Substitute|[damage]\n|\n|-damage|p2a: Tinkaton|0 fnt|[from] brn\n|faint|p2a: Tinkaton\n|upkeep\n|\n|t:|1776038965\n|switch|p2b: Rotom|Rotom-Wash, L50|24/100 brn\n|turn|10\n|-message|pasaelsol forfeited.\n|\n|win|darthcfl\n|raw|darthcfl's rating: 1000 &rarr; <strong>1042</strong><br />(+42 for winning)\n|raw|pasaelsol's rating: 1014 &rarr; <strong>1001</strong><br />(-13 for losing)\n|l|\u2606pasaelsol\n|player|p2|\n",
  "uploadtime": 1776038970,
  "views": 12,
  "formatid": "gen9championsvgc2026regma",
  "rating": 1001,
  "private": 0,
  "password": null
}