{
  "id": "gen9championsvgc2026regma-2583851901",
  "format": "[Gen 9 Champions] VGC 2026 Reg M-A",
  "players": [
    "banana superior",
    "Wolfe Flick"
  ],
  "log": "|j|\u2606banana superior\n|j|\u2606Wolfe Flick\n|t:|1776202719\n|gametype|doubles\n|player|p1|banana superior|smasher|1476\n|player|p2|Wolfe Flick|leon-tower|1545\n|gen|9\n|tier|[Gen 9 Champions] VGC 2026 Reg M-A\n|rated|\n|rule|Species Clause: Limit one of each Pok\u00e9mon\n|rule|Item Clause: Limit 1 of each item\n|clearpoke\n|poke|p1|Floette-Eternal, L50, F|\n|poke|p1|Incineroar, L50, M|\n|poke|p1|Mimikyu, L50, F|\n|poke|p1|Torkoal, L50, M|\n|poke|p1|Sinistcha-Masterpiece, L50|\n|poke|p1|Kingambit, L50, M|\n|poke|p2|Pelipper, L50, M|\n|poke|p2|Meganium, L50, M|\n|poke|p2|Basculegion, L50, M|\n|poke|p2|Archaludon, L50, M|\n|poke|p2|Glimmora, L50, F|\n|poke|p2|Sableye, L50, F|\n|teampreview|4\n|inactive|Battle timer is ON: inactive players will automatically lose when time's up. (requested by banana superior)\n|inactive|Wolfe Flick has 60 seconds left.\n|\n|t:|1776202760\n|teamsize|p1|4\n|teamsize|p2|4\n|start\n|switch|p1a: Mimikyu|Mimikyu, L50, F, shiny|100/100\n|switch|p1b: Incineroar|Incineroar, L50, M, shiny|100/100\n|switch|p2a: Pelipper|Pelipper, L50, M, shiny|100/100\n|switch|p2b: Glimmora|Glimmora, L50, F, shiny|100/100\n|-weather|RainDance|[from] ability: Drizzle|[of] p2a: Pelipper\n|-ability|p1b: Incineroar|Intimidate|boost\n|-unboost|p2a: Pelipper|atk|1\n|-unboost|p2b: Glimmora|atk|1\n|turn|1\n|inactive|banana superior has 30 seconds left.\n|\n|t:|1776202790\n|detailschange|p2b: Glimmora|Glimmora-Mega, L50, F, shiny\n|-mega|p2b: Glimmora|Glimmora|Glimmoranite\n|move|p1b: Incineroar|Fake Out|p2b: Glimmora\n|-resisted|p2b: Glimmora|1\n|-damage|p2b: Glimmora|95/100\n|cant|p2b: Glimmora|flinch\n|move|p2a: Pelipper|Muddy Water|p1b: Incineroar|[spread] p1b\n|-miss|p2a: Pelipper|p1a: Mimikyu\n|-supereffective|p1b: Incineroar|1\n|-damage|p1b: Incineroar|8/100\n|-unboost|p1b: Incineroar|accuracy|1\n|-enditem|p1b: Incineroar|Sitrus Berry|[eat]\n|-heal|p1b: Incineroar|33/100|[from] item: Sitrus Berry\n|move|p1a: Mimikyu|Trick Room|p1a: Mimikyu\n|-fieldstart|move: Trick Room|[of] p1a: Mimikyu\n|\n|-weather|RainDance|[upkeep]\n|upkeep\n|turn|2\n|inactive|banana superior has 30 seconds left.\n|inactive|Wolfe Flick has 30 seconds left.\n|\n|t:|1776202821\n|move|p1b: Incineroar|Parting Shot|p2b: Glimmora\n|-unboost|p2b: Glimmora|atk|1\n|-unboost|p2b: Glimmora|spa|1\n|j| SpatulaHands\n|\n|t:|1776202825\n|switch|p1b: Torkoal|Torkoal, L50, M|100/100|[from] Parting Shot\n|-weather|SunnyDay|[from] ability: Drought|[of] p1b: Torkoal\n|move|p1a: Mimikyu|Light Screen|p1a: Mimikyu\n|-sidestart|p1: banana superior|move: Light Screen\n|move|p2a: Pelipper|Muddy Water|p1a: Mimikyu|[spread] p1a\n|-miss|p2a: Pelipper|p1b: Torkoal\n|-activate|p1a: Mimikyu|ability: Disguise\n|-damage|p1a: Mimikyu|100/100\n|-unboost|p1a: Mimikyu|accuracy|1\n|detailschange|p1a: Mimikyu|Mimikyu-Busted, L50, F, shiny\n|-damage|p1a: Mimikyu|89/100|[from] pokemon: Mimikyu-Busted\n|move|p2b: Glimmora|Sludge Bomb|p1a: Mimikyu\n|-damage|p1a: Mimikyu|56/100\n|\n|-weather|SunnyDay|[upkeep]\n|upkeep\n|turn|3\n|inactive|banana superior has 30 seconds left.\n|\n|t:|1776202852\n|switch|p1a: Floette|Floette-Eternal, L50, F|100/100\n|switch|p2a: Basculegion|Basculegion, L50, M|100/100\n|move|p2b: Glimmora|Spiky Shield|p2b: Glimmora\n|-singleturn|p2b: Glimmora|move: Protect\n|move|p1b: Torkoal|Eruption|p2b: Glimmora|[spread] p2a\n|-activate|p2b: Glimmora|move: Protect\n|-resisted|p2a: Basculegion|1\n|-damage|p2a: Basculegion|49/100\n|\n|-weather|SunnyDay|[upkeep]\n|upkeep\n|turn|4\n|j| your stepsister\n|inactive|banana superior has 30 seconds left.\n|\n|t:|1776202878\n|switch|p2a: Pelipper|Pelipper, L50, M, shiny|100/100\n|-weather|RainDance|[from] ability: Drizzle|[of] p2a: Pelipper\n|detailschange|p1a: Floette|Floette-Mega, L50, F\n|-mega|p1a: Floette|Floette|Floettite\n|-ability|p1a: Floette|Fairy Aura\n|move|p1b: Torkoal|Eruption|p2a: Pelipper|[spread] p2a,p2b\n|-resisted|p2a: Pelipper|1\n|-resisted|p2b: Glimmora|1\n|-damage|p2a: Pelipper|74/100\n|-damage|p2b: Glimmora|80/100\n|move|p1a: Floette|Moonblast|p2b: Glimmora\n|-resisted|p2b: Glimmora|1\n|-damage|p2b: Glimmora|29/100\n|move|p2b: Glimmora|Sludge Bomb|p1a: Floette\n|-supereffective|p1a: Floette|1\n|-damage|p1a: Floette|55/100\n|\n|-weather|RainDance|[upkeep]\n|upkeep\n|turn|5\n|inactive|Wolfe Flick has 30 seconds left.\n|inactive|Wolfe Flick has 20 seconds left.\n|\n|t:|1776202915\n|move|p2b: Glimmora|Spiky Shield|p2b: Glimmora\n|-singleturn|p2b: Glimmora|move: Protect\n|move|p1b: Torkoal|Weather Ball|p2b: Glimmora\n|-activate|p2b: Glimmora|move: Protect\n|move|p2a: Pelipper|Tailwind|p2a: Pelipper\n|-sidestart|p2: Wolfe Flick|move: Tailwind\n|move|p1a: Floette|Moonblast|p2a: Pelipper\n|-damage|p2a: Pelipper|0 fnt\n|faint|p2a: Pelipper\n|\n|-weather|RainDance|[upkeep]\n|-fieldend|move: Trick Room\n|upkeep\n|\n|t:|1776202928\n|switch|p2a: Basculegion|Basculegion, L50, M|49/100\n|turn|6\n|\n|t:|1776202935\n|switch|p1b: Incineroar|Incineroar, L50, M, shiny|33/100\n|-ability|p1b: Incineroar|Intimidate|boost\n|-unboost|p2a: Basculegion|atk|1\n|-unboost|p2b: Glimmora|atk|1\n|move|p1a: Floette|Protect|p1a: Floette\n|-singleturn|p1a: Floette|Protect\n|move|p2a: Basculegion|Wave Crash|p1a: Floette\n|-activate|p1a: Floette|move: Protect\n|move|p2b: Glimmora|Power Gem|p1b: Incineroar\n|-supereffective|p1b: Incineroar|1\n|-damage|p1b: Incineroar|0 fnt\n|faint|p1b: Incineroar\n|\n|-weather|RainDance|[upkeep]\n|-sideend|p1: banana superior|move: Light Screen\n|upkeep\n|\n|t:|1776202948\n|switch|p1b: Mimikyu|Mimikyu-Busted, L50, F, shiny|56/100\n|turn|7\n|inactive|Wolfe Flick has 30 seconds left.\n|\n|t:|1776202979\n|switch|p1b: Torkoal|Torkoal, L50, M|100/100\n|-weather|SunnyDay|[from] ability: Drought|[of] p1b: Torkoal\n|move|p2a: Basculegion|Wave Crash|p1b: Torkoal\n|-supereffective|p1b: Torkoal|1\n|-damage|p1b: Torkoal|64/100\n|-damage|p2a: Basculegion|39/100|[from] Recoil\n|move|p2b: Glimmora|Sludge Bomb|p1b: Torkoal\n|-damage|p1b: Torkoal|0 fnt\n|faint|p1b: Torkoal\n|move|p1a: Floette|Dazzling Gleam|p2b: Glimmora|[spread] p2a,p2b\n|-resisted|p2b: Glimmora|1\n|-damage|p2a: Basculegion|0 fnt\n|-damage|p2b: Glimmora|0 fnt\n|faint|p2a: Basculegion\n|faint|p2b: Glimmora\n|\n|-weather|SunnyDay|[upkeep]\n|upkeep\n|\n|t:|1776202994\n|switch|p2b: Archaludon|Archaludon, L50, M, shiny|100/100\n|switch|p1b: Mimikyu|Mimikyu-Busted, L50, F, shiny|56/100\n|turn|8\n|c|\u2606banana superior|Gg\n|\n|t:|1776203015\n|move|p2b: Archaludon|Flash Cannon|p1b: Mimikyu\n|-supereffective|p1b: Mimikyu|1\n|-damage|p1b: Mimikyu|0 fnt\n|faint|p1b: Mimikyu\n|move|p1a: Floette|Moonblast|p2b: Archaludon\n|-ability|p2b: Archaludon|Sturdy\n|-damage|p2b: Archaludon|1/100\n|\n|-weather|SunnyDay|[upkeep]\n|-sideend|p2: Wolfe Flick|move: Tailwind\n|upkeep\n|turn|9\n|\n|t:|1776203026\n|move|p2b: Archaludon|Flash Cannon|p1a: Floette\n|-supereffective|p1a: Floette|1\n|-damage|p1a: Floette|0 fnt\n|faint|p1a: Floette\n|\n|win|Wolfe Flick\n|raw|banana superior's rating: 1476 &rarr; <strong>1460</strong><br />(-16 for losing)\n|raw|Wolfe Flick's rating: 1545 &rarr; <strong>1561</strong><br />(+16 for winning)\n|l|\u2606Wolfe Flick\n|player|p2|\n|l|\u2606banana superior\n|player|p1|\n",
  "uploadtime": 1776203033,
  "views": 42,
  "formatid": "gen9championsvgc2026regma",
  "rating": 1460,
  "private": 0,
  "password": null
}