{
  "id": "gen9championsvgc2026regma-2587045175",
  "format": "[Gen 9 Champions] VGC 2026 Reg M-A",
  "players": [
    "crownnnnnnnnnn",
    "garreeeee"
  ],
  "log": "|j|\u2606crownnnnnnnnnn\n|j|\u2606garreeeee\n|t:|1776486181\n|gametype|doubles\n|player|p1|crownnnnnnnnnn|265|\n|player|p2|garreeeee|juggler|\n|gen|9\n|tier|[Gen 9 Champions] VGC 2026 Reg M-A\n|rule|Species Clause: Limit one of each Pok\u00e9mon\n|rule|Item Clause: Limit 1 of each item\n|clearpoke\n|poke|p1|Garchomp, L50, M|\n|poke|p1|Tyranitar, L50, M|\n|poke|p1|Gengar, L50, M, shiny|\n|poke|p1|Aerodactyl, L50, M|\n|poke|p1|Rotom-Wash, L50|\n|poke|p1|Sneasler, L50, F|\n|poke|p2|Charizard, L50, F|\n|poke|p2|Venusaur, L50, F|\n|poke|p2|Sneasler, L50, F|\n|poke|p2|Whimsicott, L50, M|\n|poke|p2|Incineroar, L50, F|\n|poke|p2|Rotom-Heat, L50|\n|teampreview|4\n|\n|t:|1776486221\n|teamsize|p1|4\n|teamsize|p2|4\n|start\n|switch|p1a: Echo|Garchomp, L50, M|100/100\n|switch|p1b: Don't Fight Guys!|Tyranitar, L50, M|100/100\n|switch|p2a: Rotom|Rotom-Heat, L50|100/100\n|switch|p2b: Sneasler|Sneasler, L50, F|100/100\n|-weather|Sandstorm|[from] ability: Sand Stream|[of] p1b: Don't Fight Guys!\n|turn|1\n|\n|t:|1776486246\n|switch|p1b: 'MYYYYY FOOD!!!!\"|Aerodactyl, L50, M|100/100\n|-ability|p1b: 'MYYYYY FOOD!!!!\"|Unnerve\n|move|p2b: Sneasler|Protect|p2b: Sneasler\n|-singleturn|p2b: Sneasler|Protect\n|move|p1a: Echo|Protect|p1a: Echo\n|-singleturn|p1a: Echo|Protect\n|move|p2a: Rotom|Protect||[still]\n|-fail|p2a: Rotom\n|\n|-weather|Sandstorm|[upkeep]\n|-damage|p2b: Sneasler|95/100|[from] Sandstorm\n|-damage|p2a: Rotom|95/100|[from] Sandstorm\n|upkeep\n|turn|2\n|\n|t:|1776486273\n|detailschange|p1a: Echo|Garchomp-Mega, L50, M\n|-mega|p1a: Echo|Garchomp|Garchompite\n|move|p1b: 'MYYYYY FOOD!!!!\"|Tailwind|p1b: 'MYYYYY FOOD!!!!\"\n|-sidestart|p1: crownnnnnnnnnn|move: Tailwind\n|move|p1a: Echo|Earthquake|p2b: Sneasler|[spread] p2b\n|-immune|p1b: 'MYYYYY FOOD!!!!\"\n|-immune|p2a: Rotom|[from] ability: Levitate\n|-supereffective|p2b: Sneasler|1\n|-damage|p2b: Sneasler|0 fnt\n|faint|p2b: Sneasler\n|move|p2a: Rotom|Overheat|p1b: 'MYYYYY FOOD!!!!\"\n|-resisted|p1b: 'MYYYYY FOOD!!!!\"|1\n|-damage|p1b: 'MYYYYY FOOD!!!!\"|70/100\n|-unboost|p2a: Rotom|spa|2\n|\n|-weather|Sandstorm|[upkeep]\n|-damage|p2a: Rotom|89/100|[from] Sandstorm\n|upkeep\n|\n|t:|1776486294\n|switch|p2b: Charizard|Charizard, L50, F|100/100\n|turn|3\n|\n|t:|1776486308\n|move|p1b: 'MYYYYY FOOD!!!!\"|Rock Slide|p2b: Charizard|[spread] p2a,p2b\n|-supereffective|p2a: Rotom|1\n|-supereffective|p2b: Charizard|2\n|-damage|p2a: Rotom|28/100\n|-damage|p2b: Charizard|0 fnt\n|faint|p2b: Charizard\n|move|p1a: Echo|Dragon Claw|p2a: Rotom\n|-damage|p2a: Rotom|0 fnt\n|faint|p2a: Rotom\n|\n|-weather|Sandstorm|[upkeep]\n|upkeep\n|\n|t:|1776486322\n|switch|p2b: Whimsicott|Whimsicott, L50, M|100/100\n|turn|4\n|\n|t:|1776486335\n|move|p1b: 'MYYYYY FOOD!!!!\"|Protect|p1b: 'MYYYYY FOOD!!!!\"\n|-singleturn|p1b: 'MYYYYY FOOD!!!!\"|Protect\n|move|p2b: Whimsicott|Sunny Day|p2b: Whimsicott\n|-weather|SunnyDay\n|move|p1a: Echo|Iron Head|p2b: Whimsicott\n|-supereffective|p2b: Whimsicott|1\n|-damage|p2b: Whimsicott|3/100\n|\n|-weather|SunnyDay|[upkeep]\n|upkeep\n|turn|5\n|\n|t:|1776486359\n|switch|p1b: Washing Machine|Rotom-Wash, L50|100/100\n|move|p1a: Echo|Iron Head|p2b: Whimsicott\n|-supereffective|p2b: Whimsicott|1\n|-damage|p2b: Whimsicott|0 fnt\n|faint|p2b: Whimsicott\n|\n|win|crownnnnnnnnnn\n",
  "uploadtime": 1776486376,
  "views": 15,
  "formatid": "gen9championsvgc2026regma",
  "rating": null,
  "private": 0,
  "password": null
}