{
  "id": "gen9championsvgc2026regma-2586011320",
  "format": "[Gen 9 Champions] VGC 2026 Reg M-A",
  "players": [
    "dolphined",
    "llama rosa"
  ],
  "log": "|j|\u2606dolphined\n|j|\u2606llama rosa\n|t:|1776390068\n|gametype|doubles\n|player|p1|dolphined|101|1000\n|player|p2|llama rosa|2|1078\n|gen|9\n|tier|[Gen 9 Champions] VGC 2026 Reg M-A\n|rated|\n|rule|Species Clause: Limit one of each Pok\u00e9mon\n|rule|Item Clause: Limit 1 of each item\n|clearpoke\n|poke|p1|Tyranitar, L50, M|\n|poke|p1|Gardevoir, L50, M|\n|poke|p1|Gyarados, L50, F|\n|poke|p1|Excadrill, L50, M|\n|poke|p1|Sinistcha, L50|\n|poke|p1|Rotom-Heat, L50|\n|poke|p2|Maushold-Four, L50|\n|poke|p2|Gardevoir, L50, F|\n|poke|p2|Basculegion, L50, M|\n|poke|p2|Talonflame, L50, F|\n|poke|p2|Kingambit, L50, M|\n|poke|p2|Garchomp, L50, M|\n|teampreview|4\n|c|\u2606dolphined|yo who should i open with'\n|c|\u2606dolphined|this is my first time playing\n|\n|t:|1776390127\n|teamsize|p1|4\n|teamsize|p2|4\n|start\n|switch|p1a: Tyranitar|Tyranitar, L50, M|100/100\n|switch|p1b: Excadrill|Excadrill, L50, M|100/100\n|switch|p2a: Maushold|Maushold-Four, L50|100/100\n|switch|p2b: Gardevoir|Gardevoir, L50, F, shiny|100/100\n|-weather|Sandstorm|[from] ability: Sand Stream|[of] p1a: Tyranitar\n|turn|1\n|\n|t:|1776390165\n|switch|p2b: Basculegion|Basculegion, L50, M|100/100\n|move|p2a: Maushold|Protect|p2a: Maushold\n|-singleturn|p2a: Maushold|Protect\n|move|p1b: Excadrill|Iron Head|p2b: Basculegion\n|-resisted|p2b: Basculegion|1\n|-damage|p2b: Basculegion|84/100\n|move|p1a: Tyranitar|Rock Slide|p2b: Basculegion|[spread] p2b\n|-activate|p2a: Maushold|move: Protect\n|-damage|p2b: Basculegion|58/100\n|\n|-weather|Sandstorm|[upkeep]\n|-damage|p2a: Maushold|94/100|[from] Sandstorm\n|-damage|p2b: Basculegion|53/100|[from] Sandstorm\n|upkeep\n|turn|2\n|\n|t:|1776390203\n|move|p1b: Excadrill|High Horsepower|p2a: Maushold\n|-damage|p2a: Maushold|34/100\n|move|p2a: Maushold|Super Fang|p1b: Excadrill\n|-damage|p1b: Excadrill|51/100\n|move|p1a: Tyranitar|Crunch|p2b: Basculegion\n|-supereffective|p2b: Basculegion|1\n|-damage|p2b: Basculegion|0 fnt\n|faint|p2b: Basculegion\n|\n|-weather|Sandstorm|[upkeep]\n|-damage|p2a: Maushold|28/100|[from] Sandstorm\n|upkeep\n|\n|t:|1776390213\n|switch|p2b: Kingambit|Kingambit, L50, M|100/100\n|turn|3\n|\n|t:|1776390239\n|move|p1b: Excadrill|Protect|p1b: Excadrill\n|-singleturn|p1b: Excadrill|Protect\n|move|p2a: Maushold|Protect|p2a: Maushold\n|-singleturn|p2a: Maushold|Protect\n|move|p1a: Tyranitar|Protect|p1a: Tyranitar\n|-singleturn|p1a: Tyranitar|Protect\n|move|p2b: Kingambit|Iron Head|p1a: Tyranitar\n|-activate|p1a: Tyranitar|move: Protect\n|\n|-weather|Sandstorm|[upkeep]\n|-damage|p2a: Maushold|22/100|[from] Sandstorm\n|upkeep\n|turn|4\n|\n|t:|1776390273\n|move|p1b: Excadrill|High Horsepower|p2b: Kingambit\n|-supereffective|p2b: Kingambit|1\n|-damage|p2b: Kingambit|43/100\n|move|p2a: Maushold|Encore|p1a: Tyranitar\n|-start|p1a: Tyranitar|Encore\n|move|p1a: Tyranitar|Protect|p1a: Tyranitar\n|-singleturn|p1a: Tyranitar|Protect\n|move|p2b: Kingambit|Iron Head|p1a: Tyranitar\n|-activate|p1a: Tyranitar|move: Protect\n|\n|-weather|Sandstorm|[upkeep]\n|-damage|p2a: Maushold|16/100|[from] Sandstorm\n|upkeep\n|turn|5\n|\n|t:|1776390304\n|move|p1a: Tyranitar|Protect|p1a: Tyranitar\n|-singleturn|p1a: Tyranitar|Protect\n|move|p2a: Maushold|Follow Me|p2a: Maushold\n|-singleturn|p2a: Maushold|move: Follow Me\n|move|p1b: Excadrill|Earthquake|p2b: Kingambit|[spread] p2a,p2b\n|-activate|p1a: Tyranitar|move: Protect\n|-supereffective|p2b: Kingambit|1\n|-damage|p2a: Maushold|0 fnt\n|-damage|p2b: Kingambit|2/100\n|faint|p2a: Maushold\n|move|p2b: Kingambit|Iron Head|p1a: Tyranitar\n|-activate|p1a: Tyranitar|move: Protect\n|\n|-weather|none\n|upkeep\n|\n|t:|1776390313\n|switch|p2a: Gardevoir|Gardevoir, L50, F, shiny|100/100\n|turn|6\n|\n|t:|1776390321\n|detailschange|p2a: Gardevoir|Gardevoir-Mega, L50, F, shiny\n|-mega|p2a: Gardevoir|Gardevoir|Gardevoirite\n|move|p1a: Tyranitar|Protect||[still]\n|-fail|p1a: Tyranitar\n|move|p1b: Excadrill|Earthquake|p2a: Gardevoir|[spread] p1a,p2a,p2b\n|-supereffective|p1a: Tyranitar|1\n|-supereffective|p2b: Kingambit|1\n|-damage|p1a: Tyranitar|25/100\n|-damage|p2a: Gardevoir|47/100\n|-damage|p2b: Kingambit|0 fnt\n|faint|p2b: Kingambit\n|move|p2a: Gardevoir|Hyper Voice|p1a: Tyranitar|[spread] p1a,p1b\n|-supereffective|p1a: Tyranitar|1\n|-resisted|p1b: Excadrill|1\n|-damage|p1a: Tyranitar|0 fnt\n|-damage|p1b: Excadrill|18/100\n|faint|p1a: Tyranitar\n|\n|upkeep\n|\n|t:|1776390356\n|switch|p1a: Rotom|Rotom-Heat, L50|100/100\n|turn|7\n|\n|t:|1776390389\n|move|p1a: Rotom|Overheat|p2a: Gardevoir\n|-damage|p2a: Gardevoir|0 fnt\n|-unboost|p1a: Rotom|spa|2\n|faint|p2a: Gardevoir\n|\n|win|dolphined\n|raw|dolphined's rating: 1000 &rarr; <strong>1049</strong><br />(+49 for winning)\n|raw|llama rosa's rating: 1078 &rarr; <strong>1052</strong><br />(-26 for losing)\n|l|\u2606llama rosa\n|player|p2|\n",
  "uploadtime": 1776390498,
  "views": 16,
  "formatid": "gen9championsvgc2026regma",
  "rating": 1049,
  "private": 0,
  "password": null
}