{
  "id": "gen9championsvgc2026regma-2588381136",
  "format": "[Gen 9 Champions] VGC 2026 Reg M-A",
  "players": [
    "FlowerGirl1000",
    "Oogan Boogan"
  ],
  "log": "|j|\u2606FlowerGirl1000\n|j|\u2606Oogan Boogan\n|t:|1776628757\n|gametype|doubles\n|player|p1|FlowerGirl1000|schoolkidf|1189\n|player|p2|Oogan Boogan|juan|1262\n|gen|9\n|tier|[Gen 9 Champions] VGC 2026 Reg M-A\n|rated|\n|rule|Species Clause: Limit one of each Pok\u00e9mon\n|rule|Item Clause: Limit 1 of each item\n|clearpoke\n|poke|p1|Delphox, L50, F|\n|poke|p1|Garchomp, L50, F|\n|poke|p1|Kingambit, L50, M|\n|poke|p1|Sneasler, L50, M|\n|poke|p1|Basculegion, L50, M|\n|poke|p1|Meganium, L50, F|\n|poke|p2|Talonflame, L50, F|\n|poke|p2|Gengar, L50, F|\n|poke|p2|Archaludon, L50, F|\n|poke|p2|Pelipper, L50, F|\n|poke|p2|Whimsicott, L50, F|\n|poke|p2|Kangaskhan, L50, F|\n|teampreview|4\n|j| TheBergentruck1\n|l| TheBergentruck1\nOogan Boogan has agreed to open team sheets.\n|\n|t:|1776628794\n|teamsize|p1|4\n|teamsize|p2|4\n|start\n|switch|p1a: Sneasler|Sneasler, L50, M|100/100\n|switch|p1b: Meganium|Meganium, L50, F|100/100\n|switch|p2a: imablisey|Gengar, L50, F|100/100\n|switch|p2b: Whimsicott|Whimsicott, L50, F|100/100\n|turn|1\n|\n|t:|1776628829\n|detailschange|p2a: imablisey|Gengar-Mega, L50, F\n|-mega|p2a: imablisey|Gengar|Gengarite\n|detailschange|p1b: Meganium|Meganium-Mega, L50, F\n|-mega|p1b: Meganium|Meganium|Meganiumite\n|move|p2b: Whimsicott|Protect|p2b: Whimsicott\n|-singleturn|p2b: Whimsicott|Protect\n|move|p2a: imablisey|Protect|p2a: imablisey\n|-singleturn|p2a: imablisey|Protect\n|move|p1a: Sneasler|Fake Out|p2b: Whimsicott\n|-activate|p2b: Whimsicott|move: Protect\n|move|p1b: Meganium|Dazzling Gleam|p2a: imablisey|[spread] \n|-activate|p2a: imablisey|move: Protect\n|-activate|p2b: Whimsicott|move: Protect\n|\n|upkeep\n|turn|2\n|\n|t:|1776628858\n|move|p2b: Whimsicott|Encore|p1a: Sneasler\n|-start|p1a: Sneasler|Encore\n|move|p1a: Sneasler|Fake Out||[still]\n|-hint|Fake Out only works on your first turn out.\n|-fail|p1a: Sneasler\n|move|p2a: imablisey|Sludge Bomb|p1b: Meganium\n|-supereffective|p1b: Meganium|2\n|-damage|p1b: Meganium|0 fnt\n|faint|p1b: Meganium\n|\n|upkeep\n|\n|t:|1776628867\n|switch|p1b: Kingambit|Kingambit, L50, M|100/100\n|turn|3\n|\n|t:|1776628932\n|switch|p2b: Pelipper|Pelipper, L50, F|100/100\n|-weather|RainDance|[from] ability: Drizzle|[of] p2b: Pelipper\n|move|p2a: imablisey|Protect|p2a: imablisey\n|-singleturn|p2a: imablisey|Protect\n|move|p1b: Kingambit|Sucker Punch||[still]\n|-fail|p1b: Kingambit\n|-activate|p1a: Sneasler|move: Struggle\n|move|p1a: Sneasler|Struggle|p2b: Pelipper\n|-damage|p2b: Pelipper|74/100\n|-damage|p1a: Sneasler|76/100|[from] recoil\n|\n|-weather|RainDance|[upkeep]\n|upkeep\n|turn|4\n|inactive|Battle timer is ON: inactive players will automatically lose when time's up. (requested by FlowerGirl1000)\n|\n|t:|1776628945\n|move|p1b: Kingambit|Sucker Punch||[still]\n|-fail|p1b: Kingambit\n|move|p2a: imablisey|Disable|p1b: Kingambit\n|-start|p1b: Kingambit|Disable|Sucker Punch\n|move|p2b: Pelipper|Weather Ball|p1b: Kingambit\n|-damage|p1b: Kingambit|42/100\n|-activate|p1a: Sneasler|move: Struggle\n|move|p1a: Sneasler|Struggle|p2b: Pelipper\n|-damage|p2b: Pelipper|51/100\n|-damage|p1a: Sneasler|51/100|[from] recoil\n|\n|-weather|RainDance|[upkeep]\n|-end|p1a: Sneasler|Encore\n|upkeep\n|turn|5\n|\n|t:|1776628962\n|move|p2a: imablisey|Shadow Ball|p1a: Sneasler\n|-damage|p1a: Sneasler|0 fnt\n|faint|p1a: Sneasler\n|move|p2b: Pelipper|Weather Ball|p1b: Kingambit\n|-damage|p1b: Kingambit|0 fnt\n|faint|p1b: Kingambit\n|\n|-weather|RainDance|[upkeep]\n|upkeep\n|-message|FlowerGirl1000 forfeited.\n|\n|win|Oogan Boogan\n|raw|FlowerGirl1000's rating: 1189 &rarr; <strong>1169</strong><br />(-20 for losing)\n|raw|Oogan Boogan's rating: 1262 &rarr; <strong>1282</strong><br />(+20 for winning)\n|l|\u2606FlowerGirl1000\n|player|p1|\n",
  "uploadtime": 1776628975,
  "views": 19,
  "formatid": "gen9championsvgc2026regma",
  "rating": 1169,
  "private": 0,
  "password": null
}