{
  "id": "gen9championsvgc2026regma-2589391231",
  "format": "[Gen 9 Champions] VGC 2026 Reg M-A",
  "players": [
    "rickieragon",
    "SoleRage"
  ],
  "log": "|j|\u2606rickieragon\n|j|\u2606SoleRage\n|t:|1776719192\n|gametype|doubles\n|player|p1|rickieragon|schoolkid-gen4dp|1000\n|player|p2|SoleRage|170|1026\n|gen|9\n|tier|[Gen 9 Champions] VGC 2026 Reg M-A\n|rated|\n|rule|Species Clause: Limit one of each Pok\u00e9mon\n|rule|Item Clause: Limit 1 of each item\n|clearpoke\n|poke|p1|Milotic, L50, M, shiny|\n|poke|p1|Archaludon, L50, M|\n|poke|p1|Froslass, L50, F|\n|poke|p1|Maushold-Four, L50|\n|poke|p1|Dragapult, L50, F, shiny|\n|poke|p1|Sableye, L50, M|\n|poke|p2|Charizard, L50, F|\n|poke|p2|Garchomp, L50, M|\n|poke|p2|Sneasler, L50, F|\n|poke|p2|Incineroar, L50, F|\n|poke|p2|Venusaur, L50, F|\n|poke|p2|Whimsicott, L50, M|\n|teampreview|4\n|\n|t:|1776719251\n|teamsize|p1|4\n|teamsize|p2|4\n|start\n|switch|p1a: Milotic|Milotic, L50, M, shiny|100/100\n|switch|p1b: Maushold|Maushold-Four, L50|100/100\n|switch|p2a: Whimsicott|Whimsicott, L50, M|100/100\n|switch|p2b: Charizard|Charizard, L50, F|100/100\n|turn|1\n|\n|t:|1776719274\n|detailschange|p2b: Charizard|Charizard-Mega-Y, L50, F\n|-mega|p2b: Charizard|Charizard|Charizardite Y\n|-weather|SunnyDay|[from] ability: Drought|[of] p2b: Charizard\n|move|p2a: Whimsicott|Moonblast|p1a: Milotic\n|-damage|p1a: Milotic|88/100\n|move|p1b: Maushold|Taunt|p2a: Whimsicott\n|-start|p2a: Whimsicott|move: Taunt\n|move|p2b: Charizard|Solar Beam||[still]\n|-prepare|p2b: Charizard|Solar Beam\n|-anim|p2b: Charizard|Solar Beam|p1a: Milotic\n|-supereffective|p1a: Milotic|1\n|-damage|p1a: Milotic|51/100\n|move|p1a: Milotic|Coil|p1a: Milotic\n|-boost|p1a: Milotic|atk|1\n|-boost|p1a: Milotic|def|1\n|-boost|p1a: Milotic|accuracy|1\n|\n|-weather|SunnyDay|[upkeep]\n|-heal|p1a: Milotic|57/100|[from] item: Leftovers\n|upkeep\n|turn|2\n|\n|t:|1776719328\n|switch|p2a: Sneasler|Sneasler, L50, F|100/100\n|move|p1b: Maushold|Super Fang|p2a: Sneasler|[miss]\n|-miss|p1b: Maushold|p2a: Sneasler\n|move|p2b: Charizard|Heat Wave|p1b: Maushold|[spread] p1a,p1b\n|-resisted|p1a: Milotic|1\n|-damage|p1a: Milotic|45/100\n|-damage|p1b: Maushold|18/100\n|move|p1a: Milotic|Hypnosis|p2b: Charizard\n|-status|p2b: Charizard|slp|[from] move: Hypnosis\n|\n|-weather|SunnyDay|[upkeep]\n|-heal|p1a: Milotic|50/100|[from] item: Leftovers\n|upkeep\n|turn|3\n|\n|t:|1776719351\n|switch|p2b: Whimsicott|Whimsicott, L50, M|100/100\n|move|p2a: Sneasler|Fake Out|p1a: Milotic\n|-damage|p1a: Milotic|43/100\n|move|p1b: Maushold|Super Fang|p2a: Sneasler\n|-damage|p2a: Sneasler|51/100\n|cant|p1a: Milotic|flinch\n|\n|-weather|SunnyDay|[upkeep]\n|-heal|p1a: Milotic|49/100|[from] item: Leftovers\n|upkeep\n|turn|4\n|\n|t:|1776719374\n|move|p2b: Whimsicott|Encore|p1a: Milotic\n|-start|p1a: Milotic|Encore\n|move|p2a: Sneasler|Dire Claw|p1b: Maushold\n|-damage|p1b: Maushold|0 fnt\n|faint|p1b: Maushold\n|move|p1a: Milotic|Hypnosis|p2b: Whimsicott\n|-status|p2b: Whimsicott|slp|[from] move: Hypnosis\n|\n|-weather|SunnyDay|[upkeep]\n|-heal|p1a: Milotic|54/100|[from] item: Leftovers\n|upkeep\n|\n|t:|1776719385\n|switch|p1b: Dragapult|Dragapult, L50, F, shiny|100/100\n|turn|5\n|\n|t:|1776719402\n|switch|p2a: Charizard|Charizard-Mega-Y, L50, F|100/100 slp\n|cant|p2b: Whimsicott|slp\n|move|p1b: Dragapult|Dragon Dance|p1b: Dragapult\n|-boost|p1b: Dragapult|atk|1\n|-boost|p1b: Dragapult|spe|1\n|move|p1a: Milotic|Hypnosis|p2a: Charizard\n|-fail|p2a: Charizard|slp\n|\n|-weather|none\n|-heal|p1a: Milotic|60/100|[from] item: Leftovers\n|upkeep\n|turn|6\n|\n|t:|1776719417\n|move|p1b: Dragapult|Dragon Claw|p2a: Charizard\n|-damage|p2a: Charizard|9/100 slp\n|cant|p2b: Whimsicott|slp\n|cant|p2a: Charizard|slp\n|move|p1a: Milotic|Hypnosis|p2b: Whimsicott|[miss]\n|-miss|p1a: Milotic|p2b: Whimsicott\n|\n|-heal|p1a: Milotic|66/100|[from] item: Leftovers\n|-end|p1a: Milotic|Encore\n|upkeep\n|turn|7\n|\n|t:|1776719431\n|cant|p2a: Charizard|slp\n|move|p1b: Dragapult|Phantom Force||[still]\n|-prepare|p1b: Dragapult|Phantom Force\n|-curestatus|p2b: Whimsicott|slp|[msg]\n|move|p2b: Whimsicott|Moonblast|p1b: Dragapult|[miss]\n|-miss|p2b: Whimsicott|p1b: Dragapult\n|move|p1a: Milotic|Muddy Water|p2b: Whimsicott|[spread] p2a,p2b\n|-supereffective|p2a: Charizard|1\n|-resisted|p2b: Whimsicott|1\n|-damage|p2a: Charizard|0 fnt\n|-damage|p2b: Whimsicott|85/100\n|faint|p2a: Charizard\n|\n|-heal|p1a: Milotic|72/100|[from] item: Leftovers\n|upkeep\n|\n|t:|1776719450\n|switch|p2a: Sneasler|Sneasler, L50, F|51/100\n|turn|8\n|\n|t:|1776719460\n|move|p2b: Whimsicott|Protect|p2b: Whimsicott\n|-singleturn|p2b: Whimsicott|Protect\n|move|p2a: Sneasler|Fake Out|p1a: Milotic\n|-damage|p1a: Milotic|63/100\n|move|p1b: Dragapult|Phantom Force|p2b: Whimsicott|[from] lockedmove\n|-activate|p2b: Whimsicott|move: Phantom Force|[broken]\n|-damage|p2b: Whimsicott|0 fnt\n|faint|p2b: Whimsicott\n|cant|p1a: Milotic|flinch\n|\n|-heal|p1a: Milotic|69/100|[from] item: Leftovers\n|upkeep\n|\n|t:|1776719470\n|switch|p2b: Garchomp|Garchomp, L50, M|100/100\n|turn|9\n|\n|t:|1776719476\n|move|p1b: Dragapult|Protect|p1b: Dragapult\n|-singleturn|p1b: Dragapult|Protect\n|move|p2b: Garchomp|Dragon Claw|p1b: Dragapult\n|-activate|p1b: Dragapult|move: Protect\n|move|p2a: Sneasler|Dire Claw|p1a: Milotic\n|-damage|p1a: Milotic|36/100\n|move|p1a: Milotic|Hypnosis|p2b: Garchomp|[miss]\n|-miss|p1a: Milotic|p2b: Garchomp\n|\n|-heal|p1a: Milotic|42/100|[from] item: Leftovers\n|upkeep\n|turn|10\n|\n|t:|1776719493\n|switch|p1b: Archaludon|Archaludon, L50, M|100/100\n|move|p2b: Garchomp|Dragon Claw|p1b: Archaludon\n|-crit|p1b: Archaludon\n|-damage|p1b: Archaludon|51/100\n|move|p2a: Sneasler|Dire Claw|p1a: Milotic\n|-crit|p1a: Milotic\n|-damage|p1a: Milotic|0 fnt\n|faint|p1a: Milotic\n|\n|upkeep\n|\n|t:|1776719502\n|switch|p1a: Dragapult|Dragapult, L50, F, shiny|100/100\n|turn|11\n|\n|t:|1776719522\n|move|p1b: Archaludon|Protect|p1b: Archaludon\n|-singleturn|p1b: Archaludon|Protect\n|move|p2b: Garchomp|Dragon Claw|p1a: Dragapult\n|-supereffective|p1a: Dragapult|1\n|-enditem|p1a: Dragapult|Focus Sash\n|-damage|p1a: Dragapult|1/100\n|move|p1a: Dragapult|Phantom Force||[still]\n|-prepare|p1a: Dragapult|Phantom Force\n|move|p2a: Sneasler|Close Combat|p1b: Archaludon\n|-activate|p1b: Archaludon|move: Protect\n|\n|upkeep\n|turn|12\n|\n|t:|1776719541\n|move|p2b: Garchomp|Dragon Claw|p1b: Archaludon\n|-damage|p1b: Archaludon|22/100\n|move|p1a: Dragapult|Phantom Force|p2a: Sneasler|[from] lockedmove\n|-damage|p2a: Sneasler|0 fnt\n|faint|p2a: Sneasler\n|move|p1b: Archaludon|Dragon Pulse|p2b: Garchomp\n|-supereffective|p2b: Garchomp|1\n|-damage|p2b: Garchomp|16/100\n|\n|upkeep\n|turn|13\n|\n|t:|1776719565\n|move|p2b: Garchomp|Dragon Claw|p1b: Archaludon\n|-damage|p1b: Archaludon|0 fnt\n|faint|p1b: Archaludon\n|move|p1a: Dragapult|Dragon Claw|p2b: Garchomp\n|-supereffective|p2b: Garchomp|1\n|-damage|p2b: Garchomp|0 fnt\n|-damage|p1a: Dragapult|0 fnt|[from] ability: Rough Skin|[of] p2b: Garchomp\n|faint|p2b: Garchomp\n|faint|p1a: Dragapult\n|\n|win|rickieragon\n|raw|rickieragon's rating: 1000 &rarr; <strong>1043</strong><br />(+43 for winning)\n|raw|SoleRage's rating: 1026 &rarr; <strong>1011</strong><br />(-15 for losing)\n",
  "uploadtime": 1776719578,
  "views": 15,
  "formatid": "gen9championsvgc2026regma",
  "rating": 1011,
  "private": 0,
  "password": null
}