{
  "id": "gen9championsvgc2026regma-2583080369",
  "format": "[Gen 9 Champions] VGC 2026 Reg M-A",
  "players": [
    "SpikeMike",
    "snively3"
  ],
  "log": "|j|\u2606SpikeMike\n|j|\u2606snively3\n|t:|1776139755\n|gametype|doubles\n|player|p1|SpikeMike|molayne|\n|player|p2|snively3|veteran|\n|gen|9\n|tier|[Gen 9 Champions] VGC 2026 Reg M-A\n|rated|Tournament battle\n|rule|Species Clause: Limit one of each Pok\u00e9mon\n|rule|Item Clause: Limit 1 of each item\n|clearpoke\n|poke|p1|Kangaskhan, L50, F|\n|poke|p1|Farigiraf, L50, F|\n|poke|p1|Basculegion, L50, M|\n|poke|p1|Talonflame, L50, M|\n|poke|p1|Sneasler, L50, M|\n|poke|p1|Sylveon, L50, F|\n|poke|p2|Venusaur, L50, F|\n|poke|p2|Incineroar, L50, M|\n|poke|p2|Politoed, L50, M|\n|poke|p2|Aerodactyl, L50, F|\n|poke|p2|Gengar, L50, M|\n|poke|p2|Basculegion, L50, M|\n|teampreview|4\n|inactive|Battle timer is ON: inactive players will automatically lose when time's up. (requested by SpikeMike)\n|inactive|snively3 also wants the timer to be on.\n|c|\u2606snively3|glhf\n|c|\u2606SpikeMike|u as well :D\nsnively3 has agreed to open team sheets.\n|inactive|SpikeMike has 60 seconds left.\n|inactive|snively3 has 60 seconds left.\n|j| magicalarcher57\n|c|\u2606SpikeMike|heyo :D\n|\n|t:|1776139808\n|teamsize|p1|4\n|teamsize|p2|4\n|start\n|switch|p1a: Kangaskhan|Kangaskhan, L50, F, shiny|100/100\n|switch|p1b: Farigiraf|Farigiraf, L50, F, shiny|100/100\n|switch|p2a: Venusaur|Venusaur, L50, F|100/100\n|switch|p2b: Incineroar|Incineroar, L50, M|100/100\n|-ability|p2b: Incineroar|Intimidate|boost\n|-fail|p1a: Kangaskhan|unboost|Attack|[from] ability: Scrappy|[of] p1a: Kangaskhan\n|-unboost|p1b: Farigiraf|atk|1\n|turn|1\n|c| magicalarcher57|spike\n|c| magicalarcher57|see who is the next opponent\n|c|\u2606SpikeMike|I saw lmao\n|c| magicalarcher57|:sob:\n|c|\u2606SpikeMike|i messaged you about it\n|c|\u2606SpikeMike|it's ok I'm goated\n|\n|t:|1776139831\n|detailschange|p2a: Venusaur|Venusaur-Mega, L50, F\n|-mega|p2a: Venusaur|Venusaur|Venusaurite\n|move|p1a: Kangaskhan|Fake Out|p2a: Venusaur\n|-damage|p2a: Venusaur|87/100\n|cant|p2a: Venusaur|flinch\n|move|p2b: Incineroar|Parting Shot|p1b: Farigiraf\n|-unboost|p1b: Farigiraf|atk|1\n|-unboost|p1b: Farigiraf|spa|1\n|j| kito335\n|\n|t:|1776139842\n|switch|p2b: Aerodactyl|Aerodactyl, L50, F|100/100|[from] Parting Shot\n|-ability|p2b: Aerodactyl|Unnerve\n|move|p1b: Farigiraf|Trick Room|p1b: Farigiraf\n|-fieldstart|move: Trick Room|[of] p1b: Farigiraf\n|\n|upkeep\n|turn|2\n|inactive|SpikeMike has 30 seconds left.\n|inactive|SpikeMike has 20 seconds left.\n|\n|t:|1776139879\n|switch|p2b: Incineroar|Incineroar, L50, M|100/100\n|-ability|p2b: Incineroar|Intimidate|boost\n|-fail|p1a: Kangaskhan|unboost|Attack|[from] ability: Scrappy|[of] p1a: Kangaskhan\n|-unboost|p1b: Farigiraf|atk|1\n|detailschange|p1a: Kangaskhan|Kangaskhan-Mega, L50, F, shiny\n|-mega|p1a: Kangaskhan|Kangaskhan|Kangaskhanite\n|move|p2a: Venusaur|Protect|p2a: Venusaur\n|-singleturn|p2a: Venusaur|Protect\n|move|p1b: Farigiraf|Hyper Voice|p2b: Incineroar|[spread] p2b\n|-activate|p2a: Venusaur|move: Protect\n|-damage|p2b: Incineroar|84/100\n|move|p1a: Kangaskhan|Double-Edge|p2a: Venusaur\n|-activate|p2a: Venusaur|move: Protect\n|\n|upkeep\n|turn|3\n|\n|t:|1776139903\n|switch|p2a: Basculegion|Basculegion, L50, M|100/100\n|move|p1b: Farigiraf|Psychic|p2a: Basculegion\n|-damage|p2a: Basculegion|69/100\n|move|p2b: Incineroar|Parting Shot|p1a: Kangaskhan\n|-unboost|p1a: Kangaskhan|atk|1\n|-unboost|p1a: Kangaskhan|spa|1\n|\n|t:|1776139912\n|switch|p2b: Venusaur|Venusaur-Mega, L50, F|87/100|[from] Parting Shot\n|move|p1a: Kangaskhan|Hammer Arm|p2b: Venusaur|[miss]\n|-miss|p1a: Kangaskhan|p2b: Venusaur\n|\n|upkeep\n|turn|4\n|c|\u2606SpikeMike|marcher\n|n|!SpikeMike|spikemike\n|inactive|SpikeMike has 30 seconds left.\n|inactive|SpikeMike has 20 seconds left.\n|\n|t:|1776139949\n|switch|p2a: Incineroar|Incineroar, L50, M|84/100\n|-ability|p2a: Incineroar|Intimidate|boost\n|-unboost|p1a: Kangaskhan|atk|1\n|-unboost|p1b: Farigiraf|atk|1\n|move|p1b: Farigiraf|Psychic|p2b: Venusaur\n|-supereffective|p2b: Venusaur|1\n|-damage|p2b: Venusaur|41/100\n|move|p2b: Venusaur|Leech Seed|p1b: Farigiraf\n|-start|p1b: Farigiraf|move: Leech Seed\n|move|p1a: Kangaskhan|Hammer Arm|p2a: Incineroar\n|-supereffective|p2a: Incineroar|1\n|-damage|p2a: Incineroar|52/100\n|-unboost|p1a: Kangaskhan|spe|1\n|-supereffective|p2a: Incineroar|1\n|-damage|p2a: Incineroar|45/100\n|-unboost|p1a: Kangaskhan|spe|1\n|-enditem|p2a: Incineroar|Sitrus Berry|[eat]\n|-heal|p2a: Incineroar|69/100|[from] item: Sitrus Berry\n|-hitcount|p2a: Incineroar|2\n|\n|-damage|p1b: Farigiraf|88/100|[from] Leech Seed|[of] p2b: Venusaur\n|-heal|p2b: Venusaur|56/100|[silent]\n|upkeep\n|turn|5\n|j| RookieHj\n|inactive|SpikeMike has 30 seconds left.\n|\n|t:|1776139979\n|switch|p1a: Basculegion|Basculegion, L50, M, shiny|100/100\n|move|p2a: Incineroar|Fake Out||[still]\n|cant|p1b: Farigiraf|ability: Armor Tail|Fake Out|[of] p2a: Incineroar\n|move|p1b: Farigiraf|Shadow Ball|p2a: Incineroar\n|-resisted|p2a: Incineroar|1\n|-damage|p2a: Incineroar|63/100\n|move|p2b: Venusaur|Leech Seed|p1a: Basculegion\n|-start|p1a: Basculegion|move: Leech Seed\n|\n|-damage|p1b: Farigiraf|76/100|[from] Leech Seed|[of] p2b: Venusaur\n|-heal|p2b: Venusaur|70/100|[silent]\n|-damage|p1a: Basculegion|88/100|[from] Leech Seed|[of] p2b: Venusaur\n|-heal|p2b: Venusaur|85/100|[silent]\n|-fieldend|move: Trick Room\n|upkeep\n|turn|6\n|\n|t:|1776140000\n|switch|p2a: Basculegion|Basculegion, L50, M|69/100\n|move|p1a: Basculegion|Protect|p1a: Basculegion\n|-singleturn|p1a: Basculegion|Protect\n|move|p2b: Venusaur|Giga Drain|p1a: Basculegion\n|-activate|p1a: Basculegion|move: Protect\n|move|p1b: Farigiraf|Trick Room|p1b: Farigiraf\n|-fieldstart|move: Trick Room|[of] p1b: Farigiraf\n|\n|-damage|p1b: Farigiraf|64/100|[from] Leech Seed|[of] p2b: Venusaur\n|-heal|p2b: Venusaur|99/100|[silent]\n|-damage|p1a: Basculegion|76/100|[from] Leech Seed|[of] p2b: Venusaur\n|-heal|p2b: Venusaur|100/100|[silent]\n|upkeep\n|turn|7\n|inactive|snively3 has 30 seconds left.\n|\n|t:|1776140027\n|move|p1b: Farigiraf|Hyper Voice|p2a: Basculegion|[spread] p2b\n|-immune|p2a: Basculegion\n|-damage|p2b: Venusaur|83/100\n|move|p1a: Basculegion|Wave Crash|p2a: Basculegion\n|-resisted|p2a: Basculegion|1\n|-damage|p2a: Basculegion|13/100\n|-damage|p1a: Basculegion|59/100|[from] Recoil\n|move|p2b: Venusaur|Giga Drain|p1a: Basculegion\n|-supereffective|p1a: Basculegion|1\n|-damage|p1a: Basculegion|0 fnt\n|-heal|p2b: Venusaur|100/100|[from] drain|[of] p1a: Basculegion\n|faint|p1a: Basculegion\n|move|p2a: Basculegion|Flip Turn|p1b: Farigiraf\n|-damage|p1b: Farigiraf|27/100\n|\n|t:|1776140042\n|switch|p2a: Incineroar|Incineroar, L50, M|63/100|[from] Flip Turn\n|-ability|p2a: Incineroar|Intimidate|boost\n|-unboost|p1b: Farigiraf|atk|1\n|\n|-damage|p1b: Farigiraf|15/100|[from] Leech Seed|[of] p2b: Venusaur\n|upkeep\n|\n|t:|1776140054\n|switch|p1a: Sylveon|Sylveon, L50, F|100/100\n|turn|8\n|\n|t:|1776140071\n|move|p2b: Venusaur|Protect|p2b: Venusaur\n|-singleturn|p2b: Venusaur|Protect\n|move|p1b: Farigiraf|Psychic|p2b: Venusaur\n|-activate|p2b: Venusaur|move: Protect\n|move|p1a: Sylveon|Hyper Voice|p2b: Venusaur|[spread] p2a\n|-activate|p2b: Venusaur|move: Protect\n|-damage|p2a: Incineroar|27/100\n|move|p2a: Incineroar|Throat Chop|p1a: Sylveon\n|-resisted|p1a: Sylveon|1\n|-crit|p1a: Sylveon\n|-damage|p1a: Sylveon|74/100\n|-start|p1a: Sylveon|Throat Chop|[silent]\n|\n|-damage|p1b: Farigiraf|2/100|[from] Leech Seed|[of] p2b: Venusaur\n|upkeep\n|turn|9\n|\n|t:|1776140087\n|move|p1b: Farigiraf|Psychic|p2b: Venusaur\n|-supereffective|p2b: Venusaur|1\n|-damage|p2b: Venusaur|52/100\n|move|p2a: Incineroar|Parting Shot|p1b: Farigiraf\n|-unboost|p1b: Farigiraf|atk|1\n|-unboost|p1b: Farigiraf|spa|1\n|\n|t:|1776140095\n|switch|p2a: Basculegion|Basculegion, L50, M|13/100|[from] Parting Shot\n|move|p1a: Sylveon|Psyshock|p2b: Venusaur\n|-supereffective|p2b: Venusaur|1\n|-crit|p2b: Venusaur\n|-damage|p2b: Venusaur|0 fnt\n|faint|p2b: Venusaur\n|\n|-end|p1a: Sylveon|Throat Chop|[silent]\n|upkeep\n|\n|t:|1776140108\n|switch|p2b: Aerodactyl|Aerodactyl, L50, F|100/100\n|-ability|p2b: Aerodactyl|Unnerve\n|turn|10\n|\n|t:|1776140118\n|switch|p2a: Incineroar|Incineroar, L50, M|27/100\n|-ability|p2a: Incineroar|Intimidate|boost\n|-unboost|p1a: Sylveon|atk|1\n|-unboost|p1b: Farigiraf|atk|0\n|move|p2b: Aerodactyl|Wide Guard|p2b: Aerodactyl\n|-singleturn|p2b: Aerodactyl|Wide Guard\n|move|p1b: Farigiraf|Hyper Voice|p2a: Incineroar|[spread] \n|-activate|p2a: Incineroar|move: Wide Guard\n|-activate|p2b: Aerodactyl|move: Wide Guard\n|move|p1a: Sylveon|Hyper Voice|p2b: Aerodactyl|[spread] \n|-activate|p2a: Incineroar|move: Wide Guard\n|-activate|p2b: Aerodactyl|move: Wide Guard\n|\n|-damage|p1b: Farigiraf|0 fnt|[from] Leech Seed|[of] p2b: Aerodactyl\n|faint|p1b: Farigiraf\n|-fieldend|move: Trick Room\n|upkeep\n|\n|t:|1776140124\n|switch|p1b: Kangaskhan|Kangaskhan-Mega, L50, F, shiny|100/100\n|turn|11\n|inactive|SpikeMike has 30 seconds left.\n|inactive|SpikeMike has 20 seconds left.\n|\n|t:|1776140162\n|move|p2b: Aerodactyl|Protect|p2b: Aerodactyl\n|-singleturn|p2b: Aerodactyl|Protect\n|move|p1a: Sylveon|Protect|p1a: Sylveon\n|-singleturn|p1a: Sylveon|Protect\n|move|p2a: Incineroar|Fake Out|p1a: Sylveon\n|-activate|p1a: Sylveon|move: Protect\n|move|p1b: Kangaskhan|Crunch|p2a: Incineroar\n|-resisted|p2a: Incineroar|1\n|-damage|p2a: Incineroar|15/100\n|-resisted|p2a: Incineroar|1\n|-damage|p2a: Incineroar|12/100\n|-hitcount|p2a: Incineroar|2\n|\n|upkeep\n|turn|12\n|\n|t:|1776140181\n|move|p2b: Aerodactyl|Dual Wingbeat|p1a: Sylveon\n|-crit|p1a: Sylveon\n|-damage|p1a: Sylveon|41/100\n|-damage|p1a: Sylveon|17/100\n|-hitcount|p1a: Sylveon|2\n|move|p1b: Kangaskhan|Crunch|p2a: Incineroar\n|-resisted|p2a: Incineroar|1\n|-damage|p2a: Incineroar|0 fnt\n|faint|p2a: Incineroar\n|-hitcount|p2: Incineroar|1\n|move|p1a: Sylveon|Moonblast|p2b: Aerodactyl\n|-damage|p2b: Aerodactyl|23/100\n|\n|upkeep\n|\n|t:|1776140185\n|switch|p2a: Basculegion|Basculegion, L50, M|13/100\n|turn|13\n|\n|t:|1776140205\n|move|p2a: Basculegion|Wave Crash|p1b: Kangaskhan\n|-damage|p1b: Kangaskhan|41/100\n|-damage|p2a: Basculegion|0 fnt|[from] Recoil\n|faint|p2a: Basculegion\n|move|p2b: Aerodactyl|Rock Slide|p1b: Kangaskhan|[spread] p1b\n|-miss|p2b: Aerodactyl|p1a: Sylveon\n|-damage|p1b: Kangaskhan|19/100\n|cant|p1b: Kangaskhan|flinch\n|move|p1a: Sylveon|Moonblast|p2b: Aerodactyl\n|-damage|p2b: Aerodactyl|0 fnt\n|faint|p2b: Aerodactyl\n|\n|win|SpikeMike\n|n|!SpikeMike|spikemike\n|n|\u2606snively3|snively3\n|n| magicalarcher57|magicalarcher57\n|n| kito335|kito335\n|n| RookieHj|rookiehj\n",
  "uploadtime": 1776139922,
  "views": 10,
  "formatid": "gen9championsvgc2026regma",
  "rating": null,
  "private": 0,
  "password": null
}