{
  "id": "gen9championsvgc2026regma-2582313817",
  "format": "[Gen 9 Champions] VGC 2026 Reg M-A",
  "players": [
    "alxback",
    "Noedpr"
  ],
  "log": "|j|\u2606alxback\n|j|\u2606Noedpr\n|t:|1776082484\n|gametype|doubles\n|player|p1|alxback|swimmer|1286\n|player|p2|Noedpr|266|1372\n|gen|9\n|tier|[Gen 9 Champions] VGC 2026 Reg M-A\n|rated|\n|rule|Species Clause: Limit one of each Pok\u00e9mon\n|rule|Item Clause: Limit 1 of each item\n|clearpoke\n|poke|p1|Blastoise, L50, F|\n|poke|p1|Farigiraf, L50, M|\n|poke|p1|Bellibolt, L50, F|\n|poke|p1|Sinistcha, L50|\n|poke|p1|Rhyperior, L50, F|\n|poke|p1|Camerupt, L50, M|\n|poke|p2|Kommo-o, L50, M|\n|poke|p2|Rotom-Wash, L50|\n|poke|p2|Floette-Eternal, L50, F|\n|poke|p2|Aegislash, L50, M|\n|poke|p2|Tyranitar, L50, M|\n|poke|p2|Incineroar, L50, M|\n|teampreview|4\n|inactive|Battle timer is ON: inactive players will automatically lose when time's up. (requested by alxback)\n|inactive|alxback has 60 seconds left.\n|inactive|Noedpr has 60 seconds left.\n|inactive|alxback has 30 seconds left.\n|\n|t:|1776082549\n|teamsize|p1|4\n|teamsize|p2|4\n|start\n|switch|p1a: UK boi|Farigiraf, L50, M, shiny|100/100\n|switch|p1b: US Big belly|Blastoise, L50, F, shiny|100/100\n|switch|p2a: Floette|Floette-Eternal, L50, F|100/100\n|switch|p2b: Tyranitar|Tyranitar, L50, M, shiny|100/100\n|-weather|Sandstorm|[from] ability: Sand Stream|[of] p2b: Tyranitar\n|turn|1\n|inactive|Noedpr has 30 seconds left.\n|\n|t:|1776082577\n|detailschange|p2a: Floette|Floette-Mega, L50, F\n|-mega|p2a: Floette|Floette|Floettite\n|-ability|p2a: Floette|Fairy Aura\n|move|p1b: US Big belly|Fake Out|p2b: Tyranitar\n|-resisted|p2b: Tyranitar|1\n|-damage|p2b: Tyranitar|98/100\n|move|p2a: Floette|Moonblast|p1a: UK boi\n|-damage|p1a: UK boi|26/100\n|cant|p2b: Tyranitar|flinch\n|move|p1a: UK boi|Trick Room|p1a: UK boi\n|-fieldstart|move: Trick Room|[of] p1a: UK boi\n|\n|-weather|Sandstorm|[upkeep]\n|-damage|p1a: UK boi|20/100|[from] Sandstorm\n|-damage|p1b: US Big belly|95/100|[from] Sandstorm\n|-damage|p2a: Floette|94/100|[from] Sandstorm\n|upkeep\n|turn|2\n|\n|t:|1776082602\n|switch|p2b: Kommo-o|Kommo-o, L50, M, shiny|100/100\n|detailschange|p1b: US Big belly|Blastoise-Mega, L50, F, shiny\n|-mega|p1b: US Big belly|Blastoise|Blastoisinite\n|move|p1a: UK boi|Rain Dance|p1a: UK boi\n|-weather|RainDance\n|move|p1b: US Big belly|Water Spout|p2a: Floette|[spread] p2a,p2b\n|-resisted|p2b: Kommo-o|1\n|-damage|p2a: Floette|31/100\n|-damage|p2b: Kommo-o|47/100\n|move|p2a: Floette|Dazzling Gleam|p1a: UK boi|[spread] p1a,p1b\n|-damage|p1a: UK boi|0 fnt\n|-damage|p1b: US Big belly|57/100\n|faint|p1a: UK boi\n|\n|-weather|RainDance|[upkeep]\n|-heal|p2b: Kommo-o|52/100|[from] item: Leftovers\n|upkeep\n|\n|t:|1776082612\n|switch|p1a: Japan yamede|Sinistcha, L50|100/100\n|-heal|p1b: US Big belly|82/100|[from] ability: Hospitality|[of] p1a: Japan yamede\n|turn|3\n|\n|t:|1776082629\n|move|p2a: Floette|Protect|p2a: Floette\n|-singleturn|p2a: Floette|Protect\n|move|p2b: Kommo-o|Protect|p2b: Kommo-o\n|-singleturn|p2b: Kommo-o|Protect\n|move|p1a: Japan yamede|Life Dew||[still]|[spread] p1a,p1b\n|-fail|p1a: Japan yamede|heal\n|-heal|p1b: US Big belly|100/100\n|move|p1b: US Big belly|Water Spout|p2b: Kommo-o|[spread] \n|-activate|p2a: Floette|move: Protect\n|-activate|p2b: Kommo-o|move: Protect\n|\n|-weather|RainDance|[upkeep]\n|-heal|p2b: Kommo-o|58/100|[from] item: Leftovers\n|upkeep\n|turn|4\n|\n|t:|1776082651\n|switch|p2a: Tyranitar|Tyranitar, L50, M, shiny|98/100\n|-weather|Sandstorm|[from] ability: Sand Stream|[of] p2a: Tyranitar\n|move|p1a: Japan yamede|Matcha Gotcha|p2b: Kommo-o|[spread] p2a,p2b\n|-supereffective|p2a: Tyranitar|1\n|-resisted|p2b: Kommo-o|1\n|-damage|p2a: Tyranitar|68/100\n|-damage|p2b: Kommo-o|45/100\n|move|p1b: US Big belly|Water Spout|p2a: Tyranitar|[spread] p2a,p2b\n|-supereffective|p2a: Tyranitar|1\n|-resisted|p2b: Kommo-o|1\n|-damage|p2a: Tyranitar|0 fnt\n|-damage|p2b: Kommo-o|9/100\n|faint|p2a: Tyranitar\n|move|p2b: Kommo-o|Clanging Scales|p1b: US Big belly|[spread] p1a,p1b\n|-damage|p1a: Japan yamede|60/100\n|-damage|p1b: US Big belly|71/100\n|-unboost|p2b: Kommo-o|def|1\n|\n|-weather|Sandstorm|[upkeep]\n|-damage|p1a: Japan yamede|54/100|[from] Sandstorm\n|-damage|p1b: US Big belly|66/100|[from] Sandstorm\n|-damage|p2b: Kommo-o|3/100|[from] Sandstorm\n|-heal|p2b: Kommo-o|9/100|[from] item: Leftovers\n|upkeep\n|\n|t:|1776082674\n|switch|p2a: Aegislash|Aegislash, L50, M, shiny|100/100\n|turn|5\n|\n|t:|1776082684\n|move|p2b: Kommo-o|Protect|p2b: Kommo-o\n|-singleturn|p2b: Kommo-o|Protect\n|move|p1a: Japan yamede|Life Dew|p1a: Japan yamede|[spread] p1a,p1b\n|-heal|p1a: Japan yamede|79/100\n|-heal|p1b: US Big belly|91/100\n|-formechange|p2a: Aegislash|Aegislash-Blade|\n|move|p2a: Aegislash|Shadow Claw|p1a: Japan yamede\n|-supereffective|p1a: Japan yamede|1\n|-damage|p1a: Japan yamede|7/100\n|-enditem|p1a: Japan yamede|Sitrus Berry|[eat]\n|-heal|p1a: Japan yamede|32/100|[from] item: Sitrus Berry\n|move|p1b: US Big belly|Water Spout|p2a: Aegislash|[spread] p2a\n|-activate|p2b: Kommo-o|move: Protect\n|-damage|p2a: Aegislash|0 fnt\n|faint|p2a: Aegislash\n|\n|-weather|Sandstorm|[upkeep]\n|-damage|p1a: Japan yamede|26/100|[from] Sandstorm\n|-damage|p1b: US Big belly|85/100|[from] Sandstorm\n|-damage|p2b: Kommo-o|3/100|[from] Sandstorm\n|-heal|p2b: Kommo-o|9/100|[from] item: Leftovers\n|-fieldend|move: Trick Room\n|upkeep\n|\n|t:|1776082706\n|switch|p2a: Floette|Floette-Mega, L50, F|31/100\n|-ability|p2a: Floette|Fairy Aura\n|turn|6\n|\n|t:|1776082714\n|move|p1a: Japan yamede|Rage Powder|p1a: Japan yamede\n|-singleturn|p1a: Japan yamede|move: Rage Powder\n|move|p2b: Kommo-o|Clanging Scales|p1b: US Big belly|[spread] p1a,p1b\n|-damage|p1a: Japan yamede|0 fnt\n|-damage|p1b: US Big belly|54/100\n|faint|p1a: Japan yamede\n|-unboost|p2b: Kommo-o|def|1\n|move|p2a: Floette|Dazzling Gleam|p1b: US Big belly\n|-damage|p1b: US Big belly|2/100\n|move|p1b: US Big belly|Water Spout|p2b: Kommo-o|[spread] p2a,p2b\n|-resisted|p2b: Kommo-o|1\n|-damage|p2a: Floette|31/100\n|-damage|p2b: Kommo-o|8/100\n|\n|-weather|Sandstorm|[upkeep]\n|-damage|p2b: Kommo-o|2/100|[from] Sandstorm\n|-damage|p2a: Floette|25/100|[from] Sandstorm\n|-damage|p1b: US Big belly|0 fnt|[from] Sandstorm\n|faint|p1b: US Big belly\n|-heal|p2b: Kommo-o|8/100|[from] item: Leftovers\n|upkeep\n|\n|t:|1776082721\n|switch|p1a: China blue|Camerupt, L50, M, shiny|100/100\n|turn|7\n|\n|t:|1776082740\n|move|p2b: Kommo-o|Clanging Scales|p1a: China blue\n|-damage|p1a: China blue|39/100\n|-unboost|p2b: Kommo-o|def|1\n|move|p2a: Floette|Moonblast|p1a: China blue\n|-resisted|p1a: China blue|1\n|-damage|p1a: China blue|0 fnt\n|faint|p1a: China blue\n|\n|win|Noedpr\n|raw|alxback's rating: 1286 &rarr; <strong>1267</strong><br />(-19 for losing)\n|raw|Noedpr's rating: 1372 &rarr; <strong>1387</strong><br />(+15 for winning)\n|l|\u2606alxback\n|player|p1|\n",
  "uploadtime": 1776082756,
  "views": 23,
  "formatid": "gen9championsvgc2026regma",
  "rating": 1267,
  "private": 0,
  "password": null
}