{
  "id": "gen9championsvgc2026regma-2581012139",
  "format": "[Gen 9 Champions] VGC 2026 Reg M-A",
  "players": [
    "megurineluka990",
    "DrAlphaStone"
  ],
  "log": "|j|\u2606megurineluka990\n|j|\u2606DrAlphaStone\n|t:|1775951600\n|gametype|doubles\n|player|p1|megurineluka990|caitlin|1046\n|player|p2|DrAlphaStone|karen|1096\n|gen|9\n|tier|[Gen 9 Champions] VGC 2026 Reg M-A\n|rated|\n|rule|Species Clause: Limit one of each Pok\u00e9mon\n|rule|Item Clause: Limit 1 of each item\n|clearpoke\n|poke|p1|Aggron, L50, M|\n|poke|p1|Sneasler, L50, F|\n|poke|p1|Incineroar, L50, F|\n|poke|p1|Sinistcha, L50|\n|poke|p1|Lycanroc-Dusk, L50, F|\n|poke|p1|Rotom-Heat, L50|\n|poke|p2|Floette-Eternal, L50, F|\n|poke|p2|Dragapult, L50, M|\n|poke|p2|Maushold, L50|\n|poke|p2|Sneasler, L50, F|\n|poke|p2|Incineroar, L50, M|\n|poke|p2|Aerodactyl, L50, F|\n|teampreview|4\n|inactive|Battle timer is ON: inactive players will automatically lose when time's up. (requested by megurineluka990)\n|\n|t:|1775951638\n|teamsize|p1|4\n|teamsize|p2|4\n|start\n|switch|p1a: Aggron|Aggron, L50, M|100/100\n|switch|p1b: Sneasler|Sneasler, L50, F|100/100\n|switch|p2a: Sneasler|Sneasler, L50, F|100/100\n|switch|p2b: Dragapult|Dragapult, L50, M|100/100\n|turn|1\n|inactive|megurineluka990 has 30 seconds left.\n|\n|t:|1775951669\n|detailschange|p1a: Aggron|Aggron-Mega, L50, M\n|-mega|p1a: Aggron|Aggron|Aggronite\n|move|p2a: Sneasler|Fake Out|p1b: Sneasler\n|-damage|p1b: Sneasler|73/100\n|move|p2b: Dragapult|Reflect|p2b: Dragapult\n|-sidestart|p2: DrAlphaStone|Reflect\n|cant|p1b: Sneasler|flinch\n|move|p1a: Aggron|Iron Defense|p1a: Aggron\n|-boost|p1a: Aggron|def|2\n|\n|upkeep\n|turn|2\n|\n|t:|1775951687\n|move|p2b: Dragapult|Will-O-Wisp|p1a: Aggron\n|-status|p1a: Aggron|brn\n|move|p1b: Sneasler|Dire Claw|p2b: Dragapult\n|-resisted|p2b: Dragapult|1\n|-damage|p2b: Dragapult|84/100\n|move|p2a: Sneasler|Dire Claw|p1b: Sneasler\n|-resisted|p1b: Sneasler|1\n|-damage|p1b: Sneasler|31/100\n|move|p1a: Aggron|Body Press|p2a: Sneasler\n|-resisted|p2a: Sneasler|1\n|-damage|p2a: Sneasler|72/100\n|\n|-damage|p1a: Aggron|94/100 brn|[from] brn\n|upkeep\n|turn|3\n|\n|t:|1775951700\n|move|p2b: Dragapult|Dragon Darts|p1b: Sneasler\n|-damage|p1b: Sneasler|0 fnt\n|-anim|p2b: Dragapult|Dragon Darts|p1a: Aggron\n|-resisted|p1a: Aggron|1\n|-damage|p1a: Aggron|92/100 brn\n|faint|p1b: Sneasler\n|move|p2a: Sneasler|Dire Claw|p1a: Aggron\n|-immune|p1a: Aggron\n|move|p1a: Aggron|Iron Defense|p1a: Aggron\n|-boost|p1a: Aggron|def|2\n|\n|-damage|p1a: Aggron|86/100 brn|[from] brn\n|upkeep\n|\n|t:|1775951705\n|switch|p1b: Incineroar|Incineroar, L50, F|100/100\n|-ability|p1b: Incineroar|Intimidate|boost\n|-unboost|p2a: Sneasler|atk|1\n|-fail|p2b: Dragapult|unboost|[from] ability: Clear Body|[of] p2b: Dragapult\n|-enditem|p2a: Sneasler|White Herb\n|-clearnegativeboost|p2a: Sneasler|[silent]\n|turn|4\n|\n|t:|1775951717\n|switch|p2b: Maushold|Maushold, L50|100/100\n|move|p2a: Sneasler|Protect|p2a: Sneasler\n|-singleturn|p2a: Sneasler|Protect\n|move|p1b: Incineroar|Throat Chop|p2b: Maushold\n|-damage|p2b: Maushold|72/100\n|-start|p2b: Maushold|Throat Chop|[silent]\n|move|p1a: Aggron|Body Press|p2a: Sneasler\n|-activate|p2a: Sneasler|move: Protect\n|\n|-damage|p1a: Aggron|80/100 brn|[from] brn\n|upkeep\n|turn|5\n|\n|t:|1775951740\n|switch|p2b: Dragapult|Dragapult, L50, M|84/100\n|move|p2a: Sneasler|Close Combat|p1b: Incineroar\n|-supereffective|p1b: Incineroar|1\n|-damage|p1b: Incineroar|2/100\n|-unboost|p2a: Sneasler|def|1\n|-unboost|p2a: Sneasler|spd|1\n|-enditem|p1b: Incineroar|Sitrus Berry|[eat]\n|-heal|p1b: Incineroar|27/100|[from] item: Sitrus Berry\n|move|p1b: Incineroar|Parting Shot|p2a: Sneasler\n|-unboost|p2a: Sneasler|atk|1\n|-unboost|p2a: Sneasler|spa|1\n|\n|t:|1775951743\n|switch|p1b: Sinistcha|Sinistcha, L50|100/100|[from] Parting Shot\n|-heal|p1a: Aggron|100/100 brn|[from] ability: Hospitality|[of] p1b: Sinistcha\n|move|p1a: Aggron|Body Press|p2b: Dragapult\n|-immune|p2b: Dragapult\n|\n|-damage|p1a: Aggron|94/100 brn|[from] brn\n|-sideend|p2: DrAlphaStone|Reflect\n|upkeep\n|turn|6\n|inactive|DrAlphaStone has 30 seconds left.\n|\n|t:|1775951770\n|switch|p2a: Maushold|Maushold, L50|72/100\n|move|p2b: Dragapult|Reflect|p2b: Dragapult\n|-sidestart|p2: DrAlphaStone|Reflect\n|move|p1a: Aggron|Body Press|p2a: Maushold\n|-supereffective|p2a: Maushold|1\n|-enditem|p2a: Maushold|Chople Berry|[eat]\n|-enditem|p2a: Maushold|Chople Berry|[weaken]\n|-damage|p2a: Maushold|12/100\n|move|p1b: Sinistcha|Trick Room|p1b: Sinistcha\n|-fieldstart|move: Trick Room|[of] p1b: Sinistcha\n|\n|-damage|p1a: Aggron|88/100 brn|[from] brn\n|upkeep\n|turn|7\n|\n|t:|1775951793\n|move|p2a: Maushold|Protect|p2a: Maushold\n|-singleturn|p2a: Maushold|Protect\n|move|p1a: Aggron|Body Press|p2a: Maushold\n|-activate|p2a: Maushold|move: Protect\n|move|p1b: Sinistcha|Shadow Ball|p2b: Dragapult\n|-supereffective|p2b: Dragapult|1\n|-damage|p2b: Dragapult|18/100\n|move|p2b: Dragapult|Will-O-Wisp|p1b: Sinistcha\n|-status|p1b: Sinistcha|brn\n|\n|-damage|p1a: Aggron|82/100 brn|[from] brn\n|-damage|p1b: Sinistcha|95/100 brn|[from] brn\n|upkeep\n|turn|8\n|\n|t:|1775951817\n|switch|p2b: Sneasler|Sneasler, L50, F|72/100\n|move|p2a: Maushold|Follow Me|p2a: Maushold\n|-singleturn|p2a: Maushold|move: Follow Me\n|move|p1a: Aggron|Body Press|p2a: Maushold\n|-supereffective|p2a: Maushold|1\n|-crit|p2a: Maushold\n|-damage|p2a: Maushold|0 fnt\n|faint|p2a: Maushold\n|move|p1b: Sinistcha|Shadow Ball|p2b: Sneasler\n|-damage|p2b: Sneasler|17/100\n|\n|-heal|p1b: Sinistcha|100/100 brn|[from] item: Leftovers\n|-damage|p1a: Aggron|76/100 brn|[from] brn\n|-damage|p1b: Sinistcha|95/100 brn|[from] brn\n|upkeep\n|\n|t:|1775951824\n|switch|p2a: Floette|Floette-Eternal, L50, F|100/100\n|turn|9\n|\n|t:|1775951842\n|detailschange|p2a: Floette|Floette-Mega, L50, F\n|-mega|p2a: Floette|Floette|Floettite\n|-ability|p2a: Floette|Fairy Aura\n|move|p2b: Sneasler|Fake Out|p1a: Aggron\n|-resisted|p1a: Aggron|1\n|-damage|p1a: Aggron|75/100 brn\n|cant|p1a: Aggron|flinch\n|move|p1b: Sinistcha|Matcha Gotcha|p2b: Sneasler|[spread] p2a,p2b\n|-resisted|p2b: Sneasler|1\n|-damage|p2a: Floette|78/100\n|-heal|p1b: Sinistcha|100/100 brn|[from] drain|[of] p2a: Floette\n|-damage|p2b: Sneasler|0 fnt\n|faint|p2b: Sneasler\n|move|p2a: Floette|Moonblast|p1b: Sinistcha\n|-damage|p1b: Sinistcha|15/100 brn\n|\n|-heal|p1b: Sinistcha|21/100 brn|[from] item: Leftovers\n|-damage|p1a: Aggron|68/100 brn|[from] brn\n|-damage|p1b: Sinistcha|15/100 brn|[from] brn\n|upkeep\n|\n|t:|1775951858\n|switch|p2b: Dragapult|Dragapult, L50, M|18/100\n|turn|10\n|\n|t:|1775951870\n|move|p1a: Aggron|Heavy Slam|p2a: Floette\n|-supereffective|p2a: Floette|1\n|-damage|p2a: Floette|55/100\n|move|p1b: Sinistcha|Matcha Gotcha|p2b: Dragapult|[spread] p2b\n|-miss|p1b: Sinistcha|p2a: Floette\n|-resisted|p2b: Dragapult|1\n|-damage|p2b: Dragapult|3/100\n|-heal|p1b: Sinistcha|24/100 brn|[from] drain|[of] p2b: Dragapult\n|move|p2a: Floette|Dazzling Gleam|p1b: Sinistcha|[spread] p1a,p1b\n|-resisted|p1a: Aggron|1\n|-damage|p1a: Aggron|40/100 brn\n|-damage|p1b: Sinistcha|0 fnt\n|faint|p1b: Sinistcha\n|move|p2b: Dragapult|Reflect||[still]\n|-fail|p2b: Dragapult\n|\n|-damage|p1a: Aggron|34/100 brn|[from] brn\n|-sideend|p2: DrAlphaStone|Reflect\n|-fieldend|move: Trick Room\n|upkeep\n|\n|t:|1775951873\n|switch|p1b: Incineroar|Incineroar, L50, F|27/100\n|-ability|p1b: Incineroar|Intimidate|boost\n|-unboost|p2a: Floette|atk|1\n|-fail|p2b: Dragapult|unboost|[from] ability: Clear Body|[of] p2b: Dragapult\n|turn|11\n|\n|t:|1775951884\n|move|p2a: Floette|Protect|p2a: Floette\n|-singleturn|p2a: Floette|Protect\n|move|p1b: Incineroar|Fake Out|p2a: Floette\n|-activate|p2a: Floette|move: Protect\n|move|p2b: Dragapult|Reflect|p2b: Dragapult\n|-sidestart|p2: DrAlphaStone|Reflect\n|move|p1a: Aggron|Body Press|p2a: Floette\n|-activate|p2a: Floette|move: Protect\n|\n|-damage|p1a: Aggron|28/100 brn|[from] brn\n|upkeep\n|turn|12\n|\n|t:|1775951893\n|move|p2b: Dragapult|Dragon Darts|p1b: Incineroar\n|-damage|p1b: Incineroar|11/100\n|-anim|p2b: Dragapult|Dragon Darts|p1a: Aggron\n|-resisted|p1a: Aggron|1\n|-damage|p1a: Aggron|26/100 brn\n|move|p2a: Floette|Dazzling Gleam|p1a: Aggron|[spread] p1a,p1b\n|-resisted|p1a: Aggron|1\n|-damage|p1a: Aggron|0 fnt\n|-damage|p1b: Incineroar|0 fnt\n|faint|p1a: Aggron\n|faint|p1b: Incineroar\n|\n|win|DrAlphaStone\n|raw|megurineluka990's rating: 1046 &rarr; <strong>1032</strong><br />(-14 for losing)\n|raw|DrAlphaStone's rating: 1096 &rarr; <strong>1118</strong><br />(+22 for winning)\n|l|\u2606megurineluka990\n|player|p1|\n",
  "uploadtime": 1775951898,
  "views": 21,
  "formatid": "gen9championsvgc2026regma",
  "rating": 1032,
  "private": 0,
  "password": null
}