{
  "id": "gen9championsvgc2026regma-2581813289",
  "format": "[Gen 9 Champions] VGC 2026 Reg M-A",
  "players": [
    "injuryreserv3",
    "SilverMagicianVGC"
  ],
  "log": "|j|\u2606injuryreserv3\n|j|\u2606SilverMagicianVGC\n|t:|1776030487\n|gametype|doubles\n|player|p1|injuryreserv3|sabrina|1288\n|player|p2|SilverMagicianVGC|silver|1265\n|gen|9\n|tier|[Gen 9 Champions] VGC 2026 Reg M-A\n|rated|\n|rule|Species Clause: Limit one of each Pok\u00e9mon\n|rule|Item Clause: Limit 1 of each item\n|clearpoke\n|poke|p1|Whimsicott, L50, M|\n|poke|p1|Charizard, L50, F|\n|poke|p1|Sneasler, L50, F|\n|poke|p1|Basculegion, L50, M|\n|poke|p1|Floette-Eternal, L50, F|\n|poke|p1|Incineroar, L50, M|\n|poke|p2|Floette-Eternal, L50, F|\n|poke|p2|Garchomp, L50, F|\n|poke|p2|Aerodactyl, L50, M|\n|poke|p2|Incineroar, L50, M|\n|poke|p2|Milotic, L50, F|\n|poke|p2|Sinistcha, L50|\n|teampreview|4\n|inactive|Battle timer is ON: inactive players will automatically lose when time's up. (requested by injuryreserv3)\n|\n|t:|1776030573\n|teamsize|p1|4\n|teamsize|p2|4\n|start\n|switch|p1a: Whimsicott|Whimsicott, L50, M|100/100\n|switch|p1b: Incineroar|Incineroar, L50, M|100/100\n|switch|p2a: Incineroar|Incineroar, L50, M|100/100\n|switch|p2b: Floette|Floette-Eternal, L50, F, shiny|100/100\n|-ability|p2a: Incineroar|Intimidate|boost\n|-unboost|p1a: Whimsicott|atk|1\n|-unboost|p1b: Incineroar|atk|1\n|-ability|p1b: Incineroar|Intimidate|boost\n|-unboost|p2a: Incineroar|atk|1\n|-unboost|p2b: Floette|atk|1\n|turn|1\n|inactive|injuryreserv3 has 30 seconds left.\n|inactive|SilverMagicianVGC has 30 seconds left.\n|inactive|injuryreserv3 has 20 seconds left.\n|inactive|SilverMagicianVGC has 20 seconds left.\n|\n|t:|1776030611\n|detailschange|p2b: Floette|Floette-Mega, L50, F, shiny\n|-mega|p2b: Floette|Floette|Floettite\n|-ability|p2b: Floette|Fairy Aura\n|move|p2a: Incineroar|Fake Out|p1a: Whimsicott\n|-damage|p1a: Whimsicott|90/100\n|cant|p1a: Whimsicott|flinch\n|move|p2b: Floette|Dazzling Gleam|p1a: Whimsicott|[spread] p1a,p1b\n|-damage|p1a: Whimsicott|41/100\n|-damage|p1b: Incineroar|59/100\n|move|p1b: Incineroar|Parting Shot|p2a: Incineroar\n|-unboost|p2a: Incineroar|atk|1\n|-unboost|p2a: Incineroar|spa|1\n|\n|t:|1776030624\n|switch|p1b: Basculegion|Basculegion, L50, M|100/100|[from] Parting Shot\n|\n|upkeep\n|turn|2\n|inactive|SilverMagicianVGC has 30 seconds left.\n|\n|t:|1776030651\n|switch|p2a: Garchomp|Garchomp, L50, F|100/100\n|move|p1a: Whimsicott|Tailwind|p1a: Whimsicott\n|-sidestart|p1: injuryreserv3|move: Tailwind\n|move|p1b: Basculegion|Flip Turn|p2b: Floette\n|-damage|p2b: Floette|55/100\n|\n|t:|1776030657\n|switch|p1b: Incineroar|Incineroar, L50, M|59/100|[from] Flip Turn\n|-ability|p1b: Incineroar|Intimidate|boost\n|-unboost|p2a: Garchomp|atk|1\n|-unboost|p2b: Floette|atk|1\n|move|p2b: Floette|Moonblast|p1b: Incineroar\n|-damage|p1b: Incineroar|0 fnt\n|faint|p1b: Incineroar\n|\n|upkeep\n|\n|t:|1776030665\n|switch|p1b: Basculegion|Basculegion, L50, M|100/100\n|turn|3\n|inactive|SilverMagicianVGC has 30 seconds left.\n|\n|t:|1776030694\n|move|p2b: Floette|Protect|p2b: Floette\n|-singleturn|p2b: Floette|Protect\n|move|p1b: Basculegion|Last Respects|p2b: Floette\n|-activate|p2b: Floette|move: Protect\n|move|p1a: Whimsicott|Moonblast|p2a: Garchomp\n|-supereffective|p2a: Garchomp|1\n|-damage|p2a: Garchomp|27/100\n|move|p2a: Garchomp|Stomping Tantrum|p1b: Basculegion\n|-damage|p1b: Basculegion|62/100\n|\n|upkeep\n|turn|4\n|inactive|injuryreserv3 has 30 seconds left.\n|\n|t:|1776030723\n|switch|p1b: Charizard|Charizard, L50, F|100/100\n|switch|p2b: Incineroar|Incineroar, L50, M|100/100\n|-ability|p2b: Incineroar|Intimidate|boost\n|-unboost|p1a: Whimsicott|atk|1\n|-unboost|p1b: Charizard|atk|1\n|move|p1a: Whimsicott|Moonblast|p2b: Incineroar\n|-damage|p2b: Incineroar|79/100\n|move|p2a: Garchomp|Stomping Tantrum|p1a: Whimsicott\n|-resisted|p1a: Whimsicott|1\n|-damage|p1a: Whimsicott|22/100\n|\n|upkeep\n|turn|5\n|\n|t:|1776030745\n|move|p1a: Whimsicott|Protect|p1a: Whimsicott\n|-singleturn|p1a: Whimsicott|Protect\n|move|p1b: Charizard|Protect|p1b: Charizard\n|-singleturn|p1b: Charizard|Protect\n|move|p2b: Incineroar|Fake Out|p1a: Whimsicott\n|-activate|p1a: Whimsicott|move: Protect\n|move|p2a: Garchomp|Stomping Tantrum|p1a: Whimsicott\n|-activate|p1a: Whimsicott|move: Protect\n|\n|-sideend|p1: injuryreserv3|move: Tailwind\n|upkeep\n|turn|6\n|\n|t:|1776030768\n|detailschange|p1b: Charizard|Charizard-Mega-Y, L50, F\n|-mega|p1b: Charizard|Charizard|Charizardite Y\n|-weather|SunnyDay|[from] ability: Drought|[of] p1b: Charizard\n|move|p1a: Whimsicott|Tailwind|p1a: Whimsicott\n|-sidestart|p1: injuryreserv3|move: Tailwind\n|move|p1b: Charizard|Solar Beam||[still]\n|-prepare|p1b: Charizard|Solar Beam\n|-anim|p1b: Charizard|Solar Beam|p2a: Garchomp\n|-damage|p2a: Garchomp|0 fnt\n|faint|p2a: Garchomp\n|move|p2b: Incineroar|Parting Shot|p1b: Charizard\n|-unboost|p1b: Charizard|atk|1\n|-unboost|p1b: Charizard|spa|1\n|\n|t:|1776030782\n|switch|p2b: Aerodactyl|Aerodactyl, L50, M|100/100|[from] Parting Shot\n|-ability|p2b: Aerodactyl|Unnerve\n|\n|-weather|SunnyDay|[upkeep]\n|upkeep\n|\n|t:|1776030789\n|switch|p2a: Incineroar|Incineroar, L50, M|79/100\n|-ability|p2a: Incineroar|Intimidate|boost\n|-unboost|p1a: Whimsicott|atk|1\n|-unboost|p1b: Charizard|atk|1\n|turn|7\n|\n|t:|1776030805\n|move|p1b: Charizard|Protect|p1b: Charizard\n|-singleturn|p1b: Charizard|Protect\n|move|p2a: Incineroar|Fake Out|p1a: Whimsicott\n|-damage|p1a: Whimsicott|8/100\n|cant|p1a: Whimsicott|flinch\n|move|p2b: Aerodactyl|Tailwind|p2b: Aerodactyl\n|-sidestart|p2: SilverMagicianVGC|move: Tailwind\n|\n|-weather|SunnyDay|[upkeep]\n|upkeep\n|turn|8\n|\n|t:|1776030819\n|switch|p1b: Basculegion|Basculegion, L50, M|62/100\n|move|p2b: Aerodactyl|Rock Slide|p1b: Basculegion|[spread] p1a,p1b\n|-damage|p1a: Whimsicott|0 fnt\n|-damage|p1b: Basculegion|31/100\n|faint|p1a: Whimsicott\n|move|p2a: Incineroar|Throat Chop|p1b: Basculegion\n|-supereffective|p1b: Basculegion|1\n|-damage|p1b: Basculegion|0 fnt\n|faint|p1b: Basculegion\n|\n|-weather|SunnyDay|[upkeep]\n|upkeep\n|\n|t:|1776030829\n|switch|p1b: Charizard|Charizard-Mega-Y, L50, F|100/100\n|turn|9\n|\n|t:|1776030846\n|move|p2b: Aerodactyl|Protect|p2b: Aerodactyl\n|-singleturn|p2b: Aerodactyl|Protect\n|move|p1b: Charizard|Ancient Power|p2b: Aerodactyl\n|-activate|p2b: Aerodactyl|move: Protect\n|move|p2a: Incineroar|Parting Shot|p1b: Charizard\n|-unboost|p1b: Charizard|atk|1\n|-unboost|p1b: Charizard|spa|1\n|c|\u2606injuryreserv3|gg\n|\n|t:|1776030853\n|switch|p2a: Floette|Floette-Mega, L50, F, shiny|55/100|[from] Parting Shot\n|-ability|p2a: Floette|Fairy Aura\n|\n|-weather|SunnyDay|[upkeep]\n|-sideend|p1: injuryreserv3|move: Tailwind\n|upkeep\n|turn|10\n|\n|t:|1776030866\n|move|p2b: Aerodactyl|Rock Slide|p1b: Charizard\n|-supereffective|p1b: Charizard|2\n|-damage|p1b: Charizard|0 fnt\n|faint|p1b: Charizard\n|\n|win|SilverMagicianVGC\n|raw|injuryreserv3's rating: 1288 &rarr; <strong>1261</strong><br />(-27 for losing)\n|raw|SilverMagicianVGC's rating: 1265 &rarr; <strong>1292</strong><br />(+27 for winning)\n",
  "uploadtime": 1776030872,
  "views": 30,
  "formatid": "gen9championsvgc2026regma",
  "rating": 1261,
  "private": 0,
  "password": null
}