{
  "id": "gen9championsvgc2026regma-2583903030",
  "format": "[Gen 9 Champions] VGC 2026 Reg M-A",
  "players": [
    "koebel",
    "Thechienchien"
  ],
  "log": "|j|\u2606koebel\n|j|\u2606Thechienchien\n|t:|1776206901\n|gametype|doubles\n|player|p1|koebel|102|1223\n|player|p2|Thechienchien|1|1285\n|gen|9\n|tier|[Gen 9 Champions] VGC 2026 Reg M-A\n|rated|\n|rule|Species Clause: Limit one of each Pok\u00e9mon\n|rule|Item Clause: Limit 1 of each item\n|clearpoke\n|poke|p1|Tyranitar, L50, F|\n|poke|p1|Corviknight, L50, M|\n|poke|p1|Sinistcha, L50|\n|poke|p1|Excadrill, L50, M|\n|poke|p1|Primarina, L50, M|\n|poke|p1|Incineroar, L50, M|\n|poke|p2|Froslass, L50, F|\n|poke|p2|Mimikyu, L50, M|\n|poke|p2|Goodra-Hisui, L50, M|\n|poke|p2|Sneasler, L50, F|\n|poke|p2|Primarina, L50, M|\n|poke|p2|Incineroar, L50, F|\n|teampreview|4\n|inactive|Battle timer is ON: inactive players will automatically lose when time's up. (requested by Thechienchien)\n|\n|t:|1776206941\n|teamsize|p1|4\n|teamsize|p2|4\n|start\n|switch|p1a: Incineroar|Incineroar, L50, M|100/100\n|switch|p1b: Sinistcha|Sinistcha, L50|100/100\n|switch|p2a: Froslass|Froslass, L50, F|100/100\n|switch|p2b: Primarina|Primarina, L50, M|100/100\n|-ability|p1a: Incineroar|Intimidate|boost\n|-unboost|p2a: Froslass|atk|1\n|-unboost|p2b: Primarina|atk|1\n|turn|1\n|\n|t:|1776206962\n|detailschange|p2a: Froslass|Froslass-Mega, L50, F\n|-mega|p2a: Froslass|Froslass|Froslassite\n|-weather|Snowscape|[from] ability: Snow Warning|[of] p2a: Froslass\n|move|p2b: Primarina|Protect|p2b: Primarina\n|-singleturn|p2b: Primarina|Protect\n|move|p1a: Incineroar|Fake Out|p2b: Primarina\n|-activate|p2b: Primarina|move: Protect\n|move|p2a: Froslass|Aurora Veil|p2a: Froslass\n|-sidestart|p2: Thechienchien|move: Aurora Veil\n|move|p1b: Sinistcha|Matcha Gotcha|p2a: Froslass|[spread] p2a\n|-activate|p2b: Primarina|move: Protect\n|-damage|p2a: Froslass|83/100\n|\n|-weather|Snowscape|[upkeep]\n|upkeep\n|turn|2\n|\n|t:|1776206979\n|switch|p1a: Tyranitar|Tyranitar, L50, F|100/100\n|-weather|Sandstorm|[from] ability: Sand Stream|[of] p1a: Tyranitar\n|move|p2a: Froslass|Blizzard|p1a: Tyranitar|[spread] p1a\n|-miss|p2a: Froslass|p1b: Sinistcha\n|-damage|p1a: Tyranitar|77/100\n|-status|p1a: Tyranitar|frz\n|move|p1b: Sinistcha|Matcha Gotcha|p2a: Froslass|[spread] p2a,p2b\n|-supereffective|p2b: Primarina|1\n|-damage|p2a: Froslass|66/100\n|-damage|p2b: Primarina|75/100\n|-status|p2b: Primarina|brn\n|move|p2b: Primarina|Hyper Voice|p1b: Sinistcha|[spread] p1a,p1b\n|-supereffective|p1a: Tyranitar|1\n|-resisted|p1b: Sinistcha|1\n|-crit|p1b: Sinistcha\n|-damage|p1a: Tyranitar|19/100 frz\n|-damage|p1b: Sinistcha|62/100\n|\n|-weather|Sandstorm|[upkeep]\n|-damage|p2a: Froslass|60/100|[from] Sandstorm\n|-damage|p1b: Sinistcha|56/100|[from] Sandstorm\n|-damage|p2b: Primarina|69/100 brn|[from] Sandstorm\n|-damage|p2b: Primarina|63/100 brn|[from] brn\n|upkeep\n|turn|3\n|inactive|koebel has 30 seconds left.\n|\n|t:|1776207009\n|switch|p1a: Primarina|Primarina, L50, M|100/100\n|move|p2a: Froslass|Shadow Ball|p1b: Sinistcha\n|-supereffective|p1b: Sinistcha|1\n|-damage|p1b: Sinistcha|0 fnt\n|faint|p1b: Sinistcha\n|move|p2b: Primarina|Hyper Voice|p1a: Primarina\n|-resisted|p1a: Primarina|1\n|-damage|p1a: Primarina|75/100\n|\n|-weather|Sandstorm|[upkeep]\n|-damage|p2a: Froslass|54/100|[from] Sandstorm\n|-damage|p1a: Primarina|69/100|[from] Sandstorm\n|-damage|p2b: Primarina|57/100 brn|[from] Sandstorm\n|-damage|p2b: Primarina|51/100 brn|[from] brn\n|upkeep\n|\n|t:|1776207024\n|switch|p1b: Incineroar|Incineroar, L50, M|100/100\n|-ability|p1b: Incineroar|Intimidate|boost\n|-unboost|p2a: Froslass|atk|1\n|-unboost|p2b: Primarina|atk|1\n|turn|4\n|\n|t:|1776207042\n|switch|p2a: Goodra|Goodra-Hisui, L50, M|100/100\n|move|p2b: Primarina|Protect|p2b: Primarina\n|-singleturn|p2b: Primarina|Protect\n|move|p1b: Incineroar|Flare Blitz|p2a: Goodra\n|-damage|p2a: Goodra|72/100\n|-damage|p1b: Incineroar|92/100|[from] Recoil\n|move|p1a: Primarina|Moonblast|p2b: Primarina\n|-activate|p2b: Primarina|move: Protect\n|\n|-weather|Sandstorm|[upkeep]\n|-damage|p1b: Incineroar|86/100|[from] Sandstorm\n|-damage|p1a: Primarina|63/100|[from] Sandstorm\n|-damage|p2b: Primarina|45/100 brn|[from] Sandstorm\n|-heal|p2a: Goodra|78/100|[from] item: Leftovers\n|-damage|p2b: Primarina|40/100 brn|[from] brn\n|upkeep\n|turn|5\n|\n|t:|1776207053\n|move|p1b: Incineroar|Flare Blitz|p2a: Goodra\n|-damage|p2a: Goodra|51/100\n|-damage|p1b: Incineroar|77/100|[from] Recoil\n|move|p1a: Primarina|Moonblast|p2a: Goodra\n|-damage|p2a: Goodra|26/100\n|move|p2b: Primarina|Hyper Voice|p1a: Primarina|[spread] p1a,p1b\n|-resisted|p1a: Primarina|1\n|-crit|p1a: Primarina\n|-supereffective|p1b: Incineroar|1\n|-damage|p1a: Primarina|37/100\n|-damage|p1b: Incineroar|0 fnt\n|faint|p1b: Incineroar\n|move|p2a: Goodra|Shelter|p2a: Goodra\n|-boost|p2a: Goodra|def|2\n|\n|-weather|Sandstorm|[upkeep]\n|-damage|p1a: Primarina|31/100|[from] Sandstorm\n|-damage|p2b: Primarina|34/100 brn|[from] Sandstorm\n|-heal|p2a: Goodra|32/100|[from] item: Leftovers\n|-damage|p2b: Primarina|28/100 brn|[from] brn\n|-sideend|p2: Thechienchien|move: Aurora Veil\n|upkeep\n|\n|t:|1776207072\n|switch|p1b: Tyranitar|Tyranitar, L50, F|19/100 frz\n|turn|6\n|\n|t:|1776207081\n|detailschange|p1b: Tyranitar|Tyranitar-Mega, L50, F\n|-mega|p1b: Tyranitar|Tyranitar|Tyranitarite\n|cant|p1b: Tyranitar|frz\n|move|p1a: Primarina|Hyper Voice|p2a: Goodra|[spread] p2a,p2b\n|-resisted|p2a: Goodra|1\n|-resisted|p2b: Primarina|1\n|-damage|p2a: Goodra|22/100\n|-damage|p2b: Primarina|14/100 brn\n|move|p2b: Primarina|Hyper Voice|p1b: Tyranitar|[spread] p1a,p1b\n|-resisted|p1a: Primarina|1\n|-supereffective|p1b: Tyranitar|1\n|-damage|p1a: Primarina|12/100\n|-damage|p1b: Tyranitar|0 fnt\n|faint|p1b: Tyranitar\n|move|p2a: Goodra|Life Dew|p2a: Goodra|[spread] p2a,p2b\n|-heal|p2a: Goodra|47/100\n|-heal|p2b: Primarina|40/100 brn\n|\n|-weather|none\n|-heal|p2a: Goodra|53/100|[from] item: Leftovers\n|-damage|p2b: Primarina|34/100 brn|[from] brn\n|upkeep\n|turn|7\n|-message|koebel forfeited.\n|\n|win|Thechienchien\n|raw|koebel's rating: 1223 &rarr; <strong>1202</strong><br />(-21 for losing)\n|raw|Thechienchien's rating: 1285 &rarr; <strong>1306</strong><br />(+21 for winning)\n|l|\u2606koebel\n|player|p1|\n",
  "uploadtime": 1776207094,
  "views": 23,
  "formatid": "gen9championsvgc2026regma",
  "rating": 1202,
  "private": 0,
  "password": null
}