{
  "id": "gen9championsvgc2026regma-2585477534",
  "format": "[Gen 9 Champions] VGC 2026 Reg M-A",
  "players": [
    "arlw",
    "Hedgehogwarrior"
  ],
  "log": "|j|\u2606arlw\n|j|\u2606Hedgehogwarrior\n|t:|1776350042\n|gametype|doubles\n|player|p1|arlw|101|1320\n|player|p2|Hedgehogwarrior|266|1259\n|gen|9\n|tier|[Gen 9 Champions] VGC 2026 Reg M-A\n|rated|\n|rule|Species Clause: Limit one of each Pok\u00e9mon\n|rule|Item Clause: Limit 1 of each item\n|clearpoke\n|poke|p1|Garchomp, L50, M|\n|poke|p1|Charizard, L50, M|\n|poke|p1|Whimsicott, L50, M|\n|poke|p1|Farigiraf, L50, M|\n|poke|p1|Sneasler, L50, M|\n|poke|p1|Kingambit, L50, F|\n|poke|p2|Crabominable, L50, F|\n|poke|p2|Slowking-Galar, L50, M|\n|poke|p2|Maushold, L50|\n|poke|p2|Farigiraf, L50, F|\n|poke|p2|Charizard, L50, F|\n|poke|p2|Venusaur, L50, F|\n|teampreview|4\n|inactive|Battle timer is ON: inactive players will automatically lose when time's up. (requested by arlw)\n|\n|t:|1776350073\n|teamsize|p1|4\n|teamsize|p2|4\n|start\n|switch|p1a: Charizard|Charizard, L50, M, shiny|100/100\n|switch|p1b: Whimsicott|Whimsicott, L50, M, shiny|100/100\n|switch|p2a: Slowking|Slowking-Galar, L50, M|100/100\n|switch|p2b: Farigiraf|Farigiraf, L50, F|100/100\n|turn|1\n|\n|t:|1776350095\n|detailschange|p1a: Charizard|Charizard-Mega-Y, L50, M, shiny\n|-mega|p1a: Charizard|Charizard|Charizardite Y\n|-weather|SunnyDay|[from] ability: Drought|[of] p1a: Charizard\n|move|p1b: Whimsicott|Tailwind|p1b: Whimsicott\n|-sidestart|p1: arlw|move: Tailwind\n|move|p1a: Charizard|Heat Wave|p2a: Slowking|[spread] p2a,p2b\n|-damage|p2a: Slowking|40/100\n|-damage|p2b: Farigiraf|54/100\n|-prepare|p2a: Slowking|Chilly Reception|[premajor]\n|move|p2a: Slowking|Chilly Reception|p2a: Slowking\n|-weather|Snowscape\n|\n|t:|1776350107\n|switch|p2a: Crabominable|Crabominable, L50, F|100/100|[from] Chilly Reception\n|move|p2b: Farigiraf|Trick Room|p2b: Farigiraf\n|-fieldstart|move: Trick Room|[of] p2b: Farigiraf\n|\n|-weather|Snowscape|[upkeep]\n|upkeep\n|turn|2\n|\n|t:|1776350130\n|switch|p2b: Slowking|Slowking-Galar, L50, M|73/100\n|detailschange|p2a: Crabominable|Crabominable-Mega, L50, F\n|-mega|p2a: Crabominable|Crabominable|Crabominite\n|move|p1b: Whimsicott|Encore||[still]\n|-fail|p1b: Whimsicott\n|move|p2a: Crabominable|Ice Hammer|p1a: Charizard\n|-damage|p1a: Charizard|0 fnt\n|-unboost|p2a: Crabominable|spe|1\n|faint|p1a: Charizard\n|\n|-weather|Snowscape|[upkeep]\n|upkeep\n|\n|t:|1776350139\n|switch|p1a: Garchomp|Garchomp, L50, M|100/100\n|turn|3\n|\n|t:|1776350148\n|move|p2a: Crabominable|Ice Hammer|p1a: Garchomp\n|-supereffective|p1a: Garchomp|2\n|-damage|p1a: Garchomp|0 fnt\n|-unboost|p2a: Crabominable|spe|1\n|-damage|p2a: Crabominable|88/100|[from] ability: Rough Skin|[of] p1a: Garchomp\n|faint|p1a: Garchomp\n|move|p2b: Slowking|Sludge Bomb|p1b: Whimsicott\n|-supereffective|p1b: Whimsicott|2\n|-enditem|p1b: Whimsicott|Focus Sash\n|-damage|p1b: Whimsicott|1/100\n|move|p1b: Whimsicott|Moonblast|p2a: Crabominable\n|-supereffective|p2a: Crabominable|1\n|-damage|p2a: Crabominable|40/100\n|\n|-weather|Snowscape|[upkeep]\n|upkeep\n|\n|t:|1776350160\n|switch|p1a: Sneasler|Sneasler, L50, M|100/100\n|turn|4\n|\n|t:|1776350170\n|move|p2a: Crabominable|Protect|p2a: Crabominable\n|-singleturn|p2a: Crabominable|Protect\n|move|p1a: Sneasler|Fake Out|p2a: Crabominable\n|-activate|p2a: Crabominable|move: Protect\n|move|p2b: Slowking|Psychic|p1a: Sneasler\n|-supereffective|p1a: Sneasler|2\n|-damage|p1a: Sneasler|0 fnt\n|faint|p1a: Sneasler\n|move|p1b: Whimsicott|Moonblast|p2a: Crabominable\n|-activate|p2a: Crabominable|move: Protect\n|\n|-weather|Snowscape|[upkeep]\n|-sideend|p1: arlw|move: Tailwind\n|upkeep\n|turn|5\n|-message|arlw forfeited.\n|\n|win|Hedgehogwarrior\n|raw|arlw's rating: 1320 &rarr; <strong>1297</strong><br />(-23 for losing)\n|raw|Hedgehogwarrior's rating: 1259 &rarr; <strong>1288</strong><br />(+29 for winning)\n|l|\u2606arlw\n|player|p1|\n",
  "uploadtime": 1776350189,
  "views": 36,
  "formatid": "gen9championsvgc2026regma",
  "rating": 1288,
  "private": 0,
  "password": null
}