{
  "id": "gen9championsvgc2026regma-2582789468",
  "format": "[Gen 9 Champions] VGC 2026 Reg M-A",
  "players": [
    "Kawii Dino",
    "cookietj"
  ],
  "log": "|j|\u2606Kawii Dino\n|j|\u2606cookietj\n|t:|1776114273\n|gametype|doubles\n|player|p1|Kawii Dino|1|1000\n|player|p2|cookietj|101|1000\n|gen|9\n|tier|[Gen 9 Champions] VGC 2026 Reg M-A\n|rated|\n|rule|Species Clause: Limit one of each Pok\u00e9mon\n|rule|Item Clause: Limit 1 of each item\n|clearpoke\n|poke|p1|Aggron, L50, F|\n|poke|p1|Gengar, L50, F|\n|poke|p1|Glimmora, L50, M|\n|poke|p1|Orthworm, L50, F|\n|poke|p1|Tyranitar, L50, F|\n|poke|p1|Milotic, L50, F|\n|poke|p2|Incineroar, L50, M|\n|poke|p2|Aerodactyl, L50, F|\n|poke|p2|Rotom-Wash, L50|\n|poke|p2|Raichu, L50, M|\n|poke|p2|Sinistcha, L50|\n|poke|p2|Whimsicott, L50, F|\n|teampreview|4\n|\n|t:|1776114291\n|teamsize|p1|4\n|teamsize|p2|4\n|start\n|switch|p1a: Glimmora|Glimmora, L50, M|100/100\n|switch|p1b: Milotic|Milotic, L50, F|100/100\n|switch|p2a: Incineroar|Incineroar, L50, M|100/100\n|switch|p2b: Aerodactyl|Aerodactyl, L50, F|100/100\n|-ability|p2a: Incineroar|Intimidate|boost\n|-unboost|p1a: Glimmora|atk|1\n|-unboost|p1b: Milotic|atk|1\n|-ability|p1b: Milotic|Competitive|boost\n|-boost|p1b: Milotic|spa|2\n|turn|1\n|\n|t:|1776114312\n|detailschange|p2b: Aerodactyl|Aerodactyl-Mega, L50, F\n|-mega|p2b: Aerodactyl|Aerodactyl|Aerodactylite\n|move|p1b: Milotic|Protect|p1b: Milotic\n|-singleturn|p1b: Milotic|Protect\n|move|p2a: Incineroar|Fake Out|p1b: Milotic\n|-activate|p1b: Milotic|move: Protect\n|move|p2b: Aerodactyl|Stone Edge|p1b: Milotic\n|-activate|p1b: Milotic|move: Protect\n|move|p1a: Glimmora|Stealth Rock|p2a: Incineroar\n|-sidestart|p2: cookietj|move: Stealth Rock\n|\n|upkeep\n|turn|2\n|\n|t:|1776114337\n|move|p1a: Glimmora|Spiky Shield|p1a: Glimmora\n|-singleturn|p1a: Glimmora|move: Protect\n|move|p2b: Aerodactyl|Dual Wingbeat|p1b: Milotic\n|-damage|p1b: Milotic|62/100\n|-damage|p1b: Milotic|25/100\n|-hitcount|p1b: Milotic|2\n|move|p2a: Incineroar|Parting Shot|p1a: Glimmora\n|-activate|p1a: Glimmora|move: Protect\n|move|p1b: Milotic|Scald|p2a: Incineroar\n|-supereffective|p2a: Incineroar|1\n|-damage|p2a: Incineroar|0 fnt\n|faint|p2a: Incineroar\n|\n|-heal|p1b: Milotic|30/100|[from] item: Leftovers\n|upkeep\n|\n|t:|1776114347\n|switch|p2a: Raichu|Raichu, L50, M|100/100\n|-damage|p2a: Raichu|89/100|[from] Stealth Rock\n|turn|3\n|\n|t:|1776114364\n|move|p1b: Milotic|Protect|p1b: Milotic\n|-singleturn|p1b: Milotic|Protect\n|move|p2b: Aerodactyl|Dual Wingbeat|p1b: Milotic\n|-activate|p1b: Milotic|move: Protect\n|move|p2a: Raichu|Encore|p1a: Glimmora\n|-start|p1a: Glimmora|Encore\n|move|p1a: Glimmora|Spiky Shield||[still]\n|-fail|p1a: Glimmora\n|\n|-heal|p1b: Milotic|36/100|[from] item: Leftovers\n|upkeep\n|turn|4\n|\n|t:|1776114386\n|switch|p1b: Aggron|Aggron, L50, F|100/100\n|move|p1a: Glimmora|Spiky Shield|p1a: Glimmora\n|-singleturn|p1a: Glimmora|move: Protect\n|move|p2b: Aerodactyl|Dragon Dance|p2b: Aerodactyl\n|-boost|p2b: Aerodactyl|atk|1\n|-boost|p2b: Aerodactyl|spe|1\n|move|p2a: Raichu|Volt Tackle|p1b: Aggron\n|-damage|p1b: Aggron|64/100\n|-damage|p2a: Raichu|75/100|[from] Recoil\n|\n|upkeep\n|turn|5\n|\n|t:|1776114413\n|switch|p1a: Gengar|Gengar, L50, F|100/100\n|detailschange|p1b: Aggron|Aggron-Mega, L50, F\n|-mega|p1b: Aggron|Aggron|Aggronite\n|move|p2b: Aerodactyl|Dual Wingbeat|p1b: Aggron\n|-resisted|p1b: Aggron|1\n|-damage|p1b: Aggron|52/100\n|-resisted|p1b: Aggron|1\n|-damage|p1b: Aggron|41/100\n|-hitcount|p1b: Aggron|2\n|move|p2a: Raichu|Volt Tackle|p1b: Aggron\n|-damage|p1b: Aggron|9/100\n|-damage|p2a: Raichu|64/100|[from] Recoil\n|move|p1b: Aggron|Body Press|p2b: Aerodactyl\n|-damage|p2b: Aerodactyl|44/100\n|\n|upkeep\n|turn|6\n|\n|t:|1776114439\n|switch|p1b: Glimmora|Glimmora, L50, M|100/100\n|move|p2b: Aerodactyl|Dual Wingbeat|p1a: Gengar\n|-damage|p1a: Gengar|19/100\n|-damage|p1a: Gengar|0 fnt\n|-start|p2b: Aerodactyl|Disable|Dual Wingbeat|[from] ability: Cursed Body|[of] p1a: Gengar\n|faint|p1a: Gengar\n|-hitcount|p1: Gengar|2\n|move|p2a: Raichu|Volt Tackle|p1b: Glimmora\n|-damage|p1b: Glimmora|24/100\n|-activate|p1b: Glimmora|ability: Toxic Debris\n|-sidestart|p2: cookietj|move: Toxic Spikes\n|-damage|p2a: Raichu|34/100|[from] Recoil\n|\n|upkeep\n|\n|t:|1776114454\n|switch|p1a: Milotic|Milotic, L50, F|36/100\n|turn|7\n|\n|t:|1776114472\n|move|p1a: Milotic|Protect|p1a: Milotic\n|-singleturn|p1a: Milotic|Protect\n|move|p2b: Aerodactyl|Dragon Claw|p1a: Milotic\n|-activate|p1a: Milotic|move: Protect\n|move|p2a: Raichu|Volt Tackle|p1b: Glimmora\n|-damage|p1b: Glimmora|0 fnt\n|-activate|p1b: Glimmora|ability: Toxic Debris\n|-sidestart|p2: cookietj|move: Toxic Spikes\n|faint|p1b: Glimmora\n|-damage|p2a: Raichu|25/100|[from] Recoil\n|\n|-heal|p1a: Milotic|42/100|[from] item: Leftovers\n|upkeep\n|\n|t:|1776114485\n|switch|p1b: Aggron|Aggron-Mega, L50, F|9/100\n|turn|8\n|\n|t:|1776114514\n|move|p2b: Aerodactyl|Stone Edge|p1b: Aggron|[miss]\n|-miss|p2b: Aerodactyl|p1b: Aggron\n|move|p2a: Raichu|Encore|p1a: Milotic\n|-start|p1a: Milotic|Encore\n|move|p1a: Milotic|Protect|p1a: Milotic\n|-singleturn|p1a: Milotic|Protect\n|move|p1b: Aggron|Earthquake|p2b: Aerodactyl|[spread] p2a\n|-activate|p1a: Milotic|move: Protect\n|-immune|p2b: Aerodactyl\n|-supereffective|p2a: Raichu|1\n|-damage|p2a: Raichu|0 fnt\n|faint|p2a: Raichu\n|\n|-heal|p1a: Milotic|48/100|[from] item: Leftovers\n|upkeep\n|\n|t:|1776114524\n|switch|p2a: Sinistcha|Sinistcha, L50|100/100\n|-damage|p2a: Sinistcha|88/100|[from] Stealth Rock\n|-status|p2a: Sinistcha|tox\n|-heal|p2b: Aerodactyl|68/100|[from] ability: Hospitality|[of] p2a: Sinistcha\n|turn|9\n|\n|t:|1776114535\n|move|p1a: Milotic|Protect|p1a: Milotic\n|-singleturn|p1a: Milotic|Protect\n|move|p2b: Aerodactyl|Dragon Claw|p1b: Aggron\n|-resisted|p1b: Aggron|1\n|-damage|p1b: Aggron|0 fnt\n|faint|p1b: Aggron\n|move|p2a: Sinistcha|Matcha Gotcha|p1a: Milotic\n|-activate|p1a: Milotic|move: Protect\n|\n|-heal|p1a: Milotic|54/100|[from] item: Leftovers\n|-heal|p2a: Sinistcha|94/100 tox|[from] item: Leftovers\n|-damage|p2a: Sinistcha|88/100 tox|[from] psn\n|-end|p2b: Aerodactyl|Disable\n|upkeep\n|turn|10\n|\n|t:|1776114545\n|move|p1a: Milotic|Protect||[still]\n|-fail|p1a: Milotic\n|move|p2b: Aerodactyl|Dual Wingbeat|p1a: Milotic\n|-damage|p1a: Milotic|0 fnt\n|faint|p1a: Milotic\n|-hitcount|p1: Milotic|1\n|\n|win|cookietj\n|raw|Kawii Dino's rating: 1000 &rarr; <strong>1000</strong><br />(+0 for losing)\n|raw|cookietj's rating: 1000 &rarr; <strong>1040</strong><br />(+40 for winning)\n|l|\u2606Kawii Dino\n|player|p1|\n",
  "uploadtime": 1776114556,
  "views": 24,
  "formatid": "gen9championsvgc2026regma",
  "rating": 1000,
  "private": 0,
  "password": null
}