{
  "id": "gen9championsvgc2026regma-2583102605",
  "format": "[Gen 9 Champions] VGC 2026 Reg M-A",
  "players": [
    "shin-tv07",
    "blareposeidon"
  ],
  "log": "|j|\u2606shin-tv07\n|j|\u2606blareposeidon\n|t:|1776142266\n|gametype|doubles\n|player|p1|shin-tv07|twins-gen4dp|1090\n|player|p2|blareposeidon|169|1181\n|gen|9\n|tier|[Gen 9 Champions] VGC 2026 Reg M-A\n|rated|\n|rule|Species Clause: Limit one of each Pok\u00e9mon\n|rule|Item Clause: Limit 1 of each item\n|clearpoke\n|poke|p1|Tauros-Paldea-Aqua, L50, M|\n|poke|p1|Froslass, L50, F|\n|poke|p1|Whimsicott, L50, M|\n|poke|p1|Incineroar, L50, M|\n|poke|p1|Palafin, L50, F|\n|poke|p1|Floette-Eternal, L50, F|\n|poke|p2|Gengar, L50, F|\n|poke|p2|Corviknight, L50, M|\n|poke|p2|Garchomp, L50, M|\n|poke|p2|Rotom-Wash, L50|\n|poke|p2|Meganium, L50, F|\n|poke|p2|Incineroar, L50, F|\n|teampreview|4\n|inactive|Battle timer is ON: inactive players will automatically lose when time's up. (requested by blareposeidon)\n|inactive|shin-tv07 has 60 seconds left.\n|\n|t:|1776142299\n|teamsize|p1|4\n|teamsize|p2|4\n|start\n|switch|p1a: Whimsicott|Whimsicott, L50, M|100/100\n|switch|p1b: Palafin|Palafin, L50, F|100/100\n|switch|p2a: Gengar|Gengar, L50, F|100/100\n|switch|p2b: Incineroar|Incineroar, L50, F|100/100\n|-ability|p2b: Incineroar|Intimidate|boost\n|-unboost|p1a: Whimsicott|atk|1\n|-unboost|p1b: Palafin|atk|1\n|turn|1\n|\n|t:|1776142308\n|detailschange|p2a: Gengar|Gengar-Mega, L50, F\n|-mega|p2a: Gengar|Gengar|Gengarite\n|move|p2b: Incineroar|Fake Out|p1b: Palafin\n|-damage|p1b: Palafin|86/100\n|move|p1a: Whimsicott|Tailwind|p1a: Whimsicott\n|-sidestart|p1: shin-tv07|move: Tailwind\n|cant|p1b: Palafin|flinch\n|move|p2a: Gengar|Sludge Bomb|p1a: Whimsicott\n|-supereffective|p1a: Whimsicott|2\n|-enditem|p1a: Whimsicott|Focus Sash\n|-damage|p1a: Whimsicott|1/100\n|\n|upkeep\n|turn|2\n|\n|t:|1776142325\n|move|p2a: Gengar|Protect|p2a: Gengar\n|-singleturn|p2a: Gengar|Protect\n|move|p1a: Whimsicott|Taunt|p2a: Gengar\n|-activate|p2a: Gengar|move: Protect\n|move|p1b: Palafin|Flip Turn|p2b: Incineroar\n|-supereffective|p2b: Incineroar|1\n|-damage|p2b: Incineroar|77/100\n|\n|t:|1776142335\n|detailschange|p1b: Palafin|Palafin-Hero, L50, F\n|switch|p1b: Tauros|Tauros-Paldea-Aqua, L50, M|100/100|[from] Flip Turn\n|move|p2b: Incineroar|Throat Chop|p1a: Whimsicott\n|-resisted|p1a: Whimsicott|1\n|-damage|p1a: Whimsicott|0 fnt\n|faint|p1a: Whimsicott\n|\n|upkeep\n|\n|t:|1776142337\n|switch|p1a: Froslass|Froslass, L50, F|100/100\n|turn|3\n|\n|t:|1776142355\n|switch|p2a: Garchomp|Garchomp, L50, M|100/100\n|switch|p2b: Rotom|Rotom-Wash, L50|100/100\n|move|p1a: Froslass|Frost Breath|p1b: Tauros\n|-resisted|p1b: Tauros|1\n|-crit|p1b: Tauros\n|-damage|p1b: Tauros|84/100\n|-setboost|p1b: Tauros|atk|6|[from] ability: Anger Point\n|move|p1b: Tauros|Rock Slide|p2b: Rotom|[spread] p2a,p2b\n|-resisted|p2a: Garchomp|1\n|-damage|p2a: Garchomp|73/100\n|-damage|p2b: Rotom|40/100\n|-enditem|p2b: Rotom|Sitrus Berry|[eat]\n|-heal|p2b: Rotom|65/100|[from] item: Sitrus Berry\n|\n|upkeep\n|turn|4\n|\n|t:|1776142373\n|detailschange|p1a: Froslass|Froslass-Mega, L50, F\n|-mega|p1a: Froslass|Froslass|Froslassite\n|-weather|Snowscape|[from] ability: Snow Warning|[of] p1a: Froslass\n|move|p2a: Garchomp|Protect|p2a: Garchomp\n|-singleturn|p2a: Garchomp|Protect\n|move|p2b: Rotom|Protect|p2b: Rotom\n|-singleturn|p2b: Rotom|Protect\n|move|p1a: Froslass|Blizzard|p2b: Rotom|[spread] \n|-activate|p2a: Garchomp|move: Protect\n|-activate|p2b: Rotom|move: Protect\n|move|p1b: Tauros|Close Combat|p2b: Rotom\n|-activate|p2b: Rotom|move: Protect\n|\n|-weather|Snowscape|[upkeep]\n|-sideend|p1: shin-tv07|move: Tailwind\n|upkeep\n|turn|5\n|\n|t:|1776142397\n|switch|p2a: Incineroar|Incineroar, L50, F|77/100\n|-ability|p2a: Incineroar|Intimidate|boost\n|-unboost|p1a: Froslass|atk|1\n|-unboost|p1b: Tauros|atk|1\n|switch|p2b: Gengar|Gengar-Mega, L50, F|100/100\n|move|p1a: Froslass|Blizzard|p2a: Incineroar|[spread] p2a,p2b\n|-resisted|p2a: Incineroar|1\n|-damage|p2a: Incineroar|63/100\n|-damage|p2b: Gengar|49/100\n|-status|p2a: Incineroar|frz\n|move|p1b: Tauros|Close Combat|p2b: Gengar\n|-immune|p2b: Gengar\n|\n|-weather|Snowscape|[upkeep]\n|upkeep\n|turn|6\n|\n|t:|1776142418\n|move|p2b: Gengar|Protect|p2b: Gengar\n|-singleturn|p2b: Gengar|Protect\n|cant|p2a: Incineroar|frz\n|move|p1a: Froslass|Aurora Veil|p1a: Froslass\n|-sidestart|p1: shin-tv07|move: Aurora Veil\n|move|p1b: Tauros|Rock Slide|p2b: Gengar|[spread] p2a\n|-activate|p2b: Gengar|move: Protect\n|-supereffective|p2a: Incineroar|1\n|-damage|p2a: Incineroar|0 fnt\n|faint|p2a: Incineroar\n|\n|-weather|Snowscape|[upkeep]\n|upkeep\n|\n|t:|1776142428\n|switch|p2a: Rotom|Rotom-Wash, L50|65/100\n|turn|7\n|\n|t:|1776142438\n|move|p1a: Froslass|Blizzard|p2a: Rotom|[spread] p2a,p2b\n|-resisted|p2a: Rotom|1\n|-damage|p2a: Rotom|44/100\n|-damage|p2b: Gengar|0 fnt\n|faint|p2b: Gengar\n|move|p1b: Tauros|Rock Slide|p2a: Rotom\n|-damage|p2a: Rotom|0 fnt\n|faint|p2a: Rotom\n|\n|-weather|Snowscape|[upkeep]\n|upkeep\n|-message|blareposeidon forfeited.\n|\n|win|shin-tv07\n|raw|shin-tv07's rating: 1090 &rarr; <strong>1123</strong><br />(+33 for winning)\n|raw|blareposeidon's rating: 1181 &rarr; <strong>1150</strong><br />(-31 for losing)\n|l|\u2606blareposeidon\n|player|p2|\n",
  "uploadtime": 1776142450,
  "views": 18,
  "formatid": "gen9championsvgc2026regma",
  "rating": 1123,
  "private": 0,
  "password": null
}