{
  "id": "gen9championsvgc2026regma-2584198815",
  "format": "[Gen 9 Champions] VGC 2026 Reg M-A",
  "players": [
    "Stouterd",
    "sahtra"
  ],
  "log": "|j|\u2606Stouterd\n|j|\u2606sahtra\n|t:|1776237244\n|gametype|doubles\n|player|p1|Stouterd|266|1049\n|player|p2|sahtra|acetrainersnowf|1078\n|gen|9\n|tier|[Gen 9 Champions] VGC 2026 Reg M-A\n|rated|\n|rule|Species Clause: Limit one of each Pok\u00e9mon\n|rule|Item Clause: Limit 1 of each item\n|clearpoke\n|poke|p1|Feraligatr, L50, F|\n|poke|p1|Tinkaton, L50, F|\n|poke|p1|Incineroar, L50, F|\n|poke|p1|Farigiraf, L50, F|\n|poke|p1|Gengar, L50, M|\n|poke|p1|Decidueye-Hisui, L50, M|\n|poke|p2|Meganium, L50, F|\n|poke|p2|Talonflame, L50, M|\n|poke|p2|Ditto, L50|\n|poke|p2|Sneasler, L50, F|\n|poke|p2|Sableye, L50, F|\n|poke|p2|Toxapex, L50, F|\n|teampreview|4\n|\n|t:|1776237270\n|teamsize|p1|4\n|teamsize|p2|4\n|start\n|switch|p1a: Gengar|Gengar, L50, M, shiny|100/100\n|switch|p1b: Incineroar|Incineroar, L50, F, shiny|100/100\n|switch|p2a: Meganium|Meganium, L50, F|100/100\n|switch|p2b: Talonflame|Talonflame, L50, M|100/100\n|-ability|p1b: Incineroar|Intimidate|boost\n|-unboost|p2a: Meganium|atk|1\n|-unboost|p2b: Talonflame|atk|1\n|turn|1\n|inactive|Battle timer is ON: inactive players will automatically lose when time's up. (requested by sahtra)\n|\n|t:|1776237289\n|detailschange|p1a: Gengar|Gengar-Mega, L50, M, shiny\n|-mega|p1a: Gengar|Gengar|Gengarite\n|detailschange|p2a: Meganium|Meganium-Mega, L50, F\n|-mega|p2a: Meganium|Meganium|Meganiumite\n|move|p1b: Incineroar|Fake Out|p2b: Talonflame\n|-damage|p2b: Talonflame|84/100\n|cant|p2b: Talonflame|flinch\n|move|p1a: Gengar|Perish Song|p1a: Gengar\n|-start|p1a: Gengar|perish3|[silent]\n|-start|p1b: Incineroar|perish3|[silent]\n|-start|p2a: Meganium|perish3|[silent]\n|-start|p2b: Talonflame|perish3|[silent]\n|-fieldactivate|move: Perish Song\n|move|p2a: Meganium|Earth Power|p1a: Gengar\n|-supereffective|p1a: Gengar|1\n|-damage|p1a: Gengar|32/100\n|\n|-start|p2b: Talonflame|perish3\n|-start|p1a: Gengar|perish3\n|-start|p2a: Meganium|perish3\n|-start|p1b: Incineroar|perish3\n|upkeep\n|turn|2\n|\n|t:|1776237313\n|switch|p1a: Farigiraf|Farigiraf, L50, F, shiny|100/100\n|move|p2b: Talonflame|Tailwind|p2b: Talonflame\n|-sidestart|p2: sahtra|move: Tailwind\n|move|p2a: Meganium|Earth Power|p1b: Incineroar\n|-supereffective|p1b: Incineroar|1\n|-damage|p1b: Incineroar|30/100\n|move|p1b: Incineroar|Parting Shot|p2a: Meganium\n|-unboost|p2a: Meganium|atk|1\n|-unboost|p2a: Meganium|spa|1\n|\n|t:|1776237326\n|switch|p1b: Gengar|Gengar-Mega, L50, M, shiny|32/100|[from] Parting Shot\n|\n|-start|p2b: Talonflame|perish2\n|-start|p2a: Meganium|perish2\n|upkeep\n|turn|3\n|inactive|Stouterd has 30 seconds left.\n|\n|t:|1776237355\n|move|p1b: Gengar|Protect|p1b: Gengar\n|-singleturn|p1b: Gengar|Protect\n|move|p2b: Talonflame|U-turn|p1a: Farigiraf\n|-supereffective|p1a: Farigiraf|1\n|-damage|p1a: Farigiraf|79/100\n|\n|t:|1776237361\n|switch|p2b: Toxapex|Toxapex, L50, F|100/100|[from] U-turn\n|move|p2a: Meganium|Earth Power|p1b: Gengar\n|-activate|p1b: Gengar|move: Protect\n|move|p1a: Farigiraf|Trick Room|p1a: Farigiraf\n|-fieldstart|move: Trick Room|[of] p1a: Farigiraf\n|\n|-start|p2a: Meganium|perish1\n|upkeep\n|turn|4\n|inactive|Stouterd has 30 seconds left.\n|\n|t:|1776237388\n|switch|p1b: Decidueye|Decidueye-Hisui, L50, M|100/100\n|move|p1a: Farigiraf|Psychic|p2b: Toxapex\n|-supereffective|p2b: Toxapex|1\n|-damage|p2b: Toxapex|58/100\n|move|p2b: Toxapex|Toxic|p1a: Farigiraf\n|-status|p1a: Farigiraf|tox\n|move|p2a: Meganium|Earth Power|p1b: Decidueye\n|-resisted|p1b: Decidueye|1\n|-damage|p1b: Decidueye|88/100\n|\n|-heal|p2b: Toxapex|64/100|[from] item: Leftovers\n|-damage|p1a: Farigiraf|73/100 tox|[from] psn\n|-start|p2a: Meganium|perish0\n|faint|p2a: Meganium\n|upkeep\n|\n|t:|1776237404\n|switch|p2a: Ditto|Ditto, L50|100/100\n|-transform|p2a: Ditto|p1b: Decidueye|[from] ability: Imposter\n|turn|5\n|-activate|p2a: Ditto|item: Quick Claw\n|\n|t:|1776237415\n|move|p2a: Ditto|Protect|p2a: Ditto\n|-singleturn|p2a: Ditto|Protect\n|move|p1b: Decidueye|Leaf Blade|p2b: Toxapex\n|-damage|p2b: Toxapex|27/100\n|move|p1a: Farigiraf|Psychic|p2b: Toxapex\n|-supereffective|p2b: Toxapex|1\n|-damage|p2b: Toxapex|0 fnt\n|faint|p2b: Toxapex\n|\n|-damage|p1a: Farigiraf|61/100 tox|[from] psn\n|-sideend|p2: sahtra|move: Tailwind\n|upkeep\n|\n|t:|1776237422\n|switch|p2b: Talonflame|Talonflame, L50, M|84/100\n|turn|6\n|inactive|Stouterd has 30 seconds left.\n|\n|t:|1776237453\n|move|p1b: Decidueye|Protect|p1b: Decidueye\n|-singleturn|p1b: Decidueye|Protect\n|move|p2a: Ditto|Triple Arrows|p1a: Farigiraf\n|-damage|p1a: Farigiraf|21/100 tox\n|-enditem|p1a: Farigiraf|Sitrus Berry|[eat]\n|-heal|p1a: Farigiraf|45/100 tox|[from] item: Sitrus Berry\n|move|p1a: Farigiraf|Hyper Voice|p2b: Talonflame|[spread] p2a,p2b\n|-damage|p2a: Ditto|69/100\n|-damage|p2b: Talonflame|47/100\n|move|p2b: Talonflame|Brave Bird|p1b: Decidueye\n|-activate|p1b: Decidueye|move: Protect\n|\n|-damage|p1a: Farigiraf|27/100 tox|[from] psn\n|upkeep\n|turn|7\n|\n|t:|1776237474\n|move|p1b: Decidueye|Triple Arrows|p2b: Talonflame\n|-resisted|p2b: Talonflame|1\n|-crit|p2b: Talonflame\n|-damage|p2b: Talonflame|0 fnt\n|faint|p2b: Talonflame\n|move|p2a: Ditto|Triple Arrows|p1a: Farigiraf\n|-damage|p1a: Farigiraf|0 fnt\n|faint|p1a: Farigiraf\n|\n|-fieldend|move: Trick Room\n|upkeep\n|\n|t:|1776237486\n|switch|p1a: Gengar|Gengar-Mega, L50, M, shiny|32/100\n|turn|8\n|\n|t:|1776237502\n|move|p1a: Gengar|Shadow Ball|p2a: Ditto\n|-damage|p2a: Ditto|18/100\n|move|p1b: Decidueye|Triple Arrows|p2a: Ditto\n|-damage|p2a: Ditto|0 fnt\n|faint|p2a: Ditto\n|\n|win|Stouterd\n|raw|Stouterd's rating: 1049 &rarr; <strong>1084</strong><br />(+35 for winning)\n|raw|sahtra's rating: 1078 &rarr; <strong>1054</strong><br />(-24 for losing)\n|l|\u2606sahtra\n|player|p2|\n",
  "uploadtime": 1776237523,
  "views": 24,
  "formatid": "gen9championsvgc2026regma",
  "rating": 1054,
  "private": 0,
  "password": null
}