{
  "id": "gen9championsvgc2026regma-2580719468",
  "format": "[Gen 9 Champions] VGC 2026 Reg M-A",
  "players": [
    "123Sanpei",
    "Kyommunism"
  ],
  "log": "|j|\u2606123Sanpei\n|j|\u2606Kyommunism\n|t:|1775926919\n|gametype|doubles\n|player|p1|123Sanpei|170|1075\n|player|p2|Kyommunism|dawn|1163\n|gen|9\n|tier|[Gen 9 Champions] VGC 2026 Reg M-A\n|rated|\n|rule|Species Clause: Limit one of each Pok\u00e9mon\n|rule|Item Clause: Limit 1 of each item\n|clearpoke\n|poke|p1|Tyranitar, L50, M|\n|poke|p1|Aerodactyl, L50, F|\n|poke|p1|Aggron, L50, M|\n|poke|p1|Arcanine-Hisui, L50, M|\n|poke|p1|Heliolisk, L50, F|\n|poke|p1|Glimmora, L50, M|\n|poke|p2|Floette-Eternal, L50, F|\n|poke|p2|Maushold, L50|\n|poke|p2|Talonflame, L50, M|\n|poke|p2|Archaludon, L50, M|\n|poke|p2|Sinistcha-Masterpiece, L50|\n|poke|p2|Milotic, L50, F|\n|teampreview|4\n|inactive|Battle timer is ON: inactive players will automatically lose when time's up. (requested by Kyommunism)\n|inactive|123Sanpei has 60 seconds left.\n|\n|t:|1775926963\n|teamsize|p1|4\n|teamsize|p2|4\n|start\n|switch|p1a: Tyranitar|Tyranitar, L50, M|100/100\n|switch|p1b: Aggron|Aggron, L50, M|100/100\n|switch|p2a: Archaludon|Archaludon, L50, M|100/100\n|switch|p2b: Maushold|Maushold, L50|100/100\n|-weather|Sandstorm|[from] ability: Sand Stream|[of] p1a: Tyranitar\n|turn|1\n|inactive|123Sanpei has 30 seconds left.\n|\n|t:|1775926990\n|switch|p1a: Glimmora|Glimmora, L50, M|100/100\n|move|p2b: Maushold|Population Bomb|p2a: Archaludon\n|-resisted|p2a: Archaludon|1\n|-damage|p2a: Archaludon|98/100\n|-ability|p2a: Archaludon|Stamina|boost\n|-boost|p2a: Archaludon|def|1\n|-resisted|p2a: Archaludon|1\n|-damage|p2a: Archaludon|97/100\n|-ability|p2a: Archaludon|Stamina|boost\n|-boost|p2a: Archaludon|def|1\n|-resisted|p2a: Archaludon|1\n|-damage|p2a: Archaludon|96/100\n|-ability|p2a: Archaludon|Stamina|boost\n|-boost|p2a: Archaludon|def|1\n|-resisted|p2a: Archaludon|1\n|-damage|p2a: Archaludon|95/100\n|-ability|p2a: Archaludon|Stamina|boost\n|-boost|p2a: Archaludon|def|1\n|-hitcount|p2a: Archaludon|4\n|move|p2a: Archaludon|Electro Shot||[still]\n|-prepare|p2a: Archaludon|Electro Shot\n|-boost|p2a: Archaludon|spa|1\n|move|p1b: Aggron|Body Press|p2b: Maushold\n|-supereffective|p2b: Maushold|1\n|-damage|p2b: Maushold|5/100\n|\n|-weather|Sandstorm|[upkeep]\n|-damage|p2b: Maushold|0 fnt|[from] Sandstorm\n|faint|p2b: Maushold\n|upkeep\n|\n|t:|1775927001\n|switch|p2b: Sinistcha|Sinistcha-Masterpiece, L50, shiny|100/100\n|-heal|p2a: Archaludon|100/100|[from] ability: Hospitality|[of] p2b: Sinistcha\n|turn|2\n|inactive|123Sanpei has 30 seconds left.\n|inactive|123Sanpei has 20 seconds left.\n|\n|t:|1775927038\n|move|p1a: Glimmora|Spiky Shield|p1a: Glimmora\n|-singleturn|p1a: Glimmora|move: Protect\n|move|p2a: Archaludon|Electro Shot|p1b: Aggron|[from] lockedmove\n|-damage|p1b: Aggron|50/100\n|move|p2b: Sinistcha|Matcha Gotcha|p1b: Aggron|[spread] p1b\n|-activate|p1a: Glimmora|move: Protect\n|-damage|p1b: Aggron|28/100\n|move|p1b: Aggron|Ice Punch|p2b: Sinistcha\n|-supereffective|p2b: Sinistcha|1\n|-crit|p2b: Sinistcha\n|-damage|p2b: Sinistcha|36/100\n|-status|p2b: Sinistcha|frz\n|-enditem|p2b: Sinistcha|Sitrus Berry|[eat]\n|-heal|p2b: Sinistcha|61/100 frz|[from] item: Sitrus Berry\n|\n|-weather|Sandstorm|[upkeep]\n|-damage|p2b: Sinistcha|55/100 frz|[from] Sandstorm\n|upkeep\n|turn|3\n|\n|t:|1775927061\n|detailschange|p1a: Glimmora|Glimmora-Mega, L50, M\n|-mega|p1a: Glimmora|Glimmora|Glimmoranite\n|-curestatus|p2b: Sinistcha|frz|[msg]\n|move|p2b: Sinistcha|Protect|p2b: Sinistcha\n|-singleturn|p2b: Sinistcha|Protect\n|move|p1a: Glimmora|Earth Power|p2a: Archaludon\n|-supereffective|p2a: Archaludon|1\n|-damage|p2a: Archaludon|46/100\n|-ability|p2a: Archaludon|Stamina|boost\n|-boost|p2a: Archaludon|def|1\n|move|p2a: Archaludon|Flash Cannon|p1a: Glimmora\n|-supereffective|p1a: Glimmora|1\n|-damage|p1a: Glimmora|28/100\n|move|p1b: Aggron|Ice Punch|p2b: Sinistcha\n|-activate|p2b: Sinistcha|move: Protect\n|\n|-weather|Sandstorm|[upkeep]\n|-damage|p2b: Sinistcha|49/100|[from] Sandstorm\n|upkeep\n|turn|4\n|inactive|Kyommunism has 30 seconds left.\n|\n|t:|1775927089\n|move|p2b: Sinistcha|Rage Powder|p2b: Sinistcha\n|-singleturn|p2b: Sinistcha|move: Rage Powder\n|move|p1a: Glimmora|Earth Power|p2b: Sinistcha\n|-resisted|p2b: Sinistcha|1\n|-damage|p2b: Sinistcha|31/100\n|move|p2a: Archaludon|Flash Cannon|p1b: Aggron\n|-damage|p1b: Aggron|0 fnt\n|faint|p1b: Aggron\n|\n|-weather|Sandstorm|[upkeep]\n|-damage|p2b: Sinistcha|25/100|[from] Sandstorm\n|upkeep\n|inactive|123Sanpei has 30 seconds left.\n|\n|t:|1775927121\n|switch|p1b: Tyranitar|Tyranitar, L50, M|100/100\n|turn|5\n|\n|t:|1775927128\n|move|p2b: Sinistcha|Rage Powder|p2b: Sinistcha\n|-singleturn|p2b: Sinistcha|move: Rage Powder\n|move|p1a: Glimmora|Earth Power|p2b: Sinistcha\n|-resisted|p2b: Sinistcha|1\n|-damage|p2b: Sinistcha|9/100\n|move|p1b: Tyranitar|Rock Slide|p2a: Archaludon|[spread] p2a,p2b\n|-resisted|p2a: Archaludon|1\n|-damage|p2a: Archaludon|43/100\n|-damage|p2b: Sinistcha|0 fnt\n|-ability|p2a: Archaludon|Stamina|boost\n|-boost|p2a: Archaludon|def|1\n|faint|p2b: Sinistcha\n|move|p2a: Archaludon|Rest|p2a: Archaludon\n|-status|p2a: Archaludon|slp|[from] move: Rest\n|-enditem|p2a: Archaludon|Lum Berry|[eat]\n|-curestatus|p2a: Archaludon|slp|[msg]\n|-heal|p2a: Archaludon|100/100|[silent]\n|\n|-weather|none\n|upkeep\n|\n|t:|1775927136\n|switch|p2b: Floette|Floette-Eternal, L50, F|100/100\n|turn|6\n|inactive|123Sanpei has 30 seconds left.\n|\n|t:|1775927165\n|detailschange|p2b: Floette|Floette-Mega, L50, F\n|-mega|p2b: Floette|Floette|Floettite\n|-ability|p2b: Floette|Fairy Aura\n|move|p2b: Floette|Protect|p2b: Floette\n|-singleturn|p2b: Floette|Protect\n|move|p1a: Glimmora|Earth Power|p2a: Archaludon\n|-supereffective|p2a: Archaludon|1\n|-damage|p2a: Archaludon|46/100\n|move|p1b: Tyranitar|Rock Slide|p2a: Archaludon|[spread] p2a\n|-activate|p2b: Floette|move: Protect\n|-resisted|p2a: Archaludon|1\n|-damage|p2a: Archaludon|43/100\n|move|p2a: Archaludon|Flash Cannon|p1a: Glimmora\n|-supereffective|p1a: Glimmora|1\n|-damage|p1a: Glimmora|0 fnt\n|faint|p1a: Glimmora\n|\n|upkeep\n|\n|t:|1775927180\n|switch|p1a: Arcanine|Arcanine-Hisui, L50, M|100/100\n|turn|7\n|\n|t:|1775927196\n|move|p1a: Arcanine|Flare Blitz|p2b: Floette\n|-damage|p2b: Floette|22/100\n|move|p2b: Floette|Moonblast|p1b: Tyranitar\n|-supereffective|p1b: Tyranitar|1\n|-damage|p1b: Tyranitar|0 fnt\n|faint|p1b: Tyranitar\n|move|p2a: Archaludon|Flash Cannon|p1a: Arcanine\n|-damage|p1a: Arcanine|41/100\n|\n|upkeep\n|turn|8\n|-message|123Sanpei forfeited.\n|\n|win|Kyommunism\n|raw|123Sanpei's rating: 1075 &rarr; <strong>1059</strong><br />(-16 for losing)\n|raw|Kyommunism's rating: 1163 &rarr; <strong>1182</strong><br />(+19 for winning)\n|l|\u2606123Sanpei\n|player|p1|\n",
  "uploadtime": 1775927216,
  "views": 9,
  "formatid": "gen9championsvgc2026regma",
  "rating": 1059,
  "private": 0,
  "password": null
}