{
  "id": "gen9championsvgc2026regma-2588156029",
  "format": "[Gen 9 Champions] VGC 2026 Reg M-A",
  "players": [
    "TheBallistic1",
    "mfsalve"
  ],
  "log": "|j|\u2606TheBallistic1\n|j|\u2606mfsalve\n|t:|1776609869\n|gametype|doubles\n|player|p1|TheBallistic1|colress|1154\n|player|p2|mfsalve|101|1088\n|gen|9\n|tier|[Gen 9 Champions] VGC 2026 Reg M-A\n|rated|\n|rule|Species Clause: Limit one of each Pok\u00e9mon\n|rule|Item Clause: Limit 1 of each item\n|clearpoke\n|poke|p1|Floette-Eternal, L50, F|\n|poke|p1|Charizard, L50, M|\n|poke|p1|Sneasler, L50, M|\n|poke|p1|Milotic, L50, M|\n|poke|p1|Incineroar, L50, F|\n|poke|p1|Sinistcha, L50|\n|poke|p2|Tyranitar, L50, F|\n|poke|p2|Talonflame, L50, F|\n|poke|p2|Sylveon, L50, M|\n|poke|p2|Lycanroc, L50, M|\n|poke|p2|Garchomp, L50, M|\n|poke|p2|Gyarados, L50, F|\n|teampreview|4\n|\n|t:|1776609904\n|teamsize|p1|4\n|teamsize|p2|4\n|start\n|switch|p1a: Sneasler|Sneasler, L50, M|100/100\n|switch|p1b: Milotic|Milotic, L50, M|100/100\n|switch|p2a: Tyranitar|Tyranitar, L50, F|100/100\n|switch|p2b: Talonflame|Talonflame, L50, F|100/100\n|-weather|Sandstorm|[from] ability: Sand Stream|[of] p2a: Tyranitar\n|turn|1\n|inactive|Battle timer is ON: inactive players will automatically lose when time's up. (requested by TheBallistic1)\n|inactive|mfsalve has 60 seconds left.\n|inactive|mfsalve has 30 seconds left.\n|\n|t:|1776609974\n|detailschange|p2a: Tyranitar|Tyranitar-Mega, L50, F\n|-mega|p2a: Tyranitar|Tyranitar|Tyranitarite\n|move|p2b: Talonflame|Protect|p2b: Talonflame\n|-singleturn|p2b: Talonflame|Protect\n|move|p1a: Sneasler|Fake Out|p2b: Talonflame\n|-activate|p2b: Talonflame|move: Protect\n|move|p1b: Milotic|Scald|p2a: Tyranitar\n|-supereffective|p2a: Tyranitar|1\n|-damage|p2a: Tyranitar|56/100\n|move|p2a: Tyranitar|Knock Off|p1a: Sneasler\n|-resisted|p1a: Sneasler|1\n|-damage|p1a: Sneasler|43/100\n|-enditem|p1a: Sneasler|White Herb|[from] move: Knock Off|[of] p2a: Tyranitar\n|\n|-weather|Sandstorm|[upkeep]\n|-damage|p1a: Sneasler|37/100|[from] Sandstorm\n|-damage|p2b: Talonflame|94/100|[from] Sandstorm\n|-damage|p1b: Milotic|95/100|[from] Sandstorm\n|-heal|p2b: Talonflame|100/100|[from] item: Leftovers\n|-heal|p1b: Milotic|100/100|[from] item: Leftovers\n|upkeep\n|turn|2\n|\n|t:|1776609994\n|switch|p2a: Garchomp|Garchomp, L50, M|100/100\n|move|p2b: Talonflame|Tailwind|p2b: Talonflame\n|-sidestart|p2: mfsalve|move: Tailwind\n|move|p1a: Sneasler|Close Combat|p2a: Garchomp\n|-damage|p2a: Garchomp|32/100\n|-unboost|p1a: Sneasler|def|1\n|-unboost|p1a: Sneasler|spd|1\n|move|p1b: Milotic|Scald|p2b: Talonflame\n|-supereffective|p2b: Talonflame|1\n|-damage|p2b: Talonflame|0 fnt\n|faint|p2b: Talonflame\n|\n|-weather|Sandstorm|[upkeep]\n|-damage|p1a: Sneasler|31/100|[from] Sandstorm\n|-damage|p1b: Milotic|95/100|[from] Sandstorm\n|-heal|p1b: Milotic|100/100|[from] item: Leftovers\n|upkeep\n|\n|t:|1776610005\n|switch|p2b: Lycanroc|Lycanroc, L50, M|100/100\n|turn|3\n|\n|t:|1776610015\n|move|p2b: Lycanroc|Close Combat|p1b: Milotic\n|-damage|p1b: Milotic|51/100\n|-unboost|p2b: Lycanroc|def|1\n|-unboost|p2b: Lycanroc|spd|1\n|move|p1a: Sneasler|Close Combat|p2a: Garchomp|[miss]\n|-miss|p1a: Sneasler|p2a: Garchomp\n|move|p2a: Garchomp|Stomping Tantrum|p1a: Sneasler\n|-supereffective|p1a: Sneasler|1\n|-damage|p1a: Sneasler|0 fnt\n|faint|p1a: Sneasler\n|move|p1b: Milotic|Scald|p2b: Lycanroc\n|-supereffective|p2b: Lycanroc|1\n|-enditem|p2b: Lycanroc|Focus Sash\n|-damage|p2b: Lycanroc|1/100\n|\n|-weather|Sandstorm|[upkeep]\n|-damage|p1b: Milotic|45/100|[from] Sandstorm\n|-heal|p1b: Milotic|51/100|[from] item: Leftovers\n|upkeep\n|\n|t:|1776610029\n|switch|p1a: Sinistcha|Sinistcha, L50|100/100\n|-heal|p1b: Milotic|76/100|[from] ability: Hospitality|[of] p1a: Sinistcha\n|turn|4\n|\n|t:|1776610036\n|move|p1a: Sinistcha|Rage Powder|p1a: Sinistcha\n|-singleturn|p1a: Sinistcha|move: Rage Powder\n|move|p2b: Lycanroc|Close Combat|p1a: Sinistcha\n|-immune|p1a: Sinistcha\n|move|p2a: Garchomp|Dragon Claw|p1a: Sinistcha\n|-damage|p1a: Sinistcha|68/100\n|move|p1b: Milotic|Ice Beam|p2a: Garchomp\n|-supereffective|p2a: Garchomp|2\n|-damage|p2a: Garchomp|0 fnt\n|faint|p2a: Garchomp\n|\n|-weather|Sandstorm|[upkeep]\n|-damage|p1b: Milotic|70/100|[from] Sandstorm\n|-damage|p1a: Sinistcha|62/100|[from] Sandstorm\n|-heal|p1b: Milotic|76/100|[from] item: Leftovers\n|upkeep\n|\n|t:|1776610043\n|switch|p2a: Tyranitar|Tyranitar-Mega, L50, F|56/100\n|turn|5\n|\n|t:|1776610052\n|move|p2b: Lycanroc|Protect|p2b: Lycanroc\n|-singleturn|p2b: Lycanroc|Protect\n|move|p2a: Tyranitar|Knock Off|p1a: Sinistcha\n|-supereffective|p1a: Sinistcha|1\n|-damage|p1a: Sinistcha|0 fnt\n|-enditem|p1a: Sinistcha|Mental Herb|[from] move: Knock Off|[of] p2a: Tyranitar\n|faint|p1a: Sinistcha\n|move|p1b: Milotic|Scald|p2a: Tyranitar\n|-supereffective|p2a: Tyranitar|1\n|-damage|p2a: Tyranitar|17/100\n|-status|p2a: Tyranitar|brn\n|\n|-weather|none\n|-heal|p1b: Milotic|82/100|[from] item: Leftovers\n|-damage|p2a: Tyranitar|11/100 brn|[from] brn\n|-sideend|p2: mfsalve|move: Tailwind\n|upkeep\n|\n|t:|1776610061\n|switch|p1a: Floette|Floette-Eternal, L50, F|100/100\n|turn|6\n|-message|mfsalve forfeited.\n|\n|win|TheBallistic1\n|raw|TheBallistic1's rating: 1154 &rarr; <strong>1174</strong><br />(+20 for winning)\n|raw|mfsalve's rating: 1088 &rarr; <strong>1069</strong><br />(-19 for losing)\n|l|\u2606mfsalve\n|player|p2|\n",
  "uploadtime": 1776610071,
  "views": 7,
  "formatid": "gen9championsvgc2026regma",
  "rating": 1069,
  "private": 0,
  "password": null
}