{
  "id": "gen9championsvgc2026regma-2581281683",
  "format": "[Gen 9 Champions] VGC 2026 Reg M-A",
  "players": [
    "airtest4",
    "ConnerTEP"
  ],
  "log": "|j|\u2606airtest4\n|j|\u2606ConnerTEP\n|t:|1775980827\n|gametype|doubles\n|player|p1|airtest4|265|1343\n|player|p2|ConnerTEP|acerola-masters2|1478\n|gen|9\n|tier|[Gen 9 Champions] VGC 2026 Reg M-A\n|rated|\n|rule|Species Clause: Limit one of each Pok\u00e9mon\n|rule|Item Clause: Limit 1 of each item\n|clearpoke\n|poke|p1|Pelipper, L50, M|\n|poke|p1|Archaludon, L50, M|\n|poke|p1|Basculegion, L50, M|\n|poke|p1|Manectric, L50, F|\n|poke|p1|Sneasler, L50, F|\n|poke|p1|Incineroar, L50, M|\n|poke|p2|Aerodactyl, L50, F|\n|poke|p2|Garchomp, L50, M|\n|poke|p2|Gardevoir, L50, M|\n|poke|p2|Kingambit, L50, M|\n|poke|p2|Kangaskhan, L50, F|\n|poke|p2|Sinistcha, L50|\n|teampreview|4\n|inactive|Battle timer is ON: inactive players will automatically lose when time's up. (requested by ConnerTEP)\n|inactive|airtest4 has 60 seconds left.\n|j| gE1xjZRtuhW2DdT0AK\n|inactive|airtest4 has 30 seconds left.\n|inactive|airtest4 has 20 seconds left.\n|\n|t:|1775980900\n|teamsize|p1|4\n|teamsize|p2|4\n|start\n|switch|p1a: Manectric|Manectric, L50, F|100/100\n|switch|p1b: Sneasler|Sneasler, L50, F|100/100\n|switch|p2a: Aerodactyl|Aerodactyl, L50, F|100/100\n|switch|p2b: Garchomp|Garchomp, L50, M|100/100\n|-ability|p2a: Aerodactyl|Unnerve\n|turn|1\n|inactive|airtest4 has 30 seconds left.\n|inactive|airtest4 has 20 seconds left.\n|inactive|airtest4 has 15 seconds left.\n|\n|t:|1775980943\n|detailschange|p1a: Manectric|Manectric-Mega, L50, F\n|-mega|p1a: Manectric|Manectric|Manectite\n|-ability|p1a: Manectric|Intimidate|boost\n|-unboost|p2a: Aerodactyl|atk|1\n|-unboost|p2b: Garchomp|atk|1\n|-enditem|p2b: Garchomp|White Herb\n|-clearnegativeboost|p2b: Garchomp|[silent]\n|move|p2a: Aerodactyl|Protect|p2a: Aerodactyl\n|-singleturn|p2a: Aerodactyl|Protect\n|move|p2b: Garchomp|Protect|p2b: Garchomp\n|-singleturn|p2b: Garchomp|Protect\n|move|p1b: Sneasler|Fake Out|p2b: Garchomp\n|-activate|p2b: Garchomp|move: Protect\n|move|p1a: Manectric|Volt Switch|p2a: Aerodactyl\n|-activate|p2a: Aerodactyl|move: Protect\n|\n|upkeep\n|turn|2\n|inactive|airtest4 has 30 seconds left.\n|j| KOPLUS\n|inactive|airtest4 has 20 seconds left.\n|inactive|airtest4 has 15 seconds left.\n|inactive|airtest4 has 10 seconds left.\n|\n|t:|1775980990\n|switch|p1b: Pelipper|Pelipper, L50, M|100/100\n|-weather|RainDance|[from] ability: Drizzle|[of] p1b: Pelipper\n|move|p1a: Manectric|Volt Switch|p2a: Aerodactyl\n|-supereffective|p2a: Aerodactyl|1\n|-enditem|p2a: Aerodactyl|Focus Sash\n|-damage|p2a: Aerodactyl|1/100\n|\n|t:|1775981008\n|switch|p1a: Archaludon|Archaludon, L50, M|100/100|[from] Volt Switch\n|move|p2a: Aerodactyl|Tailwind|p2a: Aerodactyl\n|-sidestart|p2: ConnerTEP|move: Tailwind\n|move|p2b: Garchomp|Earthquake|p1a: Archaludon|[spread] p1a\n|-immune|p2a: Aerodactyl\n|-immune|p1b: Pelipper\n|-supereffective|p1a: Archaludon|1\n|-damage|p1a: Archaludon|38/100\n|-ability|p1a: Archaludon|Stamina|boost\n|-boost|p1a: Archaludon|def|1\n|\n|-weather|RainDance|[upkeep]\n|-heal|p1a: Archaludon|45/100|[from] item: Leftovers\n|upkeep\n|turn|3\n|l| KOPLUS\n|inactive|airtest4 has 30 seconds left.\n|\n|t:|1775981033\n|switch|p1b: Manectric|Manectric-Mega, L50, F|100/100\n|-ability|p1b: Manectric|Intimidate|boost\n|-unboost|p2a: Aerodactyl|atk|1\n|-unboost|p2b: Garchomp|atk|1\n|move|p1a: Archaludon|Protect|p1a: Archaludon\n|-singleturn|p1a: Archaludon|Protect\n|move|p2a: Aerodactyl|Rock Slide|p1a: Archaludon|[spread] p1b\n|-activate|p1a: Archaludon|move: Protect\n|-damage|p1b: Manectric|82/100\n|move|p2b: Garchomp|Dragon Claw|p1b: Manectric\n|-damage|p1b: Manectric|35/100\n|\n|-weather|RainDance|[upkeep]\n|-heal|p1a: Archaludon|51/100|[from] item: Leftovers\n|upkeep\n|turn|4\n|inactive|airtest4 has 30 seconds left.\n|inactive|ConnerTEP has 30 seconds left.\n|\n|t:|1775981063\n|move|p2a: Aerodactyl|Dual Wingbeat|p1b: Manectric\n|-resisted|p1b: Manectric|1\n|-damage|p1b: Manectric|28/100\n|-resisted|p1b: Manectric|1\n|-damage|p1b: Manectric|22/100\n|-hitcount|p1b: Manectric|2\n|move|p2b: Garchomp|Earthquake|p1b: Manectric|[spread] p1a,p1b\n|-immune|p2a: Aerodactyl\n|-supereffective|p1a: Archaludon|1\n|-supereffective|p1b: Manectric|1\n|-damage|p1a: Archaludon|25/100\n|-damage|p1b: Manectric|0 fnt\n|-ability|p1a: Archaludon|Stamina|boost\n|-boost|p1a: Archaludon|def|1\n|faint|p1b: Manectric\n|move|p1a: Archaludon|Draco Meteor|p2b: Garchomp\n|-supereffective|p2b: Garchomp|1\n|-damage|p2b: Garchomp|0 fnt\n|-unboost|p1a: Archaludon|spa|2\n|faint|p2b: Garchomp\n|\n|-weather|RainDance|[upkeep]\n|-heal|p1a: Archaludon|31/100|[from] item: Leftovers\n|upkeep\n|\n|t:|1775981082\n|switch|p1b: Sneasler|Sneasler, L50, F|100/100\n|switch|p2b: Gardevoir|Gardevoir, L50, M|100/100\n|-ability|p2b: Gardevoir|Unburden|Trace|[from] ability: Trace|[of] p1b: Sneasler\n|turn|5\n|inactive|airtest4 has 30 seconds left.\n|inactive|airtest4 has 20 seconds left.\n|inactive|airtest4 has 15 seconds left.\n|\n|t:|1775981125\n|switch|p2a: Sinistcha|Sinistcha, L50|100/100\n|move|p2b: Gardevoir|Protect|p2b: Gardevoir\n|-singleturn|p2b: Gardevoir|Protect\n|move|p1b: Sneasler|Fake Out|p2b: Gardevoir\n|-activate|p2b: Gardevoir|move: Protect\n|move|p1a: Archaludon|Electro Shot||[still]\n|-prepare|p1a: Archaludon|Electro Shot\n|-boost|p1a: Archaludon|spa|1\n|-anim|p1a: Archaludon|Electro Shot|p2a: Sinistcha\n|-resisted|p2a: Sinistcha|1\n|-damage|p2a: Sinistcha|86/100\n|\n|-weather|RainDance|[upkeep]\n|-heal|p1a: Archaludon|37/100|[from] item: Leftovers\n|-sideend|p2: ConnerTEP|move: Tailwind\n|upkeep\n|turn|6\n|inactive|airtest4 has 30 seconds left.\n|inactive|airtest4 has 20 seconds left.\n|\n|t:|1775981165\n|switch|p1b: Pelipper|Pelipper, L50, M|100/100\n|detailschange|p2b: Gardevoir|Gardevoir-Mega, L50, M\n|-mega|p2b: Gardevoir|Gardevoir|Gardevoirite\n|move|p2a: Sinistcha|Rage Powder|p2a: Sinistcha\n|-singleturn|p2a: Sinistcha|move: Rage Powder\n|move|p2b: Gardevoir|Hyper Voice|p1a: Archaludon|[spread] p1a,p1b\n|-damage|p1a: Archaludon|0 fnt\n|-damage|p1b: Pelipper|45/100\n|faint|p1a: Archaludon\n|\n|-weather|none\n|upkeep\n|\n|t:|1775981176\n|switch|p1a: Sneasler|Sneasler, L50, F|100/100\n|turn|7\n|\n|t:|1775981188\n|move|p2b: Gardevoir|Protect|p2b: Gardevoir\n|-singleturn|p2b: Gardevoir|Protect\n|move|p2a: Sinistcha|Protect|p2a: Sinistcha\n|-singleturn|p2a: Sinistcha|Protect\n|move|p1a: Sneasler|Dire Claw|p2a: Sinistcha\n|-activate|p2a: Sinistcha|move: Protect\n|move|p1b: Pelipper|Hurricane|p2a: Sinistcha\n|-activate|p2a: Sinistcha|move: Protect\n|\n|upkeep\n|turn|8\n|\n|t:|1775981207\n|move|p2a: Sinistcha|Rage Powder|p2a: Sinistcha\n|-singleturn|p2a: Sinistcha|move: Rage Powder\n|move|p1a: Sneasler|Dire Claw|p2a: Sinistcha\n|-damage|p2a: Sinistcha|44/100\n|-status|p2a: Sinistcha|par\n|move|p2b: Gardevoir|Hyper Voice|p1b: Pelipper|[spread] p1a,p1b\n|-damage|p1a: Sneasler|29/100\n|-damage|p1b: Pelipper|0 fnt\n|faint|p1b: Pelipper\n|\n|upkeep\n|turn|9\n|\n|t:|1775981225\n|move|p1a: Sneasler|Dire Claw|p2a: Sinistcha\n|-damage|p2a: Sinistcha|5/100 par\n|move|p2b: Gardevoir|Moonblast|p1a: Sneasler\n|-damage|p1a: Sneasler|0 fnt\n|faint|p1a: Sneasler\n|\n|win|ConnerTEP\n|raw|airtest4's rating: 1343 &rarr; <strong>1330</strong><br />(-13 for losing)\n|raw|ConnerTEP's rating: 1478 &rarr; <strong>1491</strong><br />(+13 for winning)\n|l|\u2606ConnerTEP\n|player|p2|\n|l|\u2606airtest4\n|player|p1|\n",
  "uploadtime": 1775981239,
  "views": 45,
  "formatid": "gen9championsvgc2026regma",
  "rating": 1330,
  "private": 0,
  "password": null
}