{
  "id": "gen9championsvgc2026regma-2582964410",
  "format": "[Gen 9 Champions] VGC 2026 Reg M-A",
  "players": [
    "tenyaku",
    "Elite Fource"
  ],
  "log": "|j|\u2606tenyaku\n|j|\u2606Elite Fource\n|t:|1776129004\n|gametype|doubles\n|player|p1|tenyaku|wally|1079\n|player|p2|Elite Fource|infielder|1101\n|gen|9\n|tier|[Gen 9 Champions] VGC 2026 Reg M-A\n|rated|\n|rule|Species Clause: Limit one of each Pok\u00e9mon\n|rule|Item Clause: Limit 1 of each item\n|clearpoke\n|poke|p1|Scizor, L50, M|\n|poke|p1|Sinistcha-Masterpiece, L50|\n|poke|p1|Golurk, L50|\n|poke|p1|Gallade, L50, M|\n|poke|p1|Incineroar, L50, F|\n|poke|p1|Farigiraf, L50, F|\n|poke|p2|Crabominable, L50, F|\n|poke|p2|Araquanid, L50, F|\n|poke|p2|Arcanine, L50, F|\n|poke|p2|Sinistcha-Masterpiece, L50|\n|poke|p2|Jolteon, L50, F|\n|poke|p2|Delphox, L50, F|\n|teampreview|4\n|inactive|Battle timer is ON: inactive players will automatically lose when time's up. (requested by Elite Fource)\n|\n|t:|1776129026\n|teamsize|p1|4\n|teamsize|p2|4\n|start\n|switch|p1a: Sinistcha|Sinistcha-Masterpiece, L50|100/100\n|switch|p1b: Farigiraf|Farigiraf, L50, F, shiny|100/100\n|switch|p2a: Ultraman|Araquanid, L50, F, shiny|100/100\n|switch|p2b: Green Shrek|Jolteon, L50, F, shiny|100/100\n|turn|1\n|\n|t:|1776129048\n|switch|p2b: Wait for it|Arcanine, L50, F|100/100\n|-ability|p2b: Wait for it|Intimidate|boost\n|-unboost|p1a: Sinistcha|atk|1\n|-unboost|p1b: Farigiraf|atk|1\n|move|p1a: Sinistcha|Rage Powder|p1a: Sinistcha\n|-singleturn|p1a: Sinistcha|move: Rage Powder\n|move|p2a: Ultraman|Lunge|p1a: Sinistcha\n|-damage|p1a: Sinistcha|80/100\n|-unboost|p1a: Sinistcha|atk|1\n|move|p1b: Farigiraf|Trick Room|p1b: Farigiraf\n|-fieldstart|move: Trick Room|[of] p1b: Farigiraf\n|\n|upkeep\n|turn|2\n|inactive|Elite Fource has 30 seconds left.\n|inactive|Elite Fource has 20 seconds left.\n|inactive|Elite Fource has 15 seconds left.\n|-activate|p2a: Ultraman|item: Quick Claw\n|\n|t:|1776129091\n|move|p2a: Ultraman|Lunge|p1b: Farigiraf\n|-supereffective|p1b: Farigiraf|1\n|-damage|p1b: Farigiraf|55/100\n|-unboost|p1b: Farigiraf|atk|1\n|move|p1b: Farigiraf|Hyper Voice|p2a: Ultraman|[spread] p2a,p2b\n|-damage|p2a: Ultraman|82/100\n|-damage|p2b: Wait for it|72/100\n|move|p1a: Sinistcha|Matcha Gotcha|p2b: Wait for it|[spread] p2a,p2b\n|-resisted|p2b: Wait for it|1\n|-damage|p2a: Ultraman|64/100\n|-heal|p1a: Sinistcha|89/100|[from] drain|[of] p2a: Ultraman\n|-damage|p2b: Wait for it|59/100\n|-heal|p1a: Sinistcha|95/100|[from] drain|[of] p2b: Wait for it\n|move|p2b: Wait for it|Overheat|p1a: Sinistcha\n|-supereffective|p1a: Sinistcha|1\n|-enditem|p1a: Sinistcha|Occa Berry|[eat]\n|-enditem|p1a: Sinistcha|Occa Berry|[weaken]\n|-damage|p1a: Sinistcha|57/100\n|-unboost|p2b: Wait for it|spa|2\n|\n|upkeep\n|turn|3\n|inactive|Elite Fource has 30 seconds left.\n|\n|t:|1776129117\n|switch|p1a: Deviljho|Golurk, L50, shiny|100/100\n|move|p1b: Farigiraf|Hyper Voice|p2a: Ultraman|[spread] p2a,p2b\n|-damage|p2a: Ultraman|46/100\n|-damage|p2b: Wait for it|30/100\n|-enditem|p2b: Wait for it|Sitrus Berry|[eat]\n|-heal|p2b: Wait for it|55/100|[from] item: Sitrus Berry\n|move|p2b: Wait for it|Overheat|p1a: Deviljho\n|-damage|p1a: Deviljho|76/100\n|-unboost|p2b: Wait for it|spa|2\n|move|p2a: Ultraman|Mirror Coat|p1b: Farigiraf\n|-damage|p1b: Farigiraf|26/100\n|\n|upkeep\n|turn|4\n|\n|t:|1776129138\n|detailschange|p1a: Deviljho|Golurk-Mega, L50, shiny\n|-mega|p1a: Deviljho|Golurk|Golurkite\n|move|p2a: Ultraman|Liquidation|p1a: Deviljho\n|-supereffective|p1a: Deviljho|1\n|-damage|p1a: Deviljho|0 fnt\n|faint|p1a: Deviljho\n|move|p1b: Farigiraf|Hyper Voice|p2a: Ultraman|[spread] p2a,p2b\n|-damage|p2a: Ultraman|25/100\n|-damage|p2b: Wait for it|26/100\n|move|p2b: Wait for it|Will-O-Wisp|p1b: Farigiraf\n|-status|p1b: Farigiraf|brn\n|\n|-damage|p1b: Farigiraf|19/100 brn|[from] brn\n|upkeep\n|\n|t:|1776129144\n|switch|p1a: Boltreaver Astalos|Gallade, L50, M, shiny|100/100\n|turn|5\n|\n|t:|1776129169\n|switch|p2b: Green Shrek|Jolteon, L50, F, shiny|100/100\n|move|p2a: Ultraman|Lunge|p1a: Boltreaver Astalos\n|-damage|p1a: Boltreaver Astalos|59/100\n|-unboost|p1a: Boltreaver Astalos|atk|1\n|move|p1b: Farigiraf|Psychic|p2b: Green Shrek\n|-damage|p2b: Green Shrek|46/100\n|move|p1a: Boltreaver Astalos|Psycho Cut|p2a: Ultraman\n|-crit|p2a: Ultraman\n|-damage|p2a: Ultraman|0 fnt\n|faint|p2a: Ultraman\n|\n|-damage|p1b: Farigiraf|13/100 brn|[from] brn\n|-fieldend|move: Trick Room\n|upkeep\n|\n|t:|1776129178\n|switch|p2a: Wait for it|Arcanine, L50, F|26/100\n|-ability|p2a: Wait for it|Intimidate|boost\n|-unboost|p1a: Boltreaver Astalos|atk|1\n|-unboost|p1b: Farigiraf|atk|1\n|turn|6\n|inactive|Elite Fource has 30 seconds left.\n|inactive|Elite Fource has 20 seconds left.\n|\n|t:|1776129214\n|switch|p1a: Sinistcha|Sinistcha-Masterpiece, L50|57/100\n|-heal|p1b: Farigiraf|38/100 brn|[from] ability: Hospitality|[of] p1a: Sinistcha\n|move|p2b: Green Shrek|Thunderbolt|p1b: Farigiraf\n|-damage|p1b: Farigiraf|8/100 brn\n|move|p2a: Wait for it|Overheat|p1a: Sinistcha\n|-supereffective|p1a: Sinistcha|1\n|-damage|p1a: Sinistcha|0 fnt\n|-unboost|p2a: Wait for it|spa|2\n|faint|p1a: Sinistcha\n|move|p1b: Farigiraf|Trick Room|p1b: Farigiraf\n|-fieldstart|move: Trick Room|[of] p1b: Farigiraf\n|\n|-damage|p1b: Farigiraf|2/100 brn|[from] brn\n|upkeep\n|\n|t:|1776129227\n|switch|p1a: Boltreaver Astalos|Gallade, L50, M, shiny|59/100\n|turn|7\n|\n|t:|1776129239\n|move|p2b: Green Shrek|Detect|p2b: Green Shrek\n|-singleturn|p2b: Green Shrek|Protect\n|move|p1b: Farigiraf|Psychic|p2a: Wait for it\n|-damage|p2a: Wait for it|0 fnt\n|faint|p2a: Wait for it\n|move|p1a: Boltreaver Astalos|Psycho Cut|p2b: Green Shrek\n|-activate|p2b: Green Shrek|move: Protect\n|\n|-damage|p1b: Farigiraf|0 fnt|[from] brn\n|faint|p1b: Farigiraf\n|upkeep\n|\n|t:|1776129244\n|switch|p2a: Armor Abs Krabs|Crabominable, L50, F, shiny|100/100\n|turn|8\n|\n|t:|1776129264\n|detailschange|p2a: Armor Abs Krabs|Crabominable-Mega, L50, F, shiny\n|-mega|p2a: Armor Abs Krabs|Crabominable|Crabominite\n|move|p2a: Armor Abs Krabs|Ice Hammer|p1a: Boltreaver Astalos\n|-damage|p1a: Boltreaver Astalos|0 fnt\n|-unboost|p2a: Armor Abs Krabs|spe|1\n|faint|p1a: Boltreaver Astalos\n|\n|win|Elite Fource\n|raw|tenyaku's rating: 1079 &rarr; <strong>1059</strong><br />(-20 for losing)\n|raw|Elite Fource's rating: 1101 &rarr; <strong>1124</strong><br />(+23 for winning)\n|l|\u2606tenyaku\n|player|p1|\n",
  "uploadtime": 1776129344,
  "views": 12,
  "formatid": "gen9championsvgc2026regma",
  "rating": 1059,
  "private": 0,
  "password": null
}