{
  "id": "gen9championsvgc2026regma-2582080810",
  "format": "[Gen 9 Champions] VGC 2026 Reg M-A",
  "players": [
    "PhantomSnorlax",
    "Big Yahu Isreal"
  ],
  "log": "|j|\u2606PhantomSnorlax\n|j|\u2606Big Yahu Isreal\n|t:|1776055443\n|gametype|doubles\n|player|p1|PhantomSnorlax|pokemonbreeder-gen4|1000\n|player|p2|Big Yahu Isreal|crasherwake|1052\n|gen|9\n|tier|[Gen 9 Champions] VGC 2026 Reg M-A\n|rated|\n|rule|Species Clause: Limit one of each Pok\u00e9mon\n|rule|Item Clause: Limit 1 of each item\n|clearpoke\n|poke|p1|Floette-Eternal, L50, F|\n|poke|p1|Starmie, L50|\n|poke|p1|Pelipper, L50, F|\n|poke|p1|Basculegion, L50, M|\n|poke|p1|Arcanine, L50, M|\n|poke|p1|Archaludon, L50, M|\n|poke|p2|Floette-Eternal, L50, F|\n|poke|p2|Sylveon, L50, M|\n|poke|p2|Decidueye-Hisui, L50, M|\n|poke|p2|Mr. Rime, L50, M|\n|poke|p2|Aegislash, L50, M|\n|poke|p2|Ditto, L50|\n|teampreview|4\n|c|\u2606Big Yahu Isreal|GLHF\n|\n|t:|1776055479\n|teamsize|p1|4\n|teamsize|p2|4\n|start\n|switch|p1a: Pelipper|Pelipper, L50, F|100/100\n|switch|p1b: Arcanine|Arcanine, L50, M|100/100\n|switch|p2a: Oliver|Ditto, L50|100/100\n|switch|p2b: Floette|Floette-Eternal, L50, F|100/100\n|-transform|p2a: Oliver|p1b: Arcanine|[from] ability: Imposter\n|-ability|p2a: Oliver|Intimidate|boost\n|-unboost|p1a: Pelipper|atk|1\n|-unboost|p1b: Arcanine|atk|1\n|-ability|p1b: Arcanine|Intimidate|boost\n|-unboost|p2a: Oliver|atk|1\n|-unboost|p2b: Floette|atk|1\n|-weather|RainDance|[from] ability: Drizzle|[of] p1a: Pelipper\n|turn|1\n|\n|t:|1776055502\n|detailschange|p2b: Floette|Floette-Mega, L50, F\n|-mega|p2b: Floette|Floette|Floettite\n|-ability|p2b: Floette|Fairy Aura\n|move|p2a: Oliver|Helping Hand|p2b: Floette\n|-singleturn|p2b: Floette|Helping Hand|[of] p2a: Oliver\n|move|p1b: Arcanine|Helping Hand|p1a: Pelipper\n|-singleturn|p1a: Pelipper|Helping Hand|[of] p1b: Arcanine\n|move|p2b: Floette|Light of Ruin|p1a: Pelipper\n|-enditem|p1a: Pelipper|Focus Sash\n|-damage|p1a: Pelipper|1/100\n|-damage|p2b: Floette|46/100|[from] Recoil\n|move|p1a: Pelipper|Muddy Water|p2a: Oliver|[spread] p2a,p2b\n|-supereffective|p2a: Oliver|1\n|-damage|p2a: Oliver|4/100\n|-damage|p2b: Floette|4/100\n|-unboost|p2a: Oliver|accuracy|1\n|\n|-weather|RainDance|[upkeep]\n|upkeep\n|turn|2\n|\n|t:|1776055541\n|switch|p1b: Archaludon|Archaludon, L50, M|100/100\n|move|p2a: Oliver|Helping Hand|p2b: Floette\n|-singleturn|p2b: Floette|Helping Hand|[of] p2a: Oliver\n|move|p1a: Pelipper|Protect|p1a: Pelipper\n|-singleturn|p1a: Pelipper|Protect\n|move|p2b: Floette|Dazzling Gleam|p1b: Archaludon|[spread] p1b\n|-activate|p1a: Pelipper|move: Protect\n|-damage|p1b: Archaludon|0 fnt\n|faint|p1b: Archaludon\n|\n|-weather|RainDance|[upkeep]\n|upkeep\n|\n|t:|1776055552\n|switch|p1b: Starmie|Starmie, L50|100/100\n|turn|3\n|\n|t:|1776055560\n|detailschange|p1b: Starmie|Starmie-Mega, L50\n|-mega|p1b: Starmie|Starmie|Starminite\n|move|p2a: Oliver|Helping Hand|p2b: Floette\n|-singleturn|p2b: Floette|Helping Hand|[of] p2a: Oliver\n|move|p1b: Starmie|Aqua Jet|p2b: Floette\n|-damage|p2b: Floette|0 fnt\n|faint|p2b: Floette\n|move|p1a: Pelipper|Muddy Water|p2a: Oliver|[miss]\n|-miss|p1a: Pelipper|p2a: Oliver\n|\n|-weather|RainDance|[upkeep]\n|upkeep\n|\n|t:|1776055567\n|switch|p2b: Sylveon|Sylveon, L50, M|100/100\n|turn|4\n|\n|t:|1776055580\n|switch|p1a: Arcanine|Arcanine, L50, M|100/100\n|-ability|p1a: Arcanine|Intimidate|boost\n|-unboost|p2a: Oliver|atk|1\n|-unboost|p2b: Sylveon|atk|1\n|move|p2a: Oliver|Helping Hand|p2b: Sylveon\n|-singleturn|p2b: Sylveon|Helping Hand|[of] p2a: Oliver\n|move|p1b: Starmie|Aqua Jet|p2a: Oliver\n|-supereffective|p2a: Oliver|1\n|-damage|p2a: Oliver|0 fnt\n|faint|p2a: Oliver\n|move|p2b: Sylveon|Hyper Beam|p1b: Starmie\n|-damage|p1b: Starmie|0 fnt\n|-mustrecharge|p2b: Sylveon\n|faint|p1b: Starmie\n|\n|-weather|RainDance|[upkeep]\n|upkeep\n|\n|t:|1776055592\n|switch|p1b: Pelipper|Pelipper, L50, F|1/100\n|switch|p2a: Day 1s|Aegislash, L50, M|100/100\n|turn|5\n|\n|t:|1776055605\n|move|p1a: Arcanine|Helping Hand|p1b: Pelipper\n|-singleturn|p1b: Pelipper|Helping Hand|[of] p1a: Arcanine\n|cant|p2b: Sylveon|recharge\n|move|p1b: Pelipper|Muddy Water|p2b: Sylveon|[spread] p2a,p2b\n|-damage|p2a: Day 1s|52/100\n|-damage|p2b: Sylveon|58/100\n|-unboost|p2b: Sylveon|accuracy|1\n|-formechange|p2a: Day 1s|Aegislash-Blade|\n|move|p2a: Day 1s|Shadow Claw|p1b: Pelipper\n|-damage|p1b: Pelipper|0 fnt\n|faint|p1b: Pelipper\n|\n|-weather|none\n|-heal|p2a: Day 1s|58/100|[from] item: Leftovers\n|upkeep\n|turn|6\n|-message|PhantomSnorlax forfeited.\n|\n|win|Big Yahu Isreal\n|raw|PhantomSnorlax's rating: 1000 &rarr; <strong>1000</strong><br />(+0 for losing)\n|raw|Big Yahu Isreal's rating: 1052 &rarr; <strong>1079</strong><br />(+27 for winning)\n|l|\u2606PhantomSnorlax\n|player|p1|\n",
  "uploadtime": 1776055625,
  "views": 9,
  "formatid": "gen9championsvgc2026regma",
  "rating": 1000,
  "private": 0,
  "password": null
}