{
  "id": "gen9championsvgc2026regma-2581687444",
  "format": "[Gen 9 Champions] VGC 2026 Reg M-A",
  "players": [
    "pee1",
    "JeromJamalJenkins"
  ],
  "log": "|j|\u2606pee1\n|j|\u2606JeromJamalJenkins\n|t:|1776020753\n|gametype|doubles\n|player|p1|pee1|2|1091\n|player|p2|JeromJamalJenkins|101|1178\n|gen|9\n|tier|[Gen 9 Champions] VGC 2026 Reg M-A\n|rated|\n|rule|Species Clause: Limit one of each Pok\u00e9mon\n|rule|Item Clause: Limit 1 of each item\n|clearpoke\n|poke|p1|Gengar, L50, M|\n|poke|p1|Vivillon-Icy Snow, L50, F|\n|poke|p1|Palafin, L50, F|\n|poke|p1|Kommo-o, L50, M|\n|poke|p1|Incineroar, L50, F|\n|poke|p1|Politoed, L50, M|\n|poke|p2|Delphox, L50, M|\n|poke|p2|Garchomp, L50, M|\n|poke|p2|Sinistcha, L50|\n|poke|p2|Incineroar, L50, F|\n|poke|p2|Basculegion, L50, M|\n|poke|p2|Floette-Eternal, L50, F|\n|teampreview|4\n|inactive|Battle timer is ON: inactive players will automatically lose when time's up. (requested by JeromJamalJenkins)\n|inactive|pee1 has 60 seconds left.\n|\n|t:|1776020793\n|teamsize|p1|4\n|teamsize|p2|4\n|start\n|switch|p1a: Vivillon|Vivillon-Icy Snow, L50, F|100/100\n|switch|p1b: Incineroar|Incineroar, L50, F, shiny|100/100\n|switch|p2a: Delphox|Delphox, L50, M|100/100\n|switch|p2b: Garchomp|Garchomp, L50, M|100/100\n|-ability|p1b: Incineroar|Intimidate|boost\n|-unboost|p2a: Delphox|atk|1\n|-unboost|p2b: Garchomp|atk|1\n|turn|1\n|inactive|JeromJamalJenkins has 30 seconds left.\n|\n|t:|1776020821\n|move|p2a: Delphox|Protect|p2a: Delphox\n|-singleturn|p2a: Delphox|Protect\n|move|p1b: Incineroar|Fake Out|p2a: Delphox\n|-activate|p2a: Delphox|move: Protect\n|move|p2b: Garchomp|Swords Dance|p2b: Garchomp\n|-boost|p2b: Garchomp|atk|2\n|move|p1a: Vivillon|Sleep Powder|p2b: Garchomp\n|-status|p2b: Garchomp|slp|[from] move: Sleep Powder\n|\n|upkeep\n|turn|2\n|inactive|JeromJamalJenkins has 30 seconds left.\n|\n|t:|1776020848\n|switch|p2a: Basculegion|Basculegion, L50, M|100/100\n|cant|p2b: Garchomp|slp\n|move|p1a: Vivillon|Hurricane|p2b: Garchomp\n|-damage|p2b: Garchomp|53/100 slp\n|move|p1b: Incineroar|Parting Shot|p2a: Basculegion\n|-unboost|p2a: Basculegion|atk|1\n|-unboost|p2a: Basculegion|spa|1\n|\n|t:|1776020863\n|switch|p1b: Politoed|Politoed, L50, M, shiny|100/100|[from] Parting Shot\n|-weather|RainDance|[from] ability: Drizzle|[of] p1b: Politoed\n|\n|-weather|RainDance|[upkeep]\n|upkeep\n|turn|3\n|inactive|pee1 has 30 seconds left.\n|\n|t:|1776020889\n|move|p1a: Vivillon|Protect|p1a: Vivillon\n|-singleturn|p1a: Vivillon|Protect\n|move|p2a: Basculegion|Wave Crash|p1a: Vivillon\n|-activate|p1a: Vivillon|move: Protect\n|cant|p2b: Garchomp|slp\n|move|p1b: Politoed|Perish Song|p1b: Politoed\n|-start|p1a: Vivillon|perish3|[silent]\n|-start|p1b: Politoed|perish3|[silent]\n|-start|p2a: Basculegion|perish3|[silent]\n|-start|p2b: Garchomp|perish3|[silent]\n|-fieldactivate|move: Perish Song\n|\n|-weather|RainDance|[upkeep]\n|-start|p2a: Basculegion|perish3\n|-start|p2b: Garchomp|perish3\n|-start|p1a: Vivillon|perish3\n|-start|p1b: Politoed|perish3\n|upkeep\n|turn|4\n|\n|t:|1776020905\n|move|p2a: Basculegion|Wave Crash|p1a: Vivillon\n|-enditem|p1a: Vivillon|Focus Sash\n|-damage|p1a: Vivillon|1/100\n|-damage|p2a: Basculegion|74/100|[from] Recoil\n|-curestatus|p2b: Garchomp|slp|[msg]\n|move|p2b: Garchomp|Earthquake|p1b: Politoed|[spread] p2a,p1b\n|-immune|p1a: Vivillon\n|-damage|p2a: Basculegion|0 fnt\n|-damage|p1b: Politoed|54/100\n|faint|p2a: Basculegion\n|move|p1a: Vivillon|Sleep Powder|p2b: Garchomp\n|-status|p2b: Garchomp|slp|[from] move: Sleep Powder\n|move|p1b: Politoed|Weather Ball|p2b: Garchomp\n|-damage|p2b: Garchomp|5/100 slp\n|\n|-weather|RainDance|[upkeep]\n|-start|p2b: Garchomp|perish2\n|-start|p1a: Vivillon|perish2\n|-start|p1b: Politoed|perish2\n|upkeep\n|\n|t:|1776020925\n|switch|p2a: Sinistcha|Sinistcha, L50|100/100\n|-heal|p2b: Garchomp|30/100 slp|[from] ability: Hospitality|[of] p2a: Sinistcha\n|turn|5\n|\n|t:|1776020939\n|switch|p1b: Incineroar|Incineroar, L50, F, shiny|100/100\n|-ability|p1b: Incineroar|Intimidate|boost\n|-unboost|p2a: Sinistcha|atk|1\n|-unboost|p2b: Garchomp|atk|1\n|cant|p2b: Garchomp|slp\n|move|p1a: Vivillon|Hurricane|p2a: Sinistcha\n|-supereffective|p2a: Sinistcha|1\n|-damage|p2a: Sinistcha|20/100\n|move|p2a: Sinistcha|Life Dew|p2a: Sinistcha|[spread] p2a,p2b\n|-heal|p2a: Sinistcha|45/100\n|-heal|p2b: Garchomp|55/100 slp\n|\n|-weather|RainDance|[upkeep]\n|-start|p2b: Garchomp|perish1\n|-start|p1a: Vivillon|perish1\n|upkeep\n|turn|6\n|inactive|JeromJamalJenkins has 30 seconds left.\n|inactive|pee1 has 30 seconds left.\n|inactive|JeromJamalJenkins has 20 seconds left.\n|\n|t:|1776020980\n|switch|p2b: Delphox|Delphox, L50, M|100/100\n|switch|p1a: Politoed|Politoed, L50, M, shiny|54/100\n|move|p2a: Sinistcha|Rage Powder|p2a: Sinistcha\n|-singleturn|p2a: Sinistcha|move: Rage Powder\n|move|p1b: Incineroar|Throat Chop|p2a: Sinistcha\n|-supereffective|p2a: Sinistcha|1\n|-damage|p2a: Sinistcha|0 fnt\n|faint|p2a: Sinistcha\n|\n|-weather|none\n|upkeep\n|\n|t:|1776020983\n|switch|p2a: Garchomp|Garchomp, L50, M|55/100 slp\n|turn|7\n|\n|t:|1776021003\n|switch|p1a: Vivillon|Vivillon-Icy Snow, L50, F|1/100\n|detailschange|p2b: Delphox|Delphox-Mega, L50, M\n|-mega|p2b: Delphox|Delphox|Delphoxite\n|cant|p2a: Garchomp|slp\n|move|p2b: Delphox|Psychic|p1a: Vivillon\n|-damage|p1a: Vivillon|0 fnt\n|faint|p1a: Vivillon\n|move|p1b: Incineroar|Parting Shot|p2b: Delphox\n|-unboost|p2b: Delphox|atk|1\n|-unboost|p2b: Delphox|spa|1\n|\n|t:|1776021007\n|switch|p1b: Politoed|Politoed, L50, M, shiny|54/100|[from] Parting Shot\n|-weather|RainDance|[from] ability: Drizzle|[of] p1b: Politoed\n|\n|-weather|RainDance|[upkeep]\n|upkeep\n|\n|t:|1776021012\n|switch|p1a: Incineroar|Incineroar, L50, F, shiny|100/100\n|-ability|p1a: Incineroar|Intimidate|boost\n|-unboost|p2a: Garchomp|atk|1\n|-unboost|p2b: Delphox|atk|1\n|turn|8\n|\n|t:|1776021031\n|move|p1a: Incineroar|Fake Out|p2a: Garchomp\n|-damage|p2a: Garchomp|44/100 slp\n|-damage|p1a: Incineroar|88/100|[from] ability: Rough Skin|[of] p2a: Garchomp\n|move|p2b: Delphox|Psychic|p1b: Politoed\n|-damage|p1b: Politoed|25/100\n|-enditem|p1b: Politoed|Sitrus Berry|[eat]\n|-heal|p1b: Politoed|50/100|[from] item: Sitrus Berry\n|-curestatus|p2a: Garchomp|slp|[msg]\n|cant|p2a: Garchomp|flinch\n|move|p1b: Politoed|Perish Song|p1b: Politoed\n|-start|p1a: Incineroar|perish3|[silent]\n|-start|p1b: Politoed|perish3|[silent]\n|-start|p2a: Garchomp|perish3|[silent]\n|-start|p2b: Delphox|perish3|[silent]\n|-fieldactivate|move: Perish Song\n|\n|-weather|RainDance|[upkeep]\n|-start|p2b: Delphox|perish3\n|-start|p2a: Garchomp|perish3\n|-start|p1a: Incineroar|perish3\n|-start|p1b: Politoed|perish3\n|upkeep\n|turn|9\n|inactive|pee1 has 30 seconds left.\n|inactive|pee1 has 20 seconds left.\n|\n|t:|1776021068\n|move|p1b: Politoed|Protect|p1b: Politoed\n|-singleturn|p1b: Politoed|Protect\n|move|p2b: Delphox|Psychic|p1b: Politoed\n|-activate|p1b: Politoed|move: Protect\n|move|p2a: Garchomp|Swords Dance|p2a: Garchomp\n|-boost|p2a: Garchomp|atk|2\n|move|p1a: Incineroar|Parting Shot|p2b: Delphox\n|-unboost|p2b: Delphox|atk|1\n|-unboost|p2b: Delphox|spa|1\n|\n|t:|1776021079\n|switch|p1a: Gengar|Gengar, L50, M, shiny|100/100|[from] Parting Shot\n|\n|-weather|RainDance|[upkeep]\n|-start|p2b: Delphox|perish2\n|-start|p2a: Garchomp|perish2\n|-start|p1b: Politoed|perish2\n|upkeep\n|turn|10\n|\n|t:|1776021097\n|switch|p1a: Incineroar|Incineroar, L50, F, shiny|88/100\n|-ability|p1a: Incineroar|Intimidate|boost\n|-unboost|p2a: Garchomp|atk|1\n|-unboost|p2b: Delphox|atk|1\n|move|p2b: Delphox|Psychic|p1a: Incineroar\n|-immune|p1a: Incineroar\n|move|p2a: Garchomp|Earthquake|p1a: Incineroar|[spread] p1a,p1b\n|-immune|p2b: Delphox|[from] ability: Levitate\n|-supereffective|p1a: Incineroar|1\n|-enditem|p1a: Incineroar|Shuca Berry|[eat]\n|-enditem|p1a: Incineroar|Shuca Berry|[weaken]\n|-damage|p1a: Incineroar|52/100\n|-damage|p1b: Politoed|17/100\n|move|p1b: Politoed|Weather Ball|p2b: Delphox\n|-supereffective|p2b: Delphox|1\n|-damage|p2b: Delphox|0 fnt\n|faint|p2b: Delphox\n|\n|-weather|RainDance|[upkeep]\n|-start|p2a: Garchomp|perish1\n|-start|p1b: Politoed|perish1\n|upkeep\n|turn|11\n|\n|t:|1776021114\n|move|p1a: Incineroar|Protect|p1a: Incineroar\n|-singleturn|p1a: Incineroar|Protect\n|move|p1b: Politoed|Protect|p1b: Politoed\n|-singleturn|p1b: Politoed|Protect\n|move|p2a: Garchomp|Earthquake|p1a: Incineroar|[spread] \n|-activate|p1a: Incineroar|move: Protect\n|-activate|p1b: Politoed|move: Protect\n|\n|-weather|none\n|-start|p2a: Garchomp|perish0\n|-start|p1b: Politoed|perish0\n|faint|p2a: Garchomp\n|faint|p1b: Politoed\n|\n|win|pee1\n|raw|pee1's rating: 1091 &rarr; <strong>1124</strong><br />(+33 for winning)\n|raw|JeromJamalJenkins's rating: 1178 &rarr; <strong>1147</strong><br />(-31 for losing)\n",
  "uploadtime": 1776021126,
  "views": 17,
  "formatid": "gen9championsvgc2026regma",
  "rating": 1124,
  "private": 0,
  "password": null
}