{
  "id": "gen9championsvgc2026regma-2585518826",
  "format": "[Gen 9 Champions] VGC 2026 Reg M-A",
  "players": [
    "sandypresea",
    "maxstatninja101"
  ],
  "log": "|j|\u2606sandypresea\n|j|\u2606maxstatninja101\n|t:|1776352929\n|gametype|doubles\n|player|p1|sandypresea|169|1040\n|player|p2|maxstatninja101|1|1137\n|gen|9\n|tier|[Gen 9 Champions] VGC 2026 Reg M-A\n|rated|\n|rule|Species Clause: Limit one of each Pok\u00e9mon\n|rule|Item Clause: Limit 1 of each item\n|clearpoke\n|poke|p1|Farigiraf, L50, F|\n|poke|p1|Incineroar, L50, M|\n|poke|p1|Primarina, L50, M|\n|poke|p1|Whimsicott, L50, F|\n|poke|p1|Typhlosion-Hisui, L50, M|\n|poke|p1|Abomasnow, L50, F|\n|poke|p2|Alakazam, L50, F|\n|poke|p2|Aggron, L50, M|\n|poke|p2|Pelipper, L50, F|\n|poke|p2|Sinistcha, L50|\n|poke|p2|Goodra-Hisui, L50, M|\n|poke|p2|Liepard, L50, M|\n|teampreview|4\n|\n|t:|1776352994\n|teamsize|p1|4\n|teamsize|p2|4\n|start\n|switch|p1a: Farigiraf|Farigiraf, L50, F|100/100\n|switch|p1b: Typhlosion|Typhlosion-Hisui, L50, M|100/100\n|switch|p2a: Pelipper|Pelipper, L50, F|100/100\n|switch|p2b: Aggron|Aggron, L50, M|100/100\n|-weather|RainDance|[from] ability: Drizzle|[of] p2a: Pelipper\n|turn|1\n|inactive|Battle timer is ON: inactive players will automatically lose when time's up. (requested by maxstatninja101)\n|inactive|sandypresea has 60 seconds left.\n|\n|t:|1776353028\n|switch|p1a: Abomasnow|Abomasnow, L50, F|100/100\n|-weather|Snowscape|[from] ability: Snow Warning|[of] p1a: Abomasnow\n|detailschange|p2b: Aggron|Aggron-Mega, L50, M\n|-mega|p2b: Aggron|Aggron|Aggronite\n|move|p1b: Typhlosion|Overheat|p2b: Aggron\n|-supereffective|p2b: Aggron|1\n|-damage|p2b: Aggron|9/100\n|-unboost|p1b: Typhlosion|spa|2\n|move|p2a: Pelipper|Weather Ball|p1b: Typhlosion\n|-resisted|p1b: Typhlosion|1\n|-crit|p1b: Typhlosion\n|-damage|p1b: Typhlosion|76/100\n|move|p2b: Aggron|Iron Defense|p2b: Aggron\n|-boost|p2b: Aggron|def|2\n|\n|-weather|Snowscape|[upkeep]\n|upkeep\n|turn|2\n|inactive|sandypresea has 30 seconds left.\n|inactive|sandypresea has 20 seconds left.\n|\n|t:|1776353065\n|switch|p1b: Incineroar|Incineroar, L50, M, shiny|100/100\n|switch|p2b: Goodra|Goodra-Hisui, L50, M|100/100\n|move|p1a: Abomasnow|Blizzard|p2b: Goodra|[spread] p2a,p2b\n|-damage|p2a: Pelipper|70/100\n|-damage|p2b: Goodra|78/100\n|move|p2a: Pelipper|Tailwind|p2a: Pelipper\n|-sidestart|p2: maxstatninja101|move: Tailwind\n|\n|-weather|Snowscape|[upkeep]\n|-heal|p2b: Goodra|83/100|[from] item: Leftovers\n|upkeep\n|turn|3\n|inactive|sandypresea has 30 seconds left.\n|inactive|sandypresea has 20 seconds left.\n|inactive|sandypresea has 15 seconds left.\n|inactive|sandypresea has 10 seconds left.\n|\n|t:|1776353114\n|switch|p2a: Sinistcha|Sinistcha, L50|100/100\n|-heal|p2b: Goodra|100/100|[from] ability: Hospitality|[of] p2a: Sinistcha\n|switch|p1a: Typhlosion|Typhlosion-Hisui, L50, M|76/100\n|move|p2b: Goodra|Flamethrower|p1a: Typhlosion\n|-resisted|p1a: Typhlosion|1\n|-damage|p1a: Typhlosion|54/100\n|move|p1b: Incineroar|Parting Shot|p2b: Goodra\n|-unboost|p2b: Goodra|atk|1\n|-unboost|p2b: Goodra|spa|1\n|\n|t:|1776353131\n|switch|p1b: Farigiraf|Farigiraf, L50, F|100/100|[from] Parting Shot\n|\n|-weather|Snowscape|[upkeep]\n|upkeep\n|turn|4\n|inactive|sandypresea has 30 seconds left.\n|\n|t:|1776353160\n|switch|p2a: Pelipper|Pelipper, L50, F|70/100\n|-weather|RainDance|[from] ability: Drizzle|[of] p2a: Pelipper\n|move|p1a: Typhlosion|Heat Wave|p2b: Goodra|[spread] p2a,p2b\n|-resisted|p2a: Pelipper|1\n|-damage|p2a: Pelipper|62/100\n|-damage|p2b: Goodra|89/100\n|move|p2b: Goodra|Dragon Pulse|p1a: Typhlosion\n|-damage|p1a: Typhlosion|12/100\n|move|p1b: Farigiraf|Trick Room|p1b: Farigiraf\n|-fieldstart|move: Trick Room|[of] p1b: Farigiraf\n|\n|-weather|RainDance|[upkeep]\n|-heal|p2b: Goodra|95/100|[from] item: Leftovers\n|upkeep\n|turn|5\n|inactive|sandypresea has 30 seconds left.\n|inactive|maxstatninja101 has 30 seconds left.\n|inactive|maxstatninja101 has 20 seconds left.\n|\n|t:|1776353196\n|switch|p1a: Abomasnow|Abomasnow, L50, F|100/100\n|-weather|Snowscape|[from] ability: Snow Warning|[of] p1a: Abomasnow\n|move|p2a: Pelipper|Protect|p2a: Pelipper\n|-singleturn|p2a: Pelipper|Protect\n|move|p1b: Farigiraf|Hyper Voice|p2b: Goodra|[spread] p2b\n|-activate|p2a: Pelipper|move: Protect\n|-resisted|p2b: Goodra|1\n|-damage|p2b: Goodra|85/100\n|move|p2b: Goodra|Dragon Pulse|p1a: Abomasnow\n|-damage|p1a: Abomasnow|64/100\n|\n|-weather|Snowscape|[upkeep]\n|-heal|p2b: Goodra|91/100|[from] item: Leftovers\n|-sideend|p2: maxstatninja101|move: Tailwind\n|upkeep\n|turn|6\n|inactive|sandypresea has 30 seconds left.\n|inactive|sandypresea has 20 seconds left.\n|inactive|sandypresea has 15 seconds left.\n|\n|t:|1776353236\n|switch|p1b: Incineroar|Incineroar, L50, M, shiny|100/100\n|detailschange|p1a: Abomasnow|Abomasnow-Mega, L50, F\n|-mega|p1a: Abomasnow|Abomasnow|Abomasite\n|move|p2b: Goodra|Dragon Pulse|p1b: Incineroar\n|-damage|p1b: Incineroar|72/100\n|move|p2a: Pelipper|Hurricane|p1a: Abomasnow\n|-supereffective|p1a: Abomasnow|1\n|-damage|p1a: Abomasnow|0 fnt\n|faint|p1a: Abomasnow\n|\n|-weather|Snowscape|[upkeep]\n|-heal|p2b: Goodra|97/100|[from] item: Leftovers\n|upkeep\n|\n|t:|1776353248\n|switch|p1a: Farigiraf|Farigiraf, L50, F|100/100\n|turn|7\n|inactive|maxstatninja101 has 30 seconds left.\n|inactive|maxstatninja101 has 20 seconds left.\n|inactive|maxstatninja101 has 15 seconds left.\n|\n|t:|1776353294\n|move|p1a: Farigiraf|Helping Hand|p1b: Incineroar\n|-singleturn|p1b: Incineroar|Helping Hand|[of] p1a: Farigiraf\n|move|p2b: Goodra|Dragon Pulse|p1b: Incineroar\n|-damage|p1b: Incineroar|47/100\n|-enditem|p1b: Incineroar|Sitrus Berry|[eat]\n|-heal|p1b: Incineroar|71/100|[from] item: Sitrus Berry\n|move|p1b: Incineroar|Flare Blitz|p2a: Pelipper\n|-resisted|p2a: Pelipper|1\n|-damage|p2a: Pelipper|27/100\n|-damage|p1b: Incineroar|62/100|[from] Recoil\n|move|p2a: Pelipper|Hurricane|p1b: Incineroar\n|-damage|p1b: Incineroar|28/100\n|\n|-weather|Snowscape|[upkeep]\n|-heal|p2b: Goodra|100/100|[from] item: Leftovers\n|upkeep\n|turn|8\n|inactive|maxstatninja101 has 30 seconds left.\n|\n|t:|1776353322\n|switch|p2a: Sinistcha|Sinistcha, L50|100/100\n|move|p2b: Goodra|Dragon Pulse|p1b: Incineroar\n|-damage|p1b: Incineroar|2/100\n|move|p1a: Farigiraf|Psyshock|p2a: Sinistcha\n|-damage|p2a: Sinistcha|62/100\n|move|p1b: Incineroar|Flare Blitz|p2b: Goodra\n|-damage|p2b: Goodra|33/100\n|-damage|p1b: Incineroar|0 fnt|[from] Recoil\n|faint|p1b: Incineroar\n|\n|-weather|Snowscape|[upkeep]\n|-heal|p2b: Goodra|39/100|[from] item: Leftovers\n|-fieldend|move: Trick Room\n|upkeep\n|\n|t:|1776353326\n|switch|p1b: Typhlosion|Typhlosion-Hisui, L50, M|12/100\n|turn|9\n|\n|t:|1776353345\n|switch|p2a: Pelipper|Pelipper, L50, F|27/100\n|-weather|RainDance|[from] ability: Drizzle|[of] p2a: Pelipper\n|move|p1a: Farigiraf|Helping Hand|p1b: Typhlosion\n|-singleturn|p1b: Typhlosion|Helping Hand|[of] p1a: Farigiraf\n|move|p1b: Typhlosion|Shadow Ball|p2b: Goodra\n|-damage|p2b: Goodra|0 fnt\n|faint|p2b: Goodra\n|\n|-weather|RainDance|[upkeep]\n|upkeep\n|\n|t:|1776353356\n|switch|p2b: Sinistcha|Sinistcha, L50|62/100\n|-heal|p2a: Pelipper|52/100|[from] ability: Hospitality|[of] p2b: Sinistcha\n|turn|10\n|\n|t:|1776353366\n|move|p1b: Typhlosion|Shadow Ball|p2b: Sinistcha\n|-supereffective|p2b: Sinistcha|1\n|-damage|p2b: Sinistcha|0 fnt\n|faint|p2b: Sinistcha\n|move|p2a: Pelipper|Hurricane|p1b: Typhlosion\n|-crit|p1b: Typhlosion\n|-damage|p1b: Typhlosion|0 fnt\n|faint|p1b: Typhlosion\n|move|p1a: Farigiraf|Hyper Voice|p2a: Pelipper\n|-damage|p2a: Pelipper|7/100\n|\n|-weather|RainDance|[upkeep]\n|upkeep\n|\n|t:|1776353376\n|switch|p2b: Aggron|Aggron-Mega, L50, M|9/100\n|turn|11\n|\n|t:|1776353387\n|move|p2a: Pelipper|Tailwind|p2a: Pelipper\n|-sidestart|p2: maxstatninja101|move: Tailwind\n|move|p2b: Aggron|Rest|p2b: Aggron\n|-status|p2b: Aggron|slp|[from] move: Rest\n|-heal|p2b: Aggron|100/100 slp|[silent]\n|move|p1a: Farigiraf|Hyper Voice|p2b: Aggron|[spread] p2a,p2b\n|-resisted|p2b: Aggron|1\n|-damage|p2a: Pelipper|0 fnt\n|-damage|p2b: Aggron|86/100 slp\n|faint|p2a: Pelipper\n|\n|-weather|RainDance|[upkeep]\n|upkeep\n|turn|12\n|\n|t:|1776353411\n|cant|p2b: Aggron|slp\n|move|p1a: Farigiraf|Hyper Voice|p2b: Aggron\n|-resisted|p2b: Aggron|1\n|-crit|p2b: Aggron\n|-damage|p2b: Aggron|57/100 slp\n|\n|-weather|RainDance|[upkeep]\n|upkeep\n|turn|13\n|\n|t:|1776353420\n|cant|p2b: Aggron|slp\n|move|p1a: Farigiraf|Hyper Voice|p2b: Aggron\n|-resisted|p2b: Aggron|1\n|-damage|p2b: Aggron|39/100 slp\n|\n|-weather|none\n|upkeep\n|turn|14\n|\n|t:|1776353428\n|-curestatus|p2b: Aggron|slp|[msg]\n|move|p2b: Aggron|Heavy Slam|p1a: Farigiraf\n|-damage|p1a: Farigiraf|73/100\n|move|p1a: Farigiraf|Trick Room|p1a: Farigiraf\n|-fieldstart|move: Trick Room|[of] p1a: Farigiraf\n|\n|-sideend|p2: maxstatninja101|move: Tailwind\n|upkeep\n|turn|15\n|\n|t:|1776353443\n|move|p2b: Aggron|Rest|p2b: Aggron\n|-status|p2b: Aggron|slp|[from] move: Rest\n|-heal|p2b: Aggron|100/100 slp|[silent]\n|move|p1a: Farigiraf|Hyper Voice|p2b: Aggron\n|-resisted|p2b: Aggron|1\n|-damage|p2b: Aggron|82/100 slp\n|\n|upkeep\n|turn|16\n|\n|t:|1776353450\n|cant|p2b: Aggron|slp\n|move|p1a: Farigiraf|Hyper Voice|p2b: Aggron\n|-resisted|p2b: Aggron|1\n|-damage|p2b: Aggron|62/100 slp\n|\n|upkeep\n|turn|17\n|\n|t:|1776353455\n|cant|p2b: Aggron|slp\n|move|p1a: Farigiraf|Hyper Voice|p2b: Aggron\n|-resisted|p2b: Aggron|1\n|-damage|p2b: Aggron|42/100 slp\n|\n|upkeep\n|turn|18\n|\n|t:|1776353462\n|-curestatus|p2b: Aggron|slp|[msg]\n|move|p2b: Aggron|Heavy Slam|p1a: Farigiraf\n|-damage|p1a: Farigiraf|42/100\n|move|p1a: Farigiraf|Hyper Voice|p2b: Aggron\n|-resisted|p2b: Aggron|1\n|-damage|p2b: Aggron|22/100\n|\n|-fieldend|move: Trick Room\n|upkeep\n|turn|19\n|\n|t:|1776353470\n|move|p1a: Farigiraf|Hyper Voice|p2b: Aggron\n|-resisted|p2b: Aggron|1\n|-damage|p2b: Aggron|0 fnt\n|faint|p2b: Aggron\n|\n|win|sandypresea\n|raw|sandypresea's rating: 1040 &rarr; <strong>1083</strong><br />(+43 for winning)\n|raw|maxstatninja101's rating: 1137 &rarr; <strong>1105</strong><br />(-32 for losing)\n|c|\u2606maxstatninja101|gg\n|c|\u2606sandypresea|Gg\n|l|\u2606maxstatninja101\n|player|p2|\n",
  "uploadtime": 1776353482,
  "views": 25,
  "formatid": "gen9championsvgc2026regma",
  "rating": 1083,
  "private": 0,
  "password": null
}