{
  "id": "gen9championsvgc2026regma-2583016141",
  "format": "[Gen 9 Champions] VGC 2026 Reg M-A",
  "players": [
    "your stepsister",
    "Rusl2"
  ],
  "log": "|j|\u2606your stepsister\n|j|\u2606Rusl2\n|t:|1776133593\n|gametype|doubles\n|player|p1|your stepsister|170|1141\n|player|p2|Rusl2|101|1184\n|gen|9\n|tier|[Gen 9 Champions] VGC 2026 Reg M-A\n|rated|\n|rule|Species Clause: Limit one of each Pok\u00e9mon\n|rule|Item Clause: Limit 1 of each item\n|clearpoke\n|poke|p1|Charizard, L50, M|\n|poke|p1|Venusaur, L50, F|\n|poke|p1|Incineroar, L50, M|\n|poke|p1|Rotom-Wash, L50|\n|poke|p1|Garchomp, L50, F|\n|poke|p1|Sneasler, L50, F|\n|poke|p2|Charizard, L50, M|\n|poke|p2|Venusaur, L50, F|\n|poke|p2|Sneasler, L50, F|\n|poke|p2|Incineroar, L50, F|\n|poke|p2|Garchomp, L50, M|\n|poke|p2|Rotom-Wash, L50|\n|teampreview|4\n|inactive|Battle timer is ON: inactive players will automatically lose when time's up. (requested by your stepsister)\n|c|\u2606your stepsister|glhf! love to see a ditto\n|inactive|your stepsister has 60 seconds left.\n|inactive|Rusl2 has 60 seconds left.\n|c|\u2606Rusl2|Glhf\n|c|\u2606Rusl2|Aaron Zheng created a monster\nRusl2 has agreed to open team sheets.\n|inactive|your stepsister has 30 seconds left.\n|inactive|Rusl2 has 30 seconds left.\n|inactive|your stepsister has 20 seconds left.\n|inactive|your stepsister has 15 seconds left.\n|inactive|your stepsister has 10 seconds left.\n|\n|t:|1776133684\n|teamsize|p1|4\n|teamsize|p2|4\n|start\n|switch|p1a: Incineroar|Incineroar, L50, M|100/100\n|switch|p1b: Rotom|Rotom-Wash, L50|100/100\n|switch|p2a: Incineroar|Incineroar, L50, F|100/100\n|switch|p2b: Garchomp|Garchomp, L50, M|100/100\n|-ability|p2a: Incineroar|Intimidate|boost\n|-unboost|p1a: Incineroar|atk|1\n|-unboost|p1b: Rotom|atk|1\n|-ability|p1a: Incineroar|Intimidate|boost\n|-unboost|p2a: Incineroar|atk|1\n|-unboost|p2b: Garchomp|atk|1\n|turn|1\n|inactive|Rusl2 has 30 seconds left.\n|\n|t:|1776133714\n|switch|p2b: Charizard|Charizard, L50, M|100/100\n|move|p2a: Incineroar|Fake Out|p1b: Rotom\n|-damage|p1b: Rotom|89/100\n|move|p1a: Incineroar|Fake Out|p2b: Charizard\n|-damage|p2b: Charizard|92/100\n|cant|p1b: Rotom|flinch\n|\n|-heal|p1b: Rotom|94/100|[from] item: Leftovers\n|upkeep\n|turn|2\n|inactive|your stepsister has 30 seconds left.\n|inactive|Rusl2 has 30 seconds left.\n|inactive|your stepsister has 20 seconds left.\n|inactive|your stepsister has 15 seconds left.\n|\n|t:|1776133756\n|detailschange|p2b: Charizard|Charizard-Mega-Y, L50, M\n|-mega|p2b: Charizard|Charizard|Charizardite Y\n|-weather|SunnyDay|[from] ability: Drought|[of] p2b: Charizard\n|move|p2b: Charizard|Solar Beam||[still]\n|-prepare|p2b: Charizard|Solar Beam\n|-anim|p2b: Charizard|Solar Beam|p1b: Rotom\n|-supereffective|p1b: Rotom|1\n|-crit|p1b: Rotom\n|-damage|p1b: Rotom|0 fnt\n|faint|p1b: Rotom\n|move|p2a: Incineroar|Parting Shot|p1a: Incineroar\n|-unboost|p1a: Incineroar|atk|1\n|-unboost|p1a: Incineroar|spa|1\n|\n|t:|1776133778\n|switch|p2a: Garchomp|Garchomp, L50, M|100/100|[from] Parting Shot\n|move|p1a: Incineroar|Parting Shot|p2b: Charizard\n|-unboost|p2b: Charizard|atk|1\n|-unboost|p2b: Charizard|spa|1\n|\n|t:|1776133785\n|switch|p1a: Garchomp|Garchomp, L50, F|100/100|[from] Parting Shot\n|\n|-weather|SunnyDay|[upkeep]\n|upkeep\n|\n|t:|1776133789\n|switch|p1b: Incineroar|Incineroar, L50, M|100/100\n|-ability|p1b: Incineroar|Intimidate|boost\n|-unboost|p2a: Garchomp|atk|1\n|-unboost|p2b: Charizard|atk|1\n|turn|3\n|\n|t:|1776133804\n|switch|p2b: Incineroar|Incineroar, L50, F|100/100\n|-ability|p2b: Incineroar|Intimidate|boost\n|-unboost|p1a: Garchomp|atk|1\n|-unboost|p1b: Incineroar|atk|1\n|move|p1b: Incineroar|Fake Out|p2a: Garchomp\n|-damage|p2a: Garchomp|94/100\n|-damage|p1b: Incineroar|88/100|[from] ability: Rough Skin|[of] p2a: Garchomp\n|cant|p2a: Garchomp|flinch\n|move|p1a: Garchomp|Rock Slide|p2a: Garchomp|[spread] p2a,p2b\n|-resisted|p2a: Garchomp|1\n|-supereffective|p2b: Incineroar|1\n|-crit|p2b: Incineroar\n|-damage|p2a: Garchomp|89/100\n|-damage|p2b: Incineroar|47/100\n|-enditem|p2b: Incineroar|Sitrus Berry|[eat]\n|-heal|p2b: Incineroar|72/100|[from] item: Sitrus Berry\n|\n|-weather|SunnyDay|[upkeep]\n|upkeep\n|turn|4\n|\n|t:|1776133827\n|switch|p2b: Venusaur|Venusaur, L50, F|100/100\n|move|p2a: Garchomp|Earthquake|p1b: Incineroar|[spread] p2b,p1a,p1b\n|-supereffective|p1b: Incineroar|1\n|-damage|p2b: Venusaur|68/100\n|-damage|p1a: Garchomp|76/100\n|-damage|p1b: Incineroar|52/100\n|move|p1a: Garchomp|Rock Slide|p2b: Venusaur|[spread] p2a,p2b\n|-resisted|p2a: Garchomp|1\n|-damage|p2a: Garchomp|83/100\n|-damage|p2b: Venusaur|50/100\n|move|p1b: Incineroar|Parting Shot|p2a: Garchomp\n|-unboost|p2a: Garchomp|atk|1\n|-unboost|p2a: Garchomp|spa|1\n|\n|t:|1776133840\n|switch|p1b: Charizard|Charizard, L50, M|100/100|[from] Parting Shot\n|\n|-weather|SunnyDay|[upkeep]\n|upkeep\n|turn|5\n|\n|t:|1776133864\n|switch|p1a: Incineroar|Incineroar, L50, M|52/100\n|-ability|p1a: Incineroar|Intimidate|boost\n|-unboost|p2a: Garchomp|atk|1\n|-unboost|p2b: Venusaur|atk|1\n|switch|p2a: Charizard|Charizard-Mega-Y, L50, M|92/100\n|detailschange|p1b: Charizard|Charizard-Mega-Y, L50, M\n|-mega|p1b: Charizard|Charizard|Charizardite Y\n|move|p2b: Venusaur|Sleep Powder|p1a: Incineroar\n|-status|p1a: Incineroar|slp|[from] move: Sleep Powder\n|move|p1b: Charizard|Heat Wave|p2b: Venusaur|[spread] p2a,p2b\n|-resisted|p2a: Charizard|1\n|-supereffective|p2b: Venusaur|1\n|-damage|p2a: Charizard|57/100\n|-damage|p2b: Venusaur|0 fnt\n|faint|p2b: Venusaur\n|\n|-weather|SunnyDay|[upkeep]\n|upkeep\n|\n|t:|1776133879\n|switch|p2b: Garchomp|Garchomp, L50, M|83/100\n|turn|6\n|\n|t:|1776133888\n|switch|p1a: Garchomp|Garchomp, L50, F|76/100\n|move|p1b: Charizard|Protect|p1b: Charizard\n|-singleturn|p1b: Charizard|Protect\n|move|p2b: Garchomp|Rock Slide|p1b: Charizard|[spread] p1a\n|-activate|p1b: Charizard|move: Protect\n|-resisted|p1a: Garchomp|1\n|-damage|p1a: Garchomp|67/100\n|move|p2a: Charizard|Flamethrower|p1b: Charizard\n|-activate|p1b: Charizard|move: Protect\n|\n|-weather|none\n|upkeep\n|turn|7\n|\n|t:|1776133908\n|switch|p2a: Incineroar|Incineroar, L50, F|72/100\n|-ability|p2a: Incineroar|Intimidate|boost\n|-unboost|p1a: Garchomp|atk|1\n|-unboost|p1b: Charizard|atk|1\n|switch|p1b: Incineroar|Incineroar, L50, M|52/100 slp\n|-ability|p1b: Incineroar|Intimidate|boost\n|-unboost|p2a: Incineroar|atk|1\n|-unboost|p2b: Garchomp|atk|1\n|move|p1a: Garchomp|Dragon Claw|p2b: Garchomp\n|-supereffective|p2b: Garchomp|1\n|-damage|p2b: Garchomp|26/100\n|-damage|p1a: Garchomp|54/100|[from] ability: Rough Skin|[of] p2b: Garchomp\n|move|p2b: Garchomp|Rock Slide|p1a: Garchomp|[spread] p1a,p1b\n|-resisted|p1a: Garchomp|1\n|-supereffective|p1b: Incineroar|1\n|-damage|p1a: Garchomp|48/100\n|-damage|p1b: Incineroar|34/100 slp\n|-enditem|p1b: Incineroar|Sitrus Berry|[eat]\n|-heal|p1b: Incineroar|58/100 slp|[from] item: Sitrus Berry\n|\n|upkeep\n|turn|8\n|inactive|your stepsister has 30 seconds left.\n|\n|t:|1776133941\n|switch|p2b: Charizard|Charizard-Mega-Y, L50, M|57/100\n|-weather|SunnyDay|[from] ability: Drought|[of] p2b: Charizard\n|move|p2a: Incineroar|Fake Out|p1a: Garchomp\n|-damage|p1a: Garchomp|40/100\n|-damage|p2a: Incineroar|59/100|[from] ability: Rough Skin|[of] p1a: Garchomp\n|cant|p1b: Incineroar|slp\n|cant|p1a: Garchomp|flinch\n|\n|-weather|SunnyDay|[upkeep]\n|upkeep\n|turn|9\n|inactive|Rusl2 has 30 seconds left.\n|inactive|Rusl2 has 20 seconds left.\n|\n|t:|1776133980\n|switch|p1a: Charizard|Charizard-Mega-Y, L50, M|100/100\n|move|p2b: Charizard|Flamethrower|p1a: Charizard\n|-resisted|p1a: Charizard|1\n|-damage|p1a: Charizard|68/100\n|move|p2a: Incineroar|Darkest Lariat|p1a: Charizard\n|-damage|p1a: Charizard|32/100\n|cant|p1b: Incineroar|slp\n|\n|-weather|SunnyDay|[upkeep]\n|upkeep\n|turn|10\n|inactive|your stepsister has 30 seconds left.\n|inactive|Rusl2 has 30 seconds left.\n|inactive|your stepsister has 20 seconds left.\n|inactive|your stepsister has 15 seconds left.\n|\n|t:|1776134021\n|move|p1a: Charizard|Protect|p1a: Charizard\n|-singleturn|p1a: Charizard|Protect\n|move|p2b: Charizard|Scorching Sands|p1b: Incineroar\n|-supereffective|p1b: Incineroar|1\n|-damage|p1b: Incineroar|19/100 slp\n|move|p2a: Incineroar|Darkest Lariat|p1a: Charizard\n|-activate|p1a: Charizard|move: Protect\n|-curestatus|p1b: Incineroar|slp|[msg]\n|move|p1b: Incineroar|Darkest Lariat|p2b: Charizard\n|-damage|p2b: Charizard|24/100\n|\n|-weather|SunnyDay|[upkeep]\n|upkeep\n|turn|11\n|inactive|your stepsister has 30 seconds left.\n|\n|t:|1776134048\n|switch|p1b: Garchomp|Garchomp, L50, F|40/100\n|move|p2b: Charizard|Scorching Sands|p1b: Garchomp\n|-damage|p1b: Garchomp|12/100\n|-status|p1b: Garchomp|brn\n|move|p1a: Charizard|Heat Wave|p2b: Charizard|[spread] p2a,p2b\n|-resisted|p2a: Incineroar|1\n|-resisted|p2b: Charizard|1\n|-damage|p2a: Incineroar|23/100\n|-damage|p2b: Charizard|0 fnt\n|faint|p2b: Charizard\n|move|p2a: Incineroar|Parting Shot|p1a: Charizard\n|-unboost|p1a: Charizard|atk|1\n|-unboost|p1a: Charizard|spa|1\n|\n|t:|1776134059\n|switch|p2a: Garchomp|Garchomp, L50, M|26/100|[from] Parting Shot\n|\n|-weather|SunnyDay|[upkeep]\n|-damage|p1b: Garchomp|6/100 brn|[from] brn\n|upkeep\n|\n|t:|1776134062\n|switch|p2b: Incineroar|Incineroar, L50, F|23/100\n|-ability|p2b: Incineroar|Intimidate|boost\n|-unboost|p1a: Charizard|atk|1\n|-unboost|p1b: Garchomp|atk|1\n|turn|12\n|\n|t:|1776134086\n|switch|p1a: Incineroar|Incineroar, L50, M|19/100\n|-ability|p1a: Incineroar|Intimidate|boost\n|-unboost|p2a: Garchomp|atk|1\n|-unboost|p2b: Incineroar|atk|1\n|move|p2b: Incineroar|Fake Out|p1b: Garchomp\n|-damage|p1b: Garchomp|0 fnt\n|-damage|p2b: Incineroar|11/100|[from] ability: Rough Skin|[of] p1b: Garchomp\n|faint|p1b: Garchomp\n|move|p2a: Garchomp|Dragon Claw|p1a: Incineroar\n|-damage|p1a: Incineroar|1/100\n|\n|-weather|none\n|upkeep\n|\n|t:|1776134100\n|switch|p1b: Charizard|Charizard-Mega-Y, L50, M|32/100\n|-weather|SunnyDay|[from] ability: Drought|[of] p1b: Charizard\n|turn|13\n|c|\u2606Rusl2|Crazy 1%\n|inactive|Rusl2 has 30 seconds left.\n|c|\u2606your stepsister|incin live is insane\n|inactive|Rusl2 has 20 seconds left.\n|\n|t:|1776134135\n|move|p1a: Incineroar|Fake Out|p2a: Garchomp\n|-damage|p2a: Garchomp|16/100\n|-damage|p1a: Incineroar|0 fnt|[from] ability: Rough Skin|[of] p2a: Garchomp\n|faint|p1a: Incineroar\n|cant|p2a: Garchomp|flinch\n|move|p1b: Charizard|Heat Wave|p2b: Incineroar|[spread] p2a,p2b\n|-resisted|p2a: Garchomp|1\n|-resisted|p2b: Incineroar|1\n|-damage|p2a: Garchomp|0 fnt\n|-damage|p2b: Incineroar|0 fnt\n|faint|p2a: Garchomp\n|faint|p2b: Incineroar\n|\n|win|your stepsister\n|raw|your stepsister's rating: 1141 &rarr; <strong>1169</strong><br />(+28 for winning)\n|raw|Rusl2's rating: 1184 &rarr; <strong>1156</strong><br />(-28 for losing)\n|c|\u2606Rusl2|Gg\n|l|\u2606Rusl2\n|player|p2|\n|c|\u2606your stepsister|incin live on 1% and hit both is only way i won\n",
  "uploadtime": 1776134242,
  "views": 16,
  "formatid": "gen9championsvgc2026regma",
  "rating": 1156,
  "private": 0,
  "password": null
}