{
  "id": "gen9championsvgc2026regma-2584935590",
  "format": "[Gen 9 Champions] VGC 2026 Reg M-A",
  "players": [
    "1%ofGamblers",
    "CeeeeJayyyy"
  ],
  "log": "|j|\u26061%ofGamblers\n|j|\u2606CeeeeJayyyy\n|t:|1776296035\n|gametype|doubles\n|player|p1|1%ofGamblers|170|1125\n|player|p2|CeeeeJayyyy|170|1098\n|gen|9\n|tier|[Gen 9 Champions] VGC 2026 Reg M-A\n|rated|\n|rule|Species Clause: Limit one of each Pok\u00e9mon\n|rule|Item Clause: Limit 1 of each item\n|clearpoke\n|poke|p1|Slowking-Galar, L50, M|\n|poke|p1|Corviknight, L50, F|\n|poke|p1|Armarouge, L50, F|\n|poke|p1|Gengar, L50, M|\n|poke|p1|Incineroar, L50, F|\n|poke|p1|Politoed, L50, M|\n|poke|p2|Gardevoir, L50, F|\n|poke|p2|Kingambit, L50, M|\n|poke|p2|Typhlosion-Hisui, L50, M|\n|poke|p2|Sneasler, L50, M|\n|poke|p2|Rotom-Wash, L50|\n|poke|p2|Whimsicott, L50, F|\n|teampreview|4\n|inactive|Battle timer is ON: inactive players will automatically lose when time's up. (requested by 1%ofGamblers)\n|\n|t:|1776296107\n|teamsize|p1|4\n|teamsize|p2|4\n|start\n|switch|p1a: Gengar|Gengar, L50, M|100/100\n|switch|p1b: Politoed|Politoed, L50, M|100/100\n|switch|p2a: Gardevoir|Gardevoir, L50, F, shiny|100/100\n|switch|p2b: Whimsicott|Whimsicott, L50, F|100/100\n|turn|1\n|inactive|CeeeeJayyyy has 30 seconds left.\n|\n|t:|1776296142\n|detailschange|p1a: Gengar|Gengar-Mega, L50, M\n|-mega|p1a: Gengar|Gengar|Gengarite\n|detailschange|p2a: Gardevoir|Gardevoir-Mega, L50, F, shiny\n|-mega|p2a: Gardevoir|Gardevoir|Gardevoirite\n|move|p1a: Gengar|Protect|p1a: Gengar\n|-singleturn|p1a: Gengar|Protect\n|move|p2b: Whimsicott|Tailwind|p2b: Whimsicott\n|-sidestart|p2: CeeeeJayyyy|move: Tailwind\n|move|p2a: Gardevoir|Psychic|p1a: Gengar\n|-activate|p1a: Gengar|move: Protect\n|move|p1b: Politoed|Perish Song|p1b: Politoed\n|-start|p1a: Gengar|perish3|[silent]\n|-start|p1b: Politoed|perish3|[silent]\n|-start|p2a: Gardevoir|perish3|[silent]\n|-start|p2b: Whimsicott|perish3|[silent]\n|-fieldactivate|move: Perish Song\n|\n|-start|p2a: Gardevoir|perish3\n|-start|p2b: Whimsicott|perish3\n|-start|p1a: Gengar|perish3\n|-start|p1b: Politoed|perish3\n|upkeep\n|turn|2\n|inactive|1%ofGamblers has 30 seconds left.\n|inactive|CeeeeJayyyy has 30 seconds left.\n|inactive|1%ofGamblers has 20 seconds left.\n|inactive|1%ofGamblers has 15 seconds left.\n|inactive|1%ofGamblers has 10 seconds left.\n|\n|t:|1776296188\n|switch|p1a: Incineroar|Incineroar, L50, F|100/100\n|-ability|p1a: Incineroar|Intimidate|boost\n|-unboost|p2a: Gardevoir|atk|1\n|-unboost|p2b: Whimsicott|atk|1\n|move|p2a: Gardevoir|Psychic|p1a: Incineroar\n|-immune|p1a: Incineroar\n|move|p2b: Whimsicott|Energy Ball|p1b: Politoed\n|-supereffective|p1b: Politoed|1\n|-damage|p1b: Politoed|57/100\n|move|p1b: Politoed|Encore|p2a: Gardevoir\n|-start|p2a: Gardevoir|Encore\n|\n|-heal|p1b: Politoed|63/100|[from] item: Leftovers\n|-start|p2a: Gardevoir|perish2\n|-start|p2b: Whimsicott|perish2\n|-start|p1b: Politoed|perish2\n|upkeep\n|turn|3\n|inactive|CeeeeJayyyy has 30 seconds left.\n|\n|t:|1776296220\n|switch|p2a: Kingambit|Kingambit, L50, M|100/100\n|switch|p2b: Rotom|Rotom-Wash, L50|100/100\n|switch|p1b: Gengar|Gengar-Mega, L50, M|100/100\n|move|p1a: Incineroar|Fake Out|p2a: Kingambit\n|-resisted|p2a: Kingambit|1\n|-damage|p2a: Kingambit|96/100\n|\n|upkeep\n|turn|4\n|inactive|1%ofGamblers has 30 seconds left.\n|\n|t:|1776296247\n|move|p2a: Kingambit|Sucker Punch||[still]\n|-fail|p2a: Kingambit\n|move|p2b: Rotom|Hydro Pump|p1a: Incineroar|[miss]\n|-miss|p2b: Rotom|p1a: Incineroar\n|move|p1b: Gengar|Perish Song|p1b: Gengar\n|-start|p1a: Incineroar|perish3|[silent]\n|-start|p1b: Gengar|perish3|[silent]\n|-start|p2a: Kingambit|perish3|[silent]\n|-start|p2b: Rotom|perish3|[silent]\n|-fieldactivate|move: Perish Song\n|move|p1a: Incineroar|Parting Shot|p2b: Rotom\n|-unboost|p2b: Rotom|atk|1\n|-unboost|p2b: Rotom|spa|1\n|\n|t:|1776296259\n|switch|p1a: Corviknight|Corviknight, L50, F|100/100|[from] Parting Shot\n|-ability|p1a: Corviknight|Pressure\n|\n|-start|p2b: Rotom|perish3\n|-start|p1b: Gengar|perish3\n|-start|p2a: Kingambit|perish3\n|-sideend|p2: CeeeeJayyyy|move: Tailwind\n|upkeep\n|turn|5\n|inactive|CeeeeJayyyy has 30 seconds left.\n|inactive|CeeeeJayyyy has 20 seconds left.\n|\n|t:|1776296295\n|move|p1b: Gengar|Protect|p1b: Gengar\n|-singleturn|p1b: Gengar|Protect\n|move|p2a: Kingambit|Sucker Punch||[still]\n|-fail|p2a: Kingambit\n|move|p2b: Rotom|Hydro Pump|p1b: Gengar\n|-activate|p1b: Gengar|move: Protect\n|move|p1a: Corviknight|Body Press|p2a: Kingambit\n|-supereffective|p2a: Kingambit|2\n|-enditem|p2a: Kingambit|Chople Berry|[eat]\n|-enditem|p2a: Kingambit|Chople Berry|[weaken]\n|-damage|p2a: Kingambit|69/100\n|\n|-start|p2b: Rotom|perish2\n|-start|p1b: Gengar|perish2\n|-start|p2a: Kingambit|perish2\n|upkeep\n|turn|6\n|inactive|1%ofGamblers has 30 seconds left.\n|\n|t:|1776296326\n|move|p2a: Kingambit|Sucker Punch||[still]\n|-fail|p2a: Kingambit\n|move|p2b: Rotom|Hydro Pump|p1b: Gengar\n|-damage|p1b: Gengar|63/100\n|move|p1b: Gengar|Perish Song|p1b: Gengar\n|-start|p1a: Corviknight|perish3|[silent]\n|-fieldactivate|move: Perish Song\n|move|p1a: Corviknight|Spite|p2a: Kingambit\n|-activate|p2a: Kingambit|move: Spite|Sucker Punch|4\n|\n|-start|p2b: Rotom|perish1\n|-start|p1b: Gengar|perish1\n|-start|p1a: Corviknight|perish3\n|-start|p2a: Kingambit|perish1\n|upkeep\n|turn|7\n|inactive|CeeeeJayyyy has 30 seconds left.\n|inactive|1%ofGamblers has 30 seconds left.\n|inactive|CeeeeJayyyy has 20 seconds left.\n|inactive|CeeeeJayyyy has 15 seconds left.\n|\n|t:|1776296371\n|switch|p1b: Politoed|Politoed, L50, M|63/100\n|move|p2b: Rotom|Hydro Pump|p1a: Corviknight|[miss]\n|-miss|p2b: Rotom|p1a: Corviknight\n|move|p1a: Corviknight|Iron Defense|p1a: Corviknight\n|-boost|p1a: Corviknight|def|2\n|move|p2a: Kingambit|Low Kick|p1a: Corviknight\n|-damage|p1a: Corviknight|89/100\n|\n|-heal|p1b: Politoed|69/100|[from] item: Leftovers\n|-start|p2b: Rotom|perish0\n|-start|p1a: Corviknight|perish2\n|faint|p2b: Rotom\n|-start|p2a: Kingambit|perish0\n|upkeep\n|faint|p2a: Kingambit\n|\n|t:|1776296388\n|switch|p2b: Whimsicott|Whimsicott, L50, F|100/100\n|switch|p2a: Gardevoir|Gardevoir-Mega, L50, F, shiny|100/100\n|turn|8\n|inactive|CeeeeJayyyy has 30 seconds left.\n|\n|t:|1776296414\n|move|p2b: Whimsicott|Fake Tears|p1a: Corviknight\n|-unboost|p1a: Corviknight|spd|2\n|move|p2a: Gardevoir|Psychic|p1b: Politoed\n|-damage|p1b: Politoed|25/100\n|move|p1b: Politoed|Perish Song|p1b: Politoed\n|-start|p1b: Politoed|perish3|[silent]\n|-start|p2a: Gardevoir|perish3|[silent]\n|-start|p2b: Whimsicott|perish3|[silent]\n|-fieldactivate|move: Perish Song\n|move|p1a: Corviknight|Iron Defense|p1a: Corviknight\n|-boost|p1a: Corviknight|def|2\n|\n|-heal|p1b: Politoed|31/100|[from] item: Leftovers\n|-start|p2a: Gardevoir|perish3\n|-start|p2b: Whimsicott|perish3\n|-start|p1b: Politoed|perish3\n|-start|p1a: Corviknight|perish1\n|upkeep\n|turn|9\n|inactive|CeeeeJayyyy has 30 seconds left.\n|\n|t:|1776296442\n|switch|p1a: Incineroar|Incineroar, L50, F|100/100\n|-ability|p1a: Incineroar|Intimidate|boost\n|-unboost|p2a: Gardevoir|atk|1\n|-unboost|p2b: Whimsicott|atk|1\n|move|p1b: Politoed|Protect|p1b: Politoed\n|-singleturn|p1b: Politoed|Protect\n|move|p2b: Whimsicott|Fake Tears|p1a: Incineroar\n|-hint|Since gen 7, Dark is immune to Prankster moves.\n|-immune|p1a: Incineroar\n|move|p2a: Gardevoir|Hyper Voice|p1b: Politoed|[spread] p1a\n|-activate|p1b: Politoed|move: Protect\n|-damage|p1a: Incineroar|59/100\n|\n|-heal|p1b: Politoed|37/100|[from] item: Leftovers\n|-start|p2a: Gardevoir|perish2\n|-start|p2b: Whimsicott|perish2\n|-start|p1b: Politoed|perish2\n|upkeep\n|turn|10\n|inactive|1%ofGamblers has 30 seconds left.\n|inactive|CeeeeJayyyy has 30 seconds left.\n|\n|t:|1776296475\n|move|p1a: Incineroar|Protect|p1a: Incineroar\n|-singleturn|p1a: Incineroar|Protect\n|move|p2a: Gardevoir|Hyper Voice|p1a: Incineroar|[spread] p1b\n|-activate|p1a: Incineroar|move: Protect\n|-damage|p1b: Politoed|0 fnt\n|faint|p1b: Politoed\n|move|p2b: Whimsicott|Energy Ball|p1a: Incineroar\n|-activate|p1a: Incineroar|move: Protect\n|\n|-start|p2a: Gardevoir|perish1\n|-start|p2b: Whimsicott|perish1\n|upkeep\n|\n|t:|1776296488\n|switch|p1b: Gengar|Gengar-Mega, L50, M|63/100\n|turn|11\n|-message|CeeeeJayyyy forfeited.\n|\n|win|1%ofGamblers\n|raw|1%ofGamblers's rating: 1125 &rarr; <strong>1148</strong><br />(+23 for winning)\n|raw|CeeeeJayyyy's rating: 1098 &rarr; <strong>1075</strong><br />(-23 for losing)\n|l|\u2606CeeeeJayyyy\n|player|p2|\n",
  "uploadtime": 1776296504,
  "views": 29,
  "formatid": "gen9championsvgc2026regma",
  "rating": 1075,
  "private": 0,
  "password": null
}