{
  "id": "gen9championsvgc2026regma-2589479770",
  "format": "[Gen 9 Champions] VGC 2026 Reg M-A",
  "players": [
    "Swawbewwy",
    "Gellapo"
  ],
  "log": "|j|\u2606Swawbewwy\n|j|\u2606Gellapo\n|t:|1776726714\n|gametype|doubles\n|player|p1|Swawbewwy|169|1146\n|player|p2|Gellapo|psychic-gen4|1114\n|gen|9\n|tier|[Gen 9 Champions] VGC 2026 Reg M-A\n|rated|\n|rule|Species Clause: Limit one of each Pok\u00e9mon\n|rule|Item Clause: Limit 1 of each item\n|clearpoke\n|poke|p1|Charizard, L50, M|\n|poke|p1|Venusaur, L50, F|\n|poke|p1|Garchomp, L50, M|\n|poke|p1|Whimsicott, L50, F|\n|poke|p1|Milotic, L50, M|\n|poke|p1|Incineroar, L50, M|\n|poke|p2|Hydrapple, L50, F|\n|poke|p2|Rotom-Wash, L50|\n|poke|p2|Mimikyu, L50, F|\n|poke|p2|Corviknight, L50, M|\n|poke|p2|Crabominable, L50, F|\n|poke|p2|Arcanine-Hisui, L50, F|\n|teampreview|4\n|inactive|Battle timer is ON: inactive players will automatically lose when time's up. (requested by Gellapo)\nGellapo rejected open team sheets.\n|\n|t:|1776726762\n|teamsize|p1|4\n|teamsize|p2|4\n|start\n|switch|p1a: Charizard|Charizard, L50, M|100/100\n|switch|p1b: Incineroar|Incineroar, L50, M|100/100\n|switch|p2a: Mimikyu|Mimikyu, L50, F|100/100\n|switch|p2b: Corviknight|Corviknight, L50, M|100/100\n|-ability|p1b: Incineroar|Intimidate|boost\n|-unboost|p2a: Mimikyu|atk|1\n|-ability|p2b: Corviknight|Mirror Armor\n|-unboost|p1b: Incineroar|atk|1\n|turn|1\n|inactive|Swawbewwy has 30 seconds left.\n|inactive|Gellapo has 30 seconds left.\n|\n|t:|1776726793\n|switch|p2b: Hydrapple|Hydrapple, L50, F|100/100\n|detailschange|p1a: Charizard|Charizard-Mega-Y, L50, M\n|-mega|p1a: Charizard|Charizard|Charizardite Y\n|-weather|SunnyDay|[from] ability: Drought|[of] p1a: Charizard\n|move|p1b: Incineroar|Fake Out|p2b: Hydrapple\n|-damage|p2b: Hydrapple|94/100\n|move|p1a: Charizard|Heat Wave|p2b: Hydrapple|[spread] p2a,p2b\n|-activate|p2a: Mimikyu|ability: Disguise\n|-damage|p2a: Mimikyu|100/100\n|-damage|p2b: Hydrapple|37/100\n|detailschange|p2a: Mimikyu|Mimikyu-Busted, L50, F\n|-damage|p2a: Mimikyu|88/100|[from] pokemon: Mimikyu-Busted\n|move|p2a: Mimikyu|Trick Room|p2a: Mimikyu\n|-fieldstart|move: Trick Room|[of] p2a: Mimikyu\n|\n|-weather|SunnyDay|[upkeep]\n|upkeep\n|turn|2\n|\n|t:|1776726816\n|move|p2b: Hydrapple|Fickle Beam|p1a: Charizard\n|-damage|p1a: Charizard|58/100\n|-heal|p2b: Hydrapple|41/100|[from] item: Shell Bell|[of] p1a: Charizard\n|move|p1b: Incineroar|Parting Shot|p2b: Hydrapple\n|-unboost|p2b: Hydrapple|atk|1\n|-unboost|p2b: Hydrapple|spa|1\n|\n|t:|1776726825\n|switch|p1b: Venusaur|Venusaur, L50, F|100/100|[from] Parting Shot\n|move|p2a: Mimikyu|Shadow Claw|p1a: Charizard\n|-crit|p1a: Charizard\n|-damage|p1a: Charizard|0 fnt\n|faint|p1a: Charizard\n|\n|-weather|SunnyDay|[upkeep]\n|upkeep\n|\n|t:|1776726842\n|switch|p1a: Milotic|Milotic, L50, M|100/100\n|turn|3\n|inactive|Gellapo has 30 seconds left.\n|inactive|Gellapo has 20 seconds left.\n|\n|t:|1776726880\n|switch|p2b: Corviknight|Corviknight, L50, M|100/100\n|move|p2a: Mimikyu|Play Rough|p1b: Venusaur\n|-resisted|p1b: Venusaur|1\n|-damage|p1b: Venusaur|83/100\n|move|p1a: Milotic|Ice Beam|p2b: Corviknight\n|-damage|p2b: Corviknight|71/100\n|move|p1b: Venusaur|Sludge Bomb|p2a: Mimikyu\n|-damage|p2a: Mimikyu|46/100\n|\n|-weather|SunnyDay|[upkeep]\n|-heal|p2b: Corviknight|77/100|[from] item: Leftovers\n|upkeep\n|turn|4\n|inactive|Swawbewwy has 30 seconds left.\n|\n|t:|1776726911\n|switch|p1a: Incineroar|Incineroar, L50, M|100/100\n|-ability|p1a: Incineroar|Intimidate|boost\n|-unboost|p2a: Mimikyu|atk|1\n|-ability|p2b: Corviknight|Mirror Armor\n|-unboost|p1a: Incineroar|atk|1\n|move|p2b: Corviknight|Substitute|p2b: Corviknight\n|-start|p2b: Corviknight|Substitute\n|-damage|p2b: Corviknight|52/100\n|move|p2a: Mimikyu|Will-O-Wisp|p1b: Venusaur\n|-status|p1b: Venusaur|brn\n|move|p1b: Venusaur|Sludge Bomb|p2a: Mimikyu\n|-damage|p2a: Mimikyu|6/100\n|\n|-weather|SunnyDay|[upkeep]\n|-heal|p2b: Corviknight|58/100|[from] item: Leftovers\n|-damage|p1b: Venusaur|77/100 brn|[from] brn\n|upkeep\n|turn|5\n|inactive|Swawbewwy has 30 seconds left.\n|inactive|Gellapo has 30 seconds left.\n|\n|t:|1776726943\n|move|p2b: Corviknight|Iron Defense|p2b: Corviknight\n|-boost|p2b: Corviknight|def|2\n|move|p1a: Incineroar|Flare Blitz|p2b: Corviknight\n|-supereffective|p2b: Corviknight|1\n|-end|p2b: Corviknight|Substitute\n|-damage|p1a: Incineroar|93/100|[from] Recoil|[of] p2b: Corviknight\n|move|p2a: Mimikyu|Play Rough|p1a: Incineroar\n|-damage|p1a: Incineroar|74/100\n|move|p1b: Venusaur|Sludge Bomb|p2a: Mimikyu\n|-damage|p2a: Mimikyu|0 fnt\n|faint|p2a: Mimikyu\n|\n|-weather|none\n|-heal|p2b: Corviknight|64/100|[from] item: Leftovers\n|-damage|p1b: Venusaur|72/100 brn|[from] brn\n|-fieldend|move: Trick Room\n|upkeep\n|\n|t:|1776726963\n|switch|p2a: Crabominable|Crabominable, L50, F|100/100\n|turn|6\n|inactive|Gellapo has 30 seconds left.\n|inactive|Gellapo has 20 seconds left.\n|\n|t:|1776727001\n|detailschange|p2a: Crabominable|Crabominable-Mega, L50, F\n|-mega|p2a: Crabominable|Crabominable|Crabominite\n|move|p2a: Crabominable|Mach Punch|p1a: Incineroar\n|-supereffective|p1a: Incineroar|1\n|-damage|p1a: Incineroar|20/100\n|-enditem|p1a: Incineroar|Sitrus Berry|[eat]\n|-heal|p1a: Incineroar|45/100|[from] item: Sitrus Berry\n|move|p1b: Venusaur|Sleep Powder|p2a: Crabominable\n|-status|p2a: Crabominable|slp|[from] move: Sleep Powder\n|move|p1a: Incineroar|Flare Blitz|p2b: Corviknight\n|-supereffective|p2b: Corviknight|1\n|-damage|p2b: Corviknight|39/100\n|-damage|p1a: Incineroar|36/100|[from] Recoil\n|move|p2b: Corviknight|Body Press|p1a: Incineroar\n|-supereffective|p1a: Incineroar|1\n|-damage|p1a: Incineroar|0 fnt\n|faint|p1a: Incineroar\n|\n|-heal|p2b: Corviknight|45/100|[from] item: Leftovers\n|-damage|p1b: Venusaur|66/100 brn|[from] brn\n|upkeep\n|\n|t:|1776727022\n|switch|p1a: Milotic|Milotic, L50, M|100/100\n|turn|7\n|\n|t:|1776727046\n|move|p1b: Venusaur|Sludge Bomb|p2a: Crabominable\n|-damage|p2a: Crabominable|67/100 slp\n|move|p1a: Milotic|Scald|p2b: Corviknight\n|-damage|p2b: Corviknight|7/100\n|move|p2b: Corviknight|Body Press|p1a: Milotic\n|-damage|p1a: Milotic|49/100\n|cant|p2a: Crabominable|slp\n|\n|-heal|p1a: Milotic|55/100|[from] item: Leftovers\n|-heal|p2b: Corviknight|13/100|[from] item: Leftovers\n|-damage|p1b: Venusaur|60/100 brn|[from] brn\n|upkeep\n|turn|8\n|inactive|Swawbewwy has 30 seconds left.\n|inactive|Gellapo has 30 seconds left.\n|inactive|Swawbewwy has 20 seconds left.\n|inactive|Swawbewwy has 15 seconds left.\n|inactive|Swawbewwy has 10 seconds left.\n|inactive|Swawbewwy has 5 seconds left.\n|\n|t:|1776727101\n|move|p1b: Venusaur|Leaf Storm|p2a: Crabominable\n|-damage|p2a: Crabominable|17/100 slp\n|-unboost|p1b: Venusaur|spa|2\n|move|p1a: Milotic|Scald|p2b: Corviknight\n|-damage|p2b: Corviknight|0 fnt\n|faint|p2b: Corviknight\n|cant|p2a: Crabominable|slp\n|\n|-heal|p1a: Milotic|61/100|[from] item: Leftovers\n|-damage|p1b: Venusaur|54/100 brn|[from] brn\n|upkeep\n|\n|t:|1776727112\n|switch|p2b: Hydrapple|Hydrapple, L50, F|74/100\n|turn|9\n|\n|t:|1776727124\n|move|p2b: Hydrapple|Protect|p2b: Hydrapple\n|-singleturn|p2b: Hydrapple|Protect\n|move|p1b: Venusaur|Sludge Bomb|p2a: Crabominable\n|-damage|p2a: Crabominable|2/100 slp\n|move|p1a: Milotic|Ice Beam|p2b: Hydrapple\n|-activate|p2b: Hydrapple|move: Protect\n|-curestatus|p2a: Crabominable|slp|[msg]\n|move|p2a: Crabominable|Close Combat|p1a: Milotic\n|-damage|p1a: Milotic|0 fnt\n|-unboost|p2a: Crabominable|def|1\n|-unboost|p2a: Crabominable|spd|1\n|faint|p1a: Milotic\n|\n|-damage|p1b: Venusaur|49/100 brn|[from] brn\n|upkeep\n|turn|10\n|inactive|Gellapo has 30 seconds left.\n|\n|t:|1776727149\n|move|p2a: Crabominable|Mach Punch|p1b: Venusaur\n|-resisted|p1b: Venusaur|1\n|-damage|p1b: Venusaur|28/100 brn\n|move|p1b: Venusaur|Sludge Bomb|p2a: Crabominable\n|-damage|p2a: Crabominable|0 fnt\n|faint|p2a: Crabominable\n|move|p2b: Hydrapple|Fickle Beam|p1b: Venusaur\n|-damage|p1b: Venusaur|0 fnt\n|faint|p1b: Venusaur\n|-heal|p2b: Hydrapple|76/100|[from] item: Shell Bell|[of] p1: Venusaur\n|\n|win|Gellapo\n|raw|Swawbewwy's rating: 1146 &rarr; <strong>1119</strong><br />(-27 for losing)\n|raw|Gellapo's rating: 1114 &rarr; <strong>1141</strong><br />(+27 for winning)\n|c|\u2606Gellapo|gg wp\n|l|\u2606Swawbewwy\n|player|p1|\n",
  "uploadtime": 1776727176,
  "views": 7,
  "formatid": "gen9championsvgc2026regma",
  "rating": 1119,
  "private": 0,
  "password": null
}