{
  "id": "gen9championsvgc2026regma-2582943249",
  "format": "[Gen 9 Champions] VGC 2026 Reg M-A",
  "players": [
    "katsuuzz",
    "boinas"
  ],
  "log": "|j|\u2606katsuuzz\n|j|\u2606boinas\n|t:|1776127128\n|gametype|doubles\n|player|p1|katsuuzz|volo|1000\n|player|p2|boinas|veteran|1000\n|gen|9\n|tier|[Gen 9 Champions] VGC 2026 Reg M-A\n|rated|\n|rule|Species Clause: Limit one of each Pok\u00e9mon\n|rule|Item Clause: Limit 1 of each item\n|clearpoke\n|poke|p1|Delphox, L50, F|\n|poke|p1|Sableye, L50, M|\n|poke|p1|Corviknight, L50, M|\n|poke|p1|Garchomp, L50, M|\n|poke|p1|Sneasler, L50, F|\n|poke|p1|Rotom-Wash, L50|\n|poke|p2|Whimsicott, L50, F|\n|poke|p2|Beedrill, L50, M|\n|poke|p2|Rotom-Wash, L50|\n|poke|p2|Politoed, L50, M|\n|poke|p2|Altaria, L50, F|\n|poke|p2|Incineroar, L50, M|\n|teampreview|4\n|\n|t:|1776127199\n|teamsize|p1|4\n|teamsize|p2|4\n|start\n|switch|p1a: Eyeye|Sableye, L50, M|100/100\n|switch|p1b: Rotie|Rotom-Wash, L50|100/100\n|switch|p2a: Whimsicott|Whimsicott, L50, F|100/100\n|switch|p2b: Incineroar|Incineroar, L50, M|100/100\n|-ability|p2b: Incineroar|Intimidate|boost\n|-unboost|p1a: Eyeye|atk|1\n|-unboost|p1b: Rotie|atk|1\n|turn|1\n|\n|t:|1776127227\n|move|p1a: Eyeye|Protect|p1a: Eyeye\n|-singleturn|p1a: Eyeye|Protect\n|move|p2b: Incineroar|Fake Out|p1b: Rotie\n|-damage|p1b: Rotie|80/100\n|move|p2a: Whimsicott|Taunt|p1a: Eyeye\n|-activate|p1a: Eyeye|move: Protect\n|cant|p1b: Rotie|flinch\n|\n|upkeep\n|turn|2\n|\n|t:|1776127250\n|move|p2a: Whimsicott|Tailwind|p2a: Whimsicott\n|-sidestart|p2: boinas|move: Tailwind\n|move|p1a: Eyeye|Encore|p2b: Incineroar\n|-hint|Since gen 7, Dark is immune to Prankster moves.\n|-immune|p2b: Incineroar\n|move|p1b: Rotie|Hydro Pump|p2b: Incineroar\n|-supereffective|p2b: Incineroar|1\n|-damage|p2b: Incineroar|0 fnt\n|faint|p2b: Incineroar\n|\n|upkeep\n|\n|t:|1776127265\n|switch|p2b: Beedrill|Beedrill, L50, M|100/100\n|turn|3\n|\n|t:|1776127281\n|detailschange|p2b: Beedrill|Beedrill-Mega, L50, M\n|-mega|p2b: Beedrill|Beedrill|Beedrillite\n|move|p1a: Eyeye|Protect|p1a: Eyeye\n|-singleturn|p1a: Eyeye|Protect\n|move|p2b: Beedrill|Lunge|p1a: Eyeye\n|-activate|p1a: Eyeye|move: Protect\n|move|p2a: Whimsicott|Dazzling Gleam|p1b: Rotie|[spread] p1b\n|-activate|p1a: Eyeye|move: Protect\n|-damage|p1b: Rotie|56/100\n|move|p1b: Rotie|Hydro Pump|p2b: Beedrill\n|-damage|p2b: Beedrill|17/100\n|\n|upkeep\n|turn|4\n|\n|t:|1776127306\n|move|p1a: Eyeye|Disable|p2b: Beedrill\n|-start|p2b: Beedrill|Disable|Lunge\n|move|p2b: Beedrill|Poison Jab|p1b: Rotie\n|-damage|p1b: Rotie|0 fnt\n|faint|p1b: Rotie\n|move|p2a: Whimsicott|Dazzling Gleam|p1a: Eyeye\n|-supereffective|p1a: Eyeye|1\n|-damage|p1a: Eyeye|50/100\n|\n|upkeep\n|\n|t:|1776127316\n|switch|p1b: Delphyy|Delphox, L50, F, shiny|100/100\n|turn|5\n|\n|t:|1776127328\n|detailschange|p1b: Delphyy|Delphox-Mega, L50, F, shiny\n|-mega|p1b: Delphyy|Delphox|Delphoxite\n|move|p1a: Eyeye|Protect|p1a: Eyeye\n|-singleturn|p1a: Eyeye|Protect\n|move|p2b: Beedrill|Drill Run|p1b: Delphyy\n|-immune|p1b: Delphyy|[from] ability: Levitate\n|move|p2a: Whimsicott|Dazzling Gleam|p1b: Delphyy|[spread] p1b\n|-activate|p1a: Eyeye|move: Protect\n|-resisted|p1b: Delphyy|1\n|-damage|p1b: Delphyy|92/100\n|move|p1b: Delphyy|Heat Wave|p2a: Whimsicott|[spread] p2a,p2b\n|-supereffective|p2a: Whimsicott|1\n|-supereffective|p2b: Beedrill|1\n|-crit|p2b: Beedrill\n|-enditem|p2a: Whimsicott|Focus Sash\n|-damage|p2a: Whimsicott|1/100\n|-damage|p2b: Beedrill|0 fnt\n|faint|p2b: Beedrill\n|\n|-sideend|p2: boinas|move: Tailwind\n|upkeep\n|\n|t:|1776127344\n|switch|p2b: Rotom|Rotom-Wash, L50|100/100\n|turn|6\n|\n|t:|1776127377\n|move|p2a: Whimsicott|Tailwind|p2a: Whimsicott\n|-sidestart|p2: boinas|move: Tailwind\n|move|p1a: Eyeye|Sunny Day|p1a: Eyeye\n|-weather|SunnyDay\n|move|p2b: Rotom|Thunder Wave|p1b: Delphyy\n|-status|p1b: Delphyy|par\n|move|p1b: Delphyy|Psychic|p2b: Rotom\n|-damage|p2b: Rotom|25/100\n|\n|-weather|SunnyDay|[upkeep]\n|upkeep\n|turn|7\n|\n|t:|1776127392\n|move|p1a: Eyeye|Encore|p2a: Whimsicott\n|-start|p2a: Whimsicott|Encore\n|move|p2a: Whimsicott|Tailwind||[still]\n|-fail|p2a: Whimsicott\n|move|p2b: Rotom|Hydro Pump|p1b: Delphyy|[miss]\n|-miss|p2b: Rotom|p1b: Delphyy\n|move|p1b: Delphyy|Heat Wave|p2a: Whimsicott|[spread] p2a\n|-miss|p1b: Delphyy|p2b: Rotom\n|-supereffective|p2a: Whimsicott|1\n|-damage|p2a: Whimsicott|0 fnt\n|faint|p2a: Whimsicott\n|\n|-weather|SunnyDay|[upkeep]\n|upkeep\n|turn|8\n|\n|t:|1776127404\n|move|p1a: Eyeye|Disable|p2b: Rotom\n|-start|p2b: Rotom|Disable|Hydro Pump\n|-enditem|p2b: Rotom|Mental Herb\n|-end|p2b: Rotom|Disable\n|move|p2b: Rotom|Hydro Pump|p1b: Delphyy\n|-supereffective|p1b: Delphyy|1\n|-damage|p1b: Delphyy|45/100 par\n|move|p1b: Delphyy|Psychic|p2b: Rotom\n|-damage|p2b: Rotom|0 fnt\n|faint|p2b: Rotom\n|\n|win|katsuuzz\n|raw|katsuuzz's rating: 1000 &rarr; <strong>1040</strong><br />(+40 for winning)\n|raw|boinas's rating: 1000 &rarr; <strong>1000</strong><br />(+0 for losing)\n",
  "uploadtime": 1776127415,
  "views": 12,
  "formatid": "gen9championsvgc2026regma",
  "rating": 1000,
  "private": 0,
  "password": null
}