{
  "id": "gen9championsvgc2026regma-2586770099",
  "format": "[Gen 9 Champions] VGC 2026 Reg M-A",
  "players": [
    "Pohmatee",
    "Purplepubes37"
  ],
  "log": "|j|\u2606Pohmatee\n|j|\u2606Purplepubes37\n|t:|1776458519\n|gametype|doubles\n|player|p1|Pohmatee|waiter|1143\n|player|p2|Purplepubes37|youngster-gen4dp|1181\n|gen|9\n|tier|[Gen 9 Champions] VGC 2026 Reg M-A\n|rated|\n|rule|Species Clause: Limit one of each Pok\u00e9mon\n|rule|Item Clause: Limit 1 of each item\n|clearpoke\n|poke|p1|Orthworm, L50, F|\n|poke|p1|Basculegion, L50, M|\n|poke|p1|Froslass, L50, F|\n|poke|p1|Incineroar, L50, M|\n|poke|p1|Garchomp, L50, F|\n|poke|p1|Rotom-Frost, L50|\n|poke|p2|Aerodactyl, L50, F|\n|poke|p2|Arcanine-Hisui, L50, M|\n|poke|p2|Charizard, L50, F|\n|poke|p2|Sneasler, L50, M|\n|poke|p2|Slowbro, L50, M|\n|poke|p2|Sylveon, L50, F|\n|teampreview|4\n|inactive|Battle timer is ON: inactive players will automatically lose when time's up. (requested by Purplepubes37)\n|\n|t:|1776458535\n|teamsize|p1|4\n|teamsize|p2|4\n|start\n|switch|p1a: Orthworm|Orthworm, L50, F|100/100\n|switch|p1b: Basculegion|Basculegion, L50, M|100/100\n|switch|p2a: Lardizard|Charizard, L50, F|100/100\n|switch|p2b: Foid|Aerodactyl, L50, F, shiny|100/100\n|-ability|p2b: Foid|Pressure\n|turn|1\n|\n|t:|1776458549\n|detailschange|p2a: Lardizard|Charizard-Mega-Y, L50, F\n|-mega|p2a: Lardizard|Charizard|Charizardite Y\n|-weather|SunnyDay|[from] ability: Drought|[of] p2a: Lardizard\n|move|p1b: Basculegion|Wave Crash|p2a: Lardizard\n|-supereffective|p2a: Lardizard|1\n|-damage|p2a: Lardizard|0 fnt\n|faint|p2a: Lardizard\n|-damage|p1b: Basculegion|75/100|[from] Recoil\n|move|p2b: Foid|Tailwind|p2b: Foid\n|-sidestart|p2: Purplepubes37|move: Tailwind\n|move|p1a: Orthworm|Shed Tail|p1a: Orthworm\n|-start|p1a: Orthworm|Substitute|[from] move: Shed Tail\n|-damage|p1a: Orthworm|50/100\n|-enditem|p1a: Orthworm|Sitrus Berry|[eat]\n|-heal|p1a: Orthworm|75/100|[from] item: Sitrus Berry\n|\n|t:|1776458556\n|switch|p1a: Froslass|Froslass, L50, F|100/100|[from] Shed Tail\n|\n|-weather|SunnyDay|[upkeep]\n|upkeep\n|\n|t:|1776458570\n|switch|p2a: Bonda|Sylveon, L50, F|100/100\n|turn|2\n|\n|t:|1776458577\n|detailschange|p1a: Froslass|Froslass-Mega, L50, F\n|-mega|p1a: Froslass|Froslass|Froslassite\n|-weather|Snowscape|[from] ability: Snow Warning|[of] p1a: Froslass\n|move|p2b: Foid|Rock Slide|p1b: Basculegion|[spread] p1a,p1b\n|-supereffective|p1a: Froslass|1\n|-end|p1a: Froslass|Substitute\n|-damage|p1b: Basculegion|44/100\n|move|p1b: Basculegion|Wave Crash|p2a: Bonda\n|-damage|p2a: Bonda|32/100\n|-enditem|p2a: Bonda|Sitrus Berry|[eat]\n|-heal|p2a: Bonda|57/100|[from] item: Sitrus Berry\n|-damage|p1b: Basculegion|21/100|[from] Recoil\n|move|p1a: Froslass|Blizzard|p2b: Foid|[spread] p2a,p2b\n|-supereffective|p2b: Foid|1\n|-damage|p2a: Bonda|27/100\n|-enditem|p2b: Foid|Focus Sash\n|-damage|p2b: Foid|1/100\n|move|p2a: Bonda|Hyper Voice|p1b: Basculegion|[spread] p1a,p1b\n|-damage|p1a: Froslass|60/100\n|-damage|p1b: Basculegion|0 fnt\n|faint|p1b: Basculegion\n|\n|-weather|Snowscape|[upkeep]\n|upkeep\n|\n|t:|1776458594\n|switch|p1b: Rotom|Rotom-Frost, L50|100/100\n|turn|3\n|\n|t:|1776458604\n|move|p1a: Froslass|Protect|p1a: Froslass\n|-singleturn|p1a: Froslass|Protect\n|move|p2b: Foid|Rock Slide|p1b: Rotom|[spread] \n|-activate|p1a: Froslass|move: Protect\n|-miss|p2b: Foid|p1b: Rotom\n|move|p2a: Bonda|Hyper Voice|p1a: Froslass|[spread] p1b\n|-activate|p1a: Froslass|move: Protect\n|-damage|p1b: Rotom|58/100\n|move|p1b: Rotom|Blizzard|p2a: Bonda|[spread] p2a,p2b\n|-supereffective|p2b: Foid|1\n|-damage|p2a: Bonda|0 fnt\n|-damage|p2b: Foid|0 fnt\n|faint|p2a: Bonda\n|faint|p2b: Foid\n|\n|-weather|Snowscape|[upkeep]\n|upkeep\n|\n|t:|1776458620\n|switch|p2a: Bor|Slowbro, L50, M|100/100\n|turn|4\n|\n|t:|1776458631\n|move|p2a: Bor|Protect|p2a: Bor\n|-singleturn|p2a: Bor|Protect\n|move|p1a: Froslass|Shadow Ball|p2a: Bor\n|-activate|p2a: Bor|move: Protect\n|move|p1b: Rotom|Thunder|p2a: Bor\n|-activate|p2a: Bor|move: Protect\n|\n|-weather|Snowscape|[upkeep]\n|-sideend|p2: Purplepubes37|move: Tailwind\n|upkeep\n|turn|5\n|\n|t:|1776458641\n|move|p1a: Froslass|Shadow Ball|p2a: Bor\n|-supereffective|p2a: Bor|1\n|-damage|p2a: Bor|38/100\n|move|p1b: Rotom|Thunder|p2a: Bor\n|-supereffective|p2a: Bor|1\n|-damage|p2a: Bor|0 fnt\n|faint|p2a: Bor\n|\n|win|Pohmatee\n|raw|Pohmatee's rating: 1143 &rarr; <strong>1171</strong><br />(+28 for winning)\n|raw|Purplepubes37's rating: 1181 &rarr; <strong>1153</strong><br />(-28 for losing)\n",
  "uploadtime": 1776458646,
  "views": 28,
  "formatid": "gen9championsvgc2026regma",
  "rating": 1153,
  "private": 0,
  "password": null
}