{
  "id": "gen9championsvgc2026regma-2584090774",
  "format": "[Gen 9 Champions] VGC 2026 Reg M-A",
  "players": [
    "comingfiora55",
    "Sandatthebeach"
  ],
  "log": "|j|\u2606comingfiora55\n|j|\u2606Sandatthebeach\n|t:|1776224141\n|gametype|doubles\n|player|p1|comingfiora55|hilbert-wonderlauncher|1090\n|player|p2|Sandatthebeach|clerk|1065\n|gen|9\n|tier|[Gen 9 Champions] VGC 2026 Reg M-A\n|rated|\n|rule|Species Clause: Limit one of each Pok\u00e9mon\n|rule|Item Clause: Limit 1 of each item\n|clearpoke\n|poke|p1|Gengar, L50, F|\n|poke|p1|Kommo-o, L50, M|\n|poke|p1|Incineroar, L50, M|\n|poke|p1|Sinistcha, L50|\n|poke|p1|Kingambit, L50, F|\n|poke|p1|Tyranitar, L50, F|\n|poke|p2|Espathra, L50, M|\n|poke|p2|Alcremie, L50, F|\n|poke|p2|Farigiraf, L50, M|\n|poke|p2|Glimmora, L50, F|\n|poke|p2|Abomasnow, L50, M|\n|poke|p2|Kingambit, L50, M|\n|teampreview|4\ncomingfiora55 has agreed to open team sheets.\nSandatthebeach rejected open team sheets.\n|\n|t:|1776224215\n|teamsize|p1|4\n|teamsize|p2|4\n|start\n|switch|p1a: Gengar|Gengar, L50, F|100/100\n|switch|p1b: Kommo-o|Kommo-o, L50, M|100/100\n|switch|p2a: Kingambit|Kingambit, L50, M|100/100\n|switch|p2b: Glimmora|Glimmora, L50, F|100/100\n|turn|1\n|inactive|Battle timer is ON: inactive players will automatically lose when time's up. (requested by comingfiora55)\n|inactive|Sandatthebeach has 60 seconds left.\n|\n|t:|1776224254\n|switch|p2a: Farigiraf|Farigiraf, L50, M|100/100\n|detailschange|p1a: Gengar|Gengar-Mega, L50, F\n|-mega|p1a: Gengar|Gengar|Gengarite\n|move|p1a: Gengar|Protect|p1a: Gengar\n|-singleturn|p1a: Gengar|Protect\n|move|p2b: Glimmora|Power Gem|p1a: Gengar\n|-activate|p1a: Gengar|move: Protect\n|move|p1b: Kommo-o|Aura Sphere|p2a: Farigiraf\n|-damage|p2a: Farigiraf|63/100\n|\n|upkeep\n|turn|2\n|inactive|comingfiora55 has 30 seconds left.\n|inactive|comingfiora55 has 20 seconds left.\n|\n|t:|1776224292\n|switch|p1a: Kingambit|Kingambit, L50, F|100/100\n|move|p2b: Glimmora|Power Gem|p1b: Kommo-o\n|-resisted|p1b: Kommo-o|1\n|-damage|p1b: Kommo-o|76/100\n|move|p1b: Kommo-o|Clangorous Soul|p1b: Kommo-o\n|-boost|p1b: Kommo-o|atk|1\n|-boost|p1b: Kommo-o|def|1\n|-boost|p1b: Kommo-o|spa|1\n|-boost|p1b: Kommo-o|spd|1\n|-boost|p1b: Kommo-o|spe|1\n|-damage|p1b: Kommo-o|43/100\n|move|p2a: Farigiraf|Psychic|p1b: Kommo-o\n|-supereffective|p1b: Kommo-o|1\n|-damage|p1b: Kommo-o|0 fnt\n|faint|p1b: Kommo-o\n|\n|upkeep\n|\n|t:|1776224310\n|switch|p1b: Gengar|Gengar-Mega, L50, F|100/100\n|turn|3\n|\n|t:|1776224328\n|move|p2a: Farigiraf|Helping Hand|p2b: Glimmora\n|-singleturn|p2b: Glimmora|Helping Hand|[of] p2a: Farigiraf\n|move|p1b: Gengar|Protect|p1b: Gengar\n|-singleturn|p1b: Gengar|Protect\n|move|p2b: Glimmora|Power Gem|p1b: Gengar\n|-activate|p1b: Gengar|move: Protect\n|move|p1a: Kingambit|Iron Head|p2b: Glimmora\n|-supereffective|p2b: Glimmora|1\n|-damage|p2b: Glimmora|0 fnt\n|-activate|p2b: Glimmora|ability: Toxic Debris\n|-sidestart|p1: comingfiora55|move: Toxic Spikes\n|faint|p2b: Glimmora\n|\n|upkeep\n|\n|t:|1776224339\n|switch|p2b: Kingambit|Kingambit, L50, M|100/100\n|turn|4\n|\n|t:|1776224358\n|switch|p1b: Incineroar|Incineroar, L50, M|100/100\n|-status|p1b: Incineroar|psn\n|-ability|p1b: Incineroar|Intimidate|boost\n|-unboost|p2a: Farigiraf|atk|1\n|-unboost|p2b: Kingambit|atk|1\n|-ability|p2b: Kingambit|Defiant|boost\n|-boost|p2b: Kingambit|atk|2\n|move|p2b: Kingambit|Low Kick|p1a: Kingambit\n|-supereffective|p1a: Kingambit|2\n|-enditem|p1a: Kingambit|Chople Berry|[eat]\n|-enditem|p1a: Kingambit|Chople Berry|[weaken]\n|-damage|p1a: Kingambit|19/100\n|move|p1a: Kingambit|Low Kick|p2b: Kingambit\n|-supereffective|p2b: Kingambit|2\n|-damage|p2b: Kingambit|0 fnt\n|faint|p2b: Kingambit\n|move|p2a: Farigiraf|Psychic|p1b: Incineroar\n|-immune|p1b: Incineroar\n|\n|-damage|p1b: Incineroar|88/100 psn|[from] psn\n|upkeep\n|\n|t:|1776224371\n|switch|p2b: Abomasnow|Abomasnow, L50, M|100/100\n|-weather|Snowscape|[from] ability: Snow Warning|[of] p2b: Abomasnow\n|turn|5\n|inactive|Sandatthebeach has 30 seconds left.\n|\n|t:|1776224404\n|detailschange|p2b: Abomasnow|Abomasnow-Mega, L50, M\n|-mega|p2b: Abomasnow|Abomasnow|Abomasite\n|move|p1a: Kingambit|Protect|p1a: Kingambit\n|-singleturn|p1a: Kingambit|Protect\n|move|p2b: Abomasnow|Protect|p2b: Abomasnow\n|-singleturn|p2b: Abomasnow|Protect\n|move|p1b: Incineroar|Throat Chop|p2a: Farigiraf\n|-supereffective|p2a: Farigiraf|1\n|-damage|p2a: Farigiraf|15/100\n|-start|p2a: Farigiraf|Throat Chop|[silent]\n|-enditem|p2a: Farigiraf|Sitrus Berry|[eat]\n|-heal|p2a: Farigiraf|39/100|[from] item: Sitrus Berry\n|move|p2a: Farigiraf|Trick Room|p2a: Farigiraf\n|-fieldstart|move: Trick Room|[of] p2a: Farigiraf\n|\n|-weather|Snowscape|[upkeep]\n|-damage|p1b: Incineroar|76/100 psn|[from] psn\n|upkeep\n|turn|6\n|inactive|comingfiora55 has 30 seconds left.\n|inactive|comingfiora55 has 20 seconds left.\n|inactive|comingfiora55 has 15 seconds left.\n|inactive|comingfiora55 has 10 seconds left.\n|\n|t:|1776224453\n|switch|p1a: Gengar|Gengar-Mega, L50, F|100/100\n|-sideend|p1: comingfiora55|move: Toxic Spikes|[of] p1a: Gengar\n|move|p2a: Farigiraf|Helping Hand|p2b: Abomasnow\n|-singleturn|p2b: Abomasnow|Helping Hand|[of] p2a: Farigiraf\n|move|p2b: Abomasnow|Blizzard|p1a: Gengar|[spread] p1a,p1b\n|-resisted|p1b: Incineroar|1\n|-damage|p1a: Gengar|33/100\n|-damage|p1b: Incineroar|54/100 psn\n|-status|p1a: Gengar|frz\n|move|p1b: Incineroar|Parting Shot|p2a: Farigiraf\n|-unboost|p2a: Farigiraf|atk|1\n|-unboost|p2a: Farigiraf|spa|1\n|\n|t:|1776224464\n|switch|p1b: Kingambit|Kingambit, L50, F|19/100|[from] Parting Shot\n|\n|-weather|Snowscape|[upkeep]\n|-end|p2a: Farigiraf|Throat Chop|[silent]\n|upkeep\n|turn|7\n|\n|t:|1776224480\n|move|p2a: Farigiraf|Helping Hand|p2b: Abomasnow\n|-singleturn|p2b: Abomasnow|Helping Hand|[of] p2a: Farigiraf\n|move|p1b: Kingambit|Protect|p1b: Kingambit\n|-singleturn|p1b: Kingambit|Protect\n|cant|p1a: Gengar|frz\n|move|p2b: Abomasnow|Blizzard|p1b: Kingambit|[spread] p1a\n|-activate|p1b: Kingambit|move: Protect\n|-damage|p1a: Gengar|0 fnt\n|faint|p1a: Gengar\n|\n|-weather|Snowscape|[upkeep]\n|upkeep\n|\n|t:|1776224491\n|switch|p1a: Incineroar|Incineroar, L50, M|54/100 psn\n|-ability|p1a: Incineroar|Intimidate|boost\n|-unboost|p2a: Farigiraf|atk|1\n|-unboost|p2b: Abomasnow|atk|1\n|turn|8\n|\n|t:|1776224512\n|move|p1b: Kingambit|Protect||[still]\n|-fail|p1b: Kingambit\n|move|p2b: Abomasnow|Blizzard|p1b: Kingambit|[spread] p1a,p1b\n|-resisted|p1a: Incineroar|1\n|-resisted|p1b: Kingambit|1\n|-damage|p1a: Incineroar|39/100 psn\n|-damage|p1b: Kingambit|0 fnt\n|faint|p1b: Kingambit\n|move|p2a: Farigiraf|Hyper Voice|p1a: Incineroar\n|-damage|p1a: Incineroar|22/100 psn\n|move|p1a: Incineroar|Throat Chop|p2a: Farigiraf\n|-supereffective|p2a: Farigiraf|1\n|-damage|p2a: Farigiraf|0 fnt\n|faint|p2a: Farigiraf\n|\n|-weather|Snowscape|[upkeep]\n|-damage|p1a: Incineroar|10/100 psn|[from] psn\n|upkeep\n|turn|9\n|-message|comingfiora55 forfeited.\n|\n|win|Sandatthebeach\n|raw|comingfiora55's rating: 1090 &rarr; <strong>1065</strong><br />(-25 for losing)\n|raw|Sandatthebeach's rating: 1065 &rarr; <strong>1097</strong><br />(+32 for winning)\n|l|\u2606comingfiora55\n|player|p1|\n",
  "uploadtime": 1776224536,
  "views": 18,
  "formatid": "gen9championsvgc2026regma",
  "rating": 1065,
  "private": 0,
  "password": null
}