{
  "id": "gen9championsvgc2026regma-2582772834",
  "format": "[Gen 9 Champions] VGC 2026 Reg M-A",
  "players": [
    "Zapdos413",
    "heyyitsoracle"
  ],
  "log": "|j|\u2606Zapdos413\n|j|\u2606heyyitsoracle\n|t:|1776113067\n|gametype|doubles\n|player|p1|Zapdos413|169|1052\n|player|p2|heyyitsoracle|iono-masters2|1000\n|gen|9\n|tier|[Gen 9 Champions] VGC 2026 Reg M-A\n|rated|\n|rule|Species Clause: Limit one of each Pok\u00e9mon\n|rule|Item Clause: Limit 1 of each item\n|clearpoke\n|poke|p1|Dragapult, L50, M|\n|poke|p1|Glimmora, L50, F|\n|poke|p1|Incineroar, L50, M|\n|poke|p1|Aggron, L50, M|\n|poke|p1|Pelipper, L50, F|\n|poke|p1|Whimsicott, L50, F|\n|poke|p2|Golurk, L50|\n|poke|p2|Starmie, L50|\n|poke|p2|Alcremie, L50, F|\n|poke|p2|Samurott-Hisui, L50, M|\n|poke|p2|Meowstic, L50, M|\n|poke|p2|Aegislash, L50, M|\n|teampreview|4\n|\n|t:|1776113095\n|teamsize|p1|4\n|teamsize|p2|4\n|start\n|switch|p1a: Glimmora|Glimmora, L50, F|100/100\n|switch|p1b: Aggron|Aggron, L50, M|100/100\n|switch|p2a: Aegislash|Aegislash, L50, M, shiny|100/100\n|switch|p2b: Meowstic|Meowstic, L50, M, shiny|100/100\n|turn|1\n|inactive|Battle timer is ON: inactive players will automatically lose when time's up. (requested by Zapdos413)\n|\n|t:|1776113120\n|detailschange|p1b: Aggron|Aggron-Mega, L50, M\n|-mega|p1b: Aggron|Aggron|Aggronite\n|move|p2b: Meowstic|Fake Out|p1b: Aggron\n|-resisted|p1b: Aggron|1\n|-damage|p1b: Aggron|99/100\n|move|p1a: Glimmora|Mortal Spin|p2a: Aegislash|[spread] p2b\n|-immune|p2a: Aegislash\n|-damage|p2b: Meowstic|95/100\n|-status|p2b: Meowstic|psn\n|-formechange|p2a: Aegislash|Aegislash-Blade|\n|move|p2a: Aegislash|Iron Head|p1a: Glimmora\n|-supereffective|p1a: Glimmora|1\n|-damage|p1a: Glimmora|0 fnt\n|-activate|p1a: Glimmora|ability: Toxic Debris\n|-sidestart|p2: heyyitsoracle|move: Toxic Spikes\n|faint|p1a: Glimmora\n|cant|p1b: Aggron|flinch\n|\n|-damage|p2b: Meowstic|83/100 psn|[from] psn\n|upkeep\n|\n|t:|1776113138\n|switch|p1a: Incineroar|Incineroar, L50, M|100/100\n|-ability|p1a: Incineroar|Intimidate|boost\n|-unboost|p2a: Aegislash|atk|1\n|-unboost|p2b: Meowstic|atk|1\n|turn|2\n|\n|t:|1776113148\n|-formechange|p2a: Aegislash|Aegislash|\n|move|p2a: Aegislash|King's Shield|p2a: Aegislash\n|-singleturn|p2a: Aegislash|Protect\n|move|p1a: Incineroar|Snarl|p2a: Aegislash|[spread] p2b\n|-activate|p2a: Aegislash|move: Protect\n|-supereffective|p2b: Meowstic|1\n|-damage|p2b: Meowstic|64/100 psn\n|-unboost|p2b: Meowstic|spa|1\n|move|p1b: Aggron|Substitute|p1b: Aggron\n|-start|p1b: Aggron|Substitute\n|-damage|p1b: Aggron|75/100\n|move|p2b: Meowstic|Trick Room|p2b: Meowstic\n|-fieldstart|move: Trick Room|[of] p2b: Meowstic\n|\n|-damage|p2b: Meowstic|51/100 psn|[from] psn\n|upkeep\n|turn|3\n|\n|t:|1776113173\n|move|p2b: Meowstic|Thunder Wave|p1a: Incineroar\n|-hint|Since gen 7, Dark is immune to Prankster moves.\n|-immune|p1a: Incineroar\n|move|p1b: Aggron|Iron Defense|p1b: Aggron\n|-boost|p1b: Aggron|def|2\n|-formechange|p2a: Aegislash|Aegislash-Blade|\n|move|p2a: Aegislash|Shadow Claw|p1b: Aggron\n|-activate|p1b: Aggron|move: Substitute|[damage]\n|move|p1a: Incineroar|Will-O-Wisp|p2a: Aegislash|[miss]\n|-miss|p1a: Incineroar|p2a: Aegislash\n|\n|-damage|p2b: Meowstic|39/100 psn|[from] psn\n|upkeep\n|turn|4\n|\n|t:|1776113193\n|switch|p2b: Alcremie|Alcremie, L50, F, shiny|100/100\n|-status|p2b: Alcremie|psn\n|move|p1b: Aggron|Body Press|p2b: Alcremie\n|-resisted|p2b: Alcremie|1\n|-crit|p2b: Alcremie\n|-damage|p2b: Alcremie|14/100 psn\n|move|p2a: Aegislash|Swords Dance|p2a: Aegislash\n|-boost|p2a: Aegislash|atk|2\n|move|p1a: Incineroar|Will-O-Wisp|p2a: Aegislash|[miss]\n|-miss|p1a: Incineroar|p2a: Aegislash\n|\n|-damage|p2b: Alcremie|1/100 psn|[from] psn\n|upkeep\n|turn|5\n|\n|t:|1776113210\n|-formechange|p2a: Aegislash|Aegislash|\n|move|p2a: Aegislash|King's Shield|p2a: Aegislash\n|-singleturn|p2a: Aegislash|Protect\n|move|p1b: Aggron|Iron Defense|p1b: Aggron\n|-boost|p1b: Aggron|def|2\n|move|p1a: Incineroar|Snarl|p2b: Alcremie|[spread] p2b\n|-activate|p2a: Aegislash|move: Protect\n|-resisted|p2b: Alcremie|1\n|-damage|p2b: Alcremie|0 fnt\n|faint|p2b: Alcremie\n|\n|upkeep\n|\n|t:|1776113220\n|switch|p2b: Golurk|Golurk, L50, shiny|100/100\n|-status|p2b: Golurk|psn\n|turn|6\n|inactive|heyyitsoracle has 30 seconds left.\n|\n|t:|1776113252\n|detailschange|p2b: Golurk|Golurk-Mega, L50, shiny\n|-mega|p2b: Golurk|Golurk|Golurkite\n|move|p2b: Golurk|Drain Punch|p1a: Incineroar\n|-supereffective|p1a: Incineroar|1\n|-damage|p1a: Incineroar|39/100\n|-enditem|p1a: Incineroar|Sitrus Berry|[eat]\n|-heal|p1a: Incineroar|64/100|[from] item: Sitrus Berry\n|move|p1b: Aggron|Brutal Swing|p2a: Aegislash|[spread] p1a,p2a,p2b\n|-resisted|p1a: Incineroar|1\n|-supereffective|p2a: Aegislash|1\n|-supereffective|p2b: Golurk|1\n|-damage|p1a: Incineroar|57/100\n|-damage|p2a: Aegislash|75/100\n|-damage|p2b: Golurk|74/100 psn\n|move|p2a: Aegislash|Swords Dance|p2a: Aegislash\n|-boost|p2a: Aegislash|atk|2\n|move|p1a: Incineroar|Will-O-Wisp|p2a: Aegislash\n|-status|p2a: Aegislash|brn\n|\n|-heal|p2a: Aegislash|81/100 brn|[from] item: Leftovers\n|-damage|p2b: Golurk|61/100 psn|[from] psn\n|-damage|p2a: Aegislash|75/100 brn|[from] brn\n|-fieldend|move: Trick Room\n|upkeep\n|turn|7\n|inactive|heyyitsoracle has 30 seconds left.\n|\n|t:|1776113277\n|move|p2a: Aegislash|King's Shield|p2a: Aegislash\n|-singleturn|p2a: Aegislash|Protect\n|move|p1a: Incineroar|Snarl|p2b: Golurk|[spread] p2b\n|-activate|p2a: Aegislash|move: Protect\n|-supereffective|p2b: Golurk|1\n|-damage|p2b: Golurk|40/100 psn\n|-unboost|p2b: Golurk|spa|1\n|move|p1b: Aggron|Brutal Swing|p2b: Golurk|[spread] p1a,p2b\n|-activate|p2a: Aegislash|move: Protect\n|-unboost|p1b: Aggron|atk|1\n|-resisted|p1a: Incineroar|1\n|-supereffective|p2b: Golurk|1\n|-damage|p1a: Incineroar|52/100\n|-damage|p2b: Golurk|22/100 psn\n|move|p2b: Golurk|Psych Up|p2a: Aegislash\n|-copyboost|p2b: Golurk|p2a: Aegislash|[from] move: Psych Up\n|\n|-heal|p2a: Aegislash|81/100 brn|[from] item: Leftovers\n|-damage|p2b: Golurk|10/100 psn|[from] psn\n|-damage|p2a: Aegislash|75/100 brn|[from] brn\n|upkeep\n|turn|8\n|inactive|heyyitsoracle has 30 seconds left.\n|\n|t:|1776113310\n|move|p1a: Incineroar|Flare Blitz|p2b: Golurk\n|-damage|p2b: Golurk|0 fnt\n|faint|p2b: Golurk\n|-damage|p1a: Incineroar|50/100|[from] Recoil\n|-formechange|p2a: Aegislash|Aegislash-Blade|\n|move|p2a: Aegislash|Iron Head|p1b: Aggron\n|-resisted|p1b: Aggron|1\n|-activate|p1b: Aggron|move: Substitute|[damage]\n|move|p1b: Aggron|Brutal Swing|p2a: Aegislash|[spread] p1a,p2a\n|-resisted|p1a: Incineroar|1\n|-supereffective|p2a: Aegislash|1\n|-damage|p1a: Incineroar|46/100\n|-damage|p2a: Aegislash|40/100 brn\n|\n|-heal|p2a: Aegislash|46/100 brn|[from] item: Leftovers\n|-damage|p2a: Aegislash|40/100 brn|[from] brn\n|upkeep\n|\n|t:|1776113325\n|switch|p2b: Meowstic|Meowstic, L50, M, shiny|39/100 psn\n|turn|9\n|inactive|heyyitsoracle has 30 seconds left.\n|\n|t:|1776113351\n|move|p2b: Meowstic|Fake Out|p1a: Incineroar\n|-damage|p1a: Incineroar|41/100\n|cant|p1a: Incineroar|flinch\n|move|p2a: Aegislash|Shadow Claw|p1b: Aggron\n|-activate|p1b: Aggron|move: Substitute|[damage]\n|move|p1b: Aggron|Brutal Swing|p2b: Meowstic|[spread] p1a,p2a,p2b\n|-resisted|p1a: Incineroar|1\n|-supereffective|p2a: Aegislash|1\n|-supereffective|p2b: Meowstic|1\n|-damage|p1a: Incineroar|36/100\n|-damage|p2a: Aegislash|4/100 brn\n|-damage|p2b: Meowstic|21/100 psn\n|\n|-heal|p2a: Aegislash|10/100 brn|[from] item: Leftovers\n|-damage|p2b: Meowstic|9/100 psn|[from] psn\n|-damage|p2a: Aegislash|4/100 brn|[from] brn\n|upkeep\n|turn|10\n|-message|heyyitsoracle forfeited.\n|\n|win|Zapdos413\n|raw|Zapdos413's rating: 1052 &rarr; <strong>1079</strong><br />(+27 for winning)\n|raw|heyyitsoracle's rating: 1000 &rarr; <strong>1000</strong><br />(+0 for losing)\n|l|\u2606heyyitsoracle\n|player|p2|\n",
  "uploadtime": 1776113372,
  "views": 28,
  "formatid": "gen9championsvgc2026regma",
  "rating": 1000,
  "private": 0,
  "password": null
}