{
  "id": "gen9championsvgc2026regma-2587888585",
  "format": "[Gen 9 Champions] VGC 2026 Reg M-A",
  "players": [
    "masgin",
    "xFelc"
  ],
  "log": "|j|\u2606masgin\n|j|\u2606xFelc\n|t:|1776574971\n|gametype|doubles\n|player|p1|masgin|102|1154\n|player|p2|xFelc|volkner|1187\n|gen|9\n|tier|[Gen 9 Champions] VGC 2026 Reg M-A\n|rated|\n|rule|Species Clause: Limit one of each Pok\u00e9mon\n|rule|Item Clause: Limit 1 of each item\n|clearpoke\n|poke|p1|Greninja, L50, F|\n|poke|p1|Toxicroak, L50, M|\n|poke|p1|Corviknight, L50, F|\n|poke|p1|Ninetales-Alola, L50, F|\n|poke|p1|Sinistcha-Masterpiece, L50|\n|poke|p1|Farigiraf, L50, F|\n|poke|p2|Meganium, L50, F, shiny|\n|poke|p2|Archaludon, L50, F, shiny|\n|poke|p2|Aerodactyl, L50, M, shiny|\n|poke|p2|Typhlosion-Hisui, L50, F|\n|poke|p2|Tauros-Paldea-Aqua, L50, M, shiny|\n|poke|p2|Kangaskhan, L50, F|\n|teampreview|4\n|\n|t:|1776574998\n|teamsize|p1|4\n|teamsize|p2|4\n|start\n|switch|p1a: Farigiraf|Farigiraf, L50, F|100/100\n|switch|p1b: Greninja|Greninja, L50, F|100/100\n|switch|p2a: Meganium|Meganium, L50, F, shiny|100/100\n|switch|p2b: Aerodactyl|Aerodactyl, L50, M, shiny|100/100\n|-ability|p2b: Aerodactyl|Unnerve\n|turn|1\n|\n|t:|1776575007\n|switch|p1a: Corviknight|Corviknight, L50, F|100/100\n|detailschange|p1b: Greninja|Greninja-Mega, L50, F\n|-mega|p1b: Greninja|Greninja|Greninjite\n|detailschange|p2a: Meganium|Meganium-Mega, L50, F, shiny\n|-mega|p2a: Meganium|Meganium|Meganiumite\n|move|p2a: Meganium|Protect|p2a: Meganium\n|-singleturn|p2a: Meganium|Protect\n|move|p2b: Aerodactyl|Tailwind|p2b: Aerodactyl\n|-sidestart|p2: xFelc|move: Tailwind\n|move|p1b: Greninja|Sludge Wave|p2a: Meganium|[spread] p2b\n|-start|p1b: Greninja|typechange|Poison|[from] ability: Protean\n|-activate|p2a: Meganium|move: Protect\n|-immune|p1a: Corviknight\n|-resisted|p2b: Aerodactyl|1\n|-damage|p2b: Aerodactyl|72/100\n|\n|upkeep\n|turn|2\n|\n|t:|1776575041\n|move|p1b: Greninja|Protect|p1b: Greninja\n|-singleturn|p1b: Greninja|Protect\n|move|p2b: Aerodactyl|Rock Slide|p1b: Greninja|[spread] p1a\n|-activate|p1b: Greninja|move: Protect\n|-damage|p1a: Corviknight|80/100\n|move|p2a: Meganium|Weather Ball|p1b: Greninja\n|-activate|p1b: Greninja|move: Protect\n|move|p1a: Corviknight|Tailwind|p1a: Corviknight\n|-sidestart|p1: masgin|move: Tailwind\n|\n|-heal|p1a: Corviknight|85/100|[from] item: Leftovers\n|upkeep\n|turn|3\n|\n|t:|1776575063\n|move|p2a: Meganium|Protect|p2a: Meganium\n|-singleturn|p2a: Meganium|Protect\n|move|p2b: Aerodactyl|Dual Wingbeat|p1b: Greninja\n|-damage|p1b: Greninja|72/100\n|-damage|p1b: Greninja|43/100\n|-hitcount|p1b: Greninja|2\n|move|p1b: Greninja|Sludge Wave|p2a: Meganium|[spread] p2b\n|-activate|p2a: Meganium|move: Protect\n|-immune|p1a: Corviknight\n|-resisted|p2b: Aerodactyl|1\n|-damage|p2b: Aerodactyl|40/100\n|move|p1a: Corviknight|Iron Defense|p1a: Corviknight\n|-boost|p1a: Corviknight|def|2\n|\n|-heal|p1a: Corviknight|91/100|[from] item: Leftovers\n|upkeep\n|turn|4\n|\n|t:|1776575088\n|move|p1b: Greninja|Protect|p1b: Greninja\n|-singleturn|p1b: Greninja|Protect\n|move|p2b: Aerodactyl|Rock Slide|p1b: Greninja|[spread] p1a\n|-activate|p1b: Greninja|move: Protect\n|-damage|p1a: Corviknight|81/100\n|move|p2a: Meganium|Weather Ball|p1a: Corviknight\n|-supereffective|p1a: Corviknight|1\n|-damage|p1a: Corviknight|0 fnt\n|faint|p1a: Corviknight\n|\n|-sideend|p2: xFelc|move: Tailwind\n|upkeep\n|\n|t:|1776575104\n|switch|p1a: Toxicroak|Toxicroak, L50, M|100/100\n|turn|5\n|\n|t:|1776575119\n|move|p2b: Aerodactyl|Protect|p2b: Aerodactyl\n|-singleturn|p2b: Aerodactyl|Protect\n|move|p2a: Meganium|Protect|p2a: Meganium\n|-singleturn|p2a: Meganium|Protect\n|move|p1a: Toxicroak|Feint|p2a: Meganium\n|-activate|p2a: Meganium|move: Feint\n|-damage|p2a: Meganium|93/100\n|move|p1b: Greninja|Sludge Wave|p2b: Aerodactyl|[spread] p1a,p2a\n|-activate|p2b: Aerodactyl|move: Protect\n|-resisted|p1a: Toxicroak|1\n|-supereffective|p2a: Meganium|2\n|-damage|p1a: Toxicroak|78/100\n|-damage|p2a: Meganium|0 fnt\n|faint|p2a: Meganium\n|\n|-sideend|p1: masgin|move: Tailwind\n|upkeep\n|\n|t:|1776575139\n|switch|p2a: Tauros|Tauros-Paldea-Aqua, L50, M, shiny|100/100\n|-ability|p2a: Tauros|Intimidate|boost\n|-unboost|p1a: Toxicroak|atk|1\n|-unboost|p1b: Greninja|atk|1\n|turn|6\n|\n|t:|1776575165\n|switch|p1b: Farigiraf|Farigiraf, L50, F|100/100\n|move|p2b: Aerodactyl|Tailwind|p2b: Aerodactyl\n|-sidestart|p2: xFelc|move: Tailwind\n|move|p2a: Tauros|Wave Crash|p1a: Toxicroak\n|-heal|p1a: Toxicroak|100/100|[from] ability: Dry Skin|[of] p2a: Tauros\n|move|p1a: Toxicroak|Drain Punch|p2b: Aerodactyl\n|-damage|p2b: Aerodactyl|9/100\n|\n|upkeep\n|turn|7\n|\n|t:|1776575185\n|move|p2b: Aerodactyl|Protect|p2b: Aerodactyl\n|-singleturn|p2b: Aerodactyl|Protect\n|move|p2a: Tauros|Protect|p2a: Tauros\n|-singleturn|p2a: Tauros|Protect\n|move|p1a: Toxicroak|Drain Punch|p2b: Aerodactyl\n|-activate|p2b: Aerodactyl|move: Protect\n|move|p1b: Farigiraf|Twin Beam|p2a: Tauros\n|-activate|p2a: Tauros|move: Protect\n|\n|upkeep\n|turn|8\n|\n|t:|1776575198\n|move|p2b: Aerodactyl|Dual Wingbeat|p1a: Toxicroak\n|-supereffective|p1a: Toxicroak|1\n|-damage|p1a: Toxicroak|63/100\n|-supereffective|p1a: Toxicroak|1\n|-damage|p1a: Toxicroak|24/100\n|-hitcount|p1a: Toxicroak|2\n|move|p2a: Tauros|Wave Crash|p1b: Farigiraf\n|-damage|p1b: Farigiraf|54/100\n|-damage|p2a: Tauros|77/100|[from] Recoil\n|move|p1a: Toxicroak|Drain Punch|p2b: Aerodactyl\n|-damage|p2b: Aerodactyl|0 fnt\n|-heal|p1a: Toxicroak|27/100|[from] drain|[of] p2b: Aerodactyl\n|faint|p2b: Aerodactyl\n|move|p1b: Farigiraf|Twin Beam|p2a: Tauros\n|-supereffective|p2a: Tauros|1\n|-damage|p2a: Tauros|22/100\n|-supereffective|p2a: Tauros|1\n|-damage|p2a: Tauros|0 fnt\n|faint|p2a: Tauros\n|-hitcount|p2: Tauros|2\n|\n|upkeep\n|\n|t:|1776575203\n|switch|p2b: Typhlosion|Typhlosion-Hisui, L50, F|100/100\n|-item|p1a: Toxicroak|Focus Sash|[from] ability: Frisk|[of] p2b: Typhlosion\n|-item|p1b: Farigiraf|Colbur Berry|[from] ability: Frisk|[of] p2b: Typhlosion\n|turn|9\n|\n|t:|1776575227\n|move|p1a: Toxicroak|Protect|p1a: Toxicroak\n|-singleturn|p1a: Toxicroak|Protect\n|move|p2b: Typhlosion|Heat Wave|p1a: Toxicroak|[spread] p1b\n|-activate|p1a: Toxicroak|move: Protect\n|-damage|p1b: Farigiraf|14/100\n|move|p1b: Farigiraf|Twin Beam|p2b: Typhlosion\n|-damage|p2b: Typhlosion|74/100\n|-damage|p2b: Typhlosion|50/100\n|-hitcount|p2b: Typhlosion|2\n|\n|-sideend|p2: xFelc|move: Tailwind\n|upkeep\n|turn|10\n|\n|t:|1776575249\n|move|p1a: Toxicroak|Feint|p2b: Typhlosion\n|-immune|p2b: Typhlosion\n|move|p2b: Typhlosion|Heat Wave|p1b: Farigiraf|[spread] p1a,p1b\n|-damage|p1a: Toxicroak|0 fnt\n|-damage|p1b: Farigiraf|0 fnt\n|faint|p1a: Toxicroak\n|faint|p1b: Farigiraf\n|\n|upkeep\n|c|\u2606xFelc|gg got greedy with double protect\n|l|\u2606xFelc\n|player|p2|\n|\n|t:|1776575255\n|switch|p1b: Greninja|Greninja-Mega, L50, F|43/100\n|turn|11\n|j|\u2606xFelc\n|player|p2|xFelc|volkner|\n|\n|t:|1776575260\n|move|p2b: Typhlosion|Heat Wave|p1b: Greninja\n|-resisted|p1b: Greninja|1\n|-damage|p1b: Greninja|6/100\n|move|p1b: Greninja|Surf|p2b: Typhlosion\n|-start|p1b: Greninja|typechange|Water|[from] ability: Protean\n|-supereffective|p2b: Typhlosion|1\n|-damage|p2b: Typhlosion|0 fnt\n|faint|p2b: Typhlosion\n|\n|win|masgin\n|raw|masgin's rating: 1154 &rarr; <strong>1181</strong><br />(+27 for winning)\n|raw|xFelc's rating: 1187 &rarr; <strong>1160</strong><br />(-27 for losing)\n|l|\u2606xFelc\n|player|p2|\n",
  "uploadtime": 1776575271,
  "views": 14,
  "formatid": "gen9championsvgc2026regma",
  "rating": 1160,
  "private": 0,
  "password": null
}