{
  "id": "gen9championsvgc2026regma-2581219850",
  "format": "[Gen 9 Champions] VGC 2026 Reg M-A",
  "players": [
    "Am Your Conscience",
    "yuvv"
  ],
  "log": "|j|\u2606Am Your Conscience\n|j|\u2606yuvv\n|t:|1775972351\n|gametype|doubles\n|player|p1|Am Your Conscience|n|1083\n|player|p2|yuvv|richboy|1117\n|gen|9\n|tier|[Gen 9 Champions] VGC 2026 Reg M-A\n|rated|\n|rule|Species Clause: Limit one of each Pok\u00e9mon\n|rule|Item Clause: Limit 1 of each item\n|clearpoke\n|poke|p1|Gliscor, L50, F|\n|poke|p1|Sneasler, L50, F|\n|poke|p1|Rotom-Wash, L50|\n|poke|p1|Dragapult, L50, M|\n|poke|p1|Aerodactyl, L50, F|\n|poke|p1|Maushold-Four, L50|\n|poke|p2|Basculegion, L50, M|\n|poke|p2|Maushold, L50|\n|poke|p2|Incineroar, L50, M|\n|poke|p2|Arcanine, L50, M|\n|poke|p2|Aerodactyl, L50, F|\n|teampreview|4\n|inactive|Battle timer is ON: inactive players will automatically lose when time's up. (requested by yuvv)\n|\n|t:|1775972386\n|teamsize|p1|4\n|teamsize|p2|4\n|start\n|switch|p1a: Sneasler|Sneasler, L50, F|100/100\n|switch|p1b: Gliscor|Gliscor, L50, F|100/100\n|switch|p2a: Arcanine|Arcanine, L50, M|100/100\n|switch|p2b: Aerodactyl|Aerodactyl, L50, F|100/100\n|-ability|p2a: Arcanine|Intimidate|boost\n|-unboost|p1a: Sneasler|atk|1\n|-unboost|p1b: Gliscor|atk|1\n|turn|1\n|inactive|yuvv has 30 seconds left.\n|\n|t:|1775972418\n|switch|p2b: Incineroar|Incineroar, L50, M|100/100\n|-ability|p2b: Incineroar|Intimidate|boost\n|-unboost|p1a: Sneasler|atk|1\n|-unboost|p1b: Gliscor|atk|1\n|move|p1a: Sneasler|Coaching|p1b: Gliscor\n|-boost|p1b: Gliscor|atk|1\n|-boost|p1b: Gliscor|def|1\n|move|p2a: Arcanine|Flare Blitz|p1a: Sneasler\n|-damage|p1a: Sneasler|5/100\n|-damage|p2a: Arcanine|70/100|[from] Recoil\n|move|p1b: Gliscor|Tailwind|p1b: Gliscor\n|-sidestart|p1: Am Your Conscience|move: Tailwind\n|\n|upkeep\n|turn|2\n|\n|t:|1775972440\n|move|p1b: Gliscor|Protect|p1b: Gliscor\n|-singleturn|p1b: Gliscor|Protect\n|move|p2b: Incineroar|Fake Out|p1b: Gliscor\n|-activate|p1b: Gliscor|move: Protect\n|move|p2a: Arcanine|Extreme Speed|p1a: Sneasler\n|-damage|p1a: Sneasler|0 fnt\n|faint|p1a: Sneasler\n|\n|upkeep\n|\n|t:|1775972448\n|switch|p1a: Aerodactyl|Aerodactyl, L50, F|100/100\n|-ability|p1a: Aerodactyl|Unnerve\n|turn|3\n|\n|t:|1775972468\n|switch|p2a: Aerodactyl|Aerodactyl, L50, F|100/100\n|detailschange|p1a: Aerodactyl|Aerodactyl-Mega, L50, F\n|-mega|p1a: Aerodactyl|Aerodactyl|Aerodactylite\n|move|p1a: Aerodactyl|Rock Slide|p2a: Aerodactyl|[spread] p2a,p2b\n|-supereffective|p2a: Aerodactyl|1\n|-supereffective|p2b: Incineroar|1\n|-damage|p2a: Aerodactyl|0 fnt\n|-damage|p2b: Incineroar|38/100\n|-enditem|p2b: Incineroar|Sitrus Berry|[eat]\n|-heal|p2b: Incineroar|63/100|[from] item: Sitrus Berry\n|faint|p2a: Aerodactyl\n|move|p1b: Gliscor|Earthquake|p2b: Incineroar|[spread] p2b\n|-immune|p1a: Aerodactyl\n|-supereffective|p2b: Incineroar|1\n|-damage|p2b: Incineroar|30/100\n|move|p2b: Incineroar|Parting Shot|p1a: Aerodactyl\n|-unboost|p1a: Aerodactyl|atk|1\n|-unboost|p1a: Aerodactyl|spa|1\n|\n|t:|1775972488\n|switch|p2b: Basculegion|Basculegion, L50, M|100/100|[from] Parting Shot\n|\n|upkeep\n|\n|t:|1775972495\n|switch|p2a: Arcanine|Arcanine, L50, M|70/100\n|-ability|p2a: Arcanine|Intimidate|boost\n|-unboost|p1a: Aerodactyl|atk|1\n|-unboost|p1b: Gliscor|atk|1\n|turn|4\n|\n|t:|1775972513\n|switch|p1a: Rotom|Rotom-Wash, L50|100/100\n|move|p2a: Arcanine|Helping Hand|p2b: Basculegion\n|-singleturn|p2b: Basculegion|Helping Hand|[of] p2a: Arcanine\n|move|p1b: Gliscor|Protect|p1b: Gliscor\n|-singleturn|p1b: Gliscor|Protect\n|move|p2b: Basculegion|Aqua Jet|p1a: Rotom\n|-resisted|p1a: Rotom|1\n|-damage|p1a: Rotom|83/100\n|\n|-heal|p1a: Rotom|88/100|[from] item: Leftovers\n|-sideend|p1: Am Your Conscience|move: Tailwind\n|upkeep\n|turn|5\n|inactive|yuvv has 30 seconds left.\n|inactive|yuvv has 20 seconds left.\n|inactive|yuvv has 15 seconds left.\n|inactive|yuvv has 10 seconds left.\n|\n|t:|1775972561\n|switch|p2b: Incineroar|Incineroar, L50, M|30/100\n|-ability|p2b: Incineroar|Intimidate|boost\n|-unboost|p1a: Rotom|atk|1\n|-unboost|p1b: Gliscor|atk|1\n|move|p1a: Rotom|Discharge|p2b: Incineroar|[spread] p2a,p2b\n|-immune|p1b: Gliscor\n|-damage|p2a: Arcanine|41/100\n|-damage|p2b: Incineroar|9/100\n|move|p1b: Gliscor|Tailwind|p1b: Gliscor\n|-sidestart|p1: Am Your Conscience|move: Tailwind\n|move|p2a: Arcanine|Flare Blitz|p1b: Gliscor\n|-damage|p1b: Gliscor|71/100\n|-damage|p2a: Arcanine|30/100|[from] Recoil\n|\n|-heal|p1a: Rotom|94/100|[from] item: Leftovers\n|upkeep\n|turn|6\n|inactive|yuvv has 30 seconds left.\n|\n|t:|1775972588\n|move|p2b: Incineroar|Fake Out|p1a: Rotom\n|-damage|p1a: Rotom|81/100\n|cant|p1a: Rotom|flinch\n|move|p1b: Gliscor|Earthquake|p2a: Arcanine|[spread] p2a,p2b\n|-immune|p1a: Rotom|[from] ability: Levitate\n|-supereffective|p2a: Arcanine|1\n|-supereffective|p2b: Incineroar|1\n|-damage|p2a: Arcanine|5/100\n|-damage|p2b: Incineroar|0 fnt\n|faint|p2b: Incineroar\n|move|p2a: Arcanine|Close Combat|p1a: Rotom\n|-damage|p1a: Rotom|39/100\n|-unboost|p2a: Arcanine|def|1\n|-unboost|p2a: Arcanine|spd|1\n|\n|-heal|p1a: Rotom|44/100|[from] item: Leftovers\n|upkeep\n|\n|t:|1775972605\n|switch|p2b: Basculegion|Basculegion, L50, M|100/100\n|turn|7\n|\n|t:|1775972616\n|move|p2a: Arcanine|Extreme Speed|p1a: Rotom\n|-damage|p1a: Rotom|9/100\n|move|p1a: Rotom|Discharge|p2b: Basculegion|[spread] p2a,p2b\n|-immune|p1b: Gliscor\n|-supereffective|p2b: Basculegion|1\n|-damage|p2a: Arcanine|0 fnt\n|-damage|p2b: Basculegion|57/100\n|faint|p2a: Arcanine\n|move|p1b: Gliscor|Earthquake|p2b: Basculegion|[spread] p2b\n|-immune|p1a: Rotom|[from] ability: Levitate\n|-crit|p2b: Basculegion\n|-damage|p2b: Basculegion|7/100\n|move|p2b: Basculegion|Wave Crash|p1b: Gliscor\n|-supereffective|p1b: Gliscor|1\n|-damage|p1b: Gliscor|2/100\n|-damage|p2b: Basculegion|0 fnt|[from] Recoil\n|faint|p2b: Basculegion\n|\n|win|Am Your Conscience\n|raw|Am Your Conscience's rating: 1083 &rarr; <strong>1113</strong><br />(+30 for winning)\n|raw|yuvv's rating: 1117 &rarr; <strong>1090</strong><br />(-27 for losing)\n",
  "uploadtime": 1775972646,
  "views": 11,
  "formatid": "gen9championsvgc2026regma",
  "rating": 1090,
  "private": 0,
  "password": null
}