{
  "id": "gen9championsvgc2026regma-2587508785",
  "format": "[Gen 9 Champions] VGC 2026 Reg M-A",
  "players": [
    "riku797vgc5",
    "klipce"
  ],
  "log": "|j|\u2606riku797vgc5\n|j|\u2606klipce\n|t:|1776537837\n|gametype|doubles\n|player|p1|riku797vgc5|265|1169\n|player|p2|klipce|265|1114\n|gen|9\n|tier|[Gen 9 Champions] VGC 2026 Reg M-A\n|rated|\n|rule|Species Clause: Limit one of each Pok\u00e9mon\n|rule|Item Clause: Limit 1 of each item\n|clearpoke\n|poke|p1|Gengar, L50, M|\n|poke|p1|Sinistcha, L50|\n|poke|p1|Kommo-o, L50, F|\n|poke|p1|Incineroar, L50, F|\n|poke|p1|Kingambit, L50, F|\n|poke|p1|Basculegion, L50, M|\n|poke|p2|Scovillain, L50, F|\n|poke|p2|Sinistcha-Masterpiece, L50|\n|poke|p2|Hatterene, L50, F|\n|poke|p2|Tyranitar, L50, F|\n|poke|p2|Rhyperior, L50, F|\n|poke|p2|Kingambit, L50, F|\n|teampreview|4\n|inactive|Battle timer is ON: inactive players will automatically lose when time's up. (requested by riku797vgc5)\n|\n|t:|1776537879\n|teamsize|p1|4\n|teamsize|p2|4\n|start\n|switch|p1a: Incineroar|Incineroar, L50, F|100/100\n|switch|p1b: Kommo-o|Kommo-o, L50, F|100/100\n|switch|p2a: Knife|Kingambit, L50, F|100/100\n|switch|p2b: Dinner|Scovillain, L50, F|100/100\n|-ability|p1a: Incineroar|Intimidate|boost\n|-unboost|p2a: Knife|atk|1\n|-ability|p2a: Knife|Defiant|boost\n|-boost|p2a: Knife|atk|2\n|-unboost|p2b: Dinner|atk|1\n|turn|1\n|inactive|klipce has 30 seconds left.\n|inactive|klipce has 20 seconds left.\n|\n|t:|1776537916\n|detailschange|p2b: Dinner|Scovillain-Mega, L50, F\n|-mega|p2b: Dinner|Scovillain|Scovillainite\n|move|p2b: Dinner|Protect|p2b: Dinner\n|-singleturn|p2b: Dinner|Protect\n|move|p2a: Knife|Protect|p2a: Knife\n|-singleturn|p2a: Knife|Protect\n|move|p1a: Incineroar|Fake Out|p2a: Knife\n|-activate|p2a: Knife|move: Protect\n|move|p1b: Kommo-o|Clangorous Soul|p1b: Kommo-o\n|-boost|p1b: Kommo-o|atk|1\n|-boost|p1b: Kommo-o|def|1\n|-boost|p1b: Kommo-o|spa|1\n|-boost|p1b: Kommo-o|spd|1\n|-boost|p1b: Kommo-o|spe|1\n|-damage|p1b: Kommo-o|68/100\n|\n|-heal|p1b: Kommo-o|74/100|[from] item: Leftovers\n|upkeep\n|turn|2\n|inactive|klipce has 30 seconds left.\n|inactive|klipce has 20 seconds left.\n|\n|t:|1776537953\n|move|p1b: Kommo-o|Protect|p1b: Kommo-o\n|-singleturn|p1b: Kommo-o|Protect\n|move|p1a: Incineroar|Protect|p1a: Incineroar\n|-singleturn|p1a: Incineroar|Protect\n|move|p2b: Dinner|Rage Powder|p2b: Dinner\n|-singleturn|p2b: Dinner|move: Rage Powder\n|move|p2a: Knife|Iron Head|p1b: Kommo-o\n|-activate|p1b: Kommo-o|move: Protect\n|\n|-heal|p1b: Kommo-o|80/100|[from] item: Leftovers\n|upkeep\n|turn|3\n|\n|t:|1776537978\n|switch|p2a: Plate|Hatterene, L50, F|100/100\n|move|p2b: Dinner|Protect|p2b: Dinner\n|-singleturn|p2b: Dinner|Protect\n|move|p1b: Kommo-o|Clanging Scales|p2a: Plate|[spread] \n|-activate|p2b: Dinner|move: Protect\n|-immune|p2a: Plate\n|move|p1a: Incineroar|Flare Blitz|p2b: Dinner\n|-activate|p2b: Dinner|move: Protect\n|\n|-heal|p1b: Kommo-o|87/100|[from] item: Leftovers\n|upkeep\n|turn|4\n|inactive|riku797vgc5 has 30 seconds left.\n|\n|t:|1776538004\n|move|p2b: Dinner|Rage Powder|p2b: Dinner\n|-singleturn|p2b: Dinner|move: Rage Powder\n|move|p1b: Kommo-o|Clangorous Soul|p1b: Kommo-o\n|-boost|p1b: Kommo-o|atk|1\n|-boost|p1b: Kommo-o|def|1\n|-boost|p1b: Kommo-o|spa|1\n|-boost|p1b: Kommo-o|spd|1\n|-boost|p1b: Kommo-o|spe|1\n|-damage|p1b: Kommo-o|54/100\n|move|p1a: Incineroar|Parting Shot|p2b: Dinner\n|-unboost|p2b: Dinner|atk|1\n|-unboost|p2b: Dinner|spa|1\n|\n|t:|1776538006\n|switch|p1a: Sinistcha|Sinistcha, L50|100/100|[from] Parting Shot\n|-heal|p1b: Kommo-o|79/100|[from] ability: Hospitality|[of] p1a: Sinistcha\n|move|p2a: Plate|Trick Room|p2a: Plate\n|-fieldstart|move: Trick Room|[of] p2a: Plate\n|\n|-heal|p1b: Kommo-o|85/100|[from] item: Leftovers\n|upkeep\n|turn|5\n|inactive|klipce has 30 seconds left.\n|\n|t:|1776538034\n|switch|p1a: Incineroar|Incineroar, L50, F|100/100\n|-ability|p1a: Incineroar|Intimidate|boost\n|-unboost|p2a: Plate|atk|1\n|-unboost|p2b: Dinner|atk|1\n|move|p1b: Kommo-o|Protect|p1b: Kommo-o\n|-singleturn|p1b: Kommo-o|Protect\n|move|p2a: Plate|Psychic|p1b: Kommo-o\n|-activate|p1b: Kommo-o|move: Protect\n|move|p2b: Dinner|Overheat|p1a: Incineroar\n|-resisted|p1a: Incineroar|1\n|-damage|p1a: Incineroar|80/100\n|-unboost|p2b: Dinner|spa|2\n|\n|-heal|p1b: Kommo-o|92/100|[from] item: Leftovers\n|upkeep\n|turn|6\n|inactive|klipce has 30 seconds left.\n|\n|t:|1776538067\n|move|p1a: Incineroar|Fake Out|p2a: Plate\n|-damage|p2a: Plate|88/100\n|move|p2b: Dinner|Rage Powder|p2b: Dinner\n|-singleturn|p2b: Dinner|move: Rage Powder\n|cant|p2a: Plate|flinch\n|move|p1b: Kommo-o|Clangorous Soul|p1b: Kommo-o\n|-boost|p1b: Kommo-o|atk|1\n|-boost|p1b: Kommo-o|def|1\n|-boost|p1b: Kommo-o|spa|1\n|-boost|p1b: Kommo-o|spd|1\n|-boost|p1b: Kommo-o|spe|1\n|-damage|p1b: Kommo-o|59/100\n|\n|-heal|p1b: Kommo-o|65/100|[from] item: Leftovers\n|upkeep\n|turn|7\n|\n|t:|1776538086\n|switch|p1a: Sinistcha|Sinistcha, L50|100/100\n|-heal|p1b: Kommo-o|90/100|[from] ability: Hospitality|[of] p1a: Sinistcha\n|switch|p2b: Big Spoon|Tyranitar, L50, F|100/100\n|-weather|Sandstorm|[from] ability: Sand Stream|[of] p2b: Big Spoon\n|move|p1b: Kommo-o|Protect|p1b: Kommo-o\n|-singleturn|p1b: Kommo-o|Protect\n|move|p2a: Plate|Dazzling Gleam|p1b: Kommo-o|[spread] p1a\n|-activate|p1b: Kommo-o|move: Protect\n|-damage|p1a: Sinistcha|66/100\n|\n|-weather|Sandstorm|[upkeep]\n|-damage|p2a: Plate|82/100|[from] Sandstorm\n|-damage|p1a: Sinistcha|60/100|[from] Sandstorm\n|-damage|p1b: Kommo-o|84/100|[from] Sandstorm\n|-heal|p1b: Kommo-o|90/100|[from] item: Leftovers\n|upkeep\n|turn|8\n|inactive|klipce has 30 seconds left.\n|inactive|riku797vgc5 has 30 seconds left.\n|inactive|klipce has 20 seconds left.\n|\n|t:|1776538123\n|move|p2a: Plate|Psychic|p1b: Kommo-o\n|-supereffective|p1b: Kommo-o|1\n|-damage|p1b: Kommo-o|49/100\n|move|p2b: Big Spoon|Brick Break|p1a: Sinistcha\n|-immune|p1a: Sinistcha\n|move|p1a: Sinistcha|Matcha Gotcha|p2a: Plate|[spread] p2b\n|-miss|p1a: Sinistcha|p2a: Plate\n|-supereffective|p2b: Big Spoon|1\n|-damage|p2b: Big Spoon|73/100\n|-heal|p1a: Sinistcha|76/100|[from] drain|[of] p2b: Big Spoon\n|move|p1b: Kommo-o|Aura Sphere|p2b: Big Spoon\n|-supereffective|p2b: Big Spoon|2\n|-enditem|p2b: Big Spoon|Chople Berry|[eat]\n|-enditem|p2b: Big Spoon|Chople Berry|[weaken]\n|-damage|p2b: Big Spoon|0 fnt\n|faint|p2b: Big Spoon\n|\n|-weather|Sandstorm|[upkeep]\n|-damage|p2a: Plate|76/100|[from] Sandstorm\n|-damage|p1a: Sinistcha|70/100|[from] Sandstorm\n|-damage|p1b: Kommo-o|43/100|[from] Sandstorm\n|-heal|p1b: Kommo-o|49/100|[from] item: Leftovers\n|-fieldend|move: Trick Room\n|upkeep\n|\n|t:|1776538146\n|switch|p2b: Dinner|Scovillain-Mega, L50, F|100/100\n|turn|9\n|\n|t:|1776538151\n|move|p2b: Dinner|Rage Powder|p2b: Dinner\n|-singleturn|p2b: Dinner|move: Rage Powder\n|move|p1b: Kommo-o|Aura Sphere|p2b: Dinner\n|-damage|p2b: Dinner|15/100\n|-status|p1b: Kommo-o|brn|[from] ability: Spicy Spray|[of] p2b: Dinner\n|move|p1a: Sinistcha|Life Dew|p1a: Sinistcha|[spread] p1a,p1b\n|-heal|p1a: Sinistcha|95/100\n|-heal|p1b: Kommo-o|74/100 brn\n|move|p2a: Plate|Trick Room|p2a: Plate\n|-fieldstart|move: Trick Room|[of] p2a: Plate\n|\n|-weather|Sandstorm|[upkeep]\n|-damage|p2a: Plate|70/100|[from] Sandstorm\n|-damage|p1a: Sinistcha|89/100|[from] Sandstorm\n|-damage|p2b: Dinner|9/100|[from] Sandstorm\n|-damage|p1b: Kommo-o|68/100 brn|[from] Sandstorm\n|-heal|p1b: Kommo-o|74/100 brn|[from] item: Leftovers\n|-damage|p1b: Kommo-o|68/100 brn|[from] brn\n|upkeep\n|turn|10\n|inactive|klipce has 30 seconds left.\n|\n|t:|1776538182\n|switch|p1a: Incineroar|Incineroar, L50, F|80/100\n|-ability|p1a: Incineroar|Intimidate|boost\n|-unboost|p2a: Plate|atk|1\n|-unboost|p2b: Dinner|atk|1\n|switch|p2b: Knife|Kingambit, L50, F|100/100\n|move|p1b: Kommo-o|Protect|p1b: Kommo-o\n|-singleturn|p1b: Kommo-o|Protect\n|move|p2a: Plate|Dazzling Gleam|p1b: Kommo-o|[spread] p1a\n|-activate|p1b: Kommo-o|move: Protect\n|-damage|p1a: Incineroar|52/100\n|\n|-weather|Sandstorm|[upkeep]\n|-damage|p2a: Plate|64/100|[from] Sandstorm\n|-damage|p1a: Incineroar|46/100|[from] Sandstorm\n|-damage|p1b: Kommo-o|62/100 brn|[from] Sandstorm\n|-enditem|p1a: Incineroar|Sitrus Berry|[eat]\n|-heal|p1a: Incineroar|71/100|[from] item: Sitrus Berry\n|-heal|p1b: Kommo-o|68/100 brn|[from] item: Leftovers\n|-damage|p1b: Kommo-o|62/100 brn|[from] brn\n|upkeep\n|turn|11\n|inactive|riku797vgc5 has 30 seconds left.\n|inactive|klipce has 30 seconds left.\n|\n|t:|1776538209\n|switch|p1a: Sinistcha|Sinistcha, L50|89/100\n|-heal|p1b: Kommo-o|87/100 brn|[from] ability: Hospitality|[of] p1a: Sinistcha\n|move|p2a: Plate|Psychic|p1b: Kommo-o\n|-supereffective|p1b: Kommo-o|1\n|-crit|p1b: Kommo-o\n|-damage|p1b: Kommo-o|0 fnt\n|faint|p1b: Kommo-o\n|move|p2b: Knife|Iron Head|p1a: Sinistcha\n|-damage|p1a: Sinistcha|52/100\n|\n|-weather|none\n|upkeep\n|c|\u2606riku797vgc5|dam\n|\n|t:|1776538218\n|switch|p1b: Gengar|Gengar, L50, M|100/100\n|turn|12\n|inactive|klipce has 30 seconds left.\n|\n|t:|1776538248\n|detailschange|p1b: Gengar|Gengar-Mega, L50, M\n|-mega|p1b: Gengar|Gengar|Gengarite\n|move|p1a: Sinistcha|Rage Powder|p1a: Sinistcha\n|-singleturn|p1a: Sinistcha|move: Rage Powder\n|move|p2a: Plate|Dazzling Gleam|p1b: Gengar|[spread] p1a,p1b\n|-resisted|p1b: Gengar|1\n|-crit|p1b: Gengar\n|-damage|p1a: Sinistcha|19/100\n|-damage|p1b: Gengar|72/100\n|move|p2b: Knife|Kowtow Cleave|p1a: Sinistcha\n|-supereffective|p1a: Sinistcha|1\n|-damage|p1a: Sinistcha|0 fnt\n|faint|p1a: Sinistcha\n|move|p1b: Gengar|Perish Song|p1b: Gengar\n|-start|p1b: Gengar|perish3|[silent]\n|-start|p2a: Plate|perish3|[silent]\n|-start|p2b: Knife|perish3|[silent]\n|-fieldactivate|move: Perish Song\n|\n|-start|p2a: Plate|perish3\n|-start|p2b: Knife|perish3\n|-start|p1b: Gengar|perish3\n|upkeep\n|\n|t:|1776538251\n|switch|p1a: Incineroar|Incineroar, L50, F|71/100\n|-ability|p1a: Incineroar|Intimidate|boost\n|-unboost|p2a: Plate|atk|1\n|-unboost|p2b: Knife|atk|1\n|-ability|p2b: Knife|Defiant|boost\n|-boost|p2b: Knife|atk|2\n|turn|13\n|inactive|klipce has 30 seconds left.\n|inactive|klipce has 20 seconds left.\n|inactive|riku797vgc5 has 30 seconds left.\n|inactive|klipce has 15 seconds left.\n|inactive|klipce has 10 seconds left.\n|\n|t:|1776538297\n|move|p2b: Knife|Protect|p2b: Knife\n|-singleturn|p2b: Knife|Protect\n|move|p1b: Gengar|Protect|p1b: Gengar\n|-singleturn|p1b: Gengar|Protect\n|move|p2a: Plate|Dazzling Gleam|p1a: Incineroar|[spread] p1a\n|-activate|p1b: Gengar|move: Protect\n|-damage|p1a: Incineroar|42/100\n|move|p1a: Incineroar|Flare Blitz|p2b: Knife\n|-activate|p2b: Knife|move: Protect\n|\n|-start|p2a: Plate|perish2\n|-start|p2b: Knife|perish2\n|-start|p1b: Gengar|perish2\n|-fieldend|move: Trick Room\n|upkeep\n|turn|14\n|inactive|klipce has 30 seconds left.\n|\n|t:|1776538324\n|move|p1b: Gengar|Substitute|p1b: Gengar\n|-start|p1b: Gengar|Substitute\n|-damage|p1b: Gengar|47/100\n|move|p1a: Incineroar|Flare Blitz|p2a: Plate\n|-damage|p2a: Plate|14/100\n|-enditem|p2a: Plate|Sitrus Berry|[eat]\n|-heal|p2a: Plate|39/100|[from] item: Sitrus Berry\n|-damage|p1a: Incineroar|28/100|[from] Recoil\n|move|p2b: Knife|Kowtow Cleave|p1b: Gengar\n|-supereffective|p1b: Gengar|1\n|-end|p1b: Gengar|Substitute\n|move|p2a: Plate|Trick Room|p2a: Plate\n|-fieldstart|move: Trick Room|[of] p2a: Plate\n|\n|-start|p2a: Plate|perish1\n|-start|p2b: Knife|perish1\n|-start|p1b: Gengar|perish1\n|upkeep\n|turn|15\n|inactive|klipce has 30 seconds left.\n|inactive|klipce has 20 seconds left.\n|\n|t:|1776538347\n|move|p1a: Incineroar|Protect|p1a: Incineroar\n|-singleturn|p1a: Incineroar|Protect\n|move|p1b: Gengar|Protect|p1b: Gengar\n|-singleturn|p1b: Gengar|Protect\n|move|p2b: Knife|Sucker Punch||[still]\n|-fail|p2b: Knife\n|move|p2a: Plate|Dazzling Gleam|p1b: Gengar|[spread] \n|-activate|p1a: Incineroar|move: Protect\n|-activate|p1b: Gengar|move: Protect\n|\n|-start|p2a: Plate|perish0\n|-start|p2b: Knife|perish0\n|-start|p1b: Gengar|perish0\n|faint|p2a: Plate\n|faint|p2b: Knife\n|faint|p1b: Gengar\n|upkeep\n|inactive|klipce has 20 seconds left this turn.\n|inactive|klipce has 15 seconds left.\n|inactive|klipce has 10 seconds left.\n|inactive|klipce has 5 seconds left.\n|\n|t:|1776538364\n|switch|p2a: Dinner|Scovillain-Mega, L50, F|9/100\n|turn|16\n|inactive|klipce has 5 seconds left this turn.\n|-message|klipce lost due to inactivity.\n|\n|win|riku797vgc5\n|raw|riku797vgc5's rating: 1169 &rarr; <strong>1190</strong><br />(+21 for winning)\n|raw|klipce's rating: 1114 &rarr; <strong>1093</strong><br />(-21 for losing)\n",
  "uploadtime": 1776538375,
  "views": 19,
  "formatid": "gen9championsvgc2026regma",
  "rating": 1093,
  "private": 0,
  "password": null
}