{
  "id": "gen9championsvgc2026regma-2589552475",
  "format": "[Gen 9 Champions] VGC 2026 Reg M-A",
  "players": [
    "guioguoguo",
    "dayvuuu"
  ],
  "log": "|j|\u2606guioguoguo\n|j|\u2606dayvuuu\n|t:|1776733467\n|gametype|doubles\n|player|p1|guioguoguo|266|1149\n|player|p2|dayvuuu|flannery|1165\n|gen|9\n|tier|[Gen 9 Champions] VGC 2026 Reg M-A\n|rated|\n|rule|Species Clause: Limit one of each Pok\u00e9mon\n|rule|Item Clause: Limit 1 of each item\n|clearpoke\n|poke|p1|Excadrill, L50, F, shiny|\n|poke|p1|Hawlucha, L50, M, shiny|\n|poke|p1|Tyranitar, L50, M, shiny|\n|poke|p1|Espathra, L50, M, shiny|\n|poke|p1|Sinistcha, L50, shiny|\n|poke|p1|Incineroar, L50, F, shiny|\n|poke|p2|Crabominable, L50, F, shiny|\n|poke|p2|Slowking-Galar, L50, F|\n|poke|p2|Kingambit, L50, M|\n|poke|p2|Primarina, L50, F|\n|poke|p2|Incineroar, L50, F|\n|poke|p2|Tsareena, L50, F, shiny|\n|teampreview|4\n|inactive|Battle timer is ON: inactive players will automatically lose when time's up. (requested by dayvuuu)\n|\n|t:|1776733477\n|teamsize|p1|4\n|teamsize|p2|4\n|start\n|switch|p1a: Excadrill|Excadrill, L50, F, shiny|100/100\n|switch|p1b: Hawlucha|Hawlucha, L50, M, shiny|100/100\n|switch|p2a: poison slug|Slowking-Galar, L50, F|100/100\n|switch|p2b: shi idk|Tsareena, L50, F, shiny|100/100\n|-ability|p1b: Hawlucha|Mold Breaker\n|turn|1\n|inactive|guioguoguo has 30 seconds left.\n|\n|t:|1776733505\n|detailschange|p1b: Hawlucha|Hawlucha-Mega, L50, M, shiny\n|-mega|p1b: Hawlucha|Hawlucha|Hawluchanite\n|move|p1b: Hawlucha|Entrainment|p1a: Excadrill\n|-ability|p1a: Excadrill|No Guard|Sand Rush|[from] move: Entrainment|[of] p1b: Hawlucha\n|move|p1a: Excadrill|Fissure|p2a: poison slug\n|-damage|p2a: poison slug|0 fnt\n|faint|p2a: poison slug\n|-ohko\n|move|p2b: shi idk|High Jump Kick|p1a: Excadrill\n|-supereffective|p1a: Excadrill|1\n|-damage|p1a: Excadrill|25/100\n|\n|upkeep\n|\n|t:|1776733517\n|switch|p2a: ice boxer|Crabominable, L50, F, shiny|100/100\n|turn|2\n|\n|t:|1776733525\n|detailschange|p2a: ice boxer|Crabominable-Mega, L50, F, shiny\n|-mega|p2a: ice boxer|Crabominable|Crabominite\n|move|p2a: ice boxer|Mach Punch|p1a: Excadrill\n|-supereffective|p1a: Excadrill|1\n|-damage|p1a: Excadrill|0 fnt\n|faint|p1a: Excadrill\n|move|p1b: Hawlucha|Dual Wingbeat|p2b: shi idk\n|-supereffective|p2b: shi idk|1\n|-damage|p2b: shi idk|52/100\n|-supereffective|p2b: shi idk|1\n|-damage|p2b: shi idk|5/100\n|-hitcount|p2b: shi idk|2\n|move|p2b: shi idk|Triple Axel|p1b: Hawlucha\n|-supereffective|p1b: Hawlucha|1\n|-damage|p1b: Hawlucha|84/100\n|-supereffective|p1b: Hawlucha|1\n|-damage|p1b: Hawlucha|52/100\n|-supereffective|p1b: Hawlucha|1\n|-crit|p1b: Hawlucha\n|-damage|p1b: Hawlucha|0 fnt\n|faint|p1b: Hawlucha\n|-hitcount|p1: Hawlucha|3\n|\n|upkeep\n|\n|t:|1776733543\n|switch|p1b: Espathra|Espathra, L50, M, shiny|100/100\n|switch|p1a: Sinistcha|Sinistcha, L50, shiny|100/100\n|turn|3\n|\n|t:|1776733562\n|move|p2a: ice boxer|Protect|p2a: ice boxer\n|-singleturn|p2a: ice boxer|Protect\n|move|p1a: Sinistcha|Matcha Gotcha|p2b: shi idk|[spread] p2b\n|-activate|p2a: ice boxer|move: Protect\n|-resisted|p2b: shi idk|1\n|-damage|p2b: shi idk|0 fnt\n|faint|p2b: shi idk\n|move|p1b: Espathra|Calm Mind|p1b: Espathra\n|-boost|p1b: Espathra|spa|1\n|-boost|p1b: Espathra|spd|1\n|\n|-ability|p1b: Espathra|Speed Boost|boost\n|-boost|p1b: Espathra|spe|1\n|upkeep\n|\n|t:|1776733572\n|switch|p2b: siren|Primarina, L50, F|100/100\n|turn|4\n|\n|t:|1776733579\n|move|p1b: Espathra|Stored Power|p2a: ice boxer\n|-supereffective|p2a: ice boxer|1\n|-damage|p2a: ice boxer|0 fnt\n|faint|p2a: ice boxer\n|move|p1a: Sinistcha|Matcha Gotcha|p2b: siren\n|-supereffective|p2b: siren|1\n|-damage|p2b: siren|37/100\n|move|p2b: siren|Moonblast|p1b: Espathra\n|-damage|p1b: Espathra|52/100\n|\n|-heal|p2b: siren|43/100|[from] item: Leftovers\n|-ability|p1b: Espathra|Speed Boost|boost\n|-boost|p1b: Espathra|spe|1\n|upkeep\n|turn|5\n|-message|dayvuuu forfeited.\n|\n|win|guioguoguo\n|raw|guioguoguo's rating: 1149 &rarr; <strong>1175</strong><br />(+26 for winning)\n|raw|dayvuuu's rating: 1165 &rarr; <strong>1139</strong><br />(-26 for losing)\n|l|\u2606dayvuuu\n|player|p2|\n",
  "uploadtime": 1776733600,
  "views": 4,
  "formatid": "gen9championsvgc2026regma",
  "rating": 1139,
  "private": 0,
  "password": null
}