{
  "id": "gen9championsvgc2026regma-2583027375",
  "format": "[Gen 9 Champions] VGC 2026 Reg M-A",
  "players": [
    "purplespacetaco",
    "bloo-pix"
  ],
  "log": "|j|\u2606purplespacetaco\n|j|\u2606bloo-pix\n|t:|1776134617\n|gametype|doubles\n|player|p1|purplespacetaco|veteran|1195\n|player|p2|bloo-pix|candice|1288\n|gen|9\n|tier|[Gen 9 Champions] VGC 2026 Reg M-A\n|rated|\n|rule|Species Clause: Limit one of each Pok\u00e9mon\n|rule|Item Clause: Limit 1 of each item\n|clearpoke\n|poke|p1|Rotom-Heat, L50|\n|poke|p1|Aegislash, L50, F|\n|poke|p1|Tyranitar, L50, F|\n|poke|p1|Starmie, L50|\n|poke|p1|Aerodactyl, L50, M|\n|poke|p1|Whimsicott, L50, M|\n|poke|p2|Froslass, L50, F|\n|poke|p2|Rotom-Frost, L50|\n|poke|p2|Garchomp, L50, F|\n|poke|p2|Incineroar, L50, F|\n|poke|p2|Sneasler, L50, F|\n|poke|p2|Kingambit, L50, F|\n|teampreview|4\n|\n|t:|1776134638\n|teamsize|p1|4\n|teamsize|p2|4\n|start\n|switch|p1a: Pinky|Aerodactyl, L50, M, shiny|100/100\n|switch|p1b: Rotom Wash|Rotom-Heat, L50|100/100\n|switch|p2a: Kingambit|Kingambit, L50, F|100/100\n|switch|p2b: Sneasler|Sneasler, L50, F|100/100\n|-ability|p1a: Pinky|Unnerve\n|turn|1\n|\n|t:|1776134655\n|move|p1a: Pinky|Protect|p1a: Pinky\n|-singleturn|p1a: Pinky|Protect\n|move|p2b: Sneasler|Fake Out|p1a: Pinky\n|-activate|p1a: Pinky|move: Protect\n|move|p2a: Kingambit|Sucker Punch|p1b: Rotom Wash\n|-damage|p1b: Rotom Wash|48/100\n|-enditem|p1b: Rotom Wash|Sitrus Berry|[eat]\n|-heal|p1b: Rotom Wash|72/100|[from] item: Sitrus Berry\n|move|p1b: Rotom Wash|Overheat|p2a: Kingambit\n|-supereffective|p2a: Kingambit|1\n|-enditem|p2a: Kingambit|Focus Sash\n|-damage|p2a: Kingambit|1/100\n|-unboost|p1b: Rotom Wash|spa|2\n|\n|upkeep\n|turn|2\n|\n|t:|1776134678\n|switch|p2b: Garchomp|Garchomp, L50, F|100/100\n|move|p2a: Kingambit|Sucker Punch|p1b: Rotom Wash\n|-damage|p1b: Rotom Wash|17/100\n|move|p1a: Pinky|Dual Wingbeat|p2b: Garchomp\n|-damage|p2b: Garchomp|82/100\n|-damage|p1a: Pinky|88/100|[from] ability: Rough Skin|[of] p2b: Garchomp\n|-damage|p2b: Garchomp|64/100\n|-damage|p1a: Pinky|76/100|[from] ability: Rough Skin|[of] p2b: Garchomp\n|-hitcount|p2b: Garchomp|2\n|move|p1b: Rotom Wash|Thunderbolt|p2a: Kingambit\n|-damage|p2a: Kingambit|0 fnt\n|faint|p2a: Kingambit\n|\n|-heal|p2b: Garchomp|70/100|[from] item: Leftovers\n|upkeep\n|\n|t:|1776134689\n|switch|p2a: Sneasler|Sneasler, L50, F|100/100\n|turn|3\n|\n|t:|1776134698\n|move|p2a: Sneasler|Fake Out|p1a: Pinky\n|-resisted|p1a: Pinky|1\n|-damage|p1a: Pinky|64/100\n|cant|p1a: Pinky|flinch\n|move|p2b: Garchomp|Rock Slide|p1b: Rotom Wash|[spread] p1a,p1b\n|-supereffective|p1a: Pinky|1\n|-supereffective|p1b: Rotom Wash|1\n|-damage|p1a: Pinky|6/100\n|-damage|p1b: Rotom Wash|0 fnt\n|faint|p1b: Rotom Wash\n|\n|-heal|p2b: Garchomp|76/100|[from] item: Leftovers\n|upkeep\n|\n|t:|1776134711\n|switch|p1b: Patrick|Starmie, L50, shiny|100/100\n|turn|4\n|\n|t:|1776134730\n|switch|p2b: Froslass|Froslass, L50, F|100/100\n|detailschange|p1b: Patrick|Starmie-Mega, L50, shiny\n|-mega|p1b: Patrick|Starmie|Starminite\n|move|p2a: Sneasler|Protect|p2a: Sneasler\n|-singleturn|p2a: Sneasler|Protect\n|move|p1a: Pinky|Tailwind|p1a: Pinky\n|-sidestart|p1: purplespacetaco|move: Tailwind\n|move|p1b: Patrick|Liquidation|p2a: Sneasler\n|-activate|p2a: Sneasler|move: Protect\n|\n|upkeep\n|turn|5\n|\n|t:|1776134765\n|switch|p2a: Garchomp|Garchomp, L50, F|76/100\n|detailschange|p2b: Froslass|Froslass-Mega, L50, F\n|-mega|p2b: Froslass|Froslass|Froslassite\n|-weather|Snowscape|[from] ability: Snow Warning|[of] p2b: Froslass\n|move|p1a: Pinky|Rock Slide|p2a: Garchomp|[spread] p2a\n|-miss|p1a: Pinky|p2b: Froslass\n|-resisted|p2a: Garchomp|1\n|-damage|p2a: Garchomp|63/100\n|move|p1b: Patrick|Zen Headbutt|p2a: Garchomp|[miss]\n|-miss|p1b: Patrick|p2a: Garchomp\n|move|p2b: Froslass|Shadow Ball|p1b: Patrick\n|-supereffective|p1b: Patrick|1\n|-crit|p1b: Patrick\n|-damage|p1b: Patrick|0 fnt\n|faint|p1b: Patrick\n|\n|-weather|Snowscape|[upkeep]\n|-heal|p2a: Garchomp|69/100|[from] item: Leftovers\n|upkeep\n|-message|purplespacetaco forfeited.\n|\n|win|bloo-pix\n|raw|purplespacetaco's rating: 1195 &rarr; <strong>1177</strong><br />(-18 for losing)\n|raw|bloo-pix's rating: 1288 &rarr; <strong>1306</strong><br />(+18 for winning)\n|c|\u2606bloo-pix|wow\n|l|\u2606purplespacetaco\n|player|p1|\n",
  "uploadtime": 1776134783,
  "views": 19,
  "formatid": "gen9championsvgc2026regma",
  "rating": 1177,
  "private": 0,
  "password": null
}