{
  "id": "gen9championsvgc2026regma-2581434216",
  "format": "[Gen 9 Champions] VGC 2026 Reg M-A",
  "players": [
    "rajyesh1",
    "Zaykarom_the"
  ],
  "log": "|j|\u2606rajyesh1\n|j|\u2606Zaykarom_the\n|t:|1776000022\n|gametype|doubles\n|player|p1|rajyesh1|lucas|1089\n|player|p2|Zaykarom_the|hilbert-wonderlauncher|1015\n|gen|9\n|tier|[Gen 9 Champions] VGC 2026 Reg M-A\n|rated|\n|rule|Species Clause: Limit one of each Pok\u00e9mon\n|rule|Item Clause: Limit 1 of each item\n|clearpoke\n|poke|p1|Charizard, L50, M|\n|poke|p1|Venusaur, L50, M|\n|poke|p1|Garchomp, L50, M|\n|poke|p1|Rotom-Wash, L50|\n|poke|p1|Sneasler, L50, M|\n|poke|p1|Incineroar, L50, F|\n|poke|p2|Charizard, L50, M|\n|poke|p2|Whimsicott, L50, F|\n|poke|p2|Conkeldurr, L50, F|\n|poke|p2|Rotom-Wash, L50|\n|poke|p2|Garchomp, L50, F|\n|poke|p2|Venusaur, L50, F|\n|teampreview|4\n|inactive|Battle timer is ON: inactive players will automatically lose when time's up. (requested by rajyesh1)\n|inactive|rajyesh1 has 60 seconds left.\n|inactive|Zaykarom_the has 60 seconds left.\n|\n|t:|1776000085\n|teamsize|p1|4\n|teamsize|p2|4\n|start\n|switch|p1a: Charizard|Charizard, L50, M|100/100\n|switch|p1b: Incineroar|Incineroar, L50, F|100/100\n|switch|p2a: Whimsicott|Whimsicott, L50, F|100/100\n|switch|p2b: Charizard|Charizard, L50, M|100/100\n|-ability|p1b: Incineroar|Intimidate|boost\n|-unboost|p2a: Whimsicott|atk|1\n|-unboost|p2b: Charizard|atk|1\n|turn|1\n|inactive|Zaykarom_the has 30 seconds left.\n|inactive|rajyesh1 has 30 seconds left.\n|inactive|Zaykarom_the has 20 seconds left.\n|\n|t:|1776000122\n|detailschange|p1a: Charizard|Charizard-Mega-Y, L50, M\n|-mega|p1a: Charizard|Charizard|Charizardite Y\n|-weather|SunnyDay|[from] ability: Drought|[of] p1a: Charizard\n|move|p2a: Whimsicott|Protect|p2a: Whimsicott\n|-singleturn|p2a: Whimsicott|Protect\n|move|p2b: Charizard|Protect|p2b: Charizard\n|-singleturn|p2b: Charizard|Protect\n|move|p1a: Charizard|Heat Wave|p2a: Whimsicott|[spread] \n|-activate|p2a: Whimsicott|move: Protect\n|-activate|p2b: Charizard|move: Protect\n|move|p1b: Incineroar|Parting Shot|p2b: Charizard\n|-activate|p2b: Charizard|move: Protect\n|\n|-weather|SunnyDay|[upkeep]\n|-damage|p2b: Charizard|88/100|[from] ability: Solar Power|[of] p2b: Charizard\n|upkeep\n|turn|2\n|\n|t:|1776000147\n|switch|p2b: Garchomp|Garchomp, L50, F|100/100\n|move|p2a: Whimsicott|Tailwind|p2a: Whimsicott\n|-sidestart|p2: Zaykarom_the|move: Tailwind\n|move|p1a: Charizard|Heat Wave|p2b: Garchomp|[spread] p2a,p2b\n|-supereffective|p2a: Whimsicott|1\n|-resisted|p2b: Garchomp|1\n|-damage|p2a: Whimsicott|0 fnt\n|-damage|p2b: Garchomp|64/100\n|faint|p2a: Whimsicott\n|move|p1b: Incineroar|Parting Shot|p2b: Garchomp\n|-unboost|p2b: Garchomp|atk|1\n|-unboost|p2b: Garchomp|spa|1\n|\n|t:|1776000165\n|switch|p1b: Garchomp|Garchomp, L50, M|100/100|[from] Parting Shot\n|-enditem|p2b: Garchomp|White Herb\n|-clearnegativeboost|p2b: Garchomp|[silent]\n|\n|-weather|SunnyDay|[upkeep]\n|upkeep\n|\n|t:|1776000174\n|switch|p2a: Rotom|Rotom-Wash, L50|100/100\n|turn|3\n|\n|t:|1776000194\n|switch|p1a: Incineroar|Incineroar, L50, F|100/100\n|-ability|p1a: Incineroar|Intimidate|boost\n|-unboost|p2a: Rotom|atk|1\n|-unboost|p2b: Garchomp|atk|1\n|move|p2b: Garchomp|Rock Slide|p1b: Garchomp|[spread] p1a,p1b\n|-supereffective|p1a: Incineroar|1\n|-resisted|p1b: Garchomp|1\n|-damage|p1a: Incineroar|74/100\n|-damage|p1b: Garchomp|93/100\n|move|p1b: Garchomp|Bulldoze|p2a: Rotom|[spread] p1a,p2b\n|-immune|p2a: Rotom|[from] ability: Levitate\n|-supereffective|p1a: Incineroar|1\n|-damage|p1a: Incineroar|26/100\n|-damage|p2b: Garchomp|38/100\n|-unboost|p1a: Incineroar|spe|1\n|-unboost|p2b: Garchomp|spe|1\n|-enditem|p1a: Incineroar|Sitrus Berry|[eat]\n|-heal|p1a: Incineroar|51/100|[from] item: Sitrus Berry\n|move|p2a: Rotom|Will-O-Wisp|p1b: Garchomp|[miss]\n|-miss|p2a: Rotom|p1b: Garchomp\n|\n|-weather|SunnyDay|[upkeep]\n|upkeep\n|turn|4\n|inactive|rajyesh1 has 30 seconds left.\n|\n|t:|1776000220\n|switch|p1a: Charizard|Charizard-Mega-Y, L50, M|100/100\n|move|p2b: Garchomp|Protect|p2b: Garchomp\n|-singleturn|p2b: Garchomp|Protect\n|move|p1b: Garchomp|Bulldoze|p2a: Rotom|[spread] \n|-activate|p2b: Garchomp|move: Protect\n|-immune|p1a: Charizard\n|-immune|p2a: Rotom|[from] ability: Levitate\n|move|p2a: Rotom|Will-O-Wisp|p1b: Garchomp\n|-status|p1b: Garchomp|brn\n|\n|-weather|SunnyDay|[upkeep]\n|-damage|p1b: Garchomp|87/100 brn|[from] brn\n|upkeep\n|turn|5\n|\n|t:|1776000242\n|move|p1a: Charizard|Protect|p1a: Charizard\n|-singleturn|p1a: Charizard|Protect\n|move|p1b: Garchomp|Bulldoze|p2b: Garchomp|[spread] p2b\n|-activate|p1a: Charizard|move: Protect\n|-immune|p2a: Rotom|[from] ability: Levitate\n|-damage|p2b: Garchomp|24/100\n|-unboost|p2b: Garchomp|spe|1\n|move|p2a: Rotom|Thunderbolt|p1a: Charizard\n|-activate|p1a: Charizard|move: Protect\n|move|p2b: Garchomp|Rock Slide|p1a: Charizard|[spread] p1b\n|-activate|p1a: Charizard|move: Protect\n|-resisted|p1b: Garchomp|1\n|-damage|p1b: Garchomp|81/100 brn\n|\n|-weather|none\n|-damage|p1b: Garchomp|75/100 brn|[from] brn\n|-sideend|p2: Zaykarom_the|move: Tailwind\n|upkeep\n|turn|6\n|\n|t:|1776000262\n|switch|p1b: Incineroar|Incineroar, L50, F|51/100\n|-ability|p1b: Incineroar|Intimidate|boost\n|-unboost|p2a: Rotom|atk|1\n|-unboost|p2b: Garchomp|atk|1\n|switch|p2b: Charizard|Charizard, L50, M|88/100\n|move|p1a: Charizard|Solar Beam||[still]\n|-prepare|p1a: Charizard|Solar Beam\n|move|p2a: Rotom|Thunderbolt|p1a: Charizard\n|-supereffective|p1a: Charizard|1\n|-damage|p1a: Charizard|15/100\n|\n|upkeep\n|turn|7\n|\n|t:|1776000282\n|detailschange|p2b: Charizard|Charizard-Mega-Y, L50, M\n|-mega|p2b: Charizard|Charizard|Charizardite Y\n|-weather|SunnyDay|[from] ability: Drought|[of] p2b: Charizard\n|move|p2a: Rotom|Protect|p2a: Rotom\n|-singleturn|p2a: Rotom|Protect\n|move|p1b: Incineroar|Fake Out|p2b: Charizard\n|-damage|p2b: Charizard|69/100\n|cant|p2b: Charizard|flinch\n|move|p1a: Charizard|Solar Beam|p2a: Rotom|[from] lockedmove\n|-activate|p2a: Rotom|move: Protect\n|\n|-weather|SunnyDay|[upkeep]\n|upkeep\n|turn|8\n|\n|t:|1776000306\n|move|p2b: Charizard|Heat Wave|p1a: Charizard|[spread] p1a,p1b\n|-resisted|p1a: Charizard|1\n|-resisted|p1b: Incineroar|1\n|-damage|p1a: Charizard|0 fnt\n|-damage|p1b: Incineroar|18/100\n|faint|p1a: Charizard\n|move|p2a: Rotom|Thunderbolt|p1b: Incineroar\n|-damage|p1b: Incineroar|0 fnt\n|faint|p1b: Incineroar\n|\n|-weather|SunnyDay|[upkeep]\n|upkeep\n|\n|t:|1776000312\n|switch|p1a: Sneasler|Sneasler, L50, M|100/100\n|switch|p1b: Garchomp|Garchomp, L50, M|75/100 brn\n|turn|9\n|\n|t:|1776000322\n|move|p2b: Charizard|Protect|p2b: Charizard\n|-singleturn|p2b: Charizard|Protect\n|move|p1b: Garchomp|Dragon Claw|p2a: Rotom\n|-damage|p2a: Rotom|72/100\n|move|p1a: Sneasler|Rock Tomb|p2b: Charizard\n|-activate|p2b: Charizard|move: Protect\n|move|p2a: Rotom|Will-O-Wisp|p1a: Sneasler\n|-status|p1a: Sneasler|brn\n|\n|-weather|SunnyDay|[upkeep]\n|-heal|p2a: Rotom|77/100|[from] item: Leftovers\n|-damage|p1b: Garchomp|69/100 brn|[from] brn\n|-damage|p1a: Sneasler|95/100 brn|[from] brn\n|upkeep\n|turn|10\n|\n|t:|1776000343\n|move|p1b: Garchomp|Dragon Claw|p2a: Rotom\n|-damage|p2a: Rotom|47/100\n|move|p1a: Sneasler|Rock Tomb|p2b: Charizard\n|-supereffective|p2b: Charizard|2\n|-damage|p2b: Charizard|13/100\n|-unboost|p2b: Charizard|spe|1\n|move|p2b: Charizard|Overheat|p1a: Sneasler\n|-damage|p1a: Sneasler|0 fnt\n|-unboost|p2b: Charizard|spa|2\n|faint|p1a: Sneasler\n|move|p2a: Rotom|Thunderbolt|p1b: Garchomp\n|-immune|p1b: Garchomp\n|\n|-weather|SunnyDay|[upkeep]\n|-heal|p2a: Rotom|52/100|[from] item: Leftovers\n|-damage|p1b: Garchomp|63/100 brn|[from] brn\n|upkeep\n|turn|11\n|\n|t:|1776000360\n|move|p2b: Charizard|Protect|p2b: Charizard\n|-singleturn|p2b: Charizard|Protect\n|move|p1b: Garchomp|Dragon Claw|p2a: Rotom\n|-damage|p2a: Rotom|19/100\n|move|p2a: Rotom|Hydro Pump|p1b: Garchomp\n|-damage|p1b: Garchomp|35/100 brn\n|\n|-weather|none\n|-heal|p2a: Rotom|24/100|[from] item: Leftovers\n|-damage|p1b: Garchomp|29/100 brn|[from] brn\n|upkeep\n|turn|12\n|\n|t:|1776000368\n|move|p1b: Garchomp|Dragon Claw|p2b: Charizard\n|-damage|p2b: Charizard|0 fnt\n|faint|p2b: Charizard\n|move|p2a: Rotom|Hydro Pump|p1b: Garchomp\n|-crit|p1b: Garchomp\n|-damage|p1b: Garchomp|0 fnt\n|faint|p1b: Garchomp\n|\n|win|Zaykarom_the\n|raw|rajyesh1's rating: 1089 &rarr; <strong>1061</strong><br />(-28 for losing)\n|raw|Zaykarom_the's rating: 1015 &rarr; <strong>1061</strong><br />(+46 for winning)\n|l|\u2606Zaykarom_the\n|player|p2|\n",
  "uploadtime": 1776000376,
  "views": 16,
  "formatid": "gen9championsvgc2026regma",
  "rating": 1061,
  "private": 0,
  "password": null
}