{
  "id": "gen9championsvgc2026regma-2585216167",
  "format": "[Gen 9 Champions] VGC 2026 Reg M-A",
  "players": [
    "gooseyj",
    "Nezk025"
  ],
  "log": "|j|\u2606gooseyj\n|j|\u2606Nezk025\n|t:|1776326051\n|gametype|doubles\n|player|p1|gooseyj|iris-gen5bw2|1350\n|player|p2|Nezk025|nate|1372\n|gen|9\n|tier|[Gen 9 Champions] VGC 2026 Reg M-A\n|rated|\n|rule|Species Clause: Limit one of each Pok\u00e9mon\n|rule|Item Clause: Limit 1 of each item\n|clearpoke\n|poke|p1|Scizor, L50, M|\n|poke|p1|Milotic, L50, M|\n|poke|p1|Incineroar, L50, F|\n|poke|p1|Sinistcha, L50|\n|poke|p1|Arcanine-Hisui, L50, M|\n|poke|p1|Gengar, L50, F|\n|poke|p2|Blastoise, L50, M|\n|poke|p2|Pelipper, L50, M|\n|poke|p2|Sinistcha, L50|\n|poke|p2|Sneasler, L50, M|\n|poke|p2|Garchomp, L50, M|\n|poke|p2|Kingambit, L50, M|\n|teampreview|4\n|inactive|Battle timer is ON: inactive players will automatically lose when time's up. (requested by gooseyj)\n|inactive|gooseyj has 60 seconds left.\n|inactive|Nezk025 has 60 seconds left.\n|inactive|gooseyj has 30 seconds left.\n|j| DaddysHomeBB\n|inactive|gooseyj has 20 seconds left.\n|inactive|gooseyj has 15 seconds left.\n|inactive|gooseyj has 10 seconds left.\n|inactive|gooseyj has 5 seconds left.\n|\n|t:|1776326141\n|teamsize|p1|4\n|teamsize|p2|4\n|start\n|switch|p1a: Milotic|Milotic, L50, M|100/100\n|switch|p1b: Incineroar|Incineroar, L50, F|100/100\n|switch|p2a: Blastoise|Blastoise, L50, M|100/100\n|switch|p2b: Pelipper|Pelipper, L50, M|100/100\n|-weather|RainDance|[from] ability: Drizzle|[of] p2b: Pelipper\n|-ability|p1b: Incineroar|Intimidate|boost\n|-unboost|p2a: Blastoise|atk|1\n|-unboost|p2b: Pelipper|atk|1\n|turn|1\n|\n|t:|1776326161\n|move|p2a: Blastoise|Protect|p2a: Blastoise\n|-singleturn|p2a: Blastoise|Protect\n|move|p1b: Incineroar|Fake Out|p2a: Blastoise\n|-activate|p2a: Blastoise|move: Protect\n|move|p2b: Pelipper|U-turn|p1a: Milotic\n|-damage|p1a: Milotic|95/100\n|\n|t:|1776326168\n|switch|p2b: Sinistcha|Sinistcha, L50|100/100|[from] U-turn\n|move|p1a: Milotic|Icy Wind|p2a: Blastoise|[spread] p2b\n|-activate|p2a: Blastoise|move: Protect\n|-supereffective|p2b: Sinistcha|1\n|-damage|p2b: Sinistcha|71/100\n|-unboost|p2b: Sinistcha|spe|1\n|\n|-weather|RainDance|[upkeep]\n|-heal|p1a: Milotic|100/100|[from] item: Leftovers\n|upkeep\n|turn|2\n|\n|t:|1776326187\n|switch|p1b: Sinistcha|Sinistcha, L50|100/100\n|detailschange|p2a: Blastoise|Blastoise-Mega, L50, M\n|-mega|p2a: Blastoise|Blastoise|Blastoisinite\n|move|p2a: Blastoise|Water Spout|p1b: Sinistcha|[spread] p1a,p1b\n|-resisted|p1a: Milotic|1\n|-crit|p1a: Milotic\n|-resisted|p1b: Sinistcha|1\n|-crit|p1b: Sinistcha\n|-damage|p1a: Milotic|47/100\n|-damage|p1b: Sinistcha|11/100\n|move|p1a: Milotic|Muddy Water|p2a: Blastoise|[spread] p2a,p2b\n|-resisted|p2a: Blastoise|1\n|-resisted|p2b: Sinistcha|1\n|-damage|p2a: Blastoise|78/100\n|-damage|p2b: Sinistcha|46/100\n|move|p2b: Sinistcha|Trick Room|p2b: Sinistcha\n|-fieldstart|move: Trick Room|[of] p2b: Sinistcha\n|\n|-weather|RainDance|[upkeep]\n|-heal|p1a: Milotic|53/100|[from] item: Leftovers\n|upkeep\n|turn|3\n|inactive|gooseyj has 30 seconds left.\n|\n|t:|1776326213\n|switch|p1b: Incineroar|Incineroar, L50, F|100/100\n|-ability|p1b: Incineroar|Intimidate|boost\n|-unboost|p2a: Blastoise|atk|1\n|-unboost|p2b: Sinistcha|atk|1\n|move|p1a: Milotic|Protect|p1a: Milotic\n|-singleturn|p1a: Milotic|Protect\n|move|p2a: Blastoise|Protect|p2a: Blastoise\n|-singleturn|p2a: Blastoise|Protect\n|move|p2b: Sinistcha|Matcha Gotcha|p1a: Milotic|[spread] p1b\n|-activate|p1a: Milotic|move: Protect\n|-resisted|p1b: Incineroar|1\n|-damage|p1b: Incineroar|89/100\n|-heal|p2b: Sinistcha|53/100|[from] drain|[of] p1b: Incineroar\n|\n|-weather|RainDance|[upkeep]\n|-heal|p1a: Milotic|59/100|[from] item: Leftovers\n|upkeep\n|turn|4\n|inactive|gooseyj has 30 seconds left.\n|inactive|gooseyj has 20 seconds left.\n|inactive|gooseyj has 15 seconds left.\n|inactive|gooseyj has 10 seconds left.\n|\n|t:|1776326258\n|move|p1b: Incineroar|Parting Shot|p2a: Blastoise\n|-unboost|p2a: Blastoise|atk|1\n|-unboost|p2a: Blastoise|spa|1\n|\n|t:|1776326262\n|switch|p1b: Sinistcha|Sinistcha, L50|11/100|[from] Parting Shot\n|-heal|p1a: Milotic|84/100|[from] ability: Hospitality|[of] p1b: Sinistcha\n|move|p1a: Milotic|Muddy Water|p2a: Blastoise|[spread] p2a,p2b\n|-resisted|p2a: Blastoise|1\n|-resisted|p2b: Sinistcha|1\n|-damage|p2a: Blastoise|53/100\n|-damage|p2b: Sinistcha|25/100\n|-unboost|p2b: Sinistcha|accuracy|1\n|move|p2a: Blastoise|Water Spout|p1a: Milotic|[spread] p1a,p1b\n|-resisted|p1a: Milotic|1\n|-resisted|p1b: Sinistcha|1\n|-damage|p1a: Milotic|72/100\n|-damage|p1b: Sinistcha|0 fnt\n|faint|p1b: Sinistcha\n|move|p2b: Sinistcha|Trick Room|p2b: Sinistcha\n|-fieldend|move: Trick Room\n|\n|-weather|RainDance|[upkeep]\n|-heal|p1a: Milotic|78/100|[from] item: Leftovers\n|upkeep\n|inactive|gooseyj has 30 seconds left.\n|inactive|gooseyj has 20 seconds left.\n|inactive|gooseyj has 15 seconds left.\n|inactive|gooseyj has 10 seconds left.\n|inactive|gooseyj has 5 seconds left.\n|\n|t:|1776326312\n|switch|p1b: Scizor|Scizor, L50, M|100/100\n|turn|5\n|\n|t:|1776326322\n|switch|p2b: Garchomp|Garchomp, L50, M|100/100\n|detailschange|p1b: Scizor|Scizor-Mega, L50, M\n|-mega|p1b: Scizor|Scizor|Scizorite\n|move|p2a: Blastoise|Protect|p2a: Blastoise\n|-singleturn|p2a: Blastoise|Protect\n|move|p1a: Milotic|Muddy Water|p2a: Blastoise|[spread] p2b\n|-activate|p2a: Blastoise|move: Protect\n|-damage|p2b: Garchomp|46/100\n|move|p1b: Scizor|Swords Dance|p1b: Scizor\n|-boost|p1b: Scizor|atk|2\n|\n|-weather|none\n|-heal|p1a: Milotic|84/100|[from] item: Leftovers\n|upkeep\n|turn|6\n|inactive|gooseyj has 30 seconds left.\n|\n|t:|1776326350\n|switch|p2a: Pelipper|Pelipper, L50, M|100/100\n|-weather|RainDance|[from] ability: Drizzle|[of] p2a: Pelipper\n|move|p1b: Scizor|Bullet Punch|p2b: Garchomp\n|-damage|p2b: Garchomp|0 fnt\n|-damage|p1b: Scizor|88/100|[from] ability: Rough Skin|[of] p2b: Garchomp\n|faint|p2b: Garchomp\n|move|p1a: Milotic|Icy Wind|p2a: Pelipper\n|-damage|p2a: Pelipper|69/100\n|-unboost|p2a: Pelipper|spe|1\n|\n|-weather|RainDance|[upkeep]\n|-heal|p1a: Milotic|90/100|[from] item: Leftovers\n|upkeep\n|\n|t:|1776326365\n|switch|p2b: Blastoise|Blastoise-Mega, L50, M|53/100\n|turn|7\n|inactive|gooseyj has 30 seconds left.\n|inactive|gooseyj has 20 seconds left.\n|inactive|gooseyj has 15 seconds left.\n|inactive|gooseyj has 10 seconds left.\n|inactive|gooseyj has 5 seconds left.\n|\n|t:|1776326419\n|switch|p2a: Sinistcha|Sinistcha, L50|25/100\n|-heal|p2b: Blastoise|78/100|[from] ability: Hospitality|[of] p2a: Sinistcha\n|move|p1b: Scizor|Bullet Punch|p2b: Blastoise\n|-resisted|p2b: Blastoise|1\n|-damage|p2b: Blastoise|39/100\n|move|p2b: Blastoise|Water Spout|p1b: Scizor|[spread] p1a,p1b\n|-resisted|p1a: Milotic|1\n|-damage|p1a: Milotic|75/100\n|-damage|p1b: Scizor|48/100\n|move|p1a: Milotic|Icy Wind|p2b: Blastoise|[spread] p2a\n|-miss|p1a: Milotic|p2b: Blastoise\n|-supereffective|p2a: Sinistcha|1\n|-damage|p2a: Sinistcha|0 fnt\n|faint|p2a: Sinistcha\n|\n|-weather|RainDance|[upkeep]\n|-heal|p1a: Milotic|81/100|[from] item: Leftovers\n|upkeep\n|\n|t:|1776326431\n|switch|p2a: Pelipper|Pelipper, L50, M|69/100\n|turn|8\n|\n|t:|1776326444\n|move|p2b: Blastoise|Protect|p2b: Blastoise\n|-singleturn|p2b: Blastoise|Protect\n|move|p1b: Scizor|Protect|p1b: Scizor\n|-singleturn|p1b: Scizor|Protect\n|move|p2a: Pelipper|Weather Ball|p1b: Scizor\n|-activate|p1b: Scizor|move: Protect\n|move|p1a: Milotic|Icy Wind|p2b: Blastoise|[spread] p2a\n|-activate|p2b: Blastoise|move: Protect\n|-damage|p2a: Pelipper|49/100\n|-unboost|p2a: Pelipper|spe|1\n|\n|-weather|RainDance|[upkeep]\n|-heal|p1a: Milotic|87/100|[from] item: Leftovers\n|upkeep\n|turn|9\n|-message|Nezk025 forfeited.\n|\n|win|gooseyj\n|raw|gooseyj's rating: 1350 &rarr; <strong>1371</strong><br />(+21 for winning)\n|raw|Nezk025's rating: 1372 &rarr; <strong>1351</strong><br />(-21 for losing)\n|l|\u2606Nezk025\n|player|p2|\n",
  "uploadtime": 1776326461,
  "views": 36,
  "formatid": "gen9championsvgc2026regma",
  "rating": 1351,
  "private": 0,
  "password": null
}