{
  "id": "gen9championsvgc2026regma-2582370254",
  "format": "[Gen 9 Champions] VGC 2026 Reg M-A",
  "players": [
    "maku8319",
    "littlewhblack"
  ],
  "log": "|j|\u2606maku8319\n|j|\u2606littlewhblack\n|t:|1776087062\n|gametype|doubles\n|player|p1|maku8319|red|1146\n|player|p2|littlewhblack|102|1204\n|gen|9\n|tier|[Gen 9 Champions] VGC 2026 Reg M-A\n|rated|\n|rule|Species Clause: Limit one of each Pok\u00e9mon\n|rule|Item Clause: Limit 1 of each item\n|clearpoke\n|poke|p1|Corviknight, L50, F|\n|poke|p1|Raichu, L50, F|\n|poke|p1|Delphox, L50, F|\n|poke|p1|Garchomp, L50, F|\n|poke|p1|Sinistcha, L50|\n|poke|p1|Primarina, L50, M|\n|poke|p2|Charizard, L50, M|\n|poke|p2|Incineroar, L50, F|\n|poke|p2|Garchomp, L50, F|\n|poke|p2|Whimsicott, L50, F|\n|poke|p2|Gengar, L50, M|\n|poke|p2|Corviknight, L50, M|\n|teampreview|4\n|inactive|Battle timer is ON: inactive players will automatically lose when time's up. (requested by littlewhblack)\n|inactive|maku8319 has 60 seconds left.\n|\n|t:|1776087142\n|teamsize|p1|4\n|teamsize|p2|4\n|start\n|switch|p1a: Garchomp|Garchomp, L50, F|100/100\n|switch|p1b: Delphox|Delphox, L50, F|100/100\n|switch|p2a: Incineroar|Incineroar, L50, F|100/100\n|switch|p2b: Garchomp|Garchomp, L50, F|100/100\n|-ability|p2a: Incineroar|Intimidate|boost\n|-unboost|p1a: Garchomp|atk|1\n|-unboost|p1b: Delphox|atk|1\n|turn|1\n|inactive|maku8319 has 30 seconds left.\n|inactive|littlewhblack has 30 seconds left.\n|\n|t:|1776087169\n|detailschange|p1b: Delphox|Delphox-Mega, L50, F\n|-mega|p1b: Delphox|Delphox|Delphoxite\n|move|p2a: Incineroar|Fake Out|p1a: Garchomp\n|-damage|p1a: Garchomp|90/100\n|-damage|p2a: Incineroar|88/100|[from] ability: Rough Skin|[of] p1a: Garchomp\n|move|p2b: Garchomp|Dragon Claw|p1a: Garchomp\n|-supereffective|p1a: Garchomp|1\n|-damage|p1a: Garchomp|0 fnt\n|-damage|p2b: Garchomp|88/100|[from] ability: Rough Skin|[of] p1a: Garchomp\n|faint|p1a: Garchomp\n|move|p1b: Delphox|Psychic|p2b: Garchomp\n|-damage|p2b: Garchomp|37/100\n|\n|upkeep\n|\n|t:|1776087181\n|switch|p1a: Primarina|Primarina, L50, M|100/100\n|turn|2\n|\n|t:|1776087194\n|switch|p2b: Whimsicott|Whimsicott, L50, F|100/100\n|move|p1b: Delphox|Calm Mind|p1b: Delphox\n|-boost|p1b: Delphox|spa|1\n|-boost|p1b: Delphox|spd|1\n|move|p1a: Primarina|Hyper Voice|p2b: Whimsicott|[spread] p2a,p2b\n|-supereffective|p2a: Incineroar|1\n|-resisted|p2b: Whimsicott|1\n|-damage|p2a: Incineroar|0 fnt\n|-damage|p2b: Whimsicott|63/100\n|faint|p2a: Incineroar\n|\n|upkeep\n|\n|t:|1776087207\n|switch|p2a: Charizard|Charizard, L50, M, shiny|100/100\n|turn|3\n|\n|t:|1776087222\n|detailschange|p2a: Charizard|Charizard-Mega-Y, L50, M, shiny\n|-mega|p2a: Charizard|Charizard|Charizardite Y\n|-weather|SunnyDay|[from] ability: Drought|[of] p2a: Charizard\n|move|p2b: Whimsicott|Encore|p1b: Delphox\n|-start|p1b: Delphox|Encore\n|move|p1b: Delphox|Calm Mind|p1b: Delphox\n|-boost|p1b: Delphox|spa|1\n|-boost|p1b: Delphox|spd|1\n|move|p2a: Charizard|Heat Wave|p1a: Primarina|[spread] p1a,p1b\n|-resisted|p1a: Primarina|1\n|-resisted|p1b: Delphox|1\n|-damage|p1a: Primarina|71/100\n|-damage|p1b: Delphox|87/100\n|move|p1a: Primarina|Hyper Voice|p2a: Charizard|[spread] p2a,p2b\n|-supereffective|p2a: Charizard|1\n|-resisted|p2b: Whimsicott|1\n|-damage|p2a: Charizard|63/100\n|-damage|p2b: Whimsicott|46/100\n|\n|-weather|SunnyDay|[upkeep]\n|upkeep\n|turn|4\n|\n|t:|1776087243\n|switch|p2b: Garchomp|Garchomp, L50, F|37/100\n|move|p1b: Delphox|Calm Mind|p1b: Delphox\n|-boost|p1b: Delphox|spa|1\n|-boost|p1b: Delphox|spd|1\n|move|p2a: Charizard|Solar Beam||[still]\n|-prepare|p2a: Charizard|Solar Beam\n|-anim|p2a: Charizard|Solar Beam|p1a: Primarina\n|-supereffective|p1a: Primarina|1\n|-damage|p1a: Primarina|0 fnt\n|faint|p1a: Primarina\n|\n|-weather|SunnyDay|[upkeep]\n|upkeep\n|\n|t:|1776087251\n|switch|p1a: Corviknight|Corviknight, L50, F, shiny|100/100\n|turn|5\n|\n|t:|1776087270\n|move|p2b: Garchomp|Rock Slide|p1a: Corviknight|[spread] p1a,p1b\n|-supereffective|p1b: Delphox|1\n|-damage|p1a: Corviknight|86/100\n|-damage|p1b: Delphox|38/100\n|move|p1b: Delphox|Calm Mind|p1b: Delphox\n|-boost|p1b: Delphox|spa|1\n|-boost|p1b: Delphox|spd|1\n|move|p2a: Charizard|Heat Wave|p1a: Corviknight|[spread] p1a,p1b\n|-supereffective|p1a: Corviknight|1\n|-resisted|p1b: Delphox|1\n|-damage|p1a: Corviknight|0 fnt\n|-damage|p1b: Delphox|28/100\n|faint|p1a: Corviknight\n|\n|-weather|SunnyDay|[upkeep]\n|-end|p1b: Delphox|Encore\n|upkeep\n|turn|6\n|inactive|littlewhblack has 30 seconds left.\n|inactive|littlewhblack has 20 seconds left.\n|inactive|littlewhblack has 15 seconds left.\n|inactive|littlewhblack has 10 seconds left.\n|inactive|littlewhblack has 5 seconds left.\n|\n|t:|1776087320\n|move|p2b: Garchomp|Rock Slide|p1b: Delphox\n|-supereffective|p1b: Delphox|1\n|-damage|p1b: Delphox|0 fnt\n|faint|p1b: Delphox\n|\n|win|littlewhblack\n|raw|maku8319's rating: 1146 &rarr; <strong>1125</strong><br />(-21 for losing)\n|raw|littlewhblack's rating: 1204 &rarr; <strong>1225</strong><br />(+21 for winning)\n",
  "uploadtime": 1776087325,
  "views": 19,
  "formatid": "gen9championsvgc2026regma",
  "rating": 1125,
  "private": 0,
  "password": null
}