{
  "id": "gen9championsvgc2026regma-2585920377",
  "format": "[Gen 9 Champions] VGC 2026 Reg M-A",
  "players": [
    "rmc26bola",
    "PurelyCynical"
  ],
  "log": "|j|\u2606rmc26bola\n|j|\u2606PurelyCynical\n|t:|1776381559\n|gametype|doubles\n|player|p1|rmc26bola|red|1062\n|player|p2|PurelyCynical|ingo|1068\n|gen|9\n|tier|[Gen 9 Champions] VGC 2026 Reg M-A\n|rated|\n|rule|Species Clause: Limit one of each Pok\u00e9mon\n|rule|Item Clause: Limit 1 of each item\n|clearpoke\n|poke|p1|Drampa, L50, F|\n|poke|p1|Alakazam, L50, F|\n|poke|p1|Pelipper, L50, M|\n|poke|p1|Basculegion, L50, M|\n|poke|p1|Sinistcha, L50|\n|poke|p1|Blastoise, L50, M|\n|poke|p2|Gardevoir, L50, F|\n|poke|p2|Incineroar, L50, M|\n|poke|p2|Dragapult, L50, M|\n|poke|p2|Maushold, L50|\n|poke|p2|Sneasler, L50, F|\n|poke|p2|Rotom-Mow, L50|\n|teampreview|4\n|\n|t:|1776381620\n|teamsize|p1|4\n|teamsize|p2|4\n|start\n|switch|p1a: Basculegion|Basculegion, L50, M|100/100\n|switch|p1b: Drampa|Drampa, L50, F|100/100\n|switch|p2a: Incineroar|Incineroar, L50, M, shiny|100/100\n|switch|p2b: Rotom|Rotom-Mow, L50, shiny|100/100\n|-ability|p2a: Incineroar|Intimidate|boost\n|-unboost|p1a: Basculegion|atk|1\n|-unboost|p1b: Drampa|atk|1\n|-ability|p1b: Drampa|Cloud Nine\n|turn|1\n|inactive|Battle timer is ON: inactive players will automatically lose when time's up. (requested by rmc26bola)\n|inactive|rmc26bola has 60 seconds left.\n|inactive|PurelyCynical has 60 seconds left.\n|\n|t:|1776381674\n|switch|p2a: Dragapult|Dragapult, L50, M, shiny|100/100\n|move|p1b: Drampa|Protect|p1b: Drampa\n|-singleturn|p1b: Drampa|Protect\n|move|p2b: Rotom|Volt Switch|p1a: Basculegion\n|-supereffective|p1a: Basculegion|1\n|-damage|p1a: Basculegion|34/100\n|\n|t:|1776381683\n|switch|p2b: Incineroar|Incineroar, L50, M, shiny|100/100|[from] Volt Switch\n|-ability|p2b: Incineroar|Intimidate|boost\n|-unboost|p1a: Basculegion|atk|1\n|-unboost|p1b: Drampa|atk|1\n|move|p1a: Basculegion|Flip Turn|p2a: Dragapult\n|-resisted|p2a: Dragapult|1\n|-damage|p2a: Dragapult|84/100\n|\n|t:|1776381692\n|switch|p1a: Sinistcha|Sinistcha, L50|100/100|[from] Flip Turn\n|\n|upkeep\n|turn|2\n|\n|t:|1776381702\n|switch|p1b: Pelipper|Pelipper, L50, M|100/100\n|-weather|RainDance|[from] ability: Drizzle|[of] p1b: Pelipper\n|move|p2a: Dragapult|Dragon Darts|p1b: Pelipper\n|-damage|p1b: Pelipper|55/100\n|-anim|p2a: Dragapult|Dragon Darts|p1a: Sinistcha\n|-damage|p1a: Sinistcha|70/100\n|move|p2b: Incineroar|Flare Blitz|p1a: Sinistcha\n|-supereffective|p1a: Sinistcha|1\n|-damage|p1a: Sinistcha|21/100\n|-status|p1a: Sinistcha|brn\n|-enditem|p1a: Sinistcha|Sitrus Berry|[eat]\n|-heal|p1a: Sinistcha|46/100 brn|[from] item: Sitrus Berry\n|-damage|p2b: Incineroar|87/100|[from] Recoil\n|move|p1a: Sinistcha|Trick Room|p1a: Sinistcha\n|-fieldstart|move: Trick Room|[of] p1a: Sinistcha\n|\n|-weather|RainDance|[upkeep]\n|-damage|p1a: Sinistcha|40/100 brn|[from] brn\n|upkeep\n|turn|3\n|inactive|rmc26bola has 30 seconds left.\n|inactive|PurelyCynical has 30 seconds left.\n|\n|t:|1776381736\n|switch|p2a: Rotom|Rotom-Mow, L50, shiny|100/100\n|move|p1a: Sinistcha|Rage Powder|p1a: Sinistcha\n|-singleturn|p1a: Sinistcha|move: Rage Powder\n|move|p2b: Incineroar|Parting Shot|p1a: Sinistcha\n|-unboost|p1a: Sinistcha|atk|1\n|-unboost|p1a: Sinistcha|spa|1\n|\n|t:|1776381757\n|switch|p2b: Dragapult|Dragapult, L50, M, shiny|84/100|[from] Parting Shot\n|move|p1b: Pelipper|Weather Ball|p2b: Dragapult\n|-resisted|p2b: Dragapult|1\n|-damage|p2b: Dragapult|44/100\n|\n|-weather|RainDance|[upkeep]\n|-damage|p1a: Sinistcha|34/100 brn|[from] brn\n|upkeep\n|turn|4\n|\n|t:|1776381778\n|switch|p1b: Drampa|Drampa, L50, F|100/100\n|-ability|p1b: Drampa|Cloud Nine\n|move|p2b: Dragapult|Protect|p2b: Dragapult\n|-singleturn|p2b: Dragapult|Protect\n|move|p1a: Sinistcha|Life Dew||[still]|[spread] p1a,p1b\n|-heal|p1a: Sinistcha|59/100 brn\n|-fail|p1b: Drampa|heal\n|move|p2a: Rotom|Volt Switch|p1b: Drampa\n|-resisted|p1b: Drampa|1\n|-damage|p1b: Drampa|84/100\n|\n|t:|1776381793\n|switch|p2a: Incineroar|Incineroar, L50, M, shiny|87/100|[from] Volt Switch\n|-ability|p2a: Incineroar|Intimidate|boost\n|-unboost|p1a: Sinistcha|atk|1\n|-unboost|p1b: Drampa|atk|1\n|\n|-weather|RainDance|[upkeep]\n|-damage|p1a: Sinistcha|53/100 brn|[from] brn\n|upkeep\n|turn|5\n|\n|t:|1776381804\n|detailschange|p1b: Drampa|Drampa-Mega, L50, F\n|-mega|p1b: Drampa|Drampa|Drampanite\n|move|p2a: Incineroar|Fake Out|p1b: Drampa\n|-damage|p1b: Drampa|74/100\n|move|p1a: Sinistcha|Rage Powder|p1a: Sinistcha\n|-singleturn|p1a: Sinistcha|move: Rage Powder\n|cant|p1b: Drampa|flinch\n|move|p2b: Dragapult|Dragon Darts|p1a: Sinistcha\n|-damage|p1a: Sinistcha|25/100 brn\n|-anim|p2b: Dragapult|Dragon Darts|p1a: Sinistcha\n|-damage|p1a: Sinistcha|0 fnt\n|faint|p1a: Sinistcha\n|\n|-weather|RainDance|[upkeep]\n|upkeep\n|\n|t:|1776381820\n|switch|p1a: Basculegion|Basculegion, L50, M|34/100\n|turn|6\n|\n|t:|1776381841\n|move|p1b: Drampa|Dragon Pulse|p2b: Dragapult\n|-supereffective|p2b: Dragapult|1\n|-damage|p2b: Dragapult|0 fnt\n|faint|p2b: Dragapult\n|move|p2a: Incineroar|Flare Blitz|p1a: Basculegion\n|-resisted|p1a: Basculegion|1\n|-damage|p1a: Basculegion|20/100\n|-damage|p2a: Incineroar|82/100|[from] Recoil\n|move|p1a: Basculegion|Wave Crash|p2a: Incineroar\n|-supereffective|p2a: Incineroar|1\n|-damage|p2a: Incineroar|0 fnt\n|faint|p2a: Incineroar\n|-damage|p1a: Basculegion|0 fnt|[from] Recoil\n|faint|p1a: Basculegion\n|\n|-weather|none\n|-fieldend|move: Trick Room\n|upkeep\n|\n|t:|1776381858\n|switch|p2b: Rotom|Rotom-Mow, L50, shiny|100/100\n|switch|p1a: Pelipper|Pelipper, L50, M|55/100\n|switch|p2a: Gardevoir|Gardevoir, L50, F, shiny|100/100\n|-weather|RainDance|[from] ability: Drizzle|[of] p1a: Pelipper\n|turn|7\n|\n|t:|1776381878\n|detailschange|p2a: Gardevoir|Gardevoir-Mega, L50, F, shiny\n|-mega|p2a: Gardevoir|Gardevoir|Gardevoirite\n|move|p1b: Drampa|Protect|p1b: Drampa\n|-singleturn|p1b: Drampa|Protect\n|move|p2b: Rotom|Thunderbolt|p1a: Pelipper\n|-supereffective|p1a: Pelipper|2\n|-damage|p1a: Pelipper|0 fnt\n|faint|p1a: Pelipper\n|move|p2a: Gardevoir|Hyper Voice|p1b: Drampa\n|-activate|p1b: Drampa|move: Protect\n|\n|-weather|RainDance|[upkeep]\n|upkeep\n|turn|8\n|\n|t:|1776381892\n|move|p2b: Rotom|Thunderbolt|p1b: Drampa\n|-resisted|p1b: Drampa|1\n|-damage|p1b: Drampa|55/100\n|move|p2a: Gardevoir|Hyper Voice|p1b: Drampa\n|-supereffective|p1b: Drampa|1\n|-damage|p1b: Drampa|0 fnt\n|faint|p1b: Drampa\n|\n|win|PurelyCynical\n|raw|rmc26bola's rating: 1062 &rarr; <strong>1043</strong><br />(-19 for losing)\n|raw|PurelyCynical's rating: 1068 &rarr; <strong>1097</strong><br />(+29 for winning)\n",
  "uploadtime": 1776381900,
  "views": 18,
  "formatid": "gen9championsvgc2026regma",
  "rating": 1043,
  "private": 0,
  "password": null
}