{
  "id": "gen9championsvgc2026regma-2587822946",
  "format": "[Gen 9 Champions] VGC 2026 Reg M-A",
  "players": [
    "m4gic_graham",
    "pikafenn"
  ],
  "log": "|j|\u2606m4gic_graham\n|j|\u2606pikafenn\n|t:|1776567611\n|gametype|doubles\n|player|p1|m4gic_graham|steven|1000\n|player|p2|pikafenn|101|1099\n|gen|9\n|tier|[Gen 9 Champions] VGC 2026 Reg M-A\n|rated|\n|rule|Species Clause: Limit one of each Pok\u00e9mon\n|rule|Item Clause: Limit 1 of each item\n|clearpoke\n|poke|p1|Abomasnow, L50, F|\n|poke|p1|Incineroar, L50, F|\n|poke|p1|Slowking-Galar, L50, M|\n|poke|p1|Aerodactyl, L50, M|\n|poke|p1|Beartic, L50, F|\n|poke|p1|Arcanine-Hisui, L50, F|\n|poke|p2|Chesnaught, L50, M|\n|poke|p2|Sinistcha, L50|\n|poke|p2|Garchomp, L50, F|\n|poke|p2|Aerodactyl, L50, F|\n|poke|p2|Empoleon, L50, F|\n|poke|p2|Incineroar, L50, M|\n|teampreview|4\n|inactive|Battle timer is ON: inactive players will automatically lose when time's up. (requested by m4gic_graham)\n|inactive|pikafenn has 60 seconds left.\n|\n|t:|1776567650\n|teamsize|p1|4\n|teamsize|p2|4\n|start\n|switch|p1a: Incineroar|Incineroar, L50, F|100/100\n|switch|p1b: Arcanine|Arcanine-Hisui, L50, F|100/100\n|switch|p2a: Incineroar|Incineroar, L50, M|100/100\n|switch|p2b: Empoleon|Empoleon, L50, F|100/100\n|-ability|p1b: Arcanine|Intimidate|boost\n|-unboost|p2a: Incineroar|atk|1\n|-unboost|p2b: Empoleon|atk|1\n|-ability|p2b: Empoleon|Competitive|boost\n|-boost|p2b: Empoleon|spa|2\n|-ability|p1a: Incineroar|Intimidate|boost\n|-unboost|p2a: Incineroar|atk|1\n|-unboost|p2b: Empoleon|atk|1\n|-ability|p2b: Empoleon|Competitive|boost\n|-boost|p2b: Empoleon|spa|2\n|-ability|p2a: Incineroar|Intimidate|boost\n|-unboost|p1a: Incineroar|atk|1\n|-unboost|p1b: Arcanine|atk|1\n|turn|1\n|inactive|m4gic_graham has 30 seconds left.\n|inactive|pikafenn has 30 seconds left.\n|\n|t:|1776567681\n|switch|p2a: Sinistcha|Sinistcha, L50|100/100\n|move|p2b: Empoleon|Protect|p2b: Empoleon\n|-singleturn|p2b: Empoleon|Protect\n|move|p1a: Incineroar|Fake Out|p2b: Empoleon\n|-activate|p2b: Empoleon|move: Protect\n|move|p1b: Arcanine|Close Combat|p2b: Empoleon\n|-activate|p2b: Empoleon|move: Protect\n|\n|upkeep\n|turn|2\n|inactive|m4gic_graham has 30 seconds left.\n|inactive|pikafenn has 30 seconds left.\n|\n|t:|1776567707\n|move|p2a: Sinistcha|Rage Powder|p2a: Sinistcha\n|-singleturn|p2a: Sinistcha|move: Rage Powder\n|move|p1b: Arcanine|Close Combat|p2a: Sinistcha\n|-immune|p2a: Sinistcha\n|move|p1a: Incineroar|Parting Shot|p2a: Sinistcha\n|-unboost|p2a: Sinistcha|atk|1\n|-unboost|p2a: Sinistcha|spa|1\n|\n|t:|1776567722\n|switch|p1a: Abomasnow|Abomasnow, L50, F|100/100|[from] Parting Shot\n|-weather|Snowscape|[from] ability: Snow Warning|[of] p1a: Abomasnow\n|move|p2b: Empoleon|Hydro Pump|p1a: Abomasnow\n|-resisted|p1a: Abomasnow|1\n|-damage|p1a: Abomasnow|2/100\n|\n|-weather|Snowscape|[upkeep]\n|upkeep\n|turn|3\n|\n|t:|1776567737\n|switch|p1b: Beartic|Beartic, L50, F|100/100\n|detailschange|p1a: Abomasnow|Abomasnow-Mega, L50, F\n|-mega|p1a: Abomasnow|Abomasnow|Abomasite\n|move|p1a: Abomasnow|Protect|p1a: Abomasnow\n|-singleturn|p1a: Abomasnow|Protect\n|move|p2a: Sinistcha|Rage Powder|p2a: Sinistcha\n|-singleturn|p2a: Sinistcha|move: Rage Powder\n|move|p2b: Empoleon|Flash Cannon|p1a: Abomasnow\n|-activate|p1a: Abomasnow|move: Protect\n|\n|-weather|Snowscape|[upkeep]\n|upkeep\n|turn|4\n|inactive|m4gic_graham has 30 seconds left.\n|inactive|pikafenn has 30 seconds left.\n|inactive|m4gic_graham has 20 seconds left.\n|inactive|pikafenn has 20 seconds left.\n|\n|t:|1776567773\n|switch|p2a: Incineroar|Incineroar, L50, M|100/100\n|-ability|p2a: Incineroar|Intimidate|boost\n|-unboost|p1a: Abomasnow|atk|1\n|-unboost|p1b: Beartic|atk|1\n|move|p1b: Beartic|Crunch|p2a: Incineroar\n|-resisted|p2a: Incineroar|1\n|-damage|p2a: Incineroar|93/100\n|move|p2b: Empoleon|Flash Cannon|p1b: Beartic\n|-supereffective|p1b: Beartic|1\n|-damage|p1b: Beartic|0 fnt\n|faint|p1b: Beartic\n|move|p1a: Abomasnow|Blizzard|p2b: Empoleon|[spread] p2a,p2b\n|-resisted|p2a: Incineroar|1\n|-resisted|p2b: Empoleon|2\n|-damage|p2a: Incineroar|70/100\n|-damage|p2b: Empoleon|90/100\n|\n|-weather|Snowscape|[upkeep]\n|upkeep\n|\n|t:|1776567788\n|switch|p1b: Incineroar|Incineroar, L50, F|100/100\n|-ability|p1b: Incineroar|Intimidate|boost\n|-unboost|p2a: Incineroar|atk|1\n|-unboost|p2b: Empoleon|atk|1\n|-ability|p2b: Empoleon|Competitive|boost\n|-boost|p2b: Empoleon|spa|2\n|turn|5\n|\n|t:|1776567809\n|switch|p2a: Sinistcha|Sinistcha, L50|100/100\n|-heal|p2b: Empoleon|100/100|[from] ability: Hospitality|[of] p2a: Sinistcha\n|move|p1b: Incineroar|Protect|p1b: Incineroar\n|-singleturn|p1b: Incineroar|Protect\n|move|p1a: Abomasnow|Protect|p1a: Abomasnow\n|-singleturn|p1a: Abomasnow|Protect\n|move|p2b: Empoleon|Flash Cannon|p1a: Abomasnow\n|-activate|p1a: Abomasnow|move: Protect\n|\n|-weather|Snowscape|[upkeep]\n|upkeep\n|turn|6\n|\n|t:|1776567827\n|move|p1a: Abomasnow|Ice Shard|p2a: Sinistcha\n|-supereffective|p2a: Sinistcha|1\n|-damage|p2a: Sinistcha|83/100\n|move|p1b: Incineroar|Flare Blitz|p2a: Sinistcha\n|-supereffective|p2a: Sinistcha|1\n|-damage|p2a: Sinistcha|14/100\n|-enditem|p2a: Sinistcha|Sitrus Berry|[eat]\n|-heal|p2a: Sinistcha|39/100|[from] item: Sitrus Berry\n|-damage|p1b: Incineroar|77/100|[from] Recoil\n|move|p2b: Empoleon|Flash Cannon|p1a: Abomasnow\n|-supereffective|p1a: Abomasnow|1\n|-damage|p1a: Abomasnow|0 fnt\n|faint|p1a: Abomasnow\n|move|p2a: Sinistcha|Trick Room|p2a: Sinistcha\n|-fieldstart|move: Trick Room|[of] p2a: Sinistcha\n|\n|-weather|none\n|upkeep\n|\n|t:|1776567833\n|switch|p1a: Arcanine|Arcanine-Hisui, L50, F|100/100\n|-ability|p1a: Arcanine|Intimidate|boost\n|-unboost|p2a: Sinistcha|atk|1\n|-unboost|p2b: Empoleon|atk|1\n|-boost|p2b: Empoleon|spa|0\n|turn|7\n|inactive|pikafenn has 30 seconds left.\n|\n|t:|1776567865\n|move|p2a: Sinistcha|Rage Powder|p2a: Sinistcha\n|-singleturn|p2a: Sinistcha|move: Rage Powder\n|move|p2b: Empoleon|Hydro Pump|p1b: Incineroar\n|-supereffective|p1b: Incineroar|1\n|-damage|p1b: Incineroar|0 fnt\n|faint|p1b: Incineroar\n|move|p1a: Arcanine|Close Combat|p2a: Sinistcha\n|-immune|p2a: Sinistcha\n|\n|upkeep\n|turn|8\n|\n|t:|1776567880\n|move|p2a: Sinistcha|Rage Powder|p2a: Sinistcha\n|-singleturn|p2a: Sinistcha|move: Rage Powder\n|move|p2b: Empoleon|Hydro Pump|p1a: Arcanine\n|-supereffective|p1a: Arcanine|2\n|-damage|p1a: Arcanine|0 fnt\n|faint|p1a: Arcanine\n|\n|win|pikafenn\n|raw|m4gic_graham's rating: 1000 &rarr; <strong>1000</strong><br />(+0 for losing)\n|raw|pikafenn's rating: 1099 &rarr; <strong>1117</strong><br />(+18 for winning)\n|c|\u2606m4gic_graham|ggs\n|l|\u2606m4gic_graham\n|player|p1|\n|c|\u2606pikafenn|gg\n",
  "uploadtime": 1776567892,
  "views": 7,
  "formatid": "gen9championsvgc2026regma",
  "rating": 1000,
  "private": 0,
  "password": null
}