{
  "id": "gen9championsvgc2026regma-2583779118",
  "format": "[Gen 9 Champions] VGC 2026 Reg M-A",
  "players": [
    "skeletoreum",
    "Silencedkill"
  ],
  "log": "|j|\u2606skeletoreum\n|j|\u2606Silencedkill\n|t:|1776197114\n|gametype|doubles\n|player|p1|skeletoreum|2|1026\n|player|p2|Silencedkill|1|1108\n|gen|9\n|tier|[Gen 9 Champions] VGC 2026 Reg M-A\n|rated|\n|rule|Species Clause: Limit one of each Pok\u00e9mon\n|rule|Item Clause: Limit 1 of each item\n|clearpoke\n|poke|p1|Espathra, L50, F|\n|poke|p1|Kommo-o, L50, M|\n|poke|p1|Scizor, L50, M|\n|poke|p1|Alcremie, L50, F|\n|poke|p1|Maushold-Four, L50|\n|poke|p1|Scovillain, L50, M|\n|poke|p2|Sandaconda, L50, F|\n|poke|p2|Tyranitar, L50, F|\n|poke|p2|Sinistcha-Masterpiece, L50|\n|poke|p2|Incineroar, L50, F|\n|poke|p2|Sableye, L50, M|\n|poke|p2|Toxapex, L50, M|\n|teampreview|4\n|inactive|Battle timer is ON: inactive players will automatically lose when time's up. (requested by skeletoreum)\n|inactive|skeletoreum has 60 seconds left.\n|inactive|skeletoreum has 30 seconds left.\n|\n|t:|1776197183\n|teamsize|p1|4\n|teamsize|p2|4\n|start\n|switch|p1a: Kommo-o|Kommo-o, L50, M|100/100\n|switch|p1b: Alcremie|Alcremie, L50, F|100/100\n|switch|p2a: Sandaconda|Sandaconda, L50, F, shiny|100/100\n|switch|p2b: Incineroar|Incineroar, L50, F|100/100\n|-ability|p2b: Incineroar|Intimidate|boost\n|-unboost|p1a: Kommo-o|atk|1\n|-unboost|p1b: Alcremie|atk|1\n|turn|1\n|inactive|Silencedkill has 30 seconds left.\n|\n|t:|1776197217\n|move|p2b: Incineroar|Fake Out|p1b: Alcremie\n|-damage|p1b: Alcremie|91/100\n|move|p1a: Kommo-o|Clangorous Soul|p1a: Kommo-o\n|-boost|p1a: Kommo-o|atk|1\n|-boost|p1a: Kommo-o|def|1\n|-boost|p1a: Kommo-o|spa|1\n|-boost|p1a: Kommo-o|spd|1\n|-boost|p1a: Kommo-o|spe|1\n|-damage|p1a: Kommo-o|68/100\n|move|p2a: Sandaconda|Minimize|p2a: Sandaconda\n|-boost|p2a: Sandaconda|evasion|2\n|cant|p1b: Alcremie|flinch\n|\n|upkeep\n|turn|2\n|inactive|skeletoreum has 30 seconds left.\n|inactive|skeletoreum has 20 seconds left.\n|\n|t:|1776197255\n|move|p2b: Incineroar|Protect|p2b: Incineroar\n|-singleturn|p2b: Incineroar|Protect\n|move|p1a: Kommo-o|Clanging Scales|p2b: Incineroar|[spread] p2a\n|-activate|p2b: Incineroar|move: Protect\n|-damage|p2a: Sandaconda|65/100\n|-unboost|p1a: Kommo-o|def|1\n|move|p2a: Sandaconda|Minimize|p2a: Sandaconda\n|-boost|p2a: Sandaconda|evasion|2\n|move|p1b: Alcremie|Decorate|p1a: Kommo-o\n|-boost|p1a: Kommo-o|atk|2\n|-boost|p1a: Kommo-o|spa|2\n|\n|upkeep\n|turn|3\n|inactive|Silencedkill has 30 seconds left.\n|\n|t:|1776197283\n|switch|p1b: Scovillain|Scovillain, L50, M|100/100\n|switch|p2b: Tyranitar|Tyranitar, L50, F|100/100\n|-weather|Sandstorm|[from] ability: Sand Stream|[of] p2b: Tyranitar\n|move|p1a: Kommo-o|Clanging Scales|p2b: Tyranitar|[spread] p2b\n|-miss|p1a: Kommo-o|p2a: Sandaconda\n|-damage|p2b: Tyranitar|61/100\n|-unboost|p1a: Kommo-o|def|1\n|move|p2a: Sandaconda|Sand Tomb|p1a: Kommo-o|[miss]\n|-miss|p2a: Sandaconda|p1a: Kommo-o\n|\n|-weather|Sandstorm|[upkeep]\n|-damage|p1a: Kommo-o|62/100|[from] Sandstorm\n|-damage|p1b: Scovillain|95/100|[from] Sandstorm\n|-ability|p1b: Scovillain|Moody|boost\n|-boost|p1b: Scovillain|atk|2\n|-unboost|p1b: Scovillain|def|1\n|upkeep\n|turn|4\n|inactive|skeletoreum has 30 seconds left.\n|inactive|Silencedkill has 30 seconds left.\n|\n|t:|1776197315\n|detailschange|p1b: Scovillain|Scovillain-Mega, L50, M\n|-mega|p1b: Scovillain|Scovillain|Scovillainite\n|move|p1b: Scovillain|Helping Hand|p1a: Kommo-o\n|-singleturn|p1a: Kommo-o|Helping Hand|[of] p1b: Scovillain\n|move|p2b: Tyranitar|Protect|p2b: Tyranitar\n|-singleturn|p2b: Tyranitar|Protect\n|move|p1a: Kommo-o|Clanging Scales|p2b: Tyranitar|[spread] \n|-activate|p2b: Tyranitar|move: Protect\n|-miss|p1a: Kommo-o|p2a: Sandaconda\n|move|p2a: Sandaconda|Sand Tomb|p1a: Kommo-o\n|-damage|p1a: Kommo-o|42/100\n|-activate|p1a: Kommo-o|move: Sand Tomb|[of] p2a: Sandaconda\n|-enditem|p1a: Kommo-o|Sitrus Berry|[eat]\n|-heal|p1a: Kommo-o|67/100|[from] item: Sitrus Berry\n|\n|-weather|Sandstorm|[upkeep]\n|-damage|p1a: Kommo-o|61/100|[from] Sandstorm\n|-damage|p1b: Scovillain|89/100|[from] Sandstorm\n|-damage|p1a: Kommo-o|49/100|[from] move: Sand Tomb|[partiallytrapped]\n|upkeep\n|turn|5\n|inactive|skeletoreum has 30 seconds left.\n|inactive|Silencedkill has 30 seconds left.\n|\n|t:|1776197345\n|switch|p2b: Incineroar|Incineroar, L50, F|100/100\n|-ability|p2b: Incineroar|Intimidate|boost\n|-unboost|p1a: Kommo-o|atk|1\n|-unboost|p1b: Scovillain|atk|1\n|move|p1a: Kommo-o|Clanging Scales|p2a: Sandaconda|[spread] p2a,p2b\n|-damage|p2a: Sandaconda|6/100\n|-damage|p2b: Incineroar|49/100\n|-enditem|p2b: Incineroar|Sitrus Berry|[eat]\n|-heal|p2b: Incineroar|73/100|[from] item: Sitrus Berry\n|-unboost|p1a: Kommo-o|def|1\n|move|p1b: Scovillain|Giga Drain|p2a: Sandaconda\n|-supereffective|p2a: Sandaconda|1\n|-damage|p2a: Sandaconda|0 fnt\n|-heal|p1b: Scovillain|92/100|[from] drain|[of] p2a: Sandaconda\n|faint|p2a: Sandaconda\n|\n|-weather|Sandstorm|[upkeep]\n|-damage|p1a: Kommo-o|42/100|[from] Sandstorm\n|-damage|p1b: Scovillain|86/100|[from] Sandstorm\n|-damage|p2b: Incineroar|67/100|[from] Sandstorm\n|-end|p1a: Kommo-o|Sand Tomb|[partiallytrapped]|[silent]\n|upkeep\n|-message|Silencedkill forfeited.\n|\n|win|skeletoreum\n|raw|skeletoreum's rating: 1026 &rarr; <strong>1070</strong><br />(+44 for winning)\n|raw|Silencedkill's rating: 1108 &rarr; <strong>1077</strong><br />(-31 for losing)\n|l|\u2606Silencedkill\n|player|p2|\n|c|\u2606skeletoreum|bozo\n",
  "uploadtime": 1776197368,
  "views": 17,
  "formatid": "gen9championsvgc2026regma",
  "rating": 1070,
  "private": 0,
  "password": null
}