{
  "id": "gen9championsvgc2026regma-2586281161",
  "format": "[Gen 9 Champions] VGC 2026 Reg M-A",
  "players": [
    "bjkhvj",
    "Spgdd"
  ],
  "log": "|j|\u2606bjkhvj\n|j|\u2606Spgdd\n|t:|1776420843\n|gametype|doubles\n|player|p1|bjkhvj|linebacker|1000\n|player|p2|Spgdd|miku-water|1040\n|gen|9\n|tier|[Gen 9 Champions] VGC 2026 Reg M-A\n|rated|\n|rule|Species Clause: Limit one of each Pok\u00e9mon\n|rule|Item Clause: Limit 1 of each item\n|clearpoke\n|poke|p1|Dragonite, L50, M|\n|poke|p1|Meganium, L50, M|\n|poke|p1|Pelipper, L50, F|\n|poke|p1|Serperior, L50, M|\n|poke|p1|Maushold-Four, L50|\n|poke|p1|Basculegion-F, L50, F|\n|poke|p2|Starmie, L50|\n|poke|p2|Meganium, L50, F|\n|poke|p2|Pelipper, L50, M|\n|poke|p2|Sableye, L50, M|\n|poke|p2|Garchomp, L50, M|\n|poke|p2|Archaludon, L50, M|\n|teampreview|4\n|inactive|Battle timer is ON: inactive players will automatically lose when time's up. (requested by Spgdd)\n|inactive|Spgdd has 60 seconds left.\n|j| BLK DG\n|\n|t:|1776420887\n|teamsize|p1|4\n|teamsize|p2|4\n|start\n|switch|p1a: Basculegion|Basculegion-F, L50, F|100/100\n|switch|p1b: Pelipper|Pelipper, L50, F|100/100\n|switch|p2a: Sableye|Sableye, L50, M, shiny|100/100\n|switch|p2b: Starmie|Starmie, L50, shiny|100/100\n|-weather|RainDance|[from] ability: Drizzle|[of] p1b: Pelipper\n|turn|1\n|l| BLK DG\n|\n|t:|1776420911\n|detailschange|p2b: Starmie|Starmie-Mega, L50, shiny\n|-mega|p2b: Starmie|Starmie|Starminite\n|move|p2a: Sableye|Quash|p1a: Basculegion\n|-activate|p1a: Basculegion|move: Quash\n|move|p2b: Starmie|Liquidation|p1a: Basculegion\n|-resisted|p1a: Basculegion|1\n|-damage|p1a: Basculegion|31/100\n|move|p1b: Pelipper|Hurricane|p2b: Starmie\n|-damage|p2b: Starmie|47/100\n|move|p1a: Basculegion|Whirlpool|p2a: Sableye|[miss]\n|-miss|p1a: Basculegion|p2a: Sableye\n|\n|-weather|RainDance|[upkeep]\n|upkeep\n|turn|2\n|\n|t:|1776420932\n|move|p2a: Sableye|Quash|p1a: Basculegion\n|-activate|p1a: Basculegion|move: Quash\n|move|p2b: Starmie|Liquidation|p1a: Basculegion\n|-resisted|p1a: Basculegion|1\n|-damage|p1a: Basculegion|0 fnt\n|faint|p1a: Basculegion\n|move|p1b: Pelipper|Hurricane|p2b: Starmie\n|-damage|p2b: Starmie|0 fnt\n|faint|p2b: Starmie\n|\n|-weather|RainDance|[upkeep]\n|upkeep\n|j| BLK DG\n|inactive|bjkhvj has 30 seconds left.\n|\n|t:|1776420962\n|switch|p2b: Archaludon|Archaludon, L50, M, shiny|100/100\n|switch|p1a: Maushold|Maushold-Four, L50|100/100\n|turn|3\n|\n|t:|1776420973\n|move|p2a: Sableye|Taunt|p1a: Maushold\n|-start|p1a: Maushold|move: Taunt\n|move|p1a: Maushold|Population Bomb|p2b: Archaludon\n|-resisted|p2b: Archaludon|1\n|-damage|p2b: Archaludon|96/100\n|-ability|p2b: Archaludon|Stamina|boost\n|-boost|p2b: Archaludon|def|1\n|-resisted|p2b: Archaludon|1\n|-damage|p2b: Archaludon|93/100\n|-ability|p2b: Archaludon|Stamina|boost\n|-boost|p2b: Archaludon|def|1\n|-resisted|p2b: Archaludon|1\n|-damage|p2b: Archaludon|90/100\n|-ability|p2b: Archaludon|Stamina|boost\n|-boost|p2b: Archaludon|def|1\n|-resisted|p2b: Archaludon|1\n|-damage|p2b: Archaludon|89/100\n|-ability|p2b: Archaludon|Stamina|boost\n|-boost|p2b: Archaludon|def|1\n|-resisted|p2b: Archaludon|1\n|-damage|p2b: Archaludon|87/100\n|-ability|p2b: Archaludon|Stamina|boost\n|-boost|p2b: Archaludon|def|1\n|-resisted|p2b: Archaludon|1\n|-damage|p2b: Archaludon|86/100\n|-ability|p2b: Archaludon|Stamina|boost\n|-boost|p2b: Archaludon|def|1\n|-resisted|p2b: Archaludon|1\n|-damage|p2b: Archaludon|84/100\n|-resisted|p2b: Archaludon|1\n|-damage|p2b: Archaludon|83/100\n|-resisted|p2b: Archaludon|1\n|-damage|p2b: Archaludon|82/100\n|-resisted|p2b: Archaludon|1\n|-damage|p2b: Archaludon|81/100\n|-hitcount|p2b: Archaludon|10\n|move|p1b: Pelipper|Hurricane|p2a: Sableye\n|-crit|p2a: Sableye\n|-damage|p2a: Sableye|17/100\n|cant|p2b: Archaludon|flinch\n|\n|-weather|RainDance|[upkeep]\n|-heal|p2a: Sableye|23/100|[from] item: Leftovers\n|upkeep\n|turn|4\n|c| BLK DG|\ud83e\udee3\n|inactive|bjkhvj has 30 seconds left.\n|inactive|Spgdd has 30 seconds left.\n|inactive|bjkhvj has 20 seconds left.\n|inactive|Spgdd has 20 seconds left.\n|inactive|bjkhvj has 15 seconds left.\n|inactive|bjkhvj has 10 seconds left.\n|inactive|bjkhvj has 5 seconds left.\n|\n|t:|1776421028\n|move|p2a: Sableye|Confuse Ray|p1a: Maushold\n|-start|p1a: Maushold|confusion\n|-activate|p1a: Maushold|confusion\n|-damage|p1a: Maushold|86/100|[from] confusion\n|move|p1b: Pelipper|Hurricane|p2a: Sableye\n|-damage|p2a: Sableye|0 fnt\n|faint|p2a: Sableye\n|move|p2b: Archaludon|Electro Shot||[still]\n|-prepare|p2b: Archaludon|Electro Shot\n|-boost|p2b: Archaludon|spa|1\n|-anim|p2b: Archaludon|Electro Shot|p1b: Pelipper\n|-supereffective|p1b: Pelipper|2\n|-enditem|p1b: Pelipper|Focus Sash\n|-damage|p1b: Pelipper|1/100\n|\n|-weather|RainDance|[upkeep]\n|upkeep\n|\n|t:|1776421045\n|switch|p2a: Garchomp|Garchomp, L50, M, shiny|100/100\n|turn|5\n|inactive|bjkhvj has 30 seconds left.\n|inactive|bjkhvj has 20 seconds left.\n|inactive|bjkhvj has 15 seconds left.\n|inactive|bjkhvj has 10 seconds left.\n|inactive|bjkhvj has 5 seconds left.\n|\n|t:|1776421099\n|-end|p1a: Maushold|confusion\n|move|p1a: Maushold|Play Rough|p2a: Garchomp\n|-supereffective|p2a: Garchomp|1\n|-damage|p2a: Garchomp|57/100\n|-unboost|p2a: Garchomp|atk|1\n|-damage|p1a: Maushold|74/100|[from] ability: Rough Skin|[of] p2a: Garchomp\n|move|p2a: Garchomp|Rock Slide|p1b: Pelipper|[spread] p1a,p1b\n|-supereffective|p1b: Pelipper|1\n|-crit|p1b: Pelipper\n|-damage|p1a: Maushold|54/100\n|-damage|p1b: Pelipper|0 fnt\n|faint|p1b: Pelipper\n|-heal|p2a: Garchomp|59/100|[from] item: Shell Bell|[of] p1: Pelipper\n|move|p2b: Archaludon|Electro Shot||[still]\n|-prepare|p2b: Archaludon|Electro Shot\n|-boost|p2b: Archaludon|spa|1\n|-anim|p2b: Archaludon|Electro Shot|p1a: Maushold\n|-damage|p1a: Maushold|0 fnt\n|faint|p1a: Maushold\n|\n|-weather|none\n|upkeep\n|inactive|bjkhvj has 30 seconds left.\n|inactive|bjkhvj has 20 seconds left.\n|inactive|bjkhvj has 15 seconds left.\n|\n|t:|1776421142\n|switch|p1a: Dragonite|Dragonite, L50, M, shiny|100/100\n|turn|6\n|\n|t:|1776421151\n|detailschange|p1a: Dragonite|Dragonite-Mega, L50, M, shiny\n|-mega|p1a: Dragonite|Dragonite|Dragoninite\n|move|p2a: Garchomp|Outrage|p1a: Dragonite\n|-supereffective|p1a: Dragonite|1\n|-damage|p1a: Dragonite|57/100\n|-heal|p2a: Garchomp|64/100|[from] item: Shell Bell|[of] p1a: Dragonite\n|move|p1a: Dragonite|Icy Wind|p2b: Archaludon|[spread] p2b\n|-miss|p1a: Dragonite|p2a: Garchomp\n|-crit|p2b: Archaludon\n|-damage|p2b: Archaludon|58/100\n|-unboost|p2b: Archaludon|spe|1\n|move|p2b: Archaludon|Dragon Pulse|p1a: Dragonite\n|-supereffective|p1a: Dragonite|1\n|-damage|p1a: Dragonite|0 fnt\n|faint|p1a: Dragonite\n|\n|win|Spgdd\n|raw|bjkhvj's rating: 1000 &rarr; <strong>1000</strong><br />(+0 for losing)\n|raw|Spgdd's rating: 1040 &rarr; <strong>1070</strong><br />(+30 for winning)\n|l|\u2606bjkhvj\n|player|p1|\n",
  "uploadtime": 1776421168,
  "views": 26,
  "formatid": "gen9championsvgc2026regma",
  "rating": 1000,
  "private": 0,
  "password": null
}