{
  "id": "gen9championsvgc2026regma-2585798008",
  "format": "[Gen 9 Champions] VGC 2026 Reg M-A",
  "players": [
    "Mentalsyndrome",
    "gjhtjfh"
  ],
  "log": "|j|\u2606Mentalsyndrome\n|j|\u2606gjhtjfh\n|t:|1776371384\n|gametype|doubles\n|player|p1|Mentalsyndrome|2|1092\n|player|p2|gjhtjfh|102|1056\n|gen|9\n|tier|[Gen 9 Champions] VGC 2026 Reg M-A\n|rated|\n|rule|Species Clause: Limit one of each Pok\u00e9mon\n|rule|Item Clause: Limit 1 of each item\n|clearpoke\n|poke|p1|Tinkaton, L50, F|\n|poke|p1|Kangaskhan, L50, F|\n|poke|p1|Farigiraf, L50, M|\n|poke|p1|Camerupt, L50, F|\n|poke|p1|Gardevoir, L50, M|\n|poke|p1|Conkeldurr, L50, F|\n|poke|p2|Tyranitar, L50, F|\n|poke|p2|Excadrill, L50, F|\n|poke|p2|Corviknight, L50, F|\n|poke|p2|Incineroar, L50, M|\n|poke|p2|Rotom-Wash, L50|\n|poke|p2|Sylveon, L50, F|\n|teampreview|4\n|inactive|Battle timer is ON: inactive players will automatically lose when time's up. (requested by Mentalsyndrome)\ngjhtjfh rejected open team sheets.\n|l|\u2606Mentalsyndrome\n|inactive|Mentalsyndrome disconnected and has a minute to reconnect!\n|player|p1|\n|inactive|gjhtjfh has 60 seconds left.\n|j|\u2606Mentalsyndrome\n|inactive|Mentalsyndrome reconnected and has 55 seconds left.\n|player|p1|Mentalsyndrome|2|\n|\n|t:|1776371440\n|teamsize|p1|4\n|teamsize|p2|4\n|start\n|switch|p1a: Kangaskhan|Kangaskhan, L50, F|100/100\n|switch|p1b: Farigiraf|Farigiraf, L50, M|100/100\n|switch|p2a: Incineroar|Incineroar, L50, M|100/100\n|switch|p2b: Corviknight|Corviknight, L50, F|100/100\n|-ability|p2a: Incineroar|Intimidate|boost\n|-fail|p1a: Kangaskhan|unboost|Attack|[from] ability: Scrappy|[of] p1a: Kangaskhan\n|-unboost|p1b: Farigiraf|atk|1\n|turn|1\n|inactive|gjhtjfh has 30 seconds left.\n|\n|t:|1776371468\n|move|p1a: Kangaskhan|Fake Out|p2a: Incineroar\n|-damage|p2a: Incineroar|78/100\n|move|p2b: Corviknight|Iron Defense|p2b: Corviknight\n|-boost|p2b: Corviknight|def|2\n|cant|p2a: Incineroar|flinch\n|move|p1b: Farigiraf|Trick Room|p1b: Farigiraf\n|-fieldstart|move: Trick Room|[of] p1b: Farigiraf\n|\n|upkeep\n|turn|2\n|\n|t:|1776371478\n|move|p1b: Farigiraf|Thunderbolt|p2b: Corviknight\n|-supereffective|p2b: Corviknight|1\n|-damage|p2b: Corviknight|50/100\n|move|p2a: Incineroar|Parting Shot|p1a: Kangaskhan\n|-unboost|p1a: Kangaskhan|atk|1\n|-unboost|p1a: Kangaskhan|spa|1\n|\n|t:|1776371487\n|switch|p2a: Tyranitar|Tyranitar, L50, F, shiny|100/100|[from] Parting Shot\n|-weather|Sandstorm|[from] ability: Sand Stream|[of] p2a: Tyranitar\n|move|p2b: Corviknight|Iron Defense|p2b: Corviknight\n|-boost|p2b: Corviknight|def|2\n|move|p1a: Kangaskhan|Low Kick|p2a: Tyranitar\n|-supereffective|p2a: Tyranitar|2\n|-damage|p2a: Tyranitar|8/100\n|\n|-weather|Sandstorm|[upkeep]\n|-damage|p1b: Farigiraf|95/100|[from] Sandstorm\n|-damage|p1a: Kangaskhan|95/100|[from] Sandstorm\n|-heal|p2b: Corviknight|56/100|[from] item: Leftovers\n|upkeep\n|turn|3\n|\n|t:|1776371503\n|move|p1a: Kangaskhan|Sucker Punch|p2a: Tyranitar\n|-resisted|p2a: Tyranitar|1\n|-damage|p2a: Tyranitar|1/100\n|move|p1b: Farigiraf|Thunderbolt|p2b: Corviknight\n|-supereffective|p2b: Corviknight|1\n|-damage|p2b: Corviknight|5/100\n|move|p2b: Corviknight|Body Press|p1a: Kangaskhan\n|-supereffective|p1a: Kangaskhan|1\n|-damage|p1a: Kangaskhan|0 fnt\n|faint|p1a: Kangaskhan\n|move|p2a: Tyranitar|Knock Off|p1b: Farigiraf\n|-supereffective|p1b: Farigiraf|1\n|-damage|p1b: Farigiraf|0 fnt\n|-enditem|p1b: Farigiraf|Twisted Spoon|[from] move: Knock Off|[of] p2a: Tyranitar\n|faint|p1b: Farigiraf\n|\n|-weather|Sandstorm|[upkeep]\n|-heal|p2b: Corviknight|11/100|[from] item: Leftovers\n|upkeep\n|\n|t:|1776371506\n|switch|p1b: Camerupt|Camerupt, L50, F|100/100\n|switch|p1a: Conkeldurr|Conkeldurr, L50, F|100/100\n|turn|4\n|\n|t:|1776371522\n|switch|p2b: Incineroar|Incineroar, L50, M|78/100\n|-ability|p2b: Incineroar|Intimidate|boost\n|-unboost|p1a: Conkeldurr|atk|1\n|-unboost|p1b: Camerupt|atk|1\n|detailschange|p1b: Camerupt|Camerupt-Mega, L50, F\n|-mega|p1b: Camerupt|Camerupt|Cameruptite\n|move|p2a: Tyranitar|Protect|p2a: Tyranitar\n|-singleturn|p2a: Tyranitar|Protect\n|move|p1b: Camerupt|Eruption|p2a: Tyranitar|[spread] p2b\n|-activate|p2a: Tyranitar|move: Protect\n|-resisted|p2b: Incineroar|1\n|-damage|p2b: Incineroar|43/100\n|-enditem|p2b: Incineroar|Sitrus Berry|[eat]\n|-heal|p2b: Incineroar|67/100|[from] item: Sitrus Berry\n|move|p1a: Conkeldurr|Drain Punch|p2b: Incineroar\n|-supereffective|p2b: Incineroar|1\n|-damage|p2b: Incineroar|0 fnt\n|faint|p2b: Incineroar\n|\n|-weather|Sandstorm|[upkeep]\n|-damage|p1a: Conkeldurr|95/100|[from] Sandstorm\n|upkeep\n|\n|t:|1776371544\n|switch|p2b: Excadrill|Excadrill, L50, F|100/100\n|turn|5\n|\n|t:|1776371552\n|switch|p2a: Corviknight|Corviknight, L50, F|11/100\n|move|p2b: Excadrill|Protect|p2b: Excadrill\n|-singleturn|p2b: Excadrill|Protect\n|move|p1b: Camerupt|Eruption|p2b: Excadrill|[spread] p2a\n|-activate|p2b: Excadrill|move: Protect\n|-supereffective|p2a: Corviknight|1\n|-damage|p2a: Corviknight|0 fnt\n|faint|p2a: Corviknight\n|move|p1a: Conkeldurr|Drain Punch|p2b: Excadrill\n|-activate|p2b: Excadrill|move: Protect\n|\n|-weather|Sandstorm|[upkeep]\n|-damage|p1a: Conkeldurr|89/100|[from] Sandstorm\n|-fieldend|move: Trick Room\n|upkeep\n|\n|t:|1776371566\n|switch|p2a: Tyranitar|Tyranitar, L50, F, shiny|1/100\n|turn|6\n|\n|t:|1776371570\n|move|p2a: Tyranitar|Protect|p2a: Tyranitar\n|-singleturn|p2a: Tyranitar|Protect\n|move|p1b: Camerupt|Protect|p1b: Camerupt\n|-singleturn|p1b: Camerupt|Protect\n|move|p2b: Excadrill|Earthquake|p1b: Camerupt|[spread] p1a\n|-activate|p2a: Tyranitar|move: Protect\n|-activate|p1b: Camerupt|move: Protect\n|-damage|p1a: Conkeldurr|44/100\n|move|p1a: Conkeldurr|Drain Punch|p2b: Excadrill\n|-supereffective|p2b: Excadrill|1\n|-enditem|p2b: Excadrill|Focus Sash\n|-damage|p2b: Excadrill|1/100\n|-heal|p1a: Conkeldurr|93/100|[from] drain|[of] p2b: Excadrill\n|\n|-weather|none\n|upkeep\n|turn|7\n|\n|t:|1776371588\n|detailschange|p2a: Tyranitar|Tyranitar-Mega, L50, F, shiny\n|-mega|p2a: Tyranitar|Tyranitar|Tyranitarite\n|-weather|Sandstorm|[from] ability: Sand Stream|[of] p2a: Tyranitar\n|move|p1a: Conkeldurr|Mach Punch|p2a: Tyranitar\n|-supereffective|p2a: Tyranitar|2\n|-damage|p2a: Tyranitar|0 fnt\n|faint|p2a: Tyranitar\n|move|p2b: Excadrill|Rock Slide|p1a: Conkeldurr|[spread] p1a,p1b\n|-resisted|p1a: Conkeldurr|1\n|-damage|p1a: Conkeldurr|81/100\n|-damage|p1b: Camerupt|80/100\n|move|p1b: Camerupt|Earth Power|p2b: Excadrill\n|-supereffective|p2b: Excadrill|1\n|-damage|p2b: Excadrill|0 fnt\n|faint|p2b: Excadrill\n|\n|win|Mentalsyndrome\n|raw|Mentalsyndrome's rating: 1092 &rarr; <strong>1115</strong><br />(+23 for winning)\n|raw|gjhtjfh's rating: 1056 &rarr; <strong>1039</strong><br />(-17 for losing)\n",
  "uploadtime": 1776371598,
  "views": 16,
  "formatid": "gen9championsvgc2026regma",
  "rating": 1039,
  "private": 0,
  "password": null
}