{
  "id": "gen9championsvgc2026regma-2586019264",
  "format": "[Gen 9 Champions] VGC 2026 Reg M-A",
  "players": [
    "Phillip Blevin",
    "hipig109"
  ],
  "log": "|j|\u2606Phillip Blevin\n|j|\u2606hipig109\n|t:|1776390828\n|gametype|doubles\n|player|p1|Phillip Blevin|cynthia-masters4|1247\n|player|p2|hipig109|102|1175\n|gen|9\n|tier|[Gen 9 Champions] VGC 2026 Reg M-A\n|rated|\n|rule|Species Clause: Limit one of each Pok\u00e9mon\n|rule|Item Clause: Limit 1 of each item\n|clearpoke\n|poke|p1|Froslass, L50, F|\n|poke|p1|Corviknight, L50, M|\n|poke|p1|Sneasler, L50, F|\n|poke|p1|Rotom-Mow, L50|\n|poke|p1|Incineroar, L50, M|\n|poke|p1|Gyarados, L50, F|\n|poke|p2|Froslass, L50, F|\n|poke|p2|Incineroar, L50, F|\n|poke|p2|Kingambit, L50, M|\n|poke|p2|Basculegion, L50, M|\n|poke|p2|Kommo-o, L50, F|\n|poke|p2|Volcarona, L50, M|\n|teampreview|4\n|inactive|Battle timer is ON: inactive players will automatically lose when time's up. (requested by Phillip Blevin)\nPhillip Blevin has agreed to open team sheets.\n|inactive|hipig109 has 60 seconds left.\n|\n|t:|1776390876\n|teamsize|p1|4\n|teamsize|p2|4\n|start\n|switch|p1a: Incineroar|Incineroar, L50, M|100/100\n|switch|p1b: Gyarados|Gyarados, L50, F|100/100\n|switch|p2a: Froslass|Froslass, L50, F|100/100\n|switch|p2b: Volcarona|Volcarona, L50, M|100/100\n|-ability|p1b: Gyarados|Intimidate|boost\n|-unboost|p2a: Froslass|atk|1\n|-unboost|p2b: Volcarona|atk|1\n|-ability|p1a: Incineroar|Intimidate|boost\n|-unboost|p2a: Froslass|atk|1\n|-unboost|p2b: Volcarona|atk|1\n|turn|1\n|\n|t:|1776390896\n|detailschange|p2a: Froslass|Froslass-Mega, L50, F\n|-mega|p2a: Froslass|Froslass|Froslassite\n|-weather|Snowscape|[from] ability: Snow Warning|[of] p2a: Froslass\n|move|p1a: Incineroar|Fake Out|p2b: Volcarona\n|-damage|p2b: Volcarona|89/100\n|move|p2a: Froslass|Aurora Veil|p2a: Froslass\n|-sidestart|p2: hipig109|move: Aurora Veil\n|cant|p2b: Volcarona|flinch\n|move|p1b: Gyarados|Dragon Dance|p1b: Gyarados\n|-boost|p1b: Gyarados|atk|1\n|-boost|p1b: Gyarados|spe|1\n|\n|-weather|Snowscape|[upkeep]\n|-heal|p2b: Volcarona|95/100|[from] item: Leftovers\n|upkeep\n|turn|2\n|\n|t:|1776390916\n|move|p1b: Gyarados|Protect|p1b: Gyarados\n|-singleturn|p1b: Gyarados|Protect\n|move|p2a: Froslass|Blizzard|p1a: Incineroar|[spread] p1a\n|-activate|p1b: Gyarados|move: Protect\n|-resisted|p1a: Incineroar|1\n|-damage|p1a: Incineroar|81/100\n|move|p2b: Volcarona|Tailwind|p2b: Volcarona\n|-sidestart|p2: hipig109|move: Tailwind\n|move|p1a: Incineroar|Flare Blitz|p2a: Froslass\n|-supereffective|p2a: Froslass|1\n|-damage|p2a: Froslass|31/100\n|-damage|p1a: Incineroar|65/100|[from] Recoil\n|\n|-weather|Snowscape|[upkeep]\n|-heal|p2b: Volcarona|100/100|[from] item: Leftovers\n|upkeep\n|turn|3\n|\n|t:|1776390932\n|move|p2b: Volcarona|Rage Powder|p2b: Volcarona\n|-singleturn|p2b: Volcarona|move: Rage Powder\n|move|p2a: Froslass|Shadow Ball|p1b: Gyarados\n|-damage|p1b: Gyarados|59/100\n|move|p1b: Gyarados|Dragon Dance|p1b: Gyarados\n|-boost|p1b: Gyarados|atk|1\n|-boost|p1b: Gyarados|spe|1\n|move|p1a: Incineroar|Parting Shot|p2b: Volcarona\n|-unboost|p2b: Volcarona|atk|1\n|-unboost|p2b: Volcarona|spa|1\n|\n|t:|1776390939\n|switch|p1a: Sneasler|Sneasler, L50, F|100/100|[from] Parting Shot\n|-ability|p1a: Sneasler|Pressure\n|\n|-weather|Snowscape|[upkeep]\n|upkeep\n|turn|4\n|\n|t:|1776390958\n|move|p2a: Froslass|Shadow Ball|p1b: Gyarados\n|-damage|p1b: Gyarados|17/100\n|-enditem|p1b: Gyarados|Sitrus Berry|[eat]\n|-heal|p1b: Gyarados|42/100|[from] item: Sitrus Berry\n|move|p2b: Volcarona|Heat Wave|p1a: Sneasler|[spread] p1a,p1b\n|-resisted|p1b: Gyarados|1\n|-damage|p1a: Sneasler|70/100\n|-damage|p1b: Gyarados|31/100\n|-status|p1b: Gyarados|brn\n|move|p1b: Gyarados|Waterfall|p2b: Volcarona\n|-supereffective|p2b: Volcarona|1\n|-damage|p2b: Volcarona|44/100\n|move|p1a: Sneasler|Dire Claw|p2a: Froslass\n|-resisted|p2a: Froslass|1\n|-damage|p2a: Froslass|16/100\n|\n|-weather|Snowscape|[upkeep]\n|-heal|p2b: Volcarona|50/100|[from] item: Leftovers\n|-damage|p1b: Gyarados|24/100 brn|[from] brn\n|upkeep\n|turn|5\n|\n|t:|1776390983\n|move|p1b: Gyarados|Protect|p1b: Gyarados\n|-singleturn|p1b: Gyarados|Protect\n|move|p1a: Sneasler|Protect|p1a: Sneasler\n|-singleturn|p1a: Sneasler|Protect\n|move|p2a: Froslass|Blizzard|p1b: Gyarados|[spread] \n|-activate|p1a: Sneasler|move: Protect\n|-activate|p1b: Gyarados|move: Protect\n|move|p2b: Volcarona|Heat Wave|p1b: Gyarados|[spread] \n|-activate|p1a: Sneasler|move: Protect\n|-activate|p1b: Gyarados|move: Protect\n|\n|-weather|none\n|-heal|p2b: Volcarona|57/100|[from] item: Leftovers\n|-damage|p1b: Gyarados|18/100 brn|[from] brn\n|-sideend|p2: hipig109|move: Tailwind\n|-sideend|p2: hipig109|move: Aurora Veil\n|upkeep\n|turn|6\n|inactive|hipig109 has 30 seconds left.\n|\n|t:|1776391012\n|switch|p2a: Kingambit|Kingambit, L50, M|100/100\n|move|p2b: Volcarona|Rage Powder|p2b: Volcarona\n|-singleturn|p2b: Volcarona|move: Rage Powder\n|move|p1b: Gyarados|Waterfall|p2b: Volcarona\n|-supereffective|p2b: Volcarona|1\n|-damage|p2b: Volcarona|0 fnt\n|faint|p2b: Volcarona\n|move|p1a: Sneasler|Dire Claw|p2a: Kingambit\n|-immune|p2a: Kingambit\n|\n|-damage|p1b: Gyarados|12/100 brn|[from] brn\n|upkeep\n|\n|t:|1776391028\n|switch|p2b: Kommo-o|Kommo-o, L50, F|100/100\n|turn|7\n|\n|t:|1776391042\n|move|p2a: Kingambit|Sucker Punch|p1a: Sneasler\n|-resisted|p1a: Sneasler|1\n|-crit|p1a: Sneasler\n|-damage|p1a: Sneasler|6/100\n|move|p1b: Gyarados|Ice Fang|p2b: Kommo-o\n|-supereffective|p2b: Kommo-o|1\n|-damage|p2b: Kommo-o|57/100\n|move|p1a: Sneasler|Close Combat|p2a: Kingambit\n|-supereffective|p2a: Kingambit|2\n|-damage|p2a: Kingambit|0 fnt\n|-unboost|p1a: Sneasler|def|1\n|-unboost|p1a: Sneasler|spd|1\n|faint|p2a: Kingambit\n|-enditem|p1a: Sneasler|White Herb\n|-clearnegativeboost|p1a: Sneasler|[silent]\n|move|p2b: Kommo-o|Clanging Scales|p1b: Gyarados|[spread] p1a,p1b\n|-damage|p1a: Sneasler|0 fnt\n|-damage|p1b: Gyarados|0 fnt\n|faint|p1a: Sneasler\n|faint|p1b: Gyarados\n|-unboost|p2b: Kommo-o|def|1\n|\n|upkeep\n|\n|t:|1776391051\n|switch|p1a: Incineroar|Incineroar, L50, M|65/100\n|switch|p1b: Froslass|Froslass, L50, F|100/100\n|switch|p2a: Froslass|Froslass-Mega, L50, F|16/100\n|-weather|Snowscape|[from] ability: Snow Warning|[of] p2a: Froslass\n|-ability|p1a: Incineroar|Intimidate|boost\n|-unboost|p2a: Froslass|atk|1\n|-unboost|p2b: Kommo-o|atk|1\n|turn|8\n|\n|t:|1776391074\n|detailschange|p1b: Froslass|Froslass-Mega, L50, F\n|-mega|p1b: Froslass|Froslass|Froslassite\n|move|p1a: Incineroar|Fake Out|p2b: Kommo-o\n|-damage|p2b: Kommo-o|43/100\n|move|p1b: Froslass|Blizzard|p2a: Froslass|[spread] p2a,p2b\n|-resisted|p2a: Froslass|1\n|-supereffective|p2b: Kommo-o|1\n|-damage|p2a: Froslass|0 fnt\n|-damage|p2b: Kommo-o|0 fnt\n|faint|p2a: Froslass\n|faint|p2b: Kommo-o\n|\n|win|Phillip Blevin\n|raw|Phillip Blevin's rating: 1247 &rarr; <strong>1267</strong><br />(+20 for winning)\n|raw|hipig109's rating: 1175 &rarr; <strong>1155</strong><br />(-20 for losing)\n",
  "uploadtime": 1776391075,
  "views": 16,
  "formatid": "gen9championsvgc2026regma",
  "rating": 1155,
  "private": 0,
  "password": null
}