{
  "id": "gen9championsvgc2026regma-2587081473",
  "format": "[Gen 9 Champions] VGC 2026 Reg M-A",
  "players": [
    "Aussie Jim",
    "koxicity"
  ],
  "log": "|j|\u2606Aussie Jim\n|j|\u2606koxicity\n|t:|1776490824\n|gametype|doubles\n|player|p1|Aussie Jim|1|1059\n|player|p2|koxicity|1|1035\n|gen|9\n|tier|[Gen 9 Champions] VGC 2026 Reg M-A\n|rated|\n|rule|Species Clause: Limit one of each Pok\u00e9mon\n|rule|Item Clause: Limit 1 of each item\n|clearpoke\n|poke|p1|Kommo-o, L50, M|\n|poke|p1|Espathra, L50, M|\n|poke|p1|Greninja, L50, F|\n|poke|p1|Sylveon, L50, M|\n|poke|p1|Kangaskhan, L50, F|\n|poke|p1|Incineroar, L50, M|\n|poke|p2|Delphox, L50, M|\n|poke|p2|Rotom-Wash, L50|\n|poke|p2|Incineroar, L50, F|\n|poke|p2|Sinistcha-Masterpiece, L50|\n|poke|p2|Sneasler, L50, M|\n|poke|p2|Ninetales-Alola, L50, F|\n|teampreview|4\n|inactive|Battle timer is ON: inactive players will automatically lose when time's up. (requested by Aussie Jim)\n|\n|t:|1776490846\n|teamsize|p1|4\n|teamsize|p2|4\n|start\n|switch|p1a: Greninja|Greninja, L50, F|100/100\n|switch|p1b: Espathra|Espathra, L50, M|100/100\n|switch|p2a: Sneasler|Sneasler, L50, M|100/100\n|switch|p2b: Incineroar|Incineroar, L50, F|100/100\n|-ability|p2b: Incineroar|Intimidate|boost\n|-unboost|p1a: Greninja|atk|1\n|-unboost|p1b: Espathra|atk|1\n|turn|1\n|\n|t:|1776490867\n|move|p1a: Greninja|Upper Hand|p2a: Sneasler\n|-start|p1a: Greninja|typechange|Fighting|[from] ability: Protean\n|-resisted|p2a: Sneasler|1\n|-damage|p2a: Sneasler|90/100\n|cant|p2a: Sneasler|flinch\n|move|p2b: Incineroar|Fake Out|p1a: Greninja\n|-damage|p1a: Greninja|79/100\n|move|p1b: Espathra|Substitute|p1b: Espathra\n|-start|p1b: Espathra|Substitute\n|-damage|p1b: Espathra|76/100\n|\n|-ability|p1b: Espathra|Speed Boost|boost\n|-boost|p1b: Espathra|spe|1\n|upkeep\n|turn|2\n|inactive|Aussie Jim has 30 seconds left.\n|\n|t:|1776490893\n|switch|p1a: Kangaskhan|Kangaskhan, L50, F|100/100\n|move|p1b: Espathra|Calm Mind|p1b: Espathra\n|-boost|p1b: Espathra|spa|1\n|-boost|p1b: Espathra|spd|1\n|move|p2a: Sneasler|Dire Claw|p1b: Espathra\n|-end|p1b: Espathra|Substitute\n|move|p2b: Incineroar|Throat Chop|p1b: Espathra\n|-supereffective|p1b: Espathra|1\n|-damage|p1b: Espathra|12/100\n|-start|p1b: Espathra|Throat Chop|[silent]\n|\n|-ability|p1b: Espathra|Speed Boost|boost\n|-boost|p1b: Espathra|spe|1\n|upkeep\n|turn|3\n|\n|t:|1776490913\n|switch|p2a: Sinistcha|Sinistcha-Masterpiece, L50|100/100\n|move|p2b: Incineroar|Protect|p2b: Incineroar\n|-singleturn|p2b: Incineroar|Protect\n|move|p1a: Kangaskhan|Fake Out|p2a: Sinistcha\n|-damage|p2a: Sinistcha|87/100\n|move|p1b: Espathra|Hypnosis|p2b: Incineroar\n|-activate|p2b: Incineroar|move: Protect\n|\n|-heal|p2a: Sinistcha|93/100|[from] item: Leftovers\n|-end|p1b: Espathra|Throat Chop|[silent]\n|-ability|p1b: Espathra|Speed Boost|boost\n|-boost|p1b: Espathra|spe|1\n|upkeep\n|turn|4\n|inactive|koxicity has 30 seconds left.\n|inactive|koxicity has 20 seconds left.\n|inactive|koxicity has 15 seconds left.\n|inactive|koxicity has 10 seconds left.\n|inactive|koxicity has 5 seconds left.\n|\n|t:|1776490963\n|switch|p1a: Greninja|Greninja, L50, F|79/100\n|switch|p2b: Sneasler|Sneasler, L50, M|90/100\n|move|p2a: Sinistcha|Rage Powder|p2a: Sinistcha\n|-singleturn|p2a: Sinistcha|move: Rage Powder\n|move|p1b: Espathra|Baton Pass|p1b: Espathra\n|\n|t:|1776490972\n|switch|p1b: Kommo-o|Kommo-o, L50, M|100/100|[from] Baton Pass\n|\n|-heal|p2a: Sinistcha|99/100|[from] item: Leftovers\n|upkeep\n|turn|5\n|\n|t:|1776490990\n|move|p2b: Sneasler|Fake Out|p1b: Kommo-o\n|-crit|p1b: Kommo-o\n|-damage|p1b: Kommo-o|85/100\n|move|p2a: Sinistcha|Rage Powder|p2a: Sinistcha\n|-singleturn|p2a: Sinistcha|move: Rage Powder\n|cant|p1b: Kommo-o|flinch\n|move|p1a: Greninja|Hydro Pump|p2a: Sinistcha|[miss]\n|-start|p1a: Greninja|typechange|Water|[from] ability: Protean\n|-miss|p1a: Greninja|p2a: Sinistcha\n|\n|-heal|p2a: Sinistcha|100/100|[from] item: Leftovers\n|upkeep\n|turn|6\n|inactive|koxicity has 30 seconds left.\n|\n|t:|1776491015\n|move|p1b: Kommo-o|Clangorous Soul|p1b: Kommo-o\n|-boost|p1b: Kommo-o|atk|1\n|-boost|p1b: Kommo-o|def|1\n|-boost|p1b: Kommo-o|spa|1\n|-boost|p1b: Kommo-o|spd|1\n|-boost|p1b: Kommo-o|spe|1\n|-damage|p1b: Kommo-o|52/100\n|move|p1a: Greninja|Substitute|p1a: Greninja\n|-start|p1a: Greninja|Substitute\n|-damage|p1a: Greninja|55/100\n|move|p2b: Sneasler|Dire Claw|p1b: Kommo-o\n|-damage|p1b: Kommo-o|32/100\n|-status|p1b: Kommo-o|psn\n|move|p2a: Sinistcha|Matcha Gotcha|p1b: Kommo-o|[spread] p1a,p1b\n|-supereffective|p1a: Greninja|1\n|-end|p1a: Greninja|Substitute\n|-resisted|p1b: Kommo-o|1\n|-damage|p1b: Kommo-o|26/100 psn\n|\n|-damage|p1b: Kommo-o|14/100 psn|[from] psn\n|upkeep\n|turn|7\n|\n|t:|1776491037\n|move|p2b: Sneasler|Protect|p2b: Sneasler\n|-singleturn|p2b: Sneasler|Protect\n|move|p2a: Sinistcha|Protect|p2a: Sinistcha\n|-singleturn|p2a: Sinistcha|Protect\n|move|p1b: Kommo-o|Clanging Scales|p2b: Sneasler|[spread] \n|-activate|p2a: Sinistcha|move: Protect\n|-activate|p2b: Sneasler|move: Protect\n|move|p1a: Greninja|Dark Pulse|p2a: Sinistcha\n|-activate|p2a: Sinistcha|move: Protect\n|\n|-damage|p1b: Kommo-o|2/100 psn|[from] psn\n|upkeep\n|turn|8\n|\n|t:|1776491061\n|switch|p1a: Kangaskhan|Kangaskhan, L50, F|100/100\n|switch|p2b: Incineroar|Incineroar, L50, F|100/100\n|-ability|p2b: Incineroar|Intimidate|boost\n|-fail|p1a: Kangaskhan|unboost|Attack|[from] ability: Scrappy|[of] p1a: Kangaskhan\n|-unboost|p1b: Kommo-o|atk|1\n|move|p1b: Kommo-o|Clanging Scales|p2b: Incineroar|[spread] p2a,p2b\n|-damage|p2a: Sinistcha|25/100\n|-damage|p2b: Incineroar|40/100\n|-enditem|p2b: Incineroar|Sitrus Berry|[eat]\n|-heal|p2b: Incineroar|65/100|[from] item: Sitrus Berry\n|-unboost|p1b: Kommo-o|def|1\n|move|p2a: Sinistcha|Matcha Gotcha|p1b: Kommo-o|[spread] p1a,p1b\n|-crit|p1a: Kangaskhan\n|-resisted|p1b: Kommo-o|1\n|-damage|p1a: Kangaskhan|57/100\n|-heal|p2a: Sinistcha|47/100|[from] drain|[of] p1a: Kangaskhan\n|-damage|p1b: Kommo-o|0 fnt\n|-heal|p2a: Sinistcha|48/100|[from] drain|[of] p1b: Kommo-o\n|faint|p1b: Kommo-o\n|\n|-heal|p2a: Sinistcha|54/100|[from] item: Leftovers\n|upkeep\n|\n|t:|1776491080\n|switch|p1b: Espathra|Espathra, L50, M|12/100\n|turn|9\n|\n|t:|1776491091\n|move|p1a: Kangaskhan|Fake Out|p2b: Incineroar\n|-damage|p2b: Incineroar|50/100\n|cant|p2b: Incineroar|flinch\n|move|p2a: Sinistcha|Rage Powder|p2a: Sinistcha\n|-singleturn|p2a: Sinistcha|move: Rage Powder\n|move|p1b: Espathra|Hypnosis|p2a: Sinistcha\n|-status|p2a: Sinistcha|slp|[from] move: Hypnosis\n|\n|-heal|p2a: Sinistcha|60/100 slp|[from] item: Leftovers\n|-ability|p1b: Espathra|Speed Boost|boost\n|-boost|p1b: Espathra|spe|1\n|upkeep\n|turn|10\n|inactive|koxicity has 30 seconds left.\n|\n|t:|1776491117\n|detailschange|p1a: Kangaskhan|Kangaskhan-Mega, L50, F\n|-mega|p1a: Kangaskhan|Kangaskhan|Kangaskhanite\n|move|p1b: Espathra|Calm Mind|p1b: Espathra\n|-boost|p1b: Espathra|spa|1\n|-boost|p1b: Espathra|spd|1\n|move|p1a: Kangaskhan|Double-Edge|p2b: Incineroar\n|-damage|p2b: Incineroar|0 fnt\n|faint|p2b: Incineroar\n|-hitcount|p2: Incineroar|1\n|-damage|p1a: Kangaskhan|40/100|[from] Recoil\n|cant|p2a: Sinistcha|slp\n|\n|-heal|p2a: Sinistcha|66/100 slp|[from] item: Leftovers\n|-ability|p1b: Espathra|Speed Boost|boost\n|-boost|p1b: Espathra|spe|1\n|upkeep\n|\n|t:|1776491133\n|switch|p2b: Sneasler|Sneasler, L50, M|90/100\n|turn|11\n|\n|t:|1776491149\n|move|p2b: Sneasler|Fake Out|p1a: Kangaskhan\n|-crit|p1a: Kangaskhan\n|-damage|p1a: Kangaskhan|18/100\n|move|p1b: Espathra|Calm Mind|p1b: Espathra\n|-boost|p1b: Espathra|spa|1\n|-boost|p1b: Espathra|spd|1\n|cant|p1a: Kangaskhan|flinch\n|cant|p2a: Sinistcha|slp\n|\n|-heal|p2a: Sinistcha|72/100 slp|[from] item: Leftovers\n|-ability|p1b: Espathra|Speed Boost|boost\n|-boost|p1b: Espathra|spe|1\n|upkeep\n|turn|12\n|\n|t:|1776491166\n|move|p1b: Espathra|Hypnosis|p2b: Sneasler\n|-status|p2b: Sneasler|slp|[from] move: Hypnosis\n|cant|p2b: Sneasler|slp\n|move|p1a: Kangaskhan|Double-Edge|p2b: Sneasler\n|-damage|p2b: Sneasler|0 fnt\n|faint|p2b: Sneasler\n|-hitcount|p2: Sneasler|1\n|-damage|p1a: Kangaskhan|0 fnt|[from] Recoil\n|faint|p1a: Kangaskhan\n|-curestatus|p2a: Sinistcha|slp|[msg]\n|move|p2a: Sinistcha|Matcha Gotcha|p1b: Espathra\n|-damage|p1b: Espathra|0 fnt\n|-heal|p2a: Sinistcha|79/100|[from] drain|[of] p1b: Espathra\n|faint|p1b: Espathra\n|\n|-heal|p2a: Sinistcha|85/100|[from] item: Leftovers\n|upkeep\n|-message|Aussie Jim forfeited.\n|\n|win|koxicity\n|raw|Aussie Jim's rating: 1059 &rarr; <strong>1039</strong><br />(-20 for losing)\n|raw|koxicity's rating: 1035 &rarr; <strong>1072</strong><br />(+37 for winning)\n|l|\u2606Aussie Jim\n|player|p1|\n",
  "uploadtime": 1776491190,
  "views": 15,
  "formatid": "gen9championsvgc2026regma",
  "rating": 1039,
  "private": 0,
  "password": null
}