{
  "id": "gen9championsvgc2026regma-2581285566",
  "format": "[Gen 9 Champions] VGC 2026 Reg M-A",
  "players": [
    "blazemark",
    "loklastaji"
  ],
  "log": "|j|\u2606blazemark\n|j|\u2606loklastaji\n|t:|1775981382\n|gametype|doubles\n|player|p1|blazemark|266|1137\n|player|p2|loklastaji|266|1206\n|gen|9\n|tier|[Gen 9 Champions] VGC 2026 Reg M-A\n|rated|\n|rule|Species Clause: Limit one of each Pok\u00e9mon\n|rule|Item Clause: Limit 1 of each item\n|clearpoke\n|poke|p1|Drampa, L50, F|\n|poke|p1|Sinistcha, L50|\n|poke|p1|Sylveon, L50, F|\n|poke|p1|Alakazam, L50, M|\n|poke|p1|Infernape, L50, F|\n|poke|p1|Incineroar, L50, M|\n|poke|p2|Altaria, L50, F|\n|poke|p2|Scovillain, L50, F|\n|poke|p2|Krookodile, L50, F|\n|poke|p2|Rotom-Wash, L50|\n|poke|p2|Farigiraf, L50, F|\n|poke|p2|Sneasler, L50, F|\n|teampreview|4\n|inactive|Battle timer is ON: inactive players will automatically lose when time's up. (requested by blazemark)\n|inactive|blazemark has 60 seconds left.\n|inactive|loklastaji has 60 seconds left.\n|\n|t:|1775981438\n|teamsize|p1|4\n|teamsize|p2|4\n|start\n|switch|p1a: Sylveon|Sylveon, L50, F|100/100\n|switch|p1b: Infernape|Infernape, L50, F|100/100\n|switch|p2a: Scovillain|Scovillain, L50, F|100/100\n|switch|p2b: Krookodile|Krookodile, L50, F|100/100\n|-ability|p2b: Krookodile|Intimidate|boost\n|-unboost|p1a: Sylveon|atk|1\n|-unboost|p1b: Infernape|atk|1\n|-enditem|p1b: Infernape|White Herb\n|-clearnegativeboost|p1b: Infernape|[silent]\n|turn|1\n|inactive|blazemark has 30 seconds left.\n|inactive|loklastaji has 30 seconds left.\n|inactive|loklastaji has 20 seconds left.\n|inactive|loklastaji has 15 seconds left.\n|inactive|loklastaji has 10 seconds left.\n|inactive|loklastaji has 5 seconds left.\n|\n|t:|1775981490\n|move|p2b: Krookodile|Earthquake|p1b: Infernape|[spread] p2a,p1a,p1b\n|-supereffective|p1b: Infernape|1\n|-damage|p2a: Scovillain|35/100\n|-damage|p1a: Sylveon|49/100\n|-damage|p1b: Infernape|0 fnt\n|faint|p1b: Infernape\n|move|p2a: Scovillain|Energy Ball|p1a: Sylveon\n|-crit|p1a: Sylveon\n|-damage|p1a: Sylveon|0 fnt\n|faint|p1a: Sylveon\n|\n|upkeep\n|\n|t:|1775981497\n|switch|p1b: Drampa|Drampa, L50, F|100/100\n|switch|p1a: Incineroar|Incineroar, L50, M|100/100\n|-ability|p1a: Incineroar|Intimidate|boost\n|-unboost|p2a: Scovillain|atk|1\n|-unboost|p2b: Krookodile|atk|1\n|-ability|p1b: Drampa|Cloud Nine\n|turn|2\n|inactive|loklastaji has 30 seconds left.\n|\n|t:|1775981524\n|switch|p2b: Altaria|Altaria, L50, F|100/100\n|detailschange|p1b: Drampa|Drampa-Mega, L50, F\n|-mega|p1b: Drampa|Drampa|Drampanite\n|move|p1a: Incineroar|Fake Out|p2b: Altaria\n|-damage|p2b: Altaria|87/100\n|move|p2a: Scovillain|Rage Powder|p2a: Scovillain\n|-singleturn|p2a: Scovillain|move: Rage Powder\n|move|p1b: Drampa|Hyper Voice|p2a: Scovillain|[spread] p2a,p2b\n|-damage|p2a: Scovillain|0 fnt\n|-damage|p2b: Altaria|39/100\n|faint|p2a: Scovillain\n|\n|upkeep\n|\n|t:|1775981542\n|switch|p2a: Sneasler|Sneasler, L50, F|100/100\n|turn|3\n|l|\u2606blazemark\n|inactive|blazemark disconnected and has a minute to reconnect!\n|player|p1|\n|j|\u2606blazemark\n|inactive|blazemark reconnected and has 45 seconds left.\n|player|p1|blazemark|266|\n|\n|t:|1775981557\n|detailschange|p2b: Altaria|Altaria-Mega, L50, F\n|-mega|p2b: Altaria|Altaria|Altarianite\n|move|p1b: Drampa|Protect|p1b: Drampa\n|-singleturn|p1b: Drampa|Protect\n|move|p2a: Sneasler|Fake Out|p1a: Incineroar\n|-damage|p1a: Incineroar|88/100\n|move|p2b: Altaria|Hyper Voice|p1a: Incineroar|[spread] p1a\n|-activate|p1b: Drampa|move: Protect\n|-damage|p1a: Incineroar|59/100\n|cant|p1a: Incineroar|flinch\n|\n|upkeep\n|turn|4\n|\n|t:|1775981576\n|move|p2a: Sneasler|Close Combat|p1b: Drampa\n|-supereffective|p1b: Drampa|1\n|-damage|p1b: Drampa|2/100\n|-unboost|p2a: Sneasler|def|1\n|-unboost|p2a: Sneasler|spd|1\n|-ability|p1b: Drampa|Berserk|boost\n|-boost|p1b: Drampa|spa|1\n|-enditem|p2a: Sneasler|White Herb\n|-clearnegativeboost|p2a: Sneasler|[silent]\n|move|p2b: Altaria|Hyper Voice|p1a: Incineroar|[spread] p1a,p1b\n|-supereffective|p1b: Drampa|1\n|-damage|p1a: Incineroar|25/100\n|-damage|p1b: Drampa|0 fnt\n|-enditem|p1a: Incineroar|Sitrus Berry|[eat]\n|-heal|p1a: Incineroar|50/100|[from] item: Sitrus Berry\n|faint|p1b: Drampa\n|move|p1a: Incineroar|Darkest Lariat|p2b: Altaria\n|-resisted|p2b: Altaria|1\n|-damage|p2b: Altaria|22/100\n|\n|upkeep\n|turn|5\n|-message|blazemark forfeited.\n|\n|win|loklastaji\n|raw|blazemark's rating: 1137 &rarr; <strong>1117</strong><br />(-20 for losing)\n|raw|loklastaji's rating: 1206 &rarr; <strong>1226</strong><br />(+20 for winning)\n|l|\u2606blazemark\n|player|p1|\n",
  "uploadtime": 1775981608,
  "views": 16,
  "formatid": "gen9championsvgc2026regma",
  "rating": 1117,
  "private": 0,
  "password": null
}