{
  "id": "gen9championsvgc2026regma-2584839689",
  "format": "[Gen 9 Champions] VGC 2026 Reg M-A",
  "players": [
    "campeondelfitness",
    "BlackRhino825"
  ],
  "log": "|j|\u2606campeondelfitness\n|j|\u2606BlackRhino825\n|t:|1776287694\n|gametype|doubles\n|player|p1|campeondelfitness|swimmer|1112\n|player|p2|BlackRhino825|102|1074\n|gen|9\n|tier|[Gen 9 Champions] VGC 2026 Reg M-A\n|rated|\n|rule|Species Clause: Limit one of each Pok\u00e9mon\n|rule|Item Clause: Limit 1 of each item\n|clearpoke\n|poke|p1|Tyranitar, L50, F|\n|poke|p1|Excadrill, L50, F|\n|poke|p1|Garchomp, L50, M|\n|poke|p1|Heliolisk, L50, F|\n|poke|p1|Rotom-Heat, L50|\n|poke|p1|Orthworm, L50, F|\n|poke|p2|Snorlax, L50, M|\n|poke|p2|Sinistcha-Masterpiece, L50|\n|poke|p2|Incineroar, L50, M|\n|poke|p2|Gardevoir, L50, M|\n|poke|p2|Aerodactyl, L50, M|\n|poke|p2|Basculegion, L50, M|\n|teampreview|4\n|inactive|Battle timer is ON: inactive players will automatically lose when time's up. (requested by campeondelfitness)\n|\n|t:|1776287713\n|teamsize|p1|4\n|teamsize|p2|4\n|start\n|switch|p1a: Orthworm|Orthworm, L50, F|100/100\n|switch|p1b: Rotom|Rotom-Heat, L50|100/100\n|switch|p2a: Sinistcha|Sinistcha-Masterpiece, L50|100/100\n|switch|p2b: Snorlax|Snorlax, L50, M|100/100\n|turn|1\n|\n|t:|1776287732\n|move|p1b: Rotom|Will-O-Wisp|p2b: Snorlax\n|-status|p2b: Snorlax|brn\n|move|p1a: Orthworm|Iron Defense|p1a: Orthworm\n|-boost|p1a: Orthworm|def|2\n|move|p2a: Sinistcha|Shadow Ball|p1a: Orthworm\n|-damage|p1a: Orthworm|46/100\n|move|p2b: Snorlax|Belly Drum|p2b: Snorlax\n|-damage|p2b: Snorlax|50/100 brn\n|-setboost|p2b: Snorlax|atk|6|[from] move: Belly Drum\n|-enditem|p2b: Snorlax|Sitrus Berry|[eat]\n|-heal|p2b: Snorlax|75/100 brn|[from] item: Sitrus Berry\n|\n|-heal|p1a: Orthworm|52/100|[from] item: Leftovers\n|-damage|p2b: Snorlax|69/100 brn|[from] brn\n|upkeep\n|turn|2\n|\n|t:|1776287755\n|move|p1b: Rotom|Overheat|p2a: Sinistcha\n|-supereffective|p2a: Sinistcha|1\n|-damage|p2a: Sinistcha|0 fnt\n|-unboost|p1b: Rotom|spa|2\n|faint|p2a: Sinistcha\n|move|p1a: Orthworm|Body Press|p2b: Snorlax\n|-supereffective|p2b: Snorlax|1\n|-damage|p2b: Snorlax|0 fnt\n|faint|p2b: Snorlax\n|\n|-heal|p1a: Orthworm|58/100|[from] item: Leftovers\n|upkeep\n|\n|t:|1776287765\n|switch|p2a: Incineroar|Incineroar, L50, M|100/100\n|switch|p2b: Basculegion|Basculegion, L50, M|100/100\n|-ability|p2a: Incineroar|Intimidate|boost\n|-unboost|p1a: Orthworm|atk|1\n|-unboost|p1b: Rotom|atk|1\n|turn|3\n|inactive|campeondelfitness has 30 seconds left.\n|inactive|BlackRhino825 has 30 seconds left.\n|inactive|campeondelfitness has 20 seconds left.\n|inactive|campeondelfitness has 15 seconds left.\n|\n|t:|1776287811\n|move|p2a: Incineroar|Fake Out|p1a: Orthworm\n|-resisted|p1a: Orthworm|1\n|-damage|p1a: Orthworm|56/100\n|move|p1b: Rotom|Volt Switch|p2b: Basculegion\n|-supereffective|p2b: Basculegion|1\n|-damage|p2b: Basculegion|78/100\n|\n|t:|1776287820\n|switch|p1b: Tyranitar|Tyranitar, L50, F|100/100|[from] Volt Switch\n|-weather|Sandstorm|[from] ability: Sand Stream|[of] p1b: Tyranitar\n|move|p2b: Basculegion|Last Respects|p1a: Orthworm\n|-damage|p1a: Orthworm|25/100\n|cant|p1a: Orthworm|flinch\n|\n|-weather|Sandstorm|[upkeep]\n|-damage|p2b: Basculegion|72/100|[from] Sandstorm\n|-damage|p2a: Incineroar|95/100|[from] Sandstorm\n|-heal|p1a: Orthworm|31/100|[from] item: Leftovers\n|upkeep\n|turn|4\n|\n|t:|1776287843\n|move|p2b: Basculegion|Last Respects|p1a: Orthworm\n|-damage|p1a: Orthworm|0 fnt\n|faint|p1a: Orthworm\n|move|p1b: Tyranitar|Icy Wind|p2a: Incineroar|[spread] p2a,p2b\n|-resisted|p2a: Incineroar|1\n|-resisted|p2b: Basculegion|1\n|-damage|p2a: Incineroar|92/100\n|-damage|p2b: Basculegion|68/100\n|-unboost|p2a: Incineroar|spe|1\n|-unboost|p2b: Basculegion|spe|1\n|move|p2a: Incineroar|Parting Shot|p1b: Tyranitar\n|-unboost|p1b: Tyranitar|atk|1\n|-unboost|p1b: Tyranitar|spa|1\n|\n|-weather|Sandstorm|[upkeep]\n|-damage|p2b: Basculegion|62/100|[from] Sandstorm\n|-damage|p2a: Incineroar|86/100|[from] Sandstorm\n|upkeep\n|\n|t:|1776287857\n|switch|p1a: Garchomp|Garchomp, L50, M|100/100\n|turn|5\n|\n|t:|1776287869\n|detailschange|p1a: Garchomp|Garchomp-Mega, L50, M\n|-mega|p1a: Garchomp|Garchomp|Garchompite\n|move|p1b: Tyranitar|Helping Hand|p1a: Garchomp\n|-singleturn|p1a: Garchomp|Helping Hand|[of] p1b: Tyranitar\n|move|p2a: Incineroar|Protect|p2a: Incineroar\n|-singleturn|p2a: Incineroar|Protect\n|move|p1a: Garchomp|Earthquake|p2a: Incineroar|[spread] p1b,p2b\n|-activate|p2a: Incineroar|move: Protect\n|-supereffective|p1b: Tyranitar|1\n|-enditem|p1b: Tyranitar|Focus Sash\n|-damage|p1b: Tyranitar|1/100\n|-damage|p2b: Basculegion|0 fnt\n|faint|p2b: Basculegion\n|\n|-weather|Sandstorm|[upkeep]\n|-damage|p2a: Incineroar|80/100|[from] Sandstorm\n|upkeep\n|turn|6\n|-message|BlackRhino825 forfeited.\n|\n|win|campeondelfitness\n|raw|campeondelfitness's rating: 1112 &rarr; <strong>1134</strong><br />(+22 for winning)\n|raw|BlackRhino825's rating: 1074 &rarr; <strong>1055</strong><br />(-19 for losing)\n|l|\u2606BlackRhino825\n|player|p2|\n",
  "uploadtime": 1776287888,
  "views": 34,
  "formatid": "gen9championsvgc2026regma",
  "rating": 1055,
  "private": 0,
  "password": null
}