{
  "id": "gen9championsvgc2026regma-2581241085",
  "format": "[Gen 9 Champions] VGC 2026 Reg M-A",
  "players": [
    "RyushinYuki",
    "RealCynthia"
  ],
  "log": "|j|\u2606RyushinYuki\n|j|\u2606RealCynthia\n|t:|1775975065\n|gametype|doubles\n|player|p1|RyushinYuki|cynthia-masters|1434\n|player|p2|RealCynthia|cynthia-gen4|1332\n|gen|9\n|tier|[Gen 9 Champions] VGC 2026 Reg M-A\n|rated|\n|rule|Species Clause: Limit one of each Pok\u00e9mon\n|rule|Item Clause: Limit 1 of each item\n|clearpoke\n|poke|p1|Corviknight, L50, M|\n|poke|p1|Tyranitar, L50, F|\n|poke|p1|Excadrill, L50, M|\n|poke|p1|Meganium, L50, M|\n|poke|p1|Sneasler, L50, F|\n|poke|p1|Rotom-Wash, L50|\n|poke|p2|Gardevoir, L50, F|\n|poke|p2|Garchomp, L50, M|\n|poke|p2|Kingambit, L50, F|\n|poke|p2|Weavile, L50, M|\n|poke|p2|Talonflame, L50, M|\n|poke|p2|Dragapult, L50, F|\n|teampreview|4\nRealCynthia rejected open team sheets.\n|inactive|Battle timer is ON: inactive players will automatically lose when time's up. (requested by RealCynthia)\n|inactive|RyushinYuki has 60 seconds left.\n|inactive|RealCynthia has 60 seconds left.\n|\n|t:|1775975123\n|teamsize|p1|4\n|teamsize|p2|4\n|start\n|switch|p1a: Sneasler|Sneasler, L50, F|100/100\n|switch|p1b: Rotom|Rotom-Wash, L50|100/100\n|switch|p2a: Garchomp|Garchomp, L50, M|100/100\n|switch|p2b: Weavile|Weavile, L50, M|100/100\n|turn|1\n|j| Sebfx\n|\n|t:|1775975147\n|move|p1a: Sneasler|Protect|p1a: Sneasler\n|-singleturn|p1a: Sneasler|Protect\n|move|p2b: Weavile|Fake Out|p1a: Sneasler\n|-activate|p1a: Sneasler|move: Protect\n|move|p2a: Garchomp|Dragon Claw|p1b: Rotom\n|-damage|p1b: Rotom|56/100\n|move|p1b: Rotom|Will-O-Wisp|p2a: Garchomp|[miss]\n|-miss|p1b: Rotom|p2a: Garchomp\n|\n|upkeep\n|turn|2\n|inactive|RyushinYuki has 30 seconds left.\n|\n|t:|1775975177\n|switch|p1a: Corviknight|Corviknight, L50, M|100/100\n|move|p2b: Weavile|Knock Off|p1b: Rotom\n|-damage|p1b: Rotom|6/100\n|-enditem|p1b: Rotom|Sitrus Berry|[from] move: Knock Off|[of] p2b: Weavile\n|move|p2a: Garchomp|Dragon Claw|p1a: Corviknight\n|-resisted|p1a: Corviknight|1\n|-damage|p1a: Corviknight|84/100\n|move|p1b: Rotom|Thunderbolt|p2b: Weavile\n|-damage|p2b: Weavile|43/100\n|\n|-heal|p1a: Corviknight|90/100|[from] item: Leftovers\n|upkeep\n|turn|3\n|\n|t:|1775975191\n|move|p1b: Rotom|Protect|p1b: Rotom\n|-singleturn|p1b: Rotom|Protect\n|move|p2b: Weavile|Triple Axel|p1a: Corviknight\n|-damage|p1a: Corviknight|81/100\n|-damage|p1a: Corviknight|63/100\n|-hitcount|p1a: Corviknight|2\n|move|p2a: Garchomp|Rock Slide|p1a: Corviknight|[spread] p1a\n|-activate|p1b: Rotom|move: Protect\n|-damage|p1a: Corviknight|48/100\n|move|p1a: Corviknight|Tailwind|p1a: Corviknight\n|-sidestart|p1: RyushinYuki|move: Tailwind\n|\n|-heal|p1a: Corviknight|54/100|[from] item: Leftovers\n|upkeep\n|turn|4\n|\n|t:|1775975211\n|move|p2b: Weavile|Ice Shard|p1b: Rotom\n|-resisted|p1b: Rotom|1\n|-damage|p1b: Rotom|0 fnt\n|faint|p1b: Rotom\n|move|p1a: Corviknight|Bulk Up|p1a: Corviknight\n|-boost|p1a: Corviknight|atk|1\n|-boost|p1a: Corviknight|def|1\n|move|p2a: Garchomp|Rock Slide|p1a: Corviknight\n|-damage|p1a: Corviknight|39/100\n|\n|-heal|p1a: Corviknight|45/100|[from] item: Leftovers\n|upkeep\n|\n|t:|1775975221\n|switch|p1b: Meganium|Meganium, L50, M|100/100\n|turn|5\n|inactive|RealCynthia has 30 seconds left.\n|inactive|RealCynthia has 20 seconds left.\n|inactive|RealCynthia has 15 seconds left.\n|inactive|RealCynthia has 10 seconds left.\n|\n|t:|1775975267\n|detailschange|p1b: Meganium|Meganium-Mega, L50, M\n|-mega|p1b: Meganium|Meganium|Meganiumite\n|move|p2a: Garchomp|Protect|p2a: Garchomp\n|-singleturn|p2a: Garchomp|Protect\n|move|p2b: Weavile|Ice Shard|p1b: Meganium\n|-supereffective|p1b: Meganium|1\n|-damage|p1b: Meganium|62/100\n|move|p1b: Meganium|Dazzling Gleam|p2a: Garchomp|[spread] p2b\n|-activate|p2a: Garchomp|move: Protect\n|-supereffective|p2b: Weavile|1\n|-damage|p2b: Weavile|0 fnt\n|faint|p2b: Weavile\n|move|p1a: Corviknight|Bulk Up|p1a: Corviknight\n|-boost|p1a: Corviknight|atk|1\n|-boost|p1a: Corviknight|def|1\n|\n|-heal|p1a: Corviknight|51/100|[from] item: Leftovers\n|upkeep\n|\n|t:|1775975277\n|switch|p2b: Talonflame|Talonflame, L50, M|100/100\n|turn|6\n|\n|t:|1775975282\n|move|p1b: Meganium|Protect|p1b: Meganium\n|-singleturn|p1b: Meganium|Protect\n|move|p2b: Talonflame|Tailwind|p2b: Talonflame\n|-sidestart|p2: RealCynthia|move: Tailwind\n|move|p2a: Garchomp|Rock Slide|p1a: Corviknight|[spread] p1a\n|-activate|p1b: Meganium|move: Protect\n|-damage|p1a: Corviknight|43/100\n|move|p1a: Corviknight|Brave Bird|p2b: Talonflame\n|-damage|p2b: Talonflame|0 fnt\n|faint|p2b: Talonflame\n|-damage|p1a: Corviknight|19/100|[from] Recoil\n|\n|-heal|p1a: Corviknight|24/100|[from] item: Leftovers\n|-sideend|p1: RyushinYuki|move: Tailwind\n|upkeep\n|\n|t:|1775975286\n|switch|p2b: Gardevoir|Gardevoir, L50, F|100/100\n|turn|7\n|j| gE1xjZRtuhW2DdT0AK\n|inactive|RyushinYuki has 30 seconds left.\n|\n|t:|1775975319\n|detailschange|p2b: Gardevoir|Gardevoir-Mega, L50, F\n|-mega|p2b: Gardevoir|Gardevoir|Gardevoirite\n|move|p2a: Garchomp|Rock Slide|p1a: Corviknight|[spread] p1a,p1b\n|-damage|p1a: Corviknight|17/100\n|-damage|p1b: Meganium|42/100\n|move|p2b: Gardevoir|Hyper Voice|p1a: Corviknight|[spread] p1a,p1b\n|-resisted|p1a: Corviknight|1\n|-damage|p1a: Corviknight|0 fnt\n|-damage|p1b: Meganium|0 fnt\n|faint|p1a: Corviknight\n|faint|p1b: Meganium\n|\n|upkeep\n|-message|RyushinYuki forfeited.\n|\n|win|RealCynthia\n|raw|RyushinYuki's rating: 1434 &rarr; <strong>1408</strong><br />(-26 for losing)\n|raw|RealCynthia's rating: 1332 &rarr; <strong>1358</strong><br />(+26 for winning)\n|l|\u2606RyushinYuki\n|player|p1|\n|l|\u2606RealCynthia\n|player|p2|\n",
  "uploadtime": 1775975512,
  "views": 86,
  "formatid": "gen9championsvgc2026regma",
  "rating": 1358,
  "private": 0,
  "password": null
}