{
  "id": "gen9championsvgc2026regma-2581270640",
  "format": "[Gen 9 Champions] VGC 2026 Reg M-A",
  "players": [
    "silverhaffling01",
    "xanduh7"
  ],
  "log": "|j|\u2606silverhaffling01\n|j|\u2606xanduh7\n|t:|1775979235\n|gametype|doubles\n|player|p1|silverhaffling01|gambler|1048\n|player|p2|xanduh7|pokemaniac|1069\n|gen|9\n|tier|[Gen 9 Champions] VGC 2026 Reg M-A\n|rated|\n|rule|Species Clause: Limit one of each Pok\u00e9mon\n|rule|Item Clause: Limit 1 of each item\n|clearpoke\n|poke|p1|Froslass, L50, F|\n|poke|p1|Incineroar, L50, M|\n|poke|p1|Orthworm, L50, F|\n|poke|p1|Garchomp, L50, F|\n|poke|p1|Basculegion, L50, M|\n|poke|p1|Rotom-Frost, L50|\n|poke|p2|Kingambit, L50, F|\n|poke|p2|Incineroar, L50, M|\n|poke|p2|Medicham, L50, F|\n|poke|p2|Sinistcha-Masterpiece, L50|\n|poke|p2|Aerodactyl, L50, F|\n|poke|p2|Whimsicott, L50, F|\n|teampreview|4\n|inactive|Battle timer is ON: inactive players will automatically lose when time's up. (requested by xanduh7)\n|inactive|xanduh7 has 60 seconds left.\n|\n|t:|1775979267\n|teamsize|p1|4\n|teamsize|p2|4\n|start\n|switch|p1a: Incineroar|Incineroar, L50, M|100/100\n|switch|p1b: Orthworm|Orthworm, L50, F|100/100\n|switch|p2a: Kingambit|Kingambit, L50, F, shiny|100/100\n|switch|p2b: Incineroar|Incineroar, L50, M|100/100\n|-ability|p1a: Incineroar|Intimidate|boost\n|-unboost|p2a: Kingambit|atk|1\n|-ability|p2a: Kingambit|Defiant|boost\n|-boost|p2a: Kingambit|atk|2\n|-unboost|p2b: Incineroar|atk|1\n|-ability|p2b: Incineroar|Intimidate|boost\n|-unboost|p1a: Incineroar|atk|1\n|-unboost|p1b: Orthworm|atk|1\n|turn|1\n|inactive|silverhaffling01 has 30 seconds left.\n|inactive|xanduh7 has 30 seconds left.\n|\n|t:|1775979295\n|move|p1a: Incineroar|Fake Out|p2b: Incineroar\n|-damage|p2b: Incineroar|91/100\n|cant|p2b: Incineroar|flinch\n|move|p1b: Orthworm|Shed Tail|p1b: Orthworm\n|-start|p1b: Orthworm|Substitute|[from] move: Shed Tail\n|-damage|p1b: Orthworm|50/100\n|-enditem|p1b: Orthworm|Sitrus Berry|[eat]\n|-heal|p1b: Orthworm|75/100|[from] item: Sitrus Berry\n|\n|t:|1775979303\n|switch|p1b: Garchomp|Garchomp, L50, F|100/100|[from] Shed Tail\n|move|p2a: Kingambit|Swords Dance|p2a: Kingambit\n|-boost|p2a: Kingambit|atk|2\n|\n|upkeep\n|turn|2\n|\n|t:|1775979323\n|switch|p1a: Orthworm|Orthworm, L50, F|75/100\n|switch|p2b: Aerodactyl|Aerodactyl, L50, F|100/100\n|move|p1b: Garchomp|Earthquake|p2a: Kingambit|[spread] p2a\n|-heal|p1a: Orthworm|99/100|[from] ability: Earth Eater|[of] p1b: Garchomp\n|-immune|p2b: Aerodactyl\n|-supereffective|p2a: Kingambit|1\n|-damage|p2a: Kingambit|42/100\n|move|p2a: Kingambit|Kowtow Cleave|p1b: Garchomp\n|-end|p1b: Garchomp|Substitute\n|\n|upkeep\n|turn|3\n|inactive|xanduh7 has 30 seconds left.\n|\n|t:|1775979348\n|detailschange|p2b: Aerodactyl|Aerodactyl-Mega, L50, F\n|-mega|p2b: Aerodactyl|Aerodactyl|Aerodactylite\n|move|p2a: Kingambit|Sucker Punch|p1b: Garchomp\n|-enditem|p1b: Garchomp|Focus Sash\n|-damage|p1b: Garchomp|1/100\n|-damage|p2a: Kingambit|29/100|[from] ability: Rough Skin|[of] p1b: Garchomp\n|move|p2b: Aerodactyl|Taunt|p1a: Orthworm\n|-start|p1a: Orthworm|move: Taunt\n|move|p1b: Garchomp|Earthquake|p2b: Aerodactyl|[spread] p2a\n|-heal|p1a: Orthworm|100/100|[from] ability: Earth Eater|[of] p1b: Garchomp\n|-immune|p2b: Aerodactyl\n|-supereffective|p2a: Kingambit|1\n|-crit|p2a: Kingambit\n|-damage|p2a: Kingambit|0 fnt\n|faint|p2a: Kingambit\n|cant|p1a: Orthworm|move: Taunt|Shed Tail\n|\n|upkeep\n|\n|t:|1775979366\n|switch|p2a: Medicham|Medicham, L50, F, shiny|100/100\n|turn|4\n|\n|t:|1775979373\n|move|p1b: Garchomp|Protect|p1b: Garchomp\n|-singleturn|p1b: Garchomp|Protect\n|move|p2a: Medicham|Skill Swap|p2b: Aerodactyl\n|-activate|p2a: Medicham|Skill Swap|||[of] p2b: Aerodactyl\n|move|p2b: Aerodactyl|Rock Slide|p1a: Orthworm|[spread] p1a\n|-activate|p1b: Garchomp|move: Protect\n|-resisted|p1a: Orthworm|1\n|-damage|p1a: Orthworm|81/100\n|move|p1a: Orthworm|Body Press|p2a: Medicham\n|-resisted|p2a: Medicham|1\n|-damage|p2a: Medicham|78/100\n|\n|upkeep\n|turn|5\n|\n|t:|1775979397\n|switch|p2a: Incineroar|Incineroar, L50, M|91/100\n|-ability|p2a: Incineroar|Intimidate|boost\n|-unboost|p1a: Orthworm|atk|1\n|-unboost|p1b: Garchomp|atk|1\n|move|p2b: Aerodactyl|Rock Slide|p1b: Garchomp|[spread] p1a,p1b\n|-resisted|p1a: Orthworm|1\n|-resisted|p1b: Garchomp|1\n|-damage|p1a: Orthworm|58/100\n|-damage|p1b: Garchomp|0 fnt\n|faint|p1b: Garchomp\n|move|p1a: Orthworm|Body Press|p2b: Aerodactyl\n|-damage|p2b: Aerodactyl|66/100\n|\n|-end|p1a: Orthworm|move: Taunt\n|upkeep\n|\n|t:|1775979411\n|switch|p1b: Incineroar|Incineroar, L50, M|100/100\n|-ability|p1b: Incineroar|Intimidate|boost\n|-unboost|p2a: Incineroar|atk|1\n|-unboost|p2b: Aerodactyl|atk|1\n|turn|6\n|inactive|xanduh7 has 30 seconds left.\n|inactive|xanduh7 has 20 seconds left.\n|\n|t:|1775979449\n|move|p1b: Incineroar|Fake Out|p2b: Aerodactyl\n|-resisted|p2b: Aerodactyl|1\n|-damage|p2b: Aerodactyl|57/100\n|cant|p2b: Aerodactyl|flinch\n|move|p1a: Orthworm|Body Press|p2a: Incineroar\n|-supereffective|p2a: Incineroar|1\n|-damage|p2a: Incineroar|45/100\n|-enditem|p2a: Incineroar|Sitrus Berry|[eat]\n|-heal|p2a: Incineroar|69/100|[from] item: Sitrus Berry\n|move|p2a: Incineroar|Parting Shot|p1b: Incineroar\n|-unboost|p1b: Incineroar|atk|1\n|-unboost|p1b: Incineroar|spa|1\n|\n|t:|1775979463\n|switch|p2a: Medicham|Medicham, L50, F, shiny|78/100|[from] Parting Shot\n|\n|upkeep\n|turn|7\n|\n|t:|1775979480\n|move|p2a: Medicham|Close Combat|p1a: Orthworm\n|-supereffective|p1a: Orthworm|1\n|-crit|p1a: Orthworm\n|-damage|p1a: Orthworm|0 fnt\n|-unboost|p2a: Medicham|def|1\n|-unboost|p2a: Medicham|spd|1\n|faint|p1a: Orthworm\n|move|p2b: Aerodactyl|Rock Slide|p1b: Incineroar\n|-supereffective|p1b: Incineroar|1\n|-damage|p1b: Incineroar|0 fnt\n|faint|p1b: Incineroar\n|\n|upkeep\n|\n|t:|1775979490\n|switch|p1b: Froslass|Froslass, L50, F|100/100\n|turn|8\n|\n|t:|1775979496\n|detailschange|p1b: Froslass|Froslass-Mega, L50, F\n|-mega|p1b: Froslass|Froslass|Froslassite\n|-weather|Snowscape|[from] ability: Snow Warning|[of] p1b: Froslass\n|move|p2a: Medicham|Close Combat|p1b: Froslass\n|-immune|p1b: Froslass\n|move|p2b: Aerodactyl|Rock Slide|p1b: Froslass\n|-supereffective|p1b: Froslass|1\n|-damage|p1b: Froslass|0 fnt\n|faint|p1b: Froslass\n|\n|win|xanduh7\n|raw|silverhaffling01's rating: 1048 &rarr; <strong>1032</strong><br />(-16 for losing)\n|raw|xanduh7's rating: 1069 &rarr; <strong>1097</strong><br />(+28 for winning)\n|l|\u2606silverhaffling01\n|player|p1|\n",
  "uploadtime": 1775979510,
  "views": 10,
  "formatid": "gen9championsvgc2026regma",
  "rating": 1032,
  "private": 0,
  "password": null
}