{
  "id": "gen9championsvgc2026regma-2581306366",
  "format": "[Gen 9 Champions] VGC 2026 Reg M-A",
  "players": [
    "morkemon",
    "whoknowsmyfname"
  ],
  "log": "|j|\u2606morkemon\n|j|\u2606whoknowsmyfname\n|t:|1775984275\n|gametype|doubles\n|player|p1|morkemon|biker-gen4|1051\n|player|p2|whoknowsmyfname|lucas|1020\n|gen|9\n|tier|[Gen 9 Champions] VGC 2026 Reg M-A\n|rated|\n|rule|Species Clause: Limit one of each Pok\u00e9mon\n|rule|Item Clause: Limit 1 of each item\n|clearpoke\n|poke|p1|Krookodile, L50, M|\n|poke|p1|Froslass, L50, F|\n|poke|p1|Tauros-Paldea-Aqua, L50, M|\n|poke|p1|Pelipper, L50, M|\n|poke|p1|Farigiraf, L50, F|\n|poke|p1|Sinistcha, L50|\n|poke|p2|Farigiraf, L50, F|\n|poke|p2|Incineroar, L50, M|\n|poke|p2|Sinistcha, L50|\n|poke|p2|Maushold, L50|\n|poke|p2|Drampa, L50, M|\n|poke|p2|Golurk, L50|\n|teampreview|4\n|\n|t:|1775984296\n|teamsize|p1|4\n|teamsize|p2|4\n|start\n|switch|p1a: The Dile|Krookodile, L50, M|100/100\n|switch|p1b: Im gonna mega|Froslass, L50, F|100/100\n|switch|p2a: Farigiraf|Farigiraf, L50, F|100/100\n|switch|p2b: Incineroar|Incineroar, L50, M|100/100\n|-ability|p2b: Incineroar|Intimidate|boost\n|-unboost|p1a: The Dile|atk|1\n|-unboost|p1b: Im gonna mega|atk|1\n|turn|1\n|\n|t:|1775984321\n|move|p2b: Incineroar|Fake Out|p1a: The Dile\n|-damage|p1a: The Dile|87/100\n|move|p1b: Im gonna mega|Frost Breath|p1a: The Dile\n|-supereffective|p1a: The Dile|1\n|-crit|p1a: The Dile\n|-enditem|p1a: The Dile|Yache Berry|[eat]\n|-enditem|p1a: The Dile|Yache Berry|[weaken]\n|-damage|p1a: The Dile|56/100\n|-setboost|p1a: The Dile|atk|6|[from] ability: Anger Point\n|cant|p1a: The Dile|flinch\n|move|p2a: Farigiraf|Trick Room|p2a: Farigiraf\n|-fieldstart|move: Trick Room|[of] p2a: Farigiraf\n|\n|upkeep\n|turn|2\n|\n|t:|1775984353\n|switch|p2b: Golurk|Golurk, L50|100/100\n|switch|p1b: Raf|Farigiraf, L50, F|100/100\n|move|p2a: Farigiraf|Protect|p2a: Farigiraf\n|-singleturn|p2a: Farigiraf|Protect\n|move|p1a: The Dile|Power Trip|p2a: Farigiraf\n|-activate|p2a: Farigiraf|move: Protect\n|\n|upkeep\n|turn|3\n|\n|t:|1775984388\n|detailschange|p2b: Golurk|Golurk-Mega, L50\n|-mega|p2b: Golurk|Golurk|Golurkite\n|move|p1a: The Dile|Protect|p1a: The Dile\n|-singleturn|p1a: The Dile|Protect\n|move|p2a: Farigiraf|Hyper Voice|p1b: Raf|[spread] p1b\n|-activate|p1a: The Dile|move: Protect\n|-damage|p1b: Raf|74/100\n|move|p2b: Golurk|Drain Punch|p1a: The Dile\n|-supereffective|p1a: The Dile|1\n|-ability|p2b: Golurk|Unseen Fist\n|-zbroken|p1a: The Dile\n|-damage|p1a: The Dile|35/100\n|move|p1b: Raf|Trick Room|p1b: Raf\n|-fieldend|move: Trick Room\n|\n|-heal|p1b: Raf|80/100|[from] item: Leftovers\n|upkeep\n|turn|4\n|\n|t:|1775984417\n|switch|p2b: Maushold|Maushold, L50|100/100\n|move|p2a: Farigiraf|Protect|p2a: Farigiraf\n|-singleturn|p2a: Farigiraf|Protect\n|move|p1a: The Dile|Power Trip|p2a: Farigiraf\n|-activate|p2a: Farigiraf|move: Protect\n|move|p1b: Raf|Dazzling Gleam|p2a: Farigiraf|[spread] p2b\n|-activate|p2a: Farigiraf|move: Protect\n|-damage|p2b: Maushold|80/100\n|\n|-heal|p1b: Raf|86/100|[from] item: Leftovers\n|upkeep\n|turn|5\n|\n|t:|1775984431\n|move|p2b: Maushold|Follow Me|p2b: Maushold\n|-singleturn|p2b: Maushold|move: Follow Me\n|move|p1a: The Dile|Power Trip|p2b: Maushold\n|-damage|p2b: Maushold|0 fnt\n|faint|p2b: Maushold\n|move|p1b: Raf|Trick Room|p1b: Raf\n|-fieldstart|move: Trick Room|[of] p1b: Raf\n|move|p2a: Farigiraf|Trick Room|p2a: Farigiraf\n|-fieldend|move: Trick Room\n|\n|-heal|p1b: Raf|92/100|[from] item: Leftovers\n|upkeep\n|\n|t:|1775984440\n|switch|p2b: Incineroar|Incineroar, L50, M|100/100\n|-ability|p2b: Incineroar|Intimidate|boost\n|-unboost|p1a: The Dile|atk|1\n|-unboost|p1b: Raf|atk|1\n|turn|6\n|\n|t:|1775984466\n|move|p2a: Farigiraf|Protect|p2a: Farigiraf\n|-singleturn|p2a: Farigiraf|Protect\n|move|p1a: The Dile|Earthquake|p2a: Farigiraf|[spread] p1b,p2b\n|-activate|p2a: Farigiraf|move: Protect\n|-supereffective|p2b: Incineroar|1\n|-damage|p1b: Raf|0 fnt\n|-damage|p2b: Incineroar|0 fnt\n|faint|p1b: Raf\n|faint|p2b: Incineroar\n|\n|upkeep\n|\n|t:|1775984476\n|switch|p2b: Golurk|Golurk-Mega, L50|100/100\n|switch|p1b: Im gonna mega|Froslass, L50, F|100/100\n|turn|7\n|\n|t:|1775984486\n|move|p1b: Im gonna mega|Protect|p1b: Im gonna mega\n|-singleturn|p1b: Im gonna mega|Protect\n|move|p1a: The Dile|Power Trip|p2b: Golurk\n|-supereffective|p2b: Golurk|1\n|-damage|p2b: Golurk|0 fnt\n|faint|p2b: Golurk\n|move|p2a: Farigiraf|Trick Room|p2a: Farigiraf\n|-fieldstart|move: Trick Room|[of] p2a: Farigiraf\n|\n|upkeep\n|turn|8\n|-message|whoknowsmyfname forfeited.\n|\n|win|morkemon\n|raw|morkemon's rating: 1051 &rarr; <strong>1080</strong><br />(+29 for winning)\n|raw|whoknowsmyfname's rating: 1020 &rarr; <strong>1008</strong><br />(-12 for losing)\n|l|\u2606whoknowsmyfname\n|player|p2|\n",
  "uploadtime": 1775984502,
  "views": 22,
  "formatid": "gen9championsvgc2026regma",
  "rating": 1008,
  "private": 0,
  "password": null
}