{
  "id": "gen9championsvgc2026regma-2586233108",
  "format": "[Gen 9 Champions] VGC 2026 Reg M-A",
  "players": [
    "Haruahex",
    "ennobiss"
  ],
  "log": "|j|\u2606Haruahex\n|j|\u2606ennobiss\n|t:|1776415408\n|gametype|doubles\n|player|p1|Haruahex|steven|1190\n|player|p2|ennobiss|265|1229\n|gen|9\n|tier|[Gen 9 Champions] VGC 2026 Reg M-A\n|rated|\n|rule|Species Clause: Limit one of each Pok\u00e9mon\n|rule|Item Clause: Limit 1 of each item\n|clearpoke\n|poke|p1|Froslass, L50, F|\n|poke|p1|Empoleon, L50, M|\n|poke|p1|Garchomp, L50, F|\n|poke|p1|Rotom-Frost, L50|\n|poke|p1|Incineroar, L50, F|\n|poke|p1|Kingambit, L50, M|\n|poke|p2|Sneasler, L50, F|\n|poke|p2|Kingambit, L50, F|\n|poke|p2|Clefable, L50, F|\n|poke|p2|Delphox, L50, F|\n|poke|p2|Dragonite, L50, M|\n|poke|p2|Basculegion, L50, M|\n|teampreview|4\n|inactive|Battle timer is ON: inactive players will automatically lose when time's up. (requested by Haruahex)\n|inactive|Haruahex has 60 seconds left.\n|\n|t:|1776415443\n|teamsize|p1|4\n|teamsize|p2|4\n|start\n|switch|p1a: Garchomp|Garchomp, L50, F|100/100\n|switch|p1b: Kingambit|Kingambit, L50, M|100/100\n|switch|p2a: Sneasler|Sneasler, L50, F|100/100\n|switch|p2b: Kingambit|Kingambit, L50, F|100/100\n|turn|1\n|\n|t:|1776415459\n|move|p1a: Garchomp|Protect|p1a: Garchomp\n|-singleturn|p1a: Garchomp|Protect\n|move|p1b: Kingambit|Protect|p1b: Kingambit\n|-singleturn|p1b: Kingambit|Protect\n|move|p2a: Sneasler|Fake Out|p1a: Garchomp\n|-activate|p1a: Garchomp|move: Protect\n|move|p2b: Kingambit|Swords Dance|p2b: Kingambit\n|-boost|p2b: Kingambit|atk|2\n|\n|upkeep\n|turn|2\n|inactive|ennobiss has 30 seconds left.\n|inactive|ennobiss has 20 seconds left.\n|\n|t:|1776415498\n|move|p2a: Sneasler|Close Combat|p1b: Kingambit\n|-supereffective|p1b: Kingambit|2\n|-enditem|p1b: Kingambit|Focus Sash\n|-damage|p1b: Kingambit|1/100\n|-unboost|p2a: Sneasler|def|1\n|-unboost|p2a: Sneasler|spd|1\n|move|p1a: Garchomp|Rock Slide|p2b: Kingambit|[spread] p2a,p2b\n|-resisted|p2a: Sneasler|1\n|-resisted|p2b: Kingambit|1\n|-damage|p2a: Sneasler|75/100\n|-damage|p2b: Kingambit|93/100\n|move|p1b: Kingambit|Low Kick|p2b: Kingambit\n|-supereffective|p2b: Kingambit|2\n|-damage|p2b: Kingambit|0 fnt\n|faint|p2b: Kingambit\n|\n|upkeep\n|\n|t:|1776415522\n|switch|p2b: Delphox|Delphox, L50, F|100/100\n|turn|3\n|inactive|ennobiss has 30 seconds left.\n|inactive|ennobiss has 20 seconds left.\n|inactive|ennobiss has 15 seconds left.\n|inactive|ennobiss has 10 seconds left.\n|\n|t:|1776415571\n|switch|p2a: Clefable|Clefable, L50, F|100/100\n|detailschange|p2b: Delphox|Delphox-Mega, L50, F\n|-mega|p2b: Delphox|Delphox|Delphoxite\n|move|p2b: Delphox|Protect|p2b: Delphox\n|-singleturn|p2b: Delphox|Protect\n|move|p1b: Kingambit|Sucker Punch||[still]\n|-fail|p1b: Kingambit\n|move|p1a: Garchomp|Rock Slide|p2b: Delphox|[spread] p2a\n|-activate|p2b: Delphox|move: Protect\n|-damage|p2a: Clefable|87/100\n|\n|upkeep\n|turn|4\n|\n|t:|1776415591\n|move|p1b: Kingambit|Protect|p1b: Kingambit\n|-singleturn|p1b: Kingambit|Protect\n|move|p2a: Clefable|Follow Me|p2a: Clefable\n|-singleturn|p2a: Clefable|move: Follow Me\n|move|p2b: Delphox|Heat Wave|p1b: Kingambit|[spread] p1a\n|-activate|p1b: Kingambit|move: Protect\n|-resisted|p1a: Garchomp|1\n|-damage|p1a: Garchomp|77/100\n|move|p1a: Garchomp|Rock Slide|p2b: Delphox|[spread] p2a,p2b\n|-supereffective|p2b: Delphox|1\n|-damage|p2a: Clefable|72/100\n|-damage|p2b: Delphox|44/100\n|\n|upkeep\n|turn|5\n|inactive|ennobiss has 30 seconds left.\n|inactive|ennobiss has 20 seconds left.\n|\n|t:|1776415631\n|move|p2b: Delphox|Protect|p2b: Delphox\n|-singleturn|p2b: Delphox|Protect\n|move|p1a: Garchomp|Rock Slide|p2a: Clefable|[spread] p2a\n|-activate|p2b: Delphox|move: Protect\n|-damage|p2a: Clefable|56/100\n|move|p1b: Kingambit|Iron Head|p2a: Clefable\n|-supereffective|p2a: Clefable|1\n|-crit|p2a: Clefable\n|-damage|p2a: Clefable|0 fnt\n|faint|p2a: Clefable\n|\n|upkeep\n|\n|t:|1776415643\n|switch|p2a: Sneasler|Sneasler, L50, F|75/100\n|turn|6\n|\n|t:|1776415662\n|move|p1a: Garchomp|Protect|p1a: Garchomp\n|-singleturn|p1a: Garchomp|Protect\n|move|p1b: Kingambit|Protect|p1b: Kingambit\n|-singleturn|p1b: Kingambit|Protect\n|move|p2a: Sneasler|Fake Out|p1a: Garchomp\n|-activate|p1a: Garchomp|move: Protect\n|move|p2b: Delphox|Substitute|p2b: Delphox\n|-start|p2b: Delphox|Substitute\n|-damage|p2b: Delphox|19/100\n|\n|upkeep\n|turn|7\n|inactive|ennobiss has 30 seconds left.\n|inactive|ennobiss has 20 seconds left.\n|\n|t:|1776415699\n|move|p2b: Delphox|Protect|p2b: Delphox\n|-singleturn|p2b: Delphox|Protect\n|move|p1b: Kingambit|Sucker Punch||[still]\n|-fail|p1b: Kingambit\n|move|p2a: Sneasler|Close Combat|p1b: Kingambit\n|-supereffective|p1b: Kingambit|2\n|-damage|p1b: Kingambit|0 fnt\n|-unboost|p2a: Sneasler|def|1\n|-unboost|p2a: Sneasler|spd|1\n|faint|p1b: Kingambit\n|move|p1a: Garchomp|Rock Slide|p2b: Delphox|[spread] p2a\n|-activate|p2b: Delphox|move: Protect\n|-resisted|p2a: Sneasler|1\n|-damage|p2a: Sneasler|52/100\n|\n|upkeep\n|\n|t:|1776415706\n|switch|p1b: Rotom|Rotom-Frost, L50|100/100\n|turn|8\n|\n|t:|1776415729\n|move|p2a: Sneasler|Protect|p2a: Sneasler\n|-singleturn|p2a: Sneasler|Protect\n|move|p1b: Rotom|Electroweb|p2b: Delphox|[spread] p2b\n|-activate|p2a: Sneasler|move: Protect\n|-activate|p2b: Delphox|move: Substitute|[damage]\n|move|p2b: Delphox|Heat Wave|p1a: Garchomp|[spread] p1a,p1b\n|-resisted|p1a: Garchomp|1\n|-supereffective|p1b: Rotom|1\n|-damage|p1a: Garchomp|55/100\n|-damage|p1b: Rotom|0 fnt\n|faint|p1b: Rotom\n|move|p1a: Garchomp|Rock Slide|p2a: Sneasler|[spread] p2b\n|-activate|p2a: Sneasler|move: Protect\n|-supereffective|p2b: Delphox|1\n|-end|p2b: Delphox|Substitute\n|\n|upkeep\n|\n|t:|1776415741\n|switch|p1b: Froslass|Froslass, L50, F|100/100\n|turn|9\n|\n|t:|1776415761\n|move|p1a: Garchomp|Protect|p1a: Garchomp\n|-singleturn|p1a: Garchomp|Protect\n|move|p1b: Froslass|Protect|p1b: Froslass\n|-singleturn|p1b: Froslass|Protect\n|move|p2b: Delphox|Heat Wave|p1b: Froslass|[spread] \n|-activate|p1a: Garchomp|move: Protect\n|-activate|p1b: Froslass|move: Protect\n|move|p2a: Sneasler|Close Combat|p1a: Garchomp\n|-activate|p1a: Garchomp|move: Protect\n|\n|upkeep\n|turn|10\n|\n|t:|1776415782\n|detailschange|p1b: Froslass|Froslass-Mega, L50, F\n|-mega|p1b: Froslass|Froslass|Froslassite\n|-weather|Snowscape|[from] ability: Snow Warning|[of] p1b: Froslass\n|move|p2b: Delphox|Protect|p2b: Delphox\n|-singleturn|p2b: Delphox|Protect\n|move|p2a: Sneasler|Close Combat|p1a: Garchomp\n|-damage|p1a: Garchomp|0 fnt\n|-unboost|p2a: Sneasler|def|1\n|-unboost|p2a: Sneasler|spd|1\n|-damage|p2a: Sneasler|40/100|[from] ability: Rough Skin|[of] p1a: Garchomp\n|faint|p1a: Garchomp\n|move|p1b: Froslass|Blizzard|p2b: Delphox|[spread] p2a\n|-activate|p2b: Delphox|move: Protect\n|-damage|p2a: Sneasler|0 fnt\n|faint|p2a: Sneasler\n|\n|-weather|Snowscape|[upkeep]\n|upkeep\n|turn|11\n|\n|t:|1776415803\n|move|p2b: Delphox|Heat Wave|p1b: Froslass\n|-supereffective|p1b: Froslass|1\n|-damage|p1b: Froslass|0 fnt\n|faint|p1b: Froslass\n|\n|win|ennobiss\n|raw|Haruahex's rating: 1190 &rarr; <strong>1168</strong><br />(-22 for losing)\n|raw|ennobiss's rating: 1229 &rarr; <strong>1251</strong><br />(+22 for winning)\n",
  "uploadtime": 1776415808,
  "views": 22,
  "formatid": "gen9championsvgc2026regma",
  "rating": 1168,
  "private": 0,
  "password": null
}