{
  "id": "gen9championsvgc2026regma-2586813493",
  "format": "[Gen 9 Champions] VGC 2026 Reg M-A",
  "players": [
    "ZNF0",
    "salent"
  ],
  "log": "|j|\u2606ZNF0\n|j|\u2606salent\n|t:|1776462029\n|gametype|doubles\n|player|p1|ZNF0|102|1000\n|player|p2|salent|roughneck-gen4|1027\n|gen|9\n|tier|[Gen 9 Champions] VGC 2026 Reg M-A\n|rated|\n|rule|Species Clause: Limit one of each Pok\u00e9mon\n|rule|Item Clause: Limit 1 of each item\n|clearpoke\n|poke|p1|Meowstic, L50, M|\n|poke|p1|Tauros-Paldea-Blaze, L50, M|\n|poke|p1|Zoroark-Hisui, L50, F|\n|poke|p1|Ampharos, L50, F|\n|poke|p1|Armarouge, L50, F|\n|poke|p1|Runerigus, L50, F|\n|poke|p2|Emboar, L50, F|\n|poke|p2|Whimsicott, L50, M|\n|poke|p2|Basculegion, L50, M|\n|poke|p2|Scizor, L50, M|\n|poke|p2|Ampharos, L50, F|\n|poke|p2|Garganacl, L50, M|\n|teampreview|4\n|\n|t:|1776462052\n|teamsize|p1|4\n|teamsize|p2|4\n|start\n|switch|p1a: Runerigus|Runerigus, L50, F|100/100\n|switch|p1b: Meowstic|Meowstic, L50, M|100/100\n|switch|p2a: Emboar|Emboar, L50, F|100/100\n|switch|p2b: Garganacl|Garganacl, L50, M|100/100\n|turn|1\n|inactive|Battle timer is ON: inactive players will automatically lose when time's up. (requested by salent)\n|\n|t:|1776462072\n|detailschange|p2a: Emboar|Emboar-Mega, L50, F\n|-mega|p2a: Emboar|Emboar|Emboarite\n|-ability|p2a: Emboar|Mold Breaker\n|move|p2b: Garganacl|Wide Guard|p2b: Garganacl\n|-singleturn|p2b: Garganacl|Wide Guard\n|move|p1b: Meowstic|Reflect|p1b: Meowstic\n|-sidestart|p1: ZNF0|Reflect\n|move|p2a: Emboar|Flare Blitz|p1b: Meowstic\n|-damage|p1b: Meowstic|47/100\n|-enditem|p1b: Meowstic|Sitrus Berry|[eat]\n|-heal|p1b: Meowstic|72/100|[from] item: Sitrus Berry\n|-damage|p2a: Emboar|86/100|[from] Recoil\n|move|p1a: Runerigus|Trick Room|p1a: Runerigus\n|-fieldstart|move: Trick Room|[of] p1a: Runerigus\n|\n|upkeep\n|turn|2\n|\n|t:|1776462093\n|move|p2b: Garganacl|Wide Guard|p2b: Garganacl\n|-singleturn|p2b: Garganacl|Wide Guard\n|move|p1b: Meowstic|Light Screen|p1b: Meowstic\n|-sidestart|p1: ZNF0|move: Light Screen\n|move|p1a: Runerigus|Toxic Spikes|p2b: Garganacl\n|-sidestart|p2: salent|move: Toxic Spikes\n|move|p2a: Emboar|Rock Slide|p1a: Runerigus|[spread] p1a,p1b\n|-resisted|p1a: Runerigus|1\n|-damage|p1a: Runerigus|96/100\n|-damage|p1b: Meowstic|57/100\n|\n|-heal|p1a: Runerigus|100/100|[from] item: Leftovers\n|upkeep\n|turn|3\n|\n|t:|1776462115\n|switch|p2a: Ampharos|Ampharos, L50, F|100/100\n|-status|p2a: Ampharos|psn\n|move|p2b: Garganacl|Wide Guard|p2b: Garganacl\n|-singleturn|p2b: Garganacl|Wide Guard\n|move|p1b: Meowstic|Trick|p2b: Garganacl\n|-activate|p1b: Meowstic|move: Trick|[of] p2b: Garganacl\n|-enditem|p2b: Garganacl|King's Rock|[silent]|[from] move: Trick\n|-item|p1b: Meowstic|King's Rock|[from] move: Trick\n|move|p1a: Runerigus|Body Press|p2b: Garganacl\n|-supereffective|p2b: Garganacl|1\n|-damage|p2b: Garganacl|68/100\n|\n|-damage|p2a: Ampharos|89/100 psn|[from] psn\n|upkeep\n|turn|4\n|inactive|ZNF0 has 30 seconds left.\n|\n|t:|1776462148\n|switch|p1b: Armarouge|Armarouge, L50, F|100/100\n|move|p2b: Garganacl|Wide Guard|p2b: Garganacl\n|-singleturn|p2b: Garganacl|Wide Guard\n|move|p1a: Runerigus|Body Press|p2b: Garganacl\n|-supereffective|p2b: Garganacl|1\n|-damage|p2b: Garganacl|36/100\n|move|p2a: Ampharos|Dragon Pulse|p1b: Armarouge\n|-damage|p1b: Armarouge|79/100\n|\n|-damage|p2a: Ampharos|77/100 psn|[from] psn\n|upkeep\n|turn|5\n|\n|t:|1776462164\n|move|p1a: Runerigus|Body Press|p2a: Ampharos\n|-damage|p2a: Ampharos|38/100 psn\n|move|p2b: Garganacl|Salt Cure|p1b: Armarouge\n|-supereffective|p1b: Armarouge|1\n|-damage|p1b: Armarouge|63/100\n|-start|p1b: Armarouge|Salt Cure\n|-ability|p1b: Armarouge|Weak Armor|boost\n|-unboost|p1b: Armarouge|def|1\n|-boost|p1b: Armarouge|spe|2\n|move|p2a: Ampharos|Dragon Pulse|p1a: Runerigus\n|-damage|p1a: Runerigus|82/100\n|move|p1b: Armarouge|Energy Ball|p2b: Garganacl\n|-supereffective|p2b: Garganacl|1\n|-damage|p2b: Garganacl|0 fnt\n|faint|p2b: Garganacl\n|\n|-heal|p1a: Runerigus|88/100|[from] item: Leftovers\n|-damage|p2a: Ampharos|26/100 psn|[from] psn\n|-damage|p1b: Armarouge|57/100|[from] Salt Cure\n|-sideend|p1: ZNF0|Reflect\n|-fieldend|move: Trick Room\n|upkeep\n|\n|t:|1776462177\n|switch|p2b: Emboar|Emboar-Mega, L50, F|86/100\n|-status|p2b: Emboar|psn\n|-ability|p2b: Emboar|Mold Breaker\n|turn|6\n|\n|t:|1776462190\n|switch|p1b: Meowstic|Meowstic, L50, M|100/100\n|move|p2a: Ampharos|Dragon Pulse|p1b: Meowstic\n|-damage|p1b: Meowstic|65/100\n|replace|p1b: Zoroark|Zoroark-Hisui, L50, F\n|-end|p1b: Zoroark|Illusion\n|move|p2b: Emboar|Rock Slide|p1b: Zoroark|[spread] p1a\n|-miss|p2b: Emboar|p1b: Zoroark\n|-resisted|p1a: Runerigus|1\n|-damage|p1a: Runerigus|81/100\n|cant|p1a: Runerigus|flinch\n|\n|-heal|p1a: Runerigus|87/100|[from] item: Leftovers\n|-damage|p2a: Ampharos|14/100 psn|[from] psn\n|-damage|p2b: Emboar|73/100 psn|[from] psn\n|-sideend|p1: ZNF0|move: Light Screen\n|upkeep\n|turn|7\n|\n|t:|1776462211\n|move|p1b: Zoroark|Hex|p2b: Emboar\n|-damage|p2b: Emboar|28/100 psn\n|move|p2a: Ampharos|Dragon Pulse|p1b: Zoroark\n|-damage|p1b: Zoroark|7/100\n|move|p2b: Emboar|Flare Blitz|p1b: Zoroark\n|-damage|p1b: Zoroark|0 fnt\n|faint|p1b: Zoroark\n|-damage|p2b: Emboar|26/100 psn|[from] Recoil\n|move|p1a: Runerigus|Self-Destruct|p2a: Ampharos|[spread] p2a,p2b\n|-damage|p2a: Ampharos|0 fnt\n|-damage|p2b: Emboar|0 fnt\n|faint|p1a: Runerigus\n|faint|p2a: Ampharos\n|faint|p2b: Emboar\n|\n|upkeep\n|\n|t:|1776462227\n|switch|p1b: Meowstic|Meowstic, L50, M|57/100\n|switch|p2b: Whimsicott|Whimsicott, L50, M|100/100\n|switch|p1a: Armarouge|Armarouge, L50, F|57/100\n|-status|p2b: Whimsicott|psn\n|turn|8\n|\n|t:|1776462236\n|move|p1b: Meowstic|Sunny Day|p1b: Meowstic\n|-weather|SunnyDay\n|move|p2b: Whimsicott|Dazzling Gleam|p1a: Armarouge|[spread] p1a,p1b\n|-resisted|p1a: Armarouge|1\n|-damage|p1a: Armarouge|44/100\n|-damage|p1b: Meowstic|37/100\n|move|p1a: Armarouge|Heat Wave|p2b: Whimsicott\n|-supereffective|p2b: Whimsicott|1\n|-damage|p2b: Whimsicott|0 fnt\n|faint|p2b: Whimsicott\n|\n|win|ZNF0\n|raw|ZNF0's rating: 1000 &rarr; <strong>1043</strong><br />(+43 for winning)\n|raw|salent's rating: 1027 &rarr; <strong>1012</strong><br />(-15 for losing)\n|l|\u2606salent\n|player|p2|\n|c|\u2606ZNF0|gg\n",
  "uploadtime": 1776462257,
  "views": 20,
  "formatid": "gen9championsvgc2026regma",
  "rating": 1012,
  "private": 0,
  "password": null
}