{
  "id": "gen9championsvgc2026regma-2580906318",
  "format": "[Gen 9 Champions] VGC 2026 Reg M-A",
  "players": [
    "eggmandood",
    "OrugaVeluga"
  ],
  "log": "|j|\u2606eggmandood\n|j|\u2606OrugaVeluga\n|t:|1775942230\n|gametype|doubles\n|player|p1|eggmandood|lucas|1108\n|player|p2|OrugaVeluga|265|1028\n|gen|9\n|tier|[Gen 9 Champions] VGC 2026 Reg M-A\n|rated|\n|rule|Species Clause: Limit one of each Pok\u00e9mon\n|rule|Item Clause: Limit 1 of each item\n|clearpoke\n|poke|p1|Tyranitar, L50, M|\n|poke|p1|Sinistcha, L50|\n|poke|p1|Excadrill, L50, M|\n|poke|p1|Gyarados, L50, M|\n|poke|p1|Rotom-Heat, L50|\n|poke|p1|Gardevoir, L50, M|\n|poke|p2|Farigiraf, L50, F|\n|poke|p2|Kingambit, L50, F|\n|poke|p2|Primarina, L50, F|\n|poke|p2|Torkoal, L50, F|\n|poke|p2|Steelix, L50, M|\n|poke|p2|Sinistcha, L50|\n|teampreview|4\n|inactive|Battle timer is ON: inactive players will automatically lose when time's up. (requested by OrugaVeluga)\n|\n|t:|1775942258\n|teamsize|p1|4\n|teamsize|p2|4\n|start\n|switch|p1a: Tyranitar|Tyranitar, L50, M|100/100\n|switch|p1b: Gyarados|Gyarados, L50, M|100/100\n|switch|p2a: Farigiraf|Farigiraf, L50, F|100/100\n|switch|p2b: Steelix|Steelix, L50, M|100/100\n|-ability|p1b: Gyarados|Intimidate|boost\n|-unboost|p2a: Farigiraf|atk|1\n|-unboost|p2b: Steelix|atk|1\n|-weather|Sandstorm|[from] ability: Sand Stream|[of] p1a: Tyranitar\n|turn|1\n|inactive|OrugaVeluga has 30 seconds left.\n|\n|t:|1775942285\n|detailschange|p2b: Steelix|Steelix-Mega, L50, M\n|-mega|p2b: Steelix|Steelix|Steelixite\n|move|p1b: Gyarados|Taunt|p2a: Farigiraf\n|-start|p2a: Farigiraf|move: Taunt\n|-enditem|p2a: Farigiraf|Mental Herb\n|-end|p2a: Farigiraf|move: Taunt\n|move|p1a: Tyranitar|Dragon Dance|p1a: Tyranitar\n|-boost|p1a: Tyranitar|atk|1\n|-boost|p1a: Tyranitar|spe|1\n|move|p2b: Steelix|Body Press|p1a: Tyranitar\n|-supereffective|p1a: Tyranitar|2\n|-damage|p1a: Tyranitar|0 fnt\n|faint|p1a: Tyranitar\n|move|p2a: Farigiraf|Trick Room|p2a: Farigiraf\n|-fieldstart|move: Trick Room|[of] p2a: Farigiraf\n|\n|-weather|Sandstorm|[upkeep]\n|-damage|p2a: Farigiraf|95/100|[from] Sandstorm\n|-damage|p1b: Gyarados|95/100|[from] Sandstorm\n|-heal|p1b: Gyarados|100/100|[from] item: Leftovers\n|upkeep\n|\n|t:|1775942299\n|switch|p1a: Sinistcha|Sinistcha, L50|100/100\n|turn|2\n|inactive|OrugaVeluga has 30 seconds left.\n|\n|t:|1775942331\n|move|p2b: Steelix|Heavy Slam|p1a: Sinistcha\n|-damage|p1a: Sinistcha|59/100\n|move|p2a: Farigiraf|Psychic|p1a: Sinistcha\n|-damage|p1a: Sinistcha|25/100\n|-enditem|p1a: Sinistcha|Sitrus Berry|[eat]\n|-heal|p1a: Sinistcha|50/100|[from] item: Sitrus Berry\n|move|p1a: Sinistcha|Matcha Gotcha|p2b: Steelix|[spread] p2a,p2b\n|-damage|p2a: Farigiraf|70/100\n|-heal|p1a: Sinistcha|65/100|[from] drain|[of] p2a: Farigiraf\n|-damage|p2b: Steelix|76/100\n|-heal|p1a: Sinistcha|77/100|[from] drain|[of] p2b: Steelix\n|-status|p2b: Steelix|brn\n|move|p1b: Gyarados|Waterfall|p2b: Steelix\n|-supereffective|p2b: Steelix|1\n|-damage|p2b: Steelix|51/100 brn\n|\n|-weather|Sandstorm|[upkeep]\n|-damage|p2a: Farigiraf|64/100|[from] Sandstorm\n|-damage|p1a: Sinistcha|71/100|[from] Sandstorm\n|-damage|p1b: Gyarados|95/100|[from] Sandstorm\n|-heal|p1b: Gyarados|100/100|[from] item: Leftovers\n|-damage|p2b: Steelix|45/100 brn|[from] brn\n|upkeep\n|turn|3\n|inactive|OrugaVeluga has 30 seconds left.\n|inactive|OrugaVeluga has 20 seconds left.\n|\n|t:|1775942371\n|move|p2b: Steelix|Gyro Ball|p1a: Sinistcha\n|-damage|p1a: Sinistcha|63/100\n|move|p2a: Farigiraf|Dazzling Gleam|p1b: Gyarados|[spread] p1a,p1b\n|-damage|p1a: Sinistcha|47/100\n|-damage|p1b: Gyarados|88/100\n|move|p1b: Gyarados|Taunt|p2a: Farigiraf\n|-start|p2a: Farigiraf|move: Taunt\n|move|p1a: Sinistcha|Trick Room|p1a: Sinistcha\n|-fieldend|move: Trick Room\n|\n|-weather|Sandstorm|[upkeep]\n|-damage|p1b: Gyarados|82/100|[from] Sandstorm\n|-damage|p1a: Sinistcha|41/100|[from] Sandstorm\n|-damage|p2a: Farigiraf|58/100|[from] Sandstorm\n|-heal|p1b: Gyarados|88/100|[from] item: Leftovers\n|-damage|p2b: Steelix|39/100 brn|[from] brn\n|upkeep\n|turn|4\n|\n|t:|1775942394\n|switch|p1a: Excadrill|Excadrill, L50, M|100/100\n|switch|p2b: Torkoal|Torkoal, L50, F|100/100\n|-weather|SunnyDay|[from] ability: Drought|[of] p2b: Torkoal\n|move|p1b: Gyarados|Waterfall|p2a: Farigiraf\n|-damage|p2a: Farigiraf|45/100\n|move|p2a: Farigiraf|Psychic|p1a: Excadrill\n|-resisted|p1a: Excadrill|1\n|-damage|p1a: Excadrill|77/100\n|\n|-weather|SunnyDay|[upkeep]\n|-heal|p1b: Gyarados|94/100|[from] item: Leftovers\n|upkeep\n|turn|5\n|\n|t:|1775942415\n|switch|p2a: Primarina|Primarina, L50, F|100/100\n|move|p2b: Torkoal|Protect|p2b: Torkoal\n|-singleturn|p2b: Torkoal|Protect\n|move|p1a: Excadrill|Earthquake|p2b: Torkoal|[spread] p2a\n|-activate|p2b: Torkoal|move: Protect\n|-immune|p1b: Gyarados\n|-damage|p2a: Primarina|56/100\n|move|p1b: Gyarados|Thunder Wave|p2a: Primarina\n|-status|p2a: Primarina|par\n|\n|-weather|SunnyDay|[upkeep]\n|-heal|p1b: Gyarados|99/100|[from] item: Leftovers\n|-heal|p2a: Primarina|61/100 par|[from] item: Leftovers\n|upkeep\n|turn|6\n|inactive|eggmandood has 30 seconds left.\n|inactive|eggmandood has 20 seconds left.\n|-message|OrugaVeluga forfeited.\n|\n|win|eggmandood\n|raw|eggmandood's rating: 1108 &rarr; <strong>1127</strong><br />(+19 for winning)\n|raw|OrugaVeluga's rating: 1028 &rarr; <strong>1017</strong><br />(-11 for losing)\n",
  "uploadtime": 1775942454,
  "views": 9,
  "formatid": "gen9championsvgc2026regma",
  "rating": 1017,
  "private": 0,
  "password": null
}