{
  "id": "gen9championsvgc2026regma-2587638111",
  "format": "[Gen 9 Champions] VGC 2026 Reg M-A",
  "players": [
    "dongsong",
    "slimeslatt252"
  ],
  "log": "|j|\u2606dongsong\n|j|\u2606slimeslatt252\n|t:|1776549273\n|gametype|doubles\n|player|p1|dongsong|266|1485\n|player|p2|slimeslatt252|266|1551\n|gen|9\n|tier|[Gen 9 Champions] VGC 2026 Reg M-A\n|rated|\n|rule|Species Clause: Limit one of each Pok\u00e9mon\n|rule|Item Clause: Limit 1 of each item\n|clearpoke\n|poke|p1|Kangaskhan, L50, F|\n|poke|p1|Aegislash, L50, M|\n|poke|p1|Aerodactyl, L50, M|\n|poke|p1|Meganium, L50, F|\n|poke|p1|Milotic, L50, M|\n|poke|p1|Typhlosion-Hisui, L50, M|\n|poke|p2|Floette-Eternal, L50, F|\n|poke|p2|Delphox, L50, F|\n|poke|p2|Garchomp, L50, F|\n|poke|p2|Talonflame, L50, F|\n|poke|p2|Kingambit, L50, M|\n|poke|p2|Sneasler, L50, M|\n|teampreview|4\n|inactive|Battle timer is ON: inactive players will automatically lose when time's up. (requested by slimeslatt252)\n|\n|t:|1776549298\n|teamsize|p1|4\n|teamsize|p2|4\n|start\n|switch|p1a: Kangaskhan|Kangaskhan, L50, F|100/100\n|switch|p1b: Aerodactyl|Aerodactyl, L50, M|100/100\n|switch|p2a: Floette|Floette-Eternal, L50, F|100/100\n|switch|p2b: Sneasler|Sneasler, L50, M|100/100\n|-ability|p1b: Aerodactyl|Unnerve\n|turn|1\n|\n|t:|1776549311\n|detailschange|p2a: Floette|Floette-Mega, L50, F\n|-mega|p2a: Floette|Floette|Floettite\n|-ability|p2a: Floette|Fairy Aura\n|move|p2b: Sneasler|Fake Out|p1b: Aerodactyl\n|-resisted|p1b: Aerodactyl|1\n|-damage|p1b: Aerodactyl|88/100\n|move|p1a: Kangaskhan|Fake Out|p2a: Floette\n|-damage|p2a: Floette|82/100\n|cant|p1b: Aerodactyl|flinch\n|cant|p2a: Floette|flinch\n|\n|upkeep\n|turn|2\n|\n|t:|1776549322\n|detailschange|p1a: Kangaskhan|Kangaskhan-Mega, L50, F\n|-mega|p1a: Kangaskhan|Kangaskhan|Kangaskhanite\n|move|p2b: Sneasler|Protect|p2b: Sneasler\n|-singleturn|p2b: Sneasler|Protect\n|move|p1b: Aerodactyl|Dual Wingbeat|p2b: Sneasler\n|-activate|p2b: Sneasler|move: Protect\n|move|p1a: Kangaskhan|Double-Edge|p2a: Floette\n|-damage|p2a: Floette|18/100\n|-damage|p2a: Floette|2/100\n|-hitcount|p2a: Floette|2\n|-damage|p1a: Kangaskhan|77/100|[from] Recoil\n|move|p2a: Floette|Dazzling Gleam|p1a: Kangaskhan|[spread] p1a,p1b\n|-damage|p1a: Kangaskhan|38/100\n|-damage|p1b: Aerodactyl|12/100\n|\n|upkeep\n|turn|3\n|\n|t:|1776549339\n|switch|p2b: Garchomp|Garchomp, L50, F|100/100\n|move|p2a: Floette|Protect|p2a: Floette\n|-singleturn|p2a: Floette|Protect\n|move|p1b: Aerodactyl|Dual Wingbeat|p2b: Garchomp\n|-damage|p2b: Garchomp|83/100\n|-damage|p1b: Aerodactyl|0 fnt|[from] ability: Rough Skin|[of] p2b: Garchomp\n|faint|p1b: Aerodactyl\n|-hitcount|p2b: Garchomp|1\n|move|p1a: Kangaskhan|Double-Edge|p2a: Floette\n|-activate|p2a: Floette|move: Protect\n|\n|upkeep\n|\n|t:|1776549349\n|switch|p1b: Milotic|Milotic, L50, M|100/100\n|turn|4\n|\n|t:|1776549356\n|move|p1a: Kangaskhan|Sucker Punch|p2a: Floette\n|-resisted|p2a: Floette|1\n|-damage|p2a: Floette|0 fnt\n|faint|p2a: Floette\n|-hitcount|p2: Floette|1\n|move|p2b: Garchomp|Dragon Claw|p1a: Kangaskhan\n|-damage|p1a: Kangaskhan|0 fnt\n|faint|p1a: Kangaskhan\n|move|p1b: Milotic|Ice Beam|p2b: Garchomp\n|-supereffective|p2b: Garchomp|2\n|-damage|p2b: Garchomp|0 fnt\n|faint|p2b: Garchomp\n|\n|upkeep\n|\n|t:|1776549364\n|switch|p2b: Sneasler|Sneasler, L50, M|100/100\n|switch|p1a: Aegislash|Aegislash, L50, M|100/100\n|switch|p2a: Talonflame|Talonflame, L50, F|100/100\n|turn|5\n|\n|t:|1776549377\n|move|p1b: Milotic|Protect|p1b: Milotic\n|-singleturn|p1b: Milotic|Protect\n|move|p1a: Aegislash|King's Shield|p1a: Aegislash\n|-singleturn|p1a: Aegislash|Protect\n|move|p2b: Sneasler|Fake Out|p1b: Milotic\n|-activate|p1b: Milotic|move: Protect\n|move|p2a: Talonflame|Flare Blitz|p1a: Aegislash\n|-activate|p1a: Aegislash|move: Protect\n|-unboost|p2a: Talonflame|atk|1\n|\n|upkeep\n|turn|6\n|\n|t:|1776549395\n|move|p2a: Talonflame|Protect|p2a: Talonflame\n|-singleturn|p2a: Talonflame|Protect\n|move|p2b: Sneasler|Dire Claw|p1b: Milotic\n|-damage|p1b: Milotic|60/100\n|move|p1b: Milotic|Scald|p2a: Talonflame\n|-activate|p2a: Talonflame|move: Protect\n|-formechange|p1a: Aegislash|Aegislash-Blade|\n|move|p1a: Aegislash|Poltergeist|p2b: Sneasler\n|-activate|p2b: Sneasler|move: Poltergeist|White Herb\n|-damage|p2b: Sneasler|0 fnt\n|faint|p2b: Sneasler\n|\n|-heal|p1b: Milotic|66/100|[from] item: Leftovers\n|upkeep\n|turn|7\n|\n|t:|1776549408\n|move|p2a: Talonflame|Flare Blitz|p1a: Aegislash\n|-supereffective|p1a: Aegislash|1\n|-damage|p1a: Aegislash|0 fnt\n|faint|p1a: Aegislash\n|-damage|p2a: Talonflame|65/100|[from] Recoil\n|move|p1b: Milotic|Scald|p2a: Talonflame\n|-supereffective|p2a: Talonflame|1\n|-damage|p2a: Talonflame|0 fnt\n|faint|p2a: Talonflame\n|\n|win|dongsong\n|raw|dongsong's rating: 1485 &rarr; <strong>1509</strong><br />(+24 for winning)\n|raw|slimeslatt252's rating: 1551 &rarr; <strong>1527</strong><br />(-24 for losing)\n",
  "uploadtime": 1776549411,
  "views": 19,
  "formatid": "gen9championsvgc2026regma",
  "rating": 1509,
  "private": 0,
  "password": null
}