{
  "id": "gen9championsvgc2026regma-2583883901",
  "format": "[Gen 9 Champions] VGC 2026 Reg M-A",
  "players": [
    "RacoonBitch69",
    "XungLao"
  ],
  "log": "|j|\u2606RacoonBitch69\n|j|\u2606XungLao\n|t:|1776205296\n|gametype|doubles\n|player|p1|RacoonBitch69|102|1122\n|player|p2|XungLao|rood|1209\n|gen|9\n|tier|[Gen 9 Champions] VGC 2026 Reg M-A\n|rated|\n|rule|Species Clause: Limit one of each Pok\u00e9mon\n|rule|Item Clause: Limit 1 of each item\n|clearpoke\n|poke|p1|Hawlucha, L50, M|\n|poke|p1|Snorlax, L50, F|\n|poke|p1|Sinistcha, L50|\n|poke|p1|Incineroar, L50, F|\n|poke|p1|Tyrantrum, L50, M|\n|poke|p1|Aegislash, L50, F|\n|poke|p2|Froslass, L50, F|\n|poke|p2|Aerodactyl, L50, F|\n|poke|p2|Maushold, L50|\n|poke|p2|Sneasler, L50, F|\n|poke|p2|Farigiraf, L50, M|\n|poke|p2|Kingambit, L50, M|\n|teampreview|4\n|\n|t:|1776205333\n|teamsize|p1|4\n|teamsize|p2|4\n|start\n|switch|p1a: Incineroar|Incineroar, L50, F|100/100\n|switch|p1b: Hawlucha|Hawlucha, L50, M, shiny|100/100\n|switch|p2a: Froslass|Froslass, L50, F|100/100\n|switch|p2b: Sneasler|Sneasler, L50, F|100/100\n|-ability|p1b: Hawlucha|Mold Breaker\n|-ability|p1a: Incineroar|Intimidate|boost\n|-unboost|p2a: Froslass|atk|1\n|-unboost|p2b: Sneasler|atk|1\n|-enditem|p2b: Sneasler|White Herb\n|-clearnegativeboost|p2b: Sneasler|[silent]\n|turn|1\n|inactive|Battle timer is ON: inactive players will automatically lose when time's up. (requested by XungLao)\n|\n|t:|1776205351\n|detailschange|p2a: Froslass|Froslass-Mega, L50, F\n|-mega|p2a: Froslass|Froslass|Froslassite\n|-weather|Snowscape|[from] ability: Snow Warning|[of] p2a: Froslass\n|move|p1b: Hawlucha|Protect|p1b: Hawlucha\n|-singleturn|p1b: Hawlucha|Protect\n|move|p2b: Sneasler|Fake Out|p1a: Incineroar\n|-damage|p1a: Incineroar|88/100\n|move|p2a: Froslass|Blizzard|p1b: Hawlucha|[spread] p1a\n|-activate|p1b: Hawlucha|move: Protect\n|-resisted|p1a: Incineroar|1\n|-damage|p1a: Incineroar|71/100\n|cant|p1a: Incineroar|flinch\n|\n|-weather|Snowscape|[upkeep]\n|upkeep\n|turn|2\n|inactive|RacoonBitch69 has 30 seconds left.\n|inactive|RacoonBitch69 has 20 seconds left.\n|inactive|RacoonBitch69 has 15 seconds left.\n|inactive|RacoonBitch69 has 10 seconds left.\n|inactive|RacoonBitch69 has 5 seconds left.\n|\n|t:|1776205402\n|switch|p1a: Snorlax|Snorlax, L50, F|100/100\n|detailschange|p1b: Hawlucha|Hawlucha-Mega, L50, M, shiny\n|-mega|p1b: Hawlucha|Hawlucha|Hawluchanite\n|move|p2b: Sneasler|Close Combat|p1a: Snorlax\n|-supereffective|p1a: Snorlax|1\n|-damage|p1a: Snorlax|21/100\n|-unboost|p2b: Sneasler|def|1\n|-unboost|p2b: Sneasler|spd|1\n|move|p2a: Froslass|Blizzard|p1b: Hawlucha|[spread] p1a,p1b\n|-supereffective|p1b: Hawlucha|1\n|-damage|p1a: Snorlax|7/100\n|-damage|p1b: Hawlucha|12/100\n|move|p1b: Hawlucha|Brave Bird|p2b: Sneasler\n|-supereffective|p2b: Sneasler|1\n|-damage|p2b: Sneasler|0 fnt\n|faint|p2b: Sneasler\n|-damage|p1b: Hawlucha|0 fnt|[from] Recoil\n|faint|p1b: Hawlucha\n|\n|-weather|Snowscape|[upkeep]\n|-heal|p1a: Snorlax|13/100|[from] item: Leftovers\n|upkeep\n|inactive|XungLao has 30 seconds left.\n|\n|t:|1776205429\n|switch|p2b: Maushold|Maushold, L50|100/100\n|switch|p1b: Sinistcha|Sinistcha, L50|100/100\n|-heal|p1a: Snorlax|38/100|[from] ability: Hospitality|[of] p1b: Sinistcha\n|turn|3\n|\n|t:|1776205445\n|move|p2b: Maushold|Helping Hand|p2a: Froslass\n|-singleturn|p2a: Froslass|Helping Hand|[of] p2b: Maushold\n|move|p1a: Snorlax|Protect|p1a: Snorlax\n|-singleturn|p1a: Snorlax|Protect\n|move|p2a: Froslass|Blizzard|p1a: Snorlax|[spread] p1b\n|-activate|p1a: Snorlax|move: Protect\n|-supereffective|p1b: Sinistcha|1\n|-damage|p1b: Sinistcha|0 fnt\n|faint|p1b: Sinistcha\n|\n|-weather|Snowscape|[upkeep]\n|-heal|p1a: Snorlax|44/100|[from] item: Leftovers\n|upkeep\n|inactive|RacoonBitch69 has 30 seconds left.\n|\n|t:|1776205471\n|switch|p1b: Incineroar|Incineroar, L50, F|71/100\n|-ability|p1b: Incineroar|Intimidate|boost\n|-unboost|p2a: Froslass|atk|1\n|-unboost|p2b: Maushold|atk|1\n|turn|4\n|\n|t:|1776205495\n|move|p1b: Incineroar|Fake Out|p2b: Maushold\n|-damage|p2b: Maushold|87/100\n|cant|p2b: Maushold|flinch\n|move|p2a: Froslass|Blizzard|p1a: Snorlax|[spread] p1a,p1b\n|-resisted|p1b: Incineroar|1\n|-damage|p1a: Snorlax|30/100\n|-damage|p1b: Incineroar|56/100\n|move|p1a: Snorlax|Smack Down|p2a: Froslass\n|-supereffective|p2a: Froslass|1\n|-damage|p2a: Froslass|78/100\n|\n|-weather|Snowscape|[upkeep]\n|-heal|p1a: Snorlax|36/100|[from] item: Leftovers\n|upkeep\n|turn|5\n|inactive|RacoonBitch69 has 30 seconds left.\n|inactive|XungLao has 30 seconds left.\n|inactive|RacoonBitch69 has 20 seconds left.\n|inactive|XungLao has 20 seconds left.\n|\n|t:|1776205534\n|move|p2b: Maushold|Follow Me|p2b: Maushold\n|-singleturn|p2b: Maushold|move: Follow Me\n|move|p2a: Froslass|Blizzard|p1b: Incineroar|[spread] p1a,p1b\n|-crit|p1a: Snorlax\n|-resisted|p1b: Incineroar|1\n|-damage|p1a: Snorlax|15/100\n|-damage|p1b: Incineroar|39/100\n|move|p1b: Incineroar|Flare Blitz|p2b: Maushold\n|-damage|p2b: Maushold|29/100\n|-enditem|p2b: Maushold|Sitrus Berry|[eat]\n|-heal|p2b: Maushold|54/100|[from] item: Sitrus Berry\n|-damage|p1b: Incineroar|22/100|[from] Recoil\n|move|p1a: Snorlax|Fissure|p2b: Maushold\n|-damage|p2b: Maushold|0 fnt\n|faint|p2b: Maushold\n|-ohko\n|\n|-weather|none\n|-heal|p1a: Snorlax|21/100|[from] item: Leftovers\n|upkeep\n|\n|t:|1776205553\n|switch|p2b: Kingambit|Kingambit, L50, M|100/100\n|turn|6\n|\n|t:|1776205570\n|move|p1a: Snorlax|Protect|p1a: Snorlax\n|-singleturn|p1a: Snorlax|Protect\n|move|p2b: Kingambit|Sucker Punch|p1b: Incineroar\n|-resisted|p1b: Incineroar|1\n|-damage|p1b: Incineroar|0 fnt\n|faint|p1b: Incineroar\n|move|p2a: Froslass|Blizzard|p1a: Snorlax\n|-activate|p1a: Snorlax|move: Protect\n|\n|-heal|p1a: Snorlax|27/100|[from] item: Leftovers\n|upkeep\n|turn|7\n|\n|t:|1776205592\n|move|p2a: Froslass|Blizzard|p1a: Snorlax\n|-damage|p1a: Snorlax|7/100\n|move|p2b: Kingambit|Kowtow Cleave|p1a: Snorlax\n|-damage|p1a: Snorlax|0 fnt\n|faint|p1a: Snorlax\n|\n|win|XungLao\n|raw|RacoonBitch69's rating: 1122 &rarr; <strong>1103</strong><br />(-19 for losing)\n|raw|XungLao's rating: 1209 &rarr; <strong>1228</strong><br />(+19 for winning)\n|l|\u2606RacoonBitch69\n|player|p1|\n",
  "uploadtime": 1776205604,
  "views": 22,
  "formatid": "gen9championsvgc2026regma",
  "rating": 1103,
  "private": 0,
  "password": null
}