{
  "id": "gen9championsvgc2026regma-2581221356",
  "format": "[Gen 9 Champions] VGC 2026 Reg M-A",
  "players": [
    "kuoli00021",
    "disciple of blahaj"
  ],
  "log": "|j|\u2606kuoli00021\n|j|\u2606disciple of blahaj\n|t:|1775972537\n|gametype|doubles\n|player|p1|kuoli00021|102|1180\n|player|p2|disciple of blahaj|jacinthe|1187\n|gen|9\n|tier|[Gen 9 Champions] VGC 2026 Reg M-A\n|rated|\n|rule|Species Clause: Limit one of each Pok\u00e9mon\n|rule|Item Clause: Limit 1 of each item\n|clearpoke\n|poke|p1|Kingambit, L50, M|\n|poke|p1|Incineroar, L50, F|\n|poke|p1|Starmie, L50|\n|poke|p1|Sylveon, L50, F|\n|poke|p1|Sinistcha, L50|\n|poke|p1|Sneasler, L50, M|\n|poke|p2|Lopunny, L50, F|\n|poke|p2|Basculegion, L50, M|\n|poke|p2|Whimsicott, L50, F|\n|poke|p2|Pelipper, L50, F|\n|poke|p2|Garchomp, L50, M|\n|poke|p2|Aegislash, L50, M|\n|teampreview|4\n|inactive|Battle timer is ON: inactive players will automatically lose when time's up. (requested by kuoli00021)\n|inactive|disciple of blahaj has 60 seconds left.\n|\n|t:|1775972575\n|teamsize|p1|4\n|teamsize|p2|4\n|start\n|switch|p1a: Starmie|Starmie, L50|100/100\n|switch|p1b: Sneasler|Sneasler, L50, M|100/100\n|switch|p2a: Lopunny|Lopunny, L50, F, shiny|100/100\n|switch|p2b: Aegislash|Aegislash, L50, M|100/100\n|turn|1\n|inactive|kuoli00021 has 30 seconds left.\n|\n|t:|1775972605\n|switch|p1a: Incineroar|Incineroar, L50, F|100/100\n|-ability|p1a: Incineroar|Intimidate|boost\n|-unboost|p2a: Lopunny|atk|1\n|-unboost|p2b: Aegislash|atk|1\n|detailschange|p2a: Lopunny|Lopunny-Mega, L50, F, shiny\n|-mega|p2a: Lopunny|Lopunny|Lopunnite\n|move|p2a: Lopunny|Fake Out|p1b: Sneasler\n|-damage|p1b: Sneasler|73/100\n|cant|p1b: Sneasler|flinch\n|-formechange|p2b: Aegislash|Aegislash-Blade|\n|move|p2b: Aegislash|Shadow Ball|p1a: Incineroar\n|-resisted|p1a: Incineroar|1\n|-damage|p1a: Incineroar|83/100\n|\n|upkeep\n|turn|2\n|inactive|disciple of blahaj has 30 seconds left.\n|\n|t:|1775972631\n|switch|p2a: Basculegion|Basculegion, L50, M|100/100\n|move|p1b: Sneasler|Coaching|p1a: Incineroar\n|-boost|p1a: Incineroar|atk|1\n|-boost|p1a: Incineroar|def|1\n|move|p1a: Incineroar|Flare Blitz|p2b: Aegislash\n|-supereffective|p2b: Aegislash|1\n|-damage|p2b: Aegislash|0 fnt\n|faint|p2b: Aegislash\n|-damage|p1a: Incineroar|56/100|[from] Recoil\n|\n|upkeep\n|\n|t:|1775972642\n|switch|p2b: Lopunny|Lopunny-Mega, L50, F, shiny|100/100\n|turn|3\n|\n|t:|1775972653\n|switch|p2b: Pelipper|Pelipper, L50, F|100/100\n|-weather|RainDance|[from] ability: Drizzle|[of] p2b: Pelipper\n|move|p2a: Basculegion|Flip Turn|p1a: Incineroar\n|-supereffective|p1a: Incineroar|1\n|-damage|p1a: Incineroar|0 fnt\n|faint|p1a: Incineroar\n|\n|t:|1775972661\n|switch|p2a: Lopunny|Lopunny-Mega, L50, F, shiny|100/100|[from] Flip Turn\n|move|p1b: Sneasler|Close Combat|p2b: Pelipper\n|-resisted|p2b: Pelipper|1\n|-damage|p2b: Pelipper|62/100\n|-unboost|p1b: Sneasler|def|1\n|-unboost|p1b: Sneasler|spd|1\n|\n|-weather|RainDance|[upkeep]\n|upkeep\n|\n|t:|1775972672\n|switch|p1a: Starmie|Starmie, L50|100/100\n|turn|4\n|\n|t:|1775972682\n|detailschange|p1a: Starmie|Starmie-Mega, L50\n|-mega|p1a: Starmie|Starmie|Starminite\n|move|p2a: Lopunny|Fake Out|p1a: Starmie\n|-damage|p1a: Starmie|74/100\n|move|p1b: Sneasler|Rock Slide|p2b: Pelipper|[spread] p2a\n|-miss|p1b: Sneasler|p2b: Pelipper\n|-resisted|p2a: Lopunny|1\n|-damage|p2a: Lopunny|87/100\n|cant|p1a: Starmie|flinch\n|move|p2b: Pelipper|Muddy Water|p1a: Starmie|[spread] p1a\n|-miss|p2b: Pelipper|p1b: Sneasler\n|-resisted|p1a: Starmie|1\n|-damage|p1a: Starmie|42/100\n|\n|-weather|RainDance|[upkeep]\n|upkeep\n|turn|5\n|inactive|kuoli00021 has 30 seconds left.\n|\n|t:|1775972708\n|move|p2a: Lopunny|Facade|p1a: Starmie\n|-damage|p1a: Starmie|0 fnt\n|faint|p1a: Starmie\n|move|p1b: Sneasler|Close Combat|p2a: Lopunny\n|-supereffective|p2a: Lopunny|1\n|-damage|p2a: Lopunny|0 fnt\n|-unboost|p1b: Sneasler|def|1\n|-unboost|p1b: Sneasler|spd|1\n|faint|p2a: Lopunny\n|move|p2b: Pelipper|Hurricane|p1b: Sneasler\n|-supereffective|p1b: Sneasler|1\n|-damage|p1b: Sneasler|0 fnt\n|faint|p1b: Sneasler\n|\n|-weather|RainDance|[upkeep]\n|upkeep\n|\n|t:|1775972716\n|switch|p2a: Basculegion|Basculegion, L50, M|100/100\n|switch|p1b: Kingambit|Kingambit, L50, M|100/100\n|turn|6\n|\n|t:|1775972726\n|move|p2a: Basculegion|Aqua Jet|p1b: Kingambit\n|-damage|p1b: Kingambit|69/100\n|move|p1b: Kingambit|Sucker Punch||[still]\n|-fail|p1b: Kingambit\n|move|p2b: Pelipper|Weather Ball|p1b: Kingambit\n|-damage|p1b: Kingambit|6/100\n|\n|-weather|RainDance|[upkeep]\n|upkeep\n|turn|7\n|\n|t:|1775972736\n|move|p2a: Basculegion|Aqua Jet|p1b: Kingambit\n|-crit|p1b: Kingambit\n|-damage|p1b: Kingambit|0 fnt\n|faint|p1b: Kingambit\n|\n|win|disciple of blahaj\n|raw|kuoli00021's rating: 1180 &rarr; <strong>1156</strong><br />(-24 for losing)\n|raw|disciple of blahaj's rating: 1187 &rarr; <strong>1211</strong><br />(+24 for winning)\n|c|\u2606disciple of blahaj|Ggwp\n",
  "uploadtime": 1775972750,
  "views": 18,
  "formatid": "gen9championsvgc2026regma",
  "rating": 1156,
  "private": 0,
  "password": null
}