{
  "id": "gen9championsvgc2026regma-2581318843",
  "format": "[Gen 9 Champions] VGC 2026 Reg M-A",
  "players": [
    "PYS_Max",
    "silvermagicianvgc"
  ],
  "log": "|j|\u2606PYS_Max\n|j|\u2606silvermagicianvgc\n|t:|1775986002\n|gametype|doubles\n|player|p1|PYS_Max|clay|1290\n|player|p2|silvermagicianvgc|silver|1351\n|gen|9\n|tier|[Gen 9 Champions] VGC 2026 Reg M-A\n|rated|\n|rule|Species Clause: Limit one of each Pok\u00e9mon\n|rule|Item Clause: Limit 1 of each item\n|clearpoke\n|poke|p1|Aerodactyl, L50, F|\n|poke|p1|Incineroar, L50, M|\n|poke|p1|Floette-Eternal, L50, F|\n|poke|p1|Basculegion, L50, M|\n|poke|p1|Garchomp, L50, F|\n|poke|p1|Sneasler, L50, M|\n|poke|p2|Floette-Eternal, L50, F|\n|poke|p2|Garchomp, L50, F|\n|poke|p2|Aerodactyl, L50, M|\n|poke|p2|Incineroar, L50, M|\n|poke|p2|Milotic, L50, F|\n|poke|p2|Sinistcha, L50|\n|teampreview|4\nPYS_Max has agreed to open team sheets.\nsilvermagicianvgc has agreed to open team sheets.\n|showteam|p1|Aerodactyl||FocusSash|Unnerve|RockSlide,DualWingbeat,Protect,Tailwind|||F|||50|]Incineroar||SitrusBerry|Intimidate|FakeOut,HelpingHand,PartingShot,FlareBlitz|||M|||50|]Floette-Eternal||Floettite|FlowerVeil|DazzlingGleam,Moonblast,LightofRuin,Protect|||F|||50|]Basculegion||ChoiceScarf|Adaptability|LastRespects,FlipTurn,Liquidation,WaveCrash|||M|||50|]Garchomp||HabanBerry|RoughSkin|Earthquake,DragonClaw,RockSlide,Protect|||F|||50|]Sneasler||WhiteHerb|Unburden|CloseCombat,DireClaw,RockTomb,Protect|||M|||50|\n|showteam|p2|Floette-Eternal||Floettite|FlowerVeil|Protect,CalmMind,DazzlingGleam,Moonblast|||F|||50|]Garchomp||ChoiceScarf|RoughSkin|Earthquake,DragonClaw,StompingTantrum,RockSlide|||F|||50|]Aerodactyl||FocusSash|Unnerve|Protect,Tailwind,RockSlide,Earthquake|||M|||50|]Incineroar||SitrusBerry|Intimidate|PartingShot,FlareBlitz,ThroatChop,FakeOut|||M|||50|]Milotic||Leftovers|Competitive|Protect,Scald,IcyWind,LifeDew|||F|||50|]Sinistcha||CobaBerry|Hospitality|MatchaGotcha,RagePowder,TrickRoom,Imprison||||||50|\n|c|\u2606PYS_Max|gl hf\n|c|\u2606silvermagicianvgc|glhf\n|j| Crvstal_K!tty\n|c| Crvstal_K!tty|great teams tbh, this format has a lot of fun teams and fun mons\n|\n|t:|1775986082\n|teamsize|p1|4\n|teamsize|p2|4\n|start\n|switch|p1a: Sneasler|Sneasler, L50, M|100/100\n|switch|p1b: Floette|Floette-Eternal, L50, F|100/100\n|switch|p2a: Milotic|Milotic, L50, F, shiny|100/100\n|switch|p2b: Aerodactyl|Aerodactyl, L50, M|100/100\n|-ability|p2b: Aerodactyl|Unnerve\n|turn|1\n|j| gE1xjZRtuhW2DdT0AK\n|\n|t:|1775986108\n|detailschange|p1b: Floette|Floette-Mega, L50, F\n|-mega|p1b: Floette|Floette|Floettite\n|-ability|p1b: Floette|Fairy Aura\n|move|p2b: Aerodactyl|Protect|p2b: Aerodactyl\n|-singleturn|p2b: Aerodactyl|Protect\n|move|p2a: Milotic|Protect|p2a: Milotic\n|-singleturn|p2a: Milotic|Protect\n|move|p1a: Sneasler|Rock Tomb|p2b: Aerodactyl\n|-activate|p2b: Aerodactyl|move: Protect\n|move|p1b: Floette|Dazzling Gleam|p2a: Milotic|[spread] \n|-activate|p2a: Milotic|move: Protect\n|-activate|p2b: Aerodactyl|move: Protect\n|\n|upkeep\n|turn|2\n|\n|t:|1775986143\n|move|p2b: Aerodactyl|Earthquake|p1a: Sneasler|[spread] p2a,p1a,p1b\n|-supereffective|p1a: Sneasler|1\n|-damage|p2a: Milotic|79/100\n|-damage|p1a: Sneasler|30/100\n|-damage|p1b: Floette|71/100\n|move|p1a: Sneasler|Dire Claw|p2a: Milotic\n|-damage|p2a: Milotic|42/100\n|move|p1b: Floette|Dazzling Gleam|p2a: Milotic|[spread] p2a,p2b\n|-damage|p2a: Milotic|6/100\n|-damage|p2b: Aerodactyl|31/100\n|move|p2a: Milotic|Icy Wind|p1b: Floette|[spread] p1a,p1b\n|-damage|p1a: Sneasler|13/100\n|-damage|p1b: Floette|61/100\n|-unboost|p1a: Sneasler|spe|1\n|-unboost|p1b: Floette|spe|1\n|-enditem|p1a: Sneasler|White Herb\n|-clearnegativeboost|p1a: Sneasler|[silent]\n|\n|-heal|p2a: Milotic|12/100|[from] item: Leftovers\n|upkeep\n|turn|3\n|\n|t:|1775986188\n|switch|p1b: Basculegion|Basculegion, L50, M|100/100\n|move|p1a: Sneasler|Protect|p1a: Sneasler\n|-singleturn|p1a: Sneasler|Protect\n|move|p2b: Aerodactyl|Protect|p2b: Aerodactyl\n|-singleturn|p2b: Aerodactyl|Protect\n|move|p2a: Milotic|Scald|p1a: Sneasler\n|-activate|p1a: Sneasler|move: Protect\n|\n|-heal|p2a: Milotic|18/100|[from] item: Leftovers\n|upkeep\n|turn|4\n|\n|t:|1775986219\n|switch|p2b: Incineroar|Incineroar, L50, M|100/100\n|-ability|p2b: Incineroar|Intimidate|boost\n|-unboost|p1a: Sneasler|atk|1\n|-unboost|p1b: Basculegion|atk|1\n|move|p1a: Sneasler|Dire Claw|p2a: Milotic\n|-damage|p2a: Milotic|0 fnt\n|faint|p2a: Milotic\n|move|p1b: Basculegion|Flip Turn|p2b: Incineroar\n|-supereffective|p2b: Incineroar|1\n|-damage|p2b: Incineroar|58/100\n|\n|t:|1775986230\n|switch|p1b: Aerodactyl|Aerodactyl, L50, F|100/100|[from] Flip Turn\n|-ability|p1b: Aerodactyl|Unnerve\n|\n|upkeep\n|\n|t:|1775986237\n|switch|p2a: Aerodactyl|Aerodactyl, L50, M|31/100\n|-ability|p2a: Aerodactyl|Unnerve\n|turn|5\n|\n|t:|1775986258\n|move|p2b: Incineroar|Fake Out|p1b: Aerodactyl\n|-resisted|p1b: Aerodactyl|1\n|-crit|p1b: Aerodactyl\n|-damage|p1b: Aerodactyl|85/100\n|move|p1a: Sneasler|Close Combat|p2a: Aerodactyl\n|-damage|p2a: Aerodactyl|0 fnt\n|-unboost|p1a: Sneasler|def|1\n|-unboost|p1a: Sneasler|spd|1\n|faint|p2a: Aerodactyl\n|cant|p1b: Aerodactyl|flinch\n|\n|upkeep\n|\n|t:|1775986267\n|switch|p2a: Floette|Floette-Eternal, L50, F, shiny|100/100\n|turn|6\n|\n|t:|1775986296\n|detailschange|p2a: Floette|Floette-Mega, L50, F, shiny\n|-mega|p2a: Floette|Floette|Floettite\n|-ability|p2a: Floette|Fairy Aura\n|move|p2a: Floette|Protect|p2a: Floette\n|-singleturn|p2a: Floette|Protect\n|move|p1a: Sneasler|Close Combat|p2b: Incineroar\n|-supereffective|p2b: Incineroar|1\n|-damage|p2b: Incineroar|0 fnt\n|-unboost|p1a: Sneasler|def|1\n|-unboost|p1a: Sneasler|spd|1\n|faint|p2b: Incineroar\n|move|p1b: Aerodactyl|Tailwind|p1b: Aerodactyl\n|-sidestart|p1: PYS_Max|move: Tailwind\n|\n|upkeep\n|turn|7\n|-message|silvermagicianvgc forfeited.\n|\n|win|PYS_Max\n|raw|PYS_Max's rating: 1290 &rarr; <strong>1319</strong><br />(+29 for winning)\n|raw|silvermagicianvgc's rating: 1351 &rarr; <strong>1328</strong><br />(-23 for losing)\n|l|\u2606silvermagicianvgc\n|player|p2|\n|l| Crvstal_K!tty\n|l|\u2606PYS_Max\n|player|p1|\n",
  "uploadtime": 1775986352,
  "views": 22,
  "formatid": "gen9championsvgc2026regma",
  "rating": 1319,
  "private": 0,
  "password": null
}