{
  "id": "gen9championsvgc2026regma-2582774107",
  "format": "[Gen 9 Champions] VGC 2026 Reg M-A",
  "players": [
    "heyitsmegiff",
    "j4ce"
  ],
  "log": "|j|\u2606heyitsmegiff\n|j|\u2606j4ce\n|t:|1776113156\n|gametype|doubles\n|player|p1|heyitsmegiff|hiker-gen4|1277\n|player|p2|j4ce|265|1344\n|gen|9\n|tier|[Gen 9 Champions] VGC 2026 Reg M-A\n|rated|\n|rule|Species Clause: Limit one of each Pok\u00e9mon\n|rule|Item Clause: Limit 1 of each item\n|clearpoke\n|poke|p1|Tyranitar, L50, F|\n|poke|p1|Steelix, L50, M|\n|poke|p1|Garchomp, L50, F|\n|poke|p1|Sinistcha, L50|\n|poke|p1|Talonflame, L50, M|\n|poke|p1|Gyarados, L50, F|\n|poke|p2|Incineroar, L50, M|\n|poke|p2|Basculegion, L50, M|\n|poke|p2|Meowstic, L50, M|\n|poke|p2|Sneasler, L50, M|\n|poke|p2|Alakazam, L50, M|\n|poke|p2|Hatterene, L50, F|\n|teampreview|4\nheyitsmegiff has agreed to open team sheets.\n|inactive|Battle timer is ON: inactive players will automatically lose when time's up. (requested by j4ce)\n|\n|t:|1776113213\n|teamsize|p1|4\n|teamsize|p2|4\n|start\n|switch|p1a: Garchomp|Garchomp, L50, F|100/100\n|switch|p1b: Sinistcha|Sinistcha, L50|100/100\n|switch|p2a: Big Fish|Basculegion, L50, M|100/100\n|switch|p2b: Gatofuego|Incineroar, L50, M|100/100\n|-ability|p2b: Gatofuego|Intimidate|boost\n|-unboost|p1a: Garchomp|atk|1\n|-unboost|p1b: Sinistcha|atk|1\n|turn|1\n|\n|t:|1776113236\n|move|p2b: Gatofuego|Fake Out|p1a: Garchomp\n|-damage|p1a: Garchomp|90/100\n|move|p1b: Sinistcha|Rage Powder|p1b: Sinistcha\n|-singleturn|p1b: Sinistcha|move: Rage Powder\n|cant|p1a: Garchomp|flinch\n|move|p2a: Big Fish|Flip Turn|p1b: Sinistcha\n|-resisted|p1b: Sinistcha|1\n|-damage|p1b: Sinistcha|81/100\n|\n|t:|1776113244\n|switch|p2a: Gatops\u00edquica|Meowstic, L50, M|100/100|[from] Flip Turn\n|\n|upkeep\n|turn|2\n|inactive|j4ce has 30 seconds left.\n|\n|t:|1776113279\n|switch|p1b: Tyranitar|Tyranitar, L50, F|100/100\n|-weather|Sandstorm|[from] ability: Sand Stream|[of] p1b: Tyranitar\n|move|p1a: Garchomp|Stomping Tantrum|p2b: Gatofuego\n|-supereffective|p2b: Gatofuego|1\n|-damage|p2b: Gatofuego|0 fnt\n|faint|p2b: Gatofuego\n|move|p2a: Gatops\u00edquica|Expanding Force|p1a: Garchomp\n|-damage|p1a: Garchomp|56/100\n|\n|-weather|Sandstorm|[upkeep]\n|-damage|p2a: Gatops\u00edquica|95/100|[from] Sandstorm\n|upkeep\n|\n|t:|1776113293\n|switch|p2b: Big Fish|Basculegion, L50, M|100/100\n|turn|3\n|\n|t:|1776113316\n|switch|p1b: Sinistcha|Sinistcha, L50|81/100\n|-heal|p1a: Garchomp|81/100|[from] ability: Hospitality|[of] p1b: Sinistcha\n|move|p2a: Gatops\u00edquica|Psychic Terrain|p2a: Gatops\u00edquica\n|-fieldstart|move: Psychic Terrain\n|move|p1a: Garchomp|Stomping Tantrum|p2a: Gatops\u00edquica\n|-damage|p2a: Gatops\u00edquica|54/100\n|move|p2b: Big Fish|Wave Crash|p1b: Sinistcha\n|-resisted|p1b: Sinistcha|1\n|-damage|p1b: Sinistcha|42/100\n|-enditem|p1b: Sinistcha|Sitrus Berry|[eat]\n|-heal|p1b: Sinistcha|67/100|[from] item: Sitrus Berry\n|-damage|p2b: Big Fish|89/100|[from] Recoil\n|\n|-weather|Sandstorm|[upkeep]\n|-damage|p2b: Big Fish|83/100|[from] Sandstorm\n|-damage|p2a: Gatops\u00edquica|48/100|[from] Sandstorm\n|-damage|p1b: Sinistcha|61/100|[from] Sandstorm\n|upkeep\n|turn|4\n|inactive|heyitsmegiff has 30 seconds left.\n|inactive|j4ce has 30 seconds left.\n|\n|t:|1776113346\n|switch|p1a: Steelix|Steelix, L50, M, shiny|100/100\n|move|p2b: Big Fish|Wave Crash|p1a: Steelix\n|-supereffective|p1a: Steelix|1\n|-damage|p1a: Steelix|24/100\n|-damage|p2b: Big Fish|59/100|[from] Recoil\n|move|p2a: Gatops\u00edquica|Expanding Force|p1a: Steelix|[spread] p1a,p1b\n|-resisted|p1a: Steelix|1\n|-damage|p1a: Steelix|0 fnt\n|-damage|p1b: Sinistcha|13/100\n|faint|p1a: Steelix\n|move|p1b: Sinistcha|Trick Room|p1b: Sinistcha\n|-fieldstart|move: Trick Room|[of] p1b: Sinistcha\n|\n|-weather|Sandstorm|[upkeep]\n|-damage|p1b: Sinistcha|7/100|[from] Sandstorm\n|-damage|p2a: Gatops\u00edquica|42/100|[from] Sandstorm\n|-damage|p2b: Big Fish|53/100|[from] Sandstorm\n|upkeep\n|\n|t:|1776113356\n|switch|p1a: Tyranitar|Tyranitar, L50, F|100/100\n|turn|5\n|\n|t:|1776113373\n|switch|p2b: Kinky Boots|Hatterene, L50, F|100/100\n|detailschange|p1a: Tyranitar|Tyranitar-Mega, L50, F\n|-mega|p1a: Tyranitar|Tyranitar|Tyranitarite\n|move|p2a: Gatops\u00edquica|Protect|p2a: Gatops\u00edquica\n|-singleturn|p2a: Gatops\u00edquica|Protect\n|move|p1b: Sinistcha|Matcha Gotcha|p2b: Kinky Boots|[spread] p2b\n|-activate|p2a: Gatops\u00edquica|move: Protect\n|-damage|p2b: Kinky Boots|71/100\n|-heal|p1b: Sinistcha|21/100|[from] drain|[of] p2b: Kinky Boots\n|move|p1a: Tyranitar|Knock Off|p2a: Gatops\u00edquica\n|-activate|p2a: Gatops\u00edquica|move: Protect\n|\n|-weather|Sandstorm|[upkeep]\n|-damage|p2b: Kinky Boots|65/100|[from] Sandstorm\n|-damage|p1b: Sinistcha|15/100|[from] Sandstorm\n|-damage|p2a: Gatops\u00edquica|36/100|[from] Sandstorm\n|upkeep\n|turn|6\n|inactive|j4ce has 30 seconds left.\n|\n|t:|1776113406\n|switch|p1b: Garchomp|Garchomp, L50, F|81/100\n|move|p2a: Gatops\u00edquica|Thunder Wave|p2b: Kinky Boots\n|move|p2b: Kinky Boots|Thunder Wave|p2a: Gatops\u00edquica|[from] ability: Magic Bounce\n|-status|p2a: Gatops\u00edquica|par\n|move|p2b: Kinky Boots|Dazzling Gleam|p1a: Tyranitar|[spread] p1a,p1b\n|-supereffective|p1a: Tyranitar|1\n|-supereffective|p1b: Garchomp|1\n|-damage|p1a: Tyranitar|66/100\n|-damage|p1b: Garchomp|16/100\n|move|p1a: Tyranitar|Rock Slide|p2a: Gatops\u00edquica|[spread] p2a,p2b\n|-damage|p2a: Gatops\u00edquica|0 fnt\n|-damage|p2b: Kinky Boots|22/100\n|faint|p2a: Gatops\u00edquica\n|\n|-weather|none\n|upkeep\n|\n|t:|1776113421\n|switch|p2a: Big Fish|Basculegion, L50, M|53/100\n|turn|7\n|inactive|heyitsmegiff has 30 seconds left.\n|inactive|heyitsmegiff has 20 seconds left.\n|inactive|heyitsmegiff has 15 seconds left.\n|\n|t:|1776113466\n|switch|p1b: Sinistcha|Sinistcha, L50|15/100\n|-heal|p1a: Tyranitar|91/100|[from] ability: Hospitality|[of] p1b: Sinistcha\n|move|p2b: Kinky Boots|Dazzling Gleam|p1a: Tyranitar|[spread] p1a,p1b\n|-supereffective|p1a: Tyranitar|1\n|-damage|p1a: Tyranitar|33/100\n|-damage|p1b: Sinistcha|0 fnt\n|faint|p1b: Sinistcha\n|move|p1a: Tyranitar|Rock Slide|p2a: Big Fish|[spread] p2a,p2b\n|-damage|p2a: Big Fish|8/100\n|-damage|p2b: Kinky Boots|0 fnt\n|faint|p2b: Kinky Boots\n|move|p2a: Big Fish|Wave Crash|p1a: Tyranitar\n|-supereffective|p1a: Tyranitar|1\n|-damage|p1a: Tyranitar|0 fnt\n|faint|p1a: Tyranitar\n|-damage|p2a: Big Fish|0 fnt|[from] Recoil\n|faint|p2a: Big Fish\n|\n|win|heyitsmegiff\n|raw|heyitsmegiff's rating: 1277 &rarr; <strong>1307</strong><br />(+30 for winning)\n|raw|j4ce's rating: 1344 &rarr; <strong>1320</strong><br />(-24 for losing)\n|l|\u2606j4ce\n|player|p2|\n",
  "uploadtime": 1776113489,
  "views": 48,
  "formatid": "gen9championsvgc2026regma",
  "rating": 1307,
  "private": 0,
  "password": null
}