{
  "id": "gen9championsvgc2026regma-2588778194",
  "format": "[Gen 9 Champions] VGC 2026 Reg M-A",
  "players": [
    "Ammo78",
    "cynthiowl69"
  ],
  "log": "|j|\u2606Ammo78\n|j|\u2606cynthiowl69\n|t:|1776669585\n|gametype|doubles\n|player|p1|Ammo78|102|1056\n|player|p2|cynthiowl69|170|1000\n|gen|9\n|tier|[Gen 9 Champions] VGC 2026 Reg M-A\n|rated|\n|rule|Species Clause: Limit one of each Pok\u00e9mon\n|rule|Item Clause: Limit 1 of each item\n|clearpoke\n|poke|p1|Decidueye, L50, M|\n|poke|p1|Feraligatr, L50, F|\n|poke|p1|Incineroar, L50, M|\n|poke|p1|Hatterene, L50, F|\n|poke|p1|Ampharos, L50, F|\n|poke|p1|Aegislash, L50, F|\n|poke|p2|Tyranitar, L50, M|\n|poke|p2|Arcanine-Hisui, L50, F|\n|poke|p2|Zoroark-Hisui, L50, F|\n|poke|p2|Decidueye-Hisui, L50, F|\n|poke|p2|Sylveon, L50, F|\n|poke|p2|Vivillon, L50, F|\n|teampreview|4\n|\n|t:|1776669606\n|teamsize|p1|4\n|teamsize|p2|4\n|start\n|switch|p1a: Incineroar|Incineroar, L50, M|100/100\n|switch|p1b: Decidueye|Decidueye, L50, M|100/100\n|switch|p2a: Vivillon|Vivillon, L50, F|100/100\n|switch|p2b: Arcanine|Arcanine-Hisui, L50, F|100/100\n|-ability|p2b: Arcanine|Intimidate|boost\n|-unboost|p1a: Incineroar|atk|1\n|-unboost|p1b: Decidueye|atk|1\n|-ability|p1a: Incineroar|Intimidate|boost\n|-unboost|p2a: Vivillon|atk|1\n|-unboost|p2b: Arcanine|atk|1\n|turn|1\n|\n|t:|1776669625\n|switch|p2a: Tyranitar|Tyranitar, L50, M|100/100\n|-weather|Sandstorm|[from] ability: Sand Stream|[of] p2a: Tyranitar\n|move|p1a: Incineroar|Fake Out|p2b: Arcanine\n|-resisted|p2b: Arcanine|1\n|-damage|p2b: Arcanine|96/100\n|cant|p2b: Arcanine|flinch\n|move|p1b: Decidueye|Tailwind|p1b: Decidueye\n|-sidestart|p1: Ammo78|move: Tailwind\n|\n|-weather|Sandstorm|[upkeep]\n|-damage|p1b: Decidueye|95/100|[from] Sandstorm\n|-damage|p1a: Incineroar|95/100|[from] Sandstorm\n|upkeep\n|turn|2\n|\n|t:|1776669651\n|switch|p1b: Feraligatr|Feraligatr, L50, F|100/100\n|move|p2a: Tyranitar|Protect|p2a: Tyranitar\n|-singleturn|p2a: Tyranitar|Protect\n|move|p1a: Incineroar|Parting Shot|p2a: Tyranitar\n|-activate|p2a: Tyranitar|move: Protect\n|move|p2b: Arcanine|Howl|p2b: Arcanine|[spread] p2a,p2b\n|-boost|p2a: Tyranitar|atk|1\n|-boost|p2b: Arcanine|atk|1\n|\n|-weather|Sandstorm|[upkeep]\n|-damage|p1b: Feraligatr|94/100|[from] Sandstorm\n|-damage|p1a: Incineroar|89/100|[from] Sandstorm\n|upkeep\n|turn|3\n|\n|t:|1776669682\n|detailschange|p1b: Feraligatr|Feraligatr-Mega, L50, F\n|-mega|p1b: Feraligatr|Feraligatr|Feraligite\n|detailschange|p2a: Tyranitar|Tyranitar-Mega, L50, M\n|-mega|p2a: Tyranitar|Tyranitar|Tyranitarite\n|move|p1b: Feraligatr|Liquidation|p2a: Tyranitar\n|-supereffective|p2a: Tyranitar|1\n|-damage|p2a: Tyranitar|42/100\n|move|p1a: Incineroar|Parting Shot|p2a: Tyranitar\n|-unboost|p2a: Tyranitar|atk|1\n|-unboost|p2a: Tyranitar|spa|1\n|\n|t:|1776669691\n|switch|p1a: Aegislash|Aegislash, L50, F|100/100|[from] Parting Shot\n|move|p2b: Arcanine|Howl|p2b: Arcanine|[spread] p2a,p2b\n|-boost|p2a: Tyranitar|atk|1\n|-boost|p2b: Arcanine|atk|1\n|move|p2a: Tyranitar|Rock Slide|p1b: Feraligatr|[spread] p1a,p1b\n|-resisted|p1a: Aegislash|1\n|-damage|p1a: Aegislash|77/100\n|-damage|p1b: Feraligatr|46/100\n|\n|-weather|Sandstorm|[upkeep]\n|-damage|p1b: Feraligatr|39/100|[from] Sandstorm\n|upkeep\n|turn|4\n|\n|t:|1776669713\n|move|p2a: Tyranitar|Protect|p2a: Tyranitar\n|-singleturn|p2a: Tyranitar|Protect\n|move|p1a: Aegislash|Wide Guard|p1a: Aegislash\n|-singleturn|p1a: Aegislash|Wide Guard\n|move|p1b: Feraligatr|Liquidation|p2a: Tyranitar\n|-activate|p2a: Tyranitar|move: Protect\n|move|p2b: Arcanine|Flame Charge|p1a: Aegislash\n|-supereffective|p1a: Aegislash|1\n|-damage|p1a: Aegislash|21/100\n|-boost|p2b: Arcanine|spe|1\n|\n|-weather|Sandstorm|[upkeep]\n|-damage|p1b: Feraligatr|33/100|[from] Sandstorm\n|-sideend|p1: Ammo78|move: Tailwind\n|upkeep\n|turn|5\n|\n|t:|1776669748\n|move|p1a: Aegislash|Wide Guard|p1a: Aegislash\n|-singleturn|p1a: Aegislash|Wide Guard\n|move|p2b: Arcanine|Flame Charge|p1a: Aegislash\n|-supereffective|p1a: Aegislash|1\n|-damage|p1a: Aegislash|0 fnt\n|-boost|p2b: Arcanine|spe|1\n|faint|p1a: Aegislash\n|move|p1b: Feraligatr|Liquidation|p2a: Tyranitar\n|-supereffective|p2a: Tyranitar|1\n|-damage|p2a: Tyranitar|0 fnt\n|faint|p2a: Tyranitar\n|\n|-weather|none\n|upkeep\n|\n|t:|1776669762\n|switch|p2a: Vivillon|Vivillon, L50, F|100/100\n|switch|p1a: Decidueye|Decidueye, L50, M|95/100\n|turn|6\n|\n|t:|1776669781\n|move|p1b: Feraligatr|Aqua Jet|p2b: Arcanine\n|-supereffective|p2b: Arcanine|2\n|-damage|p2b: Arcanine|0 fnt\n|faint|p2b: Arcanine\n|move|p2a: Vivillon|Sleep Powder|p1b: Feraligatr\n|-status|p1b: Feraligatr|slp|[from] move: Sleep Powder\n|move|p1a: Decidueye|Tailwind|p1a: Decidueye\n|-sidestart|p1: Ammo78|move: Tailwind\n|\n|upkeep\n|\n|t:|1776669787\n|switch|p2b: Decidueye|Decidueye-Hisui, L50, F|100/100\n|turn|7\n|\n|t:|1776669800\n|switch|p1b: Incineroar|Incineroar, L50, M|89/100\n|-ability|p1b: Incineroar|Intimidate|boost\n|-unboost|p2a: Vivillon|atk|1\n|-fail|p2b: Decidueye|unboost|Attack|[from] ability: Scrappy|[of] p2b: Decidueye\n|move|p1a: Decidueye|Protect|p1a: Decidueye\n|-singleturn|p1a: Decidueye|Protect\n|move|p2a: Vivillon|Bug Buzz|p1a: Decidueye\n|-activate|p1a: Decidueye|move: Protect\n|move|p2b: Decidueye|Swords Dance|p2b: Decidueye\n|-boost|p2b: Decidueye|atk|2\n|\n|upkeep\n|turn|8\n|\n|t:|1776669825\n|move|p2b: Decidueye|Protect|p2b: Decidueye\n|-singleturn|p2b: Decidueye|Protect\n|move|p1a: Decidueye|Spirit Shackle|p2a: Vivillon\n|-damage|p2a: Vivillon|27/100\n|-activate|p2a: Vivillon|trapped\n|move|p1b: Incineroar|Flare Blitz|p2b: Decidueye\n|-activate|p2b: Decidueye|move: Protect\n|move|p2a: Vivillon|Sleep Powder|p1b: Incineroar\n|-status|p1b: Incineroar|slp|[from] move: Sleep Powder\n|\n|upkeep\n|turn|9\n|\n|t:|1776669866\n|cant|p1b: Incineroar|slp\n|move|p1a: Decidueye|Tailwind||[still]\n|-fail|p1a: Decidueye\n|move|p2a: Vivillon|Bug Buzz|p1a: Decidueye\n|-damage|p1a: Decidueye|51/100\n|move|p2b: Decidueye|Swords Dance|p2b: Decidueye\n|-boost|p2b: Decidueye|atk|2\n|\n|-sideend|p1: Ammo78|move: Tailwind\n|upkeep\n|turn|10\n|\n|t:|1776669881\n|move|p1a: Decidueye|Protect|p1a: Decidueye\n|-singleturn|p1a: Decidueye|Protect\n|move|p2a: Vivillon|Bug Buzz|p1b: Incineroar\n|-damage|p1b: Incineroar|59/100 slp\n|move|p2b: Decidueye|Triple Arrows|p1a: Decidueye\n|-activate|p1a: Decidueye|move: Protect\n|cant|p1b: Incineroar|slp\n|\n|upkeep\n|turn|11\n|\n|t:|1776669900\n|move|p2a: Vivillon|Bug Buzz|p1b: Incineroar\n|-damage|p1b: Incineroar|30/100 slp\n|-unboost|p1b: Incineroar|spd|1\n|-enditem|p1b: Incineroar|Sitrus Berry|[eat]\n|-heal|p1b: Incineroar|55/100 slp|[from] item: Sitrus Berry\n|move|p1a: Decidueye|Spirit Shackle|p2a: Vivillon\n|-damage|p2a: Vivillon|0 fnt\n|faint|p2a: Vivillon\n|move|p2b: Decidueye|Triple Arrows|p1a: Decidueye\n|-damage|p1a: Decidueye|0 fnt\n|faint|p1a: Decidueye\n|-curestatus|p1b: Incineroar|slp|[msg]\n|move|p1b: Incineroar|Flare Blitz|p2b: Decidueye\n|-supereffective|p2b: Decidueye|1\n|-damage|p2b: Decidueye|0 fnt\n|faint|p2b: Decidueye\n|-damage|p1b: Incineroar|19/100|[from] Recoil\n|\n|win|Ammo78\n|raw|Ammo78's rating: 1056 &rarr; <strong>1083</strong><br />(+27 for winning)\n|raw|cynthiowl69's rating: 1000 &rarr; <strong>1000</strong><br />(+0 for losing)\n|l|\u2606cynthiowl69\n|player|p2|\n",
  "uploadtime": 1776669936,
  "views": 11,
  "formatid": "gen9championsvgc2026regma",
  "rating": 1000,
  "private": 0,
  "password": null
}