{
  "id": "gen9championsvgc2026regma-2583978287",
  "format": "[Gen 9 Champions] VGC 2026 Reg M-A",
  "players": [
    "justmithais",
    "FoxyOwl"
  ],
  "log": "|j|\u2606justmithais\n|j|\u2606FoxyOwl\n|t:|1776213622\n|gametype|doubles\n|player|p1|justmithais|veteran|1134\n|player|p2|FoxyOwl|red|1108\n|gen|9\n|tier|[Gen 9 Champions] VGC 2026 Reg M-A\n|rated|\n|rule|Species Clause: Limit one of each Pok\u00e9mon\n|rule|Item Clause: Limit 1 of each item\n|clearpoke\n|poke|p1|Meganium, L50, M|\n|poke|p1|Typhlosion-Hisui, L50, F|\n|poke|p1|Aerodactyl, L50, F|\n|poke|p1|Basculegion, L50, M|\n|poke|p1|Pelipper, L50, F|\n|poke|p1|Dragonite, L50, M|\n|poke|p2|Aerodactyl, L50, F|\n|poke|p2|Delphox, L50, F|\n|poke|p2|Primarina, L50, M|\n|poke|p2|Decidueye-Hisui, L50, M|\n|poke|p2|Garchomp, L50, F|\n|poke|p2|Kingambit, L50, F|\n|teampreview|4\n|inactive|Battle timer is ON: inactive players will automatically lose when time's up. (requested by FoxyOwl)\n|inactive|FoxyOwl has 60 seconds left.\n|\n|t:|1776213656\n|teamsize|p1|4\n|teamsize|p2|4\n|start\n|switch|p1a: Pelipper|Pelipper, L50, F|100/100\n|switch|p1b: Meganium|Meganium, L50, M|100/100\n|switch|p2a: Aerodactyl|Aerodactyl, L50, F, shiny|100/100\n|switch|p2b: Kingambit|Kingambit, L50, F, shiny|100/100\n|-ability|p2a: Aerodactyl|Unnerve\n|-weather|RainDance|[from] ability: Drizzle|[of] p1a: Pelipper\n|turn|1\n|inactive|justmithais has 30 seconds left.\n|inactive|justmithais has 20 seconds left.\n|\n|t:|1776213693\n|switch|p1b: Basculegion|Basculegion, L50, M|100/100\n|move|p2a: Aerodactyl|Tailwind|p2a: Aerodactyl\n|-sidestart|p2: FoxyOwl|move: Tailwind\n|move|p2b: Kingambit|Iron Head|p1b: Basculegion\n|-resisted|p1b: Basculegion|1\n|-damage|p1b: Basculegion|74/100\n|move|p1a: Pelipper|Tailwind|p1a: Pelipper\n|-sidestart|p1: justmithais|move: Tailwind\n|\n|-weather|RainDance|[upkeep]\n|upkeep\n|turn|2\n|inactive|justmithais has 30 seconds left.\n|\n|t:|1776213721\n|move|p1a: Pelipper|Protect|p1a: Pelipper\n|-singleturn|p1a: Pelipper|Protect\n|move|p2b: Kingambit|Protect|p2b: Kingambit\n|-singleturn|p2b: Kingambit|Protect\n|move|p2a: Aerodactyl|Rock Slide|p1a: Pelipper|[spread] p1b\n|-activate|p1a: Pelipper|move: Protect\n|-damage|p1b: Basculegion|48/100\n|cant|p1b: Basculegion|flinch\n|\n|-weather|RainDance|[upkeep]\n|upkeep\n|turn|3\n|\n|t:|1776213740\n|switch|p2b: Primarina|Primarina, L50, M, shiny|100/100\n|move|p1b: Basculegion|Wave Crash|p2a: Aerodactyl\n|-supereffective|p2a: Aerodactyl|1\n|-crit|p2a: Aerodactyl\n|-enditem|p2a: Aerodactyl|Focus Sash\n|-damage|p2a: Aerodactyl|1/100\n|-damage|p1b: Basculegion|25/100|[from] Recoil\n|move|p2a: Aerodactyl|Dual Wingbeat|p1b: Basculegion\n|-damage|p1b: Basculegion|6/100\n|-crit|p1b: Basculegion\n|-damage|p1b: Basculegion|0 fnt\n|faint|p1b: Basculegion\n|-hitcount|p1: Basculegion|2\n|move|p1a: Pelipper|Weather Ball|p2b: Primarina\n|-resisted|p2b: Primarina|1\n|-damage|p2b: Primarina|77/100\n|\n|-weather|RainDance|[upkeep]\n|upkeep\n|\n|t:|1776213757\n|switch|p1b: Meganium|Meganium, L50, M|100/100\n|turn|4\n|\n|t:|1776213768\n|detailschange|p1b: Meganium|Meganium-Mega, L50, M\n|-mega|p1b: Meganium|Meganium|Meganiumite\n|move|p1a: Pelipper|Protect|p1a: Pelipper\n|-singleturn|p1a: Pelipper|Protect\n|move|p2a: Aerodactyl|Rock Slide|p1b: Meganium|[spread] p1b\n|-activate|p1a: Pelipper|move: Protect\n|-damage|p1b: Meganium|81/100\n|move|p1b: Meganium|Dazzling Gleam|p2a: Aerodactyl|[spread] p2a,p2b\n|-damage|p2a: Aerodactyl|0 fnt\n|-damage|p2b: Primarina|46/100\n|faint|p2a: Aerodactyl\n|move|p2b: Primarina|Icy Wind|p1a: Pelipper|[spread] p1b\n|-activate|p1a: Pelipper|move: Protect\n|-supereffective|p1b: Meganium|1\n|-damage|p1b: Meganium|57/100\n|-unboost|p1b: Meganium|spe|1\n|\n|-weather|RainDance|[upkeep]\n|-sideend|p1: justmithais|move: Tailwind\n|-sideend|p2: FoxyOwl|move: Tailwind\n|upkeep\n|\n|t:|1776213783\n|switch|p2a: Kingambit|Kingambit, L50, F, shiny|100/100\n|turn|5\n|\n|t:|1776213797\n|move|p1a: Pelipper|Tailwind|p1a: Pelipper\n|-sidestart|p1: justmithais|move: Tailwind\n|move|p1b: Meganium|Weather Ball|p2a: Kingambit\n|-supereffective|p2a: Kingambit|1\n|-damage|p2a: Kingambit|0 fnt\n|faint|p2a: Kingambit\n|move|p2b: Primarina|Moonblast|p1a: Pelipper\n|-damage|p1a: Pelipper|5/100\n|-enditem|p1a: Pelipper|Sitrus Berry|[eat]\n|-heal|p1a: Pelipper|29/100|[from] item: Sitrus Berry\n|\n|-weather|none\n|upkeep\n|\n|t:|1776213809\n|switch|p2a: Legowlas|Decidueye-Hisui, L50, M, shiny|100/100\n|turn|6\n|\n|t:|1776213819\n|move|p2a: Legowlas|Sucker Punch|p1a: Pelipper\n|-damage|p1a: Pelipper|3/100\n|move|p1a: Pelipper|Hurricane|p2a: Legowlas|[miss]\n|-miss|p1a: Pelipper|p2a: Legowlas\n|move|p1b: Meganium|Solar Beam||[still]\n|-prepare|p1b: Meganium|Solar Beam\n|-activate|p1b: Meganium|ability: Mega Sol\n|-anim|p1b: Meganium|Solar Beam|p2b: Primarina\n|-supereffective|p2b: Primarina|1\n|-damage|p2b: Primarina|0 fnt\n|faint|p2b: Primarina\n|\n|upkeep\n|turn|7\n|\n|t:|1776213838\n|move|p2a: Legowlas|Sucker Punch|p1a: Pelipper\n|-damage|p1a: Pelipper|0 fnt\n|faint|p1a: Pelipper\n|move|p1b: Meganium|Dazzling Gleam|p2a: Legowlas\n|-supereffective|p2a: Legowlas|1\n|-damage|p2a: Legowlas|11/100\n|\n|upkeep\n|\n|t:|1776213845\n|switch|p1a: Typhlosion|Typhlosion-Hisui, L50, F|100/100\n|-item|p2a: Legowlas|Scope Lens|[from] ability: Frisk|[of] p1a: Typhlosion\n|turn|8\n|\n|t:|1776213850\n|move|p2a: Legowlas|Sucker Punch|p1a: Typhlosion\n|-supereffective|p1a: Typhlosion|1\n|-damage|p1a: Typhlosion|26/100\n|move|p1a: Typhlosion|Eruption|p2a: Legowlas\n|-supereffective|p2a: Legowlas|1\n|-damage|p2a: Legowlas|0 fnt\n|faint|p2a: Legowlas\n|\n|win|justmithais\n|raw|justmithais's rating: 1134 &rarr; <strong>1157</strong><br />(+23 for winning)\n|raw|FoxyOwl's rating: 1108 &rarr; <strong>1085</strong><br />(-23 for losing)\n|l|\u2606justmithais\n|player|p1|\n",
  "uploadtime": 1776213861,
  "views": 15,
  "formatid": "gen9championsvgc2026regma",
  "rating": 1085,
  "private": 0,
  "password": null
}