{
  "id": "gen9championsvgc2026regma-2587600711",
  "format": "[Gen 9 Champions] VGC 2026 Reg M-A",
  "players": [
    "Noraz_x",
    "HawaiiCookieCo"
  ],
  "log": "|j|\u2606Noraz_x\n|j|\u2606HawaiiCookieCo\n|t:|1776545882\n|gametype|doubles\n|player|p1|Noraz_x|169|1158\n|player|p2|HawaiiCookieCo|swimmer-gen4dp|1190\n|gen|9\n|tier|[Gen 9 Champions] VGC 2026 Reg M-A\n|rated|\n|rule|Species Clause: Limit one of each Pok\u00e9mon\n|rule|Item Clause: Limit 1 of each item\n|clearpoke\n|poke|p1|Chandelure, L50, M|\n|poke|p1|Rotom-Wash, L50|\n|poke|p1|Sneasler, L50, M|\n|poke|p1|Meowstic, L50, M|\n|poke|p1|Garchomp, L50, M|\n|poke|p1|Ninetales-Alola, L50, M|\n|poke|p2|Delphox, L50, F|\n|poke|p2|Maushold, L50|\n|poke|p2|Tsareena, L50, F|\n|poke|p2|Basculegion, L50, M|\n|poke|p2|Dragonite, L50, F|\n|poke|p2|Mimikyu, L50, F|\n|teampreview|4\n|inactive|Battle timer is ON: inactive players will automatically lose when time's up. (requested by HawaiiCookieCo)\n|inactive|Noraz_x has 60 seconds left.\n|inactive|HawaiiCookieCo has 60 seconds left.\n|\n|t:|1776545922\n|teamsize|p1|4\n|teamsize|p2|4\n|start\n|switch|p1a: Ninetales|Ninetales-Alola, L50, M|100/100\n|switch|p1b: Rotom|Rotom-Wash, L50|100/100\n|switch|p2a: Delphox|Delphox, L50, F|100/100\n|switch|p2b: Basculegion|Basculegion, L50, M|100/100\n|-weather|Snowscape|[from] ability: Snow Warning|[of] p1a: Ninetales\n|turn|1\n|\n|t:|1776545939\n|detailschange|p2a: Delphox|Delphox-Mega, L50, F\n|-mega|p2a: Delphox|Delphox|Delphoxite\n|move|p1a: Ninetales|Protect|p1a: Ninetales\n|-singleturn|p1a: Ninetales|Protect\n|move|p2b: Basculegion|Wave Crash|p1b: Rotom\n|-resisted|p1b: Rotom|1\n|-damage|p1b: Rotom|57/100\n|-damage|p2b: Basculegion|89/100|[from] Recoil\n|move|p2a: Delphox|Psychic|p1b: Rotom\n|-damage|p1b: Rotom|0 fnt\n|faint|p1b: Rotom\n|\n|-weather|Snowscape|[upkeep]\n|upkeep\n|\n|t:|1776545952\n|switch|p1b: Meowstic|Meowstic, L50, M|100/100\n|turn|2\n|\n|t:|1776545961\n|move|p1b: Meowstic|Thunder Wave|p2a: Delphox\n|-status|p2a: Delphox|par\n|move|p2b: Basculegion|Wave Crash|p1b: Meowstic\n|-damage|p1b: Meowstic|16/100\n|-damage|p2b: Basculegion|65/100|[from] Recoil\n|move|p1a: Ninetales|Freeze-Dry|p2b: Basculegion\n|-supereffective|p2b: Basculegion|1\n|-damage|p2b: Basculegion|18/100\n|move|p2a: Delphox|Encore|p1a: Ninetales\n|-start|p1a: Ninetales|Encore\n|\n|-weather|Snowscape|[upkeep]\n|upkeep\n|turn|3\n|\n|t:|1776545977\n|move|p1b: Meowstic|Protect|p1b: Meowstic\n|-singleturn|p1b: Meowstic|Protect\n|move|p2b: Basculegion|Wave Crash|p1b: Meowstic\n|-activate|p1b: Meowstic|move: Protect\n|move|p1a: Ninetales|Freeze-Dry|p2b: Basculegion\n|-supereffective|p2b: Basculegion|1\n|-damage|p2b: Basculegion|0 fnt\n|faint|p2b: Basculegion\n|move|p2a: Delphox|Heat Wave|p1a: Ninetales|[spread] p1a\n|-activate|p1b: Meowstic|move: Protect\n|-supereffective|p1a: Ninetales|1\n|-enditem|p1a: Ninetales|Focus Sash\n|-damage|p1a: Ninetales|1/100\n|\n|-weather|Snowscape|[upkeep]\n|upkeep\n|\n|t:|1776545991\n|switch|p2b: Mimikyu|Mimikyu, L50, F|100/100\n|turn|4\n|\n|t:|1776546010\n|switch|p1a: Chandelure|Chandelure, L50, M|100/100\n|move|p2b: Mimikyu|Shadow Sneak|p1b: Meowstic\n|-supereffective|p1b: Meowstic|1\n|-damage|p1b: Meowstic|0 fnt\n|faint|p1b: Meowstic\n|cant|p2a: Delphox|par\n|\n|-weather|Snowscape|[upkeep]\n|upkeep\n|\n|t:|1776546019\n|switch|p1b: Ninetales|Ninetales-Alola, L50, M|1/100\n|turn|5\n|\n|t:|1776546035\n|detailschange|p1a: Chandelure|Chandelure-Mega, L50, M\n|-mega|p1a: Chandelure|Chandelure|Chandelurite\n|move|p2b: Mimikyu|Shadow Sneak|p1a: Chandelure\n|-supereffective|p1a: Chandelure|1\n|-crit|p1a: Chandelure\n|-damage|p1a: Chandelure|38/100\n|move|p1b: Ninetales|Aurora Veil|p1b: Ninetales\n|-sidestart|p1: Noraz_x|move: Aurora Veil\n|move|p1a: Chandelure|Hex|p2a: Delphox\n|-supereffective|p2a: Delphox|1\n|-damage|p2a: Delphox|0 fnt\n|faint|p2a: Delphox\n|\n|-weather|none\n|upkeep\n|\n|t:|1776546045\n|switch|p2a: Dragonite|Dragonite, L50, F|100/100\n|turn|6\n|\n|t:|1776546053\n|move|p2a: Dragonite|Extreme Speed|p1b: Ninetales\n|-damage|p1b: Ninetales|0 fnt\n|faint|p1b: Ninetales\n|move|p2b: Mimikyu|Shadow Sneak|p1a: Chandelure\n|-supereffective|p1a: Chandelure|1\n|-damage|p1a: Chandelure|12/100\n|move|p1a: Chandelure|Heat Wave|p2a: Dragonite|[spread] p2a,p2b\n|-resisted|p2a: Dragonite|1\n|-damage|p2a: Dragonite|76/100\n|-activate|p2b: Mimikyu|ability: Disguise\n|-damage|p2b: Mimikyu|100/100\n|detailschange|p2b: Mimikyu|Mimikyu-Busted, L50, F\n|-damage|p2b: Mimikyu|88/100|[from] pokemon: Mimikyu-Busted\n|\n|upkeep\n|turn|7\n|-message|Noraz_x forfeited.\n|\n|win|HawaiiCookieCo\n|raw|Noraz_x's rating: 1158 &rarr; <strong>1135</strong><br />(-23 for losing)\n|raw|HawaiiCookieCo's rating: 1190 &rarr; <strong>1213</strong><br />(+23 for winning)\n|l|\u2606Noraz_x\n|player|p1|\n",
  "uploadtime": 1776546061,
  "views": 20,
  "formatid": "gen9championsvgc2026regma",
  "rating": 1135,
  "private": 0,
  "password": null
}