{
  "id": "gen9championsvgc2026regma-2583325760",
  "format": "[Gen 9 Champions] VGC 2026 Reg M-A",
  "players": [
    "mv8",
    "Hideonfary"
  ],
  "log": "|j|\u2606mv8\n|j|\u2606Hideonfary\n|t:|1776167099\n|gametype|doubles\n|player|p1|mv8|101|1141\n|player|p2|Hideonfary|266|1209\n|gen|9\n|tier|[Gen 9 Champions] VGC 2026 Reg M-A\n|rated|\n|rule|Species Clause: Limit one of each Pok\u00e9mon\n|rule|Item Clause: Limit 1 of each item\n|clearpoke\n|poke|p1|Aggron, L50, M|\n|poke|p1|Sableye, L50, M|\n|poke|p1|Incineroar, L50, F|\n|poke|p1|Clefable, L50, M|\n|poke|p1|Charizard, L50, M|\n|poke|p1|Hydreigon, L50, M|\n|poke|p2|Dragonite, L50, F|\n|poke|p2|Basculegion, L50, M|\n|poke|p2|Raichu, L50, F|\n|poke|p2|Pelipper, L50, M|\n|poke|p2|Sinistcha, L50|\n|poke|p2|Kingambit, L50, F|\n|teampreview|4\n|inactive|Battle timer is ON: inactive players will automatically lose when time's up. (requested by Hideonfary)\n|\n|t:|1776167139\n|teamsize|p1|4\n|teamsize|p2|4\n|start\n|switch|p1a: Clefable|Clefable, L50, M|100/100\n|switch|p1b: Aggron|Aggron, L50, M|100/100\n|switch|p2a: Sinistcha|Sinistcha, L50|100/100\n|switch|p2b: Kingambit|Kingambit, L50, F|100/100\n|turn|1\n|inactive|mv8 has 30 seconds left.\n|inactive|mv8 has 20 seconds left.\n|inactive|mv8 has 15 seconds left.\n|inactive|mv8 has 10 seconds left.\n|\n|t:|1776167187\n|detailschange|p1b: Aggron|Aggron-Mega, L50, M\n|-mega|p1b: Aggron|Aggron|Aggronite\n|move|p1a: Clefable|Protect|p1a: Clefable\n|-singleturn|p1a: Clefable|Protect\n|move|p2a: Sinistcha|Matcha Gotcha|p1a: Clefable|[spread] p1b\n|-activate|p1a: Clefable|move: Protect\n|-resisted|p1b: Aggron|1\n|-damage|p1b: Aggron|88/100\n|move|p2b: Kingambit|Iron Head|p1b: Aggron\n|-resisted|p1b: Aggron|1\n|-damage|p1b: Aggron|76/100\n|move|p1b: Aggron|Iron Defense|p1b: Aggron\n|-boost|p1b: Aggron|def|2\n|\n|upkeep\n|turn|2\n|inactive|mv8 has 30 seconds left.\n|inactive|mv8 has 20 seconds left.\n|\n|t:|1776167225\n|move|p2a: Sinistcha|Rage Powder|p2a: Sinistcha\n|-singleturn|p2a: Sinistcha|move: Rage Powder\n|move|p1a: Clefable|Follow Me|p1a: Clefable\n|-singleturn|p1a: Clefable|move: Follow Me\n|move|p2b: Kingambit|Iron Head|p1a: Clefable\n|-supereffective|p1a: Clefable|1\n|-damage|p1a: Clefable|26/100\n|move|p1b: Aggron|Iron Defense|p1b: Aggron\n|-boost|p1b: Aggron|def|2\n|\n|-heal|p1a: Clefable|32/100|[from] item: Leftovers\n|upkeep\n|turn|3\n|inactive|mv8 has 30 seconds left.\n|\n|t:|1776167250\n|move|p1b: Aggron|Protect|p1b: Aggron\n|-singleturn|p1b: Aggron|Protect\n|move|p2a: Sinistcha|Rage Powder|p2a: Sinistcha\n|-singleturn|p2a: Sinistcha|move: Rage Powder\n|move|p1a: Clefable|Life Dew|p1a: Clefable|[spread] p1a,p1b\n|-heal|p1a: Clefable|57/100\n|-heal|p1b: Aggron|100/100\n|move|p2b: Kingambit|Iron Head|p1a: Clefable\n|-supereffective|p1a: Clefable|1\n|-damage|p1a: Clefable|0 fnt\n|faint|p1a: Clefable\n|\n|upkeep\n|\n|t:|1776167264\n|switch|p1a: Hydreigon|Hydreigon, L50, M|100/100\n|turn|4\n|inactive|Hideonfary has 30 seconds left.\n|\n|t:|1776167298\n|move|p2a: Sinistcha|Rage Powder|p2a: Sinistcha\n|-singleturn|p2a: Sinistcha|move: Rage Powder\n|move|p1a: Hydreigon|Dark Pulse|p2a: Sinistcha\n|-supereffective|p2a: Sinistcha|1\n|-damage|p2a: Sinistcha|29/100\n|move|p2b: Kingambit|Iron Head|p1a: Hydreigon\n|-damage|p1a: Hydreigon|52/100\n|move|p1b: Aggron|Body Press|p2a: Sinistcha\n|-immune|p2a: Sinistcha\n|\n|-heal|p2a: Sinistcha|35/100|[from] item: Leftovers\n|upkeep\n|turn|5\n|\n|t:|1776167317\n|move|p2a: Sinistcha|Protect|p2a: Sinistcha\n|-singleturn|p2a: Sinistcha|Protect\n|move|p2b: Kingambit|Protect|p2b: Kingambit\n|-singleturn|p2b: Kingambit|Protect\n|move|p1a: Hydreigon|Dark Pulse|p2a: Sinistcha\n|-activate|p2a: Sinistcha|move: Protect\n|move|p1b: Aggron|Body Press|p2b: Kingambit\n|-activate|p2b: Kingambit|move: Protect\n|\n|-heal|p2a: Sinistcha|41/100|[from] item: Leftovers\n|upkeep\n|turn|6\n|inactive|Hideonfary has 30 seconds left.\n|inactive|mv8 has 30 seconds left.\n|\n|t:|1776167351\n|switch|p2a: Pelipper|Pelipper, L50, M|100/100\n|-weather|RainDance|[from] ability: Drizzle|[of] p2a: Pelipper\n|switch|p2b: Basculegion|Basculegion, L50, M|100/100\n|move|p1a: Hydreigon|Protect|p1a: Hydreigon\n|-singleturn|p1a: Hydreigon|Protect\n|move|p1b: Aggron|Heavy Slam|p2a: Pelipper\n|-resisted|p2a: Pelipper|1\n|-damage|p2a: Pelipper|70/100\n|\n|-weather|RainDance|[upkeep]\n|upkeep\n|turn|7\n|inactive|mv8 has 30 seconds left.\n|inactive|Hideonfary has 30 seconds left.\n|inactive|Hideonfary has 20 seconds left.\n|\n|t:|1776167386\n|move|p2b: Basculegion|Wave Crash|p1a: Hydreigon\n|-resisted|p1a: Hydreigon|1\n|-damage|p1a: Hydreigon|0 fnt\n|faint|p1a: Hydreigon\n|-damage|p2b: Basculegion|88/100|[from] Recoil\n|move|p2a: Pelipper|Tailwind|p2a: Pelipper\n|-sidestart|p2: Hideonfary|move: Tailwind\n|move|p1b: Aggron|Body Press|p2a: Pelipper\n|-resisted|p2a: Pelipper|1\n|-damage|p2a: Pelipper|6/100\n|-enditem|p2a: Pelipper|Sitrus Berry|[eat]\n|-heal|p2a: Pelipper|30/100|[from] item: Sitrus Berry\n|\n|-weather|RainDance|[upkeep]\n|upkeep\n|\n|t:|1776167398\n|switch|p1a: Sableye|Sableye, L50, M|100/100\n|turn|8\n|\n|t:|1776167422\n|move|p1b: Aggron|Protect|p1b: Aggron\n|-singleturn|p1b: Aggron|Protect\n|move|p1a: Sableye|Will-O-Wisp|p2b: Basculegion\n|-status|p2b: Basculegion|brn\n|move|p2b: Basculegion|Wave Crash|p1a: Sableye\n|-damage|p1a: Sableye|30/100\n|-enditem|p1a: Sableye|Sitrus Berry|[eat]\n|-heal|p1a: Sableye|55/100|[from] item: Sitrus Berry\n|-damage|p2b: Basculegion|75/100 brn|[from] Recoil\n|move|p2a: Pelipper|Weather Ball|p1b: Aggron\n|-activate|p1b: Aggron|move: Protect\n|\n|-weather|RainDance|[upkeep]\n|-damage|p2b: Basculegion|69/100 brn|[from] brn\n|upkeep\n|turn|9\n|\n|t:|1776167446\n|move|p1a: Sableye|Light Screen|p1a: Sableye\n|-sidestart|p1: mv8|move: Light Screen\n|move|p2b: Basculegion|Wave Crash|p1a: Sableye\n|-damage|p1a: Sableye|0 fnt\n|faint|p1a: Sableye\n|-damage|p2b: Basculegion|59/100 brn|[from] Recoil\n|move|p2a: Pelipper|Weather Ball|p1b: Aggron\n|-damage|p1b: Aggron|67/100\n|move|p1b: Aggron|Body Press|p2a: Pelipper\n|-resisted|p2a: Pelipper|1\n|-damage|p2a: Pelipper|0 fnt\n|faint|p2a: Pelipper\n|\n|-weather|RainDance|[upkeep]\n|-damage|p2b: Basculegion|53/100 brn|[from] brn\n|upkeep\n|\n|t:|1776167462\n|switch|p2a: Sinistcha|Sinistcha, L50|41/100\n|-heal|p2b: Basculegion|78/100 brn|[from] ability: Hospitality|[of] p2a: Sinistcha\n|turn|10\n|\n|t:|1776167479\n|switch|p2a: Kingambit|Kingambit, L50, F|100/100\n|move|p1b: Aggron|Protect|p1b: Aggron\n|-singleturn|p1b: Aggron|Protect\n|move|p2b: Basculegion|Wave Crash|p1b: Aggron\n|-activate|p1b: Aggron|move: Protect\n|\n|-weather|none\n|-damage|p2b: Basculegion|71/100 brn|[from] brn\n|-sideend|p2: Hideonfary|move: Tailwind\n|upkeep\n|turn|11\n|inactive|mv8 has 30 seconds left.\n|\n|t:|1776167506\n|move|p2a: Kingambit|Protect|p2a: Kingambit\n|-singleturn|p2a: Kingambit|Protect\n|move|p2b: Basculegion|Wave Crash|p1b: Aggron\n|-damage|p1b: Aggron|61/100\n|-damage|p2b: Basculegion|70/100 brn|[from] Recoil\n|move|p1b: Aggron|Heavy Slam|p2b: Basculegion\n|-resisted|p2b: Basculegion|1\n|-crit|p2b: Basculegion\n|-damage|p2b: Basculegion|34/100 brn\n|\n|-damage|p2b: Basculegion|28/100 brn|[from] brn\n|upkeep\n|turn|12\n|inactive|mv8 has 30 seconds left.\n|inactive|Hideonfary has 30 seconds left.\n|\n|t:|1776167539\n|switch|p2a: Sinistcha|Sinistcha, L50|41/100\n|-heal|p2b: Basculegion|53/100 brn|[from] ability: Hospitality|[of] p2a: Sinistcha\n|move|p2b: Basculegion|Facade|p1b: Aggron\n|-resisted|p1b: Aggron|1\n|-damage|p1b: Aggron|57/100\n|move|p1b: Aggron|Heavy Slam|p2a: Sinistcha\n|-damage|p2a: Sinistcha|0 fnt\n|faint|p2a: Sinistcha\n|\n|-damage|p2b: Basculegion|47/100 brn|[from] brn\n|upkeep\n|\n|t:|1776167551\n|switch|p2a: Kingambit|Kingambit, L50, F|100/100\n|turn|13\n|\n|t:|1776167570\n|move|p1b: Aggron|Protect|p1b: Aggron\n|-singleturn|p1b: Aggron|Protect\n|move|p2b: Basculegion|Wave Crash|p1b: Aggron\n|-activate|p1b: Aggron|move: Protect\n|move|p2a: Kingambit|Kowtow Cleave|p1b: Aggron\n|-activate|p1b: Aggron|move: Protect\n|\n|-damage|p2b: Basculegion|41/100 brn|[from] brn\n|-sideend|p1: mv8|move: Light Screen\n|upkeep\n|turn|14\n|\n|t:|1776167589\n|move|p2a: Kingambit|Protect|p2a: Kingambit\n|-singleturn|p2a: Kingambit|Protect\n|move|p2b: Basculegion|Wave Crash|p1b: Aggron\n|-damage|p1b: Aggron|51/100\n|-damage|p2b: Basculegion|39/100 brn|[from] Recoil\n|move|p1b: Aggron|Heavy Slam|p2b: Basculegion\n|-resisted|p2b: Basculegion|1\n|-damage|p2b: Basculegion|18/100 brn\n|\n|-damage|p2b: Basculegion|12/100 brn|[from] brn\n|upkeep\n|turn|15\n|\n|t:|1776167603\n|move|p2b: Basculegion|Wave Crash|p1b: Aggron\n|-damage|p1b: Aggron|45/100\n|-damage|p2b: Basculegion|11/100 brn|[from] Recoil\n|move|p2a: Kingambit|Kowtow Cleave|p1b: Aggron\n|-damage|p1b: Aggron|34/100\n|move|p1b: Aggron|Body Press|p2a: Kingambit\n|-supereffective|p2a: Kingambit|2\n|-damage|p2a: Kingambit|0 fnt\n|faint|p2a: Kingambit\n|\n|-damage|p2b: Basculegion|4/100 brn|[from] brn\n|upkeep\n|turn|16\n|c|\u2606Hideonfary|gg nice reads\n|\n|t:|1776167616\n|move|p1b: Aggron|Protect|p1b: Aggron\n|-singleturn|p1b: Aggron|Protect\n|move|p2b: Basculegion|Wave Crash|p1b: Aggron\n|-activate|p1b: Aggron|move: Protect\n|\n|-damage|p2b: Basculegion|0 fnt|[from] brn\n|faint|p2b: Basculegion\n|\n|win|mv8\n|raw|mv8's rating: 1141 &rarr; <strong>1171</strong><br />(+30 for winning)\n|raw|Hideonfary's rating: 1209 &rarr; <strong>1179</strong><br />(-30 for losing)\n|l|\u2606Hideonfary\n|player|p2|\n|c|\u2606mv8|Thanksss\n",
  "uploadtime": 1776167654,
  "views": 19,
  "formatid": "gen9championsvgc2026regma",
  "rating": 1171,
  "private": 0,
  "password": null
}