{
  "id": "gen9championsvgc2026regma-2584044260",
  "format": "[Gen 9 Champions] VGC 2026 Reg M-A",
  "players": [
    "slothgameplay",
    "deltajordz"
  ],
  "log": "|j|\u2606slothgameplay\n|j|\u2606deltajordz\n|t:|1776219629\n|gametype|doubles\n|player|p1|slothgameplay|169|1169\n|player|p2|deltajordz|hugh|1185\n|gen|9\n|tier|[Gen 9 Champions] VGC 2026 Reg M-A\n|rated|\n|rule|Species Clause: Limit one of each Pok\u00e9mon\n|rule|Item Clause: Limit 1 of each item\n|clearpoke\n|poke|p1|Gengar, L50, M|\n|poke|p1|Incineroar, L50, F|\n|poke|p1|Sinistcha-Masterpiece, L50|\n|poke|p1|Kingambit, L50, M|\n|poke|p1|Tyranitar, L50, M|\n|poke|p1|Kommo-o, L50, F|\n|poke|p2|Meowstic-F, L50, F|\n|poke|p2|Sableye, L50, F|\n|poke|p2|Talonflame, L50, F|\n|poke|p2|Blastoise, L50, M|\n|poke|p2|Heliolisk, L50, M|\n|poke|p2|Kingambit, L50, F|\n|teampreview|4\n|inactive|Battle timer is ON: inactive players will automatically lose when time's up. (requested by deltajordz)\n|\n|t:|1776219682\n|teamsize|p1|4\n|teamsize|p2|4\n|start\n|switch|p1a: Kommo-o|Kommo-o, L50, F|100/100\n|switch|p1b: Tyranitar|Tyranitar, L50, M|100/100\n|switch|p2a: Meowstic|Meowstic-F, L50, F|100/100\n|switch|p2b: Blastoise|Blastoise, L50, M|100/100\n|-weather|Sandstorm|[from] ability: Sand Stream|[of] p1b: Tyranitar\n|turn|1\n|inactive|slothgameplay has 30 seconds left.\n|inactive|deltajordz has 30 seconds left.\n|inactive|deltajordz has 20 seconds left.\n|inactive|deltajordz has 15 seconds left.\n|\n|t:|1776219727\n|detailschange|p2a: Meowstic|Meowstic-F-Mega, L50, F\n|-mega|p2a: Meowstic|Meowstic|Meowsticite\n|-ability|p2a: Meowstic|Sand Stream|Trace|[from] ability: Trace|[of] p1b: Tyranitar\n|move|p2b: Blastoise|Water Spout|p1a: Kommo-o|[spread] p1a,p1b\n|-resisted|p1a: Kommo-o|1\n|-supereffective|p1b: Tyranitar|1\n|-damage|p1a: Kommo-o|72/100\n|-damage|p1b: Tyranitar|35/100\n|move|p1b: Tyranitar|Rock Slide|p2b: Blastoise|[spread] p2a,p2b\n|-damage|p2a: Meowstic|54/100\n|-damage|p2b: Blastoise|63/100\n|cant|p2a: Meowstic|flinch\n|move|p1a: Kommo-o|Clanging Scales|p2b: Blastoise|[spread] p2a,p2b\n|-damage|p2a: Meowstic|12/100\n|-damage|p2b: Blastoise|25/100\n|-unboost|p1a: Kommo-o|def|1\n|\n|-weather|Sandstorm|[upkeep]\n|-damage|p2b: Blastoise|19/100|[from] Sandstorm\n|-damage|p2a: Meowstic|6/100|[from] Sandstorm\n|-damage|p1a: Kommo-o|66/100|[from] Sandstorm\n|-heal|p1a: Kommo-o|72/100|[from] item: Leftovers\n|upkeep\n|turn|2\n|inactive|slothgameplay has 30 seconds left.\n|inactive|deltajordz has 30 seconds left.\n|inactive|slothgameplay has 20 seconds left.\n|\n|t:|1776219764\n|switch|p1b: Sinistcha|Sinistcha-Masterpiece, L50|100/100\n|-heal|p1a: Kommo-o|97/100|[from] ability: Hospitality|[of] p1b: Sinistcha\n|switch|p2a: Kingambit|Kingambit, L50, F|100/100\n|move|p2b: Blastoise|Water Spout|p1b: Sinistcha|[spread] p1a,p1b\n|-resisted|p1a: Kommo-o|1\n|-resisted|p1b: Sinistcha|1\n|-damage|p1a: Kommo-o|90/100\n|-damage|p1b: Sinistcha|95/100\n|move|p1a: Kommo-o|Clanging Scales|p2b: Blastoise|[spread] p2a,p2b\n|-resisted|p2a: Kingambit|1\n|-damage|p2a: Kingambit|84/100\n|-damage|p2b: Blastoise|0 fnt\n|faint|p2b: Blastoise\n|-unboost|p1a: Kommo-o|def|1\n|\n|-weather|Sandstorm|[upkeep]\n|-damage|p1a: Kommo-o|84/100|[from] Sandstorm\n|-damage|p1b: Sinistcha|89/100|[from] Sandstorm\n|-heal|p1a: Kommo-o|90/100|[from] item: Leftovers\n|upkeep\n|\n|t:|1776219775\n|switch|p2b: Meowstic|Meowstic-F-Mega, L50, F|6/100\n|-ability|p2b: Meowstic|Soundproof|Trace|[from] ability: Trace|[of] p1a: Kommo-o\n|turn|3\n|\n|t:|1776219797\n|move|p2b: Meowstic|Psychic|p1a: Kommo-o\n|-supereffective|p1a: Kommo-o|1\n|-damage|p1a: Kommo-o|0 fnt\n|faint|p1a: Kommo-o\n|move|p1b: Sinistcha|Matcha Gotcha|p2a: Kingambit|[spread] p2a,p2b\n|-resisted|p2a: Kingambit|1\n|-damage|p2a: Kingambit|72/100\n|-heal|p1b: Sinistcha|95/100|[from] drain|[of] p2a: Kingambit\n|-damage|p2b: Meowstic|0 fnt\n|-heal|p1b: Sinistcha|98/100|[from] drain|[of] p2b: Meowstic\n|faint|p2b: Meowstic\n|move|p2a: Kingambit|Kowtow Cleave|p1b: Sinistcha\n|-supereffective|p1b: Sinistcha|1\n|-damage|p1b: Sinistcha|13/100\n|-enditem|p1b: Sinistcha|Sitrus Berry|[eat]\n|-heal|p1b: Sinistcha|38/100|[from] item: Sitrus Berry\n|\n|-weather|Sandstorm|[upkeep]\n|-damage|p1b: Sinistcha|32/100|[from] Sandstorm\n|upkeep\n|inactive|slothgameplay has 30 seconds left.\n|\n|t:|1776219822\n|switch|p2b: Talonflame|Talonflame, L50, F, shiny|100/100\n|switch|p1a: Kingambit|Kingambit, L50, M|100/100\n|turn|4\n|inactive|slothgameplay has 30 seconds left.\n|\n|t:|1776219849\n|move|p1b: Sinistcha|Rage Powder|p1b: Sinistcha\n|-singleturn|p1b: Sinistcha|move: Rage Powder\n|move|p2a: Kingambit|Sucker Punch||[still]\n|-fail|p2a: Kingambit\n|move|p2b: Talonflame|Flare Blitz|p1b: Sinistcha\n|-supereffective|p1b: Sinistcha|1\n|-damage|p1b: Sinistcha|0 fnt\n|faint|p1b: Sinistcha\n|-damage|p2b: Talonflame|89/100|[from] Recoil\n|move|p1a: Kingambit|Low Kick|p2a: Kingambit\n|-supereffective|p2a: Kingambit|2\n|-enditem|p2a: Kingambit|Chople Berry|[eat]\n|-enditem|p2a: Kingambit|Chople Berry|[weaken]\n|-damage|p2a: Kingambit|21/100\n|\n|-weather|Sandstorm|[upkeep]\n|-damage|p2b: Talonflame|83/100|[from] Sandstorm\n|upkeep\n|\n|t:|1776219863\n|switch|p1b: Tyranitar|Tyranitar, L50, M|35/100\n|turn|5\n|\n|t:|1776219883\n|move|p2b: Talonflame|Tailwind|p2b: Talonflame\n|-sidestart|p2: deltajordz|move: Tailwind\n|move|p1b: Tyranitar|Rock Slide|p2b: Talonflame|[spread] p2a,p2b\n|-resisted|p2a: Kingambit|1\n|-supereffective|p2b: Talonflame|2\n|-damage|p2a: Kingambit|9/100\n|-damage|p2b: Talonflame|0 fnt\n|faint|p2b: Talonflame\n|move|p2a: Kingambit|Iron Head|p1b: Tyranitar\n|-supereffective|p1b: Tyranitar|1\n|-damage|p1b: Tyranitar|0 fnt\n|faint|p1b: Tyranitar\n|move|p1a: Kingambit|Low Kick|p2a: Kingambit\n|-supereffective|p2a: Kingambit|2\n|-damage|p2a: Kingambit|0 fnt\n|faint|p2a: Kingambit\n|\n|win|slothgameplay\n|raw|slothgameplay's rating: 1169 &rarr; <strong>1195</strong><br />(+26 for winning)\n|raw|deltajordz's rating: 1185 &rarr; <strong>1159</strong><br />(-26 for losing)\n",
  "uploadtime": 1776219883,
  "views": 17,
  "formatid": "gen9championsvgc2026regma",
  "rating": 1159,
  "private": 0,
  "password": null
}