{
  "id": "gen9championsvgc2026regma-2585501713",
  "format": "[Gen 9 Champions] VGC 2026 Reg M-A",
  "players": [
    "helyo283",
    "mickey4321"
  ],
  "log": "|j|\u2606helyo283\n|j|\u2606mickey4321\n|t:|1776351813\n|gametype|doubles\n|player|p1|helyo283|101|1094\n|player|p2|mickey4321|1|1040\n|gen|9\n|tier|[Gen 9 Champions] VGC 2026 Reg M-A\n|rated|\n|rule|Species Clause: Limit one of each Pok\u00e9mon\n|rule|Item Clause: Limit 1 of each item\n|clearpoke\n|poke|p1|Incineroar, L50, M|\n|poke|p1|Gengar, L50, M|\n|poke|p1|Floette-Eternal, L50, F|\n|poke|p1|Politoed, L50, F|\n|poke|p1|Whimsicott, L50, F|\n|poke|p1|Kommo-o, L50, M|\n|poke|p2|Charizard, L50, M|\n|poke|p2|Whimsicott, L50, M|\n|poke|p2|Torkoal, L50, M|\n|poke|p2|Zoroark-Hisui, L50, F|\n|poke|p2|Sinistcha-Masterpiece, L50|\n|poke|p2|Arcanine-Hisui, L50, F|\n|teampreview|4\n|\n|t:|1776351837\n|teamsize|p1|4\n|teamsize|p2|4\n|start\n|switch|p1a: Incineroar|Incineroar, L50, M|100/100\n|switch|p1b: Gengar|Gengar, L50, M|100/100\n|switch|p2a: Charizard|Charizard, L50, M|100/100\n|switch|p2b: Whimsicott|Whimsicott, L50, M|100/100\n|-ability|p1a: Incineroar|Intimidate|boost\n|-unboost|p2a: Charizard|atk|1\n|-unboost|p2b: Whimsicott|atk|1\n|turn|1\n|\n|t:|1776351865\n|detailschange|p1b: Gengar|Gengar-Mega, L50, M\n|-mega|p1b: Gengar|Gengar|Gengarite\n|detailschange|p2a: Charizard|Charizard-Mega-Y, L50, M\n|-mega|p2a: Charizard|Charizard|Charizardite Y\n|-weather|SunnyDay|[from] ability: Drought|[of] p2a: Charizard\n|move|p1a: Incineroar|Fake Out|p2a: Charizard\n|-crit|p2a: Charizard\n|-damage|p2a: Charizard|76/100\n|move|p2b: Whimsicott|Tailwind|p2b: Whimsicott\n|-sidestart|p2: mickey4321|move: Tailwind\n|cant|p2a: Charizard|flinch\n|move|p1b: Gengar|Perish Song|p1b: Gengar\n|-start|p1a: Incineroar|perish3|[silent]\n|-start|p1b: Gengar|perish3|[silent]\n|-start|p2a: Charizard|perish3|[silent]\n|-start|p2b: Whimsicott|perish3|[silent]\n|-fieldactivate|move: Perish Song\n|\n|-weather|SunnyDay|[upkeep]\n|-start|p2a: Charizard|perish3\n|-start|p2b: Whimsicott|perish3\n|-start|p1b: Gengar|perish3\n|-start|p1a: Incineroar|perish3\n|upkeep\n|turn|2\n|\n|t:|1776351895\n|switch|p1b: Politoed|Politoed, L50, F|100/100\n|-weather|RainDance|[from] ability: Drizzle|[of] p1b: Politoed\n|move|p2a: Charizard|Heat Wave|p1b: Politoed|[spread] p1a,p1b\n|-resisted|p1a: Incineroar|1\n|-resisted|p1b: Politoed|1\n|-damage|p1a: Incineroar|93/100\n|-damage|p1b: Politoed|91/100\n|move|p2b: Whimsicott|Moonblast|p1b: Politoed\n|-damage|p1b: Politoed|58/100\n|move|p1a: Incineroar|Parting Shot|p2a: Charizard\n|-unboost|p2a: Charizard|atk|1\n|-unboost|p2a: Charizard|spa|1\n|\n|t:|1776351908\n|switch|p1a: Gengar|Gengar-Mega, L50, M|100/100|[from] Parting Shot\n|\n|-weather|RainDance|[upkeep]\n|-start|p2a: Charizard|perish2\n|-start|p2b: Whimsicott|perish2\n|upkeep\n|turn|3\n|\n|t:|1776351922\n|move|p1a: Gengar|Protect|p1a: Gengar\n|-singleturn|p1a: Gengar|Protect\n|move|p2a: Charizard|Heat Wave|p1b: Politoed|[spread] p1b\n|-activate|p1a: Gengar|move: Protect\n|-resisted|p1b: Politoed|1\n|-damage|p1b: Politoed|53/100\n|move|p2b: Whimsicott|Moonblast|p1b: Politoed\n|-damage|p1b: Politoed|22/100\n|-enditem|p1b: Politoed|Sitrus Berry|[eat]\n|-heal|p1b: Politoed|47/100|[from] item: Sitrus Berry\n|move|p1b: Politoed|Muddy Water|p2a: Charizard|[spread] p2a,p2b\n|-supereffective|p2a: Charizard|1\n|-resisted|p2b: Whimsicott|1\n|-damage|p2a: Charizard|9/100\n|-damage|p2b: Whimsicott|81/100\n|-unboost|p2b: Whimsicott|accuracy|1\n|\n|-weather|RainDance|[upkeep]\n|-start|p2a: Charizard|perish1\n|-start|p2b: Whimsicott|perish1\n|upkeep\n|turn|4\n|\n|t:|1776351962\n|switch|p1a: Incineroar|Incineroar, L50, M|93/100\n|-ability|p1a: Incineroar|Intimidate|boost\n|-unboost|p2a: Charizard|atk|1\n|-unboost|p2b: Whimsicott|atk|1\n|move|p1b: Politoed|Protect|p1b: Politoed\n|-singleturn|p1b: Politoed|Protect\n|move|p2a: Charizard|Air Slash|p1a: Incineroar\n|-damage|p1a: Incineroar|66/100\n|move|p2b: Whimsicott|Moonblast|p1a: Incineroar\n|-damage|p1a: Incineroar|39/100\n|\n|-weather|RainDance|[upkeep]\n|-start|p2a: Charizard|perish0\n|-start|p2b: Whimsicott|perish0\n|-sideend|p2: mickey4321|move: Tailwind\n|faint|p2a: Charizard\n|faint|p2b: Whimsicott\n|upkeep\n|\n|t:|1776351975\n|switch|p2a: Arcanine|Arcanine-Hisui, L50, F|100/100\n|switch|p2b: Torkoal|Torkoal, L50, M|100/100\n|-ability|p2a: Arcanine|Intimidate|boost\n|-unboost|p1a: Incineroar|atk|1\n|-unboost|p1b: Politoed|atk|1\n|-weather|SunnyDay|[from] ability: Drought|[of] p2b: Torkoal\n|turn|5\n|\n|t:|1776351990\n|switch|p1b: Whimsicott|Whimsicott, L50, F|100/100\n|move|p1a: Incineroar|Fake Out|p2b: Torkoal\n|-damage|p2b: Torkoal|94/100\n|move|p2a: Arcanine|Rock Slide|p1a: Incineroar|[spread] p1a,p1b\n|-supereffective|p1a: Incineroar|1\n|-damage|p1a: Incineroar|0 fnt\n|-damage|p1b: Whimsicott|62/100\n|faint|p1a: Incineroar\n|cant|p2b: Torkoal|flinch\n|\n|-weather|SunnyDay|[upkeep]\n|upkeep\n|\n|t:|1776351996\n|switch|p1a: Politoed|Politoed, L50, F|47/100\n|-weather|RainDance|[from] ability: Drizzle|[of] p1a: Politoed\n|turn|6\n|\n|t:|1776352001\n|move|p1b: Whimsicott|Tailwind|p1b: Whimsicott\n|-sidestart|p1: helyo283|move: Tailwind\n|move|p1a: Politoed|Perish Song|p1a: Politoed\n|-start|p1a: Politoed|perish3|[silent]\n|-start|p1b: Whimsicott|perish3|[silent]\n|-start|p2a: Arcanine|perish3|[silent]\n|-start|p2b: Torkoal|perish3|[silent]\n|-fieldactivate|move: Perish Song\n|move|p2a: Arcanine|Rock Slide|p1a: Politoed|[spread] p1a\n|-miss|p2a: Arcanine|p1b: Whimsicott\n|-damage|p1a: Politoed|16/100\n|move|p2b: Torkoal|Earth Power|p1a: Politoed\n|-damage|p1a: Politoed|0 fnt\n|faint|p1a: Politoed\n|\n|-weather|RainDance|[upkeep]\n|-start|p1b: Whimsicott|perish3\n|-start|p2a: Arcanine|perish3\n|-start|p2b: Torkoal|perish3\n|upkeep\n|\n|t:|1776352012\n|switch|p1a: Gengar|Gengar-Mega, L50, M|100/100\n|turn|7\n|\n|t:|1776352032\n|move|p1a: Gengar|Protect|p1a: Gengar\n|-singleturn|p1a: Gengar|Protect\n|move|p1b: Whimsicott|Fake Tears|p2a: Arcanine\n|-unboost|p2a: Arcanine|spd|2\n|move|p2a: Arcanine|Rock Slide|p1a: Gengar|[spread] p1b\n|-activate|p1a: Gengar|move: Protect\n|-damage|p1b: Whimsicott|27/100\n|move|p2b: Torkoal|Earth Power|p1a: Gengar\n|-activate|p1a: Gengar|move: Protect\n|\n|-weather|RainDance|[upkeep]\n|-start|p1b: Whimsicott|perish2\n|-start|p2a: Arcanine|perish2\n|-start|p2b: Torkoal|perish2\n|upkeep\n|turn|8\n|\n|t:|1776352056\n|move|p1b: Whimsicott|Fake Tears|p2b: Torkoal\n|-unboost|p2b: Torkoal|spd|2\n|move|p1a: Gengar|Sludge Bomb|p2b: Torkoal\n|-damage|p2b: Torkoal|0 fnt\n|faint|p2b: Torkoal\n|move|p2a: Arcanine|Rock Slide|p1b: Whimsicott|[spread] p1a,p1b\n|-damage|p1a: Gengar|51/100\n|-damage|p1b: Whimsicott|0 fnt\n|faint|p1b: Whimsicott\n|\n|-weather|RainDance|[upkeep]\n|-start|p2a: Arcanine|perish1\n|upkeep\n|turn|9\n|\n|t:|1776352067\n|move|p1a: Gengar|Protect|p1a: Gengar\n|-singleturn|p1a: Gengar|Protect\n|move|p2a: Arcanine|Rock Slide|p1a: Gengar\n|-activate|p1a: Gengar|move: Protect\n|\n|-weather|RainDance|[upkeep]\n|-start|p2a: Arcanine|perish0\n|-sideend|p1: helyo283|move: Tailwind\n|faint|p2a: Arcanine\n|\n|win|helyo283\n|raw|helyo283's rating: 1094 &rarr; <strong>1116</strong><br />(+22 for winning)\n|raw|mickey4321's rating: 1040 &rarr; <strong>1026</strong><br />(-14 for losing)\n|l|\u2606helyo283\n|player|p1|\n|j|\u2606helyo283\n|player|p1|helyo283|101|\n",
  "uploadtime": 1776352085,
  "views": 19,
  "formatid": "gen9championsvgc2026regma",
  "rating": 1026,
  "private": 0,
  "password": null
}