{
  "id": "gen9championsvgc2026regma-2588112588",
  "format": "[Gen 9 Champions] VGC 2026 Reg M-A",
  "players": [
    "kari_0817",
    "Alphasky97"
  ],
  "log": "|j|\u2606kari_0817\n|j|\u2606Alphasky97\n|t:|1776605632\n|gametype|doubles\n|player|p1|kari_0817|265|1146\n|player|p2|Alphasky97|265|1125\n|gen|9\n|tier|[Gen 9 Champions] VGC 2026 Reg M-A\n|rated|\n|rule|Species Clause: Limit one of each Pok\u00e9mon\n|rule|Item Clause: Limit 1 of each item\n|clearpoke\n|poke|p1|Slowbro, L50, M, shiny|\n|poke|p1|Pikachu, L50, M, shiny|\n|poke|p1|Clefable, L50, M|\n|poke|p1|Sneasler, L50, M, shiny|\n|poke|p1|Alcremie-Salted-Cream, L50, F|\n|poke|p1|Floette-Eternal, L50, F|\n|poke|p2|Lucario, L50, M|\n|poke|p2|Sinistcha-Masterpiece, L50|\n|poke|p2|Milotic, L50, F|\n|poke|p2|Incineroar, L50, F|\n|poke|p2|Dragonite, L50, F|\n|poke|p2|Pelipper, L50, M|\n|teampreview|4\n|inactive|Battle timer is ON: inactive players will automatically lose when time's up. (requested by Alphasky97)\n|inactive|kari_0817 has 60 seconds left.\n|\n|t:|1776605673\n|teamsize|p1|4\n|teamsize|p2|4\n|start\n|switch|p1a: Slowbro|Slowbro, L50, M, shiny|100/100\n|switch|p1b: Sneasler|Sneasler, L50, M, shiny|100/100\n|switch|p2a: Lucario|Lucario, L50, M|100/100\n|switch|p2b: Incineroar|Incineroar, L50, F|100/100\n|-ability|p2b: Incineroar|Intimidate|boost\n|-fail|p1a: Slowbro|unboost|Attack|[from] ability: Oblivious|[of] p1a: Slowbro\n|-unboost|p1b: Sneasler|atk|1\n|-enditem|p1b: Sneasler|White Herb\n|-clearnegativeboost|p1b: Sneasler|[silent]\n|turn|1\n|inactive|kari_0817 has 30 seconds left.\n|inactive|kari_0817 has 20 seconds left.\n|\n|t:|1776605710\n|detailschange|p2a: Lucario|Lucario-Mega, L50, M\n|-mega|p2a: Lucario|Lucario|Lucarionite\n|detailschange|p1a: Slowbro|Slowbro-Mega, L50, M, shiny\n|-mega|p1a: Slowbro|Slowbro|Slowbronite\n|move|p1b: Sneasler|Fake Out|p2a: Lucario\n|-resisted|p2a: Lucario|1\n|-damage|p2a: Lucario|90/100\n|move|p2b: Incineroar|Fake Out|p1b: Sneasler\n|-damage|p1b: Sneasler|78/100\n|cant|p2a: Lucario|flinch\n|move|p1a: Slowbro|Amnesia|p1a: Slowbro\n|-boost|p1a: Slowbro|spd|2\n|\n|upkeep\n|turn|2\n|\n|t:|1776605732\n|switch|p2b: Sinistcha|Sinistcha-Masterpiece, L50|100/100\n|-heal|p2a: Lucario|100/100|[from] ability: Hospitality|[of] p2b: Sinistcha\n|move|p2a: Lucario|Protect|p2a: Lucario\n|-singleturn|p2a: Lucario|Protect\n|move|p1b: Sneasler|Close Combat|p2a: Lucario\n|-activate|p2a: Lucario|move: Protect\n|move|p1a: Slowbro|Iron Defense|p1a: Slowbro\n|-boost|p1a: Slowbro|def|2\n|\n|upkeep\n|turn|3\n|inactive|kari_0817 has 30 seconds left.\n|inactive|kari_0817 has 20 seconds left.\n|inactive|kari_0817 has 15 seconds left.\n|\n|t:|1776605772\n|move|p2b: Sinistcha|Rage Powder|p2b: Sinistcha\n|-singleturn|p2b: Sinistcha|move: Rage Powder\n|move|p1b: Sneasler|Dire Claw|p2b: Sinistcha\n|-damage|p2b: Sinistcha|63/100\n|move|p2a: Lucario|Swords Dance|p2a: Lucario\n|-boost|p2a: Lucario|atk|2\n|move|p1a: Slowbro|Iron Defense|p1a: Slowbro\n|-boost|p1a: Slowbro|def|2\n|\n|upkeep\n|turn|4\n|\n|t:|1776605791\n|move|p2a: Lucario|Bullet Punch|p1b: Sneasler\n|-damage|p1b: Sneasler|0 fnt\n|faint|p1b: Sneasler\n|move|p2b: Sinistcha|Matcha Gotcha|p1a: Slowbro\n|-supereffective|p1a: Slowbro|1\n|-damage|p1a: Slowbro|77/100\n|-heal|p2b: Sinistcha|76/100|[from] drain|[of] p1a: Slowbro\n|-status|p1a: Slowbro|brn\n|move|p1a: Slowbro|Iron Defense|p1a: Slowbro\n|-boost|p1a: Slowbro|def|2\n|\n|-damage|p1a: Slowbro|71/100 brn|[from] brn\n|upkeep\n|\n|t:|1776605804\n|switch|p1b: Clefable|Clefable, L50, M|100/100\n|turn|5\n|\n|t:|1776605818\n|move|p2a: Lucario|Swords Dance|p2a: Lucario\n|-boost|p2a: Lucario|atk|2\n|move|p2b: Sinistcha|Matcha Gotcha|p1b: Clefable|[spread] p1a,p1b\n|-supereffective|p1a: Slowbro|1\n|-damage|p1a: Slowbro|52/100 brn\n|-heal|p2b: Sinistcha|87/100|[from] drain|[of] p1a: Slowbro\n|-damage|p1b: Clefable|78/100\n|-heal|p2b: Sinistcha|99/100|[from] drain|[of] p1b: Clefable\n|-status|p1b: Clefable|brn\n|move|p1b: Clefable|Psych Up|p1a: Slowbro\n|-copyboost|p1b: Clefable|p1a: Slowbro|[from] move: Psych Up\n|move|p1a: Slowbro|Slack Off|p1a: Slowbro\n|-heal|p1a: Slowbro|100/100 brn\n|\n|-heal|p1b: Clefable|84/100 brn|[from] item: Leftovers\n|-damage|p1b: Clefable|78/100 brn|[from] brn\n|-damage|p1a: Slowbro|95/100 brn|[from] brn\n|upkeep\n|turn|6\n|inactive|kari_0817 has 30 seconds left.\n|inactive|Alphasky97 has 30 seconds left.\n|inactive|kari_0817 has 20 seconds left.\n|inactive|Alphasky97 has 20 seconds left.\n|inactive|kari_0817 has 15 seconds left.\n|c|\u2606Alphasky97|bro what is that? xD\n|inactive|kari_0817 has 10 seconds left.\n|inactive|kari_0817 has 5 seconds left.\n|\n|t:|1776605869\n|move|p2b: Sinistcha|Rage Powder|p2b: Sinistcha\n|-singleturn|p2b: Sinistcha|move: Rage Powder\n|move|p1b: Clefable|Follow Me|p1b: Clefable\n|-singleturn|p1b: Clefable|move: Follow Me\n|move|p2a: Lucario|Bullet Punch|p1b: Clefable\n|-supereffective|p1b: Clefable|1\n|-damage|p1b: Clefable|62/100 brn\n|move|p1a: Slowbro|Stored Power|p2b: Sinistcha\n|-damage|p2b: Sinistcha|31/100\n|-enditem|p2b: Sinistcha|Sitrus Berry|[eat]\n|-heal|p2b: Sinistcha|56/100|[from] item: Sitrus Berry\n|\n|-heal|p1b: Clefable|68/100 brn|[from] item: Leftovers\n|-damage|p1b: Clefable|62/100 brn|[from] brn\n|-damage|p1a: Slowbro|89/100 brn|[from] brn\n|upkeep\n|turn|7\n|\n|t:|1776605885\n|move|p2a: Lucario|Bullet Punch|p1b: Clefable\n|-supereffective|p1b: Clefable|1\n|-damage|p1b: Clefable|46/100 brn\n|move|p2b: Sinistcha|Matcha Gotcha|p1a: Slowbro|[spread] p1b\n|-miss|p2b: Sinistcha|p1a: Slowbro\n|-damage|p1b: Clefable|36/100 brn\n|-heal|p2b: Sinistcha|62/100|[from] drain|[of] p1b: Clefable\n|move|p1b: Clefable|Moonlight|p1b: Clefable\n|-heal|p1b: Clefable|86/100 brn\n|move|p1a: Slowbro|Stored Power|p2b: Sinistcha\n|-damage|p2b: Sinistcha|0 fnt\n|faint|p2b: Sinistcha\n|\n|-heal|p1b: Clefable|92/100 brn|[from] item: Leftovers\n|-damage|p1b: Clefable|86/100 brn|[from] brn\n|-damage|p1a: Slowbro|83/100 brn|[from] brn\n|upkeep\n|\n|t:|1776605900\n|switch|p2b: Incineroar|Incineroar, L50, F|100/100\n|-ability|p2b: Incineroar|Intimidate|boost\n|-unboost|p1a: Slowbro|atk|1\n|-unboost|p1b: Clefable|atk|1\n|turn|8\n|c|\u2606kari_0817|lol\n|\n|t:|1776605922\n|move|p2b: Incineroar|Fake Out|p1a: Slowbro\n|-damage|p1a: Slowbro|81/100 brn\n|move|p2a: Lucario|Swords Dance|p2a: Lucario\n|-boost|p2a: Lucario|atk|2\n|move|p1b: Clefable|Moonblast|p2b: Incineroar\n|-damage|p2b: Incineroar|72/100\n|cant|p1a: Slowbro|flinch\n|\n|-heal|p2b: Incineroar|78/100|[from] item: Leftovers\n|-heal|p1b: Clefable|92/100 brn|[from] item: Leftovers\n|-damage|p1b: Clefable|86/100 brn|[from] brn\n|-damage|p1a: Slowbro|75/100 brn|[from] brn\n|upkeep\n|turn|9\n|\n|t:|1776605938\n|move|p1b: Clefable|Follow Me|p1b: Clefable\n|-singleturn|p1b: Clefable|move: Follow Me\n|move|p2a: Lucario|Bullet Punch|p1b: Clefable\n|-supereffective|p1b: Clefable|1\n|-damage|p1b: Clefable|70/100 brn\n|move|p2b: Incineroar|Darkest Lariat|p1b: Clefable\n|-resisted|p1b: Clefable|1\n|-damage|p1b: Clefable|50/100 brn\n|move|p1a: Slowbro|Stored Power|p2a: Lucario\n|-damage|p2a: Lucario|0 fnt\n|faint|p2a: Lucario\n|\n|-heal|p2b: Incineroar|84/100|[from] item: Leftovers\n|-heal|p1b: Clefable|55/100 brn|[from] item: Leftovers\n|-damage|p1b: Clefable|50/100 brn|[from] brn\n|-damage|p1a: Slowbro|69/100 brn|[from] brn\n|upkeep\n|c|\u2606Alphasky97|gg xD\n|\n|t:|1776605950\n|switch|p2a: Milotic|Milotic, L50, F|100/100\n|turn|10\n|c|\u2606kari_0817|gg\n|\n|t:|1776605961\n|move|p2a: Milotic|Icy Wind|p1b: Clefable|[spread] p1a\n|-miss|p2a: Milotic|p1b: Clefable\n|-resisted|p1a: Slowbro|1\n|-damage|p1a: Slowbro|67/100 brn\n|-unboost|p1a: Slowbro|spe|1\n|move|p2b: Incineroar|Flare Blitz|p1b: Clefable\n|-damage|p1b: Clefable|36/100 brn\n|-damage|p2b: Incineroar|80/100|[from] Recoil\n|move|p1b: Clefable|Moonlight|p1b: Clefable\n|-heal|p1b: Clefable|86/100 brn\n|move|p1a: Slowbro|Amnesia|p1a: Slowbro\n|-boost|p1a: Slowbro|spd|2\n|\n|-heal|p2b: Incineroar|86/100|[from] item: Leftovers\n|-heal|p1b: Clefable|92/100 brn|[from] item: Leftovers\n|-damage|p1b: Clefable|86/100 brn|[from] brn\n|-damage|p1a: Slowbro|61/100 brn|[from] brn\n|upkeep\n|turn|11\n|\n|t:|1776605986\n|move|p2a: Milotic|Icy Wind|p1b: Clefable|[spread] p1a,p1b\n|-resisted|p1a: Slowbro|1\n|-damage|p1a: Slowbro|59/100 brn\n|-damage|p1b: Clefable|80/100 brn\n|-unboost|p1a: Slowbro|spe|1\n|-unboost|p1b: Clefable|spe|1\n|move|p2b: Incineroar|Flare Blitz|p1b: Clefable\n|-damage|p1b: Clefable|66/100 brn\n|-damage|p2b: Incineroar|81/100|[from] Recoil\n|move|p1b: Clefable|Moonblast|p2b: Incineroar\n|-damage|p2b: Incineroar|51/100\n|move|p1a: Slowbro|Amnesia|p1a: Slowbro\n|-boost|p1a: Slowbro|spd|2\n|\n|-heal|p2b: Incineroar|57/100|[from] item: Leftovers\n|-heal|p1b: Clefable|72/100 brn|[from] item: Leftovers\n|-damage|p1b: Clefable|66/100 brn|[from] brn\n|-damage|p1a: Slowbro|53/100 brn|[from] brn\n|upkeep\n|turn|12\n|c|\u2606Alphasky97|it is still weird how +4 mega lucario does so little\n|\n|t:|1776606006\n|move|p2a: Milotic|Icy Wind|p1a: Slowbro|[spread] p1a,p1b\n|-resisted|p1a: Slowbro|1\n|-damage|p1a: Slowbro|52/100 brn\n|-damage|p1b: Clefable|60/100 brn\n|-unboost|p1a: Slowbro|spe|1\n|-unboost|p1b: Clefable|spe|1\n|move|p2b: Incineroar|Flare Blitz|p1b: Clefable\n|-damage|p1b: Clefable|46/100 brn\n|-damage|p2b: Incineroar|52/100|[from] Recoil\n|move|p1b: Clefable|Moonblast|p2b: Incineroar\n|-damage|p2b: Incineroar|23/100\n|move|p1a: Slowbro|Slack Off|p1a: Slowbro\n|-heal|p1a: Slowbro|100/100 brn\n|\n|-heal|p2b: Incineroar|29/100|[from] item: Leftovers\n|-heal|p1b: Clefable|52/100 brn|[from] item: Leftovers\n|-damage|p1b: Clefable|46/100 brn|[from] brn\n|-damage|p1a: Slowbro|95/100 brn|[from] brn\n|upkeep\n|turn|13\n|c|\u2606Alphasky97|well gg\n|-message|Alphasky97 forfeited.\n|\n|win|kari_0817\n|raw|kari_0817's rating: 1146 &rarr; <strong>1169</strong><br />(+23 for winning)\n|raw|Alphasky97's rating: 1125 &rarr; <strong>1102</strong><br />(-23 for losing)\n",
  "uploadtime": 1776606014,
  "views": 10,
  "formatid": "gen9championsvgc2026regma",
  "rating": 1102,
  "private": 0,
  "password": null
}