{
  "id": "gen9championsvgc2026regma-2582278063",
  "format": "[Gen 9 Champions] VGC 2026 Reg M-A",
  "players": [
    "Kiim_Dokjja",
    "naranjas eater"
  ],
  "log": "|j|\u2606Kiim_Dokjja\n|j|\u2606naranjas eater\n|t:|1776079074\n|gametype|doubles\n|player|p1|Kiim_Dokjja|plasmagrunt|1133\n|player|p2|naranjas eater|hiker-gen4|1103\n|gen|9\n|tier|[Gen 9 Champions] VGC 2026 Reg M-A\n|rated|\n|rule|Species Clause: Limit one of each Pok\u00e9mon\n|rule|Item Clause: Limit 1 of each item\n|clearpoke\n|poke|p1|Farigiraf, L50, F|\n|poke|p1|Floette-Eternal, L50, F|\n|poke|p1|Sylveon, L50, M|\n|poke|p1|Incineroar, L50, F|\n|poke|p1|Sinistcha, L50|\n|poke|p1|Kingambit, L50, M|\n|poke|p2|Floette-Eternal, L50, F|\n|poke|p2|Garchomp, L50, M|\n|poke|p2|Incineroar, L50, F|\n|poke|p2|Aegislash, L50, M|\n|poke|p2|Rotom-Wash, L50|\n|poke|p2|Aerodactyl, L50, F|\n|teampreview|4\nKiim_Dokjja has agreed to open team sheets.\nnaranjas eater has agreed to open team sheets.\n|showteam|p1|Farigiraf||MentalHerb|ArmorTail|HyperVoice,Psychic,TrickRoom,NastyPlot|||F|||50|]Floette-Eternal||Floettite|FlowerVeil|CalmMind,Moonblast,DazzlingGleam,Protect|||F|||50|]Sylveon||FairyFeather|Pixilate|HyperBeam,Protect,HyperVoice,Psychic|||M|||50|]Incineroar||ShucaBerry|Intimidate|FlareBlitz,FakeOut,PartingShot,WillOWisp|||F|||50|]Sinistcha||SitrusBerry|Hospitality|TrickRoom,MatchaGotcha,LifeDew,RagePowder||||||50|]Kingambit||ChopleBerry|Defiant|SwordsDance,IronHead,KowtowCleave,SuckerPunch|||M|||50|\n|showteam|p2|Floette-Eternal||Floettite|FlowerVeil|Moonblast,DazzlingGleam,CalmMind,Protect|||F|||50|]Garchomp||WhiteHerb|RoughSkin|Earthquake,DragonClaw,StompingTantrum,Protect|||M|||50|]Incineroar||SitrusBerry|Intimidate|FlareBlitz,ThroatChop,FakeOut,PartingShot|||F|||50|]Aegislash||Leftovers|StanceChange|ShadowBall,FlashCannon,KingsShield,CloseCombat|||M|||50|]Rotom-Wash||ChoiceScarf|Levitate|Electroweb,VoltSwitch,HydroPump,Discharge||||||50|]Aerodactyl||FocusSash|Unnerve|DualWingbeat,RockSlide,Tailwind,Protect|||F|||50|\n|c|\u2606Kiim_Dokjja|glhf :)\n|c|\u2606naranjas eater|gl\n|\n|t:|1776079133\n|teamsize|p1|4\n|teamsize|p2|4\n|start\n|switch|p1a: Farigiraf|Farigiraf, L50, F|100/100\n|switch|p1b: Incineroar|Incineroar, L50, F|100/100\n|switch|p2a: Floette|Floette-Eternal, L50, F|100/100\n|switch|p2b: Aegislash|Aegislash, L50, M|100/100\n|-ability|p1b: Incineroar|Intimidate|boost\n|-unboost|p2a: Floette|atk|1\n|-unboost|p2b: Aegislash|atk|1\n|turn|1\n|\n|t:|1776079164\n|detailschange|p2a: Floette|Floette-Mega, L50, F\n|-mega|p2a: Floette|Floette|Floettite\n|-ability|p2a: Floette|Fairy Aura\n|move|p1b: Incineroar|Fake Out|p2a: Floette\n|-damage|p2a: Floette|87/100\n|cant|p2a: Floette|flinch\n|-formechange|p2b: Aegislash|Aegislash-Blade|\n|move|p2b: Aegislash|Flash Cannon|p1a: Farigiraf\n|-damage|p1a: Farigiraf|57/100\n|move|p1a: Farigiraf|Trick Room|p1a: Farigiraf\n|-fieldstart|move: Trick Room|[of] p1a: Farigiraf\n|\n|upkeep\n|turn|2\n|\n|t:|1776079199\n|move|p1b: Incineroar|Flare Blitz|p2b: Aegislash\n|-supereffective|p2b: Aegislash|1\n|-damage|p2b: Aegislash|0 fnt\n|faint|p2b: Aegislash\n|-damage|p1b: Incineroar|73/100|[from] Recoil\n|move|p1a: Farigiraf|Nasty Plot|p1a: Farigiraf\n|-boost|p1a: Farigiraf|spa|2\n|move|p2a: Floette|Dazzling Gleam|p1a: Farigiraf|[spread] p1a,p1b\n|-damage|p1a: Farigiraf|14/100\n|-damage|p1b: Incineroar|38/100\n|\n|upkeep\n|\n|t:|1776079223\n|switch|p2b: Incineroar|Incineroar, L50, F|100/100\n|-ability|p2b: Incineroar|Intimidate|boost\n|-unboost|p1a: Farigiraf|atk|1\n|-unboost|p1b: Incineroar|atk|1\n|turn|3\n|\n|t:|1776079239\n|move|p1a: Farigiraf|Hyper Voice|p2b: Incineroar|[spread] p2a,p2b\n|-damage|p2a: Floette|39/100\n|-damage|p2b: Incineroar|51/100\n|move|p1b: Incineroar|Flare Blitz|p2a: Floette\n|-damage|p2a: Floette|3/100\n|-damage|p1b: Incineroar|27/100|[from] Recoil\n|move|p2b: Incineroar|Parting Shot|p1b: Incineroar\n|-unboost|p1b: Incineroar|atk|1\n|-unboost|p1b: Incineroar|spa|1\n|\n|t:|1776079248\n|switch|p2b: Rotom|Rotom-Wash, L50|100/100|[from] Parting Shot\n|move|p2a: Floette|Dazzling Gleam|p1a: Farigiraf|[spread] p1a,p1b\n|-damage|p1a: Farigiraf|0 fnt\n|-damage|p1b: Incineroar|0 fnt\n|faint|p1a: Farigiraf\n|faint|p1b: Incineroar\n|\n|upkeep\n|\n|t:|1776079253\n|switch|p1a: Sylveon|Sylveon, L50, M|100/100\n|switch|p1b: Floette|Floette-Eternal, L50, F|100/100\n|turn|4\n|\n|t:|1776079290\n|detailschange|p1b: Floette|Floette-Mega, L50, F\n|-mega|p1b: Floette|Floette|Floettite\n|-ability|p1b: Floette|Fairy Aura\n|move|p2a: Floette|Protect|p2a: Floette\n|-singleturn|p2a: Floette|Protect\n|move|p1a: Sylveon|Hyper Voice|p2a: Floette|[spread] p2b\n|-activate|p2a: Floette|move: Protect\n|-crit|p2b: Rotom\n|-damage|p2b: Rotom|0 fnt\n|faint|p2b: Rotom\n|move|p1b: Floette|Moonblast|p2a: Floette\n|-activate|p2a: Floette|move: Protect\n|\n|upkeep\n|\n|t:|1776079301\n|switch|p2b: Incineroar|Incineroar, L50, F|51/100\n|-ability|p2b: Incineroar|Intimidate|boost\n|-unboost|p1a: Sylveon|atk|1\n|-unboost|p1b: Floette|atk|1\n|turn|5\n|\n|t:|1776079316\n|move|p2a: Floette|Protect||[still]\n|-fail|p2a: Floette\n|move|p2b: Incineroar|Fake Out|p1b: Floette\n|-damage|p1b: Floette|88/100\n|move|p1a: Sylveon|Hyper Voice|p2b: Incineroar|[spread] p2a,p2b\n|-damage|p2a: Floette|0 fnt\n|-damage|p2b: Incineroar|0 fnt\n|faint|p2a: Floette\n|faint|p2b: Incineroar\n|\n|win|Kiim_Dokjja\n|raw|Kiim_Dokjja's rating: 1133 &rarr; <strong>1156</strong><br />(+23 for winning)\n|raw|naranjas eater's rating: 1103 &rarr; <strong>1080</strong><br />(-23 for losing)\n|c|\u2606Kiim_Dokjja|gg\n",
  "uploadtime": 1776079593,
  "views": 11,
  "formatid": "gen9championsvgc2026regma",
  "rating": 1080,
  "private": 0,
  "password": null
}