{
  "id": "gen9championsvgc2026regma-2585919252",
  "format": "[Gen 9 Champions] VGC 2026 Reg M-A",
  "players": [
    "Hoivey",
    "bigpedro"
  ],
  "log": "|j|\u2606Hoivey\n|j|\u2606bigpedro\n|t:|1776381457\n|gametype|doubles\n|player|p1|Hoivey|cyrus|1202\n|player|p2|bigpedro|wallace|1214\n|gen|9\n|tier|[Gen 9 Champions] VGC 2026 Reg M-A\n|rated|\n|rule|Species Clause: Limit one of each Pok\u00e9mon\n|rule|Item Clause: Limit 1 of each item\n|clearpoke\n|poke|p1|Sableye, L50, F|\n|poke|p1|Aggron, L50, F|\n|poke|p1|Ninetales-Alola, L50, M|\n|poke|p1|Tyranitar, L50, M|\n|poke|p1|Hatterene, L50, F|\n|poke|p1|Milotic, L50, M|\n|poke|p2|Gengar, L50, M|\n|poke|p2|Kingambit, L50, F|\n|poke|p2|Aerodactyl, L50, M|\n|poke|p2|Milotic, L50, M|\n|poke|p2|Incineroar, L50, F|\n|poke|p2|Sinistcha, L50|\n|teampreview|4\n|inactive|Battle timer is ON: inactive players will automatically lose when time's up. (requested by bigpedro)\n|inactive|Hoivey has 60 seconds left.\nbigpedro rejected open team sheets.\n|inactive|Hoivey has 30 seconds left.\n|inactive|Hoivey has 20 seconds left.\n|\n|t:|1776381531\n|teamsize|p1|4\n|teamsize|p2|4\n|start\n|switch|p1a: Ninetales|Ninetales-Alola, L50, M|100/100\n|switch|p1b: Milotic|Milotic, L50, M|100/100\n|switch|p2a: Gengar|Gengar, L50, M|100/100\n|switch|p2b: Kingambit|Kingambit, L50, F|100/100\n|-weather|Snowscape|[from] ability: Snow Warning|[of] p1a: Ninetales\n|turn|1\n|\n|t:|1776381553\n|detailschange|p2a: Gengar|Gengar-Mega, L50, M\n|-mega|p2a: Gengar|Gengar|Gengarite\n|move|p2a: Gengar|Perish Song|p2a: Gengar\n|-start|p1a: Ninetales|perish3|[silent]\n|-start|p1b: Milotic|perish3|[silent]\n|-start|p2a: Gengar|perish3|[silent]\n|-start|p2b: Kingambit|perish3|[silent]\n|-fieldactivate|move: Perish Song\n|move|p1a: Ninetales|Aurora Veil|p1a: Ninetales\n|-sidestart|p1: Hoivey|move: Aurora Veil\n|move|p1b: Milotic|Scald|p2b: Kingambit\n|-damage|p2b: Kingambit|65/100\n|move|p2b: Kingambit|Kowtow Cleave|p1b: Milotic\n|-damage|p1b: Milotic|57/100\n|\n|-weather|Snowscape|[upkeep]\n|-start|p2a: Gengar|perish3\n|-start|p1a: Ninetales|perish3\n|-start|p1b: Milotic|perish3\n|-start|p2b: Kingambit|perish3\n|upkeep\n|turn|2\n|inactive|bigpedro has 30 seconds left.\n|inactive|bigpedro has 20 seconds left.\n|\n|t:|1776381590\n|move|p1a: Ninetales|Protect|p1a: Ninetales\n|-singleturn|p1a: Ninetales|Protect\n|move|p1b: Milotic|Protect|p1b: Milotic\n|-singleturn|p1b: Milotic|Protect\n|move|p2b: Kingambit|Sucker Punch||[still]\n|-fail|p2b: Kingambit\n|move|p2a: Gengar|Shadow Ball|p1b: Milotic\n|-activate|p1b: Milotic|move: Protect\n|\n|-weather|Snowscape|[upkeep]\n|-start|p2a: Gengar|perish2\n|-start|p1a: Ninetales|perish2\n|-start|p1b: Milotic|perish2\n|-start|p2b: Kingambit|perish2\n|upkeep\n|turn|3\n|\n|t:|1776381610\n|move|p2a: Gengar|Protect|p2a: Gengar\n|-singleturn|p2a: Gengar|Protect\n|move|p2b: Kingambit|Protect|p2b: Kingambit\n|-singleturn|p2b: Kingambit|Protect\n|move|p1a: Ninetales|Blizzard|p2b: Kingambit|[spread] \n|-activate|p2a: Gengar|move: Protect\n|-activate|p2b: Kingambit|move: Protect\n|move|p1b: Milotic|Scald|p2b: Kingambit\n|-activate|p2b: Kingambit|move: Protect\n|\n|-weather|Snowscape|[upkeep]\n|-start|p2a: Gengar|perish1\n|-start|p1a: Ninetales|perish1\n|-start|p1b: Milotic|perish1\n|-start|p2b: Kingambit|perish1\n|upkeep\n|turn|4\n|inactive|Hoivey has 30 seconds left.\n|-activate|p1b: Milotic|item: Quick Claw\n|\n|t:|1776381638\n|switch|p2a: Aerodactyl|Aerodactyl, L50, M|100/100\n|-ability|p2a: Aerodactyl|Unnerve\n|switch|p2b: Sinistcha|Sinistcha, L50|100/100\n|move|p1b: Milotic|Scald|p2a: Aerodactyl\n|-supereffective|p2a: Aerodactyl|1\n|-enditem|p2a: Aerodactyl|Focus Sash\n|-damage|p2a: Aerodactyl|1/100\n|-status|p2a: Aerodactyl|brn\n|move|p1a: Ninetales|Blizzard|p2b: Sinistcha|[spread] p2a,p2b\n|-supereffective|p2a: Aerodactyl|1\n|-supereffective|p2b: Sinistcha|1\n|-damage|p2a: Aerodactyl|0 fnt\n|-damage|p2b: Sinistcha|26/100\n|-enditem|p2b: Sinistcha|Sitrus Berry|[eat]\n|-heal|p2b: Sinistcha|51/100|[from] item: Sitrus Berry\n|faint|p2a: Aerodactyl\n|\n|-weather|Snowscape|[upkeep]\n|-start|p1a: Ninetales|perish0\n|-start|p1b: Milotic|perish0\n|faint|p1a: Ninetales\n|faint|p1b: Milotic\n|upkeep\n|\n|t:|1776381658\n|switch|p2a: Gengar|Gengar-Mega, L50, M|100/100\n|switch|p1a: Aggron|Aggron, L50, F|100/100\n|switch|p1b: Sableye|Sableye, L50, F|100/100\n|turn|5\n|\n|t:|1776381678\n|detailschange|p1a: Aggron|Aggron-Mega, L50, F\n|-mega|p1a: Aggron|Aggron|Aggronite\n|move|p2a: Gengar|Perish Song|p2a: Gengar\n|-start|p1a: Aggron|perish3|[silent]\n|-start|p1b: Sableye|perish3|[silent]\n|-start|p2a: Gengar|perish3|[silent]\n|-start|p2b: Sinistcha|perish3|[silent]\n|-fieldactivate|move: Perish Song\n|move|p2b: Sinistcha|Life Dew||[still]|[spread] p2a,p2b\n|-fail|p2a: Gengar|heal\n|-heal|p2b: Sinistcha|76/100\n|move|p1a: Aggron|Heavy Slam|p2a: Gengar\n|-damage|p2a: Gengar|11/100\n|move|p1b: Sableye|Foul Play|p2a: Gengar\n|-supereffective|p2a: Gengar|1\n|-damage|p2a: Gengar|0 fnt\n|faint|p2a: Gengar\n|\n|-weather|none\n|-start|p2b: Sinistcha|perish3\n|-start|p1a: Aggron|perish3\n|-start|p1b: Sableye|perish3\n|-sideend|p1: Hoivey|move: Aurora Veil\n|upkeep\n|\n|t:|1776381690\n|switch|p2a: Kingambit|Kingambit, L50, F|65/100\n|turn|6\n|\n|t:|1776381705\n|move|p2b: Sinistcha|Rage Powder|p2b: Sinistcha\n|-singleturn|p2b: Sinistcha|move: Rage Powder\n|move|p2a: Kingambit|Swords Dance|p2a: Kingambit\n|-boost|p2a: Kingambit|atk|2\n|move|p1a: Aggron|Body Press|p2b: Sinistcha\n|-immune|p2b: Sinistcha\n|move|p1b: Sableye|Foul Play|p2b: Sinistcha\n|-supereffective|p2b: Sinistcha|1\n|-damage|p2b: Sinistcha|42/100\n|\n|-start|p2b: Sinistcha|perish2\n|-start|p1a: Aggron|perish2\n|-start|p1b: Sableye|perish2\n|upkeep\n|turn|7\n|\n|t:|1776381725\n|move|p2b: Sinistcha|Rage Powder|p2b: Sinistcha\n|-singleturn|p2b: Sinistcha|move: Rage Powder\n|move|p1b: Sableye|Quash||[still]\n|-fail|p1b: Sableye\n|move|p1a: Aggron|Body Press|p2b: Sinistcha\n|-immune|p2b: Sinistcha\n|move|p2a: Kingambit|Kowtow Cleave|p1b: Sableye\n|-damage|p1b: Sableye|0 fnt\n|faint|p1b: Sableye\n|\n|-start|p2b: Sinistcha|perish1\n|-start|p1a: Aggron|perish1\n|upkeep\n|turn|8\n|c|\u2606Hoivey|!data rage powder\n|c|\u2606Hoivey|/raw <ul class=\"utilichart\"><li class=\"result\"><span class=\"col movenamecol\"><a href=\"https://dex.pokemonshowdown.com/moves/ragepowder\">Rage Powder</a></span> <span class=\"col typecol\"><img src=\"//play.pokemonshowdown.com/sprites/types/Bug.png\" alt=\"Bug\" width=\"32\" height=\"14\"><img src=\"//play.pokemonshowdown.com/sprites/categories/Status.png\" alt=\"Status\" width=\"32\" height=\"14\"></span> <span class=\"col widelabelcol\"><em>Accuracy</em><br>\u2014</span> <span class=\"col pplabelcol\"><em>PP</em><br>32</span> <span class=\"col movedesccol\">The foes' moves target the user on the turn used.</span> </li><li style=\"clear:both\"></li></ul>\n\n|inactive|Hoivey has 30 seconds left.\n|c|\u2606Hoivey|how did rage powder go before prankster?\n|\n|t:|1776381758\n|move|p2b: Sinistcha|Rage Powder|p2b: Sinistcha\n|-singleturn|p2b: Sinistcha|move: Rage Powder\n|move|p2a: Kingambit|Swords Dance|p2a: Kingambit\n|-boost|p2a: Kingambit|atk|2\n|move|p1a: Aggron|Heavy Slam|p2b: Sinistcha\n|-damage|p2b: Sinistcha|0 fnt\n|faint|p2b: Sinistcha\n|\n|-start|p1a: Aggron|perish0\n|upkeep\n|faint|p1a: Aggron\n|\n|win|bigpedro\n|raw|Hoivey's rating: 1202 &rarr; <strong>1178</strong><br />(-24 for losing)\n|raw|bigpedro's rating: 1214 &rarr; <strong>1238</strong><br />(+24 for winning)\n|l|\u2606Hoivey\n|player|p1|\n|l|\u2606bigpedro\n|player|p2|\n|j|\u2606bigpedro\n|player|p2|bigpedro|wallace|\n",
  "uploadtime": 1776381829,
  "views": 14,
  "formatid": "gen9championsvgc2026regma",
  "rating": 1178,
  "private": 0,
  "password": null
}