{
  "id": "gen9championsvgc2026regma-2582051299",
  "format": "[Gen 9 Champions] VGC 2026 Reg M-A",
  "players": [
    "Gadgo",
    "Niko highway"
  ],
  "log": "|j|\u2606Gadgo\n|j|\u2606Niko highway\n|t:|1776052109\n|gametype|doubles\n|player|p1|Gadgo|tate|1246\n|player|p2|Niko highway|266|1321\n|gen|9\n|tier|[Gen 9 Champions] VGC 2026 Reg M-A\n|rated|\n|rule|Species Clause: Limit one of each Pok\u00e9mon\n|rule|Item Clause: Limit 1 of each item\n|clearpoke\n|poke|p1|Kingambit, L50, M|\n|poke|p1|Incineroar, L50, M|\n|poke|p1|Sneasler, L50, F|\n|poke|p1|Basculegion, L50, M|\n|poke|p1|Venusaur, L50, F|\n|poke|p1|Dragonite, L50, F|\n|poke|p2|Incineroar, L50, F|\n|poke|p2|Conkeldurr, L50, M|\n|poke|p2|Sinistcha, L50|\n|poke|p2|Cofagrigus, L50, F|\n|poke|p2|Drampa, L50, M|\n|poke|p2|Aggron, L50, M|\n|teampreview|4\n|inactive|Battle timer is ON: inactive players will automatically lose when time's up. (requested by Gadgo)\n|\n|t:|1776052137\n|teamsize|p1|4\n|teamsize|p2|4\n|start\n|switch|p1a: Incineroar|Incineroar, L50, M|100/100\n|switch|p1b: Sneasler|Sneasler, L50, F|100/100\n|switch|p2a: Cofagrigus|Cofagrigus, L50, F|100/100\n|switch|p2b: Sinistcha|Sinistcha, L50|100/100\n|-ability|p1a: Incineroar|Intimidate|boost\n|-unboost|p2a: Cofagrigus|atk|1\n|-unboost|p2b: Sinistcha|atk|1\n|turn|1\n|\n|t:|1776052157\n|switch|p2b: Drampa|Drampa, L50, M|100/100\n|-ability|p2b: Drampa|Cloud Nine\n|move|p1b: Sneasler|Dire Claw|p2a: Cofagrigus\n|-resisted|p2a: Cofagrigus|1\n|-damage|p2a: Cofagrigus|87/100\n|-activate|p2a: Cofagrigus|ability: Mummy|p1b: Sneasler|[ability] Unburden\n|move|p1a: Incineroar|Darkest Lariat|p2a: Cofagrigus\n|-supereffective|p2a: Cofagrigus|1\n|-damage|p2a: Cofagrigus|39/100\n|-activate|p2a: Cofagrigus|ability: Mummy|p1a: Incineroar|[ability] Intimidate\n|move|p2a: Cofagrigus|Trick Room|p2a: Cofagrigus\n|-fieldstart|move: Trick Room|[of] p2a: Cofagrigus\n|\n|-heal|p2a: Cofagrigus|45/100|[from] item: Leftovers\n|upkeep\n|turn|2\n|\n|t:|1776052179\n|move|p1b: Sneasler|Protect|p1b: Sneasler\n|-singleturn|p1b: Sneasler|Protect\n|move|p2a: Cofagrigus|Body Press|p1a: Incineroar\n|-supereffective|p1a: Incineroar|1\n|-damage|p1a: Incineroar|55/100\n|move|p2b: Drampa|Hyper Voice|p1b: Sneasler|[spread] p1a\n|-activate|p1b: Sneasler|move: Protect\n|-damage|p1a: Incineroar|18/100\n|-enditem|p1a: Incineroar|Sitrus Berry|[eat]\n|-heal|p1a: Incineroar|43/100|[from] item: Sitrus Berry\n|move|p1a: Incineroar|Parting Shot|p2b: Drampa\n|-unboost|p2b: Drampa|atk|1\n|-unboost|p2b: Drampa|spa|1\n|\n|t:|1776052194\n|switch|p1a: Venusaur|Venusaur, L50, F|100/100|[from] Parting Shot\n|\n|-heal|p2a: Cofagrigus|51/100|[from] item: Leftovers\n|upkeep\n|turn|3\n|\n|t:|1776052205\n|detailschange|p1a: Venusaur|Venusaur-Mega, L50, F\n|-mega|p1a: Venusaur|Venusaur|Venusaurite\n|move|p2a: Cofagrigus|Will-O-Wisp|p1b: Sneasler\n|-status|p1b: Sneasler|brn\n|move|p2b: Drampa|Hyper Voice|p1b: Sneasler|[spread] p1a,p1b\n|-damage|p1a: Venusaur|80/100\n|-damage|p1b: Sneasler|65/100 brn\n|move|p1a: Venusaur|Leech Seed|p2a: Cofagrigus\n|-start|p2a: Cofagrigus|move: Leech Seed\n|move|p1b: Sneasler|Close Combat|p2b: Drampa\n|-supereffective|p2b: Drampa|1\n|-enditem|p2b: Drampa|Chople Berry|[eat]\n|-enditem|p2b: Drampa|Chople Berry|[weaken]\n|-damage|p2b: Drampa|68/100\n|-unboost|p1b: Sneasler|def|1\n|-unboost|p1b: Sneasler|spd|1\n|-enditem|p1b: Sneasler|White Herb\n|-clearnegativeboost|p1b: Sneasler|[silent]\n|\n|-heal|p2a: Cofagrigus|57/100|[from] item: Leftovers\n|-damage|p2a: Cofagrigus|45/100|[from] Leech Seed|[of] p1a: Venusaur\n|-heal|p1a: Venusaur|92/100|[silent]\n|-damage|p1b: Sneasler|59/100 brn|[from] brn\n|upkeep\n|turn|4\n|inactive|Gadgo has 30 seconds left.\n|inactive|Niko highway has 30 seconds left.\n|\n|t:|1776052239\n|switch|p2a: Sinistcha|Sinistcha, L50|100/100\n|-heal|p2b: Drampa|93/100|[from] ability: Hospitality|[of] p2a: Sinistcha\n|move|p2b: Drampa|Dragon Pulse|p1b: Sneasler\n|-damage|p1b: Sneasler|14/100 brn\n|move|p1a: Venusaur|Leech Seed|p2b: Drampa\n|-start|p2b: Drampa|move: Leech Seed\n|move|p1b: Sneasler|Dire Claw|p2a: Sinistcha\n|-damage|p2a: Sinistcha|80/100\n|-status|p2a: Sinistcha|par\n|\n|-damage|p2b: Drampa|80/100|[from] Leech Seed|[of] p1a: Venusaur\n|-heal|p1a: Venusaur|100/100|[silent]\n|-damage|p1b: Sneasler|8/100 brn|[from] brn\n|upkeep\n|turn|5\n|\n|t:|1776052259\n|switch|p2b: Cofagrigus|Cofagrigus, L50, F|45/100\n|move|p2a: Sinistcha|Shadow Ball|p1a: Venusaur\n|-damage|p1a: Venusaur|69/100\n|-unboost|p1a: Venusaur|spd|1\n|move|p1a: Venusaur|Sludge Bomb|p2a: Sinistcha\n|-damage|p2a: Sinistcha|33/100 par\n|move|p1b: Sneasler|Close Combat|p2b: Cofagrigus\n|-immune|p2b: Cofagrigus\n|\n|-heal|p2b: Cofagrigus|51/100|[from] item: Leftovers\n|-damage|p1b: Sneasler|2/100 brn|[from] brn\n|-fieldend|move: Trick Room\n|upkeep\n|turn|6\n|\n|t:|1776052278\n|move|p1b: Sneasler|Dire Claw|p2b: Cofagrigus\n|-resisted|p2b: Cofagrigus|1\n|-damage|p2b: Cofagrigus|44/100\n|-status|p2b: Cofagrigus|par\n|move|p1a: Venusaur|Earth Power|p2b: Cofagrigus\n|-damage|p2b: Cofagrigus|19/100 par\n|move|p2a: Sinistcha|Shadow Ball|p1a: Venusaur\n|-damage|p1a: Venusaur|19/100\n|move|p2b: Cofagrigus|Trick Room|p2b: Cofagrigus\n|-fieldstart|move: Trick Room|[of] p2b: Cofagrigus\n|\n|-heal|p2b: Cofagrigus|25/100 par|[from] item: Leftovers\n|-damage|p1b: Sneasler|0 fnt|[from] brn\n|faint|p1b: Sneasler\n|upkeep\n|\n|t:|1776052287\n|switch|p1b: Kingambit|Kingambit, L50, M|100/100\n|turn|7\n|\n|t:|1776052297\n|move|p1b: Kingambit|Protect|p1b: Kingambit\n|-singleturn|p1b: Kingambit|Protect\n|move|p2b: Cofagrigus|Will-O-Wisp|p1b: Kingambit\n|-activate|p1b: Kingambit|move: Protect\n|move|p2a: Sinistcha|Shadow Ball|p1a: Venusaur\n|-damage|p1a: Venusaur|0 fnt\n|faint|p1a: Venusaur\n|\n|-heal|p2b: Cofagrigus|31/100 par|[from] item: Leftovers\n|upkeep\n|\n|t:|1776052305\n|switch|p1a: Incineroar|Incineroar, L50, M|43/100\n|-ability|p1a: Incineroar|Intimidate|boost\n|-unboost|p2a: Sinistcha|atk|1\n|-unboost|p2b: Cofagrigus|atk|1\n|turn|8\n|\n|t:|1776052315\n|move|p2a: Sinistcha|Rage Powder|p2a: Sinistcha\n|-singleturn|p2a: Sinistcha|move: Rage Powder\n|move|p2b: Cofagrigus|Body Press|p1a: Incineroar\n|-supereffective|p1a: Incineroar|1\n|-damage|p1a: Incineroar|0 fnt\n|faint|p1a: Incineroar\n|move|p1b: Kingambit|Swords Dance|p1b: Kingambit\n|-boost|p1b: Kingambit|atk|2\n|\n|-heal|p2b: Cofagrigus|37/100 par|[from] item: Leftovers\n|upkeep\n|turn|9\n|\n|t:|1776052323\n|move|p2a: Sinistcha|Rage Powder|p2a: Sinistcha\n|-singleturn|p2a: Sinistcha|move: Rage Powder\n|move|p1b: Kingambit|Sucker Punch||[still]\n|-fail|p1b: Kingambit\n|move|p2b: Cofagrigus|Will-O-Wisp|p1b: Kingambit\n|-status|p1b: Kingambit|brn\n|\n|-heal|p2b: Cofagrigus|44/100 par|[from] item: Leftovers\n|-damage|p1b: Kingambit|95/100 brn|[from] brn\n|upkeep\n|turn|10\n|\n|t:|1776052330\n|move|p2a: Sinistcha|Rage Powder|p2a: Sinistcha\n|-singleturn|p2a: Sinistcha|move: Rage Powder\n|move|p2b: Cofagrigus|Body Press|p1b: Kingambit\n|-supereffective|p1b: Kingambit|2\n|-damage|p1b: Kingambit|4/100 brn\n|move|p1b: Kingambit|Kowtow Cleave|p2a: Sinistcha\n|-supereffective|p2a: Sinistcha|1\n|-enditem|p2a: Sinistcha|Colbur Berry|[eat]\n|-enditem|p2a: Sinistcha|Colbur Berry|[weaken]\n|-damage|p2a: Sinistcha|0 fnt\n|faint|p2a: Sinistcha\n|\n|-heal|p2b: Cofagrigus|50/100 par|[from] item: Leftovers\n|-damage|p1b: Kingambit|0 fnt|[from] brn\n|faint|p1b: Kingambit\n|\n|win|Niko highway\n|raw|Gadgo's rating: 1246 &rarr; <strong>1226</strong><br />(-20 for losing)\n|raw|Niko highway's rating: 1321 &rarr; <strong>1337</strong><br />(+16 for winning)\n",
  "uploadtime": 1776052343,
  "views": 55,
  "formatid": "gen9championsvgc2026regma",
  "rating": 1226,
  "private": 0,
  "password": null
}