{
  "id": "gen9championsvgc2026regma-2585011476",
  "format": "[Gen 9 Champions] VGC 2026 Reg M-A",
  "players": [
    "jadebattles",
    "Its Mashu"
  ],
  "log": "|j|\u2606jadebattles\n|j|\u2606Its Mashu\n|t:|1776303163\n|gametype|doubles\n|player|p1|jadebattles|1|1157\n|player|p2|Its Mashu|steven|1182\n|gen|9\n|tier|[Gen 9 Champions] VGC 2026 Reg M-A\n|rated|\n|rule|Species Clause: Limit one of each Pok\u00e9mon\n|rule|Item Clause: Limit 1 of each item\n|clearpoke\n|poke|p1|Excadrill, L50, F|\n|poke|p1|Whimsicott, L50, M|\n|poke|p1|Tyranitar, L50, F|\n|poke|p1|Aegislash, L50, M|\n|poke|p1|Meganium, L50, F|\n|poke|p1|Raichu, L50, F|\n|poke|p2|Pelipper, L50, F|\n|poke|p2|Dragonite, L50, F|\n|poke|p2|Basculegion, L50, M|\n|poke|p2|Archaludon, L50, F|\n|poke|p2|Rotom-Heat, L50|\n|poke|p2|Sneasler, L50, M|\n|teampreview|4\n|\n|t:|1776303183\n|teamsize|p1|4\n|teamsize|p2|4\n|start\n|switch|p1a: Meganium|Meganium, L50, F|100/100\n|switch|p1b: Raichu|Raichu, L50, F|100/100\n|switch|p2a: Sneasler|Sneasler, L50, M|100/100\n|switch|p2b: Basculegion|Basculegion, L50, M|100/100\n|turn|1\n|\n|t:|1776303201\n|detailschange|p1a: Meganium|Meganium-Mega, L50, F\n|-mega|p1a: Meganium|Meganium|Meganiumite\n|move|p1b: Raichu|Protect|p1b: Raichu\n|-singleturn|p1b: Raichu|Protect\n|move|p1a: Meganium|Protect|p1a: Meganium\n|-singleturn|p1a: Meganium|Protect\n|move|p2a: Sneasler|Fake Out|p1b: Raichu\n|-activate|p1b: Raichu|move: Protect\n|move|p2b: Basculegion|Wave Crash|p1b: Raichu\n|-activate|p1b: Raichu|move: Protect\n|\n|upkeep\n|turn|2\n|\n|t:|1776303221\n|switch|p1a: Aegislash|Aegislash, L50, M|100/100\n|move|p2a: Sneasler|Dire Claw|p1a: Aegislash\n|-immune|p1a: Aegislash\n|move|p1b: Raichu|Nuzzle|p2a: Sneasler\n|-damage|p2a: Sneasler|88/100\n|-status|p2a: Sneasler|par\n|move|p2b: Basculegion|Wave Crash|p1b: Raichu\n|-enditem|p1b: Raichu|Focus Sash\n|-damage|p1b: Raichu|1/100\n|-damage|p2b: Basculegion|78/100|[from] Recoil\n|\n|upkeep\n|turn|3\n|\n|t:|1776303254\n|cant|p2a: Sneasler|par\n|move|p2b: Basculegion|Aqua Jet|p1b: Raichu\n|-damage|p1b: Raichu|0 fnt\n|faint|p1b: Raichu\n|-formechange|p1a: Aegislash|Aegislash-Blade|\n|move|p1a: Aegislash|Shadow Sneak|p2b: Basculegion\n|-supereffective|p2b: Basculegion|1\n|-damage|p2b: Basculegion|19/100\n|\n|upkeep\n|\n|t:|1776303265\n|switch|p1b: Whimsicott|Whimsicott, L50, M|100/100\n|turn|4\n|\n|t:|1776303280\n|switch|p2b: Pelipper|Pelipper, L50, F|100/100\n|-weather|RainDance|[from] ability: Drizzle|[of] p2b: Pelipper\n|move|p1b: Whimsicott|Protect|p1b: Whimsicott\n|-singleturn|p1b: Whimsicott|Protect\n|move|p1a: Aegislash|Shadow Sneak|p2b: Pelipper\n|-damage|p2b: Pelipper|69/100\n|move|p2a: Sneasler|Dire Claw|p1b: Whimsicott\n|-activate|p1b: Whimsicott|move: Protect\n|\n|-weather|RainDance|[upkeep]\n|upkeep\n|turn|5\n|\n|t:|1776303299\n|move|p1b: Whimsicott|Tailwind|p1b: Whimsicott\n|-sidestart|p1: jadebattles|move: Tailwind\n|move|p1a: Aegislash|Psycho Cut|p2a: Sneasler\n|-supereffective|p2a: Sneasler|2\n|-damage|p2a: Sneasler|0 fnt\n|faint|p2a: Sneasler\n|move|p2b: Pelipper|Tailwind|p2b: Pelipper\n|-sidestart|p2: Its Mashu|move: Tailwind\n|\n|-weather|RainDance|[upkeep]\n|upkeep\n|\n|t:|1776303307\n|switch|p2a: Archaludon|Archaludon, L50, F|100/100\n|turn|6\n|\n|t:|1776303337\n|move|p1b: Whimsicott|Protect|p1b: Whimsicott\n|-singleturn|p1b: Whimsicott|Protect\n|move|p2b: Pelipper|Weather Ball|p1a: Aegislash\n|-damage|p1a: Aegislash|0 fnt\n|faint|p1a: Aegislash\n|move|p2a: Archaludon|Flash Cannon|p1b: Whimsicott\n|-activate|p1b: Whimsicott|move: Protect\n|\n|-weather|RainDance|[upkeep]\n|upkeep\n|\n|t:|1776303346\n|switch|p1a: Meganium|Meganium-Mega, L50, F|100/100\n|turn|7\n|\n|t:|1776303376\n|move|p1b: Whimsicott|Energy Ball|p2b: Pelipper\n|-damage|p2b: Pelipper|0 fnt\n|faint|p2b: Pelipper\n|move|p2a: Archaludon|Flash Cannon|p1a: Meganium\n|-supereffective|p1a: Meganium|1\n|-damage|p1a: Meganium|40/100\n|move|p1a: Meganium|Earth Power|p2a: Archaludon\n|-supereffective|p2a: Archaludon|1\n|-damage|p2a: Archaludon|41/100\n|-ability|p2a: Archaludon|Stamina|boost\n|-boost|p2a: Archaludon|def|1\n|\n|-weather|RainDance|[upkeep]\n|-heal|p2a: Archaludon|47/100|[from] item: Leftovers\n|upkeep\n|\n|t:|1776303384\n|switch|p2b: Basculegion|Basculegion, L50, M|19/100\n|turn|8\n|\n|t:|1776303408\n|move|p1b: Whimsicott|Protect|p1b: Whimsicott\n|-singleturn|p1b: Whimsicott|Protect\n|move|p1a: Meganium|Protect|p1a: Meganium\n|-singleturn|p1a: Meganium|Protect\n|move|p2b: Basculegion|Last Respects|p1b: Whimsicott\n|-activate|p1b: Whimsicott|move: Protect\n|move|p2a: Archaludon|Flash Cannon|p1a: Meganium\n|-activate|p1a: Meganium|move: Protect\n|\n|-weather|none\n|-heal|p2a: Archaludon|53/100|[from] item: Leftovers\n|-sideend|p2: Its Mashu|move: Tailwind\n|-sideend|p1: jadebattles|move: Tailwind\n|upkeep\n|turn|9\n|\n|t:|1776303430\n|move|p1b: Whimsicott|Tailwind|p1b: Whimsicott\n|-sidestart|p1: jadebattles|move: Tailwind\n|move|p1a: Meganium|Earth Power|p2a: Archaludon\n|-supereffective|p2a: Archaludon|1\n|-damage|p2a: Archaludon|0 fnt\n|faint|p2a: Archaludon\n|move|p2b: Basculegion|Last Respects|p1b: Whimsicott\n|-damage|p1b: Whimsicott|0 fnt\n|faint|p1b: Whimsicott\n|\n|upkeep\n|turn|10\n|\n|t:|1776303441\n|move|p1a: Meganium|Solar Beam||[still]\n|-prepare|p1a: Meganium|Solar Beam\n|-activate|p1a: Meganium|ability: Mega Sol\n|-anim|p1a: Meganium|Solar Beam|p2b: Basculegion\n|-supereffective|p2b: Basculegion|1\n|-damage|p2b: Basculegion|0 fnt\n|faint|p2b: Basculegion\n|\n|win|jadebattles\n|raw|jadebattles's rating: 1157 &rarr; <strong>1184</strong><br />(+27 for winning)\n|raw|Its Mashu's rating: 1182 &rarr; <strong>1155</strong><br />(-27 for losing)\n|l|\u2606Its Mashu\n|player|p2|\n",
  "uploadtime": 1776303457,
  "views": 24,
  "formatid": "gen9championsvgc2026regma",
  "rating": 1155,
  "private": 0,
  "password": null
}