{
  "id": "gen9championsvgc2026regma-2584459990",
  "format": "[Gen 9 Champions] VGC 2026 Reg M-A",
  "players": [
    "0983728169a303",
    "Thiagovik"
  ],
  "log": "|j|\u26060983728169a303\n|j|\u2606Thiagovik\n|t:|1776262366\n|gametype|doubles\n|player|p1|0983728169a303|clown|1000\n|player|p2|Thiagovik|blackbelt-gen4|1000\n|gen|9\n|tier|[Gen 9 Champions] VGC 2026 Reg M-A\n|rated|\n|rule|Species Clause: Limit one of each Pok\u00e9mon\n|rule|Item Clause: Limit 1 of each item\n|clearpoke\n|poke|p1|Aerodactyl, L50, M|\n|poke|p1|Excadrill, L50, M|\n|poke|p1|Hippowdon, L50, M|\n|poke|p1|Sandaconda, L50, M|\n|poke|p1|Slowbro, L50, F|\n|poke|p1|Lycanroc-Dusk, L50, M|\n|poke|p2|Sylveon, L50, M|\n|poke|p2|Tyranitar, L50, M|\n|poke|p2|Archaludon, L50, M|\n|poke|p2|Mr. Rime, L50, M|\n|poke|p2|Golurk, L50|\n|poke|p2|Goodra-Hisui, L50, F|\n|teampreview|4\n|inactive|Battle timer is ON: inactive players will automatically lose when time's up. (requested by Thiagovik)\n|\n|t:|1776262394\n|teamsize|p1|4\n|teamsize|p2|4\n|start\n|switch|p1a: Hippowdon|Hippowdon, L50, M|100/100\n|switch|p1b: Excadrill|Excadrill, L50, M|100/100\n|switch|p2a: Debi e Loide|Mr. Rime, L50, M|100/100\n|switch|p2b: Titan|Golurk, L50|100/100\n|-weather|Sandstorm|[from] ability: Sand Stream|[of] p1a: Hippowdon\n|turn|1\n|\n|t:|1776262411\n|move|p2b: Titan|Protect|p2b: Titan\n|-singleturn|p2b: Titan|Protect\n|move|p1b: Excadrill|Fissure|p2a: Debi e Loide\n|-enditem|p2a: Debi e Loide|Focus Sash\n|-damage|p2a: Debi e Loide|1/100\n|move|p2a: Debi e Loide|Skill Swap|p2b: Titan\n|-activate|p2b: Titan|move: Protect\n|move|p1a: Hippowdon|Fissure|p2a: Debi e Loide|[miss]\n|-miss|p1a: Hippowdon|p2a: Debi e Loide\n|\n|-weather|Sandstorm|[upkeep]\n|-damage|p2a: Debi e Loide|0 fnt|[from] Sandstorm\n|faint|p2a: Debi e Loide\n|upkeep\n|\n|t:|1776262429\n|switch|p2a: Danoninho|Sylveon, L50, M|100/100\n|turn|2\n|\n|t:|1776262450\n|move|p1b: Excadrill|Fissure|p2a: Danoninho\n|-damage|p2a: Danoninho|0 fnt\n|faint|p2a: Danoninho\n|-ohko\n|move|p2b: Titan|Dynamic Punch|p1b: Excadrill\n|-supereffective|p1b: Excadrill|1\n|-damage|p1b: Excadrill|33/100\n|-start|p1b: Excadrill|confusion\n|move|p1a: Hippowdon|Fissure|p2b: Titan\n|-damage|p2b: Titan|0 fnt\n|faint|p2b: Titan\n|-ohko\n|\n|-weather|Sandstorm|[upkeep]\n|upkeep\n|\n|t:|1776262472\n|switch|p2b: Parrudo|Archaludon, L50, M|100/100\n|turn|3\n|\n|t:|1776262477\n|move|p2b: Parrudo|Protect|p2b: Parrudo\n|-singleturn|p2b: Parrudo|Protect\n|-activate|p1b: Excadrill|confusion\n|move|p1b: Excadrill|Fissure|p2b: Parrudo\n|-activate|p2b: Parrudo|move: Protect\n|move|p1a: Hippowdon|Fissure|p2b: Parrudo\n|-activate|p2b: Parrudo|move: Protect\n|\n|-weather|Sandstorm|[upkeep]\n|upkeep\n|turn|4\n|\n|t:|1776262492\n|-activate|p1b: Excadrill|confusion\n|-damage|p1b: Excadrill|22/100|[from] confusion\n|move|p2b: Parrudo|Draco Meteor|p1a: Hippowdon\n|-damage|p1a: Hippowdon|40/100\n|-unboost|p2b: Parrudo|spa|2\n|move|p1a: Hippowdon|Fissure|p2b: Parrudo|[miss]\n|-miss|p1a: Hippowdon|p2b: Parrudo\n|\n|-weather|Sandstorm|[upkeep]\n|upkeep\n|turn|5\n|-activate|p1a: Hippowdon|item: Quick Claw\n|\n|t:|1776262504\n|move|p1a: Hippowdon|Fissure|p2b: Parrudo|[miss]\n|-miss|p1a: Hippowdon|p2b: Parrudo\n|-activate|p1b: Excadrill|confusion\n|move|p1b: Excadrill|Fissure|p2b: Parrudo\n|-damage|p2b: Parrudo|0 fnt\n|faint|p2b: Parrudo\n|-ohko\n|\n|win|0983728169a303\n|raw|0983728169a303's rating: 1000 &rarr; <strong>1040</strong><br />(+40 for winning)\n|raw|Thiagovik's rating: 1000 &rarr; <strong>1000</strong><br />(+0 for losing)\n",
  "uploadtime": 1776262515,
  "views": 21,
  "formatid": "gen9championsvgc2026regma",
  "rating": 1000,
  "private": 0,
  "password": null
}