{
  "id": "gen9championsvgc2026regma-2589387569",
  "format": "[Gen 9 Champions] VGC 2026 Reg M-A",
  "players": [
    "ShakingspearedVGC",
    "Yayoge"
  ],
  "log": "|j|\u2606ShakingspearedVGC\n|j|\u203dYayoge\n|t:|1776718910\n|gametype|doubles\n|player|p1|ShakingspearedVGC|steven-masters2|1119\n|player|p2|Yayoge|palmer|1187\n|gen|9\n|tier|[Gen 9 Champions] VGC 2026 Reg M-A\n|rated|\n|rule|Species Clause: Limit one of each Pok\u00e9mon\n|rule|Item Clause: Limit 1 of each item\n|clearpoke\n|poke|p1|Floette-Eternal, L50, F|\n|poke|p1|Garchomp, L50, M|\n|poke|p1|Rotom-Heat, L50|\n|poke|p1|Aegislash, L50, M, shiny|\n|poke|p1|Whimsicott, L50, F|\n|poke|p1|Basculegion, L50, M|\n|poke|p2|Charizard, L50, F|\n|poke|p2|Sneasler, L50, M|\n|poke|p2|Milotic, L50, M|\n|poke|p2|Garchomp, L50, F|\n|poke|p2|Incineroar, L50, F|\n|poke|p2|Venusaur, L50, M|\n|teampreview|4\n|inactive|Battle timer is ON: inactive players will automatically lose when time's up. (requested by Yayoge)\n|inactive|ShakingspearedVGC also wants the timer to be on.\n|inactive|ShakingspearedVGC has 60 seconds left.\n|\n|t:|1776718952\n|teamsize|p1|4\n|teamsize|p2|4\n|start\n|switch|p1a: Rotom|Rotom-Heat, L50|100/100\n|switch|p1b: Whimsicott|Whimsicott, L50, F|100/100\n|switch|p2a: Charizard|Charizard, L50, F|100/100\n|switch|p2b: Venusaur|Venusaur, L50, M|100/100\n|turn|1\n|inactive|Yayoge has 30 seconds left.\n|\n|t:|1776718980\n|detailschange|p2a: Charizard|Charizard-Mega-Y, L50, F\n|-mega|p2a: Charizard|Charizard|Charizardite Y\n|-weather|SunnyDay|[from] ability: Drought|[of] p2a: Charizard\n|move|p1b: Whimsicott|Tailwind|p1b: Whimsicott\n|-sidestart|p1: ShakingspearedVGC|move: Tailwind\n|move|p1a: Rotom|Thunderbolt|p2a: Charizard\n|-supereffective|p2a: Charizard|1\n|-damage|p2a: Charizard|24/100\n|-status|p2a: Charizard|par\n|move|p2b: Venusaur|Sludge Bomb|p1b: Whimsicott\n|-supereffective|p1b: Whimsicott|2\n|-enditem|p1b: Whimsicott|Focus Sash\n|-damage|p1b: Whimsicott|1/100\n|move|p2a: Charizard|Heat Wave|p1a: Rotom|[spread] p1a,p1b\n|-resisted|p1a: Rotom|1\n|-supereffective|p1b: Whimsicott|1\n|-damage|p1a: Rotom|68/100\n|-damage|p1b: Whimsicott|0 fnt\n|faint|p1b: Whimsicott\n|\n|-weather|SunnyDay|[upkeep]\n|upkeep\n|\n|t:|1776719000\n|switch|p1b: Floette|Floette-Eternal, L50, F|100/100\n|turn|2\n|\n|t:|1776719017\n|detailschange|p1b: Floette|Floette-Mega, L50, F\n|-mega|p1b: Floette|Floette|Floettite\n|-ability|p1b: Floette|Fairy Aura\n|move|p2a: Charizard|Protect|p2a: Charizard\n|-singleturn|p2a: Charizard|Protect\n|move|p1b: Floette|Moonblast|p2a: Charizard\n|-activate|p2a: Charizard|move: Protect\n|move|p1a: Rotom|Overheat|p2b: Venusaur\n|-supereffective|p2b: Venusaur|1\n|-enditem|p2b: Venusaur|Focus Sash\n|-damage|p2b: Venusaur|1/100\n|-unboost|p1a: Rotom|spa|2\n|move|p2b: Venusaur|Sleep Powder|p1b: Floette\n|-status|p1b: Floette|slp|[from] move: Sleep Powder\n|\n|-weather|SunnyDay|[upkeep]\n|upkeep\n|turn|3\n|inactive|Yayoge has 30 seconds left.\n|\n|t:|1776719044\n|move|p2b: Venusaur|Protect|p2b: Venusaur\n|-singleturn|p2b: Venusaur|Protect\n|cant|p1b: Floette|slp\n|move|p1a: Rotom|Thunderbolt|p2a: Charizard\n|-supereffective|p2a: Charizard|1\n|-damage|p2a: Charizard|0 fnt\n|faint|p2a: Charizard\n|\n|-weather|SunnyDay|[upkeep]\n|upkeep\n|\n|t:|1776719051\n|switch|p2a: Sneasler|Sneasler, L50, M|100/100\n|turn|4\n|\n|t:|1776719061\n|switch|p1b: Basculegion|Basculegion, L50, M|100/100\n|move|p1a: Rotom|Will-O-Wisp|p2a: Sneasler\n|-status|p2a: Sneasler|brn\n|move|p2b: Venusaur|Sleep Powder|p1a: Rotom\n|-status|p1a: Rotom|slp|[from] move: Sleep Powder\n|move|p2a: Sneasler|Dire Claw|p1b: Basculegion\n|-resisted|p1b: Basculegion|1\n|-damage|p1b: Basculegion|86/100\n|\n|-weather|SunnyDay|[upkeep]\n|-damage|p2a: Sneasler|95/100 brn|[from] brn\n|-sideend|p1: ShakingspearedVGC|move: Tailwind\n|upkeep\n|turn|5\n|inactive|Yayoge has 30 seconds left.\n|\n|t:|1776719090\n|move|p1b: Basculegion|Aqua Jet|p2b: Venusaur\n|-resisted|p2b: Venusaur|1\n|-damage|p2b: Venusaur|0 fnt\n|faint|p2b: Venusaur\n|move|p2a: Sneasler|Close Combat|p1a: Rotom\n|-damage|p1a: Rotom|32/100 slp\n|-unboost|p2a: Sneasler|def|1\n|-unboost|p2a: Sneasler|spd|1\n|-enditem|p1a: Rotom|Sitrus Berry|[eat]\n|-heal|p1a: Rotom|57/100 slp|[from] item: Sitrus Berry\n|-enditem|p2a: Sneasler|White Herb\n|-clearnegativeboost|p2a: Sneasler|[silent]\n|cant|p1a: Rotom|slp\n|\n|-weather|none\n|-damage|p2a: Sneasler|89/100 brn|[from] brn\n|upkeep\n|\n|t:|1776719097\n|switch|p2b: Garchomp|Garchomp, L50, F|100/100\n|turn|6\n|\n|t:|1776719120\n|move|p2a: Sneasler|Dire Claw|p1b: Basculegion\n|-resisted|p1b: Basculegion|1\n|-crit|p1b: Basculegion\n|-damage|p1b: Basculegion|68/100\n|-status|p1b: Basculegion|psn\n|move|p2b: Garchomp|Dragon Claw|p1b: Basculegion\n|-damage|p1b: Basculegion|14/100 psn\n|move|p1b: Basculegion|Last Respects|p2a: Sneasler\n|-damage|p2a: Sneasler|0 fnt\n|faint|p2a: Sneasler\n|cant|p1a: Rotom|slp\n|\n|-damage|p1b: Basculegion|2/100 psn|[from] psn\n|upkeep\n|turn|7\n|\n|t:|1776719142\n|move|p2b: Garchomp|Protect|p2b: Garchomp\n|-singleturn|p2b: Garchomp|Protect\n|move|p1b: Basculegion|Wave Crash|p2b: Garchomp\n|-activate|p2b: Garchomp|move: Protect\n|-curestatus|p1a: Rotom|slp|[msg]\n|move|p1a: Rotom|Will-O-Wisp|p2b: Garchomp\n|-activate|p2b: Garchomp|move: Protect\n|\n|-damage|p1b: Basculegion|0 fnt|[from] psn\n|faint|p1b: Basculegion\n|upkeep\n|\n|t:|1776719146\n|switch|p1b: Floette|Floette-Mega, L50, F|100/100 slp\n|-ability|p1b: Floette|Fairy Aura\n|turn|8\n|\n|t:|1776719162\n|cant|p1b: Floette|slp\n|move|p2b: Garchomp|Rock Slide|p1a: Rotom|[spread] \n|-miss|p2b: Garchomp|p1a: Rotom\n|-miss|p2b: Garchomp|p1b: Floette\n|move|p1a: Rotom|Will-O-Wisp|p2b: Garchomp\n|-status|p2b: Garchomp|brn\n|\n|-damage|p2b: Garchomp|95/100 brn|[from] brn\n|upkeep\n|turn|9\n|\n|t:|1776719178\n|move|p1a: Rotom|Helping Hand|p1b: Floette\n|-singleturn|p1b: Floette|Helping Hand|[of] p1a: Rotom\n|-curestatus|p1b: Floette|slp|[msg]\n|move|p1b: Floette|Light of Ruin|p2b: Garchomp|[miss]\n|-miss|p1b: Floette|p2b: Garchomp\n|move|p2b: Garchomp|Earthquake|p1b: Floette|[spread] p1b\n|-immune|p1a: Rotom|[from] ability: Levitate\n|-damage|p1b: Floette|76/100\n|\n|-damage|p2b: Garchomp|89/100 brn|[from] brn\n|upkeep\n|turn|10\n|\n|t:|1776719190\n|move|p1a: Rotom|Helping Hand|p1b: Floette\n|-singleturn|p1b: Floette|Helping Hand|[of] p1a: Rotom\n|move|p2b: Garchomp|Rock Slide|p1a: Rotom|[spread] p1a,p1b\n|-supereffective|p1a: Rotom|1\n|-damage|p1a: Rotom|34/100\n|-damage|p1b: Floette|63/100\n|cant|p1b: Floette|flinch\n|\n|-damage|p2b: Garchomp|83/100 brn|[from] brn\n|upkeep\n|turn|11\n|inactive|ShakingspearedVGC has 30 seconds left.\n|\n|t:|1776719218\n|move|p1a: Rotom|Helping Hand|p1b: Floette\n|-singleturn|p1b: Floette|Helping Hand|[of] p1a: Rotom\n|move|p2b: Garchomp|Rock Slide|p1b: Floette|[spread] p1a,p1b\n|-supereffective|p1a: Rotom|1\n|-damage|p1a: Rotom|14/100\n|-damage|p1b: Floette|51/100\n|cant|p1b: Floette|flinch\n|\n|-damage|p2b: Garchomp|77/100 brn|[from] brn\n|upkeep\n|turn|12\n|\n|t:|1776719229\n|move|p1a: Rotom|Helping Hand|p1b: Floette\n|-singleturn|p1b: Floette|Helping Hand|[of] p1a: Rotom\n|move|p2b: Garchomp|Rock Slide|p1a: Rotom|[spread] p1a,p1b\n|-supereffective|p1a: Rotom|1\n|-crit|p1a: Rotom\n|-damage|p1a: Rotom|0 fnt\n|-damage|p1b: Floette|38/100\n|faint|p1a: Rotom\n|cant|p1b: Floette|flinch\n|\n|-damage|p2b: Garchomp|71/100 brn|[from] brn\n|upkeep\n|turn|13\n|\n|t:|1776719245\n|move|p1b: Floette|Light of Ruin|p2b: Garchomp|[miss]\n|-miss|p1b: Floette|p2b: Garchomp\n|move|p2b: Garchomp|Earthquake|p1b: Floette\n|-damage|p1b: Floette|0 fnt\n|faint|p1b: Floette\n|\n|win|Yayoge\n|raw|ShakingspearedVGC's rating: 1119 &rarr; <strong>1099</strong><br />(-20 for losing)\n|raw|Yayoge's rating: 1187 &rarr; <strong>1207</strong><br />(+20 for winning)\n",
  "uploadtime": 1776719254,
  "views": 18,
  "formatid": "gen9championsvgc2026regma",
  "rating": 1099,
  "private": 0,
  "password": null
}