{
  "id": "gen9championsvgc2026regma-2585885847",
  "format": "[Gen 9 Champions] VGC 2026 Reg M-A",
  "players": [
    "Mentalsyndrome",
    "JTay4"
  ],
  "log": "|j|\u2606Mentalsyndrome\n|j|\u2606JTay4\n|t:|1776378417\n|gametype|doubles\n|player|p1|Mentalsyndrome|2|1166\n|player|p2|JTay4|102|1209\n|gen|9\n|tier|[Gen 9 Champions] VGC 2026 Reg M-A\n|rated|\n|rule|Species Clause: Limit one of each Pok\u00e9mon\n|rule|Item Clause: Limit 1 of each item\n|clearpoke\n|poke|p1|Tinkaton, L50, F|\n|poke|p1|Kangaskhan, L50, F|\n|poke|p1|Farigiraf, L50, M|\n|poke|p1|Camerupt, L50, M|\n|poke|p1|Gardevoir, L50, M|\n|poke|p1|Conkeldurr, L50, F|\n|poke|p2|Starmie, L50|\n|poke|p2|Excadrill, L50, F|\n|poke|p2|Tyranitar, L50, M|\n|poke|p2|Garchomp, L50, M|\n|poke|p2|Farigiraf, L50, M|\n|poke|p2|Milotic, L50, M|\n|teampreview|4\n|inactive|Battle timer is ON: inactive players will automatically lose when time's up. (requested by Mentalsyndrome)\n|l|\u2606JTay4\n|inactive|JTay4 disconnected and has a minute to reconnect!\n|player|p2|\n|inactive|Mentalsyndrome has 60 seconds left.\n|\n|t:|1776378450\n|teamsize|p1|4\n|teamsize|p2|4\n|start\n|switch|p1a: Tinkaton|Tinkaton, L50, F|100/100\n|switch|p1b: Farigiraf|Farigiraf, L50, M|100/100\n|switch|p2a: Tyranitar|Tyranitar, L50, M|100/100\n|switch|p2b: Excadrill|Excadrill, L50, F|100/100\n|-ability|p1a: Tinkaton|Mold Breaker\n|-weather|Sandstorm|[from] ability: Sand Stream|[of] p2a: Tyranitar\n|turn|1\n|inactive|JTay4 has 30 seconds left.\n|j|\u2606JTay4\n|inactive|JTay4 reconnected and has 25 seconds left.\n|player|p2|JTay4|102|\n|inactive|JTay4 has 20 seconds left.\n|inactive|JTay4 has 15 seconds left.\n|inactive|JTay4 has 10 seconds left.\n|\n|t:|1776378495\n|move|p1a: Tinkaton|Fake Out|p2a: Tyranitar\n|-resisted|p2a: Tyranitar|1\n|-damage|p2a: Tyranitar|96/100\n|move|p2b: Excadrill|High Horsepower|p1a: Tinkaton\n|-supereffective|p1a: Tinkaton|1\n|-enditem|p1a: Tinkaton|Focus Sash\n|-damage|p1a: Tinkaton|1/100\n|cant|p2a: Tyranitar|flinch\n|move|p1b: Farigiraf|Trick Room|p1b: Farigiraf\n|-fieldstart|move: Trick Room|[of] p1b: Farigiraf\n|\n|-weather|Sandstorm|[upkeep]\n|-damage|p1b: Farigiraf|95/100|[from] Sandstorm\n|upkeep\n|turn|2\n|\n|t:|1776378511\n|move|p1b: Farigiraf|Twin Beam|p2b: Excadrill\n|-resisted|p2b: Excadrill|1\n|-damage|p2b: Excadrill|87/100\n|-resisted|p2b: Excadrill|1\n|-damage|p2b: Excadrill|73/100\n|-hitcount|p2b: Excadrill|2\n|move|p2a: Tyranitar|Rock Slide|p1b: Farigiraf|[spread] p1a,p1b\n|-resisted|p1a: Tinkaton|1\n|-damage|p1a: Tinkaton|0 fnt\n|-damage|p1b: Farigiraf|66/100\n|faint|p1a: Tinkaton\n|move|p2b: Excadrill|High Horsepower|p1b: Farigiraf\n|-damage|p1b: Farigiraf|18/100\n|\n|-weather|Sandstorm|[upkeep]\n|-damage|p1b: Farigiraf|12/100|[from] Sandstorm\n|upkeep\n|\n|t:|1776378517\n|switch|p1a: Conkeldurr|Conkeldurr, L50, F|100/100\n|turn|3\n|\n|t:|1776378537\n|move|p2b: Excadrill|Protect|p2b: Excadrill\n|-singleturn|p2b: Excadrill|Protect\n|move|p1a: Conkeldurr|Drain Punch|p2b: Excadrill\n|-activate|p2b: Excadrill|move: Protect\n|move|p1b: Farigiraf|Thunderbolt|p2a: Tyranitar\n|-damage|p2a: Tyranitar|81/100\n|move|p2a: Tyranitar|Rock Slide|p1b: Farigiraf|[spread] p1a,p1b\n|-resisted|p1a: Conkeldurr|1\n|-damage|p1a: Conkeldurr|84/100\n|-damage|p1b: Farigiraf|0 fnt\n|faint|p1b: Farigiraf\n|\n|-weather|Sandstorm|[upkeep]\n|-damage|p1a: Conkeldurr|78/100|[from] Sandstorm\n|upkeep\n|\n|t:|1776378540\n|switch|p1b: Camerupt|Camerupt, L50, M|100/100\n|turn|4\n|l|\u2606JTay4\n|inactive|JTay4 disconnected and has a minute to reconnect!\n|player|p2|\n|j|\u2606JTay4\n|inactive|JTay4 reconnected and has 35 seconds left.\n|player|p2|JTay4|102|\n|inactive|JTay4 has 30 seconds left.\n|\n|t:|1776378574\n|detailschange|p1b: Camerupt|Camerupt-Mega, L50, M\n|-mega|p1b: Camerupt|Camerupt|Cameruptite\n|move|p1b: Camerupt|Earth Power|p2b: Excadrill\n|-supereffective|p2b: Excadrill|1\n|-damage|p2b: Excadrill|0 fnt\n|faint|p2b: Excadrill\n|move|p1a: Conkeldurr|Drain Punch|p2a: Tyranitar\n|-supereffective|p2a: Tyranitar|2\n|-damage|p2a: Tyranitar|0 fnt\n|-heal|p1a: Conkeldurr|100/100|[from] drain|[of] p2a: Tyranitar\n|faint|p2a: Tyranitar\n|\n|-weather|Sandstorm|[upkeep]\n|-damage|p1a: Conkeldurr|95/100|[from] Sandstorm\n|upkeep\n|\n|t:|1776378583\n|switch|p2a: Milotic|Milotic, L50, M|100/100\n|switch|p2b: Starmie|Starmie, L50|100/100\n|turn|5\n|\n|t:|1776378600\n|detailschange|p2b: Starmie|Starmie-Mega, L50\n|-mega|p2b: Starmie|Starmie|Starminite\n|move|p2b: Starmie|Protect|p2b: Starmie\n|-singleturn|p2b: Starmie|Protect\n|move|p1b: Camerupt|Earth Power|p2a: Milotic\n|-damage|p2a: Milotic|50/100\n|move|p1a: Conkeldurr|Drain Punch|p2a: Milotic\n|-damage|p2a: Milotic|0 fnt\n|-heal|p1a: Conkeldurr|100/100|[from] drain|[of] p2a: Milotic\n|faint|p2a: Milotic\n|\n|-weather|none\n|-fieldend|move: Trick Room\n|upkeep\n|turn|6\n|\n|t:|1776378620\n|move|p2b: Starmie|Liquidation|p1b: Camerupt\n|-supereffective|p1b: Camerupt|2\n|-damage|p1b: Camerupt|0 fnt\n|faint|p1b: Camerupt\n|move|p1a: Conkeldurr|Drain Punch|p2b: Starmie\n|-resisted|p2b: Starmie|1\n|-damage|p2b: Starmie|63/100\n|\n|upkeep\n|turn|7\n|\n|t:|1776378634\n|move|p2b: Starmie|Liquidation|p1a: Conkeldurr\n|-damage|p1a: Conkeldurr|32/100\n|move|p1a: Conkeldurr|Drain Punch|p2b: Starmie\n|-resisted|p2b: Starmie|1\n|-crit|p2b: Starmie\n|-damage|p2b: Starmie|3/100\n|-heal|p1a: Conkeldurr|53/100|[from] drain|[of] p2b: Starmie\n|\n|upkeep\n|turn|8\n|\n|t:|1776378641\n|move|p1a: Conkeldurr|Mach Punch|p2b: Starmie\n|-resisted|p2b: Starmie|1\n|-damage|p2b: Starmie|0 fnt\n|faint|p2b: Starmie\n|\n|win|Mentalsyndrome\n|raw|Mentalsyndrome's rating: 1166 &rarr; <strong>1194</strong><br />(+28 for winning)\n|raw|JTay4's rating: 1209 &rarr; <strong>1181</strong><br />(-28 for losing)\n",
  "uploadtime": 1776378643,
  "views": 18,
  "formatid": "gen9championsvgc2026regma",
  "rating": 1181,
  "private": 0,
  "password": null
}