{
  "id": "gen9championsvgc2026regma-2589508420",
  "format": "[Gen 9 Champions] VGC 2026 Reg M-A",
  "players": [
    "darthbear1976",
    "regitron 21"
  ],
  "log": "|j|\u2606darthbear1976\n|j|\u2606regitron 21\n|t:|1776729353\n|gametype|doubles\n|player|p1|darthbear1976|pokemonranger-gen4|1247\n|player|p2|regitron 21|n|1226\n|gen|9\n|tier|[Gen 9 Champions] VGC 2026 Reg M-A\n|rated|\n|rule|Species Clause: Limit one of each Pok\u00e9mon\n|rule|Item Clause: Limit 1 of each item\n|clearpoke\n|poke|p1|Sneasler, L50, M|\n|poke|p1|Corviknight, L50, M|\n|poke|p1|Palafin, L50, M|\n|poke|p1|Gardevoir, L50, F|\n|poke|p1|Incineroar, L50, M|\n|poke|p1|Aerodactyl, L50, F|\n|poke|p2|Aegislash, L50, M|\n|poke|p2|Froslass, L50, F|\n|poke|p2|Incineroar, L50, F|\n|poke|p2|Sneasler, L50, F|\n|poke|p2|Rotom-Wash, L50|\n|poke|p2|Volcarona, L50, M|\n|teampreview|4\n|inactive|Battle timer is ON: inactive players will automatically lose when time's up. (requested by darthbear1976)\n|c|\u2606regitron 21|hey good luck man\n|c|\u2606regitron 21|cool team\nregitron 21 has agreed to open team sheets.\n|c|\u2606darthbear1976|glhf!\n|inactive|darthbear1976 has 60 seconds left.\n|inactive|regitron 21 has 60 seconds left.\n|c|\u2606darthbear1976|ty! yours too, got some awesome picks there\n|inactive|regitron 21 has 30 seconds left.\n|\n|t:|1776729414\n|teamsize|p1|4\n|teamsize|p2|4\n|start\n|switch|p1a: Sneasler|Sneasler, L50, M|100/100\n|switch|p1b: Aerodactyl|Aerodactyl, L50, F|100/100\n|switch|p2a: Rotom|Rotom-Wash, L50|100/100\n|switch|p2b: Sneasler|Sneasler, L50, F|100/100\n|-ability|p1b: Aerodactyl|Pressure\n|turn|1\n|\n|t:|1776729425\n|move|p1a: Sneasler|Fake Out|p2b: Sneasler\n|-damage|p2b: Sneasler|78/100\n|move|p2a: Rotom|Hydro Pump|p1b: Aerodactyl\n|-supereffective|p1b: Aerodactyl|1\n|-enditem|p1b: Aerodactyl|Focus Sash\n|-damage|p1b: Aerodactyl|1/100\n|move|p1b: Aerodactyl|Tailwind|p1b: Aerodactyl\n|-sidestart|p1: darthbear1976|move: Tailwind\n|cant|p2b: Sneasler|flinch\n|\n|upkeep\n|turn|2\n|\n|t:|1776729440\n|switch|p1b: Palafin|Palafin, L50, M|100/100\n|move|p1a: Sneasler|Dire Claw|p2a: Rotom\n|-damage|p2a: Rotom|51/100\n|move|p2a: Rotom|Hydro Pump|p1a: Sneasler\n|-damage|p1a: Sneasler|39/100\n|move|p2b: Sneasler|Close Combat|p1b: Palafin\n|-damage|p1b: Palafin|23/100\n|-unboost|p2b: Sneasler|def|1\n|-unboost|p2b: Sneasler|spd|1\n|-enditem|p2b: Sneasler|White Herb\n|-clearnegativeboost|p2b: Sneasler|[silent]\n|\n|upkeep\n|turn|3\n|\n|t:|1776729464\n|detailschange|p1b: Palafin|Palafin-Hero, L50, M\n|switch|p1b: Incineroar|Incineroar, L50, M|100/100\n|-ability|p1b: Incineroar|Intimidate|boost\n|-unboost|p2a: Rotom|atk|1\n|-unboost|p2b: Sneasler|atk|1\n|move|p1a: Sneasler|Close Combat|p2a: Rotom\n|-damage|p2a: Rotom|0 fnt\n|-unboost|p1a: Sneasler|def|1\n|-unboost|p1a: Sneasler|spd|1\n|faint|p2a: Rotom\n|-enditem|p1a: Sneasler|White Herb\n|-clearnegativeboost|p1a: Sneasler|[silent]\n|move|p2b: Sneasler|Close Combat|p1b: Incineroar\n|-supereffective|p1b: Incineroar|1\n|-damage|p1b: Incineroar|37/100\n|-unboost|p2b: Sneasler|def|1\n|-unboost|p2b: Sneasler|spd|1\n|-enditem|p1b: Incineroar|Sitrus Berry|[eat]\n|-heal|p1b: Incineroar|62/100|[from] item: Sitrus Berry\n|\n|upkeep\n|\n|t:|1776729482\n|switch|p2a: Aegislash|Aegislash, L50, M|100/100\n|turn|4\n|\n|t:|1776729505\n|move|p2b: Sneasler|Protect|p2b: Sneasler\n|-singleturn|p2b: Sneasler|Protect\n|move|p1a: Sneasler|Close Combat|p2b: Sneasler\n|-activate|p2b: Sneasler|move: Protect\n|move|p1b: Incineroar|Parting Shot|p2a: Aegislash\n|-unboost|p2a: Aegislash|atk|1\n|-unboost|p2a: Aegislash|spa|1\n|\n|t:|1776729512\n|switch|p1b: Palafin|Palafin-Hero, L50, M|23/100|[from] Parting Shot\n|-activate|p1b: Palafin|ability: Zero to Hero\n|-formechange|p2a: Aegislash|Aegislash-Blade|\n|move|p2a: Aegislash|Poltergeist||[still]\n|-fail|p2a: Aegislash\n|\n|-sideend|p1: darthbear1976|move: Tailwind\n|upkeep\n|turn|5\n|\n|t:|1776729526\n|switch|p2b: Froslass|Froslass, L50, F|100/100\n|-formechange|p2a: Aegislash|Aegislash|\n|move|p2a: Aegislash|King's Shield|p2a: Aegislash\n|-singleturn|p2a: Aegislash|Protect\n|move|p1b: Palafin|Jet Punch|p2b: Froslass\n|-damage|p2b: Froslass|27/100\n|-start|p1b: Palafin|Disable|Jet Punch|[from] ability: Cursed Body|[of] p2b: Froslass\n|move|p1a: Sneasler|Close Combat|p2b: Froslass\n|-immune|p2b: Froslass\n|\n|upkeep\n|turn|6\n|c|\u2606regitron 21|yikes i think you want switch sneasler\n|inactive|darthbear1976 has 30 seconds left.\n|inactive|regitron 21 has 30 seconds left.\n|\n|t:|1776729561\n|switch|p1b: Incineroar|Incineroar, L50, M|62/100\n|-ability|p1b: Incineroar|Intimidate|boost\n|-unboost|p2a: Aegislash|atk|1\n|-unboost|p2b: Froslass|atk|1\n|switch|p2a: Sneasler|Sneasler, L50, F|78/100\n|detailschange|p2b: Froslass|Froslass-Mega, L50, F\n|-mega|p2b: Froslass|Froslass|Froslassite\n|-weather|Snowscape|[from] ability: Snow Warning|[of] p2b: Froslass\n|move|p1a: Sneasler|Protect|p1a: Sneasler\n|-singleturn|p1a: Sneasler|Protect\n|move|p2b: Froslass|Blizzard|p1b: Incineroar|[spread] p1b\n|-activate|p1a: Sneasler|move: Protect\n|-resisted|p1b: Incineroar|1\n|-damage|p1b: Incineroar|40/100\n|\n|-weather|Snowscape|[upkeep]\n|upkeep\n|turn|7\n|inactive|darthbear1976 has 30 seconds left.\n|\n|t:|1776729593\n|move|p1a: Sneasler|Dire Claw|p2b: Froslass\n|-resisted|p2b: Froslass|1\n|-damage|p2b: Froslass|5/100\n|-status|p2b: Froslass|slp\n|cant|p2b: Froslass|slp\n|move|p2a: Sneasler|Close Combat|p1b: Incineroar\n|-supereffective|p1b: Incineroar|1\n|-damage|p1b: Incineroar|0 fnt\n|-unboost|p2a: Sneasler|def|1\n|-unboost|p2a: Sneasler|spd|1\n|faint|p1b: Incineroar\n|\n|-weather|Snowscape|[upkeep]\n|upkeep\n|\n|t:|1776729606\n|switch|p1b: Aerodactyl|Aerodactyl, L50, F|1/100\n|-ability|p1b: Aerodactyl|Pressure\n|turn|8\n|c|\u2606regitron 21|yikes\n|\n|t:|1776729620\n|move|p1a: Sneasler|Close Combat|p2a: Sneasler\n|-resisted|p2a: Sneasler|1\n|-damage|p2a: Sneasler|0 fnt\n|-unboost|p1a: Sneasler|def|1\n|-unboost|p1a: Sneasler|spd|1\n|faint|p2a: Sneasler\n|move|p1b: Aerodactyl|Rock Slide|p2b: Froslass\n|-supereffective|p2b: Froslass|1\n|-damage|p2b: Froslass|0 fnt\n|faint|p2b: Froslass\n|\n|-weather|Snowscape|[upkeep]\n|upkeep\n|c|\u2606regitron 21|sleep win\n|\n|t:|1776729629\n|switch|p2b: Aegislash|Aegislash, L50, M|100/100\n|turn|9\n|c|\u2606darthbear1976|I dunno about that you have something I have problems hitting xD;\n|inactive|darthbear1976 has 30 seconds left.\n|\n|t:|1776729659\n|switch|p1a: Palafin|Palafin-Hero, L50, M|23/100\n|-formechange|p2b: Aegislash|Aegislash-Blade|\n|move|p2b: Aegislash|Shadow Sneak|p1b: Aerodactyl\n|-damage|p1b: Aerodactyl|0 fnt\n|faint|p1b: Aerodactyl\n|\n|-weather|Snowscape|[upkeep]\n|upkeep\n|\n|t:|1776729668\n|switch|p1b: Sneasler|Sneasler, L50, M|39/100\n|turn|10\n|\n|t:|1776729693\n|move|p1b: Sneasler|Protect|p1b: Sneasler\n|-singleturn|p1b: Sneasler|Protect\n|-formechange|p2b: Aegislash|Aegislash|\n|move|p2b: Aegislash|King's Shield|p2b: Aegislash\n|-singleturn|p2b: Aegislash|Protect\n|move|p1a: Palafin|Flip Turn|p1b: Sneasler\n|-activate|p1b: Sneasler|move: Protect\n|\n|-weather|none\n|upkeep\n|turn|11\n|\n|t:|1776729707\n|-formechange|p2b: Aegislash|Aegislash-Blade|\n|move|p2b: Aegislash|Shadow Sneak|p1a: Palafin\n|-damage|p1a: Palafin|0 fnt\n|faint|p1a: Palafin\n|move|p1b: Sneasler|Close Combat|p2b: Aegislash\n|-immune|p2b: Aegislash\n|\n|upkeep\n|turn|12\n|c|\u2606darthbear1976|ggwp!\n|\n|t:|1776729718\n|move|p2b: Aegislash|Shadow Sneak|p1b: Sneasler\n|-damage|p1b: Sneasler|0 fnt\n|faint|p1b: Sneasler\n|\n|win|regitron 21\n|raw|darthbear1976's rating: 1247 &rarr; <strong>1220</strong><br />(-27 for losing)\n|raw|regitron 21's rating: 1226 &rarr; <strong>1253</strong><br />(+27 for winning)\n|c|\u2606regitron 21|gg bud\n|c|\u2606regitron 21|you play very well\n|c|\u2606regitron 21|cool team\n|c|\u2606darthbear1976|likewise, you had a solid wincon there\n|c|\u2606regitron 21|yeah aegislash is pretty damn good\n|c|\u2606regitron 21|do a lot of damage\n|c|\u2606regitron 21|and can resist a lot\n|l|\u2606darthbear1976\n|player|p1|\n",
  "uploadtime": 1776729727,
  "views": 3,
  "formatid": "gen9championsvgc2026regma",
  "rating": 1220,
  "private": 0,
  "password": null
}