{
  "id": "gen9championsvgc2026regma-2583066207",
  "format": "[Gen 9 Champions] VGC 2026 Reg M-A",
  "players": [
    "kinich_gang",
    "ZoriManar"
  ],
  "log": "|j|\u2606kinich_gang\n|j|\u2606ZoriManar\n|t:|1776138290\n|gametype|doubles\n|player|p1|kinich_gang|grimsley|1085\n|player|p2|ZoriManar|2|1000\n|gen|9\n|tier|[Gen 9 Champions] VGC 2026 Reg M-A\n|rated|\n|rule|Species Clause: Limit one of each Pok\u00e9mon\n|rule|Item Clause: Limit 1 of each item\n|clearpoke\n|poke|p1|Excadrill, L50, M|\n|poke|p1|Sinistcha, L50|\n|poke|p1|Aerodactyl, L50, M|\n|poke|p1|Pelipper, L50, F|\n|poke|p1|Primarina, L50, F|\n|poke|p1|Rotom-Mow, L50|\n|poke|p2|Incineroar, L50, F|\n|poke|p2|Ninetales-Alola, L50, M|\n|poke|p2|Charizard, L50, M|\n|poke|p2|Sneasler, L50, F|\n|poke|p2|Sinistcha, L50|\n|poke|p2|Rotom-Wash, L50|\n|teampreview|4\nkinich_gang rejected open team sheets.\n|\n|t:|1776138347\n|teamsize|p1|4\n|teamsize|p2|4\n|start\n|switch|p1a: Sinistcha|Sinistcha, L50|100/100\n|switch|p1b: Aerodactyl|Aerodactyl, L50, M, shiny|100/100\n|switch|p2a: Sneasler|Sneasler, L50, F|100/100\n|switch|p2b: Incineroar|Incineroar, L50, F|100/100\n|-ability|p1b: Aerodactyl|Unnerve\n|-ability|p2a: Sneasler|Pressure\n|-ability|p2b: Incineroar|Intimidate|boost\n|-unboost|p1a: Sinistcha|atk|1\n|-unboost|p1b: Aerodactyl|atk|1\n|-enditem|p1b: Aerodactyl|White Herb\n|-clearnegativeboost|p1b: Aerodactyl|[silent]\n|turn|1\n|\n|t:|1776138396\n|move|p1a: Sinistcha|Rage Powder|p1a: Sinistcha\n|-singleturn|p1a: Sinistcha|move: Rage Powder\n|move|p1b: Aerodactyl|Tailwind|p1b: Aerodactyl\n|-sidestart|p1: kinich_gang|move: Tailwind\n|move|p2a: Sneasler|Dire Claw|p1a: Sinistcha\n|-damage|p1a: Sinistcha|60/100\n|-status|p1a: Sinistcha|par\n|move|p2b: Incineroar|Taunt|p1a: Sinistcha\n|-start|p1a: Sinistcha|move: Taunt\n|\n|-heal|p1a: Sinistcha|66/100 par|[from] item: Leftovers\n|upkeep\n|turn|2\n|\n|t:|1776138423\n|switch|p2a: Rotom|Rotom-Wash, L50|100/100\n|move|p1b: Aerodactyl|Rock Slide|p2a: Rotom|[spread] p2a\n|-miss|p1b: Aerodactyl|p2b: Incineroar\n|-damage|p2a: Rotom|81/100\n|move|p2b: Incineroar|Parting Shot|p1b: Aerodactyl\n|-unboost|p1b: Aerodactyl|atk|1\n|-unboost|p1b: Aerodactyl|spa|1\n|\n|t:|1776138441\n|switch|p2b: Sneasler|Sneasler, L50, F|100/100|[from] Parting Shot\n|-ability|p2b: Sneasler|Pressure\n|move|p1a: Sinistcha|Scald|p2b: Sneasler\n|-damage|p2b: Sneasler|67/100\n|\n|-heal|p1a: Sinistcha|72/100 par|[from] item: Leftovers\n|upkeep\n|turn|3\n|\n|t:|1776138503\n|move|p1b: Aerodactyl|Rock Slide|p2b: Sneasler|[spread] p2a\n|-miss|p1b: Aerodactyl|p2b: Sneasler\n|-damage|p2a: Rotom|68/100\n|move|p2b: Sneasler|U-turn|p1a: Sinistcha\n|-damage|p1a: Sinistcha|48/100 par\n|\n|t:|1776138509\n|switch|p2b: Incineroar|Incineroar, L50, F|100/100|[from] U-turn\n|-ability|p2b: Incineroar|Intimidate|boost\n|-unboost|p1a: Sinistcha|atk|1\n|-unboost|p1b: Aerodactyl|atk|1\n|move|p1a: Sinistcha|Matcha Gotcha|p2a: Rotom|[spread] p2a,p2b\n|-supereffective|p2a: Rotom|1\n|-resisted|p2b: Incineroar|1\n|-damage|p2a: Rotom|11/100\n|-heal|p1a: Sinistcha|74/100 par|[from] drain|[of] p2a: Rotom\n|-damage|p2b: Incineroar|86/100\n|-heal|p1a: Sinistcha|80/100 par|[from] drain|[of] p2b: Incineroar\n|-status|p2a: Rotom|brn\n|cant|p2a: Rotom|flinch\n|\n|-heal|p1a: Sinistcha|86/100 par|[from] item: Leftovers\n|-damage|p2a: Rotom|5/100 brn|[from] brn\n|upkeep\n|turn|4\n|\n|t:|1776138544\n|switch|p2a: Charizard|Charizard, L50, M|100/100\n|move|p1b: Aerodactyl|Protect|p1b: Aerodactyl\n|-singleturn|p1b: Aerodactyl|Protect\n|move|p2b: Incineroar|Fake Out|p1b: Aerodactyl\n|-activate|p1b: Aerodactyl|move: Protect\n|move|p1a: Sinistcha|Matcha Gotcha|p2b: Incineroar|[spread] p2a,p2b\n|-resisted|p2a: Charizard|2\n|-resisted|p2b: Incineroar|1\n|-damage|p2a: Charizard|91/100\n|-heal|p1a: Sinistcha|90/100 par|[from] drain|[of] p2a: Charizard\n|-damage|p2b: Incineroar|72/100\n|-heal|p1a: Sinistcha|98/100 par|[from] drain|[of] p2b: Incineroar\n|\n|-heal|p1a: Sinistcha|100/100 par|[from] item: Leftovers\n|-end|p1a: Sinistcha|move: Taunt\n|-sideend|p1: kinich_gang|move: Tailwind\n|upkeep\n|turn|5\n|\n|t:|1776138592\n|detailschange|p2a: Charizard|Charizard-Mega-X, L50, M\n|-mega|p2a: Charizard|Charizard|Charizardite X\n|move|p1b: Aerodactyl|Tailwind|p1b: Aerodactyl\n|-sidestart|p1: kinich_gang|move: Tailwind\n|move|p2a: Charizard|Flare Blitz|p1a: Sinistcha\n|-supereffective|p1a: Sinistcha|1\n|-damage|p1a: Sinistcha|0 fnt\n|faint|p1a: Sinistcha\n|-damage|p2a: Charizard|53/100|[from] Recoil\n|move|p2b: Incineroar|Parting Shot|p1b: Aerodactyl\n|-unboost|p1b: Aerodactyl|atk|1\n|-unboost|p1b: Aerodactyl|spa|1\n|\n|t:|1776138604\n|switch|p2b: Sneasler|Sneasler, L50, F|67/100|[from] Parting Shot\n|-ability|p2b: Sneasler|Pressure\n|\n|upkeep\n|\n|t:|1776138609\n|switch|p1a: Excadrill|Excadrill, L50, M, shiny|100/100\n|turn|6\n|\n|t:|1776138652\n|switch|p1b: Pelipper|Pelipper, L50, F, shiny|100/100\n|-weather|RainDance|[from] ability: Drizzle|[of] p1b: Pelipper\n|switch|p2b: Incineroar|Incineroar, L50, F|72/100\n|-ability|p2b: Incineroar|Intimidate|boost\n|-unboost|p1a: Excadrill|atk|1\n|-unboost|p1b: Pelipper|atk|1\n|detailschange|p1a: Excadrill|Excadrill-Mega, L50, M, shiny\n|-mega|p1a: Excadrill|Excadrill|Excadrite\n|move|p2a: Charizard|Protect|p2a: Charizard\n|-singleturn|p2a: Charizard|Protect\n|move|p1a: Excadrill|Earthquake|p2a: Charizard|[spread] p2b\n|-activate|p2a: Charizard|move: Protect\n|-immune|p1b: Pelipper\n|-supereffective|p2b: Incineroar|1\n|-damage|p2b: Incineroar|0 fnt\n|faint|p2b: Incineroar\n|\n|-weather|RainDance|[upkeep]\n|upkeep\n|\n|t:|1776138684\n|switch|p2b: Sneasler|Sneasler, L50, F|67/100\n|-ability|p2b: Sneasler|Pressure\n|turn|7\n|\n|t:|1776138710\n|switch|p2a: Rotom|Rotom-Wash, L50|5/100 brn\n|move|p1a: Excadrill|Earthquake|p2b: Sneasler|[spread] p2b\n|-immune|p1b: Pelipper\n|-immune|p2a: Rotom|[from] ability: Levitate\n|-supereffective|p2b: Sneasler|1\n|-damage|p2b: Sneasler|0 fnt\n|faint|p2b: Sneasler\n|move|p1b: Pelipper|Hurricane|p2a: Rotom\n|-resisted|p2a: Rotom|1\n|-damage|p2a: Rotom|0 fnt\n|faint|p2a: Rotom\n|\n|-weather|RainDance|[upkeep]\n|upkeep\n|\n|t:|1776138723\n|switch|p2b: Charizard|Charizard-Mega-X, L50, M|53/100\n|turn|8\n|\n|t:|1776138749\n|move|p1a: Excadrill|Earthquake|p2b: Charizard|[spread] p2b\n|-immune|p1b: Pelipper\n|-supereffective|p2b: Charizard|1\n|-damage|p2b: Charizard|0 fnt\n|faint|p2b: Charizard\n|\n|win|kinich_gang\n|raw|kinich_gang's rating: 1085 &rarr; <strong>1106</strong><br />(+21 for winning)\n|raw|ZoriManar's rating: 1000 &rarr; <strong>1000</strong><br />(+0 for losing)\n|l|\u2606ZoriManar\n|player|p2|\n",
  "uploadtime": 1776139091,
  "views": 50,
  "formatid": "gen9championsvgc2026regma",
  "rating": 1000,
  "private": 0,
  "password": null
}