{
  "id": "gen9championsvgc2026regma-2584968458",
  "format": "[Gen 9 Champions] VGC 2026 Reg M-A",
  "players": [
    "aeonseye",
    "RainIsForPussies23"
  ],
  "log": "|j|\u2606aeonseye\n|j|\u2606RainIsForPussies23\n|t:|1776299116\n|gametype|doubles\n|player|p1|aeonseye|cynthia|1085\n|player|p2|RainIsForPussies23|hilbert-wonderlauncher|1038\n|gen|9\n|tier|[Gen 9 Champions] VGC 2026 Reg M-A\n|rated|\n|rule|Species Clause: Limit one of each Pok\u00e9mon\n|rule|Item Clause: Limit 1 of each item\n|clearpoke\n|poke|p1|Delphox, L50, M|\n|poke|p1|Orthworm, L50, M|\n|poke|p1|Garchomp, L50, F|\n|poke|p1|Basculegion, L50, M|\n|poke|p1|Meowstic, L50, M|\n|poke|p1|Aerodactyl, L50, M|\n|poke|p2|Garchomp, L50, F|\n|poke|p2|Gengar, L50, F|\n|poke|p2|Incineroar, L50, M|\n|poke|p2|Sneasler, L50, F|\n|poke|p2|Froslass, L50, F|\n|poke|p2|Whimsicott, L50, F|\n|teampreview|4\n|inactive|Battle timer is ON: inactive players will automatically lose when time's up. (requested by aeonseye)\n|\n|t:|1776299147\n|teamsize|p1|4\n|teamsize|p2|4\n|start\n|switch|p1a: Meowstic|Meowstic, L50, M|100/100\n|switch|p1b: Orthworm|Orthworm, L50, M|100/100\n|switch|p2a: Gengar|Gengar, L50, F|100/100\n|switch|p2b: Incineroar|Incineroar, L50, M|100/100\n|-ability|p2b: Incineroar|Intimidate|boost\n|-unboost|p1a: Meowstic|atk|1\n|-unboost|p1b: Orthworm|atk|1\n|turn|1\n|inactive|RainIsForPussies23 has 30 seconds left.\n|\n|t:|1776299178\n|detailschange|p2a: Gengar|Gengar-Mega, L50, F\n|-mega|p2a: Gengar|Gengar|Gengarite\n|move|p1a: Meowstic|Psychic Terrain|p1a: Meowstic\n|-fieldstart|move: Psychic Terrain\n|move|p2a: Gengar|Nasty Plot|p2a: Gengar\n|-boost|p2a: Gengar|spa|2\n|move|p1b: Orthworm|Shed Tail|p1b: Orthworm\n|-start|p1b: Orthworm|Substitute|[from] move: Shed Tail\n|-damage|p1b: Orthworm|50/100\n|-enditem|p1b: Orthworm|Sitrus Berry|[eat]\n|-heal|p1b: Orthworm|75/100|[from] item: Sitrus Berry\n|\n|t:|1776299190\n|switch|p1b: Delphox|Delphox, L50, M|100/100|[from] Shed Tail\n|move|p2b: Incineroar|Flare Blitz|p1b: Delphox\n|-resisted|p1b: Delphox|1\n|-end|p1b: Delphox|Substitute\n|-damage|p2b: Incineroar|92/100|[from] Recoil|[of] p1b: Delphox\n|\n|upkeep\n|turn|2\n|inactive|aeonseye has 30 seconds left.\n|\n|t:|1776299219\n|detailschange|p1b: Delphox|Delphox-Mega, L50, M\n|-mega|p1b: Delphox|Delphox|Delphoxite\n|move|p1b: Delphox|Expanding Force|p2a: Gengar\n|-supereffective|p2a: Gengar|1\n|-damage|p2a: Gengar|0 fnt\n|faint|p2a: Gengar\n|move|p1a: Meowstic|Expanding Force|p2b: Incineroar\n|-immune|p2b: Incineroar\n|move|p2b: Incineroar|Darkest Lariat|p1a: Meowstic\n|-supereffective|p1a: Meowstic|1\n|-damage|p1a: Meowstic|0 fnt\n|faint|p1a: Meowstic\n|\n|upkeep\n|\n|t:|1776299233\n|switch|p2a: Garchomp|Garchomp, L50, F, shiny|100/100\n|switch|p1a: Orthworm|Orthworm, L50, M|75/100\n|turn|3\n|\n|t:|1776299245\n|move|p1b: Delphox|Protect|p1b: Delphox\n|-singleturn|p1b: Delphox|Protect\n|move|p2a: Garchomp|Protect|p2a: Garchomp\n|-singleturn|p2a: Garchomp|Protect\n|move|p1a: Orthworm|Body Press|p2b: Incineroar\n|-supereffective|p2b: Incineroar|1\n|-damage|p2b: Incineroar|40/100\n|-enditem|p2b: Incineroar|Sitrus Berry|[eat]\n|-heal|p2b: Incineroar|65/100|[from] item: Sitrus Berry\n|move|p2b: Incineroar|Darkest Lariat|p1b: Delphox\n|-activate|p1b: Delphox|move: Protect\n|\n|upkeep\n|turn|4\n|\n|t:|1776299263\n|switch|p1b: Garchomp|Garchomp, L50, F|100/100\n|move|p2a: Garchomp|Rock Slide|p1b: Garchomp|[spread] \n|-miss|p2a: Garchomp|p1a: Orthworm\n|-miss|p2a: Garchomp|p1b: Garchomp\n|move|p1a: Orthworm|Shed Tail|p1a: Orthworm\n|-start|p1a: Orthworm|Substitute|[from] move: Shed Tail\n|-damage|p1a: Orthworm|25/100\n|\n|t:|1776299268\n|switch|p1a: Delphox|Delphox-Mega, L50, M|100/100|[from] Shed Tail\n|move|p2b: Incineroar|Flare Blitz|p1a: Delphox\n|-resisted|p1a: Delphox|1\n|-end|p1a: Delphox|Substitute\n|-damage|p2b: Incineroar|57/100|[from] Recoil|[of] p1a: Delphox\n|\n|upkeep\n|turn|5\n|\n|t:|1776299289\n|move|p2a: Garchomp|Protect|p2a: Garchomp\n|-singleturn|p2a: Garchomp|Protect\n|move|p1a: Delphox|Heat Wave|p2a: Garchomp|[spread] p2b\n|-activate|p2a: Garchomp|move: Protect\n|-resisted|p2b: Incineroar|1\n|-damage|p2b: Incineroar|36/100\n|move|p1b: Garchomp|Scale Shot|p2a: Garchomp\n|-activate|p2a: Garchomp|move: Protect\n|move|p2b: Incineroar|Darkest Lariat|p1a: Delphox\n|-supereffective|p1a: Delphox|1\n|-damage|p1a: Delphox|0 fnt\n|faint|p1a: Delphox\n|\n|-fieldend|move: Psychic Terrain\n|upkeep\n|\n|t:|1776299292\n|switch|p1a: Orthworm|Orthworm, L50, M|25/100\n|turn|6\n|\n|t:|1776299310\n|move|p2a: Garchomp|Dragon Claw|p1b: Garchomp\n|-supereffective|p1b: Garchomp|1\n|-damage|p1b: Garchomp|19/100\n|-damage|p2a: Garchomp|88/100|[from] ability: Rough Skin|[of] p1b: Garchomp\n|move|p1b: Garchomp|Earthquake|p2a: Garchomp|[spread] p2a,p2b\n|-heal|p1a: Orthworm|50/100|[from] ability: Earth Eater|[of] p1b: Garchomp\n|-supereffective|p2b: Incineroar|1\n|-damage|p2a: Garchomp|46/100\n|-damage|p2b: Incineroar|0 fnt\n|faint|p2b: Incineroar\n|move|p1a: Orthworm|Body Press|p2a: Garchomp\n|-crit|p2a: Garchomp\n|-damage|p2a: Garchomp|5/100\n|-damage|p1a: Orthworm|37/100|[from] ability: Rough Skin|[of] p2a: Garchomp\n|\n|upkeep\n|\n|t:|1776299316\n|switch|p2b: Sneasler|Sneasler, L50, F|100/100\n|turn|7\n|\n|t:|1776299327\n|move|p1b: Garchomp|Protect|p1b: Garchomp\n|-singleturn|p1b: Garchomp|Protect\n|move|p1a: Orthworm|Protect|p1a: Orthworm\n|-singleturn|p1a: Orthworm|Protect\n|move|p2b: Sneasler|Close Combat|p1a: Orthworm\n|-activate|p1a: Orthworm|move: Protect\n|move|p2a: Garchomp|Dragon Claw|p1b: Garchomp\n|-activate|p1b: Garchomp|move: Protect\n|\n|upkeep\n|turn|8\n|\n|t:|1776299338\n|move|p2b: Sneasler|Close Combat|p1a: Orthworm\n|-supereffective|p1a: Orthworm|1\n|-damage|p1a: Orthworm|0 fnt\n|-unboost|p2b: Sneasler|def|1\n|-unboost|p2b: Sneasler|spd|1\n|faint|p1a: Orthworm\n|move|p1b: Garchomp|Earthquake|p2b: Sneasler|[spread] p2a,p2b\n|-supereffective|p2b: Sneasler|1\n|-enditem|p2b: Sneasler|Shuca Berry|[eat]\n|-enditem|p2b: Sneasler|Shuca Berry|[weaken]\n|-damage|p2a: Garchomp|0 fnt\n|-damage|p2b: Sneasler|6/100\n|faint|p2a: Garchomp\n|\n|upkeep\n|turn|9\n|\n|t:|1776299350\n|move|p2b: Sneasler|Close Combat|p1b: Garchomp\n|-damage|p1b: Garchomp|0 fnt\n|-unboost|p2b: Sneasler|def|1\n|-unboost|p2b: Sneasler|spd|1\n|-damage|p2b: Sneasler|0 fnt|[from] ability: Rough Skin|[of] p1b: Garchomp\n|faint|p1b: Garchomp\n|faint|p2b: Sneasler\n|\n|win|RainIsForPussies23\n|raw|aeonseye's rating: 1085 &rarr; <strong>1059</strong><br />(-26 for losing)\n|raw|RainIsForPussies23's rating: 1038 &rarr; <strong>1077</strong><br />(+39 for winning)\n",
  "uploadtime": 1776299352,
  "views": 27,
  "formatid": "gen9championsvgc2026regma",
  "rating": 1059,
  "private": 0,
  "password": null
}