{
  "id": "gen9championsvgc2026regma-2581628604",
  "format": "[Gen 9 Champions] VGC 2026 Reg M-A",
  "players": [
    "SimMikaze",
    "lukeeyc"
  ],
  "log": "|j|\u2606SimMikaze\n|j|\u2606lukeeyc\n|t:|1776016329\n|gametype|doubles\n|player|p1|SimMikaze|miku-ghost|1125\n|player|p2|lukeeyc|265|1153\n|gen|9\n|tier|[Gen 9 Champions] VGC 2026 Reg M-A\n|rated|\n|rule|Species Clause: Limit one of each Pok\u00e9mon\n|rule|Item Clause: Limit 1 of each item\n|clearpoke\n|poke|p1|Hawlucha, L50, M|\n|poke|p1|Snorlax, L50, M|\n|poke|p1|Excadrill, L50, M|\n|poke|p1|Tyranitar, L50, M|\n|poke|p1|Whimsicott, L50, M|\n|poke|p1|Basculegion, L50, M|\n|poke|p2|Slowking, L50, M|\n|poke|p2|Chandelure, L50, M|\n|poke|p2|Kommo-o, L50, F|\n|poke|p2|Scizor, L50, F|\n|poke|p2|Tsareena, L50, F|\n|poke|p2|Maushold-Four, L50|\n|teampreview|4\n|\n|t:|1776016372\n|teamsize|p1|4\n|teamsize|p2|4\n|start\n|switch|p1a: Hawlucha|Hawlucha, L50, M|100/100\n|switch|p1b: Snorlax|Snorlax, L50, M|100/100\n|switch|p2a: Slowking|Slowking, L50, M|100/100\n|switch|p2b: Maushold|Maushold-Four, L50|100/100\n|turn|1\n|\n|t:|1776016391\n|detailschange|p1a: Hawlucha|Hawlucha-Mega, L50, M\n|-mega|p1a: Hawlucha|Hawlucha|Hawluchanite\n|move|p2b: Maushold|Follow Me|p2b: Maushold\n|-singleturn|p2b: Maushold|move: Follow Me\n|move|p1a: Hawlucha|Entrainment|p2b: Maushold\n|-ability|p2b: Maushold|No Guard|Technician|[from] move: Entrainment|[of] p1a: Hawlucha\n|move|p1b: Snorlax|Fissure|p2b: Maushold\n|-enditem|p2b: Maushold|Focus Sash\n|-damage|p2b: Maushold|1/100\n|move|p2a: Slowking|Trick Room|p2a: Slowking\n|-fieldstart|move: Trick Room|[of] p2a: Slowking\n|\n|upkeep\n|turn|2\n|\n|t:|1776016430\n|move|p2a: Slowking|Psychic|p1a: Hawlucha\n|-supereffective|p1a: Hawlucha|1\n|-damage|p1a: Hawlucha|34/100\n|move|p1b: Snorlax|Fissure|p2a: Slowking|[miss]\n|-miss|p1b: Snorlax|p2a: Slowking\n|move|p2b: Maushold|Population Bomb|p1b: Snorlax\n|-damage|p1b: Snorlax|95/100\n|-crit|p1b: Snorlax\n|-damage|p1b: Snorlax|87/100\n|-damage|p1b: Snorlax|82/100\n|-damage|p1b: Snorlax|77/100\n|-damage|p1b: Snorlax|72/100\n|-damage|p1b: Snorlax|66/100\n|-damage|p1b: Snorlax|62/100\n|-damage|p1b: Snorlax|57/100\n|-damage|p1b: Snorlax|52/100\n|-damage|p1b: Snorlax|47/100\n|-hitcount|p1b: Snorlax|10\n|move|p1a: Hawlucha|Entrainment|p1b: Snorlax\n|-ability|p1b: Snorlax|No Guard|Thick Fat|[from] move: Entrainment|[of] p1a: Hawlucha\n|\n|-heal|p1b: Snorlax|53/100|[from] item: Leftovers\n|upkeep\n|turn|3\n|\n|t:|1776016455\n|move|p1a: Hawlucha|Protect|p1a: Hawlucha\n|-singleturn|p1a: Hawlucha|Protect\n|move|p2b: Maushold|Follow Me|p2b: Maushold\n|-singleturn|p2b: Maushold|move: Follow Me\n|move|p2a: Slowking|Muddy Water|p1a: Hawlucha|[spread] p1b\n|-activate|p1a: Hawlucha|move: Protect\n|-damage|p1b: Snorlax|40/100\n|-unboost|p1b: Snorlax|accuracy|1\n|move|p1b: Snorlax|Fissure|p2b: Maushold\n|-damage|p2b: Maushold|0 fnt\n|faint|p2b: Maushold\n|-ohko\n|\n|-heal|p1b: Snorlax|46/100|[from] item: Leftovers\n|upkeep\n|\n|t:|1776016461\n|switch|p2b: Tsareena|Tsareena, L50, F|100/100\n|turn|4\n|\n|t:|1776016478\n|switch|p1a: Basculegion|Basculegion, L50, M|100/100\n|move|p2a: Slowking|Muddy Water|p1a: Basculegion|[spread] p1a,p1b\n|-resisted|p1a: Basculegion|1\n|-damage|p1a: Basculegion|87/100\n|-damage|p1b: Snorlax|31/100\n|move|p1b: Snorlax|Fissure|p2b: Tsareena\n|-damage|p2b: Tsareena|0 fnt\n|faint|p2b: Tsareena\n|-ohko\n|\n|-heal|p1b: Snorlax|37/100|[from] item: Leftovers\n|upkeep\n|\n|t:|1776016486\n|switch|p2b: Chandelure|Chandelure, L50, M|100/100\n|turn|5\n|\n|t:|1776016510\n|switch|p1a: Hawlucha|Hawlucha-Mega, L50, M|34/100\n|move|p2b: Chandelure|Protect|p2b: Chandelure\n|-singleturn|p2b: Chandelure|Protect\n|move|p2a: Slowking|Psychic|p1b: Snorlax\n|-damage|p1b: Snorlax|18/100\n|move|p1b: Snorlax|Fissure|p2b: Chandelure\n|-activate|p2b: Chandelure|move: Protect\n|\n|-heal|p1b: Snorlax|24/100|[from] item: Leftovers\n|-fieldend|move: Trick Room\n|upkeep\n|turn|6\n|\n|t:|1776016534\n|detailschange|p2b: Chandelure|Chandelure-Mega, L50, M\n|-mega|p2b: Chandelure|Chandelure|Chandelurite\n|move|p1a: Hawlucha|Dual Wingbeat|p2a: Slowking\n|-damage|p2a: Slowking|86/100\n|-damage|p2a: Slowking|71/100\n|-hitcount|p2a: Slowking|2\n|move|p2b: Chandelure|Heat Wave|p1b: Snorlax|[spread] p1a,p1b\n|-damage|p1a: Hawlucha|0 fnt\n|-damage|p1b: Snorlax|0 fnt\n|faint|p1a: Hawlucha\n|faint|p1b: Snorlax\n|move|p2a: Slowking|Trick Room|p2a: Slowking\n|-fieldstart|move: Trick Room|[of] p2a: Slowking\n|\n|upkeep\n|\n|t:|1776016543\n|switch|p1b: Basculegion|Basculegion, L50, M|87/100\n|switch|p1a: Whimsicott|Whimsicott, L50, M|100/100\n|turn|7\n|\n|t:|1776016558\n|move|p2a: Slowking|Protect|p2a: Slowking\n|-singleturn|p2a: Slowking|Protect\n|move|p1a: Whimsicott|Encore|p2a: Slowking\n|-activate|p2a: Slowking|move: Protect\n|move|p2b: Chandelure|Shadow Ball|p1b: Basculegion\n|-supereffective|p1b: Basculegion|1\n|-damage|p1b: Basculegion|0 fnt\n|faint|p1b: Basculegion\n|\n|upkeep\n|turn|8\n|-message|SimMikaze forfeited.\n|\n|win|lukeeyc\n|raw|SimMikaze's rating: 1125 &rarr; <strong>1102</strong><br />(-23 for losing)\n|raw|lukeeyc's rating: 1153 &rarr; <strong>1176</strong><br />(+23 for winning)\n",
  "uploadtime": 1776016566,
  "views": 22,
  "formatid": "gen9championsvgc2026regma",
  "rating": 1102,
  "private": 0,
  "password": null
}