{
  "id": "gen9championsvgc2026regma-2580961804",
  "format": "[Gen 9 Champions] VGC 2026 Reg M-A",
  "players": [
    "la javineta",
    "derutv"
  ],
  "log": "|j|\u2606la javineta\n|j|\u2606derutv\n|t:|1775947003\n|gametype|doubles\n|player|p1|la javineta|265|1324\n|player|p2|derutv|266|1295\n|gen|9\n|tier|[Gen 9 Champions] VGC 2026 Reg M-A\n|rated|\n|rule|Species Clause: Limit one of each Pok\u00e9mon\n|rule|Item Clause: Limit 1 of each item\n|clearpoke\n|poke|p1|Heliolisk, L50, F|\n|poke|p1|Excadrill, L50, F|\n|poke|p1|Tyranitar, L50, F|\n|poke|p1|Aerodactyl, L50, M|\n|poke|p1|Milotic, L50, M|\n|poke|p1|Incineroar, L50, M|\n|poke|p2|Gengar, L50, F|\n|poke|p2|Incineroar, L50, M|\n|poke|p2|Politoed, L50, F|\n|poke|p2|Basculegion, L50, M|\n|poke|p2|Goodra-Hisui, L50, M|\n|poke|p2|Sinistcha, L50|\n|teampreview|4\n|inactive|Battle timer is ON: inactive players will automatically lose when time's up. (requested by derutv)\n|\n|t:|1775947032\n|teamsize|p1|4\n|teamsize|p2|4\n|start\n|switch|p1a: Milotic|Milotic, L50, M|100/100\n|switch|p1b: Heliolisk|Heliolisk, L50, F|100/100\n|switch|p2a: Gengar|Gengar, L50, F|100/100\n|switch|p2b: Incineroar|Incineroar, L50, M|100/100\n|-ability|p2b: Incineroar|Intimidate|boost\n|-unboost|p1a: Milotic|atk|1\n|-ability|p1a: Milotic|Competitive|boost\n|-boost|p1a: Milotic|spa|2\n|-unboost|p1b: Heliolisk|atk|1\n|turn|1\n|\n|t:|1775947040\n|detailschange|p2a: Gengar|Gengar-Mega, L50, F\n|-mega|p2a: Gengar|Gengar|Gengarite\n|move|p2b: Incineroar|Fake Out|p1a: Milotic\n|-damage|p1a: Milotic|90/100\n|move|p2a: Gengar|Perish Song|p2a: Gengar\n|-start|p1a: Milotic|perish3|[silent]\n|-start|p1b: Heliolisk|perish3|[silent]\n|-start|p2a: Gengar|perish3|[silent]\n|-start|p2b: Incineroar|perish3|[silent]\n|-fieldactivate|move: Perish Song\n|move|p1b: Heliolisk|Volt Switch|p2a: Gengar\n|-damage|p2a: Gengar|65/100\n|\n|t:|1775947048\n|switch|p1b: Tyranitar|Tyranitar, L50, F|100/100|[from] Volt Switch\n|-weather|Sandstorm|[from] ability: Sand Stream|[of] p1b: Tyranitar\n|cant|p1a: Milotic|flinch\n|\n|-weather|Sandstorm|[upkeep]\n|-damage|p2a: Gengar|59/100|[from] Sandstorm\n|-damage|p1a: Milotic|83/100|[from] Sandstorm\n|-damage|p2b: Incineroar|95/100|[from] Sandstorm\n|-heal|p1a: Milotic|90/100|[from] item: Leftovers\n|-start|p2a: Gengar|perish3\n|-start|p1a: Milotic|perish3\n|-start|p2b: Incineroar|perish3\n|upkeep\n|turn|2\n|\n|t:|1775947056\n|move|p2a: Gengar|Protect|p2a: Gengar\n|-singleturn|p2a: Gengar|Protect\n|move|p2b: Incineroar|Protect|p2b: Incineroar\n|-singleturn|p2b: Incineroar|Protect\n|move|p1a: Milotic|Scald|p2b: Incineroar\n|-activate|p2b: Incineroar|move: Protect\n|move|p1b: Tyranitar|Assurance|p2a: Gengar\n|-activate|p2a: Gengar|move: Protect\n|\n|-weather|Sandstorm|[upkeep]\n|-damage|p2a: Gengar|53/100|[from] Sandstorm\n|-damage|p1a: Milotic|83/100|[from] Sandstorm\n|-damage|p2b: Incineroar|89/100|[from] Sandstorm\n|-heal|p1a: Milotic|90/100|[from] item: Leftovers\n|-start|p2a: Gengar|perish2\n|-start|p1a: Milotic|perish2\n|-start|p2b: Incineroar|perish2\n|upkeep\n|turn|3\n|\n|t:|1775947067\n|switch|p2a: Politoed|Politoed, L50, F|100/100\n|-weather|RainDance|[from] ability: Drizzle|[of] p2a: Politoed\n|move|p1a: Milotic|Scald|p2b: Incineroar\n|-supereffective|p2b: Incineroar|1\n|-damage|p2b: Incineroar|0 fnt\n|faint|p2b: Incineroar\n|move|p1b: Tyranitar|Assurance|p2a: Politoed\n|-damage|p2a: Politoed|73/100\n|\n|-weather|RainDance|[upkeep]\n|-heal|p1a: Milotic|96/100|[from] item: Leftovers\n|-heal|p2a: Politoed|79/100|[from] item: Leftovers\n|-start|p1a: Milotic|perish1\n|upkeep\n|\n|t:|1775947075\n|switch|p2b: Gengar|Gengar-Mega, L50, F|53/100\n|turn|4\n|\n|t:|1775947093\n|move|p2b: Gengar|Protect|p2b: Gengar\n|-singleturn|p2b: Gengar|Protect\n|move|p1a: Milotic|Hypnosis|p2a: Politoed\n|-status|p2a: Politoed|slp|[from] move: Hypnosis\n|move|p1b: Tyranitar|Assurance|p2b: Gengar\n|-activate|p2b: Gengar|move: Protect\n|cant|p2a: Politoed|slp\n|\n|-weather|RainDance|[upkeep]\n|-heal|p1a: Milotic|100/100|[from] item: Leftovers\n|-heal|p2a: Politoed|85/100 slp|[from] item: Leftovers\n|-start|p1a: Milotic|perish0\n|faint|p1a: Milotic\n|upkeep\n|\n|t:|1775947102\n|switch|p1a: Heliolisk|Heliolisk, L50, F|100/100\n|turn|5\n|\n|t:|1775947111\n|move|p2b: Gengar|Disable|p1b: Tyranitar\n|-start|p1b: Tyranitar|Disable|Assurance\n|move|p1a: Heliolisk|Volt Switch|p2a: Politoed\n|-supereffective|p2a: Politoed|1\n|-damage|p2a: Politoed|33/100 slp\n|\n|t:|1775947116\n|switch|p1a: Excadrill|Excadrill, L50, F|100/100|[from] Volt Switch\n|cant|p1b: Tyranitar|Disable|Assurance\n|-curestatus|p2a: Politoed|slp|[msg]\n|move|p2a: Politoed|Weather Ball|p1b: Tyranitar\n|-supereffective|p1b: Tyranitar|1\n|-crit|p1b: Tyranitar\n|-damage|p1b: Tyranitar|0 fnt\n|faint|p1b: Tyranitar\n|\n|-weather|RainDance|[upkeep]\n|-heal|p2a: Politoed|40/100|[from] item: Leftovers\n|upkeep\n|\n|t:|1775947120\n|switch|p1b: Heliolisk|Heliolisk, L50, F|100/100\n|turn|6\n|c|\u2606la javineta|wow\n|\n|t:|1775947144\n|move|p2b: Gengar|Protect|p2b: Gengar\n|-singleturn|p2b: Gengar|Protect\n|move|p2a: Politoed|Protect|p2a: Politoed\n|-singleturn|p2a: Politoed|Protect\n|move|p1b: Heliolisk|Volt Switch|p2a: Politoed\n|-activate|p2a: Politoed|move: Protect\n|move|p1a: Excadrill|Iron Head|p2b: Gengar\n|-activate|p2b: Gengar|move: Protect\n|\n|-weather|RainDance|[upkeep]\n|-heal|p2a: Politoed|46/100|[from] item: Leftovers\n|upkeep\n|turn|7\n|j| brokemon go raids\n|\n|t:|1775947158\n|move|p1b: Heliolisk|Protect|p1b: Heliolisk\n|-singleturn|p1b: Heliolisk|Protect\n|move|p2b: Gengar|Disable|p1b: Heliolisk\n|-activate|p1b: Heliolisk|move: Protect\n|move|p1a: Excadrill|Earthquake|p2a: Politoed|[spread] p2a,p2b\n|-activate|p1b: Heliolisk|move: Protect\n|-supereffective|p2b: Gengar|1\n|-damage|p2a: Politoed|6/100\n|-damage|p2b: Gengar|0 fnt\n|faint|p2b: Gengar\n|move|p2a: Politoed|Icy Wind|p1b: Heliolisk|[spread] p1a\n|-activate|p1b: Heliolisk|move: Protect\n|-damage|p1a: Excadrill|88/100\n|-unboost|p1a: Excadrill|spe|1\n|-enditem|p1a: Excadrill|White Herb\n|-clearnegativeboost|p1a: Excadrill|[silent]\n|\n|-weather|none\n|-heal|p2a: Politoed|12/100|[from] item: Leftovers\n|upkeep\n|l| brokemon go raids\n|\n|t:|1775947173\n|switch|p2b: Basculegion|Basculegion, L50, M|100/100\n|turn|8\n|\n|t:|1775947182\n|move|p2a: Politoed|Protect|p2a: Politoed\n|-singleturn|p2a: Politoed|Protect\n|move|p2b: Basculegion|Wave Crash|p1b: Heliolisk\n|-immune|p1b: Heliolisk|[from] ability: Dry Skin\n|move|p1b: Heliolisk|Volt Switch|p2a: Politoed\n|-activate|p2a: Politoed|move: Protect\n|move|p1a: Excadrill|Iron Head|p2b: Basculegion\n|-resisted|p2b: Basculegion|1\n|-damage|p2b: Basculegion|72/100\n|\n|-heal|p2a: Politoed|18/100|[from] item: Leftovers\n|upkeep\n|turn|9\n|c|\u2606la javineta|gg\n|c|\u2606derutv|gg\n|-message|derutv forfeited.\n|\n|win|la javineta\n|raw|la javineta's rating: 1324 &rarr; <strong>1342</strong><br />(+18 for winning)\n|raw|derutv's rating: 1295 &rarr; <strong>1272</strong><br />(-23 for losing)\n|l|\u2606derutv\n|player|p2|\n",
  "uploadtime": 1775947198,
  "views": 48,
  "formatid": "gen9championsvgc2026regma",
  "rating": 1272,
  "private": 0,
  "password": null
}