{
  "id": "gen9championsvgc2026regma-2587548076",
  "format": "[Gen 9 Champions] VGC 2026 Reg M-A",
  "players": [
    "pellasvgc",
    "Leu_vgc"
  ],
  "log": "|j|\u2606pellasvgc\n|j|\u2606Leu_vgc\n|t:|1776541268\n|gametype|doubles\n|player|p1|pellasvgc|hiker-gen4|1355\n|player|p2|Leu_vgc|acetrainer|1409\n|gen|9\n|tier|[Gen 9 Champions] VGC 2026 Reg M-A\n|rated|\n|rule|Species Clause: Limit one of each Pok\u00e9mon\n|rule|Item Clause: Limit 1 of each item\n|clearpoke\n|poke|p1|Dragonite, L50, F, shiny|\n|poke|p1|Pelipper, L50, F|\n|poke|p1|Basculegion, L50, M|\n|poke|p1|Sneasler, L50, M|\n|poke|p1|Kingambit, L50, F|\n|poke|p1|Garchomp, L50, M|\n|poke|p2|Garchomp, L50, M, shiny|\n|poke|p2|Archaludon, L50, M, shiny|\n|poke|p2|Manectric, L50, M, shiny|\n|poke|p2|Farigiraf, L50, F, shiny|\n|poke|p2|Primarina, L50, M, shiny|\n|poke|p2|Tyranitar, L50, F, shiny|\n|teampreview|4\n|\n|t:|1776541305\n|teamsize|p1|4\n|teamsize|p2|4\n|start\n|switch|p1a: Kingambit|Kingambit, L50, F|100/100\n|switch|p1b: Garchomp|Garchomp, L50, M|100/100\n|switch|p2a: Manectric|Manectric, L50, M, shiny|100/100\n|switch|p2b: Farigiraf|Farigiraf, L50, F, shiny|100/100\n|turn|1\n|\n|t:|1776541327\n|detailschange|p2a: Manectric|Manectric-Mega, L50, M, shiny\n|-mega|p2a: Manectric|Manectric|Manectite\n|-ability|p2a: Manectric|Intimidate|boost\n|-unboost|p1a: Kingambit|atk|1\n|-ability|p1a: Kingambit|Defiant|boost\n|-boost|p1a: Kingambit|atk|2\n|-unboost|p1b: Garchomp|atk|1\n|move|p2b: Farigiraf|Helping Hand|p2a: Manectric\n|-singleturn|p2a: Manectric|Helping Hand|[of] p2b: Farigiraf\n|move|p1b: Garchomp|Dragon Claw|p2b: Farigiraf\n|-damage|p2b: Farigiraf|70/100\n|move|p2a: Manectric|Flamethrower|p1a: Kingambit\n|-supereffective|p1a: Kingambit|1\n|-damage|p1a: Kingambit|12/100\n|move|p1a: Kingambit|Assurance|p2b: Farigiraf\n|-supereffective|p2b: Farigiraf|1\n|-damage|p2b: Farigiraf|0 fnt\n|faint|p2b: Farigiraf\n|\n|upkeep\n|\n|t:|1776541343\n|switch|p2b: Archaludon|Archaludon, L50, M, shiny|100/100\n|turn|2\n|\n|t:|1776541352\n|switch|p1b: Pelipper|Pelipper, L50, F|100/100\n|-weather|RainDance|[from] ability: Drizzle|[of] p1b: Pelipper\n|move|p2a: Manectric|Protect|p2a: Manectric\n|-singleturn|p2a: Manectric|Protect\n|move|p1a: Kingambit|Protect|p1a: Kingambit\n|-singleturn|p1a: Kingambit|Protect\n|move|p2b: Archaludon|Aura Sphere|p1a: Kingambit\n|-activate|p1a: Kingambit|move: Protect\n|\n|-weather|RainDance|[upkeep]\n|upkeep\n|turn|3\n|\n|t:|1776541368\n|switch|p1a: Garchomp|Garchomp, L50, M|100/100\n|move|p2a: Manectric|Volt Switch|p1b: Pelipper\n|-supereffective|p1b: Pelipper|2\n|-enditem|p1b: Pelipper|Focus Sash\n|-damage|p1b: Pelipper|1/100\n|\n|t:|1776541373\n|switch|p2a: Tyranitar|Tyranitar, L50, F, shiny|100/100|[from] Volt Switch\n|-weather|Sandstorm|[from] ability: Sand Stream|[of] p2a: Tyranitar\n|move|p2b: Archaludon|Aura Sphere|p1a: Garchomp\n|-damage|p1a: Garchomp|73/100\n|move|p1b: Pelipper|Tailwind|p1b: Pelipper\n|-sidestart|p1: pellasvgc|move: Tailwind\n|\n|-weather|Sandstorm|[upkeep]\n|-damage|p1b: Pelipper|0 fnt|[from] Sandstorm\n|faint|p1b: Pelipper\n|upkeep\n|\n|t:|1776541388\n|switch|p1b: Sneasler|Sneasler, L50, M|100/100\n|turn|4\n|\n|t:|1776541400\n|switch|p1a: Kingambit|Kingambit, L50, F|12/100\n|move|p2b: Archaludon|Protect|p2b: Archaludon\n|-singleturn|p2b: Archaludon|Protect\n|move|p2a: Tyranitar|Protect|p2a: Tyranitar\n|-singleturn|p2a: Tyranitar|Protect\n|move|p1b: Sneasler|Close Combat|p2b: Archaludon\n|-activate|p2b: Archaludon|move: Protect\n|\n|-weather|Sandstorm|[upkeep]\n|-damage|p1b: Sneasler|95/100|[from] Sandstorm\n|upkeep\n|turn|5\n|\n|t:|1776541417\n|move|p1b: Sneasler|Close Combat|p2a: Tyranitar\n|-supereffective|p2a: Tyranitar|2\n|-enditem|p2a: Tyranitar|Chople Berry|[eat]\n|-enditem|p2a: Tyranitar|Chople Berry|[weaken]\n|-damage|p2a: Tyranitar|0 fnt\n|-unboost|p1b: Sneasler|def|1\n|-unboost|p1b: Sneasler|spd|1\n|faint|p2a: Tyranitar\n|-enditem|p1b: Sneasler|White Herb\n|-clearnegativeboost|p1b: Sneasler|[silent]\n|move|p1a: Kingambit|Iron Head|p2b: Archaludon\n|-resisted|p2b: Archaludon|1\n|-damage|p2b: Archaludon|83/100\n|-ability|p2b: Archaludon|Stamina|boost\n|-boost|p2b: Archaludon|def|1\n|move|p2b: Archaludon|Dragon Pulse|p1a: Kingambit\n|-resisted|p1a: Kingambit|1\n|-damage|p1a: Kingambit|0 fnt\n|faint|p1a: Kingambit\n|\n|-weather|Sandstorm|[upkeep]\n|-damage|p1b: Sneasler|89/100|[from] Sandstorm\n|upkeep\n|\n|t:|1776541437\n|switch|p2a: Manectric|Manectric-Mega, L50, M, shiny|100/100\n|switch|p1a: Garchomp|Garchomp, L50, M|73/100\n|-ability|p2a: Manectric|Intimidate|boost\n|-unboost|p1a: Garchomp|atk|1\n|-unboost|p1b: Sneasler|atk|1\n|turn|6\n|\n|t:|1776541448\n|move|p1b: Sneasler|Protect|p1b: Sneasler\n|-singleturn|p1b: Sneasler|Protect\n|move|p2a: Manectric|Protect|p2a: Manectric\n|-singleturn|p2a: Manectric|Protect\n|move|p2b: Archaludon|Protect|p2b: Archaludon\n|-singleturn|p2b: Archaludon|Protect\n|move|p1a: Garchomp|Earthquake|p2b: Archaludon|[spread] \n|-activate|p1b: Sneasler|move: Protect\n|-activate|p2a: Manectric|move: Protect\n|-activate|p2b: Archaludon|move: Protect\n|\n|-weather|Sandstorm|[upkeep]\n|-damage|p1b: Sneasler|83/100|[from] Sandstorm\n|-damage|p2a: Manectric|95/100|[from] Sandstorm\n|-sideend|p1: pellasvgc|move: Tailwind\n|upkeep\n|turn|7\n|\n|t:|1776541469\n|move|p1b: Sneasler|Close Combat|p2b: Archaludon\n|-supereffective|p2b: Archaludon|1\n|-damage|p2b: Archaludon|38/100\n|-unboost|p1b: Sneasler|def|1\n|-unboost|p1b: Sneasler|spd|1\n|-ability|p2b: Archaludon|Stamina|boost\n|-boost|p2b: Archaludon|def|1\n|move|p1a: Garchomp|Earthquake|p2a: Manectric|[spread] p1b,p2a,p2b\n|-supereffective|p1b: Sneasler|1\n|-supereffective|p2a: Manectric|1\n|-supereffective|p2b: Archaludon|1\n|-enditem|p2b: Archaludon|Shuca Berry|[eat]\n|-enditem|p2b: Archaludon|Shuca Berry|[weaken]\n|-damage|p1b: Sneasler|0 fnt\n|-damage|p2a: Manectric|23/100\n|-damage|p2b: Archaludon|27/100\n|-ability|p2b: Archaludon|Stamina|boost\n|-boost|p2b: Archaludon|def|1\n|faint|p1b: Sneasler\n|move|p2a: Manectric|Volt Switch|p1a: Garchomp\n|-immune|p1a: Garchomp\n|move|p2b: Archaludon|Dragon Pulse|p1a: Garchomp\n|-supereffective|p1a: Garchomp|1\n|-damage|p1a: Garchomp|0 fnt\n|faint|p1a: Garchomp\n|\n|win|Leu_vgc\n|raw|pellasvgc's rating: 1355 &rarr; <strong>1338</strong><br />(-17 for losing)\n|raw|Leu_vgc's rating: 1409 &rarr; <strong>1426</strong><br />(+17 for winning)\n|l|\u2606pellasvgc\n|player|p1|\n",
  "uploadtime": 1776541491,
  "views": 41,
  "formatid": "gen9championsvgc2026regma",
  "rating": 1338,
  "private": 0,
  "password": null
}