{
  "id": "gen9championsvgc2026regma-2586512255",
  "format": "[Gen 9 Champions] VGC 2026 Reg M-A",
  "players": [
    "blaze61",
    "Vika_F44"
  ],
  "log": "|j|\u2606blaze61\n|j|\u2606Vika_F44\n|t:|1776439752\n|gametype|doubles\n|player|p1|blaze61|pokemonranger-gen4|1242\n|player|p2|Vika_F44|bianca|1325\n|gen|9\n|tier|[Gen 9 Champions] VGC 2026 Reg M-A\n|rated|\n|rule|Species Clause: Limit one of each Pok\u00e9mon\n|rule|Item Clause: Limit 1 of each item\n|clearpoke\n|poke|p1|Slowking, L50, M|\n|poke|p1|Incineroar, L50, M|\n|poke|p1|Crabominable, L50, M|\n|poke|p1|Hatterene, L50, F|\n|poke|p1|Camerupt, L50, M|\n|poke|p1|Decidueye-Hisui, L50, M|\n|poke|p2|Raichu, L50, F|\n|poke|p2|Blastoise, L50, F|\n|poke|p2|Kingambit, L50, F|\n|poke|p2|Farigiraf, L50, F|\n|poke|p2|Sinistcha, L50|\n|poke|p2|Aerodactyl, L50, F|\n|teampreview|4\nVika_F44 has agreed to open team sheets.\n|inactive|Battle timer is ON: inactive players will automatically lose when time's up. (requested by Vika_F44)\n|\n|t:|1776439793\n|teamsize|p1|4\n|teamsize|p2|4\n|start\n|switch|p1a: Slowking|Slowking, L50, M|100/100\n|switch|p1b: Incineroar|Incineroar, L50, M|100/100\n|switch|p2a: Kingambit|Kingambit, L50, F|100/100\n|switch|p2b: Raichu|Raichu, L50, F|100/100\n|-ability|p1b: Incineroar|Intimidate|boost\n|-unboost|p2a: Kingambit|atk|1\n|-ability|p2a: Kingambit|Defiant|boost\n|-boost|p2a: Kingambit|atk|2\n|-unboost|p2b: Raichu|atk|1\n|turn|1\n|\n|t:|1776439810\n|move|p2b: Raichu|Fake Out|p1b: Incineroar\n|-damage|p1b: Incineroar|95/100\n|cant|p1b: Incineroar|flinch\n|move|p2a: Kingambit|Kowtow Cleave|p1a: Slowking\n|-supereffective|p1a: Slowking|1\n|-enditem|p1a: Slowking|Colbur Berry|[eat]\n|-enditem|p1a: Slowking|Colbur Berry|[weaken]\n|-damage|p1a: Slowking|32/100\n|move|p1a: Slowking|Trick Room|p1a: Slowking\n|-fieldstart|move: Trick Room|[of] p1a: Slowking\n|\n|upkeep\n|turn|2\n|inactive|Vika_F44 has 30 seconds left.\n|\n|t:|1776439840\n|-prepare|p1a: Slowking|Chilly Reception|[premajor]\n|move|p1a: Slowking|Chilly Reception|p1a: Slowking\n|-weather|Snowscape\n|\n|t:|1776439846\n|switch|p1a: Crabominable|Crabominable, L50, M|100/100|[from] Chilly Reception\n|move|p2a: Kingambit|Low Kick|p1b: Incineroar\n|-supereffective|p1b: Incineroar|1\n|-damage|p1b: Incineroar|0 fnt\n|faint|p1b: Incineroar\n|move|p2b: Raichu|Volt Switch|p1a: Crabominable\n|-damage|p1a: Crabominable|68/100\n|\n|t:|1776439857\n|switch|p2b: Blastoise|Blastoise, L50, F|100/100|[from] Volt Switch\n|\n|-weather|Snowscape|[upkeep]\n|upkeep\n|\n|t:|1776439867\n|switch|p1b: Decidueye|Decidueye-Hisui, L50, M, shiny|100/100\n|turn|3\n|inactive|Vika_F44 has 30 seconds left.\n|inactive|Vika_F44 has 20 seconds left.\n|inactive|Vika_F44 has 15 seconds left.\n|\n|t:|1776439911\n|switch|p2b: Raichu|Raichu, L50, F|100/100\n|detailschange|p1a: Crabominable|Crabominable-Mega, L50, M\n|-mega|p1a: Crabominable|Crabominable|Crabominite\n|move|p1a: Crabominable|Thunder Punch|p2b: Raichu\n|-ability|p2b: Raichu|Lightning Rod|boost\n|-boost|p2b: Raichu|spa|1\n|move|p2a: Kingambit|Low Kick|p1a: Crabominable\n|-supereffective|p1a: Crabominable|1\n|-damage|p1a: Crabominable|0 fnt\n|faint|p1a: Crabominable\n|move|p1b: Decidueye|Triple Arrows|p2a: Kingambit\n|-supereffective|p2a: Kingambit|2\n|-damage|p2a: Kingambit|0 fnt\n|faint|p2a: Kingambit\n|\n|-weather|Snowscape|[upkeep]\n|upkeep\n|\n|t:|1776439928\n|switch|p1a: Slowking|Slowking, L50, M|32/100\n|switch|p2a: Blastoise|Blastoise, L50, F|100/100\n|turn|4\n|\n|t:|1776439952\n|detailschange|p2a: Blastoise|Blastoise-Mega, L50, F\n|-mega|p2a: Blastoise|Blastoise|Blastoisinite\n|move|p2b: Raichu|Fake Out|p1b: Decidueye\n|-damage|p1b: Decidueye|91/100\n|move|p1a: Slowking|Earthquake|p2a: Blastoise|[spread] p1b,p2a,p2b\n|-resisted|p1b: Decidueye|1\n|-supereffective|p2b: Raichu|1\n|-damage|p1b: Decidueye|84/100\n|-damage|p2a: Blastoise|90/100\n|-damage|p2b: Raichu|32/100\n|cant|p1b: Decidueye|flinch\n|move|p2a: Blastoise|Water Spout|p1a: Slowking|[spread] p1a,p1b\n|-resisted|p1a: Slowking|1\n|-resisted|p1b: Decidueye|1\n|-damage|p1a: Slowking|9/100\n|-damage|p1b: Decidueye|57/100\n|\n|-weather|Snowscape|[upkeep]\n|upkeep\n|turn|5\n|\n|t:|1776439976\n|switch|p2b: Sinistcha|Sinistcha, L50|100/100\n|-heal|p2a: Blastoise|100/100|[from] ability: Hospitality|[of] p2b: Sinistcha\n|move|p2a: Blastoise|Protect|p2a: Blastoise\n|-singleturn|p2a: Blastoise|Protect\n|move|p1a: Slowking|Earthquake|p2a: Blastoise|[spread] p1b,p2b\n|-activate|p2a: Blastoise|move: Protect\n|-resisted|p1b: Decidueye|1\n|-resisted|p2b: Sinistcha|1\n|-damage|p1b: Decidueye|50/100\n|-damage|p2b: Sinistcha|95/100\n|move|p1b: Decidueye|Leaf Blade|p2a: Blastoise\n|-activate|p2a: Blastoise|move: Protect\n|\n|-weather|Snowscape|[upkeep]\n|-fieldend|move: Trick Room\n|upkeep\n|turn|6\n|inactive|Vika_F44 has 30 seconds left.\n|\n|t:|1776440004\n|switch|p2a: Raichu|Raichu, L50, F|32/100\n|move|p2b: Sinistcha|Matcha Gotcha|p1a: Slowking|[spread] p1a,p1b\n|-supereffective|p1a: Slowking|1\n|-resisted|p1b: Decidueye|1\n|-damage|p1a: Slowking|0 fnt\n|-heal|p2b: Sinistcha|99/100|[from] drain|[of] p1a: Slowking\n|-damage|p1b: Decidueye|38/100\n|-heal|p2b: Sinistcha|100/100|[from] drain|[of] p1b: Decidueye\n|faint|p1a: Slowking\n|move|p1b: Decidueye|Leaf Blade|p2a: Raichu\n|-damage|p2a: Raichu|0 fnt\n|faint|p2a: Raichu\n|\n|-weather|none\n|upkeep\n|\n|t:|1776440017\n|switch|p2a: Blastoise|Blastoise-Mega, L50, F|100/100\n|turn|7\n|c|\u2606blaze61|gg\n|\n|t:|1776440026\n|move|p2a: Blastoise|Protect|p2a: Blastoise\n|-singleturn|p2a: Blastoise|Protect\n|move|p2b: Sinistcha|Matcha Gotcha|p1b: Decidueye\n|-resisted|p1b: Decidueye|1\n|-damage|p1b: Decidueye|23/100\n|move|p1b: Decidueye|Leaf Blade|p2a: Blastoise\n|-activate|p2a: Blastoise|move: Protect\n|\n|upkeep\n|turn|8\n|\n|t:|1776440042\n|move|p2a: Blastoise|Water Pulse|p1b: Decidueye\n|-resisted|p1b: Decidueye|1\n|-damage|p1b: Decidueye|0 fnt\n|faint|p1b: Decidueye\n|\n|win|Vika_F44\n|raw|blaze61's rating: 1242 &rarr; <strong>1223</strong><br />(-19 for losing)\n|raw|Vika_F44's rating: 1325 &rarr; <strong>1340</strong><br />(+15 for winning)\n|c|\u2606Vika_F44|gg\n",
  "uploadtime": 1776440050,
  "views": 45,
  "formatid": "gen9championsvgc2026regma",
  "rating": 1223,
  "private": 0,
  "password": null
}