{
  "id": "gen9championsvgc2026regma-2580609600",
  "format": "[Gen 9 Champions] VGC 2026 Reg M-A",
  "players": [
    "rusbi",
    "azelflux"
  ],
  "log": "|j|\u2606rusbi\n|j|\u203dazelflux\n|t:|1775917783\n|gametype|doubles\n|player|p1|rusbi|ghetsis|1086\n|player|p2|azelflux|n|1107\n|gen|9\n|tier|[Gen 9 Champions] VGC 2026 Reg M-A\n|rated|\n|rule|Species Clause: Limit one of each Pok\u00e9mon\n|rule|Item Clause: Limit 1 of each item\n|clearpoke\n|poke|p1|Pelipper, L50, F|\n|poke|p1|Starmie, L50|\n|poke|p1|Archaludon, L50, F|\n|poke|p1|Basculegion, L50, M|\n|poke|p1|Whimsicott, L50, M|\n|poke|p1|Incineroar, L50, F|\n|poke|p2|Meganium, L50, F|\n|poke|p2|Farigiraf, L50, F|\n|poke|p2|Pelipper, L50, F|\n|poke|p2|Basculegion-F, L50, F|\n|poke|p2|Excadrill, L50, M|\n|poke|p2|Raichu, L50, F|\n|teampreview|4\n|inactive|Battle timer is ON: inactive players will automatically lose when time's up. (requested by rusbi)\n|\n|t:|1775917809\n|teamsize|p1|4\n|teamsize|p2|4\n|start\n|switch|p1a: Coseno|Incineroar, L50, F|100/100\n|switch|p1b: \u00d3scar|Archaludon, L50, F|100/100\n|switch|p2a: Raichu|Raichu, L50, F|100/100\n|switch|p2b: Farigiraf|Farigiraf, L50, F|100/100\n|-ability|p1a: Coseno|Intimidate|boost\n|-unboost|p2a: Raichu|atk|1\n|-unboost|p2b: Farigiraf|atk|1\n|turn|1\n|\n|t:|1775917831\n|move|p2a: Raichu|Fake Out|p1a: Coseno\n|-damage|p1a: Coseno|95/100\n|cant|p1a: Coseno|flinch\n|move|p1b: \u00d3scar|Draco Meteor|p2b: Farigiraf\n|-damage|p2b: Farigiraf|30/100\n|-unboost|p1b: \u00d3scar|spa|2\n|move|p2b: Farigiraf|Trick Room|p2b: Farigiraf\n|-fieldstart|move: Trick Room|[of] p2b: Farigiraf\n|\n|upkeep\n|turn|2\n|\n|t:|1775917855\n|switch|p2b: Meganium|Meganium, L50, F|100/100\n|move|p1b: \u00d3scar|Protect|p1b: \u00d3scar\n|-singleturn|p1b: \u00d3scar|Protect\n|move|p1a: Coseno|Darkest Lariat|p2b: Meganium\n|-damage|p2b: Meganium|67/100\n|move|p2a: Raichu|Volt Switch|p1a: Coseno\n|-damage|p1a: Coseno|70/100\n|\n|t:|1775917873\n|switch|p2a: Basculegion|Basculegion-F, L50, F|100/100|[from] Volt Switch\n|\n|upkeep\n|turn|3\n|\n|t:|1775917890\n|switch|p1b: Gaviota|Pelipper, L50, F|100/100\n|-weather|RainDance|[from] ability: Drizzle|[of] p1b: Gaviota\n|detailschange|p2b: Meganium|Meganium-Mega, L50, F\n|-mega|p2b: Meganium|Meganium|Meganiumite\n|move|p1a: Coseno|Darkest Lariat|p2a: Basculegion\n|-supereffective|p2a: Basculegion|1\n|-crit|p2a: Basculegion\n|-damage|p2a: Basculegion|0 fnt\n|faint|p2a: Basculegion\n|move|p2b: Meganium|Weather Ball|p1b: Gaviota\n|-resisted|p1b: Gaviota|1\n|-damage|p1b: Gaviota|86/100\n|\n|-weather|RainDance|[upkeep]\n|upkeep\n|\n|t:|1775917902\n|switch|p2a: Raichu|Raichu, L50, F|100/100\n|turn|4\n|inactive|azelflux has 30 seconds left.\n|inactive|azelflux has 20 seconds left.\n|inactive|azelflux has 15 seconds left.\n|inactive|azelflux has 10 seconds left.\n|\n|t:|1775917949\n|move|p1a: Coseno|Darkest Lariat|p2a: Raichu\n|-damage|p2a: Raichu|29/100\n|move|p1b: Gaviota|Weather Ball|p2a: Raichu\n|-damage|p2a: Raichu|0 fnt\n|faint|p2a: Raichu\n|move|p2b: Meganium|Earth Power|p1a: Coseno\n|-supereffective|p1a: Coseno|1\n|-damage|p1a: Coseno|6/100\n|-enditem|p1a: Coseno|Sitrus Berry|[eat]\n|-heal|p1a: Coseno|31/100|[from] item: Sitrus Berry\n|\n|-weather|RainDance|[upkeep]\n|upkeep\n|\n|t:|1775917958\n|switch|p2a: Farigiraf|Farigiraf, L50, F|30/100\n|turn|5\n|-message|azelflux forfeited.\n|\n|win|rusbi\n|raw|rusbi's rating: 1086 &rarr; <strong>1115</strong><br />(+29 for winning)\n|raw|azelflux's rating: 1107 &rarr; <strong>1080</strong><br />(-27 for losing)\n|l|\u203dazelflux\n|player|p2|\n|l|\u2606rusbi\n|player|p1|\n|j|\u203dazelflux\n|player|p2|azelflux|n|\n",
  "uploadtime": 1775917974,
  "views": 55,
  "formatid": "gen9championsvgc2026regma",
  "rating": 1080,
  "private": 0,
  "password": null
}