{
  "id": "gen9championsvgc2026regma-2580654100",
  "format": "[Gen 9 Champions] VGC 2026 Reg M-A",
  "players": [
    "mimrat6",
    "Ultraenigma"
  ],
  "log": "|j|\u2606mimrat6\n|j|\u2606Ultraenigma\n|t:|1775921629\n|gametype|doubles\n|player|p1|mimrat6|caitlin|1087\n|player|p2|Ultraenigma|lass-gen4|1090\n|gen|9\n|tier|[Gen 9 Champions] VGC 2026 Reg M-A\n|rated|\n|rule|Species Clause: Limit one of each Pok\u00e9mon\n|rule|Item Clause: Limit 1 of each item\n|clearpoke\n|poke|p1|Floette-Eternal, L50, F|\n|poke|p1|Delphox, L50, M|\n|poke|p1|Aerodactyl, L50, M|\n|poke|p1|Garchomp, L50, F|\n|poke|p1|Maushold, L50|\n|poke|p1|Incineroar, L50, F|\n|poke|p2|Floette-Eternal, L50, F|\n|poke|p2|Sylveon, L50, M|\n|poke|p2|Incineroar, L50, F|\n|poke|p2|Dragapult, L50, M|\n|poke|p2|Empoleon, L50, F|\n|poke|p2|Volcarona, L50, M|\n|teampreview|4\n|inactive|Battle timer is ON: inactive players will automatically lose when time's up. (requested by mimrat6)\n|inactive|Ultraenigma has 60 seconds left.\n|\n|t:|1775921678\n|teamsize|p1|4\n|teamsize|p2|4\n|start\n|switch|p1a: Delphox|Delphox, L50, M|100/100\n|switch|p1b: Maushold|Maushold, L50, shiny|100/100\n|switch|p2a: Reginald|Incineroar, L50, F|100/100\n|switch|p2b: Big bertha|Empoleon, L50, F|100/100\n|-ability|p2a: Reginald|Intimidate|boost\n|-unboost|p1a: Delphox|atk|1\n|-unboost|p1b: Maushold|atk|1\n|turn|1\n|inactive|Ultraenigma has 30 seconds left.\n|inactive|Ultraenigma has 20 seconds left.\n|\n|t:|1775921715\n|move|p1a: Delphox|Protect|p1a: Delphox\n|-singleturn|p1a: Delphox|Protect\n|move|p2a: Reginald|Fake Out|p1b: Maushold\n|-damage|p1b: Maushold|85/100\n|cant|p1b: Maushold|flinch\n|move|p2b: Big bertha|Hydro Pump|p1a: Delphox\n|-activate|p1a: Delphox|move: Protect\n|\n|upkeep\n|turn|2\n|\n|t:|1775921737\n|switch|p1a: Garchomp|Garchomp, L50, F, shiny|100/100\n|move|p2b: Big bertha|Protect|p2b: Big bertha\n|-singleturn|p2b: Big bertha|Protect\n|move|p1b: Maushold|Super Fang|p2b: Big bertha\n|-activate|p2b: Big bertha|move: Protect\n|move|p2a: Reginald|Parting Shot|p1a: Garchomp\n|-unboost|p1a: Garchomp|atk|1\n|-unboost|p1a: Garchomp|spa|1\n|\n|t:|1775921748\n|switch|p2a: Barry|Dragapult, L50, M|100/100|[from] Parting Shot\n|-enditem|p1a: Garchomp|White Herb\n|-clearnegativeboost|p1a: Garchomp|[silent]\n|\n|upkeep\n|turn|3\n|\n|t:|1775921761\n|move|p1b: Maushold|Follow Me|p1b: Maushold\n|-singleturn|p1b: Maushold|move: Follow Me\n|move|p2a: Barry|Draco Meteor|p1b: Maushold\n|-damage|p1b: Maushold|18/100\n|-unboost|p2a: Barry|spa|2\n|move|p1a: Garchomp|Stomping Tantrum|p2b: Big bertha\n|-supereffective|p2b: Big bertha|1\n|-damage|p2b: Big bertha|43/100\n|move|p2b: Big bertha|Flash Cannon|p1b: Maushold\n|-damage|p1b: Maushold|0 fnt\n|faint|p1b: Maushold\n|\n|upkeep\n|\n|t:|1775921773\n|switch|p1b: Aerodactyl|Aerodactyl, L50, M, shiny|100/100\n|-ability|p1b: Aerodactyl|Unnerve\n|turn|4\n|\n|t:|1775921785\n|switch|p2a: Reginald|Incineroar, L50, F|100/100\n|-ability|p2a: Reginald|Intimidate|boost\n|-unboost|p1a: Garchomp|atk|1\n|-unboost|p1b: Aerodactyl|atk|1\n|switch|p1a: Delphox|Delphox, L50, M|100/100\n|move|p2b: Big bertha|Protect|p2b: Big bertha\n|-singleturn|p2b: Big bertha|Protect\n|move|p1b: Aerodactyl|Tailwind|p1b: Aerodactyl\n|-sidestart|p1: mimrat6|move: Tailwind\n|\n|upkeep\n|turn|5\n|\n|t:|1775921804\n|detailschange|p1a: Delphox|Delphox-Mega, L50, M\n|-mega|p1a: Delphox|Delphox|Delphoxite\n|move|p2a: Reginald|Fake Out|p1b: Aerodactyl\n|-resisted|p1b: Aerodactyl|1\n|-damage|p1b: Aerodactyl|93/100\n|move|p1a: Delphox|Encore|p2b: Big bertha\n|-start|p2b: Big bertha|Encore\n|move|p2b: Big bertha|Protect||[still]\n|-fail|p2b: Big bertha\n|cant|p1b: Aerodactyl|flinch\n|\n|upkeep\n|turn|6\n|\n|t:|1775921817\n|switch|p1b: Garchomp|Garchomp, L50, F, shiny|100/100\n|switch|p2b: Barry|Dragapult, L50, M|100/100\n|move|p1a: Delphox|Heat Wave|p2a: Reginald|[spread] p2a,p2b\n|-resisted|p2a: Reginald|1\n|-resisted|p2b: Barry|1\n|-crit|p2b: Barry\n|-damage|p2a: Reginald|81/100\n|-damage|p2b: Barry|60/100\n|move|p2a: Reginald|Darkest Lariat|p1a: Delphox\n|-supereffective|p1a: Delphox|1\n|-damage|p1a: Delphox|9/100\n|\n|upkeep\n|turn|7\n|\n|t:|1775921839\n|switch|p2a: Big bertha|Empoleon, L50, F|43/100\n|move|p1a: Delphox|Heat Wave|p2a: Big bertha|[spread] p2a,p2b\n|-resisted|p2b: Barry|1\n|-damage|p2a: Big bertha|3/100\n|-damage|p2b: Barry|32/100\n|move|p2b: Barry|Draco Meteor|p1b: Garchomp\n|-supereffective|p1b: Garchomp|1\n|-damage|p1b: Garchomp|0 fnt\n|-unboost|p2b: Barry|spa|2\n|faint|p1b: Garchomp\n|\n|-sideend|p1: mimrat6|move: Tailwind\n|upkeep\n|\n|t:|1775921852\n|switch|p1b: Aerodactyl|Aerodactyl, L50, M, shiny|93/100\n|-ability|p1b: Aerodactyl|Unnerve\n|turn|8\n|\n|t:|1775921872\n|move|p1a: Delphox|Protect|p1a: Delphox\n|-singleturn|p1a: Delphox|Protect\n|move|p2a: Big bertha|Protect|p2a: Big bertha\n|-singleturn|p2a: Big bertha|Protect\n|move|p2b: Barry|Draco Meteor|p1b: Aerodactyl\n|-crit|p1b: Aerodactyl\n|-damage|p1b: Aerodactyl|0 fnt\n|-unboost|p2b: Barry|spa|2\n|faint|p1b: Aerodactyl\n|\n|upkeep\n|turn|9\n|c|\u2606Ultraenigma|?\n|-message|mimrat6 forfeited.\n|\n|win|Ultraenigma\n|raw|mimrat6's rating: 1087 &rarr; <strong>1064</strong><br />(-23 for losing)\n|raw|Ultraenigma's rating: 1090 &rarr; <strong>1116</strong><br />(+26 for winning)\n|l|\u2606mimrat6\n|player|p1|\n",
  "uploadtime": 1775921916,
  "views": 12,
  "formatid": "gen9championsvgc2026regma",
  "rating": 1064,
  "private": 0,
  "password": null
}