{
  "id": "gen9championsvgc2026regma-2586188015",
  "format": "[Gen 9 Champions] VGC 2026 Reg M-A",
  "players": [
    "ip_zz",
    "Mentalsyndrome"
  ],
  "log": "|j|\u2606ip_zz\n|j|\u2606Mentalsyndrome\n|t:|1776410120\n|gametype|doubles\n|player|p1|ip_zz|dawn|1217\n|player|p2|Mentalsyndrome|169|1250\n|gen|9\n|tier|[Gen 9 Champions] VGC 2026 Reg M-A\n|rated|\n|rule|Species Clause: Limit one of each Pok\u00e9mon\n|rule|Item Clause: Limit 1 of each item\n|clearpoke\n|poke|p1|Feraligatr, L50, M|\n|poke|p1|Floette-Eternal, L50, F|\n|poke|p1|Kangaskhan, L50, F|\n|poke|p1|Milotic, L50, F|\n|poke|p1|Scizor, L50, M|\n|poke|p1|Talonflame, L50, M|\n|poke|p2|Tinkaton, L50, F|\n|poke|p2|Kangaskhan, L50, F|\n|poke|p2|Farigiraf, L50, F|\n|poke|p2|Camerupt, L50, M|\n|poke|p2|Gardevoir, L50, M|\n|poke|p2|Conkeldurr, L50, M|\n|teampreview|4\n|inactive|Battle timer is ON: inactive players will automatically lose when time's up. (requested by Mentalsyndrome)\n|inactive|Mentalsyndrome has 60 seconds left.\n|\n|t:|1776410165\n|teamsize|p1|4\n|teamsize|p2|4\n|start\n|switch|p1a: Milotic|Milotic, L50, F|100/100\n|switch|p1b: Feraligatr|Feraligatr, L50, M|100/100\n|switch|p2a: Taco Tuesday|Kangaskhan, L50, F|100/100\n|switch|p2b: Shane|Farigiraf, L50, F|100/100\n|turn|1\n|\n|t:|1776410182\n|move|p1b: Feraligatr|Protect|p1b: Feraligatr\n|-singleturn|p1b: Feraligatr|Protect\n|move|p2a: Taco Tuesday|Fake Out|p1b: Feraligatr\n|-activate|p1b: Feraligatr|move: Protect\n|move|p1a: Milotic|Icy Wind|p2a: Taco Tuesday|[spread] p2a,p2b\n|-damage|p2a: Taco Tuesday|90/100\n|-damage|p2b: Shane|92/100\n|-unboost|p2a: Taco Tuesday|spe|1\n|-unboost|p2b: Shane|spe|1\n|move|p2b: Shane|Trick Room|p2b: Shane\n|-fieldstart|move: Trick Room|[of] p2b: Shane\n|\n|upkeep\n|turn|2\n|\n|t:|1776410207\n|detailschange|p1b: Feraligatr|Feraligatr-Mega, L50, M\n|-mega|p1b: Feraligatr|Feraligatr|Feraligite\n|move|p2b: Shane|Helping Hand|p2a: Taco Tuesday\n|-singleturn|p2a: Taco Tuesday|Helping Hand|[of] p2b: Shane\n|move|p2a: Taco Tuesday|Double-Edge|p1b: Feraligatr\n|-damage|p1b: Feraligatr|10/100\n|-damage|p2a: Taco Tuesday|65/100|[from] Recoil\n|move|p1a: Milotic|Dragon Cheer|p1b: Feraligatr\n|-start|p1b: Feraligatr|move: Dragon Cheer\n|move|p1b: Feraligatr|Waterfall|p2b: Shane\n|-crit|p2b: Shane\n|-damage|p2b: Shane|17/100\n|\n|upkeep\n|turn|3\n|\n|t:|1776410224\n|move|p1b: Feraligatr|Protect|p1b: Feraligatr\n|-singleturn|p1b: Feraligatr|Protect\n|move|p2b: Shane|Thunderbolt|p1a: Milotic\n|-supereffective|p1a: Milotic|1\n|-damage|p1a: Milotic|69/100\n|move|p2a: Taco Tuesday|Low Kick|p1b: Feraligatr\n|-activate|p1b: Feraligatr|move: Protect\n|move|p1a: Milotic|Scald|p2a: Taco Tuesday\n|-damage|p2a: Taco Tuesday|36/100\n|\n|-heal|p1a: Milotic|75/100|[from] item: Leftovers\n|upkeep\n|turn|4\n|\n|t:|1776410249\n|move|p1b: Feraligatr|Protect|p1b: Feraligatr\n|-singleturn|p1b: Feraligatr|Protect\n|move|p2b: Shane|Thunderbolt|p1b: Feraligatr\n|-activate|p1b: Feraligatr|move: Protect\n|move|p2a: Taco Tuesday|Double-Edge|p1a: Milotic\n|-damage|p1a: Milotic|18/100\n|-damage|p2a: Taco Tuesday|16/100|[from] Recoil\n|move|p1a: Milotic|Scald|p2b: Shane\n|-damage|p2b: Shane|0 fnt\n|faint|p2b: Shane\n|\n|-heal|p1a: Milotic|24/100|[from] item: Leftovers\n|upkeep\n|\n|t:|1776410256\n|switch|p2b: Ai|Gardevoir, L50, M, shiny|100/100\n|-ability|p2b: Ai|Dragonize|Trace|[from] ability: Trace|[of] p1b: Feraligatr\n|turn|5\n|\n|t:|1776410281\n|switch|p1b: Kangaskhan|Kangaskhan, L50, F|100/100\n|detailschange|p2b: Ai|Gardevoir-Mega, L50, M, shiny\n|-mega|p2b: Ai|Gardevoir|Gardevoirite\n|move|p1a: Milotic|Protect|p1a: Milotic\n|-singleturn|p1a: Milotic|Protect\n|move|p2a: Taco Tuesday|Sucker Punch||[still]\n|-fail|p2a: Taco Tuesday\n|move|p2b: Ai|Hyper Voice|p1b: Kangaskhan|[spread] p1b\n|-activate|p1a: Milotic|move: Protect\n|-damage|p1b: Kangaskhan|50/100\n|-enditem|p1b: Kangaskhan|Sitrus Berry|[eat]\n|-heal|p1b: Kangaskhan|75/100|[from] item: Sitrus Berry\n|\n|-heal|p1a: Milotic|30/100|[from] item: Leftovers\n|-fieldend|move: Trick Room\n|upkeep\n|turn|6\n|\n|t:|1776410305\n|move|p2b: Ai|Protect|p2b: Ai\n|-singleturn|p2b: Ai|Protect\n|move|p1b: Kangaskhan|Fake Out|p2b: Ai\n|-activate|p2b: Ai|move: Protect\n|move|p1a: Milotic|Icy Wind|p2a: Taco Tuesday|[spread] p2a\n|-activate|p2b: Ai|move: Protect\n|-damage|p2a: Taco Tuesday|7/100\n|-unboost|p2a: Taco Tuesday|spe|1\n|move|p2a: Taco Tuesday|Low Kick|p1b: Kangaskhan\n|-supereffective|p1b: Kangaskhan|1\n|-damage|p1b: Kangaskhan|41/100\n|\n|-heal|p1a: Milotic|36/100|[from] item: Leftovers\n|upkeep\n|turn|7\n|\n|t:|1776410319\n|move|p2a: Taco Tuesday|Sucker Punch|p1a: Milotic\n|-damage|p1a: Milotic|19/100\n|move|p2b: Ai|Hyper Voice|p1b: Kangaskhan|[spread] p1a,p1b\n|-damage|p1a: Milotic|0 fnt\n|-damage|p1b: Kangaskhan|0 fnt\n|faint|p1a: Milotic\n|faint|p1b: Kangaskhan\n|\n|upkeep\n|\n|t:|1776410325\n|switch|p1b: Floette|Floette-Eternal, L50, F|100/100\n|switch|p1a: Feraligatr|Feraligatr-Mega, L50, M|10/100\n|turn|8\n|\n|t:|1776410337\n|move|p1a: Feraligatr|Protect|p1a: Feraligatr\n|-singleturn|p1a: Feraligatr|Protect\n|move|p1b: Floette|Dazzling Gleam|p2a: Taco Tuesday|[spread] p2a,p2b\n|-damage|p2a: Taco Tuesday|0 fnt\n|-damage|p2b: Ai|72/100\n|faint|p2a: Taco Tuesday\n|move|p2b: Ai|Hyper Voice|p1a: Feraligatr|[spread] p1b\n|-activate|p1a: Feraligatr|move: Protect\n|-damage|p1b: Floette|45/100\n|\n|upkeep\n|\n|t:|1776410339\n|switch|p2a: Ranger|Camerupt, L50, M|100/100\n|turn|9\n|\n|t:|1776410350\n|move|p1b: Floette|Light of Ruin|p2b: Ai\n|-damage|p2b: Ai|7/100\n|-damage|p1b: Floette|14/100|[from] Recoil\n|move|p2b: Ai|Hyper Voice|p1a: Feraligatr|[spread] p1a,p1b\n|-supereffective|p1a: Feraligatr|1\n|-damage|p1a: Feraligatr|0 fnt\n|-damage|p1b: Floette|0 fnt\n|faint|p1a: Feraligatr\n|faint|p1b: Floette\n|\n|win|Mentalsyndrome\n|raw|ip_zz's rating: 1217 &rarr; <strong>1194</strong><br />(-23 for losing)\n|raw|Mentalsyndrome's rating: 1250 &rarr; <strong>1273</strong><br />(+23 for winning)\n",
  "uploadtime": 1776410357,
  "views": 37,
  "formatid": "gen9championsvgc2026regma",
  "rating": 1194,
  "private": 0,
  "password": null
}