{
  "id": "gen9championsvgc2026regma-2587761650",
  "format": "[Gen 9 Champions] VGC 2026 Reg M-A",
  "players": [
    "NewsDeivid",
    "ImportDave"
  ],
  "log": "|j|\u2606NewsDeivid\n|j|\u2606ImportDave\n|t:|1776561375\n|gametype|doubles\n|player|p1|NewsDeivid|102|1122\n|player|p2|ImportDave|169|1148\n|gen|9\n|tier|[Gen 9 Champions] VGC 2026 Reg M-A\n|rated|\n|rule|Species Clause: Limit one of each Pok\u00e9mon\n|rule|Item Clause: Limit 1 of each item\n|clearpoke\n|poke|p1|Floette-Eternal, L50, F|\n|poke|p1|Garchomp, L50, M|\n|poke|p1|Corviknight, L50, M, shiny|\n|poke|p1|Sneasler, L50, F|\n|poke|p1|Maushold, L50|\n|poke|p1|Incineroar, L50, M|\n|poke|p2|Sinistcha-Masterpiece, L50|\n|poke|p2|Ninetales-Alola, L50, F|\n|poke|p2|Crabominable, L50, M|\n|poke|p2|Incineroar, L50, M|\n|poke|p2|Milotic, L50, F|\n|poke|p2|Slowking-Galar, L50, F|\n|teampreview|4\n|\n|t:|1776561443\n|teamsize|p1|4\n|teamsize|p2|4\n|start\n|switch|p1a: Corviknight|Corviknight, L50, M, shiny|100/100\n|switch|p1b: Sneasler|Sneasler, L50, F|100/100\n|switch|p2a: Ninetales|Ninetales-Alola, L50, F|100/100\n|switch|p2b: Milotic|Milotic, L50, F|100/100\n|-weather|Snowscape|[from] ability: Snow Warning|[of] p2a: Ninetales\n|turn|1\n|\n|t:|1776561471\n|switch|p2a: Slowking|Slowking-Galar, L50, F|100/100\n|move|p1b: Sneasler|Fake Out|p2a: Slowking\n|-damage|p2a: Slowking|87/100\n|move|p2b: Milotic|Blizzard|p1a: Corviknight|[spread] p1a,p1b\n|-damage|p1a: Corviknight|78/100\n|-damage|p1b: Sneasler|71/100\n|-status|p1a: Corviknight|frz\n|-curestatus|p1a: Corviknight|frz|[msg]\n|move|p1a: Corviknight|Iron Defense|p1a: Corviknight\n|-boost|p1a: Corviknight|def|2\n|\n|-weather|Snowscape|[upkeep]\n|-heal|p1a: Corviknight|83/100|[from] item: Leftovers\n|upkeep\n|turn|2\n|\n|t:|1776561498\n|move|p1b: Sneasler|Close Combat|p2b: Milotic\n|-damage|p2b: Milotic|27/100\n|-unboost|p1b: Sneasler|def|1\n|-unboost|p1b: Sneasler|spd|1\n|-enditem|p1b: Sneasler|White Herb\n|-clearnegativeboost|p1b: Sneasler|[silent]\n|move|p2b: Milotic|Blizzard|p1b: Sneasler|[spread] p1a,p1b\n|-damage|p1a: Corviknight|60/100\n|-damage|p1b: Sneasler|41/100\n|move|p1a: Corviknight|Body Press|p2b: Milotic\n|-damage|p2b: Milotic|0 fnt\n|faint|p2b: Milotic\n|move|p2a: Slowking|Psychic|p1b: Sneasler\n|-supereffective|p1b: Sneasler|2\n|-damage|p1b: Sneasler|0 fnt\n|faint|p1b: Sneasler\n|\n|-weather|Snowscape|[upkeep]\n|-heal|p1a: Corviknight|66/100|[from] item: Leftovers\n|upkeep\n|\n|t:|1776561523\n|switch|p1b: Incineroar|Incineroar, L50, M|100/100\n|switch|p2b: Crabominable|Crabominable, L50, M|100/100\n|-ability|p1b: Incineroar|Intimidate|boost\n|-unboost|p2a: Slowking|atk|1\n|-unboost|p2b: Crabominable|atk|1\n|turn|3\n|\n|t:|1776561541\n|detailschange|p2b: Crabominable|Crabominable-Mega, L50, M\n|-mega|p2b: Crabominable|Crabominable|Crabominite\n|move|p2b: Crabominable|Protect|p2b: Crabominable\n|-singleturn|p2b: Crabominable|Protect\n|move|p1b: Incineroar|Fake Out|p2a: Slowking\n|-damage|p2a: Slowking|76/100\n|move|p1a: Corviknight|Body Press|p2b: Crabominable\n|-activate|p2b: Crabominable|move: Protect\n|cant|p2a: Slowking|flinch\n|\n|-weather|Snowscape|[upkeep]\n|-heal|p1a: Corviknight|72/100|[from] item: Leftovers\n|upkeep\n|turn|4\n|\n|t:|1776561575\n|switch|p2b: Ninetales|Ninetales-Alola, L50, F|100/100\n|move|p1b: Incineroar|Parting Shot|p2b: Ninetales\n|-unboost|p2b: Ninetales|atk|1\n|-unboost|p2b: Ninetales|spa|1\n|\n|t:|1776561581\n|switch|p1b: Garchomp|Garchomp, L50, M|100/100|[from] Parting Shot\n|move|p1a: Corviknight|Body Press|p2b: Ninetales\n|-damage|p2b: Ninetales|64/100\n|move|p2a: Slowking|Trick Room|p2a: Slowking\n|-fieldstart|move: Trick Room|[of] p2a: Slowking\n|\n|-weather|Snowscape|[upkeep]\n|-heal|p1a: Corviknight|78/100|[from] item: Leftovers\n|upkeep\n|turn|5\n|\n|t:|1776561609\n|switch|p2a: Crabominable|Crabominable-Mega, L50, M|100/100\n|switch|p1b: Incineroar|Incineroar, L50, M|100/100\n|-ability|p1b: Incineroar|Intimidate|boost\n|-unboost|p2a: Crabominable|atk|1\n|-unboost|p2b: Ninetales|atk|1\n|move|p1a: Corviknight|Brave Bird|p2b: Ninetales\n|-damage|p2b: Ninetales|38/100\n|-damage|p1a: Corviknight|72/100|[from] Recoil\n|move|p2b: Ninetales|Blizzard|p1a: Corviknight|[spread] p1a,p1b\n|-resisted|p1b: Incineroar|1\n|-damage|p1a: Corviknight|55/100\n|-damage|p1b: Incineroar|92/100\n|-status|p1a: Corviknight|frz\n|\n|-weather|none\n|-heal|p1a: Corviknight|61/100 frz|[from] item: Leftovers\n|upkeep\n|turn|6\n|\n|t:|1776561641\n|move|p1b: Incineroar|Fake Out|p2a: Crabominable\n|-damage|p2a: Crabominable|92/100\n|cant|p2a: Crabominable|flinch\n|cant|p1a: Corviknight|frz\n|move|p2b: Ninetales|Aurora Veil||[still]\n|-fail|p2b: Ninetales\n|\n|-heal|p1a: Corviknight|67/100 frz|[from] item: Leftovers\n|upkeep\n|turn|7\n|l|\u2606ImportDave\n|player|p2|\n|j|\u2606ImportDave\n|player|p2|ImportDave|169|\n|\n|t:|1776561677\n|switch|p2b: Slowking|Slowking-Galar, L50, F|100/100\n|move|p2a: Crabominable|Drain Punch|p1b: Incineroar\n|-supereffective|p1b: Incineroar|1\n|-damage|p1b: Incineroar|16/100\n|-heal|p2a: Crabominable|100/100|[from] drain|[of] p1b: Incineroar\n|-enditem|p1b: Incineroar|Sitrus Berry|[eat]\n|-heal|p1b: Incineroar|41/100|[from] item: Sitrus Berry\n|cant|p1a: Corviknight|frz\n|move|p1b: Incineroar|Flare Blitz|p2a: Crabominable\n|-supereffective|p2a: Crabominable|1\n|-damage|p2a: Crabominable|20/100\n|-status|p2a: Crabominable|brn\n|-damage|p1b: Incineroar|15/100|[from] Recoil\n|\n|-heal|p1a: Corviknight|73/100 frz|[from] item: Leftovers\n|-damage|p2a: Crabominable|14/100 brn|[from] brn\n|upkeep\n|turn|8\n|\n|t:|1776561709\n|move|p1b: Incineroar|Protect|p1b: Incineroar\n|-singleturn|p1b: Incineroar|Protect\n|move|p2b: Slowking|Snarl|p1b: Incineroar|[spread] p1a\n|-activate|p1b: Incineroar|move: Protect\n|-damage|p1a: Corviknight|60/100 frz\n|-ability|p1a: Corviknight|Mirror Armor\n|-unboost|p2b: Slowking|spa|1\n|move|p2a: Crabominable|Ice Hammer|p1b: Incineroar\n|-activate|p1b: Incineroar|move: Protect\n|-curestatus|p1a: Corviknight|frz|[msg]\n|move|p1a: Corviknight|Iron Defense|p1a: Corviknight\n|-boost|p1a: Corviknight|def|2\n|\n|-heal|p1a: Corviknight|66/100|[from] item: Leftovers\n|-damage|p2a: Crabominable|8/100 brn|[from] brn\n|-fieldend|move: Trick Room\n|upkeep\n|turn|9\n|\n|t:|1776561745\n|switch|p2a: Ninetales|Ninetales-Alola, L50, F|38/100\n|-weather|Snowscape|[from] ability: Snow Warning|[of] p2a: Ninetales\n|move|p1b: Incineroar|Parting Shot|p2b: Slowking\n|-unboost|p2b: Slowking|atk|1\n|-unboost|p2b: Slowking|spa|1\n|\n|t:|1776561753\n|switch|p1b: Garchomp|Garchomp, L50, M|100/100|[from] Parting Shot\n|move|p1a: Corviknight|Body Press|p2a: Ninetales\n|-damage|p2a: Ninetales|0 fnt\n|faint|p2a: Ninetales\n|move|p2b: Slowking|Sludge Bomb|p1b: Garchomp\n|-resisted|p1b: Garchomp|1\n|-damage|p1b: Garchomp|91/100\n|\n|-weather|Snowscape|[upkeep]\n|-heal|p1a: Corviknight|72/100|[from] item: Leftovers\n|upkeep\n|\n|t:|1776561768\n|switch|p2a: Crabominable|Crabominable-Mega, L50, M|8/100 brn\n|turn|10\n|\n|t:|1776561778\n|move|p2a: Crabominable|Protect|p2a: Crabominable\n|-singleturn|p2a: Crabominable|Protect\n|move|p1b: Garchomp|Earthquake|p2b: Slowking|[spread] p2b\n|-activate|p2a: Crabominable|move: Protect\n|-immune|p1a: Corviknight\n|-supereffective|p2b: Slowking|1\n|-damage|p2b: Slowking|23/100\n|move|p1a: Corviknight|Body Press|p2a: Crabominable\n|-activate|p2a: Crabominable|move: Protect\n|move|p2b: Slowking|Trick Room|p2b: Slowking\n|-fieldstart|move: Trick Room|[of] p2b: Slowking\n|\n|-weather|Snowscape|[upkeep]\n|-heal|p1a: Corviknight|78/100|[from] item: Leftovers\n|-damage|p2a: Crabominable|2/100 brn|[from] brn\n|upkeep\n|turn|11\n|\n|t:|1776561811\n|move|p2b: Slowking|Psychic|p1a: Corviknight\n|-resisted|p1a: Corviknight|1\n|-damage|p1a: Corviknight|68/100\n|move|p2a: Crabominable|Ice Hammer|p1b: Garchomp\n|-supereffective|p1b: Garchomp|2\n|-damage|p1b: Garchomp|0 fnt\n|-unboost|p2a: Crabominable|spe|1\n|-damage|p2a: Crabominable|0 fnt|[from] ability: Rough Skin|[of] p1b: Garchomp\n|faint|p1b: Garchomp\n|faint|p2a: Crabominable\n|move|p1a: Corviknight|Body Press|p2b: Slowking\n|-resisted|p2b: Slowking|2\n|-damage|p2b: Slowking|6/100\n|\n|-weather|Snowscape|[upkeep]\n|-heal|p1a: Corviknight|74/100|[from] item: Leftovers\n|upkeep\n|\n|t:|1776561826\n|switch|p1b: Incineroar|Incineroar, L50, M|15/100\n|-ability|p1b: Incineroar|Intimidate|boost\n|-unboost|p2b: Slowking|atk|1\n|turn|12\n|\n|t:|1776561835\n|move|p1b: Incineroar|Fake Out|p2b: Slowking\n|-damage|p2b: Slowking|0 fnt\n|faint|p2b: Slowking\n|\n|win|NewsDeivid\n|raw|NewsDeivid's rating: 1122 &rarr; <strong>1149</strong><br />(+27 for winning)\n|raw|ImportDave's rating: 1148 &rarr; <strong>1121</strong><br />(-27 for losing)\n",
  "uploadtime": 1776561838,
  "views": 10,
  "formatid": "gen9championsvgc2026regma",
  "rating": 1121,
  "private": 0,
  "password": null
}