{
  "id": "gen9championsvgc2026regma-2588522188",
  "format": "[Gen 9 Champions] VGC 2026 Reg M-A",
  "players": [
    "Hydros13",
    "regitron 21"
  ],
  "log": "|j|\u2606Hydros13\n|j|\u2606regitron 21\n|t:|1776641301\n|gametype|doubles\n|player|p1|Hydros13|colress|1047\n|player|p2|regitron 21|n|1132\n|gen|9\n|tier|[Gen 9 Champions] VGC 2026 Reg M-A\n|rated|\n|rule|Species Clause: Limit one of each Pok\u00e9mon\n|rule|Item Clause: Limit 1 of each item\n|clearpoke\n|poke|p1|Feraligatr, L50, M, shiny|\n|poke|p1|Gengar, L50, M, shiny|\n|poke|p1|Charizard, L50, M|\n|poke|p1|Zoroark-Hisui, L50, F, shiny|\n|poke|p1|Aerodactyl, L50, M|\n|poke|p1|Meowstic, L50, M|\n|poke|p2|Aegislash, L50, M|\n|poke|p2|Froslass, L50, F|\n|poke|p2|Incineroar, L50, F|\n|poke|p2|Sneasler, L50, F|\n|poke|p2|Rotom-Wash, L50|\n|poke|p2|Volcarona, L50, M|\n|teampreview|4\n|c|\u2606regitron 21|hey good luck man\n|c|\u2606regitron 21|pretty cool team\nregitron 21 has agreed to open team sheets.\n|\n|t:|1776641346\n|teamsize|p1|4\n|teamsize|p2|4\n|start\n|switch|p1a: Razor|Aerodactyl, L50, M|100/100\n|switch|p1b: Blaze|Charizard, L50, M|100/100\n|switch|p2a: Rotom|Rotom-Wash, L50|100/100\n|switch|p2b: Froslass|Froslass, L50, F|100/100\n|-ability|p1a: Razor|Unnerve\n|turn|1\n|\n|t:|1776641367\n|switch|p2b: Incineroar|Incineroar, L50, F|100/100\n|-ability|p2b: Incineroar|Intimidate|boost\n|-unboost|p1a: Razor|atk|1\n|-unboost|p1b: Blaze|atk|1\n|move|p2a: Rotom|Thunderbolt|p1a: Razor\n|-supereffective|p1a: Razor|1\n|-damage|p1a: Razor|0 fnt\n|faint|p1a: Razor\n|move|p1b: Blaze|Nasty Plot|p1b: Blaze\n|-boost|p1b: Blaze|spa|2\n|\n|upkeep\n|\n|t:|1776641381\n|switch|p1a: Todo|Feraligatr, L50, M, shiny|100/100\n|turn|2\n|\n|t:|1776641391\n|move|p2b: Incineroar|Fake Out|p1a: Todo\n|-damage|p1a: Todo|89/100\n|move|p2a: Rotom|Thunderbolt|p1b: Blaze\n|-damage|p1b: Blaze|24/100\n|-status|p1b: Blaze|par\n|replace|p1b: Erza|Zoroark-Hisui, L50, F, shiny\n|-end|p1b: Erza|Illusion\n|cant|p1a: Todo|flinch\n|move|p1b: Erza|Hyper Voice|p2b: Incineroar|[spread] p2a,p2b\n|-crit|p2a: Rotom\n|-damage|p2a: Rotom|0 fnt\n|-damage|p2b: Incineroar|47/100\n|-enditem|p2b: Incineroar|Sitrus Berry|[eat]\n|-heal|p2b: Incineroar|71/100|[from] item: Sitrus Berry\n|faint|p2a: Rotom\n|\n|upkeep\n|\n|t:|1776641407\n|switch|p2a: Froslass|Froslass, L50, F|100/100\n|turn|3\n|\n|t:|1776641420\n|detailschange|p2a: Froslass|Froslass-Mega, L50, F\n|-mega|p2a: Froslass|Froslass|Froslassite\n|-weather|Snowscape|[from] ability: Snow Warning|[of] p2a: Froslass\n|detailschange|p1a: Todo|Feraligatr-Mega, L50, M, shiny\n|-mega|p1a: Todo|Feraligatr|Feraligite\n|move|p2a: Froslass|Blizzard|p1b: Erza|[spread] p1a,p1b\n|-damage|p1a: Todo|35/100\n|-damage|p1b: Erza|0 fnt\n|faint|p1b: Erza\n|move|p1a: Todo|Dragon Dance|p1a: Todo\n|-boost|p1a: Todo|atk|1\n|-boost|p1a: Todo|spe|1\n|move|p2b: Incineroar|Darkest Lariat|p1a: Todo\n|-damage|p1a: Todo|2/100\n|\n|-weather|Snowscape|[upkeep]\n|upkeep\n|\n|t:|1776641428\n|switch|p1b: Blaze|Charizard, L50, M|100/100\n|turn|4\n|\n|t:|1776641440\n|move|p1a: Todo|Liquidation|p2b: Incineroar\n|-supereffective|p2b: Incineroar|1\n|-damage|p2b: Incineroar|0 fnt\n|faint|p2b: Incineroar\n|move|p2a: Froslass|Shadow Ball|p1b: Blaze\n|-damage|p1b: Blaze|44/100\n|move|p1b: Blaze|Flare Blitz|p2a: Froslass\n|-supereffective|p2a: Froslass|1\n|-damage|p2a: Froslass|0 fnt\n|faint|p2a: Froslass\n|-damage|p1b: Blaze|12/100|[from] Recoil\n|\n|-weather|Snowscape|[upkeep]\n|upkeep\n|\n|t:|1776641447\n|switch|p2b: Aegislash|Aegislash, L50, M|100/100\n|turn|5\n|\n|t:|1776641470\n|move|p1a: Todo|Earthquake|p2b: Aegislash|[spread] p2b\n|-immune|p1b: Blaze\n|-supereffective|p2b: Aegislash|1\n|-damage|p2b: Aegislash|19/100\n|move|p1b: Blaze|Flare Blitz|p2b: Aegislash\n|-supereffective|p2b: Aegislash|1\n|-damage|p2b: Aegislash|0 fnt\n|faint|p2b: Aegislash\n|-damage|p1b: Blaze|5/100|[from] Recoil\n|\n|win|Hydros13\n|raw|Hydros13's rating: 1047 &rarr; <strong>1088</strong><br />(+41 for winning)\n|raw|regitron 21's rating: 1132 &rarr; <strong>1101</strong><br />(-31 for losing)\n|c|\u2606regitron 21|gg\n|c|\u2606regitron 21|cool team man\n|l|\u2606Hydros13\n|player|p1|\n",
  "uploadtime": 1776641482,
  "views": 10,
  "formatid": "gen9championsvgc2026regma",
  "rating": 1088,
  "private": 0,
  "password": null
}