{
  "id": "gen9championsvgc2026regma-2581931613",
  "format": "[Gen 9 Champions] VGC 2026 Reg M-A",
  "players": [
    "Enarey",
    "injuryreserv3"
  ],
  "log": "|j|\u2606Enarey\n|j|\u2606injuryreserv3\n|t:|1776040859\n|gametype|doubles\n|player|p1|Enarey|101|1162\n|player|p2|injuryreserv3|sabrina|1237\n|gen|9\n|tier|[Gen 9 Champions] VGC 2026 Reg M-A\n|rated|\n|rule|Species Clause: Limit one of each Pok\u00e9mon\n|rule|Item Clause: Limit 1 of each item\n|clearpoke\n|poke|p1|Aerodactyl, L50, F|\n|poke|p1|Sneasler, L50, M|\n|poke|p1|Garchomp, L50, F|\n|poke|p1|Orthworm, L50, M|\n|poke|p1|Gyarados, L50, F|\n|poke|p1|Froslass, L50, F|\n|poke|p2|Sneasler, L50, F|\n|poke|p2|Basculegion, L50, M|\n|poke|p2|Charizard, L50, M|\n|poke|p2|Floette-Eternal, L50, F|\n|poke|p2|Incineroar, L50, M|\n|poke|p2|Venusaur, L50, F|\n|teampreview|4\n|\n|t:|1776040893\n|teamsize|p1|4\n|teamsize|p2|4\n|start\n|switch|p1a: Gyarados|Gyarados, L50, F|100/100\n|switch|p1b: Sneasler|Sneasler, L50, M|100/100\n|switch|p2a: Floette|Floette-Eternal, L50, F|100/100\n|switch|p2b: Incineroar|Incineroar, L50, M|100/100\n|-ability|p1a: Gyarados|Intimidate|boost\n|-unboost|p2a: Floette|atk|1\n|-unboost|p2b: Incineroar|atk|1\n|-ability|p2b: Incineroar|Intimidate|boost\n|-unboost|p1a: Gyarados|atk|1\n|-unboost|p1b: Sneasler|atk|1\n|turn|1\n|\n|t:|1776040919\n|detailschange|p2a: Floette|Floette-Mega, L50, F\n|-mega|p2a: Floette|Floette|Floettite\n|-ability|p2a: Floette|Fairy Aura\n|move|p1b: Sneasler|Fake Out|p2a: Floette\n|-crit|p2a: Floette\n|-damage|p2a: Floette|68/100\n|-status|p2a: Floette|psn|[from] ability: Poison Touch|[of] p1b: Sneasler\n|move|p2b: Incineroar|Fake Out|p1b: Sneasler\n|-damage|p1b: Sneasler|88/100\n|cant|p2a: Floette|flinch\n|move|p1a: Gyarados|Waterfall|p2b: Incineroar\n|-supereffective|p2b: Incineroar|1\n|-damage|p2b: Incineroar|55/100\n|\n|-heal|p2b: Incineroar|61/100|[from] item: Leftovers\n|-damage|p2a: Floette|56/100 psn|[from] psn\n|upkeep\n|turn|2\n|\n|t:|1776040939\n|switch|p2a: Basculegion|Basculegion, L50, M|100/100\n|move|p2b: Incineroar|Protect|p2b: Incineroar\n|-singleturn|p2b: Incineroar|Protect\n|move|p1b: Sneasler|Dire Claw|p2a: Basculegion\n|-resisted|p2a: Basculegion|1\n|-damage|p2a: Basculegion|80/100\n|move|p1a: Gyarados|Waterfall|p2b: Incineroar\n|-activate|p2b: Incineroar|move: Protect\n|\n|-heal|p2b: Incineroar|67/100|[from] item: Leftovers\n|upkeep\n|turn|3\n|\n|t:|1776040960\n|move|p2a: Basculegion|Wave Crash|p1b: Sneasler\n|-damage|p1b: Sneasler|0 fnt\n|faint|p1b: Sneasler\n|-damage|p2a: Basculegion|57/100|[from] Recoil\n|move|p1a: Gyarados|Waterfall|p2b: Incineroar\n|-supereffective|p2b: Incineroar|1\n|-damage|p2b: Incineroar|22/100\n|move|p2b: Incineroar|Parting Shot|p1a: Gyarados\n|-unboost|p1a: Gyarados|atk|1\n|-unboost|p1a: Gyarados|spa|1\n|\n|t:|1776040972\n|switch|p2b: Sneasler|Sneasler, L50, F|100/100|[from] Parting Shot\n|\n|upkeep\n|\n|t:|1776040979\n|switch|p1b: Froslass|Froslass, L50, F|100/100\n|turn|4\n|inactive|Battle timer is ON: inactive players will automatically lose when time's up. (requested by injuryreserv3)\n|\n|t:|1776040993\n|move|p1b: Froslass|Protect|p1b: Froslass\n|-singleturn|p1b: Froslass|Protect\n|move|p2b: Sneasler|Fake Out|p1a: Gyarados\n|-damage|p1a: Gyarados|82/100\n|move|p2a: Basculegion|Wave Crash|p1b: Froslass\n|-activate|p1b: Froslass|move: Protect\n|cant|p1a: Gyarados|flinch\n|\n|upkeep\n|turn|5\n|\n|t:|1776041010\n|switch|p1b: Aerodactyl|Aerodactyl, L50, F|100/100\n|move|p2a: Basculegion|Wave Crash|p1b: Aerodactyl\n|-supereffective|p1b: Aerodactyl|1\n|-damage|p1b: Aerodactyl|0 fnt\n|faint|p1b: Aerodactyl\n|-damage|p2a: Basculegion|31/100|[from] Recoil\n|move|p2b: Sneasler|Dire Claw|p1a: Gyarados\n|-damage|p1a: Gyarados|21/100\n|move|p1a: Gyarados|Earthquake|p2b: Sneasler|[spread] p2a,p2b\n|-supereffective|p2b: Sneasler|1\n|-damage|p2a: Basculegion|16/100\n|-damage|p2b: Sneasler|56/100\n|\n|upkeep\n|\n|t:|1776041016\n|switch|p1b: Froslass|Froslass, L50, F|100/100\n|turn|6\n|\n|t:|1776041029\n|detailschange|p1b: Froslass|Froslass-Mega, L50, F\n|-mega|p1b: Froslass|Froslass|Froslassite\n|-weather|Snowscape|[from] ability: Snow Warning|[of] p1b: Froslass\n|move|p2a: Basculegion|Wave Crash|p1b: Froslass\n|-damage|p1b: Froslass|7/100\n|-damage|p2a: Basculegion|0 fnt|[from] Recoil\n|faint|p2a: Basculegion\n|move|p1b: Froslass|Blizzard|p2b: Sneasler\n|-damage|p2b: Sneasler|0 fnt\n|faint|p2b: Sneasler\n|move|p1a: Gyarados|Waterfall|p2: Basculegion|[notarget]\n|-fail|p1a: Gyarados\n|\n|-weather|Snowscape|[upkeep]\n|upkeep\n|\n|t:|1776041043\n|switch|p2b: Floette|Floette-Mega, L50, F|56/100 psn\n|switch|p2a: Incineroar|Incineroar, L50, M|22/100\n|-ability|p2b: Floette|Fairy Aura\n|-ability|p2a: Incineroar|Intimidate|boost\n|-unboost|p1a: Gyarados|atk|1\n|-unboost|p1b: Froslass|atk|1\n|turn|7\n|\n|t:|1776041057\n|move|p1a: Gyarados|Protect|p1a: Gyarados\n|-singleturn|p1a: Gyarados|Protect\n|move|p2a: Incineroar|Fake Out|p1a: Gyarados\n|-activate|p1a: Gyarados|move: Protect\n|move|p1b: Froslass|Blizzard|p2b: Floette|[spread] p2a,p2b\n|-resisted|p2a: Incineroar|1\n|-damage|p2a: Incineroar|2/100\n|-damage|p2b: Floette|15/100 psn\n|move|p2b: Floette|Dazzling Gleam|p1b: Froslass|[spread] p1b\n|-activate|p1a: Gyarados|move: Protect\n|-damage|p1b: Froslass|0 fnt\n|faint|p1b: Froslass\n|\n|-weather|Snowscape|[upkeep]\n|-heal|p2a: Incineroar|8/100|[from] item: Leftovers\n|-damage|p2b: Floette|3/100 psn|[from] psn\n|upkeep\n|turn|8\n|c|\u2606injuryreserv3|gg\n|\n|t:|1776041076\n|move|p2b: Floette|Dazzling Gleam|p1a: Gyarados\n|-damage|p1a: Gyarados|0 fnt\n|faint|p1a: Gyarados\n|\n|win|injuryreserv3\n|raw|Enarey's rating: 1162 &rarr; <strong>1142</strong><br />(-20 for losing)\n|raw|injuryreserv3's rating: 1237 &rarr; <strong>1257</strong><br />(+20 for winning)\n|l|\u2606Enarey\n|player|p1|\n",
  "uploadtime": 1776041092,
  "views": 17,
  "formatid": "gen9championsvgc2026regma",
  "rating": 1142,
  "private": 0,
  "password": null
}