{
  "id": "gen9championsvgc2026regma-2589548121",
  "format": "[Gen 9 Champions] VGC 2026 Reg M-A",
  "players": [
    "flopogusthegreat",
    "rainman2561$"
  ],
  "log": "|j|\u2606flopogusthegreat\n|j|\u2606rainman2561$\n|html|<table width=\"100%\"><tr><td align=\"left\">flopogusthegreat</td><td align=\"right\">rainman2561$</tr><tr><td align=\"left\"><i class=\"fa fa-circle\"></i> <i class=\"fa fa-circle-o\"></i> </td><td align=\"right\"><i class=\"fa fa-circle-o\"></i> <i class=\"fa fa-circle\"></i> </tr></table>\n|uhtml|bestof|<h2><strong>Game 3</strong> of <a href=\"/game-bestof3-gen9championsvgc2026regma-2589539491\">a best-of-3</a></h2>\n|t:|1776733060\n|gametype|doubles\n|player|p1|flopogusthegreat|pokefanf-gen4|\n|player|p2|rainman2561$|lucas|\n|gen|9\n|tier|[Gen 9 Champions] VGC 2026 Reg M-A\n|rule|Species Clause: Limit one of each Pok\u00e9mon\n|rule|Item Clause: Limit 1 of each item\n|raw|<div class=\"infobox\"><details class=\"readmore\" open><summary><strong>1 custom rule:</strong></summary> Best of = 3</details></div>\n|clearpoke\n|poke|p1|Gyarados, L50, M, shiny|\n|poke|p1|Aerodactyl, L50, F, shiny|\n|poke|p1|Sinistcha, L50|\n|poke|p1|Empoleon, L50, F|\n|poke|p1|Scizor, L50, M|\n|poke|p1|Raichu, L50, M, shiny|\n|poke|p2|Slowbro, L50, M|\n|poke|p2|Drampa, L50, F|\n|poke|p2|Aerodactyl, L50, F|\n|poke|p2|Garchomp, L50, M|\n|poke|p2|Rotom-Wash, L50|\n|poke|p2|Sylveon, L50, M|\n|teampreview|4\nflopogusthegreat rejected open team sheets.\n|\n|t:|1776733144\n|teamsize|p1|4\n|teamsize|p2|4\n|start\n|switch|p1a: Happy Hour|Sinistcha, L50|100/100\n|switch|p1b: Wombo|Empoleon, L50, F|100/100\n|switch|p2a: Aerodactyl|Aerodactyl, L50, F|100/100\n|switch|p2b: Garchomp|Garchomp, L50, M|100/100\n|-ability|p2a: Aerodactyl|Unnerve\n|turn|1\n|\n|t:|1776733174\n|move|p2a: Aerodactyl|Tailwind|p2a: Aerodactyl\n|-sidestart|p2: rainman2561$|move: Tailwind\n|move|p2b: Garchomp|Earthquake|p1b: Wombo|[spread] p1a,p1b\n|-immune|p2a: Aerodactyl\n|-resisted|p1a: Happy Hour|1\n|-supereffective|p1b: Wombo|1\n|-damage|p1a: Happy Hour|79/100\n|-damage|p1b: Wombo|0 fnt\n|faint|p1b: Wombo\n|move|p1a: Happy Hour|Matcha Gotcha|p2b: Garchomp|[spread] p2a,p2b\n|-damage|p2a: Aerodactyl|62/100\n|-heal|p1a: Happy Hour|95/100|[from] drain|[of] p2a: Aerodactyl\n|-damage|p2b: Garchomp|76/100\n|-heal|p1a: Happy Hour|100/100|[from] drain|[of] p2b: Garchomp\n|\n|upkeep\n|\n|t:|1776733191\n|switch|p1b: Paper Scizors|Scizor, L50, M|100/100\n|turn|2\n|\n|t:|1776733205\n|detailschange|p1b: Paper Scizors|Scizor-Mega, L50, M\n|-mega|p1b: Paper Scizors|Scizor|Scizorite\n|move|p2a: Aerodactyl|Protect|p2a: Aerodactyl\n|-singleturn|p2a: Aerodactyl|Protect\n|move|p1b: Paper Scizors|Bullet Punch|p2a: Aerodactyl\n|-activate|p2a: Aerodactyl|move: Protect\n|move|p2b: Garchomp|Earthquake|p1b: Paper Scizors|[spread] p1a,p1b\n|-activate|p2a: Aerodactyl|move: Protect\n|-resisted|p1a: Happy Hour|1\n|-crit|p1a: Happy Hour\n|-damage|p1a: Happy Hour|69/100\n|-damage|p1b: Paper Scizors|61/100\n|move|p1a: Happy Hour|Matcha Gotcha|p2b: Garchomp|[spread] p2b\n|-activate|p2a: Aerodactyl|move: Protect\n|-damage|p2b: Garchomp|49/100\n|-heal|p1a: Happy Hour|84/100|[from] drain|[of] p2b: Garchomp\n|\n|upkeep\n|turn|3\n|\n|t:|1776733236\n|move|p1b: Paper Scizors|Bullet Punch|p2a: Aerodactyl\n|-supereffective|p2a: Aerodactyl|1\n|-damage|p2a: Aerodactyl|0 fnt\n|faint|p2a: Aerodactyl\n|move|p2b: Garchomp|Shadow Claw|p1a: Happy Hour\n|-supereffective|p1a: Happy Hour|1\n|-damage|p1a: Happy Hour|35/100\n|-enditem|p1a: Happy Hour|Sitrus Berry|[eat]\n|-heal|p1a: Happy Hour|59/100|[from] item: Sitrus Berry\n|move|p1a: Happy Hour|Life Dew|p1a: Happy Hour|[spread] p1a,p1b\n|-heal|p1a: Happy Hour|85/100\n|-heal|p1b: Paper Scizors|86/100\n|\n|upkeep\n|\n|t:|1776733249\n|switch|p2a: Drampa|Drampa, L50, F|100/100\n|turn|4\n|\n|t:|1776733302\n|detailschange|p2a: Drampa|Drampa-Mega, L50, F\n|-mega|p2a: Drampa|Drampa|Drampanite\n|move|p1a: Happy Hour|Rage Powder|p1a: Happy Hour\n|-singleturn|p1a: Happy Hour|move: Rage Powder\n|move|p2b: Garchomp|Rock Slide|p1b: Paper Scizors|[spread] p1a,p1b\n|-damage|p1a: Happy Hour|65/100\n|-damage|p1b: Paper Scizors|69/100\n|move|p2a: Drampa|Thunderbolt|p1a: Happy Hour\n|-resisted|p1a: Happy Hour|1\n|-damage|p1a: Happy Hour|49/100\n|cant|p1b: Paper Scizors|flinch\n|\n|-sideend|p2: rainman2561$|move: Tailwind\n|upkeep\n|turn|5\n|\n|t:|1776733335\n|move|p2a: Drampa|Protect|p2a: Drampa\n|-singleturn|p2a: Drampa|Protect\n|move|p2b: Garchomp|Shadow Claw|p1a: Happy Hour\n|-supereffective|p1a: Happy Hour|1\n|-damage|p1a: Happy Hour|2/100\n|move|p1b: Paper Scizors|Swords Dance|p1b: Paper Scizors\n|-boost|p1b: Paper Scizors|atk|2\n|move|p1a: Happy Hour|Life Dew|p1a: Happy Hour|[spread] p1a,p1b\n|-heal|p1a: Happy Hour|27/100\n|-heal|p1b: Paper Scizors|94/100\n|\n|upkeep\n|turn|6\n|\n|t:|1776733373\n|move|p1a: Happy Hour|Rage Powder|p1a: Happy Hour\n|-singleturn|p1a: Happy Hour|move: Rage Powder\n|move|p1b: Paper Scizors|Bullet Punch|p2b: Garchomp\n|-damage|p2b: Garchomp|0 fnt\n|-damage|p1b: Paper Scizors|82/100|[from] ability: Rough Skin|[of] p2b: Garchomp\n|faint|p2b: Garchomp\n|move|p2a: Drampa|Thunderbolt|p1a: Happy Hour\n|-resisted|p1a: Happy Hour|1\n|-damage|p1a: Happy Hour|13/100\n|\n|upkeep\n|\n|t:|1776733383\n|switch|p2b: Sylveon|Sylveon, L50, M|100/100\n|turn|7\n|\n|t:|1776733407\n|move|p2b: Sylveon|Protect|p2b: Sylveon\n|-singleturn|p2b: Sylveon|Protect\n|move|p1b: Paper Scizors|Bullet Punch|p2a: Drampa\n|-damage|p2a: Drampa|40/100\n|-ability|p2a: Drampa|Berserk|boost\n|-boost|p2a: Drampa|spa|1\n|move|p1a: Happy Hour|Matcha Gotcha|p2a: Drampa|[spread] p2a\n|-activate|p2b: Sylveon|move: Protect\n|-resisted|p2a: Drampa|1\n|-damage|p2a: Drampa|29/100\n|-heal|p1a: Happy Hour|20/100|[from] drain|[of] p2a: Drampa\n|move|p2a: Drampa|Dragon Pulse|p1b: Paper Scizors\n|-resisted|p1b: Paper Scizors|1\n|-damage|p1b: Paper Scizors|40/100\n|\n|upkeep\n|turn|8\n|\n|t:|1776733463\n|move|p1b: Paper Scizors|Bullet Punch|p2b: Sylveon\n|-supereffective|p2b: Sylveon|1\n|-damage|p2b: Sylveon|0 fnt\n|faint|p2b: Sylveon\n|move|p1a: Happy Hour|Life Dew|p1a: Happy Hour|[spread] p1a,p1b\n|-heal|p1a: Happy Hour|45/100\n|-heal|p1b: Paper Scizors|65/100\n|move|p2a: Drampa|Dragon Pulse|p1b: Paper Scizors\n|-resisted|p1b: Paper Scizors|1\n|-damage|p1b: Paper Scizors|24/100\n|\n|upkeep\n|turn|9\n|c|\u2606rainman2561$|gg\n|c|\u2606flopogusthegreat|gg\n|\n|t:|1776733479\n|move|p1b: Paper Scizors|Bullet Punch|p2a: Drampa\n|-damage|p2a: Drampa|0 fnt\n|faint|p2a: Drampa\n|\n|win|flopogusthegreat\n|l|\u2606rainman2561$\n|player|p2|\n",
  "uploadtime": 1776733643,
  "views": 10,
  "formatid": "gen9championsvgc2026regma",
  "rating": null,
  "private": 0,
  "password": null
}