{
  "id": "gen9championsvgc2026regma-2585566420",
  "format": "[Gen 9 Champions] VGC 2026 Reg M-A",
  "players": [
    "jacinthespuppy",
    "davidauscc"
  ],
  "log": "|j|\u2606jacinthespuppy\n|j|\u2606davidauscc\n|t:|1776355952\n|gametype|doubles\n|player|p1|jacinthespuppy|dawn-gen4pt|1226\n|player|p2|davidauscc|265|1209\n|gen|9\n|tier|[Gen 9 Champions] VGC 2026 Reg M-A\n|rated|\n|rule|Species Clause: Limit one of each Pok\u00e9mon\n|rule|Item Clause: Limit 1 of each item\n|clearpoke\n|poke|p1|Tyranitar, L50, F|\n|poke|p1|Corviknight, L50, M|\n|poke|p1|Rotom-Wash, L50|\n|poke|p1|Garchomp, L50, M|\n|poke|p1|Sneasler, L50, M|\n|poke|p1|Sinistcha-Masterpiece, L50|\n|poke|p2|Archaludon, L50, M|\n|poke|p2|Pelipper, L50, M|\n|poke|p2|Volcarona, L50, F|\n|poke|p2|Basculegion, L50, M|\n|poke|p2|Glimmora, L50, F|\n|poke|p2|Dragapult, L50, F|\n|teampreview|4\n|inactive|Battle timer is ON: inactive players will automatically lose when time's up. (requested by jacinthespuppy)\n|\n|t:|1776355979\n|teamsize|p1|4\n|teamsize|p2|4\n|start\n|switch|p1a: Rotom|Rotom-Wash, L50|100/100\n|switch|p1b: Sneasler|Sneasler, L50, M|100/100\n|switch|p2a: Archaludon|Archaludon, L50, M|100/100\n|switch|p2b: Pelipper|Pelipper, L50, M|100/100\n|-weather|RainDance|[from] ability: Drizzle|[of] p2b: Pelipper\n|turn|1\n|\n|t:|1776355993\n|move|p2a: Archaludon|Protect|p2a: Archaludon\n|-singleturn|p2a: Archaludon|Protect\n|move|p1b: Sneasler|Protect|p1b: Sneasler\n|-singleturn|p1b: Sneasler|Protect\n|move|p1a: Rotom|Volt Switch|p2b: Pelipper\n|-supereffective|p2b: Pelipper|2\n|-enditem|p2b: Pelipper|Focus Sash\n|-damage|p2b: Pelipper|1/100\n|\n|t:|1776356001\n|switch|p1a: Tyranitar|Tyranitar, L50, F|100/100|[from] Volt Switch\n|-weather|Sandstorm|[from] ability: Sand Stream|[of] p1a: Tyranitar\n|move|p2b: Pelipper|Tailwind|p2b: Pelipper\n|-sidestart|p2: davidauscc|move: Tailwind\n|\n|-weather|Sandstorm|[upkeep]\n|-damage|p2b: Pelipper|0 fnt|[from] Sandstorm\n|-damage|p1b: Sneasler|95/100|[from] Sandstorm\n|faint|p2b: Pelipper\n|upkeep\n|inactive|davidauscc has 30 seconds left.\n|inactive|davidauscc has 20 seconds left.\n|inactive|davidauscc has 15 seconds left.\n|inactive|davidauscc has 10 seconds left.\n|\n|t:|1776356049\n|switch|p2b: Basculegion|Basculegion, L50, M|100/100\n|turn|2\n|\n|t:|1776356066\n|move|p1a: Tyranitar|Protect|p1a: Tyranitar\n|-singleturn|p1a: Tyranitar|Protect\n|move|p2a: Archaludon|Flash Cannon|p1a: Tyranitar\n|-activate|p1a: Tyranitar|move: Protect\n|move|p2b: Basculegion|Wave Crash|p1b: Sneasler\n|-damage|p1b: Sneasler|22/100\n|-damage|p2b: Basculegion|77/100|[from] Recoil\n|move|p1b: Sneasler|Close Combat|p2a: Archaludon\n|-supereffective|p2a: Archaludon|1\n|-damage|p2a: Archaludon|0 fnt\n|-unboost|p1b: Sneasler|def|1\n|-unboost|p1b: Sneasler|spd|1\n|faint|p2a: Archaludon\n|-enditem|p1b: Sneasler|White Herb\n|-clearnegativeboost|p1b: Sneasler|[silent]\n|\n|-weather|Sandstorm|[upkeep]\n|-damage|p1b: Sneasler|17/100|[from] Sandstorm\n|-damage|p2b: Basculegion|71/100|[from] Sandstorm\n|upkeep\n|inactive|davidauscc has 30 seconds left.\n|\n|t:|1776356097\n|switch|p2a: Glimmora|Glimmora, L50, F|100/100\n|turn|3\n|\n|t:|1776356116\n|detailschange|p2a: Glimmora|Glimmora-Mega, L50, F\n|-mega|p2a: Glimmora|Glimmora|Glimmoranite\n|detailschange|p1a: Tyranitar|Tyranitar-Mega, L50, F\n|-mega|p1a: Tyranitar|Tyranitar|Tyranitarite\n|move|p2a: Glimmora|Protect|p2a: Glimmora\n|-singleturn|p2a: Glimmora|Protect\n|move|p2b: Basculegion|Aqua Jet|p1b: Sneasler\n|-damage|p1b: Sneasler|0 fnt\n|faint|p1b: Sneasler\n|move|p1a: Tyranitar|Dragon Dance|p1a: Tyranitar\n|-boost|p1a: Tyranitar|atk|1\n|-boost|p1a: Tyranitar|spe|1\n|\n|-weather|Sandstorm|[upkeep]\n|-damage|p2b: Basculegion|65/100|[from] Sandstorm\n|upkeep\n|\n|t:|1776356127\n|switch|p1b: Rotom|Rotom-Wash, L50|100/100\n|turn|4\n|inactive|davidauscc has 30 seconds left.\n|\n|t:|1776356161\n|move|p2a: Glimmora|Power Gem|p1b: Rotom\n|-damage|p1b: Rotom|32/100\n|move|p2b: Basculegion|Wave Crash|p1a: Tyranitar\n|-supereffective|p1a: Tyranitar|1\n|-damage|p1a: Tyranitar|4/100\n|-damage|p2b: Basculegion|35/100|[from] Recoil\n|move|p1a: Tyranitar|Knock Off|p2b: Basculegion\n|-supereffective|p2b: Basculegion|1\n|-damage|p2b: Basculegion|0 fnt\n|-enditem|p2b: Basculegion|Mystic Water|[from] move: Knock Off|[of] p1a: Tyranitar\n|faint|p2b: Basculegion\n|move|p1b: Rotom|Volt Switch|p2a: Glimmora\n|-damage|p2a: Glimmora|72/100\n|\n|t:|1776356169\n|switch|p1b: Garchomp|Garchomp, L50, M|100/100|[from] Volt Switch\n|\n|-weather|Sandstorm|[upkeep]\n|-sideend|p2: davidauscc|move: Tailwind\n|upkeep\n|turn|5\n|\n|t:|1776356180\n|move|p1b: Garchomp|Earthquake|p2a: Glimmora|[spread] p1a,p2a\n|-supereffective|p1a: Tyranitar|1\n|-supereffective|p2a: Glimmora|2\n|-damage|p1a: Tyranitar|0 fnt\n|-damage|p2a: Glimmora|0 fnt\n|faint|p1a: Tyranitar\n|faint|p2a: Glimmora\n|\n|win|jacinthespuppy\n|raw|jacinthespuppy's rating: 1226 &rarr; <strong>1250</strong><br />(+24 for winning)\n|raw|davidauscc's rating: 1209 &rarr; <strong>1185</strong><br />(-24 for losing)\n",
  "uploadtime": 1776356189,
  "views": 29,
  "formatid": "gen9championsvgc2026regma",
  "rating": 1185,
  "private": 0,
  "password": null
}