{
  "id": "gen9championsvgc2026regma-2582686448",
  "format": "[Gen 9 Champions] VGC 2026 Reg M-A",
  "players": [
    "thebeast4895",
    "EDJPP"
  ],
  "log": "|j|\u2606thebeast4895\n|j|\u2606EDJPP\n|html|<table width=\"100%\"><tr><td align=\"left\">thebeast4895</td><td align=\"right\">EDJPP</tr><tr><td align=\"left\"><i class=\"fa fa-circle-o\"></i> <i class=\"fa fa-circle-o\"></i> </td><td align=\"right\"><i class=\"fa fa-circle-o\"></i> <i class=\"fa fa-circle-o\"></i> </tr></table>\n|uhtml|bestof|<h2><strong>Game 1</strong> of <a href=\"/game-bestof3-gen9championsvgc2026regma-2582686447\">a best-of-3</a></h2>\n|t:|1776107257\n|gametype|doubles\n|player|p1|thebeast4895|2|\n|player|p2|EDJPP|volkner|\n|gen|9\n|tier|[Gen 9 Champions] VGC 2026 Reg M-A\n|rated|Tournament battle\n|rule|Species Clause: Limit one of each Pok\u00e9mon\n|rule|Item Clause: Limit 1 of each item\n|raw|<div class=\"infobox\"><details class=\"readmore\" open><summary><strong>2 custom rules:</strong></summary> Force Open Team Sheets, Best of = 3</details></div>\n|clearpoke\n|poke|p1|Palafin, L50, F|\n|poke|p1|Whimsicott, L50, F|\n|poke|p1|Froslass, L50, F|\n|poke|p1|Kingambit, L50, M|\n|poke|p1|Farigiraf, L50, F|\n|poke|p1|Tauros-Paldea-Blaze, L50, M|\n|poke|p2|Garchomp, L50, F|\n|poke|p2|Tyranitar, L50, M|\n|poke|p2|Blastoise, L50, F|\n|poke|p2|Volcarona, L50, M|\n|poke|p2|Araquanid, L50, F|\n|poke|p2|Farigiraf, L50, M|\n|teampreview|4\n|showteam|p1|Palafin||ChoiceScarf|ZerotoHero|FlipTurn,WaveCrash,CloseCombat,JetPunch|||F|||50|]Whimsicott||FocusSash|Prankster|Protect,Moonblast,Tailwind,Endeavor|||F|||50|]Froslass||Froslassite|CursedBody|Protect,Blizzard,ShadowBall,NastyPlot|||F|||50|]Kingambit||BlackGlasses|Defiant|SuckerPunch,KowtowCleave,IronHead,Protect|||M|||50|]Farigiraf||ColburBerry|ArmorTail|Protect,TrickRoom,TwinBeam,HyperVoice|||F|||50|]Tauros-Paldea-Blaze||SitrusBerry|Intimidate|Protect,RagingBull,CloseCombat,HighHorsepower|||M|||50|\n|showteam|p2|Garchomp||Garchompite|SandVeil|SwordsDance,ScaleShot,Earthquake,Protect|||F|||50|]Tyranitar||Tyranitarite|SandStream|RockSlide,Crunch,IronHead,Protect|||M|||50|]Blastoise||Blastoisinite|Torrent|WaterSpout,MuddyWater,FakeOut,Protect|||F|||50|]Volcarona||SitrusBerry|FlameBody|RagePowder,StruggleBug,Tailwind,FieryDance|||M|||50|]Araquanid||MysticWater|WaterBubble|Liquidation,LeechLife,WideGuard,Trailblaze|||F|||50|]Farigiraf||FocusSash|ArmorTail|HyperVoice,Psychic,DazzlingGleam,TrickRoom|||M|||50|\n|inactive|Battle timer is ON: inactive players will automatically lose when time's up. (requested by EDJPP)\n|inactive|EDJPP has 60 seconds left.\n|inactive|EDJPP has 30 seconds left.\n|\n|t:|1776107327\n|teamsize|p1|4\n|teamsize|p2|4\n|start\n|switch|p1a: Palafin|Palafin, L50, F|100/100\n|switch|p1b: Tauros|Tauros-Paldea-Blaze, L50, M|100/100\n|switch|p2a: Blastoise|Blastoise, L50, F|100/100\n|switch|p2b: Farigiraf|Farigiraf, L50, M|100/100\n|-ability|p1b: Tauros|Intimidate|boost\n|-unboost|p2a: Blastoise|atk|1\n|-unboost|p2b: Farigiraf|atk|1\n|turn|1\n|inactive|thebeast4895 has 30 seconds left.\n|inactive|thebeast4895 has 20 seconds left.\n|\n|t:|1776107363\n|move|p2a: Blastoise|Fake Out|p1a: Palafin\n|-damage|p1a: Palafin|93/100\n|cant|p1a: Palafin|flinch\n|move|p1b: Tauros|Close Combat|p2a: Blastoise\n|-damage|p2a: Blastoise|46/100\n|-unboost|p1b: Tauros|def|1\n|-unboost|p1b: Tauros|spd|1\n|move|p2b: Farigiraf|Trick Room|p2b: Farigiraf\n|-fieldstart|move: Trick Room|[of] p2b: Farigiraf\n|\n|upkeep\n|turn|2\n|inactive|EDJPP has 30 seconds left.\n|inactive|EDJPP has 20 seconds left.\n|\n|t:|1776107401\n|move|p1b: Tauros|Protect|p1b: Tauros\n|-singleturn|p1b: Tauros|Protect\n|move|p2b: Farigiraf|Psychic|p1a: Palafin\n|-damage|p1a: Palafin|37/100\n|move|p2a: Blastoise|Muddy Water|p1a: Palafin|[spread] \n|-activate|p1b: Tauros|move: Protect\n|-miss|p2a: Blastoise|p1a: Palafin\n|move|p1a: Palafin|Flip Turn|p2b: Farigiraf\n|-damage|p2b: Farigiraf|76/100\n|\n|t:|1776107412\n|detailschange|p1a: Palafin|Palafin-Hero, L50, F\n|switch|p1a: Whimsicott|Whimsicott, L50, F, shiny|100/100|[from] Flip Turn\n|\n|upkeep\n|turn|3\n|inactive|EDJPP has 30 seconds left.\n|inactive|EDJPP has 20 seconds left.\n|inactive|EDJPP has 15 seconds left.\n|inactive|EDJPP has 10 seconds left.\n|inactive|EDJPP has 5 seconds left.\n|\n|t:|1776107469\n|move|p2b: Farigiraf|Hyper Voice|p1a: Whimsicott|[spread] p1a,p1b\n|-crit|p1b: Tauros\n|-damage|p1a: Whimsicott|44/100\n|-damage|p1b: Tauros|0 fnt\n|faint|p1b: Tauros\n|move|p2a: Blastoise|Water Spout|p1a: Whimsicott\n|-resisted|p1a: Whimsicott|1\n|-damage|p1a: Whimsicott|21/100\n|move|p1a: Whimsicott|Endeavor|p2b: Farigiraf\n|-damage|p2b: Farigiraf|13/100\n|\n|upkeep\n|\n|t:|1776107482\n|switch|p1b: Froslass|Froslass, L50, F, shiny|100/100\n|turn|4\n|\n|t:|1776107501\n|move|p1b: Froslass|Protect|p1b: Froslass\n|-singleturn|p1b: Froslass|Protect\n|move|p2b: Farigiraf|Psychic|p1b: Froslass\n|-activate|p1b: Froslass|move: Protect\n|move|p2a: Blastoise|Muddy Water|p1b: Froslass|[spread] \n|-activate|p1b: Froslass|move: Protect\n|-miss|p2a: Blastoise|p1a: Whimsicott\n|move|p1a: Whimsicott|Moonblast|p2b: Farigiraf\n|-damage|p2b: Farigiraf|0 fnt\n|faint|p2b: Farigiraf\n|\n|upkeep\n|\n|t:|1776107513\n|switch|p2b: Tyranitar|Tyranitar, L50, M, shiny|100/100\n|-weather|Sandstorm|[from] ability: Sand Stream|[of] p2b: Tyranitar\n|turn|5\n|inactive|EDJPP has 30 seconds left.\n|inactive|EDJPP has 20 seconds left.\n|inactive|EDJPP has 15 seconds left.\n|inactive|EDJPP has 10 seconds left.\n|\n|t:|1776107561\n|switch|p2a: Araquanid|Araquanid, L50, F, shiny|100/100\n|detailschange|p1b: Froslass|Froslass-Mega, L50, F, shiny\n|-mega|p1b: Froslass|Froslass|Froslassite\n|-weather|Snowscape|[from] ability: Snow Warning|[of] p1b: Froslass\n|move|p1b: Froslass|Protect|p1b: Froslass\n|-singleturn|p1b: Froslass|Protect\n|move|p2b: Tyranitar|Rock Slide|p1b: Froslass|[spread] p1a\n|-activate|p1b: Froslass|move: Protect\n|-crit|p1a: Whimsicott\n|-damage|p1a: Whimsicott|0 fnt\n|faint|p1a: Whimsicott\n|\n|-weather|Snowscape|[upkeep]\n|-fieldend|move: Trick Room\n|upkeep\n|\n|t:|1776107572\n|switch|p1a: Palafin|Palafin-Hero, L50, F|37/100\n|-activate|p1a: Palafin|ability: Zero to Hero\n|turn|6\n|inactive|EDJPP has 30 seconds left.\n|\n|t:|1776107607\n|move|p2b: Tyranitar|Protect|p2b: Tyranitar\n|-singleturn|p2b: Tyranitar|Protect\n|move|p1a: Palafin|Wave Crash|p2b: Tyranitar\n|-activate|p2b: Tyranitar|move: Protect\n|move|p1b: Froslass|Nasty Plot|p1b: Froslass\n|-boost|p1b: Froslass|spa|2\n|move|p2a: Araquanid|Trailblaze|p1a: Palafin\n|-supereffective|p1a: Palafin|1\n|-damage|p1a: Palafin|13/100\n|-boost|p2a: Araquanid|spe|1\n|\n|-weather|Snowscape|[upkeep]\n|upkeep\n|turn|7\n|\n|t:|1776107632\n|switch|p2b: Blastoise|Blastoise, L50, F|46/100\n|move|p1a: Palafin|Wave Crash|p2b: Blastoise\n|-resisted|p2b: Blastoise|1\n|-damage|p2b: Blastoise|9/100\n|-damage|p1a: Palafin|2/100|[from] Recoil\n|move|p1b: Froslass|Shadow Ball|p2a: Araquanid\n|-damage|p2a: Araquanid|20/100\n|move|p2a: Araquanid|Trailblaze|p1a: Palafin\n|-supereffective|p1a: Palafin|1\n|-damage|p1a: Palafin|0 fnt\n|-boost|p2a: Araquanid|spe|1\n|faint|p1a: Palafin\n|\n|-weather|Snowscape|[upkeep]\n|upkeep\n|turn|8\n|inactive|thebeast4895 has 30 seconds left.\n|\n|t:|1776107665\n|move|p1b: Froslass|Blizzard|p2b: Blastoise|[spread] p2a,p2b\n|-resisted|p2a: Araquanid|1\n|-resisted|p2b: Blastoise|1\n|-damage|p2a: Araquanid|0 fnt\n|-damage|p2b: Blastoise|0 fnt\n|faint|p2a: Araquanid\n|faint|p2b: Blastoise\n|\n|-weather|Snowscape|[upkeep]\n|upkeep\n|\n|t:|1776107685\n|switch|p2b: Tyranitar|Tyranitar, L50, M, shiny|100/100\n|-weather|Sandstorm|[from] ability: Sand Stream|[of] p2b: Tyranitar\n|turn|9\n|c|\u2606thebeast4895|even without snow it might ko\n|c|\u2606thebeast4895|i just need to actually hit\n|c|\u2606thebeast4895|400 special attack 110 base power\n|c|\u2606thebeast4895|and it will still survive I can tell\n|inactive|thebeast4895 has 30 seconds left.\n|c|\u2606thebeast4895|I know it will\n|\n|t:|1776107717\n|detailschange|p2b: Tyranitar|Tyranitar-Mega, L50, M, shiny\n|-mega|p2b: Tyranitar|Tyranitar|Tyranitarite\n|move|p1b: Froslass|Protect|p1b: Froslass\n|-singleturn|p1b: Froslass|Protect\n|move|p2b: Tyranitar|Crunch|p1b: Froslass\n|-activate|p1b: Froslass|move: Protect\n|\n|-weather|Sandstorm|[upkeep]\n|-damage|p1b: Froslass|94/100|[from] Sandstorm\n|upkeep\n|turn|10\n|c|\u2606thebeast4895|oh yeah no\n|c|\u2606thebeast4895|210 special defense\n|c|\u2606thebeast4895|im smoked\n|\n|t:|1776107736\n|move|p1b: Froslass|Blizzard|p2b: Tyranitar\n|-damage|p2b: Tyranitar|46/100\n|-status|p2b: Tyranitar|frz\n|-curestatus|p2b: Tyranitar|frz|[msg]\n|move|p2b: Tyranitar|Crunch|p1b: Froslass\n|-supereffective|p1b: Froslass|1\n|-damage|p1b: Froslass|0 fnt\n|faint|p1b: Froslass\n|\n|win|EDJPP\n|c|\u2606thebeast4895|im preticting 50\n||thebeast4895 is ready for game 2.\n",
  "uploadtime": 1776107745,
  "views": 14,
  "formatid": "gen9championsvgc2026regma",
  "rating": null,
  "private": 0,
  "password": null
}