{
  "id": "gen9championsvgc2026regma-2583873560",
  "format": "[Gen 9 Champions] VGC 2026 Reg M-A",
  "players": [
    "ducky_14236",
    "gooplord69"
  ],
  "log": "|j|\u2606ducky_14236\n|j|\u2606gooplord69\n|t:|1776204445\n|gametype|doubles\n|player|p1|ducky_14236|1|1000\n|player|p2|gooplord69|policeman-gen4|1000\n|gen|9\n|tier|[Gen 9 Champions] VGC 2026 Reg M-A\n|rated|\n|rule|Species Clause: Limit one of each Pok\u00e9mon\n|rule|Item Clause: Limit 1 of each item\n|clearpoke\n|poke|p1|Feraligatr, L50, F|\n|poke|p1|Pelipper, L50, M|\n|poke|p1|Aerodactyl, L50, M|\n|poke|p1|Incineroar, L50, F|\n|poke|p1|Sinistcha-Masterpiece, L50|\n|poke|p1|Archaludon, L50, F|\n|poke|p2|Sableye, L50, F|\n|poke|p2|Froslass, L50, F|\n|poke|p2|Ninetales-Alola, L50, F|\n|poke|p2|Arcanine-Hisui, L50, M|\n|poke|p2|Abomasnow, L50, M|\n|poke|p2|Orthworm, L50, F|\n|teampreview|4\n|\n|t:|1776204491\n|teamsize|p1|4\n|teamsize|p2|4\n|start\n|switch|p1a: Feraligatr|Feraligatr, L50, F|100/100\n|switch|p1b: Incineroar|Incineroar, L50, F|100/100\n|switch|p2a: Sableye|Sableye, L50, F|100/100\n|switch|p2b: Froslass|Froslass, L50, F|100/100\n|-ability|p1b: Incineroar|Intimidate|boost\n|-unboost|p2a: Sableye|atk|1\n|-unboost|p2b: Froslass|atk|1\n|turn|1\n|\n|t:|1776204529\n|detailschange|p2b: Froslass|Froslass-Mega, L50, F\n|-mega|p2b: Froslass|Froslass|Froslassite\n|-weather|Snowscape|[from] ability: Snow Warning|[of] p2b: Froslass\n|detailschange|p1a: Feraligatr|Feraligatr-Mega, L50, F\n|-mega|p1a: Feraligatr|Feraligatr|Feraligite\n|move|p2b: Froslass|Protect|p2b: Froslass\n|-singleturn|p2b: Froslass|Protect\n|move|p1a: Feraligatr|Protect|p1a: Feraligatr\n|-singleturn|p1a: Feraligatr|Protect\n|move|p2a: Sableye|Encore|p1b: Incineroar\n|-hint|Since gen 7, Dark is immune to Prankster moves.\n|-immune|p1b: Incineroar\n|move|p1b: Incineroar|Flare Blitz|p2b: Froslass\n|-activate|p2b: Froslass|move: Protect\n|\n|-weather|Snowscape|[upkeep]\n|upkeep\n|turn|2\n|\n|t:|1776204561\n|switch|p2b: Arcanine|Arcanine-Hisui, L50, M|100/100\n|-ability|p2b: Arcanine|Intimidate|boost\n|-unboost|p1a: Feraligatr|atk|1\n|-unboost|p1b: Incineroar|atk|1\n|switch|p1a: Pelipper|Pelipper, L50, M|100/100\n|-weather|RainDance|[from] ability: Drizzle|[of] p1a: Pelipper\n|move|p2a: Sableye|Encore||[still]\n|-fail|p2a: Sableye\n|move|p1b: Incineroar|Flare Blitz|p2b: Arcanine\n|-resisted|p2b: Arcanine|2\n|-damage|p2b: Arcanine|95/100\n|-damage|p1b: Incineroar|99/100|[from] Recoil\n|\n|-weather|RainDance|[upkeep]\n|-heal|p2b: Arcanine|100/100|[from] item: Leftovers\n|upkeep\n|turn|3\n|\n|t:|1776204606\n|move|p2a: Sableye|Gravity|p2a: Sableye\n|-fieldstart|move: Gravity\n|move|p2b: Arcanine|Stone Edge|p1a: Pelipper\n|-supereffective|p1a: Pelipper|1\n|-damage|p1a: Pelipper|10/100\n|move|p1b: Incineroar|Parting Shot|p2b: Arcanine\n|-unboost|p2b: Arcanine|atk|1\n|-unboost|p2b: Arcanine|spa|1\n|\n|t:|1776204615\n|switch|p1b: Feraligatr|Feraligatr-Mega, L50, F|100/100|[from] Parting Shot\n|move|p1a: Pelipper|Tailwind|p1a: Pelipper\n|-sidestart|p1: ducky_14236|move: Tailwind\n|\n|-weather|RainDance|[upkeep]\n|upkeep\n|turn|4\n|\n|t:|1776204645\n|switch|p1a: Incineroar|Incineroar, L50, F|99/100\n|-ability|p1a: Incineroar|Intimidate|boost\n|-unboost|p2a: Sableye|atk|1\n|-unboost|p2b: Arcanine|atk|1\n|move|p2b: Arcanine|Protect|p2b: Arcanine\n|-singleturn|p2b: Arcanine|Protect\n|move|p2a: Sableye|Encore|p1a: Incineroar\n|-hint|Since gen 7, Dark is immune to Prankster moves.\n|-immune|p1a: Incineroar\n|move|p1b: Feraligatr|Dragon Dance|p1b: Feraligatr\n|-boost|p1b: Feraligatr|atk|1\n|-boost|p1b: Feraligatr|spe|1\n|\n|-weather|RainDance|[upkeep]\n|upkeep\n|turn|5\n|\n|t:|1776204676\n|move|p2a: Sableye|Encore|p1b: Feraligatr\n|-start|p1b: Feraligatr|Encore\n|move|p1b: Feraligatr|Dragon Dance|p1b: Feraligatr\n|-boost|p1b: Feraligatr|atk|1\n|-boost|p1b: Feraligatr|spe|1\n|move|p1a: Incineroar|Flare Blitz|p2a: Sableye\n|-damage|p2a: Sableye|71/100\n|-damage|p1a: Incineroar|92/100|[from] Recoil\n|move|p2b: Arcanine|Will-O-Wisp|p1b: Feraligatr\n|-status|p1b: Feraligatr|brn\n|\n|-weather|RainDance|[upkeep]\n|-damage|p1b: Feraligatr|94/100 brn|[from] brn\n|upkeep\n|turn|6\n|\n|t:|1776204719\n|switch|p2b: Froslass|Froslass-Mega, L50, F|100/100\n|-weather|Snowscape|[from] ability: Snow Warning|[of] p2b: Froslass\n|move|p2a: Sableye|Disable|p1b: Feraligatr\n|-start|p1b: Feraligatr|Disable|Dragon Dance\n|cant|p1b: Feraligatr|Disable|Dragon Dance\n|move|p1a: Incineroar|Parting Shot|p2b: Froslass\n|-unboost|p2b: Froslass|atk|1\n|-unboost|p2b: Froslass|spa|1\n|\n|t:|1776204731\n|switch|p1a: Pelipper|Pelipper, L50, M|10/100|[from] Parting Shot\n|-weather|RainDance|[from] ability: Drizzle|[of] p1a: Pelipper\n|\n|-weather|RainDance|[upkeep]\n|-damage|p1b: Feraligatr|88/100 brn|[from] brn\n|-sideend|p1: ducky_14236|move: Tailwind\n|upkeep\n|turn|7\n|\n|t:|1776204771\n|switch|p2b: Arcanine|Arcanine-Hisui, L50, M|100/100\n|-ability|p2b: Arcanine|Intimidate|boost\n|-unboost|p1a: Pelipper|atk|1\n|-unboost|p1b: Feraligatr|atk|1\n|-activate|p1b: Feraligatr|move: Struggle\n|move|p1b: Feraligatr|Struggle|p2b: Arcanine\n|-damage|p2b: Arcanine|85/100\n|-damage|p1b: Feraligatr|63/100 brn|[from] recoil\n|move|p1a: Pelipper|Hurricane|p2a: Sableye\n|-damage|p2a: Sableye|27/100\n|move|p2a: Sableye|Snarl|p1a: Pelipper|[spread] p1a,p1b\n|-damage|p1a: Pelipper|0 fnt\n|-damage|p1b: Feraligatr|55/100 brn\n|-unboost|p1b: Feraligatr|spa|1\n|faint|p1a: Pelipper\n|\n|-weather|RainDance|[upkeep]\n|-heal|p2b: Arcanine|91/100|[from] item: Leftovers\n|-damage|p1b: Feraligatr|48/100 brn|[from] brn\n|-end|p1b: Feraligatr|Encore\n|-fieldend|move: Gravity\n|upkeep\n|\n|t:|1776204794\n|switch|p1a: Incineroar|Incineroar, L50, F|92/100\n|-ability|p1a: Incineroar|Intimidate|boost\n|-unboost|p2a: Sableye|atk|1\n|-unboost|p2b: Arcanine|atk|1\n|turn|8\n|\n|t:|1776204809\n|move|p1a: Incineroar|Fake Out|p2b: Arcanine\n|-resisted|p2b: Arcanine|1\n|-damage|p2b: Arcanine|85/100\n|move|p2a: Sableye|Encore||[still]\n|-fail|p2a: Sableye\n|move|p1b: Feraligatr|Liquidation|p2a: Sableye\n|-damage|p2a: Sableye|0 fnt\n|faint|p2a: Sableye\n|cant|p2b: Arcanine|flinch\n|\n|-weather|RainDance|[upkeep]\n|-heal|p2b: Arcanine|91/100|[from] item: Leftovers\n|-damage|p1b: Feraligatr|42/100 brn|[from] brn\n|upkeep\n|\n|t:|1776204821\n|switch|p2a: Froslass|Froslass-Mega, L50, F|100/100\n|-weather|Snowscape|[from] ability: Snow Warning|[of] p2a: Froslass\n|turn|9\n|\n|t:|1776204841\n|switch|p2b: Ninetales|Ninetales-Alola, L50, F|100/100\n|move|p2a: Froslass|Protect|p2a: Froslass\n|-singleturn|p2a: Froslass|Protect\n|move|p1b: Feraligatr|Liquidation|p2b: Ninetales\n|-damage|p2b: Ninetales|78/100\n|move|p1a: Incineroar|Flare Blitz|p2a: Froslass\n|-activate|p2a: Froslass|move: Protect\n|\n|-weather|Snowscape|[upkeep]\n|-damage|p1b: Feraligatr|36/100 brn|[from] brn\n|-end|p1b: Feraligatr|Disable\n|upkeep\n|turn|10\n|\n|t:|1776204868\n|switch|p2a: Arcanine|Arcanine-Hisui, L50, M|91/100\n|-ability|p2a: Arcanine|Intimidate|boost\n|-unboost|p1a: Incineroar|atk|1\n|-unboost|p1b: Feraligatr|atk|1\n|move|p1b: Feraligatr|Double-Edge|p2a: Arcanine\n|-damage|p2a: Arcanine|40/100\n|-damage|p1b: Feraligatr|21/100 brn|[from] Recoil\n|move|p2b: Ninetales|Nasty Plot|p2b: Ninetales\n|-boost|p2b: Ninetales|spa|2\n|move|p1a: Incineroar|Flare Blitz|p2b: Ninetales\n|-supereffective|p2b: Ninetales|1\n|-damage|p2b: Ninetales|34/100\n|-damage|p1a: Incineroar|79/100|[from] Recoil\n|\n|-weather|Snowscape|[upkeep]\n|-heal|p2a: Arcanine|46/100|[from] item: Leftovers\n|-damage|p1b: Feraligatr|15/100 brn|[from] brn\n|upkeep\n|turn|11\n|-message|ducky_14236 forfeited.\n|\n|win|gooplord69\n|raw|ducky_14236's rating: 1000 &rarr; <strong>1000</strong><br />(+0 for losing)\n|raw|gooplord69's rating: 1000 &rarr; <strong>1040</strong><br />(+40 for winning)\n|l|\u2606ducky_14236\n|player|p1|\n",
  "uploadtime": 1776204913,
  "views": 16,
  "formatid": "gen9championsvgc2026regma",
  "rating": 1000,
  "private": 0,
  "password": null
}