{
  "id": "gen9championsvgc2026regma-2585349721",
  "format": "[Gen 9 Champions] VGC 2026 Reg M-A",
  "players": [
    "guillert",
    "GreenScheme"
  ],
  "log": "|j|\u203dguillert\n|j|\u2606GreenScheme\n|t:|1776340278\n|gametype|doubles\n|player|p1|guillert|2|1070\n|player|p2|GreenScheme|dawn|1094\n|gen|9\n|tier|[Gen 9 Champions] VGC 2026 Reg M-A\n|rated|\n|rule|Species Clause: Limit one of each Pok\u00e9mon\n|rule|Item Clause: Limit 1 of each item\n|clearpoke\n|poke|p1|Charizard, L50, F|\n|poke|p1|Incineroar, L50, M|\n|poke|p1|Whimsicott, L50, M|\n|poke|p1|Kingambit, L50, M|\n|poke|p1|Kangaskhan, L50, F|\n|poke|p1|Hydreigon, L50, F|\n|poke|p2|Floette-Eternal, L50, F|\n|poke|p2|Garchomp, L50, F|\n|poke|p2|Corviknight, L50, M|\n|poke|p2|Incineroar, L50, M|\n|poke|p2|Tyranitar, L50, M|\n|poke|p2|Sinistcha-Masterpiece, L50|\n|teampreview|4\n|inactive|Battle timer is ON: inactive players will automatically lose when time's up. (requested by GreenScheme)\n|\n|t:|1776340318\n|teamsize|p1|4\n|teamsize|p2|4\n|start\n|switch|p1a: Charizard|Charizard, L50, F|100/100\n|switch|p1b: Kingambit|Kingambit, L50, M|100/100\n|switch|p2a: Wolfey Cat|Incineroar, L50, M|100/100\n|switch|p2b: Piano Plays|Garchomp, L50, F|100/100\n|-ability|p2a: Wolfey Cat|Intimidate|boost\n|-unboost|p1a: Charizard|atk|1\n|-unboost|p1b: Kingambit|atk|1\n|-ability|p1b: Kingambit|Defiant|boost\n|-boost|p1b: Kingambit|atk|2\n|turn|1\n|inactive|guillert has 30 seconds left.\n|inactive|guillert has 20 seconds left.\n|inactive|guillert has 15 seconds left.\n|inactive|guillert has 10 seconds left.\n|\n|t:|1776340366\n|detailschange|p1a: Charizard|Charizard-Mega-Y, L50, F\n|-mega|p1a: Charizard|Charizard|Charizardite Y\n|-weather|SunnyDay|[from] ability: Drought|[of] p1a: Charizard\n|move|p2a: Wolfey Cat|Fake Out|p1b: Kingambit\n|-resisted|p1b: Kingambit|1\n|-damage|p1b: Kingambit|97/100\n|move|p2b: Piano Plays|Rock Slide|p1b: Kingambit|[spread] p1a,p1b\n|-supereffective|p1a: Charizard|2\n|-resisted|p1b: Kingambit|1\n|-damage|p1a: Charizard|0 fnt\n|-damage|p1b: Kingambit|90/100\n|faint|p1a: Charizard\n|cant|p1b: Kingambit|flinch\n|\n|-weather|SunnyDay|[upkeep]\n|upkeep\n|\n|t:|1776340378\n|switch|p1a: Whimsicott|Whimsicott, L50, M|100/100\n|turn|2\n|\n|t:|1776340399\n|move|p1a: Whimsicott|Tailwind|p1a: Whimsicott\n|-sidestart|p1: guillert|move: Tailwind\n|move|p2b: Piano Plays|Stomping Tantrum|p1b: Kingambit\n|-supereffective|p1b: Kingambit|1\n|-damage|p1b: Kingambit|16/100\n|move|p1b: Kingambit|Kowtow Cleave|p2b: Piano Plays\n|-damage|p2b: Piano Plays|19/100\n|move|p2a: Wolfey Cat|Flare Blitz|p1b: Kingambit\n|-supereffective|p1b: Kingambit|1\n|-damage|p1b: Kingambit|0 fnt\n|faint|p1b: Kingambit\n|-damage|p2a: Wolfey Cat|95/100|[from] Recoil\n|\n|-weather|SunnyDay|[upkeep]\n|upkeep\n|\n|t:|1776340419\n|switch|p1b: Incineroar|Incineroar, L50, M|100/100\n|-ability|p1b: Incineroar|Intimidate|boost\n|-unboost|p2a: Wolfey Cat|atk|1\n|-unboost|p2b: Piano Plays|atk|1\n|turn|3\n|\n|t:|1776340438\n|move|p2b: Piano Plays|Protect|p2b: Piano Plays\n|-singleturn|p2b: Piano Plays|Protect\n|move|p1b: Incineroar|Fake Out|p2a: Wolfey Cat\n|-damage|p2a: Wolfey Cat|86/100\n|move|p1a: Whimsicott|Dazzling Gleam|p2b: Piano Plays|[spread] p2a\n|-activate|p2b: Piano Plays|move: Protect\n|-crit|p2a: Wolfey Cat\n|-damage|p2a: Wolfey Cat|64/100\n|cant|p2a: Wolfey Cat|flinch\n|\n|-weather|SunnyDay|[upkeep]\n|upkeep\n|turn|4\n|\n|t:|1776340461\n|switch|p2b: Kaiju|Tyranitar, L50, M, shiny|100/100\n|-weather|Sandstorm|[from] ability: Sand Stream|[of] p2b: Kaiju\n|move|p1a: Whimsicott|Dazzling Gleam|p2b: Kaiju|[spread] p2a,p2b\n|-supereffective|p2b: Kaiju|1\n|-damage|p2a: Wolfey Cat|50/100\n|-damage|p2b: Kaiju|70/100\n|-enditem|p2a: Wolfey Cat|Sitrus Berry|[eat]\n|-heal|p2a: Wolfey Cat|75/100|[from] item: Sitrus Berry\n|move|p1b: Incineroar|Darkest Lariat|p2b: Kaiju\n|-resisted|p2b: Kaiju|1\n|-damage|p2b: Kaiju|55/100\n|move|p2a: Wolfey Cat|Parting Shot|p1b: Incineroar\n|-unboost|p1b: Incineroar|atk|1\n|-unboost|p1b: Incineroar|spa|1\n|\n|t:|1776340475\n|switch|p2a: Meta Knight|Corviknight, L50, M, shiny|100/100|[from] Parting Shot\n|\n|-weather|Sandstorm|[upkeep]\n|-damage|p1a: Whimsicott|95/100|[from] Sandstorm\n|-damage|p1b: Incineroar|95/100|[from] Sandstorm\n|upkeep\n|turn|5\n|inactive|GreenScheme has 30 seconds left.\n|\n|t:|1776340502\n|detailschange|p2b: Kaiju|Tyranitar-Mega, L50, M, shiny\n|-mega|p2b: Kaiju|Tyranitar|Tyranitarite\n|move|p2b: Kaiju|Protect|p2b: Kaiju\n|-singleturn|p2b: Kaiju|Protect\n|move|p1a: Whimsicott|Dazzling Gleam|p2b: Kaiju|[spread] p2a\n|-activate|p2b: Kaiju|move: Protect\n|-resisted|p2a: Meta Knight|1\n|-damage|p2a: Meta Knight|92/100\n|move|p1b: Incineroar|Flare Blitz|p2a: Meta Knight\n|-supereffective|p2a: Meta Knight|1\n|-damage|p2a: Meta Knight|48/100\n|-damage|p1b: Incineroar|80/100|[from] Recoil\n|move|p2a: Meta Knight|Body Press|p1b: Incineroar\n|-supereffective|p1b: Incineroar|1\n|-damage|p1b: Incineroar|45/100\n|-enditem|p1b: Incineroar|Sitrus Berry|[eat]\n|-heal|p1b: Incineroar|70/100|[from] item: Sitrus Berry\n|\n|-weather|Sandstorm|[upkeep]\n|-damage|p1a: Whimsicott|89/100|[from] Sandstorm\n|-damage|p1b: Incineroar|64/100|[from] Sandstorm\n|-heal|p2a: Meta Knight|54/100|[from] item: Leftovers\n|-sideend|p1: guillert|move: Tailwind\n|upkeep\n|turn|6\n|inactive|guillert has 30 seconds left.\n|inactive|guillert has 20 seconds left.\n|\n|t:|1776340538\n|switch|p2b: Wolfey Cat|Incineroar, L50, M|75/100\n|-ability|p2b: Wolfey Cat|Intimidate|boost\n|-unboost|p1a: Whimsicott|atk|1\n|-unboost|p1b: Incineroar|atk|1\n|move|p1a: Whimsicott|Encore|p2b: Wolfey Cat\n|-hint|Since gen 7, Dark is immune to Prankster moves.\n|-immune|p2b: Wolfey Cat\n|move|p2a: Meta Knight|Body Press|p1b: Incineroar\n|-supereffective|p1b: Incineroar|1\n|-damage|p1b: Incineroar|31/100\n|move|p1b: Incineroar|Flare Blitz|p2a: Meta Knight\n|-supereffective|p2a: Meta Knight|1\n|-damage|p2a: Meta Knight|20/100\n|-damage|p1b: Incineroar|20/100|[from] Recoil\n|\n|-weather|Sandstorm|[upkeep]\n|-damage|p1a: Whimsicott|83/100|[from] Sandstorm\n|-damage|p1b: Incineroar|14/100|[from] Sandstorm\n|-damage|p2b: Wolfey Cat|69/100|[from] Sandstorm\n|-heal|p2a: Meta Knight|26/100|[from] item: Leftovers\n|upkeep\n|turn|7\n|inactive|GreenScheme has 30 seconds left.\n|\n|t:|1776340563\n|switch|p2a: Kaiju|Tyranitar-Mega, L50, M, shiny|55/100\n|move|p2b: Wolfey Cat|Fake Out|p1a: Whimsicott\n|-damage|p1a: Whimsicott|69/100\n|cant|p1a: Whimsicott|flinch\n|move|p1b: Incineroar|Darkest Lariat|p2a: Kaiju\n|-resisted|p2a: Kaiju|1\n|-damage|p2a: Kaiju|49/100\n|\n|-weather|Sandstorm|[upkeep]\n|-damage|p1a: Whimsicott|63/100|[from] Sandstorm\n|-damage|p1b: Incineroar|8/100|[from] Sandstorm\n|-damage|p2b: Wolfey Cat|63/100|[from] Sandstorm\n|upkeep\n|turn|8\n|inactive|guillert has 30 seconds left.\n|inactive|GreenScheme has 30 seconds left.\n|\n|t:|1776340589\n|switch|p2b: Piano Plays|Garchomp, L50, F|19/100\n|move|p2a: Kaiju|Protect|p2a: Kaiju\n|-singleturn|p2a: Kaiju|Protect\n|move|p1a: Whimsicott|Dazzling Gleam|p2a: Kaiju|[spread] p2b\n|-activate|p2a: Kaiju|move: Protect\n|-supereffective|p2b: Piano Plays|1\n|-damage|p2b: Piano Plays|0 fnt\n|faint|p2b: Piano Plays\n|move|p1b: Incineroar|Darkest Lariat|p2a: Kaiju\n|-activate|p2a: Kaiju|move: Protect\n|\n|-weather|none\n|upkeep\n|\n|t:|1776340602\n|switch|p2b: Wolfey Cat|Incineroar, L50, M|63/100\n|-ability|p2b: Wolfey Cat|Intimidate|boost\n|-unboost|p1a: Whimsicott|atk|1\n|-unboost|p1b: Incineroar|atk|1\n|turn|9\n|\n|t:|1776340620\n|switch|p2a: Meta Knight|Corviknight, L50, M, shiny|26/100\n|move|p2b: Wolfey Cat|Fake Out|p1b: Incineroar\n|-damage|p1b: Incineroar|0 fnt\n|faint|p1b: Incineroar\n|move|p1a: Whimsicott|Dazzling Gleam|p2b: Wolfey Cat|[spread] p2a,p2b\n|-resisted|p2a: Meta Knight|1\n|-damage|p2a: Meta Knight|18/100\n|-damage|p2b: Wolfey Cat|47/100\n|\n|-heal|p2a: Meta Knight|23/100|[from] item: Leftovers\n|upkeep\n|turn|10\n|\n|t:|1776340633\n|move|p1a: Whimsicott|Encore|p2b: Wolfey Cat\n|-hint|Since gen 7, Dark is immune to Prankster moves.\n|-immune|p2b: Wolfey Cat\n|move|p2a: Meta Knight|Brave Bird|p1a: Whimsicott\n|-supereffective|p1a: Whimsicott|1\n|-damage|p1a: Whimsicott|0 fnt\n|faint|p1a: Whimsicott\n|-damage|p2a: Meta Knight|7/100|[from] Recoil\n|\n|win|GreenScheme\n|raw|guillert's rating: 1070 &rarr; <strong>1051</strong><br />(-19 for losing)\n|raw|GreenScheme's rating: 1094 &rarr; <strong>1118</strong><br />(+24 for winning)\n|l|\u203dguillert\n|player|p1|\n",
  "uploadtime": 1776340640,
  "views": 20,
  "formatid": "gen9championsvgc2026regma",
  "rating": 1051,
  "private": 0,
  "password": null
}