{
  "id": "gen9championsvgc2026regma-2584746532",
  "format": "[Gen 9 Champions] VGC 2026 Reg M-A",
  "players": [
    "pics plz",
    "battle sim trainer"
  ],
  "log": "|j|\u2606pics plz\n|j|\u2606battle sim trainer\n|t:|1776280761\n|gametype|doubles\n|player|p1|pics plz|101|1138\n|player|p2|battle sim trainer|turo|1118\n|gen|9\n|tier|[Gen 9 Champions] VGC 2026 Reg M-A\n|rated|\n|rule|Species Clause: Limit one of each Pok\u00e9mon\n|rule|Item Clause: Limit 1 of each item\n|clearpoke\n|poke|p1|Raichu, L50, F|\n|poke|p1|Pelipper, L50, M|\n|poke|p1|Meganium, L50, F|\n|poke|p1|Aerodactyl, L50, F|\n|poke|p1|Garchomp, L50, F|\n|poke|p1|Basculegion, L50, M|\n|poke|p2|Farigiraf, L50, M|\n|poke|p2|Sinistcha, L50|\n|poke|p2|Slowbro, L50, M|\n|poke|p2|Crabominable, L50, M|\n|poke|p2|Medicham, L50, M|\n|poke|p2|Torkoal, L50, F|\n|teampreview|4\n|\n|t:|1776280820\n|teamsize|p1|4\n|teamsize|p2|4\n|start\n|switch|p1a: Aerodactyl|Aerodactyl, L50, F|100/100\n|switch|p1b: Basculegion|Basculegion, L50, M|100/100\n|switch|p2a: Farigiraf|Farigiraf, L50, M|100/100\n|switch|p2b: Medicham|Medicham, L50, M|100/100\n|-ability|p1a: Aerodactyl|Unnerve\n|turn|1\n|inactive|Battle timer is ON: inactive players will automatically lose when time's up. (requested by battle sim trainer)\n|\n|t:|1776280838\n|move|p2b: Medicham|Fake Out|p1a: Aerodactyl\n|-resisted|p1a: Aerodactyl|1\n|-damage|p1a: Aerodactyl|85/100\n|cant|p1a: Aerodactyl|flinch\n|move|p1b: Basculegion|Wave Crash|p2a: Farigiraf\n|-damage|p2a: Farigiraf|40/100\n|-damage|p1b: Basculegion|77/100|[from] Recoil\n|move|p2a: Farigiraf|Trick Room|p2a: Farigiraf\n|-fieldstart|move: Trick Room|[of] p2a: Farigiraf\n|\n|upkeep\n|turn|2\n|\n|t:|1776280863\n|move|p1a: Aerodactyl|Protect|p1a: Aerodactyl\n|-singleturn|p1a: Aerodactyl|Protect\n|move|p2a: Farigiraf|Psyshock|p1b: Basculegion\n|-damage|p1b: Basculegion|35/100\n|move|p2b: Medicham|Psycho Cut|p1b: Basculegion\n|-damage|p1b: Basculegion|0 fnt\n|faint|p1b: Basculegion\n|\n|upkeep\n|\n|t:|1776280876\n|switch|p1b: Pelipper|Pelipper, L50, M|100/100\n|-weather|RainDance|[from] ability: Drizzle|[of] p1b: Pelipper\n|turn|3\n|\n|t:|1776280890\n|move|p2a: Farigiraf|Psyshock|p1a: Aerodactyl\n|-damage|p1a: Aerodactyl|34/100\n|move|p1b: Pelipper|Hurricane|p2a: Farigiraf\n|-damage|p2a: Farigiraf|1/100\n|move|p2b: Medicham|Psycho Cut|p1a: Aerodactyl\n|-damage|p1a: Aerodactyl|0 fnt\n|-enditem|p2a: Farigiraf|Sitrus Berry|[eat]\n|-heal|p2a: Farigiraf|26/100|[from] item: Sitrus Berry\n|faint|p1a: Aerodactyl\n|\n|-weather|RainDance|[upkeep]\n|upkeep\n|\n|t:|1776280900\n|switch|p1a: Meganium|Meganium, L50, F|100/100\n|turn|4\n|\n|t:|1776280913\n|detailschange|p1a: Meganium|Meganium-Mega, L50, F\n|-mega|p1a: Meganium|Meganium|Meganiumite\n|move|p2a: Farigiraf|Hyper Voice|p1b: Pelipper|[spread] p1a,p1b\n|-damage|p1a: Meganium|75/100\n|-damage|p1b: Pelipper|62/100\n|move|p1b: Pelipper|Hurricane|p2b: Medicham\n|-supereffective|p2b: Medicham|1\n|-enditem|p2b: Medicham|Focus Sash\n|-damage|p2b: Medicham|1/100\n|move|p2b: Medicham|Psycho Cut|p1b: Pelipper\n|-damage|p1b: Pelipper|4/100\n|move|p1a: Meganium|Dazzling Gleam|p2b: Medicham|[spread] p2a,p2b\n|-supereffective|p2b: Medicham|1\n|-damage|p2a: Farigiraf|0 fnt\n|-damage|p2b: Medicham|0 fnt\n|faint|p2a: Farigiraf\n|faint|p2b: Medicham\n|\n|-weather|RainDance|[upkeep]\n|upkeep\n|\n|t:|1776280925\n|switch|p2a: Crabominable|Crabominable, L50, M|100/100\n|switch|p2b: Slowbro|Slowbro, L50, M|100/100\n|turn|5\n|inactive|pics plz has 30 seconds left.\n|inactive|battle sim trainer has 30 seconds left.\n|\n|t:|1776280951\n|detailschange|p2a: Crabominable|Crabominable-Mega, L50, M\n|-mega|p2a: Crabominable|Crabominable|Crabominite\n|move|p1b: Pelipper|Protect|p1b: Pelipper\n|-singleturn|p1b: Pelipper|Protect\n|move|p1a: Meganium|Protect|p1a: Meganium\n|-singleturn|p1a: Meganium|Protect\n|move|p2b: Slowbro|Iron Defense|p2b: Slowbro\n|-boost|p2b: Slowbro|def|2\n|move|p2a: Crabominable|Ice Punch|p1a: Meganium\n|-activate|p1a: Meganium|move: Protect\n|\n|-weather|RainDance|[upkeep]\n|-fieldend|move: Trick Room\n|upkeep\n|turn|6\n|\n|t:|1776280969\n|move|p2a: Crabominable|Mach Punch|p1b: Pelipper\n|-resisted|p1b: Pelipper|1\n|-damage|p1b: Pelipper|0 fnt\n|faint|p1b: Pelipper\n|move|p1a: Meganium|Solar Beam||[still]\n|-prepare|p1a: Meganium|Solar Beam\n|-activate|p1a: Meganium|ability: Mega Sol\n|-anim|p1a: Meganium|Solar Beam|p2b: Slowbro\n|-supereffective|p2b: Slowbro|1\n|-damage|p2b: Slowbro|0 fnt\n|faint|p2b: Slowbro\n|\n|-weather|RainDance|[upkeep]\n|upkeep\n|turn|7\n|\n|t:|1776280983\n|move|p1a: Meganium|Weather Ball|p2a: Crabominable\n|-supereffective|p2a: Crabominable|1\n|-damage|p2a: Crabominable|15/100\n|move|p2a: Crabominable|Ice Punch|p1a: Meganium\n|-supereffective|p1a: Meganium|1\n|-damage|p1a: Meganium|0 fnt\n|faint|p1a: Meganium\n|\n|win|battle sim trainer\n|raw|pics plz's rating: 1138 &rarr; <strong>1112</strong><br />(-26 for losing)\n|raw|battle sim trainer's rating: 1118 &rarr; <strong>1144</strong><br />(+26 for winning)\n",
  "uploadtime": 1776280989,
  "views": 18,
  "formatid": "gen9championsvgc2026regma",
  "rating": 1112,
  "private": 0,
  "password": null
}