{
  "id": "gen9championsvgc2026regma-2585821110",
  "format": "[Gen 9 Champions] VGC 2026 Reg M-A",
  "players": [
    "edenborn",
    "devinlewisd"
  ],
  "log": "|j|\u2606edenborn\n|j|\u2606devinlewisd\n|t:|1776373117\n|gametype|doubles\n|player|p1|edenborn|unknown|1147\n|player|p2|devinlewisd|hiker-gen4|1106\n|gen|9\n|tier|[Gen 9 Champions] VGC 2026 Reg M-A\n|rated|\n|rule|Species Clause: Limit one of each Pok\u00e9mon\n|rule|Item Clause: Limit 1 of each item\n|clearpoke\n|poke|p1|Palafin, L50, M|\n|poke|p1|Pelipper, L50, F|\n|poke|p1|Archaludon, L50, M|\n|poke|p1|Sinistcha, L50|\n|poke|p1|Incineroar, L50, M|\n|poke|p1|Aerodactyl, L50, F|\n|poke|p2|Altaria, L50, M|\n|poke|p2|Clefable, L50, M|\n|poke|p2|Sneasler, L50, M|\n|poke|p2|Arcanine, L50, F|\n|poke|p2|Tyranitar, L50, M|\n|poke|p2|Mimikyu, L50, M|\n|teampreview|4\n|inactive|Battle timer is ON: inactive players will automatically lose when time's up. (requested by devinlewisd)\n|inactive|edenborn also wants the timer to be on.\n|inactive|devinlewisd has 60 seconds left.\n|\n|t:|1776373163\n|teamsize|p1|4\n|teamsize|p2|4\n|start\n|switch|p1a: Weather Breaker|Aerodactyl, L50, F|100/100\n|switch|p1b: Herc|Palafin, L50, M|100/100\n|switch|p2a: Mimikyu|Mimikyu, L50, M|100/100\n|switch|p2b: Altaria|Altaria, L50, M|100/100\n|-ability|p1a: Weather Breaker|Unnerve\n|-ability|p2b: Altaria|Cloud Nine\n|turn|1\n|inactive|devinlewisd has 30 seconds left.\n|\n|t:|1776373190\n|detailschange|p1a: Weather Breaker|Aerodactyl-Mega, L50, F\n|-mega|p1a: Weather Breaker|Aerodactyl|Aerodactylite\n|detailschange|p2b: Altaria|Altaria-Mega, L50, M\n|-mega|p2b: Altaria|Altaria|Altarianite\n|move|p1a: Weather Breaker|Rock Slide|p2b: Altaria|[spread] p2b\n|-miss|p1a: Weather Breaker|p2a: Mimikyu\n|-damage|p2b: Altaria|72/100\n|move|p1b: Herc|Flip Turn|p2a: Mimikyu\n|-activate|p2a: Mimikyu|ability: Disguise\n|-damage|p2a: Mimikyu|100/100\n|detailschange|p2a: Mimikyu|Mimikyu-Busted, L50, M\n|-damage|p2a: Mimikyu|88/100|[from] pokemon: Mimikyu-Busted\n|\n|t:|1776373205\n|detailschange|p1b: Herc|Palafin-Hero, L50, M\n|switch|p1b: The Enforcer|Incineroar, L50, M|100/100|[from] Flip Turn\n|-ability|p1b: The Enforcer|Intimidate|boost\n|-unboost|p2a: Mimikyu|atk|1\n|-unboost|p2b: Altaria|atk|1\n|move|p2b: Altaria|Hyper Voice|p1a: Weather Breaker|[spread] p1a,p1b\n|-damage|p1a: Weather Breaker|57/100\n|-damage|p1b: The Enforcer|74/100\n|move|p2a: Mimikyu|Trick Room|p2a: Mimikyu\n|-fieldstart|move: Trick Room|[of] p2a: Mimikyu\n|\n|upkeep\n|turn|2\n|\n|t:|1776373226\n|switch|p2a: Clefable|Clefable, L50, M|100/100\n|switch|p1a: Matcha|Sinistcha, L50|100/100\n|-heal|p1b: The Enforcer|99/100|[from] ability: Hospitality|[of] p1a: Matcha\n|move|p2b: Altaria|Protect|p2b: Altaria\n|-singleturn|p2b: Altaria|Protect\n|move|p1b: The Enforcer|Throat Chop|p2a: Clefable\n|-resisted|p2a: Clefable|1\n|-damage|p2a: Clefable|87/100\n|-start|p2a: Clefable|Throat Chop|[silent]\n|\n|upkeep\n|turn|3\n|inactive|edenborn has 30 seconds left.\n|\n|t:|1776373259\n|move|p2a: Clefable|Life Dew|p2a: Clefable|[spread] p2a,p2b\n|-heal|p2a: Clefable|100/100\n|-heal|p2b: Altaria|97/100\n|move|p1b: The Enforcer|Parting Shot|p2b: Altaria\n|-unboost|p2b: Altaria|atk|1\n|-unboost|p2b: Altaria|spa|1\n|\n|t:|1776373270\n|switch|p1b: Herc|Palafin-Hero, L50, M|100/100|[from] Parting Shot\n|-activate|p1b: Herc|ability: Zero to Hero\n|move|p1a: Matcha|Matcha Gotcha|p2a: Clefable|[spread] p2a\n|-miss|p1a: Matcha|p2b: Altaria\n|-damage|p2a: Clefable|81/100\n|move|p2b: Altaria|Hyper Voice|p1b: Herc|[spread] p1a,p1b\n|-damage|p1a: Matcha|71/100\n|-damage|p1b: Herc|77/100\n|\n|-end|p2a: Clefable|Throat Chop|[silent]\n|upkeep\n|turn|4\n|\n|t:|1776373290\n|switch|p2b: Sneasler|Sneasler, L50, M|100/100\n|move|p2a: Clefable|Follow Me|p2a: Clefable\n|-singleturn|p2a: Clefable|move: Follow Me\n|move|p1a: Matcha|Life Dew|p1a: Matcha|[spread] p1a,p1b\n|-heal|p1a: Matcha|97/100\n|-heal|p1b: Herc|100/100\n|move|p1b: Herc|Flip Turn|p2a: Clefable\n|-damage|p2a: Clefable|43/100\n|\n|t:|1776373310\n|switch|p1b: The Enforcer|Incineroar, L50, M|99/100|[from] Flip Turn\n|-ability|p1b: The Enforcer|Intimidate|boost\n|-unboost|p2a: Clefable|atk|1\n|-unboost|p2b: Sneasler|atk|1\n|\n|upkeep\n|turn|5\n|\n|t:|1776373329\n|move|p2b: Sneasler|Protect|p2b: Sneasler\n|-singleturn|p2b: Sneasler|Protect\n|move|p1b: The Enforcer|Fake Out|p2b: Sneasler\n|-activate|p2b: Sneasler|move: Protect\n|move|p2a: Clefable|Life Dew||[still]|[spread] p2a,p2b\n|-heal|p2a: Clefable|68/100\n|-fail|p2b: Sneasler|heal\n|move|p1a: Matcha|Matcha Gotcha|p2a: Clefable|[spread] p2a\n|-activate|p2b: Sneasler|move: Protect\n|-damage|p2a: Clefable|49/100\n|-heal|p1a: Matcha|100/100|[from] drain|[of] p2a: Clefable\n|-status|p2a: Clefable|brn\n|\n|-damage|p2a: Clefable|43/100 brn|[from] brn\n|-fieldend|move: Trick Room\n|upkeep\n|turn|6\n|inactive|edenborn has 30 seconds left.\n|\n|t:|1776373362\n|move|p2a: Clefable|Helping Hand|p2b: Sneasler\n|-singleturn|p2b: Sneasler|Helping Hand|[of] p2a: Clefable\n|move|p1a: Matcha|Protect|p1a: Matcha\n|-singleturn|p1a: Matcha|Protect\n|move|p2b: Sneasler|Dire Claw|p1a: Matcha\n|-activate|p1a: Matcha|move: Protect\n|move|p1b: The Enforcer|Flare Blitz|p2b: Sneasler\n|-damage|p2b: Sneasler|22/100\n|-damage|p1b: The Enforcer|79/100|[from] Recoil\n|\n|-damage|p2a: Clefable|37/100 brn|[from] brn\n|upkeep\n|turn|7\n|inactive|edenborn has 30 seconds left.\n|\n|t:|1776373394\n|switch|p2b: Altaria|Altaria-Mega, L50, M|97/100\n|move|p1a: Matcha|Life Dew||[still]|[spread] p1a,p1b\n|-fail|p1a: Matcha|heal\n|-heal|p1b: The Enforcer|100/100\n|move|p1b: The Enforcer|Flare Blitz|p2b: Altaria\n|-resisted|p2b: Altaria|1\n|-damage|p2b: Altaria|75/100\n|-damage|p1b: The Enforcer|94/100|[from] Recoil\n|move|p2a: Clefable|Life Dew|p2a: Clefable|[spread] p2a,p2b\n|-heal|p2a: Clefable|62/100 brn\n|-heal|p2b: Altaria|99/100\n|\n|-damage|p2a: Clefable|56/100 brn|[from] brn\n|upkeep\n|turn|8\n|\n|t:|1776373418\n|move|p1a: Matcha|Protect|p1a: Matcha\n|-singleturn|p1a: Matcha|Protect\n|move|p2a: Clefable|Follow Me|p2a: Clefable\n|-singleturn|p2a: Clefable|move: Follow Me\n|move|p2b: Altaria|Hyper Voice|p1a: Matcha|[spread] p1b\n|-activate|p1a: Matcha|move: Protect\n|-damage|p1b: The Enforcer|63/100\n|move|p1b: The Enforcer|Flare Blitz|p2a: Clefable\n|-damage|p2a: Clefable|18/100 brn\n|-damage|p1b: The Enforcer|51/100|[from] Recoil\n|\n|-damage|p2a: Clefable|12/100 brn|[from] brn\n|upkeep\n|turn|9\n|inactive|edenborn has 30 seconds left.\n|inactive|devinlewisd has 30 seconds left.\n|inactive|edenborn has 20 seconds left.\n|inactive|edenborn has 15 seconds left.\n|inactive|edenborn has 10 seconds left.\n|\n|t:|1776373468\n|move|p2a: Clefable|Helping Hand|p2b: Altaria\n|-singleturn|p2b: Altaria|Helping Hand|[of] p2a: Clefable\n|move|p2b: Altaria|Flamethrower|p1a: Matcha\n|-supereffective|p1a: Matcha|1\n|-damage|p1a: Matcha|4/100\n|-enditem|p1a: Matcha|Sitrus Berry|[eat]\n|-heal|p1a: Matcha|29/100|[from] item: Sitrus Berry\n|move|p1a: Matcha|Life Dew|p1a: Matcha|[spread] p1a,p1b\n|-heal|p1a: Matcha|54/100\n|-heal|p1b: The Enforcer|76/100\n|move|p1b: The Enforcer|Flare Blitz|p2a: Clefable\n|-damage|p2a: Clefable|0 fnt\n|faint|p2a: Clefable\n|-damage|p1b: The Enforcer|72/100|[from] Recoil\n|\n|upkeep\n|\n|t:|1776373479\n|switch|p2a: Sneasler|Sneasler, L50, M|22/100\n|turn|10\n|\n|t:|1776373498\n|switch|p1b: Weather Breaker|Aerodactyl-Mega, L50, F|57/100\n|move|p1a: Matcha|Protect|p1a: Matcha\n|-singleturn|p1a: Matcha|Protect\n|move|p2a: Sneasler|Close Combat|p1b: Weather Breaker\n|-damage|p1b: Weather Breaker|0 fnt\n|-unboost|p2a: Sneasler|def|1\n|-unboost|p2a: Sneasler|spd|1\n|faint|p1b: Weather Breaker\n|move|p2b: Altaria|Hyper Voice|p1a: Matcha\n|-activate|p1a: Matcha|move: Protect\n|\n|upkeep\n|\n|t:|1776373515\n|switch|p1b: The Enforcer|Incineroar, L50, M|72/100\n|-ability|p1b: The Enforcer|Intimidate|boost\n|-unboost|p2a: Sneasler|atk|1\n|-unboost|p2b: Altaria|atk|1\n|turn|11\n|\n|t:|1776373525\n|switch|p2a: Mimikyu|Mimikyu-Busted, L50, M|88/100\n|move|p2b: Altaria|Protect|p2b: Altaria\n|-singleturn|p2b: Altaria|Protect\n|move|p1b: The Enforcer|Fake Out|p2a: Mimikyu\n|-immune|p2a: Mimikyu\n|move|p1a: Matcha|Matcha Gotcha|p2b: Altaria|[spread] p2a\n|-activate|p2b: Altaria|move: Protect\n|-damage|p2a: Mimikyu|53/100\n|-heal|p1a: Matcha|67/100|[from] drain|[of] p2a: Mimikyu\n|-status|p2a: Mimikyu|brn\n|\n|-damage|p2a: Mimikyu|47/100 brn|[from] brn\n|upkeep\n|turn|12\n|inactive|edenborn has 30 seconds left.\n|\n|t:|1776373550\n|move|p2a: Mimikyu|Shadow Sneak|p1a: Matcha\n|-supereffective|p1a: Matcha|1\n|-damage|p1a: Matcha|56/100\n|move|p2b: Altaria|Hyper Voice|p1a: Matcha|[spread] p1a,p1b\n|-damage|p1a: Matcha|12/100\n|-damage|p1b: The Enforcer|42/100\n|move|p1a: Matcha|Life Dew|p1a: Matcha|[spread] p1a,p1b\n|-heal|p1a: Matcha|37/100\n|-heal|p1b: The Enforcer|67/100\n|move|p1b: The Enforcer|Throat Chop|p2a: Mimikyu\n|-damage|p2a: Mimikyu|0 fnt\n|faint|p2a: Mimikyu\n|\n|upkeep\n|\n|t:|1776373556\n|switch|p2a: Sneasler|Sneasler, L50, M|22/100\n|turn|13\n|\n|t:|1776373571\n|switch|p1b: Herc|Palafin-Hero, L50, M|100/100\n|move|p1a: Matcha|Protect|p1a: Matcha\n|-singleturn|p1a: Matcha|Protect\n|move|p2a: Sneasler|Close Combat|p1b: Herc\n|-damage|p1b: Herc|44/100\n|-unboost|p2a: Sneasler|def|1\n|-unboost|p2a: Sneasler|spd|1\n|move|p2b: Altaria|Flamethrower|p1a: Matcha\n|-activate|p1a: Matcha|move: Protect\n|\n|upkeep\n|turn|14\n|\n|t:|1776373587\n|move|p2a: Sneasler|Protect|p2a: Sneasler\n|-singleturn|p2a: Sneasler|Protect\n|move|p1b: Herc|Jet Punch|p2a: Sneasler\n|-activate|p2a: Sneasler|move: Protect\n|move|p2b: Altaria|Hyper Voice|p1b: Herc|[spread] p1a,p1b\n|-damage|p1a: Matcha|0 fnt\n|-damage|p1b: Herc|12/100\n|faint|p1a: Matcha\n|\n|upkeep\n|\n|t:|1776373594\n|switch|p1a: The Enforcer|Incineroar, L50, M|67/100\n|-ability|p1a: The Enforcer|Intimidate|boost\n|-unboost|p2a: Sneasler|atk|1\n|-unboost|p2b: Altaria|atk|1\n|turn|15\n|\n|t:|1776373608\n|move|p2a: Sneasler|Protect||[still]\n|-fail|p2a: Sneasler\n|move|p1a: The Enforcer|Fake Out|p2b: Altaria\n|-damage|p2b: Altaria|91/100\n|move|p1b: Herc|Jet Punch|p2a: Sneasler\n|-damage|p2a: Sneasler|0 fnt\n|faint|p2a: Sneasler\n|cant|p2b: Altaria|flinch\n|\n|upkeep\n|turn|16\n|\n|t:|1776373618\n|move|p1b: Herc|Wave Crash|p2b: Altaria\n|-resisted|p2b: Altaria|1\n|-damage|p2b: Altaria|45/100\n|-damage|p1b: Herc|0 fnt|[from] Recoil\n|faint|p1b: Herc\n|move|p2b: Altaria|Hyper Voice|p1a: The Enforcer\n|-damage|p1a: The Enforcer|24/100\n|move|p1a: The Enforcer|Flare Blitz|p2b: Altaria\n|-resisted|p2b: Altaria|1\n|-damage|p2b: Altaria|22/100\n|-damage|p1a: The Enforcer|17/100|[from] Recoil\n|\n|upkeep\n|turn|17\n|inactive|edenborn has 30 seconds left.\n|inactive|edenborn has 20 seconds left.\n|c|\u2606devinlewisd|gg cool team\n|inactive|edenborn has 15 seconds left.\n|\n|t:|1776373664\n|move|p2b: Altaria|Hyper Voice|p1a: The Enforcer\n|-damage|p1a: The Enforcer|0 fnt\n|faint|p1a: The Enforcer\n|\n|win|devinlewisd\n|raw|edenborn's rating: 1147 &rarr; <strong>1119</strong><br />(-28 for losing)\n|raw|devinlewisd's rating: 1106 &rarr; <strong>1134</strong><br />(+28 for winning)\n|c|\u2606edenborn|Gg you too!\n|l|\u2606devinlewisd\n|player|p2|\n",
  "uploadtime": 1776373701,
  "views": 24,
  "formatid": "gen9championsvgc2026regma",
  "rating": 1119,
  "private": 0,
  "password": null
}