{
  "id": "gen9championsvgc2026regma-2589505285",
  "format": "[Gen 9 Champions] VGC 2026 Reg M-A",
  "players": [
    "guioguoguo",
    "Marcio Lira"
  ],
  "log": "|j|\u2606guioguoguo\n|j|\u2606Marcio Lira\n|t:|1776729066\n|gametype|doubles\n|player|p1|guioguoguo|266|1089\n|player|p2|Marcio Lira|bugcatcher-gen4dp|1154\n|gen|9\n|tier|[Gen 9 Champions] VGC 2026 Reg M-A\n|rated|\n|rule|Species Clause: Limit one of each Pok\u00e9mon\n|rule|Item Clause: Limit 1 of each item\n|clearpoke\n|poke|p1|Excadrill, L50, F, shiny|\n|poke|p1|Hawlucha, L50, M, shiny|\n|poke|p1|Tyranitar, L50, M, shiny|\n|poke|p1|Espathra, L50, M, shiny|\n|poke|p1|Sinistcha, L50, shiny|\n|poke|p1|Incineroar, L50, F, shiny|\n|poke|p2|Floette-Eternal, L50, F|\n|poke|p2|Rotom-Wash, L50, shiny|\n|poke|p2|Garchomp, L50, M|\n|poke|p2|Volcarona, L50, F|\n|poke|p2|Oranguru, L50, F, shiny|\n|poke|p2|Aerodactyl, L50, M|\n|teampreview|4\n|inactive|Battle timer is ON: inactive players will automatically lose when time's up. (requested by guioguoguo)\nguioguoguo rejected open team sheets.\n|inactive|guioguoguo has 30 seconds left.\n|inactive|guioguoguo has 20 seconds left.\n|\n|t:|1776729146\n|teamsize|p1|4\n|teamsize|p2|4\n|start\n|switch|p1a: Excadrill|Excadrill, L50, F, shiny|100/100\n|switch|p1b: Hawlucha|Hawlucha, L50, M, shiny|100/100\n|switch|p2a: Volcarona|Volcarona, L50, F|100/100\n|switch|p2b: Garchomp|Garchomp, L50, M|100/100\n|-ability|p1b: Hawlucha|Mold Breaker\n|turn|1\n|inactive|Marcio Lira has 30 seconds left.\n|\n|t:|1776729182\n|detailschange|p1b: Hawlucha|Hawlucha-Mega, L50, M, shiny\n|-mega|p1b: Hawlucha|Hawlucha|Hawluchanite\n|move|p2a: Volcarona|Rage Powder|p2a: Volcarona\n|-singleturn|p2a: Volcarona|move: Rage Powder\n|move|p1b: Hawlucha|Entrainment|p2a: Volcarona\n|-ability|p2a: Volcarona|No Guard|Flame Body|[from] move: Entrainment|[of] p1b: Hawlucha\n|move|p2b: Garchomp|Earthquake|p1a: Excadrill|[spread] p2a,p1a\n|-immune|p1b: Hawlucha\n|-supereffective|p1a: Excadrill|1\n|-damage|p2a: Volcarona|62/100\n|-damage|p1a: Excadrill|28/100\n|move|p1a: Excadrill|Horn Drill|p2a: Volcarona\n|-damage|p2a: Volcarona|0 fnt\n|faint|p2a: Volcarona\n|-ohko\n|\n|upkeep\n|\n|t:|1776729197\n|switch|p2a: Rotom|Rotom-Wash, L50, shiny|100/100\n|turn|2\n|\n|t:|1776729222\n|switch|p1a: Incineroar|Incineroar, L50, F, shiny|100/100\n|-ability|p1a: Incineroar|Intimidate|boost\n|-unboost|p2a: Rotom|atk|1\n|-unboost|p2b: Garchomp|atk|1\n|move|p2a: Rotom|Electroweb|p1a: Incineroar|[spread] p1a,p1b\n|-supereffective|p1b: Hawlucha|1\n|-damage|p1a: Incineroar|82/100\n|-damage|p1b: Hawlucha|53/100\n|-unboost|p1a: Incineroar|spe|1\n|-unboost|p1b: Hawlucha|spe|1\n|move|p2b: Garchomp|Earthquake|p1b: Hawlucha|[spread] p1a\n|-immune|p2a: Rotom|[from] ability: Levitate\n|-immune|p1b: Hawlucha\n|-supereffective|p1a: Incineroar|1\n|-damage|p1a: Incineroar|40/100\n|-enditem|p1a: Incineroar|Sitrus Berry|[eat]\n|-heal|p1a: Incineroar|65/100|[from] item: Sitrus Berry\n|move|p1b: Hawlucha|Rock Slide|p2a: Rotom|[spread] p2a,p2b\n|-resisted|p2b: Garchomp|1\n|-damage|p2a: Rotom|76/100\n|-damage|p2b: Garchomp|90/100\n|\n|upkeep\n|turn|3\n|\n|t:|1776729246\n|move|p2b: Garchomp|Protect|p2b: Garchomp\n|-singleturn|p2b: Garchomp|Protect\n|move|p1a: Incineroar|Fake Out|p2a: Rotom\n|-damage|p2a: Rotom|62/100\n|cant|p2a: Rotom|flinch\n|move|p1b: Hawlucha|Cross Chop|p2a: Rotom\n|-damage|p2a: Rotom|0 fnt\n|faint|p2a: Rotom\n|\n|upkeep\n|\n|t:|1776729252\n|switch|p2a: Floette|Floette-Eternal, L50, F|100/100\n|turn|4\n|\n|t:|1776729273\n|switch|p1b: Excadrill|Excadrill, L50, F, shiny|28/100\n|detailschange|p2a: Floette|Floette-Mega, L50, F\n|-mega|p2a: Floette|Floette|Floettite\n|-ability|p2a: Floette|Fairy Aura\n|move|p2b: Garchomp|Rock Slide|p1b: Excadrill|[spread] p1b\n|-miss|p2b: Garchomp|p1a: Incineroar\n|-resisted|p1b: Excadrill|2\n|-damage|p1b: Excadrill|25/100\n|move|p2a: Floette|Dazzling Gleam|p1a: Incineroar|[spread] p1a,p1b\n|-resisted|p1b: Excadrill|1\n|-damage|p1a: Incineroar|20/100\n|-damage|p1b: Excadrill|0 fnt\n|faint|p1b: Excadrill\n|move|p1a: Incineroar|Parting Shot|p2a: Floette\n|-unboost|p2a: Floette|atk|1\n|-unboost|p2a: Floette|spa|1\n|\n|t:|1776729289\n|switch|p1a: Hawlucha|Hawlucha-Mega, L50, M, shiny|53/100|[from] Parting Shot\n|\n|upkeep\n|\n|t:|1776729293\n|switch|p1b: Incineroar|Incineroar, L50, F, shiny|20/100\n|-ability|p1b: Incineroar|Intimidate|boost\n|-unboost|p2a: Floette|atk|1\n|-unboost|p2b: Garchomp|atk|1\n|turn|5\n|inactive|guioguoguo has 30 seconds left.\n|\n|t:|1776729321\n|move|p2a: Floette|Protect|p2a: Floette\n|-singleturn|p2a: Floette|Protect\n|move|p1a: Hawlucha|Rock Slide|p2b: Garchomp|[spread] p2b\n|-activate|p2a: Floette|move: Protect\n|-resisted|p2b: Garchomp|1\n|-damage|p2b: Garchomp|81/100\n|move|p2b: Garchomp|Earthquake|p1b: Incineroar|[spread] p1b\n|-activate|p2a: Floette|move: Protect\n|-immune|p1a: Hawlucha\n|-supereffective|p1b: Incineroar|1\n|-damage|p1b: Incineroar|0 fnt\n|faint|p1b: Incineroar\n|\n|upkeep\n|\n|t:|1776729333\n|switch|p1b: Espathra|Espathra, L50, M, shiny|100/100\n|turn|6\n|\n|t:|1776729351\n|move|p1a: Hawlucha|Rock Slide|p2a: Floette|[spread] p2a,p2b\n|-resisted|p2b: Garchomp|1\n|-damage|p2a: Floette|75/100\n|-damage|p2b: Garchomp|70/100\n|move|p2a: Floette|Dazzling Gleam|p1b: Espathra|[spread] p1a,p1b\n|-supereffective|p1a: Hawlucha|1\n|-damage|p1a: Hawlucha|0 fnt\n|-damage|p1b: Espathra|59/100\n|faint|p1a: Hawlucha\n|move|p2b: Garchomp|Dragon Claw|p1b: Espathra\n|-damage|p1b: Espathra|26/100\n|move|p1b: Espathra|Calm Mind|p1b: Espathra\n|-boost|p1b: Espathra|spa|1\n|-boost|p1b: Espathra|spd|1\n|\n|-ability|p1b: Espathra|Speed Boost|boost\n|-boost|p1b: Espathra|spe|1\n|upkeep\n|turn|7\n|\n|t:|1776729367\n|move|p1b: Espathra|Protect|p1b: Espathra\n|-singleturn|p1b: Espathra|Protect\n|move|p2b: Garchomp|Dragon Claw|p1b: Espathra\n|-activate|p1b: Espathra|move: Protect\n|move|p2a: Floette|Light of Ruin|p1b: Espathra\n|-activate|p1b: Espathra|move: Protect\n|\n|-ability|p1b: Espathra|Speed Boost|boost\n|-boost|p1b: Espathra|spe|1\n|upkeep\n|turn|8\n|\n|t:|1776729386\n|move|p1b: Espathra|Dazzling Gleam|p2b: Garchomp|[spread] p2a,p2b\n|-crit|p2a: Floette\n|-supereffective|p2b: Garchomp|1\n|-damage|p2a: Floette|38/100\n|-damage|p2b: Garchomp|0 fnt\n|faint|p2b: Garchomp\n|move|p2a: Floette|Light of Ruin|p1b: Espathra\n|-damage|p1b: Espathra|0 fnt\n|faint|p1b: Espathra\n|-damage|p2a: Floette|22/100|[from] Recoil\n|\n|win|Marcio Lira\n|raw|guioguoguo's rating: 1089 &rarr; <strong>1070</strong><br />(-19 for losing)\n|raw|Marcio Lira's rating: 1154 &rarr; <strong>1174</strong><br />(+20 for winning)\n|l|\u2606Marcio Lira\n|player|p2|\n",
  "uploadtime": 1776729393,
  "views": 5,
  "formatid": "gen9championsvgc2026regma",
  "rating": 1070,
  "private": 0,
  "password": null
}