{
  "id": "gen9championsvgc2026regma-2584274506",
  "format": "[Gen 9 Champions] VGC 2026 Reg M-A",
  "players": [
    "darksol1111",
    "Stereonight"
  ],
  "log": "|j|\u2606darksol1111\n|j|\u2606Stereonight\n|t:|1776245953\n|gametype|doubles\n|player|p1|darksol1111|veteran|1194\n|player|p2|Stereonight|2|1117\n|gen|9\n|tier|[Gen 9 Champions] VGC 2026 Reg M-A\n|rated|\n|rule|Species Clause: Limit one of each Pok\u00e9mon\n|rule|Item Clause: Limit 1 of each item\n|clearpoke\n|poke|p1|Froslass, L50, F|\n|poke|p1|Garchomp, L50, F|\n|poke|p1|Rotom-Frost, L50|\n|poke|p1|Empoleon, L50, M|\n|poke|p1|Incineroar, L50, F|\n|poke|p1|Kingambit, L50, M|\n|poke|p2|Charizard, L50, M|\n|poke|p2|Venusaur, L50, F|\n|poke|p2|Pikachu, L50, F|\n|poke|p2|Gyarados, L50, M|\n|poke|p2|Dragonite, L50, F|\n|poke|p2|Ditto, L50|\n|teampreview|4\ndarksol1111 rejected open team sheets.\n|\n|t:|1776245983\n|teamsize|p1|4\n|teamsize|p2|4\n|start\n|switch|p1a: Rotom|Rotom-Frost, L50|100/100\n|switch|p1b: Froslass|Froslass, L50, F|100/100\n|switch|p2a: Charizard|Charizard, L50, M|100/100\n|switch|p2b: Venusaur|Venusaur, L50, F|100/100\n|turn|1\n|\n|t:|1776246009\n|switch|p2b: Pikachu|Pikachu, L50, F|100/100\n|detailschange|p2a: Charizard|Charizard-Mega-Y, L50, M\n|-mega|p2a: Charizard|Charizard|Charizardite Y\n|-weather|SunnyDay|[from] ability: Drought|[of] p2a: Charizard\n|move|p1b: Froslass|Protect|p1b: Froslass\n|-singleturn|p1b: Froslass|Protect\n|move|p1a: Rotom|Volt Switch|p2b: Pikachu\n|-activate|p2b: Pikachu|ability: Lightning Rod\n|-ability|p2b: Pikachu|Lightning Rod|boost\n|-boost|p2b: Pikachu|spa|1\n|move|p2a: Charizard|Heat Wave|p1a: Rotom|[spread] p1a\n|-activate|p1b: Froslass|move: Protect\n|-supereffective|p1a: Rotom|1\n|-damage|p1a: Rotom|0 fnt\n|faint|p1a: Rotom\n|\n|-weather|SunnyDay|[upkeep]\n|upkeep\n|\n|t:|1776246025\n|switch|p1a: Garchomp|Garchomp, L50, F|100/100\n|turn|2\n|\n|t:|1776246031\n|detailschange|p1b: Froslass|Froslass-Mega, L50, F\n|-mega|p1b: Froslass|Froslass|Froslassite\n|-weather|Snowscape|[from] ability: Snow Warning|[of] p1b: Froslass\n|move|p2b: Pikachu|Fake Out|p1a: Garchomp\n|-damage|p1a: Garchomp|80/100\n|-damage|p2b: Pikachu|88/100|[from] ability: Rough Skin|[of] p1a: Garchomp\n|move|p1b: Froslass|Blizzard|p2b: Pikachu|[spread] p2a,p2b\n|-damage|p2a: Charizard|50/100\n|-damage|p2b: Pikachu|0 fnt\n|faint|p2b: Pikachu\n|cant|p1a: Garchomp|flinch\n|move|p2a: Charizard|Heat Wave|p1a: Garchomp|[spread] p1a,p1b\n|-resisted|p1a: Garchomp|1\n|-supereffective|p1b: Froslass|1\n|-damage|p1a: Garchomp|58/100\n|-damage|p1b: Froslass|0 fnt\n|faint|p1b: Froslass\n|\n|-weather|Snowscape|[upkeep]\n|upkeep\n|\n|t:|1776246048\n|switch|p1b: Empoleon|Empoleon, L50, M|100/100\n|switch|p2b: Ditto|Ditto, L50|100/100\n|-transform|p2b: Ditto|p1a: Garchomp|[from] ability: Imposter\n|turn|3\n|\n|t:|1776246068\n|move|p2a: Charizard|Protect|p2a: Charizard\n|-singleturn|p2a: Charizard|Protect\n|move|p1a: Garchomp|Dragon Claw|p2b: Ditto\n|-supereffective|p2b: Ditto|1\n|-crit|p2b: Ditto\n|-damage|p2b: Ditto|0 fnt\n|-damage|p1a: Garchomp|45/100|[from] ability: Rough Skin|[of] p2b: Ditto\n|faint|p2b: Ditto\n|move|p1b: Empoleon|Water Pulse|p2a: Charizard\n|-activate|p2a: Charizard|move: Protect\n|\n|-weather|Snowscape|[upkeep]\n|upkeep\n|\n|t:|1776246078\n|switch|p2b: Venusaur|Venusaur, L50, F|100/100\n|turn|4\n|\n|t:|1776246088\n|move|p1a: Garchomp|Rock Slide|p2a: Charizard|[spread] p2a,p2b\n|-supereffective|p2a: Charizard|2\n|-damage|p2a: Charizard|0 fnt\n|-damage|p2b: Venusaur|78/100\n|faint|p2a: Charizard\n|move|p2b: Venusaur|Giga Drain|p1a: Garchomp\n|-damage|p1a: Garchomp|8/100\n|-heal|p2b: Venusaur|98/100|[from] drain|[of] p1a: Garchomp\n|move|p1b: Empoleon|Flash Cannon|p2b: Venusaur\n|-damage|p2b: Venusaur|56/100\n|\n|-weather|Snowscape|[upkeep]\n|-heal|p2b: Venusaur|62/100|[from] item: Leftovers\n|upkeep\n|turn|5\n|\n|t:|1776246101\n|move|p2b: Venusaur|Protect|p2b: Venusaur\n|-singleturn|p2b: Venusaur|Protect\n|move|p1b: Empoleon|Protect|p1b: Empoleon\n|-singleturn|p1b: Empoleon|Protect\n|move|p1a: Garchomp|Earthquake|p2b: Venusaur|[spread] \n|-activate|p1b: Empoleon|move: Protect\n|-activate|p2b: Venusaur|move: Protect\n|\n|-weather|Snowscape|[upkeep]\n|-heal|p2b: Venusaur|68/100|[from] item: Leftovers\n|upkeep\n|turn|6\n|\n|t:|1776246114\n|move|p1a: Garchomp|Dragon Claw|p2b: Venusaur\n|-damage|p2b: Venusaur|23/100\n|move|p2b: Venusaur|Giga Drain|p1a: Garchomp\n|-crit|p1a: Garchomp\n|-damage|p1a: Garchomp|0 fnt\n|-heal|p2b: Venusaur|27/100|[from] drain|[of] p1a: Garchomp\n|faint|p1a: Garchomp\n|move|p1b: Empoleon|Flash Cannon|p2b: Venusaur\n|-damage|p2b: Venusaur|0 fnt\n|faint|p2b: Venusaur\n|\n|win|darksol1111\n|raw|darksol1111's rating: 1194 &rarr; <strong>1214</strong><br />(+20 for winning)\n|raw|Stereonight's rating: 1117 &rarr; <strong>1097</strong><br />(-20 for losing)\n|l|\u2606Stereonight\n|player|p2|\n|c|\u2606darksol1111|gg\n",
  "uploadtime": 1776246128,
  "views": 21,
  "formatid": "gen9championsvgc2026regma",
  "rating": 1097,
  "private": 0,
  "password": null
}