{
  "id": "gen9championsvgc2026regma-2587270477",
  "format": "[Gen 9 Champions] VGC 2026 Reg M-A",
  "players": [
    "ASilentDragon",
    "0TX - Zenith"
  ],
  "log": "|j|\u2606ASilentDragon\n|j|\u26060TX - Zenith\n|t:|1776516731\n|gametype|doubles\n|player|p1|ASilentDragon|cynthia-gen4|1220\n|player|p2|0TX - Zenith|gambler|1208\n|gen|9\n|tier|[Gen 9 Champions] VGC 2026 Reg M-A\n|rated|\n|rule|Species Clause: Limit one of each Pok\u00e9mon\n|rule|Item Clause: Limit 1 of each item\n|clearpoke\n|poke|p1|Meganium, L50, F|\n|poke|p1|Politoed, L50, F|\n|poke|p1|Aerodactyl, L50, F|\n|poke|p1|Archaludon, L50, M|\n|poke|p1|Sinistcha, L50|\n|poke|p1|Corviknight, L50, M|\n|poke|p2|Whimsicott, L50, F|\n|poke|p2|Absol, L50, F|\n|poke|p2|Sinistcha, L50|\n|poke|p2|Incineroar, L50, F|\n|poke|p2|Sneasler, L50, F|\n|poke|p2|Farigiraf, L50, F|\n|teampreview|4\n0TX - Zenith rejected open team sheets.\n|\n|t:|1776516756\n|teamsize|p1|4\n|teamsize|p2|4\n|start\n|switch|p1a: Aerodactyl|Aerodactyl, L50, F|100/100\n|switch|p1b: Archaludon|Archaludon, L50, M|100/100\n|switch|p2a: Whimsicott|Whimsicott, L50, F|100/100\n|switch|p2b: Absol|Absol, L50, F|100/100\n|-ability|p1a: Aerodactyl|Unnerve\n|turn|1\n|inactive|Battle timer is ON: inactive players will automatically lose when time's up. (requested by 0TX - Zenith)\n|\n|t:|1776516788\n|move|p1a: Aerodactyl|Dual Wingbeat|p2a: Whimsicott\n|-supereffective|p2a: Whimsicott|1\n|-damage|p2a: Whimsicott|61/100\n|-supereffective|p2a: Whimsicott|1\n|-damage|p2a: Whimsicott|20/100\n|-hitcount|p2a: Whimsicott|2\n|move|p2a: Whimsicott|Beat Up|p2b: Absol\n|-resisted|p2b: Absol|1\n|-damage|p2b: Absol|99/100\n|-ability|p2b: Absol|Justified|boost\n|-boost|p2b: Absol|atk|1\n|-resisted|p2b: Absol|1\n|-damage|p2b: Absol|96/100\n|-ability|p2b: Absol|Justified|boost\n|-boost|p2b: Absol|atk|1\n|-resisted|p2b: Absol|1\n|-damage|p2b: Absol|95/100\n|-ability|p2b: Absol|Justified|boost\n|-boost|p2b: Absol|atk|1\n|-resisted|p2b: Absol|1\n|-damage|p2b: Absol|92/100\n|-ability|p2b: Absol|Justified|boost\n|-boost|p2b: Absol|atk|1\n|-hitcount|p2b: Absol|4\n|move|p2b: Absol|Close Combat|p1b: Archaludon\n|-supereffective|p1b: Archaludon|1\n|-damage|p1b: Archaludon|0 fnt\n|-unboost|p2b: Absol|def|1\n|-unboost|p2b: Absol|spd|1\n|faint|p1b: Archaludon\n|\n|upkeep\n|\n|t:|1776516798\n|switch|p1b: Corviknight|Corviknight, L50, M|100/100\n|turn|2\n|\n|t:|1776516809\n|detailschange|p2b: Absol|Absol-Mega, L50, F\n|-mega|p2b: Absol|Absol|Absolite\n|move|p2a: Whimsicott|Tailwind|p2a: Whimsicott\n|-sidestart|p2: 0TX - Zenith|move: Tailwind\n|move|p2b: Absol|Knock Off|p1b: Corviknight\n|-damage|p1b: Corviknight|0 fnt\n|-enditem|p1b: Corviknight|Mental Herb|[from] move: Knock Off|[of] p2b: Absol\n|faint|p1b: Corviknight\n|move|p1a: Aerodactyl|Rock Slide|p2b: Absol|[spread] p2a,p2b\n|-damage|p2a: Whimsicott|0 fnt\n|-damage|p2b: Absol|24/100\n|faint|p2a: Whimsicott\n|\n|upkeep\n|\n|t:|1776516820\n|switch|p2a: Sinistcha|Sinistcha, L50|100/100\n|switch|p1b: Sinistcha|Sinistcha, L50|100/100\n|-heal|p2b: Absol|48/100|[from] ability: Hospitality|[of] p2a: Sinistcha\n|turn|3\n|\n|t:|1776516827\n|move|p2a: Sinistcha|Rage Powder|p2a: Sinistcha\n|-singleturn|p2a: Sinistcha|move: Rage Powder\n|move|p2b: Absol|Knock Off|p1b: Sinistcha\n|-supereffective|p1b: Sinistcha|1\n|-damage|p1b: Sinistcha|0 fnt\n|-enditem|p1b: Sinistcha|Sitrus Berry|[from] move: Knock Off|[of] p2b: Absol\n|faint|p1b: Sinistcha\n|move|p1a: Aerodactyl|Rock Slide|p2a: Sinistcha|[spread] p2a,p2b\n|-damage|p2a: Sinistcha|78/100\n|-damage|p2b: Absol|0 fnt\n|faint|p2b: Absol\n|\n|upkeep\n|\n|t:|1776516836\n|switch|p2b: Sneasler|Sneasler, L50, F|100/100\n|turn|4\n|\n|t:|1776516840\n|move|p1a: Aerodactyl|Protect|p1a: Aerodactyl\n|-singleturn|p1a: Aerodactyl|Protect\n|move|p2b: Sneasler|Fake Out|p1a: Aerodactyl\n|-activate|p1a: Aerodactyl|move: Protect\n|move|p2a: Sinistcha|Matcha Gotcha|p1a: Aerodactyl\n|-activate|p1a: Aerodactyl|move: Protect\n|\n|upkeep\n|turn|5\n|\n|t:|1776516845\n|move|p2b: Sneasler|Close Combat|p1a: Aerodactyl\n|-enditem|p1a: Aerodactyl|Focus Sash\n|-damage|p1a: Aerodactyl|1/100\n|-unboost|p2b: Sneasler|def|1\n|-unboost|p2b: Sneasler|spd|1\n|-enditem|p2b: Sneasler|White Herb\n|-clearnegativeboost|p2b: Sneasler|[silent]\n|move|p1a: Aerodactyl|Dual Wingbeat|p2b: Sneasler\n|-supereffective|p2b: Sneasler|1\n|-damage|p2b: Sneasler|37/100\n|-supereffective|p2b: Sneasler|1\n|-damage|p2b: Sneasler|0 fnt\n|faint|p2b: Sneasler\n|-hitcount|p2: Sneasler|2\n|move|p2a: Sinistcha|Matcha Gotcha|p1a: Aerodactyl\n|-damage|p1a: Aerodactyl|0 fnt\n|-heal|p2a: Sinistcha|79/100|[from] drain|[of] p1a: Aerodactyl\n|faint|p1a: Aerodactyl\n|\n|win|0TX - Zenith\n|raw|ASilentDragon's rating: 1220 &rarr; <strong>1194</strong><br />(-26 for losing)\n|raw|0TX - Zenith's rating: 1208 &rarr; <strong>1234</strong><br />(+26 for winning)\n|l|\u2606ASilentDragon\n|player|p1|\n",
  "uploadtime": 1776516872,
  "views": 17,
  "formatid": "gen9championsvgc2026regma",
  "rating": 1194,
  "private": 0,
  "password": null
}