{
  "id": "gen9championsvgc2026regma-2583918849",
  "format": "[Gen 9 Champions] VGC 2026 Reg M-A",
  "players": [
    "NEONxTOKYO",
    "Icarus#UPAD"
  ],
  "log": "|j|\u2606NEONxTOKYO\n|j|\u2606Icarus#UPAD\n|t:|1776208267\n|gametype|doubles\n|player|p1|NEONxTOKYO|1|1322\n|player|p2|Icarus#UPAD|grimsley|1366\n|gen|9\n|tier|[Gen 9 Champions] VGC 2026 Reg M-A\n|rated|\n|rule|Species Clause: Limit one of each Pok\u00e9mon\n|rule|Item Clause: Limit 1 of each item\n|clearpoke\n|poke|p1|Garchomp, L50, M|\n|poke|p1|Tyranitar, L50, F|\n|poke|p1|Excadrill, L50, F|\n|poke|p1|Corviknight, L50, M|\n|poke|p1|Rotom-Wash, L50|\n|poke|p1|Archaludon, L50, M|\n|poke|p2|Floette-Eternal, L50, F|\n|poke|p2|Maushold, L50|\n|poke|p2|Garchomp, L50, F|\n|poke|p2|Talonflame, L50, F|\n|poke|p2|Rotom-Wash, L50|\n|poke|p2|Kingambit, L50, M|\n|teampreview|4\n|inactive|Battle timer is ON: inactive players will automatically lose when time's up. (requested by Icarus#UPAD)\n|j| alonso-m5\n|\n|t:|1776208296\n|teamsize|p1|4\n|teamsize|p2|4\n|start\n|switch|p1a: Tyranitar|Tyranitar, L50, F|100/100\n|switch|p1b: Excadrill|Excadrill, L50, F|100/100\n|switch|p2a: Garchomp|Garchomp, L50, F|100/100\n|switch|p2b: Rotom|Rotom-Wash, L50|100/100\n|-weather|Sandstorm|[from] ability: Sand Stream|[of] p1a: Tyranitar\n|turn|1\n|inactive|Icarus#UPAD has 30 seconds left.\n|\n|t:|1776208323\n|move|p1b: Excadrill|Protect|p1b: Excadrill\n|-singleturn|p1b: Excadrill|Protect\n|move|p1a: Tyranitar|Protect|p1a: Tyranitar\n|-singleturn|p1a: Tyranitar|Protect\n|move|p2a: Garchomp|Earthquake|p1b: Excadrill|[spread] \n|-activate|p1a: Tyranitar|move: Protect\n|-activate|p1b: Excadrill|move: Protect\n|-immune|p2b: Rotom|[from] ability: Levitate\n|move|p2b: Rotom|Will-O-Wisp|p1a: Tyranitar\n|-activate|p1a: Tyranitar|move: Protect\n|\n|-weather|Sandstorm|[upkeep]\n|-damage|p2b: Rotom|95/100|[from] Sandstorm\n|-heal|p2b: Rotom|100/100|[from] item: Leftovers\n|upkeep\n|turn|2\n|inactive|Icarus#UPAD has 30 seconds left.\n|\n|t:|1776208351\n|switch|p1b: Corviknight|Corviknight, L50, M|100/100\n|switch|p1a: Rotom|Rotom-Wash, L50|100/100\n|move|p2a: Garchomp|Earthquake|p1b: Corviknight|[spread] \n|-immune|p2b: Rotom|[from] ability: Levitate\n|-immune|p1a: Rotom|[from] ability: Levitate\n|-immune|p1b: Corviknight\n|move|p2b: Rotom|Will-O-Wisp|p1b: Corviknight\n|-status|p1b: Corviknight|brn\n|\n|-weather|Sandstorm|[upkeep]\n|-damage|p2b: Rotom|95/100|[from] Sandstorm\n|-damage|p1a: Rotom|95/100|[from] Sandstorm\n|-heal|p2b: Rotom|100/100|[from] item: Leftovers\n|-damage|p1b: Corviknight|95/100 brn|[from] brn\n|upkeep\n|turn|3\n|\n|t:|1776208375\n|move|p2a: Garchomp|Rock Slide|p1b: Corviknight|[spread] p1b\n|-miss|p2a: Garchomp|p1a: Rotom\n|-damage|p1b: Corviknight|82/100 brn\n|move|p2b: Rotom|Thunderbolt|p1b: Corviknight\n|-supereffective|p1b: Corviknight|1\n|-damage|p1b: Corviknight|0 fnt\n|faint|p1b: Corviknight\n|move|p1a: Rotom|Will-O-Wisp|p2a: Garchomp\n|-status|p2a: Garchomp|brn\n|\n|-weather|Sandstorm|[upkeep]\n|-damage|p2b: Rotom|95/100|[from] Sandstorm\n|-damage|p1a: Rotom|89/100|[from] Sandstorm\n|-heal|p2b: Rotom|100/100|[from] item: Leftovers\n|-damage|p2a: Garchomp|95/100 brn|[from] brn\n|upkeep\n|\n|t:|1776208390\n|switch|p1b: Excadrill|Excadrill, L50, F|100/100\n|turn|4\n|\n|t:|1776208403\n|move|p1b: Excadrill|Iron Head|p2a: Garchomp\n|-damage|p2a: Garchomp|52/100 brn\n|-damage|p1b: Excadrill|88/100|[from] ability: Rough Skin|[of] p2a: Garchomp\n|move|p2a: Garchomp|Rock Slide|p1b: Excadrill|[spread] p1a,p1b\n|-resisted|p1b: Excadrill|2\n|-damage|p1a: Rotom|79/100\n|-damage|p1b: Excadrill|85/100\n|move|p2b: Rotom|Hydro Pump|p1b: Excadrill\n|-supereffective|p1b: Excadrill|1\n|-damage|p1b: Excadrill|0 fnt\n|faint|p1b: Excadrill\n|move|p1a: Rotom|Hydro Pump|p2a: Garchomp|[miss]\n|-miss|p1a: Rotom|p2a: Garchomp\n|\n|-weather|Sandstorm|[upkeep]\n|-damage|p2b: Rotom|95/100|[from] Sandstorm\n|-damage|p1a: Rotom|73/100|[from] Sandstorm\n|-heal|p2b: Rotom|100/100|[from] item: Leftovers\n|-damage|p2a: Garchomp|46/100 brn|[from] brn\n|upkeep\n|\n|t:|1776208420\n|switch|p1b: Tyranitar|Tyranitar, L50, F|100/100\n|turn|5\n|\n|t:|1776208430\n|detailschange|p1b: Tyranitar|Tyranitar-Mega, L50, F\n|-mega|p1b: Tyranitar|Tyranitar|Tyranitarite\n|move|p1b: Tyranitar|Protect|p1b: Tyranitar\n|-singleturn|p1b: Tyranitar|Protect\n|move|p2a: Garchomp|Stomping Tantrum|p1b: Tyranitar\n|-activate|p1b: Tyranitar|move: Protect\n|move|p2b: Rotom|Thunderbolt|p1a: Rotom\n|-damage|p1a: Rotom|29/100\n|-enditem|p1a: Rotom|Sitrus Berry|[eat]\n|-heal|p1a: Rotom|53/100|[from] item: Sitrus Berry\n|move|p1a: Rotom|Hydro Pump|p2a: Garchomp|[miss]\n|-miss|p1a: Rotom|p2a: Garchomp\n|\n|-weather|none\n|-damage|p2a: Garchomp|40/100 brn|[from] brn\n|upkeep\n|turn|6\n|\n|t:|1776208450\n|move|p2a: Garchomp|Rock Slide|p1a: Rotom|[spread] p1a,p1b\n|-damage|p1a: Rotom|44/100\n|-damage|p1b: Tyranitar|95/100\n|move|p2b: Rotom|Thunderbolt|p1a: Rotom\n|-damage|p1a: Rotom|0 fnt\n|faint|p1a: Rotom\n|move|p1b: Tyranitar|Rock Slide|p2a: Garchomp|[spread] p2a,p2b\n|-resisted|p2a: Garchomp|1\n|-damage|p2a: Garchomp|22/100 brn\n|-damage|p2b: Rotom|62/100\n|\n|-heal|p2b: Rotom|67/100|[from] item: Leftovers\n|-damage|p2a: Garchomp|16/100 brn|[from] brn\n|upkeep\n|turn|7\n|\n|t:|1776208464\n|move|p2a: Garchomp|Stomping Tantrum|p1b: Tyranitar\n|-supereffective|p1b: Tyranitar|1\n|-damage|p1b: Tyranitar|65/100\n|move|p2b: Rotom|Will-O-Wisp|p1b: Tyranitar\n|-status|p1b: Tyranitar|brn\n|move|p1b: Tyranitar|Rock Slide|p2a: Garchomp|[spread] \n|-miss|p1b: Tyranitar|p2a: Garchomp\n|-miss|p1b: Tyranitar|p2b: Rotom\n|\n|-heal|p2b: Rotom|73/100|[from] item: Leftovers\n|-damage|p2a: Garchomp|10/100 brn|[from] brn\n|-damage|p1b: Tyranitar|59/100 brn|[from] brn\n|upkeep\n|turn|8\n|\n|t:|1776208477\n|move|p2a: Garchomp|Stomping Tantrum|p1b: Tyranitar\n|-supereffective|p1b: Tyranitar|1\n|-damage|p1b: Tyranitar|31/100 brn\n|move|p2b: Rotom|Thunderbolt|p1b: Tyranitar\n|-damage|p1b: Tyranitar|2/100 brn\n|move|p1b: Tyranitar|Rock Slide|p2a: Garchomp|[spread] p2a,p2b\n|-resisted|p2a: Garchomp|1\n|-damage|p2a: Garchomp|0 fnt\n|-damage|p2b: Rotom|53/100\n|faint|p2a: Garchomp\n|\n|-heal|p2b: Rotom|58/100|[from] item: Leftovers\n|-damage|p1b: Tyranitar|0 fnt|[from] brn\n|faint|p1b: Tyranitar\n|\n|win|Icarus#UPAD\n|raw|NEONxTOKYO's rating: 1322 &rarr; <strong>1305</strong><br />(-17 for losing)\n|raw|Icarus#UPAD's rating: 1366 &rarr; <strong>1383</strong><br />(+17 for winning)\n|l|\u2606NEONxTOKYO\n|player|p1|\n|l|\u2606Icarus#UPAD\n|player|p2|\n",
  "uploadtime": 1776208478,
  "views": 39,
  "formatid": "gen9championsvgc2026regma",
  "rating": 1305,
  "private": 0,
  "password": null
}