{
  "id": "gen9championsvgc2026regma-2586622288",
  "format": "[Gen 9 Champions] VGC 2026 Reg M-A",
  "players": [
    "Ardizone",
    "Hedgehogwarrior"
  ],
  "log": "|j|\u2606Ardizone\n|j|\u2606Hedgehogwarrior\n|t:|1776447518\n|gametype|doubles\n|player|p1|Ardizone|gambler|1087\n|player|p2|Hedgehogwarrior|2|1000\n|gen|9\n|tier|[Gen 9 Champions] VGC 2026 Reg M-A\n|rated|\n|rule|Species Clause: Limit one of each Pok\u00e9mon\n|rule|Item Clause: Limit 1 of each item\n|clearpoke\n|poke|p1|Typhlosion, L50, M|\n|poke|p1|Gardevoir, L50, F|\n|poke|p1|Garchomp, L50, M|\n|poke|p1|Charizard, L50, F|\n|poke|p1|Aerodactyl, L50, M|\n|poke|p1|Gyarados, L50, M|\n|poke|p2|Tyranitar, L50, M|\n|poke|p2|Steelix, L50, M|\n|poke|p2|Rotom-Wash, L50|\n|poke|p2|Sinistcha, L50|\n|poke|p2|Aerodactyl, L50, F|\n|poke|p2|Primarina, L50, F|\n|teampreview|4\n|inactive|Battle timer is ON: inactive players will automatically lose when time's up. (requested by Ardizone)\n|\n|t:|1776447579\n|teamsize|p1|4\n|teamsize|p2|4\n|start\n|switch|p1a: Aerodactyl|Aerodactyl, L50, M|100/100\n|switch|p1b: Gardevoir|Gardevoir, L50, F|100/100\n|switch|p2a: Primarina|Primarina, L50, F|100/100\n|switch|p2b: Sinistcha|Sinistcha, L50|100/100\n|turn|1\n|inactive|Ardizone has 30 seconds left.\n|inactive|Ardizone has 20 seconds left.\n|\n|t:|1776447616\n|detailschange|p1b: Gardevoir|Gardevoir-Mega, L50, F\n|-mega|p1b: Gardevoir|Gardevoir|Gardevoirite\n|move|p1a: Aerodactyl|Dual Wingbeat|p2b: Sinistcha\n|-supereffective|p2b: Sinistcha|1\n|-damage|p2b: Sinistcha|70/100\n|-supereffective|p2b: Sinistcha|1\n|-damage|p2b: Sinistcha|40/100\n|-hitcount|p2b: Sinistcha|2\n|move|p1b: Gardevoir|Calm Mind|p1b: Gardevoir\n|-boost|p1b: Gardevoir|spa|1\n|-boost|p1b: Gardevoir|spd|1\n|move|p2a: Primarina|Hyper Voice|p1a: Aerodactyl|[spread] p1a,p1b\n|-supereffective|p1a: Aerodactyl|1\n|-enditem|p1a: Aerodactyl|Focus Sash\n|-damage|p1a: Aerodactyl|1/100\n|-damage|p1b: Gardevoir|77/100\n|move|p2b: Sinistcha|Trick Room|p2b: Sinistcha\n|-fieldstart|move: Trick Room|[of] p2b: Sinistcha\n|\n|-heal|p2b: Sinistcha|46/100|[from] item: Leftovers\n|upkeep\n|turn|2\n|inactive|Ardizone has 30 seconds left.\n|\n|t:|1776447646\n|move|p1b: Gardevoir|Protect|p1b: Gardevoir\n|-singleturn|p1b: Gardevoir|Protect\n|move|p2a: Primarina|Hyper Voice|p1b: Gardevoir|[spread] p1a\n|-activate|p1b: Gardevoir|move: Protect\n|-supereffective|p1a: Aerodactyl|1\n|-damage|p1a: Aerodactyl|0 fnt\n|faint|p1a: Aerodactyl\n|move|p2b: Sinistcha|Life Dew||[still]|[spread] p2a,p2b\n|-fail|p2a: Primarina|heal\n|-heal|p2b: Sinistcha|71/100\n|\n|-heal|p2b: Sinistcha|77/100|[from] item: Leftovers\n|upkeep\n|\n|t:|1776447663\n|switch|p1a: Gyarados|Gyarados, L50, M, shiny|100/100\n|-ability|p1a: Gyarados|Intimidate|boost\n|-unboost|p2a: Primarina|atk|1\n|-unboost|p2b: Sinistcha|atk|1\n|turn|3\n|\n|t:|1776447685\n|move|p2a: Primarina|Hyper Voice|p1a: Gyarados|[spread] p1a,p1b\n|-resisted|p1a: Gyarados|1\n|-damage|p1a: Gyarados|80/100\n|-damage|p1b: Gardevoir|54/100\n|move|p2b: Sinistcha|Matcha Gotcha|p1b: Gardevoir|[spread] p1a,p1b\n|-damage|p1a: Gyarados|57/100\n|-heal|p2b: Sinistcha|89/100|[from] drain|[of] p1a: Gyarados\n|-damage|p1b: Gardevoir|38/100\n|-heal|p2b: Sinistcha|95/100|[from] drain|[of] p1b: Gardevoir\n|-status|p1a: Gyarados|brn\n|move|p1a: Gyarados|Thunder Wave|p2a: Primarina|[miss]\n|-miss|p1a: Gyarados|p2a: Primarina\n|move|p1b: Gardevoir|Hyper Voice|p2b: Sinistcha|[spread] p2a,p2b\n|-crit|p2a: Primarina\n|-damage|p2a: Primarina|19/100\n|-damage|p2b: Sinistcha|28/100\n|\n|-heal|p2b: Sinistcha|34/100|[from] item: Leftovers\n|-heal|p1a: Gyarados|63/100 brn|[from] item: Leftovers\n|-damage|p1a: Gyarados|57/100 brn|[from] brn\n|upkeep\n|turn|4\n|inactive|Hedgehogwarrior has 30 seconds left.\n|\n|t:|1776447716\n|move|p1b: Gardevoir|Protect|p1b: Gardevoir\n|-singleturn|p1b: Gardevoir|Protect\n|move|p2a: Primarina|Hyper Voice|p1a: Gyarados|[spread] p1a\n|-activate|p1b: Gardevoir|move: Protect\n|-resisted|p1a: Gyarados|1\n|-damage|p1a: Gyarados|36/100 brn\n|move|p2b: Sinistcha|Matcha Gotcha|p1a: Gyarados|[spread] p1a\n|-activate|p1b: Gardevoir|move: Protect\n|-damage|p1a: Gyarados|11/100 brn\n|-heal|p2b: Sinistcha|47/100|[from] drain|[of] p1a: Gyarados\n|move|p1a: Gyarados|Thunder Wave|p2b: Sinistcha\n|-status|p2b: Sinistcha|par\n|\n|-heal|p2b: Sinistcha|53/100 par|[from] item: Leftovers\n|-heal|p1a: Gyarados|17/100 brn|[from] item: Leftovers\n|-damage|p1a: Gyarados|11/100 brn|[from] brn\n|upkeep\n|turn|5\n|\n|t:|1776447740\n|move|p2b: Sinistcha|Matcha Gotcha|p1a: Gyarados|[spread] p1a,p1b\n|-damage|p1a: Gyarados|0 fnt\n|-heal|p2b: Sinistcha|58/100 par|[from] drain|[of] p1a: Gyarados\n|-damage|p1b: Gardevoir|21/100\n|-heal|p2b: Sinistcha|65/100 par|[from] drain|[of] p1b: Gardevoir\n|faint|p1a: Gyarados\n|move|p2a: Primarina|Hyper Voice|p1b: Gardevoir\n|-damage|p1b: Gardevoir|0 fnt\n|faint|p1b: Gardevoir\n|\n|-heal|p2b: Sinistcha|71/100 par|[from] item: Leftovers\n|-fieldend|move: Trick Room\n|upkeep\n|\n|t:|1776447754\n|switch|p1b: Garchomp|Garchomp, L50, M|100/100\n|turn|6\n|\n|t:|1776447761\n|move|p1b: Garchomp|Rock Slide|p2b: Sinistcha|[spread] p2a,p2b\n|-damage|p2a: Primarina|0 fnt\n|-damage|p2b: Sinistcha|53/100 par\n|faint|p2a: Primarina\n|move|p2b: Sinistcha|Trick Room|p2b: Sinistcha\n|-fieldstart|move: Trick Room|[of] p2b: Sinistcha\n|\n|-heal|p2b: Sinistcha|59/100 par|[from] item: Leftovers\n|upkeep\n|\n|t:|1776447770\n|switch|p2a: Steelix|Steelix, L50, M|100/100\n|turn|7\n|\n|t:|1776447780\n|detailschange|p2a: Steelix|Steelix-Mega, L50, M\n|-mega|p2a: Steelix|Steelix|Steelixite\n|move|p2a: Steelix|Wide Guard|p2a: Steelix\n|-singleturn|p2a: Steelix|Wide Guard\n|move|p2b: Sinistcha|Matcha Gotcha|p1b: Garchomp\n|-damage|p1b: Garchomp|63/100\n|-heal|p2b: Sinistcha|79/100 par|[from] drain|[of] p1b: Garchomp\n|-status|p1b: Garchomp|brn\n|move|p1b: Garchomp|Earthquake|p2b: Sinistcha|[spread] \n|-activate|p2a: Steelix|move: Wide Guard\n|-activate|p2b: Sinistcha|move: Wide Guard\n|\n|-heal|p2b: Sinistcha|85/100 par|[from] item: Leftovers\n|-damage|p1b: Garchomp|57/100 brn|[from] brn\n|upkeep\n|turn|8\n|-message|Ardizone forfeited.\n|\n|win|Hedgehogwarrior\n|raw|Ardizone's rating: 1087 &rarr; <strong>1058</strong><br />(-29 for losing)\n|raw|Hedgehogwarrior's rating: 1000 &rarr; <strong>1050</strong><br />(+50 for winning)\n|l|\u2606Ardizone\n|player|p1|\n",
  "uploadtime": 1776447808,
  "views": 28,
  "formatid": "gen9championsvgc2026regma",
  "rating": 1050,
  "private": 0,
  "password": null
}