{
  "id": "gen9championsvgc2026regma-2588394800",
  "format": "[Gen 9 Champions] VGC 2026 Reg M-A",
  "players": [
    "pokemon_oofer",
    "KurokumaKagi"
  ],
  "log": "|j|\u2606pokemon_oofer\n|j|\u2606KurokumaKagi\n|t:|1776629882\n|gametype|doubles\n|player|p1|pokemon_oofer|miku-ground|1107\n|player|p2|KurokumaKagi|101|1097\n|gen|9\n|tier|[Gen 9 Champions] VGC 2026 Reg M-A\n|rated|\n|rule|Species Clause: Limit one of each Pok\u00e9mon\n|rule|Item Clause: Limit 1 of each item\n|clearpoke\n|poke|p1|Chimecho, L50, M|\n|poke|p1|Glimmora, L50, F|\n|poke|p1|Runerigus, L50, F|\n|poke|p1|Excadrill, L50, F|\n|poke|p1|Sinistcha, L50|\n|poke|p1|Tyranitar, L50, M|\n|poke|p2|Skarmory, L50, M|\n|poke|p2|Sneasler, L50, F|\n|poke|p2|Froslass, L50, F|\n|poke|p2|Starmie, L50|\n|poke|p2|Weavile, L50, M|\n|poke|p2|Goodra-Hisui, L50, F|\n|teampreview|4\n|\n|t:|1776629924\n|teamsize|p1|4\n|teamsize|p2|4\n|start\n|switch|p1a: Runerigus|Runerigus, L50, F|100/100\n|switch|p1b: Glimmora|Glimmora, L50, F|100/100\n|switch|p2a: Sneasler|Sneasler, L50, F|100/100\n|switch|p2b: Skarmory|Skarmory, L50, M|100/100\n|turn|1\n|\n|t:|1776629937\n|detailschange|p2b: Skarmory|Skarmory-Mega, L50, M\n|-mega|p2b: Skarmory|Skarmory|Skarmorite\n|move|p1b: Glimmora|Spiky Shield|p1b: Glimmora\n|-singleturn|p1b: Glimmora|move: Protect\n|move|p2a: Sneasler|Coaching|p2b: Skarmory\n|-boost|p2b: Skarmory|atk|1\n|-boost|p2b: Skarmory|def|1\n|move|p2b: Skarmory|Drill Run|p1b: Glimmora\n|-activate|p1b: Glimmora|move: Protect\n|-damage|p2b: Skarmory|89/100|[from] Spiky Shield|[of] p1b: Glimmora\n|move|p1a: Runerigus|Trick Room|p1a: Runerigus\n|-fieldstart|move: Trick Room|[of] p1a: Runerigus\n|\n|upkeep\n|turn|2\n|\n|t:|1776629968\n|move|p1a: Runerigus|Will-O-Wisp|p2b: Skarmory\n|-status|p2b: Skarmory|brn\n|move|p1b: Glimmora|Earth Power|p2a: Sneasler\n|-supereffective|p2a: Sneasler|1\n|-damage|p2a: Sneasler|9/100\n|move|p2b: Skarmory|Drill Run|p1b: Glimmora\n|-supereffective|p1b: Glimmora|2\n|-enditem|p1b: Glimmora|Focus Sash\n|-damage|p1b: Glimmora|1/100\n|-activate|p1b: Glimmora|ability: Toxic Debris\n|-sidestart|p2: KurokumaKagi|move: Toxic Spikes\n|move|p2a: Sneasler|Close Combat|p1b: Glimmora\n|-damage|p1b: Glimmora|0 fnt\n|-unboost|p2a: Sneasler|def|1\n|-unboost|p2a: Sneasler|spd|1\n|-activate|p1b: Glimmora|ability: Toxic Debris\n|-sidestart|p2: KurokumaKagi|move: Toxic Spikes\n|faint|p1b: Glimmora\n|-enditem|p2a: Sneasler|White Herb\n|-clearnegativeboost|p2a: Sneasler|[silent]\n|\n|-damage|p2b: Skarmory|83/100 brn|[from] brn\n|upkeep\n|\n|t:|1776629986\n|switch|p1b: Chimecho|Chimecho, L50, M|100/100\n|turn|3\n|\n|t:|1776630010\n|detailschange|p1b: Chimecho|Chimecho-Mega, L50, M\n|-mega|p1b: Chimecho|Chimecho|Chimechite\n|move|p2b: Skarmory|Protect|p2b: Skarmory\n|-singleturn|p2b: Skarmory|Protect\n|move|p1a: Runerigus|Body Press|p2a: Sneasler\n|-resisted|p2a: Sneasler|1\n|-damage|p2a: Sneasler|0 fnt\n|faint|p2a: Sneasler\n|move|p1b: Chimecho|Calm Mind|p1b: Chimecho\n|-boost|p1b: Chimecho|spa|1\n|-boost|p1b: Chimecho|spd|1\n|\n|-damage|p2b: Skarmory|77/100 brn|[from] brn\n|upkeep\n|\n|t:|1776630024\n|switch|p2a: Weavile|Weavile, L50, M|100/100\n|-status|p2a: Weavile|tox\n|turn|4\n|\n|t:|1776630045\n|move|p1b: Chimecho|Protect|p1b: Chimecho\n|-singleturn|p1b: Chimecho|Protect\n|move|p1a: Runerigus|Body Press|p2a: Weavile\n|-supereffective|p2a: Weavile|2\n|-enditem|p2a: Weavile|Focus Sash\n|-damage|p2a: Weavile|1/100 tox\n|-enditem|p1a: Runerigus|Leftovers|[silent]|[from] ability: Pickpocket|[of] p1a: Runerigus\n|-item|p2a: Weavile|Leftovers|[from] ability: Pickpocket|[of] p1a: Runerigus\n|move|p2b: Skarmory|Brave Bird|p1b: Chimecho\n|-activate|p1b: Chimecho|move: Protect\n|move|p2a: Weavile|Triple Axel|p1a: Runerigus\n|-supereffective|p1a: Runerigus|1\n|-damage|p1a: Runerigus|83/100\n|-activate|p2a: Weavile|Skill Swap|Wandering Spirit|Pickpocket|[of] p1a: Runerigus\n|-supereffective|p1a: Runerigus|1\n|-damage|p1a: Runerigus|50/100\n|-supereffective|p1a: Runerigus|1\n|-damage|p1a: Runerigus|1/100\n|-hitcount|p1a: Runerigus|3\n|-enditem|p2a: Weavile|Leftovers|[silent]|[from] ability: Pickpocket|[of] p2a: Weavile\n|-item|p1a: Runerigus|Leftovers|[from] ability: Pickpocket|[of] p2a: Weavile\n|\n|-heal|p1a: Runerigus|7/100|[from] item: Leftovers\n|-damage|p2a: Weavile|0 fnt|[from] psn\n|faint|p2a: Weavile\n|-damage|p2b: Skarmory|72/100 brn|[from] brn\n|upkeep\n|c|\u2606pokemon_oofer|that\n|c|\u2606pokemon_oofer|is one insane interaction\n|\n|t:|1776630072\n|switch|p2a: Froslass|Froslass, L50, F|100/100\n|-status|p2a: Froslass|tox\n|turn|5\n|\n|t:|1776630086\n|move|p2b: Skarmory|Protect|p2b: Skarmory\n|-singleturn|p2b: Skarmory|Protect\n|move|p1a: Runerigus|Body Press|p2b: Skarmory\n|-activate|p2b: Skarmory|move: Protect\n|move|p1b: Chimecho|Flash Cannon|p2a: Froslass\n|-supereffective|p2a: Froslass|1\n|-damage|p2a: Froslass|0 fnt\n|faint|p2a: Froslass\n|\n|-heal|p1a: Runerigus|13/100|[from] item: Leftovers\n|-damage|p2b: Skarmory|66/100 brn|[from] brn\n|-fieldend|move: Trick Room\n|upkeep\n|turn|6\n|\n|t:|1776630102\n|move|p2b: Skarmory|Iron Head|p1a: Runerigus\n|-damage|p1a: Runerigus|0 fnt\n|faint|p1a: Runerigus\n|move|p1b: Chimecho|Psychic|p2b: Skarmory\n|-resisted|p2b: Skarmory|1\n|-damage|p2b: Skarmory|12/100 brn\n|\n|-damage|p2b: Skarmory|6/100 brn|[from] brn\n|upkeep\n|\n|t:|1776630108\n|switch|p1a: Sinistcha|Sinistcha, L50|100/100\n|turn|7\n|\n|t:|1776630116\n|move|p1b: Chimecho|Protect|p1b: Chimecho\n|-singleturn|p1b: Chimecho|Protect\n|move|p2b: Skarmory|Brave Bird|p1a: Sinistcha\n|-supereffective|p1a: Sinistcha|1\n|-damage|p1a: Sinistcha|33/100\n|-damage|p2b: Skarmory|0 fnt|[from] Recoil\n|faint|p2b: Skarmory\n|\n|win|pokemon_oofer\n|raw|pokemon_oofer's rating: 1107 &rarr; <strong>1131</strong><br />(+24 for winning)\n|raw|KurokumaKagi's rating: 1097 &rarr; <strong>1073</strong><br />(-24 for losing)\n|c|\u2606pokemon_oofer|gg\n|l|\u2606KurokumaKagi\n|player|p2|\n",
  "uploadtime": 1776630128,
  "views": 13,
  "formatid": "gen9championsvgc2026regma",
  "rating": 1073,
  "private": 0,
  "password": null
}