{
  "id": "gen9championsvgc2026regma-2585442928",
  "format": "[Gen 9 Champions] VGC 2026 Reg M-A",
  "players": [
    "1#MiraidonHater",
    "Benjojos"
  ],
  "log": "|j|\u26061#MiraidonHater\n|j|\u2606Benjojos\n|t:|1776347623\n|gametype|doubles\n|player|p1|1#MiraidonHater|266|1284\n|player|p2|Benjojos|101|1350\n|gen|9\n|tier|[Gen 9 Champions] VGC 2026 Reg M-A\n|rated|\n|rule|Species Clause: Limit one of each Pok\u00e9mon\n|rule|Item Clause: Limit 1 of each item\n|clearpoke\n|poke|p1|Houndoom, L50, F|\n|poke|p1|Gengar, L50, M|\n|poke|p1|Torkoal, L50, M|\n|poke|p1|Sinistcha-Masterpiece, L50|\n|poke|p1|Gyarados, L50, F|\n|poke|p1|Farigiraf, L50, M|\n|poke|p2|Pinsir, L50, M|\n|poke|p2|Rotom-Heat, L50|\n|poke|p2|Sneasler, L50, F|\n|poke|p2|Kingambit, L50, M|\n|poke|p2|Garchomp, L50, M|\n|poke|p2|Basculegion, L50, M|\n|teampreview|4\n|inactive|Battle timer is ON: inactive players will automatically lose when time's up. (requested by Benjojos)\n|inactive|1#MiraidonHater has 60 seconds left.\n|\n|t:|1776347667\n|teamsize|p1|4\n|teamsize|p2|4\n|start\n|switch|p1a: Houndoom|Houndoom, L50, F|100/100\n|switch|p1b: Gengar|Gengar, L50, M|100/100\n|switch|p2a: Pinsir|Pinsir, L50, M|100/100\n|switch|p2b: Basculegion|Basculegion, L50, M|100/100\n|-ability|p1a: Houndoom|Unnerve\n|turn|1\n|inactive|1#MiraidonHater has 30 seconds left.\n|inactive|1#MiraidonHater has 20 seconds left.\n|inactive|1#MiraidonHater has 15 seconds left.\n|inactive|1#MiraidonHater has 10 seconds left.\n|inactive|1#MiraidonHater has 5 seconds left.\n|\n|t:|1776347721\n|detailschange|p2a: Pinsir|Pinsir-Mega, L50, M\n|-mega|p2a: Pinsir|Pinsir|Pinsirite\n|detailschange|p1a: Houndoom|Houndoom-Mega, L50, F\n|-mega|p1a: Houndoom|Houndoom|Houndoominite\n|move|p2a: Pinsir|Feint|p1b: Gengar\n|-damage|p1b: Gengar|61/100\n|move|p1b: Gengar|Icy Wind|p2b: Basculegion|[spread] p2a,p2b\n|-supereffective|p2a: Pinsir|1\n|-resisted|p2b: Basculegion|1\n|-damage|p2a: Pinsir|57/100\n|-damage|p2b: Basculegion|92/100\n|-unboost|p2a: Pinsir|spe|1\n|-unboost|p2b: Basculegion|spe|1\n|move|p1a: Houndoom|Dark Pulse|p2b: Basculegion\n|-supereffective|p2b: Basculegion|1\n|-damage|p2b: Basculegion|0 fnt\n|faint|p2b: Basculegion\n|\n|upkeep\n|\n|t:|1776347743\n|switch|p2b: Rotom|Rotom-Heat, L50|100/100\n|turn|2\n|\n|t:|1776347756\n|move|p2a: Pinsir|Protect|p2a: Pinsir\n|-singleturn|p2a: Pinsir|Protect\n|move|p1b: Gengar|Icy Wind|p2a: Pinsir|[spread] p2b\n|-activate|p2a: Pinsir|move: Protect\n|-resisted|p2b: Rotom|1\n|-damage|p2b: Rotom|92/100\n|-unboost|p2b: Rotom|spe|1\n|move|p1a: Houndoom|Heat Wave|p2b: Rotom|[spread] \n|-activate|p2a: Pinsir|move: Protect\n|-miss|p1a: Houndoom|p2b: Rotom\n|move|p2b: Rotom|Electroweb|p1a: Houndoom|[spread] p1a,p1b\n|-damage|p1a: Houndoom|82/100\n|-damage|p1b: Gengar|34/100\n|-unboost|p1a: Houndoom|spe|1\n|-unboost|p1b: Gengar|spe|1\n|\n|upkeep\n|turn|3\n|j| Pokeventurer\n|\n|t:|1776347774\n|move|p2a: Pinsir|Feint|p1b: Gengar\n|-damage|p1b: Gengar|0 fnt\n|-start|p2a: Pinsir|Disable|Feint|[from] ability: Cursed Body|[of] p1b: Gengar\n|faint|p1b: Gengar\n|move|p1a: Houndoom|Heat Wave|p2b: Rotom|[spread] p2a,p2b\n|-supereffective|p2a: Pinsir|1\n|-resisted|p2b: Rotom|1\n|-damage|p2a: Pinsir|0 fnt\n|-damage|p2b: Rotom|70/100\n|faint|p2a: Pinsir\n|move|p2b: Rotom|Volt Switch|p1a: Houndoom\n|-damage|p1a: Houndoom|50/100\n|\n|t:|1776347781\n|switch|p2b: Garchomp|Garchomp, L50, M|100/100|[from] Volt Switch\n|\n|upkeep\n|\n|t:|1776347786\n|switch|p2a: Rotom|Rotom-Heat, L50|70/100\n|switch|p1b: Gyarados|Gyarados, L50, F|100/100\n|-ability|p1b: Gyarados|Intimidate|boost\n|-unboost|p2a: Rotom|atk|1\n|-unboost|p2b: Garchomp|atk|1\n|turn|4\n|\n|t:|1776347802\n|switch|p1a: Torkoal|Torkoal, L50, M|100/100\n|-weather|SunnyDay|[from] ability: Drought|[of] p1a: Torkoal\n|move|p2b: Garchomp|Rock Slide|p1b: Gyarados|[spread] p1a,p1b\n|-supereffective|p1a: Torkoal|1\n|-supereffective|p1b: Gyarados|1\n|-damage|p1a: Torkoal|81/100\n|-damage|p1b: Gyarados|73/100\n|move|p2a: Rotom|Electroweb|p1b: Gyarados|[spread] p1a,p1b\n|-supereffective|p1b: Gyarados|2\n|-damage|p1a: Torkoal|59/100\n|-damage|p1b: Gyarados|13/100\n|-unboost|p1a: Torkoal|spe|1\n|-unboost|p1b: Gyarados|spe|1\n|move|p1b: Gyarados|Waterfall|p2a: Rotom\n|-supereffective|p2a: Rotom|1\n|-damage|p2a: Rotom|21/100\n|-enditem|p2a: Rotom|Sitrus Berry|[eat]\n|-heal|p2a: Rotom|46/100|[from] item: Sitrus Berry\n|\n|-weather|SunnyDay|[upkeep]\n|upkeep\n|turn|5\n|\n|t:|1776347824\n|move|p2b: Garchomp|Earthquake|p1a: Torkoal|[spread] p1a\n|-immune|p2a: Rotom|[from] ability: Levitate\n|-immune|p1b: Gyarados\n|-supereffective|p1a: Torkoal|1\n|-damage|p1a: Torkoal|15/100\n|move|p2a: Rotom|Electroweb|p1a: Torkoal|[spread] p1a,p1b\n|-supereffective|p1b: Gyarados|2\n|-damage|p1a: Torkoal|0 fnt\n|-damage|p1b: Gyarados|0 fnt\n|faint|p1a: Torkoal\n|faint|p1b: Gyarados\n|\n|-weather|SunnyDay|[upkeep]\n|upkeep\n|\n|t:|1776347829\n|switch|p1b: Houndoom|Houndoom-Mega, L50, F|50/100\n|turn|6\n|\n|t:|1776347845\n|move|p2a: Rotom|Helping Hand|p2b: Garchomp\n|-singleturn|p2b: Garchomp|Helping Hand|[of] p2a: Rotom\n|move|p1b: Houndoom|Heat Wave|p2b: Garchomp|[spread] p2a,p2b\n|-resisted|p2a: Rotom|1\n|-resisted|p2b: Garchomp|1\n|-damage|p2a: Rotom|0 fnt\n|-damage|p2b: Garchomp|54/100\n|-status|p2b: Garchomp|brn\n|faint|p2a: Rotom\n|move|p2b: Garchomp|Earthquake|p1b: Houndoom\n|-supereffective|p1b: Houndoom|1\n|-damage|p1b: Houndoom|0 fnt\n|faint|p1b: Houndoom\n|\n|win|Benjojos\n",
  "uploadtime": 1776347625,
  "views": 24,
  "formatid": "gen9championsvgc2026regma",
  "rating": null,
  "private": 0,
  "password": null
}