{
  "id": "gen9championsvgc2026regma-2584583001",
  "format": "[Gen 9 Champions] VGC 2026 Reg M-A",
  "players": [
    "simin2115",
    "Marius595"
  ],
  "log": "|j|\u2606simin2115\n|j|\u2606Marius595\n|t:|1776270240\n|gametype|doubles\n|player|p1|simin2115|ariana|1000\n|player|p2|Marius595|koga|1011\n|gen|9\n|tier|[Gen 9 Champions] VGC 2026 Reg M-A\n|rated|\n|rule|Species Clause: Limit one of each Pok\u00e9mon\n|rule|Item Clause: Limit 1 of each item\n|clearpoke\n|poke|p1|Medicham, L50, F|\n|poke|p1|Ninetales, L50, M|\n|poke|p1|Manectric, L50, F|\n|poke|p1|Umbreon, L50, M|\n|poke|p1|Sylveon, L50, F|\n|poke|p1|Corviknight, L50, F|\n|poke|p2|Feraligatr, L50, M|\n|poke|p2|Pelipper, L50, F|\n|poke|p2|Scizor, L50, F|\n|poke|p2|Sneasler, L50, M|\n|poke|p2|Basculegion, L50, M|\n|poke|p2|Samurott-Hisui, L50, M|\n|teampreview|4\n|\n|t:|1776270266\n|teamsize|p1|4\n|teamsize|p2|4\n|start\n|switch|p1a: Manectric|Manectric, L50, F, shiny|100/100\n|switch|p1b: Corviknight|Corviknight, L50, F|100/100\n|switch|p2a: Pelipper|Pelipper, L50, F|100/100\n|switch|p2b: Feraligatr|Feraligatr, L50, M|100/100\n|-ability|p1b: Corviknight|Pressure\n|-weather|RainDance|[from] ability: Drizzle|[of] p2a: Pelipper\n|turn|1\n|\n|t:|1776270288\n|switch|p2a: Sneasler|Sneasler, L50, M|100/100\n|detailschange|p1a: Manectric|Manectric-Mega, L50, F, shiny\n|-mega|p1a: Manectric|Manectric|Manectite\n|-ability|p1a: Manectric|Intimidate|boost\n|-unboost|p2a: Sneasler|atk|1\n|-unboost|p2b: Feraligatr|atk|1\n|-enditem|p2a: Sneasler|White Herb\n|-clearnegativeboost|p2a: Sneasler|[silent]\n|detailschange|p2b: Feraligatr|Feraligatr-Mega, L50, M\n|-mega|p2b: Feraligatr|Feraligatr|Feraligite\n|move|p1a: Manectric|Thunder|p2b: Feraligatr\n|-damage|p2b: Feraligatr|29/100\n|move|p1b: Corviknight|Tailwind|p1b: Corviknight\n|-sidestart|p1: simin2115|move: Tailwind\n|move|p2b: Feraligatr|Liquidation|p1a: Manectric\n|-damage|p1a: Manectric|23/100\n|-unboost|p1a: Manectric|def|1\n|\n|-weather|RainDance|[upkeep]\n|upkeep\n|turn|2\n|\n|t:|1776270310\n|switch|p2b: Pelipper|Pelipper, L50, F|100/100\n|move|p1a: Manectric|Protect|p1a: Manectric\n|-singleturn|p1a: Manectric|Protect\n|move|p2a: Sneasler|Fake Out|p1a: Manectric\n|-activate|p1a: Manectric|move: Protect\n|move|p1b: Corviknight|Brave Bird|p2b: Pelipper\n|-damage|p2b: Pelipper|46/100\n|-enditem|p2b: Pelipper|Sitrus Berry|[eat]\n|-heal|p2b: Pelipper|71/100|[from] item: Sitrus Berry\n|-damage|p1b: Corviknight|87/100|[from] Recoil\n|\n|-weather|RainDance|[upkeep]\n|-heal|p1b: Corviknight|93/100|[from] item: Leftovers\n|upkeep\n|turn|3\n|\n|t:|1776270332\n|move|p1a: Manectric|Thunder|p2b: Pelipper\n|-supereffective|p2b: Pelipper|2\n|-damage|p2b: Pelipper|0 fnt\n|faint|p2b: Pelipper\n|move|p2a: Sneasler|Dire Claw|p1a: Manectric\n|-damage|p1a: Manectric|0 fnt\n|faint|p1a: Manectric\n|move|p1b: Corviknight|Brave Bird|p2a: Sneasler\n|-supereffective|p2a: Sneasler|1\n|-damage|p2a: Sneasler|0 fnt\n|faint|p2a: Sneasler\n|-damage|p1b: Corviknight|66/100|[from] Recoil\n|\n|-weather|RainDance|[upkeep]\n|-heal|p1b: Corviknight|72/100|[from] item: Leftovers\n|upkeep\n|\n|t:|1776270350\n|switch|p1a: Ninetales|Ninetales, L50, M, shiny|100/100\n|switch|p2a: Basculegion|Basculegion, L50, M|100/100\n|switch|p2b: Feraligatr|Feraligatr-Mega, L50, M|29/100\n|turn|4\n|\n|t:|1776270373\n|move|p1a: Ninetales|Double-Edge|p2b: Feraligatr\n|-damage|p2b: Feraligatr|0 fnt\n|faint|p2b: Feraligatr\n|-damage|p1a: Ninetales|90/100|[from] Recoil\n|move|p1b: Corviknight|Roost|p1b: Corviknight\n|-heal|p1b: Corviknight|100/100\n|-singleturn|p1b: Corviknight|move: Roost\n|move|p2a: Basculegion|Last Respects|p1b: Corviknight\n|-crit|p1b: Corviknight\n|-damage|p1b: Corviknight|0 fnt\n|faint|p1b: Corviknight\n|\n|-weather|RainDance|[upkeep]\n|-sideend|p1: simin2115|move: Tailwind\n|upkeep\n|\n|t:|1776270389\n|switch|p1b: Medicham|Medicham, L50, F, shiny|100/100\n|turn|5\n|\n|t:|1776270398\n|move|p1a: Ninetales|Double-Edge|p2a: Basculegion\n|-immune|p2a: Basculegion\n|move|p2a: Basculegion|Last Respects|p1b: Medicham\n|-supereffective|p1b: Medicham|1\n|-damage|p1b: Medicham|0 fnt\n|faint|p1b: Medicham\n|\n|-weather|none\n|upkeep\n|turn|6\n|-message|simin2115 forfeited.\n|\n|win|Marius595\n|raw|simin2115's rating: 1000 &rarr; <strong>1000</strong><br />(+0 for losing)\n|raw|Marius595's rating: 1011 &rarr; <strong>1048</strong><br />(+37 for winning)\n|l|\u2606simin2115\n|player|p1|\n|c|\u2606Marius595|ggs\n",
  "uploadtime": 1776270411,
  "views": 20,
  "formatid": "gen9championsvgc2026regma",
  "rating": 1000,
  "private": 0,
  "password": null
}