{
  "id": "gen9championsvgc2026regma-2587739080",
  "format": "[Gen 9 Champions] VGC 2026 Reg M-A",
  "players": [
    "elektriktoad",
    "KrustyMoist"
  ],
  "log": "|j|\u2606elektriktoad\n|j|\u2606KrustyMoist\n|t:|1776559109\n|gametype|doubles\n|player|p1|elektriktoad|janine|1387\n|player|p2|KrustyMoist|iris-gen5bw2|1295\n|gen|9\n|tier|[Gen 9 Champions] VGC 2026 Reg M-A\n|rated|\n|rule|Species Clause: Limit one of each Pok\u00e9mon\n|rule|Item Clause: Limit 1 of each item\n|clearpoke\n|poke|p1|Meowstic, L50, M|\n|poke|p1|Alakazam, L50, M|\n|poke|p1|Hatterene, L50, F|\n|poke|p1|Tyranitar, L50, M|\n|poke|p1|Kingambit, L50, M|\n|poke|p1|Sinistcha, L50|\n|poke|p2|Dragonite, L50, F|\n|poke|p2|Pelipper, L50, M|\n|poke|p2|Archaludon, L50, F|\n|poke|p2|Basculegion, L50, M|\n|poke|p2|Sinistcha, L50|\n|poke|p2|Lopunny, L50, F|\n|teampreview|4\n|inactive|Battle timer is ON: inactive players will automatically lose when time's up. (requested by KrustyMoist)\n|inactive|KrustyMoist has 60 seconds left.\n|\n|t:|1776559153\n|teamsize|p1|4\n|teamsize|p2|4\n|start\n|switch|p1a: Meowstic|Meowstic, L50, M|100/100\n|switch|p1b: Alakazam|Alakazam, L50, M|100/100\n|switch|p2a: Pelipper|Pelipper, L50, M|100/100\n|switch|p2b: Archaludon|Archaludon, L50, F|100/100\n|-weather|RainDance|[from] ability: Drizzle|[of] p2a: Pelipper\n|turn|1\n|inactive|elektriktoad has 30 seconds left.\n|inactive|KrustyMoist has 30 seconds left.\n|inactive|elektriktoad has 20 seconds left.\n|inactive|elektriktoad has 15 seconds left.\n|inactive|elektriktoad has 10 seconds left.\n|inactive|elektriktoad has 5 seconds left.\n|\n|t:|1776559203\n|detailschange|p1b: Alakazam|Alakazam-Mega, L50, M\n|-mega|p1b: Alakazam|Alakazam|Alakazite\n|-ability|p1b: Alakazam|Stamina|Trace|[from] ability: Trace|[of] p2b: Archaludon\n|move|p1a: Meowstic|Psychic Terrain|p1a: Meowstic\n|-fieldstart|move: Psychic Terrain\n|move|p1b: Alakazam|Focus Blast|p2b: Archaludon\n|-supereffective|p2b: Archaludon|1\n|-enditem|p2b: Archaludon|Chople Berry|[eat]\n|-enditem|p2b: Archaludon|Chople Berry|[weaken]\n|-damage|p2b: Archaludon|45/100\n|-ability|p2b: Archaludon|Stamina|boost\n|-boost|p2b: Archaludon|def|1\n|move|p2a: Pelipper|Weather Ball|p1a: Meowstic\n|-damage|p1a: Meowstic|1/100\n|move|p2b: Archaludon|Electro Shot||[still]\n|-prepare|p2b: Archaludon|Electro Shot\n|-boost|p2b: Archaludon|spa|1\n|-anim|p2b: Archaludon|Electro Shot|p1a: Meowstic\n|-damage|p1a: Meowstic|0 fnt\n|faint|p1a: Meowstic\n|\n|-weather|RainDance|[upkeep]\n|upkeep\n|inactive|elektriktoad has 30 seconds left.\n|inactive|elektriktoad has 20 seconds left.\n|inactive|elektriktoad has 15 seconds left.\n|inactive|elektriktoad has 10 seconds left.\n|\n|t:|1776559249\n|switch|p1a: Sinistcha|Sinistcha, L50|100/100\n|turn|2\n|inactive|KrustyMoist has 30 seconds left.\n|\n|t:|1776559276\n|switch|p1a: Tyranitar|Tyranitar, L50, M|100/100\n|-weather|Sandstorm|[from] ability: Sand Stream|[of] p1a: Tyranitar\n|move|p1b: Alakazam|Expanding Force|p2b: Archaludon|[spread] p2a,p2b\n|-resisted|p2b: Archaludon|1\n|-enditem|p2a: Pelipper|Focus Sash\n|-damage|p2a: Pelipper|1/100\n|-damage|p2b: Archaludon|7/100\n|-ability|p2b: Archaludon|Stamina|boost\n|-boost|p2b: Archaludon|def|1\n|move|p2a: Pelipper|Tailwind|p2a: Pelipper\n|-sidestart|p2: KrustyMoist|move: Tailwind\n|move|p2b: Archaludon|Electro Shot||[still]\n|-prepare|p2b: Archaludon|Electro Shot\n|-boost|p2b: Archaludon|spa|1\n|\n|-weather|Sandstorm|[upkeep]\n|-damage|p2a: Pelipper|0 fnt|[from] Sandstorm\n|-damage|p1b: Alakazam|94/100|[from] Sandstorm\n|faint|p2a: Pelipper\n|upkeep\n|inactive|KrustyMoist has 30 seconds left.\n|\n|t:|1776559306\n|switch|p2a: Basculegion|Basculegion, L50, M|100/100\n|turn|3\n|\n|t:|1776559324\n|move|p1b: Alakazam|Protect|p1b: Alakazam\n|-singleturn|p1b: Alakazam|Protect\n|move|p2a: Basculegion|Wave Crash|p1a: Tyranitar\n|-supereffective|p1a: Tyranitar|1\n|-damage|p1a: Tyranitar|0 fnt\n|faint|p1a: Tyranitar\n|-damage|p2a: Basculegion|66/100|[from] Recoil\n|move|p2b: Archaludon|Electro Shot|p1b: Alakazam|[from] lockedmove\n|-activate|p1b: Alakazam|move: Protect\n|\n|-weather|Sandstorm|[upkeep]\n|-damage|p2a: Basculegion|60/100|[from] Sandstorm\n|-damage|p1b: Alakazam|88/100|[from] Sandstorm\n|upkeep\n|\n|t:|1776559333\n|switch|p1a: Sinistcha|Sinistcha, L50|100/100\n|-heal|p1b: Alakazam|100/100|[from] ability: Hospitality|[of] p1a: Sinistcha\n|turn|4\n|\n|t:|1776559343\n|move|p1a: Sinistcha|Rage Powder|p1a: Sinistcha\n|-singleturn|p1a: Sinistcha|move: Rage Powder\n|move|p2a: Basculegion|Wave Crash|p1a: Sinistcha\n|-resisted|p1a: Sinistcha|1\n|-damage|p1a: Sinistcha|72/100\n|-damage|p2a: Basculegion|51/100|[from] Recoil\n|move|p1b: Alakazam|Expanding Force|p2b: Archaludon|[spread] p2a,p2b\n|-resisted|p2b: Archaludon|1\n|-damage|p2a: Basculegion|0 fnt\n|-damage|p2b: Archaludon|0 fnt\n|faint|p2a: Basculegion\n|faint|p2b: Archaludon\n|\n|-weather|Sandstorm|[upkeep]\n|-damage|p1b: Alakazam|94/100|[from] Sandstorm\n|-damage|p1a: Sinistcha|66/100|[from] Sandstorm\n|upkeep\n|\n|t:|1776559352\n|switch|p2b: Lopunny|Lopunny, L50, F|100/100\n|turn|5\n|\n|t:|1776559363\n|detailschange|p2b: Lopunny|Lopunny-Mega, L50, F\n|-mega|p2b: Lopunny|Lopunny|Lopunnite\n|move|p1b: Alakazam|Protect|p1b: Alakazam\n|-singleturn|p1b: Alakazam|Protect\n|move|p2b: Lopunny|Close Combat|p1a: Sinistcha\n|-damage|p1a: Sinistcha|20/100\n|-unboost|p2b: Lopunny|def|1\n|-unboost|p2b: Lopunny|spd|1\n|-enditem|p1a: Sinistcha|Sitrus Berry|[eat]\n|-heal|p1a: Sinistcha|45/100|[from] item: Sitrus Berry\n|move|p1a: Sinistcha|Strength Sap|p2b: Lopunny\n|-unboost|p2b: Lopunny|atk|1\n|-heal|p1a: Sinistcha|100/100\n|\n|-weather|Sandstorm|[upkeep]\n|-damage|p2b: Lopunny|95/100|[from] Sandstorm\n|-damage|p1b: Alakazam|88/100|[from] Sandstorm\n|-damage|p1a: Sinistcha|94/100|[from] Sandstorm\n|-sideend|p2: KrustyMoist|move: Tailwind\n|-fieldend|move: Psychic Terrain\n|upkeep\n|turn|6\n|-message|KrustyMoist forfeited.\n|\n|win|elektriktoad\n|raw|elektriktoad's rating: 1387 &rarr; <strong>1402</strong><br />(+15 for winning)\n|raw|KrustyMoist's rating: 1295 &rarr; <strong>1276</strong><br />(-19 for losing)\n|l|\u2606KrustyMoist\n|player|p2|\n",
  "uploadtime": 1776559381,
  "views": 25,
  "formatid": "gen9championsvgc2026regma",
  "rating": 1276,
  "private": 0,
  "password": null
}