{
  "id": "gen9championsvgc2026regma-2583824756",
  "format": "[Gen 9 Champions] VGC 2026 Reg M-A",
  "players": [
    "AidzPlayz",
    "EnbyFlavoredSparky"
  ],
  "log": "|j|\u2606AidzPlayz\n|j|\u2606EnbyFlavoredSparky\n|t:|1776200616\n|gametype|doubles\n|player|p1|AidzPlayz|ghetsis-gen5bw|1217\n|player|p2|EnbyFlavoredSparky|lillie-masters2|1175\n|gen|9\n|tier|[Gen 9 Champions] VGC 2026 Reg M-A\n|rated|\n|rule|Species Clause: Limit one of each Pok\u00e9mon\n|rule|Item Clause: Limit 1 of each item\n|clearpoke\n|poke|p1|Aerodactyl, L50, F|\n|poke|p1|Incineroar, L50, F|\n|poke|p1|Floette-Eternal, L50, F|\n|poke|p1|Basculegion, L50, M|\n|poke|p1|Garchomp, L50, F|\n|poke|p1|Sneasler, L50, M|\n|poke|p2|Delphox, L50, M|\n|poke|p2|Whimsicott, L50, M|\n|poke|p2|Incineroar, L50, F|\n|poke|p2|Ninetales, L50, M|\n|poke|p2|Sylveon, L50, F|\n|poke|p2|Sneasler, L50, F|\n|teampreview|4\n|inactive|Battle timer is ON: inactive players will automatically lose when time's up. (requested by EnbyFlavoredSparky)\n|\n|t:|1776200643\n|teamsize|p1|4\n|teamsize|p2|4\n|start\n|switch|p1a: Aerodactyl|Aerodactyl, L50, F|100/100\n|switch|p1b: Floette|Floette-Eternal, L50, F|100/100\n|switch|p2a: Sylvia|Sylveon, L50, F|100/100\n|switch|p2b: Delphox|Delphox, L50, M|100/100\n|-ability|p1a: Aerodactyl|Unnerve\n|turn|1\n|inactive|AidzPlayz has 30 seconds left.\n|inactive|AidzPlayz has 20 seconds left.\n|\n|t:|1776200678\n|detailschange|p2b: Delphox|Delphox-Mega, L50, M\n|-mega|p2b: Delphox|Delphox|Delphoxite\n|detailschange|p1b: Floette|Floette-Mega, L50, F\n|-mega|p1b: Floette|Floette|Floettite\n|-ability|p1b: Floette|Fairy Aura\n|move|p2b: Delphox|Psychic|p1a: Aerodactyl\n|-damage|p1a: Aerodactyl|17/100\n|move|p1a: Aerodactyl|Tailwind|p1a: Aerodactyl\n|-sidestart|p1: AidzPlayz|move: Tailwind\n|move|p1b: Floette|Light of Ruin|p2a: Sylvia\n|-damage|p2a: Sylvia|4/100\n|-damage|p1b: Floette|44/100|[from] Recoil\n|move|p2a: Sylvia|Hyper Voice|p1b: Floette|[spread] p1a,p1b\n|-damage|p1a: Aerodactyl|0 fnt\n|-damage|p1b: Floette|4/100\n|faint|p1a: Aerodactyl\n|\n|upkeep\n|inactive|AidzPlayz has 30 seconds left.\n|\n|t:|1776200710\n|switch|p1a: Incineroar|Incineroar, L50, F|100/100\n|-ability|p1a: Incineroar|Intimidate|boost\n|-unboost|p2a: Sylvia|atk|1\n|-unboost|p2b: Delphox|atk|1\n|turn|2\n|\n|t:|1776200718\n|switch|p2a: Incineroar|Incineroar, L50, F|100/100\n|-ability|p2a: Incineroar|Intimidate|boost\n|-unboost|p1a: Incineroar|atk|1\n|-unboost|p1b: Floette|atk|1\n|move|p2b: Delphox|Protect|p2b: Delphox\n|-singleturn|p2b: Delphox|Protect\n|move|p1a: Incineroar|Fake Out|p2b: Delphox\n|-activate|p2b: Delphox|move: Protect\n|move|p1b: Floette|Dazzling Gleam|p2a: Incineroar|[spread] p2a\n|-activate|p2b: Delphox|move: Protect\n|-damage|p2a: Incineroar|50/100\n|-enditem|p2a: Incineroar|Sitrus Berry|[eat]\n|-heal|p2a: Incineroar|74/100|[from] item: Sitrus Berry\n|\n|upkeep\n|turn|3\n|\n|t:|1776200740\n|move|p2a: Incineroar|Fake Out|p1a: Incineroar\n|-damage|p1a: Incineroar|90/100\n|move|p1b: Floette|Light of Ruin|p2a: Incineroar\n|-damage|p2a: Incineroar|0 fnt\n|faint|p2a: Incineroar\n|-damage|p1b: Floette|0 fnt|[from] Recoil\n|faint|p1b: Floette\n|move|p2b: Delphox|Nasty Plot|p2b: Delphox\n|-boost|p2b: Delphox|spa|2\n|cant|p1a: Incineroar|flinch\n|\n|upkeep\n|\n|t:|1776200751\n|switch|p1b: Sneasler|Sneasler, L50, M|100/100\n|switch|p2a: Sneasler|Sneasler, L50, F|100/100\n|turn|4\n|\n|t:|1776200773\n|move|p2b: Delphox|Protect|p2b: Delphox\n|-singleturn|p2b: Delphox|Protect\n|move|p1b: Sneasler|Rock Tomb|p2b: Delphox\n|-activate|p2b: Delphox|move: Protect\n|move|p2a: Sneasler|Close Combat|p1a: Incineroar\n|-supereffective|p1a: Incineroar|1\n|-damage|p1a: Incineroar|0 fnt\n|-unboost|p2a: Sneasler|def|1\n|-unboost|p2a: Sneasler|spd|1\n|faint|p1a: Incineroar\n|-enditem|p2a: Sneasler|White Herb\n|-clearnegativeboost|p2a: Sneasler|[silent]\n|\n|-sideend|p1: AidzPlayz|move: Tailwind\n|upkeep\n|turn|5\n|c|\u2606AidzPlayz|gg\n|-message|AidzPlayz forfeited.\n|\n|win|EnbyFlavoredSparky\n|raw|AidzPlayz's rating: 1217 &rarr; <strong>1189</strong><br />(-28 for losing)\n|raw|EnbyFlavoredSparky's rating: 1175 &rarr; <strong>1203</strong><br />(+28 for winning)\n",
  "uploadtime": 1776200787,
  "views": 18,
  "formatid": "gen9championsvgc2026regma",
  "rating": 1189,
  "private": 0,
  "password": null
}