{
  "id": "gen9championsvgc2026regma-2586969354",
  "format": "[Gen 9 Champions] VGC 2026 Reg M-A",
  "players": [
    "testingtesting101",
    "TsunamiofInk"
  ],
  "log": "|j|\u2606testingtesting101\n|j|\u2606TsunamiofInk\n|t:|1776476738\n|gametype|doubles\n|player|p1|testingtesting101|buck|1000\n|player|p2|TsunamiofInk|169|1090\n|gen|9\n|tier|[Gen 9 Champions] VGC 2026 Reg M-A\n|rated|\n|rule|Species Clause: Limit one of each Pok\u00e9mon\n|rule|Item Clause: Limit 1 of each item\n|clearpoke\n|poke|p1|Delphox, L50, F|\n|poke|p1|Hydrapple, L50, M|\n|poke|p1|Garchomp, L50, M|\n|poke|p1|Torkoal, L50, M|\n|poke|p1|Mimikyu, L50, F|\n|poke|p1|Pidgeot, L50, F|\n|poke|p2|Snorlax, L50, M|\n|poke|p2|Sinistcha, L50|\n|poke|p2|Incineroar, L50, M|\n|poke|p2|Torkoal, L50, F|\n|poke|p2|Slowbro, L50, F|\n|poke|p2|Ninetales-Alola, L50, F|\n|teampreview|4\ntestingtesting101 rejected open team sheets.\n|inactive|Battle timer is ON: inactive players will automatically lose when time's up. (requested by testingtesting101)\n|\n|t:|1776476807\n|teamsize|p1|4\n|teamsize|p2|4\n|start\n|switch|p1a: Kamik|Delphox, L50, F|100/100\n|switch|p1b: Garchomp|Garchomp, L50, M|100/100\n|switch|p2a: Slowbro|Slowbro, L50, F|100/100\n|switch|p2b: Incineroar|Incineroar, L50, M|100/100\n|-ability|p2b: Incineroar|Intimidate|boost\n|-unboost|p1a: Kamik|atk|1\n|-unboost|p1b: Garchomp|atk|1\n|turn|1\n|\n|t:|1776476826\n|detailschange|p1a: Kamik|Delphox-Mega, L50, F\n|-mega|p1a: Kamik|Delphox|Delphoxite\n|detailschange|p2a: Slowbro|Slowbro-Mega, L50, F\n|-mega|p2a: Slowbro|Slowbro|Slowbronite\n|move|p2b: Incineroar|Fake Out|p1b: Garchomp\n|-crit|p1b: Garchomp\n|-damage|p1b: Garchomp|84/100\n|-damage|p2b: Incineroar|88/100|[from] ability: Rough Skin|[of] p1b: Garchomp\n|cant|p1b: Garchomp|flinch\n|move|p1a: Kamik|Encore|p2b: Incineroar\n|-start|p2b: Incineroar|Encore\n|move|p2a: Slowbro|Trick Room|p2a: Slowbro\n|-fieldstart|move: Trick Room|[of] p2a: Slowbro\n|\n|upkeep\n|turn|2\n|inactive|testingtesting101 has 30 seconds left.\n|\n|t:|1776476852\n|switch|p2b: Sinistcha|Sinistcha, L50|100/100\n|switch|p1b: Torkoal|Torkoal, L50, M|100/100\n|-weather|SunnyDay|[from] ability: Drought|[of] p1b: Torkoal\n|move|p2a: Slowbro|Scald|p1a: Kamik\n|-supereffective|p1a: Kamik|1\n|-damage|p1a: Kamik|60/100\n|move|p1a: Kamik|Heat Wave|p2b: Sinistcha|[spread] p2a,p2b\n|-resisted|p2a: Slowbro|1\n|-supereffective|p2b: Sinistcha|1\n|-damage|p2a: Slowbro|68/100\n|-damage|p2b: Sinistcha|0 fnt\n|faint|p2b: Sinistcha\n|\n|-weather|SunnyDay|[upkeep]\n|upkeep\n|\n|t:|1776476875\n|switch|p2b: Torkoal|Torkoal, L50, F|100/100\n|turn|3\n|\n|t:|1776476884\n|move|p1a: Kamik|Protect|p1a: Kamik\n|-singleturn|p1a: Kamik|Protect\n|move|p2b: Torkoal|Eruption|p1b: Torkoal|[spread] p1b\n|-activate|p1a: Kamik|move: Protect\n|-resisted|p1b: Torkoal|1\n|-damage|p1b: Torkoal|47/100\n|move|p1b: Torkoal|Solar Beam||[still]\n|-prepare|p1b: Torkoal|Solar Beam\n|-anim|p1b: Torkoal|Solar Beam|p2a: Slowbro\n|-supereffective|p2a: Slowbro|1\n|-damage|p2a: Slowbro|0 fnt\n|faint|p2a: Slowbro\n|\n|-weather|SunnyDay|[upkeep]\n|upkeep\n|\n|t:|1776476896\n|switch|p2a: Incineroar|Incineroar, L50, M|88/100\n|-ability|p2a: Incineroar|Intimidate|boost\n|-unboost|p1a: Kamik|atk|1\n|-unboost|p1b: Torkoal|atk|1\n|turn|4\n|\n|t:|1776476913\n|switch|p1a: Hehehehe...|Mimikyu, L50, F|100/100\n|move|p1b: Torkoal|Protect|p1b: Torkoal\n|-singleturn|p1b: Torkoal|Protect\n|move|p2a: Incineroar|Fake Out|p1b: Torkoal\n|-activate|p1b: Torkoal|move: Protect\n|move|p2b: Torkoal|Eruption|p1a: Hehehehe...|[spread] p1a\n|-activate|p1b: Torkoal|move: Protect\n|-activate|p1a: Hehehehe...|ability: Disguise\n|-damage|p1a: Hehehehe...|100/100\n|detailschange|p1a: Hehehehe...|Mimikyu-Busted, L50, F\n|-damage|p1a: Hehehehe...|88/100|[from] pokemon: Mimikyu-Busted\n|\n|-weather|SunnyDay|[upkeep]\n|upkeep\n|turn|5\n|\n|t:|1776476931\n|move|p1a: Hehehehe...|Protect|p1a: Hehehehe...\n|-singleturn|p1a: Hehehehe...|Protect\n|move|p2b: Torkoal|Eruption|p1a: Hehehehe...|[spread] p1b\n|-activate|p1a: Hehehehe...|move: Protect\n|-resisted|p1b: Torkoal|1\n|-damage|p1b: Torkoal|0 fnt\n|faint|p1b: Torkoal\n|move|p2a: Incineroar|Flare Blitz|p1a: Hehehehe...\n|-activate|p1a: Hehehehe...|move: Protect\n|\n|-weather|SunnyDay|[upkeep]\n|-fieldend|move: Trick Room\n|upkeep\n|\n|t:|1776476946\n|switch|p1b: Garchomp|Garchomp, L50, M|84/100\n|turn|6\n|-message|TsunamiofInk forfeited.\n|\n|win|testingtesting101\n|raw|testingtesting101's rating: 1000 &rarr; <strong>1050</strong><br />(+50 for winning)\n|raw|TsunamiofInk's rating: 1090 &rarr; <strong>1061</strong><br />(-29 for losing)\n|l|\u2606TsunamiofInk\n|player|p2|\n",
  "uploadtime": 1776476963,
  "views": 14,
  "formatid": "gen9championsvgc2026regma",
  "rating": 1050,
  "private": 0,
  "password": null
}