{
  "id": "gen9championsvgc2026regma-2588029791",
  "format": "[Gen 9 Champions] VGC 2026 Reg M-A",
  "players": [
    "plopy14",
    "tacazmacaz"
  ],
  "log": "|j|\u2606plopy14\n|j|\u2606tacazmacaz\n|html|<table width=\"100%\"><tr><td align=\"left\">plopy14</td><td align=\"right\">tacazmacaz</tr><tr><td align=\"left\"><i class=\"fa fa-circle\"></i> <i class=\"fa fa-circle-o\"></i> </td><td align=\"right\"><i class=\"fa fa-circle-o\"></i> <i class=\"fa fa-circle-o\"></i> </tr></table>\n|uhtml|bestof|<h2><strong>Game 2</strong> of <a href=\"/game-bestof3-gen9championsvgc2026regma-2588028407\">a best-of-3</a></h2>\n|t:|1776595275\n|gametype|doubles\n|player|p1|plopy14|bugcatcher|\n|player|p2|tacazmacaz|steven|\n|gen|9\n|tier|[Gen 9 Champions] VGC 2026 Reg M-A\n|rated|Tournament battle\n|rule|Species Clause: Limit one of each Pok\u00e9mon\n|rule|Item Clause: Limit 1 of each item\n|raw|<div class=\"infobox\"><details class=\"readmore\" open><summary><strong>2 custom rules:</strong></summary> Force Open Team Sheets, Best of = 3</details></div>\n|clearpoke\n|poke|p1|Charizard, L50, F|\n|poke|p1|Sinistcha, L50|\n|poke|p1|Sneasler, L50, M|\n|poke|p1|Ninetales-Alola, L50, F|\n|poke|p1|Kingambit, L50, F|\n|poke|p1|Rotom-Wash, L50|\n|poke|p2|Charizard, L50, F|\n|poke|p2|Garchomp, L50, F|\n|poke|p2|Tyranitar, L50, F|\n|poke|p2|Torkoal, L50, M|\n|poke|p2|Corviknight, L50, M|\n|poke|p2|Primarina, L50, M|\n|teampreview|4\n|showteam|p1|Charizard||CharizarditeX|Blaze|FlareBlitz,BreakingSwipe,DragonDance,Roost|||F|||50|]Sinistcha||SitrusBerry|Hospitality|MatchaGotcha,LifeDew,RagePowder,Protect||||||50|]Sneasler||WhiteHerb|Unburden|GunkShot,CloseCombat,FakeOut,Coaching|||M|||50|]Ninetales-Alola||NeverMeltIce|SnowWarning|Blizzard,FreezeDry,AuroraVeil,Protect|||F|||50|]Kingambit||FocusSash|Defiant|SuckerPunch,IronHead,LowKick,Protect|||F|||50|]Rotom-Wash||ChoiceScarf|Levitate|Electroweb,HydroPump,VoltSwitch,Trick||||||50|\n|showteam|p2|Charizard||CharizarditeY|Blaze|HeatWave,SolarBeam,WeatherBall,Protect|||F|||50|]Garchomp||ChoiceScarf|RoughSkin|DragonClaw,Earthquake,StompingTantrum,RockSlide|||F|||50|]Tyranitar||FocusSash|SandStream|RockSlide,Earthquake,KnockOff,Protect|||F|||50|]Torkoal||Charcoal|Drought|Eruption,GyroBall,Flamethrower,SolarBeam|||M|||50|]Corviknight||SitrusBerry|MirrorArmor|Tailwind,IronHead,Taunt,BraveBird|||M|||50|]Primarina||FairyFeather|LiquidVoice|Moonblast,Haze,IceBeam,HyperVoice|||M|||50|\n|inactive|Battle timer is ON: inactive players will automatically lose when time's up. (requested by tacazmacaz)\n|j| mysticmarshtomp\n|\n|t:|1776595305\n|teamsize|p1|4\n|teamsize|p2|4\n|start\n|switch|p1a: Ninetales|Ninetales-Alola, L50, F|100/100\n|switch|p1b: Rotom|Rotom-Wash, L50|100/100\n|switch|p2a: Tyranitar|Tyranitar, L50, F|100/100\n|switch|p2b: Garchomp|Garchomp, L50, F|100/100\n|-weather|Snowscape|[from] ability: Snow Warning|[of] p1a: Ninetales\n|-weather|Sandstorm|[from] ability: Sand Stream|[of] p2a: Tyranitar\n|turn|1\n|\n|t:|1776595326\n|move|p2b: Garchomp|Rock Slide|p1b: Rotom|[spread] p1a,p1b\n|-supereffective|p1a: Ninetales|1\n|-crit|p1a: Ninetales\n|-damage|p1a: Ninetales|35/100\n|-damage|p1b: Rotom|76/100\n|move|p1b: Rotom|Hydro Pump|p2a: Tyranitar|[miss]\n|-miss|p1b: Rotom|p2a: Tyranitar\n|move|p1a: Ninetales|Blizzard|p2a: Tyranitar|[spread] p2a,p2b\n|-supereffective|p2b: Garchomp|2\n|-damage|p2a: Tyranitar|80/100\n|-damage|p2b: Garchomp|0 fnt\n|faint|p2b: Garchomp\n|move|p2a: Tyranitar|Rock Slide|p1b: Rotom|[spread] p1a,p1b\n|-supereffective|p1a: Ninetales|1\n|-crit|p1b: Rotom\n|-damage|p1a: Ninetales|0 fnt\n|-damage|p1b: Rotom|21/100\n|faint|p1a: Ninetales\n|\n|-weather|Sandstorm|[upkeep]\n|-damage|p1b: Rotom|15/100|[from] Sandstorm\n|upkeep\n|\n|t:|1776595348\n|switch|p1a: Kingambit|Kingambit, L50, F|100/100\n|switch|p2b: Primarina|Primarina, L50, M|100/100\n|turn|2\n|\n|t:|1776595360\n|switch|p2b: Charizard|Charizard, L50, F|100/100\n|move|p1b: Rotom|Hydro Pump|p2a: Tyranitar\n|-supereffective|p2a: Tyranitar|1\n|-damage|p2a: Tyranitar|8/100\n|move|p2a: Tyranitar|Earthquake|p1b: Rotom|[spread] p1a\n|-immune|p2b: Charizard\n|-immune|p1b: Rotom|[from] ability: Levitate\n|-supereffective|p1a: Kingambit|1\n|-damage|p1a: Kingambit|53/100\n|move|p1a: Kingambit|Iron Head|p2b: Charizard\n|-resisted|p2b: Charizard|1\n|-damage|p2b: Charizard|70/100\n|\n|-weather|Sandstorm|[upkeep]\n|-damage|p1b: Rotom|9/100|[from] Sandstorm\n|-damage|p2b: Charizard|64/100|[from] Sandstorm\n|upkeep\n|turn|3\n|inactive|plopy14 has 30 seconds left.\n|\n|t:|1776595391\n|switch|p1b: Charizard|Charizard, L50, F|100/100\n|detailschange|p2b: Charizard|Charizard-Mega-Y, L50, F\n|-mega|p2b: Charizard|Charizard|Charizardite Y\n|-weather|SunnyDay|[from] ability: Drought|[of] p2b: Charizard\n|move|p2a: Tyranitar|Protect|p2a: Tyranitar\n|-singleturn|p2a: Tyranitar|Protect\n|move|p1a: Kingambit|Sucker Punch||[still]\n|-fail|p1a: Kingambit\n|move|p2b: Charizard|Heat Wave|p1a: Kingambit|[spread] p1a,p1b\n|-supereffective|p1a: Kingambit|1\n|-resisted|p1b: Charizard|1\n|-damage|p1a: Kingambit|0 fnt\n|-damage|p1b: Charizard|65/100\n|faint|p1a: Kingambit\n|\n|-weather|SunnyDay|[upkeep]\n|upkeep\n|\n|t:|1776595398\n|switch|p1a: Rotom|Rotom-Wash, L50|9/100\n|turn|4\n|inactive|plopy14 has 30 seconds left.\n|\n|t:|1776595432\n|detailschange|p1b: Charizard|Charizard-Mega-X, L50, F\n|-mega|p1b: Charizard|Charizard|Charizardite X\n|move|p1a: Rotom|Volt Switch|p2b: Charizard\n|-supereffective|p2b: Charizard|1\n|-damage|p2b: Charizard|0 fnt\n|faint|p2b: Charizard\n|move|p1b: Charizard|Flare Blitz|p2a: Tyranitar\n|-resisted|p2a: Tyranitar|1\n|-damage|p2a: Tyranitar|0 fnt\n|faint|p2a: Tyranitar\n|-damage|p1b: Charizard|63/100|[from] Recoil\n|\n|-weather|SunnyDay|[upkeep]\n|upkeep\n|\n|t:|1776595448\n|switch|p2a: Primarina|Primarina, L50, M|100/100\n|turn|5\n|\n|t:|1776595459\n|move|p1a: Rotom|Volt Switch|p2a: Primarina\n|-supereffective|p2a: Primarina|1\n|-damage|p2a: Primarina|42/100\n|move|p1b: Charizard|Flare Blitz|p2a: Primarina\n|-resisted|p2a: Primarina|1\n|-crit|p2a: Primarina\n|-damage|p2a: Primarina|0 fnt\n|faint|p2a: Primarina\n|-damage|p1b: Charizard|50/100|[from] Recoil\n|\n|win|plopy14\n",
  "uploadtime": 1776595459,
  "views": 7,
  "formatid": "gen9championsvgc2026regma",
  "rating": null,
  "private": 0,
  "password": null
}