{
  "id": "gen9championsvgc2026regma-2581288523",
  "format": "[Gen 9 Champions] VGC 2026 Reg M-A",
  "players": [
    "Tepig_nNz_498",
    "caustic soda"
  ],
  "log": "|j|\u2606Tepig_nNz_498\n|j|\u2606caustic soda\n|t:|1775981799\n|gametype|doubles\n|player|p1|Tepig_nNz_498|101|1181\n|player|p2|caustic soda|169|1163\n|gen|9\n|tier|[Gen 9 Champions] VGC 2026 Reg M-A\n|rated|\n|rule|Species Clause: Limit one of each Pok\u00e9mon\n|rule|Item Clause: Limit 1 of each item\n|clearpoke\n|poke|p1|Incineroar, L50, M|\n|poke|p1|Venusaur, L50, M|\n|poke|p1|Torkoal, L50, M|\n|poke|p1|Oranguru, L50, M|\n|poke|p1|Camerupt, L50, M|\n|poke|p1|Charizard, L50, M|\n|poke|p2|Tyranitar, L50, F|\n|poke|p2|Excadrill, L50, M|\n|poke|p2|Garchomp, L50, F|\n|poke|p2|Sinistcha, L50|\n|poke|p2|Sneasler, L50, M|\n|poke|p2|Rotom-Wash, L50|\n|teampreview|4\n|j| mahir758\n|inactive|Battle timer is ON: inactive players will automatically lose when time's up. (requested by Tepig_nNz_498)\n|inactive|caustic soda has 60 seconds left.\n|\n|t:|1775981860\n|teamsize|p1|4\n|teamsize|p2|4\n|start\n|switch|p1a: Incineroar|Incineroar, L50, M|100/100\n|switch|p1b: Oranguru|Oranguru, L50, M|100/100\n|switch|p2a: Sneasler|Sneasler, L50, M|100/100\n|switch|p2b: Rotom|Rotom-Wash, L50|100/100\n|-ability|p1a: Incineroar|Intimidate|boost\n|-unboost|p2a: Sneasler|atk|1\n|-unboost|p2b: Rotom|atk|1\n|-enditem|p2a: Sneasler|White Herb\n|-clearnegativeboost|p2a: Sneasler|[silent]\n|turn|1\n|inactive|caustic soda has 30 seconds left.\n|inactive|caustic soda has 20 seconds left.\n|inactive|caustic soda has 15 seconds left.\n|\n|t:|1775981905\n|move|p2a: Sneasler|Fake Out|p1b: Oranguru\n|-damage|p1b: Oranguru|88/100\n|move|p1a: Incineroar|Fake Out|p2b: Rotom\n|-crit|p2b: Rotom\n|-damage|p2b: Rotom|81/100\n|cant|p2b: Rotom|flinch\n|move|p1b: Oranguru|Trick Room|p1b: Oranguru\n|-fieldstart|move: Trick Room|[of] p1b: Oranguru\n|\n|upkeep\n|turn|2\n|inactive|Tepig_nNz_498 has 30 seconds left.\n|inactive|caustic soda has 30 seconds left.\n|\n|t:|1775981935\n|move|p1b: Oranguru|Encore|p2a: Sneasler\n|-start|p2a: Sneasler|Encore\n|move|p2a: Sneasler|Fake Out||[still]\n|-hint|Fake Out only works on your first turn out.\n|-fail|p2a: Sneasler\n|move|p1a: Incineroar|Parting Shot|p2b: Rotom\n|-unboost|p2b: Rotom|atk|1\n|-unboost|p2b: Rotom|spa|1\n|\n|t:|1775981943\n|switch|p1a: Torkoal|Torkoal, L50, M|100/100|[from] Parting Shot\n|-weather|SunnyDay|[from] ability: Drought|[of] p1a: Torkoal\n|move|p2b: Rotom|Trick|p1b: Oranguru\n|-activate|p2b: Rotom|move: Trick|[of] p1b: Oranguru\n|-item|p1b: Oranguru|Choice Scarf|[from] move: Trick\n|-item|p2b: Rotom|Mental Herb|[from] move: Trick\n|\n|-weather|SunnyDay|[upkeep]\n|upkeep\n|turn|3\n|inactive|Tepig_nNz_498 has 30 seconds left.\n|inactive|caustic soda has 30 seconds left.\n|inactive|Tepig_nNz_498 has 20 seconds left.\n|inactive|caustic soda has 20 seconds left.\n|inactive|Tepig_nNz_498 has 15 seconds left.\n|inactive|caustic soda has 15 seconds left.\n|inactive|Tepig_nNz_498 has 10 seconds left.\n|inactive|Tepig_nNz_498 has 5 seconds left.\n|\n|t:|1775981997\n|switch|p2a: Tyranitar|Tyranitar, L50, F|100/100\n|-weather|Sandstorm|[from] ability: Sand Stream|[of] p2a: Tyranitar\n|move|p1a: Torkoal|Solar Beam||[still]\n|-prepare|p1a: Torkoal|Solar Beam\n|move|p1b: Oranguru|Instruct||[still]\n|-fail|p1b: Oranguru\n|move|p2b: Rotom|Hydro Pump|p1a: Torkoal\n|-supereffective|p1a: Torkoal|1\n|-damage|p1a: Torkoal|16/100\n|\n|-weather|Sandstorm|[upkeep]\n|-damage|p1a: Torkoal|10/100|[from] Sandstorm\n|-damage|p1b: Oranguru|82/100|[from] Sandstorm\n|-damage|p2b: Rotom|75/100|[from] Sandstorm\n|upkeep\n|turn|4\n|inactive|caustic soda has 30 seconds left.\n|inactive|caustic soda has 20 seconds left.\n|\n|t:|1775982034\n|switch|p2b: Sneasler|Sneasler, L50, M|100/100\n|move|p1a: Torkoal|Solar Beam|p2b: Sneasler|[from] lockedmove\n|-resisted|p2b: Sneasler|1\n|-damage|p2b: Sneasler|88/100\n|move|p2a: Tyranitar|Knock Off|p1b: Oranguru\n|-supereffective|p1b: Oranguru|1\n|-damage|p1b: Oranguru|0 fnt\n|-enditem|p1b: Oranguru|Choice Scarf|[from] move: Knock Off|[of] p2a: Tyranitar\n|faint|p1b: Oranguru\n|\n|-weather|Sandstorm|[upkeep]\n|-damage|p1a: Torkoal|3/100|[from] Sandstorm\n|-damage|p2b: Sneasler|83/100|[from] Sandstorm\n|upkeep\n|\n|t:|1775982041\n|switch|p1b: Incineroar|Incineroar, L50, M|100/100\n|-ability|p1b: Incineroar|Intimidate|boost\n|-unboost|p2a: Tyranitar|atk|1\n|-unboost|p2b: Sneasler|atk|1\n|turn|5\n|l| mahir758\n|inactive|caustic soda has 30 seconds left.\n|\n|t:|1775982072\n|switch|p1a: Camerupt|Camerupt, L50, M|100/100\n|move|p2a: Tyranitar|Protect|p2a: Tyranitar\n|-singleturn|p2a: Tyranitar|Protect\n|move|p1b: Incineroar|Parting Shot|p2a: Tyranitar\n|-activate|p2a: Tyranitar|move: Protect\n|move|p2b: Sneasler|Coaching|p2a: Tyranitar\n|-boost|p2a: Tyranitar|atk|1\n|-boost|p2a: Tyranitar|def|1\n|\n|-weather|Sandstorm|[upkeep]\n|-damage|p1b: Incineroar|95/100|[from] Sandstorm\n|-damage|p2b: Sneasler|77/100|[from] Sandstorm\n|-fieldend|move: Trick Room\n|upkeep\n|turn|6\n|inactive|Tepig_nNz_498 has 30 seconds left.\n|inactive|Tepig_nNz_498 has 20 seconds left.\n|inactive|Tepig_nNz_498 has 15 seconds left.\n|\n|t:|1775982112\n|detailschange|p1a: Camerupt|Camerupt-Mega, L50, M\n|-mega|p1a: Camerupt|Camerupt|Cameruptite\n|move|p2b: Sneasler|Close Combat|p1b: Incineroar\n|-supereffective|p1b: Incineroar|1\n|-damage|p1b: Incineroar|22/100\n|-unboost|p2b: Sneasler|def|1\n|-unboost|p2b: Sneasler|spd|1\n|-enditem|p1b: Incineroar|Sitrus Berry|[eat]\n|-heal|p1b: Incineroar|47/100|[from] item: Sitrus Berry\n|move|p2a: Tyranitar|Rock Slide|p1b: Incineroar|[spread] p1a,p1b\n|-supereffective|p1b: Incineroar|1\n|-damage|p1a: Camerupt|67/100\n|-damage|p1b: Incineroar|0 fnt\n|faint|p1b: Incineroar\n|cant|p1a: Camerupt|flinch\n|\n|-weather|Sandstorm|[upkeep]\n|-damage|p2b: Sneasler|71/100|[from] Sandstorm\n|upkeep\n|\n|t:|1775982129\n|switch|p1b: Torkoal|Torkoal, L50, M|3/100\n|-weather|SunnyDay|[from] ability: Drought|[of] p1b: Torkoal\n|turn|7\n|-message|Tepig_nNz_498 forfeited.\n|\n|win|caustic soda\n|raw|Tepig_nNz_498's rating: 1181 &rarr; <strong>1155</strong><br />(-26 for losing)\n|raw|caustic soda's rating: 1163 &rarr; <strong>1189</strong><br />(+26 for winning)\n|l|\u2606Tepig_nNz_498\n|player|p1|\n",
  "uploadtime": 1775982135,
  "views": 16,
  "formatid": "gen9championsvgc2026regma",
  "rating": 1155,
  "private": 0,
  "password": null
}