{
  "id": "gen9championsvgc2026regma-2584719160",
  "format": "[Gen 9 Champions] VGC 2026 Reg M-A",
  "players": [
    "Mulegator12",
    "12435b"
  ],
  "log": "|j|\u2606Mulegator12\n|j|\u260612435b\n|t:|1776278884\n|gametype|doubles\n|player|p1|Mulegator12|101|1202\n|player|p2|12435b|266|1153\n|gen|9\n|tier|[Gen 9 Champions] VGC 2026 Reg M-A\n|rated|\n|rule|Species Clause: Limit one of each Pok\u00e9mon\n|rule|Item Clause: Limit 1 of each item\n|clearpoke\n|poke|p1|Scizor, L50, M|\n|poke|p1|Gardevoir, L50, M|\n|poke|p1|Milotic, L50, M|\n|poke|p1|Talonflame, L50, M|\n|poke|p1|Lopunny, L50, F|\n|poke|p1|Garchomp, L50, M|\n|poke|p2|Aerodactyl, L50, F|\n|poke|p2|Garchomp, L50, F|\n|poke|p2|Tyranitar, L50, M|\n|poke|p2|Arcanine, L50, F|\n|poke|p2|Sinistcha-Masterpiece, L50|\n|poke|p2|Rotom-Wash, L50|\n|teampreview|4\n|\n|t:|1776278919\n|teamsize|p1|4\n|teamsize|p2|4\n|start\n|switch|p1a: Lopunny|Lopunny, L50, F|100/100\n|switch|p1b: Gardevoir|Gardevoir, L50, M|100/100\n|switch|p2a: Sinistcha|Sinistcha-Masterpiece, L50|100/100\n|switch|p2b: Garchomp|Garchomp, L50, F|100/100\n|turn|1\n|\n|t:|1776278937\n|switch|p2b: Arcanine|Arcanine, L50, F|100/100\n|-ability|p2b: Arcanine|Intimidate|boost\n|-unboost|p1a: Lopunny|atk|1\n|-unboost|p1b: Gardevoir|atk|1\n|detailschange|p1a: Lopunny|Lopunny-Mega, L50, F\n|-mega|p1a: Lopunny|Lopunny|Lopunnite\n|move|p1b: Gardevoir|Icy Wind|p2b: Arcanine|[spread] p2a,p2b\n|-supereffective|p2a: Sinistcha|1\n|-resisted|p2b: Arcanine|1\n|-damage|p2a: Sinistcha|53/100\n|-damage|p2b: Arcanine|91/100\n|-unboost|p2a: Sinistcha|spe|1\n|-unboost|p2b: Arcanine|spe|1\n|move|p1a: Lopunny|Triple Axel|p2b: Arcanine\n|-resisted|p2b: Arcanine|1\n|-damage|p2b: Arcanine|89/100\n|-resisted|p2b: Arcanine|1\n|-damage|p2b: Arcanine|83/100\n|-resisted|p2b: Arcanine|1\n|-damage|p2b: Arcanine|76/100\n|-hitcount|p2b: Arcanine|3\n|move|p2a: Sinistcha|Matcha Gotcha|p1a: Lopunny|[spread] p1a,p1b\n|-damage|p1a: Lopunny|62/100\n|-heal|p2a: Sinistcha|71/100|[from] drain|[of] p1a: Lopunny\n|-damage|p1b: Gardevoir|69/100\n|-heal|p2a: Sinistcha|87/100|[from] drain|[of] p1b: Gardevoir\n|\n|-heal|p2b: Arcanine|82/100|[from] item: Leftovers\n|upkeep\n|turn|2\n|\n|t:|1776278973\n|move|p1b: Gardevoir|Icy Wind|p2a: Sinistcha|[spread] p2a,p2b\n|-supereffective|p2a: Sinistcha|1\n|-resisted|p2b: Arcanine|1\n|-crit|p2b: Arcanine\n|-damage|p2a: Sinistcha|42/100\n|-damage|p2b: Arcanine|71/100\n|-unboost|p2a: Sinistcha|spe|1\n|-unboost|p2b: Arcanine|spe|1\n|move|p1a: Lopunny|Close Combat|p2b: Arcanine\n|-damage|p2b: Arcanine|23/100\n|-unboost|p1a: Lopunny|def|1\n|-unboost|p1a: Lopunny|spd|1\n|move|p2a: Sinistcha|Shadow Ball|p1b: Gardevoir\n|-supereffective|p1b: Gardevoir|1\n|-damage|p1b: Gardevoir|0 fnt\n|faint|p1b: Gardevoir\n|move|p2b: Arcanine|Play Rough|p1a: Lopunny|[miss]\n|-miss|p2b: Arcanine|p1a: Lopunny\n|\n|-heal|p2b: Arcanine|29/100|[from] item: Leftovers\n|upkeep\n|c|\u260612435b|bruh\n|\n|t:|1776278996\n|switch|p1b: Milotic|Milotic, L50, M|100/100\n|turn|3\n|\n|t:|1776279012\n|move|p2b: Arcanine|Extreme Speed|p1a: Lopunny\n|-damage|p1a: Lopunny|12/100\n|move|p1a: Lopunny|Facade|p2a: Sinistcha\n|-damage|p2a: Sinistcha|15/100\n|move|p1b: Milotic|Muddy Water|p2b: Arcanine|[spread] p2a,p2b\n|-resisted|p2a: Sinistcha|1\n|-supereffective|p2b: Arcanine|1\n|-damage|p2a: Sinistcha|0 fnt\n|-damage|p2b: Arcanine|0 fnt\n|faint|p2a: Sinistcha\n|faint|p2b: Arcanine\n|\n|upkeep\n|\n|t:|1776279021\n|switch|p2a: Aerodactyl|Aerodactyl, L50, F|100/100\n|switch|p2b: Garchomp|Garchomp, L50, F|100/100\n|-ability|p2a: Aerodactyl|Unnerve\n|turn|4\n|\n|t:|1776279031\n|switch|p1a: Garchomp|Garchomp, L50, M|100/100\n|detailschange|p2a: Aerodactyl|Aerodactyl-Mega, L50, F\n|-mega|p2a: Aerodactyl|Aerodactyl|Aerodactylite\n|move|p2a: Aerodactyl|Rock Slide|p1b: Milotic|[spread] p1a\n|-miss|p2a: Aerodactyl|p1b: Milotic\n|-resisted|p1a: Garchomp|1\n|-damage|p1a: Garchomp|86/100\n|move|p2b: Garchomp|Earthquake|p1b: Milotic|[spread] p1a,p1b\n|-immune|p2a: Aerodactyl\n|-damage|p1a: Garchomp|46/100\n|-damage|p1b: Milotic|57/100\n|move|p1b: Milotic|Coil|p1b: Milotic\n|-boost|p1b: Milotic|atk|1\n|-boost|p1b: Milotic|def|1\n|-boost|p1b: Milotic|accuracy|1\n|\n|upkeep\n|turn|5\n|\n|t:|1776279063\n|move|p1a: Garchomp|Protect|p1a: Garchomp\n|-singleturn|p1a: Garchomp|Protect\n|move|p2a: Aerodactyl|Rock Slide|p1b: Milotic|[spread] \n|-activate|p1a: Garchomp|move: Protect\n|-miss|p2a: Aerodactyl|p1b: Milotic\n|move|p2b: Garchomp|Earthquake|p1b: Milotic|[spread] p1b\n|-activate|p1a: Garchomp|move: Protect\n|-immune|p2a: Aerodactyl\n|-damage|p1b: Milotic|29/100\n|-enditem|p1b: Milotic|Sitrus Berry|[eat]\n|-heal|p1b: Milotic|54/100|[from] item: Sitrus Berry\n|move|p1b: Milotic|Life Dew|p1b: Milotic|[spread] p1a,p1b\n|-heal|p1a: Garchomp|71/100\n|-heal|p1b: Milotic|79/100\n|\n|upkeep\n|turn|6\n|\n|t:|1776279082\n|move|p2a: Aerodactyl|Tailwind|p2a: Aerodactyl\n|-sidestart|p2: 12435b|move: Tailwind\n|move|p2b: Garchomp|Earthquake|p1a: Garchomp|[spread] p1a,p1b\n|-immune|p2a: Aerodactyl\n|-damage|p1a: Garchomp|27/100\n|-damage|p1b: Milotic|52/100\n|move|p1a: Garchomp|Dragon Claw|p2b: Garchomp\n|-supereffective|p2b: Garchomp|1\n|-damage|p2b: Garchomp|12/100\n|-enditem|p2b: Garchomp|Sitrus Berry|[eat]\n|-heal|p2b: Garchomp|37/100|[from] item: Sitrus Berry\n|move|p1b: Milotic|Muddy Water|p2b: Garchomp|[spread] p2a,p2b\n|-supereffective|p2a: Aerodactyl|1\n|-damage|p2a: Aerodactyl|42/100\n|-damage|p2b: Garchomp|9/100\n|\n|upkeep\n|turn|7\n|\n|t:|1776279103\n|move|p1a: Garchomp|Protect|p1a: Garchomp\n|-singleturn|p1a: Garchomp|Protect\n|move|p2a: Aerodactyl|Dual Wingbeat|p1b: Milotic\n|-damage|p1b: Milotic|34/100\n|-damage|p1b: Milotic|15/100\n|-hitcount|p1b: Milotic|2\n|move|p2b: Garchomp|Earthquake|p1a: Garchomp|[spread] p1b\n|-activate|p1a: Garchomp|move: Protect\n|-immune|p2a: Aerodactyl\n|-damage|p1b: Milotic|0 fnt\n|faint|p1b: Milotic\n|\n|upkeep\n|\n|t:|1776279115\n|switch|p1b: Lopunny|Lopunny-Mega, L50, F|12/100\n|turn|8\n|\n|t:|1776279128\n|move|p2a: Aerodactyl|Protect|p2a: Aerodactyl\n|-singleturn|p2a: Aerodactyl|Protect\n|move|p2b: Garchomp|Protect|p2b: Garchomp\n|-singleturn|p2b: Garchomp|Protect\n|move|p1b: Lopunny|Fake Out|p2a: Aerodactyl\n|-activate|p2a: Aerodactyl|move: Protect\n|move|p1a: Garchomp|Dragon Claw|p2b: Garchomp\n|-activate|p2b: Garchomp|move: Protect\n|\n|upkeep\n|turn|9\n|\n|t:|1776279145\n|move|p1a: Garchomp|Protect|p1a: Garchomp\n|-singleturn|p1a: Garchomp|Protect\n|move|p2a: Aerodactyl|Dual Wingbeat|p1a: Garchomp\n|-activate|p1a: Garchomp|move: Protect\n|move|p2b: Garchomp|Earthquake|p1b: Lopunny|[spread] p1b\n|-activate|p1a: Garchomp|move: Protect\n|-immune|p2a: Aerodactyl\n|-damage|p1b: Lopunny|0 fnt\n|faint|p1b: Lopunny\n|\n|-sideend|p2: 12435b|move: Tailwind\n|upkeep\n|turn|10\n|\n|t:|1776279156\n|move|p2a: Aerodactyl|Dual Wingbeat|p1a: Garchomp\n|-damage|p1a: Garchomp|0 fnt\n|-damage|p2a: Aerodactyl|30/100|[from] ability: Rough Skin|[of] p1a: Garchomp\n|faint|p1a: Garchomp\n|-hitcount|p1: Garchomp|1\n|\n|win|12435b\n|raw|Mulegator12's rating: 1202 &rarr; <strong>1173</strong><br />(-29 for losing)\n|raw|12435b's rating: 1153 &rarr; <strong>1182</strong><br />(+29 for winning)\n",
  "uploadtime": 1776279158,
  "views": 32,
  "formatid": "gen9championsvgc2026regma",
  "rating": 1173,
  "private": 0,
  "password": null
}