{
  "id": "gen9championsvgc2026regma-2581844973",
  "format": "[Gen 9 Champions] VGC 2026 Reg M-A",
  "players": [
    "Drakeon55569",
    "Dra. Healer"
  ],
  "log": "|j|\u2606Drakeon55569\n|j|\u2606Dra. Healer\n|t:|1776033135\n|gametype|doubles\n|player|p1|Drakeon55569|hilbert-wonderlauncher|1180\n|player|p2|Dra. Healer|brycen|1103\n|gen|9\n|tier|[Gen 9 Champions] VGC 2026 Reg M-A\n|rated|\n|rule|Species Clause: Limit one of each Pok\u00e9mon\n|rule|Item Clause: Limit 1 of each item\n|clearpoke\n|poke|p1|Charizard, L50, F|\n|poke|p1|Venusaur, L50, M|\n|poke|p1|Heliolisk, L50, F|\n|poke|p1|Whimsicott, L50, F|\n|poke|p1|Sneasler, L50, M|\n|poke|p1|Incineroar, L50, M|\n|poke|p2|Talonflame, L50, M|\n|poke|p2|Feraligatr, L50, M|\n|poke|p2|Maushold, L50|\n|poke|p2|Gliscor, L50, M|\n|poke|p2|Greninja-*, L50, F|\n|poke|p2|Mimikyu, L50, M|\n|teampreview|4\n|\n|t:|1776033174\n|teamsize|p1|4\n|teamsize|p2|4\n|start\n|switch|p1a: Heliolisk|Heliolisk, L50, F|100/100\n|switch|p1b: Whimsicott|Whimsicott, L50, F|100/100\n|switch|p2a: Maushold|Maushold, L50|100/100\n|switch|p2b: Talonflame|Talonflame, L50, M|100/100\n|turn|1\n|\n|t:|1776033187\n|move|p2a: Maushold|Feint|p1b: Whimsicott\n|-damage|p1b: Whimsicott|76/100\n|move|p2b: Talonflame|Hurricane|p1b: Whimsicott\n|-supereffective|p1b: Whimsicott|1\n|-damage|p1b: Whimsicott|0 fnt\n|faint|p1b: Whimsicott\n|move|p1a: Heliolisk|Electroweb|p2a: Maushold|[spread] p2a,p2b\n|-supereffective|p2b: Talonflame|1\n|-damage|p2a: Maushold|62/100\n|-damage|p2b: Talonflame|34/100\n|-unboost|p2a: Maushold|spe|1\n|-unboost|p2b: Talonflame|spe|1\n|-enditem|p2a: Maushold|White Herb\n|-clearnegativeboost|p2a: Maushold|[silent]\n|\n|upkeep\n|\n|t:|1776033200\n|switch|p1b: Incineroar|Incineroar, L50, M|100/100\n|-ability|p1b: Incineroar|Intimidate|boost\n|-unboost|p2a: Maushold|atk|1\n|-unboost|p2b: Talonflame|atk|1\n|turn|2\n|\n|t:|1776033211\n|switch|p2b: Gliscor|Gliscor, L50, M|100/100\n|move|p1b: Incineroar|Fake Out|p2a: Maushold\n|-damage|p2a: Maushold|45/100\n|cant|p2a: Maushold|flinch\n|move|p1a: Heliolisk|Electroweb|p2a: Maushold|[spread] p2a\n|-immune|p2b: Gliscor\n|-damage|p2a: Maushold|9/100\n|-unboost|p2a: Maushold|spe|1\n|\n|upkeep\n|turn|3\n|\n|t:|1776033240\n|switch|p2a: Talonflame|Talonflame, L50, M|34/100\n|switch|p1b: Venusaur|Venusaur, L50, M|100/100\n|move|p1a: Heliolisk|Protect|p1a: Heliolisk\n|-singleturn|p1a: Heliolisk|Protect\n|move|p2b: Gliscor|Tailwind|p2b: Gliscor\n|-sidestart|p2: Dra. Healer|move: Tailwind\n|\n|upkeep\n|turn|4\n|\n|t:|1776033255\n|switch|p1a: Incineroar|Incineroar, L50, M|100/100\n|-ability|p1a: Incineroar|Intimidate|boost\n|-unboost|p2a: Talonflame|atk|1\n|-fail|p2b: Gliscor|unboost|Attack|[from] ability: Hyper Cutter|[of] p2b: Gliscor\n|move|p1b: Venusaur|Protect|p1b: Venusaur\n|-singleturn|p1b: Venusaur|Protect\n|move|p2a: Talonflame|Overheat|p1b: Venusaur\n|-activate|p1b: Venusaur|move: Protect\n|move|p2b: Gliscor|High Horsepower|p1a: Incineroar\n|-supereffective|p1a: Incineroar|1\n|-damage|p1a: Incineroar|27/100\n|-enditem|p1a: Incineroar|Sitrus Berry|[eat]\n|-heal|p1a: Incineroar|52/100|[from] item: Sitrus Berry\n|\n|upkeep\n|turn|5\n|\n|t:|1776033279\n|detailschange|p1b: Venusaur|Venusaur-Mega, L50, M\n|-mega|p1b: Venusaur|Venusaur|Venusaurite\n|move|p1a: Incineroar|Fake Out|p2a: Talonflame\n|-damage|p2a: Talonflame|17/100\n|cant|p2a: Talonflame|flinch\n|move|p2b: Gliscor|High Horsepower|p1a: Incineroar\n|-supereffective|p1a: Incineroar|1\n|-damage|p1a: Incineroar|0 fnt\n|faint|p1a: Incineroar\n|move|p1b: Venusaur|Sludge Bomb|p2a: Talonflame\n|-damage|p2a: Talonflame|0 fnt\n|faint|p2a: Talonflame\n|\n|upkeep\n|\n|t:|1776033293\n|switch|p2a: Maushold|Maushold, L50|9/100\n|switch|p1a: Heliolisk|Heliolisk, L50, F|100/100\n|turn|6\n|\n|t:|1776033311\n|move|p1a: Heliolisk|Protect|p1a: Heliolisk\n|-singleturn|p1a: Heliolisk|Protect\n|move|p2a: Maushold|Population Bomb|p1a: Heliolisk\n|-activate|p1a: Heliolisk|move: Protect\n|move|p2b: Gliscor|Swords Dance|p2b: Gliscor\n|-boost|p2b: Gliscor|atk|2\n|move|p1b: Venusaur|Giga Drain|p2b: Gliscor\n|-damage|p2b: Gliscor|52/100\n|\n|-sideend|p2: Dra. Healer|move: Tailwind\n|upkeep\n|turn|7\n|\n|t:|1776033343\n|move|p2a: Maushold|Population Bomb|p1a: Heliolisk\n|-damage|p1a: Heliolisk|76/100\n|-damage|p1a: Heliolisk|52/100\n|-damage|p1a: Heliolisk|30/100\n|-hitcount|p1a: Heliolisk|3\n|move|p1a: Heliolisk|Dragon Pulse|p2b: Gliscor\n|-damage|p2b: Gliscor|19/100\n|move|p1b: Venusaur|Giga Drain|p2b: Gliscor\n|-damage|p2b: Gliscor|0 fnt\n|faint|p2b: Gliscor\n|\n|upkeep\n|\n|t:|1776033356\n|switch|p2b: Greninja|Greninja, L50, F|100/100\n|turn|8\n|\n|t:|1776033377\n|move|p2b: Greninja|Protect|p2b: Greninja\n|-start|p2b: Greninja|typechange|Normal|[from] ability: Protean\n|-singleturn|p2b: Greninja|Protect\n|move|p2a: Maushold|Population Bomb|p1a: Heliolisk\n|-damage|p1a: Heliolisk|6/100\n|-damage|p1a: Heliolisk|0 fnt\n|faint|p1a: Heliolisk\n|-hitcount|p1: Heliolisk|2\n|move|p1b: Venusaur|Giga Drain|p2b: Greninja\n|-activate|p2b: Greninja|move: Protect\n|\n|upkeep\n|turn|9\n|\n|t:|1776033394\n|move|p2a: Maushold|Population Bomb|p1b: Venusaur\n|-crit|p1b: Venusaur\n|-damage|p1b: Venusaur|85/100\n|-damage|p1b: Venusaur|75/100\n|-damage|p1b: Venusaur|64/100\n|-damage|p1b: Venusaur|52/100\n|-damage|p1b: Venusaur|40/100\n|-damage|p1b: Venusaur|30/100\n|-damage|p1b: Venusaur|18/100\n|-crit|p1b: Venusaur\n|-damage|p1b: Venusaur|1/100\n|-damage|p1b: Venusaur|0 fnt\n|faint|p1b: Venusaur\n|-hitcount|p1: Venusaur|9\n|\n|win|Dra. Healer\n|raw|Drakeon55569's rating: 1180 &rarr; <strong>1150</strong><br />(-30 for losing)\n|raw|Dra. Healer's rating: 1103 &rarr; <strong>1133</strong><br />(+30 for winning)\n|l|\u2606Drakeon55569\n|player|p1|\n",
  "uploadtime": 1776033414,
  "views": 17,
  "formatid": "gen9championsvgc2026regma",
  "rating": 1133,
  "private": 0,
  "password": null
}