{
  "id": "gen9championsvgc2026regma-2583293107",
  "format": "[Gen 9 Champions] VGC 2026 Reg M-A",
  "players": [
    "xershhhhh",
    "wapin"
  ],
  "log": "|j|\u2606xershhhhh\n|j|\u2606wapin\n|t:|1776163955\n|gametype|doubles\n|player|p1|xershhhhh|2|1065\n|player|p2|wapin|aromalady|1017\n|gen|9\n|tier|[Gen 9 Champions] VGC 2026 Reg M-A\n|rated|\n|rule|Species Clause: Limit one of each Pok\u00e9mon\n|rule|Item Clause: Limit 1 of each item\n|clearpoke\n|poke|p1|Gengar, L50, F|\n|poke|p1|Incineroar, L50, M|\n|poke|p1|Sinistcha, L50|\n|poke|p1|Kommo-o, L50, F|\n|poke|p1|Tyranitar, L50, F|\n|poke|p1|Kingambit, L50, F|\n|poke|p2|Aggron, L50, F|\n|poke|p2|Sinistcha, L50|\n|poke|p2|Alakazam, L50, F|\n|poke|p2|Incineroar, L50, M|\n|poke|p2|Clawitzer, L50, F|\n|poke|p2|Chimecho, L50, F|\n|teampreview|4\n|inactive|Battle timer is ON: inactive players will automatically lose when time's up. (requested by wapin)\nwapin rejected open team sheets.\n|c|\u2606wapin|gl hf\n|\n|t:|1776163979\n|teamsize|p1|4\n|teamsize|p2|4\n|start\n|switch|p1a: Gengar|Gengar, L50, F|100/100\n|switch|p1b: Incineroar|Incineroar, L50, M|100/100\n|switch|p2a: Aggron|Aggron, L50, F|100/100\n|switch|p2b: Sinistcha|Sinistcha, L50|100/100\n|-ability|p1b: Incineroar|Intimidate|boost\n|-unboost|p2a: Aggron|atk|1\n|-unboost|p2b: Sinistcha|atk|1\n|turn|1\n|\n|t:|1776164000\n|switch|p2b: Incineroar|Incineroar, L50, M|100/100\n|-ability|p2b: Incineroar|Intimidate|boost\n|-unboost|p1a: Gengar|atk|1\n|-unboost|p1b: Incineroar|atk|1\n|detailschange|p1a: Gengar|Gengar-Mega, L50, F\n|-mega|p1a: Gengar|Gengar|Gengarite\n|detailschange|p2a: Aggron|Aggron-Mega, L50, F\n|-mega|p2a: Aggron|Aggron|Aggronite\n|move|p1a: Gengar|Perish Song|p1a: Gengar\n|-start|p1a: Gengar|perish3|[silent]\n|-start|p1b: Incineroar|perish3|[silent]\n|-start|p2a: Aggron|perish3|[silent]\n|-start|p2b: Incineroar|perish3|[silent]\n|-fieldactivate|move: Perish Song\n|move|p1b: Incineroar|Parting Shot|p2b: Incineroar\n|-unboost|p2b: Incineroar|atk|1\n|-unboost|p2b: Incineroar|spa|1\n|\n|t:|1776164005\n|switch|p1b: Kommo-o|Kommo-o, L50, F|100/100|[from] Parting Shot\n|move|p2a: Aggron|Body Press|p1b: Kommo-o\n|-crit|p1b: Kommo-o\n|-damage|p1b: Kommo-o|47/100\n|\n|-heal|p1b: Kommo-o|52/100|[from] item: Leftovers\n|-start|p1a: Gengar|perish3\n|-start|p2b: Incineroar|perish3\n|-start|p2a: Aggron|perish3\n|upkeep\n|turn|2\n|\n|t:|1776164027\n|move|p1a: Gengar|Protect|p1a: Gengar\n|-singleturn|p1a: Gengar|Protect\n|move|p1b: Kommo-o|Protect|p1b: Kommo-o\n|-singleturn|p1b: Kommo-o|Protect\n|move|p2b: Incineroar|Throat Chop|p1a: Gengar\n|-activate|p1a: Gengar|move: Protect\n|move|p2a: Aggron|Iron Defense|p2a: Aggron\n|-boost|p2a: Aggron|def|2\n|\n|-heal|p1b: Kommo-o|58/100|[from] item: Leftovers\n|-start|p1a: Gengar|perish2\n|-start|p2b: Incineroar|perish2\n|-start|p2a: Aggron|perish2\n|upkeep\n|turn|3\n|\n|t:|1776164046\n|move|p1a: Gengar|Protect||[still]\n|-fail|p1a: Gengar\n|move|p1b: Kommo-o|Protect||[still]\n|-fail|p1b: Kommo-o\n|move|p2b: Incineroar|Throat Chop|p1a: Gengar\n|-supereffective|p1a: Gengar|1\n|-damage|p1a: Gengar|31/100\n|-start|p1a: Gengar|Throat Chop|[silent]\n|move|p2a: Aggron|Body Press|p1b: Kommo-o\n|-damage|p1b: Kommo-o|0 fnt\n|faint|p1b: Kommo-o\n|\n|-start|p1a: Gengar|perish1\n|-start|p2b: Incineroar|perish1\n|-start|p2a: Aggron|perish1\n|upkeep\n|\n|t:|1776164058\n|switch|p1b: Sinistcha|Sinistcha, L50|100/100\n|-heal|p1a: Gengar|56/100|[from] ability: Hospitality|[of] p1b: Sinistcha\n|turn|4\n|inactive|wapin has 30 seconds left.\n|inactive|wapin has 20 seconds left.\n|inactive|wapin has 15 seconds left.\n|inactive|wapin has 10 seconds left.\n|\n|t:|1776164107\n|switch|p1a: Incineroar|Incineroar, L50, M|100/100\n|-ability|p1a: Incineroar|Intimidate|boost\n|-unboost|p2a: Aggron|atk|1\n|-unboost|p2b: Incineroar|atk|1\n|move|p1b: Sinistcha|Protect|p1b: Sinistcha\n|-singleturn|p1b: Sinistcha|Protect\n|move|p2b: Incineroar|Flare Blitz|p1b: Sinistcha\n|-activate|p1b: Sinistcha|move: Protect\n|move|p2a: Aggron|Heavy Slam|p1b: Sinistcha\n|-activate|p1b: Sinistcha|move: Protect\n|\n|-start|p2b: Incineroar|perish0\n|-start|p2a: Aggron|perish0\n|faint|p2b: Incineroar\n|faint|p2a: Aggron\n|upkeep\n|\n|t:|1776164115\n|switch|p2b: Alakazam|Alakazam, L50, F|100/100\n|switch|p2a: Sinistcha|Sinistcha, L50|100/100\n|turn|5\n|c|\u2606wapin|gg\n|\n|t:|1776164131\n|move|p2b: Alakazam|Light Screen|p2b: Alakazam\n|-sidestart|p2: wapin|move: Light Screen\n|move|p1b: Sinistcha|Matcha Gotcha|p2b: Alakazam|[spread] p2a,p2b\n|-resisted|p2a: Sinistcha|1\n|-damage|p2a: Sinistcha|92/100\n|-damage|p2b: Alakazam|80/100\n|move|p1a: Incineroar|Parting Shot|p2b: Alakazam\n|-unboost|p2b: Alakazam|atk|1\n|-unboost|p2b: Alakazam|spa|1\n|\n|t:|1776164137\n|switch|p1a: Gengar|Gengar-Mega, L50, F|56/100|[from] Parting Shot\n|move|p2a: Sinistcha|Matcha Gotcha|p1a: Gengar|[spread] p1a\n|-miss|p2a: Sinistcha|p1b: Sinistcha\n|-resisted|p1a: Gengar|1\n|-damage|p1a: Gengar|43/100\n|-heal|p2a: Sinistcha|98/100|[from] drain|[of] p1a: Gengar\n|-status|p1a: Gengar|brn\n|\n|-damage|p1a: Gengar|37/100 brn|[from] brn\n|upkeep\n|turn|6\n|\n|t:|1776164152\n|move|p1b: Sinistcha|Rage Powder|p1b: Sinistcha\n|-singleturn|p1b: Sinistcha|move: Rage Powder\n|move|p1a: Gengar|Shadow Ball|p2b: Alakazam\n|-supereffective|p2b: Alakazam|1\n|-damage|p2b: Alakazam|13/100\n|-unboost|p2b: Alakazam|spd|1\n|move|p2b: Alakazam|Speed Swap|p1b: Sinistcha\n|-activate|p2b: Alakazam|move: Speed Swap|[of] p1b: Sinistcha\n|move|p2a: Sinistcha|Foul Play|p1a: Gengar\n|-supereffective|p1a: Gengar|1\n|-damage|p1a: Gengar|3/100 brn\n|\n|-damage|p1a: Gengar|0 fnt|[from] brn\n|faint|p1a: Gengar\n|upkeep\n|\n|t:|1776164157\n|switch|p1a: Incineroar|Incineroar, L50, M|100/100\n|-ability|p1a: Incineroar|Intimidate|boost\n|-unboost|p2a: Sinistcha|atk|1\n|-unboost|p2b: Alakazam|atk|1\n|turn|7\n|\n|t:|1776164173\n|move|p2b: Alakazam|Protect|p2b: Alakazam\n|-singleturn|p2b: Alakazam|Protect\n|move|p1b: Sinistcha|Matcha Gotcha|p2b: Alakazam|[spread] p2a\n|-activate|p2b: Alakazam|move: Protect\n|-resisted|p2a: Sinistcha|1\n|-damage|p2a: Sinistcha|88/100\n|move|p1a: Incineroar|Flare Blitz|p2a: Sinistcha\n|-supereffective|p2a: Sinistcha|1\n|-damage|p2a: Sinistcha|17/100\n|-enditem|p2a: Sinistcha|Sitrus Berry|[eat]\n|-heal|p2a: Sinistcha|42/100|[from] item: Sitrus Berry\n|-damage|p1a: Incineroar|80/100|[from] Recoil\n|move|p2a: Sinistcha|Strength Sap|p1a: Incineroar\n|-unboost|p1a: Incineroar|atk|1\n|-heal|p2a: Sinistcha|100/100\n|\n|upkeep\n|turn|8\n|\n|t:|1776164190\n|move|p1b: Sinistcha|Matcha Gotcha|p2b: Alakazam|[spread] p2a,p2b\n|-resisted|p2a: Sinistcha|1\n|-damage|p2a: Sinistcha|91/100\n|-damage|p2b: Alakazam|0 fnt\n|faint|p2b: Alakazam\n|move|p1a: Incineroar|Flare Blitz|p2a: Sinistcha\n|-supereffective|p2a: Sinistcha|1\n|-damage|p2a: Sinistcha|49/100\n|-damage|p1a: Incineroar|68/100|[from] Recoil\n|move|p2a: Sinistcha|Matcha Gotcha|p1b: Sinistcha|[spread] p1b\n|-miss|p2a: Sinistcha|p1a: Incineroar\n|-resisted|p1b: Sinistcha|1\n|-damage|p1b: Sinistcha|89/100\n|-heal|p2a: Sinistcha|56/100|[from] drain|[of] p1b: Sinistcha\n|\n|upkeep\n|turn|9\n|\n|t:|1776164197\n|move|p1b: Sinistcha|Life Dew|p1b: Sinistcha|[spread] p1a,p1b\n|-heal|p1a: Incineroar|93/100\n|-heal|p1b: Sinistcha|100/100\n|move|p1a: Incineroar|Flare Blitz|p2a: Sinistcha\n|-supereffective|p2a: Sinistcha|1\n|-damage|p2a: Sinistcha|8/100\n|-status|p2a: Sinistcha|brn\n|-damage|p1a: Incineroar|79/100|[from] Recoil\n|move|p2a: Sinistcha|Matcha Gotcha|p1b: Sinistcha|[spread] p1a,p1b\n|-resisted|p1a: Incineroar|1\n|-resisted|p1b: Sinistcha|1\n|-damage|p1a: Incineroar|70/100\n|-heal|p2a: Sinistcha|13/100 brn|[from] drain|[of] p1a: Incineroar\n|-damage|p1b: Sinistcha|90/100\n|-heal|p2a: Sinistcha|18/100 brn|[from] drain|[of] p1b: Sinistcha\n|\n|-damage|p2a: Sinistcha|12/100 brn|[from] brn\n|-sideend|p2: wapin|move: Light Screen\n|upkeep\n|turn|10\n|\n|t:|1776164208\n|move|p1b: Sinistcha|Life Dew|p1b: Sinistcha|[spread] p1a,p1b\n|-heal|p1a: Incineroar|95/100\n|-heal|p1b: Sinistcha|100/100\n|move|p1a: Incineroar|Flare Blitz|p2a: Sinistcha\n|-supereffective|p2a: Sinistcha|1\n|-damage|p2a: Sinistcha|0 fnt\n|faint|p2a: Sinistcha\n|-damage|p1a: Incineroar|92/100|[from] Recoil\n|\n|win|xershhhhh\n|raw|xershhhhh's rating: 1065 &rarr; <strong>1091</strong><br />(+26 for winning)\n|raw|wapin's rating: 1017 &rarr; <strong>1006</strong><br />(-11 for losing)\n",
  "uploadtime": 1776164215,
  "views": 16,
  "formatid": "gen9championsvgc2026regma",
  "rating": 1006,
  "private": 0,
  "password": null
}