{
  "id": "gen9championsvgc2026regma-2586894427",
  "format": "[Gen 9 Champions] VGC 2026 Reg M-A",
  "players": [
    "mrguy888",
    "GBuling"
  ],
  "log": "|j|\u2606mrguy888\n|j|\u2606GBuling\n|t:|1776469368\n|gametype|doubles\n|player|p1|mrguy888|noland-gen3|1321\n|player|p2|GBuling|youngster-gen4dp|1369\n|gen|9\n|tier|[Gen 9 Champions] VGC 2026 Reg M-A\n|rated|\n|rule|Species Clause: Limit one of each Pok\u00e9mon\n|rule|Item Clause: Limit 1 of each item\n|clearpoke\n|poke|p1|Floette-Eternal, L50, F|\n|poke|p1|Aerodactyl, L50, M|\n|poke|p1|Tauros-Paldea-Aqua, L50, M|\n|poke|p1|Kangaskhan, L50, F|\n|poke|p1|Rotom-Heat, L50|\n|poke|p1|Aegislash, L50, M|\n|poke|p2|Tyranitar, L50, F|\n|poke|p2|Excadrill, L50, M|\n|poke|p2|Corviknight, L50, M|\n|poke|p2|Sinistcha, L50|\n|poke|p2|Rotom-Heat, L50|\n|poke|p2|Gyarados, L50, F|\n|teampreview|4\n|inactive|Battle timer is ON: inactive players will automatically lose when time's up. (requested by mrguy888)\n|inactive|mrguy888 has 60 seconds left.\n|\n|t:|1776469408\n|teamsize|p1|4\n|teamsize|p2|4\n|start\n|switch|p1a: Kangaskhan|Kangaskhan, L50, F|100/100\n|switch|p1b: Rotom|Rotom-Heat, L50|100/100\n|switch|p2a: Rotom|Rotom-Heat, L50|100/100\n|switch|p2b: Excadrill|Excadrill, L50, M|100/100\n|turn|1\n|\n|t:|1776469431\n|detailschange|p1a: Kangaskhan|Kangaskhan-Mega, L50, F\n|-mega|p1a: Kangaskhan|Kangaskhan|Kangaskhanite\n|move|p1b: Rotom|Will-O-Wisp|p2b: Excadrill\n|-status|p2b: Excadrill|brn\n|move|p2a: Rotom|Volt Switch|p1a: Kangaskhan\n|-damage|p1a: Kangaskhan|73/100\n|\n|t:|1776469438\n|switch|p2a: Tyranitar|Tyranitar, L50, F|100/100|[from] Volt Switch\n|-weather|Sandstorm|[from] ability: Sand Stream|[of] p2a: Tyranitar\n|move|p2b: Excadrill|Rock Slide|p1a: Kangaskhan|[spread] p1a,p1b\n|-supereffective|p1b: Rotom|1\n|-damage|p1a: Kangaskhan|63/100\n|-damage|p1b: Rotom|77/100\n|move|p1a: Kangaskhan|Double-Edge|p2a: Tyranitar\n|-resisted|p2a: Tyranitar|1\n|-damage|p2a: Tyranitar|75/100\n|-resisted|p2a: Tyranitar|1\n|-damage|p2a: Tyranitar|69/100\n|-hitcount|p2a: Tyranitar|2\n|-damage|p1a: Kangaskhan|53/100|[from] Recoil\n|\n|-weather|Sandstorm|[upkeep]\n|-damage|p1b: Rotom|71/100|[from] Sandstorm\n|-damage|p1a: Kangaskhan|47/100|[from] Sandstorm\n|-damage|p2b: Excadrill|95/100 brn|[from] brn\n|upkeep\n|turn|2\n|\n|t:|1776469462\n|switch|p1a: Tauros|Tauros-Paldea-Aqua, L50, M|100/100\n|-ability|p1a: Tauros|Intimidate|boost\n|-unboost|p2a: Tyranitar|atk|1\n|-unboost|p2b: Excadrill|atk|1\n|switch|p2a: Gyarados|Gyarados, L50, F|100/100\n|-ability|p2a: Gyarados|Intimidate|boost\n|-unboost|p1a: Tauros|atk|1\n|-unboost|p1b: Rotom|atk|1\n|-enditem|p1a: Tauros|White Herb\n|-clearnegativeboost|p1a: Tauros|[silent]\n|move|p2b: Excadrill|Rock Slide|p1b: Rotom|[spread] p1a,p1b\n|-resisted|p1a: Tauros|1\n|-supereffective|p1b: Rotom|1\n|-damage|p1a: Tauros|97/100\n|-damage|p1b: Rotom|53/100\n|move|p1b: Rotom|Will-O-Wisp|p2a: Gyarados\n|-status|p2a: Gyarados|brn\n|\n|-weather|Sandstorm|[upkeep]\n|-damage|p1b: Rotom|48/100|[from] Sandstorm\n|-damage|p1a: Tauros|91/100|[from] Sandstorm\n|-damage|p2a: Gyarados|94/100 brn|[from] Sandstorm\n|-damage|p2b: Excadrill|89/100 brn|[from] brn\n|-damage|p2a: Gyarados|88/100 brn|[from] brn\n|upkeep\n|turn|3\n|\n|t:|1776469486\n|switch|p1b: Kangaskhan|Kangaskhan-Mega, L50, F|47/100\n|move|p2b: Excadrill|Protect|p2b: Excadrill\n|-singleturn|p2b: Excadrill|Protect\n|move|p1a: Tauros|Close Combat|p2b: Excadrill\n|-activate|p2b: Excadrill|move: Protect\n|move|p2a: Gyarados|Thunder Wave|p1a: Tauros\n|-status|p1a: Tauros|par\n|\n|-weather|Sandstorm|[upkeep]\n|-damage|p1b: Kangaskhan|41/100|[from] Sandstorm\n|-damage|p2a: Gyarados|82/100 brn|[from] Sandstorm\n|-damage|p1a: Tauros|85/100 par|[from] Sandstorm\n|-damage|p2b: Excadrill|83/100 brn|[from] brn\n|-damage|p2a: Gyarados|76/100 brn|[from] brn\n|upkeep\n|turn|4\n|\n|t:|1776469503\n|move|p2b: Excadrill|Earthquake|p1b: Kangaskhan|[spread] p1a,p1b\n|-immune|p2a: Gyarados\n|-damage|p1a: Tauros|68/100 par\n|-damage|p1b: Kangaskhan|28/100\n|move|p1b: Kangaskhan|Drain Punch|p2a: Gyarados\n|-resisted|p2a: Gyarados|1\n|-damage|p2a: Gyarados|61/100 brn\n|-heal|p1b: Kangaskhan|35/100|[from] drain|[of] p2a: Gyarados\n|-resisted|p2a: Gyarados|1\n|-damage|p2a: Gyarados|58/100 brn\n|-heal|p1b: Kangaskhan|37/100|[from] drain|[of] p2a: Gyarados\n|-hitcount|p2a: Gyarados|2\n|move|p2a: Gyarados|Earthquake|p1a: Tauros|[spread] p2b,p1a,p1b\n|-supereffective|p2b: Excadrill|1\n|-damage|p2b: Excadrill|45/100 brn\n|-damage|p1a: Tauros|52/100 par\n|-damage|p1b: Kangaskhan|26/100\n|move|p1a: Tauros|Close Combat|p2b: Excadrill\n|-supereffective|p2b: Excadrill|1\n|-damage|p2b: Excadrill|0 fnt\n|-unboost|p1a: Tauros|def|1\n|-unboost|p1a: Tauros|spd|1\n|faint|p2b: Excadrill\n|\n|-weather|Sandstorm|[upkeep]\n|-damage|p1b: Kangaskhan|20/100|[from] Sandstorm\n|-damage|p2a: Gyarados|52/100 brn|[from] Sandstorm\n|-damage|p1a: Tauros|47/100 par|[from] Sandstorm\n|-damage|p2a: Gyarados|46/100 brn|[from] brn\n|upkeep\n|\n|t:|1776469521\n|switch|p2b: Rotom|Rotom-Heat, L50|100/100\n|turn|5\n|\n|t:|1776469540\n|switch|p1b: Rotom|Rotom-Heat, L50|48/100\n|move|p1a: Tauros|Protect|p1a: Tauros\n|-singleturn|p1a: Tauros|Protect\n|move|p2b: Rotom|Electroweb|p1b: Rotom|[spread] p1b\n|-activate|p1a: Tauros|move: Protect\n|-resisted|p1b: Rotom|1\n|-damage|p1b: Rotom|37/100\n|-unboost|p1b: Rotom|spe|1\n|move|p2a: Gyarados|Earthquake|p1a: Tauros|[spread] \n|-activate|p1a: Tauros|move: Protect\n|-immune|p2b: Rotom|[from] ability: Levitate\n|-immune|p1b: Rotom|[from] ability: Levitate\n|\n|-weather|none\n|-damage|p2a: Gyarados|40/100 brn|[from] brn\n|upkeep\n|turn|6\n|\n|t:|1776469559\n|switch|p1a: Kangaskhan|Kangaskhan-Mega, L50, F|20/100\n|move|p2b: Rotom|Electroweb|p1b: Rotom|[spread] p1a,p1b\n|-resisted|p1b: Rotom|1\n|-damage|p1a: Kangaskhan|3/100\n|-damage|p1b: Rotom|26/100\n|-unboost|p1a: Kangaskhan|spe|1\n|-unboost|p1b: Rotom|spe|1\n|move|p1b: Rotom|Electroweb|p2a: Gyarados|[spread] p2a,p2b\n|-supereffective|p2a: Gyarados|2\n|-resisted|p2b: Rotom|1\n|-damage|p2a: Gyarados|0 fnt\n|-damage|p2b: Rotom|91/100\n|-unboost|p2b: Rotom|spe|1\n|faint|p2a: Gyarados\n|\n|upkeep\n|\n|t:|1776469570\n|switch|p2a: Tyranitar|Tyranitar, L50, F|69/100\n|-weather|Sandstorm|[from] ability: Sand Stream|[of] p2a: Tyranitar\n|turn|7\n|\n|t:|1776469599\n|switch|p1b: Aegislash|Aegislash, L50, M|100/100\n|switch|p1a: Tauros|Tauros-Paldea-Aqua, L50, M|47/100 par\n|-ability|p1a: Tauros|Intimidate|boost\n|-unboost|p2a: Tyranitar|atk|1\n|-unboost|p2b: Rotom|atk|1\n|detailschange|p2a: Tyranitar|Tyranitar-Mega, L50, F\n|-mega|p2a: Tyranitar|Tyranitar|Tyranitarite\n|move|p2b: Rotom|Electroweb|p1b: Aegislash|[spread] p1a,p1b\n|-supereffective|p1a: Tauros|1\n|-damage|p1a: Tauros|0 fnt\n|-damage|p1b: Aegislash|86/100\n|-unboost|p1b: Aegislash|spe|1\n|faint|p1a: Tauros\n|move|p2a: Tyranitar|Knock Off|p1b: Aegislash\n|-supereffective|p1b: Aegislash|1\n|-damage|p1b: Aegislash|16/100\n|-enditem|p1b: Aegislash|Spell Tag|[from] move: Knock Off|[of] p2a: Tyranitar\n|\n|-weather|Sandstorm|[upkeep]\n|-damage|p2b: Rotom|85/100|[from] Sandstorm\n|upkeep\n|\n|t:|1776469614\n|switch|p1a: Rotom|Rotom-Heat, L50|26/100\n|turn|8\n|\n|t:|1776469624\n|move|p2a: Tyranitar|Protect|p2a: Tyranitar\n|-singleturn|p2a: Tyranitar|Protect\n|move|p1b: Aegislash|King's Shield|p1b: Aegislash\n|-singleturn|p1b: Aegislash|Protect\n|move|p1a: Rotom|Electroweb|p2a: Tyranitar|[spread] p2b\n|-activate|p2a: Tyranitar|move: Protect\n|-resisted|p2b: Rotom|1\n|-damage|p2b: Rotom|75/100\n|-unboost|p2b: Rotom|spe|1\n|move|p2b: Rotom|Electroweb|p1b: Aegislash|[spread] p1a\n|-activate|p1b: Aegislash|move: Protect\n|-resisted|p1a: Rotom|1\n|-crit|p1a: Rotom\n|-damage|p1a: Rotom|11/100\n|-unboost|p1a: Rotom|spe|1\n|\n|-weather|Sandstorm|[upkeep]\n|-damage|p1a: Rotom|5/100|[from] Sandstorm\n|-damage|p2b: Rotom|69/100|[from] Sandstorm\n|upkeep\n|turn|9\n|inactive|mrguy888 has 30 seconds left.\n|inactive|mrguy888 has 20 seconds left.\n|\n|t:|1776469660\n|move|p1a: Rotom|Electroweb|p2b: Rotom|[spread] p2a,p2b\n|-resisted|p2b: Rotom|1\n|-damage|p2a: Tyranitar|60/100\n|-damage|p2b: Rotom|59/100\n|-unboost|p2a: Tyranitar|spe|1\n|-unboost|p2b: Rotom|spe|1\n|move|p2b: Rotom|Electroweb|p1b: Aegislash|[spread] p1a,p1b\n|-resisted|p1a: Rotom|1\n|-damage|p1a: Rotom|0 fnt\n|-damage|p1b: Aegislash|1/100\n|-unboost|p1b: Aegislash|spe|1\n|faint|p1a: Rotom\n|move|p2a: Tyranitar|Knock Off|p1b: Aegislash\n|-supereffective|p1b: Aegislash|1\n|-damage|p1b: Aegislash|0 fnt\n|faint|p1b: Aegislash\n|\n|-weather|Sandstorm|[upkeep]\n|-damage|p2b: Rotom|53/100|[from] Sandstorm\n|upkeep\n|\n|t:|1776469671\n|switch|p1b: Kangaskhan|Kangaskhan-Mega, L50, F|3/100\n|turn|10\n|\n|t:|1776469686\n|move|p2a: Tyranitar|Protect|p2a: Tyranitar\n|-singleturn|p2a: Tyranitar|Protect\n|move|p1b: Kangaskhan|Drain Punch|p2b: Rotom\n|-damage|p2b: Rotom|20/100\n|-heal|p1b: Kangaskhan|14/100|[from] drain|[of] p2b: Rotom\n|-damage|p2b: Rotom|12/100\n|-heal|p1b: Kangaskhan|17/100|[from] drain|[of] p2b: Rotom\n|-hitcount|p2b: Rotom|2\n|move|p2b: Rotom|Electroweb|p1b: Kangaskhan\n|-damage|p1b: Kangaskhan|0 fnt\n|faint|p1b: Kangaskhan\n|\n|win|GBuling\n|raw|mrguy888's rating: 1321 &rarr; <strong>1304</strong><br />(-17 for losing)\n|raw|GBuling's rating: 1369 &rarr; <strong>1386</strong><br />(+17 for winning)\n",
  "uploadtime": 1776469694,
  "views": 34,
  "formatid": "gen9championsvgc2026regma",
  "rating": 1304,
  "private": 0,
  "password": null
}