{
  "id": "gen9championsvgc2026regma-2585381147",
  "format": "[Gen 9 Champions] VGC 2026 Reg M-A",
  "players": [
    "caiox13",
    "EDJPP"
  ],
  "log": "|j|\u2606caiox13\n|j|\u2606EDJPP\n|t:|1776343001\n|gametype|doubles\n|player|p1|caiox13|101|1094\n|player|p2|EDJPP|volkner|1000\n|gen|9\n|tier|[Gen 9 Champions] VGC 2026 Reg M-A\n|rated|\n|rule|Species Clause: Limit one of each Pok\u00e9mon\n|rule|Item Clause: Limit 1 of each item\n|clearpoke\n|poke|p1|Pelipper, L50, F|\n|poke|p1|Orthworm, L50, F|\n|poke|p1|Aerodactyl, L50, M|\n|poke|p1|Aggron, L50, F|\n|poke|p1|Archaludon, L50, F|\n|poke|p1|Sinistcha, L50|\n|poke|p2|Gallade, L50, M|\n|poke|p2|Maushold, L50|\n|poke|p2|Kingambit, L50, M|\n|poke|p2|Gyarados, L50, M|\n|poke|p2|Arcanine-Hisui, L50, M|\n|poke|p2|Sinistcha, L50|\n|teampreview|4\n|inactive|Battle timer is ON: inactive players will automatically lose when time's up. (requested by EDJPP)\ncaiox13 has agreed to open team sheets.\n|inactive|EDJPP has 60 seconds left.\n|\n|t:|1776343048\n|teamsize|p1|4\n|teamsize|p2|4\n|start\n|switch|p1a: Pelipper|Pelipper, L50, F|100/100\n|switch|p1b: Orthworm|Orthworm, L50, F|100/100\n|switch|p2a: Maushold|Maushold, L50|100/100\n|switch|p2b: Gallade|Gallade, L50, M, shiny|100/100\n|-weather|RainDance|[from] ability: Drizzle|[of] p1a: Pelipper\n|turn|1\n|inactive|EDJPP has 30 seconds left.\n|inactive|EDJPP has 20 seconds left.\n|inactive|EDJPP has 15 seconds left.\n|inactive|EDJPP has 10 seconds left.\n|\n|t:|1776343094\n|switch|p2b: Gyarados|Gyarados, L50, M|100/100\n|-ability|p2b: Gyarados|Intimidate|boost\n|-unboost|p1a: Pelipper|atk|1\n|-unboost|p1b: Orthworm|atk|1\n|move|p2a: Maushold|Taunt|p1b: Orthworm\n|-start|p1b: Orthworm|move: Taunt\n|cant|p1b: Orthworm|move: Taunt|Shed Tail\n|move|p1a: Pelipper|Tailwind|p1a: Pelipper\n|-sidestart|p1: caiox13|move: Tailwind\n|\n|-weather|RainDance|[upkeep]\n|upkeep\n|turn|2\n|\n|t:|1776343118\n|move|p2a: Maushold|Protect|p2a: Maushold\n|-singleturn|p2a: Maushold|Protect\n|move|p1a: Pelipper|Hurricane|p2b: Gyarados\n|-damage|p2b: Gyarados|63/100\n|-start|p2b: Gyarados|confusion\n|move|p1b: Orthworm|Body Press|p2a: Maushold\n|-activate|p2a: Maushold|move: Protect\n|-activate|p2b: Gyarados|confusion\n|move|p2b: Gyarados|Icy Wind|p1b: Orthworm|[spread] p1a,p1b\n|-resisted|p1b: Orthworm|1\n|-damage|p1a: Pelipper|92/100\n|-damage|p1b: Orthworm|96/100\n|-unboost|p1a: Pelipper|spe|1\n|-unboost|p1b: Orthworm|spe|1\n|\n|-weather|RainDance|[upkeep]\n|-heal|p1b: Orthworm|100/100|[from] item: Leftovers\n|upkeep\n|turn|3\n|inactive|EDJPP has 30 seconds left.\n|\n|t:|1776343149\n|move|p2a: Maushold|Follow Me|p2a: Maushold\n|-singleturn|p2a: Maushold|move: Follow Me\n|-end|p2b: Gyarados|confusion\n|move|p2b: Gyarados|Thunder Wave|p1a: Pelipper|[miss]\n|-miss|p2b: Gyarados|p1a: Pelipper\n|move|p1a: Pelipper|Hurricane|p2a: Maushold\n|-damage|p2a: Maushold|31/100\n|move|p1b: Orthworm|Body Press|p2a: Maushold\n|-supereffective|p2a: Maushold|1\n|-damage|p2a: Maushold|0 fnt\n|faint|p2a: Maushold\n|\n|-weather|RainDance|[upkeep]\n|-end|p1b: Orthworm|move: Taunt\n|upkeep\n|\n|t:|1776343155\n|switch|p2a: Matcha|Sinistcha, L50|100/100\n|-heal|p2b: Gyarados|88/100|[from] ability: Hospitality|[of] p2a: Matcha\n|turn|4\n|\n|t:|1776343173\n|move|p2b: Gyarados|Waterfall|p1b: Orthworm\n|-damage|p1b: Orthworm|58/100\n|move|p1a: Pelipper|Hurricane|p2a: Matcha\n|-supereffective|p2a: Matcha|1\n|-damage|p2a: Matcha|6/100\n|-enditem|p2a: Matcha|Sitrus Berry|[eat]\n|-heal|p2a: Matcha|31/100|[from] item: Sitrus Berry\n|move|p1b: Orthworm|Shed Tail|p1b: Orthworm\n|-start|p1b: Orthworm|Substitute|[from] move: Shed Tail\n|-damage|p1b: Orthworm|8/100\n|\n|t:|1776343184\n|switch|p1b: THE WALL|Aggron, L50, F|100/100|[from] Shed Tail\n|move|p2a: Matcha|Matcha Gotcha|p1b: THE WALL|[spread] p1a\n|-miss|p2a: Matcha|p1b: THE WALL\n|-damage|p1a: Pelipper|52/100\n|-heal|p2a: Matcha|46/100|[from] drain|[of] p1a: Pelipper\n|\n|-weather|RainDance|[upkeep]\n|-sideend|p1: caiox13|move: Tailwind\n|upkeep\n|turn|5\n|inactive|EDJPP has 30 seconds left.\n|\n|t:|1776343210\n|detailschange|p1b: THE WALL|Aggron-Mega, L50, F\n|-mega|p1b: THE WALL|Aggron|Aggronite\n|move|p2b: Gyarados|Waterfall|p1b: THE WALL\n|-end|p1b: THE WALL|Substitute\n|move|p2a: Matcha|Matcha Gotcha|p1b: THE WALL|[spread] p1a\n|-miss|p2a: Matcha|p1b: THE WALL\n|-damage|p1a: Pelipper|17/100\n|-heal|p2a: Matcha|59/100|[from] drain|[of] p1a: Pelipper\n|move|p1b: THE WALL|Iron Defense|p1b: THE WALL\n|-boost|p1b: THE WALL|def|2\n|move|p1a: Pelipper|Hurricane|p2a: Matcha\n|-supereffective|p2a: Matcha|1\n|-crit|p2a: Matcha\n|-damage|p2a: Matcha|0 fnt\n|faint|p2a: Matcha\n|\n|-weather|none\n|upkeep\n|\n|t:|1776343216\n|switch|p2a: Gallade|Gallade, L50, M, shiny|100/100\n|turn|6\n|inactive|caiox13 has 30 seconds left.\n|\n|t:|1776343243\n|switch|p1a: Orthworm|Orthworm, L50, F|8/100\n|detailschange|p2a: Gallade|Gallade-Mega, L50, M, shiny\n|-mega|p2a: Gallade|Gallade|Galladite\n|move|p2b: Gyarados|Waterfall|p1a: Orthworm\n|-damage|p1a: Orthworm|0 fnt\n|faint|p1a: Orthworm\n|move|p2a: Gallade|Drain Punch|p1b: THE WALL\n|-supereffective|p1b: THE WALL|1\n|-damage|p1b: THE WALL|81/100\n|move|p1b: THE WALL|Iron Defense|p1b: THE WALL\n|-boost|p1b: THE WALL|def|2\n|\n|upkeep\n|\n|t:|1776343260\n|switch|p1a: Sinistcha|Sinistcha, L50|100/100\n|-heal|p1b: THE WALL|100/100|[from] ability: Hospitality|[of] p1a: Sinistcha\n|turn|7\n|inactive|EDJPP has 30 seconds left.\n|inactive|EDJPP has 20 seconds left.\n|inactive|EDJPP has 15 seconds left.\n|inactive|EDJPP has 10 seconds left.\n|inactive|EDJPP has 5 seconds left.\n|\n|t:|1776343315\n|move|p2b: Gyarados|Waterfall|p1b: THE WALL\n|-damage|p1b: THE WALL|92/100\n|move|p2a: Gallade|Drain Punch|p1a: Sinistcha\n|-immune|p1a: Sinistcha\n|move|p1b: THE WALL|Iron Defense|p1b: THE WALL\n|-boost|p1b: THE WALL|def|2\n|move|p1a: Sinistcha|Trick Room|p1a: Sinistcha\n|-fieldstart|move: Trick Room|[of] p1a: Sinistcha\n|\n|upkeep\n|turn|8\n|\n|t:|1776343330\n|move|p2a: Gallade|Protect|p2a: Gallade\n|-singleturn|p2a: Gallade|Protect\n|move|p1b: THE WALL|Body Press|p2a: Gallade\n|-activate|p2a: Gallade|move: Protect\n|move|p1a: Sinistcha|Matcha Gotcha|p2a: Gallade|[spread] p2b\n|-activate|p2a: Gallade|move: Protect\n|-damage|p2b: Gyarados|55/100\n|move|p2b: Gyarados|Thunder Wave|p1b: THE WALL\n|-status|p1b: THE WALL|par\n|\n|upkeep\n|turn|9\n|-message|caiox13 forfeited.\n|\n|win|EDJPP\n|raw|caiox13's rating: 1094 &rarr; <strong>1064</strong><br />(-30 for losing)\n|raw|EDJPP's rating: 1000 &rarr; <strong>1051</strong><br />(+51 for winning)\n|l|\u2606caiox13\n|player|p1|\n",
  "uploadtime": 1776343343,
  "views": 16,
  "formatid": "gen9championsvgc2026regma",
  "rating": 1051,
  "private": 0,
  "password": null
}