{
  "id": "gen9championsvgc2026regma-2587076204",
  "format": "[Gen 9 Champions] VGC 2026 Reg M-A",
  "players": [
    "Willthekid65934",
    "dont use this nema"
  ],
  "log": "|j|\u2606Willthekid65934\n|j|\u203ddont use this nema\n|t:|1776490132\n|gametype|doubles\n|player|p1|Willthekid65934|steven|1064\n|player|p2|dont use this nema|1|1130\n|gen|9\n|tier|[Gen 9 Champions] VGC 2026 Reg M-A\n|rated|\n|rule|Species Clause: Limit one of each Pok\u00e9mon\n|rule|Item Clause: Limit 1 of each item\n|clearpoke\n|poke|p1|Pelipper, L50, M|\n|poke|p1|Dragonite, L50, F|\n|poke|p1|Sneasler, L50, M, shiny|\n|poke|p1|Basculegion, L50, M, shiny|\n|poke|p1|Archaludon, L50, M|\n|poke|p1|Rotom-Heat, L50|\n|poke|p2|Charizard, L50, F, shiny|\n|poke|p2|Whimsicott, L50, M, shiny|\n|poke|p2|Rotom-Wash, L50, shiny|\n|poke|p2|Incineroar, L50, F, shiny|\n|poke|p2|Garchomp, L50, F, shiny|\n|poke|p2|Sneasler, L50, M, shiny|\n|teampreview|4\n|inactive|Battle timer is ON: inactive players will automatically lose when time's up. (requested by Willthekid65934)\n|\n|t:|1776490157\n|teamsize|p1|4\n|teamsize|p2|4\n|start\n|switch|p1a: Sneasler|Sneasler, L50, M, shiny|100/100\n|switch|p1b: Rotom|Rotom-Heat, L50|100/100\n|switch|p2a: Incineroar|Incineroar, L50, F, shiny|100/100\n|switch|p2b: Whimsicott|Whimsicott, L50, M, shiny|100/100\n|-ability|p2a: Incineroar|Intimidate|boost\n|-unboost|p1a: Sneasler|atk|1\n|-unboost|p1b: Rotom|atk|1\n|-enditem|p1a: Sneasler|White Herb\n|-clearnegativeboost|p1a: Sneasler|[silent]\n|turn|1\n|\n|t:|1776490182\n|move|p1a: Sneasler|Fake Out|p2a: Incineroar\n|-damage|p2a: Incineroar|90/100\n|cant|p2a: Incineroar|flinch\n|move|p1b: Rotom|Overheat|p2b: Whimsicott\n|-supereffective|p2b: Whimsicott|1\n|-enditem|p2b: Whimsicott|Focus Sash\n|-damage|p2b: Whimsicott|1/100\n|-unboost|p1b: Rotom|spa|2\n|move|p2b: Whimsicott|Moonblast|p1a: Sneasler\n|-damage|p1a: Sneasler|52/100\n|\n|upkeep\n|turn|2\n|inactive|Willthekid65934 has 30 seconds left.\n|\n|t:|1776490211\n|switch|p2b: Rotom|Rotom-Wash, L50, shiny|100/100\n|move|p1a: Sneasler|Close Combat|p2a: Incineroar\n|-supereffective|p2a: Incineroar|1\n|-damage|p2a: Incineroar|0 fnt\n|-unboost|p1a: Sneasler|def|1\n|-unboost|p1a: Sneasler|spd|1\n|faint|p2a: Incineroar\n|move|p1b: Rotom|Overheat|p2b: Rotom\n|-resisted|p2b: Rotom|1\n|-damage|p2b: Rotom|79/100\n|-unboost|p1b: Rotom|spa|2\n|\n|-heal|p2b: Rotom|85/100|[from] item: Leftovers\n|upkeep\n|\n|t:|1776490226\n|switch|p2a: Charizard|Charizard, L50, F, shiny|100/100\n|turn|3\n|\n|t:|1776490248\n|switch|p1b: Dragonite|Dragonite, L50, F|100/100\n|move|p1a: Sneasler|Protect|p1a: Sneasler\n|-singleturn|p1a: Sneasler|Protect\n|move|p2a: Charizard|Protect|p2a: Charizard\n|-singleturn|p2a: Charizard|Protect\n|move|p2b: Rotom|Hydro Pump|p1b: Dragonite\n|-resisted|p1b: Dragonite|1\n|-damage|p1b: Dragonite|91/100\n|\n|-heal|p2b: Rotom|90/100|[from] item: Leftovers\n|upkeep\n|turn|4\n|\n|t:|1776490268\n|switch|p1a: Rotom|Rotom-Heat, L50|100/100\n|detailschange|p2a: Charizard|Charizard-Mega-Y, L50, F, shiny\n|-mega|p2a: Charizard|Charizard|Charizardite Y\n|-weather|SunnyDay|[from] ability: Drought|[of] p2a: Charizard\n|detailschange|p1b: Dragonite|Dragonite-Mega, L50, F\n|-mega|p1b: Dragonite|Dragonite|Dragoninite\n|move|p2a: Charizard|Heat Wave|p1a: Rotom|[spread] p1a,p1b\n|-resisted|p1a: Rotom|1\n|-resisted|p1b: Dragonite|1\n|-damage|p1a: Rotom|60/100\n|-damage|p1b: Dragonite|62/100\n|move|p1b: Dragonite|Tailwind|p1b: Dragonite\n|-sidestart|p1: Willthekid65934|move: Tailwind\n|move|p2b: Rotom|Thunderbolt|p1b: Dragonite\n|-damage|p1b: Dragonite|36/100\n|\n|-weather|SunnyDay|[upkeep]\n|-heal|p2b: Rotom|96/100|[from] item: Leftovers\n|upkeep\n|turn|5\n|\n|t:|1776490292\n|move|p2a: Charizard|Protect|p2a: Charizard\n|-singleturn|p2a: Charizard|Protect\n|move|p1a: Rotom|Volt Switch|p2a: Charizard\n|-activate|p2a: Charizard|move: Protect\n|move|p1b: Dragonite|Thunder|p2b: Rotom\n|-damage|p2b: Rotom|44/100\n|move|p2b: Rotom|Volt Switch|p1a: Rotom\n|-resisted|p1a: Rotom|1\n|-damage|p1a: Rotom|46/100\n|\n|t:|1776490303\n|switch|p2b: Whimsicott|Whimsicott, L50, M, shiny|1/100|[from] Volt Switch\n|\n|-weather|SunnyDay|[upkeep]\n|upkeep\n|turn|6\n|\n|t:|1776490316\n|move|p2b: Whimsicott|Tailwind|p2b: Whimsicott\n|-sidestart|p2: dont use this nema|move: Tailwind\n|move|p1a: Rotom|Volt Switch|p2b: Whimsicott\n|-resisted|p2b: Whimsicott|1\n|-damage|p2b: Whimsicott|0 fnt\n|faint|p2b: Whimsicott\n|\n|t:|1776490320\n|switch|p1a: Pelipper|Pelipper, L50, M|100/100|[from] Volt Switch\n|-weather|RainDance|[from] ability: Drizzle|[of] p1a: Pelipper\n|move|p2a: Charizard|Heat Wave|p1a: Pelipper|[spread] p1a,p1b\n|-resisted|p1a: Pelipper|1\n|-resisted|p1b: Dragonite|1\n|-damage|p1a: Pelipper|81/100\n|-damage|p1b: Dragonite|28/100\n|-status|p1a: Pelipper|brn\n|move|p1b: Dragonite|Thunder|p2a: Charizard\n|-supereffective|p2a: Charizard|1\n|-damage|p2a: Charizard|1/100\n|-status|p2a: Charizard|par\n|\n|-weather|RainDance|[upkeep]\n|-damage|p1a: Pelipper|75/100 brn|[from] brn\n|upkeep\n|\n|t:|1776490338\n|switch|p2b: Rotom|Rotom-Wash, L50, shiny|44/100\n|turn|7\n|\n|t:|1776490357\n|move|p2a: Charizard|Protect|p2a: Charizard\n|-singleturn|p2a: Charizard|Protect\n|move|p1b: Dragonite|Hurricane|p2b: Rotom\n|-resisted|p2b: Rotom|1\n|-damage|p2b: Rotom|1/100\n|move|p2b: Rotom|Thunderbolt|p1a: Pelipper\n|-supereffective|p1a: Pelipper|2\n|-damage|p1a: Pelipper|0 fnt\n|faint|p1a: Pelipper\n|\n|-weather|RainDance|[upkeep]\n|-heal|p2b: Rotom|7/100|[from] item: Leftovers\n|-sideend|p1: Willthekid65934|move: Tailwind\n|upkeep\n|\n|t:|1776490363\n|switch|p1a: Sneasler|Sneasler, L50, M, shiny|52/100\n|turn|8\n|c|\u2606Willthekid65934|Gg\n|\n|t:|1776490384\n|cant|p2a: Charizard|par\n|move|p1a: Sneasler|Fake Out|p2b: Rotom\n|-damage|p2b: Rotom|0 fnt\n|faint|p2b: Rotom\n|move|p1b: Dragonite|Dragon Pulse|p2a: Charizard\n|-damage|p2a: Charizard|0 fnt\n|faint|p2a: Charizard\n|\n|win|Willthekid65934\n|raw|Willthekid65934's rating: 1046 &rarr; <strong>1087</strong><br />(+41 for winning)\n|raw|dont use this nema's rating: 1130 &rarr; <strong>1099</strong><br />(-31 for losing)\n|l|\u203ddont use this nema\n|player|p2|\n",
  "uploadtime": 1776490397,
  "views": 12,
  "formatid": "gen9championsvgc2026regma",
  "rating": 1087,
  "private": 0,
  "password": null
}