{
  "id": "gen9championsvgc2026regma-2583394540",
  "format": "[Gen 9 Champions] VGC 2026 Reg M-A",
  "players": [
    "mrwhquestion",
    "thu7hangtuan"
  ],
  "log": "|j|\u2606mrwhquestion\n|j|\u2606thu7hangtuan\n|t:|1776172665\n|gametype|doubles\n|player|p1|mrwhquestion|hilbert|1042\n|player|p2|thu7hangtuan|266|1021\n|gen|9\n|tier|[Gen 9 Champions] VGC 2026 Reg M-A\n|rated|\n|rule|Species Clause: Limit one of each Pok\u00e9mon\n|rule|Item Clause: Limit 1 of each item\n|clearpoke\n|poke|p1|Delphox, L50, F|\n|poke|p1|Kingambit, L50, F|\n|poke|p1|Clefable, L50, M|\n|poke|p1|Sneasler, L50, M|\n|poke|p1|Basculegion, L50, M|\n|poke|p1|Dragonite, L50, F|\n|poke|p2|Starmie, L50|\n|poke|p2|Rotom-Heat, L50|\n|poke|p2|Tyranitar, L50, F|\n|poke|p2|Aerodactyl, L50, F|\n|poke|p2|Aegislash, L50, M|\n|poke|p2|Garchomp, L50, F|\n|teampreview|4\n|\n|t:|1776172712\n|teamsize|p1|4\n|teamsize|p2|4\n|start\n|switch|p1a: Basculegion|Basculegion, L50, M|100/100\n|switch|p1b: Delphox|Delphox, L50, F|100/100\n|switch|p2a: Rotom|Rotom-Heat, L50|100/100\n|switch|p2b: Aegislash|Aegislash, L50, M|100/100\n|turn|1\n|\n|t:|1776172752\n|detailschange|p1b: Delphox|Delphox-Mega, L50, F\n|-mega|p1b: Delphox|Delphox|Delphoxite\n|move|p2a: Rotom|Helping Hand|p2b: Aegislash\n|-singleturn|p2b: Aegislash|Helping Hand|[of] p2a: Rotom\n|move|p1b: Delphox|Heat Wave|p2b: Aegislash|[spread] p2b\n|-miss|p1b: Delphox|p2a: Rotom\n|-supereffective|p2b: Aegislash|1\n|-damage|p2b: Aegislash|42/100\n|move|p1a: Basculegion|Wave Crash|p2a: Rotom\n|-supereffective|p2a: Rotom|1\n|-damage|p2a: Rotom|0 fnt\n|faint|p2a: Rotom\n|-damage|p1a: Basculegion|80/100|[from] Recoil\n|-formechange|p2b: Aegislash|Aegislash-Blade|\n|move|p2b: Aegislash|Shadow Ball|p1b: Delphox\n|-supereffective|p1b: Delphox|1\n|-damage|p1b: Delphox|0 fnt\n|faint|p1b: Delphox\n|\n|-heal|p2b: Aegislash|48/100|[from] item: Leftovers\n|upkeep\n|\n|t:|1776172775\n|switch|p1b: Clefable|Clefable, L50, M|100/100\n|switch|p2a: Starmie|Starmie, L50|100/100\n|turn|2\n|\n|t:|1776172794\n|switch|p2b: Tyranitar|Tyranitar, L50, F|100/100\n|-weather|Sandstorm|[from] ability: Sand Stream|[of] p2b: Tyranitar\n|detailschange|p2a: Starmie|Starmie-Mega, L50\n|-mega|p2a: Starmie|Starmie|Starminite\n|move|p1b: Clefable|Follow Me|p1b: Clefable\n|-singleturn|p1b: Clefable|move: Follow Me\n|move|p1a: Basculegion|Wave Crash|p2b: Tyranitar\n|-supereffective|p2b: Tyranitar|1\n|-damage|p2b: Tyranitar|0 fnt\n|faint|p2b: Tyranitar\n|-damage|p1a: Basculegion|50/100|[from] Recoil\n|move|p2a: Starmie|Skill Swap|p1b: Clefable\n|-activate|p2a: Starmie|Skill Swap|Unaware|Huge Power|[of] p1b: Clefable\n|\n|-weather|Sandstorm|[upkeep]\n|-damage|p1a: Basculegion|44/100|[from] Sandstorm\n|-damage|p2a: Starmie|95/100|[from] Sandstorm\n|-damage|p1b: Clefable|95/100|[from] Sandstorm\n|upkeep\n|\n|t:|1776172805\n|switch|p2b: Aegislash|Aegislash, L50, M|48/100\n|turn|3\n|\n|t:|1776172835\n|switch|p1a: Sneasler|Sneasler, L50, M|100/100\n|move|p2b: Aegislash|King's Shield|p2b: Aegislash\n|-singleturn|p2b: Aegislash|Protect\n|move|p1b: Clefable|Protect|p1b: Clefable\n|-singleturn|p1b: Clefable|Protect\n|move|p2a: Starmie|Zen Headbutt|p1a: Sneasler\n|-supereffective|p1a: Sneasler|2\n|-enditem|p1a: Sneasler|Focus Sash\n|-damage|p1a: Sneasler|1/100\n|\n|-weather|Sandstorm|[upkeep]\n|-damage|p1a: Sneasler|0 fnt|[from] Sandstorm\n|-damage|p2a: Starmie|89/100|[from] Sandstorm\n|-damage|p1b: Clefable|89/100|[from] Sandstorm\n|faint|p1a: Sneasler\n|-heal|p2b: Aegislash|54/100|[from] item: Leftovers\n|upkeep\n|\n|t:|1776172851\n|switch|p1a: Basculegion|Basculegion, L50, M|44/100\n|turn|4\n|\n|t:|1776172878\n|move|p1b: Clefable|Follow Me|p1b: Clefable\n|-singleturn|p1b: Clefable|move: Follow Me\n|move|p1a: Basculegion|Last Respects|p2b: Aegislash\n|-supereffective|p2b: Aegislash|1\n|-damage|p2b: Aegislash|0 fnt\n|faint|p2b: Aegislash\n|move|p2a: Starmie|Skill Swap|p1b: Clefable\n|-activate|p2a: Starmie|Skill Swap|Huge Power|Unaware|[of] p1b: Clefable\n|\n|-weather|Sandstorm|[upkeep]\n|-damage|p1a: Basculegion|38/100|[from] Sandstorm\n|-damage|p2a: Starmie|83/100|[from] Sandstorm\n|-damage|p1b: Clefable|83/100|[from] Sandstorm\n|upkeep\n|turn|5\n|\n|t:|1776172896\n|move|p2a: Starmie|Protect|p2a: Starmie\n|-singleturn|p2a: Starmie|Protect\n|move|p1b: Clefable|Follow Me|p1b: Clefable\n|-singleturn|p1b: Clefable|move: Follow Me\n|move|p1a: Basculegion|Last Respects|p2a: Starmie\n|-activate|p2a: Starmie|move: Protect\n|\n|-weather|Sandstorm|[upkeep]\n|-damage|p1a: Basculegion|32/100|[from] Sandstorm\n|-damage|p2a: Starmie|77/100|[from] Sandstorm\n|-damage|p1b: Clefable|77/100|[from] Sandstorm\n|upkeep\n|turn|6\n|\n|t:|1776172912\n|move|p1b: Clefable|Helping Hand|p1a: Basculegion\n|-singleturn|p1a: Basculegion|Helping Hand|[of] p1b: Clefable\n|move|p1a: Basculegion|Last Respects|p2a: Starmie\n|-supereffective|p2a: Starmie|1\n|-damage|p2a: Starmie|0 fnt\n|faint|p2a: Starmie\n|\n|win|mrwhquestion\n|raw|mrwhquestion's rating: 1042 &rarr; <strong>1074</strong><br />(+32 for winning)\n|raw|thu7hangtuan's rating: 1021 &rarr; <strong>1009</strong><br />(-12 for losing)\n|l|\u2606thu7hangtuan\n|player|p2|\n",
  "uploadtime": 1776172924,
  "views": 21,
  "formatid": "gen9championsvgc2026regma",
  "rating": 1009,
  "private": 0,
  "password": null
}