{
  "id": "gen9championsvgc2026regma-2587586538",
  "format": "[Gen 9 Champions] VGC 2026 Reg M-A",
  "players": [
    "Foolafetti",
    "nemesisakaciccio"
  ],
  "log": "|j|\u2606Foolafetti\n|j|\u2606nemesisakaciccio\n|t:|1776544617\n|gametype|doubles\n|player|p1|Foolafetti|170|1128\n|player|p2|nemesisakaciccio|iris-gen5bw2|1101\n|gen|9\n|tier|[Gen 9 Champions] VGC 2026 Reg M-A\n|rated|\n|rule|Species Clause: Limit one of each Pok\u00e9mon\n|rule|Item Clause: Limit 1 of each item\n|clearpoke\n|poke|p1|Pinsir, L50, M|\n|poke|p1|Excadrill, L50, F|\n|poke|p1|Talonflame, L50, M|\n|poke|p1|Glaceon, L50, M|\n|poke|p1|Ninetales-Alola, L50, F|\n|poke|p1|Blastoise, L50, M|\n|poke|p2|Ampharos, L50, M|\n|poke|p2|Sylveon, L50, M|\n|poke|p2|Farigiraf, L50, M|\n|poke|p2|Incineroar, L50, F|\n|poke|p2|Sinistcha, L50|\n|poke|p2|Basculegion, L50, M|\n|teampreview|4\n|inactive|Battle timer is ON: inactive players will automatically lose when time's up. (requested by Foolafetti)\n|\n|t:|1776544639\n|teamsize|p1|4\n|teamsize|p2|4\n|start\n|switch|p1a: Excadrill|Excadrill, L50, F|100/100\n|switch|p1b: Pinsir|Pinsir, L50, M|100/100\n|switch|p2a: Sylveon|Sylveon, L50, M|100/100\n|switch|p2b: Incineroar|Incineroar, L50, F|100/100\n|-ability|p1a: Excadrill|Mold Breaker\n|-ability|p2b: Incineroar|Intimidate|boost\n|-unboost|p1a: Excadrill|atk|1\n|-fail|p1b: Pinsir|unboost|Attack|[from] ability: Hyper Cutter|[of] p1b: Pinsir\n|turn|1\n|\n|t:|1776544661\n|detailschange|p1b: Pinsir|Pinsir-Mega, L50, M\n|-mega|p1b: Pinsir|Pinsir|Pinsirite\n|move|p2a: Sylveon|Protect|p2a: Sylveon\n|-singleturn|p2a: Sylveon|Protect\n|move|p1a: Excadrill|Iron Head|p2a: Sylveon\n|-activate|p2a: Sylveon|move: Protect\n|move|p1b: Pinsir|Swords Dance|p1b: Pinsir\n|-boost|p1b: Pinsir|atk|2\n|move|p2b: Incineroar|Will-O-Wisp|p1b: Pinsir\n|-status|p1b: Pinsir|brn\n|\n|-damage|p1b: Pinsir|95/100 brn|[from] brn\n|upkeep\n|turn|2\n|\n|t:|1776544679\n|move|p1a: Excadrill|Iron Head|p2a: Sylveon\n|-supereffective|p2a: Sylveon|1\n|-damage|p2a: Sylveon|34/100\n|move|p1b: Pinsir|X-Scissor|p2b: Incineroar\n|-damage|p2b: Incineroar|59/100\n|move|p2a: Sylveon|Moonblast|p1b: Pinsir\n|-damage|p1b: Pinsir|32/100 brn\n|move|p2b: Incineroar|Will-O-Wisp|p1a: Excadrill\n|-status|p1a: Excadrill|brn\n|\n|-heal|p2a: Sylveon|40/100|[from] item: Leftovers\n|-damage|p1a: Excadrill|95/100 brn|[from] brn\n|-damage|p1b: Pinsir|26/100 brn|[from] brn\n|upkeep\n|turn|3\n|\n|t:|1776544697\n|move|p2a: Sylveon|Protect|p2a: Sylveon\n|-singleturn|p2a: Sylveon|Protect\n|move|p1b: Pinsir|Quick Attack|p2a: Sylveon\n|-activate|p2a: Sylveon|move: Protect\n|move|p1a: Excadrill|Iron Head|p2a: Sylveon\n|-activate|p2a: Sylveon|move: Protect\n|move|p2b: Incineroar|Parting Shot|p1b: Pinsir\n|-unboost|p1b: Pinsir|atk|1\n|-unboost|p1b: Pinsir|spa|1\n|\n|t:|1776544714\n|switch|p2b: Basculegion|Basculegion, L50, M|100/100|[from] Parting Shot\n|\n|-heal|p2a: Sylveon|46/100|[from] item: Leftovers\n|-damage|p1a: Excadrill|89/100 brn|[from] brn\n|-damage|p1b: Pinsir|20/100 brn|[from] brn\n|upkeep\n|turn|4\n|\n|t:|1776544722\n|switch|p1a: Ninetales|Ninetales-Alola, L50, F|100/100\n|-weather|Snowscape|[from] ability: Snow Warning|[of] p1a: Ninetales\n|switch|p2a: Incineroar|Incineroar, L50, F|59/100\n|-ability|p2a: Incineroar|Intimidate|boost\n|-unboost|p1a: Ninetales|atk|1\n|-unboost|p1b: Pinsir|atk|1\n|move|p1b: Pinsir|Quick Attack|p2a: Incineroar\n|-damage|p2a: Incineroar|47/100\n|-enditem|p2a: Incineroar|Sitrus Berry|[eat]\n|-heal|p2a: Incineroar|72/100|[from] item: Sitrus Berry\n|move|p2b: Basculegion|Flip Turn|p1a: Ninetales\n|-damage|p1a: Ninetales|60/100\n|l|\u2606Foolafetti\n|inactive|Foolafetti disconnected and has a minute to reconnect!\n|player|p1|\n|\n|t:|1776544739\n|switch|p2b: Farigiraf|Farigiraf, L50, M|100/100|[from] Flip Turn\n|\n|-weather|Snowscape|[upkeep]\n|-damage|p1b: Pinsir|15/100 brn|[from] brn\n|upkeep\n|turn|5\n|inactive|Foolafetti has 30 seconds left.\n|inactive|Foolafetti has 20 seconds left.\n|inactive|Foolafetti has 15 seconds left.\n|inactive|Foolafetti has 10 seconds left.\n|inactive|Foolafetti has 5 seconds left.\n|-message|Foolafetti lost due to inactivity.\n|\n|win|nemesisakaciccio\n|raw|Foolafetti's rating: 1128 &rarr; <strong>1101</strong><br />(-27 for losing)\n|raw|nemesisakaciccio's rating: 1101 &rarr; <strong>1128</strong><br />(+27 for winning)\n",
  "uploadtime": 1776544796,
  "views": 17,
  "formatid": "gen9championsvgc2026regma",
  "rating": 1101,
  "private": 0,
  "password": null
}