{
  "id": "gen9championsvgc2026regma-2586335358",
  "format": "[Gen 9 Champions] VGC 2026 Reg M-A",
  "players": [
    "KlibbeKonnoisseur",
    "whizz whoosh"
  ],
  "log": "|j|\u2606KlibbeKonnoisseur\n|j|\u2606whizz whoosh\n|html|<table width=\"100%\"><tr><td align=\"left\">KlibbeKonnoisseur</td><td align=\"right\">whizz whoosh</tr><tr><td align=\"left\"><i class=\"fa fa-circle\"></i> <i class=\"fa fa-circle-o\"></i> </td><td align=\"right\"><i class=\"fa fa-circle-o\"></i> <i class=\"fa fa-circle-o\"></i> </tr></table>\n|uhtml|bestof|<h2><strong>Game 2</strong> of <a href=\"/game-bestof3-gen9championsvgc2026regma-2586331984\">a best-of-3</a></h2>\n|t:|1776426408\n|gametype|doubles\n|player|p1|KlibbeKonnoisseur|gentleman|\n|player|p2|whizz whoosh|lucas|\n|gen|9\n|tier|[Gen 9 Champions] VGC 2026 Reg M-A\n|rated|Tournament battle\n|rule|Species Clause: Limit one of each Pok\u00e9mon\n|rule|Item Clause: Limit 1 of each item\n|raw|<div class=\"infobox\"><details class=\"readmore\" open><summary><strong>2 custom rules:</strong></summary> Force Open Team Sheets, Best of = 3</details></div>\n|clearpoke\n|poke|p1|Incineroar, L50, M|\n|poke|p1|Garchomp, L50, F|\n|poke|p1|Aerodactyl, L50, M|\n|poke|p1|Aegislash, L50, M|\n|poke|p1|Floette-Eternal, L50, F|\n|poke|p1|Sinistcha, L50|\n|poke|p2|Whimsicott, L50, M|\n|poke|p2|Kommo-o, L50, F|\n|poke|p2|Aegislash, L50, M|\n|poke|p2|Maushold-Four, L50|\n|poke|p2|Gengar, L50, F|\n|poke|p2|Rotom-Wash, L50|\n|teampreview|4\n|showteam|p1|Incineroar||Leftovers|Intimidate|FakeOut,FlareBlitz,DarkestLariat,PartingShot|||M|||50|]Garchomp||ChoiceScarf|RoughSkin|DragonClaw,StompingTantrum,RockSlide,IronHead|||F|||50|]Aerodactyl||FocusSash|Unnerve|RockSlide,DualWingbeat,Tailwind,Protect|||M|||50|]Aegislash||ColburBerry|StanceChange|IronHead,ShadowSneak,SacredSword,KingsShield|||M|||50|]Floette-Eternal||Floettite|FlowerVeil|DazzlingGleam,DrainingKiss,CalmMind,Protect|||F|||50|]Sinistcha||SitrusBerry|Hospitality|MatchaGotcha,LifeDew,RagePowder,TrickRoom||||||50|\n|showteam|p2|Whimsicott||FairyFeather|Prankster|Moonblast,Tailwind,Encore,Protect|||M|||50|]Kommo-o||Leftovers|Soundproof|ClangingScales,AuraSphere,ClangorousSoul,Protect|||F|||50|]Aegislash||SpellTag|StanceChange|Poltergeist,IronHead,ShadowSneak,KingsShield|||M|||50|]Maushold-Four||FocusSash|FriendGuard|SuperFang,Taunt,FollowMe,Protect||||||50|]Gengar||Gengarite|CursedBody|SludgeBomb,ShadowBall,Protect,Substitute|||F|||50|]Rotom-Wash||ChoiceScarf|Levitate|Thunderbolt,VoltSwitch,Electroweb,HydroPump||||||50|\n|inactive|Battle timer is ON: inactive players will automatically lose when time's up. (requested by KlibbeKonnoisseur)\n|j| foodieexe123\n|inactive|whizz whoosh has 60 seconds left.\n|\n|t:|1776426439\n|teamsize|p1|4\n|teamsize|p2|4\n|start\n|switch|p1a: Aegislash|Aegislash, L50, M|100/100\n|switch|p1b: Incineroar|Incineroar, L50, M|100/100\n|switch|p2a: Gengar|Gengar, L50, F|100/100\n|switch|p2b: Whimsicott|Whimsicott, L50, M|100/100\n|-ability|p1b: Incineroar|Intimidate|boost\n|-unboost|p2a: Gengar|atk|1\n|-unboost|p2b: Whimsicott|atk|1\n|turn|1\n|c| foodieexe123|It should've been ME\n|\n|t:|1776426464\n|switch|p2a: Kommo-o|Kommo-o, L50, F|100/100\n|move|p2b: Whimsicott|Protect|p2b: Whimsicott\n|-singleturn|p2b: Whimsicott|Protect\n|move|p1b: Incineroar|Fake Out|p2b: Whimsicott\n|-activate|p2b: Whimsicott|move: Protect\n|-formechange|p1a: Aegislash|Aegislash-Blade|\n|move|p1a: Aegislash|Shadow Sneak|p2a: Kommo-o\n|-damage|p2a: Kommo-o|79/100\n|\n|-heal|p2a: Kommo-o|85/100|[from] item: Leftovers\n|upkeep\n|turn|2\n|inactive|whizz whoosh has 30 seconds left.\n|\n|t:|1776426490\n|switch|p1b: Floette|Floette-Eternal, L50, F|100/100\n|move|p2b: Whimsicott|Moonblast|p1b: Floette\n|-damage|p1b: Floette|64/100\n|move|p2a: Kommo-o|Aura Sphere|p1b: Floette\n|-resisted|p1b: Floette|1\n|-damage|p1b: Floette|50/100\n|move|p1a: Aegislash|Iron Head|p2b: Whimsicott\n|-supereffective|p2b: Whimsicott|1\n|-damage|p2b: Whimsicott|0 fnt\n|faint|p2b: Whimsicott\n|\n|-heal|p2a: Kommo-o|91/100|[from] item: Leftovers\n|upkeep\n|j| yuirs gsb\n|j| 17 character name\n|j| kicks_menacingly\n|inactive|whizz whoosh has 30 seconds left.\n|\n|t:|1776426520\n|switch|p2b: Gengar|Gengar, L50, F|100/100\n|turn|3\n|\n|t:|1776426541\n|switch|p2a: Aegislash|Aegislash, L50, M|100/100\n|switch|p1a: Sinistcha|Sinistcha, L50|100/100\n|-heal|p1b: Floette|75/100|[from] ability: Hospitality|[of] p1a: Sinistcha\n|detailschange|p2b: Gengar|Gengar-Mega, L50, F\n|-mega|p2b: Gengar|Gengar|Gengarite\n|detailschange|p1b: Floette|Floette-Mega, L50, F\n|-mega|p1b: Floette|Floette|Floettite\n|-ability|p1b: Floette|Fairy Aura\n|move|p2b: Gengar|Protect|p2b: Gengar\n|-singleturn|p2b: Gengar|Protect\n|move|p1b: Floette|Draining Kiss|p2a: Aegislash\n|-resisted|p2a: Aegislash|1\n|-damage|p2a: Aegislash|84/100\n|-heal|p1b: Floette|86/100|[from] drain|[of] p2a: Aegislash\n|\n|upkeep\n|turn|4\n|l| foodieexe123\n|inactive|KlibbeKonnoisseur has 30 seconds left.\n|inactive|whizz whoosh has 30 seconds left.\n|inactive|KlibbeKonnoisseur has 20 seconds left.\n|inactive|whizz whoosh has 20 seconds left.\n|inactive|KlibbeKonnoisseur has 15 seconds left.\n|inactive|whizz whoosh has 15 seconds left.\n|\n|t:|1776426586\n|move|p2b: Gengar|Substitute|p2b: Gengar\n|-start|p2b: Gengar|Substitute\n|-damage|p2b: Gengar|76/100\n|move|p1b: Floette|Dazzling Gleam|p2a: Aegislash|[spread] p2a,p2b\n|-resisted|p2b: Gengar|1\n|-end|p2b: Gengar|Substitute\n|-resisted|p2a: Aegislash|1\n|-damage|p2a: Aegislash|65/100\n|-formechange|p2a: Aegislash|Aegislash-Blade|\n|move|p2a: Aegislash|Poltergeist|p1a: Sinistcha|[miss]\n|-miss|p2a: Aegislash|p1a: Sinistcha\n|move|p1a: Sinistcha|Trick Room|p1a: Sinistcha\n|-fieldstart|move: Trick Room|[of] p1a: Sinistcha\n|\n|upkeep\n|turn|5\n|l| yuirs gsb\n|\n|t:|1776426611\n|move|p1a: Sinistcha|Rage Powder|p1a: Sinistcha\n|-singleturn|p1a: Sinistcha|move: Rage Powder\n|move|p2a: Aegislash|Poltergeist|p1a: Sinistcha\n|-activate|p1a: Sinistcha|move: Poltergeist|Sitrus Berry\n|-supereffective|p1a: Sinistcha|1\n|-damage|p1a: Sinistcha|0 fnt\n|faint|p1a: Sinistcha\n|move|p1b: Floette|Dazzling Gleam|p2b: Gengar|[spread] p2a,p2b\n|-resisted|p2a: Aegislash|1\n|-resisted|p2b: Gengar|1\n|-damage|p2a: Aegislash|21/100\n|-damage|p2b: Gengar|47/100\n|move|p2b: Gengar|Sludge Bomb|p1b: Floette\n|-supereffective|p1b: Floette|1\n|-damage|p1b: Floette|19/100\n|-status|p1b: Floette|psn\n|\n|-damage|p1b: Floette|7/100 psn|[from] psn\n|upkeep\n|j| yuirs gsb\n|\n|t:|1776426630\n|switch|p1a: Aegislash|Aegislash, L50, M|100/100\n|turn|6\n|\n|t:|1776426644\n|-formechange|p2a: Aegislash|Aegislash|\n|move|p2a: Aegislash|King's Shield|p2a: Aegislash\n|-singleturn|p2a: Aegislash|Protect\n|move|p2b: Gengar|Protect|p2b: Gengar\n|-singleturn|p2b: Gengar|Protect\n|-formechange|p1a: Aegislash|Aegislash-Blade|\n|move|p1a: Aegislash|Shadow Sneak|p2b: Gengar\n|-activate|p2b: Gengar|move: Protect\n|move|p1b: Floette|Draining Kiss|p2a: Aegislash\n|-activate|p2a: Aegislash|move: Protect\n|-unboost|p1b: Floette|atk|1\n|\n|-damage|p1b: Floette|0 fnt|[from] psn\n|faint|p1b: Floette\n|upkeep\n|inactive|KlibbeKonnoisseur has 30 seconds left.\n|\n|t:|1776426673\n|switch|p1b: Incineroar|Incineroar, L50, M|100/100\n|-ability|p1b: Incineroar|Intimidate|boost\n|-unboost|p2a: Aegislash|atk|1\n|-unboost|p2b: Gengar|atk|1\n|turn|7\n|\n|t:|1776426700\n|switch|p2b: Kommo-o|Kommo-o, L50, F|91/100\n|move|p1a: Aegislash|Shadow Sneak|p2a: Aegislash\n|-supereffective|p2a: Aegislash|1\n|-damage|p2a: Aegislash|0 fnt\n|faint|p2a: Aegislash\n|move|p1b: Incineroar|Parting Shot|p2b: Kommo-o\n|-immune|p2b: Kommo-o|[from] ability: Soundproof\n|\n|-heal|p2b: Kommo-o|96/100|[from] item: Leftovers\n|upkeep\n|\n|t:|1776426709\n|switch|p2a: Gengar|Gengar-Mega, L50, F|47/100\n|turn|8\n|\n|t:|1776426722\n|move|p2b: Kommo-o|Protect|p2b: Kommo-o\n|-singleturn|p2b: Kommo-o|Protect\n|move|p2a: Gengar|Protect|p2a: Gengar\n|-singleturn|p2a: Gengar|Protect\n|move|p1a: Aegislash|Iron Head|p2b: Kommo-o\n|-activate|p2b: Kommo-o|move: Protect\n|move|p1b: Incineroar|Flare Blitz|p2b: Kommo-o\n|-activate|p2b: Kommo-o|move: Protect\n|\n|-heal|p2b: Kommo-o|100/100|[from] item: Leftovers\n|-fieldend|move: Trick Room\n|upkeep\n|turn|9\n|\n|t:|1776426737\n|move|p1a: Aegislash|Shadow Sneak|p2a: Gengar\n|-supereffective|p2a: Gengar|1\n|-damage|p2a: Gengar|0 fnt\n|faint|p2a: Gengar\n|move|p2b: Kommo-o|Clangorous Soul|p2b: Kommo-o\n|-boost|p2b: Kommo-o|atk|1\n|-boost|p2b: Kommo-o|def|1\n|-boost|p2b: Kommo-o|spa|1\n|-boost|p2b: Kommo-o|spd|1\n|-boost|p2b: Kommo-o|spe|1\n|-damage|p2b: Kommo-o|68/100\n|move|p1b: Incineroar|Darkest Lariat|p2b: Kommo-o\n|-resisted|p2b: Kommo-o|1\n|-damage|p2b: Kommo-o|48/100\n|\n|-heal|p2b: Kommo-o|54/100|[from] item: Leftovers\n|upkeep\n|turn|10\n|\n|t:|1776426756\n|move|p2b: Kommo-o|Protect|p2b: Kommo-o\n|-singleturn|p2b: Kommo-o|Protect\n|move|p1b: Incineroar|Darkest Lariat|p2b: Kommo-o\n|-activate|p2b: Kommo-o|move: Protect\n|move|p1a: Aegislash|Iron Head|p2b: Kommo-o\n|-activate|p2b: Kommo-o|move: Protect\n|\n|-heal|p2b: Kommo-o|60/100|[from] item: Leftovers\n|upkeep\n|turn|11\n|\n|t:|1776426773\n|move|p2b: Kommo-o|Clanging Scales|p1a: Aegislash|[spread] p1a,p1b\n|-resisted|p1a: Aegislash|1\n|-damage|p1a: Aegislash|50/100\n|-damage|p1b: Incineroar|44/100\n|-unboost|p2b: Kommo-o|def|1\n|move|p1b: Incineroar|Darkest Lariat|p2b: Kommo-o\n|-resisted|p2b: Kommo-o|1\n|-damage|p2b: Kommo-o|41/100\n|move|p1a: Aegislash|Iron Head|p2b: Kommo-o\n|-damage|p2b: Kommo-o|0 fnt\n|faint|p2b: Kommo-o\n|\n|win|KlibbeKonnoisseur\n|c|\u2606whizz whoosh|ggs\n|l|\u2606whizz whoosh\n|player|p2|\n|c|\u2606KlibbeKonnoisseur|gg\n|l| kicks_menacingly\n|l|\u2606KlibbeKonnoisseur\n|player|p1|\n|l| 17 character name\n|j|\u2606whizz whoosh\n|player|p2|whizz whoosh|lucas|\n",
  "uploadtime": 1776426920,
  "views": 19,
  "formatid": "gen9championsvgc2026regma",
  "rating": null,
  "private": 0,
  "password": null
}