{
  "id": "gen9championsvgc2026regma-2581693748",
  "format": "[Gen 9 Champions] VGC 2026 Reg M-A",
  "players": [
    "nlits",
    "alpharax127"
  ],
  "log": "|j|\u2606nlits\n|j|\u2606alpharax127\n|t:|1776021233\n|gametype|doubles\n|player|p1|nlits|fisherman|1053\n|player|p2|alpharax127|red|1055\n|gen|9\n|tier|[Gen 9 Champions] VGC 2026 Reg M-A\n|rated|\n|rule|Species Clause: Limit one of each Pok\u00e9mon\n|rule|Item Clause: Limit 1 of each item\n|clearpoke\n|poke|p1|Hawlucha, L50, M|\n|poke|p1|Vanilluxe, L50, F|\n|poke|p1|Froslass, L50, F|\n|poke|p1|Basculegion, L50, M|\n|poke|p1|Maushold-Four, L50|\n|poke|p2|Floette-Eternal, L50, F|\n|poke|p2|Aerodactyl, L50, F|\n|poke|p2|Incineroar, L50, M|\n|poke|p2|Garchomp, L50, F|\n|poke|p2|Sneasler, L50, M|\n|poke|p2|Basculegion, L50, M|\n|teampreview|4\n|inactive|Battle timer is ON: inactive players will automatically lose when time's up. (requested by alpharax127)\n|inactive|alpharax127 has 60 seconds left.\nnlits has agreed to open team sheets.\n|inactive|alpharax127 has 30 seconds left.\n|\n|t:|1776021294\n|teamsize|p1|4\n|teamsize|p2|4\n|start\n|switch|p1a: Hawlucha|Hawlucha, L50, M|100/100\n|switch|p1b: Froslass|Froslass, L50, F|100/100\n|switch|p2a: Incineroar|Incineroar, L50, M|100/100\n|switch|p2b: Aerodactyl|Aerodactyl, L50, F|100/100\n|-ability|p2b: Aerodactyl|Unnerve\n|-ability|p2a: Incineroar|Intimidate|boost\n|-unboost|p1a: Hawlucha|atk|1\n|-unboost|p1b: Froslass|atk|1\n|turn|1\n|\n|t:|1776021316\n|move|p1a: Hawlucha|Detect|p1a: Hawlucha\n|-singleturn|p1a: Hawlucha|Protect\n|move|p2a: Incineroar|Fake Out|p1a: Hawlucha\n|-activate|p1a: Hawlucha|move: Protect\n|move|p2b: Aerodactyl|Tailwind|p2b: Aerodactyl\n|-sidestart|p2: alpharax127|move: Tailwind\n|move|p1b: Froslass|Icy Wind|p2a: Incineroar|[spread] p2a,p2b\n|-resisted|p2a: Incineroar|1\n|-supereffective|p2b: Aerodactyl|1\n|-damage|p2a: Incineroar|96/100\n|-damage|p2b: Aerodactyl|58/100\n|-unboost|p2a: Incineroar|spe|1\n|-unboost|p2b: Aerodactyl|spe|1\n|\n|upkeep\n|turn|2\n|inactive|alpharax127 has 30 seconds left.\n|inactive|alpharax127 has 20 seconds left.\n|inactive|alpharax127 has 15 seconds left.\n|inactive|alpharax127 has 10 seconds left.\n|\n|t:|1776021364\n|detailschange|p1a: Hawlucha|Hawlucha-Mega, L50, M\n|-mega|p1a: Hawlucha|Hawlucha|Hawluchanite\n|move|p2b: Aerodactyl|Rock Slide|p1a: Hawlucha|[spread] p1a,p1b\n|-supereffective|p1b: Froslass|1\n|-damage|p1a: Hawlucha|70/100\n|-damage|p1b: Froslass|18/100\n|move|p1a: Hawlucha|High Jump Kick|p2a: Incineroar\n|-supereffective|p2a: Incineroar|1\n|-damage|p2a: Incineroar|6/100\n|-enditem|p2a: Incineroar|Sitrus Berry|[eat]\n|-heal|p2a: Incineroar|31/100|[from] item: Sitrus Berry\n|cant|p1b: Froslass|flinch\n|move|p2a: Incineroar|Flare Blitz|p1b: Froslass\n|-supereffective|p1b: Froslass|1\n|-damage|p1b: Froslass|0 fnt\n|faint|p1b: Froslass\n|-damage|p2a: Incineroar|27/100|[from] Recoil\n|\n|upkeep\n|\n|t:|1776021387\n|switch|p1b: Basculegion|Basculegion, L50, M|100/100\n|turn|3\n|\n|t:|1776021402\n|move|p2b: Aerodactyl|Rock Slide|p1a: Hawlucha|[spread] p1a,p1b\n|-damage|p1a: Hawlucha|41/100\n|-damage|p1b: Basculegion|71/100\n|move|p1a: Hawlucha|High Jump Kick|p2a: Incineroar\n|-supereffective|p2a: Incineroar|1\n|-damage|p2a: Incineroar|0 fnt\n|faint|p2a: Incineroar\n|move|p1b: Basculegion|Flip Turn|p2b: Aerodactyl\n|-supereffective|p2b: Aerodactyl|1\n|-damage|p2b: Aerodactyl|0 fnt\n|faint|p2b: Aerodactyl\n|\n|t:|1776021415\n|switch|p1b: Vanilluxe|Vanilluxe, L50, F, shiny|100/100|[from] Flip Turn\n|-weather|Snowscape|[from] ability: Snow Warning|[of] p1b: Vanilluxe\n|\n|-weather|Snowscape|[upkeep]\n|upkeep\n|\n|t:|1776021419\n|switch|p2b: Floette|Floette-Eternal, L50, F|100/100\n|switch|p2a: Garchomp|Garchomp, L50, F|100/100\n|turn|4\n|inactive|nlits has 30 seconds left.\n|inactive|nlits has 20 seconds left.\n|inactive|nlits has 15 seconds left.\n|\n|t:|1776021460\n|detailschange|p2b: Floette|Floette-Mega, L50, F\n|-mega|p2b: Floette|Floette|Floettite\n|-ability|p2b: Floette|Fairy Aura\n|move|p2a: Garchomp|Dragon Claw|p1b: Vanilluxe\n|-damage|p1b: Vanilluxe|71/100\n|move|p2b: Floette|Moonblast|p1b: Vanilluxe\n|-damage|p1b: Vanilluxe|0 fnt\n|faint|p1b: Vanilluxe\n|move|p1a: Hawlucha|Entrainment|p1: Vanilluxe|[notarget]\n|-fail|p1a: Hawlucha\n|\n|-weather|Snowscape|[upkeep]\n|-sideend|p2: alpharax127|move: Tailwind\n|upkeep\n|\n|t:|1776021471\n|switch|p1b: Basculegion|Basculegion, L50, M|71/100\n|turn|5\n|\n|t:|1776021487\n|move|p2a: Garchomp|Protect|p2a: Garchomp\n|-singleturn|p2a: Garchomp|Protect\n|move|p1a: Hawlucha|High Jump Kick|p2a: Garchomp\n|-activate|p2a: Garchomp|move: Protect\n|-damage|p1a: Hawlucha|0 fnt|[from] highjumpkick\n|faint|p1a: Hawlucha\n|move|p2b: Floette|Dazzling Gleam|p1b: Basculegion\n|-damage|p1b: Basculegion|0 fnt\n|faint|p1b: Basculegion\n|\n|win|alpharax127\n|raw|nlits's rating: 1053 &rarr; <strong>1035</strong><br />(-18 for losing)\n|raw|alpharax127's rating: 1055 &rarr; <strong>1087</strong><br />(+32 for winning)\n",
  "uploadtime": 1776021499,
  "views": 12,
  "formatid": "gen9championsvgc2026regma",
  "rating": 1035,
  "private": 0,
  "password": null
}