{
  "id": "gen9championsvgc2026regma-2589420812",
  "format": "[Gen 9 Champions] VGC 2026 Reg M-A",
  "players": [
    "bigearlington",
    "robjay3131"
  ],
  "log": "|j|\u2606bigearlington\n|j|\u2606robjay3131\n|t:|1776721504\n|gametype|doubles\n|player|p1|bigearlington|265|1248\n|player|p2|robjay3131|roxie|1151\n|gen|9\n|tier|[Gen 9 Champions] VGC 2026 Reg M-A\n|rated|\n|rule|Species Clause: Limit one of each Pok\u00e9mon\n|rule|Item Clause: Limit 1 of each item\n|clearpoke\n|poke|p1|Scizor, L50, F|\n|poke|p1|Sneasler, L50, M|\n|poke|p1|Sinistcha, L50|\n|poke|p1|Tyranitar, L50, M|\n|poke|p1|Milotic, L50, M|\n|poke|p1|Rotom-Wash, L50|\n|poke|p2|Charizard, L50, F|\n|poke|p2|Kingambit, L50, M|\n|poke|p2|Incineroar, L50, M|\n|poke|p2|Floette-Eternal, L50, F|\n|poke|p2|Aerodactyl, L50, F|\n|poke|p2|Sneasler, L50, M|\n|teampreview|4\n|inactive|Battle timer is ON: inactive players will automatically lose when time's up. (requested by bigearlington)\n|inactive|bigearlington has 30 seconds left.\n|\n|t:|1776721589\n|teamsize|p1|4\n|teamsize|p2|4\n|start\n|switch|p1a: Rotom|Rotom-Wash, L50|100/100\n|switch|p1b: Tyranitar|Tyranitar, L50, M|100/100\n|switch|p2a: Aerodactyl|Aerodactyl, L50, F|100/100\n|switch|p2b: Kingambit|Kingambit, L50, M|100/100\n|-ability|p2a: Aerodactyl|Unnerve\n|-weather|Sandstorm|[from] ability: Sand Stream|[of] p1b: Tyranitar\n|turn|1\n|inactive|bigearlington has 30 seconds left.\n|inactive|bigearlington has 20 seconds left.\n|inactive|bigearlington has 15 seconds left.\n|\n|t:|1776721630\n|detailschange|p1b: Tyranitar|Tyranitar-Mega, L50, M\n|-mega|p1b: Tyranitar|Tyranitar|Tyranitarite\n|move|p1b: Tyranitar|Protect|p1b: Tyranitar\n|-singleturn|p1b: Tyranitar|Protect\n|move|p1a: Rotom|Volt Switch|p2a: Aerodactyl\n|-supereffective|p2a: Aerodactyl|1\n|-damage|p2a: Aerodactyl|30/100\n|\n|t:|1776721640\n|switch|p1a: Milotic|Milotic, L50, M|100/100|[from] Volt Switch\n|move|p2a: Aerodactyl|Tailwind|p2a: Aerodactyl\n|-sidestart|p2: robjay3131|move: Tailwind\n|move|p2b: Kingambit|Iron Head|p1b: Tyranitar\n|-activate|p1b: Tyranitar|move: Protect\n|\n|-weather|Sandstorm|[upkeep]\n|-damage|p1a: Milotic|95/100|[from] Sandstorm\n|-heal|p1a: Milotic|100/100|[from] item: Leftovers\n|upkeep\n|turn|2\n|\n|t:|1776721663\n|switch|p1b: Rotom|Rotom-Wash, L50|100/100\n|move|p2a: Aerodactyl|Rock Slide|p1b: Rotom|[spread] p1a,p1b\n|-damage|p1a: Milotic|77/100\n|-damage|p1b: Rotom|70/100\n|move|p2b: Kingambit|Iron Head|p1b: Rotom\n|-resisted|p1b: Rotom|2\n|-damage|p1b: Rotom|56/100\n|move|p1a: Milotic|Scald|p2b: Kingambit\n|-damage|p2b: Kingambit|64/100\n|\n|-weather|Sandstorm|[upkeep]\n|-damage|p1b: Rotom|50/100|[from] Sandstorm\n|-damage|p1a: Milotic|71/100|[from] Sandstorm\n|-heal|p1a: Milotic|77/100|[from] item: Leftovers\n|upkeep\n|turn|3\n|inactive|bigearlington has 30 seconds left.\n|inactive|bigearlington has 20 seconds left.\n|\n|t:|1776721701\n|switch|p1b: Sinistcha|Sinistcha, L50|100/100\n|-heal|p1a: Milotic|100/100|[from] ability: Hospitality|[of] p1b: Sinistcha\n|move|p2b: Kingambit|Sucker Punch||[still]\n|-fail|p2b: Kingambit\n|move|p2a: Aerodactyl|Rock Slide|p1b: Sinistcha|[spread] p1a,p1b\n|-damage|p1a: Milotic|77/100\n|-damage|p1b: Sinistcha|82/100\n|cant|p1a: Milotic|flinch\n|\n|-weather|Sandstorm|[upkeep]\n|-damage|p1a: Milotic|71/100|[from] Sandstorm\n|-damage|p1b: Sinistcha|76/100|[from] Sandstorm\n|-heal|p1a: Milotic|77/100|[from] item: Leftovers\n|upkeep\n|turn|4\n|\n|t:|1776721724\n|move|p1b: Sinistcha|Protect|p1b: Sinistcha\n|-singleturn|p1b: Sinistcha|Protect\n|move|p2a: Aerodactyl|Rock Slide|p1a: Milotic|[spread] p1a\n|-activate|p1b: Sinistcha|move: Protect\n|-damage|p1a: Milotic|52/100\n|move|p2b: Kingambit|Kowtow Cleave|p1b: Sinistcha\n|-activate|p1b: Sinistcha|move: Protect\n|cant|p1a: Milotic|flinch\n|\n|-weather|Sandstorm|[upkeep]\n|-damage|p1a: Milotic|47/100|[from] Sandstorm\n|-damage|p1b: Sinistcha|70/100|[from] Sandstorm\n|-heal|p1a: Milotic|52/100|[from] item: Leftovers\n|-sideend|p2: robjay3131|move: Tailwind\n|upkeep\n|turn|5\n|inactive|bigearlington has 30 seconds left.\n|\n|t:|1776721751\n|switch|p1b: Tyranitar|Tyranitar-Mega, L50, M|100/100\n|move|p2a: Aerodactyl|Tailwind|p2a: Aerodactyl\n|-sidestart|p2: robjay3131|move: Tailwind\n|move|p2b: Kingambit|Kowtow Cleave|p1b: Tyranitar\n|-resisted|p1b: Tyranitar|1\n|-damage|p1b: Tyranitar|81/100\n|move|p1a: Milotic|Muddy Water|p2a: Aerodactyl|[spread] p2a\n|-miss|p1a: Milotic|p2b: Kingambit\n|-supereffective|p2a: Aerodactyl|1\n|-damage|p2a: Aerodactyl|0 fnt\n|faint|p2a: Aerodactyl\n|\n|-weather|none\n|-heal|p1a: Milotic|58/100|[from] item: Leftovers\n|upkeep\n|\n|t:|1776721761\n|switch|p2a: Sneasler|Sneasler, L50, M|100/100\n|turn|6\n|\n|t:|1776721784\n|move|p1a: Milotic|Protect|p1a: Milotic\n|-singleturn|p1a: Milotic|Protect\n|move|p1b: Tyranitar|Protect|p1b: Tyranitar\n|-singleturn|p1b: Tyranitar|Protect\n|move|p2a: Sneasler|Fake Out|p1a: Milotic\n|-activate|p1a: Milotic|move: Protect\n|move|p2b: Kingambit|Kowtow Cleave|p1b: Tyranitar\n|-activate|p1b: Tyranitar|move: Protect\n|\n|-heal|p1a: Milotic|64/100|[from] item: Leftovers\n|upkeep\n|turn|7\n|inactive|bigearlington has 30 seconds left.\n|inactive|bigearlington has 20 seconds left.\n|\n|t:|1776721819\n|switch|p1b: Rotom|Rotom-Wash, L50|50/100\n|move|p2a: Sneasler|Dire Claw|p1a: Milotic\n|-damage|p1a: Milotic|24/100\n|move|p2b: Kingambit|Kowtow Cleave|p1b: Rotom\n|-damage|p1b: Rotom|0 fnt\n|faint|p1b: Rotom\n|move|p1a: Milotic|Muddy Water|p2a: Sneasler|[spread] p2a,p2b\n|-damage|p2a: Sneasler|64/100\n|-damage|p2b: Kingambit|36/100\n|-unboost|p2b: Kingambit|accuracy|1\n|-ability|p2b: Kingambit|Defiant|boost\n|-boost|p2b: Kingambit|atk|2\n|\n|-heal|p1a: Milotic|30/100|[from] item: Leftovers\n|upkeep\n|inactive|bigearlington has 30 seconds left.\n|\n|t:|1776721845\n|switch|p1b: Sinistcha|Sinistcha, L50|70/100\n|-heal|p1a: Milotic|54/100|[from] ability: Hospitality|[of] p1b: Sinistcha\n|turn|8\n|\n|t:|1776721857\n|move|p1b: Sinistcha|Rage Powder|p1b: Sinistcha\n|-singleturn|p1b: Sinistcha|move: Rage Powder\n|move|p2a: Sneasler|Close Combat|p1b: Sinistcha\n|-immune|p1b: Sinistcha\n|move|p2b: Kingambit|Kowtow Cleave|p1b: Sinistcha\n|-supereffective|p1b: Sinistcha|1\n|-damage|p1b: Sinistcha|0 fnt\n|faint|p1b: Sinistcha\n|move|p1a: Milotic|Scald|p2b: Kingambit\n|-damage|p2b: Kingambit|2/100\n|\n|-heal|p1a: Milotic|60/100|[from] item: Leftovers\n|-sideend|p2: robjay3131|move: Tailwind\n|upkeep\n|\n|t:|1776721868\n|switch|p1b: Tyranitar|Tyranitar-Mega, L50, M|81/100\n|-weather|Sandstorm|[from] ability: Sand Stream|[of] p1b: Tyranitar\n|turn|9\n|\n|t:|1776721876\n|move|p2b: Kingambit|Protect|p2b: Kingambit\n|-singleturn|p2b: Kingambit|Protect\n|move|p2a: Sneasler|Close Combat|p1b: Tyranitar\n|-supereffective|p1b: Tyranitar|2\n|-damage|p1b: Tyranitar|0 fnt\n|-unboost|p2a: Sneasler|def|1\n|-unboost|p2a: Sneasler|spd|1\n|faint|p1b: Tyranitar\n|-enditem|p2a: Sneasler|White Herb\n|-clearnegativeboost|p2a: Sneasler|[silent]\n|move|p1a: Milotic|Icy Wind|p2b: Kingambit|[spread] p2a\n|-activate|p2b: Kingambit|move: Protect\n|-damage|p2a: Sneasler|47/100\n|-unboost|p2a: Sneasler|spe|1\n|\n|-weather|Sandstorm|[upkeep]\n|-damage|p2a: Sneasler|41/100|[from] Sandstorm\n|-damage|p1a: Milotic|54/100|[from] Sandstorm\n|-heal|p1a: Milotic|60/100|[from] item: Leftovers\n|upkeep\n|turn|10\n|-message|bigearlington forfeited.\n|\n|win|robjay3131\n|raw|bigearlington's rating: 1248 &rarr; <strong>1216</strong><br />(-32 for losing)\n|raw|robjay3131's rating: 1151 &rarr; <strong>1183</strong><br />(+32 for winning)\n",
  "uploadtime": 1776721882,
  "views": 3,
  "formatid": "gen9championsvgc2026regma",
  "rating": 1183,
  "private": 0,
  "password": null
}