{
  "id": "gen9championsvgc2026regma-2586909819",
  "format": "[Gen 9 Champions] VGC 2026 Reg M-A",
  "players": [
    "dracule039",
    "mrguy888"
  ],
  "log": "|j|\u2606dracule039\n|j|\u2606mrguy888\n|t:|1776470877\n|gametype|doubles\n|player|p1|dracule039|102|1159\n|player|p2|mrguy888|noland-gen3|1259\n|gen|9\n|tier|[Gen 9 Champions] VGC 2026 Reg M-A\n|rated|\n|rule|Species Clause: Limit one of each Pok\u00e9mon\n|rule|Item Clause: Limit 1 of each item\n|clearpoke\n|poke|p1|Froslass, L50, F|\n|poke|p1|Dragonite, L50, F|\n|poke|p1|Kingambit, L50, F|\n|poke|p1|Volcarona, L50, M|\n|poke|p1|Whimsicott, L50, M|\n|poke|p1|Garchomp, L50, F|\n|poke|p2|Floette-Eternal, L50, F|\n|poke|p2|Aerodactyl, L50, F|\n|poke|p2|Tauros-Paldea-Aqua, L50, M|\n|poke|p2|Kangaskhan, L50, F|\n|poke|p2|Rotom-Heat, L50|\n|poke|p2|Aegislash, L50, M|\n|teampreview|4\n|inactive|Battle timer is ON: inactive players will automatically lose when time's up. (requested by mrguy888)\n|inactive|dracule039 has 60 seconds left.\n|\n|t:|1776470927\n|teamsize|p1|4\n|teamsize|p2|4\n|start\n|switch|p1a: Whimsicott|Whimsicott, L50, M|100/100\n|switch|p1b: Kingambit|Kingambit, L50, F|100/100\n|switch|p2a: Aerodactyl|Aerodactyl, L50, F|100/100\n|switch|p2b: Floette|Floette-Eternal, L50, F|100/100\n|-ability|p2a: Aerodactyl|Unnerve\n|turn|1\n|\n|t:|1776470945\n|switch|p2b: Rotom|Rotom-Heat, L50|100/100\n|move|p1a: Whimsicott|Taunt|p2a: Aerodactyl\n|-start|p2a: Aerodactyl|move: Taunt\n|move|p2a: Aerodactyl|Dual Wingbeat|p1a: Whimsicott|[miss]\n|-miss|p2a: Aerodactyl|p1a: Whimsicott\n|move|p1b: Kingambit|Iron Head|p2a: Aerodactyl\n|-supereffective|p2a: Aerodactyl|1\n|-enditem|p2a: Aerodactyl|Focus Sash\n|-damage|p2a: Aerodactyl|1/100\n|\n|upkeep\n|turn|2\n|inactive|dracule039 has 30 seconds left.\n|\n|t:|1776470973\n|move|p1a: Whimsicott|Taunt|p2b: Rotom\n|-start|p2b: Rotom|move: Taunt\n|cant|p2b: Rotom|move: Taunt|Will-O-Wisp\n|move|p2a: Aerodactyl|Dual Wingbeat|p1a: Whimsicott\n|-supereffective|p1a: Whimsicott|1\n|-damage|p1a: Whimsicott|52/100\n|-supereffective|p1a: Whimsicott|1\n|-damage|p1a: Whimsicott|0 fnt\n|faint|p1a: Whimsicott\n|-hitcount|p1: Whimsicott|2\n|move|p1b: Kingambit|Kowtow Cleave|p2b: Rotom\n|-damage|p2b: Rotom|35/100\n|\n|upkeep\n|\n|t:|1776470987\n|switch|p1a: Dragonite|Dragonite, L50, F|100/100\n|turn|3\n|\n|t:|1776471001\n|switch|p2b: Tauros|Tauros-Paldea-Aqua, L50, M|100/100\n|-ability|p2b: Tauros|Intimidate|boost\n|-unboost|p1a: Dragonite|atk|1\n|-unboost|p1b: Kingambit|atk|1\n|-ability|p1b: Kingambit|Defiant|boost\n|-boost|p1b: Kingambit|atk|2\n|move|p1b: Kingambit|Sucker Punch||[still]\n|-fail|p1b: Kingambit\n|move|p1a: Dragonite|Rock Slide|p2a: Aerodactyl|[spread] p2a,p2b\n|-supereffective|p2a: Aerodactyl|1\n|-resisted|p2b: Tauros|1\n|-damage|p2a: Aerodactyl|0 fnt\n|-damage|p2b: Tauros|93/100\n|faint|p2a: Aerodactyl\n|\n|upkeep\n|\n|t:|1776471019\n|switch|p2a: Floette|Floette-Eternal, L50, F|100/100\n|turn|4\n|\n|t:|1776471039\n|detailschange|p2a: Floette|Floette-Mega, L50, F\n|-mega|p2a: Floette|Floette|Floettite\n|-ability|p2a: Floette|Fairy Aura\n|move|p2a: Floette|Protect|p2a: Floette\n|-singleturn|p2a: Floette|Protect\n|move|p1a: Dragonite|Rock Slide|p2b: Tauros|[spread] p2b\n|-activate|p2a: Floette|move: Protect\n|-resisted|p2b: Tauros|1\n|-damage|p2b: Tauros|85/100\n|cant|p2b: Tauros|flinch\n|move|p1b: Kingambit|Iron Head|p2a: Floette\n|-activate|p2a: Floette|move: Protect\n|\n|upkeep\n|turn|5\n|\n|t:|1776471055\n|switch|p2a: Rotom|Rotom-Heat, L50|35/100\n|move|p1a: Dragonite|Rock Slide|p2b: Tauros|[spread] p2b\n|-miss|p1a: Dragonite|p2a: Rotom\n|-resisted|p2b: Tauros|1\n|-damage|p2b: Tauros|79/100\n|move|p2b: Tauros|Close Combat|p1b: Kingambit\n|-supereffective|p1b: Kingambit|2\n|-damage|p1b: Kingambit|0 fnt\n|-unboost|p2b: Tauros|def|1\n|-unboost|p2b: Tauros|spd|1\n|faint|p1b: Kingambit\n|-enditem|p2b: Tauros|White Herb\n|-clearnegativeboost|p2b: Tauros|[silent]\n|\n|upkeep\n|\n|t:|1776471071\n|switch|p1b: Volcarona|Volcarona, L50, M|100/100\n|turn|6\n|\n|t:|1776471078\n|move|p2a: Rotom|Electroweb|p1a: Dragonite|[spread] p1a,p1b\n|-damage|p1a: Dragonite|92/100\n|-damage|p1b: Volcarona|85/100\n|-unboost|p1a: Dragonite|spe|1\n|-unboost|p1b: Volcarona|spe|1\n|move|p2b: Tauros|Wave Crash|p1b: Volcarona\n|-supereffective|p1b: Volcarona|1\n|-damage|p1b: Volcarona|0 fnt\n|faint|p1b: Volcarona\n|-damage|p2b: Tauros|47/100|[from] Recoil\n|move|p1a: Dragonite|Rock Slide|p2a: Rotom|[spread] p2a,p2b\n|-supereffective|p2a: Rotom|1\n|-resisted|p2b: Tauros|1\n|-damage|p2a: Rotom|7/100\n|-damage|p2b: Tauros|40/100\n|\n|upkeep\n|turn|7\n|-message|dracule039 forfeited.\n|\n|win|mrguy888\n|raw|dracule039's rating: 1159 &rarr; <strong>1141</strong><br />(-18 for losing)\n|raw|mrguy888's rating: 1259 &rarr; <strong>1277</strong><br />(+18 for winning)\n|l|\u2606dracule039\n|player|p1|\n",
  "uploadtime": 1776471090,
  "views": 23,
  "formatid": "gen9championsvgc2026regma",
  "rating": 1141,
  "private": 0,
  "password": null
}