{
  "id": "gen9championsvgc2026regma-2584073852",
  "format": "[Gen 9 Champions] VGC 2026 Reg M-A",
  "players": [
    "06Thomas",
    "yep yep okay yeah"
  ],
  "log": "|j|\u260606Thomas\n|j|\u2606yep yep okay yeah\n|t:|1776222474\n|gametype|doubles\n|player|p1|06Thomas|169|1327\n|player|p2|yep yep okay yeah|sailor|1312\n|gen|9\n|tier|[Gen 9 Champions] VGC 2026 Reg M-A\n|rated|\n|rule|Species Clause: Limit one of each Pok\u00e9mon\n|rule|Item Clause: Limit 1 of each item\n|clearpoke\n|poke|p1|Garchomp, L50, M|\n|poke|p1|Aerodactyl, L50, M|\n|poke|p1|Rotom-Wash, L50|\n|poke|p1|Whimsicott, L50, F|\n|poke|p1|Sneasler, L50, F|\n|poke|p1|Glimmora, L50, F|\n|poke|p2|Floette-Eternal, L50, F|\n|poke|p2|Delphox, L50, F|\n|poke|p2|Incineroar, L50, F|\n|poke|p2|Maushold, L50|\n|poke|p2|Aerodactyl, L50, F|\n|poke|p2|Basculegion, L50, M|\n|teampreview|4\nyep yep okay yeah rejected open team sheets.\n|\n|t:|1776222496\n|teamsize|p1|4\n|teamsize|p2|4\n|start\n|switch|p1a: Glimmora|Glimmora, L50, F|100/100\n|switch|p1b: Garchomp|Garchomp, L50, M|100/100\n|switch|p2a: Habsburg Jaw|Aerodactyl, L50, F|100/100\n|switch|p2b: Dand\u00e2n|Basculegion, L50, M|100/100\n|-ability|p2a: Habsburg Jaw|Unnerve\n|turn|1\n|inactive|Battle timer is ON: inactive players will automatically lose when time's up. (requested by 06Thomas)\n|\n|t:|1776222513\n|move|p1a: Glimmora|Power Gem|p2a: Habsburg Jaw\n|-supereffective|p2a: Habsburg Jaw|1\n|-enditem|p2a: Habsburg Jaw|Focus Sash\n|-damage|p2a: Habsburg Jaw|1/100\n|move|p2b: Dand\u00e2n|Flip Turn|p1a: Glimmora\n|-supereffective|p1a: Glimmora|1\n|-damage|p1a: Glimmora|13/100\n|-activate|p1a: Glimmora|ability: Toxic Debris\n|-sidestart|p2: yep yep okay yeah|move: Toxic Spikes\n|\n|t:|1776222529\n|switch|p2b: For Algernon|Floette-Eternal, L50, F|100/100|[from] Flip Turn\n|-status|p2b: For Algernon|psn\n|move|p2a: Habsburg Jaw|Tailwind|p2a: Habsburg Jaw\n|-sidestart|p2: yep yep okay yeah|move: Tailwind\n|move|p1b: Garchomp|Rock Slide|p2b: For Algernon|[spread] p2a,p2b\n|-supereffective|p2a: Habsburg Jaw|1\n|-damage|p2a: Habsburg Jaw|0 fnt\n|-damage|p2b: For Algernon|74/100 psn\n|faint|p2a: Habsburg Jaw\n|\n|-damage|p2b: For Algernon|62/100 psn|[from] psn\n|upkeep\n|\n|t:|1776222546\n|switch|p2a: The Groypers|Maushold, L50|100/100\n|-status|p2a: The Groypers|psn\n|turn|2\n|\n|t:|1776222562\n|detailschange|p2b: For Algernon|Floette-Mega, L50, F\n|-mega|p2b: For Algernon|Floette|Floettite\n|-ability|p2b: For Algernon|Fairy Aura\n|move|p2a: The Groypers|Helping Hand|p2b: For Algernon\n|-singleturn|p2b: For Algernon|Helping Hand|[of] p2a: The Groypers\n|move|p1b: Garchomp|Protect|p1b: Garchomp\n|-singleturn|p1b: Garchomp|Protect\n|move|p2b: For Algernon|Dazzling Gleam|p1a: Glimmora|[spread] p1a\n|-activate|p1b: Garchomp|move: Protect\n|-resisted|p1a: Glimmora|1\n|-damage|p1a: Glimmora|0 fnt\n|faint|p1a: Glimmora\n|\n|-damage|p2a: The Groypers|88/100 psn|[from] psn\n|-damage|p2b: For Algernon|50/100 psn|[from] psn\n|upkeep\n|\n|t:|1776222585\n|switch|p1a: Aerodactyl|Aerodactyl, L50, M|100/100\n|-ability|p1a: Aerodactyl|Unnerve\n|turn|3\n|\n|t:|1776222605\n|switch|p1b: Rotom|Rotom-Wash, L50|100/100\n|detailschange|p1a: Aerodactyl|Aerodactyl-Mega, L50, M\n|-mega|p1a: Aerodactyl|Aerodactyl|Aerodactylite\n|move|p2a: The Groypers|Helping Hand|p2b: For Algernon\n|-singleturn|p2b: For Algernon|Helping Hand|[of] p2a: The Groypers\n|move|p2b: For Algernon|Dazzling Gleam|p1a: Aerodactyl|[spread] p1a,p1b\n|-damage|p1a: Aerodactyl|8/100\n|-damage|p1b: Rotom|22/100\n|-enditem|p1b: Rotom|Sitrus Berry|[eat]\n|-heal|p1b: Rotom|47/100|[from] item: Sitrus Berry\n|move|p1a: Aerodactyl|Rock Slide|p2a: The Groypers|[spread] p2a,p2b\n|-damage|p2a: The Groypers|51/100 psn\n|-damage|p2b: For Algernon|26/100 psn\n|\n|-damage|p2a: The Groypers|39/100 psn|[from] psn\n|-damage|p2b: For Algernon|14/100 psn|[from] psn\n|upkeep\n|turn|4\n|inactive|yep yep okay yeah has 30 seconds left.\n|inactive|yep yep okay yeah has 20 seconds left.\n|inactive|yep yep okay yeah has 15 seconds left.\n|\n|t:|1776222649\n|move|p1a: Aerodactyl|Protect|p1a: Aerodactyl\n|-singleturn|p1a: Aerodactyl|Protect\n|move|p2a: The Groypers|Super Fang|p1b: Rotom\n|-damage|p1b: Rotom|24/100\n|move|p2b: For Algernon|Dazzling Gleam|p1b: Rotom|[spread] p1b\n|-activate|p1a: Aerodactyl|move: Protect\n|-damage|p1b: Rotom|0 fnt\n|faint|p1b: Rotom\n|\n|-damage|p2a: The Groypers|26/100 psn|[from] psn\n|-damage|p2b: For Algernon|2/100 psn|[from] psn\n|-sideend|p2: yep yep okay yeah|move: Tailwind\n|upkeep\n|\n|t:|1776222663\n|switch|p1b: Garchomp|Garchomp, L50, M|100/100\n|turn|5\n|inactive|yep yep okay yeah has 30 seconds left.\n|\n|t:|1776222697\n|move|p2a: The Groypers|Protect|p2a: The Groypers\n|-singleturn|p2a: The Groypers|Protect\n|move|p1a: Aerodactyl|Tailwind|p1a: Aerodactyl\n|-sidestart|p1: 06Thomas|move: Tailwind\n|move|p1b: Garchomp|Earthquake|p2a: The Groypers|[spread] p2b\n|-activate|p2a: The Groypers|move: Protect\n|-immune|p1a: Aerodactyl\n|-damage|p2b: For Algernon|0 fnt\n|faint|p2b: For Algernon\n|\n|-damage|p2a: The Groypers|14/100 psn|[from] psn\n|upkeep\n|\n|t:|1776222709\n|switch|p2b: Dand\u00e2n|Basculegion, L50, M|100/100\n|-status|p2b: Dand\u00e2n|psn\n|turn|6\n|\n|t:|1776222723\n|move|p2a: The Groypers|Helping Hand|p2b: Dand\u00e2n\n|-singleturn|p2b: Dand\u00e2n|Helping Hand|[of] p2a: The Groypers\n|move|p1a: Aerodactyl|Dual Wingbeat|p2b: Dand\u00e2n\n|-damage|p2b: Dand\u00e2n|73/100 psn\n|-damage|p2b: Dand\u00e2n|48/100 psn\n|-hitcount|p2b: Dand\u00e2n|2\n|move|p1b: Garchomp|Earthquake|p2b: Dand\u00e2n|[spread] p2a,p2b\n|-immune|p1a: Aerodactyl\n|-damage|p2a: The Groypers|0 fnt\n|-damage|p2b: Dand\u00e2n|9/100 psn\n|faint|p2a: The Groypers\n|move|p2b: Dand\u00e2n|Last Respects|p1b: Garchomp\n|-damage|p1b: Garchomp|0 fnt\n|faint|p1b: Garchomp\n|\n|-damage|p2b: Dand\u00e2n|0 fnt|[from] psn\n|faint|p2b: Dand\u00e2n\n|\n|win|06Thomas\n|raw|06Thomas's rating: 1327 &rarr; <strong>1346</strong><br />(+19 for winning)\n|raw|yep yep okay yeah's rating: 1312 &rarr; <strong>1293</strong><br />(-19 for losing)\n",
  "uploadtime": 1776222745,
  "views": 30,
  "formatid": "gen9championsvgc2026regma",
  "rating": 1293,
  "private": 0,
  "password": null
}