{
  "id": "gen9championsvgc2026regma-2583989189",
  "format": "[Gen 9 Champions] VGC 2026 Reg M-A",
  "players": [
    "Benja",
    "pokemi AG"
  ],
  "log": "|j|\u2606Benja\n|j|\u2606pokemi AG\n|t:|1776214589\n|gametype|doubles\n|player|p1|Benja|cameraman|1077\n|player|p2|pokemi AG|169|1060\n|gen|9\n|tier|[Gen 9 Champions] VGC 2026 Reg M-A\n|rated|\n|rule|Species Clause: Limit one of each Pok\u00e9mon\n|rule|Item Clause: Limit 1 of each item\n|clearpoke\n|poke|p1|Dragonite, L50, F|\n|poke|p1|Archaludon, L50, M|\n|poke|p1|Tyranitar, L50, M|\n|poke|p1|Arcanine, L50, F|\n|poke|p1|Milotic, L50, M|\n|poke|p1|Snorlax, L50, F|\n|poke|p2|Froslass, L50, F|\n|poke|p2|Ninetales-Alola, L50, M|\n|poke|p2|Whimsicott, L50, M|\n|poke|p2|Tyranitar, L50, F|\n|poke|p2|Blastoise, L50, F|\n|poke|p2|Dragapult, L50, M|\n|teampreview|4\n|inactive|Battle timer is ON: inactive players will automatically lose when time's up. (requested by Benja)\nBenja has agreed to open team sheets.\n|\n|t:|1776214616\n|teamsize|p1|4\n|teamsize|p2|4\n|start\n|switch|p1a: Archaludon|Archaludon, L50, M|100/100\n|switch|p1b: Arcanine|Arcanine, L50, F|100/100\n|switch|p2a: Froslass|Froslass, L50, F|100/100\n|switch|p2b: Blastoise|Blastoise, L50, F|100/100\n|-ability|p1b: Arcanine|Intimidate|boost\n|-unboost|p2a: Froslass|atk|1\n|-unboost|p2b: Blastoise|atk|1\n|turn|1\n|\n|t:|1776214636\n|detailschange|p2a: Froslass|Froslass-Mega, L50, F\n|-mega|p2a: Froslass|Froslass|Froslassite\n|-weather|Snowscape|[from] ability: Snow Warning|[of] p2a: Froslass\n|move|p1b: Arcanine|Protect|p1b: Arcanine\n|-singleturn|p1b: Arcanine|Protect\n|move|p2b: Blastoise|Fake Out|p1b: Arcanine\n|-activate|p1b: Arcanine|move: Protect\n|move|p2a: Froslass|Blizzard|p1b: Arcanine|[spread] p1a\n|-activate|p1b: Arcanine|move: Protect\n|-damage|p1a: Archaludon|60/100\n|move|p1a: Archaludon|Snarl|p2b: Blastoise|[spread] p2a,p2b\n|-supereffective|p2a: Froslass|1\n|-damage|p2a: Froslass|75/100\n|-damage|p2b: Blastoise|89/100\n|-unboost|p2a: Froslass|spa|1\n|-unboost|p2b: Blastoise|spa|1\n|\n|-weather|Snowscape|[upkeep]\n|-heal|p1a: Archaludon|67/100|[from] item: Leftovers\n|upkeep\n|turn|2\n|\n|t:|1776214657\n|switch|p1b: Tyranitar|Tyranitar, L50, M|100/100\n|-weather|Sandstorm|[from] ability: Sand Stream|[of] p1b: Tyranitar\n|move|p2a: Froslass|Blizzard|p1a: Archaludon|[spread] p1b\n|-miss|p2a: Froslass|p1a: Archaludon\n|-crit|p1b: Tyranitar\n|-damage|p1b: Tyranitar|58/100\n|move|p2b: Blastoise|Blizzard|p1a: Archaludon|[spread] p1a,p1b\n|-crit|p1a: Archaludon\n|-damage|p1a: Archaludon|34/100\n|-damage|p1b: Tyranitar|48/100\n|move|p1a: Archaludon|Snarl|p2a: Froslass|[spread] p2a,p2b\n|-supereffective|p2a: Froslass|1\n|-damage|p2a: Froslass|51/100\n|-damage|p2b: Blastoise|78/100\n|-unboost|p2a: Froslass|spa|1\n|-unboost|p2b: Blastoise|spa|1\n|\n|-weather|Sandstorm|[upkeep]\n|-damage|p2a: Froslass|46/100|[from] Sandstorm\n|-damage|p2b: Blastoise|73/100|[from] Sandstorm\n|-heal|p1a: Archaludon|40/100|[from] item: Leftovers\n|upkeep\n|turn|3\n|inactive|pokemi AG has 30 seconds left.\n|\n|t:|1776214683\n|move|p2a: Froslass|Blizzard|p1b: Tyranitar|[spread] p1b\n|-miss|p2a: Froslass|p1a: Archaludon\n|-damage|p1b: Tyranitar|34/100\n|move|p1b: Tyranitar|Rock Slide|p2a: Froslass|[spread] p2a\n|-miss|p1b: Tyranitar|p2b: Blastoise\n|-supereffective|p2a: Froslass|1\n|-damage|p2a: Froslass|0 fnt\n|faint|p2a: Froslass\n|move|p2b: Blastoise|Blizzard|p1a: Archaludon|[spread] p1a\n|-miss|p2b: Blastoise|p1b: Tyranitar\n|-damage|p1a: Archaludon|28/100\n|move|p1a: Archaludon|Snarl|p2b: Blastoise\n|-damage|p2b: Blastoise|57/100\n|-unboost|p2b: Blastoise|spa|1\n|\n|-weather|Sandstorm|[upkeep]\n|-damage|p2b: Blastoise|51/100|[from] Sandstorm\n|-heal|p1a: Archaludon|34/100|[from] item: Leftovers\n|upkeep\n|\n|t:|1776214701\n|switch|p2a: Ninetales|Ninetales-Alola, L50, M|100/100\n|-weather|Snowscape|[from] ability: Snow Warning|[of] p2a: Ninetales\n|turn|4\n|\n|t:|1776214708\n|switch|p1b: Arcanine|Arcanine, L50, F|100/100\n|-ability|p1b: Arcanine|Intimidate|boost\n|-unboost|p2a: Ninetales|atk|1\n|-unboost|p2b: Blastoise|atk|1\n|move|p2a: Ninetales|Blizzard|p1b: Arcanine|[spread] p1a,p1b\n|-resisted|p1b: Arcanine|1\n|-damage|p1a: Archaludon|3/100\n|-damage|p1b: Arcanine|80/100\n|move|p2b: Blastoise|Blizzard|p1b: Arcanine|[spread] p1a,p1b\n|-resisted|p1b: Arcanine|1\n|-damage|p1a: Archaludon|0 fnt\n|-damage|p1b: Arcanine|74/100\n|faint|p1a: Archaludon\n|\n|-weather|Snowscape|[upkeep]\n|upkeep\n|\n|t:|1776214721\n|switch|p1a: Tyranitar|Tyranitar, L50, M|34/100\n|-weather|Sandstorm|[from] ability: Sand Stream|[of] p1a: Tyranitar\n|turn|5\n|\n|t:|1776214727\n|switch|p1a: Dragonite|Dragonite, L50, F|100/100\n|move|p2a: Ninetales|Blizzard|p1b: Arcanine|[spread] \n|-miss|p2a: Ninetales|p1a: Dragonite\n|-miss|p2a: Ninetales|p1b: Arcanine\n|move|p1b: Arcanine|Flare Blitz|p2a: Ninetales|[miss]\n|-miss|p1b: Arcanine|p2a: Ninetales\n|move|p2b: Blastoise|Blizzard|p1a: Dragonite|[spread] \n|-miss|p2b: Blastoise|p1a: Dragonite\n|-miss|p2b: Blastoise|p1b: Arcanine\n|\n|-weather|Sandstorm|[upkeep]\n|-damage|p2a: Ninetales|94/100|[from] Sandstorm\n|-damage|p1b: Arcanine|68/100|[from] Sandstorm\n|-damage|p1a: Dragonite|94/100|[from] Sandstorm\n|-damage|p2b: Blastoise|45/100|[from] Sandstorm\n|upkeep\n|turn|6\n|\n|t:|1776214744\n|detailschange|p1a: Dragonite|Dragonite-Mega, L50, F\n|-mega|p1a: Dragonite|Dragonite|Dragoninite\n|move|p2a: Ninetales|Blizzard|p1b: Arcanine|[spread] p1a,p1b\n|-supereffective|p1a: Dragonite|2\n|-resisted|p1b: Arcanine|1\n|-damage|p1a: Dragonite|0 fnt\n|-damage|p1b: Arcanine|49/100\n|faint|p1a: Dragonite\n|move|p1b: Arcanine|Flare Blitz|p2a: Ninetales\n|-supereffective|p2a: Ninetales|1\n|-damage|p2a: Ninetales|0 fnt\n|faint|p2a: Ninetales\n|-damage|p1b: Arcanine|21/100|[from] Recoil\n|move|p2b: Blastoise|Blizzard|p1b: Arcanine|[miss]\n|-miss|p2b: Blastoise|p1b: Arcanine\n|\n|-weather|Sandstorm|[upkeep]\n|-damage|p1b: Arcanine|15/100|[from] Sandstorm\n|-damage|p2b: Blastoise|39/100|[from] Sandstorm\n|upkeep\n|\n|t:|1776214760\n|switch|p2a: Tyranitar|Tyranitar, L50, F|100/100\n|switch|p1a: Tyranitar|Tyranitar, L50, M|34/100\n|turn|7\n|\n|t:|1776214772\n|move|p1b: Arcanine|Extreme Speed|p2b: Blastoise\n|-damage|p2b: Blastoise|11/100\n|move|p1a: Tyranitar|Low Kick|p2a: Tyranitar\n|-supereffective|p2a: Tyranitar|2\n|-damage|p2a: Tyranitar|0 fnt\n|faint|p2a: Tyranitar\n|move|p2b: Blastoise|Water Spout|p1a: Tyranitar|[spread] p1a,p1b\n|-supereffective|p1a: Tyranitar|1\n|-supereffective|p1b: Arcanine|1\n|-damage|p1a: Tyranitar|30/100\n|-damage|p1b: Arcanine|8/100\n|\n|-weather|Sandstorm|[upkeep]\n|-damage|p1b: Arcanine|2/100|[from] Sandstorm\n|-damage|p2b: Blastoise|5/100|[from] Sandstorm\n|upkeep\n|turn|8\n|-message|pokemi AG forfeited.\n|\n|win|Benja\n|raw|Benja's rating: 1077 &rarr; <strong>1104</strong><br />(+27 for winning)\n|raw|pokemi AG's rating: 1060 &rarr; <strong>1042</strong><br />(-18 for losing)\n|l|\u2606pokemi AG\n|player|p2|\n",
  "uploadtime": 1776215006,
  "views": 24,
  "formatid": "gen9championsvgc2026regma",
  "rating": 1042,
  "private": 0,
  "password": null
}