{
  "id": "gen9championsvgc2026regma-2580742501",
  "format": "[Gen 9 Champions] VGC 2026 Reg M-A",
  "players": [
    "redistr",
    "sammg"
  ],
  "log": "|j|\u2606redistr\n|j|\u2606sammg\n|t:|1775928788\n|gametype|doubles\n|player|p1|redistr|chili|1265\n|player|p2|sammg|101|1280\n|gen|9\n|tier|[Gen 9 Champions] VGC 2026 Reg M-A\n|rated|\n|rule|Species Clause: Limit one of each Pok\u00e9mon\n|rule|Item Clause: Limit 1 of each item\n|clearpoke\n|poke|p1|Delphox, L50, F|\n|poke|p1|Garchomp, L50, F|\n|poke|p1|Incineroar, L50, F|\n|poke|p1|Sneasler, L50, F|\n|poke|p1|Kingambit, L50, F|\n|poke|p1|Floette-Eternal, L50, F|\n|poke|p2|Maushold-Four, L50|\n|poke|p2|Floette-Eternal, L50, F|\n|poke|p2|Garchomp, L50, M|\n|poke|p2|Talonflame, L50, M|\n|poke|p2|Rotom-Wash, L50|\n|poke|p2|Aegislash, L50, M|\n|teampreview|4\n|inactive|Battle timer is ON: inactive players will automatically lose when time's up. (requested by sammg)\n|inactive|redistr also wants the timer to be on.\n|inactive|sammg has 60 seconds left.\n|\n|t:|1775928843\n|teamsize|p1|4\n|teamsize|p2|4\n|start\n|switch|p1a: Karma|Incineroar, L50, F|100/100\n|switch|p1b: Again Again!|Delphox, L50, F|100/100\n|switch|p2a: Garchomp|Garchomp, L50, M|100/100\n|switch|p2b: Talonflame|Talonflame, L50, M|100/100\n|-ability|p1a: Karma|Intimidate|boost\n|-unboost|p2a: Garchomp|atk|1\n|-unboost|p2b: Talonflame|atk|1\n|turn|1\n|\n|t:|1775928859\n|detailschange|p1b: Again Again!|Delphox-Mega, L50, F\n|-mega|p1b: Again Again!|Delphox|Delphoxite\n|move|p1a: Karma|Fake Out|p2a: Garchomp\n|-damage|p2a: Garchomp|90/100\n|-damage|p1a: Karma|88/100|[from] ability: Rough Skin|[of] p2a: Garchomp\n|move|p2b: Talonflame|Tailwind|p2b: Talonflame\n|-sidestart|p2: sammg|move: Tailwind\n|cant|p2a: Garchomp|flinch\n|move|p1b: Again Again!|Psychic|p2a: Garchomp\n|-damage|p2a: Garchomp|35/100\n|-unboost|p2a: Garchomp|spd|1\n|\n|-heal|p1a: Karma|94/100|[from] item: Leftovers\n|upkeep\n|turn|2\n|inactive|sammg has 30 seconds left.\n|inactive|sammg has 20 seconds left.\n|inactive|sammg has 15 seconds left.\n|\n|t:|1775928901\n|move|p2a: Garchomp|Protect|p2a: Garchomp\n|-singleturn|p2a: Garchomp|Protect\n|move|p1b: Again Again!|Protect|p1b: Again Again!\n|-singleturn|p1b: Again Again!|Protect\n|move|p2b: Talonflame|Acrobatics|p1a: Karma\n|-damage|p1a: Karma|70/100\n|move|p1a: Karma|Parting Shot|p2b: Talonflame\n|-unboost|p2b: Talonflame|atk|1\n|-unboost|p2b: Talonflame|spa|1\n|\n|t:|1775928910\n|switch|p1a: Sneasler|Sneasler, L50, F|100/100|[from] Parting Shot\n|\n|upkeep\n|turn|3\n|\n|t:|1775928927\n|switch|p2a: Aegislash|Aegislash, L50, M|100/100\n|move|p1a: Sneasler|Fake Out|p2b: Talonflame\n|-damage|p2b: Talonflame|77/100\n|cant|p2b: Talonflame|flinch\n|move|p1b: Again Again!|Psychic|p2a: Aegislash\n|-resisted|p2a: Aegislash|1\n|-damage|p2a: Aegislash|80/100\n|\n|upkeep\n|turn|4\n|inactive|sammg has 30 seconds left.\n|\n|t:|1775928961\n|switch|p1a: Karma|Incineroar, L50, F|70/100\n|-ability|p1a: Karma|Intimidate|boost\n|-unboost|p2a: Aegislash|atk|1\n|-unboost|p2b: Talonflame|atk|1\n|move|p1b: Again Again!|Protect|p1b: Again Again!\n|-singleturn|p1b: Again Again!|Protect\n|move|p2b: Talonflame|Acrobatics|p1a: Karma\n|-damage|p1a: Karma|55/100\n|-formechange|p2a: Aegislash|Aegislash-Blade|\n|move|p2a: Aegislash|Iron Head|p1a: Karma\n|-resisted|p1a: Karma|1\n|-damage|p1a: Karma|44/100\n|\n|-heal|p1a: Karma|50/100|[from] item: Leftovers\n|-sideend|p2: sammg|move: Tailwind\n|upkeep\n|turn|5\n|inactive|redistr has 30 seconds left.\n|\n|t:|1775928987\n|move|p1a: Karma|Fake Out|p2b: Talonflame\n|-damage|p2b: Talonflame|60/100\n|move|p1b: Again Again!|Heat Wave|p2a: Aegislash|[spread] p2a,p2b\n|-supereffective|p2a: Aegislash|1\n|-resisted|p2b: Talonflame|1\n|-damage|p2a: Aegislash|0 fnt\n|-damage|p2b: Talonflame|31/100\n|faint|p2a: Aegislash\n|cant|p2b: Talonflame|flinch\n|\n|-heal|p1a: Karma|55/100|[from] item: Leftovers\n|upkeep\n|\n|t:|1775928992\n|switch|p2a: Floette|Floette-Eternal, L50, F|100/100\n|turn|6\n|\n|t:|1775929015\n|detailschange|p2a: Floette|Floette-Mega, L50, F\n|-mega|p2a: Floette|Floette|Floettite\n|-ability|p2a: Floette|Fairy Aura\n|move|p1b: Again Again!|Psychic|p2b: Talonflame\n|-damage|p2b: Talonflame|0 fnt\n|faint|p2b: Talonflame\n|move|p2a: Floette|Dazzling Gleam|p1a: Karma|[spread] p1a,p1b\n|-resisted|p1b: Again Again!|1\n|-damage|p1a: Karma|3/100\n|-damage|p1b: Again Again!|78/100\n|move|p1a: Karma|Parting Shot|p2a: Floette\n|-unboost|p2a: Floette|atk|1\n|-unboost|p2a: Floette|spa|1\n|\n|t:|1775929026\n|switch|p1a: Sneasler|Sneasler, L50, F|100/100|[from] Parting Shot\n|\n|upkeep\n|\n|t:|1775929029\n|switch|p2b: Garchomp|Garchomp, L50, M|35/100\n|turn|7\n|\n|t:|1775929043\n|move|p2b: Garchomp|Protect|p2b: Garchomp\n|-singleturn|p2b: Garchomp|Protect\n|move|p1a: Sneasler|Fake Out|p2a: Floette\n|-damage|p2a: Floette|86/100\n|move|p1b: Again Again!|Psychic|p2b: Garchomp\n|-activate|p2b: Garchomp|move: Protect\n|cant|p2a: Floette|flinch\n|\n|upkeep\n|turn|8\n|\n|t:|1775929053\n|move|p2a: Floette|Protect|p2a: Floette\n|-singleturn|p2a: Floette|Protect\n|move|p1b: Again Again!|Encore|p2b: Garchomp\n|-start|p2b: Garchomp|Encore\n|move|p2b: Garchomp|Protect||[still]\n|-fail|p2b: Garchomp\n|move|p1a: Sneasler|Dire Claw|p2a: Floette\n|-activate|p2a: Floette|move: Protect\n|\n|upkeep\n|turn|9\n|j| ConquestGanda\n|\n|t:|1775929063\n|move|p2b: Garchomp|Protect|p2b: Garchomp\n|-singleturn|p2b: Garchomp|Protect\n|move|p1b: Again Again!|Psychic|p2b: Garchomp\n|-activate|p2b: Garchomp|move: Protect\n|move|p1a: Sneasler|Dire Claw|p2a: Floette\n|-supereffective|p2a: Floette|1\n|-damage|p2a: Floette|0 fnt\n|faint|p2a: Floette\n|\n|upkeep\n|turn|10\n|-message|sammg forfeited.\n|\n|win|redistr\n|raw|redistr's rating: 1265 &rarr; <strong>1291</strong><br />(+26 for winning)\n|raw|sammg's rating: 1280 &rarr; <strong>1254</strong><br />(-26 for losing)\n|l|\u2606sammg\n|player|p2|\n|l|\u2606redistr\n|player|p1|\n|l| ConquestGanda\n",
  "uploadtime": 1775929159,
  "views": 60,
  "formatid": "gen9championsvgc2026regma",
  "rating": 1254,
  "private": 0,
  "password": null
}