{
  "id": "gen9championsvgc2026regma-2583554370",
  "format": "[Gen 9 Champions] VGC 2026 Reg M-A",
  "players": [
    "Geargiano",
    "aedyncash"
  ],
  "log": "|j|\u2606Geargiano\n|j|\u2606aedyncash\n|t:|1776182977\n|gametype|doubles\n|player|p1|Geargiano|169|1078\n|player|p2|aedyncash|170|1090\n|gen|9\n|tier|[Gen 9 Champions] VGC 2026 Reg M-A\n|rated|\n|rule|Species Clause: Limit one of each Pok\u00e9mon\n|rule|Item Clause: Limit 1 of each item\n|clearpoke\n|poke|p1|Pelipper, L50, M|\n|poke|p1|Politoed, L50, F|\n|poke|p1|Meganium, L50, M|\n|poke|p1|Basculegion, L50, M|\n|poke|p1|Aggron, L50, M|\n|poke|p1|Archaludon, L50, M|\n|poke|p2|Venusaur, L50, M|\n|poke|p2|Klefki, L50, F|\n|poke|p2|Pelipper, L50, F|\n|poke|p2|Rotom-Frost, L50|\n|poke|p2|Archaludon, L50, F|\n|teampreview|4\n|inactive|Battle timer is ON: inactive players will automatically lose when time's up. (requested by aedyncash)\n|\n|t:|1776183000\n|teamsize|p1|4\n|teamsize|p2|4\n|start\n|switch|p1a: Vapore0n|Politoed, L50, F|100/100\n|switch|p1b: Meganium|Meganium, L50, M|100/100\n|switch|p2a: Klefki|Klefki, L50, F|100/100\n|switch|p2b: Venusaur|Venusaur, L50, M|100/100\n|-weather|RainDance|[from] ability: Drizzle|[of] p1a: Vapore0n\n|turn|1\n|inactive|Geargiano has 30 seconds left.\n|inactive|Geargiano has 20 seconds left.\n|inactive|Geargiano has 15 seconds left.\n|inactive|Geargiano has 10 seconds left.\n|inactive|Geargiano has 5 seconds left.\n|\n|t:|1776183052\n|switch|p1b: Archaludon|Archaludon, L50, M|100/100\n|detailschange|p2b: Venusaur|Venusaur-Mega, L50, M\n|-mega|p2b: Venusaur|Venusaur|Venusaurite\n|move|p2a: Klefki|Light Screen|p2a: Klefki\n|-sidestart|p2: aedyncash|move: Light Screen\n|move|p1a: Vapore0n|Ice Beam|p2b: Venusaur\n|-supereffective|p2b: Venusaur|1\n|-damage|p2b: Venusaur|88/100\n|move|p2b: Venusaur|Sludge Bomb|p1b: Archaludon\n|-immune|p1b: Archaludon\n|\n|-weather|RainDance|[upkeep]\n|upkeep\n|turn|2\n|inactive|Geargiano has 30 seconds left.\n|\n|t:|1776183077\n|switch|p2a: Archaludon|Archaludon, L50, F|100/100\n|move|p1a: Vapore0n|Protect|p1a: Vapore0n\n|-singleturn|p1a: Vapore0n|Protect\n|move|p1b: Archaludon|Earthquake|p2a: Archaludon|[spread] p2a,p2b\n|-activate|p1a: Vapore0n|move: Protect\n|-supereffective|p2a: Archaludon|1\n|-damage|p2a: Archaludon|76/100\n|-damage|p2b: Venusaur|75/100\n|-ability|p2a: Archaludon|Stamina|boost\n|-boost|p2a: Archaludon|def|1\n|move|p2b: Venusaur|Earth Power|p1b: Archaludon\n|-supereffective|p1b: Archaludon|1\n|-damage|p1b: Archaludon|18/100\n|-ability|p1b: Archaludon|Stamina|boost\n|-boost|p1b: Archaludon|def|1\n|\n|-weather|RainDance|[upkeep]\n|-heal|p1b: Archaludon|24/100|[from] item: Leftovers\n|-heal|p2a: Archaludon|82/100|[from] item: Leftovers\n|upkeep\n|turn|3\n|\n|t:|1776183100\n|move|p1a: Vapore0n|Focus Blast|p2a: Archaludon\n|-supereffective|p2a: Archaludon|1\n|-crit|p2a: Archaludon\n|-damage|p2a: Archaludon|0 fnt\n|faint|p2a: Archaludon\n|move|p1b: Archaludon|Draco Meteor|p2b: Venusaur\n|-damage|p2b: Venusaur|42/100\n|-unboost|p1b: Archaludon|spa|2\n|move|p2b: Venusaur|Earth Power|p1b: Archaludon\n|-supereffective|p1b: Archaludon|1\n|-damage|p1b: Archaludon|0 fnt\n|faint|p1b: Archaludon\n|\n|-weather|RainDance|[upkeep]\n|upkeep\n|\n|t:|1776183114\n|switch|p2a: Klefki|Klefki, L50, F|100/100\n|switch|p1b: Meganium|Meganium, L50, M|100/100\n|turn|4\n|\n|t:|1776183128\n|detailschange|p1b: Meganium|Meganium-Mega, L50, M\n|-mega|p1b: Meganium|Meganium|Meganiumite\n|move|p1a: Vapore0n|Protect|p1a: Vapore0n\n|-singleturn|p1a: Vapore0n|Protect\n|move|p2a: Klefki|Reflect|p2a: Klefki\n|-sidestart|p2: aedyncash|Reflect\n|move|p1b: Meganium|Weather Ball|p2b: Venusaur\n|-supereffective|p2b: Venusaur|1\n|-damage|p2b: Venusaur|9/100\n|move|p2b: Venusaur|Giga Drain|p1a: Vapore0n\n|-activate|p1a: Vapore0n|move: Protect\n|\n|-weather|RainDance|[upkeep]\n|upkeep\n|turn|5\n|\n|t:|1776183151\n|move|p1a: Vapore0n|Ice Beam|p2b: Venusaur\n|-supereffective|p2b: Venusaur|1\n|-damage|p2b: Venusaur|0 fnt\n|faint|p2b: Venusaur\n|move|p1b: Meganium|Earth Power|p2a: Klefki\n|-supereffective|p2a: Klefki|1\n|-damage|p2a: Klefki|51/100\n|move|p2a: Klefki|Foul Play|p1a: Vapore0n\n|-damage|p1a: Vapore0n|79/100\n|\n|-weather|none\n|-sideend|p2: aedyncash|move: Light Screen\n|upkeep\n|\n|t:|1776183164\n|switch|p2b: Pelipper|Pelipper, L50, F|100/100\n|-weather|RainDance|[from] ability: Drizzle|[of] p2b: Pelipper\n|turn|6\n|inactive|Geargiano has 30 seconds left.\n|inactive|Geargiano has 20 seconds left.\n|inactive|Geargiano has 15 seconds left.\n|\n|t:|1776183209\n|move|p1a: Vapore0n|Focus Blast|p2a: Klefki\n|-damage|p2a: Klefki|16/100\n|-enditem|p2a: Klefki|Sitrus Berry|[eat]\n|-heal|p2a: Klefki|41/100|[from] item: Sitrus Berry\n|move|p1b: Meganium|Solar Beam||[still]\n|-prepare|p1b: Meganium|Solar Beam\n|-activate|p1b: Meganium|ability: Mega Sol\n|-anim|p1b: Meganium|Solar Beam|p2b: Pelipper\n|-damage|p2b: Pelipper|32/100\n|move|p2a: Klefki|Foul Play|p1a: Vapore0n\n|-crit|p1a: Vapore0n\n|-damage|p1a: Vapore0n|50/100\n|move|p2b: Pelipper|Hurricane|p1b: Meganium\n|-supereffective|p1b: Meganium|1\n|-damage|p1b: Meganium|33/100\n|\n|-weather|RainDance|[upkeep]\n|upkeep\n|turn|7\n|\n|t:|1776183231\n|move|p2a: Klefki|Light Screen|p2a: Klefki\n|-sidestart|p2: aedyncash|move: Light Screen\n|move|p1a: Vapore0n|Focus Blast|p2b: Pelipper|[miss]\n|-miss|p1a: Vapore0n|p2b: Pelipper\n|move|p1b: Meganium|Earth Power|p2a: Klefki\n|-supereffective|p2a: Klefki|1\n|-damage|p2a: Klefki|0 fnt\n|faint|p2a: Klefki\n|move|p2b: Pelipper|Hurricane|p1b: Meganium\n|-supereffective|p1b: Meganium|1\n|-damage|p1b: Meganium|0 fnt\n|faint|p1b: Meganium\n|\n|-weather|RainDance|[upkeep]\n|upkeep\n|\n|t:|1776183242\n|switch|p1b: Basculegion|Basculegion, L50, M|100/100\n|turn|8\n|\n|t:|1776183251\n|move|p1a: Vapore0n|Protect|p1a: Vapore0n\n|-singleturn|p1a: Vapore0n|Protect\n|move|p1b: Basculegion|Last Respects|p2b: Pelipper\n|-damage|p2b: Pelipper|0 fnt\n|faint|p2b: Pelipper\n|\n|win|Geargiano\n|raw|Geargiano's rating: 1078 &rarr; <strong>1107</strong><br />(+29 for winning)\n|raw|aedyncash's rating: 1090 &rarr; <strong>1066</strong><br />(-24 for losing)\n",
  "uploadtime": 1776183255,
  "views": 15,
  "formatid": "gen9championsvgc2026regma",
  "rating": 1066,
  "private": 0,
  "password": null
}