{
  "id": "gen9championsvgc2026regma-2588525361",
  "format": "[Gen 9 Champions] VGC 2026 Reg M-A",
  "players": [
    "thicc latina lover",
    "Tapuleletiamo"
  ],
  "log": "|j|\u2606thicc latina lover\n|j|\u2606Tapuleletiamo\n|t:|1776641612\n|gametype|doubles\n|player|p1|thicc latina lover|skyla|1424\n|player|p2|Tapuleletiamo|169|1439\n|gen|9\n|tier|[Gen 9 Champions] VGC 2026 Reg M-A\n|rated|\n|rule|Species Clause: Limit one of each Pok\u00e9mon\n|rule|Item Clause: Limit 1 of each item\n|clearpoke\n|poke|p1|Venusaur, L50, M, shiny|\n|poke|p1|Pelipper, L50, F, shiny|\n|poke|p1|Basculegion, L50, M|\n|poke|p1|Archaludon, L50, M|\n|poke|p1|Sneasler, L50, M|\n|poke|p1|Incineroar, L50, F|\n|poke|p2|Sableye, L50, M|\n|poke|p2|Floette-Eternal, L50, F|\n|poke|p2|Archaludon, L50, M|\n|poke|p2|Talonflame, L50, M|\n|poke|p2|Sneasler, L50, M|\n|poke|p2|Garchomp, L50, M|\n|teampreview|4\n|inactive|Battle timer is ON: inactive players will automatically lose when time's up. (requested by Tapuleletiamo)\n|\n|t:|1776641635\n|teamsize|p1|4\n|teamsize|p2|4\n|start\n|switch|p1a: Venusaur|Venusaur, L50, M, shiny|100/100\n|switch|p1b: Sneasler|Sneasler, L50, M|100/100\n|switch|p2a: Sableye|Sableye, L50, M|100/100\n|switch|p2b: Archaludon|Archaludon, L50, M|100/100\n|turn|1\n|j| Charlie Kirkegaard\n|\n|t:|1776641647\n|detailschange|p1a: Venusaur|Venusaur-Mega, L50, M, shiny\n|-mega|p1a: Venusaur|Venusaur|Venusaurite\n|move|p2b: Archaludon|Protect|p2b: Archaludon\n|-singleturn|p2b: Archaludon|Protect\n|move|p1b: Sneasler|Fake Out|p2b: Archaludon\n|-activate|p2b: Archaludon|move: Protect\n|move|p2a: Sableye|Will-O-Wisp|p1b: Sneasler\n|-status|p1b: Sneasler|brn\n|move|p1a: Venusaur|Leech Seed|p2a: Sableye\n|-start|p2a: Sableye|move: Leech Seed\n|\n|-damage|p2a: Sableye|88/100|[from] Leech Seed|[of] p1a: Venusaur\n|-damage|p1b: Sneasler|95/100 brn|[from] brn\n|upkeep\n|turn|2\n|\n|t:|1776641665\n|move|p2a: Sableye|Rain Dance|p2a: Sableye\n|-weather|RainDance\n|move|p1b: Sneasler|Coaching|p1a: Venusaur\n|-boost|p1a: Venusaur|atk|1\n|-boost|p1a: Venusaur|def|1\n|move|p2b: Archaludon|Electro Shot||[still]\n|-prepare|p2b: Archaludon|Electro Shot\n|-boost|p2b: Archaludon|spa|1\n|-anim|p2b: Archaludon|Electro Shot|p1b: Sneasler\n|-damage|p1b: Sneasler|19/100 brn\n|move|p1a: Venusaur|Leech Seed|p2b: Archaludon\n|-start|p2b: Archaludon|move: Leech Seed\n|\n|-weather|RainDance|[upkeep]\n|-damage|p2b: Archaludon|88/100|[from] Leech Seed|[of] p1a: Venusaur\n|-damage|p2a: Sableye|76/100|[from] Leech Seed|[of] p1a: Venusaur\n|-damage|p1b: Sneasler|13/100 brn|[from] brn\n|upkeep\n|turn|3\n|\n|t:|1776641680\n|move|p2a: Sableye|Light Screen|p2a: Sableye\n|-sidestart|p2: Tapuleletiamo|move: Light Screen\n|move|p1b: Sneasler|Close Combat|p2b: Archaludon\n|-supereffective|p2b: Archaludon|1\n|-damage|p2b: Archaludon|53/100\n|-unboost|p1b: Sneasler|def|1\n|-unboost|p1b: Sneasler|spd|1\n|-ability|p2b: Archaludon|Stamina|boost\n|-boost|p2b: Archaludon|def|1\n|-enditem|p1b: Sneasler|White Herb\n|-clearnegativeboost|p1b: Sneasler|[silent]\n|move|p2b: Archaludon|Electro Shot||[still]\n|-prepare|p2b: Archaludon|Electro Shot\n|-boost|p2b: Archaludon|spa|1\n|-anim|p2b: Archaludon|Electro Shot|p1b: Sneasler\n|-damage|p1b: Sneasler|0 fnt\n|faint|p1b: Sneasler\n|move|p1a: Venusaur|Giga Drain|p2a: Sableye\n|-damage|p2a: Sableye|53/100\n|\n|-weather|RainDance|[upkeep]\n|-heal|p2b: Archaludon|59/100|[from] item: Leftovers\n|-damage|p2b: Archaludon|47/100|[from] Leech Seed|[of] p1a: Venusaur\n|-damage|p2a: Sableye|41/100|[from] Leech Seed|[of] p1a: Venusaur\n|upkeep\n|\n|t:|1776641696\n|switch|p1b: Incineroar|Incineroar, L50, F|100/100\n|-ability|p1b: Incineroar|Intimidate|boost\n|-unboost|p2a: Sableye|atk|1\n|-unboost|p2b: Archaludon|atk|1\n|turn|4\n|\n|t:|1776641702\n|switch|p2a: Talonflame|Talonflame, L50, M|100/100\n|move|p2b: Archaludon|Protect|p2b: Archaludon\n|-singleturn|p2b: Archaludon|Protect\n|move|p1b: Incineroar|Fake Out|p2b: Archaludon\n|-activate|p2b: Archaludon|move: Protect\n|move|p1a: Venusaur|Giga Drain|p2a: Talonflame\n|-resisted|p2a: Talonflame|2\n|-damage|p2a: Talonflame|92/100\n|\n|-weather|RainDance|[upkeep]\n|-heal|p2b: Archaludon|53/100|[from] item: Leftovers\n|-damage|p2b: Archaludon|41/100|[from] Leech Seed|[of] p1a: Venusaur\n|upkeep\n|turn|5\n|inactive|Tapuleletiamo has 30 seconds left.\n|\n|t:|1776641730\n|move|p1a: Venusaur|Protect|p1a: Venusaur\n|-singleturn|p1a: Venusaur|Protect\n|move|p2a: Talonflame|Dual Wingbeat|p1a: Venusaur\n|-activate|p1a: Venusaur|move: Protect\n|move|p2b: Archaludon|Dragon Pulse|p1a: Venusaur\n|-activate|p1a: Venusaur|move: Protect\n|move|p1b: Incineroar|Parting Shot|p2a: Talonflame\n|-unboost|p2a: Talonflame|atk|1\n|-unboost|p2a: Talonflame|spa|1\n|\n|t:|1776641740\n|switch|p1b: Basculegion|Basculegion, L50, M|100/100|[from] Parting Shot\n|\n|-weather|RainDance|[upkeep]\n|-heal|p2b: Archaludon|47/100|[from] item: Leftovers\n|-damage|p2b: Archaludon|35/100|[from] Leech Seed|[of] p1a: Venusaur\n|upkeep\n|turn|6\n|\n|t:|1776641762\n|move|p1b: Basculegion|Flip Turn|p2a: Talonflame\n|-supereffective|p2a: Talonflame|1\n|-damage|p2a: Talonflame|0 fnt\n|faint|p2a: Talonflame\n|\n|t:|1776641766\n|switch|p1b: Incineroar|Incineroar, L50, F|100/100|[from] Flip Turn\n|-ability|p1b: Incineroar|Intimidate|boost\n|-unboost|p2b: Archaludon|atk|1\n|move|p2b: Archaludon|Electro Shot||[still]\n|-prepare|p2b: Archaludon|Electro Shot\n|-boost|p2b: Archaludon|spa|1\n|-anim|p2b: Archaludon|Electro Shot|p1b: Incineroar\n|-damage|p1b: Incineroar|41/100\n|move|p1a: Venusaur|Giga Drain|p2b: Archaludon\n|-resisted|p2b: Archaludon|2\n|-damage|p2b: Archaludon|29/100\n|-ability|p2b: Archaludon|Stamina|boost\n|-boost|p2b: Archaludon|def|1\n|\n|-weather|none\n|-heal|p2b: Archaludon|36/100|[from] item: Leftovers\n|-damage|p2b: Archaludon|23/100|[from] Leech Seed|[of] p1a: Venusaur\n|upkeep\n|\n|t:|1776641786\n|switch|p2a: Sableye|Sableye, L50, M|41/100\n|turn|7\n|\n|t:|1776641797\n|move|p2b: Archaludon|Protect|p2b: Archaludon\n|-singleturn|p2b: Archaludon|Protect\n|move|p1b: Incineroar|Fake Out|p2b: Archaludon\n|-activate|p2b: Archaludon|move: Protect\n|move|p2a: Sableye|Will-O-Wisp|p1a: Venusaur\n|-status|p1a: Venusaur|brn\n|move|p1a: Venusaur|Giga Drain|p2a: Sableye\n|-damage|p2a: Sableye|17/100\n|\n|-heal|p2b: Archaludon|29/100|[from] item: Leftovers\n|-damage|p2b: Archaludon|17/100|[from] Leech Seed|[of] p1a: Venusaur\n|-damage|p1a: Venusaur|95/100 brn|[from] brn\n|-sideend|p2: Tapuleletiamo|move: Light Screen\n|upkeep\n|turn|8\n|\n|t:|1776641812\n|move|p2a: Sableye|Rain Dance|p2a: Sableye\n|-weather|RainDance\n|move|p2b: Archaludon|Electro Shot||[still]\n|-prepare|p2b: Archaludon|Electro Shot\n|-boost|p2b: Archaludon|spa|1\n|-anim|p2b: Archaludon|Electro Shot|p1b: Incineroar\n|-damage|p1b: Incineroar|0 fnt\n|faint|p1b: Incineroar\n|move|p1a: Venusaur|Giga Drain|p2b: Archaludon\n|-resisted|p2b: Archaludon|2\n|-damage|p2b: Archaludon|9/100\n|-heal|p1a: Venusaur|99/100 brn|[from] drain|[of] p2b: Archaludon\n|-ability|p2b: Archaludon|Stamina|boost\n|-boost|p2b: Archaludon|def|1\n|\n|-weather|RainDance|[upkeep]\n|-heal|p2b: Archaludon|15/100|[from] item: Leftovers\n|-damage|p2b: Archaludon|3/100|[from] Leech Seed|[of] p1a: Venusaur\n|-heal|p1a: Venusaur|100/100 brn|[silent]\n|-damage|p1a: Venusaur|95/100 brn|[from] brn\n|upkeep\n|\n|t:|1776641819\n|switch|p1b: Basculegion|Basculegion, L50, M|100/100\n|turn|9\n|\n|t:|1776641828\n|move|p1b: Basculegion|Aqua Jet|p2b: Archaludon\n|-resisted|p2b: Archaludon|1\n|-damage|p2b: Archaludon|0 fnt\n|faint|p2b: Archaludon\n|move|p1a: Venusaur|Giga Drain|p2a: Sableye\n|-damage|p2a: Sableye|0 fnt\n|-heal|p1a: Venusaur|100/100 brn|[from] drain|[of] p2a: Sableye\n|faint|p2a: Sableye\n|\n|-weather|RainDance|[upkeep]\n|-damage|p1a: Venusaur|95/100 brn|[from] brn\n|upkeep\n|-message|Tapuleletiamo forfeited.\n|\n|win|thicc latina lover\n|raw|thicc latina lover's rating: 1424 &rarr; <strong>1445</strong><br />(+21 for winning)\n|raw|Tapuleletiamo's rating: 1439 &rarr; <strong>1418</strong><br />(-21 for losing)\n",
  "uploadtime": 1776641839,
  "views": 14,
  "formatid": "gen9championsvgc2026regma",
  "rating": 1418,
  "private": 0,
  "password": null
}