{
  "id": "gen9championsvgc2026regma-2589486555",
  "format": "[Gen 9 Champions] VGC 2026 Reg M-A",
  "players": [
    "mayterenzi",
    "SyntaxError24"
  ],
  "log": "|j|\u203dmayterenzi\n|j|\u2606SyntaxError24\n|t:|1776727347\n|gametype|doubles\n|player|p1|mayterenzi|guitarist|1026\n|player|p2|SyntaxError24|1|1018\n|gen|9\n|tier|[Gen 9 Champions] VGC 2026 Reg M-A\n|rated|\n|rule|Species Clause: Limit one of each Pok\u00e9mon\n|rule|Item Clause: Limit 1 of each item\n|clearpoke\n|poke|p1|Meganium, L50, F|\n|poke|p1|Hippowdon, L50, F|\n|poke|p1|Kleavor, L50, M|\n|poke|p1|Goodra-Hisui, L50, F|\n|poke|p1|Spiritomb, L50, M|\n|poke|p1|Kommo-o, L50, F|\n|poke|p2|Floette-Eternal, L50, F|\n|poke|p2|Aerodactyl, L50, M|\n|poke|p2|Garchomp, L50, F|\n|poke|p2|Kangaskhan, L50, F|\n|poke|p2|Aegislash, L50, F|\n|poke|p2|Rotom-Wash, L50|\n|teampreview|4\n|\n|t:|1776727385\n|teamsize|p1|4\n|teamsize|p2|4\n|start\n|switch|p1a: Hippowdon|Hippowdon, L50, F|100/100\n|switch|p1b: Kleavor|Kleavor, L50, M|100/100\n|switch|p2a: Aerodactyl|Aerodactyl, L50, M|100/100\n|switch|p2b: Kangaskhan|Kangaskhan, L50, F|100/100\n|-ability|p2a: Aerodactyl|Unnerve\n|-weather|Sandstorm|[from] ability: Sand Stream|[of] p1a: Hippowdon\n|turn|1\n|\n|t:|1776727402\n|detailschange|p2b: Kangaskhan|Kangaskhan-Mega, L50, F\n|-mega|p2b: Kangaskhan|Kangaskhan|Kangaskhanite\n|move|p2b: Kangaskhan|Fake Out|p1b: Kleavor\n|-resisted|p1b: Kleavor|1\n|-damage|p1b: Kleavor|89/100\n|-resisted|p1b: Kleavor|1\n|-damage|p1b: Kleavor|87/100\n|-hitcount|p1b: Kleavor|2\n|move|p2a: Aerodactyl|Tailwind|p2a: Aerodactyl\n|-sidestart|p2: SyntaxError24|move: Tailwind\n|cant|p1b: Kleavor|flinch\n|move|p1a: Hippowdon|Rock Slide|p2b: Kangaskhan|[spread] p2a,p2b\n|-supereffective|p2a: Aerodactyl|1\n|-damage|p2a: Aerodactyl|64/100\n|-damage|p2b: Kangaskhan|87/100\n|\n|-weather|Sandstorm|[upkeep]\n|-damage|p2b: Kangaskhan|81/100|[from] Sandstorm\n|upkeep\n|turn|2\n|\n|t:|1776727424\n|move|p2a: Aerodactyl|Wide Guard|p2a: Aerodactyl\n|-singleturn|p2a: Aerodactyl|Wide Guard\n|move|p2b: Kangaskhan|Drain Punch|p1b: Kleavor\n|-damage|p1b: Kleavor|58/100\n|-heal|p2b: Kangaskhan|94/100|[from] drain|[of] p1b: Kleavor\n|-damage|p1b: Kleavor|51/100\n|-heal|p2b: Kangaskhan|97/100|[from] drain|[of] p1b: Kleavor\n|-hitcount|p1b: Kleavor|2\n|move|p1b: Kleavor|Tailwind|p1b: Kleavor\n|-sidestart|p1: mayterenzi|move: Tailwind\n|move|p1a: Hippowdon|Yawn|p2b: Kangaskhan\n|-start|p2b: Kangaskhan|move: Yawn|[of] p1a: Hippowdon\n|\n|-weather|Sandstorm|[upkeep]\n|-damage|p2b: Kangaskhan|91/100|[from] Sandstorm\n|upkeep\n|turn|3\n|\n|t:|1776727451\n|switch|p2b: Rotom|Rotom-Wash, L50|100/100\n|move|p2a: Aerodactyl|Rock Slide|p1a: Hippowdon|[spread] p1a,p1b\n|-resisted|p1a: Hippowdon|1\n|-supereffective|p1b: Kleavor|1\n|-damage|p1a: Hippowdon|94/100\n|-damage|p1b: Kleavor|3/100\n|move|p1b: Kleavor|Stone Axe|p2a: Aerodactyl\n|-supereffective|p2a: Aerodactyl|1\n|-damage|p2a: Aerodactyl|0 fnt\n|-sidestart|p2: SyntaxError24|move: Stealth Rock\n|faint|p2a: Aerodactyl\n|move|p1a: Hippowdon|Mud-Slap|p2b: Rotom\n|-immune|p2b: Rotom|[from] ability: Levitate\n|\n|-weather|Sandstorm|[upkeep]\n|-damage|p2b: Rotom|95/100|[from] Sandstorm\n|upkeep\n|\n|t:|1776727467\n|switch|p2a: Kangaskhan|Kangaskhan-Mega, L50, F|91/100\n|-damage|p2a: Kangaskhan|79/100|[from] Stealth Rock\n|turn|4\n|\n|t:|1776727476\n|move|p2a: Kangaskhan|Fake Out|p1b: Kleavor\n|-resisted|p1b: Kleavor|1\n|-damage|p1b: Kleavor|0 fnt\n|faint|p1b: Kleavor\n|-hitcount|p1: Kleavor|1\n|move|p2b: Rotom|Will-O-Wisp|p1a: Hippowdon\n|-status|p1a: Hippowdon|brn\n|move|p1a: Hippowdon|Mud-Slap|p2a: Kangaskhan\n|-crit|p2a: Kangaskhan\n|-damage|p2a: Kangaskhan|69/100\n|-unboost|p2a: Kangaskhan|accuracy|1\n|\n|-weather|Sandstorm|[upkeep]\n|-damage|p2b: Rotom|89/100|[from] Sandstorm\n|-damage|p2a: Kangaskhan|63/100|[from] Sandstorm\n|-damage|p1a: Hippowdon|88/100 brn|[from] brn\n|-sideend|p2: SyntaxError24|move: Tailwind\n|upkeep\n|\n|t:|1776727482\n|switch|p1b: Meganium|Meganium, L50, F|100/100\n|turn|5\n|\n|t:|1776727501\n|switch|p2b: Garchomp|Garchomp, L50, F|100/100\n|-damage|p2b: Garchomp|94/100|[from] Stealth Rock\n|detailschange|p1b: Meganium|Meganium-Mega, L50, F\n|-mega|p1b: Meganium|Meganium|Meganiumite\n|move|p1b: Meganium|Solar Beam||[still]\n|-prepare|p1b: Meganium|Solar Beam\n|-activate|p1b: Meganium|ability: Mega Sol\n|-anim|p1b: Meganium|Solar Beam|p2b: Garchomp\n|-damage|p2b: Garchomp|15/100\n|move|p2a: Kangaskhan|Double-Edge|p1b: Meganium\n|-damage|p1b: Meganium|43/100\n|-damage|p1b: Meganium|30/100\n|-hitcount|p1b: Meganium|2\n|-damage|p2a: Kangaskhan|42/100|[from] Recoil\n|move|p1a: Hippowdon|Yawn|p2b: Garchomp\n|-start|p2b: Garchomp|move: Yawn|[of] p1a: Hippowdon\n|\n|-weather|none\n|-damage|p1a: Hippowdon|82/100 brn|[from] brn\n|-sideend|p1: mayterenzi|move: Tailwind\n|upkeep\n|turn|6\n|\n|t:|1776727531\n|switch|p2b: Rotom|Rotom-Wash, L50|89/100\n|-damage|p2b: Rotom|78/100|[from] Stealth Rock\n|move|p2a: Kangaskhan|Sucker Punch|p1b: Meganium|[miss]\n|-miss|p2a: Kangaskhan|p1b: Meganium\n|move|p1b: Meganium|Dazzling Gleam|p2a: Kangaskhan|[spread] p2a,p2b\n|-damage|p2a: Kangaskhan|10/100\n|-damage|p2b: Rotom|30/100\n|move|p1a: Hippowdon|Mud-Slap|p2a: Kangaskhan\n|-damage|p2a: Kangaskhan|4/100\n|-unboost|p2a: Kangaskhan|accuracy|1\n|\n|-damage|p1a: Hippowdon|76/100 brn|[from] brn\n|upkeep\n|turn|7\n|\n|t:|1776727570\n|move|p2b: Rotom|Hydro Pump|p1a: Hippowdon|[miss]\n|-miss|p2b: Rotom|p1a: Hippowdon\n|move|p2a: Kangaskhan|Double-Edge|p1b: Meganium\n|-damage|p1b: Meganium|0 fnt\n|faint|p1b: Meganium\n|-hitcount|p1: Meganium|1\n|-damage|p2a: Kangaskhan|0 fnt|[from] Recoil\n|faint|p2a: Kangaskhan\n|move|p1a: Hippowdon|Yawn|p2b: Rotom\n|-start|p2b: Rotom|move: Yawn|[of] p1a: Hippowdon\n|\n|-damage|p1a: Hippowdon|70/100 brn|[from] brn\n|upkeep\n|\n|t:|1776727577\n|switch|p2a: Garchomp|Garchomp, L50, F|15/100\n|switch|p1b: Spiritomb|Spiritomb, L50, M|100/100\n|-damage|p2a: Garchomp|9/100|[from] Stealth Rock\n|-ability|p1b: Spiritomb|Pressure\n|turn|8\n|\n|t:|1776727591\n|move|p1b: Spiritomb|Sucker Punch|p2a: Garchomp\n|-damage|p2a: Garchomp|0 fnt\n|-damage|p1b: Spiritomb|88/100|[from] ability: Rough Skin|[of] p2a: Garchomp\n|faint|p2a: Garchomp\n|move|p2b: Rotom|Hydro Pump|p1a: Hippowdon\n|-supereffective|p1a: Hippowdon|1\n|-enditem|p1a: Hippowdon|Passho Berry|[eat]\n|-enditem|p1a: Hippowdon|Passho Berry|[weaken]\n|-damage|p1a: Hippowdon|22/100 brn\n|move|p1a: Hippowdon|Hyper Voice|p2b: Rotom\n|-damage|p2b: Rotom|8/100\n|\n|-damage|p1a: Hippowdon|16/100 brn|[from] brn\n|-end|p2b: Rotom|move: Yawn|[silent]\n|-status|p2b: Rotom|slp\n|upkeep\n|turn|9\n|\n|t:|1776727604\n|move|p1b: Spiritomb|Sucker Punch|p2b: Rotom\n|-damage|p2b: Rotom|0 fnt\n|faint|p2b: Rotom\n|\n|win|mayterenzi\n|raw|mayterenzi's rating: 1026 &rarr; <strong>1061</strong><br />(+35 for winning)\n|raw|SyntaxError24's rating: 1018 &rarr; <strong>1006</strong><br />(-12 for losing)\n",
  "uploadtime": 1776727609,
  "views": 12,
  "formatid": "gen9championsvgc2026regma",
  "rating": 1006,
  "private": 0,
  "password": null
}