{
  "id": "gen9championsvgc2026regma-2583173258",
  "format": "[Gen 9 Champions] VGC 2026 Reg M-A",
  "players": [
    "zaxa",
    "Metaboss24"
  ],
  "log": "|j|\u203dzaxa\n|j|\u2606Metaboss24\n|t:|1776150907\n|gametype|doubles\n|player|p1|zaxa|cynthia|1015\n|player|p2|Metaboss24|cynthia-gen4|1050\n|gen|9\n|tier|[Gen 9 Champions] VGC 2026 Reg M-A\n|rated|\n|rule|Species Clause: Limit one of each Pok\u00e9mon\n|rule|Item Clause: Limit 1 of each item\n|clearpoke\n|poke|p1|Incineroar, L50, M|\n|poke|p1|Feraligatr, L50, M|\n|poke|p1|Pelipper, L50, F|\n|poke|p1|Basculegion, L50, M|\n|poke|p1|Archaludon, L50, F|\n|poke|p1|Sneasler, L50, M|\n|poke|p2|Sableye, L50, M|\n|poke|p2|Floette-Eternal, L50, F|\n|poke|p2|Aerodactyl, L50, M|\n|poke|p2|Heracross, L50, F|\n|poke|p2|Delphox, L50, F|\n|poke|p2|Garchomp, L50, M|\n|teampreview|4\n|\n|t:|1776150949\n|teamsize|p1|4\n|teamsize|p2|4\n|start\n|switch|p1a: Pelipper|Pelipper, L50, F|100/100\n|switch|p1b: Sneasler|Sneasler, L50, M|100/100\n|switch|p2a: Sableye|Sableye, L50, M, shiny|100/100\n|switch|p2b: Heracross|Heracross, L50, F, shiny|100/100\n|-weather|RainDance|[from] ability: Drizzle|[of] p1a: Pelipper\n|turn|1\n|\n|t:|1776150979\n|move|p1b: Sneasler|Fake Out|p2b: Heracross\n|-damage|p2b: Heracross|77/100\n|move|p2a: Sableye|Will-O-Wisp|p1b: Sneasler\n|-status|p1b: Sneasler|brn\n|cant|p2b: Heracross|flinch\n|move|p1a: Pelipper|Tailwind|p1a: Pelipper\n|-sidestart|p1: zaxa|move: Tailwind\n|\n|-weather|RainDance|[upkeep]\n|-damage|p1b: Sneasler|95/100 brn|[from] brn\n|upkeep\n|turn|2\n|\n|t:|1776151010\n|move|p2a: Sableye|Encore|p1a: Pelipper\n|-start|p1a: Pelipper|Encore\n|move|p1b: Sneasler|Rock Slide|p2b: Heracross|[spread] p2a,p2b\n|-damage|p2a: Sableye|90/100\n|-damage|p2b: Heracross|62/100\n|move|p1a: Pelipper|Tailwind||[still]\n|-fail|p1a: Pelipper\n|cant|p2b: Heracross|flinch\n|\n|-weather|RainDance|[upkeep]\n|-damage|p1b: Sneasler|89/100 brn|[from] brn\n|upkeep\n|turn|3\n|\n|t:|1776151030\n|switch|p1a: Basculegion|Basculegion, L50, M|100/100\n|move|p2a: Sableye|Quash|p1b: Sneasler\n|-activate|p1b: Sneasler|move: Quash\n|move|p2b: Heracross|Rock Slide|p1b: Sneasler|[spread] p1a,p1b\n|-resisted|p1b: Sneasler|1\n|-damage|p1a: Basculegion|69/100\n|-damage|p1b: Sneasler|71/100 brn\n|move|p1b: Sneasler|Rock Slide|p2b: Heracross|[spread] p2a\n|-miss|p1b: Sneasler|p2b: Heracross\n|-crit|p2a: Sableye\n|-damage|p2a: Sableye|75/100\n|\n|-weather|RainDance|[upkeep]\n|-damage|p1b: Sneasler|65/100 brn|[from] brn\n|upkeep\n|turn|4\n|\n|t:|1776151067\n|move|p2a: Sableye|Will-O-Wisp|p1a: Basculegion\n|-status|p1a: Basculegion|brn\n|move|p1a: Basculegion|Wave Crash|p2b: Heracross\n|-damage|p2b: Heracross|0 fnt\n|faint|p2b: Heracross\n|-damage|p1a: Basculegion|53/100 brn|[from] Recoil\n|move|p1b: Sneasler|Rock Slide|p2a: Sableye\n|-damage|p2a: Sableye|60/100\n|\n|-weather|RainDance|[upkeep]\n|-damage|p1a: Basculegion|47/100 brn|[from] brn\n|-damage|p1b: Sneasler|59/100 brn|[from] brn\n|-sideend|p1: zaxa|move: Tailwind\n|upkeep\n|\n|t:|1776151091\n|switch|p2b: Floette|Floette-Eternal, L50, F|100/100\n|turn|5\n|\n|t:|1776151110\n|detailschange|p2b: Floette|Floette-Mega, L50, F\n|-mega|p2b: Floette|Floette|Floettite\n|-ability|p2b: Floette|Fairy Aura\n|move|p2a: Sableye|Quash|p1b: Sneasler\n|-activate|p1b: Sneasler|move: Quash\n|move|p1a: Basculegion|Wave Crash|p2b: Floette\n|-crit|p2b: Floette\n|-damage|p2b: Floette|8/100\n|-damage|p1a: Basculegion|23/100 brn|[from] Recoil\n|move|p2b: Floette|Dazzling Gleam|p1b: Sneasler|[spread] p1a,p1b\n|-damage|p1a: Basculegion|0 fnt\n|-damage|p1b: Sneasler|0 fnt\n|faint|p1a: Basculegion\n|faint|p1b: Sneasler\n|\n|-weather|none\n|upkeep\n|\n|t:|1776151129\n|switch|p1b: Incineroar|Incineroar, L50, M|100/100\n|switch|p1a: Pelipper|Pelipper, L50, F|100/100\n|-ability|p1b: Incineroar|Intimidate|boost\n|-unboost|p2a: Sableye|atk|1\n|-unboost|p2b: Floette|atk|1\n|-weather|RainDance|[from] ability: Drizzle|[of] p1a: Pelipper\n|turn|6\n|\n|t:|1776151154\n|move|p2b: Floette|Protect|p2b: Floette\n|-singleturn|p2b: Floette|Protect\n|move|p1b: Incineroar|Fake Out|p2b: Floette\n|-activate|p2b: Floette|move: Protect\n|move|p2a: Sableye|Will-O-Wisp|p1a: Pelipper\n|-status|p1a: Pelipper|brn\n|move|p1a: Pelipper|Hurricane|p2a: Sableye\n|-damage|p2a: Sableye|0 fnt\n|faint|p2a: Sableye\n|\n|-weather|RainDance|[upkeep]\n|-damage|p1a: Pelipper|95/100 brn|[from] brn\n|upkeep\n|\n|t:|1776151166\n|switch|p2a: Aerodactyl|Aerodactyl, L50, M|100/100\n|-ability|p2a: Aerodactyl|Unnerve\n|turn|7\n|\n|t:|1776151190\n|move|p2a: Aerodactyl|Rock Slide|p1b: Incineroar|[spread] p1a,p1b\n|-supereffective|p1a: Pelipper|1\n|-supereffective|p1b: Incineroar|1\n|-damage|p1a: Pelipper|28/100 brn\n|-damage|p1b: Incineroar|51/100\n|move|p2b: Floette|Dazzling Gleam|p1a: Pelipper|[spread] p1a,p1b\n|-damage|p1a: Pelipper|0 fnt\n|-damage|p1b: Incineroar|0 fnt\n|faint|p1a: Pelipper\n|faint|p1b: Incineroar\n|\n|win|Metaboss24\n|raw|zaxa's rating: 1015 &rarr; <strong>1004</strong><br />(-11 for losing)\n|raw|Metaboss24's rating: 1050 &rarr; <strong>1079</strong><br />(+29 for winning)\n",
  "uploadtime": 1776151203,
  "views": 19,
  "formatid": "gen9championsvgc2026regma",
  "rating": 1004,
  "private": 0,
  "password": null
}