{
  "id": "gen9championsvgc2026regma-2585284286",
  "format": "[Gen 9 Champions] VGC 2026 Reg M-A",
  "players": [
    "mathinho_ns",
    "iccr"
  ],
  "log": "|j|\u2606mathinho_ns\n|j|\u2606iccr\n|t:|1776333708\n|gametype|doubles\n|player|p1|mathinho_ns|170|1074\n|player|p2|iccr|265|1115\n|gen|9\n|tier|[Gen 9 Champions] VGC 2026 Reg M-A\n|rated|\n|rule|Species Clause: Limit one of each Pok\u00e9mon\n|rule|Item Clause: Limit 1 of each item\n|clearpoke\n|poke|p1|Meganium, L50, F|\n|poke|p1|Aerodactyl, L50, M|\n|poke|p1|Archaludon, L50, M|\n|poke|p1|Typhlosion-Hisui, L50, F|\n|poke|p1|Tauros-Paldea-Aqua, L50, M|\n|poke|p1|Kangaskhan, L50, F|\n|poke|p2|Pelipper, L50, M|\n|poke|p2|Basculegion-F, L50, F|\n|poke|p2|Starmie, L50|\n|poke|p2|Sneasler, L50, M|\n|poke|p2|Sableye, L50, M|\n|poke|p2|Dragapult, L50, M|\n|teampreview|4\n|inactive|Battle timer is ON: inactive players will automatically lose when time's up. (requested by iccr)\n|inactive|mathinho_ns has 60 seconds left.\n|\n|t:|1776333760\n|teamsize|p1|4\n|teamsize|p2|4\n|start\n|switch|p1a: Meganium|Meganium, L50, F|100/100\n|switch|p1b: Aerodactyl|Aerodactyl, L50, M|100/100\n|switch|p2a: Pelipper|Pelipper, L50, M|100/100\n|switch|p2b: Basculegion|Basculegion-F, L50, F, shiny|100/100\n|-ability|p1b: Aerodactyl|Unnerve\n|-weather|RainDance|[from] ability: Drizzle|[of] p2a: Pelipper\n|turn|1\n|inactive|mathinho_ns has 30 seconds left.\n|inactive|mathinho_ns has 20 seconds left.\n|inactive|mathinho_ns has 15 seconds left.\n|inactive|mathinho_ns has 10 seconds left.\n|\n|t:|1776333806\n|detailschange|p1a: Meganium|Meganium-Mega, L50, F\n|-mega|p1a: Meganium|Meganium|Meganiumite\n|move|p2b: Basculegion|Protect|p2b: Basculegion\n|-singleturn|p2b: Basculegion|Protect\n|move|p1b: Aerodactyl|Tailwind|p1b: Aerodactyl\n|-sidestart|p1: mathinho_ns|move: Tailwind\n|move|p1a: Meganium|Solar Beam||[still]\n|-prepare|p1a: Meganium|Solar Beam\n|-activate|p1a: Meganium|ability: Mega Sol\n|-anim|p1a: Meganium|Solar Beam|p2b: Basculegion\n|-activate|p2b: Basculegion|move: Protect\n|move|p2a: Pelipper|Tailwind|p2a: Pelipper\n|-sidestart|p2: iccr|move: Tailwind\n|\n|-weather|RainDance|[upkeep]\n|upkeep\n|turn|2\n|inactive|mathinho_ns has 30 seconds left.\n|inactive|iccr has 30 seconds left.\n|\n|t:|1776333834\n|move|p2b: Basculegion|Icy Wind|p1a: Meganium|[spread] p1a\n|-miss|p2b: Basculegion|p1b: Aerodactyl\n|-supereffective|p1a: Meganium|1\n|-damage|p1a: Meganium|78/100\n|-unboost|p1a: Meganium|spe|1\n|move|p1b: Aerodactyl|Rock Slide|p2a: Pelipper|[spread] p2a,p2b\n|-supereffective|p2a: Pelipper|1\n|-damage|p2a: Pelipper|29/100\n|-damage|p2b: Basculegion|68/100\n|move|p2a: Pelipper|Hurricane|p1a: Meganium\n|-supereffective|p1a: Meganium|1\n|-damage|p1a: Meganium|0 fnt\n|faint|p1a: Meganium\n|\n|-weather|RainDance|[upkeep]\n|upkeep\n|\n|t:|1776333854\n|switch|p1a: Archaludon|Archaludon, L50, M|100/100\n|turn|3\n|\n|t:|1776333870\n|move|p2a: Pelipper|Protect|p2a: Pelipper\n|-singleturn|p2a: Pelipper|Protect\n|move|p2b: Basculegion|Icy Wind|p1b: Aerodactyl|[spread] p1a,p1b\n|-supereffective|p1b: Aerodactyl|1\n|-damage|p1a: Archaludon|79/100\n|-damage|p1b: Aerodactyl|61/100\n|-unboost|p1a: Archaludon|spe|1\n|-unboost|p1b: Aerodactyl|spe|1\n|move|p1b: Aerodactyl|Rock Slide|p2a: Pelipper|[spread] p2b\n|-activate|p2a: Pelipper|move: Protect\n|-damage|p2b: Basculegion|36/100\n|move|p1a: Archaludon|Draco Meteor|p2b: Basculegion\n|-damage|p2b: Basculegion|0 fnt\n|-unboost|p1a: Archaludon|spa|2\n|faint|p2b: Basculegion\n|\n|-weather|RainDance|[upkeep]\n|upkeep\n|\n|t:|1776333883\n|switch|p2b: Starmie|Starmie, L50, shiny|100/100\n|turn|4\n|\n|t:|1776333899\n|switch|p1a: Kangaskhan|Kangaskhan, L50, F|100/100\n|detailschange|p2b: Starmie|Starmie-Mega, L50, shiny\n|-mega|p2b: Starmie|Starmie|Starminite\n|move|p1b: Aerodactyl|Protect|p1b: Aerodactyl\n|-singleturn|p1b: Aerodactyl|Protect\n|move|p2b: Starmie|Aqua Jet|p1b: Aerodactyl\n|-activate|p1b: Aerodactyl|move: Protect\n|move|p2a: Pelipper|Hurricane|p1a: Kangaskhan\n|-damage|p1a: Kangaskhan|44/100\n|\n|-weather|RainDance|[upkeep]\n|-sideend|p2: iccr|move: Tailwind\n|-sideend|p1: mathinho_ns|move: Tailwind\n|upkeep\n|turn|5\n|\n|t:|1776333921\n|move|p2a: Pelipper|Protect|p2a: Pelipper\n|-singleturn|p2a: Pelipper|Protect\n|move|p1a: Kangaskhan|Fake Out|p2b: Starmie\n|-damage|p2b: Starmie|83/100\n|cant|p2b: Starmie|flinch\n|move|p1b: Aerodactyl|Tailwind|p1b: Aerodactyl\n|-sidestart|p1: mathinho_ns|move: Tailwind\n|\n|-weather|none\n|upkeep\n|turn|6\n|inactive|mathinho_ns has 30 seconds left.\n|inactive|mathinho_ns has 20 seconds left.\n|inactive|mathinho_ns has 15 seconds left.\n|\n|t:|1776333965\n|switch|p2a: Sneasler|Sneasler, L50, M|100/100\n|move|p2b: Starmie|Aqua Jet|p1b: Aerodactyl\n|-supereffective|p1b: Aerodactyl|1\n|-damage|p1b: Aerodactyl|0 fnt\n|faint|p1b: Aerodactyl\n|move|p1a: Kangaskhan|Double-Edge|p2b: Starmie\n|-damage|p2b: Starmie|27/100\n|-damage|p1a: Kangaskhan|27/100|[from] Recoil\n|\n|upkeep\n|\n|t:|1776333976\n|switch|p1b: Archaludon|Archaludon, L50, M|79/100\n|turn|7\n|\n|t:|1776334000\n|move|p2b: Starmie|Protect|p2b: Starmie\n|-singleturn|p2b: Starmie|Protect\n|move|p1a: Kangaskhan|Sucker Punch||[still]\n|-fail|p1a: Kangaskhan\n|move|p1b: Archaludon|Draco Meteor|p2b: Starmie\n|-activate|p2b: Starmie|move: Protect\n|move|p2a: Sneasler|Close Combat|p1a: Kangaskhan\n|-supereffective|p1a: Kangaskhan|1\n|-damage|p1a: Kangaskhan|0 fnt\n|-unboost|p2a: Sneasler|def|1\n|-unboost|p2a: Sneasler|spd|1\n|faint|p1a: Kangaskhan\n|-enditem|p2a: Sneasler|White Herb\n|-clearnegativeboost|p2a: Sneasler|[silent]\n|\n|upkeep\n|turn|8\n|-message|mathinho_ns forfeited.\n|\n|win|iccr\n|raw|mathinho_ns's rating: 1074 &rarr; <strong>1055</strong><br />(-19 for losing)\n|raw|iccr's rating: 1115 &rarr; <strong>1137</strong><br />(+22 for winning)\n|l|\u2606mathinho_ns\n|player|p1|\n",
  "uploadtime": 1776334023,
  "views": 25,
  "formatid": "gen9championsvgc2026regma",
  "rating": 1055,
  "private": 0,
  "password": null
}