{
  "id": "gen9championsvgc2026regma-2580509345",
  "format": "[Gen 9 Champions] VGC 2026 Reg M-A",
  "players": [
    "Pitnes",
    "yakiomg"
  ],
  "log": "|j|\u2606Pitnes\n|j|\u2606yakiomg\n|t:|1775906699\n|gametype|doubles\n|player|p1|Pitnes|1|1079\n|player|p2|yakiomg|lacey|1000\n|gen|9\n|tier|[Gen 9 Champions] VGC 2026 Reg M-A\n|rated|\n|rule|Species Clause: Limit one of each Pok\u00e9mon\n|rule|Item Clause: Limit 1 of each item\n|clearpoke\n|poke|p1|Scizor, L50, M|\n|poke|p1|Politoed, L50, F|\n|poke|p1|Basculegion, L50, M|\n|poke|p1|Sableye, L50, F|\n|poke|p1|Sneasler, L50, F|\n|poke|p1|Incineroar, L50, F|\n|poke|p2|Meganium, L50, F|\n|poke|p2|Politoed, L50, M|\n|poke|p2|Archaludon, L50, M|\n|poke|p2|Incineroar, L50, M|\n|teampreview|4\n|\n|t:|1775906724\n|teamsize|p1|4\n|teamsize|p2|4\n|start\n|switch|p1a: Sableye|Sableye, L50, F|100/100\n|switch|p1b: Incineroar|Incineroar, L50, F|100/100\n|switch|p2a: Politoed|Politoed, L50, M, shiny|100/100\n|switch|p2b: Meganium|Meganium, L50, F, shiny|100/100\n|-weather|RainDance|[from] ability: Drizzle|[of] p2a: Politoed\n|-ability|p1b: Incineroar|Intimidate|boost\n|-unboost|p2a: Politoed|atk|1\n|-unboost|p2b: Meganium|atk|1\n|turn|1\n|\n|t:|1775906743\n|move|p2b: Meganium|Protect|p2b: Meganium\n|-singleturn|p2b: Meganium|Protect\n|move|p1b: Incineroar|Fake Out|p2b: Meganium\n|-activate|p2b: Meganium|move: Protect\n|move|p1a: Sableye|Light Screen|p1a: Sableye\n|-sidestart|p1: Pitnes|move: Light Screen\n|move|p2a: Politoed|Weather Ball|p1b: Incineroar\n|-supereffective|p1b: Incineroar|1\n|-enditem|p1b: Incineroar|Passho Berry|[eat]\n|-enditem|p1b: Incineroar|Passho Berry|[weaken]\n|-damage|p1b: Incineroar|74/100\n|\n|-weather|RainDance|[upkeep]\n|upkeep\n|turn|2\n|\n|t:|1775906766\n|detailschange|p2b: Meganium|Meganium-Mega, L50, F, shiny\n|-mega|p2b: Meganium|Meganium|Meganiumite\n|move|p1a: Sableye|Will-O-Wisp|p2a: Politoed\n|-status|p2a: Politoed|brn\n|move|p2b: Meganium|Solar Beam||[still]\n|-prepare|p2b: Meganium|Solar Beam\n|-activate|p2b: Meganium|ability: Mega Sol\n|-anim|p2b: Meganium|Solar Beam|p1a: Sableye\n|-damage|p1a: Sableye|50/100\n|move|p2a: Politoed|Hydro Pump|p1b: Incineroar|[miss]\n|-miss|p2a: Politoed|p1b: Incineroar\n|move|p1b: Incineroar|Parting Shot|p2b: Meganium\n|-unboost|p2b: Meganium|atk|1\n|-unboost|p2b: Meganium|spa|1\n|\n|t:|1775906781\n|switch|p1b: Sneasler|Sneasler, L50, F, shiny|100/100|[from] Parting Shot\n|\n|-weather|RainDance|[upkeep]\n|-damage|p2a: Politoed|95/100 brn|[from] brn\n|upkeep\n|turn|3\n|\n|t:|1775906809\n|switch|p2b: Incineroar|Incineroar, L50, M, shiny|100/100\n|-ability|p2b: Incineroar|Intimidate|boost\n|-unboost|p1a: Sableye|atk|1\n|-unboost|p1b: Sneasler|atk|1\n|move|p1b: Sneasler|Fake Out|p2a: Politoed\n|-damage|p2a: Politoed|86/100 brn\n|move|p1a: Sableye|Will-O-Wisp|p2b: Incineroar\n|-immune|p2b: Incineroar\n|cant|p2a: Politoed|flinch\n|\n|-weather|RainDance|[upkeep]\n|-heal|p2a: Politoed|91/100 brn|[from] item: Leftovers\n|-damage|p2a: Politoed|86/100 brn|[from] brn\n|upkeep\n|turn|4\n|\n|t:|1775906849\n|switch|p1b: Incineroar|Incineroar, L50, F|74/100\n|-ability|p1b: Incineroar|Intimidate|boost\n|-unboost|p2a: Politoed|atk|1\n|-unboost|p2b: Incineroar|atk|1\n|move|p2a: Politoed|Hydro Pump|p1b: Incineroar\n|-supereffective|p1b: Incineroar|1\n|-damage|p1b: Incineroar|18/100\n|move|p2b: Incineroar|Parting Shot|p1b: Incineroar\n|-unboost|p1b: Incineroar|atk|1\n|-unboost|p1b: Incineroar|spa|1\n|\n|t:|1775906859\n|switch|p2b: Archaludon|Archaludon, L50, M, shiny|100/100|[from] Parting Shot\n|move|p1a: Sableye|Foul Play|p2a: Politoed\n|-damage|p2a: Politoed|74/100 brn\n|\n|-weather|RainDance|[upkeep]\n|-heal|p2a: Politoed|80/100 brn|[from] item: Leftovers\n|-damage|p2a: Politoed|74/100 brn|[from] brn\n|upkeep\n|turn|5\n|\n|t:|1775906874\n|move|p2b: Archaludon|Protect|p2b: Archaludon\n|-singleturn|p2b: Archaludon|Protect\n|move|p1b: Incineroar|Fake Out|p2b: Archaludon\n|-activate|p2b: Archaludon|move: Protect\n|move|p1a: Sableye|Disable|p2a: Politoed\n|-start|p2a: Politoed|Disable|Hydro Pump\n|cant|p2a: Politoed|Disable|Hydro Pump\n|\n|-weather|none\n|-heal|p2a: Politoed|80/100 brn|[from] item: Leftovers\n|-damage|p2a: Politoed|74/100 brn|[from] brn\n|-sideend|p1: Pitnes|move: Light Screen\n|upkeep\n|turn|6\n|\n|t:|1775906905\n|move|p1a: Sableye|Light Screen|p1a: Sableye\n|-sidestart|p1: Pitnes|move: Light Screen\n|move|p2b: Archaludon|Flash Cannon|p1a: Sableye\n|-damage|p1a: Sableye|15/100\n|move|p2a: Politoed|Rain Dance|p2a: Politoed\n|-weather|RainDance\n|move|p1b: Incineroar|Flare Blitz|p2b: Archaludon\n|-damage|p2b: Archaludon|88/100\n|-ability|p2b: Archaludon|Stamina|boost\n|-boost|p2b: Archaludon|def|1\n|-damage|p1b: Incineroar|15/100|[from] Recoil\n|\n|-weather|RainDance|[upkeep]\n|-heal|p2a: Politoed|80/100 brn|[from] item: Leftovers\n|-damage|p2a: Politoed|74/100 brn|[from] brn\n|upkeep\n|turn|7\n|\n|t:|1775906930\n|move|p1a: Sableye|Disable|p2b: Archaludon\n|-start|p2b: Archaludon|Disable|Flash Cannon\n|move|p2b: Archaludon|Electro Shot||[still]\n|-prepare|p2b: Archaludon|Electro Shot\n|-boost|p2b: Archaludon|spa|1\n|-anim|p2b: Archaludon|Electro Shot|p1b: Incineroar\n|-damage|p1b: Incineroar|0 fnt\n|faint|p1b: Incineroar\n|move|p2a: Politoed|Weather Ball|p1a: Sableye\n|-damage|p1a: Sableye|0 fnt\n|faint|p1a: Sableye\n|\n|-weather|RainDance|[upkeep]\n|-heal|p2a: Politoed|80/100 brn|[from] item: Leftovers\n|-damage|p2a: Politoed|74/100 brn|[from] brn\n|upkeep\n|\n|t:|1775906944\n|switch|p1b: Scizor|Scizor, L50, M, shiny|100/100\n|switch|p1a: Sneasler|Sneasler, L50, F, shiny|100/100\n|turn|8\n|\n|t:|1775906959\n|detailschange|p1b: Scizor|Scizor-Mega, L50, M, shiny\n|-mega|p1b: Scizor|Scizor|Scizorite\n|move|p1a: Sneasler|Fake Out|p2b: Archaludon\n|-resisted|p2b: Archaludon|1\n|-damage|p2b: Archaludon|84/100\n|-ability|p2b: Archaludon|Stamina|boost\n|-boost|p2b: Archaludon|def|1\n|cant|p2b: Archaludon|flinch\n|move|p1b: Scizor|Swords Dance|p1b: Scizor\n|-boost|p1b: Scizor|atk|2\n|move|p2a: Politoed|Weather Ball|p1b: Scizor\n|-damage|p1b: Scizor|64/100\n|\n|-weather|RainDance|[upkeep]\n|-heal|p2a: Politoed|80/100 brn|[from] item: Leftovers\n|-damage|p2a: Politoed|74/100 brn|[from] brn\n|-end|p2a: Politoed|Disable\n|upkeep\n|turn|9\n|\n|t:|1775906997\n|move|p1b: Scizor|Protect|p1b: Scizor\n|-singleturn|p1b: Scizor|Protect\n|move|p1a: Sneasler|Coaching|p1b: Scizor\n|-boost|p1b: Scizor|atk|1\n|-boost|p1b: Scizor|def|1\n|move|p2b: Archaludon|Electro Shot||[still]\n|-prepare|p2b: Archaludon|Electro Shot\n|-boost|p2b: Archaludon|spa|1\n|-anim|p2b: Archaludon|Electro Shot|p1b: Scizor\n|-activate|p1b: Scizor|move: Protect\n|move|p2a: Politoed|Hydro Pump|p1b: Scizor\n|-activate|p1b: Scizor|move: Protect\n|\n|-weather|RainDance|[upkeep]\n|-heal|p2a: Politoed|80/100 brn|[from] item: Leftovers\n|-damage|p2a: Politoed|74/100 brn|[from] brn\n|upkeep\n|turn|10\n|\n|t:|1775907025\n|move|p1b: Scizor|Bullet Punch|p2b: Archaludon\n|-resisted|p2b: Archaludon|1\n|-damage|p2b: Archaludon|65/100\n|-ability|p2b: Archaludon|Stamina|boost\n|-boost|p2b: Archaludon|def|1\n|move|p1a: Sneasler|Close Combat|p2b: Archaludon\n|-supereffective|p2b: Archaludon|1\n|-damage|p2b: Archaludon|23/100\n|-unboost|p1a: Sneasler|def|1\n|-unboost|p1a: Sneasler|spd|1\n|-ability|p2b: Archaludon|Stamina|boost\n|-boost|p2b: Archaludon|def|1\n|move|p2b: Archaludon|Electro Shot||[still]\n|-prepare|p2b: Archaludon|Electro Shot\n|-boost|p2b: Archaludon|spa|1\n|-anim|p2b: Archaludon|Electro Shot|p1b: Scizor\n|-damage|p1b: Scizor|0 fnt\n|faint|p1b: Scizor\n|move|p2a: Politoed|Hydro Pump|p1a: Sneasler|[miss]\n|-miss|p2a: Politoed|p1a: Sneasler\n|\n|-weather|none\n|-heal|p2a: Politoed|80/100 brn|[from] item: Leftovers\n|-damage|p2a: Politoed|74/100 brn|[from] brn\n|-end|p2b: Archaludon|Disable\n|-sideend|p1: Pitnes|move: Light Screen\n|upkeep\n|turn|11\n|-message|Pitnes forfeited.\n|\n|win|yakiomg\n|raw|Pitnes's rating: 1079 &rarr; <strong>1052</strong><br />(-27 for losing)\n|raw|yakiomg's rating: 1000 &rarr; <strong>1049</strong><br />(+49 for winning)\n|l|\u2606Pitnes\n|player|p1|\n",
  "uploadtime": 1775908523,
  "views": 23,
  "formatid": "gen9championsvgc2026regma",
  "rating": 1049,
  "private": 0,
  "password": null
}