{
  "id": "gen9championsvgc2026regma-2588463794",
  "format": "[Gen 9 Champions] VGC 2026 Reg M-A",
  "players": [
    "KilamanolaVGC",
    "fleep vs floop"
  ],
  "log": "|j|\u203dKilamanolaVGC\n|j|\u2606fleep vs floop\n|t:|1776635789\n|gametype|doubles\n|player|p1|KilamanolaVGC|benga|1437\n|player|p2|fleep vs floop|101|1401\n|gen|9\n|tier|[Gen 9 Champions] VGC 2026 Reg M-A\n|rated|\n|rule|Species Clause: Limit one of each Pok\u00e9mon\n|rule|Item Clause: Limit 1 of each item\n|clearpoke\n|poke|p1|Hawlucha, L50, F, shiny|\n|poke|p1|Garganacl, L50, F, shiny|\n|poke|p1|Gengar, L50, M, shiny|\n|poke|p1|Sableye, L50, F, shiny|\n|poke|p1|Maushold, L50|\n|poke|p1|Politoed, L50, M, shiny|\n|poke|p2|Aerodactyl, L50, F|\n|poke|p2|Meganium, L50, F|\n|poke|p2|Aegislash, L50, F|\n|poke|p2|Gyarados, L50, M|\n|poke|p2|Rotom-Heat, L50|\n|poke|p2|Kommo-o, L50, M|\n|teampreview|4\n|inactive|Battle timer is ON: inactive players will automatically lose when time's up. (requested by KilamanolaVGC)\n|inactive|fleep vs floop has 60 seconds left.\n|inactive|fleep vs floop has 30 seconds left.\n|\n|t:|1776635854\n|teamsize|p1|4\n|teamsize|p2|4\n|start\n|switch|p1a: Sableye|Sableye, L50, F, shiny|100/100\n|switch|p1b: Gengar|Gengar, L50, M, shiny|100/100\n|switch|p2a: Rotom|Rotom-Heat, L50|100/100\n|switch|p2b: Aegislash|Aegislash, L50, F|100/100\n|turn|1\n|inactive|KilamanolaVGC has 30 seconds left.\n|\n|t:|1776635886\n|switch|p1a: Maushold|Maushold, L50|100/100\n|detailschange|p1b: Gengar|Gengar-Mega, L50, M, shiny\n|-mega|p1b: Gengar|Gengar|Gengarite\n|move|p1b: Gengar|Protect|p1b: Gengar\n|-singleturn|p1b: Gengar|Protect\n|move|p2b: Aegislash|King's Shield|p2b: Aegislash\n|-singleturn|p2b: Aegislash|Protect\n|move|p2a: Rotom|Electroweb|p1a: Maushold|[spread] p1a\n|-activate|p1b: Gengar|move: Protect\n|-damage|p1a: Maushold|76/100\n|-unboost|p1a: Maushold|spe|1\n|\n|upkeep\n|turn|2\n|inactive|fleep vs floop has 30 seconds left.\n|\n|t:|1776635911\n|move|p1a: Maushold|Follow Me|p1a: Maushold\n|-singleturn|p1a: Maushold|move: Follow Me\n|move|p2a: Rotom|Electroweb|p1b: Gengar|[spread] p1a,p1b\n|-damage|p1a: Maushold|50/100\n|-damage|p1b: Gengar|86/100\n|-unboost|p1a: Maushold|spe|1\n|-unboost|p1b: Gengar|spe|1\n|move|p1b: Gengar|Shadow Ball|p2b: Aegislash\n|-supereffective|p2b: Aegislash|1\n|-damage|p2b: Aegislash|36/100\n|-formechange|p2b: Aegislash|Aegislash-Blade|\n|move|p2b: Aegislash|Flash Cannon|p1a: Maushold\n|-damage|p1a: Maushold|0 fnt\n|faint|p1a: Maushold\n|\n|-heal|p2b: Aegislash|42/100|[from] item: Leftovers\n|upkeep\n|\n|t:|1776635927\n|switch|p1a: Sableye|Sableye, L50, F, shiny|100/100\n|turn|3\n|\n|t:|1776635940\n|move|p1a: Sableye|Encore|p2b: Aegislash\n|-start|p2b: Aegislash|Encore\n|move|p2a: Rotom|Electroweb|p1a: Sableye|[spread] p1a,p1b\n|-crit|p1b: Gengar\n|-damage|p1a: Sableye|77/100\n|-damage|p1b: Gengar|56/100\n|-unboost|p1a: Sableye|spe|1\n|-unboost|p1b: Gengar|spe|1\n|move|p1b: Gengar|Shadow Ball|p2b: Aegislash\n|-supereffective|p2b: Aegislash|1\n|-damage|p2b: Aegislash|0 fnt\n|faint|p2b: Aegislash\n|\n|upkeep\n|\n|t:|1776635950\n|switch|p2b: Meganium|Meganium, L50, F|100/100\n|turn|4\n|\n|t:|1776635960\n|switch|p1b: Politoed|Politoed, L50, M, shiny|100/100\n|-weather|RainDance|[from] ability: Drizzle|[of] p1b: Politoed\n|detailschange|p2b: Meganium|Meganium-Mega, L50, F\n|-mega|p2b: Meganium|Meganium|Meganiumite\n|move|p1a: Sableye|Disable|p2a: Rotom\n|-start|p2a: Rotom|Disable|Electroweb\n|cant|p2a: Rotom|Disable|Electroweb\n|move|p2b: Meganium|Weather Ball|p1b: Politoed\n|-resisted|p1b: Politoed|1\n|-damage|p1b: Politoed|76/100\n|\n|-weather|RainDance|[upkeep]\n|-heal|p1b: Politoed|82/100|[from] item: Leftovers\n|upkeep\n|turn|5\n|inactive|KilamanolaVGC has 30 seconds left.\n|inactive|KilamanolaVGC has 20 seconds left.\n|\n|t:|1776635996\n|switch|p2a: Gyarados|Gyarados, L50, M|100/100\n|-ability|p2a: Gyarados|Intimidate|boost\n|-unboost|p1a: Sableye|atk|1\n|-unboost|p1b: Politoed|atk|1\n|move|p2b: Meganium|Protect|p2b: Meganium\n|-singleturn|p2b: Meganium|Protect\n|move|p1a: Sableye|Encore|p2b: Meganium\n|-activate|p2b: Meganium|move: Protect\n|move|p1b: Politoed|Weather Ball|p2a: Gyarados\n|-resisted|p2a: Gyarados|1\n|-damage|p2a: Gyarados|81/100\n|\n|-weather|RainDance|[upkeep]\n|-heal|p1b: Politoed|88/100|[from] item: Leftovers\n|upkeep\n|turn|6\n|\n|t:|1776636021\n|switch|p2b: Rotom|Rotom-Heat, L50|100/100\n|switch|p1b: Gengar|Gengar-Mega, L50, M, shiny|56/100\n|move|p1a: Sableye|Encore||[still]\n|-fail|p1a: Sableye\n|move|p2a: Gyarados|Taunt|p1a: Sableye\n|-start|p1a: Sableye|move: Taunt\n|\n|-weather|RainDance|[upkeep]\n|upkeep\n|turn|7\n|\n|t:|1776636037\n|switch|p1a: Politoed|Politoed, L50, M, shiny|88/100\n|move|p1b: Gengar|Protect|p1b: Gengar\n|-singleturn|p1b: Gengar|Protect\n|move|p2b: Rotom|Electroweb|p1a: Politoed|[spread] p1a\n|-activate|p1b: Gengar|move: Protect\n|-supereffective|p1a: Politoed|1\n|-damage|p1a: Politoed|56/100\n|-unboost|p1a: Politoed|spe|1\n|move|p2a: Gyarados|Waterfall|p1b: Gengar\n|-activate|p1b: Gengar|move: Protect\n|\n|-weather|RainDance|[upkeep]\n|-heal|p1a: Politoed|62/100|[from] item: Leftovers\n|upkeep\n|turn|8\n|\n|t:|1776636049\n|switch|p1b: Sableye|Sableye, L50, F, shiny|77/100\n|move|p2b: Rotom|Electroweb|p1a: Politoed|[spread] p1a,p1b\n|-supereffective|p1a: Politoed|1\n|-damage|p1a: Politoed|32/100\n|-damage|p1b: Sableye|52/100\n|-unboost|p1a: Politoed|spe|1\n|-unboost|p1b: Sableye|spe|1\n|move|p2a: Gyarados|Taunt|p1a: Politoed\n|-start|p1a: Politoed|move: Taunt\n|move|p1a: Politoed|Weather Ball|p2a: Gyarados\n|-resisted|p2a: Gyarados|1\n|-damage|p2a: Gyarados|60/100\n|\n|-weather|none\n|-heal|p1a: Politoed|38/100|[from] item: Leftovers\n|upkeep\n|turn|9\n|inactive|KilamanolaVGC has 30 seconds left.\n|\n|t:|1776636076\n|switch|p1a: Gengar|Gengar-Mega, L50, M, shiny|56/100\n|move|p1b: Sableye|Fake Out|p2a: Gyarados\n|-damage|p2a: Gyarados|53/100\n|move|p2b: Rotom|Electroweb|p1b: Sableye|[spread] p1a,p1b\n|-damage|p1a: Gengar|36/100\n|-damage|p1b: Sableye|27/100\n|-unboost|p1a: Gengar|spe|1\n|-unboost|p1b: Sableye|spe|1\n|cant|p2a: Gyarados|flinch\n|\n|upkeep\n|turn|10\n|\n|t:|1776636093\n|move|p1b: Sableye|Disable|p2b: Rotom\n|-start|p2b: Rotom|Disable|Electroweb\n|cant|p2b: Rotom|Disable|Electroweb\n|move|p2a: Gyarados|Thunder Wave|p1a: Gengar\n|-status|p1a: Gengar|par\n|move|p1a: Gengar|Shadow Ball|p2a: Gyarados\n|-damage|p2a: Gyarados|11/100\n|-unboost|p2a: Gyarados|spd|1\n|\n|upkeep\n|turn|11\n|\n|t:|1776636116\n|move|p1b: Sableye|Encore|p2a: Gyarados\n|-start|p2a: Gyarados|Encore\n|-activate|p2b: Rotom|move: Struggle\n|move|p2b: Rotom|Struggle|p1a: Gengar\n|-damage|p1a: Gengar|27/100 par\n|-damage|p2b: Rotom|75/100|[from] recoil\n|move|p2a: Gyarados|Thunder Wave|p1b: Sableye\n|-status|p1b: Sableye|par\n|move|p1a: Gengar|Shadow Ball|p2b: Rotom\n|-damage|p2b: Rotom|22/100\n|\n|upkeep\n|turn|12\n|\n|t:|1776636140\n|move|p1b: Sableye|Disable|p2a: Gyarados\n|-start|p2a: Gyarados|Disable|Thunder Wave\n|-activate|p2b: Rotom|move: Struggle\n|move|p2b: Rotom|Struggle|p1b: Sableye\n|-damage|p1b: Sableye|18/100 par\n|-damage|p2b: Rotom|0 fnt|[from] recoil\n|faint|p2b: Rotom\n|cant|p2a: Gyarados|Disable|Thunder Wave\n|move|p1a: Gengar|Shadow Ball|p2a: Gyarados\n|-damage|p2a: Gyarados|0 fnt\n|faint|p2a: Gyarados\n|\n|upkeep\n|\n|t:|1776636151\n|switch|p2b: Meganium|Meganium-Mega, L50, F|100/100\n|turn|13\n|\n|t:|1776636158\n|move|p1b: Sableye|Protect|p1b: Sableye\n|-singleturn|p1b: Sableye|Protect\n|move|p1a: Gengar|Protect|p1a: Gengar\n|-singleturn|p1a: Gengar|Protect\n|move|p2b: Meganium|Dazzling Gleam|p1b: Sableye|[spread] \n|-activate|p1a: Gengar|move: Protect\n|-activate|p1b: Sableye|move: Protect\n|\n|upkeep\n|turn|14\n|\n|t:|1776636175\n|move|p1b: Sableye|Disable|p2b: Meganium\n|-start|p2b: Meganium|Disable|Dazzling Gleam\n|cant|p2b: Meganium|Disable|Dazzling Gleam\n|move|p1a: Gengar|Perish Song|p1a: Gengar\n|-start|p1a: Gengar|perish3|[silent]\n|-start|p1b: Sableye|perish3|[silent]\n|-start|p2b: Meganium|perish3|[silent]\n|-fieldactivate|move: Perish Song\n|\n|-start|p2b: Meganium|perish3\n|-start|p1a: Gengar|perish3\n|-start|p1b: Sableye|perish3\n|upkeep\n|turn|15\n|-message|fleep vs floop forfeited.\n|\n|win|KilamanolaVGC\n|raw|KilamanolaVGC's rating: 1437 &rarr; <strong>1455</strong><br />(+18 for winning)\n|raw|fleep vs floop's rating: 1401 &rarr; <strong>1383</strong><br />(-18 for losing)\n|l|\u2606fleep vs floop\n|player|p2|\n",
  "uploadtime": 1776636256,
  "views": 20,
  "formatid": "gen9championsvgc2026regma",
  "rating": 1383,
  "private": 0,
  "password": null
}