{
  "id": "gen9championsvgc2026regma-2586417967",
  "format": "[Gen 9 Champions] VGC 2026 Reg M-A",
  "players": [
    "red_277353",
    "miu_7"
  ],
  "log": "|j|\u2606red_277353\n|j|\u2606miu_7\n|t:|1776433268\n|gametype|doubles\n|player|p1|red_277353|2|1255\n|player|p2|miu_7|elesa|1345\n|gen|9\n|tier|[Gen 9 Champions] VGC 2026 Reg M-A\n|rated|\n|rule|Species Clause: Limit one of each Pok\u00e9mon\n|rule|Item Clause: Limit 1 of each item\n|clearpoke\n|poke|p1|Pelipper, L50, F|\n|poke|p1|Sableye, L50, M|\n|poke|p1|Kingambit, L50, F|\n|poke|p1|Meowscarada, L50, F|\n|poke|p1|Aggron, L50, F|\n|poke|p1|Milotic, L50, F|\n|poke|p2|Alakazam, L50, M|\n|poke|p2|Meowstic, L50, M|\n|poke|p2|Sneasler, L50, M|\n|poke|p2|Garchomp, L50, F|\n|poke|p2|Corviknight, L50, F|\n|poke|p2|Rotom-Wash, L50|\n|teampreview|4\nmiu_7 has agreed to open team sheets.\nred_277353 has agreed to open team sheets.\n|showteam|p1|Pelipper||FocusSash|Drizzle|MuddyWater,WeatherBall,IcyWind,Protect|||F|||50|]Sableye||MentalHerb|Prankster|FoulPlay,Reflect,LightScreen,Taunt|||M|||50|]Kingambit||MetalCoat|Defiant|SuckerPunch,KowtowCleave,IronHead,Protect|||F|||50|]Meowscarada||ChoiceScarf|Protean|FlowerTrick,TripleAxel,Uturn,LowKick|||F|||50|]Aggron||Aggronite|HeavyMetal|HeavySlam,BodyPress,IronDefense,Protect|||F|||50|]Milotic||Leftovers|Competitive|Scald,Hypnosis,Coil,IceBeam|||F|||50|\n|showteam|p2|Alakazam||Alakazite|InnerFocus|ExpandingForce,FocusBlast,NastyPlot,Protect|||M|||50|]Meowstic||SitrusBerry|Prankster|PsychicTerrain,Reflect,LightScreen,ExpandingForce|||M|||50|]Sneasler||FocusSash|Unburden|CloseCombat,DireClaw,Coaching,Protect|||M|||50|]Garchomp||RoseliBerry|RoughSkin|Earthquake,RockSlide,DragonClaw,Protect|||F|||50|]Corviknight||Leftovers|MirrorArmor|BraveBird,BulkUp,Roost,Protect|||F|||50|]Rotom-Wash||ChoiceScarf|Levitate|HydroPump,Discharge,ShadowBall,VoltSwitch||||||50|\n|\n|t:|1776433311\n|teamsize|p1|4\n|teamsize|p2|4\n|start\n|switch|p1a: Jormugandr|Milotic, L50, F, shiny|100/100\n|switch|p1b: Twink Apocalypse|Meowscarada, L50, F|100/100\n|switch|p2a: Rotom|Rotom-Wash, L50, shiny|100/100\n|switch|p2b: Meowstic|Meowstic, L50, M|100/100\n|turn|1\n|inactive|Battle timer is ON: inactive players will automatically lose when time's up. (requested by miu_7)\n|\n|t:|1776433366\n|switch|p2a: Sneasler|Sneasler, L50, M|100/100\n|move|p2b: Meowstic|Light Screen|p2b: Meowstic\n|-sidestart|p2: miu_7|move: Light Screen\n|move|p1b: Twink Apocalypse|U-turn|p2b: Meowstic\n|-start|p1b: Twink Apocalypse|typechange|Bug|[from] ability: Protean\n|-supereffective|p2b: Meowstic|1\n|-damage|p2b: Meowstic|38/100\n|-enditem|p2b: Meowstic|Sitrus Berry|[eat]\n|-heal|p2b: Meowstic|62/100|[from] item: Sitrus Berry\n|\n|t:|1776433377\n|switch|p1b: DA BIGGEST BIRD|Pelipper, L50, F|100/100|[from] U-turn\n|-weather|RainDance|[from] ability: Drizzle|[of] p1b: DA BIGGEST BIRD\n|move|p1a: Jormugandr|Coil|p1a: Jormugandr\n|-boost|p1a: Jormugandr|atk|1\n|-boost|p1a: Jormugandr|def|1\n|-boost|p1a: Jormugandr|accuracy|1\n|\n|-weather|RainDance|[upkeep]\n|upkeep\n|turn|2\n|inactive|miu_7 has 30 seconds left.\n|\n|t:|1776433412\n|switch|p2a: Rotom|Rotom-Wash, L50, shiny|100/100\n|move|p1b: DA BIGGEST BIRD|Protect|p1b: DA BIGGEST BIRD\n|-singleturn|p1b: DA BIGGEST BIRD|Protect\n|move|p2b: Meowstic|Reflect|p2b: Meowstic\n|-sidestart|p2: miu_7|Reflect\n|move|p1a: Jormugandr|Hypnosis|p2a: Rotom\n|-status|p2a: Rotom|slp|[from] move: Hypnosis\n|\n|-weather|RainDance|[upkeep]\n|upkeep\n|turn|3\n|\n|t:|1776433428\n|switch|p2b: Garchomp|Garchomp, L50, F|100/100\n|cant|p2a: Rotom|slp\n|move|p1b: DA BIGGEST BIRD|Muddy Water|p2b: Garchomp|[spread] p2a\n|-miss|p1b: DA BIGGEST BIRD|p2b: Garchomp\n|-resisted|p2a: Rotom|1\n|-damage|p2a: Rotom|80/100 slp\n|move|p1a: Jormugandr|Scald|p2b: Garchomp\n|-damage|p2b: Garchomp|59/100\n|\n|-weather|RainDance|[upkeep]\n|upkeep\n|turn|4\n|\n|t:|1776433453\n|move|p2b: Garchomp|Protect|p2b: Garchomp\n|-singleturn|p2b: Garchomp|Protect\n|cant|p2a: Rotom|slp\n|move|p1b: DA BIGGEST BIRD|Icy Wind|p2a: Rotom|[spread] p2a\n|-activate|p2b: Garchomp|move: Protect\n|-resisted|p2a: Rotom|1\n|-damage|p2a: Rotom|74/100 slp\n|-unboost|p2a: Rotom|spe|1\n|move|p1a: Jormugandr|Hypnosis|p2b: Garchomp\n|-activate|p2b: Garchomp|move: Protect\n|\n|-weather|RainDance|[upkeep]\n|upkeep\n|turn|5\n|\n|t:|1776433473\n|switch|p2b: Meowstic|Meowstic, L50, M|62/100\n|-curestatus|p2a: Rotom|slp|[msg]\n|move|p2a: Rotom|Discharge|p1a: Jormugandr|[spread] p2b,p1a,p1b\n|-supereffective|p1a: Jormugandr|1\n|-supereffective|p1b: DA BIGGEST BIRD|2\n|-damage|p2b: Meowstic|45/100\n|-damage|p1a: Jormugandr|62/100\n|-enditem|p1b: DA BIGGEST BIRD|Focus Sash\n|-damage|p1b: DA BIGGEST BIRD|1/100\n|move|p1b: DA BIGGEST BIRD|Icy Wind|p2b: Meowstic|[spread] p2a,p2b\n|-resisted|p2a: Rotom|1\n|-damage|p2a: Rotom|68/100\n|-damage|p2b: Meowstic|37/100\n|-unboost|p2a: Rotom|spe|1\n|-unboost|p2b: Meowstic|spe|1\n|move|p1a: Jormugandr|Scald|p2b: Meowstic\n|-damage|p2b: Meowstic|1/100\n|\n|-weather|none\n|-heal|p1a: Jormugandr|68/100|[from] item: Leftovers\n|-sideend|p2: miu_7|move: Light Screen\n|upkeep\n|turn|6\n|inactive|red_277353 has 30 seconds left.\n|\n|t:|1776433506\n|move|p2b: Meowstic|Light Screen|p2b: Meowstic\n|-sidestart|p2: miu_7|move: Light Screen\n|move|p1b: DA BIGGEST BIRD|Icy Wind|p2a: Rotom|[spread] p2a,p2b\n|-resisted|p2a: Rotom|1\n|-damage|p2a: Rotom|63/100\n|-damage|p2b: Meowstic|0 fnt\n|-unboost|p2a: Rotom|spe|1\n|faint|p2b: Meowstic\n|move|p1a: Jormugandr|Hypnosis|p2a: Rotom\n|-status|p2a: Rotom|slp|[from] move: Hypnosis\n|cant|p2a: Rotom|slp\n|\n|-heal|p1a: Jormugandr|74/100|[from] item: Leftovers\n|-sideend|p2: miu_7|Reflect\n|upkeep\n|\n|t:|1776433513\n|switch|p2b: Garchomp|Garchomp, L50, F|59/100\n|turn|7\n|\n|t:|1776433527\n|switch|p2a: Sneasler|Sneasler, L50, M|100/100\n|move|p2b: Garchomp|Protect|p2b: Garchomp\n|-singleturn|p2b: Garchomp|Protect\n|move|p1b: DA BIGGEST BIRD|Icy Wind|p2b: Garchomp|[spread] p2a\n|-activate|p2b: Garchomp|move: Protect\n|-damage|p2a: Sneasler|90/100\n|-unboost|p2a: Sneasler|spe|1\n|move|p1a: Jormugandr|Ice Beam|p2b: Garchomp\n|-activate|p2b: Garchomp|move: Protect\n|\n|-heal|p1a: Jormugandr|80/100|[from] item: Leftovers\n|upkeep\n|turn|8\n|\n|t:|1776433541\n|switch|p2b: Rotom|Rotom-Wash, L50, shiny|63/100 slp\n|move|p2a: Sneasler|Dire Claw|p1b: DA BIGGEST BIRD\n|-damage|p1b: DA BIGGEST BIRD|0 fnt\n|faint|p1b: DA BIGGEST BIRD\n|move|p1a: Jormugandr|Coil|p1a: Jormugandr\n|-boost|p1a: Jormugandr|atk|1\n|-boost|p1a: Jormugandr|def|1\n|-boost|p1a: Jormugandr|accuracy|1\n|\n|-heal|p1a: Jormugandr|86/100|[from] item: Leftovers\n|upkeep\n|\n|t:|1776433549\n|switch|p1b: Twink Apocalypse|Meowscarada, L50, F|100/100\n|turn|9\n|\n|t:|1776433559\n|move|p1b: Twink Apocalypse|Flower Trick|p2b: Rotom\n|-start|p1b: Twink Apocalypse|typechange|Grass|[from] ability: Protean\n|-supereffective|p2b: Rotom|1\n|-crit|p2b: Rotom\n|-damage|p2b: Rotom|0 fnt\n|faint|p2b: Rotom\n|move|p2a: Sneasler|Dire Claw|p1b: Twink Apocalypse\n|-supereffective|p1b: Twink Apocalypse|1\n|-damage|p1b: Twink Apocalypse|0 fnt\n|faint|p1b: Twink Apocalypse\n|move|p1a: Jormugandr|Scald|p2a: Sneasler\n|-damage|p2a: Sneasler|51/100\n|\n|-heal|p1a: Jormugandr|92/100|[from] item: Leftovers\n|upkeep\n|\n|t:|1776433571\n|switch|p1b: THE WALL|Aggron, L50, F|100/100\n|switch|p2b: Garchomp|Garchomp, L50, F|59/100\n|turn|10\n|\n|t:|1776433578\n|detailschange|p1b: THE WALL|Aggron-Mega, L50, F\n|-mega|p1b: THE WALL|Aggron|Aggronite\n|move|p2b: Garchomp|Protect|p2b: Garchomp\n|-singleturn|p2b: Garchomp|Protect\n|move|p2a: Sneasler|Coaching|p2b: Garchomp\n|-boost|p2b: Garchomp|atk|1\n|-boost|p2b: Garchomp|def|1\n|move|p1a: Jormugandr|Scald|p2a: Sneasler\n|-damage|p2a: Sneasler|17/100\n|move|p1b: THE WALL|Iron Defense|p1b: THE WALL\n|-boost|p1b: THE WALL|def|2\n|\n|-heal|p1a: Jormugandr|98/100|[from] item: Leftovers\n|-sideend|p2: miu_7|move: Light Screen\n|upkeep\n|turn|11\n|-message|miu_7 forfeited.\n|\n|win|red_277353\n|raw|red_277353's rating: 1255 &rarr; <strong>1286</strong><br />(+31 for winning)\n|raw|miu_7's rating: 1345 &rarr; <strong>1320</strong><br />(-25 for losing)\n|l|\u2606miu_7\n|player|p2|\n",
  "uploadtime": 1776433599,
  "views": 64,
  "formatid": "gen9championsvgc2026regma",
  "rating": 1286,
  "private": 0,
  "password": null
}