{
  "id": "gen9championsvgc2026regma-2580772777",
  "format": "[Gen 9 Champions] VGC 2026 Reg M-A",
  "players": [
    "MCschizo",
    "thefakephrog"
  ],
  "log": "|j|\u2606MCschizo\n|j|\u2606thefakephrog\n|t:|1775931277\n|gametype|doubles\n|player|p1|MCschizo|265|1065\n|player|p2|thefakephrog|supernerd|1040\n|gen|9\n|tier|[Gen 9 Champions] VGC 2026 Reg M-A\n|rated|\n|rule|Species Clause: Limit one of each Pok\u00e9mon\n|rule|Item Clause: Limit 1 of each item\n|clearpoke\n|poke|p1|Aerodactyl, L50, M|\n|poke|p1|Incineroar, L50, M|\n|poke|p1|Raichu, L50, F|\n|poke|p1|Hydreigon, L50, M|\n|poke|p1|Hippowdon, L50, F|\n|poke|p1|Sinistcha, L50|\n|poke|p2|Gardevoir, L50, F|\n|poke|p2|Scizor, L50, F|\n|poke|p2|Whimsicott, L50, M|\n|poke|p2|Basculegion, L50, M|\n|poke|p2|Rotom-Heat, L50|\n|poke|p2|Excadrill, L50, M|\n|teampreview|4\n|\n|t:|1775931316\n|teamsize|p1|4\n|teamsize|p2|4\n|start\n|switch|p1a: Incineroar|Incineroar, L50, M|100/100\n|switch|p1b: Hydreigon|Hydreigon, L50, M|100/100\n|switch|p2a: Whimsicott|Whimsicott, L50, M|100/100\n|switch|p2b: Basculegion|Basculegion, L50, M|100/100\n|-ability|p1a: Incineroar|Intimidate|boost\n|-unboost|p2a: Whimsicott|atk|1\n|-unboost|p2b: Basculegion|atk|1\n|turn|1\n|inactive|Battle timer is ON: inactive players will automatically lose when time's up. (requested by thefakephrog)\n|\n|t:|1775931334\n|move|p1a: Incineroar|Fake Out|p2a: Whimsicott\n|-damage|p2a: Whimsicott|87/100\n|cant|p2a: Whimsicott|flinch\n|move|p1b: Hydreigon|U-turn|p2a: Whimsicott\n|-damage|p2a: Whimsicott|69/100\n|\n|t:|1775931342\n|switch|p1b: Hippowdon|Hippowdon, L50, F|100/100|[from] U-turn\n|-weather|Sandstorm|[from] ability: Sand Stream|[of] p1b: Hippowdon\n|move|p2b: Basculegion|Wave Crash|p1a: Incineroar\n|-supereffective|p1a: Incineroar|1\n|-damage|p1a: Incineroar|0 fnt\n|faint|p1a: Incineroar\n|-damage|p2b: Basculegion|70/100|[from] Recoil\n|\n|-weather|Sandstorm|[upkeep]\n|-damage|p2b: Basculegion|63/100|[from] Sandstorm\n|-damage|p2a: Whimsicott|63/100|[from] Sandstorm\n|-heal|p2a: Whimsicott|69/100|[from] item: Leftovers\n|upkeep\n|\n|t:|1775931344\n|switch|p1a: Aerodactyl|Aerodactyl, L50, M|100/100\n|turn|2\n|\n|t:|1775931359\n|detailschange|p1a: Aerodactyl|Aerodactyl-Mega, L50, M\n|-mega|p1a: Aerodactyl|Aerodactyl|Aerodactylite\n|move|p2a: Whimsicott|Tailwind|p2a: Whimsicott\n|-sidestart|p2: thefakephrog|move: Tailwind\n|move|p2b: Basculegion|Wave Crash|p1b: Hippowdon\n|-supereffective|p1b: Hippowdon|1\n|-damage|p1b: Hippowdon|43/100\n|-damage|p2b: Basculegion|43/100|[from] Recoil\n|move|p1a: Aerodactyl|Dual Wingbeat|p2b: Basculegion\n|-damage|p2b: Basculegion|9/100\n|-damage|p2b: Basculegion|0 fnt\n|faint|p2b: Basculegion\n|-hitcount|p2: Basculegion|2\n|move|p1b: Hippowdon|Yawn|p2a: Whimsicott\n|-start|p2a: Whimsicott|move: Yawn|[of] p1b: Hippowdon\n|\n|-weather|Sandstorm|[upkeep]\n|-damage|p2a: Whimsicott|63/100|[from] Sandstorm\n|-heal|p2a: Whimsicott|69/100|[from] item: Leftovers\n|-heal|p1b: Hippowdon|48/100|[from] item: Leftovers\n|upkeep\n|inactive|thefakephrog has 30 seconds left.\n|\n|t:|1775931386\n|switch|p2b: Excadrill|Excadrill, L50, M|100/100\n|-ability|p2b: Excadrill|Mold Breaker\n|turn|3\n|\n|t:|1775931400\n|switch|p1a: Hydreigon|Hydreigon, L50, M|100/100\n|move|p2b: Excadrill|Iron Head|p1a: Hydreigon\n|-damage|p1a: Hydreigon|48/100\n|move|p2a: Whimsicott|Energy Ball|p1b: Hippowdon\n|-supereffective|p1b: Hippowdon|1\n|-damage|p1b: Hippowdon|0 fnt\n|faint|p1b: Hippowdon\n|\n|-weather|Sandstorm|[upkeep]\n|-damage|p2a: Whimsicott|63/100|[from] Sandstorm\n|-damage|p1a: Hydreigon|43/100|[from] Sandstorm\n|-heal|p2a: Whimsicott|69/100|[from] item: Leftovers\n|-end|p2a: Whimsicott|move: Yawn|[silent]\n|-status|p2a: Whimsicott|slp\n|upkeep\n|\n|t:|1775931408\n|switch|p1b: Aerodactyl|Aerodactyl-Mega, L50, M|100/100\n|turn|4\n|\n|t:|1775931423\n|move|p2b: Excadrill|Iron Head|p1b: Aerodactyl\n|-supereffective|p1b: Aerodactyl|1\n|-damage|p1b: Aerodactyl|5/100\n|cant|p2a: Whimsicott|slp\n|move|p1a: Hydreigon|Draco Meteor|p2b: Excadrill\n|-resisted|p2b: Excadrill|1\n|-damage|p2b: Excadrill|55/100\n|-unboost|p1a: Hydreigon|spa|2\n|move|p1b: Aerodactyl|Tailwind|p1b: Aerodactyl\n|-sidestart|p1: MCschizo|move: Tailwind\n|\n|-weather|Sandstorm|[upkeep]\n|-damage|p1a: Hydreigon|37/100|[from] Sandstorm\n|-damage|p2a: Whimsicott|63/100 slp|[from] Sandstorm\n|-heal|p2a: Whimsicott|69/100 slp|[from] item: Leftovers\n|upkeep\n|turn|5\n|inactive|thefakephrog has 30 seconds left.\n|\n|t:|1775931454\n|move|p1a: Hydreigon|Draco Meteor|p2b: Excadrill\n|-resisted|p2b: Excadrill|1\n|-damage|p2b: Excadrill|29/100\n|-unboost|p1a: Hydreigon|spa|2\n|move|p1b: Aerodactyl|Dual Wingbeat|p2b: Excadrill\n|-resisted|p2b: Excadrill|1\n|-damage|p2b: Excadrill|11/100\n|-resisted|p2b: Excadrill|1\n|-damage|p2b: Excadrill|0 fnt\n|faint|p2b: Excadrill\n|-hitcount|p2: Excadrill|2\n|-curestatus|p2a: Whimsicott|slp|[msg]\n|move|p2a: Whimsicott|Dazzling Gleam|p1b: Aerodactyl|[spread] p1a,p1b\n|-supereffective|p1a: Hydreigon|2\n|-damage|p1a: Hydreigon|0 fnt\n|-damage|p1b: Aerodactyl|0 fnt\n|faint|p1a: Hydreigon\n|faint|p1b: Aerodactyl\n|\n|win|thefakephrog\n|raw|MCschizo's rating: 1065 &rarr; <strong>1044</strong><br />(-21 for losing)\n|raw|thefakephrog's rating: 1040 &rarr; <strong>1076</strong><br />(+36 for winning)\n|l|\u2606MCschizo\n|player|p1|\n",
  "uploadtime": 1775931472,
  "views": 18,
  "formatid": "gen9championsvgc2026regma",
  "rating": 1044,
  "private": 0,
  "password": null
}