{
  "id": "gen9championsvgc2026regma-2585025101",
  "format": "[Gen 9 Champions] VGC 2026 Reg M-A",
  "players": [
    "BaezelGoose",
    "Sqorious"
  ],
  "log": "|j|\u2606BaezelGoose\n|j|\u2606Sqorious\n|t:|1776304423\n|gametype|doubles\n|player|p1|BaezelGoose|cyclistf-gen4|1081\n|player|p2|Sqorious|gentleman-gen4|1000\n|gen|9\n|tier|[Gen 9 Champions] VGC 2026 Reg M-A\n|rated|\n|rule|Species Clause: Limit one of each Pok\u00e9mon\n|rule|Item Clause: Limit 1 of each item\n|clearpoke\n|poke|p1|Tyranitar, L50, F|\n|poke|p1|Aerodactyl, L50, M|\n|poke|p1|Arcanine-Hisui, L50, M|\n|poke|p1|Sinistcha, L50|\n|poke|p1|Kangaskhan, L50, F|\n|poke|p1|Excadrill, L50, M|\n|poke|p2|Lucario, L50, F|\n|poke|p2|Maushold-Four, L50|\n|poke|p2|Scizor, L50, F|\n|poke|p2|Gardevoir, L50, F|\n|poke|p2|Garchomp, L50, M|\n|poke|p2|Gyarados, L50, M|\n|teampreview|4\n|inactive|Battle timer is ON: inactive players will automatically lose when time's up. (requested by Sqorious)\n|\n|t:|1776304432\n|teamsize|p1|4\n|teamsize|p2|4\n|start\n|switch|p1a: Aerodactyl|Aerodactyl, L50, M|100/100\n|switch|p1b: Kangaskhan|Kangaskhan, L50, F|100/100\n|switch|p2a: Maushold|Maushold-Four, L50|100/100\n|switch|p2b: Lucario|Lucario, L50, F|100/100\n|-ability|p1a: Aerodactyl|Unnerve\n|turn|1\n|\n|t:|1776304441\n|move|p1b: Kangaskhan|Fake Out|p2b: Lucario\n|-resisted|p2b: Lucario|1\n|-damage|p2b: Lucario|90/100\n|move|p1a: Aerodactyl|Tailwind|p1a: Aerodactyl\n|-sidestart|p1: BaezelGoose|move: Tailwind\n|cant|p2b: Lucario|flinch\n|move|p2a: Maushold|Beat Up|p2b: Lucario\n|-resisted|p2b: Lucario|1\n|-damage|p2b: Lucario|88/100\n|-ability|p2b: Lucario|Justified|boost\n|-boost|p2b: Lucario|atk|1\n|-resisted|p2b: Lucario|1\n|-damage|p2b: Lucario|86/100\n|-ability|p2b: Lucario|Justified|boost\n|-boost|p2b: Lucario|atk|1\n|-resisted|p2b: Lucario|1\n|-damage|p2b: Lucario|83/100\n|-ability|p2b: Lucario|Justified|boost\n|-boost|p2b: Lucario|atk|1\n|-resisted|p2b: Lucario|1\n|-damage|p2b: Lucario|80/100\n|-ability|p2b: Lucario|Justified|boost\n|-boost|p2b: Lucario|atk|1\n|-hitcount|p2b: Lucario|4\n|\n|upkeep\n|turn|2\n|inactive|BaezelGoose has 30 seconds left.\n|\n|t:|1776304467\n|detailschange|p1b: Kangaskhan|Kangaskhan-Mega, L50, F\n|-mega|p1b: Kangaskhan|Kangaskhan|Kangaskhanite\n|detailschange|p2b: Lucario|Lucario-Mega, L50, F\n|-mega|p2b: Lucario|Lucario|Lucarionite\n|move|p2a: Maushold|Follow Me|p2a: Maushold\n|-singleturn|p2a: Maushold|move: Follow Me\n|move|p1a: Aerodactyl|Dual Wingbeat|p2a: Maushold\n|-damage|p2a: Maushold|78/100\n|-damage|p2a: Maushold|56/100\n|-hitcount|p2a: Maushold|2\n|move|p1b: Kangaskhan|Drain Punch|p2a: Maushold\n|-supereffective|p2a: Maushold|1\n|-damage|p2a: Maushold|0 fnt\n|faint|p2a: Maushold\n|-hitcount|p2: Maushold|1\n|move|p2b: Lucario|Close Combat|p1b: Kangaskhan\n|-supereffective|p1b: Kangaskhan|1\n|-damage|p1b: Kangaskhan|0 fnt\n|-unboost|p2b: Lucario|def|1\n|-unboost|p2b: Lucario|spd|1\n|faint|p1b: Kangaskhan\n|\n|upkeep\n|inactive|Sqorious has 30 seconds left.\n|\n|t:|1776304496\n|switch|p1b: Arcanine|Arcanine-Hisui, L50, M|100/100\n|switch|p2a: Garchomp|Garchomp, L50, M|100/100\n|-ability|p1b: Arcanine|Intimidate|boost\n|-unboost|p2a: Garchomp|atk|1\n|-unboost|p2b: Lucario|atk|1\n|turn|3\n|\n|t:|1776304517\n|move|p2b: Lucario|Detect|p2b: Lucario\n|-singleturn|p2b: Lucario|Protect\n|move|p1b: Arcanine|Flare Blitz|p2b: Lucario\n|-activate|p2b: Lucario|move: Protect\n|move|p1a: Aerodactyl|Dual Wingbeat|p2b: Lucario\n|-activate|p2b: Lucario|move: Protect\n|move|p2a: Garchomp|Iron Head|p1a: Aerodactyl\n|-supereffective|p1a: Aerodactyl|1\n|-damage|p1a: Aerodactyl|29/100\n|\n|upkeep\n|turn|4\n|\n|t:|1776304535\n|move|p1b: Arcanine|Flare Blitz|p2b: Lucario\n|-supereffective|p2b: Lucario|1\n|-damage|p2b: Lucario|0 fnt\n|faint|p2b: Lucario\n|-damage|p1b: Arcanine|78/100|[from] Recoil\n|move|p1a: Aerodactyl|Dual Wingbeat|p2a: Garchomp\n|-damage|p2a: Garchomp|85/100\n|-damage|p1a: Aerodactyl|17/100|[from] ability: Rough Skin|[of] p2a: Garchomp\n|-crit|p2a: Garchomp\n|-damage|p2a: Garchomp|56/100\n|-damage|p1a: Aerodactyl|5/100|[from] ability: Rough Skin|[of] p2a: Garchomp\n|-hitcount|p2a: Garchomp|2\n|move|p2a: Garchomp|Dragon Claw|p1b: Arcanine\n|-damage|p1b: Arcanine|42/100\n|\n|-heal|p2a: Garchomp|62/100|[from] item: Leftovers\n|-sideend|p1: BaezelGoose|move: Tailwind\n|upkeep\n|\n|t:|1776304539\n|switch|p2b: Gyarados|Gyarados, L50, M|100/100\n|-ability|p2b: Gyarados|Intimidate|boost\n|-unboost|p1a: Aerodactyl|atk|1\n|-unboost|p1b: Arcanine|atk|1\n|turn|5\n|\n|t:|1776304552\n|move|p1b: Arcanine|Flare Blitz|p2a: Garchomp\n|-resisted|p2a: Garchomp|1\n|-damage|p2a: Garchomp|43/100\n|-damage|p1b: Arcanine|30/100|[from] ability: Rough Skin|[of] p2a: Garchomp\n|-damage|p1b: Arcanine|23/100|[from] Recoil\n|move|p1a: Aerodactyl|Tailwind|p1a: Aerodactyl\n|-sidestart|p1: BaezelGoose|move: Tailwind\n|move|p2a: Garchomp|Earthquake|p1b: Arcanine|[spread] p1b\n|-immune|p2b: Gyarados\n|-immune|p1a: Aerodactyl\n|-supereffective|p1b: Arcanine|2\n|-crit|p1b: Arcanine\n|-damage|p1b: Arcanine|0 fnt\n|faint|p1b: Arcanine\n|move|p2b: Gyarados|Waterfall|p1a: Aerodactyl\n|-supereffective|p1a: Aerodactyl|1\n|-damage|p1a: Aerodactyl|0 fnt\n|faint|p1a: Aerodactyl\n|\n|-heal|p2a: Garchomp|48/100|[from] item: Leftovers\n|upkeep\n|\n|t:|1776304564\n|switch|p1b: Sinistcha|Sinistcha, L50|100/100\n|turn|6\n|\n|t:|1776304581\n|move|p2a: Garchomp|Protect|p2a: Garchomp\n|-singleturn|p2a: Garchomp|Protect\n|move|p1b: Sinistcha|Matcha Gotcha|p2a: Garchomp|[spread] p2b\n|-activate|p2a: Garchomp|move: Protect\n|-damage|p2b: Gyarados|74/100\n|move|p2b: Gyarados|Ice Fang|p1b: Sinistcha\n|-supereffective|p1b: Sinistcha|1\n|-damage|p1b: Sinistcha|55/100\n|\n|-heal|p1b: Sinistcha|61/100|[from] item: Leftovers\n|-heal|p2a: Garchomp|54/100|[from] item: Leftovers\n|upkeep\n|turn|7\n|\n|t:|1776304591\n|move|p1b: Sinistcha|Matcha Gotcha|p2b: Gyarados|[spread] p2b\n|-miss|p1b: Sinistcha|p2a: Garchomp\n|-damage|p2b: Gyarados|48/100\n|-heal|p1b: Sinistcha|75/100|[from] drain|[of] p2b: Gyarados\n|move|p2a: Garchomp|Dragon Claw|p1b: Sinistcha\n|-damage|p1b: Sinistcha|49/100\n|move|p2b: Gyarados|Ice Fang|p1b: Sinistcha\n|-supereffective|p1b: Sinistcha|1\n|-damage|p1b: Sinistcha|10/100\n|\n|-heal|p1b: Sinistcha|16/100|[from] item: Leftovers\n|-heal|p2a: Garchomp|60/100|[from] item: Leftovers\n|upkeep\n|turn|8\n|\n|t:|1776304605\n|move|p1b: Sinistcha|Matcha Gotcha|p2b: Gyarados|[spread] p2a,p2b\n|-damage|p2a: Garchomp|33/100\n|-heal|p1b: Sinistcha|32/100|[from] drain|[of] p2a: Garchomp\n|-damage|p2b: Gyarados|25/100\n|-heal|p1b: Sinistcha|44/100|[from] drain|[of] p2b: Gyarados\n|-status|p2a: Garchomp|brn\n|move|p2a: Garchomp|Dragon Claw|p1b: Sinistcha\n|-damage|p1b: Sinistcha|30/100\n|move|p2b: Gyarados|Ice Fang|p1b: Sinistcha\n|-supereffective|p1b: Sinistcha|1\n|-damage|p1b: Sinistcha|0 fnt\n|faint|p1b: Sinistcha\n|\n|win|Sqorious\n|raw|BaezelGoose's rating: 1081 &rarr; <strong>1054</strong><br />(-27 for losing)\n|raw|Sqorious's rating: 1000 &rarr; <strong>1049</strong><br />(+49 for winning)\n",
  "uploadtime": 1776304614,
  "views": 22,
  "formatid": "gen9championsvgc2026regma",
  "rating": 1049,
  "private": 0,
  "password": null
}