{
  "id": "gen9championsvgc2026regma-2589532959",
  "format": "[Gen 9 Champions] VGC 2026 Reg M-A",
  "players": [
    "duvay",
    "CireGib"
  ],
  "log": "|j|\u2606duvay\n|j|\u2606CireGib\n|t:|1776731630\n|gametype|doubles\n|player|p1|duvay|102|1144\n|player|p2|CireGib|266|1087\n|gen|9\n|tier|[Gen 9 Champions] VGC 2026 Reg M-A\n|rated|\n|rule|Species Clause: Limit one of each Pok\u00e9mon\n|rule|Item Clause: Limit 1 of each item\n|clearpoke\n|poke|p1|Tyrantrum, L50, M|\n|poke|p1|Talonflame, L50, M|\n|poke|p1|Sinistcha, L50|\n|poke|p1|Milotic, L50, F|\n|poke|p1|Gardevoir, L50, M|\n|poke|p1|Sneasler, L50, F|\n|poke|p2|Farigiraf, L50, F|\n|poke|p2|Golurk, L50|\n|poke|p2|Garchomp, L50, M|\n|poke|p2|Talonflame, L50, M|\n|poke|p2|Rotom-Wash, L50|\n|poke|p2|Meganium, L50, M|\n|teampreview|4\n|inactive|Battle timer is ON: inactive players will automatically lose when time's up. (requested by CireGib)\nduvay rejected open team sheets.\n|inactive|CireGib has 60 seconds left.\n|\n|t:|1776731669\n|teamsize|p1|4\n|teamsize|p2|4\n|start\n|switch|p1a: Gardevoir|Gardevoir, L50, M|100/100\n|switch|p1b: Sneasler|Sneasler, L50, F|100/100\n|switch|p2a: Talonflame|Talonflame, L50, M|100/100\n|switch|p2b: Meganium|Meganium, L50, M|100/100\n|-ability|p1a: Gardevoir|Gale Wings|Trace|[from] ability: Trace|[of] p2a: Talonflame\n|turn|1\n|inactive|duvay has 30 seconds left.\n|\n|t:|1776731697\n|switch|p2a: Farigiraf|Farigiraf, L50, F|100/100\n|detailschange|p2b: Meganium|Meganium-Mega, L50, M\n|-mega|p2b: Meganium|Meganium|Meganiumite\n|detailschange|p1a: Gardevoir|Gardevoir-Mega, L50, M\n|-mega|p1a: Gardevoir|Gardevoir|Gardevoirite\n|move|p1b: Sneasler|Dire Claw|p2b: Meganium\n|-supereffective|p2b: Meganium|2\n|-damage|p2b: Meganium|0 fnt\n|faint|p2b: Meganium\n|move|p1a: Gardevoir|Trick Room|p1a: Gardevoir\n|-fieldstart|move: Trick Room|[of] p1a: Gardevoir\n|\n|upkeep\n|\n|t:|1776731709\n|switch|p2b: Golurk|Golurk, L50|100/100\n|turn|2\n|\n|t:|1776731722\n|switch|p1b: Talonflame|Talonflame, L50, M|100/100\n|move|p2b: Golurk|High Horsepower|p1b: Talonflame\n|-immune|p1b: Talonflame\n|move|p2a: Farigiraf|Shadow Ball|p1a: Gardevoir\n|-supereffective|p1a: Gardevoir|1\n|-damage|p1a: Gardevoir|54/100\n|move|p1a: Gardevoir|Hyper Voice|p2b: Golurk|[spread] p2a,p2b\n|-damage|p2a: Farigiraf|50/100\n|-damage|p2b: Golurk|42/100\n|-enditem|p2a: Farigiraf|Sitrus Berry|[eat]\n|-heal|p2a: Farigiraf|75/100|[from] item: Sitrus Berry\n|\n|upkeep\n|turn|3\n|\n|t:|1776731744\n|switch|p1b: Milotic|Milotic, L50, F|100/100\n|move|p1a: Gardevoir|Protect|p1a: Gardevoir\n|-singleturn|p1a: Gardevoir|Protect\n|move|p2a: Farigiraf|Shadow Ball|p1a: Gardevoir\n|-activate|p1a: Gardevoir|move: Protect\n|move|p2b: Golurk|Poltergeist|p1b: Milotic\n|-activate|p1b: Milotic|move: Poltergeist|Leftovers\n|-damage|p1b: Milotic|36/100\n|\n|-heal|p1b: Milotic|42/100|[from] item: Leftovers\n|upkeep\n|turn|4\n|\n|t:|1776731762\n|move|p2b: Golurk|Protect|p2b: Golurk\n|-singleturn|p2b: Golurk|Protect\n|move|p2a: Farigiraf|Shadow Ball|p1a: Gardevoir\n|-supereffective|p1a: Gardevoir|1\n|-damage|p1a: Gardevoir|7/100\n|move|p1b: Milotic|Hypnosis|p2a: Farigiraf|[miss]\n|-miss|p1b: Milotic|p2a: Farigiraf\n|move|p1a: Gardevoir|Hyper Voice|p2b: Golurk|[spread] p2a\n|-activate|p2b: Golurk|move: Protect\n|-damage|p2a: Farigiraf|20/100\n|\n|-heal|p1b: Milotic|48/100|[from] item: Leftovers\n|upkeep\n|turn|5\n|\n|t:|1776731777\n|switch|p1b: Sneasler|Sneasler, L50, F|100/100\n|move|p1a: Gardevoir|Protect|p1a: Gardevoir\n|-singleturn|p1a: Gardevoir|Protect\n|move|p2b: Golurk|Poltergeist|p1b: Sneasler\n|-activate|p1b: Sneasler|move: Poltergeist|Focus Sash\n|-enditem|p1b: Sneasler|Focus Sash\n|-damage|p1b: Sneasler|1/100\n|move|p2a: Farigiraf|Shadow Ball|p1a: Gardevoir\n|-activate|p1a: Gardevoir|move: Protect\n|\n|-fieldend|move: Trick Room\n|upkeep\n|turn|6\n|\n|t:|1776731798\n|switch|p1b: Milotic|Milotic, L50, F|48/100\n|switch|p2a: Talonflame|Talonflame, L50, M|100/100\n|move|p2b: Golurk|Protect|p2b: Golurk\n|-singleturn|p2b: Golurk|Protect\n|move|p1a: Gardevoir|Hyper Voice|p2a: Talonflame|[spread] p2a\n|-activate|p2b: Golurk|move: Protect\n|-resisted|p2a: Talonflame|1\n|-damage|p2a: Talonflame|57/100\n|\n|-heal|p1b: Milotic|54/100|[from] item: Leftovers\n|upkeep\n|turn|7\n|\n|t:|1776731822\n|move|p1a: Gardevoir|Protect|p1a: Gardevoir\n|-singleturn|p1a: Gardevoir|Protect\n|move|p2a: Talonflame|Tailwind|p2a: Talonflame\n|-sidestart|p2: CireGib|move: Tailwind\n|move|p2b: Golurk|Poltergeist|p1b: Milotic\n|-activate|p1b: Milotic|move: Poltergeist|Leftovers\n|-crit|p1b: Milotic\n|-damage|p1b: Milotic|0 fnt\n|faint|p1b: Milotic\n|\n|upkeep\n|\n|t:|1776731829\n|switch|p1b: Sneasler|Sneasler, L50, F|1/100\n|turn|8\n|\n|t:|1776731853\n|switch|p2a: Farigiraf|Farigiraf, L50, F|20/100\n|move|p1b: Sneasler|Fake Out||[still]\n|cant|p2a: Farigiraf|ability: Armor Tail|Fake Out|[of] p1b: Sneasler\n|move|p2b: Golurk|Poltergeist||[still]\n|-fail|p2b: Golurk\n|move|p1a: Gardevoir|Hyper Voice|p2b: Golurk|[spread] p2a,p2b\n|-damage|p2a: Farigiraf|0 fnt\n|-damage|p2b: Golurk|0 fnt\n|faint|p2a: Farigiraf\n|faint|p2b: Golurk\n|\n|upkeep\n|\n|t:|1776731868\n|switch|p2b: Talonflame|Talonflame, L50, M|57/100\n|turn|9\n|\n|t:|1776731880\n|move|p2b: Talonflame|Brave Bird|p1a: Gardevoir\n|-damage|p1a: Gardevoir|0 fnt\n|faint|p1a: Gardevoir\n|-damage|p2b: Talonflame|55/100|[from] Recoil\n|move|p1b: Sneasler|Dire Claw|p2b: Talonflame\n|-damage|p2b: Talonflame|0 fnt\n|faint|p2b: Talonflame\n|\n|win|duvay\n|raw|duvay's rating: 1144 &rarr; <strong>1165</strong><br />(+21 for winning)\n|raw|CireGib's rating: 1087 &rarr; <strong>1068</strong><br />(-19 for losing)\n|l|\u2606CireGib\n|player|p2|\n",
  "uploadtime": 1776731887,
  "views": 4,
  "formatid": "gen9championsvgc2026regma",
  "rating": 1068,
  "private": 0,
  "password": null
}