{
  "id": "gen9championsvgc2026regma-2585672421",
  "format": "[Gen 9 Champions] VGC 2026 Reg M-A",
  "players": [
    "Anuelps4",
    "Syke11"
  ],
  "log": "|j|\u2606Anuelps4\n|j|\u2606Syke11\n|t:|1776362693\n|gametype|doubles\n|player|p1|Anuelps4|2|1087\n|player|p2|Syke11|jacinthe|1116\n|gen|9\n|tier|[Gen 9 Champions] VGC 2026 Reg M-A\n|rated|\n|rule|Species Clause: Limit one of each Pok\u00e9mon\n|rule|Item Clause: Limit 1 of each item\n|clearpoke\n|poke|p1|Arcanine, L50, M|\n|poke|p1|Venusaur, L50, M|\n|poke|p1|Rotom-Wash, L50|\n|poke|p1|Garchomp, L50, M|\n|poke|p1|Corviknight, L50, M|\n|poke|p1|Sneasler, L50, F|\n|poke|p2|Lopunny, L50, M|\n|poke|p2|Scizor, L50, F|\n|poke|p2|Ninetales-Alola, L50, M|\n|poke|p2|Glimmora, L50, F|\n|poke|p2|Salazzle, L50, F|\n|poke|p2|Archaludon, L50, F|\n|teampreview|4\n|inactive|Battle timer is ON: inactive players will automatically lose when time's up. (requested by Anuelps4)\n|\n|t:|1776362729\n|teamsize|p1|4\n|teamsize|p2|4\n|start\n|switch|p1a: Arcanine|Arcanine, L50, M|100/100\n|switch|p1b: Sneasler|Sneasler, L50, F|100/100\n|switch|p2a: Salazzle|Salazzle, L50, F|100/100\n|switch|p2b: Ninetales|Ninetales-Alola, L50, M|100/100\n|-weather|Snowscape|[from] ability: Snow Warning|[of] p2b: Ninetales\n|-ability|p1a: Arcanine|Intimidate|boost\n|-unboost|p2a: Salazzle|atk|1\n|-unboost|p2b: Ninetales|atk|1\n|turn|1\n|\n|t:|1776362748\n|move|p2a: Salazzle|Protect|p2a: Salazzle\n|-singleturn|p2a: Salazzle|Protect\n|move|p2b: Ninetales|Protect|p2b: Ninetales\n|-singleturn|p2b: Ninetales|Protect\n|move|p1b: Sneasler|Fake Out|p2a: Salazzle\n|-activate|p2a: Salazzle|move: Protect\n|move|p1a: Arcanine|Snarl|p2a: Salazzle|[spread] \n|-activate|p2a: Salazzle|move: Protect\n|-activate|p2b: Ninetales|move: Protect\n|\n|-weather|Snowscape|[upkeep]\n|upkeep\n|turn|2\n|\n|t:|1776362770\n|move|p1b: Sneasler|Coaching|p1a: Arcanine\n|-boost|p1a: Arcanine|atk|1\n|-boost|p1a: Arcanine|def|1\n|move|p2a: Salazzle|Overheat|p1b: Sneasler\n|-damage|p1b: Sneasler|20/100\n|-unboost|p2a: Salazzle|spa|2\n|move|p2b: Ninetales|Aurora Veil|p2b: Ninetales\n|-sidestart|p2: Syke11|move: Aurora Veil\n|move|p1a: Arcanine|Flare Blitz|p2b: Ninetales\n|-supereffective|p2b: Ninetales|1\n|-damage|p2b: Ninetales|27/100\n|-damage|p1a: Arcanine|77/100|[from] Recoil\n|\n|-weather|Snowscape|[upkeep]\n|upkeep\n|turn|3\n|inactive|Anuelps4 has 30 seconds left.\n|\n|t:|1776362804\n|move|p2b: Ninetales|Protect|p2b: Ninetales\n|-singleturn|p2b: Ninetales|Protect\n|move|p1b: Sneasler|Coaching|p1a: Arcanine\n|-boost|p1a: Arcanine|atk|1\n|-boost|p1a: Arcanine|def|1\n|move|p2a: Salazzle|Overheat|p1b: Sneasler\n|-damage|p1b: Sneasler|0 fnt\n|-unboost|p2a: Salazzle|spa|2\n|faint|p1b: Sneasler\n|move|p1a: Arcanine|Flare Blitz|p2b: Ninetales\n|-activate|p2b: Ninetales|move: Protect\n|\n|-weather|Snowscape|[upkeep]\n|upkeep\n|\n|t:|1776362821\n|switch|p1b: Garchomp|Garchomp, L50, M|100/100\n|turn|4\n|\n|t:|1776362836\n|move|p1b: Garchomp|Protect|p1b: Garchomp\n|-singleturn|p1b: Garchomp|Protect\n|move|p2a: Salazzle|Toxic|p1b: Garchomp\n|-activate|p1b: Garchomp|move: Protect\n|move|p2b: Ninetales|Blizzard|p1a: Arcanine|[spread] p1a\n|-activate|p1b: Garchomp|move: Protect\n|-resisted|p1a: Arcanine|1\n|-damage|p1a: Arcanine|64/100\n|move|p1a: Arcanine|Flare Blitz|p2b: Ninetales\n|-supereffective|p2b: Ninetales|1\n|-damage|p2b: Ninetales|0 fnt\n|faint|p2b: Ninetales\n|-damage|p1a: Arcanine|56/100|[from] Recoil\n|\n|-weather|Snowscape|[upkeep]\n|upkeep\n|\n|t:|1776362846\n|switch|p2b: Lopunny|Lopunny, L50, M|100/100\n|turn|5\n|inactive|Syke11 has 30 seconds left.\n|\n|t:|1776362875\n|detailschange|p2b: Lopunny|Lopunny-Mega, L50, M\n|-mega|p2b: Lopunny|Lopunny|Lopunnite\n|move|p1a: Arcanine|Protect|p1a: Arcanine\n|-singleturn|p1a: Arcanine|Protect\n|move|p2b: Lopunny|Fake Out|p1a: Arcanine\n|-activate|p1a: Arcanine|move: Protect\n|move|p2a: Salazzle|Toxic|p1a: Arcanine\n|-activate|p1a: Arcanine|move: Protect\n|move|p1b: Garchomp|Earthquake|p2a: Salazzle|[spread] p2a,p2b\n|-activate|p1a: Arcanine|move: Protect\n|-supereffective|p2a: Salazzle|2\n|-enditem|p2a: Salazzle|Focus Sash\n|-damage|p2a: Salazzle|1/100\n|-damage|p2b: Lopunny|64/100\n|\n|-weather|none\n|upkeep\n|turn|6\n|\n|t:|1776362895\n|move|p1b: Garchomp|Protect|p1b: Garchomp\n|-singleturn|p1b: Garchomp|Protect\n|move|p2b: Lopunny|Encore|p1a: Arcanine\n|-start|p1a: Arcanine|Encore\n|move|p1a: Arcanine|Protect||[still]\n|-fail|p1a: Arcanine\n|move|p2a: Salazzle|Toxic|p1a: Arcanine\n|-status|p1a: Arcanine|tox\n|\n|-damage|p1a: Arcanine|50/100 tox|[from] psn\n|-sideend|p2: Syke11|move: Aurora Veil\n|upkeep\n|-enditem|p1a: Arcanine|Sitrus Berry|[eat]\n|-heal|p1a: Arcanine|75/100 tox|[from] item: Sitrus Berry\n|turn|7\n|inactive|Anuelps4 has 30 seconds left.\n|\n|t:|1776362924\n|switch|p2b: Scizor|Scizor, L50, F|100/100\n|move|p1a: Arcanine|Protect|p1a: Arcanine\n|-singleturn|p1a: Arcanine|Protect\n|move|p2a: Salazzle|Toxic|p1b: Garchomp\n|-status|p1b: Garchomp|tox\n|move|p1b: Garchomp|Earthquake|p2a: Salazzle|[spread] p2a,p2b\n|-activate|p1a: Arcanine|move: Protect\n|-supereffective|p2a: Salazzle|2\n|-damage|p2a: Salazzle|0 fnt\n|-damage|p2b: Scizor|63/100\n|faint|p2a: Salazzle\n|\n|-heal|p2b: Scizor|69/100|[from] item: Leftovers\n|-damage|p1b: Garchomp|95/100 tox|[from] psn\n|-damage|p1a: Arcanine|63/100 tox|[from] psn\n|upkeep\n|\n|t:|1776362932\n|switch|p2a: Lopunny|Lopunny-Mega, L50, M|64/100\n|turn|8\n|\n|t:|1776362949\n|switch|p1a: Venusaur|Venusaur, L50, M|100/100\n|move|p2a: Lopunny|Fake Out|p1b: Garchomp\n|-damage|p1b: Garchomp|71/100 tox\n|-damage|p2a: Lopunny|52/100|[from] ability: Rough Skin|[of] p1b: Garchomp\n|cant|p1b: Garchomp|flinch\n|move|p2b: Scizor|Tailwind|p2b: Scizor\n|-sidestart|p2: Syke11|move: Tailwind\n|\n|-heal|p2b: Scizor|75/100|[from] item: Leftovers\n|-damage|p1b: Garchomp|59/100 tox|[from] psn\n|upkeep\n|turn|9\n|inactive|Anuelps4 has 30 seconds left.\n|\n|t:|1776362975\n|detailschange|p1a: Venusaur|Venusaur-Mega, L50, M\n|-mega|p1a: Venusaur|Venusaur|Venusaurite\n|move|p2a: Lopunny|Close Combat|p1b: Garchomp\n|-damage|p1b: Garchomp|0 fnt\n|-unboost|p2a: Lopunny|def|1\n|-unboost|p2a: Lopunny|spd|1\n|-damage|p2a: Lopunny|40/100|[from] ability: Rough Skin|[of] p1b: Garchomp\n|faint|p1b: Garchomp\n|move|p2b: Scizor|Dual Wingbeat|p1a: Venusaur\n|-supereffective|p1a: Venusaur|1\n|-damage|p1a: Venusaur|60/100\n|-supereffective|p1a: Venusaur|1\n|-damage|p1a: Venusaur|20/100\n|-hitcount|p1a: Venusaur|2\n|move|p1a: Venusaur|Leech Seed|p2b: Scizor\n|-start|p2b: Scizor|move: Leech Seed\n|\n|-heal|p2b: Scizor|81/100|[from] item: Leftovers\n|-damage|p2b: Scizor|69/100|[from] Leech Seed|[of] p1a: Venusaur\n|-heal|p1a: Venusaur|32/100|[silent]\n|upkeep\n|\n|t:|1776362996\n|switch|p1b: Arcanine|Arcanine, L50, M|63/100 tox\n|-ability|p1b: Arcanine|Intimidate|boost\n|-fail|p2a: Lopunny|unboost|Attack|[from] ability: Scrappy|[of] p2a: Lopunny\n|-unboost|p2b: Scizor|atk|1\n|turn|10\n|\n|t:|1776363015\n|move|p1a: Venusaur|Protect|p1a: Venusaur\n|-singleturn|p1a: Venusaur|Protect\n|move|p2a: Lopunny|Close Combat|p1b: Arcanine\n|-damage|p1b: Arcanine|0 fnt\n|-unboost|p2a: Lopunny|def|1\n|-unboost|p2a: Lopunny|spd|1\n|faint|p1b: Arcanine\n|move|p2b: Scizor|Dual Wingbeat|p1a: Venusaur\n|-activate|p1a: Venusaur|move: Protect\n|\n|-heal|p2b: Scizor|75/100|[from] item: Leftovers\n|-damage|p2b: Scizor|63/100|[from] Leech Seed|[of] p1a: Venusaur\n|-heal|p1a: Venusaur|45/100|[silent]\n|upkeep\n|turn|11\n|inactive|Anuelps4 has 30 seconds left.\n|\n|t:|1776363044\n|move|p2a: Lopunny|Close Combat|p1a: Venusaur\n|-resisted|p1a: Venusaur|1\n|-damage|p1a: Venusaur|19/100\n|-unboost|p2a: Lopunny|def|1\n|-unboost|p2a: Lopunny|spd|1\n|move|p2b: Scizor|Dual Wingbeat|p1a: Venusaur\n|-supereffective|p1a: Venusaur|1\n|-damage|p1a: Venusaur|0 fnt\n|faint|p1a: Venusaur\n|-hitcount|p1: Venusaur|1\n|\n|win|Syke11\n|raw|Anuelps4's rating: 1087 &rarr; <strong>1066</strong><br />(-21 for losing)\n|raw|Syke11's rating: 1116 &rarr; <strong>1139</strong><br />(+23 for winning)\n|l|\u2606Anuelps4\n|player|p1|\n",
  "uploadtime": 1776363076,
  "views": 19,
  "formatid": "gen9championsvgc2026regma",
  "rating": 1066,
  "private": 0,
  "password": null
}