{
  "id": "gen9championsvgc2026regma-2585673641",
  "format": "[Gen 9 Champions] VGC 2026 Reg M-A",
  "players": [
    "Escobarco",
    "Xennetta"
  ],
  "log": "|j|\u2606Escobarco\n|j|\u2606Xennetta\n|t:|1776362773\n|gametype|doubles\n|player|p1|Escobarco|ingo|1012\n|player|p2|Xennetta|169|1000\n|gen|9\n|tier|[Gen 9 Champions] VGC 2026 Reg M-A\n|rated|\n|rule|Species Clause: Limit one of each Pok\u00e9mon\n|rule|Item Clause: Limit 1 of each item\n|clearpoke\n|poke|p1|Drampa, L50, F|\n|poke|p1|Sinistcha-Masterpiece, L50|\n|poke|p1|Whimsicott, L50, M|\n|poke|p1|Azumarill, L50, M|\n|poke|p1|Camerupt, L50, M|\n|poke|p1|Feraligatr, L50, F|\n|poke|p2|Absol, L50, M|\n|poke|p2|Typhlosion-Hisui, L50, F|\n|poke|p2|Sinistcha, L50|\n|poke|p2|Aerodactyl, L50, M|\n|poke|p2|Milotic, L50, F|\n|poke|p2|Steelix, L50, F|\n|teampreview|4\n|inactive|Battle timer is ON: inactive players will automatically lose when time's up. (requested by Escobarco)\n|\n|t:|1776362793\n|teamsize|p1|4\n|teamsize|p2|4\n|start\n|switch|p1a: Drampa|Drampa, L50, F|100/100\n|switch|p1b: Whimsicott|Whimsicott, L50, M|100/100\n|switch|p2a: Aerodactyl|Aerodactyl, L50, M|100/100\n|switch|p2b: Typhlosion|Typhlosion-Hisui, L50, F|100/100\n|-ability|p2a: Aerodactyl|Unnerve\n|-ability|p1a: Drampa|Cloud Nine\n|turn|1\n|\n|t:|1776362816\n|detailschange|p1a: Drampa|Drampa-Mega, L50, F\n|-mega|p1a: Drampa|Drampa|Drampanite\n|move|p2b: Typhlosion|Eruption|p1a: Drampa|[spread] p1a,p1b\n|-resisted|p1a: Drampa|1\n|-supereffective|p1b: Whimsicott|1\n|-damage|p1a: Drampa|72/100\n|-damage|p1b: Whimsicott|0 fnt\n|faint|p1b: Whimsicott\n|move|p2a: Aerodactyl|Tailwind|p2a: Aerodactyl\n|-sidestart|p2: Xennetta|move: Tailwind\n|move|p1a: Drampa|Earth Power|p2b: Typhlosion\n|-supereffective|p2b: Typhlosion|1\n|-damage|p2b: Typhlosion|0 fnt\n|faint|p2b: Typhlosion\n|\n|upkeep\n|\n|t:|1776362832\n|switch|p2b: Milotic|Milotic, L50, F|100/100\n|switch|p1b: Azumarill|Azumarill, L50, M|100/100\n|turn|2\n|\n|t:|1776362846\n|move|p2a: Aerodactyl|Rock Slide|p1b: Azumarill|[spread] p1a,p1b\n|-damage|p1a: Drampa|47/100\n|-damage|p1b: Azumarill|72/100\n|-ability|p1a: Drampa|Berserk|boost\n|-boost|p1a: Drampa|spa|1\n|move|p2b: Milotic|Icy Wind|p1b: Azumarill|[spread] p1a,p1b\n|-supereffective|p1a: Drampa|1\n|-resisted|p1b: Azumarill|1\n|-damage|p1a: Drampa|25/100\n|-damage|p1b: Azumarill|65/100\n|-unboost|p1a: Drampa|spe|1\n|-unboost|p1b: Azumarill|spe|1\n|move|p1b: Azumarill|Belly Drum|p1b: Azumarill\n|-damage|p1b: Azumarill|15/100\n|-setboost|p1b: Azumarill|atk|6|[from] move: Belly Drum\n|move|p1a: Drampa|Hyper Voice|p2a: Aerodactyl|[spread] p2a,p2b\n|-resisted|p2a: Aerodactyl|1\n|-crit|p2b: Milotic\n|-damage|p2a: Aerodactyl|48/100\n|-damage|p2b: Milotic|23/100\n|\n|-heal|p2b: Milotic|29/100|[from] item: Leftovers\n|upkeep\n|turn|3\n|\n|t:|1776362869\n|move|p1a: Drampa|Protect|p1a: Drampa\n|-singleturn|p1a: Drampa|Protect\n|move|p2a: Aerodactyl|Wide Guard|p2a: Aerodactyl\n|-singleturn|p2a: Aerodactyl|Wide Guard\n|move|p1b: Azumarill|Aqua Jet|p2a: Aerodactyl\n|-supereffective|p2a: Aerodactyl|1\n|-damage|p2a: Aerodactyl|0 fnt\n|-enditem|p1b: Azumarill|Sitrus Berry|[eat]\n|-heal|p1b: Azumarill|40/100|[from] item: Sitrus Berry\n|faint|p2a: Aerodactyl\n|move|p2b: Milotic|Muddy Water|p1a: Drampa|[spread] \n|-activate|p1a: Drampa|move: Protect\n|-miss|p2b: Milotic|p1b: Azumarill\n|\n|-heal|p2b: Milotic|35/100|[from] item: Leftovers\n|upkeep\n|\n|t:|1776362881\n|switch|p2a: Absol|Absol, L50, M|100/100\n|-ability|p2a: Absol|Pressure\n|turn|4\n|\n|t:|1776362897\n|detailschange|p2a: Absol|Absol-Mega, L50, M\n|-mega|p2a: Absol|Absol|Absolite\n|move|p2b: Milotic|Protect|p2b: Milotic\n|-singleturn|p2b: Milotic|Protect\n|move|p2a: Absol|Sucker Punch|p1a: Drampa\n|-damage|p1a: Drampa|0 fnt\n|faint|p1a: Drampa\n|move|p1b: Azumarill|Aqua Jet|p2a: Absol\n|-damage|p2a: Absol|0 fnt\n|faint|p2a: Absol\n|\n|-heal|p2b: Milotic|41/100|[from] item: Leftovers\n|-sideend|p2: Xennetta|move: Tailwind\n|upkeep\n|\n|t:|1776362909\n|switch|p1a: Sinistcha|Sinistcha-Masterpiece, L50|100/100\n|-heal|p1b: Azumarill|65/100|[from] ability: Hospitality|[of] p1a: Sinistcha\n|turn|5\n|\n|t:|1776362918\n|move|p2b: Milotic|Icy Wind|p1a: Sinistcha|[spread] p1a,p1b\n|-supereffective|p1a: Sinistcha|1\n|-resisted|p1b: Azumarill|1\n|-damage|p1a: Sinistcha|72/100\n|-damage|p1b: Azumarill|59/100\n|-unboost|p1a: Sinistcha|spe|1\n|-unboost|p1b: Azumarill|spe|1\n|move|p1a: Sinistcha|Matcha Gotcha|p2b: Milotic\n|-supereffective|p2b: Milotic|1\n|-damage|p2b: Milotic|0 fnt\n|-heal|p1a: Sinistcha|96/100|[from] drain|[of] p2b: Milotic\n|faint|p2b: Milotic\n|\n|win|Escobarco\n|raw|Escobarco's rating: 1012 &rarr; <strong>1049</strong><br />(+37 for winning)\n|raw|Xennetta's rating: 1000 &rarr; <strong>1000</strong><br />(+0 for losing)\n|l|\u2606Xennetta\n|player|p2|\n",
  "uploadtime": 1776362927,
  "views": 21,
  "formatid": "gen9championsvgc2026regma",
  "rating": 1000,
  "private": 0,
  "password": null
}