{
  "id": "gen9championsvgc2026regma-2586620398",
  "format": "[Gen 9 Champions] VGC 2026 Reg M-A",
  "players": [
    "BroDontFuckWithMe",
    "trhsgsw"
  ],
  "log": "|j|\u2606BroDontFuckWithMe\n|j|\u2606trhsgsw\n|t:|1776447388\n|gametype|doubles\n|player|p1|BroDontFuckWithMe|170|1327\n|player|p2|trhsgsw|blackbelt-gen4|1260\n|gen|9\n|tier|[Gen 9 Champions] VGC 2026 Reg M-A\n|rated|\n|rule|Species Clause: Limit one of each Pok\u00e9mon\n|rule|Item Clause: Limit 1 of each item\n|clearpoke\n|poke|p1|Starmie, L50|\n|poke|p1|Rotom-Heat, L50|\n|poke|p1|Excadrill, L50, F|\n|poke|p1|Sinistcha, L50|\n|poke|p1|Tyranitar, L50, F|\n|poke|p1|Gardevoir, L50, F|\n|poke|p2|Ninetales-Alola, L50, M|\n|poke|p2|Skeledirge, L50, M|\n|poke|p2|Gyarados, L50, F|\n|poke|p2|Scizor, L50, F|\n|poke|p2|Garchomp, L50, M|\n|poke|p2|Sneasler, L50, M|\n|teampreview|4\n|inactive|Battle timer is ON: inactive players will automatically lose when time's up. (requested by trhsgsw)\n|inactive|trhsgsw has 60 seconds left.\n|\n|t:|1776447418\n|teamsize|p1|4\n|teamsize|p2|4\n|start\n|switch|p1a: Rotom|Rotom-Heat, L50|100/100\n|switch|p1b: Gardevoir|Gardevoir, L50, F|100/100\n|switch|p2a: Garchomp|Garchomp, L50, M|100/100\n|switch|p2b: Sneasler|Sneasler, L50, M|100/100\n|turn|1\n|\n|t:|1776447430\n|move|p1b: Gardevoir|Icy Wind|p2b: Sneasler|[spread] p2a,p2b\n|-supereffective|p2a: Garchomp|2\n|-enditem|p2a: Garchomp|Yache Berry|[eat]\n|-enditem|p2a: Garchomp|Yache Berry|[weaken]\n|-damage|p2a: Garchomp|67/100\n|-damage|p2b: Sneasler|80/100\n|-unboost|p2a: Garchomp|spe|1\n|-unboost|p2b: Sneasler|spe|1\n|-enditem|p2b: Sneasler|White Herb\n|-clearnegativeboost|p2b: Sneasler|[silent]\n|move|p2b: Sneasler|Dire Claw|p1b: Gardevoir\n|-supereffective|p1b: Gardevoir|1\n|-damage|p1b: Gardevoir|0 fnt\n|faint|p1b: Gardevoir\n|move|p1a: Rotom|Thunderbolt|p2b: Sneasler\n|-damage|p2b: Sneasler|25/100\n|move|p2a: Garchomp|Rock Slide|p1a: Rotom\n|-supereffective|p1a: Rotom|1\n|-damage|p1a: Rotom|45/100\n|-enditem|p1a: Rotom|Sitrus Berry|[eat]\n|-heal|p1a: Rotom|70/100|[from] item: Sitrus Berry\n|\n|upkeep\n|\n|t:|1776447445\n|switch|p1b: Excadrill|Excadrill, L50, F|100/100\n|turn|2\n|\n|t:|1776447458\n|move|p1b: Excadrill|Protect|p1b: Excadrill\n|-singleturn|p1b: Excadrill|Protect\n|move|p2b: Sneasler|Close Combat|p1a: Rotom\n|-damage|p1a: Rotom|0 fnt\n|-unboost|p2b: Sneasler|def|1\n|-unboost|p2b: Sneasler|spd|1\n|faint|p1a: Rotom\n|move|p2a: Garchomp|Stomping Tantrum|p1b: Excadrill\n|-activate|p1b: Excadrill|move: Protect\n|\n|upkeep\n|\n|t:|1776447462\n|switch|p1a: Tyranitar|Tyranitar, L50, F|100/100\n|-weather|Sandstorm|[from] ability: Sand Stream|[of] p1a: Tyranitar\n|turn|3\n|\n|t:|1776447467\n|move|p1a: Tyranitar|Protect|p1a: Tyranitar\n|-singleturn|p1a: Tyranitar|Protect\n|move|p2b: Sneasler|Close Combat|p1a: Tyranitar\n|-activate|p1a: Tyranitar|move: Protect\n|move|p1b: Excadrill|Earthquake|p2b: Sneasler|[spread] p2a,p2b\n|-activate|p1a: Tyranitar|move: Protect\n|-supereffective|p2b: Sneasler|1\n|-damage|p2a: Garchomp|20/100\n|-damage|p2b: Sneasler|0 fnt\n|faint|p2b: Sneasler\n|move|p2a: Garchomp|Stomping Tantrum|p1b: Excadrill\n|-supereffective|p1b: Excadrill|1\n|-enditem|p1b: Excadrill|Focus Sash\n|-damage|p1b: Excadrill|1/100\n|\n|-weather|Sandstorm|[upkeep]\n|upkeep\n|\n|t:|1776447471\n|switch|p2b: Gyarados|Gyarados, L50, F|100/100\n|-ability|p2b: Gyarados|Intimidate|boost\n|-unboost|p1a: Tyranitar|atk|1\n|-unboost|p1b: Excadrill|atk|1\n|turn|4\n|\n|t:|1776447482\n|switch|p2b: Scizor|Scizor, L50, F|100/100\n|detailschange|p1a: Tyranitar|Tyranitar-Mega, L50, F\n|-mega|p1a: Tyranitar|Tyranitar|Tyranitarite\n|move|p2a: Garchomp|Protect|p2a: Garchomp\n|-singleturn|p2a: Garchomp|Protect\n|move|p1b: Excadrill|Iron Head|p2b: Scizor\n|-resisted|p2b: Scizor|1\n|-damage|p2b: Scizor|86/100\n|move|p1a: Tyranitar|Rock Slide|p2b: Scizor|[spread] p2b\n|-activate|p2a: Garchomp|move: Protect\n|-damage|p2b: Scizor|63/100\n|\n|-weather|Sandstorm|[upkeep]\n|upkeep\n|turn|5\n|\n|t:|1776447495\n|detailschange|p2b: Scizor|Scizor-Mega, L50, F\n|-mega|p2b: Scizor|Scizor|Scizorite\n|move|p1b: Excadrill|Protect|p1b: Excadrill\n|-singleturn|p1b: Excadrill|Protect\n|move|p2b: Scizor|Protect|p2b: Scizor\n|-singleturn|p2b: Scizor|Protect\n|move|p1a: Tyranitar|Low Kick|p2b: Scizor\n|-activate|p2b: Scizor|move: Protect\n|move|p2a: Garchomp|Rock Slide|p1a: Tyranitar|[spread] p1a\n|-activate|p1b: Excadrill|move: Protect\n|-damage|p1a: Tyranitar|85/100\n|\n|-weather|Sandstorm|[upkeep]\n|upkeep\n|turn|6\n|-message|BroDontFuckWithMe forfeited.\n|\n|win|trhsgsw\n|raw|BroDontFuckWithMe's rating: 1327 &rarr; <strong>1303</strong><br />(-24 for losing)\n|raw|trhsgsw's rating: 1260 &rarr; <strong>1290</strong><br />(+30 for winning)\n",
  "uploadtime": 1776447502,
  "views": 41,
  "formatid": "gen9championsvgc2026regma",
  "rating": 1290,
  "private": 0,
  "password": null
}