{
  "id": "gen9championsvgc2026regma-2588345914",
  "format": "[Gen 9 Champions] VGC 2026 Reg M-A",
  "players": [
    "MeansAndEnds",
    "kevinade"
  ],
  "log": "|j|\u2606MeansAndEnds\n|j|\u2606kevinade\n|t:|1776625922\n|gametype|doubles\n|player|p1|MeansAndEnds|flannery|1082\n|player|p2|kevinade|ethan|1068\n|gen|9\n|tier|[Gen 9 Champions] VGC 2026 Reg M-A\n|rated|\n|rule|Species Clause: Limit one of each Pok\u00e9mon\n|rule|Item Clause: Limit 1 of each item\n|clearpoke\n|poke|p1|Charizard, L50, M|\n|poke|p1|Venusaur, L50, M|\n|poke|p1|Garchomp, L50, M|\n|poke|p1|Rotom-Wash, L50|\n|poke|p1|Sneasler, L50, M|\n|poke|p1|Incineroar, L50, M|\n|poke|p2|Chesnaught, L50, F|\n|poke|p2|Archaludon, L50, M|\n|poke|p2|Pelipper, L50, M|\n|poke|p2|Basculegion, L50, M|\n|poke|p2|Kingambit, L50, F|\n|poke|p2|Sinistcha-Masterpiece, L50|\n|teampreview|4\n|\n|t:|1776625992\n|teamsize|p1|4\n|teamsize|p2|4\n|start\n|switch|p1a: Charizard|Charizard, L50, M|100/100\n|switch|p1b: Rotom|Rotom-Wash, L50|100/100\n|switch|p2a: Pelipper|Pelipper, L50, M|100/100\n|switch|p2b: Basculegion|Basculegion, L50, M|100/100\n|-weather|RainDance|[from] ability: Drizzle|[of] p2a: Pelipper\n|turn|1\n|\n|t:|1776626023\n|switch|p2a: Chesnaught|Chesnaught, L50, F|100/100\n|detailschange|p1a: Charizard|Charizard-Mega-Y, L50, M\n|-mega|p1a: Charizard|Charizard|Charizardite Y\n|-weather|SunnyDay|[from] ability: Drought|[of] p1a: Charizard\n|move|p2b: Basculegion|Flip Turn|p1a: Charizard\n|-supereffective|p1a: Charizard|1\n|-damage|p1a: Charizard|46/100\n|\n|t:|1776626032\n|switch|p2b: Pelipper|Pelipper, L50, M|100/100|[from] Flip Turn\n|-weather|RainDance|[from] ability: Drizzle|[of] p2b: Pelipper\n|move|p1a: Charizard|Solar Beam||[still]\n|-prepare|p1a: Charizard|Solar Beam\n|move|p1b: Rotom|Thunderbolt|p2a: Chesnaught\n|-resisted|p2a: Chesnaught|1\n|-damage|p2a: Chesnaught|77/100\n|\n|-weather|RainDance|[upkeep]\n|upkeep\n|turn|2\n|\n|t:|1776626064\n|detailschange|p2a: Chesnaught|Chesnaught-Mega, L50, F\n|-mega|p2a: Chesnaught|Chesnaught|Chesnaughtite\n|move|p1a: Charizard|Solar Beam|p2b: Pelipper|[from] lockedmove\n|-crit|p2b: Pelipper\n|-damage|p2b: Pelipper|41/100\n|move|p1b: Rotom|Thunderbolt|p2b: Pelipper\n|-supereffective|p2b: Pelipper|2\n|-damage|p2b: Pelipper|0 fnt\n|faint|p2b: Pelipper\n|move|p2a: Chesnaught|Leech Seed|p1b: Rotom\n|-start|p1b: Rotom|move: Leech Seed\n|\n|-weather|RainDance|[upkeep]\n|-damage|p1b: Rotom|88/100|[from] Leech Seed|[of] p2a: Chesnaught\n|-heal|p2a: Chesnaught|85/100|[silent]\n|upkeep\n|\n|t:|1776626077\n|switch|p2b: Basculegion|Basculegion, L50, M|100/100\n|turn|3\n|\n|t:|1776626109\n|switch|p1a: Venusaur|Venusaur, L50, M|100/100\n|move|p1b: Rotom|Protect|p1b: Rotom\n|-singleturn|p1b: Rotom|Protect\n|move|p2b: Basculegion|Last Respects|p1b: Rotom\n|-activate|p1b: Rotom|move: Protect\n|move|p2a: Chesnaught|Body Press|p1b: Rotom\n|-activate|p1b: Rotom|move: Protect\n|\n|-weather|RainDance|[upkeep]\n|-heal|p1b: Rotom|94/100|[from] item: Leftovers\n|-damage|p1b: Rotom|82/100|[from] Leech Seed|[of] p2a: Chesnaught\n|-heal|p2a: Chesnaught|93/100|[silent]\n|upkeep\n|turn|4\n|\n|t:|1776626141\n|switch|p2b: Sinistcha|Sinistcha-Masterpiece, L50|100/100\n|-heal|p2a: Chesnaught|100/100|[from] ability: Hospitality|[of] p2b: Sinistcha\n|switch|p1b: Charizard|Charizard-Mega-Y, L50, M|46/100\n|-weather|SunnyDay|[from] ability: Drought|[of] p1b: Charizard\n|move|p1a: Venusaur|Sleep Powder|p2b: Sinistcha\n|-immune|p2b: Sinistcha\n|move|p2a: Chesnaught|Wood Hammer|p1b: Charizard\n|-resisted|p1b: Charizard|2\n|-damage|p1b: Charizard|27/100\n|-damage|p2a: Chesnaught|95/100|[from] Recoil\n|\n|-weather|SunnyDay|[upkeep]\n|upkeep\n|turn|5\n|\n|t:|1776626174\n|move|p2a: Chesnaught|Spiky Shield|p2a: Chesnaught\n|-singleturn|p2a: Chesnaught|move: Protect\n|move|p1a: Venusaur|Sludge Bomb|p2b: Sinistcha\n|-damage|p2b: Sinistcha|51/100\n|-status|p2b: Sinistcha|psn\n|move|p1b: Charizard|Heat Wave|p2b: Sinistcha|[spread] \n|-activate|p2a: Chesnaught|move: Protect\n|-miss|p1b: Charizard|p2b: Sinistcha\n|move|p2b: Sinistcha|Trick Room|p2b: Sinistcha\n|-fieldstart|move: Trick Room|[of] p2b: Sinistcha\n|\n|-weather|SunnyDay|[upkeep]\n|-damage|p2b: Sinistcha|38/100 psn|[from] psn\n|upkeep\n|-enditem|p2b: Sinistcha|Sitrus Berry|[eat]\n|-heal|p2b: Sinistcha|63/100 psn|[from] item: Sitrus Berry\n|turn|6\n|\n|t:|1776626202\n|move|p1b: Charizard|Protect|p1b: Charizard\n|-singleturn|p1b: Charizard|Protect\n|move|p1a: Venusaur|Protect|p1a: Venusaur\n|-singleturn|p1a: Venusaur|Protect\n|move|p2a: Chesnaught|Body Press|p1b: Charizard\n|-activate|p1b: Charizard|move: Protect\n|move|p2b: Sinistcha|Matcha Gotcha|p1b: Charizard|[spread] \n|-activate|p1a: Venusaur|move: Protect\n|-activate|p1b: Charizard|move: Protect\n|\n|-weather|SunnyDay|[upkeep]\n|-damage|p2b: Sinistcha|51/100 psn|[from] psn\n|upkeep\n|turn|7\n|\n|t:|1776626233\n|switch|p1b: Sneasler|Sneasler, L50, M|100/100\n|move|p2b: Sinistcha|Rage Powder|p2b: Sinistcha\n|-singleturn|p2b: Sinistcha|move: Rage Powder\n|move|p2a: Chesnaught|Body Press|p1a: Venusaur\n|-resisted|p1a: Venusaur|1\n|-damage|p1a: Venusaur|66/100\n|move|p1a: Venusaur|Sludge Bomb|p2b: Sinistcha\n|-damage|p2b: Sinistcha|7/100 psn\n|\n|-weather|SunnyDay|[upkeep]\n|-damage|p2b: Sinistcha|0 fnt|[from] psn\n|faint|p2b: Sinistcha\n|upkeep\n|\n|t:|1776626244\n|switch|p2b: Basculegion|Basculegion, L50, M|100/100\n|turn|8\n|\n|t:|1776626280\n|move|p1a: Venusaur|Protect|p1a: Venusaur\n|-singleturn|p1a: Venusaur|Protect\n|move|p2a: Chesnaught|Body Press|p1b: Sneasler\n|-resisted|p1b: Sneasler|1\n|-damage|p1b: Sneasler|50/100\n|move|p1b: Sneasler|Dire Claw|p2a: Chesnaught\n|-supereffective|p2a: Chesnaught|1\n|-damage|p2a: Chesnaught|52/100\n|move|p2b: Basculegion|Last Respects|p1a: Venusaur\n|-activate|p1a: Venusaur|move: Protect\n|\n|-weather|none\n|upkeep\n|turn|9\n|\n|t:|1776626320\n|move|p2a: Chesnaught|Leech Seed|p1a: Venusaur\n|-immune|p1a: Venusaur\n|move|p1a: Venusaur|Leaf Storm|p2b: Basculegion\n|-supereffective|p2b: Basculegion|1\n|-damage|p2b: Basculegion|0 fnt\n|-unboost|p1a: Venusaur|spa|2\n|faint|p2b: Basculegion\n|move|p1b: Sneasler|Dire Claw|p2a: Chesnaught\n|-supereffective|p2a: Chesnaught|1\n|-damage|p2a: Chesnaught|12/100\n|\n|-fieldend|move: Trick Room\n|upkeep\n|turn|10\n|-message|kevinade forfeited.\n|\n|win|MeansAndEnds\n|raw|MeansAndEnds's rating: 1082 &rarr; <strong>1109</strong><br />(+27 for winning)\n|raw|kevinade's rating: 1068 &rarr; <strong>1049</strong><br />(-19 for losing)\n|l|\u2606kevinade\n|player|p2|\n",
  "uploadtime": 1776626352,
  "views": 18,
  "formatid": "gen9championsvgc2026regma",
  "rating": 1049,
  "private": 0,
  "password": null
}