{
  "id": "gen9championsvgc2026regma-2586455258",
  "format": "[Gen 9 Champions] VGC 2026 Reg M-A",
  "players": [
    "Newtry lesgo",
    "campeondelfitness"
  ],
  "log": "|j|\u2606Newtry lesgo\n|j|\u2606campeondelfitness\n|t:|1776435859\n|gametype|doubles\n|player|p1|Newtry lesgo|iris-gen5bw2|1251\n|player|p2|campeondelfitness|swimmer|1216\n|gen|9\n|tier|[Gen 9 Champions] VGC 2026 Reg M-A\n|rated|\n|rule|Species Clause: Limit one of each Pok\u00e9mon\n|rule|Item Clause: Limit 1 of each item\n|clearpoke\n|poke|p1|Mr. Rime, L50, F|\n|poke|p1|Abomasnow, L50, M|\n|poke|p1|Sneasler, L50, M|\n|poke|p1|Ceruledge, L50, F|\n|poke|p1|Blastoise, L50, M|\n|poke|p1|Aerodactyl, L50, M|\n|poke|p2|Tyranitar, L50, M|\n|poke|p2|Garchomp, L50, M|\n|poke|p2|Heliolisk, L50, M|\n|poke|p2|Rotom-Heat, L50|\n|poke|p2|Orthworm, L50, F|\n|poke|p2|Aerodactyl, L50, F|\n|teampreview|4\n|inactive|Battle timer is ON: inactive players will automatically lose when time's up. (requested by campeondelfitness)\n|inactive|Newtry lesgo has 60 seconds left.\n|inactive|campeondelfitness has 60 seconds left.\n|\n|t:|1776435901\n|teamsize|p1|4\n|teamsize|p2|4\n|start\n|switch|p1a: Aerodactyl|Aerodactyl, L50, M|100/100\n|switch|p1b: Sneasler|Sneasler, L50, M|100/100\n|switch|p2a: Aerodactyl|Aerodactyl, L50, F|100/100\n|switch|p2b: Orthworm|Orthworm, L50, F|100/100\n|-ability|p1a: Aerodactyl|Unnerve\n|-ability|p2a: Aerodactyl|Unnerve\n|turn|1\n|inactive|Newtry lesgo has 30 seconds left.\n|inactive|campeondelfitness has 30 seconds left.\n|inactive|Newtry lesgo has 20 seconds left.\n|inactive|campeondelfitness has 20 seconds left.\n|inactive|Newtry lesgo has 15 seconds left.\n|inactive|campeondelfitness has 15 seconds left.\n|inactive|campeondelfitness has 10 seconds left.\n|\n|t:|1776435948\n|switch|p1b: Blastoise|Blastoise, L50, M|100/100\n|detailschange|p1a: Aerodactyl|Aerodactyl-Mega, L50, M\n|-mega|p1a: Aerodactyl|Aerodactyl|Aerodactylite\n|move|p1a: Aerodactyl|Rock Slide|p2b: Orthworm|[spread] p2a,p2b\n|-supereffective|p2a: Aerodactyl|1\n|-resisted|p2b: Orthworm|1\n|-damage|p2a: Aerodactyl|22/100\n|-damage|p2b: Orthworm|93/100\n|move|p2a: Aerodactyl|Tailwind|p2a: Aerodactyl\n|-sidestart|p2: campeondelfitness|move: Tailwind\n|move|p2b: Orthworm|Shed Tail|p2b: Orthworm\n|-start|p2b: Orthworm|Substitute|[from] move: Shed Tail\n|-damage|p2b: Orthworm|42/100\n|\n|t:|1776435962\n|switch|p2b: Garchomp|Garchomp, L50, M|100/100|[from] Shed Tail\n|\n|upkeep\n|turn|2\n|\n|t:|1776435984\n|detailschange|p2b: Garchomp|Garchomp-Mega, L50, M\n|-mega|p2b: Garchomp|Garchomp|Garchompite\n|move|p2a: Aerodactyl|Wide Guard|p2a: Aerodactyl\n|-singleturn|p2a: Aerodactyl|Wide Guard\n|move|p2b: Garchomp|Swords Dance|p2b: Garchomp\n|-boost|p2b: Garchomp|atk|2\n|move|p1a: Aerodactyl|Tailwind|p1a: Aerodactyl\n|-sidestart|p1: Newtry lesgo|move: Tailwind\n|move|p1b: Blastoise|Flip Turn|p2a: Aerodactyl\n|-supereffective|p2a: Aerodactyl|1\n|-damage|p2a: Aerodactyl|0 fnt\n|faint|p2a: Aerodactyl\n|\n|t:|1776436004\n|switch|p1b: Ceruledge|Ceruledge, L50, F|100/100|[from] Flip Turn\n|\n|upkeep\n|\n|t:|1776436009\n|switch|p2a: Tyranitar|Tyranitar, L50, M|100/100\n|-weather|Sandstorm|[from] ability: Sand Stream|[of] p2a: Tyranitar\n|turn|3\n|\n|t:|1776436020\n|switch|p2a: Orthworm|Orthworm, L50, F|42/100\n|move|p1a: Aerodactyl|Wide Guard|p1a: Aerodactyl\n|-singleturn|p1a: Aerodactyl|Wide Guard\n|move|p2b: Garchomp|Earthquake|p1a: Aerodactyl|[spread] \n|-activate|p1a: Aerodactyl|move: Wide Guard\n|-activate|p1b: Ceruledge|move: Wide Guard\n|-heal|p2a: Orthworm|67/100|[from] ability: Earth Eater|[of] p2b: Garchomp\n|move|p1b: Ceruledge|Close Combat|p2a: Orthworm\n|-supereffective|p2a: Orthworm|1\n|-damage|p2a: Orthworm|15/100\n|-unboost|p1b: Ceruledge|def|1\n|-unboost|p1b: Ceruledge|spd|1\n|\n|-weather|Sandstorm|[upkeep]\n|-damage|p1b: Ceruledge|95/100|[from] Sandstorm\n|-heal|p2a: Orthworm|21/100|[from] item: Leftovers\n|upkeep\n|turn|4\n|inactive|Newtry lesgo has 30 seconds left.\n|inactive|campeondelfitness has 30 seconds left.\n|\n|t:|1776436053\n|switch|p1b: Blastoise|Blastoise, L50, M|100/100\n|move|p1a: Aerodactyl|Dual Wingbeat|p2b: Garchomp\n|-end|p2b: Garchomp|Substitute\n|-damage|p2b: Garchomp|75/100\n|-hitcount|p2b: Garchomp|2\n|move|p2b: Garchomp|Dragon Claw|p1a: Aerodactyl\n|-damage|p1a: Aerodactyl|0 fnt\n|faint|p1a: Aerodactyl\n|move|p2a: Orthworm|Iron Defense|p2a: Orthworm\n|-boost|p2a: Orthworm|def|2\n|\n|-weather|Sandstorm|[upkeep]\n|-damage|p1b: Blastoise|95/100|[from] Sandstorm\n|-heal|p2a: Orthworm|28/100|[from] item: Leftovers\n|-sideend|p2: campeondelfitness|move: Tailwind\n|upkeep\n|\n|t:|1776436077\n|switch|p1a: Sneasler|Sneasler, L50, M|100/100\n|turn|5\n|\n|t:|1776436092\n|move|p2b: Garchomp|Protect|p2b: Garchomp\n|-singleturn|p2b: Garchomp|Protect\n|move|p1a: Sneasler|Close Combat|p2b: Garchomp\n|-activate|p2b: Garchomp|move: Protect\n|move|p1b: Blastoise|Yawn|p2a: Orthworm\n|-start|p2a: Orthworm|move: Yawn|[of] p1b: Blastoise\n|move|p2a: Orthworm|Body Press|p1b: Blastoise\n|-damage|p1b: Blastoise|32/100\n|-enditem|p1b: Blastoise|Sitrus Berry|[eat]\n|-heal|p1b: Blastoise|57/100|[from] item: Sitrus Berry\n|\n|-weather|Sandstorm|[upkeep]\n|-damage|p1a: Sneasler|95/100|[from] Sandstorm\n|-damage|p1b: Blastoise|51/100|[from] Sandstorm\n|-heal|p2a: Orthworm|34/100|[from] item: Leftovers\n|-sideend|p1: Newtry lesgo|move: Tailwind\n|upkeep\n|turn|6\n|\n|t:|1776436114\n|move|p1a: Sneasler|Protect|p1a: Sneasler\n|-singleturn|p1a: Sneasler|Protect\n|move|p2b: Garchomp|Earthquake|p1b: Blastoise|[spread] p1b\n|-activate|p1a: Sneasler|move: Protect\n|-heal|p2a: Orthworm|59/100|[from] ability: Earth Eater|[of] p2b: Garchomp\n|-damage|p1b: Blastoise|0 fnt\n|faint|p1b: Blastoise\n|move|p2a: Orthworm|Body Press|p1a: Sneasler\n|-activate|p1a: Sneasler|move: Protect\n|\n|-weather|Sandstorm|[upkeep]\n|-damage|p1a: Sneasler|89/100|[from] Sandstorm\n|-heal|p2a: Orthworm|65/100|[from] item: Leftovers\n|-end|p2a: Orthworm|move: Yawn|[silent]\n|-status|p2a: Orthworm|slp\n|upkeep\n|\n|t:|1776436121\n|switch|p1b: Ceruledge|Ceruledge, L50, F|95/100\n|turn|7\n|\n|t:|1776436144\n|move|p1a: Sneasler|Close Combat|p2b: Garchomp\n|-damage|p2b: Garchomp|16/100\n|-unboost|p1a: Sneasler|def|1\n|-unboost|p1a: Sneasler|spd|1\n|-enditem|p1a: Sneasler|White Herb\n|-clearnegativeboost|p1a: Sneasler|[silent]\n|move|p2b: Garchomp|Earthquake|p1b: Ceruledge|[spread] p1a,p1b\n|-heal|p2a: Orthworm|90/100 slp|[from] ability: Earth Eater|[of] p2b: Garchomp\n|-supereffective|p1a: Sneasler|1\n|-supereffective|p1b: Ceruledge|1\n|-damage|p1a: Sneasler|0 fnt\n|-damage|p1b: Ceruledge|0 fnt\n|faint|p1a: Sneasler\n|faint|p1b: Ceruledge\n|\n|win|campeondelfitness\n|raw|Newtry lesgo's rating: 1251 &rarr; <strong>1223</strong><br />(-28 for losing)\n|raw|campeondelfitness's rating: 1216 &rarr; <strong>1244</strong><br />(+28 for winning)\n|l|\u2606Newtry lesgo\n|player|p1|\n",
  "uploadtime": 1776436161,
  "views": 59,
  "formatid": "gen9championsvgc2026regma",
  "rating": 1223,
  "private": 0,
  "password": null
}