{
  "id": "gen9championsvgc2026regma-2585127704",
  "format": "[Gen 9 Champions] VGC 2026 Reg M-A",
  "players": [
    "Stillhung",
    "MIlzy-777"
  ],
  "log": "|j|\u2606Stillhung\n|j|\u2606MIlzy-777\n|t:|1776315040\n|gametype|doubles\n|player|p1|Stillhung|102|1081\n|player|p2|MIlzy-777|265|1133\n|gen|9\n|tier|[Gen 9 Champions] VGC 2026 Reg M-A\n|rated|\n|rule|Species Clause: Limit one of each Pok\u00e9mon\n|rule|Item Clause: Limit 1 of each item\n|clearpoke\n|poke|p1|Kangaskhan, L50, F|\n|poke|p1|Sneasler, L50, M|\n|poke|p1|Whimsicott, L50, M|\n|poke|p1|Ninetales, L50, F|\n|poke|p1|Garchomp, L50, M|\n|poke|p1|Arcanine-Hisui, L50, F|\n|poke|p2|Milotic, L50, F|\n|poke|p2|Ceruledge, L50, F|\n|poke|p2|Altaria, L50, M|\n|poke|p2|Sinistcha, L50|\n|poke|p2|Espathra, L50, M|\n|poke|p2|Sneasler, L50, M|\n|teampreview|4\n|inactive|Battle timer is ON: inactive players will automatically lose when time's up. (requested by Stillhung)\n|\n|t:|1776315077\n|teamsize|p1|4\n|teamsize|p2|4\n|start\n|switch|p1a: Arcanine|Arcanine-Hisui, L50, F|100/100\n|switch|p1b: Whimsicott|Whimsicott, L50, M|100/100\n|switch|p2a: Espathra|Espathra, L50, M|100/100\n|switch|p2b: Milotic|Milotic, L50, F|100/100\n|-ability|p1a: Arcanine|Intimidate|boost\n|-unboost|p2a: Espathra|atk|1\n|-unboost|p2b: Milotic|atk|1\n|-ability|p2b: Milotic|Competitive|boost\n|-boost|p2b: Milotic|spa|2\n|-enditem|p2a: Espathra|White Herb\n|-clearnegativeboost|p2a: Espathra|[silent]\n|turn|1\n|\n|t:|1776315095\n|move|p1b: Whimsicott|Sunny Day|p1b: Whimsicott\n|-weather|SunnyDay\n|move|p1a: Arcanine|Rock Slide|p2b: Milotic|[spread] p2a,p2b\n|-crit|p2b: Milotic\n|-damage|p2a: Espathra|68/100\n|-damage|p2b: Milotic|64/100\n|move|p2a: Espathra|Calm Mind|p2a: Espathra\n|-boost|p2a: Espathra|spa|1\n|-boost|p2a: Espathra|spd|1\n|cant|p2b: Milotic|flinch\n|\n|-weather|SunnyDay|[upkeep]\n|-heal|p2b: Milotic|70/100|[from] item: Leftovers\n|-ability|p2a: Espathra|Speed Boost|boost\n|-boost|p2a: Espathra|spe|1\n|upkeep\n|turn|2\n|inactive|MIlzy-777 has 30 seconds left.\n|\n|t:|1776315123\n|move|p1b: Whimsicott|Tailwind|p1b: Whimsicott\n|-sidestart|p1: Stillhung|move: Tailwind\n|move|p1a: Arcanine|Rock Slide|p2b: Milotic|[spread] p2a,p2b\n|-damage|p2a: Espathra|38/100\n|-damage|p2b: Milotic|44/100\n|cant|p2a: Espathra|flinch\n|cant|p2b: Milotic|flinch\n|\n|-weather|SunnyDay|[upkeep]\n|-heal|p2b: Milotic|50/100|[from] item: Leftovers\n|-ability|p2a: Espathra|Speed Boost|boost\n|-boost|p2a: Espathra|spe|1\n|upkeep\n|turn|3\n|\n|t:|1776315142\n|move|p1a: Arcanine|Rock Slide|p2a: Espathra|[spread] p2a,p2b\n|-crit|p2a: Espathra\n|-damage|p2a: Espathra|0 fnt\n|-damage|p2b: Milotic|26/100\n|faint|p2a: Espathra\n|move|p1b: Whimsicott|Moonblast|p2b: Milotic\n|-damage|p2b: Milotic|6/100\n|move|p2b: Milotic|Scald|p1a: Arcanine\n|-supereffective|p1a: Arcanine|2\n|-damage|p1a: Arcanine|0 fnt\n|faint|p1a: Arcanine\n|\n|-weather|SunnyDay|[upkeep]\n|-heal|p2b: Milotic|12/100|[from] item: Leftovers\n|upkeep\n|\n|t:|1776315165\n|switch|p1a: Kangaskhan|Kangaskhan, L50, F|100/100\n|switch|p2a: Altaria|Altaria, L50, M|100/100\n|-ability|p2a: Altaria|Cloud Nine\n|turn|4\n|\n|t:|1776315187\n|detailschange|p1a: Kangaskhan|Kangaskhan-Mega, L50, F\n|-mega|p1a: Kangaskhan|Kangaskhan|Kangaskhanite\n|detailschange|p2a: Altaria|Altaria-Mega, L50, M\n|-mega|p2a: Altaria|Altaria|Altarianite\n|move|p2b: Milotic|Protect|p2b: Milotic\n|-singleturn|p2b: Milotic|Protect\n|move|p1a: Kangaskhan|Fake Out|p2b: Milotic\n|-activate|p2b: Milotic|move: Protect\n|move|p1b: Whimsicott|Moonblast|p2a: Altaria\n|-supereffective|p2a: Altaria|1\n|-damage|p2a: Altaria|51/100\n|move|p2a: Altaria|Tailwind|p2a: Altaria\n|-sidestart|p2: MIlzy-777|move: Tailwind\n|\n|-weather|SunnyDay|[upkeep]\n|-heal|p2b: Milotic|18/100|[from] item: Leftovers\n|upkeep\n|turn|5\n|\n|t:|1776315206\n|move|p1a: Kangaskhan|Sucker Punch|p2b: Milotic\n|-damage|p2b: Milotic|0 fnt\n|faint|p2b: Milotic\n|-hitcount|p2: Milotic|1\n|move|p1b: Whimsicott|Moonblast|p2a: Altaria\n|-supereffective|p2a: Altaria|1\n|-damage|p2a: Altaria|2/100\n|-unboost|p2a: Altaria|spa|1\n|move|p2a: Altaria|Flamethrower|p1b: Whimsicott\n|-supereffective|p1b: Whimsicott|1\n|-damage|p1b: Whimsicott|29/100\n|\n|-weather|none\n|-sideend|p1: Stillhung|move: Tailwind\n|upkeep\n|\n|t:|1776315219\n|switch|p2b: Ceruledge|Ceruledge, L50, F|100/100\n|turn|6\n|\n|t:|1776315232\n|move|p2a: Altaria|Protect|p2a: Altaria\n|-singleturn|p2a: Altaria|Protect\n|move|p1b: Whimsicott|Tailwind|p1b: Whimsicott\n|-sidestart|p1: Stillhung|move: Tailwind\n|move|p1a: Kangaskhan|Sucker Punch||[still]\n|-fail|p1a: Kangaskhan\n|move|p2b: Ceruledge|Bitter Blade|p1b: Whimsicott\n|-supereffective|p1b: Whimsicott|1\n|-damage|p1b: Whimsicott|0 fnt\n|faint|p1b: Whimsicott\n|\n|upkeep\n|\n|t:|1776315241\n|switch|p1b: Ninetales|Ninetales, L50, F, shiny|100/100\n|-weather|SunnyDay|[from] ability: Drought|[of] p1b: Ninetales\n|turn|7\n|inactive|Stillhung has 30 seconds left.\n|\n|t:|1776315269\n|move|p1b: Ninetales|Protect|p1b: Ninetales\n|-singleturn|p1b: Ninetales|Protect\n|move|p1a: Kangaskhan|Sucker Punch|p2b: Ceruledge\n|-supereffective|p2b: Ceruledge|1\n|-damage|p2b: Ceruledge|41/100\n|-supereffective|p2b: Ceruledge|1\n|-damage|p2b: Ceruledge|27/100\n|-hitcount|p2b: Ceruledge|2\n|move|p2b: Ceruledge|Bitter Blade|p1a: Kangaskhan\n|-damage|p1a: Kangaskhan|41/100\n|-heal|p2b: Ceruledge|68/100|[from] drain|[of] p1a: Kangaskhan\n|move|p2a: Altaria|Hyper Voice|p1b: Ninetales|[spread] p1a\n|-activate|p1b: Ninetales|move: Protect\n|-damage|p1a: Kangaskhan|20/100\n|\n|-weather|SunnyDay|[upkeep]\n|-sideend|p2: MIlzy-777|move: Tailwind\n|upkeep\n|turn|8\n|inactive|MIlzy-777 has 30 seconds left.\n|\n|t:|1776315299\n|move|p1a: Kangaskhan|Sucker Punch|p2b: Ceruledge\n|-supereffective|p2b: Ceruledge|1\n|-damage|p2b: Ceruledge|4/100\n|-supereffective|p2b: Ceruledge|1\n|-damage|p2b: Ceruledge|0 fnt\n|faint|p2b: Ceruledge\n|-hitcount|p2: Ceruledge|2\n|move|p1b: Ninetales|Heat Wave|p2a: Altaria\n|-resisted|p2a: Altaria|1\n|-damage|p2a: Altaria|0 fnt\n|faint|p2a: Altaria\n|\n|win|Stillhung\n|raw|Stillhung's rating: 1081 &rarr; <strong>1113</strong><br />(+32 for winning)\n|raw|MIlzy-777's rating: 1133 &rarr; <strong>1104</strong><br />(-29 for losing)\n",
  "uploadtime": 1776315311,
  "views": 33,
  "formatid": "gen9championsvgc2026regma",
  "rating": 1104,
  "private": 0,
  "password": null
}