{
  "id": "gen9championsvgc2026regma-2586653753",
  "format": "[Gen 9 Champions] VGC 2026 Reg M-A",
  "players": [
    "Blaidan",
    "Lessa_ped"
  ],
  "log": "|j|\u2606Blaidan\n|j|\u2606Lessa_ped\n|t:|1776449665\n|gametype|doubles\n|player|p1|Blaidan|shadowtriad|1167\n|player|p2|Lessa_ped|n|1130\n|gen|9\n|tier|[Gen 9 Champions] VGC 2026 Reg M-A\n|rated|\n|rule|Species Clause: Limit one of each Pok\u00e9mon\n|rule|Item Clause: Limit 1 of each item\n|clearpoke\n|poke|p1|Scizor, L50, M|\n|poke|p1|Pelipper, L50, M|\n|poke|p1|Basculegion, L50, M|\n|poke|p1|Dragonite, L50, F|\n|poke|p1|Sneasler, L50, F|\n|poke|p1|Incineroar, L50, M|\n|poke|p2|Archaludon, L50, F|\n|poke|p2|Pelipper, L50, F|\n|poke|p2|Sneasler, L50, M|\n|poke|p2|Incineroar, L50, M|\n|poke|p2|Basculegion, L50, M|\n|poke|p2|Meganium, L50, F|\n|teampreview|4\nLessa_ped has agreed to open team sheets.\n|\n|t:|1776449727\n|teamsize|p1|4\n|teamsize|p2|4\n|start\n|switch|p1a: Pelipper|Pelipper, L50, M|100/100\n|switch|p1b: Basculegion|Basculegion, L50, M|100/100\n|switch|p2a: Archaludon|Archaludon, L50, F, shiny|100/100\n|switch|p2b: Pelipper|Pelipper, L50, F, shiny|100/100\n|-weather|RainDance|[from] ability: Drizzle|[of] p2b: Pelipper\n|turn|1\n|\n|t:|1776449755\n|move|p2b: Pelipper|Protect|p2b: Pelipper\n|-singleturn|p2b: Pelipper|Protect\n|move|p1b: Basculegion|Flip Turn|p2b: Pelipper\n|-activate|p2b: Pelipper|move: Protect\n|move|p2a: Archaludon|Electro Shot||[still]\n|-prepare|p2a: Archaludon|Electro Shot\n|-boost|p2a: Archaludon|spa|1\n|-anim|p2a: Archaludon|Electro Shot|p1b: Basculegion\n|-supereffective|p1b: Basculegion|1\n|-damage|p1b: Basculegion|0 fnt\n|faint|p1b: Basculegion\n|move|p1a: Pelipper|Tailwind|p1a: Pelipper\n|-sidestart|p1: Blaidan|move: Tailwind\n|\n|-weather|RainDance|[upkeep]\n|upkeep\n|\n|t:|1776449770\n|switch|p1b: Sneasler|Sneasler, L50, F|100/100\n|turn|2\n|\n|t:|1776449794\n|switch|p2b: Basculegion|Basculegion, L50, M, shiny|100/100\n|move|p2a: Archaludon|Protect|p2a: Archaludon\n|-singleturn|p2a: Archaludon|Protect\n|move|p1b: Sneasler|Fake Out|p2a: Archaludon\n|-activate|p2a: Archaludon|move: Protect\n|move|p1a: Pelipper|Hurricane|p2b: Basculegion\n|-damage|p2b: Basculegion|43/100\n|\n|-weather|RainDance|[upkeep]\n|upkeep\n|turn|3\n|\n|t:|1776449839\n|switch|p2a: Pelipper|Pelipper, L50, F, shiny|100/100\n|move|p1b: Sneasler|Close Combat|p2a: Pelipper\n|-resisted|p2a: Pelipper|1\n|-damage|p2a: Pelipper|53/100\n|-unboost|p1b: Sneasler|def|1\n|-unboost|p1b: Sneasler|spd|1\n|move|p2b: Basculegion|Wave Crash|p1b: Sneasler\n|-enditem|p1b: Sneasler|Focus Sash\n|-damage|p1b: Sneasler|1/100\n|-damage|p2b: Basculegion|17/100|[from] Recoil\n|move|p1a: Pelipper|Hurricane|p2b: Basculegion\n|-damage|p2b: Basculegion|0 fnt\n|faint|p2b: Basculegion\n|\n|-weather|RainDance|[upkeep]\n|upkeep\n|\n|t:|1776449858\n|switch|p2b: Archaludon|Archaludon, L50, F, shiny|100/100\n|turn|4\n|\n|t:|1776449885\n|switch|p1a: Scizor|Scizor, L50, M|100/100\n|move|p2b: Archaludon|Protect|p2b: Archaludon\n|-singleturn|p2b: Archaludon|Protect\n|move|p1b: Sneasler|Coaching|p1a: Scizor\n|-boost|p1a: Scizor|atk|1\n|-boost|p1a: Scizor|def|1\n|move|p2a: Pelipper|Hurricane|p1b: Sneasler\n|-supereffective|p1b: Sneasler|1\n|-damage|p1b: Sneasler|0 fnt\n|faint|p1b: Sneasler\n|\n|-weather|RainDance|[upkeep]\n|-sideend|p1: Blaidan|move: Tailwind\n|upkeep\n|\n|t:|1776449897\n|switch|p1b: Pelipper|Pelipper, L50, M|100/100\n|turn|5\n|\n|t:|1776449918\n|switch|p2b: Meganium|Meganium, L50, F|100/100\n|detailschange|p1a: Scizor|Scizor-Mega, L50, M\n|-mega|p1a: Scizor|Scizor|Scizorite\n|move|p2a: Pelipper|Hurricane|p1a: Scizor\n|-damage|p1a: Scizor|46/100\n|move|p1a: Scizor|Swords Dance|p1a: Scizor\n|-boost|p1a: Scizor|atk|2\n|move|p1b: Pelipper|Tailwind|p1b: Pelipper\n|-sidestart|p1: Blaidan|move: Tailwind\n|\n|-weather|none\n|upkeep\n|turn|6\n|\n|t:|1776449963\n|move|p2b: Meganium|Protect|p2b: Meganium\n|-singleturn|p2b: Meganium|Protect\n|move|p1a: Scizor|Bug Bite|p2b: Meganium\n|-activate|p2b: Meganium|move: Protect\n|move|p1b: Pelipper|Hurricane|p2a: Pelipper\n|-damage|p2a: Pelipper|0 fnt\n|faint|p2a: Pelipper\n|\n|upkeep\n|\n|t:|1776449970\n|switch|p2a: Archaludon|Archaludon, L50, F, shiny|100/100\n|turn|7\n|\n|t:|1776449994\n|detailschange|p2b: Meganium|Meganium-Mega, L50, F\n|-mega|p2b: Meganium|Meganium|Meganiumite\n|move|p1a: Scizor|Bug Bite|p2b: Meganium\n|-damage|p2b: Meganium|0 fnt\n|faint|p2b: Meganium\n|move|p1b: Pelipper|Hurricane|p2a: Archaludon\n|-resisted|p2a: Archaludon|1\n|-damage|p2a: Archaludon|78/100\n|-ability|p2a: Archaludon|Stamina|boost\n|-boost|p2a: Archaludon|def|1\n|move|p2a: Archaludon|Draco Meteor|p1a: Scizor|[miss]\n|-miss|p2a: Archaludon|p1a: Scizor\n|\n|-heal|p2a: Archaludon|84/100|[from] item: Leftovers\n|upkeep\n|turn|8\n|\n|t:|1776450011\n|move|p1a: Scizor|Bug Bite|p2a: Archaludon\n|-resisted|p2a: Archaludon|1\n|-damage|p2a: Archaludon|52/100\n|-ability|p2a: Archaludon|Stamina|boost\n|-boost|p2a: Archaludon|def|1\n|move|p1b: Pelipper|Hurricane|p2a: Archaludon\n|-resisted|p2a: Archaludon|1\n|-damage|p2a: Archaludon|31/100\n|-start|p2a: Archaludon|confusion\n|-ability|p2a: Archaludon|Stamina|boost\n|-boost|p2a: Archaludon|def|1\n|-activate|p2a: Archaludon|confusion\n|move|p2a: Archaludon|Draco Meteor|p1a: Scizor\n|-resisted|p1a: Scizor|1\n|-damage|p1a: Scizor|14/100\n|-unboost|p2a: Archaludon|spa|2\n|\n|-heal|p2a: Archaludon|38/100|[from] item: Leftovers\n|-sideend|p1: Blaidan|move: Tailwind\n|upkeep\n|turn|9\n|-message|Lessa_ped forfeited.\n|\n|win|Blaidan\n|raw|Blaidan's rating: 1167 &rarr; <strong>1189</strong><br />(+22 for winning)\n|raw|Lessa_ped's rating: 1130 &rarr; <strong>1108</strong><br />(-22 for losing)\n",
  "uploadtime": 1776450027,
  "views": 55,
  "formatid": "gen9championsvgc2026regma",
  "rating": 1108,
  "private": 0,
  "password": null
}