{
  "id": "gen9championsvgc2026regma-2581448953",
  "format": "[Gen 9 Champions] VGC 2026 Reg M-A",
  "players": [
    "Faker Pants",
    "vinvgc"
  ],
  "log": "|j|\u2606Faker Pants\n|j|\u2606vinvgc\n|t:|1776001484\n|gametype|doubles\n|player|p1|Faker Pants|birdkeeper-gen4dp|\n|player|p2|vinvgc|hugh|\n|gen|9\n|tier|[Gen 9 Champions] VGC 2026 Reg M-A\n|rule|Species Clause: Limit one of each Pok\u00e9mon\n|rule|Item Clause: Limit 1 of each item\n|clearpoke\n|poke|p1|Incineroar, L50, F|\n|poke|p1|Trevenant, L50, F|\n|poke|p1|Rotom-Heat, L50|\n|poke|p1|Dragonite, L50, F|\n|poke|p1|Volcarona, L50, M|\n|poke|p1|Excadrill, L50, F|\n|poke|p2|Trevenant, L50, F|\n|poke|p2|Corviknight, L50, M|\n|poke|p2|Volcarona, L50, M|\n|poke|p2|Excadrill, L50, F|\n|poke|p2|Gardevoir, L50, M|\n|poke|p2|Slowbro, L50, M|\n|teampreview|4\n|inactive|Battle timer is ON: inactive players will automatically lose when time's up. (requested by vinvgc)\nFaker Pants rejected open team sheets.\n|inactive|vinvgc has 60 seconds left.\n|\n|t:|1776001536\n|teamsize|p1|4\n|teamsize|p2|4\n|start\n|switch|p1a: Livingstone|Volcarona, L50, M|100/100\n|switch|p1b: I'd win|Rotom-Heat, L50|100/100\n|switch|p2a: Corviknight|Corviknight, L50, M|100/100\n|switch|p2b: Excadrill|Excadrill, L50, F|100/100\n|turn|1\n|inactive|Faker Pants has 30 seconds left.\n|inactive|vinvgc has 30 seconds left.\n|j| Shulkmania\n|inactive|vinvgc has 20 seconds left.\n|inactive|vinvgc has 15 seconds left.\n|inactive|vinvgc has 10 seconds left.\n|inactive|vinvgc has 5 seconds left.\n|\n|t:|1776001589\n|switch|p1a: Gum in yer shoe|Trevenant, L50, F|100/100\n|move|p1b: I'd win|Overheat|p2a: Corviknight\n|-supereffective|p2a: Corviknight|1\n|-damage|p2a: Corviknight|0 fnt\n|-unboost|p1b: I'd win|spa|2\n|faint|p2a: Corviknight\n|move|p2b: Excadrill|Earthquake|p1a: Gum in yer shoe|[spread] p1a\n|-immune|p1b: I'd win|[from] ability: Levitate\n|-resisted|p1a: Gum in yer shoe|1\n|-damage|p1a: Gum in yer shoe|74/100\n|\n|-heal|p1a: Gum in yer shoe|80/100|[from] item: Leftovers\n|upkeep\n|inactive|vinvgc has 30 seconds left.\n|\n|t:|1776001617\n|switch|p2a: Volcarona|Volcarona, L50, M|100/100\n|turn|2\n|\n|t:|1776001640\n|move|p1b: I'd win|Overheat|p2b: Excadrill\n|-supereffective|p2b: Excadrill|1\n|-damage|p2b: Excadrill|26/100\n|-unboost|p1b: I'd win|spa|2\n|move|p2a: Volcarona|Fiery Dance|p1a: Gum in yer shoe\n|-supereffective|p1a: Gum in yer shoe|1\n|-damage|p1a: Gum in yer shoe|0 fnt\n|faint|p1a: Gum in yer shoe\n|move|p2b: Excadrill|Substitute|p2b: Excadrill\n|-start|p2b: Excadrill|Substitute\n|-damage|p2b: Excadrill|1/100\n|\n|upkeep\n|\n|t:|1776001658\n|switch|p1a: Gamefreak why|Dragonite, L50, F, shiny|100/100\n|turn|3\n|inactive|Faker Pants has 30 seconds left.\n|inactive|vinvgc has 30 seconds left.\n|inactive|vinvgc has 20 seconds left.\n|inactive|vinvgc has 15 seconds left.\n|inactive|vinvgc has 10 seconds left.\n|inactive|vinvgc has 5 seconds left.\n|\n|t:|1776001709\n|detailschange|p1a: Gamefreak why|Dragonite-Mega, L50, F, shiny\n|-mega|p1a: Gamefreak why|Dragonite|Dragoninite\n|move|p1a: Gamefreak why|Extreme Speed|p2b: Excadrill\n|-resisted|p2b: Excadrill|1\n|-activate|p2b: Excadrill|move: Substitute|[damage]\n|move|p1b: I'd win|Overheat|p2b: Excadrill\n|-supereffective|p2b: Excadrill|1\n|-end|p2b: Excadrill|Substitute\n|-unboost|p1b: I'd win|spa|2\n|move|p2a: Volcarona|Will-O-Wisp|p1a: Gamefreak why|[miss]\n|-miss|p2a: Volcarona|p1a: Gamefreak why\n|move|p2b: Excadrill|Bulldoze|p1b: I'd win|[spread] p2a\n|-immune|p1a: Gamefreak why\n|-immune|p1b: I'd win|[from] ability: Levitate\n|-damage|p2a: Volcarona|53/100\n|-unboost|p2a: Volcarona|spe|1\n|\n|upkeep\n|turn|4\n|\n|t:|1776001730\n|switch|p1b: Livingstone|Volcarona, L50, M|100/100\n|move|p1a: Gamefreak why|Extreme Speed|p2b: Excadrill\n|-resisted|p2b: Excadrill|1\n|-damage|p2b: Excadrill|0 fnt\n|faint|p2b: Excadrill\n|move|p2a: Volcarona|Will-O-Wisp|p1a: Gamefreak why\n|-status|p1a: Gamefreak why|brn\n|\n|-damage|p1a: Gamefreak why|95/100 brn|[from] brn\n|upkeep\n|\n|t:|1776001740\n|switch|p2b: Gardevoir|Gardevoir, L50, M|100/100\n|-ability|p2b: Gardevoir|Flame Body|Trace|[from] ability: Trace|[of] p1b: Livingstone\n|turn|5\n|j| kangkang\n|inactive|vinvgc has 30 seconds left.\n|inactive|Faker Pants has 30 seconds left.\n|inactive|vinvgc has 20 seconds left.\n|inactive|vinvgc has 15 seconds left.\n|inactive|vinvgc has 10 seconds left.\n|\n|t:|1776001789\n|detailschange|p2b: Gardevoir|Gardevoir-Mega, L50, M\n|-mega|p2b: Gardevoir|Gardevoir|Gardevoirite\n|move|p2b: Gardevoir|Protect|p2b: Gardevoir\n|-singleturn|p2b: Gardevoir|Protect\n|move|p1a: Gamefreak why|Roost|p1a: Gamefreak why\n|-heal|p1a: Gamefreak why|100/100 brn\n|-singleturn|p1a: Gamefreak why|move: Roost\n|move|p1b: Livingstone|Fiery Dance|p2b: Gardevoir\n|-activate|p2b: Gardevoir|move: Protect\n|move|p2a: Volcarona|Fiery Dance|p1b: Livingstone\n|-damage|p1b: Livingstone|61/100\n|\n|-damage|p1a: Gamefreak why|95/100 brn|[from] brn\n|upkeep\n|turn|6\n|inactive|vinvgc has 30 seconds left.\n|\n|t:|1776001816\n|move|p2b: Gardevoir|Psyshock|p1b: Livingstone\n|-damage|p1b: Livingstone|0 fnt\n|faint|p1b: Livingstone\n|move|p1a: Gamefreak why|Dragon Dance|p1a: Gamefreak why\n|-boost|p1a: Gamefreak why|atk|1\n|-boost|p1a: Gamefreak why|spe|1\n|move|p2a: Volcarona|Fiery Dance|p1a: Gamefreak why\n|-resisted|p1a: Gamefreak why|1\n|-damage|p1a: Gamefreak why|73/100 brn\n|-boost|p2a: Volcarona|spa|1\n|\n|-damage|p1a: Gamefreak why|67/100 brn|[from] brn\n|upkeep\n|\n|t:|1776001819\n|switch|p1b: I'd win|Rotom-Heat, L50|100/100\n|turn|7\n|c|\u2606Faker Pants|!dt gardevoir-mega\n|c|\u2606Faker Pants|/raw <div class=\"message\"><ul class=\"utilichart\"><li class=\"result\"><span class=\"col numcol\">OU</span> <span class=\"col iconcol\"><psicon pokemon=\"gardevoirmega\"/></span> <span class=\"col pokemonnamecol\" style=\"white-space:nowrap\"><a href=\"https://dex.pokemonshowdown.com/pokemon/gardevoirmega\" target=\"_blank\">Gardevoir-Mega</a></span> <span class=\"col typecol\"><img src=\"https://play.pokemonshowdown.com/sprites/types/Psychic.png\" alt=\"Psychic\" height=\"14\" width=\"32\"><img src=\"https://play.pokemonshowdown.com/sprites/types/Fairy.png\" alt=\"Fairy\" height=\"14\" width=\"32\"></span> <span style=\"float:left;min-height:26px\"><span class=\"col abilitycol\">Pixilate</span><span class=\"col abilitycol\"></span></span><span style=\"float:left;min-height:26px\"><span class=\"col statcol\"><em>HP</em><br />68</span> <span class=\"col statcol\"><em>Atk</em><br />85</span> <span class=\"col statcol\"><em>Def</em><br />65</span> <span class=\"col statcol\"><em>SpA</em><br />165</span> <span class=\"col statcol\"><em>SpD</em><br />135</span> <span class=\"col statcol\"><em>Spe</em><br />100</span> <span class=\"col bstcol\"><em>BST<br />618</em></span> </span></li><li style=\"clear:both\"></li></ul></div>\n|c|\u2606Faker Pants|/raw <font size=\"1\"><font color=\"#686868\">Dex#:</font> 282&nbsp;|&ThickSpace;<font color=\"#686868\">Gen:</font> 6&nbsp;|&ThickSpace;<font color=\"#686868\">Height:</font> 1.6 m&nbsp;|&ThickSpace;<font color=\"#686868\">Weight:</font> 48.4 kg <em>(60 BP)</em>&nbsp;|&ThickSpace;<font color=\"#686868\">Dex Colour:</font> White&nbsp;|&ThickSpace;<font color=\"#686868\">Egg Group(s):</font> Amorphous&nbsp;|&ThickSpace;<font color=\"#686868\">Does Not Evolve</font></font>\n\n|inactive|Faker Pants has 30 seconds left.\n|inactive|vinvgc has 30 seconds left.\n|inactive|Faker Pants has 20 seconds left.\n|inactive|Faker Pants has 15 seconds left.\n|\n|t:|1776001861\n|move|p1a: Gamefreak why|Extreme Speed|p2b: Gardevoir\n|-damage|p2b: Gardevoir|60/100\n|move|p2b: Gardevoir|Psyshock|p1b: I'd win\n|-damage|p1b: I'd win|48/100\n|move|p1b: I'd win|Trick|p2a: Volcarona\n|-activate|p1b: I'd win|move: Trick|[of] p2a: Volcarona\n|-item|p2a: Volcarona|Choice Scarf|[from] move: Trick\n|-item|p1b: I'd win|Lum Berry|[from] move: Trick\n|move|p2a: Volcarona|Fire Spin|p1b: I'd win|[miss]\n|-miss|p2a: Volcarona|p1b: I'd win\n|\n|-damage|p1a: Gamefreak why|61/100 brn|[from] brn\n|upkeep\n|turn|8\n|inactive|vinvgc has 30 seconds left.\n|\n|t:|1776001887\n|move|p1a: Gamefreak why|Extreme Speed|p2b: Gardevoir\n|-damage|p2b: Gardevoir|22/100\n|move|p2b: Gardevoir|Psyshock|p1b: I'd win\n|-damage|p1b: I'd win|1/100\n|move|p2a: Volcarona|Fire Spin|p1a: Gamefreak why\n|-resisted|p1a: Gamefreak why|1\n|-damage|p1a: Gamefreak why|49/100 brn\n|-activate|p1a: Gamefreak why|move: Fire Spin|[of] p2a: Volcarona\n|move|p1b: I'd win|Light Screen|p1b: I'd win\n|-sidestart|p1: Faker Pants|move: Light Screen\n|\n|-damage|p1a: Gamefreak why|43/100 brn|[from] brn\n|-damage|p1a: Gamefreak why|30/100 brn|[from] move: Fire Spin|[partiallytrapped]\n|upkeep\n|turn|9\n|\n|t:|1776001906\n|move|p2b: Gardevoir|Protect|p2b: Gardevoir\n|-singleturn|p2b: Gardevoir|Protect\n|move|p1a: Gamefreak why|Extreme Speed|p2b: Gardevoir\n|-activate|p2b: Gardevoir|move: Protect\n|move|p2a: Volcarona|Fire Spin|p1b: I'd win\n|-resisted|p1b: I'd win|1\n|-damage|p1b: I'd win|0 fnt\n|faint|p1b: I'd win\n|\n|-damage|p1a: Gamefreak why|24/100 brn|[from] brn\n|-damage|p1a: Gamefreak why|12/100 brn|[from] move: Fire Spin|[partiallytrapped]\n|upkeep\n|turn|10\n|\n|t:|1776001924\n|move|p1a: Gamefreak why|Roost|p1a: Gamefreak why\n|-heal|p1a: Gamefreak why|62/100 brn\n|-singleturn|p1a: Gamefreak why|move: Roost\n|move|p2b: Gardevoir|Dazzling Gleam|p1a: Gamefreak why\n|-supereffective|p1a: Gamefreak why|1\n|-damage|p1a: Gamefreak why|0 fnt\n|faint|p1a: Gamefreak why\n|\n|win|vinvgc\n|l| Shulkmania\n|l|\u2606Faker Pants\n|player|p1|\n|l| kangkang\n",
  "uploadtime": 1776002807,
  "views": 14,
  "formatid": "gen9championsvgc2026regma",
  "rating": null,
  "private": 0,
  "password": null
}