{
  "id": "gen9championsvgc2026regma-2584490208",
  "format": "[Gen 9 Champions] VGC 2026 Reg M-A",
  "players": [
    "aoiharada",
    "12457a"
  ],
  "log": "|j|\u2606aoiharada\n|j|\u260612457a\n|t:|1776264309\n|gametype|doubles\n|player|p1|aoiharada|2|1391\n|player|p2|12457a|265|1409\n|gen|9\n|tier|[Gen 9 Champions] VGC 2026 Reg M-A\n|rated|\n|rule|Species Clause: Limit one of each Pok\u00e9mon\n|rule|Item Clause: Limit 1 of each item\n|clearpoke\n|poke|p1|Gengar, L50, M|\n|poke|p1|Incineroar, L50, M|\n|poke|p1|Whimsicott, L50, M|\n|poke|p1|Sinistcha-Masterpiece, L50|\n|poke|p1|Corviknight, L50, M|\n|poke|p1|Umbreon, L50, M|\n|poke|p2|Floette-Eternal, L50, F|\n|poke|p2|Araquanid, L50, M|\n|poke|p2|Farigiraf, L50, M|\n|poke|p2|Kingambit, L50, F|\n|poke|p2|Aerodactyl, L50, F|\n|poke|p2|Rotom-Heat, L50|\n|teampreview|4\n|inactive|Battle timer is ON: inactive players will automatically lose when time's up. (requested by 12457a)\n|inactive|aoiharada has 60 seconds left.\n|inactive|12457a has 60 seconds left.\n|\n|t:|1776264366\n|teamsize|p1|4\n|teamsize|p2|4\n|start\n|switch|p1a: Gengar|Gengar, L50, M|100/100\n|switch|p1b: Umbreon|Umbreon, L50, M|100/100\n|switch|p2a: Kingambit|Kingambit, L50, F|100/100\n|switch|p2b: Araquanid|Araquanid, L50, M|100/100\n|turn|1\n|\n|t:|1776264380\n|detailschange|p1a: Gengar|Gengar-Mega, L50, M\n|-mega|p1a: Gengar|Gengar|Gengarite\n|move|p1a: Gengar|Protect|p1a: Gengar\n|-singleturn|p1a: Gengar|Protect\n|move|p1b: Umbreon|Yawn|p2a: Kingambit\n|-start|p2a: Kingambit|move: Yawn|[of] p1b: Umbreon\n|move|p2a: Kingambit|Kowtow Cleave|p1a: Gengar\n|-activate|p1a: Gengar|move: Protect\n|move|p2b: Araquanid|Liquidation|p1b: Umbreon\n|-damage|p1b: Umbreon|51/100\n|\n|upkeep\n|turn|2\n|inactive|12457a has 30 seconds left.\n|\n|t:|1776264408\n|move|p1a: Gengar|Disable|p2a: Kingambit\n|-start|p2a: Kingambit|Disable|Kowtow Cleave\n|move|p1b: Umbreon|Wish|p1b: Umbreon\n|cant|p2a: Kingambit|Disable|Kowtow Cleave\n|move|p2b: Araquanid|Liquidation|p1b: Umbreon\n|-damage|p1b: Umbreon|1/100\n|\n|-end|p2a: Kingambit|move: Yawn|[silent]\n|-status|p2a: Kingambit|slp\n|upkeep\n|turn|3\n|\n|t:|1776264431\n|move|p1b: Umbreon|Protect|p1b: Umbreon\n|-singleturn|p1b: Umbreon|Protect\n|move|p1a: Gengar|Perish Song|p1a: Gengar\n|-start|p1a: Gengar|perish3|[silent]\n|-start|p1b: Umbreon|perish3|[silent]\n|-start|p2a: Kingambit|perish3|[silent]\n|-start|p2b: Araquanid|perish3|[silent]\n|-fieldactivate|move: Perish Song\n|cant|p2a: Kingambit|slp\n|move|p2b: Araquanid|Liquidation|p1a: Gengar\n|-damage|p1a: Gengar|0 fnt\n|faint|p1a: Gengar\n|\n|-heal|p1b: Umbreon|51/100|[from] move: Wish|[wisher] Umbreon\n|-start|p1b: Umbreon|perish3\n|-start|p2a: Kingambit|perish3\n|-start|p2b: Araquanid|perish3\n|upkeep\n|\n|t:|1776264442\n|switch|p1a: Corviknight|Corviknight, L50, M|100/100\n|turn|4\n|\n|t:|1776264455\n|-curestatus|p2a: Kingambit|slp|[msg]\n|move|p2a: Kingambit|Protect|p2a: Kingambit\n|-singleturn|p2a: Kingambit|Protect\n|move|p1b: Umbreon|Yawn|p2b: Araquanid\n|-start|p2b: Araquanid|move: Yawn|[of] p1b: Umbreon\n|move|p1a: Corviknight|Bulk Up|p1a: Corviknight\n|-boost|p1a: Corviknight|atk|1\n|-boost|p1a: Corviknight|def|1\n|move|p2b: Araquanid|Liquidation|p1b: Umbreon\n|-damage|p1b: Umbreon|0 fnt\n|faint|p1b: Umbreon\n|\n|-start|p2a: Kingambit|perish2\n|-start|p2b: Araquanid|perish2\n|upkeep\n|\n|t:|1776264469\n|switch|p1b: Incineroar|Incineroar, L50, M|100/100\n|-ability|p1b: Incineroar|Intimidate|boost\n|-unboost|p2a: Kingambit|atk|1\n|-ability|p2a: Kingambit|Defiant|boost\n|-boost|p2a: Kingambit|atk|2\n|-unboost|p2b: Araquanid|atk|1\n|turn|5\n|\n|t:|1776264490\n|switch|p2a: Rotom|Rotom-Heat, L50|100/100\n|switch|p2b: Aerodactyl|Aerodactyl, L50, F|100/100\n|move|p1b: Incineroar|Protect|p1b: Incineroar\n|-singleturn|p1b: Incineroar|Protect\n|move|p1a: Corviknight|Body Press|p2a: Rotom\n|-crit|p2a: Rotom\n|-damage|p2a: Rotom|53/100\n|\n|upkeep\n|turn|6\n|\n|t:|1776264512\n|move|p2a: Rotom|Protect|p2a: Rotom\n|-singleturn|p2a: Rotom|Protect\n|move|p2b: Aerodactyl|Tailwind|p2b: Aerodactyl\n|-sidestart|p2: 12457a|move: Tailwind\n|move|p1a: Corviknight|Roost||[still]\n|-fail|p1a: Corviknight|heal\n|move|p1b: Incineroar|Parting Shot|p2a: Rotom\n|-activate|p2a: Rotom|move: Protect\n|\n|upkeep\n|turn|7\n|\n|t:|1776264527\n|move|p2b: Aerodactyl|Rock Slide|p1a: Corviknight|[spread] p1a,p1b\n|-supereffective|p1b: Incineroar|1\n|-damage|p1a: Corviknight|85/100\n|-damage|p1b: Incineroar|46/100\n|move|p2a: Rotom|Overheat|p1a: Corviknight\n|-supereffective|p1a: Corviknight|1\n|-damage|p1a: Corviknight|2/100\n|-unboost|p2a: Rotom|spa|2\n|-enditem|p2a: Rotom|White Herb\n|-clearnegativeboost|p2a: Rotom|[silent]\n|move|p1a: Corviknight|Body Press|p2a: Rotom\n|-damage|p2a: Rotom|22/100\n|cant|p1b: Incineroar|flinch\n|\n|-heal|p1a: Corviknight|8/100|[from] item: Leftovers\n|upkeep\n|turn|8\n|-message|aoiharada forfeited.\n|\n|win|12457a\n|raw|aoiharada's rating: 1391 &rarr; <strong>1372</strong><br />(-19 for losing)\n|raw|12457a's rating: 1409 &rarr; <strong>1428</strong><br />(+19 for winning)\n|l|\u260612457a\n|player|p2|\n",
  "uploadtime": 1776264684,
  "views": 47,
  "formatid": "gen9championsvgc2026regma",
  "rating": 1372,
  "private": 0,
  "password": null
}