{
  "id": "gen9championsvgc2026regma-2586615925",
  "format": "[Gen 9 Champions] VGC 2026 Reg M-A",
  "players": [
    "Alt-tistic",
    "lambisbola"
  ],
  "log": "|j|\u2606Alt-tistic\n|j|\u2606lambisbola\n|t:|1776447030\n|gametype|doubles\n|player|p1|Alt-tistic|265|1138\n|player|p2|lambisbola|infielder|1144\n|gen|9\n|tier|[Gen 9 Champions] VGC 2026 Reg M-A\n|rated|\n|rule|Species Clause: Limit one of each Pok\u00e9mon\n|rule|Item Clause: Limit 1 of each item\n|clearpoke\n|poke|p1|Gengar, L50, M|\n|poke|p1|Kommo-o, L50, M|\n|poke|p1|Incineroar, L50, M|\n|poke|p1|Weavile, L50, M|\n|poke|p1|Raichu, L50, M|\n|poke|p1|Kangaskhan, L50, F|\n|poke|p2|Blastoise, L50, M|\n|poke|p2|Pelipper, L50, F|\n|poke|p2|Sinistcha, L50|\n|poke|p2|Sneasler, L50, F|\n|poke|p2|Garchomp, L50, F|\n|poke|p2|Kingambit, L50, F|\n|teampreview|4\n|\n|t:|1776447103\n|teamsize|p1|4\n|teamsize|p2|4\n|start\n|switch|p1a: Gengar|Gengar, L50, M, shiny|100/100\n|switch|p1b: Raichu|Raichu, L50, M, shiny|100/100\n|switch|p2a: Kingambit|Kingambit, L50, F|100/100\n|switch|p2b: Garchomp|Garchomp, L50, F|100/100\n|turn|1\n|\n|t:|1776447123\n|detailschange|p1a: Gengar|Gengar-Mega, L50, M, shiny\n|-mega|p1a: Gengar|Gengar|Gengarite\n|move|p1a: Gengar|Protect|p1a: Gengar\n|-singleturn|p1a: Gengar|Protect\n|move|p2b: Garchomp|Protect|p2b: Garchomp\n|-singleturn|p2b: Garchomp|Protect\n|move|p2a: Kingambit|Protect|p2a: Kingambit\n|-singleturn|p2a: Kingambit|Protect\n|move|p1b: Raichu|Volt Switch|p2a: Kingambit\n|-activate|p2a: Kingambit|move: Protect\n|\n|upkeep\n|turn|2\n|\n|t:|1776447146\n|switch|p1a: Incineroar|Incineroar, L50, M, shiny|100/100\n|-ability|p1a: Incineroar|Intimidate|boost\n|-unboost|p2a: Kingambit|atk|1\n|-ability|p2a: Kingambit|Defiant|boost\n|-boost|p2a: Kingambit|atk|2\n|-unboost|p2b: Garchomp|atk|1\n|move|p1b: Raichu|Volt Switch|p2a: Kingambit\n|-damage|p2a: Kingambit|78/100\n|\n|t:|1776447157\n|switch|p1b: Kommo-o|Kommo-o, L50, M, shiny|100/100|[from] Volt Switch\n|move|p2b: Garchomp|Rock Slide|p1a: Incineroar|[spread] p1a,p1b\n|-supereffective|p1a: Incineroar|1\n|-resisted|p1b: Kommo-o|1\n|-damage|p1a: Incineroar|81/100\n|-damage|p1b: Kommo-o|96/100\n|move|p2a: Kingambit|Kowtow Cleave|p1a: Incineroar\n|-resisted|p1a: Incineroar|1\n|-damage|p1a: Incineroar|53/100\n|\n|-heal|p1b: Kommo-o|100/100|[from] item: Leftovers\n|upkeep\n|turn|3\n|\n|t:|1776447204\n|move|p2b: Garchomp|Dragon Claw|p1b: Kommo-o\n|-supereffective|p1b: Kommo-o|1\n|-damage|p1b: Kommo-o|63/100\n|move|p1b: Kommo-o|Iron Defense|p1b: Kommo-o\n|-boost|p1b: Kommo-o|def|2\n|move|p1a: Incineroar|Parting Shot|p2b: Garchomp\n|-unboost|p2b: Garchomp|atk|1\n|-unboost|p2b: Garchomp|spa|1\n|\n|t:|1776447217\n|switch|p1a: Gengar|Gengar-Mega, L50, M, shiny|100/100|[from] Parting Shot\n|move|p2a: Kingambit|Iron Head|p1b: Kommo-o\n|-damage|p1b: Kommo-o|38/100\n|\n|-heal|p1b: Kommo-o|44/100|[from] item: Leftovers\n|upkeep\n|turn|4\n|\n|t:|1776447246\n|move|p1a: Gengar|Protect|p1a: Gengar\n|-singleturn|p1a: Gengar|Protect\n|move|p2b: Garchomp|Protect|p2b: Garchomp\n|-singleturn|p2b: Garchomp|Protect\n|move|p1b: Kommo-o|Body Press|p2a: Kingambit\n|-supereffective|p2a: Kingambit|2\n|-damage|p2a: Kingambit|0 fnt\n|faint|p2a: Kingambit\n|\n|-heal|p1b: Kommo-o|50/100|[from] item: Leftovers\n|upkeep\n|\n|t:|1776447257\n|switch|p2a: Blastoise|Blastoise, L50, M|100/100\n|turn|5\n|\n|t:|1776447284\n|switch|p1b: Raichu|Raichu, L50, M, shiny|100/100\n|detailschange|p2a: Blastoise|Blastoise-Mega, L50, M\n|-mega|p2a: Blastoise|Blastoise|Blastoisinite\n|move|p1a: Gengar|Perish Song|p1a: Gengar\n|-start|p1a: Gengar|perish3|[silent]\n|-start|p1b: Raichu|perish3|[silent]\n|-start|p2a: Blastoise|perish3|[silent]\n|-start|p2b: Garchomp|perish3|[silent]\n|-fieldactivate|move: Perish Song\n|move|p2b: Garchomp|Rock Slide|p1b: Raichu|[spread] p1a,p1b\n|-damage|p1a: Gengar|88/100\n|-damage|p1b: Raichu|89/100\n|move|p2a: Blastoise|Shell Smash|p2a: Blastoise\n|-unboost|p2a: Blastoise|def|1\n|-unboost|p2a: Blastoise|spd|1\n|-boost|p2a: Blastoise|atk|2\n|-boost|p2a: Blastoise|spa|2\n|-boost|p2a: Blastoise|spe|2\n|\n|-start|p2a: Blastoise|perish3\n|-start|p1b: Raichu|perish3\n|-start|p1a: Gengar|perish3\n|-start|p2b: Garchomp|perish3\n|upkeep\n|turn|6\n|\n|t:|1776447311\n|move|p1a: Gengar|Protect|p1a: Gengar\n|-singleturn|p1a: Gengar|Protect\n|move|p2a: Blastoise|Water Spout|p1b: Raichu|[spread] p1b\n|-activate|p1a: Gengar|move: Protect\n|-damage|p1b: Raichu|0 fnt\n|faint|p1b: Raichu\n|move|p2b: Garchomp|Rock Slide|p1a: Gengar\n|-activate|p1a: Gengar|move: Protect\n|\n|-start|p2a: Blastoise|perish2\n|-start|p1a: Gengar|perish2\n|-start|p2b: Garchomp|perish2\n|upkeep\n|\n|t:|1776447326\n|switch|p1b: Incineroar|Incineroar, L50, M, shiny|53/100\n|-ability|p1b: Incineroar|Intimidate|boost\n|-unboost|p2a: Blastoise|atk|1\n|-unboost|p2b: Garchomp|atk|1\n|turn|7\n|\n|t:|1776447335\n|switch|p1a: Kommo-o|Kommo-o, L50, M, shiny|50/100\n|move|p2a: Blastoise|Water Spout|p1b: Incineroar|[spread] p1a,p1b\n|-resisted|p1a: Kommo-o|1\n|-supereffective|p1b: Incineroar|1\n|-damage|p1a: Kommo-o|7/100\n|-damage|p1b: Incineroar|0 fnt\n|faint|p1b: Incineroar\n|move|p2b: Garchomp|Rock Slide|p1a: Kommo-o\n|-resisted|p1a: Kommo-o|1\n|-damage|p1a: Kommo-o|3/100\n|\n|-heal|p1a: Kommo-o|9/100|[from] item: Leftovers\n|-start|p2a: Blastoise|perish1\n|-start|p2b: Garchomp|perish1\n|upkeep\n|\n|t:|1776447350\n|switch|p1b: Gengar|Gengar-Mega, L50, M, shiny|88/100\n|turn|8\n|\n|t:|1776447358\n|move|p1b: Gengar|Protect|p1b: Gengar\n|-singleturn|p1b: Gengar|Protect\n|move|p1a: Kommo-o|Protect|p1a: Kommo-o\n|-singleturn|p1a: Kommo-o|Protect\n|move|p2a: Blastoise|Water Spout|p1a: Kommo-o|[spread] \n|-activate|p1a: Kommo-o|move: Protect\n|-activate|p1b: Gengar|move: Protect\n|move|p2b: Garchomp|Earthquake|p1a: Kommo-o|[spread] p2a\n|-activate|p1a: Kommo-o|move: Protect\n|-activate|p1b: Gengar|move: Protect\n|-damage|p2a: Blastoise|79/100\n|\n|-heal|p1a: Kommo-o|15/100|[from] item: Leftovers\n|-start|p2a: Blastoise|perish0\n|-start|p2b: Garchomp|perish0\n|faint|p2a: Blastoise\n|faint|p2b: Garchomp\n|upkeep\n|c|\u2606lambisbola|nice\n|\n|t:|1776447381\n|switch|p2b: Pelipper|Pelipper, L50, F|100/100\n|-weather|RainDance|[from] ability: Drizzle|[of] p2b: Pelipper\n|turn|9\n|\n|t:|1776447394\n|move|p1b: Gengar|Shadow Ball|p2b: Pelipper\n|-damage|p2b: Pelipper|21/100\n|-unboost|p2b: Pelipper|spd|1\n|move|p2b: Pelipper|Hurricane|p1a: Kommo-o\n|-supereffective|p1a: Kommo-o|1\n|-damage|p1a: Kommo-o|0 fnt\n|faint|p1a: Kommo-o\n|\n|-weather|RainDance|[upkeep]\n|upkeep\n|turn|10\n|\n|t:|1776447409\n|move|p1b: Gengar|Shadow Ball|p2b: Pelipper\n|-damage|p2b: Pelipper|0 fnt\n|faint|p2b: Pelipper\n|\n|win|Alt-tistic\n|raw|Alt-tistic's rating: 1138 &rarr; <strong>1163</strong><br />(+25 for winning)\n|raw|lambisbola's rating: 1144 &rarr; <strong>1119</strong><br />(-25 for losing)\n|l|\u2606lambisbola\n|player|p2|\n",
  "uploadtime": 1776447416,
  "views": 32,
  "formatid": "gen9championsvgc2026regma",
  "rating": 1119,
  "private": 0,
  "password": null
}