{
  "id": "gen9championsvgc2026regma-2581571464",
  "format": "[Gen 9 Champions] VGC 2026 Reg M-A",
  "players": [
    "ohaimiles",
    "dynameow"
  ],
  "log": "|j|\u2606ohaimiles\n|j|\u2606dynameow\n|t:|1776011888\n|gametype|doubles\n|player|p1|ohaimiles|102|1122\n|player|p2|dynameow|266|1182\n|gen|9\n|tier|[Gen 9 Champions] VGC 2026 Reg M-A\n|rated|\n|rule|Species Clause: Limit one of each Pok\u00e9mon\n|rule|Item Clause: Limit 1 of each item\n|clearpoke\n|poke|p1|Froslass, L50, F|\n|poke|p1|Maushold-Four, L50|\n|poke|p1|Rotom-Frost, L50|\n|poke|p1|Garchomp, L50, F|\n|poke|p1|Sneasler, L50, F|\n|poke|p1|Incineroar, L50, M|\n|poke|p2|Alakazam, L50, F|\n|poke|p2|Meowstic, L50, M|\n|poke|p2|Farigiraf, L50, M|\n|poke|p2|Passimian, L50, F|\n|poke|p2|Whimsicott, L50, M|\n|poke|p2|Clefable, L50, F|\n|teampreview|4\nohaimiles has agreed to open team sheets.\n|\n|t:|1776011962\n|teamsize|p1|4\n|teamsize|p2|4\n|start\n|switch|p1a: Rotom|Rotom-Frost, L50|100/100\n|switch|p1b: Froslass|Froslass, L50, F|100/100\n|switch|p2a: Farigiraf|Farigiraf, L50, M|100/100\n|switch|p2b: Passimian|Passimian, L50, F|100/100\n|turn|1\n|\n|t:|1776012000\n|detailschange|p1b: Froslass|Froslass-Mega, L50, F\n|-mega|p1b: Froslass|Froslass|Froslassite\n|-weather|Snowscape|[from] ability: Snow Warning|[of] p1b: Froslass\n|move|p1a: Rotom|Blizzard|p2b: Passimian|[spread] p2a,p2b\n|-damage|p2a: Farigiraf|54/100\n|-damage|p2b: Passimian|48/100\n|move|p1b: Froslass|Nasty Plot|p1b: Froslass\n|-boost|p1b: Froslass|spa|2\n|move|p2b: Passimian|Brick Break|p1a: Rotom\n|-supereffective|p1a: Rotom|1\n|-damage|p1a: Rotom|19/100\n|move|p2a: Farigiraf|Psychic Terrain|p2a: Farigiraf\n|-fieldstart|move: Psychic Terrain\n|\n|-weather|Snowscape|[upkeep]\n|upkeep\n|turn|2\n|-activate|p2a: Farigiraf|item: Quick Claw\n|\n|t:|1776012030\n|move|p2a: Farigiraf|Expanding Force|p1b: Froslass|[spread] p1a,p1b\n|-damage|p1a: Rotom|0 fnt\n|-damage|p1b: Froslass|35/100\n|faint|p1a: Rotom\n|move|p1b: Froslass|Blizzard|p2b: Passimian|[spread] p2a,p2b\n|-damage|p2a: Farigiraf|0 fnt\n|-damage|p2b: Passimian|0 fnt\n|faint|p2a: Farigiraf\n|faint|p2b: Passimian\n|\n|-weather|Snowscape|[upkeep]\n|upkeep\n|\n|t:|1776012039\n|switch|p1a: Maushold|Maushold-Four, L50|100/100\n|switch|p2b: Whimsicott|Whimsicott, L50, M|100/100\n|switch|p2a: Alakazam|Alakazam, L50, F|100/100\n|turn|3\n|\n|t:|1776012048\n|detailschange|p2a: Alakazam|Alakazam-Mega, L50, F\n|-mega|p2a: Alakazam|Alakazam|Alakazite\n|-ability|p2a: Alakazam|Friend Guard|Trace|[from] ability: Trace|[of] p1a: Maushold\n|move|p2b: Whimsicott|Helping Hand|p2a: Alakazam\n|-singleturn|p2a: Alakazam|Helping Hand|[of] p2b: Whimsicott\n|move|p1a: Maushold|Follow Me|p1a: Maushold\n|-singleturn|p1a: Maushold|move: Follow Me\n|move|p2a: Alakazam|Expanding Force|p1a: Maushold|[spread] p1a,p1b\n|-enditem|p1a: Maushold|Focus Sash\n|-damage|p1a: Maushold|1/100\n|-damage|p1b: Froslass|0 fnt\n|faint|p1b: Froslass\n|\n|-weather|Snowscape|[upkeep]\n|upkeep\n|\n|t:|1776012055\n|switch|p1b: Incineroar|Incineroar, L50, M|100/100\n|-ability|p1b: Incineroar|Intimidate|boost\n|-unboost|p2a: Alakazam|atk|1\n|-unboost|p2b: Whimsicott|atk|1\n|turn|4\n|\n|t:|1776012078\n|move|p1a: Maushold|Follow Me|p1a: Maushold\n|-singleturn|p1a: Maushold|move: Follow Me\n|move|p2a: Alakazam|Focus Blast|p1a: Maushold\n|-supereffective|p1a: Maushold|1\n|-damage|p1a: Maushold|0 fnt\n|faint|p1a: Maushold\n|move|p2b: Whimsicott|Moonblast|p1b: Incineroar\n|-damage|p1b: Incineroar|76/100\n|move|p1b: Incineroar|Darkest Lariat|p2a: Alakazam\n|-supereffective|p2a: Alakazam|1\n|-damage|p2a: Alakazam|0 fnt\n|faint|p2a: Alakazam\n|\n|-weather|Snowscape|[upkeep]\n|upkeep\n|turn|5\n|\n|t:|1776012088\n|move|p2b: Whimsicott|Moonblast|p1b: Incineroar\n|-damage|p1b: Incineroar|52/100\n|move|p1b: Incineroar|Flare Blitz|p2b: Whimsicott\n|-supereffective|p2b: Whimsicott|1\n|-damage|p2b: Whimsicott|0 fnt\n|faint|p2b: Whimsicott\n|-damage|p1b: Incineroar|25/100|[from] Recoil\n|-enditem|p1b: Incineroar|Sitrus Berry|[eat]\n|-heal|p1b: Incineroar|50/100|[from] item: Sitrus Berry\n|\n|win|ohaimiles\n|raw|ohaimiles's rating: 1122 &rarr; <strong>1151</strong><br />(+29 for winning)\n|raw|dynameow's rating: 1182 &rarr; <strong>1153</strong><br />(-29 for losing)\n",
  "uploadtime": 1776012092,
  "views": 20,
  "formatid": "gen9championsvgc2026regma",
  "rating": 1151,
  "private": 0,
  "password": null
}