{
  "id": "gen9championsvgc2026regma-2582253251",
  "format": "[Gen 9 Champions] VGC 2026 Reg M-A",
  "players": [
    "animluna",
    "RijdendeRechter"
  ],
  "log": "|j|\u2606animluna\n|j|\u2606RijdendeRechter\n|t:|1776076463\n|gametype|doubles\n|player|p1|animluna|doctor|1282\n|player|p2|RijdendeRechter|roughneck-gen4|1384\n|gen|9\n|tier|[Gen 9 Champions] VGC 2026 Reg M-A\n|rated|\n|rule|Species Clause: Limit one of each Pok\u00e9mon\n|rule|Item Clause: Limit 1 of each item\n|clearpoke\n|poke|p1|Sneasler, L50, F|\n|poke|p1|Whimsicott, L50, M|\n|poke|p1|Gardevoir, L50, M|\n|poke|p1|Tyranitar, L50, M|\n|poke|p1|Rotom-Wash, L50|\n|poke|p1|Kingambit, L50, M|\n|poke|p2|Floette-Eternal, L50, F|\n|poke|p2|Basculegion, L50, M|\n|poke|p2|Sneasler, L50, F|\n|poke|p2|Incineroar, L50, F|\n|poke|p2|Aegislash, L50, F|\n|poke|p2|Kleavor, L50, M|\n|teampreview|4\n|\n|t:|1776076510\n|teamsize|p1|4\n|teamsize|p2|4\n|start\n|switch|p1a: Sneasler|Sneasler, L50, F|100/100\n|switch|p1b: Gardevoir|Gardevoir, L50, M, shiny|100/100\n|switch|p2a: Sneasler|Sneasler, L50, F|100/100\n|switch|p2b: Kleavor|Kleavor, L50, M|100/100\n|-ability|p1b: Gardevoir|Sharpness|Trace|[from] ability: Trace|[of] p2b: Kleavor\n|turn|1\n|\n|t:|1776076536\n|detailschange|p1b: Gardevoir|Gardevoir-Mega, L50, M, shiny\n|-mega|p1b: Gardevoir|Gardevoir|Gardevoirite\n|move|p1a: Sneasler|Fake Out|p2b: Kleavor\n|-resisted|p2b: Kleavor|1\n|-damage|p2b: Kleavor|92/100\n|move|p2a: Sneasler|Fake Out|p1b: Gardevoir\n|-damage|p1b: Gardevoir|83/100\n|cant|p2b: Kleavor|flinch\n|cant|p1b: Gardevoir|flinch\n|\n|upkeep\n|turn|2\n|\n|t:|1776076567\n|move|p1b: Gardevoir|Protect|p1b: Gardevoir\n|-singleturn|p1b: Gardevoir|Protect\n|move|p2a: Sneasler|Dire Claw|p1b: Gardevoir\n|-activate|p1b: Gardevoir|move: Protect\n|move|p1a: Sneasler|Dire Claw|p2b: Kleavor\n|-resisted|p2b: Kleavor|1\n|-damage|p2b: Kleavor|63/100\n|-status|p2b: Kleavor|psn|[from] ability: Poison Touch|[of] p1a: Sneasler\n|move|p2b: Kleavor|Tailwind|p2b: Kleavor\n|-sidestart|p2: RijdendeRechter|move: Tailwind\n|\n|-damage|p2b: Kleavor|51/100 psn|[from] psn\n|upkeep\n|turn|3\n|\n|t:|1776076608\n|move|p2a: Sneasler|Close Combat|p1b: Gardevoir\n|-resisted|p1b: Gardevoir|2\n|-damage|p1b: Gardevoir|65/100\n|-unboost|p2a: Sneasler|def|1\n|-unboost|p2a: Sneasler|spd|1\n|-enditem|p2a: Sneasler|White Herb\n|-clearnegativeboost|p2a: Sneasler|[silent]\n|move|p2b: Kleavor|X-Scissor|p1b: Gardevoir\n|-damage|p1b: Gardevoir|0 fnt\n|faint|p1b: Gardevoir\n|move|p1a: Sneasler|Dire Claw|p2a: Sneasler\n|-resisted|p2a: Sneasler|1\n|-damage|p2a: Sneasler|62/100\n|-immune|p2a: Sneasler\n|\n|-damage|p2b: Kleavor|38/100 psn|[from] psn\n|upkeep\n|\n|t:|1776076624\n|switch|p1b: Kingambit|Kingambit, L50, M|100/100\n|turn|4\n|\n|t:|1776076659\n|move|p1b: Kingambit|Sucker Punch|p2a: Sneasler\n|-resisted|p2a: Sneasler|1\n|-damage|p2a: Sneasler|31/100\n|move|p2a: Sneasler|Close Combat|p1b: Kingambit\n|-supereffective|p1b: Kingambit|2\n|-enditem|p1b: Kingambit|Chople Berry|[eat]\n|-enditem|p1b: Kingambit|Chople Berry|[weaken]\n|-damage|p1b: Kingambit|4/100\n|-unboost|p2a: Sneasler|def|1\n|-unboost|p2a: Sneasler|spd|1\n|move|p2b: Kleavor|Stone Axe|p1a: Sneasler\n|-resisted|p1a: Sneasler|1\n|-damage|p1a: Sneasler|55/100\n|-sidestart|p1: animluna|move: Stealth Rock\n|move|p1a: Sneasler|Close Combat|p2a: Sneasler\n|-resisted|p2a: Sneasler|1\n|-damage|p2a: Sneasler|0 fnt\n|-unboost|p1a: Sneasler|def|1\n|-unboost|p1a: Sneasler|spd|1\n|faint|p2a: Sneasler\n|\n|-damage|p2b: Kleavor|26/100 psn|[from] psn\n|upkeep\n|\n|t:|1776076673\n|switch|p2a: Basculegion|Basculegion, L50, M|100/100\n|turn|5\n|\n|t:|1776076688\n|switch|p1a: Tyranitar|Tyranitar, L50, M|100/100\n|-damage|p1a: Tyranitar|88/100|[from] Stealth Rock\n|-weather|Sandstorm|[from] ability: Sand Stream|[of] p1a: Tyranitar\n|move|p2a: Basculegion|Aqua Jet|p1b: Kingambit\n|-damage|p1b: Kingambit|0 fnt\n|faint|p1b: Kingambit\n|move|p2b: Kleavor|Stone Axe|p1a: Tyranitar\n|-damage|p1a: Tyranitar|44/100\n|\n|-weather|Sandstorm|[upkeep]\n|-damage|p2a: Basculegion|94/100|[from] Sandstorm\n|-damage|p2b: Kleavor|14/100 psn|[from] psn\n|-sideend|p2: RijdendeRechter|move: Tailwind\n|upkeep\n|\n|t:|1776076701\n|switch|p1b: Sneasler|Sneasler, L50, F|55/100\n|-damage|p1b: Sneasler|50/100|[from] Stealth Rock\n|turn|6\n|\n|t:|1776076714\n|switch|p2a: Floette|Floette-Eternal, L50, F|100/100\n|move|p2b: Kleavor|Protect|p2b: Kleavor\n|-singleturn|p2b: Kleavor|Protect\n|move|p1b: Sneasler|Fake Out|p2b: Kleavor\n|-activate|p2b: Kleavor|move: Protect\n|move|p1a: Tyranitar|Knock Off|p2a: Floette\n|-resisted|p2a: Floette|1\n|-damage|p2a: Floette|78/100\n|\n|-weather|Sandstorm|[upkeep]\n|-damage|p1b: Sneasler|44/100|[from] Sandstorm\n|-damage|p2a: Floette|72/100|[from] Sandstorm\n|-damage|p2b: Kleavor|1/100 psn|[from] psn\n|upkeep\n|turn|7\n|\n|t:|1776076748\n|detailschange|p2a: Floette|Floette-Mega, L50, F\n|-mega|p2a: Floette|Floette|Floettite\n|-ability|p2a: Floette|Fairy Aura\n|move|p1b: Sneasler|Dire Claw|p2a: Floette\n|-supereffective|p2a: Floette|1\n|-damage|p2a: Floette|0 fnt\n|faint|p2a: Floette\n|move|p2b: Kleavor|X-Scissor|p1a: Tyranitar\n|-supereffective|p1a: Tyranitar|1\n|-damage|p1a: Tyranitar|0 fnt\n|faint|p1a: Tyranitar\n|\n|-weather|Sandstorm|[upkeep]\n|-damage|p1b: Sneasler|38/100|[from] Sandstorm\n|-damage|p2b: Kleavor|0 fnt|[from] psn\n|faint|p2b: Kleavor\n|upkeep\n|\n|t:|1776076763\n|switch|p2b: Basculegion|Basculegion, L50, M|94/100\n|turn|8\n|\n|t:|1776076766\n|move|p2b: Basculegion|Wave Crash|p1b: Sneasler\n|-damage|p1b: Sneasler|0 fnt\n|faint|p1b: Sneasler\n|-damage|p2b: Basculegion|85/100|[from] Recoil\n|\n|win|RijdendeRechter\n|raw|animluna's rating: 1282 &rarr; <strong>1264</strong><br />(-18 for losing)\n|raw|RijdendeRechter's rating: 1384 &rarr; <strong>1398</strong><br />(+14 for winning)\n|l|\u2606animluna\n|player|p1|\n",
  "uploadtime": 1776076778,
  "views": 25,
  "formatid": "gen9championsvgc2026regma",
  "rating": 1264,
  "private": 0,
  "password": null
}