{
  "id": "gen9championsvgc2026regma-2584270662",
  "format": "[Gen 9 Champions] VGC 2026 Reg M-A",
  "players": [
    "Bio_Hazz",
    "theBESTjstn"
  ],
  "log": "|j|\u2606Bio_Hazz\n|j|\u2606theBESTjstn\n|t:|1776245528\n|gametype|doubles\n|player|p1|Bio_Hazz|lucas|1140\n|player|p2|theBESTjstn|giovanni|1100\n|gen|9\n|tier|[Gen 9 Champions] VGC 2026 Reg M-A\n|rated|\n|rule|Species Clause: Limit one of each Pok\u00e9mon\n|rule|Item Clause: Limit 1 of each item\n|clearpoke\n|poke|p1|Crabominable, L50, F|\n|poke|p1|Slowking, L50, F|\n|poke|p1|Incineroar, L50, M|\n|poke|p1|Camerupt, L50, M|\n|poke|p1|Sneasler, L50, M|\n|poke|p1|Hatterene, L50, F|\n|poke|p2|Charizard, L50, M|\n|poke|p2|Garchomp, L50, M|\n|poke|p2|Sneasler, L50, M|\n|poke|p2|Venusaur, L50, F|\n|poke|p2|Rotom-Wash, L50|\n|poke|p2|Incineroar, L50, F|\n|teampreview|4\n|inactive|Battle timer is ON: inactive players will automatically lose when time's up. (requested by theBESTjstn)\n|inactive|theBESTjstn has 60 seconds left.\n|\n|t:|1776245559\n|teamsize|p1|4\n|teamsize|p2|4\n|start\n|switch|p1a: Incineroar|Incineroar, L50, M|100/100\n|switch|p1b: Slowking|Slowking, L50, F|100/100\n|switch|p2a: Rotom|Rotom-Wash, L50|100/100\n|switch|p2b: Garchomp|Garchomp, L50, M|100/100\n|-ability|p1a: Incineroar|Intimidate|boost\n|-unboost|p2a: Rotom|atk|1\n|-unboost|p2b: Garchomp|atk|1\n|turn|1\n|\n|t:|1776245581\n|move|p1a: Incineroar|Fake Out|p2b: Garchomp\n|-damage|p2b: Garchomp|87/100\n|-damage|p1a: Incineroar|88/100|[from] ability: Rough Skin|[of] p2b: Garchomp\n|cant|p2b: Garchomp|flinch\n|move|p2a: Rotom|Will-O-Wisp|p1b: Slowking\n|-status|p1b: Slowking|brn\n|move|p1b: Slowking|Trick Room|p1b: Slowking\n|-fieldstart|move: Trick Room|[of] p1b: Slowking\n|\n|-damage|p1b: Slowking|95/100 brn|[from] brn\n|upkeep\n|turn|2\n|\n|t:|1776245601\n|move|p1b: Slowking|Psychic|p2a: Rotom\n|-damage|p2a: Rotom|67/100\n|move|p1a: Incineroar|Darkest Lariat|p2a: Rotom\n|-damage|p2a: Rotom|23/100\n|move|p2a: Rotom|Hydro Pump|p1a: Incineroar\n|-supereffective|p1a: Incineroar|1\n|-damage|p1a: Incineroar|14/100\n|move|p2b: Garchomp|Earthquake|p1b: Slowking|[spread] p1a,p1b\n|-immune|p2a: Rotom|[from] ability: Levitate\n|-supereffective|p1a: Incineroar|1\n|-damage|p1a: Incineroar|0 fnt\n|-damage|p1b: Slowking|72/100 brn\n|faint|p1a: Incineroar\n|\n|-heal|p2a: Rotom|29/100|[from] item: Leftovers\n|-damage|p1b: Slowking|66/100 brn|[from] brn\n|upkeep\n|\n|t:|1776245608\n|switch|p1a: Hatterene|Hatterene, L50, F|100/100\n|turn|3\n|\n|t:|1776245626\n|move|p2a: Rotom|Protect|p2a: Rotom\n|-singleturn|p2a: Rotom|Protect\n|move|p1a: Hatterene|Dazzling Gleam|p2a: Rotom|[spread] p2b\n|-activate|p2a: Rotom|move: Protect\n|-supereffective|p2b: Garchomp|1\n|-damage|p2b: Garchomp|0 fnt\n|faint|p2b: Garchomp\n|-prepare|p1b: Slowking|Chilly Reception|[premajor]\n|move|p1b: Slowking|Chilly Reception|p1b: Slowking\n|-weather|Snowscape\n|\n|t:|1776245631\n|switch|p1b: Crabominable|Crabominable, L50, F|100/100|[from] Chilly Reception\n|\n|-weather|Snowscape|[upkeep]\n|-heal|p2a: Rotom|34/100|[from] item: Leftovers\n|upkeep\n|\n|t:|1776245642\n|switch|p2b: Incineroar|Incineroar, L50, F|100/100\n|-ability|p2b: Incineroar|Intimidate|boost\n|-unboost|p1a: Hatterene|atk|1\n|-fail|p1b: Crabominable|unboost|Attack|[from] ability: Hyper Cutter|[of] p1b: Crabominable\n|turn|4\n|\n|t:|1776245660\n|detailschange|p1b: Crabominable|Crabominable-Mega, L50, F\n|-mega|p1b: Crabominable|Crabominable|Crabominite\n|move|p2b: Incineroar|Fake Out|p1a: Hatterene\n|-damage|p1a: Hatterene|84/100\n|move|p1b: Crabominable|Close Combat|p2b: Incineroar\n|-supereffective|p2b: Incineroar|1\n|-damage|p2b: Incineroar|0 fnt\n|-unboost|p1b: Crabominable|def|1\n|-unboost|p1b: Crabominable|spd|1\n|faint|p2b: Incineroar\n|cant|p1a: Hatterene|flinch\n|move|p2a: Rotom|Thunderbolt|p1b: Crabominable\n|-damage|p1b: Crabominable|61/100\n|\n|-weather|Snowscape|[upkeep]\n|-heal|p2a: Rotom|40/100|[from] item: Leftovers\n|upkeep\n|\n|t:|1776245677\n|switch|p2b: Charizard|Charizard, L50, M|100/100\n|turn|5\n|\n|t:|1776245682\n|move|p2a: Rotom|Protect|p2a: Rotom\n|-singleturn|p2a: Rotom|Protect\n|move|p2b: Charizard|Protect|p2b: Charizard\n|-singleturn|p2b: Charizard|Protect\n|move|p1b: Crabominable|Thunder Punch|p2b: Charizard\n|-activate|p2b: Charizard|move: Protect\n|move|p1a: Hatterene|Psychic|p2a: Rotom\n|-activate|p2a: Rotom|move: Protect\n|\n|-weather|Snowscape|[upkeep]\n|-heal|p2a: Rotom|46/100|[from] item: Leftovers\n|-fieldend|move: Trick Room\n|upkeep\n|turn|6\n|\n|t:|1776245700\n|switch|p1b: Slowking|Slowking, L50, F|66/100 brn\n|detailschange|p2b: Charizard|Charizard-Mega-Y, L50, M\n|-mega|p2b: Charizard|Charizard|Charizardite Y\n|-weather|SunnyDay|[from] ability: Drought|[of] p2b: Charizard\n|move|p2b: Charizard|Heat Wave|p1b: Slowking|[spread] p1a,p1b\n|-resisted|p1b: Slowking|1\n|-damage|p1a: Hatterene|15/100\n|-damage|p1b: Slowking|41/100 brn\n|move|p2a: Rotom|Thunderbolt|p1a: Hatterene\n|-damage|p1a: Hatterene|0 fnt\n|faint|p1a: Hatterene\n|\n|-weather|SunnyDay|[upkeep]\n|-heal|p2a: Rotom|51/100|[from] item: Leftovers\n|-damage|p1b: Slowking|35/100 brn|[from] brn\n|upkeep\n|\n|t:|1776245715\n|switch|p1a: Crabominable|Crabominable-Mega, L50, F|61/100\n|turn|7\n|\n|t:|1776245724\n|move|p1a: Crabominable|Protect|p1a: Crabominable\n|-singleturn|p1a: Crabominable|Protect\n|move|p2b: Charizard|Heat Wave|p1a: Crabominable|[spread] \n|-activate|p1a: Crabominable|move: Protect\n|-miss|p2b: Charizard|p1b: Slowking\n|move|p2a: Rotom|Thunderbolt|p1b: Slowking\n|-supereffective|p1b: Slowking|1\n|-damage|p1b: Slowking|0 fnt\n|faint|p1b: Slowking\n|\n|-weather|SunnyDay|[upkeep]\n|-heal|p2a: Rotom|57/100|[from] item: Leftovers\n|upkeep\n|turn|8\n|\n|t:|1776245740\n|move|p2b: Charizard|Heat Wave|p1a: Crabominable\n|-supereffective|p1a: Crabominable|1\n|-damage|p1a: Crabominable|0 fnt\n|faint|p1a: Crabominable\n|\n|win|theBESTjstn\n|raw|Bio_Hazz's rating: 1140 &rarr; <strong>1112</strong><br />(-28 for losing)\n|raw|theBESTjstn's rating: 1100 &rarr; <strong>1128</strong><br />(+28 for winning)\n",
  "uploadtime": 1776245745,
  "views": 23,
  "formatid": "gen9championsvgc2026regma",
  "rating": 1112,
  "private": 0,
  "password": null
}