{
  "id": "gen9championsvgc2026regma-2582898323",
  "format": "[Gen 9 Champions] VGC 2026 Reg M-A",
  "players": [
    "i_love_danny_green",
    "2mcdoubles"
  ],
  "log": "|j|\u2606i_love_danny_green\n|j|\u26062mcdoubles\n|t:|1776123126\n|gametype|doubles\n|player|p1|i_love_danny_green|emmet|1072\n|player|p2|2mcdoubles|265|1166\n|gen|9\n|tier|[Gen 9 Champions] VGC 2026 Reg M-A\n|rated|\n|rule|Species Clause: Limit one of each Pok\u00e9mon\n|rule|Item Clause: Limit 1 of each item\n|clearpoke\n|poke|p1|Meganium, L50, F|\n|poke|p1|Basculegion, L50, M|\n|poke|p1|Pelipper, L50, F|\n|poke|p1|Garchomp, L50, F|\n|poke|p1|Incineroar, L50, M|\n|poke|p1|Sneasler, L50, F|\n|poke|p2|Meganium, L50, M|\n|poke|p2|Dragonite, L50, M|\n|poke|p2|Archaludon, L50, M|\n|poke|p2|Pelipper, L50, M|\n|poke|p2|Basculegion, L50, M|\n|poke|p2|Sneasler, L50, M|\n|teampreview|4\n2mcdoubles has agreed to open team sheets.\ni_love_danny_green has agreed to open team sheets.\n|showteam|p1|Meganium||Meganiumite|LeafGuard|SolarBeam,Synthesis,WeatherBall,Protect|||F|||50|]Basculegion||ChoiceScarf|Adaptability|LastRespects,FlipTurn,WaveCrash,HeadSmash|||M|||50|]Pelipper||FocusSash|Drizzle|Hurricane,WeatherBall,Protect,Tailwind|||F|||50|]Garchomp||Leftovers|RoughSkin|RockSlide,StompingTantrum,SwordsDance,Protect|||F|||50|]Incineroar||SitrusBerry|Intimidate|FlareBlitz,FakeOut,ThroatChop,PartingShot|||M|||50|]Sneasler||WhiteHerb|Unburden|FakeOut,Protect,DireClaw,CloseCombat|||F|||50|\n|showteam|p2|Meganium||Meganiumite|LeafGuard|SolarBeam,WeatherBall,DazzlingGleam,Protect|||M|||50|]Dragonite||Dragoninite|Multiscale|DracoMeteor,Tailwind,Hurricane,Protect|||M|||50|]Archaludon||Leftovers|Sturdy|ElectroShot,DragonPulse,FlashCannon,Protect|||M|||50|]Pelipper||FocusSash|Drizzle|WeatherBall,Hurricane,Tailwind,Protect|||M|||50|]Basculegion||ChoiceScarf|Adaptability|WaveCrash,LastRespects,FlipTurn,AquaJet|||M|||50|]Sneasler||WhiteHerb|Unburden|FakeOut,DireClaw,Protect,CloseCombat|||M|||50|\n|\n|t:|1776123170\n|teamsize|p1|4\n|teamsize|p2|4\n|start\n|switch|p1a: Incineroar|Incineroar, L50, M|100/100\n|switch|p1b: Meganium|Meganium, L50, F|100/100\n|switch|p2a: Sneasler|Sneasler, L50, M|100/100\n|switch|p2b: Pelipper|Pelipper, L50, M|100/100\n|-weather|RainDance|[from] ability: Drizzle|[of] p2b: Pelipper\n|-ability|p1a: Incineroar|Intimidate|boost\n|-unboost|p2a: Sneasler|atk|1\n|-unboost|p2b: Pelipper|atk|1\n|-enditem|p2a: Sneasler|White Herb\n|-clearnegativeboost|p2a: Sneasler|[silent]\n|turn|1\n|inactive|Battle timer is ON: inactive players will automatically lose when time's up. (requested by 2mcdoubles)\n|\n|t:|1776123210\n|switch|p1b: Sneasler|Sneasler, L50, F|100/100\n|switch|p1a: Basculegion|Basculegion, L50, M|100/100\n|move|p2a: Sneasler|Fake Out|p1a: Basculegion\n|-immune|p1a: Basculegion\n|move|p2b: Pelipper|Hurricane|p1b: Sneasler\n|-supereffective|p1b: Sneasler|1\n|-damage|p1b: Sneasler|9/100\n|\n|-weather|RainDance|[upkeep]\n|upkeep\n|turn|2\n|\n|t:|1776123232\n|move|p2a: Sneasler|Protect|p2a: Sneasler\n|-singleturn|p2a: Sneasler|Protect\n|move|p1b: Sneasler|Protect|p1b: Sneasler\n|-singleturn|p1b: Sneasler|Protect\n|move|p1a: Basculegion|Wave Crash|p2a: Sneasler\n|-activate|p2a: Sneasler|move: Protect\n|move|p2b: Pelipper|Weather Ball|p1b: Sneasler\n|-activate|p1b: Sneasler|move: Protect\n|\n|-weather|RainDance|[upkeep]\n|upkeep\n|turn|3\n|\n|t:|1776123255\n|switch|p2a: Archaludon|Archaludon, L50, M|100/100\n|move|p1a: Basculegion|Wave Crash|p2a: Archaludon\n|-resisted|p2a: Archaludon|1\n|-damage|p2a: Archaludon|54/100\n|-damage|p1a: Basculegion|87/100|[from] Recoil\n|move|p1b: Sneasler|Dire Claw|p2b: Pelipper\n|-damage|p2b: Pelipper|59/100\n|-status|p2b: Pelipper|par\n|cant|p2b: Pelipper|par\n|\n|-weather|RainDance|[upkeep]\n|-heal|p2a: Archaludon|59/100|[from] item: Leftovers\n|upkeep\n|turn|4\n|\n|t:|1776123272\n|move|p2a: Archaludon|Protect|p2a: Archaludon\n|-singleturn|p2a: Archaludon|Protect\n|move|p1a: Basculegion|Wave Crash|p2b: Pelipper\n|-resisted|p2b: Pelipper|1\n|-damage|p2b: Pelipper|11/100 par\n|-damage|p1a: Basculegion|74/100|[from] Recoil\n|move|p1b: Sneasler|Close Combat|p2a: Archaludon\n|-activate|p2a: Archaludon|move: Protect\n|move|p2b: Pelipper|Weather Ball|p1b: Sneasler\n|-damage|p1b: Sneasler|0 fnt\n|faint|p1b: Sneasler\n|\n|-weather|RainDance|[upkeep]\n|-heal|p2a: Archaludon|65/100|[from] item: Leftovers\n|upkeep\n|\n|t:|1776123292\n|switch|p1b: Meganium|Meganium, L50, F|100/100\n|turn|5\n|\n|t:|1776123302\n|switch|p2b: Sneasler|Sneasler, L50, M|100/100\n|detailschange|p1b: Meganium|Meganium-Mega, L50, F\n|-mega|p1b: Meganium|Meganium|Meganiumite\n|move|p1a: Basculegion|Wave Crash|p2b: Sneasler\n|-damage|p2b: Sneasler|0 fnt\n|faint|p2b: Sneasler\n|-damage|p1a: Basculegion|47/100|[from] Recoil\n|move|p2a: Archaludon|Electro Shot||[still]\n|-prepare|p2a: Archaludon|Electro Shot\n|-boost|p2a: Archaludon|spa|1\n|-anim|p2a: Archaludon|Electro Shot|p1a: Basculegion\n|-supereffective|p1a: Basculegion|1\n|-damage|p1a: Basculegion|0 fnt\n|faint|p1a: Basculegion\n|move|p1b: Meganium|Weather Ball|p2a: Archaludon\n|-damage|p2a: Archaludon|0 fnt\n|faint|p2a: Archaludon\n|\n|-weather|none\n|upkeep\n|\n|t:|1776123319\n|switch|p2b: Dragonite|Dragonite, L50, M, shiny|100/100\n|switch|p1a: Incineroar|Incineroar, L50, M|100/100\n|switch|p2a: Pelipper|Pelipper, L50, M|11/100 par\n|-ability|p1a: Incineroar|Intimidate|boost\n|-unboost|p2a: Pelipper|atk|1\n|-unboost|p2b: Dragonite|atk|1\n|-weather|RainDance|[from] ability: Drizzle|[of] p2a: Pelipper\n|turn|6\n|\n|t:|1776123340\n|detailschange|p2b: Dragonite|Dragonite-Mega, L50, M, shiny\n|-mega|p2b: Dragonite|Dragonite|Dragoninite\n|move|p2b: Dragonite|Protect|p2b: Dragonite\n|-singleturn|p2b: Dragonite|Protect\n|move|p1a: Incineroar|Fake Out|p2b: Dragonite\n|-activate|p2b: Dragonite|move: Protect\n|move|p1b: Meganium|Solar Beam||[still]\n|-prepare|p1b: Meganium|Solar Beam\n|-activate|p1b: Meganium|ability: Mega Sol\n|-anim|p1b: Meganium|Solar Beam|p2a: Pelipper\n|-damage|p2a: Pelipper|0 fnt\n|faint|p2a: Pelipper\n|\n|-weather|RainDance|[upkeep]\n|upkeep\n|turn|7\n|inactive|i_love_danny_green has 30 seconds left.\n|\n|t:|1776123367\n|move|p2b: Dragonite|Hurricane|p1b: Meganium\n|-supereffective|p1b: Meganium|1\n|-damage|p1b: Meganium|0 fnt\n|faint|p1b: Meganium\n|move|p1a: Incineroar|Throat Chop|p2b: Dragonite\n|-damage|p2b: Dragonite|81/100\n|-start|p2b: Dragonite|Throat Chop|[silent]\n|\n|-weather|RainDance|[upkeep]\n|upkeep\n|turn|8\n|\n|t:|1776123380\n|move|p2b: Dragonite|Hurricane|p1a: Incineroar\n|-damage|p1a: Incineroar|35/100\n|-enditem|p1a: Incineroar|Sitrus Berry|[eat]\n|-heal|p1a: Incineroar|59/100|[from] item: Sitrus Berry\n|move|p1a: Incineroar|Throat Chop|p2b: Dragonite\n|-damage|p2b: Dragonite|44/100\n|\n|-weather|RainDance|[upkeep]\n|-end|p2b: Dragonite|Throat Chop|[silent]\n|upkeep\n|turn|9\n|\n|t:|1776123389\n|move|p2b: Dragonite|Draco Meteor|p1a: Incineroar\n|-damage|p1a: Incineroar|0 fnt\n|-unboost|p2b: Dragonite|spa|2\n|faint|p1a: Incineroar\n|\n|win|2mcdoubles\n|raw|i_love_danny_green's rating: 1072 &rarr; <strong>1057</strong><br />(-15 for losing)\n|raw|2mcdoubles's rating: 1166 &rarr; <strong>1184</strong><br />(+18 for winning)\n|l|\u2606i_love_danny_green\n|player|p1|\n",
  "uploadtime": 1776123484,
  "views": 21,
  "formatid": "gen9championsvgc2026regma",
  "rating": 1057,
  "private": 0,
  "password": null
}