{
  "id": "gen9championsvgc2026regma-2584559931",
  "format": "[Gen 9 Champions] VGC 2026 Reg M-A",
  "players": [
    "davidauscc",
    "sirae"
  ],
  "log": "|j|\u2606davidauscc\n|j|\u2606sirae\n|t:|1776268766\n|gametype|doubles\n|player|p1|davidauscc|169|1151\n|player|p2|sirae|caitlin|1207\n|gen|9\n|tier|[Gen 9 Champions] VGC 2026 Reg M-A\n|rated|\n|rule|Species Clause: Limit one of each Pok\u00e9mon\n|rule|Item Clause: Limit 1 of each item\n|clearpoke\n|poke|p1|Archaludon, L50, M|\n|poke|p1|Pelipper, L50, M|\n|poke|p1|Manectric, L50, M|\n|poke|p1|Volcarona, L50, M|\n|poke|p1|Basculegion, L50, M|\n|poke|p1|Lucario, L50, F|\n|poke|p2|Incineroar, L50, M|\n|poke|p2|Gengar, L50, F|\n|poke|p2|Archaludon, L50, F|\n|poke|p2|Meganium, L50, F|\n|poke|p2|Farigiraf, L50, F|\n|poke|p2|Pelipper, L50, F|\n|teampreview|4\n|inactive|Battle timer is ON: inactive players will automatically lose when time's up. (requested by sirae)\ndavidauscc rejected open team sheets.\n|inactive|sirae has 60 seconds left.\n|\n|t:|1776268800\n|teamsize|p1|4\n|teamsize|p2|4\n|start\n|switch|p1a: Basculegion|Basculegion, L50, M|100/100\n|switch|p1b: Pelipper|Pelipper, L50, M|100/100\n|switch|p2a: Incineroar|Incineroar, L50, M|100/100\n|switch|p2b: Gengar|Gengar, L50, F|100/100\n|-ability|p2a: Incineroar|Intimidate|boost\n|-unboost|p1a: Basculegion|atk|1\n|-unboost|p1b: Pelipper|atk|1\n|-weather|RainDance|[from] ability: Drizzle|[of] p1b: Pelipper\n|turn|1\n|\n|t:|1776268817\n|switch|p1b: Archaludon|Archaludon, L50, M|100/100\n|detailschange|p2b: Gengar|Gengar-Mega, L50, F\n|-mega|p2b: Gengar|Gengar|Gengarite\n|move|p2b: Gengar|Protect|p2b: Gengar\n|-singleturn|p2b: Gengar|Protect\n|move|p1a: Basculegion|Wave Crash|p2b: Gengar\n|-activate|p2b: Gengar|move: Protect\n|move|p2a: Incineroar|Darkest Lariat|p1a: Basculegion\n|-supereffective|p1a: Basculegion|1\n|-damage|p1a: Basculegion|0 fnt\n|faint|p1a: Basculegion\n|\n|-weather|RainDance|[upkeep]\n|upkeep\n|\n|t:|1776268830\n|switch|p1a: Lucario|Lucario, L50, F|100/100\n|turn|2\n|\n|t:|1776268849\n|switch|p2a: Farigiraf|Farigiraf, L50, F|100/100\n|detailschange|p1a: Lucario|Lucario-Mega, L50, F\n|-mega|p1a: Lucario|Lucario|Lucarionite\n|move|p2b: Gengar|Perish Song|p2b: Gengar\n|-start|p1a: Lucario|perish3|[silent]\n|-start|p1b: Archaludon|perish3|[silent]\n|-start|p2a: Farigiraf|perish3|[silent]\n|-start|p2b: Gengar|perish3|[silent]\n|-fieldactivate|move: Perish Song\n|move|p1a: Lucario|Nasty Plot|p1a: Lucario\n|-boost|p1a: Lucario|spa|2\n|move|p1b: Archaludon|Electro Shot||[still]\n|-prepare|p1b: Archaludon|Electro Shot\n|-boost|p1b: Archaludon|spa|1\n|-anim|p1b: Archaludon|Electro Shot|p2b: Gengar\n|-damage|p2b: Gengar|26/100\n|\n|-weather|RainDance|[upkeep]\n|-start|p2b: Gengar|perish3\n|-start|p1a: Lucario|perish3\n|-start|p1b: Archaludon|perish3\n|-start|p2a: Farigiraf|perish3\n|upkeep\n|turn|3\n|\n|t:|1776268873\n|switch|p2b: Incineroar|Incineroar, L50, M|100/100\n|-ability|p2b: Incineroar|Intimidate|boost\n|-unboost|p1a: Lucario|atk|1\n|-unboost|p1b: Archaludon|atk|1\n|move|p1a: Lucario|Flash Cannon|p2a: Farigiraf\n|-damage|p2a: Farigiraf|0 fnt\n|faint|p2a: Farigiraf\n|move|p1b: Archaludon|Electro Shot||[still]\n|-prepare|p1b: Archaludon|Electro Shot\n|-boost|p1b: Archaludon|spa|1\n|-anim|p1b: Archaludon|Electro Shot|p2b: Incineroar\n|-damage|p2b: Incineroar|10/100\n|\n|-weather|RainDance|[upkeep]\n|-start|p1a: Lucario|perish2\n|-start|p1b: Archaludon|perish2\n|upkeep\n|\n|t:|1776268881\n|switch|p2a: Gengar|Gengar-Mega, L50, F|26/100\n|turn|4\n|\n|t:|1776268898\n|move|p2a: Gengar|Protect|p2a: Gengar\n|-singleturn|p2a: Gengar|Protect\n|move|p2b: Incineroar|Fake Out|p1a: Lucario\n|-resisted|p1a: Lucario|1\n|-damage|p1a: Lucario|92/100\n|cant|p1a: Lucario|flinch\n|move|p1b: Archaludon|Electro Shot||[still]\n|-prepare|p1b: Archaludon|Electro Shot\n|-boost|p1b: Archaludon|spa|1\n|-anim|p1b: Archaludon|Electro Shot|p2a: Gengar\n|-activate|p2a: Gengar|move: Protect\n|\n|-weather|RainDance|[upkeep]\n|-start|p1a: Lucario|perish1\n|-start|p1b: Archaludon|perish1\n|upkeep\n|turn|5\n|\n|t:|1776268920\n|switch|p2a: Archaludon|Archaludon, L50, F|100/100\n|move|p1a: Lucario|Aura Sphere|p2b: Incineroar\n|-supereffective|p2b: Incineroar|1\n|-damage|p2b: Incineroar|0 fnt\n|faint|p2b: Incineroar\n|move|p1b: Archaludon|Electro Shot||[still]\n|-prepare|p1b: Archaludon|Electro Shot\n|-boost|p1b: Archaludon|spa|1\n|-anim|p1b: Archaludon|Electro Shot|p2a: Archaludon\n|-resisted|p2a: Archaludon|1\n|-damage|p2a: Archaludon|40/100\n|-ability|p2a: Archaludon|Stamina|boost\n|-boost|p2a: Archaludon|def|1\n|\n|-weather|none\n|-start|p1a: Lucario|perish0\n|-start|p1b: Archaludon|perish0\n|upkeep\n|faint|p1a: Lucario\n|faint|p1b: Archaludon\n|\n|t:|1776268937\n|switch|p1b: Pelipper|Pelipper, L50, M|100/100\n|switch|p2b: Gengar|Gengar-Mega, L50, F|26/100\n|-weather|RainDance|[from] ability: Drizzle|[of] p1b: Pelipper\n|turn|6\n|\n|t:|1776268944\n|move|p2b: Gengar|Shadow Ball|p1b: Pelipper\n|-damage|p1b: Pelipper|46/100\n|-unboost|p1b: Pelipper|spd|1\n|move|p2a: Archaludon|Electro Shot||[still]\n|-prepare|p2a: Archaludon|Electro Shot\n|-boost|p2a: Archaludon|spa|1\n|-anim|p2a: Archaludon|Electro Shot|p1b: Pelipper\n|-supereffective|p1b: Pelipper|2\n|-damage|p1b: Pelipper|0 fnt\n|faint|p1b: Pelipper\n|\n|win|sirae\n|raw|davidauscc's rating: 1151 &rarr; <strong>1130</strong><br />(-21 for losing)\n|raw|sirae's rating: 1207 &rarr; <strong>1228</strong><br />(+21 for winning)\n|l|\u2606davidauscc\n|player|p1|\n",
  "uploadtime": 1776268958,
  "views": 24,
  "formatid": "gen9championsvgc2026regma",
  "rating": 1130,
  "private": 0,
  "password": null
}