{
  "id": "gen9championsvgc2026regma-2580536029",
  "format": "[Gen 9 Champions] VGC 2026 Reg M-A",
  "players": [
    "fr49",
    "Maggio05"
  ],
  "log": "|j|\u2606fr49\n|j|\u2606Maggio05\n|t:|1775910102\n|gametype|doubles\n|player|p1|fr49|1|1041\n|player|p2|Maggio05|169|1023\n|gen|9\n|tier|[Gen 9 Champions] VGC 2026 Reg M-A\n|rated|\n|rule|Species Clause: Limit one of each Pok\u00e9mon\n|rule|Item Clause: Limit 1 of each item\n|clearpoke\n|poke|p1|Aggron, L50, F|\n|poke|p1|Incineroar, L50, M|\n|poke|p1|Sinistcha, L50|\n|poke|p1|Tyranitar, L50, F|\n|poke|p1|Rotom-Wash, L50|\n|poke|p1|Sneasler, L50, M|\n|poke|p2|Tyranitar, L50, F|\n|poke|p2|Excadrill, L50, F|\n|poke|p2|Primarina, L50, F|\n|poke|p2|Maushold, L50|\n|poke|p2|Incineroar, L50, F|\n|poke|p2|Dragapult, L50, F|\n|teampreview|4\n|inactive|Battle timer is ON: inactive players will automatically lose when time's up. (requested by fr49)\n|inactive|fr49 has 60 seconds left.\n|inactive|Maggio05 has 60 seconds left.\n|\n|t:|1775910163\n|teamsize|p1|4\n|teamsize|p2|4\n|start\n|switch|p1a: Tamayo|Sneasler, L50, M, shiny|100/100\n|switch|p1b: Diar|Aggron, L50, F, shiny|100/100\n|switch|p2a: Incineroar|Incineroar, L50, F|100/100\n|switch|p2b: Primarina|Primarina, L50, F|100/100\n|-ability|p2a: Incineroar|Intimidate|boost\n|-unboost|p1a: Tamayo|atk|1\n|-unboost|p1b: Diar|atk|1\n|turn|1\n|inactive|fr49 has 30 seconds left.\n|inactive|Maggio05 has 30 seconds left.\n|inactive|Maggio05 has 20 seconds left.\n|\n|t:|1775910202\n|detailschange|p1b: Diar|Aggron-Mega, L50, F, shiny\n|-mega|p1b: Diar|Aggron|Aggronite\n|move|p2b: Primarina|Protect|p2b: Primarina\n|-singleturn|p2b: Primarina|Protect\n|move|p1a: Tamayo|Fake Out|p2b: Primarina\n|-activate|p2b: Primarina|move: Protect\n|move|p2a: Incineroar|Fake Out|p1b: Diar\n|-resisted|p1b: Diar|1\n|-damage|p1b: Diar|98/100\n|cant|p1b: Diar|flinch\n|\n|upkeep\n|turn|2\n|inactive|fr49 has 30 seconds left.\n|inactive|Maggio05 has 30 seconds left.\n|inactive|Maggio05 has 20 seconds left.\n|inactive|Maggio05 has 15 seconds left.\n|inactive|Maggio05 has 10 seconds left.\n|inactive|Maggio05 has 5 seconds left.\n|\n|t:|1775910258\n|switch|p2b: Excadrill|Excadrill, L50, F|100/100\n|move|p1a: Tamayo|Dire Claw|p2b: Excadrill\n|-immune|p2b: Excadrill\n|move|p2a: Incineroar|Parting Shot|p1a: Tamayo\n|-unboost|p1a: Tamayo|atk|1\n|-unboost|p1a: Tamayo|spa|1\n|\n|t:|1775910266\n|switch|p2a: Primarina|Primarina, L50, F|100/100|[from] Parting Shot\n|move|p1b: Diar|Heavy Slam|p2b: Excadrill\n|-resisted|p2b: Excadrill|1\n|-damage|p2b: Excadrill|80/100\n|\n|upkeep\n|turn|3\n|\n|t:|1775910285\n|switch|p1a: TehMatcha|Sinistcha, L50, shiny|100/100\n|-heal|p1b: Diar|100/100|[from] ability: Hospitality|[of] p1a: TehMatcha\n|switch|p2b: Dragapult|Dragapult, L50, F|100/100\n|move|p2a: Primarina|Hyper Voice|p1b: Diar|[spread] p1a,p1b\n|-resisted|p1a: TehMatcha|1\n|-damage|p1a: TehMatcha|86/100\n|-damage|p1b: Diar|71/100\n|move|p1b: Diar|Body Press|p2b: Dragapult\n|-immune|p2b: Dragapult\n|\n|upkeep\n|turn|4\n|inactive|fr49 has 30 seconds left.\n|\n|t:|1775910311\n|move|p2b: Dragapult|Phantom Force||[still]\n|-prepare|p2b: Dragapult|Phantom Force\n|move|p2a: Primarina|Hyper Voice|p1b: Diar|[spread] p1a,p1b\n|-resisted|p1a: TehMatcha|1\n|-damage|p1a: TehMatcha|72/100\n|-damage|p1b: Diar|46/100\n|move|p1a: TehMatcha|Matcha Gotcha|p2b: Dragapult|[spread] p2a\n|-miss|p1a: TehMatcha|p2b: Dragapult\n|-supereffective|p2a: Primarina|1\n|-damage|p2a: Primarina|57/100\n|-heal|p1a: TehMatcha|93/100|[from] drain|[of] p2a: Primarina\n|move|p1b: Diar|Heavy Slam|p2a: Primarina\n|-damage|p2a: Primarina|22/100\n|\n|-heal|p2a: Primarina|28/100|[from] item: Leftovers\n|upkeep\n|turn|5\n|\n|t:|1775910334\n|switch|p1a: Khabib|Incineroar, L50, M, shiny|100/100\n|-ability|p1a: Khabib|Intimidate|boost\n|-unboost|p2a: Primarina|atk|1\n|-fail|p2b: Dragapult|unboost|[from] ability: Clear Body|[of] p2b: Dragapult\n|move|p2b: Dragapult|Phantom Force|p1a: Khabib|[from] lockedmove\n|-resisted|p1a: Khabib|1\n|-damage|p1a: Khabib|81/100\n|move|p2a: Primarina|Hyper Voice|p1a: Khabib|[spread] p1a,p1b\n|-supereffective|p1a: Khabib|1\n|-damage|p1a: Khabib|31/100\n|-damage|p1b: Diar|20/100\n|move|p1b: Diar|Heavy Slam|p2a: Primarina\n|-damage|p2a: Primarina|0 fnt\n|faint|p2a: Primarina\n|\n|upkeep\n|\n|t:|1775910350\n|switch|p2a: Incineroar|Incineroar, L50, F|100/100\n|-ability|p2a: Incineroar|Intimidate|boost\n|-unboost|p1a: Khabib|atk|1\n|-unboost|p1b: Diar|atk|1\n|turn|6\n|inactive|Maggio05 has 30 seconds left.\n|inactive|Maggio05 has 20 seconds left.\n|\n|t:|1775910387\n|switch|p2b: Excadrill|Excadrill, L50, F|80/100\n|switch|p1a: TehMatcha|Sinistcha, L50, shiny|93/100\n|-heal|p1b: Diar|45/100|[from] ability: Hospitality|[of] p1a: TehMatcha\n|move|p1b: Diar|Protect|p1b: Diar\n|-singleturn|p1b: Diar|Protect\n|move|p2a: Incineroar|Flare Blitz|p1b: Diar\n|-activate|p1b: Diar|move: Protect\n|\n|upkeep\n|turn|7\n|inactive|fr49 has 30 seconds left.\n|inactive|Maggio05 has 30 seconds left.\n|\n|t:|1775910418\n|switch|p1b: Khabib|Incineroar, L50, M, shiny|31/100\n|-ability|p1b: Khabib|Intimidate|boost\n|-unboost|p2a: Incineroar|atk|1\n|-unboost|p2b: Excadrill|atk|1\n|move|p2b: Excadrill|Iron Head|p1a: TehMatcha\n|-damage|p1a: TehMatcha|68/100\n|move|p2a: Incineroar|Parting Shot|p1b: Khabib\n|-unboost|p1b: Khabib|atk|1\n|-unboost|p1b: Khabib|spa|1\n|\n|t:|1775910426\n|switch|p2a: Dragapult|Dragapult, L50, F|100/100|[from] Parting Shot\n|move|p1a: TehMatcha|Matcha Gotcha|p2b: Excadrill|[spread] p2a\n|-miss|p1a: TehMatcha|p2b: Excadrill\n|-resisted|p2a: Dragapult|1\n|-damage|p2a: Dragapult|85/100\n|-heal|p1a: TehMatcha|76/100|[from] drain|[of] p2a: Dragapult\n|\n|upkeep\n|turn|8\n|inactive|Maggio05 has 30 seconds left.\n|inactive|Maggio05 has 20 seconds left.\n|inactive|Maggio05 has 15 seconds left.\n|inactive|fr49 has 30 seconds left.\n|inactive|Maggio05 has 10 seconds left.\n|inactive|Maggio05 has 5 seconds left.\n|\n|t:|1775910478\n|move|p1b: Khabib|Fake Out|p2b: Excadrill\n|-resisted|p2b: Excadrill|1\n|-damage|p2b: Excadrill|77/100\n|move|p2a: Dragapult|Dragon Darts|p1a: TehMatcha\n|-damage|p1a: TehMatcha|52/100\n|-anim|p2a: Dragapult|Dragon Darts|p1b: Khabib\n|-damage|p1b: Khabib|8/100\n|cant|p2b: Excadrill|flinch\n|move|p1a: TehMatcha|Trick Room|p1a: TehMatcha\n|-fieldstart|move: Trick Room|[of] p1a: TehMatcha\n|\n|upkeep\n|turn|9\n|inactive|fr49 has 30 seconds left.\n|inactive|Maggio05 has 30 seconds left.\n|inactive|fr49 has 20 seconds left.\n|inactive|fr49 has 15 seconds left.\n|\n|t:|1775910519\n|move|p1b: Khabib|Darkest Lariat|p2a: Dragapult\n|-supereffective|p2a: Dragapult|1\n|-damage|p2a: Dragapult|19/100\n|move|p1a: TehMatcha|Matcha Gotcha|p2a: Dragapult|[spread] p2a,p2b\n|-resisted|p2a: Dragapult|1\n|-damage|p2a: Dragapult|3/100\n|-heal|p1a: TehMatcha|60/100|[from] drain|[of] p2a: Dragapult\n|-damage|p2b: Excadrill|42/100\n|-heal|p1a: TehMatcha|78/100|[from] drain|[of] p2b: Excadrill\n|move|p2b: Excadrill|High Horsepower|p1b: Khabib\n|-supereffective|p1b: Khabib|1\n|-damage|p1b: Khabib|0 fnt\n|faint|p1b: Khabib\n|move|p2a: Dragapult|Dragon Darts|p1a: TehMatcha\n|-crit|p1a: TehMatcha\n|-damage|p1a: TehMatcha|44/100\n|-enditem|p1a: TehMatcha|Sitrus Berry|[eat]\n|-heal|p1a: TehMatcha|68/100|[from] item: Sitrus Berry\n|-anim|p2a: Dragapult|Dragon Darts|p1a: TehMatcha\n|-damage|p1a: TehMatcha|42/100\n|\n|upkeep\n|\n|t:|1775910541\n|switch|p1b: Diar|Aggron-Mega, L50, F, shiny|45/100\n|turn|10\n|inactive|Maggio05 has 30 seconds left.\n|inactive|Maggio05 has 20 seconds left.\n|inactive|Maggio05 has 15 seconds left.\n|inactive|Maggio05 has 10 seconds left.\n|\n|t:|1775910589\n|switch|p2a: Incineroar|Incineroar, L50, F|100/100\n|-ability|p2a: Incineroar|Intimidate|boost\n|-unboost|p1a: TehMatcha|atk|1\n|-unboost|p1b: Diar|atk|1\n|move|p1b: Diar|Body Press|p2b: Excadrill\n|-supereffective|p2b: Excadrill|1\n|-damage|p2b: Excadrill|0 fnt\n|faint|p2b: Excadrill\n|move|p1a: TehMatcha|Matcha Gotcha|p2a: Incineroar\n|-resisted|p2a: Incineroar|1\n|-damage|p2a: Incineroar|84/100\n|-heal|p1a: TehMatcha|50/100|[from] drain|[of] p2a: Incineroar\n|\n|upkeep\n|\n|t:|1775910601\n|switch|p2b: Dragapult|Dragapult, L50, F|3/100\n|turn|11\n|\n|t:|1775910610\n|move|p2a: Incineroar|Fake Out|p1b: Diar\n|-resisted|p1b: Diar|1\n|-damage|p1b: Diar|42/100\n|move|p2b: Dragapult|Sucker Punch|p1a: TehMatcha\n|-supereffective|p1a: TehMatcha|1\n|-damage|p1a: TehMatcha|1/100\n|cant|p1b: Diar|flinch\n|move|p1a: TehMatcha|Matcha Gotcha|p2a: Incineroar|[spread] p2a,p2b\n|-resisted|p2a: Incineroar|1\n|-resisted|p2b: Dragapult|1\n|-damage|p2a: Incineroar|73/100\n|-heal|p1a: TehMatcha|7/100|[from] drain|[of] p2a: Incineroar\n|-damage|p2b: Dragapult|0 fnt\n|-heal|p1a: TehMatcha|8/100|[from] drain|[of] p2b: Dragapult\n|faint|p2b: Dragapult\n|\n|upkeep\n|turn|12\n|\n|t:|1775910631\n|move|p1b: Diar|Body Press|p2a: Incineroar\n|-supereffective|p2a: Incineroar|1\n|-damage|p2a: Incineroar|5/100\n|-enditem|p2a: Incineroar|Sitrus Berry|[eat]\n|-heal|p2a: Incineroar|30/100|[from] item: Sitrus Berry\n|move|p1a: TehMatcha|Life Dew|p1a: TehMatcha|[spread] p1a,p1b\n|-heal|p1a: TehMatcha|34/100\n|-heal|p1b: Diar|67/100\n|move|p2a: Incineroar|Flare Blitz|p1b: Diar\n|-supereffective|p1b: Diar|1\n|-damage|p1b: Diar|33/100\n|-damage|p2a: Incineroar|19/100|[from] Recoil\n|\n|-fieldend|move: Trick Room\n|upkeep\n|turn|13\n|\n|t:|1775910648\n|move|p1a: TehMatcha|Rage Powder|p1a: TehMatcha\n|-singleturn|p1a: TehMatcha|move: Rage Powder\n|move|p2a: Incineroar|Flare Blitz|p1a: TehMatcha\n|-supereffective|p1a: TehMatcha|1\n|-damage|p1a: TehMatcha|0 fnt\n|faint|p1a: TehMatcha\n|-damage|p2a: Incineroar|9/100|[from] Recoil\n|move|p1b: Diar|Body Press|p2a: Incineroar\n|-supereffective|p2a: Incineroar|1\n|-damage|p2a: Incineroar|0 fnt\n|faint|p2a: Incineroar\n|\n|win|fr49\n|raw|fr49's rating: 1041 &rarr; <strong>1073</strong><br />(+32 for winning)\n|raw|Maggio05's rating: 1023 &rarr; <strong>1010</strong><br />(-13 for losing)\n|l|\u2606Maggio05\n|player|p2|\n",
  "uploadtime": 1775910667,
  "views": 17,
  "formatid": "gen9championsvgc2026regma",
  "rating": 1010,
  "private": 0,
  "password": null
}