{
  "id": "gen9championsvgc2026regma-2580494864",
  "format": "[Gen 9 Champions] VGC 2026 Reg M-A",
  "players": [
    "NonTuaMadre",
    "fr49"
  ],
  "log": "|j|\u2606NonTuaMadre\n|j|\u2606fr49\n|t:|1775904755\n|gametype|doubles\n|player|p1|NonTuaMadre|102|1076\n|player|p2|fr49|1|1049\n|gen|9\n|tier|[Gen 9 Champions] VGC 2026 Reg M-A\n|rated|\n|rule|Species Clause: Limit one of each Pok\u00e9mon\n|rule|Item Clause: Limit 1 of each item\n|clearpoke\n|poke|p1|Rotom-Wash, L50|\n|poke|p1|Garchomp, L50, M|\n|poke|p1|Clefable, L50, F|\n|poke|p1|Kingambit, L50, F|\n|poke|p1|Gyarados, L50, M|\n|poke|p1|Glimmora, L50, F|\n|poke|p2|Aggron, L50, F|\n|poke|p2|Incineroar, L50, M|\n|poke|p2|Sinistcha, L50|\n|poke|p2|Tyranitar, L50, M|\n|poke|p2|Rotom-Wash, L50|\n|poke|p2|Sneasler, L50, F|\n|teampreview|4\n|inactive|Battle timer is ON: inactive players will automatically lose when time's up. (requested by fr49)\n|inactive|NonTuaMadre has 60 seconds left.\n|inactive|fr49 has 60 seconds left.\n|\n|t:|1775904811\n|teamsize|p1|4\n|teamsize|p2|4\n|start\n|switch|p1a: Gyarados|Gyarados, L50, M|100/100\n|switch|p1b: Kingambit|Kingambit, L50, F|100/100\n|switch|p2a: TehMatcha|Sinistcha, L50, shiny|100/100\n|switch|p2b: Diar|Aggron, L50, F, shiny|100/100\n|-ability|p1a: Gyarados|Intimidate|boost\n|-unboost|p2a: TehMatcha|atk|1\n|-unboost|p2b: Diar|atk|1\n|turn|1\n|\n|t:|1775904836\n|detailschange|p2b: Diar|Aggron-Mega, L50, F, shiny\n|-mega|p2b: Diar|Aggron|Aggronite\n|move|p1a: Gyarados|Taunt|p2a: TehMatcha\n|-start|p2a: TehMatcha|move: Taunt\n|move|p2b: Diar|Body Press|p2a: TehMatcha\n|-immune|p2a: TehMatcha\n|move|p1b: Kingambit|Low Kick|p2b: Diar\n|-supereffective|p2b: Diar|1\n|-damage|p2b: Diar|64/100\n|cant|p2a: TehMatcha|move: Taunt|Trick Room\n|\n|upkeep\n|turn|2\n|inactive|NonTuaMadre has 30 seconds left.\n|\n|t:|1775904863\n|move|p1b: Kingambit|Protect|p1b: Kingambit\n|-singleturn|p1b: Kingambit|Protect\n|move|p1a: Gyarados|Icy Wind|p2a: TehMatcha|[spread] p2a,p2b\n|-supereffective|p2a: TehMatcha|1\n|-resisted|p2b: Diar|1\n|-crit|p2b: Diar\n|-damage|p2a: TehMatcha|92/100\n|-damage|p2b: Diar|60/100\n|-unboost|p2a: TehMatcha|spe|1\n|-unboost|p2b: Diar|spe|1\n|move|p2a: TehMatcha|Matcha Gotcha|p1b: Kingambit|[spread] p1a\n|-activate|p1b: Kingambit|move: Protect\n|-damage|p1a: Gyarados|78/100\n|-heal|p2a: TehMatcha|100/100|[from] drain|[of] p1a: Gyarados\n|move|p2b: Diar|Body Press|p1b: Kingambit\n|-activate|p1b: Kingambit|move: Protect\n|\n|upkeep\n|turn|3\n|inactive|NonTuaMadre has 30 seconds left.\n|inactive|NonTuaMadre has 20 seconds left.\n|inactive|NonTuaMadre has 15 seconds left.\n|inactive|NonTuaMadre has 10 seconds left.\n|inactive|NonTuaMadre has 5 seconds left.\n|\n|t:|1775904914\n|switch|p1a: Garchomp|Garchomp, L50, M|100/100\n|move|p1b: Kingambit|Low Kick|p2b: Diar\n|-supereffective|p2b: Diar|1\n|-damage|p2b: Diar|24/100\n|move|p2a: TehMatcha|Matcha Gotcha|p1a: Garchomp|[spread] p1a,p1b\n|-resisted|p1b: Kingambit|1\n|-damage|p1a: Garchomp|79/100\n|-damage|p1b: Kingambit|88/100\n|move|p2b: Diar|Body Press|p1b: Kingambit\n|-supereffective|p1b: Kingambit|2\n|-damage|p1b: Kingambit|0 fnt\n|faint|p1b: Kingambit\n|\n|-end|p2a: TehMatcha|move: Taunt\n|upkeep\n|\n|t:|1775904929\n|switch|p1b: Glimmora|Glimmora, L50, F|100/100\n|turn|4\n|\n|t:|1775904940\n|switch|p2b: Khabib|Incineroar, L50, M, shiny|100/100\n|-ability|p2b: Khabib|Intimidate|boost\n|-unboost|p1a: Garchomp|atk|1\n|-unboost|p1b: Glimmora|atk|1\n|-enditem|p1a: Garchomp|White Herb\n|-clearnegativeboost|p1a: Garchomp|[silent]\n|move|p1b: Glimmora|Protect|p1b: Glimmora\n|-singleturn|p1b: Glimmora|Protect\n|move|p1a: Garchomp|Earthquake|p2a: TehMatcha|[spread] p2a,p2b\n|-activate|p1b: Glimmora|move: Protect\n|-resisted|p2a: TehMatcha|1\n|-supereffective|p2b: Khabib|1\n|-damage|p2a: TehMatcha|81/100\n|-damage|p2b: Khabib|29/100\n|move|p2a: TehMatcha|Trick Room|p2a: TehMatcha\n|-fieldstart|move: Trick Room|[of] p2a: TehMatcha\n|\n|upkeep\n|turn|5\n|inactive|NonTuaMadre has 30 seconds left.\n|inactive|fr49 has 30 seconds left.\n|inactive|fr49 has 20 seconds left.\n|\n|t:|1775904976\n|detailschange|p1b: Glimmora|Glimmora-Mega, L50, F\n|-mega|p1b: Glimmora|Glimmora|Glimmoranite\n|move|p1a: Garchomp|Protect|p1a: Garchomp\n|-singleturn|p1a: Garchomp|Protect\n|move|p2a: TehMatcha|Matcha Gotcha|p1b: Glimmora|[spread] p1b\n|-activate|p1a: Garchomp|move: Protect\n|-damage|p1b: Glimmora|72/100\n|-heal|p2a: TehMatcha|94/100|[from] drain|[of] p1b: Glimmora\n|move|p2b: Khabib|Parting Shot|p1b: Glimmora\n|-unboost|p1b: Glimmora|atk|1\n|-unboost|p1b: Glimmora|spa|1\n|\n|t:|1775904990\n|switch|p2b: Taharah|Rotom-Wash, L50, shiny|100/100|[from] Parting Shot\n|move|p1b: Glimmora|Sludge Wave|p2a: TehMatcha|[spread] p2a,p2b\n|-activate|p1a: Garchomp|move: Protect\n|-damage|p2a: TehMatcha|64/100\n|-damage|p2b: Taharah|65/100\n|-status|p2b: Taharah|psn\n|\n|-heal|p2b: Taharah|71/100 psn|[from] item: Leftovers\n|-damage|p2b: Taharah|58/100 psn|[from] psn\n|upkeep\n|turn|6\n|inactive|NonTuaMadre has 30 seconds left.\n|\n|t:|1775905020\n|move|p1b: Glimmora|Protect|p1b: Glimmora\n|-singleturn|p1b: Glimmora|Protect\n|move|p2a: TehMatcha|Matcha Gotcha|p1b: Glimmora|[spread] p1a\n|-activate|p1b: Glimmora|move: Protect\n|-damage|p1a: Garchomp|58/100\n|-heal|p2a: TehMatcha|76/100|[from] drain|[of] p1a: Garchomp\n|move|p2b: Taharah|Will-O-Wisp|p1a: Garchomp|[miss]\n|-miss|p2b: Taharah|p1a: Garchomp\n|move|p1a: Garchomp|Swords Dance|p1a: Garchomp\n|-boost|p1a: Garchomp|atk|2\n|\n|-heal|p2b: Taharah|64/100 psn|[from] item: Leftovers\n|-damage|p2b: Taharah|52/100 psn|[from] psn\n|upkeep\n|turn|7\n|\n|t:|1775905040\n|switch|p1b: Gyarados|Gyarados, L50, M|78/100\n|-ability|p1b: Gyarados|Intimidate|boost\n|-unboost|p2a: TehMatcha|atk|1\n|-unboost|p2b: Taharah|atk|1\n|move|p1a: Garchomp|Protect|p1a: Garchomp\n|-singleturn|p1a: Garchomp|Protect\n|move|p2a: TehMatcha|Matcha Gotcha|p1b: Gyarados|[spread] p1b\n|-activate|p1a: Garchomp|move: Protect\n|-damage|p1b: Gyarados|55/100\n|-heal|p2a: TehMatcha|89/100|[from] drain|[of] p1b: Gyarados\n|move|p2b: Taharah|Hydro Pump|p1b: Gyarados\n|-resisted|p1b: Gyarados|1\n|-damage|p1b: Gyarados|36/100\n|\n|-heal|p2b: Taharah|58/100 psn|[from] item: Leftovers\n|-damage|p2b: Taharah|46/100 psn|[from] psn\n|upkeep\n|turn|8\n|inactive|NonTuaMadre has 30 seconds left.\n|\n|t:|1775905072\n|move|p2a: TehMatcha|Matcha Gotcha|p1b: Gyarados|[spread] p1a,p1b\n|-damage|p1a: Garchomp|35/100\n|-heal|p2a: TehMatcha|100/100|[from] drain|[of] p1a: Garchomp\n|-damage|p1b: Gyarados|13/100\n|move|p1b: Gyarados|Icy Wind|p2a: TehMatcha|[spread] p2a,p2b\n|-supereffective|p2a: TehMatcha|1\n|-resisted|p2b: Taharah|1\n|-damage|p2a: TehMatcha|90/100\n|-damage|p2b: Taharah|43/100 psn\n|-unboost|p2a: TehMatcha|spe|1\n|-unboost|p2b: Taharah|spe|1\n|move|p2b: Taharah|Hydro Pump|p1a: Garchomp\n|-damage|p1a: Garchomp|0 fnt\n|faint|p1a: Garchomp\n|\n|-heal|p2b: Taharah|49/100 psn|[from] item: Leftovers\n|-damage|p2b: Taharah|37/100 psn|[from] psn\n|-fieldend|move: Trick Room\n|upkeep\n|\n|t:|1775905086\n|switch|p1a: Glimmora|Glimmora-Mega, L50, F|72/100\n|turn|9\n|\n|t:|1775905100\n|move|p1a: Glimmora|Power Gem|p2a: TehMatcha\n|-damage|p2a: TehMatcha|34/100\n|-enditem|p2a: TehMatcha|Sitrus Berry|[eat]\n|-heal|p2a: TehMatcha|59/100|[from] item: Sitrus Berry\n|move|p1b: Gyarados|Waterfall|p2b: Taharah\n|-resisted|p2b: Taharah|1\n|-damage|p2b: Taharah|12/100 psn\n|cant|p2b: Taharah|flinch\n|move|p2a: TehMatcha|Matcha Gotcha|p1a: Glimmora|[spread] p1a\n|-miss|p2a: TehMatcha|p1b: Gyarados\n|-damage|p1a: Glimmora|43/100\n|-heal|p2a: TehMatcha|72/100|[from] drain|[of] p1a: Glimmora\n|\n|-heal|p2b: Taharah|18/100 psn|[from] item: Leftovers\n|-damage|p2b: Taharah|6/100 psn|[from] psn\n|upkeep\n|turn|10\n|inactive|fr49 has 30 seconds left.\n|\n|t:|1775905131\n|move|p1a: Glimmora|Sludge Bomb|p2a: TehMatcha\n|-damage|p2a: TehMatcha|6/100\n|move|p1b: Gyarados|Waterfall|p2b: Taharah\n|-resisted|p2b: Taharah|1\n|-damage|p2b: Taharah|0 fnt\n|faint|p2b: Taharah\n|move|p2a: TehMatcha|Matcha Gotcha|p1b: Gyarados|[spread] p1a,p1b\n|-damage|p1a: Glimmora|15/100\n|-heal|p2a: TehMatcha|18/100|[from] drain|[of] p1a: Glimmora\n|-damage|p1b: Gyarados|0 fnt\n|-heal|p2a: TehMatcha|26/100|[from] drain|[of] p1b: Gyarados\n|faint|p1b: Gyarados\n|\n|upkeep\n|-message|NonTuaMadre forfeited.\n|\n|win|fr49\n|raw|NonTuaMadre's rating: 1076 &rarr; <strong>1053</strong><br />(-23 for losing)\n|raw|fr49's rating: 1049 &rarr; <strong>1084</strong><br />(+35 for winning)\n|l|\u2606NonTuaMadre\n|player|p1|\n",
  "uploadtime": 1775905159,
  "views": 15,
  "formatid": "gen9championsvgc2026regma",
  "rating": 1053,
  "private": 0,
  "password": null
}