{
  "id": "gen9championsvgc2026regma-2589385789",
  "format": "[Gen 9 Champions] VGC 2026 Reg M-A",
  "players": [
    "Avatar Kony",
    "baba banjo"
  ],
  "log": "|j|\u2606Avatar Kony\n|j|\u2606baba banjo\n|t:|1776718778\n|gametype|doubles\n|player|p1|Avatar Kony|sabrina-frlg|1122\n|player|p2|baba banjo|1|1193\n|gen|9\n|tier|[Gen 9 Champions] VGC 2026 Reg M-A\n|rated|\n|rule|Species Clause: Limit one of each Pok\u00e9mon\n|rule|Item Clause: Limit 1 of each item\n|clearpoke\n|poke|p1|Aerodactyl, L50, F|\n|poke|p1|Floette-Eternal, L50, F|\n|poke|p1|Incineroar, L50, M|\n|poke|p1|Sneasler, L50, M|\n|poke|p1|Basculegion, L50, M|\n|poke|p1|Garchomp, L50, F|\n|poke|p2|Scizor, L50, F|\n|poke|p2|Pelipper, L50, F|\n|poke|p2|Kangaskhan, L50, F|\n|poke|p2|Basculegion, L50, M|\n|poke|p2|Mamoswine, L50, F|\n|poke|p2|Clefable, L50, M|\n|teampreview|4\n|inactive|Battle timer is ON: inactive players will automatically lose when time's up. (requested by Avatar Kony)\n|\n|t:|1776718846\n|teamsize|p1|4\n|teamsize|p2|4\n|start\n|switch|p1a: Aerodactyl|Aerodactyl, L50, F|100/100\n|switch|p1b: Incineroar|Incineroar, L50, M|100/100\n|switch|p2a: Kangaskhan|Kangaskhan, L50, F|100/100\n|switch|p2b: Basculegion|Basculegion, L50, M|100/100\n|-ability|p1a: Aerodactyl|Unnerve\n|-ability|p1b: Incineroar|Intimidate|boost\n|-fail|p2a: Kangaskhan|unboost|Attack|[from] ability: Inner Focus|[of] p2a: Kangaskhan\n|-unboost|p2b: Basculegion|atk|1\n|turn|1\n|inactive|Avatar Kony has 30 seconds left.\n|\n|t:|1776718881\n|switch|p1a: Basculegion|Basculegion, L50, M|100/100\n|move|p2a: Kangaskhan|Fake Out|p1a: Basculegion\n|-immune|p1a: Basculegion\n|move|p2b: Basculegion|Wave Crash|p1a: Basculegion\n|-resisted|p1a: Basculegion|1\n|-damage|p1a: Basculegion|70/100\n|-damage|p2b: Basculegion|91/100|[from] Recoil\n|move|p1b: Incineroar|Throat Chop|p2b: Basculegion\n|-supereffective|p2b: Basculegion|1\n|-damage|p2b: Basculegion|0 fnt\n|faint|p2b: Basculegion\n|\n|upkeep\n|\n|t:|1776718897\n|switch|p2b: Mamoswine|Mamoswine, L50, F|100/100\n|turn|2\n|inactive|Avatar Kony has 30 seconds left.\n|inactive|Avatar Kony has 20 seconds left.\n|\n|t:|1776718932\n|detailschange|p2a: Kangaskhan|Kangaskhan-Mega, L50, F\n|-mega|p2a: Kangaskhan|Kangaskhan|Kangaskhanite\n|move|p2b: Mamoswine|Protect|p2b: Mamoswine\n|-singleturn|p2b: Mamoswine|Protect\n|move|p1a: Basculegion|Wave Crash|p2b: Mamoswine\n|-activate|p2b: Mamoswine|move: Protect\n|move|p2a: Kangaskhan|Double-Edge|p1b: Incineroar\n|-damage|p1b: Incineroar|46/100\n|-enditem|p1b: Incineroar|Sitrus Berry|[eat]\n|-heal|p1b: Incineroar|70/100|[from] item: Sitrus Berry\n|-damage|p1b: Incineroar|57/100\n|-hitcount|p1b: Incineroar|2\n|-damage|p2a: Kangaskhan|77/100|[from] Recoil\n|move|p1b: Incineroar|Parting Shot|p2b: Mamoswine\n|-activate|p2b: Mamoswine|move: Protect\n|\n|upkeep\n|turn|3\n|inactive|baba banjo has 30 seconds left.\n|\n|t:|1776718960\n|move|p2b: Mamoswine|Protect||[still]\n|-fail|p2b: Mamoswine\n|move|p1a: Basculegion|Wave Crash|p2b: Mamoswine\n|-supereffective|p2b: Mamoswine|1\n|-damage|p2b: Mamoswine|0 fnt\n|faint|p2b: Mamoswine\n|-damage|p1a: Basculegion|38/100|[from] Recoil\n|move|p2a: Kangaskhan|Crunch|p1a: Basculegion\n|-supereffective|p1a: Basculegion|1\n|-damage|p1a: Basculegion|0 fnt\n|faint|p1a: Basculegion\n|-hitcount|p1: Basculegion|1\n|move|p1b: Incineroar|Throat Chop|p2a: Kangaskhan\n|-damage|p2a: Kangaskhan|42/100\n|-start|p2a: Kangaskhan|Throat Chop|[silent]\n|\n|upkeep\n|\n|t:|1776718970\n|switch|p1a: Sneasler|Sneasler, L50, M|100/100\n|switch|p2b: Scizor|Scizor, L50, F|100/100\n|turn|4\n|\n|t:|1776718982\n|move|p2a: Kangaskhan|Protect|p2a: Kangaskhan\n|-singleturn|p2a: Kangaskhan|Protect\n|move|p2b: Scizor|Protect|p2b: Scizor\n|-singleturn|p2b: Scizor|Protect\n|move|p1a: Sneasler|Close Combat|p2a: Kangaskhan\n|-activate|p2a: Kangaskhan|move: Protect\n|move|p1b: Incineroar|Flare Blitz|p2b: Scizor\n|-activate|p2b: Scizor|move: Protect\n|\n|-end|p2a: Kangaskhan|Throat Chop|[silent]\n|upkeep\n|turn|5\n|\n|t:|1776718999\n|move|p2b: Scizor|Bullet Punch|p1a: Sneasler\n|-damage|p1a: Sneasler|46/100\n|move|p1a: Sneasler|Close Combat|p2a: Kangaskhan\n|-supereffective|p2a: Kangaskhan|1\n|-damage|p2a: Kangaskhan|0 fnt\n|-unboost|p1a: Sneasler|def|1\n|-unboost|p1a: Sneasler|spd|1\n|faint|p2a: Kangaskhan\n|-enditem|p1a: Sneasler|White Herb\n|-clearnegativeboost|p1a: Sneasler|[silent]\n|move|p1b: Incineroar|Flare Blitz|p2b: Scizor\n|-supereffective|p2b: Scizor|2\n|-damage|p2b: Scizor|0 fnt\n|faint|p2b: Scizor\n|-damage|p1b: Incineroar|31/100|[from] Recoil\n|\n|win|Avatar Kony\n|raw|Avatar Kony's rating: 1122 &rarr; <strong>1152</strong><br />(+30 for winning)\n|raw|baba banjo's rating: 1193 &rarr; <strong>1163</strong><br />(-30 for losing)\n|l|\u2606baba banjo\n|player|p2|\n",
  "uploadtime": 1776719014,
  "views": 6,
  "formatid": "gen9championsvgc2026regma",
  "rating": 1152,
  "private": 0,
  "password": null
}