{
  "id": "gen9championsvgc2026regma-2580833015",
  "format": "[Gen 9 Champions] VGC 2026 Reg M-A",
  "players": [
    "airtest4",
    "johnnyboywizard"
  ],
  "log": "|j|\u2606airtest4\n|j|\u2606johnnyboywizard\n|t:|1775936182\n|gametype|doubles\n|player|p1|airtest4|2|1256\n|player|p2|johnnyboywizard|101|1195\n|gen|9\n|tier|[Gen 9 Champions] VGC 2026 Reg M-A\n|rated|\n|rule|Species Clause: Limit one of each Pok\u00e9mon\n|rule|Item Clause: Limit 1 of each item\n|clearpoke\n|poke|p1|Pelipper, L50, M|\n|poke|p1|Archaludon, L50, F|\n|poke|p1|Basculegion, L50, M|\n|poke|p1|Manectric, L50, M|\n|poke|p1|Sneasler, L50, F|\n|poke|p1|Incineroar, L50, F|\n|poke|p2|Delphox, L50, M|\n|poke|p2|Garchomp, L50, F|\n|poke|p2|Whimsicott, L50, F|\n|poke|p2|Meowstic, L50, M|\n|poke|p2|Sneasler, L50, F|\n|poke|p2|Orthworm, L50, M|\n|teampreview|4\n|\n|t:|1775936243\n|teamsize|p1|4\n|teamsize|p2|4\n|start\n|switch|p1a: Manectric|Manectric, L50, M|100/100\n|switch|p1b: Pelipper|Pelipper, L50, M|100/100\n|switch|p2a: Whimsicott|Whimsicott, L50, F|100/100\n|switch|p2b: Garchomp|Garchomp, L50, F|100/100\n|-weather|RainDance|[from] ability: Drizzle|[of] p1b: Pelipper\n|turn|1\n|inactive|Battle timer is ON: inactive players will automatically lose when time's up. (requested by airtest4)\n|\n|t:|1775936271\n|detailschange|p1a: Manectric|Manectric-Mega, L50, M\n|-mega|p1a: Manectric|Manectric|Manectite\n|-ability|p1a: Manectric|Intimidate|boost\n|-unboost|p2a: Whimsicott|atk|1\n|-unboost|p2b: Garchomp|atk|1\n|move|p2a: Whimsicott|Sunny Day|p2a: Whimsicott\n|-weather|SunnyDay\n|move|p2b: Garchomp|Earthquake|p1b: Pelipper|[spread] p2a,p1a\n|-immune|p1b: Pelipper\n|-resisted|p2a: Whimsicott|1\n|-supereffective|p1a: Manectric|1\n|-damage|p2a: Whimsicott|80/100\n|-damage|p1a: Manectric|26/100\n|move|p1a: Manectric|Volt Switch|p2a: Whimsicott\n|-resisted|p2a: Whimsicott|1\n|-damage|p2a: Whimsicott|48/100\n|\n|t:|1775936289\n|switch|p1a: Archaludon|Archaludon, L50, F|100/100|[from] Volt Switch\n|move|p1b: Pelipper|Tailwind|p1b: Pelipper\n|-sidestart|p1: airtest4|move: Tailwind\n|\n|-weather|SunnyDay|[upkeep]\n|upkeep\n|turn|2\n|\n|t:|1775936301\n|switch|p1b: Manectric|Manectric-Mega, L50, M|26/100\n|-ability|p1b: Manectric|Intimidate|boost\n|-unboost|p2a: Whimsicott|atk|1\n|-unboost|p2b: Garchomp|atk|1\n|move|p2a: Whimsicott|Tailwind|p2a: Whimsicott\n|-sidestart|p2: johnnyboywizard|move: Tailwind\n|move|p2b: Garchomp|Earthquake|p1b: Manectric|[spread] p2a,p1a,p1b\n|-resisted|p2a: Whimsicott|1\n|-supereffective|p1a: Archaludon|1\n|-supereffective|p1b: Manectric|1\n|-damage|p2a: Whimsicott|32/100\n|-damage|p1a: Archaludon|73/100\n|-damage|p1b: Manectric|0 fnt\n|-ability|p1a: Archaludon|Stamina|boost\n|-boost|p1a: Archaludon|def|1\n|faint|p1b: Manectric\n|move|p1a: Archaludon|Draco Meteor|p2b: Garchomp\n|-supereffective|p2b: Garchomp|1\n|-damage|p2b: Garchomp|0 fnt\n|-unboost|p1a: Archaludon|spa|2\n|faint|p2b: Garchomp\n|\n|-weather|SunnyDay|[upkeep]\n|-heal|p1a: Archaludon|79/100|[from] item: Leftovers\n|upkeep\n|\n|t:|1775936323\n|switch|p1b: Pelipper|Pelipper, L50, M|100/100\n|switch|p2b: Delphox|Delphox, L50, M|100/100\n|-weather|RainDance|[from] ability: Drizzle|[of] p1b: Pelipper\n|turn|3\n|inactive|airtest4 has 30 seconds left.\n|\n|t:|1775936356\n|detailschange|p2b: Delphox|Delphox-Mega, L50, M\n|-mega|p2b: Delphox|Delphox|Delphoxite\n|move|p2a: Whimsicott|Sunny Day|p2a: Whimsicott\n|-weather|SunnyDay\n|move|p2b: Delphox|Heat Wave|p1b: Pelipper|[spread] p1a,p1b\n|-resisted|p1b: Pelipper|1\n|-crit|p1b: Pelipper\n|-damage|p1a: Archaludon|10/100\n|-damage|p1b: Pelipper|23/100\n|-ability|p1a: Archaludon|Stamina|boost\n|-boost|p1a: Archaludon|def|1\n|move|p1b: Pelipper|Weather Ball|p2a: Whimsicott\n|-supereffective|p2a: Whimsicott|1\n|-damage|p2a: Whimsicott|0 fnt\n|faint|p2a: Whimsicott\n|move|p1a: Archaludon|Draco Meteor|p2b: Delphox\n|-damage|p2b: Delphox|66/100\n|-unboost|p1a: Archaludon|spa|2\n|\n|-weather|SunnyDay|[upkeep]\n|-heal|p1a: Archaludon|16/100|[from] item: Leftovers\n|upkeep\n|\n|t:|1775936368\n|switch|p2a: Meowstic|Meowstic, L50, M|100/100\n|turn|4\n|\n|t:|1775936386\n|switch|p1a: Basculegion|Basculegion, L50, M|100/100\n|move|p1b: Pelipper|Wide Guard|p1b: Pelipper\n|-singleturn|p1b: Pelipper|Wide Guard\n|move|p2a: Meowstic|Psychic Terrain|p2a: Meowstic\n|-fieldstart|move: Psychic Terrain\n|move|p2b: Delphox|Heat Wave|p1b: Pelipper|[spread] \n|-activate|p1a: Basculegion|move: Wide Guard\n|-activate|p1b: Pelipper|move: Wide Guard\n|\n|-weather|SunnyDay|[upkeep]\n|-sideend|p1: airtest4|move: Tailwind\n|upkeep\n|turn|5\n|inactive|airtest4 has 30 seconds left.\n|inactive|airtest4 has 20 seconds left.\n|inactive|airtest4 has 15 seconds left.\n|inactive|airtest4 has 10 seconds left.\n|inactive|airtest4 has 5 seconds left.\n|\n|t:|1775936436\n|switch|p1b: Archaludon|Archaludon, L50, F|16/100\n|move|p2b: Delphox|Protect|p2b: Delphox\n|-singleturn|p2b: Delphox|Protect\n|move|p2a: Meowstic|Expanding Force|p1a: Basculegion|[spread] p1a,p1b\n|-resisted|p1b: Archaludon|1\n|-damage|p1a: Basculegion|47/100\n|-damage|p1b: Archaludon|0 fnt\n|faint|p1b: Archaludon\n|move|p1a: Basculegion|Flip Turn|p2a: Meowstic\n|-damage|p2a: Meowstic|79/100\n|\n|t:|1775936447\n|switch|p1a: Pelipper|Pelipper, L50, M|23/100|[from] Flip Turn\n|-weather|RainDance|[from] ability: Drizzle|[of] p1a: Pelipper\n|\n|-weather|RainDance|[upkeep]\n|-sideend|p2: johnnyboywizard|move: Tailwind\n|upkeep\n|\n|t:|1775936452\n|switch|p1b: Basculegion|Basculegion, L50, M|47/100\n|turn|6\n|c|\u2606johnnyboywizard|i'm sorry about this\n|inactive|airtest4 has 30 seconds left.\n|\n|t:|1775936484\n|move|p1a: Pelipper|Wide Guard|p1a: Pelipper\n|-singleturn|p1a: Pelipper|Wide Guard\n|move|p2a: Meowstic|Sunny Day|p2a: Meowstic\n|-weather|SunnyDay\n|move|p1b: Basculegion|Last Respects|p2b: Delphox\n|-supereffective|p2b: Delphox|1\n|-damage|p2b: Delphox|0 fnt\n|faint|p2b: Delphox\n|\n|-weather|SunnyDay|[upkeep]\n|upkeep\n|turn|7\n|\n|t:|1775936496\n|move|p1a: Pelipper|Wide Guard|p1a: Pelipper\n|-singleturn|p1a: Pelipper|Wide Guard\n|move|p1b: Basculegion|Last Respects|p2a: Meowstic\n|-supereffective|p2a: Meowstic|1\n|-damage|p2a: Meowstic|0 fnt\n|faint|p2a: Meowstic\n|\n|win|airtest4\n|raw|airtest4's rating: 1256 &rarr; <strong>1277</strong><br />(+21 for winning)\n|raw|johnnyboywizard's rating: 1195 &rarr; <strong>1174</strong><br />(-21 for losing)\n",
  "uploadtime": 1775936506,
  "views": 13,
  "formatid": "gen9championsvgc2026regma",
  "rating": 1174,
  "private": 0,
  "password": null
}