{
  "id": "gen9championsvgc2026regma-2589449229",
  "format": "[Gen 9 Champions] VGC 2026 Reg M-A",
  "players": [
    "taxo0",
    "BxnnyBride"
  ],
  "log": "|j|\u2606taxo0\n|j|\u2606BxnnyBride\n|t:|1776723923\n|gametype|doubles\n|player|p1|taxo0|psychic-gen4|1088\n|player|p2|BxnnyBride|jacinthe|1028\n|gen|9\n|tier|[Gen 9 Champions] VGC 2026 Reg M-A\n|rated|\n|rule|Species Clause: Limit one of each Pok\u00e9mon\n|rule|Item Clause: Limit 1 of each item\n|clearpoke\n|poke|p1|Gardevoir, L50, F, shiny|\n|poke|p1|Sinistcha, L50|\n|poke|p1|Talonflame, L50, M, shiny|\n|poke|p1|Milotic, L50, F, shiny|\n|poke|p1|Aegislash, L50, F|\n|poke|p1|Krookodile, L50, M|\n|poke|p2|Tinkaton, L50, F|\n|poke|p2|Primarina, L50, F|\n|poke|p2|Weavile, L50, F|\n|poke|p2|Aurorus, L50, F|\n|poke|p2|Gallade, L50, M|\n|poke|p2|Lopunny, L50, F|\n|teampreview|4\n|\n|t:|1776723957\n|teamsize|p1|4\n|teamsize|p2|4\n|start\n|switch|p1a: Sinistcha|Sinistcha, L50|100/100\n|switch|p1b: Talonflame|Talonflame, L50, M, shiny|100/100\n|switch|p2a: Weavile|Weavile, L50, F|100/100\n|switch|p2b: Aurorus|Aurorus, L50, F|100/100\n|-ability|p2a: Weavile|Pressure\n|-weather|Snowscape|[from] ability: Snow Warning|[of] p2b: Aurorus\n|turn|1\n|\n|t:|1776723985\n|move|p2a: Weavile|Fake Out|p1b: Talonflame\n|-damage|p1b: Talonflame|79/100\n|cant|p1b: Talonflame|flinch\n|move|p2b: Aurorus|Aurora Veil|p2b: Aurorus\n|-sidestart|p2: BxnnyBride|move: Aurora Veil\n|move|p1a: Sinistcha|Trick Room|p1a: Sinistcha\n|-fieldstart|move: Trick Room|[of] p1a: Sinistcha\n|\n|-weather|Snowscape|[upkeep]\n|upkeep\n|turn|2\n|\n|t:|1776724000\n|move|p1a: Sinistcha|Rage Powder|p1a: Sinistcha\n|-singleturn|p1a: Sinistcha|move: Rage Powder\n|move|p2b: Aurorus|Rock Slide|p1b: Talonflame|[spread] p1a,p1b\n|-supereffective|p1b: Talonflame|2\n|-damage|p1a: Sinistcha|88/100\n|-damage|p1b: Talonflame|0 fnt\n|faint|p1b: Talonflame\n|move|p2a: Weavile|Knock Off|p1a: Sinistcha\n|-supereffective|p1a: Sinistcha|1\n|-damage|p1a: Sinistcha|3/100\n|-enditem|p1a: Sinistcha|Leftovers|[from] move: Knock Off|[of] p2a: Weavile\n|\n|-weather|Snowscape|[upkeep]\n|upkeep\n|\n|t:|1776724011\n|switch|p1b: Aegislash|Aegislash, L50, F|100/100\n|turn|3\n|\n|t:|1776724021\n|-formechange|p1b: Aegislash|Aegislash-Blade|\n|move|p1b: Aegislash|Iron Head|p2a: Weavile\n|-supereffective|p2a: Weavile|1\n|-damage|p2a: Weavile|26/100\n|move|p1a: Sinistcha|Strength Sap|p2a: Weavile\n|-unboost|p2a: Weavile|atk|1\n|-heal|p1a: Sinistcha|100/100\n|move|p2b: Aurorus|Rock Slide|p1a: Sinistcha|[spread] p1a,p1b\n|-resisted|p1b: Aegislash|1\n|-damage|p1a: Sinistcha|86/100\n|-damage|p1b: Aegislash|87/100\n|move|p2a: Weavile|Icicle Spear|p1b: Aegislash\n|-resisted|p1b: Aegislash|1\n|-damage|p1b: Aegislash|80/100\n|-resisted|p1b: Aegislash|1\n|-damage|p1b: Aegislash|72/100\n|-resisted|p1b: Aegislash|1\n|-damage|p1b: Aegislash|65/100\n|-resisted|p1b: Aegislash|1\n|-damage|p1b: Aegislash|58/100\n|-hitcount|p1b: Aegislash|4\n|\n|-weather|Snowscape|[upkeep]\n|upkeep\n|turn|4\n|\n|t:|1776724049\n|move|p1b: Aegislash|Iron Head|p2b: Aurorus\n|-supereffective|p2b: Aurorus|2\n|-damage|p2b: Aurorus|30/100\n|move|p1a: Sinistcha|Strength Sap|p2a: Weavile\n|-unboost|p2a: Weavile|atk|1\n|-heal|p1a: Sinistcha|100/100\n|cant|p2b: Aurorus|flinch\n|move|p2a: Weavile|Knock Off|p1b: Aegislash\n|-supereffective|p1b: Aegislash|1\n|-damage|p1b: Aegislash|0 fnt\n|-enditem|p1b: Aegislash|Shuca Berry|[from] move: Knock Off|[of] p2a: Weavile\n|faint|p1b: Aegislash\n|\n|-weather|Snowscape|[upkeep]\n|upkeep\n|\n|t:|1776724062\n|switch|p1b: Vanitas|Gardevoir, L50, F, shiny|100/100\n|-ability|p1b: Vanitas|Pressure|Trace|[from] ability: Trace|[of] p2a: Weavile\n|-ability|p1b: Vanitas|Pressure\n|turn|5\n|\n|t:|1776724076\n|detailschange|p1b: Vanitas|Gardevoir-Mega, L50, F, shiny\n|-mega|p1b: Vanitas|Gardevoir|Gardevoirite\n|move|p1a: Sinistcha|Strength Sap|p2a: Weavile\n|-unboost|p2a: Weavile|atk|1\n|move|p2b: Aurorus|Thunder Wave|p1b: Vanitas\n|-status|p1b: Vanitas|par\n|move|p1b: Vanitas|Hyper Voice|p2a: Weavile|[spread] p2a,p2b\n|-supereffective|p2a: Weavile|1\n|-damage|p2a: Weavile|0 fnt\n|-damage|p2b: Aurorus|0 fnt\n|faint|p2a: Weavile\n|faint|p2b: Aurorus\n|\n|-weather|none\n|-sideend|p2: BxnnyBride|move: Aurora Veil\n|-fieldend|move: Trick Room\n|upkeep\n|\n|t:|1776724089\n|switch|p2a: Gallade|Gallade, L50, M|100/100\n|switch|p2b: Primarina|Primarina, L50, F|100/100\n|turn|6\n|\n|t:|1776724106\n|detailschange|p2a: Gallade|Gallade-Mega, L50, M\n|-mega|p2a: Gallade|Gallade|Galladite\n|move|p1b: Vanitas|Protect|p1b: Vanitas\n|-singleturn|p1b: Vanitas|Protect\n|move|p2a: Gallade|Thunder Wave|p1a: Sinistcha\n|-status|p1a: Sinistcha|par\n|move|p2b: Primarina|Calm Mind|p2b: Primarina\n|-boost|p2b: Primarina|spa|1\n|-boost|p2b: Primarina|spd|1\n|move|p1a: Sinistcha|Trick Room|p1a: Sinistcha\n|-fieldstart|move: Trick Room|[of] p1a: Sinistcha\n|\n|upkeep\n|turn|7\n|\n|t:|1776724128\n|move|p1a: Sinistcha|Matcha Gotcha|p2b: Primarina|[spread] p2a,p2b\n|-supereffective|p2b: Primarina|1\n|-damage|p2a: Gallade|79/100\n|-damage|p2b: Primarina|72/100\n|-status|p2a: Gallade|brn\n|move|p1b: Vanitas|Hyper Voice|p2b: Primarina|[spread] p2a,p2b\n|-supereffective|p2a: Gallade|1\n|-damage|p2a: Gallade|0 fnt\n|-damage|p2b: Primarina|37/100\n|faint|p2a: Gallade\n|move|p2b: Primarina|Hyper Voice|p1a: Sinistcha|[spread] p1a,p1b\n|-resisted|p1a: Sinistcha|1\n|-damage|p1a: Sinistcha|71/100 par\n|-damage|p1b: Vanitas|52/100 par\n|-heal|p2b: Primarina|47/100|[from] item: Shell Bell|[of] p1b: Vanitas\n|\n|upkeep\n|turn|8\n|\n|t:|1776724149\n|move|p1a: Sinistcha|Matcha Gotcha|p2b: Primarina\n|-supereffective|p2b: Primarina|1\n|-damage|p2b: Primarina|3/100\n|-heal|p1a: Sinistcha|96/100 par|[from] drain|[of] p2b: Primarina\n|move|p1b: Vanitas|Hyper Voice|p2b: Primarina\n|-damage|p2b: Primarina|0 fnt\n|faint|p2b: Primarina\n|\n|win|taxo0\n|raw|taxo0's rating: 1088 &rarr; <strong>1110</strong><br />(+22 for winning)\n|raw|BxnnyBride's rating: 1028 &rarr; <strong>1016</strong><br />(-12 for losing)\n|l|\u2606BxnnyBride\n|player|p2|\n",
  "uploadtime": 1776724160,
  "views": 9,
  "formatid": "gen9championsvgc2026regma",
  "rating": 1016,
  "private": 0,
  "password": null
}