{
  "id": "gen9championsvgc2026regma-2583967131",
  "format": "[Gen 9 Champions] VGC 2026 Reg M-A",
  "players": [
    "Autin Mago",
    "nngf\u9b3c\u8749\u4fa0"
  ],
  "log": "|j|\u2606Autin Mago\n|j|\u2606nngf\u9b3c\u8749\u4fa0\n|t:|1776212614\n|gametype|doubles\n|player|p1|Autin Mago|flannery|1229\n|player|p2|nngf\u9b3c\u8749\u4fa0|bugsy|1281\n|gen|9\n|tier|[Gen 9 Champions] VGC 2026 Reg M-A\n|rated|\n|rule|Species Clause: Limit one of each Pok\u00e9mon\n|rule|Item Clause: Limit 1 of each item\n|clearpoke\n|poke|p1|Delphox, L50, M|\n|poke|p1|Whimsicott, L50, M|\n|poke|p1|Sneasler, L50, F|\n|poke|p1|Garchomp, L50, F|\n|poke|p1|Kingambit, L50, M|\n|poke|p1|Gyarados, L50, F|\n|poke|p2|Sinistcha, L50|\n|poke|p2|Ampharos, L50, F|\n|poke|p2|Kangaskhan, L50, F|\n|poke|p2|Basculegion, L50, M|\n|poke|p2|Politoed, L50, F|\n|poke|p2|Whimsicott, L50, F|\n|teampreview|4\n|c|\u2606Autin Mago|Glhf!\nAutin Mago has agreed to open team sheets.\n|c|\u2606nngf\u9b3c\u8749\u4fa0|hf\nnngf\u9b3c\u8749\u4fa0 has agreed to open team sheets.\n|showteam|p1|Delphox||Delphoxite|Blaze|Protect,HeatWave,Substitute,Psychic|||M|||50|]Whimsicott||KebiaBerry|Prankster|Protect,Tailwind,Moonblast,SunnyDay|||M|||50|]Sneasler||FocusSash|Unburden|Protect,DireClaw,FakeOut,CloseCombat|||F|||50|]Garchomp||ChoiceScarf|RoughSkin|DragonClaw,StompingTantrum,RockSlide,Earthquake|||F|||50|]Kingambit||BlackGlasses|Defiant|Protect,SuckerPunch,SwordsDance,KowtowCleave|||M|||50|]Gyarados||Gyaradosite|Intimidate|Protect,Waterfall,DragonDance,Crunch|||F|||50|\n|showteam|p2|Sinistcha||Leftovers|Hospitality|MatchaGotcha,CalmMind,ShadowBall,TrickRoom||||||50|]Ampharos||Ampharosite|Static|DragonPulse,Thunder,FocusBlast,Protect|||F|||50|]Kangaskhan||Kangaskhanite|Scrappy|LastResort,FakeOut|||F|||50|]Basculegion||ChoiceScarf|SwiftSwim|WaveCrash,DoubleEdge,LastRespects,AquaJet|||M|||50|]Politoed||SitrusBerry|Drizzle|Protect,WeatherBall,RainDance,HelpingHand|||F|||50|]Whimsicott||FocusSash|Prankster|Encore,Endeavor,Moonblast,Tailwind|||F|||50|\n|\n|t:|1776212728\n|teamsize|p1|4\n|teamsize|p2|4\n|start\n|switch|p1a: Kingambit|Kingambit, L50, M|100/100\n|switch|p1b: Delphox|Delphox, L50, M|100/100\n|switch|p2a: Whimsicott|Whimsicott, L50, F|100/100\n|switch|p2b: Kangaskhan|Kangaskhan, L50, F|100/100\n|turn|1\n|\n|t:|1776212771\n|detailschange|p1b: Delphox|Delphox-Mega, L50, M\n|-mega|p1b: Delphox|Delphox|Delphoxite\n|detailschange|p2b: Kangaskhan|Kangaskhan-Mega, L50, F\n|-mega|p2b: Kangaskhan|Kangaskhan|Kangaskhanite\n|move|p2b: Kangaskhan|Fake Out|p1b: Delphox\n|-damage|p1b: Delphox|67/100\n|-damage|p1b: Delphox|60/100\n|-hitcount|p1b: Delphox|2\n|move|p2a: Whimsicott|Tailwind|p2a: Whimsicott\n|-sidestart|p2: nngf\u9b3c\u8749\u4fa0|move: Tailwind\n|cant|p1b: Delphox|flinch\n|move|p1a: Kingambit|Swords Dance|p1a: Kingambit\n|-boost|p1a: Kingambit|atk|2\n|\n|upkeep\n|turn|2\n|\n|t:|1776212795\n|move|p1b: Delphox|Protect|p1b: Delphox\n|-singleturn|p1b: Delphox|Protect\n|move|p2a: Whimsicott|Moonblast|p1a: Kingambit\n|-damage|p1a: Kingambit|74/100\n|move|p2b: Kangaskhan|Last Resort|p1a: Kingambit\n|-resisted|p1a: Kingambit|1\n|-damage|p1a: Kingambit|48/100\n|-resisted|p1a: Kingambit|1\n|-damage|p1a: Kingambit|42/100\n|-hitcount|p1a: Kingambit|2\n|move|p1a: Kingambit|Kowtow Cleave|p2b: Kangaskhan\n|-damage|p2b: Kangaskhan|0 fnt\n|faint|p2b: Kangaskhan\n|\n|upkeep\n|\n|t:|1776212808\n|switch|p2b: Politoed|Politoed, L50, F|100/100\n|-weather|RainDance|[from] ability: Drizzle|[of] p2b: Politoed\n|turn|3\n|\n|t:|1776212832\n|switch|p1b: Garchomp|Garchomp, L50, F|100/100\n|move|p1a: Kingambit|Protect|p1a: Kingambit\n|-singleturn|p1a: Kingambit|Protect\n|move|p2a: Whimsicott|Moonblast|p1a: Kingambit\n|-activate|p1a: Kingambit|move: Protect\n|move|p2b: Politoed|Weather Ball|p1a: Kingambit\n|-activate|p1a: Kingambit|move: Protect\n|\n|-weather|RainDance|[upkeep]\n|upkeep\n|turn|4\n|\n|t:|1776212853\n|move|p1a: Kingambit|Sucker Punch|p2b: Politoed\n|-damage|p2b: Politoed|7/100\n|-enditem|p2b: Politoed|Sitrus Berry|[eat]\n|-heal|p2b: Politoed|32/100|[from] item: Sitrus Berry\n|move|p2a: Whimsicott|Moonblast|p1a: Kingambit\n|-damage|p1a: Kingambit|15/100\n|move|p1b: Garchomp|Rock Slide|p2a: Whimsicott|[spread] p2a,p2b\n|-damage|p2a: Whimsicott|78/100\n|-damage|p2b: Politoed|13/100\n|move|p2b: Politoed|Weather Ball|p1a: Kingambit\n|-damage|p1a: Kingambit|0 fnt\n|faint|p1a: Kingambit\n|\n|-weather|RainDance|[upkeep]\n|-sideend|p2: nngf\u9b3c\u8749\u4fa0|move: Tailwind\n|upkeep\n|\n|t:|1776212871\n|switch|p1a: Whimsicott|Whimsicott, L50, M|100/100\n|turn|5\n|\n|t:|1776212884\n|move|p1a: Whimsicott|Tailwind|p1a: Whimsicott\n|-sidestart|p1: Autin Mago|move: Tailwind\n|move|p2a: Whimsicott|Tailwind|p2a: Whimsicott\n|-sidestart|p2: nngf\u9b3c\u8749\u4fa0|move: Tailwind\n|move|p1b: Garchomp|Rock Slide|p2b: Politoed|[spread] p2a,p2b\n|-damage|p2a: Whimsicott|53/100\n|-damage|p2b: Politoed|0 fnt\n|faint|p2b: Politoed\n|\n|-weather|RainDance|[upkeep]\n|upkeep\n|\n|t:|1776212891\n|switch|p2b: Basculegion|Basculegion, L50, M|100/100\n|turn|6\n|\n|t:|1776212900\n|move|p1a: Whimsicott|Sunny Day|p1a: Whimsicott\n|-weather|SunnyDay\n|move|p1b: Garchomp|Rock Slide|p2b: Basculegion|[spread] p2a,p2b\n|-damage|p2a: Whimsicott|31/100\n|-damage|p2b: Basculegion|76/100\n|move|p2b: Basculegion|Last Respects|p1b: Garchomp\n|-damage|p1b: Garchomp|24/100\n|cant|p2a: Whimsicott|flinch\n|\n|-weather|SunnyDay|[upkeep]\n|upkeep\n|turn|7\n|\n|t:|1776212912\n|move|p1b: Garchomp|Rock Slide|p2b: Basculegion|[spread] p2a,p2b\n|-damage|p2a: Whimsicott|5/100\n|-damage|p2b: Basculegion|51/100\n|move|p2b: Basculegion|Last Respects|p1b: Garchomp\n|-damage|p1b: Garchomp|0 fnt\n|faint|p1b: Garchomp\n|move|p1a: Whimsicott|Moonblast|p2b: Basculegion\n|-damage|p2b: Basculegion|24/100\n|cant|p2a: Whimsicott|flinch\n|\n|-weather|SunnyDay|[upkeep]\n|upkeep\n|\n|t:|1776212926\n|switch|p1b: Delphox|Delphox-Mega, L50, M|60/100\n|turn|8\n|\n|t:|1776212939\n|move|p1b: Delphox|Psychic|p2b: Basculegion\n|-damage|p2b: Basculegion|0 fnt\n|faint|p2b: Basculegion\n|move|p2a: Whimsicott|Endeavor|p1a: Whimsicott\n|-damage|p1a: Whimsicott|5/100\n|move|p1a: Whimsicott|Moonblast|p2a: Whimsicott\n|-damage|p2a: Whimsicott|0 fnt\n|faint|p2a: Whimsicott\n|\n|win|Autin Mago\n|raw|Autin Mago's rating: 1229 &rarr; <strong>1258</strong><br />(+29 for winning)\n|raw|nngf\u9b3c\u8749\u4fa0's rating: 1281 &rarr; <strong>1252</strong><br />(-29 for losing)\n|c|\u2606Autin Mago|Gg wp\n",
  "uploadtime": 1776212951,
  "views": 24,
  "formatid": "gen9championsvgc2026regma",
  "rating": 1252,
  "private": 0,
  "password": null
}