{
  "id": "gen9championsvgc2026regma-2587985215",
  "format": "[Gen 9 Champions] VGC 2026 Reg M-A",
  "players": [
    "Melonnolem",
    "Flakenz"
  ],
  "log": "|j|\u2606Melonnolem\n|j|\u2606Flakenz\n|t:|1776588841\n|gametype|doubles\n|player|p1|Melonnolem|arven-s|1514\n|player|p2|Flakenz|boarder|1476\n|gen|9\n|tier|[Gen 9 Champions] VGC 2026 Reg M-A\n|rated|\n|rule|Species Clause: Limit one of each Pok\u00e9mon\n|rule|Item Clause: Limit 1 of each item\n|clearpoke\n|poke|p1|Crabominable, L50, M, shiny|\n|poke|p1|Incineroar, L50, M|\n|poke|p1|Slowking-Galar, L50, M|\n|poke|p1|Kingambit, L50, M, shiny|\n|poke|p1|Primarina, L50, F|\n|poke|p1|Sinistcha-Masterpiece, L50|\n|poke|p2|Gengar, L50, M|\n|poke|p2|Kingambit, L50, M|\n|poke|p2|Talonflame, L50, M, shiny|\n|poke|p2|Blastoise, L50, M|\n|poke|p2|Sinistcha, L50|\n|poke|p2|Arcanine-Hisui, L50, M|\n|teampreview|4\n|\n|t:|1776588866\n|teamsize|p1|4\n|teamsize|p2|4\n|start\n|switch|p1a: Sinistcha|Sinistcha-Masterpiece, L50|100/100\n|switch|p1b: Incineroar|Incineroar, L50, M|100/100\n|switch|p2a: Gengar|Gengar, L50, M|100/100\n|switch|p2b: Blastoise|Blastoise, L50, M|100/100\n|-ability|p1b: Incineroar|Intimidate|boost\n|-unboost|p2a: Gengar|atk|1\n|-unboost|p2b: Blastoise|atk|1\n|turn|1\n|inactive|Battle timer is ON: inactive players will automatically lose when time's up. (requested by Melonnolem)\n|j| CrazyyBoi\n|\n|t:|1776588893\n|detailschange|p2b: Blastoise|Blastoise-Mega, L50, M\n|-mega|p2b: Blastoise|Blastoise|Blastoisinite\n|move|p1b: Incineroar|Fake Out|p2b: Blastoise\n|-damage|p2b: Blastoise|90/100\n|move|p2a: Gengar|Sludge Bomb|p1a: Sinistcha\n|-damage|p1a: Sinistcha|51/100\n|cant|p2b: Blastoise|flinch\n|move|p1a: Sinistcha|Trick Room|p1a: Sinistcha\n|-fieldstart|move: Trick Room|[of] p1a: Sinistcha\n|\n|upkeep\n|turn|2\n|\n|t:|1776588909\n|move|p1b: Incineroar|Darkest Lariat|p2a: Gengar\n|-supereffective|p2a: Gengar|1\n|-damage|p2a: Gengar|0 fnt\n|faint|p2a: Gengar\n|move|p1a: Sinistcha|Matcha Gotcha|p2b: Blastoise\n|-supereffective|p2b: Blastoise|1\n|-damage|p2b: Blastoise|28/100\n|-heal|p1a: Sinistcha|80/100|[from] drain|[of] p2b: Blastoise\n|move|p2b: Blastoise|Water Spout|p1a: Sinistcha|[spread] p1a,p1b\n|-resisted|p1a: Sinistcha|1\n|-supereffective|p1b: Incineroar|1\n|-damage|p1a: Sinistcha|72/100\n|-damage|p1b: Incineroar|77/100\n|\n|upkeep\n|\n|t:|1776588922\n|switch|p2a: Kingambit|Kingambit, L50, M|100/100\n|turn|3\n|\n|t:|1776588931\n|move|p2a: Kingambit|Sucker Punch|p1a: Sinistcha\n|-supereffective|p1a: Sinistcha|1\n|-damage|p1a: Sinistcha|11/100\n|-enditem|p1a: Sinistcha|Sitrus Berry|[eat]\n|-heal|p1a: Sinistcha|36/100|[from] item: Sitrus Berry\n|move|p1b: Incineroar|Flare Blitz|p2a: Kingambit\n|-supereffective|p2a: Kingambit|1\n|-damage|p2a: Kingambit|26/100\n|-status|p2a: Kingambit|brn\n|-damage|p1b: Incineroar|52/100|[from] Recoil\n|move|p1a: Sinistcha|Matcha Gotcha|p2b: Blastoise|[spread] p2a\n|-miss|p1a: Sinistcha|p2b: Blastoise\n|-resisted|p2a: Kingambit|1\n|-crit|p2a: Kingambit\n|-damage|p2a: Kingambit|7/100 brn\n|-heal|p1a: Sinistcha|47/100|[from] drain|[of] p2a: Kingambit\n|move|p2b: Blastoise|Aura Sphere|p1b: Incineroar\n|-supereffective|p1b: Incineroar|1\n|-enditem|p1b: Incineroar|Chople Berry|[eat]\n|-enditem|p1b: Incineroar|Chople Berry|[weaken]\n|-damage|p1b: Incineroar|19/100\n|\n|-damage|p2a: Kingambit|1/100 brn|[from] brn\n|upkeep\n|turn|4\n|j| sammap\n|inactive|Flakenz has 30 seconds left.\n|\n|t:|1776588956\n|switch|p2a: Sinistcha|Sinistcha, L50|100/100\n|-heal|p2b: Blastoise|53/100|[from] ability: Hospitality|[of] p2a: Sinistcha\n|switch|p1a: Primarina|Primarina, L50, F|100/100\n|move|p2b: Blastoise|Protect|p2b: Blastoise\n|-singleturn|p2b: Blastoise|Protect\n|move|p1b: Incineroar|Darkest Lariat|p2b: Blastoise\n|-activate|p2b: Blastoise|move: Protect\n|\n|upkeep\n|turn|5\n|\n|t:|1776588970\n|switch|p2b: Kingambit|Kingambit, L50, M|1/100 brn\n|move|p1b: Incineroar|Flare Blitz|p2a: Sinistcha\n|-supereffective|p2a: Sinistcha|1\n|-damage|p2a: Sinistcha|23/100\n|-enditem|p2a: Sinistcha|Sitrus Berry|[eat]\n|-heal|p2a: Sinistcha|48/100|[from] item: Sitrus Berry\n|-damage|p1b: Incineroar|0 fnt|[from] Recoil\n|faint|p1b: Incineroar\n|move|p1a: Primarina|Calm Mind|p1a: Primarina\n|-boost|p1a: Primarina|spa|1\n|-boost|p1a: Primarina|spd|1\n|move|p2a: Sinistcha|Matcha Gotcha|p1a: Primarina\n|-supereffective|p1a: Primarina|1\n|-damage|p1a: Primarina|72/100\n|-heal|p2a: Sinistcha|63/100|[from] drain|[of] p1a: Primarina\n|-status|p1a: Primarina|brn\n|\n|-heal|p1a: Primarina|78/100 brn|[from] item: Leftovers\n|-damage|p1a: Primarina|72/100 brn|[from] brn\n|-damage|p2b: Kingambit|0 fnt|[from] brn\n|faint|p2b: Kingambit\n|-fieldend|move: Trick Room\n|upkeep\n|\n|t:|1776588991\n|switch|p2b: Blastoise|Blastoise-Mega, L50, M|53/100\n|switch|p1b: Sinistcha|Sinistcha-Masterpiece, L50|47/100\n|-heal|p1a: Primarina|96/100 brn|[from] ability: Hospitality|[of] p1b: Sinistcha\n|turn|6\n|\n|t:|1776589001\n|switch|p1b: Crabominable|Crabominable, L50, M, shiny|100/100\n|move|p2b: Blastoise|Dark Pulse|p1b: Crabominable\n|-resisted|p1b: Crabominable|1\n|-damage|p1b: Crabominable|74/100\n|move|p2a: Sinistcha|Matcha Gotcha|p1b: Crabominable|[spread] p1a,p1b\n|-supereffective|p1a: Primarina|1\n|-damage|p1a: Primarina|73/100 brn\n|-heal|p2a: Sinistcha|75/100|[from] drain|[of] p1a: Primarina\n|-damage|p1b: Crabominable|48/100\n|-heal|p2a: Sinistcha|88/100|[from] drain|[of] p1b: Crabominable\n|-status|p1b: Crabominable|brn\n|move|p1a: Primarina|Moonblast|p2a: Sinistcha\n|-damage|p2a: Sinistcha|29/100\n|\n|-heal|p1a: Primarina|79/100 brn|[from] item: Leftovers\n|-damage|p1a: Primarina|73/100 brn|[from] brn\n|-damage|p1b: Crabominable|42/100 brn|[from] brn\n|upkeep\n|turn|7\n|l| sammap\n|inactive|Flakenz has 30 seconds left.\n|\n|t:|1776589026\n|switch|p1b: Sinistcha|Sinistcha-Masterpiece, L50|47/100\n|-heal|p1a: Primarina|97/100 brn|[from] ability: Hospitality|[of] p1b: Sinistcha\n|move|p2b: Blastoise|Aura Sphere|p1b: Sinistcha\n|-immune|p1b: Sinistcha\n|move|p2a: Sinistcha|Matcha Gotcha|p1a: Primarina|[spread] p1b\n|-miss|p2a: Sinistcha|p1a: Primarina\n|-resisted|p1b: Sinistcha|1\n|-damage|p1b: Sinistcha|35/100\n|-heal|p2a: Sinistcha|35/100|[from] drain|[of] p1b: Sinistcha\n|move|p1a: Primarina|Moonblast|p2a: Sinistcha\n|-damage|p2a: Sinistcha|0 fnt\n|faint|p2a: Sinistcha\n|\n|-heal|p1a: Primarina|100/100 brn|[from] item: Leftovers\n|-damage|p1a: Primarina|95/100 brn|[from] brn\n|upkeep\n|turn|8\n|j| sammap\n|\n|t:|1776589049\n|move|p1b: Sinistcha|Protect|p1b: Sinistcha\n|-singleturn|p1b: Sinistcha|Protect\n|move|p2b: Blastoise|Dark Pulse|p1b: Sinistcha\n|-activate|p1b: Sinistcha|move: Protect\n|move|p1a: Primarina|Moonblast|p2b: Blastoise\n|-crit|p2b: Blastoise\n|-damage|p2b: Blastoise|0 fnt\n|faint|p2b: Blastoise\n|\n|win|Melonnolem\n|raw|Melonnolem's rating: 1514 &rarr; <strong>1532</strong><br />(+18 for winning)\n|raw|Flakenz's rating: 1476 &rarr; <strong>1458</strong><br />(-18 for losing)\n",
  "uploadtime": 1776589050,
  "views": 20,
  "formatid": "gen9championsvgc2026regma",
  "rating": 1458,
  "private": 0,
  "password": null
}