{
  "id": "gen9championsvgc2026regma-2587038575",
  "format": "[Gen 9 Champions] VGC 2026 Reg M-A",
  "players": [
    "kuanyou",
    "Phillip Blevin"
  ],
  "log": "|j|\u2606kuanyou\n|j|\u2606Phillip Blevin\n|t:|1776483998\n|gametype|doubles\n|player|p1|kuanyou|265|1464\n|player|p2|Phillip Blevin|cynthia-masters4|1431\n|gen|9\n|tier|[Gen 9 Champions] VGC 2026 Reg M-A\n|rated|\n|rule|Species Clause: Limit one of each Pok\u00e9mon\n|rule|Item Clause: Limit 1 of each item\n|clearpoke\n|poke|p1|Blastoise, L50, M|\n|poke|p1|Sneasler, L50, F|\n|poke|p1|Sylveon, L50, F|\n|poke|p1|Garchomp, L50, M|\n|poke|p1|Aerodactyl, L50, F|\n|poke|p1|Sinistcha, L50|\n|poke|p2|Gengar, L50, F|\n|poke|p2|Rotom-Wash, L50|\n|poke|p2|Sneasler, L50, M|\n|poke|p2|Corviknight, L50, M|\n|poke|p2|Incineroar, L50, F|\n|poke|p2|Floette-Eternal, L50, F|\n|teampreview|4\n|inactive|Battle timer is ON: inactive players will automatically lose when time's up. (requested by Phillip Blevin)\nPhillip Blevin has agreed to open team sheets.\n|inactive|kuanyou has 60 seconds left.\n|\n|t:|1776484029\n|teamsize|p1|4\n|teamsize|p2|4\n|start\n|switch|p1a: Blastoise|Blastoise, L50, M|100/100\n|switch|p1b: Sneasler|Sneasler, L50, F|100/100\n|switch|p2a: Rotom|Rotom-Wash, L50|100/100\n|switch|p2b: Floette|Floette-Eternal, L50, F|100/100\n|turn|1\n|inactive|kuanyou has 30 seconds left.\n|inactive|kuanyou has 20 seconds left.\n|inactive|Phillip Blevin has 30 seconds left.\n|\n|t:|1776484074\n|detailschange|p1a: Blastoise|Blastoise-Mega, L50, M\n|-mega|p1a: Blastoise|Blastoise|Blastoisinite\n|move|p2b: Floette|Protect|p2b: Floette\n|-singleturn|p2b: Floette|Protect\n|move|p1b: Sneasler|Fake Out|p2a: Rotom\n|-damage|p2a: Rotom|86/100\n|cant|p2a: Rotom|flinch\n|move|p1a: Blastoise|Shell Smash|p1a: Blastoise\n|-unboost|p1a: Blastoise|def|1\n|-unboost|p1a: Blastoise|spd|1\n|-boost|p1a: Blastoise|atk|2\n|-boost|p1a: Blastoise|spa|2\n|-boost|p1a: Blastoise|spe|2\n|\n|upkeep\n|turn|2\n|inactive|Phillip Blevin has 30 seconds left.\n|inactive|kuanyou has 30 seconds left.\n|inactive|kuanyou has 20 seconds left.\n|inactive|kuanyou has 15 seconds left.\n|\n|t:|1776484122\n|detailschange|p2b: Floette|Floette-Mega, L50, F\n|-mega|p2b: Floette|Floette|Floettite\n|-ability|p2b: Floette|Fairy Aura\n|move|p1a: Blastoise|Water Spout|p2a: Rotom|[spread] p2a,p2b\n|-resisted|p2a: Rotom|1\n|-damage|p2a: Rotom|20/100\n|-damage|p2b: Floette|10/100\n|move|p2a: Rotom|Volt Switch|p1a: Blastoise\n|-supereffective|p1a: Blastoise|1\n|-damage|p1a: Blastoise|27/100\n|\n|t:|1776484132\n|switch|p2a: Sneasler|Sneasler, L50, M|100/100|[from] Volt Switch\n|move|p1b: Sneasler|Close Combat|p2a: Sneasler\n|-resisted|p2a: Sneasler|1\n|-damage|p2a: Sneasler|49/100\n|-unboost|p1b: Sneasler|def|1\n|-unboost|p1b: Sneasler|spd|1\n|-enditem|p1b: Sneasler|White Herb\n|-clearnegativeboost|p1b: Sneasler|[silent]\n|move|p2b: Floette|Draining Kiss|p1a: Blastoise\n|-damage|p1a: Blastoise|0 fnt\n|-heal|p2b: Floette|29/100|[from] drain|[of] p1a: Blastoise\n|faint|p1a: Blastoise\n|\n|upkeep\n|\n|t:|1776484149\n|switch|p1a: Garchomp|Garchomp, L50, M|100/100\n|turn|3\n|\n|t:|1776484174\n|move|p2a: Sneasler|Fake Out|p1a: Garchomp\n|-damage|p1a: Garchomp|87/100\n|-damage|p2a: Sneasler|37/100|[from] ability: Rough Skin|[of] p1a: Garchomp\n|move|p1b: Sneasler|Close Combat|p2a: Sneasler\n|-resisted|p2a: Sneasler|1\n|-damage|p2a: Sneasler|0 fnt\n|-unboost|p1b: Sneasler|def|1\n|-unboost|p1b: Sneasler|spd|1\n|faint|p2a: Sneasler\n|cant|p1a: Garchomp|flinch\n|move|p2b: Floette|Draining Kiss|p1b: Sneasler\n|-damage|p1b: Sneasler|42/100\n|-heal|p2b: Floette|72/100|[from] drain|[of] p1b: Sneasler\n|\n|upkeep\n|\n|t:|1776484183\n|switch|p2a: Corviknight|Corviknight, L50, M|100/100\n|turn|4\n|inactive|kuanyou has 30 seconds left.\n|\n|t:|1776484212\n|move|p1b: Sneasler|Dire Claw|p2b: Floette\n|-supereffective|p2b: Floette|1\n|-damage|p2b: Floette|11/100\n|move|p1a: Garchomp|Stomping Tantrum|p2b: Floette\n|-damage|p2b: Floette|0 fnt\n|faint|p2b: Floette\n|move|p2a: Corviknight|Bulk Up|p2a: Corviknight\n|-boost|p2a: Corviknight|atk|1\n|-boost|p2a: Corviknight|def|1\n|\n|upkeep\n|\n|t:|1776484219\n|switch|p2b: Rotom|Rotom-Wash, L50|20/100\n|turn|5\n|\n|t:|1776484234\n|switch|p1a: Sinistcha|Sinistcha, L50|100/100\n|-heal|p1b: Sneasler|67/100|[from] ability: Hospitality|[of] p1a: Sinistcha\n|move|p1b: Sneasler|Close Combat|p2b: Rotom\n|-damage|p2b: Rotom|0 fnt\n|-unboost|p1b: Sneasler|def|1\n|-unboost|p1b: Sneasler|spd|1\n|faint|p2b: Rotom\n|move|p2a: Corviknight|Bulk Up|p2a: Corviknight\n|-boost|p2a: Corviknight|atk|1\n|-boost|p2a: Corviknight|def|1\n|\n|upkeep\n|turn|6\n|\n|t:|1776484259\n|move|p1b: Sneasler|Protect|p1b: Sneasler\n|-singleturn|p1b: Sneasler|Protect\n|move|p1a: Sinistcha|Matcha Gotcha|p2a: Corviknight|[miss]\n|-miss|p1a: Sinistcha|p2a: Corviknight\n|move|p2a: Corviknight|Brave Bird|p1a: Sinistcha\n|-supereffective|p1a: Sinistcha|1\n|-damage|p1a: Sinistcha|0 fnt\n|faint|p1a: Sinistcha\n|-damage|p2a: Corviknight|72/100|[from] Recoil\n|\n|-heal|p2a: Corviknight|78/100|[from] item: Leftovers\n|upkeep\n|\n|t:|1776484271\n|switch|p1a: Garchomp|Garchomp, L50, M|87/100\n|turn|7\n|\n|t:|1776484274\n|move|p1b: Sneasler|Close Combat|p2a: Corviknight\n|-damage|p2a: Corviknight|59/100\n|-unboost|p1b: Sneasler|def|1\n|-unboost|p1b: Sneasler|spd|1\n|move|p1a: Garchomp|Rock Slide|p2a: Corviknight\n|-damage|p2a: Corviknight|49/100\n|cant|p2a: Corviknight|flinch\n|\n|-heal|p2a: Corviknight|55/100|[from] item: Leftovers\n|upkeep\n|turn|8\n|\n|t:|1776484285\n|move|p1b: Sneasler|Close Combat|p2a: Corviknight\n|-damage|p2a: Corviknight|37/100\n|-unboost|p1b: Sneasler|def|1\n|-unboost|p1b: Sneasler|spd|1\n|move|p1a: Garchomp|Rock Slide|p2a: Corviknight\n|-damage|p2a: Corviknight|29/100\n|move|p2a: Corviknight|Roost|p2a: Corviknight\n|-heal|p2a: Corviknight|79/100\n|-singleturn|p2a: Corviknight|move: Roost\n|\n|-heal|p2a: Corviknight|85/100|[from] item: Leftovers\n|upkeep\n|turn|9\n|\n|t:|1776484297\n|move|p1b: Sneasler|Close Combat|p2a: Corviknight\n|-damage|p2a: Corviknight|66/100\n|-unboost|p1b: Sneasler|def|1\n|-unboost|p1b: Sneasler|spd|1\n|move|p1a: Garchomp|Rock Slide|p2a: Corviknight\n|-damage|p2a: Corviknight|58/100\n|move|p2a: Corviknight|Body Press|p1b: Sneasler\n|-resisted|p1b: Sneasler|1\n|-damage|p1b: Sneasler|0 fnt\n|faint|p1b: Sneasler\n|\n|-heal|p2a: Corviknight|63/100|[from] item: Leftovers\n|upkeep\n|turn|10\n|\n|t:|1776484308\n|move|p1a: Garchomp|Rock Slide|p2a: Corviknight\n|-damage|p2a: Corviknight|54/100\n|cant|p2a: Corviknight|flinch\n|\n|-heal|p2a: Corviknight|60/100|[from] item: Leftovers\n|upkeep\n|turn|11\n|\n|t:|1776484312\n|move|p1a: Garchomp|Rock Slide|p2a: Corviknight\n|-damage|p2a: Corviknight|51/100\n|cant|p2a: Corviknight|flinch\n|\n|-heal|p2a: Corviknight|57/100|[from] item: Leftovers\n|upkeep\n|turn|12\n|\n|t:|1776484324\n|move|p1a: Garchomp|Rock Slide|p2a: Corviknight\n|-damage|p2a: Corviknight|48/100\n|move|p2a: Corviknight|Roost|p2a: Corviknight\n|-heal|p2a: Corviknight|98/100\n|-singleturn|p2a: Corviknight|move: Roost\n|\n|-heal|p2a: Corviknight|100/100|[from] item: Leftovers\n|upkeep\n|turn|13\n|\n|t:|1776484336\n|move|p1a: Garchomp|Rock Slide|p2a: Corviknight\n|-damage|p2a: Corviknight|92/100\n|move|p2a: Corviknight|Brave Bird|p1a: Garchomp\n|-damage|p1a: Garchomp|18/100\n|-damage|p2a: Corviknight|80/100|[from] ability: Rough Skin|[of] p1a: Garchomp\n|-damage|p2a: Corviknight|58/100|[from] Recoil\n|\n|-heal|p2a: Corviknight|63/100|[from] item: Leftovers\n|upkeep\n|turn|14\n|\n|t:|1776484340\n|move|p1a: Garchomp|Rock Slide|p2a: Corviknight|[miss]\n|-miss|p1a: Garchomp|p2a: Corviknight\n|move|p2a: Corviknight|Body Press|p1a: Garchomp\n|-crit|p1a: Garchomp\n|-damage|p1a: Garchomp|0 fnt\n|-damage|p2a: Corviknight|51/100|[from] ability: Rough Skin|[of] p1a: Garchomp\n|faint|p1a: Garchomp\n|\n|win|Phillip Blevin\n|raw|kuanyou's rating: 1464 &rarr; <strong>1442</strong><br />(-22 for losing)\n|raw|Phillip Blevin's rating: 1431 &rarr; <strong>1453</strong><br />(+22 for winning)\n",
  "uploadtime": 1776484340,
  "views": 39,
  "formatid": "gen9championsvgc2026regma",
  "rating": 1442,
  "private": 0,
  "password": null
}