{
  "id": "gen9championsvgc2026regma-2585160952",
  "format": "[Gen 9 Champions] VGC 2026 Reg M-A",
  "players": [
    "Phillip Blevin",
    "heart of draco"
  ],
  "log": "|j|\u2606Phillip Blevin\n|j|\u2606heart of draco\n|t:|1776319341\n|gametype|doubles\n|player|p1|Phillip Blevin|cynthia-masters4|1138\n|player|p2|heart of draco|2|1167\n|gen|9\n|tier|[Gen 9 Champions] VGC 2026 Reg M-A\n|rated|\n|rule|Species Clause: Limit one of each Pok\u00e9mon\n|rule|Item Clause: Limit 1 of each item\n|clearpoke\n|poke|p1|Ceruledge, L50, M|\n|poke|p1|Corviknight, L50, F|\n|poke|p1|Garchomp, L50, M|\n|poke|p1|Arcanine-Hisui, L50, M|\n|poke|p1|Froslass, L50, F|\n|poke|p1|Rotom-Wash, L50|\n|poke|p2|Kommo-o, L50, F|\n|poke|p2|Sneasler, L50, M|\n|poke|p2|Floette-Eternal, L50, F|\n|poke|p2|Volcarona, L50, M|\n|poke|p2|Sinistcha, L50|\n|poke|p2|Milotic, L50, M|\n|teampreview|4\n|inactive|Battle timer is ON: inactive players will automatically lose when time's up. (requested by Phillip Blevin)\nPhillip Blevin has agreed to open team sheets.\n|inactive|Phillip Blevin has 60 seconds left.\n|inactive|heart of draco has 60 seconds left.\n|\n|t:|1776319378\n|teamsize|p1|4\n|teamsize|p2|4\n|start\n|switch|p1a: Froslass|Froslass, L50, F|100/100\n|switch|p1b: Rotom|Rotom-Wash, L50|100/100\n|switch|p2a: Kommo-o|Kommo-o, L50, F|100/100\n|switch|p2b: Milotic|Milotic, L50, M|100/100\n|turn|1\n|inactive|heart of draco has 30 seconds left.\n|\n|t:|1776319405\n|switch|p2b: Floette|Floette-Eternal, L50, F|100/100\n|detailschange|p1a: Froslass|Froslass-Mega, L50, F\n|-mega|p1a: Froslass|Froslass|Froslassite\n|-weather|Snowscape|[from] ability: Snow Warning|[of] p1a: Froslass\n|move|p1b: Rotom|Volt Switch|p2b: Floette\n|-damage|p2b: Floette|78/100\n|\n|t:|1776319414\n|switch|p1b: Ceruledge|Ceruledge, L50, M|100/100|[from] Volt Switch\n|move|p2a: Kommo-o|Throat Chop|p1a: Froslass\n|-supereffective|p1a: Froslass|1\n|-damage|p1a: Froslass|57/100\n|-start|p1a: Froslass|Throat Chop|[silent]\n|move|p1a: Froslass|Blizzard|p2b: Floette|[spread] p2a,p2b\n|-supereffective|p2a: Kommo-o|1\n|-damage|p2a: Kommo-o|0 fnt\n|-damage|p2b: Floette|43/100\n|faint|p2a: Kommo-o\n|\n|-weather|Snowscape|[upkeep]\n|upkeep\n|\n|t:|1776319427\n|switch|p2a: Sneasler|Sneasler, L50, M|100/100\n|turn|2\n|\n|t:|1776319448\n|move|p1a: Froslass|Protect|p1a: Froslass\n|-singleturn|p1a: Froslass|Protect\n|move|p2b: Floette|Protect|p2b: Floette\n|-singleturn|p2b: Floette|Protect\n|move|p2a: Sneasler|Rock Slide|p1b: Ceruledge|[spread] p1b\n|-activate|p1a: Froslass|move: Protect\n|-supereffective|p1b: Ceruledge|1\n|-damage|p1b: Ceruledge|36/100\n|move|p1b: Ceruledge|Poltergeist|p2a: Sneasler\n|-activate|p2a: Sneasler|move: Poltergeist|Focus Sash\n|-damage|p2a: Sneasler|1/100\n|\n|-weather|Snowscape|[upkeep]\n|-end|p1a: Froslass|Throat Chop|[silent]\n|upkeep\n|turn|3\n|inactive|heart of draco has 30 seconds left.\n|\n|t:|1776319473\n|detailschange|p2b: Floette|Floette-Mega, L50, F\n|-mega|p2b: Floette|Floette|Floettite\n|-ability|p2b: Floette|Fairy Aura\n|move|p1b: Ceruledge|Shadow Sneak|p2a: Sneasler\n|-damage|p2a: Sneasler|0 fnt\n|faint|p2a: Sneasler\n|move|p1a: Froslass|Blizzard|p2b: Floette\n|-damage|p2b: Floette|2/100\n|move|p2b: Floette|Draining Kiss|p1a: Froslass\n|-damage|p1a: Froslass|18/100\n|-heal|p2b: Floette|26/100|[from] drain|[of] p1a: Froslass\n|\n|-weather|Snowscape|[upkeep]\n|upkeep\n|\n|t:|1776319484\n|switch|p2a: Milotic|Milotic, L50, M|100/100\n|turn|4\n|\n|t:|1776319493\n|move|p2b: Floette|Protect|p2b: Floette\n|-singleturn|p2b: Floette|Protect\n|move|p1a: Froslass|Blizzard|p2b: Floette|[spread] p2a\n|-activate|p2b: Floette|move: Protect\n|-resisted|p2a: Milotic|1\n|-damage|p2a: Milotic|80/100\n|move|p1b: Ceruledge|Poltergeist|p2a: Milotic\n|-activate|p2a: Milotic|move: Poltergeist|Mystic Water\n|-damage|p2a: Milotic|3/100\n|move|p2a: Milotic|Muddy Water|p1a: Froslass|[spread] p1b\n|-miss|p2a: Milotic|p1a: Froslass\n|-supereffective|p1b: Ceruledge|1\n|-damage|p1b: Ceruledge|0 fnt\n|faint|p1b: Ceruledge\n|\n|-weather|Snowscape|[upkeep]\n|upkeep\n|\n|t:|1776319503\n|switch|p1b: Rotom|Rotom-Wash, L50|100/100\n|turn|5\n|\n|t:|1776319518\n|move|p1b: Rotom|Volt Switch|p2b: Floette\n|-damage|p2b: Floette|7/100\n|\n|t:|1776319521\n|switch|p1b: Garchomp|Garchomp, L50, M|100/100|[from] Volt Switch\n|move|p1a: Froslass|Blizzard|p2a: Milotic|[spread] p2a,p2b\n|-resisted|p2a: Milotic|1\n|-damage|p2a: Milotic|0 fnt\n|-damage|p2b: Floette|0 fnt\n|faint|p2a: Milotic\n|faint|p2b: Floette\n|\n|win|Phillip Blevin\n|raw|Phillip Blevin's rating: 1138 &rarr; <strong>1165</strong><br />(+27 for winning)\n|raw|heart of draco's rating: 1167 &rarr; <strong>1140</strong><br />(-27 for losing)\n",
  "uploadtime": 1776319522,
  "views": 22,
  "formatid": "gen9championsvgc2026regma",
  "rating": 1140,
  "private": 0,
  "password": null
}