{
  "id": "gen9championsvgc2026regma-2585226860",
  "format": "[Gen 9 Champions] VGC 2026 Reg M-A",
  "players": [
    "4bied",
    "Capitan_Fosforo"
  ],
  "log": "|j|\u26064bied\n|j|\u2606Capitan_Fosforo\n|t:|1776327305\n|gametype|doubles\n|player|p1|4bied|giovanni|1126\n|player|p2|Capitan_Fosforo|n|1082\n|gen|9\n|tier|[Gen 9 Champions] VGC 2026 Reg M-A\n|rated|\n|rule|Species Clause: Limit one of each Pok\u00e9mon\n|rule|Item Clause: Limit 1 of each item\n|clearpoke\n|poke|p1|Gengar, L50, M|\n|poke|p1|Incineroar, L50, M|\n|poke|p1|Kingambit, L50, F|\n|poke|p1|Sinistcha, L50|\n|poke|p1|Kommo-o, L50, F|\n|poke|p1|Tyranitar, L50, M|\n|poke|p2|Volcarona, L50, M|\n|poke|p2|Zoroark-Hisui, L50, M|\n|poke|p2|Milotic, L50, F|\n|poke|p2|Ninetales-Alola, L50, M|\n|poke|p2|Corviknight, L50, M|\n|poke|p2|Garchomp, L50, F|\n|teampreview|4\n|\n|t:|1776327332\n|teamsize|p1|4\n|teamsize|p2|4\n|start\n|switch|p1a: Gengar|Gengar, L50, M|100/100\n|switch|p1b: Incineroar|Incineroar, L50, M|100/100\n|switch|p2a: Solarona|Volcarona, L50, M|100/100\n|switch|p2b: Milotic|Milotic, L50, F|100/100\n|-ability|p1b: Incineroar|Intimidate|boost\n|-unboost|p2a: Solarona|atk|1\n|-unboost|p2b: Milotic|atk|1\n|turn|1\n|\n|t:|1776327360\n|detailschange|p1a: Gengar|Gengar-Mega, L50, M\n|-mega|p1a: Gengar|Gengar|Gengarite\n|move|p1a: Gengar|Perish Song|p1a: Gengar\n|-start|p1a: Gengar|perish3|[silent]\n|-start|p1b: Incineroar|perish3|[silent]\n|-start|p2a: Solarona|perish3|[silent]\n|-start|p2b: Milotic|perish3|[silent]\n|-fieldactivate|move: Perish Song\n|move|p2b: Milotic|Bitter Malice|p1a: Gengar\n|-supereffective|p1a: Gengar|1\n|-damage|p1a: Gengar|14/100\n|-unboost|p1a: Gengar|atk|1\n|move|p2a: Solarona|Quiver Dance|p2a: Solarona\n|-boost|p2a: Solarona|spa|1\n|-boost|p2a: Solarona|spd|1\n|-boost|p2a: Solarona|spe|1\n|move|p1b: Incineroar|Throat Chop|p2a: Solarona\n|-damage|p2a: Solarona|57/100\n|-start|p2a: Solarona|Throat Chop|[silent]\n|\n|-start|p1a: Gengar|perish3\n|-start|p2a: Solarona|perish3\n|-start|p2b: Milotic|perish3\n|-start|p1b: Incineroar|perish3\n|upkeep\n|turn|2\n|\n|t:|1776327389\n|move|p1a: Gengar|Protect|p1a: Gengar\n|-singleturn|p1a: Gengar|Protect\n|move|p2a: Solarona|Quiver Dance|p2a: Solarona\n|-boost|p2a: Solarona|spa|1\n|-boost|p2a: Solarona|spd|1\n|-boost|p2a: Solarona|spe|1\n|move|p2b: Milotic|Focus Blast|p1b: Incineroar|[miss]\n|-miss|p2b: Milotic|p1b: Incineroar\n|move|p1b: Incineroar|Throat Chop|p2b: Milotic\n|-supereffective|p2b: Milotic|1\n|-crit|p2b: Milotic\n|-enditem|p2b: Milotic|Focus Sash\n|-damage|p2b: Milotic|1/100\n|-start|p2b: Milotic|Throat Chop|[silent]\n|replace|p2b: Yuki|Zoroark-Hisui, L50, M, shiny\n|-end|p2b: Yuki|Illusion\n|\n|-end|p2a: Solarona|Throat Chop|[silent]\n|-start|p2a: Solarona|perish2\n|-start|p1a: Gengar|perish2\n|-start|p2b: Yuki|perish2\n|-start|p1b: Incineroar|perish2\n|upkeep\n|turn|3\n|\n|t:|1776327440\n|switch|p1a: Tyranitar|Tyranitar, L50, M|100/100\n|-weather|Sandstorm|[from] ability: Sand Stream|[of] p1a: Tyranitar\n|move|p2a: Solarona|Fiery Dance|p1a: Tyranitar\n|-resisted|p1a: Tyranitar|1\n|-damage|p1a: Tyranitar|72/100\n|move|p2b: Yuki|U-turn|p1b: Incineroar\n|-damage|p1b: Incineroar|91/100\n|\n|t:|1776327449\n|switch|p2b: Ninetales|Ninetales-Alola, L50, M|100/100|[from] U-turn\n|-weather|Snowscape|[from] ability: Snow Warning|[of] p2b: Ninetales\n|move|p1b: Incineroar|Parting Shot|p2a: Solarona\n|-unboost|p2a: Solarona|atk|1\n|-unboost|p2a: Solarona|spa|1\n|\n|t:|1776327457\n|switch|p1b: Gengar|Gengar-Mega, L50, M|14/100|[from] Parting Shot\n|\n|-weather|Snowscape|[upkeep]\n|-start|p2a: Solarona|perish1\n|upkeep\n|turn|4\n|\n|t:|1776327471\n|switch|p1a: Incineroar|Incineroar, L50, M|91/100\n|-ability|p1a: Incineroar|Intimidate|boost\n|-unboost|p2a: Solarona|atk|1\n|-unboost|p2b: Ninetales|atk|1\n|move|p1b: Gengar|Protect|p1b: Gengar\n|-singleturn|p1b: Gengar|Protect\n|move|p2a: Solarona|Bug Buzz|p1a: Incineroar\n|-damage|p1a: Incineroar|37/100\n|move|p2b: Ninetales|Aurora Veil|p2b: Ninetales\n|-sidestart|p2: Capitan_Fosforo|move: Aurora Veil\n|\n|-weather|Snowscape|[upkeep]\n|-start|p2a: Solarona|perish0\n|faint|p2a: Solarona\n|upkeep\n|\n|t:|1776327483\n|switch|p2a: Milotic|Milotic, L50, F|100/100\n|turn|5\n|\n|t:|1776327498\n|move|p1a: Incineroar|Fake Out|p2b: Ninetales\n|-damage|p2b: Ninetales|93/100\n|move|p1b: Gengar|Perish Song|p1b: Gengar\n|-start|p1a: Incineroar|perish3|[silent]\n|-start|p1b: Gengar|perish3|[silent]\n|-start|p2a: Milotic|perish3|[silent]\n|-start|p2b: Ninetales|perish3|[silent]\n|-fieldactivate|move: Perish Song\n|cant|p2b: Ninetales|flinch\n|move|p2a: Milotic|Icy Wind|p1a: Incineroar|[spread] p1a,p1b\n|-resisted|p1a: Incineroar|1\n|-crit|p1b: Gengar\n|-damage|p1a: Incineroar|33/100\n|-damage|p1b: Gengar|0 fnt\n|-unboost|p1a: Incineroar|spe|1\n|faint|p1b: Gengar\n|\n|-weather|Snowscape|[upkeep]\n|-start|p2b: Ninetales|perish3\n|-start|p2a: Milotic|perish3\n|-start|p1a: Incineroar|perish3\n|upkeep\n|\n|t:|1776327519\n|switch|p1b: Sinistcha|Sinistcha, L50|100/100\n|-heal|p1a: Incineroar|58/100|[from] ability: Hospitality|[of] p1b: Sinistcha\n|turn|6\n|\n|t:|1776327551\n|move|p2b: Ninetales|Blizzard|p1b: Sinistcha|[spread] p1a,p1b\n|-resisted|p1a: Incineroar|1\n|-supereffective|p1b: Sinistcha|1\n|-damage|p1a: Incineroar|47/100\n|-damage|p1b: Sinistcha|42/100\n|-status|p1b: Sinistcha|frz\n|-enditem|p1b: Sinistcha|Sitrus Berry|[eat]\n|-heal|p1b: Sinistcha|67/100 frz|[from] item: Sitrus Berry\n|move|p2a: Milotic|Ice Beam|p1b: Sinistcha\n|-supereffective|p1b: Sinistcha|1\n|-damage|p1b: Sinistcha|27/100 frz\n|-curestatus|p1b: Sinistcha|frz|[from] move: Matcha Gotcha\n|move|p1b: Sinistcha|Matcha Gotcha|p2b: Ninetales|[spread] p2a,p2b\n|-supereffective|p2a: Milotic|1\n|-damage|p2a: Milotic|77/100\n|-heal|p1b: Sinistcha|40/100|[from] drain|[of] p2a: Milotic\n|-damage|p2b: Ninetales|74/100\n|-heal|p1b: Sinistcha|48/100|[from] drain|[of] p2b: Ninetales\n|move|p1a: Incineroar|Parting Shot|p2b: Ninetales\n|-unboost|p2b: Ninetales|atk|1\n|-unboost|p2b: Ninetales|spa|1\n|\n|t:|1776327574\n|switch|p1a: Tyranitar|Tyranitar, L50, M|72/100|[from] Parting Shot\n|-weather|Sandstorm|[from] ability: Sand Stream|[of] p1a: Tyranitar\n|\n|-weather|Sandstorm|[upkeep]\n|-damage|p2b: Ninetales|68/100|[from] Sandstorm\n|-damage|p2a: Milotic|71/100|[from] Sandstorm\n|-damage|p1b: Sinistcha|42/100|[from] Sandstorm\n|-start|p2b: Ninetales|perish2\n|-start|p2a: Milotic|perish2\n|upkeep\n|turn|7\n|l|\u2606Capitan_Fosforo\n|player|p2|\n|j|\u2606Capitan_Fosforo\n|player|p2|Capitan_Fosforo|n|\n|\n|t:|1776327607\n|move|p1a: Tyranitar|Rock Slide|p2a: Milotic|[spread] p2a,p2b\n|-supereffective|p2b: Ninetales|1\n|-damage|p2a: Milotic|56/100\n|-damage|p2b: Ninetales|12/100\n|move|p2b: Ninetales|Dazzling Gleam|p1b: Sinistcha|[spread] p1a,p1b\n|-supereffective|p1a: Tyranitar|1\n|-damage|p1a: Tyranitar|50/100\n|-damage|p1b: Sinistcha|26/100\n|move|p2a: Milotic|Ice Beam|p1b: Sinistcha\n|-supereffective|p1b: Sinistcha|1\n|-damage|p1b: Sinistcha|0 fnt\n|faint|p1b: Sinistcha\n|\n|-weather|Sandstorm|[upkeep]\n|-damage|p2b: Ninetales|6/100|[from] Sandstorm\n|-damage|p2a: Milotic|50/100|[from] Sandstorm\n|-start|p2b: Ninetales|perish1\n|-start|p2a: Milotic|perish1\n|upkeep\n|\n|t:|1776327625\n|switch|p1b: Incineroar|Incineroar, L50, M|47/100\n|-ability|p1b: Incineroar|Intimidate|boost\n|-unboost|p2a: Milotic|atk|1\n|-ability|p2a: Milotic|Competitive|boost\n|-boost|p2a: Milotic|spa|2\n|-unboost|p2b: Ninetales|atk|1\n|turn|8\n|\n|t:|1776327642\n|move|p1b: Incineroar|Fake Out|p2a: Milotic\n|-damage|p2a: Milotic|44/100\n|move|p1a: Tyranitar|Rock Slide|p2b: Ninetales|[spread] p2a,p2b\n|-supereffective|p2b: Ninetales|1\n|-damage|p2a: Milotic|29/100\n|-damage|p2b: Ninetales|0 fnt\n|faint|p2b: Ninetales\n|cant|p2a: Milotic|flinch\n|\n|-weather|Sandstorm|[upkeep]\n|-damage|p2a: Milotic|24/100|[from] Sandstorm\n|-damage|p1b: Incineroar|41/100|[from] Sandstorm\n|-start|p2a: Milotic|perish0\n|-sideend|p2: Capitan_Fosforo|move: Aurora Veil\n|upkeep\n|faint|p2a: Milotic\n|\n|t:|1776327658\n|switch|p2b: Yuki|Zoroark-Hisui, L50, M, shiny|1/100\n|turn|9\n|c|\u26064bied|Gg\n|\n|t:|1776327668\n|move|p1b: Incineroar|Protect|p1b: Incineroar\n|-singleturn|p1b: Incineroar|Protect\n|move|p1a: Tyranitar|Rock Slide|p2b: Yuki\n|-damage|p2b: Yuki|0 fnt\n|faint|p2b: Yuki\n|\n|win|4bied\n|raw|4bied's rating: 1126 &rarr; <strong>1148</strong><br />(+22 for winning)\n|raw|Capitan_Fosforo's rating: 1082 &rarr; <strong>1063</strong><br />(-19 for losing)\n|l|\u2606Capitan_Fosforo\n|player|p2|\n",
  "uploadtime": 1776327679,
  "views": 19,
  "formatid": "gen9championsvgc2026regma",
  "rating": 1063,
  "private": 0,
  "password": null
}