{
  "id": "gen9championsvgc2026regma-2582907481",
  "format": "[Gen 9 Champions] VGC 2026 Reg M-A",
  "players": [
    "Poliwhirl100",
    "alfre22"
  ],
  "log": "|j|\u2606Poliwhirl100\n|j|\u2606alfre22\n|t:|1776123932\n|gametype|doubles\n|player|p1|Poliwhirl100|preschooler|1112\n|player|p2|alfre22|170|1136\n|gen|9\n|tier|[Gen 9 Champions] VGC 2026 Reg M-A\n|rated|\n|rule|Species Clause: Limit one of each Pok\u00e9mon\n|rule|Item Clause: Limit 1 of each item\n|clearpoke\n|poke|p1|Aerodactyl, L50, M|\n|poke|p1|Sneasler, L50, M|\n|poke|p1|Excadrill, L50, M|\n|poke|p1|Tyranitar, L50, F|\n|poke|p1|Farigiraf, L50, M|\n|poke|p1|Incineroar, L50, F|\n|poke|p2|Charizard, L50, M|\n|poke|p2|Venusaur, L50, F|\n|poke|p2|Incineroar, L50, M|\n|poke|p2|Whimsicott, L50, M|\n|poke|p2|Rotom-Wash, L50|\n|poke|p2|Garchomp, L50, F|\n|teampreview|4\n|inactive|Battle timer is ON: inactive players will automatically lose when time's up. (requested by alfre22)\n|inactive|Poliwhirl100 has 60 seconds left.\n|inactive|alfre22 has 60 seconds left.\n|\n|t:|1776123972\n|teamsize|p1|4\n|teamsize|p2|4\n|start\n|switch|p1a: Aerodactyl|Aerodactyl, L50, M|100/100\n|switch|p1b: Excadrill|Excadrill, L50, M|100/100\n|switch|p2a: Whimsicott|Whimsicott, L50, M, shiny|100/100\n|switch|p2b: Rotom|Rotom-Wash, L50, shiny|100/100\n|-ability|p1a: Aerodactyl|Unnerve\n|turn|1\n|\n|t:|1776123981\n|move|p2a: Whimsicott|Protect|p2a: Whimsicott\n|-singleturn|p2a: Whimsicott|Protect\n|move|p1b: Excadrill|Protect|p1b: Excadrill\n|-singleturn|p1b: Excadrill|Protect\n|move|p1a: Aerodactyl|Dual Wingbeat|p2a: Whimsicott\n|-activate|p2a: Whimsicott|move: Protect\n|move|p2b: Rotom|Will-O-Wisp|p1a: Aerodactyl|[miss]\n|-miss|p2b: Rotom|p1a: Aerodactyl\n|\n|upkeep\n|turn|2\n|\n|t:|1776123996\n|move|p2a: Whimsicott|Tailwind|p2a: Whimsicott\n|-sidestart|p2: alfre22|move: Tailwind\n|move|p2b: Rotom|Will-O-Wisp|p1a: Aerodactyl\n|-status|p1a: Aerodactyl|brn\n|move|p1a: Aerodactyl|Dual Wingbeat|p2a: Whimsicott\n|-supereffective|p2a: Whimsicott|1\n|-damage|p2a: Whimsicott|71/100\n|-supereffective|p2a: Whimsicott|1\n|-crit|p2a: Whimsicott\n|-damage|p2a: Whimsicott|33/100\n|-hitcount|p2a: Whimsicott|2\n|move|p1b: Excadrill|Iron Head|p2b: Rotom\n|-resisted|p2b: Rotom|2\n|-damage|p2b: Rotom|88/100\n|\n|-heal|p2b: Rotom|94/100|[from] item: Leftovers\n|-damage|p1a: Aerodactyl|95/100 brn|[from] brn\n|upkeep\n|turn|3\n|\n|t:|1776124017\n|move|p2a: Whimsicott|Protect|p2a: Whimsicott\n|-singleturn|p2a: Whimsicott|Protect\n|move|p1b: Excadrill|Protect|p1b: Excadrill\n|-singleturn|p1b: Excadrill|Protect\n|move|p2b: Rotom|Will-O-Wisp|p1b: Excadrill\n|-activate|p1b: Excadrill|move: Protect\n|move|p1a: Aerodactyl|Taunt|p2b: Rotom\n|-start|p2b: Rotom|move: Taunt\n|\n|-heal|p2b: Rotom|99/100|[from] item: Leftovers\n|-damage|p1a: Aerodactyl|89/100 brn|[from] brn\n|upkeep\n|turn|4\n|\n|t:|1776124030\n|move|p2a: Whimsicott|Encore|p1b: Excadrill\n|-start|p1b: Excadrill|Encore\n|move|p1b: Excadrill|Protect||[still]\n|-fail|p1b: Excadrill\n|move|p2b: Rotom|Thunderbolt|p1a: Aerodactyl\n|-supereffective|p1a: Aerodactyl|1\n|-damage|p1a: Aerodactyl|0 fnt\n|faint|p1a: Aerodactyl\n|\n|-heal|p2b: Rotom|100/100|[from] item: Leftovers\n|upkeep\n|\n|t:|1776124035\n|switch|p1a: Sneasler|Sneasler, L50, M|100/100\n|turn|5\n|\n|t:|1776124050\n|switch|p1b: Tyranitar|Tyranitar, L50, F|100/100\n|-weather|Sandstorm|[from] ability: Sand Stream|[of] p1b: Tyranitar\n|move|p2a: Whimsicott|Protect|p2a: Whimsicott\n|-singleturn|p2a: Whimsicott|Protect\n|move|p2b: Rotom|Thunderbolt|p1a: Sneasler\n|-damage|p1a: Sneasler|43/100\n|move|p1a: Sneasler|Dire Claw|p2b: Rotom\n|-damage|p2b: Rotom|52/100\n|-status|p2b: Rotom|slp\n|\n|-weather|Sandstorm|[upkeep]\n|-damage|p2a: Whimsicott|28/100|[from] Sandstorm\n|-damage|p2b: Rotom|46/100 slp|[from] Sandstorm\n|-damage|p1a: Sneasler|37/100|[from] Sandstorm\n|-heal|p2b: Rotom|52/100 slp|[from] item: Leftovers\n|-sideend|p2: alfre22|move: Tailwind\n|upkeep\n|turn|6\n|inactive|Poliwhirl100 has 30 seconds left.\n|\n|t:|1776124075\n|switch|p1a: Excadrill|Excadrill, L50, M|100/100\n|move|p2a: Whimsicott|Tailwind|p2a: Whimsicott\n|-sidestart|p2: alfre22|move: Tailwind\n|cant|p2b: Rotom|slp\n|move|p1b: Tyranitar|Rock Slide|p2b: Rotom|[spread] p2a,p2b\n|-damage|p2a: Whimsicott|0 fnt\n|-damage|p2b: Rotom|18/100 slp\n|faint|p2a: Whimsicott\n|\n|-weather|Sandstorm|[upkeep]\n|-damage|p2b: Rotom|12/100 slp|[from] Sandstorm\n|-heal|p2b: Rotom|18/100 slp|[from] item: Leftovers\n|-end|p2b: Rotom|move: Taunt\n|upkeep\n|\n|t:|1776124091\n|switch|p2a: Garchomp|Garchomp, L50, F, shiny|100/100\n|turn|7\n|\n|t:|1776124105\n|detailschange|p1b: Tyranitar|Tyranitar-Mega, L50, F\n|-mega|p1b: Tyranitar|Tyranitar|Tyranitarite\n|move|p2a: Garchomp|Earthquake|p1b: Tyranitar|[spread] p1a,p1b\n|-immune|p2b: Rotom|[from] ability: Levitate\n|-supereffective|p1a: Excadrill|1\n|-supereffective|p1b: Tyranitar|1\n|-damage|p1a: Excadrill|0 fnt\n|-damage|p1b: Tyranitar|48/100\n|faint|p1a: Excadrill\n|cant|p2b: Rotom|slp\n|move|p1b: Tyranitar|Dragon Tail|p2a: Garchomp\n|-supereffective|p2a: Garchomp|1\n|-damage|p2a: Garchomp|46/100\n|-damage|p1b: Tyranitar|36/100|[from] ability: Rough Skin|[of] p2a: Garchomp\n|drag|p2a: Charizard|Charizard, L50, M|100/100\n|\n|-weather|Sandstorm|[upkeep]\n|-damage|p2a: Charizard|94/100|[from] Sandstorm\n|-damage|p2b: Rotom|12/100 slp|[from] Sandstorm\n|-heal|p2b: Rotom|18/100 slp|[from] item: Leftovers\n|upkeep\n|\n|t:|1776124113\n|switch|p1a: Sneasler|Sneasler, L50, M|37/100\n|turn|8\n|\n|t:|1776124137\n|detailschange|p2a: Charizard|Charizard-Mega-Y, L50, M\n|-mega|p2a: Charizard|Charizard|Charizardite Y\n|-weather|SunnyDay|[from] ability: Drought|[of] p2a: Charizard\n|move|p1a: Sneasler|Fake Out|p2b: Rotom\n|-damage|p2b: Rotom|0 fnt\n|faint|p2b: Rotom\n|move|p2a: Charizard|Heat Wave|p1b: Tyranitar|[spread] p1a,p1b\n|-resisted|p1b: Tyranitar|1\n|-damage|p1a: Sneasler|0 fnt\n|-damage|p1b: Tyranitar|10/100\n|faint|p1a: Sneasler\n|move|p1b: Tyranitar|Rock Slide|p2a: Charizard\n|-supereffective|p2a: Charizard|2\n|-damage|p2a: Charizard|0 fnt\n|faint|p2a: Charizard\n|\n|-weather|SunnyDay|[upkeep]\n|upkeep\n|\n|t:|1776124150\n|switch|p2b: Garchomp|Garchomp, L50, F, shiny|46/100\n|turn|9\n|\n|t:|1776124152\n|move|p1b: Tyranitar|Protect|p1b: Tyranitar\n|-singleturn|p1b: Tyranitar|Protect\n|move|p2b: Garchomp|Earthquake|p1b: Tyranitar\n|-activate|p1b: Tyranitar|move: Protect\n|\n|-weather|SunnyDay|[upkeep]\n|-sideend|p2: alfre22|move: Tailwind\n|upkeep\n|turn|10\n|\n|t:|1776124155\n|move|p2b: Garchomp|Earthquake|p1b: Tyranitar\n|-supereffective|p1b: Tyranitar|1\n|-damage|p1b: Tyranitar|0 fnt\n|faint|p1b: Tyranitar\n|\n|win|alfre22\n|raw|Poliwhirl100's rating: 1112 &rarr; <strong>1089</strong><br />(-23 for losing)\n|raw|alfre22's rating: 1136 &rarr; <strong>1159</strong><br />(+23 for winning)\n|l|\u2606Poliwhirl100\n|player|p1|\n",
  "uploadtime": 1776124160,
  "views": 15,
  "formatid": "gen9championsvgc2026regma",
  "rating": 1089,
  "private": 0,
  "password": null
}