{
  "id": "gen9championsvgc2026regma-2588593866",
  "format": "[Gen 9 Champions] VGC 2026 Reg M-A",
  "players": [
    "wuigamerbr",
    "valkirios"
  ],
  "log": "|j|\u2606wuigamerbr\n|j|\u2606valkirios\n|t:|1776648300\n|gametype|doubles\n|player|p1|wuigamerbr|sabrina|\n|player|p2|valkirios|265|\n|gen|9\n|tier|[Gen 9 Champions] VGC 2026 Reg M-A\n|rule|Species Clause: Limit one of each Pok\u00e9mon\n|rule|Item Clause: Limit 1 of each item\n|clearpoke\n|poke|p1|Passimian, L50, M|\n|poke|p1|Mamoswine, L50, F, shiny|\n|poke|p1|Tauros-Paldea-Blaze, L50, M|\n|poke|p1|Dragonite, L50, M|\n|poke|p1|Wyrdeer, L50, M|\n|poke|p1|Meganium, L50, F, shiny|\n|poke|p2|Lucario, L50, F|\n|poke|p2|Gardevoir, L50, F|\n|poke|p2|Arcanine, L50, F|\n|poke|p2|Gourgeist-Small, L50, F|\n|poke|p2|Gyarados, L50, M|\n|poke|p2|Kangaskhan, L50, F|\n|teampreview|4\nwuigamerbr rejected open team sheets.\n|j| Toak\n|j| EndeerSB\n|c| Toak|entra na call wui\n|c| EndeerSB|bora wui\n|\n|t:|1776648414\n|teamsize|p1|4\n|teamsize|p2|4\n|start\n|switch|p1a: Bobo|Dragonite, L50, M|100/100\n|switch|p1b: Ellie|Mamoswine, L50, F, shiny|100/100\n|switch|p2a: Gardevoir|Gardevoir, L50, F|100/100\n|switch|p2b: Kangaskhan|Kangaskhan, L50, F|100/100\n|-ability|p2a: Gardevoir|Inner Focus|Trace|[from] ability: Trace|[of] p1a: Bobo\n|turn|1\n|\n|t:|1776648443\n|detailschange|p2b: Kangaskhan|Kangaskhan-Mega, L50, F\n|-mega|p2b: Kangaskhan|Kangaskhan|Kangaskhanite\n|move|p1b: Ellie|Protect|p1b: Ellie\n|-singleturn|p1b: Ellie|Protect\n|move|p2b: Kangaskhan|Fake Out|p1a: Bobo\n|-damage|p1a: Bobo|86/100\n|-crit|p1a: Bobo\n|-damage|p1a: Bobo|82/100\n|-hitcount|p1a: Bobo|2\n|move|p2a: Gardevoir|Moonblast|p1a: Bobo\n|-supereffective|p1a: Bobo|1\n|-damage|p1a: Bobo|0 fnt\n|faint|p1a: Bobo\n|\n|upkeep\n|\n|t:|1776648454\n|switch|p1a: Fofa|Meganium, L50, F, shiny|100/100\n|turn|2\n|c|\u2606wuigamerbr|olc\n|c| Toak|u\u00e9\n|c| EndeerSB|fake out in inner focus \u00e9 novo\n|c| Toak|qq tu esperava\n|c|\u2606wuigamerbr|fake out no nite n era algo q eu esperava\n|c|\u2606wuigamerbr|:cowboy:\n|c|\u2606valkirios|so pra tirar o multiscale inexistente\n|c|\u2606valkirios|vai q n\u00e9\n|c|\u2606valkirios|vai q moonblast\n|c|\u2606valkirios|n finalisava\n|c| EndeerSB|essa meganium ai tem que trabalhar dobrado\n|\n|t:|1776648513\n|switch|p2a: Gyarados|Gyarados, L50, M|100/100\n|-ability|p2a: Gyarados|Intimidate|boost\n|-unboost|p1a: Fofa|atk|1\n|-fail|p1b: Ellie|unboost|Attack|[from] ability: Oblivious|[of] p1b: Ellie\n|move|p1a: Fofa|Protect|p1a: Fofa\n|-singleturn|p1a: Fofa|Protect\n|move|p2b: Kangaskhan|Double-Edge|p1a: Fofa\n|-activate|p1a: Fofa|move: Protect\n|move|p1b: Ellie|Reflect|p1b: Ellie\n|-sidestart|p1: wuigamerbr|Reflect\n|\n|upkeep\n|turn|3\n|c| EndeerSB|Mamoswine pedreiro\n|c| Toak|ta jogando fortnite?\n|\n|t:|1776648547\n|switch|p1b: Armado|Tauros-Paldea-Blaze, L50, M|100/100\n|-ability|p1b: Armado|Intimidate|boost\n|-unboost|p2a: Gyarados|atk|1\n|-unboost|p2b: Kangaskhan|atk|1\n|detailschange|p1a: Fofa|Meganium-Mega, L50, F, shiny\n|-mega|p1a: Fofa|Meganium|Meganiumite\n|move|p2b: Kangaskhan|Double-Edge|p1a: Fofa\n|-damage|p1a: Fofa|76/100\n|-damage|p1a: Fofa|70/100\n|-hitcount|p1a: Fofa|2\n|-damage|p2b: Kangaskhan|91/100|[from] Recoil\n|move|p1a: Fofa|Solar Beam||[still]\n|-prepare|p1a: Fofa|Solar Beam\n|-activate|p1a: Fofa|ability: Mega Sol\n|-anim|p1a: Fofa|Solar Beam|p2b: Kangaskhan\n|-damage|p2b: Kangaskhan|19/100\n|move|p2a: Gyarados|Thunder Wave|p1a: Fofa\n|-status|p1a: Fofa|par\n|\n|upkeep\n|turn|4\n|\n|t:|1776648586\n|switch|p2a: Lucario|Lucario, L50, F|100/100\n|move|p2b: Kangaskhan|Double-Edge|p1a: Fofa\n|-damage|p1a: Fofa|47/100 par\n|-damage|p1a: Fofa|42/100 par\n|-hitcount|p1a: Fofa|2\n|-damage|p2b: Kangaskhan|10/100|[from] Recoil\n|move|p1b: Armado|Will-O-Wisp|p2a: Lucario|[miss]\n|-miss|p1b: Armado|p2a: Lucario\n|move|p1a: Fofa|Dazzling Gleam|p2a: Lucario|[spread] p2a,p2b\n|-damage|p2a: Lucario|41/100\n|-damage|p2b: Kangaskhan|0 fnt\n|faint|p2b: Kangaskhan\n|\n|upkeep\n|c| Toak|f\n|c| Toak|\u00e9 wui\n|c| Toak|tenso\n|\n|t:|1776648608\n|switch|p2b: Gyarados|Gyarados, L50, M|100/100\n|-ability|p2b: Gyarados|Intimidate|boost\n|-unboost|p1a: Fofa|atk|1\n|-unboost|p1b: Armado|atk|1\n|turn|5\n|\n|t:|1776648628\n|move|p1a: Fofa|Protect|p1a: Fofa\n|-singleturn|p1a: Fofa|Protect\n|move|p1b: Armado|Body Press|p2a: Lucario\n|-supereffective|p2a: Lucario|1\n|-damage|p2a: Lucario|0 fnt\n|faint|p2a: Lucario\n|move|p2b: Gyarados|Iron Tail|p1a: Fofa\n|-activate|p1a: Fofa|move: Protect\n|\n|upkeep\n|\n|t:|1776648634\n|switch|p2a: Gardevoir|Gardevoir, L50, F|100/100\n|-ability|p2a: Gardevoir|Intimidate|Trace|[from] ability: Trace|[of] p1b: Armado\n|-ability|p2a: Gardevoir|Intimidate|boost\n|-unboost|p1a: Fofa|atk|1\n|-unboost|p1b: Armado|atk|1\n|turn|6\n|c| EndeerSB|IRON TAIL\n|\n|t:|1776648657\n|move|p2a: Gardevoir|Moonblast|p1b: Armado\n|-damage|p1b: Armado|36/100\n|-enditem|p1b: Armado|Sitrus Berry|[eat]\n|-heal|p1b: Armado|61/100|[from] item: Sitrus Berry\n|move|p1b: Armado|Will-O-Wisp|p2b: Gyarados\n|-status|p2b: Gyarados|brn\n|move|p2b: Gyarados|Iron Tail|p1a: Fofa\n|-supereffective|p1a: Fofa|1\n|-damage|p1a: Fofa|23/100 par\n|move|p1a: Fofa|Dazzling Gleam|p2b: Gyarados|[spread] p2a,p2b\n|-damage|p2a: Gardevoir|56/100\n|-damage|p2b: Gyarados|75/100 brn\n|\n|-heal|p2b: Gyarados|81/100 brn|[from] item: Leftovers\n|-damage|p2b: Gyarados|75/100 brn|[from] brn\n|-sideend|p1: wuigamerbr|Reflect\n|upkeep\n|turn|7\n|\n|t:|1776648681\n|move|p1b: Armado|Protect|p1b: Armado\n|-singleturn|p1b: Armado|Protect\n|move|p2a: Gardevoir|Moonblast|p1b: Armado\n|-activate|p1b: Armado|move: Protect\n|move|p2b: Gyarados|Waterfall|p1b: Armado\n|-activate|p1b: Armado|move: Protect\n|move|p1a: Fofa|Dazzling Gleam|p2b: Gyarados|[spread] p2a,p2b\n|-crit|p2a: Gardevoir\n|-damage|p2a: Gardevoir|0 fnt\n|-damage|p2b: Gyarados|47/100 brn\n|faint|p2a: Gardevoir\n|\n|-heal|p2b: Gyarados|52/100 brn|[from] item: Leftovers\n|-damage|p2b: Gyarados|47/100 brn|[from] brn\n|upkeep\n|turn|8\n|\n|t:|1776648696\n|move|p1b: Armado|Body Press|p2b: Gyarados\n|-resisted|p2b: Gyarados|1\n|-damage|p2b: Gyarados|29/100 brn\n|move|p2b: Gyarados|Iron Tail|p1a: Fofa\n|-supereffective|p1a: Fofa|1\n|-damage|p1a: Fofa|0 fnt\n|faint|p1a: Fofa\n|\n|-heal|p2b: Gyarados|35/100 brn|[from] item: Leftovers\n|-damage|p2b: Gyarados|29/100 brn|[from] brn\n|upkeep\n|\n|t:|1776648701\n|switch|p1a: Ellie|Mamoswine, L50, F, shiny|100/100\n|turn|9\n|\n|t:|1776648708\n|move|p1a: Ellie|Ice Shard|p2b: Gyarados\n|-damage|p2b: Gyarados|5/100 brn\n|move|p1b: Armado|Body Press|p2b: Gyarados\n|-resisted|p2b: Gyarados|1\n|-damage|p2b: Gyarados|0 fnt\n|faint|p2b: Gyarados\n|\n|win|wuigamerbr\n|l|\u2606valkirios\n|player|p2|\n|c| EndeerSB|boa wui\n|c|\u2606wuigamerbr|obg\n|c| Toak|parabens\n|c| Toak|me passou\n|c| Toak|na tabela\n|c| Toak|por 1 mon\n|c| Toak|ainda bem q a proxima batalha \u00e9 contra vc\n|c| Toak|k\n",
  "uploadtime": 1776648792,
  "views": 6,
  "formatid": "gen9championsvgc2026regma",
  "rating": null,
  "private": 0,
  "password": null
}