{
  "id": "gen9championsvgc2026regma-2586827198",
  "format": "[Gen 9 Champions] VGC 2026 Reg M-A",
  "players": [
    "Morph3u",
    "ChildishMamba"
  ],
  "log": "|j|\u2606Morph3u\n|j|\u2606ChildishMamba\n|t:|1776463194\n|gametype|doubles\n|player|p1|Morph3u|2|1106\n|player|p2|ChildishMamba|infielder|1021\n|gen|9\n|tier|[Gen 9 Champions] VGC 2026 Reg M-A\n|rated|\n|rule|Species Clause: Limit one of each Pok\u00e9mon\n|rule|Item Clause: Limit 1 of each item\n|clearpoke\n|poke|p1|Charizard, L50, F|\n|poke|p1|Milotic, L50, M|\n|poke|p1|Venusaur, L50, M|\n|poke|p1|Garchomp, L50, F|\n|poke|p1|Incineroar, L50, M|\n|poke|p1|Whimsicott, L50, F|\n|poke|p2|Aerodactyl, L50, M|\n|poke|p2|Sneasler, L50, M|\n|poke|p2|Froslass, L50, F|\n|poke|p2|Clefable, L50, M|\n|poke|p2|Incineroar, L50, F|\n|poke|p2|Tauros-Paldea-Aqua, L50, M|\n|teampreview|4\n|\n|t:|1776463234\n|teamsize|p1|4\n|teamsize|p2|4\n|start\n|switch|p1a: Incineroar|Incineroar, L50, M|100/100\n|switch|p1b: Milotic|Milotic, L50, M|100/100\n|switch|p2a: Aerodactyl|Aerodactyl, L50, M|100/100\n|switch|p2b: Sneasler|Sneasler, L50, M|100/100\n|-ability|p2a: Aerodactyl|Unnerve\n|-ability|p1a: Incineroar|Intimidate|boost\n|-unboost|p2a: Aerodactyl|atk|1\n|-unboost|p2b: Sneasler|atk|1\n|-enditem|p2b: Sneasler|White Herb\n|-clearnegativeboost|p2b: Sneasler|[silent]\n|turn|1\n|\n|t:|1776463271\n|move|p2b: Sneasler|Upper Hand||[still]\n|-fail|p2b: Sneasler\n|move|p2a: Aerodactyl|Tailwind|p2a: Aerodactyl\n|-sidestart|p2: ChildishMamba|move: Tailwind\n|move|p1b: Milotic|Scald|p2a: Aerodactyl\n|-supereffective|p2a: Aerodactyl|1\n|-damage|p2a: Aerodactyl|18/100\n|-status|p2a: Aerodactyl|brn\n|move|p1a: Incineroar|Will-O-Wisp|p2b: Sneasler\n|-status|p2b: Sneasler|brn\n|\n|-damage|p2a: Aerodactyl|12/100 brn|[from] brn\n|-damage|p2b: Sneasler|95/100 brn|[from] brn\n|upkeep\n|turn|2\n|inactive|Battle timer is ON: inactive players will automatically lose when time's up. (requested by Morph3u)\n|\n|t:|1776463303\n|move|p2a: Aerodactyl|Rock Slide|p1b: Milotic|[spread] p1a,p1b\n|-supereffective|p1a: Incineroar|1\n|-damage|p1a: Incineroar|87/100\n|-damage|p1b: Milotic|95/100\n|move|p2b: Sneasler|Dire Claw|p1a: Incineroar\n|-damage|p1a: Incineroar|68/100\n|-status|p1a: Incineroar|slp\n|move|p1b: Milotic|Scald|p2a: Aerodactyl\n|-supereffective|p2a: Aerodactyl|1\n|-damage|p2a: Aerodactyl|0 fnt\n|faint|p2a: Aerodactyl\n|cant|p1a: Incineroar|slp\n|\n|-heal|p1b: Milotic|100/100|[from] item: Leftovers\n|-damage|p2b: Sneasler|89/100 brn|[from] brn\n|upkeep\n|\n|t:|1776463320\n|switch|p2a: Tauros|Tauros-Paldea-Aqua, L50, M|100/100\n|-ability|p2a: Tauros|Intimidate|boost\n|-unboost|p1a: Incineroar|atk|1\n|-unboost|p1b: Milotic|atk|1\n|-ability|p1b: Milotic|Competitive|boost\n|-boost|p1b: Milotic|spa|2\n|turn|3\n|inactive|Morph3u has 30 seconds left.\n|\n|t:|1776463350\n|switch|p2b: Froslass|Froslass, L50, F|100/100\n|switch|p1a: Venusaur|Venusaur, L50, M|100/100\n|move|p2a: Tauros|Wave Crash|p1a: Venusaur\n|-resisted|p1a: Venusaur|1\n|-damage|p1a: Venusaur|64/100\n|-damage|p2a: Tauros|88/100|[from] Recoil\n|move|p1b: Milotic|Scald|p2a: Tauros\n|-resisted|p2a: Tauros|1\n|-damage|p2a: Tauros|45/100\n|-status|p2a: Tauros|brn\n|-enditem|p2a: Tauros|Lum Berry|[eat]\n|-curestatus|p2a: Tauros|brn|[msg]\n|\n|upkeep\n|turn|4\n|inactive|Morph3u has 30 seconds left.\n|inactive|ChildishMamba has 30 seconds left.\n|inactive|Morph3u has 20 seconds left.\n|inactive|Morph3u has 15 seconds left.\n|inactive|Morph3u has 10 seconds left.\n|\n|t:|1776463397\n|switch|p2a: Sneasler|Sneasler, L50, M|89/100 brn\n|detailschange|p2b: Froslass|Froslass-Mega, L50, F\n|-mega|p2b: Froslass|Froslass|Froslassite\n|-weather|Snowscape|[from] ability: Snow Warning|[of] p2b: Froslass\n|move|p1a: Venusaur|Protect|p1a: Venusaur\n|-singleturn|p1a: Venusaur|Protect\n|move|p2b: Froslass|Aurora Veil|p2b: Froslass\n|-sidestart|p2: ChildishMamba|move: Aurora Veil\n|move|p1b: Milotic|Scald|p2a: Sneasler\n|-damage|p2a: Sneasler|35/100 brn\n|\n|-weather|Snowscape|[upkeep]\n|-damage|p2a: Sneasler|29/100 brn|[from] brn\n|-sideend|p2: ChildishMamba|move: Tailwind\n|upkeep\n|turn|5\n|inactive|Morph3u has 30 seconds left.\n|inactive|ChildishMamba has 30 seconds left.\n|\n|t:|1776463432\n|switch|p1a: Incineroar|Incineroar, L50, M|68/100 slp\n|-ability|p1a: Incineroar|Intimidate|boost\n|-unboost|p2a: Sneasler|atk|1\n|-unboost|p2b: Froslass|atk|1\n|move|p2a: Sneasler|Dire Claw|p1b: Milotic\n|-damage|p1b: Milotic|90/100\n|-status|p1b: Milotic|slp\n|move|p2b: Froslass|Thunderbolt|p1b: Milotic\n|-supereffective|p1b: Milotic|1\n|-damage|p1b: Milotic|41/100 slp\n|cant|p1b: Milotic|slp\n|\n|-weather|Snowscape|[upkeep]\n|-heal|p1b: Milotic|47/100 slp|[from] item: Leftovers\n|-damage|p2a: Sneasler|23/100 brn|[from] brn\n|upkeep\n|turn|6\n|inactive|Morph3u has 30 seconds left.\n|inactive|ChildishMamba has 30 seconds left.\n|\n|t:|1776463461\n|move|p2a: Sneasler|Upper Hand||[still]\n|-fail|p2a: Sneasler\n|move|p2b: Froslass|Thunderbolt|p1b: Milotic\n|-supereffective|p1b: Milotic|1\n|-damage|p1b: Milotic|0 fnt\n|faint|p1b: Milotic\n|-curestatus|p1a: Incineroar|slp|[msg]\n|move|p1a: Incineroar|Darkest Lariat|p2b: Froslass\n|-supereffective|p2b: Froslass|1\n|-damage|p2b: Froslass|56/100\n|\n|-weather|Snowscape|[upkeep]\n|-damage|p2a: Sneasler|17/100 brn|[from] brn\n|upkeep\n|\n|t:|1776463476\n|switch|p1b: Charizard|Charizard, L50, F|100/100\n|turn|7\n|\n|t:|1776463490\n|switch|p2b: Tauros|Tauros-Paldea-Aqua, L50, M|45/100\n|-ability|p2b: Tauros|Intimidate|boost\n|-unboost|p1a: Incineroar|atk|1\n|-unboost|p1b: Charizard|atk|1\n|detailschange|p1b: Charizard|Charizard-Mega-Y, L50, F\n|-mega|p1b: Charizard|Charizard|Charizardite Y\n|-weather|SunnyDay|[from] ability: Drought|[of] p1b: Charizard\n|move|p2a: Sneasler|Dire Claw|p1b: Charizard\n|-damage|p1b: Charizard|80/100\n|-status|p1b: Charizard|slp\n|cant|p1b: Charizard|slp\n|move|p1a: Incineroar|Darkest Lariat|p2b: Tauros\n|-resisted|p2b: Tauros|1\n|-damage|p2b: Tauros|36/100\n|\n|-weather|SunnyDay|[upkeep]\n|-damage|p2a: Sneasler|11/100 brn|[from] brn\n|upkeep\n|turn|8\n|inactive|Morph3u has 30 seconds left.\n|inactive|ChildishMamba has 30 seconds left.\n|inactive|Morph3u has 20 seconds left.\n|inactive|Morph3u has 15 seconds left.\n|inactive|Morph3u has 10 seconds left.\n|-message|Morph3u forfeited.\n|\n|win|ChildishMamba\n|raw|Morph3u's rating: 1106 &rarr; <strong>1075</strong><br />(-31 for losing)\n|raw|ChildishMamba's rating: 1021 &rarr; <strong>1067</strong><br />(+46 for winning)\n|l|\u2606Morph3u\n|player|p1|\n",
  "uploadtime": 1776463550,
  "views": 35,
  "formatid": "gen9championsvgc2026regma",
  "rating": 1067,
  "private": 0,
  "password": null
}