{
  "id": "gen9championsvgc2026regma-2586253207",
  "format": "[Gen 9 Champions] VGC 2026 Reg M-A",
  "players": [
    "VicSaus53",
    "YuJiminLuver"
  ],
  "log": "|j|\u2606VicSaus53\n|j|\u2606YuJiminLuver\n|t:|1776417700\n|gametype|doubles\n|player|p1|VicSaus53|giovanni|1101\n|player|p2|YuJiminLuver|bellelba|1060\n|gen|9\n|tier|[Gen 9 Champions] VGC 2026 Reg M-A\n|rated|\n|rule|Species Clause: Limit one of each Pok\u00e9mon\n|rule|Item Clause: Limit 1 of each item\n|clearpoke\n|poke|p1|Chandelure, L50, M|\n|poke|p1|Whimsicott, L50, F|\n|poke|p1|Sneasler, L50, F|\n|poke|p1|Maushold-Four, L50|\n|poke|p1|Corviknight, L50, M|\n|poke|p1|Garchomp, L50, F|\n|poke|p2|Kangaskhan, L50, F|\n|poke|p2|Aerodactyl, L50, F|\n|poke|p2|Milotic, L50, F|\n|poke|p2|Jolteon, L50, F|\n|poke|p2|Incineroar, L50, F|\n|poke|p2|Gengar, L50, M|\n|teampreview|4\n|inactive|Battle timer is ON: inactive players will automatically lose when time's up. (requested by YuJiminLuver)\n|\n|t:|1776417714\n|teamsize|p1|4\n|teamsize|p2|4\n|start\n|switch|p1a: Corviknight|Corviknight, L50, M|100/100\n|switch|p1b: Garchomp|Garchomp, L50, F|100/100\n|switch|p2a: Gengar|Gengar, L50, M|100/100\n|switch|p2b: Jolteon|Jolteon, L50, F, shiny|100/100\n|turn|1\n|inactive|YuJiminLuver has 30 seconds left.\n|\n|t:|1776417746\n|switch|p2a: Aerodactyl|Aerodactyl, L50, F, shiny|100/100\n|-ability|p2a: Aerodactyl|Unnerve\n|move|p2b: Jolteon|Protect|p2b: Jolteon\n|-singleturn|p2b: Jolteon|Protect\n|move|p1b: Garchomp|Earthquake|p2b: Jolteon|[spread] \n|-activate|p2b: Jolteon|move: Protect\n|-immune|p1a: Corviknight\n|-immune|p2a: Aerodactyl\n|move|p1a: Corviknight|Brave Bird|p2b: Jolteon\n|-activate|p2b: Jolteon|move: Protect\n|\n|upkeep\n|turn|2\n|\n|t:|1776417765\n|switch|p2b: Milotic|Milotic, L50, F, shiny|100/100\n|move|p2a: Aerodactyl|Tailwind|p2a: Aerodactyl\n|-sidestart|p2: YuJiminLuver|move: Tailwind\n|move|p1b: Garchomp|Rock Slide|p2b: Milotic|[spread] p2a,p2b\n|-supereffective|p2a: Aerodactyl|1\n|-crit|p2a: Aerodactyl\n|-damage|p2a: Aerodactyl|10/100\n|-damage|p2b: Milotic|80/100\n|move|p1a: Corviknight|Body Press|p2b: Milotic\n|-damage|p2b: Milotic|55/100\n|\n|-heal|p2b: Milotic|61/100|[from] item: Leftovers\n|upkeep\n|turn|3\n|\n|t:|1776417781\n|move|p1b: Garchomp|Protect|p1b: Garchomp\n|-singleturn|p1b: Garchomp|Protect\n|move|p2a: Aerodactyl|Rock Slide|p1b: Garchomp|[spread] p1a\n|-activate|p1b: Garchomp|move: Protect\n|-damage|p1a: Corviknight|83/100\n|move|p2b: Milotic|Ice Beam|p1b: Garchomp\n|-activate|p1b: Garchomp|move: Protect\n|move|p1a: Corviknight|Bulk Up|p1a: Corviknight\n|-boost|p1a: Corviknight|atk|1\n|-boost|p1a: Corviknight|def|1\n|\n|-heal|p2b: Milotic|67/100|[from] item: Leftovers\n|-heal|p1a: Corviknight|89/100|[from] item: Leftovers\n|upkeep\n|turn|4\n|inactive|VicSaus53 has 30 seconds left.\n|inactive|VicSaus53 has 20 seconds left.\n|inactive|VicSaus53 has 15 seconds left.\n|\n|t:|1776417823\n|switch|p1b: Chandelure|Chandelure, L50, M|100/100\n|move|p2a: Aerodactyl|Rock Slide|p1b: Chandelure|[spread] p1a,p1b\n|-supereffective|p1b: Chandelure|1\n|-damage|p1a: Corviknight|77/100\n|-damage|p1b: Chandelure|29/100\n|move|p2b: Milotic|Ice Beam|p1b: Chandelure\n|-resisted|p1b: Chandelure|1\n|-damage|p1b: Chandelure|13/100\n|move|p1a: Corviknight|Bulk Up|p1a: Corviknight\n|-boost|p1a: Corviknight|atk|1\n|-boost|p1a: Corviknight|def|1\n|\n|-heal|p2b: Milotic|73/100|[from] item: Leftovers\n|-heal|p1a: Corviknight|83/100|[from] item: Leftovers\n|upkeep\n|turn|5\n|\n|t:|1776417840\n|detailschange|p1b: Chandelure|Chandelure-Mega, L50, M\n|-mega|p1b: Chandelure|Chandelure|Chandelurite\n|move|p1b: Chandelure|Protect|p1b: Chandelure\n|-singleturn|p1b: Chandelure|Protect\n|move|p2a: Aerodactyl|Rock Slide|p1b: Chandelure|[spread] \n|-activate|p1b: Chandelure|move: Protect\n|-miss|p2a: Aerodactyl|p1a: Corviknight\n|move|p2b: Milotic|Ice Beam|p1a: Corviknight\n|-damage|p1a: Corviknight|59/100\n|move|p1a: Corviknight|Brave Bird|p2a: Aerodactyl\n|-resisted|p2a: Aerodactyl|1\n|-damage|p2a: Aerodactyl|0 fnt\n|faint|p2a: Aerodactyl\n|-damage|p1a: Corviknight|56/100|[from] Recoil\n|\n|-heal|p2b: Milotic|79/100|[from] item: Leftovers\n|-heal|p1a: Corviknight|62/100|[from] item: Leftovers\n|-sideend|p2: YuJiminLuver|move: Tailwind\n|upkeep\n|\n|t:|1776417851\n|switch|p2a: Gengar|Gengar, L50, M|100/100\n|turn|6\n|\n|t:|1776417867\n|detailschange|p2a: Gengar|Gengar-Mega, L50, M\n|-mega|p2a: Gengar|Gengar|Gengarite\n|move|p2a: Gengar|Perish Song|p2a: Gengar\n|-start|p1a: Corviknight|perish3|[silent]\n|-start|p1b: Chandelure|perish3|[silent]\n|-start|p2a: Gengar|perish3|[silent]\n|-start|p2b: Milotic|perish3|[silent]\n|-fieldactivate|move: Perish Song\n|move|p1b: Chandelure|Shadow Ball|p2a: Gengar\n|-supereffective|p2a: Gengar|1\n|-damage|p2a: Gengar|0 fnt\n|faint|p2a: Gengar\n|move|p2b: Milotic|Scald|p1b: Chandelure\n|-supereffective|p1b: Chandelure|1\n|-damage|p1b: Chandelure|0 fnt\n|faint|p1b: Chandelure\n|move|p1a: Corviknight|Brave Bird|p2b: Milotic\n|-damage|p2b: Milotic|7/100\n|-damage|p1a: Corviknight|41/100|[from] Recoil\n|\n|-heal|p2b: Milotic|13/100|[from] item: Leftovers\n|-heal|p1a: Corviknight|47/100|[from] item: Leftovers\n|-start|p2b: Milotic|perish3\n|-start|p1a: Corviknight|perish3\n|upkeep\n|\n|t:|1776417880\n|switch|p2a: Jolteon|Jolteon, L50, F, shiny|100/100\n|switch|p1b: Garchomp|Garchomp, L50, F|100/100\n|turn|7\n|\n|t:|1776417892\n|move|p2a: Jolteon|Thunderbolt|p1a: Corviknight\n|-supereffective|p1a: Corviknight|1\n|-damage|p1a: Corviknight|0 fnt\n|faint|p1a: Corviknight\n|move|p1b: Garchomp|Earthquake|p2b: Milotic|[spread] p2a,p2b\n|-supereffective|p2a: Jolteon|1\n|-damage|p2a: Jolteon|0 fnt\n|-damage|p2b: Milotic|0 fnt\n|faint|p2a: Jolteon\n|faint|p2b: Milotic\n|\n|win|VicSaus53\n|raw|VicSaus53's rating: 1101 &rarr; <strong>1123</strong><br />(+22 for winning)\n|raw|YuJiminLuver's rating: 1060 &rarr; <strong>1043</strong><br />(-17 for losing)\n",
  "uploadtime": 1776417898,
  "views": 39,
  "formatid": "gen9championsvgc2026regma",
  "rating": 1043,
  "private": 0,
  "password": null
}