{
  "id": "gen9championsvgc2026regma-2582317937",
  "format": "[Gen 9 Champions] VGC 2026 Reg M-A",
  "players": [
    "On the wave now",
    "JonhC03"
  ],
  "log": "|j|\u2606On the wave now\n|j|\u2606JonhC03\n|t:|1776082854\n|gametype|doubles\n|player|p1|On the wave now|ruinmaniac|1000\n|player|p2|JonhC03|volkner|1050\n|gen|9\n|tier|[Gen 9 Champions] VGC 2026 Reg M-A\n|rated|\n|rule|Species Clause: Limit one of each Pok\u00e9mon\n|rule|Item Clause: Limit 1 of each item\n|clearpoke\n|poke|p1|Delphox, L50, M|\n|poke|p1|Sneasler, L50, M|\n|poke|p1|Ninetales, L50, M|\n|poke|p1|Milotic, L50, M|\n|poke|p1|Venusaur, L50, M|\n|poke|p1|Whimsicott, L50, F|\n|poke|p2|Manectric, L50, F|\n|poke|p2|Pelipper, L50, M|\n|poke|p2|Basculegion, L50, M|\n|poke|p2|Archaludon, L50, M|\n|poke|p2|Sableye, L50, M|\n|poke|p2|Sinistcha, L50|\n|teampreview|4\n|inactive|Battle timer is ON: inactive players will automatically lose when time's up. (requested by JonhC03)\n|l|\u2606JonhC03\n|inactive|JonhC03 disconnected and has a minute to reconnect!\n|player|p2|\n|inactive|JonhC03 has 30 seconds to reconnect!\n|inactive|JonhC03 has 20 seconds to reconnect!\n|j|\u2606JonhC03\n|inactive|JonhC03 reconnected and has 35 seconds left.\n|player|p2|JonhC03|volkner|\n|inactive|JonhC03 has 30 seconds left.\n|\n|t:|1776082922\n|teamsize|p1|4\n|teamsize|p2|4\n|start\n|switch|p1a: Whimsicott|Whimsicott, L50, F|100/100\n|switch|p1b: Delphox|Delphox, L50, M|100/100\n|switch|p2a: Sableye|Sableye, L50, M|100/100\n|switch|p2b: Archaludon|Archaludon, L50, M|100/100\n|turn|1\n|c|\u2606On the wave now|glhf\n|\n|t:|1776082945\n|detailschange|p1b: Delphox|Delphox-Mega, L50, M\n|-mega|p1b: Delphox|Delphox|Delphoxite\n|move|p1a: Whimsicott|Sunny Day|p1a: Whimsicott\n|-weather|SunnyDay\n|move|p2a: Sableye|Rain Dance|p2a: Sableye\n|-weather|RainDance\n|move|p1b: Delphox|Calm Mind|p1b: Delphox\n|-boost|p1b: Delphox|spa|1\n|-boost|p1b: Delphox|spd|1\n|move|p2b: Archaludon|Flash Cannon|p1a: Whimsicott\n|-supereffective|p1a: Whimsicott|1\n|-crit|p1a: Whimsicott\n|-enditem|p1a: Whimsicott|Focus Sash\n|-damage|p1a: Whimsicott|1/100\n|\n|-weather|RainDance|[upkeep]\n|upkeep\n|turn|2\n|\n|t:|1776082967\n|move|p1a: Whimsicott|Sunny Day|p1a: Whimsicott\n|-weather|SunnyDay\n|move|p2a: Sableye|Encore|p1b: Delphox\n|-start|p1b: Delphox|Encore\n|move|p1b: Delphox|Calm Mind|p1b: Delphox\n|-boost|p1b: Delphox|spa|1\n|-boost|p1b: Delphox|spd|1\n|move|p2b: Archaludon|Flash Cannon|p1a: Whimsicott\n|-supereffective|p1a: Whimsicott|1\n|-crit|p1a: Whimsicott\n|-damage|p1a: Whimsicott|0 fnt\n|faint|p1a: Whimsicott\n|\n|-weather|SunnyDay|[upkeep]\n|upkeep\n|\n|t:|1776082975\n|switch|p1a: Venusaur|Venusaur, L50, M|100/100\n|turn|3\n|inactive|JonhC03 has 30 seconds left.\n|\n|t:|1776083000\n|move|p2a: Sableye|Rain Dance|p2a: Sableye\n|-weather|RainDance\n|move|p1b: Delphox|Calm Mind|p1b: Delphox\n|-boost|p1b: Delphox|spa|1\n|-boost|p1b: Delphox|spd|1\n|move|p1a: Venusaur|Sleep Powder|p2a: Sableye\n|-status|p2a: Sableye|slp|[from] move: Sleep Powder\n|move|p2b: Archaludon|Dragon Pulse|p1a: Venusaur\n|-damage|p1a: Venusaur|52/100\n|\n|-weather|RainDance|[upkeep]\n|upkeep\n|turn|4\n|\n|t:|1776083025\n|cant|p2a: Sableye|slp\n|move|p1b: Delphox|Calm Mind|p1b: Delphox\n|-boost|p1b: Delphox|spa|1\n|-boost|p1b: Delphox|spd|1\n|move|p1a: Venusaur|Sleep Powder|p2a: Sableye\n|-fail|p2a: Sableye|slp\n|move|p2b: Archaludon|Dragon Pulse|p1a: Venusaur\n|-damage|p1a: Venusaur|0 fnt\n|faint|p1a: Venusaur\n|\n|-weather|RainDance|[upkeep]\n|-end|p1b: Delphox|Encore\n|upkeep\n|\n|t:|1776083031\n|switch|p1a: Sneasler|Sneasler, L50, M|100/100\n|turn|5\n|\n|t:|1776083045\n|cant|p2a: Sableye|slp\n|move|p2b: Archaludon|Protect|p2b: Archaludon\n|-singleturn|p2b: Archaludon|Protect\n|move|p1b: Delphox|Heat Wave|p2b: Archaludon|[spread] p2a\n|-activate|p2b: Archaludon|move: Protect\n|-damage|p2a: Sableye|23/100 slp\n|move|p1a: Sneasler|Dire Claw|p2a: Sableye\n|-resisted|p2a: Sableye|1\n|-damage|p2a: Sableye|0 fnt\n|faint|p2a: Sableye\n|\n|-weather|RainDance|[upkeep]\n|upkeep\n|\n|t:|1776083060\n|switch|p2a: Basculegion|Basculegion, L50, M|100/100\n|turn|6\n|\n|t:|1776083071\n|move|p1b: Delphox|Protect|p1b: Delphox\n|-singleturn|p1b: Delphox|Protect\n|move|p2a: Basculegion|Wave Crash|p1b: Delphox\n|-activate|p1b: Delphox|move: Protect\n|move|p1a: Sneasler|Dire Claw|p2a: Basculegion\n|-resisted|p2a: Basculegion|1\n|-damage|p2a: Basculegion|73/100\n|move|p2b: Archaludon|Electro Shot||[still]\n|-prepare|p2b: Archaludon|Electro Shot\n|-boost|p2b: Archaludon|spa|1\n|-anim|p2b: Archaludon|Electro Shot|p1a: Sneasler\n|-damage|p1a: Sneasler|9/100\n|\n|-weather|RainDance|[upkeep]\n|upkeep\n|turn|7\n|\n|t:|1776083093\n|move|p1b: Delphox|Protect|p1b: Delphox\n|-singleturn|p1b: Delphox|Protect\n|move|p2a: Basculegion|Wave Crash|p1b: Delphox\n|-activate|p1b: Delphox|move: Protect\n|move|p1a: Sneasler|Dire Claw|p2a: Basculegion\n|-resisted|p2a: Basculegion|1\n|-damage|p2a: Basculegion|47/100\n|-status|p2a: Basculegion|slp\n|move|p2b: Archaludon|Electro Shot||[still]\n|-prepare|p2b: Archaludon|Electro Shot\n|-boost|p2b: Archaludon|spa|1\n|-anim|p2b: Archaludon|Electro Shot|p1a: Sneasler\n|-damage|p1a: Sneasler|0 fnt\n|faint|p1a: Sneasler\n|\n|-weather|none\n|upkeep\n|turn|8\n|inactive|JonhC03 has 30 seconds left.\n|inactive|JonhC03 has 20 seconds left.\n|inactive|JonhC03 has 15 seconds left.\n|inactive|JonhC03 has 10 seconds left.\n|\n|t:|1776083140\n|move|p1b: Delphox|Heat Wave|p2a: Basculegion|[spread] p2a\n|-miss|p1b: Delphox|p2b: Archaludon\n|-resisted|p2a: Basculegion|1\n|-damage|p2a: Basculegion|0 fnt\n|faint|p2a: Basculegion\n|move|p2b: Archaludon|Dragon Pulse|p1b: Delphox\n|-damage|p1b: Delphox|71/100\n|\n|upkeep\n|\n|t:|1776083150\n|switch|p2a: Manectric|Manectric, L50, F, shiny|100/100\n|turn|9\n|\n|t:|1776083165\n|detailschange|p2a: Manectric|Manectric-Mega, L50, F, shiny\n|-mega|p2a: Manectric|Manectric|Manectite\n|-ability|p2a: Manectric|Intimidate|boost\n|-unboost|p1b: Delphox|atk|1\n|move|p1b: Delphox|Heat Wave|p2a: Manectric|[spread] p2a,p2b\n|-damage|p2a: Manectric|0 fnt\n|-damage|p2b: Archaludon|0 fnt\n|faint|p2a: Manectric\n|faint|p2b: Archaludon\n|\n|win|On the wave now\n|raw|On the wave now's rating: 1000 &rarr; <strong>1046</strong><br />(+46 for winning)\n|raw|JonhC03's rating: 1050 &rarr; <strong>1030</strong><br />(-20 for losing)\n|l|\u2606JonhC03\n|player|p2|\n|c|\u2606On the wave now|gg!\n",
  "uploadtime": 1776083180,
  "views": 19,
  "formatid": "gen9championsvgc2026regma",
  "rating": 1030,
  "private": 0,
  "password": null
}