{
  "id": "gen9championsvgc2026regma-2581456292",
  "format": "[Gen 9 Champions] VGC 2026 Reg M-A",
  "players": [
    "kiihorudaa",
    "gamaboy"
  ],
  "log": "|j|\u2606kiihorudaa\n|j|\u2606gamaboy\n|t:|1776002188\n|gametype|doubles\n|player|p1|kiihorudaa|lucas|1216\n|player|p2|gamaboy|blue-masters|1206\n|gen|9\n|tier|[Gen 9 Champions] VGC 2026 Reg M-A\n|rated|\n|rule|Species Clause: Limit one of each Pok\u00e9mon\n|rule|Item Clause: Limit 1 of each item\n|clearpoke\n|poke|p1|Politoed, L50, M|\n|poke|p1|Archaludon, L50, M|\n|poke|p1|Incineroar, L50, F|\n|poke|p1|Dragonite, L50, F|\n|poke|p1|Basculegion, L50, M|\n|poke|p1|Scizor, L50, F|\n|poke|p2|Delphox, L50, F|\n|poke|p2|Basculegion, L50, M|\n|poke|p2|Garchomp, L50, M|\n|poke|p2|Orthworm, L50, M|\n|poke|p2|Incineroar, L50, F|\n|poke|p2|Blastoise, L50, M|\n|teampreview|4\n|inactive|Battle timer is ON: inactive players will automatically lose when time's up. (requested by gamaboy)\n|\n|t:|1776002207\n|teamsize|p1|4\n|teamsize|p2|4\n|start\n|switch|p1a: Politoed|Politoed, L50, M|100/100\n|switch|p1b: Basculegion|Basculegion, L50, M|100/100\n|switch|p2a: Garchomp|Garchomp, L50, M|100/100\n|switch|p2b: Orthworm|Orthworm, L50, M|100/100\n|-weather|RainDance|[from] ability: Drizzle|[of] p1a: Politoed\n|turn|1\n|\n|t:|1776002224\n|move|p1b: Basculegion|Aqua Jet|p2b: Orthworm\n|-damage|p2b: Orthworm|66/100\n|move|p2a: Garchomp|Earthquake|p1b: Basculegion|[spread] p1a,p1b\n|-heal|p2b: Orthworm|91/100|[from] ability: Earth Eater|[of] p2a: Garchomp\n|-damage|p1a: Politoed|57/100\n|-damage|p1b: Basculegion|60/100\n|move|p1a: Politoed|Muddy Water|p2a: Garchomp|[spread] p2a,p2b\n|-damage|p2a: Garchomp|63/100\n|-damage|p2b: Orthworm|51/100\n|-unboost|p2a: Garchomp|accuracy|1\n|-unboost|p2b: Orthworm|accuracy|1\n|move|p2b: Orthworm|Shed Tail|p2b: Orthworm\n|-start|p2b: Orthworm|Substitute|[from] move: Shed Tail\n|-damage|p2b: Orthworm|1/100\n|-enditem|p2b: Orthworm|Sitrus Berry|[eat]\n|-heal|p2b: Orthworm|26/100|[from] item: Sitrus Berry\n|\n|t:|1776002233\n|switch|p2b: Blastoise|Blastoise, L50, M|100/100|[from] Shed Tail\n|\n|-weather|RainDance|[upkeep]\n|-heal|p1a: Politoed|63/100|[from] item: Leftovers\n|upkeep\n|turn|2\n|\n|t:|1776002255\n|detailschange|p2b: Blastoise|Blastoise-Mega, L50, M\n|-mega|p2b: Blastoise|Blastoise|Blastoisinite\n|move|p2a: Garchomp|Rock Slide|p1a: Politoed|[spread] p1a,p1b\n|-damage|p1a: Politoed|39/100\n|-damage|p1b: Basculegion|36/100\n|move|p2b: Blastoise|Shell Smash|p2b: Blastoise\n|-unboost|p2b: Blastoise|def|1\n|-unboost|p2b: Blastoise|spd|1\n|-boost|p2b: Blastoise|atk|2\n|-boost|p2b: Blastoise|spa|2\n|-boost|p2b: Blastoise|spe|2\n|move|p1b: Basculegion|Wave Crash|p2a: Garchomp\n|-damage|p2a: Garchomp|0 fnt\n|-damage|p1b: Basculegion|24/100|[from] ability: Rough Skin|[of] p2a: Garchomp\n|faint|p2a: Garchomp\n|-damage|p1b: Basculegion|7/100|[from] Recoil\n|move|p1a: Politoed|Perish Song|p1a: Politoed\n|-start|p1a: Politoed|perish3|[silent]\n|-start|p1b: Basculegion|perish3|[silent]\n|-start|p2b: Blastoise|perish3|[silent]\n|-fieldactivate|move: Perish Song\n|\n|-weather|RainDance|[upkeep]\n|-heal|p1a: Politoed|45/100|[from] item: Leftovers\n|-start|p2b: Blastoise|perish3\n|-start|p1b: Basculegion|perish3\n|-start|p1a: Politoed|perish3\n|upkeep\n|\n|t:|1776002275\n|switch|p2a: Basculegion|Basculegion, L50, M|100/100\n|turn|3\n|\n|t:|1776002292\n|move|p1a: Politoed|Protect|p1a: Politoed\n|-singleturn|p1a: Politoed|Protect\n|move|p1b: Basculegion|Aqua Jet|p2b: Blastoise\n|-resisted|p2b: Blastoise|1\n|-end|p2b: Blastoise|Substitute\n|move|p2b: Blastoise|Water Spout|p1a: Politoed|[spread] p1b\n|-activate|p1a: Politoed|move: Protect\n|-resisted|p1b: Basculegion|1\n|-damage|p1b: Basculegion|0 fnt\n|faint|p1b: Basculegion\n|move|p2a: Basculegion|Last Respects|p1a: Politoed\n|-activate|p1a: Politoed|move: Protect\n|\n|-weather|RainDance|[upkeep]\n|-heal|p1a: Politoed|51/100|[from] item: Leftovers\n|-start|p2b: Blastoise|perish2\n|-start|p1a: Politoed|perish2\n|upkeep\n|\n|t:|1776002310\n|switch|p1b: Incineroar|Incineroar, L50, F|100/100\n|-ability|p1b: Incineroar|Intimidate|boost\n|-unboost|p2a: Basculegion|atk|1\n|-unboost|p2b: Blastoise|atk|1\n|turn|4\n|inactive|kiihorudaa has 30 seconds left.\n|inactive|kiihorudaa has 20 seconds left.\n|inactive|kiihorudaa has 15 seconds left.\n|\n|t:|1776002350\n|switch|p2a: Orthworm|Orthworm, L50, M|26/100\n|move|p1b: Incineroar|Fake Out|p2b: Blastoise\n|-damage|p2b: Blastoise|86/100\n|cant|p2b: Blastoise|flinch\n|move|p1a: Politoed|Muddy Water|p2b: Blastoise|[spread] p2a,p2b\n|-resisted|p2b: Blastoise|1\n|-damage|p2a: Orthworm|0 fnt\n|-damage|p2b: Blastoise|63/100\n|faint|p2a: Orthworm\n|\n|-weather|RainDance|[upkeep]\n|-heal|p1a: Politoed|57/100|[from] item: Leftovers\n|-start|p2b: Blastoise|perish1\n|-start|p1a: Politoed|perish1\n|upkeep\n|\n|t:|1776002355\n|switch|p2a: Basculegion|Basculegion, L50, M|100/100\n|turn|5\n|\n|t:|1776002380\n|move|p1b: Incineroar|Protect|p1b: Incineroar\n|-singleturn|p1b: Incineroar|Protect\n|move|p2b: Blastoise|Water Spout|p1a: Politoed|[spread] p1a\n|-activate|p1b: Incineroar|move: Protect\n|-resisted|p1a: Politoed|1\n|-damage|p1a: Politoed|18/100\n|move|p2a: Basculegion|Last Respects|p1a: Politoed\n|-damage|p1a: Politoed|0 fnt\n|faint|p1a: Politoed\n|\n|-weather|none\n|-start|p2b: Blastoise|perish0\n|faint|p2b: Blastoise\n|upkeep\n|\n|t:|1776002394\n|switch|p1a: Dragonite|Dragonite, L50, F|100/100\n|turn|6\n|inactive|kiihorudaa has 30 seconds left.\n|\n|t:|1776002420\n|detailschange|p1a: Dragonite|Dragonite-Mega, L50, F\n|-mega|p1a: Dragonite|Dragonite|Dragoninite\n|move|p2a: Basculegion|Last Respects|p1a: Dragonite\n|-damage|p1a: Dragonite|40/100\n|move|p1a: Dragonite|Draco Meteor|p2a: Basculegion\n|-damage|p2a: Basculegion|21/100\n|-unboost|p1a: Dragonite|spa|2\n|move|p1b: Incineroar|Parting Shot|p2a: Basculegion\n|-unboost|p2a: Basculegion|atk|1\n|-unboost|p2a: Basculegion|spa|1\n|\n|upkeep\n|turn|7\n|\n|t:|1776002435\n|move|p2a: Basculegion|Last Respects|p1a: Dragonite\n|-damage|p1a: Dragonite|0 fnt\n|faint|p1a: Dragonite\n|move|p1b: Incineroar|Flare Blitz|p2a: Basculegion\n|-resisted|p2a: Basculegion|1\n|-damage|p2a: Basculegion|0 fnt\n|faint|p2a: Basculegion\n|-damage|p1b: Incineroar|94/100|[from] Recoil\n|\n|win|kiihorudaa\n|raw|kiihorudaa's rating: 1216 &rarr; <strong>1240</strong><br />(+24 for winning)\n|raw|gamaboy's rating: 1206 &rarr; <strong>1182</strong><br />(-24 for losing)\n|l|\u2606gamaboy\n|player|p2|\n",
  "uploadtime": 1776002447,
  "views": 37,
  "formatid": "gen9championsvgc2026regma",
  "rating": 1182,
  "private": 0,
  "password": null
}