{
  "id": "gen9championsvgc2026regma-2585998106",
  "format": "[Gen 9 Champions] VGC 2026 Reg M-A",
  "players": [
    "AAACompanyBtw",
    "bottled stars"
  ],
  "log": "|j|\u2606AAACompanyBtw\n|j|\u2606bottled stars\n|t:|1776388825\n|gametype|doubles\n|player|p1|AAACompanyBtw|265|1324\n|player|p2|bottled stars|102|1361\n|gen|9\n|tier|[Gen 9 Champions] VGC 2026 Reg M-A\n|rated|\n|rule|Species Clause: Limit one of each Pok\u00e9mon\n|rule|Item Clause: Limit 1 of each item\n|clearpoke\n|poke|p1|Sinistcha, L50|\n|poke|p1|Pelipper, L50, F|\n|poke|p1|Rotom-Wash, L50|\n|poke|p1|Mamoswine, L50, F|\n|poke|p1|Orthworm, L50, F|\n|poke|p1|Dragonite, L50, M|\n|poke|p2|Floette-Eternal, L50, F|\n|poke|p2|Sinistcha, L50|\n|poke|p2|Incineroar, L50, M|\n|poke|p2|Archaludon, L50, M|\n|poke|p2|Pelipper, L50, M|\n|poke|p2|Basculegion, L50, M|\n|teampreview|4\n|j| Xcloutcobain\n|inactive|Battle timer is ON: inactive players will automatically lose when time's up. (requested by AAACompanyBtw)\n|\n|t:|1776388864\n|teamsize|p1|4\n|teamsize|p2|4\n|start\n|switch|p1a: Mamoswine|Mamoswine, L50, F|100/100\n|switch|p1b: Pelipper|Pelipper, L50, F|100/100\n|switch|p2a: Floette|Floette-Eternal, L50, F|100/100\n|switch|p2b: Incineroar|Incineroar, L50, M|100/100\n|-weather|RainDance|[from] ability: Drizzle|[of] p1b: Pelipper\n|-ability|p2b: Incineroar|Intimidate|boost\n|-fail|p1a: Mamoswine|unboost|Attack|[from] ability: Oblivious|[of] p1a: Mamoswine\n|-unboost|p1b: Pelipper|atk|1\n|turn|1\n|\n|t:|1776388877\n|detailschange|p2a: Floette|Floette-Mega, L50, F\n|-mega|p2a: Floette|Floette|Floettite\n|-ability|p2a: Floette|Fairy Aura\n|move|p1a: Mamoswine|Protect|p1a: Mamoswine\n|-singleturn|p1a: Mamoswine|Protect\n|move|p2b: Incineroar|Fake Out|p1a: Mamoswine\n|-activate|p1a: Mamoswine|move: Protect\n|move|p1b: Pelipper|Tailwind|p1b: Pelipper\n|-sidestart|p1: AAACompanyBtw|move: Tailwind\n|move|p2a: Floette|Calm Mind|p2a: Floette\n|-boost|p2a: Floette|spa|1\n|-boost|p2a: Floette|spd|1\n|\n|-weather|RainDance|[upkeep]\n|upkeep\n|turn|2\n|\n|t:|1776388898\n|switch|p1b: Orthworm|Orthworm, L50, F|100/100\n|switch|p2b: Sinistcha|Sinistcha, L50|100/100\n|move|p1a: Mamoswine|Earthquake|p2b: Sinistcha|[spread] p2a,p2b\n|-immune|p1b: Orthworm|[from] ability: Earth Eater\n|-resisted|p2b: Sinistcha|1\n|-damage|p2a: Floette|54/100\n|-damage|p2b: Sinistcha|81/100\n|move|p2a: Floette|Dazzling Gleam|p1b: Orthworm|[spread] p1a,p1b\n|-resisted|p1b: Orthworm|1\n|-enditem|p1a: Mamoswine|Focus Sash\n|-damage|p1a: Mamoswine|1/100\n|-damage|p1b: Orthworm|62/100\n|\n|-weather|RainDance|[upkeep]\n|upkeep\n|turn|3\n|\n|t:|1776388922\n|move|p2a: Floette|Protect|p2a: Floette\n|-singleturn|p2a: Floette|Protect\n|move|p1a: Mamoswine|Earthquake|p2b: Sinistcha|[spread] p2b\n|-activate|p2a: Floette|move: Protect\n|-heal|p1b: Orthworm|86/100|[from] ability: Earth Eater|[of] p1a: Mamoswine\n|-resisted|p2b: Sinistcha|1\n|-damage|p2b: Sinistcha|62/100\n|move|p1b: Orthworm|Heavy Slam|p2a: Floette\n|-activate|p2a: Floette|move: Protect\n|move|p2b: Sinistcha|Trick Room|p2b: Sinistcha\n|-fieldstart|move: Trick Room|[of] p2b: Sinistcha\n|\n|-weather|RainDance|[upkeep]\n|upkeep\n|turn|4\n|\n|t:|1776388946\n|move|p1a: Mamoswine|Protect|p1a: Mamoswine\n|-singleturn|p1a: Mamoswine|Protect\n|move|p2b: Sinistcha|Matcha Gotcha|p1a: Mamoswine|[spread] p1b\n|-activate|p1a: Mamoswine|move: Protect\n|-resisted|p1b: Orthworm|1\n|-damage|p1b: Orthworm|73/100\n|-heal|p2b: Sinistcha|69/100|[from] drain|[of] p1b: Orthworm\n|-status|p1b: Orthworm|brn\n|move|p2a: Floette|Light of Ruin|p1b: Orthworm|[miss]\n|-miss|p2a: Floette|p1b: Orthworm\n|move|p1b: Orthworm|Heavy Slam|p2a: Floette\n|-supereffective|p2a: Floette|1\n|-damage|p2a: Floette|26/100\n|\n|-weather|RainDance|[upkeep]\n|-damage|p1b: Orthworm|67/100 brn|[from] brn\n|-sideend|p1: AAACompanyBtw|move: Tailwind\n|upkeep\n|turn|5\n|inactive|AAACompanyBtw has 30 seconds left.\n|inactive|AAACompanyBtw has 20 seconds left.\n|\n|t:|1776388983\n|move|p2b: Sinistcha|Rage Powder|p2b: Sinistcha\n|-singleturn|p2b: Sinistcha|move: Rage Powder\n|move|p1a: Mamoswine|Ice Shard|p2b: Sinistcha\n|-supereffective|p2b: Sinistcha|1\n|-damage|p2b: Sinistcha|25/100\n|move|p1b: Orthworm|Iron Defense|p1b: Orthworm\n|-boost|p1b: Orthworm|def|2\n|move|p2a: Floette|Dazzling Gleam|p1b: Orthworm|[spread] p1a,p1b\n|-resisted|p1b: Orthworm|1\n|-damage|p1a: Mamoswine|0 fnt\n|-damage|p1b: Orthworm|25/100 brn\n|-enditem|p1b: Orthworm|Sitrus Berry|[eat]\n|-heal|p1b: Orthworm|50/100 brn|[from] item: Sitrus Berry\n|faint|p1a: Mamoswine\n|\n|-weather|none\n|-damage|p1b: Orthworm|44/100 brn|[from] brn\n|upkeep\n|\n|t:|1776388995\n|switch|p1a: Rotom|Rotom-Wash, L50|100/100\n|turn|6\n|\n|t:|1776389014\n|move|p2b: Sinistcha|Rage Powder|p2b: Sinistcha\n|-singleturn|p2b: Sinistcha|move: Rage Powder\n|move|p1b: Orthworm|Heavy Slam|p2b: Sinistcha\n|-damage|p2b: Sinistcha|9/100\n|move|p1a: Rotom|Electroweb|p2b: Sinistcha|[spread] p2a,p2b\n|-crit|p2a: Floette\n|-resisted|p2b: Sinistcha|1\n|-damage|p2a: Floette|6/100\n|-damage|p2b: Sinistcha|2/100\n|-unboost|p2a: Floette|spe|1\n|-unboost|p2b: Sinistcha|spe|1\n|move|p2a: Floette|Dazzling Gleam|p1a: Rotom|[spread] p1a,p1b\n|-resisted|p1b: Orthworm|1\n|-damage|p1a: Rotom|14/100\n|-damage|p1b: Orthworm|2/100 brn\n|\n|-heal|p1a: Rotom|20/100|[from] item: Leftovers\n|-damage|p1b: Orthworm|0 fnt|[from] brn\n|faint|p1b: Orthworm\n|upkeep\n|\n|t:|1776389027\n|switch|p1b: Pelipper|Pelipper, L50, F|100/100\n|-weather|RainDance|[from] ability: Drizzle|[of] p1b: Pelipper\n|turn|7\n|\n|t:|1776389050\n|switch|p2b: Incineroar|Incineroar, L50, M|100/100\n|-ability|p2b: Incineroar|Intimidate|boost\n|-unboost|p1a: Rotom|atk|1\n|-unboost|p1b: Pelipper|atk|1\n|move|p2a: Floette|Protect|p2a: Floette\n|-singleturn|p2a: Floette|Protect\n|move|p1a: Rotom|Protect|p1a: Rotom\n|-singleturn|p1a: Rotom|Protect\n|move|p1b: Pelipper|Hurricane|p2a: Floette\n|-activate|p2a: Floette|move: Protect\n|\n|-weather|RainDance|[upkeep]\n|-heal|p1a: Rotom|25/100|[from] item: Leftovers\n|-fieldend|move: Trick Room\n|upkeep\n|turn|8\n|\n|t:|1776389065\n|move|p2b: Incineroar|Fake Out|p1b: Pelipper\n|-damage|p1b: Pelipper|85/100\n|cant|p1b: Pelipper|flinch\n|move|p1a: Rotom|Electroweb|p2a: Floette|[spread] p2a,p2b\n|-damage|p2a: Floette|0 fnt\n|-damage|p2b: Incineroar|82/100\n|-unboost|p2b: Incineroar|spe|1\n|faint|p2a: Floette\n|\n|-weather|RainDance|[upkeep]\n|-heal|p1a: Rotom|31/100|[from] item: Leftovers\n|upkeep\n|\n|t:|1776389074\n|switch|p2a: Basculegion|Basculegion, L50, M|100/100\n|turn|9\n|\n|t:|1776389079\n|move|p2a: Basculegion|Last Respects|p1b: Pelipper\n|-damage|p1b: Pelipper|0 fnt\n|faint|p1b: Pelipper\n|move|p1a: Rotom|Electroweb|p2b: Incineroar|[spread] p2a\n|-miss|p1a: Rotom|p2b: Incineroar\n|-supereffective|p2a: Basculegion|1\n|-damage|p2a: Basculegion|50/100\n|-unboost|p2a: Basculegion|spe|1\n|move|p2b: Incineroar|Throat Chop|p1a: Rotom\n|-damage|p1a: Rotom|0 fnt\n|faint|p1a: Rotom\n|\n|win|bottled stars\n|raw|AAACompanyBtw's rating: 1324 &rarr; <strong>1306</strong><br />(-18 for losing)\n|raw|bottled stars's rating: 1361 &rarr; <strong>1379</strong><br />(+18 for winning)\n",
  "uploadtime": 1776389087,
  "views": 40,
  "formatid": "gen9championsvgc2026regma",
  "rating": 1306,
  "private": 0,
  "password": null
}