{
  "id": "gen9championsvgc2026regma-2586756146",
  "format": "[Gen 9 Champions] VGC 2026 Reg M-A",
  "players": [
    "luckymoon1220",
    "penledzuu"
  ],
  "log": "|j|\u2606luckymoon1220\n|j|\u2606penledzuu\n|t:|1776457415\n|gametype|doubles\n|player|p1|luckymoon1220|richboy-gen4|1045\n|player|p2|penledzuu|ninjaboy|1067\n|gen|9\n|tier|[Gen 9 Champions] VGC 2026 Reg M-A\n|rated|\n|rule|Species Clause: Limit one of each Pok\u00e9mon\n|rule|Item Clause: Limit 1 of each item\n|clearpoke\n|poke|p1|Sneasler, L50, F|\n|poke|p1|Corviknight, L50, M|\n|poke|p1|Milotic, L50, F|\n|poke|p1|Whimsicott, L50, F|\n|poke|p1|Absol, L50, M|\n|poke|p1|Chandelure, L50, F|\n|poke|p2|Gengar, L50, F|\n|poke|p2|Gardevoir, L50, F|\n|poke|p2|Arcanine-Hisui, L50, M|\n|poke|p2|Charizard, L50, F|\n|poke|p2|Machamp, L50, M|\n|poke|p2|Sneasler, L50, M|\n|teampreview|4\n|inactive|Battle timer is ON: inactive players will automatically lose when time's up. (requested by penledzuu)\n|\n|t:|1776457436\n|teamsize|p1|4\n|teamsize|p2|4\n|start\n|switch|p1a: Whimsicott|Whimsicott, L50, F|100/100\n|switch|p1b: Chandelure|Chandelure, L50, F|100/100\n|switch|p2a: Gengar|Gengar, L50, F, shiny|100/100\n|switch|p2b: Sneasler|Sneasler, L50, M|100/100\n|turn|1\n|\n|t:|1776457451\n|detailschange|p1b: Chandelure|Chandelure-Mega, L50, F\n|-mega|p1b: Chandelure|Chandelure|Chandelurite\n|move|p2b: Sneasler|Fake Out|p1a: Whimsicott\n|-damage|p1a: Whimsicott|76/100\n|cant|p1a: Whimsicott|flinch\n|move|p2a: Gengar|Shadow Ball|p1b: Chandelure\n|-supereffective|p1b: Chandelure|1\n|-damage|p1b: Chandelure|8/100\n|move|p1b: Chandelure|Shadow Ball|p2a: Gengar\n|-supereffective|p2a: Gengar|1\n|-enditem|p2a: Gengar|Focus Sash\n|-damage|p2a: Gengar|1/100\n|\n|upkeep\n|turn|2\n|inactive|luckymoon1220 has 30 seconds left.\n|inactive|penledzuu has 30 seconds left.\n|inactive|luckymoon1220 has 20 seconds left.\n|\n|t:|1776457489\n|move|p1a: Whimsicott|Tailwind|p1a: Whimsicott\n|-sidestart|p1: luckymoon1220|move: Tailwind\n|move|p1b: Chandelure|Heat Wave|p2a: Gengar|[spread] p2a\n|-miss|p1b: Chandelure|p2b: Sneasler\n|-damage|p2a: Gengar|0 fnt\n|faint|p2a: Gengar\n|move|p2b: Sneasler|Dire Claw|p1b: Chandelure\n|-resisted|p1b: Chandelure|1\n|-damage|p1b: Chandelure|0 fnt\n|faint|p1b: Chandelure\n|\n|upkeep\n|\n|t:|1776457507\n|switch|p2a: Machamp|Machamp, L50, M|100/100\n|switch|p1b: Milotic|Milotic, L50, F|100/100\n|turn|3\n|\n|t:|1776457528\n|move|p1a: Whimsicott|Moonblast|p2a: Machamp\n|-supereffective|p2a: Machamp|1\n|-damage|p2a: Machamp|27/100\n|-unboost|p2a: Machamp|spa|1\n|move|p1b: Milotic|Icy Wind|p2b: Sneasler|[spread] p2a,p2b\n|-damage|p2a: Machamp|15/100\n|-damage|p2b: Sneasler|85/100\n|-unboost|p2a: Machamp|spe|1\n|-unboost|p2b: Sneasler|spe|1\n|-enditem|p2b: Sneasler|White Herb\n|-clearnegativeboost|p2b: Sneasler|[silent]\n|move|p2b: Sneasler|Close Combat|p1b: Milotic\n|-damage|p1b: Milotic|8/100\n|-unboost|p2b: Sneasler|def|1\n|-unboost|p2b: Sneasler|spd|1\n|move|p2a: Machamp|Dynamic Punch|p1b: Milotic\n|-damage|p1b: Milotic|0 fnt\n|faint|p1b: Milotic\n|\n|upkeep\n|\n|t:|1776457549\n|switch|p1b: Sneasler|Sneasler, L50, F|100/100\n|turn|4\n|\n|t:|1776457560\n|move|p1b: Sneasler|Fake Out|p2b: Sneasler\n|-damage|p2b: Sneasler|48/100\n|move|p2a: Machamp|Bullet Punch|p1a: Whimsicott\n|-supereffective|p1a: Whimsicott|1\n|-damage|p1a: Whimsicott|33/100\n|move|p1a: Whimsicott|Moonblast|p2a: Machamp\n|-supereffective|p2a: Machamp|1\n|-damage|p2a: Machamp|0 fnt\n|faint|p2a: Machamp\n|cant|p2b: Sneasler|flinch\n|\n|upkeep\n|\n|t:|1776457570\n|switch|p2a: Gardevoir|Gardevoir, L50, F|100/100\n|-ability|p2a: Gardevoir|Prankster|Trace|[from] ability: Trace|[of] p1a: Whimsicott\n|turn|5\n|\n|t:|1776457588\n|move|p1b: Sneasler|Dire Claw|p2a: Gardevoir\n|-supereffective|p2a: Gardevoir|1\n|-damage|p2a: Gardevoir|0 fnt\n|faint|p2a: Gardevoir\n|move|p1a: Whimsicott|Endeavor|p2b: Sneasler\n|-damage|p2b: Sneasler|29/100\n|move|p2b: Sneasler|Acrobatics|p1b: Sneasler\n|-supereffective|p1b: Sneasler|1\n|-damage|p1b: Sneasler|0 fnt\n|faint|p1b: Sneasler\n|\n|-sideend|p1: luckymoon1220|move: Tailwind\n|upkeep\n|turn|6\n|\n|t:|1776457607\n|move|p2b: Sneasler|Dire Claw|p1a: Whimsicott\n|-supereffective|p1a: Whimsicott|2\n|-damage|p1a: Whimsicott|0 fnt\n|faint|p1a: Whimsicott\n|\n|win|penledzuu\n|raw|luckymoon1220's rating: 1045 &rarr; <strong>1029</strong><br />(-16 for losing)\n|raw|penledzuu's rating: 1067 &rarr; <strong>1095</strong><br />(+28 for winning)\n|l|\u2606luckymoon1220\n|player|p1|\n",
  "uploadtime": 1776457618,
  "views": 26,
  "formatid": "gen9championsvgc2026regma",
  "rating": 1029,
  "private": 0,
  "password": null
}