{
  "id": "gen9championsvgc2026regma-2586726953",
  "format": "[Gen 9 Champions] VGC 2026 Reg M-A",
  "players": [
    "Juya",
    "sanper1"
  ],
  "log": "|j|\u2606Juya\n|j|\u2606sanper1\n|t:|1776455187\n|gametype|doubles\n|player|p1|Juya|2|1352\n|player|p2|sanper1|265|1306\n|gen|9\n|tier|[Gen 9 Champions] VGC 2026 Reg M-A\n|rated|\n|rule|Species Clause: Limit one of each Pok\u00e9mon\n|rule|Item Clause: Limit 1 of each item\n|clearpoke\n|poke|p1|Glimmora, L50, M|\n|poke|p1|Gyarados, L50, M|\n|poke|p1|Corviknight, L50, F|\n|poke|p1|Garchomp, L50, F|\n|poke|p1|Volcarona, L50, F|\n|poke|p1|Ninetales-Alola, L50, F|\n|poke|p2|Aggron, L50, M|\n|poke|p2|Pelipper, L50, M|\n|poke|p2|Basculegion, L50, M|\n|poke|p2|Meganium, L50, F|\n|poke|p2|Incineroar, L50, F|\n|poke|p2|Garchomp, L50, F|\n|teampreview|4\n|inactive|Battle timer is ON: inactive players will automatically lose when time's up. (requested by Juya)\n|inactive|sanper1 has 60 seconds left.\nsanper1 has agreed to open team sheets.\nJuya has agreed to open team sheets.\n|showteam|p1|Glimmora||Glimmoranite|ToxicDebris|SpikyShield,PowerGem,Substitute,SludgeBomb|||M|||50|]Gyarados||Gyaradosite|Intimidate|Protect,DragonDance,Waterfall,Earthquake|||M|||50|]Corviknight||SitrusBerry|MirrorArmor|IronDefense,BodyPress,BraveBird,Roost|||F|||50|]Garchomp||ChoiceScarf|RoughSkin|RockSlide,StompingTantrum,Earthquake,DragonClaw|||F|||50|]Volcarona||Leftovers|FlameBody|RagePowder,HeatWave,QuiverDance,GigaDrain|||F|||50|]Ninetales-Alola||FocusSash|SnowWarning|Protect,Blizzard,Encore,AuroraVeil|||F|||50|\n|showteam|p2|Aggron||Aggronite|Sturdy|IronHead,IronDefense,BodyPress,Protect|||M|||50|]Pelipper||FocusSash|Drizzle|Protect,Tailwind,WeatherBall,Hurricane|||M|||50|]Basculegion||ChoiceScarf|Adaptability|LastRespects,WaveCrash,AquaJet,FlipTurn|||M|||50|]Meganium||Meganiumite|Overgrow|SolarBeam,DazzlingGleam,WeatherBall,Protect|||F|||50|]Incineroar||SitrusBerry|Intimidate|FakeOut,PartingShot,ThroatChop,WillOWisp|||F|||50|]Garchomp||LumBerry|RoughSkin|RockSlide,DragonClaw,Earthquake,Protect|||F|||50|\n|inactive|sanper1 has 30 seconds left.\n|inactive|sanper1 has 20 seconds left.\n|inactive|sanper1 has 15 seconds left.\n|inactive|sanper1 has 10 seconds left.\n|\n|t:|1776455271\n|teamsize|p1|4\n|teamsize|p2|4\n|start\n|switch|p1a: Corviknight|Corviknight, L50, F, shiny|100/100\n|switch|p1b: Glimmora|Glimmora, L50, M|100/100\n|switch|p2a: Garchomp|Garchomp, L50, F|100/100\n|switch|p2b: Pelipper|Pelipper, L50, M|100/100\n|-weather|RainDance|[from] ability: Drizzle|[of] p2b: Pelipper\n|turn|1\n|inactive|sanper1 has 30 seconds left.\n|inactive|sanper1 has 20 seconds left.\n|\n|t:|1776455311\n|switch|p1b: Ninetales|Ninetales-Alola, L50, F|100/100\n|-weather|Snowscape|[from] ability: Snow Warning|[of] p1b: Ninetales\n|move|p2a: Garchomp|Earthquake|p1b: Ninetales|[spread] p1b\n|-immune|p2b: Pelipper\n|-immune|p1a: Corviknight\n|-damage|p1b: Ninetales|63/100\n|move|p2b: Pelipper|Weather Ball|p1a: Corviknight\n|-damage|p1a: Corviknight|72/100\n|move|p1a: Corviknight|Iron Defense|p1a: Corviknight\n|-boost|p1a: Corviknight|def|2\n|\n|-weather|Snowscape|[upkeep]\n|upkeep\n|turn|2\n|inactive|sanper1 has 30 seconds left.\n|inactive|sanper1 has 20 seconds left.\n|inactive|sanper1 has 15 seconds left.\n|inactive|sanper1 has 10 seconds left.\n|\n|t:|1776455361\n|switch|p2a: Basculegion|Basculegion, L50, M|100/100\n|move|p1b: Ninetales|Aurora Veil|p1b: Ninetales\n|-sidestart|p1: Juya|move: Aurora Veil\n|move|p2b: Pelipper|Weather Ball|p1a: Corviknight\n|-damage|p1a: Corviknight|55/100\n|move|p1a: Corviknight|Body Press|p2b: Pelipper\n|-resisted|p2b: Pelipper|1\n|-damage|p2b: Pelipper|73/100\n|\n|-weather|Snowscape|[upkeep]\n|upkeep\n|turn|3\n|inactive|sanper1 has 30 seconds left.\n|\n|t:|1776455386\n|switch|p2a: Aggron|Aggron, L50, M|100/100\n|switch|p1b: Glimmora|Glimmora, L50, M|100/100\n|move|p2b: Pelipper|Tailwind|p2b: Pelipper\n|-sidestart|p2: sanper1|move: Tailwind\n|move|p1a: Corviknight|Roost|p1a: Corviknight\n|-heal|p1a: Corviknight|100/100\n|-singleturn|p1a: Corviknight|move: Roost\n|\n|-weather|Snowscape|[upkeep]\n|upkeep\n|turn|4\n|\n|t:|1776455409\n|switch|p2b: Garchomp|Garchomp, L50, F|100/100\n|detailschange|p2a: Aggron|Aggron-Mega, L50, M\n|-mega|p2a: Aggron|Aggron|Aggronite\n|move|p1b: Glimmora|Power Gem|p2b: Garchomp\n|-resisted|p2b: Garchomp|1\n|-damage|p2b: Garchomp|77/100\n|move|p2a: Aggron|Iron Defense|p2a: Aggron\n|-boost|p2a: Aggron|def|2\n|move|p1a: Corviknight|Iron Defense|p1a: Corviknight\n|-boost|p1a: Corviknight|def|2\n|\n|-weather|Snowscape|[upkeep]\n|upkeep\n|turn|5\n|inactive|sanper1 has 30 seconds left.\n|\n|t:|1776455437\n|move|p1b: Glimmora|Spiky Shield|p1b: Glimmora\n|-singleturn|p1b: Glimmora|move: Protect\n|move|p2b: Garchomp|Earthquake|p1b: Glimmora|[spread] p2a\n|-activate|p1b: Glimmora|move: Protect\n|-immune|p1a: Corviknight\n|-supereffective|p2a: Aggron|1\n|-damage|p2a: Aggron|87/100\n|move|p2a: Aggron|Iron Defense|p2a: Aggron\n|-boost|p2a: Aggron|def|2\n|move|p1a: Corviknight|Body Press|p2b: Garchomp\n|-damage|p2b: Garchomp|16/100\n|-damage|p1a: Corviknight|88/100|[from] ability: Rough Skin|[of] p2b: Garchomp\n|\n|-weather|none\n|upkeep\n|turn|6\n|inactive|Juya has 30 seconds left.\n|\n|t:|1776455464\n|switch|p1b: Ninetales|Ninetales-Alola, L50, F|63/100\n|-weather|Snowscape|[from] ability: Snow Warning|[of] p1b: Ninetales\n|move|p2b: Garchomp|Protect|p2b: Garchomp\n|-singleturn|p2b: Garchomp|Protect\n|move|p2a: Aggron|Iron Defense|p2a: Aggron\n|-boost|p2a: Aggron|def|2\n|move|p1a: Corviknight|Brave Bird|p2b: Garchomp\n|-activate|p2b: Garchomp|move: Protect\n|\n|-weather|Snowscape|[upkeep]\n|-sideend|p2: sanper1|move: Tailwind\n|-sideend|p1: Juya|move: Aurora Veil\n|upkeep\n|turn|7\n|inactive|sanper1 has 30 seconds left.\n|\n|t:|1776455493\n|move|p1b: Ninetales|Encore|p2a: Aggron\n|-start|p2a: Aggron|Encore\n|move|p2b: Garchomp|Rock Slide|p1a: Corviknight|[spread] p1a,p1b\n|-supereffective|p1b: Ninetales|1\n|-damage|p1a: Corviknight|83/100\n|-damage|p1b: Ninetales|22/100\n|cant|p1a: Corviknight|flinch\n|move|p2a: Aggron|Iron Defense|p2a: Aggron\n|-boost|p2a: Aggron|def|0\n|\n|-weather|Snowscape|[upkeep]\n|upkeep\n|turn|8\n|\n|t:|1776455511\n|switch|p2b: Pelipper|Pelipper, L50, M|73/100\n|-weather|RainDance|[from] ability: Drizzle|[of] p2b: Pelipper\n|move|p1b: Ninetales|Blizzard|p2b: Pelipper|[spread] p2a,p2b\n|-resisted|p2a: Aggron|1\n|-damage|p2a: Aggron|76/100\n|-damage|p2b: Pelipper|25/100\n|-status|p2b: Pelipper|frz\n|move|p1a: Corviknight|Brave Bird|p2b: Pelipper\n|-crit|p2b: Pelipper\n|-damage|p2b: Pelipper|0 fnt\n|faint|p2b: Pelipper\n|-damage|p1a: Corviknight|78/100|[from] Recoil\n|move|p2a: Aggron|Iron Defense|p2a: Aggron\n|-boost|p2a: Aggron|def|0\n|\n|-weather|RainDance|[upkeep]\n|upkeep\n|\n|t:|1776455521\n|switch|p2b: Basculegion|Basculegion, L50, M|100/100\n|turn|9\n|\n|t:|1776455538\n|switch|p1b: Glimmora|Glimmora, L50, M|100/100\n|move|p2b: Basculegion|Wave Crash|p1b: Glimmora\n|-supereffective|p1b: Glimmora|1\n|-damage|p1b: Glimmora|0 fnt\n|-activate|p1b: Glimmora|ability: Toxic Debris\n|-sidestart|p2: sanper1|move: Toxic Spikes\n|faint|p1b: Glimmora\n|-damage|p2b: Basculegion|74/100|[from] Recoil\n|move|p1a: Corviknight|Brave Bird|p2b: Basculegion\n|-damage|p2b: Basculegion|21/100\n|-damage|p1a: Corviknight|61/100|[from] Recoil\n|move|p2a: Aggron|Iron Defense|p2a: Aggron\n|-boost|p2a: Aggron|def|0\n|\n|-weather|RainDance|[upkeep]\n|-end|p2a: Aggron|Encore\n|upkeep\n|\n|t:|1776455554\n|switch|p1b: Ninetales|Ninetales-Alola, L50, F|22/100\n|-weather|Snowscape|[from] ability: Snow Warning|[of] p1b: Ninetales\n|turn|10\n|\n|t:|1776455569\n|move|p1b: Ninetales|Protect|p1b: Ninetales\n|-singleturn|p1b: Ninetales|Protect\n|move|p2b: Basculegion|Wave Crash|p1b: Ninetales\n|-activate|p1b: Ninetales|move: Protect\n|move|p1a: Corviknight|Brave Bird|p2b: Basculegion\n|-damage|p2b: Basculegion|0 fnt\n|faint|p2b: Basculegion\n|-damage|p1a: Corviknight|55/100|[from] Recoil\n|move|p2a: Aggron|Body Press|p1a: Corviknight\n|-damage|p1a: Corviknight|18/100\n|-enditem|p1a: Corviknight|Sitrus Berry|[eat]\n|-heal|p1a: Corviknight|42/100|[from] item: Sitrus Berry\n|\n|-weather|Snowscape|[upkeep]\n|upkeep\n|\n|t:|1776455581\n|switch|p2b: Garchomp|Garchomp, L50, F|16/100\n|-status|p2b: Garchomp|psn\n|-enditem|p2b: Garchomp|Lum Berry|[eat]\n|-curestatus|p2b: Garchomp|psn|[msg]\n|turn|11\n|\n|t:|1776455602\n|switch|p1b: Volcarona|Volcarona, L50, F|100/100\n|move|p2b: Garchomp|Protect|p2b: Garchomp\n|-singleturn|p2b: Garchomp|Protect\n|move|p1a: Corviknight|Roost|p1a: Corviknight\n|-heal|p1a: Corviknight|93/100\n|-singleturn|p1a: Corviknight|move: Roost\n|move|p2a: Aggron|Body Press|p1b: Volcarona\n|-resisted|p1b: Volcarona|1\n|-damage|p1b: Volcarona|17/100\n|\n|-weather|Snowscape|[upkeep]\n|-heal|p1b: Volcarona|23/100|[from] item: Leftovers\n|upkeep\n|turn|12\n|\n|t:|1776455621\n|switch|p1b: Ninetales|Ninetales-Alola, L50, F|22/100\n|move|p2b: Garchomp|Rock Slide|p1b: Ninetales|[spread] p1a,p1b\n|-supereffective|p1b: Ninetales|1\n|-damage|p1a: Corviknight|87/100\n|-damage|p1b: Ninetales|0 fnt\n|faint|p1b: Ninetales\n|move|p1a: Corviknight|Brave Bird|p2b: Garchomp\n|-damage|p2b: Garchomp|0 fnt\n|-damage|p1a: Corviknight|75/100|[from] ability: Rough Skin|[of] p2b: Garchomp\n|faint|p2b: Garchomp\n|-damage|p1a: Corviknight|70/100|[from] Recoil\n|move|p2a: Aggron|Body Press|p1a: Corviknight\n|-damage|p1a: Corviknight|31/100\n|\n|-weather|Snowscape|[upkeep]\n|upkeep\n|\n|t:|1776455637\n|switch|p1b: Volcarona|Volcarona, L50, F|23/100\n|turn|13\n|\n|t:|1776455644\n|move|p1b: Volcarona|Heat Wave|p2a: Aggron\n|-supereffective|p2a: Aggron|1\n|-damage|p2a: Aggron|17/100\n|move|p1a: Corviknight|Roost|p1a: Corviknight\n|-heal|p1a: Corviknight|81/100\n|-singleturn|p1a: Corviknight|move: Roost\n|move|p2a: Aggron|Body Press|p1b: Volcarona\n|-resisted|p1b: Volcarona|1\n|-damage|p1b: Volcarona|0 fnt\n|-status|p2a: Aggron|brn|[from] ability: Flame Body|[of] p1b: Volcarona\n|faint|p1b: Volcarona\n|\n|-weather|Snowscape|[upkeep]\n|-damage|p2a: Aggron|11/100 brn|[from] brn\n|upkeep\n|turn|14\n|\n|t:|1776455659\n|move|p1a: Corviknight|Body Press|p2a: Aggron\n|-supereffective|p2a: Aggron|1\n|-damage|p2a: Aggron|0 fnt\n|faint|p2a: Aggron\n|\n|win|Juya\n|raw|Juya's rating: 1352 &rarr; <strong>1369</strong><br />(+17 for winning)\n|raw|sanper1's rating: 1306 &rarr; <strong>1289</strong><br />(-17 for losing)\n",
  "uploadtime": 1776455668,
  "views": 55,
  "formatid": "gen9championsvgc2026regma",
  "rating": 1289,
  "private": 0,
  "password": null
}