{
  "id": "gen9championsvgc2026regma-2580849891",
  "format": "[Gen 9 Champions] VGC 2026 Reg M-A",
  "players": [
    "GlisCorpLTD",
    "anastarawneh"
  ],
  "log": "|j|\u2606GlisCorpLTD\n|j|\u2606anastarawneh\n|t:|1775937558\n|gametype|doubles\n|player|p1|GlisCorpLTD|blackbelt-gen4dp|1071\n|player|p2|anastarawneh|169|1000\n|gen|9\n|tier|[Gen 9 Champions] VGC 2026 Reg M-A\n|rated|\n|rule|Species Clause: Limit one of each Pok\u00e9mon\n|rule|Item Clause: Limit 1 of each item\n|clearpoke\n|poke|p1|Crabominable, L50, F|\n|poke|p1|Orthworm, L50, M|\n|poke|p1|Clawitzer, L50, M|\n|poke|p1|Farigiraf, L50, M|\n|poke|p1|Garchomp, L50, F|\n|poke|p1|Rotom-Heat, L50|\n|poke|p2|Charizard, L50, F|\n|poke|p2|Garchomp, L50, F|\n|poke|p2|Incineroar, L50, F|\n|poke|p2|Sylveon, L50, M|\n|poke|p2|Whimsicott, L50, M|\n|poke|p2|Excadrill, L50, M|\n|teampreview|4\nGlisCorpLTD rejected open team sheets.\n|c|\u2606GlisCorpLTD|gl hf\n|\n|t:|1775937609\n|teamsize|p1|4\n|teamsize|p2|4\n|start\n|switch|p1a: Orthworm|Orthworm, L50, M|100/100\n|switch|p1b: Farigiraf|Farigiraf, L50, M|100/100\n|switch|p2a: Garchomp|Garchomp, L50, F|100/100\n|switch|p2b: Whimsicott|Whimsicott, L50, M|100/100\n|turn|1\n|\n|t:|1775937649\n|switch|p2b: Charizard|Charizard, L50, F|100/100\n|move|p2a: Garchomp|Rock Slide|p1a: Orthworm|[spread] p1a\n|-miss|p2a: Garchomp|p1b: Farigiraf\n|-resisted|p1a: Orthworm|1\n|-damage|p1a: Orthworm|95/100\n|move|p1a: Orthworm|Shed Tail|p1a: Orthworm\n|-start|p1a: Orthworm|Substitute|[from] move: Shed Tail\n|-damage|p1a: Orthworm|45/100\n|-enditem|p1a: Orthworm|Sitrus Berry|[eat]\n|-heal|p1a: Orthworm|69/100|[from] item: Sitrus Berry\n|\n|t:|1775937661\n|switch|p1a: Crabominable|Crabominable, L50, F|100/100|[from] Shed Tail\n|move|p1b: Farigiraf|Trick Room|p1b: Farigiraf\n|-fieldstart|move: Trick Room|[of] p1b: Farigiraf\n|\n|upkeep\n|turn|2\n|\n|t:|1775937687\n|detailschange|p1a: Crabominable|Crabominable-Mega, L50, F\n|-mega|p1a: Crabominable|Crabominable|Crabominite\n|move|p2b: Charizard|Protect|p2b: Charizard\n|-singleturn|p2b: Charizard|Protect\n|move|p2a: Garchomp|Protect|p2a: Garchomp\n|-singleturn|p2a: Garchomp|Protect\n|move|p1a: Crabominable|Thunder Punch|p2b: Charizard\n|-activate|p2b: Charizard|move: Protect\n|move|p1b: Farigiraf|Psychic Noise|p2b: Charizard\n|-activate|p2b: Charizard|move: Protect\n|\n|upkeep\n|turn|3\n|\n|t:|1775937717\n|switch|p2b: Excadrill|Excadrill, L50, M|100/100\n|-ability|p2b: Excadrill|Mold Breaker\n|move|p1a: Crabominable|Ice Hammer|p2a: Garchomp\n|-supereffective|p2a: Garchomp|2\n|-enditem|p2a: Garchomp|Yache Berry|[eat]\n|-enditem|p2a: Garchomp|Yache Berry|[weaken]\n|-damage|p2a: Garchomp|0 fnt\n|-unboost|p1a: Crabominable|spe|1\n|-damage|p1a: Crabominable|88/100|[from] ability: Rough Skin|[of] p2a: Garchomp\n|faint|p2a: Garchomp\n|move|p1b: Farigiraf|Roar|p2b: Excadrill\n|drag|p2b: Charizard|Charizard, L50, F|100/100\n|\n|upkeep\n|\n|t:|1775937734\n|switch|p2a: Excadrill|Excadrill, L50, M|100/100\n|-ability|p2a: Excadrill|Mold Breaker\n|turn|4\n|\n|t:|1775937763\n|switch|p2b: Whimsicott|Whimsicott, L50, M|100/100\n|move|p1a: Crabominable|Drain Punch|p2a: Excadrill\n|-supereffective|p2a: Excadrill|1\n|-damage|p2a: Excadrill|0 fnt\n|-heal|p1a: Crabominable|100/100|[from] drain|[of] p2a: Excadrill\n|faint|p2a: Excadrill\n|move|p1b: Farigiraf|Shadow Ball|p2b: Whimsicott\n|-damage|p2b: Whimsicott|62/100\n|\n|upkeep\n|\n|t:|1775937770\n|switch|p2a: Charizard|Charizard, L50, F|100/100\n|turn|5\n|\n|t:|1775937789\n|move|p2b: Whimsicott|Protect|p2b: Whimsicott\n|-singleturn|p2b: Whimsicott|Protect\n|move|p2a: Charizard|Protect|p2a: Charizard\n|-singleturn|p2a: Charizard|Protect\n|move|p1a: Crabominable|Ice Hammer|p2b: Whimsicott\n|-activate|p2b: Whimsicott|move: Protect\n|move|p1b: Farigiraf|Psychic Noise|p2a: Charizard\n|-activate|p2a: Charizard|move: Protect\n|\n|-fieldend|move: Trick Room\n|upkeep\n|turn|6\n|\n|t:|1775937805\n|detailschange|p2a: Charizard|Charizard-Mega-Y, L50, F\n|-mega|p2a: Charizard|Charizard|Charizardite Y\n|-weather|SunnyDay|[from] ability: Drought|[of] p2a: Charizard\n|move|p1a: Crabominable|Protect|p1a: Crabominable\n|-singleturn|p1a: Crabominable|Protect\n|move|p2b: Whimsicott|Moonblast|p1b: Farigiraf\n|-damage|p1b: Farigiraf|74/100\n|move|p2a: Charizard|Heat Wave|p1b: Farigiraf|[spread] p1b\n|-activate|p1a: Crabominable|move: Protect\n|-damage|p1b: Farigiraf|0 fnt\n|faint|p1b: Farigiraf\n|\n|-weather|SunnyDay|[upkeep]\n|upkeep\n|\n|t:|1775937819\n|switch|p1b: Clawitzer|Clawitzer, L50, M|100/100\n|turn|7\n|\n|t:|1775937836\n|move|p2a: Charizard|Protect|p2a: Charizard\n|-singleturn|p2a: Charizard|Protect\n|move|p2b: Whimsicott|Moonblast|p1a: Crabominable\n|-supereffective|p1a: Crabominable|1\n|-end|p1a: Crabominable|Substitute\n|move|p1b: Clawitzer|Water Pulse|p2a: Charizard\n|-activate|p2a: Charizard|move: Protect\n|move|p1a: Crabominable|Thunder Punch|p2a: Charizard\n|-activate|p2a: Charizard|move: Protect\n|\n|-weather|SunnyDay|[upkeep]\n|upkeep\n|turn|8\n|\n|t:|1775937855\n|move|p1a: Crabominable|Protect|p1a: Crabominable\n|-singleturn|p1a: Crabominable|Protect\n|move|p2b: Whimsicott|Moonblast|p1b: Clawitzer\n|-damage|p1b: Clawitzer|70/100\n|move|p2a: Charizard|Heat Wave|p1a: Crabominable|[spread] p1b\n|-activate|p1a: Crabominable|move: Protect\n|-resisted|p1b: Clawitzer|1\n|-damage|p1b: Clawitzer|34/100\n|move|p1b: Clawitzer|Water Pulse|p2a: Charizard\n|-supereffective|p2a: Charizard|1\n|-damage|p2a: Charizard|53/100\n|\n|-weather|SunnyDay|[upkeep]\n|upkeep\n|turn|9\n|\n|t:|1775937875\n|move|p1b: Clawitzer|Protect|p1b: Clawitzer\n|-singleturn|p1b: Clawitzer|Protect\n|move|p2b: Whimsicott|Moonblast|p1b: Clawitzer\n|-activate|p1b: Clawitzer|move: Protect\n|move|p2a: Charizard|Heat Wave|p1a: Crabominable|[spread] p1a\n|-activate|p1b: Clawitzer|move: Protect\n|-supereffective|p1a: Crabominable|1\n|-damage|p1a: Crabominable|0 fnt\n|faint|p1a: Crabominable\n|\n|-weather|SunnyDay|[upkeep]\n|upkeep\n|\n|t:|1775937890\n|switch|p1a: Orthworm|Orthworm, L50, M|69/100\n|turn|10\n|c|\u2606GlisCorpLTD|yeah gg, you boomed me\n|\n|t:|1775937908\n|move|p2b: Whimsicott|Moonblast|p1b: Clawitzer\n|-damage|p1b: Clawitzer|6/100\n|-unboost|p1b: Clawitzer|spa|1\n|move|p2a: Charizard|Heat Wave|p1b: Clawitzer|[spread] p1a,p1b\n|-supereffective|p1a: Orthworm|1\n|-resisted|p1b: Clawitzer|1\n|-damage|p1a: Orthworm|0 fnt\n|-damage|p1b: Clawitzer|0 fnt\n|faint|p1a: Orthworm\n|faint|p1b: Clawitzer\n|\n|win|anastarawneh\n|raw|GlisCorpLTD's rating: 1071 &rarr; <strong>1046</strong><br />(-25 for losing)\n|raw|anastarawneh's rating: 1000 &rarr; <strong>1048</strong><br />(+48 for winning)\n|c|\u2606anastarawneh|close close\n|c|\u2606anastarawneh|gg\n|c|\u2606GlisCorpLTD|good luck out there\n|c|\u2606anastarawneh|that was very spooky\n|c|\u2606anastarawneh|you too!\n|c|\u2606GlisCorpLTD|yeah, Crab can get scary\n|l|\u2606GlisCorpLTD\n|player|p1|\n",
  "uploadtime": 1775937942,
  "views": 16,
  "formatid": "gen9championsvgc2026regma",
  "rating": 1046,
  "private": 0,
  "password": null
}