{
  "id": "gen9championsvgc2026regma-2586148086",
  "format": "[Gen 9 Champions] VGC 2026 Reg M-A",
  "players": [
    "KaZac",
    "Navicula"
  ],
  "log": "|j|\u2606KaZac\n|j|\u2606Navicula\n|t:|1776405063\n|gametype|doubles\n|player|p1|KaZac|burglar-gen2|1299\n|player|p2|Navicula|scientist-gen4|1241\n|gen|9\n|tier|[Gen 9 Champions] VGC 2026 Reg M-A\n|rated|\n|rule|Species Clause: Limit one of each Pok\u00e9mon\n|rule|Item Clause: Limit 1 of each item\n|clearpoke\n|poke|p1|Hawlucha, L50, M|\n|poke|p1|Maushold, L50|\n|poke|p1|Kingambit, L50, M|\n|poke|p1|Incineroar, L50, F|\n|poke|p1|Aegislash, L50, F|\n|poke|p1|Garchomp, L50, M|\n|poke|p2|Audino, L50, M|\n|poke|p2|Kommo-o, L50, F|\n|poke|p2|Sinistcha, L50|\n|poke|p2|Primarina, L50, F|\n|poke|p2|Toucannon, L50, M|\n|poke|p2|Skarmory, L50, M|\n|teampreview|4\n|inactive|Battle timer is ON: inactive players will automatically lose when time's up. (requested by KaZac)\n|\n|t:|1776405117\n|teamsize|p1|4\n|teamsize|p2|4\n|start\n|switch|p1a: Hawlucha|Hawlucha, L50, M|100/100\n|switch|p1b: Maushold|Maushold, L50|100/100\n|switch|p2a: Moop|Audino, L50, M, shiny|100/100\n|switch|p2b: Freud Loops|Toucannon, L50, M, shiny|100/100\n|turn|1\n|inactive|KaZac has 30 seconds left.\n|inactive|Navicula has 30 seconds left.\n|inactive|KaZac has 20 seconds left.\n|\n|t:|1776405153\n|-singleturn|p2b: Freud Loops|move: Beak Blast\n|move|p1a: Hawlucha|Entrainment|p1b: Maushold\n|-ability|p1b: Maushold|Unburden|Friend Guard|[from] move: Entrainment|[of] p1a: Hawlucha\n|move|p1b: Maushold|Population Bomb|p2a: Moop\n|-damage|p2a: Moop|93/100\n|-damage|p2a: Moop|87/100\n|-damage|p2a: Moop|81/100\n|-damage|p2a: Moop|75/100\n|-damage|p2a: Moop|68/100\n|-damage|p2a: Moop|60/100\n|-damage|p2a: Moop|53/100\n|-damage|p2a: Moop|47/100\n|-crit|p2a: Moop\n|-damage|p2a: Moop|37/100\n|-damage|p2a: Moop|30/100\n|-hitcount|p2a: Moop|10\n|move|p2a: Moop|Simple Beam|p1b: Maushold\n|-ability|p1b: Maushold|Simple|Unburden|[from] move: Simple Beam\n|move|p2b: Freud Loops|Beak Blast|p1a: Hawlucha\n|-supereffective|p1a: Hawlucha|1\n|-damage|p1a: Hawlucha|0 fnt\n|faint|p1a: Hawlucha\n|\n|upkeep\n|\n|t:|1776405165\n|switch|p1a: Garchomp|Garchomp, L50, M|100/100\n|turn|2\n|c|\u2606KaZac|whoops\n|c|\u2606KaZac|meant to mega lol\n|c|\u2606Navicula|lol\n|inactive|Navicula has 30 seconds left.\n|\n|t:|1776405195\n|-singleturn|p2b: Freud Loops|move: Beak Blast\n|move|p2a: Moop|Ally Switch|p2a: Moop\n|swap|p2a: Moop|1|[from] move: Ally Switch\n|move|p1b: Maushold|Population Bomb|p2b: Moop\n|-damage|p2b: Moop|22/100\n|-damage|p2b: Moop|15/100\n|-hitcount|p2b: Moop|2\n|move|p1a: Garchomp|Rock Slide|p2b: Moop|[spread] p2a,p2b\n|-supereffective|p2a: Freud Loops|1\n|-damage|p2a: Freud Loops|57/100\n|-damage|p2b: Moop|0 fnt\n|faint|p2b: Moop\n|cant|p2a: Freud Loops|flinch\n|\n|upkeep\n|c|\u2606KaZac|fyi kings rock 100% 10 hit pop bomb gos hard\n|\n|t:|1776405208\n|switch|p2b: Rangus Bumclappa|Kommo-o, L50, F|100/100\n|turn|3\n|\n|t:|1776405218\n|-singleturn|p2a: Freud Loops|move: Beak Blast\n|move|p2b: Rangus Bumclappa|Protect|p2b: Rangus Bumclappa\n|-singleturn|p2b: Rangus Bumclappa|Protect\n|move|p1b: Maushold|Super Fang|p2b: Rangus Bumclappa\n|-activate|p2b: Rangus Bumclappa|move: Protect\n|move|p1a: Garchomp|Rock Slide|p2a: Freud Loops|[spread] \n|-activate|p2b: Rangus Bumclappa|move: Protect\n|-miss|p1a: Garchomp|p2a: Freud Loops\n|move|p2a: Freud Loops|Beak Blast|p1a: Garchomp\n|-damage|p1a: Garchomp|38/100\n|\n|upkeep\n|turn|4\n|\n|t:|1776405235\n|switch|p2b: Brewtwo|Sinistcha, L50|100/100\n|-heal|p2a: Freud Loops|81/100|[from] ability: Hospitality|[of] p2b: Brewtwo\n|-singleturn|p2a: Freud Loops|move: Beak Blast\n|move|p1b: Maushold|Super Fang|p2b: Brewtwo\n|-immune|p2b: Brewtwo\n|move|p1a: Garchomp|Rock Slide|p2b: Brewtwo|[spread] p2a,p2b\n|-supereffective|p2a: Freud Loops|1\n|-damage|p2a: Freud Loops|38/100\n|-damage|p2b: Brewtwo|86/100\n|move|p2a: Freud Loops|Beak Blast|p1a: Garchomp\n|-damage|p1a: Garchomp|0 fnt\n|faint|p1a: Garchomp\n|\n|upkeep\n|\n|t:|1776405251\n|switch|p1a: Kingambit|Kingambit, L50, M|100/100\n|turn|5\n|\n|t:|1776405263\n|-singleturn|p2a: Freud Loops|move: Beak Blast\n|move|p1b: Maushold|Follow Me|p1b: Maushold\n|-singleturn|p1b: Maushold|move: Follow Me\n|move|p2b: Brewtwo|Matcha Gotcha|p1b: Maushold|[spread] p1a,p1b\n|-resisted|p1a: Kingambit|1\n|-damage|p1a: Kingambit|90/100\n|-heal|p2b: Brewtwo|92/100|[from] drain|[of] p1a: Kingambit\n|-damage|p1b: Maushold|63/100\n|-heal|p2b: Brewtwo|100/100|[from] drain|[of] p1b: Maushold\n|move|p1a: Kingambit|Kowtow Cleave|p2b: Brewtwo\n|-supereffective|p2b: Brewtwo|1\n|-damage|p2b: Brewtwo|5/100\n|move|p2a: Freud Loops|Beak Blast|p1b: Maushold\n|-damage|p1b: Maushold|0 fnt\n|faint|p1b: Maushold\n|\n|upkeep\n|turn|6\n|inactive|KaZac has 30 seconds left.\n|inactive|KaZac has 20 seconds left.\n|inactive|KaZac has 15 seconds left.\n|inactive|KaZac has 10 seconds left.\n|\n|t:|1776405309\n|-singleturn|p2a: Freud Loops|move: Beak Blast\n|move|p2b: Brewtwo|Life Dew|p2b: Brewtwo|[spread] p2a,p2b\n|-heal|p2a: Freud Loops|64/100\n|-heal|p2b: Brewtwo|30/100\n|move|p1a: Kingambit|Kowtow Cleave|p2b: Brewtwo\n|-supereffective|p2b: Brewtwo|1\n|-damage|p2b: Brewtwo|0 fnt\n|faint|p2b: Brewtwo\n|move|p2a: Freud Loops|Beak Blast|p1a: Kingambit\n|-resisted|p1a: Kingambit|1\n|-damage|p1a: Kingambit|66/100\n|\n|upkeep\n|\n|t:|1776405321\n|switch|p2b: Rangus Bumclappa|Kommo-o, L50, F|100/100\n|turn|7\n|\n|t:|1776405326\n|-singleturn|p2a: Freud Loops|move: Beak Blast\n|move|p2b: Rangus Bumclappa|Protect|p2b: Rangus Bumclappa\n|-singleturn|p2b: Rangus Bumclappa|Protect\n|move|p1a: Kingambit|Guillotine|p2b: Rangus Bumclappa\n|-activate|p2b: Rangus Bumclappa|move: Protect\n|move|p2a: Freud Loops|Beak Blast|p1a: Kingambit\n|-resisted|p1a: Kingambit|1\n|-damage|p1a: Kingambit|41/100\n|\n|upkeep\n|turn|8\n|c|\u2606Navicula|ahhh for the swap\n|c|\u2606Navicula|nice\n|\n|t:|1776405343\n|-singleturn|p2a: Freud Loops|move: Beak Blast\n|move|p2b: Rangus Bumclappa|Drain Punch|p1a: Kingambit\n|-supereffective|p1a: Kingambit|2\n|-damage|p1a: Kingambit|0 fnt\n|faint|p1a: Kingambit\n|\n|win|Navicula\n|raw|KaZac's rating: 1299 &rarr; <strong>1270</strong><br />(-29 for losing)\n|raw|Navicula's rating: 1241 &rarr; <strong>1270</strong><br />(+29 for winning)\n|c|\u2606Navicula|gg\n",
  "uploadtime": 1776405358,
  "views": 41,
  "formatid": "gen9championsvgc2026regma",
  "rating": 1270,
  "private": 0,
  "password": null
}