{
  "id": "gen9championsvgc2026regma-2586339729",
  "format": "[Gen 9 Champions] VGC 2026 Reg M-A",
  "players": [
    "Yersi03",
    "tsukifrombilllie"
  ],
  "log": "|j|\u2606Yersi03\n|j|\u2606tsukifrombilllie\n|t:|1776426815\n|gametype|doubles\n|player|p1|Yersi03|lance|1155\n|player|p2|tsukifrombilllie|lyra|1220\n|gen|9\n|tier|[Gen 9 Champions] VGC 2026 Reg M-A\n|rated|\n|rule|Species Clause: Limit one of each Pok\u00e9mon\n|rule|Item Clause: Limit 1 of each item\n|clearpoke\n|poke|p1|Farigiraf, L50, F|\n|poke|p1|Whimsicott, L50, F|\n|poke|p1|Sneasler, L50, F|\n|poke|p1|Gardevoir, L50, M|\n|poke|p1|Incineroar, L50, M|\n|poke|p1|Araquanid, L50, M|\n|poke|p2|Meganium, L50, M|\n|poke|p2|Excadrill, L50, M|\n|poke|p2|Tyranitar, L50, M|\n|poke|p2|Rotom-Wash, L50|\n|poke|p2|Dragapult, L50, M|\n|poke|p2|Sneasler, L50, M|\n|teampreview|4\n|\n|t:|1776426850\n|teamsize|p1|4\n|teamsize|p2|4\n|start\n|switch|p1a: Sneasler|Sneasler, L50, F|100/100\n|switch|p1b: Incineroar|Incineroar, L50, M|100/100\n|switch|p2a: Dragapult|Dragapult, L50, M, shiny|100/100\n|switch|p2b: Sneasler|Sneasler, L50, M|100/100\n|-ability|p1b: Incineroar|Intimidate|boost\n|-fail|p2a: Dragapult|unboost|[from] ability: Clear Body|[of] p2a: Dragapult\n|-unboost|p2b: Sneasler|atk|1\n|-enditem|p2b: Sneasler|White Herb\n|-clearnegativeboost|p2b: Sneasler|[silent]\n|turn|1\n|\n|t:|1776426878\n|move|p2b: Sneasler|Protect|p2b: Sneasler\n|-singleturn|p2b: Sneasler|Protect\n|move|p2a: Dragapult|Will-O-Wisp|p1a: Sneasler\n|-status|p1a: Sneasler|brn\n|move|p1a: Sneasler|U-turn|p2a: Dragapult\n|-resisted|p2a: Dragapult|1\n|-damage|p2a: Dragapult|91/100\n|\n|t:|1776426888\n|switch|p1a: Araquanid|Araquanid, L50, M|100/100|[from] U-turn\n|move|p1b: Incineroar|Darkest Lariat|p2a: Dragapult\n|-supereffective|p2a: Dragapult|1\n|-enditem|p2a: Dragapult|Colbur Berry|[eat]\n|-enditem|p2a: Dragapult|Colbur Berry|[weaken]\n|-damage|p2a: Dragapult|47/100\n|\n|upkeep\n|turn|2\n|\n|t:|1776426902\n|switch|p1b: Sneasler|Sneasler, L50, F|100/100 brn\n|move|p2b: Sneasler|Close Combat|p1b: Sneasler\n|-resisted|p1b: Sneasler|1\n|-crit|p1b: Sneasler\n|-damage|p1b: Sneasler|25/100 brn\n|-unboost|p2b: Sneasler|def|1\n|-unboost|p2b: Sneasler|spd|1\n|move|p2a: Dragapult|Phantom Force||[still]\n|-prepare|p2a: Dragapult|Phantom Force\n|move|p1a: Araquanid|Liquidation|p2b: Sneasler\n|-damage|p2b: Sneasler|0 fnt\n|faint|p2b: Sneasler\n|\n|-damage|p1b: Sneasler|19/100 brn|[from] brn\n|upkeep\n|\n|t:|1776426916\n|switch|p2b: Tyranitar|Tyranitar, L50, M, shiny|100/100\n|-weather|Sandstorm|[from] ability: Sand Stream|[of] p2b: Tyranitar\n|turn|3\n|\n|t:|1776426929\n|move|p2b: Tyranitar|Protect|p2b: Tyranitar\n|-singleturn|p2b: Tyranitar|Protect\n|move|p2a: Dragapult|Phantom Force|p1a: Araquanid|[from] lockedmove\n|-damage|p1a: Araquanid|55/100\n|move|p1b: Sneasler|Close Combat|p2b: Tyranitar\n|-activate|p2b: Tyranitar|move: Protect\n|move|p1a: Araquanid|Liquidation|p2a: Dragapult\n|-resisted|p2a: Dragapult|1\n|-damage|p2a: Dragapult|0 fnt\n|faint|p2a: Dragapult\n|\n|-weather|Sandstorm|[upkeep]\n|-damage|p1b: Sneasler|13/100 brn|[from] Sandstorm\n|-damage|p1a: Araquanid|50/100|[from] Sandstorm\n|-damage|p1b: Sneasler|8/100 brn|[from] brn\n|upkeep\n|\n|t:|1776426948\n|switch|p2a: Meganium|Meganium, L50, M, shiny|100/100\n|turn|4\n|\n|t:|1776426961\n|detailschange|p2a: Meganium|Meganium-Mega, L50, M, shiny\n|-mega|p2a: Meganium|Meganium|Meganiumite\n|move|p2a: Meganium|Protect|p2a: Meganium\n|-singleturn|p2a: Meganium|Protect\n|move|p1a: Araquanid|Protect|p1a: Araquanid\n|-singleturn|p1a: Araquanid|Protect\n|move|p1b: Sneasler|U-turn|p2a: Meganium\n|-activate|p2a: Meganium|move: Protect\n|move|p2b: Tyranitar|Rock Slide|p1b: Sneasler|[spread] p1b\n|-activate|p1a: Araquanid|move: Protect\n|-resisted|p1b: Sneasler|1\n|-crit|p1b: Sneasler\n|-damage|p1b: Sneasler|0 fnt\n|faint|p1b: Sneasler\n|\n|-weather|Sandstorm|[upkeep]\n|-damage|p2a: Meganium|95/100|[from] Sandstorm\n|-damage|p1a: Araquanid|44/100|[from] Sandstorm\n|upkeep\n|\n|t:|1776426964\n|switch|p1b: Incineroar|Incineroar, L50, M|100/100\n|-ability|p1b: Incineroar|Intimidate|boost\n|-unboost|p2a: Meganium|atk|1\n|-unboost|p2b: Tyranitar|atk|1\n|turn|5\n|\n|t:|1776426984\n|move|p1b: Incineroar|Fake Out|p2a: Meganium\n|-damage|p2a: Meganium|86/100\n|cant|p2a: Meganium|flinch\n|move|p2b: Tyranitar|Rock Slide|p1b: Incineroar|[spread] p1a,p1b\n|-supereffective|p1a: Araquanid|1\n|-supereffective|p1b: Incineroar|1\n|-damage|p1a: Araquanid|0 fnt\n|-damage|p1b: Incineroar|67/100\n|faint|p1a: Araquanid\n|\n|-weather|Sandstorm|[upkeep]\n|-damage|p2a: Meganium|80/100|[from] Sandstorm\n|-damage|p1b: Incineroar|61/100|[from] Sandstorm\n|upkeep\n|\n|t:|1776426993\n|switch|p1a: Gardevoir|Gardevoir, L50, M|100/100\n|-ability|p1a: Gardevoir|Mega Sol|Trace|[from] ability: Trace|[of] p2a: Meganium\n|turn|6\n|\n|t:|1776427005\n|detailschange|p1a: Gardevoir|Gardevoir-Mega, L50, M\n|-mega|p1a: Gardevoir|Gardevoir|Gardevoirite\n|move|p1a: Gardevoir|Hyper Voice|p2b: Tyranitar|[spread] p2a,p2b\n|-supereffective|p2b: Tyranitar|1\n|-damage|p2a: Meganium|34/100\n|-damage|p2b: Tyranitar|38/100\n|move|p2a: Meganium|Weather Ball|p1a: Gardevoir\n|-crit|p1a: Gardevoir\n|-damage|p1a: Gardevoir|26/100\n|move|p2b: Tyranitar|Knock Off|p1a: Gardevoir\n|-damage|p1a: Gardevoir|0 fnt\n|faint|p1a: Gardevoir\n|move|p1b: Incineroar|Flare Blitz|p2a: Meganium\n|-supereffective|p2a: Meganium|1\n|-damage|p2a: Meganium|0 fnt\n|faint|p2a: Meganium\n|-damage|p1b: Incineroar|51/100|[from] Recoil\n|\n|-weather|Sandstorm|[upkeep]\n|-damage|p1b: Incineroar|45/100|[from] Sandstorm\n|-enditem|p1b: Incineroar|Sitrus Berry|[eat]\n|-heal|p1b: Incineroar|70/100|[from] item: Sitrus Berry\n|upkeep\n|turn|7\n|\n|t:|1776427028\n|move|p2b: Tyranitar|Rock Slide|p1b: Incineroar\n|-supereffective|p1b: Incineroar|1\n|-damage|p1b: Incineroar|30/100\n|move|p1b: Incineroar|Darkest Lariat|p2b: Tyranitar\n|-resisted|p2b: Tyranitar|1\n|-damage|p2b: Tyranitar|23/100\n|\n|-weather|none\n|upkeep\n|turn|8\n|\n|t:|1776427037\n|move|p2b: Tyranitar|Knock Off|p1b: Incineroar\n|-resisted|p1b: Incineroar|1\n|-damage|p1b: Incineroar|20/100\n|move|p1b: Incineroar|Flare Blitz|p2b: Tyranitar\n|-resisted|p2b: Tyranitar|1\n|-damage|p2b: Tyranitar|3/100\n|-damage|p1b: Incineroar|14/100|[from] Recoil\n|\n|upkeep\n|turn|9\n|\n|t:|1776427053\n|move|p2b: Tyranitar|Rock Slide|p1b: Incineroar\n|-supereffective|p1b: Incineroar|1\n|-damage|p1b: Incineroar|0 fnt\n|faint|p1b: Incineroar\n|\n|win|tsukifrombilllie\n|raw|Yersi03's rating: 1155 &rarr; <strong>1135</strong><br />(-20 for losing)\n|raw|tsukifrombilllie's rating: 1220 &rarr; <strong>1240</strong><br />(+20 for winning)\n",
  "uploadtime": 1776427058,
  "views": 34,
  "formatid": "gen9championsvgc2026regma",
  "rating": 1135,
  "private": 0,
  "password": null
}