{
  "id": "gen9championsvgc2026regma-2583831215",
  "format": "[Gen 9 Champions] VGC 2026 Reg M-A",
  "players": [
    "saypher",
    "SleepyBadGirl"
  ],
  "log": "|j|\u2606saypher\n|j|\u2606SleepyBadGirl\n|t:|1776201115\n|gametype|doubles\n|player|p1|saypher|101|1186\n|player|p2|SleepyBadGirl|102|1212\n|gen|9\n|tier|[Gen 9 Champions] VGC 2026 Reg M-A\n|rated|\n|rule|Species Clause: Limit one of each Pok\u00e9mon\n|rule|Item Clause: Limit 1 of each item\n|clearpoke\n|poke|p1|Chandelure, L50, M|\n|poke|p1|Primarina, L50, M|\n|poke|p1|Meowscarada, L50, M|\n|poke|p1|Sneasler, L50, F|\n|poke|p1|Aerodactyl, L50, M|\n|poke|p1|Mudsdale, L50, F|\n|poke|p2|Pinsir, L50, M|\n|poke|p2|Kingambit, L50, M|\n|poke|p2|Sneasler, L50, M|\n|poke|p2|Milotic, L50, M|\n|poke|p2|Garchomp, L50, M|\n|poke|p2|Rotom-Heat, L50|\n|teampreview|4\n|inactive|Battle timer is ON: inactive players will automatically lose when time's up. (requested by SleepyBadGirl)\n|inactive|SleepyBadGirl has 60 seconds left.\n|j| TheBergentruck1\n|l| TheBergentruck1\n|\n|t:|1776201149\n|teamsize|p1|4\n|teamsize|p2|4\n|start\n|switch|p1a: Aerodactyl|Aerodactyl, L50, M|100/100\n|switch|p1b: Chandelure|Chandelure, L50, M|100/100\n|switch|p2a: Sneasler|Sneasler, L50, M|100/100\n|switch|p2b: Milotic|Milotic, L50, M|100/100\n|-ability|p1a: Aerodactyl|Unnerve\n|turn|1\n|\n|t:|1776201169\n|detailschange|p1b: Chandelure|Chandelure-Mega, L50, M\n|-mega|p1b: Chandelure|Chandelure|Chandelurite\n|move|p2a: Sneasler|Fake Out|p1a: Aerodactyl\n|-resisted|p1a: Aerodactyl|1\n|-damage|p1a: Aerodactyl|88/100\n|cant|p1a: Aerodactyl|flinch\n|move|p1b: Chandelure|Calm Mind|p1b: Chandelure\n|-boost|p1b: Chandelure|spa|1\n|-boost|p1b: Chandelure|spd|1\n|move|p2b: Milotic|Muddy Water|p1b: Chandelure|[spread] p1a,p1b\n|-supereffective|p1a: Aerodactyl|1\n|-supereffective|p1b: Chandelure|1\n|-damage|p1a: Aerodactyl|7/100\n|-damage|p1b: Chandelure|55/100\n|\n|upkeep\n|turn|2\n|inactive|saypher has 30 seconds left.\n|\n|t:|1776201204\n|move|p2a: Sneasler|Protect|p2a: Sneasler\n|-singleturn|p2a: Sneasler|Protect\n|move|p1a: Aerodactyl|Dual Wingbeat|p2a: Sneasler\n|-activate|p2a: Sneasler|move: Protect\n|move|p1b: Chandelure|Shadow Ball|p2b: Milotic\n|-damage|p2b: Milotic|43/100\n|-unboost|p2b: Milotic|spd|1\n|-ability|p2b: Milotic|Competitive|boost\n|-boost|p2b: Milotic|spa|2\n|move|p2b: Milotic|Muddy Water|p1a: Aerodactyl|[spread] \n|-miss|p2b: Milotic|p1a: Aerodactyl\n|-miss|p2b: Milotic|p1b: Chandelure\n|\n|-heal|p2b: Milotic|49/100|[from] item: Leftovers\n|upkeep\n|turn|3\n|\n|t:|1776201225\n|switch|p2a: Rotom|Rotom-Heat, L50|100/100\n|move|p2b: Milotic|Protect|p2b: Milotic\n|-singleturn|p2b: Milotic|Protect\n|move|p1a: Aerodactyl|Dual Wingbeat|p2a: Rotom|[miss]\n|-miss|p1a: Aerodactyl|p2a: Rotom\n|move|p1b: Chandelure|Shadow Ball|p2b: Milotic\n|-activate|p2b: Milotic|move: Protect\n|\n|-heal|p2b: Milotic|54/100|[from] item: Leftovers\n|upkeep\n|turn|4\n|\n|t:|1776201241\n|move|p1b: Chandelure|Protect|p1b: Chandelure\n|-singleturn|p1b: Chandelure|Protect\n|move|p1a: Aerodactyl|Rock Slide|p2b: Milotic|[spread] p2a\n|-miss|p1a: Aerodactyl|p2b: Milotic\n|-supereffective|p2a: Rotom|1\n|-damage|p2a: Rotom|46/100\n|move|p2b: Milotic|Muddy Water|p1b: Chandelure|[spread] p1a\n|-activate|p1b: Chandelure|move: Protect\n|-supereffective|p1a: Aerodactyl|1\n|-damage|p1a: Aerodactyl|0 fnt\n|-enditem|p2a: Rotom|Sitrus Berry|[eat]\n|-heal|p2a: Rotom|71/100|[from] item: Sitrus Berry\n|faint|p1a: Aerodactyl\n|cant|p2a: Rotom|flinch\n|\n|-heal|p2b: Milotic|60/100|[from] item: Leftovers\n|upkeep\n|\n|t:|1776201251\n|switch|p1a: Sneasler|Sneasler, L50, F|100/100\n|turn|5\n|\n|t:|1776201262\n|move|p2a: Rotom|Protect|p2a: Rotom\n|-singleturn|p2a: Rotom|Protect\n|move|p1a: Sneasler|Close Combat|p2b: Milotic\n|-damage|p2b: Milotic|0 fnt\n|-unboost|p1a: Sneasler|def|1\n|-unboost|p1a: Sneasler|spd|1\n|faint|p2b: Milotic\n|move|p1b: Chandelure|Shadow Ball|p2a: Rotom\n|-activate|p2a: Rotom|move: Protect\n|\n|upkeep\n|\n|t:|1776201273\n|switch|p2b: Sneasler|Sneasler, L50, M|100/100\n|turn|6\n|\n|t:|1776201286\n|move|p2a: Rotom|Helping Hand|p2b: Sneasler\n|-singleturn|p2b: Sneasler|Helping Hand|[of] p2a: Rotom\n|move|p1a: Sneasler|Protect|p1a: Sneasler\n|-singleturn|p1a: Sneasler|Protect\n|move|p2b: Sneasler|Dire Claw|p1b: Chandelure\n|-resisted|p1b: Chandelure|1\n|-crit|p1b: Chandelure\n|-damage|p1b: Chandelure|3/100\n|-status|p1b: Chandelure|slp\n|cant|p1b: Chandelure|slp\n|\n|upkeep\n|turn|7\n|inactive|saypher has 30 seconds left.\n|\n|t:|1776201317\n|cant|p1b: Chandelure|slp\n|move|p2b: Sneasler|Close Combat|p1a: Sneasler\n|-resisted|p1a: Sneasler|1\n|-damage|p1a: Sneasler|20/100\n|-unboost|p2b: Sneasler|def|1\n|-unboost|p2b: Sneasler|spd|1\n|-enditem|p2b: Sneasler|White Herb\n|-clearnegativeboost|p2b: Sneasler|[silent]\n|move|p1a: Sneasler|Close Combat|p2a: Rotom\n|-damage|p2a: Rotom|0 fnt\n|-unboost|p1a: Sneasler|def|1\n|-unboost|p1a: Sneasler|spd|1\n|faint|p2a: Rotom\n|\n|upkeep\n|\n|t:|1776201326\n|switch|p2a: Pinsir|Pinsir, L50, M|100/100\n|turn|8\n|\n|t:|1776201332\n|detailschange|p2a: Pinsir|Pinsir-Mega, L50, M\n|-mega|p2a: Pinsir|Pinsir|Pinsirite\n|move|p1a: Sneasler|Protect|p1a: Sneasler\n|-singleturn|p1a: Sneasler|Protect\n|move|p2a: Pinsir|Feint|p1b: Chandelure\n|-damage|p1b: Chandelure|0 fnt\n|faint|p1b: Chandelure\n|move|p2b: Sneasler|Close Combat|p1a: Sneasler\n|-activate|p1a: Sneasler|move: Protect\n|\n|upkeep\n|\n|t:|1776201337\n|switch|p1b: Mudsdale|Mudsdale, L50, F|100/100\n|turn|9\n|inactive|saypher has 30 seconds left.\n|inactive|saypher has 20 seconds left.\n|inactive|saypher has 15 seconds left.\n|\n|t:|1776201379\n|move|p2b: Sneasler|Protect|p2b: Sneasler\n|-singleturn|p2b: Sneasler|Protect\n|move|p2a: Pinsir|Feint|p1a: Sneasler\n|-supereffective|p1a: Sneasler|1\n|-damage|p1a: Sneasler|0 fnt\n|faint|p1a: Sneasler\n|move|p1b: Mudsdale|Heavy Slam|p2a: Pinsir\n|-damage|p2a: Pinsir|67/100\n|\n|upkeep\n|turn|10\n|\n|t:|1776201398\n|move|p2b: Sneasler|Close Combat|p1b: Mudsdale\n|-damage|p1b: Mudsdale|57/100\n|-unboost|p2b: Sneasler|def|1\n|-unboost|p2b: Sneasler|spd|1\n|-ability|p1b: Mudsdale|Stamina|boost\n|-boost|p1b: Mudsdale|def|1\n|move|p2a: Pinsir|Body Slam|p1b: Mudsdale\n|-damage|p1b: Mudsdale|29/100\n|-status|p1b: Mudsdale|par\n|-ability|p1b: Mudsdale|Stamina|boost\n|-boost|p1b: Mudsdale|def|1\n|-enditem|p1b: Mudsdale|Sitrus Berry|[eat]\n|-heal|p1b: Mudsdale|53/100 par|[from] item: Sitrus Berry\n|move|p1b: Mudsdale|Heavy Slam|p2b: Sneasler\n|-damage|p2b: Sneasler|8/100\n|\n|upkeep\n|turn|11\n|\n|t:|1776201411\n|move|p2b: Sneasler|Close Combat|p1b: Mudsdale\n|-damage|p1b: Mudsdale|31/100 par\n|-unboost|p2b: Sneasler|def|1\n|-unboost|p2b: Sneasler|spd|1\n|-ability|p1b: Mudsdale|Stamina|boost\n|-boost|p1b: Mudsdale|def|1\n|move|p2a: Pinsir|Body Slam|p1b: Mudsdale\n|-damage|p1b: Mudsdale|14/100 par\n|-ability|p1b: Mudsdale|Stamina|boost\n|-boost|p1b: Mudsdale|def|1\n|move|p1b: Mudsdale|Heavy Slam|p2b: Sneasler\n|-damage|p2b: Sneasler|0 fnt\n|faint|p2b: Sneasler\n|\n|upkeep\n|turn|12\n|\n|t:|1776201419\n|move|p2a: Pinsir|Body Slam|p1b: Mudsdale\n|-damage|p1b: Mudsdale|0 fnt\n|faint|p1b: Mudsdale\n|\n|win|SleepyBadGirl\n|raw|saypher's rating: 1186 &rarr; <strong>1163</strong><br />(-23 for losing)\n|raw|SleepyBadGirl's rating: 1212 &rarr; <strong>1235</strong><br />(+23 for winning)\n|l|\u2606saypher\n|player|p1|\n",
  "uploadtime": 1776201427,
  "views": 17,
  "formatid": "gen9championsvgc2026regma",
  "rating": 1163,
  "private": 0,
  "password": null
}