{
  "id": "gen9championsvgc2026regma-2583188219",
  "format": "[Gen 9 Champions] VGC 2026 Reg M-A",
  "players": [
    "sassylime",
    "It'sJustKen VGC"
  ],
  "log": "|j|\u2606sassylime\n|j|\u2606It'sJustKen VGC\n|t:|1776152623\n|gametype|doubles\n|player|p1|sassylime|pokemonbreeder|1072\n|player|p2|It'sJustKen VGC|266|1106\n|gen|9\n|tier|[Gen 9 Champions] VGC 2026 Reg M-A\n|rated|\n|rule|Species Clause: Limit one of each Pok\u00e9mon\n|rule|Item Clause: Limit 1 of each item\n|clearpoke\n|poke|p1|Froslass, L50, F|\n|poke|p1|Incineroar, L50, M|\n|poke|p1|Rotom-Mow, L50|\n|poke|p1|Sneasler, L50, F|\n|poke|p1|Sableye, L50, M|\n|poke|p1|Primarina, L50, M|\n|poke|p2|Floette-Eternal, L50, F|\n|poke|p2|Espathra, L50, M|\n|poke|p2|Incineroar, L50, M|\n|poke|p2|Sneasler, L50, M|\n|poke|p2|Basculegion, L50, M|\n|poke|p2|Kingambit, L50, F|\n|teampreview|4\n|inactive|Battle timer is ON: inactive players will automatically lose when time's up. (requested by It'sJustKen VGC)\n|inactive|It'sJustKen VGC has 60 seconds left.\n|\n|t:|1776152682\n|teamsize|p1|4\n|teamsize|p2|4\n|start\n|switch|p1a: Sableye|Sableye, L50, M|100/100\n|switch|p1b: Incineroar|Incineroar, L50, M|100/100\n|switch|p2a: Floette|Floette-Eternal, L50, F|100/100\n|switch|p2b: Espathra|Espathra, L50, M|100/100\n|-ability|p1b: Incineroar|Intimidate|boost\n|-unboost|p2a: Floette|atk|1\n|-unboost|p2b: Espathra|atk|1\n|turn|1\n|inactive|It'sJustKen VGC has 30 seconds left.\n|\n|t:|1776152708\n|switch|p2b: Basculegion|Basculegion, L50, M|100/100\n|detailschange|p2a: Floette|Floette-Mega, L50, F\n|-mega|p2a: Floette|Floette|Floettite\n|-ability|p2a: Floette|Fairy Aura\n|move|p1a: Sableye|Taunt|p2b: Basculegion\n|-start|p2b: Basculegion|move: Taunt\n|move|p2a: Floette|Substitute|p2a: Floette\n|-start|p2a: Floette|Substitute\n|-damage|p2a: Floette|76/100\n|move|p1b: Incineroar|Parting Shot|p2a: Floette\n|-unboost|p2a: Floette|atk|1\n|-unboost|p2a: Floette|spa|1\n|inactive|sassylime has 30 seconds left.\n|\n|t:|1776152737\n|switch|p1b: Sneasler|Sneasler, L50, F|100/100|[from] Parting Shot\n|\n|upkeep\n|turn|2\n|\n|t:|1776152747\n|move|p1a: Sableye|Taunt|p2a: Floette\n|-start|p2a: Floette|move: Taunt\n|move|p2b: Basculegion|Flip Turn|p1b: Sneasler\n|-damage|p1b: Sneasler|35/100\n|\n|t:|1776152751\n|switch|p2b: Espathra|Espathra, L50, M|100/100|[from] Flip Turn\n|move|p1b: Sneasler|Dire Claw|p2a: Floette\n|-supereffective|p2a: Floette|1\n|-end|p2a: Floette|Substitute\n|move|p2a: Floette|Dazzling Gleam|p1b: Sneasler|[spread] p1a,p1b\n|-supereffective|p1a: Sableye|1\n|-damage|p1a: Sableye|36/100\n|-damage|p1b: Sneasler|1/100\n|\n|upkeep\n|turn|3\n|\n|t:|1776152770\n|switch|p2a: Kingambit|Kingambit, L50, F|100/100\n|move|p2b: Espathra|Protect|p2b: Espathra\n|-singleturn|p2b: Espathra|Protect\n|move|p1a: Sableye|Shadow Sneak|p2b: Espathra\n|-activate|p2b: Espathra|move: Protect\n|move|p1b: Sneasler|Dire Claw|p2a: Kingambit\n|-immune|p2a: Kingambit\n|\n|-ability|p2b: Espathra|Speed Boost|boost\n|-boost|p2b: Espathra|spe|1\n|upkeep\n|turn|4\n|\n|t:|1776152786\n|switch|p1b: Froslass|Froslass, L50, F|100/100\n|move|p1a: Sableye|Will-O-Wisp|p2a: Kingambit\n|-hint|Since gen 7, Dark is immune to Prankster moves.\n|-immune|p2a: Kingambit\n|move|p2a: Kingambit|Swords Dance|p2a: Kingambit\n|-boost|p2a: Kingambit|atk|2\n|move|p2b: Espathra|Trick Room|p2b: Espathra\n|-fieldstart|move: Trick Room|[of] p2b: Espathra\n|\n|-ability|p2b: Espathra|Speed Boost|boost\n|-boost|p2b: Espathra|spe|1\n|upkeep\n|turn|5\n|-message|sassylime forfeited.\n|\n|win|It'sJustKen VGC\n|raw|sassylime's rating: 1072 &rarr; <strong>1053</strong><br />(-19 for losing)\n|raw|It&apos;sJustKen VGC's rating: 1106 &rarr; <strong>1129</strong><br />(+23 for winning)\n|l|\u2606sassylime\n|player|p1|\n",
  "uploadtime": 1776152795,
  "views": 19,
  "formatid": "gen9championsvgc2026regma",
  "rating": 1053,
  "private": 0,
  "password": null
}