{
  "id": "gen9championsvgc2026regma-2586924654",
  "format": "[Gen 9 Champions] VGC 2026 Reg M-A",
  "players": [
    "marlingl",
    "weepy789"
  ],
  "log": "|j|\u2606marlingl\n|j|\u2606weepy789\n|t:|1776472325\n|gametype|doubles\n|player|p1|marlingl|petrel|1170\n|player|p2|weepy789|ninjaboy|1207\n|gen|9\n|tier|[Gen 9 Champions] VGC 2026 Reg M-A\n|rated|\n|rule|Species Clause: Limit one of each Pok\u00e9mon\n|rule|Item Clause: Limit 1 of each item\n|clearpoke\n|poke|p1|Aggron, L50, F|\n|poke|p1|Sinistcha, L50|\n|poke|p1|Pelipper, L50, M|\n|poke|p1|Aerodactyl, L50, F|\n|poke|p1|Basculegion, L50, M|\n|poke|p1|Blastoise, L50, M|\n|poke|p2|Aerodactyl, L50, M|\n|poke|p2|Rotom-Wash, L50|\n|poke|p2|Sneasler, L50, F|\n|poke|p2|Empoleon, L50, M|\n|poke|p2|Garchomp, L50, F|\n|poke|p2|Clefable, L50, F|\n|teampreview|4\n|\n|t:|1776472383\n|teamsize|p1|4\n|teamsize|p2|4\n|start\n|switch|p1a: Aggron|Aggron, L50, F|100/100\n|switch|p1b: Sinistcha|Sinistcha, L50|100/100\n|switch|p2a: Rotom|Rotom-Wash, L50|100/100\n|switch|p2b: Empoleon|Empoleon, L50, M|100/100\n|turn|1\n|c|\u2606weepy789|honestly not the lead i was expecting\n|j| Mimebliss\n|c|\u2606marlingl|its my guys\n|\n|t:|1776472425\n|detailschange|p1a: Aggron|Aggron-Mega, L50, F\n|-mega|p1a: Aggron|Aggron|Aggronite\n|move|p1a: Aggron|Protect|p1a: Aggron\n|-singleturn|p1a: Aggron|Protect\n|move|p2a: Rotom|Volt Switch|p1a: Aggron\n|-activate|p1a: Aggron|move: Protect\n|move|p2b: Empoleon|Ice Beam|p1b: Sinistcha\n|-supereffective|p1b: Sinistcha|1\n|-damage|p1b: Sinistcha|59/100\n|move|p1b: Sinistcha|Trick Room|p1b: Sinistcha\n|-fieldstart|move: Trick Room|[of] p1b: Sinistcha\n|\n|upkeep\n|turn|2\n|\n|t:|1776472466\n|move|p1a: Aggron|Body Press|p2b: Empoleon\n|-supereffective|p2b: Empoleon|1\n|-damage|p2b: Empoleon|33/100\n|-enditem|p2b: Empoleon|Sitrus Berry|[eat]\n|-heal|p2b: Empoleon|58/100|[from] item: Sitrus Berry\n|move|p2b: Empoleon|Ice Beam|p1b: Sinistcha\n|-supereffective|p1b: Sinistcha|1\n|-damage|p1b: Sinistcha|11/100\n|-status|p1b: Sinistcha|frz\n|-curestatus|p1b: Sinistcha|frz|[from] move: Matcha Gotcha\n|move|p1b: Sinistcha|Matcha Gotcha|p2b: Empoleon|[spread] p2a,p2b\n|-supereffective|p2a: Rotom|1\n|-damage|p2a: Rotom|40/100\n|-heal|p1b: Sinistcha|35/100|[from] drain|[of] p2a: Rotom\n|-damage|p2b: Empoleon|39/100\n|-heal|p1b: Sinistcha|45/100|[from] drain|[of] p2b: Empoleon\n|-status|p2a: Rotom|brn\n|-status|p2b: Empoleon|brn\n|move|p2a: Rotom|Volt Switch|p1a: Aggron\n|-crit|p1a: Aggron\n|-damage|p1a: Aggron|58/100\n|\n|t:|1776472492\n|switch|p2a: Sneasler|Sneasler, L50, F|100/100|[from] Volt Switch\n|\n|-damage|p2b: Empoleon|33/100 brn|[from] brn\n|upkeep\n|turn|3\n|\n|t:|1776472504\n|move|p1a: Aggron|Protect|p1a: Aggron\n|-singleturn|p1a: Aggron|Protect\n|move|p2a: Sneasler|Fake Out|p1a: Aggron\n|-activate|p1a: Aggron|move: Protect\n|move|p2b: Empoleon|Ice Beam|p1b: Sinistcha\n|-supereffective|p1b: Sinistcha|1\n|-damage|p1b: Sinistcha|0 fnt\n|faint|p1b: Sinistcha\n|\n|-damage|p2b: Empoleon|27/100 brn|[from] brn\n|upkeep\n|\n|t:|1776472516\n|switch|p1b: Basculegion|Basculegion, L50, M|100/100\n|turn|4\n|\n|t:|1776472527\n|move|p2b: Empoleon|Protect|p2b: Empoleon\n|-singleturn|p2b: Empoleon|Protect\n|move|p2a: Sneasler|Protect|p2a: Sneasler\n|-singleturn|p2a: Sneasler|Protect\n|move|p1a: Aggron|Iron Defense|p1a: Aggron\n|-boost|p1a: Aggron|def|2\n|move|p1b: Basculegion|Last Respects|p2a: Sneasler\n|-activate|p2a: Sneasler|move: Protect\n|\n|-damage|p2b: Empoleon|21/100 brn|[from] brn\n|upkeep\n|turn|5\n|\n|t:|1776472565\n|move|p2a: Sneasler|Protect||[still]\n|-fail|p2a: Sneasler\n|move|p1a: Aggron|Body Press|p2b: Empoleon\n|-supereffective|p2b: Empoleon|1\n|-damage|p2b: Empoleon|0 fnt\n|faint|p2b: Empoleon\n|move|p1b: Basculegion|Last Respects|p2a: Sneasler\n|-damage|p2a: Sneasler|20/100\n|\n|-fieldend|move: Trick Room\n|upkeep\n|c|\u2606weepy789|I might've threw\n|c|\u2606weepy789|I really thought that would ko\n|\n|t:|1776472607\n|switch|p2b: Aerodactyl|Aerodactyl, L50, M|100/100\n|-ability|p2b: Aerodactyl|Unnerve\n|turn|6\n|\n|t:|1776472636\n|move|p2b: Aerodactyl|Protect|p2b: Aerodactyl\n|-singleturn|p2b: Aerodactyl|Protect\n|move|p1a: Aggron|Protect|p1a: Aggron\n|-singleturn|p1a: Aggron|Protect\n|move|p1b: Basculegion|Last Respects|p2a: Sneasler\n|-damage|p2a: Sneasler|0 fnt\n|faint|p2a: Sneasler\n|\n|upkeep\n|\n|t:|1776472646\n|switch|p2a: Rotom|Rotom-Wash, L50|40/100 brn\n|turn|7\n|\n|t:|1776472686\n|detailschange|p2b: Aerodactyl|Aerodactyl-Mega, L50, M\n|-mega|p2b: Aerodactyl|Aerodactyl|Aerodactylite\n|move|p2b: Aerodactyl|Earthquake|p1a: Aggron|[spread] p1a,p1b\n|-immune|p2a: Rotom|[from] ability: Levitate\n|-supereffective|p1a: Aggron|1\n|-damage|p1a: Aggron|49/100\n|-damage|p1b: Basculegion|69/100\n|move|p1b: Basculegion|Last Respects|p2a: Rotom\n|-damage|p2a: Rotom|0 fnt\n|faint|p2a: Rotom\n|move|p1a: Aggron|Heavy Slam|p2b: Aerodactyl\n|-supereffective|p2b: Aerodactyl|1\n|-damage|p2b: Aerodactyl|0 fnt\n|faint|p2b: Aerodactyl\n|\n|win|marlingl\n|raw|marlingl's rating: 1170 &rarr; <strong>1198</strong><br />(+28 for winning)\n|raw|weepy789's rating: 1207 &rarr; <strong>1179</strong><br />(-28 for losing)\n|c|\u2606marlingl|gg\n|c|\u2606weepy789|gg\n",
  "uploadtime": 1776472700,
  "views": 21,
  "formatid": "gen9championsvgc2026regma",
  "rating": 1179,
  "private": 0,
  "password": null
}