{
  "id": "gen9championsvgc2026regma-2587622607",
  "format": "[Gen 9 Champions] VGC 2026 Reg M-A",
  "players": [
    "Zolarcopus",
    "haunting casper"
  ],
  "log": "|j|\u2606Zolarcopus\n|j|\u2606haunting casper\n|t:|1776547837\n|gametype|doubles\n|player|p1|Zolarcopus|266|1077\n|player|p2|haunting casper|medium|1000\n|gen|9\n|tier|[Gen 9 Champions] VGC 2026 Reg M-A\n|rated|\n|rule|Species Clause: Limit one of each Pok\u00e9mon\n|rule|Item Clause: Limit 1 of each item\n|clearpoke\n|poke|p1|Glimmora, L50, M|\n|poke|p1|Volcarona, L50, F|\n|poke|p1|Gyarados, L50, F|\n|poke|p1|Corviknight, L50, F|\n|poke|p1|Garchomp, L50, M|\n|poke|p1|Ninetales-Alola, L50, M|\n|poke|p2|Delphox, L50, F|\n|poke|p2|Sneasler, L50, M|\n|poke|p2|Aegislash, L50, F|\n|poke|p2|Garchomp, L50, F|\n|poke|p2|Whimsicott, L50, M|\n|poke|p2|Milotic, L50, M|\n|teampreview|4\nZolarcopus rejected open team sheets.\n|inactive|Battle timer is ON: inactive players will automatically lose when time's up. (requested by Zolarcopus)\n|\n|t:|1776547968\n|teamsize|p1|4\n|teamsize|p2|4\n|start\n|switch|p1a: Glimmora|Glimmora, L50, M|100/100\n|switch|p1b: Garchomp|Garchomp, L50, M|100/100\n|switch|p2a: Milotic|Milotic, L50, M|100/100\n|switch|p2b: Delphox|Delphox, L50, F|100/100\n|turn|1\n|inactive|haunting casper has 30 seconds left.\n|inactive|haunting casper has 20 seconds left.\n|\n|t:|1776548006\n|detailschange|p2b: Delphox|Delphox-Mega, L50, F\n|-mega|p2b: Delphox|Delphox|Delphoxite\n|move|p2b: Delphox|Protect|p2b: Delphox\n|-singleturn|p2b: Delphox|Protect\n|move|p1b: Garchomp|Rock Slide|p2b: Delphox|[spread] p2a\n|-activate|p2b: Delphox|move: Protect\n|-damage|p2a: Milotic|86/100\n|move|p1a: Glimmora|Substitute|p1a: Glimmora\n|-start|p1a: Glimmora|Substitute\n|-damage|p1a: Glimmora|75/100\n|cant|p2a: Milotic|flinch\n|\n|-heal|p2a: Milotic|92/100|[from] item: Leftovers\n|upkeep\n|turn|2\n|\n|t:|1776548029\n|switch|p2b: Aegislash|Aegislash, L50, F|100/100\n|detailschange|p1a: Glimmora|Glimmora-Mega, L50, M\n|-mega|p1a: Glimmora|Glimmora|Glimmoranite\n|move|p1b: Garchomp|Rock Slide|p2b: Aegislash|[spread] p2b\n|-miss|p1b: Garchomp|p2a: Milotic\n|-resisted|p2b: Aegislash|1\n|-damage|p2b: Aegislash|93/100\n|move|p1a: Glimmora|Power Gem|p2b: Aegislash\n|-resisted|p2b: Aegislash|1\n|-damage|p2b: Aegislash|65/100\n|move|p2a: Milotic|Ice Beam|p1b: Garchomp\n|-supereffective|p1b: Garchomp|2\n|-damage|p1b: Garchomp|12/100\n|\n|-heal|p2a: Milotic|98/100|[from] item: Leftovers\n|upkeep\n|turn|3\n|inactive|Zolarcopus has 30 seconds left.\n|inactive|haunting casper has 30 seconds left.\n|inactive|haunting casper has 20 seconds left.\n|\n|t:|1776548066\n|switch|p1b: Ninetales|Ninetales-Alola, L50, M|100/100\n|-weather|Snowscape|[from] ability: Snow Warning|[of] p1b: Ninetales\n|move|p1a: Glimmora|Sludge Bomb|p2a: Milotic\n|-damage|p2a: Milotic|39/100\n|-status|p2a: Milotic|psn\n|move|p2a: Milotic|Scald|p1a: Glimmora\n|-supereffective|p1a: Glimmora|1\n|-end|p1a: Glimmora|Substitute\n|-formechange|p2b: Aegislash|Aegislash-Blade|\n|move|p2b: Aegislash|Flash Cannon|p1a: Glimmora\n|-supereffective|p1a: Glimmora|1\n|-damage|p1a: Glimmora|0 fnt\n|faint|p1a: Glimmora\n|\n|-weather|Snowscape|[upkeep]\n|-heal|p2a: Milotic|45/100 psn|[from] item: Leftovers\n|-damage|p2a: Milotic|32/100 psn|[from] psn\n|upkeep\n|\n|t:|1776548084\n|switch|p1a: Garchomp|Garchomp, L50, M|12/100\n|turn|4\n|\n|t:|1776548101\n|move|p2b: Aegislash|Wide Guard|p2b: Aegislash\n|-singleturn|p2b: Aegislash|Wide Guard\n|move|p1a: Garchomp|Earthquake|p2a: Milotic|[spread] p1b\n|-activate|p2a: Milotic|move: Wide Guard\n|-activate|p2b: Aegislash|move: Wide Guard\n|-damage|p1b: Ninetales|58/100\n|move|p1b: Ninetales|Aurora Veil|p1b: Ninetales\n|-sidestart|p1: Zolarcopus|move: Aurora Veil\n|move|p2a: Milotic|Ice Beam|p1a: Garchomp\n|-supereffective|p1a: Garchomp|2\n|-damage|p1a: Garchomp|0 fnt\n|faint|p1a: Garchomp\n|\n|-weather|Snowscape|[upkeep]\n|-heal|p2a: Milotic|38/100 psn|[from] item: Leftovers\n|-damage|p2a: Milotic|26/100 psn|[from] psn\n|upkeep\n|\n|t:|1776548115\n|switch|p1a: Corviknight|Corviknight, L50, F|100/100\n|turn|5\n|\n|t:|1776548127\n|-formechange|p2b: Aegislash|Aegislash|\n|move|p2b: Aegislash|King's Shield|p2b: Aegislash\n|-singleturn|p2b: Aegislash|Protect\n|move|p1b: Ninetales|Encore|p2b: Aegislash\n|-start|p2b: Aegislash|Encore\n|move|p2a: Milotic|Scald|p1a: Corviknight\n|-damage|p1a: Corviknight|76/100\n|move|p1a: Corviknight|Iron Defense|p1a: Corviknight\n|-boost|p1a: Corviknight|def|2\n|\n|-weather|Snowscape|[upkeep]\n|-heal|p2a: Milotic|32/100 psn|[from] item: Leftovers\n|-damage|p2a: Milotic|19/100 psn|[from] psn\n|upkeep\n|turn|6\n|inactive|haunting casper has 30 seconds left.\n|inactive|haunting casper has 20 seconds left.\n|inactive|haunting casper has 15 seconds left.\n|\n|t:|1776548169\n|move|p2b: Aegislash|King's Shield||[still]\n|-fail|p2b: Aegislash\n|move|p1b: Ninetales|Blizzard|p2b: Aegislash|[spread] p2a,p2b\n|-resisted|p2a: Milotic|1\n|-resisted|p2b: Aegislash|1\n|-damage|p2a: Milotic|8/100 psn\n|-damage|p2b: Aegislash|52/100\n|move|p2a: Milotic|Scald|p1a: Corviknight\n|-damage|p1a: Corviknight|55/100\n|move|p1a: Corviknight|Brave Bird|p2b: Aegislash\n|-resisted|p2b: Aegislash|1\n|-damage|p2b: Aegislash|33/100\n|-enditem|p2b: Aegislash|Sitrus Berry|[eat]\n|-heal|p2b: Aegislash|58/100|[from] item: Sitrus Berry\n|-damage|p1a: Corviknight|50/100|[from] Recoil\n|-enditem|p1a: Corviknight|Sitrus Berry|[eat]\n|-heal|p1a: Corviknight|74/100|[from] item: Sitrus Berry\n|\n|-weather|Snowscape|[upkeep]\n|-heal|p2a: Milotic|14/100 psn|[from] item: Leftovers\n|-damage|p2a: Milotic|2/100 psn|[from] psn\n|upkeep\n|turn|7\n|inactive|haunting casper has 30 seconds left.\n|inactive|Zolarcopus has 30 seconds left.\n|\n|t:|1776548203\n|move|p2b: Aegislash|King's Shield|p2b: Aegislash\n|-singleturn|p2b: Aegislash|Protect\n|move|p1b: Ninetales|Blizzard|p2b: Aegislash|[spread] p2a\n|-activate|p2b: Aegislash|move: Protect\n|-resisted|p2a: Milotic|1\n|-damage|p2a: Milotic|0 fnt\n|faint|p2a: Milotic\n|move|p1a: Corviknight|Iron Defense|p1a: Corviknight\n|-boost|p1a: Corviknight|def|2\n|\n|-weather|none\n|upkeep\n|\n|t:|1776548223\n|switch|p2a: Whimsicott|Whimsicott, L50, M|100/100\n|turn|8\n|\n|t:|1776548247\n|move|p2b: Aegislash|King's Shield|p2b: Aegislash\n|-singleturn|p2b: Aegislash|Protect\n|move|p2a: Whimsicott|Sunny Day|p2a: Whimsicott\n|-weather|SunnyDay\n|move|p1b: Ninetales|Blizzard|p2b: Aegislash|[spread] \n|-activate|p2b: Aegislash|move: Protect\n|-miss|p1b: Ninetales|p2a: Whimsicott\n|move|p1a: Corviknight|Brave Bird|p2a: Whimsicott\n|-supereffective|p2a: Whimsicott|1\n|-enditem|p2a: Whimsicott|Focus Sash\n|-damage|p2a: Whimsicott|1/100\n|-damage|p1a: Corviknight|43/100|[from] Recoil\n|\n|-weather|SunnyDay|[upkeep]\n|-end|p2b: Aegislash|Encore\n|-sideend|p1: Zolarcopus|move: Aurora Veil\n|upkeep\n|turn|9\n|\n|t:|1776548269\n|move|p2b: Aegislash|Wide Guard|p2b: Aegislash\n|-singleturn|p2b: Aegislash|Wide Guard\n|move|p2a: Whimsicott|Tailwind|p2a: Whimsicott\n|-sidestart|p2: haunting casper|move: Tailwind\n|move|p1b: Ninetales|Encore|p2a: Whimsicott\n|-start|p2a: Whimsicott|Encore\n|move|p1a: Corviknight|Roost|p1a: Corviknight\n|-heal|p1a: Corviknight|93/100\n|-singleturn|p1a: Corviknight|move: Roost\n|\n|-weather|SunnyDay|[upkeep]\n|upkeep\n|turn|10\n|inactive|Zolarcopus has 30 seconds left.\n|inactive|haunting casper has 30 seconds left.\n|\n|t:|1776548302\n|switch|p2a: Delphox|Delphox-Mega, L50, F|100/100\n|move|p1b: Ninetales|Protect|p1b: Ninetales\n|-singleturn|p1b: Ninetales|Protect\n|-formechange|p2b: Aegislash|Aegislash-Blade|\n|move|p2b: Aegislash|Flash Cannon|p1b: Ninetales\n|-activate|p1b: Ninetales|move: Protect\n|move|p1a: Corviknight|Body Press|p2a: Delphox\n|-resisted|p2a: Delphox|1\n|-damage|p2a: Delphox|41/100\n|\n|-weather|SunnyDay|[upkeep]\n|upkeep\n|turn|11\n|inactive|Zolarcopus has 30 seconds left.\n|\n|t:|1776548336\n|move|p2a: Delphox|Heat Wave|p1b: Ninetales|[spread] p1a,p1b\n|-supereffective|p1a: Corviknight|1\n|-supereffective|p1b: Ninetales|1\n|-damage|p1a: Corviknight|0 fnt\n|-damage|p1b: Ninetales|0 fnt\n|faint|p1a: Corviknight\n|faint|p1b: Ninetales\n|\n|win|haunting casper\n|raw|Zolarcopus's rating: 1077 &rarr; <strong>1051</strong><br />(-26 for losing)\n|raw|haunting casper's rating: 1000 &rarr; <strong>1049</strong><br />(+49 for winning)\n",
  "uploadtime": 1776548341,
  "views": 22,
  "formatid": "gen9championsvgc2026regma",
  "rating": 1049,
  "private": 0,
  "password": null
}