{
  "id": "gen9championsvgc2026regma-2583457987",
  "format": "[Gen 9 Champions] VGC 2026 Reg M-A",
  "players": [
    "CallMeKokko",
    "ExpectedVariance"
  ],
  "log": "|j|\u2606CallMeKokko\n|j|\u2606ExpectedVariance\n|t:|1776176938\n|gametype|doubles\n|player|p1|CallMeKokko|waiter-gen4|1311\n|player|p2|ExpectedVariance|2|1310\n|gen|9\n|tier|[Gen 9 Champions] VGC 2026 Reg M-A\n|rated|\n|rule|Species Clause: Limit one of each Pok\u00e9mon\n|rule|Item Clause: Limit 1 of each item\n|clearpoke\n|poke|p1|Gardevoir, L50, M|\n|poke|p1|Aegislash, L50, F|\n|poke|p1|Rotom-Heat, L50|\n|poke|p1|Aerodactyl, L50, F|\n|poke|p1|Hydreigon, L50, M|\n|poke|p1|Tauros-Paldea-Aqua, L50, M|\n|poke|p2|Floette-Eternal, L50, F|\n|poke|p2|Sinistcha, L50|\n|poke|p2|Aerodactyl, L50, M|\n|poke|p2|Garchomp, L50, M|\n|poke|p2|Incineroar, L50, F|\n|poke|p2|Rotom-Wash, L50|\n|teampreview|4\n|j| kloard\n|j| igormetaller\n|inactive|Battle timer is ON: inactive players will automatically lose when time's up. (requested by ExpectedVariance)\n|\n|t:|1776176994\n|teamsize|p1|4\n|teamsize|p2|4\n|start\n|switch|p1a: Rotom|Rotom-Heat, L50|100/100\n|switch|p1b: Aegislash|Aegislash, L50, F, shiny|100/100\n|switch|p2a: Aerodactyl|Aerodactyl, L50, M|100/100\n|switch|p2b: Garchomp|Garchomp, L50, M|100/100\n|-ability|p2a: Aerodactyl|Unnerve\n|turn|1\n|\n|t:|1776177012\n|move|p2b: Garchomp|Protect|p2b: Garchomp\n|-singleturn|p2b: Garchomp|Protect\n|-formechange|p1b: Aegislash|Aegislash-Blade|\n|move|p1b: Aegislash|Shadow Sneak|p2a: Aerodactyl\n|-damage|p2a: Aerodactyl|55/100\n|move|p1a: Rotom|Thunderbolt|p2a: Aerodactyl\n|-supereffective|p2a: Aerodactyl|1\n|-damage|p2a: Aerodactyl|0 fnt\n|faint|p2a: Aerodactyl\n|\n|upkeep\n|\n|t:|1776177023\n|switch|p2a: Rotom|Rotom-Wash, L50|100/100\n|turn|2\n|\n|t:|1776177033\n|switch|p1a: Tauros|Tauros-Paldea-Aqua, L50, M, shiny|100/100\n|-ability|p1a: Tauros|Intimidate|boost\n|-unboost|p2a: Rotom|atk|1\n|-unboost|p2b: Garchomp|atk|1\n|-enditem|p2b: Garchomp|White Herb\n|-clearnegativeboost|p2b: Garchomp|[silent]\n|switch|p1b: Gardevoir|Gardevoir, L50, M, shiny|100/100\n|-ability|p1b: Gardevoir|Rough Skin|Trace|[from] ability: Trace|[of] p2b: Garchomp\n|move|p2b: Garchomp|Earthquake|p1b: Gardevoir|[spread] p1a,p1b\n|-immune|p2a: Rotom|[from] ability: Levitate\n|-damage|p1a: Tauros|60/100\n|-damage|p1b: Gardevoir|55/100\n|move|p2a: Rotom|Hydro Pump|p1a: Tauros\n|-resisted|p1a: Tauros|1\n|-damage|p1a: Tauros|35/100\n|\n|upkeep\n|turn|3\n|inactive|ExpectedVariance has 30 seconds left.\n|\n|t:|1776177061\n|switch|p1a: Rotom|Rotom-Heat, L50|100/100\n|detailschange|p1b: Gardevoir|Gardevoir-Mega, L50, M, shiny\n|-mega|p1b: Gardevoir|Gardevoir|Gardevoirite\n|move|p2b: Garchomp|Protect|p2b: Garchomp\n|-singleturn|p2b: Garchomp|Protect\n|move|p1b: Gardevoir|Protect|p1b: Gardevoir\n|-singleturn|p1b: Gardevoir|Protect\n|move|p2a: Rotom|Hydro Pump|p1b: Gardevoir\n|-activate|p1b: Gardevoir|move: Protect\n|\n|upkeep\n|turn|4\n|\n|t:|1776177083\n|switch|p1a: Tauros|Tauros-Paldea-Aqua, L50, M, shiny|35/100\n|-ability|p1a: Tauros|Intimidate|boost\n|-unboost|p2a: Rotom|atk|1\n|-unboost|p2b: Garchomp|atk|1\n|switch|p2b: Floette|Floette-Eternal, L50, F|100/100\n|move|p1b: Gardevoir|Hyper Voice|p2a: Rotom|[spread] p2a,p2b\n|-damage|p2a: Rotom|43/100\n|-damage|p2b: Floette|60/100\n|-enditem|p2a: Rotom|Sitrus Berry|[eat]\n|-heal|p2a: Rotom|68/100|[from] item: Sitrus Berry\n|move|p2a: Rotom|Hydro Pump|p1a: Tauros\n|-resisted|p1a: Tauros|1\n|-damage|p1a: Tauros|14/100\n|\n|upkeep\n|turn|5\n|inactive|CallMeKokko has 30 seconds left.\n|inactive|ExpectedVariance has 30 seconds left.\n|\n|t:|1776177113\n|switch|p1a: Rotom|Rotom-Heat, L50|100/100\n|move|p1b: Gardevoir|Protect|p1b: Gardevoir\n|-singleturn|p1b: Gardevoir|Protect\n|move|p2b: Floette|Protect|p2b: Floette\n|-singleturn|p2b: Floette|Protect\n|move|p2a: Rotom|Thunderbolt|p1a: Rotom\n|-resisted|p1a: Rotom|1\n|-damage|p1a: Rotom|76/100\n|\n|upkeep\n|turn|6\n|\n|t:|1776177126\n|detailschange|p2b: Floette|Floette-Mega, L50, F\n|-mega|p2b: Floette|Floette|Floettite\n|-ability|p2b: Floette|Fairy Aura\n|move|p1a: Rotom|Electroweb|p2b: Floette|[spread] p2a,p2b\n|-damage|p2a: Rotom|50/100\n|-damage|p2b: Floette|46/100\n|-unboost|p2a: Rotom|spe|1\n|-unboost|p2b: Floette|spe|1\n|move|p1b: Gardevoir|Hyper Voice|p2a: Rotom|[spread] p2a,p2b\n|-damage|p2a: Rotom|0 fnt\n|-damage|p2b: Floette|0 fnt\n|faint|p2a: Rotom\n|faint|p2b: Floette\n|\n|upkeep\n|-message|ExpectedVariance forfeited.\n|\n|win|CallMeKokko\n|raw|CallMeKokko's rating: 1311 &rarr; <strong>1331</strong><br />(+20 for winning)\n|raw|ExpectedVariance's rating: 1310 &rarr; <strong>1290</strong><br />(-20 for losing)\n|l|\u2606ExpectedVariance\n|player|p2|\n",
  "uploadtime": 1776177141,
  "views": 28,
  "formatid": "gen9championsvgc2026regma",
  "rating": 1290,
  "private": 0,
  "password": null
}