{
  "id": "gen9championsvgc2026regma-2588204894",
  "format": "[Gen 9 Champions] VGC 2026 Reg M-A",
  "players": [
    "AK4SANTI",
    "szadek"
  ],
  "log": "|j|\u2606AK4SANTI\n|j|\u2606szadek\n|t:|1776614222\n|gametype|doubles\n|player|p1|AK4SANTI|karen|1076\n|player|p2|szadek|veteran|1131\n|gen|9\n|tier|[Gen 9 Champions] VGC 2026 Reg M-A\n|rated|\n|rule|Species Clause: Limit one of each Pok\u00e9mon\n|rule|Item Clause: Limit 1 of each item\n|clearpoke\n|poke|p1|Archaludon, L50, F|\n|poke|p1|Sneasler, L50, M|\n|poke|p1|Pelipper, L50, M|\n|poke|p1|Basculegion, L50, M|\n|poke|p1|Glimmora, L50, F|\n|poke|p1|Sinistcha, L50|\n|poke|p2|Floette-Eternal, L50, F|\n|poke|p2|Mamoswine, L50, M, shiny|\n|poke|p2|Araquanid, L50, M|\n|poke|p2|Sneasler, L50, M|\n|poke|p2|Rotom-Heat, L50|\n|poke|p2|Whimsicott, L50, F|\n|teampreview|4\n|\n|t:|1776614262\n|teamsize|p1|4\n|teamsize|p2|4\n|start\n|switch|p1a: Sneasler|Sneasler, L50, M|100/100\n|switch|p1b: Pelipper|Pelipper, L50, M|100/100\n|switch|p2a: Sneasler|Sneasler, L50, M|100/100\n|switch|p2b: Mamoswine|Mamoswine, L50, M, shiny|100/100\n|-weather|RainDance|[from] ability: Drizzle|[of] p1b: Pelipper\n|turn|1\n|\n|t:|1776614285\n|move|p2a: Sneasler|Fake Out|p1b: Pelipper\n|-damage|p1b: Pelipper|82/100\n|move|p1a: Sneasler|Fake Out|p2a: Sneasler\n|-damage|p2a: Sneasler|74/100\n|move|p2b: Mamoswine|High Horsepower|p1a: Sneasler\n|-supereffective|p1a: Sneasler|1\n|-enditem|p1a: Sneasler|Focus Sash\n|-damage|p1a: Sneasler|1/100\n|cant|p1b: Pelipper|flinch\n|\n|-weather|RainDance|[upkeep]\n|upkeep\n|turn|2\n|\n|t:|1776614304\n|switch|p2b: Whimsicott|Whimsicott, L50, F|100/100\n|move|p1a: Sneasler|Protect|p1a: Sneasler\n|-singleturn|p1a: Sneasler|Protect\n|move|p1b: Pelipper|Muddy Water|p2b: Whimsicott|[spread] p2a,p2b\n|-resisted|p2b: Whimsicott|1\n|-damage|p2a: Sneasler|22/100\n|-damage|p2b: Whimsicott|75/100\n|move|p2a: Sneasler|Dire Claw|p1a: Sneasler\n|-activate|p1a: Sneasler|move: Protect\n|\n|-weather|RainDance|[upkeep]\n|upkeep\n|turn|3\n|\n|t:|1776614322\n|move|p2b: Whimsicott|Tailwind|p2b: Whimsicott\n|-sidestart|p2: szadek|move: Tailwind\n|move|p2a: Sneasler|Dire Claw|p1a: Sneasler\n|-resisted|p1a: Sneasler|1\n|-damage|p1a: Sneasler|0 fnt\n|faint|p1a: Sneasler\n|move|p1b: Pelipper|Muddy Water|p2b: Whimsicott|[spread] p2a,p2b\n|-resisted|p2b: Whimsicott|1\n|-damage|p2a: Sneasler|0 fnt\n|-damage|p2b: Whimsicott|50/100\n|faint|p2a: Sneasler\n|\n|-weather|RainDance|[upkeep]\n|upkeep\n|\n|t:|1776614338\n|switch|p2a: Floette|Floette-Eternal, L50, F|100/100\n|switch|p1a: Basculegion|Basculegion, L50, M|100/100\n|turn|4\n|\n|t:|1776614351\n|detailschange|p2a: Floette|Floette-Mega, L50, F\n|-mega|p2a: Floette|Floette|Floettite\n|-ability|p2a: Floette|Fairy Aura\n|move|p2a: Floette|Protect|p2a: Floette\n|-singleturn|p2a: Floette|Protect\n|move|p2b: Whimsicott|Moonblast|p1a: Basculegion\n|-damage|p1a: Basculegion|65/100\n|move|p1a: Basculegion|Wave Crash|p2a: Floette\n|-activate|p2a: Floette|move: Protect\n|move|p1b: Pelipper|Muddy Water|p2a: Floette|[spread] p2b\n|-activate|p2a: Floette|move: Protect\n|-resisted|p2b: Whimsicott|1\n|-damage|p2b: Whimsicott|25/100\n|\n|-weather|RainDance|[upkeep]\n|upkeep\n|turn|5\n|\n|t:|1776614373\n|move|p2b: Whimsicott|Moonblast|p1a: Basculegion\n|-damage|p1a: Basculegion|29/100\n|move|p1a: Basculegion|Wave Crash|p2a: Floette\n|-damage|p2a: Floette|0 fnt\n|faint|p2a: Floette\n|-damage|p1a: Basculegion|0 fnt|[from] Recoil\n|faint|p1a: Basculegion\n|move|p1b: Pelipper|Muddy Water|p2b: Whimsicott\n|-resisted|p2b: Whimsicott|1\n|-damage|p2b: Whimsicott|0 fnt\n|faint|p2b: Whimsicott\n|\n|-weather|none\n|upkeep\n|\n|t:|1776614391\n|switch|p2b: Mamoswine|Mamoswine, L50, M, shiny|100/100\n|switch|p1a: Glimmora|Glimmora, L50, F|100/100\n|turn|6\n|\n|t:|1776614402\n|detailschange|p1a: Glimmora|Glimmora-Mega, L50, F\n|-mega|p1a: Glimmora|Glimmora|Glimmoranite\n|move|p2b: Mamoswine|High Horsepower|p1a: Glimmora\n|-supereffective|p1a: Glimmora|2\n|-damage|p1a: Glimmora|0 fnt\n|faint|p1a: Glimmora\n|move|p1b: Pelipper|Muddy Water|p2b: Mamoswine\n|-supereffective|p2b: Mamoswine|1\n|-damage|p2b: Mamoswine|10/100\n|-unboost|p2b: Mamoswine|accuracy|1\n|\n|-sideend|p2: szadek|move: Tailwind\n|upkeep\n|turn|7\n|c|\u2606szadek|Gg\n|\n|t:|1776614414\n|move|p2b: Mamoswine|High Horsepower|p1b: Pelipper\n|-immune|p1b: Pelipper\n|move|p1b: Pelipper|Muddy Water|p2b: Mamoswine|[miss]\n|-miss|p1b: Pelipper|p2b: Mamoswine\n|\n|upkeep\n|turn|8\n|\n|t:|1776614421\n|move|p2b: Mamoswine|High Horsepower|p1b: Pelipper\n|-immune|p1b: Pelipper\n|move|p1b: Pelipper|Muddy Water|p2b: Mamoswine\n|-supereffective|p2b: Mamoswine|1\n|-damage|p2b: Mamoswine|0 fnt\n|faint|p2b: Mamoswine\n|\n|win|AK4SANTI\n|raw|AK4SANTI's rating: 1076 &rarr; <strong>1109</strong><br />(+33 for winning)\n|raw|szadek's rating: 1131 &rarr; <strong>1102</strong><br />(-29 for losing)\n",
  "uploadtime": 1776614430,
  "views": 7,
  "formatid": "gen9championsvgc2026regma",
  "rating": 1102,
  "private": 0,
  "password": null
}