{
  "id": "gen9championsvgc2026regma-2587957272",
  "format": "[Gen 9 Champions] VGC 2026 Reg M-A",
  "players": [
    "Tb0lt",
    "cippino3"
  ],
  "log": "|j|\u2606Tb0lt\n|j|\u2606cippino3\n|html|<table width=\"100%\"><tr><td align=\"left\">Tb0lt</td><td align=\"right\">cippino3</tr><tr><td align=\"left\"><i class=\"fa fa-circle\"></i> <i class=\"fa fa-circle-o\"></i> </td><td align=\"right\"><i class=\"fa fa-circle-o\"></i> <i class=\"fa fa-circle-o\"></i> </tr></table>\n|uhtml|bestof|<h2><strong>Game 2</strong> of <a href=\"/game-bestof3-gen9championsvgc2026regma-2587954236\">a best-of-3</a></h2>\n|t:|1776584658\n|gametype|doubles\n|player|p1|Tb0lt|#tb0lt|\n|player|p2|cippino3|poppy|\n|gen|9\n|tier|[Gen 9 Champions] VGC 2026 Reg M-A\n|rated|Tournament battle\n|rule|Species Clause: Limit one of each Pok\u00e9mon\n|rule|Item Clause: Limit 1 of each item\n|raw|<div class=\"infobox\"><details class=\"readmore\" open><summary><strong>2 custom rules:</strong></summary> Force Open Team Sheets, Best of = 3</details></div>\n|clearpoke\n|poke|p1|Aegislash, L50, M|\n|poke|p1|Floette-Eternal, L50, F|\n|poke|p1|Sneasler, L50, M|\n|poke|p1|Incineroar, L50, M|\n|poke|p1|Rotom-Wash, L50|\n|poke|p1|Sinistcha, L50|\n|poke|p2|Chandelure, L50, F|\n|poke|p2|Azumarill, L50, F|\n|poke|p2|Sneasler, L50, M|\n|poke|p2|Farigiraf, L50, F|\n|poke|p2|Sableye, L50, M|\n|poke|p2|Vivillon, L50, F|\n|teampreview|4\n|showteam|p1|Aegislash||Leftovers|StanceChange|IronHead,ShadowBall,KingsShield,Substitute|||M|||50|]Floette-Eternal||Floettite|FlowerVeil|CalmMind,DazzlingGleam,DrainingKiss,Protect|||F|||50|]Sneasler||FocusSash|Unburden|FakeOut,DireClaw,CloseCombat,Protect|||M|||50|]Incineroar||ChopleBerry|Intimidate|FakeOut,FlareBlitz,DarkestLariat,PartingShot|||M|||50|]Rotom-Wash||SitrusBerry|Levitate|HydroPump,Thunderbolt,WillOWisp,Protect||||||50|]Sinistcha||OccaBerry|Hospitality|MatchaGotcha,ShadowBall,RagePowder,TrickRoom||||||50|\n|showteam|p2|Chandelure||Chandelurite|FlashFire|Protect,CalmMind,Hex,HeatWave|||F|||50|]Azumarill||MysticWater|HugePower|Protect,Liquidation,PlayRough,AquaJet|||F|||50|]Sneasler||WhiteHerb|Unburden|SwordsDance,DireClaw,CloseCombat,Protect|||M|||50|]Farigiraf||LumBerry|ArmorTail|Protect,TrickRoom,HyperVoice,LowKick|||F|||50|]Sableye||BrightPowder|Prankster|WillOWisp,ThunderWave,LightScreen,FoulPlay|||M|||50|]Vivillon||FocusSash|FriendGuard|Protect,RagePowder,SleepPowder,PollenPuff|||F|||50|\n|inactive|Battle timer is ON: inactive players will automatically lose when time's up. (requested by cippino3)\n|\n|t:|1776584685\n|teamsize|p1|4\n|teamsize|p2|4\n|start\n|switch|p1a: Aegislash|Aegislash, L50, M|100/100\n|switch|p1b: Sinistcha|Sinistcha, L50|100/100\n|switch|p2a: Sneasler|Sneasler, L50, M|100/100\n|switch|p2b: Vivillon|Vivillon, L50, F|100/100\n|turn|1\n|j| SaltyHabanero\n|\n|t:|1776584702\n|move|p1b: Sinistcha|Rage Powder|p1b: Sinistcha\n|-singleturn|p1b: Sinistcha|move: Rage Powder\n|move|p2a: Sneasler|Swords Dance|p2a: Sneasler\n|-boost|p2a: Sneasler|atk|2\n|move|p2b: Vivillon|Pollen Puff|p1b: Sinistcha\n|-damage|p1b: Sinistcha|59/100\n|move|p1a: Aegislash|Substitute|p1a: Aegislash\n|-start|p1a: Aegislash|Substitute\n|-damage|p1a: Aegislash|76/100\n|\n|-heal|p1a: Aegislash|82/100|[from] item: Leftovers\n|upkeep\n|turn|2\n|\n|t:|1776584719\n|move|p2b: Vivillon|Rage Powder|p2b: Vivillon\n|-singleturn|p2b: Vivillon|move: Rage Powder\n|move|p2a: Sneasler|Dire Claw|p1b: Sinistcha\n|-damage|p1b: Sinistcha|5/100\n|-formechange|p1a: Aegislash|Aegislash-Blade|\n|move|p1a: Aegislash|Shadow Ball|p2b: Vivillon\n|-damage|p2b: Vivillon|17/100\n|-unboost|p2b: Vivillon|spd|1\n|move|p1b: Sinistcha|Trick Room|p1b: Sinistcha\n|-fieldstart|move: Trick Room|[of] p1b: Sinistcha\n|\n|-heal|p1a: Aegislash|88/100|[from] item: Leftovers\n|upkeep\n|turn|3\n|inactive|Tb0lt has 30 seconds left.\n|inactive|cippino3 has 30 seconds left.\n|\n|t:|1776584755\n|switch|p1b: Incineroar|Incineroar, L50, M|100/100\n|-ability|p1b: Incineroar|Intimidate|boost\n|-unboost|p2a: Sneasler|atk|1\n|-unboost|p2b: Vivillon|atk|1\n|move|p2b: Vivillon|Rage Powder|p2b: Vivillon\n|-singleturn|p2b: Vivillon|move: Rage Powder\n|move|p1a: Aegislash|Shadow Ball|p2b: Vivillon\n|-damage|p2b: Vivillon|0 fnt\n|faint|p2b: Vivillon\n|move|p2a: Sneasler|Close Combat|p1b: Incineroar\n|-supereffective|p1b: Incineroar|1\n|-enditem|p1b: Incineroar|Chople Berry|[eat]\n|-enditem|p1b: Incineroar|Chople Berry|[weaken]\n|-damage|p1b: Incineroar|25/100\n|-unboost|p2a: Sneasler|def|1\n|-unboost|p2a: Sneasler|spd|1\n|-enditem|p2a: Sneasler|White Herb\n|-clearnegativeboost|p2a: Sneasler|[silent]\n|\n|-heal|p1a: Aegislash|94/100|[from] item: Leftovers\n|upkeep\n|j| mynamegrassgreen\n|\n|t:|1776584771\n|switch|p2b: Azumarill|Azumarill, L50, F|100/100\n|turn|4\n|\n|t:|1776584786\n|move|p2b: Azumarill|Protect|p2b: Azumarill\n|-singleturn|p2b: Azumarill|Protect\n|move|p2a: Sneasler|Protect|p2a: Sneasler\n|-singleturn|p2a: Sneasler|Protect\n|move|p1b: Incineroar|Fake Out|p2b: Azumarill\n|-activate|p2b: Azumarill|move: Protect\n|move|p1a: Aegislash|Shadow Ball|p2a: Sneasler\n|-activate|p2a: Sneasler|move: Protect\n|\n|-heal|p1a: Aegislash|99/100|[from] item: Leftovers\n|upkeep\n|turn|5\n|inactive|Tb0lt has 30 seconds left.\n|inactive|Tb0lt has 20 seconds left.\n|\n|t:|1776584825\n|move|p2b: Azumarill|Liquidation|p1a: Aegislash\n|-end|p1a: Aegislash|Substitute\n|move|p1a: Aegislash|Shadow Ball|p2a: Sneasler\n|-damage|p2a: Sneasler|52/100\n|-unboost|p2a: Sneasler|spd|1\n|move|p1b: Incineroar|Flare Blitz|p2a: Sneasler\n|-damage|p2a: Sneasler|0 fnt\n|faint|p2a: Sneasler\n|-damage|p1b: Incineroar|9/100|[from] Recoil\n|\n|-heal|p1a: Aegislash|100/100|[from] item: Leftovers\n|upkeep\n|\n|t:|1776584836\n|switch|p2a: Inno di Atena|Chandelure, L50, F|100/100\n|turn|6\n|inactive|Tb0lt has 30 seconds left.\n|inactive|Tb0lt has 20 seconds left.\n|\n|t:|1776584871\n|switch|p1a: Rotom|Rotom-Wash, L50|100/100\n|detailschange|p2a: Inno di Atena|Chandelure-Mega, L50, F\n|-mega|p2a: Inno di Atena|Chandelure|Chandelurite\n|move|p2b: Azumarill|Aqua Jet|p1b: Incineroar\n|-supereffective|p1b: Incineroar|1\n|-damage|p1b: Incineroar|0 fnt\n|faint|p1b: Incineroar\n|move|p2a: Inno di Atena|Calm Mind|p2a: Inno di Atena\n|-boost|p2a: Inno di Atena|spa|1\n|-boost|p2a: Inno di Atena|spd|1\n|\n|-fieldend|move: Trick Room\n|upkeep\n|\n|t:|1776584884\n|switch|p1b: Sinistcha|Sinistcha, L50|5/100\n|turn|7\n|\n|t:|1776584903\n|move|p2b: Azumarill|Aqua Jet|p1b: Sinistcha\n|-resisted|p1b: Sinistcha|1\n|-damage|p1b: Sinistcha|0 fnt\n|faint|p1b: Sinistcha\n|move|p2a: Inno di Atena|Hex|p1a: Rotom\n|-damage|p1a: Rotom|52/100\n|move|p1a: Rotom|Hydro Pump|p2a: Inno di Atena|[miss]\n|-miss|p1a: Rotom|p2a: Inno di Atena\n|\n|upkeep\n|\n|t:|1776584907\n|switch|p1b: Aegislash|Aegislash, L50, M|100/100\n|turn|8\n|\n|t:|1776584918\n|move|p2a: Inno di Atena|Heat Wave|p1b: Aegislash|[spread] p1a,p1b\n|-resisted|p1a: Rotom|1\n|-supereffective|p1b: Aegislash|1\n|-damage|p1a: Rotom|25/100\n|-damage|p1b: Aegislash|7/100\n|-enditem|p1a: Rotom|Sitrus Berry|[eat]\n|-heal|p1a: Rotom|50/100|[from] item: Sitrus Berry\n|move|p1a: Rotom|Hydro Pump|p2a: Inno di Atena\n|-supereffective|p2a: Inno di Atena|1\n|-damage|p2a: Inno di Atena|53/100\n|-formechange|p1b: Aegislash|Aegislash-Blade|\n|move|p1b: Aegislash|Shadow Ball|p2a: Inno di Atena\n|-supereffective|p2a: Inno di Atena|1\n|-damage|p2a: Inno di Atena|0 fnt\n|faint|p2a: Inno di Atena\n|move|p2b: Azumarill|Play Rough|p1a: Rotom|[miss]\n|-miss|p2b: Azumarill|p1a: Rotom\n|\n|-heal|p1b: Aegislash|13/100|[from] item: Leftovers\n|upkeep\n|turn|9\n|\n|t:|1776584935\n|-formechange|p1b: Aegislash|Aegislash|\n|move|p1b: Aegislash|King's Shield|p1b: Aegislash\n|-singleturn|p1b: Aegislash|Protect\n|move|p2b: Azumarill|Protect|p2b: Azumarill\n|-singleturn|p2b: Azumarill|Protect\n|move|p1a: Rotom|Will-O-Wisp|p2b: Azumarill\n|-activate|p2b: Azumarill|move: Protect\n|\n|-heal|p1b: Aegislash|19/100|[from] item: Leftovers\n|upkeep\n|turn|10\n|j| Noobilio\n|\n|t:|1776584948\n|move|p1b: Aegislash|King's Shield||[still]\n|-fail|p1b: Aegislash\n|move|p1a: Rotom|Will-O-Wisp|p2b: Azumarill|[miss]\n|-miss|p1a: Rotom|p2b: Azumarill\n|move|p2b: Azumarill|Liquidation|p1b: Aegislash\n|-damage|p1b: Aegislash|0 fnt\n|faint|p1b: Aegislash\n|\n|upkeep\n|turn|11\n|l| Noobilio\n|\n|t:|1776584958\n|move|p1a: Rotom|Thunderbolt|p2b: Azumarill\n|-supereffective|p2b: Azumarill|1\n|-damage|p2b: Azumarill|39/100\n|move|p2b: Azumarill|Play Rough|p1a: Rotom\n|-damage|p1a: Rotom|8/100\n|\n|upkeep\n|turn|12\n|\n|t:|1776584965\n|move|p2b: Azumarill|Aqua Jet|p1a: Rotom\n|-resisted|p1a: Rotom|1\n|-damage|p1a: Rotom|0 fnt\n|faint|p1a: Rotom\n|\n|win|cippino3\n|c| mynamegrassgreen|x_x\n||cippino3 is ready for game 3.\n||Tb0lt is ready for game 3.\n|uhtml|next|Next: <a href=\"/battle-gen9championsvgc2026regma-2587959411\"><strong>Game 3 of 3</strong></a>\n|l| mynamegrassgreen\n|l| SaltyHabanero\n|l|\u2606cippino3\n|player|p2|\n",
  "uploadtime": 1776585843,
  "views": 13,
  "formatid": "gen9championsvgc2026regma",
  "rating": null,
  "private": 0,
  "password": null
}