{
  "id": "gen9championsvgc2026regma-2582967873",
  "format": "[Gen 9 Champions] VGC 2026 Reg M-A",
  "players": [
    "hipsterbrownkid",
    "stormstropper 97"
  ],
  "log": "|j|\u2606hipsterbrownkid\n|j|\u2606stormstropper 97\n|t:|1776129309\n|gametype|doubles\n|player|p1|hipsterbrownkid|wallace|1200\n|player|p2|stormstropper 97|1|1109\n|gen|9\n|tier|[Gen 9 Champions] VGC 2026 Reg M-A\n|rated|\n|rule|Species Clause: Limit one of each Pok\u00e9mon\n|rule|Item Clause: Limit 1 of each item\n|clearpoke\n|poke|p1|Camerupt, L50, F|\n|poke|p1|Golurk, L50|\n|poke|p1|Oranguru, L50, M|\n|poke|p1|Sinistcha, L50|\n|poke|p1|Incineroar, L50, M|\n|poke|p1|Kingambit, L50, M|\n|poke|p2|Froslass, L50, F|\n|poke|p2|Sneasler, L50, F|\n|poke|p2|Incineroar, L50, F|\n|poke|p2|Aerodactyl, L50, M|\n|poke|p2|Milotic, L50, M|\n|poke|p2|Meganium, L50, M|\n|teampreview|4\n|inactive|Battle timer is ON: inactive players will automatically lose when time's up. (requested by hipsterbrownkid)\n|\n|t:|1776129327\n|teamsize|p1|4\n|teamsize|p2|4\n|start\n|switch|p1a: Oranguru|Oranguru, L50, M|100/100\n|switch|p1b: Camerupt|Camerupt, L50, F|100/100\n|switch|p2a: Froslass|Froslass, L50, F|100/100\n|switch|p2b: Aerodactyl|Aerodactyl, L50, M|100/100\n|-ability|p2b: Aerodactyl|Unnerve\n|turn|1\n|inactive|hipsterbrownkid has 30 seconds left.\n|\n|t:|1776129359\n|switch|p2a: Milotic|Milotic, L50, M|100/100\n|move|p1b: Camerupt|Protect|p1b: Camerupt\n|-singleturn|p1b: Camerupt|Protect\n|move|p2b: Aerodactyl|Tailwind|p2b: Aerodactyl\n|-sidestart|p2: stormstropper 97|move: Tailwind\n|move|p1a: Oranguru|Trick Room|p1a: Oranguru\n|-fieldstart|move: Trick Room|[of] p1a: Oranguru\n|\n|upkeep\n|turn|2\n|\n|t:|1776129373\n|detailschange|p1b: Camerupt|Camerupt-Mega, L50, F\n|-mega|p1b: Camerupt|Camerupt|Cameruptite\n|move|p2b: Aerodactyl|Wide Guard|p2b: Aerodactyl\n|-singleturn|p2b: Aerodactyl|Wide Guard\n|move|p1b: Camerupt|Earth Power|p2a: Milotic\n|-damage|p2a: Milotic|54/100\n|move|p1a: Oranguru|Instruct|p1b: Camerupt\n|-singleturn|p1b: Camerupt|move: Instruct|[of] p1a: Oranguru\n|move|p1b: Camerupt|Earth Power|p2a: Milotic\n|-damage|p2a: Milotic|10/100\n|move|p2a: Milotic|Hydro Pump|p1b: Camerupt\n|-supereffective|p1b: Camerupt|2\n|-damage|p1b: Camerupt|0 fnt\n|faint|p1b: Camerupt\n|\n|upkeep\n|\n|t:|1776129385\n|switch|p1b: Kingambit|Kingambit, L50, M|100/100\n|turn|3\n|\n|t:|1776129399\n|move|p1b: Kingambit|Iron Head|p2b: Aerodactyl\n|-supereffective|p2b: Aerodactyl|1\n|-enditem|p2b: Aerodactyl|Focus Sash\n|-damage|p2b: Aerodactyl|1/100\n|move|p1a: Oranguru|Instruct|p1b: Kingambit\n|-singleturn|p1b: Kingambit|move: Instruct|[of] p1a: Oranguru\n|move|p1b: Kingambit|Iron Head|p2b: Aerodactyl\n|-supereffective|p2b: Aerodactyl|1\n|-damage|p2b: Aerodactyl|0 fnt\n|faint|p2b: Aerodactyl\n|move|p2a: Milotic|Flip Turn|p1a: Oranguru\n|-damage|p1a: Oranguru|88/100\n|\n|t:|1776129408\n|switch|p2a: Incineroar|Incineroar, L50, F|100/100|[from] Flip Turn\n|-ability|p2a: Incineroar|Intimidate|boost\n|-fail|p1a: Oranguru|unboost|Attack|[from] ability: Inner Focus|[of] p1a: Oranguru\n|-unboost|p1b: Kingambit|atk|1\n|-ability|p1b: Kingambit|Defiant|boost\n|-boost|p1b: Kingambit|atk|2\n|\n|upkeep\n|\n|t:|1776129412\n|switch|p2b: Froslass|Froslass, L50, F|100/100\n|turn|4\n|\n|t:|1776129426\n|switch|p1a: Incineroar|Incineroar, L50, M|100/100\n|-ability|p1a: Incineroar|Intimidate|boost\n|-unboost|p2a: Incineroar|atk|1\n|-unboost|p2b: Froslass|atk|1\n|detailschange|p2b: Froslass|Froslass-Mega, L50, F\n|-mega|p2b: Froslass|Froslass|Froslassite\n|-weather|Snowscape|[from] ability: Snow Warning|[of] p2b: Froslass\n|move|p1b: Kingambit|Protect|p1b: Kingambit\n|-singleturn|p1b: Kingambit|Protect\n|move|p2a: Incineroar|Fake Out|p1b: Kingambit\n|-activate|p1b: Kingambit|move: Protect\n|move|p2b: Froslass|Blizzard|p1b: Kingambit|[spread] p1a\n|-activate|p1b: Kingambit|move: Protect\n|-resisted|p1a: Incineroar|1\n|-damage|p1a: Incineroar|78/100\n|\n|-weather|Snowscape|[upkeep]\n|-sideend|p2: stormstropper 97|move: Tailwind\n|upkeep\n|turn|5\n|\n|t:|1776129447\n|move|p2b: Froslass|Protect|p2b: Froslass\n|-singleturn|p2b: Froslass|Protect\n|move|p1a: Incineroar|Fake Out|p2a: Incineroar\n|-damage|p2a: Incineroar|91/100\n|move|p1b: Kingambit|Kowtow Cleave|p2b: Froslass\n|-activate|p2b: Froslass|move: Protect\n|cant|p2a: Incineroar|flinch\n|\n|-weather|Snowscape|[upkeep]\n|-heal|p2a: Incineroar|96/100|[from] item: Leftovers\n|-fieldend|move: Trick Room\n|upkeep\n|turn|6\n|\n|t:|1776129457\n|switch|p2b: Milotic|Milotic, L50, M|10/100\n|move|p1a: Incineroar|Throat Chop|p2a: Incineroar\n|-resisted|p2a: Incineroar|1\n|-damage|p2a: Incineroar|82/100\n|-start|p2a: Incineroar|Throat Chop|[silent]\n|move|p2a: Incineroar|Flare Blitz|p1b: Kingambit\n|-supereffective|p1b: Kingambit|1\n|-damage|p1b: Kingambit|56/100\n|-damage|p2a: Incineroar|65/100|[from] Recoil\n|move|p1b: Kingambit|Kowtow Cleave|p2b: Milotic\n|-damage|p2b: Milotic|0 fnt\n|faint|p2b: Milotic\n|\n|-weather|Snowscape|[upkeep]\n|-heal|p2a: Incineroar|71/100|[from] item: Leftovers\n|upkeep\n|\n|t:|1776129469\n|switch|p2b: Froslass|Froslass-Mega, L50, F|100/100\n|turn|7\n|\n|t:|1776129481\n|move|p2b: Froslass|Protect|p2b: Froslass\n|-singleturn|p2b: Froslass|Protect\n|move|p1a: Incineroar|Parting Shot|p2b: Froslass\n|-activate|p2b: Froslass|move: Protect\n|move|p2a: Incineroar|Flare Blitz|p1b: Kingambit\n|-supereffective|p1b: Kingambit|1\n|-damage|p1b: Kingambit|9/100\n|-damage|p2a: Incineroar|52/100|[from] Recoil\n|move|p1b: Kingambit|Kowtow Cleave|p2b: Froslass\n|-activate|p2b: Froslass|move: Protect\n|\n|-weather|Snowscape|[upkeep]\n|-heal|p2a: Incineroar|58/100|[from] item: Leftovers\n|-end|p2a: Incineroar|Throat Chop|[silent]\n|upkeep\n|turn|8\n|\n|t:|1776129499\n|switch|p1b: Oranguru|Oranguru, L50, M|88/100\n|move|p2b: Froslass|Blizzard|p1b: Oranguru|[spread] p1a,p1b\n|-resisted|p1a: Incineroar|1\n|-damage|p1a: Incineroar|57/100\n|-damage|p1b: Oranguru|52/100\n|-status|p1b: Oranguru|frz\n|move|p1a: Incineroar|Flare Blitz|p2b: Froslass\n|-supereffective|p2b: Froslass|1\n|-damage|p2b: Froslass|0 fnt\n|faint|p2b: Froslass\n|-damage|p1a: Incineroar|33/100|[from] Recoil\n|-enditem|p1a: Incineroar|Sitrus Berry|[eat]\n|-heal|p1a: Incineroar|57/100|[from] item: Sitrus Berry\n|move|p2a: Incineroar|Darkest Lariat|p1a: Incineroar\n|-resisted|p1a: Incineroar|1\n|-damage|p1a: Incineroar|50/100\n|\n|-weather|none\n|-heal|p2a: Incineroar|64/100|[from] item: Leftovers\n|upkeep\n|turn|9\n|\n|t:|1776129519\n|move|p1a: Incineroar|Flare Blitz|p1b: Oranguru\n|-damage|p1b: Oranguru|8/100 frz\n|-curestatus|p1b: Oranguru|frz|[msg]\n|-damage|p1a: Incineroar|35/100|[from] Recoil\n|move|p2a: Incineroar|Darkest Lariat|p1b: Oranguru\n|-supereffective|p1b: Oranguru|1\n|-damage|p1b: Oranguru|0 fnt\n|faint|p1b: Oranguru\n|\n|-heal|p2a: Incineroar|70/100|[from] item: Leftovers\n|upkeep\n|\n|t:|1776129526\n|switch|p1b: Kingambit|Kingambit, L50, M|9/100\n|turn|10\n|\n|t:|1776129536\n|move|p1b: Kingambit|Protect|p1b: Kingambit\n|-singleturn|p1b: Kingambit|Protect\n|move|p1a: Incineroar|Flare Blitz|p2a: Incineroar\n|-resisted|p2a: Incineroar|1\n|-damage|p2a: Incineroar|48/100\n|-damage|p1a: Incineroar|29/100|[from] Recoil\n|move|p2a: Incineroar|Flare Blitz|p1b: Kingambit\n|-activate|p1b: Kingambit|move: Protect\n|\n|-heal|p2a: Incineroar|53/100|[from] item: Leftovers\n|upkeep\n|turn|11\n|\n|t:|1776129548\n|move|p1b: Kingambit|Sucker Punch|p2a: Incineroar\n|-resisted|p2a: Incineroar|1\n|-damage|p2a: Incineroar|33/100\n|move|p1a: Incineroar|Flare Blitz|p2a: Incineroar\n|-resisted|p2a: Incineroar|1\n|-crit|p2a: Incineroar\n|-damage|p2a: Incineroar|0 fnt\n|faint|p2a: Incineroar\n|-damage|p1a: Incineroar|20/100|[from] Recoil\n|\n|win|hipsterbrownkid\n|raw|hipsterbrownkid's rating: 1200 &rarr; <strong>1219</strong><br />(+19 for winning)\n|raw|stormstropper 97's rating: 1109 &rarr; <strong>1090</strong><br />(-19 for losing)\n|l|\u2606stormstropper 97\n|player|p2|\n",
  "uploadtime": 1776129558,
  "views": 25,
  "formatid": "gen9championsvgc2026regma",
  "rating": 1090,
  "private": 0,
  "password": null
}