{
  "id": "gen9championsvgc2026regma-2581848423",
  "format": "[Gen 9 Champions] VGC 2026 Reg M-A",
  "players": [
    "Navicula",
    "Fhncghbddtyjnh"
  ],
  "log": "|j|\u2606Navicula\n|j|\u2606Fhncghbddtyjnh\n|t:|1776033427\n|gametype|doubles\n|player|p1|Navicula|scientist-gen4|1107\n|player|p2|Fhncghbddtyjnh|265|1076\n|gen|9\n|tier|[Gen 9 Champions] VGC 2026 Reg M-A\n|rated|\n|rule|Species Clause: Limit one of each Pok\u00e9mon\n|rule|Item Clause: Limit 1 of each item\n|clearpoke\n|poke|p1|Audino, L50, M|\n|poke|p1|Kommo-o, L50, M|\n|poke|p1|Sinistcha, L50|\n|poke|p1|Lucario, L50, F|\n|poke|p1|Aegislash, L50, F|\n|poke|p1|Toucannon, L50, F|\n|poke|p2|Chandelure, L50, F|\n|poke|p2|Primarina, L50, M|\n|poke|p2|Farigiraf, L50, M|\n|poke|p2|Ninetales-Alola, L50, F|\n|poke|p2|Decidueye, L50, F|\n|poke|p2|Milotic, L50, M|\n|teampreview|4\n|\n|t:|1776033461\n|teamsize|p1|4\n|teamsize|p2|4\n|start\n|switch|p1a: Moop|Audino, L50, M, shiny|100/100\n|switch|p1b: Rangus Bumclappa|Kommo-o, L50, M|100/100\n|switch|p2a: Chandelure|Chandelure, L50, F|100/100\n|switch|p2b: Decidueye|Decidueye, L50, F|100/100\n|turn|1\n|\n|t:|1776033470\n|move|p2a: Chandelure|Protect|p2a: Chandelure\n|-singleturn|p2a: Chandelure|Protect\n|move|p2b: Decidueye|Tailwind|p2b: Decidueye\n|-sidestart|p2: Fhncghbddtyjnh|move: Tailwind\n|move|p1a: Moop|Simple Beam|p1b: Rangus Bumclappa\n|-ability|p1b: Rangus Bumclappa|Simple|Soundproof|[from] move: Simple Beam\n|move|p1b: Rangus Bumclappa|Clangorous Soul|p1b: Rangus Bumclappa\n|-boost|p1b: Rangus Bumclappa|atk|2\n|-boost|p1b: Rangus Bumclappa|def|2\n|-boost|p1b: Rangus Bumclappa|spa|2\n|-boost|p1b: Rangus Bumclappa|spd|2\n|-boost|p1b: Rangus Bumclappa|spe|2\n|-damage|p1b: Rangus Bumclappa|68/100\n|\n|upkeep\n|turn|2\n|\n|t:|1776033507\n|detailschange|p2a: Chandelure|Chandelure-Mega, L50, F\n|-mega|p2a: Chandelure|Chandelure|Chandelurite\n|move|p1a: Moop|Ally Switch|p1a: Moop\n|swap|p1a: Moop|1|[from] move: Ally Switch\n|move|p2a: Chandelure|Shadow Ball|p1b: Moop\n|-immune|p1b: Moop\n|move|p2b: Decidueye|Spirit Shackle|p1b: Moop\n|-immune|p1b: Moop\n|move|p1a: Rangus Bumclappa|Clangorous Soul|p1a: Rangus Bumclappa\n|-boost|p1a: Rangus Bumclappa|atk|2\n|-boost|p1a: Rangus Bumclappa|def|2\n|-boost|p1a: Rangus Bumclappa|spa|2\n|-boost|p1a: Rangus Bumclappa|spd|2\n|-boost|p1a: Rangus Bumclappa|spe|2\n|-damage|p1a: Rangus Bumclappa|35/100\n|-enditem|p1a: Rangus Bumclappa|Sitrus Berry|[eat]\n|-heal|p1a: Rangus Bumclappa|59/100|[from] item: Sitrus Berry\n|\n|upkeep\n|turn|3\n|inactive|Battle timer is ON: inactive players will automatically lose when time's up. (requested by Fhncghbddtyjnh)\n|\n|t:|1776033532\n|switch|p1b: Brewtwo|Sinistcha, L50|100/100\n|-heal|p1a: Rangus Bumclappa|84/100|[from] ability: Hospitality|[of] p1b: Brewtwo\n|move|p1a: Rangus Bumclappa|Flash Cannon|p2b: Decidueye\n|-damage|p2b: Decidueye|46/100\n|move|p2a: Chandelure|Shadow Ball|p1a: Rangus Bumclappa\n|-damage|p1a: Rangus Bumclappa|69/100\n|move|p2b: Decidueye|Spirit Shackle|p1a: Rangus Bumclappa\n|-damage|p1a: Rangus Bumclappa|59/100\n|-activate|p1a: Rangus Bumclappa|trapped\n|\n|upkeep\n|turn|4\n|\n|t:|1776033552\n|move|p1a: Rangus Bumclappa|Clangorous Soul|p1a: Rangus Bumclappa\n|-boost|p1a: Rangus Bumclappa|atk|2\n|-boost|p1a: Rangus Bumclappa|def|2\n|-boost|p1a: Rangus Bumclappa|spa|2\n|-boost|p1a: Rangus Bumclappa|spd|2\n|-boost|p1a: Rangus Bumclappa|spe|2\n|-damage|p1a: Rangus Bumclappa|26/100\n|move|p2a: Chandelure|Heat Wave|p1b: Brewtwo|[spread] p1a,p1b\n|-resisted|p1a: Rangus Bumclappa|1\n|-supereffective|p1b: Brewtwo|1\n|-damage|p1a: Rangus Bumclappa|22/100\n|-damage|p1b: Brewtwo|12/100\n|move|p2b: Decidueye|Spirit Shackle|p1a: Rangus Bumclappa\n|-damage|p1a: Rangus Bumclappa|14/100\n|move|p1b: Brewtwo|Psych Up|p1a: Rangus Bumclappa\n|-copyboost|p1b: Brewtwo|p1a: Rangus Bumclappa|[from] move: Psych Up\n|\n|-sideend|p2: Fhncghbddtyjnh|move: Tailwind\n|upkeep\n|turn|5\n|-activate|p2b: Decidueye|item: Quick Claw\n|\n|t:|1776033574\n|move|p2b: Decidueye|Sucker Punch|p1b: Brewtwo\n|-supereffective|p1b: Brewtwo|1\n|-damage|p1b: Brewtwo|2/100\n|move|p1a: Rangus Bumclappa|Flash Cannon|p2b: Decidueye\n|-damage|p2b: Decidueye|0 fnt\n|faint|p2b: Decidueye\n|move|p1b: Brewtwo|Matcha Gotcha|p2a: Chandelure\n|-resisted|p2a: Chandelure|1\n|-damage|p2a: Chandelure|21/100\n|-heal|p1b: Brewtwo|34/100|[from] drain|[of] p2a: Chandelure\n|move|p2a: Chandelure|Heat Wave|p1b: Brewtwo|[spread] p1a,p1b\n|-resisted|p1a: Rangus Bumclappa|1\n|-supereffective|p1b: Brewtwo|1\n|-damage|p1a: Rangus Bumclappa|9/100\n|-damage|p1b: Brewtwo|9/100\n|\n|upkeep\n|\n|t:|1776033598\n|switch|p2b: Ninetales|Ninetales-Alola, L50, F|100/100\n|-weather|Snowscape|[from] ability: Snow Warning|[of] p2b: Ninetales\n|turn|6\n|\n|t:|1776033611\n|move|p2a: Chandelure|Protect|p2a: Chandelure\n|-singleturn|p2a: Chandelure|Protect\n|move|p1a: Rangus Bumclappa|Drain Punch|p2b: Ninetales\n|-damage|p2b: Ninetales|0 fnt\n|-heal|p1a: Rangus Bumclappa|50/100|[from] drain|[of] p2b: Ninetales\n|faint|p2b: Ninetales\n|move|p1b: Brewtwo|Matcha Gotcha|p2a: Chandelure\n|-activate|p2a: Chandelure|move: Protect\n|\n|-weather|Snowscape|[upkeep]\n|upkeep\n|\n|t:|1776033617\n|switch|p2b: Farigiraf|Farigiraf, L50, M|100/100\n|turn|7\n|\n|t:|1776033624\n|move|p1a: Rangus Bumclappa|Drain Punch|p2b: Farigiraf\n|-damage|p2b: Farigiraf|0 fnt\n|-heal|p1a: Rangus Bumclappa|100/100|[from] drain|[of] p2b: Farigiraf\n|faint|p2b: Farigiraf\n|move|p1b: Brewtwo|Matcha Gotcha|p2a: Chandelure\n|-resisted|p2a: Chandelure|1\n|-damage|p2a: Chandelure|0 fnt\n|-heal|p1b: Brewtwo|17/100|[from] drain|[of] p2a: Chandelure\n|faint|p2a: Chandelure\n|\n|win|Navicula\n|raw|Navicula's rating: 1107 &rarr; <strong>1130</strong><br />(+23 for winning)\n|raw|Fhncghbddtyjnh's rating: 1076 &rarr; <strong>1057</strong><br />(-19 for losing)\n|l|\u2606Fhncghbddtyjnh\n|player|p2|\n|l|\u2606Navicula\n|player|p1|\n|j|\u2606Navicula\n|player|p1|Navicula|scientist-gen4|\n",
  "uploadtime": 1776033707,
  "views": 11,
  "formatid": "gen9championsvgc2026regma",
  "rating": 1057,
  "private": 0,
  "password": null
}