{
  "id": "gen9championsvgc2026regma-2588259259",
  "format": "[Gen 9 Champions] VGC 2026 Reg M-A",
  "players": [
    "when will i smile?",
    "gatargola"
  ],
  "log": "|j|\u2606when will i smile?\n|j|\u2606gatargola\n|t:|1776618817\n|gametype|doubles\n|player|p1|when will i smile?|1|1081\n|player|p2|gatargola|n|1117\n|gen|9\n|tier|[Gen 9 Champions] VGC 2026 Reg M-A\n|rated|\n|rule|Species Clause: Limit one of each Pok\u00e9mon\n|rule|Item Clause: Limit 1 of each item\n|clearpoke\n|poke|p1|Crabominable, L50, M, shiny|\n|poke|p1|Slowking-Galar, L50, M, shiny|\n|poke|p1|Incineroar, L50, F, shiny|\n|poke|p1|Azumarill, L50, F|\n|poke|p1|Sinistcha-Masterpiece, L50, shiny|\n|poke|p1|Empoleon, L50, F|\n|poke|p2|Froslass, L50, F|\n|poke|p2|Ninetales-Alola, L50, F|\n|poke|p2|Incineroar, L50, M|\n|poke|p2|Garganacl, L50, M|\n|poke|p2|Sneasler, L50, M|\n|poke|p2|Garchomp, L50, M|\n|teampreview|4\n|\n|t:|1776618871\n|teamsize|p1|4\n|teamsize|p2|4\n|start\n|switch|p1a: Empoleon|Empoleon, L50, F|100/100\n|switch|p1b: Crabominable|Crabominable, L50, M, shiny|100/100\n|switch|p2a: Ninetales|Ninetales-Alola, L50, F|100/100\n|switch|p2b: Sneasler|Sneasler, L50, M|100/100\n|-weather|Snowscape|[from] ability: Snow Warning|[of] p2a: Ninetales\n|turn|1\n|\n|t:|1776618894\n|move|p1b: Crabominable|Protect|p1b: Crabominable\n|-singleturn|p1b: Crabominable|Protect\n|move|p2b: Sneasler|Fake Out|p1a: Empoleon\n|-resisted|p1a: Empoleon|1\n|-damage|p1a: Empoleon|92/100\n|move|p2a: Ninetales|Aurora Veil|p2a: Ninetales\n|-sidestart|p2: gatargola|move: Aurora Veil\n|cant|p1a: Empoleon|flinch\n|\n|-weather|Snowscape|[upkeep]\n|upkeep\n|turn|2\n|\n|t:|1776618913\n|switch|p1b: Slowking|Slowking-Galar, L50, M, shiny|100/100\n|move|p2b: Sneasler|Close Combat|p1a: Empoleon\n|-supereffective|p1a: Empoleon|1\n|-crit|p1a: Empoleon\n|-enditem|p1a: Empoleon|Chople Berry|[eat]\n|-enditem|p1a: Empoleon|Chople Berry|[weaken]\n|-damage|p1a: Empoleon|0 fnt\n|-unboost|p2b: Sneasler|def|1\n|-unboost|p2b: Sneasler|spd|1\n|faint|p1a: Empoleon\n|-enditem|p2b: Sneasler|White Herb\n|-clearnegativeboost|p2b: Sneasler|[silent]\n|move|p2a: Ninetales|Dazzling Gleam|p1b: Slowking\n|-resisted|p1b: Slowking|1\n|-damage|p1b: Slowking|88/100\n|\n|-weather|Snowscape|[upkeep]\n|-heal|p1b: Slowking|94/100|[from] item: Leftovers\n|upkeep\n|\n|t:|1776618923\n|switch|p1a: Crabominable|Crabominable, L50, M, shiny|100/100\n|turn|3\n|\n|t:|1776618937\n|switch|p2b: Incineroar|Incineroar, L50, M|100/100\n|-ability|p2b: Incineroar|Intimidate|boost\n|-unboost|p1a: Crabominable|atk|1\n|-unboost|p1b: Slowking|atk|1\n|move|p2a: Ninetales|Protect|p2a: Ninetales\n|-singleturn|p2a: Ninetales|Protect\n|move|p1a: Crabominable|Protect|p1a: Crabominable\n|-singleturn|p1a: Crabominable|Protect\n|move|p1b: Slowking|Psychic|p2b: Incineroar\n|-immune|p2b: Incineroar\n|\n|-weather|Snowscape|[upkeep]\n|-heal|p1b: Slowking|100/100|[from] item: Leftovers\n|upkeep\n|turn|4\n|\n|t:|1776618957\n|switch|p1b: Azumarill|Azumarill, L50, F|100/100\n|detailschange|p1a: Crabominable|Crabominable-Mega, L50, M, shiny\n|-mega|p1a: Crabominable|Crabominable|Crabominite\n|move|p2b: Incineroar|Fake Out|p1a: Crabominable\n|-damage|p1a: Crabominable|94/100\n|move|p2a: Ninetales|Blizzard|p1a: Crabominable|[spread] p1a,p1b\n|-resisted|p1a: Crabominable|1\n|-resisted|p1b: Azumarill|1\n|-damage|p1a: Crabominable|76/100\n|-damage|p1b: Azumarill|80/100\n|cant|p1a: Crabominable|flinch\n|\n|-weather|Snowscape|[upkeep]\n|upkeep\n|turn|5\n|\n|t:|1776618985\n|switch|p1a: Slowking|Slowking-Galar, L50, M, shiny|100/100\n|move|p2a: Ninetales|Dazzling Gleam|p1a: Slowking|[spread] p1a,p1b\n|-resisted|p1a: Slowking|1\n|-damage|p1a: Slowking|92/100\n|-damage|p1b: Azumarill|52/100\n|move|p2b: Incineroar|Parting Shot|p1b: Azumarill\n|-unboost|p1b: Azumarill|atk|1\n|-unboost|p1b: Azumarill|spa|1\n|\n|t:|1776618995\n|switch|p2b: Garchomp|Garchomp, L50, M|100/100|[from] Parting Shot\n|move|p1b: Azumarill|Liquidation|p2b: Garchomp\n|-damage|p2b: Garchomp|73/100\n|-damage|p1b: Azumarill|40/100|[from] ability: Rough Skin|[of] p2b: Garchomp\n|\n|-weather|none\n|-heal|p1a: Slowking|98/100|[from] item: Leftovers\n|-sideend|p2: gatargola|move: Aurora Veil\n|upkeep\n|turn|6\n|\n|t:|1776619016\n|switch|p2a: Incineroar|Incineroar, L50, M|100/100\n|-ability|p2a: Incineroar|Intimidate|boost\n|-unboost|p1a: Slowking|atk|1\n|-unboost|p1b: Azumarill|atk|1\n|switch|p1b: Crabominable|Crabominable-Mega, L50, M, shiny|76/100\n|move|p2b: Garchomp|Rock Slide|p1b: Crabominable|[spread] p1a,p1b\n|-damage|p1a: Slowking|80/100\n|-damage|p1b: Crabominable|62/100\n|move|p1a: Slowking|Trick Room|p1a: Slowking\n|-fieldstart|move: Trick Room|[of] p1a: Slowking\n|\n|-heal|p1a: Slowking|86/100|[from] item: Leftovers\n|upkeep\n|turn|7\n|\n|t:|1776619035\n|switch|p2b: Ninetales|Ninetales-Alola, L50, F|100/100\n|-weather|Snowscape|[from] ability: Snow Warning|[of] p2b: Ninetales\n|move|p1b: Crabominable|Protect|p1b: Crabominable\n|-singleturn|p1b: Crabominable|Protect\n|move|p2a: Incineroar|Fake Out|p1b: Crabominable\n|-activate|p1b: Crabominable|move: Protect\n|-prepare|p1a: Slowking|Chilly Reception|[premajor]\n|move|p1a: Slowking|Chilly Reception|p1a: Slowking\n|\n|t:|1776619045\n|switch|p1a: Azumarill|Azumarill, L50, F|40/100|[from] Chilly Reception\n|\n|-weather|Snowscape|[upkeep]\n|upkeep\n|turn|8\n|\n|t:|1776619070\n|move|p1b: Crabominable|Close Combat|p2b: Ninetales\n|-damage|p2b: Ninetales|25/100\n|-unboost|p1b: Crabominable|def|1\n|-unboost|p1b: Crabominable|spd|1\n|move|p1a: Azumarill|Liquidation|p2a: Incineroar\n|-supereffective|p2a: Incineroar|1\n|-damage|p2a: Incineroar|0 fnt\n|faint|p2a: Incineroar\n|move|p2b: Ninetales|Aurora Veil|p2b: Ninetales\n|-sidestart|p2: gatargola|move: Aurora Veil\n|\n|-weather|Snowscape|[upkeep]\n|upkeep\n|\n|t:|1776619081\n|switch|p2a: Garchomp|Garchomp, L50, M|73/100\n|turn|9\n|\n|t:|1776619089\n|switch|p1b: Slowking|Slowking-Galar, L50, M, shiny|100/100\n|move|p2b: Ninetales|Protect|p2b: Ninetales\n|-singleturn|p2b: Ninetales|Protect\n|move|p1a: Azumarill|Play Rough|p2a: Garchomp\n|-supereffective|p2a: Garchomp|1\n|-damage|p2a: Garchomp|0 fnt\n|-damage|p1a: Azumarill|28/100|[from] ability: Rough Skin|[of] p2a: Garchomp\n|faint|p2a: Garchomp\n|\n|-weather|Snowscape|[upkeep]\n|upkeep\n|\n|t:|1776619102\n|switch|p2a: Sneasler|Sneasler, L50, M|100/100\n|turn|10\n|\n|t:|1776619110\n|move|p1a: Azumarill|Protect|p1a: Azumarill\n|-singleturn|p1a: Azumarill|Protect\n|move|p2a: Sneasler|Fake Out|p1a: Azumarill\n|-activate|p1a: Azumarill|move: Protect\n|move|p1b: Slowking|Psychic|p2a: Sneasler\n|-supereffective|p2a: Sneasler|2\n|-damage|p2a: Sneasler|0 fnt\n|faint|p2a: Sneasler\n|move|p2b: Ninetales|Blizzard|p1a: Azumarill|[spread] p1b\n|-activate|p1a: Azumarill|move: Protect\n|-damage|p1b: Slowking|73/100\n|\n|-weather|Snowscape|[upkeep]\n|-heal|p1b: Slowking|79/100|[from] item: Leftovers\n|-fieldend|move: Trick Room\n|upkeep\n|turn|11\n|-message|gatargola forfeited.\n|\n|win|when will i smile?\n|raw|when will i smile?'s rating: 1117 &rarr; <strong>1142</strong><br />(+25 for winning)\n|raw|gatargola's rating: 1117 &rarr; <strong>1092</strong><br />(-25 for losing)\n|l|\u2606gatargola\n|player|p2|\n",
  "uploadtime": 1776619130,
  "views": 18,
  "formatid": "gen9championsvgc2026regma",
  "rating": 1092,
  "private": 0,
  "password": null
}