{
  "id": "gen9championsvgc2026regma-2582566261",
  "format": "[Gen 9 Champions] VGC 2026 Reg M-A",
  "players": [
    "FrozenFlynn",
    "cronos36"
  ],
  "log": "|j|\u2606FrozenFlynn\n|j|\u2606cronos36\n|t:|1776099775\n|gametype|doubles\n|player|p1|FrozenFlynn|cheren-gen5bw2|1140\n|player|p2|cronos36|flint|1190\n|gen|9\n|tier|[Gen 9 Champions] VGC 2026 Reg M-A\n|rated|\n|rule|Species Clause: Limit one of each Pok\u00e9mon\n|rule|Item Clause: Limit 1 of each item\n|clearpoke\n|poke|p1|Cofagrigus, L50, F|\n|poke|p1|Drampa, L50, M|\n|poke|p1|Farigiraf, L50, M|\n|poke|p1|Orthworm, L50, F|\n|poke|p1|Venusaur, L50, M|\n|poke|p1|Rotom-Heat, L50|\n|poke|p2|Pelipper, L50, F|\n|poke|p2|Basculegion, L50, M|\n|poke|p2|Archaludon, L50, M|\n|poke|p2|Jolteon, L50, M|\n|poke|p2|Meganium, L50, M|\n|poke|p2|Sneasler, L50, F|\n|teampreview|4\n|inactive|Battle timer is ON: inactive players will automatically lose when time's up. (requested by FrozenFlynn)\n|\n|t:|1776099797\n|teamsize|p1|4\n|teamsize|p2|4\n|start\n|switch|p1a: Cofagrigus|Cofagrigus, L50, F|100/100\n|switch|p1b: Drampa|Drampa, L50, M|100/100\n|switch|p2a: Pelipper|Pelipper, L50, F|100/100\n|switch|p2b: Archaludon|Archaludon, L50, M|100/100\n|-weather|RainDance|[from] ability: Drizzle|[of] p2a: Pelipper\n|-ability|p1b: Drampa|Cloud Nine\n|turn|1\n|\n|t:|1776099819\n|move|p2b: Archaludon|Draco Meteor|p1b: Drampa\n|-supereffective|p1b: Drampa|1\n|-damage|p1b: Drampa|0 fnt\n|-unboost|p2b: Archaludon|spa|2\n|faint|p1b: Drampa\n|move|p2a: Pelipper|Tailwind|p2a: Pelipper\n|-sidestart|p2: cronos36|move: Tailwind\n|move|p1a: Cofagrigus|Trick Room|p1a: Cofagrigus\n|-fieldstart|move: Trick Room|[of] p1a: Cofagrigus\n|\n|-weather|RainDance|[upkeep]\n|upkeep\n|\n|t:|1776099836\n|switch|p1b: Rotom|Rotom-Heat, L50|100/100\n|turn|2\n|\n|t:|1776099847\n|switch|p2a: Jolteon|Jolteon, L50, M|100/100\n|move|p1a: Cofagrigus|Protect|p1a: Cofagrigus\n|-singleturn|p1a: Cofagrigus|Protect\n|move|p1b: Rotom|Overheat|p2b: Archaludon\n|-damage|p2b: Archaludon|59/100\n|-unboost|p1b: Rotom|spa|2\n|-ability|p2b: Archaludon|Stamina|boost\n|-boost|p2b: Archaludon|def|1\n|move|p2b: Archaludon|Electro Shot||[still]\n|-prepare|p2b: Archaludon|Electro Shot\n|-boost|p2b: Archaludon|spa|1\n|-anim|p2b: Archaludon|Electro Shot|p1a: Cofagrigus\n|-activate|p1a: Cofagrigus|move: Protect\n|\n|-weather|RainDance|[upkeep]\n|-heal|p2b: Archaludon|65/100|[from] item: Leftovers\n|upkeep\n|turn|3\n|inactive|FrozenFlynn has 30 seconds left.\n|\n|t:|1776099878\n|switch|p1a: Venusaur|Venusaur, L50, M|100/100\n|move|p1b: Rotom|Overheat|p2a: Jolteon\n|-damage|p2a: Jolteon|77/100\n|-unboost|p1b: Rotom|spa|2\n|move|p2b: Archaludon|Electro Shot||[still]\n|-prepare|p2b: Archaludon|Electro Shot\n|-boost|p2b: Archaludon|spa|1\n|-anim|p2b: Archaludon|Electro Shot|p1a: Venusaur\n|-resisted|p1a: Venusaur|1\n|-damage|p1a: Venusaur|78/100\n|move|p2a: Jolteon|Weather Ball|p1b: Rotom\n|-supereffective|p1b: Rotom|1\n|-damage|p1b: Rotom|0 fnt\n|faint|p1b: Rotom\n|\n|-weather|RainDance|[upkeep]\n|-heal|p2b: Archaludon|71/100|[from] item: Leftovers\n|upkeep\n|\n|t:|1776099897\n|switch|p1b: Cofagrigus|Cofagrigus, L50, F|100/100\n|turn|4\n|inactive|FrozenFlynn has 30 seconds left.\n|\n|t:|1776099928\n|detailschange|p1a: Venusaur|Venusaur-Mega, L50, M\n|-mega|p1a: Venusaur|Venusaur|Venusaurite\n|move|p1b: Cofagrigus|Protect|p1b: Cofagrigus\n|-singleturn|p1b: Cofagrigus|Protect\n|move|p2b: Archaludon|Protect|p2b: Archaludon\n|-singleturn|p2b: Archaludon|Protect\n|move|p2a: Jolteon|Protect|p2a: Jolteon\n|-singleturn|p2a: Jolteon|Protect\n|move|p1a: Venusaur|Earth Power|p2b: Archaludon\n|-activate|p2b: Archaludon|move: Protect\n|\n|-weather|RainDance|[upkeep]\n|-heal|p2b: Archaludon|77/100|[from] item: Leftovers\n|-sideend|p2: cronos36|move: Tailwind\n|upkeep\n|turn|5\n|inactive|FrozenFlynn has 30 seconds left.\n|inactive|cronos36 has 30 seconds left.\n|\n|t:|1776099959\n|switch|p2b: Pelipper|Pelipper, L50, F|100/100\n|move|p1b: Cofagrigus|Shadow Ball|p2a: Jolteon\n|-damage|p2a: Jolteon|25/100\n|-unboost|p2a: Jolteon|spd|1\n|move|p1a: Venusaur|Leech Seed|p2b: Pelipper\n|-start|p2b: Pelipper|move: Leech Seed\n|move|p2a: Jolteon|Wish|p2a: Jolteon\n|\n|-weather|none\n|-damage|p2b: Pelipper|89/100|[from] Leech Seed|[of] p1a: Venusaur\n|-heal|p1a: Venusaur|88/100|[silent]\n|-fieldend|move: Trick Room\n|upkeep\n|turn|6\n|\n|t:|1776099984\n|move|p2a: Jolteon|Protect|p2a: Jolteon\n|-singleturn|p2a: Jolteon|Protect\n|move|p1a: Venusaur|Earth Power|p2a: Jolteon\n|-activate|p2a: Jolteon|move: Protect\n|move|p2b: Pelipper|Hurricane|p1b: Cofagrigus|[miss]\n|-miss|p2b: Pelipper|p1b: Cofagrigus\n|move|p1b: Cofagrigus|Trick Room|p1b: Cofagrigus\n|-fieldstart|move: Trick Room|[of] p1b: Cofagrigus\n|\n|-heal|p2a: Jolteon|75/100|[from] move: Wish|[wisher] Jolteon\n|-damage|p2b: Pelipper|77/100|[from] Leech Seed|[of] p1a: Venusaur\n|-heal|p1a: Venusaur|99/100|[silent]\n|upkeep\n|turn|7\n|inactive|FrozenFlynn has 30 seconds left.\n|inactive|cronos36 has 30 seconds left.\n|\n|t:|1776100013\n|move|p1b: Cofagrigus|Shadow Ball|p2a: Jolteon\n|-damage|p2a: Jolteon|2/100\n|move|p2b: Pelipper|Hurricane|p1a: Venusaur\n|-supereffective|p1a: Venusaur|1\n|-damage|p1a: Venusaur|24/100\n|-start|p1a: Venusaur|confusion\n|-activate|p1a: Venusaur|confusion\n|move|p1a: Venusaur|Leech Seed|p2a: Jolteon\n|-start|p2a: Jolteon|move: Leech Seed\n|move|p2a: Jolteon|Wish|p2a: Jolteon\n|\n|-damage|p2b: Pelipper|65/100|[from] Leech Seed|[of] p1a: Venusaur\n|-heal|p1a: Venusaur|35/100|[silent]\n|-damage|p2a: Jolteon|0 fnt|[from] Leech Seed|[of] p1a: Venusaur\n|-heal|p1a: Venusaur|36/100|[silent]\n|faint|p2a: Jolteon\n|upkeep\n|\n|t:|1776100026\n|switch|p2a: Archaludon|Archaludon, L50, M|77/100\n|turn|8\n|\n|t:|1776100044\n|move|p2a: Archaludon|Protect|p2a: Archaludon\n|-singleturn|p2a: Archaludon|Protect\n|move|p1b: Cofagrigus|Shadow Ball|p2b: Pelipper\n|-damage|p2b: Pelipper|12/100\n|move|p2b: Pelipper|Hurricane|p1a: Venusaur|[miss]\n|-miss|p2b: Pelipper|p1a: Venusaur\n|-end|p1a: Venusaur|confusion\n|move|p1a: Venusaur|Earth Power|p2a: Archaludon\n|-activate|p2a: Archaludon|move: Protect\n|\n|-heal|p2a: Archaludon|100/100|[from] move: Wish|[wisher] Jolteon\n|-damage|p2b: Pelipper|0 fnt|[from] Leech Seed|[of] p1a: Venusaur\n|-heal|p1a: Venusaur|46/100|[silent]\n|faint|p2b: Pelipper\n|upkeep\n|\n|t:|1776100056\n|switch|p2b: Basculegion|Basculegion, L50, M|100/100\n|turn|9\n|\n|t:|1776100074\n|move|p1b: Cofagrigus|Will-O-Wisp|p2a: Archaludon|[miss]\n|-miss|p1b: Cofagrigus|p2a: Archaludon\n|move|p1a: Venusaur|Giga Drain|p2b: Basculegion\n|-supereffective|p2b: Basculegion|1\n|-damage|p2b: Basculegion|0 fnt\n|-heal|p1a: Venusaur|99/100|[from] drain|[of] p2b: Basculegion\n|faint|p2b: Basculegion\n|move|p2a: Archaludon|Draco Meteor|p1a: Venusaur\n|-damage|p1a: Venusaur|44/100\n|-unboost|p2a: Archaludon|spa|2\n|\n|upkeep\n|turn|10\n|\n|t:|1776100092\n|move|p1b: Cofagrigus|Will-O-Wisp|p2a: Archaludon\n|-status|p2a: Archaludon|brn\n|move|p1a: Venusaur|Leech Seed|p2a: Archaludon\n|-start|p2a: Archaludon|move: Leech Seed\n|move|p2a: Archaludon|Electro Shot||[still]\n|-prepare|p2a: Archaludon|Electro Shot\n|-boost|p2a: Archaludon|spa|1\n|\n|-damage|p2a: Archaludon|88/100 brn|[from] Leech Seed|[of] p1a: Venusaur\n|-heal|p1a: Venusaur|56/100|[silent]\n|-damage|p2a: Archaludon|82/100 brn|[from] brn\n|-fieldend|move: Trick Room\n|upkeep\n|turn|11\n|\n|t:|1776100106\n|move|p1a: Venusaur|Protect|p1a: Venusaur\n|-singleturn|p1a: Venusaur|Protect\n|move|p2a: Archaludon|Electro Shot|p1b: Cofagrigus|[from] lockedmove\n|-damage|p1b: Cofagrigus|71/100\n|move|p1b: Cofagrigus|Trick Room|p1b: Cofagrigus\n|-fieldstart|move: Trick Room|[of] p1b: Cofagrigus\n|\n|-heal|p2a: Archaludon|88/100 brn|[from] item: Leftovers\n|-damage|p2a: Archaludon|75/100 brn|[from] Leech Seed|[of] p1a: Venusaur\n|-heal|p1a: Venusaur|68/100|[silent]\n|-damage|p2a: Archaludon|70/100 brn|[from] brn\n|upkeep\n|turn|12\n|\n|t:|1776100121\n|move|p1b: Cofagrigus|Shadow Ball|p2a: Archaludon\n|-damage|p2a: Archaludon|18/100 brn\n|-ability|p2a: Archaludon|Stamina|boost\n|-boost|p2a: Archaludon|def|1\n|move|p1a: Venusaur|Earth Power|p2a: Archaludon\n|-supereffective|p2a: Archaludon|1\n|-damage|p2a: Archaludon|0 fnt\n|faint|p2a: Archaludon\n|\n|win|FrozenFlynn\n|raw|FrozenFlynn's rating: 1140 &rarr; <strong>1169</strong><br />(+29 for winning)\n|raw|cronos36's rating: 1190 &rarr; <strong>1161</strong><br />(-29 for losing)\n|l|\u2606cronos36\n|player|p2|\n",
  "uploadtime": 1776100131,
  "views": 22,
  "formatid": "gen9championsvgc2026regma",
  "rating": 1161,
  "private": 0,
  "password": null
}