{
  "id": "gen9championsvgc2026regma-2583352617",
  "format": "[Gen 9 Champions] VGC 2026 Reg M-A",
  "players": [
    "vywxiwjxjwk",
    "Pazou<3"
  ],
  "log": "|j|\u2606vywxiwjxjwk\n|j|\u2606Pazou<3\n|t:|1776169433\n|gametype|doubles\n|player|p1|vywxiwjxjwk|n|1187\n|player|p2|Pazou<3|ninjaboy|1238\n|gen|9\n|tier|[Gen 9 Champions] VGC 2026 Reg M-A\n|rated|\n|rule|Species Clause: Limit one of each Pok\u00e9mon\n|rule|Item Clause: Limit 1 of each item\n|clearpoke\n|poke|p1|Sneasler, L50, F|\n|poke|p1|Floette-Eternal, L50, F|\n|poke|p1|Sinistcha, L50|\n|poke|p1|Meowstic, L50, M|\n|poke|p1|Krookodile, L50, M|\n|poke|p1|Farigiraf, L50, M|\n|poke|p2|Charizard, L50, F|\n|poke|p2|Trevenant, L50, M|\n|poke|p2|Heliolisk, L50, M|\n|poke|p2|Sneasler, L50, M|\n|poke|p2|Aerodactyl, L50, F|\n|poke|p2|Excadrill, L50, M|\n|teampreview|4\n|c|\u2606Pazou<3|hf\n|c|\u2606vywxiwjxjwk|hf\n|\n|t:|1776169520\n|teamsize|p1|4\n|teamsize|p2|4\n|start\n|switch|p1a: Sneasler|Sneasler, L50, F|100/100\n|switch|p1b: Krookodile|Krookodile, L50, M|100/100\n|switch|p2a: Tonton Ren\u00e9|Excadrill, L50, M|100/100\n|switch|p2b: NONOPORNO???|Charizard, L50, F|100/100\n|-ability|p1b: Krookodile|Intimidate|boost\n|-unboost|p2a: Tonton Ren\u00e9|atk|1\n|-unboost|p2b: NONOPORNO???|atk|1\n|-ability|p2a: Tonton Ren\u00e9|Mold Breaker\n|turn|1\n|\n|t:|1776169541\n|detailschange|p2b: NONOPORNO???|Charizard-Mega-Y, L50, F\n|-mega|p2b: NONOPORNO???|Charizard|Charizardite Y\n|-weather|SunnyDay|[from] ability: Drought|[of] p2b: NONOPORNO???\n|move|p2b: NONOPORNO???|Protect|p2b: NONOPORNO???\n|-singleturn|p2b: NONOPORNO???|Protect\n|move|p1a: Sneasler|Fake Out|p2b: NONOPORNO???\n|-activate|p2b: NONOPORNO???|move: Protect\n|move|p1b: Krookodile|High Horsepower|p2a: Tonton Ren\u00e9|[miss]\n|-miss|p1b: Krookodile|p2a: Tonton Ren\u00e9\n|move|p2a: Tonton Ren\u00e9|Earthquake|p1b: Krookodile|[spread] p1a,p1b\n|-activate|p2b: NONOPORNO???|move: Protect\n|-supereffective|p1a: Sneasler|1\n|-damage|p1a: Sneasler|14/100\n|-damage|p1b: Krookodile|65/100\n|\n|-weather|SunnyDay|[upkeep]\n|upkeep\n|turn|2\n|\n|t:|1776169571\n|switch|p2b: mongoloide IV|Aerodactyl, L50, F|100/100\n|-ability|p2b: mongoloide IV|Unnerve\n|move|p1b: Krookodile|High Horsepower|p2a: Tonton Ren\u00e9\n|-supereffective|p2a: Tonton Ren\u00e9|1\n|-damage|p2a: Tonton Ren\u00e9|0 fnt\n|faint|p2a: Tonton Ren\u00e9\n|move|p1a: Sneasler|Rock Slide|p2b: mongoloide IV\n|-supereffective|p2b: mongoloide IV|1\n|-damage|p2b: mongoloide IV|14/100\n|\n|-weather|SunnyDay|[upkeep]\n|upkeep\n|c|\u2606Pazou<3|I\n|c|\u2606Pazou<3|miss\n|c|\u2606Pazou<3|clicked\n|c|\u2606Pazou<3|:(\n|\n|t:|1776169589\n|switch|p2a: NONOPORNO???|Charizard-Mega-Y, L50, F|100/100\n|turn|3\n|\n|t:|1776169614\n|switch|p1b: Meowstic|Meowstic, L50, M|100/100\n|move|p2b: mongoloide IV|Tailwind|p2b: mongoloide IV\n|-sidestart|p2: Pazou<3|move: Tailwind\n|move|p2a: NONOPORNO???|Heat Wave|p1b: Meowstic|[spread] p1a,p1b\n|-damage|p1a: Sneasler|0 fnt\n|-damage|p1b: Meowstic|34/100\n|faint|p1a: Sneasler\n|\n|-weather|SunnyDay|[upkeep]\n|upkeep\n|\n|t:|1776169617\n|switch|p1a: Krookodile|Krookodile, L50, M|65/100\n|-ability|p1a: Krookodile|Intimidate|boost\n|-unboost|p2a: NONOPORNO???|atk|1\n|-unboost|p2b: mongoloide IV|atk|1\n|turn|4\n|\n|t:|1776169658\n|move|p1b: Meowstic|Fake Out|p2a: NONOPORNO???\n|-damage|p2a: NONOPORNO???|93/100\n|move|p2b: mongoloide IV|Taunt|p1b: Meowstic\n|-start|p1b: Meowstic|move: Taunt\n|cant|p2a: NONOPORNO???|flinch\n|move|p1a: Krookodile|Rock Slide|p2a: NONOPORNO???|[spread] p2a,p2b\n|-supereffective|p2a: NONOPORNO???|2\n|-supereffective|p2b: mongoloide IV|1\n|-damage|p2a: NONOPORNO???|0 fnt\n|-damage|p2b: mongoloide IV|0 fnt\n|faint|p2a: NONOPORNO???\n|faint|p2b: mongoloide IV\n|\n|-weather|SunnyDay|[upkeep]\n|upkeep\n|\n|t:|1776169663\n|switch|p2a: cham|Sneasler, L50, M|100/100\n|turn|5\n|\n|t:|1776169680\n|move|p2a: cham|Dire Claw|p1b: Meowstic\n|-crit|p1b: Meowstic\n|-damage|p1b: Meowstic|0 fnt\n|faint|p1b: Meowstic\n|move|p1a: Krookodile|Rock Slide|p2a: cham|[miss]\n|-miss|p1a: Krookodile|p2a: cham\n|\n|-weather|none\n|upkeep\n|\n|t:|1776169683\n|switch|p1b: Farigiraf|Farigiraf, L50, M|100/100\n|turn|6\n|inactive|Battle timer is ON: inactive players will automatically lose when time's up. (requested by Pazou<3)\n|\n|t:|1776169693\n|move|p2a: cham|Dire Claw|p1b: Farigiraf\n|-damage|p1b: Farigiraf|65/100\n|move|p1a: Krookodile|Rock Slide|p2a: cham\n|-resisted|p2a: cham|1\n|-damage|p2a: cham|79/100\n|move|p1b: Farigiraf|Psychic|p2a: cham\n|-supereffective|p2a: cham|2\n|-damage|p2a: cham|0 fnt\n|faint|p2a: cham\n|\n|win|vywxiwjxjwk\n|raw|vywxiwjxjwk's rating: 1187 &rarr; <strong>1216</strong><br />(+29 for winning)\n|raw|Pazou&lt;3's rating: 1238 &rarr; <strong>1209</strong><br />(-29 for losing)\n|l|\u2606Pazou<3\n|player|p2|\n",
  "uploadtime": 1776169695,
  "views": 39,
  "formatid": "gen9championsvgc2026regma",
  "rating": 1209,
  "private": 0,
  "password": null
}