{
  "id": "gen9championsvgc2026regma-2587732111",
  "format": "[Gen 9 Champions] VGC 2026 Reg M-A",
  "players": [
    "rustychair13",
    "Wubba Dub Dub"
  ],
  "log": "|j|\u2606rustychair13\n|j|\u2606Wubba Dub Dub\n|t:|1776558401\n|gametype|doubles\n|player|p1|rustychair13|1|1559\n|player|p2|Wubba Dub Dub|n|1476\n|gen|9\n|tier|[Gen 9 Champions] VGC 2026 Reg M-A\n|rated|\n|rule|Species Clause: Limit one of each Pok\u00e9mon\n|rule|Item Clause: Limit 1 of each item\n|clearpoke\n|poke|p1|Meganium, L50, F|\n|poke|p1|Pelipper, L50, M, shiny|\n|poke|p1|Basculegion, L50, M|\n|poke|p1|Archaludon, L50, M|\n|poke|p1|Incineroar, L50, M|\n|poke|p1|Glimmora, L50, F, shiny|\n|poke|p2|Delphox, L50, F|\n|poke|p2|Sneasler, L50, F|\n|poke|p2|Kingambit, L50, F|\n|poke|p2|Basculegion, L50, M|\n|poke|p2|Garchomp, L50, F|\n|poke|p2|Whimsicott, L50, F|\n|teampreview|4\n|inactive|Battle timer is ON: inactive players will automatically lose when time's up. (requested by rustychair13)\n|j| jovic\n|inactive|Wubba Dub Dub has 60 seconds left.\n|inactive|Wubba Dub Dub has 30 seconds left.\n|\n|t:|1776558498\n|teamsize|p1|4\n|teamsize|p2|4\n|start\n|switch|p1a: Glimmora|Glimmora, L50, F, shiny|100/100\n|switch|p1b: Basculegion|Basculegion, L50, M|100/100\n|switch|p2a: Sneasler|Sneasler, L50, F|100/100\n|switch|p2b: Kingambit|Kingambit, L50, F|100/100\n|turn|1\n|inactive|rustychair13 has 30 seconds left.\n|inactive|Wubba Dub Dub has 30 seconds left.\n|inactive|rustychair13 has 20 seconds left.\n|inactive|rustychair13 has 15 seconds left.\n|\n|t:|1776558540\n|move|p2a: Sneasler|Fake Out|p1a: Glimmora\n|-resisted|p1a: Glimmora|1\n|-damage|p1a: Glimmora|93/100\n|-activate|p1a: Glimmora|ability: Toxic Debris\n|-sidestart|p2: Wubba Dub Dub|move: Toxic Spikes\n|move|p1b: Basculegion|Flip Turn|p2a: Sneasler\n|-damage|p2a: Sneasler|38/100\n|\n|t:|1776558549\n|switch|p1b: Archaludon|Archaludon, L50, M|100/100|[from] Flip Turn\n|cant|p1a: Glimmora|flinch\n|move|p2b: Kingambit|Swords Dance|p2b: Kingambit\n|-boost|p2b: Kingambit|atk|2\n|\n|upkeep\n|turn|2\n|inactive|rustychair13 has 30 seconds left.\n|\n|t:|1776558574\n|switch|p1b: Basculegion|Basculegion, L50, M|100/100\n|detailschange|p1a: Glimmora|Glimmora-Mega, L50, F, shiny\n|-mega|p1a: Glimmora|Glimmora|Glimmoranite\n|move|p2a: Sneasler|Close Combat|p1b: Basculegion\n|-immune|p1b: Basculegion\n|move|p1a: Glimmora|Earth Power|p2b: Kingambit\n|-supereffective|p2b: Kingambit|1\n|-damage|p2b: Kingambit|36/100\n|move|p2b: Kingambit|Kowtow Cleave|p1a: Glimmora\n|-damage|p1a: Glimmora|0 fnt\n|faint|p1a: Glimmora\n|\n|upkeep\n|\n|t:|1776558590\n|switch|p1a: Pelipper|Pelipper, L50, M, shiny|100/100\n|-weather|RainDance|[from] ability: Drizzle|[of] p1a: Pelipper\n|turn|3\n|\n|t:|1776558605\n|move|p1b: Basculegion|Aqua Jet|p2a: Sneasler\n|-damage|p2a: Sneasler|0 fnt\n|faint|p2a: Sneasler\n|move|p2b: Kingambit|Sucker Punch||[still]\n|-fail|p2b: Kingambit\n|move|p1a: Pelipper|Weather Ball|p2b: Kingambit\n|-damage|p2b: Kingambit|0 fnt\n|faint|p2b: Kingambit\n|\n|-weather|RainDance|[upkeep]\n|upkeep\n|\n|t:|1776558610\n|switch|p2a: Delphox|Delphox, L50, F|100/100\n|switch|p2b: Whimsicott|Whimsicott, L50, F|100/100\n|-status|p2b: Whimsicott|psn\n|-status|p2a: Delphox|psn\n|turn|4\n|inactive|Wubba Dub Dub has 30 seconds left.\n|\n|t:|1776558641\n|detailschange|p2a: Delphox|Delphox-Mega, L50, F\n|-mega|p2a: Delphox|Delphox|Delphoxite\n|move|p1b: Basculegion|Aqua Jet|p2a: Delphox\n|-supereffective|p2a: Delphox|1\n|-damage|p2a: Delphox|0 fnt\n|faint|p2a: Delphox\n|move|p2b: Whimsicott|Sunny Day|p2b: Whimsicott\n|-weather|SunnyDay\n|move|p1a: Pelipper|Tailwind|p1a: Pelipper\n|-sidestart|p1: rustychair13|move: Tailwind\n|\n|-weather|SunnyDay|[upkeep]\n|-damage|p2b: Whimsicott|88/100 psn|[from] psn\n|upkeep\n|turn|5\n|c|\u2606Wubba Dub Dub|gg wp\n|c|\u2606rustychair13|gg\n|c|\u2606Wubba Dub Dub|love playing against rain\n|c|\u2606Wubba Dub Dub|so fun\n|-message|Wubba Dub Dub forfeited.\n|\n|win|rustychair13\n|raw|rustychair13's rating: 1559 &rarr; <strong>1574</strong><br />(+15 for winning)\n|raw|Wubba Dub Dub's rating: 1476 &rarr; <strong>1461</strong><br />(-15 for losing)\n|l|\u2606Wubba Dub Dub\n|player|p2|\n|l|\u2606rustychair13\n|player|p1|\n|l| jovic\n",
  "uploadtime": 1776558707,
  "views": 19,
  "formatid": "gen9championsvgc2026regma",
  "rating": 1461,
  "private": 0,
  "password": null
}