{
  "id": "gen9championsvgc2026regma-2580630539",
  "format": "[Gen 9 Champions] VGC 2026 Reg M-A",
  "players": [
    "really wet lizard?",
    "user638468286"
  ],
  "log": "|j|\u203dreally wet lizard?\n|j|\u2606user638468286\n|t:|1775919643\n|gametype|doubles\n|player|p1|really wet lizard?|linebacker|1051\n|player|p2|user638468286|101|1032\n|gen|9\n|tier|[Gen 9 Champions] VGC 2026 Reg M-A\n|rated|\n|rule|Species Clause: Limit one of each Pok\u00e9mon\n|rule|Item Clause: Limit 1 of each item\n|clearpoke\n|poke|p1|Kommo-o, L50, F|\n|poke|p1|Floette-Eternal, L50, F|\n|poke|p1|Pelipper, L50, F|\n|poke|p1|Archaludon, L50, M|\n|poke|p1|Beartic, L50, F|\n|poke|p1|Incineroar, L50, F|\n|poke|p2|Scovillain, L50, M|\n|poke|p2|Conkeldurr, L50, M|\n|poke|p2|Sinistcha-Masterpiece, L50|\n|poke|p2|Sneasler, L50, F|\n|poke|p2|Milotic, L50, M|\n|poke|p2|Alcremie, L50, F|\n|teampreview|4\n|inactive|Battle timer is ON: inactive players will automatically lose when time's up. (requested by really wet lizard?)\n|inactive|user638468286 has 60 seconds left.\n|\n|t:|1775919679\n|teamsize|p1|4\n|teamsize|p2|4\n|start\n|switch|p1a: Kommo-o|Kommo-o, L50, F|100/100\n|switch|p1b: Floette|Floette-Eternal, L50, F|100/100\n|switch|p2a: Sneasler|Sneasler, L50, F|100/100\n|switch|p2b: Alcremie|Alcremie, L50, F|100/100\n|turn|1\n|inactive|really wet lizard? has 30 seconds left.\n|inactive|really wet lizard? has 20 seconds left.\n|\n|t:|1775919719\n|switch|p1b: Pelipper|Pelipper, L50, F|100/100\n|-weather|RainDance|[from] ability: Drizzle|[of] p1b: Pelipper\n|move|p2b: Alcremie|Dazzling Gleam|p1b: Pelipper|[spread] p1a,p1b\n|-supereffective|p1a: Kommo-o|2\n|-enditem|p1a: Kommo-o|Roseli Berry|[eat]\n|-enditem|p1a: Kommo-o|Roseli Berry|[weaken]\n|-damage|p1a: Kommo-o|43/100\n|-damage|p1b: Pelipper|77/100\n|move|p2a: Sneasler|Dire Claw|p1b: Pelipper\n|-damage|p1b: Pelipper|32/100\n|-status|p1b: Pelipper|slp\n|move|p1a: Kommo-o|Draco Meteor|p2a: Sneasler\n|-damage|p2a: Sneasler|45/100\n|-unboost|p1a: Kommo-o|spa|2\n|\n|-weather|RainDance|[upkeep]\n|upkeep\n|turn|2\n|inactive|really wet lizard? has 30 seconds left.\n|inactive|user638468286 has 30 seconds left.\n|inactive|really wet lizard? has 20 seconds left.\n|inactive|really wet lizard? has 15 seconds left.\n|inactive|user638468286 has 20 seconds left.\n|\n|t:|1775919762\n|move|p2b: Alcremie|Dazzling Gleam|p1a: Kommo-o|[spread] p1a,p1b\n|-supereffective|p1a: Kommo-o|2\n|-damage|p1a: Kommo-o|0 fnt\n|-damage|p1b: Pelipper|8/100 slp\n|faint|p1a: Kommo-o\n|move|p2a: Sneasler|Close Combat|p1b: Pelipper\n|-resisted|p1b: Pelipper|1\n|-damage|p1b: Pelipper|0 fnt\n|-unboost|p2a: Sneasler|def|1\n|-unboost|p2a: Sneasler|spd|1\n|faint|p1b: Pelipper\n|-enditem|p2a: Sneasler|White Herb\n|-clearnegativeboost|p2a: Sneasler|[silent]\n|\n|-weather|RainDance|[upkeep]\n|upkeep\n|\n|t:|1775919766\n|switch|p1a: Floette|Floette-Eternal, L50, F|100/100\n|switch|p1b: Archaludon|Archaludon, L50, M|100/100\n|turn|3\n|inactive|user638468286 has 30 seconds left.\n|\n|t:|1775919796\n|detailschange|p1a: Floette|Floette-Mega, L50, F\n|-mega|p1a: Floette|Floette|Floettite\n|-ability|p1a: Floette|Fairy Aura\n|move|p2a: Sneasler|Dire Claw|p1a: Floette\n|-supereffective|p1a: Floette|1\n|-damage|p1a: Floette|0 fnt\n|faint|p1a: Floette\n|move|p2b: Alcremie|Dazzling Gleam|p1b: Archaludon\n|-damage|p1b: Archaludon|47/100\n|-ability|p1b: Archaludon|Stamina|boost\n|-boost|p1b: Archaludon|def|1\n|move|p1b: Archaludon|Electro Shot||[still]\n|-prepare|p1b: Archaludon|Electro Shot\n|-boost|p1b: Archaludon|spa|1\n|-anim|p1b: Archaludon|Electro Shot|p2b: Alcremie\n|-damage|p2b: Alcremie|34/100\n|\n|-weather|RainDance|[upkeep]\n|upkeep\n|turn|4\n|inactive|really wet lizard? has 30 seconds left.\n|\n|t:|1775919825\n|move|p1b: Archaludon|Protect|p1b: Archaludon\n|-singleturn|p1b: Archaludon|Protect\n|move|p2a: Sneasler|Close Combat|p1b: Archaludon\n|-activate|p1b: Archaludon|move: Protect\n|move|p2b: Alcremie|Dazzling Gleam|p1b: Archaludon\n|-activate|p1b: Archaludon|move: Protect\n|\n|-weather|RainDance|[upkeep]\n|upkeep\n|turn|5\n|\n|t:|1775919835\n|move|p1b: Archaludon|Protect||[still]\n|-fail|p1b: Archaludon\n|move|p2a: Sneasler|Close Combat|p1b: Archaludon\n|-supereffective|p1b: Archaludon|1\n|-damage|p1b: Archaludon|0 fnt\n|-unboost|p2a: Sneasler|def|1\n|-unboost|p2a: Sneasler|spd|1\n|faint|p1b: Archaludon\n|\n|win|user638468286\n|raw|really wet lizard?'s rating: 1051 &rarr; <strong>1032</strong><br />(-19 for losing)\n|raw|user638468286's rating: 1032 &rarr; <strong>1069</strong><br />(+37 for winning)\n|l|\u203dreally wet lizard?\n|player|p1|\n",
  "uploadtime": 1775919842,
  "views": 19,
  "formatid": "gen9championsvgc2026regma",
  "rating": 1032,
  "private": 0,
  "password": null
}