{
  "id": "gen9championsvgc2026regma-2586024381",
  "format": "[Gen 9 Champions] VGC 2026 Reg M-A",
  "players": [
    "unkosoup",
    "CareePAN"
  ],
  "log": "|j|\u2606unkosoup\n|j|\u2606CareePAN\n|t:|1776391324\n|gametype|doubles\n|player|p1|unkosoup|elesa|1000\n|player|p2|CareePAN|baker|1000\n|gen|9\n|tier|[Gen 9 Champions] VGC 2026 Reg M-A\n|rated|\n|rule|Species Clause: Limit one of each Pok\u00e9mon\n|rule|Item Clause: Limit 1 of each item\n|clearpoke\n|poke|p1|Gengar, L50, F|\n|poke|p1|Incineroar, L50, M|\n|poke|p1|Pelipper, L50, F|\n|poke|p1|Sneasler, L50, M|\n|poke|p1|Mamoswine, L50, M|\n|poke|p1|Rotom-Wash, L50|\n|poke|p2|Gengar, L50, F|\n|poke|p2|Sinistcha, L50|\n|poke|p2|Basculegion, L50, M|\n|poke|p2|Incineroar, L50, M|\n|poke|p2|Garchomp, L50, M|\n|poke|p2|Sneasler, L50, M|\n|teampreview|4\n|\n|t:|1776391413\n|teamsize|p1|4\n|teamsize|p2|4\n|start\n|switch|p1a: Rotom|Rotom-Wash, L50|100/100\n|switch|p1b: Mamoswine|Mamoswine, L50, M|100/100\n|switch|p2a: Garchomp|Garchomp, L50, M|100/100\n|switch|p2b: Incineroar|Incineroar, L50, M|100/100\n|-ability|p2b: Incineroar|Intimidate|boost\n|-unboost|p1a: Rotom|atk|1\n|-unboost|p1b: Mamoswine|atk|1\n|turn|1\n|inactive|Battle timer is ON: inactive players will automatically lose when time's up. (requested by unkosoup)\n|\n|t:|1776391483\n|switch|p1a: Incineroar|Incineroar, L50, M|100/100\n|-ability|p1a: Incineroar|Intimidate|boost\n|-unboost|p2a: Garchomp|atk|1\n|-unboost|p2b: Incineroar|atk|1\n|-enditem|p2a: Garchomp|White Herb\n|-clearnegativeboost|p2a: Garchomp|[silent]\n|move|p1b: Mamoswine|Protect|p1b: Mamoswine\n|-singleturn|p1b: Mamoswine|Protect\n|move|p2b: Incineroar|Fake Out|p1b: Mamoswine\n|-activate|p1b: Mamoswine|move: Protect\n|move|p2a: Garchomp|Dragon Claw|p1a: Incineroar\n|-damage|p1a: Incineroar|66/100\n|\n|-heal|p1a: Incineroar|72/100|[from] item: Leftovers\n|upkeep\n|turn|2\n|inactive|unkosoup has 30 seconds left.\n|inactive|unkosoup has 20 seconds left.\n|inactive|unkosoup has 15 seconds left.\n|inactive|unkosoup has 10 seconds left.\n|\n|t:|1776391530\n|switch|p2a: Basculegion|Basculegion, L50, M|100/100\n|move|p1b: Mamoswine|Icicle Crash|p2a: Basculegion\n|-resisted|p2a: Basculegion|1\n|-damage|p2a: Basculegion|82/100\n|move|p2b: Incineroar|Flare Blitz|p1b: Mamoswine\n|-supereffective|p1b: Mamoswine|1\n|-damage|p1b: Mamoswine|52/100\n|-damage|p2b: Incineroar|83/100|[from] Recoil\n|move|p1a: Incineroar|Parting Shot|p2b: Incineroar\n|-unboost|p2b: Incineroar|atk|1\n|-unboost|p2b: Incineroar|spa|1\n|\n|t:|1776391548\n|switch|p1a: Rotom|Rotom-Wash, L50|100/100|[from] Parting Shot\n|\n|upkeep\n|turn|3\n|inactive|unkosoup has 30 seconds left.\n|\n|t:|1776391579\n|move|p1b: Mamoswine|Protect|p1b: Mamoswine\n|-singleturn|p1b: Mamoswine|Protect\n|move|p1a: Rotom|Electroweb|p2b: Incineroar|[spread] p2a,p2b\n|-supereffective|p2a: Basculegion|1\n|-damage|p2a: Basculegion|42/100\n|-damage|p2b: Incineroar|60/100\n|-unboost|p2a: Basculegion|spe|1\n|-unboost|p2b: Incineroar|spe|1\n|move|p2a: Basculegion|Wave Crash|p1b: Mamoswine\n|-activate|p1b: Mamoswine|move: Protect\n|move|p2b: Incineroar|Parting Shot|p1b: Mamoswine\n|-activate|p1b: Mamoswine|move: Protect\n|\n|upkeep\n|turn|4\n|inactive|unkosoup has 30 seconds left.\n|\n|t:|1776391613\n|move|p2b: Incineroar|Protect|p2b: Incineroar\n|-singleturn|p2b: Incineroar|Protect\n|move|p1b: Mamoswine|Ice Shard|p2a: Basculegion\n|-resisted|p2a: Basculegion|1\n|-damage|p2a: Basculegion|31/100\n|move|p1a: Rotom|Electroweb|p2b: Incineroar|[spread] p2a\n|-activate|p2b: Incineroar|move: Protect\n|-supereffective|p2a: Basculegion|1\n|-damage|p2a: Basculegion|0 fnt\n|faint|p2a: Basculegion\n|\n|upkeep\n|\n|t:|1776391631\n|switch|p2a: Gengar|Gengar, L50, F|100/100\n|turn|5\n|inactive|unkosoup has 30 seconds left.\n|\n|t:|1776391663\n|switch|p1b: Incineroar|Incineroar, L50, M|72/100\n|-ability|p1b: Incineroar|Intimidate|boost\n|-unboost|p2a: Gengar|atk|1\n|-unboost|p2b: Incineroar|atk|1\n|detailschange|p2a: Gengar|Gengar-Mega, L50, F\n|-mega|p2a: Gengar|Gengar|Gengarite\n|move|p1a: Rotom|Electroweb|p2b: Incineroar|[spread] p2a,p2b\n|-damage|p2a: Gengar|78/100\n|-damage|p2b: Incineroar|38/100\n|-unboost|p2a: Gengar|spe|1\n|-unboost|p2b: Incineroar|spe|1\n|-enditem|p2b: Incineroar|Sitrus Berry|[eat]\n|-heal|p2b: Incineroar|63/100|[from] item: Sitrus Berry\n|move|p2a: Gengar|Shadow Ball|p1b: Incineroar\n|-resisted|p1b: Incineroar|1\n|-damage|p1b: Incineroar|47/100\n|move|p2b: Incineroar|Flare Blitz|p1b: Incineroar\n|-resisted|p1b: Incineroar|1\n|-damage|p1b: Incineroar|38/100\n|-damage|p2b: Incineroar|59/100|[from] Recoil\n|\n|-heal|p1b: Incineroar|44/100|[from] item: Leftovers\n|upkeep\n|turn|6\n|inactive|unkosoup has 30 seconds left.\n|inactive|CareePAN has 30 seconds left.\n|\n|t:|1776391698\n|move|p2b: Incineroar|Protect|p2b: Incineroar\n|-singleturn|p2b: Incineroar|Protect\n|move|p1b: Incineroar|Fake Out|p2b: Incineroar\n|-activate|p2b: Incineroar|move: Protect\n|move|p1a: Rotom|Electroweb|p2a: Gengar|[spread] p2a\n|-activate|p2b: Incineroar|move: Protect\n|-damage|p2a: Gengar|52/100\n|-unboost|p2a: Gengar|spe|1\n|move|p2a: Gengar|Perish Song|p2a: Gengar\n|-start|p1a: Rotom|perish3|[silent]\n|-start|p1b: Incineroar|perish3|[silent]\n|-start|p2a: Gengar|perish3|[silent]\n|-start|p2b: Incineroar|perish3|[silent]\n|-fieldactivate|move: Perish Song\n|\n|-heal|p1b: Incineroar|50/100|[from] item: Leftovers\n|-start|p1a: Rotom|perish3\n|-start|p2a: Gengar|perish3\n|-start|p1b: Incineroar|perish3\n|-start|p2b: Incineroar|perish3\n|upkeep\n|turn|7\n|inactive|unkosoup has 30 seconds left.\n|inactive|CareePAN has 30 seconds left.\n|inactive|unkosoup has 20 seconds left.\n|inactive|unkosoup has 15 seconds left.\n|\n|t:|1776391741\n|move|p2a: Gengar|Protect|p2a: Gengar\n|-singleturn|p2a: Gengar|Protect\n|move|p1a: Rotom|Electroweb|p2b: Incineroar|[spread] p2b\n|-activate|p2a: Gengar|move: Protect\n|-damage|p2b: Incineroar|39/100\n|-unboost|p2b: Incineroar|spe|1\n|move|p1b: Incineroar|Parting Shot|p2b: Incineroar\n|-unboost|p2b: Incineroar|atk|1\n|-unboost|p2b: Incineroar|spa|1\n|\n|t:|1776391757\n|switch|p1b: Gengar|Gengar, L50, F|100/100|[from] Parting Shot\n|move|p2b: Incineroar|Parting Shot|p1a: Rotom\n|-unboost|p1a: Rotom|atk|1\n|-unboost|p1a: Rotom|spa|1\n|\n|t:|1776391764\n|switch|p2b: Garchomp|Garchomp, L50, M|100/100|[from] Parting Shot\n|\n|-start|p1a: Rotom|perish2\n|-start|p2a: Gengar|perish2\n|upkeep\n|turn|8\n|inactive|unkosoup has 30 seconds left.\n|inactive|CareePAN has 30 seconds left.\n|\n|t:|1776391798\n|switch|p2a: Incineroar|Incineroar, L50, M|39/100\n|-ability|p2a: Incineroar|Intimidate|boost\n|-unboost|p1a: Rotom|atk|1\n|-unboost|p1b: Gengar|atk|1\n|detailschange|p1b: Gengar|Gengar-Mega, L50, F\n|-mega|p1b: Gengar|Gengar|Gengarite\n|move|p1b: Gengar|Protect|p1b: Gengar\n|-singleturn|p1b: Gengar|Protect\n|move|p1a: Rotom|Electroweb|p2b: Garchomp|[spread] p2a\n|-immune|p2b: Garchomp\n|-damage|p2a: Incineroar|27/100\n|-unboost|p2a: Incineroar|spe|1\n|move|p2b: Garchomp|Earthquake|p1b: Gengar|[spread] p2a\n|-activate|p1b: Gengar|move: Protect\n|-immune|p1a: Rotom|[from] ability: Levitate\n|-supereffective|p2a: Incineroar|1\n|-damage|p2a: Incineroar|0 fnt\n|faint|p2a: Incineroar\n|\n|-start|p1a: Rotom|perish1\n|upkeep\n|l|\u2606CareePAN\n|inactive|CareePAN disconnected and has a minute to reconnect!\n|player|p2|\n|inactive|CareePAN has 30 seconds left.\n|inactive|CareePAN has 20 seconds left.\n|inactive|CareePAN has 15 seconds left.\n|inactive|CareePAN has 10 seconds left.\n|inactive|CareePAN has 5 seconds left.\n|-message|CareePAN lost due to inactivity.\n|\n|win|unkosoup\n|raw|unkosoup's rating: 1000 &rarr; <strong>1040</strong><br />(+40 for winning)\n|raw|CareePAN's rating: 1000 &rarr; <strong>1000</strong><br />(+0 for losing)\n|l|\u2606unkosoup\n|player|p1|\n|j|\u2606unkosoup\n|player|p1|unkosoup|elesa|\n|l|\u2606unkosoup\n|player|p1|\n|j|\u2606unkosoup\n|player|p1|unkosoup|elesa|\n",
  "uploadtime": 1776392476,
  "views": 18,
  "formatid": "gen9championsvgc2026regma",
  "rating": 1000,
  "private": 0,
  "password": null
}