{
  "id": "gen9championsvgc2026regma-2583018956",
  "format": "[Gen 9 Champions] VGC 2026 Reg M-A",
  "players": [
    "brauasonofGod",
    "iiSilverkx"
  ],
  "log": "|j|\u2606brauasonofGod\n|j|\u2606iiSilverkx\n|t:|1776133848\n|gametype|doubles\n|player|p1|brauasonofGod|169|1077\n|player|p2|iiSilverkx|miku-ground|1048\n|gen|9\n|tier|[Gen 9 Champions] VGC 2026 Reg M-A\n|rated|\n|rule|Species Clause: Limit one of each Pok\u00e9mon\n|rule|Item Clause: Limit 1 of each item\n|clearpoke\n|poke|p1|Dragapult, L50, M|\n|poke|p1|Corviknight, L50, M|\n|poke|p1|Floette-Eternal, L50, F|\n|poke|p1|Incineroar, L50, M|\n|poke|p1|Sneasler, L50, M|\n|poke|p1|Gengar, L50, F|\n|poke|p2|Hawlucha, L50, F|\n|poke|p2|Kingambit, L50, M|\n|poke|p2|Sinistcha, L50|\n|poke|p2|Incineroar, L50, M|\n|poke|p2|Excadrill, L50, M|\n|poke|p2|Volcarona, L50, F|\n|teampreview|4\n|inactive|Battle timer is ON: inactive players will automatically lose when time's up. (requested by iiSilverkx)\niiSilverkx rejected open team sheets.\n|inactive|brauasonofGod has 60 seconds left.\n|\n|t:|1776133893\n|teamsize|p1|4\n|teamsize|p2|4\n|start\n|switch|p1a: Sneasler|Sneasler, L50, M|100/100\n|switch|p1b: Floette|Floette-Eternal, L50, F|100/100\n|switch|p2a: \u30b9\u30c8\u30ec\u30f3\u30b0\u30b9|Hawlucha, L50, F|100/100\n|switch|p2b: \u592a\u967d|Volcarona, L50, F|100/100\n|turn|1\n|\n|t:|1776133908\n|detailschange|p1b: Floette|Floette-Mega, L50, F\n|-mega|p1b: Floette|Floette|Floettite\n|-ability|p1b: Floette|Fairy Aura\n|move|p2a: \u30b9\u30c8\u30ec\u30f3\u30b0\u30b9|Protect|p2a: \u30b9\u30c8\u30ec\u30f3\u30b0\u30b9\n|-singleturn|p2a: \u30b9\u30c8\u30ec\u30f3\u30b0\u30b9|Protect\n|move|p1a: Sneasler|Fake Out|p2a: \u30b9\u30c8\u30ec\u30f3\u30b0\u30b9\n|-activate|p2a: \u30b9\u30c8\u30ec\u30f3\u30b0\u30b9|move: Protect\n|move|p1b: Floette|Calm Mind|p1b: Floette\n|-boost|p1b: Floette|spa|1\n|-boost|p1b: Floette|spd|1\n|move|p2b: \u592a\u967d|Tailwind|p2b: \u592a\u967d\n|-sidestart|p2: iiSilverkx|move: Tailwind\n|\n|upkeep\n|turn|2\n|\n|t:|1776133922\n|switch|p2b: \u30b6\u30fb\u30d5\u30fc\u30eb|Excadrill, L50, M|100/100\n|-ability|p2b: \u30b6\u30fb\u30d5\u30fc\u30eb|Mold Breaker\n|detailschange|p2a: \u30b9\u30c8\u30ec\u30f3\u30b0\u30b9|Hawlucha-Mega, L50, F\n|-mega|p2a: \u30b9\u30c8\u30ec\u30f3\u30b0\u30b9|Hawlucha|Hawluchanite\n|move|p1b: Floette|Protect|p1b: Floette\n|-singleturn|p1b: Floette|Protect\n|move|p2a: \u30b9\u30c8\u30ec\u30f3\u30b0\u30b9|Entrainment|p2b: \u30b6\u30fb\u30d5\u30fc\u30eb\n|-ability|p2b: \u30b6\u30fb\u30d5\u30fc\u30eb|No Guard|Mold Breaker|[from] move: Entrainment|[of] p2a: \u30b9\u30c8\u30ec\u30f3\u30b0\u30b9\n|move|p1a: Sneasler|Dire Claw|p2a: \u30b9\u30c8\u30ec\u30f3\u30b0\u30b9\n|-damage|p2a: \u30b9\u30c8\u30ec\u30f3\u30b0\u30b9|56/100\n|\n|upkeep\n|turn|3\n|\n|t:|1776133945\n|switch|p1b: Corviknight|Corviknight, L50, M|100/100\n|move|p2a: \u30b9\u30c8\u30ec\u30f3\u30b0\u30b9|Brave Bird|p1a: Sneasler\n|-supereffective|p1a: Sneasler|1\n|-crit|p1a: Sneasler\n|-damage|p1a: Sneasler|0 fnt\n|faint|p1a: Sneasler\n|-damage|p2a: \u30b9\u30c8\u30ec\u30f3\u30b0\u30b9|25/100|[from] Recoil\n|move|p2b: \u30b6\u30fb\u30d5\u30fc\u30eb|Fissure|p1b: Corviknight\n|-immune|p1b: Corviknight\n|\n|upkeep\n|\n|t:|1776133958\n|switch|p1a: Floette|Floette-Mega, L50, F|100/100\n|-ability|p1a: Floette|Fairy Aura\n|turn|4\n|\n|t:|1776133969\n|move|p1a: Floette|Protect|p1a: Floette\n|-singleturn|p1a: Floette|Protect\n|move|p1b: Corviknight|Protect|p1b: Corviknight\n|-singleturn|p1b: Corviknight|Protect\n|move|p2a: \u30b9\u30c8\u30ec\u30f3\u30b0\u30b9|High Jump Kick|p1b: Corviknight\n|-activate|p1b: Corviknight|move: Protect\n|-damage|p2a: \u30b9\u30c8\u30ec\u30f3\u30b0\u30b9|0 fnt|[from] highjumpkick\n|faint|p2a: \u30b9\u30c8\u30ec\u30f3\u30b0\u30b9\n|move|p2b: \u30b6\u30fb\u30d5\u30fc\u30eb|Fissure|p1a: Floette\n|-activate|p1a: Floette|move: Protect\n|\n|-sideend|p2: iiSilverkx|move: Tailwind\n|upkeep\n|\n|t:|1776133973\n|switch|p2a: \u30b8\u30e3\u30c3\u30b8\u30e1\u30f3\u30c8|Incineroar, L50, M|100/100\n|-ability|p2a: \u30b8\u30e3\u30c3\u30b8\u30e1\u30f3\u30c8|Intimidate|boost\n|-unboost|p1a: Floette|atk|1\n|-ability|p1b: Corviknight|Mirror Armor\n|-unboost|p2a: \u30b8\u30e3\u30c3\u30b8\u30e1\u30f3\u30c8|atk|1\n|turn|5\n|inactive|brauasonofGod has 30 seconds left.\n|\n|t:|1776134005\n|move|p2a: \u30b8\u30e3\u30c3\u30b8\u30e1\u30f3\u30c8|Fake Out|p1a: Floette\n|-damage|p1a: Floette|84/100\n|cant|p1a: Floette|flinch\n|move|p2b: \u30b6\u30fb\u30d5\u30fc\u30eb|Fissure|p1a: Floette\n|-damage|p1a: Floette|0 fnt\n|faint|p1a: Floette\n|-ohko\n|move|p1b: Corviknight|Body Press|p2b: \u30b6\u30fb\u30d5\u30fc\u30eb\n|-supereffective|p2b: \u30b6\u30fb\u30d5\u30fc\u30eb|1\n|-damage|p2b: \u30b6\u30fb\u30d5\u30fc\u30eb|44/100\n|\n|upkeep\n|\n|t:|1776134009\n|switch|p1a: Gengar|Gengar, L50, F|100/100\n|turn|6\n|inactive|iiSilverkx has 30 seconds left.\n|\n|t:|1776134045\n|move|p1a: Gengar|Shadow Ball|p2b: \u30b6\u30fb\u30d5\u30fc\u30eb\n|-damage|p2b: \u30b6\u30fb\u30d5\u30fc\u30eb|0 fnt\n|faint|p2b: \u30b6\u30fb\u30d5\u30fc\u30eb\n|move|p1b: Corviknight|Body Press|p2a: \u30b8\u30e3\u30c3\u30b8\u30e1\u30f3\u30c8\n|-supereffective|p2a: \u30b8\u30e3\u30c3\u30b8\u30e1\u30f3\u30c8|1\n|-damage|p2a: \u30b8\u30e3\u30c3\u30b8\u30e1\u30f3\u30c8|62/100\n|move|p2a: \u30b8\u30e3\u30c3\u30b8\u30e1\u30f3\u30c8|Darkest Lariat|p1a: Gengar\n|-supereffective|p1a: Gengar|1\n|-damage|p1a: Gengar|0 fnt\n|faint|p1a: Gengar\n|\n|upkeep\n|\n|t:|1776134049\n|switch|p2b: \u592a\u967d|Volcarona, L50, F|100/100\n|turn|7\n|-message|brauasonofGod forfeited.\n|\n|win|iiSilverkx\n|raw|brauasonofGod's rating: 1077 &rarr; <strong>1054</strong><br />(-23 for losing)\n|raw|iiSilverkx's rating: 1048 &rarr; <strong>1084</strong><br />(+36 for winning)\n|l|\u2606brauasonofGod\n|player|p1|\n",
  "uploadtime": 1776134168,
  "views": 13,
  "formatid": "gen9championsvgc2026regma",
  "rating": 1054,
  "private": 0,
  "password": null
}