{
  "id": "gen9championsvgc2026regma-2588490790",
  "format": "[Gen 9 Champions] VGC 2026 Reg M-A",
  "players": [
    "strawberry_fondue",
    "Pepepta24"
  ],
  "log": "|j|\u2606strawberry_fondue\n|j|\u2606Pepepta24\n|t:|1776638284\n|gametype|doubles\n|player|p1|strawberry_fondue|265|1161\n|player|p2|Pepepta24|drayden|1202\n|gen|9\n|tier|[Gen 9 Champions] VGC 2026 Reg M-A\n|rated|\n|rule|Species Clause: Limit one of each Pok\u00e9mon\n|rule|Item Clause: Limit 1 of each item\n|clearpoke\n|poke|p1|Samurott-Hisui, L50, M|\n|poke|p1|Clefable, L50, F|\n|poke|p1|Talonflame, L50, F|\n|poke|p1|Chimecho, L50, F|\n|poke|p1|Garchomp, L50, M|\n|poke|p1|Dragapult, L50, M|\n|poke|p2|Meganium, L50, F|\n|poke|p2|Tauros-Paldea-Aqua, L50, M|\n|poke|p2|Kangaskhan, L50, F|\n|poke|p2|Aerodactyl, L50, M|\n|poke|p2|Archaludon, L50, M|\n|poke|p2|Typhlosion-Hisui, L50, M|\n|teampreview|4\n|\n|t:|1776638340\n|teamsize|p1|4\n|teamsize|p2|4\n|start\n|switch|p1a: Chimecho|Chimecho, L50, F|100/100\n|switch|p1b: Garchomp|Garchomp, L50, M|100/100\n|switch|p2a: Aerodactyl|Aerodactyl, L50, M|100/100\n|switch|p2b: Meganium|Meganium, L50, F|100/100\n|-ability|p2a: Aerodactyl|Unnerve\n|turn|1\n|\n|t:|1776638375\n|detailschange|p2b: Meganium|Meganium-Mega, L50, F\n|-mega|p2b: Meganium|Meganium|Meganiumite\n|detailschange|p1a: Chimecho|Chimecho-Mega, L50, F\n|-mega|p1a: Chimecho|Chimecho|Chimechite\n|move|p1b: Garchomp|Protect|p1b: Garchomp\n|-singleturn|p1b: Garchomp|Protect\n|move|p2a: Aerodactyl|Tailwind|p2a: Aerodactyl\n|-sidestart|p2: Pepepta24|move: Tailwind\n|move|p2b: Meganium|Dazzling Gleam|p1b: Garchomp|[spread] p1a\n|-activate|p1b: Garchomp|move: Protect\n|-resisted|p1a: Chimecho|1\n|-damage|p1a: Chimecho|86/100\n|move|p1a: Chimecho|Flash Cannon|p2b: Meganium\n|-supereffective|p2b: Meganium|1\n|-damage|p2b: Meganium|19/100\n|\n|upkeep\n|turn|2\n|\n|t:|1776638408\n|move|p2a: Aerodactyl|Rock Slide|p1b: Garchomp|[spread] p1a,p1b\n|-resisted|p1a: Chimecho|1\n|-resisted|p1b: Garchomp|1\n|-damage|p1a: Chimecho|75/100\n|-damage|p1b: Garchomp|89/100\n|move|p2b: Meganium|Weather Ball|p1a: Chimecho\n|-supereffective|p1a: Chimecho|1\n|-damage|p1a: Chimecho|0 fnt\n|faint|p1a: Chimecho\n|cant|p1b: Garchomp|flinch\n|\n|upkeep\n|\n|t:|1776638420\n|switch|p1a: Samurott|Samurott-Hisui, L50, M|100/100\n|turn|3\n|\n|t:|1776638434\n|move|p2a: Aerodactyl|Rock Slide|p1a: Samurott|[spread] p1a,p1b\n|-resisted|p1b: Garchomp|1\n|-damage|p1a: Samurott|69/100\n|-damage|p1b: Garchomp|75/100\n|move|p1a: Samurott|X-Scissor|p2b: Meganium\n|-damage|p2b: Meganium|0 fnt\n|faint|p2b: Meganium\n|cant|p1b: Garchomp|flinch\n|\n|upkeep\n|\n|t:|1776638450\n|switch|p2b: Archaludon|Archaludon, L50, M|100/100\n|turn|4\n|\n|t:|1776638465\n|switch|p1a: Dragapult|Dragapult, L50, M|100/100\n|move|p2a: Aerodactyl|Rock Slide|p1b: Garchomp|[spread] p1a,p1b\n|-resisted|p1b: Garchomp|1\n|-damage|p1a: Dragapult|64/100\n|-damage|p1b: Garchomp|61/100\n|move|p2b: Archaludon|Thunderbolt|p1a: Dragapult\n|-resisted|p1a: Dragapult|1\n|-crit|p1a: Dragapult\n|-damage|p1a: Dragapult|29/100\n|cant|p1b: Garchomp|flinch\n|\n|-sideend|p2: Pepepta24|move: Tailwind\n|upkeep\n|turn|5\n|\n|t:|1776638490\n|move|p1a: Dragapult|Will-O-Wisp|p2b: Archaludon\n|-status|p2b: Archaludon|brn\n|move|p2a: Aerodactyl|Tailwind|p2a: Aerodactyl\n|-sidestart|p2: Pepepta24|move: Tailwind\n|move|p2b: Archaludon|Dragon Pulse|p1a: Dragapult\n|-supereffective|p1a: Dragapult|1\n|-damage|p1a: Dragapult|0 fnt\n|faint|p1a: Dragapult\n|move|p1b: Garchomp|Rock Slide|p2a: Aerodactyl|[spread] p2b\n|-miss|p1b: Garchomp|p2a: Aerodactyl\n|-resisted|p2b: Archaludon|1\n|-crit|p2b: Archaludon\n|-damage|p2b: Archaludon|88/100 brn\n|\n|-heal|p2b: Archaludon|94/100 brn|[from] item: Leftovers\n|-damage|p2b: Archaludon|88/100 brn|[from] brn\n|upkeep\n|\n|t:|1776638504\n|switch|p1a: Samurott|Samurott-Hisui, L50, M|69/100\n|turn|6\n|\n|t:|1776638517\n|move|p2a: Aerodactyl|Rock Slide|p1a: Samurott|[spread] p1a,p1b\n|-resisted|p1b: Garchomp|1\n|-damage|p1a: Samurott|36/100\n|-damage|p1b: Garchomp|48/100\n|move|p2b: Archaludon|Thunderbolt|p1a: Samurott\n|-supereffective|p1a: Samurott|1\n|-damage|p1a: Samurott|0 fnt\n|faint|p1a: Samurott\n|move|p1b: Garchomp|Rock Slide|p2a: Aerodactyl|[spread] p2a\n|-miss|p1b: Garchomp|p2b: Archaludon\n|-supereffective|p2a: Aerodactyl|1\n|-damage|p2a: Aerodactyl|32/100\n|\n|-heal|p2b: Archaludon|94/100 brn|[from] item: Leftovers\n|-damage|p2b: Archaludon|88/100 brn|[from] brn\n|upkeep\n|turn|7\n|-message|strawberry_fondue forfeited.\n|\n|win|Pepepta24\n|raw|strawberry_fondue's rating: 1161 &rarr; <strong>1139</strong><br />(-22 for losing)\n|raw|Pepepta24's rating: 1202 &rarr; <strong>1224</strong><br />(+22 for winning)\n|l|\u2606strawberry_fondue\n|player|p1|\n",
  "uploadtime": 1776638552,
  "views": 11,
  "formatid": "gen9championsvgc2026regma",
  "rating": 1139,
  "private": 0,
  "password": null
}