{
  "id": "gen9championsvgc2026regma-2585188000",
  "format": "[Gen 9 Champions] VGC 2026 Reg M-A",
  "players": [
    "eewrreds",
    "colourwolf"
  ],
  "log": "|j|\u2606eewrreds\n|j|\u2606colourwolf\n|t:|1776322706\n|gametype|doubles\n|player|p1|eewrreds|ghetsis-gen5bw|1084\n|player|p2|colourwolf|101|1168\n|gen|9\n|tier|[Gen 9 Champions] VGC 2026 Reg M-A\n|rated|\n|rule|Species Clause: Limit one of each Pok\u00e9mon\n|rule|Item Clause: Limit 1 of each item\n|clearpoke\n|poke|p1|Zoroark-Hisui, L50, M|\n|poke|p1|Milotic, L50, F|\n|poke|p1|Clefable, L50, F|\n|poke|p1|Kingambit, L50, M|\n|poke|p1|Delphox, L50, F|\n|poke|p1|Dragonite, L50, M|\n|poke|p2|Meganium, L50, F|\n|poke|p2|Farigiraf, L50, M|\n|poke|p2|Milotic, L50, F|\n|poke|p2|Incineroar, L50, F|\n|poke|p2|Garchomp, L50, F|\n|poke|p2|Sneasler, L50, M|\n|teampreview|4\n|inactive|Battle timer is ON: inactive players will automatically lose when time's up. (requested by eewrreds)\n|\n|t:|1776322730\n|teamsize|p1|4\n|teamsize|p2|4\n|start\n|switch|p1a: Kingambit|Kingambit, L50, M|100/100\n|switch|p1b: Milotic|Milotic, L50, F|100/100\n|switch|p2a: Milotic|Milotic, L50, F|100/100\n|switch|p2b: Garchomp|Garchomp, L50, F|100/100\n|turn|1\n|\n|t:|1776322745\n|move|p1a: Kingambit|Protect|p1a: Kingambit\n|-singleturn|p1a: Kingambit|Protect\n|move|p2b: Garchomp|Protect|p2b: Garchomp\n|-singleturn|p2b: Garchomp|Protect\n|move|p1b: Milotic|Icy Wind|p2a: Milotic|[spread] p2a\n|-activate|p2b: Garchomp|move: Protect\n|-resisted|p2a: Milotic|1\n|-damage|p2a: Milotic|97/100\n|-unboost|p2a: Milotic|spe|1\n|-ability|p2a: Milotic|Competitive|boost\n|-boost|p2a: Milotic|spa|2\n|move|p2a: Milotic|Scald|p1a: Kingambit\n|-activate|p1a: Kingambit|move: Protect\n|\n|-heal|p2a: Milotic|100/100|[from] item: Leftovers\n|upkeep\n|turn|2\n|inactive|colourwolf has 30 seconds left.\n|inactive|eewrreds has 30 seconds left.\n|\n|t:|1776322776\n|move|p1a: Kingambit|Hyper Voice|p2b: Garchomp|[spread] p2a,p2b\n|-damage|p2a: Milotic|72/100\n|-damage|p2b: Garchomp|61/100\n|move|p2b: Garchomp|Dragon Claw|p1b: Milotic\n|-damage|p1b: Milotic|67/100\n|move|p1b: Milotic|Icy Wind|p2a: Milotic|[spread] p2a,p2b\n|-resisted|p2a: Milotic|1\n|-supereffective|p2b: Garchomp|2\n|-damage|p2a: Milotic|69/100\n|-damage|p2b: Garchomp|17/100\n|-unboost|p2a: Milotic|spe|1\n|-ability|p2a: Milotic|Competitive|boost\n|-boost|p2a: Milotic|spa|2\n|-unboost|p2b: Garchomp|spe|1\n|move|p2a: Milotic|Scald|p1a: Kingambit\n|-enditem|p1a: Kingambit|Focus Sash\n|-damage|p1a: Kingambit|1/100\n|replace|p1a: Zoroark|Zoroark-Hisui, L50, M, shiny\n|-end|p1a: Zoroark|Illusion\n|\n|-heal|p1b: Milotic|73/100|[from] item: Leftovers\n|-heal|p2a: Milotic|75/100|[from] item: Leftovers\n|upkeep\n|turn|3\n|inactive|colourwolf has 30 seconds left.\n|inactive|colourwolf has 20 seconds left.\n|inactive|colourwolf has 15 seconds left.\n|inactive|colourwolf has 10 seconds left.\n|\n|t:|1776322823\n|move|p2b: Garchomp|Protect|p2b: Garchomp\n|-singleturn|p2b: Garchomp|Protect\n|move|p1a: Zoroark|Hyper Voice|p2a: Milotic|[spread] p2a\n|-activate|p2b: Garchomp|move: Protect\n|-damage|p2a: Milotic|48/100\n|move|p1b: Milotic|Muddy Water|p2b: Garchomp|[spread] p2a\n|-activate|p2b: Garchomp|move: Protect\n|-resisted|p2a: Milotic|1\n|-damage|p2a: Milotic|39/100\n|-unboost|p2a: Milotic|accuracy|1\n|-ability|p2a: Milotic|Competitive|boost\n|-boost|p2a: Milotic|spa|2\n|move|p2a: Milotic|Icy Wind|p1a: Zoroark|[spread] p1b\n|-miss|p2a: Milotic|p1a: Zoroark\n|-resisted|p1b: Milotic|1\n|-damage|p1b: Milotic|53/100\n|-unboost|p1b: Milotic|spe|1\n|-ability|p1b: Milotic|Competitive|boost\n|-boost|p1b: Milotic|spa|2\n|\n|-heal|p1b: Milotic|59/100|[from] item: Leftovers\n|-heal|p2a: Milotic|45/100|[from] item: Leftovers\n|upkeep\n|turn|4\n|inactive|eewrreds has 30 seconds left.\n|\n|t:|1776322848\n|switch|p2b: Incineroar|Incineroar, L50, F|100/100\n|-ability|p2b: Incineroar|Intimidate|boost\n|-unboost|p1a: Zoroark|atk|1\n|-unboost|p1b: Milotic|atk|1\n|-ability|p1b: Milotic|Competitive|boost\n|-boost|p1b: Milotic|spa|2\n|move|p1a: Zoroark|Hyper Voice|p2b: Incineroar|[spread] p2a,p2b\n|-damage|p2a: Milotic|16/100\n|-damage|p2b: Incineroar|63/100\n|move|p1b: Milotic|Muddy Water|p2a: Milotic|[spread] p2a,p2b\n|-resisted|p2a: Milotic|1\n|-supereffective|p2b: Incineroar|1\n|-damage|p2a: Milotic|0 fnt\n|-damage|p2b: Incineroar|0 fnt\n|faint|p2a: Milotic\n|faint|p2b: Incineroar\n|\n|-heal|p1b: Milotic|65/100|[from] item: Leftovers\n|upkeep\n|\n|t:|1776322854\n|switch|p2a: Meganium|Meganium, L50, F|100/100\n|switch|p2b: Garchomp|Garchomp, L50, F|17/100\n|turn|5\n|-message|colourwolf forfeited.\n|\n|win|eewrreds\n|raw|eewrreds's rating: 1084 &rarr; <strong>1118</strong><br />(+34 for winning)\n|raw|colourwolf's rating: 1168 &rarr; <strong>1137</strong><br />(-31 for losing)\n|l|\u2606colourwolf\n|player|p2|\n",
  "uploadtime": 1776322861,
  "views": 21,
  "formatid": "gen9championsvgc2026regma",
  "rating": 1118,
  "private": 0,
  "password": null
}