{
  "id": "gen9championsvgc2026regma-2583310679",
  "format": "[Gen 9 Champions] VGC 2026 Reg M-A",
  "players": [
    "soundless_wind",
    "Lord of Yes"
  ],
  "log": "|j|\u2606soundless_wind\n|j|\u203dLord of Yes\n|t:|1776165695\n|gametype|doubles\n|player|p1|soundless_wind|dragontamer|1236\n|player|p2|Lord of Yes|sailor|1245\n|gen|9\n|tier|[Gen 9 Champions] VGC 2026 Reg M-A\n|rated|\n|rule|Species Clause: Limit one of each Pok\u00e9mon\n|rule|Item Clause: Limit 1 of each item\n|clearpoke\n|poke|p1|Farigiraf, L50, F|\n|poke|p1|Incineroar, L50, M|\n|poke|p1|Torkoal, L50, M|\n|poke|p1|Crabominable, L50, M|\n|poke|p1|Rhyperior, L50, M|\n|poke|p1|Torterra, L50, M|\n|poke|p2|Basculegion, L50, M|\n|poke|p2|Manectric, L50, F|\n|poke|p2|Pelipper, L50, M|\n|poke|p2|Sneasler, L50, M|\n|poke|p2|Mamoswine, L50, F|\n|poke|p2|Oranguru, L50, M|\n|teampreview|4\n|inactive|Battle timer is ON: inactive players will automatically lose when time's up. (requested by soundless_wind)\n|\n|t:|1776165739\n|teamsize|p1|4\n|teamsize|p2|4\n|start\n|switch|p1a: Farigiraf|Farigiraf, L50, F|100/100\n|switch|p1b: Incineroar|Incineroar, L50, M|100/100\n|switch|p2a: Oranguru|Oranguru, L50, M|100/100\n|switch|p2b: Mamoswine|Mamoswine, L50, F|100/100\n|-ability|p1b: Incineroar|Intimidate|boost\n|-fail|p2a: Oranguru|unboost|Attack|[from] ability: Inner Focus|[of] p2a: Oranguru\n|-fail|p2b: Mamoswine|unboost|Attack|[from] ability: Oblivious|[of] p2b: Mamoswine\n|turn|1\n|\n|t:|1776165753\n|move|p1b: Incineroar|Fake Out|p2a: Oranguru\n|-damage|p2a: Oranguru|88/100\n|move|p2b: Mamoswine|High Horsepower|p1b: Incineroar\n|-supereffective|p1b: Incineroar|1\n|-damage|p1b: Incineroar|2/100\n|-enditem|p1b: Incineroar|Sitrus Berry|[eat]\n|-heal|p1b: Incineroar|27/100|[from] item: Sitrus Berry\n|move|p2a: Oranguru|Imprison|p2a: Oranguru\n|-start|p2a: Oranguru|move: Imprison\n|cant|p1a: Farigiraf|move: Imprison|Trick Room\n|\n|upkeep\n|turn|2\n|inactive|soundless_wind has 30 seconds left.\n|\n|t:|1776165784\n|move|p2b: Mamoswine|High Horsepower|p1b: Incineroar\n|-supereffective|p1b: Incineroar|1\n|-damage|p1b: Incineroar|0 fnt\n|faint|p1b: Incineroar\n|move|p2a: Oranguru|Instruct|p2b: Mamoswine\n|-singleturn|p2b: Mamoswine|move: Instruct|[of] p2a: Oranguru\n|move|p2b: Mamoswine|High Horsepower|p1a: Farigiraf\n|-damage|p1a: Farigiraf|40/100\n|move|p1a: Farigiraf|Psychic|p2b: Mamoswine\n|-damage|p2b: Mamoswine|37/100\n|\n|upkeep\n|\n|t:|1776165801\n|switch|p1b: Crabominable|Crabominable, L50, M|100/100\n|turn|3\n|\n|t:|1776165812\n|detailschange|p1b: Crabominable|Crabominable-Mega, L50, M\n|-mega|p1b: Crabominable|Crabominable|Crabominite\n|move|p2b: Mamoswine|High Horsepower|p1b: Crabominable\n|-damage|p1b: Crabominable|60/100\n|move|p2a: Oranguru|Instruct|p2b: Mamoswine\n|-singleturn|p2b: Mamoswine|move: Instruct|[of] p2a: Oranguru\n|move|p2b: Mamoswine|High Horsepower|p1b: Crabominable\n|-damage|p1b: Crabominable|22/100\n|move|p1a: Farigiraf|Wish|p1a: Farigiraf\n|move|p1b: Crabominable|Drain Punch|p2b: Mamoswine\n|-supereffective|p2b: Mamoswine|1\n|-crit|p2b: Mamoswine\n|-damage|p2b: Mamoswine|0 fnt\n|-heal|p1b: Crabominable|43/100|[from] drain|[of] p2b: Mamoswine\n|faint|p2b: Mamoswine\n|\n|upkeep\n|\n|t:|1776165829\n|switch|p2b: Pelipper|Pelipper, L50, M|100/100\n|-weather|RainDance|[from] ability: Drizzle|[of] p2b: Pelipper\n|turn|4\n|\n|t:|1776165848\n|switch|p1a: Torkoal|Torkoal, L50, M|100/100\n|-weather|SunnyDay|[from] ability: Drought|[of] p1a: Torkoal\n|move|p2b: Pelipper|Weather Ball|p1b: Crabominable\n|-supereffective|p1b: Crabominable|1\n|-damage|p1b: Crabominable|0 fnt\n|faint|p1b: Crabominable\n|move|p2a: Oranguru|Instruct|p2b: Pelipper\n|-singleturn|p2b: Pelipper|move: Instruct|[of] p2a: Oranguru\n|move|p2b: Pelipper|Weather Ball|p1a: Torkoal\n|-resisted|p1a: Torkoal|1\n|-damage|p1a: Torkoal|62/100\n|\n|-weather|SunnyDay|[upkeep]\n|-heal|p1a: Torkoal|100/100|[from] move: Wish|[wisher] Farigiraf\n|upkeep\n|\n|t:|1776165865\n|switch|p1b: Farigiraf|Farigiraf, L50, F|40/100\n|turn|5\n|inactive|soundless_wind has 30 seconds left.\n|\n|t:|1776165893\n|move|p2b: Pelipper|Weather Ball|p1b: Farigiraf\n|-damage|p1b: Farigiraf|0 fnt\n|faint|p1b: Farigiraf\n|move|p2a: Oranguru|Instruct|p2b: Pelipper\n|-singleturn|p2b: Pelipper|move: Instruct|[of] p2a: Oranguru\n|move|p2b: Pelipper|Weather Ball|p1a: Torkoal\n|-resisted|p1a: Torkoal|1\n|-damage|p1a: Torkoal|65/100\n|move|p1a: Torkoal|Heat Wave|p2a: Oranguru|[spread] p2a,p2b\n|-resisted|p2b: Pelipper|1\n|-damage|p2a: Oranguru|48/100\n|-damage|p2b: Pelipper|52/100\n|\n|-weather|SunnyDay|[upkeep]\n|upkeep\n|turn|6\n|\n|t:|1776165909\n|move|p2b: Pelipper|Weather Ball|p1a: Torkoal\n|-resisted|p1a: Torkoal|1\n|-damage|p1a: Torkoal|26/100\n|move|p2a: Oranguru|Instruct|p2b: Pelipper\n|-singleturn|p2b: Pelipper|move: Instruct|[of] p2a: Oranguru\n|move|p2b: Pelipper|Weather Ball|p1a: Torkoal\n|-resisted|p1a: Torkoal|1\n|-damage|p1a: Torkoal|0 fnt\n|faint|p1a: Torkoal\n|\n|win|Lord of Yes\n|raw|soundless_wind's rating: 1236 &rarr; <strong>1212</strong><br />(-24 for losing)\n|raw|Lord of Yes's rating: 1245 &rarr; <strong>1269</strong><br />(+24 for winning)\n|l|\u2606soundless_wind\n|player|p1|\n",
  "uploadtime": 1776165918,
  "views": 42,
  "formatid": "gen9championsvgc2026regma",
  "rating": 1212,
  "private": 0,
  "password": null
}