{
  "id": "gen9championsvgc2026regma-2586020857",
  "format": "[Gen 9 Champions] VGC 2026 Reg M-A",
  "players": [
    "TroolyGhoulie",
    "ragtagbags"
  ],
  "log": "|j|\u2606TroolyGhoulie\n|j|\u2606ragtagbags\n|t:|1776390986\n|gametype|doubles\n|player|p1|TroolyGhoulie|mina|1108\n|player|p2|ragtagbags|will|1150\n|gen|9\n|tier|[Gen 9 Champions] VGC 2026 Reg M-A\n|rated|\n|rule|Species Clause: Limit one of each Pok\u00e9mon\n|rule|Item Clause: Limit 1 of each item\n|clearpoke\n|poke|p1|Garbodor, L50, M|\n|poke|p1|Maushold, L50|\n|poke|p1|Sneasler, L50, F|\n|poke|p1|Sinistcha, L50|\n|poke|p1|Archaludon, L50, F|\n|poke|p1|Froslass, L50, F|\n|poke|p2|Incineroar, L50, M|\n|poke|p2|Whimsicott, L50, F|\n|poke|p2|Sneasler, L50, F|\n|poke|p2|Meowstic-F, L50, F|\n|poke|p2|Drampa, L50, M|\n|poke|p2|Basculegion, L50, M|\n|teampreview|4\n|inactive|Battle timer is ON: inactive players will automatically lose when time's up. (requested by ragtagbags)\n|l|\u2606ragtagbags\n|inactive|ragtagbags disconnected and has a minute to reconnect!\n|player|p2|\n|inactive|ragtagbags has 30 seconds to reconnect!\n|inactive|ragtagbags has 20 seconds to reconnect!\n|j|\u2606ragtagbags\n|inactive|ragtagbags reconnected and has 35 seconds left.\n|player|p2|ragtagbags|will|\n|inactive|ragtagbags has 30 seconds left.\n|\n|t:|1776391052\n|teamsize|p1|4\n|teamsize|p2|4\n|start\n|switch|p1a: Sneasler|Sneasler, L50, F|100/100\n|switch|p1b: Maushold|Maushold, L50|100/100\n|switch|p2a: Drampa|Drampa, L50, M, shiny|100/100\n|switch|p2b: The Ler|Sneasler, L50, F, shiny|100/100\n|-ability|p1a: Sneasler|Pressure\n|-ability|p2a: Drampa|Cloud Nine\n|turn|1\n|\n|t:|1776391067\n|switch|p1b: Garbodor|Garbodor, L50, M|100/100\n|switch|p2a: Basculegion|Basculegion, L50, M|100/100\n|move|p2b: The Ler|Fake Out|p1b: Garbodor\n|-damage|p1b: Garbodor|84/100\n|-ability|p1b: Garbodor|Weak Armor|boost\n|-unboost|p1b: Garbodor|def|1\n|-boost|p1b: Garbodor|spe|2\n|-enditem|p1b: Garbodor|White Herb\n|-clearnegativeboost|p1b: Garbodor|[silent]\n|move|p1a: Sneasler|Coaching|p1b: Garbodor\n|-boost|p1b: Garbodor|atk|1\n|-boost|p1b: Garbodor|def|1\n|\n|upkeep\n|turn|2\n|inactive|ragtagbags has 30 seconds left.\n|inactive|TroolyGhoulie has 30 seconds left.\n|\n|t:|1776391103\n|switch|p2a: Incineroar|Incineroar, L50, M|100/100\n|-ability|p2a: Incineroar|Intimidate|boost\n|-unboost|p1a: Sneasler|atk|1\n|-unboost|p1b: Garbodor|atk|1\n|switch|p2b: Drampa|Drampa, L50, M, shiny|100/100\n|-ability|p2b: Drampa|Cloud Nine\n|move|p1b: Garbodor|Seed Bomb|p2a: Incineroar\n|-resisted|p2a: Incineroar|1\n|-damage|p2a: Incineroar|88/100\n|move|p1a: Sneasler|Coaching|p1b: Garbodor\n|-boost|p1b: Garbodor|atk|1\n|-boost|p1b: Garbodor|def|1\n|\n|upkeep\n|turn|3\n|\n|t:|1776391126\n|detailschange|p2b: Drampa|Drampa-Mega, L50, M, shiny\n|-mega|p2b: Drampa|Drampa|Drampanite\n|move|p2a: Incineroar|Fake Out|p1a: Sneasler\n|-damage|p1a: Sneasler|81/100\n|move|p1b: Garbodor|Gunk Shot|p2b: Drampa\n|-damage|p2b: Drampa|21/100\n|-status|p2b: Drampa|psn\n|-ability|p2b: Drampa|Berserk|boost\n|-boost|p2b: Drampa|spa|1\n|cant|p1a: Sneasler|flinch\n|move|p2b: Drampa|Hyper Voice|p1b: Garbodor|[spread] p1a,p1b\n|-damage|p1a: Sneasler|0 fnt\n|-damage|p1b: Garbodor|9/100\n|faint|p1a: Sneasler\n|\n|-damage|p2b: Drampa|9/100 psn|[from] psn\n|upkeep\n|\n|t:|1776391130\n|switch|p1a: Sinistcha|Sinistcha, L50|100/100\n|-heal|p1b: Garbodor|34/100|[from] ability: Hospitality|[of] p1a: Sinistcha\n|turn|4\n|\n|t:|1776391147\n|move|p1b: Garbodor|Stomping Tantrum|p2a: Incineroar\n|-supereffective|p2a: Incineroar|1\n|-damage|p2a: Incineroar|24/100\n|-enditem|p2a: Incineroar|Sitrus Berry|[eat]\n|-heal|p2a: Incineroar|49/100|[from] item: Sitrus Berry\n|move|p1a: Sinistcha|Matcha Gotcha|p2a: Incineroar|[spread] p2b\n|-miss|p1a: Sinistcha|p2a: Incineroar\n|-resisted|p2b: Drampa|1\n|-damage|p2b: Drampa|0 fnt\n|faint|p2b: Drampa\n|move|p2a: Incineroar|Flare Blitz|p1a: Sinistcha\n|-supereffective|p1a: Sinistcha|1\n|-enditem|p1a: Sinistcha|Occa Berry|[eat]\n|-enditem|p1a: Sinistcha|Occa Berry|[weaken]\n|-damage|p1a: Sinistcha|67/100\n|-damage|p2a: Incineroar|39/100|[from] Recoil\n|\n|upkeep\n|\n|t:|1776391157\n|switch|p2b: The Ler|Sneasler, L50, F, shiny|100/100\n|turn|5\n|\n|t:|1776391173\n|move|p1b: Garbodor|Protect|p1b: Garbodor\n|-singleturn|p1b: Garbodor|Protect\n|move|p2b: The Ler|Fake Out|p1b: Garbodor\n|-activate|p1b: Garbodor|move: Protect\n|move|p1a: Sinistcha|Shadow Ball|p2b: The Ler\n|-damage|p2b: The Ler|55/100\n|move|p2a: Incineroar|Flare Blitz|p1a: Sinistcha\n|-supereffective|p1a: Sinistcha|1\n|-damage|p1a: Sinistcha|2/100\n|-damage|p2a: Incineroar|20/100|[from] Recoil\n|\n|upkeep\n|turn|6\n|\n|t:|1776391198\n|move|p1a: Sinistcha|Rage Powder|p1a: Sinistcha\n|-singleturn|p1a: Sinistcha|move: Rage Powder\n|move|p1b: Garbodor|Stomping Tantrum|p2b: The Ler\n|-supereffective|p2b: The Ler|1\n|-damage|p2b: The Ler|0 fnt\n|faint|p2b: The Ler\n|move|p2a: Incineroar|Parting Shot|p1a: Sinistcha\n|-unboost|p1a: Sinistcha|atk|1\n|-unboost|p1a: Sinistcha|spa|1\n|\n|t:|1776391202\n|switch|p2a: Basculegion|Basculegion, L50, M|100/100|[from] Parting Shot\n|\n|upkeep\n|\n|t:|1776391204\n|switch|p2b: Incineroar|Incineroar, L50, M|20/100\n|-ability|p2b: Incineroar|Intimidate|boost\n|-unboost|p1a: Sinistcha|atk|1\n|-unboost|p1b: Garbodor|atk|1\n|turn|7\n|\n|t:|1776391218\n|move|p2b: Incineroar|Fake Out|p1b: Garbodor\n|-damage|p1b: Garbodor|27/100\n|-ability|p1b: Garbodor|Weak Armor|boost\n|-unboost|p1b: Garbodor|def|1\n|-boost|p1b: Garbodor|spe|2\n|move|p1a: Sinistcha|Rage Powder|p1a: Sinistcha\n|-singleturn|p1a: Sinistcha|move: Rage Powder\n|cant|p1b: Garbodor|flinch\n|move|p2a: Basculegion|Last Respects|p1a: Sinistcha\n|-supereffective|p1a: Sinistcha|1\n|-damage|p1a: Sinistcha|0 fnt\n|faint|p1a: Sinistcha\n|\n|upkeep\n|\n|t:|1776391221\n|switch|p1a: Maushold|Maushold, L50|100/100\n|turn|8\n|\n|t:|1776391237\n|move|p1a: Maushold|Follow Me|p1a: Maushold\n|-singleturn|p1a: Maushold|move: Follow Me\n|move|p1b: Garbodor|Stomping Tantrum|p2b: Incineroar\n|-supereffective|p2b: Incineroar|1\n|-damage|p2b: Incineroar|0 fnt\n|faint|p2b: Incineroar\n|move|p2a: Basculegion|Last Respects|p1a: Maushold\n|-immune|p1a: Maushold\n|\n|upkeep\n|turn|9\n|\n|t:|1776391244\n|move|p1a: Maushold|Follow Me|p1a: Maushold\n|-singleturn|p1a: Maushold|move: Follow Me\n|move|p1b: Garbodor|Seed Bomb|p2a: Basculegion\n|-supereffective|p2a: Basculegion|1\n|-damage|p2a: Basculegion|43/100\n|move|p2a: Basculegion|Last Respects|p1a: Maushold\n|-immune|p1a: Maushold\n|\n|upkeep\n|turn|10\n|c|\u2606TroolyGhoulie|gg wp\n|\n|t:|1776391250\n|move|p1a: Maushold|Follow Me|p1a: Maushold\n|-singleturn|p1a: Maushold|move: Follow Me\n|move|p1b: Garbodor|Seed Bomb|p2a: Basculegion\n|-supereffective|p2a: Basculegion|1\n|-crit|p2a: Basculegion\n|-damage|p2a: Basculegion|0 fnt\n|faint|p2a: Basculegion\n|\n|win|TroolyGhoulie\n|raw|TroolyGhoulie's rating: 1108 &rarr; <strong>1136</strong><br />(+28 for winning)\n|raw|ragtagbags's rating: 1150 &rarr; <strong>1122</strong><br />(-28 for losing)\n|l|\u2606ragtagbags\n|player|p2|\n",
  "uploadtime": 1776391252,
  "views": 48,
  "formatid": "gen9championsvgc2026regma",
  "rating": 1122,
  "private": 0,
  "password": null
}