{
  "id": "gen9championsvgc2026regma-2586573342",
  "format": "[Gen 9 Champions] VGC 2026 Reg M-A",
  "players": [
    "soaringpegasus",
    "Arschkopf"
  ],
  "log": "|j|\u2606soaringpegasus\n|j|\u2606Arschkopf\n|t:|1776444044\n|gametype|doubles\n|player|p1|soaringpegasus|backpacker|1068\n|player|p2|Arschkopf|n|1000\n|gen|9\n|tier|[Gen 9 Champions] VGC 2026 Reg M-A\n|rated|\n|rule|Species Clause: Limit one of each Pok\u00e9mon\n|rule|Item Clause: Limit 1 of each item\n|clearpoke\n|poke|p1|Tyranitar, L50, M|\n|poke|p1|Excadrill, L50, M|\n|poke|p1|Arcanine-Hisui, L50, M|\n|poke|p1|Sinistcha-Masterpiece, L50|\n|poke|p1|Chandelure, L50, M|\n|poke|p1|Araquanid, L50, F|\n|poke|p2|Tyranitar, L50, F|\n|poke|p2|Excadrill, L50, M|\n|poke|p2|Incineroar, L50, M|\n|poke|p2|Garchomp, L50, M|\n|poke|p2|Gardevoir, L50, F|\n|poke|p2|Gyarados, L50, F|\n|teampreview|4\n|inactive|Battle timer is ON: inactive players will automatically lose when time's up. (requested by soaringpegasus)\nArschkopf has agreed to open team sheets.\n|\n|t:|1776444074\n|teamsize|p1|4\n|teamsize|p2|4\n|start\n|switch|p1a: Sinistcha|Sinistcha-Masterpiece, L50|100/100\n|switch|p1b: Chandelure|Chandelure, L50, M|100/100\n|switch|p2a: Tyranitar|Tyranitar, L50, F, shiny|100/100\n|switch|p2b: Excadrill|Excadrill, L50, M, shiny|100/100\n|-weather|Sandstorm|[from] ability: Sand Stream|[of] p2a: Tyranitar\n|turn|1\n|\n|t:|1776444097\n|switch|p1b: Arcanine|Arcanine-Hisui, L50, M|100/100\n|-ability|p1b: Arcanine|Intimidate|boost\n|-unboost|p2a: Tyranitar|atk|1\n|-unboost|p2b: Excadrill|atk|1\n|detailschange|p2a: Tyranitar|Tyranitar-Mega, L50, F, shiny\n|-mega|p2a: Tyranitar|Tyranitar|Tyranitarite\n|move|p2b: Excadrill|Rock Slide|p1a: Sinistcha|[spread] p1b\n|-miss|p2b: Excadrill|p1a: Sinistcha\n|-supereffective|p1b: Arcanine|1\n|-damage|p1b: Arcanine|72/100\n|move|p2a: Tyranitar|Knock Off|p1a: Sinistcha\n|-supereffective|p1a: Sinistcha|1\n|-damage|p1a: Sinistcha|23/100\n|-enditem|p1a: Sinistcha|Sitrus Berry|[from] move: Knock Off|[of] p2a: Tyranitar\n|move|p1a: Sinistcha|Matcha Gotcha|p2a: Tyranitar|[spread] p2a,p2b\n|-supereffective|p2a: Tyranitar|1\n|-damage|p2a: Tyranitar|76/100\n|-heal|p1a: Sinistcha|36/100|[from] drain|[of] p2a: Tyranitar\n|-damage|p2b: Excadrill|68/100\n|-heal|p1a: Sinistcha|54/100|[from] drain|[of] p2b: Excadrill\n|-status|p2a: Tyranitar|brn\n|\n|-weather|Sandstorm|[upkeep]\n|-damage|p1a: Sinistcha|48/100|[from] Sandstorm\n|-damage|p2a: Tyranitar|70/100 brn|[from] brn\n|upkeep\n|turn|2\n|inactive|soaringpegasus has 30 seconds left.\n|inactive|Arschkopf has 30 seconds left.\n|\n|t:|1776444129\n|move|p2a: Tyranitar|Protect|p2a: Tyranitar\n|-singleturn|p2a: Tyranitar|Protect\n|move|p2b: Excadrill|Earthquake|p1a: Sinistcha|[spread] p1a,p1b\n|-activate|p2a: Tyranitar|move: Protect\n|-resisted|p1a: Sinistcha|1\n|-supereffective|p1b: Arcanine|2\n|-damage|p1a: Sinistcha|36/100\n|-damage|p1b: Arcanine|0 fnt\n|faint|p1b: Arcanine\n|move|p1a: Sinistcha|Matcha Gotcha|p2a: Tyranitar|[spread] p2b\n|-activate|p2a: Tyranitar|move: Protect\n|-damage|p2b: Excadrill|36/100\n|-heal|p1a: Sinistcha|53/100|[from] drain|[of] p2b: Excadrill\n|\n|-weather|Sandstorm|[upkeep]\n|-damage|p1a: Sinistcha|47/100|[from] Sandstorm\n|-damage|p2a: Tyranitar|64/100 brn|[from] brn\n|upkeep\n|\n|t:|1776444146\n|switch|p1b: Chandelure|Chandelure, L50, M|100/100\n|turn|3\n|\n|t:|1776444161\n|detailschange|p1b: Chandelure|Chandelure-Mega, L50, M\n|-mega|p1b: Chandelure|Chandelure|Chandelurite\n|move|p2b: Excadrill|Earthquake|p1a: Sinistcha|[spread] p2a,p1a,p1b\n|-supereffective|p2a: Tyranitar|1\n|-resisted|p1a: Sinistcha|1\n|-supereffective|p1b: Chandelure|1\n|-damage|p2a: Tyranitar|24/100 brn\n|-damage|p1a: Sinistcha|34/100\n|-damage|p1b: Chandelure|42/100\n|move|p2a: Tyranitar|Rock Slide|p1a: Sinistcha|[spread] p1a,p1b\n|-supereffective|p1b: Chandelure|1\n|-damage|p1a: Sinistcha|23/100\n|-damage|p1b: Chandelure|18/100\n|move|p1b: Chandelure|Flamethrower|p2b: Excadrill\n|-supereffective|p2b: Excadrill|1\n|-damage|p2b: Excadrill|0 fnt\n|faint|p2b: Excadrill\n|cant|p1a: Sinistcha|flinch\n|\n|-weather|Sandstorm|[upkeep]\n|-damage|p1b: Chandelure|12/100|[from] Sandstorm\n|-damage|p1a: Sinistcha|17/100|[from] Sandstorm\n|-damage|p2a: Tyranitar|17/100 brn|[from] brn\n|upkeep\n|\n|t:|1776444182\n|switch|p2b: Gyarados|Gyarados, L50, F, shiny|100/100\n|-ability|p2b: Gyarados|Intimidate|boost\n|-unboost|p1a: Sinistcha|atk|1\n|-unboost|p1b: Chandelure|atk|1\n|turn|4\n|\n|t:|1776444191\n|switch|p1a: Tyranitar|Tyranitar, L50, M|100/100\n|move|p1b: Chandelure|Protect|p1b: Chandelure\n|-singleturn|p1b: Chandelure|Protect\n|move|p2b: Gyarados|Waterfall|p1b: Chandelure\n|-activate|p1b: Chandelure|move: Protect\n|move|p2a: Tyranitar|Rock Slide|p1a: Tyranitar|[spread] p1a\n|-activate|p1b: Chandelure|move: Protect\n|-damage|p1a: Tyranitar|90/100\n|\n|-weather|Sandstorm|[upkeep]\n|-damage|p2b: Gyarados|95/100|[from] Sandstorm\n|-damage|p1b: Chandelure|6/100|[from] Sandstorm\n|-damage|p2a: Tyranitar|11/100 brn|[from] brn\n|upkeep\n|turn|5\n|inactive|soaringpegasus has 30 seconds left.\n|\n|t:|1776444217\n|switch|p1b: Sinistcha|Sinistcha-Masterpiece, L50|17/100\n|-heal|p1a: Tyranitar|100/100|[from] ability: Hospitality|[of] p1b: Sinistcha\n|move|p2b: Gyarados|Protect|p2b: Gyarados\n|-singleturn|p2b: Gyarados|Protect\n|move|p2a: Tyranitar|Knock Off|p1a: Tyranitar\n|-resisted|p1a: Tyranitar|1\n|-damage|p1a: Tyranitar|95/100\n|move|p1a: Tyranitar|Thunder Punch|p2b: Gyarados\n|-activate|p2b: Gyarados|move: Protect\n|\n|-weather|none\n|-damage|p2a: Tyranitar|5/100 brn|[from] brn\n|upkeep\n|turn|6\n|\n|t:|1776444235\n|move|p1b: Sinistcha|Rage Powder|p1b: Sinistcha\n|-singleturn|p1b: Sinistcha|move: Rage Powder\n|move|p2b: Gyarados|Waterfall|p1b: Sinistcha\n|-resisted|p1b: Sinistcha|1\n|-damage|p1b: Sinistcha|1/100\n|move|p2a: Tyranitar|Knock Off|p1b: Sinistcha\n|-supereffective|p1b: Sinistcha|1\n|-damage|p1b: Sinistcha|0 fnt\n|faint|p1b: Sinistcha\n|move|p1a: Tyranitar|Thunder Punch|p2b: Gyarados\n|-supereffective|p2b: Gyarados|2\n|-damage|p2b: Gyarados|0 fnt\n|faint|p2b: Gyarados\n|\n|-damage|p2a: Tyranitar|0 fnt|[from] brn\n|faint|p2a: Tyranitar\n|upkeep\n|\n|t:|1776444243\n|switch|p2b: Gardevoir|Gardevoir, L50, F, shiny|100/100\n|switch|p1b: Chandelure|Chandelure-Mega, L50, M|6/100\n|turn|7\n|\n|t:|1776444258\n|move|p1b: Chandelure|Protect|p1b: Chandelure\n|-singleturn|p1b: Chandelure|Protect\n|move|p1a: Tyranitar|Protect|p1a: Tyranitar\n|-singleturn|p1a: Tyranitar|Protect\n|move|p2b: Gardevoir|Grass Knot|p1b: Chandelure\n|-activate|p1b: Chandelure|move: Protect\n|\n|upkeep\n|turn|8\n|\n|t:|1776444272\n|move|p2b: Gardevoir|Grass Knot|p1a: Tyranitar\n|-supereffective|p1a: Tyranitar|1\n|-damage|p1a: Tyranitar|29/100\n|move|p1b: Chandelure|Flamethrower|p2b: Gardevoir\n|-damage|p2b: Gardevoir|40/100\n|move|p1a: Tyranitar|Ice Punch|p2b: Gardevoir\n|-damage|p2b: Gardevoir|0 fnt\n|faint|p2b: Gardevoir\n|\n|win|soaringpegasus\n|raw|soaringpegasus's rating: 1068 &rarr; <strong>1092</strong><br />(+24 for winning)\n|raw|Arschkopf's rating: 1000 &rarr; <strong>1000</strong><br />(+0 for losing)\n|l|\u2606Arschkopf\n|player|p2|\n|c|\u2606soaringpegasus|gg\n",
  "uploadtime": 1776444452,
  "views": 33,
  "formatid": "gen9championsvgc2026regma",
  "rating": 1000,
  "private": 0,
  "password": null
}