{
  "id": "gen9championsvgc2026regma-2587571293",
  "format": "[Gen 9 Champions] VGC 2026 Reg M-A",
  "players": [
    "CHUCHUSMOTE",
    "xhooorxhi"
  ],
  "log": "|j|\u2606CHUCHUSMOTE\n|j|\u2606xhooorxhi\n|t:|1776543269\n|gametype|doubles\n|player|p1|CHUCHUSMOTE|byron|1143\n|player|p2|xhooorxhi|pokemonbreeder-gen4|1167\n|gen|9\n|tier|[Gen 9 Champions] VGC 2026 Reg M-A\n|rated|\n|rule|Species Clause: Limit one of each Pok\u00e9mon\n|rule|Item Clause: Limit 1 of each item\n|clearpoke\n|poke|p1|Starmie, L50|\n|poke|p1|Aegislash, L50, M|\n|poke|p1|Sneasler, L50, M|\n|poke|p1|Pelipper, L50, M|\n|poke|p1|Archaludon, L50, M|\n|poke|p1|Maushold, L50|\n|poke|p2|Sneasler, L50, M|\n|poke|p2|Chimecho, L50, M|\n|poke|p2|Alcremie, L50, F|\n|poke|p2|Maushold, L50|\n|poke|p2|Farigiraf, L50, F|\n|poke|p2|Incineroar, L50, F|\n|teampreview|4\n|inactive|Battle timer is ON: inactive players will automatically lose when time's up. (requested by xhooorxhi)\n|\n|t:|1776543298\n|teamsize|p1|4\n|teamsize|p2|4\n|start\n|switch|p1a: Pelipper|Pelipper, L50, M|100/100\n|switch|p1b: Archaludon|Archaludon, L50, M|100/100\n|switch|p2a: Chimecho|Chimecho, L50, M|100/100\n|switch|p2b: Sneasler|Sneasler, L50, M|100/100\n|-weather|RainDance|[from] ability: Drizzle|[of] p1a: Pelipper\n|turn|1\n|\n|t:|1776543314\n|move|p2b: Sneasler|Fake Out|p1a: Pelipper\n|-damage|p1a: Pelipper|79/100\n|cant|p1a: Pelipper|flinch\n|move|p1b: Archaludon|Electro Shot||[still]\n|-prepare|p1b: Archaludon|Electro Shot\n|-boost|p1b: Archaludon|spa|1\n|-anim|p1b: Archaludon|Electro Shot|p2a: Chimecho\n|-damage|p2a: Chimecho|26/100\n|move|p2a: Chimecho|Cosmic Power|p2a: Chimecho\n|-boost|p2a: Chimecho|def|1\n|-boost|p2a: Chimecho|spd|1\n|\n|-weather|RainDance|[upkeep]\n|upkeep\n|turn|2\n|\n|t:|1776543328\n|detailschange|p2a: Chimecho|Chimecho-Mega, L50, M\n|-mega|p2a: Chimecho|Chimecho|Chimechite\n|move|p2b: Sneasler|Close Combat|p1b: Archaludon\n|-supereffective|p1b: Archaludon|1\n|-damage|p1b: Archaludon|0 fnt\n|-unboost|p2b: Sneasler|def|1\n|-unboost|p2b: Sneasler|spd|1\n|faint|p1b: Archaludon\n|-enditem|p2b: Sneasler|White Herb\n|-clearnegativeboost|p2b: Sneasler|[silent]\n|move|p1a: Pelipper|Tailwind|p1a: Pelipper\n|-sidestart|p1: CHUCHUSMOTE|move: Tailwind\n|move|p2a: Chimecho|Recover|p2a: Chimecho\n|-heal|p2a: Chimecho|76/100\n|\n|-weather|RainDance|[upkeep]\n|upkeep\n|\n|t:|1776543342\n|switch|p1b: Starmie|Starmie, L50|100/100\n|turn|3\n|\n|t:|1776543362\n|detailschange|p1b: Starmie|Starmie-Mega, L50\n|-mega|p1b: Starmie|Starmie|Starminite\n|move|p2b: Sneasler|Gunk Shot|p1a: Pelipper\n|-damage|p1a: Pelipper|0 fnt\n|faint|p1a: Pelipper\n|move|p1b: Starmie|Liquidation|p2a: Chimecho\n|-damage|p2a: Chimecho|3/100\n|-unboost|p2a: Chimecho|def|1\n|move|p2a: Chimecho|Recover|p2a: Chimecho\n|-heal|p2a: Chimecho|53/100\n|\n|-weather|RainDance|[upkeep]\n|upkeep\n|\n|t:|1776543372\n|switch|p1a: Maushold|Maushold, L50|100/100\n|turn|4\n|\n|t:|1776543384\n|move|p1a: Maushold|Follow Me|p1a: Maushold\n|-singleturn|p1a: Maushold|move: Follow Me\n|move|p1b: Starmie|Liquidation|p2a: Chimecho\n|-damage|p2a: Chimecho|0 fnt\n|faint|p2a: Chimecho\n|move|p2b: Sneasler|Close Combat|p1a: Maushold\n|-supereffective|p1a: Maushold|1\n|-enditem|p1a: Maushold|Chople Berry|[eat]\n|-enditem|p1a: Maushold|Chople Berry|[weaken]\n|-damage|p1a: Maushold|8/100\n|-unboost|p2b: Sneasler|def|1\n|-unboost|p2b: Sneasler|spd|1\n|\n|-weather|RainDance|[upkeep]\n|upkeep\n|\n|t:|1776543394\n|switch|p2a: Maushold|Maushold, L50|100/100\n|turn|5\n|\n|t:|1776543410\n|move|p2b: Sneasler|Protect|p2b: Sneasler\n|-singleturn|p2b: Sneasler|Protect\n|move|p1a: Maushold|Super Fang|p2b: Sneasler\n|-activate|p2b: Sneasler|move: Protect\n|move|p1b: Starmie|Psycho Cut|p2b: Sneasler\n|-activate|p2b: Sneasler|move: Protect\n|move|p2a: Maushold|Super Fang|p1b: Starmie\n|-damage|p1b: Starmie|51/100\n|\n|-weather|none\n|-sideend|p1: CHUCHUSMOTE|move: Tailwind\n|upkeep\n|turn|6\n|-message|CHUCHUSMOTE forfeited.\n|\n|win|xhooorxhi\n|raw|CHUCHUSMOTE's rating: 1143 &rarr; <strong>1120</strong><br />(-23 for losing)\n|raw|xhooorxhi's rating: 1167 &rarr; <strong>1190</strong><br />(+23 for winning)\n|l|\u2606CHUCHUSMOTE\n|player|p1|\n",
  "uploadtime": 1776543985,
  "views": 16,
  "formatid": "gen9championsvgc2026regma",
  "rating": 1120,
  "private": 0,
  "password": null
}