{
  "id": "gen9championsvgc2026regma-2588636096",
  "format": "[Gen 9 Champions] VGC 2026 Reg M-A",
  "players": [
    "the bags12",
    "riku797vgc5"
  ],
  "log": "|j|\u2606the bags12\n|j|\u2606riku797vgc5\n|t:|1776652387\n|gametype|doubles\n|player|p1|the bags12|falkner|1262\n|player|p2|riku797vgc5|1|1257\n|gen|9\n|tier|[Gen 9 Champions] VGC 2026 Reg M-A\n|rated|\n|rule|Species Clause: Limit one of each Pok\u00e9mon\n|rule|Item Clause: Limit 1 of each item\n|clearpoke\n|poke|p1|Garchomp, L50, M, shiny|\n|poke|p1|Whimsicott, L50, M, shiny|\n|poke|p1|Sneasler, L50, M, shiny|\n|poke|p1|Aerodactyl, L50, M, shiny|\n|poke|p1|Scizor, L50, M, shiny|\n|poke|p1|Dragapult, L50, M, shiny|\n|poke|p2|Charizard, L50, F|\n|poke|p2|Floette-Eternal, L50, F|\n|poke|p2|Garchomp, L50, F|\n|poke|p2|Heliolisk, L50, F|\n|poke|p2|Sneasler, L50, F|\n|poke|p2|Aerodactyl, L50, M|\n|teampreview|4\n|inactive|Battle timer is ON: inactive players will automatically lose when time's up. (requested by the bags12)\n|inactive|riku797vgc5 has 60 seconds left.\n|\n|t:|1776652425\n|teamsize|p1|4\n|teamsize|p2|4\n|start\n|switch|p1a: Chumps|Garchomp, L50, M, shiny|100/100\n|switch|p1b: Aerodactyl|Aerodactyl, L50, M, shiny|100/100\n|switch|p2a: Aerodactyl|Aerodactyl, L50, M|100/100\n|switch|p2b: Sneasler|Sneasler, L50, F|100/100\n|-ability|p2a: Aerodactyl|Unnerve\n|-ability|p1b: Aerodactyl|Unnerve\n|turn|1\n|\n|t:|1776652450\n|move|p2b: Sneasler|Fake Out|p1b: Aerodactyl\n|-resisted|p1b: Aerodactyl|1\n|-damage|p1b: Aerodactyl|89/100\n|move|p2a: Aerodactyl|Tailwind|p2a: Aerodactyl\n|-sidestart|p2: riku797vgc5|move: Tailwind\n|cant|p1b: Aerodactyl|flinch\n|move|p1a: Chumps|Earthquake|p2a: Aerodactyl|[spread] p2b\n|-immune|p1b: Aerodactyl\n|-immune|p2a: Aerodactyl\n|-supereffective|p2b: Sneasler|1\n|-crit|p2b: Sneasler\n|-damage|p2b: Sneasler|0 fnt\n|faint|p2b: Sneasler\n|\n|upkeep\n|\n|t:|1776652459\n|switch|p2b: Floette|Floette-Eternal, L50, F|100/100\n|turn|2\n|\n|t:|1776652467\n|switch|p1a: Niczor|Scizor, L50, M, shiny|100/100\n|detailschange|p2b: Floette|Floette-Mega, L50, F\n|-mega|p2b: Floette|Floette|Floettite\n|-ability|p2b: Floette|Fairy Aura\n|move|p2a: Aerodactyl|Rock Slide|p1a: Niczor|[spread] p1a,p1b\n|-supereffective|p1b: Aerodactyl|1\n|-damage|p1a: Niczor|75/100\n|-damage|p1b: Aerodactyl|11/100\n|move|p2b: Floette|Dazzling Gleam|p1a: Niczor|[spread] p1a,p1b\n|-resisted|p1a: Niczor|1\n|-damage|p1a: Niczor|51/100\n|-damage|p1b: Aerodactyl|0 fnt\n|faint|p1b: Aerodactyl\n|\n|upkeep\n|inactive|the bags12 has 30 seconds left.\n|\n|t:|1776652493\n|switch|p1b: Poulty|Dragapult, L50, M, shiny|100/100\n|turn|3\n|\n|t:|1776652502\n|move|p1a: Niczor|Bullet Punch|p2b: Floette\n|-supereffective|p2b: Floette|1\n|-damage|p2b: Floette|15/100\n|move|p2a: Aerodactyl|Rock Slide|p1a: Niczor|[spread] p1a,p1b\n|-damage|p1a: Niczor|26/100\n|-damage|p1b: Poulty|65/100\n|move|p2b: Floette|Moonblast|p1a: Niczor\n|-resisted|p1a: Niczor|1\n|-damage|p1a: Niczor|0 fnt\n|faint|p1a: Niczor\n|cant|p1b: Poulty|flinch\n|\n|upkeep\n|\n|t:|1776652508\n|switch|p1a: Chumps|Garchomp, L50, M, shiny|100/100\n|turn|4\n|\n|t:|1776652513\n|detailschange|p1a: Chumps|Garchomp-Mega, L50, M, shiny\n|-mega|p1a: Chumps|Garchomp|Garchompite\n|move|p2a: Aerodactyl|Rock Slide|p1a: Chumps|[spread] p1b\n|-miss|p2a: Aerodactyl|p1a: Chumps\n|-damage|p1b: Poulty|34/100\n|move|p2b: Floette|Dazzling Gleam|p1b: Poulty|[spread] p1a,p1b\n|-supereffective|p1a: Chumps|1\n|-supereffective|p1b: Poulty|1\n|-damage|p1a: Chumps|24/100\n|-damage|p1b: Poulty|0 fnt\n|faint|p1b: Poulty\n|move|p1a: Chumps|Rock Slide|p2a: Aerodactyl|[spread] p2a,p2b\n|-supereffective|p2a: Aerodactyl|1\n|-damage|p2a: Aerodactyl|13/100\n|-damage|p2b: Floette|0 fnt\n|faint|p2b: Floette\n|\n|-sideend|p2: riku797vgc5|move: Tailwind\n|upkeep\n|\n|t:|1776652517\n|switch|p2b: Garchomp|Garchomp, L50, F|100/100\n|turn|5\n|-message|the bags12 forfeited.\n|\n|win|riku797vgc5\n|raw|the bags12's rating: 1262 &rarr; <strong>1237</strong><br />(-25 for losing)\n|raw|riku797vgc5's rating: 1257 &rarr; <strong>1282</strong><br />(+25 for winning)\n|l|\u2606the bags12\n|player|p1|\n",
  "uploadtime": 1776652526,
  "views": 7,
  "formatid": "gen9championsvgc2026regma",
  "rating": 1237,
  "private": 0,
  "password": null
}