{
  "id": "gen9championsvgc2026regma-2587115842",
  "format": "[Gen 9 Champions] VGC 2026 Reg M-A",
  "players": [
    "MODEL M4R1",
    "StacySteal"
  ],
  "log": "|j|\u2606MODEL M4R1\n|j|\u2606StacySteal\n|t:|1776495616\n|gametype|doubles\n|player|p1|MODEL M4R1|unknown|1104\n|player|p2|StacySteal|swimmerf-gen4|1070\n|gen|9\n|tier|[Gen 9 Champions] VGC 2026 Reg M-A\n|rated|\n|rule|Species Clause: Limit one of each Pok\u00e9mon\n|rule|Item Clause: Limit 1 of each item\n|clearpoke\n|poke|p1|Toxicroak, L50, M|\n|poke|p1|Aerodactyl, L50, F|\n|poke|p1|Dragonite, L50, F|\n|poke|p1|Aegislash, L50, F|\n|poke|p1|Rotom-Wash, L50|\n|poke|p1|Garchomp, L50, F|\n|poke|p2|Pinsir, L50, F|\n|poke|p2|Rotom-Heat, L50|\n|poke|p2|Basculegion, L50, M|\n|poke|p2|Garchomp, L50, M|\n|poke|p2|Kingambit, L50, M|\n|poke|p2|Sneasler, L50, F|\n|teampreview|4\n|\n|t:|1776495652\n|teamsize|p1|4\n|teamsize|p2|4\n|start\n|switch|p1a: Aerodactyl|Aerodactyl, L50, F|100/100\n|switch|p1b: Garchomp|Garchomp, L50, F|100/100\n|switch|p2a: Basculegion|Basculegion, L50, M|100/100\n|switch|p2b: Sneasler|Sneasler, L50, F|100/100\n|-ability|p1a: Aerodactyl|Unnerve\n|turn|1\n|\n|t:|1776495683\n|move|p1b: Garchomp|Earthquake|p2b: Sneasler|[spread] p2a,p2b\n|-immune|p1a: Aerodactyl\n|-supereffective|p2b: Sneasler|1\n|-damage|p2a: Basculegion|42/100\n|-damage|p2b: Sneasler|0 fnt\n|faint|p2b: Sneasler\n|move|p2a: Basculegion|Flip Turn|p1a: Aerodactyl\n|-supereffective|p1a: Aerodactyl|1\n|-enditem|p1a: Aerodactyl|Focus Sash\n|-damage|p1a: Aerodactyl|1/100\n|\n|t:|1776495694\n|switch|p2a: Pinsir|Pinsir, L50, F|100/100|[from] Flip Turn\n|move|p1a: Aerodactyl|Tailwind|p1a: Aerodactyl\n|-sidestart|p1: MODEL M4R1|move: Tailwind\n|\n|upkeep\n|l|\u2606StacySteal\n|player|p2|\n|j|\u2606StacySteal\n|player|p2|StacySteal|swimmerf-gen4|\n|inactive|Battle timer is ON: inactive players will automatically lose when time's up. (requested by MODEL M4R1)\n|\n|t:|1776495722\n|switch|p2b: Rotom|Rotom-Heat, L50|100/100\n|turn|2\n|inactive|MODEL M4R1 has 30 seconds left.\n|inactive|StacySteal has 30 seconds left.\n|inactive|StacySteal has 20 seconds left.\n|inactive|StacySteal has 15 seconds left.\n|\n|t:|1776495766\n|switch|p1b: Rotom|Rotom-Wash, L50|100/100\n|detailschange|p2a: Pinsir|Pinsir-Mega, L50, F\n|-mega|p2a: Pinsir|Pinsir|Pinsirite\n|move|p2a: Pinsir|Feint|p1a: Aerodactyl\n|-resisted|p1a: Aerodactyl|1\n|-damage|p1a: Aerodactyl|0 fnt\n|faint|p1a: Aerodactyl\n|move|p2b: Rotom|Electroweb|p1b: Rotom\n|-damage|p1b: Rotom|72/100\n|-unboost|p1b: Rotom|spe|1\n|\n|upkeep\n|\n|t:|1776495775\n|switch|p1a: Garchomp|Garchomp, L50, F|100/100\n|turn|3\n|\n|t:|1776495788\n|move|p1b: Rotom|Protect|p1b: Rotom\n|-singleturn|p1b: Rotom|Protect\n|move|p2a: Pinsir|Protect|p2a: Pinsir\n|-singleturn|p2a: Pinsir|Protect\n|move|p1a: Garchomp|Rock Slide|p2a: Pinsir|[spread] p2b\n|-activate|p2a: Pinsir|move: Protect\n|-supereffective|p2b: Rotom|1\n|-damage|p2b: Rotom|53/100\n|move|p2b: Rotom|Volt Switch|p1b: Rotom\n|-activate|p1b: Rotom|move: Protect\n|\n|upkeep\n|turn|4\n|inactive|StacySteal has 30 seconds left.\n|\n|t:|1776495817\n|move|p2b: Rotom|Helping Hand|p2a: Pinsir\n|-singleturn|p2a: Pinsir|Helping Hand|[of] p2b: Rotom\n|move|p1a: Garchomp|Rock Slide|p2b: Rotom|[spread] p2a,p2b\n|-supereffective|p2a: Pinsir|2\n|-supereffective|p2b: Rotom|1\n|-damage|p2a: Pinsir|13/100\n|-damage|p2b: Rotom|0 fnt\n|faint|p2b: Rotom\n|move|p1b: Rotom|Thunderbolt|p2a: Pinsir\n|-supereffective|p2a: Pinsir|1\n|-damage|p2a: Pinsir|0 fnt\n|faint|p2a: Pinsir\n|\n|-sideend|p1: MODEL M4R1|move: Tailwind\n|upkeep\n|\n|t:|1776495832\n|switch|p2b: Basculegion|Basculegion, L50, M|42/100\n|turn|5\n|\n|t:|1776495844\n|switch|p1a: Dragonite|Dragonite, L50, F|100/100\n|move|p2b: Basculegion|Last Respects|p1b: Rotom\n|-damage|p1b: Rotom|0 fnt\n|faint|p1b: Rotom\n|\n|upkeep\n|\n|t:|1776495850\n|switch|p1b: Garchomp|Garchomp, L50, F|100/100\n|turn|6\n|\n|t:|1776495861\n|detailschange|p1a: Dragonite|Dragonite-Mega, L50, F\n|-mega|p1a: Dragonite|Dragonite|Dragoninite\n|move|p1b: Garchomp|Dragon Claw|p2b: Basculegion\n|-damage|p2b: Basculegion|0 fnt\n|faint|p2b: Basculegion\n|\n|win|MODEL M4R1\n|raw|MODEL M4R1's rating: 1104 &rarr; <strong>1127</strong><br />(+23 for winning)\n|raw|StacySteal's rating: 1070 &rarr; <strong>1051</strong><br />(-19 for losing)\n|c|\u2606MODEL M4R1|gg\n",
  "uploadtime": 1776495873,
  "views": 15,
  "formatid": "gen9championsvgc2026regma",
  "rating": 1051,
  "private": 0,
  "password": null
}