{
  "id": "gen9championsvgc2026regma-2582214323",
  "format": "[Gen 9 Champions] VGC 2026 Reg M-A",
  "players": [
    "mocholoco",
    "evokenz"
  ],
  "log": "|j|\u2606mocholoco\n|j|\u2606evokenz\n|t:|1776072145\n|gametype|doubles\n|player|p1|mocholoco|170|1117\n|player|p2|evokenz|265|1105\n|gen|9\n|tier|[Gen 9 Champions] VGC 2026 Reg M-A\n|rated|\n|rule|Species Clause: Limit one of each Pok\u00e9mon\n|rule|Item Clause: Limit 1 of each item\n|clearpoke\n|poke|p1|Venusaur, L50, M|\n|poke|p1|Arcanine, L50, M|\n|poke|p1|Sneasler, L50, M|\n|poke|p1|Rotom-Wash, L50|\n|poke|p1|Garchomp, L50, M|\n|poke|p1|Corviknight, L50, F|\n|poke|p2|Dragapult, L50, F|\n|poke|p2|Sneasler, L50, F|\n|poke|p2|Incineroar, L50, F|\n|poke|p2|Maushold, L50|\n|poke|p2|Floette-Eternal, L50, F|\n|poke|p2|Kingambit, L50, M|\n|teampreview|4\nevokenz has agreed to open team sheets.\n|inactive|Battle timer is ON: inactive players will automatically lose when time's up. (requested by mocholoco)\n|\n|t:|1776072188\n|teamsize|p1|4\n|teamsize|p2|4\n|start\n|switch|p1a: Sneasler|Sneasler, L50, M|100/100\n|switch|p1b: Garchomp|Garchomp, L50, M|100/100\n|switch|p2a: Dragapult|Dragapult, L50, F|100/100\n|switch|p2b: Sneasler|Sneasler, L50, F|100/100\n|turn|1\n|\n|t:|1776072210\n|switch|p1b: Arcanine|Arcanine, L50, M, shiny|100/100\n|-ability|p1b: Arcanine|Intimidate|boost\n|-fail|p2a: Dragapult|unboost|[from] ability: Clear Body|[of] p2a: Dragapult\n|-unboost|p2b: Sneasler|atk|1\n|-enditem|p2b: Sneasler|White Herb\n|-clearnegativeboost|p2b: Sneasler|[silent]\n|move|p2b: Sneasler|Protect|p2b: Sneasler\n|-singleturn|p2b: Sneasler|Protect\n|move|p1a: Sneasler|Fake Out|p2b: Sneasler\n|-activate|p2b: Sneasler|move: Protect\n|move|p2a: Dragapult|Will-O-Wisp|p1b: Arcanine\n|-immune|p1b: Arcanine\n|\n|upkeep\n|turn|2\n|inactive|evokenz has 30 seconds left.\n|\n|t:|1776072240\n|move|p2b: Sneasler|Dire Claw|p1b: Arcanine\n|-damage|p1b: Arcanine|53/100\n|-status|p1b: Arcanine|slp\n|move|p2a: Dragapult|Will-O-Wisp|p1a: Sneasler\n|-status|p1a: Sneasler|brn\n|move|p1a: Sneasler|Coaching|p1b: Arcanine\n|-boost|p1b: Arcanine|atk|1\n|-boost|p1b: Arcanine|def|1\n|cant|p1b: Arcanine|slp\n|\n|-damage|p1a: Sneasler|95/100 brn|[from] brn\n|upkeep\n|turn|3\n|inactive|mocholoco has 30 seconds left.\n|\n|t:|1776072271\n|cant|p1b: Arcanine|slp\n|move|p2b: Sneasler|Rock Tomb|p1b: Arcanine\n|-supereffective|p1b: Arcanine|1\n|-damage|p1b: Arcanine|19/100 slp\n|-unboost|p1b: Arcanine|spe|1\n|-enditem|p1b: Arcanine|Sitrus Berry|[eat]\n|-heal|p1b: Arcanine|44/100 slp|[from] item: Sitrus Berry\n|move|p2a: Dragapult|Shadow Ball|p1b: Arcanine\n|-damage|p1b: Arcanine|11/100 slp\n|move|p1a: Sneasler|Dire Claw|p2b: Sneasler\n|-resisted|p2b: Sneasler|1\n|-damage|p2b: Sneasler|83/100\n|\n|-damage|p1a: Sneasler|89/100 brn|[from] brn\n|upkeep\n|turn|4\n|inactive|evokenz has 30 seconds left.\n|\n|t:|1776072301\n|-curestatus|p1b: Arcanine|slp|[msg]\n|move|p1b: Arcanine|Protect|p1b: Arcanine\n|-singleturn|p1b: Arcanine|Protect\n|move|p2b: Sneasler|Dire Claw|p1b: Arcanine\n|-activate|p1b: Arcanine|move: Protect\n|move|p2a: Dragapult|Shadow Ball|p1a: Sneasler\n|-crit|p1a: Sneasler\n|-damage|p1a: Sneasler|20/100 brn\n|move|p1a: Sneasler|Dire Claw|p2a: Dragapult\n|-resisted|p2a: Dragapult|1\n|-damage|p2a: Dragapult|88/100\n|\n|-damage|p1a: Sneasler|15/100 brn|[from] brn\n|upkeep\n|turn|5\n|inactive|mocholoco has 30 seconds left.\n|\n|t:|1776072331\n|move|p2b: Sneasler|Dire Claw|p1b: Arcanine\n|-damage|p1b: Arcanine|0 fnt\n|faint|p1b: Arcanine\n|move|p2a: Dragapult|Shadow Ball|p1a: Sneasler\n|-damage|p1a: Sneasler|0 fnt\n|faint|p1a: Sneasler\n|\n|upkeep\n|\n|t:|1776072334\n|switch|p1a: Garchomp|Garchomp, L50, M|100/100\n|switch|p1b: Venusaur|Venusaur, L50, M|100/100\n|turn|6\n|\n|t:|1776072350\n|detailschange|p1b: Venusaur|Venusaur-Mega, L50, M\n|-mega|p1b: Venusaur|Venusaur|Venusaurite\n|move|p1b: Venusaur|Protect|p1b: Venusaur\n|-singleturn|p1b: Venusaur|Protect\n|move|p2b: Sneasler|Dire Claw|p1b: Venusaur\n|-activate|p1b: Venusaur|move: Protect\n|move|p2a: Dragapult|Draco Meteor|p1a: Garchomp\n|-supereffective|p1a: Garchomp|1\n|-damage|p1a: Garchomp|0 fnt\n|-unboost|p2a: Dragapult|spa|2\n|faint|p1a: Garchomp\n|\n|upkeep\n|turn|7\n|-message|mocholoco forfeited.\n|\n|win|evokenz\n|raw|mocholoco's rating: 1117 &rarr; <strong>1091</strong><br />(-26 for losing)\n|raw|evokenz's rating: 1105 &rarr; <strong>1131</strong><br />(+26 for winning)\n",
  "uploadtime": 1776072360,
  "views": 8,
  "formatid": "gen9championsvgc2026regma",
  "rating": 1091,
  "private": 0,
  "password": null
}