{
  "id": "gen9championsvgc2026regma-2580355067",
  "format": "[Gen 9 Champions] VGC 2026 Reg M-A",
  "players": [
    "hiscroes",
    "250Volts"
  ],
  "log": "|j|\u203dhiscroes\n|j|\u2606250Volts\n|t:|1775884447\n|gametype|doubles\n|player|p1|hiscroes|266|1098\n|player|p2|250Volts|1|1000\n|gen|9\n|tier|[Gen 9 Champions] VGC 2026 Reg M-A\n|rated|\n|rule|Species Clause: Limit one of each Pok\u00e9mon\n|rule|Item Clause: Limit 1 of each item\n|clearpoke\n|poke|p1|Tyranitar, L50, M|\n|poke|p1|Garchomp, L50, M|\n|poke|p1|Talonflame, L50, F|\n|poke|p1|Incineroar, L50, F|\n|poke|p1|Aegislash, L50, F|\n|poke|p1|Sinistcha, L50|\n|poke|p2|Farigiraf, L50, F|\n|poke|p2|Alakazam, L50, F|\n|poke|p2|Conkeldurr, L50, M|\n|poke|p2|Sinistcha, L50|\n|poke|p2|Maushold, L50|\n|poke|p2|Kingambit, L50, F|\n|teampreview|4\n|inactive|Battle timer is ON: inactive players will automatically lose when time's up. (requested by 250Volts)\n|\n|t:|1775884483\n|teamsize|p1|4\n|teamsize|p2|4\n|start\n|switch|p1a: Incineroar|Incineroar, L50, F|100/100\n|switch|p1b: Sinistcha|Sinistcha, L50|100/100\n|switch|p2a: Farigiraf|Farigiraf, L50, F|100/100\n|switch|p2b: Alakazam|Alakazam, L50, F|100/100\n|-ability|p1a: Incineroar|Intimidate|boost\n|-unboost|p2a: Farigiraf|atk|1\n|-unboost|p2b: Alakazam|atk|1\n|turn|1\n|inactive|250Volts has 30 seconds left.\n|\n|t:|1775884509\n|switch|p2b: Conkeldurr|Conkeldurr, L50, M|100/100\n|move|p1a: Incineroar|Flare Blitz|p2a: Farigiraf\n|-damage|p2a: Farigiraf|53/100\n|-damage|p1a: Incineroar|83/100|[from] Recoil\n|move|p1b: Sinistcha|Shadow Ball|p2b: Conkeldurr\n|-damage|p2b: Conkeldurr|50/100\n|move|p2a: Farigiraf|Trick Room|p2a: Farigiraf\n|-fieldstart|move: Trick Room|[of] p2a: Farigiraf\n|\n|upkeep\n|turn|2\n|inactive|250Volts has 30 seconds left.\n|\n|t:|1775884539\n|move|p1b: Sinistcha|Rage Powder|p1b: Sinistcha\n|-singleturn|p1b: Sinistcha|move: Rage Powder\n|move|p2b: Conkeldurr|Hammer Arm|p1b: Sinistcha\n|-immune|p1b: Sinistcha\n|move|p2a: Farigiraf|Psychic Terrain|p2a: Farigiraf\n|-fieldstart|move: Psychic Terrain\n|move|p1a: Incineroar|Flare Blitz|p2b: Conkeldurr\n|-damage|p2b: Conkeldurr|9/100\n|-damage|p1a: Incineroar|68/100|[from] Recoil\n|\n|upkeep\n|turn|3\n|\n|t:|1775884555\n|move|p1b: Sinistcha|Rage Powder|p1b: Sinistcha\n|-singleturn|p1b: Sinistcha|move: Rage Powder\n|move|p2b: Conkeldurr|Rock Slide|p1a: Incineroar|[spread] p1a,p1b\n|-supereffective|p1a: Incineroar|1\n|-damage|p1a: Incineroar|8/100\n|-damage|p1b: Sinistcha|79/100\n|-enditem|p1a: Incineroar|Sitrus Berry|[eat]\n|-heal|p1a: Incineroar|33/100|[from] item: Sitrus Berry\n|move|p2a: Farigiraf|Expanding Force|p1b: Sinistcha|[spread] p1b\n|-immune|p1a: Incineroar\n|-damage|p1b: Sinistcha|25/100\n|move|p1a: Incineroar|Flare Blitz|p2a: Farigiraf\n|-damage|p2a: Farigiraf|2/100\n|-damage|p1a: Incineroar|14/100|[from] Recoil\n|\n|upkeep\n|turn|4\n|\n|t:|1775884575\n|switch|p1b: Tyranitar|Tyranitar, L50, M|100/100\n|-weather|Sandstorm|[from] ability: Sand Stream|[of] p1b: Tyranitar\n|move|p2b: Conkeldurr|Rock Slide|p1a: Incineroar|[spread] p1a\n|-miss|p2b: Conkeldurr|p1b: Tyranitar\n|-supereffective|p1a: Incineroar|1\n|-damage|p1a: Incineroar|0 fnt\n|faint|p1a: Incineroar\n|move|p2a: Farigiraf|Expanding Force|p1b: Tyranitar\n|-immune|p1b: Tyranitar\n|\n|-weather|Sandstorm|[upkeep]\n|-damage|p2b: Conkeldurr|2/100|[from] Sandstorm\n|-damage|p2a: Farigiraf|0 fnt|[from] Sandstorm\n|faint|p2a: Farigiraf\n|upkeep\n|\n|t:|1775884595\n|switch|p2a: Kingambit|Kingambit, L50, F|100/100\n|switch|p1a: Sinistcha|Sinistcha, L50|25/100\n|turn|5\n|inactive|hiscroes has 30 seconds left.\n|inactive|hiscroes has 20 seconds left.\n|inactive|hiscroes has 15 seconds left.\n|\n|t:|1775884639\n|move|p1a: Sinistcha|Rage Powder|p1a: Sinistcha\n|-singleturn|p1a: Sinistcha|move: Rage Powder\n|move|p2b: Conkeldurr|Ice Punch|p1a: Sinistcha\n|-supereffective|p1a: Sinistcha|1\n|-damage|p1a: Sinistcha|0 fnt\n|faint|p1a: Sinistcha\n|move|p2a: Kingambit|Low Kick|p1b: Tyranitar\n|-supereffective|p1b: Tyranitar|2\n|-damage|p1b: Tyranitar|0 fnt\n|faint|p1b: Tyranitar\n|\n|-weather|Sandstorm|[upkeep]\n|-damage|p2b: Conkeldurr|0 fnt|[from] Sandstorm\n|faint|p2b: Conkeldurr\n|-fieldend|move: Trick Room\n|upkeep\n|\n|t:|1775884648\n|switch|p1b: Garchomp|Garchomp, L50, M|100/100\n|switch|p2b: Alakazam|Alakazam, L50, F|100/100\n|turn|6\n|\n|t:|1775884660\n|detailschange|p2b: Alakazam|Alakazam-Mega, L50, F\n|-mega|p2b: Alakazam|Alakazam|Alakazite\n|-ability|p2b: Alakazam|Sand Veil|Trace|[from] ability: Trace|[of] p1b: Garchomp\n|move|p2b: Alakazam|Expanding Force|p1b: Garchomp\n|-damage|p1b: Garchomp|0 fnt\n|faint|p1b: Garchomp\n|\n|win|250Volts\n|raw|hiscroes's rating: 1098 &rarr; <strong>1067</strong><br />(-31 for losing)\n|raw|250Volts's rating: 1000 &rarr; <strong>1051</strong><br />(+51 for winning)\n|l|\u203dhiscroes\n|player|p1|\n",
  "uploadtime": 1775884671,
  "views": 21,
  "formatid": "gen9championsvgc2026regma",
  "rating": 1051,
  "private": 0,
  "password": null
}