{
  "id": "gen9championsvgc2026regma-2584512650",
  "format": "[Gen 9 Champions] VGC 2026 Reg M-A",
  "players": [
    "f4r4w4y",
    "GiovyX08"
  ],
  "log": "|j|\u2606f4r4w4y\n|j|\u2606GiovyX08\n|t:|1776265764\n|gametype|doubles\n|player|p1|f4r4w4y|1|1121\n|player|p2|GiovyX08|n|1108\n|gen|9\n|tier|[Gen 9 Champions] VGC 2026 Reg M-A\n|rated|\n|rule|Species Clause: Limit one of each Pok\u00e9mon\n|rule|Item Clause: Limit 1 of each item\n|clearpoke\n|poke|p1|Charizard, L50, M|\n|poke|p1|Venusaur, L50, M|\n|poke|p1|Garchomp, L50, F|\n|poke|p1|Rotom-Wash, L50|\n|poke|p1|Whimsicott, L50, F|\n|poke|p1|Gyarados, L50, F|\n|poke|p2|Talonflame, L50, M|\n|poke|p2|Garchomp, L50, M|\n|poke|p2|Tyranitar, L50, M|\n|poke|p2|Excadrill, L50, F|\n|poke|p2|Rotom-Wash, L50|\n|poke|p2|Clefable, L50, M|\n|teampreview|4\n|\n|t:|1776265802\n|teamsize|p1|4\n|teamsize|p2|4\n|start\n|switch|p1a: Whimsicott|Whimsicott, L50, F|100/100\n|switch|p1b: Garchomp|Garchomp, L50, F|100/100\n|switch|p2a: Talonflame|Talonflame, L50, M|100/100\n|switch|p2b: Garchomp|Garchomp, L50, M|100/100\n|turn|1\n|inactive|Battle timer is ON: inactive players will automatically lose when time's up. (requested by f4r4w4y)\n|\n|t:|1776265815\n|move|p2b: Garchomp|Protect|p2b: Garchomp\n|-singleturn|p2b: Garchomp|Protect\n|move|p1a: Whimsicott|Tailwind|p1a: Whimsicott\n|-sidestart|p1: f4r4w4y|move: Tailwind\n|move|p1b: Garchomp|Dragon Claw|p2b: Garchomp\n|-activate|p2b: Garchomp|move: Protect\n|move|p2a: Talonflame|Will-O-Wisp|p1b: Garchomp\n|-status|p1b: Garchomp|brn\n|\n|-damage|p1b: Garchomp|95/100 brn|[from] brn\n|upkeep\n|turn|2\n|\n|t:|1776265831\n|detailschange|p2b: Garchomp|Garchomp-Mega, L50, M\n|-mega|p2b: Garchomp|Garchomp|Garchompite\n|move|p2a: Talonflame|Tailwind|p2a: Talonflame\n|-sidestart|p2: GiovyX08|move: Tailwind\n|move|p1b: Garchomp|Dragon Claw|p2b: Garchomp\n|-supereffective|p2b: Garchomp|1\n|-damage|p2b: Garchomp|66/100\n|move|p2b: Garchomp|Earthquake|p1b: Garchomp|[spread] p1a,p1b\n|-immune|p2a: Talonflame\n|-resisted|p1a: Whimsicott|1\n|-damage|p1a: Whimsicott|74/100\n|-damage|p1b: Garchomp|47/100 brn\n|move|p1a: Whimsicott|Moonblast|p2b: Garchomp\n|-supereffective|p2b: Garchomp|1\n|-damage|p2b: Garchomp|10/100\n|\n|-damage|p1b: Garchomp|41/100 brn|[from] brn\n|upkeep\n|turn|3\n|inactive|GiovyX08 has 30 seconds left.\n|\n|t:|1776265861\n|switch|p1b: Charizard|Charizard, L50, M|100/100\n|move|p2b: Garchomp|Protect|p2b: Garchomp\n|-singleturn|p2b: Garchomp|Protect\n|move|p2a: Talonflame|Brave Bird|p1b: Charizard\n|-damage|p1b: Charizard|40/100\n|-damage|p2a: Talonflame|80/100|[from] Recoil\n|move|p1a: Whimsicott|Tailwind||[still]\n|-fail|p1a: Whimsicott\n|\n|upkeep\n|turn|4\n|\n|t:|1776265878\n|detailschange|p1b: Charizard|Charizard-Mega-Y, L50, M\n|-mega|p1b: Charizard|Charizard|Charizardite Y\n|-weather|SunnyDay|[from] ability: Drought|[of] p1b: Charizard\n|move|p1b: Charizard|Protect|p1b: Charizard\n|-singleturn|p1b: Charizard|Protect\n|move|p2a: Talonflame|Brave Bird|p1b: Charizard\n|-activate|p1b: Charizard|move: Protect\n|move|p2b: Garchomp|Iron Head|p1a: Whimsicott\n|-supereffective|p1a: Whimsicott|1\n|-damage|p1a: Whimsicott|0 fnt\n|faint|p1a: Whimsicott\n|\n|-weather|SunnyDay|[upkeep]\n|-sideend|p1: f4r4w4y|move: Tailwind\n|upkeep\n|\n|t:|1776265890\n|switch|p1a: Venusaur|Venusaur, L50, M|100/100\n|turn|5\n|\n|t:|1776265912\n|move|p1a: Venusaur|Protect|p1a: Venusaur\n|-singleturn|p1a: Venusaur|Protect\n|move|p2a: Talonflame|Brave Bird|p1a: Venusaur\n|-activate|p1a: Venusaur|move: Protect\n|move|p2b: Garchomp|Iron Head|p1b: Charizard\n|-resisted|p1b: Charizard|1\n|-damage|p1b: Charizard|16/100\n|move|p1b: Charizard|Heat Wave|p2a: Talonflame|[spread] p2a,p2b\n|-resisted|p2a: Talonflame|1\n|-resisted|p2b: Garchomp|1\n|-damage|p2a: Talonflame|34/100\n|-damage|p2b: Garchomp|0 fnt\n|faint|p2b: Garchomp\n|\n|-weather|SunnyDay|[upkeep]\n|-sideend|p2: GiovyX08|move: Tailwind\n|upkeep\n|\n|t:|1776265923\n|switch|p2b: Tyranitar|Tyranitar, L50, M|100/100\n|-weather|Sandstorm|[from] ability: Sand Stream|[of] p2b: Tyranitar\n|turn|6\n|\n|t:|1776265948\n|move|p2a: Talonflame|Flare Blitz|p1a: Venusaur\n|-supereffective|p1a: Venusaur|1\n|-damage|p1a: Venusaur|0 fnt\n|faint|p1a: Venusaur\n|-damage|p2a: Talonflame|0 fnt|[from] Recoil\n|faint|p2a: Talonflame\n|move|p1b: Charizard|Weather Ball|p2b: Tyranitar\n|-crit|p2b: Tyranitar\n|-damage|p2b: Tyranitar|64/100\n|move|p2b: Tyranitar|Rock Slide|p1b: Charizard\n|-supereffective|p1b: Charizard|2\n|-damage|p1b: Charizard|0 fnt\n|faint|p1b: Charizard\n|\n|-weather|Sandstorm|[upkeep]\n|upkeep\n|\n|t:|1776265959\n|switch|p2a: Rotom|Rotom-Wash, L50|100/100\n|switch|p1b: Garchomp|Garchomp, L50, F|41/100 brn\n|turn|7\n|-message|f4r4w4y forfeited.\n|\n|win|GiovyX08\n|raw|f4r4w4y's rating: 1121 &rarr; <strong>1095</strong><br />(-26 for losing)\n|raw|GiovyX08's rating: 1108 &rarr; <strong>1134</strong><br />(+26 for winning)\n|l|\u2606f4r4w4y\n|player|p1|\n",
  "uploadtime": 1776265964,
  "views": 19,
  "formatid": "gen9championsvgc2026regma",
  "rating": 1095,
  "private": 0,
  "password": null
}