{
  "id": "gen9championsvgc2026regma-2582930623",
  "format": "[Gen 9 Champions] VGC 2026 Reg M-A",
  "players": [
    "utftfftvh",
    "The Best Team 5005"
  ],
  "log": "|j|\u2606utftfftvh\n|j|\u2606The Best Team 5005\n|t:|1776125999\n|gametype|doubles\n|player|p1|utftfftvh|169|1040\n|player|p2|The Best Team 5005|266|1067\n|gen|9\n|tier|[Gen 9 Champions] VGC 2026 Reg M-A\n|rated|\n|rule|Species Clause: Limit one of each Pok\u00e9mon\n|rule|Item Clause: Limit 1 of each item\n|clearpoke\n|poke|p1|Rotom-Wash, L50|\n|poke|p1|Arcanine, L50, M|\n|poke|p1|Gardevoir, L50, F|\n|poke|p1|Garchomp, L50, F|\n|poke|p1|Tyranitar, L50, M|\n|poke|p1|Sinistcha, L50|\n|poke|p2|Manectric, L50, M|\n|poke|p2|Pelipper, L50, F|\n|poke|p2|Incineroar, L50, M|\n|poke|p2|Basculegion, L50, M|\n|poke|p2|Garchomp, L50, M|\n|poke|p2|Rotom-Wash, L50|\n|teampreview|4\n|inactive|Battle timer is ON: inactive players will automatically lose when time's up. (requested by utftfftvh)\n|\n|t:|1776126024\n|teamsize|p1|4\n|teamsize|p2|4\n|start\n|switch|p1a: Arcanine|Arcanine, L50, M|100/100\n|switch|p1b: Gardevoir|Gardevoir, L50, F|100/100\n|switch|p2a: Pelipper|Pelipper, L50, F|100/100\n|switch|p2b: Basculegion|Basculegion, L50, M|100/100\n|-ability|p1a: Arcanine|Intimidate|boost\n|-unboost|p2a: Pelipper|atk|1\n|-unboost|p2b: Basculegion|atk|1\n|-weather|RainDance|[from] ability: Drizzle|[of] p2a: Pelipper\n|turn|1\n|inactive|The Best Team 5005 has 30 seconds left.\n|\n|t:|1776126050\n|switch|p1b: Tyranitar|Tyranitar, L50, M|100/100\n|-weather|Sandstorm|[from] ability: Sand Stream|[of] p1b: Tyranitar\n|move|p1a: Arcanine|Protect|p1a: Arcanine\n|-singleturn|p1a: Arcanine|Protect\n|move|p2b: Basculegion|Wave Crash|p1a: Arcanine\n|-activate|p1a: Arcanine|move: Protect\n|move|p2a: Pelipper|U-turn|p1b: Tyranitar\n|-supereffective|p1b: Tyranitar|1\n|-damage|p1b: Tyranitar|91/100\n|\n|t:|1776126073\n|switch|p2a: Garchomp|Garchomp, L50, M|100/100|[from] U-turn\n|\n|-weather|Sandstorm|[upkeep]\n|-damage|p1a: Arcanine|94/100|[from] Sandstorm\n|-damage|p2b: Basculegion|94/100|[from] Sandstorm\n|upkeep\n|turn|2\n|\n|t:|1776126096\n|switch|p2b: Pelipper|Pelipper, L50, F|100/100\n|-weather|RainDance|[from] ability: Drizzle|[of] p2b: Pelipper\n|move|p1a: Arcanine|Protect|p1a: Arcanine\n|-singleturn|p1a: Arcanine|Protect\n|move|p2a: Garchomp|Earthquake|p1a: Arcanine|[spread] p1b\n|-activate|p1a: Arcanine|move: Protect\n|-immune|p2b: Pelipper\n|-supereffective|p1b: Tyranitar|1\n|-damage|p1b: Tyranitar|24/100\n|move|p1b: Tyranitar|Knock Off|p2b: Pelipper\n|-damage|p2b: Pelipper|57/100\n|-enditem|p2b: Pelipper|Focus Sash|[from] move: Knock Off|[of] p1b: Tyranitar\n|\n|-weather|RainDance|[upkeep]\n|upkeep\n|turn|3\n|\n|t:|1776126118\n|switch|p1b: Rotom|Rotom-Wash, L50|100/100\n|move|p2a: Garchomp|Earthquake|p1b: Rotom|[spread] p1a\n|-immune|p2b: Pelipper\n|-immune|p1b: Rotom|[from] ability: Levitate\n|-supereffective|p1a: Arcanine|1\n|-damage|p1a: Arcanine|0 fnt\n|faint|p1a: Arcanine\n|move|p2b: Pelipper|U-turn|p1b: Rotom\n|-damage|p1b: Rotom|89/100\n|\n|t:|1776126129\n|switch|p2b: Basculegion|Basculegion, L50, M|94/100|[from] U-turn\n|\n|-weather|RainDance|[upkeep]\n|upkeep\n|\n|t:|1776126132\n|switch|p1a: Gardevoir|Gardevoir, L50, F|100/100\n|turn|4\n|\n|t:|1776126140\n|switch|p2a: Manectric|Manectric, L50, M, shiny|100/100\n|move|p1a: Gardevoir|Protect|p1a: Gardevoir\n|-singleturn|p1a: Gardevoir|Protect\n|move|p2b: Basculegion|Wave Crash|p1a: Gardevoir\n|-activate|p1a: Gardevoir|move: Protect\n|move|p1b: Rotom|Thunderbolt|p2a: Manectric\n|-activate|p2a: Manectric|ability: Lightning Rod\n|-ability|p2a: Manectric|Lightning Rod|boost\n|-boost|p2a: Manectric|spa|1\n|\n|-weather|RainDance|[upkeep]\n|upkeep\n|turn|5\n|-message|utftfftvh forfeited.\n|\n|win|The Best Team 5005\n|raw|utftfftvh's rating: 1040 &rarr; <strong>1025</strong><br />(-15 for losing)\n|raw|The Best Team 5005's rating: 1067 &rarr; <strong>1095</strong><br />(+28 for winning)\n|l|\u2606utftfftvh\n|player|p1|\n",
  "uploadtime": 1776126162,
  "views": 13,
  "formatid": "gen9championsvgc2026regma",
  "rating": 1025,
  "private": 0,
  "password": null
}