{
  "id": "gen9championsvgc2026regma-2584643430",
  "format": "[Gen 9 Champions] VGC 2026 Reg M-A",
  "players": [
    "etrdyfyiu",
    "mrfelicia"
  ],
  "log": "|j|\u2606etrdyfyiu\n|j|\u2606mrfelicia\n|t:|1776274037\n|gametype|doubles\n|player|p1|etrdyfyiu|266|1210\n|player|p2|mrfelicia|170|1155\n|gen|9\n|tier|[Gen 9 Champions] VGC 2026 Reg M-A\n|rated|\n|rule|Species Clause: Limit one of each Pok\u00e9mon\n|rule|Item Clause: Limit 1 of each item\n|clearpoke\n|poke|p1|Palafin, L50, M|\n|poke|p1|Arcanine, L50, M|\n|poke|p1|Scizor, L50, F|\n|poke|p1|Tyranitar, L50, M|\n|poke|p1|Sneasler, L50, M|\n|poke|p1|Sinistcha, L50|\n|poke|p2|Archaludon, L50, M|\n|poke|p2|Aerodactyl, L50, F|\n|poke|p2|Tauros-Paldea-Aqua, L50, M|\n|poke|p2|Kangaskhan, L50, F|\n|poke|p2|Floette-Eternal, L50, F|\n|poke|p2|Sinistcha, L50|\n|teampreview|4\n|inactive|Battle timer is ON: inactive players will automatically lose when time's up. (requested by mrfelicia)\n|\n|t:|1776274092\n|teamsize|p1|4\n|teamsize|p2|4\n|start\n|switch|p1a: Tyranitar|Tyranitar, L50, M, shiny|100/100\n|switch|p1b: Sneasler|Sneasler, L50, M, shiny|100/100\n|switch|p2a: Kangaskhan|Kangaskhan, L50, F|100/100\n|switch|p2b: Tauros|Tauros-Paldea-Aqua, L50, M|100/100\n|-ability|p2b: Tauros|Intimidate|boost\n|-unboost|p1a: Tyranitar|atk|1\n|-unboost|p1b: Sneasler|atk|1\n|-weather|Sandstorm|[from] ability: Sand Stream|[of] p1a: Tyranitar\n|-enditem|p1b: Sneasler|White Herb\n|-clearnegativeboost|p1b: Sneasler|[silent]\n|turn|1\n|inactive|etrdyfyiu has 30 seconds left.\n|inactive|mrfelicia has 30 seconds left.\n|inactive|etrdyfyiu has 20 seconds left.\n|inactive|mrfelicia has 20 seconds left.\n|inactive|etrdyfyiu has 15 seconds left.\n|inactive|etrdyfyiu has 10 seconds left.\n|\n|t:|1776274139\n|detailschange|p2a: Kangaskhan|Kangaskhan-Mega, L50, F\n|-mega|p2a: Kangaskhan|Kangaskhan|Kangaskhanite\n|detailschange|p1a: Tyranitar|Tyranitar-Mega, L50, M, shiny\n|-mega|p1a: Tyranitar|Tyranitar|Tyranitarite\n|move|p1b: Sneasler|Fake Out|p2b: Tauros\n|-damage|p2b: Tauros|85/100\n|cant|p2b: Tauros|flinch\n|move|p2a: Kangaskhan|Double-Edge|p1b: Sneasler\n|-damage|p1b: Sneasler|0 fnt\n|faint|p1b: Sneasler\n|-hitcount|p1: Sneasler|1\n|-damage|p2a: Kangaskhan|76/100|[from] Recoil\n|move|p1a: Tyranitar|Low Kick|p2a: Kangaskhan\n|-supereffective|p2a: Kangaskhan|1\n|-damage|p2a: Kangaskhan|26/100\n|\n|-weather|Sandstorm|[upkeep]\n|-damage|p2b: Tauros|79/100|[from] Sandstorm\n|-damage|p2a: Kangaskhan|20/100|[from] Sandstorm\n|upkeep\n|\n|t:|1776274154\n|switch|p1b: Arcanine|Arcanine, L50, M, shiny|100/100\n|-ability|p1b: Arcanine|Intimidate|boost\n|-unboost|p2a: Kangaskhan|atk|1\n|-unboost|p2b: Tauros|atk|1\n|-enditem|p2b: Tauros|White Herb\n|-clearnegativeboost|p2b: Tauros|[silent]\n|turn|2\n|\n|t:|1776274169\n|switch|p2a: Archaludon|Archaludon, L50, M|100/100\n|switch|p1a: Sinistcha|Sinistcha, L50|100/100\n|move|p1b: Arcanine|Protect|p1b: Arcanine\n|-singleturn|p1b: Arcanine|Protect\n|move|p2b: Tauros|Close Combat|p1a: Sinistcha\n|-immune|p1a: Sinistcha\n|\n|-weather|Sandstorm|[upkeep]\n|-damage|p2b: Tauros|73/100|[from] Sandstorm\n|-damage|p1b: Arcanine|95/100|[from] Sandstorm\n|-damage|p1a: Sinistcha|94/100|[from] Sandstorm\n|upkeep\n|turn|3\n|inactive|etrdyfyiu has 30 seconds left.\n|inactive|etrdyfyiu has 20 seconds left.\n|inactive|etrdyfyiu has 15 seconds left.\n|inactive|etrdyfyiu has 10 seconds left.\n|inactive|etrdyfyiu has 5 seconds left.\n|\n|t:|1776274224\n|move|p1a: Sinistcha|Protect|p1a: Sinistcha\n|-singleturn|p1a: Sinistcha|Protect\n|move|p2b: Tauros|Wave Crash|p1b: Arcanine\n|-supereffective|p1b: Arcanine|1\n|-enditem|p1b: Arcanine|Passho Berry|[eat]\n|-enditem|p1b: Arcanine|Passho Berry|[weaken]\n|-damage|p1b: Arcanine|35/100\n|-damage|p2b: Tauros|48/100|[from] Recoil\n|move|p2a: Archaludon|Flash Cannon|p1a: Sinistcha\n|-activate|p1a: Sinistcha|move: Protect\n|move|p1b: Arcanine|Will-O-Wisp|p2b: Tauros\n|-status|p2b: Tauros|brn\n|\n|-weather|Sandstorm|[upkeep]\n|-damage|p2b: Tauros|42/100 brn|[from] Sandstorm\n|-damage|p1b: Arcanine|29/100|[from] Sandstorm\n|-damage|p1a: Sinistcha|88/100|[from] Sandstorm\n|-damage|p2b: Tauros|36/100 brn|[from] brn\n|upkeep\n|turn|4\n|c|\u2606etrdyfyiu|mb i was texting\n|inactive|mrfelicia has 30 seconds left.\n|c|\u2606mrfelicia|dw\n|\n|t:|1776274257\n|move|p1b: Arcanine|Protect|p1b: Arcanine\n|-singleturn|p1b: Arcanine|Protect\n|move|p2b: Tauros|Wave Crash|p1b: Arcanine\n|-activate|p1b: Arcanine|move: Protect\n|move|p2a: Archaludon|Dragon Pulse|p1a: Sinistcha\n|-damage|p1a: Sinistcha|38/100\n|-enditem|p1a: Sinistcha|Sitrus Berry|[eat]\n|-heal|p1a: Sinistcha|62/100|[from] item: Sitrus Berry\n|move|p1a: Sinistcha|Matcha Gotcha|p2a: Archaludon|[spread] p2a\n|-miss|p1a: Sinistcha|p2b: Tauros\n|-resisted|p2a: Archaludon|2\n|-damage|p2a: Archaludon|90/100\n|-heal|p1a: Sinistcha|67/100|[from] drain|[of] p2a: Archaludon\n|\n|-weather|Sandstorm|[upkeep]\n|-damage|p2b: Tauros|30/100 brn|[from] Sandstorm\n|-damage|p1b: Arcanine|24/100|[from] Sandstorm\n|-damage|p1a: Sinistcha|61/100|[from] Sandstorm\n|-heal|p2a: Archaludon|96/100|[from] item: Leftovers\n|-damage|p2b: Tauros|24/100 brn|[from] brn\n|upkeep\n|turn|5\n|inactive|etrdyfyiu has 30 seconds left.\n|\n|t:|1776274283\n|move|p1b: Arcanine|Extreme Speed|p2b: Tauros\n|-damage|p2b: Tauros|0 fnt\n|faint|p2b: Tauros\n|move|p1a: Sinistcha|Rage Powder|p1a: Sinistcha\n|-singleturn|p1a: Sinistcha|move: Rage Powder\n|move|p2a: Archaludon|Dragon Pulse|p1a: Sinistcha\n|-damage|p1a: Sinistcha|11/100\n|\n|-weather|none\n|-heal|p2a: Archaludon|100/100|[from] item: Leftovers\n|upkeep\n|\n|t:|1776274294\n|switch|p2b: Aerodactyl|Aerodactyl, L50, F|100/100\n|-ability|p2b: Aerodactyl|Unnerve\n|turn|6\n|\n|t:|1776274318\n|switch|p1a: Tyranitar|Tyranitar-Mega, L50, M, shiny|100/100\n|-weather|Sandstorm|[from] ability: Sand Stream|[of] p1a: Tyranitar\n|move|p1b: Arcanine|Extreme Speed|p2b: Aerodactyl\n|-resisted|p2b: Aerodactyl|1\n|-damage|p2b: Aerodactyl|78/100\n|move|p2b: Aerodactyl|Rock Slide|p1b: Arcanine|[spread] p1a,p1b\n|-supereffective|p1b: Arcanine|1\n|-damage|p1a: Tyranitar|85/100\n|-damage|p1b: Arcanine|0 fnt\n|faint|p1b: Arcanine\n|move|p2a: Archaludon|Dragon Pulse|p1a: Tyranitar\n|-damage|p1a: Tyranitar|58/100\n|\n|-weather|Sandstorm|[upkeep]\n|upkeep\n|\n|t:|1776274331\n|switch|p1b: Sinistcha|Sinistcha, L50|11/100\n|-heal|p1a: Tyranitar|83/100|[from] ability: Hospitality|[of] p1b: Sinistcha\n|turn|7\n|\n|t:|1776274344\n|move|p1b: Sinistcha|Protect|p1b: Sinistcha\n|-singleturn|p1b: Sinistcha|Protect\n|move|p2b: Aerodactyl|Rock Slide|p1b: Sinistcha|[spread] p1a\n|-activate|p1b: Sinistcha|move: Protect\n|-crit|p1a: Tyranitar\n|-damage|p1a: Tyranitar|58/100\n|move|p2a: Archaludon|Flash Cannon|p1a: Tyranitar\n|-supereffective|p1a: Tyranitar|1\n|-damage|p1a: Tyranitar|14/100\n|move|p1a: Tyranitar|Low Kick|p2a: Archaludon\n|-supereffective|p2a: Archaludon|1\n|-damage|p2a: Archaludon|35/100\n|\n|-weather|Sandstorm|[upkeep]\n|-damage|p1b: Sinistcha|4/100|[from] Sandstorm\n|-heal|p2a: Archaludon|41/100|[from] item: Leftovers\n|upkeep\n|turn|8\n|inactive|etrdyfyiu has 30 seconds left.\n|\n|t:|1776274372\n|move|p1b: Sinistcha|Rage Powder|p1b: Sinistcha\n|-singleturn|p1b: Sinistcha|move: Rage Powder\n|move|p2b: Aerodactyl|Rock Slide|p1a: Tyranitar|[spread] p1a,p1b\n|-damage|p1a: Tyranitar|0 fnt\n|-damage|p1b: Sinistcha|0 fnt\n|faint|p1a: Tyranitar\n|faint|p1b: Sinistcha\n|\n|win|mrfelicia\n|raw|etrdyfyiu's rating: 1210 &rarr; <strong>1181</strong><br />(-29 for losing)\n|raw|mrfelicia's rating: 1155 &rarr; <strong>1184</strong><br />(+29 for winning)\n|c|\u2606etrdyfyiu|gg\n",
  "uploadtime": 1776274379,
  "views": 23,
  "formatid": "gen9championsvgc2026regma",
  "rating": 1181,
  "private": 0,
  "password": null
}