{
  "id": "gen9championsvgc2026regma-2582885964",
  "format": "[Gen 9 Champions] VGC 2026 Reg M-A",
  "players": [
    "ArthurGate",
    "tr8ubl3"
  ],
  "log": "|j|\u203dArthurGate\n|j|\u2606tr8ubl3\n|t:|1776122052\n|gametype|doubles\n|player|p1|ArthurGate|veteran|1082\n|player|p2|tr8ubl3|flannery|1045\n|gen|9\n|tier|[Gen 9 Champions] VGC 2026 Reg M-A\n|rated|\n|rule|Species Clause: Limit one of each Pok\u00e9mon\n|rule|Item Clause: Limit 1 of each item\n|clearpoke\n|poke|p1|Kommo-o, L50, M|\n|poke|p1|Gengar, L50, M|\n|poke|p1|Sinistcha-Masterpiece, L50|\n|poke|p1|Incineroar, L50, F|\n|poke|p1|Volcarona, L50, F|\n|poke|p1|Aegislash, L50, M|\n|poke|p2|Gengar, L50, F|\n|poke|p2|Incineroar, L50, F|\n|poke|p2|Milotic, L50, M|\n|poke|p2|Sneasler, L50, M|\n|poke|p2|Sinistcha, L50|\n|poke|p2|Garchomp, L50, F|\n|teampreview|4\n|inactive|Battle timer is ON: inactive players will automatically lose when time's up. (requested by ArthurGate)\nArthurGate rejected open team sheets.\n|\n|t:|1776122099\n|teamsize|p1|4\n|teamsize|p2|4\n|start\n|switch|p1a: Gengar|Gengar, L50, M, shiny|100/100\n|switch|p1b: Incineroar|Incineroar, L50, F|100/100\n|switch|p2a: Incineroar|Incineroar, L50, F|100/100\n|switch|p2b: Gengar|Gengar, L50, F|100/100\n|-ability|p1b: Incineroar|Intimidate|boost\n|-unboost|p2a: Incineroar|atk|1\n|-unboost|p2b: Gengar|atk|1\n|-ability|p2a: Incineroar|Intimidate|boost\n|-unboost|p1a: Gengar|atk|1\n|-unboost|p1b: Incineroar|atk|1\n|turn|1\n|\n|t:|1776122117\n|detailschange|p1a: Gengar|Gengar-Mega, L50, M, shiny\n|-mega|p1a: Gengar|Gengar|Gengarite\n|detailschange|p2b: Gengar|Gengar-Mega, L50, F\n|-mega|p2b: Gengar|Gengar|Gengarite\n|move|p1a: Gengar|Protect|p1a: Gengar\n|-singleturn|p1a: Gengar|Protect\n|move|p1b: Incineroar|Fake Out|p2a: Incineroar\n|-damage|p2a: Incineroar|95/100\n|cant|p2a: Incineroar|flinch\n|move|p2b: Gengar|Shadow Ball|p1a: Gengar\n|-activate|p1a: Gengar|move: Protect\n|\n|upkeep\n|turn|2\n|\n|t:|1776122142\n|move|p1a: Gengar|Shadow Ball|p2b: Gengar\n|-supereffective|p2b: Gengar|1\n|-damage|p2b: Gengar|0 fnt\n|faint|p2b: Gengar\n|move|p1b: Incineroar|Darkest Lariat|p2a: Incineroar\n|-resisted|p2a: Incineroar|1\n|-damage|p2a: Incineroar|86/100\n|move|p2a: Incineroar|Darkest Lariat|p1a: Gengar\n|-supereffective|p1a: Gengar|1\n|-damage|p1a: Gengar|40/100\n|\n|upkeep\n|\n|t:|1776122146\n|switch|p2b: Garchomp|Garchomp, L50, F|100/100\n|turn|3\n|\n|t:|1776122155\n|move|p1a: Gengar|Protect|p1a: Gengar\n|-singleturn|p1a: Gengar|Protect\n|move|p2b: Garchomp|Earthquake|p1b: Incineroar|[spread] p2a,p1b\n|-activate|p1a: Gengar|move: Protect\n|-supereffective|p2a: Incineroar|1\n|-supereffective|p1b: Incineroar|1\n|-damage|p2a: Incineroar|26/100\n|-damage|p1b: Incineroar|29/100\n|-enditem|p1b: Incineroar|Sitrus Berry|[eat]\n|-heal|p1b: Incineroar|54/100|[from] item: Sitrus Berry\n|-enditem|p2a: Incineroar|Sitrus Berry|[eat]\n|-heal|p2a: Incineroar|51/100|[from] item: Sitrus Berry\n|move|p1b: Incineroar|Parting Shot|p2b: Garchomp\n|-unboost|p2b: Garchomp|atk|1\n|-unboost|p2b: Garchomp|spa|1\n|\n|t:|1776122171\n|switch|p1b: Sinistcha|Sinistcha-Masterpiece, L50|100/100|[from] Parting Shot\n|-heal|p1a: Gengar|65/100|[from] ability: Hospitality|[of] p1b: Sinistcha\n|move|p2a: Incineroar|Parting Shot|p1b: Sinistcha\n|-unboost|p1b: Sinistcha|atk|1\n|-unboost|p1b: Sinistcha|spa|1\n|\n|t:|1776122175\n|switch|p2a: Sinistcha|Sinistcha, L50|100/100|[from] Parting Shot\n|\n|upkeep\n|turn|4\n|\n|t:|1776122189\n|move|p2b: Garchomp|Earthquake|p1b: Sinistcha|[spread] p2a,p1a,p1b\n|-resisted|p2a: Sinistcha|1\n|-supereffective|p1a: Gengar|1\n|-resisted|p1b: Sinistcha|1\n|-damage|p2a: Sinistcha|90/100\n|-damage|p1a: Gengar|0 fnt\n|-damage|p1b: Sinistcha|89/100\n|faint|p1a: Gengar\n|move|p2a: Sinistcha|Shadow Ball|p1b: Sinistcha\n|-supereffective|p1b: Sinistcha|1\n|-damage|p1b: Sinistcha|10/100\n|-unboost|p1b: Sinistcha|spd|1\n|move|p1b: Sinistcha|Matcha Gotcha|p2b: Garchomp|[spread] p2b\n|-miss|p1b: Sinistcha|p2a: Sinistcha\n|-damage|p2b: Garchomp|80/100\n|-heal|p1b: Sinistcha|22/100|[from] drain|[of] p2b: Garchomp\n|\n|-heal|p1b: Sinistcha|28/100|[from] item: Leftovers\n|-heal|p2a: Sinistcha|97/100|[from] item: Leftovers\n|upkeep\n|\n|t:|1776122194\n|switch|p1a: Incineroar|Incineroar, L50, F|54/100\n|-ability|p1a: Incineroar|Intimidate|boost\n|-unboost|p2a: Sinistcha|atk|1\n|-unboost|p2b: Garchomp|atk|1\n|turn|5\n|\n|t:|1776122216\n|switch|p2b: Incineroar|Incineroar, L50, F|51/100\n|-ability|p2b: Incineroar|Intimidate|boost\n|-unboost|p1a: Incineroar|atk|1\n|-unboost|p1b: Sinistcha|atk|1\n|move|p2a: Sinistcha|Rage Powder|p2a: Sinistcha\n|-singleturn|p2a: Sinistcha|move: Rage Powder\n|move|p1a: Incineroar|Darkest Lariat|p2a: Sinistcha\n|-supereffective|p2a: Sinistcha|1\n|-damage|p2a: Sinistcha|59/100\n|move|p1b: Sinistcha|Matcha Gotcha|p2b: Incineroar|[spread] p2a,p2b\n|-resisted|p2a: Sinistcha|1\n|-resisted|p2b: Incineroar|1\n|-damage|p2a: Sinistcha|50/100\n|-heal|p1b: Sinistcha|34/100|[from] drain|[of] p2a: Sinistcha\n|-damage|p2b: Incineroar|44/100\n|-heal|p1b: Sinistcha|39/100|[from] drain|[of] p2b: Incineroar\n|\n|-heal|p1b: Sinistcha|45/100|[from] item: Leftovers\n|-heal|p2a: Sinistcha|56/100|[from] item: Leftovers\n|upkeep\n|turn|6\n|\n|t:|1776122241\n|move|p1a: Incineroar|Darkest Lariat|p2a: Sinistcha\n|-supereffective|p2a: Sinistcha|1\n|-damage|p2a: Sinistcha|16/100\n|move|p2a: Sinistcha|Shadow Ball|p1b: Sinistcha\n|-supereffective|p1b: Sinistcha|1\n|-damage|p1b: Sinistcha|0 fnt\n|faint|p1b: Sinistcha\n|move|p2b: Incineroar|Darkest Lariat|p1a: Incineroar\n|-resisted|p1a: Incineroar|1\n|-damage|p1a: Incineroar|39/100\n|\n|-heal|p2a: Sinistcha|22/100|[from] item: Leftovers\n|upkeep\n|\n|t:|1776122248\n|switch|p1b: Kommo-o|Kommo-o, L50, M|100/100\n|turn|7\n|\n|t:|1776122257\n|move|p1b: Kommo-o|Clangorous Soul|p1b: Kommo-o\n|-boost|p1b: Kommo-o|atk|1\n|-boost|p1b: Kommo-o|def|1\n|-boost|p1b: Kommo-o|spa|1\n|-boost|p1b: Kommo-o|spd|1\n|-boost|p1b: Kommo-o|spe|1\n|-damage|p1b: Kommo-o|68/100\n|move|p1a: Incineroar|Darkest Lariat|p2a: Sinistcha\n|-supereffective|p2a: Sinistcha|1\n|-damage|p2a: Sinistcha|0 fnt\n|faint|p2a: Sinistcha\n|move|p2b: Incineroar|Parting Shot|p1b: Kommo-o\n|-immune|p1b: Kommo-o|[from] ability: Soundproof\n|\n|upkeep\n|\n|t:|1776122261\n|switch|p2a: Garchomp|Garchomp, L50, F|80/100\n|turn|8\n|inactive|ArthurGate has 30 seconds left.\n|\n|t:|1776122289\n|move|p2a: Garchomp|Dragon Claw|p1b: Kommo-o\n|-supereffective|p1b: Kommo-o|1\n|-damage|p1b: Kommo-o|21/100\n|move|p1b: Kommo-o|Clanging Scales|p2a: Garchomp|[spread] p2a,p2b\n|-supereffective|p2a: Garchomp|1\n|-damage|p2a: Garchomp|0 fnt\n|-damage|p2b: Incineroar|6/100\n|faint|p2a: Garchomp\n|-unboost|p1b: Kommo-o|def|1\n|move|p1a: Incineroar|Flare Blitz|p2b: Incineroar\n|-resisted|p2b: Incineroar|1\n|-damage|p2b: Incineroar|0 fnt\n|faint|p2b: Incineroar\n|-damage|p1a: Incineroar|37/100|[from] Recoil\n|\n|win|ArthurGate\n|raw|ArthurGate's rating: 1082 &rarr; <strong>1107</strong><br />(+25 for winning)\n|raw|tr8ubl3's rating: 1045 &rarr; <strong>1030</strong><br />(-15 for losing)\n|l|\u2606tr8ubl3\n|player|p2|\n",
  "uploadtime": 1776122329,
  "views": 11,
  "formatid": "gen9championsvgc2026regma",
  "rating": 1030,
  "private": 0,
  "password": null
}