{
  "id": "gen9championsvgc2026regma-2582987221",
  "format": "[Gen 9 Champions] VGC 2026 Reg M-A",
  "players": [
    "9wtt",
    "hypno321"
  ],
  "log": "|j|\u26069wtt\n|j|\u203dhypno321\n|t:|1776131016\n|gametype|doubles\n|player|p1|9wtt|karen-gen2|1080\n|player|p2|hypno321|265|1120\n|gen|9\n|tier|[Gen 9 Champions] VGC 2026 Reg M-A\n|rated|\n|rule|Species Clause: Limit one of each Pok\u00e9mon\n|rule|Item Clause: Limit 1 of each item\n|clearpoke\n|poke|p1|Audino, L50, F|\n|poke|p1|Venusaur, L50, F|\n|poke|p1|Alakazam, L50, F|\n|poke|p1|Camerupt, L50, F|\n|poke|p1|Sinistcha-Masterpiece, L50|\n|poke|p1|Ninetales, L50, F|\n|poke|p2|Gengar, L50, M|\n|poke|p2|Politoed, L50, F|\n|poke|p2|Sinistcha, L50|\n|poke|p2|Incineroar, L50, F|\n|poke|p2|Primarina, L50, M|\n|poke|p2|Aegislash, L50, M|\n|teampreview|4\n|\n|t:|1776131049\n|teamsize|p1|4\n|teamsize|p2|4\n|start\n|switch|p1a: Alakazam|Alakazam, L50, F, shiny|100/100\n|switch|p1b: Camerupt|Camerupt, L50, F, shiny|100/100\n|switch|p2a: Primarina|Primarina, L50, M|100/100\n|switch|p2b: Gengar|Gengar, L50, M|100/100\n|turn|1\n|\n|t:|1776131072\n|detailschange|p2b: Gengar|Gengar-Mega, L50, M\n|-mega|p2b: Gengar|Gengar|Gengarite\n|move|p1b: Camerupt|Protect|p1b: Camerupt\n|-singleturn|p1b: Camerupt|Protect\n|move|p2b: Gengar|Shadow Ball|p1a: Alakazam\n|-supereffective|p1a: Alakazam|1\n|-enditem|p1a: Alakazam|Focus Sash\n|-damage|p1a: Alakazam|1/100\n|-unboost|p1a: Alakazam|spd|1\n|move|p1a: Alakazam|Psychic|p2b: Gengar\n|-supereffective|p2b: Gengar|1\n|-damage|p2b: Gengar|0 fnt\n|faint|p2b: Gengar\n|move|p2a: Primarina|Hyper Voice|p1b: Camerupt|[spread] p1a\n|-activate|p1b: Camerupt|move: Protect\n|-damage|p1a: Alakazam|0 fnt\n|faint|p1a: Alakazam\n|\n|upkeep\n|\n|t:|1776131090\n|switch|p2b: Politoed|Politoed, L50, F|100/100\n|switch|p1a: Sinistcha|Sinistcha-Masterpiece, L50, shiny|100/100\n|-weather|RainDance|[from] ability: Drizzle|[of] p2b: Politoed\n|turn|2\n|\n|t:|1776131101\n|switch|p1b: Ninetales|Ninetales, L50, F, shiny|100/100\n|-weather|SunnyDay|[from] ability: Drought|[of] p1b: Ninetales\n|move|p2b: Politoed|Encore||[still]\n|-fail|p2b: Politoed\n|move|p2a: Primarina|Hyper Voice|p1b: Ninetales|[spread] p1a,p1b\n|-resisted|p1a: Sinistcha|1\n|-supereffective|p1b: Ninetales|1\n|-damage|p1a: Sinistcha|93/100\n|-damage|p1b: Ninetales|56/100\n|move|p1a: Sinistcha|Trick Room|p1a: Sinistcha\n|-fieldstart|move: Trick Room|[of] p1a: Sinistcha\n|\n|-weather|SunnyDay|[upkeep]\n|upkeep\n|turn|3\n|\n|t:|1776131115\n|switch|p2b: Sinistcha|Sinistcha, L50|100/100\n|move|p1b: Ninetales|Helping Hand|p1a: Sinistcha\n|-singleturn|p1a: Sinistcha|Helping Hand|[of] p1b: Ninetales\n|move|p2a: Primarina|Hyper Voice|p1a: Sinistcha|[spread] p1a,p1b\n|-resisted|p1a: Sinistcha|1\n|-supereffective|p1b: Ninetales|1\n|-damage|p1a: Sinistcha|85/100\n|-damage|p1b: Ninetales|14/100\n|move|p1a: Sinistcha|Matcha Gotcha|p2a: Primarina|[spread] p2a,p2b\n|-supereffective|p2a: Primarina|1\n|-resisted|p2b: Sinistcha|1\n|-damage|p2a: Primarina|33/100\n|-heal|p1a: Sinistcha|100/100|[from] drain|[of] p2a: Primarina\n|-damage|p2b: Sinistcha|84/100\n|\n|-weather|SunnyDay|[upkeep]\n|upkeep\n|turn|4\n|\n|t:|1776131132\n|move|p2a: Primarina|Hyper Voice|p1a: Sinistcha|[spread] p1a,p1b\n|-resisted|p1a: Sinistcha|1\n|-supereffective|p1b: Ninetales|1\n|-damage|p1a: Sinistcha|93/100\n|-damage|p1b: Ninetales|0 fnt\n|faint|p1b: Ninetales\n|move|p1a: Sinistcha|Matcha Gotcha|p2a: Primarina|[spread] p2a,p2b\n|-supereffective|p2a: Primarina|1\n|-resisted|p2b: Sinistcha|1\n|-damage|p2a: Primarina|0 fnt\n|-heal|p1a: Sinistcha|100/100|[from] drain|[of] p2a: Primarina\n|-damage|p2b: Sinistcha|72/100\n|faint|p2a: Primarina\n|move|p2b: Sinistcha|Life Dew|p2b: Sinistcha\n|-heal|p2b: Sinistcha|97/100\n|\n|-weather|SunnyDay|[upkeep]\n|upkeep\n|\n|t:|1776131141\n|switch|p2a: Politoed|Politoed, L50, F|100/100\n|switch|p1b: Camerupt|Camerupt, L50, F, shiny|100/100\n|-weather|RainDance|[from] ability: Drizzle|[of] p2a: Politoed\n|turn|5\n|\n|t:|1776131149\n|detailschange|p1b: Camerupt|Camerupt-Mega, L50, F, shiny\n|-mega|p1b: Camerupt|Camerupt|Cameruptite\n|move|p1b: Camerupt|Eruption|p2b: Sinistcha|[spread] p2a,p2b\n|-resisted|p2a: Politoed|1\n|-supereffective|p2b: Sinistcha|1\n|-damage|p2a: Politoed|85/100\n|-damage|p2b: Sinistcha|32/100\n|-enditem|p2b: Sinistcha|Sitrus Berry|[eat]\n|-heal|p2b: Sinistcha|56/100|[from] item: Sitrus Berry\n|move|p1a: Sinistcha|Matcha Gotcha|p2a: Politoed|[spread] p2a,p2b\n|-supereffective|p2a: Politoed|1\n|-enditem|p2a: Politoed|Rindo Berry|[eat]\n|-enditem|p2a: Politoed|Rindo Berry|[weaken]\n|-resisted|p2b: Sinistcha|1\n|-damage|p2a: Politoed|62/100\n|-damage|p2b: Sinistcha|46/100\n|move|p2b: Sinistcha|Matcha Gotcha|p1a: Sinistcha|[spread] p1a,p1b\n|-resisted|p1a: Sinistcha|1\n|-damage|p1a: Sinistcha|90/100\n|-heal|p2b: Sinistcha|51/100|[from] drain|[of] p1a: Sinistcha\n|-damage|p1b: Camerupt|72/100\n|-heal|p2b: Sinistcha|63/100|[from] drain|[of] p1b: Camerupt\n|move|p2a: Politoed|Ice Beam|p1b: Camerupt\n|-damage|p1b: Camerupt|52/100\n|\n|-weather|RainDance|[upkeep]\n|upkeep\n|turn|6\n|\n|t:|1776131177\n|move|p2b: Sinistcha|Protect|p2b: Sinistcha\n|-singleturn|p2b: Sinistcha|Protect\n|move|p1b: Camerupt|Earth Power|p2a: Politoed\n|-damage|p2a: Politoed|0 fnt\n|faint|p2a: Politoed\n|move|p1a: Sinistcha|Matcha Gotcha|p2b: Sinistcha\n|-activate|p2b: Sinistcha|move: Protect\n|\n|-weather|RainDance|[upkeep]\n|-fieldend|move: Trick Room\n|upkeep\n|turn|7\n|\n|t:|1776131186\n|move|p1b: Camerupt|Protect|p1b: Camerupt\n|-singleturn|p1b: Camerupt|Protect\n|move|p2b: Sinistcha|Matcha Gotcha|p1b: Camerupt|[spread] p1a\n|-activate|p1b: Camerupt|move: Protect\n|-resisted|p1a: Sinistcha|1\n|-damage|p1a: Sinistcha|79/100\n|-heal|p2b: Sinistcha|69/100|[from] drain|[of] p1a: Sinistcha\n|move|p1a: Sinistcha|Trick Room|p1a: Sinistcha\n|-fieldstart|move: Trick Room|[of] p1a: Sinistcha\n|\n|-weather|RainDance|[upkeep]\n|upkeep\n|turn|8\n|\n|t:|1776131223\n|move|p1b: Camerupt|Heat Wave|p2b: Sinistcha\n|-supereffective|p2b: Sinistcha|1\n|-damage|p2b: Sinistcha|1/100\n|move|p1a: Sinistcha|Life Dew|p1a: Sinistcha|[spread] p1a,p1b\n|-heal|p1a: Sinistcha|100/100\n|-heal|p1b: Camerupt|77/100\n|move|p2b: Sinistcha|Matcha Gotcha|p1a: Sinistcha|[spread] p1a,p1b\n|-resisted|p1a: Sinistcha|1\n|-damage|p1a: Sinistcha|90/100\n|-heal|p2b: Sinistcha|7/100|[from] drain|[of] p1a: Sinistcha\n|-damage|p1b: Camerupt|49/100\n|-heal|p2b: Sinistcha|18/100|[from] drain|[of] p1b: Camerupt\n|-status|p1a: Sinistcha|brn\n|\n|-weather|RainDance|[upkeep]\n|-damage|p1a: Sinistcha|84/100 brn|[from] brn\n|upkeep\n|turn|9\n|\n|t:|1776131240\n|move|p1b: Camerupt|Heat Wave|p2b: Sinistcha\n|-supereffective|p2b: Sinistcha|1\n|-damage|p2b: Sinistcha|0 fnt\n|faint|p2b: Sinistcha\n|\n|win|9wtt\n|raw|9wtt's rating: 1080 &rarr; <strong>1111</strong><br />(+31 for winning)\n|raw|hypno321's rating: 1120 &rarr; <strong>1092</strong><br />(-28 for losing)\n",
  "uploadtime": 1776131245,
  "views": 13,
  "formatid": "gen9championsvgc2026regma",
  "rating": 1092,
  "private": 0,
  "password": null
}