{
  "id": "gen9championsvgc2026regma-2588484676",
  "format": "[Gen 9 Champions] VGC 2026 Reg M-A",
  "players": [
    "OMGTHATSYOU",
    "Rtx_sebas"
  ],
  "log": "|j|\u2606OMGTHATSYOU\n|j|\u2606Rtx_sebas\n|t:|1776637706\n|gametype|doubles\n|player|p1|OMGTHATSYOU|169|1174\n|player|p2|Rtx_sebas|101|1266\n|gen|9\n|tier|[Gen 9 Champions] VGC 2026 Reg M-A\n|rated|\n|rule|Species Clause: Limit one of each Pok\u00e9mon\n|rule|Item Clause: Limit 1 of each item\n|clearpoke\n|poke|p1|Charizard, L50, M|\n|poke|p1|Venusaur, L50, M|\n|poke|p1|Incineroar, L50, M|\n|poke|p1|Sneasler, L50, F|\n|poke|p1|Garchomp, L50, F|\n|poke|p1|Milotic, L50, M|\n|poke|p2|Charizard, L50, M|\n|poke|p2|Sneasler, L50, M|\n|poke|p2|Maushold, L50|\n|poke|p2|Venusaur, L50, M|\n|poke|p2|Sableye, L50, M|\n|poke|p2|Garchomp, L50, F|\n|teampreview|4\n|inactive|Battle timer is ON: inactive players will automatically lose when time's up. (requested by Rtx_sebas)\nRtx_sebas rejected open team sheets.\n|\n|t:|1776637748\n|teamsize|p1|4\n|teamsize|p2|4\n|start\n|switch|p1a: Milotic|Milotic, L50, M|100/100\n|switch|p1b: Incineroar|Incineroar, L50, M|100/100\n|switch|p2a: Charizard|Charizard, L50, M|100/100\n|switch|p2b: Sableye|Sableye, L50, M|100/100\n|-ability|p1b: Incineroar|Intimidate|boost\n|-unboost|p2a: Charizard|atk|1\n|-unboost|p2b: Sableye|atk|1\n|turn|1\n|inactive|OMGTHATSYOU has 30 seconds left.\n|\n|t:|1776637775\n|move|p2a: Charizard|Protect|p2a: Charizard\n|-singleturn|p2a: Charizard|Protect\n|move|p1b: Incineroar|Fake Out|p2b: Sableye\n|-immune|p2b: Sableye\n|move|p2b: Sableye|Will-O-Wisp|p1a: Milotic\n|-status|p1a: Milotic|brn\n|move|p1a: Milotic|Hypnosis|p2a: Charizard\n|-activate|p2a: Charizard|move: Protect\n|\n|-damage|p1a: Milotic|95/100 brn|[from] brn\n|upkeep\n|turn|2\n|inactive|OMGTHATSYOU has 30 seconds left.\n|inactive|Rtx_sebas has 30 seconds left.\n|\n|t:|1776637807\n|switch|p2b: Garchomp|Garchomp, L50, F|100/100\n|detailschange|p2a: Charizard|Charizard-Mega-Y, L50, M\n|-mega|p2a: Charizard|Charizard|Charizardite Y\n|-weather|SunnyDay|[from] ability: Drought|[of] p2a: Charizard\n|move|p2a: Charizard|Heat Wave|p1b: Incineroar|[spread] p1a,p1b\n|-resisted|p1a: Milotic|1\n|-resisted|p1b: Incineroar|1\n|-damage|p1a: Milotic|72/100 brn\n|-damage|p1b: Incineroar|75/100\n|move|p1a: Milotic|Hypnosis|p2a: Charizard|[miss]\n|-miss|p1a: Milotic|p2a: Charizard\n|move|p1b: Incineroar|Parting Shot|p2a: Charizard\n|-unboost|p2a: Charizard|atk|1\n|-unboost|p2a: Charizard|spa|1\n|\n|t:|1776637822\n|switch|p1b: Venusaur|Venusaur, L50, M|100/100|[from] Parting Shot\n|\n|-weather|SunnyDay|[upkeep]\n|-damage|p1a: Milotic|66/100 brn|[from] brn\n|upkeep\n|turn|3\n|inactive|OMGTHATSYOU has 30 seconds left.\n|inactive|OMGTHATSYOU has 20 seconds left.\n|inactive|OMGTHATSYOU has 15 seconds left.\n|inactive|OMGTHATSYOU has 10 seconds left.\n|\n|t:|1776637867\n|switch|p2a: Sableye|Sableye, L50, M|100/100\n|move|p2b: Garchomp|Protect|p2b: Garchomp\n|-singleturn|p2b: Garchomp|Protect\n|move|p1b: Venusaur|Sleep Powder|p2b: Garchomp\n|-activate|p2b: Garchomp|move: Protect\n|move|p1a: Milotic|Hypnosis|p2a: Sableye\n|-status|p2a: Sableye|slp|[from] move: Hypnosis\n|\n|-weather|SunnyDay|[upkeep]\n|-damage|p1a: Milotic|60/100 brn|[from] brn\n|upkeep\n|turn|4\n|inactive|Rtx_sebas has 30 seconds left.\n|\n|t:|1776637895\n|cant|p2a: Sableye|slp\n|move|p1b: Venusaur|Sleep Powder|p2b: Garchomp|[miss]\n|-miss|p1b: Venusaur|p2b: Garchomp\n|move|p2b: Garchomp|Rock Slide|p1a: Milotic|[spread] p1a\n|-miss|p2b: Garchomp|p1b: Venusaur\n|-damage|p1a: Milotic|44/100 brn\n|-enditem|p1a: Milotic|Sitrus Berry|[eat]\n|-heal|p1a: Milotic|68/100 brn|[from] item: Sitrus Berry\n|cant|p1a: Milotic|flinch\n|\n|-weather|SunnyDay|[upkeep]\n|-damage|p1a: Milotic|62/100 brn|[from] brn\n|upkeep\n|turn|5\n|\n|t:|1776637919\n|cant|p2a: Sableye|slp\n|move|p1b: Venusaur|Leaf Storm|p2b: Garchomp\n|-damage|p2b: Garchomp|39/100\n|-unboost|p1b: Venusaur|spa|2\n|move|p2b: Garchomp|Rock Slide|p1a: Milotic|[spread] p1a,p1b\n|-crit|p1b: Venusaur\n|-damage|p1a: Milotic|46/100 brn\n|-damage|p1b: Venusaur|59/100\n|move|p1a: Milotic|Scald|p2b: Garchomp\n|-crit|p2b: Garchomp\n|-damage|p2b: Garchomp|17/100\n|\n|-weather|SunnyDay|[upkeep]\n|-damage|p1a: Milotic|40/100 brn|[from] brn\n|upkeep\n|turn|6\n|inactive|OMGTHATSYOU has 30 seconds left.\n|inactive|Rtx_sebas has 30 seconds left.\n|inactive|Rtx_sebas has 20 seconds left.\n|\n|t:|1776637957\n|switch|p2b: Charizard|Charizard-Mega-Y, L50, M|100/100\n|-curestatus|p2a: Sableye|slp|[msg]\n|move|p2a: Sableye|Encore|p1b: Venusaur\n|-start|p1b: Venusaur|Encore\n|move|p1b: Venusaur|Leaf Storm|p2b: Charizard\n|-resisted|p2b: Charizard|2\n|-damage|p2b: Charizard|94/100\n|-unboost|p1b: Venusaur|spa|2\n|move|p1a: Milotic|Recover|p1a: Milotic\n|-heal|p1a: Milotic|90/100 brn\n|\n|-weather|none\n|-damage|p1a: Milotic|84/100 brn|[from] brn\n|upkeep\n|turn|7\n|\n|t:|1776637982\n|switch|p1b: Incineroar|Incineroar, L50, M|75/100\n|-ability|p1b: Incineroar|Intimidate|boost\n|-unboost|p2a: Sableye|atk|1\n|-unboost|p2b: Charizard|atk|1\n|move|p2a: Sableye|Encore|p1a: Milotic\n|-start|p1a: Milotic|Encore\n|move|p2b: Charizard|Heat Wave|p1a: Milotic|[spread] p1a,p1b\n|-resisted|p1a: Milotic|1\n|-resisted|p1b: Incineroar|1\n|-damage|p1a: Milotic|69/100 brn\n|-damage|p1b: Incineroar|58/100\n|move|p1a: Milotic|Recover|p1a: Milotic\n|-heal|p1a: Milotic|100/100 brn\n|\n|-damage|p1a: Milotic|95/100 brn|[from] brn\n|upkeep\n|turn|8\n|inactive|Rtx_sebas has 30 seconds left.\n|\n|t:|1776638013\n|switch|p2a: Sneasler|Sneasler, L50, M|100/100\n|move|p2b: Charizard|Protect|p2b: Charizard\n|-singleturn|p2b: Charizard|Protect\n|move|p1a: Milotic|Recover|p1a: Milotic\n|-heal|p1a: Milotic|100/100 brn\n|move|p1b: Incineroar|Parting Shot|p2b: Charizard\n|-activate|p2b: Charizard|move: Protect\n|\n|-damage|p1a: Milotic|95/100 brn|[from] brn\n|upkeep\n|turn|9\n|\n|t:|1776638037\n|move|p2a: Sneasler|Close Combat|p1b: Incineroar\n|-supereffective|p1b: Incineroar|1\n|-damage|p1b: Incineroar|0 fnt\n|-unboost|p2a: Sneasler|def|1\n|-unboost|p2a: Sneasler|spd|1\n|faint|p1b: Incineroar\n|-enditem|p2a: Sneasler|White Herb\n|-clearnegativeboost|p2a: Sneasler|[silent]\n|move|p2b: Charizard|Air Slash|p1a: Milotic\n|-damage|p1a: Milotic|63/100 brn\n|move|p1a: Milotic|Recover|p1a: Milotic\n|-heal|p1a: Milotic|100/100 brn\n|\n|-damage|p1a: Milotic|95/100 brn|[from] brn\n|-end|p1a: Milotic|Encore\n|upkeep\n|\n|t:|1776638058\n|switch|p1b: Charizard|Charizard, L50, M|100/100\n|turn|10\n|\n|t:|1776638072\n|detailschange|p1b: Charizard|Charizard-Mega-Y, L50, M\n|-mega|p1b: Charizard|Charizard|Charizardite Y\n|-weather|SunnyDay|[from] ability: Drought|[of] p1b: Charizard\n|move|p2a: Sneasler|Protect|p2a: Sneasler\n|-singleturn|p2a: Sneasler|Protect\n|move|p1b: Charizard|Heat Wave|p2b: Charizard|[spread] p2b\n|-activate|p2a: Sneasler|move: Protect\n|-resisted|p2b: Charizard|1\n|-damage|p2b: Charizard|59/100\n|move|p2b: Charizard|Heat Wave|p1b: Charizard|[spread] p1a,p1b\n|-resisted|p1a: Milotic|1\n|-resisted|p1b: Charizard|1\n|-damage|p1a: Milotic|72/100 brn\n|-damage|p1b: Charizard|70/100\n|move|p1a: Milotic|Coil|p1a: Milotic\n|-boost|p1a: Milotic|atk|1\n|-boost|p1a: Milotic|def|1\n|-boost|p1a: Milotic|accuracy|1\n|\n|-weather|SunnyDay|[upkeep]\n|-damage|p1a: Milotic|66/100 brn|[from] brn\n|upkeep\n|turn|11\n|inactive|OMGTHATSYOU has 30 seconds left.\n|inactive|Rtx_sebas has 30 seconds left.\n|\n|t:|1776638101\n|move|p2a: Sneasler|Dire Claw|p1b: Charizard\n|-damage|p1b: Charizard|20/100\n|-status|p1b: Charizard|par\n|move|p2b: Charizard|Air Slash|p1b: Charizard|[miss]\n|-miss|p2b: Charizard|p1b: Charizard\n|move|p1a: Milotic|Hypnosis|p2a: Sneasler\n|-status|p2a: Sneasler|slp|[from] move: Hypnosis\n|cant|p1b: Charizard|par\n|\n|-weather|SunnyDay|[upkeep]\n|-damage|p1a: Milotic|60/100 brn|[from] brn\n|upkeep\n|turn|12\n|inactive|OMGTHATSYOU has 30 seconds left.\n|inactive|Rtx_sebas has 30 seconds left.\n|\n|t:|1776638131\n|move|p1b: Charizard|Protect|p1b: Charizard\n|-singleturn|p1b: Charizard|Protect\n|cant|p2a: Sneasler|slp\n|move|p2b: Charizard|Heat Wave|p1a: Milotic|[spread] p1a\n|-activate|p1b: Charizard|move: Protect\n|-resisted|p1a: Milotic|1\n|-damage|p1a: Milotic|35/100 brn\n|move|p1a: Milotic|Scald|p2b: Charizard\n|-supereffective|p2b: Charizard|1\n|-damage|p2b: Charizard|30/100\n|\n|-weather|SunnyDay|[upkeep]\n|-damage|p1a: Milotic|29/100 brn|[from] brn\n|upkeep\n|turn|13\n|\n|t:|1776638150\n|cant|p2a: Sneasler|slp\n|move|p2b: Charizard|Heat Wave|p1b: Charizard|[spread] p1a,p1b\n|-resisted|p1a: Milotic|1\n|-resisted|p1b: Charizard|1\n|-damage|p1a: Milotic|6/100 brn\n|-damage|p1b: Charizard|0 fnt\n|faint|p1b: Charizard\n|move|p1a: Milotic|Recover|p1a: Milotic\n|-heal|p1a: Milotic|56/100 brn\n|\n|-weather|SunnyDay|[upkeep]\n|-damage|p1a: Milotic|50/100 brn|[from] brn\n|upkeep\n|\n|t:|1776638162\n|switch|p1b: Venusaur|Venusaur, L50, M|59/100\n|turn|14\n|\n|t:|1776638181\n|move|p2b: Charizard|Protect|p2b: Charizard\n|-singleturn|p2b: Charizard|Protect\n|-curestatus|p2a: Sneasler|slp|[msg]\n|move|p2a: Sneasler|Dire Claw|p1b: Venusaur\n|-damage|p1b: Venusaur|1/100\n|move|p1b: Venusaur|Sleep Powder|p2b: Charizard\n|-activate|p2b: Charizard|move: Protect\n|move|p1a: Milotic|Scald|p2b: Charizard\n|-activate|p2b: Charizard|move: Protect\n|\n|-weather|none\n|-damage|p1a: Milotic|45/100 brn|[from] brn\n|upkeep\n|turn|15\n|c|\u2606Rtx_sebas|Gg\n|\n|t:|1776638203\n|move|p2a: Sneasler|Dire Claw|p1b: Venusaur\n|-damage|p1b: Venusaur|0 fnt\n|faint|p1b: Venusaur\n|move|p2b: Charizard|Overheat|p1a: Milotic\n|-resisted|p1a: Milotic|1\n|-damage|p1a: Milotic|14/100 brn\n|-unboost|p2b: Charizard|spa|2\n|move|p1a: Milotic|Scald|p2b: Charizard\n|-supereffective|p2b: Charizard|1\n|-damage|p2b: Charizard|0 fnt\n|faint|p2b: Charizard\n|\n|-damage|p1a: Milotic|8/100 brn|[from] brn\n|upkeep\n|\n|t:|1776638215\n|switch|p2b: Sableye|Sableye, L50, M|100/100\n|turn|16\n|-message|OMGTHATSYOU forfeited.\n|\n|win|Rtx_sebas\n|raw|OMGTHATSYOU's rating: 1174 &rarr; <strong>1155</strong><br />(-19 for losing)\n|raw|Rtx_sebas's rating: 1266 &rarr; <strong>1285</strong><br />(+19 for winning)\n|l|\u2606OMGTHATSYOU\n|player|p1|\n",
  "uploadtime": 1776638230,
  "views": 17,
  "formatid": "gen9championsvgc2026regma",
  "rating": 1155,
  "private": 0,
  "password": null
}