{
  "id": "gen9championsvgc2026regma-2586646697",
  "format": "[Gen 9 Champions] VGC 2026 Reg M-A",
  "players": [
    "managlue",
    "Toil and Rot"
  ],
  "log": "|j|\u2606managlue\n|j|\u2606Toil and Rot\n|t:|1776449184\n|gametype|doubles\n|player|p1|managlue|blue|1040\n|player|p2|Toil and Rot|psychicf-gen4|1013\n|gen|9\n|tier|[Gen 9 Champions] VGC 2026 Reg M-A\n|rated|\n|rule|Species Clause: Limit one of each Pok\u00e9mon\n|rule|Item Clause: Limit 1 of each item\n|clearpoke\n|poke|p1|Tyranitar, L50, F|\n|poke|p1|Sinistcha, L50|\n|poke|p1|Kommo-o, L50, F|\n|poke|p1|Aegislash, L50, M|\n|poke|p1|Aerodactyl, L50, F|\n|poke|p1|Incineroar, L50, M|\n|poke|p2|Tyranitar, L50, F|\n|poke|p2|Sinistcha, L50|\n|poke|p2|Corviknight, L50, F|\n|poke|p2|Incineroar, L50, M|\n|poke|p2|Glimmora, L50, M|\n|poke|p2|Farigiraf, L50, F|\n|teampreview|4\n|inactive|Battle timer is ON: inactive players will automatically lose when time's up. (requested by Toil and Rot)\n|inactive|managlue also wants the timer to be on.\n|inactive|managlue has 60 seconds left.\n|inactive|Toil and Rot has 60 seconds left.\n|\n|t:|1776449230\n|teamsize|p1|4\n|teamsize|p2|4\n|start\n|switch|p1a: Sinistcha|Sinistcha, L50|100/100\n|switch|p1b: Kommo-o|Kommo-o, L50, F|100/100\n|switch|p2a: Sinistcha|Sinistcha, L50|100/100\n|switch|p2b: Farigiraf|Farigiraf, L50, F|100/100\n|turn|1\n|inactive|managlue has 30 seconds left.\n|inactive|Toil and Rot has 30 seconds left.\n|inactive|Toil and Rot has 20 seconds left.\n|inactive|Toil and Rot has 15 seconds left.\n|inactive|Toil and Rot has 10 seconds left.\n|\n|t:|1776449285\n|move|p2a: Sinistcha|Protect|p2a: Sinistcha\n|-singleturn|p2a: Sinistcha|Protect\n|move|p1b: Kommo-o|Clangorous Soul|p1b: Kommo-o\n|-boost|p1b: Kommo-o|atk|1\n|-boost|p1b: Kommo-o|def|1\n|-boost|p1b: Kommo-o|spa|1\n|-boost|p1b: Kommo-o|spd|1\n|-boost|p1b: Kommo-o|spe|1\n|-damage|p1b: Kommo-o|68/100\n|move|p1a: Sinistcha|Trick Room|p1a: Sinistcha\n|-fieldstart|move: Trick Room|[of] p1a: Sinistcha\n|move|p2b: Farigiraf|Trick Room|p2b: Farigiraf\n|-fieldend|move: Trick Room\n|\n|-heal|p1b: Kommo-o|74/100|[from] item: Leftovers\n|upkeep\n|turn|2\n|\n|t:|1776449307\n|move|p1b: Kommo-o|Clanging Scales|p2b: Farigiraf|[spread] p2a,p2b\n|-crit|p2a: Sinistcha\n|-crit|p2b: Farigiraf\n|-damage|p2a: Sinistcha|26/100\n|-damage|p2b: Farigiraf|9/100\n|-unboost|p1b: Kommo-o|def|1\n|move|p1a: Sinistcha|Life Dew||[still]|[spread] p1a,p1b\n|-fail|p1a: Sinistcha|heal\n|-heal|p1b: Kommo-o|99/100\n|move|p2b: Farigiraf|Dazzling Gleam|p1b: Kommo-o|[spread] p1a,p1b\n|-supereffective|p1b: Kommo-o|2\n|-damage|p1a: Sinistcha|80/100\n|-damage|p1b: Kommo-o|45/100\n|move|p2a: Sinistcha|Trick Room|p2a: Sinistcha\n|-fieldstart|move: Trick Room|[of] p2a: Sinistcha\n|\n|-heal|p2b: Farigiraf|15/100|[from] item: Leftovers\n|-heal|p1b: Kommo-o|51/100|[from] item: Leftovers\n|upkeep\n|turn|3\n|inactive|managlue has 30 seconds left.\n|inactive|Toil and Rot has 30 seconds left.\n|\n|t:|1776449333\n|move|p1b: Kommo-o|Protect|p1b: Kommo-o\n|-singleturn|p1b: Kommo-o|Protect\n|move|p2b: Farigiraf|Dazzling Gleam|p1b: Kommo-o|[spread] p1a\n|-activate|p1b: Kommo-o|move: Protect\n|-damage|p1a: Sinistcha|62/100\n|move|p2a: Sinistcha|Matcha Gotcha|p1b: Kommo-o|[spread] p1a\n|-activate|p1b: Kommo-o|move: Protect\n|-resisted|p1a: Sinistcha|1\n|-damage|p1a: Sinistcha|50/100\n|-heal|p2a: Sinistcha|32/100|[from] drain|[of] p1a: Sinistcha\n|-enditem|p1a: Sinistcha|Sitrus Berry|[eat]\n|-heal|p1a: Sinistcha|75/100|[from] item: Sitrus Berry\n|move|p1a: Sinistcha|Life Dew|p1a: Sinistcha|[spread] p1a,p1b\n|-heal|p1a: Sinistcha|100/100\n|-heal|p1b: Kommo-o|76/100\n|\n|-heal|p2b: Farigiraf|21/100|[from] item: Leftovers\n|-heal|p1b: Kommo-o|82/100|[from] item: Leftovers\n|upkeep\n|turn|4\n|inactive|Toil and Rot has 30 seconds left.\n|inactive|Toil and Rot has 20 seconds left.\n|\n|t:|1776449369\n|switch|p2a: Corviknight|Corviknight, L50, F|100/100\n|move|p2b: Farigiraf|Imprison|p2b: Farigiraf\n|-start|p2b: Farigiraf|move: Imprison\n|move|p1a: Sinistcha|Life Dew||[still]|[spread] p1a,p1b\n|-fail|p1a: Sinistcha|heal\n|-heal|p1b: Kommo-o|100/100\n|move|p1b: Kommo-o|Clanging Scales|p2a: Corviknight|[spread] p2a,p2b\n|-resisted|p2a: Corviknight|1\n|-damage|p2a: Corviknight|74/100\n|-damage|p2b: Farigiraf|0 fnt\n|faint|p2b: Farigiraf\n|-unboost|p1b: Kommo-o|def|1\n|\n|upkeep\n|\n|t:|1776449389\n|switch|p2b: Tyranitar|Tyranitar, L50, F|100/100\n|-weather|Sandstorm|[from] ability: Sand Stream|[of] p2b: Tyranitar\n|turn|5\n|inactive|Toil and Rot has 30 seconds left.\n|inactive|Toil and Rot has 20 seconds left.\n|inactive|Toil and Rot has 15 seconds left.\n|inactive|Toil and Rot has 10 seconds left.\n|\n|t:|1776449438\n|detailschange|p2b: Tyranitar|Tyranitar-Mega, L50, F\n|-mega|p2b: Tyranitar|Tyranitar|Tyranitarite\n|move|p1b: Kommo-o|Protect|p1b: Kommo-o\n|-singleturn|p1b: Kommo-o|Protect\n|move|p2a: Corviknight|Iron Defense|p2a: Corviknight\n|-boost|p2a: Corviknight|def|2\n|move|p2b: Tyranitar|Curse|p2b: Tyranitar\n|-unboost|p2b: Tyranitar|spe|1\n|-boost|p2b: Tyranitar|atk|1\n|-boost|p2b: Tyranitar|def|1\n|move|p1a: Sinistcha|Trick Room|p1a: Sinistcha\n|-fieldend|move: Trick Room\n|\n|-weather|Sandstorm|[upkeep]\n|-damage|p1a: Sinistcha|94/100|[from] Sandstorm\n|upkeep\n|turn|6\n|inactive|Toil and Rot has 30 seconds left.\n|inactive|Toil and Rot has 20 seconds left.\n|inactive|Toil and Rot has 15 seconds left.\n|inactive|Toil and Rot has 10 seconds left.\n|\n|t:|1776449486\n|switch|p1a: Incineroar|Incineroar, L50, M|100/100\n|-ability|p1a: Incineroar|Intimidate|boost\n|-ability|p2a: Corviknight|Mirror Armor\n|-unboost|p1a: Incineroar|atk|1\n|-unboost|p2b: Tyranitar|atk|1\n|move|p1b: Kommo-o|Aura Sphere|p2b: Tyranitar\n|-supereffective|p2b: Tyranitar|2\n|-damage|p2b: Tyranitar|0 fnt\n|faint|p2b: Tyranitar\n|move|p2a: Corviknight|Brave Bird|p1b: Kommo-o\n|-supereffective|p1b: Kommo-o|1\n|-damage|p1b: Kommo-o|5/100\n|-damage|p2a: Corviknight|48/100|[from] Recoil\n|-enditem|p2a: Corviknight|Sitrus Berry|[eat]\n|-heal|p2a: Corviknight|73/100|[from] item: Sitrus Berry\n|\n|-weather|Sandstorm|[upkeep]\n|-damage|p1a: Incineroar|95/100|[from] Sandstorm\n|-heal|p1b: Kommo-o|11/100|[from] item: Leftovers\n|upkeep\n|\n|t:|1776449499\n|switch|p2b: Sinistcha|Sinistcha, L50|32/100\n|-heal|p2a: Corviknight|98/100|[from] ability: Hospitality|[of] p2b: Sinistcha\n|turn|7\n|\n|t:|1776449510\n|switch|p1a: Sinistcha|Sinistcha, L50|94/100\n|-heal|p1b: Kommo-o|36/100|[from] ability: Hospitality|[of] p1a: Sinistcha\n|move|p2a: Corviknight|Protect|p2a: Corviknight\n|-singleturn|p2a: Corviknight|Protect\n|move|p1b: Kommo-o|Clanging Scales|p2b: Sinistcha|[spread] p2b\n|-activate|p2a: Corviknight|move: Protect\n|-damage|p2b: Sinistcha|0 fnt\n|faint|p2b: Sinistcha\n|-unboost|p1b: Kommo-o|def|1\n|\n|-weather|Sandstorm|[upkeep]\n|-damage|p1a: Sinistcha|88/100|[from] Sandstorm\n|-heal|p1b: Kommo-o|42/100|[from] item: Leftovers\n|upkeep\n|turn|8\n|-message|Toil and Rot forfeited.\n|\n|win|managlue\n|raw|managlue's rating: 1040 &rarr; <strong>1071</strong><br />(+31 for winning)\n|raw|Toil and Rot's rating: 1013 &rarr; <strong>1002</strong><br />(-11 for losing)\n|l|\u2606Toil and Rot\n|player|p2|\n",
  "uploadtime": 1776449527,
  "views": 28,
  "formatid": "gen9championsvgc2026regma",
  "rating": 1002,
  "private": 0,
  "password": null
}