{
  "id": "gen9championsvgc2026regma-2584862228",
  "format": "[Gen 9 Champions] VGC 2026 Reg M-A",
  "players": [
    "Mori1511656",
    "LuichoX"
  ],
  "log": "|j|\u2606Mori1511656\n|j|\u2606LuichoX\n|t:|1776289544\n|gametype|doubles\n|player|p1|Mori1511656|266|1085\n|player|p2|LuichoX|candice|1000\n|gen|9\n|tier|[Gen 9 Champions] VGC 2026 Reg M-A\n|rated|\n|rule|Species Clause: Limit one of each Pok\u00e9mon\n|rule|Item Clause: Limit 1 of each item\n|clearpoke\n|poke|p1|Charizard, L50, M|\n|poke|p1|Kingambit, L50, M|\n|poke|p1|Incineroar, L50, F|\n|poke|p1|Floette-Eternal, L50, F|\n|poke|p1|Aerodactyl, L50, F|\n|poke|p1|Sneasler, L50, M|\n|poke|p2|Sneasler, L50, F|\n|poke|p2|Floette-Eternal, L50, F|\n|poke|p2|Aerodactyl, L50, M|\n|poke|p2|Sinistcha, L50|\n|poke|p2|Incineroar, L50, M|\n|poke|p2|Garchomp, L50, M|\n|teampreview|4\n|inactive|Battle timer is ON: inactive players will automatically lose when time's up. (requested by LuichoX)\n|\n|t:|1776289578\n|teamsize|p1|4\n|teamsize|p2|4\n|start\n|switch|p1a: Floette|Floette-Eternal, L50, F|100/100\n|switch|p1b: Aerodactyl|Aerodactyl, L50, F|100/100\n|switch|p2a: Aerodactyl|Aerodactyl, L50, M|100/100\n|switch|p2b: Sneasler|Sneasler, L50, F|100/100\n|-ability|p2a: Aerodactyl|Unnerve\n|-ability|p1b: Aerodactyl|Unnerve\n|turn|1\n|\n|t:|1776289603\n|detailschange|p1a: Floette|Floette-Mega, L50, F\n|-mega|p1a: Floette|Floette|Floettite\n|-ability|p1a: Floette|Fairy Aura\n|move|p2b: Sneasler|Fake Out|p1b: Aerodactyl\n|-resisted|p1b: Aerodactyl|1\n|-damage|p1b: Aerodactyl|89/100\n|move|p2a: Aerodactyl|Tailwind|p2a: Aerodactyl\n|-sidestart|p2: LuichoX|move: Tailwind\n|cant|p1b: Aerodactyl|flinch\n|move|p1a: Floette|Calm Mind|p1a: Floette\n|-boost|p1a: Floette|spa|1\n|-boost|p1a: Floette|spd|1\n|\n|upkeep\n|turn|2\n|\n|t:|1776289619\n|move|p2a: Aerodactyl|Taunt|p1b: Aerodactyl\n|-start|p1b: Aerodactyl|move: Taunt\n|move|p2b: Sneasler|Dire Claw|p1a: Floette\n|-supereffective|p1a: Floette|1\n|-damage|p1a: Floette|20/100\n|cant|p1b: Aerodactyl|move: Taunt|Tailwind\n|move|p1a: Floette|Dazzling Gleam|p2b: Sneasler|[spread] p2a,p2b\n|-damage|p2a: Aerodactyl|18/100\n|-damage|p2b: Sneasler|24/100\n|\n|upkeep\n|turn|3\n|\n|t:|1776289637\n|switch|p1b: Incineroar|Incineroar, L50, F|100/100\n|-ability|p1b: Incineroar|Intimidate|boost\n|-unboost|p2a: Aerodactyl|atk|1\n|-unboost|p2b: Sneasler|atk|1\n|-enditem|p2b: Sneasler|White Herb\n|-clearnegativeboost|p2b: Sneasler|[silent]\n|move|p1a: Floette|Protect|p1a: Floette\n|-singleturn|p1a: Floette|Protect\n|move|p2b: Sneasler|Close Combat|p1b: Incineroar\n|-supereffective|p1b: Incineroar|1\n|-damage|p1b: Incineroar|0 fnt\n|-unboost|p2b: Sneasler|def|1\n|-unboost|p2b: Sneasler|spd|1\n|faint|p1b: Incineroar\n|move|p2a: Aerodactyl|Dual Wingbeat|p1a: Floette\n|-activate|p1a: Floette|move: Protect\n|\n|upkeep\n|\n|t:|1776289656\n|switch|p1b: Aerodactyl|Aerodactyl, L50, F|89/100\n|-ability|p1b: Aerodactyl|Unnerve\n|turn|4\n|\n|t:|1776289666\n|switch|p1a: Sneasler|Sneasler, L50, M|100/100\n|move|p2b: Sneasler|Close Combat|p1b: Aerodactyl\n|-damage|p1b: Aerodactyl|0 fnt\n|-unboost|p2b: Sneasler|def|1\n|-unboost|p2b: Sneasler|spd|1\n|faint|p1b: Aerodactyl\n|move|p2a: Aerodactyl|Dual Wingbeat|p1a: Sneasler\n|-supereffective|p1a: Sneasler|1\n|-damage|p1a: Sneasler|58/100\n|-supereffective|p1a: Sneasler|1\n|-damage|p1a: Sneasler|16/100\n|-hitcount|p1a: Sneasler|2\n|\n|-sideend|p2: LuichoX|move: Tailwind\n|upkeep\n|\n|t:|1776289680\n|switch|p1b: Floette|Floette-Mega, L50, F|20/100\n|-ability|p1b: Floette|Fairy Aura\n|turn|5\n|\n|t:|1776289692\n|move|p2b: Sneasler|Protect|p2b: Sneasler\n|-singleturn|p2b: Sneasler|Protect\n|move|p1a: Sneasler|Fake Out|p2b: Sneasler\n|-activate|p2b: Sneasler|move: Protect\n|move|p2a: Aerodactyl|Dual Wingbeat|p1a: Sneasler\n|-supereffective|p1a: Sneasler|1\n|-damage|p1a: Sneasler|0 fnt\n|faint|p1a: Sneasler\n|-hitcount|p1: Sneasler|1\n|move|p1b: Floette|Dazzling Gleam|p2a: Aerodactyl|[spread] p2a\n|-activate|p2b: Sneasler|move: Protect\n|-damage|p2a: Aerodactyl|0 fnt\n|faint|p2a: Aerodactyl\n|\n|upkeep\n|\n|t:|1776289697\n|switch|p2a: Floette|Floette-Eternal, L50, F|100/100\n|turn|6\n|-message|Mori1511656 forfeited.\n|\n|win|LuichoX\n|raw|Mori1511656's rating: 1085 &rarr; <strong>1057</strong><br />(-28 for losing)\n|raw|LuichoX's rating: 1000 &rarr; <strong>1050</strong><br />(+50 for winning)\n|l|\u2606Mori1511656\n|player|p1|\n",
  "uploadtime": 1776289724,
  "views": 18,
  "formatid": "gen9championsvgc2026regma",
  "rating": 1050,
  "private": 0,
  "password": null
}