{
  "id": "gen9championsvgc2026regma-2581815439",
  "format": "[Gen 9 Champions] VGC 2026 Reg M-A",
  "players": [
    "Plopy14",
    "pengu"
  ],
  "log": "|j|\u2606Plopy14\n|j|\u2606pengu\n|t:|1776030662\n|gametype|doubles\n|player|p1|Plopy14|bugcatcher|\n|player|p2|pengu|rosa-masters|\n|gen|9\n|tier|[Gen 9 Champions] VGC 2026 Reg M-A\n|rated|Tournament battle\n|rule|Species Clause: Limit one of each Pok\u00e9mon\n|rule|Item Clause: Limit 1 of each item\n|raw|<div class=\"infobox\"><details class=\"readmore\" open><summary><strong>1 custom rule:</strong></summary> Force Open Team Sheets</details></div>\n|clearpoke\n|poke|p1|Garchomp, L50, M|\n|poke|p1|Tyranitar, L50, F|\n|poke|p1|Sinistcha, L50|\n|poke|p1|Rotom-Heat, L50|\n|poke|p2|Pelipper, L50, F|\n|poke|p2|Aegislash, L50, F|\n|poke|p2|Meganium, L50, M|\n|poke|p2|Sneasler, L50, M|\n|poke|p2|Basculegion, L50, M|\n|poke|p2|Farigiraf, L50, M|\n|teampreview|4\n|showteam|p1|Garchomp||Leftovers|SandVeil|Earthquake,DragonClaw,Substitute,Protect|||M|||50|]Tyranitar||Tyranitarite|SandStream|RockSlide,KnockOff,DragonDance,Protect|||F|||50|]Sinistcha||SitrusBerry|Hospitality|MatchaGotcha,StrengthSap,RagePowder,LifeDew||||||50|]Rotom-Heat||ChoiceScarf|Levitate|Thunderbolt,Overheat,VoltSwitch,Trick||||||50|\n|showteam|p2|Pelipper||FocusSash|Drizzle|WeatherBall,Hurricane,Tailwind,Protect|||F|||50|]Aegislash||Leftovers|StanceChange|Poltergeist,SacredSword,WideGuard,KingsShield|||F|||50|]Meganium||Meganiumite|Overgrow|SolarBeam,DazzlingGleam,WeatherBall,Protect|||M|||50|]Sneasler||ChoiceScarf|PoisonTouch|Uturn,CloseCombat,DireClaw,RockSlide|||M|||50|]Basculegion||MysticWater|SwiftSwim|WaveCrash,FlipTurn,LastRespects,Protect|||M|||50|]Farigiraf||SitrusBerry|ArmorTail|HyperVoice,Psychic,TrickRoom,Protect|||M|||50|\n|inactive|Battle timer is ON: inactive players will automatically lose when time's up. (requested by pengu)\n|j| Tindall64\n|c|\u2606pengu|hf\n|j| blennau101\n|j| maxdeesevgc\n|j| bl00dm4fia banker\n|\n|t:|1776030681\n|teamsize|p1|4\n|teamsize|p2|4\n|start\n|switch|p1a: Rotom|Rotom-Heat, L50|100/100\n|switch|p1b: Garchomp|Garchomp, L50, M|100/100\n|switch|p2a: Sneasler|Sneasler, L50, M|100/100\n|switch|p2b: Basculegion|Basculegion, L50, M|100/100\n|turn|1\n|j| Ducktile\n|inactive|Plopy14 has 30 seconds left.\n|inactive|pengu has 30 seconds left.\n|inactive|Plopy14 has 20 seconds left.\n|\n|t:|1776030721\n|switch|p1a: Sinistcha|Sinistcha, L50|100/100\n|move|p2a: Sneasler|U-turn|p1b: Garchomp\n|-damage|p1b: Garchomp|79/100\n|-status|p1b: Garchomp|psn|[from] ability: Poison Touch|[of] p2a: Sneasler\n|\n|t:|1776030729\n|switch|p2a: Pelipper|Pelipper, L50, F|100/100|[from] U-turn\n|-weather|RainDance|[from] ability: Drizzle|[of] p2a: Pelipper\n|move|p2b: Basculegion|Flip Turn|p1a: Sinistcha\n|-resisted|p1a: Sinistcha|1\n|-damage|p1a: Sinistcha|78/100\n|\n|t:|1776030730\n|switch|p2b: Meganium|Meganium, L50, M|100/100|[from] Flip Turn\n|move|p1b: Garchomp|Substitute|p1b: Garchomp\n|-start|p1b: Garchomp|Substitute\n|-damage|p1b: Garchomp|54/100 psn\n|\n|-weather|RainDance|[upkeep]\n|-heal|p1b: Garchomp|60/100 psn|[from] item: Leftovers\n|-damage|p1b: Garchomp|48/100 psn|[from] psn\n|upkeep\n|turn|2\n|j| H4irashi\n|l| bl00dm4fia banker\n|j|@Radio Free C-Side\n|l| H4irashi\n|j| Duck-Monke\n|\n|t:|1776030751\n|switch|p2a: Basculegion|Basculegion, L50, M|100/100\n|switch|p1a: Rotom|Rotom-Heat, L50|100/100\n|detailschange|p2b: Meganium|Meganium-Mega, L50, M\n|-mega|p2b: Meganium|Meganium|Meganiumite\n|move|p1b: Garchomp|Dragon Claw|p2a: Basculegion\n|-damage|p2a: Basculegion|48/100\n|move|p2b: Meganium|Dazzling Gleam|p1b: Garchomp|[spread] p1a,p1b\n|-supereffective|p1b: Garchomp|1\n|-end|p1b: Garchomp|Substitute\n|-resisted|p1a: Rotom|1\n|-damage|p1a: Rotom|80/100\n|\n|-weather|RainDance|[upkeep]\n|-heal|p1b: Garchomp|54/100 psn|[from] item: Leftovers\n|-damage|p1b: Garchomp|42/100 psn|[from] psn\n|upkeep\n|turn|3\n|l| Duck-Monke\n|\n|t:|1776030775\n|switch|p1b: Tyranitar|Tyranitar, L50, F|100/100\n|-weather|Sandstorm|[from] ability: Sand Stream|[of] p1b: Tyranitar\n|switch|p2b: Pelipper|Pelipper, L50, F|100/100\n|-weather|RainDance|[from] ability: Drizzle|[of] p2b: Pelipper\n|move|p2a: Basculegion|Flip Turn|p1a: Rotom\n|-supereffective|p1a: Rotom|1\n|-damage|p1a: Rotom|0 fnt\n|faint|p1a: Rotom\n|\n|t:|1776030781\n|switch|p2a: Sneasler|Sneasler, L50, M|100/100|[from] Flip Turn\n|\n|-weather|RainDance|[upkeep]\n|upkeep\n|\n|t:|1776030783\n|switch|p1a: Sinistcha|Sinistcha, L50|78/100\n|turn|4\n|\n|t:|1776030797\n|detailschange|p1b: Tyranitar|Tyranitar-Mega, L50, F\n|-mega|p1b: Tyranitar|Tyranitar|Tyranitarite\n|-weather|Sandstorm|[from] ability: Sand Stream|[of] p1b: Tyranitar\n|move|p2a: Sneasler|U-turn|p1a: Sinistcha\n|-damage|p1a: Sinistcha|58/100\n|\n|t:|1776030802\n|switch|p2a: Meganium|Meganium-Mega, L50, M|100/100|[from] U-turn\n|move|p1b: Tyranitar|Dragon Dance|p1b: Tyranitar\n|-boost|p1b: Tyranitar|atk|1\n|-boost|p1b: Tyranitar|spe|1\n|move|p2b: Pelipper|Hurricane|p1a: Sinistcha|[miss]\n|-miss|p2b: Pelipper|p1a: Sinistcha\n|move|p1a: Sinistcha|Matcha Gotcha|p2b: Pelipper|[spread] p2a,p2b\n|-resisted|p2a: Meganium|1\n|-damage|p2a: Meganium|90/100\n|-heal|p1a: Sinistcha|63/100|[from] drain|[of] p2a: Meganium\n|-damage|p2b: Pelipper|60/100\n|-heal|p1a: Sinistcha|79/100|[from] drain|[of] p2b: Pelipper\n|-status|p2b: Pelipper|brn\n|\n|-weather|Sandstorm|[upkeep]\n|-damage|p2b: Pelipper|54/100 brn|[from] Sandstorm\n|-damage|p2a: Meganium|84/100|[from] Sandstorm\n|-damage|p1a: Sinistcha|73/100|[from] Sandstorm\n|-damage|p2b: Pelipper|48/100 brn|[from] brn\n|upkeep\n|turn|5\n|\n|t:|1776030826\n|switch|p2b: Sneasler|Sneasler, L50, M|100/100\n|switch|p1a: Garchomp|Garchomp, L50, M|42/100 psn\n|move|p1b: Tyranitar|Rock Slide|p2a: Meganium|[spread] p2a,p2b\n|-resisted|p2b: Sneasler|1\n|-damage|p2a: Meganium|44/100\n|-damage|p2b: Sneasler|57/100\n|move|p2a: Meganium|Weather Ball|p1a: Garchomp\n|-resisted|p1a: Garchomp|1\n|-damage|p1a: Garchomp|17/100 psn\n|\n|-weather|Sandstorm|[upkeep]\n|-damage|p2b: Sneasler|51/100|[from] Sandstorm\n|-damage|p2a: Meganium|38/100|[from] Sandstorm\n|-heal|p1a: Garchomp|23/100 psn|[from] item: Leftovers\n|-damage|p1a: Garchomp|11/100 psn|[from] psn\n|upkeep\n|turn|6\n|\n|t:|1776030849\n|move|p1b: Tyranitar|Protect|p1b: Tyranitar\n|-singleturn|p1b: Tyranitar|Protect\n|move|p2a: Meganium|Protect|p2a: Meganium\n|-singleturn|p2a: Meganium|Protect\n|move|p2b: Sneasler|U-turn|p1a: Garchomp\n|-damage|p1a: Garchomp|0 fnt\n|faint|p1a: Garchomp\n|\n|t:|1776030851\n|switch|p2b: Pelipper|Pelipper, L50, F|48/100 brn|[from] U-turn\n|-weather|RainDance|[from] ability: Drizzle|[of] p2b: Pelipper\n|\n|-weather|RainDance|[upkeep]\n|-damage|p2b: Pelipper|42/100 brn|[from] brn\n|upkeep\n|\n|t:|1776030854\n|switch|p1a: Sinistcha|Sinistcha, L50|73/100\n|turn|7\n|inactive|Plopy14 has 30 seconds left.\n|inactive|Plopy14 has 20 seconds left.\n|inactive|Plopy14 has 15 seconds left.\n|\n|t:|1776030897\n|move|p1b: Tyranitar|Rock Slide|p2b: Pelipper|[spread] p2a\n|-miss|p1b: Tyranitar|p2b: Pelipper\n|-damage|p2a: Meganium|0 fnt\n|faint|p2a: Meganium\n|move|p2b: Pelipper|Hurricane|p1a: Sinistcha\n|-supereffective|p1a: Sinistcha|1\n|-crit|p1a: Sinistcha\n|-damage|p1a: Sinistcha|0 fnt\n|faint|p1a: Sinistcha\n|\n|-weather|RainDance|[upkeep]\n|-damage|p2b: Pelipper|37/100 brn|[from] brn\n|upkeep\n|l|@Radio Free C-Side\n|c|\u2606Plopy14|welp\n|\n|t:|1776030909\n|switch|p2a: Sneasler|Sneasler, L50, M|51/100\n|turn|8\n|c|\u2606Plopy14|is your sneasler faster or slower than the basc in the back\n|\n|t:|1776030930\n|move|p2a: Sneasler|Close Combat|p1b: Tyranitar\n|-supereffective|p1b: Tyranitar|2\n|-damage|p1b: Tyranitar|0 fnt\n|-unboost|p2a: Sneasler|def|1\n|-unboost|p2a: Sneasler|spd|1\n|faint|p1b: Tyranitar\n|\n|win|pengu\n|n|\u2606Plopy14|plopy14\n|n|\u2606pengu|pengu\n|n| Tindall64|tindall64\n|n| blennau101|blennau101\n|n| maxdeesevgc|maxdeesevgc\n|n| Ducktile|ducktile\n",
  "uploadtime": 1776030931,
  "views": 11,
  "formatid": "gen9championsvgc2026regma",
  "rating": null,
  "private": 0,
  "password": null
}