{
  "id": "gen9championsvgc2026regma-2580829851",
  "format": "[Gen 9 Champions] VGC 2026 Reg M-A",
  "players": [
    "Anne_ChovyVGC",
    "autiorez"
  ],
  "log": "|j|\u2606Anne_ChovyVGC\n|j|\u2606autiorez\n|t:|1775935921\n|gametype|doubles\n|player|p1|Anne_ChovyVGC|skierf-gen4dp|1000\n|player|p2|autiorez|youngn|1056\n|gen|9\n|tier|[Gen 9 Champions] VGC 2026 Reg M-A\n|rated|\n|rule|Species Clause: Limit one of each Pok\u00e9mon\n|rule|Item Clause: Limit 1 of each item\n|clearpoke\n|poke|p1|Crabominable, L50, F|\n|poke|p1|Abomasnow, L50, F|\n|poke|p1|Incineroar, L50, M|\n|poke|p1|Oranguru, L50, F|\n|poke|p1|Sinistcha, L50|\n|poke|p1|Azumarill, L50, F|\n|poke|p2|Clefable, L50, F|\n|poke|p2|Incineroar, L50, M|\n|poke|p2|Whimsicott, L50, F|\n|poke|p2|Rotom-Wash, L50|\n|poke|p2|Arcanine-Hisui, L50, M|\n|poke|p2|Lucario, L50, F|\n|teampreview|4\n|inactive|Battle timer is ON: inactive players will automatically lose when time's up. (requested by autiorez)\n|\n|t:|1775935942\n|teamsize|p1|4\n|teamsize|p2|4\n|start\n|switch|p1a: Incineroar|Incineroar, L50, M|100/100\n|switch|p1b: Oranguru|Oranguru, L50, F|100/100\n|switch|p2a: Lucario|Lucario, L50, F|100/100\n|switch|p2b: Whimsicott|Whimsicott, L50, F|100/100\n|-ability|p1a: Incineroar|Intimidate|boost\n|-fail|p2a: Lucario|unboost|Attack|[from] ability: Inner Focus|[of] p2a: Lucario\n|-unboost|p2b: Whimsicott|atk|1\n|turn|1\n|inactive|Anne_ChovyVGC has 30 seconds left.\n|\n|t:|1775935972\n|detailschange|p2a: Lucario|Lucario-Mega, L50, F\n|-mega|p2a: Lucario|Lucario|Lucarionite\n|move|p1a: Incineroar|Fake Out|p2b: Whimsicott\n|-damage|p2b: Whimsicott|88/100\n|cant|p2b: Whimsicott|flinch\n|move|p2a: Lucario|Close Combat|p1a: Incineroar\n|-supereffective|p1a: Incineroar|1\n|-damage|p1a: Incineroar|0 fnt\n|-unboost|p2a: Lucario|def|1\n|-unboost|p2a: Lucario|spd|1\n|faint|p1a: Incineroar\n|move|p1b: Oranguru|Trick Room|p1b: Oranguru\n|-fieldstart|move: Trick Room|[of] p1b: Oranguru\n|\n|upkeep\n|\n|t:|1775935984\n|switch|p1a: Crabominable|Crabominable, L50, F|100/100\n|turn|2\n|\n|t:|1775935995\n|detailschange|p1a: Crabominable|Crabominable-Mega, L50, F\n|-mega|p1a: Crabominable|Crabominable|Crabominite\n|move|p2a: Lucario|Detect|p2a: Lucario\n|-singleturn|p2a: Lucario|Protect\n|move|p2b: Whimsicott|Encore|p1b: Oranguru\n|-start|p1b: Oranguru|Encore\n|-enditem|p1b: Oranguru|Mental Herb\n|-end|p1b: Oranguru|Encore\n|move|p1a: Crabominable|Drain Punch|p2a: Lucario\n|-activate|p2a: Lucario|move: Protect\n|move|p1b: Oranguru|Instruct|p1a: Crabominable\n|-singleturn|p1a: Crabominable|move: Instruct|[of] p1b: Oranguru\n|move|p1a: Crabominable|Drain Punch|p2a: Lucario\n|-activate|p2a: Lucario|move: Protect\n|\n|upkeep\n|turn|3\n|inactive|Anne_ChovyVGC has 30 seconds left.\n|\n|t:|1775936029\n|switch|p2a: Clefable|Clefable, L50, F|100/100\n|move|p2b: Whimsicott|Taunt|p1b: Oranguru\n|-start|p1b: Oranguru|move: Taunt\n|move|p1a: Crabominable|Drain Punch|p2a: Clefable\n|-resisted|p2a: Clefable|1\n|-damage|p2a: Clefable|65/100\n|cant|p1b: Oranguru|move: Taunt|Instruct\n|\n|upkeep\n|turn|4\n|c|\u2606autiorez|dollar store mega\n|\n|t:|1775936047\n|switch|p1b: obamasnow|Abomasnow, L50, F|100/100\n|-weather|Snowscape|[from] ability: Snow Warning|[of] p1b: obamasnow\n|move|p2a: Clefable|Follow Me|p2a: Clefable\n|-singleturn|p2a: Clefable|move: Follow Me\n|move|p1a: Crabominable|Ice Hammer|p2a: Clefable\n|-damage|p2a: Clefable|0 fnt\n|-unboost|p1a: Crabominable|spe|1\n|faint|p2a: Clefable\n|move|p2b: Whimsicott|Moonblast|p1a: Crabominable\n|-supereffective|p1a: Crabominable|1\n|-damage|p1a: Crabominable|55/100\n|\n|-weather|Snowscape|[upkeep]\n|upkeep\n|\n|t:|1775936050\n|switch|p2a: Incineroar|Incineroar, L50, M|100/100\n|-ability|p2a: Incineroar|Intimidate|boost\n|-unboost|p1a: Crabominable|atk|1\n|-unboost|p1b: obamasnow|atk|1\n|turn|5\n|\n|t:|1775936065\n|move|p1a: Crabominable|Protect|p1a: Crabominable\n|-singleturn|p1a: Crabominable|Protect\n|move|p2a: Incineroar|Fake Out|p1a: Crabominable\n|-activate|p1a: Crabominable|move: Protect\n|move|p2b: Whimsicott|Taunt|p1b: obamasnow\n|-start|p1b: obamasnow|move: Taunt\n|cant|p1b: obamasnow|move: Taunt|Aurora Veil\n|\n|-weather|Snowscape|[upkeep]\n|-fieldend|move: Trick Room\n|upkeep\n|turn|6\n|-message|Anne_ChovyVGC forfeited.\n|\n|win|autiorez\n|raw|Anne_ChovyVGC's rating: 1000 &rarr; <strong>1000</strong><br />(+0 for losing)\n|raw|autiorez's rating: 1056 &rarr; <strong>1083</strong><br />(+27 for winning)\n|l|\u2606Anne_ChovyVGC\n|player|p1|\n|c|\u2606autiorez|average trick room user\n",
  "uploadtime": 1775936081,
  "views": 12,
  "formatid": "gen9championsvgc2026regma",
  "rating": 1000,
  "private": 0,
  "password": null
}