{
  "id": "gen9championsvgc2026regma-2587265413",
  "format": "[Gen 9 Champions] VGC 2026 Reg M-A",
  "players": [
    "somegirl91",
    "0TX - Zenith"
  ],
  "log": "|j|\u2606somegirl91\n|j|\u26060TX - Zenith\n|t:|1776516158\n|gametype|doubles\n|player|p1|somegirl91|unknownf|1101\n|player|p2|0TX - Zenith|gambler|1189\n|gen|9\n|tier|[Gen 9 Champions] VGC 2026 Reg M-A\n|rated|\n|rule|Species Clause: Limit one of each Pok\u00e9mon\n|rule|Item Clause: Limit 1 of each item\n|clearpoke\n|poke|p1|Beedrill, L50, M|\n|poke|p1|Meowscarada, L50, F|\n|poke|p1|Aerodactyl, L50, F|\n|poke|p1|Kingambit, L50, M|\n|poke|p1|Primarina, L50, M|\n|poke|p1|Diggersby, L50, F|\n|poke|p2|Whimsicott, L50, M|\n|poke|p2|Absol, L50, M|\n|poke|p2|Sinistcha, L50|\n|poke|p2|Incineroar, L50, M|\n|poke|p2|Sneasler, L50, M|\n|poke|p2|Farigiraf, L50, M|\n|teampreview|4\n0TX - Zenith rejected open team sheets.\n|\n|t:|1776516183\n|teamsize|p1|4\n|teamsize|p2|4\n|start\n|switch|p1a: Kingambit|Kingambit, L50, M|100/100\n|switch|p1b: Primarina|Primarina, L50, M|100/100\n|switch|p2a: Whimsicott|Whimsicott, L50, M|100/100\n|switch|p2b: Absol|Absol, L50, M|100/100\n|turn|1\n|inactive|Battle timer is ON: inactive players will automatically lose when time's up. (requested by 0TX - Zenith)\n|\n|t:|1776516231\n|move|p2b: Absol|Endure|p2b: Absol\n|-singleturn|p2b: Absol|move: Endure\n|move|p2a: Whimsicott|Beat Up|p2b: Absol\n|-resisted|p2b: Absol|1\n|-damage|p2b: Absol|99/100\n|-ability|p2b: Absol|Justified|boost\n|-boost|p2b: Absol|atk|1\n|-resisted|p2b: Absol|1\n|-damage|p2b: Absol|97/100\n|-ability|p2b: Absol|Justified|boost\n|-boost|p2b: Absol|atk|1\n|-resisted|p2b: Absol|1\n|-damage|p2b: Absol|95/100\n|-ability|p2b: Absol|Justified|boost\n|-boost|p2b: Absol|atk|1\n|-resisted|p2b: Absol|1\n|-damage|p2b: Absol|92/100\n|-ability|p2b: Absol|Justified|boost\n|-boost|p2b: Absol|atk|1\n|-hitcount|p2b: Absol|4\n|move|p1b: Primarina|Calm Mind|p1b: Primarina\n|-boost|p1b: Primarina|spa|1\n|-boost|p1b: Primarina|spd|1\n|move|p1a: Kingambit|Kowtow Cleave|p2a: Whimsicott\n|-resisted|p2a: Whimsicott|1\n|-crit|p2a: Whimsicott\n|-damage|p2a: Whimsicott|56/100\n|\n|upkeep\n|turn|2\n|inactive|somegirl91 has 30 seconds left.\n|\n|t:|1776516257\n|detailschange|p2b: Absol|Absol-Mega, L50, M\n|-mega|p2b: Absol|Absol|Absolite\n|move|p2a: Whimsicott|Encore|p1b: Primarina\n|-start|p1b: Primarina|Encore\n|move|p1a: Kingambit|Sucker Punch|p2b: Absol\n|-resisted|p2b: Absol|1\n|-damage|p2b: Absol|41/100\n|move|p2b: Absol|Close Combat|p1a: Kingambit\n|-supereffective|p1a: Kingambit|2\n|-damage|p1a: Kingambit|0 fnt\n|-unboost|p2b: Absol|def|1\n|-unboost|p2b: Absol|spd|1\n|faint|p1a: Kingambit\n|move|p1b: Primarina|Calm Mind|p1b: Primarina\n|-boost|p1b: Primarina|spa|1\n|-boost|p1b: Primarina|spd|1\n|\n|upkeep\n|\n|t:|1776516271\n|switch|p1a: Diggersby|Diggersby, L50, F|100/100\n|turn|3\n|\n|t:|1776516286\n|move|p2a: Whimsicott|Tailwind|p2a: Whimsicott\n|-sidestart|p2: 0TX - Zenith|move: Tailwind\n|move|p2b: Absol|Close Combat|p1a: Diggersby\n|-supereffective|p1a: Diggersby|1\n|-damage|p1a: Diggersby|0 fnt\n|-unboost|p2b: Absol|def|1\n|-unboost|p2b: Absol|spd|1\n|faint|p1a: Diggersby\n|move|p1b: Primarina|Calm Mind|p1b: Primarina\n|-boost|p1b: Primarina|spa|1\n|-boost|p1b: Primarina|spd|1\n|\n|upkeep\n|\n|t:|1776516296\n|switch|p1a: Beedrill|Beedrill, L50, M|100/100\n|turn|4\n|\n|t:|1776516308\n|detailschange|p1a: Beedrill|Beedrill-Mega, L50, M\n|-mega|p1a: Beedrill|Beedrill|Beedrillite\n|move|p2a: Whimsicott|Moonblast|p1b: Primarina\n|-damage|p1b: Primarina|92/100\n|move|p2b: Absol|Knock Off|p1a: Beedrill\n|-damage|p1a: Beedrill|0 fnt\n|faint|p1a: Beedrill\n|move|p1b: Primarina|Calm Mind|p1b: Primarina\n|-boost|p1b: Primarina|spa|1\n|-boost|p1b: Primarina|spd|1\n|\n|-heal|p1b: Primarina|98/100|[from] item: Leftovers\n|-end|p1b: Primarina|Encore\n|upkeep\n|turn|5\n|\n|t:|1776516320\n|move|p2a: Whimsicott|Encore|p1b: Primarina\n|-start|p1b: Primarina|Encore\n|move|p2b: Absol|Knock Off|p1b: Primarina\n|-resisted|p1b: Primarina|1\n|-damage|p1b: Primarina|0 fnt\n|-enditem|p1b: Primarina|Leftovers|[from] move: Knock Off|[of] p2b: Absol\n|faint|p1b: Primarina\n|\n|win|0TX - Zenith\n|raw|somegirl91's rating: 1101 &rarr; <strong>1082</strong><br />(-19 for losing)\n|raw|0TX - Zenith's rating: 1189 &rarr; <strong>1208</strong><br />(+19 for winning)\n|l|\u2606somegirl91\n|player|p1|\n",
  "uploadtime": 1776516336,
  "views": 20,
  "formatid": "gen9championsvgc2026regma",
  "rating": 1082,
  "private": 0,
  "password": null
}