{
  "id": "gen9championsvgc2026regma-2589575420",
  "format": "[Gen 9 Champions] VGC 2026 Reg M-A",
  "players": [
    "ArepadeChorizard",
    "tenmahpegasus"
  ],
  "log": "|j|\u2606ArepadeChorizard\n|j|\u2606tenmahpegasus\n|t:|1776735582\n|gametype|doubles\n|player|p1|ArepadeChorizard|allister-unmasked|1064\n|player|p2|tenmahpegasus|265|1013\n|gen|9\n|tier|[Gen 9 Champions] VGC 2026 Reg M-A\n|rated|\n|rule|Species Clause: Limit one of each Pok\u00e9mon\n|rule|Item Clause: Limit 1 of each item\n|clearpoke\n|poke|p1|Dragonite, L50, F, shiny|\n|poke|p1|Sinistcha-Masterpiece, L50, shiny|\n|poke|p1|Pelipper, L50, F, shiny|\n|poke|p1|Drampa, L50, F, shiny|\n|poke|p1|Kingambit, L50, M, shiny|\n|poke|p1|Aromatisse, L50, M, shiny|\n|poke|p2|Farigiraf, L50, M|\n|poke|p2|Camerupt, L50, M, shiny|\n|poke|p2|Torkoal, L50, M|\n|poke|p2|Sinistcha, L50|\n|poke|p2|Incineroar, L50, F|\n|poke|p2|Kingambit, L50, M|\n|teampreview|4\n|inactive|Battle timer is ON: inactive players will automatically lose when time's up. (requested by ArepadeChorizard)\nArepadeChorizard rejected open team sheets.\n|inactive|tenmahpegasus has 60 seconds left.\n|\n|t:|1776735614\n|teamsize|p1|4\n|teamsize|p2|4\n|start\n|switch|p1a: Drampa|Drampa, L50, F, shiny|100/100\n|switch|p1b: Kingambit|Kingambit, L50, M, shiny|100/100\n|switch|p2a: Farigiraf|Farigiraf, L50, M|100/100\n|switch|p2b: Incineroar|Incineroar, L50, F|100/100\n|-ability|p2b: Incineroar|Intimidate|boost\n|-unboost|p1a: Drampa|atk|1\n|-unboost|p1b: Kingambit|atk|1\n|-ability|p1b: Kingambit|Defiant|boost\n|-boost|p1b: Kingambit|atk|2\n|turn|1\n|\n|t:|1776735641\n|move|p1b: Kingambit|Protect|p1b: Kingambit\n|-singleturn|p1b: Kingambit|Protect\n|move|p2b: Incineroar|Fake Out|p1b: Kingambit\n|-activate|p1b: Kingambit|move: Protect\n|move|p1a: Drampa|Hyper Voice|p2a: Farigiraf|[spread] p2a,p2b\n|-damage|p2a: Farigiraf|60/100\n|-damage|p2b: Incineroar|62/100\n|move|p2a: Farigiraf|Trick Room|p2a: Farigiraf\n|-fieldstart|move: Trick Room|[of] p2a: Farigiraf\n|\n|upkeep\n|turn|2\n|inactive|tenmahpegasus has 30 seconds left.\n|\n|t:|1776735670\n|detailschange|p1a: Drampa|Drampa-Mega, L50, F, shiny\n|-mega|p1a: Drampa|Drampa|Drampanite\n|move|p1a: Drampa|Hyper Voice|p2a: Farigiraf|[spread] p2a,p2b\n|-damage|p2a: Farigiraf|13/100\n|-damage|p2b: Incineroar|20/100\n|-enditem|p2b: Incineroar|Sitrus Berry|[eat]\n|-heal|p2b: Incineroar|45/100|[from] item: Sitrus Berry\n|move|p1b: Kingambit|Kowtow Cleave|p2a: Farigiraf\n|-supereffective|p2a: Farigiraf|1\n|-damage|p2a: Farigiraf|0 fnt\n|faint|p2a: Farigiraf\n|move|p2b: Incineroar|Flare Blitz|p1b: Kingambit\n|-supereffective|p1b: Kingambit|1\n|-damage|p1b: Kingambit|10/100\n|-damage|p2b: Incineroar|10/100|[from] Recoil\n|\n|upkeep\n|\n|t:|1776735685\n|switch|p2a: Torkoal|Torkoal, L50, M|100/100\n|-weather|SunnyDay|[from] ability: Drought|[of] p2a: Torkoal\n|turn|3\n|inactive|tenmahpegasus has 30 seconds left.\n|\n|t:|1776735716\n|move|p1b: Kingambit|Protect|p1b: Kingambit\n|-singleturn|p1b: Kingambit|Protect\n|move|p2b: Incineroar|Protect|p2b: Incineroar\n|-singleturn|p2b: Incineroar|Protect\n|move|p2a: Torkoal|Body Press|p1b: Kingambit\n|-activate|p1b: Kingambit|move: Protect\n|move|p1a: Drampa|Hyper Voice|p2a: Torkoal|[spread] p2a\n|-activate|p2b: Incineroar|move: Protect\n|-damage|p2a: Torkoal|45/100\n|\n|-weather|SunnyDay|[upkeep]\n|upkeep\n|turn|4\n|\n|t:|1776735732\n|switch|p2b: Camerupt|Camerupt, L50, M, shiny|100/100\n|move|p1b: Kingambit|Sucker Punch|p2a: Torkoal\n|-damage|p2a: Torkoal|0 fnt\n|faint|p2a: Torkoal\n|move|p1a: Drampa|Hyper Voice|p2b: Camerupt\n|-damage|p2b: Camerupt|0 fnt\n|faint|p2b: Camerupt\n|\n|-weather|SunnyDay|[upkeep]\n|upkeep\n|c|\u2606ArepadeChorizard|Gg\n|\n|t:|1776735744\n|switch|p2b: Incineroar|Incineroar, L50, F|10/100\n|-ability|p2b: Incineroar|Intimidate|boost\n|-unboost|p1a: Drampa|atk|1\n|-unboost|p1b: Kingambit|atk|1\n|-ability|p1b: Kingambit|Defiant|boost\n|-boost|p1b: Kingambit|atk|2\n|turn|5\n|\n|t:|1776735751\n|move|p1b: Kingambit|Protect|p1b: Kingambit\n|-singleturn|p1b: Kingambit|Protect\n|move|p2b: Incineroar|Fake Out|p1b: Kingambit\n|-activate|p1b: Kingambit|move: Protect\n|move|p1a: Drampa|Draco Meteor|p2b: Incineroar\n|-crit|p2b: Incineroar\n|-damage|p2b: Incineroar|0 fnt\n|-unboost|p1a: Drampa|spa|2\n|faint|p2b: Incineroar\n|\n|win|ArepadeChorizard\n|raw|ArepadeChorizard's rating: 1064 &rarr; <strong>1090</strong><br />(+26 for winning)\n|raw|tenmahpegasus's rating: 1013 &rarr; <strong>1003</strong><br />(-10 for losing)\n|l|\u2606tenmahpegasus\n|player|p2|\n",
  "uploadtime": 1776735762,
  "views": 3,
  "formatid": "gen9championsvgc2026regma",
  "rating": 1003,
  "private": 0,
  "password": null
}