{
  "id": "gen9championsvgc2026regma-2584354659",
  "format": "[Gen 9 Champions] VGC 2026 Reg M-A",
  "players": [
    "katecorvidoe",
    "seanswi"
  ],
  "log": "|j|\u2606katecorvidoe\n|j|\u2606seanswi\n|t:|1776254269\n|gametype|doubles\n|player|p1|katecorvidoe|acetrainerf-gen4dp|1033\n|player|p2|seanswi|102|1110\n|gen|9\n|tier|[Gen 9 Champions] VGC 2026 Reg M-A\n|rated|\n|rule|Species Clause: Limit one of each Pok\u00e9mon\n|rule|Item Clause: Limit 1 of each item\n|clearpoke\n|poke|p1|Alakazam, L50, M|\n|poke|p1|Sinistcha, L50|\n|poke|p1|Arcanine-Hisui, L50, M|\n|poke|p1|Oranguru, L50, M|\n|poke|p1|Camerupt, L50, F|\n|poke|p1|Dragapult, L50, F|\n|poke|p2|Meganium, L50, M|\n|poke|p2|Archaludon, L50, F|\n|poke|p2|Pelipper, L50, F|\n|poke|p2|Basculegion, L50, M|\n|poke|p2|Incineroar, L50, F|\n|poke|p2|Dragonite, L50, F|\n|teampreview|4\n|inactive|Battle timer is ON: inactive players will automatically lose when time's up. (requested by seanswi)\n|\n|t:|1776254307\n|teamsize|p1|4\n|teamsize|p2|4\n|start\n|switch|p1a: Pliny the Elder|Oranguru, L50, M|100/100\n|switch|p1b: Lahar|Arcanine-Hisui, L50, M|100/100\n|switch|p2a: Pelipper|Pelipper, L50, F|100/100\n|switch|p2b: Meganium|Meganium, L50, M|100/100\n|-weather|RainDance|[from] ability: Drizzle|[of] p2a: Pelipper\n|turn|1\n|\n|t:|1776254330\n|detailschange|p2b: Meganium|Meganium-Mega, L50, M\n|-mega|p2b: Meganium|Meganium|Meganiumite\n|move|p2b: Meganium|Protect|p2b: Meganium\n|-singleturn|p2b: Meganium|Protect\n|move|p1b: Lahar|Stone Edge|p2a: Pelipper\n|-supereffective|p2a: Pelipper|1\n|-enditem|p2a: Pelipper|Focus Sash\n|-damage|p2a: Pelipper|1/100\n|move|p2a: Pelipper|Tailwind|p2a: Pelipper\n|-sidestart|p2: seanswi|move: Tailwind\n|move|p1a: Pliny the Elder|Sunny Day|p1a: Pliny the Elder\n|-weather|SunnyDay\n|\n|-weather|SunnyDay|[upkeep]\n|upkeep\n|turn|2\n|-activate|p1a: Pliny the Elder|item: Quick Claw\n|\n|t:|1776254354\n|switch|p2a: Basculegion|Basculegion, L50, M|100/100\n|move|p2b: Meganium|Solar Beam||[still]\n|-prepare|p2b: Meganium|Solar Beam\n|-anim|p2b: Meganium|Solar Beam|p1b: Lahar\n|-damage|p1b: Lahar|5/100\n|move|p1b: Lahar|Stone Edge|p2a: Basculegion\n|-damage|p2a: Basculegion|28/100\n|-heal|p1b: Lahar|14/100|[from] item: Shell Bell|[of] p2a: Basculegion\n|move|p1a: Pliny the Elder|Trick Room|p1a: Pliny the Elder\n|-fieldstart|move: Trick Room|[of] p1a: Pliny the Elder\n|\n|-weather|SunnyDay|[upkeep]\n|upkeep\n|turn|3\n|inactive|katecorvidoe has 30 seconds left.\n|inactive|katecorvidoe has 20 seconds left.\n|inactive|katecorvidoe has 15 seconds left.\n|inactive|katecorvidoe has 10 seconds left.\n|\n|t:|1776254400\n|move|p1b: Lahar|Protect|p1b: Lahar\n|-singleturn|p1b: Lahar|Protect\n|move|p2a: Basculegion|Aqua Jet|p1b: Lahar\n|-activate|p1b: Lahar|move: Protect\n|move|p1a: Pliny the Elder|Instruct|p1b: Lahar\n|-activate|p1b: Lahar|move: Protect\n|move|p2b: Meganium|Solar Beam||[still]\n|-prepare|p2b: Meganium|Solar Beam\n|-anim|p2b: Meganium|Solar Beam|p1a: Pliny the Elder\n|-damage|p1a: Pliny the Elder|44/100\n|\n|-weather|SunnyDay|[upkeep]\n|upkeep\n|turn|4\n|inactive|katecorvidoe has 30 seconds left.\n|\n|t:|1776254426\n|switch|p1b: Final Drink|Sinistcha, L50|100/100\n|-heal|p1a: Pliny the Elder|69/100|[from] ability: Hospitality|[of] p1b: Final Drink\n|move|p2a: Basculegion|Aqua Jet|p1b: Final Drink\n|-resisted|p1b: Final Drink|1\n|-damage|p1b: Final Drink|93/100\n|move|p1a: Pliny the Elder|Instruct|p2a: Basculegion\n|-singleturn|p2a: Basculegion|move: Instruct|[of] p1a: Pliny the Elder\n|move|p2a: Basculegion|Aqua Jet|p1b: Final Drink\n|-resisted|p1b: Final Drink|1\n|-damage|p1b: Final Drink|87/100\n|move|p2b: Meganium|Solar Beam||[still]\n|-prepare|p2b: Meganium|Solar Beam\n|-anim|p2b: Meganium|Solar Beam|p1a: Pliny the Elder\n|-damage|p1a: Pliny the Elder|6/100\n|\n|-weather|SunnyDay|[upkeep]\n|-heal|p1b: Final Drink|93/100|[from] item: Leftovers\n|-sideend|p2: seanswi|move: Tailwind\n|upkeep\n|turn|5\n|-activate|p1a: Pliny the Elder|item: Quick Claw\n|\n|t:|1776254452\n|move|p1a: Pliny the Elder|Protect|p1a: Pliny the Elder\n|-singleturn|p1a: Pliny the Elder|Protect\n|move|p2a: Basculegion|Aqua Jet|p1a: Pliny the Elder\n|-activate|p1a: Pliny the Elder|move: Protect\n|move|p1b: Final Drink|Matcha Gotcha|p2b: Meganium|[spread] p2a,p2b\n|-supereffective|p2a: Basculegion|1\n|-resisted|p2b: Meganium|1\n|-damage|p2a: Basculegion|0 fnt\n|-heal|p1b: Final Drink|100/100|[from] drain|[of] p2a: Basculegion\n|-damage|p2b: Meganium|87/100\n|faint|p2a: Basculegion\n|move|p2b: Meganium|Weather Ball|p1b: Final Drink\n|-supereffective|p1b: Final Drink|1\n|-damage|p1b: Final Drink|0 fnt\n|faint|p1b: Final Drink\n|\n|-weather|none\n|upkeep\n|\n|t:|1776254472\n|switch|p1b: Lahar|Arcanine-Hisui, L50, M|14/100\n|switch|p2a: Pelipper|Pelipper, L50, F|1/100\n|-weather|RainDance|[from] ability: Drizzle|[of] p2a: Pelipper\n|turn|6\n|-activate|p1a: Pliny the Elder|item: Quick Claw\n|\n|t:|1776254489\n|move|p1b: Lahar|Protect|p1b: Lahar\n|-singleturn|p1b: Lahar|Protect\n|move|p1a: Pliny the Elder|Sunny Day|p1a: Pliny the Elder\n|-weather|SunnyDay\n|move|p2b: Meganium|Dazzling Gleam|p1a: Pliny the Elder|[spread] p1a\n|-activate|p1b: Lahar|move: Protect\n|-damage|p1a: Pliny the Elder|0 fnt\n|faint|p1a: Pliny the Elder\n|move|p2a: Pelipper|Muddy Water|p1b: Lahar\n|-activate|p1b: Lahar|move: Protect\n|\n|-weather|SunnyDay|[upkeep]\n|-fieldend|move: Trick Room\n|upkeep\n|\n|t:|1776254503\n|switch|p1a: Vesuvius|Camerupt, L50, F|100/100\n|turn|7\n|\n|t:|1776254525\n|switch|p2a: Archaludon|Archaludon, L50, F|100/100\n|detailschange|p1a: Vesuvius|Camerupt-Mega, L50, F\n|-mega|p1a: Vesuvius|Camerupt|Cameruptite\n|move|p1b: Lahar|Iron Head|p2a: Archaludon\n|-resisted|p2a: Archaludon|1\n|-damage|p2a: Archaludon|90/100\n|-ability|p2a: Archaludon|Stamina|boost\n|-boost|p2a: Archaludon|def|1\n|-heal|p1b: Lahar|16/100|[from] item: Shell Bell|[of] p2a: Archaludon\n|move|p2b: Meganium|Solar Beam||[still]\n|-prepare|p2b: Meganium|Solar Beam\n|-anim|p2b: Meganium|Solar Beam|p1a: Vesuvius\n|-damage|p1a: Vesuvius|30/100\n|move|p1a: Vesuvius|Lava Plume|p2a: Archaludon|[spread] p2a,p2b\n|-start|p1b: Lahar|ability: Flash Fire\n|-supereffective|p2b: Meganium|1\n|-damage|p2a: Archaludon|0 fnt\n|-damage|p2b: Meganium|0 fnt\n|faint|p2a: Archaludon\n|faint|p2b: Meganium\n|\n|-weather|SunnyDay|[upkeep]\n|upkeep\n|\n|t:|1776254546\n|switch|p2b: Pelipper|Pelipper, L50, F|1/100\n|-weather|RainDance|[from] ability: Drizzle|[of] p2b: Pelipper\n|turn|8\n|\n|t:|1776254557\n|move|p1b: Lahar|Iron Head|p2b: Pelipper\n|-resisted|p2b: Pelipper|1\n|-damage|p2b: Pelipper|0 fnt\n|faint|p2b: Pelipper\n|-heal|p1b: Lahar|16/100|[from] item: Shell Bell|[of] p2: Pelipper\n|\n|win|katecorvidoe\n|raw|katecorvidoe's rating: 1033 &rarr; <strong>1076</strong><br />(+43 for winning)\n|raw|seanswi's rating: 1110 &rarr; <strong>1080</strong><br />(-30 for losing)\n|l|\u2606seanswi\n|player|p2|\n|c|\u2606katecorvidoe|gg\n",
  "uploadtime": 1776254570,
  "views": 28,
  "formatid": "gen9championsvgc2026regma",
  "rating": 1076,
  "private": 0,
  "password": null
}