{
  "id": "gen9championsvgc2026regma-2581866720",
  "format": "[Gen 9 Champions] VGC 2026 Reg M-A",
  "players": [
    "Unpuzzled",
    "fennekinlovr\u2661\u2661\u2661"
  ],
  "log": "|j|\u2606Unpuzzled\n|j|\u2606fennekinlovr\u2661\u2661\u2661\n|t:|1776035022\n|gametype|doubles\n|player|p1|Unpuzzled|101|1078\n|player|p2|fennekinlovr\u2661\u2661\u2661|265|1000\n|gen|9\n|tier|[Gen 9 Champions] VGC 2026 Reg M-A\n|rated|\n|rule|Species Clause: Limit one of each Pok\u00e9mon\n|rule|Item Clause: Limit 1 of each item\n|clearpoke\n|poke|p1|Tyranitar, L50, F|\n|poke|p1|Gliscor, L50, F|\n|poke|p1|Archaludon, L50, M|\n|poke|p1|Sinistcha, L50|\n|poke|p1|Clefable, L50, M|\n|poke|p1|Sneasler, L50, M|\n|poke|p2|Kommo-o, L50, M|\n|poke|p2|Sinistcha, L50|\n|poke|p2|Glimmora, L50, F|\n|poke|p2|Incineroar, L50, M|\n|poke|p2|Talonflame, L50, M|\n|poke|p2|Clefable, L50, M|\n|teampreview|4\n|\n|t:|1776035054\n|teamsize|p1|4\n|teamsize|p2|4\n|start\n|switch|p1a: Gliscor|Gliscor, L50, F|100/100\n|switch|p1b: Tyranitar|Tyranitar, L50, F, shiny|100/100\n|switch|p2a: Incineroar|Incineroar, L50, M|100/100\n|switch|p2b: Kommo-o|Kommo-o, L50, M|100/100\n|-weather|Sandstorm|[from] ability: Sand Stream|[of] p1b: Tyranitar\n|turn|1\n|\n|t:|1776035075\n|detailschange|p1b: Tyranitar|Tyranitar-Mega, L50, F, shiny\n|-mega|p1b: Tyranitar|Tyranitar|Tyranitarite\n|move|p2a: Incineroar|Fake Out|p1a: Gliscor\n|-damage|p1a: Gliscor|86/100\n|cant|p1a: Gliscor|flinch\n|move|p2b: Kommo-o|Clangorous Soul|p2b: Kommo-o\n|-boost|p2b: Kommo-o|atk|1\n|-boost|p2b: Kommo-o|def|1\n|-boost|p2b: Kommo-o|spa|1\n|-boost|p2b: Kommo-o|spd|1\n|-boost|p2b: Kommo-o|spe|1\n|-damage|p2b: Kommo-o|68/100\n|move|p1b: Tyranitar|Rock Slide|p2a: Incineroar|[spread] p2a,p2b\n|-supereffective|p2a: Incineroar|1\n|-crit|p2a: Incineroar\n|-resisted|p2b: Kommo-o|1\n|-damage|p2a: Incineroar|0 fnt\n|-damage|p2b: Kommo-o|56/100\n|faint|p2a: Incineroar\n|\n|-weather|Sandstorm|[upkeep]\n|-damage|p2b: Kommo-o|50/100|[from] Sandstorm\n|-heal|p2b: Kommo-o|56/100|[from] item: Leftovers\n|-heal|p1a: Gliscor|92/100|[from] item: Leftovers\n|upkeep\n|\n|t:|1776035085\n|switch|p2a: Sinistcha|Sinistcha, L50|100/100\n|-heal|p2b: Kommo-o|81/100|[from] ability: Hospitality|[of] p2a: Sinistcha\n|turn|2\n|\n|t:|1776035106\n|switch|p1b: Sinistcha|Sinistcha, L50|100/100\n|-heal|p1a: Gliscor|100/100|[from] ability: Hospitality|[of] p1b: Sinistcha\n|move|p2a: Sinistcha|Rage Powder|p2a: Sinistcha\n|-singleturn|p2a: Sinistcha|move: Rage Powder\n|move|p2b: Kommo-o|Clangorous Soul|p2b: Kommo-o\n|-boost|p2b: Kommo-o|atk|1\n|-boost|p2b: Kommo-o|def|1\n|-boost|p2b: Kommo-o|spa|1\n|-boost|p2b: Kommo-o|spd|1\n|-boost|p2b: Kommo-o|spe|1\n|-damage|p2b: Kommo-o|49/100\n|move|p1a: Gliscor|Tailwind|p1a: Gliscor\n|-sidestart|p1: Unpuzzled|move: Tailwind\n|\n|-weather|Sandstorm|[upkeep]\n|-damage|p2b: Kommo-o|43/100|[from] Sandstorm\n|-damage|p1b: Sinistcha|94/100|[from] Sandstorm\n|-damage|p2a: Sinistcha|94/100|[from] Sandstorm\n|-heal|p2b: Kommo-o|49/100|[from] item: Leftovers\n|upkeep\n|turn|3\n|\n|t:|1776035132\n|move|p2a: Sinistcha|Rage Powder|p2a: Sinistcha\n|-singleturn|p2a: Sinistcha|move: Rage Powder\n|move|p1a: Gliscor|Dual Wingbeat|p2a: Sinistcha\n|-supereffective|p2a: Sinistcha|1\n|-damage|p2a: Sinistcha|71/100\n|-supereffective|p2a: Sinistcha|1\n|-crit|p2a: Sinistcha\n|-damage|p2a: Sinistcha|39/100\n|-hitcount|p2a: Sinistcha|2\n|move|p2b: Kommo-o|Clanging Scales|p1b: Sinistcha|[spread] p1a,p1b\n|-damage|p1a: Gliscor|12/100\n|-damage|p1b: Sinistcha|27/100\n|-unboost|p2b: Kommo-o|def|1\n|move|p1b: Sinistcha|Life Dew|p1b: Sinistcha|[spread] p1a,p1b\n|-heal|p1a: Gliscor|37/100\n|-heal|p1b: Sinistcha|52/100\n|\n|-weather|Sandstorm|[upkeep]\n|-damage|p2b: Kommo-o|43/100|[from] Sandstorm\n|-damage|p1b: Sinistcha|46/100|[from] Sandstorm\n|-damage|p2a: Sinistcha|33/100|[from] Sandstorm\n|-heal|p1a: Gliscor|43/100|[from] item: Leftovers\n|-heal|p2b: Kommo-o|49/100|[from] item: Leftovers\n|upkeep\n|turn|4\n|\n|t:|1776035159\n|switch|p2a: Clefable|Clefable, L50, M|100/100\n|move|p1a: Gliscor|Dual Wingbeat|p2b: Kommo-o\n|-supereffective|p2b: Kommo-o|1\n|-damage|p2b: Kommo-o|29/100\n|-supereffective|p2b: Kommo-o|1\n|-damage|p2b: Kommo-o|8/100\n|-hitcount|p2b: Kommo-o|2\n|move|p2b: Kommo-o|Clanging Scales|p1a: Gliscor|[spread] p1b\n|-miss|p2b: Kommo-o|p1a: Gliscor\n|-damage|p1b: Sinistcha|0 fnt\n|faint|p1b: Sinistcha\n|-unboost|p2b: Kommo-o|def|1\n|\n|-weather|Sandstorm|[upkeep]\n|-damage|p2b: Kommo-o|2/100|[from] Sandstorm\n|-heal|p1a: Gliscor|49/100|[from] item: Leftovers\n|-heal|p2b: Kommo-o|8/100|[from] item: Leftovers\n|upkeep\n|\n|t:|1776035174\n|switch|p1b: Tyranitar|Tyranitar-Mega, L50, F, shiny|100/100\n|turn|5\n|\n|t:|1776035193\n|detailschange|p2a: Clefable|Clefable-Mega, L50, M\n|-mega|p2a: Clefable|Clefable|Clefablite\n|move|p2b: Kommo-o|Protect|p2b: Kommo-o\n|-singleturn|p2b: Kommo-o|Protect\n|move|p1a: Gliscor|High Horsepower|p2b: Kommo-o\n|-activate|p2b: Kommo-o|move: Protect\n|move|p1b: Tyranitar|Rock Slide|p2a: Clefable|[spread] p2a\n|-activate|p2b: Kommo-o|move: Protect\n|-supereffective|p2a: Clefable|1\n|-damage|p2a: Clefable|37/100\n|cant|p2a: Clefable|flinch\n|\n|-weather|none\n|-heal|p1a: Gliscor|55/100|[from] item: Leftovers\n|-heal|p2b: Kommo-o|14/100|[from] item: Leftovers\n|-sideend|p1: Unpuzzled|move: Tailwind\n|upkeep\n|turn|6\n|\n|t:|1776035226\n|switch|p2a: Sinistcha|Sinistcha, L50|33/100\n|-heal|p2b: Kommo-o|39/100|[from] ability: Hospitality|[of] p2a: Sinistcha\n|move|p2b: Kommo-o|Aura Sphere|p1b: Tyranitar\n|-supereffective|p1b: Tyranitar|2\n|-damage|p1b: Tyranitar|0 fnt\n|faint|p1b: Tyranitar\n|move|p1a: Gliscor|Tailwind|p1a: Gliscor\n|-sidestart|p1: Unpuzzled|move: Tailwind\n|\n|-heal|p1a: Gliscor|62/100|[from] item: Leftovers\n|-heal|p2b: Kommo-o|45/100|[from] item: Leftovers\n|upkeep\n|\n|t:|1776035237\n|switch|p1b: Archaludon|Archaludon, L50, M|100/100\n|turn|7\n|\n|t:|1776035252\n|move|p2a: Sinistcha|Rage Powder|p2a: Sinistcha\n|-singleturn|p2a: Sinistcha|move: Rage Powder\n|move|p1b: Archaludon|Dragon Pulse|p2a: Sinistcha\n|-damage|p2a: Sinistcha|0 fnt\n|faint|p2a: Sinistcha\n|move|p1a: Gliscor|Dual Wingbeat|p2b: Kommo-o\n|-supereffective|p2b: Kommo-o|1\n|-damage|p2b: Kommo-o|17/100\n|-supereffective|p2b: Kommo-o|1\n|-damage|p2b: Kommo-o|0 fnt\n|faint|p2b: Kommo-o\n|-hitcount|p2: Kommo-o|2\n|\n|-heal|p1a: Gliscor|68/100|[from] item: Leftovers\n|upkeep\n|-message|fennekinlovr\u2661\u2661\u2661 forfeited.\n|\n|win|Unpuzzled\n|raw|Unpuzzled's rating: 1078 &rarr; <strong>1100</strong><br />(+22 for winning)\n|raw|fennekinlovr\u2661\u2661\u2661's rating: 1000 &rarr; <strong>1000</strong><br />(+0 for losing)\n|l|\u2606fennekinlovr\u2661\u2661\u2661\n|player|p2|\n",
  "uploadtime": 1776035290,
  "views": 11,
  "formatid": "gen9championsvgc2026regma",
  "rating": 1000,
  "private": 0,
  "password": null
}