{
  "id": "gen9championsvgc2026regma-2584393626",
  "format": "[Gen 9 Champions] VGC 2026 Reg M-A",
  "players": [
    "smp on whimsicott",
    "Ian the blue fish"
  ],
  "log": "|j|\u2606smp on whimsicott\n|j|\u2606Ian the blue fish\n|t:|1776257584\n|gametype|doubles\n|player|p1|smp on whimsicott|artist-gen4|1398\n|player|p2|Ian the blue fish|janitor|1379\n|gen|9\n|tier|[Gen 9 Champions] VGC 2026 Reg M-A\n|rated|\n|rule|Species Clause: Limit one of each Pok\u00e9mon\n|rule|Item Clause: Limit 1 of each item\n|clearpoke\n|poke|p1|Arcanine, L50, F|\n|poke|p1|Venusaur, L50, F|\n|poke|p1|Sneasler, L50, F|\n|poke|p1|Rotom-Wash, L50|\n|poke|p1|Garchomp, L50, M|\n|poke|p1|Corviknight, L50, F|\n|poke|p2|Typhlosion-Hisui, L50, F|\n|poke|p2|Torkoal, L50, F|\n|poke|p2|Farigiraf, L50, F|\n|poke|p2|Floette-Eternal, L50, F|\n|poke|p2|Venusaur, L50, M|\n|poke|p2|Kommo-o, L50, F|\n|teampreview|4\n|c|\u2606Ian the blue fish|Glhf\n|\n|t:|1776257628\n|teamsize|p1|4\n|teamsize|p2|4\n|start\n|switch|p1a: Rotom|Rotom-Wash, L50|100/100\n|switch|p1b: Garchomp|Garchomp, L50, M|100/100\n|switch|p2a: Typhlosion|Typhlosion-Hisui, L50, F, shiny|100/100\n|switch|p2b: Floette|Floette-Eternal, L50, F|100/100\n|turn|1\n|\n|t:|1776257643\n|switch|p2a: Venusaur|Venusaur, L50, M|100/100\n|detailschange|p2b: Floette|Floette-Mega, L50, F\n|-mega|p2b: Floette|Floette|Floettite\n|-ability|p2b: Floette|Fairy Aura\n|move|p1a: Rotom|Electroweb|p2a: Venusaur|[spread] p2a,p2b\n|-resisted|p2a: Venusaur|1\n|-damage|p2a: Venusaur|91/100\n|-damage|p2b: Floette|86/100\n|-unboost|p2a: Venusaur|spe|1\n|-unboost|p2b: Floette|spe|1\n|move|p1b: Garchomp|Earthquake|p2a: Venusaur|[spread] p2a,p2b\n|-immune|p1a: Rotom|[from] ability: Levitate\n|-damage|p2a: Venusaur|39/100\n|-damage|p2b: Floette|38/100\n|move|p2b: Floette|Dazzling Gleam|p1b: Garchomp|[spread] p1a,p1b\n|-supereffective|p1b: Garchomp|1\n|-damage|p1a: Rotom|43/100\n|-damage|p1b: Garchomp|0 fnt\n|faint|p1b: Garchomp\n|\n|upkeep\n|j| index0405\n|\n|t:|1776257678\n|switch|p1b: Venusaur|Venusaur, L50, F|100/100\n|turn|2\n|l| index0405\n|\n|t:|1776257697\n|switch|p1a: Arcanine|Arcanine, L50, F|100/100\n|-ability|p1a: Arcanine|Intimidate|boost\n|-unboost|p2a: Venusaur|atk|1\n|-unboost|p2b: Floette|atk|1\n|switch|p2b: Torkoal|Torkoal, L50, F|100/100\n|-weather|SunnyDay|[from] ability: Drought|[of] p2b: Torkoal\n|detailschange|p1b: Venusaur|Venusaur-Mega, L50, F\n|-mega|p1b: Venusaur|Venusaur|Venusaurite\n|move|p2a: Venusaur|Energy Ball|p1a: Arcanine\n|-resisted|p1a: Arcanine|1\n|-damage|p1a: Arcanine|76/100\n|move|p1b: Venusaur|Sludge Bomb|p2a: Venusaur\n|-damage|p2a: Venusaur|0 fnt\n|faint|p2a: Venusaur\n|\n|-weather|SunnyDay|[upkeep]\n|upkeep\n|\n|t:|1776257717\n|switch|p2a: Typhlosion|Typhlosion-Hisui, L50, F, shiny|100/100\n|turn|3\n|\n|t:|1776257732\n|move|p2a: Typhlosion|Eruption|p1b: Venusaur|[spread] p1a,p1b\n|-resisted|p1a: Arcanine|1\n|-supereffective|p1b: Venusaur|1\n|-damage|p1a: Arcanine|29/100\n|-damage|p1b: Venusaur|33/100\n|-enditem|p1a: Arcanine|Sitrus Berry|[eat]\n|-heal|p1a: Arcanine|54/100|[from] item: Sitrus Berry\n|move|p1a: Arcanine|Snarl|p2a: Typhlosion|[spread] p2a,p2b\n|-supereffective|p2a: Typhlosion|1\n|-damage|p2a: Typhlosion|78/100\n|-damage|p2b: Torkoal|89/100\n|-unboost|p2a: Typhlosion|spa|1\n|-unboost|p2b: Torkoal|spa|1\n|move|p1b: Venusaur|Earth Power|p2a: Typhlosion\n|-supereffective|p2a: Typhlosion|1\n|-damage|p2a: Typhlosion|0 fnt\n|faint|p2a: Typhlosion\n|move|p2b: Torkoal|Heat Wave|p1a: Arcanine|[spread] p1a,p1b\n|-resisted|p1a: Arcanine|1\n|-supereffective|p1b: Venusaur|1\n|-damage|p1a: Arcanine|35/100\n|-damage|p1b: Venusaur|7/100\n|\n|-weather|SunnyDay|[upkeep]\n|upkeep\n|\n|t:|1776257749\n|switch|p2a: Floette|Floette-Mega, L50, F|38/100\n|-ability|p2a: Floette|Fairy Aura\n|turn|4\n|\n|t:|1776257761\n|move|p2b: Torkoal|Helping Hand|p2a: Floette\n|-singleturn|p2a: Floette|Helping Hand|[of] p2b: Torkoal\n|move|p1a: Arcanine|Protect|p1a: Arcanine\n|-singleturn|p1a: Arcanine|Protect\n|move|p2a: Floette|Dazzling Gleam|p1a: Arcanine|[spread] p1b\n|-activate|p1a: Arcanine|move: Protect\n|-resisted|p1b: Venusaur|1\n|-damage|p1b: Venusaur|0 fnt\n|faint|p1b: Venusaur\n|\n|-weather|SunnyDay|[upkeep]\n|upkeep\n|\n|t:|1776257764\n|switch|p1b: Rotom|Rotom-Wash, L50|43/100\n|turn|5\n|\n|t:|1776257798\n|move|p2a: Floette|Protect|p2a: Floette\n|-singleturn|p2a: Floette|Protect\n|move|p1b: Rotom|Electroweb|p2a: Floette|[spread] p2b\n|-activate|p2a: Floette|move: Protect\n|-damage|p2b: Torkoal|68/100\n|-unboost|p2b: Torkoal|spe|1\n|move|p1a: Arcanine|Flare Blitz|p2a: Floette\n|-activate|p2a: Floette|move: Protect\n|move|p2b: Torkoal|Eruption|p1b: Rotom|[spread] p1a,p1b\n|-resisted|p1a: Arcanine|1\n|-resisted|p1b: Rotom|1\n|-crit|p1b: Rotom\n|-damage|p1a: Arcanine|15/100\n|-damage|p1b: Rotom|0 fnt\n|faint|p1b: Rotom\n|\n|-weather|SunnyDay|[upkeep]\n|upkeep\n|turn|6\n|-message|smp on whimsicott forfeited.\n|\n|win|Ian the blue fish\n|raw|smp on whimsicott's rating: 1398 &rarr; <strong>1377</strong><br />(-21 for losing)\n|raw|Ian the blue fish's rating: 1379 &rarr; <strong>1400</strong><br />(+21 for winning)\n",
  "uploadtime": 1776257809,
  "views": 43,
  "formatid": "gen9championsvgc2026regma",
  "rating": 1377,
  "private": 0,
  "password": null
}