{
  "id": "gen9championsvgc2026regma-2587194689",
  "format": "[Gen 9 Champions] VGC 2026 Reg M-A",
  "players": [
    "cressythediddler",
    "Martrack"
  ],
  "log": "|j|\u2606cressythediddler\n|j|\u2606Martrack\n|t:|1776507215\n|gametype|doubles\n|player|p1|cressythediddler|gambler|1122\n|player|p2|Martrack|cynthia-gen4|1195\n|gen|9\n|tier|[Gen 9 Champions] VGC 2026 Reg M-A\n|rated|\n|rule|Species Clause: Limit one of each Pok\u00e9mon\n|rule|Item Clause: Limit 1 of each item\n|clearpoke\n|poke|p1|Skarmory, L50, M|\n|poke|p1|Sneasler, L50, M|\n|poke|p1|Pelipper, L50, M|\n|poke|p1|Basculegion, L50, M|\n|poke|p1|Clefable, L50, F|\n|poke|p1|Garchomp, L50, F|\n|poke|p2|Garchomp, L50, M|\n|poke|p2|Floette-Eternal, L50, F|\n|poke|p2|Sneasler, L50, F, shiny|\n|poke|p2|Tyranitar, L50, M|\n|poke|p2|Sinistcha, L50|\n|poke|p2|Corviknight, L50, M|\n|teampreview|4\n|inactive|Battle timer is ON: inactive players will automatically lose when time's up. (requested by cressythediddler)\n|\n|t:|1776507225\n|teamsize|p1|4\n|teamsize|p2|4\n|start\n|switch|p1a: Garchomp|Garchomp, L50, F|100/100\n|switch|p1b: Sneasler|Sneasler, L50, M|100/100\n|switch|p2a: Floette|Floette-Eternal, L50, F|100/100\n|switch|p2b: Sneasler|Sneasler, L50, F, shiny|100/100\n|turn|1\n|\n|t:|1776507248\n|move|p2b: Sneasler|Fake Out|p1b: Sneasler\n|-crit|p1b: Sneasler\n|-damage|p1b: Sneasler|63/100\n|cant|p1b: Sneasler|flinch\n|move|p1a: Garchomp|Rock Slide|p2b: Sneasler|[spread] p2a,p2b\n|-resisted|p2b: Sneasler|1\n|-damage|p2a: Floette|72/100\n|-damage|p2b: Sneasler|84/100\n|move|p2a: Floette|Calm Mind|p2a: Floette\n|-boost|p2a: Floette|spa|1\n|-boost|p2a: Floette|spd|1\n|\n|upkeep\n|turn|2\n|\n|t:|1776507264\n|switch|p2b: Sinistcha|Sinistcha, L50|100/100\n|-heal|p2a: Floette|97/100|[from] ability: Hospitality|[of] p2b: Sinistcha\n|detailschange|p2a: Floette|Floette-Mega, L50, F\n|-mega|p2a: Floette|Floette|Floettite\n|-ability|p2a: Floette|Fairy Aura\n|move|p1a: Garchomp|Protect|p1a: Garchomp\n|-singleturn|p1a: Garchomp|Protect\n|move|p1b: Sneasler|Dire Claw|p2a: Floette\n|-supereffective|p2a: Floette|1\n|-damage|p2a: Floette|0 fnt\n|faint|p2a: Floette\n|\n|upkeep\n|\n|t:|1776507276\n|switch|p2a: Sneasler|Sneasler, L50, F, shiny|84/100\n|turn|3\n|\n|t:|1776507294\n|move|p2a: Sneasler|Fake Out|p1a: Garchomp\n|-damage|p1a: Garchomp|87/100\n|-damage|p2a: Sneasler|71/100|[from] ability: Rough Skin|[of] p1a: Garchomp\n|move|p1b: Sneasler|Coaching|p1a: Garchomp\n|-boost|p1a: Garchomp|atk|1\n|-boost|p1a: Garchomp|def|1\n|cant|p1a: Garchomp|flinch\n|move|p2b: Sinistcha|Matcha Gotcha|p1b: Sneasler|[spread] p1b\n|-miss|p2b: Sinistcha|p1a: Garchomp\n|-resisted|p1b: Sneasler|1\n|-damage|p1b: Sneasler|46/100\n|\n|upkeep\n|turn|4\n|inactive|Martrack has 30 seconds left.\n|\n|t:|1776507324\n|move|p1a: Garchomp|Protect|p1a: Garchomp\n|-singleturn|p1a: Garchomp|Protect\n|move|p2a: Sneasler|Close Combat|p1a: Garchomp\n|-activate|p1a: Garchomp|move: Protect\n|move|p1b: Sneasler|Coaching|p1a: Garchomp\n|-boost|p1a: Garchomp|atk|1\n|-boost|p1a: Garchomp|def|1\n|move|p2b: Sinistcha|Matcha Gotcha|p1b: Sneasler|[spread] p1b\n|-activate|p1a: Garchomp|move: Protect\n|-resisted|p1b: Sneasler|1\n|-damage|p1b: Sneasler|29/100\n|\n|upkeep\n|turn|5\n|\n|t:|1776507343\n|move|p2a: Sneasler|Close Combat|p1a: Garchomp\n|-damage|p1a: Garchomp|57/100\n|-unboost|p2a: Sneasler|def|1\n|-unboost|p2a: Sneasler|spd|1\n|-damage|p2a: Sneasler|59/100|[from] ability: Rough Skin|[of] p1a: Garchomp\n|-enditem|p2a: Sneasler|White Herb\n|-clearnegativeboost|p2a: Sneasler|[silent]\n|move|p1b: Sneasler|Dire Claw|p2b: Sinistcha\n|-damage|p2b: Sinistcha|63/100\n|-status|p2b: Sinistcha|slp\n|move|p1a: Garchomp|Dragon Claw|p2a: Sneasler\n|-damage|p2a: Sneasler|0 fnt\n|faint|p2a: Sneasler\n|cant|p2b: Sinistcha|slp\n|\n|upkeep\n|inactive|Martrack has 30 seconds left.\n|inactive|Martrack has 20 seconds left.\n|inactive|Martrack has 15 seconds left.\n|inactive|Martrack has 10 seconds left.\n|inactive|Martrack has 5 seconds left.\n|c|\u2606cressythediddler|Gas la\n|\n|t:|1776507398\n|switch|p2a: Garchomp|Garchomp, L50, M|100/100\n|turn|6\n|inactive|Martrack has 30 seconds left.\n|inactive|Martrack has 20 seconds left.\n|inactive|Martrack has 15 seconds left.\n|inactive|Martrack has 10 seconds left.\n|inactive|Martrack has 5 seconds left.\n|\n|t:|1776507453\n|move|p2a: Garchomp|Earthquake|p1a: Garchomp|[spread] p2b,p1a,p1b\n|-resisted|p2b: Sinistcha|1\n|-supereffective|p1b: Sneasler|1\n|-damage|p2b: Sinistcha|47/100 slp\n|-damage|p1a: Garchomp|36/100\n|-damage|p1b: Sneasler|0 fnt\n|-enditem|p2b: Sinistcha|Sitrus Berry|[eat]\n|-heal|p2b: Sinistcha|71/100 slp|[from] item: Sitrus Berry\n|faint|p1b: Sneasler\n|move|p1a: Garchomp|Dragon Claw|p2a: Garchomp\n|-supereffective|p2a: Garchomp|1\n|-crit|p2a: Garchomp\n|-damage|p2a: Garchomp|0 fnt\n|faint|p2a: Garchomp\n|cant|p2b: Sinistcha|slp\n|\n|upkeep\n|\n|t:|1776507465\n|switch|p1b: Clefable|Clefable, L50, F|100/100\n|turn|7\n|inactive|Martrack has 30 seconds left.\n|inactive|Martrack has 20 seconds left.\n|c|\u2606cressythediddler|Lu memang anak kontol ya\n|inactive|Martrack has 15 seconds left.\n|inactive|Martrack has 10 seconds left.\n|inactive|Martrack has 5 seconds left.\n|\n|t:|1776507521\n|move|p1a: Garchomp|Protect|p1a: Garchomp\n|-singleturn|p1a: Garchomp|Protect\n|-curestatus|p2b: Sinistcha|slp|[msg]\n|move|p2b: Sinistcha|Matcha Gotcha|p1b: Clefable|[spread] p1b\n|-activate|p1a: Garchomp|move: Protect\n|-damage|p1b: Clefable|81/100\n|-heal|p2b: Sinistcha|81/100|[from] drain|[of] p1b: Clefable\n|move|p1b: Clefable|Life Dew|p1b: Clefable|[spread] p1a,p1b\n|-heal|p1a: Garchomp|61/100\n|-heal|p1b: Clefable|100/100\n|\n|upkeep\n|turn|8\n|inactive|Martrack has 30 seconds left.\n|inactive|Martrack has 20 seconds left.\n|inactive|Martrack has 15 seconds left.\n|inactive|Martrack has 10 seconds left.\n|inactive|Martrack has 5 seconds left.\n|\n|t:|1776507576\n|move|p1b: Clefable|Helping Hand|p1a: Garchomp\n|-singleturn|p1a: Garchomp|Helping Hand|[of] p1b: Clefable\n|move|p1a: Garchomp|Dragon Claw|p2b: Sinistcha\n|-damage|p2b: Sinistcha|0 fnt\n|faint|p2b: Sinistcha\n|\n|win|cressythediddler\n",
  "uploadtime": 1776507504,
  "views": 15,
  "formatid": "gen9championsvgc2026regma",
  "rating": null,
  "private": 0,
  "password": null
}