{
  "id": "gen9championsvgc2026regma-2582885597",
  "format": "[Gen 9 Champions] VGC 2026 Reg M-A",
  "players": [
    "galvantulagamer",
    "NetoPeixe"
  ],
  "log": "|j|\u2606galvantulagamer\n|j|\u2606NetoPeixe\n|t:|1776122019\n|gametype|doubles\n|player|p1|galvantulagamer|266|1000\n|player|p2|NetoPeixe|hau|1057\n|gen|9\n|tier|[Gen 9 Champions] VGC 2026 Reg M-A\n|rated|\n|rule|Species Clause: Limit one of each Pok\u00e9mon\n|rule|Item Clause: Limit 1 of each item\n|clearpoke\n|poke|p1|Hawlucha, L50, M|\n|poke|p1|Excadrill, L50, M|\n|poke|p1|Tyranitar, L50, M|\n|poke|p1|Incineroar, L50, F|\n|poke|p1|Whimsicott, L50, F|\n|poke|p1|Farigiraf, L50, M|\n|poke|p2|Alakazam, L50, F|\n|poke|p2|Golurk, L50|\n|poke|p2|Incineroar, L50, M|\n|poke|p2|Clefable, L50, F|\n|poke|p2|Toxapex, L50, M|\n|poke|p2|Sinistcha, L50|\n|teampreview|4\n|inactive|Battle timer is ON: inactive players will automatically lose when time's up. (requested by NetoPeixe)\n|inactive|NetoPeixe has 60 seconds left.\n|\n|t:|1776122057\n|teamsize|p1|4\n|teamsize|p2|4\n|start\n|switch|p1a: Tyranitar|Tyranitar, L50, M|100/100\n|switch|p1b: Farigiraf|Farigiraf, L50, M|100/100\n|switch|p2a: Alakazam|Alakazam, L50, F, shiny|100/100\n|switch|p2b: Golurk|Golurk, L50, shiny|100/100\n|-weather|Sandstorm|[from] ability: Sand Stream|[of] p1a: Tyranitar\n|turn|1\n|inactive|galvantulagamer has 30 seconds left.\n|inactive|NetoPeixe has 30 seconds left.\n|inactive|NetoPeixe has 20 seconds left.\n|\n|t:|1776122093\n|detailschange|p1a: Tyranitar|Tyranitar-Mega, L50, M\n|-mega|p1a: Tyranitar|Tyranitar|Tyranitarite\n|move|p1a: Tyranitar|Protect|p1a: Tyranitar\n|-singleturn|p1a: Tyranitar|Protect\n|move|p2a: Alakazam|Speed Swap|p2b: Golurk\n|-activate|p2a: Alakazam|move: Speed Swap|[of] p2b: Golurk\n|move|p2b: Golurk|Dynamic Punch|p1a: Tyranitar\n|-activate|p1a: Tyranitar|move: Protect\n|move|p1b: Farigiraf|Trick Room|p1b: Farigiraf\n|-fieldstart|move: Trick Room|[of] p1b: Farigiraf\n|\n|-weather|Sandstorm|[upkeep]\n|-damage|p2a: Alakazam|94/100|[from] Sandstorm\n|-damage|p1b: Farigiraf|94/100|[from] Sandstorm\n|upkeep\n|turn|2\n|inactive|NetoPeixe has 30 seconds left.\n|\n|t:|1776122120\n|move|p2a: Alakazam|Speed Swap|p2b: Golurk\n|-activate|p2a: Alakazam|move: Speed Swap|[of] p2b: Golurk\n|move|p2b: Golurk|Dynamic Punch|p1a: Tyranitar\n|-supereffective|p1a: Tyranitar|2\n|-damage|p1a: Tyranitar|0 fnt\n|faint|p1a: Tyranitar\n|move|p1b: Farigiraf|Imprison|p1b: Farigiraf\n|-start|p1b: Farigiraf|move: Imprison\n|\n|-weather|Sandstorm|[upkeep]\n|-damage|p1b: Farigiraf|88/100|[from] Sandstorm\n|-damage|p2a: Alakazam|88/100|[from] Sandstorm\n|upkeep\n|\n|t:|1776122137\n|switch|p1a: Whimsicott|Whimsicott, L50, F|100/100\n|turn|3\n|inactive|NetoPeixe has 30 seconds left.\n|inactive|NetoPeixe has 20 seconds left.\n|\n|t:|1776122173\n|detailschange|p2b: Golurk|Golurk-Mega, L50, shiny\n|-mega|p2b: Golurk|Golurk|Golurkite\n|move|p1a: Whimsicott|Encore|p2a: Alakazam\n|-start|p2a: Alakazam|Encore\n|move|p2b: Golurk|Poltergeist|p1a: Whimsicott\n|-activate|p1a: Whimsicott|move: Poltergeist|Bright Powder\n|-damage|p1a: Whimsicott|37/100\n|move|p1b: Farigiraf|Hyper Voice|p2a: Alakazam|[spread] p2a\n|-immune|p2b: Golurk\n|-damage|p2a: Alakazam|60/100\n|move|p2a: Alakazam|Speed Swap|p1b: Farigiraf\n|-activate|p2a: Alakazam|move: Speed Swap|[of] p1b: Farigiraf\n|\n|-weather|Sandstorm|[upkeep]\n|-damage|p2a: Alakazam|54/100|[from] Sandstorm\n|-damage|p1a: Whimsicott|31/100|[from] Sandstorm\n|-damage|p1b: Farigiraf|82/100|[from] Sandstorm\n|upkeep\n|turn|4\n|inactive|galvantulagamer has 30 seconds left.\n|inactive|NetoPeixe has 30 seconds left.\n|inactive|NetoPeixe has 20 seconds left.\n|inactive|NetoPeixe has 15 seconds left.\n|\n|t:|1776122213\n|switch|p1b: Excadrill|Excadrill, L50, M|100/100\n|move|p1a: Whimsicott|Tailwind|p1a: Whimsicott\n|-sidestart|p1: galvantulagamer|move: Tailwind\n|move|p2b: Golurk|Poltergeist|p1a: Whimsicott|[miss]\n|-miss|p2b: Golurk|p1a: Whimsicott\n|move|p2a: Alakazam|Speed Swap|p1a: Whimsicott\n|-activate|p2a: Alakazam|move: Speed Swap|[of] p1a: Whimsicott\n|\n|-weather|Sandstorm|[upkeep]\n|-damage|p2a: Alakazam|48/100|[from] Sandstorm\n|-damage|p1a: Whimsicott|25/100|[from] Sandstorm\n|upkeep\n|turn|5\n|inactive|galvantulagamer has 30 seconds left.\n|\n|t:|1776122239\n|move|p2b: Golurk|Dynamic Punch|p1b: Excadrill\n|-supereffective|p1b: Excadrill|1\n|-enditem|p1b: Excadrill|Focus Sash\n|-damage|p1b: Excadrill|1/100\n|-start|p1b: Excadrill|confusion\n|move|p2a: Alakazam|Speed Swap|p1a: Whimsicott\n|-activate|p2a: Alakazam|move: Speed Swap|[of] p1a: Whimsicott\n|move|p1a: Whimsicott|Moonblast|p2b: Golurk\n|-damage|p2b: Golurk|79/100\n|-activate|p1b: Excadrill|confusion\n|-damage|p1b: Excadrill|0 fnt|[from] confusion\n|faint|p1b: Excadrill\n|\n|-weather|none\n|-end|p2a: Alakazam|Encore\n|-fieldend|move: Trick Room\n|upkeep\n|l|\u2606galvantulagamer\n|inactive|galvantulagamer disconnected and has a minute to reconnect!\n|player|p1|\n|inactive|galvantulagamer has 30 seconds left.\n|inactive|galvantulagamer has 20 seconds left.\n|inactive|galvantulagamer has 15 seconds left.\n|inactive|galvantulagamer has 10 seconds left.\n|inactive|galvantulagamer has 5 seconds left.\n|-message|galvantulagamer lost due to inactivity.\n|\n|win|NetoPeixe\n|raw|galvantulagamer's rating: 1000 &rarr; <strong>1000</strong><br />(+0 for losing)\n|raw|NetoPeixe's rating: 1057 &rarr; <strong>1083</strong><br />(+26 for winning)\n",
  "uploadtime": 1776122297,
  "views": 26,
  "formatid": "gen9championsvgc2026regma",
  "rating": 1000,
  "private": 0,
  "password": null
}