{
  "id": "gen9championsvgc2026regma-2587172312",
  "format": "[Gen 9 Champions] VGC 2026 Reg M-A",
  "players": [
    "zhttt1991",
    "Twistys222"
  ],
  "log": "|j|\u2606zhttt1991\n|j|\u2606Twistys222\n|t:|1776504020\n|gametype|doubles\n|player|p1|zhttt1991|hiker-gen4|1466\n|player|p2|Twistys222|2|1372\n|gen|9\n|tier|[Gen 9 Champions] VGC 2026 Reg M-A\n|rated|\n|rule|Species Clause: Limit one of each Pok\u00e9mon\n|rule|Item Clause: Limit 1 of each item\n|clearpoke\n|poke|p1|Floette-Eternal, L50, F|\n|poke|p1|Kingambit, L50, M|\n|poke|p1|Sneasler, L50, F|\n|poke|p1|Garchomp, L50, F|\n|poke|p1|Delphox, L50, M|\n|poke|p1|Incineroar, L50, F|\n|poke|p2|Scovillain, L50, F|\n|poke|p2|Kingambit, L50, F|\n|poke|p2|Incineroar, L50, M|\n|poke|p2|Gallade, L50, M|\n|poke|p2|Farigiraf, L50, F|\n|poke|p2|Torkoal, L50, F|\n|teampreview|4\n|inactive|Battle timer is ON: inactive players will automatically lose when time's up. (requested by Twistys222)\nzhttt1991 rejected open team sheets.\n|j| Hornet_72\n|\n|t:|1776504049\n|teamsize|p1|4\n|teamsize|p2|4\n|start\n|switch|p1a: Delphox|Delphox, L50, M|100/100\n|switch|p1b: Sneasler|Sneasler, L50, F|100/100\n|switch|p2a: Scovillain|Scovillain, L50, F|100/100\n|switch|p2b: Farigiraf|Farigiraf, L50, F|100/100\n|turn|1\n|\n|t:|1776504065\n|detailschange|p1a: Delphox|Delphox-Mega, L50, M\n|-mega|p1a: Delphox|Delphox|Delphoxite\n|detailschange|p2a: Scovillain|Scovillain-Mega, L50, F\n|-mega|p2a: Scovillain|Scovillain|Scovillainite\n|move|p2a: Scovillain|Rage Powder|p2a: Scovillain\n|-singleturn|p2a: Scovillain|move: Rage Powder\n|move|p1a: Delphox|Heat Wave|p2a: Scovillain|[spread] p2a,p2b\n|-damage|p2a: Scovillain|66/100\n|-damage|p2b: Farigiraf|70/100\n|-immune|p1a: Delphox\n|move|p1b: Sneasler|Close Combat|p2a: Scovillain\n|-damage|p2a: Scovillain|1/100\n|-unboost|p1b: Sneasler|def|1\n|-unboost|p1b: Sneasler|spd|1\n|-status|p1b: Sneasler|brn|[from] ability: Spicy Spray|[of] p2a: Scovillain\n|-enditem|p1b: Sneasler|White Herb\n|-clearnegativeboost|p1b: Sneasler|[silent]\n|move|p2b: Farigiraf|Trick Room|p2b: Farigiraf\n|-fieldstart|move: Trick Room|[of] p2b: Farigiraf\n|\n|-damage|p1b: Sneasler|95/100 brn|[from] brn\n|upkeep\n|turn|2\n|inactive|zhttt1991 has 30 seconds left.\n|inactive|Twistys222 has 30 seconds left.\n|\n|t:|1776504099\n|move|p2b: Farigiraf|Psychic|p1b: Sneasler\n|-supereffective|p1b: Sneasler|2\n|-damage|p1b: Sneasler|0 fnt\n|faint|p1b: Sneasler\n|move|p2a: Scovillain|Spicy Extract|p1a: Delphox\n|-boost|p1a: Delphox|atk|2\n|-unboost|p1a: Delphox|def|2\n|move|p1a: Delphox|Heat Wave|p2b: Farigiraf|[spread] p2a\n|-miss|p1a: Delphox|p2b: Farigiraf\n|-damage|p2a: Scovillain|0 fnt\n|-immune|p1a: Delphox\n|faint|p2a: Scovillain\n|\n|upkeep\n|\n|t:|1776504117\n|switch|p2a: Torkoal|Torkoal, L50, F|100/100\n|switch|p1b: Garchomp|Garchomp, L50, F|100/100\n|-weather|SunnyDay|[from] ability: Drought|[of] p2a: Torkoal\n|turn|3\n|j| f2bior7\n|\n|t:|1776504134\n|move|p2a: Torkoal|Eruption|p1a: Delphox|[spread] p1a,p1b\n|-resisted|p1a: Delphox|1\n|-resisted|p1b: Garchomp|1\n|-crit|p1b: Garchomp\n|-damage|p1a: Delphox|63/100\n|-damage|p1b: Garchomp|40/100\n|move|p2b: Farigiraf|Hyper Voice|p1a: Delphox|[spread] p1a,p1b\n|-damage|p1a: Delphox|35/100\n|-damage|p1b: Garchomp|5/100\n|move|p1b: Garchomp|Earthquake|p2b: Farigiraf|[spread] p2a,p2b\n|-immune|p1a: Delphox|[from] ability: Levitate\n|-supereffective|p2a: Torkoal|1\n|-damage|p2a: Torkoal|43/100\n|-damage|p2b: Farigiraf|28/100\n|-enditem|p2b: Farigiraf|Sitrus Berry|[eat]\n|-heal|p2b: Farigiraf|52/100|[from] item: Sitrus Berry\n|move|p1a: Delphox|Heat Wave|p2a: Torkoal|[spread] p2a,p2b\n|-resisted|p2a: Torkoal|1\n|-damage|p2a: Torkoal|3/100\n|-damage|p2b: Farigiraf|5/100\n|\n|-weather|SunnyDay|[upkeep]\n|-heal|p1b: Garchomp|11/100|[from] item: Leftovers\n|upkeep\n|turn|4\n|j| DaSheng204\n|l| DaSheng204\n|inactive|zhttt1991 has 30 seconds left.\n|inactive|Twistys222 has 30 seconds left.\n|\n|t:|1776504161\n|switch|p1a: Incineroar|Incineroar, L50, F|100/100\n|-ability|p1a: Incineroar|Intimidate|boost\n|-unboost|p2a: Torkoal|atk|1\n|-unboost|p2b: Farigiraf|atk|1\n|move|p1b: Garchomp|Protect|p1b: Garchomp\n|-singleturn|p1b: Garchomp|Protect\n|move|p2a: Torkoal|Sludge Bomb|p1a: Incineroar\n|-damage|p1a: Incineroar|77/100\n|-status|p1a: Incineroar|psn\n|move|p2b: Farigiraf|Hyper Voice|p1b: Garchomp|[spread] p1a\n|-activate|p1b: Garchomp|move: Protect\n|-damage|p1a: Incineroar|47/100 psn\n|\n|-weather|SunnyDay|[upkeep]\n|-heal|p1b: Garchomp|17/100|[from] item: Leftovers\n|-damage|p1a: Incineroar|34/100 psn|[from] psn\n|upkeep\n|turn|5\n|\n|t:|1776504186\n|switch|p1b: Delphox|Delphox-Mega, L50, M|35/100\n|move|p2a: Torkoal|Sludge Bomb|p1a: Incineroar\n|-damage|p1a: Incineroar|10/100 psn\n|move|p1a: Incineroar|Flare Blitz|p2b: Farigiraf\n|-damage|p2b: Farigiraf|0 fnt\n|faint|p2b: Farigiraf\n|-damage|p1a: Incineroar|9/100 psn|[from] Recoil\n|\n|-weather|SunnyDay|[upkeep]\n|-damage|p1a: Incineroar|0 fnt|[from] psn\n|faint|p1a: Incineroar\n|-fieldend|move: Trick Room\n|upkeep\n|\n|t:|1776504198\n|switch|p1a: Garchomp|Garchomp, L50, F|17/100\n|switch|p2b: Gallade|Gallade, L50, M|100/100\n|turn|6\n|\n|t:|1776504221\n|move|p1b: Delphox|Psychic|p2b: Gallade\n|-damage|p2b: Gallade|56/100\n|move|p1a: Garchomp|Dragon Claw|p2a: Torkoal\n|-damage|p2a: Torkoal|0 fnt\n|faint|p2a: Torkoal\n|move|p2b: Gallade|Sacred Sword|p1a: Garchomp\n|-damage|p1a: Garchomp|0 fnt\n|-damage|p2b: Gallade|44/100|[from] ability: Rough Skin|[of] p1a: Garchomp\n|faint|p1a: Garchomp\n|\n|-weather|SunnyDay|[upkeep]\n|upkeep\n|turn|7\n|\n|t:|1776504234\n|move|p1b: Delphox|Psychic|p2b: Gallade\n|-damage|p2b: Gallade|0 fnt\n|faint|p2b: Gallade\n|\n|win|zhttt1991\n|raw|zhttt1991's rating: 1466 &rarr; <strong>1481</strong><br />(+15 for winning)\n|raw|Twistys222's rating: 1372 &rarr; <strong>1357</strong><br />(-15 for losing)\n|l|\u2606Twistys222\n|player|p2|\n|l|\u2606zhttt1991\n|player|p1|\n|j| Crvstal_K!tty\n|l| Crvstal_K!tty\n|l| Hornet_72\n|j| Hornet_72\n|l| f2bior7\n",
  "uploadtime": 1776504499,
  "views": 25,
  "formatid": "gen9championsvgc2026regma",
  "rating": 1357,
  "private": 0,
  "password": null
}