{
  "id": "gen9championsvgc2026regma-2587539159",
  "format": "[Gen 9 Champions] VGC 2026 Reg M-A",
  "players": [
    "IloveBugs<3",
    "dreballin3x"
  ],
  "log": "|j|\u2606IloveBugs<3\n|j|\u2606dreballin3x\n|t:|1776540488\n|gametype|doubles\n|player|p1|IloveBugs<3|dancer|1155\n|player|p2|dreballin3x|marshal|1098\n|gen|9\n|tier|[Gen 9 Champions] VGC 2026 Reg M-A\n|rated|\n|rule|Species Clause: Limit one of each Pok\u00e9mon\n|rule|Item Clause: Limit 1 of each item\n|clearpoke\n|poke|p1|Beedrill, L50, F|\n|poke|p1|Incineroar, L50, M|\n|poke|p1|Basculegion, L50, M|\n|poke|p1|Raichu, L50, F|\n|poke|p1|Sylveon, L50, M|\n|poke|p1|Sinistcha, L50|\n|poke|p2|Blastoise, L50, F|\n|poke|p2|Whimsicott, L50, M|\n|poke|p2|Sableye, L50, F|\n|poke|p2|Pelipper, L50, F|\n|poke|p2|Maushold-Four, L50|\n|poke|p2|Archaludon, L50, M|\n|teampreview|4\n|\n|t:|1776540527\n|teamsize|p1|4\n|teamsize|p2|4\n|start\n|switch|p1a: Captalism|Raichu, L50, F|100/100\n|switch|p1b: Glue pt.2|Sinistcha, L50|100/100\n|switch|p2a: Blastoise|Blastoise, L50, F|100/100\n|switch|p2b: Whimsicott|Whimsicott, L50, M|100/100\n|turn|1\n|\n|t:|1776540548\n|detailschange|p2a: Blastoise|Blastoise-Mega, L50, F\n|-mega|p2a: Blastoise|Blastoise|Blastoisinite\n|move|p1a: Captalism|Fake Out|p2b: Whimsicott\n|-damage|p2b: Whimsicott|90/100\n|cant|p2b: Whimsicott|flinch\n|move|p2a: Blastoise|Water Spout|p1a: Captalism|[spread] p1a,p1b\n|-resisted|p1b: Glue pt.2|1\n|-damage|p1a: Captalism|4/100\n|-damage|p1b: Glue pt.2|65/100\n|move|p1b: Glue pt.2|Matcha Gotcha|p2b: Whimsicott|[spread] p2b\n|-miss|p1b: Glue pt.2|p2a: Blastoise\n|-resisted|p2b: Whimsicott|1\n|-damage|p2b: Whimsicott|70/100\n|-heal|p1b: Glue pt.2|73/100|[from] drain|[of] p2b: Whimsicott\n|\n|upkeep\n|turn|2\n|\n|t:|1776540567\n|switch|p2a: Pelipper|Pelipper, L50, F|100/100\n|-weather|RainDance|[from] ability: Drizzle|[of] p2a: Pelipper\n|move|p2b: Whimsicott|Hurricane|p1b: Glue pt.2\n|-supereffective|p1b: Glue pt.2|1\n|-damage|p1b: Glue pt.2|31/100\n|-enditem|p1b: Glue pt.2|Sitrus Berry|[eat]\n|-heal|p1b: Glue pt.2|56/100|[from] item: Sitrus Berry\n|move|p1a: Captalism|Nuzzle|p2a: Pelipper\n|-supereffective|p2a: Pelipper|2\n|-enditem|p2a: Pelipper|Wacan Berry|[eat]\n|-enditem|p2a: Pelipper|Wacan Berry|[weaken]\n|-damage|p2a: Pelipper|90/100\n|-status|p2a: Pelipper|par\n|move|p1b: Glue pt.2|Matcha Gotcha|p2b: Whimsicott|[spread] p2a,p2b\n|-resisted|p2b: Whimsicott|1\n|-damage|p2a: Pelipper|57/100 par\n|-heal|p1b: Glue pt.2|71/100|[from] drain|[of] p2a: Pelipper\n|-damage|p2b: Whimsicott|51/100\n|-heal|p1b: Glue pt.2|79/100|[from] drain|[of] p2b: Whimsicott\n|\n|-weather|RainDance|[upkeep]\n|upkeep\n|turn|3\n|\n|t:|1776540604\n|move|p2a: Pelipper|Protect|p2a: Pelipper\n|-singleturn|p2a: Pelipper|Protect\n|move|p2b: Whimsicott|Tailwind|p2b: Whimsicott\n|-sidestart|p2: dreballin3x|move: Tailwind\n|move|p1a: Captalism|Volt Switch|p2a: Pelipper\n|-activate|p2a: Pelipper|move: Protect\n|move|p1b: Glue pt.2|Matcha Gotcha|p2a: Pelipper|[spread] p2b\n|-activate|p2a: Pelipper|move: Protect\n|-resisted|p2b: Whimsicott|1\n|-damage|p2b: Whimsicott|32/100\n|-heal|p1b: Glue pt.2|86/100|[from] drain|[of] p2b: Whimsicott\n|\n|-weather|RainDance|[upkeep]\n|upkeep\n|turn|4\n|\n|t:|1776540641\n|move|p2b: Whimsicott|Moonblast|p1a: Captalism\n|-crit|p1a: Captalism\n|-damage|p1a: Captalism|0 fnt\n|faint|p1a: Captalism\n|move|p2a: Pelipper|Icy Wind|p1b: Glue pt.2\n|-supereffective|p1b: Glue pt.2|1\n|-damage|p1b: Glue pt.2|61/100\n|-unboost|p1b: Glue pt.2|spe|1\n|move|p1b: Glue pt.2|Trick Room|p1b: Glue pt.2\n|-fieldstart|move: Trick Room|[of] p1b: Glue pt.2\n|\n|-weather|RainDance|[upkeep]\n|upkeep\n|\n|t:|1776540649\n|switch|p1a: I've seen things|Basculegion, L50, M|100/100\n|turn|5\n|\n|t:|1776540676\n|move|p1b: Glue pt.2|Matcha Gotcha|p2b: Whimsicott|[spread] p2a,p2b\n|-crit|p2a: Pelipper\n|-resisted|p2b: Whimsicott|1\n|-damage|p2a: Pelipper|2/100 par\n|-heal|p1b: Glue pt.2|88/100|[from] drain|[of] p2a: Pelipper\n|-damage|p2b: Whimsicott|11/100\n|-heal|p1b: Glue pt.2|96/100|[from] drain|[of] p2b: Whimsicott\n|move|p2a: Pelipper|Hurricane|p1b: Glue pt.2\n|-supereffective|p1b: Glue pt.2|1\n|-damage|p1b: Glue pt.2|29/100\n|move|p1a: I've seen things|Last Respects|p2b: Whimsicott\n|-damage|p2b: Whimsicott|0 fnt\n|faint|p2b: Whimsicott\n|\n|-weather|RainDance|[upkeep]\n|upkeep\n|\n|t:|1776540701\n|switch|p2b: Sableye|Sableye, L50, F|100/100\n|turn|6\n|inactive|Battle timer is ON: inactive players will automatically lose when time's up. (requested by IloveBugs<3)\n|inactive|dreballin3x has 60 seconds left.\n|\n|t:|1776540767\n|move|p1b: Glue pt.2|Matcha Gotcha|p2b: Sableye|[spread] p2a,p2b\n|-damage|p2a: Pelipper|0 fnt\n|-heal|p1b: Glue pt.2|29/100|[from] drain|[of] p2a: Pelipper\n|-damage|p2b: Sableye|60/100\n|-heal|p1b: Glue pt.2|47/100|[from] drain|[of] p2b: Sableye\n|faint|p2a: Pelipper\n|move|p2b: Sableye|Foul Play|p1a: I've seen things\n|-supereffective|p1a: I've seen things|1\n|-damage|p1a: I've seen things|0 fnt\n|faint|p1a: I've seen things\n|\n|-weather|none\n|-sideend|p2: dreballin3x|move: Tailwind\n|upkeep\n|\n|t:|1776540782\n|switch|p2a: Blastoise|Blastoise-Mega, L50, F|100/100\n|switch|p1a: Potential Man|Beedrill, L50, F|100/100\n|turn|7\n|\n|t:|1776540804\n|detailschange|p1a: Potential Man|Beedrill-Mega, L50, F\n|-mega|p1a: Potential Man|Beedrill|Beedrillite\n|move|p2a: Blastoise|Protect|p2a: Blastoise\n|-singleturn|p2a: Blastoise|Protect\n|move|p2b: Sableye|Thunder Wave|p1a: Potential Man\n|-status|p1a: Potential Man|par\n|move|p1b: Glue pt.2|Matcha Gotcha|p2a: Blastoise|[spread] \n|-activate|p2a: Blastoise|move: Protect\n|-miss|p1b: Glue pt.2|p2b: Sableye\n|move|p1a: Potential Man|Poison Jab|p2b: Sableye\n|-resisted|p2b: Sableye|1\n|-damage|p2b: Sableye|27/100\n|\n|upkeep\n|turn|8\n|\n|t:|1776540828\n|move|p2b: Sableye|Rain Dance|p2b: Sableye\n|-weather|RainDance\n|move|p1b: Glue pt.2|Matcha Gotcha|p2a: Blastoise|[spread] p2a\n|-miss|p1b: Glue pt.2|p2b: Sableye\n|-supereffective|p2a: Blastoise|1\n|-damage|p2a: Blastoise|49/100\n|-heal|p1b: Glue pt.2|70/100|[from] drain|[of] p2a: Blastoise\n|cant|p1a: Potential Man|par\n|move|p2a: Blastoise|Shell Smash|p2a: Blastoise\n|-unboost|p2a: Blastoise|def|1\n|-unboost|p2a: Blastoise|spd|1\n|-boost|p2a: Blastoise|atk|2\n|-boost|p2a: Blastoise|spa|2\n|-boost|p2a: Blastoise|spe|2\n|\n|-weather|RainDance|[upkeep]\n|-fieldend|move: Trick Room\n|upkeep\n|turn|9\n|\n|t:|1776540851\n|move|p2a: Blastoise|Water Spout|p1b: Glue pt.2|[spread] p1a,p1b\n|-resisted|p1b: Glue pt.2|1\n|-damage|p1a: Potential Man|0 fnt\n|-damage|p1b: Glue pt.2|26/100\n|faint|p1a: Potential Man\n|move|p2b: Sableye|Foul Play|p1b: Glue pt.2\n|-supereffective|p1b: Glue pt.2|1\n|-crit|p1b: Glue pt.2\n|-damage|p1b: Glue pt.2|0 fnt\n|faint|p1b: Glue pt.2\n|\n|win|dreballin3x\n|raw|IloveBugs&lt;3's rating: 1155 &rarr; <strong>1126</strong><br />(-29 for losing)\n|raw|dreballin3x's rating: 1098 &rarr; <strong>1127</strong><br />(+29 for winning)\n|c|\u2606dreballin3x|Gg\n|l|\u2606IloveBugs<3\n|player|p1|\n",
  "uploadtime": 1776541516,
  "views": 18,
  "formatid": "gen9championsvgc2026regma",
  "rating": 1126,
  "private": 0,
  "password": null
}