{
  "id": "gen9championsvgc2026regma-2583247958",
  "format": "[Gen 9 Champions] VGC 2026 Reg M-A",
  "players": [
    "PowerDickJones",
    "lightshield2"
  ],
  "log": "|j|\u2606PowerDickJones\n|j|\u2606lightshield2\n|t:|1776159260\n|gametype|doubles\n|player|p1|PowerDickJones|burglar|1077\n|player|p2|lightshield2|pokemaniac|1116\n|gen|9\n|tier|[Gen 9 Champions] VGC 2026 Reg M-A\n|rated|\n|rule|Species Clause: Limit one of each Pok\u00e9mon\n|rule|Item Clause: Limit 1 of each item\n|clearpoke\n|poke|p1|Meowstic, L50, M|\n|poke|p1|Alakazam, L50, M|\n|poke|p1|Hawlucha, L50, M|\n|poke|p1|Maushold, L50|\n|poke|p1|Armarouge, L50, M|\n|poke|p1|Dragapult, L50, M|\n|poke|p2|Empoleon, L50, M|\n|poke|p2|Kommo-o, L50, M|\n|poke|p2|Golurk, L50|\n|poke|p2|Incineroar, L50, F|\n|poke|p2|Farigiraf, L50, F|\n|poke|p2|Hatterene, L50, F|\n|teampreview|4\n|c|\u2606PowerDickJones|glhf\nPowerDickJones has agreed to open team sheets.\nlightshield2 rejected open team sheets.\n|\n|t:|1776159330\n|teamsize|p1|4\n|teamsize|p2|4\n|start\n|switch|p1a: Meowstic|Meowstic, L50, M, shiny|100/100\n|switch|p1b: Alakazam|Alakazam, L50, M, shiny|100/100\n|switch|p2a: Hatterene|Hatterene, L50, F, shiny|100/100\n|switch|p2b: Incineroar|Incineroar, L50, F|100/100\n|-ability|p2b: Incineroar|Intimidate|boost\n|-unboost|p1a: Meowstic|atk|1\n|-unboost|p1b: Alakazam|atk|1\n|turn|1\n|\n|t:|1776159368\n|detailschange|p1b: Alakazam|Alakazam-Mega, L50, M, shiny\n|-mega|p1b: Alakazam|Alakazam|Alakazite\n|-ability|p1b: Alakazam|Magic Bounce|Trace|[from] ability: Trace|[of] p2a: Hatterene\n|move|p1a: Meowstic|Fake Out|p2b: Incineroar\n|-damage|p2b: Incineroar|96/100\n|move|p1b: Alakazam|Dazzling Gleam|p2b: Incineroar|[spread] p2a,p2b\n|-damage|p2a: Hatterene|72/100\n|-damage|p2b: Incineroar|77/100\n|cant|p2b: Incineroar|flinch\n|move|p2a: Hatterene|Trick Room|p2a: Hatterene\n|-fieldstart|move: Trick Room|[of] p2a: Hatterene\n|\n|upkeep\n|turn|2\n|\n|t:|1776159414\n|switch|p1a: Dragapult|Dragapult, L50, M, shiny|100/100\n|switch|p1b: Armarouge|Armarouge, L50, M, shiny|100/100\n|move|p2a: Hatterene|Dazzling Gleam|p1b: Armarouge|[spread] p1a,p1b\n|-supereffective|p1a: Dragapult|1\n|-resisted|p1b: Armarouge|1\n|-damage|p1a: Dragapult|8/100\n|-damage|p1b: Armarouge|77/100\n|move|p2b: Incineroar|Darkest Lariat|p1b: Armarouge\n|-supereffective|p1b: Armarouge|1\n|-damage|p1b: Armarouge|2/100\n|\n|upkeep\n|turn|3\n|\n|t:|1776159441\n|move|p1a: Dragapult|Sucker Punch|p2a: Hatterene\n|-damage|p2a: Hatterene|44/100\n|move|p2a: Hatterene|Dazzling Gleam|p1b: Armarouge|[spread] p1a,p1b\n|-supereffective|p1a: Dragapult|1\n|-resisted|p1b: Armarouge|1\n|-crit|p1b: Armarouge\n|-damage|p1a: Dragapult|0 fnt\n|-damage|p1b: Armarouge|0 fnt\n|faint|p1a: Dragapult\n|faint|p1b: Armarouge\n|move|p2b: Incineroar|Parting Shot|p1: Dragapult|[notarget]\n|-fail|p2b: Incineroar\n|\n|upkeep\n|\n|t:|1776159453\n|switch|p1b: Alakazam|Alakazam-Mega, L50, M, shiny|100/100\n|switch|p1a: Meowstic|Meowstic, L50, M, shiny|100/100\n|-ability|p1b: Alakazam|Magic Bounce|Trace|[from] ability: Trace|[of] p2a: Hatterene\n|turn|4\n|\n|t:|1776159483\n|move|p1a: Meowstic|Fake Out|p2b: Incineroar\n|-damage|p2b: Incineroar|72/100\n|move|p2a: Hatterene|Dazzling Gleam|p1a: Meowstic|[spread] p1a,p1b\n|-damage|p1a: Meowstic|60/100\n|-damage|p1b: Alakazam|50/100\n|cant|p2b: Incineroar|flinch\n|move|p1b: Alakazam|Focus Blast|p2b: Incineroar\n|-supereffective|p2b: Incineroar|1\n|-damage|p2b: Incineroar|0 fnt\n|faint|p2b: Incineroar\n|\n|upkeep\n|\n|t:|1776159494\n|switch|p2b: Golurk|Golurk, L50, shiny|100/100\n|turn|5\n|\n|t:|1776159510\n|detailschange|p2b: Golurk|Golurk-Mega, L50, shiny\n|-mega|p2b: Golurk|Golurk|Golurkite\n|move|p1a: Meowstic|Psychic Terrain|p1a: Meowstic\n|-fieldstart|move: Psychic Terrain\n|move|p2a: Hatterene|Dazzling Gleam|p1a: Meowstic|[spread] p1a,p1b\n|-damage|p1a: Meowstic|15/100\n|-damage|p1b: Alakazam|4/100\n|move|p2b: Golurk|Headlong Rush|p1a: Meowstic\n|-damage|p1a: Meowstic|0 fnt\n|-unboost|p2b: Golurk|def|1\n|-unboost|p2b: Golurk|spd|1\n|faint|p1a: Meowstic\n|move|p1b: Alakazam|Expanding Force|p2a: Hatterene|[spread] p2a,p2b\n|-resisted|p2a: Hatterene|1\n|-damage|p2a: Hatterene|7/100\n|-damage|p2b: Golurk|0 fnt\n|faint|p2b: Golurk\n|\n|-fieldend|move: Trick Room\n|upkeep\n|\n|t:|1776159525\n|switch|p2b: Kommo-o|Kommo-o, L50, M|100/100\n|turn|6\n|c|\u2606PowerDickJones|gg\n|\n|t:|1776159545\n|move|p1b: Alakazam|Expanding Force|p2b: Kommo-o|[spread] p2a,p2b\n|-resisted|p2a: Hatterene|1\n|-supereffective|p2b: Kommo-o|1\n|-damage|p2a: Hatterene|0 fnt\n|-damage|p2b: Kommo-o|0 fnt\n|faint|p2a: Hatterene\n|faint|p2b: Kommo-o\n|\n|win|PowerDickJones\n|raw|PowerDickJones's rating: 1077 &rarr; <strong>1109</strong><br />(+32 for winning)\n|raw|lightshield2's rating: 1116 &rarr; <strong>1088</strong><br />(-28 for losing)\n|c|\u2606lightshield2|ggs\n|l|\u2606lightshield2\n|player|p2|\n",
  "uploadtime": 1776159584,
  "views": 17,
  "formatid": "gen9championsvgc2026regma",
  "rating": 1088,
  "private": 0,
  "password": null
}