{
  "id": "gen9championsvgc2026regma-2580597515",
  "format": "[Gen 9 Champions] VGC 2026 Reg M-A",
  "players": [
    "ojdokasod",
    "AAACompanyBtw"
  ],
  "log": "|j|\u2606ojdokasod\n|j|\u2606AAACompanyBtw\n|t:|1775916653\n|gametype|doubles\n|player|p1|ojdokasod|2|1089\n|player|p2|AAACompanyBtw|2|1000\n|gen|9\n|tier|[Gen 9 Champions] VGC 2026 Reg M-A\n|rated|\n|rule|Species Clause: Limit one of each Pok\u00e9mon\n|rule|Item Clause: Limit 1 of each item\n|clearpoke\n|poke|p1|Victreebel, L50, M|\n|poke|p1|Incineroar, L50, F|\n|poke|p1|Typhlosion-Hisui, L50, F|\n|poke|p1|Farigiraf, L50, M|\n|poke|p1|Abomasnow, L50, F|\n|poke|p1|Ninetales-Alola, L50, F|\n|poke|p2|Incineroar, L50, F|\n|poke|p2|Pelipper, L50, M|\n|poke|p2|Basculegion, L50, M|\n|poke|p2|Mamoswine, L50, F|\n|poke|p2|Orthworm, L50, M|\n|poke|p2|Dragonite, L50, M|\n|teampreview|4\n|inactive|Battle timer is ON: inactive players will automatically lose when time's up. (requested by ojdokasod)\n|inactive|AAACompanyBtw has 60 seconds left.\n|inactive|AAACompanyBtw has 30 seconds left.\n|\n|t:|1775916748\n|teamsize|p1|4\n|teamsize|p2|4\n|start\n|switch|p1a: Victreebel|Victreebel, L50, M|100/100\n|switch|p1b: Incineroar|Incineroar, L50, F|100/100\n|switch|p2a: Pelipper|Pelipper, L50, M|100/100\n|switch|p2b: Incineroar|Incineroar, L50, F|100/100\n|-weather|RainDance|[from] ability: Drizzle|[of] p2a: Pelipper\n|-ability|p2b: Incineroar|Intimidate|boost\n|-unboost|p1a: Victreebel|atk|1\n|-unboost|p1b: Incineroar|atk|1\n|-ability|p1b: Incineroar|Intimidate|boost\n|-unboost|p2a: Pelipper|atk|1\n|-unboost|p2b: Incineroar|atk|1\n|turn|1\n|\n|t:|1775916772\n|detailschange|p1a: Victreebel|Victreebel-Mega, L50, M\n|-mega|p1a: Victreebel|Victreebel|Victreebelite\n|move|p2a: Pelipper|Protect|p2a: Pelipper\n|-singleturn|p2a: Pelipper|Protect\n|move|p2b: Incineroar|Fake Out|p1a: Victreebel\n|-damage|p1a: Victreebel|89/100\n|cant|p1a: Victreebel|flinch\n|move|p1b: Incineroar|Parting Shot|p2a: Pelipper\n|-activate|p2a: Pelipper|move: Protect\n|\n|-weather|RainDance|[upkeep]\n|upkeep\n|turn|2\n|\n|t:|1775916785\n|move|p1a: Victreebel|Reflect|p1a: Victreebel\n|-sidestart|p1: ojdokasod|Reflect\n|move|p2a: Pelipper|Tailwind|p2a: Pelipper\n|-sidestart|p2: AAACompanyBtw|move: Tailwind\n|move|p2b: Incineroar|Parting Shot|p1a: Victreebel\n|-unboost|p1a: Victreebel|atk|1\n|-unboost|p1a: Victreebel|spa|1\n|\n|t:|1775916793\n|switch|p2b: Dragonite|Dragonite, L50, M|100/100|[from] Parting Shot\n|move|p1b: Incineroar|Parting Shot|p2a: Pelipper\n|-unboost|p2a: Pelipper|atk|1\n|-unboost|p2a: Pelipper|spa|1\n|\n|t:|1775916800\n|switch|p1b: Ninetales|Ninetales-Alola, L50, F|100/100|[from] Parting Shot\n|-weather|Snowscape|[from] ability: Snow Warning|[of] p1b: Ninetales\n|\n|-weather|Snowscape|[upkeep]\n|upkeep\n|turn|3\n|\n|t:|1775916822\n|switch|p2a: Incineroar|Incineroar, L50, F|100/100\n|-ability|p2a: Incineroar|Intimidate|boost\n|-unboost|p1a: Victreebel|atk|1\n|-unboost|p1b: Ninetales|atk|1\n|switch|p1b: Incineroar|Incineroar, L50, F|100/100\n|-ability|p1b: Incineroar|Intimidate|boost\n|-unboost|p2a: Incineroar|atk|1\n|-fail|p2b: Dragonite|unboost|Attack|[from] ability: Inner Focus|[of] p2b: Dragonite\n|detailschange|p2b: Dragonite|Dragonite-Mega, L50, M\n|-mega|p2b: Dragonite|Dragonite|Dragoninite\n|move|p2b: Dragonite|Protect|p2b: Dragonite\n|-singleturn|p2b: Dragonite|Protect\n|move|p1a: Victreebel|Sludge Wave|p2b: Dragonite|[spread] p1b,p2a\n|-activate|p2b: Dragonite|move: Protect\n|-damage|p1b: Incineroar|78/100\n|-damage|p2a: Incineroar|82/100\n|\n|-weather|Snowscape|[upkeep]\n|upkeep\n|turn|4\n|inactive|ojdokasod has 30 seconds left.\n|inactive|AAACompanyBtw has 30 seconds left.\n|\n|t:|1775916856\n|move|p2a: Incineroar|Fake Out|p1b: Incineroar\n|-crit|p1b: Incineroar\n|-damage|p1b: Incineroar|63/100\n|move|p2b: Dragonite|Hurricane|p1a: Victreebel\n|-supereffective|p1a: Victreebel|1\n|-damage|p1a: Victreebel|0 fnt\n|-damage|p2b: Dragonite|19/100|[from] ability: Innards Out|[of] p1a: Victreebel\n|faint|p1a: Victreebel\n|cant|p1b: Incineroar|flinch\n|\n|-weather|Snowscape|[upkeep]\n|upkeep\n|\n|t:|1775916872\n|switch|p1a: Ninetales|Ninetales-Alola, L50, F|100/100\n|turn|5\n|\n|t:|1775916887\n|switch|p2a: Pelipper|Pelipper, L50, M|100/100\n|-weather|RainDance|[from] ability: Drizzle|[of] p2a: Pelipper\n|move|p2b: Dragonite|Surf|p1b: Incineroar|[spread] p2a,p1a,p1b\n|-resisted|p2a: Pelipper|1\n|-supereffective|p1b: Incineroar|1\n|-damage|p2a: Pelipper|71/100\n|-damage|p1a: Ninetales|52/100\n|-damage|p1b: Incineroar|0 fnt\n|faint|p1b: Incineroar\n|move|p1a: Ninetales|Aurora Veil||[still]\n|-fail|p1a: Ninetales\n|\n|-weather|RainDance|[upkeep]\n|-sideend|p2: AAACompanyBtw|move: Tailwind\n|upkeep\n|\n|t:|1775916897\n|switch|p1b: Typhlosion|Typhlosion-Hisui, L50, F|100/100\n|-item|p2a: Pelipper|Charti Berry|[from] ability: Frisk|[of] p1b: Typhlosion\n|-item|p2b: Dragonite|Dragoninite|[from] ability: Frisk|[of] p1b: Typhlosion\n|turn|6\n|\n|t:|1775916909\n|move|p2b: Dragonite|Protect|p2b: Dragonite\n|-singleturn|p2b: Dragonite|Protect\n|move|p1a: Ninetales|Ice Shard|p2b: Dragonite\n|-activate|p2b: Dragonite|move: Protect\n|move|p1b: Typhlosion|Eruption|p2b: Dragonite|[spread] p2a\n|-activate|p2b: Dragonite|move: Protect\n|-resisted|p2a: Pelipper|1\n|-damage|p2a: Pelipper|54/100\n|move|p2a: Pelipper|Tailwind|p2a: Pelipper\n|-sidestart|p2: AAACompanyBtw|move: Tailwind\n|\n|-weather|RainDance|[upkeep]\n|-sideend|p1: ojdokasod|Reflect\n|upkeep\n|turn|7\n|\n|t:|1775916925\n|switch|p2b: Incineroar|Incineroar, L50, F|82/100\n|-ability|p2b: Incineroar|Intimidate|boost\n|-unboost|p1a: Ninetales|atk|1\n|-unboost|p1b: Typhlosion|atk|1\n|move|p1a: Ninetales|Ice Shard|p2b: Incineroar\n|-resisted|p2b: Incineroar|1\n|-damage|p2b: Incineroar|79/100\n|move|p1b: Typhlosion|Eruption|p2b: Incineroar|[spread] p2a,p2b\n|-resisted|p2a: Pelipper|1\n|-resisted|p2b: Incineroar|1\n|-damage|p2a: Pelipper|39/100\n|-damage|p2b: Incineroar|72/100\n|move|p2a: Pelipper|Muddy Water|p1b: Typhlosion|[spread] p1a,p1b\n|-crit|p1a: Ninetales\n|-supereffective|p1b: Typhlosion|1\n|-damage|p1a: Ninetales|0 fnt\n|-damage|p1b: Typhlosion|34/100\n|-unboost|p1b: Typhlosion|accuracy|1\n|faint|p1a: Ninetales\n|\n|-weather|RainDance|[upkeep]\n|upkeep\n|turn|8\n|-message|ojdokasod forfeited.\n|\n|win|AAACompanyBtw\n|raw|ojdokasod's rating: 1089 &rarr; <strong>1060</strong><br />(-29 for losing)\n|raw|AAACompanyBtw's rating: 1000 &rarr; <strong>1050</strong><br />(+50 for winning)\n|l|\u2606ojdokasod\n|player|p1|\n",
  "uploadtime": 1775916937,
  "views": 13,
  "formatid": "gen9championsvgc2026regma",
  "rating": 1050,
  "private": 0,
  "password": null
}