{
  "id": "gen9championsvgc2026regma-2583803374",
  "format": "[Gen 9 Champions] VGC 2026 Reg M-A",
  "players": [
    "Realphoenixking",
    "jorginocoke"
  ],
  "log": "|j|\u2606Realphoenixking\n|j|\u2606jorginocoke\n|t:|1776198847\n|gametype|doubles\n|player|p1|Realphoenixking|ghetsis-gen5bw|1374\n|player|p2|jorginocoke|169|1461\n|gen|9\n|tier|[Gen 9 Champions] VGC 2026 Reg M-A\n|rated|\n|rule|Species Clause: Limit one of each Pok\u00e9mon\n|rule|Item Clause: Limit 1 of each item\n|clearpoke\n|poke|p1|Drampa, L50, M|\n|poke|p1|Torkoal, L50, M|\n|poke|p1|Farigiraf, L50, M|\n|poke|p1|Incineroar, L50, F|\n|poke|p1|Venusaur, L50, M|\n|poke|p1|Rotom-Wash, L50|\n|poke|p2|Mimikyu, L50, M|\n|poke|p2|Crabominable, L50, M|\n|poke|p2|Kingambit, L50, F|\n|poke|p2|Chandelure, L50, M|\n|poke|p2|Mudsdale, L50, M|\n|poke|p2|Drampa, L50, F|\n|teampreview|4\n|\n|t:|1776198885\n|teamsize|p1|4\n|teamsize|p2|4\n|start\n|switch|p1a: Torkoal|Torkoal, L50, M|100/100\n|switch|p1b: Venusaur|Venusaur, L50, M, shiny|100/100\n|switch|p2a: Mimikyu|Mimikyu, L50, M|100/100\n|switch|p2b: Crabominable|Crabominable, L50, M|100/100\n|-weather|SunnyDay|[from] ability: Drought|[of] p1a: Torkoal\n|turn|1\n|\n|t:|1776198909\n|switch|p2a: Drampa|Drampa, L50, F|100/100\n|-ability|p2a: Drampa|Cloud Nine\n|detailschange|p2b: Crabominable|Crabominable-Mega, L50, M\n|-mega|p2b: Crabominable|Crabominable|Crabominite\n|move|p1b: Venusaur|Sleep Powder|p2a: Drampa\n|-status|p2a: Drampa|slp|[from] move: Sleep Powder\n|move|p2b: Crabominable|Close Combat|p1a: Torkoal\n|-damage|p1a: Torkoal|41/100\n|-unboost|p2b: Crabominable|def|1\n|-unboost|p2b: Crabominable|spd|1\n|move|p1a: Torkoal|Weather Ball|p2b: Crabominable\n|-damage|p2b: Crabominable|82/100\n|\n|-weather|SunnyDay|[upkeep]\n|upkeep\n|turn|2\n|\n|t:|1776198941\n|move|p1b: Venusaur|Sleep Powder|p2b: Crabominable\n|-status|p2b: Crabominable|slp|[from] move: Sleep Powder\n|cant|p2a: Drampa|slp\n|cant|p2b: Crabominable|slp\n|move|p1a: Torkoal|Heat Wave|p2a: Drampa|[spread] p2a,p2b\n|-resisted|p2a: Drampa|1\n|-supereffective|p2b: Crabominable|1\n|-damage|p2a: Drampa|82/100 slp\n|-damage|p2b: Crabominable|0 fnt\n|faint|p2b: Crabominable\n|\n|-weather|SunnyDay|[upkeep]\n|upkeep\n|\n|t:|1776198954\n|switch|p2b: Chandelure|Chandelure, L50, M|100/100\n|turn|3\n|\n|t:|1776198967\n|switch|p1a: Drampa|Drampa, L50, M, shiny|100/100\n|-ability|p1a: Drampa|Cloud Nine\n|move|p1b: Venusaur|Sleep Powder|p2b: Chandelure|[miss]\n|-miss|p1b: Venusaur|p2b: Chandelure\n|move|p2b: Chandelure|Heat Wave|p1a: Drampa|[spread] \n|-miss|p2b: Chandelure|p1a: Drampa\n|-miss|p2b: Chandelure|p1b: Venusaur\n|-curestatus|p2a: Drampa|slp|[msg]\n|move|p2a: Drampa|Hyper Voice|p1a: Drampa|[spread] p1a,p1b\n|-damage|p1a: Drampa|55/100\n|-damage|p1b: Venusaur|57/100\n|\n|-weather|SunnyDay|[upkeep]\n|upkeep\n|turn|4\n|\n|t:|1776198985\n|detailschange|p1a: Drampa|Drampa-Mega, L50, M, shiny\n|-mega|p1a: Drampa|Drampa|Drampanite\n|move|p1b: Venusaur|Sleep Powder|p2b: Chandelure\n|-status|p2b: Chandelure|slp|[from] move: Sleep Powder\n|cant|p2b: Chandelure|slp\n|move|p1a: Drampa|Dragon Pulse|p2a: Drampa\n|-supereffective|p2a: Drampa|1\n|-damage|p2a: Drampa|0 fnt\n|faint|p2a: Drampa\n|\n|-weather|SunnyDay|[upkeep]\n|upkeep\n|\n|t:|1776198998\n|switch|p2a: Mimikyu|Mimikyu, L50, M|100/100\n|turn|5\n|\n|t:|1776199012\n|move|p1b: Venusaur|Sleep Powder|p2a: Mimikyu\n|-status|p2a: Mimikyu|slp|[from] move: Sleep Powder\n|cant|p2a: Mimikyu|slp\n|cant|p2b: Chandelure|slp\n|move|p1a: Drampa|Earth Power|p2b: Chandelure\n|-supereffective|p2b: Chandelure|1\n|-damage|p2b: Chandelure|6/100 slp\n|\n|-weather|none\n|upkeep\n|turn|6\n|\n|t:|1776199029\n|switch|p1a: Torkoal|Torkoal, L50, M|41/100\n|-weather|SunnyDay|[from] ability: Drought|[of] p1a: Torkoal\n|move|p1b: Venusaur|Giga Drain|p2b: Chandelure\n|-resisted|p2b: Chandelure|1\n|-damage|p2b: Chandelure|0 fnt\n|-heal|p1b: Venusaur|60/100|[from] drain|[of] p2b: Chandelure\n|faint|p2b: Chandelure\n|cant|p2a: Mimikyu|slp\n|\n|-weather|SunnyDay|[upkeep]\n|upkeep\n|turn|7\n|-message|jorginocoke forfeited.\n|\n|win|Realphoenixking\n|raw|Realphoenixking's rating: 1374 &rarr; <strong>1399</strong><br />(+25 for winning)\n|raw|jorginocoke's rating: 1461 &rarr; <strong>1436</strong><br />(-25 for losing)\n|l|\u2606jorginocoke\n|player|p2|\n",
  "uploadtime": 1776199057,
  "views": 55,
  "formatid": "gen9championsvgc2026regma",
  "rating": 1399,
  "private": 0,
  "password": null
}