{
  "id": "gen9championsvgc2026regma-2586855035",
  "format": "[Gen 9 Champions] VGC 2026 Reg M-A",
  "players": [
    "Jaime Cavalo",
    "25Arcanines"
  ],
  "log": "|j|\u2606Jaime Cavalo\n|j|\u260625Arcanines\n|t:|1776465647\n|gametype|doubles\n|player|p1|Jaime Cavalo|265|1059\n|player|p2|25Arcanines|rei|1072\n|gen|9\n|tier|[Gen 9 Champions] VGC 2026 Reg M-A\n|rated|\n|rule|Species Clause: Limit one of each Pok\u00e9mon\n|rule|Item Clause: Limit 1 of each item\n|clearpoke\n|poke|p1|Floette-Eternal, L50, F|\n|poke|p1|Sinistcha, L50|\n|poke|p1|Pelipper, L50, F|\n|poke|p1|Archaludon, L50, F|\n|poke|p1|Klefki, L50, M|\n|poke|p1|Basculegion, L50, M|\n|poke|p2|Arcanine-Hisui, L50, M|\n|poke|p2|Sneasler, L50, M|\n|poke|p2|Garchomp, L50, M|\n|poke|p2|Froslass, L50, F|\n|poke|p2|Kingambit, L50, M|\n|poke|p2|Rotom-Frost, L50|\n|teampreview|4\n|c|\u260625Arcanines|glhf\n|inactive|Battle timer is ON: inactive players will automatically lose when time's up. (requested by Jaime Cavalo)\n|\n|t:|1776465697\n|teamsize|p1|4\n|teamsize|p2|4\n|start\n|switch|p1a: Archaludon|Archaludon, L50, F|100/100\n|switch|p1b: Pelipper|Pelipper, L50, F|100/100\n|switch|p2a: King Dedede|Kingambit, L50, M|100/100\n|switch|p2b: Gotta Sneas|Sneasler, L50, M|100/100\n|-weather|RainDance|[from] ability: Drizzle|[of] p1b: Pelipper\n|turn|1\n|inactive|25Arcanines has 30 seconds left.\n|\n|t:|1776465727\n|move|p1a: Archaludon|Protect|p1a: Archaludon\n|-singleturn|p1a: Archaludon|Protect\n|move|p2a: King Dedede|Protect|p2a: King Dedede\n|-singleturn|p2a: King Dedede|Protect\n|move|p2b: Gotta Sneas|Coaching|p2a: King Dedede\n|-boost|p2a: King Dedede|atk|1\n|-boost|p2a: King Dedede|def|1\n|move|p1b: Pelipper|Tailwind|p1b: Pelipper\n|-sidestart|p1: Jaime Cavalo|move: Tailwind\n|\n|-weather|RainDance|[upkeep]\n|upkeep\n|turn|2\n|\n|t:|1776465745\n|move|p2a: King Dedede|Sucker Punch|p1a: Archaludon\n|-damage|p1a: Archaludon|50/100\n|move|p1a: Archaludon|Electro Shot||[still]\n|-prepare|p1a: Archaludon|Electro Shot\n|-boost|p1a: Archaludon|spa|1\n|-anim|p1a: Archaludon|Electro Shot|p2a: King Dedede\n|-damage|p2a: King Dedede|45/100\n|move|p2b: Gotta Sneas|Close Combat|p1a: Archaludon\n|-supereffective|p1a: Archaludon|1\n|-damage|p1a: Archaludon|0 fnt\n|-unboost|p2b: Gotta Sneas|def|1\n|-unboost|p2b: Gotta Sneas|spd|1\n|faint|p1a: Archaludon\n|-enditem|p2b: Gotta Sneas|White Herb\n|-clearnegativeboost|p2b: Gotta Sneas|[silent]\n|move|p1b: Pelipper|Hurricane|p2b: Gotta Sneas\n|-supereffective|p2b: Gotta Sneas|1\n|-damage|p2b: Gotta Sneas|0 fnt\n|faint|p2b: Gotta Sneas\n|\n|-weather|RainDance|[upkeep]\n|upkeep\n|\n|t:|1776465767\n|switch|p2b: Permafrost|Froslass, L50, F|100/100\n|switch|p1a: Floette|Floette-Eternal, L50, F|100/100\n|turn|3\n|\n|t:|1776465788\n|detailschange|p1a: Floette|Floette-Mega, L50, F\n|-mega|p1a: Floette|Floette|Floettite\n|-ability|p1a: Floette|Fairy Aura\n|detailschange|p2b: Permafrost|Froslass-Mega, L50, F\n|-mega|p2b: Permafrost|Froslass|Froslassite\n|-weather|Snowscape|[from] ability: Snow Warning|[of] p2b: Permafrost\n|move|p2a: King Dedede|Protect|p2a: King Dedede\n|-singleturn|p2a: King Dedede|Protect\n|move|p1a: Floette|Dazzling Gleam|p2a: King Dedede|[spread] p2b\n|-activate|p2a: King Dedede|move: Protect\n|-damage|p2b: Permafrost|58/100\n|move|p1b: Pelipper|Hurricane|p2b: Permafrost\n|-damage|p2b: Permafrost|3/100\n|move|p2b: Permafrost|Aurora Veil|p2b: Permafrost\n|-sidestart|p2: 25Arcanines|move: Aurora Veil\n|\n|-weather|Snowscape|[upkeep]\n|upkeep\n|turn|4\n|\n|t:|1776465809\n|move|p2b: Permafrost|Protect|p2b: Permafrost\n|-singleturn|p2b: Permafrost|Protect\n|move|p1a: Floette|Dazzling Gleam|p2a: King Dedede|[spread] p2a\n|-activate|p2b: Permafrost|move: Protect\n|-damage|p2a: King Dedede|17/100\n|move|p1b: Pelipper|Weather Ball|p2a: King Dedede\n|-resisted|p2a: King Dedede|1\n|-damage|p2a: King Dedede|8/100\n|move|p2a: King Dedede|Iron Head|p1a: Floette\n|-supereffective|p1a: Floette|1\n|-damage|p1a: Floette|0 fnt\n|faint|p1a: Floette\n|\n|-weather|Snowscape|[upkeep]\n|-sideend|p1: Jaime Cavalo|move: Tailwind\n|upkeep\n|\n|t:|1776465825\n|switch|p1a: Basculegion|Basculegion, L50, M|100/100\n|turn|5\n|c|\u260625Arcanines|Kingambit toughed it out so you wouldn't feel sad!\n|\n|t:|1776465843\n|move|p2a: King Dedede|Sucker Punch|p1a: Basculegion\n|-supereffective|p1a: Basculegion|1\n|-damage|p1a: Basculegion|0 fnt\n|faint|p1a: Basculegion\n|move|p2b: Permafrost|Blizzard|p1b: Pelipper\n|-damage|p1b: Pelipper|20/100\n|move|p1b: Pelipper|Weather Ball|p2a: King Dedede\n|-resisted|p2a: King Dedede|1\n|-damage|p2a: King Dedede|0 fnt\n|faint|p2a: King Dedede\n|\n|-weather|Snowscape|[upkeep]\n|upkeep\n|\n|t:|1776465849\n|switch|p2a: Rotom|Rotom-Frost, L50|100/100\n|turn|6\n|c|\u260625Arcanines|ggwp\n|\n|t:|1776465860\n|move|p2b: Permafrost|Shadow Ball|p1b: Pelipper\n|-damage|p1b: Pelipper|0 fnt\n|faint|p1b: Pelipper\n|\n|win|25Arcanines\n|raw|Jaime Cavalo's rating: 1059 &rarr; <strong>1041</strong><br />(-18 for losing)\n|raw|25Arcanines's rating: 1072 &rarr; <strong>1100</strong><br />(+28 for winning)\n|l|\u2606Jaime Cavalo\n|player|p1|\n",
  "uploadtime": 1776465897,
  "views": 23,
  "formatid": "gen9championsvgc2026regma",
  "rating": 1041,
  "private": 0,
  "password": null
}