{
  "id": "gen9championsvgc2026regma-2588467860",
  "format": "[Gen 9 Champions] VGC 2026 Reg M-A",
  "players": [
    "Kaktrum",
    "Markiito18"
  ],
  "log": "|j|\u2606Kaktrum\n|j|\u2606Markiito18\n|t:|1776636160\n|gametype|doubles\n|player|p1|Kaktrum|170|1347\n|player|p2|Markiito18|rood|1399\n|gen|9\n|tier|[Gen 9 Champions] VGC 2026 Reg M-A\n|rated|\n|rule|Species Clause: Limit one of each Pok\u00e9mon\n|rule|Item Clause: Limit 1 of each item\n|clearpoke\n|poke|p1|Farigiraf, L50, F|\n|poke|p1|Sneasler, L50, F|\n|poke|p1|Crabominable, L50, M|\n|poke|p1|Incineroar, L50, F|\n|poke|p1|Kingambit, L50, F|\n|poke|p1|Basculegion, L50, M|\n|poke|p2|Farigiraf, L50, M, shiny|\n|poke|p2|Sylveon, L50, F, shiny|\n|poke|p2|Hydreigon, L50, M, shiny|\n|poke|p2|Aegislash, L50, F, shiny|\n|poke|p2|Slowking-Galar, L50, F, shiny|\n|poke|p2|Lopunny, L50, M, shiny|\n|teampreview|4\n|\n|t:|1776636221\n|teamsize|p1|4\n|teamsize|p2|4\n|start\n|switch|p1a: Incineroar|Incineroar, L50, F|100/100\n|switch|p1b: Sneasler|Sneasler, L50, F|100/100\n|switch|p2a: Sylveon|Sylveon, L50, F, shiny|100/100\n|switch|p2b: Lopunny|Lopunny, L50, M, shiny|100/100\n|-ability|p1a: Incineroar|Intimidate|boost\n|-unboost|p2a: Sylveon|atk|1\n|-unboost|p2b: Lopunny|atk|1\n|turn|1\n|\n|t:|1776636257\n|detailschange|p2b: Lopunny|Lopunny-Mega, L50, M, shiny\n|-mega|p2b: Lopunny|Lopunny|Lopunnite\n|move|p2b: Lopunny|Fake Out|p1b: Sneasler\n|-damage|p1b: Sneasler|78/100\n|cant|p1b: Sneasler|flinch\n|move|p2a: Sylveon|Hyper Voice|p1b: Sneasler|[spread] p1a,p1b\n|-damage|p1a: Incineroar|56/100\n|-damage|p1b: Sneasler|18/100\n|move|p1a: Incineroar|Flare Blitz|p2b: Lopunny\n|-damage|p2b: Lopunny|18/100\n|-status|p2b: Lopunny|brn\n|-damage|p1a: Incineroar|36/100|[from] Recoil\n|-enditem|p1a: Incineroar|Sitrus Berry|[eat]\n|-heal|p1a: Incineroar|61/100|[from] item: Sitrus Berry\n|\n|-damage|p2b: Lopunny|11/100 brn|[from] brn\n|upkeep\n|turn|2\n|inactive|Battle timer is ON: inactive players will automatically lose when time's up. (requested by Markiito18)\n|\n|t:|1776636299\n|move|p2b: Lopunny|Close Combat|p1b: Sneasler\n|-resisted|p1b: Sneasler|1\n|-damage|p1b: Sneasler|0 fnt\n|-unboost|p2b: Lopunny|def|1\n|-unboost|p2b: Lopunny|spd|1\n|faint|p1b: Sneasler\n|move|p2a: Sylveon|Hyper Voice|p1a: Incineroar\n|-damage|p1a: Incineroar|0 fnt\n|faint|p1a: Incineroar\n|\n|-damage|p2b: Lopunny|5/100 brn|[from] brn\n|upkeep\n|\n|t:|1776636313\n|switch|p1b: Kingambit|Kingambit, L50, F|100/100\n|switch|p1a: Farigiraf|Farigiraf, L50, F|100/100\n|turn|3\n|\n|t:|1776636328\n|switch|p2b: Hydreigon|Hydreigon, L50, M, shiny|100/100\n|move|p1b: Kingambit|Protect|p1b: Kingambit\n|-singleturn|p1b: Kingambit|Protect\n|move|p2a: Sylveon|Hyper Voice|p1b: Kingambit|[spread] p1a\n|-activate|p1b: Kingambit|move: Protect\n|-damage|p1a: Farigiraf|60/100\n|move|p1a: Farigiraf|Trick Room|p1a: Farigiraf\n|-fieldstart|move: Trick Room|[of] p1a: Farigiraf\n|\n|upkeep\n|turn|4\n|\n|t:|1776636348\n|move|p1a: Farigiraf|Helping Hand|p1b: Kingambit\n|-singleturn|p1b: Kingambit|Helping Hand|[of] p1a: Farigiraf\n|move|p2a: Sylveon|Protect|p2a: Sylveon\n|-singleturn|p2a: Sylveon|Protect\n|move|p1b: Kingambit|Iron Head|p2a: Sylveon\n|-activate|p2a: Sylveon|move: Protect\n|move|p2b: Hydreigon|Earth Power|p1b: Kingambit\n|-supereffective|p1b: Kingambit|1\n|-damage|p1b: Kingambit|40/100\n|\n|upkeep\n|turn|5\n|inactive|Kaktrum has 30 seconds left.\n|inactive|Markiito18 has 30 seconds left.\n|inactive|Markiito18 has 20 seconds left.\n|inactive|Markiito18 has 15 seconds left.\n|\n|t:|1776636389\n|switch|p2a: Farigiraf|Farigiraf, L50, M, shiny|100/100\n|move|p1b: Kingambit|Iron Head|p2b: Hydreigon\n|-damage|p2b: Hydreigon|47/100\n|move|p1a: Farigiraf|Hyper Voice|p2a: Farigiraf|[spread] p2a,p2b\n|-damage|p2a: Farigiraf|76/100\n|-damage|p2b: Hydreigon|16/100\n|move|p2b: Hydreigon|Dark Pulse|p1a: Farigiraf\n|-supereffective|p1a: Farigiraf|1\n|-enditem|p1a: Farigiraf|Colbur Berry|[eat]\n|-enditem|p1a: Farigiraf|Colbur Berry|[weaken]\n|-damage|p1a: Farigiraf|18/100\n|\n|upkeep\n|turn|6\n|inactive|Markiito18 has 30 seconds left.\n|\n|t:|1776636415\n|move|p2b: Hydreigon|Protect|p2b: Hydreigon\n|-singleturn|p2b: Hydreigon|Protect\n|move|p1b: Kingambit|Kowtow Cleave|p2a: Farigiraf\n|-supereffective|p2a: Farigiraf|1\n|-damage|p2a: Farigiraf|0 fnt\n|faint|p2a: Farigiraf\n|move|p1a: Farigiraf|Hyper Voice|p2b: Hydreigon\n|-activate|p2b: Hydreigon|move: Protect\n|\n|upkeep\n|\n|t:|1776636422\n|switch|p2a: Sylveon|Sylveon, L50, F, shiny|100/100\n|turn|7\n|\n|t:|1776636429\n|switch|p2b: Lopunny|Lopunny-Mega, L50, M, shiny|5/100 brn\n|move|p2a: Sylveon|Protect|p2a: Sylveon\n|-singleturn|p2a: Sylveon|Protect\n|move|p1b: Kingambit|Iron Head|p2a: Sylveon\n|-activate|p2a: Sylveon|move: Protect\n|move|p1a: Farigiraf|Hyper Voice|p2b: Lopunny|[spread] p2b\n|-activate|p2a: Sylveon|move: Protect\n|-damage|p2b: Lopunny|0 fnt\n|faint|p2b: Lopunny\n|\n|-fieldend|move: Trick Room\n|upkeep\n|\n|t:|1776636435\n|switch|p2b: Hydreigon|Hydreigon, L50, M, shiny|16/100\n|turn|8\n|c|\u2606Markiito18|gg\n|\n|t:|1776636460\n|move|p2b: Hydreigon|Earth Power|p1b: Kingambit\n|-supereffective|p1b: Kingambit|1\n|-damage|p1b: Kingambit|0 fnt\n|faint|p1b: Kingambit\n|move|p2a: Sylveon|Hyper Voice|p1a: Farigiraf\n|-damage|p1a: Farigiraf|0 fnt\n|faint|p1a: Farigiraf\n|\n|win|Markiito18\n|raw|Kaktrum's rating: 1347 &rarr; <strong>1330</strong><br />(-17 for losing)\n|raw|Markiito18's rating: 1399 &rarr; <strong>1416</strong><br />(+17 for winning)\n",
  "uploadtime": 1776636470,
  "views": 11,
  "formatid": "gen9championsvgc2026regma",
  "rating": 1330,
  "private": 0,
  "password": null
}