{
  "id": "gen9championsvgc2026regma-2586848022",
  "format": "[Gen 9 Champions] VGC 2026 Reg M-A",
  "players": [
    "Topado",
    "fumbari 24"
  ],
  "log": "|j|\u2606Topado\n|j|\u2606fumbari 24\n|t:|1776465019\n|gametype|doubles\n|player|p1|Topado|veteran|1357\n|player|p2|fumbari 24|ghetsis|1387\n|gen|9\n|tier|[Gen 9 Champions] VGC 2026 Reg M-A\n|rated|\n|rule|Species Clause: Limit one of each Pok\u00e9mon\n|rule|Item Clause: Limit 1 of each item\n|clearpoke\n|poke|p1|Charizard, L50, M|\n|poke|p1|Garchomp, L50, M|\n|poke|p1|Aegislash, L50, F|\n|poke|p1|Milotic, L50, M|\n|poke|p1|Kingambit, L50, M|\n|poke|p1|Basculegion, L50, M|\n|poke|p2|Blastoise, L50, M|\n|poke|p2|Pelipper, L50, M|\n|poke|p2|Raichu, L50, M|\n|poke|p2|Sinistcha, L50|\n|poke|p2|Archaludon, L50, M|\n|poke|p2|Lycanroc-Dusk, L50, M|\n|teampreview|4\n|inactive|Battle timer is ON: inactive players will automatically lose when time's up. (requested by Topado)\n|\n|t:|1776465047\n|teamsize|p1|4\n|teamsize|p2|4\n|start\n|switch|p1a: Charizard|Charizard, L50, M, shiny|100/100\n|switch|p1b: Garchomp|Garchomp, L50, M|100/100\n|switch|p2a: Tremor|Lycanroc-Dusk, L50, M|100/100\n|switch|p2b: Mike|Archaludon, L50, M|100/100\n|turn|1\n|\n|t:|1776465066\n|detailschange|p1a: Charizard|Charizard-Mega-Y, L50, M, shiny\n|-mega|p1a: Charizard|Charizard|Charizardite Y\n|-weather|SunnyDay|[from] ability: Drought|[of] p1a: Charizard\n|move|p2b: Mike|Protect|p2b: Mike\n|-singleturn|p2b: Mike|Protect\n|move|p2a: Tremor|Rock Slide|p1a: Charizard|[spread] p1a,p1b\n|-supereffective|p1a: Charizard|2\n|-resisted|p1b: Garchomp|1\n|-damage|p1a: Charizard|0 fnt\n|-damage|p1b: Garchomp|88/100\n|faint|p1a: Charizard\n|cant|p1b: Garchomp|flinch\n|\n|-weather|SunnyDay|[upkeep]\n|upkeep\n|\n|t:|1776465073\n|switch|p1a: Milotic|Milotic, L50, M|100/100\n|turn|2\n|\n|t:|1776465086\n|switch|p2a: MineMine|Pelipper, L50, M|100/100\n|-weather|RainDance|[from] ability: Drizzle|[of] p2a: MineMine\n|move|p1b: Garchomp|Earthquake|p2a: MineMine|[spread] p1a,p2b\n|-immune|p2a: MineMine\n|-supereffective|p2b: Mike|1\n|-damage|p1a: Milotic|71/100\n|-damage|p2b: Mike|49/100\n|-ability|p2b: Mike|Stamina|boost\n|-boost|p2b: Mike|def|1\n|move|p1a: Milotic|Icy Wind|p2a: MineMine|[spread] p2a,p2b\n|-damage|p2a: MineMine|88/100\n|-damage|p2b: Mike|38/100\n|-unboost|p2a: MineMine|spe|1\n|-unboost|p2b: Mike|spe|1\n|-ability|p2b: Mike|Stamina|boost\n|-boost|p2b: Mike|def|1\n|move|p2b: Mike|Electro Shot||[still]\n|-prepare|p2b: Mike|Electro Shot\n|-boost|p2b: Mike|spa|1\n|-anim|p2b: Mike|Electro Shot|p1a: Milotic\n|-supereffective|p1a: Milotic|1\n|-damage|p1a: Milotic|0 fnt\n|faint|p1a: Milotic\n|\n|-weather|RainDance|[upkeep]\n|-heal|p2b: Mike|44/100|[from] item: Leftovers\n|upkeep\n|\n|t:|1776465088\n|switch|p1a: Aegislash|Aegislash, L50, F|100/100\n|turn|3\n|inactive|fumbari 24 has 30 seconds left.\n|\n|t:|1776465114\n|move|p2a: MineMine|Wide Guard|p2a: MineMine\n|-singleturn|p2a: MineMine|Wide Guard\n|move|p1b: Garchomp|Rock Slide|p2b: Mike|[spread] \n|-activate|p2a: MineMine|move: Wide Guard\n|-activate|p2b: Mike|move: Wide Guard\n|-formechange|p1a: Aegislash|Aegislash-Blade|\n|move|p1a: Aegislash|Poltergeist|p2a: MineMine\n|-activate|p2a: MineMine|move: Poltergeist|Sharp Beak\n|-damage|p2a: MineMine|0 fnt\n|faint|p2a: MineMine\n|move|p2b: Mike|Electro Shot||[still]\n|-prepare|p2b: Mike|Electro Shot\n|-boost|p2b: Mike|spa|1\n|-anim|p2b: Mike|Electro Shot|p1a: Aegislash\n|-damage|p1a: Aegislash|0 fnt\n|faint|p1a: Aegislash\n|\n|-weather|RainDance|[upkeep]\n|-heal|p2b: Mike|50/100|[from] item: Leftovers\n|upkeep\n|\n|t:|1776465132\n|switch|p2a: Harbor|Blastoise, L50, M|100/100\n|turn|4\n|\n|t:|1776465143\n|detailschange|p2a: Harbor|Blastoise-Mega, L50, M\n|-mega|p2a: Harbor|Blastoise|Blastoisinite\n|move|p2b: Mike|Protect|p2b: Mike\n|-singleturn|p2b: Mike|Protect\n|move|p1b: Garchomp|Earthquake|p2b: Mike|[spread] p2a\n|-activate|p2b: Mike|move: Protect\n|-crit|p2a: Harbor\n|-damage|p2a: Harbor|53/100\n|move|p2a: Harbor|Shell Smash|p2a: Harbor\n|-unboost|p2a: Harbor|def|1\n|-unboost|p2a: Harbor|spd|1\n|-boost|p2a: Harbor|atk|2\n|-boost|p2a: Harbor|spa|2\n|-boost|p2a: Harbor|spe|2\n|\n|-weather|RainDance|[upkeep]\n|-heal|p2b: Mike|56/100|[from] item: Leftovers\n|upkeep\n|turn|5\n|-message|Topado forfeited.\n|\n|win|fumbari 24\n|raw|Topado's rating: 1357 &rarr; <strong>1339</strong><br />(-18 for losing)\n|raw|fumbari 24's rating: 1387 &rarr; <strong>1405</strong><br />(+18 for winning)\n|l|\u2606Topado\n|player|p1|\n",
  "uploadtime": 1776465155,
  "views": 44,
  "formatid": "gen9championsvgc2026regma",
  "rating": 1339,
  "private": 0,
  "password": null
}