{
  "id": "gen9championsvgc2026regma-2585678508",
  "format": "[Gen 9 Champions] VGC 2026 Reg M-A",
  "players": [
    "XenGg07",
    "fallacy277"
  ],
  "log": "|j|\u2606XenGg07\n|j|\u2606fallacy277\n|t:|1776363161\n|gametype|doubles\n|player|p1|XenGg07|red|1419\n|player|p2|fallacy277|dawn|1464\n|gen|9\n|tier|[Gen 9 Champions] VGC 2026 Reg M-A\n|rated|\n|rule|Species Clause: Limit one of each Pok\u00e9mon\n|rule|Item Clause: Limit 1 of each item\n|clearpoke\n|poke|p1|Tyranitar, L50, F|\n|poke|p1|Aegislash, L50, F|\n|poke|p1|Excadrill, L50, F|\n|poke|p1|Sinistcha-Masterpiece, L50|\n|poke|p1|Farigiraf, L50, M|\n|poke|p1|Rotom-Wash, L50|\n|poke|p2|Gardevoir, L50, F|\n|poke|p2|Typhlosion-Hisui, L50, M|\n|poke|p2|Torkoal, L50, F|\n|poke|p2|Incineroar, L50, M|\n|poke|p2|Kingambit, L50, M|\n|poke|p2|Weavile, L50, M|\n|teampreview|4\n|inactive|Battle timer is ON: inactive players will automatically lose when time's up. (requested by XenGg07)\n|j| thatsaltyguy\n|inactive|fallacy277 has 60 seconds left.\n|\n|t:|1776363193\n|teamsize|p1|4\n|teamsize|p2|4\n|start\n|switch|p1a: Tyranitar|Tyranitar, L50, F|100/100\n|switch|p1b: Excadrill|Excadrill, L50, F|100/100\n|switch|p2a: Gardevoir|Gardevoir, L50, F|100/100\n|switch|p2b: Incineroar|Incineroar, L50, M|100/100\n|-ability|p2a: Gardevoir|Sand Stream|Trace|[from] ability: Trace|[of] p1a: Tyranitar\n|-weather|Sandstorm|[from] ability: Sand Stream|[of] p2a: Gardevoir\n|-ability|p2b: Incineroar|Intimidate|boost\n|-unboost|p1a: Tyranitar|atk|1\n|-unboost|p1b: Excadrill|atk|1\n|turn|1\n|\n|t:|1776363209\n|detailschange|p2a: Gardevoir|Gardevoir-Mega, L50, F\n|-mega|p2a: Gardevoir|Gardevoir|Gardevoirite\n|move|p1b: Excadrill|Protect|p1b: Excadrill\n|-singleturn|p1b: Excadrill|Protect\n|move|p1a: Tyranitar|Protect|p1a: Tyranitar\n|-singleturn|p1a: Tyranitar|Protect\n|move|p2b: Incineroar|Fake Out|p1b: Excadrill\n|-activate|p1b: Excadrill|move: Protect\n|move|p2a: Gardevoir|Trick Room|p2a: Gardevoir\n|-fieldstart|move: Trick Room|[of] p2a: Gardevoir\n|\n|-weather|Sandstorm|[upkeep]\n|-damage|p2b: Incineroar|95/100|[from] Sandstorm\n|-damage|p2a: Gardevoir|95/100|[from] Sandstorm\n|upkeep\n|turn|2\n|l| thatsaltyguy\n|\n|t:|1776363230\n|switch|p2a: Torkoal|Torkoal, L50, F|100/100\n|-weather|SunnyDay|[from] ability: Drought|[of] p2a: Torkoal\n|detailschange|p1a: Tyranitar|Tyranitar-Mega, L50, F\n|-mega|p1a: Tyranitar|Tyranitar|Tyranitarite\n|-weather|Sandstorm|[from] ability: Sand Stream|[of] p1a: Tyranitar\n|move|p2b: Incineroar|Close Combat|p1a: Tyranitar\n|-supereffective|p1a: Tyranitar|2\n|-damage|p1a: Tyranitar|14/100\n|-unboost|p2b: Incineroar|def|1\n|-unboost|p2b: Incineroar|spd|1\n|move|p1a: Tyranitar|Rock Slide|p2b: Incineroar|[spread] p2a,p2b\n|-supereffective|p2a: Torkoal|1\n|-supereffective|p2b: Incineroar|1\n|-damage|p2a: Torkoal|62/100\n|-damage|p2b: Incineroar|19/100\n|-enditem|p2b: Incineroar|Sitrus Berry|[eat]\n|-heal|p2b: Incineroar|44/100|[from] item: Sitrus Berry\n|move|p1b: Excadrill|Iron Head|p2a: Torkoal\n|-resisted|p2a: Torkoal|1\n|-crit|p2a: Torkoal\n|-damage|p2a: Torkoal|33/100\n|\n|-weather|Sandstorm|[upkeep]\n|-damage|p2a: Torkoal|26/100|[from] Sandstorm\n|-damage|p2b: Incineroar|38/100|[from] Sandstorm\n|upkeep\n|turn|3\n|inactive|fallacy277 has 30 seconds left.\n|\n|t:|1776363262\n|switch|p1a: Farigiraf|Farigiraf, L50, M|100/100\n|move|p2a: Torkoal|Heat Wave|p1b: Excadrill|[spread] p1a,p1b\n|-supereffective|p1b: Excadrill|1\n|-damage|p1a: Farigiraf|64/100\n|-damage|p1b: Excadrill|4/100\n|move|p2b: Incineroar|Throat Chop|p1b: Excadrill\n|-damage|p1b: Excadrill|0 fnt\n|faint|p1b: Excadrill\n|\n|-weather|Sandstorm|[upkeep]\n|-damage|p2a: Torkoal|20/100|[from] Sandstorm\n|-damage|p2b: Incineroar|32/100|[from] Sandstorm\n|-damage|p1a: Farigiraf|58/100|[from] Sandstorm\n|upkeep\n|\n|t:|1776363271\n|switch|p1b: Aegislash|Aegislash, L50, F|100/100\n|turn|4\n|\n|t:|1776363283\n|move|p1b: Aegislash|King's Shield|p1b: Aegislash\n|-singleturn|p1b: Aegislash|Protect\n|move|p1a: Farigiraf|Protect|p1a: Farigiraf\n|-singleturn|p1a: Farigiraf|Protect\n|move|p2a: Torkoal|Heat Wave|p1a: Farigiraf|[spread] \n|-activate|p1a: Farigiraf|move: Protect\n|-activate|p1b: Aegislash|move: Protect\n|move|p2b: Incineroar|Flare Blitz|p1b: Aegislash\n|-activate|p1b: Aegislash|move: Protect\n|-unboost|p2b: Incineroar|atk|1\n|\n|-weather|Sandstorm|[upkeep]\n|-damage|p2a: Torkoal|14/100|[from] Sandstorm\n|-damage|p2b: Incineroar|26/100|[from] Sandstorm\n|-damage|p1a: Farigiraf|52/100|[from] Sandstorm\n|upkeep\n|turn|5\n|\n|t:|1776363299\n|switch|p2b: Gardevoir|Gardevoir-Mega, L50, F|95/100\n|move|p1b: Aegislash|Wide Guard|p1b: Aegislash\n|-singleturn|p1b: Aegislash|Wide Guard\n|move|p2a: Torkoal|Heat Wave|p1a: Farigiraf|[spread] \n|-activate|p1a: Farigiraf|move: Wide Guard\n|-activate|p1b: Aegislash|move: Wide Guard\n|move|p1a: Farigiraf|Hyper Voice|p2b: Gardevoir|[spread] p2a,p2b\n|-damage|p2a: Torkoal|0 fnt\n|-damage|p2b: Gardevoir|67/100\n|faint|p2a: Torkoal\n|\n|-weather|Sandstorm|[upkeep]\n|-damage|p1a: Farigiraf|46/100|[from] Sandstorm\n|-damage|p2b: Gardevoir|62/100|[from] Sandstorm\n|-fieldend|move: Trick Room\n|upkeep\n|\n|t:|1776363314\n|switch|p2a: Typhlosion|Typhlosion-Hisui, L50, M|100/100\n|-item|p1a: Farigiraf|Colbur Berry|[from] ability: Frisk|[of] p2a: Typhlosion\n|-item|p1b: Aegislash|Spell Tag|[from] ability: Frisk|[of] p2a: Typhlosion\n|turn|6\n|\n|t:|1776363325\n|move|p2a: Typhlosion|Shadow Ball|p1b: Aegislash\n|-supereffective|p1b: Aegislash|1\n|-damage|p1b: Aegislash|25/100\n|move|p2b: Gardevoir|Hyper Voice|p1b: Aegislash|[spread] p1a,p1b\n|-resisted|p1b: Aegislash|1\n|-damage|p1a: Farigiraf|0 fnt\n|-damage|p1b: Aegislash|5/100\n|faint|p1a: Farigiraf\n|-formechange|p1b: Aegislash|Aegislash-Blade|\n|move|p1b: Aegislash|Shadow Ball|p2a: Typhlosion\n|-supereffective|p2a: Typhlosion|1\n|-damage|p2a: Typhlosion|0 fnt\n|faint|p2a: Typhlosion\n|\n|-weather|none\n|upkeep\n|\n|t:|1776363337\n|switch|p2a: Incineroar|Incineroar, L50, M|26/100\n|switch|p1a: Tyranitar|Tyranitar-Mega, L50, F|14/100\n|-weather|Sandstorm|[from] ability: Sand Stream|[of] p1a: Tyranitar\n|-ability|p2a: Incineroar|Intimidate|boost\n|-unboost|p1a: Tyranitar|atk|1\n|-unboost|p1b: Aegislash|atk|1\n|turn|7\n|\n|t:|1776363342\n|move|p1a: Tyranitar|Protect|p1a: Tyranitar\n|-singleturn|p1a: Tyranitar|Protect\n|-formechange|p1b: Aegislash|Aegislash|\n|move|p1b: Aegislash|King's Shield|p1b: Aegislash\n|-singleturn|p1b: Aegislash|Protect\n|move|p2a: Incineroar|Fake Out|p1a: Tyranitar\n|-activate|p1a: Tyranitar|move: Protect\n|move|p2b: Gardevoir|Hyper Voice|p1b: Aegislash|[spread] \n|-activate|p1a: Tyranitar|move: Protect\n|-activate|p1b: Aegislash|move: Protect\n|\n|-weather|Sandstorm|[upkeep]\n|-damage|p2b: Gardevoir|56/100|[from] Sandstorm\n|-damage|p2a: Incineroar|20/100|[from] Sandstorm\n|upkeep\n|turn|8\n|inactive|XenGg07 has 30 seconds left.\n|\n|t:|1776363369\n|move|p1b: Aegislash|Wide Guard|p1b: Aegislash\n|-singleturn|p1b: Aegislash|Wide Guard\n|move|p2b: Gardevoir|Hyper Voice|p1b: Aegislash|[spread] \n|-activate|p1a: Tyranitar|move: Wide Guard\n|-activate|p1b: Aegislash|move: Wide Guard\n|move|p1a: Tyranitar|Rock Slide|p2a: Incineroar|[spread] p2a,p2b\n|-supereffective|p2a: Incineroar|1\n|-damage|p2a: Incineroar|0 fnt\n|-damage|p2b: Gardevoir|24/100\n|faint|p2a: Incineroar\n|\n|-weather|Sandstorm|[upkeep]\n|-damage|p2b: Gardevoir|19/100|[from] Sandstorm\n|upkeep\n|turn|9\n|-message|fallacy277 forfeited.\n|\n|win|XenGg07\n|raw|XenGg07's rating: 1419 &rarr; <strong>1442</strong><br />(+23 for winning)\n|raw|fallacy277's rating: 1464 &rarr; <strong>1441</strong><br />(-23 for losing)\n|l|\u2606fallacy277\n|player|p2|\n|l|\u2606XenGg07\n|player|p1|\n",
  "uploadtime": 1776364051,
  "views": 27,
  "formatid": "gen9championsvgc2026regma",
  "rating": 1441,
  "private": 0,
  "password": null
}