{
  "id": "gen9championsvgc2026regma-2583689076",
  "format": "[Gen 9 Champions] VGC 2026 Reg M-A",
  "players": [
    "outofthebox215",
    "VascoAnime"
  ],
  "log": "|j|\u2606outofthebox215\n|j|\u2606VascoAnime\n|t:|1776191172\n|gametype|doubles\n|player|p1|outofthebox215|102|1056\n|player|p2|VascoAnime|flannery|1111\n|gen|9\n|tier|[Gen 9 Champions] VGC 2026 Reg M-A\n|rated|\n|rule|Species Clause: Limit one of each Pok\u00e9mon\n|rule|Item Clause: Limit 1 of each item\n|clearpoke\n|poke|p1|Drampa, L50, F|\n|poke|p1|Alakazam, L50, M|\n|poke|p1|Basculegion, L50, M|\n|poke|p1|Sinistcha, L50|\n|poke|p1|Skarmory, L50, M|\n|poke|p1|Incineroar, L50, F|\n|poke|p2|Charizard, L50, M|\n|poke|p2|Sneasler, L50, F|\n|poke|p2|Farigiraf, L50, F|\n|poke|p2|Aggron, L50, F|\n|poke|p2|Sylveon, L50, F|\n|poke|p2|Sinistcha, L50|\n|teampreview|4\n|inactive|Battle timer is ON: inactive players will automatically lose when time's up. (requested by VascoAnime)\n|inactive|VascoAnime has 60 seconds left.\n|\n|t:|1776191208\n|teamsize|p1|4\n|teamsize|p2|4\n|start\n|switch|p1a: Drampa|Drampa, L50, F, shiny|100/100\n|switch|p1b: Alakazam|Alakazam, L50, M, shiny|100/100\n|switch|p2a: Farigiraf|Farigiraf, L50, F|100/100\n|switch|p2b: Sylveon|Sylveon, L50, F|100/100\n|-ability|p1a: Drampa|Cloud Nine\n|turn|1\n|inactive|outofthebox215 has 30 seconds left.\n|\n|t:|1776191239\n|switch|p1a: Basculegion|Basculegion, L50, M, shiny|100/100\n|move|p1b: Alakazam|Light Screen|p1b: Alakazam\n|-sidestart|p1: outofthebox215|move: Light Screen\n|move|p2b: Sylveon|Hyper Voice|p1b: Alakazam|[spread] p1a,p1b\n|-damage|p1a: Basculegion|70/100\n|-damage|p1b: Alakazam|66/100\n|move|p2a: Farigiraf|Trick Room|p2a: Farigiraf\n|-fieldstart|move: Trick Room|[of] p2a: Farigiraf\n|\n|upkeep\n|turn|2\n|inactive|outofthebox215 has 30 seconds left.\n|\n|t:|1776191268\n|move|p2b: Sylveon|Light Screen|p2b: Sylveon\n|-sidestart|p2: VascoAnime|move: Light Screen\n|move|p2a: Farigiraf|Imprison|p2a: Farigiraf\n|-start|p2a: Farigiraf|move: Imprison\n|move|p1b: Alakazam|Speed Swap|p2a: Farigiraf\n|-activate|p1b: Alakazam|move: Speed Swap|[of] p2a: Farigiraf\n|move|p1a: Basculegion|Wave Crash|p2b: Sylveon\n|-damage|p2b: Sylveon|28/100\n|-damage|p1a: Basculegion|45/100|[from] Recoil\n|\n|-heal|p2b: Sylveon|34/100|[from] item: Leftovers\n|upkeep\n|turn|3\n|\n|t:|1776191286\n|switch|p2a: Sinistcha|Sinistcha, L50|100/100\n|-heal|p2b: Sylveon|58/100|[from] ability: Hospitality|[of] p2a: Sinistcha\n|move|p2b: Sylveon|Hyper Voice|p1b: Alakazam|[spread] p1a,p1b\n|-crit|p1a: Basculegion\n|-damage|p1a: Basculegion|0 fnt\n|-damage|p1b: Alakazam|29/100\n|faint|p1a: Basculegion\n|move|p1b: Alakazam|Speed Swap|p1: Basculegion|[notarget]\n|-fail|p1b: Alakazam\n|\n|-heal|p2b: Sylveon|64/100|[from] item: Leftovers\n|upkeep\n|\n|t:|1776191298\n|switch|p1a: Sinistcha|Sinistcha, L50, shiny|100/100\n|-heal|p1b: Alakazam|54/100|[from] ability: Hospitality|[of] p1a: Sinistcha\n|turn|4\n|\n|t:|1776191313\n|switch|p2a: Aggron|Aggron, L50, F|100/100\n|move|p2b: Sylveon|Hyper Beam|p1b: Alakazam\n|-damage|p1b: Alakazam|0 fnt\n|-mustrecharge|p2b: Sylveon\n|faint|p1b: Alakazam\n|move|p1a: Sinistcha|Matcha Gotcha|p2b: Sylveon|[spread] p2a,p2b\n|-damage|p2a: Aggron|77/100\n|-damage|p2b: Sylveon|53/100\n|-status|p2a: Aggron|brn\n|-status|p2b: Sylveon|brn\n|\n|-heal|p2b: Sylveon|59/100 brn|[from] item: Leftovers\n|-damage|p2a: Aggron|71/100 brn|[from] brn\n|-damage|p2b: Sylveon|53/100 brn|[from] brn\n|upkeep\n|\n|t:|1776191318\n|switch|p1b: Drampa|Drampa, L50, F, shiny|100/100\n|-ability|p1b: Drampa|Cloud Nine\n|turn|5\n|\n|t:|1776191342\n|detailschange|p1b: Drampa|Drampa-Mega, L50, F, shiny\n|-mega|p1b: Drampa|Drampa|Drampanite\n|detailschange|p2a: Aggron|Aggron-Mega, L50, F\n|-mega|p2a: Aggron|Aggron|Aggronite\n|move|p1b: Drampa|Earth Power|p2a: Aggron\n|-supereffective|p2a: Aggron|1\n|-damage|p2a: Aggron|30/100 brn\n|move|p2a: Aggron|Iron Defense|p2a: Aggron\n|-boost|p2a: Aggron|def|2\n|cant|p2b: Sylveon|recharge\n|move|p1a: Sinistcha|Matcha Gotcha|p2b: Sylveon|[spread] p2a,p2b\n|-resisted|p2a: Aggron|1\n|-damage|p2a: Aggron|22/100 brn\n|-damage|p2b: Sylveon|42/100 brn\n|\n|-heal|p2b: Sylveon|48/100 brn|[from] item: Leftovers\n|-damage|p2a: Aggron|15/100 brn|[from] brn\n|-damage|p2b: Sylveon|42/100 brn|[from] brn\n|-sideend|p1: outofthebox215|move: Light Screen\n|-fieldend|move: Trick Room\n|upkeep\n|turn|6\n|\n|t:|1776191360\n|switch|p2b: Sinistcha|Sinistcha, L50|100/100\n|-heal|p2a: Aggron|40/100 brn|[from] ability: Hospitality|[of] p2b: Sinistcha\n|move|p1b: Drampa|Protect|p1b: Drampa\n|-singleturn|p1b: Drampa|Protect\n|move|p2a: Aggron|Body Press|p1b: Drampa\n|-activate|p1b: Drampa|move: Protect\n|move|p1a: Sinistcha|Trick Room|p1a: Sinistcha\n|-fieldstart|move: Trick Room|[of] p1a: Sinistcha\n|\n|-damage|p2a: Aggron|34/100 brn|[from] brn\n|-sideend|p2: VascoAnime|move: Light Screen\n|upkeep\n|turn|7\n|\n|t:|1776191373\n|move|p2a: Aggron|Protect|p2a: Aggron\n|-singleturn|p2a: Aggron|Protect\n|move|p1a: Sinistcha|Rage Powder|p1a: Sinistcha\n|-singleturn|p1a: Sinistcha|move: Rage Powder\n|move|p1b: Drampa|Earth Power|p2a: Aggron\n|-activate|p2a: Aggron|move: Protect\n|move|p2b: Sinistcha|Life Dew||[still]|[spread] p2a,p2b\n|-heal|p2a: Aggron|59/100 brn\n|-fail|p2b: Sinistcha|heal\n|\n|-damage|p2a: Aggron|53/100 brn|[from] brn\n|upkeep\n|turn|8\n|\n|t:|1776191390\n|move|p1a: Sinistcha|Rage Powder|p1a: Sinistcha\n|-singleturn|p1a: Sinistcha|move: Rage Powder\n|move|p1b: Drampa|Calm Mind|p1b: Drampa\n|-boost|p1b: Drampa|spa|1\n|-boost|p1b: Drampa|spd|1\n|move|p2a: Aggron|Heavy Slam|p1a: Sinistcha\n|-damage|p1a: Sinistcha|76/100\n|move|p2b: Sinistcha|Life Dew||[still]|[spread] p2a,p2b\n|-heal|p2a: Aggron|78/100 brn\n|-fail|p2b: Sinistcha|heal\n|\n|-damage|p2a: Aggron|72/100 brn|[from] brn\n|upkeep\n|turn|9\n|\n|t:|1776191407\n|move|p2a: Aggron|Protect|p2a: Aggron\n|-singleturn|p2a: Aggron|Protect\n|move|p1b: Drampa|Earth Power|p2a: Aggron\n|-activate|p2a: Aggron|move: Protect\n|move|p1a: Sinistcha|Life Dew||[still]|[spread] p1a,p1b\n|-heal|p1a: Sinistcha|100/100\n|-fail|p1b: Drampa|heal\n|move|p2b: Sinistcha|Trick Room|p2b: Sinistcha\n|-fieldend|move: Trick Room\n|\n|-damage|p2a: Aggron|65/100 brn|[from] brn\n|upkeep\n|turn|10\n|\n|t:|1776191420\n|move|p1a: Sinistcha|Rage Powder|p1a: Sinistcha\n|-singleturn|p1a: Sinistcha|move: Rage Powder\n|move|p2a: Aggron|Iron Defense|p2a: Aggron\n|-boost|p2a: Aggron|def|2\n|move|p1b: Drampa|Earth Power|p2a: Aggron\n|-supereffective|p2a: Aggron|1\n|-damage|p2a: Aggron|0 fnt\n|faint|p2a: Aggron\n|move|p2b: Sinistcha|Trick Room|p2b: Sinistcha\n|-fieldstart|move: Trick Room|[of] p2b: Sinistcha\n|\n|upkeep\n|\n|t:|1776191430\n|switch|p2a: Farigiraf|Farigiraf, L50, F|100/100\n|turn|11\n|\n|t:|1776191438\n|move|p1b: Drampa|Hyper Voice|p2b: Sinistcha|[spread] p2a\n|-immune|p2b: Sinistcha\n|-damage|p2a: Farigiraf|32/100\n|-enditem|p2a: Farigiraf|Sitrus Berry|[eat]\n|-heal|p2a: Farigiraf|56/100|[from] item: Sitrus Berry\n|move|p2a: Farigiraf|Imprison|p2a: Farigiraf\n|-start|p2a: Farigiraf|move: Imprison\n|move|p1a: Sinistcha|Matcha Gotcha|p2a: Farigiraf|[spread] p2a,p2b\n|-resisted|p2b: Sinistcha|1\n|-damage|p2a: Farigiraf|32/100\n|-damage|p2b: Sinistcha|85/100\n|-status|p2b: Sinistcha|brn\n|move|p2b: Sinistcha|Trick Room|p2b: Sinistcha\n|-fieldend|move: Trick Room\n|\n|-damage|p2b: Sinistcha|79/100 brn|[from] brn\n|upkeep\n|turn|12\n|inactive|outofthebox215 has 30 seconds left.\n|\n|t:|1776191471\n|move|p1a: Sinistcha|Matcha Gotcha|p2b: Sinistcha|[spread] p2a,p2b\n|-resisted|p2b: Sinistcha|1\n|-damage|p2a: Farigiraf|9/100\n|-damage|p2b: Sinistcha|64/100 brn\n|move|p2b: Sinistcha|Matcha Gotcha|p1a: Sinistcha|[spread] p1a,p1b\n|-resisted|p1a: Sinistcha|1\n|-resisted|p1b: Drampa|1\n|-damage|p1a: Sinistcha|87/100\n|-heal|p2b: Sinistcha|71/100 brn|[from] drain|[of] p1a: Sinistcha\n|-damage|p1b: Drampa|91/100\n|-heal|p2b: Sinistcha|76/100 brn|[from] drain|[of] p1b: Drampa\n|move|p2a: Farigiraf|Psychic|p1b: Drampa\n|-damage|p1b: Drampa|71/100\n|move|p1b: Drampa|Earth Power|p2a: Farigiraf\n|-damage|p2a: Farigiraf|0 fnt\n|faint|p2a: Farigiraf\n|\n|-damage|p2b: Sinistcha|70/100 brn|[from] brn\n|upkeep\n|\n|t:|1776191486\n|switch|p2a: Sylveon|Sylveon, L50, F|42/100 brn\n|turn|13\n|\n|t:|1776191493\n|move|p1b: Drampa|Protect|p1b: Drampa\n|-singleturn|p1b: Drampa|Protect\n|move|p2b: Sinistcha|Life Dew|p2b: Sinistcha|[spread] p2a,p2b\n|-heal|p2a: Sylveon|67/100 brn\n|-heal|p2b: Sinistcha|95/100 brn\n|move|p2a: Sylveon|Hyper Voice|p1b: Drampa|[spread] p1a\n|-activate|p1b: Drampa|move: Protect\n|-damage|p1a: Sinistcha|53/100\n|move|p1a: Sinistcha|Trick Room|p1a: Sinistcha\n|-fieldstart|move: Trick Room|[of] p1a: Sinistcha\n|\n|-heal|p2a: Sylveon|73/100 brn|[from] item: Leftovers\n|-damage|p2a: Sylveon|67/100 brn|[from] brn\n|-damage|p2b: Sinistcha|89/100 brn|[from] brn\n|upkeep\n|turn|14\n|\n|t:|1776191508\n|move|p1b: Drampa|Hyper Voice|p2a: Sylveon|[spread] p2a\n|-immune|p2b: Sinistcha\n|-damage|p2a: Sylveon|23/100 brn\n|move|p2a: Sylveon|Hyper Voice|p1b: Drampa|[spread] p1a,p1b\n|-supereffective|p1b: Drampa|1\n|-damage|p1a: Sinistcha|20/100\n|-damage|p1b: Drampa|25/100\n|-enditem|p1a: Sinistcha|Sitrus Berry|[eat]\n|-heal|p1a: Sinistcha|44/100|[from] item: Sitrus Berry\n|-ability|p1b: Drampa|Berserk|boost\n|-boost|p1b: Drampa|spa|1\n|move|p1a: Sinistcha|Life Dew|p1a: Sinistcha|[spread] p1a,p1b\n|-heal|p1a: Sinistcha|70/100\n|-heal|p1b: Drampa|50/100\n|move|p2b: Sinistcha|Life Dew|p2b: Sinistcha|[spread] p2a,p2b\n|-heal|p2a: Sylveon|48/100 brn\n|-heal|p2b: Sinistcha|100/100 brn\n|\n|-heal|p2a: Sylveon|54/100 brn|[from] item: Leftovers\n|-damage|p2a: Sylveon|48/100 brn|[from] brn\n|-damage|p2b: Sinistcha|94/100 brn|[from] brn\n|upkeep\n|turn|15\n|\n|t:|1776191529\n|move|p2a: Sylveon|Protect|p2a: Sylveon\n|-singleturn|p2a: Sylveon|Protect\n|move|p1b: Drampa|Hyper Voice|p2a: Sylveon|[spread] \n|-activate|p2a: Sylveon|move: Protect\n|-immune|p2b: Sinistcha\n|move|p1a: Sinistcha|Life Dew|p1a: Sinistcha|[spread] p1a,p1b\n|-heal|p1a: Sinistcha|95/100\n|-heal|p1b: Drampa|75/100\n|move|p2b: Sinistcha|Trick Room|p2b: Sinistcha\n|-fieldend|move: Trick Room\n|\n|-heal|p2a: Sylveon|54/100 brn|[from] item: Leftovers\n|-damage|p2b: Sinistcha|88/100 brn|[from] brn\n|-damage|p2a: Sylveon|48/100 brn|[from] brn\n|upkeep\n|turn|16\n|\n|t:|1776191542\n|move|p1b: Drampa|Protect|p1b: Drampa\n|-singleturn|p1b: Drampa|Protect\n|move|p2b: Sinistcha|Life Dew|p2b: Sinistcha|[spread] p2a,p2b\n|-heal|p2a: Sylveon|73/100 brn\n|-heal|p2b: Sinistcha|100/100 brn\n|move|p2a: Sylveon|Hyper Beam|p1b: Drampa\n|-activate|p1b: Drampa|move: Protect\n|move|p1a: Sinistcha|Trick Room|p1a: Sinistcha\n|-fieldstart|move: Trick Room|[of] p1a: Sinistcha\n|\n|-heal|p2a: Sylveon|79/100 brn|[from] item: Leftovers\n|-damage|p2a: Sylveon|73/100 brn|[from] brn\n|-damage|p2b: Sinistcha|94/100 brn|[from] brn\n|upkeep\n|turn|17\n|\n|t:|1776191558\n|move|p2a: Sylveon|Protect|p2a: Sylveon\n|-singleturn|p2a: Sylveon|Protect\n|move|p1b: Drampa|Hyper Voice|p2a: Sylveon|[spread] \n|-activate|p2a: Sylveon|move: Protect\n|-immune|p2b: Sinistcha\n|move|p1a: Sinistcha|Life Dew|p1a: Sinistcha|[spread] p1a,p1b\n|-heal|p1a: Sinistcha|100/100\n|-heal|p1b: Drampa|99/100\n|move|p2b: Sinistcha|Trick Room|p2b: Sinistcha\n|-fieldend|move: Trick Room\n|\n|-heal|p2a: Sylveon|79/100 brn|[from] item: Leftovers\n|-damage|p2b: Sinistcha|88/100 brn|[from] brn\n|-damage|p2a: Sylveon|73/100 brn|[from] brn\n|upkeep\n|turn|18\n|\n|t:|1776191574\n|move|p1b: Drampa|Protect|p1b: Drampa\n|-singleturn|p1b: Drampa|Protect\n|move|p2a: Sylveon|Hyper Voice|p1a: Sinistcha|[spread] p1a\n|-activate|p1b: Drampa|move: Protect\n|-damage|p1a: Sinistcha|68/100\n|move|p1a: Sinistcha|Trick Room|p1a: Sinistcha\n|-fieldstart|move: Trick Room|[of] p1a: Sinistcha\n|move|p2b: Sinistcha|Trick Room|p2b: Sinistcha\n|-fieldend|move: Trick Room\n|\n|-heal|p2a: Sylveon|79/100 brn|[from] item: Leftovers\n|-damage|p2b: Sinistcha|82/100 brn|[from] brn\n|-damage|p2a: Sylveon|73/100 brn|[from] brn\n|upkeep\n|turn|19\n|\n|t:|1776191589\n|move|p2b: Sinistcha|Life Dew|p2b: Sinistcha|[spread] p2a,p2b\n|-heal|p2a: Sylveon|99/100 brn\n|-heal|p2b: Sinistcha|100/100 brn\n|move|p1a: Sinistcha|Life Dew|p1a: Sinistcha|[spread] p1a,p1b\n|-heal|p1a: Sinistcha|93/100\n|-heal|p1b: Drampa|100/100\n|move|p2a: Sylveon|Hyper Beam|p1b: Drampa\n|-supereffective|p1b: Drampa|1\n|-damage|p1b: Drampa|0 fnt\n|-mustrecharge|p2a: Sylveon\n|faint|p1b: Drampa\n|\n|-heal|p2a: Sylveon|100/100 brn|[from] item: Leftovers\n|-damage|p2b: Sinistcha|94/100 brn|[from] brn\n|-damage|p2a: Sylveon|95/100 brn|[from] brn\n|upkeep\n|turn|20\n|-message|outofthebox215 forfeited.\n|\n|win|VascoAnime\n|raw|outofthebox215's rating: 1056 &rarr; <strong>1040</strong><br />(-16 for losing)\n|raw|VascoAnime's rating: 1111 &rarr; <strong>1132</strong><br />(+21 for winning)\n|l|\u2606outofthebox215\n|player|p1|\n",
  "uploadtime": 1776191615,
  "views": 23,
  "formatid": "gen9championsvgc2026regma",
  "rating": 1040,
  "private": 0,
  "password": null
}