{
  "id": "gen9championsvgc2026regma-2581565004",
  "format": "[Gen 9 Champions] VGC 2026 Reg M-A",
  "players": [
    "Rockletz",
    "debouls"
  ],
  "log": "|j|\u2606Rockletz\n|j|\u2606debouls\n|t:|1776011379\n|gametype|doubles\n|player|p1|Rockletz|2|1236\n|player|p2|debouls|169|1220\n|gen|9\n|tier|[Gen 9 Champions] VGC 2026 Reg M-A\n|rated|\n|rule|Species Clause: Limit one of each Pok\u00e9mon\n|rule|Item Clause: Limit 1 of each item\n|clearpoke\n|poke|p1|Gengar, L50, F|\n|poke|p1|Incineroar, L50, F|\n|poke|p1|Archaludon, L50, F|\n|poke|p1|Pelipper, L50, M|\n|poke|p1|Sinistcha, L50|\n|poke|p1|Basculegion, L50, M|\n|poke|p2|Arcanine, L50, M|\n|poke|p2|Rotom-Wash, L50|\n|poke|p2|Garchomp, L50, M|\n|poke|p2|Venusaur, L50, M|\n|poke|p2|Corviknight, L50, F|\n|poke|p2|Sneasler, L50, M|\n|teampreview|4\n|\n|t:|1776011418\n|teamsize|p1|4\n|teamsize|p2|4\n|start\n|switch|p1a: Incineroar|Incineroar, L50, F|100/100\n|switch|p1b: Gengar|Gengar, L50, F, shiny|100/100\n|switch|p2a: Garchomp|Garchomp, L50, M|100/100\n|switch|p2b: Rotom|Rotom-Wash, L50|100/100\n|-ability|p1a: Incineroar|Intimidate|boost\n|-unboost|p2a: Garchomp|atk|1\n|-unboost|p2b: Rotom|atk|1\n|-enditem|p2a: Garchomp|White Herb\n|-clearnegativeboost|p2a: Garchomp|[silent]\n|turn|1\n|\n|t:|1776011482\n|detailschange|p1b: Gengar|Gengar-Mega, L50, F, shiny\n|-mega|p1b: Gengar|Gengar|Gengarite\n|move|p1a: Incineroar|Fake Out|p2a: Garchomp\n|-damage|p2a: Garchomp|90/100\n|-damage|p1a: Incineroar|88/100|[from] ability: Rough Skin|[of] p2a: Garchomp\n|move|p2b: Rotom|Hydro Pump|p1a: Incineroar\n|-supereffective|p1a: Incineroar|1\n|-damage|p1a: Incineroar|0 fnt\n|faint|p1a: Incineroar\n|move|p1b: Gengar|Perish Song|p1b: Gengar\n|-start|p1b: Gengar|perish3|[silent]\n|-start|p2a: Garchomp|perish3|[silent]\n|-start|p2b: Rotom|perish3|[silent]\n|-fieldactivate|move: Perish Song\n|cant|p2a: Garchomp|flinch\n|\n|-start|p2b: Rotom|perish3\n|-start|p1b: Gengar|perish3\n|-start|p2a: Garchomp|perish3\n|upkeep\n|\n|t:|1776011496\n|switch|p1a: Sinistcha|Sinistcha, L50|100/100\n|turn|2\n|\n|t:|1776011515\n|move|p1b: Gengar|Protect|p1b: Gengar\n|-singleturn|p1b: Gengar|Protect\n|move|p2b: Rotom|Hydro Pump|p1a: Sinistcha|[miss]\n|-miss|p2b: Rotom|p1a: Sinistcha\n|move|p2a: Garchomp|Earthquake|p1a: Sinistcha|[spread] p1a\n|-activate|p1b: Gengar|move: Protect\n|-immune|p2b: Rotom|[from] ability: Levitate\n|-resisted|p1a: Sinistcha|1\n|-damage|p1a: Sinistcha|85/100\n|move|p1a: Sinistcha|Matcha Gotcha|p2b: Rotom|[spread] p2a,p2b\n|-supereffective|p2b: Rotom|1\n|-damage|p2a: Garchomp|62/100\n|-heal|p1a: Sinistcha|99/100|[from] drain|[of] p2a: Garchomp\n|-damage|p2b: Rotom|34/100\n|-heal|p1a: Sinistcha|100/100|[from] drain|[of] p2b: Rotom\n|-status|p2b: Rotom|brn\n|\n|-damage|p2b: Rotom|29/100 brn|[from] brn\n|-start|p2b: Rotom|perish2\n|-start|p1b: Gengar|perish2\n|-start|p2a: Garchomp|perish2\n|upkeep\n|turn|3\n|\n|t:|1776011543\n|switch|p1b: Archaludon|Archaludon, L50, F|100/100\n|move|p2b: Rotom|Hydro Pump|p1b: Archaludon\n|-resisted|p1b: Archaludon|1\n|-crit|p1b: Archaludon\n|-damage|p1b: Archaludon|55/100\n|-ability|p1b: Archaludon|Stamina|boost\n|-boost|p1b: Archaludon|def|1\n|move|p2a: Garchomp|Earthquake|p1a: Sinistcha|[spread] p1a,p1b\n|-immune|p2b: Rotom|[from] ability: Levitate\n|-resisted|p1a: Sinistcha|1\n|-supereffective|p1b: Archaludon|1\n|-damage|p1a: Sinistcha|85/100\n|-damage|p1b: Archaludon|19/100\n|-ability|p1b: Archaludon|Stamina|boost\n|-boost|p1b: Archaludon|def|1\n|move|p1a: Sinistcha|Matcha Gotcha|p2b: Rotom|[spread] p2a,p2b\n|-supereffective|p2b: Rotom|1\n|-damage|p2a: Garchomp|33/100\n|-heal|p1a: Sinistcha|99/100|[from] drain|[of] p2a: Garchomp\n|-damage|p2b: Rotom|0 fnt\n|-heal|p1a: Sinistcha|100/100|[from] drain|[of] p2b: Rotom\n|faint|p2b: Rotom\n|\n|-start|p2a: Garchomp|perish1\n|upkeep\n|\n|t:|1776011570\n|switch|p2b: Venusaur|Venusaur, L50, M|100/100\n|turn|4\n|\n|t:|1776011581\n|switch|p2a: Corviknight|Corviknight, L50, F|100/100\n|detailschange|p2b: Venusaur|Venusaur-Mega, L50, M\n|-mega|p2b: Venusaur|Venusaur|Venusaurite\n|move|p1b: Archaludon|Protect|p1b: Archaludon\n|-singleturn|p1b: Archaludon|Protect\n|move|p2b: Venusaur|Leech Seed|p1b: Archaludon\n|-activate|p1b: Archaludon|move: Protect\n|move|p1a: Sinistcha|Life Dew||[still]|[spread] p1a,p1b\n|-fail|p1a: Sinistcha|heal\n|-heal|p1b: Archaludon|44/100\n|\n|upkeep\n|turn|5\n|\n|t:|1776011626\n|switch|p1a: Gengar|Gengar-Mega, L50, F, shiny|100/100\n|move|p1b: Archaludon|Draco Meteor|p2b: Venusaur\n|-damage|p2b: Venusaur|57/100\n|-unboost|p1b: Archaludon|spa|2\n|move|p2b: Venusaur|Leech Seed|p1b: Archaludon\n|-start|p1b: Archaludon|move: Leech Seed\n|move|p2a: Corviknight|Brave Bird|p1a: Gengar\n|-damage|p1a: Gengar|48/100\n|-damage|p2a: Corviknight|88/100|[from] Recoil\n|\n|-heal|p2a: Corviknight|94/100|[from] item: Leftovers\n|-damage|p1b: Archaludon|31/100|[from] Leech Seed|[of] p2b: Venusaur\n|-heal|p2b: Venusaur|70/100|[silent]\n|upkeep\n|turn|6\n|\n|t:|1776011661\n|switch|p1b: Sinistcha|Sinistcha, L50|100/100\n|-heal|p1a: Gengar|73/100|[from] ability: Hospitality|[of] p1b: Sinistcha\n|move|p1a: Gengar|Protect|p1a: Gengar\n|-singleturn|p1a: Gengar|Protect\n|move|p2b: Venusaur|Protect|p2b: Venusaur\n|-singleturn|p2b: Venusaur|Protect\n|move|p2a: Corviknight|Brave Bird|p1a: Gengar\n|-activate|p1a: Gengar|move: Protect\n|\n|-heal|p2a: Corviknight|99/100|[from] item: Leftovers\n|upkeep\n|turn|7\n|\n|t:|1776011686\n|move|p1b: Sinistcha|Rage Powder|p1b: Sinistcha\n|-singleturn|p1b: Sinistcha|move: Rage Powder\n|move|p1a: Gengar|Perish Song|p1a: Gengar\n|-start|p1a: Gengar|perish3|[silent]\n|-start|p1b: Sinistcha|perish3|[silent]\n|-start|p2a: Corviknight|perish3|[silent]\n|-start|p2b: Venusaur|perish3|[silent]\n|-fieldactivate|move: Perish Song\n|move|p2b: Venusaur|Sludge Bomb|p1b: Sinistcha\n|-damage|p1b: Sinistcha|60/100\n|-status|p1b: Sinistcha|psn\n|move|p2a: Corviknight|Brave Bird|p1b: Sinistcha\n|-supereffective|p1b: Sinistcha|1\n|-damage|p1b: Sinistcha|0 fnt\n|faint|p1b: Sinistcha\n|-damage|p2a: Corviknight|82/100|[from] Recoil\n|\n|-heal|p2a: Corviknight|88/100|[from] item: Leftovers\n|-start|p1a: Gengar|perish3\n|-start|p2b: Venusaur|perish3\n|-start|p2a: Corviknight|perish3\n|upkeep\n|\n|t:|1776011706\n|switch|p1b: Archaludon|Archaludon, L50, F|31/100\n|turn|8\n|\n|t:|1776011715\n|move|p1a: Gengar|Protect|p1a: Gengar\n|-singleturn|p1a: Gengar|Protect\n|move|p1b: Archaludon|Protect|p1b: Archaludon\n|-singleturn|p1b: Archaludon|Protect\n|move|p2b: Venusaur|Leech Seed|p1b: Archaludon\n|-activate|p1b: Archaludon|move: Protect\n|move|p2a: Corviknight|Brave Bird|p1a: Gengar\n|-activate|p1a: Gengar|move: Protect\n|\n|-heal|p2a: Corviknight|94/100|[from] item: Leftovers\n|-start|p1a: Gengar|perish2\n|-start|p2b: Venusaur|perish2\n|-start|p2a: Corviknight|perish2\n|upkeep\n|turn|9\n|\n|t:|1776011764\n|move|p1a: Gengar|Protect||[still]\n|-fail|p1a: Gengar\n|move|p1b: Archaludon|Flash Cannon|p2b: Venusaur\n|-damage|p2b: Venusaur|41/100\n|move|p2b: Venusaur|Leech Seed|p1b: Archaludon\n|-start|p1b: Archaludon|move: Leech Seed\n|move|p2a: Corviknight|Brave Bird|p1a: Gengar\n|-damage|p1a: Gengar|20/100\n|-damage|p2a: Corviknight|81/100|[from] Recoil\n|\n|-heal|p2a: Corviknight|87/100|[from] item: Leftovers\n|-damage|p1b: Archaludon|19/100|[from] Leech Seed|[of] p2b: Venusaur\n|-heal|p2b: Venusaur|54/100|[silent]\n|-start|p1a: Gengar|perish1\n|-start|p2b: Venusaur|perish1\n|-start|p2a: Corviknight|perish1\n|upkeep\n|turn|10\n|\n|t:|1776011792\n|move|p1a: Gengar|Protect|p1a: Gengar\n|-singleturn|p1a: Gengar|Protect\n|move|p1b: Archaludon|Protect|p1b: Archaludon\n|-singleturn|p1b: Archaludon|Protect\n|move|p2b: Venusaur|Protect|p2b: Venusaur\n|-singleturn|p2b: Venusaur|Protect\n|move|p2a: Corviknight|Brave Bird|p1a: Gengar\n|-activate|p1a: Gengar|move: Protect\n|\n|-heal|p2a: Corviknight|93/100|[from] item: Leftovers\n|-damage|p1b: Archaludon|7/100|[from] Leech Seed|[of] p2b: Venusaur\n|-heal|p2b: Venusaur|67/100|[silent]\n|-start|p1a: Gengar|perish0\n|-start|p2b: Venusaur|perish0\n|-start|p2a: Corviknight|perish0\n|faint|p1a: Gengar\n|faint|p2b: Venusaur\n|faint|p2a: Corviknight\n|upkeep\n|\n|t:|1776011807\n|switch|p2b: Garchomp|Garchomp, L50, M|33/100\n|turn|11\n|\n|t:|1776011812\n|move|p2b: Garchomp|Protect|p2b: Garchomp\n|-singleturn|p2b: Garchomp|Protect\n|move|p1b: Archaludon|Draco Meteor|p2b: Garchomp\n|-activate|p2b: Garchomp|move: Protect\n|\n|-damage|p1b: Archaludon|0 fnt|[from] Leech Seed|[of] p2b: Garchomp\n|-heal|p2b: Garchomp|40/100|[silent]\n|faint|p1b: Archaludon\n|\n|win|debouls\n|raw|Rockletz's rating: 1236 &rarr; <strong>1210</strong><br />(-26 for losing)\n|raw|debouls's rating: 1220 &rarr; <strong>1246</strong><br />(+26 for winning)\n|c|\u2606debouls|gg\n",
  "uploadtime": 1776011824,
  "views": 22,
  "formatid": "gen9championsvgc2026regma",
  "rating": 1210,
  "private": 0,
  "password": null
}