{
  "id": "gen9championsvgc2026regma-2580374751",
  "format": "[Gen 9 Champions] VGC 2026 Reg M-A",
  "players": [
    "yamzinyobooty",
    "oadalbas"
  ],
  "log": "|j|\u2606yamzinyobooty\n|j|\u2606oadalbas\n|t:|1775887112\n|gametype|doubles\n|player|p1|yamzinyobooty|170|1138\n|player|p2|oadalbas|2|1101\n|gen|9\n|tier|[Gen 9 Champions] VGC 2026 Reg M-A\n|rated|\n|rule|Species Clause: Limit one of each Pok\u00e9mon\n|rule|Item Clause: Limit 1 of each item\n|clearpoke\n|poke|p1|Tyranitar, L50, F|\n|poke|p1|Excadrill, L50, F|\n|poke|p1|Rotom-Wash, L50|\n|poke|p1|Basculegion, L50, M|\n|poke|p1|Meganium, L50, F|\n|poke|p1|Talonflame, L50, F|\n|poke|p2|Froslass, L50, F|\n|poke|p2|Incineroar, L50, F|\n|poke|p2|Kingambit, L50, M|\n|poke|p2|Palafin, L50, M|\n|poke|p2|Kommo-o, L50, F|\n|poke|p2|Whimsicott, L50, F|\n|teampreview|4\n|inactive|Battle timer is ON: inactive players will automatically lose when time's up. (requested by yamzinyobooty)\n|\n|t:|1775887129\n|teamsize|p1|4\n|teamsize|p2|4\n|start\n|switch|p1a: Rotom|Rotom-Wash, L50, shiny|100/100\n|switch|p1b: Basculegion|Basculegion, L50, M|100/100\n|switch|p2a: Froslass|Froslass, L50, F|100/100\n|switch|p2b: Kommo-o|Kommo-o, L50, F|100/100\n|turn|1\n|inactive|yamzinyobooty has 30 seconds left.\n|\n|t:|1775887159\n|detailschange|p2a: Froslass|Froslass-Mega, L50, F\n|-mega|p2a: Froslass|Froslass|Froslassite\n|-weather|Snowscape|[from] ability: Snow Warning|[of] p2a: Froslass\n|move|p1b: Basculegion|Flip Turn|p2b: Kommo-o\n|-resisted|p2b: Kommo-o|1\n|-damage|p2b: Kommo-o|88/100\n|\n|t:|1775887165\n|switch|p1b: Tyranitar|Tyranitar, L50, F|100/100|[from] Flip Turn\n|-weather|Sandstorm|[from] ability: Sand Stream|[of] p1b: Tyranitar\n|move|p2a: Froslass|Shadow Ball|p1b: Tyranitar\n|-resisted|p1b: Tyranitar|1\n|-damage|p1b: Tyranitar|88/100\n|move|p1a: Rotom|Discharge|p2b: Kommo-o|[spread] p1b,p2a,p2b\n|-resisted|p2b: Kommo-o|1\n|-damage|p1b: Tyranitar|76/100\n|-damage|p2a: Froslass|74/100\n|-damage|p2b: Kommo-o|78/100\n|move|p2b: Kommo-o|Iron Defense|p2b: Kommo-o\n|-boost|p2b: Kommo-o|def|2\n|\n|-weather|Sandstorm|[upkeep]\n|-damage|p2a: Froslass|68/100|[from] Sandstorm\n|-damage|p1a: Rotom|95/100|[from] Sandstorm\n|-heal|p2b: Kommo-o|84/100|[from] item: Leftovers\n|upkeep\n|turn|2\n|\n|t:|1775887185\n|switch|p2a: Incineroar|Incineroar, L50, F|100/100\n|-ability|p2a: Incineroar|Intimidate|boost\n|-unboost|p1a: Rotom|atk|1\n|-unboost|p1b: Tyranitar|atk|1\n|move|p1a: Rotom|Volt Switch|p2b: Kommo-o\n|-resisted|p2b: Kommo-o|1\n|-damage|p2b: Kommo-o|73/100\n|\n|t:|1775887198\n|switch|p1a: Basculegion|Basculegion, L50, M|100/100|[from] Volt Switch\n|move|p2b: Kommo-o|Body Press|p1b: Tyranitar\n|-supereffective|p1b: Tyranitar|2\n|-enditem|p1b: Tyranitar|Chople Berry|[eat]\n|-enditem|p1b: Tyranitar|Chople Berry|[weaken]\n|-damage|p1b: Tyranitar|0 fnt\n|faint|p1b: Tyranitar\n|\n|-weather|Sandstorm|[upkeep]\n|-damage|p1a: Basculegion|94/100|[from] Sandstorm\n|-damage|p2a: Incineroar|95/100|[from] Sandstorm\n|-heal|p2b: Kommo-o|79/100|[from] item: Leftovers\n|upkeep\n|\n|t:|1775887203\n|switch|p1b: Excadrill|Excadrill, L50, F|100/100\n|turn|3\n|\n|t:|1775887226\n|move|p1b: Excadrill|Protect|p1b: Excadrill\n|-singleturn|p1b: Excadrill|Protect\n|move|p2a: Incineroar|Fake Out|p1b: Excadrill\n|-activate|p1b: Excadrill|move: Protect\n|move|p1a: Basculegion|Wave Crash|p2a: Incineroar\n|-supereffective|p2a: Incineroar|1\n|-damage|p2a: Incineroar|0 fnt\n|faint|p2a: Incineroar\n|-damage|p1a: Basculegion|62/100|[from] Recoil\n|move|p2b: Kommo-o|Body Press|p1b: Excadrill\n|-activate|p1b: Excadrill|move: Protect\n|\n|-weather|Sandstorm|[upkeep]\n|-damage|p1a: Basculegion|56/100|[from] Sandstorm\n|-heal|p2b: Kommo-o|84/100|[from] item: Leftovers\n|upkeep\n|\n|t:|1775887230\n|switch|p2a: Froslass|Froslass-Mega, L50, F|68/100\n|-weather|Snowscape|[from] ability: Snow Warning|[of] p2a: Froslass\n|turn|4\n|\n|t:|1775887244\n|move|p1a: Basculegion|Wave Crash|p2a: Froslass\n|-damage|p2a: Froslass|0 fnt\n|faint|p2a: Froslass\n|-damage|p1a: Basculegion|40/100|[from] Recoil\n|move|p1b: Excadrill|Rock Slide|p2b: Kommo-o|[miss]\n|-miss|p1b: Excadrill|p2b: Kommo-o\n|move|p2b: Kommo-o|Body Press|p1b: Excadrill\n|-supereffective|p1b: Excadrill|1\n|-enditem|p1b: Excadrill|Focus Sash\n|-damage|p1b: Excadrill|1/100\n|\n|-weather|Snowscape|[upkeep]\n|-heal|p2b: Kommo-o|90/100|[from] item: Leftovers\n|upkeep\n|\n|t:|1775887255\n|switch|p2a: Whimsicott|Whimsicott, L50, F|100/100\n|turn|5\n|\n|t:|1775887263\n|move|p2a: Whimsicott|Protect|p2a: Whimsicott\n|-singleturn|p2a: Whimsicott|Protect\n|move|p1a: Basculegion|Wave Crash|p2a: Whimsicott\n|-activate|p2a: Whimsicott|move: Protect\n|move|p1b: Excadrill|Iron Head|p2a: Whimsicott\n|-activate|p2a: Whimsicott|move: Protect\n|move|p2b: Kommo-o|Rock Slide|p1a: Basculegion|[spread] p1a,p1b\n|-resisted|p1b: Excadrill|2\n|-damage|p1a: Basculegion|22/100\n|-damage|p1b: Excadrill|0 fnt\n|faint|p1b: Excadrill\n|\n|-weather|Snowscape|[upkeep]\n|-heal|p2b: Kommo-o|96/100|[from] item: Leftovers\n|upkeep\n|\n|t:|1775887266\n|switch|p1b: Rotom|Rotom-Wash, L50, shiny|95/100\n|turn|6\n|c|\u2606yamzinyobooty|ggs\n|\n|t:|1775887282\n|move|p1a: Basculegion|Wave Crash|p2a: Whimsicott\n|-resisted|p2a: Whimsicott|1\n|-damage|p2a: Whimsicott|52/100\n|-damage|p1a: Basculegion|9/100|[from] Recoil\n|move|p2a: Whimsicott|Moonblast|p1b: Rotom\n|-damage|p1b: Rotom|68/100\n|move|p1b: Rotom|Discharge|p2b: Kommo-o|[spread] p1a,p2a,p2b\n|-supereffective|p1a: Basculegion|1\n|-resisted|p2a: Whimsicott|1\n|-crit|p2a: Whimsicott\n|-resisted|p2b: Kommo-o|1\n|-damage|p1a: Basculegion|0 fnt\n|-damage|p2a: Whimsicott|29/100\n|-damage|p2b: Kommo-o|87/100\n|faint|p1a: Basculegion\n|move|p2b: Kommo-o|Body Press|p1b: Rotom\n|-damage|p1b: Rotom|0 fnt\n|faint|p1b: Rotom\n|\n|win|oadalbas\n|raw|yamzinyobooty's rating: 1138 &rarr; <strong>1110</strong><br />(-28 for losing)\n|raw|oadalbas's rating: 1101 &rarr; <strong>1129</strong><br />(+28 for winning)\n",
  "uploadtime": 1775887282,
  "views": 12,
  "formatid": "gen9championsvgc2026regma",
  "rating": 1110,
  "private": 0,
  "password": null
}