{
  "id": "gen9championsvgc2026regma-2584845349",
  "format": "[Gen 9 Champions] VGC 2026 Reg M-A",
  "players": [
    "amongdripgoku",
    "Fay3r"
  ],
  "log": "|j|\u2606amongdripgoku\n|j|\u2606Fay3r\n|t:|1776288149\n|gametype|doubles\n|player|p1|amongdripgoku|170|1152\n|player|p2|Fay3r|266|1061\n|gen|9\n|tier|[Gen 9 Champions] VGC 2026 Reg M-A\n|rated|\n|rule|Species Clause: Limit one of each Pok\u00e9mon\n|rule|Item Clause: Limit 1 of each item\n|clearpoke\n|poke|p1|Pelipper, L50, M|\n|poke|p1|Gengar, L50, M|\n|poke|p1|Greninja-*, L50, F|\n|poke|p1|Basculegion, L50, M|\n|poke|p1|Archaludon, L50, M|\n|poke|p1|Decidueye-Hisui, L50, F|\n|poke|p2|Clefable, L50, M|\n|poke|p2|Incineroar, L50, F|\n|poke|p2|Torkoal, L50, F|\n|poke|p2|Venusaur, L50, M|\n|poke|p2|Vaporeon, L50, F|\n|poke|p2|Aerodactyl, L50, F|\n|teampreview|4\nFay3r rejected open team sheets.\n|inactive|Battle timer is ON: inactive players will automatically lose when time's up. (requested by amongdripgoku)\n|inactive|Fay3r has 60 seconds left.\n|inactive|Fay3r has 30 seconds left.\n|\n|t:|1776288247\n|teamsize|p1|4\n|teamsize|p2|4\n|start\n|switch|p1a: Archaludon|Archaludon, L50, M|100/100\n|switch|p1b: Greninja|Greninja, L50, F|100/100\n|switch|p2a: Incineroar|Incineroar, L50, F|100/100\n|switch|p2b: Torkoal|Torkoal, L50, F|100/100\n|-ability|p2a: Incineroar|Intimidate|boost\n|-unboost|p1a: Archaludon|atk|1\n|-unboost|p1b: Greninja|atk|1\n|-weather|SunnyDay|[from] ability: Drought|[of] p2b: Torkoal\n|turn|1\n|inactive|Fay3r has 30 seconds left.\n|\n|t:|1776288277\n|switch|p1a: Pelipper|Pelipper, L50, M|100/100\n|-weather|RainDance|[from] ability: Drizzle|[of] p1a: Pelipper\n|move|p2b: Torkoal|Protect|p2b: Torkoal\n|-singleturn|p2b: Torkoal|Protect\n|move|p2a: Incineroar|Fake Out|p1a: Pelipper\n|-damage|p1a: Pelipper|87/100\n|move|p1b: Greninja|Surf|p2b: Torkoal|[spread] p1a,p2a\n|-start|p1b: Greninja|typechange|Water|[from] ability: Protean\n|-activate|p2b: Torkoal|move: Protect\n|-resisted|p1a: Pelipper|1\n|-supereffective|p2a: Incineroar|1\n|-damage|p1a: Pelipper|68/100\n|-damage|p2a: Incineroar|2/100\n|-enditem|p2a: Incineroar|Sitrus Berry|[eat]\n|-heal|p2a: Incineroar|26/100|[from] item: Sitrus Berry\n|\n|-weather|RainDance|[upkeep]\n|upkeep\n|turn|2\n|inactive|Fay3r has 30 seconds left.\n|inactive|amongdripgoku has 30 seconds left.\n|inactive|Fay3r has 20 seconds left.\n|\n|t:|1776288314\n|switch|p2a: Vaporeon|Vaporeon, L50, F|100/100\n|switch|p2b: Venusaur|Venusaur, L50, M|100/100\n|move|p1b: Greninja|Surf|p2b: Venusaur|[spread] p1a,p2b\n|-immune|p2a: Vaporeon|[from] ability: Water Absorb\n|-resisted|p1a: Pelipper|1\n|-resisted|p2b: Venusaur|1\n|-damage|p1a: Pelipper|47/100\n|-damage|p2b: Venusaur|74/100\n|move|p1a: Pelipper|Hurricane|p2b: Venusaur\n|-supereffective|p2b: Venusaur|1\n|-damage|p2b: Venusaur|0 fnt\n|faint|p2b: Venusaur\n|\n|-weather|RainDance|[upkeep]\n|upkeep\n|\n|t:|1776288333\n|switch|p2b: Torkoal|Torkoal, L50, F|100/100\n|-weather|SunnyDay|[from] ability: Drought|[of] p2b: Torkoal\n|turn|3\n|\n|t:|1776288343\n|move|p2b: Torkoal|Protect|p2b: Torkoal\n|-singleturn|p2b: Torkoal|Protect\n|move|p1a: Pelipper|Wide Guard|p1a: Pelipper\n|-singleturn|p1a: Pelipper|Wide Guard\n|move|p1b: Greninja|U-turn|p2a: Vaporeon\n|-damage|p2a: Vaporeon|87/100\n|\n|t:|1776288352\n|switch|p1b: Archaludon|Archaludon, L50, M|100/100|[from] U-turn\n|move|p2a: Vaporeon|Ice Beam|p1a: Pelipper\n|-damage|p1a: Pelipper|21/100\n|\n|-weather|SunnyDay|[upkeep]\n|upkeep\n|turn|4\n|inactive|Fay3r has 30 seconds left.\n|\n|t:|1776288383\n|switch|p1a: Greninja|Greninja, L50, F|100/100\n|move|p1b: Archaludon|Protect|p1b: Archaludon\n|-singleturn|p1b: Archaludon|Protect\n|move|p2a: Vaporeon|Ice Beam|p1a: Greninja\n|-resisted|p1a: Greninja|1\n|-damage|p1a: Greninja|77/100\n|move|p2b: Torkoal|Eruption|p1a: Greninja|[spread] p1a\n|-activate|p1b: Archaludon|move: Protect\n|-resisted|p1a: Greninja|1\n|-damage|p1a: Greninja|5/100\n|\n|-weather|SunnyDay|[upkeep]\n|upkeep\n|turn|5\n|\n|t:|1776288407\n|move|p2a: Vaporeon|Protect|p2a: Vaporeon\n|-singleturn|p2a: Vaporeon|Protect\n|move|p1a: Greninja|U-turn|p2b: Torkoal\n|-start|p1a: Greninja|typechange|Bug|[from] ability: Protean\n|-resisted|p2b: Torkoal|1\n|-damage|p2b: Torkoal|94/100\n|\n|t:|1776288411\n|switch|p1a: Pelipper|Pelipper, L50, M|21/100|[from] U-turn\n|-weather|RainDance|[from] ability: Drizzle|[of] p1a: Pelipper\n|move|p1b: Archaludon|Electro Shot||[still]\n|-prepare|p1b: Archaludon|Electro Shot\n|-boost|p1b: Archaludon|spa|1\n|-anim|p1b: Archaludon|Electro Shot|p2a: Vaporeon\n|-activate|p2a: Vaporeon|move: Protect\n|move|p2b: Torkoal|Eruption|p1b: Archaludon|[spread] p1a,p1b\n|-resisted|p1a: Pelipper|1\n|-crit|p1a: Pelipper\n|-damage|p1a: Pelipper|1/100\n|-damage|p1b: Archaludon|73/100\n|\n|-weather|RainDance|[upkeep]\n|upkeep\n|turn|6\n|inactive|Fay3r has 30 seconds left.\n|inactive|Fay3r has 20 seconds left.\n|inactive|Fay3r has 15 seconds left.\n|inactive|Fay3r has 10 seconds left.\n|inactive|Fay3r has 5 seconds left.\n|\n|t:|1776288464\n|switch|p2b: Incineroar|Incineroar, L50, F|26/100\n|-ability|p2b: Incineroar|Intimidate|boost\n|-unboost|p1a: Pelipper|atk|1\n|-unboost|p1b: Archaludon|atk|1\n|move|p2a: Vaporeon|Ice Beam|p1a: Pelipper\n|-damage|p1a: Pelipper|0 fnt\n|faint|p1a: Pelipper\n|move|p1b: Archaludon|Electro Shot||[still]\n|-prepare|p1b: Archaludon|Electro Shot\n|-boost|p1b: Archaludon|spa|1\n|-anim|p1b: Archaludon|Electro Shot|p2a: Vaporeon\n|-supereffective|p2a: Vaporeon|1\n|-damage|p2a: Vaporeon|0 fnt\n|faint|p2a: Vaporeon\n|\n|-weather|RainDance|[upkeep]\n|upkeep\n|\n|t:|1776288481\n|switch|p2a: Torkoal|Torkoal, L50, F|94/100\n|switch|p1a: Basculegion|Basculegion, L50, M|100/100\n|-weather|SunnyDay|[from] ability: Drought|[of] p2a: Torkoal\n|turn|7\n|\n|t:|1776288497\n|move|p2b: Incineroar|Fake Out|p1b: Archaludon\n|-resisted|p1b: Archaludon|1\n|-damage|p1b: Archaludon|67/100\n|move|p1a: Basculegion|Aqua Jet|p2a: Torkoal\n|-supereffective|p2a: Torkoal|1\n|-damage|p2a: Torkoal|80/100\n|cant|p1b: Archaludon|flinch\n|move|p2a: Torkoal|Eruption|p1b: Archaludon|[spread] p1a,p1b\n|-resisted|p1a: Basculegion|1\n|-damage|p1a: Basculegion|63/100\n|-damage|p1b: Archaludon|0 fnt\n|faint|p1b: Archaludon\n|\n|-weather|SunnyDay|[upkeep]\n|upkeep\n|\n|t:|1776288503\n|switch|p1b: Greninja|Greninja, L50, F|5/100\n|turn|8\n|\n|t:|1776288515\n|detailschange|p1b: Greninja|Greninja-Mega, L50, F\n|-mega|p1b: Greninja|Greninja|Greninjite\n|move|p2a: Torkoal|Protect|p2a: Torkoal\n|-singleturn|p2a: Torkoal|Protect\n|move|p1b: Greninja|Surf|p2b: Incineroar|[spread] p1a,p2b\n|-start|p1b: Greninja|typechange|Water|[from] ability: Protean\n|-activate|p2a: Torkoal|move: Protect\n|-resisted|p1a: Basculegion|1\n|-supereffective|p2b: Incineroar|1\n|-damage|p1a: Basculegion|53/100\n|-damage|p2b: Incineroar|0 fnt\n|faint|p2b: Incineroar\n|move|p1a: Basculegion|Wave Crash|p2a: Torkoal\n|-activate|p2a: Torkoal|move: Protect\n|\n|-weather|SunnyDay|[upkeep]\n|upkeep\n|turn|9\n|\n|t:|1776288529\n|move|p1b: Greninja|Surf|p2a: Torkoal|[spread] p1a,p2a\n|-resisted|p1a: Basculegion|1\n|-supereffective|p2a: Torkoal|1\n|-damage|p1a: Basculegion|42/100\n|-damage|p2a: Torkoal|35/100\n|move|p1a: Basculegion|Last Respects|p2a: Torkoal\n|-damage|p2a: Torkoal|0 fnt\n|faint|p2a: Torkoal\n|\n|win|amongdripgoku\n|raw|amongdripgoku's rating: 1152 &rarr; <strong>1171</strong><br />(+19 for winning)\n|raw|Fay3r's rating: 1061 &rarr; <strong>1047</strong><br />(-14 for losing)\n",
  "uploadtime": 1776288529,
  "views": 21,
  "formatid": "gen9championsvgc2026regma",
  "rating": 1047,
  "private": 0,
  "password": null
}