{
  "id": "gen9championsvgc2026regma-2581954539",
  "format": "[Gen 9 Champions] VGC 2026 Reg M-A",
  "players": [
    "Its Sushiii",
    "KangarooToodleloo"
  ],
  "log": "|j|\u2606Its Sushiii\n|j|\u2606KangarooToodleloo\n|t:|1776042917\n|gametype|doubles\n|player|p1|Its Sushiii|169|1132\n|player|p2|KangarooToodleloo|blue-masters|1143\n|gen|9\n|tier|[Gen 9 Champions] VGC 2026 Reg M-A\n|rated|\n|rule|Species Clause: Limit one of each Pok\u00e9mon\n|rule|Item Clause: Limit 1 of each item\n|clearpoke\n|poke|p1|Scovillain, L50, M|\n|poke|p1|Mamoswine, L50, M|\n|poke|p1|Samurott-Hisui, L50, M|\n|poke|p1|Tyranitar, L50, M|\n|poke|p1|Sneasler, L50, F|\n|poke|p1|Aerodactyl, L50, M|\n|poke|p2|Gyarados, L50, M|\n|poke|p2|Incineroar, L50, F|\n|poke|p2|Gengar, L50, F|\n|poke|p2|Kommo-o, L50, F|\n|poke|p2|Sinistcha-Masterpiece, L50|\n|poke|p2|Kangaskhan, L50, F|\n|teampreview|4\n|inactive|Battle timer is ON: inactive players will automatically lose when time's up. (requested by Its Sushiii)\n|inactive|Its Sushiii has 60 seconds left.\n|inactive|KangarooToodleloo has 60 seconds left.\n|\n|t:|1776042975\n|teamsize|p1|4\n|teamsize|p2|4\n|start\n|switch|p1a: Aerodactyl|Aerodactyl, L50, M|100/100\n|switch|p1b: Mamoswine|Mamoswine, L50, M|100/100\n|switch|p2a: Incineroar|Incineroar, L50, F|100/100\n|switch|p2b: Kangaskhan|Kangaskhan, L50, F|100/100\n|-ability|p1a: Aerodactyl|Unnerve\n|-ability|p2a: Incineroar|Intimidate|boost\n|-unboost|p1a: Aerodactyl|atk|1\n|-fail|p1b: Mamoswine|unboost|Attack|[from] ability: Oblivious|[of] p1b: Mamoswine\n|turn|1\n|\n|t:|1776042991\n|switch|p2a: Gyarados|Gyarados, L50, M|100/100\n|-ability|p2a: Gyarados|Intimidate|boost\n|-unboost|p1a: Aerodactyl|atk|1\n|-fail|p1b: Mamoswine|unboost|Attack|[from] ability: Oblivious|[of] p1b: Mamoswine\n|detailschange|p2b: Kangaskhan|Kangaskhan-Mega, L50, F\n|-mega|p2b: Kangaskhan|Kangaskhan|Kangaskhanite\n|move|p1b: Mamoswine|Protect|p1b: Mamoswine\n|-singleturn|p1b: Mamoswine|Protect\n|move|p1a: Aerodactyl|Protect|p1a: Aerodactyl\n|-singleturn|p1a: Aerodactyl|Protect\n|move|p2b: Kangaskhan|Low Kick|p1b: Mamoswine\n|-activate|p1b: Mamoswine|move: Protect\n|\n|upkeep\n|turn|2\n|inactive|Its Sushiii has 30 seconds left.\n|\n|t:|1776043023\n|switch|p1b: Sneasler|Sneasler, L50, F|100/100\n|move|p1a: Aerodactyl|Tailwind|p1a: Aerodactyl\n|-sidestart|p1: Its Sushiii|move: Tailwind\n|move|p2b: Kangaskhan|Low Kick|p1b: Sneasler\n|-resisted|p1b: Sneasler|1\n|-damage|p1b: Sneasler|83/100\n|-resisted|p1b: Sneasler|1\n|-damage|p1b: Sneasler|79/100\n|-hitcount|p1b: Sneasler|2\n|move|p2a: Gyarados|Waterfall|p1a: Aerodactyl\n|-supereffective|p1a: Aerodactyl|1\n|-enditem|p1a: Aerodactyl|Focus Sash\n|-damage|p1a: Aerodactyl|1/100\n|\n|upkeep\n|turn|3\n|inactive|Its Sushiii has 30 seconds left.\n|\n|t:|1776043056\n|switch|p2b: Sinistcha|Sinistcha-Masterpiece, L50|100/100\n|switch|p2a: Incineroar|Incineroar, L50, F|100/100\n|-ability|p2a: Incineroar|Intimidate|boost\n|-unboost|p1a: Aerodactyl|atk|1\n|-unboost|p1b: Sneasler|atk|1\n|-enditem|p1b: Sneasler|White Herb\n|-clearnegativeboost|p1b: Sneasler|[silent]\n|move|p1b: Sneasler|Fake Out|p2a: Incineroar\n|-damage|p2a: Incineroar|85/100\n|move|p1a: Aerodactyl|Rock Slide|p2b: Sinistcha|[spread] p2a,p2b\n|-supereffective|p2a: Incineroar|1\n|-damage|p2a: Incineroar|66/100\n|-damage|p2b: Sinistcha|92/100\n|\n|upkeep\n|turn|4\n|\n|t:|1776043076\n|switch|p1a: Scovillain|Scovillain, L50, M|100/100\n|move|p1b: Sneasler|Protect|p1b: Sneasler\n|-singleturn|p1b: Sneasler|Protect\n|move|p2a: Incineroar|Fake Out|p1b: Sneasler\n|-activate|p1b: Sneasler|move: Protect\n|move|p2b: Sinistcha|Trick Room|p2b: Sinistcha\n|-fieldstart|move: Trick Room|[of] p2b: Sinistcha\n|\n|upkeep\n|turn|5\n|inactive|Its Sushiii has 30 seconds left.\n|\n|t:|1776043104\n|switch|p2b: Gyarados|Gyarados, L50, M|100/100\n|-ability|p2b: Gyarados|Intimidate|boost\n|-unboost|p1a: Scovillain|atk|1\n|-unboost|p1b: Sneasler|atk|1\n|detailschange|p1a: Scovillain|Scovillain-Mega, L50, M\n|-mega|p1a: Scovillain|Scovillain|Scovillainite\n|move|p2a: Incineroar|Parting Shot|p1b: Sneasler\n|-unboost|p1b: Sneasler|atk|1\n|-unboost|p1b: Sneasler|spa|1\n|\n|t:|1776043111\n|switch|p2a: Sinistcha|Sinistcha-Masterpiece, L50|92/100|[from] Parting Shot\n|move|p1a: Scovillain|Flamethrower|p2b: Gyarados\n|-resisted|p2b: Gyarados|1\n|-damage|p2b: Gyarados|83/100\n|move|p1b: Sneasler|Close Combat|p2a: Sinistcha\n|-immune|p2a: Sinistcha\n|\n|-sideend|p1: Its Sushiii|move: Tailwind\n|upkeep\n|turn|6\n|inactive|Its Sushiii has 30 seconds left.\n|\n|t:|1776043140\n|switch|p2a: Incineroar|Incineroar, L50, F|66/100\n|-ability|p2a: Incineroar|Intimidate|boost\n|-unboost|p1a: Scovillain|atk|1\n|-unboost|p1b: Sneasler|atk|1\n|switch|p1b: Mamoswine|Mamoswine, L50, M|100/100\n|move|p1a: Scovillain|Flamethrower|p2a: Incineroar\n|-resisted|p2a: Incineroar|1\n|-damage|p2a: Incineroar|49/100\n|-enditem|p2a: Incineroar|Sitrus Berry|[eat]\n|-heal|p2a: Incineroar|73/100|[from] item: Sitrus Berry\n|move|p2b: Gyarados|Waterfall|p1a: Scovillain\n|-damage|p1a: Scovillain|67/100\n|-status|p2b: Gyarados|brn|[from] ability: Spicy Spray|[of] p1a: Scovillain\n|-enditem|p2b: Gyarados|Lum Berry|[eat]\n|-curestatus|p2b: Gyarados|brn|[msg]\n|\n|upkeep\n|turn|7\n|inactive|Its Sushiii has 30 seconds left.\n|\n|t:|1776043173\n|move|p1a: Scovillain|Protect|p1a: Scovillain\n|-singleturn|p1a: Scovillain|Protect\n|move|p2a: Incineroar|Parting Shot|p1b: Mamoswine\n|-unboost|p1b: Mamoswine|atk|1\n|-unboost|p1b: Mamoswine|spa|1\n|\n|t:|1776043180\n|switch|p2a: Sinistcha|Sinistcha-Masterpiece, L50|92/100|[from] Parting Shot\n|-heal|p2b: Gyarados|100/100|[from] ability: Hospitality|[of] p2a: Sinistcha\n|move|p2b: Gyarados|Waterfall|p1b: Mamoswine\n|-supereffective|p1b: Mamoswine|1\n|-damage|p1b: Mamoswine|6/100\n|move|p1b: Mamoswine|High Horsepower|p2a: Sinistcha\n|-resisted|p2a: Sinistcha|1\n|-damage|p2a: Sinistcha|76/100\n|\n|upkeep\n|turn|8\n|-message|Its Sushiii forfeited.\n|\n|win|KangarooToodleloo\n|raw|Its Sushiii's rating: 1132 &rarr; <strong>1108</strong><br />(-24 for losing)\n|raw|KangarooToodleloo's rating: 1143 &rarr; <strong>1167</strong><br />(+24 for winning)\n|l|\u2606Its Sushiii\n|player|p1|\n|l|\u2606KangarooToodleloo\n|player|p2|\n|j|\u2606KangarooToodleloo\n|player|p2|KangarooToodleloo|blue-masters|\n",
  "uploadtime": 1776043188,
  "views": 24,
  "formatid": "gen9championsvgc2026regma",
  "rating": 1108,
  "private": 0,
  "password": null
}