{
  "id": "gen9championsvgc2026regma-2588011259",
  "format": "[Gen 9 Champions] VGC 2026 Reg M-A",
  "players": [
    "23456789XB",
    "PTSDofficial"
  ],
  "log": "|j|\u260623456789XB\n|j|\u2606PTSDofficial\n|t:|1776592623\n|gametype|doubles\n|player|p1|23456789XB|cynthia|1156\n|player|p2|PTSDofficial|veteran|1138\n|gen|9\n|tier|[Gen 9 Champions] VGC 2026 Reg M-A\n|rated|\n|rule|Species Clause: Limit one of each Pok\u00e9mon\n|rule|Item Clause: Limit 1 of each item\n|clearpoke\n|poke|p1|Slowbro, L50, F|\n|poke|p1|Goodra-Hisui, L50, F|\n|poke|p1|Incineroar, L50, M|\n|poke|p1|Sinistcha, L50|\n|poke|p1|Sneasler, L50, F|\n|poke|p1|Rotom-Heat, L50|\n|poke|p2|Chandelure, L50, M, shiny|\n|poke|p2|Garchomp, L50, M|\n|poke|p2|Whimsicott, L50, M|\n|poke|p2|Sneasler, L50, F|\n|poke|p2|Rotom-Wash, L50|\n|poke|p2|Kingambit, L50, F|\n|teampreview|4\n|inactive|Battle timer is ON: inactive players will automatically lose when time's up. (requested by 23456789XB)\n|inactive|PTSDofficial has 60 seconds left.\n|\n|t:|1776592662\n|teamsize|p1|4\n|teamsize|p2|4\n|start\n|switch|p1a: Slowvro|Slowbro, L50, F|100/100\n|switch|p1b: Air fryer|Rotom-Heat, L50|100/100\n|switch|p2a: Garchomp|Garchomp, L50, M|100/100\n|switch|p2b: Rotom|Rotom-Wash, L50|100/100\n|turn|1\n|\n|t:|1776592681\n|detailschange|p1a: Slowvro|Slowbro-Mega, L50, F\n|-mega|p1a: Slowvro|Slowbro|Slowbronite\n|move|p1b: Air fryer|Volt Switch|p2b: Rotom\n|-damage|p2b: Rotom|64/100\n|\n|t:|1776592686\n|switch|p1b: Wolfe bot|Incineroar, L50, M|100/100|[from] Volt Switch\n|-ability|p1b: Wolfe bot|Intimidate|boost\n|-unboost|p2a: Garchomp|atk|1\n|-unboost|p2b: Rotom|atk|1\n|move|p2b: Rotom|Electroweb|p1a: Slowvro|[spread] p1a,p1b\n|-supereffective|p1a: Slowvro|1\n|-damage|p1a: Slowvro|67/100\n|-damage|p1b: Wolfe bot|86/100\n|-unboost|p1a: Slowvro|spe|1\n|-unboost|p1b: Wolfe bot|spe|1\n|move|p2a: Garchomp|Rock Slide|p1b: Wolfe bot|[spread] p1a,p1b\n|-supereffective|p1b: Wolfe bot|1\n|-damage|p1a: Slowvro|60/100\n|-damage|p1b: Wolfe bot|61/100\n|cant|p1a: Slowvro|flinch\n|\n|upkeep\n|turn|2\n|\n|t:|1776592705\n|move|p1b: Wolfe bot|Fake Out|p2b: Rotom\n|-damage|p2b: Rotom|53/100\n|cant|p2b: Rotom|flinch\n|move|p2a: Garchomp|Earthquake|p1b: Wolfe bot|[spread] p1a,p1b\n|-immune|p2b: Rotom|[from] ability: Levitate\n|-supereffective|p1b: Wolfe bot|1\n|-damage|p1a: Slowvro|47/100\n|-damage|p1b: Wolfe bot|10/100\n|-enditem|p1b: Wolfe bot|Sitrus Berry|[eat]\n|-heal|p1b: Wolfe bot|35/100|[from] item: Sitrus Berry\n|move|p1a: Slowvro|Calm Mind|p1a: Slowvro\n|-boost|p1a: Slowvro|spa|1\n|-boost|p1a: Slowvro|spd|1\n|\n|upkeep\n|turn|3\n|\n|t:|1776592718\n|move|p1a: Slowvro|Protect|p1a: Slowvro\n|-singleturn|p1a: Slowvro|Protect\n|move|p2b: Rotom|Electroweb|p1a: Slowvro|[spread] p1b\n|-activate|p1a: Slowvro|move: Protect\n|-crit|p1b: Wolfe bot\n|-damage|p1b: Wolfe bot|16/100\n|-unboost|p1b: Wolfe bot|spe|1\n|move|p2a: Garchomp|Earthquake|p1a: Slowvro|[spread] p1b\n|-activate|p1a: Slowvro|move: Protect\n|-immune|p2b: Rotom|[from] ability: Levitate\n|-supereffective|p1b: Wolfe bot|1\n|-damage|p1b: Wolfe bot|0 fnt\n|faint|p1b: Wolfe bot\n|\n|upkeep\n|\n|t:|1776592721\n|switch|p1b: Health pack|Sinistcha, L50|100/100\n|-heal|p1a: Slowvro|71/100|[from] ability: Hospitality|[of] p1b: Health pack\n|turn|4\n|\n|t:|1776592745\n|switch|p2b: I love lamp|Chandelure, L50, M, shiny|100/100\n|move|p2a: Garchomp|Rock Slide|p1b: Health pack|[spread] p1a,p1b\n|-damage|p1a: Slowvro|65/100\n|-damage|p1b: Health pack|89/100\n|move|p1b: Health pack|Matcha Gotcha|p2b: I love lamp|[spread] p2a,p2b\n|-resisted|p2b: I love lamp|1\n|-crit|p2b: I love lamp\n|-damage|p2a: Garchomp|73/100\n|-heal|p1b: Health pack|100/100|[from] drain|[of] p2a: Garchomp\n|-damage|p2b: I love lamp|80/100\n|move|p1a: Slowvro|Psychic|p2a: Garchomp\n|-crit|p2a: Garchomp\n|-damage|p2a: Garchomp|0 fnt\n|faint|p2a: Garchomp\n|\n|upkeep\n|\n|t:|1776592762\n|switch|p2a: Let's Go Gambling|Sneasler, L50, F|100/100\n|turn|5\n|\n|t:|1776592776\n|detailschange|p2b: I love lamp|Chandelure-Mega, L50, M, shiny\n|-mega|p2b: I love lamp|Chandelure|Chandelurite\n|move|p1a: Slowvro|Protect|p1a: Slowvro\n|-singleturn|p1a: Slowvro|Protect\n|move|p2a: Let's Go Gambling|Fake Out|p1a: Slowvro\n|-activate|p1a: Slowvro|move: Protect\n|move|p2b: I love lamp|Shadow Ball|p1a: Slowvro\n|-activate|p1a: Slowvro|move: Protect\n|move|p1b: Health pack|Trick Room|p1b: Health pack\n|-fieldstart|move: Trick Room|[of] p1b: Health pack\n|\n|upkeep\n|turn|6\n|\n|t:|1776592799\n|move|p2b: I love lamp|Protect|p2b: I love lamp\n|-singleturn|p2b: I love lamp|Protect\n|move|p1b: Health pack|Rage Powder|p1b: Health pack\n|-singleturn|p1b: Health pack|move: Rage Powder\n|move|p1a: Slowvro|Scald|p2b: I love lamp\n|-activate|p2b: I love lamp|move: Protect\n|move|p2a: Let's Go Gambling|Dire Claw|p1b: Health pack\n|-damage|p1b: Health pack|62/100\n|\n|upkeep\n|turn|7\n|\n|t:|1776592815\n|move|p1a: Slowvro|Psychic|p2a: Let's Go Gambling\n|-supereffective|p2a: Let's Go Gambling|2\n|-damage|p2a: Let's Go Gambling|0 fnt\n|faint|p2a: Let's Go Gambling\n|move|p1b: Health pack|Life Dew|p1b: Health pack|[spread] p1a,p1b\n|-heal|p1a: Slowvro|90/100\n|-heal|p1b: Health pack|87/100\n|move|p2b: I love lamp|Shadow Ball|p1a: Slowvro\n|-supereffective|p1a: Slowvro|1\n|-damage|p1a: Slowvro|36/100\n|-unboost|p1a: Slowvro|spd|1\n|\n|upkeep\n|\n|t:|1776592826\n|switch|p2a: Rotom|Rotom-Wash, L50|53/100\n|turn|8\n|\n|t:|1776592851\n|move|p1b: Health pack|Rage Powder|p1b: Health pack\n|-singleturn|p1b: Health pack|move: Rage Powder\n|move|p1a: Slowvro|Psychic|p2a: Rotom\n|-crit|p2a: Rotom\n|-damage|p2a: Rotom|0 fnt\n|faint|p2a: Rotom\n|move|p2b: I love lamp|Shadow Ball|p1b: Health pack\n|-supereffective|p1b: Health pack|1\n|-damage|p1b: Health pack|5/100\n|-unboost|p1b: Health pack|spd|1\n|\n|upkeep\n|turn|9\n|\n|t:|1776592863\n|move|p1b: Health pack|Rage Powder|p1b: Health pack\n|-singleturn|p1b: Health pack|move: Rage Powder\n|move|p1a: Slowvro|Scald|p2b: I love lamp\n|-supereffective|p2b: I love lamp|1\n|-crit|p2b: I love lamp\n|-damage|p2b: I love lamp|0 fnt\n|faint|p2b: I love lamp\n|\n|win|23456789XB\n|raw|23456789XB's rating: 1156 &rarr; <strong>1180</strong><br />(+24 for winning)\n|raw|PTSDofficial's rating: 1138 &rarr; <strong>1114</strong><br />(-24 for losing)\n|l|\u2606PTSDofficial\n|player|p2|\n",
  "uploadtime": 1776592873,
  "views": 11,
  "formatid": "gen9championsvgc2026regma",
  "rating": 1114,
  "private": 0,
  "password": null
}