{
  "id": "gen9championsvgc2026regma-2583620583",
  "format": "[Gen 9 Champions] VGC 2026 Reg M-A",
  "players": [
    "Kirbo5500",
    "asawqwsasd"
  ],
  "log": "|j|\u2606Kirbo5500\n|j|\u2606asawqwsasd\n|t:|1776187005\n|gametype|doubles\n|player|p1|Kirbo5500|2|1000\n|player|p2|asawqwsasd|169|1000\n|gen|9\n|tier|[Gen 9 Champions] VGC 2026 Reg M-A\n|rated|\n|rule|Species Clause: Limit one of each Pok\u00e9mon\n|rule|Item Clause: Limit 1 of each item\n|clearpoke\n|poke|p1|Meganium, L50, M|\n|poke|p1|Primarina, L50, M|\n|poke|p1|Incineroar, L50, M|\n|poke|p1|Hawlucha, L50, M|\n|poke|p1|Garchomp, L50, M|\n|poke|p1|Zoroark-Hisui, L50, M|\n|poke|p2|Rotom-Wash, L50|\n|poke|p2|Garchomp, L50, M|\n|poke|p2|Tyranitar, L50, M|\n|poke|p2|Sneasler, L50, F|\n|poke|p2|Sinistcha, L50|\n|poke|p2|Corviknight, L50, F|\n|teampreview|4\n|\n|t:|1776187032\n|teamsize|p1|4\n|teamsize|p2|4\n|start\n|switch|p1a: Garchomp|Garchomp, L50, M|100/100\n|switch|p1b: Primarina|Primarina, L50, M|100/100\n|switch|p2a: Tyranitar|Tyranitar, L50, M|100/100\n|switch|p2b: Garchomp|Garchomp, L50, M|100/100\n|-weather|Sandstorm|[from] ability: Sand Stream|[of] p2a: Tyranitar\n|turn|1\n|\n|t:|1776187064\n|switch|p2a: Corviknight|Corviknight, L50, F|100/100\n|-ability|p2a: Corviknight|Pressure\n|move|p2b: Garchomp|Protect|p2b: Garchomp\n|-singleturn|p2b: Garchomp|Protect\n|move|p1a: Garchomp|Stealth Rock|p2b: Garchomp\n|-sidestart|p2: asawqwsasd|move: Stealth Rock\n|move|p1b: Primarina|Hyper Voice|p2b: Garchomp|[spread] p2a\n|-activate|p2b: Garchomp|move: Protect\n|-damage|p2a: Corviknight|65/100\n|\n|-weather|Sandstorm|[upkeep]\n|-damage|p1b: Primarina|95/100|[from] Sandstorm\n|-heal|p2a: Corviknight|71/100|[from] item: Leftovers\n|upkeep\n|turn|2\n|\n|t:|1776187090\n|switch|p2b: Sneasler|Sneasler, L50, F|100/100\n|-damage|p2b: Sneasler|95/100|[from] Stealth Rock\n|move|p1a: Garchomp|Breaking Swipe|p2b: Sneasler|[spread] p2a,p2b\n|-resisted|p2a: Corviknight|1\n|-damage|p2a: Corviknight|65/100\n|-damage|p2b: Sneasler|59/100\n|-unboost|p2a: Corviknight|atk|1\n|-unboost|p2b: Sneasler|atk|1\n|-enditem|p2b: Sneasler|White Herb\n|-clearnegativeboost|p2b: Sneasler|[silent]\n|move|p2a: Corviknight|Tailwind|p2a: Corviknight\n|-sidestart|p2: asawqwsasd|move: Tailwind\n|move|p1b: Primarina|Moonblast|p2b: Sneasler\n|-damage|p2b: Sneasler|8/100\n|\n|-weather|Sandstorm|[upkeep]\n|-damage|p2b: Sneasler|2/100|[from] Sandstorm\n|-damage|p1b: Primarina|89/100|[from] Sandstorm\n|-heal|p2a: Corviknight|71/100|[from] item: Leftovers\n|upkeep\n|turn|3\n|\n|t:|1776187117\n|switch|p2a: Tyranitar|Tyranitar, L50, M|100/100\n|-damage|p2a: Tyranitar|88/100|[from] Stealth Rock\n|move|p1a: Garchomp|Protect|p1a: Garchomp\n|-singleturn|p1a: Garchomp|Protect\n|move|p2b: Sneasler|Dire Claw|p1b: Primarina\n|-supereffective|p1b: Primarina|1\n|-damage|p1b: Primarina|0 fnt\n|faint|p1b: Primarina\n|\n|-weather|Sandstorm|[upkeep]\n|-damage|p2b: Sneasler|0 fnt|[from] Sandstorm\n|faint|p2b: Sneasler\n|upkeep\n|\n|t:|1776187133\n|switch|p2b: Corviknight|Corviknight, L50, F|71/100\n|switch|p1b: Meganium|Meganium, L50, M|100/100\n|-damage|p2b: Corviknight|59/100|[from] Stealth Rock\n|-ability|p2b: Corviknight|Pressure\n|turn|4\n|\n|t:|1776187161\n|detailschange|p1b: Meganium|Meganium-Mega, L50, M\n|-mega|p1b: Meganium|Meganium|Meganiumite\n|move|p2a: Tyranitar|Rock Slide|p1a: Garchomp|[spread] p1a,p1b\n|-resisted|p1a: Garchomp|1\n|-damage|p1a: Garchomp|87/100\n|-damage|p1b: Meganium|69/100\n|move|p2b: Corviknight|Iron Defense|p2b: Corviknight\n|-boost|p2b: Corviknight|def|2\n|move|p1a: Garchomp|Breaking Swipe|p2a: Tyranitar|[spread] p2a,p2b\n|-resisted|p2b: Corviknight|1\n|-damage|p2a: Tyranitar|71/100\n|-damage|p2b: Corviknight|56/100\n|-unboost|p2a: Tyranitar|atk|1\n|-unboost|p2b: Corviknight|atk|1\n|move|p1b: Meganium|Solar Beam||[still]\n|-prepare|p1b: Meganium|Solar Beam\n|-activate|p1b: Meganium|ability: Mega Sol\n|-anim|p1b: Meganium|Solar Beam|p2a: Tyranitar\n|-supereffective|p2a: Tyranitar|1\n|-damage|p2a: Tyranitar|0 fnt\n|faint|p2a: Tyranitar\n|\n|-weather|Sandstorm|[upkeep]\n|-damage|p1b: Meganium|64/100|[from] Sandstorm\n|-heal|p2b: Corviknight|62/100|[from] item: Leftovers\n|upkeep\n|\n|t:|1776187180\n|switch|p2a: Garchomp|Garchomp, L50, M|100/100\n|-damage|p2a: Garchomp|94/100|[from] Stealth Rock\n|turn|5\n|\n|t:|1776187194\n|move|p2a: Garchomp|Dragon Claw|p1a: Garchomp\n|-supereffective|p1a: Garchomp|1\n|-damage|p1a: Garchomp|21/100\n|-damage|p2a: Garchomp|82/100|[from] ability: Rough Skin|[of] p1a: Garchomp\n|move|p2b: Corviknight|Iron Head|p1b: Meganium\n|-supereffective|p1b: Meganium|1\n|-damage|p1b: Meganium|29/100\n|move|p1a: Garchomp|Breaking Swipe|p2a: Garchomp|[spread] p2a,p2b\n|-supereffective|p2a: Garchomp|1\n|-resisted|p2b: Corviknight|1\n|-crit|p2b: Corviknight\n|-damage|p2a: Garchomp|43/100\n|-damage|p2b: Corviknight|54/100\n|-unboost|p2a: Garchomp|atk|1\n|-unboost|p2b: Corviknight|atk|1\n|move|p1b: Meganium|Weather Ball|p2b: Corviknight\n|-supereffective|p2b: Corviknight|1\n|-damage|p2b: Corviknight|0 fnt\n|faint|p2b: Corviknight\n|\n|-weather|none\n|-sideend|p2: asawqwsasd|move: Tailwind\n|upkeep\n|turn|6\n|\n|t:|1776187215\n|move|p2a: Garchomp|Dragon Claw|p1a: Garchomp\n|-supereffective|p1a: Garchomp|1\n|-damage|p1a: Garchomp|0 fnt\n|-damage|p2a: Garchomp|31/100|[from] ability: Rough Skin|[of] p1a: Garchomp\n|faint|p1a: Garchomp\n|move|p1b: Meganium|Synthesis|p1b: Meganium\n|-heal|p1b: Meganium|96/100\n|\n|upkeep\n|\n|t:|1776187218\n|switch|p1a: Incineroar|Incineroar, L50, M|100/100\n|-ability|p1a: Incineroar|Intimidate|boost\n|-unboost|p2a: Garchomp|atk|1\n|turn|7\n|\n|t:|1776187227\n|move|p2a: Garchomp|Dragon Claw|p1a: Incineroar\n|-damage|p1a: Incineroar|82/100\n|move|p1b: Meganium|Ancient Power|p2a: Garchomp\n|-resisted|p2a: Garchomp|1\n|-damage|p2a: Garchomp|19/100\n|move|p1a: Incineroar|Will-O-Wisp|p2a: Garchomp\n|-status|p2a: Garchomp|brn\n|\n|-damage|p2a: Garchomp|13/100 brn|[from] brn\n|upkeep\n|turn|8\n|-message|asawqwsasd forfeited.\n|\n|win|Kirbo5500\n|raw|Kirbo5500's rating: 1000 &rarr; <strong>1040</strong><br />(+40 for winning)\n|raw|asawqwsasd's rating: 1000 &rarr; <strong>1000</strong><br />(+0 for losing)\n|l|\u2606asawqwsasd\n|player|p2|\n",
  "uploadtime": 1776187240,
  "views": 29,
  "formatid": "gen9championsvgc2026regma",
  "rating": 1000,
  "private": 0,
  "password": null
}