{
  "id": "gen9championsvgc2026regma-2586938566",
  "format": "[Gen 9 Champions] VGC 2026 Reg M-A",
  "players": [
    "tism VGC",
    "mrguy888"
  ],
  "log": "|j|\u2606tism VGC\n|j|\u2606mrguy888\n|t:|1776473679\n|gametype|doubles\n|player|p1|tism VGC|clown|1274\n|player|p2|mrguy888|noland-gen3|1262\n|gen|9\n|tier|[Gen 9 Champions] VGC 2026 Reg M-A\n|rated|\n|rule|Species Clause: Limit one of each Pok\u00e9mon\n|rule|Item Clause: Limit 1 of each item\n|clearpoke\n|poke|p1|Gyarados, L50, F|\n|poke|p1|Corviknight, L50, F|\n|poke|p1|Garchomp, L50, F|\n|poke|p1|Delphox, L50, M|\n|poke|p1|Sinistcha, L50|\n|poke|p1|Incineroar, L50, M|\n|poke|p2|Floette-Eternal, L50, F|\n|poke|p2|Aerodactyl, L50, M|\n|poke|p2|Tauros-Paldea-Aqua, L50, M|\n|poke|p2|Kangaskhan, L50, F|\n|poke|p2|Rotom-Heat, L50|\n|poke|p2|Aegislash, L50, F|\n|teampreview|4\n|inactive|Battle timer is ON: inactive players will automatically lose when time's up. (requested by mrguy888)\n|inactive|tism VGC has 60 seconds left.\n|inactive|mrguy888 has 60 seconds left.\n|inactive|tism VGC has 30 seconds left.\n|\n|t:|1776473739\n|teamsize|p1|4\n|teamsize|p2|4\n|start\n|switch|p1a: Gyarados|Gyarados, L50, F|100/100\n|switch|p1b: Incineroar|Incineroar, L50, M|100/100\n|switch|p2a: Rotom|Rotom-Heat, L50|100/100\n|switch|p2b: Tauros|Tauros-Paldea-Aqua, L50, M|100/100\n|-ability|p2b: Tauros|Intimidate|boost\n|-unboost|p1a: Gyarados|atk|1\n|-unboost|p1b: Incineroar|atk|1\n|-ability|p1a: Gyarados|Intimidate|boost\n|-unboost|p2a: Rotom|atk|1\n|-unboost|p2b: Tauros|atk|1\n|-ability|p1b: Incineroar|Intimidate|boost\n|-unboost|p2a: Rotom|atk|1\n|-unboost|p2b: Tauros|atk|1\n|-enditem|p2b: Tauros|White Herb\n|-clearnegativeboost|p2b: Tauros|[silent]\n|turn|1\n|inactive|tism VGC has 30 seconds left.\n|inactive|tism VGC has 20 seconds left.\n|inactive|tism VGC has 15 seconds left.\n|inactive|tism VGC has 10 seconds left.\n|inactive|tism VGC has 5 seconds left.\n|\n|t:|1776473793\n|detailschange|p1a: Gyarados|Gyarados-Mega, L50, F\n|-mega|p1a: Gyarados|Gyarados|Gyaradosite\n|-ability|p1a: Gyarados|Mold Breaker\n|move|p2a: Rotom|Electroweb|p1a: Gyarados|[spread] p1a,p1b\n|-supereffective|p1a: Gyarados|1\n|-damage|p1a: Gyarados|77/100\n|-damage|p1b: Incineroar|88/100\n|-unboost|p1a: Gyarados|spe|1\n|-unboost|p1b: Incineroar|spe|1\n|move|p2b: Tauros|Close Combat|p1b: Incineroar\n|-supereffective|p1b: Incineroar|1\n|-enditem|p1b: Incineroar|Chople Berry|[eat]\n|-enditem|p1b: Incineroar|Chople Berry|[weaken]\n|-damage|p1b: Incineroar|37/100\n|-unboost|p2b: Tauros|def|1\n|-unboost|p2b: Tauros|spd|1\n|move|p1a: Gyarados|Dragon Dance|p1a: Gyarados\n|-boost|p1a: Gyarados|atk|1\n|-boost|p1a: Gyarados|spe|1\n|move|p1b: Incineroar|Will-O-Wisp|p2b: Tauros\n|-status|p2b: Tauros|brn\n|\n|-damage|p2b: Tauros|95/100 brn|[from] brn\n|upkeep\n|turn|2\n|inactive|tism VGC has 30 seconds left.\n|inactive|tism VGC has 20 seconds left.\n|inactive|tism VGC has 15 seconds left.\n|inactive|tism VGC has 10 seconds left.\n|inactive|tism VGC has 5 seconds left.\n|\n|t:|1776473847\n|move|p2a: Rotom|Electroweb|p1a: Gyarados|[spread] p1a,p1b\n|-supereffective|p1a: Gyarados|1\n|-damage|p1a: Gyarados|53/100\n|-damage|p1b: Incineroar|25/100\n|-unboost|p1a: Gyarados|spe|1\n|-unboost|p1b: Incineroar|spe|1\n|move|p2b: Tauros|Close Combat|p1a: Gyarados\n|-supereffective|p1a: Gyarados|1\n|-damage|p1a: Gyarados|7/100\n|-unboost|p2b: Tauros|def|1\n|-unboost|p2b: Tauros|spd|1\n|move|p1a: Gyarados|Dragon Dance|p1a: Gyarados\n|-boost|p1a: Gyarados|atk|1\n|-boost|p1a: Gyarados|spe|1\n|move|p1b: Incineroar|Parting Shot|p2a: Rotom\n|-unboost|p2a: Rotom|atk|1\n|-unboost|p2a: Rotom|spa|1\n|\n|t:|1776473868\n|switch|p1b: Corviknight|Corviknight, L50, F|100/100|[from] Parting Shot\n|\n|-damage|p2b: Tauros|89/100 brn|[from] brn\n|upkeep\n|turn|3\n|\n|t:|1776473885\n|move|p1a: Gyarados|Protect|p1a: Gyarados\n|-singleturn|p1a: Gyarados|Protect\n|move|p2a: Rotom|Electroweb|p1b: Corviknight|[spread] \n|-activate|p1a: Gyarados|move: Protect\n|-miss|p2a: Rotom|p1b: Corviknight\n|move|p2b: Tauros|Wave Crash|p1b: Corviknight\n|-damage|p1b: Corviknight|78/100\n|-damage|p2b: Tauros|78/100 brn|[from] Recoil\n|move|p1b: Corviknight|Tailwind|p1b: Corviknight\n|-sidestart|p1: tism VGC|move: Tailwind\n|\n|-heal|p1b: Corviknight|83/100|[from] item: Leftovers\n|-damage|p2b: Tauros|72/100 brn|[from] brn\n|upkeep\n|turn|4\n|inactive|tism VGC has 30 seconds left.\n|inactive|tism VGC has 20 seconds left.\n|inactive|tism VGC has 15 seconds left.\n|inactive|tism VGC has 10 seconds left.\n|inactive|tism VGC has 5 seconds left.\n|\n|t:|1776473936\n|move|p2b: Tauros|Aqua Jet|p1a: Gyarados\n|-resisted|p1a: Gyarados|1\n|-damage|p1a: Gyarados|3/100\n|move|p1a: Gyarados|Waterfall|p2a: Rotom\n|-supereffective|p2a: Rotom|1\n|-damage|p2a: Rotom|0 fnt\n|faint|p2a: Rotom\n|move|p1b: Corviknight|Brave Bird|p2b: Tauros\n|-supereffective|p2b: Tauros|1\n|-damage|p2b: Tauros|0 fnt\n|faint|p2b: Tauros\n|-damage|p1b: Corviknight|66/100|[from] Recoil\n|\n|-heal|p1b: Corviknight|72/100|[from] item: Leftovers\n|upkeep\n|\n|t:|1776473946\n|switch|p2b: Floette|Floette-Eternal, L50, F|100/100\n|switch|p2a: Aegislash|Aegislash, L50, F|100/100\n|turn|5\n|inactive|tism VGC has 30 seconds left.\n|inactive|tism VGC has 20 seconds left.\n|inactive|tism VGC has 15 seconds left.\n|inactive|tism VGC has 10 seconds left.\n|inactive|tism VGC has 5 seconds left.\n|\n|t:|1776474001\n|detailschange|p2b: Floette|Floette-Mega, L50, F\n|-mega|p2b: Floette|Floette|Floettite\n|-ability|p2b: Floette|Fairy Aura\n|-formechange|p2a: Aegislash|Aegislash-Blade|\n|move|p2a: Aegislash|Shadow Sneak|p1a: Gyarados\n|-resisted|p1a: Gyarados|1\n|-damage|p1a: Gyarados|0 fnt\n|faint|p1a: Gyarados\n|move|p1b: Corviknight|Iron Defense|p1b: Corviknight\n|-boost|p1b: Corviknight|def|2\n|move|p2b: Floette|Moonblast|p1b: Corviknight\n|-resisted|p1b: Corviknight|1\n|-damage|p1b: Corviknight|35/100\n|\n|-heal|p1b: Corviknight|41/100|[from] item: Leftovers\n|upkeep\n|inactive|tism VGC has 30 seconds left.\n|inactive|tism VGC has 20 seconds left.\n|inactive|tism VGC has 15 seconds left.\n|\n|t:|1776474045\n|switch|p1a: Garchomp|Garchomp, L50, F|100/100\n|turn|6\n|\n|t:|1776474070\n|-formechange|p2a: Aegislash|Aegislash|\n|move|p2a: Aegislash|King's Shield|p2a: Aegislash\n|-singleturn|p2a: Aegislash|Protect\n|move|p1a: Garchomp|Earthquake|p2a: Aegislash|[spread] p2b\n|-activate|p2a: Aegislash|move: Protect\n|-immune|p1b: Corviknight\n|-damage|p2b: Floette|57/100\n|move|p1b: Corviknight|Brave Bird|p2b: Floette\n|-damage|p2b: Floette|5/100\n|-damage|p1b: Corviknight|26/100|[from] Recoil\n|move|p2b: Floette|Dazzling Gleam|p1b: Corviknight|[spread] p1a,p1b\n|-supereffective|p1a: Garchomp|1\n|-resisted|p1b: Corviknight|1\n|-damage|p1a: Garchomp|0 fnt\n|-damage|p1b: Corviknight|4/100\n|faint|p1a: Garchomp\n|\n|-heal|p1b: Corviknight|10/100|[from] item: Leftovers\n|-sideend|p1: tism VGC|move: Tailwind\n|upkeep\n|inactive|tism VGC has 30 seconds left.\n|inactive|tism VGC has 20 seconds left.\n|\n|t:|1776474105\n|switch|p1a: Incineroar|Incineroar, L50, M|25/100\n|-ability|p1a: Incineroar|Intimidate|boost\n|-unboost|p2a: Aegislash|atk|1\n|-unboost|p2b: Floette|atk|1\n|turn|7\n|inactive|tism VGC has 30 seconds left.\n|\n|t:|1776474134\n|move|p2b: Floette|Protect|p2b: Floette\n|-singleturn|p2b: Floette|Protect\n|move|p1a: Incineroar|Fake Out|p2b: Floette\n|-activate|p2b: Floette|move: Protect\n|-formechange|p2a: Aegislash|Aegislash-Blade|\n|move|p2a: Aegislash|Poltergeist|p1b: Corviknight\n|-activate|p1b: Corviknight|move: Poltergeist|Leftovers\n|-damage|p1b: Corviknight|0 fnt\n|faint|p1b: Corviknight\n|\n|upkeep\n|turn|8\n|\n|t:|1776474148\n|-formechange|p2a: Aegislash|Aegislash|\n|move|p2a: Aegislash|King's Shield|p2a: Aegislash\n|-singleturn|p2a: Aegislash|Protect\n|move|p2b: Floette|Moonblast|p1a: Incineroar\n|-damage|p1a: Incineroar|0 fnt\n|faint|p1a: Incineroar\n|\n|win|mrguy888\n|raw|tism VGC's rating: 1274 &rarr; <strong>1248</strong><br />(-26 for losing)\n|raw|mrguy888's rating: 1262 &rarr; <strong>1288</strong><br />(+26 for winning)\n|c|\u2606tism VGC|Gg\n|l|\u2606tism VGC\n|player|p1|\n",
  "uploadtime": 1776474156,
  "views": 30,
  "formatid": "gen9championsvgc2026regma",
  "rating": 1248,
  "private": 0,
  "password": null
}