{
  "id": "gen9championsvgc2026regma-2584349799",
  "format": "[Gen 9 Champions] VGC 2026 Reg M-A",
  "players": [
    "Gymnogyps",
    "PanchampionTime"
  ],
  "log": "|j|\u2606Gymnogyps\n|j|\u2606PanchampionTime\n|t:|1776253823\n|gametype|doubles\n|player|p1|Gymnogyps|101|1036\n|player|p2|PanchampionTime|clown|1080\n|gen|9\n|tier|[Gen 9 Champions] VGC 2026 Reg M-A\n|rated|\n|rule|Species Clause: Limit one of each Pok\u00e9mon\n|rule|Item Clause: Limit 1 of each item\n|clearpoke\n|poke|p1|Froslass, L50, F|\n|poke|p1|Orthworm, L50, F|\n|poke|p1|Basculegion, L50, M|\n|poke|p1|Incineroar, L50, F|\n|poke|p1|Garchomp, L50, F|\n|poke|p1|Rotom-Frost, L50|\n|poke|p2|Tyranitar, L50, M|\n|poke|p2|Excadrill, L50, M|\n|poke|p2|Hawlucha, L50, F|\n|poke|p2|Zoroark-Hisui, L50, F|\n|poke|p2|Sinistcha, L50|\n|poke|p2|Aerodactyl, L50, M|\n|teampreview|4\n|c|\u2606PanchampionTime|glhf\n|\n|t:|1776253865\n|teamsize|p1|4\n|teamsize|p2|4\n|start\n|switch|p1a: Orthworm|Orthworm, L50, F|100/100\n|switch|p1b: Garchomp|Garchomp, L50, F|100/100\n|switch|p2a: Hawlucha|Hawlucha, L50, F|100/100\n|switch|p2b: Excadrill|Excadrill, L50, M|100/100\n|turn|1\n|\n|t:|1776253909\n|move|p2a: Hawlucha|Icy Wind|p1b: Garchomp|[spread] p1a,p1b\n|-resisted|p1a: Orthworm|1\n|-supereffective|p1b: Garchomp|2\n|-damage|p1a: Orthworm|92/100\n|-damage|p1b: Garchomp|33/100\n|-unboost|p1a: Orthworm|spe|1\n|-unboost|p1b: Garchomp|spe|1\n|move|p2b: Excadrill|Earthquake|p1b: Garchomp|[spread] p2a,p1b\n|-heal|p1a: Orthworm|100/100|[from] ability: Earth Eater|[of] p2b: Excadrill\n|-damage|p2a: Hawlucha|25/100\n|-damage|p1b: Garchomp|0 fnt\n|replace|p2a: Zoroark|Zoroark-Hisui, L50, F\n|-end|p2a: Zoroark|Illusion\n|faint|p1b: Garchomp\n|move|p1a: Orthworm|Shed Tail|p1a: Orthworm\n|-start|p1a: Orthworm|Substitute|[from] move: Shed Tail\n|-damage|p1a: Orthworm|50/100\n|-enditem|p1a: Orthworm|Sitrus Berry|[eat]\n|-heal|p1a: Orthworm|75/100|[from] item: Sitrus Berry\n|\n|t:|1776253925\n|switch|p1a: Froslass|Froslass, L50, F|100/100|[from] Shed Tail\n|\n|upkeep\n|\n|t:|1776253929\n|switch|p1b: Rotom|Rotom-Frost, L50|100/100\n|turn|2\n|c|\u2606PanchampionTime|ruh roh lol\n|\n|t:|1776253947\n|switch|p2b: Sinistcha|Sinistcha, L50|100/100\n|-heal|p2a: Zoroark|50/100|[from] ability: Hospitality|[of] p2b: Sinistcha\n|detailschange|p1a: Froslass|Froslass-Mega, L50, F\n|-mega|p1a: Froslass|Froslass|Froslassite\n|-weather|Snowscape|[from] ability: Snow Warning|[of] p1a: Froslass\n|move|p1b: Rotom|Helping Hand|p1a: Froslass\n|-singleturn|p1a: Froslass|Helping Hand|[of] p1b: Rotom\n|move|p1a: Froslass|Blizzard|p2a: Zoroark|[spread] p2a,p2b\n|-supereffective|p2b: Sinistcha|1\n|-damage|p2a: Zoroark|0 fnt\n|-damage|p2b: Sinistcha|0 fnt\n|faint|p2a: Zoroark\n|faint|p2b: Sinistcha\n|\n|-weather|Snowscape|[upkeep]\n|upkeep\n|\n|t:|1776253959\n|switch|p2a: Excadrill|Excadrill, L50, M|100/100\n|switch|p2b: Hawlucha|Hawlucha, L50, F|100/100\n|-ability|p2b: Hawlucha|Mold Breaker\n|turn|3\n|c|\u2606PanchampionTime|ggs\n|\n|t:|1776253981\n|detailschange|p2b: Hawlucha|Hawlucha-Mega, L50, F\n|-mega|p2b: Hawlucha|Hawlucha|Hawluchanite\n|move|p1b: Rotom|Helping Hand|p1a: Froslass\n|-singleturn|p1a: Froslass|Helping Hand|[of] p1b: Rotom\n|move|p1a: Froslass|Blizzard|p2b: Hawlucha|[spread] p2a,p2b\n|-supereffective|p2b: Hawlucha|1\n|-damage|p2a: Excadrill|23/100\n|-damage|p2b: Hawlucha|0 fnt\n|faint|p2b: Hawlucha\n|move|p2a: Excadrill|Iron Head|p1a: Froslass\n|-supereffective|p1a: Froslass|1\n|-end|p1a: Froslass|Substitute\n|\n|-weather|Snowscape|[upkeep]\n|upkeep\n|turn|4\n|\n|t:|1776254003\n|switch|p1b: Orthworm|Orthworm, L50, F|75/100\n|move|p1a: Froslass|Protect|p1a: Froslass\n|-singleturn|p1a: Froslass|Protect\n|move|p2a: Excadrill|Iron Head|p1a: Froslass\n|-activate|p1a: Froslass|move: Protect\n|\n|-weather|Snowscape|[upkeep]\n|upkeep\n|turn|5\n|\n|t:|1776254025\n|move|p1a: Froslass|Shadow Ball|p2a: Excadrill\n|-damage|p2a: Excadrill|0 fnt\n|faint|p2a: Excadrill\n|\n|win|Gymnogyps\n|raw|Gymnogyps's rating: 1036 &rarr; <strong>1075</strong><br />(+39 for winning)\n|raw|PanchampionTime's rating: 1080 &rarr; <strong>1055</strong><br />(-25 for losing)\n|l|\u2606Gymnogyps\n|player|p1|\n",
  "uploadtime": 1776254033,
  "views": 22,
  "formatid": "gen9championsvgc2026regma",
  "rating": 1055,
  "private": 0,
  "password": null
}