{
  "id": "gen9championsvgc2026regma-2586176129",
  "format": "[Gen 9 Champions] VGC 2026 Reg M-A",
  "players": [
    "Lord SaberGX",
    "drg3"
  ],
  "log": "|j|\u2606Lord SaberGX\n|j|\u2606drg3\n|t:|1776408676\n|gametype|doubles\n|player|p1|Lord SaberGX|ghetsis|\n|player|p2|drg3|cheren|\n|gen|9\n|tier|[Gen 9 Champions] VGC 2026 Reg M-A\n|rule|Species Clause: Limit one of each Pok\u00e9mon\n|rule|Item Clause: Limit 1 of each item\n|clearpoke\n|poke|p1|Gardevoir, L50, F|\n|poke|p1|Pelipper, L50, F|\n|poke|p1|Incineroar, L50, M|\n|poke|p1|Archaludon, L50, M|\n|poke|p1|Basculegion, L50, M|\n|poke|p1|Farigiraf, L50, F|\n|poke|p2|Gengar, L50, F|\n|poke|p2|Kingambit, L50, M|\n|poke|p2|Incineroar, L50, M|\n|poke|p2|Sneasler, L50, M|\n|poke|p2|Garchomp, L50, M|\n|poke|p2|Dragonite, L50, F|\n|teampreview|4\n|inactive|Battle timer is ON: inactive players will automatically lose when time's up. (requested by drg3)\n|\n|t:|1776408691\n|teamsize|p1|4\n|teamsize|p2|4\n|start\n|switch|p1a: Archaludon|Archaludon, L50, M, shiny|100/100\n|switch|p1b: Incineroar|Incineroar, L50, M|100/100\n|switch|p2a: Gengar|Gengar, L50, F|100/100\n|switch|p2b: Incineroar|Incineroar, L50, M|100/100\n|-ability|p2b: Incineroar|Intimidate|boost\n|-unboost|p1a: Archaludon|atk|1\n|-unboost|p1b: Incineroar|atk|1\n|-ability|p1b: Incineroar|Intimidate|boost\n|-unboost|p2a: Gengar|atk|1\n|-unboost|p2b: Incineroar|atk|1\n|-enditem|p1a: Archaludon|White Herb\n|-clearnegativeboost|p1a: Archaludon|[silent]\n|turn|1\n|\n|t:|1776408709\n|detailschange|p2a: Gengar|Gengar-Mega, L50, F\n|-mega|p2a: Gengar|Gengar|Gengarite\n|move|p2a: Gengar|Substitute|p2a: Gengar\n|-start|p2a: Gengar|Substitute\n|-damage|p2a: Gengar|76/100\n|move|p1a: Archaludon|Electro Shot||[still]\n|-prepare|p1a: Archaludon|Electro Shot\n|-boost|p1a: Archaludon|spa|1\n|move|p2b: Incineroar|Flare Blitz|p1a: Archaludon\n|-damage|p1a: Archaludon|66/100\n|-damage|p2b: Incineroar|91/100|[from] Recoil\n|move|p1b: Incineroar|Parting Shot|p2a: Gengar\n|-unboost|p2a: Gengar|atk|1\n|-unboost|p2a: Gengar|spa|1\n|\n|t:|1776408722\n|switch|p1b: Pelipper|Pelipper, L50, F|100/100|[from] Parting Shot\n|-weather|RainDance|[from] ability: Drizzle|[of] p1b: Pelipper\n|\n|-weather|RainDance|[upkeep]\n|upkeep\n|turn|2\n|\n|t:|1776408745\n|move|p1b: Pelipper|Protect|p1b: Pelipper\n|-singleturn|p1b: Pelipper|Protect\n|move|p2a: Gengar|Perish Song|p2a: Gengar\n|-start|p1a: Archaludon|perish3|[silent]\n|-start|p1b: Pelipper|perish3|[silent]\n|-start|p2a: Gengar|perish3|[silent]\n|-start|p2b: Incineroar|perish3|[silent]\n|-fieldactivate|move: Perish Song\n|move|p1a: Archaludon|Electro Shot|p2a: Gengar|[from] lockedmove\n|-end|p2a: Gengar|Substitute\n|move|p2b: Incineroar|Parting Shot|p1a: Archaludon\n|-unboost|p1a: Archaludon|atk|1\n|-unboost|p1a: Archaludon|spa|1\n|\n|t:|1776408766\n|switch|p2b: Sneasler|Sneasler, L50, M|100/100|[from] Parting Shot\n|\n|-weather|RainDance|[upkeep]\n|-start|p2a: Gengar|perish3\n|-start|p1a: Archaludon|perish3\n|-start|p1b: Pelipper|perish3\n|upkeep\n|turn|3\n|\n|t:|1776408785\n|move|p1a: Archaludon|Protect|p1a: Archaludon\n|-singleturn|p1a: Archaludon|Protect\n|move|p2b: Sneasler|Fake Out|p1b: Pelipper\n|-damage|p1b: Pelipper|80/100\n|move|p2a: Gengar|Shadow Ball|p1a: Archaludon\n|-activate|p1a: Archaludon|move: Protect\n|cant|p1b: Pelipper|flinch\n|\n|-weather|RainDance|[upkeep]\n|-start|p2a: Gengar|perish2\n|-start|p1a: Archaludon|perish2\n|-start|p1b: Pelipper|perish2\n|upkeep\n|turn|4\n|inactive|drg3 has 30 seconds left.\n|\n|t:|1776408812\n|switch|p2b: Incineroar|Incineroar, L50, M|91/100\n|-ability|p2b: Incineroar|Intimidate|boost\n|-unboost|p1a: Archaludon|atk|1\n|-unboost|p1b: Pelipper|atk|1\n|move|p2a: Gengar|Protect|p2a: Gengar\n|-singleturn|p2a: Gengar|Protect\n|move|p1a: Archaludon|Electro Shot||[still]\n|-prepare|p1a: Archaludon|Electro Shot\n|-boost|p1a: Archaludon|spa|1\n|-anim|p1a: Archaludon|Electro Shot|p2a: Gengar\n|-activate|p2a: Gengar|move: Protect\n|move|p1b: Pelipper|Hurricane|p2b: Incineroar\n|-damage|p2b: Incineroar|57/100\n|\n|-weather|RainDance|[upkeep]\n|-start|p2a: Gengar|perish1\n|-start|p1a: Archaludon|perish1\n|-start|p1b: Pelipper|perish1\n|upkeep\n|turn|5\n|inactive|drg3 has 30 seconds left.\n|\n|t:|1776408842\n|switch|p2a: Garchomp|Garchomp, L50, M|100/100\n|move|p2b: Incineroar|Fake Out|p1b: Pelipper\n|-damage|p1b: Pelipper|61/100\n|move|p1a: Archaludon|Draco Meteor|p2a: Garchomp\n|-supereffective|p2a: Garchomp|1\n|-damage|p2a: Garchomp|0 fnt\n|-unboost|p1a: Archaludon|spa|2\n|faint|p2a: Garchomp\n|cant|p1b: Pelipper|flinch\n|\n|-weather|none\n|-start|p1a: Archaludon|perish0\n|-start|p1b: Pelipper|perish0\n|upkeep\n|faint|p1a: Archaludon\n|faint|p1b: Pelipper\n|\n|t:|1776408859\n|switch|p2a: Gengar|Gengar-Mega, L50, F|76/100\n|switch|p1a: Incineroar|Incineroar, L50, M|100/100\n|switch|p1b: Gardevoir|Gardevoir, L50, F|100/100\n|-ability|p1b: Gardevoir|Intimidate|Trace|[from] ability: Trace|[of] p2b: Incineroar\n|-ability|p1b: Gardevoir|Intimidate|boost\n|-unboost|p2a: Gengar|atk|1\n|-unboost|p2b: Incineroar|atk|1\n|-ability|p1a: Incineroar|Intimidate|boost\n|-unboost|p2a: Gengar|atk|1\n|-unboost|p2b: Incineroar|atk|1\n|turn|6\n|\n|t:|1776408883\n|detailschange|p1b: Gardevoir|Gardevoir-Mega, L50, F\n|-mega|p1b: Gardevoir|Gardevoir|Gardevoirite\n|move|p1b: Gardevoir|Protect|p1b: Gardevoir\n|-singleturn|p1b: Gardevoir|Protect\n|move|p2b: Incineroar|Fake Out||[still]\n|-hint|Fake Out only works on your first turn out.\n|-fail|p2b: Incineroar\n|move|p2a: Gengar|Shadow Ball|p1b: Gardevoir\n|-activate|p1b: Gardevoir|move: Protect\n|move|p1a: Incineroar|Darkest Lariat|p2a: Gengar\n|-supereffective|p2a: Gengar|1\n|-damage|p2a: Gengar|0 fnt\n|faint|p2a: Gengar\n|\n|upkeep\n|\n|t:|1776408895\n|switch|p2a: Sneasler|Sneasler, L50, M|100/100\n|turn|7\n|\n|t:|1776408908\n|move|p2a: Sneasler|Dire Claw|p1b: Gardevoir\n|-supereffective|p1b: Gardevoir|1\n|-damage|p1b: Gardevoir|0 fnt\n|faint|p1b: Gardevoir\n|move|p2b: Incineroar|Flare Blitz|p1a: Incineroar\n|-resisted|p1a: Incineroar|1\n|-damage|p1a: Incineroar|90/100\n|-damage|p2b: Incineroar|53/100|[from] Recoil\n|move|p1a: Incineroar|Flare Blitz|p2a: Sneasler\n|-damage|p2a: Sneasler|21/100\n|-status|p2a: Sneasler|brn\n|-damage|p1a: Incineroar|70/100|[from] Recoil\n|\n|-damage|p2a: Sneasler|15/100 brn|[from] brn\n|upkeep\n|turn|8\n|\n|t:|1776408922\n|move|p2a: Sneasler|Close Combat|p1a: Incineroar\n|-supereffective|p1a: Incineroar|1\n|-damage|p1a: Incineroar|30/100\n|-unboost|p2a: Sneasler|def|1\n|-unboost|p2a: Sneasler|spd|1\n|-enditem|p1a: Incineroar|Sitrus Berry|[eat]\n|-heal|p1a: Incineroar|54/100|[from] item: Sitrus Berry\n|-enditem|p2a: Sneasler|White Herb\n|-clearnegativeboost|p2a: Sneasler|[silent]\n|move|p2b: Incineroar|Darkest Lariat|p1a: Incineroar\n|-resisted|p1a: Incineroar|1\n|-damage|p1a: Incineroar|47/100\n|move|p1a: Incineroar|Darkest Lariat|p2a: Sneasler\n|-resisted|p2a: Sneasler|1\n|-damage|p2a: Sneasler|0 fnt\n|faint|p2a: Sneasler\n|\n|upkeep\n|turn|9\n|\n|t:|1776408941\n|move|p2b: Incineroar|Parting Shot|p1a: Incineroar\n|-unboost|p1a: Incineroar|atk|1\n|-unboost|p1a: Incineroar|spa|1\n|move|p1a: Incineroar|Parting Shot|p2b: Incineroar\n|-unboost|p2b: Incineroar|atk|1\n|-unboost|p2b: Incineroar|spa|1\n|\n|upkeep\n|turn|10\n|\n|t:|1776408951\n|move|p2b: Incineroar|Parting Shot|p1a: Incineroar\n|-unboost|p1a: Incineroar|atk|1\n|-unboost|p1a: Incineroar|spa|1\n|move|p1a: Incineroar|Flare Blitz|p2b: Incineroar\n|-resisted|p2b: Incineroar|1\n|-damage|p2b: Incineroar|42/100\n|-enditem|p2b: Incineroar|Sitrus Berry|[eat]\n|-heal|p2b: Incineroar|67/100|[from] item: Sitrus Berry\n|-damage|p1a: Incineroar|44/100|[from] Recoil\n|\n|upkeep\n|turn|11\n|\n|t:|1776408964\n|move|p2b: Incineroar|Flare Blitz|p1a: Incineroar\n|-resisted|p1a: Incineroar|1\n|-damage|p1a: Incineroar|35/100\n|-damage|p2b: Incineroar|64/100|[from] Recoil\n|move|p1a: Incineroar|Parting Shot|p2b: Incineroar\n|-unboost|p2b: Incineroar|atk|1\n|-unboost|p2b: Incineroar|spa|1\n|\n|upkeep\n|turn|12\n|\n|t:|1776408973\n|move|p2b: Incineroar|Parting Shot|p1a: Incineroar\n|-unboost|p1a: Incineroar|atk|1\n|-unboost|p1a: Incineroar|spa|1\n|move|p1a: Incineroar|Darkest Lariat|p2b: Incineroar\n|-resisted|p2b: Incineroar|1\n|-damage|p2b: Incineroar|58/100\n|\n|upkeep\n|turn|13\n|\n|t:|1776408979\n|move|p2b: Incineroar|Parting Shot|p1a: Incineroar\n|-unboost|p1a: Incineroar|atk|1\n|-unboost|p1a: Incineroar|spa|1\n|move|p1a: Incineroar|Parting Shot|p2b: Incineroar\n|-unboost|p2b: Incineroar|atk|1\n|-unboost|p2b: Incineroar|spa|1\n|\n|upkeep\n|turn|14\n|\n|t:|1776408988\n|move|p2b: Incineroar|Darkest Lariat|p1a: Incineroar\n|-resisted|p1a: Incineroar|1\n|-damage|p1a: Incineroar|31/100\n|move|p1a: Incineroar|Parting Shot|p2b: Incineroar\n|-unboost|p2b: Incineroar|atk|1\n|-unboost|p2b: Incineroar|spa|1\n|\n|upkeep\n|turn|15\n|\n|t:|1776409004\n|move|p2b: Incineroar|Flare Blitz|p1a: Incineroar\n|-resisted|p1a: Incineroar|1\n|-damage|p1a: Incineroar|26/100\n|-damage|p2b: Incineroar|56/100|[from] Recoil\n|move|p1a: Incineroar|Darkest Lariat|p2b: Incineroar\n|-resisted|p2b: Incineroar|1\n|-crit|p2b: Incineroar\n|-damage|p2b: Incineroar|34/100\n|\n|upkeep\n|turn|16\n|inactive|Lord SaberGX has 30 seconds left.\n|inactive|drg3 has 30 seconds left.\n|\n|t:|1776409046\n|move|p2b: Incineroar|Flare Blitz|p1a: Incineroar\n|-resisted|p1a: Incineroar|1\n|-damage|p1a: Incineroar|21/100\n|-damage|p2b: Incineroar|32/100|[from] Recoil\n|move|p1a: Incineroar|Darkest Lariat|p2b: Incineroar\n|-resisted|p2b: Incineroar|1\n|-crit|p2b: Incineroar\n|-damage|p2b: Incineroar|8/100\n|\n|upkeep\n|turn|17\n|\n|t:|1776409060\n|move|p2b: Incineroar|Darkest Lariat|p1a: Incineroar\n|-resisted|p1a: Incineroar|1\n|-damage|p1a: Incineroar|17/100\n|move|p1a: Incineroar|Darkest Lariat|p2b: Incineroar\n|-resisted|p2b: Incineroar|1\n|-damage|p2b: Incineroar|2/100\n|\n|upkeep\n|turn|18\n|\n|t:|1776409072\n|move|p2b: Incineroar|Darkest Lariat|p1a: Incineroar\n|-resisted|p1a: Incineroar|1\n|-damage|p1a: Incineroar|14/100\n|move|p1a: Incineroar|Darkest Lariat|p2b: Incineroar\n|-resisted|p2b: Incineroar|1\n|-damage|p2b: Incineroar|0 fnt\n|faint|p2b: Incineroar\n|\n|win|Lord SaberGX\n|l|\u2606drg3\n|player|p2|\n|l|\u2606Lord SaberGX\n|player|p1|\n|j|\u2606Lord SaberGX\n|player|p1|Lord SaberGX|ghetsis|\n",
  "uploadtime": 1776409099,
  "views": 34,
  "formatid": "gen9championsvgc2026regma",
  "rating": null,
  "private": 0,
  "password": null
}