{
  "id": "gen9championsvgc2026regma-2582831383",
  "format": "[Gen 9 Champions] VGC 2026 Reg M-A",
  "players": [
    "silkandiron",
    "cherrybomb03"
  ],
  "log": "|j|\u2606silkandiron\n|j|\u2606cherrybomb03\n|t:|1776117463\n|gametype|doubles\n|player|p1|silkandiron|1|1183\n|player|p2|cherrybomb03|101|1231\n|gen|9\n|tier|[Gen 9 Champions] VGC 2026 Reg M-A\n|rated|\n|rule|Species Clause: Limit one of each Pok\u00e9mon\n|rule|Item Clause: Limit 1 of each item\n|clearpoke\n|poke|p1|Sneasler, L50, M|\n|poke|p1|Tyranitar, L50, M|\n|poke|p1|Rotom-Wash, L50|\n|poke|p1|Excadrill, L50, M|\n|poke|p1|Dragapult, L50, F|\n|poke|p1|Meganium, L50, F|\n|poke|p2|Zoroark-Hisui, L50, F|\n|poke|p2|Whimsicott, L50, M|\n|poke|p2|Incineroar, L50, F|\n|poke|p2|Lopunny, L50, M|\n|poke|p2|Froslass, L50, F|\n|poke|p2|Empoleon, L50, M|\n|teampreview|4\n|inactive|Battle timer is ON: inactive players will automatically lose when time's up. (requested by silkandiron)\n|inactive|cherrybomb03 has 60 seconds left.\n|\n|t:|1776117535\n|teamsize|p1|4\n|teamsize|p2|4\n|start\n|switch|p1a: Tyranitar|Tyranitar, L50, M|100/100\n|switch|p1b: Excadrill|Excadrill, L50, M|100/100\n|switch|p2a: Lopunny|Lopunny, L50, M|100/100\n|switch|p2b: Incineroar|Incineroar, L50, F|100/100\n|-ability|p2b: Incineroar|Intimidate|boost\n|-unboost|p1a: Tyranitar|atk|1\n|-unboost|p1b: Excadrill|atk|1\n|-weather|Sandstorm|[from] ability: Sand Stream|[of] p1a: Tyranitar\n|turn|1\n|inactive|cherrybomb03 has 30 seconds left.\n|inactive|cherrybomb03 has 20 seconds left.\n|inactive|cherrybomb03 has 15 seconds left.\n|inactive|cherrybomb03 has 10 seconds left.\n|\n|t:|1776117583\n|detailschange|p2a: Lopunny|Lopunny-Mega, L50, M\n|-mega|p2a: Lopunny|Lopunny|Lopunnite\n|move|p1b: Excadrill|Protect|p1b: Excadrill\n|-singleturn|p1b: Excadrill|Protect\n|move|p1a: Tyranitar|Protect|p1a: Tyranitar\n|-singleturn|p1a: Tyranitar|Protect\n|move|p2b: Incineroar|Fake Out|p1b: Excadrill\n|-activate|p1b: Excadrill|move: Protect\n|move|p2a: Lopunny|Close Combat|p1a: Tyranitar\n|-activate|p1a: Tyranitar|move: Protect\n|\n|-weather|Sandstorm|[upkeep]\n|-damage|p2a: Lopunny|95/100|[from] Sandstorm\n|-damage|p2b: Incineroar|94/100|[from] Sandstorm\n|upkeep\n|turn|2\n|\n|t:|1776117603\n|move|p2a: Lopunny|Protect|p2a: Lopunny\n|-singleturn|p2a: Lopunny|Protect\n|move|p1b: Excadrill|High Horsepower|p2a: Lopunny\n|-activate|p2a: Lopunny|move: Protect\n|move|p2b: Incineroar|Parting Shot|p1b: Excadrill\n|-unboost|p1b: Excadrill|atk|1\n|-unboost|p1b: Excadrill|spa|1\n|\n|t:|1776117610\n|switch|p2b: Empoleon|Empoleon, L50, M|100/100|[from] Parting Shot\n|move|p1a: Tyranitar|Rock Slide|p2a: Lopunny|[spread] p2b\n|-activate|p2a: Lopunny|move: Protect\n|-resisted|p2b: Empoleon|1\n|-damage|p2b: Empoleon|90/100\n|\n|-weather|Sandstorm|[upkeep]\n|-damage|p2a: Lopunny|89/100|[from] Sandstorm\n|-heal|p2b: Empoleon|96/100|[from] item: Leftovers\n|upkeep\n|turn|3\n|\n|t:|1776117627\n|switch|p1b: Dragapult|Dragapult, L50, F|100/100\n|switch|p2b: Incineroar|Incineroar, L50, F|94/100\n|-ability|p2b: Incineroar|Intimidate|boost\n|-unboost|p1a: Tyranitar|atk|1\n|-fail|p1b: Dragapult|unboost|[from] ability: Clear Body|[of] p1b: Dragapult\n|move|p1a: Tyranitar|Protect|p1a: Tyranitar\n|-singleturn|p1a: Tyranitar|Protect\n|move|p2a: Lopunny|Close Combat|p1a: Tyranitar\n|-activate|p1a: Tyranitar|move: Protect\n|\n|-weather|Sandstorm|[upkeep]\n|-damage|p1b: Dragapult|94/100|[from] Sandstorm\n|-damage|p2a: Lopunny|84/100|[from] Sandstorm\n|-damage|p2b: Incineroar|88/100|[from] Sandstorm\n|upkeep\n|turn|4\n|\n|t:|1776117646\n|move|p1b: Dragapult|Will-O-Wisp|p2a: Lopunny\n|-status|p2a: Lopunny|brn\n|move|p2a: Lopunny|Close Combat|p1a: Tyranitar\n|-supereffective|p1a: Tyranitar|2\n|-enditem|p1a: Tyranitar|Chople Berry|[eat]\n|-enditem|p1a: Tyranitar|Chople Berry|[weaken]\n|-damage|p1a: Tyranitar|46/100\n|-unboost|p2a: Lopunny|def|1\n|-unboost|p2a: Lopunny|spd|1\n|move|p2b: Incineroar|Throat Chop|p1b: Dragapult\n|-supereffective|p1b: Dragapult|1\n|-enditem|p1b: Dragapult|Colbur Berry|[eat]\n|-enditem|p1b: Dragapult|Colbur Berry|[weaken]\n|-damage|p1b: Dragapult|54/100\n|-start|p1b: Dragapult|Throat Chop|[silent]\n|move|p1a: Tyranitar|Knock Off|p2b: Incineroar\n|-resisted|p2b: Incineroar|1\n|-damage|p2b: Incineroar|74/100\n|-enditem|p2b: Incineroar|Sitrus Berry|[from] move: Knock Off|[of] p1a: Tyranitar\n|\n|-weather|Sandstorm|[upkeep]\n|-damage|p1b: Dragapult|48/100|[from] Sandstorm\n|-damage|p2a: Lopunny|78/100 brn|[from] Sandstorm\n|-damage|p2b: Incineroar|68/100|[from] Sandstorm\n|-damage|p2a: Lopunny|72/100 brn|[from] brn\n|upkeep\n|turn|5\n|inactive|silkandiron has 30 seconds left.\n|inactive|cherrybomb03 has 30 seconds left.\n|inactive|silkandiron has 20 seconds left.\n|inactive|silkandiron has 15 seconds left.\n|inactive|cherrybomb03 has 20 seconds left.\n|\n|t:|1776117690\n|move|p2a: Lopunny|Protect|p2a: Lopunny\n|-singleturn|p2a: Lopunny|Protect\n|move|p1a: Tyranitar|Protect|p1a: Tyranitar\n|-singleturn|p1a: Tyranitar|Protect\n|move|p1b: Dragapult|Dragon Darts|p2b: Incineroar\n|-damage|p2b: Incineroar|43/100\n|-anim|p1b: Dragapult|Dragon Darts|p2b: Incineroar\n|-damage|p2b: Incineroar|17/100\n|move|p2b: Incineroar|Throat Chop|p1b: Dragapult\n|-supereffective|p1b: Dragapult|1\n|-damage|p1b: Dragapult|0 fnt\n|faint|p1b: Dragapult\n|\n|-weather|none\n|-damage|p2a: Lopunny|67/100 brn|[from] brn\n|upkeep\n|\n|t:|1776117700\n|switch|p1b: Meganium|Meganium, L50, F|100/100\n|turn|6\n|\n|t:|1776117712\n|switch|p1a: Excadrill|Excadrill, L50, M|100/100\n|detailschange|p1b: Meganium|Meganium-Mega, L50, F\n|-mega|p1b: Meganium|Meganium|Meganiumite\n|move|p2a: Lopunny|Close Combat|p1a: Excadrill\n|-supereffective|p1a: Excadrill|1\n|-enditem|p1a: Excadrill|Focus Sash\n|-damage|p1a: Excadrill|1/100\n|-unboost|p2a: Lopunny|def|1\n|-unboost|p2a: Lopunny|spd|1\n|move|p2b: Incineroar|Parting Shot|p1b: Meganium\n|-unboost|p1b: Meganium|atk|1\n|-unboost|p1b: Meganium|spa|1\n|\n|t:|1776117724\n|switch|p2b: Empoleon|Empoleon, L50, M|96/100|[from] Parting Shot\n|move|p1b: Meganium|Dazzling Gleam|p2a: Lopunny|[spread] p2a,p2b\n|-supereffective|p2a: Lopunny|1\n|-resisted|p2b: Empoleon|1\n|-damage|p2a: Lopunny|0 fnt\n|-damage|p2b: Empoleon|84/100\n|faint|p2a: Lopunny\n|\n|-heal|p2b: Empoleon|90/100|[from] item: Leftovers\n|upkeep\n|\n|t:|1776117744\n|switch|p2a: Incineroar|Incineroar, L50, F|17/100\n|-ability|p2a: Incineroar|Intimidate|boost\n|-unboost|p1a: Excadrill|atk|1\n|-unboost|p1b: Meganium|atk|1\n|turn|7\n|\n|t:|1776117759\n|switch|p1b: Tyranitar|Tyranitar, L50, M|46/100\n|-weather|Sandstorm|[from] ability: Sand Stream|[of] p1b: Tyranitar\n|move|p1a: Excadrill|Protect|p1a: Excadrill\n|-singleturn|p1a: Excadrill|Protect\n|move|p2a: Incineroar|Fake Out|p1a: Excadrill\n|-activate|p1a: Excadrill|move: Protect\n|move|p2b: Empoleon|Flash Cannon|p1b: Tyranitar\n|-supereffective|p1b: Tyranitar|1\n|-damage|p1b: Tyranitar|6/100\n|\n|-weather|Sandstorm|[upkeep]\n|-damage|p2a: Incineroar|11/100|[from] Sandstorm\n|-heal|p2b: Empoleon|95/100|[from] item: Leftovers\n|upkeep\n|turn|8\n|inactive|cherrybomb03 has 30 seconds left.\n|\n|t:|1776117787\n|move|p1b: Tyranitar|Protect|p1b: Tyranitar\n|-singleturn|p1b: Tyranitar|Protect\n|move|p1a: Excadrill|Earthquake|p2a: Incineroar|[spread] p2a,p2b\n|-activate|p1b: Tyranitar|move: Protect\n|-supereffective|p2a: Incineroar|1\n|-supereffective|p2b: Empoleon|1\n|-damage|p2a: Incineroar|0 fnt\n|-damage|p2b: Empoleon|29/100\n|faint|p2a: Incineroar\n|move|p2b: Empoleon|Blizzard|p1b: Tyranitar|[spread] p1a\n|-activate|p1b: Tyranitar|move: Protect\n|-damage|p1a: Excadrill|0 fnt\n|faint|p1a: Excadrill\n|\n|-weather|Sandstorm|[upkeep]\n|-heal|p2b: Empoleon|35/100|[from] item: Leftovers\n|upkeep\n|\n|t:|1776117798\n|switch|p1a: Meganium|Meganium-Mega, L50, F|100/100\n|switch|p2a: Empoleon|Empoleon, L50, M|100/100\n|turn|9\n|\n|t:|1776117810\n|move|p2a: Empoleon|Protect|p2a: Empoleon\n|-singleturn|p2a: Empoleon|Protect\n|move|p2b: Empoleon|Protect|p2b: Empoleon\n|-singleturn|p2b: Empoleon|Protect\n|move|p1a: Meganium|Solar Beam||[still]\n|-prepare|p1a: Meganium|Solar Beam\n|-activate|p1a: Meganium|ability: Mega Sol\n|-anim|p1a: Meganium|Solar Beam|p2a: Empoleon\n|-activate|p2a: Empoleon|move: Protect\n|move|p1b: Tyranitar|Knock Off|p2b: Empoleon\n|-activate|p2b: Empoleon|move: Protect\n|\n|-weather|Sandstorm|[upkeep]\n|-damage|p2a: Empoleon|94/100|[from] Sandstorm\n|-damage|p1a: Meganium|95/100|[from] Sandstorm\n|-heal|p2b: Empoleon|41/100|[from] item: Leftovers\n|upkeep\n|turn|10\n|\n|t:|1776117829\n|move|p2a: Empoleon|Hyper Voice|p1a: Meganium|[spread] p1a,p1b\n|-resisted|p1b: Tyranitar|1\n|-damage|p1a: Meganium|62/100\n|-damage|p1b: Tyranitar|0 fnt\n|faint|p1b: Tyranitar\n|move|p1a: Meganium|Solar Beam||[still]\n|-prepare|p1a: Meganium|Solar Beam\n|-activate|p1a: Meganium|ability: Mega Sol\n|-anim|p1a: Meganium|Solar Beam|p2a: Empoleon\n|-damage|p2a: Empoleon|0 fnt\n|replace|p2a: Zoroark|Zoroark-Hisui, L50, F\n|-end|p2a: Zoroark|Illusion\n|faint|p2a: Zoroark\n|move|p2b: Empoleon|Flash Cannon|p1a: Meganium\n|-supereffective|p1a: Meganium|1\n|-damage|p1a: Meganium|0 fnt\n|faint|p1a: Meganium\n|\n|win|cherrybomb03\n|raw|silkandiron's rating: 1183 &rarr; <strong>1161</strong><br />(-22 for losing)\n|raw|cherrybomb03's rating: 1231 &rarr; <strong>1253</strong><br />(+22 for winning)\n|l|\u2606cherrybomb03\n|player|p2|\n",
  "uploadtime": 1776117845,
  "views": 38,
  "formatid": "gen9championsvgc2026regma",
  "rating": 1161,
  "private": 0,
  "password": null
}