{
  "id": "gen9championsvgc2026regma-2587644668",
  "format": "[Gen 9 Champions] VGC 2026 Reg M-A",
  "players": [
    "cesar dios pokemon",
    "Slicc Micc"
  ],
  "log": "|j|\u2606cesar dios pokemon\n|j|\u2606Slicc Micc\n|html|<table width=\"100%\"><tr><td align=\"left\">cesar dios pokemon</td><td align=\"right\">Slicc Micc</tr><tr><td align=\"left\"><i class=\"fa fa-circle-o\"></i> <i class=\"fa fa-circle-o\"></i> </td><td align=\"right\"><i class=\"fa fa-circle-o\"></i> <i class=\"fa fa-circle\"></i> </tr></table>\n|uhtml|bestof|<h2><strong>Game 2</strong> of <a href=\"/game-bestof3-gen9championsvgc2026regma-2587638959\">a best-of-3</a></h2>\n|t:|1776549897\n|gametype|doubles\n|player|p1|cesar dios pokemon|ghetsis-gen5bw|\n|player|p2|Slicc Micc|101|\n|gen|9\n|tier|[Gen 9 Champions] VGC 2026 Reg M-A\n|rule|Species Clause: Limit one of each Pok\u00e9mon\n|rule|Item Clause: Limit 1 of each item\n|raw|<div class=\"infobox\"><details class=\"readmore\" open><summary><strong>1 custom rule:</strong></summary> Best of = 3</details></div>\n|clearpoke\n|poke|p1|Archaludon, L50, M|\n|poke|p1|Dragonite, L50, F|\n|poke|p1|Starmie, L50|\n|poke|p1|Politoed, L50, M|\n|poke|p1|Zoroark-Hisui, L50, F|\n|poke|p1|Milotic, L50, F|\n|poke|p2|Froslass, L50, F|\n|poke|p2|Kingambit, L50, M|\n|poke|p2|Noivern, L50, F|\n|poke|p2|Arcanine-Hisui, L50, F|\n|poke|p2|Gardevoir, L50, F|\n|poke|p2|Rotom-Mow, L50|\n|teampreview|4\n|j| Midbus1\n|j| crotchety old man\n|\n|t:|1776549952\n|teamsize|p1|4\n|teamsize|p2|4\n|start\n|switch|p1a: Dragonite|Dragonite, L50, F|100/100\n|switch|p1b: Archaludon|Archaludon, L50, M|100/100\n|switch|p2a: Rotom|Rotom-Mow, L50|100/100\n|switch|p2b: Gardevoir|Gardevoir, L50, F|100/100\n|-ability|p2b: Gardevoir|Multiscale|Trace|[from] ability: Trace|[of] p1a: Dragonite\n|turn|1\n|\n|t:|1776549969\n|switch|p1b: Politoed|Politoed, L50, M|100/100\n|-weather|RainDance|[from] ability: Drizzle|[of] p1b: Politoed\n|detailschange|p1a: Dragonite|Dragonite-Mega, L50, F\n|-mega|p1a: Dragonite|Dragonite|Dragoninite\n|move|p2a: Rotom|Volt Switch|p1b: Politoed\n|-supereffective|p1b: Politoed|1\n|-damage|p1b: Politoed|57/100\n|\n|t:|1776549981\n|switch|p2a: Froslass|Froslass, L50, F|100/100|[from] Volt Switch\n|move|p2b: Gardevoir|Moonblast|p1b: Politoed\n|-damage|p1b: Politoed|19/100\n|-enditem|p1b: Politoed|Sitrus Berry|[eat]\n|-heal|p1b: Politoed|44/100|[from] item: Sitrus Berry\n|move|p1a: Dragonite|Hurricane|p2a: Froslass\n|-damage|p2a: Froslass|0 fnt\n|faint|p2a: Froslass\n|\n|-weather|RainDance|[upkeep]\n|upkeep\n|\n|t:|1776549995\n|switch|p2a: Rotom|Rotom-Mow, L50|100/100\n|turn|2\n|\n|t:|1776550004\n|move|p1b: Politoed|Protect|p1b: Politoed\n|-singleturn|p1b: Politoed|Protect\n|move|p2a: Rotom|Electroweb|p1b: Politoed|[spread] p1a\n|-activate|p1b: Politoed|move: Protect\n|-damage|p1a: Dragonite|93/100\n|-unboost|p1a: Dragonite|spe|1\n|move|p2b: Gardevoir|Moonblast|p1a: Dragonite\n|-supereffective|p1a: Dragonite|1\n|-damage|p1a: Dragonite|2/100\n|move|p1a: Dragonite|Hurricane|p2a: Rotom\n|-damage|p2a: Rotom|15/100\n|-start|p2a: Rotom|confusion\n|\n|-weather|RainDance|[upkeep]\n|upkeep\n|turn|3\n|\n|t:|1776550032\n|-activate|p2a: Rotom|confusion\n|move|p2a: Rotom|Electroweb|p1b: Politoed|[spread] p1a,p1b\n|-crit|p1a: Dragonite\n|-supereffective|p1b: Politoed|1\n|-damage|p1a: Dragonite|0 fnt\n|-damage|p1b: Politoed|18/100\n|-unboost|p1b: Politoed|spe|1\n|faint|p1a: Dragonite\n|move|p2b: Gardevoir|Moonblast|p1b: Politoed\n|-damage|p1b: Politoed|0 fnt\n|faint|p1b: Politoed\n|\n|-weather|RainDance|[upkeep]\n|upkeep\n|\n|t:|1776550041\n|switch|p1a: Archaludon|Archaludon, L50, M|100/100\n|switch|p1b: Archaludon|Archaludon, L50, M|100/100\n|turn|4\n|c|\u2606cesar dios pokemon|double archaludon strat\n|\n|t:|1776550071\n|move|p2b: Gardevoir|Protect|p2b: Gardevoir\n|-singleturn|p2b: Gardevoir|Protect\n|move|p1a: Archaludon|Shadow Sneak|p2a: Rotom\n|-damage|p2a: Rotom|0 fnt\n|faint|p2a: Rotom\n|move|p1b: Archaludon|Flash Cannon|p2b: Gardevoir\n|-activate|p2b: Gardevoir|move: Protect\n|\n|-weather|RainDance|[upkeep]\n|upkeep\n|\n|t:|1776550079\n|switch|p2a: Noivern|Noivern, L50, F|100/100\n|-item|p1a: Archaludon|Focus Sash|[from] ability: Frisk|[of] p2a: Noivern\n|-item|p1b: Archaludon|Choice Scarf|[from] ability: Frisk|[of] p2a: Noivern\n|turn|5\n|\n|t:|1776550098\n|move|p1b: Archaludon|Flash Cannon|p2b: Gardevoir\n|-supereffective|p2b: Gardevoir|1\n|-damage|p2b: Gardevoir|51/100\n|-unboost|p2b: Gardevoir|spd|1\n|move|p2a: Noivern|Super Fang|p1b: Archaludon\n|-damage|p1b: Archaludon|51/100\n|-ability|p1b: Archaludon|Stamina|boost\n|-boost|p1b: Archaludon|def|1\n|move|p1a: Archaludon|Bitter Malice|p2a: Noivern\n|-damage|p2a: Noivern|55/100\n|-unboost|p2a: Noivern|atk|1\n|move|p2b: Gardevoir|Moonblast|p1b: Archaludon\n|-damage|p1b: Archaludon|0 fnt\n|faint|p1b: Archaludon\n|\n|-weather|none\n|upkeep\n|turn|6\n|\n|t:|1776550144\n|move|p2b: Gardevoir|Protect|p2b: Gardevoir\n|-singleturn|p2b: Gardevoir|Protect\n|move|p2a: Noivern|Tailwind|p2a: Noivern\n|-sidestart|p2: Slicc Micc|move: Tailwind\n|move|p1a: Archaludon|Bitter Malice|p2b: Gardevoir\n|-activate|p2b: Gardevoir|move: Protect\n|\n|upkeep\n|turn|7\n|\n|t:|1776550161\n|move|p1a: Archaludon|Protect|p1a: Archaludon\n|-singleturn|p1a: Archaludon|Protect\n|move|p2a: Noivern|Taunt|p1a: Archaludon\n|-activate|p1a: Archaludon|move: Protect\n|move|p2b: Gardevoir|Moonblast|p1a: Archaludon\n|-activate|p1a: Archaludon|move: Protect\n|\n|upkeep\n|turn|8\n|\n|t:|1776550193\n|move|p2a: Noivern|Taunt|p1a: Archaludon\n|-start|p1a: Archaludon|move: Taunt\n|move|p2b: Gardevoir|Moonblast|p1a: Archaludon\n|-enditem|p1a: Archaludon|Focus Sash\n|-damage|p1a: Archaludon|1/100\n|replace|p1a: Zoroark|Zoroark-Hisui, L50, F\n|-end|p1a: Zoroark|Illusion\n|move|p1a: Zoroark|Bitter Malice|p2b: Gardevoir\n|-supereffective|p2b: Gardevoir|1\n|-damage|p2b: Gardevoir|0 fnt\n|faint|p2b: Gardevoir\n|\n|upkeep\n|turn|9\n|l| crotchety old man\n|j| crotchety old man\n|\n|t:|1776550208\n|move|p2a: Noivern|Tailwind||[still]\n|-fail|p2a: Noivern\n|move|p1a: Zoroark|Bitter Malice|p2a: Noivern\n|-damage|p2a: Noivern|12/100\n|-unboost|p2a: Noivern|atk|1\n|\n|-sideend|p2: Slicc Micc|move: Tailwind\n|upkeep\n|turn|10\n|c|\u2606Slicc Micc|Gg2\n|\n|t:|1776550249\n|move|p1a: Zoroark|Shadow Sneak|p2a: Noivern\n|-damage|p2a: Noivern|0 fnt\n|faint|p2a: Noivern\n|\n|win|cesar dios pokemon\n||Slicc Micc is ready for game 3.\n||cesar dios pokemon is ready for game 3.\n|uhtml|next|Next: <a href=\"/battle-gen9championsvgc2026regma-2587648552\"><strong>Game 3 of 3</strong></a>\n|l| crotchety old man\n|l|\u2606cesar dios pokemon\n|player|p1|\n|l|\u2606Slicc Micc\n|player|p2|\n|j|\u2606Slicc Micc\n|player|p2|Slicc Micc|101|\n",
  "uploadtime": 1776550563,
  "views": 35,
  "formatid": "gen9championsvgc2026regma",
  "rating": null,
  "private": 0,
  "password": null
}