{
  "id": "gen9championsvgc2026regma-2581788383",
  "format": "[Gen 9 Champions] VGC 2026 Reg M-A",
  "players": [
    "KermitFrogge",
    "Tiefighter450"
  ],
  "log": "|j|\u2606KermitFrogge\n|j|\u2606Tiefighter450\n|t:|1776028469\n|gametype|doubles\n|player|p1|KermitFrogge|unknown|1134\n|player|p2|Tiefighter450|1|1075\n|gen|9\n|tier|[Gen 9 Champions] VGC 2026 Reg M-A\n|rated|\n|rule|Species Clause: Limit one of each Pok\u00e9mon\n|rule|Item Clause: Limit 1 of each item\n|clearpoke\n|poke|p1|Rotom-Mow, L50|\n|poke|p1|Aerodactyl, L50, F|\n|poke|p1|Tyranitar, L50, M|\n|poke|p1|Garchomp, L50, F|\n|poke|p1|Scizor, L50, M|\n|poke|p1|Sneasler, L50, M|\n|poke|p2|Tyranitar, L50, F|\n|poke|p2|Sinistcha, L50|\n|poke|p2|Aegislash, L50, M|\n|poke|p2|Garchomp, L50, M|\n|poke|p2|Golurk, L50|\n|poke|p2|Excadrill, L50, M|\n|teampreview|4\n|j| MyPetDolliv\n|l| MyPetDolliv\n|\n|t:|1776028503\n|teamsize|p1|4\n|teamsize|p2|4\n|start\n|switch|p1a: Tyranitar|Tyranitar, L50, M|100/100\n|switch|p1b: Garchomp|Garchomp, L50, F|100/100\n|switch|p2a: Tyranitar|Tyranitar, L50, F|100/100\n|switch|p2b: Sinistcha|Sinistcha, L50|100/100\n|-weather|Sandstorm|[from] ability: Sand Stream|[of] p1a: Tyranitar\n|turn|1\n|\n|t:|1776028527\n|move|p1b: Garchomp|Dragon Claw|p2b: Sinistcha\n|-damage|p2b: Sinistcha|62/100\n|move|p1a: Tyranitar|Knock Off|p2b: Sinistcha\n|-supereffective|p2b: Sinistcha|1\n|-damage|p2b: Sinistcha|0 fnt\n|-enditem|p2b: Sinistcha|Leftovers|[from] move: Knock Off|[of] p1a: Tyranitar\n|faint|p2b: Sinistcha\n|move|p2a: Tyranitar|Dragon Dance|p2a: Tyranitar\n|-boost|p2a: Tyranitar|atk|1\n|-boost|p2a: Tyranitar|spe|1\n|\n|-weather|Sandstorm|[upkeep]\n|upkeep\n|\n|t:|1776028545\n|switch|p2b: Golurk|Golurk, L50|100/100\n|turn|2\n|\n|t:|1776028556\n|move|p1a: Tyranitar|Protect|p1a: Tyranitar\n|-singleturn|p1a: Tyranitar|Protect\n|move|p1b: Garchomp|Earthquake|p2b: Golurk|[spread] p2a,p2b\n|-activate|p1a: Tyranitar|move: Protect\n|-supereffective|p2a: Tyranitar|1\n|-damage|p2a: Tyranitar|45/100\n|-damage|p2b: Golurk|47/100\n|move|p2a: Tyranitar|Knock Off|p1b: Garchomp|[miss]\n|-miss|p2a: Tyranitar|p1b: Garchomp\n|move|p2b: Golurk|Dynamic Punch|p1a: Tyranitar\n|-activate|p1a: Tyranitar|move: Protect\n|\n|-weather|Sandstorm|[upkeep]\n|upkeep\n|turn|3\n|\n|t:|1776028573\n|move|p1b: Garchomp|Dragon Claw|p2a: Tyranitar\n|-damage|p2a: Tyranitar|12/100\n|move|p1a: Tyranitar|Knock Off|p2b: Golurk\n|-supereffective|p2b: Golurk|1\n|-damage|p2b: Golurk|0 fnt\n|faint|p2b: Golurk\n|move|p2a: Tyranitar|Knock Off|p1b: Garchomp|[miss]\n|-miss|p2a: Tyranitar|p1b: Garchomp\n|\n|-weather|Sandstorm|[upkeep]\n|upkeep\n|c|\u2606KermitFrogge|crazy\n|\n|t:|1776028583\n|switch|p2b: Garchomp|Garchomp, L50, M|100/100\n|turn|4\n|\n|t:|1776028594\n|move|p2a: Tyranitar|Protect|p2a: Tyranitar\n|-singleturn|p2a: Tyranitar|Protect\n|move|p2b: Garchomp|Outrage|p1b: Garchomp|[miss]\n|-miss|p2b: Garchomp|p1b: Garchomp\n|move|p1b: Garchomp|Dragon Claw|p2a: Tyranitar\n|-activate|p2a: Tyranitar|move: Protect\n|move|p1a: Tyranitar|Ice Punch|p2b: Garchomp|[miss]\n|-miss|p1a: Tyranitar|p2b: Garchomp\n|\n|-weather|Sandstorm|[upkeep]\n|upkeep\n|turn|5\n|c|\u2606KermitFrogge|crazy\n|c|\u2606KermitFrogge|crazy\n|\n|t:|1776028615\n|detailschange|p2a: Tyranitar|Tyranitar-Mega, L50, F\n|-mega|p2a: Tyranitar|Tyranitar|Tyranitarite\n|move|p2b: Garchomp|Outrage|p1b: Garchomp\n|-supereffective|p1b: Garchomp|1\n|-damage|p1b: Garchomp|0 fnt\n|faint|p1b: Garchomp\n|move|p2a: Tyranitar|Knock Off|p1a: Tyranitar\n|-resisted|p1a: Tyranitar|1\n|-damage|p1a: Tyranitar|52/100\n|-enditem|p1a: Tyranitar|Focus Sash|[from] move: Knock Off|[of] p2a: Tyranitar\n|move|p1a: Tyranitar|Ice Punch|p2b: Garchomp|[miss]\n|-miss|p1a: Tyranitar|p2b: Garchomp\n|\n|-weather|none\n|upkeep\n|\n|t:|1776028626\n|switch|p1b: Rotom|Rotom-Mow, L50|100/100\n|turn|6\n|\n|t:|1776028639\n|move|p1b: Rotom|Leaf Storm|p2a: Tyranitar|[miss]\n|-miss|p1b: Rotom|p2a: Tyranitar\n|move|p2b: Garchomp|Outrage|p1b: Rotom|[from] lockedmove\n|-damage|p1b: Rotom|24/100\n|move|p2a: Tyranitar|Knock Off|p1b: Rotom\n|-damage|p1b: Rotom|0 fnt\n|-enditem|p1b: Rotom|Choice Scarf|[from] move: Knock Off|[of] p2a: Tyranitar\n|faint|p1b: Rotom\n|move|p1a: Tyranitar|Ice Punch|p2b: Garchomp\n|-supereffective|p2b: Garchomp|2\n|-damage|p2b: Garchomp|0 fnt\n|faint|p2b: Garchomp\n|\n|upkeep\n|c|\u2606KermitFrogge|crazu\n|\n|t:|1776028646\n|switch|p1b: Aerodactyl|Aerodactyl, L50, F|100/100\n|-ability|p1b: Aerodactyl|Unnerve\n|turn|7\n|\n|t:|1776028659\n|detailschange|p1b: Aerodactyl|Aerodactyl-Mega, L50, F\n|-mega|p1b: Aerodactyl|Aerodactyl|Aerodactylite\n|move|p1b: Aerodactyl|Rock Slide|p2a: Tyranitar\n|-damage|p2a: Tyranitar|0 fnt\n|faint|p2a: Tyranitar\n|\n|win|KermitFrogge\n|raw|KermitFrogge's rating: 1134 &rarr; <strong>1155</strong><br />(+21 for winning)\n|raw|Tiefighter450's rating: 1075 &rarr; <strong>1057</strong><br />(-18 for losing)\n",
  "uploadtime": 1776028663,
  "views": 11,
  "formatid": "gen9championsvgc2026regma",
  "rating": 1057,
  "private": 0,
  "password": null
}