{
  "id": "gen9championsvgc2026regma-2582513227",
  "format": "[Gen 9 Champions] VGC 2026 Reg M-A",
  "players": [
    "KinimaP",
    "randomskillswapp"
  ],
  "log": "|j|\u2606KinimaP\n|j|\u2606randomskillswapp\n|t:|1776096483\n|gametype|doubles\n|player|p1|KinimaP|169|1228\n|player|p2|randomskillswapp|lucian|1129\n|gen|9\n|tier|[Gen 9 Champions] VGC 2026 Reg M-A\n|rated|\n|rule|Species Clause: Limit one of each Pok\u00e9mon\n|rule|Item Clause: Limit 1 of each item\n|clearpoke\n|poke|p1|Floette-Eternal, L50, F|\n|poke|p1|Talonflame, L50, F|\n|poke|p1|Basculegion, L50, M|\n|poke|p1|Garchomp, L50, M|\n|poke|p1|Maushold-Four, L50|\n|poke|p1|Kingambit, L50, F|\n|poke|p2|Victreebel, L50, F|\n|poke|p2|Aegislash, L50, M|\n|poke|p2|Arcanine-Hisui, L50, F|\n|poke|p2|Liepard, L50, F|\n|poke|p2|Rotom-Wash, L50|\n|poke|p2|Floette-Eternal, L50, F|\n|teampreview|4\n|inactive|Battle timer is ON: inactive players will automatically lose when time's up. (requested by randomskillswapp)\n|inactive|KinimaP has 60 seconds left.\n|inactive|KinimaP has 30 seconds left.\n|inactive|KinimaP has 20 seconds left.\n|inactive|KinimaP has 15 seconds left.\n|inactive|KinimaP has 10 seconds left.\n|\n|t:|1776096566\n|teamsize|p1|4\n|teamsize|p2|4\n|start\n|switch|p1a: Basculegion|Basculegion, L50, M|100/100\n|switch|p1b: Kingambit|Kingambit, L50, F|100/100\n|switch|p2a: Arcanine|Arcanine-Hisui, L50, F|100/100\n|switch|p2b: Liepard|Liepard, L50, F, shiny|100/100\n|-ability|p2a: Arcanine|Intimidate|boost\n|-unboost|p1a: Basculegion|atk|1\n|-unboost|p1b: Kingambit|atk|1\n|-ability|p1b: Kingambit|Defiant|boost\n|-boost|p1b: Kingambit|atk|2\n|turn|1\n|\n|t:|1776096583\n|move|p1b: Kingambit|Protect|p1b: Kingambit\n|-singleturn|p1b: Kingambit|Protect\n|move|p2b: Liepard|Fake Out|p1b: Kingambit\n|-activate|p1b: Kingambit|move: Protect\n|move|p1a: Basculegion|Flip Turn|p2a: Arcanine\n|-supereffective|p2a: Arcanine|2\n|-enditem|p2a: Arcanine|Focus Sash\n|-damage|p2a: Arcanine|1/100\n|\n|t:|1776096594\n|switch|p1a: Floette|Floette-Eternal, L50, F|100/100|[from] Flip Turn\n|move|p2a: Arcanine|Flare Blitz|p1b: Kingambit\n|-activate|p1b: Kingambit|move: Protect\n|\n|upkeep\n|turn|2\n|\n|t:|1776096616\n|detailschange|p1a: Floette|Floette-Mega, L50, F\n|-mega|p1a: Floette|Floette|Floettite\n|-ability|p1a: Floette|Fairy Aura\n|move|p2a: Arcanine|Protect|p2a: Arcanine\n|-singleturn|p2a: Arcanine|Protect\n|move|p1b: Kingambit|Sucker Punch||[still]\n|-fail|p1b: Kingambit\n|move|p2b: Liepard|Snarl|p1b: Kingambit|[spread] p1a,p1b\n|-resisted|p1a: Floette|1\n|-resisted|p1b: Kingambit|1\n|-damage|p1a: Floette|96/100\n|-damage|p1b: Kingambit|95/100\n|-unboost|p1a: Floette|spa|1\n|-unboost|p1b: Kingambit|spa|1\n|-ability|p1b: Kingambit|Defiant|boost\n|-boost|p1b: Kingambit|atk|2\n|move|p1a: Floette|Dazzling Gleam|p2b: Liepard|[spread] p2b\n|-activate|p2a: Arcanine|move: Protect\n|-supereffective|p2b: Liepard|1\n|-damage|p2b: Liepard|0 fnt\n|faint|p2b: Liepard\n|\n|upkeep\n|\n|t:|1776096629\n|switch|p2b: Victreebel|Victreebel, L50, F|100/100\n|turn|3\n|\n|t:|1776096653\n|detailschange|p2b: Victreebel|Victreebel-Mega, L50, F\n|-mega|p2b: Victreebel|Victreebel|Victreebelite\n|move|p1b: Kingambit|Protect|p1b: Kingambit\n|-singleturn|p1b: Kingambit|Protect\n|move|p2a: Arcanine|Flare Blitz|p1b: Kingambit\n|-activate|p1b: Kingambit|move: Protect\n|move|p1a: Floette|Dazzling Gleam|p2a: Arcanine|[spread] p2a,p2b\n|-resisted|p2a: Arcanine|1\n|-resisted|p2b: Victreebel|1\n|-damage|p2a: Arcanine|0 fnt\n|-damage|p2b: Victreebel|84/100\n|faint|p2a: Arcanine\n|move|p2b: Victreebel|Sleep Powder|p1b: Kingambit\n|-activate|p1b: Kingambit|move: Protect\n|\n|upkeep\n|\n|t:|1776096656\n|switch|p2a: Floette|Floette-Eternal, L50, F|100/100\n|turn|4\n|inactive|KinimaP has 30 seconds left.\n|\n|t:|1776096683\n|move|p1b: Kingambit|Sucker Punch|p2a: Floette\n|-resisted|p2a: Floette|1\n|-damage|p2a: Floette|42/100\n|move|p1a: Floette|Calm Mind|p1a: Floette\n|-boost|p1a: Floette|spa|1\n|-boost|p1a: Floette|spd|1\n|move|p2a: Floette|Light of Ruin|p1a: Floette\n|-damage|p1a: Floette|41/100\n|-damage|p2a: Floette|19/100|[from] Recoil\n|move|p2b: Victreebel|Giga Drain|p1a: Floette\n|-damage|p1a: Floette|17/100\n|-heal|p2b: Victreebel|94/100|[from] drain|[of] p1a: Floette\n|\n|upkeep\n|turn|5\n|\n|t:|1776096705\n|move|p2a: Floette|Protect|p2a: Floette\n|-singleturn|p2a: Floette|Protect\n|move|p1b: Kingambit|Sucker Punch||[still]\n|-fail|p1b: Kingambit\n|move|p1a: Floette|Moonblast|p2b: Victreebel\n|-resisted|p2b: Victreebel|1\n|-damage|p2b: Victreebel|50/100\n|move|p2b: Victreebel|Sludge Bomb|p1a: Floette\n|-supereffective|p1a: Floette|1\n|-damage|p1a: Floette|0 fnt\n|faint|p1a: Floette\n|\n|upkeep\n|\n|t:|1776096709\n|switch|p1a: Basculegion|Basculegion, L50, M|100/100\n|turn|6\n|\n|t:|1776096717\n|move|p1b: Kingambit|Sucker Punch|p2a: Floette\n|-resisted|p2a: Floette|1\n|-damage|p2a: Floette|0 fnt\n|faint|p2a: Floette\n|move|p1a: Basculegion|Last Respects|p2b: Victreebel\n|-damage|p2b: Victreebel|0 fnt\n|-damage|p1a: Basculegion|53/100|[from] ability: Innards Out|[of] p2b: Victreebel\n|faint|p2b: Victreebel\n|\n|win|KinimaP\n|raw|KinimaP's rating: 1228 &rarr; <strong>1247</strong><br />(+19 for winning)\n|raw|randomskillswapp's rating: 1147 &rarr; <strong>1128</strong><br />(-19 for losing)\n",
  "uploadtime": 1776096750,
  "views": 31,
  "formatid": "gen9championsvgc2026regma",
  "rating": 1128,
  "private": 0,
  "password": null
}