{
  "id": "gen9championsvgc2026regma-2584660507",
  "format": "[Gen 9 Champions] VGC 2026 Reg M-A",
  "players": [
    "AquaticPanic",
    "zan81"
  ],
  "log": "|j|\u2606AquaticPanic\n|j|\u2606zan81\n|t:|1776275093\n|gametype|doubles\n|player|p1|AquaticPanic|1|1270\n|player|p2|zan81|170|1337\n|gen|9\n|tier|[Gen 9 Champions] VGC 2026 Reg M-A\n|rated|\n|rule|Species Clause: Limit one of each Pok\u00e9mon\n|rule|Item Clause: Limit 1 of each item\n|clearpoke\n|poke|p1|Gengar, L50, F|\n|poke|p1|Whimsicott, L50, M|\n|poke|p1|Sneasler, L50, M|\n|poke|p1|Rotom-Wash, L50|\n|poke|p1|Kingambit, L50, M|\n|poke|p1|Farigiraf, L50, F|\n|poke|p2|Kingambit, L50, M|\n|poke|p2|Sneasler, L50, M|\n|poke|p2|Basculegion, L50, M|\n|poke|p2|Froslass, L50, F|\n|poke|p2|Delphox, L50, F|\n|poke|p2|Whimsicott, L50, F|\n|teampreview|4\n|inactive|Battle timer is ON: inactive players will automatically lose when time's up. (requested by zan81)\n|inactive|zan81 has 60 seconds left.\n|\n|t:|1776275146\n|teamsize|p1|4\n|teamsize|p2|4\n|start\n|switch|p1a: Kingambit|Kingambit, L50, M|100/100\n|switch|p1b: Rotom|Rotom-Wash, L50|100/100\n|switch|p2a: Gerar r|Kingambit, L50, M|100/100\n|switch|p2b: Kinki the goat|Sneasler, L50, M|100/100\n|turn|1\n|\n|t:|1776275160\n|move|p1a: Kingambit|Protect|p1a: Kingambit\n|-singleturn|p1a: Kingambit|Protect\n|move|p2b: Kinki the goat|Fake Out|p1b: Rotom\n|-damage|p1b: Rotom|82/100\n|cant|p1b: Rotom|flinch\n|move|p2a: Gerar r|Low Kick|p1a: Kingambit\n|-activate|p1a: Kingambit|move: Protect\n|\n|upkeep\n|turn|2\n|\n|t:|1776275178\n|switch|p1a: Whimsicott|Whimsicott, L50, M|100/100\n|move|p1b: Rotom|Trick|p2a: Gerar r\n|-activate|p1b: Rotom|move: Trick|[of] p2a: Gerar r\n|-item|p2a: Gerar r|Choice Scarf|[from] move: Trick\n|-item|p1b: Rotom|Chople Berry|[from] move: Trick\n|move|p2b: Kinki the goat|Close Combat|p1a: Whimsicott\n|-resisted|p1a: Whimsicott|1\n|-damage|p1a: Whimsicott|65/100\n|-unboost|p2b: Kinki the goat|def|1\n|-unboost|p2b: Kinki the goat|spd|1\n|-enditem|p2b: Kinki the goat|White Herb\n|-clearnegativeboost|p2b: Kinki the goat|[silent]\n|move|p2a: Gerar r|Kowtow Cleave|p1a: Whimsicott\n|-resisted|p1a: Whimsicott|1\n|-damage|p1a: Whimsicott|33/100\n|\n|upkeep\n|turn|3\n|\n|t:|1776275201\n|move|p1a: Whimsicott|Encore|p2b: Kinki the goat\n|-start|p2b: Kinki the goat|Encore\n|move|p2b: Kinki the goat|Close Combat|p1a: Whimsicott\n|-resisted|p1a: Whimsicott|1\n|-damage|p1a: Whimsicott|0 fnt\n|-unboost|p2b: Kinki the goat|def|1\n|-unboost|p2b: Kinki the goat|spd|1\n|faint|p1a: Whimsicott\n|move|p1b: Rotom|Volt Switch|p2a: Gerar r\n|-damage|p2a: Gerar r|66/100\n|\n|t:|1776275211\n|switch|p1b: Kingambit|Kingambit, L50, M|100/100|[from] Volt Switch\n|move|p2a: Gerar r|Kowtow Cleave|p1b: Kingambit\n|-resisted|p1b: Kingambit|1\n|-damage|p1b: Kingambit|82/100\n|\n|upkeep\n|\n|t:|1776275216\n|switch|p1a: Gengar|Gengar, L50, F|100/100\n|turn|4\n|\n|t:|1776275224\n|detailschange|p1a: Gengar|Gengar-Mega, L50, F\n|-mega|p1a: Gengar|Gengar|Gengarite\n|move|p1b: Kingambit|Protect|p1b: Kingambit\n|-singleturn|p1b: Kingambit|Protect\n|move|p2b: Kinki the goat|Close Combat|p1b: Kingambit\n|-activate|p1b: Kingambit|move: Protect\n|move|p1a: Gengar|Disable|p2a: Gerar r\n|-start|p2a: Gerar r|Disable|Kowtow Cleave\n|cant|p2a: Gerar r|Disable|Kowtow Cleave\n|\n|upkeep\n|turn|5\n|\n|t:|1776275241\n|move|p1b: Kingambit|Sucker Punch|p2b: Kinki the goat\n|-resisted|p2b: Kinki the goat|1\n|-damage|p2b: Kinki the goat|32/100\n|move|p2b: Kinki the goat|Close Combat|p1b: Kingambit\n|-supereffective|p1b: Kingambit|2\n|-damage|p1b: Kingambit|0 fnt\n|-unboost|p2b: Kinki the goat|def|1\n|-unboost|p2b: Kinki the goat|spd|1\n|faint|p1b: Kingambit\n|move|p1a: Gengar|Shadow Ball|p2b: Kinki the goat\n|-damage|p2b: Kinki the goat|0 fnt\n|faint|p2b: Kinki the goat\n|-activate|p2a: Gerar r|move: Struggle\n|move|p2a: Gerar r|Struggle|p1a: Gengar\n|-damage|p1a: Gengar|74/100\n|-damage|p2a: Gerar r|41/100|[from] recoil\n|\n|upkeep\n|\n|t:|1776275259\n|switch|p2b: Duni|Delphox, L50, F|100/100\n|switch|p1b: Rotom|Rotom-Wash, L50|82/100\n|turn|6\n|\n|t:|1776275273\n|move|p1a: Gengar|Protect|p1a: Gengar\n|-singleturn|p1a: Gengar|Protect\n|move|p2b: Duni|Protect|p2b: Duni\n|-singleturn|p2b: Duni|Protect\n|move|p1b: Rotom|Electroweb|p2b: Duni|[spread] p2a\n|-activate|p2b: Duni|move: Protect\n|-damage|p2a: Gerar r|22/100\n|-unboost|p2a: Gerar r|spe|1\n|-ability|p2a: Gerar r|Defiant|boost\n|-boost|p2a: Gerar r|atk|2\n|-activate|p2a: Gerar r|move: Struggle\n|move|p2a: Gerar r|Struggle|p1a: Gengar\n|-activate|p1a: Gengar|move: Protect\n|\n|upkeep\n|turn|7\n|\n|t:|1776275296\n|detailschange|p2b: Duni|Delphox-Mega, L50, F\n|-mega|p2b: Duni|Delphox|Delphoxite\n|move|p2b: Duni|Substitute|p2b: Duni\n|-start|p2b: Duni|Substitute\n|-damage|p2b: Duni|75/100\n|move|p1a: Gengar|Shadow Ball|p2b: Duni\n|-supereffective|p2b: Duni|1\n|-crit|p2b: Duni\n|-end|p2b: Duni|Substitute\n|move|p1b: Rotom|Hydro Pump|p2b: Duni\n|-supereffective|p2b: Duni|1\n|-damage|p2b: Duni|0 fnt\n|faint|p2b: Duni\n|-activate|p2a: Gerar r|move: Struggle\n|move|p2a: Gerar r|Struggle|p1b: Rotom\n|-damage|p1b: Rotom|30/100\n|-damage|p2a: Gerar r|0 fnt|[from] recoil\n|faint|p2a: Gerar r\n|\n|upkeep\n|\n|t:|1776275312\n|switch|p2b: slave|Whimsicott, L50, F|100/100\n|turn|8\n|\n|t:|1776275323\n|move|p1a: Gengar|Sludge Bomb|p2b: slave\n|-supereffective|p2b: slave|2\n|-crit|p2b: slave\n|-enditem|p2b: slave|Focus Sash\n|-damage|p2b: slave|1/100\n|move|p2b: slave|Moonblast|p1a: Gengar\n|-resisted|p1a: Gengar|1\n|-damage|p1a: Gengar|59/100\n|move|p1b: Rotom|Hydro Pump|p2b: slave\n|-resisted|p2b: slave|1\n|-damage|p2b: slave|0 fnt\n|faint|p2b: slave\n|\n|win|AquaticPanic\n|raw|AquaticPanic's rating: 1270 &rarr; <strong>1300</strong><br />(+30 for winning)\n|raw|zan81's rating: 1337 &rarr; <strong>1313</strong><br />(-24 for losing)\n|l|\u2606zan81\n|player|p2|\n",
  "uploadtime": 1776275342,
  "views": 34,
  "formatid": "gen9championsvgc2026regma",
  "rating": 1300,
  "private": 0,
  "password": null
}