{
  "id": "gen9championsvgc2026regma-2580787263",
  "format": "[Gen 9 Champions] VGC 2026 Reg M-A",
  "players": [
    "Rk pokemons",
    "essin"
  ],
  "log": "|j|\u2606Rk pokemons\n|j|\u2606essin\n|t:|1775932452\n|gametype|doubles\n|player|p1|Rk pokemons|265|1110\n|player|p2|essin|265|1104\n|gen|9\n|tier|[Gen 9 Champions] VGC 2026 Reg M-A\n|rated|\n|rule|Species Clause: Limit one of each Pok\u00e9mon\n|rule|Item Clause: Limit 1 of each item\n|clearpoke\n|poke|p1|Charizard, L50, F|\n|poke|p1|Venusaur, L50, M|\n|poke|p1|Blastoise, L50, F|\n|poke|p1|Pelipper, L50, F|\n|poke|p1|Meowstic, L50, M|\n|poke|p1|Garchomp, L50, M|\n|poke|p2|Hawlucha, L50, M|\n|poke|p2|Excadrill, L50, F|\n|poke|p2|Kingambit, L50, F|\n|poke|p2|Whimsicott, L50, F|\n|poke|p2|Weavile, L50, F|\n|poke|p2|Tyranitar, L50, F|\n|teampreview|4\n|inactive|Battle timer is ON: inactive players will automatically lose when time's up. (requested by Rk pokemons)\n|\n|t:|1775932466\n|teamsize|p1|4\n|teamsize|p2|4\n|start\n|switch|p1a: Blastoise|Blastoise, L50, F|100/100\n|switch|p1b: Meowstic|Meowstic, L50, M|100/100\n|switch|p2a: Hawlucha|Hawlucha, L50, M|100/100\n|switch|p2b: Excadrill|Excadrill, L50, F|100/100\n|turn|1\n|\n|t:|1775932487\n|detailschange|p2a: Hawlucha|Hawlucha-Mega, L50, M\n|-mega|p2a: Hawlucha|Hawlucha|Hawluchanite\n|move|p1b: Meowstic|Skill Swap|p2a: Hawlucha\n|-activate|p1b: Meowstic|Skill Swap|No Guard|Prankster|[of] p2a: Hawlucha\n|move|p2a: Hawlucha|Entrainment|p2b: Excadrill\n|-ability|p2b: Excadrill|Prankster|Sand Rush|[from] move: Entrainment|[of] p2a: Hawlucha\n|move|p1a: Blastoise|Shell Smash|p1a: Blastoise\n|-unboost|p1a: Blastoise|def|1\n|-unboost|p1a: Blastoise|spd|1\n|-boost|p1a: Blastoise|atk|2\n|-boost|p1a: Blastoise|spa|2\n|-boost|p1a: Blastoise|spe|2\n|-enditem|p1a: Blastoise|White Herb\n|-clearnegativeboost|p1a: Blastoise|[silent]\n|move|p2b: Excadrill|Horn Drill|p1b: Meowstic\n|-damage|p1b: Meowstic|0 fnt\n|faint|p1b: Meowstic\n|-ohko\n|\n|upkeep\n|c|\u2606Rk pokemons|What\n|c|\u2606essin|lmao\n|inactive|Rk pokemons has 30 seconds left.\n|\n|t:|1775932517\n|switch|p1b: Pelipper|Pelipper, L50, F|100/100\n|-weather|RainDance|[from] ability: Drizzle|[of] p1b: Pelipper\n|turn|2\n|c|\u2606Rk pokemons|Funniest thing ever seen\n|inactive|Rk pokemons has 30 seconds left.\n|inactive|essin has 30 seconds left.\n|\n|t:|1775932549\n|move|p2a: Hawlucha|Entrainment|p1a: Blastoise\n|-ability|p1a: Blastoise|Prankster|Rain Dish|[from] move: Entrainment|[of] p2a: Hawlucha\n|move|p1a: Blastoise|Water Spout|p2a: Hawlucha|[spread] p2a,p2b\n|-supereffective|p2b: Excadrill|1\n|-damage|p2a: Hawlucha|0 fnt\n|-enditem|p2b: Excadrill|Focus Sash\n|-damage|p2b: Excadrill|1/100\n|faint|p2a: Hawlucha\n|move|p2b: Excadrill|Earthquake|p1b: Pelipper|[spread] p1a\n|-immune|p1b: Pelipper\n|-damage|p1a: Blastoise|58/100\n|move|p1b: Pelipper|Hurricane|p2b: Excadrill\n|-resisted|p2b: Excadrill|1\n|-damage|p2b: Excadrill|0 fnt\n|faint|p2b: Excadrill\n|\n|-weather|RainDance|[upkeep]\n|upkeep\n|\n|t:|1775932565\n|switch|p2a: Kingambit|Kingambit, L50, F|100/100\n|switch|p2b: Whimsicott|Whimsicott, L50, F|100/100\n|turn|3\n|inactive|Rk pokemons has 30 seconds left.\n|inactive|essin has 30 seconds left.\n|\n|t:|1775932596\n|move|p2b: Whimsicott|Tailwind|p2b: Whimsicott\n|-sidestart|p2: essin|move: Tailwind\n|move|p2a: Kingambit|Sucker Punch|p1a: Blastoise\n|-damage|p1a: Blastoise|6/100\n|move|p1a: Blastoise|Water Spout|p2b: Whimsicott|[spread] p2a,p2b\n|-resisted|p2b: Whimsicott|1\n|-damage|p2a: Kingambit|93/100\n|-damage|p2b: Whimsicott|97/100\n|move|p1b: Pelipper|Weather Ball|p2a: Kingambit\n|-damage|p2a: Kingambit|18/100\n|\n|-weather|RainDance|[upkeep]\n|upkeep\n|turn|4\n|\n|t:|1775932620\n|move|p2a: Kingambit|Protect|p2a: Kingambit\n|-singleturn|p2a: Kingambit|Protect\n|move|p2b: Whimsicott|Moonblast|p1a: Blastoise\n|-damage|p1a: Blastoise|0 fnt\n|faint|p1a: Blastoise\n|move|p1b: Pelipper|Weather Ball|p2a: Kingambit\n|-activate|p2a: Kingambit|move: Protect\n|\n|-weather|RainDance|[upkeep]\n|upkeep\n|\n|t:|1775932623\n|switch|p1a: Garchomp|Garchomp, L50, M|100/100\n|turn|5\n|\n|t:|1775932642\n|move|p1a: Garchomp|Protect|p1a: Garchomp\n|-singleturn|p1a: Garchomp|Protect\n|move|p2b: Whimsicott|Moonblast|p1a: Garchomp\n|-activate|p1a: Garchomp|move: Protect\n|move|p2a: Kingambit|Kowtow Cleave|p1a: Garchomp\n|-activate|p1a: Garchomp|move: Protect\n|move|p1b: Pelipper|Weather Ball|p2a: Kingambit\n|-damage|p2a: Kingambit|0 fnt\n|faint|p2a: Kingambit\n|\n|-weather|RainDance|[upkeep]\n|upkeep\n|turn|6\n|\n|t:|1775932658\n|move|p2b: Whimsicott|Moonblast|p1a: Garchomp\n|-supereffective|p1a: Garchomp|1\n|-damage|p1a: Garchomp|42/100\n|move|p1a: Garchomp|Rock Slide|p2b: Whimsicott|[miss]\n|-miss|p1a: Garchomp|p2b: Whimsicott\n|move|p1b: Pelipper|Hurricane|p2b: Whimsicott\n|-supereffective|p2b: Whimsicott|1\n|-damage|p2b: Whimsicott|0 fnt\n|faint|p2b: Whimsicott\n|\n|win|Rk pokemons\n|raw|Rk pokemons's rating: 1110 &rarr; <strong>1135</strong><br />(+25 for winning)\n|raw|essin's rating: 1104 &rarr; <strong>1079</strong><br />(-25 for losing)\n|l|\u2606essin\n|player|p2|\n",
  "uploadtime": 1775932678,
  "views": 25,
  "formatid": "gen9championsvgc2026regma",
  "rating": 1079,
  "private": 0,
  "password": null
}