{
  "id": "gen9championsvgc2026regma-2587014664",
  "format": "[Gen 9 Champions] VGC 2026 Reg M-A",
  "players": [
    "aukrizm",
    "Amukhan"
  ],
  "log": "|j|\u2606aukrizm\n|j|\u2606Amukhan\n|t:|1776481373\n|gametype|doubles\n|player|p1|aukrizm|bugcatcher-gen4dp|1081\n|player|p2|Amukhan|ingo|1177\n|gen|9\n|tier|[Gen 9 Champions] VGC 2026 Reg M-A\n|rated|\n|rule|Species Clause: Limit one of each Pok\u00e9mon\n|rule|Item Clause: Limit 1 of each item\n|clearpoke\n|poke|p1|Golurk, L50|\n|poke|p1|Incineroar, L50, M|\n|poke|p1|Torkoal, L50, M|\n|poke|p1|Venusaur, L50, M|\n|poke|p1|Sneasler, L50, M|\n|poke|p1|Farigiraf, L50, F|\n|poke|p2|Froslass, L50, F|\n|poke|p2|Kommo-o, L50, M|\n|poke|p2|Sinistcha, L50|\n|poke|p2|Snorlax, L50, F|\n|poke|p2|Incineroar, L50, F|\n|poke|p2|Aerodactyl, L50, F|\n|teampreview|4\n|j| k1mins\n|inactive|Battle timer is ON: inactive players will automatically lose when time's up. (requested by Amukhan)\n|c|\u2606Amukhan|Hello\n|c|\u2606aukrizm|bonjour\n|\n|t:|1776481456\n|teamsize|p1|4\n|teamsize|p2|4\n|start\n|switch|p1a: Venusaur|Venusaur, L50, M|100/100\n|switch|p1b: Torkoal|Torkoal, L50, M|100/100\n|switch|p2a: Froslass|Froslass, L50, F, shiny|100/100\n|switch|p2b: Kommo-o|Kommo-o, L50, M|100/100\n|-weather|SunnyDay|[from] ability: Drought|[of] p1b: Torkoal\n|turn|1\n|inactive|aukrizm has 30 seconds left.\n|inactive|Amukhan has 30 seconds left.\n|inactive|aukrizm has 20 seconds left.\n|inactive|aukrizm has 15 seconds left.\n|inactive|aukrizm has 10 seconds left.\n|\n|t:|1776481502\n|switch|p1b: Farigiraf|Farigiraf, L50, F|100/100\n|detailschange|p2a: Froslass|Froslass-Mega, L50, F, shiny\n|-mega|p2a: Froslass|Froslass|Froslassite\n|-weather|Snowscape|[from] ability: Snow Warning|[of] p2a: Froslass\n|move|p2b: Kommo-o|Clangorous Soul|p2b: Kommo-o\n|-boost|p2b: Kommo-o|atk|1\n|-boost|p2b: Kommo-o|def|1\n|-boost|p2b: Kommo-o|spa|1\n|-boost|p2b: Kommo-o|spd|1\n|-boost|p2b: Kommo-o|spe|1\n|-damage|p2b: Kommo-o|68/100\n|move|p2a: Froslass|Aurora Veil|p2a: Froslass\n|-sidestart|p2: Amukhan|move: Aurora Veil\n|move|p1a: Venusaur|Sleep Powder|p2a: Froslass\n|-status|p2a: Froslass|slp|[from] move: Sleep Powder\n|\n|-weather|Snowscape|[upkeep]\n|upkeep\n|turn|2\n|inactive|aukrizm has 30 seconds left.\n|inactive|Amukhan has 30 seconds left.\n|inactive|Amukhan has 20 seconds left.\n|inactive|Amukhan has 15 seconds left.\n|\n|t:|1776481547\n|switch|p1b: Torkoal|Torkoal, L50, M|100/100\n|-weather|SunnyDay|[from] ability: Drought|[of] p1b: Torkoal\n|move|p1a: Venusaur|Sleep Powder|p2b: Kommo-o|[miss]\n|-miss|p1a: Venusaur|p2b: Kommo-o\n|move|p2b: Kommo-o|Clanging Scales|p1a: Venusaur|[spread] p1a,p1b\n|-damage|p1a: Venusaur|50/100\n|-damage|p1b: Torkoal|42/100\n|-unboost|p2b: Kommo-o|def|1\n|cant|p2a: Froslass|slp\n|\n|-weather|SunnyDay|[upkeep]\n|upkeep\n|turn|3\n|inactive|Amukhan has 30 seconds left.\n|inactive|Amukhan has 20 seconds left.\n|inactive|Amukhan has 15 seconds left.\n|\n|t:|1776481590\n|move|p2b: Kommo-o|Protect|p2b: Kommo-o\n|-singleturn|p2b: Kommo-o|Protect\n|move|p1a: Venusaur|Sleep Powder|p2b: Kommo-o\n|-activate|p2b: Kommo-o|move: Protect\n|-curestatus|p2a: Froslass|slp|[msg]\n|move|p2a: Froslass|Blizzard|p1a: Venusaur|[spread] p1a\n|-miss|p2a: Froslass|p1b: Torkoal\n|-supereffective|p1a: Venusaur|1\n|-crit|p1a: Venusaur\n|-damage|p1a: Venusaur|0 fnt\n|faint|p1a: Venusaur\n|move|p1b: Torkoal|Heat Wave|p2b: Kommo-o|[spread] p2a\n|-activate|p2b: Kommo-o|move: Protect\n|-supereffective|p2a: Froslass|1\n|-damage|p2a: Froslass|6/100\n|\n|-weather|SunnyDay|[upkeep]\n|upkeep\n|\n|t:|1776481607\n|switch|p1a: Farigiraf|Farigiraf, L50, F|100/100\n|turn|4\n|\n|t:|1776481614\n|switch|p2a: Sinistcha|Sinistcha, L50|100/100\n|-heal|p2b: Kommo-o|93/100|[from] ability: Hospitality|[of] p2a: Sinistcha\n|move|p1b: Torkoal|Protect|p1b: Torkoal\n|-singleturn|p1b: Torkoal|Protect\n|move|p2b: Kommo-o|Clanging Scales|p1b: Torkoal|[spread] p1a\n|-activate|p1b: Torkoal|move: Protect\n|-damage|p1a: Farigiraf|56/100\n|-unboost|p2b: Kommo-o|def|1\n|move|p1a: Farigiraf|Trick Room|p1a: Farigiraf\n|-fieldstart|move: Trick Room|[of] p1a: Farigiraf\n|\n|-weather|SunnyDay|[upkeep]\n|upkeep\n|turn|5\n|inactive|Amukhan has 30 seconds left.\n|inactive|Amukhan has 20 seconds left.\n|\n|t:|1776481652\n|switch|p2a: Froslass|Froslass-Mega, L50, F, shiny|6/100\n|-weather|Snowscape|[from] ability: Snow Warning|[of] p2a: Froslass\n|move|p1a: Farigiraf|Helping Hand|p1b: Torkoal\n|-singleturn|p1b: Torkoal|Helping Hand|[of] p1a: Farigiraf\n|move|p1b: Torkoal|Heat Wave|p2b: Kommo-o|[spread] p2b\n|-miss|p1b: Torkoal|p2a: Froslass\n|-resisted|p2b: Kommo-o|1\n|-damage|p2b: Kommo-o|82/100\n|move|p2b: Kommo-o|Clanging Scales|p1a: Farigiraf|[spread] p1a,p1b\n|-damage|p1a: Farigiraf|11/100\n|-damage|p1b: Torkoal|0 fnt\n|-enditem|p1a: Farigiraf|Sitrus Berry|[eat]\n|-heal|p1a: Farigiraf|36/100|[from] item: Sitrus Berry\n|faint|p1b: Torkoal\n|-unboost|p2b: Kommo-o|def|1\n|\n|-weather|Snowscape|[upkeep]\n|-sideend|p2: Amukhan|move: Aurora Veil\n|upkeep\n|\n|t:|1776481662\n|switch|p1b: Golurk|Golurk, L50|100/100\n|turn|6\n|\n|t:|1776481684\n|switch|p2a: Sinistcha|Sinistcha, L50|100/100\n|-heal|p2b: Kommo-o|100/100|[from] ability: Hospitality|[of] p2a: Sinistcha\n|detailschange|p1b: Golurk|Golurk-Mega, L50\n|-mega|p1b: Golurk|Golurk|Golurkite\n|move|p2b: Kommo-o|Protect|p2b: Kommo-o\n|-singleturn|p2b: Kommo-o|Protect\n|move|p1b: Golurk|Poltergeist|p2a: Sinistcha\n|-activate|p2a: Sinistcha|move: Poltergeist|Bright Powder\n|-supereffective|p2a: Sinistcha|1\n|-damage|p2a: Sinistcha|0 fnt\n|faint|p2a: Sinistcha\n|move|p1a: Farigiraf|Psychic|p2b: Kommo-o\n|-activate|p2b: Kommo-o|move: Protect\n|\n|-weather|Snowscape|[upkeep]\n|upkeep\n|\n|t:|1776481704\n|switch|p2a: Snorlax|Snorlax, L50, F|100/100\n|turn|7\n|\n|t:|1776481713\n|move|p2a: Snorlax|Crunch|p1b: Golurk\n|-supereffective|p1b: Golurk|1\n|-damage|p1b: Golurk|66/100\n|move|p1b: Golurk|Ice Punch|p2b: Kommo-o\n|-supereffective|p2b: Kommo-o|1\n|-damage|p2b: Kommo-o|7/100\n|-enditem|p2b: Kommo-o|Sitrus Berry|[eat]\n|-heal|p2b: Kommo-o|32/100|[from] item: Sitrus Berry\n|move|p1a: Farigiraf|Psychic|p2b: Kommo-o\n|-supereffective|p2b: Kommo-o|1\n|-damage|p2b: Kommo-o|0 fnt\n|faint|p2b: Kommo-o\n|\n|-weather|Snowscape|[upkeep]\n|upkeep\n|\n|t:|1776481728\n|switch|p2b: Froslass|Froslass-Mega, L50, F, shiny|6/100\n|turn|8\n|\n|t:|1776481744\n|move|p1b: Golurk|Protect|p1b: Golurk\n|-singleturn|p1b: Golurk|Protect\n|move|p2b: Froslass|Protect|p2b: Froslass\n|-singleturn|p2b: Froslass|Protect\n|move|p2a: Snorlax|Crunch|p1a: Farigiraf\n|-supereffective|p1a: Farigiraf|1\n|-damage|p1a: Farigiraf|0 fnt\n|faint|p1a: Farigiraf\n|\n|-weather|Snowscape|[upkeep]\n|-fieldend|move: Trick Room\n|upkeep\n|turn|9\n|\n|t:|1776481760\n|move|p2b: Froslass|Blizzard|p1b: Golurk\n|-supereffective|p1b: Golurk|1\n|-damage|p1b: Golurk|0 fnt\n|faint|p1b: Golurk\n|\n|win|Amukhan\n|raw|aukrizm's rating: 1081 &rarr; <strong>1065</strong><br />(-16 for losing)\n|raw|Amukhan's rating: 1177 &rarr; <strong>1195</strong><br />(+18 for winning)\n",
  "uploadtime": 1776481767,
  "views": 13,
  "formatid": "gen9championsvgc2026regma",
  "rating": 1065,
  "private": 0,
  "password": null
}