{
  "id": "gen9championsvgc2026regma-2582230764",
  "format": "[Gen 9 Champions] VGC 2026 Reg M-A",
  "players": [
    "freegrgrgr",
    "DavidTIS"
  ],
  "log": "|j|\u2606freegrgrgr\n|j|\u2606DavidTIS\n|t:|1776073983\n|gametype|doubles\n|player|p1|freegrgrgr|dawn|1193\n|player|p2|DavidTIS|volkner|1154\n|gen|9\n|tier|[Gen 9 Champions] VGC 2026 Reg M-A\n|rated|\n|rule|Species Clause: Limit one of each Pok\u00e9mon\n|rule|Item Clause: Limit 1 of each item\n|clearpoke\n|poke|p1|Floette-Eternal, L50, F|\n|poke|p1|Garchomp, L50, M|\n|poke|p1|Sinistcha, L50|\n|poke|p1|Talonflame, L50, M|\n|poke|p1|Kingambit, L50, M|\n|poke|p1|Delphox, L50, F|\n|poke|p2|Mimikyu, L50, M|\n|poke|p2|Chimecho, L50, M|\n|poke|p2|Lucario, L50, F|\n|poke|p2|Drampa, L50, M|\n|poke|p2|Starmie, L50|\n|poke|p2|Trevenant, L50, M|\n|teampreview|4\n|inactive|Battle timer is ON: inactive players will automatically lose when time's up. (requested by DavidTIS)\n|inactive|freegrgrgr has 60 seconds left.\n|inactive|DavidTIS has 60 seconds left.\n|\n|t:|1776074045\n|teamsize|p1|4\n|teamsize|p2|4\n|start\n|switch|p1a: Floette|Floette-Eternal, L50, F|100/100\n|switch|p1b: Sinistcha|Sinistcha, L50, shiny|100/100\n|switch|p2a: Mimikyu|Mimikyu, L50, M|100/100\n|switch|p2b: Starmie|Starmie, L50|100/100\n|turn|1\n|\n|t:|1776074069\n|detailschange|p2b: Starmie|Starmie-Mega, L50\n|-mega|p2b: Starmie|Starmie|Starminite\n|detailschange|p1a: Floette|Floette-Mega, L50, F\n|-mega|p1a: Floette|Floette|Floettite\n|-ability|p1a: Floette|Fairy Aura\n|move|p1b: Sinistcha|Rage Powder|p1b: Sinistcha\n|-singleturn|p1b: Sinistcha|move: Rage Powder\n|move|p2b: Starmie|Ice Spinner|p1b: Sinistcha\n|-supereffective|p1b: Sinistcha|1\n|-damage|p1b: Sinistcha|16/100\n|-enditem|p1b: Sinistcha|Sitrus Berry|[eat]\n|-heal|p1b: Sinistcha|41/100|[from] item: Sitrus Berry\n|move|p1a: Floette|Dazzling Gleam|p2a: Mimikyu|[spread] p2a,p2b\n|-activate|p2a: Mimikyu|ability: Disguise\n|-damage|p2a: Mimikyu|100/100\n|-damage|p2b: Starmie|38/100\n|detailschange|p2a: Mimikyu|Mimikyu-Busted, L50, M\n|-damage|p2a: Mimikyu|88/100|[from] pokemon: Mimikyu-Busted\n|move|p2a: Mimikyu|Shadow Claw|p1b: Sinistcha\n|-supereffective|p1b: Sinistcha|1\n|-damage|p1b: Sinistcha|0 fnt\n|faint|p1b: Sinistcha\n|\n|-heal|p2a: Mimikyu|94/100|[from] item: Leftovers\n|upkeep\n|\n|t:|1776074078\n|switch|p1b: Talonflame|Talonflame, L50, M, shiny|100/100\n|turn|2\n|\n|t:|1776074100\n|move|p1b: Talonflame|Tailwind|p1b: Talonflame\n|-sidestart|p1: freegrgrgr|move: Tailwind\n|move|p1a: Floette|Dazzling Gleam|p2b: Starmie|[spread] p2a,p2b\n|-damage|p2a: Mimikyu|44/100\n|-damage|p2b: Starmie|0 fnt\n|faint|p2b: Starmie\n|move|p2a: Mimikyu|Trick Room|p2a: Mimikyu\n|-fieldstart|move: Trick Room|[of] p2a: Mimikyu\n|\n|-heal|p2a: Mimikyu|50/100|[from] item: Leftovers\n|upkeep\n|\n|t:|1776074109\n|switch|p2b: Lucario|Lucario, L50, F|100/100\n|turn|3\n|\n|t:|1776074133\n|move|p1a: Floette|Protect|p1a: Floette\n|-singleturn|p1a: Floette|Protect\n|move|p1b: Talonflame|Dual Wingbeat|p2a: Mimikyu\n|-damage|p2a: Mimikyu|22/100\n|-crit|p2a: Mimikyu\n|-damage|p2a: Mimikyu|0 fnt\n|faint|p2a: Mimikyu\n|-hitcount|p2: Mimikyu|2\n|move|p2b: Lucario|Steel Beam|p1a: Floette\n|-activate|p1a: Floette|move: Protect\n|-damage|p2b: Lucario|50/100|[from] steelbeam\n|\n|upkeep\n|\n|t:|1776074139\n|switch|p2a: Drampa|Drampa, L50, M|100/100\n|-ability|p2a: Drampa|Cloud Nine\n|turn|4\n|\n|t:|1776074153\n|switch|p1a: Kingambit|Kingambit, L50, M, shiny|100/100\n|move|p1b: Talonflame|Dual Wingbeat|p2b: Lucario\n|-crit|p2b: Lucario\n|-damage|p2b: Lucario|0 fnt\n|faint|p2b: Lucario\n|-hitcount|p2: Lucario|1\n|move|p2a: Drampa|Thunderbolt|p1b: Talonflame\n|-supereffective|p1b: Talonflame|1\n|-damage|p1b: Talonflame|14/100\n|\n|upkeep\n|turn|5\n|\n|t:|1776074165\n|move|p1b: Talonflame|Protect|p1b: Talonflame\n|-singleturn|p1b: Talonflame|Protect\n|move|p2a: Drampa|Flamethrower|p1a: Kingambit\n|-supereffective|p1a: Kingambit|1\n|-damage|p1a: Kingambit|36/100\n|move|p1a: Kingambit|Kowtow Cleave|p2a: Drampa\n|-damage|p2a: Drampa|55/100\n|\n|-sideend|p1: freegrgrgr|move: Tailwind\n|upkeep\n|turn|6\n|\n|t:|1776074180\n|switch|p1b: Floette|Floette-Mega, L50, F|100/100\n|-ability|p1b: Floette|Fairy Aura\n|move|p1a: Kingambit|Protect|p1a: Kingambit\n|-singleturn|p1a: Kingambit|Protect\n|move|p2a: Drampa|Hyper Voice|p1a: Kingambit|[spread] p1b\n|-activate|p1a: Kingambit|move: Protect\n|-damage|p1b: Floette|69/100\n|\n|-fieldend|move: Trick Room\n|upkeep\n|turn|7\n|\n|t:|1776074186\n|move|p1a: Kingambit|Sucker Punch|p2a: Drampa\n|-damage|p2a: Drampa|15/100\n|move|p1b: Floette|Moonblast|p2a: Drampa\n|-supereffective|p2a: Drampa|1\n|-damage|p2a: Drampa|0 fnt\n|faint|p2a: Drampa\n|\n|win|freegrgrgr\n|raw|freegrgrgr's rating: 1193 &rarr; <strong>1215</strong><br />(+22 for winning)\n|raw|DavidTIS's rating: 1154 &rarr; <strong>1132</strong><br />(-22 for losing)\n",
  "uploadtime": 1776074189,
  "views": 25,
  "formatid": "gen9championsvgc2026regma",
  "rating": 1132,
  "private": 0,
  "password": null
}