{
  "id": "gen9championsvgc2026regma-2587043764",
  "format": "[Gen 9 Champions] VGC 2026 Reg M-A",
  "players": [
    "BlackWu",
    "WashedNotSloshed"
  ],
  "log": "|j|\u2606BlackWu\n|j|\u2606WashedNotSloshed\n|t:|1776485954\n|gametype|doubles\n|player|p1|BlackWu|265|1258\n|player|p2|WashedNotSloshed|1|1222\n|gen|9\n|tier|[Gen 9 Champions] VGC 2026 Reg M-A\n|rated|\n|rule|Species Clause: Limit one of each Pok\u00e9mon\n|rule|Item Clause: Limit 1 of each item\n|clearpoke\n|poke|p1|Tyranitar, L50, M|\n|poke|p1|Sneasler, L50, M|\n|poke|p1|Gyarados, L50, M|\n|poke|p1|Goodra-Hisui, L50, M|\n|poke|p1|Sinistcha, L50|\n|poke|p1|Farigiraf, L50, M|\n|poke|p2|Froslass, L50, F|\n|poke|p2|Orthworm, L50, F|\n|poke|p2|Rotom-Frost, L50|\n|poke|p2|Incineroar, L50, M|\n|poke|p2|Basculegion, L50, M|\n|poke|p2|Garchomp, L50, F|\n|teampreview|4\n|inactive|Battle timer is ON: inactive players will automatically lose when time's up. (requested by WashedNotSloshed)\n|\n|t:|1776485978\n|teamsize|p1|4\n|teamsize|p2|4\n|start\n|switch|p1a: Goodra|Goodra-Hisui, L50, M|100/100\n|switch|p1b: Farigiraf|Farigiraf, L50, M|100/100\n|switch|p2a: Orthworm|Orthworm, L50, F|100/100\n|switch|p2b: Garchomp|Garchomp, L50, F|100/100\n|turn|1\n|\n|t:|1776485990\n|move|p2b: Garchomp|Protect|p2b: Garchomp\n|-singleturn|p2b: Garchomp|Protect\n|move|p1a: Goodra|Protect|p1a: Goodra\n|-singleturn|p1a: Goodra|Protect\n|move|p2a: Orthworm|Iron Defense|p2a: Orthworm\n|-boost|p2a: Orthworm|def|2\n|move|p1b: Farigiraf|Trick Room|p1b: Farigiraf\n|-fieldstart|move: Trick Room|[of] p1b: Farigiraf\n|\n|upkeep\n|turn|2\n|\n|t:|1776486004\n|move|p1b: Farigiraf|Dazzling Gleam|p2b: Garchomp|[spread] p2a,p2b\n|-resisted|p2a: Orthworm|1\n|-supereffective|p2b: Garchomp|1\n|-damage|p2a: Orthworm|91/100\n|-damage|p2b: Garchomp|67/100\n|move|p1a: Goodra|Shelter|p1a: Goodra\n|-boost|p1a: Goodra|def|2\n|move|p2a: Orthworm|Iron Defense|p2a: Orthworm\n|-boost|p2a: Orthworm|def|2\n|move|p2b: Garchomp|Earthquake|p1a: Goodra|[spread] p1a,p1b\n|-heal|p2a: Orthworm|100/100|[from] ability: Earth Eater|[of] p2b: Garchomp\n|-supereffective|p1a: Goodra|1\n|-damage|p1a: Goodra|72/100\n|-damage|p1b: Farigiraf|67/100\n|\n|-heal|p1a: Goodra|78/100|[from] item: Leftovers\n|upkeep\n|turn|3\n|\n|t:|1776486023\n|move|p1b: Farigiraf|Twin Beam|p2b: Garchomp\n|-crit|p2b: Garchomp\n|-damage|p2b: Garchomp|44/100\n|-damage|p2b: Garchomp|29/100\n|-hitcount|p2b: Garchomp|2\n|move|p1a: Goodra|Shelter|p1a: Goodra\n|-boost|p1a: Goodra|def|2\n|move|p2a: Orthworm|Body Press|p1a: Goodra\n|-supereffective|p1a: Goodra|1\n|-damage|p1a: Goodra|32/100\n|move|p2b: Garchomp|Earthquake|p1b: Farigiraf|[spread] p1a,p1b\n|-immune|p2a: Orthworm|[from] ability: Earth Eater\n|-supereffective|p1a: Goodra|1\n|-damage|p1a: Goodra|12/100\n|-damage|p1b: Farigiraf|34/100\n|\n|-heal|p1a: Goodra|18/100|[from] item: Leftovers\n|upkeep\n|turn|4\n|\n|t:|1776486043\n|switch|p1b: Sinistcha|Sinistcha, L50|100/100\n|-heal|p1a: Goodra|43/100|[from] ability: Hospitality|[of] p1b: Sinistcha\n|move|p1a: Goodra|Protect|p1a: Goodra\n|-singleturn|p1a: Goodra|Protect\n|move|p2b: Garchomp|Protect|p2b: Garchomp\n|-singleturn|p2b: Garchomp|Protect\n|move|p2a: Orthworm|Body Press|p1a: Goodra\n|-activate|p1a: Goodra|move: Protect\n|\n|-heal|p1a: Goodra|49/100|[from] item: Leftovers\n|upkeep\n|turn|5\n|inactive|WashedNotSloshed has 30 seconds left.\n|inactive|WashedNotSloshed has 20 seconds left.\n|\n|t:|1776486079\n|switch|p2b: Froslass|Froslass, L50, F|100/100\n|move|p1b: Sinistcha|Rage Powder|p1b: Sinistcha\n|-singleturn|p1b: Sinistcha|move: Rage Powder\n|move|p1a: Goodra|Body Press|p2b: Froslass\n|-immune|p2b: Froslass\n|move|p2a: Orthworm|Body Press|p1b: Sinistcha\n|-immune|p1b: Sinistcha\n|\n|-heal|p1a: Goodra|55/100|[from] item: Leftovers\n|-fieldend|move: Trick Room\n|upkeep\n|turn|6\n|inactive|BlackWu has 30 seconds left.\n|inactive|WashedNotSloshed has 30 seconds left.\n|inactive|BlackWu has 20 seconds left.\n|\n|t:|1776486114\n|detailschange|p2b: Froslass|Froslass-Mega, L50, F\n|-mega|p2b: Froslass|Froslass|Froslassite\n|-weather|Snowscape|[from] ability: Snow Warning|[of] p2b: Froslass\n|move|p1b: Sinistcha|Rage Powder|p1b: Sinistcha\n|-singleturn|p1b: Sinistcha|move: Rage Powder\n|move|p2b: Froslass|Blizzard|p1a: Goodra|[spread] p1a,p1b\n|-supereffective|p1b: Sinistcha|1\n|-damage|p1a: Goodra|23/100\n|-damage|p1b: Sinistcha|18/100\n|-status|p1a: Goodra|frz\n|move|p2a: Orthworm|Iron Defense|p2a: Orthworm\n|-boost|p2a: Orthworm|def|2\n|cant|p1a: Goodra|frz\n|\n|-weather|Snowscape|[upkeep]\n|-heal|p1a: Goodra|29/100 frz|[from] item: Leftovers\n|upkeep\n|turn|7\n|inactive|BlackWu has 30 seconds left.\n|inactive|WashedNotSloshed has 30 seconds left.\n|\n|t:|1776486142\n|switch|p1b: Farigiraf|Farigiraf, L50, M|34/100\n|move|p2b: Froslass|Blizzard|p1b: Farigiraf|[spread] p1a,p1b\n|-damage|p1a: Goodra|0 fnt\n|-damage|p1b: Farigiraf|0 fnt\n|faint|p1a: Goodra\n|faint|p1b: Farigiraf\n|move|p2a: Orthworm|Body Press|p1: Goodra|[notarget]\n|-fail|p2a: Orthworm\n|\n|-weather|Snowscape|[upkeep]\n|upkeep\n|\n|t:|1776486148\n|switch|p1a: Tyranitar|Tyranitar, L50, M|100/100\n|switch|p1b: Sinistcha|Sinistcha, L50|18/100\n|-weather|Sandstorm|[from] ability: Sand Stream|[of] p1a: Tyranitar\n|turn|8\n|\n|t:|1776486159\n|detailschange|p1a: Tyranitar|Tyranitar-Mega, L50, M\n|-mega|p1a: Tyranitar|Tyranitar|Tyranitarite\n|move|p1b: Sinistcha|Rage Powder|p1b: Sinistcha\n|-singleturn|p1b: Sinistcha|move: Rage Powder\n|move|p2b: Froslass|Shadow Ball|p1b: Sinistcha\n|-supereffective|p1b: Sinistcha|1\n|-damage|p1b: Sinistcha|0 fnt\n|faint|p1b: Sinistcha\n|move|p1a: Tyranitar|Dragon Dance|p1a: Tyranitar\n|-boost|p1a: Tyranitar|atk|1\n|-boost|p1a: Tyranitar|spe|1\n|move|p2a: Orthworm|Body Press|p1a: Tyranitar\n|-supereffective|p1a: Tyranitar|2\n|-damage|p1a: Tyranitar|0 fnt\n|faint|p1a: Tyranitar\n|\n|win|WashedNotSloshed\n|raw|BlackWu's rating: 1258 &rarr; <strong>1230</strong><br />(-28 for losing)\n|raw|WashedNotSloshed's rating: 1222 &rarr; <strong>1250</strong><br />(+28 for winning)\n",
  "uploadtime": 1776486161,
  "views": 25,
  "formatid": "gen9championsvgc2026regma",
  "rating": 1230,
  "private": 0,
  "password": null
}