{
  "id": "gen9championsvgc2026regma-2581831413",
  "format": "[Gen 9 Champions] VGC 2026 Reg M-A",
  "players": [
    "gaming from toilet",
    "BigEdEnergy"
  ],
  "log": "|j|\u2606gaming from toilet\n|j|\u2606BigEdEnergy\n|t:|1776031991\n|gametype|doubles\n|player|p1|gaming from toilet|101|1109\n|player|p2|BigEdEnergy|1|1032\n|gen|9\n|tier|[Gen 9 Champions] VGC 2026 Reg M-A\n|rated|\n|rule|Species Clause: Limit one of each Pok\u00e9mon\n|rule|Item Clause: Limit 1 of each item\n|clearpoke\n|poke|p1|Rotom-Wash, L50|\n|poke|p1|Sneasler, L50, M|\n|poke|p1|Incineroar, L50, F|\n|poke|p1|Floette-Eternal, L50, F|\n|poke|p1|Aegislash, L50, M|\n|poke|p1|Tyranitar, L50, M|\n|poke|p2|Slowbro, L50, F|\n|poke|p2|Alcremie, L50, F|\n|poke|p2|Sinistcha, L50|\n|poke|p2|Incineroar, L50, M|\n|poke|p2|Sneasler, L50, M|\n|poke|p2|Skarmory, L50, M|\n|teampreview|4\n|\n|t:|1776032018\n|teamsize|p1|4\n|teamsize|p2|4\n|start\n|switch|p1a: Rotom|Rotom-Wash, L50|100/100\n|switch|p1b: Incineroar|Incineroar, L50, F|100/100\n|switch|p2a: Slowbro|Slowbro, L50, F|100/100\n|switch|p2b: Sneasler|Sneasler, L50, M|100/100\n|-ability|p1b: Incineroar|Intimidate|boost\n|-fail|p2a: Slowbro|unboost|Attack|[from] ability: Oblivious|[of] p2a: Slowbro\n|-unboost|p2b: Sneasler|atk|1\n|-enditem|p2b: Sneasler|White Herb\n|-clearnegativeboost|p2b: Sneasler|[silent]\n|turn|1\n|\n|t:|1776032047\n|detailschange|p2a: Slowbro|Slowbro-Mega, L50, F\n|-mega|p2a: Slowbro|Slowbro|Slowbronite\n|move|p2b: Sneasler|Fake Out|p1a: Rotom\n|-damage|p1a: Rotom|78/100\n|move|p1b: Incineroar|Fake Out|p2a: Slowbro\n|-damage|p2a: Slowbro|95/100\n|cant|p1a: Rotom|flinch\n|cant|p2a: Slowbro|flinch\n|\n|upkeep\n|turn|2\n|\n|t:|1776032073\n|move|p2b: Sneasler|Close Combat|p1a: Rotom\n|-damage|p1a: Rotom|0 fnt\n|-unboost|p2b: Sneasler|def|1\n|-unboost|p2b: Sneasler|spd|1\n|faint|p1a: Rotom\n|move|p1b: Incineroar|Parting Shot|p2b: Sneasler\n|-unboost|p2b: Sneasler|atk|1\n|-unboost|p2b: Sneasler|spa|1\n|\n|t:|1776032083\n|switch|p1b: Aegislash|Aegislash, L50, M|100/100|[from] Parting Shot\n|move|p2a: Slowbro|Calm Mind|p2a: Slowbro\n|-boost|p2a: Slowbro|spa|1\n|-boost|p2a: Slowbro|spd|1\n|\n|upkeep\n|\n|t:|1776032093\n|switch|p1a: Floette|Floette-Eternal, L50, F|100/100\n|turn|3\n|\n|t:|1776032117\n|switch|p1a: Incineroar|Incineroar, L50, F|100/100\n|-ability|p1a: Incineroar|Intimidate|boost\n|-unboost|p2a: Slowbro|atk|1\n|-unboost|p2b: Sneasler|atk|1\n|move|p2b: Sneasler|Coaching|p2a: Slowbro\n|-boost|p2a: Slowbro|atk|1\n|-boost|p2a: Slowbro|def|1\n|-formechange|p1b: Aegislash|Aegislash-Blade|\n|move|p1b: Aegislash|Poltergeist|p2a: Slowbro\n|-activate|p2a: Slowbro|move: Poltergeist|Slowbronite\n|-supereffective|p2a: Slowbro|1\n|-damage|p2a: Slowbro|44/100\n|move|p2a: Slowbro|Calm Mind|p2a: Slowbro\n|-boost|p2a: Slowbro|spa|1\n|-boost|p2a: Slowbro|spd|1\n|\n|upkeep\n|turn|4\n|\n|t:|1776032138\n|switch|p2b: Sinistcha|Sinistcha, L50|100/100\n|-heal|p2a: Slowbro|68/100|[from] ability: Hospitality|[of] p2b: Sinistcha\n|move|p1b: Aegislash|Poltergeist|p2a: Slowbro\n|-activate|p2a: Slowbro|move: Poltergeist|Slowbronite\n|-supereffective|p2a: Slowbro|1\n|-damage|p2a: Slowbro|14/100\n|move|p1a: Incineroar|Parting Shot|p2b: Sinistcha\n|-unboost|p2b: Sinistcha|atk|1\n|-unboost|p2b: Sinistcha|spa|1\n|\n|t:|1776032149\n|switch|p1a: Floette|Floette-Eternal, L50, F|100/100|[from] Parting Shot\n|move|p2a: Slowbro|Slack Off|p2a: Slowbro\n|-heal|p2a: Slowbro|64/100\n|\n|upkeep\n|turn|5\n|\n|t:|1776032178\n|move|p2b: Sinistcha|Rage Powder|p2b: Sinistcha\n|-singleturn|p2b: Sinistcha|move: Rage Powder\n|move|p1a: Floette|Moonblast|p2b: Sinistcha\n|-damage|p2b: Sinistcha|48/100\n|-enditem|p2b: Sinistcha|Sitrus Berry|[eat]\n|-heal|p2b: Sinistcha|72/100|[from] item: Sitrus Berry\n|move|p1b: Aegislash|Poltergeist||[still]\n|-fail|p1b: Aegislash\n|move|p2a: Slowbro|Stored Power|p1b: Aegislash\n|-resisted|p1b: Aegislash|1\n|-damage|p1b: Aegislash|8/100\n|\n|upkeep\n|turn|6\n|\n|t:|1776032204\n|-formechange|p1b: Aegislash|Aegislash|\n|move|p1b: Aegislash|King's Shield|p1b: Aegislash\n|-singleturn|p1b: Aegislash|Protect\n|move|p1a: Floette|Light of Ruin|p2a: Slowbro\n|-damage|p2a: Slowbro|35/100\n|-damage|p1a: Floette|81/100|[from] Recoil\n|move|p2b: Sinistcha|Life Dew|p2b: Sinistcha|[spread] p2a,p2b\n|-heal|p2a: Slowbro|60/100\n|-heal|p2b: Sinistcha|98/100\n|move|p2a: Slowbro|Slack Off|p2a: Slowbro\n|-heal|p2a: Slowbro|100/100\n|\n|upkeep\n|turn|7\n|\n|t:|1776032233\n|switch|p1b: Incineroar|Incineroar, L50, F|100/100\n|-ability|p1b: Incineroar|Intimidate|boost\n|-unboost|p2a: Slowbro|atk|1\n|-unboost|p2b: Sinistcha|atk|1\n|detailschange|p1a: Floette|Floette-Mega, L50, F\n|-mega|p1a: Floette|Floette|Floettite\n|-ability|p1a: Floette|Fairy Aura\n|move|p1a: Floette|Light of Ruin|p2a: Slowbro|[miss]\n|-miss|p1a: Floette|p2a: Slowbro\n|move|p2b: Sinistcha|Matcha Gotcha|p1a: Floette|[spread] p1a,p1b\n|-resisted|p1b: Incineroar|1\n|-damage|p1a: Floette|67/100\n|-heal|p2b: Sinistcha|100/100|[from] drain|[of] p1a: Floette\n|-damage|p1b: Incineroar|94/100\n|move|p2a: Slowbro|Calm Mind|p2a: Slowbro\n|-boost|p2a: Slowbro|spa|1\n|-boost|p2a: Slowbro|spd|1\n|\n|upkeep\n|turn|8\n|\n|t:|1776032265\n|move|p2b: Sinistcha|Rage Powder|p2b: Sinistcha\n|-singleturn|p2b: Sinistcha|move: Rage Powder\n|move|p1a: Floette|Light of Ruin|p2b: Sinistcha\n|-damage|p2b: Sinistcha|0 fnt\n|faint|p2b: Sinistcha\n|-damage|p1a: Floette|8/100|[from] Recoil\n|move|p1b: Incineroar|Flare Blitz|p2a: Slowbro\n|-resisted|p2a: Slowbro|1\n|-damage|p2a: Slowbro|94/100\n|-damage|p1b: Incineroar|92/100|[from] Recoil\n|move|p2a: Slowbro|Stored Power|p1a: Floette\n|-damage|p1a: Floette|0 fnt\n|faint|p1a: Floette\n|\n|upkeep\n|\n|t:|1776032280\n|switch|p1a: Aegislash|Aegislash, L50, M|8/100\n|switch|p2b: Alcremie|Alcremie, L50, F|100/100\n|turn|9\n|\n|t:|1776032294\n|move|p2b: Alcremie|Psych Up|p2a: Slowbro\n|-copyboost|p2b: Alcremie|p2a: Slowbro|[from] move: Psych Up\n|-formechange|p1a: Aegislash|Aegislash-Blade|\n|move|p1a: Aegislash|Poltergeist|p2a: Slowbro\n|-activate|p2a: Slowbro|move: Poltergeist|Slowbronite\n|-supereffective|p2a: Slowbro|1\n|-damage|p2a: Slowbro|45/100\n|move|p1b: Incineroar|Throat Chop|p2a: Slowbro\n|-supereffective|p2a: Slowbro|1\n|-damage|p2a: Slowbro|24/100\n|-start|p2a: Slowbro|Throat Chop|[silent]\n|move|p2a: Slowbro|Stored Power|p1a: Aegislash\n|-resisted|p1a: Aegislash|1\n|-crit|p1a: Aegislash\n|-damage|p1a: Aegislash|0 fnt\n|faint|p1a: Aegislash\n|\n|upkeep\n|turn|10\n|-message|gaming from toilet forfeited.\n|\n|win|BigEdEnergy\n|raw|gaming from toilet's rating: 1109 &rarr; <strong>1079</strong><br />(-30 for losing)\n|raw|BigEdEnergy's rating: 1032 &rarr; <strong>1075</strong><br />(+43 for winning)\n|l|\u2606gaming from toilet\n|player|p1|\n",
  "uploadtime": 1776032309,
  "views": 19,
  "formatid": "gen9championsvgc2026regma",
  "rating": 1075,
  "private": 0,
  "password": null
}