{
  "id": "gen9championsvgc2026regma-2582581127",
  "format": "[Gen 9 Champions] VGC 2026 Reg M-A",
  "players": [
    "MoNo_T0NaL",
    "SmamonLord"
  ],
  "log": "|j|\u2606MoNo_T0NaL\n|j|\u2606SmamonLord\n|t:|1776100694\n|gametype|doubles\n|player|p1|MoNo_T0NaL|n|1112\n|player|p2|SmamonLord|fisherman-gen1|1042\n|gen|9\n|tier|[Gen 9 Champions] VGC 2026 Reg M-A\n|rated|\n|rule|Species Clause: Limit one of each Pok\u00e9mon\n|rule|Item Clause: Limit 1 of each item\n|clearpoke\n|poke|p1|Gengar, L50, F|\n|poke|p1|Whimsicott, L50, M|\n|poke|p1|Arcanine-Hisui, L50, F|\n|poke|p1|Sneasler, L50, F|\n|poke|p1|Meowscarada, L50, F|\n|poke|p1|Maushold, L50|\n|poke|p2|Drampa, L50, F|\n|poke|p2|Sinistcha, L50|\n|poke|p2|Pelipper, L50, F|\n|poke|p2|Alakazam, L50, F|\n|poke|p2|Scizor, L50, F|\n|poke|p2|Basculegion, L50, M|\n|teampreview|4\n|inactive|Battle timer is ON: inactive players will automatically lose when time's up. (requested by SmamonLord)\nSmamonLord rejected open team sheets.\n|\n|t:|1776100709\n|teamsize|p1|4\n|teamsize|p2|4\n|start\n|switch|p1a: Violet|Gengar, L50, F, shiny|100/100\n|switch|p1b: Whimsicott|Whimsicott, L50, M|100/100\n|switch|p2a: Drampa|Drampa, L50, F|100/100\n|switch|p2b: Alakazam|Alakazam, L50, F|100/100\n|-ability|p2a: Drampa|Cloud Nine\n|turn|1\n|\n|t:|1776100730\n|detailschange|p1a: Violet|Gengar-Mega, L50, F, shiny\n|-mega|p1a: Violet|Gengar|Gengarite\n|detailschange|p2a: Drampa|Drampa-Mega, L50, F\n|-mega|p2a: Drampa|Drampa|Drampanite\n|move|p1b: Whimsicott|Tailwind|p1b: Whimsicott\n|-sidestart|p1: MoNo_T0NaL|move: Tailwind\n|move|p1a: Violet|Shadow Ball|p2b: Alakazam\n|-supereffective|p2b: Alakazam|1\n|-damage|p2b: Alakazam|0 fnt\n|faint|p2b: Alakazam\n|move|p2a: Drampa|Earth Power|p1a: Violet\n|-supereffective|p1a: Violet|1\n|-damage|p1a: Violet|0 fnt\n|faint|p1a: Violet\n|\n|upkeep\n|\n|t:|1776100748\n|switch|p1a: Sneasler|Sneasler, L50, F, shiny|100/100\n|switch|p2b: Pelipper|Pelipper, L50, F|100/100\n|-weather|RainDance|[from] ability: Drizzle|[of] p2b: Pelipper\n|turn|2\n|\n|t:|1776100762\n|move|p2a: Drampa|Protect|p2a: Drampa\n|-singleturn|p2a: Drampa|Protect\n|move|p1a: Sneasler|Fake Out|p2b: Pelipper\n|-damage|p2b: Pelipper|87/100\n|move|p1b: Whimsicott|Moonblast|p2a: Drampa\n|-activate|p2a: Drampa|move: Protect\n|cant|p2b: Pelipper|flinch\n|\n|-weather|RainDance|[upkeep]\n|upkeep\n|turn|3\n|\n|t:|1776100777\n|move|p1a: Sneasler|Close Combat|p2a: Drampa\n|-supereffective|p2a: Drampa|1\n|-damage|p2a: Drampa|0 fnt\n|-unboost|p1a: Sneasler|def|1\n|-unboost|p1a: Sneasler|spd|1\n|faint|p2a: Drampa\n|-enditem|p1a: Sneasler|White Herb\n|-clearnegativeboost|p1a: Sneasler|[silent]\n|move|p1b: Whimsicott|Moonblast|p2b: Pelipper\n|-damage|p2b: Pelipper|42/100\n|move|p2b: Pelipper|Tailwind|p2b: Pelipper\n|-sidestart|p2: SmamonLord|move: Tailwind\n|\n|-weather|RainDance|[upkeep]\n|upkeep\n|\n|t:|1776100790\n|switch|p2a: Sinistcha|Sinistcha, L50|100/100\n|-heal|p2b: Pelipper|67/100|[from] ability: Hospitality|[of] p2a: Sinistcha\n|turn|4\n|\n|t:|1776100805\n|move|p1b: Whimsicott|Encore|p2b: Pelipper\n|-start|p2b: Pelipper|Encore\n|move|p1a: Sneasler|Dire Claw|p2a: Sinistcha\n|-damage|p2a: Sinistcha|65/100\n|move|p2b: Pelipper|Tailwind||[still]\n|-fail|p2b: Pelipper\n|move|p2a: Sinistcha|Matcha Gotcha|p1b: Whimsicott|[spread] p1a,p1b\n|-resisted|p1a: Sneasler|1\n|-resisted|p1b: Whimsicott|1\n|-damage|p1a: Sneasler|82/100\n|-heal|p2a: Sinistcha|75/100|[from] drain|[of] p1a: Sneasler\n|-damage|p1b: Whimsicott|82/100\n|-heal|p2a: Sinistcha|86/100|[from] drain|[of] p1b: Whimsicott\n|-status|p1a: Sneasler|brn\n|\n|-weather|RainDance|[upkeep]\n|-damage|p1a: Sneasler|76/100 brn|[from] brn\n|-sideend|p1: MoNo_T0NaL|move: Tailwind\n|upkeep\n|turn|5\n|\n|t:|1776100827\n|move|p1b: Whimsicott|Tailwind|p1b: Whimsicott\n|-sidestart|p1: MoNo_T0NaL|move: Tailwind\n|move|p1a: Sneasler|Dire Claw|p2b: Pelipper\n|-damage|p2b: Pelipper|46/100\n|move|p2b: Pelipper|Tailwind||[still]\n|-fail|p2b: Pelipper\n|move|p2a: Sinistcha|Matcha Gotcha|p1b: Whimsicott|[spread] p1a,p1b\n|-resisted|p1a: Sneasler|1\n|-resisted|p1b: Whimsicott|1\n|-damage|p1a: Sneasler|55/100 brn\n|-heal|p2a: Sinistcha|97/100|[from] drain|[of] p1a: Sneasler\n|-damage|p1b: Whimsicott|63/100\n|-heal|p2a: Sinistcha|100/100|[from] drain|[of] p1b: Whimsicott\n|\n|-weather|RainDance|[upkeep]\n|-damage|p1a: Sneasler|50/100 brn|[from] brn\n|upkeep\n|turn|6\n|\n|t:|1776100847\n|move|p1a: Sneasler|Close Combat|p2b: Pelipper\n|-resisted|p2b: Pelipper|1\n|-damage|p2b: Pelipper|33/100\n|-unboost|p1a: Sneasler|def|1\n|-unboost|p1a: Sneasler|spd|1\n|move|p1b: Whimsicott|Moonblast|p2b: Pelipper\n|-damage|p2b: Pelipper|0 fnt\n|faint|p2b: Pelipper\n|move|p2a: Sinistcha|Life Dew||[still]\n|-fail|p2a: Sinistcha|heal\n|\n|-weather|none\n|-damage|p1a: Sneasler|44/100 brn|[from] brn\n|-sideend|p2: SmamonLord|move: Tailwind\n|upkeep\n|turn|7\n|\n|t:|1776100868\n|switch|p1b: Meowscarada|Meowscarada, L50, F|100/100\n|move|p1a: Sneasler|Dire Claw|p2a: Sinistcha\n|-damage|p2a: Sinistcha|82/100\n|move|p2a: Sinistcha|Matcha Gotcha|p1b: Meowscarada|[spread] p1a\n|-miss|p2a: Sinistcha|p1b: Meowscarada\n|-resisted|p1a: Sneasler|1\n|-damage|p1a: Sneasler|13/100 brn\n|-heal|p2a: Sinistcha|98/100|[from] drain|[of] p1a: Sneasler\n|\n|-damage|p1a: Sneasler|7/100 brn|[from] brn\n|upkeep\n|turn|8\n|\n|t:|1776100888\n|move|p1b: Meowscarada|Sucker Punch|p2a: Sinistcha\n|-start|p1b: Meowscarada|typechange|Dark|[from] ability: Protean\n|-supereffective|p2a: Sinistcha|1\n|-damage|p2a: Sinistcha|40/100\n|-enditem|p2a: Sinistcha|Sitrus Berry|[eat]\n|-heal|p2a: Sinistcha|65/100|[from] item: Sitrus Berry\n|move|p1a: Sneasler|Dire Claw|p2a: Sinistcha\n|-damage|p2a: Sinistcha|49/100\n|move|p2a: Sinistcha|Matcha Gotcha|p1b: Meowscarada|[spread] p1a,p1b\n|-resisted|p1a: Sneasler|1\n|-damage|p1a: Sneasler|0 fnt\n|-heal|p2a: Sinistcha|53/100|[from] drain|[of] p1a: Sneasler\n|-damage|p1b: Meowscarada|55/100\n|-heal|p2a: Sinistcha|76/100|[from] drain|[of] p1b: Meowscarada\n|faint|p1a: Sneasler\n|\n|-sideend|p1: MoNo_T0NaL|move: Tailwind\n|upkeep\n|c|\u2606SmamonLord|ggs\n|\n|t:|1776100908\n|switch|p1a: Whimsicott|Whimsicott, L50, M|63/100\n|turn|9\n|\n|t:|1776100913\n|move|p1b: Meowscarada|Sucker Punch|p2a: Sinistcha\n|-supereffective|p2a: Sinistcha|1\n|-damage|p2a: Sinistcha|19/100\n|move|p1a: Whimsicott|Encore|p2a: Sinistcha\n|-start|p2a: Sinistcha|Encore\n|move|p2a: Sinistcha|Matcha Gotcha|p1a: Whimsicott|[spread] p1a,p1b\n|-resisted|p1a: Whimsicott|1\n|-damage|p1a: Whimsicott|44/100\n|-heal|p2a: Sinistcha|30/100|[from] drain|[of] p1a: Whimsicott\n|-damage|p1b: Meowscarada|9/100\n|-heal|p2a: Sinistcha|54/100|[from] drain|[of] p1b: Meowscarada\n|-enditem|p1b: Meowscarada|Sitrus Berry|[eat]\n|-heal|p1b: Meowscarada|34/100|[from] item: Sitrus Berry\n|\n|upkeep\n|turn|10\n|\n|t:|1776100931\n|move|p1b: Meowscarada|Sucker Punch|p2a: Sinistcha\n|-supereffective|p2a: Sinistcha|1\n|-damage|p2a: Sinistcha|1/100\n|move|p1a: Whimsicott|Moonblast|p2a: Sinistcha\n|-damage|p2a: Sinistcha|0 fnt\n|faint|p2a: Sinistcha\n|\n|win|MoNo_T0NaL\n|raw|MoNo_T0NaL's rating: 1112 &rarr; <strong>1132</strong><br />(+20 for winning)\n|raw|SmamonLord's rating: 1042 &rarr; <strong>1029</strong><br />(-13 for losing)\n",
  "uploadtime": 1776100941,
  "views": 20,
  "formatid": "gen9championsvgc2026regma",
  "rating": 1029,
  "private": 0,
  "password": null
}