{
  "id": "gen9championsvgc2026regma-2585039521",
  "format": "[Gen 9 Champions] VGC 2026 Reg M-A",
  "players": [
    "godfocker",
    "siunhanech"
  ],
  "log": "|j|\u2606godfocker\n|j|\u2606siunhanech\n|t:|1776305781\n|gametype|doubles\n|player|p1|godfocker|1|1409\n|player|p2|siunhanech|cynthia-gen4|1404\n|gen|9\n|tier|[Gen 9 Champions] VGC 2026 Reg M-A\n|rated|\n|rule|Species Clause: Limit one of each Pok\u00e9mon\n|rule|Item Clause: Limit 1 of each item\n|clearpoke\n|poke|p1|Kingambit, L50, M|\n|poke|p1|Gengar, L50, M|\n|poke|p1|Pelipper, L50, F|\n|poke|p1|Sinistcha, L50|\n|poke|p1|Kommo-o, L50, F|\n|poke|p1|Incineroar, L50, M|\n|poke|p2|Blastoise, L50, M|\n|poke|p2|Sableye, L50, M|\n|poke|p2|Sneasler, L50, F|\n|poke|p2|Sinistcha, L50|\n|poke|p2|Rotom-Wash, L50|\n|poke|p2|Farigiraf, L50, M|\n|teampreview|4\n|inactive|Battle timer is ON: inactive players will automatically lose when time's up. (requested by siunhanech)\n|inactive|godfocker has 60 seconds left.\n|\n|t:|1776305823\n|teamsize|p1|4\n|teamsize|p2|4\n|start\n|switch|p1a: Kingambit|Kingambit, L50, M|100/100\n|switch|p1b: Sinistcha|Sinistcha, L50|100/100\n|switch|p2a: Ch\u1ed3n l\u00f9i|Sneasler, L50, F|100/100\n|switch|p2b: Sinh vi\u00ean|Sableye, L50, M|100/100\n|turn|1\n|inactive|godfocker has 30 seconds left.\n|\n|t:|1776305848\n|move|p2a: Ch\u1ed3n l\u00f9i|Fake Out|p1a: Kingambit\n|-resisted|p1a: Kingambit|1\n|-damage|p1a: Kingambit|95/100\n|move|p2b: Sinh vi\u00ean|Fake Out|p1a: Kingambit\n|-resisted|p1a: Kingambit|1\n|-damage|p1a: Kingambit|92/100\n|move|p1b: Sinistcha|Rage Powder|p1b: Sinistcha\n|-singleturn|p1b: Sinistcha|move: Rage Powder\n|cant|p1a: Kingambit|flinch\n|\n|upkeep\n|turn|2\n|inactive|godfocker has 30 seconds left.\n|\n|t:|1776305875\n|switch|p1a: Gengar|Gengar, L50, M|100/100\n|move|p1b: Sinistcha|Protect|p1b: Sinistcha\n|-singleturn|p1b: Sinistcha|Protect\n|move|p2b: Sinh vi\u00ean|Disable|p1b: Sinistcha\n|-activate|p1b: Sinistcha|move: Protect\n|move|p2a: Ch\u1ed3n l\u00f9i|Dire Claw|p1b: Sinistcha\n|-activate|p1b: Sinistcha|move: Protect\n|\n|upkeep\n|turn|3\n|inactive|godfocker has 30 seconds left.\n|\n|t:|1776305907\n|switch|p2a: B\u1eafn t\u00f9m lum|Blastoise, L50, M|100/100\n|detailschange|p1a: Gengar|Gengar-Mega, L50, M\n|-mega|p1a: Gengar|Gengar|Gengarite\n|move|p1b: Sinistcha|Rage Powder|p1b: Sinistcha\n|-singleturn|p1b: Sinistcha|move: Rage Powder\n|move|p2b: Sinh vi\u00ean|Encore|p1b: Sinistcha\n|-start|p1b: Sinistcha|Encore\n|move|p1a: Gengar|Shadow Ball|p2a: B\u1eafn t\u00f9m lum\n|-damage|p2a: B\u1eafn t\u00f9m lum|56/100\n|\n|upkeep\n|turn|4\n|\n|t:|1776305929\n|switch|p1b: Kommo-o|Kommo-o, L50, F|100/100\n|detailschange|p2a: B\u1eafn t\u00f9m lum|Blastoise-Mega, L50, M\n|-mega|p2a: B\u1eafn t\u00f9m lum|Blastoise|Blastoisinite\n|move|p2b: Sinh vi\u00ean|Disable|p1a: Gengar\n|-start|p1a: Gengar|Disable|Shadow Ball\n|move|p1a: Gengar|Perish Song|p1a: Gengar\n|-start|p1a: Gengar|perish3|[silent]\n|-immune|p1b: Kommo-o|[from] ability: Soundproof\n|-start|p2a: B\u1eafn t\u00f9m lum|perish3|[silent]\n|-start|p2b: Sinh vi\u00ean|perish3|[silent]\n|-fieldactivate|move: Perish Song\n|move|p2a: B\u1eafn t\u00f9m lum|Water Spout|p1b: Kommo-o|[spread] p1a,p1b\n|-resisted|p1b: Kommo-o|1\n|-damage|p1a: Gengar|49/100\n|-damage|p1b: Kommo-o|79/100\n|\n|-heal|p1b: Kommo-o|85/100|[from] item: Leftovers\n|-start|p1a: Gengar|perish3\n|-start|p2a: B\u1eafn t\u00f9m lum|perish3\n|-start|p2b: Sinh vi\u00ean|perish3\n|upkeep\n|turn|5\n|j| mike609\n|\n|t:|1776305944\n|switch|p1b: Sinistcha|Sinistcha, L50|100/100\n|-heal|p1a: Gengar|74/100|[from] ability: Hospitality|[of] p1b: Sinistcha\n|move|p1a: Gengar|Protect|p1a: Gengar\n|-singleturn|p1a: Gengar|Protect\n|move|p2b: Sinh vi\u00ean|Encore|p1a: Gengar\n|-activate|p1a: Gengar|move: Protect\n|move|p2a: B\u1eafn t\u00f9m lum|Ice Beam|p1b: Sinistcha\n|-supereffective|p1b: Sinistcha|1\n|-crit|p1b: Sinistcha\n|-damage|p1b: Sinistcha|0 fnt\n|faint|p1b: Sinistcha\n|\n|-start|p1a: Gengar|perish2\n|-start|p2a: B\u1eafn t\u00f9m lum|perish2\n|-start|p2b: Sinh vi\u00ean|perish2\n|upkeep\n|\n|t:|1776305962\n|switch|p1b: Kingambit|Kingambit, L50, M|92/100\n|turn|6\n|\n|t:|1776305971\n|move|p2b: Sinh vi\u00ean|Encore|p1a: Gengar\n|-start|p1a: Gengar|Encore\n|move|p1a: Gengar|Protect||[still]\n|-fail|p1a: Gengar\n|move|p2a: B\u1eafn t\u00f9m lum|Aura Sphere|p1b: Kingambit\n|-supereffective|p1b: Kingambit|2\n|-damage|p1b: Kingambit|0 fnt\n|faint|p1b: Kingambit\n|\n|-start|p1a: Gengar|perish1\n|-start|p2a: B\u1eafn t\u00f9m lum|perish1\n|-start|p2b: Sinh vi\u00ean|perish1\n|upkeep\n|\n|t:|1776305979\n|switch|p1b: Kommo-o|Kommo-o, L50, F|85/100\n|turn|7\n|\n|t:|1776305990\n|move|p1a: Gengar|Protect|p1a: Gengar\n|-singleturn|p1a: Gengar|Protect\n|move|p2b: Sinh vi\u00ean|Rain Dance|p2b: Sinh vi\u00ean\n|-weather|RainDance\n|move|p1b: Kommo-o|Clangorous Soul|p1b: Kommo-o\n|-boost|p1b: Kommo-o|atk|1\n|-boost|p1b: Kommo-o|def|1\n|-boost|p1b: Kommo-o|spa|1\n|-boost|p1b: Kommo-o|spd|1\n|-boost|p1b: Kommo-o|spe|1\n|-damage|p1b: Kommo-o|52/100\n|move|p2a: B\u1eafn t\u00f9m lum|Ice Beam|p1b: Kommo-o\n|-supereffective|p1b: Kommo-o|1\n|-crit|p1b: Kommo-o\n|-damage|p1b: Kommo-o|0 fnt\n|faint|p1b: Kommo-o\n|\n|-weather|RainDance|[upkeep]\n|-end|p1a: Gengar|Disable\n|-start|p1a: Gengar|perish0\n|-start|p2a: B\u1eafn t\u00f9m lum|perish0\n|-start|p2b: Sinh vi\u00ean|perish0\n|faint|p1a: Gengar\n|faint|p2a: B\u1eafn t\u00f9m lum\n|faint|p2b: Sinh vi\u00ean\n|\n|win|siunhanech\n|raw|godfocker's rating: 1409 &rarr; <strong>1389</strong><br />(-20 for losing)\n|raw|siunhanech's rating: 1404 &rarr; <strong>1424</strong><br />(+20 for winning)\n|l|\u2606siunhanech\n|player|p2|\n",
  "uploadtime": 1776306144,
  "views": 53,
  "formatid": "gen9championsvgc2026regma",
  "rating": 1389,
  "private": 0,
  "password": null
}