{
  "id": "gen9championsvgc2026regma-2584177544",
  "format": "[Gen 9 Champions] VGC 2026 Reg M-A",
  "players": [
    "sdbhanda",
    "spyggt"
  ],
  "log": "|j|\u2606sdbhanda\n|j|\u2606spyggt\n|t:|1776234671\n|gametype|doubles\n|player|p1|sdbhanda|1|1048\n|player|p2|spyggt|169|1000\n|gen|9\n|tier|[Gen 9 Champions] VGC 2026 Reg M-A\n|rated|\n|rule|Species Clause: Limit one of each Pok\u00e9mon\n|rule|Item Clause: Limit 1 of each item\n|clearpoke\n|poke|p1|Kingambit, L50, F|\n|poke|p1|Sylveon, L50, M|\n|poke|p1|Incineroar, L50, M|\n|poke|p1|Sneasler, L50, M|\n|poke|p1|Starmie, L50|\n|poke|p1|Sinistcha, L50|\n|poke|p2|Glaceon, L50, M|\n|poke|p2|Froslass, L50, F|\n|poke|p2|Incineroar, L50, F|\n|poke|p2|Primarina, L50, F|\n|poke|p2|Sneasler, L50, M|\n|poke|p2|Sinistcha, L50|\n|teampreview|4\n|inactive|Battle timer is ON: inactive players will automatically lose when time's up. (requested by sdbhanda)\nsdbhanda rejected open team sheets.\n|inactive|sdbhanda has 60 seconds left.\n|\n|t:|1776234730\n|teamsize|p1|4\n|teamsize|p2|4\n|start\n|switch|p1a: Kingambit|Kingambit, L50, F|100/100\n|switch|p1b: Starmie|Starmie, L50, shiny|100/100\n|switch|p2a: Glaceon|Glaceon, L50, M|100/100\n|switch|p2b: Froslass|Froslass, L50, F|100/100\n|turn|1\n|\n|t:|1776234744\n|detailschange|p2b: Froslass|Froslass-Mega, L50, F\n|-mega|p2b: Froslass|Froslass|Froslassite\n|-weather|Snowscape|[from] ability: Snow Warning|[of] p2b: Froslass\n|move|p1b: Starmie|Protect|p1b: Starmie\n|-singleturn|p1b: Starmie|Protect\n|move|p2b: Froslass|Aurora Veil|p2b: Froslass\n|-sidestart|p2: spyggt|move: Aurora Veil\n|move|p2a: Glaceon|Blizzard|p1a: Kingambit|[spread] p1a\n|-activate|p1b: Starmie|move: Protect\n|-resisted|p1a: Kingambit|1\n|-damage|p1a: Kingambit|80/100\n|move|p1a: Kingambit|Kowtow Cleave|p2b: Froslass\n|-supereffective|p2b: Froslass|1\n|-damage|p2b: Froslass|27/100\n|\n|-weather|Snowscape|[upkeep]\n|upkeep\n|turn|2\n|\n|t:|1776234769\n|detailschange|p1b: Starmie|Starmie-Mega, L50, shiny\n|-mega|p1b: Starmie|Starmie|Starminite\n|move|p1a: Kingambit|Sucker Punch|p2b: Froslass\n|-supereffective|p2b: Froslass|1\n|-damage|p2b: Froslass|0 fnt\n|faint|p2b: Froslass\n|move|p1b: Starmie|Liquidation|p2a: Glaceon|[miss]\n|-miss|p1b: Starmie|p2a: Glaceon\n|move|p2a: Glaceon|Blizzard|p1a: Kingambit|[spread] p1a,p1b\n|-resisted|p1a: Kingambit|1\n|-resisted|p1b: Starmie|1\n|-damage|p1a: Kingambit|61/100\n|-damage|p1b: Starmie|74/100\n|-status|p1a: Kingambit|frz\n|-status|p1b: Starmie|frz\n|\n|-weather|Snowscape|[upkeep]\n|upkeep\n|inactive|spyggt has 30 seconds left.\n|\n|t:|1776234794\n|switch|p2b: Sneasler|Sneasler, L50, M|100/100\n|turn|3\n|inactive|sdbhanda has 30 seconds left.\n|\n|t:|1776234820\n|move|p2b: Sneasler|Dire Claw|p1b: Starmie\n|-damage|p1b: Starmie|18/100 frz\n|cant|p1b: Starmie|frz\n|move|p2a: Glaceon|Blizzard|p1b: Starmie|[spread] p1a,p1b\n|-resisted|p1a: Kingambit|1\n|-resisted|p1b: Starmie|1\n|-damage|p1a: Kingambit|41/100 frz\n|-damage|p1b: Starmie|0 fnt\n|faint|p1b: Starmie\n|cant|p1a: Kingambit|frz\n|\n|-weather|Snowscape|[upkeep]\n|upkeep\n|\n|t:|1776234836\n|switch|p1b: Incineroar|Incineroar, L50, M, shiny|100/100\n|-ability|p1b: Incineroar|Intimidate|boost\n|-unboost|p2a: Glaceon|atk|1\n|-unboost|p2b: Sneasler|atk|1\n|turn|4\n|\n|t:|1776234862\n|move|p1b: Incineroar|Fake Out|p2b: Sneasler\n|-damage|p2b: Sneasler|85/100\n|cant|p2b: Sneasler|flinch\n|move|p2a: Glaceon|Blizzard|p1b: Incineroar|[spread] p1a,p1b\n|-resisted|p1a: Kingambit|1\n|-resisted|p1b: Incineroar|1\n|-damage|p1a: Kingambit|22/100 frz\n|-damage|p1b: Incineroar|82/100\n|cant|p1a: Kingambit|frz\n|\n|-weather|Snowscape|[upkeep]\n|upkeep\n|turn|5\n|\n|t:|1776234887\n|-curestatus|p1a: Kingambit|frz|[msg]\n|move|p1a: Kingambit|Sucker Punch|p2a: Glaceon\n|-damage|p2a: Glaceon|84/100\n|move|p2b: Sneasler|Close Combat|p1b: Incineroar\n|-supereffective|p1b: Incineroar|1\n|-damage|p1b: Incineroar|0 fnt\n|-unboost|p2b: Sneasler|def|1\n|-unboost|p2b: Sneasler|spd|1\n|faint|p1b: Incineroar\n|move|p2a: Glaceon|Blizzard|p1a: Kingambit\n|-resisted|p1a: Kingambit|1\n|-damage|p1a: Kingambit|0 fnt\n|faint|p1a: Kingambit\n|\n|-weather|none\n|-sideend|p2: spyggt|move: Aurora Veil\n|upkeep\n|\n|t:|1776234900\n|switch|p1b: Sneasler|Sneasler, L50, M|100/100\n|turn|6\n|\n|t:|1776234912\n|move|p2b: Sneasler|Protect|p2b: Sneasler\n|-singleturn|p2b: Sneasler|Protect\n|move|p2a: Glaceon|Protect|p2a: Glaceon\n|-singleturn|p2a: Glaceon|Protect\n|move|p1b: Sneasler|Fake Out|p2a: Glaceon\n|-activate|p2a: Glaceon|move: Protect\n|\n|upkeep\n|turn|7\n|\n|t:|1776234924\n|switch|p2b: Sinistcha|Sinistcha, L50|100/100\n|-heal|p2a: Glaceon|100/100|[from] ability: Hospitality|[of] p2b: Sinistcha\n|move|p1b: Sneasler|Rock Slide|p2b: Sinistcha|[spread] p2a,p2b\n|-supereffective|p2a: Glaceon|1\n|-damage|p2a: Glaceon|67/100\n|-damage|p2b: Sinistcha|84/100\n|move|p2a: Glaceon|Freeze-Dry|p1b: Sneasler\n|-damage|p1b: Sneasler|52/100\n|\n|upkeep\n|turn|8\n|\n|t:|1776234941\n|move|p2b: Sinistcha|Rage Powder|p2b: Sinistcha\n|-singleturn|p2b: Sinistcha|move: Rage Powder\n|move|p2a: Glaceon|Ice Shard|p1b: Sneasler\n|-damage|p1b: Sneasler|40/100\n|move|p1b: Sneasler|Close Combat|p2b: Sinistcha\n|-immune|p2b: Sinistcha\n|\n|upkeep\n|turn|9\n|-message|sdbhanda forfeited.\n|\n|win|spyggt\n|raw|sdbhanda's rating: 1048 &rarr; <strong>1028</strong><br />(-20 for losing)\n|raw|spyggt's rating: 1000 &rarr; <strong>1045</strong><br />(+45 for winning)\n|l|\u2606sdbhanda\n|player|p1|\n",
  "uploadtime": 1776234950,
  "views": 30,
  "formatid": "gen9championsvgc2026regma",
  "rating": 1028,
  "private": 0,
  "password": null
}