{
  "id": "gen9championsvgc2026regma-2588089317",
  "format": "[Gen 9 Champions] VGC 2026 Reg M-A",
  "players": [
    "EXSA",
    "Holixs"
  ],
  "log": "|j|\u2606EXSA\n|j|\u2606Holixs\n|t:|1776603028\n|gametype|doubles\n|player|p1|EXSA|266|1185\n|player|p2|Holixs|roxie|1199\n|gen|9\n|tier|[Gen 9 Champions] VGC 2026 Reg M-A\n|rated|\n|rule|Species Clause: Limit one of each Pok\u00e9mon\n|rule|Item Clause: Limit 1 of each item\n|clearpoke\n|poke|p1|Oranguru, L50, M|\n|poke|p1|Incineroar, L50, M|\n|poke|p1|Torkoal, L50, F|\n|poke|p1|Venusaur, L50, F|\n|poke|p1|Aerodactyl, L50, M|\n|poke|p1|Gallade, L50, M|\n|poke|p2|Aggron, L50, F|\n|poke|p2|Conkeldurr, L50, M|\n|poke|p2|Hydreigon, L50, M|\n|poke|p2|Reuniclus, L50, M|\n|poke|p2|Sinistcha, L50|\n|poke|p2|Incineroar, L50, F|\n|teampreview|4\n|\n|t:|1776603070\n|teamsize|p1|4\n|teamsize|p2|4\n|start\n|switch|p1a: Gallade|Gallade, L50, M|100/100\n|switch|p1b: Incineroar|Incineroar, L50, M|100/100\n|switch|p2a: Hydreigon|Hydreigon, L50, M|100/100\n|switch|p2b: Aggron|Aggron, L50, F|100/100\n|-ability|p1b: Incineroar|Intimidate|boost\n|-unboost|p2a: Hydreigon|atk|1\n|-unboost|p2b: Aggron|atk|1\n|turn|1\n|\n|t:|1776603112\n|detailschange|p2b: Aggron|Aggron-Mega, L50, F\n|-mega|p2b: Aggron|Aggron|Aggronite\n|move|p1b: Incineroar|Fake Out|p2b: Aggron\n|-resisted|p2b: Aggron|1\n|-damage|p2b: Aggron|98/100\n|move|p2a: Hydreigon|Dark Pulse|p1a: Gallade\n|-damage|p1a: Gallade|63/100\n|move|p1a: Gallade|Sacred Sword|p2a: Hydreigon\n|-supereffective|p2a: Hydreigon|1\n|-damage|p2a: Hydreigon|0 fnt\n|faint|p2a: Hydreigon\n|cant|p2b: Aggron|flinch\n|\n|upkeep\n|\n|t:|1776603122\n|switch|p2a: Incineroar|Incineroar, L50, F|100/100\n|-ability|p2a: Incineroar|Intimidate|boost\n|-unboost|p1a: Gallade|atk|1\n|-unboost|p1b: Incineroar|atk|1\n|turn|2\n|\n|t:|1776603130\n|move|p1a: Gallade|Protect|p1a: Gallade\n|-singleturn|p1a: Gallade|Protect\n|move|p2a: Incineroar|Fake Out|p1a: Gallade\n|-activate|p1a: Gallade|move: Protect\n|move|p1b: Incineroar|Parting Shot|p2b: Aggron\n|-unboost|p2b: Aggron|atk|1\n|-unboost|p2b: Aggron|spa|1\n|\n|t:|1776603133\n|switch|p1b: Torkoal|Torkoal, L50, F|100/100|[from] Parting Shot\n|-weather|SunnyDay|[from] ability: Drought|[of] p1b: Torkoal\n|move|p2b: Aggron|Body Press|p1b: Torkoal\n|-damage|p1b: Torkoal|70/100\n|\n|-weather|SunnyDay|[upkeep]\n|upkeep\n|turn|3\n|\n|t:|1776603143\n|move|p1a: Gallade|Sacred Sword|p2a: Incineroar\n|-supereffective|p2a: Incineroar|1\n|-enditem|p2a: Incineroar|Chople Berry|[eat]\n|-enditem|p2a: Incineroar|Chople Berry|[weaken]\n|-damage|p2a: Incineroar|45/100\n|move|p2a: Incineroar|Flare Blitz|p1a: Gallade\n|-damage|p1a: Gallade|0 fnt\n|faint|p1a: Gallade\n|-damage|p2a: Incineroar|27/100|[from] Recoil\n|move|p2b: Aggron|Body Press|p1b: Torkoal\n|-damage|p1b: Torkoal|42/100\n|move|p1b: Torkoal|Weather Ball|p2b: Aggron\n|-supereffective|p2b: Aggron|1\n|-damage|p2b: Aggron|0 fnt\n|faint|p2b: Aggron\n|\n|-weather|SunnyDay|[upkeep]\n|upkeep\n|\n|t:|1776603148\n|switch|p1a: Incineroar|Incineroar, L50, M|100/100\n|switch|p2b: Sinistcha|Sinistcha, L50|100/100\n|-ability|p1a: Incineroar|Intimidate|boost\n|-unboost|p2a: Incineroar|atk|1\n|-unboost|p2b: Sinistcha|atk|1\n|-heal|p2a: Incineroar|52/100|[from] ability: Hospitality|[of] p2b: Sinistcha\n|turn|4\n|\n|t:|1776603174\n|move|p1a: Incineroar|Fake Out|p2a: Incineroar\n|-damage|p2a: Incineroar|40/100\n|move|p2b: Sinistcha|Matcha Gotcha|p1b: Torkoal|[spread] p1a,p1b\n|-resisted|p1a: Incineroar|1\n|-resisted|p1b: Torkoal|1\n|-damage|p1a: Incineroar|90/100\n|-damage|p1b: Torkoal|26/100\n|cant|p2a: Incineroar|flinch\n|move|p1b: Torkoal|Weather Ball|p2b: Sinistcha\n|-supereffective|p2b: Sinistcha|1\n|-damage|p2b: Sinistcha|0 fnt\n|faint|p2b: Sinistcha\n|\n|-weather|SunnyDay|[upkeep]\n|upkeep\n|turn|5\n|\n|t:|1776603185\n|move|p2a: Incineroar|Flare Blitz|p1b: Torkoal\n|-resisted|p1b: Torkoal|1\n|-damage|p1b: Torkoal|8/100\n|-damage|p2a: Incineroar|35/100|[from] Recoil\n|move|p1a: Incineroar|Flare Blitz|p2a: Incineroar\n|-resisted|p2a: Incineroar|1\n|-damage|p2a: Incineroar|0 fnt\n|faint|p2a: Incineroar\n|-damage|p1a: Incineroar|77/100|[from] Recoil\n|\n|win|EXSA\n|raw|EXSA's rating: 1185 &rarr; <strong>1211</strong><br />(+26 for winning)\n|raw|Holixs's rating: 1199 &rarr; <strong>1173</strong><br />(-26 for losing)\n",
  "uploadtime": 1776603192,
  "views": 11,
  "formatid": "gen9championsvgc2026regma",
  "rating": 1173,
  "private": 0,
  "password": null
}