{
  "id": "gen9championsvgc2026regma-2586602258",
  "format": "[Gen 9 Champions] VGC 2026 Reg M-A",
  "players": [
    "PhpRyV",
    "Elesa Fan Account"
  ],
  "log": "|j|\u2606PhpRyV\n|j|\u2606Elesa Fan Account\n|t:|1776446068\n|gametype|doubles\n|player|p1|PhpRyV|pokemonbreeder-gen4|1150\n|player|p2|Elesa Fan Account|170|1108\n|gen|9\n|tier|[Gen 9 Champions] VGC 2026 Reg M-A\n|rated|\n|rule|Species Clause: Limit one of each Pok\u00e9mon\n|rule|Item Clause: Limit 1 of each item\n|clearpoke\n|poke|p1|Lycanroc-Dusk, L50, F|\n|poke|p1|Garchomp, L50, M|\n|poke|p1|Incineroar, L50, M|\n|poke|p1|Ceruledge, L50, F|\n|poke|p1|Rotom-Wash, L50|\n|poke|p1|Gallade, L50, M|\n|poke|p2|Meowstic, L50, M|\n|poke|p2|Armarouge, L50, F|\n|poke|p2|Hatterene, L50, F|\n|poke|p2|Torkoal, L50, M|\n|poke|p2|Kingambit, L50, F|\n|poke|p2|Conkeldurr, L50, F|\n|teampreview|4\n|\n|t:|1776446086\n|teamsize|p1|4\n|teamsize|p2|4\n|start\n|switch|p1a: Easter|Incineroar, L50, M|100/100\n|switch|p1b: Gallade|Gallade, L50, M|100/100\n|switch|p2a: Meowstic|Meowstic, L50, M|100/100\n|switch|p2b: Armarouge|Armarouge, L50, F|100/100\n|-ability|p1a: Easter|Intimidate|boost\n|-unboost|p2a: Meowstic|atk|1\n|-unboost|p2b: Armarouge|atk|1\n|turn|1\n|\n|t:|1776446119\n|move|p2a: Meowstic|Psychic Terrain|p2a: Meowstic\n|-fieldstart|move: Psychic Terrain\n|move|p1a: Easter|Darkest Lariat|p2b: Armarouge\n|-supereffective|p2b: Armarouge|1\n|-damage|p2b: Armarouge|28/100\n|-ability|p2b: Armarouge|Weak Armor|boost\n|-unboost|p2b: Armarouge|def|1\n|-boost|p2b: Armarouge|spe|2\n|move|p2b: Armarouge|Trick Room|p2b: Armarouge\n|-fieldstart|move: Trick Room|[of] p2b: Armarouge\n|move|p1b: Gallade|Trick Room|p1b: Gallade\n|-fieldend|move: Trick Room\n|\n|upkeep\n|turn|2\n|\n|t:|1776446137\n|move|p2a: Meowstic|Helping Hand|p2b: Armarouge\n|-singleturn|p2b: Armarouge|Helping Hand|[of] p2a: Meowstic\n|move|p2b: Armarouge|Protect|p2b: Armarouge\n|-singleturn|p2b: Armarouge|Protect\n|move|p1b: Gallade|Wide Guard|p1b: Gallade\n|-singleturn|p1b: Gallade|Wide Guard\n|move|p1a: Easter|Darkest Lariat|p2b: Armarouge\n|-activate|p2b: Armarouge|move: Protect\n|\n|upkeep\n|turn|3\n|\n|t:|1776446157\n|move|p2a: Meowstic|Helping Hand|p2b: Armarouge\n|-singleturn|p2b: Armarouge|Helping Hand|[of] p2a: Meowstic\n|move|p1b: Gallade|Wide Guard|p1b: Gallade\n|-singleturn|p1b: Gallade|Wide Guard\n|move|p2b: Armarouge|Armor Cannon|p1b: Gallade\n|-damage|p1b: Gallade|4/100\n|-unboost|p2b: Armarouge|def|1\n|-unboost|p2b: Armarouge|spd|1\n|move|p1a: Easter|Darkest Lariat|p2b: Armarouge\n|-supereffective|p2b: Armarouge|1\n|-damage|p2b: Armarouge|0 fnt\n|faint|p2b: Armarouge\n|\n|upkeep\n|\n|t:|1776446173\n|switch|p2b: Hatterene|Hatterene, L50, F|100/100\n|turn|4\n|\n|t:|1776446192\n|move|p2b: Hatterene|Protect|p2b: Hatterene\n|-singleturn|p2b: Hatterene|Protect\n|move|p1b: Gallade|Psycho Cut|p2a: Meowstic\n|-resisted|p2a: Meowstic|1\n|-damage|p2a: Meowstic|60/100\n|move|p1a: Easter|Darkest Lariat|p2a: Meowstic\n|-supereffective|p2a: Meowstic|1\n|-damage|p2a: Meowstic|0 fnt\n|faint|p2a: Meowstic\n|\n|upkeep\n|\n|t:|1776446202\n|switch|p2a: Torkoal|Torkoal, L50, M|100/100\n|-weather|SunnyDay|[from] ability: Drought|[of] p2a: Torkoal\n|turn|5\n|\n|t:|1776446232\n|move|p1b: Gallade|Psycho Cut|p2a: Torkoal\n|-damage|p2a: Torkoal|28/100\n|move|p1a: Easter|Flare Blitz|p2b: Hatterene\n|-damage|p2b: Hatterene|10/100\n|-status|p2b: Hatterene|brn\n|-damage|p1a: Easter|76/100|[from] Recoil\n|move|p2b: Hatterene|Dazzling Gleam|p1a: Easter|[spread] p1a,p1b\n|-supereffective|p1b: Gallade|1\n|-damage|p1a: Easter|44/100\n|-damage|p1b: Gallade|0 fnt\n|-enditem|p1a: Easter|Sitrus Berry|[eat]\n|-heal|p1a: Easter|68/100|[from] item: Sitrus Berry\n|faint|p1b: Gallade\n|move|p2a: Torkoal|Earth Power|p1a: Easter\n|-supereffective|p1a: Easter|1\n|-damage|p1a: Easter|19/100\n|\n|-weather|SunnyDay|[upkeep]\n|-damage|p2b: Hatterene|4/100 brn|[from] brn\n|-fieldend|move: Psychic Terrain\n|upkeep\n|\n|t:|1776446248\n|switch|p1b: Lycanroc|Lycanroc-Dusk, L50, F|100/100\n|turn|6\n|\n|t:|1776446258\n|move|p2b: Hatterene|Protect|p2b: Hatterene\n|-singleturn|p2b: Hatterene|Protect\n|move|p1b: Lycanroc|Accelerock|p2a: Torkoal\n|-supereffective|p2a: Torkoal|1\n|-damage|p2a: Torkoal|0 fnt\n|faint|p2a: Torkoal\n|move|p1a: Easter|Darkest Lariat|p2b: Hatterene\n|-activate|p2b: Hatterene|move: Protect\n|\n|-weather|SunnyDay|[upkeep]\n|-damage|p2b: Hatterene|0 fnt|[from] brn\n|faint|p2b: Hatterene\n|\n|win|PhpRyV\n|raw|PhpRyV's rating: 1150 &rarr; <strong>1172</strong><br />(+22 for winning)\n|raw|Elesa Fan Account's rating: 1108 &rarr; <strong>1086</strong><br />(-22 for losing)\n",
  "uploadtime": 1776446266,
  "views": 19,
  "formatid": "gen9championsvgc2026regma",
  "rating": 1086,
  "private": 0,
  "password": null
}