{
  "id": "gen9championsvgc2026regma-2589409814",
  "format": "[Gen 9 Champions] VGC 2026 Reg M-A",
  "players": [
    "begings",
    "kkkuka"
  ],
  "log": "|j|\u2606begings\n|j|\u2606kkkuka\n|t:|1776720620\n|gametype|doubles\n|player|p1|begings|169|1107\n|player|p2|kkkuka|169|1156\n|gen|9\n|tier|[Gen 9 Champions] VGC 2026 Reg M-A\n|rated|\n|rule|Species Clause: Limit one of each Pok\u00e9mon\n|rule|Item Clause: Limit 1 of each item\n|clearpoke\n|poke|p1|Scovillain, L50, M|\n|poke|p1|Glimmora, L50, F|\n|poke|p1|Aerodactyl, L50, F|\n|poke|p1|Primarina, L50, M|\n|poke|p1|Garchomp, L50, F|\n|poke|p1|Sinistcha, L50|\n|poke|p2|Charizard, L50, F|\n|poke|p2|Kingambit, L50, M|\n|poke|p2|Incineroar, L50, F|\n|poke|p2|Floette-Eternal, L50, F|\n|poke|p2|Aerodactyl, L50, F|\n|poke|p2|Sneasler, L50, M|\n|teampreview|4\n|inactive|Battle timer is ON: inactive players will automatically lose when time's up. (requested by begings)\nbegings has agreed to open team sheets.\nkkkuka has agreed to open team sheets.\n|showteam|p1|Scovillain||Scovillainite|Moody|LeechSeed,Flamethrower,RagePowder,Protect|||M|||50|]Glimmora||Glimmoranite|ToxicDebris|SpikyShield,SludgeBomb,EarthPower,PowerGem|||F|||50|]Aerodactyl||FocusSash|Unnerve|RockSlide,DualWingbeat,Protect,Tailwind|||F|||50|]Primarina||Leftovers|LiquidVoice|HyperVoice,CalmMind,Protect,Moonblast|||M|||50|]Garchomp||YacheBerry|SandVeil|IronHead,DragonClaw,Earthquake,Protect|||F|||50|]Sinistcha||SitrusBerry|Hospitality|LifeDew,ShadowBall,Curse,RagePowder||||||50|\n|showteam|p2|Charizard||CharizarditeY|Blaze|HeatCrash,WeatherBall,SolarBeam,Protect|||F|||50|]Kingambit||BlackGlasses|Defiant|KowtowCleave,SuckerPunch,IronHead,Protect|||M|||50|]Incineroar||ShucaBerry|Intimidate|FakeOut,FlareBlitz,ThroatChop,PartingShot|||F|||50|]Floette-Eternal||Floettite|FlowerVeil|Moonblast,DazzlingGleam,CalmMind,Protect|||F|||50|]Aerodactyl||FocusSash|Unnerve|RockSlide,DualWingbeat,Tailwind,Protect|||F|||50|]Sneasler||WhiteHerb|Unburden|FakeOut,CloseCombat,DireClaw,Protect|||M|||50|\n|inactive|kkkuka has 60 seconds left.\n|inactive|kkkuka has 30 seconds left.\n|inactive|kkkuka has 20 seconds left.\n|inactive|kkkuka has 15 seconds left.\n|inactive|kkkuka has 10 seconds left.\n|\n|t:|1776720767\n|teamsize|p1|4\n|teamsize|p2|4\n|start\n|switch|p1a: Glimmora|Glimmora, L50, F|100/100\n|switch|p1b: Aerodactyl|Aerodactyl, L50, F|100/100\n|switch|p2a: Kingambit|Kingambit, L50, M|100/100\n|switch|p2b: Sneasler|Sneasler, L50, M|100/100\n|-ability|p1b: Aerodactyl|Unnerve\n|turn|1\n|inactive|begings has 30 seconds left.\n|\n|t:|1776720797\n|move|p1b: Aerodactyl|Protect|p1b: Aerodactyl\n|-singleturn|p1b: Aerodactyl|Protect\n|move|p1a: Glimmora|Spiky Shield|p1a: Glimmora\n|-singleturn|p1a: Glimmora|move: Protect\n|move|p2b: Sneasler|Fake Out|p1b: Aerodactyl\n|-activate|p1b: Aerodactyl|move: Protect\n|move|p2a: Kingambit|Iron Head|p1a: Glimmora\n|-activate|p1a: Glimmora|move: Protect\n|-damage|p2a: Kingambit|88/100|[from] Spiky Shield|[of] p1a: Glimmora\n|\n|upkeep\n|turn|2\n|inactive|kkkuka has 30 seconds left.\n|inactive|kkkuka has 20 seconds left.\n|inactive|kkkuka has 15 seconds left.\n|inactive|kkkuka has 10 seconds left.\n|inactive|kkkuka has 5 seconds left.\n|\n|t:|1776720847\n|switch|p1a: Sinistcha|Sinistcha, L50|100/100\n|move|p2a: Kingambit|Protect|p2a: Kingambit\n|-singleturn|p2a: Kingambit|Protect\n|move|p1b: Aerodactyl|Dual Wingbeat|p2b: Sneasler\n|-supereffective|p2b: Sneasler|1\n|-damage|p2b: Sneasler|42/100\n|-supereffective|p2b: Sneasler|1\n|-damage|p2b: Sneasler|0 fnt\n|faint|p2b: Sneasler\n|-hitcount|p2: Sneasler|2\n|\n|upkeep\n|\n|t:|1776720855\n|switch|p2b: Incineroar|Incineroar, L50, F|100/100\n|-ability|p2b: Incineroar|Intimidate|boost\n|-unboost|p1a: Sinistcha|atk|1\n|-unboost|p1b: Aerodactyl|atk|1\n|turn|3\n|inactive|begings has 30 seconds left.\n|inactive|kkkuka has 30 seconds left.\n|\n|t:|1776720895\n|move|p1a: Sinistcha|Rage Powder|p1a: Sinistcha\n|-singleturn|p1a: Sinistcha|move: Rage Powder\n|move|p1b: Aerodactyl|Tailwind|p1b: Aerodactyl\n|-sidestart|p1: begings|move: Tailwind\n|move|p2b: Incineroar|Throat Chop|p1a: Sinistcha\n|-supereffective|p1a: Sinistcha|1\n|-damage|p1a: Sinistcha|47/100\n|-start|p1a: Sinistcha|Throat Chop|[silent]\n|-enditem|p1a: Sinistcha|Sitrus Berry|[eat]\n|-heal|p1a: Sinistcha|71/100|[from] item: Sitrus Berry\n|move|p2a: Kingambit|Kowtow Cleave|p1a: Sinistcha\n|-supereffective|p1a: Sinistcha|1\n|-damage|p1a: Sinistcha|0 fnt\n|faint|p1a: Sinistcha\n|\n|upkeep\n|\n|t:|1776720906\n|switch|p1a: Glimmora|Glimmora, L50, F|100/100\n|turn|4\n|inactive|kkkuka has 30 seconds left.\n|\n|t:|1776720934\n|detailschange|p1a: Glimmora|Glimmora-Mega, L50, F\n|-mega|p1a: Glimmora|Glimmora|Glimmoranite\n|move|p1a: Glimmora|Spiky Shield|p1a: Glimmora\n|-singleturn|p1a: Glimmora|move: Protect\n|move|p1b: Aerodactyl|Rock Slide|p2a: Kingambit|[spread] \n|-miss|p1b: Aerodactyl|p2a: Kingambit\n|-miss|p1b: Aerodactyl|p2b: Incineroar\n|move|p2b: Incineroar|Throat Chop|p1b: Aerodactyl\n|-damage|p1b: Aerodactyl|50/100\n|-start|p1b: Aerodactyl|Throat Chop|[silent]\n|move|p2a: Kingambit|Iron Head|p1a: Glimmora\n|-activate|p1a: Glimmora|move: Protect\n|-damage|p2a: Kingambit|76/100|[from] Spiky Shield|[of] p1a: Glimmora\n|\n|upkeep\n|turn|5\n|c|\u2606begings|aerodactly\n|c|\u2606begings|what are we doing\n|\n|t:|1776720957\n|move|p1b: Aerodactyl|Rock Slide|p2a: Kingambit|[spread] p2a,p2b\n|-resisted|p2a: Kingambit|1\n|-supereffective|p2b: Incineroar|1\n|-damage|p2a: Kingambit|71/100\n|-damage|p2b: Incineroar|74/100\n|move|p1a: Glimmora|Earth Power|p2a: Kingambit\n|-supereffective|p2a: Kingambit|1\n|-damage|p2a: Kingambit|3/100\n|cant|p2b: Incineroar|flinch\n|cant|p2a: Kingambit|flinch\n|\n|-end|p1b: Aerodactyl|Throat Chop|[silent]\n|upkeep\n|turn|6\n|c|\u2606begings|nvm I forgive u\n|inactive|begings has 30 seconds left.\n|\n|t:|1776720989\n|move|p2a: Kingambit|Sucker Punch|p1a: Glimmora\n|-damage|p1a: Glimmora|51/100\n|move|p1b: Aerodactyl|Rock Slide|p2b: Incineroar|[spread] p2a\n|-miss|p1b: Aerodactyl|p2b: Incineroar\n|-resisted|p2a: Kingambit|1\n|-damage|p2a: Kingambit|0 fnt\n|faint|p2a: Kingambit\n|move|p1a: Glimmora|Power Gem|p2b: Incineroar\n|-supereffective|p2b: Incineroar|1\n|-damage|p2b: Incineroar|0 fnt\n|faint|p2b: Incineroar\n|\n|-sideend|p1: begings|move: Tailwind\n|upkeep\n|c|\u2606kkkuka|fuck this fucker\n|\n|t:|1776721001\n|switch|p2b: Charizard|Charizard, L50, F|100/100\n|turn|7\n|\n|t:|1776721013\n|detailschange|p2b: Charizard|Charizard-Mega-Y, L50, F\n|-mega|p2b: Charizard|Charizard|Charizardite Y\n|-weather|SunnyDay|[from] ability: Drought|[of] p2b: Charizard\n|move|p1b: Aerodactyl|Tailwind|p1b: Aerodactyl\n|-sidestart|p1: begings|move: Tailwind\n|move|p1a: Glimmora|Power Gem|p2b: Charizard\n|-supereffective|p2b: Charizard|2\n|-damage|p2b: Charizard|0 fnt\n|faint|p2b: Charizard\n|\n|win|begings\n",
  "uploadtime": 1776720998,
  "views": 5,
  "formatid": "gen9championsvgc2026regma",
  "rating": null,
  "private": 0,
  "password": null
}