{
  "id": "gen9championsvgc2026regma-2588648425",
  "format": "[Gen 9 Champions] VGC 2026 Reg M-A",
  "players": [
    "lessa_ped",
    "Cylantro"
  ],
  "log": "|j|\u2606lessa_ped\n|j|\u2606Cylantro\n|t:|1776653633\n|gametype|doubles\n|player|p1|lessa_ped|101|1186\n|player|p2|Cylantro|101|1286\n|gen|9\n|tier|[Gen 9 Champions] VGC 2026 Reg M-A\n|rated|\n|rule|Species Clause: Limit one of each Pok\u00e9mon\n|rule|Item Clause: Limit 1 of each item\n|clearpoke\n|poke|p1|Sinistcha, L50|\n|poke|p1|Sneasler, L50, M|\n|poke|p1|Kingambit, L50, M, shiny|\n|poke|p1|Incineroar, L50, F|\n|poke|p1|Politoed, L50, M|\n|poke|p1|Gengar, L50, M|\n|poke|p2|Rotom-Wash, L50|\n|poke|p2|Aerodactyl, L50, F|\n|poke|p2|Aegislash, L50, F|\n|poke|p2|Garchomp, L50, F|\n|poke|p2|Sneasler, L50, F|\n|poke|p2|Gardevoir, L50, M|\n|teampreview|4\n|\n|t:|1776653672\n|teamsize|p1|4\n|teamsize|p2|4\n|start\n|switch|p1a: Gengar|Gengar, L50, M|100/100\n|switch|p1b: Kingambit|Kingambit, L50, M, shiny|100/100\n|switch|p2a: Aerodactyl|Aerodactyl, L50, F|100/100\n|switch|p2b: Sneasler|Sneasler, L50, F|100/100\n|-ability|p2a: Aerodactyl|Unnerve\n|turn|1\n|\n|t:|1776653715\n|switch|p1b: Sneasler|Sneasler, L50, M|100/100\n|detailschange|p1a: Gengar|Gengar-Mega, L50, M\n|-mega|p1a: Gengar|Gengar|Gengarite\n|move|p2a: Aerodactyl|Rock Slide|p1a: Gengar|[spread] p1a,p1b\n|-resisted|p1b: Sneasler|1\n|-damage|p1a: Gengar|64/100\n|-damage|p1b: Sneasler|79/100\n|move|p1a: Gengar|Perish Song|p1a: Gengar\n|-start|p1a: Gengar|perish3|[silent]\n|-start|p1b: Sneasler|perish3|[silent]\n|-start|p2a: Aerodactyl|perish3|[silent]\n|-start|p2b: Sneasler|perish3|[silent]\n|-fieldactivate|move: Perish Song\n|move|p2b: Sneasler|Dire Claw|p1a: Gengar\n|-resisted|p1a: Gengar|2\n|-damage|p1a: Gengar|48/100\n|\n|-start|p2a: Aerodactyl|perish3\n|-start|p1a: Gengar|perish3\n|-start|p2b: Sneasler|perish3\n|-start|p1b: Sneasler|perish3\n|upkeep\n|turn|2\n|\n|t:|1776653757\n|move|p1b: Sneasler|Fake Out|p2a: Aerodactyl\n|-resisted|p2a: Aerodactyl|1\n|-damage|p2a: Aerodactyl|87/100\n|cant|p2a: Aerodactyl|flinch\n|move|p1a: Gengar|Shadow Ball|p2b: Sneasler\n|-damage|p2b: Sneasler|36/100\n|-unboost|p2b: Sneasler|spd|1\n|-enditem|p2b: Sneasler|White Herb\n|-clearnegativeboost|p2b: Sneasler|[silent]\n|move|p2b: Sneasler|Close Combat|p1b: Sneasler\n|-resisted|p1b: Sneasler|1\n|-damage|p1b: Sneasler|26/100\n|-unboost|p2b: Sneasler|def|1\n|-unboost|p2b: Sneasler|spd|1\n|\n|-start|p2b: Sneasler|perish2\n|-start|p2a: Aerodactyl|perish2\n|-start|p1a: Gengar|perish2\n|-start|p1b: Sneasler|perish2\n|upkeep\n|turn|3\n|\n|t:|1776653783\n|switch|p1b: Sinistcha|Sinistcha, L50|100/100\n|-heal|p1a: Gengar|72/100|[from] ability: Hospitality|[of] p1b: Sinistcha\n|move|p1a: Gengar|Protect|p1a: Gengar\n|-singleturn|p1a: Gengar|Protect\n|move|p2b: Sneasler|Close Combat|p1b: Sinistcha\n|-immune|p1b: Sinistcha\n|move|p2a: Aerodactyl|Rock Slide|p1a: Gengar|[spread] p1b\n|-activate|p1a: Gengar|move: Protect\n|-damage|p1b: Sinistcha|85/100\n|\n|-start|p2b: Sneasler|perish1\n|-start|p2a: Aerodactyl|perish1\n|-start|p1a: Gengar|perish1\n|upkeep\n|turn|4\n|inactive|Battle timer is ON: inactive players will automatically lose when time's up. (requested by lessa_ped)\n|\n|t:|1776653870\n|switch|p1a: Kingambit|Kingambit, L50, M, shiny|100/100\n|move|p1b: Sinistcha|Rage Powder|p1b: Sinistcha\n|-singleturn|p1b: Sinistcha|move: Rage Powder\n|move|p2b: Sneasler|Close Combat|p1b: Sinistcha\n|-immune|p1b: Sinistcha\n|move|p2a: Aerodactyl|Rock Slide|p1b: Sinistcha|[spread] p1a,p1b\n|-resisted|p1a: Kingambit|1\n|-damage|p1a: Kingambit|92/100\n|-damage|p1b: Sinistcha|68/100\n|\n|-start|p2b: Sneasler|perish0\n|-start|p2a: Aerodactyl|perish0\n|upkeep\n|faint|p2b: Sneasler\n|faint|p2a: Aerodactyl\n|inactive|Cylantro has 30 seconds left.\n|inactive|Cylantro has 20 seconds left.\n|inactive|Cylantro has 15 seconds left.\n|inactive|Cylantro has 10 seconds left.\n|inactive|Cylantro has 5 seconds left.\n|\n|t:|1776653921\n|switch|p2a: Garchomp|Garchomp, L50, F|100/100\n|switch|p2b: Gardevoir|Gardevoir, L50, M|100/100\n|-ability|p2b: Gardevoir|Defiant|Trace|[from] ability: Trace|[of] p1a: Kingambit\n|turn|5\n|inactive|lessa_ped has 30 seconds left.\n|inactive|Cylantro has 30 seconds left.\n|inactive|lessa_ped has 20 seconds left.\n|inactive|lessa_ped has 15 seconds left.\n|\n|t:|1776653966\n|detailschange|p2b: Gardevoir|Gardevoir-Mega, L50, M\n|-mega|p2b: Gardevoir|Gardevoir|Gardevoirite\n|move|p1b: Sinistcha|Protect|p1b: Sinistcha\n|-singleturn|p1b: Sinistcha|Protect\n|move|p2a: Garchomp|Rock Slide|p1a: Kingambit|[spread] p1a\n|-activate|p1b: Sinistcha|move: Protect\n|-resisted|p1a: Kingambit|1\n|-damage|p1a: Kingambit|85/100\n|move|p2b: Gardevoir|Hyper Voice|p1a: Kingambit|[spread] p1a\n|-activate|p1b: Sinistcha|move: Protect\n|-damage|p1a: Kingambit|32/100\n|cant|p1a: Kingambit|flinch\n|\n|upkeep\n|turn|6\n|inactive|lessa_ped has 30 seconds left.\n|\n|t:|1776653998\n|move|p2b: Gardevoir|Protect|p2b: Gardevoir\n|-singleturn|p2b: Gardevoir|Protect\n|move|p1a: Kingambit|Protect|p1a: Kingambit\n|-singleturn|p1a: Kingambit|Protect\n|move|p2a: Garchomp|Rock Slide|p1b: Sinistcha|[spread] p1b\n|-activate|p1a: Kingambit|move: Protect\n|-damage|p1b: Sinistcha|50/100\n|move|p1b: Sinistcha|Life Dew|p1b: Sinistcha|[spread] p1a,p1b\n|-heal|p1a: Kingambit|57/100\n|-heal|p1b: Sinistcha|76/100\n|\n|upkeep\n|turn|7\n|inactive|lessa_ped has 30 seconds left.\n|\n|t:|1776654027\n|switch|p1a: Sneasler|Sneasler, L50, M|26/100\n|move|p2a: Garchomp|Rock Slide|p1a: Sneasler|[spread] p1a,p1b\n|-resisted|p1a: Sneasler|1\n|-damage|p1a: Sneasler|8/100\n|-damage|p1b: Sinistcha|60/100\n|move|p2b: Gardevoir|Hyper Voice|p1b: Sinistcha|[spread] p1a,p1b\n|-damage|p1a: Sneasler|0 fnt\n|-damage|p1b: Sinistcha|6/100\n|faint|p1a: Sneasler\n|move|p1b: Sinistcha|Matcha Gotcha|p2a: Garchomp|[spread] p2a,p2b\n|-damage|p2a: Garchomp|75/100\n|-heal|p1b: Sinistcha|19/100|[from] drain|[of] p2a: Garchomp\n|-damage|p2b: Gardevoir|78/100\n|-heal|p1b: Sinistcha|29/100|[from] drain|[of] p2b: Gardevoir\n|-status|p2b: Gardevoir|brn\n|-heal|p1b: Sinistcha|34/100|[from] item: Shell Bell|[of] p2b: Gardevoir\n|\n|-damage|p2b: Gardevoir|72/100 brn|[from] brn\n|upkeep\n|\n|t:|1776654045\n|switch|p1a: Gengar|Gengar-Mega, L50, M|72/100\n|turn|8\n|\n|t:|1776654055\n|switch|p1b: Kingambit|Kingambit, L50, M, shiny|57/100\n|move|p1a: Gengar|Protect|p1a: Gengar\n|-singleturn|p1a: Gengar|Protect\n|move|p2a: Garchomp|Rock Slide|p1b: Kingambit|[spread] \n|-activate|p1a: Gengar|move: Protect\n|-miss|p2a: Garchomp|p1b: Kingambit\n|move|p2b: Gardevoir|Hyper Voice|p1b: Kingambit|[spread] p1b\n|-activate|p1a: Gengar|move: Protect\n|-damage|p1b: Kingambit|9/100\n|\n|-damage|p2b: Gardevoir|65/100 brn|[from] brn\n|upkeep\n|turn|9\n|\n|t:|1776654078\n|move|p2a: Garchomp|Rock Slide|p1b: Kingambit|[spread] p1a,p1b\n|-resisted|p1b: Kingambit|1\n|-damage|p1a: Gengar|36/100\n|-damage|p1b: Kingambit|1/100\n|move|p1a: Gengar|Shadow Ball|p2b: Gardevoir\n|-supereffective|p2b: Gardevoir|1\n|-damage|p2b: Gardevoir|0 fnt\n|faint|p2b: Gardevoir\n|move|p1b: Kingambit|Kowtow Cleave|p2a: Garchomp\n|-damage|p2a: Garchomp|24/100\n|\n|upkeep\n|turn|10\n|\n|t:|1776654093\n|move|p2a: Garchomp|Rock Slide|p1a: Gengar|[spread] p1a,p1b\n|-resisted|p1b: Kingambit|1\n|-damage|p1a: Gengar|3/100\n|-damage|p1b: Kingambit|0 fnt\n|faint|p1b: Kingambit\n|move|p1a: Gengar|Shadow Ball|p2a: Garchomp\n|-damage|p2a: Garchomp|0 fnt\n|faint|p2a: Garchomp\n|\n|win|lessa_ped\n|raw|lessa_ped's rating: 1186 &rarr; <strong>1218</strong><br />(+32 for winning)\n|raw|Cylantro's rating: 1286 &rarr; <strong>1254</strong><br />(-32 for losing)\n",
  "uploadtime": 1776654101,
  "views": 9,
  "formatid": "gen9championsvgc2026regma",
  "rating": 1218,
  "private": 0,
  "password": null
}