{
  "id": "gen9championsvgc2026regma-2588329301",
  "format": "[Gen 9 Champions] VGC 2026 Reg M-A",
  "players": [
    "lobbychatlagsmypc",
    "sampl_txt"
  ],
  "log": "|j|\u2606lobbychatlagsmypc\n|j|\u2606sampl_txt\n|t:|1776624570\n|gametype|doubles\n|player|p1|lobbychatlagsmypc|1|1048\n|player|p2|sampl_txt|teamrocket|1107\n|gen|9\n|tier|[Gen 9 Champions] VGC 2026 Reg M-A\n|rated|\n|rule|Species Clause: Limit one of each Pok\u00e9mon\n|rule|Item Clause: Limit 1 of each item\n|clearpoke\n|poke|p1|Farigiraf, L50, F|\n|poke|p1|Excadrill, L50, M|\n|poke|p1|Incineroar, L50, F|\n|poke|p1|Whimsicott, L50, M|\n|poke|p1|Milotic, L50, F|\n|poke|p1|Sneasler, L50, F|\n|poke|p2|Aerodactyl, L50, F|\n|poke|p2|Incineroar, L50, F|\n|poke|p2|Floette-Eternal, L50, F|\n|poke|p2|Basculegion, L50, M|\n|poke|p2|Garchomp, L50, F|\n|poke|p2|Sneasler, L50, M|\n|teampreview|4\n|inactive|Battle timer is ON: inactive players will automatically lose when time's up. (requested by sampl_txt)\n|\n|t:|1776624599\n|teamsize|p1|4\n|teamsize|p2|4\n|start\n|switch|p1a: Incineroar|Incineroar, L50, F|100/100\n|switch|p1b: Milotic|Milotic, L50, F|100/100\n|switch|p2a: Floette|Floette-Eternal, L50, F|100/100\n|switch|p2b: Aerodactyl|Aerodactyl, L50, F|100/100\n|-ability|p2b: Aerodactyl|Unnerve\n|-ability|p1a: Incineroar|Intimidate|boost\n|-unboost|p2a: Floette|atk|1\n|-unboost|p2b: Aerodactyl|atk|1\n|turn|1\n|\n|t:|1776624610\n|detailschange|p2a: Floette|Floette-Mega, L50, F\n|-mega|p2a: Floette|Floette|Floettite\n|-ability|p2a: Floette|Fairy Aura\n|move|p2b: Aerodactyl|Protect|p2b: Aerodactyl\n|-singleturn|p2b: Aerodactyl|Protect\n|move|p1a: Incineroar|Fake Out|p2a: Floette\n|-damage|p2a: Floette|83/100\n|cant|p2a: Floette|flinch\n|move|p1b: Milotic|Icy Wind|p2b: Aerodactyl|[spread] p2a\n|-activate|p2b: Aerodactyl|move: Protect\n|-damage|p2a: Floette|71/100\n|-unboost|p2a: Floette|spe|1\n|\n|upkeep\n|turn|2\n|\n|t:|1776624630\n|move|p2b: Aerodactyl|Tailwind|p2b: Aerodactyl\n|-sidestart|p2: sampl_txt|move: Tailwind\n|move|p2a: Floette|Moonblast|p1b: Milotic\n|-damage|p1b: Milotic|46/100\n|move|p1b: Milotic|Icy Wind|p2a: Floette|[spread] p2a,p2b\n|-supereffective|p2b: Aerodactyl|1\n|-damage|p2a: Floette|61/100\n|-damage|p2b: Aerodactyl|66/100\n|-unboost|p2a: Floette|spe|1\n|-unboost|p2b: Aerodactyl|spe|1\n|move|p1a: Incineroar|Flare Blitz|p2a: Floette\n|-damage|p2a: Floette|0 fnt\n|faint|p2a: Floette\n|-damage|p1a: Incineroar|86/100|[from] Recoil\n|\n|-heal|p1b: Milotic|51/100|[from] item: Leftovers\n|upkeep\n|\n|t:|1776624635\n|switch|p2a: Garchomp|Garchomp, L50, F|100/100\n|turn|3\n|\n|t:|1776624642\n|move|p1b: Milotic|Protect|p1b: Milotic\n|-singleturn|p1b: Milotic|Protect\n|move|p2a: Garchomp|Earthquake|p1a: Incineroar|[spread] p1a\n|-activate|p1b: Milotic|move: Protect\n|-immune|p2b: Aerodactyl\n|-supereffective|p1a: Incineroar|1\n|-damage|p1a: Incineroar|4/100\n|move|p2b: Aerodactyl|Rock Slide|p1b: Milotic|[spread] p1a\n|-activate|p1b: Milotic|move: Protect\n|-supereffective|p1a: Incineroar|1\n|-damage|p1a: Incineroar|0 fnt\n|faint|p1a: Incineroar\n|\n|-heal|p1b: Milotic|57/100|[from] item: Leftovers\n|upkeep\n|\n|t:|1776624645\n|switch|p1a: Whimsicott|Whimsicott, L50, M|100/100\n|turn|4\n|\n|t:|1776624662\n|move|p1a: Whimsicott|Tailwind|p1a: Whimsicott\n|-sidestart|p1: lobbychatlagsmypc|move: Tailwind\n|move|p2a: Garchomp|Rock Slide|p1a: Whimsicott|[spread] p1a,p1b\n|-damage|p1a: Whimsicott|68/100\n|-damage|p1b: Milotic|36/100\n|move|p2b: Aerodactyl|Dual Wingbeat|p1a: Whimsicott|[miss]\n|-miss|p2b: Aerodactyl|p1a: Whimsicott\n|cant|p1b: Milotic|flinch\n|\n|-heal|p1b: Milotic|42/100|[from] item: Leftovers\n|upkeep\n|turn|5\n|inactive|lobbychatlagsmypc has 30 seconds left.\n|\n|t:|1776624690\n|switch|p1b: Excadrill|Excadrill, L50, M|100/100\n|-ability|p1b: Excadrill|Mold Breaker\n|move|p1a: Whimsicott|Encore|p2a: Garchomp\n|-start|p2a: Garchomp|Encore\n|move|p2a: Garchomp|Rock Slide|p1a: Whimsicott|[spread] p1a,p1b\n|-resisted|p1b: Excadrill|2\n|-damage|p1a: Whimsicott|36/100\n|-damage|p1b: Excadrill|94/100\n|move|p2b: Aerodactyl|Rock Slide|p1a: Whimsicott|[spread] p1a,p1b\n|-resisted|p1b: Excadrill|2\n|-damage|p1a: Whimsicott|14/100\n|-damage|p1b: Excadrill|88/100\n|\n|-sideend|p2: sampl_txt|move: Tailwind\n|upkeep\n|turn|6\n|inactive|lobbychatlagsmypc has 30 seconds left.\n|\n|t:|1776624718\n|detailschange|p1b: Excadrill|Excadrill-Mega, L50, M\n|-mega|p1b: Excadrill|Excadrill|Excadrite\n|move|p2b: Aerodactyl|Protect|p2b: Aerodactyl\n|-singleturn|p2b: Aerodactyl|Protect\n|move|p1a: Whimsicott|Encore|p2b: Aerodactyl\n|-activate|p2b: Aerodactyl|move: Protect\n|move|p1b: Excadrill|Iron Head|p2b: Aerodactyl\n|-supereffective|p2b: Aerodactyl|1\n|-ability|p1b: Excadrill|Piercing Drill\n|-zbroken|p2b: Aerodactyl\n|-damage|p2b: Aerodactyl|19/100\n|move|p2a: Garchomp|Rock Slide|p1b: Excadrill|[spread] p1a,p1b\n|-resisted|p1b: Excadrill|2\n|-damage|p1a: Whimsicott|0 fnt\n|-damage|p1b: Excadrill|83/100\n|faint|p1a: Whimsicott\n|\n|upkeep\n|\n|t:|1776624721\n|switch|p1a: Milotic|Milotic, L50, F|42/100\n|turn|7\n|\n|t:|1776624745\n|move|p2b: Aerodactyl|Protect|p2b: Aerodactyl\n|-singleturn|p2b: Aerodactyl|Protect\n|move|p1b: Excadrill|Iron Head|p2b: Aerodactyl\n|-supereffective|p2b: Aerodactyl|1\n|-crit|p2b: Aerodactyl\n|-ability|p1b: Excadrill|Piercing Drill\n|-zbroken|p2b: Aerodactyl\n|-damage|p2b: Aerodactyl|0 fnt\n|faint|p2b: Aerodactyl\n|move|p1a: Milotic|Icy Wind|p2a: Garchomp\n|-supereffective|p2a: Garchomp|2\n|-damage|p2a: Garchomp|33/100\n|-unboost|p2a: Garchomp|spe|1\n|move|p2a: Garchomp|Rock Slide|p1b: Excadrill|[spread] p1a,p1b\n|-resisted|p1b: Excadrill|2\n|-damage|p1a: Milotic|19/100\n|-damage|p1b: Excadrill|79/100\n|\n|-heal|p1a: Milotic|25/100|[from] item: Leftovers\n|-end|p2a: Garchomp|Encore\n|-sideend|p1: lobbychatlagsmypc|move: Tailwind\n|upkeep\n|\n|t:|1776624751\n|switch|p2b: Basculegion|Basculegion, L50, M|100/100\n|turn|8\n|\n|t:|1776624765\n|move|p1b: Excadrill|Protect|p1b: Excadrill\n|-singleturn|p1b: Excadrill|Protect\n|move|p2b: Basculegion|Last Respects|p1b: Excadrill\n|-activate|p1b: Excadrill|move: Protect\n|move|p1a: Milotic|Icy Wind|p2b: Basculegion|[spread] p2a,p2b\n|-supereffective|p2a: Garchomp|2\n|-resisted|p2b: Basculegion|1\n|-damage|p2a: Garchomp|0 fnt\n|-damage|p2b: Basculegion|94/100\n|-unboost|p2b: Basculegion|spe|1\n|faint|p2a: Garchomp\n|\n|-heal|p1a: Milotic|31/100|[from] item: Leftovers\n|upkeep\n|turn|9\n|\n|t:|1776624772\n|move|p1b: Excadrill|High Horsepower|p2b: Basculegion\n|-damage|p2b: Basculegion|15/100\n|move|p2b: Basculegion|Last Respects|p1b: Excadrill\n|-damage|p1b: Excadrill|0 fnt\n|faint|p1b: Excadrill\n|move|p1a: Milotic|Scald|p2b: Basculegion\n|-resisted|p2b: Basculegion|1\n|-damage|p2b: Basculegion|0 fnt\n|faint|p2b: Basculegion\n|\n|win|lobbychatlagsmypc\n|raw|lobbychatlagsmypc's rating: 1048 &rarr; <strong>1086</strong><br />(+38 for winning)\n|raw|sampl_txt's rating: 1107 &rarr; <strong>1078</strong><br />(-29 for losing)\n|l|\u2606lobbychatlagsmypc\n|player|p1|\n|l|\u2606sampl_txt\n|player|p2|\n|j|\u2606lobbychatlagsmypc\n|player|p1|lobbychatlagsmypc|1|\n",
  "uploadtime": 1776624787,
  "views": 14,
  "formatid": "gen9championsvgc2026regma",
  "rating": 1078,
  "private": 0,
  "password": null
}