{
  "id": "gen9championsvgc2026regma-2587621037",
  "format": "[Gen 9 Champions] VGC 2026 Reg M-A",
  "players": [
    "isayhiyousayhello",
    "seemeier"
  ],
  "log": "|j|\u2606isayhiyousayhello\n|j|\u2606seemeier\n|t:|1776547697\n|gametype|doubles\n|player|p1|isayhiyousayhello|2|1454\n|player|p2|seemeier|1|1418\n|gen|9\n|tier|[Gen 9 Champions] VGC 2026 Reg M-A\n|rated|\n|rule|Species Clause: Limit one of each Pok\u00e9mon\n|rule|Item Clause: Limit 1 of each item\n|clearpoke\n|poke|p1|Rotom-Wash, L50|\n|poke|p1|Lucario, L50, M|\n|poke|p1|Whimsicott, L50, F|\n|poke|p1|Maushold, L50|\n|poke|p1|Ninetales-Alola, L50, F|\n|poke|p1|Kingambit, L50, F|\n|poke|p2|Gengar, L50, F|\n|poke|p2|Incineroar, L50, F|\n|poke|p2|Sneasler, L50, F|\n|poke|p2|Sinistcha, L50|\n|poke|p2|Aerodactyl, L50, F|\n|poke|p2|Kingambit, L50, M|\n|teampreview|4\n|inactive|Battle timer is ON: inactive players will automatically lose when time's up. (requested by seemeier)\nisayhiyousayhello rejected open team sheets.\n|\n|t:|1776547724\n|teamsize|p1|4\n|teamsize|p2|4\n|start\n|switch|p1a: Lucario|Lucario, L50, M|100/100\n|switch|p1b: Rotom|Rotom-Wash, L50|100/100\n|switch|p2a: Sinistcha|Sinistcha, L50|100/100\n|switch|p2b: Sneasler|Sneasler, L50, F|100/100\n|turn|1\n|\n|t:|1776547740\n|move|p1a: Lucario|Protect|p1a: Lucario\n|-singleturn|p1a: Lucario|Protect\n|move|p2b: Sneasler|Fake Out|p1b: Rotom\n|-damage|p1b: Rotom|85/100\n|cant|p1b: Rotom|flinch\n|move|p2a: Sinistcha|Matcha Gotcha|p1b: Rotom|[spread] p1b\n|-activate|p1a: Lucario|move: Protect\n|-supereffective|p1b: Rotom|1\n|-damage|p1b: Rotom|23/100\n|-status|p1b: Rotom|brn\n|-enditem|p1b: Rotom|Sitrus Berry|[eat]\n|-heal|p1b: Rotom|48/100 brn|[from] item: Sitrus Berry\n|\n|-damage|p1b: Rotom|43/100 brn|[from] brn\n|upkeep\n|turn|2\n|\n|t:|1776547761\n|switch|p1a: Whimsicott|Whimsicott, L50, F|100/100\n|move|p2b: Sneasler|Close Combat|p1a: Whimsicott\n|-resisted|p1a: Whimsicott|1\n|-damage|p1a: Whimsicott|48/100\n|-unboost|p2b: Sneasler|def|1\n|-unboost|p2b: Sneasler|spd|1\n|-enditem|p2b: Sneasler|White Herb\n|-clearnegativeboost|p2b: Sneasler|[silent]\n|move|p1b: Rotom|Will-O-Wisp|p2b: Sneasler|[miss]\n|-miss|p1b: Rotom|p2b: Sneasler\n|move|p2a: Sinistcha|Matcha Gotcha|p1a: Whimsicott|[spread] p1a,p1b\n|-resisted|p1a: Whimsicott|1\n|-supereffective|p1b: Rotom|1\n|-damage|p1a: Whimsicott|27/100\n|-damage|p1b: Rotom|0 fnt\n|faint|p1b: Rotom\n|\n|upkeep\n|\n|t:|1776547768\n|switch|p1b: Ninetales|Ninetales-Alola, L50, F|100/100\n|-weather|Snowscape|[from] ability: Snow Warning|[of] p1b: Ninetales\n|turn|3\n|\n|t:|1776547784\n|move|p1a: Whimsicott|Fake Tears|p2b: Sneasler\n|-unboost|p2b: Sneasler|spd|2\n|move|p2b: Sneasler|Dire Claw|p1b: Ninetales\n|-supereffective|p1b: Ninetales|1\n|-damage|p1b: Ninetales|3/100\n|move|p1b: Ninetales|Blizzard|p2b: Sneasler|[spread] p2a,p2b\n|-supereffective|p2a: Sinistcha|1\n|-damage|p2a: Sinistcha|33/100\n|-damage|p2b: Sneasler|10/100\n|-status|p2b: Sneasler|frz\n|move|p2a: Sinistcha|Matcha Gotcha|p1b: Ninetales|[spread] p1a,p1b\n|-resisted|p1a: Whimsicott|1\n|-damage|p1a: Whimsicott|5/100\n|-heal|p2a: Sinistcha|42/100|[from] drain|[of] p1a: Whimsicott\n|-damage|p1b: Ninetales|0 fnt\n|-heal|p2a: Sinistcha|43/100|[from] drain|[of] p1b: Ninetales\n|faint|p1b: Ninetales\n|\n|-weather|Snowscape|[upkeep]\n|-heal|p2a: Sinistcha|49/100|[from] item: Leftovers\n|upkeep\n|\n|t:|1776547791\n|switch|p1b: Lucario|Lucario, L50, M|100/100\n|turn|4\n|\n|t:|1776547811\n|detailschange|p1b: Lucario|Lucario-Mega, L50, M\n|-mega|p1b: Lucario|Lucario|Lucarionite\n|cant|p2b: Sneasler|frz\n|move|p1a: Whimsicott|Moonblast|p2b: Sneasler\n|-damage|p2b: Sneasler|0 fnt\n|faint|p2b: Sneasler\n|move|p1b: Lucario|Dark Pulse|p2a: Sinistcha\n|-supereffective|p2a: Sinistcha|1\n|-damage|p2a: Sinistcha|0 fnt\n|faint|p2a: Sinistcha\n|\n|-weather|Snowscape|[upkeep]\n|upkeep\n|\n|t:|1776547822\n|switch|p2b: Kingambit|Kingambit, L50, M|100/100\n|switch|p2a: Gengar|Gengar, L50, F|100/100\n|turn|5\n|\n|t:|1776547838\n|detailschange|p2a: Gengar|Gengar-Mega, L50, F\n|-mega|p2a: Gengar|Gengar|Gengarite\n|move|p1b: Lucario|Protect|p1b: Lucario\n|-singleturn|p1b: Lucario|Protect\n|move|p1a: Whimsicott|Tailwind|p1a: Whimsicott\n|-sidestart|p1: isayhiyousayhello|move: Tailwind\n|move|p2a: Gengar|Sludge Wave|p1a: Whimsicott|[spread] p1a\n|-activate|p1b: Lucario|move: Protect\n|-immune|p2b: Kingambit\n|-supereffective|p1a: Whimsicott|2\n|-damage|p1a: Whimsicott|0 fnt\n|faint|p1a: Whimsicott\n|move|p2b: Kingambit|Low Kick|p1b: Lucario\n|-activate|p1b: Lucario|move: Protect\n|\n|-weather|Snowscape|[upkeep]\n|upkeep\n|turn|6\n|\n|t:|1776547859\n|move|p1b: Lucario|Dark Pulse|p2a: Gengar\n|-supereffective|p2a: Gengar|1\n|-damage|p2a: Gengar|17/100\n|move|p2a: Gengar|Shadow Ball|p1b: Lucario\n|-damage|p1b: Lucario|18/100\n|move|p2b: Kingambit|Low Kick|p1b: Lucario\n|-supereffective|p1b: Lucario|1\n|-damage|p1b: Lucario|0 fnt\n|faint|p1b: Lucario\n|\n|win|seemeier\n|raw|isayhiyousayhello's rating: 1454 &rarr; <strong>1432</strong><br />(-22 for losing)\n|raw|seemeier's rating: 1418 &rarr; <strong>1440</strong><br />(+22 for winning)\n|l|\u2606isayhiyousayhello\n|player|p1|\n|l|\u2606seemeier\n|player|p2|\n",
  "uploadtime": 1776547897,
  "views": 17,
  "formatid": "gen9championsvgc2026regma",
  "rating": 1432,
  "private": 0,
  "password": null
}