{
  "id": "gen9championsvgc2026regma-2583763413",
  "format": "[Gen 9 Champions] VGC 2026 Reg M-A",
  "players": [
    "LordBuddington",
    "Phoop06"
  ],
  "log": "|j|\u2606LordBuddington\n|j|\u2606Phoop06\n|t:|1776196060\n|gametype|doubles\n|player|p1|LordBuddington|266|1102\n|player|p2|Phoop06|266|1119\n|gen|9\n|tier|[Gen 9 Champions] VGC 2026 Reg M-A\n|rated|\n|rule|Species Clause: Limit one of each Pok\u00e9mon\n|rule|Item Clause: Limit 1 of each item\n|clearpoke\n|poke|p1|Delphox, L50, M|\n|poke|p1|Garchomp, L50, M|\n|poke|p1|Meowstic, L50, M|\n|poke|p1|Tyranitar, L50, F|\n|poke|p1|Orthworm, L50, F|\n|poke|p1|Whimsicott, L50, M|\n|poke|p2|Kangaskhan, L50, F|\n|poke|p2|Talonflame, L50, F|\n|poke|p2|Clefable, L50, F|\n|poke|p2|Sneasler, L50, F|\n|poke|p2|Basculegion, L50, M|\n|poke|p2|Kingambit, L50, M|\n|teampreview|4\n|inactive|Battle timer is ON: inactive players will automatically lose when time's up. (requested by LordBuddington)\n|inactive|LordBuddington has 60 seconds left.\n|\n|t:|1776196098\n|teamsize|p1|4\n|teamsize|p2|4\n|start\n|switch|p1a: Whimsicott|Whimsicott, L50, M|100/100\n|switch|p1b: Orthworm|Orthworm, L50, F|100/100\n|switch|p2a: Kangaskhan|Kangaskhan, L50, F, shiny|100/100\n|switch|p2b: Kingambit|Kingambit, L50, M|100/100\n|turn|1\n|\n|t:|1776196119\n|detailschange|p2a: Kangaskhan|Kangaskhan-Mega, L50, F, shiny\n|-mega|p2a: Kangaskhan|Kangaskhan|Kangaskhanite\n|move|p1a: Whimsicott|Tailwind|p1a: Whimsicott\n|-sidestart|p1: LordBuddington|move: Tailwind\n|move|p1b: Orthworm|Iron Defense|p1b: Orthworm\n|-boost|p1b: Orthworm|def|2\n|move|p2a: Kangaskhan|Double-Edge|p1a: Whimsicott\n|-damage|p1a: Whimsicott|0 fnt\n|faint|p1a: Whimsicott\n|-hitcount|p1: Whimsicott|1\n|-damage|p2a: Kangaskhan|75/100|[from] Recoil\n|move|p2b: Kingambit|Low Kick|p1b: Orthworm\n|-supereffective|p1b: Orthworm|1\n|-damage|p1b: Orthworm|72/100\n|\n|upkeep\n|inactive|LordBuddington has 30 seconds left.\n|\n|t:|1776196145\n|switch|p1a: Tyranitar|Tyranitar, L50, F|100/100\n|-weather|Sandstorm|[from] ability: Sand Stream|[of] p1a: Tyranitar\n|turn|2\n|\n|t:|1776196169\n|move|p1a: Tyranitar|Protect|p1a: Tyranitar\n|-singleturn|p1a: Tyranitar|Protect\n|move|p1b: Orthworm|Body Press|p2b: Kingambit\n|-supereffective|p2b: Kingambit|2\n|-damage|p2b: Kingambit|0 fnt\n|faint|p2b: Kingambit\n|move|p2a: Kangaskhan|Drain Punch|p1b: Orthworm\n|-supereffective|p1b: Orthworm|1\n|-damage|p1b: Orthworm|52/100\n|-heal|p2a: Kangaskhan|85/100|[from] drain|[of] p1b: Orthworm\n|-supereffective|p1b: Orthworm|1\n|-damage|p1b: Orthworm|47/100\n|-heal|p2a: Kangaskhan|88/100|[from] drain|[of] p1b: Orthworm\n|-enditem|p1b: Orthworm|Sitrus Berry|[eat]\n|-heal|p1b: Orthworm|72/100|[from] item: Sitrus Berry\n|-hitcount|p1b: Orthworm|2\n|\n|-weather|Sandstorm|[upkeep]\n|-damage|p2a: Kangaskhan|82/100|[from] Sandstorm\n|upkeep\n|inactive|Phoop06 has 30 seconds left.\n|\n|t:|1776196195\n|switch|p2b: Clefable|Clefable, L50, F|100/100\n|turn|3\n|inactive|Phoop06 has 30 seconds left.\n|\n|t:|1776196229\n|move|p1a: Tyranitar|Dragon Dance|p1a: Tyranitar\n|-boost|p1a: Tyranitar|atk|1\n|-boost|p1a: Tyranitar|spe|1\n|move|p1b: Orthworm|Body Press|p2a: Kangaskhan\n|-supereffective|p2a: Kangaskhan|1\n|-damage|p2a: Kangaskhan|0 fnt\n|faint|p2a: Kangaskhan\n|move|p2b: Clefable|Wonder Room|p2b: Clefable\n|-fieldstart|move: Wonder Room|[of] p2b: Clefable\n|\n|-weather|Sandstorm|[upkeep]\n|upkeep\n|\n|t:|1776196238\n|switch|p2a: Basculegion|Basculegion, L50, M|100/100\n|turn|4\n|inactive|LordBuddington has 30 seconds left.\n|\n|t:|1776196269\n|move|p2b: Clefable|Follow Me|p2b: Clefable\n|-singleturn|p2b: Clefable|move: Follow Me\n|move|p1a: Tyranitar|Rock Slide|p2a: Basculegion|[spread] p2a,p2b\n|-damage|p2a: Basculegion|51/100\n|-damage|p2b: Clefable|59/100\n|move|p2a: Basculegion|Wave Crash|p1a: Tyranitar\n|-supereffective|p1a: Tyranitar|1\n|-damage|p1a: Tyranitar|0 fnt\n|faint|p1a: Tyranitar\n|-damage|p2a: Basculegion|17/100|[from] Recoil\n|move|p1b: Orthworm|Shed Tail|p1b: Orthworm\n|-start|p1b: Orthworm|Substitute|[from] move: Shed Tail\n|-damage|p1b: Orthworm|22/100\n|\n|t:|1776196280\n|switch|p1b: Delphox|Delphox, L50, M|100/100|[from] Shed Tail\n|\n|-weather|Sandstorm|[upkeep]\n|-damage|p1b: Delphox|94/100|[from] Sandstorm\n|-damage|p2a: Basculegion|11/100|[from] Sandstorm\n|-sideend|p1: LordBuddington|move: Tailwind\n|upkeep\n|\n|t:|1776196286\n|switch|p1a: Orthworm|Orthworm, L50, F|22/100\n|turn|5\n|\n|t:|1776196298\n|move|p1b: Delphox|Protect|p1b: Delphox\n|-singleturn|p1b: Delphox|Protect\n|move|p1a: Orthworm|Protect|p1a: Orthworm\n|-singleturn|p1a: Orthworm|Protect\n|move|p2a: Basculegion|Wave Crash|p1b: Delphox\n|-activate|p1b: Delphox|move: Protect\n|move|p2b: Clefable|Moonblast|p1a: Orthworm\n|-activate|p1a: Orthworm|move: Protect\n|\n|-weather|Sandstorm|[upkeep]\n|-damage|p2a: Basculegion|5/100|[from] Sandstorm\n|-damage|p1b: Delphox|88/100|[from] Sandstorm\n|upkeep\n|turn|6\n|\n|t:|1776196317\n|move|p2a: Basculegion|Wave Crash|p1b: Delphox\n|-supereffective|p1b: Delphox|1\n|-end|p1b: Delphox|Substitute\n|-damage|p2a: Basculegion|0 fnt|[from] Recoil|[of] p1b: Delphox\n|faint|p2a: Basculegion\n|move|p1b: Delphox|Flamethrower|p2b: Clefable\n|-damage|p2b: Clefable|21/100\n|-hint|Body Press uses Def boosts when Wonder Room is active.\n|move|p1a: Orthworm|Body Press|p2b: Clefable\n|-resisted|p2b: Clefable|1\n|-crit|p2b: Clefable\n|-damage|p2b: Clefable|0 fnt\n|faint|p2b: Clefable\n|\n|win|LordBuddington\n|raw|LordBuddington's rating: 1102 &rarr; <strong>1128</strong><br />(+26 for winning)\n|raw|Phoop06's rating: 1119 &rarr; <strong>1093</strong><br />(-26 for losing)\n|l|\u2606Phoop06\n|player|p2|\n",
  "uploadtime": 1776196333,
  "views": 17,
  "formatid": "gen9championsvgc2026regma",
  "rating": 1093,
  "private": 0,
  "password": null
}