{
  "id": "gen9championsvgc2026regma-2582224066",
  "format": "[Gen 9 Champions] VGC 2026 Reg M-A",
  "players": [
    "thelegandarymans",
    "colfox"
  ],
  "log": "|j|\u2606thelegandarymans\n|j|\u2606colfox\n|t:|1776073241\n|gametype|doubles\n|player|p1|thelegandarymans|blaine|1119\n|player|p2|colfox|1|1044\n|gen|9\n|tier|[Gen 9 Champions] VGC 2026 Reg M-A\n|rated|\n|rule|Species Clause: Limit one of each Pok\u00e9mon\n|rule|Item Clause: Limit 1 of each item\n|clearpoke\n|poke|p1|Gengar, L50, M|\n|poke|p1|Blastoise, L50, F|\n|poke|p1|Incineroar, L50, F|\n|poke|p1|Altaria, L50, F|\n|poke|p1|Kommo-o, L50, F|\n|poke|p1|Sinistcha-Masterpiece, L50|\n|poke|p2|Ninetales, L50, M|\n|poke|p2|Dragonite, L50, M|\n|poke|p2|Sylveon, L50, F|\n|poke|p2|Whimsicott, L50, F|\n|poke|p2|Delphox, L50, F|\n|poke|p2|Garchomp, L50, F|\n|teampreview|4\n|inactive|Battle timer is ON: inactive players will automatically lose when time's up. (requested by thelegandarymans)\n|\n|t:|1776073281\n|teamsize|p1|4\n|teamsize|p2|4\n|start\n|switch|p1a: Gengar|Gengar, L50, M|100/100\n|switch|p1b: Incineroar|Incineroar, L50, F|100/100\n|switch|p2a: Ninetales|Ninetales, L50, M|100/100\n|switch|p2b: Delphox|Delphox, L50, F|100/100\n|-weather|SunnyDay|[from] ability: Drought|[of] p2a: Ninetales\n|-ability|p1b: Incineroar|Intimidate|boost\n|-unboost|p2a: Ninetales|atk|1\n|-unboost|p2b: Delphox|atk|1\n|turn|1\n|\n|t:|1776073297\n|detailschange|p1a: Gengar|Gengar-Mega, L50, M\n|-mega|p1a: Gengar|Gengar|Gengarite\n|detailschange|p2b: Delphox|Delphox-Mega, L50, F\n|-mega|p2b: Delphox|Delphox|Delphoxite\n|move|p1b: Incineroar|Fake Out|p2b: Delphox\n|-crit|p2b: Delphox\n|-damage|p2b: Delphox|77/100\n|cant|p2b: Delphox|flinch\n|move|p1a: Gengar|Shadow Ball|p2b: Delphox\n|-supereffective|p2b: Delphox|1\n|-damage|p2b: Delphox|0 fnt\n|faint|p2b: Delphox\n|move|p2a: Ninetales|Flamethrower|p1a: Gengar\n|-damage|p1a: Gengar|28/100\n|\n|-weather|SunnyDay|[upkeep]\n|upkeep\n|\n|t:|1776073311\n|switch|p2b: Sylveon|Sylveon, L50, F|100/100\n|turn|2\n|\n|t:|1776073319\n|move|p1a: Gengar|Protect|p1a: Gengar\n|-singleturn|p1a: Gengar|Protect\n|move|p2a: Ninetales|Flamethrower|p1a: Gengar\n|-activate|p1a: Gengar|move: Protect\n|move|p2b: Sylveon|Hyper Voice|p1b: Incineroar|[spread] p1b\n|-activate|p1a: Gengar|move: Protect\n|-damage|p1b: Incineroar|63/100\n|move|p1b: Incineroar|Parting Shot|p2a: Ninetales\n|-unboost|p2a: Ninetales|atk|1\n|-unboost|p2a: Ninetales|spa|1\n|\n|t:|1776073332\n|switch|p1b: Altaria|Altaria, L50, F|100/100|[from] Parting Shot\n|-ability|p1b: Altaria|Cloud Nine\n|\n|-weather|SunnyDay|[upkeep]\n|upkeep\n|turn|3\n|\n|t:|1776073348\n|switch|p1a: Blastoise|Blastoise, L50, F|100/100\n|move|p2a: Ninetales|Flamethrower|p1b: Altaria\n|-resisted|p1b: Altaria|1\n|-damage|p1b: Altaria|91/100\n|-status|p1b: Altaria|brn\n|move|p1b: Altaria|Tailwind|p1b: Altaria\n|-sidestart|p1: thelegandarymans|move: Tailwind\n|move|p2b: Sylveon|Hyper Voice|p1b: Altaria|[spread] p1a,p1b\n|-supereffective|p1b: Altaria|1\n|-damage|p1a: Blastoise|76/100\n|-damage|p1b: Altaria|40/100 brn\n|\n|-weather|SunnyDay|[upkeep]\n|-heal|p1a: Blastoise|82/100|[from] item: Leftovers\n|-damage|p1b: Altaria|34/100 brn|[from] brn\n|upkeep\n|turn|4\n|\n|t:|1776073368\n|move|p1b: Altaria|Draco Meteor|p2a: Ninetales\n|-damage|p2a: Ninetales|51/100\n|-unboost|p1b: Altaria|spa|2\n|move|p1a: Blastoise|Life Dew|p1a: Blastoise|[spread] p1a,p1b\n|-heal|p1a: Blastoise|100/100\n|-heal|p1b: Altaria|59/100 brn\n|move|p2a: Ninetales|Memento|p1a: Blastoise\n|-unboost|p1a: Blastoise|atk|2\n|-unboost|p1a: Blastoise|spa|2\n|faint|p2a: Ninetales\n|move|p2b: Sylveon|Hyper Voice|p1b: Altaria|[spread] p1a,p1b\n|-supereffective|p1b: Altaria|1\n|-damage|p1a: Blastoise|73/100\n|-damage|p1b: Altaria|10/100 brn\n|\n|-weather|SunnyDay|[upkeep]\n|-heal|p1a: Blastoise|79/100|[from] item: Leftovers\n|-damage|p1b: Altaria|4/100 brn|[from] brn\n|upkeep\n|\n|t:|1776073385\n|switch|p2a: Garchomp|Garchomp, L50, F|100/100\n|turn|5\n|\n|t:|1776073393\n|move|p2a: Garchomp|Earthquake|p1a: Blastoise|[spread] p2b,p1a\n|-immune|p1b: Altaria\n|-damage|p2b: Sylveon|54/100\n|-damage|p1a: Blastoise|40/100\n|move|p1b: Altaria|Perish Song|p1b: Altaria\n|-start|p1a: Blastoise|perish3|[silent]\n|-start|p1b: Altaria|perish3|[silent]\n|-start|p2a: Garchomp|perish3|[silent]\n|-start|p2b: Sylveon|perish3|[silent]\n|-fieldactivate|move: Perish Song\n|move|p1a: Blastoise|Flip Turn|p2a: Garchomp\n|-damage|p2a: Garchomp|92/100\n|-damage|p1a: Blastoise|27/100|[from] ability: Rough Skin|[of] p2a: Garchomp\n|\n|t:|1776073398\n|switch|p1a: Incineroar|Incineroar, L50, F|63/100|[from] Flip Turn\n|-ability|p1a: Incineroar|Intimidate|boost\n|-unboost|p2a: Garchomp|atk|1\n|-unboost|p2b: Sylveon|atk|1\n|move|p2b: Sylveon|Hyper Voice|p1b: Altaria|[spread] p1a,p1b\n|-supereffective|p1b: Altaria|1\n|-damage|p1a: Incineroar|25/100\n|-damage|p1b: Altaria|0 fnt\n|faint|p1b: Altaria\n|\n|-weather|none\n|-start|p2a: Garchomp|perish3\n|-start|p2b: Sylveon|perish3\n|upkeep\n|\n|t:|1776073403\n|switch|p1b: Blastoise|Blastoise, L50, F|27/100\n|turn|6\n|\n|t:|1776073425\n|move|p1b: Blastoise|Fake Out|p2a: Garchomp\n|-damage|p2a: Garchomp|84/100\n|-damage|p1b: Blastoise|15/100|[from] ability: Rough Skin|[of] p2a: Garchomp\n|move|p1a: Incineroar|Fake Out|p2b: Sylveon\n|-damage|p2b: Sylveon|41/100\n|-enditem|p2b: Sylveon|Sitrus Berry|[eat]\n|-heal|p2b: Sylveon|65/100|[from] item: Sitrus Berry\n|cant|p2a: Garchomp|flinch\n|cant|p2b: Sylveon|flinch\n|\n|-heal|p1b: Blastoise|21/100|[from] item: Leftovers\n|-start|p2a: Garchomp|perish2\n|-start|p2b: Sylveon|perish2\n|-sideend|p1: thelegandarymans|move: Tailwind\n|upkeep\n|turn|7\n|\n|t:|1776073439\n|move|p1b: Blastoise|Protect|p1b: Blastoise\n|-singleturn|p1b: Blastoise|Protect\n|move|p1a: Incineroar|Protect|p1a: Incineroar\n|-singleturn|p1a: Incineroar|Protect\n|move|p2a: Garchomp|Earthquake|p1b: Blastoise|[spread] p2b\n|-activate|p1a: Incineroar|move: Protect\n|-activate|p1b: Blastoise|move: Protect\n|-damage|p2b: Sylveon|36/100\n|move|p2b: Sylveon|Hyper Voice|p1a: Incineroar|[spread] \n|-activate|p1a: Incineroar|move: Protect\n|-activate|p1b: Blastoise|move: Protect\n|\n|-heal|p1b: Blastoise|27/100|[from] item: Leftovers\n|-start|p2a: Garchomp|perish1\n|-start|p2b: Sylveon|perish1\n|upkeep\n|turn|8\n|\n|t:|1776073455\n|move|p2a: Garchomp|Earthquake|p1a: Incineroar|[spread] p2b,p1a,p1b\n|-supereffective|p1a: Incineroar|1\n|-damage|p2b: Sylveon|2/100\n|-damage|p1a: Incineroar|0 fnt\n|-damage|p1b: Blastoise|0 fnt\n|faint|p1a: Incineroar\n|faint|p1b: Blastoise\n|move|p2b: Sylveon|Hyper Voice|p1: Incineroar|[notarget]\n|-fail|p2b: Sylveon\n|\n|-start|p2a: Garchomp|perish0\n|-start|p2b: Sylveon|perish0\n|upkeep\n|faint|p2a: Garchomp\n|faint|p2b: Sylveon\n|\n|win|thelegandarymans\n|raw|thelegandarymans's rating: 1119 &rarr; <strong>1139</strong><br />(+20 for winning)\n|raw|colfox's rating: 1044 &rarr; <strong>1031</strong><br />(-13 for losing)\n|l|\u2606thelegandarymans\n|player|p1|\n",
  "uploadtime": 1776073466,
  "views": 12,
  "formatid": "gen9championsvgc2026regma",
  "rating": 1031,
  "private": 0,
  "password": null
}