{
  "id": "gen9championsvgc2026regma-2582709830",
  "format": "[Gen 9 Champions] VGC 2026 Reg M-A",
  "players": [
    "IcarusIsBestGirl",
    "Govek314"
  ],
  "log": "|j|\u2606IcarusIsBestGirl\n|j|\u2606Govek314\n|t:|1776108795\n|gametype|doubles\n|player|p1|IcarusIsBestGirl|yellow|1157\n|player|p2|Govek314|169|1115\n|gen|9\n|tier|[Gen 9 Champions] VGC 2026 Reg M-A\n|rated|\n|rule|Species Clause: Limit one of each Pok\u00e9mon\n|rule|Item Clause: Limit 1 of each item\n|clearpoke\n|poke|p1|Froslass, L50, F|\n|poke|p1|Kingambit, L50, M|\n|poke|p1|Clefable, L50, F|\n|poke|p1|Sneasler, L50, M|\n|poke|p1|Rotom-Wash, L50|\n|poke|p1|Garchomp, L50, M|\n|poke|p2|Glimmora, L50, F|\n|poke|p2|Aegislash, L50, M|\n|poke|p2|Talonflame, L50, F|\n|poke|p2|Garchomp, L50, F|\n|poke|p2|Rotom-Wash, L50|\n|poke|p2|Floette-Eternal, L50, F|\n|teampreview|4\nIcarusIsBestGirl rejected open team sheets.\n|\n|t:|1776108841\n|teamsize|p1|4\n|teamsize|p2|4\n|start\n|switch|p1a: thing japan|Froslass, L50, F, shiny|100/100\n|switch|p1b: FamishedCube|Clefable, L50, F|100/100\n|switch|p2a: Talonflame|Talonflame, L50, F|100/100\n|switch|p2b: Rotom|Rotom-Wash, L50|100/100\n|turn|1\n|\n|t:|1776108870\n|detailschange|p1a: thing japan|Froslass-Mega, L50, F, shiny\n|-mega|p1a: thing japan|Froslass|Froslassite\n|-weather|Snowscape|[from] ability: Snow Warning|[of] p1a: thing japan\n|move|p1b: FamishedCube|Follow Me|p1b: FamishedCube\n|-singleturn|p1b: FamishedCube|move: Follow Me\n|move|p2a: Talonflame|Tailwind|p2a: Talonflame\n|-sidestart|p2: Govek314|move: Tailwind\n|move|p2b: Rotom|Volt Switch|p1b: FamishedCube\n|-damage|p1b: FamishedCube|72/100\n|\n|t:|1776108880\n|switch|p2b: Floette|Floette-Eternal, L50, F|100/100|[from] Volt Switch\n|move|p1a: thing japan|Aurora Veil|p1a: thing japan\n|-sidestart|p1: IcarusIsBestGirl|move: Aurora Veil\n|\n|-weather|Snowscape|[upkeep]\n|upkeep\n|turn|2\n|\n|t:|1776108929\n|detailschange|p2b: Floette|Floette-Mega, L50, F\n|-mega|p2b: Floette|Floette|Floettite\n|-ability|p2b: Floette|Fairy Aura\n|move|p2a: Talonflame|Protect|p2a: Talonflame\n|-singleturn|p2a: Talonflame|Protect\n|move|p2b: Floette|Calm Mind|p2b: Floette\n|-boost|p2b: Floette|spa|1\n|-boost|p2b: Floette|spd|1\n|move|p1a: thing japan|Blizzard|p2a: Talonflame|[spread] p2b\n|-activate|p2a: Talonflame|move: Protect\n|-damage|p2b: Floette|82/100\n|move|p1b: FamishedCube|Thunder Wave|p2b: Floette\n|-status|p2b: Floette|par\n|\n|-weather|Snowscape|[upkeep]\n|upkeep\n|turn|3\n|\n|t:|1776108953\n|move|p2a: Talonflame|Flare Blitz|p1a: thing japan\n|-supereffective|p1a: thing japan|1\n|-damage|p1a: thing japan|43/100\n|-status|p1a: thing japan|brn\n|-damage|p2a: Talonflame|79/100|[from] Recoil\n|move|p1a: thing japan|Blizzard|p2a: Talonflame|[spread] p2a,p2b\n|-damage|p2a: Talonflame|14/100\n|-damage|p2b: Floette|62/100 par\n|move|p2b: Floette|Dazzling Gleam|p1a: thing japan|[spread] p1a,p1b\n|-damage|p1a: thing japan|4/100 brn\n|-damage|p1b: FamishedCube|41/100\n|-enditem|p1b: FamishedCube|Sitrus Berry|[eat]\n|-heal|p1b: FamishedCube|65/100|[from] item: Sitrus Berry\n|move|p1b: FamishedCube|Thunder Wave|p2a: Talonflame|[miss]\n|-miss|p1b: FamishedCube|p2a: Talonflame\n|\n|-weather|Snowscape|[upkeep]\n|-damage|p1a: thing japan|0 fnt|[from] brn\n|faint|p1a: thing japan\n|upkeep\n|\n|t:|1776108979\n|switch|p1a: Claw of Hermos|Sneasler, L50, M, shiny|100/100\n|turn|4\n|\n|t:|1776108984\n|move|p2a: Talonflame|Protect|p2a: Talonflame\n|-singleturn|p2a: Talonflame|Protect\n|cant|p2b: Floette|par\n|move|p1b: FamishedCube|Follow Me|p1b: FamishedCube\n|-singleturn|p1b: FamishedCube|move: Follow Me\n|move|p1a: Claw of Hermos|Dire Claw|p2b: Floette\n|-supereffective|p2b: Floette|1\n|-damage|p2b: Floette|0 fnt\n|faint|p2b: Floette\n|\n|-weather|Snowscape|[upkeep]\n|-sideend|p2: Govek314|move: Tailwind\n|upkeep\n|\n|t:|1776109003\n|switch|p2b: Aegislash|Aegislash, L50, M|100/100\n|turn|5\n|\n|t:|1776109023\n|move|p2a: Talonflame|Tailwind|p2a: Talonflame\n|-sidestart|p2: Govek314|move: Tailwind\n|move|p1a: Claw of Hermos|Dire Claw|p2a: Talonflame\n|-damage|p2a: Talonflame|0 fnt\n|faint|p2a: Talonflame\n|-formechange|p2b: Aegislash|Aegislash-Blade|\n|move|p2b: Aegislash|Poltergeist|p1a: Claw of Hermos|[miss]\n|-miss|p2b: Aegislash|p1a: Claw of Hermos\n|move|p1b: FamishedCube|Thunder Wave|p2b: Aegislash\n|-status|p2b: Aegislash|par\n|\n|-weather|none\n|-sideend|p1: IcarusIsBestGirl|move: Aurora Veil\n|upkeep\n|\n|t:|1776109036\n|switch|p2a: Rotom|Rotom-Wash, L50|100/100\n|turn|6\n|\n|t:|1776109048\n|switch|p1a: Dark Blue Moon|Kingambit, L50, M, shiny|100/100\n|move|p1b: FamishedCube|Protect|p1b: FamishedCube\n|-singleturn|p1b: FamishedCube|Protect\n|move|p2a: Rotom|Hydro Pump|p1a: Dark Blue Moon\n|-damage|p1a: Dark Blue Moon|58/100\n|cant|p2b: Aegislash|par\n|\n|upkeep\n|turn|7\n|\n|t:|1776109078\n|-formechange|p2b: Aegislash|Aegislash|\n|move|p2b: Aegislash|King's Shield|p2b: Aegislash\n|-singleturn|p2b: Aegislash|Protect\n|move|p1b: FamishedCube|Follow Me|p1b: FamishedCube\n|-singleturn|p1b: FamishedCube|move: Follow Me\n|move|p2a: Rotom|Electroweb|p1b: FamishedCube|[spread] p1b\n|-miss|p2a: Rotom|p1a: Dark Blue Moon\n|-damage|p1b: FamishedCube|50/100\n|-unboost|p1b: FamishedCube|spe|1\n|move|p1a: Dark Blue Moon|Swords Dance|p1a: Dark Blue Moon\n|-boost|p1a: Dark Blue Moon|atk|2\n|\n|upkeep\n|turn|8\n|\n|t:|1776109101\n|move|p1b: FamishedCube|Follow Me|p1b: FamishedCube\n|-singleturn|p1b: FamishedCube|move: Follow Me\n|move|p2a: Rotom|Hydro Pump|p1b: FamishedCube\n|-damage|p1b: FamishedCube|5/100\n|-formechange|p2b: Aegislash|Aegislash-Blade|\n|move|p2b: Aegislash|Sacred Sword|p1b: FamishedCube\n|-resisted|p1b: FamishedCube|1\n|-damage|p1b: FamishedCube|0 fnt\n|faint|p1b: FamishedCube\n|move|p1a: Dark Blue Moon|Kowtow Cleave|p2b: Aegislash\n|-supereffective|p2b: Aegislash|1\n|-damage|p2b: Aegislash|0 fnt\n|faint|p2b: Aegislash\n|\n|-sideend|p2: Govek314|move: Tailwind\n|upkeep\n|\n|t:|1776109112\n|switch|p1b: Claw of Hermos|Sneasler, L50, M, shiny|100/100\n|turn|9\n|\n|t:|1776109119\n|move|p1b: Claw of Hermos|Fake Out|p2a: Rotom\n|-damage|p2a: Rotom|86/100\n|cant|p2a: Rotom|flinch\n|move|p1a: Dark Blue Moon|Kowtow Cleave|p2a: Rotom\n|-damage|p2a: Rotom|0 fnt\n|faint|p2a: Rotom\n|\n|win|IcarusIsBestGirl\n|raw|IcarusIsBestGirl's rating: 1157 &rarr; <strong>1179</strong><br />(+22 for winning)\n|raw|Govek314's rating: 1115 &rarr; <strong>1093</strong><br />(-22 for losing)\n|c|\u2606IcarusIsBestGirl|gg\n|l|\u2606Govek314\n|player|p2|\n",
  "uploadtime": 1776109126,
  "views": 12,
  "formatid": "gen9championsvgc2026regma",
  "rating": 1093,
  "private": 0,
  "password": null
}