{
  "id": "gen9championsvgc2026regma-2583502731",
  "format": "[Gen 9 Champions] VGC 2026 Reg M-A",
  "players": [
    "jaavc",
    "Aigashu-15"
  ],
  "log": "|j|\u2606jaavc\n|j|\u2606Aigashu-15\n|t:|1776179739\n|gametype|doubles\n|player|p1|jaavc|hiker-gen4|1075\n|player|p2|Aigashu-15|170|1082\n|gen|9\n|tier|[Gen 9 Champions] VGC 2026 Reg M-A\n|rated|\n|rule|Species Clause: Limit one of each Pok\u00e9mon\n|rule|Item Clause: Limit 1 of each item\n|clearpoke\n|poke|p1|Glimmora, L50, F|\n|poke|p1|Archaludon, L50, F|\n|poke|p1|Dragonite, L50, M|\n|poke|p1|Sneasler, L50, M|\n|poke|p1|Basculegion, L50, M|\n|poke|p1|Pelipper, L50, M|\n|poke|p2|Milotic, L50, M|\n|poke|p2|Ampharos, L50, F|\n|poke|p2|Sinistcha, L50|\n|poke|p2|Arcanine, L50, F|\n|poke|p2|Tyranitar, L50, M|\n|poke|p2|Corviknight, L50, F|\n|teampreview|4\nAigashu-15 has agreed to open team sheets.\n|\n|t:|1776179780\n|teamsize|p1|4\n|teamsize|p2|4\n|start\n|switch|p1a: Glimmora|Glimmora, L50, F|100/100\n|switch|p1b: Pelipper|Pelipper, L50, M|100/100\n|switch|p2a: Milotic|Milotic, L50, M|100/100\n|switch|p2b: Ampharos|Ampharos, L50, F|100/100\n|-weather|RainDance|[from] ability: Drizzle|[of] p1b: Pelipper\n|turn|1\n|inactive|Battle timer is ON: inactive players will automatically lose when time's up. (requested by jaavc)\n|inactive|jaavc has 60 seconds left.\n|inactive|Aigashu-15 has 60 seconds left.\n|\n|t:|1776179814\n|detailschange|p1a: Glimmora|Glimmora-Mega, L50, F\n|-mega|p1a: Glimmora|Glimmora|Glimmoranite\n|move|p2b: Ampharos|Protect|p2b: Ampharos\n|-singleturn|p2b: Ampharos|Protect\n|move|p1b: Pelipper|U-turn|p2b: Ampharos\n|-activate|p2b: Ampharos|move: Protect\n|move|p1a: Glimmora|Sludge Bomb|p2b: Ampharos\n|-activate|p2b: Ampharos|move: Protect\n|move|p2a: Milotic|Weather Ball|p1a: Glimmora\n|-supereffective|p1a: Glimmora|1\n|-damage|p1a: Glimmora|0 fnt\n|faint|p1a: Glimmora\n|\n|-weather|RainDance|[upkeep]\n|upkeep\n|c|\u2606jaavc|wow\n|\n|t:|1776179826\n|switch|p1a: Basculegion|Basculegion, L50, M|100/100\n|turn|2\n|\n|t:|1776179849\n|detailschange|p2b: Ampharos|Ampharos-Mega, L50, F\n|-mega|p2b: Ampharos|Ampharos|Ampharosite\n|-ability|p2b: Ampharos|Mold Breaker\n|move|p1a: Basculegion|Wave Crash|p2b: Ampharos\n|-resisted|p2b: Ampharos|1\n|-damage|p2b: Ampharos|45/100\n|-damage|p1a: Basculegion|85/100|[from] Recoil\n|move|p1b: Pelipper|U-turn|p2a: Milotic\n|-damage|p2a: Milotic|93/100\n|\n|t:|1776179862\n|switch|p1b: Archaludon|Archaludon, L50, F|100/100|[from] U-turn\n|move|p2a: Milotic|Ice Beam|p1b: Archaludon\n|-damage|p1b: Archaludon|76/100\n|-ability|p1b: Archaludon|Stamina|boost\n|-boost|p1b: Archaludon|def|1\n|move|p2b: Ampharos|Thunder|p1a: Basculegion\n|-supereffective|p1a: Basculegion|1\n|-damage|p1a: Basculegion|0 fnt\n|faint|p1a: Basculegion\n|\n|-weather|RainDance|[upkeep]\n|-heal|p1b: Archaludon|82/100|[from] item: Leftovers\n|upkeep\n|\n|t:|1776179866\n|switch|p1a: Pelipper|Pelipper, L50, M|100/100\n|turn|3\n|\n|t:|1776179883\n|switch|p2b: Tyranitar|Tyranitar, L50, M|100/100\n|-weather|Sandstorm|[from] ability: Sand Stream|[of] p2b: Tyranitar\n|move|p1a: Pelipper|Icy Wind|p2b: Tyranitar|[spread] p2a,p2b\n|-resisted|p2a: Milotic|1\n|-damage|p2a: Milotic|89/100\n|-damage|p2b: Tyranitar|94/100\n|-unboost|p2a: Milotic|spe|1\n|-ability|p2a: Milotic|Competitive|boost\n|-boost|p2a: Milotic|spa|2\n|-unboost|p2b: Tyranitar|spe|1\n|move|p1b: Archaludon|Dragon Pulse|p2b: Tyranitar\n|-damage|p2b: Tyranitar|70/100\n|move|p2a: Milotic|Ice Beam|p1a: Pelipper\n|-crit|p1a: Pelipper\n|-damage|p1a: Pelipper|0 fnt\n|faint|p1a: Pelipper\n|\n|-weather|Sandstorm|[upkeep]\n|-damage|p2a: Milotic|83/100|[from] Sandstorm\n|-heal|p1b: Archaludon|89/100|[from] item: Leftovers\n|upkeep\n|turn|4\n|c|\u2606jaavc|...\n|inactive|Aigashu-15 has 30 seconds left.\n|\n|t:|1776179916\n|move|p1b: Archaludon|Flash Cannon|p2b: Tyranitar\n|-supereffective|p2b: Tyranitar|1\n|-damage|p2b: Tyranitar|21/100\n|move|p2a: Milotic|Ice Beam|p1b: Archaludon\n|-damage|p1b: Archaludon|43/100\n|-ability|p1b: Archaludon|Stamina|boost\n|-boost|p1b: Archaludon|def|1\n|move|p2b: Tyranitar|Knock Off|p1b: Archaludon\n|-damage|p1b: Archaludon|22/100\n|-ability|p1b: Archaludon|Stamina|boost\n|-boost|p1b: Archaludon|def|1\n|-enditem|p1b: Archaludon|Leftovers|[from] move: Knock Off|[of] p2b: Tyranitar\n|\n|-weather|Sandstorm|[upkeep]\n|-damage|p2a: Milotic|77/100|[from] Sandstorm\n|upkeep\n|turn|5\n|\n|t:|1776179933\n|move|p1b: Archaludon|Dragon Pulse|p2a: Milotic\n|-damage|p2a: Milotic|45/100\n|move|p2a: Milotic|Ice Beam|p1b: Archaludon\n|-damage|p1b: Archaludon|0 fnt\n|faint|p1b: Archaludon\n|\n|win|Aigashu-15\n|raw|jaavc's rating: 1075 &rarr; <strong>1054</strong><br />(-21 for losing)\n|raw|Aigashu-15's rating: 1082 &rarr; <strong>1109</strong><br />(+27 for winning)\n|l|\u2606jaavc\n|player|p1|\n",
  "uploadtime": 1776179939,
  "views": 20,
  "formatid": "gen9championsvgc2026regma",
  "rating": 1054,
  "private": 0,
  "password": null
}