{
  "id": "gen9championsvgc2026regma-2581081376",
  "format": "[Gen 9 Champions] VGC 2026 Reg M-A",
  "players": [
    "Izan101004",
    "Todo CCT"
  ],
  "log": "|j|\u2606Izan101004\n|j|\u2606Todo CCT\n|t:|1775958075\n|gametype|doubles\n|player|p1|Izan101004|hilbert|1124\n|player|p2|Todo CCT|giovanni|1207\n|gen|9\n|tier|[Gen 9 Champions] VGC 2026 Reg M-A\n|rated|\n|rule|Species Clause: Limit one of each Pok\u00e9mon\n|rule|Item Clause: Limit 1 of each item\n|clearpoke\n|poke|p1|Charizard, L50, F|\n|poke|p1|Sneasler, L50, M|\n|poke|p1|Maushold, L50|\n|poke|p1|Garchomp, L50, M|\n|poke|p1|Whimsicott, L50, M|\n|poke|p1|Goodra-Hisui, L50, M|\n|poke|p2|Starmie, L50|\n|poke|p2|Archaludon, L50, M|\n|poke|p2|Pelipper, L50, M|\n|poke|p2|Incineroar, L50, F|\n|poke|p2|Basculegion, L50, M|\n|poke|p2|Aerodactyl, L50, F|\n|teampreview|4\n|inactive|Battle timer is ON: inactive players will automatically lose when time's up. (requested by Izan101004)\n|\n|t:|1775958131\n|teamsize|p1|4\n|teamsize|p2|4\n|start\n|switch|p1a: Whimsicott|Whimsicott, L50, M|100/100\n|switch|p1b: Garchomp|Garchomp, L50, M|100/100\n|switch|p2a: Archaludon|Archaludon, L50, M|100/100\n|switch|p2b: Basculegion|Basculegion, L50, M|100/100\n|turn|1\n|\n|t:|1775958154\n|move|p1b: Garchomp|Protect|p1b: Garchomp\n|-singleturn|p1b: Garchomp|Protect\n|move|p1a: Whimsicott|Tailwind|p1a: Whimsicott\n|-sidestart|p1: Izan101004|move: Tailwind\n|move|p2b: Basculegion|Flip Turn|p1b: Garchomp\n|-activate|p1b: Garchomp|move: Protect\n|move|p2a: Archaludon|Draco Meteor|p1b: Garchomp\n|-activate|p1b: Garchomp|move: Protect\n|\n|upkeep\n|turn|2\n|inactive|Izan101004 has 30 seconds left.\n|\n|t:|1775958180\n|move|p1a: Whimsicott|Moonblast|p2b: Basculegion\n|-damage|p2b: Basculegion|67/100\n|move|p1b: Garchomp|Stomping Tantrum|p2a: Archaludon\n|-supereffective|p2a: Archaludon|1\n|-enditem|p2a: Archaludon|Shuca Berry|[eat]\n|-enditem|p2a: Archaludon|Shuca Berry|[weaken]\n|-damage|p2a: Archaludon|67/100\n|-ability|p2a: Archaludon|Stamina|boost\n|-boost|p2a: Archaludon|def|1\n|move|p2b: Basculegion|Flip Turn|p1b: Garchomp\n|-damage|p1b: Garchomp|61/100\n|-damage|p2b: Basculegion|54/100|[from] ability: Rough Skin|[of] p1b: Garchomp\n|\n|t:|1775958183\n|switch|p2b: Pelipper|Pelipper, L50, M|100/100|[from] Flip Turn\n|-weather|RainDance|[from] ability: Drizzle|[of] p2b: Pelipper\n|move|p2a: Archaludon|Draco Meteor|p1b: Garchomp\n|-supereffective|p1b: Garchomp|1\n|-damage|p1b: Garchomp|0 fnt\n|-unboost|p2a: Archaludon|spa|2\n|faint|p1b: Garchomp\n|\n|-weather|RainDance|[upkeep]\n|upkeep\n|\n|t:|1775958203\n|switch|p1b: Goodra|Goodra-Hisui, L50, M|100/100\n|turn|3\n|\n|t:|1775958224\n|move|p1a: Whimsicott|Sunny Day|p1a: Whimsicott\n|-weather|SunnyDay\n|move|p1b: Goodra|Shelter|p1b: Goodra\n|-boost|p1b: Goodra|def|2\n|move|p2a: Archaludon|Aura Sphere|p1b: Goodra\n|-supereffective|p1b: Goodra|1\n|-damage|p1b: Goodra|81/100\n|move|p2b: Pelipper|Tailwind|p2b: Pelipper\n|-sidestart|p2: Todo CCT|move: Tailwind\n|\n|-weather|SunnyDay|[upkeep]\n|-heal|p1b: Goodra|87/100|[from] item: Leftovers\n|upkeep\n|turn|4\n|\n|t:|1775958244\n|switch|p2a: Basculegion|Basculegion, L50, M|54/100\n|move|p1a: Whimsicott|Moonblast|p2b: Pelipper\n|-damage|p2b: Pelipper|60/100\n|move|p2b: Pelipper|Weather Ball|p1a: Whimsicott\n|-supereffective|p1a: Whimsicott|1\n|-damage|p1a: Whimsicott|17/100\n|move|p1b: Goodra|Shelter|p1b: Goodra\n|-boost|p1b: Goodra|def|2\n|\n|-weather|SunnyDay|[upkeep]\n|-heal|p1b: Goodra|93/100|[from] item: Leftovers\n|-sideend|p1: Izan101004|move: Tailwind\n|upkeep\n|turn|5\n|inactive|Izan101004 has 30 seconds left.\n|\n|t:|1775958269\n|switch|p2b: Archaludon|Archaludon, L50, M|67/100\n|switch|p1a: Charizard|Charizard, L50, F|100/100\n|move|p1b: Goodra|Protect|p1b: Goodra\n|-singleturn|p1b: Goodra|Protect\n|move|p2a: Basculegion|Last Respects|p1a: Charizard\n|-damage|p1a: Charizard|56/100\n|\n|-weather|SunnyDay|[upkeep]\n|-damage|p1a: Charizard|44/100|[from] ability: Solar Power|[of] p1a: Charizard\n|-heal|p1b: Goodra|99/100|[from] item: Leftovers\n|upkeep\n|turn|6\n|inactive|Izan101004 has 30 seconds left.\n|\n|t:|1775958297\n|detailschange|p1a: Charizard|Charizard-Mega-Y, L50, F\n|-mega|p1a: Charizard|Charizard|Charizardite Y\n|move|p2a: Basculegion|Last Respects|p1a: Charizard\n|-crit|p1a: Charizard\n|-damage|p1a: Charizard|0 fnt\n|faint|p1a: Charizard\n|move|p2b: Archaludon|Electro Shot||[still]\n|-prepare|p2b: Archaludon|Electro Shot\n|-boost|p2b: Archaludon|spa|1\n|move|p1b: Goodra|Body Press|p2b: Archaludon\n|-supereffective|p2b: Archaludon|1\n|-damage|p2b: Archaludon|0 fnt\n|faint|p2b: Archaludon\n|\n|-weather|SunnyDay|[upkeep]\n|-heal|p1b: Goodra|100/100|[from] item: Leftovers\n|-sideend|p2: Todo CCT|move: Tailwind\n|upkeep\n|\n|t:|1775958311\n|switch|p1a: Whimsicott|Whimsicott, L50, M|17/100\n|switch|p2b: Starmie|Starmie, L50|100/100\n|turn|7\n|\n|t:|1775958332\n|switch|p2a: Pelipper|Pelipper, L50, M|60/100\n|-weather|RainDance|[from] ability: Drizzle|[of] p2a: Pelipper\n|detailschange|p2b: Starmie|Starmie-Mega, L50\n|-mega|p2b: Starmie|Starmie|Starminite\n|move|p2b: Starmie|Aqua Jet|p1a: Whimsicott\n|-resisted|p1a: Whimsicott|1\n|-damage|p1a: Whimsicott|0 fnt\n|faint|p1a: Whimsicott\n|move|p1b: Goodra|Body Press|p2b: Starmie\n|-resisted|p2b: Starmie|1\n|-damage|p2b: Starmie|53/100\n|\n|-weather|RainDance|[upkeep]\n|upkeep\n|turn|8\n|\n|t:|1775958356\n|move|p2b: Starmie|Zen Headbutt|p1b: Goodra\n|-resisted|p1b: Goodra|1\n|-damage|p1b: Goodra|92/100\n|-ability|p1b: Goodra|Gooey\n|-unboost|p2b: Starmie|spe|1\n|move|p2a: Pelipper|Muddy Water|p1b: Goodra\n|-resisted|p1b: Goodra|1\n|-damage|p1b: Goodra|76/100\n|cant|p1b: Goodra|flinch\n|\n|-weather|RainDance|[upkeep]\n|-heal|p1b: Goodra|82/100|[from] item: Leftovers\n|upkeep\n|turn|9\n|\n|t:|1775958367\n|move|p1b: Goodra|Protect|p1b: Goodra\n|-singleturn|p1b: Goodra|Protect\n|move|p2b: Starmie|Zen Headbutt|p1b: Goodra\n|-activate|p1b: Goodra|move: Protect\n|move|p2a: Pelipper|Muddy Water|p1b: Goodra\n|-activate|p1b: Goodra|move: Protect\n|\n|-weather|RainDance|[upkeep]\n|-heal|p1b: Goodra|88/100|[from] item: Leftovers\n|upkeep\n|turn|10\n|\n|t:|1775958376\n|move|p2b: Starmie|Zen Headbutt|p1b: Goodra\n|-resisted|p1b: Goodra|1\n|-damage|p1b: Goodra|80/100\n|-ability|p1b: Goodra|Gooey\n|-unboost|p2b: Starmie|spe|1\n|move|p2a: Pelipper|Muddy Water|p1b: Goodra\n|-resisted|p1b: Goodra|1\n|-damage|p1b: Goodra|65/100\n|-unboost|p1b: Goodra|accuracy|1\n|cant|p1b: Goodra|flinch\n|\n|-weather|RainDance|[upkeep]\n|-heal|p1b: Goodra|71/100|[from] item: Leftovers\n|upkeep\n|turn|11\n|c|\u2606Izan101004|wtf\n|\n|t:|1775958394\n|move|p1b: Goodra|Protect|p1b: Goodra\n|-singleturn|p1b: Goodra|Protect\n|move|p2a: Pelipper|Muddy Water|p1b: Goodra\n|-activate|p1b: Goodra|move: Protect\n|move|p2b: Starmie|Zen Headbutt|p1b: Goodra\n|-activate|p1b: Goodra|move: Protect\n|\n|-weather|none\n|-heal|p1b: Goodra|77/100|[from] item: Leftovers\n|upkeep\n|turn|12\n|\n|t:|1775958406\n|switch|p2a: Basculegion|Basculegion, L50, M|54/100\n|move|p2b: Starmie|Zen Headbutt|p1b: Goodra\n|-resisted|p1b: Goodra|1\n|-damage|p1b: Goodra|69/100\n|-ability|p1b: Goodra|Gooey\n|-unboost|p2b: Starmie|spe|1\n|move|p1b: Goodra|Shelter|p1b: Goodra\n|-boost|p1b: Goodra|def|2\n|\n|-heal|p1b: Goodra|75/100|[from] item: Leftovers\n|upkeep\n|turn|13\n|\n|t:|1775958426\n|switch|p2b: Pelipper|Pelipper, L50, M|60/100\n|-weather|RainDance|[from] ability: Drizzle|[of] p2b: Pelipper\n|move|p2a: Basculegion|Last Respects|p1b: Goodra\n|-damage|p1b: Goodra|64/100\n|move|p1b: Goodra|Body Press|p2b: Pelipper|[miss]\n|-miss|p1b: Goodra|p2b: Pelipper\n|\n|-weather|RainDance|[upkeep]\n|-heal|p1b: Goodra|69/100|[from] item: Leftovers\n|upkeep\n|turn|14\n|\n|t:|1775958436\n|move|p2a: Basculegion|Last Respects|p1b: Goodra\n|-damage|p1b: Goodra|57/100\n|move|p2b: Pelipper|Muddy Water|p1b: Goodra\n|-resisted|p1b: Goodra|1\n|-damage|p1b: Goodra|41/100\n|move|p1b: Goodra|Body Press|p2b: Pelipper\n|-resisted|p2b: Pelipper|1\n|-damage|p2b: Pelipper|12/100\n|\n|-weather|RainDance|[upkeep]\n|-heal|p1b: Goodra|46/100|[from] item: Leftovers\n|upkeep\n|turn|15\n|\n|t:|1775958447\n|move|p1b: Goodra|Protect|p1b: Goodra\n|-singleturn|p1b: Goodra|Protect\n|move|p2a: Basculegion|Last Respects|p1b: Goodra\n|-activate|p1b: Goodra|move: Protect\n|move|p2b: Pelipper|Muddy Water|p1b: Goodra\n|-activate|p1b: Goodra|move: Protect\n|\n|-weather|RainDance|[upkeep]\n|-heal|p1b: Goodra|52/100|[from] item: Leftovers\n|upkeep\n|turn|16\n|\n|t:|1775958462\n|move|p2a: Basculegion|Last Respects|p1b: Goodra\n|-damage|p1b: Goodra|40/100\n|move|p2b: Pelipper|Muddy Water|p1b: Goodra\n|-resisted|p1b: Goodra|1\n|-damage|p1b: Goodra|24/100\n|move|p1b: Goodra|Body Press|p2b: Pelipper\n|-resisted|p2b: Pelipper|1\n|-damage|p2b: Pelipper|0 fnt\n|faint|p2b: Pelipper\n|\n|-weather|RainDance|[upkeep]\n|-heal|p1b: Goodra|30/100|[from] item: Leftovers\n|upkeep\n|\n|t:|1775958470\n|switch|p2b: Starmie|Starmie-Mega, L50|53/100\n|turn|17\n|\n|t:|1775958475\n|move|p1b: Goodra|Protect|p1b: Goodra\n|-singleturn|p1b: Goodra|Protect\n|move|p2a: Basculegion|Last Respects|p1b: Goodra\n|-activate|p1b: Goodra|move: Protect\n|move|p2b: Starmie|Zen Headbutt|p1b: Goodra\n|-activate|p1b: Goodra|move: Protect\n|\n|-weather|none\n|-heal|p1b: Goodra|36/100|[from] item: Leftovers\n|upkeep\n|turn|18\n|\n|t:|1775958484\n|move|p2a: Basculegion|Last Respects|p1b: Goodra\n|-damage|p1b: Goodra|18/100\n|move|p2b: Starmie|Zen Headbutt|p1b: Goodra\n|-resisted|p1b: Goodra|1\n|-damage|p1b: Goodra|12/100\n|-ability|p1b: Goodra|Gooey\n|-unboost|p2b: Starmie|spe|1\n|move|p1b: Goodra|Body Press|p2b: Starmie\n|-resisted|p2b: Starmie|1\n|-damage|p2b: Starmie|0 fnt\n|faint|p2b: Starmie\n|\n|-heal|p1b: Goodra|18/100|[from] item: Leftovers\n|upkeep\n|turn|19\n|\n|t:|1775958497\n|move|p1b: Goodra|Protect|p1b: Goodra\n|-singleturn|p1b: Goodra|Protect\n|move|p2a: Basculegion|Last Respects|p1b: Goodra\n|-activate|p1b: Goodra|move: Protect\n|\n|-heal|p1b: Goodra|23/100|[from] item: Leftovers\n|upkeep\n|turn|20\n|\n|t:|1775958506\n|move|p2a: Basculegion|Last Respects|p1b: Goodra\n|-damage|p1b: Goodra|0 fnt\n|faint|p1b: Goodra\n|\n|win|Todo CCT\n|raw|Izan101004's rating: 1124 &rarr; <strong>1105</strong><br />(-19 for losing)\n|raw|Todo CCT's rating: 1207 &rarr; <strong>1226</strong><br />(+19 for winning)\n",
  "uploadtime": 1775958512,
  "views": 30,
  "formatid": "gen9championsvgc2026regma",
  "rating": 1105,
  "private": 0,
  "password": null
}