{
  "id": "gen9championsvgc2026regma-2586363736",
  "format": "[Gen 9 Champions] VGC 2026 Reg M-A",
  "players": [
    "shaulas0lid",
    "Bankchdbevsckjs"
  ],
  "log": "|j|\u2606shaulas0lid\n|j|\u2606Bankchdbevsckjs\n|t:|1776428996\n|gametype|doubles\n|player|p1|shaulas0lid|aromalady|1054\n|player|p2|Bankchdbevsckjs|102|1000\n|gen|9\n|tier|[Gen 9 Champions] VGC 2026 Reg M-A\n|rated|\n|rule|Species Clause: Limit one of each Pok\u00e9mon\n|rule|Item Clause: Limit 1 of each item\n|clearpoke\n|poke|p1|Farigiraf, L50, M|\n|poke|p1|Crabominable, L50, F|\n|poke|p1|Slowking, L50, M|\n|poke|p1|Glimmora, L50, M|\n|poke|p1|Milotic, L50, M|\n|poke|p1|Aerodactyl, L50, M|\n|poke|p2|Gengar, L50, F|\n|poke|p2|Incineroar, L50, M|\n|poke|p2|Zoroark-Hisui, L50, M|\n|poke|p2|Rotom-Wash, L50|\n|poke|p2|Altaria, L50, M|\n|poke|p2|Aggron, L50, F|\n|teampreview|4\n|\n|t:|1776429034\n|teamsize|p1|4\n|teamsize|p2|4\n|start\n|switch|p1a: Farigiraf|Farigiraf, L50, M, shiny|100/100\n|switch|p1b: Slowking|Slowking, L50, M|100/100\n|switch|p2a: Gengar|Gengar, L50, F|100/100\n|switch|p2b: Incineroar|Incineroar, L50, M|100/100\n|-ability|p2b: Incineroar|Intimidate|boost\n|-unboost|p1a: Farigiraf|atk|1\n|-unboost|p1b: Slowking|atk|1\n|turn|1\n|\n|t:|1776429074\n|move|p2a: Gengar|Protect|p2a: Gengar\n|-singleturn|p2a: Gengar|Protect\n|move|p2b: Incineroar|Throat Chop|p1a: Farigiraf\n|-supereffective|p1a: Farigiraf|1\n|-enditem|p1a: Farigiraf|Colbur Berry|[eat]\n|-enditem|p1a: Farigiraf|Colbur Berry|[weaken]\n|-damage|p1a: Farigiraf|70/100\n|-start|p1a: Farigiraf|Throat Chop|[silent]\n|-prepare|p1b: Slowking|Chilly Reception|[premajor]\n|move|p1b: Slowking|Chilly Reception|p1b: Slowking\n|-weather|Snowscape\n|\n|t:|1776429100\n|switch|p1b: Crabominable|Crabominable, L50, F, shiny|100/100|[from] Chilly Reception\n|move|p1a: Farigiraf|Trick Room|p1a: Farigiraf\n|-fieldstart|move: Trick Room|[of] p1a: Farigiraf\n|\n|-weather|Snowscape|[upkeep]\n|upkeep\n|turn|2\n|\n|t:|1776429153\n|switch|p2b: Gengar|Gengar, L50, F|100/100\n|detailschange|p1b: Crabominable|Crabominable-Mega, L50, F, shiny\n|-mega|p1b: Crabominable|Crabominable|Crabominite\n|move|p1b: Crabominable|Ice Hammer|p2b: Gengar\n|-damage|p2b: Gengar|0 fnt\n|-unboost|p1b: Crabominable|spe|1\n|-start|p1b: Crabominable|Disable|Ice Hammer|[from] ability: Cursed Body|[of] p2b: Gengar\n|faint|p2b: Gengar\n|move|p1a: Farigiraf|Imprison|p1a: Farigiraf\n|-start|p1a: Farigiraf|move: Imprison\n|move|p2a: Gengar|U-turn|p1a: Farigiraf\n|-supereffective|p1a: Farigiraf|1\n|-damage|p1a: Farigiraf|42/100\n|\n|t:|1776429171\n|switch|p2a: Incineroar|Incineroar, L50, M|100/100|[from] U-turn\n|-ability|p2a: Incineroar|Intimidate|boost\n|-unboost|p1a: Farigiraf|atk|1\n|-unboost|p1b: Crabominable|atk|1\n|\n|-weather|Snowscape|[upkeep]\n|-end|p1a: Farigiraf|Throat Chop|[silent]\n|upkeep\n|\n|t:|1776429180\n|switch|p2b: Altaria|Altaria, L50, M|100/100\n|turn|3\n|l|\u2606shaulas0lid\n|player|p1|\n|j|\u2606shaulas0lid\n|player|p1|shaulas0lid|aromalady|\n|\n|t:|1776429209\n|switch|p1b: Milotic|Milotic, L50, M|100/100\n|move|p1a: Farigiraf|Psyshock|p2b: Altaria\n|-damage|p2b: Altaria|42/100\n|replace|p2b: Zoroark|Zoroark-Hisui, L50, M\n|-end|p2b: Zoroark|Illusion\n|move|p2a: Incineroar|Throat Chop|p1a: Farigiraf\n|-supereffective|p1a: Farigiraf|1\n|-damage|p1a: Farigiraf|0 fnt\n|faint|p1a: Farigiraf\n|move|p2b: Zoroark|Bitter Malice|p1b: Milotic\n|-damage|p1b: Milotic|74/100\n|-unboost|p1b: Milotic|atk|1\n|-ability|p1b: Milotic|Competitive|boost\n|-boost|p1b: Milotic|spa|2\n|\n|-weather|Snowscape|[upkeep]\n|-heal|p1b: Milotic|80/100|[from] item: Leftovers\n|upkeep\n|c|\u2606shaulas0lid|Lol\n|\n|t:|1776429231\n|switch|p1a: Crabominable|Crabominable-Mega, L50, F, shiny|100/100\n|turn|4\n|\n|t:|1776429257\n|move|p2a: Incineroar|Protect|p2a: Incineroar\n|-singleturn|p2a: Incineroar|Protect\n|move|p2b: Zoroark|Protect|p2b: Zoroark\n|-singleturn|p2b: Zoroark|Protect\n|move|p1a: Crabominable|Ice Hammer|p2b: Zoroark\n|-activate|p2b: Zoroark|move: Protect\n|move|p1b: Milotic|Scald|p2a: Incineroar\n|-activate|p2a: Incineroar|move: Protect\n|\n|-weather|Snowscape|[upkeep]\n|-heal|p1b: Milotic|86/100|[from] item: Leftovers\n|upkeep\n|turn|5\n|\n|t:|1776429281\n|move|p1a: Crabominable|Ice Hammer|p2b: Zoroark|[miss]\n|-miss|p1a: Crabominable|p2b: Zoroark\n|move|p1b: Milotic|Scald|p2a: Incineroar\n|-supereffective|p2a: Incineroar|1\n|-damage|p2a: Incineroar|0 fnt\n|faint|p2a: Incineroar\n|move|p2b: Zoroark|Sludge Bomb|p1b: Milotic\n|-damage|p1b: Milotic|65/100\n|\n|-weather|none\n|-heal|p1b: Milotic|71/100|[from] item: Leftovers\n|-fieldend|move: Trick Room\n|upkeep\n|\n|t:|1776429293\n|switch|p2a: Altaria|Altaria, L50, M|100/100\n|-ability|p2a: Altaria|Cloud Nine\n|turn|6\n|\n|t:|1776429310\n|move|p2b: Zoroark|Protect|p2b: Zoroark\n|-singleturn|p2b: Zoroark|Protect\n|move|p1b: Milotic|Scald|p2b: Zoroark\n|-activate|p2b: Zoroark|move: Protect\n|move|p2a: Altaria|Haze|p2a: Altaria\n|-clearallboost\n|move|p1a: Crabominable|Ice Hammer|p2a: Altaria\n|-supereffective|p2a: Altaria|2\n|-damage|p2a: Altaria|0 fnt\n|-unboost|p1a: Crabominable|spe|1\n|faint|p2a: Altaria\n|\n|-heal|p1b: Milotic|77/100|[from] item: Leftovers\n|upkeep\n|turn|7\n|\n|t:|1776429330\n|move|p2b: Zoroark|Bitter Malice|p1a: Crabominable\n|-damage|p1a: Crabominable|68/100\n|-unboost|p1a: Crabominable|atk|1\n|move|p1b: Milotic|Scald|p2b: Zoroark\n|-damage|p2b: Zoroark|0 fnt\n|faint|p2b: Zoroark\n|\n|win|shaulas0lid\n|raw|shaulas0lid's rating: 1054 &rarr; <strong>1081</strong><br />(+27 for winning)\n|raw|Bankchdbevsckjs's rating: 1000 &rarr; <strong>1000</strong><br />(+0 for losing)\n|l|\u2606Bankchdbevsckjs\n|player|p2|\n|l|\u2606shaulas0lid\n|player|p1|\n|j|\u2606shaulas0lid\n|player|p1|shaulas0lid|aromalady|\n|l|\u2606shaulas0lid\n|player|p1|\n|j|\u2606shaulas0lid\n|player|p1|shaulas0lid|aromalady|\n|l|\u2606shaulas0lid\n|player|p1|\n|j|\u2606shaulas0lid\n|player|p1|shaulas0lid|aromalady|\n|l|\u2606shaulas0lid\n|player|p1|\n|j|\u2606shaulas0lid\n|player|p1|shaulas0lid|aromalady|\n",
  "uploadtime": 1776430041,
  "views": 31,
  "formatid": "gen9championsvgc2026regma",
  "rating": 1000,
  "private": 0,
  "password": null
}