{
  "id": "gen9championsvgc2026regma-2587368946",
  "format": "[Gen 9 Champions] VGC 2026 Reg M-A",
  "players": [
    "NicholasDousa",
    "GKun1999"
  ],
  "log": "|j|\u2606NicholasDousa\n|j|\u2606GKun1999\n|t:|1776525988\n|gametype|doubles\n|player|p1|NicholasDousa|brock|1246\n|player|p2|GKun1999|ghetsis-gen5bw|1165\n|gen|9\n|tier|[Gen 9 Champions] VGC 2026 Reg M-A\n|rated|\n|rule|Species Clause: Limit one of each Pok\u00e9mon\n|rule|Item Clause: Limit 1 of each item\n|clearpoke\n|poke|p1|Aggron, L50, F|\n|poke|p1|Sinistcha, L50|\n|poke|p1|Incineroar, L50, M|\n|poke|p1|Dragonite, L50, F|\n|poke|p1|Basculegion, L50, M|\n|poke|p1|Pelipper, L50, F|\n|poke|p2|Kangaskhan, L50, F, shiny|\n|poke|p2|Incineroar, L50, F|\n|poke|p2|Pelipper, L50, F|\n|poke|p2|Basculegion, L50, M, shiny|\n|poke|p2|Toxicroak, L50, F, shiny|\n|poke|p2|Lucario, L50, M|\n|teampreview|4\n|inactive|Battle timer is ON: inactive players will automatically lose when time's up. (requested by NicholasDousa)\nGKun1999 has agreed to open team sheets.\nNicholasDousa has agreed to open team sheets.\n|showteam|p1|Aggron||Aggronite|Sturdy|IronDefense,BodyPress,HeavySlam,Protect|||F|||50|]Sinistcha||ColburBerry|Hospitality|TrickRoom,MatchaGotcha,RagePowder,LifeDew||||||50|]Incineroar||SitrusBerry|Intimidate|PartingShot,FlareBlitz,FakeOut,Taunt|||M|||50|]Dragonite||Dragoninite|InnerFocus|Protect,DracoMeteor,Hurricane,Thunder|||F|||50|]Basculegion||ChoiceScarf|Adaptability|FlipTurn,WaveCrash,AquaJet,LastRespects|||M|||50|]Pelipper||FocusSash|Drizzle|WeatherBall,Protect,Hurricane,Tailwind|||F|||50|\n|showteam|p2|Kangaskhan||Kangaskhanite|InnerFocus|FakeOut,DoubleEdge,Crunch,DrainPunch|||F|||50|]Incineroar||ChopleBerry|Intimidate|PartingShot,FakeOut,FlareBlitz,DarkestLariat|||F|||50|]Pelipper||SitrusBerry|Drizzle|WideGuard,Tailwind,WeatherBall,Hurricane|||F|||50|]Basculegion||ChoiceScarf|Adaptability|WaveCrash,LastRespects,FlipTurn,AquaJet|||M|||50|]Toxicroak||FocusSash|DrySkin|Coaching,UpperHand,CrossPoison,LowKick|||F|||50|]Lucario||Lucarionite|InnerFocus|NastyPlot,Protect,FlashCannon,VacuumWave|||M|||50|\n|inactive|GKun1999 has 60 seconds left.\n|\n|t:|1776526036\n|teamsize|p1|4\n|teamsize|p2|4\n|start\n|switch|p1a: *Title Card*|Aggron, L50, F|100/100\n|switch|p1b: Sinistcha|Sinistcha, L50|100/100\n|switch|p2a: Incineroar|Incineroar, L50, F|100/100\n|switch|p2b: Basculegion|Basculegion, L50, M, shiny|100/100\n|-ability|p2a: Incineroar|Intimidate|boost\n|-unboost|p1a: *Title Card*|atk|1\n|-unboost|p1b: Sinistcha|atk|1\n|turn|1\n|inactive|NicholasDousa has 30 seconds left.\n|\n|t:|1776526063\n|detailschange|p1a: *Title Card*|Aggron-Mega, L50, F\n|-mega|p1a: *Title Card*|Aggron|Aggronite\n|move|p2a: Incineroar|Fake Out|p1a: *Title Card*\n|-resisted|p1a: *Title Card*|1\n|-damage|p1a: *Title Card*|98/100\n|move|p2b: Basculegion|Flip Turn|p1b: Sinistcha\n|-resisted|p1b: Sinistcha|1\n|-damage|p1b: Sinistcha|84/100\n|\n|t:|1776526071\n|switch|p2b: Kangaskhan|Kangaskhan, L50, F, shiny|100/100|[from] Flip Turn\n|cant|p1a: *Title Card*|flinch\n|move|p1b: Sinistcha|Trick Room|p1b: Sinistcha\n|-fieldstart|move: Trick Room|[of] p1b: Sinistcha\n|\n|upkeep\n|turn|2\n|\n|t:|1776526094\n|detailschange|p2b: Kangaskhan|Kangaskhan-Mega, L50, F, shiny\n|-mega|p2b: Kangaskhan|Kangaskhan|Kangaskhanite\n|move|p2b: Kangaskhan|Fake Out|p1a: *Title Card*\n|-resisted|p1a: *Title Card*|1\n|-damage|p1a: *Title Card*|93/100\n|-resisted|p1a: *Title Card*|1\n|-damage|p1a: *Title Card*|93/100\n|-hitcount|p1a: *Title Card*|2\n|cant|p1a: *Title Card*|flinch\n|move|p2a: Incineroar|Parting Shot|p1a: *Title Card*\n|-unboost|p1a: *Title Card*|atk|1\n|-unboost|p1a: *Title Card*|spa|1\n|c|\u2606NicholasDousa|Misclick dam\n|\n|t:|1776526106\n|switch|p2a: Toxicroak|Toxicroak, L50, F, shiny|100/100|[from] Parting Shot\n|move|p1b: Sinistcha|Matcha Gotcha|p2a: Toxicroak|[spread] p2a,p2b\n|-resisted|p2a: Toxicroak|1\n|-damage|p2a: Toxicroak|82/100\n|-heal|p1b: Sinistcha|92/100|[from] drain|[of] p2a: Toxicroak\n|-damage|p2b: Kangaskhan|80/100\n|-heal|p1b: Sinistcha|100/100|[from] drain|[of] p2b: Kangaskhan\n|\n|upkeep\n|turn|3\n|inactive|NicholasDousa has 30 seconds left.\n|inactive|GKun1999 has 30 seconds left.\n|inactive|NicholasDousa has 20 seconds left.\n|\n|t:|1776526145\n|switch|p1b: Incineroar|Incineroar, L50, M|100/100\n|-ability|p1b: Incineroar|Intimidate|boost\n|-unboost|p2a: Toxicroak|atk|1\n|-unboost|p2b: Kangaskhan|atk|1\n|move|p1a: *Title Card*|Iron Defense|p1a: *Title Card*\n|-boost|p1a: *Title Card*|def|2\n|move|p2b: Kangaskhan|Crunch|p1b: Incineroar\n|-resisted|p1b: Incineroar|1\n|-damage|p1b: Incineroar|93/100\n|-resisted|p1b: Incineroar|1\n|-damage|p1b: Incineroar|91/100\n|-hitcount|p1b: Incineroar|2\n|move|p2a: Toxicroak|Coaching|p2b: Kangaskhan\n|-boost|p2b: Kangaskhan|atk|1\n|-boost|p2b: Kangaskhan|def|1\n|\n|upkeep\n|turn|4\n|\n|t:|1776526165\n|move|p2a: Toxicroak|Upper Hand||[still]\n|-fail|p2a: Toxicroak\n|move|p1a: *Title Card*|Body Press|p2b: Kangaskhan\n|-supereffective|p2b: Kangaskhan|1\n|-damage|p2b: Kangaskhan|0 fnt\n|faint|p2b: Kangaskhan\n|move|p1b: Incineroar|Flare Blitz|p2a: Toxicroak\n|-damage|p2a: Toxicroak|0 fnt\n|faint|p2a: Toxicroak\n|-damage|p1b: Incineroar|69/100|[from] Recoil\n|\n|upkeep\n|\n|t:|1776526173\n|switch|p2b: Basculegion|Basculegion, L50, M, shiny|100/100\n|switch|p2a: Incineroar|Incineroar, L50, F|100/100\n|-ability|p2a: Incineroar|Intimidate|boost\n|-unboost|p1a: *Title Card*|atk|1\n|-unboost|p1b: Incineroar|atk|1\n|turn|5\n|\n|t:|1776526184\n|move|p1a: *Title Card*|Protect|p1a: *Title Card*\n|-singleturn|p1a: *Title Card*|Protect\n|move|p2a: Incineroar|Fake Out|p1b: Incineroar\n|-damage|p1b: Incineroar|60/100\n|cant|p1b: Incineroar|flinch\n|move|p2b: Basculegion|Last Respects|p1a: *Title Card*\n|-activate|p1a: *Title Card*|move: Protect\n|\n|-fieldend|move: Trick Room\n|upkeep\n|turn|6\n|\n|t:|1776526206\n|move|p2b: Basculegion|Last Respects|p1a: *Title Card*\n|-damage|p1a: *Title Card*|69/100\n|move|p1b: Incineroar|Parting Shot|p2b: Basculegion\n|-unboost|p2b: Basculegion|atk|1\n|-unboost|p2b: Basculegion|spa|1\n|-message|GKun1999 forfeited.\n|\n|win|NicholasDousa\n|raw|NicholasDousa's rating: 1246 &rarr; <strong>1265</strong><br />(+19 for winning)\n|raw|GKun1999's rating: 1165 &rarr; <strong>1146</strong><br />(-19 for losing)\n|l|\u2606GKun1999\n|player|p2|\n|c|\u2606NicholasDousa|Ggs\n",
  "uploadtime": 1776526220,
  "views": 23,
  "formatid": "gen9championsvgc2026regma",
  "rating": 1146,
  "private": 0,
  "password": null
}