{
  "id": "gen9championsvgc2026regma-2588483808",
  "format": "[Gen 9 Champions] VGC 2026 Reg M-A",
  "players": [
    "Rinhara",
    "qtestq"
  ],
  "log": "|j|\u2606Rinhara\n|j|\u2606qtestq\n|html|<table width=\"100%\"><tr><td align=\"left\">Rinhara</td><td align=\"right\">qtestq</tr><tr><td align=\"left\"><i class=\"fa fa-circle-o\"></i> <i class=\"fa fa-circle-o\"></i> </td><td align=\"right\"><i class=\"fa fa-circle-o\"></i> <i class=\"fa fa-circle-o\"></i> </tr></table>\n|uhtml|bestof|<h2><strong>Game 1</strong> of <a href=\"/game-bestof3-gen9championsvgc2026regma-2588483807\">a best-of-3</a></h2>\n|t:|1776637628\n|gametype|doubles\n|player|p1|Rinhara|blaine|\n|player|p2|qtestq|169|\n|gen|9\n|tier|[Gen 9 Champions] VGC 2026 Reg M-A\n|rule|Species Clause: Limit one of each Pok\u00e9mon\n|rule|Item Clause: Limit 1 of each item\n|raw|<div class=\"infobox\"><details class=\"readmore\" open><summary><strong>1 custom rule:</strong></summary> Best of = 3</details></div>\n|clearpoke\n|poke|p1|Charizard, L50, M|\n|poke|p1|Milotic, L50, M|\n|poke|p1|Meowscarada, L50, F|\n|poke|p1|Clefable, L50, F|\n|poke|p1|Aegislash, L50, F|\n|poke|p1|Sneasler, L50, F|\n|poke|p2|Froslass, L50, F|\n|poke|p2|Rotom-Frost, L50|\n|poke|p2|Empoleon, L50, M|\n|poke|p2|Garchomp, L50, M|\n|poke|p2|Incineroar, L50, F|\n|poke|p2|Kingambit, L50, M|\n|teampreview|4\n|\n|t:|1776637656\n|teamsize|p1|4\n|teamsize|p2|4\n|start\n|switch|p1a: Sneasler|Sneasler, L50, F|100/100\n|switch|p1b: Charizard|Charizard, L50, M|100/100\n|switch|p2a: Froslass|Froslass, L50, F|100/100\n|switch|p2b: Rotom|Rotom-Frost, L50|100/100\n|turn|1\n|\n|t:|1776637690\n|detailschange|p2a: Froslass|Froslass-Mega, L50, F\n|-mega|p2a: Froslass|Froslass|Froslassite\n|-weather|Snowscape|[from] ability: Snow Warning|[of] p2a: Froslass\n|detailschange|p1b: Charizard|Charizard-Mega-X, L50, M\n|-mega|p1b: Charizard|Charizard|Charizardite X\n|move|p1a: Sneasler|Fake Out|p2b: Rotom\n|-damage|p2b: Rotom|89/100\n|cant|p2b: Rotom|flinch\n|move|p2a: Froslass|Blizzard|p1a: Sneasler|[spread] p1a,p1b\n|-damage|p1a: Sneasler|27/100\n|-damage|p1b: Charizard|58/100\n|move|p1b: Charizard|Dragon Dance|p1b: Charizard\n|-boost|p1b: Charizard|atk|1\n|-boost|p1b: Charizard|spe|1\n|\n|-weather|Snowscape|[upkeep]\n|upkeep\n|turn|2\n|\n|t:|1776637766\n|move|p1b: Charizard|Protect|p1b: Charizard\n|-singleturn|p1b: Charizard|Protect\n|move|p2b: Rotom|Electroweb|p1b: Charizard|[spread] p1a\n|-activate|p1b: Charizard|move: Protect\n|-damage|p1a: Sneasler|2/100\n|-unboost|p1a: Sneasler|spe|1\n|move|p2a: Froslass|Blizzard|p1a: Sneasler|[spread] p1a\n|-activate|p1b: Charizard|move: Protect\n|-damage|p1a: Sneasler|0 fnt\n|faint|p1a: Sneasler\n|\n|-weather|Snowscape|[upkeep]\n|upkeep\n|\n|t:|1776637823\n|switch|p1a: Milotic|Milotic, L50, M|100/100\n|turn|3\n|\n|t:|1776637837\n|move|p2b: Rotom|Electroweb|p1a: Milotic|[spread] p1a,p1b\n|-supereffective|p1a: Milotic|1\n|-resisted|p1b: Charizard|1\n|-damage|p1a: Milotic|79/100\n|-damage|p1b: Charizard|50/100\n|-unboost|p1a: Milotic|spe|1\n|-ability|p1a: Milotic|Competitive|boost\n|-boost|p1a: Milotic|spa|2\n|-unboost|p1b: Charizard|spe|1\n|move|p2a: Froslass|Blizzard|p1a: Milotic|[spread] p1a,p1b\n|-resisted|p1a: Milotic|1\n|-damage|p1a: Milotic|64/100\n|-damage|p1b: Charizard|4/100\n|move|p1b: Charizard|Dragon Claw|p2b: Rotom\n|-crit|p2b: Rotom\n|-damage|p2b: Rotom|3/100\n|move|p1a: Milotic|Life Dew|p1a: Milotic|[spread] p1a,p1b\n|-heal|p1a: Milotic|90/100\n|-heal|p1b: Charizard|29/100\n|\n|-weather|Snowscape|[upkeep]\n|-heal|p1a: Milotic|96/100|[from] item: Leftovers\n|upkeep\n|turn|4\n|\n|t:|1776637865\n|switch|p2b: Kingambit|Kingambit, L50, M|100/100\n|move|p1b: Charizard|Protect|p1b: Charizard\n|-singleturn|p1b: Charizard|Protect\n|move|p2a: Froslass|Aurora Veil|p2a: Froslass\n|-sidestart|p2: qtestq|move: Aurora Veil\n|move|p1a: Milotic|Icy Wind|p2a: Froslass|[spread] p2a,p2b\n|-resisted|p2a: Froslass|1\n|-resisted|p2b: Kingambit|1\n|-crit|p2b: Kingambit\n|-damage|p2a: Froslass|93/100\n|-damage|p2b: Kingambit|83/100\n|-unboost|p2a: Froslass|spe|1\n|-unboost|p2b: Kingambit|spe|1\n|-ability|p2b: Kingambit|Defiant|boost\n|-boost|p2b: Kingambit|atk|2\n|\n|-weather|Snowscape|[upkeep]\n|-heal|p1a: Milotic|100/100|[from] item: Leftovers\n|upkeep\n|turn|5\n|\n|t:|1776637902\n|move|p1b: Charizard|Protect|p1b: Charizard\n|-singleturn|p1b: Charizard|Protect\n|move|p2b: Kingambit|Sucker Punch||[still]\n|-fail|p2b: Kingambit\n|move|p2a: Froslass|Blizzard|p1b: Charizard|[spread] p1a\n|-activate|p1b: Charizard|move: Protect\n|-resisted|p1a: Milotic|1\n|-damage|p1a: Milotic|86/100\n|move|p1a: Milotic|Life Dew|p1a: Milotic|[spread] p1a,p1b\n|-heal|p1a: Milotic|100/100\n|-heal|p1b: Charizard|54/100\n|\n|-weather|none\n|upkeep\n|turn|6\n|\n|t:|1776637943\n|switch|p1b: Clefable|Clefable, L50, F|100/100\n|switch|p2a: Rotom|Rotom-Frost, L50|3/100\n|move|p2b: Kingambit|Low Kick|p1b: Clefable\n|-resisted|p1b: Clefable|1\n|-damage|p1b: Clefable|92/100\n|move|p1a: Milotic|Scald|p2b: Kingambit\n|-damage|p2b: Kingambit|39/100\n|-status|p2b: Kingambit|brn\n|\n|-damage|p2b: Kingambit|34/100 brn|[from] brn\n|upkeep\n|turn|7\n|\n|t:|1776637974\n|move|p2a: Rotom|Thunderbolt|p1a: Milotic\n|-supereffective|p1a: Milotic|1\n|-damage|p1a: Milotic|52/100\n|move|p1b: Clefable|Life Dew|p1b: Clefable|[spread] p1a,p1b\n|-heal|p1a: Milotic|77/100\n|-heal|p1b: Clefable|100/100\n|move|p2b: Kingambit|Iron Head|p1b: Clefable\n|-supereffective|p1b: Clefable|1\n|-damage|p1b: Clefable|66/100\n|move|p1a: Milotic|Life Dew|p1a: Milotic|[spread] p1a,p1b\n|-heal|p1a: Milotic|100/100\n|-heal|p1b: Clefable|91/100\n|\n|-damage|p2b: Kingambit|28/100 brn|[from] brn\n|upkeep\n|turn|8\n|\n|t:|1776637994\n|move|p2a: Rotom|Thunderbolt|p1a: Milotic\n|-supereffective|p1a: Milotic|1\n|-damage|p1a: Milotic|53/100\n|-status|p1a: Milotic|par\n|move|p1b: Clefable|Life Dew|p1b: Clefable|[spread] p1a,p1b\n|-heal|p1a: Milotic|78/100 par\n|-heal|p1b: Clefable|100/100\n|move|p2b: Kingambit|Iron Head|p1b: Clefable\n|-supereffective|p1b: Clefable|1\n|-damage|p1b: Clefable|62/100\n|move|p1a: Milotic|Life Dew|p1a: Milotic|[spread] p1a,p1b\n|-heal|p1a: Milotic|100/100 par\n|-heal|p1b: Clefable|87/100\n|\n|-damage|p2b: Kingambit|22/100 brn|[from] brn\n|-sideend|p2: qtestq|move: Aurora Veil\n|upkeep\n|turn|9\n|\n|t:|1776638019\n|move|p1a: Milotic|Protect|p1a: Milotic\n|-singleturn|p1a: Milotic|Protect\n|move|p2a: Rotom|Thunderbolt|p1a: Milotic\n|-activate|p1a: Milotic|move: Protect\n|move|p1b: Clefable|Life Dew||[still]|[spread] p1a,p1b\n|-fail|p1a: Milotic|heal\n|-heal|p1b: Clefable|100/100\n|move|p2b: Kingambit|Iron Head|p1a: Milotic\n|-activate|p1a: Milotic|move: Protect\n|\n|-damage|p2b: Kingambit|16/100 brn|[from] brn\n|upkeep\n|turn|10\n|\n|t:|1776638035\n|move|p2a: Rotom|Thunderbolt|p1a: Milotic\n|-supereffective|p1a: Milotic|1\n|-damage|p1a: Milotic|56/100 par\n|move|p1b: Clefable|Moonblast|p2a: Rotom\n|-damage|p2a: Rotom|0 fnt\n|faint|p2a: Rotom\n|move|p2b: Kingambit|Iron Head|p1a: Milotic\n|-resisted|p1a: Milotic|1\n|-damage|p1a: Milotic|35/100 par\n|move|p1a: Milotic|Scald|p2b: Kingambit\n|-damage|p2b: Kingambit|0 fnt\n|faint|p2b: Kingambit\n|\n|-heal|p1a: Milotic|41/100 par|[from] item: Leftovers\n|upkeep\n|\n|t:|1776638048\n|switch|p2a: Froslass|Froslass-Mega, L50, F|93/100\n|switch|p2b: Garchomp|Garchomp, L50, M|100/100\n|-weather|Snowscape|[from] ability: Snow Warning|[of] p2a: Froslass\n|turn|11\n|\n|t:|1776638079\n|move|p1a: Milotic|Protect|p1a: Milotic\n|-singleturn|p1a: Milotic|Protect\n|move|p2a: Froslass|Blizzard|p1a: Milotic|[spread] p1b\n|-activate|p1a: Milotic|move: Protect\n|-damage|p1b: Clefable|56/100\n|move|p2b: Garchomp|Rock Slide|p1b: Clefable|[spread] p1b\n|-activate|p1a: Milotic|move: Protect\n|-damage|p1b: Clefable|42/100\n|-enditem|p1b: Clefable|Sitrus Berry|[eat]\n|-heal|p1b: Clefable|67/100|[from] item: Sitrus Berry\n|cant|p1b: Clefable|flinch\n|\n|-weather|Snowscape|[upkeep]\n|-heal|p1a: Milotic|47/100 par|[from] item: Leftovers\n|upkeep\n|turn|12\n|\n|t:|1776638106\n|move|p2a: Froslass|Blizzard|p1b: Clefable|[spread] p1a,p1b\n|-resisted|p1a: Milotic|1\n|-damage|p1a: Milotic|33/100 par\n|-damage|p1b: Clefable|18/100\n|move|p2b: Garchomp|Rock Slide|p1b: Clefable|[spread] p1a,p1b\n|-damage|p1a: Milotic|13/100 par\n|-damage|p1b: Clefable|2/100\n|cant|p1b: Clefable|flinch\n|cant|p1a: Milotic|flinch\n|\n|-weather|Snowscape|[upkeep]\n|-heal|p1a: Milotic|19/100 par|[from] item: Leftovers\n|upkeep\n|turn|13\n|\n|t:|1776638134\n|move|p1a: Milotic|Protect|p1a: Milotic\n|-singleturn|p1a: Milotic|Protect\n|move|p2a: Froslass|Blizzard|p1a: Milotic|[spread] p1b\n|-activate|p1a: Milotic|move: Protect\n|-damage|p1b: Clefable|0 fnt\n|faint|p1b: Clefable\n|move|p2b: Garchomp|Dragon Claw|p1a: Milotic\n|-activate|p1a: Milotic|move: Protect\n|\n|-weather|Snowscape|[upkeep]\n|-heal|p1a: Milotic|25/100 par|[from] item: Leftovers\n|upkeep\n|\n|t:|1776638144\n|switch|p1b: Charizard|Charizard-Mega-X, L50, M|54/100\n|turn|14\n|\n|t:|1776638156\n|move|p1b: Charizard|Protect|p1b: Charizard\n|-singleturn|p1b: Charizard|Protect\n|move|p2a: Froslass|Blizzard|p1a: Milotic|[spread] p1a\n|-activate|p1b: Charizard|move: Protect\n|-resisted|p1a: Milotic|1\n|-damage|p1a: Milotic|11/100 par\n|move|p2b: Garchomp|Dragon Claw|p1b: Charizard\n|-activate|p1b: Charizard|move: Protect\n|move|p1a: Milotic|Icy Wind|p2a: Froslass|[spread] p2b\n|-miss|p1a: Milotic|p2a: Froslass\n|-supereffective|p2b: Garchomp|2\n|-damage|p2b: Garchomp|16/100\n|-unboost|p2b: Garchomp|spe|1\n|-enditem|p2b: Garchomp|White Herb\n|-clearnegativeboost|p2b: Garchomp|[silent]\n|\n|-weather|Snowscape|[upkeep]\n|-heal|p1a: Milotic|17/100 par|[from] item: Leftovers\n|upkeep\n|turn|15\n|\n|t:|1776638194\n|move|p2a: Froslass|Shadow Ball|p1a: Milotic\n|-damage|p1a: Milotic|0 fnt\n|faint|p1a: Milotic\n|move|p2b: Garchomp|Dragon Claw|p1b: Charizard\n|-supereffective|p1b: Charizard|1\n|-damage|p1b: Charizard|0 fnt\n|faint|p1b: Charizard\n|\n|win|qtestq\n",
  "uploadtime": 1776638203,
  "views": 13,
  "formatid": "gen9championsvgc2026regma",
  "rating": null,
  "private": 0,
  "password": null
}