{
  "id": "gen9championsvgc2026regma-2584652774",
  "format": "[Gen 9 Champions] VGC 2026 Reg M-A",
  "players": [
    "0008revO",
    "disciple of blahaj"
  ],
  "log": "|j|\u26060008revO\n|j|\u2606disciple of blahaj\n|t:|1776274612\n|gametype|doubles\n|player|p1|0008revO|hoopster|1048\n|player|p2|disciple of blahaj|jacinthe|1117\n|gen|9\n|tier|[Gen 9 Champions] VGC 2026 Reg M-A\n|rated|\n|rule|Species Clause: Limit one of each Pok\u00e9mon\n|rule|Item Clause: Limit 1 of each item\n|clearpoke\n|poke|p1|Tyranitar, L50, F|\n|poke|p1|Decidueye-Hisui, L50, M|\n|poke|p1|Garchomp, L50, M|\n|poke|p1|Talonflame, L50, M|\n|poke|p1|Incineroar, L50, F|\n|poke|p1|Kingambit, L50, F|\n|poke|p2|Golurk, L50|\n|poke|p2|Oranguru, L50, M|\n|poke|p2|Hatterene, L50, F|\n|poke|p2|Meowstic, L50, M|\n|poke|p2|Torkoal, L50, F|\n|poke|p2|Aggron, L50, F|\n|teampreview|4\n|inactive|Battle timer is ON: inactive players will automatically lose when time's up. (requested by disciple of blahaj)\n0008revO has agreed to open team sheets.\n|inactive|0008revO has 60 seconds left.\n|\n|t:|1776274662\n|teamsize|p1|4\n|teamsize|p2|4\n|start\n|switch|p1a: Tyranitar|Tyranitar, L50, F|100/100\n|switch|p1b: Garchomp|Garchomp, L50, M|100/100\n|switch|p2a: Hatterene|Hatterene, L50, F|100/100\n|switch|p2b: Aggron|Aggron, L50, F|100/100\n|-weather|Sandstorm|[from] ability: Sand Stream|[of] p1a: Tyranitar\n|turn|1\n|inactive|0008revO has 30 seconds left.\n|\n|t:|1776274691\n|detailschange|p2b: Aggron|Aggron-Mega, L50, F\n|-mega|p2b: Aggron|Aggron|Aggronite\n|move|p1a: Tyranitar|Protect|p1a: Tyranitar\n|-singleturn|p1a: Tyranitar|Protect\n|move|p2b: Aggron|Protect|p2b: Aggron\n|-singleturn|p2b: Aggron|Protect\n|move|p1b: Garchomp|Swords Dance|p1b: Garchomp\n|-boost|p1b: Garchomp|atk|2\n|move|p2a: Hatterene|Trick Room|p2a: Hatterene\n|-fieldstart|move: Trick Room|[of] p2a: Hatterene\n|\n|-weather|Sandstorm|[upkeep]\n|-damage|p2a: Hatterene|94/100|[from] Sandstorm\n|upkeep\n|turn|2\n|\n|t:|1776274713\n|move|p1b: Garchomp|Protect|p1b: Garchomp\n|-singleturn|p1b: Garchomp|Protect\n|move|p2a: Hatterene|Dazzling Gleam|p1b: Garchomp|[spread] p1a\n|-activate|p1b: Garchomp|move: Protect\n|-supereffective|p1a: Tyranitar|1\n|-damage|p1a: Tyranitar|53/100\n|move|p2b: Aggron|Body Press|p1a: Tyranitar\n|-supereffective|p1a: Tyranitar|2\n|-damage|p1a: Tyranitar|0 fnt\n|faint|p1a: Tyranitar\n|\n|-weather|Sandstorm|[upkeep]\n|-damage|p2a: Hatterene|88/100|[from] Sandstorm\n|upkeep\n|\n|t:|1776274734\n|switch|p1a: Incineroar|Incineroar, L50, F|100/100\n|-ability|p1a: Incineroar|Intimidate|boost\n|-unboost|p2a: Hatterene|atk|1\n|-unboost|p2b: Aggron|atk|1\n|turn|3\n|\n|t:|1776274741\n|move|p2a: Hatterene|Protect|p2a: Hatterene\n|-singleturn|p2a: Hatterene|Protect\n|move|p2b: Aggron|Protect|p2b: Aggron\n|-singleturn|p2b: Aggron|Protect\n|move|p1a: Incineroar|Flare Blitz|p2b: Aggron\n|-activate|p2b: Aggron|move: Protect\n|move|p1b: Garchomp|Earthquake|p2b: Aggron|[spread] p1a\n|-activate|p2a: Hatterene|move: Protect\n|-activate|p2b: Aggron|move: Protect\n|-supereffective|p1a: Incineroar|1\n|-damage|p1a: Incineroar|0 fnt\n|faint|p1a: Incineroar\n|\n|-weather|Sandstorm|[upkeep]\n|-damage|p2a: Hatterene|82/100|[from] Sandstorm\n|upkeep\n|\n|t:|1776274747\n|switch|p1a: Kingambit|Kingambit, L50, F|100/100\n|turn|4\n|\n|t:|1776274769\n|move|p2a: Hatterene|Dazzling Gleam|p1b: Garchomp|[spread] p1a\n|-miss|p2a: Hatterene|p1b: Garchomp\n|-damage|p1a: Kingambit|66/100\n|move|p2b: Aggron|Body Press|p1b: Garchomp|[miss]\n|-miss|p2b: Aggron|p1b: Garchomp\n|move|p1a: Kingambit|Iron Head|p2a: Hatterene\n|-supereffective|p2a: Hatterene|1\n|-enditem|p2a: Hatterene|Babiri Berry|[eat]\n|-enditem|p2a: Hatterene|Babiri Berry|[weaken]\n|-damage|p2a: Hatterene|29/100\n|move|p1b: Garchomp|Swords Dance|p1b: Garchomp\n|-boost|p1b: Garchomp|atk|2\n|\n|-weather|Sandstorm|[upkeep]\n|-damage|p2a: Hatterene|22/100|[from] Sandstorm\n|upkeep\n|turn|5\n|\n|t:|1776274789\n|move|p2b: Aggron|Protect|p2b: Aggron\n|-singleturn|p2b: Aggron|Protect\n|move|p1b: Garchomp|Protect|p1b: Garchomp\n|-singleturn|p1b: Garchomp|Protect\n|move|p2a: Hatterene|Dazzling Gleam|p1a: Kingambit|[spread] p1a\n|-activate|p1b: Garchomp|move: Protect\n|-damage|p1a: Kingambit|29/100\n|move|p1a: Kingambit|Kowtow Cleave|p2a: Hatterene\n|-crit|p2a: Hatterene\n|-damage|p2a: Hatterene|0 fnt\n|faint|p2a: Hatterene\n|\n|-weather|none\n|-fieldend|move: Trick Room\n|upkeep\n|\n|t:|1776274797\n|switch|p2a: Oranguru|Oranguru, L50, M|100/100\n|turn|6\n|\n|t:|1776274811\n|switch|p2b: Torkoal|Torkoal, L50, F|100/100\n|-weather|SunnyDay|[from] ability: Drought|[of] p2b: Torkoal\n|move|p1a: Kingambit|Protect|p1a: Kingambit\n|-singleturn|p1a: Kingambit|Protect\n|move|p1b: Garchomp|Earthquake|p2a: Oranguru|[spread] p2a,p2b\n|-activate|p1a: Kingambit|move: Protect\n|-supereffective|p2b: Torkoal|1\n|-damage|p2a: Oranguru|17/100\n|-damage|p2b: Torkoal|0 fnt\n|faint|p2b: Torkoal\n|move|p2a: Oranguru|Trick Room|p2a: Oranguru\n|-fieldstart|move: Trick Room|[of] p2a: Oranguru\n|\n|-weather|SunnyDay|[upkeep]\n|upkeep\n|\n|t:|1776274815\n|switch|p2b: Aggron|Aggron-Mega, L50, F|100/100\n|turn|7\n|inactive|0008revO has 30 seconds left.\n|\n|t:|1776274845\n|move|p1a: Kingambit|Sucker Punch||[still]\n|-fail|p1a: Kingambit\n|move|p2b: Aggron|Body Press|p1b: Garchomp\n|-damage|p1b: Garchomp|63/100\n|move|p2a: Oranguru|Instruct|p2b: Aggron\n|-singleturn|p2b: Aggron|move: Instruct|[of] p2a: Oranguru\n|move|p2b: Aggron|Body Press|p1b: Garchomp\n|-damage|p1b: Garchomp|23/100\n|move|p1b: Garchomp|Earthquake|p2a: Oranguru|[spread] p1a,p2a,p2b\n|-supereffective|p1a: Kingambit|1\n|-supereffective|p2b: Aggron|1\n|-damage|p1a: Kingambit|0 fnt\n|-damage|p2a: Oranguru|0 fnt\n|-damage|p2b: Aggron|21/100\n|faint|p1a: Kingambit\n|faint|p2a: Oranguru\n|\n|-weather|SunnyDay|[upkeep]\n|upkeep\n|turn|8\n|\n|t:|1776274859\n|move|p2b: Aggron|Body Press|p1b: Garchomp\n|-damage|p1b: Garchomp|0 fnt\n|faint|p1b: Garchomp\n|\n|win|disciple of blahaj\n|raw|0008revO's rating: 1048 &rarr; <strong>1034</strong><br />(-14 for losing)\n|raw|disciple of blahaj's rating: 1117 &rarr; <strong>1137</strong><br />(+20 for winning)\n|l|\u26060008revO\n|player|p1|\n",
  "uploadtime": 1776274860,
  "views": 17,
  "formatid": "gen9championsvgc2026regma",
  "rating": 1034,
  "private": 0,
  "password": null
}