{
  "id": "gen9championsvgc2026regma-2582566079",
  "format": "[Gen 9 Champions] VGC 2026 Reg M-A",
  "players": [
    "JCasinos71",
    "rajyesh1"
  ],
  "log": "|j|\u2606JCasinos71\n|j|\u2606rajyesh1\n|t:|1776099763\n|gametype|doubles\n|player|p1|JCasinos71|bruno|1084\n|player|p2|rajyesh1|lucas|1081\n|gen|9\n|tier|[Gen 9 Champions] VGC 2026 Reg M-A\n|rated|\n|rule|Species Clause: Limit one of each Pok\u00e9mon\n|rule|Item Clause: Limit 1 of each item\n|clearpoke\n|poke|p1|Pelipper, L50, F|\n|poke|p1|Dragonite, L50, F|\n|poke|p1|Basculegion, L50, M|\n|poke|p1|Incineroar, L50, F|\n|poke|p1|Sneasler, L50, F|\n|poke|p1|Kingambit, L50, M|\n|poke|p2|Charizard, L50, F|\n|poke|p2|Venusaur, L50, F|\n|poke|p2|Garchomp, L50, F|\n|poke|p2|Rotom-Wash, L50|\n|poke|p2|Sneasler, L50, M|\n|poke|p2|Incineroar, L50, F|\n|teampreview|4\n|inactive|Battle timer is ON: inactive players will automatically lose when time's up. (requested by rajyesh1)\n|inactive|JCasinos71 has 60 seconds left.\n|inactive|rajyesh1 has 60 seconds left.\n|inactive|rajyesh1 has 30 seconds left.\n|inactive|rajyesh1 has 20 seconds left.\n|inactive|rajyesh1 has 15 seconds left.\n|inactive|rajyesh1 has 10 seconds left.\n|\n|t:|1776099847\n|teamsize|p1|4\n|teamsize|p2|4\n|start\n|switch|p1a: Pelipper|Pelipper, L50, F|100/100\n|switch|p1b: Dragonite|Dragonite, L50, F|100/100\n|switch|p2a: Rotom|Rotom-Wash, L50|100/100\n|switch|p2b: Incineroar|Incineroar, L50, F|100/100\n|-weather|RainDance|[from] ability: Drizzle|[of] p1a: Pelipper\n|-ability|p2b: Incineroar|Intimidate|boost\n|-unboost|p1a: Pelipper|atk|1\n|-unboost|p1b: Dragonite|atk|1\n|turn|1\n|inactive|rajyesh1 has 30 seconds left.\n|\n|t:|1776099875\n|detailschange|p1b: Dragonite|Dragonite-Mega, L50, F\n|-mega|p1b: Dragonite|Dragonite|Dragoninite\n|move|p1b: Dragonite|Protect|p1b: Dragonite\n|-singleturn|p1b: Dragonite|Protect\n|move|p2b: Incineroar|Fake Out|p1b: Dragonite\n|-activate|p1b: Dragonite|move: Protect\n|move|p2a: Rotom|Thunderbolt|p1a: Pelipper\n|-supereffective|p1a: Pelipper|2\n|-enditem|p1a: Pelipper|Focus Sash\n|-damage|p1a: Pelipper|1/100\n|move|p1a: Pelipper|Weather Ball|p2b: Incineroar\n|-supereffective|p2b: Incineroar|1\n|-damage|p2b: Incineroar|1/100\n|-enditem|p2b: Incineroar|Sitrus Berry|[eat]\n|-heal|p2b: Incineroar|26/100|[from] item: Sitrus Berry\n|\n|-weather|RainDance|[upkeep]\n|upkeep\n|turn|2\n|inactive|JCasinos71 has 30 seconds left.\n|inactive|rajyesh1 has 30 seconds left.\n|inactive|rajyesh1 has 20 seconds left.\n|inactive|JCasinos71 has 20 seconds left.\n|inactive|rajyesh1 has 15 seconds left.\n|\n|t:|1776099917\n|switch|p2b: Venusaur|Venusaur, L50, F|100/100\n|move|p1a: Pelipper|Protect|p1a: Pelipper\n|-singleturn|p1a: Pelipper|Protect\n|move|p1b: Dragonite|Dragon Pulse|p2a: Rotom\n|-crit|p2a: Rotom\n|-damage|p2a: Rotom|20/100\n|move|p2a: Rotom|Will-O-Wisp|p1b: Dragonite\n|-status|p1b: Dragonite|brn\n|\n|-weather|RainDance|[upkeep]\n|-heal|p2a: Rotom|26/100|[from] item: Leftovers\n|-damage|p1b: Dragonite|95/100 brn|[from] brn\n|upkeep\n|turn|3\n|inactive|rajyesh1 has 30 seconds left.\n|\n|t:|1776099945\n|switch|p2a: Incineroar|Incineroar, L50, F|26/100\n|-ability|p2a: Incineroar|Intimidate|boost\n|-unboost|p1a: Pelipper|atk|1\n|-unboost|p1b: Dragonite|atk|1\n|move|p1b: Dragonite|Hurricane|p2b: Venusaur\n|-supereffective|p2b: Venusaur|1\n|-enditem|p2b: Venusaur|Focus Sash\n|-damage|p2b: Venusaur|1/100\n|move|p2b: Venusaur|Sludge Bomb|p1a: Pelipper\n|-damage|p1a: Pelipper|0 fnt\n|faint|p1a: Pelipper\n|\n|-weather|RainDance|[upkeep]\n|-damage|p1b: Dragonite|89/100 brn|[from] brn\n|upkeep\n|inactive|JCasinos71 has 30 seconds left.\n|\n|t:|1776099974\n|switch|p1a: Sneasler|Sneasler, L50, F|100/100\n|turn|4\n|\n|t:|1776099990\n|move|p2b: Venusaur|Protect|p2b: Venusaur\n|-singleturn|p2b: Venusaur|Protect\n|move|p1a: Sneasler|Fake Out|p2a: Incineroar\n|-damage|p2a: Incineroar|11/100\n|cant|p2a: Incineroar|flinch\n|move|p1b: Dragonite|Dragon Pulse|p2b: Venusaur\n|-activate|p2b: Venusaur|move: Protect\n|\n|-weather|RainDance|[upkeep]\n|-damage|p1b: Dragonite|83/100 brn|[from] brn\n|upkeep\n|turn|5\n|\n|t:|1776100006\n|switch|p2b: Rotom|Rotom-Wash, L50|26/100\n|move|p1a: Sneasler|Poison Jab|p2b: Rotom\n|-damage|p2b: Rotom|0 fnt\n|faint|p2b: Rotom\n|move|p1b: Dragonite|Dragon Pulse|p2a: Incineroar\n|-damage|p2a: Incineroar|0 fnt\n|faint|p2a: Incineroar\n|\n|-weather|none\n|-damage|p1b: Dragonite|77/100 brn|[from] brn\n|upkeep\n|\n|t:|1776100014\n|switch|p2b: Venusaur|Venusaur, L50, F|1/100\n|switch|p2a: Charizard|Charizard, L50, F|100/100\n|turn|6\n|\n|t:|1776100033\n|detailschange|p2a: Charizard|Charizard-Mega-Y, L50, F\n|-mega|p2a: Charizard|Charizard|Charizardite Y\n|-weather|SunnyDay|[from] ability: Drought|[of] p2a: Charizard\n|move|p2b: Venusaur|Sludge Bomb|p1b: Dragonite\n|-damage|p1b: Dragonite|40/100 brn\n|move|p1a: Sneasler|Poison Jab|p2b: Venusaur\n|-damage|p2b: Venusaur|0 fnt\n|faint|p2b: Venusaur\n|move|p2a: Charizard|Heat Wave|p1b: Dragonite|[spread] p1a,p1b\n|-resisted|p1b: Dragonite|1\n|-damage|p1a: Sneasler|8/100\n|-damage|p1b: Dragonite|10/100 brn\n|-status|p1a: Sneasler|brn\n|move|p1b: Dragonite|Dragon Pulse|p2a: Charizard\n|-damage|p2a: Charizard|49/100\n|\n|-weather|SunnyDay|[upkeep]\n|-damage|p1a: Sneasler|2/100 brn|[from] brn\n|-damage|p1b: Dragonite|4/100 brn|[from] brn\n|upkeep\n|turn|7\n|inactive|rajyesh1 has 30 seconds left.\n|\n|t:|1776100063\n|move|p2a: Charizard|Protect|p2a: Charizard\n|-singleturn|p2a: Charizard|Protect\n|move|p1a: Sneasler|Poison Jab|p2a: Charizard\n|-activate|p2a: Charizard|move: Protect\n|move|p1b: Dragonite|Dragon Pulse|p2a: Charizard\n|-activate|p2a: Charizard|move: Protect\n|\n|-weather|SunnyDay|[upkeep]\n|-damage|p1a: Sneasler|0 fnt|[from] brn\n|faint|p1a: Sneasler\n|-damage|p1b: Dragonite|0 fnt|[from] brn\n|faint|p1b: Dragonite\n|upkeep\n|\n|t:|1776100076\n|switch|p1b: Basculegion|Basculegion, L50, M|100/100\n|turn|8\n|\n|t:|1776100086\n|move|p1b: Basculegion|Wave Crash|p2a: Charizard\n|-supereffective|p2a: Charizard|1\n|-damage|p2a: Charizard|0 fnt\n|faint|p2a: Charizard\n|-damage|p1b: Basculegion|88/100|[from] Recoil\n|\n|win|JCasinos71\n|raw|JCasinos71's rating: 1084 &rarr; <strong>1111</strong><br />(+27 for winning)\n|raw|rajyesh1's rating: 1081 &rarr; <strong>1059</strong><br />(-22 for losing)\n|l|\u2606JCasinos71\n|player|p1|\n",
  "uploadtime": 1776100092,
  "views": 17,
  "formatid": "gen9championsvgc2026regma",
  "rating": 1059,
  "private": 0,
  "password": null
}