{
  "id": "gen9championsvgc2026regma-2582887046",
  "format": "[Gen 9 Champions] VGC 2026 Reg M-A",
  "players": [
    "Drarcco",
    "Scrapple"
  ],
  "log": "|j|\u2606Drarcco\n|j|\u2606Scrapple\n|t:|1776122142\n|gametype|doubles\n|player|p1|Drarcco|ghetsis-gen5bw|1081\n|player|p2|Scrapple|169|1067\n|gen|9\n|tier|[Gen 9 Champions] VGC 2026 Reg M-A\n|rated|\n|rule|Species Clause: Limit one of each Pok\u00e9mon\n|rule|Item Clause: Limit 1 of each item\n|clearpoke\n|poke|p1|Garchomp, L50, M|\n|poke|p1|Aerodactyl, L50, F|\n|poke|p1|Aggron, L50, M|\n|poke|p1|Incineroar, L50, F|\n|poke|p1|Mimikyu, L50, F|\n|poke|p1|Basculegion-F, L50, F|\n|poke|p2|Basculegion, L50, M|\n|poke|p2|Charizard, L50, M|\n|poke|p2|Hatterene, L50, F|\n|poke|p2|Farigiraf, L50, M|\n|poke|p2|Incineroar, L50, F|\n|poke|p2|Torkoal, L50, F|\n|teampreview|4\n|\n|t:|1776122165\n|teamsize|p1|4\n|teamsize|p2|4\n|start\n|switch|p1a: Garchomp|Garchomp, L50, M|100/100\n|switch|p1b: Aerodactyl|Aerodactyl, L50, F|100/100\n|switch|p2a: Farigiraf|Farigiraf, L50, M|100/100\n|switch|p2b: Incineroar|Incineroar, L50, F|100/100\n|-ability|p2b: Incineroar|Intimidate|boost\n|-unboost|p1a: Garchomp|atk|1\n|-unboost|p1b: Aerodactyl|atk|1\n|turn|1\n|\n|t:|1776122191\n|switch|p1b: Basculegion|Basculegion-F, L50, F|100/100\n|move|p2b: Incineroar|Fake Out|p1b: Basculegion\n|-immune|p1b: Basculegion\n|move|p1a: Garchomp|Earthquake|p2a: Farigiraf|[spread] p1b,p2a,p2b\n|-supereffective|p2b: Incineroar|1\n|-damage|p1b: Basculegion|65/100\n|-damage|p2a: Farigiraf|83/100\n|-damage|p2b: Incineroar|59/100\n|move|p2a: Farigiraf|Trick Room|p2a: Farigiraf\n|-fieldstart|move: Trick Room|[of] p2a: Farigiraf\n|\n|upkeep\n|turn|2\n|\n|t:|1776122226\n|move|p2b: Incineroar|Helping Hand|p2a: Farigiraf\n|-singleturn|p2a: Farigiraf|Helping Hand|[of] p2b: Incineroar\n|move|p2a: Farigiraf|Psychic|p1b: Basculegion\n|-damage|p1b: Basculegion|11/100\n|move|p1b: Basculegion|Hydro Pump|p2a: Farigiraf\n|-damage|p2a: Farigiraf|19/100\n|move|p1a: Garchomp|Earthquake|p2b: Incineroar|[spread] p1b,p2a,p2b\n|-supereffective|p2b: Incineroar|1\n|-damage|p1b: Basculegion|0 fnt\n|-damage|p2a: Farigiraf|2/100\n|-damage|p2b: Incineroar|14/100\n|-enditem|p2b: Incineroar|Sitrus Berry|[eat]\n|-heal|p2b: Incineroar|39/100|[from] item: Sitrus Berry\n|faint|p1b: Basculegion\n|\n|upkeep\n|\n|t:|1776122246\n|switch|p1b: Mimikyu|Mimikyu, L50, F|100/100\n|turn|3\n|\n|t:|1776122261\n|move|p2a: Farigiraf|Psychic|p1b: Mimikyu\n|-activate|p1b: Mimikyu|ability: Disguise\n|-damage|p1b: Mimikyu|100/100\n|detailschange|p1b: Mimikyu|Mimikyu-Busted, L50, F\n|-damage|p1b: Mimikyu|88/100|[from] pokemon: Mimikyu-Busted\n|move|p2b: Incineroar|Parting Shot|p1a: Garchomp\n|-unboost|p1a: Garchomp|atk|1\n|-unboost|p1a: Garchomp|spa|1\n|\n|t:|1776122271\n|switch|p2b: Hatterene|Hatterene, L50, F|100/100|[from] Parting Shot\n|move|p1b: Mimikyu|Play Rough|p2b: Hatterene\n|-damage|p2b: Hatterene|51/100\n|-unboost|p2b: Hatterene|atk|1\n|move|p1a: Garchomp|Earthquake|p2b: Hatterene|[spread] p1b,p2a,p2b\n|-damage|p1b: Mimikyu|49/100\n|-damage|p2a: Farigiraf|0 fnt\n|-damage|p2b: Hatterene|31/100\n|faint|p2a: Farigiraf\n|\n|upkeep\n|\n|t:|1776122286\n|switch|p2a: Torkoal|Torkoal, L50, F|100/100\n|-weather|SunnyDay|[from] ability: Drought|[of] p2a: Torkoal\n|turn|4\n|\n|t:|1776122298\n|switch|p1a: Aerodactyl|Aerodactyl, L50, F|100/100\n|move|p2b: Hatterene|Helping Hand|p2a: Torkoal\n|-singleturn|p2a: Torkoal|Helping Hand|[of] p2b: Hatterene\n|move|p1b: Mimikyu|Protect|p1b: Mimikyu\n|-singleturn|p1b: Mimikyu|Protect\n|move|p2a: Torkoal|Eruption|p1b: Mimikyu|[spread] p1a\n|-activate|p1b: Mimikyu|move: Protect\n|-resisted|p1a: Aerodactyl|1\n|-damage|p1a: Aerodactyl|6/100\n|\n|-weather|SunnyDay|[upkeep]\n|upkeep\n|turn|5\n|\n|t:|1776122333\n|move|p2b: Hatterene|Helping Hand|p2a: Torkoal\n|-singleturn|p2a: Torkoal|Helping Hand|[of] p2b: Hatterene\n|move|p2a: Torkoal|Eruption|p1b: Mimikyu|[spread] p1a,p1b\n|-resisted|p1a: Aerodactyl|1\n|-damage|p1a: Aerodactyl|0 fnt\n|-damage|p1b: Mimikyu|0 fnt\n|faint|p1a: Aerodactyl\n|faint|p1b: Mimikyu\n|\n|-weather|SunnyDay|[upkeep]\n|-fieldend|move: Trick Room\n|upkeep\n|\n|t:|1776122340\n|switch|p1a: Garchomp|Garchomp, L50, M|100/100\n|turn|6\n|\n|t:|1776122371\n|move|p1a: Garchomp|Earthquake|p2a: Torkoal|[spread] p2a,p2b\n|-supereffective|p2a: Torkoal|1\n|-damage|p2a: Torkoal|45/100\n|-damage|p2b: Hatterene|0 fnt\n|faint|p2b: Hatterene\n|move|p2a: Torkoal|Weather Ball|p1a: Garchomp\n|-resisted|p1a: Garchomp|1\n|-damage|p1a: Garchomp|55/100\n|\n|-weather|SunnyDay|[upkeep]\n|-heal|p1a: Garchomp|61/100|[from] item: Leftovers\n|upkeep\n|\n|t:|1776122380\n|switch|p2b: Incineroar|Incineroar, L50, F|39/100\n|-ability|p2b: Incineroar|Intimidate|boost\n|-unboost|p1a: Garchomp|atk|1\n|turn|7\n|\n|t:|1776122395\n|move|p1a: Garchomp|Protect|p1a: Garchomp\n|-singleturn|p1a: Garchomp|Protect\n|move|p2b: Incineroar|Fake Out|p1a: Garchomp\n|-activate|p1a: Garchomp|move: Protect\n|move|p2a: Torkoal|Weather Ball|p1a: Garchomp\n|-activate|p1a: Garchomp|move: Protect\n|\n|-weather|SunnyDay|[upkeep]\n|-heal|p1a: Garchomp|67/100|[from] item: Leftovers\n|upkeep\n|turn|8\n|\n|t:|1776122422\n|move|p1a: Garchomp|Earthquake|p2a: Torkoal|[spread] p2a,p2b\n|-supereffective|p2a: Torkoal|1\n|-supereffective|p2b: Incineroar|1\n|-damage|p2a: Torkoal|3/100\n|-damage|p2b: Incineroar|0 fnt\n|faint|p2b: Incineroar\n|move|p2a: Torkoal|Weather Ball|p1a: Garchomp\n|-resisted|p1a: Garchomp|1\n|-damage|p1a: Garchomp|22/100\n|\n|-weather|none\n|-heal|p1a: Garchomp|28/100|[from] item: Leftovers\n|upkeep\n|turn|9\n|-message|Scrapple forfeited.\n|\n|win|Drarcco\n|raw|Drarcco's rating: 1081 &rarr; <strong>1108</strong><br />(+27 for winning)\n|raw|Scrapple's rating: 1067 &rarr; <strong>1048</strong><br />(-19 for losing)\n|l|\u2606Scrapple\n|player|p2|\n",
  "uploadtime": 1776122442,
  "views": 14,
  "formatid": "gen9championsvgc2026regma",
  "rating": 1048,
  "private": 0,
  "password": null
}