{
  "id": "gen9championsvgc2026regma-2582939824",
  "format": "[Gen 9 Champions] VGC 2026 Reg M-A",
  "players": [
    "boysenorange",
    "PoliteUsername"
  ],
  "log": "|j|\u2606boysenorange\n|j|\u2606PoliteUsername\n|t:|1776126830\n|gametype|doubles\n|player|p1|boysenorange|turo|1083\n|player|p2|PoliteUsername|unknown|1040\n|gen|9\n|tier|[Gen 9 Champions] VGC 2026 Reg M-A\n|rated|\n|rule|Species Clause: Limit one of each Pok\u00e9mon\n|rule|Item Clause: Limit 1 of each item\n|clearpoke\n|poke|p1|Torkoal, L50, M|\n|poke|p1|Farigiraf, L50, M|\n|poke|p1|Maushold-Four, L50|\n|poke|p1|Camerupt, L50, F|\n|poke|p1|Hatterene, L50, F|\n|poke|p1|Meowstic, L50, M|\n|poke|p2|Scovillain, L50, F|\n|poke|p2|Tyranitar, L50, F|\n|poke|p2|Greninja-*, L50, M|\n|poke|p2|Excadrill, L50, F|\n|poke|p2|Garchomp, L50, M|\n|poke|p2|Vaporeon, L50, M|\n|teampreview|4\n|inactive|Battle timer is ON: inactive players will automatically lose when time's up. (requested by PoliteUsername)\nPoliteUsername rejected open team sheets.\n|\n|t:|1776126874\n|teamsize|p1|4\n|teamsize|p2|4\n|start\n|switch|p1a: Meowstic|Meowstic, L50, M|100/100\n|switch|p1b: Farigiraf|Farigiraf, L50, M|100/100\n|switch|p2a: Greninja|Greninja, L50, M|100/100\n|switch|p2b: Vaporeon|Vaporeon, L50, M|100/100\n|turn|1\n|\n|t:|1776126883\n|move|p1a: Meowstic|Psychic Terrain|p1a: Meowstic\n|-fieldstart|move: Psychic Terrain\n|move|p2a: Greninja|Dark Pulse|p1b: Farigiraf\n|-start|p2a: Greninja|typechange|Dark|[from] ability: Protean\n|-supereffective|p1b: Farigiraf|1\n|-damage|p1b: Farigiraf|48/100\n|-enditem|p1b: Farigiraf|Sitrus Berry|[eat]\n|-heal|p1b: Farigiraf|72/100|[from] item: Sitrus Berry\n|move|p2b: Vaporeon|Calm Mind|p2b: Vaporeon\n|-boost|p2b: Vaporeon|spa|1\n|-boost|p2b: Vaporeon|spd|1\n|cant|p1b: Farigiraf|flinch\n|\n|upkeep\n|turn|2\n|\n|t:|1776126913\n|move|p2b: Vaporeon|Helping Hand|p2a: Greninja\n|-singleturn|p2a: Greninja|Helping Hand|[of] p2b: Vaporeon\n|move|p1a: Meowstic|Sunny Day|p1a: Meowstic\n|-weather|SunnyDay\n|move|p2a: Greninja|Surf|p1a: Meowstic|[spread] p1a,p1b\n|-immune|p2b: Vaporeon|[from] ability: Water Absorb\n|-damage|p1a: Meowstic|80/100\n|-damage|p1b: Farigiraf|62/100\n|move|p1b: Farigiraf|Trick Room|p1b: Farigiraf\n|-fieldstart|move: Trick Room|[of] p1b: Farigiraf\n|\n|-weather|SunnyDay|[upkeep]\n|upkeep\n|turn|3\n|inactive|boysenorange has 30 seconds left.\n|\n|t:|1776126948\n|switch|p1a: Hatterene|Hatterene, L50, F|100/100\n|move|p2b: Vaporeon|Helping Hand|p2a: Greninja\n|-singleturn|p2a: Greninja|Helping Hand|[of] p2b: Vaporeon\n|move|p1b: Farigiraf|Nasty Plot|p1b: Farigiraf\n|-boost|p1b: Farigiraf|spa|2\n|move|p2a: Greninja|Dark Pulse|p1a: Hatterene\n|-damage|p1a: Hatterene|43/100\n|\n|-weather|SunnyDay|[upkeep]\n|upkeep\n|turn|4\n|\n|t:|1776126959\n|move|p1a: Hatterene|Dazzling Gleam|p2b: Vaporeon|[spread] p2a,p2b\n|-supereffective|p2a: Greninja|1\n|-crit|p2a: Greninja\n|-damage|p2a: Greninja|0 fnt\n|-damage|p2b: Vaporeon|80/100\n|faint|p2a: Greninja\n|move|p1b: Farigiraf|Expanding Force|p2b: Vaporeon\n|-damage|p2b: Vaporeon|19/100\n|move|p2b: Vaporeon|Scald|p1b: Farigiraf\n|-damage|p1b: Farigiraf|46/100\n|\n|-weather|SunnyDay|[upkeep]\n|-heal|p2b: Vaporeon|25/100|[from] item: Leftovers\n|upkeep\n|\n|t:|1776126970\n|switch|p2a: Scovillain|Scovillain, L50, F|100/100\n|turn|5\n|\n|t:|1776126981\n|detailschange|p2a: Scovillain|Scovillain-Mega, L50, F\n|-mega|p2a: Scovillain|Scovillain|Scovillainite\n|move|p2a: Scovillain|Rage Powder|p2a: Scovillain\n|-singleturn|p2a: Scovillain|move: Rage Powder\n|move|p1a: Hatterene|Psyshock|p2a: Scovillain\n|-damage|p2a: Scovillain|52/100\n|-status|p1a: Hatterene|brn|[from] ability: Spicy Spray|[of] p2a: Scovillain\n|move|p1b: Farigiraf|Expanding Force|p2b: Vaporeon|[spread] p2a,p2b\n|-damage|p2a: Scovillain|0 fnt\n|-damage|p2b: Vaporeon|0 fnt\n|-status|p1b: Farigiraf|brn|[from] ability: Spicy Spray|[of] p2a: Scovillain\n|faint|p2a: Scovillain\n|faint|p2b: Vaporeon\n|\n|-weather|SunnyDay|[upkeep]\n|-damage|p1a: Hatterene|37/100 brn|[from] brn\n|-damage|p1b: Farigiraf|40/100 brn|[from] brn\n|-fieldend|move: Psychic Terrain\n|upkeep\n|\n|t:|1776126992\n|switch|p2b: Tyranitar|Tyranitar, L50, F|100/100\n|-weather|Sandstorm|[from] ability: Sand Stream|[of] p2b: Tyranitar\n|turn|6\n|\n|t:|1776127001\n|switch|p1b: Torkoal|Torkoal, L50, M|100/100\n|-weather|SunnyDay|[from] ability: Drought|[of] p1b: Torkoal\n|move|p1a: Hatterene|Dazzling Gleam|p2b: Tyranitar\n|-supereffective|p2b: Tyranitar|1\n|-damage|p2b: Tyranitar|0 fnt\n|faint|p2b: Tyranitar\n|\n|win|boysenorange\n|raw|boysenorange's rating: 1083 &rarr; <strong>1107</strong><br />(+24 for winning)\n|raw|PoliteUsername's rating: 1040 &rarr; <strong>1026</strong><br />(-14 for losing)\n|l|\u2606PoliteUsername\n|player|p2|\n",
  "uploadtime": 1776127008,
  "views": 15,
  "formatid": "gen9championsvgc2026regma",
  "rating": 1026,
  "private": 0,
  "password": null
}