{
  "id": "gen9championsvgc2026regma-2583948895",
  "format": "[Gen 9 Champions] VGC 2026 Reg M-A",
  "players": [
    "coberdt",
    "redpanda444"
  ],
  "log": "|j|\u2606coberdt\n|j|\u2606redpanda444\n|t:|1776210932\n|gametype|doubles\n|player|p1|coberdt|roxie|1210\n|player|p2|redpanda444|170|1133\n|gen|9\n|tier|[Gen 9 Champions] VGC 2026 Reg M-A\n|rated|\n|rule|Species Clause: Limit one of each Pok\u00e9mon\n|rule|Item Clause: Limit 1 of each item\n|clearpoke\n|poke|p1|Pelipper, L50, M|\n|poke|p1|Archaludon, L50, F|\n|poke|p1|Incineroar, L50, F|\n|poke|p1|Sinistcha, L50|\n|poke|p1|Palafin, L50, M|\n|poke|p1|Gengar, L50, F|\n|poke|p2|Dragonite, L50, F|\n|poke|p2|Mimikyu, L50, F|\n|poke|p2|Blastoise, L50, M|\n|poke|p2|Sinistcha, L50|\n|poke|p2|Incineroar, L50, F|\n|poke|p2|Aegislash, L50, F|\n|teampreview|4\ncoberdt has agreed to open team sheets.\n|inactive|Battle timer is ON: inactive players will automatically lose when time's up. (requested by coberdt)\n|\n|t:|1776210952\n|teamsize|p1|4\n|teamsize|p2|4\n|start\n|switch|p1a: Incineroar|Incineroar, L50, F|100/100\n|switch|p1b: Palafin|Palafin, L50, M|100/100\n|switch|p2a: Mimikyu|Mimikyu, L50, F|100/100\n|switch|p2b: Incineroar|Incineroar, L50, F|100/100\n|-ability|p2b: Incineroar|Intimidate|boost\n|-unboost|p1a: Incineroar|atk|1\n|-unboost|p1b: Palafin|atk|1\n|-ability|p1a: Incineroar|Intimidate|boost\n|-unboost|p2a: Mimikyu|atk|1\n|-unboost|p2b: Incineroar|atk|1\n|-enditem|p2b: Incineroar|White Herb\n|-clearnegativeboost|p2b: Incineroar|[silent]\n|turn|1\n|\n|t:|1776210972\n|move|p2b: Incineroar|Fake Out|p1b: Palafin\n|-damage|p1b: Palafin|81/100\n|move|p1a: Incineroar|Fake Out|p2b: Incineroar\n|-damage|p2b: Incineroar|91/100\n|cant|p1b: Palafin|flinch\n|move|p2a: Mimikyu|Trick Room|p2a: Mimikyu\n|-fieldstart|move: Trick Room|[of] p2a: Mimikyu\n|\n|upkeep\n|turn|2\n|\n|t:|1776210995\n|move|p1b: Palafin|Protect|p1b: Palafin\n|-singleturn|p1b: Palafin|Protect\n|move|p1a: Incineroar|Throat Chop|p2a: Mimikyu\n|-activate|p2a: Mimikyu|ability: Disguise\n|-damage|p2a: Mimikyu|100/100\n|-start|p2a: Mimikyu|Throat Chop|[silent]\n|detailschange|p2a: Mimikyu|Mimikyu-Busted, L50, F\n|-damage|p2a: Mimikyu|88/100|[from] pokemon: Mimikyu-Busted\n|move|p2b: Incineroar|Parting Shot|p1a: Incineroar\n|-unboost|p1a: Incineroar|atk|1\n|-unboost|p1a: Incineroar|spa|1\n|\n|t:|1776211014\n|switch|p2b: Dragonite|Dragonite, L50, F|100/100|[from] Parting Shot\n|move|p2a: Mimikyu|Wood Hammer|p1b: Palafin\n|-activate|p1b: Palafin|move: Protect\n|\n|upkeep\n|turn|3\n|\n|t:|1776211033\n|detailschange|p1b: Palafin|Palafin-Hero, L50, M\n|switch|p1b: Sinistcha|Sinistcha, L50|100/100\n|detailschange|p2b: Dragonite|Dragonite-Mega, L50, F\n|-mega|p2b: Dragonite|Dragonite|Dragoninite\n|move|p1a: Incineroar|Throat Chop|p2a: Mimikyu\n|-damage|p2a: Mimikyu|66/100\n|move|p2a: Mimikyu|Rain Dance|p2a: Mimikyu\n|-weather|RainDance\n|move|p2b: Dragonite|Thunder|p1b: Sinistcha\n|-resisted|p1b: Sinistcha|1\n|-damage|p1b: Sinistcha|81/100\n|\n|-weather|RainDance|[upkeep]\n|-heal|p1b: Sinistcha|88/100|[from] item: Leftovers\n|-end|p2a: Mimikyu|Throat Chop|[silent]\n|upkeep\n|turn|4\n|inactive|redpanda444 has 30 seconds left.\n|\n|t:|1776211066\n|switch|p2a: Incineroar|Incineroar, L50, F|91/100\n|-ability|p2a: Incineroar|Intimidate|boost\n|-unboost|p1a: Incineroar|atk|1\n|-unboost|p1b: Sinistcha|atk|1\n|move|p1b: Sinistcha|Protect|p1b: Sinistcha\n|-singleturn|p1b: Sinistcha|Protect\n|move|p1a: Incineroar|Parting Shot|p2b: Dragonite\n|-unboost|p2b: Dragonite|atk|1\n|-unboost|p2b: Dragonite|spa|1\n|\n|t:|1776211077\n|switch|p1a: Palafin|Palafin-Hero, L50, M|81/100|[from] Parting Shot\n|-activate|p1a: Palafin|ability: Zero to Hero\n|move|p2b: Dragonite|Hurricane|p1b: Sinistcha\n|-activate|p1b: Sinistcha|move: Protect\n|\n|-weather|RainDance|[upkeep]\n|-heal|p1b: Sinistcha|94/100|[from] item: Leftovers\n|upkeep\n|turn|5\n|inactive|redpanda444 has 30 seconds left.\n|\n|t:|1776211103\n|switch|p1b: Incineroar|Incineroar, L50, F|100/100\n|-ability|p1b: Incineroar|Intimidate|boost\n|-unboost|p2a: Incineroar|atk|1\n|-unboost|p2b: Dragonite|atk|1\n|move|p1a: Palafin|Protect|p1a: Palafin\n|-singleturn|p1a: Palafin|Protect\n|move|p2a: Incineroar|Fake Out|p1a: Palafin\n|-activate|p1a: Palafin|move: Protect\n|move|p2b: Dragonite|Hurricane|p1b: Incineroar\n|-damage|p1b: Incineroar|60/100\n|\n|-weather|RainDance|[upkeep]\n|-fieldend|move: Trick Room\n|upkeep\n|turn|6\n|\n|t:|1776211125\n|switch|p2b: Mimikyu|Mimikyu-Busted, L50, F|66/100\n|switch|p2a: Blastoise|Blastoise, L50, M|100/100\n|move|p1b: Incineroar|Fake Out|p2b: Mimikyu\n|-immune|p2b: Mimikyu\n|move|p1a: Palafin|Wave Crash|p2a: Blastoise\n|-resisted|p2a: Blastoise|1\n|-crit|p2a: Blastoise\n|-damage|p2a: Blastoise|12/100\n|-damage|p1a: Palafin|51/100|[from] Recoil\n|\n|-weather|RainDance|[upkeep]\n|-heal|p2a: Blastoise|18/100|[from] ability: Rain Dish\n|upkeep\n|turn|7\n|c|\u2606redpanda444|:)\n|c|\u2606redpanda444|wow\n|inactive|redpanda444 has 30 seconds left.\n|\n|t:|1776211151\n|switch|p1b: Sinistcha|Sinistcha, L50|94/100\n|-heal|p1a: Palafin|76/100|[from] ability: Hospitality|[of] p1b: Sinistcha\n|move|p2a: Blastoise|Protect|p2a: Blastoise\n|-singleturn|p2a: Blastoise|Protect\n|move|p1a: Palafin|Jet Punch|p2b: Mimikyu\n|-damage|p2b: Mimikyu|0 fnt\n|faint|p2b: Mimikyu\n|\n|-weather|none\n|-heal|p1b: Sinistcha|99/100|[from] item: Leftovers\n|upkeep\n|-message|redpanda444 forfeited.\n|\n|win|coberdt\n|raw|coberdt's rating: 1210 &rarr; <strong>1230</strong><br />(+20 for winning)\n|raw|redpanda444's rating: 1133 &rarr; <strong>1113</strong><br />(-20 for losing)\n|l|\u2606redpanda444\n|player|p2|\n",
  "uploadtime": 1776211165,
  "views": 106,
  "formatid": "gen9championsvgc2026regma",
  "rating": 1113,
  "private": 0,
  "password": null
}