{
  "id": "gen9championsvgc2026regma-2587459190",
  "format": "[Gen 9 Champions] VGC 2026 Reg M-A",
  "players": [
    "yamede\u86c7\u5982",
    "testy accounty 2"
  ],
  "log": "|j|\u2606yamede\u86c7\u5982\n|j|\u2606testy accounty 2\n|t:|1776533594\n|gametype|doubles\n|player|p1|yamede\u86c7\u5982|1|1550\n|player|p2|testy accounty 2|170|1540\n|gen|9\n|tier|[Gen 9 Champions] VGC 2026 Reg M-A\n|rated|\n|rule|Species Clause: Limit one of each Pok\u00e9mon\n|rule|Item Clause: Limit 1 of each item\n|clearpoke\n|poke|p1|Tyranitar, L50, M|\n|poke|p1|Milotic, L50, F, shiny|\n|poke|p1|Excadrill, L50, M|\n|poke|p1|Meganium, L50, F, shiny|\n|poke|p1|Incineroar, L50, F|\n|poke|p1|Sinistcha, L50|\n|poke|p2|Gengar, L50, F, shiny|\n|poke|p2|Incineroar, L50, M|\n|poke|p2|Politoed, L50, M|\n|poke|p2|Archaludon, L50, F|\n|poke|p2|Basculegion, L50, M|\n|poke|p2|Meganium, L50, F|\n|teampreview|4\n|j| VentaMujeresMalaga\ntesty accounty 2 rejected open team sheets.\n|inactive|Battle timer is ON: inactive players will automatically lose when time's up. (requested by testy accounty 2)\n|c| VentaMujeresMalaga|glhf\n|inactive|yamede\u86c7\u5982 has 60 seconds left.\n|l|\u2606testy accounty 2\n|inactive|testy accounty 2 disconnected and has a minute to reconnect!\n|player|p2|\n|\n|t:|1776533721\n|teamsize|p1|4\n|teamsize|p2|4\n|start\n|switch|p1a: Meganium|Meganium, L50, F, shiny|100/100\n|switch|p1b: Incineroar|Incineroar, L50, F|100/100\n|switch|p2a: Kathleen|Archaludon, L50, F|100/100\n|switch|p2b: Meganium|Meganium, L50, F|100/100\n|-ability|p1b: Incineroar|Intimidate|boost\n|-unboost|p2a: Kathleen|atk|1\n|-unboost|p2b: Meganium|atk|1\n|turn|1\n|j|\u2606testy accounty 2\n|inactive|testy accounty 2 reconnected and has 50 seconds left.\n|player|p2|testy accounty 2|170|\n|inactive|yamede\u86c7\u5982 has 30 seconds left.\n|inactive|testy accounty 2 has 30 seconds left.\n|inactive|yamede\u86c7\u5982 has 20 seconds left.\n|inactive|yamede\u86c7\u5982 has 15 seconds left.\n|inactive|yamede\u86c7\u5982 has 10 seconds left.\n|\n|t:|1776533771\n|switch|p2b: Ian|Incineroar, L50, M|100/100\n|-ability|p2b: Ian|Intimidate|boost\n|-unboost|p1a: Meganium|atk|1\n|-unboost|p1b: Incineroar|atk|1\n|detailschange|p1a: Meganium|Meganium-Mega, L50, F, shiny\n|-mega|p1a: Meganium|Meganium|Meganiumite\n|move|p2a: Kathleen|Protect|p2a: Kathleen\n|-singleturn|p2a: Kathleen|Protect\n|move|p1a: Meganium|Dazzling Gleam|p2a: Kathleen|[spread] p2b\n|-activate|p2a: Kathleen|move: Protect\n|-damage|p2b: Ian|78/100\n|move|p1b: Incineroar|Parting Shot|p2a: Kathleen\n|-activate|p2a: Kathleen|move: Protect\n|\n|upkeep\n|turn|2\n|inactive|yamede\u86c7\u5982 has 30 seconds left.\n|inactive|yamede\u86c7\u5982 has 20 seconds left.\n|inactive|yamede\u86c7\u5982 has 15 seconds left.\n|inactive|yamede\u86c7\u5982 has 10 seconds left.\n|inactive|yamede\u86c7\u5982 has 5 seconds left.\n|\n|t:|1776533821\n|move|p1a: Meganium|Protect|p1a: Meganium\n|-singleturn|p1a: Meganium|Protect\n|move|p2a: Kathleen|Flash Cannon|p1a: Meganium\n|-activate|p1a: Meganium|move: Protect\n|move|p1b: Incineroar|Parting Shot|p2a: Kathleen\n|-unboost|p2a: Kathleen|atk|1\n|-unboost|p2a: Kathleen|spa|1\n|\n|t:|1776533832\n|switch|p1b: Excadrill|Excadrill, L50, M|100/100|[from] Parting Shot\n|move|p2b: Ian|Parting Shot|p1b: Excadrill\n|-unboost|p1b: Excadrill|atk|1\n|-unboost|p1b: Excadrill|spa|1\n|\n|t:|1776533848\n|switch|p2b: Rosey|Politoed, L50, M|100/100|[from] Parting Shot\n|-weather|RainDance|[from] ability: Drizzle|[of] p2b: Rosey\n|\n|-weather|RainDance|[upkeep]\n|upkeep\n|turn|3\n|inactive|yamede\u86c7\u5982 has 30 seconds left.\n|inactive|testy accounty 2 has 30 seconds left.\n|inactive|yamede\u86c7\u5982 has 20 seconds left.\n|inactive|yamede\u86c7\u5982 has 15 seconds left.\n|\n|t:|1776533889\n|switch|p2b: Ian|Incineroar, L50, M|78/100\n|-ability|p2b: Ian|Intimidate|boost\n|-unboost|p1a: Meganium|atk|1\n|-unboost|p1b: Excadrill|atk|1\n|move|p1b: Excadrill|High Horsepower|p2a: Kathleen\n|-supereffective|p2a: Kathleen|1\n|-damage|p2a: Kathleen|58/100\n|-ability|p2a: Kathleen|Stamina|boost\n|-boost|p2a: Kathleen|def|1\n|move|p1a: Meganium|Dazzling Gleam|p2b: Ian|[spread] p2a,p2b\n|-damage|p2a: Kathleen|12/100\n|-damage|p2b: Ian|52/100\n|-ability|p2a: Kathleen|Stamina|boost\n|-boost|p2a: Kathleen|def|1\n|move|p2a: Kathleen|Flash Cannon|p1a: Meganium\n|-supereffective|p1a: Meganium|1\n|-damage|p1a: Meganium|49/100\n|\n|-weather|RainDance|[upkeep]\n|upkeep\n|turn|4\n|inactive|yamede\u86c7\u5982 has 30 seconds left.\n|inactive|testy accounty 2 has 30 seconds left.\n|inactive|testy accounty 2 has 20 seconds left.\n|inactive|yamede\u86c7\u5982 has 20 seconds left.\n|\n|t:|1776533932\n|move|p2a: Kathleen|Protect|p2a: Kathleen\n|-singleturn|p2a: Kathleen|Protect\n|move|p1b: Excadrill|Earthquake|p2a: Kathleen|[spread] p1a,p2b\n|-activate|p2a: Kathleen|move: Protect\n|-resisted|p1a: Meganium|1\n|-supereffective|p2b: Ian|1\n|-damage|p1a: Meganium|40/100\n|-damage|p2b: Ian|17/100\n|-enditem|p2b: Ian|Sitrus Berry|[eat]\n|-heal|p2b: Ian|42/100|[from] item: Sitrus Berry\n|move|p1a: Meganium|Dazzling Gleam|p2a: Kathleen|[spread] p2b\n|-activate|p2a: Kathleen|move: Protect\n|-damage|p2b: Ian|16/100\n|move|p2b: Ian|Parting Shot|p1b: Excadrill\n|-unboost|p1b: Excadrill|atk|1\n|-unboost|p1b: Excadrill|spa|1\n|\n|t:|1776533948\n|switch|p2b: Meganium|Meganium, L50, F|100/100|[from] Parting Shot\n|\n|-weather|RainDance|[upkeep]\n|upkeep\n|turn|5\n|inactive|yamede\u86c7\u5982 has 30 seconds left.\n|inactive|testy accounty 2 has 30 seconds left.\n|\n|t:|1776533981\n|switch|p1b: Sinistcha|Sinistcha, L50|100/100\n|-heal|p1a: Meganium|64/100|[from] ability: Hospitality|[of] p1b: Sinistcha\n|detailschange|p2b: Meganium|Meganium-Mega, L50, F\n|-mega|p2b: Meganium|Meganium|Meganiumite\n|move|p1a: Meganium|Dazzling Gleam|p2a: Kathleen|[spread] p2a,p2b\n|-damage|p2a: Kathleen|0 fnt\n|-damage|p2b: Meganium|68/100\n|faint|p2a: Kathleen\n|move|p2b: Meganium|Solar Beam||[still]\n|-prepare|p2b: Meganium|Solar Beam\n|-activate|p2b: Meganium|ability: Mega Sol\n|-anim|p2b: Meganium|Solar Beam|p1b: Sinistcha\n|-resisted|p1b: Sinistcha|1\n|-damage|p1b: Sinistcha|72/100\n|\n|-weather|RainDance|[upkeep]\n|upkeep\n|\n|t:|1776533990\n|switch|p2a: Ian|Incineroar, L50, M|16/100\n|-ability|p2a: Ian|Intimidate|boost\n|-unboost|p1a: Meganium|atk|1\n|-unboost|p1b: Sinistcha|atk|1\n|turn|6\n|\n|t:|1776534014\n|switch|p2a: Rosey|Politoed, L50, M|100/100\n|move|p1a: Meganium|Protect|p1a: Meganium\n|-singleturn|p1a: Meganium|Protect\n|move|p2b: Meganium|Weather Ball|p1b: Sinistcha\n|-supereffective|p1b: Sinistcha|1\n|-damage|p1b: Sinistcha|0 fnt\n|faint|p1b: Sinistcha\n|\n|-weather|none\n|upkeep\n|\n|t:|1776534033\n|switch|p1b: Incineroar|Incineroar, L50, F|100/100\n|-ability|p1b: Incineroar|Intimidate|boost\n|-unboost|p2a: Rosey|atk|1\n|-unboost|p2b: Meganium|atk|1\n|turn|7\n|inactive|yamede\u86c7\u5982 has 30 seconds left.\n|\n|t:|1776534062\n|move|p2b: Meganium|Protect|p2b: Meganium\n|-singleturn|p2b: Meganium|Protect\n|move|p2a: Rosey|Protect|p2a: Rosey\n|-singleturn|p2a: Rosey|Protect\n|move|p1a: Meganium|Solar Beam||[still]\n|-prepare|p1a: Meganium|Solar Beam\n|-activate|p1a: Meganium|ability: Mega Sol\n|-anim|p1a: Meganium|Solar Beam|p2a: Rosey\n|-activate|p2a: Rosey|move: Protect\n|move|p1b: Incineroar|Parting Shot|p2b: Meganium\n|-activate|p2b: Meganium|move: Protect\n|\n|upkeep\n|turn|8\n|\n|t:|1776534083\n|switch|p2a: Ian|Incineroar, L50, M|16/100\n|-ability|p2a: Ian|Intimidate|boost\n|-unboost|p1a: Meganium|atk|1\n|-unboost|p1b: Incineroar|atk|1\n|move|p1a: Meganium|Solar Beam||[still]\n|-prepare|p1a: Meganium|Solar Beam\n|-activate|p1a: Meganium|ability: Mega Sol\n|-anim|p1a: Meganium|Solar Beam|p2a: Ian\n|-resisted|p2a: Ian|1\n|-crit|p2a: Ian\n|-damage|p2a: Ian|0 fnt\n|faint|p2a: Ian\n|move|p2b: Meganium|Weather Ball|p1a: Meganium\n|-supereffective|p1a: Meganium|1\n|-damage|p1a: Meganium|0 fnt\n|faint|p1a: Meganium\n|move|p1b: Incineroar|Parting Shot|p2b: Meganium\n|-unboost|p2b: Meganium|atk|1\n|-unboost|p2b: Meganium|spa|1\n|\n|t:|1776534094\n|switch|p1b: Excadrill|Excadrill, L50, M|100/100|[from] Parting Shot\n|\n|upkeep\n|\n|t:|1776534098\n|switch|p1a: Incineroar|Incineroar, L50, F|100/100\n|switch|p2a: Rosey|Politoed, L50, M|100/100\n|-weather|RainDance|[from] ability: Drizzle|[of] p2a: Rosey\n|-ability|p1a: Incineroar|Intimidate|boost\n|-unboost|p2a: Rosey|atk|1\n|-unboost|p2b: Meganium|atk|1\n|turn|9\n|\n|t:|1776534112\n|move|p2b: Meganium|Protect|p2b: Meganium\n|-singleturn|p2b: Meganium|Protect\n|move|p2a: Rosey|Protect|p2a: Rosey\n|-singleturn|p2a: Rosey|Protect\n|move|p1a: Incineroar|Fake Out|p2a: Rosey\n|-activate|p2a: Rosey|move: Protect\n|move|p1b: Excadrill|Iron Head|p2b: Meganium\n|-activate|p2b: Meganium|move: Protect\n|\n|-weather|RainDance|[upkeep]\n|upkeep\n|turn|10\n|\n|t:|1776534138\n|move|p2b: Meganium|Protect||[still]\n|-fail|p2b: Meganium\n|move|p1a: Incineroar|Protect|p1a: Incineroar\n|-singleturn|p1a: Incineroar|Protect\n|move|p1b: Excadrill|High Horsepower|p2a: Rosey\n|-damage|p2a: Rosey|51/100\n|move|p2a: Rosey|Weather Ball|p1b: Excadrill\n|-supereffective|p1b: Excadrill|1\n|-enditem|p1b: Excadrill|Focus Sash\n|-damage|p1b: Excadrill|1/100\n|\n|-weather|RainDance|[upkeep]\n|-heal|p2a: Rosey|57/100|[from] item: Leftovers\n|upkeep\n|turn|11\n|inactive|yamede\u86c7\u5982 has 30 seconds left.\n|inactive|testy accounty 2 has 30 seconds left.\n|inactive|yamede\u86c7\u5982 has 20 seconds left.\n|inactive|yamede\u86c7\u5982 has 15 seconds left.\n|inactive|yamede\u86c7\u5982 has 10 seconds left.\n|inactive|yamede\u86c7\u5982 has 5 seconds left.\n|\n|t:|1776534190\n|move|p1b: Excadrill|Protect|p1b: Excadrill\n|-singleturn|p1b: Excadrill|Protect\n|move|p2b: Meganium|Dazzling Gleam|p1b: Excadrill|[spread] p1a\n|-activate|p1b: Excadrill|move: Protect\n|-damage|p1a: Incineroar|80/100\n|move|p2a: Rosey|Weather Ball|p1b: Excadrill\n|-activate|p1b: Excadrill|move: Protect\n|move|p1a: Incineroar|Flare Blitz|p2b: Meganium\n|-supereffective|p2b: Meganium|1\n|-damage|p2b: Meganium|13/100\n|-damage|p1a: Incineroar|64/100|[from] Recoil\n|\n|-weather|RainDance|[upkeep]\n|-heal|p2a: Rosey|63/100|[from] item: Leftovers\n|upkeep\n|turn|12\n|inactive|yamede\u86c7\u5982 has 30 seconds left.\n|inactive|yamede\u86c7\u5982 has 20 seconds left.\n|inactive|yamede\u86c7\u5982 has 15 seconds left.\n|inactive|yamede\u86c7\u5982 has 10 seconds left.\n|inactive|yamede\u86c7\u5982 has 5 seconds left.\n|\n|t:|1776534233\n|move|p1b: Excadrill|Earthquake|p2b: Meganium|[spread] p1a,p2a,p2b\n|-supereffective|p1a: Incineroar|1\n|-resisted|p2b: Meganium|1\n|-damage|p1a: Incineroar|6/100\n|-damage|p2a: Rosey|22/100\n|-damage|p2b: Meganium|0 fnt\n|faint|p2b: Meganium\n|move|p2a: Rosey|Weather Ball|p1b: Excadrill\n|-supereffective|p1b: Excadrill|1\n|-damage|p1b: Excadrill|0 fnt\n|faint|p1b: Excadrill\n|move|p1a: Incineroar|Flare Blitz|p2a: Rosey\n|-resisted|p2a: Rosey|1\n|-damage|p2a: Rosey|6/100\n|-damage|p1a: Incineroar|1/100|[from] Recoil\n|\n|-weather|RainDance|[upkeep]\n|-heal|p2a: Rosey|12/100|[from] item: Leftovers\n|upkeep\n|turn|13\n|inactive|yamede\u86c7\u5982 has 5 seconds left this turn.\n|-message|yamede\u86c7\u5982 lost due to inactivity.\n|\n|win|testy accounty 2\n|raw|yamede\u86c7\u5982's rating: 1550 &rarr; <strong>1529</strong><br />(-21 for losing)\n|raw|testy accounty 2's rating: 1540 &rarr; <strong>1561</strong><br />(+21 for winning)\n",
  "uploadtime": 1776534240,
  "views": 28,
  "formatid": "gen9championsvgc2026regma",
  "rating": 1529,
  "private": 0,
  "password": null
}