{
  "id": "gen9championsvgc2026regma-2585541563",
  "format": "[Gen 9 Champions] VGC 2026 Reg M-A",
  "players": [
    "thamadman",
    "truweaver"
  ],
  "log": "|j|\u2606thamadman\n|j|\u2606truweaver\n|t:|1776354368\n|gametype|doubles\n|player|p1|thamadman|265|1000\n|player|p2|truweaver|yellow|1000\n|gen|9\n|tier|[Gen 9 Champions] VGC 2026 Reg M-A\n|rated|\n|rule|Species Clause: Limit one of each Pok\u00e9mon\n|rule|Item Clause: Limit 1 of each item\n|clearpoke\n|poke|p1|Orthworm, L50, M|\n|poke|p1|Hydreigon, L50, M|\n|poke|p1|Golurk, L50|\n|poke|p1|Kingambit, L50, M|\n|poke|p1|Azumarill, L50, F|\n|poke|p1|Oranguru, L50, M|\n|poke|p2|Emboar, L50, F|\n|poke|p2|Conkeldurr, L50, F|\n|poke|p2|Hydreigon, L50, M|\n|poke|p2|Reuniclus, L50, F|\n|poke|p2|Cofagrigus, L50, F|\n|poke|p2|Incineroar, L50, F|\n|teampreview|4\nthamadman has agreed to open team sheets.\ntruweaver rejected open team sheets.\n|\n|t:|1776354468\n|teamsize|p1|4\n|teamsize|p2|4\n|start\n|switch|p1a: Oranguru|Oranguru, L50, M|100/100\n|switch|p1b: Golurk|Golurk, L50|100/100\n|switch|p2a: Hydreigon|Hydreigon, L50, M|100/100\n|switch|p2b: Incineroar|Incineroar, L50, F|100/100\n|-ability|p2b: Incineroar|Intimidate|boost\n|-unboost|p1a: Oranguru|atk|1\n|-unboost|p1b: Golurk|atk|1\n|turn|1\n|inactive|Battle timer is ON: inactive players will automatically lose when time's up. (requested by truweaver)\n|\n|t:|1776354496\n|detailschange|p1b: Golurk|Golurk-Mega, L50\n|-mega|p1b: Golurk|Golurk|Golurkite\n|move|p1b: Golurk|Protect|p1b: Golurk\n|-singleturn|p1b: Golurk|Protect\n|move|p2b: Incineroar|Fake Out|p1a: Oranguru\n|-damage|p1a: Oranguru|82/100\n|move|p2a: Hydreigon|Dark Pulse|p1b: Golurk\n|-activate|p1b: Golurk|move: Protect\n|cant|p1a: Oranguru|flinch\n|\n|upkeep\n|turn|2\n|inactive|truweaver has 30 seconds left.\n|\n|t:|1776354526\n|move|p2a: Hydreigon|Dark Pulse|p1b: Golurk\n|-supereffective|p1b: Golurk|1\n|-damage|p1b: Golurk|22/100\n|move|p2b: Incineroar|Throat Chop|p1b: Golurk\n|-supereffective|p1b: Golurk|1\n|-damage|p1b: Golurk|0 fnt\n|faint|p1b: Golurk\n|move|p1a: Oranguru|Trick Room|p1a: Oranguru\n|-fieldstart|move: Trick Room|[of] p1a: Oranguru\n|\n|upkeep\n|\n|t:|1776354536\n|switch|p1b: Azumarill|Azumarill, L50, F|100/100\n|turn|3\n|inactive|truweaver has 30 seconds left.\n|\n|t:|1776354566\n|move|p1b: Azumarill|Aqua Jet|p2b: Incineroar\n|-supereffective|p2b: Incineroar|1\n|-damage|p2b: Incineroar|67/100\n|move|p1a: Oranguru|Hyper Voice|p2a: Hydreigon|[spread] p2a,p2b\n|-damage|p2a: Hydreigon|76/100\n|-damage|p2b: Incineroar|48/100\n|move|p2b: Incineroar|Parting Shot|p1b: Azumarill\n|-unboost|p1b: Azumarill|atk|1\n|-unboost|p1b: Azumarill|spa|1\n|\n|t:|1776354576\n|switch|p2b: Reuniclus|Reuniclus, L50, F|100/100|[from] Parting Shot\n|move|p2a: Hydreigon|Dark Pulse|p1b: Azumarill\n|-resisted|p1b: Azumarill|1\n|-damage|p1b: Azumarill|78/100\n|\n|upkeep\n|turn|4\n|\n|t:|1776354593\n|move|p2b: Reuniclus|Energy Ball|p1b: Azumarill\n|-supereffective|p1b: Azumarill|1\n|-damage|p1b: Azumarill|1/100\n|-enditem|p1b: Azumarill|Sitrus Berry|[eat]\n|-heal|p1b: Azumarill|26/100|[from] item: Sitrus Berry\n|move|p1b: Azumarill|Ice Spinner|p2a: Hydreigon\n|-supereffective|p2a: Hydreigon|1\n|-damage|p2a: Hydreigon|35/100\n|move|p1a: Oranguru|Encore|p2a: Hydreigon\n|-start|p2a: Hydreigon|Encore\n|move|p2a: Hydreigon|Dark Pulse|p1a: Oranguru\n|-supereffective|p1a: Oranguru|1\n|-damage|p1a: Oranguru|2/100\n|\n|upkeep\n|turn|5\n|inactive|thamadman has 30 seconds left.\n|inactive|thamadman has 20 seconds left.\n|\n|t:|1776354629\n|move|p2b: Reuniclus|Energy Ball|p1b: Azumarill\n|-supereffective|p1b: Azumarill|1\n|-crit|p1b: Azumarill\n|-damage|p1b: Azumarill|0 fnt\n|faint|p1b: Azumarill\n|move|p1a: Oranguru|Hyper Voice|p2a: Hydreigon|[spread] p2a,p2b\n|-damage|p2a: Hydreigon|10/100\n|-damage|p2b: Reuniclus|84/100\n|move|p2a: Hydreigon|Dark Pulse|p1a: Oranguru\n|-supereffective|p1a: Oranguru|1\n|-damage|p1a: Oranguru|0 fnt\n|faint|p1a: Oranguru\n|\n|upkeep\n|\n|t:|1776354642\n|switch|p1a: Hydreigon|Hydreigon, L50, M|100/100\n|turn|6\n|\n|t:|1776354660\n|move|p2b: Reuniclus|Protect|p2b: Reuniclus\n|-singleturn|p2b: Reuniclus|Protect\n|move|p1a: Hydreigon|Tailwind|p1a: Hydreigon\n|-sidestart|p1: thamadman|move: Tailwind\n|move|p2a: Hydreigon|Dark Pulse|p1a: Hydreigon\n|-resisted|p1a: Hydreigon|1\n|-damage|p1a: Hydreigon|79/100\n|\n|-end|p2a: Hydreigon|Encore\n|-fieldend|move: Trick Room\n|upkeep\n|turn|7\n|inactive|thamadman has 30 seconds left.\n|\n|t:|1776354687\n|move|p1a: Hydreigon|Dragon Pulse|p2a: Hydreigon\n|-supereffective|p2a: Hydreigon|1\n|-damage|p2a: Hydreigon|0 fnt\n|faint|p2a: Hydreigon\n|move|p2b: Reuniclus|Trick Room|p2b: Reuniclus\n|-fieldstart|move: Trick Room|[of] p2b: Reuniclus\n|\n|upkeep\n|\n|t:|1776354694\n|switch|p2a: Incineroar|Incineroar, L50, F|48/100\n|-ability|p2a: Incineroar|Intimidate|boost\n|-unboost|p1a: Hydreigon|atk|1\n|turn|8\n|\n|t:|1776354703\n|switch|p2b: Emboar|Emboar, L50, F|100/100\n|move|p2a: Incineroar|Fake Out|p1a: Hydreigon\n|-damage|p1a: Hydreigon|60/100\n|cant|p1a: Hydreigon|flinch\n|\n|upkeep\n|turn|9\n|\n|t:|1776354718\n|detailschange|p2b: Emboar|Emboar-Mega, L50, F\n|-mega|p2b: Emboar|Emboar|Emboarite\n|-ability|p2b: Emboar|Mold Breaker\n|move|p2a: Incineroar|Flare Blitz|p1a: Hydreigon\n|-resisted|p1a: Hydreigon|1\n|-damage|p1a: Hydreigon|17/100\n|-damage|p2a: Incineroar|36/100|[from] Recoil\n|move|p2b: Emboar|Close Combat|p1a: Hydreigon\n|-supereffective|p1a: Hydreigon|1\n|-damage|p1a: Hydreigon|0 fnt\n|-unboost|p2b: Emboar|def|1\n|-unboost|p2b: Emboar|spd|1\n|faint|p1a: Hydreigon\n|\n|win|truweaver\n|raw|thamadman's rating: 1000 &rarr; <strong>1000</strong><br />(+0 for losing)\n|raw|truweaver's rating: 1000 &rarr; <strong>1040</strong><br />(+40 for winning)\n|l|\u2606thamadman\n|player|p1|\n",
  "uploadtime": 1776354748,
  "views": 19,
  "formatid": "gen9championsvgc2026regma",
  "rating": 1000,
  "private": 0,
  "password": null
}