{
  "id": "gen9championsvgc2026regma-2585503111",
  "format": "[Gen 9 Champions] VGC 2026 Reg M-A",
  "players": [
    "luiz red",
    "Goopin"
  ],
  "log": "|j|\u2606luiz red\n|j|\u203dGoopin\n|t:|1776351906\n|gametype|doubles\n|player|p1|luiz red|veteran|1069\n|player|p2|Goopin|steven|1090\n|gen|9\n|tier|[Gen 9 Champions] VGC 2026 Reg M-A\n|rated|\n|rule|Species Clause: Limit one of each Pok\u00e9mon\n|rule|Item Clause: Limit 1 of each item\n|clearpoke\n|poke|p1|Infernape, L50, F|\n|poke|p1|Araquanid, L50, M|\n|poke|p1|Empoleon, L50, M|\n|poke|p1|Hippowdon, L50, F|\n|poke|p1|Garchomp, L50, M|\n|poke|p1|Corviknight, L50, F|\n|poke|p2|Tyranitar, L50, M|\n|poke|p2|Excadrill, L50, M|\n|poke|p2|Garchomp, L50, F|\n|poke|p2|Rotom-Wash, L50|\n|poke|p2|Incineroar, L50, F|\n|poke|p2|Corviknight, L50, F|\n|teampreview|4\n|\n|t:|1776351941\n|teamsize|p1|4\n|teamsize|p2|4\n|start\n|switch|p1a: Corviknight|Corviknight, L50, F, shiny|100/100\n|switch|p1b: Empoleon|Empoleon, L50, M|100/100\n|switch|p2a: Tyranitar|Tyranitar, L50, M|100/100\n|switch|p2b: Excadrill|Excadrill, L50, M|100/100\n|-weather|Sandstorm|[from] ability: Sand Stream|[of] p2a: Tyranitar\n|turn|1\n|\n|t:|1776351953\n|move|p1b: Empoleon|Protect|p1b: Empoleon\n|-singleturn|p1b: Empoleon|Protect\n|move|p2b: Excadrill|High Horsepower|p1b: Empoleon\n|-activate|p1b: Empoleon|move: Protect\n|move|p2a: Tyranitar|Low Kick|p1b: Empoleon\n|-activate|p1b: Empoleon|move: Protect\n|move|p1a: Corviknight|Iron Defense|p1a: Corviknight\n|-boost|p1a: Corviknight|def|2\n|\n|-weather|Sandstorm|[upkeep]\n|upkeep\n|turn|2\n|\n|t:|1776351978\n|move|p2a: Tyranitar|Protect|p2a: Tyranitar\n|-singleturn|p2a: Tyranitar|Protect\n|move|p1b: Empoleon|Protect||[still]\n|-fail|p1b: Empoleon\n|move|p2b: Excadrill|High Horsepower|p1b: Empoleon\n|-supereffective|p1b: Empoleon|1\n|-damage|p1b: Empoleon|0 fnt\n|faint|p1b: Empoleon\n|move|p1a: Corviknight|Body Press|p2b: Excadrill\n|-supereffective|p2b: Excadrill|1\n|-enditem|p2b: Excadrill|Focus Sash\n|-damage|p2b: Excadrill|1/100\n|\n|-weather|Sandstorm|[upkeep]\n|upkeep\n|\n|t:|1776351994\n|switch|p1b: Garchomp|Garchomp, L50, M|100/100\n|turn|3\n|\n|t:|1776352009\n|switch|p2a: Garchomp|Garchomp, L50, F|100/100\n|detailschange|p1b: Garchomp|Garchomp-Mega, L50, M\n|-mega|p1b: Garchomp|Garchomp|Garchompite\n|move|p2b: Excadrill|Iron Head|p1b: Garchomp\n|-damage|p1b: Garchomp|56/100\n|move|p1b: Garchomp|Earthquake|p2a: Garchomp|[spread] p2a,p2b\n|-immune|p1a: Corviknight\n|-supereffective|p2b: Excadrill|1\n|-damage|p2a: Garchomp|43/100\n|-damage|p2b: Excadrill|0 fnt\n|faint|p2b: Excadrill\n|move|p1a: Corviknight|Body Press|p2a: Garchomp|[miss]\n|-miss|p1a: Corviknight|p2a: Garchomp\n|\n|-weather|Sandstorm|[upkeep]\n|upkeep\n|\n|t:|1776352024\n|switch|p2b: Incineroar|Incineroar, L50, F|100/100\n|-ability|p2b: Incineroar|Intimidate|boost\n|-ability|p1a: Corviknight|Mirror Armor\n|-unboost|p2b: Incineroar|atk|1\n|-unboost|p1b: Garchomp|atk|1\n|turn|4\n|\n|t:|1776352042\n|move|p1b: Garchomp|Protect|p1b: Garchomp\n|-singleturn|p1b: Garchomp|Protect\n|move|p2a: Garchomp|Dragon Claw|p1b: Garchomp\n|-activate|p1b: Garchomp|move: Protect\n|move|p1a: Corviknight|Body Press|p2b: Incineroar\n|-supereffective|p2b: Incineroar|1\n|-damage|p2b: Incineroar|30/100\n|move|p2b: Incineroar|Flare Blitz|p1a: Corviknight\n|-supereffective|p1a: Corviknight|1\n|-damage|p1a: Corviknight|60/100\n|-damage|p2b: Incineroar|17/100|[from] Recoil\n|\n|-weather|Sandstorm|[upkeep]\n|-damage|p2b: Incineroar|11/100|[from] Sandstorm\n|-heal|p1a: Corviknight|66/100|[from] item: Leftovers\n|upkeep\n|turn|5\n|\n|t:|1776352068\n|move|p2a: Garchomp|Dragon Claw|p1b: Garchomp\n|-supereffective|p1b: Garchomp|1\n|-damage|p1b: Garchomp|0 fnt\n|faint|p1b: Garchomp\n|move|p1a: Corviknight|Iron Defense|p1a: Corviknight\n|-boost|p1a: Corviknight|def|2\n|move|p2b: Incineroar|Flare Blitz|p1a: Corviknight\n|-supereffective|p1a: Corviknight|1\n|-damage|p1a: Corviknight|38/100\n|-damage|p2b: Incineroar|2/100|[from] Recoil\n|\n|-weather|none\n|-heal|p1a: Corviknight|44/100|[from] item: Leftovers\n|upkeep\n|\n|t:|1776352081\n|switch|p1b: Infernape|Infernape, L50, F|100/100\n|turn|6\n|\n|t:|1776352098\n|switch|p2a: Tyranitar|Tyranitar, L50, M|100/100\n|-weather|Sandstorm|[from] ability: Sand Stream|[of] p2a: Tyranitar\n|move|p1a: Corviknight|Protect|p1a: Corviknight\n|-singleturn|p1a: Corviknight|Protect\n|move|p1b: Infernape|Aura Sphere|p2a: Tyranitar\n|-supereffective|p2a: Tyranitar|2\n|-damage|p2a: Tyranitar|0 fnt\n|faint|p2a: Tyranitar\n|move|p2b: Incineroar|Parting Shot|p1b: Infernape\n|-unboost|p1b: Infernape|atk|1\n|-unboost|p1b: Infernape|spa|1\n|\n|t:|1776352110\n|switch|p2b: Garchomp|Garchomp, L50, F|43/100|[from] Parting Shot\n|\n|-weather|Sandstorm|[upkeep]\n|-damage|p1b: Infernape|94/100|[from] Sandstorm\n|-heal|p1a: Corviknight|50/100|[from] item: Leftovers\n|upkeep\n|\n|t:|1776352116\n|switch|p2a: Incineroar|Incineroar, L50, F|2/100\n|-ability|p2a: Incineroar|Intimidate|boost\n|-ability|p1a: Corviknight|Mirror Armor\n|-unboost|p2a: Incineroar|atk|1\n|-unboost|p1b: Infernape|atk|1\n|turn|7\n|\n|t:|1776352131\n|move|p2a: Incineroar|Fake Out|p1b: Infernape\n|-damage|p1b: Infernape|81/100\n|move|p2b: Garchomp|Rock Slide|p1a: Corviknight|[spread] p1a,p1b\n|-damage|p1a: Corviknight|45/100\n|-damage|p1b: Infernape|52/100\n|cant|p1b: Infernape|flinch\n|move|p1a: Corviknight|Body Press|p2b: Garchomp\n|-damage|p2b: Garchomp|0 fnt\n|faint|p2b: Garchomp\n|\n|-weather|Sandstorm|[upkeep]\n|-damage|p1b: Infernape|46/100|[from] Sandstorm\n|-damage|p2a: Incineroar|0 fnt|[from] Sandstorm\n|faint|p2a: Incineroar\n|\n|win|luiz red\n|raw|luiz red's rating: 1069 &rarr; <strong>1100</strong><br />(+31 for winning)\n|raw|Goopin's rating: 1090 &rarr; <strong>1065</strong><br />(-25 for losing)\n",
  "uploadtime": 1776352145,
  "views": 19,
  "formatid": "gen9championsvgc2026regma",
  "rating": 1065,
  "private": 0,
  "password": null
}