{
  "id": "gen9championsvgc2026regma-2584594670",
  "format": "[Gen 9 Champions] VGC 2026 Reg M-A",
  "players": [
    "GOLDENSEXBOY",
    "the law1234"
  ],
  "log": "|j|\u2606GOLDENSEXBOY\n|j|\u2606the law1234\n|t:|1776270976\n|gametype|doubles\n|player|p1|GOLDENSEXBOY|169|1058\n|player|p2|the law1234|101|1127\n|gen|9\n|tier|[Gen 9 Champions] VGC 2026 Reg M-A\n|rated|\n|rule|Species Clause: Limit one of each Pok\u00e9mon\n|rule|Item Clause: Limit 1 of each item\n|clearpoke\n|poke|p1|Gallade, L50, M|\n|poke|p1|Whimsicott, L50, F|\n|poke|p1|Tauros-Paldea-Blaze, L50, M|\n|poke|p1|Drampa, L50, F|\n|poke|p1|Rotom-Wash, L50|\n|poke|p1|Tinkaton, L50, F|\n|poke|p2|Archaludon, L50, M|\n|poke|p2|Pelipper, L50, M|\n|poke|p2|Primarina, L50, F|\n|poke|p2|Basculegion-F, L50, F|\n|poke|p2|Garchomp, L50, M|\n|poke|p2|Feraligatr, L50, M|\n|teampreview|4\n|inactive|Battle timer is ON: inactive players will automatically lose when time's up. (requested by the law1234)\nthe law1234 rejected open team sheets.\n|\n|t:|1776271007\n|teamsize|p1|4\n|teamsize|p2|4\n|start\n|switch|p1a: Tinkaton|Tinkaton, L50, F|100/100\n|switch|p1b: Drampa|Drampa, L50, F|100/100\n|switch|p2a: Garchomp|Garchomp, L50, M, shiny|100/100\n|switch|p2b: Feraligatr|Feraligatr, L50, M|100/100\n|-ability|p1b: Drampa|Cloud Nine\n|turn|1\n|\n|t:|1776271027\n|move|p2b: Feraligatr|Protect|p2b: Feraligatr\n|-singleturn|p2b: Feraligatr|Protect\n|move|p1a: Tinkaton|Fake Out|p2a: Garchomp\n|-damage|p2a: Garchomp|89/100\n|-damage|p1a: Tinkaton|88/100|[from] ability: Rough Skin|[of] p2a: Garchomp\n|cant|p2a: Garchomp|flinch\n|move|p1b: Drampa|Thunderbolt|p2b: Feraligatr\n|-activate|p2b: Feraligatr|move: Protect\n|\n|upkeep\n|turn|2\n|inactive|GOLDENSEXBOY has 30 seconds left.\n|inactive|GOLDENSEXBOY has 20 seconds left.\n|\n|t:|1776271063\n|move|p2a: Garchomp|Rock Slide|p1a: Tinkaton|[spread] p1a,p1b\n|-resisted|p1a: Tinkaton|1\n|-damage|p1a: Tinkaton|76/100\n|-damage|p1b: Drampa|79/100\n|cant|p1a: Tinkaton|flinch\n|move|p2b: Feraligatr|Dragon Claw|p1b: Drampa\n|-supereffective|p1b: Drampa|1\n|-crit|p1b: Drampa\n|-damage|p1b: Drampa|0 fnt\n|faint|p1b: Drampa\n|\n|upkeep\n|\n|t:|1776271076\n|switch|p1b: Gallade|Gallade, L50, M|100/100\n|turn|3\n|inactive|GOLDENSEXBOY has 30 seconds left.\n|\n|t:|1776271101\n|detailschange|p1b: Gallade|Gallade-Mega, L50, M\n|-mega|p1b: Gallade|Gallade|Galladite\n|move|p2b: Feraligatr|Protect|p2b: Feraligatr\n|-singleturn|p2b: Feraligatr|Protect\n|move|p1b: Gallade|Ice Punch|p2a: Garchomp\n|-supereffective|p2a: Garchomp|2\n|-damage|p2a: Garchomp|0 fnt\n|-damage|p1b: Gallade|88/100|[from] ability: Rough Skin|[of] p2a: Garchomp\n|faint|p2a: Garchomp\n|move|p1a: Tinkaton|Gigaton Hammer|p2b: Feraligatr\n|-activate|p2b: Feraligatr|move: Protect\n|\n|upkeep\n|\n|t:|1776271113\n|switch|p2a: Pelipper|Pelipper, L50, M|100/100\n|-weather|RainDance|[from] ability: Drizzle|[of] p2a: Pelipper\n|turn|4\n|\n|t:|1776271132\n|move|p1b: Gallade|Sacred Sword|p2b: Feraligatr\n|-damage|p2b: Feraligatr|38/100\n|move|p1a: Tinkaton|Knock Off|p2b: Feraligatr\n|-damage|p2b: Feraligatr|21/100\n|move|p2b: Feraligatr|Flip Turn|p1b: Gallade\n|-damage|p1b: Gallade|36/100\n|\n|t:|1776271141\n|switch|p2b: Archaludon|Archaludon, L50, M|100/100|[from] Flip Turn\n|move|p2a: Pelipper|Hurricane|p1b: Gallade\n|-supereffective|p1b: Gallade|1\n|-damage|p1b: Gallade|0 fnt\n|faint|p1b: Gallade\n|\n|-weather|RainDance|[upkeep]\n|upkeep\n|\n|t:|1776271149\n|switch|p1b: Whimsicott|Whimsicott, L50, F|100/100\n|turn|5\n|\n|t:|1776271164\n|move|p1a: Tinkaton|Play Rough|p2b: Archaludon\n|-damage|p2b: Archaludon|66/100\n|move|p1b: Whimsicott|Moonblast|p2b: Archaludon\n|-damage|p2b: Archaludon|35/100\n|-unboost|p2b: Archaludon|spa|1\n|move|p2b: Archaludon|Electro Shot||[still]\n|-prepare|p2b: Archaludon|Electro Shot\n|-boost|p2b: Archaludon|spa|1\n|-anim|p2b: Archaludon|Electro Shot|p1a: Tinkaton\n|-damage|p1a: Tinkaton|23/100\n|move|p2a: Pelipper|Hurricane|p1b: Whimsicott\n|-supereffective|p1b: Whimsicott|1\n|-damage|p1b: Whimsicott|0 fnt\n|faint|p1b: Whimsicott\n|\n|-weather|RainDance|[upkeep]\n|-heal|p2b: Archaludon|41/100|[from] item: Leftovers\n|upkeep\n|turn|6\n|inactive|the law1234 has 30 seconds left.\n|\n|t:|1776271197\n|move|p1a: Tinkaton|Play Rough|p2b: Archaludon\n|-damage|p2b: Archaludon|10/100\n|move|p2b: Archaludon|Electro Shot||[still]\n|-prepare|p2b: Archaludon|Electro Shot\n|-boost|p2b: Archaludon|spa|1\n|-anim|p2b: Archaludon|Electro Shot|p1a: Tinkaton\n|-damage|p1a: Tinkaton|0 fnt\n|faint|p1a: Tinkaton\n|\n|win|the law1234\n|raw|GOLDENSEXBOY's rating: 1058 &rarr; <strong>1043</strong><br />(-15 for losing)\n|raw|the law1234's rating: 1127 &rarr; <strong>1147</strong><br />(+20 for winning)\n|c|\u2606GOLDENSEXBOY|gg\n|l|\u2606GOLDENSEXBOY\n|player|p1|\n|c|\u2606the law1234|gg\n",
  "uploadtime": 1776271521,
  "views": 20,
  "formatid": "gen9championsvgc2026regma",
  "rating": 1043,
  "private": 0,
  "password": null
}