{
  "id": "gen9championsvgc2026regma-2585466352",
  "format": "[Gen 9 Champions] VGC 2026 Reg M-A",
  "players": [
    "Smartbart",
    "campeondelfitness"
  ],
  "log": "|j|\u2606Smartbart\n|j|\u2606campeondelfitness\n|t:|1776349177\n|gametype|doubles\n|player|p1|Smartbart|2|1236\n|player|p2|campeondelfitness|swimmer|1166\n|gen|9\n|tier|[Gen 9 Champions] VGC 2026 Reg M-A\n|rated|\n|rule|Species Clause: Limit one of each Pok\u00e9mon\n|rule|Item Clause: Limit 1 of each item\n|clearpoke\n|poke|p1|Aggron, L50, F|\n|poke|p1|Lycanroc-Dusk, L50, F|\n|poke|p1|Incineroar, L50, F|\n|poke|p1|Sableye, L50, F|\n|poke|p1|Sinistcha, L50|\n|poke|p1|Rotom-Wash, L50|\n|poke|p2|Tyranitar, L50, F|\n|poke|p2|Garchomp, L50, F|\n|poke|p2|Heliolisk, L50, F|\n|poke|p2|Rotom-Heat, L50|\n|poke|p2|Orthworm, L50, M|\n|poke|p2|Aerodactyl, L50, F|\n|teampreview|4\n|inactive|Battle timer is ON: inactive players will automatically lose when time's up. (requested by campeondelfitness)\ncampeondelfitness rejected open team sheets.\n|inactive|campeondelfitness has 60 seconds left.\n|\n|t:|1776349233\n|teamsize|p1|4\n|teamsize|p2|4\n|start\n|switch|p1a: Aggron|Aggron, L50, F|100/100\n|switch|p1b: Incineroar|Incineroar, L50, F|100/100\n|switch|p2a: Orthworm|Orthworm, L50, M|100/100\n|switch|p2b: Heliolisk|Heliolisk, L50, F|100/100\n|-ability|p1b: Incineroar|Intimidate|boost\n|-unboost|p2a: Orthworm|atk|1\n|-unboost|p2b: Heliolisk|atk|1\n|turn|1\n|\n|t:|1776349253\n|detailschange|p1a: Aggron|Aggron-Mega, L50, F\n|-mega|p1a: Aggron|Aggron|Aggronite\n|move|p1b: Incineroar|Fake Out|p2b: Heliolisk\n|-damage|p2b: Heliolisk|79/100\n|cant|p2b: Heliolisk|flinch\n|move|p2a: Orthworm|Shed Tail|p2a: Orthworm\n|-start|p2a: Orthworm|Substitute|[from] move: Shed Tail\n|-damage|p2a: Orthworm|50/100\n|\n|t:|1776349262\n|switch|p2a: Garchomp|Garchomp, L50, F|100/100|[from] Shed Tail\n|move|p1a: Aggron|Body Press|p2b: Heliolisk\n|-supereffective|p2b: Heliolisk|1\n|-damage|p2b: Heliolisk|0 fnt\n|faint|p2b: Heliolisk\n|\n|upkeep\n|\n|t:|1776349273\n|switch|p2b: Tyranitar|Tyranitar, L50, F|100/100\n|-weather|Sandstorm|[from] ability: Sand Stream|[of] p2b: Tyranitar\n|turn|2\n|inactive|Smartbart has 30 seconds left.\n|inactive|Smartbart has 20 seconds left.\n|inactive|Smartbart has 15 seconds left.\n|inactive|Smartbart has 10 seconds left.\n|inactive|Smartbart has 5 seconds left.\n|\n|t:|1776349326\n|switch|p2b: Orthworm|Orthworm, L50, M|50/100\n|detailschange|p2a: Garchomp|Garchomp-Mega, L50, F\n|-mega|p2a: Garchomp|Garchomp|Garchompite\n|move|p1a: Aggron|Protect|p1a: Aggron\n|-singleturn|p1a: Aggron|Protect\n|move|p2a: Garchomp|Earthquake|p1b: Incineroar|[spread] p1b\n|-activate|p1a: Aggron|move: Protect\n|-heal|p2b: Orthworm|75/100|[from] ability: Earth Eater|[of] p2a: Garchomp\n|-supereffective|p1b: Incineroar|1\n|-damage|p1b: Incineroar|0 fnt\n|faint|p1b: Incineroar\n|\n|-weather|Sandstorm|[upkeep]\n|-heal|p2b: Orthworm|81/100|[from] item: Leftovers\n|upkeep\n|inactive|Smartbart has 30 seconds left.\n|\n|t:|1776349351\n|switch|p1b: Sableye|Sableye, L50, F|100/100\n|turn|3\n|\n|t:|1776349366\n|move|p1b: Sableye|Fake Out|p2b: Orthworm\n|-resisted|p2b: Orthworm|1\n|-damage|p2b: Orthworm|79/100\n|move|p2a: Garchomp|Earthquake|p1b: Sableye|[spread] p1a,p1b\n|-heal|p2b: Orthworm|100/100|[from] ability: Earth Eater|[of] p2a: Garchomp\n|-supereffective|p1a: Aggron|1\n|-damage|p1a: Aggron|55/100\n|-damage|p1b: Sableye|16/100\n|cant|p2b: Orthworm|flinch\n|move|p1a: Aggron|Body Press|p2a: Garchomp\n|-end|p2a: Garchomp|Substitute\n|\n|-weather|Sandstorm|[upkeep]\n|-damage|p1b: Sableye|11/100|[from] Sandstorm\n|-heal|p1b: Sableye|16/100|[from] item: Leftovers\n|upkeep\n|turn|4\n|\n|t:|1776349386\n|move|p1b: Sableye|Will-O-Wisp|p2a: Garchomp\n|-status|p2a: Garchomp|brn\n|move|p2a: Garchomp|Earthquake|p1a: Aggron|[spread] p1a,p1b\n|-immune|p2b: Orthworm|[from] ability: Earth Eater\n|-supereffective|p1a: Aggron|1\n|-damage|p1a: Aggron|30/100\n|-damage|p1b: Sableye|0 fnt\n|faint|p1b: Sableye\n|move|p2b: Orthworm|Shed Tail|p2b: Orthworm\n|-start|p2b: Orthworm|Substitute|[from] move: Shed Tail\n|-damage|p2b: Orthworm|50/100\n|\n|t:|1776349397\n|switch|p2b: Tyranitar|Tyranitar, L50, F|100/100|[from] Shed Tail\n|move|p1a: Aggron|Iron Defense|p1a: Aggron\n|-boost|p1a: Aggron|def|2\n|\n|-weather|Sandstorm|[upkeep]\n|-damage|p2a: Garchomp|95/100 brn|[from] brn\n|upkeep\n|\n|t:|1776349401\n|switch|p1b: Sinistcha|Sinistcha, L50|100/100\n|-heal|p1a: Aggron|55/100|[from] ability: Hospitality|[of] p1b: Sinistcha\n|turn|5\n|\n|t:|1776349417\n|move|p2a: Garchomp|Swords Dance|p2a: Garchomp\n|-boost|p2a: Garchomp|atk|2\n|move|p1b: Sinistcha|Life Dew||[still]|[spread] p1a,p1b\n|-heal|p1a: Aggron|80/100\n|-fail|p1b: Sinistcha|heal\n|move|p2b: Tyranitar|Knock Off|p1b: Sinistcha\n|-supereffective|p1b: Sinistcha|1\n|-damage|p1b: Sinistcha|32/100\n|-enditem|p1b: Sinistcha|Bright Powder|[from] move: Knock Off|[of] p2b: Tyranitar\n|move|p1a: Aggron|Body Press|p2a: Garchomp\n|-damage|p2a: Garchomp|26/100 brn\n|\n|-weather|Sandstorm|[upkeep]\n|-damage|p1b: Sinistcha|26/100|[from] Sandstorm\n|-damage|p2a: Garchomp|20/100 brn|[from] brn\n|upkeep\n|turn|6\n|inactive|Smartbart has 30 seconds left.\n|inactive|campeondelfitness has 30 seconds left.\n|\n|t:|1776349450\n|move|p2b: Tyranitar|Helping Hand|p2a: Garchomp\n|-singleturn|p2a: Garchomp|Helping Hand|[of] p2b: Tyranitar\n|move|p2a: Garchomp|Earthquake|p1a: Aggron|[spread] p2b,p1a,p1b\n|-supereffective|p2b: Tyranitar|1\n|-end|p2b: Tyranitar|Substitute\n|-supereffective|p1a: Aggron|1\n|-resisted|p1b: Sinistcha|1\n|-damage|p1a: Aggron|48/100\n|-damage|p1b: Sinistcha|0 fnt\n|faint|p1b: Sinistcha\n|move|p1a: Aggron|Body Press|p2a: Garchomp\n|-damage|p2a: Garchomp|0 fnt\n|faint|p2a: Garchomp\n|\n|-weather|none\n|upkeep\n|\n|t:|1776349463\n|switch|p2a: Orthworm|Orthworm, L50, M|50/100\n|turn|7\n|\n|t:|1776349487\n|move|p2b: Tyranitar|Helping Hand|p2a: Orthworm\n|-singleturn|p2a: Orthworm|Helping Hand|[of] p2b: Tyranitar\n|move|p2a: Orthworm|Body Press|p1a: Aggron\n|-supereffective|p1a: Aggron|1\n|-damage|p1a: Aggron|28/100\n|move|p1a: Aggron|Body Press|p2b: Tyranitar\n|-supereffective|p2b: Tyranitar|2\n|-enditem|p2b: Tyranitar|Focus Sash\n|-damage|p2b: Tyranitar|1/100\n|\n|-heal|p2a: Orthworm|56/100|[from] item: Leftovers\n|upkeep\n|turn|8\n|\n|t:|1776349502\n|move|p2b: Tyranitar|Helping Hand|p2a: Orthworm\n|-singleturn|p2a: Orthworm|Helping Hand|[of] p2b: Tyranitar\n|move|p2a: Orthworm|Body Press|p1a: Aggron\n|-supereffective|p1a: Aggron|1\n|-damage|p1a: Aggron|9/100\n|move|p1a: Aggron|Body Press|p2a: Orthworm\n|-supereffective|p2a: Orthworm|1\n|-damage|p2a: Orthworm|0 fnt\n|faint|p2a: Orthworm\n|\n|upkeep\n|turn|9\n|\n|t:|1776349514\n|move|p2b: Tyranitar|Knock Off|p1a: Aggron\n|-damage|p1a: Aggron|0 fnt\n|faint|p1a: Aggron\n|\n|win|campeondelfitness\n|raw|Smartbart's rating: 1236 &rarr; <strong>1206</strong><br />(-30 for losing)\n|raw|campeondelfitness's rating: 1166 &rarr; <strong>1196</strong><br />(+30 for winning)\n|l|\u2606Smartbart\n|player|p1|\n|c|\u2606campeondelfitness|gg\n",
  "uploadtime": 1776349522,
  "views": 50,
  "formatid": "gen9championsvgc2026regma",
  "rating": 1196,
  "private": 0,
  "password": null
}