{
  "id": "gen9championsvgc2026regma-2588183958",
  "format": "[Gen 9 Champions] VGC 2026 Reg M-A",
  "players": [
    "gluppo",
    "jaime111096"
  ],
  "log": "|j|\u2606gluppo\n|j|\u2606jaime111096\n|t:|1776612353\n|gametype|doubles\n|player|p1|gluppo|backersf|1202\n|player|p2|jaime111096|265|1145\n|gen|9\n|tier|[Gen 9 Champions] VGC 2026 Reg M-A\n|rated|\n|rule|Species Clause: Limit one of each Pok\u00e9mon\n|rule|Item Clause: Limit 1 of each item\n|clearpoke\n|poke|p1|Glimmora, L50, F, shiny|\n|poke|p1|Mamoswine, L50, F|\n|poke|p1|Delphox, L50, M|\n|poke|p1|Basculegion, L50, M, shiny|\n|poke|p1|Orthworm, L50, F|\n|poke|p1|Sableye, L50, F, shiny|\n|poke|p2|Aegislash, L50, M|\n|poke|p2|Talonflame, L50, F|\n|poke|p2|Rotom-Wash, L50|\n|poke|p2|Tyranitar, L50, M|\n|poke|p2|Garchomp, L50, M|\n|poke|p2|Sylveon, L50, M|\n|teampreview|4\n|\n|t:|1776612390\n|teamsize|p1|4\n|teamsize|p2|4\n|start\n|switch|p1a: Orthworm|Orthworm, L50, F|100/100\n|switch|p1b: Glimmora|Glimmora, L50, F, shiny|100/100\n|switch|p2a: Talonflame|Talonflame, L50, F|100/100\n|switch|p2b: Rotom|Rotom-Wash, L50|100/100\n|turn|1\n|inactive|Battle timer is ON: inactive players will automatically lose when time's up. (requested by jaime111096)\n|\n|t:|1776612404\n|detailschange|p1b: Glimmora|Glimmora-Mega, L50, F, shiny\n|-mega|p1b: Glimmora|Glimmora|Glimmoranite\n|move|p2a: Talonflame|Will-O-Wisp|p1a: Orthworm\n|-status|p1a: Orthworm|brn\n|move|p1b: Glimmora|Sludge Wave|p2a: Talonflame|[spread] p2a,p2b\n|-immune|p1a: Orthworm\n|-damage|p2a: Talonflame|9/100\n|-damage|p2b: Rotom|44/100\n|-enditem|p2b: Rotom|Sitrus Berry|[eat]\n|-heal|p2b: Rotom|69/100|[from] item: Sitrus Berry\n|move|p2b: Rotom|Hydro Pump|p1b: Glimmora\n|-supereffective|p1b: Glimmora|1\n|-crit|p1b: Glimmora\n|-damage|p1b: Glimmora|0 fnt\n|faint|p1b: Glimmora\n|move|p1a: Orthworm|Shed Tail|p1a: Orthworm\n|-start|p1a: Orthworm|Substitute|[from] move: Shed Tail\n|-damage|p1a: Orthworm|50/100 brn\n|\n|t:|1776612423\n|switch|p1a: Basculegion|Basculegion, L50, M, shiny|100/100|[from] Shed Tail\n|\n|upkeep\n|\n|t:|1776612427\n|switch|p1b: Mamoswine|Mamoswine, L50, F|100/100\n|turn|2\n|\n|t:|1776612450\n|move|p1b: Mamoswine|Ice Shard|p2a: Talonflame\n|-damage|p2a: Talonflame|0 fnt\n|faint|p2a: Talonflame\n|move|p1a: Basculegion|Last Respects|p2b: Rotom\n|-damage|p2b: Rotom|9/100\n|move|p2b: Rotom|Thunderbolt|p1a: Basculegion\n|-supereffective|p1a: Basculegion|1\n|-end|p1a: Basculegion|Substitute\n|\n|upkeep\n|\n|t:|1776612461\n|switch|p2a: Tyranitar|Tyranitar, L50, M|100/100\n|-weather|Sandstorm|[from] ability: Sand Stream|[of] p2a: Tyranitar\n|turn|3\n|inactive|jaime111096 has 30 seconds left.\n|\n|t:|1776612488\n|switch|p1a: Orthworm|Orthworm, L50, F|50/100 brn\n|detailschange|p2a: Tyranitar|Tyranitar-Mega, L50, M\n|-mega|p2a: Tyranitar|Tyranitar|Tyranitarite\n|move|p1b: Mamoswine|Earthquake|p2a: Tyranitar|[spread] p2a\n|-heal|p1a: Orthworm|75/100 brn|[from] ability: Earth Eater|[of] p1b: Mamoswine\n|-immune|p2b: Rotom|[from] ability: Levitate\n|-supereffective|p2a: Tyranitar|1\n|-damage|p2a: Tyranitar|50/100\n|move|p2b: Rotom|Hydro Pump|p1b: Mamoswine\n|-supereffective|p1b: Mamoswine|1\n|-enditem|p1b: Mamoswine|Focus Sash\n|-damage|p1b: Mamoswine|1/100\n|move|p2a: Tyranitar|Crunch|p1a: Orthworm\n|-damage|p1a: Orthworm|37/100 brn\n|\n|-weather|Sandstorm|[upkeep]\n|-damage|p2b: Rotom|4/100|[from] Sandstorm\n|-damage|p1a: Orthworm|31/100 brn|[from] brn\n|upkeep\n|turn|4\n|inactive|gluppo has 30 seconds left.\n|\n|t:|1776612514\n|move|p1b: Mamoswine|Protect|p1b: Mamoswine\n|-singleturn|p1b: Mamoswine|Protect\n|move|p2a: Tyranitar|Protect|p2a: Tyranitar\n|-singleturn|p2a: Tyranitar|Protect\n|move|p2b: Rotom|Will-O-Wisp|p1b: Mamoswine\n|-activate|p1b: Mamoswine|move: Protect\n|move|p1a: Orthworm|Body Press|p2a: Tyranitar\n|-activate|p2a: Tyranitar|move: Protect\n|\n|-weather|Sandstorm|[upkeep]\n|-damage|p2b: Rotom|0 fnt|[from] Sandstorm\n|faint|p2b: Rotom\n|-damage|p1a: Orthworm|26/100 brn|[from] brn\n|upkeep\n|\n|t:|1776612527\n|switch|p2b: Aegislash|Aegislash, L50, M|100/100\n|turn|5\n|\n|t:|1776612542\n|-formechange|p2b: Aegislash|Aegislash-Blade|\n|move|p2b: Aegislash|Shadow Sneak|p1b: Mamoswine\n|-damage|p1b: Mamoswine|0 fnt\n|faint|p1b: Mamoswine\n|move|p2a: Tyranitar|Crunch|p1a: Orthworm\n|-damage|p1a: Orthworm|0 fnt\n|faint|p1a: Orthworm\n|\n|-weather|Sandstorm|[upkeep]\n|upkeep\n|\n|t:|1776612548\n|switch|p1b: Basculegion|Basculegion, L50, M, shiny|100/100\n|turn|6\n|\n|t:|1776612557\n|move|p1b: Basculegion|Wave Crash|p2a: Tyranitar\n|-supereffective|p2a: Tyranitar|1\n|-damage|p2a: Tyranitar|0 fnt\n|faint|p2a: Tyranitar\n|-damage|p1b: Basculegion|83/100|[from] Recoil\n|move|p2b: Aegislash|Poltergeist|p1b: Basculegion\n|-activate|p1b: Basculegion|move: Poltergeist|Choice Scarf\n|-supereffective|p1b: Basculegion|1\n|-damage|p1b: Basculegion|0 fnt\n|faint|p1b: Basculegion\n|\n|win|jaime111096\n|raw|gluppo's rating: 1202 &rarr; <strong>1173</strong><br />(-29 for losing)\n|raw|jaime111096's rating: 1145 &rarr; <strong>1174</strong><br />(+29 for winning)\n",
  "uploadtime": 1776612559,
  "views": 13,
  "formatid": "gen9championsvgc2026regma",
  "rating": 1173,
  "private": 0,
  "password": null
}