{
  "id": "gen9championsvgc2026regma-2587730385",
  "format": "[Gen 9 Champions] VGC 2026 Reg M-A",
  "players": [
    "Darudanium",
    "riku797vgc5"
  ],
  "log": "|j|\u2606Darudanium\n|j|\u2606riku797vgc5\n|t:|1776558231\n|gametype|doubles\n|player|p1|Darudanium|265|1252\n|player|p2|riku797vgc5|2|1203\n|gen|9\n|tier|[Gen 9 Champions] VGC 2026 Reg M-A\n|rated|\n|rule|Species Clause: Limit one of each Pok\u00e9mon\n|rule|Item Clause: Limit 1 of each item\n|clearpoke\n|poke|p1|Scovillain, L50, F|\n|poke|p1|Kommo-o, L50, M|\n|poke|p1|Kingambit, L50, F|\n|poke|p1|Sneasler, L50, M|\n|poke|p1|Rotom-Wash, L50|\n|poke|p1|Corviknight, L50, F|\n|poke|p2|Charizard, L50, F|\n|poke|p2|Heliolisk, L50, F|\n|poke|p2|Venusaur, L50, M|\n|poke|p2|Incineroar, L50, M|\n|poke|p2|Aegislash, L50, F|\n|poke|p2|Garchomp, L50, M|\n|teampreview|4\n|inactive|Battle timer is ON: inactive players will automatically lose when time's up. (requested by Darudanium)\n|\n|t:|1776558260\n|teamsize|p1|4\n|teamsize|p2|4\n|start\n|switch|p1a: Kommo-o|Kommo-o, L50, M|100/100\n|switch|p1b: Corviknight|Corviknight, L50, F|100/100\n|switch|p2a: Heliolisk|Heliolisk, L50, F|100/100\n|switch|p2b: Charizard|Charizard, L50, F|100/100\n|turn|1\n|\n|t:|1776558273\n|detailschange|p2b: Charizard|Charizard-Mega-Y, L50, F\n|-mega|p2b: Charizard|Charizard|Charizardite Y\n|-weather|SunnyDay|[from] ability: Drought|[of] p2b: Charizard\n|move|p2a: Heliolisk|Volt Switch|p1b: Corviknight\n|-supereffective|p1b: Corviknight|1\n|-damage|p1b: Corviknight|6/100\n|-enditem|p1b: Corviknight|Sitrus Berry|[eat]\n|-heal|p1b: Corviknight|31/100|[from] item: Sitrus Berry\n|\n|t:|1776558277\n|switch|p2a: Aegislash|Aegislash, L50, F|100/100|[from] Volt Switch\n|move|p2b: Charizard|Air Slash|p1a: Kommo-o\n|-supereffective|p1a: Kommo-o|1\n|-damage|p1a: Kommo-o|18/100\n|move|p1a: Kommo-o|Clangorous Soul||[still]\n|-fail|p1a: Kommo-o\n|move|p1b: Corviknight|Tailwind|p1b: Corviknight\n|-sidestart|p1: Darudanium|move: Tailwind\n|\n|-weather|SunnyDay|[upkeep]\n|-heal|p1a: Kommo-o|24/100|[from] item: Leftovers\n|upkeep\n|turn|2\n|\n|t:|1776558297\n|move|p2a: Aegislash|Wide Guard|p2a: Aegislash\n|-singleturn|p2a: Aegislash|Wide Guard\n|move|p1a: Kommo-o|Clanging Scales|p2b: Charizard|[spread] \n|-activate|p2a: Aegislash|move: Wide Guard\n|-activate|p2b: Charizard|move: Wide Guard\n|move|p1b: Corviknight|Brave Bird|p2b: Charizard\n|-damage|p2b: Charizard|55/100\n|-damage|p1b: Corviknight|18/100|[from] Recoil\n|move|p2b: Charizard|Heat Wave|p1a: Kommo-o|[spread] p1a,p1b\n|-resisted|p1a: Kommo-o|1\n|-supereffective|p1b: Corviknight|1\n|-damage|p1a: Kommo-o|0 fnt\n|-damage|p1b: Corviknight|0 fnt\n|faint|p1a: Kommo-o\n|faint|p1b: Corviknight\n|\n|-weather|SunnyDay|[upkeep]\n|upkeep\n|\n|t:|1776558304\n|switch|p1a: Rotom|Rotom-Wash, L50|100/100\n|switch|p1b: Scovillain|Scovillain, L50, F|100/100\n|turn|3\n|\n|t:|1776558321\n|switch|p2a: Venusaur|Venusaur, L50, M|100/100\n|detailschange|p1b: Scovillain|Scovillain-Mega, L50, F\n|-mega|p1b: Scovillain|Scovillain|Scovillainite\n|move|p2b: Charizard|Protect|p2b: Charizard\n|-singleturn|p2b: Charizard|Protect\n|move|p1a: Rotom|Thunderbolt|p2b: Charizard\n|-activate|p2b: Charizard|move: Protect\n|move|p1b: Scovillain|Flamethrower|p2a: Venusaur\n|-supereffective|p2a: Venusaur|1\n|-enditem|p2a: Venusaur|Focus Sash\n|-damage|p2a: Venusaur|1/100\n|\n|-weather|SunnyDay|[upkeep]\n|upkeep\n|turn|4\n|\n|t:|1776558333\n|move|p1a: Rotom|Thunderbolt|p2b: Charizard\n|-supereffective|p2b: Charizard|1\n|-crit|p2b: Charizard\n|-damage|p2b: Charizard|0 fnt\n|faint|p2b: Charizard\n|move|p2a: Venusaur|Sleep Powder|p1a: Rotom\n|-status|p1a: Rotom|slp|[from] move: Sleep Powder\n|move|p1b: Scovillain|Flamethrower|p2a: Venusaur\n|-supereffective|p2a: Venusaur|1\n|-damage|p2a: Venusaur|0 fnt\n|faint|p2a: Venusaur\n|\n|-weather|SunnyDay|[upkeep]\n|-sideend|p1: Darudanium|move: Tailwind\n|upkeep\n|\n|t:|1776558336\n|switch|p2a: Aegislash|Aegislash, L50, F|100/100\n|switch|p2b: Heliolisk|Heliolisk, L50, F|100/100\n|turn|5\n|\n|t:|1776558345\n|move|p2b: Heliolisk|Hyper Voice|p1a: Rotom|[spread] p1a,p1b\n|-damage|p1a: Rotom|42/100 slp\n|-damage|p1b: Scovillain|41/100\n|-status|p2b: Heliolisk|brn|[from] ability: Spicy Spray|[of] p1b: Scovillain\n|cant|p1a: Rotom|slp\n|move|p1b: Scovillain|Leech Seed|p2b: Heliolisk\n|-start|p2b: Heliolisk|move: Leech Seed\n|-formechange|p2a: Aegislash|Aegislash-Blade|\n|move|p2a: Aegislash|Poltergeist|p1a: Rotom\n|-activate|p1a: Rotom|move: Poltergeist|Choice Scarf\n|-damage|p1a: Rotom|0 fnt\n|faint|p1a: Rotom\n|\n|-weather|none\n|-damage|p2b: Heliolisk|88/100 brn|[from] Leech Seed|[of] p1b: Scovillain\n|-heal|p1b: Scovillain|50/100|[silent]\n|-damage|p2b: Heliolisk|83/100 brn|[from] brn\n|upkeep\n|turn|6\n|\n|t:|1776558358\n|move|p1b: Scovillain|Protect|p1b: Scovillain\n|-singleturn|p1b: Scovillain|Protect\n|move|p2b: Heliolisk|Hyper Voice|p1b: Scovillain\n|-activate|p1b: Scovillain|move: Protect\n|move|p2a: Aegislash|Poltergeist|p1b: Scovillain\n|-activate|p1b: Scovillain|move: Protect\n|\n|-damage|p2b: Heliolisk|70/100 brn|[from] Leech Seed|[of] p1b: Scovillain\n|-heal|p1b: Scovillain|60/100|[silent]\n|-damage|p2b: Heliolisk|65/100 brn|[from] brn\n|upkeep\n|turn|7\n|\n|t:|1776558362\n|move|p2b: Heliolisk|Hyper Voice|p1b: Scovillain\n|-damage|p1b: Scovillain|13/100\n|move|p1b: Scovillain|Leech Seed|p2a: Aegislash\n|-start|p2a: Aegislash|move: Leech Seed\n|move|p2a: Aegislash|Poltergeist|p1b: Scovillain\n|-activate|p1b: Scovillain|move: Poltergeist|Scovillainite\n|-damage|p1b: Scovillain|0 fnt\n|-status|p2a: Aegislash|brn|[from] ability: Spicy Spray|[of] p1b: Scovillain\n|faint|p1b: Scovillain\n|\n|win|riku797vgc5\n|raw|Darudanium's rating: 1252 &rarr; <strong>1223</strong><br />(-29 for losing)\n|raw|riku797vgc5's rating: 1203 &rarr; <strong>1232</strong><br />(+29 for winning)\n",
  "uploadtime": 1776558364,
  "views": 16,
  "formatid": "gen9championsvgc2026regma",
  "rating": 1223,
  "private": 0,
  "password": null
}