{
  "id": "gen9championsvgc2026regma-2586731024",
  "format": "[Gen 9 Champions] VGC 2026 Reg M-A",
  "players": [
    "Pantoskywalker",
    "soulo333"
  ],
  "log": "|j|\u2606Pantoskywalker\n|j|\u2606soulo333\n|t:|1776455493\n|gametype|doubles\n|player|p1|Pantoskywalker|102|1121\n|player|p2|soulo333|2|1211\n|gen|9\n|tier|[Gen 9 Champions] VGC 2026 Reg M-A\n|rated|\n|rule|Species Clause: Limit one of each Pok\u00e9mon\n|rule|Item Clause: Limit 1 of each item\n|clearpoke\n|poke|p1|Glimmora, L50, M|\n|poke|p1|Excadrill, L50, F|\n|poke|p1|Tyranitar, L50, M|\n|poke|p1|Froslass, L50, F|\n|poke|p1|Sinistcha, L50|\n|poke|p1|Rotom-Frost, L50|\n|poke|p2|Charizard, L50, M|\n|poke|p2|Sneasler, L50, M|\n|poke|p2|Sinistcha, L50|\n|poke|p2|Incineroar, L50, M|\n|poke|p2|Milotic, L50, F|\n|poke|p2|Tyranitar, L50, M|\n|teampreview|4\n|\n|t:|1776455540\n|teamsize|p1|4\n|teamsize|p2|4\n|start\n|switch|p1a: Glimmora|Glimmora, L50, M|100/100\n|switch|p1b: Tyranitar|Tyranitar, L50, M|100/100\n|switch|p2a: Incineroar|Incineroar, L50, M|100/100\n|switch|p2b: Milotic|Milotic, L50, F|100/100\n|-weather|Sandstorm|[from] ability: Sand Stream|[of] p1b: Tyranitar\n|-ability|p2a: Incineroar|Intimidate|boost\n|-unboost|p1a: Glimmora|atk|1\n|-unboost|p1b: Tyranitar|atk|1\n|turn|1\n|\n|t:|1776455566\n|move|p1a: Glimmora|Protect|p1a: Glimmora\n|-singleturn|p1a: Glimmora|Protect\n|move|p2a: Incineroar|Fake Out|p1a: Glimmora\n|-activate|p1a: Glimmora|move: Protect\n|move|p2b: Milotic|Icy Wind|p1a: Glimmora|[spread] p1b\n|-activate|p1a: Glimmora|move: Protect\n|-damage|p1b: Tyranitar|95/100\n|-unboost|p1b: Tyranitar|spe|1\n|move|p1b: Tyranitar|Rock Slide|p2b: Milotic|[spread] p2a,p2b\n|-supereffective|p2a: Incineroar|1\n|-damage|p2a: Incineroar|64/100\n|-damage|p2b: Milotic|78/100\n|\n|-weather|Sandstorm|[upkeep]\n|-damage|p2b: Milotic|72/100|[from] Sandstorm\n|-damage|p2a: Incineroar|58/100|[from] Sandstorm\n|-heal|p2b: Milotic|78/100|[from] item: Leftovers\n|upkeep\n|turn|2\n|\n|t:|1776455602\n|switch|p2a: Sneasler|Sneasler, L50, M|100/100\n|switch|p1b: Excadrill|Excadrill, L50, F|100/100\n|detailschange|p1a: Glimmora|Glimmora-Mega, L50, M\n|-mega|p1a: Glimmora|Glimmora|Glimmoranite\n|move|p1a: Glimmora|Sludge Bomb|p2b: Milotic\n|-damage|p2b: Milotic|35/100\n|-status|p2b: Milotic|psn\n|move|p2b: Milotic|Scald|p1a: Glimmora\n|-supereffective|p1a: Glimmora|1\n|-damage|p1a: Glimmora|59/100\n|-status|p1a: Glimmora|brn\n|\n|-weather|Sandstorm|[upkeep]\n|-damage|p2a: Sneasler|95/100|[from] Sandstorm\n|-damage|p2b: Milotic|29/100 psn|[from] Sandstorm\n|-heal|p2b: Milotic|35/100 psn|[from] item: Leftovers\n|-damage|p2b: Milotic|22/100 psn|[from] psn\n|-damage|p1a: Glimmora|53/100 brn|[from] brn\n|upkeep\n|turn|3\n|\n|t:|1776455625\n|move|p2a: Sneasler|Protect|p2a: Sneasler\n|-singleturn|p2a: Sneasler|Protect\n|move|p1a: Glimmora|Protect|p1a: Glimmora\n|-singleturn|p1a: Glimmora|Protect\n|move|p1b: Excadrill|Earthquake|p2a: Sneasler|[spread] p2b\n|-activate|p1a: Glimmora|move: Protect\n|-activate|p2a: Sneasler|move: Protect\n|-damage|p2b: Milotic|0 fnt\n|faint|p2b: Milotic\n|\n|-weather|Sandstorm|[upkeep]\n|-damage|p2a: Sneasler|89/100|[from] Sandstorm\n|-damage|p1a: Glimmora|47/100 brn|[from] brn\n|upkeep\n|\n|t:|1776455633\n|switch|p2b: Incineroar|Incineroar, L50, M|58/100\n|-ability|p2b: Incineroar|Intimidate|boost\n|-unboost|p1a: Glimmora|atk|1\n|-unboost|p1b: Excadrill|atk|1\n|turn|4\n|\n|t:|1776455668\n|switch|p1b: Sinistcha|Sinistcha, L50|100/100\n|-heal|p1a: Glimmora|72/100 brn|[from] ability: Hospitality|[of] p1b: Sinistcha\n|move|p1a: Glimmora|Protect||[still]\n|-fail|p1a: Glimmora\n|move|p2b: Incineroar|Fake Out|p1b: Sinistcha\n|-immune|p1b: Sinistcha\n|move|p2a: Sneasler|Close Combat|p1a: Glimmora\n|-damage|p1a: Glimmora|4/100 brn\n|-unboost|p2a: Sneasler|def|1\n|-unboost|p2a: Sneasler|spd|1\n|\n|-weather|Sandstorm|[upkeep]\n|-damage|p2a: Sneasler|83/100|[from] Sandstorm\n|-damage|p1b: Sinistcha|94/100|[from] Sandstorm\n|-damage|p2b: Incineroar|52/100|[from] Sandstorm\n|-damage|p1a: Glimmora|0 fnt|[from] brn\n|faint|p1a: Glimmora\n|upkeep\n|\n|t:|1776455681\n|switch|p1a: Excadrill|Excadrill, L50, F|100/100\n|turn|5\n|\n|t:|1776455694\n|switch|p2a: Charizard|Charizard, L50, M|100/100\n|move|p1b: Sinistcha|Rage Powder|p1b: Sinistcha\n|-singleturn|p1b: Sinistcha|move: Rage Powder\n|move|p1a: Excadrill|Earthquake|p2a: Charizard|[spread] p1b,p2b\n|-immune|p2a: Charizard\n|-resisted|p1b: Sinistcha|1\n|-supereffective|p2b: Incineroar|1\n|-damage|p1b: Sinistcha|67/100\n|-damage|p2b: Incineroar|0 fnt\n|faint|p2b: Incineroar\n|\n|-weather|none\n|upkeep\n|\n|t:|1776455696\n|switch|p2b: Sneasler|Sneasler, L50, M|83/100\n|turn|6\n|\n|t:|1776455714\n|detailschange|p2a: Charizard|Charizard-Mega-X, L50, M\n|-mega|p2a: Charizard|Charizard|Charizardite X\n|move|p1a: Excadrill|Protect|p1a: Excadrill\n|-singleturn|p1a: Excadrill|Protect\n|move|p2b: Sneasler|Coaching|p2a: Charizard\n|-boost|p2a: Charizard|atk|1\n|-boost|p2a: Charizard|def|1\n|move|p2a: Charizard|Dragon Dance|p2a: Charizard\n|-boost|p2a: Charizard|atk|1\n|-boost|p2a: Charizard|spe|1\n|move|p1b: Sinistcha|Shadow Ball|p2a: Charizard\n|-damage|p2a: Charizard|58/100\n|\n|upkeep\n|turn|7\n|\n|t:|1776455731\n|switch|p1b: Tyranitar|Tyranitar, L50, M|95/100\n|-weather|Sandstorm|[from] ability: Sand Stream|[of] p1b: Tyranitar\n|move|p2a: Charizard|Protect|p2a: Charizard\n|-singleturn|p2a: Charizard|Protect\n|move|p1a: Excadrill|Earthquake|p2b: Sneasler|[spread] p1b,p2b\n|-activate|p2a: Charizard|move: Protect\n|-supereffective|p1b: Tyranitar|1\n|-crit|p1b: Tyranitar\n|-supereffective|p2b: Sneasler|1\n|-damage|p1b: Tyranitar|0 fnt\n|-damage|p2b: Sneasler|0 fnt\n|faint|p1b: Tyranitar\n|faint|p2b: Sneasler\n|\n|-weather|Sandstorm|[upkeep]\n|-damage|p2a: Charizard|52/100|[from] Sandstorm\n|upkeep\n|\n|t:|1776455736\n|switch|p1b: Sinistcha|Sinistcha, L50|67/100\n|turn|8\n|\n|t:|1776455745\n|move|p1b: Sinistcha|Rage Powder|p1b: Sinistcha\n|-singleturn|p1b: Sinistcha|move: Rage Powder\n|move|p1a: Excadrill|Earthquake|p2a: Charizard|[spread] p1b,p2a\n|-resisted|p1b: Sinistcha|1\n|-supereffective|p2a: Charizard|1\n|-damage|p1b: Sinistcha|42/100\n|-damage|p2a: Charizard|0 fnt\n|-enditem|p1b: Sinistcha|Sitrus Berry|[eat]\n|-heal|p1b: Sinistcha|66/100|[from] item: Sitrus Berry\n|faint|p2a: Charizard\n|\n|win|Pantoskywalker\n|raw|Pantoskywalker's rating: 1121 &rarr; <strong>1152</strong><br />(+31 for winning)\n|raw|soulo333's rating: 1211 &rarr; <strong>1180</strong><br />(-31 for losing)\n",
  "uploadtime": 1776455745,
  "views": 30,
  "formatid": "gen9championsvgc2026regma",
  "rating": 1152,
  "private": 0,
  "password": null
}