{
  "id": "gen9championsvgc2026regma-2587177085",
  "format": "[Gen 9 Champions] VGC 2026 Reg M-A",
  "players": [
    "Totenkopfzauberer",
    "Mte99"
  ],
  "log": "|j|\u2606Totenkopfzauberer\n|j|\u2606Mte99\n|t:|1776504707\n|gametype|doubles\n|player|p1|Totenkopfzauberer|bellelba|1132\n|player|p2|Mte99|n|1168\n|gen|9\n|tier|[Gen 9 Champions] VGC 2026 Reg M-A\n|rated|\n|rule|Species Clause: Limit one of each Pok\u00e9mon\n|rule|Item Clause: Limit 1 of each item\n|clearpoke\n|poke|p1|Blastoise, L50, M, shiny|\n|poke|p1|Whimsicott, L50, M, shiny|\n|poke|p1|Maushold, L50|\n|poke|p1|Floette-Eternal, L50, F|\n|poke|p1|Sneasler, L50, M, shiny|\n|poke|p1|Basculegion, L50, M, shiny|\n|poke|p2|Floette-Eternal, L50, F|\n|poke|p2|Garchomp, L50, M|\n|poke|p2|Sinistcha-Masterpiece, L50|\n|poke|p2|Gengar, L50, M|\n|poke|p2|Sneasler, L50, F|\n|poke|p2|Gyarados, L50, F|\n|teampreview|4\n|inactive|Battle timer is ON: inactive players will automatically lose when time's up. (requested by Mte99)\n|\n|t:|1776504744\n|teamsize|p1|4\n|teamsize|p2|4\n|start\n|switch|p1a: Sneasler|Sneasler, L50, M, shiny|100/100\n|switch|p1b: Blastoise|Blastoise, L50, M, shiny|100/100\n|switch|p2a: Floette|Floette-Eternal, L50, F|100/100\n|switch|p2b: Garchomp|Garchomp, L50, M|100/100\n|turn|1\n|inactive|Totenkopfzauberer has 30 seconds left.\n|inactive|Mte99 has 30 seconds left.\n|inactive|Mte99 has 20 seconds left.\n|inactive|Mte99 has 15 seconds left.\n|\n|t:|1776504786\n|switch|p2a: Gyarados|Gyarados, L50, F|100/100\n|-ability|p2a: Gyarados|Intimidate|boost\n|-unboost|p1a: Sneasler|atk|1\n|-unboost|p1b: Blastoise|atk|1\n|-enditem|p1a: Sneasler|White Herb\n|-clearnegativeboost|p1a: Sneasler|[silent]\n|detailschange|p1b: Blastoise|Blastoise-Mega, L50, M, shiny\n|-mega|p1b: Blastoise|Blastoise|Blastoisinite\n|move|p1a: Sneasler|Fake Out|p2b: Garchomp\n|-damage|p2b: Garchomp|87/100\n|-damage|p1a: Sneasler|88/100|[from] ability: Rough Skin|[of] p2b: Garchomp\n|cant|p2b: Garchomp|flinch\n|move|p1b: Blastoise|Shell Smash|p1b: Blastoise\n|-unboost|p1b: Blastoise|def|1\n|-unboost|p1b: Blastoise|spd|1\n|-boost|p1b: Blastoise|atk|2\n|-boost|p1b: Blastoise|spa|2\n|-boost|p1b: Blastoise|spe|2\n|\n|upkeep\n|turn|2\n|inactive|Totenkopfzauberer has 30 seconds left.\n|inactive|Mte99 has 30 seconds left.\n|\n|t:|1776504819\n|switch|p2b: Sinistcha|Sinistcha-Masterpiece, L50|100/100\n|move|p1a: Sneasler|Dire Claw|p2a: Gyarados\n|-damage|p2a: Gyarados|65/100\n|-status|p2a: Gyarados|slp\n|move|p1b: Blastoise|Water Spout|p2a: Gyarados|[spread] p2a,p2b\n|-resisted|p2a: Gyarados|1\n|-resisted|p2b: Sinistcha|1\n|-damage|p2a: Gyarados|10/100 slp\n|-damage|p2b: Sinistcha|44/100\n|-enditem|p2a: Gyarados|Sitrus Berry|[eat]\n|-heal|p2a: Gyarados|35/100 slp|[from] item: Sitrus Berry\n|cant|p2a: Gyarados|slp\n|\n|upkeep\n|turn|3\n|\n|t:|1776504840\n|move|p1a: Sneasler|Dire Claw|p2b: Sinistcha\n|-damage|p2b: Sinistcha|7/100\n|move|p1b: Blastoise|Water Spout|p2a: Gyarados|[spread] p2a,p2b\n|-resisted|p2a: Gyarados|1\n|-resisted|p2b: Sinistcha|1\n|-damage|p2a: Gyarados|0 fnt\n|-damage|p2b: Sinistcha|0 fnt\n|faint|p2a: Gyarados\n|faint|p2b: Sinistcha\n|\n|upkeep\n|\n|t:|1776504857\n|switch|p2a: Garchomp|Garchomp, L50, M|87/100\n|switch|p2b: Floette|Floette-Eternal, L50, F|100/100\n|turn|4\n|\n|t:|1776504871\n|move|p2b: Floette|Protect|p2b: Floette\n|-singleturn|p2b: Floette|Protect\n|move|p1a: Sneasler|Dire Claw|p2b: Floette\n|-activate|p2b: Floette|move: Protect\n|move|p2a: Garchomp|Dragon Claw|p1b: Blastoise\n|-damage|p1b: Blastoise|48/100\n|move|p1b: Blastoise|Water Spout|p2b: Floette|[spread] p2a\n|-activate|p2b: Floette|move: Protect\n|-damage|p2a: Garchomp|21/100\n|\n|upkeep\n|turn|5\n|inactive|Totenkopfzauberer has 30 seconds left.\n|\n|t:|1776504901\n|detailschange|p2b: Floette|Floette-Mega, L50, F\n|-mega|p2b: Floette|Floette|Floettite\n|-ability|p2b: Floette|Fairy Aura\n|move|p1a: Sneasler|Close Combat|p2a: Garchomp\n|-damage|p2a: Garchomp|0 fnt\n|-unboost|p1a: Sneasler|def|1\n|-unboost|p1a: Sneasler|spd|1\n|-damage|p1a: Sneasler|76/100|[from] ability: Rough Skin|[of] p2a: Garchomp\n|faint|p2a: Garchomp\n|move|p1b: Blastoise|Ice Beam|p2b: Floette\n|-damage|p2b: Floette|39/100\n|-status|p2b: Floette|frz\n|cant|p2b: Floette|frz\n|\n|upkeep\n|turn|6\n|-message|Mte99 forfeited.\n|\n|win|Totenkopfzauberer\n|raw|Totenkopfzauberer's rating: 1132 &rarr; <strong>1160</strong><br />(+28 for winning)\n|raw|Mte99's rating: 1168 &rarr; <strong>1140</strong><br />(-28 for losing)\n|l|\u2606Mte99\n|player|p2|\n",
  "uploadtime": 1776504925,
  "views": 24,
  "formatid": "gen9championsvgc2026regma",
  "rating": 1140,
  "private": 0,
  "password": null
}