{
  "id": "gen9championsvgc2026regma-2584903658",
  "format": "[Gen 9 Champions] VGC 2026 Reg M-A",
  "players": [
    "Kinjuismymom",
    "Grabloct5"
  ],
  "log": "|j|\u2606Kinjuismymom\n|j|\u2606Grabloct5\n|t:|1776293098\n|gametype|doubles\n|player|p1|Kinjuismymom|2|1069\n|player|p2|Grabloct5|grimsley|1036\n|gen|9\n|tier|[Gen 9 Champions] VGC 2026 Reg M-A\n|rated|\n|rule|Species Clause: Limit one of each Pok\u00e9mon\n|rule|Item Clause: Limit 1 of each item\n|clearpoke\n|poke|p1|Emboar, L50, M|\n|poke|p1|Zoroark, L50, M|\n|poke|p1|Ninetales-Alola, L50, M|\n|poke|p1|Farigiraf, L50, F|\n|poke|p1|Araquanid, L50, F|\n|poke|p1|Garchomp, L50, M|\n|poke|p2|Clefable, L50, F|\n|poke|p2|Golurk, L50|\n|poke|p2|Mimikyu, L50, M|\n|poke|p2|Volcarona, L50, F|\n|poke|p2|Drampa, L50, M|\n|poke|p2|Incineroar, L50, F|\n|teampreview|4\n|inactive|Battle timer is ON: inactive players will automatically lose when time's up. (requested by Grabloct5)\n|inactive|Kinjuismymom has 60 seconds left.\n|\n|t:|1776293130\n|teamsize|p1|4\n|teamsize|p2|4\n|start\n|switch|p1a: Garchomp|Garchomp, L50, M|100/100\n|switch|p1b: Farigiraf|Farigiraf, L50, F|100/100\n|switch|p2a: Mimikyu|Mimikyu, L50, M|100/100\n|switch|p2b: Incineroar|Incineroar, L50, F, shiny|100/100\n|-ability|p2b: Incineroar|Intimidate|boost\n|-unboost|p1a: Garchomp|atk|1\n|-unboost|p1b: Farigiraf|atk|1\n|turn|1\n|\n|t:|1776293154\n|move|p1a: Garchomp|Sludge Bomb|p2a: Mimikyu\n|-activate|p2a: Mimikyu|ability: Disguise\n|-damage|p2a: Mimikyu|100/100\n|detailschange|p2a: Mimikyu|Mimikyu-Busted, L50, M\n|-damage|p2a: Mimikyu|88/100|[from] pokemon: Mimikyu-Busted\n|move|p2a: Mimikyu|Play Rough|p1a: Garchomp\n|-supereffective|p1a: Garchomp|1\n|-damage|p1a: Garchomp|0 fnt\n|replace|p1a: Zoroark|Zoroark, L50, M\n|-end|p1a: Zoroark|Illusion\n|faint|p1a: Zoroark\n|move|p2b: Incineroar|Will-O-Wisp|p1b: Farigiraf\n|-status|p1b: Farigiraf|brn\n|move|p1b: Farigiraf|Psyshock|p2a: Mimikyu\n|-damage|p2a: Mimikyu|24/100\n|\n|-damage|p1b: Farigiraf|94/100 brn|[from] brn\n|upkeep\n|\n|t:|1776293164\n|switch|p1a: Emboar|Emboar, L50, M|100/100\n|turn|2\n|\n|t:|1776293184\n|switch|p2a: Clefable|Clefable, L50, F|100/100\n|detailschange|p1a: Emboar|Emboar-Mega, L50, M\n|-mega|p1a: Emboar|Emboar|Emboarite\n|-ability|p1a: Emboar|Mold Breaker\n|move|p2b: Incineroar|Parting Shot|p1a: Emboar\n|-unboost|p1a: Emboar|atk|1\n|-unboost|p1a: Emboar|spa|1\n|\n|t:|1776293193\n|switch|p2b: Mimikyu|Mimikyu-Busted, L50, M|24/100|[from] Parting Shot\n|move|p1a: Emboar|Drain Punch|p2b: Mimikyu\n|-immune|p2b: Mimikyu\n|move|p1b: Farigiraf|Psyshock|p2a: Clefable\n|-damage|p2a: Clefable|67/100\n|\n|-damage|p1b: Farigiraf|88/100 brn|[from] brn\n|upkeep\n|turn|3\n|\n|t:|1776293214\n|move|p1a: Emboar|Protect|p1a: Emboar\n|-singleturn|p1a: Emboar|Protect\n|move|p2a: Clefable|Follow Me|p2a: Clefable\n|-singleturn|p2a: Clefable|move: Follow Me\n|move|p1b: Farigiraf|Psyshock|p2a: Clefable\n|-damage|p2a: Clefable|31/100\n|move|p2b: Mimikyu|Trick Room|p2b: Mimikyu\n|-fieldstart|move: Trick Room|[of] p2b: Mimikyu\n|\n|-damage|p1b: Farigiraf|82/100 brn|[from] brn\n|upkeep\n|turn|4\n|\n|t:|1776293230\n|switch|p2b: Incineroar|Incineroar, L50, F, shiny|100/100\n|-ability|p2b: Incineroar|Intimidate|boost\n|-unboost|p1a: Emboar|atk|1\n|-unboost|p1b: Farigiraf|atk|1\n|move|p1b: Farigiraf|Psyshock|p2a: Clefable\n|-damage|p2a: Clefable|0 fnt\n|faint|p2a: Clefable\n|move|p1a: Emboar|Rock Slide|p2b: Incineroar\n|-supereffective|p2b: Incineroar|1\n|-enditem|p2b: Incineroar|Charti Berry|[eat]\n|-enditem|p2b: Incineroar|Charti Berry|[weaken]\n|-damage|p2b: Incineroar|86/100\n|\n|-damage|p1b: Farigiraf|76/100 brn|[from] brn\n|upkeep\n|\n|t:|1776293242\n|switch|p2a: Golurk|Golurk, L50|100/100\n|turn|5\n|inactive|Kinjuismymom has 30 seconds left.\n|\n|t:|1776293268\n|detailschange|p2a: Golurk|Golurk-Mega, L50\n|-mega|p2a: Golurk|Golurk|Golurkite\n|move|p2a: Golurk|Headlong Rush|p1a: Emboar\n|-supereffective|p1a: Emboar|1\n|-damage|p1a: Emboar|0 fnt\n|-unboost|p2a: Golurk|def|1\n|-unboost|p2a: Golurk|spd|1\n|faint|p1a: Emboar\n|move|p1b: Farigiraf|Psyshock|p2a: Golurk\n|-damage|p2a: Golurk|49/100\n|move|p2b: Incineroar|Flare Blitz|p1b: Farigiraf\n|-damage|p1b: Farigiraf|25/100 brn\n|-enditem|p1b: Farigiraf|Sitrus Berry|[eat]\n|-heal|p1b: Farigiraf|50/100 brn|[from] item: Sitrus Berry\n|-damage|p2b: Incineroar|66/100|[from] Recoil\n|\n|-damage|p1b: Farigiraf|44/100 brn|[from] brn\n|upkeep\n|\n|t:|1776293280\n|switch|p1a: Garchomp|Garchomp, L50, M|100/100\n|turn|6\n|\n|t:|1776293292\n|move|p2a: Golurk|Protect|p2a: Golurk\n|-singleturn|p2a: Golurk|Protect\n|move|p2b: Incineroar|Will-O-Wisp|p1a: Garchomp|[miss]\n|-miss|p2b: Incineroar|p1a: Garchomp\n|move|p1a: Garchomp|Stomping Tantrum|p2b: Incineroar\n|-supereffective|p2b: Incineroar|1\n|-damage|p2b: Incineroar|0 fnt\n|faint|p2b: Incineroar\n|move|p1b: Farigiraf|Trick Room|p1b: Farigiraf\n|-fieldend|move: Trick Room\n|\n|-damage|p1b: Farigiraf|38/100 brn|[from] brn\n|upkeep\n|\n|t:|1776293302\n|switch|p2b: Mimikyu|Mimikyu-Busted, L50, M|24/100\n|turn|7\n|\n|t:|1776293314\n|move|p1a: Garchomp|Stomping Tantrum|p2b: Mimikyu\n|-damage|p2b: Mimikyu|0 fnt\n|faint|p2b: Mimikyu\n|move|p1b: Farigiraf|Psyshock|p2a: Golurk\n|-damage|p2a: Golurk|0 fnt\n|faint|p2a: Golurk\n|\n|win|Kinjuismymom\n|raw|Kinjuismymom's rating: 1069 &rarr; <strong>1096</strong><br />(+27 for winning)\n|raw|Grabloct5's rating: 1036 &rarr; <strong>1022</strong><br />(-14 for losing)\n|l|\u2606Grabloct5\n|player|p2|\n",
  "uploadtime": 1776293319,
  "views": 32,
  "formatid": "gen9championsvgc2026regma",
  "rating": 1022,
  "private": 0,
  "password": null
}