{
  "id": "gen9championsvgc2026regma-2582607116",
  "format": "[Gen 9 Champions] VGC 2026 Reg M-A",
  "players": [
    "porpal_goji",
    "jiocsjoijojd"
  ],
  "log": "|j|\u2606porpal_goji\n|j|\u2606jiocsjoijojd\n|t:|1776102285\n|gametype|doubles\n|player|p1|porpal_goji|clair|1030\n|player|p2|jiocsjoijojd|101|1000\n|gen|9\n|tier|[Gen 9 Champions] VGC 2026 Reg M-A\n|rated|\n|rule|Species Clause: Limit one of each Pok\u00e9mon\n|rule|Item Clause: Limit 1 of each item\n|clearpoke\n|poke|p1|Starmie, L50|\n|poke|p1|Arbok, L50, F|\n|poke|p1|Incineroar, L50, F|\n|poke|p1|Sinistcha, L50|\n|poke|p1|Aerodactyl, L50, M|\n|poke|p1|Altaria, L50, F|\n|poke|p2|Floette-Eternal, L50, F|\n|poke|p2|Aerodactyl, L50, F|\n|poke|p2|Sinistcha, L50|\n|poke|p2|Incineroar, L50, F|\n|poke|p2|Garchomp, L50, F|\n|poke|p2|Basculegion, L50, M|\n|teampreview|4\n|\n|t:|1776102308\n|teamsize|p1|4\n|teamsize|p2|4\n|start\n|switch|p1a: Starmie|Starmie, L50, shiny|100/100\n|switch|p1b: Arbok|Arbok, L50, F|100/100\n|switch|p2a: Floette|Floette-Eternal, L50, F|100/100\n|switch|p2b: Incineroar|Incineroar, L50, F|100/100\n|-ability|p1b: Arbok|Intimidate|boost\n|-unboost|p2a: Floette|atk|1\n|-unboost|p2b: Incineroar|atk|1\n|-ability|p2b: Incineroar|Intimidate|boost\n|-unboost|p1a: Starmie|atk|1\n|-unboost|p1b: Arbok|atk|1\n|turn|1\n|inactive|Battle timer is ON: inactive players will automatically lose when time's up. (requested by jiocsjoijojd)\n|\n|t:|1776102327\n|detailschange|p1a: Starmie|Starmie-Mega, L50, shiny\n|-mega|p1a: Starmie|Starmie|Starminite\n|detailschange|p2a: Floette|Floette-Mega, L50, F\n|-mega|p2a: Floette|Floette|Floettite\n|-ability|p2a: Floette|Fairy Aura\n|move|p2b: Incineroar|Fake Out|p1a: Starmie\n|-damage|p1a: Starmie|92/100\n|cant|p1a: Starmie|flinch\n|move|p2a: Floette|Calm Mind|p2a: Floette\n|-boost|p2a: Floette|spa|1\n|-boost|p2a: Floette|spd|1\n|move|p1b: Arbok|Coil|p1b: Arbok\n|-boost|p1b: Arbok|atk|1\n|-boost|p1b: Arbok|def|1\n|-boost|p1b: Arbok|accuracy|1\n|\n|upkeep\n|turn|2\n|inactive|jiocsjoijojd has 30 seconds left.\n|\n|t:|1776102359\n|move|p1a: Starmie|Skill Swap|p1b: Arbok\n|-activate|p1a: Starmie|Skill Swap|||[of] p1b: Arbok\n|-ability|p1a: Starmie|Intimidate|boost\n|-unboost|p2a: Floette|atk|1\n|-unboost|p2b: Incineroar|atk|1\n|move|p2a: Floette|Light of Ruin|p1a: Starmie|[miss]\n|-miss|p2a: Floette|p1a: Starmie\n|move|p1b: Arbok|Poison Jab|p2a: Floette\n|-supereffective|p2a: Floette|1\n|-damage|p2a: Floette|0 fnt\n|faint|p2a: Floette\n|move|p2b: Incineroar|Parting Shot|p1b: Arbok\n|-unboost|p1b: Arbok|atk|1\n|-unboost|p1b: Arbok|spa|1\n|\n|t:|1776102369\n|switch|p2b: Basculegion|Basculegion, L50, M|100/100|[from] Parting Shot\n|\n|upkeep\n|\n|t:|1776102378\n|switch|p2a: Incineroar|Incineroar, L50, F|100/100\n|-ability|p2a: Incineroar|Intimidate|boost\n|-unboost|p1a: Starmie|atk|1\n|-unboost|p1b: Arbok|atk|1\n|turn|3\n|\n|t:|1776102395\n|move|p2a: Incineroar|Fake Out|p1a: Starmie\n|-damage|p1a: Starmie|78/100\n|move|p2b: Basculegion|Wave Crash|p1b: Arbok\n|-damage|p1b: Arbok|3/100\n|-damage|p2b: Basculegion|78/100|[from] Recoil\n|cant|p1a: Starmie|flinch\n|move|p1b: Arbok|Coil|p1b: Arbok\n|-boost|p1b: Arbok|atk|1\n|-boost|p1b: Arbok|def|1\n|-boost|p1b: Arbok|accuracy|1\n|\n|upkeep\n|turn|4\n|\n|t:|1776102408\n|move|p2b: Basculegion|Wave Crash|p1a: Starmie\n|-resisted|p1a: Starmie|1\n|-damage|p1a: Starmie|22/100\n|-damage|p2b: Basculegion|65/100|[from] Recoil\n|move|p1a: Starmie|Skill Swap|p1b: Arbok\n|-activate|p1a: Starmie|Skill Swap|||[of] p1b: Arbok\n|-ability|p1b: Arbok|Intimidate|boost\n|-unboost|p2a: Incineroar|atk|1\n|-unboost|p2b: Basculegion|atk|1\n|move|p1b: Arbok|Leech Life|p2a: Incineroar\n|-damage|p2a: Incineroar|89/100\n|-heal|p1b: Arbok|12/100|[from] drain|[of] p2a: Incineroar\n|move|p2a: Incineroar|Darkest Lariat|p1b: Arbok\n|-damage|p1b: Arbok|0 fnt\n|faint|p1b: Arbok\n|\n|upkeep\n|\n|t:|1776102422\n|switch|p1b: Sinistcha|Sinistcha, L50|100/100\n|-heal|p1a: Starmie|46/100|[from] ability: Hospitality|[of] p1b: Sinistcha\n|turn|5\n|\n|t:|1776102431\n|switch|p2b: Sinistcha|Sinistcha, L50|100/100\n|-heal|p2a: Incineroar|100/100|[from] ability: Hospitality|[of] p2b: Sinistcha\n|move|p1b: Sinistcha|Rage Powder|p1b: Sinistcha\n|-singleturn|p1b: Sinistcha|move: Rage Powder\n|move|p1a: Starmie|Waterfall|p2a: Incineroar\n|-supereffective|p2a: Incineroar|1\n|-damage|p2a: Incineroar|52/100\n|move|p2a: Incineroar|Darkest Lariat|p1b: Sinistcha\n|-supereffective|p1b: Sinistcha|1\n|-damage|p1b: Sinistcha|64/100\n|\n|-heal|p1b: Sinistcha|70/100|[from] item: Leftovers\n|upkeep\n|turn|6\n|\n|t:|1776102454\n|move|p2b: Sinistcha|Rage Powder|p2b: Sinistcha\n|-singleturn|p2b: Sinistcha|move: Rage Powder\n|move|p1a: Starmie|Waterfall|p2b: Sinistcha\n|-resisted|p2b: Sinistcha|1\n|-damage|p2b: Sinistcha|87/100\n|move|p1b: Sinistcha|Shadow Ball|p2b: Sinistcha\n|-supereffective|p2b: Sinistcha|1\n|-damage|p2b: Sinistcha|0 fnt\n|faint|p2b: Sinistcha\n|move|p2a: Incineroar|Flare Blitz|p1b: Sinistcha\n|-supereffective|p1b: Sinistcha|1\n|-damage|p1b: Sinistcha|19/100\n|-damage|p2a: Incineroar|40/100|[from] Recoil\n|\n|-heal|p1b: Sinistcha|25/100|[from] item: Leftovers\n|upkeep\n|\n|t:|1776102468\n|switch|p2b: Basculegion|Basculegion, L50, M|65/100\n|turn|7\n|\n|t:|1776102487\n|move|p2b: Basculegion|Last Respects|p1a: Starmie\n|-supereffective|p1a: Starmie|1\n|-damage|p1a: Starmie|0 fnt\n|faint|p1a: Starmie\n|move|p1b: Sinistcha|Matcha Gotcha|p2b: Basculegion|[spread] p2a,p2b\n|-resisted|p2a: Incineroar|1\n|-supereffective|p2b: Basculegion|1\n|-damage|p2a: Incineroar|27/100\n|-heal|p1b: Sinistcha|35/100|[from] drain|[of] p2a: Incineroar\n|-damage|p2b: Basculegion|0 fnt\n|-heal|p1b: Sinistcha|79/100|[from] drain|[of] p2b: Basculegion\n|faint|p2b: Basculegion\n|move|p2a: Incineroar|Darkest Lariat|p1b: Sinistcha\n|-supereffective|p1b: Sinistcha|1\n|-damage|p1b: Sinistcha|40/100\n|\n|-heal|p1b: Sinistcha|46/100|[from] item: Leftovers\n|upkeep\n|\n|t:|1776102498\n|switch|p1a: Aerodactyl|Aerodactyl, L50, M|100/100\n|-ability|p1a: Aerodactyl|Unnerve\n|turn|8\n|-message|jiocsjoijojd forfeited.\n|\n|win|porpal_goji\n|raw|porpal_goji's rating: 1030 &rarr; <strong>1062</strong><br />(+32 for winning)\n|raw|jiocsjoijojd's rating: 1000 &rarr; <strong>1000</strong><br />(+0 for losing)\n|l|\u2606jiocsjoijojd\n|player|p2|\n",
  "uploadtime": 1776102505,
  "views": 18,
  "formatid": "gen9championsvgc2026regma",
  "rating": 1000,
  "private": 0,
  "password": null
}