{
  "id": "gen9championsvgc2026regma-2585798917",
  "format": "[Gen 9 Champions] VGC 2026 Reg M-A",
  "players": [
    "ittsaTRAP",
    "JBM443"
  ],
  "log": "|j|\u2606ittsaTRAP\n|j|\u2606JBM443\n|t:|1776371451\n|gametype|doubles\n|player|p1|ittsaTRAP|265|1069\n|player|p2|JBM443|265|1000\n|gen|9\n|tier|[Gen 9 Champions] VGC 2026 Reg M-A\n|rated|\n|rule|Species Clause: Limit one of each Pok\u00e9mon\n|rule|Item Clause: Limit 1 of each item\n|clearpoke\n|poke|p1|Torkoal, L50, F|\n|poke|p1|Venusaur, L50, M|\n|poke|p1|Charizard, L50, F|\n|poke|p1|Incineroar, L50, F|\n|poke|p1|Whimsicott, L50, F|\n|poke|p1|Aegislash, L50, F|\n|poke|p2|Delphox, L50, M|\n|poke|p2|Sinistcha-Masterpiece, L50|\n|poke|p2|Sneasler, L50, M|\n|poke|p2|Garchomp, L50, F|\n|poke|p2|Dragonite, L50, F|\n|poke|p2|Incineroar, L50, F|\n|teampreview|4\n|inactive|Battle timer is ON: inactive players will automatically lose when time's up. (requested by ittsaTRAP)\n|\n|t:|1776371470\n|teamsize|p1|4\n|teamsize|p2|4\n|start\n|switch|p1a: Venusaur|Venusaur, L50, M|100/100\n|switch|p1b: Charizard|Charizard, L50, F|100/100\n|switch|p2a: Sneasler|Sneasler, L50, M|100/100\n|switch|p2b: Delphox|Delphox, L50, M|100/100\n|turn|1\n|l|\u2606ittsaTRAP\n|inactive|ittsaTRAP disconnected and has a minute to reconnect!\n|player|p1|\n|inactive|ittsaTRAP has 30 seconds left.\n|inactive|ittsaTRAP has 20 seconds left.\n|inactive|ittsaTRAP has 15 seconds left.\n|inactive|ittsaTRAP has 10 seconds left.\n|j|\u2606ittsaTRAP\n|inactive|ittsaTRAP reconnected and has 10 seconds left.\n|player|p1|ittsaTRAP|265|\n|inactive|ittsaTRAP has 5 seconds left.\n|\n|t:|1776371522\n|detailschange|p2b: Delphox|Delphox-Mega, L50, M\n|-mega|p2b: Delphox|Delphox|Delphoxite\n|move|p1b: Charizard|Protect|p1b: Charizard\n|-singleturn|p1b: Charizard|Protect\n|move|p1a: Venusaur|Protect|p1a: Venusaur\n|-singleturn|p1a: Venusaur|Protect\n|move|p2a: Sneasler|Fake Out|p1a: Venusaur\n|-activate|p1a: Venusaur|move: Protect\n|move|p2b: Delphox|Heat Wave|p1b: Charizard|[spread] \n|-activate|p1a: Venusaur|move: Protect\n|-activate|p1b: Charizard|move: Protect\n|\n|upkeep\n|turn|2\n|\n|t:|1776371544\n|detailschange|p1b: Charizard|Charizard-Mega-Y, L50, F\n|-mega|p1b: Charizard|Charizard|Charizardite Y\n|-weather|SunnyDay|[from] ability: Drought|[of] p1b: Charizard\n|move|p1a: Venusaur|Sleep Powder|p2b: Delphox\n|-status|p2b: Delphox|slp|[from] move: Sleep Powder\n|cant|p2b: Delphox|slp\n|move|p2a: Sneasler|Dire Claw|p1b: Charizard\n|-damage|p1b: Charizard|44/100\n|move|p1b: Charizard|Heat Wave|p2a: Sneasler|[spread] p2a,p2b\n|-resisted|p2b: Delphox|1\n|-damage|p2a: Sneasler|2/100\n|-damage|p2b: Delphox|64/100 slp\n|\n|-weather|SunnyDay|[upkeep]\n|upkeep\n|turn|3\n|inactive|ittsaTRAP has 30 seconds left.\n|inactive|JBM443 has 30 seconds left.\n|\n|t:|1776371572\n|move|p1a: Venusaur|Sludge Bomb|p2a: Sneasler\n|-resisted|p2a: Sneasler|1\n|-damage|p2a: Sneasler|0 fnt\n|faint|p2a: Sneasler\n|cant|p2b: Delphox|slp\n|move|p1b: Charizard|Overheat|p2b: Delphox\n|-resisted|p2b: Delphox|1\n|-damage|p2b: Delphox|0 fnt\n|-unboost|p1b: Charizard|spa|2\n|faint|p2b: Delphox\n|\n|-weather|SunnyDay|[upkeep]\n|upkeep\n|\n|t:|1776371586\n|switch|p2b: Sinistcha|Sinistcha-Masterpiece, L50|100/100\n|switch|p2a: Garchomp|Garchomp, L50, F|100/100\n|turn|4\n|\n|t:|1776371604\n|switch|p1b: Incineroar|Incineroar, L50, F|100/100\n|-ability|p1b: Incineroar|Intimidate|boost\n|-unboost|p2a: Garchomp|atk|1\n|-unboost|p2b: Sinistcha|atk|1\n|move|p1a: Venusaur|Sleep Powder|p2a: Garchomp|[miss]\n|-miss|p1a: Venusaur|p2a: Garchomp\n|move|p2a: Garchomp|Rock Slide|p1a: Venusaur|[spread] p1a,p1b\n|-supereffective|p1b: Incineroar|1\n|-damage|p1a: Venusaur|86/100\n|-damage|p1b: Incineroar|77/100\n|move|p2b: Sinistcha|Shadow Ball|p1a: Venusaur\n|-damage|p1a: Venusaur|48/100\n|\n|-weather|SunnyDay|[upkeep]\n|upkeep\n|turn|5\n|\n|t:|1776371627\n|move|p2b: Sinistcha|Rage Powder|p2b: Sinistcha\n|-singleturn|p2b: Sinistcha|move: Rage Powder\n|move|p1a: Venusaur|Sleep Powder|p2a: Garchomp\n|-status|p2a: Garchomp|slp|[from] move: Sleep Powder\n|cant|p2a: Garchomp|slp\n|move|p1b: Incineroar|Throat Chop|p2b: Sinistcha\n|-supereffective|p2b: Sinistcha|1\n|-damage|p2b: Sinistcha|45/100\n|-start|p2b: Sinistcha|Throat Chop|[silent]\n|\n|-weather|SunnyDay|[upkeep]\n|-heal|p2b: Sinistcha|52/100|[from] item: Leftovers\n|upkeep\n|turn|6\n|\n|t:|1776371651\n|move|p2b: Sinistcha|Protect|p2b: Sinistcha\n|-singleturn|p2b: Sinistcha|Protect\n|move|p1a: Venusaur|Energy Ball|p2a: Garchomp\n|-damage|p2a: Garchomp|57/100 slp\n|cant|p2a: Garchomp|slp\n|move|p1b: Incineroar|Throat Chop|p2b: Sinistcha\n|-activate|p2b: Sinistcha|move: Protect\n|\n|-weather|none\n|-heal|p2b: Sinistcha|58/100|[from] item: Leftovers\n|-end|p2b: Sinistcha|Throat Chop|[silent]\n|upkeep\n|turn|7\n|\n|t:|1776371673\n|switch|p1b: Charizard|Charizard-Mega-Y, L50, F|44/100\n|-weather|SunnyDay|[from] ability: Drought|[of] p1b: Charizard\n|move|p2b: Sinistcha|Rage Powder|p2b: Sinistcha\n|-singleturn|p2b: Sinistcha|move: Rage Powder\n|move|p1a: Venusaur|Energy Ball|p2a: Garchomp\n|-damage|p2a: Garchomp|13/100 slp\n|-curestatus|p2a: Garchomp|slp|[msg]\n|move|p2a: Garchomp|Dragon Claw|p1a: Venusaur\n|-damage|p1a: Venusaur|16/100\n|\n|-weather|SunnyDay|[upkeep]\n|-heal|p2b: Sinistcha|64/100|[from] item: Leftovers\n|upkeep\n|turn|8\n|inactive|JBM443 has 30 seconds left.\n|\n|t:|1776371703\n|move|p1a: Venusaur|Energy Ball|p2a: Garchomp\n|-damage|p2a: Garchomp|0 fnt\n|faint|p2a: Garchomp\n|move|p1b: Charizard|Heat Wave|p2b: Sinistcha\n|-supereffective|p2b: Sinistcha|1\n|-damage|p2b: Sinistcha|0 fnt\n|faint|p2b: Sinistcha\n|\n|win|ittsaTRAP\n|raw|ittsaTRAP's rating: 1069 &rarr; <strong>1093</strong><br />(+24 for winning)\n|raw|JBM443's rating: 1000 &rarr; <strong>1000</strong><br />(+0 for losing)\n|l|\u2606JBM443\n|player|p2|\n",
  "uploadtime": 1776371715,
  "views": 21,
  "formatid": "gen9championsvgc2026regma",
  "rating": 1000,
  "private": 0,
  "password": null
}