{
  "id": "gen9championsvgc2026regma-2585305493",
  "format": "[Gen 9 Champions] VGC 2026 Reg M-A",
  "players": [
    "CerealesHacendado2",
    "KennarDH"
  ],
  "log": "|j|\u2606CerealesHacendado2\n|j|\u2606KennarDH\n|t:|1776335943\n|gametype|doubles\n|player|p1|CerealesHacendado2|169|1088\n|player|p2|KennarDH|rocketgruntf|1182\n|gen|9\n|tier|[Gen 9 Champions] VGC 2026 Reg M-A\n|rated|\n|rule|Species Clause: Limit one of each Pok\u00e9mon\n|rule|Item Clause: Limit 1 of each item\n|clearpoke\n|poke|p1|Gliscor, L50, F|\n|poke|p1|Aegislash, L50, M|\n|poke|p1|Tauros-Paldea-Aqua, L50, M|\n|poke|p1|Ninetales-Alola, L50, M|\n|poke|p1|Victreebel, L50, M|\n|poke|p1|Rotom-Wash, L50|\n|poke|p2|Farigiraf, L50, F|\n|poke|p2|Blastoise, L50, M|\n|poke|p2|Camerupt, L50, M|\n|poke|p2|Crabominable, L50, F|\n|poke|p2|Alakazam, L50, M|\n|poke|p2|Sinistcha, L50|\n|teampreview|4\n|\n|t:|1776335980\n|teamsize|p1|4\n|teamsize|p2|4\n|start\n|switch|p1a: All Hail the Fox|Ninetales-Alola, L50, M|100/100\n|switch|p1b: Calg\u00f3n|Rotom-Wash, L50|100/100\n|switch|p2a: Farigiraf|Farigiraf, L50, F|100/100\n|switch|p2b: Blastoise|Blastoise, L50, M|100/100\n|-weather|Snowscape|[from] ability: Snow Warning|[of] p1a: All Hail the Fox\n|turn|1\n|\n|t:|1776335991\n|move|p2b: Blastoise|Fake Out|p1a: All Hail the Fox\n|-damage|p1a: All Hail the Fox|92/100\n|move|p1b: Calg\u00f3n|Trick|p2a: Farigiraf\n|-activate|p1b: Calg\u00f3n|move: Trick|[of] p2a: Farigiraf\n|-item|p2a: Farigiraf|Choice Scarf|[from] move: Trick\n|-item|p1b: Calg\u00f3n|Mental Herb|[from] move: Trick\n|cant|p1a: All Hail the Fox|flinch\n|move|p2a: Farigiraf|Trick Room|p2a: Farigiraf\n|-fieldstart|move: Trick Room|[of] p2a: Farigiraf\n|\n|-weather|Snowscape|[upkeep]\n|upkeep\n|turn|2\n|\n|t:|1776336006\n|switch|p2a: Camerupt|Camerupt, L50, M|100/100\n|move|p2b: Blastoise|Water Spout|p1b: Calg\u00f3n|[spread] p1a,p1b\n|-resisted|p1b: Calg\u00f3n|1\n|-damage|p1a: All Hail the Fox|37/100\n|-damage|p1b: Calg\u00f3n|68/100\n|move|p1b: Calg\u00f3n|Thunderbolt|p2b: Blastoise\n|-supereffective|p2b: Blastoise|1\n|-damage|p2b: Blastoise|28/100\n|move|p1a: All Hail the Fox|Aurora Veil|p1a: All Hail the Fox\n|-sidestart|p1: CerealesHacendado2|move: Aurora Veil\n|\n|-weather|Snowscape|[upkeep]\n|-heal|p2b: Blastoise|34/100|[from] item: Leftovers\n|upkeep\n|turn|3\n|\n|t:|1776336032\n|detailschange|p2a: Camerupt|Camerupt-Mega, L50, M\n|-mega|p2a: Camerupt|Camerupt|Cameruptite\n|move|p1a: All Hail the Fox|Protect|p1a: All Hail the Fox\n|-singleturn|p1a: All Hail the Fox|Protect\n|move|p2a: Camerupt|Eruption|p1a: All Hail the Fox|[spread] p1b\n|-activate|p1a: All Hail the Fox|move: Protect\n|-resisted|p1b: Calg\u00f3n|1\n|-damage|p1b: Calg\u00f3n|35/100\n|move|p2b: Blastoise|Flip Turn|p1b: Calg\u00f3n\n|-resisted|p1b: Calg\u00f3n|1\n|-damage|p1b: Calg\u00f3n|27/100\n|\n|t:|1776336043\n|switch|p2b: Farigiraf|Farigiraf, L50, F|100/100|[from] Flip Turn\n|move|p1b: Calg\u00f3n|Hydro Pump|p2a: Camerupt\n|-supereffective|p2a: Camerupt|2\n|-damage|p2a: Camerupt|0 fnt\n|faint|p2a: Camerupt\n|\n|-weather|Snowscape|[upkeep]\n|upkeep\n|\n|t:|1776336050\n|switch|p2a: Blastoise|Blastoise, L50, M|34/100\n|turn|4\n|\n|t:|1776336070\n|move|p2a: Blastoise|Fake Out|p1b: Calg\u00f3n\n|-damage|p1b: Calg\u00f3n|19/100\n|move|p2b: Farigiraf|Hyper Voice|p1a: All Hail the Fox|[spread] p1a,p1b\n|-damage|p1a: All Hail the Fox|15/100\n|-damage|p1b: Calg\u00f3n|0 fnt\n|faint|p1b: Calg\u00f3n\n|move|p1a: All Hail the Fox|Moonblast|p2b: Farigiraf\n|-damage|p2b: Farigiraf|68/100\n|\n|-weather|Snowscape|[upkeep]\n|-heal|p2a: Blastoise|40/100|[from] item: Leftovers\n|upkeep\n|\n|t:|1776336084\n|switch|p1b: Slappy Hollow|Aegislash, L50, M|100/100\n|turn|5\n|\n|t:|1776336092\n|move|p1a: All Hail the Fox|Protect|p1a: All Hail the Fox\n|-singleturn|p1a: All Hail the Fox|Protect\n|-formechange|p1b: Slappy Hollow|Aegislash-Blade|\n|move|p1b: Slappy Hollow|Poltergeist|p2a: Blastoise\n|-activate|p2a: Blastoise|move: Poltergeist|Leftovers\n|-damage|p2a: Blastoise|0 fnt\n|faint|p2a: Blastoise\n|move|p2b: Farigiraf|Hyper Voice|p1b: Slappy Hollow|[spread] \n|-activate|p1a: All Hail the Fox|move: Protect\n|-immune|p1b: Slappy Hollow\n|\n|-weather|none\n|-fieldend|move: Trick Room\n|upkeep\n|-message|KennarDH forfeited.\n|\n|win|CerealesHacendado2\n|raw|CerealesHacendado2's rating: 1088 &rarr; <strong>1122</strong><br />(+34 for winning)\n|raw|KennarDH's rating: 1182 &rarr; <strong>1150</strong><br />(-32 for losing)\n",
  "uploadtime": 1776336109,
  "views": 42,
  "formatid": "gen9championsvgc2026regma",
  "rating": 1122,
  "private": 0,
  "password": null
}