{
  "id": "gen9championsvgc2026regma-2585350804",
  "format": "[Gen 9 Champions] VGC 2026 Reg M-A",
  "players": [
    "Markiito18",
    "reeddddd"
  ],
  "log": "|j|\u2606Markiito18\n|j|\u2606reeddddd\n|t:|1776340375\n|gametype|doubles\n|player|p1|Markiito18|rood|1222\n|player|p2|reeddddd|2|1187\n|gen|9\n|tier|[Gen 9 Champions] VGC 2026 Reg M-A\n|rated|\n|rule|Species Clause: Limit one of each Pok\u00e9mon\n|rule|Item Clause: Limit 1 of each item\n|clearpoke\n|poke|p1|Hydreigon, L50, M|\n|poke|p1|Sneasler, L50, M|\n|poke|p1|Aggron, L50, M|\n|poke|p1|Sinistcha, L50|\n|poke|p1|Tyranitar, L50, M|\n|poke|p1|Aerodactyl, L50, F|\n|poke|p2|Chimecho, L50, M|\n|poke|p2|Farigiraf, L50, M|\n|poke|p2|Kingambit, L50, F|\n|poke|p2|Chesnaught, L50, F|\n|poke|p2|Mudsdale, L50, M|\n|poke|p2|Sinistcha, L50|\n|teampreview|4\n|inactive|Battle timer is ON: inactive players will automatically lose when time's up. (requested by reeddddd)\n|inactive|Markiito18 has 60 seconds left.\n|inactive|Markiito18 has 30 seconds left.\n|inactive|Markiito18 has 20 seconds left.\n|inactive|Markiito18 has 15 seconds left.\n|inactive|Markiito18 has 10 seconds left.\n|inactive|Markiito18 has 5 seconds left.\n|\n|t:|1776340467\n|teamsize|p1|4\n|teamsize|p2|4\n|start\n|switch|p1a: Hydreigon|Hydreigon, L50, M, shiny|100/100\n|switch|p1b: Aggron|Aggron, L50, M, shiny|100/100\n|switch|p2a: Farigiraf|Farigiraf, L50, M|100/100\n|switch|p2b: Kingambit|Kingambit, L50, F|100/100\n|turn|1\n|inactive|reeddddd has 30 seconds left.\n|\n|t:|1776340497\n|detailschange|p1b: Aggron|Aggron-Mega, L50, M, shiny\n|-mega|p1b: Aggron|Aggron|Aggronite\n|move|p1a: Hydreigon|Dark Pulse|p2a: Farigiraf\n|-supereffective|p2a: Farigiraf|1\n|-enditem|p2a: Farigiraf|Colbur Berry|[eat]\n|-enditem|p2a: Farigiraf|Colbur Berry|[weaken]\n|-damage|p2a: Farigiraf|67/100\n|move|p1b: Aggron|Iron Defense|p1b: Aggron\n|-boost|p1b: Aggron|def|2\n|move|p2b: Kingambit|Iron Head|p1b: Aggron\n|-resisted|p1b: Aggron|1\n|-damage|p1b: Aggron|95/100\n|move|p2a: Farigiraf|Trick Room|p2a: Farigiraf\n|-fieldstart|move: Trick Room|[of] p2a: Farigiraf\n|\n|upkeep\n|turn|2\n|inactive|reeddddd has 30 seconds left.\n|\n|t:|1776340529\n|switch|p2a: Mudsdale|Mudsdale, L50, M|100/100\n|move|p2b: Kingambit|Iron Head|p1a: Hydreigon\n|-damage|p1a: Hydreigon|47/100\n|move|p1b: Aggron|Iron Defense|p1b: Aggron\n|-boost|p1b: Aggron|def|2\n|cant|p1a: Hydreigon|flinch\n|\n|upkeep\n|turn|3\n|\n|t:|1776340545\n|move|p1a: Hydreigon|Protect|p1a: Hydreigon\n|-singleturn|p1a: Hydreigon|Protect\n|move|p2a: Mudsdale|Rock Slide|p1a: Hydreigon|[spread] p1b\n|-activate|p1a: Hydreigon|move: Protect\n|-resisted|p1b: Aggron|1\n|-damage|p1b: Aggron|93/100\n|move|p2b: Kingambit|Iron Head|p1a: Hydreigon\n|-activate|p1a: Hydreigon|move: Protect\n|move|p1b: Aggron|Iron Defense|p1b: Aggron\n|-boost|p1b: Aggron|def|2\n|\n|upkeep\n|turn|4\n|\n|t:|1776340567\n|switch|p1a: Sinistcha|Sinistcha, L50|100/100\n|-heal|p1b: Aggron|100/100|[from] ability: Hospitality|[of] p1a: Sinistcha\n|move|p2a: Mudsdale|Close Combat|p1b: Aggron\n|-supereffective|p1b: Aggron|1\n|-damage|p1b: Aggron|92/100\n|-unboost|p2a: Mudsdale|def|1\n|-unboost|p2a: Mudsdale|spd|1\n|move|p2b: Kingambit|Iron Head|p1a: Sinistcha\n|-damage|p1a: Sinistcha|67/100\n|move|p1b: Aggron|Body Press|p2b: Kingambit\n|-supereffective|p2b: Kingambit|2\n|-enditem|p2b: Kingambit|Focus Sash\n|-damage|p2b: Kingambit|1/100\n|\n|upkeep\n|turn|5\n|inactive|Markiito18 has 30 seconds left.\n|inactive|reeddddd has 30 seconds left.\n|\n|t:|1776340602\n|switch|p1a: Hydreigon|Hydreigon, L50, M, shiny|47/100\n|move|p2a: Mudsdale|Protect|p2a: Mudsdale\n|-singleturn|p2a: Mudsdale|Protect\n|move|p2b: Kingambit|Kowtow Cleave|p1a: Hydreigon\n|-resisted|p1a: Hydreigon|1\n|-damage|p1a: Hydreigon|17/100\n|move|p1b: Aggron|Body Press|p2a: Mudsdale\n|-activate|p2a: Mudsdale|move: Protect\n|\n|-fieldend|move: Trick Room\n|upkeep\n|turn|6\n|inactive|reeddddd has 30 seconds left.\n|\n|t:|1776340628\n|switch|p2a: Farigiraf|Farigiraf, L50, M|67/100\n|move|p1a: Hydreigon|Protect|p1a: Hydreigon\n|-singleturn|p1a: Hydreigon|Protect\n|move|p2b: Kingambit|Protect|p2b: Kingambit\n|-singleturn|p2b: Kingambit|Protect\n|move|p1b: Aggron|Body Press|p2b: Kingambit\n|-activate|p2b: Kingambit|move: Protect\n|\n|upkeep\n|turn|7\n|inactive|Markiito18 has 30 seconds left.\n|\n|t:|1776340662\n|move|p1a: Hydreigon|Protect||[still]\n|-fail|p1a: Hydreigon\n|move|p2b: Kingambit|Sucker Punch||[still]\n|-fail|p2b: Kingambit\n|move|p1b: Aggron|Body Press|p2b: Kingambit\n|-supereffective|p2b: Kingambit|2\n|-damage|p2b: Kingambit|0 fnt\n|faint|p2b: Kingambit\n|move|p2a: Farigiraf|Trick Room|p2a: Farigiraf\n|-fieldstart|move: Trick Room|[of] p2a: Farigiraf\n|\n|upkeep\n|\n|t:|1776340673\n|switch|p2b: Chimecho|Chimecho, L50, M|100/100\n|turn|8\n|\n|t:|1776340685\n|detailschange|p2b: Chimecho|Chimecho-Mega, L50, M\n|-mega|p2b: Chimecho|Chimecho|Chimechite\n|move|p1a: Hydreigon|Protect|p1a: Hydreigon\n|-singleturn|p1a: Hydreigon|Protect\n|move|p1b: Aggron|Body Press|p2b: Chimecho\n|-crit|p2b: Chimecho\n|-damage|p2b: Chimecho|0 fnt\n|faint|p2b: Chimecho\n|move|p2a: Farigiraf|Hyper Voice|p1b: Aggron|[spread] p1b\n|-activate|p1a: Hydreigon|move: Protect\n|-resisted|p1b: Aggron|1\n|-damage|p1b: Aggron|81/100\n|\n|upkeep\n|-message|reeddddd forfeited.\n|\n|win|Markiito18\n|raw|Markiito18's rating: 1222 &rarr; <strong>1244</strong><br />(+22 for winning)\n|raw|reeddddd's rating: 1187 &rarr; <strong>1165</strong><br />(-22 for losing)\n|l|\u2606reeddddd\n|player|p2|\n",
  "uploadtime": 1776340711,
  "views": 19,
  "formatid": "gen9championsvgc2026regma",
  "rating": 1165,
  "private": 0,
  "password": null
}