{
  "id": "gen9championsvgc2026regma-2585186096",
  "format": "[Gen 9 Champions] VGC 2026 Reg M-A",
  "players": [
    "Gatitowaranteo",
    "Mentalsyndrome"
  ],
  "log": "|j|\u2606Gatitowaranteo\n|j|\u2606Mentalsyndrome\n|t:|1776322477\n|gametype|doubles\n|player|p1|Gatitowaranteo|169|1129\n|player|p2|Mentalsyndrome|101|1217\n|gen|9\n|tier|[Gen 9 Champions] VGC 2026 Reg M-A\n|rated|\n|rule|Species Clause: Limit one of each Pok\u00e9mon\n|rule|Item Clause: Limit 1 of each item\n|clearpoke\n|poke|p1|Chimecho, L50, M|\n|poke|p1|Sinistcha, L50|\n|poke|p1|Garchomp, L50, M|\n|poke|p1|Tyranitar, L50, M|\n|poke|p1|Excadrill, L50, M|\n|poke|p1|Incineroar, L50, F|\n|poke|p2|Maushold, L50|\n|poke|p2|Farigiraf, L50, F|\n|poke|p2|Hydrapple, L50, M|\n|poke|p2|Crabominable, L50, M|\n|poke|p2|Hatterene, L50, F|\n|poke|p2|Lucario, L50, M|\n|teampreview|4\n|inactive|Battle timer is ON: inactive players will automatically lose when time's up. (requested by Mentalsyndrome)\n|inactive|Mentalsyndrome has 60 seconds left.\n|inactive|Mentalsyndrome has 30 seconds left.\n|\n|t:|1776322539\n|teamsize|p1|4\n|teamsize|p2|4\n|start\n|switch|p1a: Tyranitar|Tyranitar, L50, M|100/100\n|switch|p1b: Excadrill|Excadrill, L50, M|100/100\n|switch|p2a: Lucario|Lucario, L50, M|100/100\n|switch|p2b: Crabominable|Crabominable, L50, M|100/100\n|-weather|Sandstorm|[from] ability: Sand Stream|[of] p1a: Tyranitar\n|turn|1\n|\n|t:|1776322555\n|detailschange|p2b: Crabominable|Crabominable-Mega, L50, M\n|-mega|p2b: Crabominable|Crabominable|Crabominite\n|move|p2a: Lucario|Protect|p2a: Lucario\n|-singleturn|p2a: Lucario|Protect\n|move|p1a: Tyranitar|Protect|p1a: Tyranitar\n|-singleturn|p1a: Tyranitar|Protect\n|move|p1b: Excadrill|High Horsepower|p2a: Lucario\n|-activate|p2a: Lucario|move: Protect\n|move|p2b: Crabominable|Close Combat|p1a: Tyranitar\n|-activate|p1a: Tyranitar|move: Protect\n|\n|-weather|Sandstorm|[upkeep]\n|-damage|p2b: Crabominable|95/100|[from] Sandstorm\n|upkeep\n|turn|2\n|\n|t:|1776322573\n|switch|p1a: Chimecho|Chimecho, L50, M|100/100\n|move|p2a: Lucario|Bullet Punch|p1b: Excadrill\n|-resisted|p1b: Excadrill|1\n|-damage|p1b: Excadrill|89/100\n|move|p2b: Crabominable|Mach Punch|p1b: Excadrill\n|-supereffective|p1b: Excadrill|1\n|-damage|p1b: Excadrill|0 fnt\n|faint|p1b: Excadrill\n|\n|-weather|Sandstorm|[upkeep]\n|-damage|p1a: Chimecho|94/100|[from] Sandstorm\n|-damage|p2b: Crabominable|89/100|[from] Sandstorm\n|upkeep\n|\n|t:|1776322585\n|switch|p1b: Garchomp|Garchomp, L50, M|100/100\n|turn|3\n|\n|t:|1776322597\n|detailschange|p1a: Chimecho|Chimecho-Mega, L50, M\n|-mega|p1a: Chimecho|Chimecho|Chimechite\n|move|p2b: Crabominable|Protect|p2b: Crabominable\n|-singleturn|p2b: Crabominable|Protect\n|move|p1b: Garchomp|Stomping Tantrum|p2a: Lucario\n|-supereffective|p2a: Lucario|1\n|-damage|p2a: Lucario|0 fnt\n|faint|p2a: Lucario\n|move|p1a: Chimecho|Psychic|p2b: Crabominable\n|-activate|p2b: Crabominable|move: Protect\n|\n|-weather|Sandstorm|[upkeep]\n|-damage|p2b: Crabominable|83/100|[from] Sandstorm\n|upkeep\n|\n|t:|1776322602\n|switch|p2a: Farigiraf|Farigiraf, L50, F|100/100\n|turn|4\n|\n|t:|1776322621\n|switch|p2b: Hydrapple|Hydrapple, L50, M|100/100\n|-ability|p2b: Hydrapple|Supersweet Syrup\n|-unboost|p1a: Chimecho|evasion|1\n|-unboost|p1b: Garchomp|evasion|1\n|move|p1b: Garchomp|Protect|p1b: Garchomp\n|-singleturn|p1b: Garchomp|Protect\n|move|p1a: Chimecho|Psychic|p2b: Hydrapple\n|-damage|p2b: Hydrapple|63/100\n|move|p2a: Farigiraf|Trick Room|p2a: Farigiraf\n|-fieldstart|move: Trick Room|[of] p2a: Farigiraf\n|\n|-weather|Sandstorm|[upkeep]\n|-damage|p2b: Hydrapple|57/100|[from] Sandstorm\n|-damage|p2a: Farigiraf|94/100|[from] Sandstorm\n|upkeep\n|turn|5\n|\n|t:|1776322641\n|switch|p2a: Crabominable|Crabominable-Mega, L50, M|83/100\n|switch|p1b: Tyranitar|Tyranitar, L50, M|100/100\n|move|p2b: Hydrapple|Draco Meteor|p1b: Tyranitar\n|-damage|p1b: Tyranitar|64/100\n|-unboost|p2b: Hydrapple|spa|2\n|move|p1a: Chimecho|Psychic|p2b: Hydrapple\n|-damage|p2b: Hydrapple|15/100\n|\n|-weather|none\n|upkeep\n|turn|6\n|\n|t:|1776322650\n|move|p1b: Tyranitar|Protect|p1b: Tyranitar\n|-singleturn|p1b: Tyranitar|Protect\n|move|p2a: Crabominable|Close Combat|p1a: Chimecho\n|-damage|p1a: Chimecho|41/100\n|-unboost|p2a: Crabominable|def|1\n|-unboost|p2a: Crabominable|spd|1\n|move|p2b: Hydrapple|Energy Ball|p1b: Tyranitar\n|-activate|p1b: Tyranitar|move: Protect\n|move|p1a: Chimecho|Psychic|p2b: Hydrapple\n|-damage|p2b: Hydrapple|0 fnt\n|faint|p2b: Hydrapple\n|\n|upkeep\n|\n|t:|1776322652\n|switch|p2b: Farigiraf|Farigiraf, L50, F|94/100\n|turn|7\n|\n|t:|1776322669\n|move|p2a: Crabominable|Close Combat|p1a: Chimecho\n|-damage|p1a: Chimecho|0 fnt\n|-unboost|p2a: Crabominable|def|1\n|-unboost|p2a: Crabominable|spd|1\n|faint|p1a: Chimecho\n|move|p1b: Tyranitar|Snarl|p2a: Crabominable|[spread] p2a,p2b\n|-resisted|p2a: Crabominable|1\n|-supereffective|p2b: Farigiraf|1\n|-enditem|p2b: Farigiraf|Colbur Berry|[eat]\n|-enditem|p2b: Farigiraf|Colbur Berry|[weaken]\n|-damage|p2a: Crabominable|71/100\n|-damage|p2b: Farigiraf|82/100\n|-unboost|p2a: Crabominable|spa|1\n|-unboost|p2b: Farigiraf|spa|1\n|move|p2b: Farigiraf|Hyper Voice|p1b: Tyranitar\n|-resisted|p1b: Tyranitar|1\n|-damage|p1b: Tyranitar|56/100\n|\n|upkeep\n|\n|t:|1776322673\n|switch|p1a: Garchomp|Garchomp, L50, M|100/100\n|turn|8\n|\n|t:|1776322690\n|move|p1a: Garchomp|Protect|p1a: Garchomp\n|-singleturn|p1a: Garchomp|Protect\n|move|p2a: Crabominable|Close Combat|p1b: Tyranitar\n|-supereffective|p1b: Tyranitar|2\n|-enditem|p1b: Tyranitar|Chople Berry|[eat]\n|-enditem|p1b: Tyranitar|Chople Berry|[weaken]\n|-damage|p1b: Tyranitar|0 fnt\n|-unboost|p2a: Crabominable|def|1\n|-unboost|p2a: Crabominable|spd|1\n|faint|p1b: Tyranitar\n|move|p2b: Farigiraf|Psychic|p1a: Garchomp\n|-activate|p1a: Garchomp|move: Protect\n|\n|-fieldend|move: Trick Room\n|upkeep\n|turn|9\n|\n|t:|1776322700\n|move|p2a: Crabominable|Protect|p2a: Crabominable\n|-singleturn|p2a: Crabominable|Protect\n|move|p1a: Garchomp|Breaking Swipe|p2a: Crabominable|[spread] p2b\n|-activate|p2a: Crabominable|move: Protect\n|-damage|p2b: Farigiraf|59/100\n|-unboost|p2b: Farigiraf|atk|1\n|move|p2b: Farigiraf|Trick Room|p2b: Farigiraf\n|-fieldstart|move: Trick Room|[of] p2b: Farigiraf\n|\n|upkeep\n|turn|10\n|\n|t:|1776322704\n|move|p2a: Crabominable|Ice Hammer|p1a: Garchomp\n|-supereffective|p1a: Garchomp|2\n|-damage|p1a: Garchomp|0 fnt\n|-unboost|p2a: Crabominable|spe|1\n|-damage|p2a: Crabominable|59/100|[from] ability: Rough Skin|[of] p1a: Garchomp\n|faint|p1a: Garchomp\n|\n|win|Mentalsyndrome\n|raw|Gatitowaranteo's rating: 1129 &rarr; <strong>1110</strong><br />(-19 for losing)\n|raw|Mentalsyndrome's rating: 1217 &rarr; <strong>1236</strong><br />(+19 for winning)\n",
  "uploadtime": 1776322710,
  "views": 21,
  "formatid": "gen9championsvgc2026regma",
  "rating": 1110,
  "private": 0,
  "password": null
}