{
  "id": "gen9championsvgc2026regma-2582282174",
  "format": "[Gen 9 Champions] VGC 2026 Reg M-A",
  "players": [
    "porygon-epilepz",
    "zelonghuang"
  ],
  "log": "|j|\u2606porygon-epilepz\n|j|\u2606zelonghuang\n|t:|1776079490\n|gametype|doubles\n|player|p1|porygon-epilepz|hiker-gen4|1094\n|player|p2|zelonghuang|102|1000\n|gen|9\n|tier|[Gen 9 Champions] VGC 2026 Reg M-A\n|rated|\n|rule|Species Clause: Limit one of each Pok\u00e9mon\n|rule|Item Clause: Limit 1 of each item\n|clearpoke\n|poke|p1|Kommo-o, L50, F|\n|poke|p1|Incineroar, L50, F|\n|poke|p1|Glimmora, L50, F|\n|poke|p1|Sinistcha, L50|\n|poke|p1|Talonflame, L50, F|\n|poke|p1|Orthworm, L50, F|\n|poke|p2|Gengar, L50, F|\n|poke|p2|Floette-Eternal, L50, F|\n|poke|p2|Gallade, L50, M|\n|poke|p2|Starmie, L50|\n|poke|p2|Aerodactyl, L50, M|\n|poke|p2|Politoed, L50, M|\n|teampreview|4\n|inactive|Battle timer is ON: inactive players will automatically lose when time's up. (requested by zelonghuang)\n|\n|t:|1776079524\n|teamsize|p1|4\n|teamsize|p2|4\n|start\n|switch|p1a: Incineroar|Incineroar, L50, F|100/100\n|switch|p1b: Kommo-o|Kommo-o, L50, F|100/100\n|switch|p2a: Starmie|Starmie, L50|100/100\n|switch|p2b: Aerodactyl|Aerodactyl, L50, M|100/100\n|-ability|p2b: Aerodactyl|Unnerve\n|-ability|p1a: Incineroar|Intimidate|boost\n|-unboost|p2a: Starmie|atk|1\n|-unboost|p2b: Aerodactyl|atk|1\n|turn|1\n|\n|t:|1776079545\n|move|p1a: Incineroar|Fake Out|p2a: Starmie\n|-damage|p2a: Starmie|86/100\n|move|p2b: Aerodactyl|Tailwind|p2b: Aerodactyl\n|-sidestart|p2: zelonghuang|move: Tailwind\n|cant|p2a: Starmie|flinch\n|move|p1b: Kommo-o|Clangorous Soul|p1b: Kommo-o\n|-boost|p1b: Kommo-o|atk|1\n|-boost|p1b: Kommo-o|def|1\n|-boost|p1b: Kommo-o|spa|1\n|-boost|p1b: Kommo-o|spd|1\n|-boost|p1b: Kommo-o|spe|1\n|-damage|p1b: Kommo-o|68/100\n|\n|-heal|p1b: Kommo-o|74/100|[from] item: Leftovers\n|upkeep\n|turn|2\n|inactive|zelonghuang has 30 seconds left.\n|\n|t:|1776079578\n|detailschange|p2a: Starmie|Starmie-Mega, L50\n|-mega|p2a: Starmie|Starmie|Starminite\n|move|p1b: Kommo-o|Protect|p1b: Kommo-o\n|-singleturn|p1b: Kommo-o|Protect\n|move|p2b: Aerodactyl|Dragon Dance|p2b: Aerodactyl\n|-boost|p2b: Aerodactyl|atk|1\n|-boost|p2b: Aerodactyl|spe|1\n|move|p2a: Starmie|Zen Headbutt|p1b: Kommo-o\n|-activate|p1b: Kommo-o|move: Protect\n|move|p1a: Incineroar|Throat Chop|p2a: Starmie\n|-supereffective|p2a: Starmie|1\n|-damage|p2a: Starmie|10/100\n|-start|p2a: Starmie|Throat Chop|[silent]\n|\n|-heal|p1b: Kommo-o|80/100|[from] item: Leftovers\n|upkeep\n|turn|3\n|inactive|zelonghuang has 30 seconds left.\n|\n|t:|1776079611\n|switch|p2a: Politoed|Politoed, L50, M|100/100\n|-weather|RainDance|[from] ability: Drizzle|[of] p2a: Politoed\n|move|p2b: Aerodactyl|Dragon Claw|p1b: Kommo-o\n|-supereffective|p1b: Kommo-o|1\n|-damage|p1b: Kommo-o|54/100\n|move|p1b: Kommo-o|Clanging Scales|p2a: Politoed|[spread] p2a,p2b\n|-damage|p2a: Politoed|56/100\n|-damage|p2b: Aerodactyl|20/100\n|-unboost|p1b: Kommo-o|def|1\n|move|p1a: Incineroar|Throat Chop|p2b: Aerodactyl\n|-damage|p2b: Aerodactyl|0 fnt\n|faint|p2b: Aerodactyl\n|\n|-weather|RainDance|[upkeep]\n|-heal|p1b: Kommo-o|60/100|[from] item: Leftovers\n|upkeep\n|\n|t:|1776079629\n|switch|p2b: Starmie|Starmie-Mega, L50|10/100\n|turn|4\n|\n|t:|1776079638\n|move|p1b: Kommo-o|Protect|p1b: Kommo-o\n|-singleturn|p1b: Kommo-o|Protect\n|move|p2b: Starmie|Zen Headbutt|p1b: Kommo-o\n|-activate|p1b: Kommo-o|move: Protect\n|move|p2a: Politoed|Weather Ball|p1a: Incineroar\n|-supereffective|p1a: Incineroar|1\n|-damage|p1a: Incineroar|15/100\n|move|p1a: Incineroar|Throat Chop|p2a: Politoed\n|-damage|p2a: Politoed|26/100\n|-start|p2a: Politoed|Throat Chop|[silent]\n|\n|-weather|RainDance|[upkeep]\n|-heal|p1b: Kommo-o|66/100|[from] item: Leftovers\n|-sideend|p2: zelonghuang|move: Tailwind\n|upkeep\n|turn|5\n|\n|t:|1776079659\n|move|p1b: Kommo-o|Clanging Scales|p2a: Politoed|[spread] p2a,p2b\n|-damage|p2a: Politoed|0 fnt\n|-damage|p2b: Starmie|0 fnt\n|faint|p2a: Politoed\n|faint|p2b: Starmie\n|-unboost|p1b: Kommo-o|def|1\n|move|p1a: Incineroar|Parting Shot|p2: Politoed|[notarget]\n|-fail|p1a: Incineroar\n|\n|-weather|RainDance|[upkeep]\n|-heal|p1b: Kommo-o|73/100|[from] item: Leftovers\n|upkeep\n|-message|zelonghuang forfeited.\n|\n|win|porygon-epilepz\n|raw|porygon-epilepz's rating: 1094 &rarr; <strong>1113</strong><br />(+19 for winning)\n|raw|zelonghuang's rating: 1000 &rarr; <strong>1000</strong><br />(+0 for losing)\n",
  "uploadtime": 1776079492,
  "views": 10,
  "formatid": "gen9championsvgc2026regma",
  "rating": 1000,
  "private": 0,
  "password": null
}