{
  "id": "gen9championsvgc2026regma-2584627164",
  "format": "[Gen 9 Champions] VGC 2026 Reg M-A",
  "players": [
    "mynamegrassgreen",
    "Zordor"
  ],
  "log": "|j|\u2606mynamegrassgreen\n|j|\u2606Zordor\n|html|<table width=\"100%\"><tr><td align=\"left\">mynamegrassgreen</td><td align=\"right\">Zordor</tr><tr><td align=\"left\"><i class=\"fa fa-circle\"></i> <i class=\"fa fa-circle-o\"></i> </td><td align=\"right\"><i class=\"fa fa-circle-o\"></i> <i class=\"fa fa-circle\"></i> </tr></table>\n|uhtml|bestof|<h2><strong>Game 3</strong> of <a href=\"/game-bestof3-gen9championsvgc2026regma-2584618538\">a best-of-3</a></h2>\n|t:|1776273015\n|gametype|doubles\n|player|p1|mynamegrassgreen|266|\n|player|p2|Zordor|pilot|\n|gen|9\n|tier|[Gen 9 Champions] VGC 2026 Reg M-A\n|rated|Tournament battle\n|rule|Species Clause: Limit one of each Pok\u00e9mon\n|rule|Item Clause: Limit 1 of each item\n|raw|<div class=\"infobox\"><details class=\"readmore\" open><summary><strong>2 custom rules:</strong></summary> Force Open Team Sheets, Best of = 3</details></div>\n|clearpoke\n|poke|p1|Kommo-o, L50, M|\n|poke|p1|Gengar, L50, F|\n|poke|p1|Whimsicott, L50, M|\n|poke|p1|Sinistcha-Masterpiece, L50|\n|poke|p1|Incineroar, L50, F|\n|poke|p1|Tyranitar, L50, F|\n|poke|p2|Rotom-Wash, L50|\n|poke|p2|Sneasler, L50, F|\n|poke|p2|Kingambit, L50, M|\n|poke|p2|Altaria, L50, M|\n|poke|p2|Arcanine, L50, F|\n|poke|p2|Dragapult, L50, F|\n|teampreview|4\n|showteam|p1|Kommo-o||Leftovers|Overcoat|ClangorousSoul,ClangingScales,AuraSphere,Protect|||M|||50|]Gengar||Gengarite|CursedBody|ShadowBall,PerishSong,Substitute,Protect|||F|||50|]Whimsicott||FocusSash|Prankster|Moonblast,Encore,Tailwind,Protect|||M|||50|]Sinistcha-Masterpiece||SitrusBerry|Hospitality|MatchaGotcha,RagePowder,TrickRoom,StrengthSap||||||50|]Incineroar||ShucaBerry|Intimidate|FakeOut,FlareBlitz,Protect,PartingShot|||F|||50|]Tyranitar||ChoiceScarf|SandStream|RockSlide,KnockOff,StoneEdge,LowKick|||F|||50|\n|showteam|p2|Rotom-Wash||SitrusBerry|Levitate|HydroPump,Thunderbolt,WillOWisp,Protect||||||50|]Sneasler||FocusSash|Unburden|DireClaw,CloseCombat,RockTomb,Protect|||F|||50|]Kingambit||ChopleBerry|Defiant|KowtowCleave,IronHead,SuckerPunch,Protect|||M|||50|]Altaria||Altarianite|CloudNine|HyperVoice,DragonPulse,Flamethrower,Protect|||M|||50|]Arcanine||Leftovers|Intimidate|FlareBlitz,PsychicFangs,ExtremeSpeed,Protect|||F|||50|]Dragapult||RoseliBerry|ClearBody|DracoMeteor,Hex,LightScreen,WillOWisp|||F|||50|\n|j| tastyfloop\n|j| chasekg\n|j| larrazafio\n|j| Laskhoo\n|j| island pocket\n|j|%llefface\n|j| qmurda\n|j| stinkyton\n|j|+holdingb\n|j| hiyopon\n|\n|t:|1776273048\n|teamsize|p1|4\n|teamsize|p2|4\n|start\n|switch|p1a: The King|Incineroar, L50, F|100/100\n|switch|p1b: LET IT RIP|Kommo-o, L50, M|100/100\n|switch|p2a: Dragapult|Dragapult, L50, F|100/100\n|switch|p2b: Sneasler|Sneasler, L50, F|100/100\n|-ability|p1a: The King|Intimidate|boost\n|-fail|p2a: Dragapult|unboost|[from] ability: Clear Body|[of] p2a: Dragapult\n|-unboost|p2b: Sneasler|atk|1\n|turn|1\n|j| Zonkah\n|\n|t:|1776273088\n|switch|p2b: Altaria|Altaria, L50, M|100/100\n|-ability|p2b: Altaria|Cloud Nine\n|move|p1b: LET IT RIP|Protect|p1b: LET IT RIP\n|-singleturn|p1b: LET IT RIP|Protect\n|move|p2a: Dragapult|Light Screen|p2a: Dragapult\n|-sidestart|p2: Zordor|move: Light Screen\n|move|p1a: The King|Parting Shot|p2a: Dragapult\n|-fail|p2a: Dragapult|unboost|[from] ability: Clear Body|[of] p2a: Dragapult\n|\n|upkeep\n|turn|2\n|j| RatzG\n|j| LamestAmos\n|j| Thogi_\n|c|\u2606mynamegrassgreen|I should really look into how other abilities work\n|j|@Radio Free C-Side\n|j| BIGGY STEELS\n|\n|t:|1776273133\n|detailschange|p2b: Altaria|Altaria-Mega, L50, M\n|-mega|p2b: Altaria|Altaria|Altarianite\n|move|p1b: LET IT RIP|Protect|p1b: LET IT RIP\n|-singleturn|p1b: LET IT RIP|Protect\n|move|p2a: Dragapult|Draco Meteor|p1a: The King\n|-damage|p1a: The King|63/100\n|-unboost|p2a: Dragapult|spa|2\n|move|p2b: Altaria|Hyper Voice|p1b: LET IT RIP|[spread] p1a\n|-activate|p1b: LET IT RIP|move: Protect\n|-damage|p1a: The King|38/100\n|move|p1a: The King|Parting Shot|p2b: Altaria\n|-unboost|p2b: Altaria|atk|1\n|-unboost|p2b: Altaria|spa|1\n|\n|t:|1776273145\n|switch|p1a: STAY WITH ME \ud83c\udfb5|Gengar, L50, F|100/100|[from] Parting Shot\n|\n|upkeep\n|turn|3\n|j| Triple Goose\n|\n|t:|1776273153\n|switch|p1b: The King|Incineroar, L50, F|38/100\n|-ability|p1b: The King|Intimidate|boost\n|-fail|p2a: Dragapult|unboost|[from] ability: Clear Body|[of] p2a: Dragapult\n|-unboost|p2b: Altaria|atk|1\n|detailschange|p1a: STAY WITH ME \ud83c\udfb5|Gengar-Mega, L50, F\n|-mega|p1a: STAY WITH ME \ud83c\udfb5|Gengar|Gengarite\n|move|p2a: Dragapult|Will-O-Wisp|p1a: STAY WITH ME \ud83c\udfb5\n|-status|p1a: STAY WITH ME \ud83c\udfb5|brn\n|move|p1a: STAY WITH ME \ud83c\udfb5|Perish Song|p1a: STAY WITH ME \ud83c\udfb5\n|-start|p1a: STAY WITH ME \ud83c\udfb5|perish3|[silent]\n|-start|p1b: The King|perish3|[silent]\n|-start|p2a: Dragapult|perish3|[silent]\n|-start|p2b: Altaria|perish3|[silent]\n|-fieldactivate|move: Perish Song\n|move|p2b: Altaria|Hyper Voice|p1a: STAY WITH ME \ud83c\udfb5|[spread] p1a,p1b\n|-resisted|p1a: STAY WITH ME \ud83c\udfb5|1\n|-damage|p1a: STAY WITH ME \ud83c\udfb5|86/100 brn\n|-damage|p1b: The King|19/100\n|\n|-damage|p1a: STAY WITH ME \ud83c\udfb5|80/100 brn|[from] brn\n|-start|p2a: Dragapult|perish3\n|-start|p1a: STAY WITH ME \ud83c\udfb5|perish3\n|-start|p2b: Altaria|perish3\n|-start|p1b: The King|perish3\n|upkeep\n|turn|4\n|j| Luigi Magnezone\n|\n|t:|1776273177\n|switch|p1a: beer|Sinistcha-Masterpiece, L50|100/100\n|-heal|p1b: The King|44/100|[from] ability: Hospitality|[of] p1a: beer\n|move|p2a: Dragapult|Hex|p1a: beer\n|-supereffective|p1a: beer|1\n|-crit|p1a: beer\n|-damage|p1a: beer|29/100\n|-enditem|p1a: beer|Sitrus Berry|[eat]\n|-heal|p1a: beer|53/100|[from] item: Sitrus Berry\n|move|p2b: Altaria|Hyper Voice|p1a: beer|[spread] p1a,p1b\n|-damage|p1a: beer|26/100\n|-damage|p1b: The King|26/100\n|move|p1b: The King|Parting Shot|p2b: Altaria\n|-unboost|p2b: Altaria|atk|1\n|-unboost|p2b: Altaria|spa|1\n|\n|t:|1776273190\n|switch|p1b: STAY WITH ME \ud83c\udfb5|Gengar-Mega, L50, F|80/100 brn|[from] Parting Shot\n|\n|-damage|p1b: STAY WITH ME \ud83c\udfb5|74/100 brn|[from] brn\n|-start|p2a: Dragapult|perish2\n|-start|p2b: Altaria|perish2\n|upkeep\n|turn|5\n|\n|t:|1776273227\n|switch|p1a: The King|Incineroar, L50, F|26/100\n|-ability|p1a: The King|Intimidate|boost\n|-fail|p2a: Dragapult|unboost|[from] ability: Clear Body|[of] p2a: Dragapult\n|-unboost|p2b: Altaria|atk|1\n|move|p1b: STAY WITH ME \ud83c\udfb5|Protect|p1b: STAY WITH ME \ud83c\udfb5\n|-singleturn|p1b: STAY WITH ME \ud83c\udfb5|Protect\n|move|p2a: Dragapult|Hex|p1a: The King\n|-resisted|p1a: The King|1\n|-damage|p1a: The King|21/100\n|move|p2b: Altaria|Hyper Voice|p1a: The King|[spread] p1a\n|-activate|p1b: STAY WITH ME \ud83c\udfb5|move: Protect\n|-damage|p1a: The King|7/100\n|\n|-damage|p1b: STAY WITH ME \ud83c\udfb5|68/100 brn|[from] brn\n|-start|p2a: Dragapult|perish1\n|-start|p2b: Altaria|perish1\n|-sideend|p2: Zordor|move: Light Screen\n|upkeep\n|turn|6\n|\n|t:|1776273249\n|switch|p2a: Kingambit|Kingambit, L50, M|100/100\n|switch|p1b: LET IT RIP|Kommo-o, L50, M|100/100\n|move|p1a: The King|Fake Out|p2b: Altaria\n|-damage|p2b: Altaria|90/100\n|cant|p2b: Altaria|flinch\n|\n|-start|p2b: Altaria|perish0\n|upkeep\n|faint|p2b: Altaria\n|\n|t:|1776273256\n|switch|p2b: Dragapult|Dragapult, L50, F|100/100\n|turn|7\n|l| qmurda\n|\n|t:|1776273276\n|move|p2b: Dragapult|Draco Meteor|p1b: LET IT RIP\n|-supereffective|p1b: LET IT RIP|1\n|-damage|p1b: LET IT RIP|0 fnt\n|-unboost|p2b: Dragapult|spa|2\n|faint|p1b: LET IT RIP\n|move|p1a: The King|Flare Blitz|p2a: Kingambit\n|-supereffective|p2a: Kingambit|1\n|-damage|p2a: Kingambit|37/100\n|-damage|p1a: The King|0 fnt|[from] Recoil\n|faint|p1a: The King\n|move|p2a: Kingambit|Kowtow Cleave|p1: The King|[notarget]\n|-fail|p2a: Kingambit\n|\n|upkeep\n|\n|t:|1776273283\n|switch|p1b: beer|Sinistcha-Masterpiece, L50|26/100\n|switch|p1a: STAY WITH ME \ud83c\udfb5|Gengar-Mega, L50, F|68/100 brn\n|-heal|p1a: STAY WITH ME \ud83c\udfb5|93/100 brn|[from] ability: Hospitality|[of] p1b: beer\n|turn|8\n|c|\u2606mynamegrassgreen|ohh\n|l| chasekg\n|c|\u2606mynamegrassgreen|sonit was a roll\n|l| Thogi_\n|\n|t:|1776273309\n|move|p2b: Dragapult|Hex|p1a: STAY WITH ME \ud83c\udfb5\n|-supereffective|p1a: STAY WITH ME \ud83c\udfb5|1\n|-damage|p1a: STAY WITH ME \ud83c\udfb5|30/100 brn\n|move|p1a: STAY WITH ME \ud83c\udfb5|Shadow Ball|p2b: Dragapult\n|-supereffective|p2b: Dragapult|1\n|-damage|p2b: Dragapult|0 fnt\n|faint|p2b: Dragapult\n|move|p1b: beer|Strength Sap|p2a: Kingambit\n|-unboost|p2a: Kingambit|atk|1\n|-ability|p2a: Kingambit|Defiant|boost\n|-boost|p2a: Kingambit|atk|2\n|-heal|p1b: beer|100/100\n|move|p2a: Kingambit|Kowtow Cleave|p1b: beer\n|-supereffective|p1b: beer|1\n|-damage|p1b: beer|0 fnt\n|faint|p1b: beer\n|\n|-damage|p1a: STAY WITH ME \ud83c\udfb5|24/100 brn|[from] brn\n|upkeep\n|\n|t:|1776273312\n|switch|p2b: Sneasler|Sneasler, L50, F|100/100\n|turn|9\n|c|\u2606mynamegrassgreen|ggs wp\n|j| felipesol2\n|c|\u2606mynamegrassgreen|07\n|c|\u2606Zordor|You too\n|l| BIGGY STEELS\n|-message|mynamegrassgreen forfeited.\n|\n|win|Zordor\n|l| Zonkah\n",
  "uploadtime": 1776273327,
  "views": 30,
  "formatid": "gen9championsvgc2026regma",
  "rating": null,
  "private": 0,
  "password": null
}