{
  "id": "gen9championsvgc2026regma-2582730724",
  "format": "[Gen 9 Champions] VGC 2026 Reg M-A",
  "players": [
    "zlhsrqww",
    "namboyVGC"
  ],
  "log": "|j|\u2606zlhsrqww\n|j|\u2606namboyVGC\n|t:|1776110176\n|gametype|doubles\n|player|p1|zlhsrqww|102|1115\n|player|p2|namboyVGC|pokemonranger-gen4|1111\n|gen|9\n|tier|[Gen 9 Champions] VGC 2026 Reg M-A\n|rated|\n|rule|Species Clause: Limit one of each Pok\u00e9mon\n|rule|Item Clause: Limit 1 of each item\n|clearpoke\n|poke|p1|Delphox, L50, M|\n|poke|p1|Clefable, L50, F|\n|poke|p1|Basculegion, L50, M|\n|poke|p1|Sneasler, L50, F|\n|poke|p1|Garchomp, L50, F|\n|poke|p1|Rotom-Wash, L50|\n|poke|p2|Blastoise, L50, M|\n|poke|p2|Meowstic, L50, M|\n|poke|p2|Alakazam, L50, F|\n|poke|p2|Clefable, L50, M|\n|poke|p2|Talonflame, L50, F|\n|poke|p2|Sneasler, L50, M|\n|teampreview|4\nnamboyVGC has agreed to open team sheets.\n|\n|t:|1776110207\n|teamsize|p1|4\n|teamsize|p2|4\n|start\n|switch|p1a: Sneasler|Sneasler, L50, F|100/100\n|switch|p1b: Delphox|Delphox, L50, M|100/100\n|switch|p2a: Blastoise|Blastoise, L50, M|100/100\n|switch|p2b: Clefable|Clefable, L50, M|100/100\n|turn|1\n|\n|t:|1776110221\n|detailschange|p1b: Delphox|Delphox-Mega, L50, M\n|-mega|p1b: Delphox|Delphox|Delphoxite\n|move|p1b: Delphox|Protect|p1b: Delphox\n|-singleturn|p1b: Delphox|Protect\n|move|p2a: Blastoise|Protect|p2a: Blastoise\n|-singleturn|p2a: Blastoise|Protect\n|move|p2b: Clefable|Protect|p2b: Clefable\n|-singleturn|p2b: Clefable|Protect\n|move|p1a: Sneasler|Dire Claw|p2b: Clefable\n|-activate|p2b: Clefable|move: Protect\n|\n|upkeep\n|turn|2\n|\n|t:|1776110239\n|detailschange|p2a: Blastoise|Blastoise-Mega, L50, M\n|-mega|p2a: Blastoise|Blastoise|Blastoisinite\n|move|p2b: Clefable|Follow Me|p2b: Clefable\n|-singleturn|p2b: Clefable|move: Follow Me\n|move|p1b: Delphox|Substitute|p1b: Delphox\n|-start|p1b: Delphox|Substitute\n|-damage|p1b: Delphox|76/100\n|move|p1a: Sneasler|Dire Claw|p2b: Clefable\n|-supereffective|p2b: Clefable|1\n|-damage|p2b: Clefable|20/100\n|-enditem|p2b: Clefable|Sitrus Berry|[eat]\n|-heal|p2b: Clefable|45/100|[from] item: Sitrus Berry\n|move|p2a: Blastoise|Shell Smash|p2a: Blastoise\n|-unboost|p2a: Blastoise|def|1\n|-unboost|p2a: Blastoise|spd|1\n|-boost|p2a: Blastoise|atk|2\n|-boost|p2a: Blastoise|spa|2\n|-boost|p2a: Blastoise|spe|2\n|\n|upkeep\n|turn|3\n|\n|t:|1776110264\n|move|p2b: Clefable|Follow Me|p2b: Clefable\n|-singleturn|p2b: Clefable|move: Follow Me\n|move|p2a: Blastoise|Water Spout|p1b: Delphox|[spread] p1a,p1b\n|-supereffective|p1b: Delphox|1\n|-end|p1b: Delphox|Substitute\n|-enditem|p1a: Sneasler|Focus Sash\n|-damage|p1a: Sneasler|1/100\n|move|p1a: Sneasler|Dire Claw|p2b: Clefable\n|-supereffective|p2b: Clefable|1\n|-damage|p2b: Clefable|0 fnt\n|faint|p2b: Clefable\n|move|p1b: Delphox|Psychic|p2a: Blastoise\n|-damage|p2a: Blastoise|24/100\n|\n|upkeep\n|\n|t:|1776110282\n|switch|p2b: Talonflame|Talonflame, L50, F|100/100\n|turn|4\n|\n|t:|1776110293\n|move|p1a: Sneasler|Protect|p1a: Sneasler\n|-singleturn|p1a: Sneasler|Protect\n|move|p2b: Talonflame|Acrobatics|p1b: Delphox\n|-damage|p1b: Delphox|42/100\n|move|p2a: Blastoise|Water Spout|p1a: Sneasler|[spread] p1b\n|-activate|p1a: Sneasler|move: Protect\n|-supereffective|p1b: Delphox|1\n|-damage|p1b: Delphox|0 fnt\n|faint|p1b: Delphox\n|\n|upkeep\n|\n|t:|1776110298\n|switch|p1b: Basculegion|Basculegion, L50, M|100/100\n|turn|5\n|\n|t:|1776110329\n|move|p1b: Basculegion|Aqua Jet|p2b: Talonflame\n|-supereffective|p2b: Talonflame|1\n|-damage|p2b: Talonflame|18/100\n|move|p1a: Sneasler|Dire Claw|p2a: Blastoise\n|-damage|p2a: Blastoise|0 fnt\n|faint|p2a: Blastoise\n|move|p2b: Talonflame|Tailwind|p2b: Talonflame\n|-sidestart|p2: namboyVGC|move: Tailwind\n|\n|upkeep\n|\n|t:|1776110338\n|switch|p2a: Sneasler|Sneasler, L50, M|100/100\n|-ability|p2a: Sneasler|Pressure\n|turn|6\n|\n|t:|1776110351\n|move|p2b: Talonflame|Protect|p2b: Talonflame\n|-singleturn|p2b: Talonflame|Protect\n|move|p1b: Basculegion|Aqua Jet|p2b: Talonflame\n|-activate|p2b: Talonflame|move: Protect\n|move|p1a: Sneasler|Dire Claw|p2a: Sneasler\n|-resisted|p2a: Sneasler|1\n|-damage|p2a: Sneasler|67/100\n|move|p2a: Sneasler|Dire Claw|p1b: Basculegion\n|-resisted|p1b: Basculegion|1\n|-damage|p1b: Basculegion|71/100\n|\n|upkeep\n|turn|7\n|\n|t:|1776110366\n|move|p2b: Talonflame|Protect|p2b: Talonflame\n|-singleturn|p2b: Talonflame|Protect\n|move|p1b: Basculegion|Aqua Jet|p2b: Talonflame\n|-activate|p2b: Talonflame|move: Protect\n|move|p1a: Sneasler|Dire Claw|p2a: Sneasler\n|-resisted|p2a: Sneasler|1\n|-damage|p2a: Sneasler|30/100\n|move|p2a: Sneasler|Dire Claw|p1b: Basculegion\n|-resisted|p1b: Basculegion|1\n|-crit|p1b: Basculegion\n|-damage|p1b: Basculegion|27/100\n|\n|upkeep\n|turn|8\n|\n|t:|1776110384\n|move|p1b: Basculegion|Aqua Jet|p2b: Talonflame\n|-supereffective|p2b: Talonflame|1\n|-damage|p2b: Talonflame|0 fnt\n|faint|p2b: Talonflame\n|move|p1a: Sneasler|Dire Claw|p2a: Sneasler\n|-resisted|p2a: Sneasler|1\n|-damage|p2a: Sneasler|0 fnt\n|faint|p2a: Sneasler\n|\n|win|zlhsrqww\n|raw|zlhsrqww's rating: 1115 &rarr; <strong>1140</strong><br />(+25 for winning)\n|raw|namboyVGC's rating: 1111 &rarr; <strong>1086</strong><br />(-25 for losing)\n",
  "uploadtime": 1776110384,
  "views": 22,
  "formatid": "gen9championsvgc2026regma",
  "rating": 1086,
  "private": 0,
  "password": null
}