{
  "id": "gen9championsvgc2026regma-2584672803",
  "format": "[Gen 9 Champions] VGC 2026 Reg M-A",
  "players": [
    "hard tr bd",
    "Gelatina79"
  ],
  "log": "|j|\u2606hard tr bd\n|j|\u2606Gelatina79\n|t:|1776275877\n|gametype|doubles\n|player|p1|hard tr bd|nate|1188\n|player|p2|Gelatina79|artist-gen4|1144\n|gen|9\n|tier|[Gen 9 Champions] VGC 2026 Reg M-A\n|rated|\n|rule|Species Clause: Limit one of each Pok\u00e9mon\n|rule|Item Clause: Limit 1 of each item\n|clearpoke\n|poke|p1|Floette-Eternal, L50, F|\n|poke|p1|Incineroar, L50, F|\n|poke|p1|Pelipper, L50, F|\n|poke|p1|Maushold, L50|\n|poke|p1|Basculegion, L50, M|\n|poke|p1|Sinistcha-Masterpiece, L50|\n|poke|p2|Tyranitar, L50, M|\n|poke|p2|Incineroar, L50, F|\n|poke|p2|Gengar, L50, M|\n|poke|p2|Excadrill, L50, F|\n|poke|p2|Kommo-o, L50, M|\n|poke|p2|Sinistcha, L50|\n|teampreview|4\n|inactive|Battle timer is ON: inactive players will automatically lose when time's up. (requested by Gelatina79)\n|inactive|hard tr bd has 60 seconds left.\n|inactive|Gelatina79 has 60 seconds left.\n|\n|t:|1776275917\n|teamsize|p1|4\n|teamsize|p2|4\n|start\n|switch|p1a: Maushold|Maushold, L50|100/100\n|switch|p1b: Floette|Floette-Eternal, L50, F|100/100\n|switch|p2a: Tyranitar|Tyranitar, L50, M|100/100\n|switch|p2b: Incineroar|Incineroar, L50, F|100/100\n|-weather|Sandstorm|[from] ability: Sand Stream|[of] p2a: Tyranitar\n|-ability|p2b: Incineroar|Intimidate|boost\n|-unboost|p1a: Maushold|atk|1\n|-unboost|p1b: Floette|atk|1\n|turn|1\n|\n|t:|1776275929\n|detailschange|p1b: Floette|Floette-Mega, L50, F\n|-mega|p1b: Floette|Floette|Floettite\n|-ability|p1b: Floette|Fairy Aura\n|detailschange|p2a: Tyranitar|Tyranitar-Mega, L50, M\n|-mega|p2a: Tyranitar|Tyranitar|Tyranitarite\n|move|p2b: Incineroar|Fake Out|p1b: Floette\n|-damage|p1b: Floette|92/100\n|move|p1a: Maushold|Super Fang|p2b: Incineroar\n|-damage|p2b: Incineroar|50/100\n|cant|p1b: Floette|flinch\n|move|p2a: Tyranitar|Rock Slide|p1a: Maushold|[spread] p1a,p1b\n|-damage|p1a: Maushold|54/100\n|-damage|p1b: Floette|61/100\n|\n|-weather|Sandstorm|[upkeep]\n|-damage|p1a: Maushold|48/100|[from] Sandstorm\n|-damage|p1b: Floette|55/100|[from] Sandstorm\n|-damage|p2b: Incineroar|45/100|[from] Sandstorm\n|upkeep\n|turn|2\n|inactive|Gelatina79 has 30 seconds left.\n|\n|t:|1776275955\n|move|p2a: Tyranitar|Protect|p2a: Tyranitar\n|-singleturn|p2a: Tyranitar|Protect\n|move|p1a: Maushold|Super Fang|p2a: Tyranitar\n|-activate|p2a: Tyranitar|move: Protect\n|move|p1b: Floette|Dazzling Gleam|p2b: Incineroar|[spread] p2b\n|-activate|p2a: Tyranitar|move: Protect\n|-damage|p2b: Incineroar|3/100\n|move|p2b: Incineroar|Flare Blitz|p1b: Floette\n|-damage|p1b: Floette|19/100\n|-damage|p2b: Incineroar|0 fnt|[from] Recoil\n|faint|p2b: Incineroar\n|\n|-weather|Sandstorm|[upkeep]\n|-damage|p1a: Maushold|43/100|[from] Sandstorm\n|-damage|p1b: Floette|13/100|[from] Sandstorm\n|upkeep\n|\n|t:|1776275966\n|switch|p2b: Excadrill|Excadrill, L50, F|100/100\n|turn|3\n|\n|t:|1776275971\n|switch|p1a: Sinistcha|Sinistcha-Masterpiece, L50|100/100\n|-heal|p1b: Floette|37/100|[from] ability: Hospitality|[of] p1a: Sinistcha\n|move|p1b: Floette|Protect|p1b: Floette\n|-singleturn|p1b: Floette|Protect\n|move|p2b: Excadrill|Rock Slide|p1b: Floette|[spread] p1a\n|-activate|p1b: Floette|move: Protect\n|-damage|p1a: Sinistcha|80/100\n|move|p2a: Tyranitar|Rock Slide|p1a: Sinistcha|[spread] p1a\n|-activate|p1b: Floette|move: Protect\n|-damage|p1a: Sinistcha|45/100\n|\n|-weather|Sandstorm|[upkeep]\n|-damage|p1b: Floette|31/100|[from] Sandstorm\n|-damage|p1a: Sinistcha|39/100|[from] Sandstorm\n|upkeep\n|turn|4\n|inactive|hard tr bd has 30 seconds left.\n|\n|t:|1776275998\n|move|p1a: Sinistcha|Rage Powder|p1a: Sinistcha\n|-singleturn|p1a: Sinistcha|move: Rage Powder\n|move|p2b: Excadrill|Iron Head|p1a: Sinistcha\n|-damage|p1a: Sinistcha|0 fnt\n|faint|p1a: Sinistcha\n|move|p1b: Floette|Dazzling Gleam|p2a: Tyranitar|[spread] p2a,p2b\n|-supereffective|p2a: Tyranitar|1\n|-resisted|p2b: Excadrill|1\n|-damage|p2a: Tyranitar|52/100\n|-damage|p2b: Excadrill|69/100\n|move|p2a: Tyranitar|Rock Slide|p1b: Floette\n|-damage|p1b: Floette|0 fnt\n|faint|p1b: Floette\n|\n|-weather|Sandstorm|[upkeep]\n|upkeep\n|\n|t:|1776276009\n|switch|p1b: Maushold|Maushold, L50|43/100\n|switch|p1a: Basculegion|Basculegion, L50, M|100/100\n|turn|5\n|\n|t:|1776276027\n|switch|p2a: Sinistcha|Sinistcha, L50|100/100\n|-heal|p2b: Excadrill|93/100|[from] ability: Hospitality|[of] p2a: Sinistcha\n|move|p1b: Maushold|Follow Me|p1b: Maushold\n|-singleturn|p1b: Maushold|move: Follow Me\n|move|p1a: Basculegion|Aqua Jet|p2b: Excadrill\n|-supereffective|p2b: Excadrill|1\n|-damage|p2b: Excadrill|28/100\n|move|p2b: Excadrill|High Horsepower|p1b: Maushold\n|-damage|p1b: Maushold|0 fnt\n|faint|p1b: Maushold\n|\n|-weather|none\n|upkeep\n|turn|6\n|inactive|Gelatina79 has 30 seconds left.\n|inactive|Gelatina79 has 20 seconds left.\n|\n|t:|1776276064\n|move|p2b: Excadrill|Protect|p2b: Excadrill\n|-singleturn|p2b: Excadrill|Protect\n|move|p2a: Sinistcha|Protect|p2a: Sinistcha\n|-singleturn|p2a: Sinistcha|Protect\n|move|p1a: Basculegion|Last Respects|p2a: Sinistcha\n|-activate|p2a: Sinistcha|move: Protect\n|\n|upkeep\n|turn|7\n|\n|t:|1776276075\n|move|p2a: Sinistcha|Rage Powder|p2a: Sinistcha\n|-singleturn|p2a: Sinistcha|move: Rage Powder\n|move|p2b: Excadrill|High Horsepower|p1a: Basculegion\n|-damage|p1a: Basculegion|22/100\n|move|p1a: Basculegion|Last Respects|p2a: Sinistcha\n|-supereffective|p2a: Sinistcha|1\n|-crit|p2a: Sinistcha\n|-damage|p2a: Sinistcha|0 fnt\n|faint|p2a: Sinistcha\n|\n|upkeep\n|\n|t:|1776276080\n|switch|p2a: Tyranitar|Tyranitar-Mega, L50, M|52/100\n|-weather|Sandstorm|[from] ability: Sand Stream|[of] p2a: Tyranitar\n|turn|8\n|\n|t:|1776276091\n|move|p2b: Excadrill|Protect|p2b: Excadrill\n|-singleturn|p2b: Excadrill|Protect\n|move|p2a: Tyranitar|Protect|p2a: Tyranitar\n|-singleturn|p2a: Tyranitar|Protect\n|move|p1a: Basculegion|Aqua Jet|p2a: Tyranitar\n|-activate|p2a: Tyranitar|move: Protect\n|\n|-weather|Sandstorm|[upkeep]\n|-damage|p1a: Basculegion|16/100|[from] Sandstorm\n|upkeep\n|turn|9\n|\n|t:|1776276100\n|move|p1a: Basculegion|Aqua Jet|p2a: Tyranitar\n|-supereffective|p2a: Tyranitar|1\n|-damage|p2a: Tyranitar|25/100\n|move|p2b: Excadrill|Iron Head|p1a: Basculegion\n|-resisted|p1a: Basculegion|1\n|-damage|p1a: Basculegion|0 fnt\n|faint|p1a: Basculegion\n|\n|win|Gelatina79\n|raw|hard tr bd's rating: 1188 &rarr; <strong>1160</strong><br />(-28 for losing)\n|raw|Gelatina79's rating: 1144 &rarr; <strong>1172</strong><br />(+28 for winning)\n",
  "uploadtime": 1776276105,
  "views": 21,
  "formatid": "gen9championsvgc2026regma",
  "rating": 1160,
  "private": 0,
  "password": null
}