{
  "id": "gen9championsvgc2026regma-2585527326",
  "format": "[Gen 9 Champions] VGC 2026 Reg M-A",
  "players": [
    "Arachnocomm",
    "rocco_2169"
  ],
  "log": "|j|\u2606Arachnocomm\n|j|\u2606rocco_2169\n|t:|1776353469\n|gametype|doubles\n|player|p1|Arachnocomm|gambler|1040\n|player|p2|rocco_2169|gardenia|1133\n|gen|9\n|tier|[Gen 9 Champions] VGC 2026 Reg M-A\n|rated|\n|rule|Species Clause: Limit one of each Pok\u00e9mon\n|rule|Item Clause: Limit 1 of each item\n|clearpoke\n|poke|p1|Aggron, L50, M|\n|poke|p1|Clefable, L50, M|\n|poke|p1|Farigiraf, L50, F|\n|poke|p1|Drampa, L50, M|\n|poke|p1|Rotom-Wash, L50|\n|poke|p1|Incineroar, L50, M|\n|poke|p2|Chesnaught, L50, M|\n|poke|p2|Slowking, L50, M|\n|poke|p2|Arcanine-Hisui, L50, F|\n|poke|p2|Aerodactyl, L50, F|\n|poke|p2|Kingambit, L50, M|\n|poke|p2|Dragapult, L50, M|\n|teampreview|4\n|\n|t:|1776353517\n|teamsize|p1|4\n|teamsize|p2|4\n|start\n|switch|p1a: Farigiraf|Farigiraf, L50, F, shiny|100/100\n|switch|p1b: Clefable|Clefable, L50, M, shiny|100/100\n|switch|p2a: Chesnaught|Chesnaught, L50, M, shiny|100/100\n|switch|p2b: Slowking|Slowking, L50, M|100/100\n|turn|1\n|\n|t:|1776353545\n|detailschange|p2a: Chesnaught|Chesnaught-Mega, L50, M, shiny\n|-mega|p2a: Chesnaught|Chesnaught|Chesnaughtite\n|move|p2a: Chesnaught|Spiky Shield|p2a: Chesnaught\n|-singleturn|p2a: Chesnaught|move: Protect\n|move|p1b: Clefable|Follow Me|p1b: Clefable\n|-singleturn|p1b: Clefable|move: Follow Me\n|move|p2b: Slowking|Scald|p1b: Clefable\n|-damage|p1b: Clefable|73/100\n|move|p1a: Farigiraf|Trick Room|p1a: Farigiraf\n|-fieldstart|move: Trick Room|[of] p1a: Farigiraf\n|\n|upkeep\n|turn|2\n|\n|t:|1776353567\n|switch|p1b: Incineroar|Incineroar, L50, M, shiny|100/100\n|-ability|p1b: Incineroar|Intimidate|boost\n|-unboost|p2a: Chesnaught|atk|1\n|-unboost|p2b: Slowking|atk|1\n|move|p2b: Slowking|Scald|p1b: Incineroar|[miss]\n|-miss|p2b: Slowking|p1b: Incineroar\n|move|p2a: Chesnaught|Wood Hammer|p1b: Incineroar\n|-resisted|p1b: Incineroar|1\n|-damage|p1b: Incineroar|76/100\n|-damage|p2a: Chesnaught|92/100|[from] Recoil\n|move|p1a: Farigiraf|Hyper Voice|p2b: Slowking|[spread] p2a,p2b\n|-damage|p2a: Chesnaught|66/100\n|-damage|p2b: Slowking|72/100\n|\n|upkeep\n|turn|3\n|\n|t:|1776353595\n|move|p1b: Incineroar|Fake Out|p2b: Slowking\n|-damage|p2b: Slowking|60/100\n|cant|p2b: Slowking|flinch\n|move|p2a: Chesnaught|Body Press|p1a: Farigiraf\n|-damage|p1a: Farigiraf|54/100\n|move|p1a: Farigiraf|Hyper Voice|p2a: Chesnaught|[spread] p2a,p2b\n|-damage|p2a: Chesnaught|39/100\n|-damage|p2b: Slowking|31/100\n|\n|upkeep\n|turn|4\n|\n|t:|1776353618\n|move|p2b: Slowking|Scald|p1a: Farigiraf\n|-damage|p1a: Farigiraf|15/100\n|-status|p1a: Farigiraf|brn\n|-enditem|p1a: Farigiraf|Sitrus Berry|[eat]\n|-heal|p1a: Farigiraf|40/100 brn|[from] item: Sitrus Berry\n|move|p2a: Chesnaught|Body Press|p1b: Incineroar\n|-supereffective|p1b: Incineroar|1\n|-damage|p1b: Incineroar|0 fnt\n|faint|p1b: Incineroar\n|move|p1a: Farigiraf|Hyper Voice|p2b: Slowking|[spread] p2a,p2b\n|-damage|p2a: Chesnaught|9/100\n|-damage|p2b: Slowking|3/100\n|\n|-damage|p1a: Farigiraf|34/100 brn|[from] brn\n|upkeep\n|\n|t:|1776353635\n|switch|p1b: Aggron|Aggron, L50, M, shiny|100/100\n|turn|5\n|\n|t:|1776353652\n|detailschange|p1b: Aggron|Aggron-Mega, L50, M, shiny\n|-mega|p1b: Aggron|Aggron|Aggronite\n|move|p1a: Farigiraf|Protect|p1a: Farigiraf\n|-singleturn|p1a: Farigiraf|Protect\n|move|p2b: Slowking|Scald|p1a: Farigiraf\n|-activate|p1a: Farigiraf|move: Protect\n|move|p2a: Chesnaught|Body Press|p1b: Aggron\n|-supereffective|p1b: Aggron|1\n|-damage|p1b: Aggron|75/100\n|move|p1b: Aggron|Earthquake|p2a: Chesnaught|[spread] p2a,p2b\n|-activate|p1a: Farigiraf|move: Protect\n|-resisted|p2a: Chesnaught|1\n|-damage|p2a: Chesnaught|3/100\n|-damage|p2b: Slowking|0 fnt\n|faint|p2b: Slowking\n|\n|-damage|p1a: Farigiraf|28/100 brn|[from] brn\n|-fieldend|move: Trick Room\n|upkeep\n|\n|t:|1776353673\n|switch|p2b: Arcanine|Arcanine-Hisui, L50, F|100/100\n|-ability|p2b: Arcanine|Intimidate|boost\n|-unboost|p1a: Farigiraf|atk|1\n|-unboost|p1b: Aggron|atk|1\n|turn|6\n|\n|t:|1776353684\n|switch|p1a: Clefable|Clefable, L50, M, shiny|73/100\n|move|p2b: Arcanine|Flare Blitz|p1a: Clefable\n|-damage|p1a: Clefable|0 fnt\n|-start|p2b: Arcanine|Attract|[from] ability: Cute Charm|[of] p1a: Clefable\n|faint|p1a: Clefable\n|-damage|p2b: Arcanine|72/100|[from] Recoil\n|-end|p2b: Arcanine|Attract|[silent]\n|move|p1b: Aggron|Body Press|p2b: Arcanine\n|-supereffective|p2b: Arcanine|1\n|-damage|p2b: Arcanine|0 fnt\n|faint|p2b: Arcanine\n|move|p2a: Chesnaught|Body Press|p1b: Aggron\n|-supereffective|p1b: Aggron|1\n|-damage|p1b: Aggron|50/100\n|\n|upkeep\n|\n|t:|1776353700\n|switch|p2b: Kingambit|Kingambit, L50, M, shiny|100/100\n|switch|p1a: Farigiraf|Farigiraf, L50, F, shiny|28/100 brn\n|turn|7\n|\n|t:|1776353715\n|move|p1a: Farigiraf|Hyper Voice|p2b: Kingambit|[spread] p2a,p2b\n|-resisted|p2b: Kingambit|1\n|-damage|p2a: Chesnaught|0 fnt\n|-damage|p2b: Kingambit|86/100\n|faint|p2a: Chesnaught\n|move|p1b: Aggron|Body Press|p2b: Kingambit\n|-supereffective|p2b: Kingambit|2\n|-damage|p2b: Kingambit|0 fnt\n|faint|p2b: Kingambit\n|\n|win|Arachnocomm\n|raw|Arachnocomm's rating: 1040 &rarr; <strong>1083</strong><br />(+43 for winning)\n|raw|rocco_2169's rating: 1133 &rarr; <strong>1101</strong><br />(-32 for losing)\n|l|\u2606rocco_2169\n|player|p2|\n",
  "uploadtime": 1776353727,
  "views": 27,
  "formatid": "gen9championsvgc2026regma",
  "rating": 1083,
  "private": 0,
  "password": null
}