{
  "id": "gen9championsvgc2026regma-2585080665",
  "format": "[Gen 9 Champions] VGC 2026 Reg M-A",
  "players": [
    "Granny Pie",
    "MrTriplecard"
  ],
  "log": "|j|\u2606Granny Pie\n|j|\u2606MrTriplecard\n|t:|1776309715\n|gametype|doubles\n|player|p1|Granny Pie|medium|1111\n|player|p2|MrTriplecard|clair|1041\n|gen|9\n|tier|[Gen 9 Champions] VGC 2026 Reg M-A\n|rated|\n|rule|Species Clause: Limit one of each Pok\u00e9mon\n|rule|Item Clause: Limit 1 of each item\n|clearpoke\n|poke|p1|Tyranitar, L50, F|\n|poke|p1|Aerodactyl, L50, M|\n|poke|p1|Garchomp, L50, F|\n|poke|p1|Excadrill, L50, F|\n|poke|p1|Meganium, L50, F|\n|poke|p1|Milotic, L50, M|\n|poke|p2|Aerodactyl, L50, F|\n|poke|p2|Incineroar, L50, F|\n|poke|p2|Floette-Eternal, L50, F|\n|poke|p2|Basculegion, L50, M|\n|poke|p2|Garchomp, L50, F|\n|poke|p2|Sneasler, L50, M|\n|teampreview|4\n|inactive|Battle timer is ON: inactive players will automatically lose when time's up. (requested by Granny Pie)\nMrTriplecard has agreed to open team sheets.\n|inactive|MrTriplecard has 60 seconds left.\n|\n|t:|1776309757\n|teamsize|p1|4\n|teamsize|p2|4\n|start\n|switch|p1a: Milotic|Milotic, L50, M|100/100\n|switch|p1b: Aerodactyl|Aerodactyl, L50, M|100/100\n|switch|p2a: Aerodactyl|Aerodactyl, L50, F|100/100\n|switch|p2b: Incineroar|Incineroar, L50, F|100/100\n|-ability|p2a: Aerodactyl|Unnerve\n|-ability|p1b: Aerodactyl|Unnerve\n|-ability|p2b: Incineroar|Intimidate|boost\n|-unboost|p1a: Milotic|atk|1\n|-ability|p1a: Milotic|Competitive|boost\n|-boost|p1a: Milotic|spa|2\n|-unboost|p1b: Aerodactyl|atk|1\n|turn|1\n|inactive|MrTriplecard has 30 seconds left.\n|inactive|MrTriplecard has 20 seconds left.\n|inactive|MrTriplecard has 15 seconds left.\n|\n|t:|1776309800\n|detailschange|p1b: Aerodactyl|Aerodactyl-Mega, L50, M\n|-mega|p1b: Aerodactyl|Aerodactyl|Aerodactylite\n|move|p2b: Incineroar|Fake Out|p1b: Aerodactyl\n|-resisted|p1b: Aerodactyl|1\n|-damage|p1b: Aerodactyl|93/100\n|cant|p1b: Aerodactyl|flinch\n|move|p2a: Aerodactyl|Tailwind|p2a: Aerodactyl\n|-sidestart|p2: MrTriplecard|move: Tailwind\n|move|p1a: Milotic|Muddy Water|p2a: Aerodactyl|[spread] p2b\n|-miss|p1a: Milotic|p2a: Aerodactyl\n|-supereffective|p2b: Incineroar|1\n|-damage|p2b: Incineroar|32/100\n|-enditem|p2b: Incineroar|Sitrus Berry|[eat]\n|-heal|p2b: Incineroar|57/100|[from] item: Sitrus Berry\n|\n|upkeep\n|turn|2\n|\n|t:|1776309822\n|move|p1b: Aerodactyl|Protect|p1b: Aerodactyl\n|-singleturn|p1b: Aerodactyl|Protect\n|move|p2a: Aerodactyl|Rock Slide|p1b: Aerodactyl|[spread] p1a\n|-activate|p1b: Aerodactyl|move: Protect\n|-damage|p1a: Milotic|80/100\n|move|p2b: Incineroar|Parting Shot|p1b: Aerodactyl\n|-activate|p1b: Aerodactyl|move: Protect\n|move|p1a: Milotic|Muddy Water|p2b: Incineroar|[spread] p2a,p2b\n|-supereffective|p2a: Aerodactyl|1\n|-supereffective|p2b: Incineroar|1\n|-enditem|p2a: Aerodactyl|Focus Sash\n|-damage|p2a: Aerodactyl|1/100\n|-damage|p2b: Incineroar|0 fnt\n|-unboost|p2a: Aerodactyl|accuracy|1\n|faint|p2b: Incineroar\n|\n|-heal|p1a: Milotic|86/100|[from] item: Leftovers\n|upkeep\n|\n|t:|1776309839\n|switch|p2b: Floette|Floette-Eternal, L50, F|100/100\n|turn|3\n|\n|t:|1776309852\n|switch|p1b: Tyranitar|Tyranitar, L50, F|100/100\n|-weather|Sandstorm|[from] ability: Sand Stream|[of] p1b: Tyranitar\n|detailschange|p2b: Floette|Floette-Mega, L50, F\n|-mega|p2b: Floette|Floette|Floettite\n|-ability|p2b: Floette|Fairy Aura\n|move|p2a: Aerodactyl|Rock Slide|p1b: Tyranitar|[spread] p1b\n|-miss|p2a: Aerodactyl|p1a: Milotic\n|-damage|p1b: Tyranitar|81/100\n|move|p2b: Floette|Light of Ruin|p1a: Milotic\n|-damage|p1a: Milotic|7/100\n|-damage|p2b: Floette|48/100|[from] Recoil\n|move|p1a: Milotic|Icy Wind|p2b: Floette|[spread] p2a,p2b\n|-supereffective|p2a: Aerodactyl|1\n|-damage|p2a: Aerodactyl|0 fnt\n|-damage|p2b: Floette|30/100\n|-unboost|p2b: Floette|spe|1\n|faint|p2a: Aerodactyl\n|\n|-weather|Sandstorm|[upkeep]\n|-damage|p2b: Floette|24/100|[from] Sandstorm\n|-damage|p1a: Milotic|1/100|[from] Sandstorm\n|-heal|p1a: Milotic|7/100|[from] item: Leftovers\n|upkeep\n|\n|t:|1776309869\n|switch|p2a: Sneasler|Sneasler, L50, M|100/100\n|turn|4\n|\n|t:|1776309879\n|move|p1a: Milotic|Protect|p1a: Milotic\n|-singleturn|p1a: Milotic|Protect\n|move|p1b: Tyranitar|Protect|p1b: Tyranitar\n|-singleturn|p1b: Tyranitar|Protect\n|move|p2a: Sneasler|Close Combat|p1b: Tyranitar\n|-activate|p1b: Tyranitar|move: Protect\n|move|p2b: Floette|Dazzling Gleam|p1b: Tyranitar|[spread] \n|-activate|p1a: Milotic|move: Protect\n|-activate|p1b: Tyranitar|move: Protect\n|\n|-weather|Sandstorm|[upkeep]\n|-damage|p2a: Sneasler|95/100|[from] Sandstorm\n|-damage|p2b: Floette|18/100|[from] Sandstorm\n|-damage|p1a: Milotic|1/100|[from] Sandstorm\n|-heal|p1a: Milotic|7/100|[from] item: Leftovers\n|-sideend|p2: MrTriplecard|move: Tailwind\n|upkeep\n|turn|5\n|\n|t:|1776309898\n|move|p2a: Sneasler|Close Combat|p1b: Tyranitar\n|-supereffective|p1b: Tyranitar|2\n|-enditem|p1b: Tyranitar|Chople Berry|[eat]\n|-enditem|p1b: Tyranitar|Chople Berry|[weaken]\n|-damage|p1b: Tyranitar|0 fnt\n|-unboost|p2a: Sneasler|def|1\n|-unboost|p2a: Sneasler|spd|1\n|faint|p1b: Tyranitar\n|-enditem|p2a: Sneasler|White Herb\n|-clearnegativeboost|p2a: Sneasler|[silent]\n|move|p2b: Floette|Dazzling Gleam|p1a: Milotic\n|-damage|p1a: Milotic|0 fnt\n|faint|p1a: Milotic\n|\n|-weather|Sandstorm|[upkeep]\n|-damage|p2a: Sneasler|89/100|[from] Sandstorm\n|-damage|p2b: Floette|12/100|[from] Sandstorm\n|upkeep\n|\n|t:|1776309908\n|switch|p1a: Aerodactyl|Aerodactyl-Mega, L50, M|93/100\n|switch|p1b: Excadrill|Excadrill, L50, F|100/100\n|turn|6\n|\n|t:|1776309919\n|move|p2a: Sneasler|Close Combat|p1b: Excadrill\n|-supereffective|p1b: Excadrill|1\n|-enditem|p1b: Excadrill|Focus Sash\n|-damage|p1b: Excadrill|1/100\n|-unboost|p2a: Sneasler|def|1\n|-unboost|p2a: Sneasler|spd|1\n|move|p1b: Excadrill|Earthquake|p2b: Floette|[spread] p2a,p2b\n|-immune|p1a: Aerodactyl\n|-supereffective|p2a: Sneasler|1\n|-damage|p2a: Sneasler|0 fnt\n|-damage|p2b: Floette|0 fnt\n|faint|p2a: Sneasler\n|faint|p2b: Floette\n|\n|win|Granny Pie\n|raw|Granny Pie's rating: 1111 &rarr; <strong>1131</strong><br />(+20 for winning)\n|raw|MrTriplecard's rating: 1041 &rarr; <strong>1028</strong><br />(-13 for losing)\n",
  "uploadtime": 1776309932,
  "views": 20,
  "formatid": "gen9championsvgc2026regma",
  "rating": 1028,
  "private": 0,
  "password": null
}