{
  "id": "gen9championsvgc2026regma-2587926552",
  "format": "[Gen 9 Champions] VGC 2026 Reg M-A",
  "players": [
    "xfgfgdgfdsgfgf",
    "Tepig_nNz_498"
  ],
  "log": "|j|\u2606xfgfgdgfdsgfgf\n|j|\u2606Tepig_nNz_498\n|t:|1776580088\n|gametype|doubles\n|player|p1|xfgfgdgfdsgfgf|scientist|1481\n|player|p2|Tepig_nNz_498|169|1612\n|gen|9\n|tier|[Gen 9 Champions] VGC 2026 Reg M-A\n|rated|\n|rule|Species Clause: Limit one of each Pok\u00e9mon\n|rule|Item Clause: Limit 1 of each item\n|clearpoke\n|poke|p1|Floette-Eternal, L50, F|\n|poke|p1|Garchomp, L50, M|\n|poke|p1|Sneasler, L50, F|\n|poke|p1|Aerodactyl, L50, F|\n|poke|p1|Rotom-Wash, L50|\n|poke|p1|Incineroar, L50, F|\n|poke|p2|Politoed, L50, M|\n|poke|p2|Archaludon, L50, M|\n|poke|p2|Pelipper, L50, M|\n|poke|p2|Dragonite, L50, M|\n|poke|p2|Whimsicott, L50, F|\n|poke|p2|Basculegion, L50, M|\n|teampreview|4\n|inactive|Battle timer is ON: inactive players will automatically lose when time's up. (requested by xfgfgdgfdsgfgf)\n|\n|t:|1776580105\n|teamsize|p1|4\n|teamsize|p2|4\n|start\n|switch|p1a: Rotom|Rotom-Wash, L50|100/100\n|switch|p1b: Floette|Floette-Eternal, L50, F|100/100\n|switch|p2a: Basculegion|Basculegion, L50, M|100/100\n|switch|p2b: Pelipper|Pelipper, L50, M|100/100\n|-weather|RainDance|[from] ability: Drizzle|[of] p2b: Pelipper\n|turn|1\n|\n|t:|1776580117\n|detailschange|p1b: Floette|Floette-Mega, L50, F\n|-mega|p1b: Floette|Floette|Floettite\n|-ability|p1b: Floette|Fairy Aura\n|move|p1b: Floette|Protect|p1b: Floette\n|-singleturn|p1b: Floette|Protect\n|move|p2a: Basculegion|Wave Crash|p1b: Floette\n|-activate|p1b: Floette|move: Protect\n|move|p1a: Rotom|Electroweb|p2a: Basculegion|[spread] p2a,p2b\n|-supereffective|p2a: Basculegion|1\n|-supereffective|p2b: Pelipper|2\n|-damage|p2a: Basculegion|69/100\n|-damage|p2b: Pelipper|14/100\n|-unboost|p2a: Basculegion|spe|1\n|-unboost|p2b: Pelipper|spe|1\n|-enditem|p2b: Pelipper|Sitrus Berry|[eat]\n|-heal|p2b: Pelipper|39/100|[from] item: Sitrus Berry\n|move|p2b: Pelipper|Tailwind|p2b: Pelipper\n|-sidestart|p2: Tepig_nNz_498|move: Tailwind\n|\n|-weather|RainDance|[upkeep]\n|upkeep\n|turn|2\n|\n|t:|1776580136\n|switch|p1b: Garchomp|Garchomp, L50, M|100/100\n|move|p2b: Pelipper|Wide Guard|p2b: Pelipper\n|-singleturn|p2b: Pelipper|Wide Guard\n|move|p2a: Basculegion|Wave Crash|p1b: Garchomp\n|-crit|p1b: Garchomp\n|-damage|p1b: Garchomp|0 fnt\n|-damage|p2a: Basculegion|57/100|[from] ability: Rough Skin|[of] p1b: Garchomp\n|faint|p1b: Garchomp\n|-damage|p2a: Basculegion|28/100|[from] Recoil\n|move|p1a: Rotom|Electroweb|p2b: Pelipper|[spread] \n|-activate|p2a: Basculegion|move: Wide Guard\n|-activate|p2b: Pelipper|move: Wide Guard\n|\n|-weather|RainDance|[upkeep]\n|upkeep\n|\n|t:|1776580150\n|switch|p1b: Sneasler|Sneasler, L50, F|100/100\n|turn|3\n|\n|t:|1776580174\n|move|p2a: Basculegion|Flip Turn|p1a: Rotom\n|-resisted|p1a: Rotom|1\n|-damage|p1a: Rotom|71/100\n|\n|t:|1776580177\n|switch|p2a: Archaludon|Archaludon, L50, M|100/100|[from] Flip Turn\n|move|p1a: Rotom|Electroweb|p2b: Pelipper|[spread] p2a,p2b\n|-resisted|p2a: Archaludon|1\n|-supereffective|p2b: Pelipper|2\n|-crit|p2b: Pelipper\n|-damage|p2a: Archaludon|90/100\n|-damage|p2b: Pelipper|0 fnt\n|-unboost|p2a: Archaludon|spe|1\n|-ability|p2a: Archaludon|Stamina|boost\n|-boost|p2a: Archaludon|def|1\n|faint|p2b: Pelipper\n|move|p1b: Sneasler|Close Combat|p2a: Archaludon\n|-supereffective|p2a: Archaludon|1\n|-damage|p2a: Archaludon|32/100\n|-unboost|p1b: Sneasler|def|1\n|-unboost|p1b: Sneasler|spd|1\n|-ability|p2a: Archaludon|Stamina|boost\n|-boost|p2a: Archaludon|def|1\n|-enditem|p1b: Sneasler|White Herb\n|-clearnegativeboost|p1b: Sneasler|[silent]\n|\n|-weather|RainDance|[upkeep]\n|-heal|p2a: Archaludon|38/100|[from] item: Leftovers\n|upkeep\n|j| Pokuchu\n|\n|t:|1776580197\n|switch|p2b: Basculegion|Basculegion, L50, M|28/100\n|turn|4\n|\n|t:|1776580210\n|move|p1b: Sneasler|Protect|p1b: Sneasler\n|-singleturn|p1b: Sneasler|Protect\n|move|p2b: Basculegion|Wave Crash|p1b: Sneasler\n|-activate|p1b: Sneasler|move: Protect\n|move|p1a: Rotom|Electroweb|p2a: Archaludon|[spread] p2a,p2b\n|-resisted|p2a: Archaludon|1\n|-supereffective|p2b: Basculegion|1\n|-damage|p2a: Archaludon|27/100\n|-damage|p2b: Basculegion|0 fnt\n|-unboost|p2a: Archaludon|spe|1\n|-ability|p2a: Archaludon|Stamina|boost\n|-boost|p2a: Archaludon|def|1\n|faint|p2b: Basculegion\n|move|p2a: Archaludon|Electro Shot||[still]\n|-prepare|p2a: Archaludon|Electro Shot\n|-boost|p2a: Archaludon|spa|1\n|-anim|p2a: Archaludon|Electro Shot|p1a: Rotom\n|-damage|p1a: Rotom|0 fnt\n|faint|p1a: Rotom\n|\n|-weather|RainDance|[upkeep]\n|-heal|p2a: Archaludon|33/100|[from] item: Leftovers\n|-sideend|p2: Tepig_nNz_498|move: Tailwind\n|upkeep\n|j| fulimba\n|\n|t:|1776580214\n|switch|p1a: Floette|Floette-Mega, L50, F|100/100\n|switch|p2b: Dragonite|Dragonite, L50, M|100/100\n|-ability|p1a: Floette|Fairy Aura\n|turn|5\n|j| sbpkshowdown\n|\n|t:|1776580237\n|detailschange|p2b: Dragonite|Dragonite-Mega, L50, M\n|-mega|p2b: Dragonite|Dragonite|Dragoninite\n|move|p1b: Sneasler|Close Combat|p2a: Archaludon\n|-supereffective|p2a: Archaludon|1\n|-damage|p2a: Archaludon|0 fnt\n|-unboost|p1b: Sneasler|def|1\n|-unboost|p1b: Sneasler|spd|1\n|faint|p2a: Archaludon\n|move|p2b: Dragonite|Tailwind|p2b: Dragonite\n|-sidestart|p2: Tepig_nNz_498|move: Tailwind\n|move|p1a: Floette|Dazzling Gleam|p2b: Dragonite\n|-supereffective|p2b: Dragonite|1\n|-damage|p2b: Dragonite|43/100\n|\n|-weather|none\n|upkeep\n|turn|6\n|\n|t:|1776580248\n|move|p1b: Sneasler|Protect|p1b: Sneasler\n|-singleturn|p1b: Sneasler|Protect\n|move|p1a: Floette|Protect|p1a: Floette\n|-singleturn|p1a: Floette|Protect\n|move|p2b: Dragonite|Hurricane|p1a: Floette\n|-activate|p1a: Floette|move: Protect\n|\n|upkeep\n|turn|7\n|\n|t:|1776580253\n|move|p1b: Sneasler|Dire Claw|p2b: Dragonite\n|-crit|p2b: Dragonite\n|-damage|p2b: Dragonite|0 fnt\n|faint|p2b: Dragonite\n|\n|win|xfgfgdgfdsgfgf\n|raw|xfgfgdgfdsgfgf's rating: 1481 &rarr; <strong>1508</strong><br />(+27 for winning)\n|raw|Tepig_nNz_498's rating: 1612 &rarr; <strong>1585</strong><br />(-27 for losing)\n|l|\u2606Tepig_nNz_498\n|player|p2|\n|l|\u2606xfgfgdgfdsgfgf\n|player|p1|\n|l| sbpkshowdown\n",
  "uploadtime": 1776580555,
  "views": 14,
  "formatid": "gen9championsvgc2026regma",
  "rating": 1508,
  "private": 0,
  "password": null
}