{
  "id": "gen9championsvgc2026regma-2585628856",
  "format": "[Gen 9 Champions] VGC 2026 Reg M-A",
  "players": [
    "snoringlax",
    "Markiito18"
  ],
  "log": "|j|\u2606snoringlax\n|j|\u2606Markiito18\n|t:|1776359909\n|gametype|doubles\n|player|p1|snoringlax|101|1240\n|player|p2|Markiito18|rood|1317\n|gen|9\n|tier|[Gen 9 Champions] VGC 2026 Reg M-A\n|rated|\n|rule|Species Clause: Limit one of each Pok\u00e9mon\n|rule|Item Clause: Limit 1 of each item\n|clearpoke\n|poke|p1|Blastoise, L50, M|\n|poke|p1|Sneasler, L50, M|\n|poke|p1|Garchomp, L50, M|\n|poke|p1|Aerodactyl, L50, M|\n|poke|p1|Sylveon, L50, F|\n|poke|p1|Sinistcha, L50|\n|poke|p2|Hydreigon, L50, F|\n|poke|p2|Sneasler, L50, M|\n|poke|p2|Aggron, L50, M|\n|poke|p2|Sinistcha, L50|\n|poke|p2|Tyranitar, L50, M|\n|poke|p2|Aerodactyl, L50, F|\n|teampreview|4\n|inactive|Battle timer is ON: inactive players will automatically lose when time's up. (requested by snoringlax)\n|inactive|Markiito18 has 60 seconds left.\n|inactive|Markiito18 has 30 seconds left.\n|inactive|Markiito18 has 20 seconds left.\n|inactive|Markiito18 has 15 seconds left.\n|inactive|Markiito18 has 10 seconds left.\n|inactive|Markiito18 has 5 seconds left.\n|\n|t:|1776360024\n|teamsize|p1|4\n|teamsize|p2|4\n|start\n|switch|p1a: Blastoise|Blastoise, L50, M|100/100\n|switch|p1b: Aerodactyl|Aerodactyl, L50, M|100/100\n|switch|p2a: Aerodactyl|Aerodactyl, L50, F, shiny|100/100\n|switch|p2b: Sneasler|Sneasler, L50, M, shiny|100/100\n|-ability|p1b: Aerodactyl|Unnerve\n|turn|1\n|\n|t:|1776360048\n|detailschange|p1a: Blastoise|Blastoise-Mega, L50, M\n|-mega|p1a: Blastoise|Blastoise|Blastoisinite\n|move|p1b: Aerodactyl|Tailwind|p1b: Aerodactyl\n|-sidestart|p1: snoringlax|move: Tailwind\n|move|p1a: Blastoise|Water Spout|p2b: Sneasler|[spread] p2a,p2b\n|-supereffective|p2a: Aerodactyl|1\n|-damage|p2a: Aerodactyl|0 fnt\n|-damage|p2b: Sneasler|9/100\n|faint|p2a: Aerodactyl\n|move|p2b: Sneasler|Close Combat|p1b: Aerodactyl\n|-enditem|p1b: Aerodactyl|Focus Sash\n|-damage|p1b: Aerodactyl|1/100\n|-unboost|p2b: Sneasler|def|1\n|-unboost|p2b: Sneasler|spd|1\n|-enditem|p2b: Sneasler|White Herb\n|-clearnegativeboost|p2b: Sneasler|[silent]\n|\n|upkeep\n|\n|t:|1776360061\n|switch|p2a: Sinistcha|Sinistcha, L50|100/100\n|-heal|p2b: Sneasler|34/100|[from] ability: Hospitality|[of] p2a: Sinistcha\n|turn|2\n|inactive|Markiito18 has 30 seconds left.\n|\n|t:|1776360094\n|move|p1b: Aerodactyl|Dual Wingbeat|p2b: Sneasler|[miss]\n|-miss|p1b: Aerodactyl|p2b: Sneasler\n|move|p2b: Sneasler|Dire Claw|p1a: Blastoise\n|-damage|p1a: Blastoise|65/100\n|-status|p1a: Blastoise|psn\n|move|p1a: Blastoise|Dark Pulse|p2a: Sinistcha\n|-supereffective|p2a: Sinistcha|1\n|-damage|p2a: Sinistcha|0 fnt\n|faint|p2a: Sinistcha\n|\n|-damage|p1a: Blastoise|53/100 psn|[from] psn\n|upkeep\n|\n|t:|1776360109\n|switch|p2a: Aggron|Aggron, L50, M, shiny|100/100\n|turn|3\n|\n|t:|1776360131\n|detailschange|p2a: Aggron|Aggron-Mega, L50, M, shiny\n|-mega|p2a: Aggron|Aggron|Aggronite\n|move|p1b: Aerodactyl|Dual Wingbeat|p2b: Sneasler|[miss]\n|-miss|p1b: Aerodactyl|p2b: Sneasler\n|move|p2b: Sneasler|Dire Claw|p1b: Aerodactyl\n|-resisted|p1b: Aerodactyl|1\n|-damage|p1b: Aerodactyl|0 fnt\n|faint|p1b: Aerodactyl\n|move|p1a: Blastoise|Shell Smash|p1a: Blastoise\n|-unboost|p1a: Blastoise|def|1\n|-unboost|p1a: Blastoise|spd|1\n|-boost|p1a: Blastoise|atk|2\n|-boost|p1a: Blastoise|spa|2\n|-boost|p1a: Blastoise|spe|2\n|move|p2a: Aggron|Body Press|p1a: Blastoise\n|-damage|p1a: Blastoise|0 fnt\n|faint|p1a: Blastoise\n|\n|upkeep\n|\n|t:|1776360140\n|switch|p1b: Sneasler|Sneasler, L50, M|100/100\n|switch|p1a: Garchomp|Garchomp, L50, M|100/100\n|turn|4\n|inactive|Markiito18 has 30 seconds left.\n|\n|t:|1776360168\n|move|p1b: Sneasler|Protect|p1b: Sneasler\n|-singleturn|p1b: Sneasler|Protect\n|move|p1a: Garchomp|Earthquake|p2b: Sneasler|[spread] p2a,p2b\n|-activate|p1b: Sneasler|move: Protect\n|-supereffective|p2a: Aggron|1\n|-supereffective|p2b: Sneasler|1\n|-damage|p2a: Aggron|70/100\n|-damage|p2b: Sneasler|0 fnt\n|faint|p2b: Sneasler\n|move|p2a: Aggron|Iron Defense|p2a: Aggron\n|-boost|p2a: Aggron|def|2\n|\n|-sideend|p1: snoringlax|move: Tailwind\n|upkeep\n|turn|5\n|\n|t:|1776360184\n|move|p1a: Garchomp|Earthquake|p2a: Aggron|[spread] p1b,p2a\n|-supereffective|p1b: Sneasler|1\n|-supereffective|p2a: Aggron|1\n|-damage|p1b: Sneasler|0 fnt\n|-damage|p2a: Aggron|55/100\n|faint|p1b: Sneasler\n|move|p2a: Aggron|Iron Defense|p2a: Aggron\n|-boost|p2a: Aggron|def|2\n|\n|upkeep\n|turn|6\n|\n|t:|1776360194\n|move|p1a: Garchomp|Earthquake|p2a: Aggron\n|-supereffective|p2a: Aggron|1\n|-damage|p2a: Aggron|41/100\n|move|p2a: Aggron|Body Press|p1a: Garchomp\n|-damage|p1a: Garchomp|0 fnt\n|-damage|p2a: Aggron|29/100|[from] ability: Rough Skin|[of] p1a: Garchomp\n|faint|p1a: Garchomp\n|\n|win|Markiito18\n|raw|snoringlax's rating: 1240 &rarr; <strong>1220</strong><br />(-20 for losing)\n|raw|Markiito18's rating: 1317 &rarr; <strong>1333</strong><br />(+16 for winning)\n",
  "uploadtime": 1776360200,
  "views": 27,
  "formatid": "gen9championsvgc2026regma",
  "rating": 1220,
  "private": 0,
  "password": null
}