{
  "id": "gen9championsvgc2026regma-2583851188",
  "format": "[Gen 9 Champions] VGC 2026 Reg M-A",
  "players": [
    "IdkImScared",
    "AndyLaVGC"
  ],
  "log": "|j|\u2606IdkImScared\n|j|\u2606AndyLaVGC\n|t:|1776202663\n|gametype|doubles\n|player|p1|IdkImScared|workerice|1191\n|player|p2|AndyLaVGC|101|1127\n|gen|9\n|tier|[Gen 9 Champions] VGC 2026 Reg M-A\n|rated|\n|rule|Species Clause: Limit one of each Pok\u00e9mon\n|rule|Item Clause: Limit 1 of each item\n|clearpoke\n|poke|p1|Froslass, L50, F|\n|poke|p1|Tauros-Paldea-Blaze, L50, M|\n|poke|p1|Whimsicott, L50, F|\n|poke|p1|Farigiraf, L50, M|\n|poke|p1|Garchomp, L50, F|\n|poke|p1|Rotom-Wash, L50|\n|poke|p2|Starmie, L50|\n|poke|p2|Pelipper, L50, F|\n|poke|p2|Incineroar, L50, F|\n|poke|p2|Tsareena, L50, F|\n|poke|p2|Kingambit, L50, M|\n|poke|p2|Glimmora, L50, M|\n|teampreview|4\n|c|\u2606IdkImScared|glhf\n|c|\u2606AndyLaVGC|u2\n|\n|t:|1776202717\n|teamsize|p1|4\n|teamsize|p2|4\n|start\n|switch|p1a: Froslass|Froslass, L50, F|100/100\n|switch|p1b: Whimsicott|Whimsicott, L50, F|100/100\n|switch|p2a: Starmie|Starmie, L50|100/100\n|switch|p2b: Incineroar|Incineroar, L50, F|100/100\n|-ability|p2b: Incineroar|Intimidate|boost\n|-unboost|p1a: Froslass|atk|1\n|-unboost|p1b: Whimsicott|atk|1\n|turn|1\n|\n|t:|1776202760\n|switch|p1b: Tauros|Tauros-Paldea-Blaze, L50, M|100/100\n|detailschange|p2a: Starmie|Starmie-Mega, L50\n|-mega|p2a: Starmie|Starmie|Starminite\n|detailschange|p1a: Froslass|Froslass-Mega, L50, F\n|-mega|p1a: Froslass|Froslass|Froslassite\n|-weather|Snowscape|[from] ability: Snow Warning|[of] p1a: Froslass\n|move|p2b: Incineroar|Fake Out|p1b: Tauros\n|-damage|p1b: Tauros|91/100\n|move|p1a: Froslass|Frost Breath|p1b: Tauros\n|-resisted|p1b: Tauros|1\n|-crit|p1b: Tauros\n|-damage|p1b: Tauros|55/100\n|-setboost|p1b: Tauros|atk|6|[from] ability: Anger Point\n|move|p2a: Starmie|Flip Turn|p1a: Froslass\n|-damage|p1a: Froslass|43/100\n|\n|t:|1776202777\n|switch|p2a: Pelipper|Pelipper, L50, F|100/100|[from] Flip Turn\n|-weather|RainDance|[from] ability: Drizzle|[of] p2a: Pelipper\n|\n|-weather|RainDance|[upkeep]\n|upkeep\n|turn|2\n|\n|t:|1776202804\n|move|p1a: Froslass|Shadow Ball|p2a: Pelipper\n|-damage|p2a: Pelipper|22/100\n|-unboost|p2a: Pelipper|spd|1\n|move|p1b: Tauros|Rock Slide|p2b: Incineroar|[spread] p2a,p2b\n|-supereffective|p2a: Pelipper|1\n|-supereffective|p2b: Incineroar|1\n|-damage|p2a: Pelipper|0 fnt\n|-damage|p2b: Incineroar|0 fnt\n|faint|p2a: Pelipper\n|faint|p2b: Incineroar\n|\n|-weather|RainDance|[upkeep]\n|upkeep\n|\n|t:|1776202810\n|switch|p2a: Tsareena|Tsareena, L50, F|100/100\n|switch|p2b: Starmie|Starmie-Mega, L50|100/100\n|turn|3\n|\n|t:|1776202832\n|switch|p1a: Whimsicott|Whimsicott, L50, F|100/100\n|move|p1b: Tauros|Protect|p1b: Tauros\n|-singleturn|p1b: Tauros|Protect\n|move|p2a: Tsareena|Seed Bomb|p1a: Whimsicott\n|-resisted|p1a: Whimsicott|1\n|-damage|p1a: Whimsicott|70/100\n|move|p2b: Starmie|Liquidation|p1b: Tauros\n|-activate|p1b: Tauros|move: Protect\n|\n|-weather|RainDance|[upkeep]\n|upkeep\n|turn|4\n|\n|t:|1776202848\n|move|p2b: Starmie|Aqua Jet|p1b: Tauros\n|-supereffective|p1b: Tauros|1\n|-damage|p1b: Tauros|0 fnt\n|faint|p1b: Tauros\n|move|p1a: Whimsicott|Tailwind|p1a: Whimsicott\n|-sidestart|p1: IdkImScared|move: Tailwind\n|move|p2a: Tsareena|Seed Bomb|p1a: Whimsicott\n|-resisted|p1a: Whimsicott|1\n|-damage|p1a: Whimsicott|39/100\n|\n|-weather|RainDance|[upkeep]\n|upkeep\n|\n|t:|1776202855\n|switch|p1b: Froslass|Froslass-Mega, L50, F|43/100\n|-weather|Snowscape|[from] ability: Snow Warning|[of] p1b: Froslass\n|turn|5\n|\n|t:|1776202879\n|move|p2b: Starmie|Aqua Jet|p1b: Froslass\n|-damage|p1b: Froslass|5/100\n|move|p1b: Froslass|Blizzard|p2b: Starmie|[spread] p2a,p2b\n|-supereffective|p2a: Tsareena|1\n|-resisted|p2b: Starmie|1\n|-damage|p2a: Tsareena|0 fnt\n|-damage|p2b: Starmie|73/100\n|faint|p2a: Tsareena\n|move|p1a: Whimsicott|Moonblast|p2b: Starmie\n|-damage|p2b: Starmie|30/100\n|-unboost|p2b: Starmie|spa|1\n|\n|-weather|Snowscape|[upkeep]\n|upkeep\n|turn|6\n|-message|AndyLaVGC forfeited.\n|\n|win|IdkImScared\n|raw|IdkImScared's rating: 1191 &rarr; <strong>1211</strong><br />(+20 for winning)\n|raw|AndyLaVGC's rating: 1127 &rarr; <strong>1107</strong><br />(-20 for losing)\n|l|\u2606AndyLaVGC\n|player|p2|\n|c|\u2606IdkImScared|gg\n",
  "uploadtime": 1776202895,
  "views": 29,
  "formatid": "gen9championsvgc2026regma",
  "rating": 1107,
  "private": 0,
  "password": null
}