{
  "id": "gen9championsvgc2026regma-2587044838",
  "format": "[Gen 9 Champions] VGC 2026 Reg M-A",
  "players": [
    "TheBallistic1",
    "LeChunkalo"
  ],
  "log": "|j|\u2606TheBallistic1\n|j|\u2606LeChunkalo\n|t:|1776486129\n|gametype|doubles\n|player|p1|TheBallistic1|colress|1023\n|player|p2|LeChunkalo|biker-gen4|1000\n|gen|9\n|tier|[Gen 9 Champions] VGC 2026 Reg M-A\n|rated|\n|rule|Species Clause: Limit one of each Pok\u00e9mon\n|rule|Item Clause: Limit 1 of each item\n|clearpoke\n|poke|p1|Floette-Eternal, L50, F|\n|poke|p1|Sneasler, L50, F|\n|poke|p1|Milotic, L50, M|\n|poke|p1|Incineroar, L50, M|\n|poke|p1|Sinistcha, L50|\n|poke|p1|Garchomp, L50, M|\n|poke|p2|Lucario, L50, M|\n|poke|p2|Pelipper, L50, F|\n|poke|p2|Archaludon, L50, F|\n|poke|p2|Palafin, L50, M|\n|poke|p2|Sinistcha, L50|\n|poke|p2|Mamoswine, L50, M|\n|teampreview|4\n|inactive|Battle timer is ON: inactive players will automatically lose when time's up. (requested by LeChunkalo)\n|inactive|LeChunkalo has 60 seconds left.\n|inactive|LeChunkalo has 30 seconds left.\n|\n|t:|1776486196\n|teamsize|p1|4\n|teamsize|p2|4\n|start\n|switch|p1a: Floette|Floette-Eternal, L50, F|100/100\n|switch|p1b: Sneasler|Sneasler, L50, F|100/100\n|switch|p2a: Pelipper|Pelipper, L50, F|100/100\n|switch|p2b: Lucario|Lucario, L50, M|100/100\n|-weather|RainDance|[from] ability: Drizzle|[of] p2a: Pelipper\n|turn|1\n|\n|t:|1776486221\n|move|p2b: Lucario|Protect|p2b: Lucario\n|-singleturn|p2b: Lucario|Protect\n|move|p1b: Sneasler|Fake Out|p2b: Lucario\n|-activate|p2b: Lucario|move: Protect\n|move|p1a: Floette|Calm Mind|p1a: Floette\n|-boost|p1a: Floette|spa|1\n|-boost|p1a: Floette|spd|1\n|move|p2a: Pelipper|Tailwind|p2a: Pelipper\n|-sidestart|p2: LeChunkalo|move: Tailwind\n|\n|-weather|RainDance|[upkeep]\n|upkeep\n|turn|2\n|\n|t:|1776486238\n|switch|p1b: Incineroar|Incineroar, L50, M|100/100\n|-ability|p1b: Incineroar|Intimidate|boost\n|-unboost|p2a: Pelipper|atk|1\n|-unboost|p2b: Lucario|atk|1\n|detailschange|p2b: Lucario|Lucario-Mega, L50, M\n|-mega|p2b: Lucario|Lucario|Lucarionite\n|move|p1a: Floette|Protect|p1a: Floette\n|-singleturn|p1a: Floette|Protect\n|move|p2b: Lucario|Meteor Mash|p1a: Floette\n|-activate|p1a: Floette|move: Protect\n|move|p2a: Pelipper|Hurricane|p1b: Incineroar\n|-damage|p1b: Incineroar|58/100\n|\n|-weather|RainDance|[upkeep]\n|upkeep\n|turn|3\n|inactive|LeChunkalo has 30 seconds left.\n|inactive|LeChunkalo has 20 seconds left.\n|\n|t:|1776486278\n|switch|p2b: Archaludon|Archaludon, L50, F|100/100\n|detailschange|p1a: Floette|Floette-Mega, L50, F\n|-mega|p1a: Floette|Floette|Floettite\n|-ability|p1a: Floette|Fairy Aura\n|move|p2a: Pelipper|Wide Guard|p2a: Pelipper\n|-singleturn|p2a: Pelipper|Wide Guard\n|move|p1b: Incineroar|Fake Out|p2b: Archaludon\n|-resisted|p2b: Archaludon|1\n|-damage|p2b: Archaludon|95/100\n|-ability|p2b: Archaludon|Stamina|boost\n|-boost|p2b: Archaludon|def|1\n|move|p1a: Floette|Dazzling Gleam|p2a: Pelipper|[spread] \n|-activate|p2a: Pelipper|move: Wide Guard\n|-activate|p2b: Archaludon|move: Wide Guard\n|\n|-weather|RainDance|[upkeep]\n|-heal|p2b: Archaludon|100/100|[from] item: Leftovers\n|upkeep\n|turn|4\n|inactive|TheBallistic1 has 30 seconds left.\n|\n|t:|1776486304\n|switch|p1b: Garchomp|Garchomp, L50, M|100/100\n|move|p1a: Floette|Protect|p1a: Floette\n|-singleturn|p1a: Floette|Protect\n|move|p2a: Pelipper|Wide Guard|p2a: Pelipper\n|-singleturn|p2a: Pelipper|Wide Guard\n|move|p2b: Archaludon|Electro Shot||[still]\n|-prepare|p2b: Archaludon|Electro Shot\n|-boost|p2b: Archaludon|spa|1\n|-anim|p2b: Archaludon|Electro Shot|p1b: Garchomp\n|-immune|p1b: Garchomp\n|\n|-weather|RainDance|[upkeep]\n|-sideend|p2: LeChunkalo|move: Tailwind\n|upkeep\n|turn|5\n|\n|t:|1776486320\n|move|p2a: Pelipper|Wide Guard|p2a: Pelipper\n|-singleturn|p2a: Pelipper|Wide Guard\n|move|p1b: Garchomp|Stomping Tantrum|p2b: Archaludon\n|-supereffective|p2b: Archaludon|1\n|-damage|p2b: Archaludon|60/100\n|-ability|p2b: Archaludon|Stamina|boost\n|-boost|p2b: Archaludon|def|1\n|move|p1a: Floette|Dazzling Gleam|p2b: Archaludon|[spread] \n|-activate|p2a: Pelipper|move: Wide Guard\n|-activate|p2b: Archaludon|move: Wide Guard\n|move|p2b: Archaludon|Flash Cannon|p1a: Floette\n|-supereffective|p1a: Floette|1\n|-damage|p1a: Floette|23/100\n|\n|-weather|none\n|-heal|p2b: Archaludon|66/100|[from] item: Leftovers\n|upkeep\n|turn|6\n|\n|t:|1776486342\n|switch|p1a: Sneasler|Sneasler, L50, F|100/100\n|move|p1b: Garchomp|Stomping Tantrum|p2b: Archaludon\n|-supereffective|p2b: Archaludon|1\n|-crit|p2b: Archaludon\n|-damage|p2b: Archaludon|0 fnt\n|faint|p2b: Archaludon\n|move|p2a: Pelipper|Soak|p1b: Garchomp\n|-start|p1b: Garchomp|typechange|Water\n|\n|upkeep\n|\n|t:|1776486353\n|switch|p2b: Sinistcha|Sinistcha, L50|100/100\n|turn|7\n|\n|t:|1776486361\n|switch|p1b: Incineroar|Incineroar, L50, M|58/100\n|-ability|p1b: Incineroar|Intimidate|boost\n|-unboost|p2a: Pelipper|atk|1\n|-unboost|p2b: Sinistcha|atk|1\n|move|p2b: Sinistcha|Protect|p2b: Sinistcha\n|-singleturn|p2b: Sinistcha|Protect\n|move|p1a: Sneasler|Fake Out|p2a: Pelipper\n|-damage|p2a: Pelipper|85/100\n|cant|p2a: Pelipper|flinch\n|\n|upkeep\n|turn|8\n|\n|t:|1776486377\n|switch|p2b: Lucario|Lucario-Mega, L50, M|100/100\n|move|p1b: Incineroar|Fake Out|p2a: Pelipper\n|-damage|p2a: Pelipper|69/100\n|move|p1a: Sneasler|Dire Claw|p2b: Lucario\n|-immune|p2b: Lucario\n|cant|p2a: Pelipper|flinch\n|\n|upkeep\n|turn|9\n|\n|t:|1776486397\n|move|p2b: Lucario|Protect|p2b: Lucario\n|-singleturn|p2b: Lucario|Protect\n|move|p1a: Sneasler|Close Combat|p2b: Lucario\n|-activate|p2b: Lucario|move: Protect\n|move|p2a: Pelipper|Tailwind|p2a: Pelipper\n|-sidestart|p2: LeChunkalo|move: Tailwind\n|move|p1b: Incineroar|Parting Shot|p2b: Lucario\n|-activate|p2b: Lucario|move: Protect\n|\n|upkeep\n|turn|10\n|\n|t:|1776486415\n|switch|p2b: Sinistcha|Sinistcha, L50|100/100\n|-heal|p2a: Pelipper|94/100|[from] ability: Hospitality|[of] p2b: Sinistcha\n|move|p2a: Pelipper|Hurricane|p1a: Sneasler|[miss]\n|-miss|p2a: Pelipper|p1a: Sneasler\n|move|p1a: Sneasler|Close Combat|p2b: Sinistcha\n|-immune|p2b: Sinistcha\n|move|p1b: Incineroar|Flare Blitz|p2b: Sinistcha\n|-supereffective|p2b: Sinistcha|1\n|-damage|p2b: Sinistcha|0 fnt\n|faint|p2b: Sinistcha\n|-damage|p1b: Incineroar|26/100|[from] Recoil\n|-enditem|p1b: Incineroar|Sitrus Berry|[eat]\n|-heal|p1b: Incineroar|51/100|[from] item: Sitrus Berry\n|\n|upkeep\n|\n|t:|1776486426\n|switch|p2b: Lucario|Lucario-Mega, L50, M|100/100\n|turn|11\n|\n|t:|1776486440\n|switch|p1a: Garchomp|Garchomp, L50, M|100/100\n|move|p2b: Lucario|Bullet Punch|p1a: Garchomp\n|-damage|p1a: Garchomp|69/100\n|-damage|p2b: Lucario|88/100|[from] ability: Rough Skin|[of] p1a: Garchomp\n|move|p2a: Pelipper|Hurricane|p1a: Garchomp\n|-damage|p1a: Garchomp|16/100\n|move|p1b: Incineroar|Parting Shot|p2b: Lucario\n|-unboost|p2b: Lucario|atk|1\n|-unboost|p2b: Lucario|spa|1\n|\n|t:|1776486451\n|switch|p1b: Sneasler|Sneasler, L50, F|100/100|[from] Parting Shot\n|\n|upkeep\n|turn|12\n|-message|LeChunkalo forfeited.\n|\n|win|TheBallistic1\n|raw|TheBallistic1's rating: 1023 &rarr; <strong>1057</strong><br />(+34 for winning)\n|raw|LeChunkalo's rating: 1000 &rarr; <strong>1000</strong><br />(+0 for losing)\n|l|\u2606LeChunkalo\n|player|p2|\n",
  "uploadtime": 1776486461,
  "views": 25,
  "formatid": "gen9championsvgc2026regma",
  "rating": 1000,
  "private": 0,
  "password": null
}