{
  "id": "gen9championsvgc2026regma-2583768418",
  "format": "[Gen 9 Champions] VGC 2026 Reg M-A",
  "players": [
    "LumiBarks",
    "rocci"
  ],
  "log": "|j|\u2606LumiBarks\n|j|\u2606rocci\n|t:|1776196409\n|gametype|doubles\n|player|p1|LumiBarks|170|1119\n|player|p2|rocci|beauty-gen4dp|1147\n|gen|9\n|tier|[Gen 9 Champions] VGC 2026 Reg M-A\n|rated|\n|rule|Species Clause: Limit one of each Pok\u00e9mon\n|rule|Item Clause: Limit 1 of each item\n|clearpoke\n|poke|p1|Charizard, L50, F|\n|poke|p1|Floette-Eternal, L50, F|\n|poke|p1|Garchomp, L50, F|\n|poke|p1|Sneasler, L50, M|\n|poke|p1|Incineroar, L50, M|\n|poke|p1|Whimsicott, L50, F|\n|poke|p2|Sylveon, L50, M|\n|poke|p2|Slowbro, L50, M|\n|poke|p2|Tyranitar, L50, M|\n|poke|p2|Farigiraf, L50, F|\n|poke|p2|Clefable, L50, F|\n|poke|p2|Conkeldurr, L50, M|\n|teampreview|4\n|\n|t:|1776196447\n|teamsize|p1|4\n|teamsize|p2|4\n|start\n|switch|p1a: Floette|Floette-Eternal, L50, F|100/100\n|switch|p1b: Incineroar|Incineroar, L50, M, shiny|100/100\n|switch|p2a: Sylveon|Sylveon, L50, M|100/100\n|switch|p2b: Slowbro|Slowbro, L50, M|100/100\n|turn|1\n|\n|t:|1776196485\n|switch|p1b: Sneasler|Sneasler, L50, M|100/100\n|switch|p2a: Farigiraf|Farigiraf, L50, F|100/100\n|detailschange|p1a: Floette|Floette-Mega, L50, F\n|-mega|p1a: Floette|Floette|Floettite\n|-ability|p1a: Floette|Fairy Aura\n|move|p1a: Floette|Dazzling Gleam|p2a: Farigiraf|[spread] p2a,p2b\n|-crit|p2b: Slowbro\n|-damage|p2a: Farigiraf|51/100\n|-damage|p2b: Slowbro|24/100\n|move|p2b: Slowbro|Trick Room|p2b: Slowbro\n|-fieldstart|move: Trick Room|[of] p2b: Slowbro\n|\n|upkeep\n|turn|2\n|\n|t:|1776196512\n|move|p2b: Slowbro|Slack Off|p2b: Slowbro\n|-heal|p2b: Slowbro|74/100\n|move|p2a: Farigiraf|Psychic|p1b: Sneasler\n|-supereffective|p1b: Sneasler|2\n|-damage|p1b: Sneasler|0 fnt\n|faint|p1b: Sneasler\n|move|p1a: Floette|Dazzling Gleam|p2a: Farigiraf|[spread] p2a,p2b\n|-damage|p2a: Farigiraf|5/100\n|-damage|p2b: Slowbro|20/100\n|-enditem|p2a: Farigiraf|Sitrus Berry|[eat]\n|-heal|p2a: Farigiraf|30/100|[from] item: Sitrus Berry\n|\n|upkeep\n|\n|t:|1776196525\n|switch|p1b: Whimsicott|Whimsicott, L50, F|100/100\n|turn|3\n|\n|t:|1776196551\n|switch|p2a: Tyranitar|Tyranitar, L50, M|100/100\n|-weather|Sandstorm|[from] ability: Sand Stream|[of] p2a: Tyranitar\n|move|p2b: Slowbro|Slack Off|p2b: Slowbro\n|-heal|p2b: Slowbro|70/100\n|move|p1a: Floette|Dazzling Gleam|p2a: Tyranitar|[spread] p2a,p2b\n|-supereffective|p2a: Tyranitar|1\n|-damage|p2a: Tyranitar|44/100\n|-damage|p2b: Slowbro|12/100\n|move|p1b: Whimsicott|Moonblast|p2a: Tyranitar\n|-supereffective|p2a: Tyranitar|1\n|-damage|p2a: Tyranitar|3/100\n|-unboost|p2a: Tyranitar|spa|1\n|\n|-weather|Sandstorm|[upkeep]\n|-damage|p2b: Slowbro|6/100|[from] Sandstorm\n|-damage|p1a: Floette|94/100|[from] Sandstorm\n|-damage|p1b: Whimsicott|95/100|[from] Sandstorm\n|upkeep\n|turn|4\n|\n|t:|1776196572\n|move|p1b: Whimsicott|Sunny Day|p1b: Whimsicott\n|-weather|SunnyDay\n|move|p2b: Slowbro|Psychic|p1a: Floette\n|-damage|p1a: Floette|66/100\n|move|p2a: Tyranitar|Iron Head|p1a: Floette\n|-supereffective|p1a: Floette|1\n|-damage|p1a: Floette|0 fnt\n|faint|p1a: Floette\n|\n|-weather|SunnyDay|[upkeep]\n|upkeep\n|\n|t:|1776196587\n|switch|p1a: Incineroar|Incineroar, L50, M, shiny|100/100\n|turn|5\n|\n|t:|1776196620\n|switch|p2a: Farigiraf|Farigiraf, L50, F|30/100\n|detailschange|p2b: Slowbro|Slowbro-Mega, L50, M\n|-mega|p2b: Slowbro|Slowbro|Slowbronite\n|move|p2b: Slowbro|Slack Off|p2b: Slowbro\n|-heal|p2b: Slowbro|56/100\n|move|p1a: Incineroar|Darkest Lariat|p2a: Farigiraf\n|-supereffective|p2a: Farigiraf|1\n|-damage|p2a: Farigiraf|0 fnt\n|faint|p2a: Farigiraf\n|move|p1b: Whimsicott|Moonblast|p2b: Slowbro\n|-damage|p2b: Slowbro|27/100\n|\n|-weather|SunnyDay|[upkeep]\n|-fieldend|move: Trick Room\n|upkeep\n|\n|t:|1776196633\n|switch|p2a: Sylveon|Sylveon, L50, M|100/100\n|turn|6\n|\n|t:|1776196646\n|move|p1b: Whimsicott|Tailwind|p1b: Whimsicott\n|-sidestart|p1: LumiBarks|move: Tailwind\n|move|p1a: Incineroar|Darkest Lariat|p2b: Slowbro\n|-supereffective|p2b: Slowbro|1\n|-damage|p2b: Slowbro|0 fnt\n|faint|p2b: Slowbro\n|move|p2a: Sylveon|Mystical Fire|p1b: Whimsicott\n|-supereffective|p1b: Whimsicott|1\n|-damage|p1b: Whimsicott|13/100\n|-unboost|p1b: Whimsicott|spa|1\n|\n|-weather|SunnyDay|[upkeep]\n|upkeep\n|\n|t:|1776196651\n|switch|p2b: Tyranitar|Tyranitar, L50, M|3/100\n|-weather|Sandstorm|[from] ability: Sand Stream|[of] p2b: Tyranitar\n|turn|7\n|\n|t:|1776196675\n|move|p2b: Tyranitar|Protect|p2b: Tyranitar\n|-singleturn|p2b: Tyranitar|Protect\n|move|p1b: Whimsicott|Moonblast|p2b: Tyranitar\n|-activate|p2b: Tyranitar|move: Protect\n|move|p1a: Incineroar|Darkest Lariat|p2a: Sylveon\n|-resisted|p2a: Sylveon|1\n|-damage|p2a: Sylveon|75/100\n|move|p2a: Sylveon|Hyper Voice|p1a: Incineroar|[spread] p1a,p1b\n|-damage|p1a: Incineroar|56/100\n|-damage|p1b: Whimsicott|0 fnt\n|faint|p1b: Whimsicott\n|\n|-weather|Sandstorm|[upkeep]\n|-damage|p1a: Incineroar|50/100|[from] Sandstorm\n|-damage|p2a: Sylveon|69/100|[from] Sandstorm\n|-enditem|p1a: Incineroar|Sitrus Berry|[eat]\n|-heal|p1a: Incineroar|75/100|[from] item: Sitrus Berry\n|upkeep\n|turn|8\n|\n|t:|1776196694\n|move|p1a: Incineroar|Darkest Lariat|p2a: Sylveon\n|-resisted|p2a: Sylveon|1\n|-damage|p2a: Sylveon|45/100\n|move|p2a: Sylveon|Moonblast|p1a: Incineroar\n|-damage|p1a: Incineroar|15/100\n|move|p2b: Tyranitar|Rock Slide|p1a: Incineroar\n|-supereffective|p1a: Incineroar|1\n|-damage|p1a: Incineroar|0 fnt\n|faint|p1a: Incineroar\n|\n|win|rocci\n|raw|LumiBarks's rating: 1119 &rarr; <strong>1096</strong><br />(-23 for losing)\n|raw|rocci's rating: 1147 &rarr; <strong>1170</strong><br />(+23 for winning)\n|c|\u2606LumiBarks|gg\n|c|\u2606rocci|gg\n",
  "uploadtime": 1776196700,
  "views": 28,
  "formatid": "gen9championsvgc2026regma",
  "rating": 1096,
  "private": 0,
  "password": null
}