{
  "id": "gen9championsvgc2026regma-2582572009",
  "format": "[Gen 9 Champions] VGC 2026 Reg M-A",
  "players": [
    "zakroa12",
    "arijankonac"
  ],
  "log": "|j|\u2606zakroa12\n|j|\u2606arijankonac\n|t:|1776100133\n|gametype|doubles\n|player|p1|zakroa12|170|1032\n|player|p2|arijankonac|lucas|1000\n|gen|9\n|tier|[Gen 9 Champions] VGC 2026 Reg M-A\n|rated|\n|rule|Species Clause: Limit one of each Pok\u00e9mon\n|rule|Item Clause: Limit 1 of each item\n|clearpoke\n|poke|p1|Alakazam, L50, M|\n|poke|p1|Clefable, L50, F|\n|poke|p1|Incineroar, L50, M|\n|poke|p1|Rotom-Wash, L50|\n|poke|p1|Floette-Eternal, L50, F|\n|poke|p1|Charizard, L50, M|\n|poke|p2|Tyranitar, L50, M|\n|poke|p2|Dragonite, L50, M|\n|poke|p2|Excadrill, L50, M|\n|poke|p2|Whimsicott, L50, F|\n|poke|p2|Charizard, L50, M|\n|poke|p2|Incineroar, L50, M|\n|teampreview|4\n|inactive|Battle timer is ON: inactive players will automatically lose when time's up. (requested by arijankonac)\nzakroa12 rejected open team sheets.\n|inactive|zakroa12 has 60 seconds left.\n|c|\u2606arijankonac|HURRY UP\n|c|\u2606arijankonac|CNT\n|c|\u2606arijankonac|BISH AHH NIKKA\n|inactive|zakroa12 has 30 seconds left.\n|c|\u2606arijankonac|HOPE U DIE\n|c|\u2606arijankonac|U IMBECILE\n|inactive|zakroa12 has 20 seconds left.\n|inactive|zakroa12 has 15 seconds left.\n|c|\u2606arijankonac|SUBHUMAN\n|\n|t:|1776100212\n|teamsize|p1|4\n|teamsize|p2|4\n|start\n|switch|p1a: Charizard|Charizard, L50, M|100/100\n|switch|p1b: Clefable|Clefable, L50, F|100/100\n|switch|p2a: Tyranitar|Tyranitar, L50, M|100/100\n|switch|p2b: Dragonite|Dragonite, L50, M|100/100\n|-weather|Sandstorm|[from] ability: Sand Stream|[of] p2a: Tyranitar\n|turn|1\n|c|\u2606arijankonac|SUBHUMAN\n|inactive|zakroa12 has 30 seconds left.\n|inactive|arijankonac has 30 seconds left.\n|inactive|zakroa12 has 20 seconds left.\n|inactive|arijankonac has 20 seconds left.\n|inactive|zakroa12 has 15 seconds left.\n|inactive|arijankonac has 15 seconds left.\n|\n|t:|1776100253\n|detailschange|p1a: Charizard|Charizard-Mega-Y, L50, M\n|-mega|p1a: Charizard|Charizard|Charizardite Y\n|-weather|SunnyDay|[from] ability: Drought|[of] p1a: Charizard\n|move|p1a: Charizard|Protect|p1a: Charizard\n|-singleturn|p1a: Charizard|Protect\n|move|p2a: Tyranitar|Protect|p2a: Tyranitar\n|-singleturn|p2a: Tyranitar|Protect\n|move|p2b: Dragonite|Tailwind|p2b: Dragonite\n|-sidestart|p2: arijankonac|move: Tailwind\n|move|p1b: Clefable|Moonblast|p2b: Dragonite\n|-supereffective|p2b: Dragonite|1\n|-damage|p2b: Dragonite|73/100\n|-unboost|p2b: Dragonite|spa|1\n|\n|-weather|SunnyDay|[upkeep]\n|upkeep\n|turn|2\n|\n|t:|1776100274\n|switch|p2b: Excadrill|Excadrill, L50, M|100/100\n|switch|p1a: Incineroar|Incineroar, L50, M|100/100\n|-ability|p1a: Incineroar|Intimidate|boost\n|-unboost|p2a: Tyranitar|atk|1\n|-unboost|p2b: Excadrill|atk|1\n|detailschange|p2a: Tyranitar|Tyranitar-Mega, L50, M\n|-mega|p2a: Tyranitar|Tyranitar|Tyranitarite\n|-weather|Sandstorm|[from] ability: Sand Stream|[of] p2a: Tyranitar\n|move|p2a: Tyranitar|Iron Head|p1b: Clefable\n|-supereffective|p1b: Clefable|1\n|-damage|p1b: Clefable|49/100\n|-start|p2a: Tyranitar|Attract|[from] ability: Cute Charm|[of] p1b: Clefable\n|move|p1b: Clefable|Moonlight|p1b: Clefable\n|-heal|p1b: Clefable|74/100\n|\n|-weather|Sandstorm|[upkeep]\n|-damage|p1a: Incineroar|95/100|[from] Sandstorm\n|-damage|p1b: Clefable|68/100|[from] Sandstorm\n|-heal|p1b: Clefable|74/100|[from] item: Leftovers\n|upkeep\n|turn|3\n|inactive|zakroa12 has 30 seconds left.\n|inactive|arijankonac has 30 seconds left.\n|\n|t:|1776100305\n|switch|p2b: Dragonite|Dragonite, L50, M|73/100\n|switch|p2a: Incineroar|Incineroar, L50, M|100/100\n|-ability|p2a: Incineroar|Intimidate|boost\n|-unboost|p1a: Incineroar|atk|1\n|-unboost|p1b: Clefable|atk|1\n|switch|p1a: Rotom|Rotom-Wash, L50|100/100\n|move|p1b: Clefable|Protect||[still]\n|-fail|p1b: Clefable\n|\n|-weather|Sandstorm|[upkeep]\n|-damage|p2b: Dragonite|67/100|[from] Sandstorm\n|-damage|p1a: Rotom|95/100|[from] Sandstorm\n|-damage|p2a: Incineroar|95/100|[from] Sandstorm\n|-damage|p1b: Clefable|68/100|[from] Sandstorm\n|-heal|p1b: Clefable|74/100|[from] item: Leftovers\n|upkeep\n|turn|4\n|\n|t:|1776100322\n|move|p2a: Incineroar|Fake Out|p1a: Rotom\n|-damage|p1a: Rotom|80/100\n|move|p2b: Dragonite|Light Screen|p2b: Dragonite\n|-sidestart|p2: arijankonac|move: Light Screen\n|cant|p1a: Rotom|flinch\n|move|p1b: Clefable|Moonblast|p2b: Dragonite\n|-supereffective|p2b: Dragonite|1\n|-damage|p2b: Dragonite|30/100\n|\n|-weather|Sandstorm|[upkeep]\n|-damage|p2b: Dragonite|24/100|[from] Sandstorm\n|-damage|p1a: Rotom|75/100|[from] Sandstorm\n|-damage|p2a: Incineroar|89/100|[from] Sandstorm\n|-damage|p1b: Clefable|68/100|[from] Sandstorm\n|-heal|p1b: Clefable|74/100|[from] item: Leftovers\n|-sideend|p2: arijankonac|move: Tailwind\n|upkeep\n|turn|5\n|\n|t:|1776100342\n|switch|p2b: Excadrill|Excadrill, L50, M|100/100\n|move|p1b: Clefable|Follow Me|p1b: Clefable\n|-singleturn|p1b: Clefable|move: Follow Me\n|move|p1a: Rotom|Electroweb|p2a: Incineroar|[spread] p2a\n|-immune|p2b: Excadrill\n|-damage|p2a: Incineroar|76/100\n|-unboost|p2a: Incineroar|spe|1\n|move|p2a: Incineroar|Parting Shot|p1b: Clefable\n|-unboost|p1b: Clefable|atk|1\n|-unboost|p1b: Clefable|spa|1\n|\n|t:|1776100353\n|switch|p2a: Tyranitar|Tyranitar-Mega, L50, M|100/100|[from] Parting Shot\n|\n|-weather|Sandstorm|[upkeep]\n|-damage|p1a: Rotom|69/100|[from] Sandstorm\n|-damage|p1b: Clefable|68/100|[from] Sandstorm\n|-heal|p1b: Clefable|74/100|[from] item: Leftovers\n|upkeep\n|turn|6\n|\n|t:|1776100366\n|switch|p1b: Incineroar|Incineroar, L50, M|95/100\n|-ability|p1b: Incineroar|Intimidate|boost\n|-unboost|p2a: Tyranitar|atk|1\n|-unboost|p2b: Excadrill|atk|1\n|move|p2b: Excadrill|Rock Slide|p1b: Incineroar|[spread] p1a,p1b\n|-supereffective|p1b: Incineroar|1\n|-crit|p1b: Incineroar\n|-damage|p1a: Rotom|52/100\n|-damage|p1b: Incineroar|37/100\n|-enditem|p1b: Incineroar|Sitrus Berry|[eat]\n|-heal|p1b: Incineroar|62/100|[from] item: Sitrus Berry\n|move|p1a: Rotom|Electroweb|p2b: Excadrill|[spread] p2a\n|-immune|p2b: Excadrill\n|-damage|p2a: Tyranitar|93/100\n|-unboost|p2a: Tyranitar|spe|1\n|move|p2a: Tyranitar|Iron Head|p1b: Incineroar\n|-resisted|p1b: Incineroar|1\n|-damage|p1b: Incineroar|50/100\n|\n|-weather|none\n|upkeep\n|turn|7\n|\n|t:|1776100387\n|switch|p2b: Dragonite|Dragonite, L50, M|24/100\n|switch|p2a: Incineroar|Incineroar, L50, M|76/100\n|-ability|p2a: Incineroar|Intimidate|boost\n|-unboost|p1a: Rotom|atk|1\n|-unboost|p1b: Incineroar|atk|1\n|move|p1a: Rotom|Electroweb|p2b: Dragonite|[spread] p2b\n|-miss|p1a: Rotom|p2a: Incineroar\n|-damage|p2b: Dragonite|12/100\n|-unboost|p2b: Dragonite|spe|1\n|move|p1b: Incineroar|Close Combat|p2a: Incineroar\n|-supereffective|p2a: Incineroar|1\n|-damage|p2a: Incineroar|43/100\n|-unboost|p1b: Incineroar|def|1\n|-unboost|p1b: Incineroar|spd|1\n|-enditem|p2a: Incineroar|Sitrus Berry|[eat]\n|-heal|p2a: Incineroar|67/100|[from] item: Sitrus Berry\n|\n|upkeep\n|turn|8\n|inactive|arijankonac has 30 seconds left.\n|\n|t:|1776100418\n|switch|p1b: Clefable|Clefable, L50, F|74/100\n|move|p1a: Rotom|Electroweb|p2b: Dragonite|[spread] p2a\n|-miss|p1a: Rotom|p2b: Dragonite\n|-damage|p2a: Incineroar|55/100\n|-unboost|p2a: Incineroar|spe|1\n|move|p2b: Dragonite|Tailwind|p2b: Dragonite\n|-sidestart|p2: arijankonac|move: Tailwind\n|move|p2a: Incineroar|Parting Shot|p1b: Clefable\n|-unboost|p1b: Clefable|atk|1\n|-unboost|p1b: Clefable|spa|1\n|\n|t:|1776100430\n|switch|p2a: Tyranitar|Tyranitar-Mega, L50, M|93/100|[from] Parting Shot\n|-weather|Sandstorm|[from] ability: Sand Stream|[of] p2a: Tyranitar\n|\n|-weather|Sandstorm|[upkeep]\n|-damage|p1a: Rotom|46/100|[from] Sandstorm\n|-damage|p2b: Dragonite|6/100|[from] Sandstorm\n|-damage|p1b: Clefable|68/100|[from] Sandstorm\n|-heal|p1b: Clefable|74/100|[from] item: Leftovers\n|-sideend|p2: arijankonac|move: Light Screen\n|upkeep\n|turn|9\n|inactive|zakroa12 has 30 seconds left.\n|inactive|zakroa12 has 20 seconds left.\n|inactive|zakroa12 has 15 seconds left.\n|\n|t:|1776100475\n|move|p2b: Dragonite|Protect|p2b: Dragonite\n|-singleturn|p2b: Dragonite|Protect\n|move|p1a: Rotom|Electroweb|p2a: Tyranitar|[spread] p2a\n|-activate|p2b: Dragonite|move: Protect\n|-damage|p2a: Tyranitar|81/100\n|-unboost|p2a: Tyranitar|spe|1\n|move|p2a: Tyranitar|Earthquake|p1a: Rotom|[spread] p1b\n|-activate|p2b: Dragonite|move: Protect\n|-immune|p1a: Rotom|[from] ability: Levitate\n|-damage|p1b: Clefable|40/100\n|move|p1b: Clefable|Moonlight|p1b: Clefable\n|-heal|p1b: Clefable|64/100\n|\n|-weather|Sandstorm|[upkeep]\n|-damage|p1a: Rotom|40/100|[from] Sandstorm\n|-damage|p2b: Dragonite|0 fnt|[from] Sandstorm\n|-damage|p1b: Clefable|58/100|[from] Sandstorm\n|faint|p2b: Dragonite\n|-heal|p1b: Clefable|64/100|[from] item: Leftovers\n|upkeep\n|\n|t:|1776100493\n|switch|p2b: Incineroar|Incineroar, L50, M|55/100\n|-ability|p2b: Incineroar|Intimidate|boost\n|-unboost|p1a: Rotom|atk|1\n|-unboost|p1b: Clefable|atk|1\n|turn|10\n|\n|t:|1776100515\n|switch|p1a: Incineroar|Incineroar, L50, M|50/100\n|-ability|p1a: Incineroar|Intimidate|boost\n|-unboost|p2a: Tyranitar|atk|1\n|-unboost|p2b: Incineroar|atk|1\n|move|p1b: Clefable|Protect|p1b: Clefable\n|-singleturn|p1b: Clefable|Protect\n|move|p2b: Incineroar|Fake Out|p1b: Clefable\n|-activate|p1b: Clefable|move: Protect\n|move|p2a: Tyranitar|Crunch|p1a: Incineroar\n|-resisted|p1a: Incineroar|1\n|-damage|p1a: Incineroar|33/100\n|\n|-weather|Sandstorm|[upkeep]\n|-damage|p2b: Incineroar|49/100|[from] Sandstorm\n|-damage|p1a: Incineroar|28/100|[from] Sandstorm\n|-damage|p1b: Clefable|58/100|[from] Sandstorm\n|-heal|p1b: Clefable|64/100|[from] item: Leftovers\n|upkeep\n|turn|11\n|\n|t:|1776100537\n|switch|p2b: Excadrill|Excadrill, L50, M|100/100\n|move|p2a: Tyranitar|Iron Head|p1b: Clefable\n|-supereffective|p1b: Clefable|1\n|-damage|p1b: Clefable|11/100\n|move|p1a: Incineroar|Parting Shot|p2a: Tyranitar\n|-unboost|p2a: Tyranitar|atk|1\n|-unboost|p2a: Tyranitar|spa|1\n|\n|t:|1776100546\n|switch|p1a: Charizard|Charizard-Mega-Y, L50, M|100/100|[from] Parting Shot\n|-weather|SunnyDay|[from] ability: Drought|[of] p1a: Charizard\n|move|p1b: Clefable|Moonblast|p2b: Excadrill\n|-resisted|p2b: Excadrill|1\n|-damage|p2b: Excadrill|88/100\n|\n|-weather|SunnyDay|[upkeep]\n|-heal|p1b: Clefable|17/100|[from] item: Leftovers\n|-sideend|p2: arijankonac|move: Tailwind\n|upkeep\n|turn|12\n|inactive|zakroa12 has 30 seconds left.\n|inactive|arijankonac has 30 seconds left.\n|\n|t:|1776100581\n|move|p2b: Excadrill|Protect|p2b: Excadrill\n|-singleturn|p2b: Excadrill|Protect\n|move|p1b: Clefable|Follow Me|p1b: Clefable\n|-singleturn|p1b: Clefable|move: Follow Me\n|move|p1a: Charizard|Heat Wave|p2b: Excadrill|[spread] p2a\n|-activate|p2b: Excadrill|move: Protect\n|-resisted|p2a: Tyranitar|1\n|-damage|p2a: Tyranitar|55/100\n|move|p2a: Tyranitar|Iron Head|p1b: Clefable\n|-supereffective|p1b: Clefable|1\n|-damage|p1b: Clefable|0 fnt\n|faint|p1b: Clefable\n|\n|-weather|SunnyDay|[upkeep]\n|upkeep\n|\n|t:|1776100593\n|switch|p1b: Incineroar|Incineroar, L50, M|28/100\n|-ability|p1b: Incineroar|Intimidate|boost\n|-unboost|p2a: Tyranitar|atk|1\n|-unboost|p2b: Excadrill|atk|1\n|turn|13\n|\n|t:|1776100608\n|switch|p2a: Incineroar|Incineroar, L50, M|49/100\n|-ability|p2a: Incineroar|Intimidate|boost\n|-unboost|p1a: Charizard|atk|1\n|-unboost|p1b: Incineroar|atk|1\n|move|p1a: Charizard|Heat Wave|p2b: Excadrill|[spread] p2b\n|-miss|p1a: Charizard|p2a: Incineroar\n|-supereffective|p2b: Excadrill|1\n|-damage|p2b: Excadrill|0 fnt\n|faint|p2b: Excadrill\n|move|p1b: Incineroar|Parting Shot|p2a: Incineroar\n|-unboost|p2a: Incineroar|atk|1\n|-unboost|p2a: Incineroar|spa|1\n|l|\u2606arijankonac\n|inactive|arijankonac disconnected and has a minute to reconnect!\n|player|p2|\n|\n|t:|1776100619\n|switch|p1b: Rotom|Rotom-Wash, L50|40/100|[from] Parting Shot\n|\n|-weather|SunnyDay|[upkeep]\n|upkeep\n|inactive|arijankonac has 30 seconds left.\n|inactive|arijankonac has 20 seconds left.\n|inactive|arijankonac has 15 seconds left.\n|inactive|arijankonac has 10 seconds left.\n|inactive|arijankonac has 5 seconds left.\n|-message|arijankonac lost due to inactivity.\n|\n|win|zakroa12\n|raw|zakroa12's rating: 1032 &rarr; <strong>1064</strong><br />(+32 for winning)\n|raw|arijankonac's rating: 1000 &rarr; <strong>1000</strong><br />(+0 for losing)\n",
  "uploadtime": 1776100198,
  "views": 9,
  "formatid": "gen9championsvgc2026regma",
  "rating": 1000,
  "private": 0,
  "password": null
}