{
  "id": "gen9championsvgc2026regma-2588680293",
  "format": "[Gen 9 Champions] VGC 2026 Reg M-A",
  "players": [
    "TheVGChef",
    "RacoonBitch69"
  ],
  "log": "|j|\u2606TheVGChef\n|j|\u2606RacoonBitch69\n|t:|1776657007\n|gametype|doubles\n|player|p1|TheVGChef|265|1519\n|player|p2|RacoonBitch69|170|1454\n|gen|9\n|tier|[Gen 9 Champions] VGC 2026 Reg M-A\n|rated|\n|rule|Species Clause: Limit one of each Pok\u00e9mon\n|rule|Item Clause: Limit 1 of each item\n|clearpoke\n|poke|p1|Venusaur, L50, M|\n|poke|p1|Pelipper, L50, M|\n|poke|p1|Archaludon, L50, F|\n|poke|p1|Basculegion, L50, M|\n|poke|p1|Incineroar, L50, F|\n|poke|p1|Sneasler, L50, M|\n|poke|p2|Hawlucha, L50, M, shiny|\n|poke|p2|Snorlax, L50, F|\n|poke|p2|Sinistcha, L50|\n|poke|p2|Incineroar, L50, M|\n|poke|p2|Floette-Eternal, L50, F|\n|poke|p2|Bellibolt, L50, F|\n|teampreview|4\n|inactive|Battle timer is ON: inactive players will automatically lose when time's up. (requested by RacoonBitch69)\n|\n|t:|1776657048\n|teamsize|p1|4\n|teamsize|p2|4\n|start\n|switch|p1a: Incineroar|Incineroar, L50, F|100/100\n|switch|p1b: Sneasler|Sneasler, L50, M|100/100\n|switch|p2a: Incineroar|Incineroar, L50, M|100/100\n|switch|p2b: Bellibolt|Bellibolt, L50, F|100/100\n|-ability|p2a: Incineroar|Intimidate|boost\n|-unboost|p1a: Incineroar|atk|1\n|-unboost|p1b: Sneasler|atk|1\n|-ability|p1a: Incineroar|Intimidate|boost\n|-unboost|p2a: Incineroar|atk|1\n|-unboost|p2b: Bellibolt|atk|1\n|-enditem|p1b: Sneasler|White Herb\n|-clearnegativeboost|p1b: Sneasler|[silent]\n|turn|1\n|\n|t:|1776657064\n|move|p2a: Incineroar|Fake Out|p1b: Sneasler\n|-damage|p1b: Sneasler|88/100\n|move|p1a: Incineroar|Fake Out|p2a: Incineroar\n|-damage|p2a: Incineroar|94/100\n|cant|p1b: Sneasler|flinch\n|move|p2b: Bellibolt|Chilling Water|p1b: Sneasler\n|-damage|p1b: Sneasler|65/100\n|-unboost|p1b: Sneasler|atk|1\n|\n|upkeep\n|turn|2\n|\n|t:|1776657086\n|switch|p2b: Floette|Floette-Eternal, L50, F|100/100\n|move|p1b: Sneasler|Protect|p1b: Sneasler\n|-singleturn|p1b: Sneasler|Protect\n|move|p2a: Incineroar|Parting Shot|p1b: Sneasler\n|-activate|p1b: Sneasler|move: Protect\n|move|p1a: Incineroar|Parting Shot|p2b: Floette\n|-unboost|p2b: Floette|atk|1\n|-unboost|p2b: Floette|spa|1\n|\n|t:|1776657107\n|switch|p1a: Basculegion|Basculegion, L50, M|100/100|[from] Parting Shot\n|\n|upkeep\n|turn|3\n|\n|t:|1776657120\n|switch|p1b: Pelipper|Pelipper, L50, M|100/100\n|-weather|RainDance|[from] ability: Drizzle|[of] p1b: Pelipper\n|switch|p2b: Bellibolt|Bellibolt, L50, F|100/100\n|move|p1a: Basculegion|Wave Crash|p2b: Bellibolt\n|-damage|p2b: Bellibolt|0 fnt\n|faint|p2b: Bellibolt\n|-damage|p1a: Basculegion|67/100|[from] Recoil\n|move|p2a: Incineroar|Parting Shot|p1a: Basculegion\n|-unboost|p1a: Basculegion|atk|1\n|-unboost|p1a: Basculegion|spa|1\n|\n|t:|1776657143\n|switch|p2a: Floette|Floette-Eternal, L50, F|100/100|[from] Parting Shot\n|\n|-weather|RainDance|[upkeep]\n|upkeep\n|\n|t:|1776657149\n|switch|p2b: Sinistcha|Sinistcha, L50|100/100\n|turn|4\n|\n|t:|1776657156\n|switch|p1a: Incineroar|Incineroar, L50, F|100/100\n|-ability|p1a: Incineroar|Intimidate|boost\n|-unboost|p2a: Floette|atk|1\n|-block|p2b: Sinistcha|ability: Flower Veil|[of] p2a: Floette\n|move|p1b: Pelipper|Protect|p1b: Pelipper\n|-singleturn|p1b: Pelipper|Protect\n|move|p2a: Floette|Protect|p2a: Floette\n|-singleturn|p2a: Floette|Protect\n|move|p2b: Sinistcha|Trick Room|p2b: Sinistcha\n|-fieldstart|move: Trick Room|[of] p2b: Sinistcha\n|\n|-weather|RainDance|[upkeep]\n|upkeep\n|turn|5\n|\n|t:|1776657175\n|switch|p2b: Incineroar|Incineroar, L50, M|94/100\n|-ability|p2b: Incineroar|Intimidate|boost\n|-unboost|p1a: Incineroar|atk|1\n|-unboost|p1b: Pelipper|atk|1\n|detailschange|p2a: Floette|Floette-Mega, L50, F\n|-mega|p2a: Floette|Floette|Floettite\n|-ability|p2a: Floette|Fairy Aura\n|move|p1a: Incineroar|Fake Out|p2a: Floette\n|-damage|p2a: Floette|93/100\n|move|p1b: Pelipper|Hurricane|p2b: Incineroar\n|-damage|p2b: Incineroar|53/100\n|cant|p2a: Floette|flinch\n|\n|-weather|RainDance|[upkeep]\n|upkeep\n|turn|6\n|\n|t:|1776657188\n|move|p1b: Pelipper|Protect|p1b: Pelipper\n|-singleturn|p1b: Pelipper|Protect\n|move|p2b: Incineroar|Fake Out|p1b: Pelipper\n|-activate|p1b: Pelipper|move: Protect\n|move|p1a: Incineroar|Parting Shot|p2a: Floette\n|-unboost|p2a: Floette|atk|1\n|-unboost|p2a: Floette|spa|1\n|\n|t:|1776657201\n|switch|p1a: Sneasler|Sneasler, L50, M|65/100|[from] Parting Shot\n|move|p2a: Floette|Dazzling Gleam|p1b: Pelipper|[spread] p1a\n|-activate|p1b: Pelipper|move: Protect\n|-damage|p1a: Sneasler|23/100\n|\n|-weather|RainDance|[upkeep]\n|upkeep\n|turn|7\n|inactive|RacoonBitch69 has 30 seconds left.\n|inactive|RacoonBitch69 has 20 seconds left.\n|inactive|RacoonBitch69 has 15 seconds left.\n|inactive|RacoonBitch69 has 10 seconds left.\n|inactive|RacoonBitch69 has 5 seconds left.\n|\n|t:|1776657253\n|move|p2a: Floette|Protect|p2a: Floette\n|-singleturn|p2a: Floette|Protect\n|move|p2b: Incineroar|Darkest Lariat|p1a: Sneasler\n|-resisted|p1a: Sneasler|1\n|-damage|p1a: Sneasler|0 fnt\n|faint|p1a: Sneasler\n|move|p1b: Pelipper|Hurricane|p2b: Incineroar\n|-damage|p2b: Incineroar|16/100\n|-start|p2b: Incineroar|confusion\n|\n|-weather|none\n|upkeep\n|\n|t:|1776657263\n|switch|p1a: Incineroar|Incineroar, L50, F|100/100\n|-ability|p1a: Incineroar|Intimidate|boost\n|-unboost|p2a: Floette|atk|1\n|-unboost|p2b: Incineroar|atk|1\n|turn|8\n|\n|t:|1776657284\n|switch|p1b: Basculegion|Basculegion, L50, M|67/100\n|switch|p2a: Sinistcha|Sinistcha, L50|100/100\n|-heal|p2b: Incineroar|40/100|[from] ability: Hospitality|[of] p2a: Sinistcha\n|move|p1a: Incineroar|Fake Out|p2a: Sinistcha\n|-immune|p2a: Sinistcha\n|-activate|p2b: Incineroar|confusion\n|-damage|p2b: Incineroar|34/100|[from] confusion\n|\n|-fieldend|move: Trick Room\n|upkeep\n|turn|9\n|inactive|TheVGChef has 30 seconds left.\n|inactive|TheVGChef has 20 seconds left.\n|\n|t:|1776657320\n|move|p1b: Basculegion|Flip Turn|p2a: Sinistcha\n|-resisted|p2a: Sinistcha|1\n|-damage|p2a: Sinistcha|84/100\n|\n|t:|1776657323\n|switch|p1b: Pelipper|Pelipper, L50, M|100/100|[from] Flip Turn\n|-weather|RainDance|[from] ability: Drizzle|[of] p1b: Pelipper\n|-end|p2b: Incineroar|confusion\n|move|p2b: Incineroar|Parting Shot|p1b: Pelipper\n|-unboost|p1b: Pelipper|atk|1\n|-unboost|p1b: Pelipper|spa|1\n|\n|t:|1776657332\n|switch|p2b: Floette|Floette-Mega, L50, F|93/100|[from] Parting Shot\n|-ability|p2b: Floette|Fairy Aura\n|move|p1a: Incineroar|Throat Chop|p2a: Sinistcha\n|-supereffective|p2a: Sinistcha|1\n|-damage|p2a: Sinistcha|35/100\n|-start|p2a: Sinistcha|Throat Chop|[silent]\n|-enditem|p2a: Sinistcha|Sitrus Berry|[eat]\n|-heal|p2a: Sinistcha|60/100|[from] item: Sitrus Berry\n|move|p2a: Sinistcha|Trick Room|p2a: Sinistcha\n|-fieldstart|move: Trick Room|[of] p2a: Sinistcha\n|\n|-weather|RainDance|[upkeep]\n|upkeep\n|turn|10\n|inactive|TheVGChef has 30 seconds left.\n|\n|t:|1776657359\n|move|p1a: Incineroar|Throat Chop|p2a: Sinistcha\n|-supereffective|p2a: Sinistcha|1\n|-damage|p2a: Sinistcha|5/100\n|move|p2a: Sinistcha|Strength Sap|p1a: Incineroar\n|-unboost|p1a: Incineroar|atk|1\n|-heal|p2a: Sinistcha|81/100\n|move|p1b: Pelipper|Hurricane|p2b: Floette\n|-damage|p2b: Floette|71/100\n|-start|p2b: Floette|confusion\n|-activate|p2b: Floette|confusion\n|move|p2b: Floette|Dazzling Gleam|p1a: Incineroar|[spread] p1a,p1b\n|-damage|p1a: Incineroar|67/100\n|-damage|p1b: Pelipper|12/100\n|\n|-weather|RainDance|[upkeep]\n|-end|p2a: Sinistcha|Throat Chop|[silent]\n|upkeep\n|turn|11\n|\n|t:|1776657387\n|move|p1b: Pelipper|Wide Guard|p1b: Pelipper\n|-singleturn|p1b: Pelipper|Wide Guard\n|move|p1a: Incineroar|Throat Chop|p2a: Sinistcha\n|-supereffective|p2a: Sinistcha|1\n|-damage|p2a: Sinistcha|47/100\n|-start|p2a: Sinistcha|Throat Chop|[silent]\n|move|p2a: Sinistcha|Matcha Gotcha|p1b: Pelipper|[spread] \n|-activate|p1a: Incineroar|move: Wide Guard\n|-activate|p1b: Pelipper|move: Wide Guard\n|-end|p2b: Floette|confusion\n|move|p2b: Floette|Dazzling Gleam|p1b: Pelipper|[spread] \n|-activate|p1a: Incineroar|move: Wide Guard\n|-activate|p1b: Pelipper|move: Wide Guard\n|\n|-weather|RainDance|[upkeep]\n|upkeep\n|turn|12\n|inactive|RacoonBitch69 has 30 seconds left.\n|\n|t:|1776657413\n|move|p1b: Pelipper|Wide Guard|p1b: Pelipper\n|-singleturn|p1b: Pelipper|Wide Guard\n|move|p1a: Incineroar|Throat Chop|p2a: Sinistcha\n|-supereffective|p2a: Sinistcha|1\n|-damage|p2a: Sinistcha|13/100\n|move|p2a: Sinistcha|Strength Sap|p1a: Incineroar\n|-unboost|p1a: Incineroar|atk|1\n|-heal|p2a: Sinistcha|64/100\n|move|p2b: Floette|Psychic|p1b: Pelipper\n|-damage|p1b: Pelipper|0 fnt\n|faint|p1b: Pelipper\n|\n|-weather|RainDance|[upkeep]\n|-end|p2a: Sinistcha|Throat Chop|[silent]\n|upkeep\n|\n|t:|1776657424\n|switch|p1b: Basculegion|Basculegion, L50, M|67/100\n|turn|13\n|\n|t:|1776657435\n|move|p2a: Sinistcha|Rage Powder|p2a: Sinistcha\n|-singleturn|p2a: Sinistcha|move: Rage Powder\n|move|p1b: Basculegion|Aqua Jet|p2a: Sinistcha\n|-resisted|p2a: Sinistcha|1\n|-damage|p2a: Sinistcha|47/100\n|move|p1a: Incineroar|Throat Chop|p2a: Sinistcha\n|-supereffective|p2a: Sinistcha|1\n|-damage|p2a: Sinistcha|19/100\n|-start|p2a: Sinistcha|Throat Chop|[silent]\n|move|p2b: Floette|Light of Ruin|p1b: Basculegion\n|-damage|p1b: Basculegion|0 fnt\n|faint|p1b: Basculegion\n|-damage|p2b: Floette|32/100|[from] Recoil\n|\n|-weather|none\n|-fieldend|move: Trick Room\n|upkeep\n|turn|14\n|-message|TheVGChef forfeited.\n|\n|win|RacoonBitch69\n|raw|TheVGChef's rating: 1519 &rarr; <strong>1495</strong><br />(-24 for losing)\n|raw|RacoonBitch69's rating: 1454 &rarr; <strong>1478</strong><br />(+24 for winning)\n|l|\u2606TheVGChef\n|player|p1|\n|l|\u2606RacoonBitch69\n|player|p2|\n",
  "uploadtime": 1776657826,
  "views": 10,
  "formatid": "gen9championsvgc2026regma",
  "rating": 1478,
  "private": 0,
  "password": null
}