{
  "id": "gen9championsvgc2026regma-2582317287",
  "format": "[Gen 9 Champions] VGC 2026 Reg M-A",
  "players": [
    "24darklight24",
    "Romolino"
  ],
  "log": "|j|\u260624darklight24\n|j|\u2606Romolino\n|t:|1776082793\n|gametype|doubles\n|player|p1|24darklight24|265|1062\n|player|p2|Romolino|169|1000\n|gen|9\n|tier|[Gen 9 Champions] VGC 2026 Reg M-A\n|rated|\n|rule|Species Clause: Limit one of each Pok\u00e9mon\n|rule|Item Clause: Limit 1 of each item\n|clearpoke\n|poke|p1|Meowstic, L50, M|\n|poke|p1|Alakazam, L50, M|\n|poke|p1|Milotic, L50, M|\n|poke|p1|Sneasler, L50, F|\n|poke|p1|Arcanine-Hisui, L50, M|\n|poke|p1|Sinistcha, L50|\n|poke|p2|Dragonite, L50, F|\n|poke|p2|Pelipper, L50, F|\n|poke|p2|Incineroar, L50, F|\n|poke|p2|Sinistcha, L50|\n|poke|p2|Kingambit, L50, M|\n|poke|p2|Basculegion, L50, M|\n|teampreview|4\n|inactive|Battle timer is ON: inactive players will automatically lose when time's up. (requested by Romolino)\n|\n|t:|1776082823\n|teamsize|p1|4\n|teamsize|p2|4\n|start\n|switch|p1a: Meowstic|Meowstic, L50, M|100/100\n|switch|p1b: Milotic|Milotic, L50, M|100/100\n|switch|p2a: Dragonite|Dragonite, L50, F|100/100\n|switch|p2b: Pelipper|Pelipper, L50, F, shiny|100/100\n|-weather|RainDance|[from] ability: Drizzle|[of] p2b: Pelipper\n|turn|1\n|\n|t:|1776082841\n|move|p2a: Dragonite|Protect|p2a: Dragonite\n|-singleturn|p2a: Dragonite|Protect\n|move|p1a: Meowstic|Imprison|p1a: Meowstic\n|-start|p1a: Meowstic|move: Imprison\n|move|p2b: Pelipper|Tailwind|p2b: Pelipper\n|-sidestart|p2: Romolino|move: Tailwind\n|move|p1b: Milotic|Icy Wind|p2a: Dragonite|[spread] p2b\n|-activate|p2a: Dragonite|move: Protect\n|-damage|p2b: Pelipper|86/100\n|-unboost|p2b: Pelipper|spe|1\n|\n|-weather|RainDance|[upkeep]\n|upkeep\n|turn|2\n|\n|t:|1776082858\n|detailschange|p2a: Dragonite|Dragonite-Mega, L50, F\n|-mega|p2a: Dragonite|Dragonite|Dragoninite\n|move|p1a: Meowstic|Psychic Terrain|p1a: Meowstic\n|-fieldstart|move: Psychic Terrain\n|move|p2a: Dragonite|Thunder|p1b: Milotic\n|-supereffective|p1b: Milotic|1\n|-damage|p1b: Milotic|29/100\n|-status|p1b: Milotic|par\n|move|p2b: Pelipper|U-turn|p1a: Meowstic\n|-supereffective|p1a: Meowstic|1\n|-damage|p1a: Meowstic|83/100\n|\n|t:|1776082868\n|switch|p2b: Basculegion|Basculegion, L50, M|100/100|[from] U-turn\n|move|p1b: Milotic|Icy Wind|p2a: Dragonite|[spread] p2a,p2b\n|-supereffective|p2a: Dragonite|2\n|-resisted|p2b: Basculegion|1\n|-damage|p2a: Dragonite|80/100\n|-damage|p2b: Basculegion|95/100\n|-unboost|p2a: Dragonite|spe|1\n|-unboost|p2b: Basculegion|spe|1\n|\n|-weather|RainDance|[upkeep]\n|-heal|p1b: Milotic|35/100 par|[from] item: Leftovers\n|upkeep\n|turn|3\n|inactive|Romolino has 30 seconds left.\n|\n|t:|1776082894\n|move|p1a: Meowstic|Substitute|p1a: Meowstic\n|-start|p1a: Meowstic|Substitute\n|-damage|p1a: Meowstic|58/100\n|move|p2a: Dragonite|Thunder|p1b: Milotic\n|-supereffective|p1b: Milotic|1\n|-damage|p1b: Milotic|0 fnt\n|faint|p1b: Milotic\n|move|p2b: Basculegion|Flip Turn|p1a: Meowstic\n|-end|p1a: Meowstic|Substitute\n|\n|t:|1776082902\n|switch|p2b: Kingambit|Kingambit, L50, M|100/100|[from] Flip Turn\n|\n|-weather|RainDance|[upkeep]\n|upkeep\n|\n|t:|1776082911\n|switch|p1b: Sneasler|Sneasler, L50, F|100/100\n|turn|4\n|\n|t:|1776082933\n|switch|p2a: Pelipper|Pelipper, L50, F, shiny|86/100\n|move|p1a: Meowstic|Substitute|p1a: Meowstic\n|-start|p1a: Meowstic|Substitute\n|-damage|p1a: Meowstic|33/100\n|move|p1b: Sneasler|Close Combat|p2b: Kingambit\n|-supereffective|p2b: Kingambit|2\n|-enditem|p2b: Kingambit|Chople Berry|[eat]\n|-enditem|p2b: Kingambit|Chople Berry|[weaken]\n|-damage|p2b: Kingambit|0 fnt\n|-unboost|p1b: Sneasler|def|1\n|-unboost|p1b: Sneasler|spd|1\n|faint|p2b: Kingambit\n|-enditem|p1b: Sneasler|White Herb\n|-clearnegativeboost|p1b: Sneasler|[silent]\n|\n|-weather|RainDance|[upkeep]\n|-sideend|p2: Romolino|move: Tailwind\n|upkeep\n|\n|t:|1776082947\n|switch|p2b: Dragonite|Dragonite-Mega, L50, F|80/100\n|turn|5\n|\n|t:|1776082972\n|move|p1a: Meowstic|Protect|p1a: Meowstic\n|-singleturn|p1a: Meowstic|Protect\n|move|p1b: Sneasler|Dire Claw|p2b: Dragonite\n|-damage|p2b: Dragonite|39/100\n|-status|p2b: Dragonite|psn\n|move|p2b: Dragonite|Hurricane|p1a: Meowstic\n|-activate|p1a: Meowstic|move: Protect\n|move|p2a: Pelipper|Tailwind|p2a: Pelipper\n|-sidestart|p2: Romolino|move: Tailwind\n|\n|-weather|none\n|-damage|p2b: Dragonite|27/100 psn|[from] psn\n|upkeep\n|turn|6\n|\n|t:|1776082992\n|switch|p2b: Basculegion|Basculegion, L50, M|95/100\n|move|p1a: Meowstic|Protect||[still]\n|-fail|p1a: Meowstic\n|move|p1b: Sneasler|Dire Claw|p2a: Pelipper\n|-damage|p2a: Pelipper|41/100\n|-status|p2a: Pelipper|slp\n|cant|p2a: Pelipper|slp\n|\n|-fieldend|move: Psychic Terrain\n|upkeep\n|turn|7\n|\n|t:|1776083012\n|move|p1a: Meowstic|Protect|p1a: Meowstic\n|-singleturn|p1a: Meowstic|Protect\n|move|p1b: Sneasler|Dire Claw|p2b: Basculegion\n|-resisted|p2b: Basculegion|1\n|-damage|p2b: Basculegion|74/100\n|-status|p2b: Basculegion|par\n|cant|p2a: Pelipper|slp\n|move|p2b: Basculegion|Psychic Fangs|p1b: Sneasler\n|-supereffective|p1b: Sneasler|2\n|-damage|p1b: Sneasler|0 fnt\n|faint|p1b: Sneasler\n|\n|upkeep\n|\n|t:|1776083027\n|switch|p1b: Alakazam|Alakazam, L50, M|100/100\n|turn|8\n|\n|t:|1776083039\n|detailschange|p1b: Alakazam|Alakazam-Mega, L50, M\n|-mega|p1b: Alakazam|Alakazam|Alakazite\n|-ability|p1b: Alakazam|Adaptability|Trace|[from] ability: Trace|[of] p2b: Basculegion\n|move|p1a: Meowstic|Protect||[still]\n|-fail|p1a: Meowstic\n|-curestatus|p2a: Pelipper|slp|[msg]\n|move|p2a: Pelipper|U-turn|p1a: Meowstic\n|-supereffective|p1a: Meowstic|1\n|-activate|p1a: Meowstic|move: Substitute|[damage]\n|\n|t:|1776083048\n|switch|p2a: Dragonite|Dragonite-Mega, L50, F|27/100 psn|[from] U-turn\n|move|p1b: Alakazam|Expanding Force|p2b: Basculegion\n|-damage|p2b: Basculegion|7/100 par\n|move|p2b: Basculegion|Psychic Fangs|p1a: Meowstic\n|-resisted|p1a: Meowstic|1\n|-end|p1a: Meowstic|Substitute\n|\n|-damage|p2a: Dragonite|15/100 psn|[from] psn\n|-sideend|p2: Romolino|move: Tailwind\n|upkeep\n|turn|9\n|\n|t:|1776083063\n|switch|p2b: Pelipper|Pelipper, L50, F, shiny|41/100\n|-weather|RainDance|[from] ability: Drizzle|[of] p2b: Pelipper\n|move|p1a: Meowstic|Substitute|p1a: Meowstic\n|-start|p1a: Meowstic|Substitute\n|-damage|p1a: Meowstic|8/100\n|move|p1b: Alakazam|Expanding Force|p2a: Dragonite\n|-damage|p2a: Dragonite|0 fnt\n|faint|p2a: Dragonite\n|\n|-weather|RainDance|[upkeep]\n|upkeep\n|\n|t:|1776083073\n|switch|p2a: Basculegion|Basculegion, L50, M|7/100 par\n|turn|10\n|\n|t:|1776083090\n|move|p1a: Meowstic|Protect|p1a: Meowstic\n|-singleturn|p1a: Meowstic|Protect\n|move|p1b: Alakazam|Expanding Force|p2a: Basculegion\n|-damage|p2a: Basculegion|0 fnt\n|faint|p2a: Basculegion\n|move|p2b: Pelipper|Tailwind|p2b: Pelipper\n|-sidestart|p2: Romolino|move: Tailwind\n|\n|-weather|RainDance|[upkeep]\n|upkeep\n|turn|11\n|\n|t:|1776083104\n|move|p1a: Meowstic|Psychic Terrain|p1a: Meowstic\n|-fieldstart|move: Psychic Terrain\n|move|p2b: Pelipper|Hurricane|p1b: Alakazam\n|-damage|p1b: Alakazam|53/100\n|move|p1b: Alakazam|Expanding Force|p2b: Pelipper\n|-damage|p2b: Pelipper|0 fnt\n|faint|p2b: Pelipper\n|\n|win|24darklight24\n|raw|24darklight24's rating: 1062 &rarr; <strong>1087</strong><br />(+25 for winning)\n|raw|Romolino's rating: 1000 &rarr; <strong>1000</strong><br />(+0 for losing)\n|l|\u2606Romolino\n|player|p2|\n",
  "uploadtime": 1776083123,
  "views": 9,
  "formatid": "gen9championsvgc2026regma",
  "rating": 1000,
  "private": 0,
  "password": null
}