{
  "id": "gen9championsvgc2026regma-2587061419",
  "format": "[Gen 9 Champions] VGC 2026 Reg M-A",
  "players": [
    "Enekos",
    "Cherryzprite"
  ],
  "log": "|j|\u2606Enekos\n|j|\u2606Cherryzprite\n|t:|1776488255\n|gametype|doubles\n|player|p1|Enekos|steven|1097\n|player|p2|Cherryzprite|101|1121\n|gen|9\n|tier|[Gen 9 Champions] VGC 2026 Reg M-A\n|rated|\n|rule|Species Clause: Limit one of each Pok\u00e9mon\n|rule|Item Clause: Limit 1 of each item\n|clearpoke\n|poke|p1|Gengar, L50, M, shiny|\n|poke|p1|Politoed, L50, M|\n|poke|p1|Aerodactyl, L50, F|\n|poke|p1|Incineroar, L50, F|\n|poke|p1|Sneasler, L50, M|\n|poke|p1|Garchomp, L50, M|\n|poke|p2|Ampharos, L50, F|\n|poke|p2|Scizor, L50, F|\n|poke|p2|Hatterene, L50, F|\n|poke|p2|Torkoal, L50, F|\n|poke|p2|Sinistcha-Masterpiece, L50|\n|poke|p2|Slowking, L50, F|\n|teampreview|4\nEnekos rejected open team sheets.\n|inactive|Battle timer is ON: inactive players will automatically lose when time's up. (requested by Cherryzprite)\n|\n|t:|1776488305\n|teamsize|p1|4\n|teamsize|p2|4\n|start\n|switch|p1a: Gymbro|Incineroar, L50, F|100/100\n|switch|p1b: Chillbroh|Sneasler, L50, M|100/100\n|switch|p2a: Hatterene|Hatterene, L50, F|100/100\n|switch|p2b: Scizor|Scizor, L50, F|100/100\n|-ability|p1a: Gymbro|Intimidate|boost\n|-unboost|p2a: Hatterene|atk|1\n|-unboost|p2b: Scizor|atk|1\n|turn|1\n|inactive|Enekos has 30 seconds left.\n|inactive|Enekos has 20 seconds left.\n|inactive|Enekos has 15 seconds left.\n|\n|t:|1776488346\n|switch|p2a: Ampharos|Ampharos, L50, F|100/100\n|move|p2b: Scizor|Protect|p2b: Scizor\n|-singleturn|p2b: Scizor|Protect\n|move|p1b: Chillbroh|Dire Claw|p2a: Ampharos\n|-damage|p2a: Ampharos|57/100\n|-status|p1b: Chillbroh|par|[from] ability: Static|[of] p2a: Ampharos\n|move|p1a: Gymbro|Flare Blitz|p2b: Scizor\n|-activate|p2b: Scizor|move: Protect\n|\n|upkeep\n|turn|2\n|inactive|Enekos has 30 seconds left.\n|inactive|Cherryzprite has 30 seconds left.\n|inactive|Enekos has 20 seconds left.\n|inactive|Enekos has 15 seconds left.\n|inactive|Cherryzprite has 20 seconds left.\n|inactive|Cherryzprite has 15 seconds left.\n|\n|t:|1776488398\n|detailschange|p2a: Ampharos|Ampharos-Mega, L50, F\n|-mega|p2a: Ampharos|Ampharos|Ampharosite\n|-ability|p2a: Ampharos|Mold Breaker\n|move|p1a: Gymbro|Helping Hand|p1b: Chillbroh\n|-singleturn|p1b: Chillbroh|Helping Hand|[of] p1a: Gymbro\n|move|p2b: Scizor|Bullet Punch|p1b: Chillbroh\n|-damage|p1b: Chillbroh|57/100 par\n|move|p1b: Chillbroh|Close Combat|p2a: Ampharos\n|-damage|p2a: Ampharos|0 fnt\n|-unboost|p1b: Chillbroh|def|1\n|-unboost|p1b: Chillbroh|spd|1\n|faint|p2a: Ampharos\n|\n|upkeep\n|\n|t:|1776488413\n|switch|p2a: Hatterene|Hatterene, L50, F|100/100\n|turn|3\n|inactive|Enekos has 30 seconds left.\n|inactive|Enekos has 20 seconds left.\n|inactive|Cherryzprite has 30 seconds left.\n|\n|t:|1776488449\n|move|p1b: Chillbroh|Protect|p1b: Chillbroh\n|-singleturn|p1b: Chillbroh|Protect\n|move|p2b: Scizor|Protect|p2b: Scizor\n|-singleturn|p2b: Scizor|Protect\n|move|p1a: Gymbro|Flare Blitz|p2b: Scizor\n|-activate|p2b: Scizor|move: Protect\n|move|p2a: Hatterene|Trick Room|p2a: Hatterene\n|-fieldstart|move: Trick Room|[of] p2a: Hatterene\n|\n|upkeep\n|turn|4\n|l|\u2606Enekos\n|inactive|Enekos disconnected and has a minute to reconnect!\n|player|p1|\n|inactive|Enekos has 30 seconds left.\n|inactive|Cherryzprite has 30 seconds left.\n|j|\u2606Enekos\n|inactive|Enekos reconnected and has 25 seconds left.\n|player|p1|Enekos|steven|\n|inactive|Enekos has 20 seconds left.\n|inactive|Cherryzprite has 20 seconds left.\n|inactive|Enekos has 15 seconds left.\n|inactive|Cherryzprite has 15 seconds left.\n|inactive|Enekos has 10 seconds left.\n|\n|t:|1776488494\n|switch|p1b: Sapo pepe|Politoed, L50, M|100/100\n|-weather|RainDance|[from] ability: Drizzle|[of] p1b: Sapo pepe\n|move|p2a: Hatterene|Dazzling Gleam|p1a: Gymbro|[spread] p1a,p1b\n|-damage|p1a: Gymbro|66/100\n|-damage|p1b: Sapo pepe|73/100\n|move|p2b: Scizor|Close Combat|p1a: Gymbro\n|-supereffective|p1a: Gymbro|1\n|-damage|p1a: Gymbro|16/100\n|-unboost|p2b: Scizor|def|1\n|-unboost|p2b: Scizor|spd|1\n|-enditem|p1a: Gymbro|Sitrus Berry|[eat]\n|-heal|p1a: Gymbro|41/100|[from] item: Sitrus Berry\n|move|p1a: Gymbro|Parting Shot|p2b: Scizor\n|-unboost|p2b: Scizor|atk|1\n|-unboost|p2b: Scizor|spa|1\n|\n|t:|1776488514\n|switch|p1a: Gengar|Gengar, L50, M, shiny|100/100|[from] Parting Shot\n|\n|-weather|RainDance|[upkeep]\n|-heal|p1b: Sapo pepe|79/100|[from] item: Leftovers\n|upkeep\n|turn|5\n|inactive|Enekos has 30 seconds left.\n|inactive|Cherryzprite has 30 seconds left.\n|inactive|Enekos has 20 seconds left.\n|inactive|Cherryzprite has 20 seconds left.\n|inactive|Cherryzprite has 15 seconds left.\n|\n|t:|1776488555\n|switch|p1a: Gymbro|Incineroar, L50, F|41/100\n|-ability|p1a: Gymbro|Intimidate|boost\n|-unboost|p2a: Hatterene|atk|1\n|-unboost|p2b: Scizor|atk|1\n|move|p2a: Hatterene|Psychic|p1b: Sapo pepe\n|-damage|p1b: Sapo pepe|32/100\n|move|p2b: Scizor|Bug Bite|p1b: Sapo pepe\n|-damage|p1b: Sapo pepe|11/100\n|move|p1b: Sapo pepe|Perish Song|p1b: Sapo pepe\n|-start|p1a: Gymbro|perish3|[silent]\n|-start|p1b: Sapo pepe|perish3|[silent]\n|-start|p2a: Hatterene|perish3|[silent]\n|-start|p2b: Scizor|perish3|[silent]\n|-fieldactivate|move: Perish Song\n|\n|-weather|RainDance|[upkeep]\n|-heal|p1b: Sapo pepe|17/100|[from] item: Leftovers\n|-start|p2a: Hatterene|perish3\n|-start|p2b: Scizor|perish3\n|-start|p1a: Gymbro|perish3\n|-start|p1b: Sapo pepe|perish3\n|upkeep\n|turn|6\n|inactive|Enekos has 30 seconds left.\n|inactive|Cherryzprite has 30 seconds left.\n|inactive|Enekos has 20 seconds left.\n|inactive|Cherryzprite has 20 seconds left.\n|inactive|Enekos has 15 seconds left.\n|inactive|Cherryzprite has 15 seconds left.\n|inactive|Enekos has 10 seconds left.\n|inactive|Cherryzprite has 10 seconds left.\n|\n|t:|1776488604\n|move|p2a: Hatterene|Dazzling Gleam|p1a: Gymbro|[spread] p1a,p1b\n|-damage|p1a: Gymbro|6/100\n|-damage|p1b: Sapo pepe|0 fnt\n|faint|p1b: Sapo pepe\n|move|p2b: Scizor|Close Combat|p1a: Gymbro\n|-supereffective|p1a: Gymbro|1\n|-damage|p1a: Gymbro|0 fnt\n|-unboost|p2b: Scizor|def|1\n|-unboost|p2b: Scizor|spd|1\n|faint|p1a: Gymbro\n|\n|-weather|RainDance|[upkeep]\n|-start|p2a: Hatterene|perish2\n|-start|p2b: Scizor|perish2\n|upkeep\n|\n|t:|1776488618\n|switch|p1a: Gengar|Gengar, L50, M, shiny|100/100\n|switch|p1b: Chillbroh|Sneasler, L50, M|57/100 par\n|turn|7\n|inactive|Cherryzprite has 30 seconds left.\n|\n|t:|1776488646\n|switch|p2b: Sinistcha|Sinistcha-Masterpiece, L50|100/100\n|detailschange|p1a: Gengar|Gengar-Mega, L50, M, shiny\n|-mega|p1a: Gengar|Gengar|Gengarite\n|move|p1b: Chillbroh|Protect|p1b: Chillbroh\n|-singleturn|p1b: Chillbroh|Protect\n|move|p1a: Gengar|Protect|p1a: Gengar\n|-singleturn|p1a: Gengar|Protect\n|move|p2a: Hatterene|Dazzling Gleam|p1b: Chillbroh|[spread] \n|-activate|p1a: Gengar|move: Protect\n|-activate|p1b: Chillbroh|move: Protect\n|\n|-weather|RainDance|[upkeep]\n|-start|p2a: Hatterene|perish1\n|-fieldend|move: Trick Room\n|upkeep\n|turn|8\n|inactive|Enekos has 30 seconds left.\n|inactive|Cherryzprite has 30 seconds left.\n|inactive|Enekos has 20 seconds left.\n|inactive|Cherryzprite has 20 seconds left.\n|inactive|Enekos has 15 seconds left.\n|inactive|Cherryzprite has 15 seconds left.\n|inactive|Enekos has 10 seconds left.\n|inactive|Enekos has 5 seconds left.\n|\n|t:|1776488696\n|move|p2b: Sinistcha|Rage Powder|p2b: Sinistcha\n|-singleturn|p2b: Sinistcha|move: Rage Powder\n|move|p1a: Gengar|Sludge Bomb|p2b: Sinistcha\n|-damage|p2b: Sinistcha|46/100\n|-enditem|p2b: Sinistcha|Sitrus Berry|[eat]\n|-heal|p2b: Sinistcha|71/100|[from] item: Sitrus Berry\n|cant|p1b: Chillbroh|par\n|move|p2a: Hatterene|Psychic|p1a: Gengar\n|-supereffective|p1a: Gengar|1\n|-damage|p1a: Gengar|0 fnt\n|faint|p1a: Gengar\n|\n|-weather|none\n|-start|p2a: Hatterene|perish0\n|upkeep\n|faint|p2a: Hatterene\n|\n|t:|1776488711\n|switch|p2a: Scizor|Scizor, L50, F|100/100\n|turn|9\n|\n|t:|1776488728\n|move|p2b: Sinistcha|Rage Powder|p2b: Sinistcha\n|-singleturn|p2b: Sinistcha|move: Rage Powder\n|move|p2a: Scizor|Bullet Punch|p1b: Chillbroh\n|-damage|p1b: Chillbroh|0 fnt\n|faint|p1b: Chillbroh\n|\n|win|Cherryzprite\n|raw|Enekos's rating: 1097 &rarr; <strong>1074</strong><br />(-23 for losing)\n|raw|Cherryzprite's rating: 1121 &rarr; <strong>1144</strong><br />(+23 for winning)\n",
  "uploadtime": 1776488735,
  "views": 15,
  "formatid": "gen9championsvgc2026regma",
  "rating": 1074,
  "private": 0,
  "password": null
}