{
  "id": "gen9championsvgc2026regma-2588627652",
  "format": "[Gen 9 Champions] VGC 2026 Reg M-A",
  "players": [
    "nmq0901",
    "ericzebaws"
  ],
  "log": "|j|\u2606nmq0901\n|j|\u2606ericzebaws\n|t:|1776651563\n|gametype|doubles\n|player|p1|nmq0901|102|1035\n|player|p2|ericzebaws|1|1127\n|gen|9\n|tier|[Gen 9 Champions] VGC 2026 Reg M-A\n|rated|\n|rule|Species Clause: Limit one of each Pok\u00e9mon\n|rule|Item Clause: Limit 1 of each item\n|clearpoke\n|poke|p1|Feraligatr, L50, M|\n|poke|p1|Aggron, L50, F|\n|poke|p1|Alakazam, L50, M|\n|poke|p1|Whimsicott, L50, M|\n|poke|p1|Pelipper, L50, M|\n|poke|p1|Tyranitar, L50, F|\n|poke|p2|Archaludon, L50, M|\n|poke|p2|Milotic, L50, M|\n|poke|p2|Pelipper, L50, F|\n|poke|p2|Meganium, L50, F|\n|poke|p2|Incineroar, L50, F|\n|poke|p2|Krookodile, L50, F|\n|teampreview|4\n|inactive|Battle timer is ON: inactive players will automatically lose when time's up. (requested by ericzebaws)\n|\n|t:|1776651583\n|teamsize|p1|4\n|teamsize|p2|4\n|start\n|switch|p1a: Aggron|Aggron, L50, F|100/100\n|switch|p1b: Whimsicott|Whimsicott, L50, M|100/100\n|switch|p2a: Archaludon|Archaludon, L50, M|100/100\n|switch|p2b: Milotic|Milotic, L50, M|100/100\n|turn|1\n|\n|t:|1776651602\n|detailschange|p1a: Aggron|Aggron-Mega, L50, F\n|-mega|p1a: Aggron|Aggron|Aggronite\n|move|p1b: Whimsicott|Light Screen|p1b: Whimsicott\n|-sidestart|p1: nmq0901|move: Light Screen\n|move|p2b: Milotic|Dragon Cheer|p2a: Archaludon\n|-start|p2a: Archaludon|move: Dragon Cheer\n|move|p2a: Archaludon|Flash Cannon|p1b: Whimsicott\n|-supereffective|p1b: Whimsicott|1\n|-crit|p1b: Whimsicott\n|-damage|p1b: Whimsicott|0 fnt\n|faint|p1b: Whimsicott\n|move|p1a: Aggron|Iron Defense|p1a: Aggron\n|-boost|p1a: Aggron|def|2\n|\n|upkeep\n|\n|t:|1776651616\n|switch|p1b: Alakazam|Alakazam, L50, M|100/100\n|turn|2\n|\n|t:|1776651634\n|move|p1b: Alakazam|Speed Swap|p1a: Aggron\n|-activate|p1b: Alakazam|move: Speed Swap|[of] p1a: Aggron\n|move|p1a: Aggron|Body Press|p2a: Archaludon\n|-supereffective|p2a: Archaludon|1\n|-crit|p2a: Archaludon\n|-damage|p2a: Archaludon|0 fnt\n|faint|p2a: Archaludon\n|move|p2b: Milotic|Scald|p1b: Alakazam\n|-damage|p1b: Alakazam|72/100\n|\n|upkeep\n|\n|t:|1776651641\n|switch|p2a: Meganium|Meganium, L50, F|100/100\n|turn|3\n|inactive|nmq0901 has 30 seconds left.\n|\n|t:|1776651666\n|detailschange|p2a: Meganium|Meganium-Mega, L50, F\n|-mega|p2a: Meganium|Meganium|Meganiumite\n|move|p2a: Meganium|Protect|p2a: Meganium\n|-singleturn|p2a: Meganium|Protect\n|move|p1a: Aggron|Iron Defense|p1a: Aggron\n|-boost|p1a: Aggron|def|2\n|move|p2b: Milotic|Scald|p1a: Aggron\n|-damage|p1a: Aggron|80/100\n|move|p1b: Alakazam|Psychic|p2a: Meganium\n|-activate|p2a: Meganium|move: Protect\n|\n|upkeep\n|turn|4\n|\n|t:|1776651684\n|move|p1a: Aggron|Body Press|p2a: Meganium\n|-resisted|p2a: Meganium|1\n|-damage|p2a: Meganium|45/100\n|move|p2b: Milotic|Dragon Cheer|p2a: Meganium\n|-start|p2a: Meganium|move: Dragon Cheer\n|move|p2a: Meganium|Weather Ball|p1a: Aggron\n|-supereffective|p1a: Aggron|1\n|-damage|p1a: Aggron|16/100\n|move|p1b: Alakazam|Psychic|p2a: Meganium\n|-damage|p2a: Meganium|6/100\n|\n|upkeep\n|turn|5\n|inactive|nmq0901 has 30 seconds left.\n|inactive|nmq0901 has 20 seconds left.\n|\n|t:|1776651721\n|switch|p2a: Pelipper|Pelipper, L50, F|100/100\n|-weather|RainDance|[from] ability: Drizzle|[of] p2a: Pelipper\n|move|p1a: Aggron|Body Press|p2b: Milotic\n|-damage|p2b: Milotic|0 fnt\n|faint|p2b: Milotic\n|move|p1b: Alakazam|Trick Room|p1b: Alakazam\n|-fieldstart|move: Trick Room|[of] p1b: Alakazam\n|\n|-weather|RainDance|[upkeep]\n|-sideend|p1: nmq0901|move: Light Screen\n|upkeep\n|\n|t:|1776651728\n|switch|p2b: Meganium|Meganium-Mega, L50, F|6/100\n|turn|6\n|\n|t:|1776651747\n|move|p1b: Alakazam|Psychic|p2b: Meganium\n|-damage|p2b: Meganium|0 fnt\n|faint|p2b: Meganium\n|move|p2a: Pelipper|Muddy Water|p1a: Aggron|[spread] p1a,p1b\n|-damage|p1a: Aggron|0 fnt\n|-damage|p1b: Alakazam|4/100\n|faint|p1a: Aggron\n|\n|-weather|RainDance|[upkeep]\n|upkeep\n|\n|t:|1776651757\n|switch|p1a: Tyranitar|Tyranitar, L50, F|100/100\n|-weather|Sandstorm|[from] ability: Sand Stream|[of] p1a: Tyranitar\n|turn|7\n|\n|t:|1776651774\n|move|p1b: Alakazam|Speed Swap|p1a: Tyranitar\n|-activate|p1b: Alakazam|move: Speed Swap|[of] p1a: Tyranitar\n|move|p1a: Tyranitar|Rock Slide|p2a: Pelipper\n|-supereffective|p2a: Pelipper|1\n|-damage|p2a: Pelipper|13/100\n|move|p2a: Pelipper|Muddy Water|p1b: Alakazam|[spread] p1a,p1b\n|-supereffective|p1a: Tyranitar|1\n|-damage|p1a: Tyranitar|65/100\n|-damage|p1b: Alakazam|0 fnt\n|-unboost|p1a: Tyranitar|accuracy|1\n|faint|p1b: Alakazam\n|\n|-weather|Sandstorm|[upkeep]\n|-damage|p2a: Pelipper|7/100|[from] Sandstorm\n|upkeep\n|turn|8\n|\n|t:|1776651795\n|move|p1a: Tyranitar|Crunch|p2a: Pelipper\n|-damage|p2a: Pelipper|0 fnt\n|faint|p2a: Pelipper\n|\n|win|nmq0901\n|raw|nmq0901's rating: 1035 &rarr; <strong>1079</strong><br />(+44 for winning)\n|raw|ericzebaws's rating: 1127 &rarr; <strong>1096</strong><br />(-31 for losing)\n",
  "uploadtime": 1776651803,
  "views": 5,
  "formatid": "gen9championsvgc2026regma",
  "rating": 1079,
  "private": 0,
  "password": null
}