{
  "id": "gen9championsvgc2026regma-2587488892",
  "format": "[Gen 9 Champions] VGC 2026 Reg M-A",
  "players": [
    "Goomyracle",
    "o biscoito"
  ],
  "log": "|j|\u2606Goomyracle\n|j|\u2606o biscoito\n|t:|1776536115\n|gametype|doubles\n|player|p1|Goomyracle|clair|1064\n|player|p2|o biscoito|lance|1003\n|gen|9\n|tier|[Gen 9 Champions] VGC 2026 Reg M-A\n|rated|\n|rule|Species Clause: Limit one of each Pok\u00e9mon\n|rule|Item Clause: Limit 1 of each item\n|clearpoke\n|poke|p1|Aggron, L50, M|\n|poke|p1|Sinistcha, L50|\n|poke|p1|Volcarona, L50, M|\n|poke|p1|Sneasler, L50, F|\n|poke|p1|Ninetales-Alola, L50, M|\n|poke|p1|Maushold, L50|\n|poke|p2|Aggron, L50, M|\n|poke|p2|Torkoal, L50, F|\n|poke|p2|Gengar, L50, M|\n|poke|p2|Typhlosion, L50, M|\n|poke|p2|Abomasnow, L50, M|\n|poke|p2|Ampharos, L50, F|\n|teampreview|4\n|inactive|Battle timer is ON: inactive players will automatically lose when time's up. (requested by Goomyracle)\n|\n|t:|1776536142\n|teamsize|p1|4\n|teamsize|p2|4\n|start\n|switch|p1a: The Wall|Aggron, L50, M|100/100\n|switch|p1b: The Window|Sneasler, L50, F|100/100\n|switch|p2a: Torkoal|Torkoal, L50, F|100/100\n|switch|p2b: Typhlosion|Typhlosion, L50, M|100/100\n|-weather|SunnyDay|[from] ability: Drought|[of] p2a: Torkoal\n|turn|1\n|inactive|Goomyracle has 30 seconds left.\n|\n|t:|1776536175\n|switch|p1a: The A/C|Ninetales-Alola, L50, M|100/100\n|-weather|Snowscape|[from] ability: Snow Warning|[of] p1a: The A/C\n|move|p1b: The Window|Fake Out|p2a: Torkoal\n|-damage|p2a: Torkoal|88/100\n|move|p2b: Typhlosion|Extrasensory|p1b: The Window\n|-supereffective|p1b: The Window|2\n|-damage|p1b: The Window|0 fnt\n|faint|p1b: The Window\n|cant|p2a: Torkoal|flinch\n|\n|-weather|Snowscape|[upkeep]\n|upkeep\n|\n|t:|1776536187\n|switch|p1b: The Wall|Aggron, L50, M|100/100\n|turn|2\n|\n|t:|1776536196\n|detailschange|p1b: The Wall|Aggron-Mega, L50, M\n|-mega|p1b: The Wall|Aggron|Aggronite\n|move|p2a: Torkoal|Protect|p2a: Torkoal\n|-singleturn|p2a: Torkoal|Protect\n|move|p1a: The A/C|Aurora Veil|p1a: The A/C\n|-sidestart|p1: Goomyracle|move: Aurora Veil\n|move|p2b: Typhlosion|Eruption|p1a: The A/C|[spread] p1a,p1b\n|-supereffective|p1a: The A/C|1\n|-crit|p1a: The A/C\n|-supereffective|p1b: The Wall|1\n|-crit|p1b: The Wall\n|-enditem|p1a: The A/C|Focus Sash\n|-damage|p1a: The A/C|1/100\n|-damage|p1b: The Wall|2/100\n|move|p1b: The Wall|Iron Defense|p1b: The Wall\n|-boost|p1b: The Wall|def|2\n|\n|-weather|Snowscape|[upkeep]\n|upkeep\n|turn|3\n|\n|t:|1776536214\n|move|p1a: The A/C|Blizzard|p2a: Torkoal|[spread] p2a,p2b\n|-resisted|p2a: Torkoal|1\n|-resisted|p2b: Typhlosion|1\n|-damage|p2a: Torkoal|67/100\n|-damage|p2b: Typhlosion|87/100\n|move|p2b: Typhlosion|Eruption|p1b: The Wall|[spread] p1a,p1b\n|-supereffective|p1a: The A/C|1\n|-supereffective|p1b: The Wall|1\n|-damage|p1a: The A/C|0 fnt\n|-damage|p1b: The Wall|0 fnt\n|faint|p1a: The A/C\n|faint|p1b: The Wall\n|move|p2a: Torkoal|Eruption|p1: The A/C|[notarget]\n|-fail|p2a: Torkoal\n|\n|-weather|Snowscape|[upkeep]\n|-heal|p2b: Typhlosion|93/100|[from] item: Leftovers\n|upkeep\n|\n|t:|1776536228\n|switch|p1a: The Landlord|Maushold, L50|100/100\n|turn|4\n|\n|t:|1776536244\n|move|p1a: The Landlord|Super Fang|p2b: Typhlosion\n|-damage|p2b: Typhlosion|47/100\n|move|p2b: Typhlosion|Eruption|p1a: The Landlord\n|-damage|p1a: The Landlord|72/100\n|move|p2a: Torkoal|Eruption|p1a: The Landlord\n|-damage|p1a: The Landlord|39/100\n|\n|-weather|Snowscape|[upkeep]\n|-heal|p2b: Typhlosion|53/100|[from] item: Leftovers\n|upkeep\n|turn|5\n|-message|Goomyracle forfeited.\n|\n|win|o biscoito\n|raw|Goomyracle's rating: 1064 &rarr; <strong>1041</strong><br />(-23 for losing)\n|raw|o biscoito's rating: 1003 &rarr; <strong>1049</strong><br />(+46 for winning)\n|l|\u2606Goomyracle\n|player|p1|\n",
  "uploadtime": 1776536263,
  "views": 11,
  "formatid": "gen9championsvgc2026regma",
  "rating": 1041,
  "private": 0,
  "password": null
}