{
  "id": "gen9championsvgc2026regma-2583756309",
  "format": "[Gen 9 Champions] VGC 2026 Reg M-A",
  "players": [
    "TGinge",
    "Daizu"
  ],
  "log": "|j|\u2606TGinge\n|j|\u2606Daizu\n|t:|1776195569\n|gametype|doubles\n|player|p1|TGinge|rocketgrunt|1245\n|player|p2|Daizu|265|1350\n|gen|9\n|tier|[Gen 9 Champions] VGC 2026 Reg M-A\n|rated|\n|rule|Species Clause: Limit one of each Pok\u00e9mon\n|rule|Item Clause: Limit 1 of each item\n|clearpoke\n|poke|p1|Chandelure, L50, F|\n|poke|p1|Hydrapple, L50, M|\n|poke|p1|Whimsicott, L50, F|\n|poke|p1|Incineroar, L50, M|\n|poke|p1|Basculegion, L50, M|\n|poke|p1|Kingambit, L50, M|\n|poke|p2|Meganium, L50, F|\n|poke|p2|Pelipper, L50, M|\n|poke|p2|Archaludon, L50, F|\n|poke|p2|Basculegion, L50, M|\n|poke|p2|Politoed, L50, M|\n|poke|p2|Sinistcha, L50|\n|teampreview|4\n|inactive|Battle timer is ON: inactive players will automatically lose when time's up. (requested by TGinge)\n|inactive|TGinge has 60 seconds left.\n|inactive|TGinge has 30 seconds left.\n|inactive|TGinge has 20 seconds left.\n|inactive|TGinge has 15 seconds left.\n|\n|t:|1776195645\n|teamsize|p1|4\n|teamsize|p2|4\n|start\n|switch|p1a: Whimsicott|Whimsicott, L50, F|100/100\n|switch|p1b: Basculegion|Basculegion, L50, M|100/100\n|switch|p2a: Basculegion|Basculegion, L50, M|100/100\n|switch|p2b: Pelipper|Pelipper, L50, M|100/100\n|-weather|RainDance|[from] ability: Drizzle|[of] p2b: Pelipper\n|turn|1\n|\n|t:|1776195665\n|switch|p2b: Sinistcha|Sinistcha, L50|100/100\n|move|p1b: Basculegion|Flip Turn|p2b: Sinistcha\n|-resisted|p2b: Sinistcha|1\n|-crit|p2b: Sinistcha\n|-damage|p2b: Sinistcha|62/100\n|\n|t:|1776195671\n|switch|p1b: Hydrapple|Hydrapple, L50, M|100/100|[from] Flip Turn\n|move|p2a: Basculegion|Flip Turn|p1b: Hydrapple\n|-resisted|p1b: Hydrapple|2\n|-damage|p1b: Hydrapple|89/100\n|\n|t:|1776195682\n|switch|p2a: Archaludon|Archaludon, L50, F|100/100|[from] Flip Turn\n|move|p1a: Whimsicott|Trick Room|p1a: Whimsicott\n|-fieldstart|move: Trick Room|[of] p1a: Whimsicott\n|\n|-weather|RainDance|[upkeep]\n|-heal|p1b: Hydrapple|95/100|[from] item: Leftovers\n|upkeep\n|turn|2\n|\n|t:|1776195696\n|move|p2b: Sinistcha|Rage Powder|p2b: Sinistcha\n|-singleturn|p2b: Sinistcha|move: Rage Powder\n|move|p1a: Whimsicott|Sunny Day|p1a: Whimsicott\n|-weather|SunnyDay\n|move|p1b: Hydrapple|Fickle Beam|p2a: Archaludon|[anim] Fickle Beam All Out\n|-activate|p1b: Hydrapple|move: Fickle Beam\n|-damage|p2a: Archaludon|12/100\n|-ability|p2a: Archaludon|Stamina|boost\n|-boost|p2a: Archaludon|def|1\n|move|p2a: Archaludon|Dragon Pulse|p1b: Hydrapple\n|-supereffective|p1b: Hydrapple|1\n|-damage|p1b: Hydrapple|16/100\n|\n|-weather|SunnyDay|[upkeep]\n|-heal|p1b: Hydrapple|23/100|[from] item: Leftovers\n|-heal|p2a: Archaludon|18/100|[from] item: Leftovers\n|upkeep\n|turn|3\n|inactive|TGinge has 30 seconds left.\n|inactive|Daizu has 30 seconds left.\n|\n|t:|1776195727\n|switch|p1b: Chandelure|Chandelure, L50, F|100/100\n|switch|p2a: Pelipper|Pelipper, L50, M|100/100\n|-weather|RainDance|[from] ability: Drizzle|[of] p2a: Pelipper\n|move|p1a: Whimsicott|Moonblast|p2a: Pelipper\n|-damage|p2a: Pelipper|44/100\n|move|p2b: Sinistcha|Trick Room|p2b: Sinistcha\n|-fieldend|move: Trick Room\n|\n|-weather|RainDance|[upkeep]\n|upkeep\n|turn|4\n|\n|t:|1776195746\n|detailschange|p1b: Chandelure|Chandelure-Mega, L50, F\n|-mega|p1b: Chandelure|Chandelure|Chandelurite\n|move|p2b: Sinistcha|Rage Powder|p2b: Sinistcha\n|-singleturn|p2b: Sinistcha|move: Rage Powder\n|move|p1a: Whimsicott|Sunny Day|p1a: Whimsicott\n|-weather|SunnyDay\n|move|p2a: Pelipper|Hurricane|p1a: Whimsicott\n|-supereffective|p1a: Whimsicott|1\n|-enditem|p1a: Whimsicott|Focus Sash\n|-damage|p1a: Whimsicott|1/100\n|move|p1b: Chandelure|Shadow Ball|p2b: Sinistcha\n|-supereffective|p2b: Sinistcha|1\n|-damage|p2b: Sinistcha|0 fnt\n|faint|p2b: Sinistcha\n|\n|-weather|SunnyDay|[upkeep]\n|upkeep\n|\n|t:|1776195762\n|switch|p2b: Archaludon|Archaludon, L50, F|18/100\n|turn|5\n|\n|t:|1776195771\n|move|p2a: Pelipper|Protect|p2a: Pelipper\n|-singleturn|p2a: Pelipper|Protect\n|move|p1a: Whimsicott|Tailwind|p1a: Whimsicott\n|-sidestart|p1: TGinge|move: Tailwind\n|move|p1b: Chandelure|Shadow Ball|p2a: Pelipper\n|-activate|p2a: Pelipper|move: Protect\n|move|p2b: Archaludon|Snarl|p1b: Chandelure|[spread] p1a,p1b\n|-resisted|p1a: Whimsicott|1\n|-supereffective|p1b: Chandelure|1\n|-damage|p1a: Whimsicott|0 fnt\n|-damage|p1b: Chandelure|74/100\n|-unboost|p1b: Chandelure|spa|1\n|faint|p1a: Whimsicott\n|\n|-weather|SunnyDay|[upkeep]\n|-heal|p2b: Archaludon|24/100|[from] item: Leftovers\n|upkeep\n|\n|t:|1776195785\n|switch|p1a: Basculegion|Basculegion, L50, M|100/100\n|turn|6\n|\n|t:|1776195808\n|switch|p2a: Basculegion|Basculegion, L50, M|100/100\n|move|p1a: Basculegion|Last Respects|p2a: Basculegion\n|-supereffective|p2a: Basculegion|1\n|-damage|p2a: Basculegion|0 fnt\n|faint|p2a: Basculegion\n|move|p1b: Chandelure|Flamethrower|p2b: Archaludon\n|-damage|p2b: Archaludon|0 fnt\n|faint|p2b: Archaludon\n|\n|-weather|SunnyDay|[upkeep]\n|upkeep\n|-message|Daizu forfeited.\n|\n|win|TGinge\n|raw|TGinge's rating: 1245 &rarr; <strong>1277</strong><br />(+32 for winning)\n|raw|Daizu's rating: 1350 &rarr; <strong>1324</strong><br />(-26 for losing)\n|l|\u2606Daizu\n|player|p2|\n",
  "uploadtime": 1776195826,
  "views": 42,
  "formatid": "gen9championsvgc2026regma",
  "rating": 1277,
  "private": 0,
  "password": null
}