{
  "id": "gen9championsvgc2026regma-2585863674",
  "format": "[Gen 9 Champions] VGC 2026 Reg M-A",
  "players": [
    "santitesting",
    "ItzXeroo"
  ],
  "log": "|j|\u2606santitesting\n|j|\u2606ItzXeroo\n|t:|1776376519\n|gametype|doubles\n|player|p1|santitesting|101|1220\n|player|p2|ItzXeroo|n|1276\n|gen|9\n|tier|[Gen 9 Champions] VGC 2026 Reg M-A\n|rated|\n|rule|Species Clause: Limit one of each Pok\u00e9mon\n|rule|Item Clause: Limit 1 of each item\n|clearpoke\n|poke|p1|Oranguru, L50, M|\n|poke|p1|Blastoise, L50, F|\n|poke|p1|Pinsir, L50, F|\n|poke|p1|Corviknight, L50, F|\n|poke|p1|Venusaur, L50, F|\n|poke|p1|Weavile, L50, M|\n|poke|p2|Dragapult, L50, M|\n|poke|p2|Maushold, L50|\n|poke|p2|Kingambit, L50, M|\n|poke|p2|Charizard, L50, M|\n|poke|p2|Sneasler, L50, F|\n|poke|p2|Garchomp, L50, F|\n|teampreview|4\n|inactive|Battle timer is ON: inactive players will automatically lose when time's up. (requested by santitesting)\n|inactive|santitesting has 60 seconds left.\n|\n|t:|1776376567\n|teamsize|p1|4\n|teamsize|p2|4\n|start\n|switch|p1a: Pinsir|Pinsir, L50, F|100/100\n|switch|p1b: Weavile|Weavile, L50, M|100/100\n|switch|p2a: Sneasler|Sneasler, L50, F|100/100\n|switch|p2b: Charizard|Charizard, L50, M, shiny|100/100\n|-ability|p1b: Weavile|Pressure\n|turn|1\n|c|\u2606ItzXeroo|quiero queque\n|inactive|santitesting has 30 seconds left.\n|\n|t:|1776376602\n|detailschange|p1a: Pinsir|Pinsir-Mega, L50, F\n|-mega|p1a: Pinsir|Pinsir|Pinsirite\n|detailschange|p2b: Charizard|Charizard-Mega-Y, L50, M, shiny\n|-mega|p2b: Charizard|Charizard|Charizardite Y\n|-weather|SunnyDay|[from] ability: Drought|[of] p2b: Charizard\n|move|p1b: Weavile|Fake Out|p2b: Charizard\n|-damage|p2b: Charizard|83/100\n|move|p2a: Sneasler|Close Combat|p1b: Weavile\n|-supereffective|p1b: Weavile|2\n|-enditem|p1b: Weavile|Focus Sash\n|-damage|p1b: Weavile|1/100\n|-unboost|p2a: Sneasler|def|1\n|-unboost|p2a: Sneasler|spd|1\n|move|p1a: Pinsir|Swords Dance|p1a: Pinsir\n|-boost|p1a: Pinsir|atk|2\n|cant|p2b: Charizard|flinch\n|\n|-weather|SunnyDay|[upkeep]\n|upkeep\n|turn|2\n|inactive|santitesting has 30 seconds left.\n|inactive|santitesting has 20 seconds left.\n|inactive|santitesting has 15 seconds left.\n|inactive|santitesting has 10 seconds left.\n|inactive|santitesting has 5 seconds left.\n|\n|t:|1776376657\n|move|p2a: Sneasler|Feint|p1a: Pinsir\n|-damage|p1a: Pinsir|89/100\n|move|p1a: Pinsir|Quick Attack|p2b: Charizard\n|-damage|p2b: Charizard|11/100\n|move|p1b: Weavile|Ice Spinner|p2a: Sneasler\n|-enditem|p2a: Sneasler|Focus Sash\n|-damage|p2a: Sneasler|1/100\n|move|p2b: Charizard|Heat Wave|p1b: Weavile|[spread] p1a,p1b\n|-supereffective|p1a: Pinsir|1\n|-supereffective|p1b: Weavile|1\n|-damage|p1a: Pinsir|0 fnt\n|-damage|p1b: Weavile|0 fnt\n|faint|p1a: Pinsir\n|faint|p1b: Weavile\n|\n|-weather|SunnyDay|[upkeep]\n|upkeep\n|\n|t:|1776376678\n|switch|p1b: Corviknight|Corviknight, L50, F|100/100\n|switch|p1a: Venusaur|Venusaur, L50, F|100/100\n|turn|3\n|\n|t:|1776376691\n|switch|p2b: Dragapult|Dragapult, L50, M|100/100\n|move|p2a: Sneasler|Close Combat|p1b: Corviknight\n|-damage|p1b: Corviknight|62/100\n|-unboost|p2a: Sneasler|def|1\n|-unboost|p2a: Sneasler|spd|1\n|move|p1a: Venusaur|Sludge Bomb|p2b: Dragapult\n|-resisted|p2b: Dragapult|1\n|-damage|p2b: Dragapult|66/100\n|-status|p2b: Dragapult|psn\n|-enditem|p2b: Dragapult|Lum Berry|[eat]\n|-curestatus|p2b: Dragapult|psn|[msg]\n|move|p1b: Corviknight|Tailwind|p1b: Corviknight\n|-sidestart|p1: santitesting|move: Tailwind\n|\n|-weather|SunnyDay|[upkeep]\n|-heal|p1b: Corviknight|68/100|[from] item: Leftovers\n|upkeep\n|turn|4\n|inactive|santitesting has 30 seconds left.\n|\n|t:|1776376721\n|move|p1a: Venusaur|Earth Power|p2b: Dragapult\n|-damage|p2b: Dragapult|19/100\n|move|p2a: Sneasler|Close Combat|p1b: Corviknight\n|-damage|p1b: Corviknight|32/100\n|-unboost|p2a: Sneasler|def|1\n|-unboost|p2a: Sneasler|spd|1\n|move|p2b: Dragapult|Psychic Fangs|p1a: Venusaur\n|-supereffective|p1a: Venusaur|1\n|-damage|p1a: Venusaur|47/100\n|move|p1b: Corviknight|Brave Bird|p2a: Sneasler\n|-supereffective|p2a: Sneasler|1\n|-damage|p2a: Sneasler|0 fnt\n|faint|p2a: Sneasler\n|-damage|p1b: Corviknight|32/100|[from] Recoil\n|\n|-weather|SunnyDay|[upkeep]\n|-heal|p1b: Corviknight|38/100|[from] item: Leftovers\n|upkeep\n|\n|t:|1776376735\n|switch|p2a: Maushold|Maushold, L50|100/100\n|turn|5\n|inactive|santitesting has 30 seconds left.\n|\n|t:|1776376769\n|move|p2a: Maushold|Protect|p2a: Maushold\n|-singleturn|p2a: Maushold|Protect\n|move|p1a: Venusaur|Giga Drain|p2a: Maushold\n|-activate|p2a: Maushold|move: Protect\n|move|p2b: Dragapult|Psychic Fangs|p1a: Venusaur\n|-supereffective|p1a: Venusaur|1\n|-damage|p1a: Venusaur|0 fnt\n|faint|p1a: Venusaur\n|move|p1b: Corviknight|Brave Bird|p2b: Dragapult\n|-damage|p2b: Dragapult|0 fnt\n|faint|p2b: Dragapult\n|-damage|p1b: Corviknight|33/100|[from] Recoil\n|\n|-weather|none\n|-heal|p1b: Corviknight|39/100|[from] item: Leftovers\n|upkeep\n|\n|t:|1776376777\n|switch|p2b: Charizard|Charizard-Mega-Y, L50, M, shiny|11/100\n|-weather|SunnyDay|[from] ability: Drought|[of] p2b: Charizard\n|turn|6\n|-message|santitesting forfeited.\n|\n|win|ItzXeroo\n|raw|santitesting's rating: 1220 &rarr; <strong>1199</strong><br />(-21 for losing)\n|raw|ItzXeroo's rating: 1276 &rarr; <strong>1297</strong><br />(+21 for winning)\n",
  "uploadtime": 1776376785,
  "views": 16,
  "formatid": "gen9championsvgc2026regma",
  "rating": 1199,
  "private": 0,
  "password": null
}