{
  "id": "gen9championsvgc2026regma-2584047775",
  "format": "[Gen 9 Champions] VGC 2026 Reg M-A",
  "players": [
    "Salading",
    "Holibrand"
  ],
  "log": "|j|\u2606Salading\n|j|\u2606Holibrand\n|t:|1776219960\n|gametype|doubles\n|player|p1|Salading|101|1000\n|player|p2|Holibrand|pokemonbreeder-gen4|1069\n|gen|9\n|tier|[Gen 9 Champions] VGC 2026 Reg M-A\n|rated|\n|rule|Species Clause: Limit one of each Pok\u00e9mon\n|rule|Item Clause: Limit 1 of each item\n|clearpoke\n|poke|p1|Farigiraf, L50, M|\n|poke|p1|Slowking, L50, F|\n|poke|p1|Abomasnow, L50, F|\n|poke|p1|Garchomp, L50, M|\n|poke|p1|Incineroar, L50, F|\n|poke|p1|Clefable, L50, F|\n|poke|p2|Arcanine, L50, F|\n|poke|p2|Bastiodon, L50, F|\n|poke|p2|Gengar, L50, M|\n|poke|p2|Tyranitar, L50, M|\n|poke|p2|Sinistcha, L50|\n|poke|p2|Primarina, L50, M|\n|teampreview|4\n|inactive|Battle timer is ON: inactive players will automatically lose when time's up. (requested by Holibrand)\n|inactive|Salading has 60 seconds left.\n|inactive|Holibrand has 60 seconds left.\n|inactive|Salading has 30 seconds left.\n|inactive|Salading has 20 seconds left.\n|inactive|Salading has 15 seconds left.\n|inactive|Salading has 10 seconds left.\n|\n|t:|1776220041\n|teamsize|p1|4\n|teamsize|p2|4\n|start\n|switch|p1a: Incineroar|Incineroar, L50, F|100/100\n|switch|p1b: Farigiraf|Farigiraf, L50, M|100/100\n|switch|p2a: Arcanine|Arcanine, L50, F|100/100\n|switch|p2b: Tyranitar|Tyranitar, L50, M|100/100\n|-weather|Sandstorm|[from] ability: Sand Stream|[of] p2b: Tyranitar\n|-ability|p2a: Arcanine|Intimidate|boost\n|-unboost|p1a: Incineroar|atk|1\n|-unboost|p1b: Farigiraf|atk|1\n|-ability|p1a: Incineroar|Intimidate|boost\n|-unboost|p2a: Arcanine|atk|1\n|-unboost|p2b: Tyranitar|atk|1\n|turn|1\n|inactive|Salading has 30 seconds left.\n|\n|t:|1776220069\n|switch|p2b: Gengar|Gengar, L50, M|100/100\n|move|p2a: Arcanine|Snarl|p1a: Incineroar|[spread] p1a,p1b\n|-resisted|p1a: Incineroar|1\n|-supereffective|p1b: Farigiraf|1\n|-enditem|p1b: Farigiraf|Colbur Berry|[eat]\n|-enditem|p1b: Farigiraf|Colbur Berry|[weaken]\n|-damage|p1a: Incineroar|97/100\n|-damage|p1b: Farigiraf|90/100\n|-unboost|p1a: Incineroar|spa|1\n|-unboost|p1b: Farigiraf|spa|1\n|move|p1a: Incineroar|Parting Shot|p2b: Gengar\n|-unboost|p2b: Gengar|atk|1\n|-unboost|p2b: Gengar|spa|1\n|\n|t:|1776220084\n|switch|p1a: Slowking|Slowking, L50, F|100/100|[from] Parting Shot\n|move|p1b: Farigiraf|Trick Room|p1b: Farigiraf\n|-fieldstart|move: Trick Room|[of] p1b: Farigiraf\n|\n|-weather|Sandstorm|[upkeep]\n|-damage|p1a: Slowking|95/100|[from] Sandstorm\n|-damage|p1b: Farigiraf|84/100|[from] Sandstorm\n|-damage|p2a: Arcanine|94/100|[from] Sandstorm\n|-damage|p2b: Gengar|94/100|[from] Sandstorm\n|upkeep\n|turn|2\n|inactive|Salading has 30 seconds left.\n|\n|t:|1776220111\n|switch|p1b: Incineroar|Incineroar, L50, F|97/100\n|-ability|p1b: Incineroar|Intimidate|boost\n|-unboost|p2a: Arcanine|atk|1\n|-unboost|p2b: Gengar|atk|1\n|move|p2b: Gengar|Protect|p2b: Gengar\n|-singleturn|p2b: Gengar|Protect\n|move|p1a: Slowking|Psychic|p2b: Gengar\n|-activate|p2b: Gengar|move: Protect\n|move|p2a: Arcanine|Snarl|p1a: Slowking|[spread] p1a\n|-miss|p2a: Arcanine|p1b: Incineroar\n|-supereffective|p1a: Slowking|1\n|-damage|p1a: Slowking|77/100\n|-unboost|p1a: Slowking|spa|1\n|\n|-weather|Sandstorm|[upkeep]\n|-damage|p1a: Slowking|71/100|[from] Sandstorm\n|-damage|p1b: Incineroar|91/100|[from] Sandstorm\n|-damage|p2a: Arcanine|88/100|[from] Sandstorm\n|-damage|p2b: Gengar|88/100|[from] Sandstorm\n|upkeep\n|turn|3\n|inactive|Salading has 30 seconds left.\n|inactive|Salading has 20 seconds left.\n|inactive|Salading has 15 seconds left.\n|inactive|Salading has 10 seconds left.\n|\n|t:|1776220159\n|switch|p2b: Tyranitar|Tyranitar, L50, M|100/100\n|-prepare|p1a: Slowking|Chilly Reception|[premajor]\n|move|p1a: Slowking|Chilly Reception|p1a: Slowking\n|-weather|Snowscape\n|\n|t:|1776220168\n|switch|p1a: Abomasnow|Abomasnow, L50, F|100/100|[from] Chilly Reception\n|move|p1b: Incineroar|Throat Chop|p2b: Tyranitar\n|-resisted|p2b: Tyranitar|1\n|-damage|p2b: Tyranitar|85/100\n|-start|p2b: Tyranitar|Throat Chop|[silent]\n|move|p2a: Arcanine|Snarl|p1b: Incineroar|[spread] p1a,p1b\n|-resisted|p1b: Incineroar|1\n|-damage|p1a: Abomasnow|91/100\n|-damage|p1b: Incineroar|88/100\n|-unboost|p1a: Abomasnow|spa|1\n|-unboost|p1b: Incineroar|spa|1\n|\n|-weather|Snowscape|[upkeep]\n|upkeep\n|turn|4\n|inactive|Salading has 30 seconds left.\n|inactive|Holibrand has 30 seconds left.\n|\n|t:|1776220198\n|detailschange|p1a: Abomasnow|Abomasnow-Mega, L50, F\n|-mega|p1a: Abomasnow|Abomasnow|Abomasite\n|move|p1a: Abomasnow|Wood Hammer|p2b: Tyranitar\n|-supereffective|p2b: Tyranitar|1\n|-damage|p2b: Tyranitar|0 fnt\n|faint|p2b: Tyranitar\n|-damage|p1a: Abomasnow|66/100|[from] Recoil\n|move|p1b: Incineroar|Parting Shot|p2a: Arcanine\n|-unboost|p2a: Arcanine|atk|1\n|-unboost|p2a: Arcanine|spa|1\n|\n|t:|1776220221\n|switch|p1b: Slowking|Slowking, L50, F|100/100|[from] Parting Shot\n|move|p2a: Arcanine|Burn Up|p1a: Abomasnow\n|-supereffective|p1a: Abomasnow|2\n|-damage|p1a: Abomasnow|0 fnt\n|-start|p2a: Arcanine|typechange|???|[from] move: Burn Up\n|faint|p1a: Abomasnow\n|\n|-weather|Snowscape|[upkeep]\n|upkeep\n|inactive|Salading has 30 seconds left.\n|inactive|Holibrand has 30 seconds left.\n|inactive|Holibrand has 20 seconds left.\n|\n|t:|1776220259\n|switch|p1a: Farigiraf|Farigiraf, L50, M|84/100\n|switch|p2b: Primarina|Primarina, L50, M, shiny|100/100\n|turn|5\n|\n|t:|1776220282\n|move|p1b: Slowking|Psychic|p2b: Primarina\n|-damage|p2b: Primarina|65/100\n|move|p1a: Farigiraf|Light Screen|p1a: Farigiraf\n|-sidestart|p1: Salading|move: Light Screen\n|move|p2b: Primarina|Hyper Voice|p1a: Farigiraf|[spread] p1a,p1b\n|-resisted|p1b: Slowking|1\n|-damage|p1a: Farigiraf|59/100\n|-damage|p1b: Slowking|90/100\n|move|p2a: Arcanine|Snarl|p1b: Slowking|[spread] p1a,p1b\n|-supereffective|p1a: Farigiraf|1\n|-supereffective|p1b: Slowking|1\n|-damage|p1a: Farigiraf|50/100\n|-damage|p1b: Slowking|82/100\n|-unboost|p1a: Farigiraf|spa|1\n|-unboost|p1b: Slowking|spa|1\n|\n|-weather|Snowscape|[upkeep]\n|-fieldend|move: Trick Room\n|upkeep\n|turn|6\n|inactive|Salading has 30 seconds left.\n|inactive|Salading has 20 seconds left.\n|inactive|Salading has 15 seconds left.\n|inactive|Salading has 10 seconds left.\n|\n|t:|1776220328\n|move|p2a: Arcanine|Snarl|p1a: Farigiraf|[spread] p1a,p1b\n|-supereffective|p1a: Farigiraf|1\n|-supereffective|p1b: Slowking|1\n|-damage|p1a: Farigiraf|42/100\n|-damage|p1b: Slowking|75/100\n|-unboost|p1a: Farigiraf|spa|1\n|-unboost|p1b: Slowking|spa|1\n|move|p2b: Primarina|Hyper Voice|p1a: Farigiraf|[spread] p1a,p1b\n|-resisted|p1b: Slowking|1\n|-damage|p1a: Farigiraf|16/100\n|-damage|p1b: Slowking|65/100\n|move|p1a: Farigiraf|Hyper Voice|p2b: Primarina|[spread] p2a,p2b\n|-damage|p2a: Arcanine|74/100\n|-damage|p2b: Primarina|55/100\n|-prepare|p1b: Slowking|Chilly Reception|[premajor]\n|move|p1b: Slowking|Chilly Reception|p1b: Slowking\n|\n|t:|1776220339\n|switch|p1b: Incineroar|Incineroar, L50, F|88/100|[from] Chilly Reception\n|-ability|p1b: Incineroar|Intimidate|boost\n|-unboost|p2a: Arcanine|atk|1\n|-unboost|p2b: Primarina|atk|1\n|\n|-weather|Snowscape|[upkeep]\n|upkeep\n|turn|7\n|\n|t:|1776220349\n|move|p2b: Primarina|Protect|p2b: Primarina\n|-singleturn|p2b: Primarina|Protect\n|move|p1b: Incineroar|Fake Out|p2b: Primarina\n|-activate|p2b: Primarina|move: Protect\n|move|p2a: Arcanine|Snarl|p1a: Farigiraf|[spread] p1a,p1b\n|-supereffective|p1a: Farigiraf|1\n|-resisted|p1b: Incineroar|1\n|-crit|p1b: Incineroar\n|-damage|p1a: Farigiraf|7/100\n|-damage|p1b: Incineroar|82/100\n|-unboost|p1a: Farigiraf|spa|1\n|-unboost|p1b: Incineroar|spa|1\n|move|p1a: Farigiraf|Trick Room|p1a: Farigiraf\n|-fieldstart|move: Trick Room|[of] p1a: Farigiraf\n|\n|-weather|none\n|upkeep\n|turn|8\n|\n|t:|1776220368\n|switch|p1b: Slowking|Slowking, L50, F|98/100\n|move|p2b: Primarina|Hyper Voice|p1a: Farigiraf|[spread] p1a,p1b\n|-resisted|p1b: Slowking|1\n|-damage|p1a: Farigiraf|0 fnt\n|-damage|p1b: Slowking|88/100\n|faint|p1a: Farigiraf\n|move|p2a: Arcanine|Snarl|p1b: Slowking\n|-supereffective|p1b: Slowking|1\n|-damage|p1b: Slowking|78/100\n|-unboost|p1b: Slowking|spa|1\n|\n|upkeep\n|\n|t:|1776220373\n|switch|p1a: Incineroar|Incineroar, L50, F|82/100\n|-ability|p1a: Incineroar|Intimidate|boost\n|-unboost|p2a: Arcanine|atk|1\n|-unboost|p2b: Primarina|atk|1\n|turn|9\n|\n|t:|1776220394\n|move|p2a: Arcanine|Protect|p2a: Arcanine\n|-singleturn|p2a: Arcanine|Protect\n|move|p1a: Incineroar|Fake Out|p2a: Arcanine\n|-activate|p2a: Arcanine|move: Protect\n|move|p1b: Slowking|Psychic|p2b: Primarina\n|-damage|p2b: Primarina|30/100\n|-enditem|p2b: Primarina|Sitrus Berry|[eat]\n|-heal|p2b: Primarina|55/100|[from] item: Sitrus Berry\n|move|p2b: Primarina|Perish Song|p2b: Primarina\n|-start|p1a: Incineroar|perish3|[silent]\n|-start|p1b: Slowking|perish3|[silent]\n|-start|p2a: Arcanine|perish3|[silent]\n|-start|p2b: Primarina|perish3|[silent]\n|-fieldactivate|move: Perish Song\n|\n|-start|p1b: Slowking|perish3\n|-start|p2b: Primarina|perish3\n|-start|p1a: Incineroar|perish3\n|-start|p2a: Arcanine|perish3\n|-sideend|p1: Salading|move: Light Screen\n|upkeep\n|turn|10\n|\n|t:|1776220412\n|move|p2b: Primarina|Protect|p2b: Primarina\n|-singleturn|p2b: Primarina|Protect\n|move|p1b: Slowking|Psychic|p2b: Primarina\n|-activate|p2b: Primarina|move: Protect\n|move|p1a: Incineroar|Flare Blitz|p2a: Arcanine\n|-damage|p2a: Arcanine|19/100\n|-damage|p1a: Incineroar|66/100|[from] Recoil\n|move|p2a: Arcanine|Snarl|p1b: Slowking|[spread] p1a,p1b\n|-resisted|p1a: Incineroar|1\n|-supereffective|p1b: Slowking|1\n|-damage|p1a: Incineroar|64/100\n|-damage|p1b: Slowking|68/100\n|-unboost|p1a: Incineroar|spa|1\n|-unboost|p1b: Slowking|spa|1\n|\n|-start|p1b: Slowking|perish2\n|-start|p2b: Primarina|perish2\n|-start|p1a: Incineroar|perish2\n|-start|p2a: Arcanine|perish2\n|upkeep\n|turn|11\n|\n|t:|1776220426\n|move|p2a: Arcanine|Protect|p2a: Arcanine\n|-singleturn|p2a: Arcanine|Protect\n|move|p1b: Slowking|Psychic|p2b: Primarina\n|-damage|p2b: Primarina|37/100\n|move|p2b: Primarina|Hyper Voice|p1b: Slowking|[spread] p1a,p1b\n|-supereffective|p1a: Incineroar|1\n|-resisted|p1b: Slowking|1\n|-damage|p1a: Incineroar|11/100\n|-damage|p1b: Slowking|52/100\n|-enditem|p1a: Incineroar|Sitrus Berry|[eat]\n|-heal|p1a: Incineroar|36/100|[from] item: Sitrus Berry\n|move|p1a: Incineroar|Flare Blitz|p2b: Primarina\n|-resisted|p2b: Primarina|1\n|-damage|p2b: Primarina|7/100\n|-damage|p1a: Incineroar|27/100|[from] Recoil\n|\n|-start|p1b: Slowking|perish1\n|-start|p2b: Primarina|perish1\n|-start|p1a: Incineroar|perish1\n|-start|p2a: Arcanine|perish1\n|-fieldend|move: Trick Room\n|upkeep\n|turn|12\n|\n|t:|1776220443\n|switch|p2a: Gengar|Gengar, L50, M|88/100\n|move|p2b: Primarina|Protect|p2b: Primarina\n|-singleturn|p2b: Primarina|Protect\n|move|p1a: Incineroar|Flare Blitz|p2b: Primarina\n|-activate|p2b: Primarina|move: Protect\n|move|p1b: Slowking|Psychic|p2a: Gengar\n|-supereffective|p2a: Gengar|1\n|-damage|p2a: Gengar|32/100\n|\n|-start|p1a: Incineroar|perish0\n|-start|p2b: Primarina|perish0\n|-start|p1b: Slowking|perish0\n|faint|p1a: Incineroar\n|faint|p2b: Primarina\n|faint|p1b: Slowking\n|\n|win|Holibrand\n|raw|Salading's rating: 1000 &rarr; <strong>1000</strong><br />(+0 for losing)\n|raw|Holibrand's rating: 1069 &rarr; <strong>1093</strong><br />(+24 for winning)\n",
  "uploadtime": 1776220468,
  "views": 27,
  "formatid": "gen9championsvgc2026regma",
  "rating": 1000,
  "private": 0,
  "password": null
}