{
  "id": "gen9championsvgc2026regma-2585594275",
  "format": "[Gen 9 Champions] VGC 2026 Reg M-A",
  "players": [
    "KrustyMoist",
    "YoYutta"
  ],
  "log": "|j|\u2606KrustyMoist\n|j|\u2606YoYutta\n|t:|1776357716\n|gametype|doubles\n|player|p1|KrustyMoist|iris-gen5bw2|1151\n|player|p2|YoYutta|preschooler|1226\n|gen|9\n|tier|[Gen 9 Champions] VGC 2026 Reg M-A\n|rated|\n|rule|Species Clause: Limit one of each Pok\u00e9mon\n|rule|Item Clause: Limit 1 of each item\n|clearpoke\n|poke|p1|Dragonite, L50, F|\n|poke|p1|Politoed, L50, F|\n|poke|p1|Archaludon, L50, M|\n|poke|p1|Basculegion, L50, M|\n|poke|p1|Sinistcha, L50|\n|poke|p1|Lopunny, L50, M|\n|poke|p2|Floette-Eternal, L50, F|\n|poke|p2|Orthworm, L50, F|\n|poke|p2|Garchomp, L50, F|\n|poke|p2|Whimsicott, L50, F|\n|poke|p2|Rotom-Heat, L50|\n|poke|p2|Tauros-Paldea-Aqua, L50, M|\n|teampreview|4\n|inactive|Battle timer is ON: inactive players will automatically lose when time's up. (requested by KrustyMoist)\n|\n|t:|1776357758\n|teamsize|p1|4\n|teamsize|p2|4\n|start\n|switch|p1a: Dragonite|Dragonite, L50, F|100/100\n|switch|p1b: Politoed|Politoed, L50, F|100/100\n|switch|p2a: Whimsicott|Whimsicott, L50, F|100/100\n|switch|p2b: Rotom|Rotom-Heat, L50|100/100\n|-weather|RainDance|[from] ability: Drizzle|[of] p1b: Politoed\n|turn|1\n|inactive|KrustyMoist has 30 seconds left.\n|\n|t:|1776357789\n|move|p2a: Whimsicott|Protect|p2a: Whimsicott\n|-singleturn|p2a: Whimsicott|Protect\n|move|p1a: Dragonite|Tailwind|p1a: Dragonite\n|-sidestart|p1: KrustyMoist|move: Tailwind\n|move|p1b: Politoed|Icy Wind|p2a: Whimsicott|[spread] p2b\n|-activate|p2a: Whimsicott|move: Protect\n|-resisted|p2b: Rotom|1\n|-damage|p2b: Rotom|95/100\n|-unboost|p2b: Rotom|spe|1\n|move|p2b: Rotom|Volt Switch|p1a: Dragonite\n|-damage|p1a: Dragonite|60/100\n|\n|t:|1776357805\n|switch|p2b: Floette|Floette-Eternal, L50, F|100/100|[from] Volt Switch\n|\n|-weather|RainDance|[upkeep]\n|upkeep\n|turn|2\n|\n|t:|1776357825\n|detailschange|p1a: Dragonite|Dragonite-Mega, L50, F\n|-mega|p1a: Dragonite|Dragonite|Dragoninite\n|detailschange|p2b: Floette|Floette-Mega, L50, F\n|-mega|p2b: Floette|Floette|Floettite\n|-ability|p2b: Floette|Fairy Aura\n|move|p2a: Whimsicott|Encore|p1b: Politoed\n|-start|p1b: Politoed|Encore\n|move|p1a: Dragonite|Hurricane|p2b: Floette\n|-crit|p2b: Floette\n|-damage|p2b: Floette|24/100\n|move|p1b: Politoed|Icy Wind|p2b: Floette|[spread] p2a,p2b\n|-supereffective|p2a: Whimsicott|1\n|-damage|p2a: Whimsicott|70/100\n|-damage|p2b: Floette|16/100\n|-unboost|p2a: Whimsicott|spe|1\n|-unboost|p2b: Floette|spe|1\n|move|p2b: Floette|Calm Mind|p2b: Floette\n|-boost|p2b: Floette|spa|1\n|-boost|p2b: Floette|spd|1\n|\n|-weather|RainDance|[upkeep]\n|upkeep\n|turn|3\n|inactive|KrustyMoist has 30 seconds left.\n|inactive|KrustyMoist has 20 seconds left.\n|\n|t:|1776357861\n|switch|p1b: Sinistcha|Sinistcha, L50|100/100\n|-heal|p1a: Dragonite|85/100|[from] ability: Hospitality|[of] p1b: Sinistcha\n|move|p1a: Dragonite|Protect|p1a: Dragonite\n|-singleturn|p1a: Dragonite|Protect\n|move|p2a: Whimsicott|Tailwind|p2a: Whimsicott\n|-sidestart|p2: YoYutta|move: Tailwind\n|move|p2b: Floette|Dazzling Gleam|p1a: Dragonite|[spread] p1b\n|-activate|p1a: Dragonite|move: Protect\n|-damage|p1b: Sinistcha|34/100\n|-enditem|p1b: Sinistcha|Sitrus Berry|[eat]\n|-heal|p1b: Sinistcha|59/100|[from] item: Sitrus Berry\n|\n|-weather|RainDance|[upkeep]\n|upkeep\n|turn|4\n|\n|t:|1776357881\n|move|p1b: Sinistcha|Rage Powder|p1b: Sinistcha\n|-singleturn|p1b: Sinistcha|move: Rage Powder\n|move|p2a: Whimsicott|Encore|p1a: Dragonite\n|-start|p1a: Dragonite|Encore\n|move|p1a: Dragonite|Protect||[still]\n|-fail|p1a: Dragonite\n|move|p2b: Floette|Moonblast|p1b: Sinistcha\n|-damage|p1b: Sinistcha|0 fnt\n|faint|p1b: Sinistcha\n|\n|-weather|RainDance|[upkeep]\n|-sideend|p1: KrustyMoist|move: Tailwind\n|upkeep\n|\n|t:|1776357890\n|switch|p1b: Basculegion|Basculegion, L50, M|100/100\n|turn|5\n|\n|t:|1776357905\n|switch|p1a: Politoed|Politoed, L50, F|100/100\n|move|p2a: Whimsicott|Moonblast|p1b: Basculegion\n|-damage|p1b: Basculegion|63/100\n|move|p2b: Floette|Moonblast|p1b: Basculegion\n|-damage|p1b: Basculegion|0 fnt\n|faint|p1b: Basculegion\n|\n|-weather|none\n|upkeep\n|\n|t:|1776357914\n|switch|p1b: Dragonite|Dragonite-Mega, L50, F|85/100\n|turn|6\n|\n|t:|1776357925\n|move|p2a: Whimsicott|Moonblast|p1a: Politoed\n|-damage|p1a: Politoed|73/100\n|move|p2b: Floette|Dazzling Gleam|p1a: Politoed|[spread] p1a,p1b\n|-supereffective|p1b: Dragonite|1\n|-damage|p1a: Politoed|17/100\n|-damage|p1b: Dragonite|0 fnt\n|faint|p1b: Dragonite\n|move|p1a: Politoed|Rain Dance|p1a: Politoed\n|-weather|RainDance\n|\n|-weather|RainDance|[upkeep]\n|-heal|p1a: Politoed|23/100|[from] item: Leftovers\n|-sideend|p2: YoYutta|move: Tailwind\n|upkeep\n|turn|7\n|\n|t:|1776357941\n|move|p2a: Whimsicott|Moonblast|p1a: Politoed\n|-damage|p1a: Politoed|0 fnt\n|faint|p1a: Politoed\n|\n|win|YoYutta\n|raw|KrustyMoist's rating: 1151 &rarr; <strong>1131</strong><br />(-20 for losing)\n|raw|YoYutta's rating: 1226 &rarr; <strong>1246</strong><br />(+20 for winning)\n|l|\u2606KrustyMoist\n|player|p1|\n",
  "uploadtime": 1776357945,
  "views": 25,
  "formatid": "gen9championsvgc2026regma",
  "rating": 1131,
  "private": 0,
  "password": null
}