{
  "id": "gen9championsvgc2026regma-2588271150",
  "format": "[Gen 9 Champions] VGC 2026 Reg M-A",
  "players": [
    "Millercs",
    "Esvee"
  ],
  "log": "|j|\u2606Millercs\n|j|\u2606Esvee\n|t:|1776619813\n|gametype|doubles\n|player|p1|Millercs|169|1269\n|player|p2|Esvee|will|1322\n|gen|9\n|tier|[Gen 9 Champions] VGC 2026 Reg M-A\n|rated|\n|rule|Species Clause: Limit one of each Pok\u00e9mon\n|rule|Item Clause: Limit 1 of each item\n|clearpoke\n|poke|p1|Blastoise, L50, M|\n|poke|p1|Pelipper, L50, F|\n|poke|p1|Sinistcha, L50|\n|poke|p1|Sneasler, L50, M|\n|poke|p1|Kingambit, L50, F|\n|poke|p1|Basculegion, L50, M|\n|poke|p2|Milotic, L50, M|\n|poke|p2|Scovillain, L50, M|\n|poke|p2|Incineroar, L50, M|\n|poke|p2|Aerodactyl, L50, M|\n|poke|p2|Froslass, L50, F|\n|poke|p2|Sneasler, L50, M|\n|teampreview|4\n|\n|t:|1776619866\n|teamsize|p1|4\n|teamsize|p2|4\n|start\n|switch|p1a: Sinistcha|Sinistcha, L50|100/100\n|switch|p1b: Blastoise|Blastoise, L50, M|100/100\n|switch|p2a: Sneasler|Sneasler, L50, M|100/100\n|switch|p2b: Scovillain|Scovillain, L50, M|100/100\n|turn|1\n|\n|t:|1776619889\n|detailschange|p1b: Blastoise|Blastoise-Mega, L50, M\n|-mega|p1b: Blastoise|Blastoise|Blastoisinite\n|detailschange|p2b: Scovillain|Scovillain-Mega, L50, M\n|-mega|p2b: Scovillain|Scovillain|Scovillainite\n|move|p1b: Blastoise|Protect|p1b: Blastoise\n|-singleturn|p1b: Blastoise|Protect\n|move|p2a: Sneasler|Fake Out|p1b: Blastoise\n|-activate|p1b: Blastoise|move: Protect\n|move|p2b: Scovillain|Leech Seed|p1b: Blastoise\n|-activate|p1b: Blastoise|move: Protect\n|move|p1a: Sinistcha|Trick Room|p1a: Sinistcha\n|-fieldstart|move: Trick Room|[of] p1a: Sinistcha\n|\n|upkeep\n|turn|2\n|\n|t:|1776619912\n|move|p2a: Sneasler|Protect|p2a: Sneasler\n|-singleturn|p2a: Sneasler|Protect\n|move|p1a: Sinistcha|Rage Powder|p1a: Sinistcha\n|-singleturn|p1a: Sinistcha|move: Rage Powder\n|move|p2b: Scovillain|Leech Seed|p1b: Blastoise\n|-start|p1b: Blastoise|move: Leech Seed\n|move|p1b: Blastoise|Shell Smash|p1b: Blastoise\n|-unboost|p1b: Blastoise|def|1\n|-unboost|p1b: Blastoise|spd|1\n|-boost|p1b: Blastoise|atk|2\n|-boost|p1b: Blastoise|spa|2\n|-boost|p1b: Blastoise|spe|2\n|\n|-damage|p1b: Blastoise|88/100|[from] Leech Seed|[of] p2b: Scovillain\n|upkeep\n|turn|3\n|\n|t:|1776619935\n|switch|p2a: Milotic|Milotic, L50, M|100/100\n|move|p1a: Sinistcha|Rage Powder|p1a: Sinistcha\n|-singleturn|p1a: Sinistcha|move: Rage Powder\n|move|p2b: Scovillain|Overheat|p1a: Sinistcha|[miss]\n|-miss|p2b: Scovillain|p1a: Sinistcha\n|move|p1b: Blastoise|Water Spout|p2a: Milotic|[spread] p2a,p2b\n|-resisted|p2a: Milotic|1\n|-damage|p2a: Milotic|70/100\n|-damage|p2b: Scovillain|7/100\n|-status|p1b: Blastoise|brn|[from] ability: Spicy Spray|[of] p2b: Scovillain\n|\n|-heal|p2a: Milotic|76/100|[from] item: Leftovers\n|-damage|p1b: Blastoise|76/100 brn|[from] Leech Seed|[of] p2b: Scovillain\n|-heal|p2b: Scovillain|19/100|[silent]\n|-damage|p1b: Blastoise|70/100 brn|[from] brn\n|upkeep\n|turn|4\n|\n|t:|1776619960\n|move|p1b: Blastoise|Protect|p1b: Blastoise\n|-singleturn|p1b: Blastoise|Protect\n|move|p1a: Sinistcha|Life Dew||[still]|[spread] p1a,p1b\n|-fail|p1a: Sinistcha|heal\n|-heal|p1b: Blastoise|95/100 brn\n|move|p2b: Scovillain|Overheat|p1a: Sinistcha\n|-supereffective|p1a: Sinistcha|1\n|-damage|p1a: Sinistcha|0 fnt\n|-unboost|p2b: Scovillain|spa|2\n|faint|p1a: Sinistcha\n|move|p2a: Milotic|Scald|p1b: Blastoise\n|-activate|p1b: Blastoise|move: Protect\n|\n|-heal|p2a: Milotic|82/100|[from] item: Leftovers\n|-damage|p1b: Blastoise|83/100 brn|[from] Leech Seed|[of] p2b: Scovillain\n|-heal|p2b: Scovillain|30/100|[silent]\n|-damage|p1b: Blastoise|77/100 brn|[from] brn\n|upkeep\n|\n|t:|1776619979\n|switch|p1a: Pelipper|Pelipper, L50, F|100/100\n|-weather|RainDance|[from] ability: Drizzle|[of] p1a: Pelipper\n|turn|5\n|\n|t:|1776620002\n|move|p2b: Scovillain|Leech Seed|p1a: Pelipper\n|-start|p1a: Pelipper|move: Leech Seed\n|move|p2a: Milotic|Scald|p1b: Blastoise\n|-resisted|p1b: Blastoise|1\n|-damage|p1b: Blastoise|45/100 brn\n|move|p1a: Pelipper|Tailwind|p1a: Pelipper\n|-sidestart|p1: Millercs|move: Tailwind\n|move|p1b: Blastoise|Water Spout|p2b: Scovillain|[spread] p2a,p2b\n|-resisted|p2a: Milotic|1\n|-damage|p2a: Milotic|58/100\n|-damage|p2b: Scovillain|0 fnt\n|faint|p2b: Scovillain\n|\n|-weather|RainDance|[upkeep]\n|-heal|p2a: Milotic|64/100|[from] item: Leftovers\n|-damage|p1b: Blastoise|39/100 brn|[from] brn\n|-fieldend|move: Trick Room\n|upkeep\n|\n|t:|1776620027\n|switch|p2b: Sneasler|Sneasler, L50, M|100/100\n|turn|6\n|\n|t:|1776620035\n|switch|p1a: Basculegion|Basculegion, L50, M|100/100\n|move|p1b: Blastoise|Protect|p1b: Blastoise\n|-singleturn|p1b: Blastoise|Protect\n|move|p2b: Sneasler|Fake Out|p1a: Basculegion\n|-immune|p1a: Basculegion\n|move|p2a: Milotic|Icy Wind|p1a: Basculegion|[spread] p1a\n|-activate|p1b: Blastoise|move: Protect\n|-resisted|p1a: Basculegion|1\n|-damage|p1a: Basculegion|94/100\n|-unboost|p1a: Basculegion|spe|1\n|\n|-weather|RainDance|[upkeep]\n|-heal|p2a: Milotic|70/100|[from] item: Leftovers\n|-damage|p1b: Blastoise|26/100 brn|[from] Leech Seed|[of] p2b: Sneasler\n|-damage|p1b: Blastoise|21/100 brn|[from] brn\n|upkeep\n|turn|7\n|\n|t:|1776620097\n|move|p1b: Blastoise|Dragon Pulse|p2a: Milotic\n|-damage|p2a: Milotic|19/100\n|move|p1a: Basculegion|Wave Crash|p2b: Sneasler\n|-damage|p2b: Sneasler|0 fnt\n|faint|p2b: Sneasler\n|-damage|p1a: Basculegion|68/100|[from] Recoil\n|move|p2a: Milotic|Icy Wind|p1a: Basculegion|[spread] p1a,p1b\n|-resisted|p1a: Basculegion|1\n|-resisted|p1b: Blastoise|1\n|-damage|p1a: Basculegion|62/100\n|-damage|p1b: Blastoise|13/100 brn\n|-unboost|p1a: Basculegion|spe|1\n|-unboost|p1b: Blastoise|spe|1\n|\n|-weather|RainDance|[upkeep]\n|-heal|p2a: Milotic|25/100|[from] item: Leftovers\n|-damage|p1b: Blastoise|8/100 brn|[from] brn\n|upkeep\n|\n|t:|1776620111\n|switch|p2b: Aerodactyl|Aerodactyl, L50, M|100/100\n|-ability|p2b: Aerodactyl|Unnerve\n|turn|8\n|\n|t:|1776620137\n|switch|p1a: Pelipper|Pelipper, L50, F|100/100\n|move|p2b: Aerodactyl|Protect|p2b: Aerodactyl\n|-singleturn|p2b: Aerodactyl|Protect\n|move|p2a: Milotic|Protect|p2a: Milotic\n|-singleturn|p2a: Milotic|Protect\n|move|p1b: Blastoise|Dragon Pulse|p2a: Milotic\n|-activate|p2a: Milotic|move: Protect\n|\n|-weather|RainDance|[upkeep]\n|-heal|p2a: Milotic|31/100|[from] item: Leftovers\n|-damage|p1b: Blastoise|0 fnt|[from] Leech Seed|[of] p2b: Aerodactyl\n|faint|p1b: Blastoise\n|-sideend|p1: Millercs|move: Tailwind\n|upkeep\n|\n|t:|1776620153\n|switch|p1b: Basculegion|Basculegion, L50, M|62/100\n|turn|9\n|\n|t:|1776620173\n|move|p1b: Basculegion|Last Respects|p2a: Milotic\n|-damage|p2a: Milotic|0 fnt\n|faint|p2a: Milotic\n|move|p2b: Aerodactyl|Tailwind|p2b: Aerodactyl\n|-sidestart|p2: Esvee|move: Tailwind\n|move|p1a: Pelipper|Weather Ball|p2b: Aerodactyl\n|-supereffective|p2b: Aerodactyl|1\n|-crit|p2b: Aerodactyl\n|-enditem|p2b: Aerodactyl|Focus Sash\n|-damage|p2b: Aerodactyl|1/100\n|\n|-weather|none\n|upkeep\n|turn|10\n|\n|t:|1776620188\n|move|p2b: Aerodactyl|Rock Slide|p1b: Basculegion|[spread] p1a,p1b\n|-supereffective|p1a: Pelipper|1\n|-crit|p1b: Basculegion\n|-damage|p1a: Pelipper|26/100\n|-damage|p1b: Basculegion|15/100\n|cant|p1b: Basculegion|flinch\n|cant|p1a: Pelipper|flinch\n|\n|upkeep\n|turn|11\n|\n|t:|1776620201\n|move|p1a: Pelipper|Wide Guard|p1a: Pelipper\n|-singleturn|p1a: Pelipper|Wide Guard\n|move|p2b: Aerodactyl|Rock Slide|p1b: Basculegion|[spread] \n|-activate|p1a: Pelipper|move: Wide Guard\n|-activate|p1b: Basculegion|move: Wide Guard\n|move|p1b: Basculegion|Last Respects|p2b: Aerodactyl\n|-damage|p2b: Aerodactyl|0 fnt\n|faint|p2b: Aerodactyl\n|\n|win|Millercs\n|raw|Millercs's rating: 1269 &rarr; <strong>1298</strong><br />(+29 for winning)\n|raw|Esvee's rating: 1322 &rarr; <strong>1299</strong><br />(-23 for losing)\n|l|\u2606Esvee\n|player|p2|\n",
  "uploadtime": 1776620215,
  "views": 14,
  "formatid": "gen9championsvgc2026regma",
  "rating": 1298,
  "private": 0,
  "password": null
}