{
  "id": "gen9championsvgc2026regma-2587922038",
  "format": "[Gen 9 Champions] VGC 2026 Reg M-A",
  "players": [
    "zhz2021",
    "Sparrow's Grace"
  ],
  "log": "|j|\u2606zhz2021\n|j|\u2606Sparrow's Grace\n|t:|1776579443\n|gametype|doubles\n|player|p1|zhz2021|marley|1419\n|player|p2|Sparrow's Grace|miku-flying|1435\n|gen|9\n|tier|[Gen 9 Champions] VGC 2026 Reg M-A\n|rated|\n|rule|Species Clause: Limit one of each Pok\u00e9mon\n|rule|Item Clause: Limit 1 of each item\n|clearpoke\n|poke|p1|Sableye, L50, F|\n|poke|p1|Archaludon, L50, M|\n|poke|p1|Scovillain, L50, F, shiny|\n|poke|p1|Basculegion-F, L50, F, shiny|\n|poke|p1|Pelipper, L50, M|\n|poke|p1|Salazzle, L50, F|\n|poke|p2|Pelipper, L50, F|\n|poke|p2|Basculegion, L50, M, shiny|\n|poke|p2|Archaludon, L50, F|\n|poke|p2|Sneasler, L50, M|\n|poke|p2|Sinistcha, L50|\n|poke|p2|Floette-Eternal, L50, F|\n|teampreview|4\n|inactive|Battle timer is ON: inactive players will automatically lose when time's up. (requested by zhz2021)\n|\n|t:|1776579492\n|teamsize|p1|4\n|teamsize|p2|4\n|start\n|switch|p1a: Archaludon|Archaludon, L50, M|100/100\n|switch|p1b: Salazzle|Salazzle, L50, F|100/100\n|switch|p2a: Archaludon|Archaludon, L50, F|100/100\n|switch|p2b: Sneasler|Sneasler, L50, M|100/100\n|turn|1\n|inactive|zhz2021 has 30 seconds left.\n|\n|t:|1776579520\n|move|p2a: Archaludon|Protect|p2a: Archaludon\n|-singleturn|p2a: Archaludon|Protect\n|move|p2b: Sneasler|Close Combat|p1a: Archaludon\n|-supereffective|p1a: Archaludon|1\n|-damage|p1a: Archaludon|9/100\n|-unboost|p2b: Sneasler|def|1\n|-unboost|p2b: Sneasler|spd|1\n|-enditem|p2b: Sneasler|White Herb\n|-clearnegativeboost|p2b: Sneasler|[silent]\n|move|p1b: Salazzle|Dragon Cheer|p1a: Archaludon\n|-start|p1a: Archaludon|move: Dragon Cheer\n|move|p1a: Archaludon|Draco Meteor|p2a: Archaludon\n|-activate|p2a: Archaludon|move: Protect\n|\n|upkeep\n|turn|2\n|\n|t:|1776579539\n|switch|p1b: Scovillain|Scovillain, L50, F, shiny|100/100\n|move|p1a: Archaludon|Protect|p1a: Archaludon\n|-singleturn|p1a: Archaludon|Protect\n|move|p2b: Sneasler|Close Combat|p1a: Archaludon\n|-activate|p1a: Archaludon|move: Protect\n|move|p2a: Archaludon|Draco Meteor|p1b: Scovillain\n|-damage|p1b: Scovillain|8/100\n|-unboost|p2a: Archaludon|spa|2\n|\n|-ability|p1b: Scovillain|Moody|boost\n|-boost|p1b: Scovillain|spe|2\n|-unboost|p1b: Scovillain|atk|1\n|upkeep\n|turn|3\n|\n|t:|1776579558\n|detailschange|p1b: Scovillain|Scovillain-Mega, L50, F, shiny\n|-mega|p1b: Scovillain|Scovillain|Scovillainite\n|move|p2a: Archaludon|Protect|p2a: Archaludon\n|-singleturn|p2a: Archaludon|Protect\n|move|p1b: Scovillain|Rage Powder|p1b: Scovillain\n|-singleturn|p1b: Scovillain|move: Rage Powder\n|move|p2b: Sneasler|Close Combat|p1b: Scovillain\n|-damage|p1b: Scovillain|0 fnt\n|-unboost|p2b: Sneasler|def|1\n|-unboost|p2b: Sneasler|spd|1\n|-status|p2b: Sneasler|brn|[from] ability: Spicy Spray|[of] p1b: Scovillain\n|faint|p1b: Scovillain\n|move|p1a: Archaludon|Draco Meteor|p2b: Sneasler\n|-crit|p2b: Sneasler\n|-damage|p2b: Sneasler|0 fnt\n|-unboost|p1a: Archaludon|spa|2\n|faint|p2b: Sneasler\n|\n|upkeep\n|\n|t:|1776579568\n|switch|p2b: Pelipper|Pelipper, L50, F|100/100\n|switch|p1b: Salazzle|Salazzle, L50, F|100/100\n|-weather|RainDance|[from] ability: Drizzle|[of] p2b: Pelipper\n|turn|4\n|\n|t:|1776579576\n|move|p1b: Salazzle|Fake Out|p2b: Pelipper\n|-damage|p2b: Pelipper|95/100\n|move|p1a: Archaludon|Draco Meteor|p2a: Archaludon\n|-crit|p2a: Archaludon\n|-damage|p2a: Archaludon|0 fnt\n|-unboost|p1a: Archaludon|spa|2\n|faint|p2a: Archaludon\n|cant|p2b: Pelipper|flinch\n|\n|-weather|RainDance|[upkeep]\n|upkeep\n|\n|t:|1776579582\n|switch|p2a: Floette|Floette-Eternal, L50, F|100/100\n|turn|5\n|\n|t:|1776579597\n|detailschange|p2a: Floette|Floette-Mega, L50, F\n|-mega|p2a: Floette|Floette|Floettite\n|-ability|p2a: Floette|Fairy Aura\n|move|p1b: Salazzle|Sludge Wave|p2b: Pelipper|[spread] p2a,p2b\n|-immune|p1a: Archaludon\n|-supereffective|p2a: Floette|1\n|-damage|p2a: Floette|51/100\n|-damage|p2b: Pelipper|44/100\n|move|p2a: Floette|Dazzling Gleam|p1b: Salazzle|[spread] p1a,p1b\n|-resisted|p1b: Salazzle|2\n|-damage|p1a: Archaludon|0 fnt\n|-damage|p1b: Salazzle|78/100\n|faint|p1a: Archaludon\n|move|p2b: Pelipper|Tailwind|p2b: Pelipper\n|-sidestart|p2: Sparrow's Grace|move: Tailwind\n|\n|-weather|RainDance|[upkeep]\n|upkeep\n|\n|t:|1776579607\n|switch|p1a: Pelipper|Pelipper, L50, M|100/100\n|turn|6\n|\n|t:|1776579616\n|move|p1b: Salazzle|Protect|p1b: Salazzle\n|-singleturn|p1b: Salazzle|Protect\n|move|p2b: Pelipper|Wide Guard|p2b: Pelipper\n|-singleturn|p2b: Pelipper|Wide Guard\n|move|p2a: Floette|Calm Mind|p2a: Floette\n|-boost|p2a: Floette|spa|1\n|-boost|p2a: Floette|spd|1\n|move|p1a: Pelipper|Weather Ball|p2a: Floette\n|-damage|p2a: Floette|26/100\n|\n|-weather|RainDance|[upkeep]\n|upkeep\n|turn|7\n|\n|t:|1776579635\n|move|p2a: Floette|Moonblast|p1b: Salazzle\n|-resisted|p1b: Salazzle|2\n|-damage|p1b: Salazzle|24/100\n|move|p2b: Pelipper|Hurricane|p1a: Pelipper\n|-damage|p1a: Pelipper|46/100\n|-enditem|p1a: Pelipper|Sitrus Berry|[eat]\n|-heal|p1a: Pelipper|71/100|[from] item: Sitrus Berry\n|move|p1b: Salazzle|Sludge Wave|p2a: Floette|[spread] p1a,p2a,p2b\n|-supereffective|p2a: Floette|1\n|-damage|p1a: Pelipper|17/100\n|-damage|p2a: Floette|0 fnt\n|-damage|p2b: Pelipper|0 fnt\n|faint|p2a: Floette\n|faint|p2b: Pelipper\n|\n|win|zhz2021\n|raw|zhz2021's rating: 1419 &rarr; <strong>1440</strong><br />(+21 for winning)\n|raw|Sparrow&apos;s Grace's rating: 1435 &rarr; <strong>1414</strong><br />(-21 for losing)\n",
  "uploadtime": 1776579639,
  "views": 15,
  "formatid": "gen9championsvgc2026regma",
  "rating": 1414,
  "private": 0,
  "password": null
}