{
  "id": "gen9championsvgc2026regma-2584559895",
  "format": "[Gen 9 Champions] VGC 2026 Reg M-A",
  "players": [
    "WojtusG",
    "godoftoasty"
  ],
  "log": "|j|\u2606WojtusG\n|j|\u2606godoftoasty\n|t:|1776268763\n|gametype|doubles\n|player|p1|WojtusG|steven|1071\n|player|p2|godoftoasty|1|1000\n|gen|9\n|tier|[Gen 9 Champions] VGC 2026 Reg M-A\n|rated|\n|rule|Species Clause: Limit one of each Pok\u00e9mon\n|rule|Item Clause: Limit 1 of each item\n|clearpoke\n|poke|p1|Zoroark-Hisui, L50, M|\n|poke|p1|Meganium, L50, M|\n|poke|p1|Pelipper, L50, M|\n|poke|p1|Archaludon, L50, F|\n|poke|p1|Sneasler, L50, F|\n|poke|p1|Incineroar, L50, M|\n|poke|p2|Politoed, L50, F|\n|poke|p2|Kommo-o, L50, F|\n|poke|p2|Archaludon, L50, F|\n|poke|p2|Toxicroak, L50, F|\n|poke|p2|Incineroar, L50, M|\n|poke|p2|Gengar, L50, M|\n|teampreview|4\n|inactive|Battle timer is ON: inactive players will automatically lose when time's up. (requested by WojtusG)\n|\n|t:|1776268815\n|teamsize|p1|4\n|teamsize|p2|4\n|start\n|switch|p1a: 1000-THR|Archaludon, L50, F|100/100\n|switch|p1b: Rain set mon|Pelipper, L50, M|100/100\n|switch|p2a: Politoed|Politoed, L50, F, shiny|100/100\n|switch|p2b: Archaludon|Archaludon, L50, F|100/100\n|-weather|RainDance|[from] ability: Drizzle|[of] p2a: Politoed\n|turn|1\n|inactive|godoftoasty has 30 seconds left.\n|inactive|godoftoasty has 20 seconds left.\n|inactive|godoftoasty has 15 seconds left.\n|inactive|godoftoasty has 10 seconds left.\n|\n|t:|1776268863\n|switch|p1a: Meganium|Meganium, L50, M|100/100\n|switch|p2b: Toxicroak|Toxicroak, L50, F|100/100\n|move|p2a: Politoed|Protect|p2a: Politoed\n|-singleturn|p2a: Politoed|Protect\n|move|p1b: Rain set mon|Tailwind|p1b: Rain set mon\n|-sidestart|p1: WojtusG|move: Tailwind\n|\n|-weather|RainDance|[upkeep]\n|upkeep\n|turn|2\n|inactive|godoftoasty has 30 seconds left.\n|inactive|godoftoasty has 20 seconds left.\n|inactive|godoftoasty has 15 seconds left.\n|inactive|godoftoasty has 10 seconds left.\n|\n|t:|1776268909\n|switch|p2a: Gengar|Gengar, L50, M, shiny|100/100\n|move|p1a: Meganium|Protect|p1a: Meganium\n|-singleturn|p1a: Meganium|Protect\n|move|p2b: Toxicroak|Fake Out|p1a: Meganium\n|-activate|p1a: Meganium|move: Protect\n|move|p1b: Rain set mon|Hurricane|p2b: Toxicroak\n|-supereffective|p2b: Toxicroak|1\n|-damage|p2b: Toxicroak|0 fnt\n|faint|p2b: Toxicroak\n|\n|-weather|RainDance|[upkeep]\n|upkeep\n|\n|t:|1776268922\n|switch|p2b: Archaludon|Archaludon, L50, F|100/100\n|turn|3\n|\n|t:|1776268939\n|detailschange|p1a: Meganium|Meganium-Mega, L50, M\n|-mega|p1a: Meganium|Meganium|Meganiumite\n|detailschange|p2a: Gengar|Gengar-Mega, L50, M, shiny\n|-mega|p2a: Gengar|Gengar|Gengarite\n|move|p1a: Meganium|Weather Ball|p2b: Archaludon\n|-damage|p2b: Archaludon|26/100\n|move|p2a: Gengar|Perish Song|p2a: Gengar\n|-start|p1a: Meganium|perish3|[silent]\n|-start|p1b: Rain set mon|perish3|[silent]\n|-start|p2a: Gengar|perish3|[silent]\n|-start|p2b: Archaludon|perish3|[silent]\n|-fieldactivate|move: Perish Song\n|move|p1b: Rain set mon|Hurricane|p2a: Gengar\n|-damage|p2a: Gengar|47/100\n|move|p2b: Archaludon|Electro Shot||[still]\n|-prepare|p2b: Archaludon|Electro Shot\n|-boost|p2b: Archaludon|spa|1\n|-anim|p2b: Archaludon|Electro Shot|p1b: Rain set mon\n|-supereffective|p1b: Rain set mon|2\n|-damage|p1b: Rain set mon|0 fnt\n|faint|p1b: Rain set mon\n|\n|-weather|RainDance|[upkeep]\n|-start|p1a: Meganium|perish3\n|-start|p2a: Gengar|perish3\n|-start|p2b: Archaludon|perish3\n|upkeep\n|\n|t:|1776268959\n|switch|p1b: 1000-THR|Archaludon, L50, F|100/100\n|turn|4\n|\n|t:|1776268972\n|move|p2a: Gengar|Protect|p2a: Gengar\n|-singleturn|p2a: Gengar|Protect\n|move|p1b: 1000-THR|Draco Meteor|p2a: Gengar\n|-activate|p2a: Gengar|move: Protect\n|move|p1a: Meganium|Weather Ball|p2b: Archaludon\n|-damage|p2b: Archaludon|0 fnt\n|faint|p2b: Archaludon\n|\n|-weather|RainDance|[upkeep]\n|-start|p1a: Meganium|perish2\n|-start|p2a: Gengar|perish2\n|-sideend|p1: WojtusG|move: Tailwind\n|upkeep\n|\n|t:|1776268973\n|switch|p2b: Politoed|Politoed, L50, F, shiny|100/100\n|turn|5\n|-message|godoftoasty forfeited.\n|\n|win|WojtusG\n|raw|WojtusG's rating: 1071 &rarr; <strong>1094</strong><br />(+23 for winning)\n|raw|godoftoasty's rating: 1000 &rarr; <strong>1000</strong><br />(+0 for losing)\n|l|\u2606godoftoasty\n|player|p2|\n",
  "uploadtime": 1776269069,
  "views": 23,
  "formatid": "gen9championsvgc2026regma",
  "rating": 1000,
  "private": 0,
  "password": null
}