{
  "id": "gen9championsvgc2026regma-2587609486",
  "format": "[Gen 9 Champions] VGC 2026 Reg M-A",
  "players": [
    "PM77Switch",
    "Darklady_Liz"
  ],
  "log": "|j|\u2606PM77Switch\n|j|\u2606Darklady_Liz\n|t:|1776546670\n|gametype|doubles\n|player|p1|PM77Switch|may-masters3|1303\n|player|p2|Darklady_Liz|miku-ghost|1259\n|gen|9\n|tier|[Gen 9 Champions] VGC 2026 Reg M-A\n|rated|\n|rule|Species Clause: Limit one of each Pok\u00e9mon\n|rule|Item Clause: Limit 1 of each item\n|clearpoke\n|poke|p1|Blastoise, L50, F|\n|poke|p1|Kingambit, L50, F|\n|poke|p1|Sneasler, L50, F|\n|poke|p1|Aerodactyl, L50, F|\n|poke|p1|Sinistcha, L50|\n|poke|p1|Incineroar, L50, F|\n|poke|p2|Gardevoir, L50, F, shiny|\n|poke|p2|Sneasler, L50, M|\n|poke|p2|Garchomp, L50, M|\n|poke|p2|Talonflame, L50, M|\n|poke|p2|Kingambit, L50, F|\n|poke|p2|Incineroar, L50, F|\n|teampreview|4\n|inactive|Battle timer is ON: inactive players will automatically lose when time's up. (requested by PM77Switch)\n|\n|t:|1776546700\n|teamsize|p1|4\n|teamsize|p2|4\n|start\n|switch|p1a: Aerodactyl|Aerodactyl, L50, F|100/100\n|switch|p1b: Blastoise|Blastoise, L50, F|100/100\n|switch|p2a: Talonflame|Talonflame, L50, M|100/100\n|switch|p2b: Kingambit|Kingambit, L50, F|100/100\n|-ability|p1a: Aerodactyl|Unnerve\n|turn|1\n|\n|t:|1776546712\n|detailschange|p1b: Blastoise|Blastoise-Mega, L50, F\n|-mega|p1b: Blastoise|Blastoise|Blastoisinite\n|move|p2a: Talonflame|Tailwind|p2a: Talonflame\n|-sidestart|p2: Darklady_Liz|move: Tailwind\n|move|p2b: Kingambit|Iron Head|p1a: Aerodactyl\n|-supereffective|p1a: Aerodactyl|1\n|-enditem|p1a: Aerodactyl|Focus Sash\n|-damage|p1a: Aerodactyl|1/100\n|move|p1a: Aerodactyl|Tailwind|p1a: Aerodactyl\n|-sidestart|p1: PM77Switch|move: Tailwind\n|move|p1b: Blastoise|Water Spout|p2a: Talonflame|[spread] p2a,p2b\n|-supereffective|p2a: Talonflame|1\n|-enditem|p2a: Talonflame|Focus Sash\n|-damage|p2a: Talonflame|1/100\n|-damage|p2b: Kingambit|39/100\n|\n|upkeep\n|turn|2\n|inactive|PM77Switch has 30 seconds left.\n|\n|t:|1776546743\n|move|p1a: Aerodactyl|Protect|p1a: Aerodactyl\n|-singleturn|p1a: Aerodactyl|Protect\n|move|p2b: Kingambit|Sucker Punch|p1b: Blastoise\n|-damage|p1b: Blastoise|65/100\n|move|p2a: Talonflame|Flare Blitz|p1a: Aerodactyl\n|-activate|p1a: Aerodactyl|move: Protect\n|move|p1b: Blastoise|Water Spout|p2b: Kingambit|[spread] p2a,p2b\n|-supereffective|p2a: Talonflame|1\n|-damage|p2a: Talonflame|0 fnt\n|-damage|p2b: Kingambit|0 fnt\n|faint|p2a: Talonflame\n|faint|p2b: Kingambit\n|\n|upkeep\n|\n|t:|1776546752\n|switch|p2a: Sneasler|Sneasler, L50, M|100/100\n|switch|p2b: Gardevoir|Gardevoir, L50, F, shiny|100/100\n|turn|3\n|\n|t:|1776546773\n|switch|p1a: Sinistcha|Sinistcha, L50|100/100\n|-heal|p1b: Blastoise|90/100|[from] ability: Hospitality|[of] p1a: Sinistcha\n|detailschange|p2b: Gardevoir|Gardevoir-Mega, L50, F, shiny\n|-mega|p2b: Gardevoir|Gardevoir|Gardevoirite\n|move|p1b: Blastoise|Protect|p1b: Blastoise\n|-singleturn|p1b: Blastoise|Protect\n|move|p2a: Sneasler|Fake Out|p1a: Sinistcha\n|-immune|p1a: Sinistcha\n|move|p2b: Gardevoir|Hyper Voice|p1a: Sinistcha|[spread] p1a\n|-activate|p1b: Blastoise|move: Protect\n|-damage|p1a: Sinistcha|53/100\n|\n|upkeep\n|turn|4\n|\n|t:|1776546789\n|move|p1a: Sinistcha|Rage Powder|p1a: Sinistcha\n|-singleturn|p1a: Sinistcha|move: Rage Powder\n|move|p2a: Sneasler|Close Combat|p1a: Sinistcha\n|-immune|p1a: Sinistcha\n|move|p2b: Gardevoir|Hyper Voice|p1a: Sinistcha|[spread] p1a,p1b\n|-damage|p1a: Sinistcha|3/100\n|-damage|p1b: Blastoise|40/100\n|move|p1b: Blastoise|Water Spout|p2a: Sneasler|[spread] p2a,p2b\n|-damage|p2a: Sneasler|68/100\n|-damage|p2b: Gardevoir|77/100\n|\n|-sideend|p1: PM77Switch|move: Tailwind\n|-sideend|p2: Darklady_Liz|move: Tailwind\n|upkeep\n|turn|5\n|\n|t:|1776546808\n|move|p1a: Sinistcha|Rage Powder|p1a: Sinistcha\n|-singleturn|p1a: Sinistcha|move: Rage Powder\n|move|p2a: Sneasler|Dire Claw|p1a: Sinistcha\n|-damage|p1a: Sinistcha|0 fnt\n|faint|p1a: Sinistcha\n|move|p2b: Gardevoir|Hyper Voice|p1b: Blastoise\n|-damage|p1b: Blastoise|0 fnt\n|faint|p1b: Blastoise\n|\n|upkeep\n|\n|t:|1776546815\n|switch|p1b: Aerodactyl|Aerodactyl, L50, F|1/100\n|switch|p1a: Sneasler|Sneasler, L50, F|100/100\n|-ability|p1b: Aerodactyl|Unnerve\n|turn|6\n|\n|t:|1776546827\n|move|p2b: Gardevoir|Protect|p2b: Gardevoir\n|-singleturn|p2b: Gardevoir|Protect\n|move|p1a: Sneasler|Fake Out|p2b: Gardevoir\n|-activate|p2b: Gardevoir|move: Protect\n|move|p1b: Aerodactyl|Dual Wingbeat|p2a: Sneasler\n|-supereffective|p2a: Sneasler|1\n|-damage|p2a: Sneasler|6/100\n|-supereffective|p2a: Sneasler|1\n|-damage|p2a: Sneasler|0 fnt\n|faint|p2a: Sneasler\n|-hitcount|p2: Sneasler|2\n|\n|upkeep\n|turn|7\n|\n|t:|1776546839\n|move|p1b: Aerodactyl|Dual Wingbeat|p2b: Gardevoir\n|-damage|p2b: Gardevoir|44/100\n|-damage|p2b: Gardevoir|11/100\n|-hitcount|p2b: Gardevoir|2\n|move|p1a: Sneasler|Dire Claw|p2b: Gardevoir\n|-supereffective|p2b: Gardevoir|1\n|-damage|p2b: Gardevoir|0 fnt\n|faint|p2b: Gardevoir\n|\n|win|PM77Switch\n|raw|PM77Switch's rating: 1303 &rarr; <strong>1320</strong><br />(+17 for winning)\n|raw|Darklady_Liz's rating: 1259 &rarr; <strong>1237</strong><br />(-22 for losing)\n",
  "uploadtime": 1776546844,
  "views": 22,
  "formatid": "gen9championsvgc2026regma",
  "rating": 1237,
  "private": 0,
  "password": null
}