{
  "id": "gen9championsvgc2026regma-2585760566",
  "format": "[Gen 9 Champions] VGC 2026 Reg M-A",
  "players": [
    "alkdfe",
    "jvessel07"
  ],
  "log": "|j|\u2606alkdfe\n|j|\u2606jvessel07\n|t:|1776368715\n|gametype|doubles\n|player|p1|alkdfe|170|1138\n|player|p2|jvessel07|266|1234\n|gen|9\n|tier|[Gen 9 Champions] VGC 2026 Reg M-A\n|rated|\n|rule|Species Clause: Limit one of each Pok\u00e9mon\n|rule|Item Clause: Limit 1 of each item\n|clearpoke\n|poke|p1|Starmie, L50|\n|poke|p1|Pelipper, L50, F|\n|poke|p1|Incineroar, L50, F|\n|poke|p1|Archaludon, L50, M|\n|poke|p1|Sneasler, L50, F|\n|poke|p1|Gengar, L50, F|\n|poke|p2|Farigiraf, L50, M|\n|poke|p2|Basculegion, L50, M|\n|poke|p2|Incineroar, L50, M|\n|poke|p2|Kingambit, L50, M|\n|poke|p2|Sinistcha, L50|\n|poke|p2|Tyranitar, L50, M|\n|teampreview|4\n|inactive|Battle timer is ON: inactive players will automatically lose when time's up. (requested by alkdfe)\n|\n|t:|1776368769\n|teamsize|p1|4\n|teamsize|p2|4\n|start\n|switch|p1a: Pelipper|Pelipper, L50, F|100/100\n|switch|p1b: Sneasler|Sneasler, L50, F|100/100\n|switch|p2a: Farigiraf|Farigiraf, L50, M|100/100\n|switch|p2b: Kingambit|Kingambit, L50, M|100/100\n|-weather|RainDance|[from] ability: Drizzle|[of] p1a: Pelipper\n|turn|1\n|\n|t:|1776368788\n|switch|p2b: Basculegion|Basculegion, L50, M|100/100\n|move|p1b: Sneasler|Close Combat|p2b: Basculegion\n|-immune|p2b: Basculegion\n|move|p1a: Pelipper|Hurricane|p2a: Farigiraf\n|-damage|p2a: Farigiraf|49/100\n|move|p2a: Farigiraf|Trick Room|p2a: Farigiraf\n|-fieldstart|move: Trick Room|[of] p2a: Farigiraf\n|\n|-weather|RainDance|[upkeep]\n|upkeep\n|turn|2\n|inactive|jvessel07 has 30 seconds left.\n|\n|t:|1776368820\n|switch|p1b: Archaludon|Archaludon, L50, M|100/100\n|move|p2a: Farigiraf|Dazzling Gleam|p1a: Pelipper|[spread] p1a,p1b\n|-damage|p1a: Pelipper|68/100\n|-damage|p1b: Archaludon|72/100\n|move|p2b: Basculegion|Wave Crash|p1b: Archaludon\n|-resisted|p1b: Archaludon|1\n|-damage|p1b: Archaludon|5/100\n|-damage|p2b: Basculegion|84/100|[from] Recoil\n|move|p1a: Pelipper|Hurricane|p2b: Basculegion\n|-damage|p2b: Basculegion|37/100\n|\n|-weather|RainDance|[upkeep]\n|upkeep\n|turn|3\n|inactive|jvessel07 has 30 seconds left.\n|\n|t:|1776368847\n|switch|p2b: Kingambit|Kingambit, L50, M|100/100\n|move|p1b: Archaludon|Protect|p1b: Archaludon\n|-singleturn|p1b: Archaludon|Protect\n|move|p2a: Farigiraf|Dazzling Gleam|p1a: Pelipper|[spread] p1a\n|-activate|p1b: Archaludon|move: Protect\n|-damage|p1a: Pelipper|36/100\n|move|p1a: Pelipper|Weather Ball|p2a: Farigiraf\n|-damage|p2a: Farigiraf|0 fnt\n|faint|p2a: Farigiraf\n|\n|-weather|RainDance|[upkeep]\n|upkeep\n|\n|t:|1776368863\n|switch|p2a: Basculegion|Basculegion, L50, M|37/100\n|turn|4\n|\n|t:|1776368877\n|move|p1a: Pelipper|Protect|p1a: Pelipper\n|-singleturn|p1a: Pelipper|Protect\n|move|p2b: Kingambit|Kowtow Cleave|p1a: Pelipper\n|-activate|p1a: Pelipper|move: Protect\n|move|p2a: Basculegion|Last Respects|p1b: Archaludon\n|-damage|p1b: Archaludon|0 fnt\n|faint|p1b: Archaludon\n|\n|-weather|RainDance|[upkeep]\n|upkeep\n|\n|t:|1776368892\n|switch|p1b: Sneasler|Sneasler, L50, F|100/100\n|turn|5\n|\n|t:|1776368909\n|move|p1b: Sneasler|Protect|p1b: Sneasler\n|-singleturn|p1b: Sneasler|Protect\n|move|p2b: Kingambit|Sucker Punch||[still]\n|-fail|p2b: Kingambit\n|move|p2a: Basculegion|Wave Crash|p1b: Sneasler\n|-activate|p1b: Sneasler|move: Protect\n|move|p1a: Pelipper|Tailwind|p1a: Pelipper\n|-sidestart|p1: alkdfe|move: Tailwind\n|\n|-weather|none\n|-fieldend|move: Trick Room\n|upkeep\n|turn|6\n|\n|t:|1776368926\n|switch|p1a: Starmie|Starmie, L50|100/100\n|move|p2a: Basculegion|Aqua Jet|p1b: Sneasler\n|-damage|p1b: Sneasler|39/100\n|move|p2b: Kingambit|Sucker Punch|p1b: Sneasler\n|-resisted|p1b: Sneasler|1\n|-damage|p1b: Sneasler|0 fnt\n|faint|p1b: Sneasler\n|\n|upkeep\n|\n|t:|1776368935\n|switch|p1b: Pelipper|Pelipper, L50, F|36/100\n|-weather|RainDance|[from] ability: Drizzle|[of] p1b: Pelipper\n|turn|7\n|inactive|jvessel07 has 30 seconds left.\n|inactive|alkdfe has 30 seconds left.\n|\n|t:|1776368968\n|detailschange|p1a: Starmie|Starmie-Mega, L50\n|-mega|p1a: Starmie|Starmie|Starminite\n|move|p2a: Basculegion|Protect|p2a: Basculegion\n|-singleturn|p2a: Basculegion|Protect\n|move|p2b: Kingambit|Sucker Punch|p1a: Starmie\n|-supereffective|p1a: Starmie|1\n|-damage|p1a: Starmie|0 fnt\n|faint|p1a: Starmie\n|move|p1b: Pelipper|Hurricane|p2a: Basculegion\n|-activate|p2a: Basculegion|move: Protect\n|\n|-weather|RainDance|[upkeep]\n|upkeep\n|turn|8\n|-message|alkdfe forfeited.\n|\n|win|jvessel07\n|raw|alkdfe's rating: 1138 &rarr; <strong>1120</strong><br />(-18 for losing)\n|raw|jvessel07's rating: 1234 &rarr; <strong>1252</strong><br />(+18 for winning)\n|l|\u2606jvessel07\n|player|p2|\n",
  "uploadtime": 1776368990,
  "views": 18,
  "formatid": "gen9championsvgc2026regma",
  "rating": 1120,
  "private": 0,
  "password": null
}