{
  "id": "gen9championsvgc2026regma-2581507145",
  "format": "[Gen 9 Champions] VGC 2026 Reg M-A",
  "players": [
    "HL SIGNAL",
    "elaba5"
  ],
  "log": "|j|\u2606HL SIGNAL\n|j|\u2606elaba5\n|t:|1776006701\n|gametype|doubles\n|player|p1|HL SIGNAL|drayden|1207\n|player|p2|elaba5|169|1194\n|gen|9\n|tier|[Gen 9 Champions] VGC 2026 Reg M-A\n|rated|\n|rule|Species Clause: Limit one of each Pok\u00e9mon\n|rule|Item Clause: Limit 1 of each item\n|clearpoke\n|poke|p1|Tyranitar, L50, M|\n|poke|p1|Whimsicott, L50, F|\n|poke|p1|Aegislash, L50, F|\n|poke|p1|Garchomp, L50, F|\n|poke|p1|Rotom-Wash, L50|\n|poke|p1|Incineroar, L50, F|\n|poke|p2|Tyranitar, L50, M|\n|poke|p2|Excadrill, L50, M|\n|poke|p2|Whimsicott, L50, F|\n|poke|p2|Corviknight, L50, F|\n|poke|p2|Sneasler, L50, M|\n|poke|p2|Rotom-Wash, L50|\n|teampreview|4\n|inactive|Battle timer is ON: inactive players will automatically lose when time's up. (requested by HL SIGNAL)\n|inactive|HL SIGNAL has 60 seconds left.\n|inactive|elaba5 has 60 seconds left.\n|\n|t:|1776006768\n|teamsize|p1|4\n|teamsize|p2|4\n|start\n|switch|p1a: Incineroar|Incineroar, L50, F|100/100\n|switch|p1b: Whimsicott|Whimsicott, L50, F|100/100\n|switch|p2a: Cashmere|Whimsicott, L50, F, shiny|100/100\n|switch|p2b: Srotom|Rotom-Wash, L50, shiny|100/100\n|-ability|p1a: Incineroar|Intimidate|boost\n|-unboost|p2a: Cashmere|atk|1\n|-unboost|p2b: Srotom|atk|1\n|turn|1\n|inactive|elaba5 has 30 seconds left.\n|\n|t:|1776006797\n|move|p1a: Incineroar|Fake Out|p2a: Cashmere\n|-damage|p2a: Cashmere|78/100\n|move|p1b: Whimsicott|Tailwind|p1b: Whimsicott\n|-sidestart|p1: HL SIGNAL|move: Tailwind\n|cant|p2a: Cashmere|flinch\n|move|p2b: Srotom|Nasty Plot|p2b: Srotom\n|-boost|p2b: Srotom|spa|2\n|\n|upkeep\n|turn|2\n|\n|t:|1776006815\n|move|p2b: Srotom|Protect|p2b: Srotom\n|-singleturn|p2b: Srotom|Protect\n|move|p1b: Whimsicott|Encore|p2b: Srotom\n|-activate|p2b: Srotom|move: Protect\n|move|p2a: Cashmere|Encore||[still]\n|-fail|p2a: Cashmere\n|move|p1a: Incineroar|Flare Blitz|p2a: Cashmere\n|-supereffective|p2a: Cashmere|1\n|-damage|p2a: Cashmere|0 fnt\n|faint|p2a: Cashmere\n|-damage|p1a: Incineroar|83/100|[from] Recoil\n|\n|upkeep\n|c|\u2606elaba5|why did that fail?\n|inactive|elaba5 has 30 seconds left.\n|\n|t:|1776006848\n|switch|p2a: Avogadro|Excadrill, L50, M, shiny|100/100\n|turn|3\n|c|\u2606HL SIGNAL|Cause the speed i think\n|\n|t:|1776006860\n|switch|p2b: Salazar|Corviknight, L50, F, shiny|100/100\n|move|p1b: Whimsicott|Encore||[still]\n|-fail|p1b: Whimsicott\n|move|p1a: Incineroar|Parting Shot|p2a: Avogadro\n|-unboost|p2a: Avogadro|atk|1\n|-unboost|p2a: Avogadro|spa|1\n|\n|t:|1776006869\n|switch|p1a: Rotom|Rotom-Wash, L50|100/100|[from] Parting Shot\n|move|p2a: Avogadro|High Horsepower|p1a: Rotom\n|-immune|p1a: Rotom|[from] ability: Levitate\n|\n|upkeep\n|turn|4\n|inactive|HL SIGNAL has 30 seconds left.\n|\n|t:|1776006895\n|switch|p2b: Srotom|Rotom-Wash, L50, shiny|100/100\n|move|p1b: Whimsicott|Protect|p1b: Whimsicott\n|-singleturn|p1b: Whimsicott|Protect\n|move|p1a: Rotom|Will-O-Wisp|p2b: Srotom\n|-status|p2b: Srotom|brn\n|move|p2a: Avogadro|Iron Head|p1b: Whimsicott\n|-activate|p1b: Whimsicott|move: Protect\n|\n|-damage|p2b: Srotom|95/100 brn|[from] brn\n|-sideend|p1: HL SIGNAL|move: Tailwind\n|upkeep\n|turn|5\n|\n|t:|1776006919\n|move|p2a: Avogadro|Protect|p2a: Avogadro\n|-singleturn|p2a: Avogadro|Protect\n|move|p1b: Whimsicott|Tailwind|p1b: Whimsicott\n|-sidestart|p1: HL SIGNAL|move: Tailwind\n|move|p1a: Rotom|Will-O-Wisp|p2a: Avogadro\n|-activate|p2a: Avogadro|move: Protect\n|move|p2b: Srotom|Nasty Plot|p2b: Srotom\n|-boost|p2b: Srotom|spa|2\n|\n|-damage|p2b: Srotom|89/100 brn|[from] brn\n|upkeep\n|turn|6\n|\n|t:|1776006936\n|move|p2b: Srotom|Protect|p2b: Srotom\n|-singleturn|p2b: Srotom|Protect\n|move|p1b: Whimsicott|Encore|p2b: Srotom\n|-activate|p2b: Srotom|move: Protect\n|move|p1a: Rotom|Will-O-Wisp|p2a: Avogadro\n|-status|p2a: Avogadro|brn\n|move|p2a: Avogadro|Iron Head|p1b: Whimsicott\n|-supereffective|p1b: Whimsicott|1\n|-damage|p1b: Whimsicott|55/100\n|\n|-damage|p2a: Avogadro|95/100 brn|[from] brn\n|-damage|p2b: Srotom|83/100 brn|[from] brn\n|upkeep\n|turn|7\n|inactive|HL SIGNAL has 30 seconds left.\n|inactive|elaba5 has 30 seconds left.\n|\n|t:|1776006966\n|switch|p2b: Salazar|Corviknight, L50, F, shiny|100/100\n|move|p1b: Whimsicott|Encore||[still]\n|-fail|p1b: Whimsicott\n|move|p1a: Rotom|Hydro Pump|p2a: Avogadro\n|-supereffective|p2a: Avogadro|1\n|-damage|p2a: Avogadro|0 fnt\n|faint|p2a: Avogadro\n|\n|upkeep\n|\n|t:|1776006974\n|switch|p2a: Srotom|Rotom-Wash, L50, shiny|83/100 brn\n|turn|8\n|-message|elaba5 forfeited.\n|\n|win|HL SIGNAL\n|raw|HL SIGNAL's rating: 1207 &rarr; <strong>1231</strong><br />(+24 for winning)\n|raw|elaba5's rating: 1194 &rarr; <strong>1170</strong><br />(-24 for losing)\n|l|\u2606elaba5\n|player|p2|\n",
  "uploadtime": 1776006996,
  "views": 26,
  "formatid": "gen9championsvgc2026regma",
  "rating": 1170,
  "private": 0,
  "password": null
}