{
  "id": "gen9championsvgc2026regma-2582984792",
  "format": "[Gen 9 Champions] VGC 2026 Reg M-A",
  "players": [
    "autiorez",
    "ArthurGate"
  ],
  "log": "|j|\u2606autiorez\n|j|\u203dArthurGate\n|t:|1776130804\n|gametype|doubles\n|player|p1|autiorez|youngn|1103\n|player|p2|ArthurGate|veteran|1080\n|gen|9\n|tier|[Gen 9 Champions] VGC 2026 Reg M-A\n|rated|\n|rule|Species Clause: Limit one of each Pok\u00e9mon\n|rule|Item Clause: Limit 1 of each item\n|clearpoke\n|poke|p1|Clefable, L50, M|\n|poke|p1|Incineroar, L50, F|\n|poke|p1|Whimsicott, L50, F|\n|poke|p1|Rotom-Wash, L50|\n|poke|p1|Arcanine-Hisui, L50, M|\n|poke|p1|Lucario, L50, M|\n|poke|p2|Milotic, L50, F|\n|poke|p2|Sinistcha-Masterpiece, L50|\n|poke|p2|Incineroar, L50, F|\n|poke|p2|Volcarona, L50, F|\n|poke|p2|Aegislash, L50, M|\n|poke|p2|Glimmora, L50, F|\n|teampreview|4\n|inactive|Battle timer is ON: inactive players will automatically lose when time's up. (requested by autiorez)\n|inactive|ArthurGate has 60 seconds left.\n|inactive|autiorez has 60 seconds left.\n|\n|t:|1776130847\n|teamsize|p1|4\n|teamsize|p2|4\n|start\n|switch|p1a: Incineroar|Incineroar, L50, F|100/100\n|switch|p1b: Arcanine|Arcanine-Hisui, L50, M|100/100\n|switch|p2a: Milotic|Milotic, L50, F, shiny|100/100\n|switch|p2b: Glimmora|Glimmora, L50, F, shiny|100/100\n|-ability|p1b: Arcanine|Intimidate|boost\n|-unboost|p2a: Milotic|atk|1\n|-ability|p2a: Milotic|Competitive|boost\n|-boost|p2a: Milotic|spa|2\n|-unboost|p2b: Glimmora|atk|1\n|-ability|p1a: Incineroar|Intimidate|boost\n|-unboost|p2a: Milotic|atk|1\n|-ability|p2a: Milotic|Competitive|boost\n|-boost|p2a: Milotic|spa|2\n|-unboost|p2b: Glimmora|atk|1\n|turn|1\n|c|\u2606autiorez|i\u2019m fucked\n|\n|t:|1776130862\n|detailschange|p2b: Glimmora|Glimmora-Mega, L50, F, shiny\n|-mega|p2b: Glimmora|Glimmora|Glimmoranite\n|move|p2b: Glimmora|Spiky Shield|p2b: Glimmora\n|-singleturn|p2b: Glimmora|move: Protect\n|move|p1a: Incineroar|Fake Out|p2a: Milotic\n|-damage|p2a: Milotic|90/100\n|move|p1b: Arcanine|Rock Slide|p2a: Milotic|[spread] p2a\n|-activate|p2b: Glimmora|move: Protect\n|-damage|p2a: Milotic|64/100\n|cant|p2a: Milotic|flinch\n|\n|upkeep\n|turn|2\n|\n|t:|1776130876\n|move|p2b: Glimmora|Power Gem|p1a: Incineroar\n|-supereffective|p1a: Incineroar|1\n|-damage|p1a: Incineroar|0 fnt\n|faint|p1a: Incineroar\n|move|p1b: Arcanine|Rock Slide|p2a: Milotic|[spread] p2a,p2b\n|-damage|p2a: Milotic|37/100\n|-damage|p2b: Glimmora|70/100\n|cant|p2a: Milotic|flinch\n|\n|upkeep\n|\n|t:|1776130881\n|switch|p1a: Whimsicott|Whimsicott, L50, F|100/100\n|turn|3\n|\n|t:|1776130897\n|move|p1b: Arcanine|Protect|p1b: Arcanine\n|-singleturn|p1b: Arcanine|Protect\n|move|p2a: Milotic|Protect|p2a: Milotic\n|-singleturn|p2a: Milotic|Protect\n|move|p1a: Whimsicott|Encore|p2b: Glimmora\n|-start|p2b: Glimmora|Encore\n|move|p2b: Glimmora|Power Gem|p1b: Arcanine\n|-activate|p1b: Arcanine|move: Protect\n|\n|upkeep\n|turn|4\n|inactive|ArthurGate has 30 seconds left.\n|\n|t:|1776130923\n|switch|p1b: Lucario|Lucario, L50, M|100/100\n|move|p1a: Whimsicott|Encore|p2a: Milotic\n|-start|p2a: Milotic|Encore\n|move|p2a: Milotic|Protect||[still]\n|-fail|p2a: Milotic\n|move|p2b: Glimmora|Power Gem|p1b: Lucario\n|-resisted|p1b: Lucario|2\n|-damage|p1b: Lucario|77/100\n|\n|upkeep\n|turn|5\n|\n|t:|1776130939\n|switch|p2b: Volcarona|Volcarona, L50, F, shiny|100/100\n|switch|p2a: Sinistcha|Sinistcha-Masterpiece, L50|100/100\n|move|p1a: Whimsicott|Tailwind|p1a: Whimsicott\n|-sidestart|p1: autiorez|move: Tailwind\n|move|p1b: Lucario|Swords Dance|p1b: Lucario\n|-boost|p1b: Lucario|atk|2\n|\n|upkeep\n|turn|6\n|\n|t:|1776130948\n|detailschange|p1b: Lucario|Lucario-Mega, L50, M\n|-mega|p1b: Lucario|Lucario|Lucarionite\n|move|p2a: Sinistcha|Rage Powder|p2a: Sinistcha\n|-singleturn|p2a: Sinistcha|move: Rage Powder\n|move|p1a: Whimsicott|Taunt|p2a: Sinistcha\n|-start|p2a: Sinistcha|move: Taunt\n|move|p1b: Lucario|Rock Slide|p2a: Sinistcha|[spread] p2a,p2b\n|-crit|p2a: Sinistcha\n|-supereffective|p2b: Volcarona|2\n|-enditem|p2b: Volcarona|Charti Berry|[eat]\n|-enditem|p2b: Volcarona|Charti Berry|[weaken]\n|-damage|p2a: Sinistcha|44/100\n|-damage|p2b: Volcarona|0 fnt\n|faint|p2b: Volcarona\n|\n|-heal|p2a: Sinistcha|50/100|[from] item: Leftovers\n|upkeep\n|c|\u2606autiorez|yummy\n|\n|t:|1776130961\n|switch|p2b: Glimmora|Glimmora-Mega, L50, F, shiny|70/100\n|turn|7\n|-message|ArthurGate forfeited.\n|\n|win|autiorez\n|raw|autiorez's rating: 1103 &rarr; <strong>1126</strong><br />(+23 for winning)\n|raw|ArthurGate's rating: 1080 &rarr; <strong>1059</strong><br />(-21 for losing)\n|l|\u203dArthurGate\n|player|p2|\n",
  "uploadtime": 1776130978,
  "views": 9,
  "formatid": "gen9championsvgc2026regma",
  "rating": 1059,
  "private": 0,
  "password": null
}