{
  "id": "gen9championsvgc2026regma-2582831259",
  "format": "[Gen 9 Champions] VGC 2026 Reg M-A",
  "players": [
    "jaydwn7",
    "EisenVGC"
  ],
  "log": "|j|\u2606jaydwn7\n|j|\u2606EisenVGC\n|t:|1776117453\n|gametype|doubles\n|player|p1|jaydwn7|n|1000\n|player|p2|EisenVGC|265|1052\n|gen|9\n|tier|[Gen 9 Champions] VGC 2026 Reg M-A\n|rated|\n|rule|Species Clause: Limit one of each Pok\u00e9mon\n|rule|Item Clause: Limit 1 of each item\n|clearpoke\n|poke|p1|Beedrill, L50, M|\n|poke|p1|Incineroar, L50, F|\n|poke|p1|Farigiraf, L50, M|\n|poke|p1|Palafin, L50, M|\n|poke|p1|Maushold, L50|\n|poke|p1|Sinistcha, L50|\n|poke|p2|Incineroar, L50, M|\n|poke|p2|Venusaur, L50, F|\n|poke|p2|Rotom-Wash, L50|\n|poke|p2|Garchomp, L50, M|\n|poke|p2|Corviknight, L50, M|\n|poke|p2|Ninetales-Alola, L50, F|\n|teampreview|4\n|inactive|Battle timer is ON: inactive players will automatically lose when time's up. (requested by jaydwn7)\n|inactive|EisenVGC has 60 seconds left.\n|\n|t:|1776117499\n|teamsize|p1|4\n|teamsize|p2|4\n|start\n|switch|p1a: Beedrill|Beedrill, L50, M|100/100\n|switch|p1b: Maushold|Maushold, L50|100/100\n|switch|p2a: Corviknight|Corviknight, L50, M|100/100\n|switch|p2b: Incineroar|Incineroar, L50, M|100/100\n|-ability|p2b: Incineroar|Intimidate|boost\n|-unboost|p1a: Beedrill|atk|1\n|-unboost|p1b: Maushold|atk|1\n|turn|1\n|\n|t:|1776117524\n|move|p1a: Beedrill|Protect|p1a: Beedrill\n|-singleturn|p1a: Beedrill|Protect\n|move|p2b: Incineroar|Fake Out|p1a: Beedrill\n|-activate|p1a: Beedrill|move: Protect\n|move|p1b: Maushold|Super Fang|p2b: Incineroar\n|-damage|p2b: Incineroar|51/100\n|move|p2a: Corviknight|Tailwind|p2a: Corviknight\n|-sidestart|p2: EisenVGC|move: Tailwind\n|\n|upkeep\n|turn|2\n|inactive|EisenVGC has 30 seconds left.\n|\n|t:|1776117550\n|detailschange|p1a: Beedrill|Beedrill-Mega, L50, M\n|-mega|p1a: Beedrill|Beedrill|Beedrillite\n|move|p1b: Maushold|Follow Me|p1b: Maushold\n|-singleturn|p1b: Maushold|move: Follow Me\n|move|p1a: Beedrill|Fell Stinger|p2b: Incineroar\n|-damage|p2b: Incineroar|30/100\n|move|p2a: Corviknight|Brave Bird|p1b: Maushold\n|-damage|p1b: Maushold|50/100\n|-damage|p2a: Corviknight|85/100|[from] Recoil\n|move|p2b: Incineroar|Parting Shot|p1b: Maushold\n|-unboost|p1b: Maushold|atk|1\n|-unboost|p1b: Maushold|spa|1\n|\n|t:|1776117563\n|switch|p2b: Ninetales|Ninetales-Alola, L50, F|100/100|[from] Parting Shot\n|-weather|Snowscape|[from] ability: Snow Warning|[of] p2b: Ninetales\n|\n|-weather|Snowscape|[upkeep]\n|-heal|p2a: Corviknight|91/100|[from] item: Leftovers\n|upkeep\n|turn|3\n|\n|t:|1776117586\n|switch|p1b: Incineroar|Incineroar, L50, F|100/100\n|-ability|p1b: Incineroar|Intimidate|boost\n|-ability|p2a: Corviknight|Mirror Armor\n|-unboost|p1b: Incineroar|atk|1\n|-unboost|p2b: Ninetales|atk|1\n|move|p2b: Ninetales|Protect|p2b: Ninetales\n|-singleturn|p2b: Ninetales|Protect\n|move|p1a: Beedrill|Protect|p1a: Beedrill\n|-singleturn|p1a: Beedrill|Protect\n|move|p2a: Corviknight|Roost|p2a: Corviknight\n|-heal|p2a: Corviknight|100/100\n|-singleturn|p2a: Corviknight|move: Roost\n|\n|-weather|Snowscape|[upkeep]\n|upkeep\n|turn|4\n|inactive|jaydwn7 has 30 seconds left.\n|inactive|EisenVGC has 30 seconds left.\n|\n|t:|1776117611\n|switch|p1a: Farigiraf|Farigiraf, L50, M|100/100\n|move|p2b: Ninetales|Blizzard|p1b: Incineroar|[spread] p1a,p1b\n|-resisted|p1b: Incineroar|1\n|-damage|p1a: Farigiraf|74/100\n|-damage|p1b: Incineroar|89/100\n|move|p2a: Corviknight|Brave Bird|p1a: Farigiraf\n|-damage|p1a: Farigiraf|39/100\n|-damage|p2a: Corviknight|87/100|[from] Recoil\n|move|p1b: Incineroar|Flare Blitz|p2a: Corviknight\n|-supereffective|p2a: Corviknight|1\n|-damage|p2a: Corviknight|33/100\n|-damage|p1b: Incineroar|72/100|[from] Recoil\n|\n|-weather|Snowscape|[upkeep]\n|-heal|p2a: Corviknight|39/100|[from] item: Leftovers\n|-sideend|p2: EisenVGC|move: Tailwind\n|upkeep\n|turn|5\n|\n|t:|1776117633\n|move|p1a: Farigiraf|Helping Hand|p1b: Incineroar\n|-singleturn|p1b: Incineroar|Helping Hand|[of] p1a: Farigiraf\n|move|p2b: Ninetales|Moonblast|p1b: Incineroar\n|-damage|p1b: Incineroar|44/100\n|-enditem|p1b: Incineroar|Sitrus Berry|[eat]\n|-heal|p1b: Incineroar|69/100|[from] item: Sitrus Berry\n|move|p2a: Corviknight|Roost|p2a: Corviknight\n|-heal|p2a: Corviknight|89/100\n|-singleturn|p2a: Corviknight|move: Roost\n|move|p1b: Incineroar|Flare Blitz|p2a: Corviknight\n|-supereffective|p2a: Corviknight|1\n|-damage|p2a: Corviknight|2/100\n|-damage|p1b: Incineroar|42/100|[from] Recoil\n|\n|-weather|Snowscape|[upkeep]\n|-heal|p2a: Corviknight|8/100|[from] item: Leftovers\n|upkeep\n|turn|6\n|inactive|EisenVGC has 30 seconds left.\n|\n|t:|1776117668\n|switch|p2a: Incineroar|Incineroar, L50, M|30/100\n|-ability|p2a: Incineroar|Intimidate|boost\n|-unboost|p1a: Farigiraf|atk|1\n|-unboost|p1b: Incineroar|atk|1\n|move|p2b: Ninetales|Moonblast|p1b: Incineroar\n|-crit|p1b: Incineroar\n|-damage|p1b: Incineroar|3/100\n|move|p1b: Incineroar|Flare Blitz|p2b: Ninetales\n|-supereffective|p2b: Ninetales|1\n|-damage|p2b: Ninetales|50/100\n|-damage|p1b: Incineroar|0 fnt|[from] Recoil\n|faint|p1b: Incineroar\n|move|p1a: Farigiraf|Hyper Voice|p2b: Ninetales|[spread] p2a,p2b\n|-damage|p2a: Incineroar|3/100\n|-damage|p2b: Ninetales|17/100\n|\n|-weather|none\n|upkeep\n|\n|t:|1776117683\n|switch|p1b: Beedrill|Beedrill-Mega, L50, M|100/100\n|turn|7\n|\n|t:|1776117692\n|switch|p2b: Venusaur|Venusaur, L50, F|100/100\n|move|p2a: Incineroar|Fake Out||[still]\n|cant|p1a: Farigiraf|ability: Armor Tail|Fake Out|[of] p2a: Incineroar\n|move|p1b: Beedrill|Fell Stinger|p2a: Incineroar\n|-damage|p2a: Incineroar|0 fnt\n|faint|p2a: Incineroar\n|-boost|p1b: Beedrill|atk|3\n|move|p1a: Farigiraf|Psychic Noise|p2b: Venusaur\n|-supereffective|p2b: Venusaur|1\n|-damage|p2b: Venusaur|57/100\n|-start|p2b: Venusaur|move: Heal Block\n|\n|upkeep\n|\n|t:|1776117711\n|switch|p2a: Ninetales|Ninetales-Alola, L50, F|17/100\n|-weather|Snowscape|[from] ability: Snow Warning|[of] p2a: Ninetales\n|turn|8\n|\n|t:|1776117732\n|move|p1b: Beedrill|Fell Stinger|p2a: Ninetales\n|-resisted|p2a: Ninetales|1\n|-damage|p2a: Ninetales|0 fnt\n|faint|p2a: Ninetales\n|-boost|p1b: Beedrill|atk|3\n|move|p2b: Venusaur|Sludge Bomb|p1a: Farigiraf\n|-damage|p1a: Farigiraf|14/100\n|move|p1a: Farigiraf|Psychic Noise|p2b: Venusaur\n|-supereffective|p2b: Venusaur|1\n|-damage|p2b: Venusaur|8/100\n|\n|-weather|Snowscape|[upkeep]\n|-end|p2b: Venusaur|move: Heal Block\n|upkeep\n|\n|t:|1776117747\n|switch|p2a: Corviknight|Corviknight, L50, M|8/100\n|turn|9\n|-message|EisenVGC forfeited.\n|\n|win|jaydwn7\n|raw|jaydwn7's rating: 1000 &rarr; <strong>1046</strong><br />(+46 for winning)\n|raw|EisenVGC's rating: 1052 &rarr; <strong>1032</strong><br />(-20 for losing)\n",
  "uploadtime": 1776117760,
  "views": 29,
  "formatid": "gen9championsvgc2026regma",
  "rating": 1032,
  "private": 0,
  "password": null
}