{
  "id": "gen9championsvgc2026regma-2581055687",
  "format": "[Gen 9 Champions] VGC 2026 Reg M-A",
  "players": [
    "Dangu-0M",
    "loklastaji"
  ],
  "log": "|j|\u2606Dangu-0M\n|j|\u2606loklastaji\n|t:|1775955671\n|gametype|doubles\n|player|p1|Dangu-0M|265|1000\n|player|p2|loklastaji|101|1066\n|gen|9\n|tier|[Gen 9 Champions] VGC 2026 Reg M-A\n|rated|\n|rule|Species Clause: Limit one of each Pok\u00e9mon\n|rule|Item Clause: Limit 1 of each item\n|clearpoke\n|poke|p1|Tyranitar, L50, F|\n|poke|p1|Arcanine-Hisui, L50, F|\n|poke|p1|Garchomp, L50, F|\n|poke|p1|Rotom-Wash, L50|\n|poke|p1|Whimsicott, L50, M|\n|poke|p1|Sneasler, L50, F|\n|poke|p2|Samurott-Hisui, L50, F|\n|poke|p2|Mamoswine, L50, F|\n|poke|p2|Delphox, L50, F|\n|poke|p2|Clefable, L50, M|\n|poke|p2|Corviknight, L50, F|\n|poke|p2|Dragonite, L50, F|\n|teampreview|4\nDangu-0M has agreed to open team sheets.\n|\n|t:|1775955736\n|teamsize|p1|4\n|teamsize|p2|4\n|start\n|switch|p1a: Tyranitar|Tyranitar, L50, F|100/100\n|switch|p1b: Whimsicott|Whimsicott, L50, M|100/100\n|switch|p2a: Corviknight|Corviknight, L50, F|100/100\n|switch|p2b: Delphox|Delphox, L50, F|100/100\n|-weather|Sandstorm|[from] ability: Sand Stream|[of] p1a: Tyranitar\n|turn|1\n|\n|t:|1775955762\n|switch|p2b: Samurott|Samurott-Hisui, L50, F|100/100\n|detailschange|p1a: Tyranitar|Tyranitar-Mega, L50, F\n|-mega|p1a: Tyranitar|Tyranitar|Tyranitarite\n|move|p1b: Whimsicott|Taunt|p2a: Corviknight\n|-start|p2a: Corviknight|move: Taunt\n|move|p1a: Tyranitar|Knock Off|p2b: Samurott\n|-resisted|p2b: Samurott|1\n|-damage|p2b: Samurott|58/100\n|-enditem|p2b: Samurott|White Herb|[from] move: Knock Off|[of] p1a: Tyranitar\n|cant|p2a: Corviknight|move: Taunt|Tailwind\n|\n|-weather|Sandstorm|[upkeep]\n|-damage|p1b: Whimsicott|95/100|[from] Sandstorm\n|-damage|p2b: Samurott|53/100|[from] Sandstorm\n|upkeep\n|turn|2\n|\n|t:|1775955790\n|switch|p1a: Rotom|Rotom-Wash, L50|100/100\n|move|p1b: Whimsicott|Tailwind|p1b: Whimsicott\n|-sidestart|p1: Dangu-0M|move: Tailwind\n|move|p2b: Samurott|Sacred Sword|p1a: Rotom\n|-damage|p1a: Rotom|42/100\n|move|p2a: Corviknight|Iron Head|p1b: Whimsicott\n|-supereffective|p1b: Whimsicott|1\n|-damage|p1b: Whimsicott|15/100\n|\n|-weather|Sandstorm|[upkeep]\n|-damage|p1a: Rotom|36/100|[from] Sandstorm\n|-damage|p1b: Whimsicott|9/100|[from] Sandstorm\n|-damage|p2b: Samurott|47/100|[from] Sandstorm\n|-heal|p1a: Rotom|42/100|[from] item: Leftovers\n|upkeep\n|turn|3\n|\n|t:|1775955819\n|move|p2b: Samurott|Sucker Punch|p1a: Rotom\n|-damage|p1a: Rotom|0 fnt\n|faint|p1a: Rotom\n|move|p1b: Whimsicott|Moonblast|p2b: Samurott\n|-supereffective|p2b: Samurott|1\n|-damage|p2b: Samurott|0 fnt\n|faint|p2b: Samurott\n|move|p2a: Corviknight|Iron Head|p1b: Whimsicott\n|-supereffective|p1b: Whimsicott|1\n|-damage|p1b: Whimsicott|0 fnt\n|faint|p1b: Whimsicott\n|\n|-weather|Sandstorm|[upkeep]\n|-end|p2a: Corviknight|move: Taunt\n|upkeep\n|\n|t:|1775955836\n|switch|p1a: Tyranitar|Tyranitar-Mega, L50, F|100/100\n|switch|p1b: Arcanine|Arcanine-Hisui, L50, F|100/100\n|switch|p2b: Mamoswine|Mamoswine, L50, F|100/100\n|turn|4\n|\n|t:|1775955850\n|switch|p2b: Delphox|Delphox, L50, F|100/100\n|move|p1b: Arcanine|Flare Blitz|p2a: Corviknight\n|-supereffective|p2a: Corviknight|1\n|-damage|p2a: Corviknight|0 fnt\n|faint|p2a: Corviknight\n|move|p1a: Tyranitar|Brick Break|p2b: Delphox\n|-resisted|p2b: Delphox|1\n|-damage|p2b: Delphox|78/100\n|\n|-weather|Sandstorm|[upkeep]\n|-damage|p2b: Delphox|72/100|[from] Sandstorm\n|upkeep\n|\n|t:|1775955863\n|switch|p2a: Mamoswine|Mamoswine, L50, F|100/100\n|turn|5\n|\n|t:|1775955889\n|detailschange|p2b: Delphox|Delphox-Mega, L50, F\n|-mega|p2b: Delphox|Delphox|Delphoxite\n|move|p1b: Arcanine|Head Smash|p2a: Mamoswine|[miss]\n|-miss|p1b: Arcanine|p2a: Mamoswine\n|move|p1a: Tyranitar|Knock Off|p2b: Delphox\n|-supereffective|p2b: Delphox|1\n|-damage|p2b: Delphox|0 fnt\n|faint|p2b: Delphox\n|move|p2a: Mamoswine|Earthquake|p1b: Arcanine|[spread] p1a,p1b\n|-supereffective|p1a: Tyranitar|1\n|-supereffective|p1b: Arcanine|2\n|-enditem|p1b: Arcanine|Shuca Berry|[eat]\n|-enditem|p1b: Arcanine|Shuca Berry|[weaken]\n|-damage|p1a: Tyranitar|50/100\n|-damage|p1b: Arcanine|0 fnt\n|faint|p1b: Arcanine\n|\n|-weather|none\n|-sideend|p1: Dangu-0M|move: Tailwind\n|upkeep\n|turn|6\n|\n|t:|1775955906\n|move|p2a: Mamoswine|Earthquake|p1a: Tyranitar\n|-supereffective|p1a: Tyranitar|1\n|-damage|p1a: Tyranitar|0 fnt\n|faint|p1a: Tyranitar\n|\n|win|loklastaji\n|raw|Dangu-0M's rating: 1000 &rarr; <strong>1000</strong><br />(+0 for losing)\n|raw|loklastaji's rating: 1066 &rarr; <strong>1090</strong><br />(+24 for winning)\n",
  "uploadtime": 1775955911,
  "views": 13,
  "formatid": "gen9championsvgc2026regma",
  "rating": 1000,
  "private": 0,
  "password": null
}