{
  "id": "gen9championsvgc2026regma-2588266119",
  "format": "[Gen 9 Champions] VGC 2026 Reg M-A",
  "players": [
    "spacearmor",
    "Rotomwashlover67"
  ],
  "log": "|j|\u2606spacearmor\n|j|\u2606Rotomwashlover67\n|t:|1776619388\n|gametype|doubles\n|player|p1|spacearmor|dawn|1297\n|player|p2|Rotomwashlover67|volkner|1226\n|gen|9\n|tier|[Gen 9 Champions] VGC 2026 Reg M-A\n|rated|\n|rule|Species Clause: Limit one of each Pok\u00e9mon\n|rule|Item Clause: Limit 1 of each item\n|clearpoke\n|poke|p1|Delphox, L50, F|\n|poke|p1|Meowscarada, L50, F|\n|poke|p1|Gardevoir, L50, F|\n|poke|p1|Milotic, L50, F|\n|poke|p1|Kingambit, L50, M|\n|poke|p1|Sneasler, L50, M|\n|poke|p2|Jolteon, L50, M|\n|poke|p2|Froslass, L50, F|\n|poke|p2|Arcanine-Hisui, L50, M|\n|poke|p2|Sneasler, L50, M|\n|poke|p2|Hydreigon, L50, F|\n|poke|p2|Garchomp, L50, F|\n|teampreview|4\n|inactive|Battle timer is ON: inactive players will automatically lose when time's up. (requested by spacearmor)\n|inactive|Rotomwashlover67 has 60 seconds left.\n|inactive|spacearmor has 60 seconds left.\n|inactive|spacearmor has 30 seconds left.\n|inactive|spacearmor has 20 seconds left.\n|inactive|spacearmor has 15 seconds left.\n|\n|t:|1776619471\n|teamsize|p1|4\n|teamsize|p2|4\n|start\n|switch|p1a: Milotic|Milotic, L50, F|100/100\n|switch|p1b: Meowscarada|Meowscarada, L50, F|100/100\n|switch|p2a: Jolteon|Jolteon, L50, M|100/100\n|switch|p2b: Froslass|Froslass, L50, F|100/100\n|turn|1\n|inactive|spacearmor has 30 seconds left.\n|\n|t:|1776619498\n|switch|p1a: Gardevoir|Gardevoir, L50, F|100/100\n|detailschange|p2b: Froslass|Froslass-Mega, L50, F\n|-mega|p2b: Froslass|Froslass|Froslassite\n|-weather|Snowscape|[from] ability: Snow Warning|[of] p2b: Froslass\n|move|p1b: Meowscarada|Knock Off|p2b: Froslass\n|-start|p1b: Meowscarada|typechange|Dark|[from] ability: Protean\n|-supereffective|p2b: Froslass|1\n|-damage|p2b: Froslass|30/100\n|move|p2a: Jolteon|Thunderbolt|p1a: Gardevoir\n|-damage|p1a: Gardevoir|64/100\n|move|p2b: Froslass|Blizzard|p1a: Gardevoir|[spread] p1a,p1b\n|-damage|p1a: Gardevoir|16/100\n|-damage|p1b: Meowscarada|27/100\n|\n|-weather|Snowscape|[upkeep]\n|upkeep\n|turn|2\n|inactive|Rotomwashlover67 has 30 seconds left.\n|\n|t:|1776619530\n|detailschange|p1a: Gardevoir|Gardevoir-Mega, L50, F\n|-mega|p1a: Gardevoir|Gardevoir|Gardevoirite\n|move|p2b: Froslass|Protect|p2b: Froslass\n|-singleturn|p2b: Froslass|Protect\n|move|p1a: Gardevoir|Protect|p1a: Gardevoir\n|-singleturn|p1a: Gardevoir|Protect\n|move|p1b: Meowscarada|Knock Off|p2a: Jolteon\n|-damage|p2a: Jolteon|15/100\n|-enditem|p2a: Jolteon|Focus Sash|[from] move: Knock Off|[of] p1b: Meowscarada\n|move|p2a: Jolteon|Electroweb|p1b: Meowscarada|[spread] p1b\n|-activate|p1a: Gardevoir|move: Protect\n|-damage|p1b: Meowscarada|0 fnt\n|faint|p1b: Meowscarada\n|\n|-weather|Snowscape|[upkeep]\n|upkeep\n|\n|t:|1776619550\n|switch|p1b: Kingambit|Kingambit, L50, M|100/100\n|turn|3\n|\n|t:|1776619562\n|switch|p2a: Garchomp|Garchomp, L50, F|100/100\n|switch|p1a: Milotic|Milotic, L50, F|100/100\n|move|p2b: Froslass|Shadow Ball|p1a: Milotic\n|-damage|p1a: Milotic|67/100\n|move|p1b: Kingambit|Kowtow Cleave|p2b: Froslass\n|-supereffective|p2b: Froslass|1\n|-damage|p2b: Froslass|0 fnt\n|faint|p2b: Froslass\n|\n|-weather|Snowscape|[upkeep]\n|upkeep\n|\n|t:|1776619580\n|switch|p2b: Jolteon|Jolteon, L50, M|15/100\n|turn|4\n|\n|t:|1776619587\n|move|p1b: Kingambit|Sucker Punch|p2b: Jolteon\n|-damage|p2b: Jolteon|0 fnt\n|faint|p2b: Jolteon\n|move|p2a: Garchomp|Stomping Tantrum|p1b: Kingambit\n|-supereffective|p1b: Kingambit|1\n|-damage|p1b: Kingambit|39/100\n|move|p1a: Milotic|Ice Beam|p2a: Garchomp\n|-supereffective|p2a: Garchomp|2\n|-damage|p2a: Garchomp|0 fnt\n|faint|p2a: Garchomp\n|\n|-weather|Snowscape|[upkeep]\n|upkeep\n|\n|t:|1776619601\n|switch|p2b: Sneasler|Sneasler, L50, M|100/100\n|turn|5\n|\n|t:|1776619610\n|move|p1b: Kingambit|Protect|p1b: Kingambit\n|-singleturn|p1b: Kingambit|Protect\n|move|p2b: Sneasler|Close Combat|p1a: Milotic\n|-damage|p1a: Milotic|8/100\n|-unboost|p2b: Sneasler|def|1\n|-unboost|p2b: Sneasler|spd|1\n|-enditem|p1a: Milotic|Sitrus Berry|[eat]\n|-heal|p1a: Milotic|33/100|[from] item: Sitrus Berry\n|-enditem|p2b: Sneasler|White Herb\n|-clearnegativeboost|p2b: Sneasler|[silent]\n|move|p1a: Milotic|Scald|p2b: Sneasler\n|-damage|p2b: Sneasler|53/100\n|\n|-weather|none\n|upkeep\n|turn|6\n|\n|t:|1776619635\n|move|p2b: Sneasler|Close Combat|p1a: Milotic\n|-damage|p1a: Milotic|0 fnt\n|-unboost|p2b: Sneasler|def|1\n|-unboost|p2b: Sneasler|spd|1\n|faint|p1a: Milotic\n|move|p1b: Kingambit|Iron Head|p2b: Sneasler\n|-damage|p2b: Sneasler|0 fnt\n|faint|p2b: Sneasler\n|\n|win|spacearmor\n|raw|spacearmor's rating: 1297 &rarr; <strong>1317</strong><br />(+20 for winning)\n|raw|Rotomwashlover67's rating: 1226 &rarr; <strong>1206</strong><br />(-20 for losing)\n|l|\u2606spacearmor\n|player|p1|\n",
  "uploadtime": 1776619645,
  "views": 11,
  "formatid": "gen9championsvgc2026regma",
  "rating": 1206,
  "private": 0,
  "password": null
}