{
  "id": "gen9championsvgc2026regma-2584021054",
  "format": "[Gen 9 Champions] VGC 2026 Reg M-A",
  "players": [
    "tchongles",
    "retrojp"
  ],
  "log": "|j|\u2606tchongles\n|j|\u2606retrojp\n|t:|1776217480\n|gametype|doubles\n|player|p1|tchongles|265|1120\n|player|p2|retrojp|101|1147\n|gen|9\n|tier|[Gen 9 Champions] VGC 2026 Reg M-A\n|rated|\n|rule|Species Clause: Limit one of each Pok\u00e9mon\n|rule|Item Clause: Limit 1 of each item\n|clearpoke\n|poke|p1|Pidgeot, L50, F|\n|poke|p1|Volcarona, L50, M|\n|poke|p1|Rotom-Wash, L50|\n|poke|p1|Sneasler, L50, F|\n|poke|p1|Torkoal, L50, M|\n|poke|p1|Kingambit, L50, F|\n|poke|p2|Aggron, L50, F|\n|poke|p2|Aerodactyl, L50, M|\n|poke|p2|Hydreigon, L50, M|\n|poke|p2|Tyranitar, L50, F|\n|poke|p2|Sneasler, L50, M|\n|poke|p2|Sinistcha, L50|\n|teampreview|4\n|\n|t:|1776217527\n|teamsize|p1|4\n|teamsize|p2|4\n|start\n|switch|p1a: Rotom|Rotom-Wash, L50|100/100\n|switch|p1b: Torkoal|Torkoal, L50, M|100/100\n|switch|p2a: Aggron|Aggron, L50, F|100/100\n|switch|p2b: Sneasler|Sneasler, L50, M|100/100\n|-ability|p2b: Sneasler|Pressure\n|-weather|SunnyDay|[from] ability: Drought|[of] p1b: Torkoal\n|turn|1\n|\n|t:|1776217549\n|switch|p2b: Tyranitar|Tyranitar, L50, F|100/100\n|-weather|Sandstorm|[from] ability: Sand Stream|[of] p2b: Tyranitar\n|move|p1b: Torkoal|Protect|p1b: Torkoal\n|-singleturn|p1b: Torkoal|Protect\n|move|p1a: Rotom|Electroweb|p2a: Aggron|[spread] p2a,p2b\n|-damage|p2a: Aggron|84/100\n|-damage|p2b: Tyranitar|88/100\n|-unboost|p2a: Aggron|spe|1\n|-unboost|p2b: Tyranitar|spe|1\n|move|p2a: Aggron|Iron Defense|p2a: Aggron\n|-boost|p2a: Aggron|def|2\n|\n|-weather|Sandstorm|[upkeep]\n|-damage|p1a: Rotom|94/100|[from] Sandstorm\n|-damage|p1b: Torkoal|94/100|[from] Sandstorm\n|upkeep\n|turn|2\n|\n|t:|1776217591\n|switch|p2b: Sinistcha|Sinistcha, L50|100/100\n|-heal|p2a: Aggron|100/100|[from] ability: Hospitality|[of] p2b: Sinistcha\n|detailschange|p2a: Aggron|Aggron-Mega, L50, F\n|-mega|p2a: Aggron|Aggron|Aggronite\n|move|p1a: Rotom|Electroweb|p2b: Sinistcha|[spread] p2a,p2b\n|-crit|p2a: Aggron\n|-resisted|p2b: Sinistcha|1\n|-damage|p2a: Aggron|68/100\n|-damage|p2b: Sinistcha|90/100\n|-unboost|p2a: Aggron|spe|1\n|-unboost|p2b: Sinistcha|spe|1\n|move|p1b: Torkoal|Yawn|p2a: Aggron\n|-start|p2a: Aggron|move: Yawn|[of] p1b: Torkoal\n|move|p2a: Aggron|Body Press|p1b: Torkoal\n|-damage|p1b: Torkoal|30/100\n|\n|-weather|Sandstorm|[upkeep]\n|-damage|p1a: Rotom|88/100|[from] Sandstorm\n|-damage|p2b: Sinistcha|83/100|[from] Sandstorm\n|-damage|p1b: Torkoal|24/100|[from] Sandstorm\n|upkeep\n|turn|3\n|\n|t:|1776217624\n|switch|p2a: Sneasler|Sneasler, L50, M|100/100\n|-ability|p2a: Sneasler|Pressure\n|move|p1a: Rotom|Electroweb|p2a: Sneasler|[spread] p2a,p2b\n|-resisted|p2b: Sinistcha|1\n|-damage|p2a: Sneasler|70/100\n|-damage|p2b: Sinistcha|72/100\n|-unboost|p2a: Sneasler|spe|1\n|-unboost|p2b: Sinistcha|spe|1\n|move|p1b: Torkoal|Yawn|p2b: Sinistcha\n|-start|p2b: Sinistcha|move: Yawn|[of] p1b: Torkoal\n|move|p2b: Sinistcha|Trick Room|p2b: Sinistcha\n|-fieldstart|move: Trick Room|[of] p2b: Sinistcha\n|\n|-weather|Sandstorm|[upkeep]\n|-damage|p1b: Torkoal|17/100|[from] Sandstorm\n|-damage|p2b: Sinistcha|65/100|[from] Sandstorm\n|-damage|p2a: Sneasler|64/100|[from] Sandstorm\n|-damage|p1a: Rotom|82/100|[from] Sandstorm\n|upkeep\n|turn|4\n|\n|t:|1776217646\n|switch|p2b: Aggron|Aggron-Mega, L50, F|68/100\n|move|p2a: Sneasler|Fake Out|p1b: Torkoal\n|-damage|p1b: Torkoal|7/100\n|cant|p1b: Torkoal|flinch\n|move|p1a: Rotom|Electroweb|p2a: Sneasler|[spread] p2a,p2b\n|-damage|p2a: Sneasler|35/100\n|-damage|p2b: Aggron|50/100\n|-unboost|p2a: Sneasler|spe|1\n|-unboost|p2b: Aggron|spe|1\n|\n|-weather|Sandstorm|[upkeep]\n|-damage|p1b: Torkoal|0 fnt|[from] Sandstorm\n|-damage|p2a: Sneasler|29/100|[from] Sandstorm\n|-damage|p1a: Rotom|75/100|[from] Sandstorm\n|faint|p1b: Torkoal\n|upkeep\n|\n|t:|1776217660\n|switch|p1b: Sneasler|Sneasler, L50, F|100/100\n|turn|5\n|\n|t:|1776217669\n|switch|p2a: Sinistcha|Sinistcha, L50|65/100\n|-heal|p2b: Aggron|75/100|[from] ability: Hospitality|[of] p2a: Sinistcha\n|move|p2b: Aggron|Protect|p2b: Aggron\n|-singleturn|p2b: Aggron|Protect\n|move|p1b: Sneasler|Dire Claw|p2a: Sinistcha\n|-damage|p2a: Sinistcha|37/100\n|-status|p2a: Sinistcha|par\n|move|p1a: Rotom|Electroweb|p2b: Aggron|[spread] p2a\n|-activate|p2b: Aggron|move: Protect\n|-resisted|p2a: Sinistcha|1\n|-damage|p2a: Sinistcha|27/100 par\n|-unboost|p2a: Sinistcha|spe|1\n|\n|-weather|none\n|upkeep\n|turn|6\n|\n|t:|1776217690\n|move|p1b: Sneasler|Protect|p1b: Sneasler\n|-singleturn|p1b: Sneasler|Protect\n|move|p2a: Sinistcha|Life Dew|p2a: Sinistcha|[spread] p2a,p2b\n|-heal|p2a: Sinistcha|52/100 par\n|-heal|p2b: Aggron|99/100\n|move|p2b: Aggron|Iron Defense|p2b: Aggron\n|-boost|p2b: Aggron|def|2\n|move|p1a: Rotom|Electroweb|p2b: Aggron|[spread] p2a,p2b\n|-resisted|p2a: Sinistcha|1\n|-damage|p2a: Sinistcha|41/100 par\n|-damage|p2b: Aggron|78/100\n|-unboost|p2a: Sinistcha|spe|1\n|-unboost|p2b: Aggron|spe|1\n|\n|upkeep\n|turn|7\n|\n|t:|1776217712\n|cant|p2a: Sinistcha|par\n|move|p2b: Aggron|Iron Defense|p2b: Aggron\n|-boost|p2b: Aggron|def|2\n|move|p1b: Sneasler|Dire Claw|p2b: Aggron\n|-immune|p2b: Aggron\n|move|p1a: Rotom|Electroweb|p2b: Aggron|[spread] p2a,p2b\n|-resisted|p2a: Sinistcha|1\n|-damage|p2a: Sinistcha|29/100 par\n|-damage|p2b: Aggron|60/100\n|-unboost|p2a: Sinistcha|spe|1\n|-unboost|p2b: Aggron|spe|1\n|\n|-fieldend|move: Trick Room\n|upkeep\n|turn|8\n|\n|t:|1776217728\n|move|p2b: Aggron|Protect|p2b: Aggron\n|-singleturn|p2b: Aggron|Protect\n|move|p1a: Rotom|Electroweb|p2a: Sinistcha|[spread] p2a\n|-activate|p2b: Aggron|move: Protect\n|-resisted|p2a: Sinistcha|1\n|-damage|p2a: Sinistcha|18/100 par\n|-unboost|p2a: Sinistcha|spe|1\n|move|p1b: Sneasler|Close Combat|p2b: Aggron\n|-activate|p2b: Aggron|move: Protect\n|cant|p2a: Sinistcha|par\n|\n|upkeep\n|turn|9\n|\n|t:|1776217746\n|switch|p1a: Pidgeot|Pidgeot, L50, F|100/100\n|move|p2a: Sinistcha|Rage Powder|p2a: Sinistcha\n|-singleturn|p2a: Sinistcha|move: Rage Powder\n|move|p1b: Sneasler|Dire Claw|p2a: Sinistcha\n|-damage|p2a: Sinistcha|0 fnt\n|faint|p2a: Sinistcha\n|move|p2b: Aggron|Body Press|p1b: Sneasler\n|-resisted|p1b: Sneasler|1\n|-crit|p1b: Sneasler\n|-damage|p1b: Sneasler|0 fnt\n|faint|p1b: Sneasler\n|\n|upkeep\n|\n|t:|1776217761\n|switch|p1b: Rotom|Rotom-Wash, L50|75/100\n|switch|p2a: Sneasler|Sneasler, L50, M|29/100\n|-ability|p2a: Sneasler|Pressure\n|turn|10\n|\n|t:|1776217779\n|detailschange|p1a: Pidgeot|Pidgeot-Mega, L50, F\n|-mega|p1a: Pidgeot|Pidgeot|Pidgeotite\n|move|p2a: Sneasler|Fake Out|p1b: Rotom\n|-crit|p1b: Rotom\n|-damage|p1b: Rotom|48/100\n|cant|p1b: Rotom|flinch\n|move|p1a: Pidgeot|Heat Wave|p2a: Sneasler|[spread] p2a,p2b\n|-supereffective|p2b: Aggron|1\n|-damage|p2a: Sneasler|0 fnt\n|-damage|p2b: Aggron|20/100\n|faint|p2a: Sneasler\n|move|p2b: Aggron|Body Press|p1a: Pidgeot\n|-damage|p1a: Pidgeot|0 fnt\n|faint|p1a: Pidgeot\n|\n|upkeep\n|\n|t:|1776217795\n|switch|p2a: Tyranitar|Tyranitar, L50, F|88/100\n|-weather|Sandstorm|[from] ability: Sand Stream|[of] p2a: Tyranitar\n|turn|11\n|\n|t:|1776217807\n|move|p2a: Tyranitar|Protect|p2a: Tyranitar\n|-singleturn|p2a: Tyranitar|Protect\n|move|p2b: Aggron|Protect|p2b: Aggron\n|-singleturn|p2b: Aggron|Protect\n|move|p1b: Rotom|Hydro Pump|p2a: Tyranitar\n|-activate|p2a: Tyranitar|move: Protect\n|\n|-weather|Sandstorm|[upkeep]\n|-damage|p1b: Rotom|42/100|[from] Sandstorm\n|upkeep\n|turn|12\n|\n|t:|1776217829\n|move|p1b: Rotom|Hydro Pump|p2a: Tyranitar\n|-supereffective|p2a: Tyranitar|1\n|-damage|p2a: Tyranitar|21/100\n|move|p2a: Tyranitar|Knock Off|p1b: Rotom\n|-damage|p1b: Rotom|0 fnt\n|-enditem|p1b: Rotom|Choice Scarf|[from] move: Knock Off|[of] p2a: Tyranitar\n|faint|p1b: Rotom\n|\n|win|retrojp\n|raw|tchongles's rating: 1120 &rarr; <strong>1097</strong><br />(-23 for losing)\n|raw|retrojp's rating: 1147 &rarr; <strong>1170</strong><br />(+23 for winning)\n|l|\u2606tchongles\n|player|p1|\n",
  "uploadtime": 1776217840,
  "views": 14,
  "formatid": "gen9championsvgc2026regma",
  "rating": 1097,
  "private": 0,
  "password": null
}