{
  "id": "gen9championsvgc2026regma-2581247217",
  "format": "[Gen 9 Champions] VGC 2026 Reg M-A",
  "players": [
    "HL SIGNAL",
    "ogerdogi"
  ],
  "log": "|j|\u2606HL SIGNAL\n|j|\u2606ogerdogi\n|t:|1775975905\n|gametype|doubles\n|player|p1|HL SIGNAL|drayden|1111\n|player|p2|ogerdogi|red|1104\n|gen|9\n|tier|[Gen 9 Champions] VGC 2026 Reg M-A\n|rated|\n|rule|Species Clause: Limit one of each Pok\u00e9mon\n|rule|Item Clause: Limit 1 of each item\n|clearpoke\n|poke|p1|Tyranitar, L50, F|\n|poke|p1|Whimsicott, L50, F|\n|poke|p1|Aegislash, L50, M|\n|poke|p1|Garchomp, L50, F|\n|poke|p1|Rotom-Wash, L50|\n|poke|p1|Incineroar, L50, M|\n|poke|p2|Feraligatr, L50, M|\n|poke|p2|Archaludon, L50, M|\n|poke|p2|Pelipper, L50, M|\n|poke|p2|Excadrill, L50, M|\n|poke|p2|Morpeko, L50, F|\n|poke|p2|Sinistcha-Masterpiece, L50|\n|teampreview|4\n|inactive|Battle timer is ON: inactive players will automatically lose when time's up. (requested by HL SIGNAL)\n|\n|t:|1775975955\n|teamsize|p1|4\n|teamsize|p2|4\n|start\n|switch|p1a: Whimsicott|Whimsicott, L50, F|100/100\n|switch|p1b: Tyranitar|Tyranitar, L50, F|100/100\n|switch|p2a: Feraligatr|Feraligatr, L50, M|100/100\n|switch|p2b: Excadrill|Excadrill, L50, M|100/100\n|-ability|p2b: Excadrill|Mold Breaker\n|-weather|Sandstorm|[from] ability: Sand Stream|[of] p1b: Tyranitar\n|turn|1\n|inactive|ogerdogi has 30 seconds left.\n|\n|t:|1775975981\n|detailschange|p2a: Feraligatr|Feraligatr-Mega, L50, M\n|-mega|p2a: Feraligatr|Feraligatr|Feraligite\n|move|p1a: Whimsicott|Tailwind|p1a: Whimsicott\n|-sidestart|p1: HL SIGNAL|move: Tailwind\n|move|p1b: Tyranitar|Dragon Dance|p1b: Tyranitar\n|-boost|p1b: Tyranitar|atk|1\n|-boost|p1b: Tyranitar|spe|1\n|move|p2b: Excadrill|Iron Head|p1a: Whimsicott\n|-supereffective|p1a: Whimsicott|1\n|-crit|p1a: Whimsicott\n|-enditem|p1a: Whimsicott|Focus Sash\n|-damage|p1a: Whimsicott|1/100\n|move|p2a: Feraligatr|Liquidation|p1b: Tyranitar\n|-supereffective|p1b: Tyranitar|1\n|-damage|p1b: Tyranitar|20/100\n|-unboost|p1b: Tyranitar|def|1\n|\n|-weather|Sandstorm|[upkeep]\n|-damage|p1a: Whimsicott|0 fnt|[from] Sandstorm\n|-damage|p2a: Feraligatr|94/100|[from] Sandstorm\n|faint|p1a: Whimsicott\n|upkeep\n|\n|t:|1775976000\n|switch|p1a: Rotom|Rotom-Wash, L50|100/100\n|turn|2\n|\n|t:|1775976023\n|move|p1b: Tyranitar|Protect|p1b: Tyranitar\n|-singleturn|p1b: Tyranitar|Protect\n|move|p2a: Feraligatr|Protect|p2a: Feraligatr\n|-singleturn|p2a: Feraligatr|Protect\n|move|p1a: Rotom|Will-O-Wisp|p2a: Feraligatr\n|-activate|p2a: Feraligatr|move: Protect\n|move|p2b: Excadrill|Earthquake|p1b: Tyranitar|[spread] p1a\n|-activate|p2a: Feraligatr|move: Protect\n|-activate|p1b: Tyranitar|move: Protect\n|-supereffective|p1a: Rotom|1\n|-damage|p1a: Rotom|15/100\n|\n|-weather|Sandstorm|[upkeep]\n|-damage|p1a: Rotom|9/100|[from] Sandstorm\n|-damage|p2a: Feraligatr|88/100|[from] Sandstorm\n|-heal|p1a: Rotom|15/100|[from] item: Leftovers\n|upkeep\n|turn|3\n|inactive|HL SIGNAL has 30 seconds left.\n|inactive|ogerdogi has 30 seconds left.\n|\n|t:|1775976054\n|switch|p2a: Sinistcha|Sinistcha-Masterpiece, L50|100/100\n|detailschange|p1b: Tyranitar|Tyranitar-Mega, L50, F\n|-mega|p1b: Tyranitar|Tyranitar|Tyranitarite\n|move|p1b: Tyranitar|Rock Slide|p2a: Sinistcha|[spread] p2a,p2b\n|-resisted|p2b: Excadrill|2\n|-damage|p2a: Sinistcha|58/100\n|-damage|p2b: Excadrill|82/100\n|move|p1a: Rotom|Hydro Pump|p2b: Excadrill\n|-supereffective|p2b: Excadrill|1\n|-damage|p2b: Excadrill|0 fnt\n|faint|p2b: Excadrill\n|\n|-weather|Sandstorm|[upkeep]\n|-damage|p1a: Rotom|9/100|[from] Sandstorm\n|-damage|p2a: Sinistcha|52/100|[from] Sandstorm\n|-heal|p1a: Rotom|15/100|[from] item: Leftovers\n|upkeep\n|\n|t:|1775976072\n|switch|p2b: Feraligatr|Feraligatr-Mega, L50, M|88/100\n|turn|4\n|inactive|HL SIGNAL has 30 seconds left.\n|inactive|HL SIGNAL has 20 seconds left.\n|\n|t:|1775976110\n|move|p2a: Sinistcha|Rage Powder|p2a: Sinistcha\n|-singleturn|p2a: Sinistcha|move: Rage Powder\n|move|p1b: Tyranitar|Rock Slide|p2b: Feraligatr|[spread] p2a,p2b\n|-damage|p2a: Sinistcha|6/100\n|-damage|p2b: Feraligatr|37/100\n|-enditem|p2a: Sinistcha|Sitrus Berry|[eat]\n|-heal|p2a: Sinistcha|31/100|[from] item: Sitrus Berry\n|move|p1a: Rotom|Thunderbolt|p2a: Sinistcha\n|-resisted|p2a: Sinistcha|1\n|-damage|p2a: Sinistcha|10/100\n|cant|p2b: Feraligatr|flinch\n|\n|-weather|Sandstorm|[upkeep]\n|-damage|p1a: Rotom|9/100|[from] Sandstorm\n|-damage|p2b: Feraligatr|30/100|[from] Sandstorm\n|-damage|p2a: Sinistcha|4/100|[from] Sandstorm\n|-heal|p1a: Rotom|15/100|[from] item: Leftovers\n|-sideend|p1: HL SIGNAL|move: Tailwind\n|upkeep\n|turn|5\n|inactive|ogerdogi has 30 seconds left.\n|inactive|ogerdogi has 20 seconds left.\n|inactive|ogerdogi has 15 seconds left.\n|\n|t:|1775976155\n|move|p2b: Feraligatr|Protect|p2b: Feraligatr\n|-singleturn|p2b: Feraligatr|Protect\n|move|p1b: Tyranitar|Rock Slide|p2b: Feraligatr|[spread] p2a\n|-activate|p2b: Feraligatr|move: Protect\n|-damage|p2a: Sinistcha|0 fnt\n|faint|p2a: Sinistcha\n|move|p1a: Rotom|Thunderbolt|p2b: Feraligatr\n|-activate|p2b: Feraligatr|move: Protect\n|\n|-weather|none\n|-heal|p1a: Rotom|21/100|[from] item: Leftovers\n|upkeep\n|\n|t:|1775976161\n|switch|p2a: Pelipper|Pelipper, L50, M|100/100\n|-weather|RainDance|[from] ability: Drizzle|[of] p2a: Pelipper\n|turn|6\n|-activate|p2a: Pelipper|item: Quick Claw\n|\n|t:|1775976184\n|move|p1b: Tyranitar|Protect|p1b: Tyranitar\n|-singleturn|p1b: Tyranitar|Protect\n|move|p2a: Pelipper|Tailwind|p2a: Pelipper\n|-sidestart|p2: ogerdogi|move: Tailwind\n|move|p2b: Feraligatr|Liquidation|p1b: Tyranitar\n|-activate|p1b: Tyranitar|move: Protect\n|move|p1a: Rotom|Will-O-Wisp|p2b: Feraligatr|[miss]\n|-miss|p1a: Rotom|p2b: Feraligatr\n|\n|-weather|RainDance|[upkeep]\n|-heal|p1a: Rotom|28/100|[from] item: Leftovers\n|upkeep\n|turn|7\n|inactive|ogerdogi has 30 seconds left.\n|inactive|ogerdogi has 20 seconds left.\n|inactive|ogerdogi has 15 seconds left.\n|inactive|ogerdogi has 10 seconds left.\n|inactive|ogerdogi has 5 seconds left.\n|\n|t:|1775976235\n|switch|p1b: Aegislash|Aegislash, L50, M|100/100\n|move|p2b: Feraligatr|Liquidation|p1b: Aegislash\n|-crit|p1b: Aegislash\n|-damage|p1b: Aegislash|0 fnt\n|faint|p1b: Aegislash\n|move|p2a: Pelipper|Weather Ball|p1a: Rotom\n|-resisted|p1a: Rotom|1\n|-damage|p1a: Rotom|4/100\n|move|p1a: Rotom|Thunderbolt|p2b: Feraligatr\n|-damage|p2b: Feraligatr|0 fnt\n|faint|p2b: Feraligatr\n|\n|-weather|RainDance|[upkeep]\n|-heal|p1a: Rotom|10/100|[from] item: Leftovers\n|upkeep\n|\n|t:|1775976252\n|switch|p1b: Tyranitar|Tyranitar-Mega, L50, F|20/100\n|-weather|Sandstorm|[from] ability: Sand Stream|[of] p1b: Tyranitar\n|turn|8\n|-activate|p2a: Pelipper|item: Quick Claw\n|\n|t:|1775976268\n|move|p2a: Pelipper|Air Slash|p1b: Tyranitar\n|-resisted|p1b: Tyranitar|1\n|-damage|p1b: Tyranitar|14/100\n|move|p1a: Rotom|Thunderbolt|p2a: Pelipper\n|-supereffective|p2a: Pelipper|2\n|-crit|p2a: Pelipper\n|-damage|p2a: Pelipper|0 fnt\n|faint|p2a: Pelipper\n|\n|win|HL SIGNAL\n|raw|HL SIGNAL's rating: 1111 &rarr; <strong>1135</strong><br />(+24 for winning)\n|raw|ogerdogi's rating: 1104 &rarr; <strong>1080</strong><br />(-24 for losing)\n|l|\u2606ogerdogi\n|player|p2|\n|l|\u2606HL SIGNAL\n|player|p1|\n|j|\u2606HL SIGNAL\n|player|p1|HL SIGNAL|drayden|\n|l|\u2606HL SIGNAL\n|player|p1|\n|j|\u2606HL SIGNAL\n|player|p1|HL SIGNAL|drayden|\n",
  "uploadtime": 1775976367,
  "views": 29,
  "formatid": "gen9championsvgc2026regma",
  "rating": 1080,
  "private": 0,
  "password": null
}