{
  "id": "gen9championsvgc2026regma-2586894052",
  "format": "[Gen 9 Champions] VGC 2026 Reg M-A",
  "players": [
    "Mask4M",
    "ghanawon"
  ],
  "log": "|j|\u2606Mask4M\n|j|\u2606ghanawon\n|t:|1776469333\n|gametype|doubles\n|player|p1|Mask4M|265|1240\n|player|p2|ghanawon|workerice|1160\n|gen|9\n|tier|[Gen 9 Champions] VGC 2026 Reg M-A\n|rated|\n|rule|Species Clause: Limit one of each Pok\u00e9mon\n|rule|Item Clause: Limit 1 of each item\n|clearpoke\n|poke|p1|Glimmora, L50, F|\n|poke|p1|Hydreigon, L50, M|\n|poke|p1|Sneasler, L50, F|\n|poke|p1|Incineroar, L50, M|\n|poke|p1|Whimsicott, L50, M|\n|poke|p1|Rotom-Wash, L50|\n|poke|p2|Floette-Eternal, L50, F|\n|poke|p2|Aegislash, L50, F|\n|poke|p2|Talonflame, L50, M|\n|poke|p2|Incineroar, L50, F|\n|poke|p2|Garchomp, L50, F|\n|poke|p2|Rotom-Wash, L50|\n|teampreview|4\n|inactive|Battle timer is ON: inactive players will automatically lose when time's up. (requested by Mask4M)\n|inactive|ghanawon also wants the timer to be on.\n|inactive|Mask4M has 60 seconds left.\n|\n|t:|1776469387\n|teamsize|p1|4\n|teamsize|p2|4\n|start\n|switch|p1a: Sneasler|Sneasler, L50, F|100/100\n|switch|p1b: Whimsicott|Whimsicott, L50, M|100/100\n|switch|p2a: Talonflame|Talonflame, L50, M|100/100\n|switch|p2b: Rotom|Rotom-Wash, L50|100/100\n|turn|1\n|inactive|Mask4M has 30 seconds left.\n|inactive|Mask4M has 20 seconds left.\n|inactive|ghanawon has 30 seconds left.\n|\n|t:|1776469435\n|move|p1a: Sneasler|Fake Out|p2b: Rotom\n|-damage|p2b: Rotom|86/100\n|move|p2a: Talonflame|Acrobatics|p1b: Whimsicott\n|-supereffective|p1b: Whimsicott|1\n|-damage|p1b: Whimsicott|2/100\n|move|p1b: Whimsicott|Tailwind|p1b: Whimsicott\n|-sidestart|p1: Mask4M|move: Tailwind\n|cant|p2b: Rotom|flinch\n|\n|upkeep\n|turn|2\n|inactive|Mask4M has 30 seconds left.\n|\n|t:|1776469467\n|switch|p1a: Glimmora|Glimmora, L50, F|100/100\n|move|p2a: Talonflame|Protect|p2a: Talonflame\n|-singleturn|p2a: Talonflame|Protect\n|move|p1b: Whimsicott|Encore|p2a: Talonflame\n|-activate|p2a: Talonflame|move: Protect\n|move|p2b: Rotom|Thunderbolt|p1b: Whimsicott\n|-resisted|p1b: Whimsicott|1\n|-damage|p1b: Whimsicott|0 fnt\n|faint|p1b: Whimsicott\n|\n|upkeep\n|\n|t:|1776469481\n|switch|p1b: Sneasler|Sneasler, L50, F|100/100\n|turn|3\n|\n|t:|1776469500\n|detailschange|p1a: Glimmora|Glimmora-Mega, L50, F\n|-mega|p1a: Glimmora|Glimmora|Glimmoranite\n|move|p2a: Talonflame|Tailwind|p2a: Talonflame\n|-sidestart|p2: ghanawon|move: Tailwind\n|move|p1b: Sneasler|Dire Claw|p2b: Rotom\n|-damage|p2b: Rotom|42/100\n|-enditem|p2b: Rotom|Sitrus Berry|[eat]\n|-heal|p2b: Rotom|67/100|[from] item: Sitrus Berry\n|move|p1a: Glimmora|Sludge Bomb|p2b: Rotom\n|-damage|p2b: Rotom|0 fnt\n|faint|p2b: Rotom\n|\n|upkeep\n|\n|t:|1776469515\n|switch|p2b: Garchomp|Garchomp, L50, F|100/100\n|turn|4\n|\n|t:|1776469532\n|switch|p1b: Hydreigon|Hydreigon, L50, M|100/100\n|move|p1a: Glimmora|Spiky Shield|p1a: Glimmora\n|-singleturn|p1a: Glimmora|move: Protect\n|move|p2a: Talonflame|Acrobatics|p1b: Hydreigon\n|-damage|p1b: Hydreigon|61/100\n|move|p2b: Garchomp|Earthquake|p1a: Glimmora|[spread] \n|-activate|p1a: Glimmora|move: Protect\n|-immune|p2a: Talonflame\n|-immune|p1b: Hydreigon|[from] ability: Levitate\n|\n|-sideend|p1: Mask4M|move: Tailwind\n|upkeep\n|turn|5\n|inactive|Mask4M has 30 seconds left.\n|inactive|ghanawon has 30 seconds left.\n|inactive|Mask4M has 20 seconds left.\n|inactive|ghanawon has 20 seconds left.\n|inactive|Mask4M has 15 seconds left.\n|inactive|ghanawon has 15 seconds left.\n|inactive|Mask4M has 10 seconds left.\n|inactive|ghanawon has 10 seconds left.\n|\n|t:|1776469580\n|switch|p1a: Sneasler|Sneasler, L50, F|100/100\n|move|p1b: Hydreigon|Protect|p1b: Hydreigon\n|-singleturn|p1b: Hydreigon|Protect\n|move|p2a: Talonflame|Taunt|p1b: Hydreigon\n|-activate|p1b: Hydreigon|move: Protect\n|move|p2b: Garchomp|Earthquake|p1a: Sneasler|[spread] p1a\n|-activate|p1b: Hydreigon|move: Protect\n|-immune|p2a: Talonflame\n|-supereffective|p1a: Sneasler|1\n|-damage|p1a: Sneasler|0 fnt\n|faint|p1a: Sneasler\n|\n|upkeep\n|\n|t:|1776469592\n|switch|p1a: Glimmora|Glimmora-Mega, L50, F|100/100\n|turn|6\n|inactive|Mask4M has 30 seconds left.\n|inactive|Mask4M has 20 seconds left.\n|\n|t:|1776469631\n|move|p2a: Talonflame|Protect|p2a: Talonflame\n|-singleturn|p2a: Talonflame|Protect\n|move|p2b: Garchomp|Earthquake|p1a: Glimmora|[spread] p1a\n|-activate|p2a: Talonflame|move: Protect\n|-immune|p1b: Hydreigon|[from] ability: Levitate\n|-supereffective|p1a: Glimmora|2\n|-damage|p1a: Glimmora|0 fnt\n|faint|p1a: Glimmora\n|move|p1b: Hydreigon|Dark Pulse|p2b: Garchomp\n|-damage|p2b: Garchomp|42/100\n|\n|-sideend|p2: ghanawon|move: Tailwind\n|upkeep\n|turn|7\n|\n|t:|1776469650\n|move|p2a: Talonflame|Tailwind|p2a: Talonflame\n|-sidestart|p2: ghanawon|move: Tailwind\n|move|p2b: Garchomp|Dragon Claw|p1b: Hydreigon\n|-supereffective|p1b: Hydreigon|1\n|-damage|p1b: Hydreigon|0 fnt\n|faint|p1b: Hydreigon\n|\n|win|ghanawon\n|raw|Mask4M's rating: 1240 &rarr; <strong>1209</strong><br />(-31 for losing)\n|raw|ghanawon's rating: 1160 &rarr; <strong>1191</strong><br />(+31 for winning)\n",
  "uploadtime": 1776469663,
  "views": 24,
  "formatid": "gen9championsvgc2026regma",
  "rating": 1191,
  "private": 0,
  "password": null
}