{
  "id": "gen9championsvgc2026regma-2588066906",
  "format": "[Gen 9 Champions] VGC 2026 Reg M-A",
  "players": [
    "kakkoiiwwwwww",
    "test123vgc456"
  ],
  "log": "|j|\u2606kakkoiiwwwwww\n|j|\u2606test123vgc456\n|t:|1776600314\n|gametype|doubles\n|player|p1|kakkoiiwwwwww|2|1220\n|player|p2|test123vgc456|266|1311\n|gen|9\n|tier|[Gen 9 Champions] VGC 2026 Reg M-A\n|rated|\n|rule|Species Clause: Limit one of each Pok\u00e9mon\n|rule|Item Clause: Limit 1 of each item\n|clearpoke\n|poke|p1|Floette-Eternal, L50, F|\n|poke|p1|Aerodactyl, L50, F|\n|poke|p1|Sneasler, L50, M|\n|poke|p1|Basculegion, L50, M|\n|poke|p1|Espathra, L50, F, shiny|\n|poke|p1|Kingambit, L50, M|\n|poke|p2|Delphox, L50, F|\n|poke|p2|Sneasler, L50, M|\n|poke|p2|Pelipper, L50, M|\n|poke|p2|Basculegion, L50, M|\n|poke|p2|Dragonite, L50, F|\n|poke|p2|Kingambit, L50, F|\n|teampreview|4\n|\n|t:|1776600359\n|teamsize|p1|4\n|teamsize|p2|4\n|start\n|switch|p1a: Aerodactyl|Aerodactyl, L50, F|100/100\n|switch|p1b: Kingambit|Kingambit, L50, M|100/100\n|switch|p2a: Delphox|Delphox, L50, F|100/100\n|switch|p2b: Basculegion|Basculegion, L50, M|100/100\n|-ability|p1a: Aerodactyl|Unnerve\n|turn|1\n|inactive|Battle timer is ON: inactive players will automatically lose when time's up. (requested by test123vgc456)\n|\n|t:|1776600373\n|detailschange|p2a: Delphox|Delphox-Mega, L50, F\n|-mega|p2a: Delphox|Delphox|Delphoxite\n|move|p1b: Kingambit|Sucker Punch|p2b: Basculegion\n|-supereffective|p2b: Basculegion|1\n|-damage|p2b: Basculegion|16/100\n|move|p2b: Basculegion|Flip Turn|p1a: Aerodactyl\n|-supereffective|p1a: Aerodactyl|1\n|-enditem|p1a: Aerodactyl|Focus Sash\n|-damage|p1a: Aerodactyl|1/100\n|\n|t:|1776600385\n|switch|p2b: Sneasler|Sneasler, L50, M|100/100|[from] Flip Turn\n|move|p2a: Delphox|Heat Wave|p1b: Kingambit|[spread] p1a,p1b\n|-resisted|p1a: Aerodactyl|1\n|-supereffective|p1b: Kingambit|1\n|-damage|p1a: Aerodactyl|0 fnt\n|-damage|p1b: Kingambit|31/100\n|faint|p1a: Aerodactyl\n|\n|upkeep\n|\n|t:|1776600393\n|switch|p1a: Basculegion|Basculegion, L50, M|100/100\n|turn|2\n|\n|t:|1776600415\n|move|p2a: Delphox|Protect|p2a: Delphox\n|-singleturn|p2a: Delphox|Protect\n|move|p1b: Kingambit|Protect|p1b: Kingambit\n|-singleturn|p1b: Kingambit|Protect\n|move|p1a: Basculegion|Wave Crash|p2a: Delphox\n|-activate|p2a: Delphox|move: Protect\n|move|p2b: Sneasler|Dire Claw|p1a: Basculegion\n|-resisted|p1a: Basculegion|1\n|-damage|p1a: Basculegion|74/100\n|\n|upkeep\n|turn|3\n|inactive|test123vgc456 has 30 seconds left.\n|\n|t:|1776600447\n|switch|p2a: Kingambit|Kingambit, L50, F|100/100\n|move|p1b: Kingambit|Sucker Punch||[still]\n|-fail|p1b: Kingambit\n|move|p1a: Basculegion|Wave Crash|p2b: Sneasler\n|-damage|p2b: Sneasler|0 fnt\n|faint|p2b: Sneasler\n|-damage|p1a: Basculegion|48/100|[from] Recoil\n|\n|upkeep\n|\n|t:|1776600456\n|switch|p2b: Basculegion|Basculegion, L50, M|16/100\n|turn|4\n|\n|t:|1776600469\n|switch|p1a: Floette|Floette-Eternal, L50, F|100/100\n|move|p2b: Basculegion|Aqua Jet|p1b: Kingambit\n|-crit|p1b: Kingambit\n|-damage|p1b: Kingambit|5/100\n|move|p1b: Kingambit|Sucker Punch||[still]\n|-fail|p1b: Kingambit\n|move|p2a: Kingambit|Sucker Punch||[still]\n|-fail|p2a: Kingambit\n|\n|upkeep\n|turn|5\n|\n|t:|1776600497\n|switch|p2b: Delphox|Delphox-Mega, L50, F|100/100\n|detailschange|p1a: Floette|Floette-Mega, L50, F\n|-mega|p1a: Floette|Floette|Floettite\n|-ability|p1a: Floette|Fairy Aura\n|move|p2a: Kingambit|Sucker Punch|p1b: Kingambit\n|-resisted|p1b: Kingambit|1\n|-damage|p1b: Kingambit|0 fnt\n|faint|p1b: Kingambit\n|move|p1a: Floette|Dazzling Gleam|p2b: Delphox|[spread] p2a,p2b\n|-resisted|p2b: Delphox|1\n|-damage|p2a: Kingambit|54/100\n|-damage|p2b: Delphox|77/100\n|\n|upkeep\n|\n|t:|1776600508\n|switch|p1b: Basculegion|Basculegion, L50, M|48/100\n|turn|6\n|\n|t:|1776600517\n|move|p2b: Delphox|Protect|p2b: Delphox\n|-singleturn|p2b: Delphox|Protect\n|move|p2a: Kingambit|Protect|p2a: Kingambit\n|-singleturn|p2a: Kingambit|Protect\n|move|p1b: Basculegion|Aqua Jet|p2b: Delphox\n|-activate|p2b: Delphox|move: Protect\n|move|p1a: Floette|Dazzling Gleam|p2a: Kingambit|[spread] \n|-activate|p2a: Kingambit|move: Protect\n|-activate|p2b: Delphox|move: Protect\n|\n|upkeep\n|turn|7\n|inactive|kakkoiiwwwwww has 30 seconds left.\n|\n|t:|1776600545\n|move|p1b: Basculegion|Aqua Jet|p2b: Delphox\n|-supereffective|p2b: Delphox|1\n|-damage|p2b: Delphox|18/100\n|move|p2b: Delphox|Encore|p1a: Floette\n|-start|p1a: Floette|Encore\n|move|p1a: Floette|Dazzling Gleam|p2a: Kingambit|[spread] p2a,p2b\n|-resisted|p2b: Delphox|1\n|-damage|p2a: Kingambit|11/100\n|-damage|p2b: Delphox|0 fnt\n|faint|p2b: Delphox\n|move|p2a: Kingambit|Kowtow Cleave|p1b: Basculegion\n|-supereffective|p1b: Basculegion|1\n|-damage|p1b: Basculegion|0 fnt\n|faint|p1b: Basculegion\n|\n|upkeep\n|\n|t:|1776600558\n|switch|p2b: Basculegion|Basculegion, L50, M|16/100\n|turn|8\n|\n|t:|1776600564\n|move|p2a: Kingambit|Sucker Punch|p1a: Floette\n|-resisted|p1a: Floette|1\n|-damage|p1a: Floette|77/100\n|move|p2b: Basculegion|Last Respects|p1a: Floette\n|-damage|p1a: Floette|0 fnt\n|faint|p1a: Floette\n|\n|win|test123vgc456\n|raw|kakkoiiwwwwww's rating: 1220 &rarr; <strong>1201</strong><br />(-19 for losing)\n|raw|test123vgc456's rating: 1311 &rarr; <strong>1326</strong><br />(+15 for winning)\n|l|\u2606kakkoiiwwwwww\n|player|p1|\n",
  "uploadtime": 1776600572,
  "views": 12,
  "formatid": "gen9championsvgc2026regma",
  "rating": 1201,
  "private": 0,
  "password": null
}