{
  "id": "gen9championsvgc2026regma-2589414125",
  "format": "[Gen 9 Champions] VGC 2026 Reg M-A",
  "players": [
    "FlyingHirschGG",
    "bigearlington"
  ],
  "log": "|j|\u2606FlyingHirschGG\n|j|\u2606bigearlington\n|t:|1776720965\n|gametype|doubles\n|player|p1|FlyingHirschGG|miku-water|1264\n|player|p2|bigearlington|265|1274\n|gen|9\n|tier|[Gen 9 Champions] VGC 2026 Reg M-A\n|rated|\n|rule|Species Clause: Limit one of each Pok\u00e9mon\n|rule|Item Clause: Limit 1 of each item\n|clearpoke\n|poke|p1|Bellibolt, L50, F, shiny|\n|poke|p1|Krookodile, L50, F, shiny|\n|poke|p1|Torkoal, L50, F, shiny|\n|poke|p1|Delphox, L50, F, shiny|\n|poke|p1|Basculegion, L50, M, shiny|\n|poke|p1|Decidueye-Hisui, L50, M, shiny|\n|poke|p2|Scizor, L50, M|\n|poke|p2|Sneasler, L50, M|\n|poke|p2|Sinistcha, L50|\n|poke|p2|Tyranitar, L50, F|\n|poke|p2|Milotic, L50, F|\n|poke|p2|Rotom-Wash, L50|\n|teampreview|4\n|\n|t:|1776721019\n|teamsize|p1|4\n|teamsize|p2|4\n|start\n|switch|p1a: Delphox|Delphox, L50, F, shiny|100/100\n|switch|p1b: Decidueye|Decidueye-Hisui, L50, M, shiny|100/100\n|switch|p2a: Tyranitar|Tyranitar, L50, F|100/100\n|switch|p2b: Sneasler|Sneasler, L50, M|100/100\n|-weather|Sandstorm|[from] ability: Sand Stream|[of] p2a: Tyranitar\n|turn|1\n|\n|t:|1776721076\n|detailschange|p1a: Delphox|Delphox-Mega, L50, F, shiny\n|-mega|p1a: Delphox|Delphox|Delphoxite\n|move|p2b: Sneasler|Fake Out|p1b: Decidueye\n|-damage|p1b: Decidueye|82/100\n|move|p1a: Delphox|Substitute|p1a: Delphox\n|-start|p1a: Delphox|Substitute\n|-damage|p1a: Delphox|76/100\n|cant|p1b: Decidueye|flinch\n|move|p2a: Tyranitar|Ice Punch|p1b: Decidueye\n|-supereffective|p1b: Decidueye|1\n|-damage|p1b: Decidueye|2/100\n|\n|-weather|Sandstorm|[upkeep]\n|-damage|p2b: Sneasler|95/100|[from] Sandstorm\n|-damage|p1a: Delphox|70/100|[from] Sandstorm\n|-damage|p1b: Decidueye|0 fnt|[from] Sandstorm\n|faint|p1b: Decidueye\n|upkeep\n|\n|t:|1776721093\n|switch|p1b: Bellibolt|Bellibolt, L50, F, shiny|100/100\n|turn|2\n|\n|t:|1776721124\n|switch|p2b: Sinistcha|Sinistcha, L50|100/100\n|move|p1a: Delphox|Psychic|p2b: Sinistcha\n|-damage|p2b: Sinistcha|48/100\n|-enditem|p2b: Sinistcha|Sitrus Berry|[eat]\n|-heal|p2b: Sinistcha|72/100|[from] item: Sitrus Berry\n|move|p2a: Tyranitar|Rock Slide|p1b: Bellibolt|[spread] \n|-miss|p2a: Tyranitar|p1a: Delphox\n|-miss|p2a: Tyranitar|p1b: Bellibolt\n|move|p1b: Bellibolt|Muddy Water|p2a: Tyranitar|[spread] p2a,p2b\n|-supereffective|p2a: Tyranitar|1\n|-resisted|p2b: Sinistcha|1\n|-damage|p2a: Tyranitar|76/100\n|-damage|p2b: Sinistcha|61/100\n|-unboost|p2a: Tyranitar|accuracy|1\n|-unboost|p2b: Sinistcha|accuracy|1\n|\n|-weather|Sandstorm|[upkeep]\n|-damage|p1a: Delphox|65/100|[from] Sandstorm\n|-damage|p2b: Sinistcha|55/100|[from] Sandstorm\n|-damage|p1b: Bellibolt|94/100|[from] Sandstorm\n|upkeep\n|turn|3\n|\n|t:|1776721162\n|move|p2b: Sinistcha|Protect|p2b: Sinistcha\n|-singleturn|p2b: Sinistcha|Protect\n|move|p1a: Delphox|Heat Wave|p2a: Tyranitar|[spread] p2a\n|-activate|p2b: Sinistcha|move: Protect\n|-resisted|p2a: Tyranitar|1\n|-damage|p2a: Tyranitar|62/100\n|move|p2a: Tyranitar|Rock Slide|p1a: Delphox|[spread] p1a\n|-miss|p2a: Tyranitar|p1b: Bellibolt\n|-supereffective|p1a: Delphox|1\n|-end|p1a: Delphox|Substitute\n|move|p1b: Bellibolt|Muddy Water|p2b: Sinistcha|[spread] p2a\n|-activate|p2b: Sinistcha|move: Protect\n|-supereffective|p2a: Tyranitar|1\n|-damage|p2a: Tyranitar|40/100\n|-unboost|p2a: Tyranitar|accuracy|1\n|\n|-weather|Sandstorm|[upkeep]\n|-damage|p1a: Delphox|59/100|[from] Sandstorm\n|-damage|p2b: Sinistcha|49/100|[from] Sandstorm\n|-damage|p1b: Bellibolt|88/100|[from] Sandstorm\n|upkeep\n|turn|4\n|\n|t:|1776721205\n|switch|p2a: Rotom|Rotom-Wash, L50|100/100\n|move|p1a: Delphox|Protect|p1a: Delphox\n|-singleturn|p1a: Delphox|Protect\n|move|p1b: Bellibolt|Parabolic Charge|p2a: Rotom|[spread] p2a,p2b\n|-activate|p1a: Delphox|move: Protect\n|-resisted|p2b: Sinistcha|1\n|-damage|p2a: Rotom|75/100\n|-heal|p1b: Bellibolt|96/100|[from] drain|[of] p2a: Rotom\n|-damage|p2b: Sinistcha|39/100\n|-heal|p1b: Bellibolt|100/100|[from] drain|[of] p2b: Sinistcha\n|move|p2b: Sinistcha|Trick Room|p2b: Sinistcha\n|-fieldstart|move: Trick Room|[of] p2b: Sinistcha\n|\n|-weather|Sandstorm|[upkeep]\n|-damage|p1b: Bellibolt|94/100|[from] Sandstorm\n|-damage|p2b: Sinistcha|33/100|[from] Sandstorm\n|-damage|p1a: Delphox|53/100|[from] Sandstorm\n|-damage|p2a: Rotom|69/100|[from] Sandstorm\n|upkeep\n|turn|5\n|\n|t:|1776721259\n|switch|p1a: Torkoal|Torkoal, L50, F, shiny|100/100\n|-weather|SunnyDay|[from] ability: Drought|[of] p1a: Torkoal\n|move|p2b: Sinistcha|Protect|p2b: Sinistcha\n|-singleturn|p2b: Sinistcha|Protect\n|move|p1b: Bellibolt|Thunderbolt|p2a: Rotom\n|-damage|p2a: Rotom|16/100\n|move|p2a: Rotom|Hydro Pump|p1a: Torkoal\n|-supereffective|p1a: Torkoal|1\n|-damage|p1a: Torkoal|53/100\n|\n|-weather|SunnyDay|[upkeep]\n|upkeep\n|turn|6\n|\n|t:|1776721318\n|switch|p2a: Tyranitar|Tyranitar, L50, F|40/100\n|-weather|Sandstorm|[from] ability: Sand Stream|[of] p2a: Tyranitar\n|move|p2b: Sinistcha|Protect|p2b: Sinistcha\n|-singleturn|p2b: Sinistcha|Protect\n|move|p1a: Torkoal|Overheat|p2b: Sinistcha\n|-activate|p2b: Sinistcha|move: Protect\n|move|p1b: Bellibolt|Muddy Water|p2a: Tyranitar|[spread] p2a\n|-activate|p2b: Sinistcha|move: Protect\n|-supereffective|p2a: Tyranitar|1\n|-damage|p2a: Tyranitar|18/100\n|\n|-weather|Sandstorm|[upkeep]\n|-damage|p1a: Torkoal|47/100|[from] Sandstorm\n|-damage|p1b: Bellibolt|88/100|[from] Sandstorm\n|-damage|p2b: Sinistcha|26/100|[from] Sandstorm\n|-enditem|p1a: Torkoal|Sitrus Berry|[eat]\n|-heal|p1a: Torkoal|72/100|[from] item: Sitrus Berry\n|upkeep\n|turn|7\n|\n|t:|1776721348\n|move|p2b: Sinistcha|Rage Powder|p2b: Sinistcha\n|-singleturn|p2b: Sinistcha|move: Rage Powder\n|move|p1a: Torkoal|Overheat|p2b: Sinistcha|[miss]\n|-miss|p1a: Torkoal|p2b: Sinistcha\n|move|p1b: Bellibolt|Muddy Water|p2a: Tyranitar|[spread] p2a,p2b\n|-supereffective|p2a: Tyranitar|1\n|-resisted|p2b: Sinistcha|1\n|-damage|p2a: Tyranitar|0 fnt\n|-damage|p2b: Sinistcha|16/100\n|faint|p2a: Tyranitar\n|\n|-weather|Sandstorm|[upkeep]\n|-damage|p1a: Torkoal|65/100|[from] Sandstorm\n|-damage|p1b: Bellibolt|82/100|[from] Sandstorm\n|-damage|p2b: Sinistcha|10/100|[from] Sandstorm\n|upkeep\n|\n|t:|1776721370\n|switch|p2a: Sneasler|Sneasler, L50, M|95/100\n|turn|8\n|\n|t:|1776721382\n|move|p2a: Sneasler|Fake Out|p1b: Bellibolt\n|-damage|p1b: Bellibolt|71/100\n|-start|p1b: Bellibolt|Charge|Fake Out|[from] ability: Electromorphosis\n|move|p2b: Sinistcha|Rage Powder|p2b: Sinistcha\n|-singleturn|p2b: Sinistcha|move: Rage Powder\n|move|p1a: Torkoal|Yawn|p2b: Sinistcha\n|-start|p2b: Sinistcha|move: Yawn|[of] p1a: Torkoal\n|cant|p1b: Bellibolt|flinch\n|\n|-weather|Sandstorm|[upkeep]\n|-damage|p1a: Torkoal|59/100|[from] Sandstorm\n|-damage|p1b: Bellibolt|65/100|[from] Sandstorm\n|-damage|p2b: Sinistcha|4/100|[from] Sandstorm\n|-damage|p2a: Sneasler|89/100|[from] Sandstorm\n|-fieldend|move: Trick Room\n|upkeep\n|turn|9\n|\n|t:|1776721430\n|move|p1a: Torkoal|Helping Hand|p1b: Bellibolt\n|-singleturn|p1b: Bellibolt|Helping Hand|[of] p1a: Torkoal\n|move|p2b: Sinistcha|Rage Powder|p2b: Sinistcha\n|-singleturn|p2b: Sinistcha|move: Rage Powder\n|move|p2a: Sneasler|Close Combat|p1b: Bellibolt\n|-damage|p1b: Bellibolt|16/100\n|-unboost|p2a: Sneasler|def|1\n|-unboost|p2a: Sneasler|spd|1\n|-start|p1b: Bellibolt|Charge|Close Combat|[from] ability: Electromorphosis\n|-enditem|p2a: Sneasler|White Herb\n|-clearnegativeboost|p2a: Sneasler|[silent]\n|move|p1b: Bellibolt|Parabolic Charge|p2a: Sneasler|[spread] p1a,p2a,p2b\n|-resisted|p2b: Sinistcha|1\n|-damage|p1a: Torkoal|0 fnt\n|-heal|p1b: Bellibolt|40/100|[from] drain|[of] p1a: Torkoal\n|-damage|p2a: Sneasler|5/100\n|-heal|p1b: Bellibolt|71/100|[from] drain|[of] p2a: Sneasler\n|-damage|p2b: Sinistcha|0 fnt\n|-heal|p1b: Bellibolt|72/100|[from] drain|[of] p2b: Sinistcha\n|faint|p1a: Torkoal\n|faint|p2b: Sinistcha\n|-end|p1b: Bellibolt|Charge|[silent]\n|\n|-weather|Sandstorm|[upkeep]\n|-damage|p2a: Sneasler|0 fnt|[from] Sandstorm\n|-damage|p1b: Bellibolt|66/100|[from] Sandstorm\n|faint|p2a: Sneasler\n|upkeep\n|\n|t:|1776721453\n|switch|p2b: Rotom|Rotom-Wash, L50|16/100\n|switch|p1a: Delphox|Delphox-Mega, L50, F, shiny|53/100\n|turn|10\n|\n|t:|1776721461\n|move|p2b: Rotom|Hydro Pump|p1a: Delphox\n|-supereffective|p1a: Delphox|1\n|-damage|p1a: Delphox|0 fnt\n|faint|p1a: Delphox\n|move|p1b: Bellibolt|Thunderbolt|p2b: Rotom\n|-damage|p2b: Rotom|0 fnt\n|faint|p2b: Rotom\n|\n|win|FlyingHirschGG\n|raw|FlyingHirschGG's rating: 1264 &rarr; <strong>1290</strong><br />(+26 for winning)\n|raw|bigearlington's rating: 1274 &rarr; <strong>1248</strong><br />(-26 for losing)\n",
  "uploadtime": 1776721461,
  "views": 7,
  "formatid": "gen9championsvgc2026regma",
  "rating": 1248,
  "private": 0,
  "password": null
}