{
  "id": "gen9championsvgc2026regma-2587127678",
  "format": "[Gen 9 Champions] VGC 2026 Reg M-A",
  "players": [
    "mu11731",
    "Fxenchy"
  ],
  "log": "|j|\u2606mu11731\n|j|\u2606Fxenchy\n|t:|1776497369\n|gametype|doubles\n|player|p1|mu11731|medium|1097\n|player|p2|Fxenchy|red|1063\n|gen|9\n|tier|[Gen 9 Champions] VGC 2026 Reg M-A\n|rated|\n|rule|Species Clause: Limit one of each Pok\u00e9mon\n|rule|Item Clause: Limit 1 of each item\n|clearpoke\n|poke|p1|Abomasnow, L50, M|\n|poke|p1|Whimsicott, L50, M|\n|poke|p1|Klefki, L50, M|\n|poke|p1|Greninja, L50, F|\n|poke|p1|Ditto, L50|\n|poke|p1|Araquanid, L50, F|\n|poke|p2|Pinsir, L50, F|\n|poke|p2|Tinkaton, L50, F|\n|poke|p2|Whimsicott, L50, F|\n|poke|p2|Rotom-Wash, L50|\n|poke|p2|Tyranitar, L50, F|\n|poke|p2|Aegislash, L50, F|\n|teampreview|4\n|inactive|Battle timer is ON: inactive players will automatically lose when time's up. (requested by Fxenchy)\n|inactive|mu11731 also wants the timer to be on.\n|\n|t:|1776497394\n|teamsize|p1|4\n|teamsize|p2|4\n|start\n|switch|p1a: Klefki|Klefki, L50, M|100/100\n|switch|p1b: Araquanid|Araquanid, L50, F|100/100\n|switch|p2a: Pinsir|Pinsir, L50, F|100/100\n|switch|p2b: Whimsicott|Whimsicott, L50, F|100/100\n|turn|1\n|\n|t:|1776497416\n|detailschange|p2a: Pinsir|Pinsir-Mega, L50, F\n|-mega|p2a: Pinsir|Pinsir|Pinsirite\n|move|p2b: Whimsicott|Tailwind|p2b: Whimsicott\n|-sidestart|p2: Fxenchy|move: Tailwind\n|move|p1a: Klefki|Switcheroo|p2b: Whimsicott\n|-activate|p1a: Klefki|move: Trick|[of] p2b: Whimsicott\n|-item|p2b: Whimsicott|Choice Scarf|[from] move: Switcheroo\n|-item|p1a: Klefki|Mental Herb|[from] move: Switcheroo\n|move|p2a: Pinsir|Body Slam|p1b: Araquanid\n|-supereffective|p1b: Araquanid|1\n|-damage|p1b: Araquanid|0 fnt\n|faint|p1b: Araquanid\n|\n|upkeep\n|\n|t:|1776497431\n|switch|p1b: Whimsicott|Whimsicott, L50, M|100/100\n|turn|2\n|\n|t:|1776497445\n|switch|p2b: Rotom|Rotom-Wash, L50|100/100\n|move|p1b: Whimsicott|Tailwind|p1b: Whimsicott\n|-sidestart|p1: mu11731|move: Tailwind\n|move|p1a: Klefki|Thunder Wave|p2a: Pinsir\n|-status|p2a: Pinsir|par\n|move|p2a: Pinsir|Body Slam|p1b: Whimsicott\n|-supereffective|p1b: Whimsicott|1\n|-damage|p1b: Whimsicott|0 fnt\n|faint|p1b: Whimsicott\n|\n|upkeep\n|\n|t:|1776497453\n|switch|p1b: Greninja|Greninja, L50, F|100/100\n|turn|3\n|\n|t:|1776497464\n|move|p1a: Klefki|Sandstorm|p1a: Klefki\n|-weather|Sandstorm\n|move|p1b: Greninja|Weather Ball|p2a: Pinsir\n|-start|p1b: Greninja|typechange|Rock|[from] ability: Protean\n|-supereffective|p2a: Pinsir|2\n|-damage|p2a: Pinsir|0 fnt\n|faint|p2a: Pinsir\n|move|p2b: Rotom|Thunder|p1b: Greninja|[miss]\n|-miss|p2b: Rotom|p1b: Greninja\n|\n|-weather|Sandstorm|[upkeep]\n|-damage|p2b: Rotom|95/100|[from] Sandstorm\n|upkeep\n|\n|t:|1776497478\n|switch|p2a: Whimsicott|Whimsicott, L50, F|100/100\n|turn|4\n|\n|t:|1776497502\n|detailschange|p1b: Greninja|Greninja-Mega, L50, F\n|-mega|p1b: Greninja|Greninja|Greninjite\n|move|p2a: Whimsicott|Encore|p1a: Klefki\n|-start|p1a: Klefki|Encore\n|-enditem|p1a: Klefki|Mental Herb\n|-end|p1a: Klefki|Encore\n|move|p1a: Klefki|Switcheroo|p2b: Rotom\n|-activate|p1a: Klefki|move: Trick|[of] p2b: Rotom\n|-enditem|p2b: Rotom|Sitrus Berry|[silent]|[from] move: Switcheroo\n|-item|p1a: Klefki|Sitrus Berry|[from] move: Switcheroo\n|move|p1b: Greninja|Substitute|p1b: Greninja\n|-start|p1b: Greninja|typechange|Normal|[from] ability: Protean\n|-start|p1b: Greninja|Substitute\n|-damage|p1b: Greninja|76/100\n|move|p2b: Rotom|Hydro Pump|p1b: Greninja\n|-end|p1b: Greninja|Substitute\n|\n|-weather|Sandstorm|[upkeep]\n|-damage|p2a: Whimsicott|95/100|[from] Sandstorm\n|-damage|p1b: Greninja|70/100|[from] Sandstorm\n|-damage|p2b: Rotom|89/100|[from] Sandstorm\n|-sideend|p2: Fxenchy|move: Tailwind\n|upkeep\n|turn|5\n|inactive|mu11731 has 30 seconds left.\n|inactive|Fxenchy has 30 seconds left.\n|\n|t:|1776497528\n|move|p2a: Whimsicott|Encore|p1a: Klefki\n|-start|p1a: Klefki|Encore\n|move|p1a: Klefki|Switcheroo|p2b: Rotom\n|-activate|p1a: Klefki|move: Trick|[of] p2b: Rotom\n|-item|p2b: Rotom|Sitrus Berry|[from] move: Switcheroo\n|-enditem|p1a: Klefki|Sitrus Berry|[silent]|[from] move: Switcheroo\n|move|p1b: Greninja|Weather Ball|p2b: Rotom\n|-damage|p2b: Rotom|51/100\n|move|p2b: Rotom|Will-O-Wisp|p1b: Greninja|[miss]\n|-miss|p2b: Rotom|p1b: Greninja\n|\n|-weather|Sandstorm|[upkeep]\n|-damage|p1b: Greninja|64/100|[from] Sandstorm\n|-damage|p2a: Whimsicott|89/100|[from] Sandstorm\n|-damage|p2b: Rotom|46/100|[from] Sandstorm\n|-enditem|p2b: Rotom|Sitrus Berry|[eat]\n|-heal|p2b: Rotom|71/100|[from] item: Sitrus Berry\n|-sideend|p1: mu11731|move: Tailwind\n|upkeep\n|turn|6\n|\n|t:|1776497547\n|move|p2a: Whimsicott|Encore|p1b: Greninja\n|-start|p1b: Greninja|Encore\n|move|p1a: Klefki|Switcheroo|p2a: Whimsicott\n|-activate|p1a: Klefki|move: Trick|[of] p2a: Whimsicott\n|-enditem|p2a: Whimsicott|Choice Scarf|[silent]|[from] move: Switcheroo\n|-item|p1a: Klefki|Choice Scarf|[from] move: Switcheroo\n|move|p1b: Greninja|Weather Ball|p2b: Rotom\n|-damage|p2b: Rotom|32/100\n|move|p2b: Rotom|Will-O-Wisp|p1a: Klefki\n|-status|p1a: Klefki|brn\n|\n|-weather|Sandstorm|[upkeep]\n|-damage|p1b: Greninja|58/100|[from] Sandstorm\n|-damage|p2a: Whimsicott|83/100|[from] Sandstorm\n|-damage|p2b: Rotom|26/100|[from] Sandstorm\n|-damage|p1a: Klefki|94/100 brn|[from] brn\n|upkeep\n|turn|7\n|\n|t:|1776497563\n|move|p2b: Rotom|Protect|p2b: Rotom\n|-singleturn|p2b: Rotom|Protect\n|move|p2a: Whimsicott|Tailwind|p2a: Whimsicott\n|-sidestart|p2: Fxenchy|move: Tailwind\n|move|p1a: Klefki|Switcheroo|p2a: Whimsicott\n|-activate|p1a: Klefki|move: Trick|[of] p2a: Whimsicott\n|-item|p2a: Whimsicott|Choice Scarf|[from] move: Switcheroo\n|-enditem|p1a: Klefki|Choice Scarf|[silent]|[from] move: Switcheroo\n|move|p1b: Greninja|Weather Ball|p2b: Rotom\n|-activate|p2b: Rotom|move: Protect\n|\n|-weather|none\n|-damage|p1a: Klefki|88/100 brn|[from] brn\n|-end|p1a: Klefki|Encore\n|upkeep\n|turn|8\n|\n|t:|1776497581\n|switch|p2b: Tinkaton|Tinkaton, L50, F|100/100\n|-ability|p2b: Tinkaton|Mold Breaker\n|move|p2a: Whimsicott|Encore|p1a: Klefki\n|-start|p1a: Klefki|Encore\n|move|p1a: Klefki|Switcheroo|p2b: Tinkaton\n|-activate|p1a: Klefki|move: Trick|[of] p2b: Tinkaton\n|-enditem|p2b: Tinkaton|Focus Sash|[silent]|[from] move: Switcheroo\n|-item|p1a: Klefki|Focus Sash|[from] move: Switcheroo\n|move|p1b: Greninja|Weather Ball|p2b: Tinkaton\n|-resisted|p2b: Tinkaton|1\n|-damage|p2b: Tinkaton|90/100\n|\n|-damage|p1a: Klefki|82/100 brn|[from] brn\n|-end|p1b: Greninja|Encore\n|upkeep\n|turn|9\n|-message|mu11731 forfeited.\n|\n|win|Fxenchy\n|raw|mu11731's rating: 1097 &rarr; <strong>1070</strong><br />(-27 for losing)\n|raw|Fxenchy's rating: 1063 &rarr; <strong>1097</strong><br />(+34 for winning)\n|l|\u2606mu11731\n|player|p1|\n",
  "uploadtime": 1776497607,
  "views": 19,
  "formatid": "gen9championsvgc2026regma",
  "rating": 1070,
  "private": 0,
  "password": null
}