{
  "id": "gen9championsvgc2026regma-2581910495",
  "format": "[Gen 9 Champions] VGC 2026 Reg M-A",
  "players": [
    "malamarie",
    "BigRoflet"
  ],
  "log": "|j|\u2606malamarie\n|j|\u203dBigRoflet\n|t:|1776038949\n|gametype|doubles\n|player|p1|malamarie|dahlia|1040\n|player|p2|BigRoflet|harlequin|1083\n|gen|9\n|tier|[Gen 9 Champions] VGC 2026 Reg M-A\n|rated|\n|rule|Species Clause: Limit one of each Pok\u00e9mon\n|rule|Item Clause: Limit 1 of each item\n|clearpoke\n|poke|p1|Victreebel, L50, F|\n|poke|p1|Scizor, L50, F|\n|poke|p1|Rotom-Wash, L50|\n|poke|p1|Ninetales-Alola, L50, F|\n|poke|p1|Tyranitar, L50, M|\n|poke|p1|Garchomp, L50, F|\n|poke|p2|Whimsicott, L50, F|\n|poke|p2|Sneasler, L50, M|\n|poke|p2|Feraligatr, L50, F|\n|poke|p2|Maushold-Four, L50|\n|poke|p2|Aerodactyl, L50, M|\n|poke|p2|Incineroar, L50, F|\n|teampreview|4\n|inactive|Battle timer is ON: inactive players will automatically lose when time's up. (requested by malamarie)\n|\n|t:|1776038970\n|teamsize|p1|4\n|teamsize|p2|4\n|start\n|switch|p1a: Scizor|Scizor, L50, F, shiny|100/100\n|switch|p1b: Rotom|Rotom-Wash, L50|100/100\n|switch|p2a: Whimsicott|Whimsicott, L50, F|100/100\n|switch|p2b: Incineroar|Incineroar, L50, F|100/100\n|-ability|p2b: Incineroar|Intimidate|boost\n|-unboost|p1a: Scizor|atk|1\n|-unboost|p1b: Rotom|atk|1\n|turn|1\n|inactive|malamarie has 30 seconds left.\n|inactive|BigRoflet has 30 seconds left.\n|\n|t:|1776038996\n|detailschange|p1a: Scizor|Scizor-Mega, L50, F, shiny\n|-mega|p1a: Scizor|Scizor|Scizorite\n|move|p2a: Whimsicott|Tailwind|p2a: Whimsicott\n|-sidestart|p2: BigRoflet|move: Tailwind\n|move|p2b: Incineroar|Parting Shot|p1b: Rotom\n|-unboost|p1b: Rotom|atk|1\n|-unboost|p1b: Rotom|spa|1\n|\n|t:|1776039009\n|switch|p2b: Aerodactyl|Aerodactyl, L50, M|100/100|[from] Parting Shot\n|move|p1b: Rotom|Thunder Wave|p2b: Aerodactyl\n|-status|p2b: Aerodactyl|par\n|move|p1a: Scizor|U-turn|p2a: Whimsicott\n|-damage|p2a: Whimsicott|70/100\n|\n|t:|1776039017\n|switch|p1a: Ninetales|Ninetales-Alola, L50, F|100/100|[from] U-turn\n|-weather|Snowscape|[from] ability: Snow Warning|[of] p1a: Ninetales\n|\n|-weather|Snowscape|[upkeep]\n|upkeep\n|turn|2\n|\n|t:|1776039033\n|move|p2a: Whimsicott|Helping Hand|p2b: Aerodactyl\n|-singleturn|p2b: Aerodactyl|Helping Hand|[of] p2a: Whimsicott\n|move|p2b: Aerodactyl|Rock Slide|p1a: Ninetales|[spread] p1a,p1b\n|-supereffective|p1a: Ninetales|1\n|-damage|p1a: Ninetales|22/100\n|-damage|p1b: Rotom|64/100\n|move|p1a: Ninetales|Aurora Veil|p1a: Ninetales\n|-sidestart|p1: malamarie|move: Aurora Veil\n|move|p1b: Rotom|Thunderbolt|p2b: Aerodactyl\n|-supereffective|p2b: Aerodactyl|1\n|-damage|p2b: Aerodactyl|36/100 par\n|\n|-weather|Snowscape|[upkeep]\n|-heal|p1b: Rotom|69/100|[from] item: Leftovers\n|upkeep\n|turn|3\n|\n|t:|1776039050\n|move|p1a: Ninetales|Protect|p1a: Ninetales\n|-singleturn|p1a: Ninetales|Protect\n|move|p2a: Whimsicott|Moonblast|p1b: Rotom\n|-damage|p1b: Rotom|53/100\n|move|p2b: Aerodactyl|Rock Slide|p1a: Ninetales|[spread] p1b\n|-activate|p1a: Ninetales|move: Protect\n|-damage|p1b: Rotom|37/100\n|move|p1b: Rotom|Volt Switch|p2b: Aerodactyl\n|-supereffective|p2b: Aerodactyl|1\n|-damage|p2b: Aerodactyl|0 fnt\n|faint|p2b: Aerodactyl\n|\n|t:|1776039064\n|switch|p1b: Scizor|Scizor-Mega, L50, F, shiny|100/100|[from] Volt Switch\n|\n|-weather|Snowscape|[upkeep]\n|upkeep\n|\n|t:|1776039070\n|switch|p2b: Incineroar|Incineroar, L50, F|100/100\n|-ability|p2b: Incineroar|Intimidate|boost\n|-unboost|p1a: Ninetales|atk|1\n|-unboost|p1b: Scizor|atk|1\n|turn|4\n|\n|t:|1776039083\n|switch|p1b: Rotom|Rotom-Wash, L50|37/100\n|move|p2b: Incineroar|Fake Out|p1b: Rotom\n|-damage|p1b: Rotom|29/100\n|move|p2a: Whimsicott|Moonblast|p1a: Ninetales\n|-damage|p1a: Ninetales|0 fnt\n|faint|p1a: Ninetales\n|\n|-weather|Snowscape|[upkeep]\n|-heal|p1b: Rotom|35/100|[from] item: Leftovers\n|-sideend|p2: BigRoflet|move: Tailwind\n|upkeep\n|\n|t:|1776039094\n|switch|p1a: Scizor|Scizor-Mega, L50, F, shiny|100/100\n|turn|5\n|\n|t:|1776039117\n|move|p2a: Whimsicott|Tailwind|p2a: Whimsicott\n|-sidestart|p2: BigRoflet|move: Tailwind\n|move|p2b: Incineroar|Parting Shot|p1b: Rotom\n|-unboost|p1b: Rotom|atk|1\n|-unboost|p1b: Rotom|spa|1\n|\n|t:|1776039123\n|switch|p2b: Feraligatr|Feraligatr, L50, F|100/100|[from] Parting Shot\n|move|p1a: Scizor|Tailwind|p1a: Scizor\n|-sidestart|p1: malamarie|move: Tailwind\n|move|p1b: Rotom|Hydro Pump|p2b: Feraligatr|[miss]\n|-miss|p1b: Rotom|p2b: Feraligatr\n|\n|-weather|none\n|-heal|p1b: Rotom|41/100|[from] item: Leftovers\n|upkeep\n|turn|6\n|\n|t:|1776039142\n|switch|p2a: Incineroar|Incineroar, L50, F|100/100\n|-ability|p2a: Incineroar|Intimidate|boost\n|-unboost|p1a: Scizor|atk|1\n|-unboost|p1b: Rotom|atk|1\n|detailschange|p2b: Feraligatr|Feraligatr-Mega, L50, F\n|-mega|p2b: Feraligatr|Feraligatr|Feraligite\n|move|p1a: Scizor|Dual Wingbeat|p2a: Incineroar\n|-damage|p2a: Incineroar|87/100\n|-damage|p2a: Incineroar|73/100\n|-hitcount|p2a: Incineroar|2\n|move|p1b: Rotom|Thunderbolt|p2b: Feraligatr\n|-damage|p2b: Feraligatr|81/100\n|move|p2b: Feraligatr|Trailblaze|p1b: Rotom\n|-supereffective|p1b: Rotom|1\n|-crit|p1b: Rotom\n|-damage|p1b: Rotom|0 fnt\n|-boost|p2b: Feraligatr|spe|1\n|faint|p1b: Rotom\n|\n|-heal|p2a: Incineroar|79/100|[from] item: Leftovers\n|-sideend|p1: malamarie|move: Aurora Veil\n|upkeep\n|\n|t:|1776039157\n|switch|p1b: Victreebel|Victreebel, L50, F, shiny|100/100\n|turn|7\n|inactive|malamarie has 30 seconds left.\n|\n|t:|1776039188\n|move|p2b: Feraligatr|Double-Edge|p1b: Victreebel\n|-damage|p1b: Victreebel|0 fnt\n|faint|p1b: Victreebel\n|-damage|p2b: Feraligatr|50/100|[from] Recoil\n|move|p1a: Scizor|Dual Wingbeat|p2b: Feraligatr\n|-damage|p2b: Feraligatr|36/100\n|-damage|p2b: Feraligatr|21/100\n|-hitcount|p2b: Feraligatr|2\n|move|p2a: Incineroar|Flare Blitz|p1a: Scizor\n|-supereffective|p1a: Scizor|2\n|-damage|p1a: Scizor|0 fnt\n|faint|p1a: Scizor\n|-damage|p2a: Incineroar|52/100|[from] Recoil\n|\n|win|BigRoflet\n|raw|malamarie's rating: 1040 &rarr; <strong>1026</strong><br />(-14 for losing)\n|raw|BigRoflet's rating: 1083 &rarr; <strong>1107</strong><br />(+24 for winning)\n|l|\u2606malamarie\n|player|p1|\n",
  "uploadtime": 1776039204,
  "views": 29,
  "formatid": "gen9championsvgc2026regma",
  "rating": 1026,
  "private": 0,
  "password": null
}