{
  "id": "gen9championsvgc2026regma-2586223448",
  "format": "[Gen 9 Champions] VGC 2026 Reg M-A",
  "players": [
    "Iceisnice_44",
    "hazelGranger"
  ],
  "log": "|j|\u2606Iceisnice_44\n|j|\u2606hazelGranger\n|t:|1776414323\n|gametype|doubles\n|player|p1|Iceisnice_44|102|1164\n|player|p2|hazelGranger|169|1170\n|gen|9\n|tier|[Gen 9 Champions] VGC 2026 Reg M-A\n|rated|\n|rule|Species Clause: Limit one of each Pok\u00e9mon\n|rule|Item Clause: Limit 1 of each item\n|clearpoke\n|poke|p1|Gengar, L50, M|\n|poke|p1|Politoed, L50, F|\n|poke|p1|Incineroar, L50, F|\n|poke|p1|Archaludon, L50, F|\n|poke|p1|Dragonite, L50, F|\n|poke|p1|Basculegion, L50, M|\n|poke|p2|Chesnaught, L50, M|\n|poke|p2|Aerodactyl, L50, F|\n|poke|p2|Rotom-Wash, L50|\n|poke|p2|Garchomp, L50, F|\n|poke|p2|Kingambit, L50, F|\n|poke|p2|Hatterene, L50, F|\n|teampreview|4\n|\n|t:|1776414369\n|teamsize|p1|4\n|teamsize|p2|4\n|start\n|switch|p1a: Gengar|Gengar, L50, M|100/100\n|switch|p1b: Politoed|Politoed, L50, F|100/100\n|switch|p2a: Rotom|Rotom-Wash, L50|100/100\n|switch|p2b: Kingambit|Kingambit, L50, F|100/100\n|-weather|RainDance|[from] ability: Drizzle|[of] p1b: Politoed\n|turn|1\n|inactive|Battle timer is ON: inactive players will automatically lose when time's up. (requested by Iceisnice_44)\n|inactive|Iceisnice_44 has 60 seconds left.\n|inactive|hazelGranger has 60 seconds left.\n|\n|t:|1776414411\n|detailschange|p1a: Gengar|Gengar-Mega, L50, M\n|-mega|p1a: Gengar|Gengar|Gengarite\n|move|p1a: Gengar|Protect|p1a: Gengar\n|-singleturn|p1a: Gengar|Protect\n|move|p2a: Rotom|Trick|p1b: Politoed\n|-activate|p2a: Rotom|move: Trick|[of] p1b: Politoed\n|-item|p1b: Politoed|Choice Scarf|[from] move: Trick\n|-item|p2a: Rotom|Mental Herb|[from] move: Trick\n|move|p1b: Politoed|Perish Song|p1b: Politoed\n|-start|p1a: Gengar|perish3|[silent]\n|-start|p1b: Politoed|perish3|[silent]\n|-start|p2a: Rotom|perish3|[silent]\n|-start|p2b: Kingambit|perish3|[silent]\n|-fieldactivate|move: Perish Song\n|move|p2b: Kingambit|Iron Head|p1a: Gengar\n|-activate|p1a: Gengar|move: Protect\n|\n|-weather|RainDance|[upkeep]\n|-start|p1a: Gengar|perish3\n|-start|p2a: Rotom|perish3\n|-start|p1b: Politoed|perish3\n|-start|p2b: Kingambit|perish3\n|upkeep\n|turn|2\n|inactive|hazelGranger has 30 seconds left.\n|inactive|Iceisnice_44 has 30 seconds left.\n|\n|t:|1776414451\n|switch|p1b: Incineroar|Incineroar, L50, F|100/100\n|-ability|p1b: Incineroar|Intimidate|boost\n|-unboost|p2a: Rotom|atk|1\n|-unboost|p2b: Kingambit|atk|1\n|-ability|p2b: Kingambit|Defiant|boost\n|-boost|p2b: Kingambit|atk|2\n|move|p1a: Gengar|Protect||[still]\n|-fail|p1a: Gengar\n|move|p2b: Kingambit|Sucker Punch||[still]\n|-fail|p2b: Kingambit\n|move|p2a: Rotom|Volt Switch|p1a: Gengar\n|-damage|p1a: Gengar|68/100\n|\n|t:|1776414471\n|switch|p2a: Chesnaught|Chesnaught, L50, M|100/100|[from] Volt Switch\n|\n|-weather|RainDance|[upkeep]\n|-start|p1a: Gengar|perish2\n|-start|p2b: Kingambit|perish2\n|upkeep\n|turn|3\n|inactive|hazelGranger has 30 seconds left.\n|inactive|hazelGranger has 20 seconds left.\n|\n|t:|1776414507\n|detailschange|p2a: Chesnaught|Chesnaught-Mega, L50, M\n|-mega|p2a: Chesnaught|Chesnaught|Chesnaughtite\n|move|p1a: Gengar|Protect|p1a: Gengar\n|-singleturn|p1a: Gengar|Protect\n|move|p2a: Chesnaught|Spiky Shield|p2a: Chesnaught\n|-singleturn|p2a: Chesnaught|move: Protect\n|move|p1b: Incineroar|Fake Out|p2a: Chesnaught\n|-activate|p2a: Chesnaught|move: Protect\n|-damage|p1b: Incineroar|88/100|[from] Spiky Shield|[of] p2a: Chesnaught\n|move|p2b: Kingambit|Iron Head|p1b: Incineroar\n|-resisted|p1b: Incineroar|1\n|-damage|p1b: Incineroar|51/100\n|\n|-weather|RainDance|[upkeep]\n|-start|p1a: Gengar|perish1\n|-start|p2b: Kingambit|perish1\n|upkeep\n|turn|4\n|inactive|hazelGranger has 30 seconds left.\n|\n|t:|1776414536\n|switch|p1a: Archaludon|Archaludon, L50, F|100/100\n|move|p1b: Incineroar|Parting Shot|p2a: Chesnaught\n|-unboost|p2a: Chesnaught|atk|1\n|-unboost|p2a: Chesnaught|spa|1\n|\n|t:|1776414542\n|switch|p1b: Gengar|Gengar-Mega, L50, M|68/100|[from] Parting Shot\n|move|p2a: Chesnaught|Body Press|p1b: Gengar\n|-immune|p1b: Gengar\n|move|p2b: Kingambit|Iron Head|p1a: Archaludon\n|-resisted|p1a: Archaludon|1\n|-damage|p1a: Archaludon|76/100\n|-ability|p1a: Archaludon|Stamina|boost\n|-boost|p1a: Archaludon|def|1\n|\n|-weather|RainDance|[upkeep]\n|-heal|p1a: Archaludon|82/100|[from] item: Leftovers\n|-start|p2b: Kingambit|perish0\n|upkeep\n|faint|p2b: Kingambit\n|\n|t:|1776414559\n|switch|p2b: Hatterene|Hatterene, L50, F|100/100\n|turn|5\n|\n|t:|1776414567\n|move|p1b: Gengar|Perish Song|p1b: Gengar\n|-start|p1a: Archaludon|perish3|[silent]\n|-start|p1b: Gengar|perish3|[silent]\n|-start|p2a: Chesnaught|perish3|[silent]\n|-start|p2b: Hatterene|perish3|[silent]\n|-fieldactivate|move: Perish Song\n|move|p1a: Archaludon|Flash Cannon|p2b: Hatterene\n|-supereffective|p2b: Hatterene|1\n|-crit|p2b: Hatterene\n|-damage|p2b: Hatterene|0 fnt\n|faint|p2b: Hatterene\n|move|p2a: Chesnaught|Bulk Up|p2a: Chesnaught\n|-boost|p2a: Chesnaught|atk|1\n|-boost|p2a: Chesnaught|def|1\n|\n|-weather|none\n|-heal|p1a: Archaludon|88/100|[from] item: Leftovers\n|-start|p1b: Gengar|perish3\n|-start|p1a: Archaludon|perish3\n|-start|p2a: Chesnaught|perish3\n|upkeep\n|\n|t:|1776414581\n|switch|p2b: Rotom|Rotom-Wash, L50|100/100\n|turn|6\n|\n|t:|1776414603\n|switch|p1a: Incineroar|Incineroar, L50, F|51/100\n|-ability|p1a: Incineroar|Intimidate|boost\n|-unboost|p2a: Chesnaught|atk|1\n|-unboost|p2b: Rotom|atk|1\n|move|p1b: Gengar|Perish Song|p1b: Gengar\n|-start|p1a: Incineroar|perish3|[silent]\n|-start|p2b: Rotom|perish3|[silent]\n|-fieldactivate|move: Perish Song\n|move|p2b: Rotom|Hydro Pump|p1b: Gengar\n|-damage|p1b: Gengar|14/100\n|move|p2a: Chesnaught|Body Press|p1a: Incineroar\n|-supereffective|p1a: Incineroar|1\n|-damage|p1a: Incineroar|0 fnt\n|faint|p1a: Incineroar\n|\n|-start|p1b: Gengar|perish2\n|-start|p2b: Rotom|perish3\n|-start|p2a: Chesnaught|perish2\n|upkeep\n|\n|t:|1776414619\n|switch|p1a: Politoed|Politoed, L50, F|100/100\n|-weather|RainDance|[from] ability: Drizzle|[of] p1a: Politoed\n|turn|7\n|\n|t:|1776414634\n|move|p1b: Gengar|Protect|p1b: Gengar\n|-singleturn|p1b: Gengar|Protect\n|move|p1a: Politoed|Protect|p1a: Politoed\n|-singleturn|p1a: Politoed|Protect\n|move|p2b: Rotom|Thunderbolt|p1b: Gengar\n|-activate|p1b: Gengar|move: Protect\n|move|p2a: Chesnaught|Wood Hammer|p1a: Politoed\n|-activate|p1a: Politoed|move: Protect\n|\n|-weather|RainDance|[upkeep]\n|-start|p1b: Gengar|perish1\n|-start|p2b: Rotom|perish2\n|-start|p2a: Chesnaught|perish1\n|upkeep\n|turn|8\n|inactive|Iceisnice_44 has 30 seconds left.\n|\n|t:|1776414663\n|switch|p1a: Archaludon|Archaludon, L50, F|88/100\n|move|p1b: Gengar|Sludge Bomb|p2b: Rotom\n|-damage|p2b: Rotom|36/100\n|-status|p2b: Rotom|psn\n|move|p2b: Rotom|Thunderbolt|p1b: Gengar\n|-damage|p1b: Gengar|0 fnt\n|faint|p1b: Gengar\n|move|p2a: Chesnaught|Body Press|p1a: Archaludon\n|-supereffective|p1a: Archaludon|1\n|-damage|p1a: Archaludon|0 fnt\n|faint|p1a: Archaludon\n|\n|-weather|RainDance|[upkeep]\n|-damage|p2b: Rotom|23/100 psn|[from] psn\n|-start|p2b: Rotom|perish1\n|-start|p2a: Chesnaught|perish0\n|upkeep\n|faint|p2a: Chesnaught\n|\n|t:|1776414680\n|switch|p1a: Politoed|Politoed, L50, F|100/100\n|turn|9\n|\n|t:|1776414691\n|move|p1a: Politoed|Protect|p1a: Politoed\n|-singleturn|p1a: Politoed|Protect\n|move|p2b: Rotom|Thunderbolt|p1a: Politoed\n|-activate|p1a: Politoed|move: Protect\n|\n|-weather|RainDance|[upkeep]\n|-damage|p2b: Rotom|11/100 psn|[from] psn\n|-start|p2b: Rotom|perish0\n|faint|p2b: Rotom\n|\n|win|Iceisnice_44\n|raw|Iceisnice_44's rating: 1164 &rarr; <strong>1189</strong><br />(+25 for winning)\n|raw|hazelGranger's rating: 1170 &rarr; <strong>1145</strong><br />(-25 for losing)\n",
  "uploadtime": 1776414700,
  "views": 19,
  "formatid": "gen9championsvgc2026regma",
  "rating": 1145,
  "private": 0,
  "password": null
}