{
  "id": "gen9championsvgc2026regma-2587858248",
  "format": "[Gen 9 Champions] VGC 2026 Reg M-A",
  "players": [
    "Spottedwoot",
    "moat_vgcf"
  ],
  "log": "|j|\u2606Spottedwoot\n|j|\u2606moat_vgcf\n|t:|1776571381\n|gametype|doubles\n|player|p1|Spottedwoot|102|1506\n|player|p2|moat_vgcf|palmer|1601\n|gen|9\n|tier|[Gen 9 Champions] VGC 2026 Reg M-A\n|rated|\n|rule|Species Clause: Limit one of each Pok\u00e9mon\n|rule|Item Clause: Limit 1 of each item\n|clearpoke\n|poke|p1|Gengar, L50, M|\n|poke|p1|Rotom-Wash, L50|\n|poke|p1|Incineroar, L50, F|\n|poke|p1|Sinistcha, L50|\n|poke|p1|Garchomp, L50, F|\n|poke|p1|Kingambit, L50, M|\n|poke|p2|Charizard, L50, M|\n|poke|p2|Sneasler, L50, F|\n|poke|p2|Kingambit, L50, F|\n|poke|p2|Garchomp, L50, F|\n|poke|p2|Incineroar, L50, F|\n|poke|p2|Aerodactyl, L50, M|\n|teampreview|4\n|j| dracomisses\n|\n|t:|1776571411\n|teamsize|p1|4\n|teamsize|p2|4\n|start\n|switch|p1a: Garchomp|Garchomp, L50, F|100/100\n|switch|p1b: Gengar|Gengar, L50, M|100/100\n|switch|p2a: Sneasler|Sneasler, L50, F|100/100\n|switch|p2b: Kingambit|Kingambit, L50, F|100/100\n|turn|1\n|\n|t:|1776571440\n|switch|p2a: Charizard|Charizard, L50, M|100/100\n|detailschange|p1b: Gengar|Gengar-Mega, L50, M\n|-mega|p1b: Gengar|Gengar|Gengarite\n|move|p1b: Gengar|Will-O-Wisp|p2b: Kingambit\n|-status|p2b: Kingambit|brn\n|move|p1a: Garchomp|Stomping Tantrum|p2a: Charizard\n|-immune|p2a: Charizard\n|move|p2b: Kingambit|Kowtow Cleave|p1b: Gengar\n|-supereffective|p1b: Gengar|1\n|-damage|p1b: Gengar|45/100\n|\n|-damage|p2b: Kingambit|95/100 brn|[from] brn\n|upkeep\n|turn|2\n|inactive|Battle timer is ON: inactive players will automatically lose when time's up. (requested by Spottedwoot)\n|\n|t:|1776571481\n|detailschange|p2a: Charizard|Charizard-Mega-Y, L50, M\n|-mega|p2a: Charizard|Charizard|Charizardite Y\n|-weather|SunnyDay|[from] ability: Drought|[of] p2a: Charizard\n|move|p1b: Gengar|Protect|p1b: Gengar\n|-singleturn|p1b: Gengar|Protect\n|move|p1a: Garchomp|Stomping Tantrum|p2b: Kingambit\n|-supereffective|p2b: Kingambit|1\n|-damage|p2b: Kingambit|0 fnt\n|faint|p2b: Kingambit\n|move|p2a: Charizard|Dragon Pulse|p1a: Garchomp\n|-supereffective|p1a: Garchomp|1\n|-damage|p1a: Garchomp|21/100\n|\n|-weather|SunnyDay|[upkeep]\n|upkeep\n|\n|t:|1776571501\n|switch|p2b: Sneasler|Sneasler, L50, F|100/100\n|turn|3\n|\n|t:|1776571512\n|move|p1a: Garchomp|Protect|p1a: Garchomp\n|-singleturn|p1a: Garchomp|Protect\n|move|p1b: Gengar|Shadow Ball|p2b: Sneasler\n|-damage|p2b: Sneasler|36/100\n|move|p2b: Sneasler|Close Combat|p1a: Garchomp\n|-activate|p1a: Garchomp|move: Protect\n|move|p2a: Charizard|Heat Wave|p1b: Gengar|[spread] p1b\n|-activate|p1a: Garchomp|move: Protect\n|-damage|p1b: Gengar|0 fnt\n|faint|p1b: Gengar\n|\n|-weather|SunnyDay|[upkeep]\n|upkeep\n|\n|t:|1776571519\n|switch|p1b: Kingambit|Kingambit, L50, M|100/100\n|turn|4\n|j| LebronsMask\n|inactive|moat_vgcf has 30 seconds left.\n|\n|t:|1776571552\n|move|p1b: Kingambit|Sucker Punch|p2b: Sneasler\n|-resisted|p2b: Sneasler|1\n|-damage|p2b: Sneasler|0 fnt\n|faint|p2b: Sneasler\n|move|p1a: Garchomp|Rock Slide|p2a: Charizard|[miss]\n|-miss|p1a: Garchomp|p2a: Charizard\n|move|p2a: Charizard|Heat Wave|p1a: Garchomp|[spread] p1a,p1b\n|-resisted|p1a: Garchomp|1\n|-supereffective|p1b: Kingambit|1\n|-damage|p1a: Garchomp|0 fnt\n|-damage|p1b: Kingambit|0 fnt\n|faint|p1a: Garchomp\n|faint|p1b: Kingambit\n|\n|-weather|SunnyDay|[upkeep]\n|upkeep\n|\n|t:|1776571561\n|switch|p2b: Garchomp|Garchomp, L50, F|100/100\n|switch|p1b: Rotom|Rotom-Wash, L50|100/100\n|turn|5\n|-message|Spottedwoot forfeited.\n|\n|win|moat_vgcf\n|raw|Spottedwoot's rating: 1506 &rarr; <strong>1491</strong><br />(-15 for losing)\n|raw|moat_vgcf's rating: 1601 &rarr; <strong>1616</strong><br />(+15 for winning)\n|l|\u2606Spottedwoot\n|player|p1|\n|l|\u2606moat_vgcf\n|player|p2|\n|l| LebronsMask\n|j| LebronsMask\n|l| LebronsMask\n",
  "uploadtime": 1776571568,
  "views": 15,
  "formatid": "gen9championsvgc2026regma",
  "rating": 1491,
  "private": 0,
  "password": null
}