{
  "id": "gen9championsvgc2026regma-2584328979",
  "format": "[Gen 9 Champions] VGC 2026 Reg M-A",
  "players": [
    "RuiRessha",
    "Hoogwerf"
  ],
  "log": "|j|\u2606RuiRessha\n|j|\u2606Hoogwerf\n|t:|1776251801\n|gametype|doubles\n|player|p1|RuiRessha|266|1000\n|player|p2|Hoogwerf|266|1023\n|gen|9\n|tier|[Gen 9 Champions] VGC 2026 Reg M-A\n|rated|\n|rule|Species Clause: Limit one of each Pok\u00e9mon\n|rule|Item Clause: Limit 1 of each item\n|clearpoke\n|poke|p1|Pelipper, L50, F|\n|poke|p1|Archaludon, L50, F|\n|poke|p1|Meganium, L50, M|\n|poke|p1|Basculegion, L50, M|\n|poke|p1|Sneasler, L50, M|\n|poke|p1|Rotom-Heat, L50|\n|poke|p2|Hawlucha, L50, M|\n|poke|p2|Kingambit, L50, M|\n|poke|p2|Garganacl, L50, M|\n|poke|p2|Vanilluxe, L50, M|\n|poke|p2|Snorlax, L50, M|\n|poke|p2|Steelix, L50, M|\n|teampreview|4\n|inactive|Battle timer is ON: inactive players will automatically lose when time's up. (requested by RuiRessha)\n|\n|t:|1776251814\n|teamsize|p1|4\n|teamsize|p2|4\n|start\n|switch|p1a: Archaludon|Archaludon, L50, F|100/100\n|switch|p1b: Pelipper|Pelipper, L50, F|100/100\n|switch|p2a: Hawlucha|Hawlucha, L50, M|100/100\n|switch|p2b: Steelix|Steelix, L50, M|100/100\n|turn|1\n|inactive|RuiRessha has 30 seconds left.\n|inactive|RuiRessha has 20 seconds left.\n|inactive|RuiRessha has 15 seconds left.\n|inactive|RuiRessha has 10 seconds left.\n|-activate|p2b: Steelix|item: Quick Claw\n|\n|t:|1776251862\n|switch|p1b: Meganium|Meganium, L50, M|100/100\n|detailschange|p2a: Hawlucha|Hawlucha-Mega, L50, M\n|-mega|p2a: Hawlucha|Hawlucha|Hawluchanite\n|move|p1a: Archaludon|Protect|p1a: Archaludon\n|-singleturn|p1a: Archaludon|Protect\n|move|p2b: Steelix|Fissure|p1a: Archaludon\n|-activate|p1a: Archaludon|move: Protect\n|move|p2a: Hawlucha|Entrainment|p2b: Steelix\n|-ability|p2b: Steelix|No Guard|Sturdy|[from] move: Entrainment|[of] p2a: Hawlucha\n|\n|upkeep\n|turn|2\n|inactive|Hoogwerf has 30 seconds left.\n|inactive|Hoogwerf has 20 seconds left.\n|inactive|Hoogwerf has 15 seconds left.\n|-activate|p2b: Steelix|item: Quick Claw\n|\n|t:|1776251907\n|switch|p1a: Pelipper|Pelipper, L50, F|100/100\n|detailschange|p1b: Meganium|Meganium-Mega, L50, M\n|-mega|p1b: Meganium|Meganium|Meganiumite\n|move|p1b: Meganium|Protect|p1b: Meganium\n|-singleturn|p1b: Meganium|Protect\n|move|p2b: Steelix|Fissure|p1a: Pelipper\n|-immune|p1a: Pelipper\n|move|p2a: Hawlucha|U-turn|p1b: Meganium\n|-activate|p1b: Meganium|move: Protect\n|\n|upkeep\n|turn|3\n|c|\u2606RuiRessha|ohhhh wrong ability woops\n|inactive|RuiRessha has 30 seconds left.\n|\n|t:|1776251933\n|move|p2a: Hawlucha|U-turn|p1a: Pelipper\n|-resisted|p1a: Pelipper|1\n|-damage|p1a: Pelipper|91/100\n|\n|t:|1776251937\n|switch|p2a: Vanilluxe|Vanilluxe, L50, M|100/100|[from] U-turn\n|-weather|Snowscape|[from] ability: Snow Warning|[of] p2a: Vanilluxe\n|move|p1b: Meganium|Weather Ball|p2b: Steelix\n|-supereffective|p2b: Steelix|1\n|-damage|p2b: Steelix|0 fnt\n|faint|p2b: Steelix\n|move|p1a: Pelipper|Hurricane|p2a: Vanilluxe\n|-damage|p2a: Vanilluxe|53/100\n|\n|-weather|Snowscape|[upkeep]\n|upkeep\n|\n|t:|1776251955\n|switch|p2b: Hawlucha|Hawlucha-Mega, L50, M|100/100\n|turn|4\n|\n|t:|1776251963\n|move|p1b: Meganium|Protect|p1b: Meganium\n|-singleturn|p1b: Meganium|Protect\n|move|p2b: Hawlucha|Entrainment|p2a: Vanilluxe\n|-ability|p2a: Vanilluxe|No Guard|Snow Warning|[from] move: Entrainment|[of] p2b: Hawlucha\n|move|p2a: Vanilluxe|Sheer Cold|p1a: Pelipper\n|-damage|p1a: Pelipper|0 fnt\n|faint|p1a: Pelipper\n|-ohko\n|\n|-weather|Snowscape|[upkeep]\n|upkeep\n|\n|t:|1776251975\n|switch|p1a: Archaludon|Archaludon, L50, F|100/100\n|turn|5\n|\n|t:|1776251984\n|move|p2b: Hawlucha|Close Combat|p1a: Archaludon\n|-supereffective|p1a: Archaludon|1\n|-damage|p1a: Archaludon|12/100\n|-unboost|p2b: Hawlucha|def|1\n|-unboost|p2b: Hawlucha|spd|1\n|-ability|p1a: Archaludon|Stamina|boost\n|-boost|p1a: Archaludon|def|1\n|move|p1b: Meganium|Weather Ball|p2a: Vanilluxe\n|-supereffective|p2a: Vanilluxe|1\n|-damage|p2a: Vanilluxe|0 fnt\n|faint|p2a: Vanilluxe\n|move|p1a: Archaludon|Electro Shot||[still]\n|-prepare|p1a: Archaludon|Electro Shot\n|-boost|p1a: Archaludon|spa|1\n|\n|-weather|Snowscape|[upkeep]\n|-heal|p1a: Archaludon|18/100|[from] item: Leftovers\n|upkeep\n|\n|t:|1776251998\n|switch|p2a: Garganacl|Garganacl, L50, M|100/100\n|turn|6\n|\n|t:|1776252010\n|move|p2b: Hawlucha|Entrainment|p2a: Garganacl\n|-ability|p2a: Garganacl|No Guard|Sturdy|[from] move: Entrainment|[of] p2b: Hawlucha\n|move|p1b: Meganium|Leaf Storm|p2a: Garganacl\n|-supereffective|p2a: Garganacl|1\n|-damage|p2a: Garganacl|0 fnt\n|-unboost|p1b: Meganium|spa|2\n|faint|p2a: Garganacl\n|move|p1a: Archaludon|Electro Shot|p2b: Hawlucha|[from] lockedmove\n|-supereffective|p2b: Hawlucha|1\n|-damage|p2b: Hawlucha|0 fnt\n|faint|p2b: Hawlucha\n|\n|win|RuiRessha\n|raw|RuiRessha's rating: 1000 &rarr; <strong>1043</strong><br />(+43 for winning)\n|raw|Hoogwerf's rating: 1023 &rarr; <strong>1009</strong><br />(-14 for losing)\n|c|\u2606RuiRessha|you are not wolfey bro\n|l|\u2606Hoogwerf\n|player|p2|\n",
  "uploadtime": 1776252032,
  "views": 27,
  "formatid": "gen9championsvgc2026regma",
  "rating": 1009,
  "private": 0,
  "password": null
}