{
  "id": "gen9championsvgc2026regma-2586040374",
  "format": "[Gen 9 Champions] VGC 2026 Reg M-A",
  "players": [
    "PeanutPen",
    "danielhart"
  ],
  "log": "|j|\u2606PeanutPen\n|j|\u2606danielhart\n|t:|1776392867\n|gametype|doubles\n|player|p1|PeanutPen|proton|1030\n|player|p2|danielhart|policeman-gen4|1035\n|gen|9\n|tier|[Gen 9 Champions] VGC 2026 Reg M-A\n|rated|\n|rule|Species Clause: Limit one of each Pok\u00e9mon\n|rule|Item Clause: Limit 1 of each item\n|clearpoke\n|poke|p1|Venusaur, L50, F|\n|poke|p1|Torkoal, L50, F|\n|poke|p1|Luxray, L50, F|\n|poke|p1|Charizard, L50, M|\n|poke|p1|Sinistcha, L50|\n|poke|p1|Milotic, L50, F|\n|poke|p2|Sylveon, L50, F|\n|poke|p2|Espathra, L50, M|\n|poke|p2|Skarmory, L50, M|\n|poke|p2|Dragapult, L50, F|\n|poke|p2|Milotic, L50, F|\n|poke|p2|Whimsicott, L50, F|\n|teampreview|4\n|\n|t:|1776392882\n|teamsize|p1|4\n|teamsize|p2|4\n|start\n|switch|p1a: Torkoal|Torkoal, L50, F|100/100\n|switch|p1b: Luxray|Luxray, L50, F|100/100\n|switch|p2a: Whimsicott|Whimsicott, L50, F|100/100\n|switch|p2b: Milotic|Milotic, L50, F|100/100\n|-ability|p1b: Luxray|Intimidate|boost\n|-unboost|p2a: Whimsicott|atk|1\n|-unboost|p2b: Milotic|atk|1\n|-ability|p2b: Milotic|Competitive|boost\n|-boost|p2b: Milotic|spa|2\n|-weather|SunnyDay|[from] ability: Drought|[of] p1a: Torkoal\n|turn|1\n|\n|t:|1776392905\n|switch|p1a: Venusaur|Venusaur, L50, F, shiny|100/100\n|move|p2b: Milotic|Protect|p2b: Milotic\n|-singleturn|p2b: Milotic|Protect\n|move|p2a: Whimsicott|Tailwind|p2a: Whimsicott\n|-sidestart|p2: danielhart|move: Tailwind\n|move|p1b: Luxray|Volt Switch|p2b: Milotic\n|-activate|p2b: Milotic|move: Protect\n|\n|-weather|SunnyDay|[upkeep]\n|upkeep\n|turn|2\n|inactive|Battle timer is ON: inactive players will automatically lose when time's up. (requested by PeanutPen)\n|\n|t:|1776392943\n|move|p2a: Whimsicott|Dazzling Gleam|p1b: Luxray|[spread] p1a,p1b\n|-resisted|p1a: Venusaur|1\n|-damage|p1a: Venusaur|88/100\n|-damage|p1b: Luxray|67/100\n|move|p1a: Venusaur|Giga Drain|p2b: Milotic\n|-supereffective|p2b: Milotic|1\n|-damage|p2b: Milotic|47/100\n|-heal|p1a: Venusaur|100/100|[from] drain|[of] p2b: Milotic\n|move|p2b: Milotic|Ice Beam|p1a: Venusaur\n|-supereffective|p1a: Venusaur|1\n|-damage|p1a: Venusaur|0 fnt\n|faint|p1a: Venusaur\n|move|p1b: Luxray|Light Screen|p1b: Luxray\n|-sidestart|p1: PeanutPen|move: Light Screen\n|\n|-weather|SunnyDay|[upkeep]\n|-heal|p2b: Milotic|53/100|[from] item: Leftovers\n|upkeep\n|\n|t:|1776392960\n|switch|p1a: Charizard|Charizard, L50, M|100/100\n|turn|3\n|inactive|PeanutPen has 30 seconds left.\n|\n|t:|1776392985\n|move|p2a: Whimsicott|Dazzling Gleam|p1a: Charizard|[spread] p1a,p1b\n|-resisted|p1a: Charizard|1\n|-damage|p1a: Charizard|91/100\n|-damage|p1b: Luxray|42/100\n|move|p2b: Milotic|Surf|p1a: Charizard|[spread] p2a,p1a,p1b\n|-resisted|p2a: Whimsicott|1\n|-supereffective|p1a: Charizard|1\n|-damage|p2a: Whimsicott|74/100\n|-damage|p1a: Charizard|37/100\n|-damage|p1b: Luxray|11/100\n|move|p1a: Charizard|Flare Blitz|p2a: Whimsicott\n|-supereffective|p2a: Whimsicott|1\n|-enditem|p2a: Whimsicott|Occa Berry|[eat]\n|-enditem|p2a: Whimsicott|Occa Berry|[weaken]\n|-damage|p2a: Whimsicott|0 fnt\n|faint|p2a: Whimsicott\n|-damage|p1a: Charizard|13/100|[from] Recoil\n|move|p1b: Luxray|Volt Switch|p2b: Milotic\n|-supereffective|p2b: Milotic|1\n|-damage|p2b: Milotic|11/100\n|\n|t:|1776392997\n|switch|p1b: Torkoal|Torkoal, L50, F|100/100|[from] Volt Switch\n|\n|-weather|SunnyDay|[upkeep]\n|-heal|p2b: Milotic|17/100|[from] item: Leftovers\n|upkeep\n|\n|t:|1776393009\n|switch|p2a: Dragapult|Dragapult, L50, F|100/100\n|turn|4\n|\n|t:|1776393021\n|move|p1b: Torkoal|Protect|p1b: Torkoal\n|-singleturn|p1b: Torkoal|Protect\n|move|p2a: Dragapult|Dragon Darts|p1a: Charizard\n|-damage|p1a: Charizard|0 fnt\n|faint|p1a: Charizard\n|move|p2b: Milotic|Alluring Voice|p1b: Torkoal\n|-activate|p1b: Torkoal|move: Protect\n|\n|-weather|SunnyDay|[upkeep]\n|-heal|p2b: Milotic|23/100|[from] item: Leftovers\n|-sideend|p2: danielhart|move: Tailwind\n|upkeep\n|\n|t:|1776393026\n|switch|p1a: Luxray|Luxray, L50, F|11/100\n|-ability|p1a: Luxray|Intimidate|boost\n|-fail|p2a: Dragapult|unboost|[from] ability: Clear Body|[of] p2a: Dragapult\n|-unboost|p2b: Milotic|atk|1\n|-ability|p2b: Milotic|Competitive|boost\n|-boost|p2b: Milotic|spa|2\n|turn|5\n|inactive|PeanutPen has 30 seconds left.\n|\n|t:|1776393054\n|move|p2a: Dragapult|Dragon Darts|p1a: Luxray\n|-damage|p1a: Luxray|0 fnt\n|-anim|p2a: Dragapult|Dragon Darts|p1b: Torkoal\n|-damage|p1b: Torkoal|87/100\n|faint|p1a: Luxray\n|move|p2b: Milotic|Alluring Voice|p1b: Torkoal\n|-resisted|p1b: Torkoal|1\n|-damage|p1b: Torkoal|51/100\n|move|p1b: Torkoal|Body Press|p2b: Milotic\n|-damage|p2b: Milotic|0 fnt\n|faint|p2b: Milotic\n|\n|-weather|none\n|upkeep\n|-message|PeanutPen forfeited.\n|\n|win|danielhart\n|raw|PeanutPen's rating: 1030 &rarr; <strong>1016</strong><br />(-14 for losing)\n|raw|danielhart's rating: 1035 &rarr; <strong>1069</strong><br />(+34 for winning)\n|l|\u2606PeanutPen\n|player|p1|\n",
  "uploadtime": 1776393065,
  "views": 17,
  "formatid": "gen9championsvgc2026regma",
  "rating": 1016,
  "private": 0,
  "password": null
}