{
  "id": "gen9championsvgc2026regma-2581296806",
  "format": "[Gen 9 Champions] VGC 2026 Reg M-A",
  "players": [
    "Adricrack2090",
    "avigdor"
  ],
  "log": "|j|\u2606Adricrack2090\n|j|\u2606avigdor\n|t:|1775982942\n|gametype|doubles\n|player|p1|Adricrack2090|bruno|1367\n|player|p2|avigdor|psychicf|1280\n|gen|9\n|tier|[Gen 9 Champions] VGC 2026 Reg M-A\n|rated|\n|rule|Species Clause: Limit one of each Pok\u00e9mon\n|rule|Item Clause: Limit 1 of each item\n|clearpoke\n|poke|p1|Charizard, L50, F|\n|poke|p1|Kingambit, L50, M|\n|poke|p1|Maushold-Four, L50|\n|poke|p1|Sneasler, L50, F|\n|poke|p1|Dragapult, L50, M|\n|poke|p1|Garchomp, L50, M|\n|poke|p2|Meganium, L50, M|\n|poke|p2|Pelipper, L50, M|\n|poke|p2|Sinistcha, L50|\n|poke|p2|Gallade, L50, M|\n|poke|p2|Basculegion, L50, M|\n|poke|p2|Archaludon, L50, F|\n|teampreview|4\n|inactive|Battle timer is ON: inactive players will automatically lose when time's up. (requested by avigdor)\n|inactive|Adricrack2090 has 60 seconds left.\n|j| gE1xjZRtuhW2DdT0AK\n|\n|t:|1775982989\n|teamsize|p1|4\n|teamsize|p2|4\n|start\n|switch|p1a: Sneasler|Sneasler, L50, F|100/100\n|switch|p1b: Kingambit|Kingambit, L50, M|100/100\n|switch|p2a: Giganium|Meganium, L50, M|100/100\n|switch|p2b: Matcha T. Latte|Sinistcha, L50|100/100\n|turn|1\n|inactive|avigdor has 30 seconds left.\n|\n|t:|1775983019\n|detailschange|p2a: Giganium|Meganium-Mega, L50, M\n|-mega|p2a: Giganium|Meganium|Meganiumite\n|move|p1a: Sneasler|Fake Out|p2a: Giganium\n|-damage|p2a: Giganium|88/100\n|move|p2b: Matcha T. Latte|Rage Powder|p2b: Matcha T. Latte\n|-singleturn|p2b: Matcha T. Latte|move: Rage Powder\n|cant|p2a: Giganium|flinch\n|move|p1b: Kingambit|Kowtow Cleave|p2b: Matcha T. Latte\n|-supereffective|p2b: Matcha T. Latte|1\n|-damage|p2b: Matcha T. Latte|8/100\n|-enditem|p2b: Matcha T. Latte|Sitrus Berry|[eat]\n|-heal|p2b: Matcha T. Latte|33/100|[from] item: Sitrus Berry\n|\n|upkeep\n|turn|2\n|\n|t:|1775983040\n|switch|p1b: Charizard|Charizard, L50, F|100/100\n|move|p2b: Matcha T. Latte|Rage Powder|p2b: Matcha T. Latte\n|-singleturn|p2b: Matcha T. Latte|move: Rage Powder\n|move|p1a: Sneasler|Dire Claw|p2b: Matcha T. Latte\n|-damage|p2b: Matcha T. Latte|0 fnt\n|faint|p2b: Matcha T. Latte\n|move|p2a: Giganium|Weather Ball|p1b: Charizard\n|-resisted|p1b: Charizard|1\n|-damage|p1b: Charizard|66/100\n|\n|upkeep\n|\n|t:|1775983054\n|switch|p2b: Ded fish D:|Basculegion, L50, M|100/100\n|turn|3\n|inactive|avigdor has 30 seconds left.\n|\n|t:|1775983081\n|move|p1b: Charizard|Protect|p1b: Charizard\n|-singleturn|p1b: Charizard|Protect\n|move|p2a: Giganium|Protect|p2a: Giganium\n|-singleturn|p2a: Giganium|Protect\n|move|p1a: Sneasler|Dire Claw|p2a: Giganium\n|-activate|p2a: Giganium|move: Protect\n|move|p2b: Ded fish D:|Wave Crash|p1a: Sneasler\n|-enditem|p1a: Sneasler|Focus Sash\n|-damage|p1a: Sneasler|1/100\n|-damage|p2b: Ded fish D:|75/100|[from] Recoil\n|\n|upkeep\n|turn|4\n|\n|t:|1775983102\n|switch|p2a: Fish n' Chips|Pelipper, L50, M|100/100\n|-weather|RainDance|[from] ability: Drizzle|[of] p2a: Fish n' Chips\n|detailschange|p1b: Charizard|Charizard-Mega-Y, L50, F\n|-mega|p1b: Charizard|Charizard|Charizardite Y\n|-weather|SunnyDay|[from] ability: Drought|[of] p1b: Charizard\n|move|p1a: Sneasler|Dire Claw|p2a: Fish n' Chips\n|-damage|p2a: Fish n' Chips|57/100\n|move|p1b: Charizard|Solar Beam||[still]\n|-prepare|p1b: Charizard|Solar Beam\n|-anim|p1b: Charizard|Solar Beam|p2b: Ded fish D:\n|-supereffective|p2b: Ded fish D:|1\n|-damage|p2b: Ded fish D:|0 fnt\n|faint|p2b: Ded fish D:\n|\n|-weather|SunnyDay|[upkeep]\n|upkeep\n|\n|t:|1775983116\n|switch|p2b: Giganium|Meganium-Mega, L50, M|88/100\n|turn|5\n|inactive|avigdor has 30 seconds left.\n|\n|t:|1775983151\n|move|p2b: Giganium|Protect|p2b: Giganium\n|-singleturn|p2b: Giganium|Protect\n|move|p1a: Sneasler|Dire Claw|p2b: Giganium\n|-activate|p2b: Giganium|move: Protect\n|move|p1b: Charizard|Solar Beam||[still]\n|-prepare|p1b: Charizard|Solar Beam\n|-anim|p1b: Charizard|Solar Beam|p2a: Fish n' Chips\n|-damage|p2a: Fish n' Chips|0 fnt\n|faint|p2a: Fish n' Chips\n|\n|-weather|SunnyDay|[upkeep]\n|upkeep\n|turn|6\n|\n|t:|1775983168\n|move|p1a: Sneasler|Dire Claw|p2b: Giganium\n|-supereffective|p2b: Giganium|2\n|-damage|p2b: Giganium|0 fnt\n|faint|p2b: Giganium\n|\n|win|Adricrack2090\n|raw|Adricrack2090's rating: 1367 &rarr; <strong>1382</strong><br />(+15 for winning)\n|raw|avigdor's rating: 1280 &rarr; <strong>1261</strong><br />(-19 for losing)\n",
  "uploadtime": 1775983209,
  "views": 26,
  "formatid": "gen9championsvgc2026regma",
  "rating": 1261,
  "private": 0,
  "password": null
}