{
  "id": "gen9championsvgc2026regma-2585549505",
  "format": "[Gen 9 Champions] VGC 2026 Reg M-A",
  "players": [
    "SleepyBadBoy",
    "PokeHys3"
  ],
  "log": "|j|\u2606SleepyBadBoy\n|j|\u2606PokeHys3\n|t:|1776354861\n|gametype|doubles\n|player|p1|SleepyBadBoy|102|1421\n|player|p2|PokeHys3|blackbelt-gen4dp|1339\n|gen|9\n|tier|[Gen 9 Champions] VGC 2026 Reg M-A\n|rated|\n|rule|Species Clause: Limit one of each Pok\u00e9mon\n|rule|Item Clause: Limit 1 of each item\n|clearpoke\n|poke|p1|Delphox, L50, M|\n|poke|p1|Aerodactyl, L50, M|\n|poke|p1|Floette-Eternal, L50, F|\n|poke|p1|Garchomp, L50, F|\n|poke|p1|Maushold-Four, L50|\n|poke|p1|Sneasler, L50, M|\n|poke|p2|Farigiraf, L50, F|\n|poke|p2|Blastoise, L50, F|\n|poke|p2|Sinistcha-Masterpiece, L50|\n|poke|p2|Kingambit, L50, M|\n|poke|p2|Pelipper, L50, M|\n|poke|p2|Sneasler, L50, M|\n|teampreview|4\n|inactive|Battle timer is ON: inactive players will automatically lose when time's up. (requested by PokeHys3)\n|inactive|SleepyBadBoy also wants the timer to be on.\n|inactive|SleepyBadBoy has 60 seconds left.\n|\n|t:|1776354894\n|teamsize|p1|4\n|teamsize|p2|4\n|start\n|switch|p1a: Sneasler|Sneasler, L50, M|100/100\n|switch|p1b: Floette|Floette-Eternal, L50, F|100/100\n|switch|p2a: Farigiraf|Farigiraf, L50, F|100/100\n|switch|p2b: Blastoise|Blastoise, L50, F|100/100\n|turn|1\n|\n|t:|1776354903\n|detailschange|p1b: Floette|Floette-Mega, L50, F\n|-mega|p1b: Floette|Floette|Floettite\n|-ability|p1b: Floette|Fairy Aura\n|detailschange|p2b: Blastoise|Blastoise-Mega, L50, F\n|-mega|p2b: Blastoise|Blastoise|Blastoisinite\n|move|p2b: Blastoise|Fake Out|p1b: Floette\n|-damage|p1b: Floette|91/100\n|move|p1a: Sneasler|Close Combat|p2b: Blastoise\n|-damage|p2b: Blastoise|47/100\n|-unboost|p1a: Sneasler|def|1\n|-unboost|p1a: Sneasler|spd|1\n|-enditem|p1a: Sneasler|White Herb\n|-clearnegativeboost|p1a: Sneasler|[silent]\n|cant|p1b: Floette|flinch\n|move|p2a: Farigiraf|Trick Room|p2a: Farigiraf\n|-fieldstart|move: Trick Room|[of] p2a: Farigiraf\n|\n|upkeep\n|turn|2\n|\n|t:|1776354918\n|switch|p2b: Kingambit|Kingambit, L50, M|100/100\n|switch|p1a: Maushold|Maushold-Four, L50|100/100\n|move|p2a: Farigiraf|Twin Beam|p1a: Maushold\n|-crit|p1a: Maushold\n|-damage|p1a: Maushold|73/100\n|-damage|p1a: Maushold|57/100\n|-hitcount|p1a: Maushold|2\n|move|p1b: Floette|Calm Mind|p1b: Floette\n|-boost|p1b: Floette|spa|1\n|-boost|p1b: Floette|spd|1\n|\n|upkeep\n|turn|3\n|\n|t:|1776354932\n|move|p1a: Maushold|Follow Me|p1a: Maushold\n|-singleturn|p1a: Maushold|move: Follow Me\n|move|p2b: Kingambit|Kowtow Cleave|p1a: Maushold\n|-damage|p1a: Maushold|2/100\n|move|p2a: Farigiraf|Rain Dance|p2a: Farigiraf\n|-weather|RainDance\n|move|p1b: Floette|Moonblast|p2b: Kingambit\n|-damage|p2b: Kingambit|0 fnt\n|faint|p2b: Kingambit\n|\n|-weather|RainDance|[upkeep]\n|upkeep\n|\n|t:|1776354939\n|switch|p2b: Blastoise|Blastoise-Mega, L50, F|47/100\n|turn|4\n|\n|t:|1776354952\n|move|p1a: Maushold|Protect|p1a: Maushold\n|-singleturn|p1a: Maushold|Protect\n|move|p2b: Blastoise|Fake Out|p1b: Floette\n|-damage|p1b: Floette|84/100\n|move|p2a: Farigiraf|Twin Beam|p1a: Maushold\n|-activate|p1a: Maushold|move: Protect\n|cant|p1b: Floette|flinch\n|\n|-weather|RainDance|[upkeep]\n|upkeep\n|turn|5\n|\n|t:|1776354964\n|move|p2a: Farigiraf|Twin Beam|p1a: Maushold\n|-damage|p1a: Maushold|0 fnt\n|faint|p1a: Maushold\n|-hitcount|p1: Maushold|1\n|move|p2b: Blastoise|Water Spout|p1b: Floette\n|-damage|p1b: Floette|56/100\n|move|p1b: Floette|Draining Kiss|p2b: Blastoise\n|-crit|p2b: Blastoise\n|-damage|p2b: Blastoise|0 fnt\n|-heal|p1b: Floette|92/100|[from] drain|[of] p2b: Blastoise\n|faint|p2b: Blastoise\n|\n|-weather|RainDance|[upkeep]\n|-fieldend|move: Trick Room\n|upkeep\n|-message|PokeHys3 forfeited.\n|\n|win|SleepyBadBoy\n|raw|SleepyBadBoy's rating: 1421 &rarr; <strong>1436</strong><br />(+15 for winning)\n|raw|PokeHys3's rating: 1339 &rarr; <strong>1324</strong><br />(-15 for losing)\n|l|\u2606PokeHys3\n|player|p2|\n",
  "uploadtime": 1776354980,
  "views": 29,
  "formatid": "gen9championsvgc2026regma",
  "rating": 1324,
  "private": 0,
  "password": null
}