{
  "id": "gen9championsvgc2026regma-2586673473",
  "format": "[Gen 9 Champions] VGC 2026 Reg M-A",
  "players": [
    "xmen2104",
    "Talistic"
  ],
  "log": "|j|\u2606xmen2104\n|j|\u2606Talistic\n|t:|1776451029\n|gametype|doubles\n|player|p1|xmen2104|lucas-gen4pt|1146\n|player|p2|Talistic|hilda|1138\n|gen|9\n|tier|[Gen 9 Champions] VGC 2026 Reg M-A\n|rated|\n|rule|Species Clause: Limit one of each Pok\u00e9mon\n|rule|Item Clause: Limit 1 of each item\n|clearpoke\n|poke|p1|Emboar, L50, F|\n|poke|p1|Basculegion, L50, M|\n|poke|p1|Sinistcha-Masterpiece, L50|\n|poke|p1|Cofagrigus, L50, M|\n|poke|p1|Scizor, L50, M|\n|poke|p1|Hydreigon, L50, M|\n|poke|p2|Excadrill, L50, F|\n|poke|p2|Tyranitar, L50, M|\n|poke|p2|Delphox, L50, M|\n|poke|p2|Gyarados, L50, F|\n|poke|p2|Meganium, L50, F|\n|poke|p2|Whimsicott, L50, M|\n|teampreview|4\n|inactive|Battle timer is ON: inactive players will automatically lose when time's up. (requested by xmen2104)\n|inactive|Talistic has 60 seconds left.\n|\n|t:|1776451072\n|teamsize|p1|4\n|teamsize|p2|4\n|start\n|switch|p1a: Cofagrigus|Cofagrigus, L50, M|100/100\n|switch|p1b: Basculegion|Basculegion, L50, M|100/100\n|switch|p2a: Delphox|Delphox, L50, M|100/100\n|switch|p2b: Tyranitar|Tyranitar, L50, M|100/100\n|-weather|Sandstorm|[from] ability: Sand Stream|[of] p2b: Tyranitar\n|turn|1\n|inactive|Talistic has 30 seconds left.\n|\n|t:|1776451099\n|move|p2a: Delphox|Shadow Ball|p1b: Basculegion\n|-supereffective|p1b: Basculegion|1\n|-damage|p1b: Basculegion|42/100\n|move|p1b: Basculegion|Wave Crash|p2a: Delphox\n|-supereffective|p2a: Delphox|1\n|-damage|p2a: Delphox|0 fnt\n|faint|p2a: Delphox\n|-damage|p1b: Basculegion|16/100|[from] Recoil\n|move|p2b: Tyranitar|Dragon Dance|p2b: Tyranitar\n|-boost|p2b: Tyranitar|atk|1\n|-boost|p2b: Tyranitar|spe|1\n|move|p1a: Cofagrigus|Trick Room|p1a: Cofagrigus\n|-fieldstart|move: Trick Room|[of] p1a: Cofagrigus\n|\n|-weather|Sandstorm|[upkeep]\n|-damage|p1a: Cofagrigus|94/100|[from] Sandstorm\n|-damage|p1b: Basculegion|10/100|[from] Sandstorm\n|upkeep\n|\n|t:|1776451116\n|switch|p2a: Meganium|Meganium, L50, F|100/100\n|turn|2\n|\n|t:|1776451124\n|switch|p1b: Emboar|Emboar, L50, F|100/100\n|detailschange|p2a: Meganium|Meganium-Mega, L50, F\n|-mega|p2a: Meganium|Meganium|Meganiumite\n|move|p2b: Tyranitar|Protect|p2b: Tyranitar\n|-singleturn|p2b: Tyranitar|Protect\n|move|p1a: Cofagrigus|Will-O-Wisp|p2b: Tyranitar\n|-activate|p2b: Tyranitar|move: Protect\n|move|p2a: Meganium|Dazzling Gleam|p1b: Emboar|[spread] p1a,p1b\n|-crit|p1b: Emboar\n|-damage|p1a: Cofagrigus|67/100\n|-damage|p1b: Emboar|42/100\n|\n|-weather|Sandstorm|[upkeep]\n|-damage|p1a: Cofagrigus|61/100|[from] Sandstorm\n|-damage|p1b: Emboar|36/100|[from] Sandstorm\n|-damage|p2a: Meganium|95/100|[from] Sandstorm\n|upkeep\n|turn|3\n|\n|t:|1776451149\n|switch|p1a: Sinistcha|Sinistcha-Masterpiece, L50|100/100\n|-heal|p1b: Emboar|61/100|[from] ability: Hospitality|[of] p1a: Sinistcha\n|detailschange|p1b: Emboar|Emboar-Mega, L50, F\n|-mega|p1b: Emboar|Emboar|Emboarite\n|-ability|p1b: Emboar|Mold Breaker\n|move|p1b: Emboar|Flare Blitz|p2a: Meganium\n|-supereffective|p2a: Meganium|1\n|-damage|p2a: Meganium|0 fnt\n|faint|p2a: Meganium\n|-damage|p1b: Emboar|35/100|[from] Recoil\n|move|p2b: Tyranitar|Dragon Dance|p2b: Tyranitar\n|-boost|p2b: Tyranitar|atk|1\n|-boost|p2b: Tyranitar|spe|1\n|\n|-weather|Sandstorm|[upkeep]\n|-damage|p1a: Sinistcha|94/100|[from] Sandstorm\n|-damage|p1b: Emboar|29/100|[from] Sandstorm\n|upkeep\n|\n|t:|1776451168\n|switch|p2a: Excadrill|Excadrill, L50, F|100/100\n|turn|4\n|\n|t:|1776451188\n|move|p1b: Emboar|Protect|p1b: Emboar\n|-singleturn|p1b: Emboar|Protect\n|move|p2b: Tyranitar|Protect|p2b: Tyranitar\n|-singleturn|p2b: Tyranitar|Protect\n|move|p1a: Sinistcha|Life Dew|p1a: Sinistcha|[spread] p1a,p1b\n|-heal|p1a: Sinistcha|100/100\n|-heal|p1b: Emboar|54/100\n|move|p2a: Excadrill|High Horsepower|p1b: Emboar\n|-activate|p1b: Emboar|move: Protect\n|\n|-weather|Sandstorm|[upkeep]\n|-damage|p1a: Sinistcha|94/100|[from] Sandstorm\n|-damage|p1b: Emboar|48/100|[from] Sandstorm\n|upkeep\n|turn|5\n|\n|t:|1776451211\n|move|p2b: Tyranitar|Protect|p2b: Tyranitar\n|-singleturn|p2b: Tyranitar|Protect\n|move|p1a: Sinistcha|Rage Powder|p1a: Sinistcha\n|-singleturn|p1a: Sinistcha|move: Rage Powder\n|move|p1b: Emboar|Close Combat|p2b: Tyranitar\n|-activate|p2b: Tyranitar|move: Protect\n|move|p2a: Excadrill|Rock Slide|p1b: Emboar|[spread] p1a,p1b\n|-damage|p1a: Sinistcha|77/100\n|-damage|p1b: Emboar|26/100\n|\n|-weather|none\n|-fieldend|move: Trick Room\n|upkeep\n|turn|6\n|\n|t:|1776451235\n|move|p1a: Sinistcha|Rage Powder|p1a: Sinistcha\n|-singleturn|p1a: Sinistcha|move: Rage Powder\n|move|p2b: Tyranitar|Rock Slide|p1b: Emboar|[spread] p1a,p1b\n|-damage|p1a: Sinistcha|26/100\n|-damage|p1b: Emboar|0 fnt\n|faint|p1b: Emboar\n|move|p2a: Excadrill|Iron Head|p1a: Sinistcha\n|-damage|p1a: Sinistcha|0 fnt\n|faint|p1a: Sinistcha\n|\n|upkeep\n|\n|t:|1776451270\n|switch|p1b: Cofagrigus|Cofagrigus, L50, M|61/100\n|switch|p1a: Basculegion|Basculegion, L50, M|10/100\n|turn|7\n|-message|xmen2104 forfeited.\n|l|\u2606xmen2104\n|inactive|xmen2104 disconnected and has a minute to reconnect!\n|player|p1|\n|\n|win|Talistic\n|raw|xmen2104's rating: 1146 &rarr; <strong>1120</strong><br />(-26 for losing)\n|raw|Talistic's rating: 1138 &rarr; <strong>1164</strong><br />(+26 for winning)\n|j|\u2606xmen2104\n|player|p1|xmen2104|lucas-gen4pt|\n|l|\u2606xmen2104\n|player|p1|\n|l|\u2606Talistic\n|player|p2|\n|j|\u2606Talistic\n|player|p2|Talistic|hilda|\n",
  "uploadtime": 1776451449,
  "views": 34,
  "formatid": "gen9championsvgc2026regma",
  "rating": 1120,
  "private": 0,
  "password": null
}