{
  "id": "gen9championsvgc2026regma-2586035627",
  "format": "[Gen 9 Champions] VGC 2026 Reg M-A",
  "players": [
    "gasertheegyptain",
    "MoriGD"
  ],
  "log": "|j|\u2606gasertheegyptain\n|j|\u2606MoriGD\n|t:|1776392408\n|gametype|doubles\n|player|p1|gasertheegyptain|unknown|\n|player|p2|MoriGD|alder|\n|gen|9\n|tier|[Gen 9 Champions] VGC 2026 Reg M-A\n|rule|Species Clause: Limit one of each Pok\u00e9mon\n|rule|Item Clause: Limit 1 of each item\n|clearpoke\n|poke|p1|Tsareena, L50, F|\n|poke|p1|Clefable, L50, M|\n|poke|p1|Sneasler, L50, M|\n|poke|p1|Incineroar, L50, M|\n|poke|p1|Sinistcha-Masterpiece, L50|\n|poke|p1|Floette-Eternal, L50, F|\n|poke|p2|Corviknight, L50, F|\n|poke|p2|Pelipper, L50, M|\n|poke|p2|Dragonite, L50, M|\n|poke|p2|Sneasler, L50, M|\n|poke|p2|Sinistcha, L50|\n|poke|p2|Palafin, L50, F|\n|teampreview|4\n|c|\u2606gasertheegyptain|glhf\n|c|\u2606MoriGD|glhf\nMoriGD has agreed to open team sheets.\n|\n|t:|1776392476\n|teamsize|p1|4\n|teamsize|p2|4\n|start\n|switch|p1a: Floette|Floette-Eternal, L50, F|100/100\n|switch|p1b: Clefable|Clefable, L50, M|100/100\n|switch|p2a: Corviknight|Corviknight, L50, F|100/100\n|switch|p2b: Palafin|Palafin, L50, F|100/100\n|turn|1\n|\n|t:|1776392502\n|detailschange|p2b: Palafin|Palafin-Hero, L50, F\n|switch|p2b: Pelipper|Pelipper, L50, M|100/100\n|-weather|RainDance|[from] ability: Drizzle|[of] p2b: Pelipper\n|move|p1b: Clefable|Helping Hand|p1a: Floette\n|-singleturn|p1a: Floette|Helping Hand|[of] p1b: Clefable\n|move|p1a: Floette|Dazzling Gleam|p2b: Pelipper|[spread] p2a,p2b\n|-resisted|p2a: Corviknight|1\n|-damage|p2a: Corviknight|74/100\n|-damage|p2b: Pelipper|47/100\n|move|p2a: Corviknight|Iron Defense|p2a: Corviknight\n|-boost|p2a: Corviknight|def|2\n|\n|-weather|RainDance|[upkeep]\n|upkeep\n|turn|2\n|\n|t:|1776392518\n|detailschange|p1a: Floette|Floette-Mega, L50, F\n|-mega|p1a: Floette|Floette|Floettite\n|-ability|p1a: Floette|Fairy Aura\n|move|p1b: Clefable|Helping Hand|p1a: Floette\n|-singleturn|p1a: Floette|Helping Hand|[of] p1b: Clefable\n|move|p2b: Pelipper|Wide Guard|p2b: Pelipper\n|-singleturn|p2b: Pelipper|Wide Guard\n|move|p1a: Floette|Dazzling Gleam|p2a: Corviknight|[spread] \n|-activate|p2a: Corviknight|move: Wide Guard\n|-activate|p2b: Pelipper|move: Wide Guard\n|move|p2a: Corviknight|Iron Defense|p2a: Corviknight\n|-boost|p2a: Corviknight|def|2\n|\n|-weather|RainDance|[upkeep]\n|upkeep\n|turn|3\n|c|\u2606gasertheegyptain|fuhhh\n|\n|t:|1776392534\n|move|p2b: Pelipper|Wide Guard|p2b: Pelipper\n|-singleturn|p2b: Pelipper|Wide Guard\n|move|p1b: Clefable|Follow Me|p1b: Clefable\n|-singleturn|p1b: Clefable|move: Follow Me\n|move|p1a: Floette|Moonblast|p2a: Corviknight\n|-resisted|p2a: Corviknight|1\n|-damage|p2a: Corviknight|32/100\n|-enditem|p2a: Corviknight|Sitrus Berry|[eat]\n|-heal|p2a: Corviknight|57/100|[from] item: Sitrus Berry\n|move|p2a: Corviknight|Iron Defense|p2a: Corviknight\n|-boost|p2a: Corviknight|def|2\n|\n|-weather|RainDance|[upkeep]\n|upkeep\n|turn|4\n|\n|t:|1776392552\n|move|p1b: Clefable|Follow Me|p1b: Clefable\n|-singleturn|p1b: Clefable|move: Follow Me\n|move|p1a: Floette|Moonblast|p2b: Pelipper\n|-damage|p2b: Pelipper|0 fnt\n|faint|p2b: Pelipper\n|move|p2a: Corviknight|Roost|p2a: Corviknight\n|-heal|p2a: Corviknight|100/100\n|-singleturn|p2a: Corviknight|move: Roost\n|\n|-weather|RainDance|[upkeep]\n|upkeep\n|\n|t:|1776392557\n|switch|p2b: Palafin|Palafin-Hero, L50, F|100/100\n|-activate|p2b: Palafin|ability: Zero to Hero\n|turn|5\n|\n|t:|1776392569\n|move|p1b: Clefable|Follow Me|p1b: Clefable\n|-singleturn|p1b: Clefable|move: Follow Me\n|move|p2b: Palafin|Jet Punch|p1b: Clefable\n|-damage|p1b: Clefable|34/100\n|move|p1a: Floette|Dazzling Gleam|p2b: Palafin|[spread] p2a,p2b\n|-resisted|p2a: Corviknight|1\n|-damage|p2a: Corviknight|75/100\n|-damage|p2b: Palafin|50/100\n|move|p2a: Corviknight|Body Press|p1b: Clefable|[miss]\n|-miss|p2a: Corviknight|p1b: Clefable\n|\n|-weather|none\n|upkeep\n|turn|6\n|\n|t:|1776392590\n|switch|p2b: Sinistcha|Sinistcha, L50|100/100\n|-heal|p2a: Corviknight|99/100|[from] ability: Hospitality|[of] p2b: Sinistcha\n|move|p1b: Clefable|Follow Me|p1b: Clefable\n|-singleturn|p1b: Clefable|move: Follow Me\n|move|p1a: Floette|Dazzling Gleam|p2b: Sinistcha|[spread] p2a,p2b\n|-resisted|p2a: Corviknight|1\n|-damage|p2a: Corviknight|75/100\n|-damage|p2b: Sinistcha|47/100\n|move|p2a: Corviknight|Body Press|p1b: Clefable\n|-resisted|p1b: Clefable|1\n|-damage|p1b: Clefable|21/100\n|\n|upkeep\n|turn|7\n|\n|t:|1776392603\n|move|p1b: Clefable|Follow Me|p1b: Clefable\n|-singleturn|p1b: Clefable|move: Follow Me\n|move|p1a: Floette|Dazzling Gleam|p2a: Corviknight|[spread] p2a,p2b\n|-resisted|p2a: Corviknight|1\n|-damage|p2a: Corviknight|51/100\n|-damage|p2b: Sinistcha|0 fnt\n|faint|p2b: Sinistcha\n|move|p2a: Corviknight|Body Press|p1b: Clefable\n|-resisted|p1b: Clefable|1\n|-damage|p1b: Clefable|10/100\n|\n|upkeep\n|\n|t:|1776392607\n|switch|p2b: Palafin|Palafin-Hero, L50, F|50/100\n|turn|8\n|c|\u2606gasertheegyptain|lwk a banger team\n|\n|t:|1776392627\n|move|p1b: Clefable|Follow Me|p1b: Clefable\n|-singleturn|p1b: Clefable|move: Follow Me\n|move|p2b: Palafin|Jet Punch|p1b: Clefable\n|-damage|p1b: Clefable|0 fnt\n|faint|p1b: Clefable\n|move|p1a: Floette|Dazzling Gleam|p2b: Palafin|[spread] p2a,p2b\n|-resisted|p2a: Corviknight|1\n|-damage|p2a: Corviknight|25/100\n|-damage|p2b: Palafin|0 fnt\n|faint|p2b: Palafin\n|move|p2a: Corviknight|Body Press|p1a: Floette\n|-resisted|p1a: Floette|1\n|-damage|p1a: Floette|47/100\n|\n|upkeep\n|\n|t:|1776392637\n|switch|p1b: Sneasler|Sneasler, L50, M|100/100\n|turn|9\n|\n|t:|1776392643\n|move|p1b: Sneasler|Fake Out|p2a: Corviknight\n|-resisted|p2a: Corviknight|1\n|-damage|p2a: Corviknight|24/100\n|move|p1a: Floette|Moonblast|p2a: Corviknight\n|-resisted|p2a: Corviknight|1\n|-damage|p2a: Corviknight|0 fnt\n|faint|p2a: Corviknight\n|\n|win|gasertheegyptain\n|c|\u2606gasertheegyptain|gg\n|c|\u2606MoriGD|gg\n|l|\u2606MoriGD\n|player|p2|\n|l|\u2606gasertheegyptain\n|player|p1|\n|j|\u2606gasertheegyptain\n|player|p1|gasertheegyptain|unknown|\n",
  "uploadtime": 1776392676,
  "views": 26,
  "formatid": "gen9championsvgc2026regma",
  "rating": null,
  "private": 0,
  "password": null
}