{
  "id": "gen9championsvgc2026regma-2587784562",
  "format": "[Gen 9 Champions] VGC 2026 Reg M-A",
  "players": [
    "ub student",
    "Missing love"
  ],
  "log": "|j|\u2606ub student\n|j|\u2606Missing love\n|t:|1776563699\n|gametype|doubles\n|player|p1|ub student|101|1454\n|player|p2|Missing love|volo|1415\n|gen|9\n|tier|[Gen 9 Champions] VGC 2026 Reg M-A\n|rated|\n|rule|Species Clause: Limit one of each Pok\u00e9mon\n|rule|Item Clause: Limit 1 of each item\n|clearpoke\n|poke|p1|Floette-Eternal, L50, F|\n|poke|p1|Talonflame, L50, F|\n|poke|p1|Basculegion, L50, M|\n|poke|p1|Garchomp, L50, M|\n|poke|p1|Rotom-Wash, L50|\n|poke|p1|Kingambit, L50, M|\n|poke|p2|Meganium, L50, F|\n|poke|p2|Tyranitar, L50, M|\n|poke|p2|Garchomp, L50, M|\n|poke|p2|Aegislash, L50, F|\n|poke|p2|Milotic, L50, F|\n|poke|p2|Aerodactyl, L50, M|\n|teampreview|4\n|j| Diecyoddish\n|inactive|Battle timer is ON: inactive players will automatically lose when time's up. (requested by ub student)\n|inactive|Missing love has 60 seconds left.\n|\n|t:|1776563740\n|teamsize|p1|4\n|teamsize|p2|4\n|start\n|switch|p1a: Talonflame|Talonflame, L50, F|100/100\n|switch|p1b: Basculegion|Basculegion, L50, M|100/100\n|switch|p2a: Aerodactyl|Aerodactyl, L50, M|100/100\n|switch|p2b: Meganium|Meganium, L50, F|100/100\n|-ability|p2a: Aerodactyl|Unnerve\n|turn|1\n|\n|t:|1776563763\n|detailschange|p2b: Meganium|Meganium-Mega, L50, F\n|-mega|p2b: Meganium|Meganium|Meganiumite\n|move|p1a: Talonflame|Feint|p2a: Aerodactyl\n|-resisted|p2a: Aerodactyl|1\n|-damage|p2a: Aerodactyl|95/100\n|move|p1b: Basculegion|Flip Turn|p2a: Aerodactyl\n|-supereffective|p2a: Aerodactyl|1\n|-damage|p2a: Aerodactyl|0 fnt\n|faint|p2a: Aerodactyl\n|\n|t:|1776563773\n|switch|p1b: Kingambit|Kingambit, L50, M|100/100|[from] Flip Turn\n|move|p2b: Meganium|Solar Beam||[still]\n|-prepare|p2b: Meganium|Solar Beam\n|-activate|p2b: Meganium|ability: Mega Sol\n|-anim|p2b: Meganium|Solar Beam|p1b: Kingambit\n|-resisted|p1b: Kingambit|1\n|-damage|p1b: Kingambit|63/100\n|\n|upkeep\n|\n|t:|1776563785\n|switch|p2a: Tyranitar|Tyranitar, L50, M|100/100\n|-weather|Sandstorm|[from] ability: Sand Stream|[of] p2a: Tyranitar\n|turn|2\n|\n|t:|1776563792\n|move|p1a: Talonflame|Tailwind|p1a: Talonflame\n|-sidestart|p1: ub student|move: Tailwind\n|move|p1b: Kingambit|Iron Head|p2b: Meganium\n|-supereffective|p2b: Meganium|1\n|-damage|p2b: Meganium|16/100\n|move|p2b: Meganium|Weather Ball|p1b: Kingambit\n|-supereffective|p1b: Kingambit|1\n|-damage|p1b: Kingambit|0 fnt\n|faint|p1b: Kingambit\n|move|p2a: Tyranitar|Rock Slide|p1a: Talonflame|[miss]\n|-miss|p2a: Tyranitar|p1a: Talonflame\n|\n|-weather|Sandstorm|[upkeep]\n|-damage|p1a: Talonflame|95/100|[from] Sandstorm\n|-damage|p2b: Meganium|10/100|[from] Sandstorm\n|upkeep\n|\n|t:|1776563803\n|switch|p1b: Floette|Floette-Eternal, L50, F|100/100\n|turn|3\n|\n|t:|1776563816\n|switch|p2b: Milotic|Milotic, L50, F|100/100\n|detailschange|p1b: Floette|Floette-Mega, L50, F\n|-mega|p1b: Floette|Floette|Floettite\n|-ability|p1b: Floette|Fairy Aura\n|move|p1a: Talonflame|Brave Bird|p2b: Milotic\n|-crit|p2b: Milotic\n|-damage|p2b: Milotic|36/100\n|-damage|p1a: Talonflame|67/100|[from] Recoil\n|move|p1b: Floette|Moonblast|p2a: Tyranitar\n|-supereffective|p2a: Tyranitar|1\n|-damage|p2a: Tyranitar|25/100\n|move|p2a: Tyranitar|Rock Slide|p1a: Talonflame|[spread] p1a,p1b\n|-supereffective|p1a: Talonflame|2\n|-damage|p1a: Talonflame|0 fnt\n|-damage|p1b: Floette|72/100\n|faint|p1a: Talonflame\n|\n|-weather|Sandstorm|[upkeep]\n|-damage|p1b: Floette|66/100|[from] Sandstorm\n|-damage|p2b: Milotic|30/100|[from] Sandstorm\n|-heal|p2b: Milotic|36/100|[from] item: Leftovers\n|upkeep\n|\n|t:|1776563830\n|switch|p1a: Basculegion|Basculegion, L50, M|100/100\n|turn|4\n|\n|t:|1776563840\n|move|p2a: Tyranitar|Protect|p2a: Tyranitar\n|-singleturn|p2a: Tyranitar|Protect\n|move|p1a: Basculegion|Last Respects|p2b: Milotic\n|-damage|p2b: Milotic|0 fnt\n|faint|p2b: Milotic\n|move|p1b: Floette|Moonblast|p2a: Tyranitar\n|-activate|p2a: Tyranitar|move: Protect\n|\n|-weather|Sandstorm|[upkeep]\n|-damage|p1a: Basculegion|94/100|[from] Sandstorm\n|-damage|p1b: Floette|60/100|[from] Sandstorm\n|upkeep\n|\n|t:|1776563845\n|switch|p2b: Meganium|Meganium-Mega, L50, F|10/100\n|turn|5\n|\n|t:|1776563850\n|move|p2b: Meganium|Protect|p2b: Meganium\n|-singleturn|p2b: Meganium|Protect\n|move|p2a: Tyranitar|Protect||[still]\n|-fail|p2a: Tyranitar\n|move|p1a: Basculegion|Last Respects|p2b: Meganium\n|-activate|p2b: Meganium|move: Protect\n|move|p1b: Floette|Dazzling Gleam|p2a: Tyranitar|[spread] p2a\n|-activate|p2b: Meganium|move: Protect\n|-supereffective|p2a: Tyranitar|1\n|-damage|p2a: Tyranitar|0 fnt\n|faint|p2a: Tyranitar\n|\n|-weather|Sandstorm|[upkeep]\n|-damage|p1a: Basculegion|88/100|[from] Sandstorm\n|-damage|p1b: Floette|54/100|[from] Sandstorm\n|-damage|p2b: Meganium|4/100|[from] Sandstorm\n|-sideend|p1: ub student|move: Tailwind\n|upkeep\n|turn|6\n|l| Diecyoddish\n|\n|t:|1776563860\n|move|p1a: Basculegion|Last Respects|p2b: Meganium\n|-damage|p2b: Meganium|0 fnt\n|faint|p2b: Meganium\n|\n|win|ub student\n|raw|ub student's rating: 1454 &rarr; <strong>1472</strong><br />(+18 for winning)\n|raw|Missing love's rating: 1415 &rarr; <strong>1397</strong><br />(-18 for losing)\n|l|\u2606Missing love\n|player|p2|\n|l|\u2606ub student\n|player|p1|\n",
  "uploadtime": 1776563875,
  "views": 15,
  "formatid": "gen9championsvgc2026regma",
  "rating": 1397,
  "private": 0,
  "password": null
}