{
  "id": "gen9championsvgc2026regma-2586712750",
  "format": "[Gen 9 Champions] VGC 2026 Reg M-A",
  "players": [
    "yunoiaj",
    "V4LCON"
  ],
  "log": "|j|\u2606yunoiaj\n|j|\u2606V4LCON\n|inactive|Battle timer is ON: inactive players will automatically lose when time's up.\n|html|<table width=\"100%\"><tr><td align=\"left\">yunoiaj</td><td align=\"right\">V4LCON</tr><tr><td align=\"left\"><i class=\"fa fa-circle-o\"></i> <i class=\"fa fa-circle-o\"></i> </td><td align=\"right\"><i class=\"fa fa-circle-o\"></i> <i class=\"fa fa-circle\"></i> </tr></table>\n|uhtml|bestof|<h2><strong>Game 2</strong> of <a href=\"/game-bestof3-gen9championsvgc2026regma-2586709812\">a best-of-3</a></h2>\n|t:|1776454129\n|gametype|doubles\n|player|p1|yunoiaj|blue|\n|player|p2|V4LCON|alder|\n|gen|9\n|tier|[Gen 9 Champions] VGC 2026 Reg M-A\n|rated|Tournament battle\n|rule|Species Clause: Limit one of each Pok\u00e9mon\n|rule|Item Clause: Limit 1 of each item\n|raw|<div class=\"infobox\"><details class=\"readmore\" open><summary><strong>1 custom rule:</strong></summary> bestof = 3</details></div>\n|clearpoke\n|poke|p1|Gengar, L50, M|\n|poke|p1|Incineroar, L50, M|\n|poke|p1|Araquanid, L50, F|\n|poke|p1|Pelipper, L50, M|\n|poke|p1|Lopunny, L50, M|\n|poke|p1|Slowking, L50, M|\n|poke|p2|Starmie, L50|\n|poke|p2|Garchomp, L50, F|\n|poke|p2|Aerodactyl, L50, F|\n|poke|p2|Rotom-Heat, L50|\n|poke|p2|Aegislash, L50, M|\n|poke|p2|Venusaur, L50, M|\n|teampreview|4\nV4LCON rejected open team sheets.\n|inactive|yunoiaj has 60 seconds left.\n|inactive|V4LCON has 60 seconds left.\n|\n|t:|1776454174\n|teamsize|p1|4\n|teamsize|p2|4\n|start\n|switch|p1a: Gengar|Gengar, L50, M, shiny|100/100\n|switch|p1b: Lopunny|Lopunny, L50, M|100/100\n|switch|p2a: Garchomp|Garchomp, L50, F|100/100\n|switch|p2b: Aerodactyl|Aerodactyl, L50, F|100/100\n|-ability|p2b: Aerodactyl|Unnerve\n|turn|1\n|\n|t:|1776454187\n|detailschange|p1a: Gengar|Gengar-Mega, L50, M, shiny\n|-mega|p1a: Gengar|Gengar|Gengarite\n|move|p2b: Aerodactyl|Protect|p2b: Aerodactyl\n|-singleturn|p2b: Aerodactyl|Protect\n|move|p2a: Garchomp|Earthquake|p1a: Gengar|[spread] p1a,p1b\n|-activate|p2b: Aerodactyl|move: Protect\n|-supereffective|p1a: Gengar|1\n|-damage|p1a: Gengar|0 fnt\n|-damage|p1b: Lopunny|39/100\n|faint|p1a: Gengar\n|move|p1b: Lopunny|Triple Axel|p2a: Garchomp\n|-supereffective|p2a: Garchomp|2\n|-damage|p2a: Garchomp|75/100\n|-damage|p1b: Lopunny|27/100|[from] ability: Rough Skin|[of] p2a: Garchomp\n|-supereffective|p2a: Garchomp|2\n|-damage|p2a: Garchomp|29/100\n|-damage|p1b: Lopunny|15/100|[from] ability: Rough Skin|[of] p2a: Garchomp\n|-supereffective|p2a: Garchomp|2\n|-damage|p2a: Garchomp|0 fnt\n|-damage|p1b: Lopunny|3/100|[from] ability: Rough Skin|[of] p2a: Garchomp\n|faint|p2a: Garchomp\n|-hitcount|p2: Garchomp|3\n|\n|upkeep\n|\n|t:|1776454209\n|switch|p1a: Slowking|Slowking, L50, M|100/100\n|switch|p2a: Rotom|Rotom-Heat, L50|100/100\n|turn|2\n|\n|t:|1776454218\n|switch|p1b: Araquanid|Araquanid, L50, F|100/100\n|move|p2b: Aerodactyl|Tailwind|p2b: Aerodactyl\n|-sidestart|p2: V4LCON|move: Tailwind\n|move|p2a: Rotom|Electroweb|p1a: Slowking|[spread] p1a,p1b\n|-supereffective|p1a: Slowking|1\n|-supereffective|p1b: Araquanid|1\n|-damage|p1a: Slowking|76/100\n|-damage|p1b: Araquanid|79/100\n|-unboost|p1a: Slowking|spe|1\n|-unboost|p1b: Araquanid|spe|1\n|move|p1a: Slowking|Trick Room|p1a: Slowking\n|-fieldstart|move: Trick Room|[of] p1a: Slowking\n|\n|upkeep\n|turn|3\n|\n|t:|1776454240\n|move|p2b: Aerodactyl|Protect|p2b: Aerodactyl\n|-singleturn|p2b: Aerodactyl|Protect\n|move|p1a: Slowking|Nasty Plot|p1a: Slowking\n|-boost|p1a: Slowking|spa|2\n|move|p1b: Araquanid|Liquidation|p2a: Rotom\n|-supereffective|p2a: Rotom|1\n|-damage|p2a: Rotom|0 fnt\n|faint|p2a: Rotom\n|\n|upkeep\n|\n|t:|1776454247\n|switch|p2a: Venusaur|Venusaur, L50, M|100/100\n|turn|4\n|j|@The Carkol Rider\n|\n|t:|1776454263\n|move|p2a: Venusaur|Protect|p2a: Venusaur\n|-singleturn|p2a: Venusaur|Protect\n|move|p1a: Slowking|Psychic|p2a: Venusaur\n|-activate|p2a: Venusaur|move: Protect\n|move|p1b: Araquanid|Liquidation|p2b: Aerodactyl\n|-supereffective|p2b: Aerodactyl|1\n|-enditem|p2b: Aerodactyl|Focus Sash\n|-damage|p2b: Aerodactyl|1/100\n|move|p2b: Aerodactyl|Rock Slide|p1b: Araquanid|[spread] p1a\n|-miss|p2b: Aerodactyl|p1b: Araquanid\n|-damage|p1a: Slowking|50/100\n|\n|upkeep\n|turn|5\n|\n|t:|1776454286\n|move|p2a: Venusaur|Protect||[still]\n|-fail|p2a: Venusaur\n|move|p2b: Aerodactyl|Protect|p2b: Aerodactyl\n|-singleturn|p2b: Aerodactyl|Protect\n|move|p1a: Slowking|Psychic|p2a: Venusaur\n|-supereffective|p2a: Venusaur|1\n|-damage|p2a: Venusaur|0 fnt\n|faint|p2a: Venusaur\n|move|p1b: Araquanid|Liquidation|p2b: Aerodactyl\n|-activate|p2b: Aerodactyl|move: Protect\n|\n|-sideend|p2: V4LCON|move: Tailwind\n|upkeep\n|turn|6\n|\n|t:|1776454293\n|move|p2b: Aerodactyl|Protect||[still]\n|-fail|p2b: Aerodactyl\n|move|p1a: Slowking|Shadow Ball|p2b: Aerodactyl\n|-damage|p2b: Aerodactyl|0 fnt\n|faint|p2b: Aerodactyl\n|\n|win|yunoiaj\n||V4LCON is ready for game 3.\n||yunoiaj is ready for game 3.\n|uhtml|next|Next: <a href=\"/battle-gen9championsvgc2026regma-2586715012\"><strong>Game 3 of 3</strong></a>\n|l|@The Carkol Rider\n",
  "uploadtime": 1776454437,
  "views": 26,
  "formatid": "gen9championsvgc2026regma",
  "rating": null,
  "private": 0,
  "password": null
}