{
  "id": "gen9championsvgc2026regma-2588612475",
  "format": "[Gen 9 Champions] VGC 2026 Reg M-A",
  "players": [
    "Miles_ath",
    "adalove"
  ],
  "log": "|j|\u2606Miles_ath\n|j|\u2606adalove\n|t:|1776650067\n|gametype|doubles\n|player|p1|Miles_ath|169|1234\n|player|p2|adalove|dragontamer|1167\n|gen|9\n|tier|[Gen 9 Champions] VGC 2026 Reg M-A\n|rated|\n|rule|Species Clause: Limit one of each Pok\u00e9mon\n|rule|Item Clause: Limit 1 of each item\n|clearpoke\n|poke|p1|Aegislash, L50, F|\n|poke|p1|Scovillain, L50, M|\n|poke|p1|Sinistcha-Masterpiece, L50|\n|poke|p1|Gyarados, L50, M|\n|poke|p1|Ninetales-Alola, L50, F|\n|poke|p1|Aerodactyl, L50, M|\n|poke|p2|Tyranitar, L50, M|\n|poke|p2|Excadrill, L50, M|\n|poke|p2|Corviknight, L50, F|\n|poke|p2|Milotic, L50, M|\n|poke|p2|Farigiraf, L50, F|\n|poke|p2|Floette-Eternal, L50, F|\n|teampreview|4\n|inactive|Battle timer is ON: inactive players will automatically lose when time's up. (requested by adalove)\n|inactive|adalove has 60 seconds left.\nMiles_ath rejected open team sheets.\n|\n|t:|1776650110\n|teamsize|p1|4\n|teamsize|p2|4\n|start\n|switch|p1a: Scovillain|Scovillain, L50, M|100/100\n|switch|p1b: Gyarados|Gyarados, L50, M|100/100\n|switch|p2a: Corviknight|Corviknight, L50, F|100/100\n|switch|p2b: Milotic|Milotic, L50, M|100/100\n|-ability|p1b: Gyarados|Intimidate|boost\n|-ability|p2a: Corviknight|Mirror Armor\n|-unboost|p1b: Gyarados|atk|1\n|-unboost|p2b: Milotic|atk|1\n|-ability|p2b: Milotic|Competitive|boost\n|-boost|p2b: Milotic|spa|2\n|turn|1\n|inactive|adalove has 30 seconds left.\n|\n|t:|1776650137\n|detailschange|p1a: Scovillain|Scovillain-Mega, L50, M\n|-mega|p1a: Scovillain|Scovillain|Scovillainite\n|move|p1b: Gyarados|Crunch|p2b: Milotic\n|-crit|p2b: Milotic\n|-damage|p2b: Milotic|54/100\n|move|p2b: Milotic|Life Dew||[still]|[spread] p2a,p2b\n|-fail|p2a: Corviknight|heal\n|-heal|p2b: Milotic|79/100\n|move|p1a: Scovillain|Giga Drain|p2b: Milotic\n|-supereffective|p2b: Milotic|1\n|-damage|p2b: Milotic|25/100\n|move|p2a: Corviknight|Brave Bird|p1a: Scovillain\n|-supereffective|p1a: Scovillain|1\n|-damage|p1a: Scovillain|15/100\n|-status|p2a: Corviknight|brn|[from] ability: Spicy Spray|[of] p1a: Scovillain\n|-damage|p2a: Corviknight|77/100 brn|[from] Recoil\n|\n|-heal|p2b: Milotic|31/100|[from] item: Leftovers\n|-damage|p2a: Corviknight|71/100 brn|[from] brn\n|upkeep\n|turn|2\n|inactive|adalove has 30 seconds left.\n|\n|t:|1776650163\n|switch|p1b: Sinistcha|Sinistcha-Masterpiece, L50|100/100\n|-heal|p1a: Scovillain|40/100|[from] ability: Hospitality|[of] p1b: Sinistcha\n|move|p2b: Milotic|Protect|p2b: Milotic\n|-singleturn|p2b: Milotic|Protect\n|move|p1a: Scovillain|Protect|p1a: Scovillain\n|-singleturn|p1a: Scovillain|Protect\n|move|p2a: Corviknight|Body Press|p1a: Scovillain\n|-activate|p1a: Scovillain|move: Protect\n|\n|-heal|p2b: Milotic|37/100|[from] item: Leftovers\n|-damage|p2a: Corviknight|65/100 brn|[from] brn\n|upkeep\n|turn|3\n|\n|t:|1776650186\n|move|p2b: Milotic|Life Dew|p2b: Milotic|[spread] p2a,p2b\n|-heal|p2a: Corviknight|90/100 brn\n|-heal|p2b: Milotic|62/100\n|move|p1a: Scovillain|Giga Drain|p2b: Milotic\n|-supereffective|p2b: Milotic|1\n|-damage|p2b: Milotic|8/100\n|-heal|p1a: Scovillain|71/100|[from] drain|[of] p2b: Milotic\n|move|p1b: Sinistcha|Life Dew||[still]|[spread] p1a,p1b\n|-heal|p1a: Scovillain|96/100\n|-fail|p1b: Sinistcha|heal\n|move|p2a: Corviknight|Brave Bird|p1a: Scovillain\n|-supereffective|p1a: Scovillain|1\n|-damage|p1a: Scovillain|48/100\n|-damage|p2a: Corviknight|77/100 brn|[from] Recoil\n|\n|-heal|p2b: Milotic|14/100|[from] item: Leftovers\n|-damage|p2a: Corviknight|71/100 brn|[from] brn\n|upkeep\n|turn|4\n|inactive|Miles_ath has 30 seconds left.\n|\n|t:|1776650214\n|switch|p1b: Gyarados|Gyarados, L50, M|100/100\n|-ability|p1b: Gyarados|Intimidate|boost\n|-ability|p2a: Corviknight|Mirror Armor\n|-unboost|p1b: Gyarados|atk|1\n|-unboost|p2b: Milotic|atk|1\n|-ability|p2b: Milotic|Competitive|boost\n|-boost|p2b: Milotic|spa|2\n|move|p2b: Milotic|Protect|p2b: Milotic\n|-singleturn|p2b: Milotic|Protect\n|move|p1a: Scovillain|Leech Seed|p2a: Corviknight|[miss]\n|-miss|p1a: Scovillain|p2a: Corviknight\n|move|p2a: Corviknight|Bulk Up|p2a: Corviknight\n|-boost|p2a: Corviknight|atk|1\n|-boost|p2a: Corviknight|def|1\n|\n|-heal|p2b: Milotic|21/100|[from] item: Leftovers\n|-damage|p2a: Corviknight|65/100 brn|[from] brn\n|upkeep\n|turn|5\n|inactive|adalove has 30 seconds left.\n|\n|t:|1776650242\n|switch|p1b: Sinistcha|Sinistcha-Masterpiece, L50|100/100\n|-heal|p1a: Scovillain|73/100|[from] ability: Hospitality|[of] p1b: Sinistcha\n|move|p2b: Milotic|Scald|p1a: Scovillain\n|-damage|p1a: Scovillain|0 fnt\n|-status|p2b: Milotic|brn|[from] ability: Spicy Spray|[of] p1a: Scovillain\n|faint|p1a: Scovillain\n|move|p2a: Corviknight|Bulk Up|p2a: Corviknight\n|-boost|p2a: Corviknight|atk|1\n|-boost|p2a: Corviknight|def|1\n|\n|-heal|p2b: Milotic|27/100 brn|[from] item: Leftovers\n|-damage|p2b: Milotic|21/100 brn|[from] brn\n|-damage|p2a: Corviknight|59/100 brn|[from] brn\n|upkeep\n|\n|t:|1776650253\n|switch|p1a: Ninetales|Ninetales-Alola, L50, F|100/100\n|-weather|Snowscape|[from] ability: Snow Warning|[of] p1a: Ninetales\n|turn|6\n|\n|t:|1776650261\n|move|p1a: Ninetales|Blizzard|p2a: Corviknight|[spread] p2a,p2b\n|-resisted|p2b: Milotic|1\n|-damage|p2a: Corviknight|34/100 brn\n|-damage|p2b: Milotic|13/100 brn\n|-enditem|p2a: Corviknight|Sitrus Berry|[eat]\n|-heal|p2a: Corviknight|59/100 brn|[from] item: Sitrus Berry\n|move|p2b: Milotic|Life Dew|p2b: Milotic|[spread] p2a,p2b\n|-heal|p2a: Corviknight|84/100 brn\n|-heal|p2b: Milotic|38/100 brn\n|move|p1b: Sinistcha|Matcha Gotcha|p2a: Corviknight|[spread] \n|-miss|p1b: Sinistcha|p2a: Corviknight\n|-miss|p1b: Sinistcha|p2b: Milotic\n|move|p2a: Corviknight|Body Press|p1a: Ninetales\n|-damage|p1a: Ninetales|83/100\n|\n|-weather|Snowscape|[upkeep]\n|-heal|p2b: Milotic|44/100 brn|[from] item: Leftovers\n|-damage|p2b: Milotic|38/100 brn|[from] brn\n|-damage|p2a: Corviknight|78/100 brn|[from] brn\n|upkeep\n|turn|7\n|inactive|Miles_ath has 30 seconds left.\n|inactive|adalove has 30 seconds left.\n|\n|t:|1776650288\n|move|p1a: Ninetales|Moonblast|p2b: Milotic\n|-damage|p2b: Milotic|17/100 brn\n|move|p2b: Milotic|Ice Beam|p1b: Sinistcha\n|-supereffective|p1b: Sinistcha|1\n|-damage|p1b: Sinistcha|0 fnt\n|faint|p1b: Sinistcha\n|move|p2a: Corviknight|Brave Bird|p1a: Ninetales\n|-damage|p1a: Ninetales|51/100\n|-damage|p2a: Corviknight|70/100 brn|[from] Recoil\n|\n|-weather|Snowscape|[upkeep]\n|-heal|p2b: Milotic|23/100 brn|[from] item: Leftovers\n|-damage|p2b: Milotic|17/100 brn|[from] brn\n|-damage|p2a: Corviknight|64/100 brn|[from] brn\n|upkeep\n|\n|t:|1776650297\n|switch|p1b: Gyarados|Gyarados, L50, M|100/100\n|-ability|p1b: Gyarados|Intimidate|boost\n|-ability|p2a: Corviknight|Mirror Armor\n|-unboost|p1b: Gyarados|atk|1\n|-unboost|p2b: Milotic|atk|1\n|-ability|p2b: Milotic|Competitive|boost\n|-boost|p2b: Milotic|spa|2\n|turn|8\n|\n|t:|1776650319\n|move|p2b: Milotic|Protect|p2b: Milotic\n|-singleturn|p2b: Milotic|Protect\n|move|p1a: Ninetales|Moonblast|p2b: Milotic\n|-activate|p2b: Milotic|move: Protect\n|move|p1b: Gyarados|Waterfall|p2a: Corviknight\n|-damage|p2a: Corviknight|53/100 brn\n|move|p2a: Corviknight|Bulk Up|p2a: Corviknight\n|-boost|p2a: Corviknight|atk|1\n|-boost|p2a: Corviknight|def|1\n|\n|-weather|Snowscape|[upkeep]\n|-heal|p2b: Milotic|23/100 brn|[from] item: Leftovers\n|-damage|p2b: Milotic|17/100 brn|[from] brn\n|-damage|p2a: Corviknight|47/100 brn|[from] brn\n|upkeep\n|turn|9\n|inactive|Miles_ath has 30 seconds left.\n|inactive|adalove has 30 seconds left.\n|\n|t:|1776650357\n|switch|p2b: Excadrill|Excadrill, L50, M|100/100\n|move|p1a: Ninetales|Moonblast|p2b: Excadrill\n|-resisted|p2b: Excadrill|1\n|-damage|p2b: Excadrill|80/100\n|move|p1b: Gyarados|Waterfall|p2a: Corviknight\n|-damage|p2a: Corviknight|39/100 brn\n|move|p2a: Corviknight|Tailwind|p2a: Corviknight\n|-sidestart|p2: adalove|move: Tailwind\n|\n|-weather|Snowscape|[upkeep]\n|-damage|p2a: Corviknight|33/100 brn|[from] brn\n|upkeep\n|turn|10\n|inactive|adalove has 30 seconds left.\n|\n|t:|1776650386\n|move|p1a: Ninetales|Protect|p1a: Ninetales\n|-singleturn|p1a: Ninetales|Protect\n|move|p2b: Excadrill|Iron Head|p1a: Ninetales\n|-activate|p1a: Ninetales|move: Protect\n|move|p2a: Corviknight|Brave Bird|p1b: Gyarados\n|-damage|p1b: Gyarados|42/100\n|-damage|p2a: Corviknight|15/100 brn|[from] Recoil\n|move|p1b: Gyarados|Waterfall|p2b: Excadrill\n|-supereffective|p2b: Excadrill|1\n|-damage|p2b: Excadrill|0 fnt\n|faint|p2b: Excadrill\n|\n|-weather|none\n|-damage|p2a: Corviknight|9/100 brn|[from] brn\n|upkeep\n|\n|t:|1776650392\n|switch|p2b: Tyranitar|Tyranitar, L50, M|100/100\n|-weather|Sandstorm|[from] ability: Sand Stream|[of] p2b: Tyranitar\n|turn|11\n|\n|t:|1776650416\n|detailschange|p2b: Tyranitar|Tyranitar-Mega, L50, M\n|-mega|p2b: Tyranitar|Tyranitar|Tyranitarite\n|move|p2b: Tyranitar|Rock Slide|p1b: Gyarados|[spread] p1a,p1b\n|-supereffective|p1a: Ninetales|1\n|-supereffective|p1b: Gyarados|1\n|-damage|p1a: Ninetales|0 fnt\n|-damage|p1b: Gyarados|0 fnt\n|faint|p1a: Ninetales\n|faint|p1b: Gyarados\n|\n|win|adalove\n|raw|Miles_ath's rating: 1234 &rarr; <strong>1204</strong><br />(-30 for losing)\n|raw|adalove's rating: 1167 &rarr; <strong>1197</strong><br />(+30 for winning)\n",
  "uploadtime": 1776650416,
  "views": 5,
  "formatid": "gen9championsvgc2026regma",
  "rating": 1197,
  "private": 0,
  "password": null
}