{
  "id": "gen9championsvgc2026regma-2581940623",
  "format": "[Gen 9 Champions] VGC 2026 Reg M-A",
  "players": [
    "magicalarcher57",
    "ika_shinobi"
  ],
  "log": "|j|\u2606magicalarcher57\n|j|\u2606ika_shinobi\n|t:|1776041667\n|gametype|doubles\n|player|p1|magicalarcher57|cynthia-masters4|\n|player|p2|ika_shinobi|102|\n|gen|9\n|tier|[Gen 9 Champions] VGC 2026 Reg M-A\n|rated|Tournament battle\n|rule|Species Clause: Limit one of each Pok\u00e9mon\n|rule|Item Clause: Limit 1 of each item\n|clearpoke\n|poke|p1|Kangaskhan, L50, F|\n|poke|p1|Farigiraf, L50, F|\n|poke|p1|Basculegion, L50, M|\n|poke|p1|Talonflame, L50, F|\n|poke|p1|Sneasler, L50, M|\n|poke|p1|Sylveon, L50, F|\n|poke|p2|Gallade, L50, M|\n|poke|p2|Kingambit, L50, M|\n|poke|p2|Incineroar, L50, M|\n|poke|p2|Farigiraf, L50, F|\n|poke|p2|Gardevoir, L50, M|\n|poke|p2|Torkoal, L50, F|\n|teampreview|4\n|j|+holdingb\n|c|\u2606magicalarcher57|glhf\n|c|\u2606ika_shinobi|glhf\n|\n|t:|1776041713\n|teamsize|p1|4\n|teamsize|p2|4\n|start\n|switch|p1a: Farigiraf|Farigiraf, L50, F, shiny|100/100\n|switch|p1b: Talonflame|Talonflame, L50, F, shiny|100/100\n|switch|p2a: Farigiraf|Farigiraf, L50, F|100/100\n|switch|p2b: Incineroar|Incineroar, L50, M|100/100\n|-ability|p2b: Incineroar|Intimidate|boost\n|-unboost|p1a: Farigiraf|atk|1\n|-unboost|p1b: Talonflame|atk|1\n|turn|1\n|\n|t:|1776041748\n|move|p1b: Talonflame|Taunt|p2a: Farigiraf\n|-start|p2a: Farigiraf|move: Taunt\n|-enditem|p2a: Farigiraf|Mental Herb\n|-end|p2a: Farigiraf|move: Taunt\n|move|p1a: Farigiraf|Hyper Voice|p2b: Incineroar|[spread] p2a,p2b\n|-damage|p2a: Farigiraf|72/100\n|-damage|p2b: Incineroar|74/100\n|move|p2a: Farigiraf|Hyper Voice|p1a: Farigiraf|[spread] p1a,p1b\n|-damage|p1a: Farigiraf|71/100\n|-damage|p1b: Talonflame|56/100\n|move|p2b: Incineroar|Darkest Lariat|p1a: Farigiraf\n|-supereffective|p1a: Farigiraf|1\n|-crit|p1a: Farigiraf\n|-enditem|p1a: Farigiraf|Colbur Berry|[eat]\n|-enditem|p1a: Farigiraf|Colbur Berry|[weaken]\n|-damage|p1a: Farigiraf|23/100\n|\n|upkeep\n|turn|2\n|\n|t:|1776041775\n|move|p1b: Talonflame|Taunt|p2a: Farigiraf\n|-start|p2a: Farigiraf|move: Taunt\n|move|p2a: Farigiraf|Hyper Voice|p1b: Talonflame|[spread] p1a,p1b\n|-damage|p1a: Farigiraf|0 fnt\n|-damage|p1b: Talonflame|15/100\n|faint|p1a: Farigiraf\n|move|p2b: Incineroar|Darkest Lariat|p1b: Talonflame\n|-crit|p1b: Talonflame\n|-damage|p1b: Talonflame|0 fnt\n|faint|p1b: Talonflame\n|\n|upkeep\n|\n|t:|1776041780\n|switch|p1b: Basculegion|Basculegion, L50, M, shiny|100/100\n|switch|p1a: Kangaskhan|Kangaskhan, L50, F, shiny|100/100\n|turn|3\n|\n|t:|1776041810\n|switch|p2a: Torkoal|Torkoal, L50, F|100/100\n|-weather|SunnyDay|[from] ability: Drought|[of] p2a: Torkoal\n|detailschange|p1a: Kangaskhan|Kangaskhan-Mega, L50, F, shiny\n|-mega|p1a: Kangaskhan|Kangaskhan|Kangaskhanite\n|move|p1a: Kangaskhan|Drain Punch|p2b: Incineroar\n|-supereffective|p2b: Incineroar|1\n|-damage|p2b: Incineroar|30/100\n|-enditem|p2b: Incineroar|Sitrus Berry|[eat]\n|-heal|p2b: Incineroar|55/100|[from] item: Sitrus Berry\n|-supereffective|p2b: Incineroar|1\n|-damage|p2b: Incineroar|44/100\n|-hitcount|p2b: Incineroar|2\n|move|p1b: Basculegion|Wave Crash|p2a: Torkoal\n|-supereffective|p2a: Torkoal|1\n|-damage|p2a: Torkoal|30/100\n|-damage|p1b: Basculegion|82/100|[from] Recoil\n|move|p2b: Incineroar|Parting Shot|p1b: Basculegion\n|-unboost|p1b: Basculegion|atk|1\n|-unboost|p1b: Basculegion|spa|1\n|\n|t:|1776041828\n|switch|p2b: Farigiraf|Farigiraf, L50, F|72/100|[from] Parting Shot\n|\n|-weather|SunnyDay|[upkeep]\n|upkeep\n|turn|4\n|j| Thogi_\n|\n|t:|1776041836\n|move|p2b: Farigiraf|Protect|p2b: Farigiraf\n|-singleturn|p2b: Farigiraf|Protect\n|move|p1a: Kangaskhan|Double-Edge|p2b: Farigiraf\n|-activate|p2b: Farigiraf|move: Protect\n|move|p1b: Basculegion|Last Respects|p2a: Torkoal\n|-damage|p2a: Torkoal|0 fnt\n|faint|p2a: Torkoal\n|\n|-weather|SunnyDay|[upkeep]\n|upkeep\n|l| Thogi_\n|\n|t:|1776041845\n|switch|p2a: Incineroar|Incineroar, L50, M|44/100\n|-ability|p2a: Incineroar|Intimidate|boost\n|-unboost|p1a: Kangaskhan|atk|1\n|-unboost|p1b: Basculegion|atk|1\n|turn|5\n|\n|t:|1776041876\n|move|p2a: Incineroar|Fake Out|p1a: Kangaskhan\n|-damage|p1a: Kangaskhan|92/100\n|cant|p1a: Kangaskhan|flinch\n|move|p1b: Basculegion|Wave Crash|p2a: Incineroar\n|-supereffective|p2a: Incineroar|1\n|-damage|p2a: Incineroar|2/100\n|-damage|p1b: Basculegion|70/100|[from] Recoil\n|move|p2b: Farigiraf|Trick Room|p2b: Farigiraf\n|-fieldstart|move: Trick Room|[of] p2b: Farigiraf\n|\n|-weather|SunnyDay|[upkeep]\n|upkeep\n|turn|6\n|\n|t:|1776041899\n|move|p1b: Basculegion|Protect|p1b: Basculegion\n|-singleturn|p1b: Basculegion|Protect\n|move|p2a: Incineroar|Darkest Lariat|p1b: Basculegion\n|-activate|p1b: Basculegion|move: Protect\n|move|p2b: Farigiraf|Psychic|p1b: Basculegion\n|-activate|p1b: Basculegion|move: Protect\n|move|p1a: Kangaskhan|Double-Edge|p2b: Farigiraf\n|-damage|p2b: Farigiraf|32/100\n|-damage|p2b: Farigiraf|23/100\n|-hitcount|p2b: Farigiraf|2\n|-damage|p1a: Kangaskhan|75/100|[from] Recoil\n|\n|-weather|SunnyDay|[upkeep]\n|upkeep\n|turn|7\n|\n|t:|1776041920\n|move|p1b: Basculegion|Protect|p1b: Basculegion\n|-singleturn|p1b: Basculegion|Protect\n|move|p2a: Incineroar|Darkest Lariat|p1b: Basculegion\n|-activate|p1b: Basculegion|move: Protect\n|move|p2b: Farigiraf|Psychic|p1b: Basculegion\n|-activate|p1b: Basculegion|move: Protect\n|move|p1a: Kangaskhan|Drain Punch|p2b: Farigiraf\n|-damage|p2b: Farigiraf|6/100\n|-heal|p1a: Kangaskhan|84/100|[from] drain|[of] p2b: Farigiraf\n|-damage|p2b: Farigiraf|2/100\n|-heal|p1a: Kangaskhan|86/100|[from] drain|[of] p2b: Farigiraf\n|-hitcount|p2b: Farigiraf|2\n|\n|-weather|none\n|upkeep\n|turn|8\n|\n|t:|1776041933\n|move|p1b: Basculegion|Protect||[still]\n|-fail|p1b: Basculegion\n|move|p2b: Farigiraf|Psychic|p1b: Basculegion\n|-damage|p1b: Basculegion|35/100\n|move|p2a: Incineroar|Darkest Lariat|p1b: Basculegion\n|-supereffective|p1b: Basculegion|1\n|-damage|p1b: Basculegion|0 fnt\n|faint|p1b: Basculegion\n|move|p1a: Kangaskhan|Drain Punch|p2b: Farigiraf\n|-damage|p2b: Farigiraf|0 fnt\n|-heal|p1a: Kangaskhan|87/100|[from] drain|[of] p2b: Farigiraf\n|faint|p2b: Farigiraf\n|-hitcount|p2: Farigiraf|1\n|\n|upkeep\n|c|\u2606ika_shinobi|3rd times the charm\n|c|\u2606magicalarcher57|lol\n|\n|t:|1776041941\n|switch|p2b: Gallade|Gallade, L50, M|100/100\n|turn|9\n|c|\u2606magicalarcher57|i had to go for it at this point\n|\n|t:|1776041948\n|move|p2a: Incineroar|Flare Blitz|p1a: Kangaskhan\n|-damage|p1a: Kangaskhan|50/100\n|-damage|p2a: Incineroar|0 fnt|[from] Recoil\n|faint|p2a: Incineroar\n|move|p2b: Gallade|Sacred Sword|p1a: Kangaskhan\n|-supereffective|p1a: Kangaskhan|1\n|-damage|p1a: Kangaskhan|0 fnt\n|faint|p1a: Kangaskhan\n|\n|win|ika_shinobi\n|n|\u2606magicalarcher57|magicalarcher57\n|n|\u2606ika_shinobi|ikashinobi\n|n| holdingb|holdingb\n|c|\u2606magicalarcher57|gg\n|c|\u2606ika_shinobi|gg\n|l|\u2606magicalarcher57\n|player|p1|\n",
  "uploadtime": 1776042016,
  "views": 8,
  "formatid": "gen9championsvgc2026regma",
  "rating": null,
  "private": 0,
  "password": null
}