{
  "id": "gen9championsvgc2026regma-2584526623",
  "format": "[Gen 9 Champions] VGC 2026 Reg M-A",
  "players": [
    "patisaluzr",
    "sleeplessNarcolept"
  ],
  "log": "|j|\u2606patisaluzr\n|j|\u2606sleeplessNarcolept\n|t:|1776266658\n|gametype|doubles\n|player|p1|patisaluzr|miku-fire|1000\n|player|p2|sleeplessNarcolept|tuber|1024\n|gen|9\n|tier|[Gen 9 Champions] VGC 2026 Reg M-A\n|rated|\n|rule|Species Clause: Limit one of each Pok\u00e9mon\n|rule|Item Clause: Limit 1 of each item\n|clearpoke\n|poke|p1|Whimsicott, L50, F|\n|poke|p1|Rotom-Heat, L50|\n|poke|p1|Garchomp, L50, M|\n|poke|p1|Incineroar, L50, M|\n|poke|p1|Charizard, L50, M|\n|poke|p1|Venusaur, L50, F|\n|poke|p2|Aurorus, L50, M|\n|poke|p2|Florges-Blue, L50, F|\n|poke|p2|Glalie, L50, F|\n|poke|p2|Froslass, L50, F|\n|poke|p2|Slowking, L50, M|\n|poke|p2|Beedrill, L50, M|\n|teampreview|4\n|inactive|Battle timer is ON: inactive players will automatically lose when time's up. (requested by patisaluzr)\n|inactive|patisaluzr has 60 seconds left.\n|inactive|sleeplessNarcolept has 60 seconds left.\n|\n|t:|1776266710\n|teamsize|p1|4\n|teamsize|p2|4\n|start\n|switch|p1a: Whimsicott|Whimsicott, L50, F|100/100\n|switch|p1b: Charizard|Charizard, L50, M|100/100\n|switch|p2a: Aurorus|Aurorus, L50, M|100/100\n|switch|p2b: Beedrill|Beedrill, L50, M|100/100\n|-weather|Snowscape|[from] ability: Snow Warning|[of] p2a: Aurorus\n|turn|1\n|\n|t:|1776266727\n|detailschange|p1b: Charizard|Charizard-Mega-Y, L50, M\n|-mega|p1b: Charizard|Charizard|Charizardite Y\n|-weather|SunnyDay|[from] ability: Drought|[of] p1b: Charizard\n|move|p1a: Whimsicott|Tailwind|p1a: Whimsicott\n|-sidestart|p1: patisaluzr|move: Tailwind\n|move|p1b: Charizard|Heat Wave|p2a: Aurorus|[spread] p2a,p2b\n|-supereffective|p2b: Beedrill|1\n|-damage|p2a: Aurorus|43/100\n|-damage|p2b: Beedrill|0 fnt\n|faint|p2b: Beedrill\n|move|p2a: Aurorus|Ancient Power|p1b: Charizard\n|-supereffective|p1b: Charizard|2\n|-damage|p1b: Charizard|0 fnt\n|faint|p1b: Charizard\n|\n|-weather|SunnyDay|[upkeep]\n|upkeep\n|\n|t:|1776266749\n|switch|p1b: Garchomp|Garchomp, L50, M|100/100\n|switch|p2b: Froslass|Froslass, L50, F|100/100\n|turn|2\n|\n|t:|1776266764\n|detailschange|p2b: Froslass|Froslass-Mega, L50, F\n|-mega|p2b: Froslass|Froslass|Froslassite\n|-weather|Snowscape|[from] ability: Snow Warning|[of] p2b: Froslass\n|move|p1a: Whimsicott|Moonblast|p2b: Froslass\n|-damage|p2b: Froslass|69/100\n|-unboost|p2b: Froslass|spa|1\n|move|p1b: Garchomp|Rock Slide|p2a: Aurorus|[spread] p2b\n|-miss|p1b: Garchomp|p2a: Aurorus\n|-supereffective|p2b: Froslass|1\n|-damage|p2b: Froslass|28/100\n|move|p2b: Froslass|Aurora Veil|p2b: Froslass\n|-sidestart|p2: sleeplessNarcolept|move: Aurora Veil\n|move|p2a: Aurorus|Blizzard|p1a: Whimsicott|[spread] p1a,p1b\n|-supereffective|p1a: Whimsicott|1\n|-supereffective|p1b: Garchomp|2\n|-enditem|p1b: Garchomp|Yache Berry|[eat]\n|-enditem|p1b: Garchomp|Yache Berry|[weaken]\n|-damage|p1a: Whimsicott|0 fnt\n|-damage|p1b: Garchomp|7/100\n|faint|p1a: Whimsicott\n|\n|-weather|Snowscape|[upkeep]\n|upkeep\n|\n|t:|1776266782\n|switch|p1a: Rotom|Rotom-Heat, L50|100/100\n|turn|3\n|\n|t:|1776266800\n|move|p1b: Garchomp|Protect|p1b: Garchomp\n|-singleturn|p1b: Garchomp|Protect\n|move|p1a: Rotom|Overheat|p2b: Froslass\n|-supereffective|p2b: Froslass|1\n|-damage|p2b: Froslass|0 fnt\n|-unboost|p1a: Rotom|spa|2\n|faint|p2b: Froslass\n|move|p2a: Aurorus|Ancient Power|p1a: Rotom\n|-supereffective|p1a: Rotom|1\n|-damage|p1a: Rotom|25/100\n|\n|-weather|Snowscape|[upkeep]\n|upkeep\n|\n|t:|1776266809\n|switch|p2b: Slowking|Slowking, L50, M|100/100\n|turn|4\n|inactive|sleeplessNarcolept has 30 seconds left.\n|\n|t:|1776266841\n|move|p1a: Rotom|Protect|p1a: Rotom\n|-singleturn|p1a: Rotom|Protect\n|move|p1b: Garchomp|Rock Slide|p2a: Aurorus|[spread] p2a,p2b\n|-supereffective|p2a: Aurorus|1\n|-damage|p2a: Aurorus|28/100\n|-damage|p2b: Slowking|86/100\n|move|p2a: Aurorus|Blizzard|p1b: Garchomp|[spread] p1b\n|-activate|p1a: Rotom|move: Protect\n|-supereffective|p1b: Garchomp|2\n|-damage|p1b: Garchomp|0 fnt\n|faint|p1b: Garchomp\n|move|p2b: Slowking|Power Gem|p1a: Rotom\n|-activate|p1a: Rotom|move: Protect\n|\n|-weather|Snowscape|[upkeep]\n|-sideend|p1: patisaluzr|move: Tailwind\n|upkeep\n|turn|5\n|\n|t:|1776266859\n|move|p1a: Rotom|Overheat|p2a: Aurorus\n|-damage|p2a: Aurorus|4/100\n|-unboost|p1a: Rotom|spa|2\n|move|p2a: Aurorus|Blizzard|p1a: Rotom\n|-resisted|p1a: Rotom|1\n|-damage|p1a: Rotom|0 fnt\n|faint|p1a: Rotom\n|\n|win|sleeplessNarcolept\n|raw|patisaluzr's rating: 1000 &rarr; <strong>1000</strong><br />(+0 for losing)\n|raw|sleeplessNarcolept's rating: 1024 &rarr; <strong>1058</strong><br />(+34 for winning)\n",
  "uploadtime": 1776266867,
  "views": 19,
  "formatid": "gen9championsvgc2026regma",
  "rating": 1000,
  "private": 0,
  "password": null
}