{
  "id": "gen9championsvgc2026regma-2586843471",
  "format": "[Gen 9 Champions] VGC 2026 Reg M-A",
  "players": [
    "toran vgc",
    "vicswayze"
  ],
  "log": "|j|\u2606toran vgc\n|j|\u2606vicswayze\n|t:|1776464611\n|gametype|doubles\n|player|p1|toran vgc|169|1211\n|player|p2|vicswayze|burglar|1303\n|gen|9\n|tier|[Gen 9 Champions] VGC 2026 Reg M-A\n|rated|\n|rule|Species Clause: Limit one of each Pok\u00e9mon\n|rule|Item Clause: Limit 1 of each item\n|clearpoke\n|poke|p1|Orthworm, L50, M|\n|poke|p1|Delphox, L50, M|\n|poke|p1|Sneasler, L50, M|\n|poke|p1|Whimsicott, L50, M|\n|poke|p1|Garchomp, L50, M|\n|poke|p1|Hydreigon, L50, F|\n|poke|p2|Glimmora, L50, F|\n|poke|p2|Ninetales-Alola, L50, M|\n|poke|p2|Gyarados, L50, F|\n|poke|p2|Volcarona, L50, F|\n|poke|p2|Garchomp, L50, F|\n|poke|p2|Orthworm, L50, M|\n|teampreview|4\n|\n|t:|1776464714\n|teamsize|p1|4\n|teamsize|p2|4\n|start\n|switch|p1a: Delphox|Delphox, L50, M|100/100\n|switch|p1b: Garchomp|Garchomp, L50, M|100/100\n|switch|p2a: Gyarados|Gyarados, L50, F|100/100\n|switch|p2b: Garchomp|Garchomp, L50, F|100/100\n|-ability|p2a: Gyarados|Intimidate|boost\n|-unboost|p1a: Delphox|atk|1\n|-unboost|p1b: Garchomp|atk|1\n|turn|1\n|\n|t:|1776464749\n|detailschange|p1a: Delphox|Delphox-Mega, L50, M\n|-mega|p1a: Delphox|Delphox|Delphoxite\n|move|p2b: Garchomp|Dragon Claw|p1b: Garchomp\n|-supereffective|p1b: Garchomp|1\n|-damage|p1b: Garchomp|15/100\n|-damage|p2b: Garchomp|88/100|[from] ability: Rough Skin|[of] p1b: Garchomp\n|move|p1b: Garchomp|Dragon Claw|p2b: Garchomp\n|-supereffective|p2b: Garchomp|1\n|-damage|p2b: Garchomp|26/100\n|-damage|p1b: Garchomp|2/100|[from] ability: Rough Skin|[of] p2b: Garchomp\n|move|p1a: Delphox|Psychic|p2b: Garchomp\n|-damage|p2b: Garchomp|0 fnt\n|faint|p2b: Garchomp\n|move|p2a: Gyarados|Dragon Dance|p2a: Gyarados\n|-boost|p2a: Gyarados|atk|1\n|-boost|p2a: Gyarados|spe|1\n|\n|upkeep\n|\n|t:|1776464767\n|switch|p2b: Glimmora|Glimmora, L50, F|100/100\n|turn|2\n|\n|t:|1776464778\n|switch|p2b: Orthworm|Orthworm, L50, M|100/100\n|move|p1a: Delphox|Protect|p1a: Delphox\n|-singleturn|p1a: Delphox|Protect\n|move|p1b: Garchomp|Dragon Claw|p2a: Gyarados\n|-damage|p2a: Gyarados|61/100\n|move|p2a: Gyarados|Waterfall|p1a: Delphox\n|-activate|p1a: Delphox|move: Protect\n|\n|upkeep\n|turn|3\n|\n|t:|1776464790\n|switch|p1b: Sneasler|Sneasler, L50, M|100/100\n|switch|p1a: Whimsicott|Whimsicott, L50, M|100/100\n|move|p2a: Gyarados|Waterfall|p1a: Whimsicott\n|-resisted|p1a: Whimsicott|1\n|-damage|p1a: Whimsicott|67/100\n|move|p2b: Orthworm|Shed Tail|p2b: Orthworm\n|-start|p2b: Orthworm|Substitute|[from] move: Shed Tail\n|-damage|p2b: Orthworm|50/100\n|-enditem|p2b: Orthworm|Sitrus Berry|[eat]\n|-heal|p2b: Orthworm|75/100|[from] item: Sitrus Berry\n|\n|t:|1776464793\n|switch|p2b: Glimmora|Glimmora, L50, F|100/100|[from] Shed Tail\n|\n|upkeep\n|turn|4\n|inactive|Battle timer is ON: inactive players will automatically lose when time's up. (requested by vicswayze)\n|\n|t:|1776464808\n|detailschange|p2b: Glimmora|Glimmora-Mega, L50, F\n|-mega|p2b: Glimmora|Glimmora|Glimmoranite\n|move|p2a: Gyarados|Protect|p2a: Gyarados\n|-singleturn|p2a: Gyarados|Protect\n|move|p1a: Whimsicott|Tailwind|p1a: Whimsicott\n|-sidestart|p1: toran vgc|move: Tailwind\n|move|p1b: Sneasler|Close Combat|p2b: Glimmora\n|-end|p2b: Glimmora|Substitute\n|-unboost|p1b: Sneasler|def|1\n|-unboost|p1b: Sneasler|spd|1\n|-enditem|p1b: Sneasler|White Herb\n|-clearnegativeboost|p1b: Sneasler|[silent]\n|move|p2b: Glimmora|Sludge Bomb|p1a: Whimsicott\n|-supereffective|p1a: Whimsicott|2\n|-damage|p1a: Whimsicott|0 fnt\n|faint|p1a: Whimsicott\n|\n|upkeep\n|\n|t:|1776464824\n|switch|p1a: Garchomp|Garchomp, L50, M|2/100\n|turn|5\n|\n|t:|1776464833\n|move|p2b: Glimmora|Spiky Shield|p2b: Glimmora\n|-singleturn|p2b: Glimmora|move: Protect\n|move|p1b: Sneasler|Dire Claw|p2a: Gyarados\n|-damage|p2a: Gyarados|6/100\n|-status|p2a: Gyarados|par\n|move|p1a: Garchomp|Rock Slide|p2b: Glimmora|[spread] p2a\n|-activate|p2b: Glimmora|move: Protect\n|-supereffective|p2a: Gyarados|1\n|-damage|p2a: Gyarados|0 fnt\n|faint|p2a: Gyarados\n|\n|upkeep\n|\n|t:|1776464835\n|switch|p2a: Orthworm|Orthworm, L50, M|75/100\n|turn|6\n|inactive|vicswayze has 30 seconds left.\n|\n|t:|1776464869\n|move|p1b: Sneasler|Close Combat|p2a: Orthworm\n|-supereffective|p2a: Orthworm|1\n|-damage|p2a: Orthworm|7/100\n|-unboost|p1b: Sneasler|def|1\n|-unboost|p1b: Sneasler|spd|1\n|move|p1a: Garchomp|Rock Slide|p2a: Orthworm|[spread] p2a,p2b\n|-resisted|p2a: Orthworm|1\n|-damage|p2a: Orthworm|2/100\n|-damage|p2b: Glimmora|79/100\n|cant|p2b: Glimmora|flinch\n|move|p2a: Orthworm|Iron Defense|p2a: Orthworm\n|-boost|p2a: Orthworm|def|2\n|\n|upkeep\n|turn|7\n|\n|t:|1776464885\n|move|p1b: Sneasler|Close Combat|p2b: Glimmora\n|-damage|p2b: Glimmora|16/100\n|-unboost|p1b: Sneasler|def|1\n|-unboost|p1b: Sneasler|spd|1\n|move|p1a: Garchomp|Rock Slide|p2a: Orthworm|[spread] p2a\n|-miss|p1a: Garchomp|p2b: Glimmora\n|-resisted|p2a: Orthworm|1\n|-damage|p2a: Orthworm|0 fnt\n|faint|p2a: Orthworm\n|move|p2b: Glimmora|Earth Power|p1b: Sneasler\n|-supereffective|p1b: Sneasler|1\n|-damage|p1b: Sneasler|0 fnt\n|faint|p1b: Sneasler\n|\n|-sideend|p1: toran vgc|move: Tailwind\n|upkeep\n|\n|t:|1776464888\n|switch|p1b: Delphox|Delphox-Mega, L50, M|100/100\n|turn|8\n|\n|t:|1776464894\n|move|p1a: Garchomp|Rock Slide|p2b: Glimmora\n|-damage|p2b: Glimmora|0 fnt\n|faint|p2b: Glimmora\n|\n|win|toran vgc\n|raw|toran vgc's rating: 1211 &rarr; <strong>1242</strong><br />(+31 for winning)\n|raw|vicswayze's rating: 1303 &rarr; <strong>1278</strong><br />(-25 for losing)\n|l|\u2606vicswayze\n|player|p2|\n|c|\u2606toran vgc|Ggs\n",
  "uploadtime": 1776464907,
  "views": 38,
  "formatid": "gen9championsvgc2026regma",
  "rating": 1242,
  "private": 0,
  "password": null
}