{
  "id": "gen9championsvgc2026regma-2588278669",
  "format": "[Gen 9 Champions] VGC 2026 Reg M-A",
  "players": [
    "ratbas",
    "Kalaphant"
  ],
  "log": "|j|\u2606ratbas\n|j|\u2606Kalaphant\n|t:|1776620440\n|gametype|doubles\n|player|p1|ratbas|boarder|1052\n|player|p2|Kalaphant|170|1054\n|gen|9\n|tier|[Gen 9 Champions] VGC 2026 Reg M-A\n|rated|\n|rule|Species Clause: Limit one of each Pok\u00e9mon\n|rule|Item Clause: Limit 1 of each item\n|clearpoke\n|poke|p1|Sneasler, L50, M, shiny|\n|poke|p1|Kingambit, L50, M, shiny|\n|poke|p1|Whimsicott, L50, M, shiny|\n|poke|p1|Tyranitar, L50, M, shiny|\n|poke|p1|Incineroar, L50, M, shiny|\n|poke|p1|Froslass, L50, F, shiny|\n|poke|p2|Gengar, L50, F|\n|poke|p2|Incineroar, L50, F|\n|poke|p2|Charizard, L50, M|\n|poke|p2|Sneasler, L50, M|\n|poke|p2|Sinistcha, L50|\n|poke|p2|Milotic, L50, M|\n|teampreview|4\n|inactive|Battle timer is ON: inactive players will automatically lose when time's up. (requested by Kalaphant)\nKalaphant has agreed to open team sheets.\n|c|\u2606Kalaphant|glhf\n|inactive|Kalaphant has 60 seconds left.\n|\n|t:|1776620476\n|teamsize|p1|4\n|teamsize|p2|4\n|start\n|switch|p1a: Incineroar|Incineroar, L50, M, shiny|100/100\n|switch|p1b: Whimsicott|Whimsicott, L50, M, shiny|100/100\n|switch|p2a: Charizard|Charizard, L50, M|100/100\n|switch|p2b: Milotic|Milotic, L50, M|100/100\n|-ability|p1a: Incineroar|Intimidate|boost\n|-unboost|p2a: Charizard|atk|1\n|-unboost|p2b: Milotic|atk|1\n|-ability|p2b: Milotic|Competitive|boost\n|-boost|p2b: Milotic|spa|2\n|turn|1\n|inactive|Kalaphant has 30 seconds left.\n|inactive|Kalaphant has 20 seconds left.\n|inactive|Kalaphant has 15 seconds left.\n|\n|t:|1776620516\n|detailschange|p2a: Charizard|Charizard-Mega-Y, L50, M\n|-mega|p2a: Charizard|Charizard|Charizardite Y\n|-weather|SunnyDay|[from] ability: Drought|[of] p2a: Charizard\n|move|p1b: Whimsicott|Protect|p1b: Whimsicott\n|-singleturn|p1b: Whimsicott|Protect\n|move|p1a: Incineroar|Fake Out|p2a: Charizard\n|-damage|p2a: Charizard|82/100\n|cant|p2a: Charizard|flinch\n|move|p2b: Milotic|Scald|p1a: Incineroar\n|-supereffective|p1a: Incineroar|1\n|-damage|p1a: Incineroar|30/100\n|\n|-weather|SunnyDay|[upkeep]\n|upkeep\n|turn|2\n|\n|t:|1776620540\n|move|p1b: Whimsicott|Tailwind|p1b: Whimsicott\n|-sidestart|p1: ratbas|move: Tailwind\n|move|p2a: Charizard|Weather Ball|p1b: Whimsicott\n|-supereffective|p1b: Whimsicott|1\n|-enditem|p1b: Whimsicott|Focus Sash\n|-damage|p1b: Whimsicott|1/100\n|move|p1a: Incineroar|Parting Shot|p2a: Charizard\n|-unboost|p2a: Charizard|atk|1\n|-unboost|p2a: Charizard|spa|1\n|\n|t:|1776620551\n|switch|p1a: Sneasler|Sneasler, L50, M, shiny|100/100|[from] Parting Shot\n|move|p2b: Milotic|Icy Wind|p1a: Sneasler|[spread] p1a,p1b\n|-supereffective|p1b: Whimsicott|1\n|-damage|p1a: Sneasler|65/100\n|-damage|p1b: Whimsicott|0 fnt\n|-unboost|p1a: Sneasler|spe|1\n|faint|p1b: Whimsicott\n|-enditem|p1a: Sneasler|White Herb\n|-clearnegativeboost|p1a: Sneasler|[silent]\n|\n|-weather|SunnyDay|[upkeep]\n|upkeep\n|\n|t:|1776620563\n|switch|p1b: Tyranitar|Tyranitar, L50, M, shiny|100/100\n|-weather|Sandstorm|[from] ability: Sand Stream|[of] p1b: Tyranitar\n|turn|3\n|inactive|ratbas has 30 seconds left.\n|\n|t:|1776620589\n|switch|p2a: Incineroar|Incineroar, L50, F|100/100\n|-ability|p2a: Incineroar|Intimidate|boost\n|-unboost|p1a: Sneasler|atk|1\n|-unboost|p1b: Tyranitar|atk|1\n|detailschange|p1b: Tyranitar|Tyranitar-Mega, L50, M, shiny\n|-mega|p1b: Tyranitar|Tyranitar|Tyranitarite\n|move|p1a: Sneasler|Fake Out|p2b: Milotic\n|-damage|p2b: Milotic|90/100\n|move|p1b: Tyranitar|Crunch|p2a: Incineroar\n|-resisted|p2a: Incineroar|1\n|-damage|p2a: Incineroar|87/100\n|cant|p2b: Milotic|flinch\n|\n|-weather|Sandstorm|[upkeep]\n|-damage|p1a: Sneasler|59/100|[from] Sandstorm\n|-damage|p2b: Milotic|84/100|[from] Sandstorm\n|-damage|p2a: Incineroar|81/100|[from] Sandstorm\n|-heal|p2b: Milotic|90/100|[from] item: Leftovers\n|upkeep\n|turn|4\n|inactive|Kalaphant has 30 seconds left.\n|inactive|Kalaphant has 20 seconds left.\n|inactive|Kalaphant has 15 seconds left.\n|\n|t:|1776620633\n|move|p2a: Incineroar|Fake Out|p1b: Tyranitar\n|-resisted|p1b: Tyranitar|1\n|-damage|p1b: Tyranitar|97/100\n|move|p1a: Sneasler|Close Combat|p2a: Incineroar\n|-supereffective|p2a: Incineroar|1\n|-enditem|p2a: Incineroar|Chople Berry|[eat]\n|-enditem|p2a: Incineroar|Chople Berry|[weaken]\n|-damage|p2a: Incineroar|45/100\n|-unboost|p1a: Sneasler|def|1\n|-unboost|p1a: Sneasler|spd|1\n|cant|p1b: Tyranitar|flinch\n|move|p2b: Milotic|Icy Wind|p1a: Sneasler|[spread] p1a\n|-miss|p2b: Milotic|p1b: Tyranitar\n|-damage|p1a: Sneasler|6/100\n|-unboost|p1a: Sneasler|spe|1\n|\n|-weather|Sandstorm|[upkeep]\n|-damage|p1a: Sneasler|0 fnt|[from] Sandstorm\n|-damage|p2b: Milotic|84/100|[from] Sandstorm\n|-damage|p2a: Incineroar|39/100|[from] Sandstorm\n|faint|p1a: Sneasler\n|-heal|p2b: Milotic|90/100|[from] item: Leftovers\n|upkeep\n|inactive|ratbas has 30 seconds left.\n|\n|t:|1776620659\n|switch|p1a: Incineroar|Incineroar, L50, M, shiny|30/100\n|-ability|p1a: Incineroar|Intimidate|boost\n|-unboost|p2a: Incineroar|atk|1\n|-unboost|p2b: Milotic|atk|1\n|-ability|p2b: Milotic|Competitive|boost\n|-boost|p2b: Milotic|spa|2\n|turn|5\n|inactive|Kalaphant has 30 seconds left.\n|\n|t:|1776620688\n|move|p1a: Incineroar|Fake Out|p2b: Milotic\n|-damage|p2b: Milotic|77/100\n|move|p1b: Tyranitar|Brick Break|p2a: Incineroar\n|-supereffective|p2a: Incineroar|1\n|-damage|p2a: Incineroar|0 fnt\n|faint|p2a: Incineroar\n|cant|p2b: Milotic|flinch\n|\n|-weather|Sandstorm|[upkeep]\n|-damage|p1a: Incineroar|24/100|[from] Sandstorm\n|-damage|p2b: Milotic|71/100|[from] Sandstorm\n|-heal|p2b: Milotic|77/100|[from] item: Leftovers\n|-sideend|p1: ratbas|move: Tailwind\n|upkeep\n|\n|t:|1776620699\n|switch|p2a: Charizard|Charizard-Mega-Y, L50, M|82/100\n|-weather|SunnyDay|[from] ability: Drought|[of] p2a: Charizard\n|turn|6\n|\n|t:|1776620713\n|move|p1a: Incineroar|Protect|p1a: Incineroar\n|-singleturn|p1a: Incineroar|Protect\n|move|p2a: Charizard|Solar Beam||[still]\n|-prepare|p2a: Charizard|Solar Beam\n|-anim|p2a: Charizard|Solar Beam|p1b: Tyranitar\n|-supereffective|p1b: Tyranitar|1\n|-damage|p1b: Tyranitar|25/100\n|move|p2b: Milotic|Icy Wind|p1b: Tyranitar|[spread] p1b\n|-activate|p1a: Incineroar|move: Protect\n|-damage|p1b: Tyranitar|0 fnt\n|faint|p1b: Tyranitar\n|\n|-weather|SunnyDay|[upkeep]\n|-heal|p2b: Milotic|83/100|[from] item: Leftovers\n|upkeep\n|turn|7\n|\n|t:|1776620733\n|move|p2a: Charizard|Weather Ball|p1a: Incineroar\n|-resisted|p1a: Incineroar|1\n|-damage|p1a: Incineroar|0 fnt\n|faint|p1a: Incineroar\n|\n|win|Kalaphant\n|raw|ratbas's rating: 1052 &rarr; <strong>1034</strong><br />(-18 for losing)\n|raw|Kalaphant's rating: 1054 &rarr; <strong>1086</strong><br />(+32 for winning)\n",
  "uploadtime": 1776620733,
  "views": 9,
  "formatid": "gen9championsvgc2026regma",
  "rating": 1034,
  "private": 0,
  "password": null
}