{
  "id": "gen9championsvgc2026regma-2588905956",
  "format": "[Gen 9 Champions] VGC 2026 Reg M-A",
  "players": [
    "gundi8",
    "acor1000"
  ],
  "log": "|j|\u2606gundi8\n|j|\u2606acor1000\n|t:|1776684541\n|gametype|doubles\n|player|p1|gundi8|ethan|1082\n|player|p2|acor1000|lance|1098\n|gen|9\n|tier|[Gen 9 Champions] VGC 2026 Reg M-A\n|rated|\n|rule|Species Clause: Limit one of each Pok\u00e9mon\n|rule|Item Clause: Limit 1 of each item\n|clearpoke\n|poke|p1|Venusaur, L50, M, shiny|\n|poke|p1|Incineroar, L50, M, shiny|\n|poke|p1|Tyranitar, L50, F|\n|poke|p1|Garchomp, L50, M|\n|poke|p1|Rotom-Wash, L50|\n|poke|p1|Gardevoir, L50, F|\n|poke|p2|Steelix, L50, F|\n|poke|p2|Runerigus, L50, M|\n|poke|p2|Incineroar, L50, M|\n|poke|p2|Maushold, L50|\n|poke|p2|Lucario, L50, F|\n|poke|p2|Gengar, L50, M|\n|teampreview|4\n|inactive|Battle timer is ON: inactive players will automatically lose when time's up. (requested by gundi8)\n|inactive|gundi8 has 60 seconds left.\n|inactive|gundi8 has 30 seconds left.\n|inactive|gundi8 has 20 seconds left.\n|inactive|gundi8 has 15 seconds left.\n|inactive|gundi8 has 10 seconds left.\n|inactive|gundi8 has 5 seconds left.\n|\n|t:|1776684630\n|teamsize|p1|4\n|teamsize|p2|4\n|start\n|switch|p1a: Venusaur|Venusaur, L50, M, shiny|100/100\n|switch|p1b: Rotom|Rotom-Wash, L50|100/100\n|switch|p2a: Runerigus|Runerigus, L50, M|100/100\n|switch|p2b: Incineroar|Incineroar, L50, M|100/100\n|-ability|p2b: Incineroar|Intimidate|boost\n|-unboost|p1a: Venusaur|atk|1\n|-unboost|p1b: Rotom|atk|1\n|turn|1\n|\n|t:|1776684649\n|detailschange|p1a: Venusaur|Venusaur-Mega, L50, M, shiny\n|-mega|p1a: Venusaur|Venusaur|Venusaurite\n|move|p2b: Incineroar|Fake Out|p1b: Rotom\n|-damage|p1b: Rotom|84/100\n|cant|p1b: Rotom|flinch\n|move|p1a: Venusaur|Leech Seed|p2a: Runerigus\n|-start|p2a: Runerigus|move: Leech Seed\n|move|p2a: Runerigus|Trick Room|p2a: Runerigus\n|-fieldstart|move: Trick Room|[of] p2a: Runerigus\n|\n|-damage|p2a: Runerigus|88/100|[from] Leech Seed|[of] p1a: Venusaur\n|upkeep\n|turn|2\n|inactive|acor1000 has 30 seconds left.\n|\n|t:|1776684678\n|move|p2a: Runerigus|Sandstorm|p2a: Runerigus\n|-weather|Sandstorm\n|move|p2b: Incineroar|Parting Shot|p1b: Rotom\n|-unboost|p1b: Rotom|atk|1\n|-unboost|p1b: Rotom|spa|1\n|\n|t:|1776684683\n|switch|p2b: Steelix|Steelix, L50, F|100/100|[from] Parting Shot\n|move|p1a: Venusaur|Leech Seed|p2b: Steelix\n|-start|p2b: Steelix|move: Leech Seed\n|move|p1b: Rotom|Will-O-Wisp|p2a: Runerigus\n|-status|p2a: Runerigus|brn\n|\n|-weather|Sandstorm|[upkeep]\n|-damage|p1a: Venusaur|95/100|[from] Sandstorm\n|-damage|p1b: Rotom|78/100|[from] Sandstorm\n|-damage|p2a: Runerigus|76/100 brn|[from] Leech Seed|[of] p1a: Venusaur\n|-heal|p1a: Venusaur|100/100|[silent]\n|-damage|p2b: Steelix|88/100|[from] Leech Seed|[of] p1a: Venusaur\n|-damage|p2a: Runerigus|70/100 brn|[from] brn\n|upkeep\n|turn|3\n|\n|t:|1776684705\n|detailschange|p2b: Steelix|Steelix-Mega, L50, F\n|-mega|p2b: Steelix|Steelix|Steelixite\n|move|p2b: Steelix|Rock Slide|p1b: Rotom|[spread] p1a,p1b\n|-damage|p1a: Venusaur|77/100\n|-damage|p1b: Rotom|47/100\n|-enditem|p1b: Rotom|Sitrus Berry|[eat]\n|-heal|p1b: Rotom|72/100|[from] item: Sitrus Berry\n|move|p2a: Runerigus|Night Shade|p1b: Rotom\n|-damage|p1b: Rotom|40/100\n|move|p1a: Venusaur|Earth Power|p2b: Steelix\n|-supereffective|p2b: Steelix|1\n|-damage|p2b: Steelix|25/100\n|move|p1b: Rotom|Will-O-Wisp|p2b: Steelix\n|-status|p2b: Steelix|brn\n|\n|-weather|Sandstorm|[upkeep]\n|-damage|p1a: Venusaur|71/100|[from] Sandstorm\n|-damage|p1b: Rotom|34/100|[from] Sandstorm\n|-damage|p2b: Steelix|13/100 brn|[from] Leech Seed|[of] p1a: Venusaur\n|-heal|p1a: Venusaur|83/100|[silent]\n|-damage|p2a: Runerigus|58/100 brn|[from] Leech Seed|[of] p1a: Venusaur\n|-heal|p1a: Venusaur|94/100|[silent]\n|-damage|p2a: Runerigus|52/100 brn|[from] brn\n|-damage|p2b: Steelix|7/100 brn|[from] brn\n|upkeep\n|turn|4\n|inactive|gundi8 has 30 seconds left.\n|inactive|acor1000 has 30 seconds left.\n|\n|t:|1776684736\n|move|p2a: Runerigus|Night Shade|p1b: Rotom\n|-damage|p1b: Rotom|2/100\n|move|p2b: Steelix|High Horsepower|p1a: Venusaur\n|-damage|p1a: Venusaur|65/100\n|move|p1a: Venusaur|Leech Seed||[still]\n|-fail|p1a: Venusaur\n|move|p1b: Rotom|Hydro Pump|p2a: Runerigus\n|-supereffective|p2a: Runerigus|1\n|-damage|p2a: Runerigus|0 fnt\n|faint|p2a: Runerigus\n|\n|-weather|Sandstorm|[upkeep]\n|-damage|p1a: Venusaur|59/100|[from] Sandstorm\n|-damage|p1b: Rotom|0 fnt|[from] Sandstorm\n|faint|p1b: Rotom\n|-damage|p2b: Steelix|0 fnt|[from] Leech Seed|[of] p1a: Venusaur\n|-heal|p1a: Venusaur|65/100|[silent]\n|faint|p2b: Steelix\n|upkeep\n|\n|t:|1776684753\n|switch|p2a: Incineroar|Incineroar, L50, M|100/100\n|switch|p2b: Maushold|Maushold, L50|100/100\n|switch|p1b: Garchomp|Garchomp, L50, M|100/100\n|-ability|p2a: Incineroar|Intimidate|boost\n|-unboost|p1a: Venusaur|atk|1\n|-unboost|p1b: Garchomp|atk|1\n|-enditem|p1b: Garchomp|White Herb\n|-clearnegativeboost|p1b: Garchomp|[silent]\n|turn|5\n|\n|t:|1776684770\n|move|p2a: Incineroar|Flare Blitz|p1a: Venusaur\n|-supereffective|p1a: Venusaur|1\n|-damage|p1a: Venusaur|15/100\n|-damage|p2a: Incineroar|86/100|[from] Recoil\n|move|p1a: Venusaur|Leech Seed|p2b: Maushold\n|-start|p2b: Maushold|move: Leech Seed\n|move|p1b: Garchomp|Stone Edge|p2a: Incineroar\n|-supereffective|p2a: Incineroar|1\n|-damage|p2a: Incineroar|32/100\n|-enditem|p2a: Incineroar|Sitrus Berry|[eat]\n|-heal|p2a: Incineroar|56/100|[from] item: Sitrus Berry\n|move|p2b: Maushold|Super Fang|p1b: Garchomp\n|-damage|p1b: Garchomp|51/100\n|-damage|p2b: Maushold|88/100|[from] ability: Rough Skin|[of] p1b: Garchomp\n|\n|-weather|Sandstorm|[upkeep]\n|-damage|p2a: Incineroar|50/100|[from] Sandstorm\n|-damage|p1a: Venusaur|10/100|[from] Sandstorm\n|-damage|p2b: Maushold|82/100|[from] Sandstorm\n|-damage|p2b: Maushold|70/100|[from] Leech Seed|[of] p1a: Venusaur\n|-heal|p1a: Venusaur|21/100|[silent]\n|-fieldend|move: Trick Room\n|upkeep\n|turn|6\n|\n|t:|1776684789\n|move|p1a: Venusaur|Protect|p1a: Venusaur\n|-singleturn|p1a: Venusaur|Protect\n|move|p2b: Maushold|Follow Me|p2b: Maushold\n|-singleturn|p2b: Maushold|move: Follow Me\n|move|p1b: Garchomp|Earthquake|p2b: Maushold|[spread] p2a,p2b\n|-activate|p1a: Venusaur|move: Protect\n|-supereffective|p2a: Incineroar|1\n|-damage|p2a: Incineroar|0 fnt\n|-damage|p2b: Maushold|17/100\n|faint|p2a: Incineroar\n|\n|-weather|none\n|-damage|p2b: Maushold|4/100|[from] Leech Seed|[of] p1a: Venusaur\n|-heal|p1a: Venusaur|33/100|[silent]\n|upkeep\n|turn|7\n|-message|acor1000 forfeited.\n|\n|win|gundi8\n|raw|gundi8's rating: 1082 &rarr; <strong>1111</strong><br />(+29 for winning)\n|raw|acor1000's rating: 1098 &rarr; <strong>1072</strong><br />(-26 for losing)\n",
  "uploadtime": 1776684806,
  "views": 11,
  "formatid": "gen9championsvgc2026regma",
  "rating": 1072,
  "private": 0,
  "password": null
}