{
  "id": "gen9championsvgc2026regma-2580841254",
  "format": "[Gen 9 Champions] VGC 2026 Reg M-A",
  "players": [
    "joeboy33",
    "Autin Mago"
  ],
  "log": "|j|\u2606joeboy33\n|j|\u2606Autin Mago\n|t:|1775936851\n|gametype|doubles\n|player|p1|joeboy33|265|1104\n|player|p2|Autin Mago|flannery|1046\n|gen|9\n|tier|[Gen 9 Champions] VGC 2026 Reg M-A\n|rated|\n|rule|Species Clause: Limit one of each Pok\u00e9mon\n|rule|Item Clause: Limit 1 of each item\n|clearpoke\n|poke|p1|Camerupt, L50, M|\n|poke|p1|Hatterene, L50, F|\n|poke|p1|Incineroar, L50, M|\n|poke|p1|Slowking, L50, M|\n|poke|p1|Crabominable, L50, M|\n|poke|p1|Tsareena, L50, F|\n|poke|p2|Floette-Eternal, L50, F|\n|poke|p2|Maushold-Four, L50|\n|poke|p2|Sneasler, L50, F|\n|poke|p2|Talonflame, L50, M|\n|poke|p2|Corviknight, L50, F|\n|poke|p2|Garchomp, L50, M|\n|teampreview|4\n|c|\u2606Autin Mago|Glhf!\nAutin Mago has agreed to open team sheets.\njoeboy33 rejected open team sheets.\n|c|\u2606joeboy33|u2\n|\n|t:|1775936890\n|teamsize|p1|4\n|teamsize|p2|4\n|start\n|switch|p1a: Aoi Todo|Incineroar, L50, M|100/100\n|switch|p1b: Fumihiko Takaba|Slowking, L50, M|100/100\n|switch|p2a: Floette|Floette-Eternal, L50, F|100/100\n|switch|p2b: Maushold|Maushold-Four, L50|100/100\n|-ability|p1a: Aoi Todo|Intimidate|boost\n|-unboost|p2a: Floette|atk|1\n|-unboost|p2b: Maushold|atk|1\n|turn|1\n|\n|t:|1775936903\n|detailschange|p2a: Floette|Floette-Mega, L50, F\n|-mega|p2a: Floette|Floette|Floettite\n|-ability|p2a: Floette|Fairy Aura\n|move|p1a: Aoi Todo|Fake Out|p2a: Floette\n|-damage|p2a: Floette|87/100\n|move|p2b: Maushold|Taunt|p1b: Fumihiko Takaba\n|-immune|p1b: Fumihiko Takaba|[from] ability: Oblivious\n|cant|p2a: Floette|flinch\n|move|p1b: Fumihiko Takaba|Trick Room|p1b: Fumihiko Takaba\n|-fieldstart|move: Trick Room|[of] p1b: Fumihiko Takaba\n|\n|upkeep\n|turn|2\n|\n|t:|1775936931\n|move|p2b: Maushold|Follow Me|p2b: Maushold\n|-singleturn|p2b: Maushold|move: Follow Me\n|move|p1b: Fumihiko Takaba|Psychic|p2b: Maushold\n|-damage|p2b: Maushold|57/100\n|move|p1a: Aoi Todo|Flare Blitz|p2b: Maushold\n|-damage|p2b: Maushold|0 fnt\n|faint|p2b: Maushold\n|-damage|p1a: Aoi Todo|84/100|[from] Recoil\n|move|p2a: Floette|Calm Mind|p2a: Floette\n|-boost|p2a: Floette|spa|1\n|-boost|p2a: Floette|spd|1\n|\n|upkeep\n|\n|t:|1775936945\n|switch|p2b: Sneasler|Sneasler, L50, F, shiny|100/100\n|turn|3\n|\n|t:|1775936952\n|move|p2b: Sneasler|Fake Out|p1b: Fumihiko Takaba\n|-damage|p1b: Fumihiko Takaba|90/100\n|-prepare|p1b: Fumihiko Takaba|Chilly Reception|[premajor]\n|cant|p1b: Fumihiko Takaba|flinch\n|move|p1a: Aoi Todo|Parting Shot|p2a: Floette\n|-unboost|p2a: Floette|atk|1\n|-unboost|p2a: Floette|spa|1\n|\n|t:|1775936959\n|switch|p1a: Jane Juliet|Crabominable, L50, M|100/100|[from] Parting Shot\n|move|p2a: Floette|Dazzling Gleam|p1b: Fumihiko Takaba|[spread] p1a,p1b\n|-supereffective|p1a: Jane Juliet|1\n|-damage|p1a: Jane Juliet|0 fnt\n|-damage|p1b: Fumihiko Takaba|48/100\n|faint|p1a: Jane Juliet\n|\n|upkeep\n|\n|t:|1775936966\n|switch|p1a: Aoi Todo|Incineroar, L50, M|84/100\n|-ability|p1a: Aoi Todo|Intimidate|boost\n|-unboost|p2a: Floette|atk|1\n|-unboost|p2b: Sneasler|atk|1\n|-enditem|p2b: Sneasler|White Herb\n|-clearnegativeboost|p2b: Sneasler|[silent]\n|turn|4\n|\n|t:|1775936982\n|move|p2a: Floette|Protect|p2a: Floette\n|-singleturn|p2a: Floette|Protect\n|move|p2b: Sneasler|Protect|p2b: Sneasler\n|-singleturn|p2b: Sneasler|Protect\n|move|p1a: Aoi Todo|Fake Out|p2a: Floette\n|-activate|p2a: Floette|move: Protect\n|move|p1b: Fumihiko Takaba|Psychic|p2b: Sneasler\n|-activate|p2b: Sneasler|move: Protect\n|\n|upkeep\n|turn|5\n|\n|t:|1775937000\n|switch|p2b: Garchomp|Garchomp, L50, M|100/100\n|move|p1b: Fumihiko Takaba|Psychic|p2b: Garchomp\n|-damage|p2b: Garchomp|71/100\n|move|p1a: Aoi Todo|Flare Blitz|p2a: Floette\n|-damage|p2a: Floette|19/100\n|-damage|p1a: Aoi Todo|63/100|[from] Recoil\n|move|p2a: Floette|Dazzling Gleam|p1b: Fumihiko Takaba|[spread] p1a,p1b\n|-crit|p1b: Fumihiko Takaba\n|-damage|p1a: Aoi Todo|11/100\n|-damage|p1b: Fumihiko Takaba|0 fnt\n|-enditem|p1a: Aoi Todo|Sitrus Berry|[eat]\n|-heal|p1a: Aoi Todo|36/100|[from] item: Sitrus Berry\n|faint|p1b: Fumihiko Takaba\n|\n|-fieldend|move: Trick Room\n|upkeep\n|\n|t:|1775937015\n|switch|p1b: Nobara Kugisaki|Hatterene, L50, F, shiny|100/100\n|turn|6\n|\n|t:|1775937034\n|move|p2b: Garchomp|Earthquake|p1b: Nobara Kugisaki|[spread] p2a,p1a,p1b\n|-supereffective|p1a: Aoi Todo|1\n|-damage|p2a: Floette|0 fnt\n|-damage|p1a: Aoi Todo|0 fnt\n|-damage|p1b: Nobara Kugisaki|32/100\n|faint|p2a: Floette\n|faint|p1a: Aoi Todo\n|move|p1b: Nobara Kugisaki|Trick Room|p1b: Nobara Kugisaki\n|-fieldstart|move: Trick Room|[of] p1b: Nobara Kugisaki\n|\n|upkeep\n|\n|t:|1775937037\n|switch|p2a: Sneasler|Sneasler, L50, F, shiny|100/100\n|turn|7\n|\n|t:|1775937045\n|move|p1b: Nobara Kugisaki|Protect|p1b: Nobara Kugisaki\n|-singleturn|p1b: Nobara Kugisaki|Protect\n|move|p2a: Sneasler|Fake Out|p1b: Nobara Kugisaki\n|-activate|p1b: Nobara Kugisaki|move: Protect\n|move|p2b: Garchomp|Rock Slide|p1b: Nobara Kugisaki\n|-activate|p1b: Nobara Kugisaki|move: Protect\n|\n|upkeep\n|turn|8\n|\n|t:|1775937059\n|move|p2b: Garchomp|Protect|p2b: Garchomp\n|-singleturn|p2b: Garchomp|Protect\n|move|p2a: Sneasler|Protect|p2a: Sneasler\n|-singleturn|p2a: Sneasler|Protect\n|move|p1b: Nobara Kugisaki|Dazzling Gleam|p2a: Sneasler|[spread] \n|-activate|p2a: Sneasler|move: Protect\n|-activate|p2b: Garchomp|move: Protect\n|\n|upkeep\n|turn|9\n|\n|t:|1775937069\n|move|p1b: Nobara Kugisaki|Psychic|p2a: Sneasler\n|-supereffective|p2a: Sneasler|2\n|-damage|p2a: Sneasler|0 fnt\n|faint|p2a: Sneasler\n|move|p2b: Garchomp|Rock Slide|p1b: Nobara Kugisaki\n|-damage|p1b: Nobara Kugisaki|0 fnt\n|faint|p1b: Nobara Kugisaki\n|\n|win|Autin Mago\n|raw|joeboy33's rating: 1104 &rarr; <strong>1075</strong><br />(-29 for losing)\n|raw|Autin Mago's rating: 1046 &rarr; <strong>1085</strong><br />(+39 for winning)\n|c|\u2606Autin Mago|Gg wp\n|c|\u2606joeboy33|u2\n|c|\u2606joeboy33|WIFIIIII\n|l|\u2606joeboy33\n|player|p1|\n",
  "uploadtime": 1775937088,
  "views": 31,
  "formatid": "gen9championsvgc2026regma",
  "rating": 1075,
  "private": 0,
  "password": null
}