{
  "id": "gen9championsvgc2026regma-2580659405",
  "format": "[Gen 9 Champions] VGC 2026 Reg M-A",
  "players": [
    "inserd_gms064",
    "shigeshigetokugawa"
  ],
  "log": "|j|\u2606inserd_gms064\n|j|\u2606shigeshigetokugawa\n|t:|1775922061\n|gametype|doubles\n|player|p1|inserd_gms064|lucas|1131\n|player|p2|shigeshigetokugawa|ghetsis-gen5bw|1167\n|gen|9\n|tier|[Gen 9 Champions] VGC 2026 Reg M-A\n|rated|\n|rule|Species Clause: Limit one of each Pok\u00e9mon\n|rule|Item Clause: Limit 1 of each item\n|clearpoke\n|poke|p1|Incineroar, L50, F|\n|poke|p1|Charizard, L50, F|\n|poke|p1|Garchomp, L50, F|\n|poke|p1|Sneasler, L50, F|\n|poke|p1|Whimsicott, L50, F|\n|poke|p1|Kingambit, L50, F|\n|poke|p2|Floette-Eternal, L50, F|\n|poke|p2|Garchomp, L50, F|\n|poke|p2|Rotom-Wash, L50|\n|poke|p2|Talonflame, L50, M|\n|poke|p2|Aegislash, L50, M|\n|poke|p2|Maushold-Four, L50|\n|teampreview|4\n|inactive|Battle timer is ON: inactive players will automatically lose when time's up. (requested by shigeshigetokugawa)\n|inactive|inserd_gms064 has 60 seconds left.\n|\n|t:|1775922129\n|teamsize|p1|4\n|teamsize|p2|4\n|start\n|switch|p1a: Whimsicott|Whimsicott, L50, F, shiny|100/100\n|switch|p1b: Kingambit|Kingambit, L50, F, shiny|100/100\n|switch|p2a: Floette|Floette-Eternal, L50, F|100/100\n|switch|p2b: Maushold|Maushold-Four, L50|100/100\n|turn|1\n|inactive|shigeshigetokugawa has 30 seconds left.\n|inactive|shigeshigetokugawa has 20 seconds left.\n|inactive|shigeshigetokugawa has 15 seconds left.\n|inactive|shigeshigetokugawa has 10 seconds left.\n|\n|t:|1775922177\n|switch|p1b: Incineroar|Incineroar, L50, F, shiny|100/100\n|-ability|p1b: Incineroar|Intimidate|boost\n|-unboost|p2a: Floette|atk|1\n|-unboost|p2b: Maushold|atk|1\n|detailschange|p2a: Floette|Floette-Mega, L50, F\n|-mega|p2a: Floette|Floette|Floettite\n|-ability|p2a: Floette|Fairy Aura\n|move|p2b: Maushold|Follow Me|p2b: Maushold\n|-singleturn|p2b: Maushold|move: Follow Me\n|move|p1a: Whimsicott|Tailwind|p1a: Whimsicott\n|-sidestart|p1: inserd_gms064|move: Tailwind\n|move|p2a: Floette|Calm Mind|p2a: Floette\n|-boost|p2a: Floette|spa|1\n|-boost|p2a: Floette|spd|1\n|\n|upkeep\n|turn|2\n|\n|t:|1775922195\n|move|p2b: Maushold|Protect|p2b: Maushold\n|-singleturn|p2b: Maushold|Protect\n|move|p2a: Floette|Protect|p2a: Floette\n|-singleturn|p2a: Floette|Protect\n|move|p1b: Incineroar|Fake Out|p2b: Maushold\n|-activate|p2b: Maushold|move: Protect\n|move|p1a: Whimsicott|Encore|p2a: Floette\n|-activate|p2a: Floette|move: Protect\n|\n|upkeep\n|turn|3\n|\n|t:|1775922212\n|move|p2b: Maushold|Follow Me|p2b: Maushold\n|-singleturn|p2b: Maushold|move: Follow Me\n|move|p1a: Whimsicott|Encore|p2b: Maushold\n|-start|p2b: Maushold|Encore\n|move|p1b: Incineroar|Darkest Lariat|p2b: Maushold\n|-damage|p2b: Maushold|51/100\n|move|p2a: Floette|Dazzling Gleam|p1a: Whimsicott|[spread] p1a,p1b\n|-enditem|p1a: Whimsicott|Focus Sash\n|-damage|p1a: Whimsicott|1/100\n|-damage|p1b: Incineroar|41/100\n|-enditem|p1b: Incineroar|Sitrus Berry|[eat]\n|-heal|p1b: Incineroar|66/100|[from] item: Sitrus Berry\n|\n|upkeep\n|turn|4\n|inactive|inserd_gms064 has 30 seconds left.\n|\n|t:|1775922242\n|switch|p1a: Kingambit|Kingambit, L50, F, shiny|100/100\n|move|p2b: Maushold|Follow Me|p2b: Maushold\n|-singleturn|p2b: Maushold|move: Follow Me\n|move|p1b: Incineroar|Parting Shot|p2b: Maushold\n|-unboost|p2b: Maushold|atk|1\n|-unboost|p2b: Maushold|spa|1\n|\n|t:|1775922253\n|switch|p1b: Whimsicott|Whimsicott, L50, F, shiny|1/100|[from] Parting Shot\n|move|p2a: Floette|Dazzling Gleam|p1a: Kingambit|[spread] p1a,p1b\n|-damage|p1a: Kingambit|34/100\n|-damage|p1b: Whimsicott|0 fnt\n|faint|p1b: Whimsicott\n|\n|-sideend|p1: inserd_gms064|move: Tailwind\n|upkeep\n|\n|t:|1775922259\n|switch|p1b: Charizard|Charizard, L50, F, shiny|100/100\n|turn|5\n|\n|t:|1775922271\n|detailschange|p1b: Charizard|Charizard-Mega-Y, L50, F, shiny\n|-mega|p1b: Charizard|Charizard|Charizardite Y\n|-weather|SunnyDay|[from] ability: Drought|[of] p1b: Charizard\n|move|p2b: Maushold|Follow Me|p2b: Maushold\n|-singleturn|p2b: Maushold|move: Follow Me\n|move|p1b: Charizard|Heat Wave|p2b: Maushold|[spread] p2b\n|-miss|p1b: Charizard|p2a: Floette\n|-damage|p2b: Maushold|0 fnt\n|faint|p2b: Maushold\n|move|p2a: Floette|Dazzling Gleam|p1a: Kingambit|[spread] p1a,p1b\n|-resisted|p1b: Charizard|1\n|-damage|p1a: Kingambit|0 fnt\n|-damage|p1b: Charizard|61/100\n|faint|p1a: Kingambit\n|\n|-weather|SunnyDay|[upkeep]\n|upkeep\n|\n|t:|1775922283\n|switch|p2b: Talonflame|Talonflame, L50, M|100/100\n|switch|p1a: Incineroar|Incineroar, L50, F, shiny|66/100\n|-ability|p1a: Incineroar|Intimidate|boost\n|-unboost|p2a: Floette|atk|1\n|-unboost|p2b: Talonflame|atk|1\n|turn|6\n|\n|t:|1775922294\n|move|p2b: Talonflame|Protect|p2b: Talonflame\n|-singleturn|p2b: Talonflame|Protect\n|move|p2a: Floette|Protect|p2a: Floette\n|-singleturn|p2a: Floette|Protect\n|move|p1a: Incineroar|Fake Out|p2a: Floette\n|-activate|p2a: Floette|move: Protect\n|move|p1b: Charizard|Heat Wave|p2a: Floette|[spread] \n|-activate|p2a: Floette|move: Protect\n|-activate|p2b: Talonflame|move: Protect\n|\n|-weather|SunnyDay|[upkeep]\n|upkeep\n|turn|7\n|\n|t:|1775922307\n|move|p2b: Talonflame|Tailwind|p2b: Talonflame\n|-sidestart|p2: shigeshigetokugawa|move: Tailwind\n|move|p2a: Floette|Moonblast|p1a: Incineroar\n|-damage|p1a: Incineroar|0 fnt\n|faint|p1a: Incineroar\n|move|p1b: Charizard|Heat Wave|p2a: Floette|[spread] p2a,p2b\n|-resisted|p2b: Talonflame|1\n|-damage|p2a: Floette|73/100\n|-damage|p2b: Talonflame|56/100\n|\n|-weather|SunnyDay|[upkeep]\n|upkeep\n|turn|8\n|-message|inserd_gms064 forfeited.\n|\n|win|shigeshigetokugawa\n|raw|inserd_gms064's rating: 1131 &rarr; <strong>1109</strong><br />(-22 for losing)\n|raw|shigeshigetokugawa's rating: 1167 &rarr; <strong>1189</strong><br />(+22 for winning)\n|l|\u2606inserd_gms064\n|player|p1|\n",
  "uploadtime": 1775922319,
  "views": 51,
  "formatid": "gen9championsvgc2026regma",
  "rating": 1109,
  "private": 0,
  "password": null
}