{
  "id": "gen9championsvgc2026regma-2582064940",
  "format": "[Gen 9 Champions] VGC 2026 Reg M-A",
  "players": [
    "Bigmanbattle",
    "lazerlikessyrup"
  ],
  "log": "|j|\u2606Bigmanbattle\n|j|\u2606lazerlikessyrup\n|t:|1776053605\n|gametype|doubles\n|player|p1|Bigmanbattle|crasherwake|\n|player|p2|lazerlikessyrup|101|\n|gen|9\n|tier|[Gen 9 Champions] VGC 2026 Reg M-A\n|rule|Species Clause: Limit one of each Pok\u00e9mon\n|rule|Item Clause: Limit 1 of each item\n|clearpoke\n|poke|p1|Greninja-*, L50, M|\n|poke|p1|Aegislash, L50, M|\n|poke|p1|Sneasler, L50, F|\n|poke|p1|Garchomp, L50, M|\n|poke|p1|Talonflame, L50, M|\n|poke|p1|Ninetales-Alola, L50, F|\n|poke|p2|Hatterene, L50, F|\n|poke|p2|Farigiraf, L50, M|\n|poke|p2|Crabominable, L50, F|\n|poke|p2|Alcremie, L50, F|\n|poke|p2|Torkoal, L50, M|\n|poke|p2|Kingambit, L50, F|\n|teampreview|4\n|\n|t:|1776053638\n|teamsize|p1|4\n|teamsize|p2|4\n|start\n|switch|p1a: Ninetales|Ninetales-Alola, L50, F|100/100\n|switch|p1b: Greninja|Greninja, L50, M, shiny|100/100\n|switch|p2a: Farigiraf|Farigiraf, L50, M|100/100\n|switch|p2b: Crabominable|Crabominable, L50, F|100/100\n|-weather|Snowscape|[from] ability: Snow Warning|[of] p1a: Ninetales\n|turn|1\n|inactive|Battle timer is ON: inactive players will automatically lose when time's up. (requested by lazerlikessyrup)\n|\n|t:|1776053693\n|switch|p2a: Alcremie|Alcremie, L50, F, shiny|100/100\n|detailschange|p1b: Greninja|Greninja-Mega, L50, M, shiny\n|-mega|p1b: Greninja|Greninja|Greninjite\n|detailschange|p2b: Crabominable|Crabominable-Mega, L50, F\n|-mega|p2b: Crabominable|Crabominable|Crabominite\n|move|p1b: Greninja|Dark Pulse|p2a: Alcremie\n|-start|p1b: Greninja|typechange|Dark|[from] ability: Protean\n|-resisted|p2a: Alcremie|1\n|-damage|p2a: Alcremie|80/100\n|move|p1a: Ninetales|Aurora Veil|p1a: Ninetales\n|-sidestart|p1: Bigmanbattle|move: Aurora Veil\n|move|p2b: Crabominable|Drain Punch|p1b: Greninja\n|-supereffective|p1b: Greninja|1\n|-damage|p1b: Greninja|0 fnt\n|faint|p1b: Greninja\n|\n|-weather|Snowscape|[upkeep]\n|-heal|p2a: Alcremie|86/100|[from] item: Leftovers\n|upkeep\n|\n|t:|1776053712\n|switch|p1b: Talonflame|Talonflame, L50, M|100/100\n|turn|2\n|\n|t:|1776053737\n|move|p1b: Talonflame|Flare Blitz|p2a: Alcremie\n|-damage|p2a: Alcremie|19/100\n|-damage|p1b: Talonflame|80/100|[from] Recoil\n|move|p1a: Ninetales|Blizzard|p2a: Alcremie|[spread] p2a,p2b\n|-crit|p2a: Alcremie\n|-resisted|p2b: Crabominable|1\n|-damage|p2a: Alcremie|0 fnt\n|-damage|p2b: Crabominable|88/100\n|faint|p2a: Alcremie\n|move|p2b: Crabominable|Drain Punch|p1a: Ninetales\n|-damage|p1a: Ninetales|60/100\n|-heal|p2b: Crabominable|100/100|[from] drain|[of] p1a: Ninetales\n|\n|-weather|Snowscape|[upkeep]\n|-heal|p1a: Ninetales|66/100|[from] item: Leftovers\n|upkeep\n|\n|t:|1776053751\n|switch|p2a: Farigiraf|Farigiraf, L50, M|100/100\n|turn|3\n|\n|t:|1776053773\n|move|p2b: Crabominable|Protect|p2b: Crabominable\n|-singleturn|p2b: Crabominable|Protect\n|move|p1b: Talonflame|Flare Blitz|p2b: Crabominable\n|-activate|p2b: Crabominable|move: Protect\n|move|p1a: Ninetales|Moonblast|p2b: Crabominable\n|-activate|p2b: Crabominable|move: Protect\n|move|p2a: Farigiraf|Trick Room|p2a: Farigiraf\n|-fieldstart|move: Trick Room|[of] p2a: Farigiraf\n|\n|-weather|Snowscape|[upkeep]\n|-heal|p1a: Ninetales|72/100|[from] item: Leftovers\n|upkeep\n|turn|4\n|inactive|lazerlikessyrup has 30 seconds left.\n|\n|t:|1776053805\n|switch|p1b: Aegislash|Aegislash, L50, M|100/100\n|move|p1a: Ninetales|Protect|p1a: Ninetales\n|-singleturn|p1a: Ninetales|Protect\n|move|p2b: Crabominable|Ice Punch|p1b: Aegislash\n|-resisted|p1b: Aegislash|1\n|-damage|p1b: Aegislash|86/100\n|move|p2a: Farigiraf|Hyper Voice|p1b: Aegislash|[spread] \n|-activate|p1a: Ninetales|move: Protect\n|-immune|p1b: Aegislash\n|\n|-weather|Snowscape|[upkeep]\n|-heal|p1a: Ninetales|78/100|[from] item: Leftovers\n|upkeep\n|turn|5\n|\n|t:|1776053824\n|switch|p2a: Torkoal|Torkoal, L50, M|100/100\n|-weather|SunnyDay|[from] ability: Drought|[of] p2a: Torkoal\n|move|p2b: Crabominable|Bulk Up|p2b: Crabominable\n|-boost|p2b: Crabominable|atk|1\n|-boost|p2b: Crabominable|def|1\n|-formechange|p1b: Aegislash|Aegislash-Blade|\n|move|p1b: Aegislash|Sacred Sword|p2b: Crabominable\n|-supereffective|p2b: Crabominable|1\n|-damage|p2b: Crabominable|51/100\n|move|p1a: Ninetales|Moonblast|p2b: Crabominable\n|-supereffective|p2b: Crabominable|1\n|-damage|p2b: Crabominable|0 fnt\n|faint|p2b: Crabominable\n|\n|-weather|SunnyDay|[upkeep]\n|-heal|p1a: Ninetales|84/100|[from] item: Leftovers\n|-sideend|p1: Bigmanbattle|move: Aurora Veil\n|upkeep\n|\n|t:|1776053841\n|switch|p2b: Farigiraf|Farigiraf, L50, M|100/100\n|turn|6\n|\n|t:|1776053855\n|-formechange|p1b: Aegislash|Aegislash|\n|move|p1b: Aegislash|King's Shield|p1b: Aegislash\n|-singleturn|p1b: Aegislash|Protect\n|move|p1a: Ninetales|Protect|p1a: Ninetales\n|-singleturn|p1a: Ninetales|Protect\n|move|p2a: Torkoal|Eruption|p1b: Aegislash|[spread] \n|-activate|p1a: Ninetales|move: Protect\n|-activate|p1b: Aegislash|move: Protect\n|move|p2b: Farigiraf|Calm Mind|p2b: Farigiraf\n|-boost|p2b: Farigiraf|spa|1\n|-boost|p2b: Farigiraf|spd|1\n|\n|-weather|SunnyDay|[upkeep]\n|-heal|p1a: Ninetales|90/100|[from] item: Leftovers\n|upkeep\n|turn|7\n|\n|t:|1776053874\n|switch|p1a: Talonflame|Talonflame, L50, M|80/100\n|move|p2a: Torkoal|Eruption|p1b: Aegislash|[spread] p1a,p1b\n|-resisted|p1a: Talonflame|1\n|-supereffective|p1b: Aegislash|1\n|-damage|p1a: Talonflame|10/100\n|-damage|p1b: Aegislash|0 fnt\n|faint|p1b: Aegislash\n|move|p2b: Farigiraf|Hyper Voice|p1a: Talonflame\n|-damage|p1a: Talonflame|0 fnt\n|faint|p1a: Talonflame\n|\n|-weather|SunnyDay|[upkeep]\n|-fieldend|move: Trick Room\n|upkeep\n|inactive|Bigmanbattle has 30 seconds left.\n|inactive|Bigmanbattle has 20 seconds left.\n|inactive|Bigmanbattle has 15 seconds left.\n|inactive|Bigmanbattle has 10 seconds left.\n|\n|t:|1776053923\n|switch|p1b: Ninetales|Ninetales-Alola, L50, F|90/100\n|-weather|Snowscape|[from] ability: Snow Warning|[of] p1b: Ninetales\n|turn|8\n|\n|t:|1776053936\n|move|p1b: Ninetales|Blizzard|p2a: Torkoal|[spread] p2a,p2b\n|-resisted|p2a: Torkoal|1\n|-damage|p2a: Torkoal|75/100\n|-damage|p2b: Farigiraf|79/100\n|move|p2b: Farigiraf|Calm Mind|p2b: Farigiraf\n|-boost|p2b: Farigiraf|spa|1\n|-boost|p2b: Farigiraf|spd|1\n|move|p2a: Torkoal|Will-O-Wisp|p1b: Ninetales\n|-status|p1b: Ninetales|brn\n|\n|-weather|Snowscape|[upkeep]\n|-heal|p1b: Ninetales|96/100 brn|[from] item: Leftovers\n|-damage|p1b: Ninetales|90/100 brn|[from] brn\n|upkeep\n|turn|9\n|\n|t:|1776053955\n|move|p2a: Torkoal|Protect|p2a: Torkoal\n|-singleturn|p2a: Torkoal|Protect\n|move|p1b: Ninetales|Moonblast|p2a: Torkoal\n|-activate|p2a: Torkoal|move: Protect\n|move|p2b: Farigiraf|Calm Mind|p2b: Farigiraf\n|-boost|p2b: Farigiraf|spa|1\n|-boost|p2b: Farigiraf|spd|1\n|\n|-weather|Snowscape|[upkeep]\n|-heal|p1b: Ninetales|96/100 brn|[from] item: Leftovers\n|-damage|p1b: Ninetales|90/100 brn|[from] brn\n|upkeep\n|turn|10\n|\n|t:|1776053973\n|move|p1b: Ninetales|Moonblast|p2a: Torkoal\n|-resisted|p2a: Torkoal|1\n|-damage|p2a: Torkoal|47/100\n|move|p2b: Farigiraf|Calm Mind|p2b: Farigiraf\n|-boost|p2b: Farigiraf|spa|1\n|-boost|p2b: Farigiraf|spd|1\n|move|p2a: Torkoal|Solar Beam||[still]\n|-prepare|p2a: Torkoal|Solar Beam\n|\n|-weather|Snowscape|[upkeep]\n|-heal|p1b: Ninetales|96/100 brn|[from] item: Leftovers\n|-damage|p1b: Ninetales|90/100 brn|[from] brn\n|upkeep\n|turn|11\n|inactive|Bigmanbattle has 30 seconds left.\n|-message|Bigmanbattle forfeited.\n|\n|win|lazerlikessyrup\n|l|\u2606Bigmanbattle\n|player|p1|\n",
  "uploadtime": 1776054009,
  "views": 15,
  "formatid": "gen9championsvgc2026regma",
  "rating": null,
  "private": 0,
  "password": null
}