{
  "id": "gen9championsvgc2026regma-2582175447",
  "format": "[Gen 9 Champions] VGC 2026 Reg M-A",
  "players": [
    "rafaesfuego",
    "69pranav69"
  ],
  "log": "|j|\u2606rafaesfuego\n|j|\u260669pranav69\n|t:|1776067553\n|gametype|doubles\n|player|p1|rafaesfuego|101|1053\n|player|p2|69pranav69|hilbert|1093\n|gen|9\n|tier|[Gen 9 Champions] VGC 2026 Reg M-A\n|rated|\n|rule|Species Clause: Limit one of each Pok\u00e9mon\n|rule|Item Clause: Limit 1 of each item\n|clearpoke\n|poke|p1|Whimsicott, L50, M|\n|poke|p1|Arcanine-Hisui, L50, M|\n|poke|p1|Sinistcha, L50|\n|poke|p1|Milotic, L50, F|\n|poke|p1|Charizard, L50, M|\n|poke|p1|Hawlucha, L50, M|\n|poke|p2|Charizard, L50, M|\n|poke|p2|Venusaur, L50, F|\n|poke|p2|Farigiraf, L50, M|\n|poke|p2|Torkoal, L50, M|\n|poke|p2|Incineroar, L50, F|\n|poke|p2|Whimsicott, L50, M|\n|teampreview|4\nrafaesfuego rejected open team sheets.\n|\n|t:|1776067587\n|teamsize|p1|4\n|teamsize|p2|4\n|start\n|switch|p1a: Arcanine|Arcanine-Hisui, L50, M|100/100\n|switch|p1b: Whimsicott|Whimsicott, L50, M|100/100\n|switch|p2a: Charizard|Charizard, L50, M|100/100\n|switch|p2b: Venusaur|Venusaur, L50, F|100/100\n|turn|1\n|\n|t:|1776067609\n|switch|p2a: Torkoal|Torkoal, L50, M|100/100\n|-weather|SunnyDay|[from] ability: Drought|[of] p2a: Torkoal\n|move|p1b: Whimsicott|Tailwind|p1b: Whimsicott\n|-sidestart|p1: rafaesfuego|move: Tailwind\n|move|p1a: Arcanine|Flare Blitz|p2b: Venusaur\n|-supereffective|p2b: Venusaur|1\n|-damage|p2b: Venusaur|0 fnt\n|faint|p2b: Venusaur\n|\n|-weather|SunnyDay|[upkeep]\n|upkeep\n|\n|t:|1776067619\n|switch|p2b: Incineroar|Incineroar, L50, F|100/100\n|-ability|p2b: Incineroar|Intimidate|boost\n|-unboost|p1a: Arcanine|atk|1\n|-unboost|p1b: Whimsicott|atk|1\n|turn|2\n|\n|t:|1776067659\n|switch|p1a: Hawlucha|Hawlucha, L50, M|100/100\n|-ability|p1a: Hawlucha|Mold Breaker\n|move|p2b: Incineroar|Fake Out|p1a: Hawlucha\n|-damage|p1a: Hawlucha|85/100\n|move|p1b: Whimsicott|Dazzling Gleam|p2b: Incineroar|[spread] p2a,p2b\n|-resisted|p2a: Torkoal|1\n|-damage|p2a: Torkoal|88/100\n|-damage|p2b: Incineroar|83/100\n|move|p2a: Torkoal|Earth Power|p1a: Hawlucha\n|-immune|p1a: Hawlucha\n|\n|-weather|SunnyDay|[upkeep]\n|upkeep\n|turn|3\n|\n|t:|1776067693\n|detailschange|p1a: Hawlucha|Hawlucha-Mega, L50, M\n|-mega|p1a: Hawlucha|Hawlucha|Hawluchanite\n|move|p1a: Hawlucha|Rock Slide|p2b: Incineroar|[spread] p2a,p2b\n|-supereffective|p2a: Torkoal|1\n|-supereffective|p2b: Incineroar|1\n|-damage|p2a: Torkoal|57/100\n|-damage|p2b: Incineroar|46/100\n|-enditem|p2b: Incineroar|Sitrus Berry|[eat]\n|-heal|p2b: Incineroar|71/100|[from] item: Sitrus Berry\n|move|p1b: Whimsicott|Dazzling Gleam|p2b: Incineroar|[spread] p2a,p2b\n|-resisted|p2a: Torkoal|1\n|-damage|p2a: Torkoal|44/100\n|-damage|p2b: Incineroar|54/100\n|cant|p2b: Incineroar|flinch\n|cant|p2a: Torkoal|flinch\n|\n|-weather|SunnyDay|[upkeep]\n|upkeep\n|turn|4\n|\n|t:|1776067708\n|move|p1a: Hawlucha|Rock Slide|p2b: Incineroar|[spread] p2a,p2b\n|-supereffective|p2a: Torkoal|1\n|-supereffective|p2b: Incineroar|1\n|-damage|p2a: Torkoal|15/100\n|-damage|p2b: Incineroar|17/100\n|move|p1b: Whimsicott|Dazzling Gleam|p2a: Torkoal|[spread] p2a,p2b\n|-resisted|p2a: Torkoal|1\n|-damage|p2a: Torkoal|2/100\n|-damage|p2b: Incineroar|2/100\n|cant|p2b: Incineroar|flinch\n|cant|p2a: Torkoal|flinch\n|\n|-weather|SunnyDay|[upkeep]\n|-sideend|p1: rafaesfuego|move: Tailwind\n|upkeep\n|turn|5\n|-message|69pranav69 forfeited.\n|\n|win|rafaesfuego\n|raw|rafaesfuego's rating: 1053 &rarr; <strong>1089</strong><br />(+36 for winning)\n|raw|69pranav69's rating: 1093 &rarr; <strong>1066</strong><br />(-27 for losing)\n|l|\u260669pranav69\n|player|p2|\n|c|\u2606rafaesfuego|LMFAOOOOOOOOOOOOOOOOOOOOOOOOOOO\n",
  "uploadtime": 1776067732,
  "views": 10,
  "formatid": "gen9championsvgc2026regma",
  "rating": 1066,
  "private": 0,
  "password": null
}