{
  "id": "gen9championsvgc2026regma-2588315911",
  "format": "[Gen 9 Champions] VGC 2026 Reg M-A",
  "players": [
    "yyssummer",
    "hazima"
  ],
  "log": "|j|\u2606yyssummer\n|j|\u2606hazima\n|t:|1776623475\n|gametype|doubles\n|player|p1|yyssummer|101|1447\n|player|p2|hazima|hilbert-wonderlauncher|1468\n|gen|9\n|tier|[Gen 9 Champions] VGC 2026 Reg M-A\n|rated|\n|rule|Species Clause: Limit one of each Pok\u00e9mon\n|rule|Item Clause: Limit 1 of each item\n|clearpoke\n|poke|p1|Aerodactyl, L50, M, shiny|\n|poke|p1|Farigiraf, L50, F, shiny|\n|poke|p1|Sneasler, L50, F|\n|poke|p1|Meowscarada, L50, F|\n|poke|p1|Primarina, L50, F, shiny|\n|poke|p1|Camerupt, L50, M, shiny|\n|poke|p2|Floette-Eternal, L50, F|\n|poke|p2|Incineroar, L50, M|\n|poke|p2|Sinistcha, L50|\n|poke|p2|Aerodactyl, L50, F|\n|poke|p2|Kingambit, L50, M|\n|poke|p2|Sneasler, L50, F|\n|teampreview|4\n|inactive|Battle timer is ON: inactive players will automatically lose when time's up. (requested by hazima)\n|\n|t:|1776623513\n|teamsize|p1|4\n|teamsize|p2|4\n|start\n|switch|p1a: Sneasler|Sneasler, L50, F|100/100\n|switch|p1b: Aerodactyl|Aerodactyl, L50, M, shiny|100/100\n|switch|p2a: Aerodactyl|Aerodactyl, L50, F|100/100\n|switch|p2b: Sneasler|Sneasler, L50, F|100/100\n|-ability|p2a: Aerodactyl|Unnerve\n|-ability|p1b: Aerodactyl|Unnerve\n|turn|1\n|\n|t:|1776623536\n|move|p2b: Sneasler|Fake Out|p1b: Aerodactyl\n|-resisted|p1b: Aerodactyl|1\n|-damage|p1b: Aerodactyl|91/100\n|move|p1a: Sneasler|Fake Out|p2a: Aerodactyl\n|-resisted|p2a: Aerodactyl|1\n|-damage|p2a: Aerodactyl|90/100\n|cant|p2a: Aerodactyl|flinch\n|cant|p1b: Aerodactyl|flinch\n|\n|upkeep\n|turn|2\n|inactive|yyssummer has 30 seconds left.\n|inactive|yyssummer has 20 seconds left.\n|inactive|yyssummer has 15 seconds left.\n|inactive|yyssummer has 10 seconds left.\n|inactive|yyssummer has 5 seconds left.\n|\n|t:|1776623591\n|move|p2a: Aerodactyl|Dual Wingbeat|p1a: Sneasler\n|-supereffective|p1a: Sneasler|1\n|-damage|p1a: Sneasler|34/100\n|-supereffective|p1a: Sneasler|1\n|-damage|p1a: Sneasler|0 fnt\n|faint|p1a: Sneasler\n|-hitcount|p1: Sneasler|2\n|move|p2b: Sneasler|Close Combat|p1b: Aerodactyl\n|-damage|p1b: Aerodactyl|9/100\n|-unboost|p2b: Sneasler|def|1\n|-unboost|p2b: Sneasler|spd|1\n|-enditem|p2b: Sneasler|White Herb\n|-clearnegativeboost|p2b: Sneasler|[silent]\n|move|p1b: Aerodactyl|Rock Slide|p2b: Sneasler|[spread] p2a,p2b\n|-supereffective|p2a: Aerodactyl|1\n|-crit|p2a: Aerodactyl\n|-resisted|p2b: Sneasler|1\n|-damage|p2a: Aerodactyl|0 fnt\n|-damage|p2b: Sneasler|79/100\n|faint|p2a: Aerodactyl\n|\n|upkeep\n|\n|t:|1776623611\n|switch|p2a: Floette|Floette-Eternal, L50, F|100/100\n|switch|p1a: Farigiraf|Farigiraf, L50, F, shiny|100/100\n|turn|3\n|inactive|yyssummer has 30 seconds left.\n|inactive|hazima has 30 seconds left.\n|\n|t:|1776623646\n|detailschange|p2a: Floette|Floette-Mega, L50, F\n|-mega|p2a: Floette|Floette|Floettite\n|-ability|p2a: Floette|Fairy Aura\n|move|p2b: Sneasler|Protect|p2b: Sneasler\n|-singleturn|p2b: Sneasler|Protect\n|move|p1b: Aerodactyl|Rock Slide|p2b: Sneasler|[spread] p2a\n|-activate|p2b: Sneasler|move: Protect\n|-damage|p2a: Floette|73/100\n|move|p2a: Floette|Calm Mind|p2a: Floette\n|-boost|p2a: Floette|spa|1\n|-boost|p2a: Floette|spd|1\n|move|p1a: Farigiraf|Trick Room|p1a: Farigiraf\n|-fieldstart|move: Trick Room|[of] p1a: Farigiraf\n|\n|upkeep\n|turn|4\n|inactive|yyssummer has 30 seconds left.\n|\n|t:|1776623673\n|switch|p2b: Sinistcha|Sinistcha, L50|100/100\n|-heal|p2a: Floette|98/100|[from] ability: Hospitality|[of] p2b: Sinistcha\n|move|p1a: Farigiraf|Psychic|p2b: Sinistcha\n|-damage|p2b: Sinistcha|63/100\n|move|p2a: Floette|Dazzling Gleam|p1a: Farigiraf|[spread] p1a,p1b\n|-damage|p1a: Farigiraf|30/100\n|-damage|p1b: Aerodactyl|0 fnt\n|-enditem|p1a: Farigiraf|Sitrus Berry|[eat]\n|-heal|p1a: Farigiraf|55/100|[from] item: Sitrus Berry\n|faint|p1b: Aerodactyl\n|\n|upkeep\n|\n|t:|1776623686\n|switch|p1b: Camerupt|Camerupt, L50, M, shiny|100/100\n|turn|5\n|\n|t:|1776623698\n|detailschange|p1b: Camerupt|Camerupt-Mega, L50, M, shiny\n|-mega|p1b: Camerupt|Camerupt|Cameruptite\n|move|p2b: Sinistcha|Protect|p2b: Sinistcha\n|-singleturn|p2b: Sinistcha|Protect\n|move|p2a: Floette|Protect|p2a: Floette\n|-singleturn|p2a: Floette|Protect\n|move|p1b: Camerupt|Eruption|p2a: Floette|[spread] \n|-activate|p2a: Floette|move: Protect\n|-activate|p2b: Sinistcha|move: Protect\n|move|p1a: Farigiraf|Psychic|p2a: Floette\n|-activate|p2a: Floette|move: Protect\n|\n|upkeep\n|turn|6\n|\n|t:|1776623721\n|move|p1b: Camerupt|Eruption|p2a: Floette|[spread] p2a,p2b\n|-supereffective|p2b: Sinistcha|1\n|-damage|p2a: Floette|62/100\n|-damage|p2b: Sinistcha|0 fnt\n|faint|p2b: Sinistcha\n|move|p1a: Farigiraf|Imprison|p1a: Farigiraf\n|-start|p1a: Farigiraf|move: Imprison\n|move|p2a: Floette|Calm Mind|p2a: Floette\n|-boost|p2a: Floette|spa|1\n|-boost|p2a: Floette|spd|1\n|\n|upkeep\n|\n|t:|1776623730\n|switch|p2b: Sneasler|Sneasler, L50, F|79/100\n|turn|7\n|\n|t:|1776623753\n|move|p1a: Farigiraf|Protect|p1a: Farigiraf\n|-singleturn|p1a: Farigiraf|Protect\n|move|p1b: Camerupt|Eruption|p2b: Sneasler|[spread] p2a,p2b\n|-damage|p2a: Floette|31/100\n|-damage|p2b: Sneasler|0 fnt\n|faint|p2b: Sneasler\n|move|p2a: Floette|Dazzling Gleam|p1a: Farigiraf|[spread] p1b\n|-activate|p1a: Farigiraf|move: Protect\n|-resisted|p1b: Camerupt|1\n|-damage|p1b: Camerupt|62/100\n|\n|-fieldend|move: Trick Room\n|upkeep\n|turn|8\n|inactive|yyssummer has 30 seconds left.\n|inactive|yyssummer has 20 seconds left.\n|inactive|yyssummer has 15 seconds left.\n|inactive|yyssummer has 10 seconds left.\n|\n|t:|1776623803\n|move|p1a: Farigiraf|Protect||[still]\n|-fail|p1a: Farigiraf\n|move|p2a: Floette|Dazzling Gleam|p1b: Camerupt|[spread] p1a,p1b\n|-resisted|p1b: Camerupt|1\n|-damage|p1a: Farigiraf|0 fnt\n|-damage|p1b: Camerupt|21/100\n|faint|p1a: Farigiraf\n|move|p1b: Camerupt|Heat Wave|p2a: Floette\n|-damage|p2a: Floette|0 fnt\n|faint|p2a: Floette\n|\n|win|yyssummer\n|raw|yyssummer's rating: 1447 &rarr; <strong>1468</strong><br />(+21 for winning)\n|raw|hazima's rating: 1468 &rarr; <strong>1447</strong><br />(-21 for losing)\n",
  "uploadtime": 1776623812,
  "views": 12,
  "formatid": "gen9championsvgc2026regma",
  "rating": 1447,
  "private": 0,
  "password": null
}