{
  "id": "gen9championsvgc2026regma-2583368384",
  "format": "[Gen 9 Champions] VGC 2026 Reg M-A",
  "players": [
    "kavennihao123",
    "gcgv"
  ],
  "log": "|j|\u2606kavennihao123\n|j|\u2606gcgv\n|t:|1776170686\n|gametype|doubles\n|player|p1|kavennihao123|steven|1079\n|player|p2|gcgv|170|1097\n|gen|9\n|tier|[Gen 9 Champions] VGC 2026 Reg M-A\n|rated|\n|rule|Species Clause: Limit one of each Pok\u00e9mon\n|rule|Item Clause: Limit 1 of each item\n|clearpoke\n|poke|p1|Gyarados, L50, M|\n|poke|p1|Quaquaval, L50, M|\n|poke|p1|Excadrill, L50, M|\n|poke|p1|Aerodactyl, L50, M|\n|poke|p2|Drampa, L50, F|\n|poke|p2|Sinistcha, L50|\n|poke|p2|Alakazam, L50, M|\n|poke|p2|Pelipper, L50, F|\n|poke|p2|Basculegion, L50, M|\n|poke|p2|Scizor, L50, F|\n|teampreview|4\n|inactive|Battle timer is ON: inactive players will automatically lose when time's up. (requested by kavennihao123)\n|inactive|gcgv has 60 seconds left.\n|inactive|gcgv has 30 seconds left.\n|\n|t:|1776170757\n|teamsize|p1|4\n|teamsize|p2|4\n|start\n|switch|p1a: Excadrill|Excadrill, L50, M, shiny|100/100\n|switch|p1b: Aerodactyl|Aerodactyl, L50, M, shiny|100/100\n|switch|p2a: Drampa|Drampa, L50, F, shiny|100/100\n|switch|p2b: Alakazam|Alakazam, L50, M, shiny|100/100\n|-ability|p1b: Aerodactyl|Unnerve\n|-ability|p1a: Excadrill|Mold Breaker\n|-ability|p2a: Drampa|Cloud Nine\n|turn|1\n|\n|t:|1776170772\n|move|p1a: Excadrill|Rock Slide|p2b: Alakazam|[spread] p2a\n|-miss|p1a: Excadrill|p2b: Alakazam\n|-damage|p2a: Drampa|79/100\n|move|p1b: Aerodactyl|Rock Slide|p2a: Drampa|[spread] p2a,p2b\n|-damage|p2a: Drampa|43/100\n|-damage|p2b: Alakazam|44/100\n|move|p2b: Alakazam|Reflect|p2b: Alakazam\n|-sidestart|p2: gcgv|Reflect\n|cant|p2a: Drampa|flinch\n|\n|upkeep\n|turn|2\n|inactive|gcgv has 30 seconds left.\n|inactive|gcgv has 20 seconds left.\n|\n|t:|1776170810\n|detailschange|p2a: Drampa|Drampa-Mega, L50, F, shiny\n|-mega|p2a: Drampa|Drampa|Drampanite\n|move|p1a: Excadrill|Rock Slide|p2b: Alakazam|[spread] p2a,p2b\n|-damage|p2a: Drampa|31/100\n|-damage|p2b: Alakazam|17/100\n|move|p1b: Aerodactyl|Rock Slide|p2a: Drampa|[spread] p2a,p2b\n|-crit|p2b: Alakazam\n|-damage|p2a: Drampa|14/100\n|-damage|p2b: Alakazam|0 fnt\n|faint|p2b: Alakazam\n|move|p2a: Drampa|Earth Power|p1a: Excadrill\n|-supereffective|p1a: Excadrill|1\n|-damage|p1a: Excadrill|0 fnt\n|faint|p1a: Excadrill\n|\n|upkeep\n|\n|t:|1776170822\n|switch|p2b: Sinistcha|Sinistcha, L50, shiny|100/100\n|switch|p1a: Quaquaval|Quaquaval, L50, M, shiny|100/100\n|-heal|p2a: Drampa|39/100|[from] ability: Hospitality|[of] p2b: Sinistcha\n|turn|3\n|\n|t:|1776170837\n|move|p1b: Aerodactyl|Rock Slide|p2b: Sinistcha|[spread] p2a,p2b\n|-damage|p2a: Drampa|20/100\n|-damage|p2b: Sinistcha|76/100\n|move|p1a: Quaquaval|Ice Spinner|p2b: Sinistcha\n|-supereffective|p2b: Sinistcha|1\n|-damage|p2b: Sinistcha|33/100\n|move|p2b: Sinistcha|Life Dew|p2b: Sinistcha|[spread] p2a,p2b\n|-heal|p2a: Drampa|45/100\n|-heal|p2b: Sinistcha|58/100\n|cant|p2a: Drampa|flinch\n|\n|upkeep\n|turn|4\n|l|\u2606gcgv\n|inactive|gcgv disconnected and has a minute to reconnect!\n|player|p2|\n|inactive|gcgv has 30 seconds left.\n|j|\u2606gcgv\n|inactive|gcgv reconnected and has 25 seconds left.\n|player|p2|gcgv|170|\n|inactive|gcgv has 20 seconds left.\n|inactive|gcgv has 15 seconds left.\n|\n|t:|1776170879\n|move|p1b: Aerodactyl|Rock Slide|p2b: Sinistcha|[spread] p2a,p2b\n|-damage|p2a: Drampa|25/100\n|-damage|p2b: Sinistcha|36/100\n|move|p1a: Quaquaval|Ice Spinner|p2b: Sinistcha\n|-supereffective|p2b: Sinistcha|1\n|-damage|p2b: Sinistcha|0 fnt\n|faint|p2b: Sinistcha\n|-ability|p1a: Quaquaval|Moxie|boost\n|-boost|p1a: Quaquaval|atk|1\n|move|p2a: Drampa|Hyper Voice|p1b: Aerodactyl|[spread] p1a,p1b\n|-resisted|p1b: Aerodactyl|1\n|-damage|p1a: Quaquaval|41/100\n|-damage|p1b: Aerodactyl|68/100\n|\n|upkeep\n|\n|t:|1776170885\n|switch|p2b: Scizor|Scizor, L50, F, shiny|100/100\n|turn|5\n|inactive|kavennihao123 has 30 seconds left.\n|\n|t:|1776170919\n|move|p2b: Scizor|Bullet Punch|p1b: Aerodactyl\n|-supereffective|p1b: Aerodactyl|1\n|-damage|p1b: Aerodactyl|0 fnt\n|faint|p1b: Aerodactyl\n|move|p1a: Quaquaval|Aqua Step|p2b: Scizor\n|-damage|p2b: Scizor|39/100\n|-boost|p1a: Quaquaval|spe|1\n|move|p2a: Drampa|Hyper Voice|p1a: Quaquaval\n|-damage|p1a: Quaquaval|0 fnt\n|faint|p1a: Quaquaval\n|\n|-sideend|p2: gcgv|Reflect\n|upkeep\n|\n|t:|1776170926\n|switch|p1b: Gyarados|Gyarados, L50, M, shiny|100/100\n|-ability|p1b: Gyarados|Intimidate|boost\n|-unboost|p2a: Drampa|atk|1\n|-unboost|p2b: Scizor|atk|1\n|turn|6\n|\n|t:|1776170932\n|detailschange|p1b: Gyarados|Gyarados-Mega, L50, M, shiny\n|-mega|p1b: Gyarados|Gyarados|Gyaradosite\n|-ability|p1b: Gyarados|Mold Breaker\n|move|p2a: Drampa|Protect|p2a: Drampa\n|-singleturn|p2a: Drampa|Protect\n|move|p1b: Gyarados|Dragon Dance|p1b: Gyarados\n|-boost|p1b: Gyarados|atk|1\n|-boost|p1b: Gyarados|spe|1\n|move|p2b: Scizor|Swords Dance|p2b: Scizor\n|-boost|p2b: Scizor|atk|2\n|\n|upkeep\n|turn|7\n|\n|t:|1776170948\n|move|p1b: Gyarados|Earthquake|p2a: Drampa|[spread] p2a,p2b\n|-damage|p2a: Drampa|0 fnt\n|-damage|p2b: Scizor|0 fnt\n|faint|p2a: Drampa\n|faint|p2b: Scizor\n|\n|win|kavennihao123\n|raw|kavennihao123's rating: 1079 &rarr; <strong>1109</strong><br />(+30 for winning)\n|raw|gcgv's rating: 1097 &rarr; <strong>1071</strong><br />(-26 for losing)\n|c|\u2606kavennihao123|gg\n",
  "uploadtime": 1776170953,
  "views": 21,
  "formatid": "gen9championsvgc2026regma",
  "rating": 1071,
  "private": 0,
  "password": null
}