{
  "id": "gen9championsvgc2026regma-2585080712",
  "format": "[Gen 9 Champions] VGC 2026 Reg M-A",
  "players": [
    "sorzee",
    "ButterisBetter"
  ],
  "log": "|j|\u2606sorzee\n|j|\u2606ButterisBetter\n|t:|1776309720\n|gametype|doubles\n|player|p1|sorzee|brawly|1083\n|player|p2|ButterisBetter|ethan|1071\n|gen|9\n|tier|[Gen 9 Champions] VGC 2026 Reg M-A\n|rated|\n|rule|Species Clause: Limit one of each Pok\u00e9mon\n|rule|Item Clause: Limit 1 of each item\n|clearpoke\n|poke|p1|Sneasler, L50, F|\n|poke|p1|Dragapult, L50, M|\n|poke|p1|Empoleon, L50, M|\n|poke|p1|Sinistcha, L50|\n|poke|p1|Incineroar, L50, F|\n|poke|p1|Pidgeot, L50, M|\n|poke|p2|Charizard, L50, F|\n|poke|p2|Whimsicott, L50, F|\n|poke|p2|Sneasler, L50, M|\n|poke|p2|Primarina, L50, M|\n|poke|p2|Farigiraf, L50, M|\n|poke|p2|Garchomp, L50, F|\n|teampreview|4\n|\n|t:|1776309783\n|teamsize|p1|4\n|teamsize|p2|4\n|start\n|switch|p1a: Dragapult|Dragapult, L50, M|100/100\n|switch|p1b: Pidgeot|Pidgeot, L50, M|100/100\n|switch|p2a: Sneasler|Sneasler, L50, M|100/100\n|switch|p2b: Whimsicott|Whimsicott, L50, F|100/100\n|turn|1\n|\n|t:|1776309807\n|detailschange|p1b: Pidgeot|Pidgeot-Mega, L50, M\n|-mega|p1b: Pidgeot|Pidgeot|Pidgeotite\n|move|p2b: Whimsicott|Tailwind|p2b: Whimsicott\n|-sidestart|p2: ButterisBetter|move: Tailwind\n|move|p2a: Sneasler|Close Combat|p1b: Pidgeot\n|-damage|p1b: Pidgeot|23/100\n|-unboost|p2a: Sneasler|def|1\n|-unboost|p2a: Sneasler|spd|1\n|-enditem|p2a: Sneasler|White Herb\n|-clearnegativeboost|p2a: Sneasler|[silent]\n|move|p1a: Dragapult|Psychic Fangs|p2a: Sneasler\n|-supereffective|p2a: Sneasler|2\n|-damage|p2a: Sneasler|0 fnt\n|faint|p2a: Sneasler\n|move|p1b: Pidgeot|Tailwind|p1b: Pidgeot\n|-sidestart|p1: sorzee|move: Tailwind\n|\n|upkeep\n|\n|t:|1776309827\n|switch|p2a: Garchomp|Garchomp, L50, F|100/100\n|turn|2\n|\n|t:|1776309845\n|move|p1a: Dragapult|Dragon Darts|p2a: Garchomp\n|-supereffective|p2a: Garchomp|1\n|-damage|p2a: Garchomp|52/100\n|-anim|p1a: Dragapult|Dragon Darts|p2a: Garchomp\n|-supereffective|p2a: Garchomp|1\n|-damage|p2a: Garchomp|0 fnt\n|faint|p2a: Garchomp\n|move|p1b: Pidgeot|Hurricane|p2b: Whimsicott\n|-supereffective|p2b: Whimsicott|1\n|-enditem|p2b: Whimsicott|Focus Sash\n|-damage|p2b: Whimsicott|1/100\n|move|p2b: Whimsicott|Moonblast|p1b: Pidgeot\n|-damage|p1b: Pidgeot|0 fnt\n|faint|p1b: Pidgeot\n|\n|upkeep\n|\n|t:|1776309883\n|switch|p1b: Empoleon|Empoleon, L50, M|100/100\n|switch|p2a: Charizard|Charizard, L50, F|100/100\n|turn|3\n|\n|t:|1776309898\n|detailschange|p2a: Charizard|Charizard-Mega-Y, L50, F\n|-mega|p2a: Charizard|Charizard|Charizardite Y\n|-weather|SunnyDay|[from] ability: Drought|[of] p2a: Charizard\n|move|p1a: Dragapult|Phantom Force||[still]\n|-prepare|p1a: Dragapult|Phantom Force\n|move|p2a: Charizard|Heat Wave|p1a: Dragapult|[spread] p1b\n|-miss|p2a: Charizard|p1a: Dragapult\n|-damage|p1b: Empoleon|55/100\n|move|p2b: Whimsicott|Moonblast|p1a: Dragapult|[miss]\n|-miss|p2b: Whimsicott|p1a: Dragapult\n|move|p1b: Empoleon|Surf|p2a: Charizard|[spread] p2a,p2b\n|-miss|p1b: Empoleon|p1a: Dragapult\n|-supereffective|p2a: Charizard|1\n|-resisted|p2b: Whimsicott|1\n|-damage|p2a: Charizard|77/100\n|-damage|p2b: Whimsicott|0 fnt\n|faint|p2b: Whimsicott\n|\n|-weather|SunnyDay|[upkeep]\n|-heal|p1b: Empoleon|61/100|[from] item: Leftovers\n|upkeep\n|turn|4\n|\n|t:|1776309941\n|move|p1a: Dragapult|Phantom Force|p2a: Charizard|[from] lockedmove\n|-damage|p2a: Charizard|16/100\n|move|p2a: Charizard|Focus Blast|p1b: Empoleon\n|-supereffective|p1b: Empoleon|1\n|-damage|p1b: Empoleon|0 fnt\n|faint|p1b: Empoleon\n|\n|-weather|SunnyDay|[upkeep]\n|-sideend|p1: sorzee|move: Tailwind\n|-sideend|p2: ButterisBetter|move: Tailwind\n|upkeep\n|\n|t:|1776309949\n|switch|p1b: Sinistcha|Sinistcha, L50|100/100\n|turn|5\n|inactive|Battle timer is ON: inactive players will automatically lose when time's up. (requested by sorzee)\n|inactive|ButterisBetter has 60 seconds left.\n|inactive|ButterisBetter has 30 seconds left.\n|inactive|ButterisBetter has 20 seconds left.\n|inactive|ButterisBetter has 15 seconds left.\n|inactive|ButterisBetter has 10 seconds left.\n|inactive|ButterisBetter has 5 seconds left.\n|\n|t:|1776310115\n|move|p1b: Sinistcha|Rage Powder|p1b: Sinistcha\n|-singleturn|p1b: Sinistcha|move: Rage Powder\n|move|p1a: Dragapult|Dragon Darts|p2a: Charizard\n|-damage|p2a: Charizard|0 fnt\n|faint|p2a: Charizard\n|\n|win|sorzee\n|raw|sorzee's rating: 1083 &rarr; <strong>1110</strong><br />(+27 for winning)\n|raw|ButterisBetter's rating: 1071 &rarr; <strong>1051</strong><br />(-20 for losing)\n",
  "uploadtime": 1776310148,
  "views": 20,
  "formatid": "gen9championsvgc2026regma",
  "rating": 1051,
  "private": 0,
  "password": null
}