{
  "id": "gen9championsvgc2026regma-2584289478",
  "format": "[Gen 9 Champions] VGC 2026 Reg M-A",
  "players": [
    "Samubruni97",
    "smp on whimsicott"
  ],
  "log": "|j|\u2606Samubruni97\n|j|\u2606smp on whimsicott\n|t:|1776247586\n|gametype|doubles\n|player|p1|Samubruni97|red|1133\n|player|p2|smp on whimsicott|artist-gen4|1140\n|gen|9\n|tier|[Gen 9 Champions] VGC 2026 Reg M-A\n|rated|\n|rule|Species Clause: Limit one of each Pok\u00e9mon\n|rule|Item Clause: Limit 1 of each item\n|clearpoke\n|poke|p1|Incineroar, L50, F|\n|poke|p1|Aerodactyl, L50, F|\n|poke|p1|Floette-Eternal, L50, F|\n|poke|p1|Maushold-Four, L50|\n|poke|p1|Basculegion, L50, M|\n|poke|p1|Sneasler, L50, M|\n|poke|p2|Incineroar, L50, M|\n|poke|p2|Politoed, L50, F|\n|poke|p2|Gengar, L50, F|\n|poke|p2|Whimsicott, L50, M|\n|poke|p2|Floette-Eternal, L50, F|\n|poke|p2|Kommo-o, L50, M|\n|teampreview|4\n|inactive|Battle timer is ON: inactive players will automatically lose when time's up. (requested by Samubruni97)\n|inactive|Samubruni97 has 60 seconds left.\n|inactive|smp on whimsicott has 60 seconds left.\n|\n|t:|1776247641\n|teamsize|p1|4\n|teamsize|p2|4\n|start\n|switch|p1a: Floette|Floette-Eternal, L50, F|100/100\n|switch|p1b: Maushold|Maushold-Four, L50, shiny|100/100\n|switch|p2a: Gengar|Gengar, L50, F|100/100\n|switch|p2b: Incineroar|Incineroar, L50, M|100/100\n|-ability|p2b: Incineroar|Intimidate|boost\n|-unboost|p1a: Floette|atk|1\n|-unboost|p1b: Maushold|atk|1\n|turn|1\n|\n|t:|1776247663\n|switch|p2b: Whimsicott|Whimsicott, L50, M|100/100\n|detailschange|p2a: Gengar|Gengar-Mega, L50, F\n|-mega|p2a: Gengar|Gengar|Gengarite\n|detailschange|p1a: Floette|Floette-Mega, L50, F\n|-mega|p1a: Floette|Floette|Floettite\n|-ability|p1a: Floette|Fairy Aura\n|move|p2a: Gengar|Sludge Bomb|p1a: Floette\n|-supereffective|p1a: Floette|1\n|-damage|p1a: Floette|50/100\n|move|p1b: Maushold|Taunt|p2a: Gengar\n|-start|p2a: Gengar|move: Taunt\n|move|p1a: Floette|Psychic|p2a: Gengar\n|-supereffective|p2a: Gengar|1\n|-damage|p2a: Gengar|9/100\n|\n|upkeep\n|turn|2\n|inactive|smp on whimsicott has 30 seconds left.\n|\n|t:|1776247689\n|switch|p2a: Incineroar|Incineroar, L50, M|100/100\n|-ability|p2a: Incineroar|Intimidate|boost\n|-unboost|p1a: Floette|atk|1\n|-unboost|p1b: Maushold|atk|1\n|move|p1b: Maushold|Follow Me|p1b: Maushold\n|-singleturn|p1b: Maushold|move: Follow Me\n|move|p2b: Whimsicott|Moonblast|p1b: Maushold\n|-damage|p1b: Maushold|37/100\n|move|p1a: Floette|Dazzling Gleam|p2b: Whimsicott|[spread] p2a,p2b\n|-damage|p2a: Incineroar|62/100\n|-damage|p2b: Whimsicott|17/100\n|\n|upkeep\n|turn|3\n|inactive|Samubruni97 has 30 seconds left.\n|\n|t:|1776247720\n|switch|p1b: Aerodactyl|Aerodactyl, L50, F|100/100\n|-ability|p1b: Aerodactyl|Unnerve\n|switch|p1a: Basculegion|Basculegion, L50, M|100/100\n|move|p2a: Incineroar|Fake Out|p1a: Basculegion\n|-immune|p1a: Basculegion\n|move|p2b: Whimsicott|Moonblast|p1b: Aerodactyl\n|-damage|p1b: Aerodactyl|49/100\n|\n|upkeep\n|turn|4\n|\n|t:|1776247742\n|move|p2b: Whimsicott|Protect|p2b: Whimsicott\n|-singleturn|p2b: Whimsicott|Protect\n|move|p1a: Basculegion|Flip Turn|p2a: Incineroar\n|-supereffective|p2a: Incineroar|1\n|-damage|p2a: Incineroar|4/100\n|\n|t:|1776247751\n|switch|p1a: Maushold|Maushold-Four, L50, shiny|37/100|[from] Flip Turn\n|move|p1b: Aerodactyl|Tailwind|p1b: Aerodactyl\n|-sidestart|p1: Samubruni97|move: Tailwind\n|move|p2a: Incineroar|Throat Chop|p1a: Maushold\n|-damage|p1a: Maushold|0 fnt\n|faint|p1a: Maushold\n|\n|upkeep\n|\n|t:|1776247763\n|switch|p1a: Floette|Floette-Mega, L50, F|50/100\n|-ability|p1a: Floette|Fairy Aura\n|turn|5\n|\n|t:|1776247773\n|switch|p1b: Basculegion|Basculegion, L50, M|100/100\n|move|p2b: Whimsicott|Tailwind|p2b: Whimsicott\n|-sidestart|p2: smp on whimsicott|move: Tailwind\n|move|p1a: Floette|Dazzling Gleam|p2b: Whimsicott|[spread] p2a,p2b\n|-damage|p2a: Incineroar|0 fnt\n|-damage|p2b: Whimsicott|0 fnt\n|faint|p2a: Incineroar\n|faint|p2b: Whimsicott\n|\n|upkeep\n|\n|t:|1776247778\n|switch|p2b: Gengar|Gengar-Mega, L50, F|9/100\n|switch|p2a: Politoed|Politoed, L50, F|100/100\n|-weather|RainDance|[from] ability: Drizzle|[of] p2a: Politoed\n|turn|6\n|\n|t:|1776247791\n|move|p2b: Gengar|Protect|p2b: Gengar\n|-singleturn|p2b: Gengar|Protect\n|move|p1b: Basculegion|Aqua Jet|p2b: Gengar\n|-activate|p2b: Gengar|move: Protect\n|move|p1a: Floette|Dazzling Gleam|p2a: Politoed|[spread] p2a\n|-activate|p2b: Gengar|move: Protect\n|-damage|p2a: Politoed|49/100\n|-enditem|p2a: Politoed|Sitrus Berry|[eat]\n|-heal|p2a: Politoed|74/100|[from] item: Sitrus Berry\n|move|p2a: Politoed|Icy Wind|p1b: Basculegion|[spread] p1a,p1b\n|-resisted|p1b: Basculegion|1\n|-damage|p1a: Floette|44/100\n|-damage|p1b: Basculegion|95/100\n|-unboost|p1a: Floette|spe|1\n|-unboost|p1b: Basculegion|spe|1\n|\n|-weather|RainDance|[upkeep]\n|upkeep\n|turn|7\n|\n|t:|1776247810\n|move|p2b: Gengar|Protect||[still]\n|-fail|p2b: Gengar\n|move|p1b: Basculegion|Aqua Jet|p2b: Gengar\n|-damage|p2b: Gengar|0 fnt\n|faint|p2b: Gengar\n|move|p2a: Politoed|Muddy Water|p1b: Basculegion|[spread] p1a\n|-miss|p2a: Politoed|p1b: Basculegion\n|-damage|p1a: Floette|19/100\n|move|p1a: Floette|Dazzling Gleam|p2a: Politoed\n|-damage|p2a: Politoed|12/100\n|\n|-weather|RainDance|[upkeep]\n|-sideend|p1: Samubruni97|move: Tailwind\n|upkeep\n|turn|8\n|-message|smp on whimsicott forfeited.\n|\n|win|Samubruni97\n|raw|Samubruni97's rating: 1133 &rarr; <strong>1159</strong><br />(+26 for winning)\n|raw|smp on whimsicott's rating: 1140 &rarr; <strong>1114</strong><br />(-26 for losing)\n",
  "uploadtime": 1776247817,
  "views": 28,
  "formatid": "gen9championsvgc2026regma",
  "rating": 1114,
  "private": 0,
  "password": null
}