{
  "id": "gen9championsvgc2026regma-2588336952",
  "format": "[Gen 9 Champions] VGC 2026 Reg M-A",
  "players": [
    "MA Sunshine",
    "hum ding"
  ],
  "log": "|j|\u2606MA Sunshine\n|j|\u2606hum ding\n|t:|1776625195\n|gametype|doubles\n|player|p1|MA Sunshine|170|1139\n|player|p2|hum ding|dawn-gen4pt|1196\n|gen|9\n|tier|[Gen 9 Champions] VGC 2026 Reg M-A\n|rated|\n|rule|Species Clause: Limit one of each Pok\u00e9mon\n|rule|Item Clause: Limit 1 of each item\n|clearpoke\n|poke|p1|Charizard, L50, M, shiny|\n|poke|p1|Garchomp, L50, M|\n|poke|p1|Rotom-Wash, L50|\n|poke|p1|Whimsicott, L50, F|\n|poke|p1|Incineroar, L50, M, shiny|\n|poke|p1|Sneasler, L50, M|\n|poke|p2|Scizor, L50, M, shiny|\n|poke|p2|Garchomp, L50, M, shiny|\n|poke|p2|Rotom-Wash, L50, shiny|\n|poke|p2|Pelipper, L50, M, shiny|\n|poke|p2|Incineroar, L50, M, shiny|\n|poke|p2|Dragonite, L50, M, shiny|\n|teampreview|4\n|inactive|Battle timer is ON: inactive players will automatically lose when time's up. (requested by MA Sunshine)\n|\n|t:|1776625224\n|teamsize|p1|4\n|teamsize|p2|4\n|start\n|switch|p1a: Whimsicott|Whimsicott, L50, F|100/100\n|switch|p1b: Rotom|Rotom-Wash, L50|100/100\n|switch|p2a: Rotom|Rotom-Wash, L50, shiny|100/100\n|switch|p2b: Garchomp|Garchomp, L50, M, shiny|100/100\n|turn|1\n|inactive|MA Sunshine has 30 seconds left.\n|\n|t:|1776625255\n|move|p1a: Whimsicott|Tailwind|p1a: Whimsicott\n|-sidestart|p1: MA Sunshine|move: Tailwind\n|move|p1b: Rotom|Hydro Pump|p2b: Garchomp|[miss]\n|-miss|p1b: Rotom|p2b: Garchomp\n|move|p2b: Garchomp|Rock Slide|p1a: Whimsicott|[spread] p1a,p1b\n|-damage|p1a: Whimsicott|78/100\n|-damage|p1b: Rotom|75/100\n|move|p2a: Rotom|Discharge|p1b: Rotom|[spread] p1a,p1b\n|-immune|p2b: Garchomp\n|-resisted|p1a: Whimsicott|1\n|-damage|p1a: Whimsicott|56/100\n|-damage|p1b: Rotom|36/100\n|\n|upkeep\n|turn|2\n|\n|t:|1776625275\n|move|p1b: Rotom|Hydro Pump|p2b: Garchomp\n|-damage|p2b: Garchomp|42/100\n|move|p1a: Whimsicott|Moonblast|p2b: Garchomp\n|-supereffective|p2b: Garchomp|1\n|-damage|p2b: Garchomp|0 fnt\n|faint|p2b: Garchomp\n|move|p2a: Rotom|Discharge|p1a: Whimsicott|[spread] p1a,p1b\n|-resisted|p1a: Whimsicott|1\n|-damage|p1a: Whimsicott|36/100\n|-damage|p1b: Rotom|0 fnt\n|faint|p1b: Rotom\n|\n|upkeep\n|\n|t:|1776625290\n|switch|p2b: Pelipper|Pelipper, L50, M, shiny|100/100\n|switch|p1b: Garchomp|Garchomp, L50, M|100/100\n|-weather|RainDance|[from] ability: Drizzle|[of] p2b: Pelipper\n|turn|3\n|\n|t:|1776625310\n|move|p1a: Whimsicott|Sunny Day|p1a: Whimsicott\n|-weather|SunnyDay\n|move|p1b: Garchomp|Rock Slide|p2a: Rotom|[spread] p2a,p2b\n|-supereffective|p2b: Pelipper|1\n|-crit|p2b: Pelipper\n|-damage|p2a: Rotom|79/100\n|-damage|p2b: Pelipper|23/100\n|move|p2b: Pelipper|Tailwind|p2b: Pelipper\n|-sidestart|p2: hum ding|move: Tailwind\n|cant|p2a: Rotom|flinch\n|\n|-weather|SunnyDay|[upkeep]\n|-heal|p2a: Rotom|85/100|[from] item: Leftovers\n|upkeep\n|turn|4\n|\n|t:|1776625333\n|move|p2b: Pelipper|Protect|p2b: Pelipper\n|-singleturn|p2b: Pelipper|Protect\n|move|p1a: Whimsicott|Encore|p2b: Pelipper\n|-activate|p2b: Pelipper|move: Protect\n|move|p1b: Garchomp|Rock Slide|p2b: Pelipper|[spread] p2a\n|-activate|p2b: Pelipper|move: Protect\n|-damage|p2a: Rotom|63/100\n|move|p2a: Rotom|Volt Switch|p1a: Whimsicott\n|-resisted|p1a: Whimsicott|1\n|-damage|p1a: Whimsicott|12/100\n|\n|t:|1776625349\n|switch|p2a: Dragonite|Dragonite, L50, M, shiny|100/100|[from] Volt Switch\n|\n|-weather|SunnyDay|[upkeep]\n|-sideend|p1: MA Sunshine|move: Tailwind\n|upkeep\n|turn|5\n|\n|t:|1776625370\n|switch|p2b: Rotom|Rotom-Wash, L50, shiny|63/100\n|detailschange|p2a: Dragonite|Dragonite-Mega, L50, M, shiny\n|-mega|p2a: Dragonite|Dragonite|Dragoninite\n|move|p1a: Whimsicott|Tailwind|p1a: Whimsicott\n|-sidestart|p1: MA Sunshine|move: Tailwind\n|move|p1b: Garchomp|Rock Slide|p2a: Dragonite|[spread] p2a,p2b\n|-supereffective|p2a: Dragonite|1\n|-damage|p2a: Dragonite|81/100\n|-damage|p2b: Rotom|43/100\n|move|p2a: Dragonite|Dragon Pulse|p1b: Garchomp\n|-supereffective|p1b: Garchomp|1\n|-enditem|p1b: Garchomp|Haban Berry|[eat]\n|-enditem|p1b: Garchomp|Haban Berry|[weaken]\n|-damage|p1b: Garchomp|38/100\n|\n|-weather|SunnyDay|[upkeep]\n|-heal|p2b: Rotom|49/100|[from] item: Leftovers\n|upkeep\n|turn|6\n|\n|t:|1776625392\n|move|p1b: Garchomp|Protect|p1b: Garchomp\n|-singleturn|p1b: Garchomp|Protect\n|move|p2a: Dragonite|Protect|p2a: Dragonite\n|-singleturn|p2a: Dragonite|Protect\n|move|p1a: Whimsicott|Encore|p2a: Dragonite\n|-activate|p2a: Dragonite|move: Protect\n|move|p2b: Rotom|Discharge|p1b: Garchomp|[spread] p1a\n|-activate|p2a: Dragonite|move: Protect\n|-activate|p1b: Garchomp|move: Protect\n|-resisted|p1a: Whimsicott|1\n|-damage|p1a: Whimsicott|0 fnt\n|faint|p1a: Whimsicott\n|\n|-weather|SunnyDay|[upkeep]\n|-heal|p2b: Rotom|55/100|[from] item: Leftovers\n|-sideend|p2: hum ding|move: Tailwind\n|upkeep\n|\n|t:|1776625409\n|switch|p1a: Charizard|Charizard, L50, M, shiny|100/100\n|turn|7\n|\n|t:|1776625432\n|move|p1b: Garchomp|Rock Slide|p2b: Rotom|[spread] p2a,p2b\n|-supereffective|p2a: Dragonite|1\n|-damage|p2a: Dragonite|43/100\n|-damage|p2b: Rotom|34/100\n|move|p1a: Charizard|Air Slash|p2a: Dragonite\n|-damage|p2a: Dragonite|0 fnt\n|faint|p2a: Dragonite\n|move|p2b: Rotom|Volt Switch|p1a: Charizard\n|-supereffective|p1a: Charizard|1\n|-damage|p1a: Charizard|14/100\n|\n|t:|1776625443\n|switch|p2b: Pelipper|Pelipper, L50, M, shiny|23/100|[from] Volt Switch\n|-weather|RainDance|[from] ability: Drizzle|[of] p2b: Pelipper\n|\n|-weather|RainDance|[upkeep]\n|upkeep\n|\n|t:|1776625445\n|switch|p2a: Rotom|Rotom-Wash, L50, shiny|34/100\n|turn|8\n|inactive|hum ding has 30 seconds left.\n|\n|t:|1776625474\n|detailschange|p1a: Charizard|Charizard-Mega-Y, L50, M, shiny\n|-mega|p1a: Charizard|Charizard|Charizardite Y\n|-weather|SunnyDay|[from] ability: Drought|[of] p1a: Charizard\n|move|p1b: Garchomp|Rock Slide|p2b: Pelipper|[spread] p2a,p2b\n|-supereffective|p2b: Pelipper|1\n|-damage|p2a: Rotom|14/100\n|-damage|p2b: Pelipper|0 fnt\n|faint|p2b: Pelipper\n|move|p1a: Charizard|Solar Beam||[still]\n|-prepare|p1a: Charizard|Solar Beam\n|-anim|p1a: Charizard|Solar Beam|p2a: Rotom\n|-supereffective|p2a: Rotom|1\n|-damage|p2a: Rotom|0 fnt\n|faint|p2a: Rotom\n|\n|win|MA Sunshine\n|raw|MA Sunshine's rating: 1139 &rarr; <strong>1168</strong><br />(+29 for winning)\n|raw|hum ding's rating: 1196 &rarr; <strong>1167</strong><br />(-29 for losing)\n|l|\u2606hum ding\n|player|p2|\n",
  "uploadtime": 1776625488,
  "views": 11,
  "formatid": "gen9championsvgc2026regma",
  "rating": 1167,
  "private": 0,
  "password": null
}