{
  "id": "gen9championsvgc2026regma-2581962048",
  "format": "[Gen 9 Champions] VGC 2026 Reg M-A",
  "players": [
    "gastrod",
    "dkapflzksh"
  ],
  "log": "|j|\u2606gastrod\n|j|\u2606dkapflzksh\n|t:|1776043605\n|gametype|doubles\n|player|p1|gastrod|169|1000\n|player|p2|dkapflzksh|thorton|1090\n|gen|9\n|tier|[Gen 9 Champions] VGC 2026 Reg M-A\n|rated|\n|rule|Species Clause: Limit one of each Pok\u00e9mon\n|rule|Item Clause: Limit 1 of each item\n|clearpoke\n|poke|p1|Whimsicott, L50, F|\n|poke|p1|Politoed, L50, M|\n|poke|p1|Hawlucha, L50, M|\n|poke|p1|Ampharos, L50, M|\n|poke|p1|Incineroar, L50, F|\n|poke|p1|Beartic, L50, M|\n|poke|p2|Pelipper, L50, F|\n|poke|p2|Basculegion, L50, M|\n|poke|p2|Dragonite, L50, M|\n|poke|p2|Archaludon, L50, F|\n|poke|p2|Sableye, L50, M|\n|poke|p2|Incineroar, L50, F|\n|teampreview|4\n|inactive|Battle timer is ON: inactive players will automatically lose when time's up. (requested by gastrod)\ngastrod rejected open team sheets.\n|\n|t:|1776043656\n|teamsize|p1|4\n|teamsize|p2|4\n|start\n|switch|p1a: Ampharos|Ampharos, L50, M|100/100\n|switch|p1b: Incineroar|Incineroar, L50, F|100/100\n|switch|p2a: Sableye|Sableye, L50, M|100/100\n|switch|p2b: Archaludon|Archaludon, L50, F, shiny|100/100\n|-ability|p1b: Incineroar|Intimidate|boost\n|-unboost|p2a: Sableye|atk|1\n|-unboost|p2b: Archaludon|atk|1\n|turn|1\n|inactive|gastrod has 30 seconds left.\n|inactive|dkapflzksh has 30 seconds left.\n|\n|t:|1776043689\n|move|p1b: Incineroar|Fake Out|p2b: Archaludon\n|-resisted|p2b: Archaludon|1\n|-damage|p2b: Archaludon|96/100\n|-ability|p2b: Archaludon|Stamina|boost\n|-boost|p2b: Archaludon|def|1\n|move|p2a: Sableye|Light Screen|p2a: Sableye\n|-sidestart|p2: dkapflzksh|move: Light Screen\n|cant|p2b: Archaludon|flinch\n|move|p1a: Ampharos|Volt Switch|p2a: Sableye\n|-damage|p2a: Sableye|68/100\n|\n|t:|1776043701\n|switch|p1a: Hawlucha|Hawlucha, L50, M|100/100|[from] Volt Switch\n|\n|-heal|p2b: Archaludon|100/100|[from] item: Leftovers\n|upkeep\n|turn|2\n|\n|t:|1776043715\n|switch|p1b: Beartic|Beartic, L50, M|100/100\n|detailschange|p1a: Hawlucha|Hawlucha-Mega, L50, M\n|-mega|p1a: Hawlucha|Hawlucha|Hawluchanite\n|move|p2b: Archaludon|Protect|p2b: Archaludon\n|-singleturn|p2b: Archaludon|Protect\n|move|p2a: Sableye|Rain Dance|p2a: Sableye\n|-weather|RainDance\n|move|p1a: Hawlucha|Entrainment|p1b: Beartic\n|-ability|p1b: Beartic|No Guard|Swift Swim|[from] move: Entrainment|[of] p1a: Hawlucha\n|\n|-weather|RainDance|[upkeep]\n|upkeep\n|turn|3\n|inactive|gastrod has 30 seconds left.\n|\n|t:|1776043743\n|switch|p2b: Basculegion|Basculegion, L50, M, shiny|100/100\n|move|p2a: Sableye|Encore|p1a: Hawlucha\n|-start|p1a: Hawlucha|Encore\n|move|p1a: Hawlucha|Entrainment|p2b: Basculegion\n|-ability|p2b: Basculegion|No Guard|Swift Swim|[from] move: Entrainment|[of] p1a: Hawlucha\n|move|p1b: Beartic|Sheer Cold|p2b: Basculegion\n|-enditem|p2b: Basculegion|Focus Sash\n|-damage|p2b: Basculegion|1/100\n|\n|-weather|RainDance|[upkeep]\n|upkeep\n|turn|4\n|inactive|gastrod has 30 seconds left.\n|\n|t:|1776043770\n|switch|p1a: Incineroar|Incineroar, L50, F|100/100\n|-ability|p1a: Incineroar|Intimidate|boost\n|-unboost|p2a: Sableye|atk|1\n|-unboost|p2b: Basculegion|atk|1\n|switch|p2b: Archaludon|Archaludon, L50, F, shiny|100/100\n|move|p1b: Beartic|Protect|p1b: Beartic\n|-singleturn|p1b: Beartic|Protect\n|move|p2a: Sableye|Disable|p1b: Beartic\n|-activate|p1b: Beartic|move: Protect\n|\n|-weather|RainDance|[upkeep]\n|upkeep\n|turn|5\n|\n|t:|1776043790\n|move|p1a: Incineroar|Fake Out|p2b: Archaludon\n|-resisted|p2b: Archaludon|1\n|-damage|p2b: Archaludon|97/100\n|-ability|p2b: Archaludon|Stamina|boost\n|-boost|p2b: Archaludon|def|1\n|move|p2a: Sableye|Encore|p1b: Beartic\n|-start|p1b: Beartic|Encore\n|move|p1b: Beartic|Protect|p1b: Beartic\n|-singleturn|p1b: Beartic|Protect\n|cant|p2b: Archaludon|flinch\n|\n|-weather|RainDance|[upkeep]\n|-heal|p2b: Archaludon|100/100|[from] item: Leftovers\n|-sideend|p2: dkapflzksh|move: Light Screen\n|upkeep\n|turn|6\n|\n|t:|1776043812\n|switch|p1b: Ampharos|Ampharos, L50, M|100/100\n|move|p2a: Sableye|Light Screen|p2a: Sableye\n|-sidestart|p2: dkapflzksh|move: Light Screen\n|move|p2b: Archaludon|Electro Shot||[still]\n|-prepare|p2b: Archaludon|Electro Shot\n|-boost|p2b: Archaludon|spa|1\n|-anim|p2b: Archaludon|Electro Shot|p1a: Incineroar\n|-crit|p1a: Incineroar\n|-damage|p1a: Incineroar|21/100\n|move|p1a: Incineroar|Parting Shot|p2b: Archaludon\n|-unboost|p2b: Archaludon|atk|1\n|-unboost|p2b: Archaludon|spa|1\n|\n|t:|1776043825\n|switch|p1a: Hawlucha|Hawlucha-Mega, L50, M|100/100|[from] Parting Shot\n|\n|-weather|none\n|upkeep\n|turn|7\n|inactive|dkapflzksh has 30 seconds left.\n|\n|t:|1776043857\n|move|p2a: Sableye|Rain Dance|p2a: Sableye\n|-weather|RainDance\n|move|p1a: Hawlucha|Cross Chop|p2b: Archaludon\n|-supereffective|p2b: Archaludon|1\n|-damage|p2b: Archaludon|49/100\n|-ability|p2b: Archaludon|Stamina|boost\n|-boost|p2b: Archaludon|def|1\n|move|p2b: Archaludon|Electro Shot||[still]\n|-prepare|p2b: Archaludon|Electro Shot\n|-boost|p2b: Archaludon|spa|1\n|-anim|p2b: Archaludon|Electro Shot|p1b: Ampharos\n|-resisted|p1b: Ampharos|1\n|-damage|p1b: Ampharos|69/100\n|move|p1b: Ampharos|Dragon Tail|p2a: Sableye\n|-damage|p2a: Sableye|54/100\n|drag|p2a: Dragonite|Dragonite, L50, M, shiny|100/100\n|\n|-weather|RainDance|[upkeep]\n|-heal|p2b: Archaludon|56/100|[from] item: Leftovers\n|upkeep\n|turn|8\n|inactive|gastrod has 30 seconds left.\n|inactive|dkapflzksh has 30 seconds left.\n|\n|t:|1776043887\n|detailschange|p2a: Dragonite|Dragonite-Mega, L50, M, shiny\n|-mega|p2a: Dragonite|Dragonite|Dragoninite\n|move|p1a: Hawlucha|Cross Chop|p2b: Archaludon\n|-supereffective|p2b: Archaludon|1\n|-damage|p2b: Archaludon|11/100\n|-ability|p2b: Archaludon|Stamina|boost\n|-boost|p2b: Archaludon|def|1\n|move|p2a: Dragonite|Hurricane|p1a: Hawlucha\n|-supereffective|p1a: Hawlucha|1\n|-damage|p1a: Hawlucha|0 fnt\n|faint|p1a: Hawlucha\n|move|p2b: Archaludon|Electro Shot||[still]\n|-prepare|p2b: Archaludon|Electro Shot\n|-boost|p2b: Archaludon|spa|1\n|-anim|p2b: Archaludon|Electro Shot|p1b: Ampharos\n|-resisted|p1b: Ampharos|1\n|-damage|p1b: Ampharos|27/100\n|move|p1b: Ampharos|Thunder|p2a: Dragonite\n|-damage|p2a: Dragonite|82/100\n|-status|p2a: Dragonite|par\n|\n|-weather|RainDance|[upkeep]\n|-heal|p2b: Archaludon|17/100|[from] item: Leftovers\n|upkeep\n|\n|t:|1776043911\n|switch|p1a: Incineroar|Incineroar, L50, F|21/100\n|-ability|p1a: Incineroar|Intimidate|boost\n|-unboost|p2a: Dragonite|atk|1\n|-unboost|p2b: Archaludon|atk|1\n|turn|9\n|\n|t:|1776043924\n|move|p2b: Archaludon|Protect|p2b: Archaludon\n|-singleturn|p2b: Archaludon|Protect\n|move|p2a: Dragonite|Protect|p2a: Dragonite\n|-singleturn|p2a: Dragonite|Protect\n|move|p1a: Incineroar|Fake Out|p2a: Dragonite\n|-activate|p2a: Dragonite|move: Protect\n|move|p1b: Ampharos|Volt Switch|p2b: Archaludon\n|-activate|p2b: Archaludon|move: Protect\n|\n|-weather|RainDance|[upkeep]\n|-heal|p2b: Archaludon|23/100|[from] item: Leftovers\n|upkeep\n|turn|10\n|\n|t:|1776043942\n|move|p2b: Archaludon|Electro Shot||[still]\n|-prepare|p2b: Archaludon|Electro Shot\n|-boost|p2b: Archaludon|spa|1\n|-anim|p2b: Archaludon|Electro Shot|p1b: Ampharos\n|-resisted|p1b: Ampharos|1\n|-damage|p1b: Ampharos|0 fnt\n|faint|p1b: Ampharos\n|move|p2a: Dragonite|Hurricane|p1a: Incineroar\n|-damage|p1a: Incineroar|0 fnt\n|faint|p1a: Incineroar\n|\n|-weather|RainDance|[upkeep]\n|-heal|p2b: Archaludon|30/100|[from] item: Leftovers\n|-sideend|p2: dkapflzksh|move: Light Screen\n|upkeep\n|\n|t:|1776043953\n|switch|p1b: Beartic|Beartic, L50, M|100/100\n|turn|11\n|\n|t:|1776043965\n|move|p1b: Beartic|Icicle Crash|p2a: Dragonite\n|-supereffective|p2a: Dragonite|2\n|-damage|p2a: Dragonite|0 fnt\n|faint|p2a: Dragonite\n|move|p2b: Archaludon|Electro Shot||[still]\n|-prepare|p2b: Archaludon|Electro Shot\n|-boost|p2b: Archaludon|spa|1\n|-anim|p2b: Archaludon|Electro Shot|p1b: Beartic\n|-damage|p1b: Beartic|0 fnt\n|faint|p1b: Beartic\n|\n|win|dkapflzksh\n|raw|gastrod's rating: 1000 &rarr; <strong>1000</strong><br />(+0 for losing)\n|raw|dkapflzksh's rating: 1090 &rarr; <strong>1110</strong><br />(+20 for winning)\n",
  "uploadtime": 1776043966,
  "views": 10,
  "formatid": "gen9championsvgc2026regma",
  "rating": 1000,
  "private": 0,
  "password": null
}