{
  "id": "gen9championsvgc2026regma-2587339897",
  "format": "[Gen 9 Champions] VGC 2026 Reg M-A",
  "players": [
    "flaemm",
    "Crispytoesss"
  ],
  "log": "|j|\u2606flaemm\n|j|\u2606Crispytoesss\n|t:|1776523480\n|gametype|doubles\n|player|p1|flaemm|alder|\n|player|p2|Crispytoesss|silver|\n|gen|9\n|tier|[Gen 9 Champions] VGC 2026 Reg M-A\n|rule|Species Clause: Limit one of each Pok\u00e9mon\n|rule|Item Clause: Limit 1 of each item\n|clearpoke\n|poke|p1|Incineroar, L50, M|\n|poke|p1|Torkoal, L50, F|\n|poke|p1|Appletun, L50, M|\n|poke|p1|Sneasler, L50, M|\n|poke|p1|Farigiraf, L50, M|\n|poke|p1|Crabominable, L50, M|\n|poke|p2|Pidgeot, L50, M, shiny|\n|poke|p2|Farigiraf, L50, M|\n|poke|p2|Incineroar, L50, M|\n|poke|p2|Basculegion, L50, M|\n|poke|p2|Dragapult, L50, M, shiny|\n|poke|p2|Sneasler, L50, M, shiny|\n|teampreview|4\nflaemm has agreed to open team sheets.\nCrispytoesss has agreed to open team sheets.\n|showteam|p1|Incineroar||ChopleBerry|Intimidate|FakeOut,FlareBlitz,ThroatChop,PartingShot|||M|||50|]Torkoal||Charcoal|Drought|Eruption,HeatWave,WeatherBall,Protect|||F|||50|]Appletun||MiracleSeed|ThickFat|AppleAcid,LeechSeed,Substitute,Protect|||M|||50|]Sneasler||WhiteHerb|Unburden|FakeOut,CloseCombat,DireClaw,Coaching|||M|||50|]Farigiraf||MentalHerb|ArmorTail|HyperVoice,TwinBeam,TrickRoom,CalmMind|||M|||50|]Crabominable||Crabominite|HyperCutter|IceHammer,DrainPunch,MachPunch,Protect|||M|||50|\n|showteam|p2|Pidgeot||Pidgeotite|BigPecks|Hurricane,HeatWave,Protect,Tailwind|||M|||50|]Farigiraf||MentalHerb|ArmorTail|Imprison,TrickRoom,CalmMind,TwinBeam|||M|||50|]Incineroar||ChopleBerry|Intimidate|FakeOut,PartingShot,ThroatChop,WillOWisp|||M|||50|]Basculegion||ChoiceScarf|Adaptability|LastRespects,AquaJet,WaveCrash,FlipTurn|||M|||50|]Dragapult||DragonFang|ClearBody|DragonDance,DragonDarts,PhantomForce,Protect|||M|||50|]Sneasler||FocusSash|Unburden|DireClaw,Protect,CloseCombat,FakeOut|||M|||50|\n|\n|t:|1776523546\n|teamsize|p1|4\n|teamsize|p2|4\n|start\n|switch|p1a: Incineroar|Incineroar, L50, M|100/100\n|switch|p1b: Farigiraf|Farigiraf, L50, M|100/100\n|switch|p2a: Farigiraf|Farigiraf, L50, M|100/100\n|switch|p2b: piss birb|Pidgeot, L50, M, shiny|100/100\n|-ability|p1a: Incineroar|Intimidate|boost\n|-unboost|p2a: Farigiraf|atk|1\n|-unboost|p2b: piss birb|atk|1\n|turn|1\n|\n|t:|1776523579\n|switch|p1b: Torkoal|Torkoal, L50, F|100/100\n|-weather|SunnyDay|[from] ability: Drought|[of] p1b: Torkoal\n|detailschange|p2b: piss birb|Pidgeot-Mega, L50, M, shiny\n|-mega|p2b: piss birb|Pidgeot|Pidgeotite\n|move|p2b: piss birb|Hurricane|p1b: Torkoal\n|-damage|p1b: Torkoal|24/100\n|move|p1a: Incineroar|Flare Blitz|p2b: piss birb\n|-damage|p2b: piss birb|3/100\n|-damage|p1a: Incineroar|75/100|[from] Recoil\n|move|p2a: Farigiraf|Calm Mind|p2a: Farigiraf\n|-boost|p2a: Farigiraf|spa|1\n|-boost|p2a: Farigiraf|spd|1\n|\n|-weather|SunnyDay|[upkeep]\n|upkeep\n|turn|2\n|\n|t:|1776523624\n|move|p1b: Torkoal|Protect|p1b: Torkoal\n|-singleturn|p1b: Torkoal|Protect\n|move|p2b: piss birb|Hurricane|p1a: Incineroar\n|-damage|p1a: Incineroar|24/100\n|move|p1a: Incineroar|Throat Chop|p2a: Farigiraf\n|-supereffective|p2a: Farigiraf|1\n|-damage|p2a: Farigiraf|52/100\n|-start|p2a: Farigiraf|Throat Chop|[silent]\n|move|p2a: Farigiraf|Twin Beam|p1b: Torkoal\n|-activate|p1b: Torkoal|move: Protect\n|\n|-weather|SunnyDay|[upkeep]\n|upkeep\n|turn|3\n|\n|t:|1776523656\n|move|p2b: piss birb|Hurricane|p1a: Incineroar\n|-damage|p1a: Incineroar|0 fnt\n|faint|p1a: Incineroar\n|move|p2a: Farigiraf|Twin Beam|p1b: Torkoal\n|-damage|p1b: Torkoal|0 fnt\n|faint|p1b: Torkoal\n|-hitcount|p1: Torkoal|1\n|\n|-weather|SunnyDay|[upkeep]\n|-end|p2a: Farigiraf|Throat Chop|[silent]\n|upkeep\n|\n|t:|1776523659\n|switch|p1a: Farigiraf|Farigiraf, L50, M|100/100\n|switch|p1b: Crabominable|Crabominable, L50, M|100/100\n|turn|4\n|\n|t:|1776523685\n|move|p2b: piss birb|Protect|p2b: piss birb\n|-singleturn|p2b: piss birb|Protect\n|move|p1b: Crabominable|Protect|p1b: Crabominable\n|-singleturn|p1b: Crabominable|Protect\n|move|p2a: Farigiraf|Imprison|p2a: Farigiraf\n|-start|p2a: Farigiraf|move: Imprison\n|cant|p1a: Farigiraf|move: Imprison|Trick Room\n|\n|-weather|SunnyDay|[upkeep]\n|upkeep\n|turn|5\n|\n|t:|1776523718\n|detailschange|p1b: Crabominable|Crabominable-Mega, L50, M\n|-mega|p1b: Crabominable|Crabominable|Crabominite\n|move|p2b: piss birb|Heat Wave|p1b: Crabominable|[spread] p1a,p1b\n|-supereffective|p1b: Crabominable|1\n|-damage|p1a: Farigiraf|64/100\n|-damage|p1b: Crabominable|44/100\n|move|p2a: Farigiraf|Twin Beam|p1b: Crabominable\n|-supereffective|p1b: Crabominable|1\n|-damage|p1b: Crabominable|2/100\n|-supereffective|p1b: Crabominable|1\n|-damage|p1b: Crabominable|0 fnt\n|faint|p1b: Crabominable\n|-hitcount|p1: Crabominable|2\n|move|p1a: Farigiraf|Hyper Voice|p2b: piss birb|[spread] p2a,p2b\n|-damage|p2a: Farigiraf|33/100\n|-damage|p2b: piss birb|0 fnt\n|faint|p2b: piss birb\n|\n|-weather|none\n|upkeep\n|\n|t:|1776523732\n|switch|p2b: Incineroar|Incineroar, L50, M|100/100\n|-ability|p2b: Incineroar|Intimidate|boost\n|-unboost|p1a: Farigiraf|atk|1\n|turn|6\n|\n|t:|1776523739\n|move|p2b: Incineroar|Throat Chop|p1a: Farigiraf\n|-supereffective|p1a: Farigiraf|1\n|-crit|p1a: Farigiraf\n|-damage|p1a: Farigiraf|0 fnt\n|faint|p1a: Farigiraf\n|\n|win|Crispytoesss\n",
  "uploadtime": 1776523750,
  "views": 22,
  "formatid": "gen9championsvgc2026regma",
  "rating": null,
  "private": 0,
  "password": null
}