{
  "id": "gen9championsvgc2026regma-2580863431",
  "format": "[Gen 9 Champions] VGC 2026 Reg M-A",
  "players": [
    "Cookiemaster420",
    "Cafe Gostoso"
  ],
  "log": "|j|\u2606Cookiemaster420\n|j|\u2606Cafe Gostoso\n|t:|1775938693\n|gametype|doubles\n|player|p1|Cookiemaster420|102|1000\n|player|p2|Cafe Gostoso|102|1000\n|gen|9\n|tier|[Gen 9 Champions] VGC 2026 Reg M-A\n|rated|\n|rule|Species Clause: Limit one of each Pok\u00e9mon\n|rule|Item Clause: Limit 1 of each item\n|clearpoke\n|poke|p1|Charizard, L50, M|\n|poke|p1|Venusaur, L50, M|\n|poke|p1|Whimsicott, L50, M|\n|poke|p1|Incineroar, L50, M|\n|poke|p1|Dragapult, L50, F|\n|poke|p1|Sylveon, L50, M|\n|poke|p2|Skarmory, L50, M|\n|poke|p2|Medicham, L50, M|\n|poke|p2|Incineroar, L50, M|\n|poke|p2|Whimsicott, L50, F|\n|poke|p2|Dragapult, L50, M|\n|poke|p2|Charizard, L50, M|\n|teampreview|4\n|\n|t:|1775938726\n|teamsize|p1|4\n|teamsize|p2|4\n|start\n|switch|p1a: Dragapult|Dragapult, L50, F|100/100\n|switch|p1b: Whimsicott|Whimsicott, L50, M|100/100\n|switch|p2a: Medicham|Medicham, L50, M, shiny|100/100\n|switch|p2b: Skarmory|Skarmory, L50, M|100/100\n|turn|1\n|\n|t:|1775938742\n|detailschange|p2b: Skarmory|Skarmory-Mega, L50, M\n|-mega|p2b: Skarmory|Skarmory|Skarmorite\n|move|p2b: Skarmory|Protect|p2b: Skarmory\n|-singleturn|p2b: Skarmory|Protect\n|move|p2a: Medicham|Skill Swap|p2b: Skarmory\n|-activate|p2b: Skarmory|move: Protect\n|move|p1a: Dragapult|Will-O-Wisp|p2b: Skarmory\n|-activate|p2b: Skarmory|move: Protect\n|move|p1b: Whimsicott|Moonblast|p2a: Medicham\n|-supereffective|p2a: Medicham|1\n|-crit|p2a: Medicham\n|-damage|p2a: Medicham|0 fnt\n|faint|p2a: Medicham\n|\n|upkeep\n|\n|t:|1775938755\n|switch|p2a: Incineroar|Incineroar, L50, M|100/100\n|-ability|p2a: Incineroar|Intimidate|boost\n|-unboost|p1a: Dragapult|atk|1\n|-unboost|p1b: Whimsicott|atk|1\n|turn|2\n|inactive|Battle timer is ON: inactive players will automatically lose when time's up. (requested by Cookiemaster420)\n|\n|t:|1775938771\n|move|p1b: Whimsicott|Protect|p1b: Whimsicott\n|-singleturn|p1b: Whimsicott|Protect\n|move|p1a: Dragapult|Will-O-Wisp|p2b: Skarmory\n|-status|p2b: Skarmory|brn\n|move|p2b: Skarmory|Iron Head|p1a: Dragapult\n|-damage|p1a: Dragapult|76/100\n|move|p2a: Incineroar|Parting Shot|p1a: Dragapult\n|-unboost|p1a: Dragapult|atk|1\n|-unboost|p1a: Dragapult|spa|1\n|\n|t:|1775938783\n|switch|p2a: Dragapult|Dragapult, L50, M|100/100|[from] Parting Shot\n|\n|-damage|p2b: Skarmory|95/100 brn|[from] brn\n|upkeep\n|turn|3\n|\n|t:|1775938795\n|move|p1a: Dragapult|Helping Hand|p1b: Whimsicott\n|-singleturn|p1b: Whimsicott|Helping Hand|[of] p1a: Dragapult\n|move|p2a: Dragapult|Draco Meteor|p1a: Dragapult\n|-supereffective|p1a: Dragapult|1\n|-damage|p1a: Dragapult|0 fnt\n|-unboost|p2a: Dragapult|spa|2\n|faint|p1a: Dragapult\n|-enditem|p2a: Dragapult|White Herb\n|-clearnegativeboost|p2a: Dragapult|[silent]\n|move|p1b: Whimsicott|Moonblast|p2a: Dragapult\n|-supereffective|p2a: Dragapult|1\n|-damage|p2a: Dragapult|0 fnt\n|faint|p2a: Dragapult\n|move|p2b: Skarmory|Drill Peck|p1b: Whimsicott\n|-supereffective|p1b: Whimsicott|1\n|-damage|p1b: Whimsicott|33/100\n|\n|-damage|p2b: Skarmory|89/100 brn|[from] brn\n|upkeep\n|\n|t:|1775938810\n|switch|p2a: Incineroar|Incineroar, L50, M|100/100\n|switch|p1a: Charizard|Charizard, L50, M|100/100\n|-ability|p2a: Incineroar|Intimidate|boost\n|-unboost|p1a: Charizard|atk|1\n|-unboost|p1b: Whimsicott|atk|1\n|turn|4\n|\n|t:|1775938833\n|detailschange|p1a: Charizard|Charizard-Mega-Y, L50, M\n|-mega|p1a: Charizard|Charizard|Charizardite Y\n|-weather|SunnyDay|[from] ability: Drought|[of] p1a: Charizard\n|move|p1b: Whimsicott|Protect|p1b: Whimsicott\n|-singleturn|p1b: Whimsicott|Protect\n|move|p2a: Incineroar|Fake Out|p1a: Charizard\n|-damage|p1a: Charizard|84/100\n|move|p2b: Skarmory|Drill Peck|p1a: Charizard\n|-damage|p1a: Charizard|53/100\n|cant|p1a: Charizard|flinch\n|\n|-weather|SunnyDay|[upkeep]\n|-damage|p2b: Skarmory|83/100 brn|[from] brn\n|upkeep\n|turn|5\n|\n|t:|1775938856\n|move|p2b: Skarmory|Protect|p2b: Skarmory\n|-singleturn|p2b: Skarmory|Protect\n|move|p1b: Whimsicott|Moonblast|p2a: Incineroar\n|-damage|p2a: Incineroar|63/100\n|move|p1a: Charizard|Heat Wave|p2b: Skarmory|[spread] p2a\n|-activate|p2b: Skarmory|move: Protect\n|-resisted|p2a: Incineroar|1\n|-damage|p2a: Incineroar|28/100\n|move|p2a: Incineroar|Parting Shot|p1a: Charizard\n|-unboost|p1a: Charizard|atk|1\n|-unboost|p1a: Charizard|spa|1\n|\n|-weather|SunnyDay|[upkeep]\n|-damage|p2b: Skarmory|78/100 brn|[from] brn\n|upkeep\n|turn|6\n|inactive|Cafe Gostoso has 30 seconds left.\n|\n|t:|1775938882\n|move|p1b: Whimsicott|Moonblast|p2a: Incineroar\n|-damage|p2a: Incineroar|0 fnt\n|faint|p2a: Incineroar\n|move|p2b: Skarmory|Drill Peck|p1a: Charizard\n|-damage|p1a: Charizard|20/100\n|move|p1a: Charizard|Heat Wave|p2b: Skarmory\n|-supereffective|p2b: Skarmory|1\n|-damage|p2b: Skarmory|0 fnt\n|faint|p2b: Skarmory\n|\n|win|Cookiemaster420\n|raw|Cookiemaster420's rating: 1000 &rarr; <strong>1040</strong><br />(+40 for winning)\n|raw|Cafe Gostoso's rating: 1000 &rarr; <strong>1000</strong><br />(+0 for losing)\n|l|\u2606Cafe Gostoso\n|player|p2|\n",
  "uploadtime": 1775938896,
  "views": 23,
  "formatid": "gen9championsvgc2026regma",
  "rating": 1000,
  "private": 0,
  "password": null
}