{
  "id": "gen9championsvgc2026regma-2581947984",
  "format": "[Gen 9 Champions] VGC 2026 Reg M-A",
  "players": [
    "guhbijknl",
    "Golurk365"
  ],
  "log": "|j|\u2606guhbijknl\n|j|\u2606Golurk365\n|t:|1776042332\n|gametype|doubles\n|player|p1|guhbijknl|102|1054\n|player|p2|Golurk365|hugh|1087\n|gen|9\n|tier|[Gen 9 Champions] VGC 2026 Reg M-A\n|rated|\n|rule|Species Clause: Limit one of each Pok\u00e9mon\n|rule|Item Clause: Limit 1 of each item\n|clearpoke\n|poke|p1|Basculegion, L50, M|\n|poke|p1|Sinistcha-Masterpiece, L50|\n|poke|p1|Archaludon, L50, M|\n|poke|p1|Pelipper, L50, F|\n|poke|p1|Raichu, L50, M|\n|poke|p1|Gengar, L50, M|\n|poke|p2|Golurk, L50|\n|poke|p2|Farigiraf, L50, M|\n|poke|p2|Incineroar, L50, M|\n|poke|p2|Tyranitar, L50, M|\n|poke|p2|Arcanine-Hisui, L50, F|\n|poke|p2|Sinistcha, L50|\n|teampreview|4\n|inactive|Battle timer is ON: inactive players will automatically lose when time's up. (requested by Golurk365)\n|\n|t:|1776042342\n|teamsize|p1|4\n|teamsize|p2|4\n|start\n|switch|p1a: Basculegion|Basculegion, L50, M|100/100\n|switch|p1b: Pelipper|Pelipper, L50, F|100/100\n|switch|p2a: Tyranitar|Tyranitar, L50, M|100/100\n|switch|p2b: Arcanine|Arcanine-Hisui, L50, F|100/100\n|-ability|p2b: Arcanine|Intimidate|boost\n|-unboost|p1a: Basculegion|atk|1\n|-unboost|p1b: Pelipper|atk|1\n|-weather|RainDance|[from] ability: Drizzle|[of] p1b: Pelipper\n|-weather|Sandstorm|[from] ability: Sand Stream|[of] p2a: Tyranitar\n|turn|1\n|inactive|guhbijknl has 30 seconds left.\n|inactive|Golurk365 has 30 seconds left.\n|\n|t:|1776042373\n|switch|p1a: Archaludon|Archaludon, L50, M|100/100\n|switch|p1b: Sinistcha|Sinistcha-Masterpiece, L50|100/100\n|move|p2b: Arcanine|Wild Charge|p1a: Archaludon\n|-resisted|p1a: Archaludon|1\n|-damage|p1a: Archaludon|88/100\n|-ability|p1a: Archaludon|Stamina|boost\n|-boost|p1a: Archaludon|def|1\n|-damage|p2b: Arcanine|98/100|[from] Recoil\n|move|p2a: Tyranitar|Knock Off|p1a: Archaludon\n|-damage|p1a: Archaludon|57/100\n|-ability|p1a: Archaludon|Stamina|boost\n|-boost|p1a: Archaludon|def|1\n|-enditem|p1a: Archaludon|Chople Berry|[from] move: Knock Off|[of] p2a: Tyranitar\n|\n|-weather|Sandstorm|[upkeep]\n|-damage|p1b: Sinistcha|94/100|[from] Sandstorm\n|upkeep\n|turn|2\n|inactive|Golurk365 has 30 seconds left.\n|inactive|Golurk365 has 20 seconds left.\n|\n|t:|1776042413\n|switch|p2b: Golurk|Golurk, L50|100/100\n|switch|p1b: Pelipper|Pelipper, L50, F|100/100\n|-weather|RainDance|[from] ability: Drizzle|[of] p1b: Pelipper\n|switch|p2a: Sinistcha|Sinistcha, L50|100/100\n|move|p1a: Archaludon|Electro Shot||[still]\n|-prepare|p1a: Archaludon|Electro Shot\n|-boost|p1a: Archaludon|spa|1\n|-anim|p1a: Archaludon|Electro Shot|p2a: Sinistcha\n|-resisted|p2a: Sinistcha|1\n|-damage|p2a: Sinistcha|63/100\n|\n|-weather|RainDance|[upkeep]\n|upkeep\n|turn|3\n|inactive|guhbijknl has 30 seconds left.\n|inactive|Golurk365 has 30 seconds left.\n|inactive|guhbijknl has 20 seconds left.\n|\n|t:|1776042451\n|switch|p1b: Sinistcha|Sinistcha-Masterpiece, L50|94/100\n|-heal|p1a: Archaludon|82/100|[from] ability: Hospitality|[of] p1b: Sinistcha\n|switch|p2a: Tyranitar|Tyranitar, L50, M|100/100\n|-weather|Sandstorm|[from] ability: Sand Stream|[of] p2a: Tyranitar\n|detailschange|p2b: Golurk|Golurk-Mega, L50\n|-mega|p2b: Golurk|Golurk|Golurkite\n|move|p1a: Archaludon|Draco Meteor|p2a: Tyranitar\n|-damage|p2a: Tyranitar|46/100\n|-unboost|p1a: Archaludon|spa|2\n|move|p2b: Golurk|Headlong Rush|p1a: Archaludon\n|-supereffective|p1a: Archaludon|1\n|-damage|p1a: Archaludon|12/100\n|-unboost|p2b: Golurk|def|1\n|-unboost|p2b: Golurk|spd|1\n|-ability|p1a: Archaludon|Stamina|boost\n|-boost|p1a: Archaludon|def|1\n|\n|-weather|Sandstorm|[upkeep]\n|-damage|p1b: Sinistcha|88/100|[from] Sandstorm\n|upkeep\n|turn|4\n|inactive|guhbijknl has 30 seconds left.\n|inactive|Golurk365 has 30 seconds left.\n|\n|t:|1776042485\n|move|p1a: Archaludon|Protect|p1a: Archaludon\n|-singleturn|p1a: Archaludon|Protect\n|move|p2b: Golurk|Protect|p2b: Golurk\n|-singleturn|p2b: Golurk|Protect\n|move|p1b: Sinistcha|Foul Play|p2b: Golurk\n|-activate|p2b: Golurk|move: Protect\n|move|p2a: Tyranitar|Rock Slide|p1a: Archaludon|[spread] p1b\n|-activate|p1a: Archaludon|move: Protect\n|-damage|p1b: Sinistcha|61/100\n|\n|-weather|Sandstorm|[upkeep]\n|-damage|p1b: Sinistcha|55/100|[from] Sandstorm\n|upkeep\n|turn|5\n|\n|t:|1776042504\n|switch|p1a: Pelipper|Pelipper, L50, F|100/100\n|-weather|RainDance|[from] ability: Drizzle|[of] p1a: Pelipper\n|switch|p2b: Sinistcha|Sinistcha, L50|63/100\n|-heal|p2a: Tyranitar|71/100|[from] ability: Hospitality|[of] p2b: Sinistcha\n|move|p1b: Sinistcha|Foul Play|p2b: Sinistcha\n|-supereffective|p2b: Sinistcha|1\n|-damage|p2b: Sinistcha|42/100\n|move|p2a: Tyranitar|Rock Slide|p1b: Sinistcha|[spread] p1a,p1b\n|-supereffective|p1a: Pelipper|1\n|-damage|p1a: Pelipper|13/100\n|-damage|p1b: Sinistcha|31/100\n|-enditem|p1b: Sinistcha|Sitrus Berry|[eat]\n|-heal|p1b: Sinistcha|56/100|[from] item: Sitrus Berry\n|\n|-weather|RainDance|[upkeep]\n|upkeep\n|turn|6\n|inactive|Golurk365 has 30 seconds left.\n|\n|t:|1776042535\n|move|p2b: Sinistcha|Rage Powder|p2b: Sinistcha\n|-singleturn|p2b: Sinistcha|move: Rage Powder\n|move|p1a: Pelipper|Weather Ball|p2b: Sinistcha\n|-resisted|p2b: Sinistcha|1\n|-damage|p2b: Sinistcha|5/100\n|move|p1b: Sinistcha|Life Dew|p1b: Sinistcha|[spread] p1a,p1b\n|-heal|p1a: Pelipper|38/100\n|-heal|p1b: Sinistcha|81/100\n|move|p2a: Tyranitar|Rock Slide|p1a: Pelipper|[spread] p1a,p1b\n|-supereffective|p1a: Pelipper|1\n|-damage|p1a: Pelipper|0 fnt\n|-damage|p1b: Sinistcha|55/100\n|faint|p1a: Pelipper\n|\n|-weather|RainDance|[upkeep]\n|upkeep\n|\n|t:|1776042544\n|switch|p1a: Basculegion|Basculegion, L50, M|100/100\n|turn|7\n|\n|t:|1776042558\n|switch|p2a: Arcanine|Arcanine-Hisui, L50, F|98/100\n|-ability|p2a: Arcanine|Intimidate|boost\n|-unboost|p1a: Basculegion|atk|1\n|-unboost|p1b: Sinistcha|atk|1\n|move|p1a: Basculegion|Protect|p1a: Basculegion\n|-singleturn|p1a: Basculegion|Protect\n|move|p1b: Sinistcha|Matcha Gotcha|p2b: Sinistcha|[spread] p2a,p2b\n|-resisted|p2b: Sinistcha|1\n|-damage|p2a: Arcanine|67/100\n|-heal|p1b: Sinistcha|70/100|[from] drain|[of] p2a: Arcanine\n|-damage|p2b: Sinistcha|0 fnt\n|-heal|p1b: Sinistcha|72/100|[from] drain|[of] p2b: Sinistcha\n|faint|p2b: Sinistcha\n|\n|-weather|RainDance|[upkeep]\n|upkeep\n|\n|t:|1776042572\n|switch|p2b: Tyranitar|Tyranitar, L50, M|71/100\n|-weather|Sandstorm|[from] ability: Sand Stream|[of] p2b: Tyranitar\n|turn|8\n|\n|t:|1776042593\n|switch|p1a: Archaludon|Archaludon, L50, M|12/100\n|move|p2a: Arcanine|Wild Charge|p1b: Sinistcha\n|-resisted|p1b: Sinistcha|1\n|-damage|p1b: Sinistcha|60/100\n|-damage|p2a: Arcanine|64/100|[from] Recoil\n|move|p1b: Sinistcha|Matcha Gotcha|p2b: Tyranitar|[spread] p2a,p2b\n|-supereffective|p2b: Tyranitar|1\n|-damage|p2a: Arcanine|43/100\n|-heal|p1b: Sinistcha|70/100|[from] drain|[of] p2a: Arcanine\n|-damage|p2b: Tyranitar|41/100\n|-heal|p1b: Sinistcha|88/100|[from] drain|[of] p2b: Tyranitar\n|move|p2b: Tyranitar|Knock Off|p1b: Sinistcha\n|-supereffective|p1b: Sinistcha|1\n|-damage|p1b: Sinistcha|26/100\n|\n|-weather|Sandstorm|[upkeep]\n|-damage|p1b: Sinistcha|20/100|[from] Sandstorm\n|upkeep\n|turn|9\n|inactive|guhbijknl has 30 seconds left.\n|inactive|guhbijknl has 20 seconds left.\n|inactive|guhbijknl has 15 seconds left.\n|inactive|guhbijknl has 10 seconds left.\n|inactive|guhbijknl has 5 seconds left.\n|\n|t:|1776042645\n|move|p2a: Arcanine|Wild Charge|p1a: Archaludon\n|-resisted|p1a: Archaludon|1\n|-damage|p1a: Archaludon|0 fnt\n|faint|p1a: Archaludon\n|-damage|p2a: Arcanine|40/100|[from] Recoil\n|move|p1b: Sinistcha|Matcha Gotcha|p2b: Tyranitar|[spread] p2a,p2b\n|-supereffective|p2b: Tyranitar|1\n|-damage|p2a: Arcanine|20/100\n|-heal|p1b: Sinistcha|29/100|[from] drain|[of] p2a: Arcanine\n|-damage|p2b: Tyranitar|12/100\n|-heal|p1b: Sinistcha|46/100|[from] drain|[of] p2b: Tyranitar\n|move|p2b: Tyranitar|Knock Off|p1b: Sinistcha\n|-supereffective|p1b: Sinistcha|1\n|-damage|p1b: Sinistcha|0 fnt\n|faint|p1b: Sinistcha\n|\n|-weather|Sandstorm|[upkeep]\n|upkeep\n|\n|t:|1776042654\n|switch|p1b: Basculegion|Basculegion, L50, M|100/100\n|turn|10\n|\n|t:|1776042673\n|switch|p2a: Golurk|Golurk-Mega, L50|100/100\n|move|p1b: Basculegion|Aqua Jet|p2a: Golurk\n|-supereffective|p2a: Golurk|1\n|-damage|p2a: Golurk|61/100\n|move|p2b: Tyranitar|Knock Off|p1b: Basculegion\n|-supereffective|p1b: Basculegion|1\n|-damage|p1b: Basculegion|0 fnt\n|-enditem|p1b: Basculegion|Mystic Water|[from] move: Knock Off|[of] p2b: Tyranitar\n|faint|p1b: Basculegion\n|\n|win|Golurk365\n|raw|guhbijknl's rating: 1033 &rarr; <strong>1020</strong><br />(-13 for losing)\n|raw|Golurk365's rating: 1087 &rarr; <strong>1110</strong><br />(+23 for winning)\n",
  "uploadtime": 1776042683,
  "views": 17,
  "formatid": "gen9championsvgc2026regma",
  "rating": 1020,
  "private": 0,
  "password": null
}