{
  "id": "gen9championsvgc2026regma-2583212115",
  "format": "[Gen 9 Champions] VGC 2026 Reg M-A",
  "players": [
    "Vulpisfoglia",
    "weare17k"
  ],
  "log": "|j|\u2606Vulpisfoglia\n|j|\u2606weare17k\n|t:|1776155323\n|gametype|doubles\n|player|p1|Vulpisfoglia|kunoichi2-conquest|1182\n|player|p2|weare17k|2|1108\n|gen|9\n|tier|[Gen 9 Champions] VGC 2026 Reg M-A\n|rated|\n|rule|Species Clause: Limit one of each Pok\u00e9mon\n|rule|Item Clause: Limit 1 of each item\n|clearpoke\n|poke|p1|Charizard, L50, F|\n|poke|p1|Incineroar, L50, M|\n|poke|p1|Tyranitar, L50, M|\n|poke|p1|Whimsicott, L50, F|\n|poke|p1|Rotom-Wash, L50|\n|poke|p1|Mamoswine, L50, F|\n|poke|p2|Incineroar, L50, M|\n|poke|p2|Gengar, L50, F|\n|poke|p2|Maushold, L50|\n|poke|p2|Politoed, L50, M|\n|poke|p2|Basculegion, L50, M|\n|poke|p2|Sinistcha-Masterpiece, L50|\n|teampreview|4\n|inactive|Battle timer is ON: inactive players will automatically lose when time's up. (requested by weare17k)\n|\n|t:|1776155342\n|teamsize|p1|4\n|teamsize|p2|4\n|start\n|switch|p1a: Tyranitar|Tyranitar, L50, M|100/100\n|switch|p1b: Mamoswine|Mamoswine, L50, F|100/100\n|switch|p2a: Incineroar|Incineroar, L50, M|100/100\n|switch|p2b: Gengar|Gengar, L50, F|100/100\n|-weather|Sandstorm|[from] ability: Sand Stream|[of] p1a: Tyranitar\n|-ability|p2a: Incineroar|Intimidate|boost\n|-unboost|p1a: Tyranitar|atk|1\n|-fail|p1b: Mamoswine|unboost|Attack|[from] ability: Oblivious|[of] p1b: Mamoswine\n|turn|1\n|\n|t:|1776155360\n|detailschange|p2b: Gengar|Gengar-Mega, L50, F\n|-mega|p2b: Gengar|Gengar|Gengarite\n|move|p2a: Incineroar|Fake Out|p1b: Mamoswine\n|-damage|p1b: Mamoswine|88/100\n|move|p2b: Gengar|Perish Song|p2b: Gengar\n|-start|p1a: Tyranitar|perish3|[silent]\n|-start|p1b: Mamoswine|perish3|[silent]\n|-start|p2a: Incineroar|perish3|[silent]\n|-start|p2b: Gengar|perish3|[silent]\n|-fieldactivate|move: Perish Song\n|cant|p1b: Mamoswine|flinch\n|move|p1a: Tyranitar|Knock Off|p2b: Gengar\n|-supereffective|p2b: Gengar|1\n|-damage|p2b: Gengar|40/100\n|\n|-weather|Sandstorm|[upkeep]\n|-damage|p2b: Gengar|34/100|[from] Sandstorm\n|-damage|p2a: Incineroar|95/100|[from] Sandstorm\n|-start|p2b: Gengar|perish3\n|-start|p1b: Mamoswine|perish3\n|-start|p1a: Tyranitar|perish3\n|-start|p2a: Incineroar|perish3\n|upkeep\n|turn|2\n|\n|t:|1776155382\n|move|p2b: Gengar|Protect|p2b: Gengar\n|-singleturn|p2b: Gengar|Protect\n|move|p2a: Incineroar|Protect|p2a: Incineroar\n|-singleturn|p2a: Incineroar|Protect\n|move|p1b: Mamoswine|High Horsepower|p2a: Incineroar\n|-activate|p2a: Incineroar|move: Protect\n|move|p1a: Tyranitar|Rock Slide|p2a: Incineroar|[spread] \n|-activate|p2a: Incineroar|move: Protect\n|-activate|p2b: Gengar|move: Protect\n|\n|-weather|Sandstorm|[upkeep]\n|-damage|p2b: Gengar|29/100|[from] Sandstorm\n|-damage|p2a: Incineroar|89/100|[from] Sandstorm\n|-start|p2b: Gengar|perish2\n|-start|p1b: Mamoswine|perish2\n|-start|p1a: Tyranitar|perish2\n|-start|p2a: Incineroar|perish2\n|upkeep\n|turn|3\n|inactive|weare17k has 30 seconds left.\n|\n|t:|1776155410\n|switch|p2b: Politoed|Politoed, L50, M|100/100\n|-weather|RainDance|[from] ability: Drizzle|[of] p2b: Politoed\n|move|p1b: Mamoswine|Protect|p1b: Mamoswine\n|-singleturn|p1b: Mamoswine|Protect\n|move|p1a: Tyranitar|Protect|p1a: Tyranitar\n|-singleturn|p1a: Tyranitar|Protect\n|move|p2a: Incineroar|Parting Shot|p1a: Tyranitar\n|-activate|p1a: Tyranitar|move: Protect\n|\n|-weather|RainDance|[upkeep]\n|-start|p1b: Mamoswine|perish1\n|-start|p1a: Tyranitar|perish1\n|-start|p2a: Incineroar|perish1\n|upkeep\n|turn|4\n|\n|t:|1776155434\n|switch|p1b: Rotom|Rotom-Wash, L50|100/100\n|switch|p1a: Charizard|Charizard, L50, F|100/100\n|move|p2a: Incineroar|Parting Shot|p1b: Rotom\n|-unboost|p1b: Rotom|atk|1\n|-unboost|p1b: Rotom|spa|1\n|\n|t:|1776155443\n|switch|p2a: Gengar|Gengar-Mega, L50, F|29/100|[from] Parting Shot\n|move|p2b: Politoed|Perish Song|p2b: Politoed\n|-start|p1a: Charizard|perish3|[silent]\n|-start|p1b: Rotom|perish3|[silent]\n|-start|p2a: Gengar|perish3|[silent]\n|-start|p2b: Politoed|perish3|[silent]\n|-fieldactivate|move: Perish Song\n|\n|-weather|RainDance|[upkeep]\n|-start|p2a: Gengar|perish3\n|-start|p1a: Charizard|perish3\n|-start|p1b: Rotom|perish3\n|-start|p2b: Politoed|perish3\n|upkeep\n|turn|5\n|\n|t:|1776155457\n|move|p2a: Gengar|Protect|p2a: Gengar\n|-singleturn|p2a: Gengar|Protect\n|move|p1a: Charizard|Protect|p1a: Charizard\n|-singleturn|p1a: Charizard|Protect\n|move|p1b: Rotom|Protect|p1b: Rotom\n|-singleturn|p1b: Rotom|Protect\n|move|p2b: Politoed|Protect||[still]\n|-fail|p2b: Politoed\n|\n|-weather|RainDance|[upkeep]\n|-start|p2a: Gengar|perish2\n|-start|p1a: Charizard|perish2\n|-start|p1b: Rotom|perish2\n|-start|p2b: Politoed|perish2\n|upkeep\n|turn|6\n|inactive|Vulpisfoglia has 30 seconds left.\n|inactive|weare17k has 30 seconds left.\n|inactive|weare17k has 20 seconds left.\n|inactive|weare17k has 15 seconds left.\n|inactive|weare17k has 10 seconds left.\n|inactive|weare17k has 5 seconds left.\n|\n|t:|1776155508\n|switch|p2a: Incineroar|Incineroar, L50, M|89/100\n|-ability|p2a: Incineroar|Intimidate|boost\n|-unboost|p1a: Charizard|atk|1\n|-unboost|p1b: Rotom|atk|1\n|move|p1a: Charizard|Weather Ball|p2a: Incineroar\n|-supereffective|p2a: Incineroar|1\n|-damage|p2a: Incineroar|0 fnt\n|faint|p2a: Incineroar\n|move|p1b: Rotom|Thunderbolt|p2b: Politoed\n|-supereffective|p2b: Politoed|1\n|-damage|p2b: Politoed|60/100\n|move|p2b: Politoed|Weather Ball|p1a: Charizard\n|-supereffective|p1a: Charizard|1\n|-damage|p1a: Charizard|0 fnt\n|faint|p1a: Charizard\n|\n|-weather|RainDance|[upkeep]\n|-heal|p2b: Politoed|66/100|[from] item: Leftovers\n|-start|p1b: Rotom|perish1\n|-start|p2b: Politoed|perish1\n|upkeep\n|\n|t:|1776155529\n|switch|p1a: Tyranitar|Tyranitar, L50, M|100/100\n|switch|p2a: Gengar|Gengar-Mega, L50, F|29/100\n|-weather|Sandstorm|[from] ability: Sand Stream|[of] p1a: Tyranitar\n|turn|7\n|\n|t:|1776155540\n|move|p2a: Gengar|Protect|p2a: Gengar\n|-singleturn|p2a: Gengar|Protect\n|move|p2b: Politoed|Protect|p2b: Politoed\n|-singleturn|p2b: Politoed|Protect\n|move|p1a: Tyranitar|Rock Slide|p2a: Gengar|[spread] \n|-activate|p2a: Gengar|move: Protect\n|-activate|p2b: Politoed|move: Protect\n|move|p1b: Rotom|Thunderbolt|p2b: Politoed\n|-activate|p2b: Politoed|move: Protect\n|\n|-weather|Sandstorm|[upkeep]\n|-damage|p2a: Gengar|23/100|[from] Sandstorm\n|-damage|p1b: Rotom|95/100|[from] Sandstorm\n|-damage|p2b: Politoed|60/100|[from] Sandstorm\n|-heal|p1b: Rotom|100/100|[from] item: Leftovers\n|-heal|p2b: Politoed|66/100|[from] item: Leftovers\n|-start|p1b: Rotom|perish0\n|-start|p2b: Politoed|perish0\n|faint|p1b: Rotom\n|faint|p2b: Politoed\n|upkeep\n|\n|t:|1776155559\n|switch|p1b: Mamoswine|Mamoswine, L50, F|88/100\n|switch|p2b: Sinistcha|Sinistcha-Masterpiece, L50|100/100\n|-heal|p2a: Gengar|48/100|[from] ability: Hospitality|[of] p2b: Sinistcha\n|turn|8\n|\n|t:|1776155582\n|move|p2b: Sinistcha|Rage Powder|p2b: Sinistcha\n|-singleturn|p2b: Sinistcha|move: Rage Powder\n|move|p2a: Gengar|Perish Song|p2a: Gengar\n|-start|p1a: Tyranitar|perish3|[silent]\n|-start|p1b: Mamoswine|perish3|[silent]\n|-start|p2a: Gengar|perish3|[silent]\n|-start|p2b: Sinistcha|perish3|[silent]\n|-fieldactivate|move: Perish Song\n|move|p1b: Mamoswine|Icicle Crash|p2b: Sinistcha\n|-supereffective|p2b: Sinistcha|1\n|-damage|p2b: Sinistcha|29/100\n|move|p1a: Tyranitar|Knock Off|p2b: Sinistcha\n|-supereffective|p2b: Sinistcha|1\n|-damage|p2b: Sinistcha|0 fnt\n|-enditem|p2b: Sinistcha|Focus Sash|[from] move: Knock Off|[of] p1a: Tyranitar\n|faint|p2b: Sinistcha\n|\n|-weather|Sandstorm|[upkeep]\n|-damage|p2a: Gengar|42/100|[from] Sandstorm\n|-start|p2a: Gengar|perish3\n|-start|p1b: Mamoswine|perish3\n|-start|p1a: Tyranitar|perish3\n|upkeep\n|turn|9\n|-message|weare17k forfeited.\n|\n|win|Vulpisfoglia\n|raw|Vulpisfoglia's rating: 1182 &rarr; <strong>1202</strong><br />(+20 for winning)\n|raw|weare17k's rating: 1108 &rarr; <strong>1088</strong><br />(-20 for losing)\n|l|\u2606weare17k\n|player|p2|\n|c|\u2606Vulpisfoglia|funny\n",
  "uploadtime": 1776155602,
  "views": 30,
  "formatid": "gen9championsvgc2026regma",
  "rating": 1088,
  "private": 0,
  "password": null
}