{
  "id": "gen9championsvgc2026regma-2582006170",
  "format": "[Gen 9 Champions] VGC 2026 Reg M-A",
  "players": [
    "SquishyGamerBoy",
    "tronzer"
  ],
  "log": "|j|\u2606SquishyGamerBoy\n|j|\u2606tronzer\n|t:|1776047667\n|gametype|doubles\n|player|p1|SquishyGamerBoy|irida|1176\n|player|p2|tronzer|roark|1156\n|gen|9\n|tier|[Gen 9 Champions] VGC 2026 Reg M-A\n|rated|\n|rule|Species Clause: Limit one of each Pok\u00e9mon\n|rule|Item Clause: Limit 1 of each item\n|clearpoke\n|poke|p1|Lopunny, L50, F|\n|poke|p1|Meowscarada, L50, F|\n|poke|p1|Aerodactyl, L50, F|\n|poke|p1|Farigiraf, L50, M|\n|poke|p1|Volcarona, L50, F|\n|poke|p1|Dragapult, L50, M|\n|poke|p2|Slowking, L50, F|\n|poke|p2|Incineroar, L50, F|\n|poke|p2|Crabominable, L50, M|\n|poke|p2|Sinistcha, L50|\n|poke|p2|Aegislash, L50, M|\n|poke|p2|Glimmora, L50, F|\n|teampreview|4\n|\n|t:|1776047720\n|teamsize|p1|4\n|teamsize|p2|4\n|start\n|switch|p1a: oh na na|Lopunny, L50, F|100/100\n|switch|p1b: Aerodactyl|Aerodactyl, L50, F|100/100\n|switch|p2a: Incineroar|Incineroar, L50, F|100/100\n|switch|p2b: Slowking|Slowking, L50, F|100/100\n|-ability|p1b: Aerodactyl|Unnerve\n|-ability|p2a: Incineroar|Intimidate|boost\n|-unboost|p1a: oh na na|atk|1\n|-unboost|p1b: Aerodactyl|atk|1\n|turn|1\n|\n|t:|1776047741\n|detailschange|p1a: oh na na|Lopunny-Mega, L50, F\n|-mega|p1a: oh na na|Lopunny|Lopunnite\n|move|p1a: oh na na|Fake Out|p2b: Slowking\n|-damage|p2b: Slowking|90/100\n|move|p2a: Incineroar|Fake Out|p1b: Aerodactyl\n|-resisted|p1b: Aerodactyl|1\n|-damage|p1b: Aerodactyl|89/100\n|cant|p1b: Aerodactyl|flinch\n|cant|p2b: Slowking|flinch\n|\n|upkeep\n|turn|2\n|\n|t:|1776047777\n|switch|p1a: Meowscarada|Meowscarada, L50, F|100/100\n|move|p1b: Aerodactyl|Rock Slide|p2b: Slowking|[spread] p2a,p2b\n|-supereffective|p2a: Incineroar|1\n|-damage|p2a: Incineroar|67/100\n|-damage|p2b: Slowking|77/100\n|cant|p2a: Incineroar|flinch\n|move|p2b: Slowking|Trick Room|p2b: Slowking\n|-fieldstart|move: Trick Room|[of] p2b: Slowking\n|\n|upkeep\n|turn|3\n|\n|t:|1776047797\n|move|p2b: Slowking|Scald|p1b: Aerodactyl\n|-supereffective|p1b: Aerodactyl|1\n|-enditem|p1b: Aerodactyl|Passho Berry|[eat]\n|-enditem|p1b: Aerodactyl|Passho Berry|[weaken]\n|-damage|p1b: Aerodactyl|50/100\n|-status|p1b: Aerodactyl|brn\n|move|p2a: Incineroar|Flare Blitz|p1a: Meowscarada\n|-supereffective|p1a: Meowscarada|1\n|-enditem|p1a: Meowscarada|Focus Sash\n|-damage|p1a: Meowscarada|1/100\n|-damage|p2a: Incineroar|42/100|[from] Recoil\n|move|p1b: Aerodactyl|Tailwind|p1b: Aerodactyl\n|-sidestart|p1: SquishyGamerBoy|move: Tailwind\n|move|p1a: Meowscarada|Trick Room|p1a: Meowscarada\n|-fieldend|move: Trick Room\n|\n|-damage|p1b: Aerodactyl|44/100 brn|[from] brn\n|upkeep\n|turn|4\n|\n|t:|1776047819\n|move|p1a: Meowscarada|Knock Off|p2b: Slowking\n|-supereffective|p2b: Slowking|1\n|-damage|p2b: Slowking|5/100\n|-enditem|p2b: Slowking|Colbur Berry|[from] move: Knock Off|[of] p1a: Meowscarada\n|move|p1b: Aerodactyl|Rock Slide|p2b: Slowking|[spread] p2a,p2b\n|-supereffective|p2a: Incineroar|1\n|-damage|p2a: Incineroar|26/100\n|-damage|p2b: Slowking|0 fnt\n|faint|p2b: Slowking\n|move|p2a: Incineroar|Darkest Lariat|p1b: Aerodactyl\n|-damage|p1b: Aerodactyl|0 fnt\n|faint|p1b: Aerodactyl\n|\n|upkeep\n|\n|t:|1776047835\n|switch|p1b: oh na na|Lopunny-Mega, L50, F|100/100\n|switch|p2b: Sinistcha|Sinistcha, L50|100/100\n|-heal|p2a: Incineroar|50/100|[from] ability: Hospitality|[of] p2b: Sinistcha\n|turn|5\n|\n|t:|1776047848\n|move|p1b: oh na na|Triple Axel|p2b: Sinistcha\n|-supereffective|p2b: Sinistcha|1\n|-damage|p2b: Sinistcha|90/100\n|-hitcount|p2b: Sinistcha|1\n|move|p1a: Meowscarada|Knock Off|p2b: Sinistcha\n|-supereffective|p2b: Sinistcha|1\n|-damage|p2b: Sinistcha|33/100\n|-enditem|p2b: Sinistcha|Mental Herb|[from] move: Knock Off|[of] p1a: Meowscarada\n|move|p2a: Incineroar|Parting Shot|p1b: oh na na\n|-unboost|p1b: oh na na|atk|1\n|-unboost|p1b: oh na na|spa|1\n|\n|t:|1776047859\n|switch|p2a: Crabominable|Crabominable, L50, M|100/100|[from] Parting Shot\n|move|p2b: Sinistcha|Trick Room|p2b: Sinistcha\n|-fieldstart|move: Trick Room|[of] p2b: Sinistcha\n|\n|upkeep\n|turn|6\n|\n|t:|1776047873\n|detailschange|p2a: Crabominable|Crabominable-Mega, L50, M\n|-mega|p2a: Crabominable|Crabominable|Crabominite\n|move|p1b: oh na na|Protect|p1b: oh na na\n|-singleturn|p1b: oh na na|Protect\n|move|p2b: Sinistcha|Rage Powder|p2b: Sinistcha\n|-singleturn|p2b: Sinistcha|move: Rage Powder\n|move|p2a: Crabominable|Drain Punch|p1b: oh na na\n|-activate|p1b: oh na na|move: Protect\n|move|p1a: Meowscarada|Trick Room|p1a: Meowscarada\n|-fieldend|move: Trick Room\n|\n|-sideend|p1: SquishyGamerBoy|move: Tailwind\n|upkeep\n|turn|7\n|\n|t:|1776047893\n|switch|p1b: Dragapult|Dragapult, L50, M|100/100\n|move|p2b: Sinistcha|Rage Powder|p2b: Sinistcha\n|-singleturn|p2b: Sinistcha|move: Rage Powder\n|move|p1a: Meowscarada|Knock Off|p2b: Sinistcha\n|-supereffective|p2b: Sinistcha|1\n|-damage|p2b: Sinistcha|0 fnt\n|faint|p2b: Sinistcha\n|move|p2a: Crabominable|Drain Punch|p1b: Dragapult\n|-immune|p1b: Dragapult\n|\n|upkeep\n|\n|t:|1776047902\n|switch|p2b: Incineroar|Incineroar, L50, F|50/100\n|-ability|p2b: Incineroar|Intimidate|boost\n|-unboost|p1a: Meowscarada|atk|1\n|-fail|p1b: Dragapult|unboost|[from] ability: Clear Body|[of] p1b: Dragapult\n|turn|8\n|\n|t:|1776047919\n|switch|p1a: oh na na|Lopunny-Mega, L50, F|100/100\n|move|p2b: Incineroar|Fake Out|p1a: oh na na\n|-damage|p1a: oh na na|80/100\n|move|p1b: Dragapult|Dragon Pulse|p2a: Crabominable\n|-damage|p2a: Crabominable|62/100\n|move|p2a: Crabominable|Ice Hammer|p1b: Dragapult\n|-supereffective|p1b: Dragapult|1\n|-damage|p1b: Dragapult|0 fnt\n|-unboost|p2a: Crabominable|spe|1\n|faint|p1b: Dragapult\n|\n|upkeep\n|\n|t:|1776047930\n|switch|p1b: Meowscarada|Meowscarada, L50, F|1/100\n|turn|9\n|\n|t:|1776047944\n|move|p2a: Crabominable|Protect|p2a: Crabominable\n|-singleturn|p2a: Crabominable|Protect\n|move|p1a: oh na na|Close Combat|p2b: Incineroar\n|-supereffective|p2b: Incineroar|1\n|-enditem|p2b: Incineroar|Chople Berry|[eat]\n|-enditem|p2b: Incineroar|Chople Berry|[weaken]\n|-damage|p2b: Incineroar|0 fnt\n|-unboost|p1a: oh na na|def|1\n|-unboost|p1a: oh na na|spd|1\n|faint|p2b: Incineroar\n|move|p1b: Meowscarada|Flower Trick|p2a: Crabominable\n|-activate|p2a: Crabominable|move: Protect\n|\n|upkeep\n|turn|10\n|\n|t:|1776047960\n|move|p1a: oh na na|Close Combat|p2a: Crabominable\n|-supereffective|p2a: Crabominable|1\n|-damage|p2a: Crabominable|0 fnt\n|-unboost|p1a: oh na na|def|1\n|-unboost|p1a: oh na na|spd|1\n|faint|p2a: Crabominable\n|\n|win|SquishyGamerBoy\n|raw|SquishyGamerBoy's rating: 1176 &rarr; <strong>1200</strong><br />(+24 for winning)\n|raw|tronzer's rating: 1156 &rarr; <strong>1132</strong><br />(-24 for losing)\n|l|\u2606tronzer\n|player|p2|\n",
  "uploadtime": 1776047968,
  "views": 16,
  "formatid": "gen9championsvgc2026regma",
  "rating": 1132,
  "private": 0,
  "password": null
}