{
  "id": "gen9championsvgc2026regma-2588574416",
  "format": "[Gen 9 Champions] VGC 2026 Reg M-A",
  "players": [
    "FumCase",
    "soulo333"
  ],
  "log": "|j|\u2606FumCase\n|j|\u2606soulo333\n|t:|1776646405\n|gametype|doubles\n|player|p1|FumCase|1|1249\n|player|p2|soulo333|102|1256\n|gen|9\n|tier|[Gen 9 Champions] VGC 2026 Reg M-A\n|rated|\n|rule|Species Clause: Limit one of each Pok\u00e9mon\n|rule|Item Clause: Limit 1 of each item\n|clearpoke\n|poke|p1|Sneasler, L50, M|\n|poke|p1|Talonflame, L50, M|\n|poke|p1|Sinistcha, L50|\n|poke|p1|Kingambit, L50, M|\n|poke|p1|Gardevoir, L50, M|\n|poke|p1|Feraligatr, L50, M|\n|poke|p2|Charizard, L50, F|\n|poke|p2|Sneasler, L50, F|\n|poke|p2|Sinistcha, L50|\n|poke|p2|Incineroar, L50, M|\n|poke|p2|Milotic, L50, M|\n|poke|p2|Tyranitar, L50, F|\n|teampreview|4\n|\n|t:|1776646453\n|teamsize|p1|4\n|teamsize|p2|4\n|start\n|switch|p1a: Feraligatr|Feraligatr, L50, M|100/100\n|switch|p1b: Talonflame|Talonflame, L50, M|100/100\n|switch|p2a: Charizard|Charizard, L50, F|100/100\n|switch|p2b: Sneasler|Sneasler, L50, F|100/100\n|turn|1\n|\n|t:|1776646470\n|detailschange|p1a: Feraligatr|Feraligatr-Mega, L50, M\n|-mega|p1a: Feraligatr|Feraligatr|Feraligite\n|move|p2b: Sneasler|Fake Out|p1a: Feraligatr\n|-damage|p1a: Feraligatr|90/100\n|move|p1b: Talonflame|Brave Bird|p2b: Sneasler\n|-supereffective|p2b: Sneasler|1\n|-damage|p2b: Sneasler|0 fnt\n|faint|p2b: Sneasler\n|-damage|p1b: Talonflame|68/100|[from] Recoil\n|move|p2a: Charizard|Dragon Dance|p2a: Charizard\n|-boost|p2a: Charizard|atk|1\n|-boost|p2a: Charizard|spe|1\n|cant|p1a: Feraligatr|flinch\n|\n|upkeep\n|\n|t:|1776646479\n|switch|p2b: Incineroar|Incineroar, L50, M|100/100\n|-ability|p2b: Incineroar|Intimidate|boost\n|-unboost|p1a: Feraligatr|atk|1\n|-unboost|p1b: Talonflame|atk|1\n|-enditem|p1b: Talonflame|White Herb\n|-clearnegativeboost|p1b: Talonflame|[silent]\n|turn|2\n|\n|t:|1776646486\n|move|p1a: Feraligatr|Protect|p1a: Feraligatr\n|-singleturn|p1a: Feraligatr|Protect\n|move|p2b: Incineroar|Fake Out|p1a: Feraligatr\n|-activate|p1a: Feraligatr|move: Protect\n|move|p2a: Charizard|Dragon Dance|p2a: Charizard\n|-boost|p2a: Charizard|atk|1\n|-boost|p2a: Charizard|spe|1\n|move|p1b: Talonflame|Brave Bird|p2a: Charizard\n|-crit|p2a: Charizard\n|-damage|p2a: Charizard|12/100\n|-damage|p1b: Talonflame|36/100|[from] Recoil\n|\n|upkeep\n|turn|3\n|\n|t:|1776646499\n|switch|p2b: Sinistcha|Sinistcha, L50|100/100\n|-heal|p2a: Charizard|37/100|[from] ability: Hospitality|[of] p2b: Sinistcha\n|detailschange|p2a: Charizard|Charizard-Mega-X, L50, F\n|-mega|p2a: Charizard|Charizard|Charizardite X\n|move|p1a: Feraligatr|Aqua Jet|p2a: Charizard\n|-damage|p2a: Charizard|19/100\n|move|p2a: Charizard|Dragon Claw|p1a: Feraligatr\n|-supereffective|p1a: Feraligatr|1\n|-damage|p1a: Feraligatr|0 fnt\n|faint|p1a: Feraligatr\n|move|p1b: Talonflame|Tailwind|p1b: Talonflame\n|-sidestart|p1: FumCase|move: Tailwind\n|\n|upkeep\n|\n|t:|1776646507\n|switch|p1a: Sneasler|Sneasler, L50, M|100/100\n|turn|4\n|\n|t:|1776646512\n|move|p2a: Charizard|Protect|p2a: Charizard\n|-singleturn|p2a: Charizard|Protect\n|move|p1a: Sneasler|Fake Out|p2a: Charizard\n|-activate|p2a: Charizard|move: Protect\n|move|p1b: Talonflame|Flare Blitz|p2b: Sinistcha\n|-supereffective|p2b: Sinistcha|1\n|-damage|p2b: Sinistcha|25/100\n|-damage|p1b: Talonflame|8/100|[from] Recoil\n|move|p2b: Sinistcha|Life Dew|p2b: Sinistcha|[spread] p2a,p2b\n|-heal|p2a: Charizard|44/100\n|-heal|p2b: Sinistcha|50/100\n|\n|upkeep\n|turn|5\n|\n|t:|1776646526\n|switch|p2b: Incineroar|Incineroar, L50, M|100/100\n|-ability|p2b: Incineroar|Intimidate|boost\n|-unboost|p1a: Sneasler|atk|1\n|-unboost|p1b: Talonflame|atk|1\n|move|p1b: Talonflame|Flare Blitz|p2b: Incineroar\n|-resisted|p2b: Incineroar|1\n|-damage|p2b: Incineroar|86/100\n|-damage|p1b: Talonflame|1/100|[from] Recoil\n|move|p1a: Sneasler|Dire Claw|p2a: Charizard\n|-damage|p2a: Charizard|17/100\n|move|p2a: Charizard|Dragon Claw|p1a: Sneasler\n|-enditem|p1a: Sneasler|Focus Sash\n|-damage|p1a: Sneasler|1/100\n|\n|upkeep\n|turn|6\n|\n|t:|1776646544\n|switch|p2b: Sinistcha|Sinistcha, L50|50/100\n|-heal|p2a: Charizard|42/100|[from] ability: Hospitality|[of] p2b: Sinistcha\n|move|p2a: Charizard|Protect|p2a: Charizard\n|-singleturn|p2a: Charizard|Protect\n|move|p1b: Talonflame|Brave Bird|p2a: Charizard\n|-activate|p2a: Charizard|move: Protect\n|move|p1a: Sneasler|Dire Claw|p2a: Charizard\n|-activate|p2a: Charizard|move: Protect\n|\n|-sideend|p1: FumCase|move: Tailwind\n|upkeep\n|turn|7\n|-message|FumCase forfeited.\n|\n|win|soulo333\n|raw|FumCase's rating: 1249 &rarr; <strong>1225</strong><br />(-24 for losing)\n|raw|soulo333's rating: 1256 &rarr; <strong>1280</strong><br />(+24 for winning)\n",
  "uploadtime": 1776646551,
  "views": 11,
  "formatid": "gen9championsvgc2026regma",
  "rating": 1225,
  "private": 0,
  "password": null
}