{
  "id": "gen9championsvgc2026regma-2586603741",
  "format": "[Gen 9 Champions] VGC 2026 Reg M-A",
  "players": [
    "abigbig",
    "Sammias"
  ],
  "log": "|j|\u2606abigbig\n|j|\u2606Sammias\n|t:|1776446166\n|gametype|doubles\n|player|p1|abigbig|2|1149\n|player|p2|Sammias|miku-ground|1215\n|gen|9\n|tier|[Gen 9 Champions] VGC 2026 Reg M-A\n|rated|\n|rule|Species Clause: Limit one of each Pok\u00e9mon\n|rule|Item Clause: Limit 1 of each item\n|clearpoke\n|poke|p1|Araquanid, L50, M|\n|poke|p1|Tauros-Paldea-Blaze, L50, M|\n|poke|p1|Kingambit, L50, M|\n|poke|p1|Gengar, L50, M|\n|poke|p1|Sinistcha, L50|\n|poke|p1|Raichu, L50, F|\n|poke|p2|Typhlosion-Hisui, L50, F|\n|poke|p2|Whimsicott, L50, M|\n|poke|p2|Floette-Eternal, L50, F|\n|poke|p2|Sinistcha, L50|\n|poke|p2|Aerodactyl, L50, M|\n|poke|p2|Garchomp, L50, F|\n|teampreview|4\n|inactive|Battle timer is ON: inactive players will automatically lose when time's up. (requested by Sammias)\n|inactive|Sammias has 60 seconds left.\nabigbig has agreed to open team sheets.\n|\n|t:|1776446211\n|teamsize|p1|4\n|teamsize|p2|4\n|start\n|switch|p1a: Miguel O\u00b4Hara|Araquanid, L50, M, shiny|100/100\n|switch|p1b: Risadinha|Gengar, L50, M, shiny|100/100\n|switch|p2a: Typhlosion|Typhlosion-Hisui, L50, F|100/100\n|switch|p2b: Sinistcha|Sinistcha, L50|100/100\n|turn|1\n|\n|t:|1776446228\n|move|p2b: Sinistcha|Rage Powder|p2b: Sinistcha\n|-singleturn|p2b: Sinistcha|move: Rage Powder\n|move|p2a: Typhlosion|Shadow Ball|p1b: Risadinha\n|-supereffective|p1b: Risadinha|1\n|-damage|p1b: Risadinha|0 fnt\n|faint|p1b: Risadinha\n|move|p1a: Miguel O\u00b4Hara|Liquidation|p2b: Sinistcha\n|-resisted|p2b: Sinistcha|1\n|-damage|p2b: Sinistcha|66/100\n|-unboost|p2b: Sinistcha|def|1\n|\n|upkeep\n|\n|t:|1776446245\n|switch|p1b: KimKataguiri|Kingambit, L50, M|100/100\n|turn|2\n|\n|t:|1776446258\n|switch|p2a: Garchomp|Garchomp, L50, F|100/100\n|move|p1b: KimKataguiri|Sucker Punch||[still]\n|-fail|p1b: KimKataguiri\n|move|p2b: Sinistcha|Life Dew||[still]|[spread] p2a,p2b\n|-fail|p2a: Garchomp|heal\n|-heal|p2b: Sinistcha|91/100\n|move|p1a: Miguel O\u00b4Hara|Liquidation|p2a: Garchomp\n|-damage|p2a: Garchomp|17/100\n|-damage|p1a: Miguel O\u00b4Hara|88/100|[from] ability: Rough Skin|[of] p2a: Garchomp\n|\n|upkeep\n|turn|3\n|\n|t:|1776446277\n|move|p2b: Sinistcha|Rage Powder|p2b: Sinistcha\n|-singleturn|p2b: Sinistcha|move: Rage Powder\n|move|p1b: KimKataguiri|Sucker Punch||[still]\n|-fail|p1b: KimKataguiri\n|move|p2a: Garchomp|Earthquake|p1a: Miguel O\u00b4Hara|[spread] p2b,p1a,p1b\n|-resisted|p2b: Sinistcha|1\n|-resisted|p1a: Miguel O\u00b4Hara|1\n|-supereffective|p1b: KimKataguiri|1\n|-damage|p2b: Sinistcha|60/100\n|-damage|p1a: Miguel O\u00b4Hara|62/100\n|-damage|p1b: KimKataguiri|30/100\n|move|p1a: Miguel O\u00b4Hara|Liquidation|p2b: Sinistcha\n|-resisted|p2b: Sinistcha|1\n|-damage|p2b: Sinistcha|12/100\n|-enditem|p2b: Sinistcha|Sitrus Berry|[eat]\n|-heal|p2b: Sinistcha|37/100|[from] item: Sitrus Berry\n|\n|upkeep\n|turn|4\n|inactive|abigbig has 30 seconds left.\n|inactive|Sammias has 30 seconds left.\n|inactive|Sammias has 20 seconds left.\n|\n|t:|1776446316\n|move|p1b: KimKataguiri|Protect|p1b: KimKataguiri\n|-singleturn|p1b: KimKataguiri|Protect\n|move|p2b: Sinistcha|Rage Powder|p2b: Sinistcha\n|-singleturn|p2b: Sinistcha|move: Rage Powder\n|move|p2a: Garchomp|Earthquake|p1b: KimKataguiri|[spread] p2b,p1a\n|-activate|p1b: KimKataguiri|move: Protect\n|-resisted|p2b: Sinistcha|1\n|-crit|p2b: Sinistcha\n|-resisted|p1a: Miguel O\u00b4Hara|1\n|-damage|p2b: Sinistcha|0 fnt\n|-damage|p1a: Miguel O\u00b4Hara|39/100\n|faint|p2b: Sinistcha\n|move|p1a: Miguel O\u00b4Hara|Leech Life|p2a: Garchomp\n|-damage|p2a: Garchomp|0 fnt\n|-heal|p1a: Miguel O\u00b4Hara|47/100|[from] drain|[of] p2a: Garchomp\n|-damage|p1a: Miguel O\u00b4Hara|35/100|[from] ability: Rough Skin|[of] p2a: Garchomp\n|faint|p2a: Garchomp\n|\n|upkeep\n|\n|t:|1776446329\n|switch|p2a: Typhlosion|Typhlosion-Hisui, L50, F|100/100\n|switch|p2b: Aerodactyl|Aerodactyl, L50, M|100/100\n|-ability|p2b: Aerodactyl|Unnerve\n|turn|5\n|\n|t:|1776446349\n|detailschange|p2b: Aerodactyl|Aerodactyl-Mega, L50, M\n|-mega|p2b: Aerodactyl|Aerodactyl|Aerodactylite\n|move|p1b: KimKataguiri|Sucker Punch|p2a: Typhlosion\n|-supereffective|p2a: Typhlosion|1\n|-damage|p2a: Typhlosion|0 fnt\n|faint|p2a: Typhlosion\n|move|p2b: Aerodactyl|Rock Slide|p1b: KimKataguiri|[spread] p1a\n|-miss|p2b: Aerodactyl|p1b: KimKataguiri\n|-supereffective|p1a: Miguel O\u00b4Hara|1\n|-damage|p1a: Miguel O\u00b4Hara|0 fnt\n|faint|p1a: Miguel O\u00b4Hara\n|\n|upkeep\n|\n|t:|1776446359\n|switch|p1a: Chimar\u00e3o|Sinistcha, L50|100/100\n|-heal|p1b: KimKataguiri|55/100|[from] ability: Hospitality|[of] p1a: Chimar\u00e3o\n|turn|6\n|\n|t:|1776446368\n|move|p2b: Aerodactyl|Rock Slide|p1a: Chimar\u00e3o|[spread] p1a,p1b\n|-resisted|p1b: KimKataguiri|1\n|-damage|p1a: Chimar\u00e3o|71/100\n|-damage|p1b: KimKataguiri|44/100\n|move|p1a: Chimar\u00e3o|Life Dew|p1a: Chimar\u00e3o|[spread] p1a,p1b\n|-heal|p1a: Chimar\u00e3o|96/100\n|-heal|p1b: KimKataguiri|70/100\n|cant|p1b: KimKataguiri|flinch\n|\n|upkeep\n|turn|7\n|\n|t:|1776446379\n|move|p2b: Aerodactyl|Dual Wingbeat|p1a: Chimar\u00e3o\n|-supereffective|p1a: Chimar\u00e3o|1\n|-damage|p1a: Chimar\u00e3o|48/100\n|-supereffective|p1a: Chimar\u00e3o|1\n|-damage|p1a: Chimar\u00e3o|0 fnt\n|faint|p1a: Chimar\u00e3o\n|-hitcount|p1: Chimar\u00e3o|2\n|move|p1b: KimKataguiri|Kowtow Cleave|p2b: Aerodactyl\n|-damage|p2b: Aerodactyl|21/100\n|\n|upkeep\n|turn|8\n|\n|t:|1776446389\n|move|p1b: KimKataguiri|Sucker Punch|p2b: Aerodactyl\n|-damage|p2b: Aerodactyl|0 fnt\n|faint|p2b: Aerodactyl\n|\n|win|abigbig\n|raw|abigbig's rating: 1149 &rarr; <strong>1179</strong><br />(+30 for winning)\n|raw|Sammias's rating: 1215 &rarr; <strong>1185</strong><br />(-30 for losing)\n",
  "uploadtime": 1776446395,
  "views": 24,
  "formatid": "gen9championsvgc2026regma",
  "rating": 1179,
  "private": 0,
  "password": null
}