{
  "id": "gen9championsvgc2026regma-2589446992",
  "format": "[Gen 9 Champions] VGC 2026 Reg M-A",
  "players": [
    "gallium1005",
    "exoticerikvgc"
  ],
  "log": "|j|\u2606gallium1005\n|j|\u2606exoticerikvgc\n|t:|1776723722\n|gametype|doubles\n|player|p1|gallium1005|hilbert|1166\n|player|p2|exoticerikvgc|lucas|1222\n|gen|9\n|tier|[Gen 9 Champions] VGC 2026 Reg M-A\n|rated|\n|rule|Species Clause: Limit one of each Pok\u00e9mon\n|rule|Item Clause: Limit 1 of each item\n|clearpoke\n|poke|p1|Sinistcha, L50|\n|poke|p1|Aggron, L50, F, shiny|\n|poke|p1|Archaludon, L50, M|\n|poke|p1|Incineroar, L50, M|\n|poke|p1|Farigiraf, L50, F|\n|poke|p1|Pelipper, L50, F|\n|poke|p2|Charizard, L50, M|\n|poke|p2|Scizor, L50, F|\n|poke|p2|Sneasler, L50, F|\n|poke|p2|Incineroar, L50, M|\n|poke|p2|Sinistcha, L50|\n|poke|p2|Milotic, L50, M|\n|teampreview|4\nexoticerikvgc rejected open team sheets.\n|inactive|Battle timer is ON: inactive players will automatically lose when time's up. (requested by exoticerikvgc)\n|inactive|gallium1005 has 60 seconds left.\n|\n|t:|1776723758\n|teamsize|p1|4\n|teamsize|p2|4\n|start\n|switch|p1a: Incineroar|Incineroar, L50, M|100/100\n|switch|p1b: Archaludon|Archaludon, L50, M|100/100\n|switch|p2a: Charizard|Charizard, L50, M|100/100\n|switch|p2b: Sneasler|Sneasler, L50, F|100/100\n|-ability|p1a: Incineroar|Intimidate|boost\n|-unboost|p2a: Charizard|atk|1\n|-unboost|p2b: Sneasler|atk|1\n|turn|1\n|inactive|gallium1005 has 30 seconds left.\n|inactive|gallium1005 has 20 seconds left.\n|\n|t:|1776723796\n|switch|p1b: Sinistcha|Sinistcha, L50|100/100\n|detailschange|p2a: Charizard|Charizard-Mega-X, L50, M\n|-mega|p2a: Charizard|Charizard|Charizardite X\n|move|p2b: Sneasler|Coaching|p2a: Charizard\n|-boost|p2a: Charizard|atk|1\n|-boost|p2a: Charizard|def|1\n|move|p2a: Charizard|Dragon Dance|p2a: Charizard\n|-boost|p2a: Charizard|atk|1\n|-boost|p2a: Charizard|spe|1\n|move|p1a: Incineroar|Flare Blitz|p2b: Sneasler\n|-damage|p2b: Sneasler|23/100\n|-damage|p1a: Incineroar|81/100|[from] Recoil\n|\n|upkeep\n|turn|2\n|inactive|gallium1005 has 30 seconds left.\n|\n|t:|1776723827\n|move|p1b: Sinistcha|Rage Powder|p1b: Sinistcha\n|-singleturn|p1b: Sinistcha|move: Rage Powder\n|move|p2a: Charizard|Dragon Claw|p1b: Sinistcha\n|-damage|p1b: Sinistcha|34/100\n|move|p2b: Sneasler|Coaching|p2a: Charizard\n|-boost|p2a: Charizard|atk|1\n|-boost|p2a: Charizard|def|1\n|move|p1a: Incineroar|Parting Shot|p2a: Charizard\n|-unboost|p2a: Charizard|atk|1\n|-unboost|p2a: Charizard|spa|1\n|\n|t:|1776723841\n|switch|p1a: Pelipper|Pelipper, L50, F|100/100|[from] Parting Shot\n|-weather|RainDance|[from] ability: Drizzle|[of] p1a: Pelipper\n|\n|-weather|RainDance|[upkeep]\n|-heal|p1b: Sinistcha|40/100|[from] item: Leftovers\n|upkeep\n|turn|3\n|inactive|gallium1005 has 30 seconds left.\n|\n|t:|1776723870\n|move|p1b: Sinistcha|Rage Powder|p1b: Sinistcha\n|-singleturn|p1b: Sinistcha|move: Rage Powder\n|move|p2a: Charizard|Dragon Claw|p1b: Sinistcha\n|-damage|p1b: Sinistcha|0 fnt\n|faint|p1b: Sinistcha\n|move|p2b: Sneasler|Dire Claw|p1a: Pelipper\n|-damage|p1a: Pelipper|72/100\n|-status|p1a: Pelipper|par\n|move|p1a: Pelipper|Weather Ball|p2a: Charizard\n|-damage|p2a: Charizard|14/100\n|\n|-weather|RainDance|[upkeep]\n|upkeep\n|\n|t:|1776723882\n|switch|p1b: Incineroar|Incineroar, L50, M|81/100\n|-ability|p1b: Incineroar|Intimidate|boost\n|-unboost|p2a: Charizard|atk|1\n|-unboost|p2b: Sneasler|atk|1\n|turn|4\n|inactive|gallium1005 has 30 seconds left.\n|\n|t:|1776723921\n|move|p2a: Charizard|Protect|p2a: Charizard\n|-singleturn|p2a: Charizard|Protect\n|move|p1b: Incineroar|Fake Out|p2a: Charizard\n|-activate|p2a: Charizard|move: Protect\n|move|p2b: Sneasler|Coaching|p2a: Charizard\n|-boost|p2a: Charizard|atk|1\n|-boost|p2a: Charizard|def|1\n|move|p1a: Pelipper|Weather Ball|p2b: Sneasler\n|-damage|p2b: Sneasler|0 fnt\n|faint|p2b: Sneasler\n|\n|-weather|RainDance|[upkeep]\n|upkeep\n|\n|t:|1776723932\n|switch|p2b: Sinistcha|Sinistcha, L50|100/100\n|-heal|p2a: Charizard|39/100|[from] ability: Hospitality|[of] p2b: Sinistcha\n|turn|5\n|inactive|exoticerikvgc has 30 seconds left.\n|inactive|gallium1005 has 30 seconds left.\n|inactive|exoticerikvgc has 20 seconds left.\n|\n|t:|1776723973\n|move|p2b: Sinistcha|Rage Powder|p2b: Sinistcha\n|-singleturn|p2b: Sinistcha|move: Rage Powder\n|move|p2a: Charizard|Dragon Claw|p1a: Pelipper\n|-damage|p1a: Pelipper|0 fnt\n|faint|p1a: Pelipper\n|move|p1b: Incineroar|Darkest Lariat|p2b: Sinistcha\n|-supereffective|p2b: Sinistcha|1\n|-damage|p2b: Sinistcha|50/100\n|-enditem|p2b: Sinistcha|Sitrus Berry|[eat]\n|-heal|p2b: Sinistcha|75/100|[from] item: Sitrus Berry\n|\n|-weather|RainDance|[upkeep]\n|upkeep\n|\n|t:|1776723983\n|switch|p1a: Archaludon|Archaludon, L50, M|100/100\n|turn|6\n|\n|t:|1776724001\n|move|p2a: Charizard|Protect|p2a: Charizard\n|-singleturn|p2a: Charizard|Protect\n|move|p2b: Sinistcha|Protect|p2b: Sinistcha\n|-singleturn|p2b: Sinistcha|Protect\n|move|p1a: Archaludon|Flash Cannon|p2a: Charizard\n|-activate|p2a: Charizard|move: Protect\n|move|p1b: Incineroar|Darkest Lariat|p2b: Sinistcha\n|-activate|p2b: Sinistcha|move: Protect\n|\n|-weather|none\n|upkeep\n|turn|7\n|\n|t:|1776724022\n|move|p2a: Charizard|Flare Blitz|p1a: Archaludon\n|-damage|p1a: Archaludon|0 fnt\n|faint|p1a: Archaludon\n|-damage|p2a: Charizard|7/100|[from] Recoil\n|move|p2b: Sinistcha|Matcha Gotcha|p1b: Incineroar\n|-resisted|p1b: Incineroar|1\n|-damage|p1b: Incineroar|67/100\n|-heal|p2b: Sinistcha|83/100|[from] drain|[of] p1b: Incineroar\n|move|p1b: Incineroar|Darkest Lariat|p2a: Charizard\n|-damage|p2a: Charizard|0 fnt\n|faint|p2a: Charizard\n|\n|upkeep\n|\n|t:|1776724034\n|switch|p2a: Milotic|Milotic, L50, M|100/100\n|turn|8\n|\n|t:|1776724045\n|move|p2b: Sinistcha|Rage Powder|p2b: Sinistcha\n|-singleturn|p2b: Sinistcha|move: Rage Powder\n|move|p2a: Milotic|Scald|p1b: Incineroar\n|-supereffective|p1b: Incineroar|1\n|-damage|p1b: Incineroar|18/100\n|move|p1b: Incineroar|Darkest Lariat|p2b: Sinistcha\n|-supereffective|p2b: Sinistcha|1\n|-damage|p2b: Sinistcha|35/100\n|\n|upkeep\n|turn|9\n|\n|t:|1776724054\n|move|p2b: Sinistcha|Rage Powder|p2b: Sinistcha\n|-singleturn|p2b: Sinistcha|move: Rage Powder\n|move|p2a: Milotic|Scald|p1b: Incineroar\n|-supereffective|p1b: Incineroar|1\n|-damage|p1b: Incineroar|0 fnt\n|faint|p1b: Incineroar\n|\n|win|exoticerikvgc\n|raw|gallium1005's rating: 1166 &rarr; <strong>1145</strong><br />(-21 for losing)\n|raw|exoticerikvgc's rating: 1222 &rarr; <strong>1243</strong><br />(+21 for winning)\n|c|\u2606gallium1005|gg\n|c|\u2606exoticerikvgc|gg\n|l|\u2606exoticerikvgc\n|player|p2|\n",
  "uploadtime": 1776724070,
  "views": 4,
  "formatid": "gen9championsvgc2026regma",
  "rating": 1145,
  "private": 0,
  "password": null
}