{
  "id": "gen9championsvgc2026regma-2589560240",
  "format": "[Gen 9 Champions] VGC 2026 Reg M-A",
  "players": [
    "huigestid",
    "Alcamaster10"
  ],
  "log": "|j|\u2606huigestid\n|j|\u2606Alcamaster10\n|t:|1776734187\n|gametype|doubles\n|player|p1|huigestid|169|1000\n|player|p2|Alcamaster10|marlon|1093\n|gen|9\n|tier|[Gen 9 Champions] VGC 2026 Reg M-A\n|rated|\n|rule|Species Clause: Limit one of each Pok\u00e9mon\n|rule|Item Clause: Limit 1 of each item\n|clearpoke\n|poke|p1|Floette-Eternal, L50, F, shiny|\n|poke|p1|Charizard, L50, F, shiny|\n|poke|p1|Sneasler, L50, F, shiny|\n|poke|p1|Aerodactyl, L50, F, shiny|\n|poke|p1|Kingambit, L50, F, shiny|\n|poke|p1|Sinistcha-Masterpiece, L50, shiny|\n|poke|p2|Skarmory, L50, M|\n|poke|p2|Pelipper, L50, M|\n|poke|p2|Garchomp, L50, M|\n|poke|p2|Kingambit, L50, F|\n|poke|p2|Sneasler, L50, F|\n|poke|p2|Palafin, L50, M|\n|teampreview|4\n|inactive|Battle timer is ON: inactive players will automatically lose when time's up. (requested by Alcamaster10)\n|\n|t:|1776734221\n|teamsize|p1|4\n|teamsize|p2|4\n|start\n|switch|p1a: Floette|Floette-Eternal, L50, F, shiny|100/100\n|switch|p1b: Sinistcha|Sinistcha-Masterpiece, L50, shiny|100/100\n|switch|p2a: Palafin|Palafin, L50, M|100/100\n|switch|p2b: Pelipper|Pelipper, L50, M|100/100\n|-weather|RainDance|[from] ability: Drizzle|[of] p2b: Pelipper\n|turn|1\n|inactive|huigestid has 30 seconds left.\n|\n|t:|1776734248\n|detailschange|p2a: Palafin|Palafin-Hero, L50, M\n|switch|p2a: Skarmory|Skarmory, L50, M|100/100\n|detailschange|p1a: Floette|Floette-Mega, L50, F, shiny\n|-mega|p1a: Floette|Floette|Floettite\n|-ability|p1a: Floette|Fairy Aura\n|move|p1a: Floette|Dazzling Gleam|p2b: Pelipper|[spread] p2a,p2b\n|-resisted|p2a: Skarmory|1\n|-damage|p2a: Skarmory|56/100\n|-damage|p2b: Pelipper|6/100\n|move|p2b: Pelipper|Tailwind|p2b: Pelipper\n|-sidestart|p2: Alcamaster10|move: Tailwind\n|move|p1b: Sinistcha|Matcha Gotcha|p2b: Pelipper|[spread] p2a,p2b\n|-resisted|p2a: Skarmory|2\n|-damage|p2a: Skarmory|46/100\n|-damage|p2b: Pelipper|0 fnt\n|faint|p2b: Pelipper\n|\n|-weather|RainDance|[upkeep]\n|upkeep\n|\n|t:|1776734265\n|switch|p2b: Sneasler|Sneasler, L50, F|100/100\n|turn|2\n|\n|t:|1776734277\n|switch|p1a: Kingambit|Kingambit, L50, F, shiny|100/100\n|detailschange|p2a: Skarmory|Skarmory-Mega, L50, M\n|-mega|p2a: Skarmory|Skarmory|Skarmorite\n|move|p1b: Sinistcha|Protect|p1b: Sinistcha\n|-singleturn|p1b: Sinistcha|Protect\n|move|p2b: Sneasler|Dire Claw|p1b: Sinistcha\n|-activate|p1b: Sinistcha|move: Protect\n|move|p2a: Skarmory|Iron Head|p1a: Kingambit\n|-resisted|p1a: Kingambit|1\n|-damage|p1a: Kingambit|82/100\n|\n|-weather|RainDance|[upkeep]\n|upkeep\n|turn|3\n|inactive|huigestid has 30 seconds left.\n|\n|t:|1776734309\n|move|p2a: Skarmory|Protect|p2a: Skarmory\n|-singleturn|p2a: Skarmory|Protect\n|move|p2b: Sneasler|Dire Claw|p1b: Sinistcha\n|-damage|p1b: Sinistcha|66/100\n|move|p1b: Sinistcha|Matcha Gotcha|p2b: Sneasler|[spread] p2b\n|-activate|p2a: Skarmory|move: Protect\n|-resisted|p2b: Sneasler|1\n|-damage|p2b: Sneasler|83/100\n|-heal|p1b: Sinistcha|74/100|[from] drain|[of] p2b: Sneasler\n|move|p1a: Kingambit|Iron Head|p2b: Sneasler\n|-damage|p2b: Sneasler|5/100\n|\n|-weather|RainDance|[upkeep]\n|-heal|p1b: Sinistcha|80/100|[from] item: Leftovers\n|upkeep\n|turn|4\n|\n|t:|1776734332\n|move|p1a: Kingambit|Sucker Punch|p2b: Sneasler\n|-resisted|p2b: Sneasler|1\n|-crit|p2b: Sneasler\n|-damage|p2b: Sneasler|0 fnt\n|faint|p2b: Sneasler\n|move|p2a: Skarmory|Brave Bird|p1b: Sinistcha\n|-supereffective|p1b: Sinistcha|1\n|-damage|p1b: Sinistcha|0 fnt\n|faint|p1b: Sinistcha\n|-damage|p2a: Skarmory|13/100|[from] Recoil\n|\n|-weather|RainDance|[upkeep]\n|-sideend|p2: Alcamaster10|move: Tailwind\n|upkeep\n|\n|t:|1776734344\n|switch|p2b: Palafin|Palafin-Hero, L50, M|100/100\n|switch|p1b: Sneasler|Sneasler, L50, F, shiny|100/100\n|-activate|p2b: Palafin|ability: Zero to Hero\n|turn|5\n|inactive|huigestid has 30 seconds left.\n|\n|t:|1776734372\n|move|p2a: Skarmory|Protect|p2a: Skarmory\n|-singleturn|p2a: Skarmory|Protect\n|move|p1a: Kingambit|Sucker Punch||[still]\n|-fail|p1a: Kingambit\n|move|p1b: Sneasler|Dire Claw|p2b: Palafin\n|-damage|p2b: Palafin|62/100\n|move|p2b: Palafin|Wave Crash|p1b: Sneasler\n|-damage|p1b: Sneasler|0 fnt\n|faint|p1b: Sneasler\n|-damage|p2b: Palafin|38/100|[from] Recoil\n|\n|-weather|none\n|upkeep\n|\n|t:|1776734384\n|switch|p1b: Floette|Floette-Mega, L50, F, shiny|100/100\n|-ability|p1b: Floette|Fairy Aura\n|turn|6\n|inactive|Alcamaster10 has 30 seconds left.\n|\n|t:|1776734412\n|move|p1b: Floette|Protect|p1b: Floette\n|-singleturn|p1b: Floette|Protect\n|move|p2b: Palafin|Jet Punch|p1a: Kingambit\n|-damage|p1a: Kingambit|48/100\n|move|p1a: Kingambit|Sucker Punch|p2a: Skarmory\n|-damage|p2a: Skarmory|0 fnt\n|faint|p2a: Skarmory\n|\n|upkeep\n|turn|7\n|\n|t:|1776734428\n|move|p1b: Floette|Moonblast|p2b: Palafin\n|-damage|p2b: Palafin|0 fnt\n|faint|p2b: Palafin\n|\n|win|huigestid\n|raw|huigestid's rating: 1000 &rarr; <strong>1050</strong><br />(+50 for winning)\n|raw|Alcamaster10's rating: 1093 &rarr; <strong>1063</strong><br />(-30 for losing)\n|l|\u2606Alcamaster10\n|player|p2|\n",
  "uploadtime": 1776734439,
  "views": 3,
  "formatid": "gen9championsvgc2026regma",
  "rating": 1050,
  "private": 0,
  "password": null
}