{
  "id": "gen9championsvgc2026regma-2587726427",
  "format": "[Gen 9 Champions] VGC 2026 Reg M-A",
  "players": [
    "riku797vgc5",
    "agustjn"
  ],
  "log": "|j|\u2606riku797vgc5\n|j|\u2606agustjn\n|t:|1776557833\n|gametype|doubles\n|player|p1|riku797vgc5|2|1172\n|player|p2|agustjn|sabrina|1253\n|gen|9\n|tier|[Gen 9 Champions] VGC 2026 Reg M-A\n|rated|\n|rule|Species Clause: Limit one of each Pok\u00e9mon\n|rule|Item Clause: Limit 1 of each item\n|clearpoke\n|poke|p1|Charizard, L50, F|\n|poke|p1|Heliolisk, L50, M|\n|poke|p1|Venusaur, L50, M|\n|poke|p1|Incineroar, L50, M|\n|poke|p1|Aegislash, L50, M|\n|poke|p1|Garchomp, L50, M|\n|poke|p2|Charizard, L50, F|\n|poke|p2|Venusaur, L50, M|\n|poke|p2|Garchomp, L50, M|\n|poke|p2|Rotom-Wash, L50|\n|poke|p2|Sneasler, L50, M|\n|poke|p2|Incineroar, L50, F|\n|teampreview|4\n|\n|t:|1776557870\n|teamsize|p1|4\n|teamsize|p2|4\n|start\n|switch|p1a: Incineroar|Incineroar, L50, M|100/100\n|switch|p1b: Charizard|Charizard, L50, F|100/100\n|switch|p2a: Charizard|Charizard, L50, F|100/100\n|switch|p2b: Garchomp|Garchomp, L50, M|100/100\n|-ability|p1a: Incineroar|Intimidate|boost\n|-unboost|p2a: Charizard|atk|1\n|-unboost|p2b: Garchomp|atk|1\n|turn|1\n|inactive|Battle timer is ON: inactive players will automatically lose when time's up. (requested by riku797vgc5)\n|\n|t:|1776557932\n|switch|p2b: Incineroar|Incineroar, L50, F|100/100\n|-ability|p2b: Incineroar|Intimidate|boost\n|-unboost|p1a: Incineroar|atk|1\n|-unboost|p1b: Charizard|atk|1\n|detailschange|p2a: Charizard|Charizard-Mega-Y, L50, F\n|-mega|p2a: Charizard|Charizard|Charizardite Y\n|-weather|SunnyDay|[from] ability: Drought|[of] p2a: Charizard\n|move|p1b: Charizard|Protect|p1b: Charizard\n|-singleturn|p1b: Charizard|Protect\n|move|p2a: Charizard|Weather Ball|p1b: Charizard\n|-activate|p1b: Charizard|move: Protect\n|move|p1a: Incineroar|Parting Shot|p2b: Incineroar\n|-unboost|p2b: Incineroar|atk|1\n|-unboost|p2b: Incineroar|spa|1\n|\n|t:|1776557941\n|switch|p1a: Heliolisk|Heliolisk, L50, M|100/100|[from] Parting Shot\n|\n|-weather|SunnyDay|[upkeep]\n|-damage|p1a: Heliolisk|88/100|[from] ability: Solar Power|[of] p1a: Heliolisk\n|upkeep\n|turn|2\n|inactive|agustjn has 30 seconds left.\n|inactive|riku797vgc5 has 30 seconds left.\n|\n|t:|1776557978\n|switch|p1a: Incineroar|Incineroar, L50, M|100/100\n|-ability|p1a: Incineroar|Intimidate|boost\n|-unboost|p2a: Charizard|atk|1\n|-unboost|p2b: Incineroar|atk|1\n|move|p2b: Incineroar|Fake Out|p1a: Incineroar\n|-damage|p1a: Incineroar|94/100\n|move|p2a: Charizard|Weather Ball|p1a: Incineroar\n|-resisted|p1a: Incineroar|1\n|-damage|p1a: Incineroar|61/100\n|move|p1b: Charizard|Weather Ball|p2b: Incineroar\n|-resisted|p2b: Incineroar|1\n|-damage|p2b: Incineroar|65/100\n|\n|-weather|SunnyDay|[upkeep]\n|upkeep\n|turn|3\n|\n|t:|1776558001\n|switch|p1b: Heliolisk|Heliolisk, L50, M|88/100\n|move|p2a: Charizard|Protect|p2a: Charizard\n|-singleturn|p2a: Charizard|Protect\n|move|p1a: Incineroar|Fake Out|p2a: Charizard\n|-activate|p2a: Charizard|move: Protect\n|move|p2b: Incineroar|Parting Shot|p1b: Heliolisk\n|-unboost|p1b: Heliolisk|atk|1\n|-unboost|p1b: Heliolisk|spa|1\n|\n|t:|1776558010\n|switch|p2b: Garchomp|Garchomp, L50, M|100/100|[from] Parting Shot\n|\n|-weather|SunnyDay|[upkeep]\n|-damage|p1b: Heliolisk|76/100|[from] ability: Solar Power|[of] p1b: Heliolisk\n|upkeep\n|turn|4\n|\n|t:|1776558028\n|switch|p1a: Charizard|Charizard, L50, F|100/100\n|move|p1b: Heliolisk|Volt Switch|p2a: Charizard\n|-supereffective|p2a: Charizard|1\n|-damage|p2a: Charizard|21/100\n|\n|t:|1776558032\n|switch|p1b: Incineroar|Incineroar, L50, M|61/100|[from] Volt Switch\n|-ability|p1b: Incineroar|Intimidate|boost\n|-unboost|p2a: Charizard|atk|1\n|-unboost|p2b: Garchomp|atk|1\n|move|p2b: Garchomp|Bulldoze|p1a: Charizard|[spread] p1b\n|-immune|p2a: Charizard\n|-immune|p1a: Charizard\n|-supereffective|p1b: Incineroar|1\n|-damage|p1b: Incineroar|28/100\n|-unboost|p1b: Incineroar|spe|1\n|-enditem|p1b: Incineroar|Sitrus Berry|[eat]\n|-heal|p1b: Incineroar|53/100|[from] item: Sitrus Berry\n|move|p2a: Charizard|Heat Wave|p1a: Charizard|[spread] p1a,p1b\n|-resisted|p1a: Charizard|1\n|-resisted|p1b: Incineroar|1\n|-damage|p1a: Charizard|62/100\n|-damage|p1b: Incineroar|27/100\n|\n|-weather|SunnyDay|[upkeep]\n|upkeep\n|turn|5\n|\n|t:|1776558054\n|move|p2a: Charizard|Protect|p2a: Charizard\n|-singleturn|p2a: Charizard|Protect\n|move|p2b: Garchomp|Bulldoze|p1b: Incineroar|[spread] p1b\n|-activate|p2a: Charizard|move: Protect\n|-immune|p1a: Charizard\n|-supereffective|p1b: Incineroar|1\n|-damage|p1b: Incineroar|0 fnt\n|faint|p1b: Incineroar\n|move|p1a: Charizard|Heat Wave|p2a: Charizard|[spread] p2b\n|-activate|p2a: Charizard|move: Protect\n|-resisted|p2b: Garchomp|1\n|-damage|p2b: Garchomp|73/100\n|\n|-weather|none\n|upkeep\n|\n|t:|1776558058\n|switch|p1b: Venusaur|Venusaur, L50, M|100/100\n|turn|6\n|inactive|agustjn has 30 seconds left.\n|\n|t:|1776558088\n|detailschange|p1a: Charizard|Charizard-Mega-Y, L50, F\n|-mega|p1a: Charizard|Charizard|Charizardite Y\n|-weather|SunnyDay|[from] ability: Drought|[of] p1a: Charizard\n|move|p1b: Venusaur|Sleep Powder|p2b: Garchomp\n|-status|p2b: Garchomp|slp|[from] move: Sleep Powder\n|cant|p2b: Garchomp|slp\n|move|p2a: Charizard|Heat Wave|p1b: Venusaur|[spread] p1b\n|-miss|p2a: Charizard|p1a: Charizard\n|-supereffective|p1b: Venusaur|1\n|-enditem|p1b: Venusaur|Focus Sash\n|-damage|p1b: Venusaur|1/100\n|move|p1a: Charizard|Heat Wave|p2a: Charizard|[spread] p2a,p2b\n|-resisted|p2a: Charizard|1\n|-resisted|p2b: Garchomp|1\n|-crit|p2b: Garchomp\n|-damage|p2a: Charizard|0 fnt\n|-damage|p2b: Garchomp|20/100 slp\n|faint|p2a: Charizard\n|\n|-weather|SunnyDay|[upkeep]\n|upkeep\n|inactive|agustjn has 30 seconds left.\n|\n|t:|1776558123\n|switch|p2a: Incineroar|Incineroar, L50, F|65/100\n|-ability|p2a: Incineroar|Intimidate|boost\n|-unboost|p1a: Charizard|atk|1\n|-unboost|p1b: Venusaur|atk|1\n|turn|7\n|\n|t:|1776558146\n|move|p1b: Venusaur|Sleep Powder|p2a: Incineroar|[miss]\n|-miss|p1b: Venusaur|p2a: Incineroar\n|cant|p2b: Garchomp|slp\n|move|p1a: Charizard|Heat Wave|p2a: Incineroar|[spread] p2a,p2b\n|-resisted|p2a: Incineroar|1\n|-resisted|p2b: Garchomp|1\n|-crit|p2b: Garchomp\n|-damage|p2a: Incineroar|32/100\n|-damage|p2b: Garchomp|0 fnt\n|-enditem|p2a: Incineroar|Sitrus Berry|[eat]\n|-heal|p2a: Incineroar|56/100|[from] item: Sitrus Berry\n|faint|p2b: Garchomp\n|move|p2a: Incineroar|Darkest Lariat|p1a: Charizard\n|-damage|p1a: Charizard|16/100\n|\n|-weather|SunnyDay|[upkeep]\n|upkeep\n|\n|t:|1776558153\n|switch|p2b: Sneasler|Sneasler, L50, M|100/100\n|turn|8\n|\n|t:|1776558159\n|move|p1b: Venusaur|Protect|p1b: Venusaur\n|-singleturn|p1b: Venusaur|Protect\n|move|p1a: Charizard|Protect|p1a: Charizard\n|-singleturn|p1a: Charizard|Protect\n|move|p2b: Sneasler|Fake Out|p1b: Venusaur\n|-activate|p1b: Venusaur|move: Protect\n|move|p2a: Incineroar|Darkest Lariat|p1a: Charizard\n|-activate|p1a: Charizard|move: Protect\n|\n|-weather|SunnyDay|[upkeep]\n|upkeep\n|turn|9\n|\n|t:|1776558171\n|move|p1b: Venusaur|Sleep Powder|p2b: Sneasler\n|-status|p2b: Sneasler|slp|[from] move: Sleep Powder\n|cant|p2b: Sneasler|slp\n|move|p1a: Charizard|Weather Ball|p2a: Incineroar\n|-resisted|p2a: Incineroar|1\n|-damage|p2a: Incineroar|6/100\n|move|p2a: Incineroar|Darkest Lariat|p1a: Charizard\n|-damage|p1a: Charizard|0 fnt\n|faint|p1a: Charizard\n|\n|-weather|SunnyDay|[upkeep]\n|upkeep\n|\n|t:|1776558173\n|switch|p1a: Heliolisk|Heliolisk, L50, M|76/100\n|turn|10\n|c|\u2606riku797vgc5|gg\n|\n|t:|1776558182\n|move|p1b: Venusaur|Energy Ball|p2b: Sneasler\n|-resisted|p2b: Sneasler|1\n|-damage|p2b: Sneasler|74/100 slp\n|move|p1a: Heliolisk|Hyper Voice|p2b: Sneasler|[spread] p2a,p2b\n|-damage|p2a: Incineroar|0 fnt\n|-damage|p2b: Sneasler|8/100 slp\n|faint|p2a: Incineroar\n|cant|p2b: Sneasler|slp\n|\n|-weather|none\n|upkeep\n|turn|11\n|\n|t:|1776558190\n|move|p1a: Heliolisk|Hyper Voice|p2b: Sneasler\n|-damage|p2b: Sneasler|0 fnt\n|faint|p2b: Sneasler\n|\n|win|riku797vgc5\n|raw|riku797vgc5's rating: 1172 &rarr; <strong>1203</strong><br />(+31 for winning)\n|raw|agustjn's rating: 1253 &rarr; <strong>1222</strong><br />(-31 for losing)\n|l|\u2606agustjn\n|player|p2|\n",
  "uploadtime": 1776558192,
  "views": 16,
  "formatid": "gen9championsvgc2026regma",
  "rating": 1203,
  "private": 0,
  "password": null
}