{
  "id": "gen9championsvgc2026regma-2581268285",
  "format": "[Gen 9 Champions] VGC 2026 Reg M-A",
  "players": [
    "umnomemuitolegal",
    "lilyflows"
  ],
  "log": "|j|\u2606umnomemuitolegal\n|j|\u2606lilyflows\n|t:|1775978883\n|gametype|doubles\n|player|p1|umnomemuitolegal|2|1010\n|player|p2|lilyflows|n|1016\n|gen|9\n|tier|[Gen 9 Champions] VGC 2026 Reg M-A\n|rated|\n|rule|Species Clause: Limit one of each Pok\u00e9mon\n|rule|Item Clause: Limit 1 of each item\n|clearpoke\n|poke|p1|Charizard, L50, F|\n|poke|p1|Whimsicott, L50, F|\n|poke|p1|Incineroar, L50, F|\n|poke|p1|Garchomp, L50, M|\n|poke|p1|Aegislash, L50, F|\n|poke|p1|Torkoal, L50, M|\n|poke|p2|Floette-Eternal, L50, F|\n|poke|p2|Garchomp, L50, M|\n|poke|p2|Whimsicott, L50, F|\n|poke|p2|Incineroar, L50, M|\n|poke|p2|Corviknight, L50, F|\n|poke|p2|Azumarill, L50, M|\n|teampreview|4\n|inactive|Battle timer is ON: inactive players will automatically lose when time's up. (requested by lilyflows)\n|inactive|umnomemuitolegal has 60 seconds left.\n|inactive|umnomemuitolegal has 30 seconds left.\n|\n|t:|1775978946\n|teamsize|p1|4\n|teamsize|p2|4\n|start\n|switch|p1a: Incineroar|Incineroar, L50, F|100/100\n|switch|p1b: Torkoal|Torkoal, L50, M|100/100\n|switch|p2a: Whimsicott|Whimsicott, L50, F|100/100\n|switch|p2b: Incineroar|Incineroar, L50, M|100/100\n|-ability|p1a: Incineroar|Intimidate|boost\n|-unboost|p2a: Whimsicott|atk|1\n|-unboost|p2b: Incineroar|atk|1\n|-ability|p2b: Incineroar|Intimidate|boost\n|-unboost|p1a: Incineroar|atk|1\n|-unboost|p1b: Torkoal|atk|1\n|-weather|SunnyDay|[from] ability: Drought|[of] p1b: Torkoal\n|turn|1\n|\n|t:|1775978959\n|move|p1a: Incineroar|Fake Out|p2b: Incineroar\n|-damage|p2b: Incineroar|91/100\n|cant|p2b: Incineroar|flinch\n|move|p2a: Whimsicott|Tailwind|p2a: Whimsicott\n|-sidestart|p2: lilyflows|move: Tailwind\n|move|p1b: Torkoal|Eruption|p2b: Incineroar|[spread] p2a,p2b\n|-supereffective|p2a: Whimsicott|1\n|-resisted|p2b: Incineroar|1\n|-enditem|p2a: Whimsicott|Focus Sash\n|-damage|p2a: Whimsicott|1/100\n|-damage|p2b: Incineroar|46/100\n|\n|-weather|SunnyDay|[upkeep]\n|-heal|p2b: Incineroar|52/100|[from] item: Leftovers\n|upkeep\n|turn|2\n|inactive|umnomemuitolegal has 30 seconds left.\n|inactive|lilyflows has 30 seconds left.\n|\n|t:|1775978993\n|move|p2a: Whimsicott|U-turn|p1a: Incineroar\n|-damage|p1a: Incineroar|93/100\n|\n|t:|1775978998\n|switch|p2a: Garchomp|Garchomp, L50, M|100/100|[from] U-turn\n|move|p2b: Incineroar|Parting Shot|p1b: Torkoal\n|-unboost|p1b: Torkoal|atk|1\n|-unboost|p1b: Torkoal|spa|1\n|\n|t:|1775979004\n|switch|p2b: Floette|Floette-Eternal, L50, F|100/100|[from] Parting Shot\n|move|p1a: Incineroar|Parting Shot|p2b: Floette\n|-unboost|p2b: Floette|atk|1\n|-unboost|p2b: Floette|spa|1\n|\n|t:|1775979016\n|switch|p1a: Aegislash|Aegislash, L50, F|100/100|[from] Parting Shot\n|move|p1b: Torkoal|Eruption|p2a: Garchomp|[spread] p2a,p2b\n|-resisted|p2a: Garchomp|1\n|-damage|p2a: Garchomp|66/100\n|-damage|p2b: Floette|46/100\n|\n|-weather|SunnyDay|[upkeep]\n|upkeep\n|turn|3\n|\n|t:|1775979038\n|switch|p2b: Whimsicott|Whimsicott, L50, F|1/100\n|detailschange|p2a: Garchomp|Garchomp-Mega, L50, M\n|-mega|p2a: Garchomp|Garchomp|Garchompite\n|move|p1a: Aegislash|King's Shield|p1a: Aegislash\n|-singleturn|p1a: Aegislash|Protect\n|move|p1b: Torkoal|Protect|p1b: Torkoal\n|-singleturn|p1b: Torkoal|Protect\n|move|p2a: Garchomp|Earthquake|p1b: Torkoal|[spread] p2b\n|-activate|p1a: Aegislash|move: Protect\n|-activate|p1b: Torkoal|move: Protect\n|-resisted|p2b: Whimsicott|1\n|-damage|p2b: Whimsicott|0 fnt\n|faint|p2b: Whimsicott\n|\n|-weather|SunnyDay|[upkeep]\n|upkeep\n|\n|t:|1775979050\n|switch|p2b: Incineroar|Incineroar, L50, M|52/100\n|-ability|p2b: Incineroar|Intimidate|boost\n|-unboost|p1a: Aegislash|atk|1\n|-unboost|p1b: Torkoal|atk|1\n|turn|4\n|inactive|umnomemuitolegal has 30 seconds left.\n|\n|t:|1775979076\n|move|p2b: Incineroar|Fake Out|p1b: Torkoal\n|-damage|p1b: Torkoal|90/100\n|-formechange|p1a: Aegislash|Aegislash-Blade|\n|move|p1a: Aegislash|Shadow Sneak|p2a: Garchomp\n|-damage|p2a: Garchomp|51/100\n|move|p2a: Garchomp|Earthquake|p1a: Aegislash|[spread] p2b,p1a,p1b\n|-supereffective|p2b: Incineroar|1\n|-supereffective|p1a: Aegislash|1\n|-supereffective|p1b: Torkoal|1\n|-damage|p2b: Incineroar|0 fnt\n|-damage|p1a: Aegislash|0 fnt\n|-damage|p1b: Torkoal|19/100\n|faint|p2b: Incineroar\n|faint|p1a: Aegislash\n|cant|p1b: Torkoal|flinch\n|\n|-weather|SunnyDay|[upkeep]\n|-sideend|p2: lilyflows|move: Tailwind\n|upkeep\n|\n|t:|1775979097\n|switch|p2b: Floette|Floette-Eternal, L50, F|46/100\n|switch|p1a: Incineroar|Incineroar, L50, F|93/100\n|-ability|p1a: Incineroar|Intimidate|boost\n|-unboost|p2a: Garchomp|atk|1\n|-unboost|p2b: Floette|atk|1\n|turn|5\n|\n|t:|1775979108\n|move|p1a: Incineroar|Fake Out|p2a: Garchomp\n|-damage|p2a: Garchomp|40/100\n|cant|p2a: Garchomp|flinch\n|move|p2b: Floette|Moonblast|p1a: Incineroar\n|-damage|p1a: Incineroar|37/100\n|-enditem|p1a: Incineroar|Sitrus Berry|[eat]\n|-heal|p1a: Incineroar|62/100|[from] item: Sitrus Berry\n|move|p1b: Torkoal|Eruption|p2a: Garchomp|[spread] p2a,p2b\n|-resisted|p2a: Garchomp|1\n|-damage|p2a: Garchomp|35/100\n|-damage|p2b: Floette|36/100\n|\n|-weather|none\n|upkeep\n|turn|6\n|inactive|umnomemuitolegal has 30 seconds left.\n|inactive|umnomemuitolegal has 20 seconds left.\n|\n|t:|1775979145\n|move|p2b: Floette|Moonblast|p1a: Incineroar\n|-damage|p1a: Incineroar|8/100\n|move|p2a: Garchomp|Dragon Claw|p1a: Incineroar\n|-damage|p1a: Incineroar|0 fnt\n|faint|p1a: Incineroar\n|move|p1b: Torkoal|Eruption|p2a: Garchomp|[spread] p2a,p2b\n|-resisted|p2a: Garchomp|1\n|-damage|p2a: Garchomp|32/100\n|-damage|p2b: Floette|29/100\n|\n|upkeep\n|\n|t:|1775979156\n|switch|p1a: Garchomp|Garchomp, L50, M|100/100\n|turn|7\n|\n|t:|1775979169\n|detailschange|p1a: Garchomp|Garchomp-Mega, L50, M\n|-mega|p1a: Garchomp|Garchomp|Garchompite\n|move|p2a: Garchomp|Dragon Claw|p1a: Garchomp\n|-supereffective|p1a: Garchomp|1\n|-damage|p1a: Garchomp|38/100\n|move|p2b: Floette|Moonblast|p1a: Garchomp\n|-supereffective|p1a: Garchomp|1\n|-damage|p1a: Garchomp|0 fnt\n|faint|p1a: Garchomp\n|move|p1b: Torkoal|Ancient Power|p2b: Floette\n|-damage|p2b: Floette|17/100\n|\n|upkeep\n|turn|8\n|\n|t:|1775979188\n|move|p2a: Garchomp|Dragon Claw|p1b: Torkoal\n|-damage|p1b: Torkoal|0 fnt\n|faint|p1b: Torkoal\n|\n|win|lilyflows\n|raw|umnomemuitolegal's rating: 1010 &rarr; <strong>1000</strong><br />(-10 for losing)\n|raw|lilyflows's rating: 1016 &rarr; <strong>1053</strong><br />(+37 for winning)\n|l|\u2606umnomemuitolegal\n|player|p1|\n",
  "uploadtime": 1775979203,
  "views": 12,
  "formatid": "gen9championsvgc2026regma",
  "rating": 1000,
  "private": 0,
  "password": null
}