{
  "id": "gen9championsvgc2026regma-2584183599",
  "format": "[Gen 9 Champions] VGC 2026 Reg M-A",
  "players": [
    "Noobilio",
    "M4tthy"
  ],
  "log": "|j|\u2606Noobilio\n|j|\u2606M4tthy\n|t:|1776235407\n|gametype|doubles\n|player|p1|Noobilio|nurse|1272\n|player|p2|M4tthy|falkner|1211\n|gen|9\n|tier|[Gen 9 Champions] VGC 2026 Reg M-A\n|rated|\n|rule|Species Clause: Limit one of each Pok\u00e9mon\n|rule|Item Clause: Limit 1 of each item\n|clearpoke\n|poke|p1|Hawlucha, L50, F|\n|poke|p1|Floette-Eternal, L50, F|\n|poke|p1|Incineroar, L50, M|\n|poke|p1|Sinistcha, L50|\n|poke|p1|Snorlax, L50, F|\n|poke|p1|Rotom-Wash, L50|\n|poke|p2|Gengar, L50, M|\n|poke|p2|Kommo-o, L50, F|\n|poke|p2|Incineroar, L50, M|\n|poke|p2|Sinistcha, L50|\n|poke|p2|Kingambit, L50, M|\n|poke|p2|Tyranitar, L50, M|\n|teampreview|4\n|\n|t:|1776235460\n|teamsize|p1|4\n|teamsize|p2|4\n|start\n|switch|p1a: Hawlucha|Hawlucha, L50, F, shiny|100/100\n|switch|p1b: Snorlax|Snorlax, L50, F|100/100\n|switch|p2a: Sinistcha|Sinistcha, L50|100/100\n|switch|p2b: Kingambit|Kingambit, L50, M|100/100\n|-ability|p1a: Hawlucha|Mold Breaker\n|turn|1\n|\n|t:|1776235487\n|switch|p2a: Incineroar|Incineroar, L50, M|100/100\n|-ability|p2a: Incineroar|Intimidate|boost\n|-unboost|p1a: Hawlucha|atk|1\n|-unboost|p1b: Snorlax|atk|1\n|detailschange|p1a: Hawlucha|Hawlucha-Mega, L50, F, shiny\n|-mega|p1a: Hawlucha|Hawlucha|Hawluchanite\n|move|p1a: Hawlucha|Entrainment|p1b: Snorlax\n|-ability|p1b: Snorlax|No Guard|Thick Fat|[from] move: Entrainment|[of] p1a: Hawlucha\n|move|p2b: Kingambit|Low Kick|p1b: Snorlax\n|-supereffective|p1b: Snorlax|1\n|-damage|p1b: Snorlax|37/100\n|move|p1b: Snorlax|Fissure|p2a: Incineroar\n|-damage|p2a: Incineroar|0 fnt\n|faint|p2a: Incineroar\n|-ohko\n|\n|-heal|p1b: Snorlax|43/100|[from] item: Leftovers\n|upkeep\n|\n|t:|1776235505\n|switch|p2a: Gengar|Gengar, L50, M, shiny|100/100\n|turn|2\n|\n|t:|1776235512\n|detailschange|p2a: Gengar|Gengar-Mega, L50, M, shiny\n|-mega|p2a: Gengar|Gengar|Gengarite\n|move|p2a: Gengar|Substitute|p2a: Gengar\n|-start|p2a: Gengar|Substitute\n|-damage|p2a: Gengar|76/100\n|move|p1a: Hawlucha|Close Combat|p2b: Kingambit\n|-supereffective|p2b: Kingambit|2\n|-enditem|p2b: Kingambit|Chople Berry|[eat]\n|-enditem|p2b: Kingambit|Chople Berry|[weaken]\n|-damage|p2b: Kingambit|44/100\n|-unboost|p1a: Hawlucha|def|1\n|-unboost|p1a: Hawlucha|spd|1\n|move|p2b: Kingambit|Low Kick|p1b: Snorlax\n|-supereffective|p1b: Snorlax|1\n|-damage|p1b: Snorlax|0 fnt\n|faint|p1b: Snorlax\n|\n|upkeep\n|\n|t:|1776235527\n|switch|p1b: Sinistcha|Sinistcha, L50|100/100\n|turn|3\n|\n|t:|1776235543\n|move|p2b: Kingambit|Protect|p2b: Kingambit\n|-singleturn|p2b: Kingambit|Protect\n|move|p2a: Gengar|Shadow Ball|p1b: Sinistcha\n|-supereffective|p1b: Sinistcha|1\n|-damage|p1b: Sinistcha|15/100\n|-enditem|p1b: Sinistcha|Sitrus Berry|[eat]\n|-heal|p1b: Sinistcha|40/100|[from] item: Sitrus Berry\n|move|p1a: Hawlucha|Brave Bird|p2a: Gengar\n|-end|p2a: Gengar|Substitute\n|-damage|p1a: Hawlucha|93/100|[from] Recoil|[of] p2a: Gengar\n|move|p1b: Sinistcha|Trick Room|p1b: Sinistcha\n|-fieldstart|move: Trick Room|[of] p1b: Sinistcha\n|\n|upkeep\n|turn|4\n|\n|t:|1776235570\n|move|p2b: Kingambit|Iron Head|p1b: Sinistcha\n|-damage|p1b: Sinistcha|0 fnt\n|faint|p1b: Sinistcha\n|move|p1a: Hawlucha|Close Combat|p2b: Kingambit\n|-supereffective|p2b: Kingambit|2\n|-damage|p2b: Kingambit|0 fnt\n|-unboost|p1a: Hawlucha|def|1\n|-unboost|p1a: Hawlucha|spd|1\n|faint|p2b: Kingambit\n|move|p2a: Gengar|Substitute|p2a: Gengar\n|-start|p2a: Gengar|Substitute\n|-damage|p2a: Gengar|51/100\n|\n|upkeep\n|\n|t:|1776235581\n|switch|p2b: Sinistcha|Sinistcha, L50|100/100\n|switch|p1b: Incineroar|Incineroar, L50, M|100/100\n|-ability|p1b: Incineroar|Intimidate|boost\n|-immune|p2a: Gengar\n|-unboost|p2b: Sinistcha|atk|1\n|-heal|p2a: Gengar|76/100|[from] ability: Hospitality|[of] p2b: Sinistcha\n|turn|5\n|\n|t:|1776235603\n|move|p2b: Sinistcha|Protect|p2b: Sinistcha\n|-singleturn|p2b: Sinistcha|Protect\n|move|p1a: Hawlucha|Protect|p1a: Hawlucha\n|-singleturn|p1a: Hawlucha|Protect\n|move|p1b: Incineroar|Darkest Lariat|p2a: Gengar\n|-supereffective|p2a: Gengar|1\n|-end|p2a: Gengar|Substitute\n|move|p2a: Gengar|Shadow Ball|p1a: Hawlucha\n|-activate|p1a: Hawlucha|move: Protect\n|\n|upkeep\n|turn|6\n|\n|t:|1776235621\n|move|p2b: Sinistcha|Rage Powder|p2b: Sinistcha\n|-singleturn|p2b: Sinistcha|move: Rage Powder\n|move|p1b: Incineroar|Darkest Lariat|p2b: Sinistcha\n|-supereffective|p2b: Sinistcha|1\n|-damage|p2b: Sinistcha|45/100\n|-enditem|p2b: Sinistcha|Sitrus Berry|[eat]\n|-heal|p2b: Sinistcha|70/100|[from] item: Sitrus Berry\n|move|p1a: Hawlucha|Brave Bird|p2b: Sinistcha\n|-supereffective|p2b: Sinistcha|1\n|-damage|p2b: Sinistcha|2/100\n|-damage|p1a: Hawlucha|70/100|[from] Recoil\n|move|p2a: Gengar|Shadow Ball|p1a: Hawlucha\n|-damage|p1a: Hawlucha|0 fnt\n|faint|p1a: Hawlucha\n|\n|upkeep\n|turn|7\n|\n|t:|1776235668\n|move|p2a: Gengar|Protect|p2a: Gengar\n|-singleturn|p2a: Gengar|Protect\n|move|p1b: Incineroar|Darkest Lariat|p2a: Gengar\n|-activate|p2a: Gengar|move: Protect\n|move|p2b: Sinistcha|Matcha Gotcha|p1b: Incineroar\n|-resisted|p1b: Incineroar|1\n|-damage|p1b: Incineroar|87/100\n|-heal|p2b: Sinistcha|10/100|[from] drain|[of] p1b: Incineroar\n|\n|-fieldend|move: Trick Room\n|upkeep\n|turn|8\n|\n|t:|1776235691\n|move|p2a: Gengar|Shadow Ball|p1b: Incineroar\n|-resisted|p1b: Incineroar|1\n|-damage|p1b: Incineroar|72/100\n|move|p2b: Sinistcha|Life Dew|p2b: Sinistcha|[spread] p2a,p2b\n|-heal|p2a: Gengar|100/100\n|-heal|p2b: Sinistcha|34/100\n|move|p1b: Incineroar|Darkest Lariat|p2a: Gengar\n|-supereffective|p2a: Gengar|1\n|-damage|p2a: Gengar|14/100\n|\n|upkeep\n|turn|9\n|\n|t:|1776235718\n|move|p2a: Gengar|Protect|p2a: Gengar\n|-singleturn|p2a: Gengar|Protect\n|move|p2b: Sinistcha|Life Dew|p2b: Sinistcha|[spread] p2a,p2b\n|-heal|p2a: Gengar|39/100\n|-heal|p2b: Sinistcha|59/100\n|move|p1b: Incineroar|Darkest Lariat|p2b: Sinistcha\n|-supereffective|p2b: Sinistcha|1\n|-damage|p2b: Sinistcha|0 fnt\n|faint|p2b: Sinistcha\n|\n|upkeep\n|turn|10\n|\n|t:|1776235730\n|move|p2a: Gengar|Shadow Ball|p1b: Incineroar\n|-resisted|p1b: Incineroar|1\n|-crit|p1b: Incineroar\n|-damage|p1b: Incineroar|47/100\n|move|p1b: Incineroar|Darkest Lariat|p2a: Gengar\n|-supereffective|p2a: Gengar|1\n|-damage|p2a: Gengar|0 fnt\n|faint|p2a: Gengar\n|\n|win|Noobilio\n|raw|Noobilio's rating: 1272 &rarr; <strong>1293</strong><br />(+21 for winning)\n|raw|M4tthy's rating: 1211 &rarr; <strong>1190</strong><br />(-21 for losing)\n",
  "uploadtime": 1776235735,
  "views": 28,
  "formatid": "gen9championsvgc2026regma",
  "rating": 1190,
  "private": 0,
  "password": null
}