{
  "id": "gen9championsvgc2026regma-2586174356",
  "format": "[Gen 9 Champions] VGC 2026 Reg M-A",
  "players": [
    "Helloguyslol",
    "siunhanech"
  ],
  "log": "|j|\u2606Helloguyslol\n|j|\u2606siunhanech\n|t:|1776408458\n|gametype|doubles\n|player|p1|Helloguyslol|unknown|1354\n|player|p2|siunhanech|1|1393\n|gen|9\n|tier|[Gen 9 Champions] VGC 2026 Reg M-A\n|rated|\n|rule|Species Clause: Limit one of each Pok\u00e9mon\n|rule|Item Clause: Limit 1 of each item\n|clearpoke\n|poke|p1|Gengar, L50, F|\n|poke|p1|Incineroar, L50, F|\n|poke|p1|Sinistcha, L50|\n|poke|p1|Hydreigon, L50, F|\n|poke|p1|Excadrill, L50, M|\n|poke|p1|Tyranitar, L50, F|\n|poke|p2|Blastoise, L50, F|\n|poke|p2|Sableye, L50, F|\n|poke|p2|Sneasler, L50, F|\n|poke|p2|Sinistcha, L50|\n|poke|p2|Rotom-Wash, L50|\n|poke|p2|Espathra, L50, M|\n|teampreview|4\n|inactive|Battle timer is ON: inactive players will automatically lose when time's up. (requested by Helloguyslol)\n|inactive|siunhanech has 60 seconds left.\n|\n|t:|1776408497\n|teamsize|p1|4\n|teamsize|p2|4\n|start\n|switch|p1a: Excadrill|Excadrill, L50, M|100/100\n|switch|p1b: Sinistcha|Sinistcha, L50|100/100\n|switch|p2a: Tr\u00e0 t\u1eeb tay|Sinistcha, L50|100/100\n|switch|p2b: B\u1eafn t\u00f9m lum|Blastoise, L50, F|100/100\n|turn|1\n|\n|t:|1776408512\n|detailschange|p2b: B\u1eafn t\u00f9m lum|Blastoise-Mega, L50, F\n|-mega|p2b: B\u1eafn t\u00f9m lum|Blastoise|Blastoisinite\n|move|p1a: Excadrill|Earthquake|p2a: Tr\u00e0 t\u1eeb tay|[spread] p1b,p2a,p2b\n|-resisted|p1b: Sinistcha|1\n|-resisted|p2a: Tr\u00e0 t\u1eeb tay|1\n|-damage|p1b: Sinistcha|81/100\n|-damage|p2a: Tr\u00e0 t\u1eeb tay|80/100\n|-damage|p2b: B\u1eafn t\u00f9m lum|63/100\n|move|p2b: B\u1eafn t\u00f9m lum|Ice Beam|p1b: Sinistcha\n|-supereffective|p1b: Sinistcha|1\n|-damage|p1b: Sinistcha|24/100\n|move|p1b: Sinistcha|Matcha Gotcha|p2b: B\u1eafn t\u00f9m lum|[spread] p2a,p2b\n|-resisted|p2a: Tr\u00e0 t\u1eeb tay|1\n|-supereffective|p2b: B\u1eafn t\u00f9m lum|1\n|-damage|p2a: Tr\u00e0 t\u1eeb tay|70/100\n|-heal|p1b: Sinistcha|29/100|[from] drain|[of] p2a: Tr\u00e0 t\u1eeb tay\n|-damage|p2b: B\u1eafn t\u00f9m lum|17/100\n|-heal|p1b: Sinistcha|53/100|[from] drain|[of] p2b: B\u1eafn t\u00f9m lum\n|-status|p2a: Tr\u00e0 t\u1eeb tay|brn\n|-status|p2b: B\u1eafn t\u00f9m lum|brn\n|move|p2a: Tr\u00e0 t\u1eeb tay|Matcha Gotcha|p1b: Sinistcha|[spread] p1a,p1b\n|-resisted|p1b: Sinistcha|1\n|-damage|p1a: Excadrill|68/100\n|-heal|p2a: Tr\u00e0 t\u1eeb tay|86/100 brn|[from] drain|[of] p1a: Excadrill\n|-damage|p1b: Sinistcha|43/100\n|-heal|p2a: Tr\u00e0 t\u1eeb tay|92/100 brn|[from] drain|[of] p1b: Sinistcha\n|\n|-heal|p1b: Sinistcha|49/100|[from] item: Leftovers\n|-damage|p2b: B\u1eafn t\u00f9m lum|11/100 brn|[from] brn\n|-damage|p2a: Tr\u00e0 t\u1eeb tay|85/100 brn|[from] brn\n|upkeep\n|turn|2\n|inactive|Helloguyslol has 30 seconds left.\n|\n|t:|1776408546\n|switch|p2b: M\u00e1y gi\u1eb7t|Rotom-Wash, L50|100/100\n|move|p1a: Excadrill|Earthquake|p2b: M\u00e1y gi\u1eb7t|[spread] p1b,p2a\n|-immune|p2b: M\u00e1y gi\u1eb7t|[from] ability: Levitate\n|-resisted|p1b: Sinistcha|1\n|-resisted|p2a: Tr\u00e0 t\u1eeb tay|1\n|-damage|p1b: Sinistcha|27/100\n|-damage|p2a: Tr\u00e0 t\u1eeb tay|66/100 brn\n|move|p1b: Sinistcha|Life Dew|p1b: Sinistcha|[spread] p1a,p1b\n|-heal|p1a: Excadrill|94/100\n|-heal|p1b: Sinistcha|52/100\n|move|p2a: Tr\u00e0 t\u1eeb tay|Matcha Gotcha|p1a: Excadrill|[spread] p1a,p1b\n|-crit|p1a: Excadrill\n|-resisted|p1b: Sinistcha|1\n|-damage|p1a: Excadrill|47/100\n|-heal|p2a: Tr\u00e0 t\u1eeb tay|91/100 brn|[from] drain|[of] p1a: Excadrill\n|-damage|p1b: Sinistcha|42/100\n|-heal|p2a: Tr\u00e0 t\u1eeb tay|96/100 brn|[from] drain|[of] p1b: Sinistcha\n|-status|p1a: Excadrill|brn\n|\n|-heal|p1b: Sinistcha|48/100|[from] item: Leftovers\n|-damage|p1a: Excadrill|41/100 brn|[from] brn\n|-damage|p2a: Tr\u00e0 t\u1eeb tay|90/100 brn|[from] brn\n|upkeep\n|turn|3\n|\n|t:|1776408564\n|move|p1a: Excadrill|Rock Slide|p2b: M\u00e1y gi\u1eb7t|[spread] p2a,p2b\n|-damage|p2a: Tr\u00e0 t\u1eeb tay|80/100 brn\n|-damage|p2b: M\u00e1y gi\u1eb7t|89/100\n|move|p2b: M\u00e1y gi\u1eb7t|Volt Switch|p1b: Sinistcha\n|-resisted|p1b: Sinistcha|1\n|-crit|p1b: Sinistcha\n|-damage|p1b: Sinistcha|32/100\n|\n|t:|1776408568\n|switch|p2b: Ch\u1ed3n l\u00f9i|Sneasler, L50, F|100/100|[from] Volt Switch\n|move|p1b: Sinistcha|Matcha Gotcha|p2a: Tr\u00e0 t\u1eeb tay|[spread] p2a,p2b\n|-resisted|p2a: Tr\u00e0 t\u1eeb tay|1\n|-resisted|p2b: Ch\u1ed3n l\u00f9i|1\n|-damage|p2a: Tr\u00e0 t\u1eeb tay|70/100 brn\n|-heal|p1b: Sinistcha|37/100|[from] drain|[of] p2a: Tr\u00e0 t\u1eeb tay\n|-damage|p2b: Ch\u1ed3n l\u00f9i|83/100\n|-heal|p1b: Sinistcha|45/100|[from] drain|[of] p2b: Ch\u1ed3n l\u00f9i\n|-status|p2b: Ch\u1ed3n l\u00f9i|brn\n|move|p2a: Tr\u00e0 t\u1eeb tay|Matcha Gotcha|p1b: Sinistcha|[spread] p1a,p1b\n|-resisted|p1b: Sinistcha|1\n|-damage|p1a: Excadrill|11/100 brn\n|-heal|p2a: Tr\u00e0 t\u1eeb tay|86/100 brn|[from] drain|[of] p1a: Excadrill\n|-damage|p1b: Sinistcha|36/100\n|-heal|p2a: Tr\u00e0 t\u1eeb tay|90/100 brn|[from] drain|[of] p1b: Sinistcha\n|\n|-heal|p1b: Sinistcha|42/100|[from] item: Leftovers\n|-damage|p2b: Ch\u1ed3n l\u00f9i|78/100 brn|[from] brn\n|-damage|p1a: Excadrill|5/100 brn|[from] brn\n|-damage|p2a: Tr\u00e0 t\u1eeb tay|84/100 brn|[from] brn\n|upkeep\n|turn|4\n|c|\u2606siunhanech|why it burn 3 times ?\n|inactive|siunhanech has 30 seconds left.\n|\n|t:|1776408600\n|switch|p1a: Incineroar|Incineroar, L50, F|100/100\n|-ability|p1a: Incineroar|Intimidate|boost\n|-unboost|p2a: Tr\u00e0 t\u1eeb tay|atk|1\n|-unboost|p2b: Ch\u1ed3n l\u00f9i|atk|1\n|-enditem|p2b: Ch\u1ed3n l\u00f9i|White Herb\n|-clearnegativeboost|p2b: Ch\u1ed3n l\u00f9i|[silent]\n|move|p1b: Sinistcha|Protect|p1b: Sinistcha\n|-singleturn|p1b: Sinistcha|Protect\n|move|p2b: Ch\u1ed3n l\u00f9i|Fake Out|p1a: Incineroar\n|-damage|p1a: Incineroar|93/100\n|move|p2a: Tr\u00e0 t\u1eeb tay|Life Dew|p2a: Tr\u00e0 t\u1eeb tay|[spread] p2a,p2b\n|-heal|p2a: Tr\u00e0 t\u1eeb tay|100/100 brn\n|-heal|p2b: Ch\u1ed3n l\u00f9i|100/100 brn\n|\n|-heal|p1b: Sinistcha|48/100|[from] item: Leftovers\n|-damage|p2b: Ch\u1ed3n l\u00f9i|95/100 brn|[from] brn\n|-damage|p2a: Tr\u00e0 t\u1eeb tay|94/100 brn|[from] brn\n|upkeep\n|turn|5\n|c|\u2606Helloguyslol|fr lil\n|c|\u2606Helloguyslol|*lol\n|inactive|siunhanech has 30 seconds left.\n|\n|t:|1776408628\n|move|p1a: Incineroar|Fake Out|p2b: Ch\u1ed3n l\u00f9i\n|-damage|p2b: Ch\u1ed3n l\u00f9i|77/100 brn\n|cant|p2b: Ch\u1ed3n l\u00f9i|flinch\n|move|p1b: Sinistcha|Life Dew|p1b: Sinistcha|[spread] p1a,p1b\n|-heal|p1a: Incineroar|100/100\n|-heal|p1b: Sinistcha|74/100\n|move|p2a: Tr\u00e0 t\u1eeb tay|Life Dew|p2a: Tr\u00e0 t\u1eeb tay|[spread] p2a,p2b\n|-heal|p2a: Tr\u00e0 t\u1eeb tay|100/100 brn\n|-heal|p2b: Ch\u1ed3n l\u00f9i|100/100 brn\n|\n|-heal|p1b: Sinistcha|80/100|[from] item: Leftovers\n|-damage|p2b: Ch\u1ed3n l\u00f9i|95/100 brn|[from] brn\n|-damage|p2a: Tr\u00e0 t\u1eeb tay|94/100 brn|[from] brn\n|upkeep\n|turn|6\n|\n|t:|1776408644\n|move|p1b: Sinistcha|Rage Powder|p1b: Sinistcha\n|-singleturn|p1b: Sinistcha|move: Rage Powder\n|move|p2b: Ch\u1ed3n l\u00f9i|Close Combat|p1b: Sinistcha\n|-immune|p1b: Sinistcha\n|move|p2a: Tr\u00e0 t\u1eeb tay|Life Dew|p2a: Tr\u00e0 t\u1eeb tay|[spread] p2a,p2b\n|-heal|p2a: Tr\u00e0 t\u1eeb tay|100/100 brn\n|-heal|p2b: Ch\u1ed3n l\u00f9i|100/100 brn\n|move|p1a: Incineroar|Parting Shot|p2b: Ch\u1ed3n l\u00f9i\n|-unboost|p2b: Ch\u1ed3n l\u00f9i|atk|1\n|-unboost|p2b: Ch\u1ed3n l\u00f9i|spa|1\n|\n|t:|1776408655\n|switch|p1a: Tyranitar|Tyranitar, L50, F|100/100|[from] Parting Shot\n|-weather|Sandstorm|[from] ability: Sand Stream|[of] p1a: Tyranitar\n|\n|-weather|Sandstorm|[upkeep]\n|-damage|p2b: Ch\u1ed3n l\u00f9i|95/100 brn|[from] Sandstorm\n|-damage|p1b: Sinistcha|74/100|[from] Sandstorm\n|-damage|p2a: Tr\u00e0 t\u1eeb tay|94/100 brn|[from] Sandstorm\n|-heal|p1b: Sinistcha|80/100|[from] item: Leftovers\n|-damage|p2b: Ch\u1ed3n l\u00f9i|89/100 brn|[from] brn\n|-damage|p2a: Tr\u00e0 t\u1eeb tay|88/100 brn|[from] brn\n|upkeep\n|turn|7\n|\n|t:|1776408664\n|switch|p2b: M\u00e1y gi\u1eb7t|Rotom-Wash, L50|89/100\n|detailschange|p1a: Tyranitar|Tyranitar-Mega, L50, F\n|-mega|p1a: Tyranitar|Tyranitar|Tyranitarite\n|move|p1b: Sinistcha|Rage Powder|p1b: Sinistcha\n|-singleturn|p1b: Sinistcha|move: Rage Powder\n|move|p1a: Tyranitar|Knock Off|p2a: Tr\u00e0 t\u1eeb tay\n|-supereffective|p2a: Tr\u00e0 t\u1eeb tay|1\n|-damage|p2a: Tr\u00e0 t\u1eeb tay|0 fnt\n|-enditem|p2a: Tr\u00e0 t\u1eeb tay|Sitrus Berry|[from] move: Knock Off|[of] p1a: Tyranitar\n|faint|p2a: Tr\u00e0 t\u1eeb tay\n|\n|-weather|Sandstorm|[upkeep]\n|-damage|p2b: M\u00e1y gi\u1eb7t|83/100|[from] Sandstorm\n|-damage|p1b: Sinistcha|74/100|[from] Sandstorm\n|-heal|p2b: M\u00e1y gi\u1eb7t|89/100|[from] item: Leftovers\n|-heal|p1b: Sinistcha|80/100|[from] item: Leftovers\n|upkeep\n|\n|t:|1776408675\n|switch|p2a: B\u1eafn t\u00f9m lum|Blastoise-Mega, L50, F|11/100 brn\n|turn|8\n|\n|t:|1776408689\n|move|p1b: Sinistcha|Rage Powder|p1b: Sinistcha\n|-singleturn|p1b: Sinistcha|move: Rage Powder\n|move|p2b: M\u00e1y gi\u1eb7t|Will-O-Wisp|p1b: Sinistcha\n|-status|p1b: Sinistcha|brn\n|move|p2a: B\u1eafn t\u00f9m lum|Ice Beam|p1b: Sinistcha\n|-supereffective|p1b: Sinistcha|1\n|-damage|p1b: Sinistcha|18/100 brn\n|move|p1a: Tyranitar|Rock Slide|p2b: M\u00e1y gi\u1eb7t|[spread] p2a,p2b\n|-damage|p2a: B\u1eafn t\u00f9m lum|0 fnt\n|-damage|p2b: M\u00e1y gi\u1eb7t|51/100\n|faint|p2a: B\u1eafn t\u00f9m lum\n|\n|-weather|Sandstorm|[upkeep]\n|-damage|p2b: M\u00e1y gi\u1eb7t|45/100|[from] Sandstorm\n|-damage|p1b: Sinistcha|12/100 brn|[from] Sandstorm\n|-heal|p2b: M\u00e1y gi\u1eb7t|51/100|[from] item: Leftovers\n|-heal|p1b: Sinistcha|18/100 brn|[from] item: Leftovers\n|-damage|p1b: Sinistcha|12/100 brn|[from] brn\n|upkeep\n|\n|t:|1776408694\n|switch|p2a: Ch\u1ed3n l\u00f9i|Sneasler, L50, F|89/100 brn\n|turn|9\n|\n|t:|1776408712\n|move|p2a: Ch\u1ed3n l\u00f9i|Fake Out|p1a: Tyranitar\n|-resisted|p1a: Tyranitar|1\n|-crit|p1a: Tyranitar\n|-damage|p1a: Tyranitar|98/100\n|move|p2b: M\u00e1y gi\u1eb7t|Volt Switch|p1b: Sinistcha\n|-resisted|p1b: Sinistcha|1\n|-damage|p1b: Sinistcha|2/100 brn\n|cant|p1a: Tyranitar|flinch\n|move|p1b: Sinistcha|Life Dew|p1b: Sinistcha|[spread] p1a,p1b\n|-heal|p1a: Tyranitar|100/100\n|-heal|p1b: Sinistcha|27/100 brn\n|\n|-weather|Sandstorm|[upkeep]\n|-damage|p2a: Ch\u1ed3n l\u00f9i|83/100 brn|[from] Sandstorm\n|-damage|p2b: M\u00e1y gi\u1eb7t|45/100|[from] Sandstorm\n|-damage|p1b: Sinistcha|21/100 brn|[from] Sandstorm\n|-heal|p2b: M\u00e1y gi\u1eb7t|51/100|[from] item: Leftovers\n|-heal|p1b: Sinistcha|27/100 brn|[from] item: Leftovers\n|-damage|p2a: Ch\u1ed3n l\u00f9i|78/100 brn|[from] brn\n|-damage|p1b: Sinistcha|21/100 brn|[from] brn\n|upkeep\n|turn|10\n|\n|t:|1776408731\n|move|p1b: Sinistcha|Rage Powder|p1b: Sinistcha\n|-singleturn|p1b: Sinistcha|move: Rage Powder\n|move|p2a: Ch\u1ed3n l\u00f9i|Dire Claw|p1b: Sinistcha\n|-damage|p1b: Sinistcha|0 fnt\n|faint|p1b: Sinistcha\n|move|p2b: M\u00e1y gi\u1eb7t|Will-O-Wisp|p1a: Tyranitar\n|-status|p1a: Tyranitar|brn\n|move|p1a: Tyranitar|Knock Off|p2b: M\u00e1y gi\u1eb7t\n|-damage|p2b: M\u00e1y gi\u1eb7t|16/100\n|-enditem|p2b: M\u00e1y gi\u1eb7t|Leftovers|[from] move: Knock Off|[of] p1a: Tyranitar\n|\n|-weather|none\n|-damage|p2a: Ch\u1ed3n l\u00f9i|72/100 brn|[from] brn\n|-damage|p1a: Tyranitar|95/100 brn|[from] brn\n|upkeep\n|\n|t:|1776408739\n|switch|p1b: Incineroar|Incineroar, L50, F|100/100\n|-ability|p1b: Incineroar|Intimidate|boost\n|-unboost|p2a: Ch\u1ed3n l\u00f9i|atk|1\n|-unboost|p2b: M\u00e1y gi\u1eb7t|atk|1\n|turn|11\n|\n|t:|1776408752\n|move|p1b: Incineroar|Fake Out|p2a: Ch\u1ed3n l\u00f9i\n|-damage|p2a: Ch\u1ed3n l\u00f9i|55/100 brn\n|cant|p2a: Ch\u1ed3n l\u00f9i|flinch\n|move|p2b: M\u00e1y gi\u1eb7t|Electroweb|p1a: Tyranitar|[spread] p1a,p1b\n|-damage|p1a: Tyranitar|83/100 brn\n|-damage|p1b: Incineroar|90/100\n|-unboost|p1a: Tyranitar|spe|1\n|-unboost|p1b: Incineroar|spe|1\n|move|p1a: Tyranitar|Knock Off|p2b: M\u00e1y gi\u1eb7t\n|-damage|p2b: M\u00e1y gi\u1eb7t|0 fnt\n|faint|p2b: M\u00e1y gi\u1eb7t\n|\n|-damage|p2a: Ch\u1ed3n l\u00f9i|50/100 brn|[from] brn\n|-damage|p1a: Tyranitar|77/100 brn|[from] brn\n|upkeep\n|turn|12\n|\n|t:|1776408770\n|switch|p1b: Excadrill|Excadrill, L50, M|5/100 brn\n|move|p2a: Ch\u1ed3n l\u00f9i|Close Combat|p1a: Tyranitar\n|-supereffective|p1a: Tyranitar|2\n|-damage|p1a: Tyranitar|25/100 brn\n|-unboost|p2a: Ch\u1ed3n l\u00f9i|def|1\n|-unboost|p2a: Ch\u1ed3n l\u00f9i|spd|1\n|move|p1a: Tyranitar|Rock Slide|p2a: Ch\u1ed3n l\u00f9i\n|-resisted|p2a: Ch\u1ed3n l\u00f9i|1\n|-damage|p2a: Ch\u1ed3n l\u00f9i|17/100 brn\n|\n|-damage|p2a: Ch\u1ed3n l\u00f9i|11/100 brn|[from] brn\n|-damage|p1b: Excadrill|0 fnt|[from] brn\n|faint|p1b: Excadrill\n|-damage|p1a: Tyranitar|19/100 brn|[from] brn\n|upkeep\n|\n|t:|1776408776\n|switch|p1b: Incineroar|Incineroar, L50, F|90/100\n|-ability|p1b: Incineroar|Intimidate|boost\n|-unboost|p2a: Ch\u1ed3n l\u00f9i|atk|1\n|turn|13\n|-message|siunhanech forfeited.\n|\n|win|Helloguyslol\n|raw|Helloguyslol's rating: 1354 &rarr; <strong>1376</strong><br />(+22 for winning)\n|raw|siunhanech's rating: 1393 &rarr; <strong>1371</strong><br />(-22 for losing)\n|l|\u2606siunhanech\n|player|p2|\n|l|\u2606Helloguyslol\n|player|p1|\n|j|\u2606Helloguyslol\n|player|p1|Helloguyslol|unknown|\n",
  "uploadtime": 1776409190,
  "views": 32,
  "formatid": "gen9championsvgc2026regma",
  "rating": 1371,
  "private": 0,
  "password": null
}