{
  "id": "gen9championsvgc2026regma-2584287385",
  "format": "[Gen 9 Champions] VGC 2026 Reg M-A",
  "players": [
    "lato_18",
    "calamella"
  ],
  "log": "|j|\u2606lato_18\n|j|\u2606calamella\n|t:|1776247352\n|gametype|doubles\n|player|p1|lato_18|2|1217\n|player|p2|calamella|li|1263\n|gen|9\n|tier|[Gen 9 Champions] VGC 2026 Reg M-A\n|rated|\n|rule|Species Clause: Limit one of each Pok\u00e9mon\n|rule|Item Clause: Limit 1 of each item\n|clearpoke\n|poke|p1|Froslass, L50, F|\n|poke|p1|Sneasler, L50, M|\n|poke|p1|Kleavor, L50, F|\n|poke|p1|Glaceon, L50, F|\n|poke|p1|Volcarona, L50, M|\n|poke|p1|Goodra-Hisui, L50, F|\n|poke|p2|Glimmora, L50, F|\n|poke|p2|Whimsicott, L50, F|\n|poke|p2|Ninetales-Alola, L50, F|\n|poke|p2|Kommo-o, L50, M|\n|poke|p2|Basculegion, L50, M|\n|poke|p2|Sneasler, L50, M|\n|teampreview|4\n|\n|t:|1776247408\n|teamsize|p1|4\n|teamsize|p2|4\n|start\n|switch|p1a: Sneasler|Sneasler, L50, M|100/100\n|switch|p1b: Kleavor|Kleavor, L50, F|100/100\n|switch|p2a: Glimmora|Glimmora, L50, F|100/100\n|switch|p2b: Whimsicott|Whimsicott, L50, F|100/100\n|turn|1\n|\n|t:|1776247453\n|move|p2b: Whimsicott|Protect|p2b: Whimsicott\n|-singleturn|p2b: Whimsicott|Protect\n|move|p2a: Glimmora|Protect|p2a: Glimmora\n|-singleturn|p2a: Glimmora|Protect\n|move|p1a: Sneasler|Close Combat|p2a: Glimmora\n|-activate|p2a: Glimmora|move: Protect\n|move|p1b: Kleavor|X-Scissor|p2b: Whimsicott\n|-activate|p2b: Whimsicott|move: Protect\n|\n|upkeep\n|turn|2\n|\n|t:|1776247472\n|detailschange|p2a: Glimmora|Glimmora-Mega, L50, F\n|-mega|p2a: Glimmora|Glimmora|Glimmoranite\n|move|p2b: Whimsicott|Tailwind|p2b: Whimsicott\n|-sidestart|p2: calamella|move: Tailwind\n|move|p2a: Glimmora|Earth Power|p1a: Sneasler\n|-supereffective|p1a: Sneasler|1\n|-damage|p1a: Sneasler|1/100\n|move|p1a: Sneasler|Close Combat|p2a: Glimmora\n|-damage|p2a: Glimmora|34/100\n|-unboost|p1a: Sneasler|def|1\n|-unboost|p1a: Sneasler|spd|1\n|-enditem|p1a: Sneasler|White Herb\n|-clearnegativeboost|p1a: Sneasler|[silent]\n|move|p1b: Kleavor|X-Scissor|p2b: Whimsicott\n|-damage|p2b: Whimsicott|16/100\n|\n|upkeep\n|turn|3\n|\n|t:|1776247495\n|move|p1a: Sneasler|Protect|p1a: Sneasler\n|-singleturn|p1a: Sneasler|Protect\n|move|p1b: Kleavor|Protect|p1b: Kleavor\n|-singleturn|p1b: Kleavor|Protect\n|move|p2b: Whimsicott|Moonblast|p1a: Sneasler\n|-activate|p1a: Sneasler|move: Protect\n|move|p2a: Glimmora|Power Gem|p1b: Kleavor\n|-activate|p1b: Kleavor|move: Protect\n|\n|upkeep\n|turn|4\n|\n|t:|1776247515\n|switch|p1a: Goodra|Goodra-Hisui, L50, F|100/100\n|move|p2b: Whimsicott|Moonblast|p1a: Goodra\n|-damage|p1a: Goodra|82/100\n|move|p2a: Glimmora|Power Gem|p1b: Kleavor\n|-supereffective|p1b: Kleavor|1\n|-enditem|p1b: Kleavor|Focus Sash\n|-damage|p1b: Kleavor|1/100\n|move|p1b: Kleavor|X-Scissor|p2b: Whimsicott\n|-damage|p2b: Whimsicott|0 fnt\n|faint|p2b: Whimsicott\n|\n|-heal|p1a: Goodra|88/100|[from] item: Leftovers\n|upkeep\n|\n|t:|1776247538\n|switch|p2b: Sneasler|Sneasler, L50, M|100/100\n|-ability|p2b: Sneasler|Pressure\n|turn|5\n|\n|t:|1776247555\n|move|p1b: Kleavor|Protect|p1b: Kleavor\n|-singleturn|p1b: Kleavor|Protect\n|move|p2b: Sneasler|Close Combat|p1a: Goodra\n|-supereffective|p1a: Goodra|1\n|-damage|p1a: Goodra|0 fnt\n|-unboost|p2b: Sneasler|def|1\n|-unboost|p2b: Sneasler|spd|1\n|faint|p1a: Goodra\n|-enditem|p2b: Sneasler|White Herb\n|-clearnegativeboost|p2b: Sneasler|[silent]\n|move|p2a: Glimmora|Power Gem|p1b: Kleavor\n|-activate|p1b: Kleavor|move: Protect\n|\n|-sideend|p2: calamella|move: Tailwind\n|upkeep\n|\n|t:|1776247561\n|switch|p1a: Froslass|Froslass, L50, F|100/100\n|turn|6\n|\n|t:|1776247571\n|detailschange|p1a: Froslass|Froslass-Mega, L50, F\n|-mega|p1a: Froslass|Froslass|Froslassite\n|-weather|Snowscape|[from] ability: Snow Warning|[of] p1a: Froslass\n|move|p1a: Froslass|Blizzard|p2b: Sneasler|[spread] p2a,p2b\n|-damage|p2a: Glimmora|0 fnt\n|-damage|p2b: Sneasler|39/100\n|faint|p2a: Glimmora\n|move|p2b: Sneasler|Dire Claw|p1b: Kleavor\n|-resisted|p1b: Kleavor|1\n|-damage|p1b: Kleavor|0 fnt\n|faint|p1b: Kleavor\n|\n|-weather|Snowscape|[upkeep]\n|upkeep\n|\n|t:|1776247582\n|switch|p2a: Basculegion|Basculegion, L50, M|100/100\n|switch|p1b: Sneasler|Sneasler, L50, M|1/100\n|turn|7\n|\n|t:|1776247596\n|move|p1a: Froslass|Protect|p1a: Froslass\n|-singleturn|p1a: Froslass|Protect\n|move|p2a: Basculegion|Last Respects|p1a: Froslass\n|-activate|p1a: Froslass|move: Protect\n|move|p1b: Sneasler|Close Combat|p2b: Sneasler\n|-resisted|p2b: Sneasler|1\n|-damage|p2b: Sneasler|0 fnt\n|-unboost|p1b: Sneasler|def|1\n|-unboost|p1b: Sneasler|spd|1\n|faint|p2b: Sneasler\n|\n|-weather|Snowscape|[upkeep]\n|upkeep\n|turn|8\n|\n|t:|1776247610\n|move|p2a: Basculegion|Last Respects|p1a: Froslass\n|-supereffective|p1a: Froslass|1\n|-damage|p1a: Froslass|0 fnt\n|faint|p1a: Froslass\n|move|p1b: Sneasler|Dire Claw|p2a: Basculegion\n|-resisted|p2a: Basculegion|1\n|-damage|p2a: Basculegion|74/100\n|\n|-weather|Snowscape|[upkeep]\n|upkeep\n|turn|9\n|-message|lato_18 forfeited.\n|\n|win|calamella\n|raw|lato_18's rating: 1217 &rarr; <strong>1195</strong><br />(-22 for losing)\n|raw|calamella's rating: 1263 &rarr; <strong>1285</strong><br />(+22 for winning)\n|l|\u2606lato_18\n|player|p1|\n",
  "uploadtime": 1776247622,
  "views": 23,
  "formatid": "gen9championsvgc2026regma",
  "rating": 1195,
  "private": 0,
  "password": null
}