{
  "id": "gen9championsvgc2026regma-2588884103",
  "format": "[Gen 9 Champions] VGC 2026 Reg M-A",
  "players": [
    "Samsalt6363",
    "naviapie32"
  ],
  "log": "|j|\u2606Samsalt6363\n|j|\u2606naviapie32\n|t:|1776682221\n|gametype|doubles\n|player|p1|Samsalt6363|266|1144\n|player|p2|naviapie32|169|1135\n|gen|9\n|tier|[Gen 9 Champions] VGC 2026 Reg M-A\n|rated|\n|rule|Species Clause: Limit one of each Pok\u00e9mon\n|rule|Item Clause: Limit 1 of each item\n|clearpoke\n|poke|p1|Charizard, L50, M|\n|poke|p1|Venusaur, L50, M|\n|poke|p1|Aerodactyl, L50, M|\n|poke|p1|Rotom-Wash, L50|\n|poke|p1|Conkeldurr, L50, M|\n|poke|p1|Gardevoir, L50, F|\n|poke|p2|Aggron, L50, M|\n|poke|p2|Umbreon, L50, F|\n|poke|p2|Incineroar, L50, F|\n|poke|p2|Slowbro, L50, M|\n|poke|p2|Aerodactyl, L50, M|\n|poke|p2|Sinistcha-Masterpiece, L50|\n|teampreview|4\n|inactive|Battle timer is ON: inactive players will automatically lose when time's up. (requested by naviapie32)\n|\n|t:|1776682272\n|teamsize|p1|4\n|teamsize|p2|4\n|start\n|switch|p1a: Gardevoir|Gardevoir, L50, F|100/100\n|switch|p1b: Conkeldurr|Conkeldurr, L50, M|100/100\n|switch|p2a: Aerodactyl|Aerodactyl, L50, M|100/100\n|switch|p2b: Incineroar|Incineroar, L50, F|100/100\n|-ability|p2a: Aerodactyl|Unnerve\n|-ability|p2b: Incineroar|Intimidate|boost\n|-unboost|p1a: Gardevoir|atk|1\n|-unboost|p1b: Conkeldurr|atk|1\n|turn|1\n|inactive|naviapie32 has 30 seconds left.\n|\n|t:|1776682303\n|move|p1a: Gardevoir|Protect|p1a: Gardevoir\n|-singleturn|p1a: Gardevoir|Protect\n|move|p2b: Incineroar|Fake Out|p1b: Conkeldurr\n|-damage|p1b: Conkeldurr|91/100\n|move|p2a: Aerodactyl|Tailwind|p2a: Aerodactyl\n|-sidestart|p2: naviapie32|move: Tailwind\n|cant|p1b: Conkeldurr|flinch\n|\n|upkeep\n|turn|2\n|\n|t:|1776682315\n|move|p1b: Conkeldurr|Protect|p1b: Conkeldurr\n|-singleturn|p1b: Conkeldurr|Protect\n|move|p2a: Aerodactyl|Dual Wingbeat|p1b: Conkeldurr\n|-activate|p1b: Conkeldurr|move: Protect\n|move|p2b: Incineroar|Flare Blitz|p1a: Gardevoir\n|-damage|p1a: Gardevoir|57/100\n|-damage|p2b: Incineroar|88/100|[from] Recoil\n|move|p1a: Gardevoir|Trick Room|p1a: Gardevoir\n|-fieldstart|move: Trick Room|[of] p1a: Gardevoir\n|\n|upkeep\n|turn|3\n|inactive|Samsalt6363 has 30 seconds left.\n|\n|t:|1776682342\n|switch|p2b: Slowbro|Slowbro, L50, M|100/100\n|move|p2a: Aerodactyl|Protect|p2a: Aerodactyl\n|-singleturn|p2a: Aerodactyl|Protect\n|move|p1b: Conkeldurr|Drain Punch|p2b: Slowbro\n|-resisted|p2b: Slowbro|1\n|-damage|p2b: Slowbro|86/100\n|-heal|p1b: Conkeldurr|98/100|[from] drain|[of] p2b: Slowbro\n|move|p1a: Gardevoir|Moonblast|p2a: Aerodactyl\n|-activate|p2a: Aerodactyl|move: Protect\n|\n|upkeep\n|turn|4\n|\n|t:|1776682358\n|move|p1b: Conkeldurr|Knock Off|p2b: Slowbro\n|-supereffective|p2b: Slowbro|1\n|-damage|p2b: Slowbro|49/100\n|-enditem|p2b: Slowbro|Mental Herb|[from] move: Knock Off|[of] p1b: Conkeldurr\n|move|p1a: Gardevoir|Moonblast|p2b: Slowbro\n|-damage|p2b: Slowbro|19/100\n|move|p2b: Slowbro|Substitute|p2b: Slowbro\n|-fail|p2b: Slowbro|move: Substitute|[weak]\n|move|p2a: Aerodactyl|Dual Wingbeat|p1b: Conkeldurr\n|-supereffective|p1b: Conkeldurr|1\n|-damage|p1b: Conkeldurr|68/100\n|-supereffective|p1b: Conkeldurr|1\n|-damage|p1b: Conkeldurr|38/100\n|-hitcount|p1b: Conkeldurr|2\n|\n|-sideend|p2: naviapie32|move: Tailwind\n|upkeep\n|turn|5\n|\n|t:|1776682379\n|switch|p2b: Incineroar|Incineroar, L50, F|88/100\n|-ability|p2b: Incineroar|Intimidate|boost\n|-unboost|p1a: Gardevoir|atk|1\n|-unboost|p1b: Conkeldurr|atk|1\n|move|p1b: Conkeldurr|Ice Punch|p2a: Aerodactyl\n|-supereffective|p2a: Aerodactyl|1\n|-damage|p2a: Aerodactyl|38/100\n|-status|p2a: Aerodactyl|frz\n|move|p1a: Gardevoir|Moonblast|p2b: Incineroar\n|-damage|p2b: Incineroar|54/100\n|cant|p2a: Aerodactyl|frz\n|\n|upkeep\n|turn|6\n|inactive|Samsalt6363 has 30 seconds left.\n|\n|t:|1776682405\n|cant|p2a: Aerodactyl|frz\n|move|p1b: Conkeldurr|Drain Punch|p2b: Incineroar\n|-supereffective|p2b: Incineroar|1\n|-damage|p2b: Incineroar|5/100\n|-heal|p1b: Conkeldurr|62/100|[from] drain|[of] p2b: Incineroar\n|-enditem|p2b: Incineroar|Sitrus Berry|[eat]\n|-heal|p2b: Incineroar|30/100|[from] item: Sitrus Berry\n|move|p2b: Incineroar|Flare Blitz|p1b: Conkeldurr\n|-damage|p1b: Conkeldurr|21/100\n|-damage|p2b: Incineroar|16/100|[from] Recoil\n|move|p1a: Gardevoir|Moonblast|p2a: Aerodactyl\n|-damage|p2a: Aerodactyl|0 fnt\n|faint|p2a: Aerodactyl\n|\n|-fieldend|move: Trick Room\n|upkeep\n|\n|t:|1776682411\n|switch|p2a: Slowbro|Slowbro, L50, M|52/100\n|turn|7\n|\n|t:|1776682429\n|move|p2a: Slowbro|Protect|p2a: Slowbro\n|-singleturn|p2a: Slowbro|Protect\n|move|p1a: Gardevoir|Moonblast|p2a: Slowbro\n|-activate|p2a: Slowbro|move: Protect\n|move|p2b: Incineroar|Flare Blitz|p1b: Conkeldurr\n|-damage|p1b: Conkeldurr|0 fnt\n|faint|p1b: Conkeldurr\n|-damage|p2b: Incineroar|9/100|[from] Recoil\n|\n|upkeep\n|\n|t:|1776682441\n|switch|p1b: Venusaur|Venusaur, L50, M|100/100\n|turn|8\n|\n|t:|1776682462\n|switch|p2b: Aggron|Aggron, L50, M|100/100\n|move|p1b: Venusaur|Protect|p1b: Venusaur\n|-singleturn|p1b: Venusaur|Protect\n|move|p1a: Gardevoir|Moonblast|p2b: Aggron\n|-resisted|p2b: Aggron|1\n|-damage|p2b: Aggron|80/100\n|move|p2a: Slowbro|Trick Room|p2a: Slowbro\n|-fieldstart|move: Trick Room|[of] p2a: Slowbro\n|\n|upkeep\n|turn|9\n|\n|t:|1776682483\n|detailschange|p2b: Aggron|Aggron-Mega, L50, M\n|-mega|p2b: Aggron|Aggron|Aggronite\n|move|p1b: Venusaur|Protect||[still]\n|-fail|p1b: Venusaur\n|move|p2a: Slowbro|Psychic|p1b: Venusaur\n|-supereffective|p1b: Venusaur|1\n|-damage|p1b: Venusaur|27/100\n|move|p2b: Aggron|Body Press|p1b: Venusaur\n|-resisted|p1b: Venusaur|1\n|-damage|p1b: Venusaur|0 fnt\n|faint|p1b: Venusaur\n|move|p1a: Gardevoir|Moonblast|p2a: Slowbro\n|-damage|p2a: Slowbro|18/100\n|\n|upkeep\n|inactive|Samsalt6363 has 30 seconds left.\n|\n|t:|1776682508\n|switch|p1b: Charizard|Charizard, L50, M|100/100\n|turn|10\n|inactive|naviapie32 has 30 seconds left.\n|\n|t:|1776682535\n|switch|p2a: Incineroar|Incineroar, L50, F|9/100\n|-ability|p2a: Incineroar|Intimidate|boost\n|-unboost|p1a: Gardevoir|atk|1\n|-unboost|p1b: Charizard|atk|1\n|detailschange|p1b: Charizard|Charizard-Mega-Y, L50, M\n|-mega|p1b: Charizard|Charizard|Charizardite Y\n|-weather|SunnyDay|[from] ability: Drought|[of] p1b: Charizard\n|move|p2b: Aggron|Heavy Slam|p1a: Gardevoir\n|-supereffective|p1a: Gardevoir|1\n|-damage|p1a: Gardevoir|0 fnt\n|faint|p1a: Gardevoir\n|move|p1b: Charizard|Flamethrower|p2b: Aggron\n|-supereffective|p2b: Aggron|1\n|-damage|p2b: Aggron|0 fnt\n|faint|p2b: Aggron\n|\n|-weather|SunnyDay|[upkeep]\n|upkeep\n|\n|t:|1776682545\n|switch|p2b: Slowbro|Slowbro, L50, M|51/100\n|turn|11\n|\n|t:|1776682559\n|move|p1b: Charizard|Protect|p1b: Charizard\n|-singleturn|p1b: Charizard|Protect\n|move|p2a: Incineroar|Fake Out|p1b: Charizard\n|-activate|p1b: Charizard|move: Protect\n|move|p2b: Slowbro|Psychic|p1b: Charizard\n|-activate|p1b: Charizard|move: Protect\n|\n|-weather|SunnyDay|[upkeep]\n|upkeep\n|turn|12\n|inactive|Samsalt6363 has 30 seconds left.\n|\n|t:|1776682590\n|move|p1b: Charizard|Protect||[still]\n|-fail|p1b: Charizard\n|move|p2b: Slowbro|Psychic|p1b: Charizard\n|-damage|p1b: Charizard|68/100\n|move|p2a: Incineroar|Throat Chop|p1b: Charizard\n|-damage|p1b: Charizard|20/100\n|-start|p1b: Charizard|Throat Chop|[silent]\n|\n|-weather|SunnyDay|[upkeep]\n|-fieldend|move: Trick Room\n|upkeep\n|turn|13\n|\n|t:|1776682610\n|move|p1b: Charizard|Solar Beam||[still]\n|-prepare|p1b: Charizard|Solar Beam\n|-anim|p1b: Charizard|Solar Beam|p2b: Slowbro\n|-supereffective|p2b: Slowbro|1\n|-damage|p2b: Slowbro|0 fnt\n|faint|p2b: Slowbro\n|move|p2a: Incineroar|Flare Blitz|p1b: Charizard\n|-resisted|p1b: Charizard|1\n|-damage|p1b: Charizard|0 fnt\n|faint|p1b: Charizard\n|-damage|p2a: Incineroar|4/100|[from] Recoil\n|\n|win|naviapie32\n|raw|Samsalt6363's rating: 1144 &rarr; <strong>1118</strong><br />(-26 for losing)\n|raw|naviapie32's rating: 1135 &rarr; <strong>1161</strong><br />(+26 for winning)\n|l|\u2606Samsalt6363\n|player|p1|\n",
  "uploadtime": 1776682648,
  "views": 14,
  "formatid": "gen9championsvgc2026regma",
  "rating": 1118,
  "private": 0,
  "password": null
}