{
  "id": "gen9championsvgc2026regma-2585446058",
  "format": "[Gen 9 Champions] VGC 2026 Reg M-A",
  "players": [
    "RainCalc",
    "liuhuo"
  ],
  "log": "|j|\u2606RainCalc\n|j|\u2606liuhuo\n|t:|1776347836\n|gametype|doubles\n|player|p1|RainCalc|volkner|1212\n|player|p2|liuhuo|266|1160\n|gen|9\n|tier|[Gen 9 Champions] VGC 2026 Reg M-A\n|rated|\n|rule|Species Clause: Limit one of each Pok\u00e9mon\n|rule|Item Clause: Limit 1 of each item\n|clearpoke\n|poke|p1|Aggron, L50, M|\n|poke|p1|Incineroar, L50, F|\n|poke|p1|Sinistcha, L50|\n|poke|p1|Tyranitar, L50, F|\n|poke|p1|Sneasler, L50, M|\n|poke|p1|Lycanroc, L50, F|\n|poke|p2|Charizard, L50, M|\n|poke|p2|Incineroar, L50, M|\n|poke|p2|Whimsicott, L50, M|\n|poke|p2|Garchomp, L50, M|\n|poke|p2|Rotom-Wash, L50|\n|poke|p2|Sneasler, L50, M|\n|teampreview|4\nRainCalc has agreed to open team sheets.\n|\n|t:|1776347909\n|teamsize|p1|4\n|teamsize|p2|4\n|start\n|switch|p1a: THE WALL|Aggron, L50, M, shiny|100/100\n|switch|p1b: Sneasler|Sneasler, L50, M|100/100\n|switch|p2a: Sneasler|Sneasler, L50, M|100/100\n|switch|p2b: Whimsicott|Whimsicott, L50, M|100/100\n|turn|1\n|\n|t:|1776347942\n|detailschange|p1a: THE WALL|Aggron-Mega, L50, M, shiny\n|-mega|p1a: THE WALL|Aggron|Aggronite\n|move|p2a: Sneasler|Fake Out|p1b: Sneasler\n|-damage|p1b: Sneasler|75/100\n|move|p2b: Whimsicott|Tailwind|p2b: Whimsicott\n|-sidestart|p2: liuhuo|move: Tailwind\n|cant|p1b: Sneasler|flinch\n|move|p1a: THE WALL|Iron Defense|p1a: THE WALL\n|-boost|p1a: THE WALL|def|2\n|\n|upkeep\n|turn|2\n|\n|t:|1776347964\n|move|p2b: Whimsicott|Encore|p1a: THE WALL\n|-start|p1a: THE WALL|Encore\n|move|p2a: Sneasler|Dire Claw|p1b: Sneasler\n|-resisted|p1b: Sneasler|1\n|-damage|p1b: Sneasler|37/100\n|move|p1b: Sneasler|Dire Claw|p2b: Whimsicott\n|-supereffective|p2b: Whimsicott|2\n|-enditem|p2b: Whimsicott|Focus Sash\n|-damage|p2b: Whimsicott|1/100\n|move|p1a: THE WALL|Iron Defense|p1a: THE WALL\n|-boost|p1a: THE WALL|def|2\n|\n|upkeep\n|turn|3\n|\n|t:|1776347986\n|move|p1b: Sneasler|Protect|p1b: Sneasler\n|-singleturn|p1b: Sneasler|Protect\n|move|p2a: Sneasler|Dire Claw|p1b: Sneasler\n|-activate|p1b: Sneasler|move: Protect\n|move|p2b: Whimsicott|Moonblast|p1b: Sneasler\n|-activate|p1b: Sneasler|move: Protect\n|move|p1a: THE WALL|Iron Defense|p1a: THE WALL\n|-boost|p1a: THE WALL|def|2\n|\n|upkeep\n|turn|4\n|\n|t:|1776347999\n|switch|p1b: Sinistcha|Sinistcha, L50|100/100\n|move|p2a: Sneasler|Dire Claw|p1b: Sinistcha\n|-damage|p1b: Sinistcha|63/100\n|-status|p1b: Sinistcha|psn\n|move|p2b: Whimsicott|Moonblast|p1b: Sinistcha\n|-damage|p1b: Sinistcha|31/100 psn\n|-unboost|p1b: Sinistcha|spa|1\n|move|p1a: THE WALL|Iron Defense|p1a: THE WALL\n|-boost|p1a: THE WALL|def|0\n|\n|-damage|p1b: Sinistcha|18/100 psn|[from] psn\n|-end|p1a: THE WALL|Encore\n|-sideend|p2: liuhuo|move: Tailwind\n|upkeep\n|turn|5\n|\n|t:|1776348018\n|move|p1a: THE WALL|Protect|p1a: THE WALL\n|-singleturn|p1a: THE WALL|Protect\n|move|p2b: Whimsicott|Encore|p1a: THE WALL\n|-activate|p1a: THE WALL|move: Protect\n|move|p2a: Sneasler|Dire Claw|p1b: Sinistcha\n|-damage|p1b: Sinistcha|0 fnt\n|faint|p1b: Sinistcha\n|\n|upkeep\n|\n|t:|1776348024\n|switch|p1b: Tyranitar|Tyranitar, L50, F|100/100\n|-weather|Sandstorm|[from] ability: Sand Stream|[of] p1b: Tyranitar\n|turn|6\n|\n|t:|1776348036\n|move|p1a: THE WALL|Protect||[still]\n|-fail|p1a: THE WALL\n|move|p2b: Whimsicott|Encore|p1a: THE WALL\n|-start|p1a: THE WALL|Encore\n|move|p2a: Sneasler|Close Combat|p1b: Tyranitar\n|-supereffective|p1b: Tyranitar|2\n|-damage|p1b: Tyranitar|0 fnt\n|-unboost|p2a: Sneasler|def|1\n|-unboost|p2a: Sneasler|spd|1\n|faint|p1b: Tyranitar\n|-enditem|p2a: Sneasler|White Herb\n|-clearnegativeboost|p2a: Sneasler|[silent]\n|\n|-weather|Sandstorm|[upkeep]\n|-damage|p2a: Sneasler|95/100|[from] Sandstorm\n|-damage|p2b: Whimsicott|0 fnt|[from] Sandstorm\n|faint|p2b: Whimsicott\n|upkeep\n|\n|t:|1776348046\n|switch|p2b: Incineroar|Incineroar, L50, M|100/100\n|switch|p1b: Sneasler|Sneasler, L50, M|37/100\n|-ability|p2b: Incineroar|Intimidate|boost\n|-unboost|p1a: THE WALL|atk|1\n|-unboost|p1b: Sneasler|atk|1\n|-enditem|p1b: Sneasler|White Herb\n|-clearnegativeboost|p1b: Sneasler|[silent]\n|turn|7\n|\n|t:|1776348067\n|move|p2a: Sneasler|Protect|p2a: Sneasler\n|-singleturn|p2a: Sneasler|Protect\n|move|p1a: THE WALL|Protect|p1a: THE WALL\n|-singleturn|p1a: THE WALL|Protect\n|move|p2b: Incineroar|Fake Out|p1b: Sneasler\n|-damage|p1b: Sneasler|20/100\n|cant|p1b: Sneasler|flinch\n|\n|-weather|Sandstorm|[upkeep]\n|-damage|p2a: Sneasler|89/100|[from] Sandstorm\n|-damage|p1b: Sneasler|14/100|[from] Sandstorm\n|-damage|p2b: Incineroar|94/100|[from] Sandstorm\n|upkeep\n|turn|8\n|\n|t:|1776348085\n|move|p1a: THE WALL|Protect||[still]\n|-fail|p1a: THE WALL\n|move|p2a: Sneasler|Close Combat|p1b: Sneasler\n|-resisted|p1b: Sneasler|1\n|-damage|p1b: Sneasler|0 fnt\n|-unboost|p2a: Sneasler|def|1\n|-unboost|p2a: Sneasler|spd|1\n|faint|p1b: Sneasler\n|move|p2b: Incineroar|Flare Blitz|p1a: THE WALL\n|-supereffective|p1a: THE WALL|1\n|-damage|p1a: THE WALL|90/100\n|-damage|p2b: Incineroar|91/100|[from] Recoil\n|\n|-weather|Sandstorm|[upkeep]\n|-damage|p2a: Sneasler|83/100|[from] Sandstorm\n|-damage|p2b: Incineroar|85/100|[from] Sandstorm\n|upkeep\n|turn|9\n|\n|t:|1776348105\n|switch|p2a: Rotom|Rotom-Wash, L50|100/100\n|move|p1a: THE WALL|Protect|p1a: THE WALL\n|-singleturn|p1a: THE WALL|Protect\n|move|p2b: Incineroar|Parting Shot|p1a: THE WALL\n|-activate|p1a: THE WALL|move: Protect\n|\n|-weather|Sandstorm|[upkeep]\n|-damage|p2a: Rotom|95/100|[from] Sandstorm\n|-damage|p2b: Incineroar|79/100|[from] Sandstorm\n|-heal|p2a: Rotom|100/100|[from] item: Leftovers\n|-end|p1a: THE WALL|Encore\n|upkeep\n|turn|10\n|\n|t:|1776348134\n|move|p2a: Rotom|Thunderbolt|p1a: THE WALL\n|-damage|p1a: THE WALL|51/100\n|move|p2b: Incineroar|Parting Shot|p1a: THE WALL\n|-unboost|p1a: THE WALL|atk|1\n|-unboost|p1a: THE WALL|spa|1\n|\n|t:|1776348140\n|switch|p2b: Sneasler|Sneasler, L50, M|83/100|[from] Parting Shot\n|move|p1a: THE WALL|Body Press|p2a: Rotom\n|-damage|p2a: Rotom|0 fnt\n|faint|p2a: Rotom\n|\n|-weather|none\n|upkeep\n|\n|t:|1776348146\n|switch|p2a: Incineroar|Incineroar, L50, M|79/100\n|-ability|p2a: Incineroar|Intimidate|boost\n|-unboost|p1a: THE WALL|atk|1\n|turn|11\n|\n|t:|1776348160\n|move|p2a: Incineroar|Fake Out|p1a: THE WALL\n|-resisted|p1a: THE WALL|1\n|-damage|p1a: THE WALL|51/100\n|move|p2b: Sneasler|Close Combat|p1a: THE WALL\n|-supereffective|p1a: THE WALL|1\n|-damage|p1a: THE WALL|40/100\n|-unboost|p2b: Sneasler|def|1\n|-unboost|p2b: Sneasler|spd|1\n|cant|p1a: THE WALL|flinch\n|\n|upkeep\n|turn|12\n|\n|t:|1776348179\n|move|p2b: Sneasler|Dire Claw|p1a: THE WALL\n|-immune|p1a: THE WALL\n|move|p2a: Incineroar|Flare Blitz|p1a: THE WALL\n|-supereffective|p1a: THE WALL|1\n|-damage|p1a: THE WALL|29/100\n|-damage|p2a: Incineroar|76/100|[from] Recoil\n|move|p1a: THE WALL|Body Press|p2a: Incineroar\n|-supereffective|p2a: Incineroar|1\n|-damage|p2a: Incineroar|0 fnt\n|faint|p2a: Incineroar\n|\n|upkeep\n|turn|13\n|\n|t:|1776348191\n|move|p2b: Sneasler|Close Combat|p1a: THE WALL\n|-supereffective|p1a: THE WALL|1\n|-damage|p1a: THE WALL|17/100\n|-unboost|p2b: Sneasler|def|1\n|-unboost|p2b: Sneasler|spd|1\n|move|p1a: THE WALL|Body Press|p2b: Sneasler\n|-resisted|p2b: Sneasler|1\n|-damage|p2b: Sneasler|0 fnt\n|faint|p2b: Sneasler\n|\n|win|RainCalc\n|raw|RainCalc's rating: 1212 &rarr; <strong>1233</strong><br />(+21 for winning)\n|raw|liuhuo's rating: 1160 &rarr; <strong>1139</strong><br />(-21 for losing)\n",
  "uploadtime": 1776348193,
  "views": 22,
  "formatid": "gen9championsvgc2026regma",
  "rating": 1139,
  "private": 0,
  "password": null
}