{
  "id": "gen9championsvgc2026regma-2581108812",
  "format": "[Gen 9 Champions] VGC 2026 Reg M-A",
  "players": [
    "aderhell666",
    "aaardormuk"
  ],
  "log": "|j|\u2606aderhell666\n|j|\u2606aaardormuk\n|t:|1775960681\n|gametype|doubles\n|player|p1|aderhell666|101|1058\n|player|p2|aaardormuk|2|1125\n|gen|9\n|tier|[Gen 9 Champions] VGC 2026 Reg M-A\n|rated|\n|rule|Species Clause: Limit one of each Pok\u00e9mon\n|rule|Item Clause: Limit 1 of each item\n|clearpoke\n|poke|p1|Gengar, L50, F|\n|poke|p1|Whimsicott, L50, M|\n|poke|p1|Umbreon, L50, F|\n|poke|p1|Politoed, L50, F|\n|poke|p1|Incineroar, L50, M|\n|poke|p1|Corviknight, L50, M|\n|poke|p2|Gengar, L50, F|\n|poke|p2|Liepard, L50, F|\n|poke|p2|Gardevoir, L50, F|\n|poke|p2|Abomasnow, L50, F|\n|poke|p2|Garchomp, L50, M|\n|poke|p2|Arcanine-Hisui, L50, F|\n|teampreview|4\n|\n|t:|1775960761\n|teamsize|p1|4\n|teamsize|p2|4\n|start\n|switch|p1a: Politoed|Politoed, L50, F|100/100\n|switch|p1b: Gengar|Gengar, L50, F|100/100\n|switch|p2a: Gengar|Gengar, L50, F|100/100\n|switch|p2b: Liepard|Liepard, L50, F|100/100\n|-weather|RainDance|[from] ability: Drizzle|[of] p1a: Politoed\n|turn|1\n|\n|t:|1775960792\n|detailschange|p1b: Gengar|Gengar-Mega, L50, F\n|-mega|p1b: Gengar|Gengar|Gengarite\n|detailschange|p2a: Gengar|Gengar-Mega, L50, F\n|-mega|p2a: Gengar|Gengar|Gengarite\n|move|p1b: Gengar|Protect|p1b: Gengar\n|-singleturn|p1b: Gengar|Protect\n|move|p2b: Liepard|Fake Out|p1a: Politoed\n|-damage|p1a: Politoed|93/100\n|move|p2a: Gengar|Shadow Ball|p1b: Gengar\n|-activate|p1b: Gengar|move: Protect\n|cant|p1a: Politoed|flinch\n|\n|-weather|RainDance|[upkeep]\n|upkeep\n|turn|2\n|-activate|p1a: Politoed|item: Quick Claw\n|\n|t:|1775960825\n|move|p2b: Liepard|Encore|p1b: Gengar\n|-start|p1b: Gengar|Encore\n|move|p1b: Gengar|Protect||[still]\n|-fail|p1b: Gengar\n|move|p1a: Politoed|Weather Ball|p2b: Liepard\n|-crit|p2b: Liepard\n|-enditem|p2b: Liepard|Focus Sash\n|-damage|p2b: Liepard|1/100\n|move|p2a: Gengar|Shadow Ball|p1a: Politoed\n|-damage|p1a: Politoed|48/100\n|\n|-weather|RainDance|[upkeep]\n|upkeep\n|turn|3\n|\n|t:|1775960909\n|move|p1b: Gengar|Protect|p1b: Gengar\n|-singleturn|p1b: Gengar|Protect\n|move|p2b: Liepard|Fake Tears|p1a: Politoed\n|-unboost|p1a: Politoed|spd|2\n|move|p2a: Gengar|Sludge Bomb|p1a: Politoed\n|-damage|p1a: Politoed|0 fnt\n|faint|p1a: Politoed\n|\n|-weather|RainDance|[upkeep]\n|upkeep\n|\n|t:|1775960925\n|switch|p1a: Incineroar|Incineroar, L50, M|100/100\n|-ability|p1a: Incineroar|Intimidate|boost\n|-unboost|p2a: Gengar|atk|1\n|-unboost|p2b: Liepard|atk|1\n|turn|4\n|\n|t:|1775960948\n|switch|p1b: Umbreon|Umbreon, L50, F|100/100\n|move|p2b: Liepard|Fake Tears|p1b: Umbreon\n|-hint|Since gen 7, Dark is immune to Prankster moves.\n|-immune|p1b: Umbreon\n|move|p2a: Gengar|Shadow Ball|p1b: Umbreon\n|-resisted|p1b: Umbreon|1\n|-damage|p1b: Umbreon|82/100\n|move|p1a: Incineroar|Darkest Lariat|p2a: Gengar\n|-supereffective|p2a: Gengar|1\n|-damage|p2a: Gengar|0 fnt\n|faint|p2a: Gengar\n|\n|-weather|RainDance|[upkeep]\n|-heal|p1b: Umbreon|88/100|[from] item: Leftovers\n|upkeep\n|\n|t:|1775960971\n|switch|p2a: Arcanine|Arcanine-Hisui, L50, F|100/100\n|-ability|p2a: Arcanine|Intimidate|boost\n|-unboost|p1a: Incineroar|atk|1\n|-fail|p1b: Umbreon|unboost|Attack|[from] ability: Inner Focus|[of] p1b: Umbreon\n|turn|5\n|\n|t:|1775960996\n|move|p2b: Liepard|Foul Play|p1b: Umbreon\n|-resisted|p1b: Umbreon|1\n|-damage|p1b: Umbreon|80/100\n|move|p2a: Arcanine|Rock Slide|p1a: Incineroar|[spread] p1a,p1b\n|-supereffective|p1a: Incineroar|1\n|-damage|p1a: Incineroar|41/100\n|-damage|p1b: Umbreon|59/100\n|-enditem|p1a: Incineroar|Sitrus Berry|[eat]\n|-heal|p1a: Incineroar|66/100|[from] item: Sitrus Berry\n|move|p1b: Umbreon|Toxic|p2a: Arcanine\n|-status|p2a: Arcanine|tox\n|cant|p1a: Incineroar|flinch\n|\n|-weather|none\n|-heal|p1b: Umbreon|65/100|[from] item: Leftovers\n|-damage|p2a: Arcanine|94/100 tox|[from] psn\n|upkeep\n|turn|6\n|\n|t:|1775961021\n|move|p2b: Liepard|Foul Play|p1a: Incineroar\n|-resisted|p1a: Incineroar|1\n|-damage|p1a: Incineroar|49/100\n|move|p2a: Arcanine|Rock Slide|p1b: Umbreon|[spread] p1a,p1b\n|-supereffective|p1a: Incineroar|1\n|-damage|p1a: Incineroar|0 fnt\n|-damage|p1b: Umbreon|46/100\n|faint|p1a: Incineroar\n|move|p1b: Umbreon|Wish|p1b: Umbreon\n|\n|-heal|p1b: Umbreon|51/100|[from] item: Leftovers\n|-damage|p2a: Arcanine|82/100 tox|[from] psn\n|upkeep\n|\n|t:|1775961028\n|switch|p1a: Gengar|Gengar-Mega, L50, F|100/100\n|turn|7\n|\n|t:|1775961054\n|move|p1a: Gengar|Shadow Ball|p2a: Arcanine\n|-damage|p2a: Arcanine|24/100 tox\n|-unboost|p2a: Arcanine|spd|1\n|move|p2b: Liepard|Foul Play|p1a: Gengar\n|-supereffective|p1a: Gengar|1\n|-damage|p1a: Gengar|38/100\n|move|p2a: Arcanine|Flare Blitz|p1a: Gengar\n|-damage|p1a: Gengar|0 fnt\n|faint|p1a: Gengar\n|-damage|p2a: Arcanine|15/100 tox|[from] Recoil\n|move|p1b: Umbreon|Toxic|p2b: Liepard\n|-status|p2b: Liepard|tox\n|\n|-heal|p1b: Umbreon|100/100|[from] move: Wish|[wisher] Umbreon\n|-damage|p2b: Liepard|0 fnt|[from] psn\n|faint|p2b: Liepard\n|-damage|p2a: Arcanine|0 fnt|[from] psn\n|faint|p2a: Arcanine\n|upkeep\n|\n|t:|1775961068\n|switch|p2b: Abomasnow|Abomasnow, L50, F|100/100\n|-weather|Snowscape|[from] ability: Snow Warning|[of] p2b: Abomasnow\n|turn|8\n|\n|t:|1775961072\n|move|p1b: Umbreon|Toxic|p2b: Abomasnow\n|-status|p2b: Abomasnow|tox\n|move|p2b: Abomasnow|Blizzard|p1b: Umbreon\n|-damage|p1b: Umbreon|68/100\n|\n|-weather|Snowscape|[upkeep]\n|-heal|p1b: Umbreon|74/100|[from] item: Leftovers\n|-damage|p2b: Abomasnow|94/100 tox|[from] psn\n|upkeep\n|turn|9\n|\n|t:|1775961080\n|move|p1b: Umbreon|Wish|p1b: Umbreon\n|move|p2b: Abomasnow|Blizzard|p1b: Umbreon\n|-damage|p1b: Umbreon|38/100\n|\n|-weather|Snowscape|[upkeep]\n|-heal|p1b: Umbreon|44/100|[from] item: Leftovers\n|-damage|p2b: Abomasnow|82/100 tox|[from] psn\n|upkeep\n|turn|10\n|\n|t:|1775961089\n|move|p1b: Umbreon|Protect|p1b: Umbreon\n|-singleturn|p1b: Umbreon|Protect\n|move|p2b: Abomasnow|Blizzard|p1b: Umbreon\n|-activate|p1b: Umbreon|move: Protect\n|\n|-weather|Snowscape|[upkeep]\n|-heal|p1b: Umbreon|94/100|[from] move: Wish|[wisher] Umbreon\n|-heal|p1b: Umbreon|99/100|[from] item: Leftovers\n|-damage|p2b: Abomasnow|64/100 tox|[from] psn\n|upkeep\n|turn|11\n|\n|t:|1775961099\n|move|p1b: Umbreon|Foul Play|p2b: Abomasnow\n|-damage|p2b: Abomasnow|39/100 tox\n|move|p2b: Abomasnow|Blizzard|p1b: Umbreon\n|-damage|p1b: Umbreon|69/100\n|\n|-weather|Snowscape|[upkeep]\n|-heal|p1b: Umbreon|75/100|[from] item: Leftovers\n|-damage|p2b: Abomasnow|15/100 tox|[from] psn\n|upkeep\n|turn|12\n|-message|aaardormuk forfeited.\n|\n|win|aderhell666\n|raw|aderhell666's rating: 1058 &rarr; <strong>1095</strong><br />(+37 for winning)\n|raw|aaardormuk's rating: 1125 &rarr; <strong>1095</strong><br />(-30 for losing)\n|l|\u2606aaardormuk\n|player|p2|\n",
  "uploadtime": 1775961121,
  "views": 9,
  "formatid": "gen9championsvgc2026regma",
  "rating": 1095,
  "private": 0,
  "password": null
}