{
  "id": "gen9championsvgc2026regma-2581851819",
  "format": "[Gen 9 Champions] VGC 2026 Reg M-A",
  "players": [
    "lilsxooby",
    "Addcoffeeplease"
  ],
  "log": "|j|\u2606lilsxooby\n|j|\u2606Addcoffeeplease\n|t:|1776033714\n|gametype|doubles\n|player|p1|lilsxooby|benga|1096\n|player|p2|Addcoffeeplease|266|1179\n|gen|9\n|tier|[Gen 9 Champions] VGC 2026 Reg M-A\n|rated|\n|rule|Species Clause: Limit one of each Pok\u00e9mon\n|rule|Item Clause: Limit 1 of each item\n|clearpoke\n|poke|p1|Glimmora, L50, M|\n|poke|p1|Archaludon, L50, M|\n|poke|p1|Delphox, L50, F|\n|poke|p1|Kingambit, L50, F|\n|poke|p1|Milotic, L50, F|\n|poke|p1|Sinistcha-Masterpiece, L50|\n|poke|p2|Empoleon, L50, F|\n|poke|p2|Garchomp, L50, F|\n|poke|p2|Floette-Eternal, L50, F|\n|poke|p2|Talonflame, L50, F|\n|poke|p2|Umbreon, L50, M|\n|poke|p2|Rotom-Wash, L50|\n|teampreview|4\n|c|\u2606lilsxooby|glhf\n|\n|t:|1776033779\n|teamsize|p1|4\n|teamsize|p2|4\n|start\n|switch|p1a: Milotic|Milotic, L50, F|100/100\n|switch|p1b: The Rock|Glimmora, L50, M, shiny|100/100\n|switch|p2a: Garchomp|Garchomp, L50, F|100/100\n|switch|p2b: Empoleon|Empoleon, L50, F|100/100\n|turn|1\n|inactive|Battle timer is ON: inactive players will automatically lose when time's up. (requested by Addcoffeeplease)\n|\n|t:|1776033816\n|move|p2a: Garchomp|Protect|p2a: Garchomp\n|-singleturn|p2a: Garchomp|Protect\n|move|p1b: The Rock|Spiky Shield|p1b: The Rock\n|-singleturn|p1b: The Rock|move: Protect\n|move|p1a: Milotic|Icy Wind|p2b: Empoleon|[spread] p2b\n|-activate|p2a: Garchomp|move: Protect\n|-resisted|p2b: Empoleon|2\n|-damage|p2b: Empoleon|98/100\n|-unboost|p2b: Empoleon|spe|1\n|-ability|p2b: Empoleon|Competitive|boost\n|-boost|p2b: Empoleon|spa|2\n|move|p2b: Empoleon|Flash Cannon|p1b: The Rock\n|-activate|p1b: The Rock|move: Protect\n|\n|upkeep\n|turn|2\n|c|\u2606Addcoffeeplease|Same to you friend\n|\n|t:|1776033837\n|switch|p2a: Umbreon|Umbreon, L50, M|100/100\n|switch|p1b: Kingambit|Kingambit, L50, F|100/100\n|move|p1a: Milotic|Icy Wind|p2a: Umbreon|[spread] p2a,p2b\n|-resisted|p2b: Empoleon|2\n|-damage|p2a: Umbreon|93/100\n|-damage|p2b: Empoleon|96/100\n|-unboost|p2a: Umbreon|spe|1\n|-unboost|p2b: Empoleon|spe|1\n|-ability|p2b: Empoleon|Competitive|boost\n|-boost|p2b: Empoleon|spa|2\n|move|p2b: Empoleon|Hydro Pump|p1b: Kingambit\n|-damage|p1b: Kingambit|0 fnt\n|faint|p1b: Kingambit\n|\n|-heal|p2a: Umbreon|99/100|[from] item: Leftovers\n|upkeep\n|\n|t:|1776033850\n|switch|p1b: The Rock|Glimmora, L50, M, shiny|100/100\n|turn|3\n|\n|t:|1776033864\n|detailschange|p1b: The Rock|Glimmora-Mega, L50, M, shiny\n|-mega|p1b: The Rock|Glimmora|Glimmoranite\n|move|p1a: Milotic|Helping Hand|p1b: The Rock\n|-singleturn|p1b: The Rock|Helping Hand|[of] p1a: Milotic\n|move|p1b: The Rock|Earth Power|p2b: Empoleon\n|-supereffective|p2b: Empoleon|1\n|-damage|p2b: Empoleon|0 fnt\n|faint|p2b: Empoleon\n|move|p2a: Umbreon|Toxic|p1a: Milotic\n|-status|p1a: Milotic|tox\n|\n|-heal|p2a: Umbreon|100/100|[from] item: Leftovers\n|-damage|p1a: Milotic|95/100 tox|[from] psn\n|upkeep\n|\n|t:|1776033872\n|switch|p2b: Garchomp|Garchomp, L50, F|100/100\n|turn|4\n|\n|t:|1776033897\n|move|p2b: Garchomp|Protect|p2b: Garchomp\n|-singleturn|p2b: Garchomp|Protect\n|move|p1b: The Rock|Spiky Shield|p1b: The Rock\n|-singleturn|p1b: The Rock|move: Protect\n|move|p1a: Milotic|Icy Wind|p2a: Umbreon|[spread] p2a\n|-activate|p2b: Garchomp|move: Protect\n|-damage|p2a: Umbreon|93/100\n|-unboost|p2a: Umbreon|spe|1\n|move|p2a: Umbreon|Snarl|p1b: The Rock|[spread] p1a\n|-activate|p1b: The Rock|move: Protect\n|-damage|p1a: Milotic|87/100 tox\n|-unboost|p1a: Milotic|spa|1\n|-ability|p1a: Milotic|Competitive|boost\n|-boost|p1a: Milotic|spa|2\n|\n|-heal|p2a: Umbreon|99/100|[from] item: Leftovers\n|-damage|p1a: Milotic|75/100 tox|[from] psn\n|upkeep\n|turn|5\n|\n|t:|1776033915\n|switch|p1b: Sinistcha|Sinistcha-Masterpiece, L50|100/100\n|-heal|p1a: Milotic|99/100 tox|[from] ability: Hospitality|[of] p1b: Sinistcha\n|move|p2b: Garchomp|Stomping Tantrum|p1b: Sinistcha\n|-resisted|p1b: Sinistcha|1\n|-damage|p1b: Sinistcha|76/100\n|move|p1a: Milotic|Icy Wind|p2a: Umbreon|[spread] p2a,p2b\n|-supereffective|p2b: Garchomp|2\n|-damage|p2a: Umbreon|88/100\n|-damage|p2b: Garchomp|27/100\n|-unboost|p2a: Umbreon|spe|1\n|-unboost|p2b: Garchomp|spe|1\n|move|p2a: Umbreon|Snarl|p1b: Sinistcha|[spread] p1a,p1b\n|-supereffective|p1b: Sinistcha|1\n|-damage|p1a: Milotic|92/100 tox\n|-damage|p1b: Sinistcha|55/100\n|-unboost|p1a: Milotic|spa|1\n|-ability|p1a: Milotic|Competitive|boost\n|-boost|p1a: Milotic|spa|2\n|-unboost|p1b: Sinistcha|spa|1\n|\n|-heal|p1b: Sinistcha|60/100|[from] item: Leftovers\n|-heal|p2a: Umbreon|94/100|[from] item: Leftovers\n|-damage|p1a: Milotic|75/100 tox|[from] psn\n|upkeep\n|turn|6\n|\n|t:|1776033931\n|move|p1a: Milotic|Icy Wind|p2b: Garchomp|[spread] p2a,p2b\n|-supereffective|p2b: Garchomp|2\n|-damage|p2a: Umbreon|77/100\n|-damage|p2b: Garchomp|0 fnt\n|-unboost|p2a: Umbreon|spe|1\n|faint|p2b: Garchomp\n|move|p1b: Sinistcha|Life Dew|p1b: Sinistcha|[spread] p1a,p1b\n|-heal|p1a: Milotic|99/100 tox\n|-heal|p1b: Sinistcha|86/100\n|move|p2a: Umbreon|Foul Play|p1b: Sinistcha\n|-supereffective|p1b: Sinistcha|1\n|-damage|p1b: Sinistcha|47/100\n|\n|-heal|p1b: Sinistcha|52/100|[from] item: Leftovers\n|-heal|p2a: Umbreon|83/100|[from] item: Leftovers\n|-damage|p1a: Milotic|76/100 tox|[from] psn\n|upkeep\n|\n|t:|1776033934\n|switch|p2b: Floette|Floette-Eternal, L50, F|100/100\n|turn|7\n|\n|t:|1776033944\n|detailschange|p2b: Floette|Floette-Mega, L50, F\n|-mega|p2b: Floette|Floette|Floettite\n|-ability|p2b: Floette|Fairy Aura\n|move|p2b: Floette|Moonblast|p1a: Milotic\n|-crit|p1a: Milotic\n|-damage|p1a: Milotic|0 fnt\n|faint|p1a: Milotic\n|move|p1b: Sinistcha|Life Dew|p1b: Sinistcha\n|-heal|p1b: Sinistcha|78/100\n|move|p2a: Umbreon|Snarl|p1b: Sinistcha\n|-supereffective|p1b: Sinistcha|1\n|-damage|p1b: Sinistcha|47/100\n|-unboost|p1b: Sinistcha|spa|1\n|\n|-heal|p1b: Sinistcha|52/100|[from] item: Leftovers\n|-heal|p2a: Umbreon|89/100|[from] item: Leftovers\n|upkeep\n|\n|t:|1776033947\n|switch|p1a: The Rock|Glimmora-Mega, L50, M, shiny|100/100\n|turn|8\n|\n|t:|1776033961\n|move|p1b: Sinistcha|Protect|p1b: Sinistcha\n|-singleturn|p1b: Sinistcha|Protect\n|move|p2b: Floette|Moonblast|p1b: Sinistcha\n|-activate|p1b: Sinistcha|move: Protect\n|move|p1a: The Rock|Sludge Wave|p2b: Floette|[spread] p2a,p2b\n|-activate|p1b: Sinistcha|move: Protect\n|-supereffective|p2b: Floette|1\n|-damage|p2a: Umbreon|44/100\n|-damage|p2b: Floette|0 fnt\n|-status|p2a: Umbreon|psn\n|faint|p2b: Floette\n|move|p2a: Umbreon|Snarl|p1a: The Rock|[spread] p1a\n|-activate|p1b: Sinistcha|move: Protect\n|-damage|p1a: The Rock|90/100\n|-unboost|p1a: The Rock|spa|1\n|\n|-heal|p1b: Sinistcha|58/100|[from] item: Leftovers\n|-heal|p2a: Umbreon|50/100 psn|[from] item: Leftovers\n|-damage|p2a: Umbreon|37/100 psn|[from] psn\n|upkeep\n|turn|9\n|-message|Addcoffeeplease forfeited.\n|\n|win|lilsxooby\n|raw|lilsxooby's rating: 1096 &rarr; <strong>1128</strong><br />(+32 for winning)\n|raw|Addcoffeeplease's rating: 1179 &rarr; <strong>1148</strong><br />(-31 for losing)\n|l|\u2606Addcoffeeplease\n|player|p2|\n",
  "uploadtime": 1776033977,
  "views": 23,
  "formatid": "gen9championsvgc2026regma",
  "rating": 1128,
  "private": 0,
  "password": null
}