{
  "id": "gen9championsvgc2026regma-2586595477",
  "format": "[Gen 9 Champions] VGC 2026 Reg M-A",
  "players": [
    "perk1",
    "1Neku"
  ],
  "log": "|j|\u2606perk1\n|j|\u26061Neku\n|t:|1776445613\n|gametype|doubles\n|player|p1|perk1|266|1214\n|player|p2|1Neku|lucas-gen4pt|1273\n|gen|9\n|tier|[Gen 9 Champions] VGC 2026 Reg M-A\n|rated|\n|rule|Species Clause: Limit one of each Pok\u00e9mon\n|rule|Item Clause: Limit 1 of each item\n|clearpoke\n|poke|p1|Gallade, L50, M|\n|poke|p1|Sableye, L50, M|\n|poke|p1|Sneasler, L50, F|\n|poke|p1|Dragonite, L50, M|\n|poke|p1|Typhlosion-Hisui, L50, F|\n|poke|p1|Whimsicott, L50, F|\n|poke|p2|Pelipper, L50, F|\n|poke|p2|Basculegion, L50, M|\n|poke|p2|Sinistcha, L50|\n|poke|p2|Archaludon, L50, F|\n|poke|p2|Sneasler, L50, F|\n|poke|p2|Dragonite, L50, M|\n|teampreview|4\n|\n|t:|1776445642\n|teamsize|p1|4\n|teamsize|p2|4\n|start\n|switch|p1a: Sableye|Sableye, L50, M|100/100\n|switch|p1b: Gallade|Gallade, L50, M|100/100\n|switch|p2a: Dragonite|Dragonite, L50, M|100/100\n|switch|p2b: Basculegion|Basculegion, L50, M|100/100\n|turn|1\n|\n|t:|1776445670\n|detailschange|p1b: Gallade|Gallade-Mega, L50, M\n|-mega|p1b: Gallade|Gallade|Galladite\n|move|p1a: Sableye|Gravity|p1a: Sableye\n|-fieldstart|move: Gravity\n|move|p2b: Basculegion|Flip Turn|p1b: Gallade\n|-damage|p1b: Gallade|60/100\n|\n|t:|1776445676\n|switch|p2b: Pelipper|Pelipper, L50, F, shiny|100/100|[from] Flip Turn\n|-weather|RainDance|[from] ability: Drizzle|[of] p2b: Pelipper\n|move|p1b: Gallade|Hypnosis|p2a: Dragonite\n|-status|p2a: Dragonite|slp|[from] move: Hypnosis\n|cant|p2a: Dragonite|slp\n|\n|-weather|RainDance|[upkeep]\n|upkeep\n|turn|2\n|\n|t:|1776445709\n|detailschange|p2a: Dragonite|Dragonite-Mega, L50, M\n|-mega|p2a: Dragonite|Dragonite|Dragoninite\n|move|p1b: Gallade|Zen Headbutt|p2b: Pelipper\n|-damage|p2b: Pelipper|38/100\n|-curestatus|p2a: Dragonite|slp|[msg]\n|move|p2a: Dragonite|Hurricane|p1b: Gallade\n|-supereffective|p1b: Gallade|1\n|-damage|p1b: Gallade|0 fnt\n|faint|p1b: Gallade\n|move|p2b: Pelipper|Tailwind|p2b: Pelipper\n|-sidestart|p2: 1Neku|move: Tailwind\n|move|p1a: Sableye|Foul Play|p2b: Pelipper\n|-damage|p2b: Pelipper|10/100\n|\n|-weather|RainDance|[upkeep]\n|upkeep\n|\n|t:|1776445719\n|switch|p1b: Whimsicott|Whimsicott, L50, F|100/100\n|turn|3\n|\n|t:|1776445736\n|switch|p2b: Sneasler|Sneasler, L50, F|100/100\n|move|p1b: Whimsicott|Tailwind|p1b: Whimsicott\n|-sidestart|p1: perk1|move: Tailwind\n|move|p1a: Sableye|Encore||[still]\n|-fail|p1a: Sableye\n|move|p2a: Dragonite|Hurricane|p1b: Whimsicott\n|-supereffective|p1b: Whimsicott|1\n|-enditem|p1b: Whimsicott|Focus Sash\n|-damage|p1b: Whimsicott|1/100\n|\n|-weather|RainDance|[upkeep]\n|upkeep\n|turn|4\n|\n|t:|1776445758\n|move|p2b: Sneasler|Fake Out|p1b: Whimsicott\n|-damage|p1b: Whimsicott|0 fnt\n|faint|p1b: Whimsicott\n|move|p1a: Sableye|Disable|p2a: Dragonite\n|-start|p2a: Dragonite|Disable|Hurricane\n|move|p2a: Dragonite|Draco Meteor|p1a: Sableye\n|-damage|p1a: Sableye|4/100\n|-unboost|p2a: Dragonite|spa|2\n|\n|-weather|RainDance|[upkeep]\n|upkeep\n|\n|t:|1776445767\n|switch|p1b: Dragonite|Dragonite, L50, M|100/100\n|turn|5\n|inactive|Battle timer is ON: inactive players will automatically lose when time's up. (requested by perk1)\n|\n|t:|1776445794\n|switch|p2a: Basculegion|Basculegion, L50, M|100/100\n|move|p1a: Sableye|Encore|p2b: Sneasler\n|-start|p2b: Sneasler|Encore\n|move|p2b: Sneasler|Fake Out||[still]\n|-hint|Fake Out only works on your first turn out.\n|-fail|p2b: Sneasler\n|move|p1b: Dragonite|Scale Shot|p2a: Basculegion\n|-damage|p2a: Basculegion|83/100\n|-damage|p2a: Basculegion|66/100\n|-hitcount|p2a: Basculegion|2\n|-unboost|p1b: Dragonite|def|1\n|-boost|p1b: Dragonite|spe|1\n|\n|-weather|none\n|-sideend|p2: 1Neku|move: Tailwind\n|-fieldend|move: Gravity\n|upkeep\n|turn|6\n|inactive|perk1 has 30 seconds left.\n|\n|t:|1776445825\n|switch|p2b: Pelipper|Pelipper, L50, F, shiny|10/100\n|-weather|RainDance|[from] ability: Drizzle|[of] p2b: Pelipper\n|move|p2a: Basculegion|Flip Turn|p1a: Sableye\n|-damage|p1a: Sableye|0 fnt\n|faint|p1a: Sableye\n|\n|t:|1776445836\n|switch|p2a: Sneasler|Sneasler, L50, F|100/100|[from] Flip Turn\n|move|p1b: Dragonite|Scale Shot|p2a: Sneasler\n|-damage|p2a: Sneasler|75/100\n|-damage|p2a: Sneasler|52/100\n|-hitcount|p2a: Sneasler|2\n|-unboost|p1b: Dragonite|def|1\n|-boost|p1b: Dragonite|spe|1\n|\n|-weather|RainDance|[upkeep]\n|-sideend|p1: perk1|move: Tailwind\n|upkeep\n|turn|7\n|\n|t:|1776445854\n|move|p1b: Dragonite|Scale Shot|p2a: Sneasler\n|-damage|p2a: Sneasler|30/100\n|-damage|p2a: Sneasler|7/100\n|-damage|p2a: Sneasler|0 fnt\n|faint|p2a: Sneasler\n|-hitcount|p2: Sneasler|3\n|-unboost|p1b: Dragonite|def|1\n|-boost|p1b: Dragonite|spe|1\n|move|p2b: Pelipper|Tailwind|p2b: Pelipper\n|-sidestart|p2: 1Neku|move: Tailwind\n|\n|-weather|RainDance|[upkeep]\n|upkeep\n|\n|t:|1776445867\n|switch|p2a: Dragonite|Dragonite-Mega, L50, M|100/100\n|turn|8\n|\n|t:|1776445878\n|move|p1b: Dragonite|Scale Shot|p2a: Dragonite\n|-supereffective|p2a: Dragonite|1\n|-damage|p2a: Dragonite|88/100\n|-supereffective|p2a: Dragonite|1\n|-damage|p2a: Dragonite|62/100\n|-supereffective|p2a: Dragonite|1\n|-damage|p2a: Dragonite|33/100\n|-hitcount|p2a: Dragonite|3\n|-unboost|p1b: Dragonite|def|1\n|-boost|p1b: Dragonite|spe|1\n|move|p2a: Dragonite|Draco Meteor|p1b: Dragonite\n|-supereffective|p1b: Dragonite|1\n|-damage|p1b: Dragonite|0 fnt\n|-unboost|p2a: Dragonite|spa|2\n|faint|p1b: Dragonite\n|\n|win|1Neku\n|raw|perk1's rating: 1214 &rarr; <strong>1193</strong><br />(-21 for losing)\n|raw|1Neku's rating: 1273 &rarr; <strong>1294</strong><br />(+21 for winning)\n",
  "uploadtime": 1776445894,
  "views": 31,
  "formatid": "gen9championsvgc2026regma",
  "rating": 1193,
  "private": 0,
  "password": null
}