{
  "id": "gen9championsvgc2026regma-2585397102",
  "format": "[Gen 9 Champions] VGC 2026 Reg M-A",
  "players": [
    "IdkImScared",
    "zoidfarb"
  ],
  "log": "|j|\u2606IdkImScared\n|j|\u2606zoidfarb\n|t:|1776344282\n|gametype|doubles\n|player|p1|IdkImScared|workerice|1332\n|player|p2|zoidfarb|102|1308\n|gen|9\n|tier|[Gen 9 Champions] VGC 2026 Reg M-A\n|rated|\n|rule|Species Clause: Limit one of each Pok\u00e9mon\n|rule|Item Clause: Limit 1 of each item\n|clearpoke\n|poke|p1|Kommo-o, L50, M|\n|poke|p1|Aerodactyl, L50, M|\n|poke|p1|Sinistcha, L50|\n|poke|p1|Tyranitar, L50, F|\n|poke|p1|Excadrill, L50, F|\n|poke|p1|Rotom-Wash, L50|\n|poke|p2|Gengar, L50, M|\n|poke|p2|Incineroar, L50, F|\n|poke|p2|Whimsicott, L50, F|\n|poke|p2|Volcarona, L50, M|\n|poke|p2|Gardevoir, L50, F|\n|poke|p2|Rotom-Wash, L50|\n|teampreview|4\n|inactive|Battle timer is ON: inactive players will automatically lose when time's up. (requested by zoidfarb)\n|inactive|IdkImScared has 60 seconds left.\n|inactive|zoidfarb has 60 seconds left.\n|\n|t:|1776344334\n|teamsize|p1|4\n|teamsize|p2|4\n|start\n|switch|p1a: Undyne|Tyranitar, L50, F|100/100\n|switch|p1b: Don Carlos|Aerodactyl, L50, M|100/100\n|switch|p2a: Incineroar|Incineroar, L50, F|100/100\n|switch|p2b: Rotom|Rotom-Wash, L50|100/100\n|-ability|p1b: Don Carlos|Unnerve\n|-weather|Sandstorm|[from] ability: Sand Stream|[of] p1a: Undyne\n|-ability|p2a: Incineroar|Intimidate|boost\n|-unboost|p1a: Undyne|atk|1\n|-unboost|p1b: Don Carlos|atk|1\n|turn|1\n|\n|t:|1776344352\n|detailschange|p1a: Undyne|Tyranitar-Mega, L50, F\n|-mega|p1a: Undyne|Tyranitar|Tyranitarite\n|move|p1b: Don Carlos|Protect|p1b: Don Carlos\n|-singleturn|p1b: Don Carlos|Protect\n|move|p2a: Incineroar|Fake Out|p1b: Don Carlos\n|-activate|p1b: Don Carlos|move: Protect\n|move|p2b: Rotom|Will-O-Wisp|p1a: Undyne|[miss]\n|-miss|p2b: Rotom|p1a: Undyne\n|move|p1a: Undyne|Rock Slide|p2b: Rotom|[spread] p2a,p2b\n|-supereffective|p2a: Incineroar|1\n|-damage|p2a: Incineroar|53/100\n|-damage|p2b: Rotom|71/100\n|\n|-weather|Sandstorm|[upkeep]\n|-damage|p2b: Rotom|65/100|[from] Sandstorm\n|-damage|p2a: Incineroar|47/100|[from] Sandstorm\n|upkeep\n|turn|2\n|\n|t:|1776344375\n|move|p1a: Undyne|Protect|p1a: Undyne\n|-singleturn|p1a: Undyne|Protect\n|move|p1b: Don Carlos|Tailwind|p1b: Don Carlos\n|-sidestart|p1: IdkImScared|move: Tailwind\n|move|p2b: Rotom|Will-O-Wisp|p1a: Undyne\n|-activate|p1a: Undyne|move: Protect\n|move|p2a: Incineroar|Parting Shot|p1a: Undyne\n|-activate|p1a: Undyne|move: Protect\n|\n|-weather|Sandstorm|[upkeep]\n|-damage|p2b: Rotom|60/100|[from] Sandstorm\n|-damage|p2a: Incineroar|41/100|[from] Sandstorm\n|upkeep\n|turn|3\n|\n|t:|1776344388\n|move|p1b: Don Carlos|Rock Slide|p2a: Incineroar|[spread] p2a,p2b\n|-supereffective|p2a: Incineroar|1\n|-damage|p2a: Incineroar|8/100\n|-damage|p2b: Rotom|40/100\n|move|p1a: Undyne|Rock Slide|p2b: Rotom|[spread] p2b\n|-miss|p1a: Undyne|p2a: Incineroar\n|-damage|p2b: Rotom|9/100\n|cant|p2b: Rotom|flinch\n|move|p2a: Incineroar|Parting Shot|p1a: Undyne\n|-unboost|p1a: Undyne|atk|1\n|-unboost|p1a: Undyne|spa|1\n|\n|t:|1776344401\n|switch|p2a: Gardevoir|Gardevoir, L50, F|100/100|[from] Parting Shot\n|-ability|p2a: Gardevoir|Unnerve|Trace|[from] ability: Trace|[of] p1b: Don Carlos\n|-ability|p2a: Gardevoir|Unnerve\n|\n|-weather|Sandstorm|[upkeep]\n|-damage|p2a: Gardevoir|94/100|[from] Sandstorm\n|-damage|p2b: Rotom|4/100|[from] Sandstorm\n|upkeep\n|turn|4\n|\n|t:|1776344410\n|switch|p1a: Alphys|Excadrill, L50, F|100/100\n|switch|p2b: Incineroar|Incineroar, L50, F|8/100\n|-ability|p2b: Incineroar|Intimidate|boost\n|-unboost|p1a: Alphys|atk|1\n|-unboost|p1b: Don Carlos|atk|1\n|move|p1b: Don Carlos|Rock Slide|p2a: Gardevoir|[spread] p2a,p2b\n|-crit|p2a: Gardevoir\n|-supereffective|p2b: Incineroar|1\n|-damage|p2a: Gardevoir|34/100\n|-damage|p2b: Incineroar|0 fnt\n|faint|p2b: Incineroar\n|cant|p2a: Gardevoir|flinch\n|\n|-weather|Sandstorm|[upkeep]\n|-damage|p2a: Gardevoir|28/100|[from] Sandstorm\n|upkeep\n|\n|t:|1776344425\n|switch|p2b: Rotom|Rotom-Wash, L50|4/100\n|turn|5\n|\n|t:|1776344437\n|move|p1a: Alphys|Iron Head|p2a: Gardevoir\n|-supereffective|p2a: Gardevoir|1\n|-damage|p2a: Gardevoir|0 fnt\n|faint|p2a: Gardevoir\n|move|p1b: Don Carlos|Rock Slide|p2b: Rotom\n|-damage|p2b: Rotom|0 fnt\n|faint|p2b: Rotom\n|\n|-weather|none\n|-sideend|p1: IdkImScared|move: Tailwind\n|upkeep\n|-message|zoidfarb forfeited.\n|\n|win|IdkImScared\n|raw|IdkImScared's rating: 1332 &rarr; <strong>1351</strong><br />(+19 for winning)\n|raw|zoidfarb's rating: 1308 &rarr; <strong>1289</strong><br />(-19 for losing)\n|l|\u2606zoidfarb\n|player|p2|\n",
  "uploadtime": 1776344453,
  "views": 57,
  "formatid": "gen9championsvgc2026regma",
  "rating": 1289,
  "private": 0,
  "password": null
}