{
  "id": "gen9championsvgc2026regma-2585754660",
  "format": "[Gen 9 Champions] VGC 2026 Reg M-A",
  "players": [
    "TheThomasPhD",
    "APazaDeUva"
  ],
  "log": "|j|\u2606TheThomasPhD\n|j|\u2606APazaDeUva\n|t:|1776368307\n|gametype|doubles\n|player|p1|TheThomasPhD|101|1055\n|player|p2|APazaDeUva|veteran|1061\n|gen|9\n|tier|[Gen 9 Champions] VGC 2026 Reg M-A\n|rated|\n|rule|Species Clause: Limit one of each Pok\u00e9mon\n|rule|Item Clause: Limit 1 of each item\n|clearpoke\n|poke|p1|Feraligatr, L50, M|\n|poke|p1|Farigiraf, L50, F|\n|poke|p1|Blastoise, L50, F|\n|poke|p1|Scizor, L50, F|\n|poke|p1|Lucario, L50, F|\n|poke|p1|Palafin, L50, F|\n|poke|p2|Crabominable, L50, M|\n|poke|p2|Sinistcha-Masterpiece, L50|\n|poke|p2|Incineroar, L50, M|\n|poke|p2|Froslass, L50, F|\n|poke|p2|Kingambit, L50, M|\n|poke|p2|Slowking, L50, M|\n|teampreview|4\n|\n|t:|1776368321\n|teamsize|p1|4\n|teamsize|p2|4\n|start\n|switch|p1a: Farigiraf|Farigiraf, L50, F, shiny|100/100\n|switch|p1b: Lucario|Lucario, L50, F, shiny|100/100\n|switch|p2a: Tecito|Sinistcha-Masterpiece, L50|100/100\n|switch|p2b: Argall|Slowking, L50, M|100/100\n|turn|1\n|\n|t:|1776368339\n|move|p1b: Lucario|Dark Pulse|p2a: Tecito\n|-supereffective|p2a: Tecito|1\n|-damage|p2a: Tecito|31/100\n|-prepare|p2b: Argall|Chilly Reception|[premajor]\n|move|p2b: Argall|Chilly Reception|p2b: Argall\n|-weather|Snowscape\n|\n|t:|1776368348\n|switch|p2b: Misterio|Incineroar, L50, M|100/100|[from] Chilly Reception\n|-ability|p2b: Misterio|Intimidate|boost\n|-unboost|p1a: Farigiraf|atk|1\n|-fail|p1b: Lucario|unboost|Attack|[from] ability: Inner Focus|[of] p1b: Lucario\n|cant|p2a: Tecito|flinch\n|move|p1a: Farigiraf|Trick Room|p1a: Farigiraf\n|-fieldstart|move: Trick Room|[of] p1a: Farigiraf\n|\n|-weather|Snowscape|[upkeep]\n|-heal|p2a: Tecito|37/100|[from] item: Leftovers\n|upkeep\n|turn|2\n|\n|t:|1776368381\n|move|p2b: Misterio|Darkest Lariat|p1a: Farigiraf\n|-supereffective|p1a: Farigiraf|1\n|-damage|p1a: Farigiraf|39/100\n|-enditem|p1a: Farigiraf|Sitrus Berry|[eat]\n|-heal|p1a: Farigiraf|63/100|[from] item: Sitrus Berry\n|move|p1a: Farigiraf|Psychic|p2a: Tecito\n|-damage|p2a: Tecito|0 fnt\n|faint|p2a: Tecito\n|move|p1b: Lucario|Aura Sphere|p2b: Misterio\n|-supereffective|p2b: Misterio|1\n|-damage|p2b: Misterio|22/100\n|-enditem|p2b: Misterio|Sitrus Berry|[eat]\n|-heal|p2b: Misterio|47/100|[from] item: Sitrus Berry\n|\n|-weather|Snowscape|[upkeep]\n|upkeep\n|\n|t:|1776368400\n|switch|p2a: Bonk|Crabominable, L50, M|100/100\n|turn|3\n|\n|t:|1776368420\n|move|p1b: Lucario|Vacuum Wave|p2b: Misterio\n|-supereffective|p2b: Misterio|1\n|-damage|p2b: Misterio|8/100\n|move|p2a: Bonk|Drain Punch|p1b: Lucario\n|-supereffective|p1b: Lucario|1\n|-damage|p1b: Lucario|0 fnt\n|faint|p1b: Lucario\n|move|p2b: Misterio|Darkest Lariat|p1a: Farigiraf\n|-supereffective|p1a: Farigiraf|1\n|-damage|p1a: Farigiraf|0 fnt\n|faint|p1a: Farigiraf\n|\n|-weather|Snowscape|[upkeep]\n|upkeep\n|\n|t:|1776368431\n|switch|p1a: Feraligatr|Feraligatr, L50, M, shiny|100/100\n|switch|p1b: Scizor|Scizor, L50, F, shiny|100/100\n|turn|4\n|\n|t:|1776368479\n|move|p2a: Bonk|Protect|p2a: Bonk\n|-singleturn|p2a: Bonk|Protect\n|move|p2b: Misterio|Flare Blitz|p1b: Scizor\n|-supereffective|p1b: Scizor|2\n|-enditem|p1b: Scizor|Focus Sash\n|-damage|p1b: Scizor|1/100\n|-damage|p2b: Misterio|0 fnt|[from] Recoil\n|faint|p2b: Misterio\n|move|p1b: Scizor|Close Combat|p2a: Bonk\n|-activate|p2a: Bonk|move: Protect\n|move|p1a: Feraligatr|Rock Slide|p2a: Bonk\n|-activate|p2a: Bonk|move: Protect\n|\n|-weather|Snowscape|[upkeep]\n|upkeep\n|\n|t:|1776368495\n|switch|p2b: Argall|Slowking, L50, M|100/100\n|turn|5\n|\n|t:|1776368519\n|detailschange|p2a: Bonk|Crabominable-Mega, L50, M\n|-mega|p2a: Bonk|Crabominable|Crabominite\n|detailschange|p1a: Feraligatr|Feraligatr-Mega, L50, M, shiny\n|-mega|p1a: Feraligatr|Feraligatr|Feraligite\n|move|p2b: Argall|Muddy Water|p1a: Feraligatr|[spread] p1a,p1b\n|-resisted|p1a: Feraligatr|2\n|-damage|p1a: Feraligatr|94/100\n|-damage|p1b: Scizor|0 fnt\n|faint|p1b: Scizor\n|move|p2a: Bonk|Ice Hammer|p1a: Feraligatr|[miss]\n|-miss|p2a: Bonk|p1a: Feraligatr\n|move|p1a: Feraligatr|Double-Edge|p2a: Bonk\n|-damage|p2a: Bonk|52/100\n|-damage|p1a: Feraligatr|73/100|[from] Recoil\n|\n|-weather|none\n|-fieldend|move: Trick Room\n|upkeep\n|turn|6\n|\n|t:|1776368539\n|move|p2a: Bonk|Protect|p2a: Bonk\n|-singleturn|p2a: Bonk|Protect\n|move|p1a: Feraligatr|Double-Edge|p2a: Bonk\n|-activate|p2a: Bonk|move: Protect\n|move|p2b: Argall|Trick Room|p2b: Argall\n|-fieldstart|move: Trick Room|[of] p2b: Argall\n|\n|upkeep\n|turn|7\n|\n|t:|1776368555\n|move|p2b: Argall|Muddy Water|p1a: Feraligatr\n|-resisted|p1a: Feraligatr|2\n|-damage|p1a: Feraligatr|65/100\n|move|p2a: Bonk|Drain Punch|p1a: Feraligatr\n|-damage|p1a: Feraligatr|23/100\n|-heal|p2a: Bonk|69/100|[from] drain|[of] p1a: Feraligatr\n|move|p1a: Feraligatr|Rock Slide|p2b: Argall|[spread] p2a,p2b\n|-damage|p2a: Bonk|51/100\n|-damage|p2b: Argall|73/100\n|\n|upkeep\n|turn|8\n|-message|TheThomasPhD forfeited.\n|\n|win|APazaDeUva\n|raw|TheThomasPhD's rating: 1055 &rarr; <strong>1037</strong><br />(-18 for losing)\n|raw|APazaDeUva's rating: 1061 &rarr; <strong>1091</strong><br />(+30 for winning)\n|l|\u2606TheThomasPhD\n|player|p1|\n",
  "uploadtime": 1776368595,
  "views": 27,
  "formatid": "gen9championsvgc2026regma",
  "rating": 1037,
  "private": 0,
  "password": null
}