{
  "id": "gen9championsvgc2026regma-2585423874",
  "format": "[Gen 9 Champions] VGC 2026 Reg M-A",
  "players": [
    "Fumpko",
    "enekoti"
  ],
  "log": "|j|\u2606Fumpko\n|j|\u2606enekoti\n|t:|1776346312\n|gametype|doubles\n|player|p1|Fumpko|swimmer-gen4|1103\n|player|p2|enekoti|102|1082\n|gen|9\n|tier|[Gen 9 Champions] VGC 2026 Reg M-A\n|rated|\n|rule|Species Clause: Limit one of each Pok\u00e9mon\n|rule|Item Clause: Limit 1 of each item\n|clearpoke\n|poke|p1|Glimmora, L50, M|\n|poke|p1|Sneasler, L50, F|\n|poke|p1|Slowking-Galar, L50, F|\n|poke|p1|Salazzle, L50, F|\n|poke|p1|Victreebel, L50, F|\n|poke|p1|Toxapex, L50, M|\n|poke|p2|Meganium, L50, M|\n|poke|p2|Pelipper, L50, F|\n|poke|p2|Incineroar, L50, F|\n|poke|p2|Sneasler, L50, M|\n|poke|p2|Archaludon, L50, M|\n|poke|p2|Basculegion, L50, M|\n|teampreview|4\n|c|\u2606Fumpko|Glhf!\n|c|\u2606Fumpko|Oh God it's the fucking bridge I hate\n|\n|t:|1776346341\n|teamsize|p1|4\n|teamsize|p2|4\n|start\n|switch|p1a: Posion's Savior|Sneasler, L50, F|100/100\n|switch|p1b: Non-participant|Salazzle, L50, F|100/100\n|switch|p2a: Sneasler|Sneasler, L50, M|100/100\n|switch|p2b: Meganium|Meganium, L50, M|100/100\n|turn|1\n|inactive|Battle timer is ON: inactive players will automatically lose when time's up. (requested by enekoti)\n|c|\u2606Fumpko|Stupid bridge ass looking ass\n|\n|t:|1776346360\n|detailschange|p2b: Meganium|Meganium-Mega, L50, M\n|-mega|p2b: Meganium|Meganium|Meganiumite\n|move|p1b: Non-participant|Protect|p1b: Non-participant\n|-singleturn|p1b: Non-participant|Protect\n|move|p2b: Meganium|Protect|p2b: Meganium\n|-singleturn|p2b: Meganium|Protect\n|move|p1a: Posion's Savior|Upper Hand|p2a: Sneasler\n|-resisted|p2a: Sneasler|1\n|-damage|p2a: Sneasler|73/100\n|-immune|p2a: Sneasler\n|cant|p2a: Sneasler|flinch\n|\n|upkeep\n|turn|2\n|\n|t:|1776346378\n|switch|p2a: Pelipper|Pelipper, L50, F, shiny|100/100\n|-weather|RainDance|[from] ability: Drizzle|[of] p2a: Pelipper\n|switch|p2b: Archaludon|Archaludon, L50, M|100/100\n|move|p1a: Posion's Savior|U-turn|p2b: Archaludon\n|-resisted|p2b: Archaludon|1\n|-damage|p2b: Archaludon|92/100\n|-ability|p2b: Archaludon|Stamina|boost\n|-boost|p2b: Archaludon|def|1\n|\n|t:|1776346389\n|switch|p1a: EvilAhWizard|Slowking-Galar, L50, F|100/100|[from] U-turn\n|move|p1b: Non-participant|Toxic|p2a: Pelipper\n|-status|p2a: Pelipper|tox\n|\n|-weather|RainDance|[upkeep]\n|-heal|p2b: Archaludon|98/100|[from] item: Leftovers\n|-damage|p2a: Pelipper|95/100 tox|[from] psn\n|upkeep\n|turn|3\n|\n|t:|1776346405\n|move|p1b: Non-participant|Protect|p1b: Non-participant\n|-singleturn|p1b: Non-participant|Protect\n|move|p2b: Archaludon|Electro Shot||[still]\n|-prepare|p2b: Archaludon|Electro Shot\n|-boost|p2b: Archaludon|spa|1\n|-anim|p2b: Archaludon|Electro Shot|p1b: Non-participant\n|-activate|p1b: Non-participant|move: Protect\n|move|p2a: Pelipper|Tailwind|p2a: Pelipper\n|-sidestart|p2: enekoti|move: Tailwind\n|-prepare|p1a: EvilAhWizard|Chilly Reception|[premajor]\n|move|p1a: EvilAhWizard|Chilly Reception|p1a: EvilAhWizard\n|-weather|Snowscape\n|\n|t:|1776346420\n|switch|p1a: Brian Look Out!|Victreebel, L50, F|100/100|[from] Chilly Reception\n|\n|-weather|Snowscape|[upkeep]\n|-heal|p2b: Archaludon|100/100|[from] item: Leftovers\n|-damage|p2a: Pelipper|83/100 tox|[from] psn\n|upkeep\n|turn|4\n|\n|t:|1776346439\n|detailschange|p1a: Brian Look Out!|Victreebel-Mega, L50, F\n|-mega|p1a: Brian Look Out!|Victreebel|Victreebelite\n|move|p2b: Archaludon|Draco Meteor|p1a: Brian Look Out!|[miss]\n|-miss|p2b: Archaludon|p1a: Brian Look Out!\n|move|p1b: Non-participant|Toxic|p2b: Archaludon\n|-status|p2b: Archaludon|tox\n|move|p2a: Pelipper|Hydro Pump|p1b: Non-participant|[miss]\n|-miss|p2a: Pelipper|p1b: Non-participant\n|move|p1a: Brian Look Out!|Giga Drain|p2a: Pelipper\n|-damage|p2a: Pelipper|32/100 tox\n|\n|-weather|Snowscape|[upkeep]\n|-damage|p2b: Archaludon|95/100 tox|[from] psn\n|-damage|p2a: Pelipper|14/100 tox|[from] psn\n|upkeep\n|turn|5\n|\n|t:|1776346459\n|move|p1b: Non-participant|Protect|p1b: Non-participant\n|-singleturn|p1b: Non-participant|Protect\n|move|p1a: Brian Look Out!|Protect|p1a: Brian Look Out!\n|-singleturn|p1a: Brian Look Out!|Protect\n|move|p2b: Archaludon|Draco Meteor|p1a: Brian Look Out!\n|-activate|p1a: Brian Look Out!|move: Protect\n|move|p2a: Pelipper|Hurricane|p1a: Brian Look Out!\n|-activate|p1a: Brian Look Out!|move: Protect\n|\n|-weather|Snowscape|[upkeep]\n|-heal|p2b: Archaludon|100/100 tox|[from] item: Leftovers\n|-damage|p2b: Archaludon|89/100 tox|[from] psn\n|-damage|p2a: Pelipper|0 fnt|[from] psn\n|faint|p2a: Pelipper\n|upkeep\n|\n|t:|1776346467\n|switch|p2a: Sneasler|Sneasler, L50, M|73/100\n|turn|6\n|\n|t:|1776346483\n|move|p2a: Sneasler|Fake Out|p1a: Brian Look Out!\n|-damage|p1a: Brian Look Out!|85/100\n|move|p2b: Archaludon|Draco Meteor|p1a: Brian Look Out!\n|-damage|p1a: Brian Look Out!|0 fnt\n|-unboost|p2b: Archaludon|spa|2\n|-damage|p2b: Archaludon|0 fnt|[from] ability: Innards Out|[of] p1a: Brian Look Out!\n|faint|p1a: Brian Look Out!\n|faint|p2b: Archaludon\n|move|p1b: Non-participant|Substitute|p1b: Non-participant\n|-start|p1b: Non-participant|Substitute\n|-damage|p1b: Non-participant|76/100\n|\n|-weather|Snowscape|[upkeep]\n|-heal|p1b: Non-participant|82/100|[from] item: Leftovers\n|-sideend|p2: enekoti|move: Tailwind\n|upkeep\n|c|\u2606Fumpko|BRIAN LOOK OUT!\n|\n|t:|1776346501\n|switch|p1a: EvilAhWizard|Slowking-Galar, L50, F|100/100\n|switch|p2b: Meganium|Meganium-Mega, L50, M|100/100\n|turn|7\n|\n|t:|1776346522\n|move|p1b: Non-participant|Toxic|p2a: Sneasler\n|-status|p2a: Sneasler|tox\n|move|p2a: Sneasler|Dire Claw|p1b: Non-participant\n|-resisted|p1b: Non-participant|1\n|-end|p1b: Non-participant|Substitute\n|move|p2b: Meganium|Weather Ball|p1b: Non-participant\n|-resisted|p1b: Non-participant|1\n|-damage|p1b: Non-participant|34/100\n|move|p1a: EvilAhWizard|Psychic|p2a: Sneasler\n|-supereffective|p2a: Sneasler|2\n|-damage|p2a: Sneasler|0 fnt\n|faint|p2a: Sneasler\n|\n|-weather|none\n|-heal|p1b: Non-participant|40/100|[from] item: Leftovers\n|upkeep\n|turn|8\n|\n|t:|1776346542\n|move|p1b: Non-participant|Protect|p1b: Non-participant\n|-singleturn|p1b: Non-participant|Protect\n|move|p2b: Meganium|Dazzling Gleam|p1b: Non-participant|[spread] p1a\n|-activate|p1b: Non-participant|move: Protect\n|-resisted|p1a: EvilAhWizard|1\n|-damage|p1a: EvilAhWizard|85/100\n|move|p1a: EvilAhWizard|Sludge Bomb|p2b: Meganium\n|-supereffective|p2b: Meganium|2\n|-damage|p2b: Meganium|0 fnt\n|faint|p2b: Meganium\n|\n|win|Fumpko\n",
  "uploadtime": 1776346344,
  "views": 19,
  "formatid": "gen9championsvgc2026regma",
  "rating": null,
  "private": 0,
  "password": null
}