{
  "id": "gen9championsvgc2026regma-2587948592",
  "format": "[Gen 9 Champions] VGC 2026 Reg M-A",
  "players": [
    "Hinya",
    "icyyyyyyyyyyyy"
  ],
  "log": "|j|\u2606Hinya\n|j|\u2606icyyyyyyyyyyyy\n|t:|1776583345\n|gametype|doubles\n|player|p1|Hinya|arezu|1140\n|player|p2|icyyyyyyyyyyyy|102|1114\n|gen|9\n|tier|[Gen 9 Champions] VGC 2026 Reg M-A\n|rated|\n|rule|Species Clause: Limit one of each Pok\u00e9mon\n|rule|Item Clause: Limit 1 of each item\n|clearpoke\n|poke|p1|Gengar, L50, F|\n|poke|p1|Aerodactyl, L50, M|\n|poke|p1|Incineroar, L50, M|\n|poke|p1|Kingambit, L50, M|\n|poke|p1|Sinistcha, L50, shiny|\n|poke|p1|Whimsicott, L50, M|\n|poke|p2|Sneasler, L50, M|\n|poke|p2|Incineroar, L50, F|\n|poke|p2|Garchomp, L50, F|\n|poke|p2|Froslass, L50, F|\n|poke|p2|Rotom-Wash, L50|\n|poke|p2|Kingambit, L50, M|\n|teampreview|4\n|inactive|Battle timer is ON: inactive players will automatically lose when time's up. (requested by Hinya)\n|\n|t:|1776583372\n|teamsize|p1|4\n|teamsize|p2|4\n|start\n|switch|p1a: \ud32c\ud140|Gengar, L50, F|100/100\n|switch|p1b: \uc5b4\ud765\uc5fc|Incineroar, L50, M|100/100\n|switch|p2a: Kingambit|Kingambit, L50, M|100/100\n|switch|p2b: Garchomp|Garchomp, L50, F|100/100\n|-ability|p1b: \uc5b4\ud765\uc5fc|Intimidate|boost\n|-unboost|p2a: Kingambit|atk|1\n|-ability|p2a: Kingambit|Defiant|boost\n|-boost|p2a: Kingambit|atk|2\n|-unboost|p2b: Garchomp|atk|1\n|turn|1\n|\n|t:|1776583389\n|detailschange|p1a: \ud32c\ud140|Gengar-Mega, L50, F\n|-mega|p1a: \ud32c\ud140|Gengar|Gengarite\n|move|p1b: \uc5b4\ud765\uc5fc|Fake Out|p2a: Kingambit\n|-resisted|p2a: Kingambit|1\n|-damage|p2a: Kingambit|96/100\n|move|p1a: \ud32c\ud140|Perish Song|p1a: \ud32c\ud140\n|-start|p1a: \ud32c\ud140|perish3|[silent]\n|-start|p1b: \uc5b4\ud765\uc5fc|perish3|[silent]\n|-start|p2a: Kingambit|perish3|[silent]\n|-start|p2b: Garchomp|perish3|[silent]\n|-fieldactivate|move: Perish Song\n|move|p2b: Garchomp|Rock Slide|p1a: \ud32c\ud140|[spread] p1a,p1b\n|-supereffective|p1b: \uc5b4\ud765\uc5fc|1\n|-damage|p1a: \ud32c\ud140|84/100\n|-damage|p1b: \uc5b4\ud765\uc5fc|76/100\n|cant|p2a: Kingambit|flinch\n|\n|-heal|p1b: \uc5b4\ud765\uc5fc|82/100|[from] item: Leftovers\n|-start|p1a: \ud32c\ud140|perish3\n|-start|p2b: Garchomp|perish3\n|-start|p1b: \uc5b4\ud765\uc5fc|perish3\n|-start|p2a: Kingambit|perish3\n|upkeep\n|turn|2\n|\n|t:|1776583408\n|move|p1a: \ud32c\ud140|Protect|p1a: \ud32c\ud140\n|-singleturn|p1a: \ud32c\ud140|Protect\n|move|p1b: \uc5b4\ud765\uc5fc|Protect|p1b: \uc5b4\ud765\uc5fc\n|-singleturn|p1b: \uc5b4\ud765\uc5fc|Protect\n|move|p2b: Garchomp|Dragon Claw|p1b: \uc5b4\ud765\uc5fc\n|-activate|p1b: \uc5b4\ud765\uc5fc|move: Protect\n|move|p2a: Kingambit|Kowtow Cleave|p1a: \ud32c\ud140\n|-activate|p1a: \ud32c\ud140|move: Protect\n|\n|-heal|p1b: \uc5b4\ud765\uc5fc|88/100|[from] item: Leftovers\n|-start|p1a: \ud32c\ud140|perish2\n|-start|p2b: Garchomp|perish2\n|-start|p1b: \uc5b4\ud765\uc5fc|perish2\n|-start|p2a: Kingambit|perish2\n|upkeep\n|turn|3\n|\n|t:|1776583427\n|switch|p1a: \ub300\ub3c4\uac01\ucc38|Kingambit, L50, M|100/100\n|move|p2b: Garchomp|Dragon Claw|p1b: \uc5b4\ud765\uc5fc\n|-damage|p1b: \uc5b4\ud765\uc5fc|62/100\n|move|p1b: \uc5b4\ud765\uc5fc|Parting Shot|p2b: Garchomp\n|-unboost|p2b: Garchomp|atk|1\n|-unboost|p2b: Garchomp|spa|1\n|\n|t:|1776583435\n|switch|p1b: \ud32c\ud140|Gengar-Mega, L50, F|84/100|[from] Parting Shot\n|move|p2a: Kingambit|Kowtow Cleave|p1a: \ub300\ub3c4\uac01\ucc38\n|-resisted|p1a: \ub300\ub3c4\uac01\ucc38|1\n|-damage|p1a: \ub300\ub3c4\uac01\ucc38|68/100\n|\n|-start|p2b: Garchomp|perish1\n|-start|p2a: Kingambit|perish1\n|upkeep\n|turn|4\n|inactive|icyyyyyyyyyyyy has 30 seconds left.\n|inactive|icyyyyyyyyyyyy has 20 seconds left.\n|inactive|icyyyyyyyyyyyy has 15 seconds left.\n|inactive|icyyyyyyyyyyyy has 10 seconds left.\n|inactive|icyyyyyyyyyyyy has 5 seconds left.\n|\n|t:|1776583491\n|move|p1b: \ud32c\ud140|Protect|p1b: \ud32c\ud140\n|-singleturn|p1b: \ud32c\ud140|Protect\n|move|p1a: \ub300\ub3c4\uac01\ucc38|Protect|p1a: \ub300\ub3c4\uac01\ucc38\n|-singleturn|p1a: \ub300\ub3c4\uac01\ucc38|Protect\n|move|p2b: Garchomp|Earthquake|p1a: \ub300\ub3c4\uac01\ucc38|[spread] p2a\n|-activate|p1a: \ub300\ub3c4\uac01\ucc38|move: Protect\n|-activate|p1b: \ud32c\ud140|move: Protect\n|-supereffective|p2a: Kingambit|1\n|-damage|p2a: Kingambit|63/100\n|move|p2a: Kingambit|Iron Head|p1a: \ub300\ub3c4\uac01\ucc38\n|-activate|p1a: \ub300\ub3c4\uac01\ucc38|move: Protect\n|\n|-start|p2b: Garchomp|perish0\n|-start|p2a: Kingambit|perish0\n|faint|p2b: Garchomp\n|faint|p2a: Kingambit\n|upkeep\n|inactive|icyyyyyyyyyyyy has 30 seconds left.\n|inactive|icyyyyyyyyyyyy has 20 seconds left.\n|inactive|icyyyyyyyyyyyy has 15 seconds left.\n|inactive|icyyyyyyyyyyyy has 10 seconds left.\n|inactive|icyyyyyyyyyyyy has 5 seconds left.\n|\n|t:|1776583546\n|switch|p2b: Sneasler|Sneasler, L50, M|100/100\n|switch|p2a: Froslass|Froslass, L50, F|100/100\n|turn|5\n|inactive|icyyyyyyyyyyyy has 30 seconds left.\n|inactive|icyyyyyyyyyyyy has 20 seconds left.\n|inactive|icyyyyyyyyyyyy has 15 seconds left.\n|inactive|Hinya has 30 seconds left.\n|inactive|icyyyyyyyyyyyy has 10 seconds left.\n|inactive|icyyyyyyyyyyyy has 5 seconds left.\n|\n|t:|1776583601\n|move|p1b: \ud32c\ud140|Shadow Ball|p2a: Froslass\n|-supereffective|p2a: Froslass|1\n|-damage|p2a: Froslass|0 fnt\n|faint|p2a: Froslass\n|move|p2b: Sneasler|Close Combat|p1a: \ub300\ub3c4\uac01\ucc38\n|-supereffective|p1a: \ub300\ub3c4\uac01\ucc38|2\n|-damage|p1a: \ub300\ub3c4\uac01\ucc38|0 fnt\n|-unboost|p2b: Sneasler|def|1\n|-unboost|p2b: Sneasler|spd|1\n|faint|p1a: \ub300\ub3c4\uac01\ucc38\n|-enditem|p2b: Sneasler|White Herb\n|-clearnegativeboost|p2b: Sneasler|[silent]\n|\n|upkeep\n|\n|t:|1776583608\n|switch|p1a: \uc5b4\ud765\uc5fc|Incineroar, L50, M|62/100\n|-ability|p1a: \uc5b4\ud765\uc5fc|Intimidate|boost\n|-unboost|p2b: Sneasler|atk|1\n|turn|6\n|inactive|icyyyyyyyyyyyy has 30 seconds left.\n|inactive|icyyyyyyyyyyyy has 20 seconds left.\n|inactive|icyyyyyyyyyyyy has 15 seconds left.\n|inactive|icyyyyyyyyyyyy has 10 seconds left.\n|inactive|icyyyyyyyyyyyy has 5 seconds left.\n|l|\u2606icyyyyyyyyyyyy\n|inactive|icyyyyyyyyyyyy disconnected and has a minute to reconnect!\n|player|p2|\n|-message|icyyyyyyyyyyyy lost due to inactivity.\n|\n|win|Hinya\n|raw|Hinya's rating: 1140 &rarr; <strong>1163</strong><br />(+23 for winning)\n|raw|icyyyyyyyyyyyy's rating: 1114 &rarr; <strong>1091</strong><br />(-23 for losing)\n",
  "uploadtime": 1776583665,
  "views": 9,
  "formatid": "gen9championsvgc2026regma",
  "rating": 1091,
  "private": 0,
  "password": null
}