{
  "id": "gen9championsvgc2026regma-2587898584",
  "format": "[Gen 9 Champions] VGC 2026 Reg M-A",
  "players": [
    "Frontrunner643",
    "Puppygirl Autumn"
  ],
  "log": "|j|\u2606Frontrunner643\n|j|\u2606Puppygirl Autumn\n|t:|1776576240\n|gametype|doubles\n|player|p1|Frontrunner643|rocketgruntf|1107\n|player|p2|Puppygirl Autumn|dawn-gen4pt|1192\n|gen|9\n|tier|[Gen 9 Champions] VGC 2026 Reg M-A\n|rated|\n|rule|Species Clause: Limit one of each Pok\u00e9mon\n|rule|Item Clause: Limit 1 of each item\n|clearpoke\n|poke|p1|Absol, L50, M, shiny|\n|poke|p1|Maushold-Four, L50|\n|poke|p1|Sinistcha-Masterpiece, L50|\n|poke|p1|Milotic, L50, F, shiny|\n|poke|p1|Tyranitar, L50, M, shiny|\n|poke|p1|Excadrill, L50, M|\n|poke|p2|Gardevoir, L50, M|\n|poke|p2|Aerodactyl, L50, F|\n|poke|p2|Sneasler, L50, M|\n|poke|p2|Kingambit, L50, M|\n|poke|p2|Incineroar, L50, F|\n|poke|p2|Basculegion, L50, M|\n|teampreview|4\n|\n|t:|1776576281\n|teamsize|p1|4\n|teamsize|p2|4\n|start\n|switch|p1a: Absol|Absol, L50, M, shiny|100/100\n|switch|p1b: Maushold|Maushold-Four, L50|100/100\n|switch|p2a: Hope Blast|Gardevoir, L50, M|100/100\n|switch|p2b: Sneasler|Sneasler, L50, M|100/100\n|turn|1\n|inactive|Battle timer is ON: inactive players will automatically lose when time's up. (requested by Frontrunner643)\n|\n|t:|1776576306\n|detailschange|p2a: Hope Blast|Gardevoir-Mega, L50, M\n|-mega|p2a: Hope Blast|Gardevoir|Gardevoirite\n|move|p1a: Absol|Shadow Sneak|p2a: Hope Blast\n|-supereffective|p2a: Hope Blast|1\n|-damage|p2a: Hope Blast|42/100\n|move|p1b: Maushold|Beat Up|p1a: Absol\n|-resisted|p1a: Absol|1\n|-damage|p1a: Absol|98/100\n|-ability|p1a: Absol|Justified|boost\n|-boost|p1a: Absol|atk|1\n|-resisted|p1a: Absol|1\n|-damage|p1a: Absol|96/100\n|-ability|p1a: Absol|Justified|boost\n|-boost|p1a: Absol|atk|1\n|-resisted|p1a: Absol|1\n|-damage|p1a: Absol|93/100\n|-ability|p1a: Absol|Justified|boost\n|-boost|p1a: Absol|atk|1\n|-resisted|p1a: Absol|1\n|-damage|p1a: Absol|91/100\n|-ability|p1a: Absol|Justified|boost\n|-boost|p1a: Absol|atk|1\n|-hitcount|p1a: Absol|4\n|move|p2b: Sneasler|Close Combat|p1b: Maushold\n|-supereffective|p1b: Maushold|1\n|-damage|p1b: Maushold|0 fnt\n|-unboost|p2b: Sneasler|def|1\n|-unboost|p2b: Sneasler|spd|1\n|faint|p1b: Maushold\n|move|p2a: Hope Blast|Hyper Voice|p1a: Absol\n|-supereffective|p1a: Absol|1\n|-damage|p1a: Absol|0 fnt\n|faint|p1a: Absol\n|\n|upkeep\n|inactive|Frontrunner643 has 30 seconds left.\n|\n|t:|1776576338\n|switch|p1b: Excadrill|Excadrill, L50, M|100/100\n|switch|p1a: Tyranitar|Tyranitar, L50, M, shiny|100/100\n|-weather|Sandstorm|[from] ability: Sand Stream|[of] p1a: Tyranitar\n|turn|2\n|\n|t:|1776576355\n|switch|p2a: Basculegion|Basculegion, L50, M|100/100\n|move|p1a: Tyranitar|Protect|p1a: Tyranitar\n|-singleturn|p1a: Tyranitar|Protect\n|move|p1b: Excadrill|Earthquake|p2b: Sneasler|[spread] p2a,p2b\n|-activate|p1a: Tyranitar|move: Protect\n|-supereffective|p2b: Sneasler|1\n|-damage|p2a: Basculegion|48/100\n|-enditem|p2b: Sneasler|Focus Sash\n|-damage|p2b: Sneasler|1/100\n|move|p2b: Sneasler|Close Combat|p1b: Excadrill\n|-supereffective|p1b: Excadrill|1\n|-enditem|p1b: Excadrill|Focus Sash\n|-damage|p1b: Excadrill|1/100\n|-unboost|p2b: Sneasler|def|1\n|-unboost|p2b: Sneasler|spd|1\n|\n|-weather|Sandstorm|[upkeep]\n|-damage|p2b: Sneasler|0 fnt|[from] Sandstorm\n|-damage|p2a: Basculegion|42/100|[from] Sandstorm\n|faint|p2b: Sneasler\n|upkeep\n|\n|t:|1776576377\n|switch|p2b: Incineroar|Incineroar, L50, F|100/100\n|-ability|p2b: Incineroar|Intimidate|boost\n|-unboost|p1a: Tyranitar|atk|1\n|-unboost|p1b: Excadrill|atk|1\n|turn|3\n|\n|t:|1776576394\n|detailschange|p1a: Tyranitar|Tyranitar-Mega, L50, M, shiny\n|-mega|p1a: Tyranitar|Tyranitar|Tyranitarite\n|move|p1b: Excadrill|Protect|p1b: Excadrill\n|-singleturn|p1b: Excadrill|Protect\n|move|p2b: Incineroar|Fake Out|p1b: Excadrill\n|-activate|p1b: Excadrill|move: Protect\n|move|p2a: Basculegion|Wave Crash|p1a: Tyranitar\n|-supereffective|p1a: Tyranitar|1\n|-damage|p1a: Tyranitar|20/100\n|-damage|p2a: Basculegion|18/100|[from] Recoil\n|move|p1a: Tyranitar|Rock Slide|p2a: Basculegion|[spread] p2a,p2b\n|-supereffective|p2b: Incineroar|1\n|-damage|p2a: Basculegion|0 fnt\n|-damage|p2b: Incineroar|50/100\n|-enditem|p2b: Incineroar|Sitrus Berry|[eat]\n|-heal|p2b: Incineroar|75/100|[from] item: Sitrus Berry\n|faint|p2a: Basculegion\n|\n|-weather|Sandstorm|[upkeep]\n|-damage|p2b: Incineroar|69/100|[from] Sandstorm\n|upkeep\n|\n|t:|1776576415\n|switch|p2a: Hope Blast|Gardevoir-Mega, L50, M|42/100\n|turn|4\n|\n|t:|1776576427\n|move|p2a: Hope Blast|Protect|p2a: Hope Blast\n|-singleturn|p2a: Hope Blast|Protect\n|move|p1a: Tyranitar|Protect|p1a: Tyranitar\n|-singleturn|p1a: Tyranitar|Protect\n|move|p1b: Excadrill|Earthquake|p2a: Hope Blast|[spread] p2b\n|-activate|p1a: Tyranitar|move: Protect\n|-activate|p2a: Hope Blast|move: Protect\n|-supereffective|p2b: Incineroar|1\n|-damage|p2b: Incineroar|11/100\n|move|p2b: Incineroar|Flare Blitz|p1b: Excadrill\n|-supereffective|p1b: Excadrill|1\n|-damage|p1b: Excadrill|0 fnt\n|faint|p1b: Excadrill\n|-damage|p2b: Incineroar|11/100|[from] Recoil\n|\n|-weather|Sandstorm|[upkeep]\n|-damage|p2a: Hope Blast|36/100|[from] Sandstorm\n|-damage|p2b: Incineroar|5/100|[from] Sandstorm\n|upkeep\n|turn|5\n|\n|t:|1776576450\n|move|p2b: Incineroar|Helping Hand|p2a: Hope Blast\n|-singleturn|p2a: Hope Blast|Helping Hand|[of] p2b: Incineroar\n|move|p2a: Hope Blast|Hyper Voice|p1a: Tyranitar\n|-supereffective|p1a: Tyranitar|1\n|-damage|p1a: Tyranitar|0 fnt\n|faint|p1a: Tyranitar\n|\n|win|Puppygirl Autumn\n|raw|Frontrunner643's rating: 1107 &rarr; <strong>1088</strong><br />(-19 for losing)\n|raw|Puppygirl Autumn's rating: 1192 &rarr; <strong>1211</strong><br />(+19 for winning)\n",
  "uploadtime": 1776576457,
  "views": 10,
  "formatid": "gen9championsvgc2026regma",
  "rating": 1088,
  "private": 0,
  "password": null
}