{
  "id": "gen9championsvgc2026regma-2582264203",
  "format": "[Gen 9 Champions] VGC 2026 Reg M-A",
  "players": [
    "labaladecos",
    "Wooper2988"
  ],
  "log": "|j|\u2606labaladecos\n|j|\u2606Wooper2988\n|t:|1776077629\n|gametype|doubles\n|player|p1|labaladecos|hugh|1126\n|player|p2|Wooper2988|sage|1223\n|gen|9\n|tier|[Gen 9 Champions] VGC 2026 Reg M-A\n|rated|\n|rule|Species Clause: Limit one of each Pok\u00e9mon\n|rule|Item Clause: Limit 1 of each item\n|clearpoke\n|poke|p1|Chesnaught, L50, M|\n|poke|p1|Sinistcha, L50|\n|poke|p1|Whimsicott, L50, F|\n|poke|p1|Clefable, L50, M|\n|poke|p1|Pelipper, L50, F|\n|poke|p1|Dragonite, L50, F|\n|poke|p2|Incineroar, L50, M|\n|poke|p2|Orthworm, L50, F|\n|poke|p2|Tyranitar, L50, M|\n|poke|p2|Garchomp, L50, M|\n|poke|p2|Sneasler, L50, M|\n|poke|p2|Empoleon, L50, F|\n|teampreview|4\n|inactive|Battle timer is ON: inactive players will automatically lose when time's up. (requested by labaladecos)\n|\n|t:|1776077675\n|teamsize|p1|4\n|teamsize|p2|4\n|start\n|switch|p1a: Chesnaught|Chesnaught, L50, M, shiny|100/100\n|switch|p1b: Sinistcha|Sinistcha, L50|100/100\n|switch|p2a: Incineroar|Incineroar, L50, M|100/100\n|switch|p2b: Sneasler|Sneasler, L50, M|100/100\n|-ability|p2a: Incineroar|Intimidate|boost\n|-unboost|p1a: Chesnaught|atk|1\n|-unboost|p1b: Sinistcha|atk|1\n|turn|1\n|\n|t:|1776077704\n|move|p1a: Chesnaught|Spiky Shield|p1a: Chesnaught\n|-singleturn|p1a: Chesnaught|move: Protect\n|move|p2b: Sneasler|Dire Claw|p1b: Sinistcha\n|-damage|p1b: Sinistcha|63/100\n|move|p2a: Incineroar|Flare Blitz|p1b: Sinistcha\n|-supereffective|p1b: Sinistcha|1\n|-damage|p1b: Sinistcha|0 fnt\n|faint|p1b: Sinistcha\n|-damage|p2a: Incineroar|82/100|[from] Recoil\n|\n|upkeep\n|inactive|labaladecos has 30 seconds left.\n|\n|t:|1776077737\n|switch|p1b: Clefable|Clefable, L50, M|100/100\n|turn|2\n|inactive|Wooper2988 has 30 seconds left.\n|inactive|Wooper2988 has 20 seconds left.\n|\n|t:|1776077773\n|move|p2b: Sneasler|Protect|p2b: Sneasler\n|-singleturn|p2b: Sneasler|Protect\n|move|p1b: Clefable|Follow Me|p1b: Clefable\n|-singleturn|p1b: Clefable|move: Follow Me\n|move|p1a: Chesnaught|Belly Drum|p1a: Chesnaught\n|-damage|p1a: Chesnaught|51/100\n|-setboost|p1a: Chesnaught|atk|6|[from] move: Belly Drum\n|move|p2a: Incineroar|Parting Shot|p1b: Clefable\n|-unboost|p1b: Clefable|atk|1\n|-unboost|p1b: Clefable|spa|1\n|\n|t:|1776077795\n|switch|p2a: Tyranitar|Tyranitar, L50, M|100/100|[from] Parting Shot\n|-weather|Sandstorm|[from] ability: Sand Stream|[of] p2a: Tyranitar\n|\n|-weather|Sandstorm|[upkeep]\n|-damage|p2b: Sneasler|94/100|[from] Sandstorm\n|-damage|p1a: Chesnaught|45/100|[from] Sandstorm\n|upkeep\n|turn|3\n|inactive|labaladecos has 30 seconds left.\n|inactive|labaladecos has 20 seconds left.\n|inactive|labaladecos has 15 seconds left.\n|\n|t:|1776077839\n|detailschange|p1a: Chesnaught|Chesnaught-Mega, L50, M, shiny\n|-mega|p1a: Chesnaught|Chesnaught|Chesnaughtite\n|move|p2a: Tyranitar|Protect|p2a: Tyranitar\n|-singleturn|p2a: Tyranitar|Protect\n|move|p1b: Clefable|Follow Me|p1b: Clefable\n|-singleturn|p1b: Clefable|move: Follow Me\n|move|p2b: Sneasler|Dire Claw|p1b: Clefable\n|-supereffective|p1b: Clefable|1\n|-damage|p1b: Clefable|29/100\n|move|p1a: Chesnaught|Drain Punch|p2b: Sneasler\n|-resisted|p2b: Sneasler|1\n|-damage|p2b: Sneasler|0 fnt\n|-heal|p1a: Chesnaught|84/100|[from] drain|[of] p2b: Sneasler\n|faint|p2b: Sneasler\n|\n|-weather|Sandstorm|[upkeep]\n|-damage|p1a: Chesnaught|77/100|[from] Sandstorm\n|-heal|p1b: Clefable|35/100|[from] item: Leftovers\n|upkeep\n|\n|t:|1776077847\n|switch|p2b: Garchomp|Garchomp, L50, M|100/100\n|turn|4\n|inactive|labaladecos has 30 seconds left.\n|\n|t:|1776077873\n|switch|p2a: Incineroar|Incineroar, L50, M|82/100\n|-ability|p2a: Incineroar|Intimidate|boost\n|-unboost|p1a: Chesnaught|atk|1\n|-unboost|p1b: Clefable|atk|1\n|move|p2b: Garchomp|Protect|p2b: Garchomp\n|-singleturn|p2b: Garchomp|Protect\n|move|p1b: Clefable|Follow Me|p1b: Clefable\n|-singleturn|p1b: Clefable|move: Follow Me\n|move|p1a: Chesnaught|Drain Punch|p2a: Incineroar\n|-supereffective|p2a: Incineroar|1\n|-damage|p2a: Incineroar|0 fnt\n|-heal|p1a: Chesnaught|100/100|[from] drain|[of] p2a: Incineroar\n|faint|p2a: Incineroar\n|\n|-weather|Sandstorm|[upkeep]\n|-damage|p1a: Chesnaught|94/100|[from] Sandstorm\n|-heal|p1b: Clefable|41/100|[from] item: Leftovers\n|upkeep\n|\n|t:|1776077883\n|switch|p2a: Tyranitar|Tyranitar, L50, M|100/100\n|turn|5\n|\n|t:|1776077892\n|detailschange|p2a: Tyranitar|Tyranitar-Mega, L50, M\n|-mega|p2a: Tyranitar|Tyranitar|Tyranitarite\n|move|p2a: Tyranitar|Protect|p2a: Tyranitar\n|-singleturn|p2a: Tyranitar|Protect\n|move|p1b: Clefable|Follow Me|p1b: Clefable\n|-singleturn|p1b: Clefable|move: Follow Me\n|move|p2b: Garchomp|Earthquake|p1a: Chesnaught|[spread] p1a,p1b\n|-activate|p2a: Tyranitar|move: Protect\n|-resisted|p1a: Chesnaught|1\n|-damage|p1a: Chesnaught|84/100\n|-damage|p1b: Clefable|8/100\n|move|p1a: Chesnaught|Drain Punch|p2b: Garchomp|[miss]\n|-miss|p1a: Chesnaught|p2b: Garchomp\n|\n|-weather|Sandstorm|[upkeep]\n|-damage|p1a: Chesnaught|77/100|[from] Sandstorm\n|-heal|p1b: Clefable|14/100|[from] item: Leftovers\n|upkeep\n|turn|6\n|\n|t:|1776077912\n|move|p2b: Garchomp|Protect|p2b: Garchomp\n|-singleturn|p2b: Garchomp|Protect\n|move|p1b: Clefable|Follow Me|p1b: Clefable\n|-singleturn|p1b: Clefable|move: Follow Me\n|move|p2a: Tyranitar|Rock Slide|p1b: Clefable|[spread] p1a,p1b\n|-resisted|p1a: Chesnaught|1\n|-damage|p1a: Chesnaught|67/100\n|-damage|p1b: Clefable|0 fnt\n|faint|p1b: Clefable\n|move|p1a: Chesnaught|Drain Punch|p2a: Tyranitar\n|-supereffective|p2a: Tyranitar|2\n|-damage|p2a: Tyranitar|0 fnt\n|-heal|p1a: Chesnaught|100/100|[from] drain|[of] p2a: Tyranitar\n|faint|p2a: Tyranitar\n|\n|-weather|none\n|upkeep\n|\n|t:|1776077923\n|switch|p1b: Whimsicott|Whimsicott, L50, F|100/100\n|turn|7\n|-message|Wooper2988 forfeited.\n|\n|win|labaladecos\n|raw|labaladecos's rating: 1126 &rarr; <strong>1158</strong><br />(+32 for winning)\n|raw|Wooper2988's rating: 1223 &rarr; <strong>1191</strong><br />(-32 for losing)\n|l|\u2606Wooper2988\n|player|p2|\n",
  "uploadtime": 1776077934,
  "views": 11,
  "formatid": "gen9championsvgc2026regma",
  "rating": 1158,
  "private": 0,
  "password": null
}