{
  "id": "gen9championsvgc2026regma-2582073566",
  "format": "[Gen 9 Champions] VGC 2026 Reg M-A",
  "players": [
    "goomygoner",
    "DDubble"
  ],
  "log": "|j|\u2606goomygoner\n|j|\u2606DDubble\n|t:|1776054591\n|gametype|doubles\n|player|p1|goomygoner|169|1140\n|player|p2|DDubble|ltsurge|1171\n|gen|9\n|tier|[Gen 9 Champions] VGC 2026 Reg M-A\n|rated|\n|rule|Species Clause: Limit one of each Pok\u00e9mon\n|rule|Item Clause: Limit 1 of each item\n|clearpoke\n|poke|p1|Froslass, L50, F|\n|poke|p1|Garchomp, L50, M|\n|poke|p1|Incineroar, L50, F|\n|poke|p1|Milotic, L50, M|\n|poke|p1|Rotom-Mow, L50|\n|poke|p1|Aegislash, L50, M|\n|poke|p2|Alakazam, L50, M|\n|poke|p2|Meowstic, L50, M|\n|poke|p2|Aerodactyl, L50, F|\n|poke|p2|Sinistcha, L50|\n|poke|p2|Kingambit, L50, F|\n|poke|p2|Incineroar, L50, M|\n|teampreview|4\n|inactive|Battle timer is ON: inactive players will automatically lose when time's up. (requested by DDubble)\n|inactive|goomygoner also wants the timer to be on.\n|\n|t:|1776054617\n|teamsize|p1|4\n|teamsize|p2|4\n|start\n|switch|p1a: Froslass|Froslass, L50, F|100/100\n|switch|p1b: Incineroar|Incineroar, L50, F|100/100\n|switch|p2a: Sinistcha|Sinistcha, L50|100/100\n|switch|p2b: Aerodactyl|Aerodactyl, L50, F|100/100\n|-ability|p2b: Aerodactyl|Unnerve\n|-ability|p1b: Incineroar|Intimidate|boost\n|-unboost|p2a: Sinistcha|atk|1\n|-unboost|p2b: Aerodactyl|atk|1\n|turn|1\n|\n|t:|1776054636\n|detailschange|p1a: Froslass|Froslass-Mega, L50, F\n|-mega|p1a: Froslass|Froslass|Froslassite\n|-weather|Snowscape|[from] ability: Snow Warning|[of] p1a: Froslass\n|move|p2b: Aerodactyl|Protect|p2b: Aerodactyl\n|-singleturn|p2b: Aerodactyl|Protect\n|move|p1b: Incineroar|Fake Out|p2b: Aerodactyl\n|-activate|p2b: Aerodactyl|move: Protect\n|move|p1a: Froslass|Blizzard|p2a: Sinistcha|[spread] p2a\n|-activate|p2b: Aerodactyl|move: Protect\n|-supereffective|p2a: Sinistcha|1\n|-damage|p2a: Sinistcha|0 fnt\n|faint|p2a: Sinistcha\n|\n|-weather|Snowscape|[upkeep]\n|upkeep\n|\n|t:|1776054646\n|switch|p2a: Meowstic|Meowstic, L50, M, shiny|100/100\n|turn|2\n|\n|t:|1776054658\n|move|p2a: Meowstic|Psychic Terrain|p2a: Meowstic\n|-fieldstart|move: Psychic Terrain\n|move|p2b: Aerodactyl|Rock Slide|p1a: Froslass|[spread] p1a,p1b\n|-supereffective|p1a: Froslass|1\n|-supereffective|p1b: Incineroar|1\n|-damage|p1a: Froslass|69/100\n|-damage|p1b: Incineroar|68/100\n|move|p1a: Froslass|Blizzard|p2a: Meowstic|[spread] p2a,p2b\n|-supereffective|p2b: Aerodactyl|1\n|-damage|p2a: Meowstic|50/100\n|-enditem|p2b: Aerodactyl|Focus Sash\n|-damage|p2b: Aerodactyl|1/100\n|cant|p1b: Incineroar|flinch\n|\n|-weather|Snowscape|[upkeep]\n|upkeep\n|turn|3\n|\n|t:|1776054677\n|switch|p1b: Aegislash|Aegislash, L50, M|100/100\n|move|p1a: Froslass|Protect|p1a: Froslass\n|-singleturn|p1a: Froslass|Protect\n|move|p2a: Meowstic|Gravity|p2a: Meowstic\n|-fieldstart|move: Gravity\n|move|p2b: Aerodactyl|Rock Slide|p1a: Froslass|[spread] p1b\n|-activate|p1a: Froslass|move: Protect\n|-resisted|p1b: Aegislash|1\n|-damage|p1b: Aegislash|93/100\n|\n|-weather|Snowscape|[upkeep]\n|upkeep\n|turn|4\n|inactive|goomygoner has 30 seconds left.\n|\n|t:|1776054703\n|switch|p1a: Incineroar|Incineroar, L50, F|68/100\n|-ability|p1a: Incineroar|Intimidate|boost\n|-unboost|p2a: Meowstic|atk|1\n|-unboost|p2b: Aerodactyl|atk|1\n|move|p2b: Aerodactyl|Rock Slide|p1b: Aegislash|[spread] p1a,p1b\n|-supereffective|p1a: Incineroar|1\n|-resisted|p1b: Aegislash|1\n|-damage|p1a: Incineroar|42/100\n|-damage|p1b: Aegislash|88/100\n|move|p2a: Meowstic|Expanding Force|p1a: Incineroar|[spread] p1b\n|-immune|p1a: Incineroar\n|-resisted|p1b: Aegislash|1\n|-damage|p1b: Aegislash|74/100\n|-formechange|p1b: Aegislash|Aegislash-Blade|\n|move|p1b: Aegislash|Iron Head|p2a: Meowstic\n|-damage|p2a: Meowstic|4/100\n|\n|-weather|Snowscape|[upkeep]\n|upkeep\n|turn|5\n|\n|t:|1776054724\n|-formechange|p1b: Aegislash|Aegislash|\n|move|p1b: Aegislash|King's Shield|p1b: Aegislash\n|-singleturn|p1b: Aegislash|Protect\n|move|p1a: Incineroar|Fake Out|p2b: Aerodactyl\n|-activate|p2b: Aerodactyl|move: Psychic Terrain\n|move|p2b: Aerodactyl|Rock Slide|p1a: Incineroar|[spread] p1a\n|-activate|p1b: Aegislash|move: Protect\n|-supereffective|p1a: Incineroar|1\n|-damage|p1a: Incineroar|14/100\n|move|p2a: Meowstic|Expanding Force|p1a: Incineroar|[spread] \n|-activate|p1b: Aegislash|move: Protect\n|-immune|p1a: Incineroar\n|\n|-weather|none\n|upkeep\n|turn|6\n|inactive|goomygoner has 30 seconds left.\n|\n|t:|1776054749\n|move|p2a: Meowstic|Protect|p2a: Meowstic\n|-singleturn|p2a: Meowstic|Protect\n|move|p2b: Aerodactyl|Rock Slide|p1b: Aegislash|[spread] p1a,p1b\n|-supereffective|p1a: Incineroar|1\n|-resisted|p1b: Aegislash|1\n|-damage|p1a: Incineroar|0 fnt\n|-damage|p1b: Aegislash|69/100\n|faint|p1a: Incineroar\n|cant|p1b: Aegislash|flinch\n|\n|-fieldend|move: Psychic Terrain\n|upkeep\n|\n|t:|1776054759\n|switch|p1a: Froslass|Froslass-Mega, L50, F|69/100\n|-weather|Snowscape|[from] ability: Snow Warning|[of] p1a: Froslass\n|turn|7\n|\n|t:|1776054767\n|move|p2a: Meowstic|Psychic Terrain|p2a: Meowstic\n|-fieldstart|move: Psychic Terrain\n|-formechange|p1b: Aegislash|Aegislash-Blade|\n|move|p1b: Aegislash|Shadow Sneak|p2b: Aerodactyl\n|-activate|p2b: Aerodactyl|move: Psychic Terrain\n|move|p2b: Aerodactyl|Rock Slide|p1a: Froslass|[spread] p1a,p1b\n|-supereffective|p1a: Froslass|1\n|-resisted|p1b: Aegislash|1\n|-damage|p1a: Froslass|45/100\n|-damage|p1b: Aegislash|55/100\n|move|p1a: Froslass|Aurora Veil|p1a: Froslass\n|-sidestart|p1: goomygoner|move: Aurora Veil\n|\n|-weather|Snowscape|[upkeep]\n|-fieldend|move: Gravity\n|upkeep\n|turn|8\n|\n|t:|1776054783\n|move|p1a: Froslass|Protect|p1a: Froslass\n|-singleturn|p1a: Froslass|Protect\n|move|p2a: Meowstic|Gravity|p2a: Meowstic\n|-fieldstart|move: Gravity\n|move|p2b: Aerodactyl|Rock Slide|p1b: Aegislash|[spread] p1b\n|-activate|p1a: Froslass|move: Protect\n|-resisted|p1b: Aegislash|1\n|-damage|p1b: Aegislash|47/100\n|move|p1b: Aegislash|Iron Head|p2b: Aerodactyl\n|-supereffective|p2b: Aerodactyl|1\n|-damage|p2b: Aerodactyl|0 fnt\n|faint|p2b: Aerodactyl\n|\n|-weather|Snowscape|[upkeep]\n|upkeep\n|\n|t:|1776054791\n|switch|p2b: Alakazam|Alakazam, L50, M|100/100\n|turn|9\n|\n|t:|1776054806\n|detailschange|p2b: Alakazam|Alakazam-Mega, L50, M\n|-mega|p2b: Alakazam|Alakazam|Alakazite\n|-ability|p2b: Alakazam|Snow Warning|Trace|[from] ability: Trace|[of] p1a: Froslass\n|move|p2b: Alakazam|Expanding Force|p1b: Aegislash|[spread] p1a,p1b\n|-resisted|p1b: Aegislash|1\n|-damage|p1a: Froslass|0 fnt\n|-damage|p1b: Aegislash|2/100\n|faint|p1a: Froslass\n|move|p2a: Meowstic|Expanding Force|p1b: Aegislash\n|-resisted|p1b: Aegislash|1\n|-damage|p1b: Aegislash|0 fnt\n|faint|p1b: Aegislash\n|\n|-weather|Snowscape|[upkeep]\n|upkeep\n|\n|t:|1776054820\n|switch|p1b: Garchomp|Garchomp, L50, M|100/100\n|turn|10\n|\n|t:|1776054840\n|move|p2a: Meowstic|Protect|p2a: Meowstic\n|-singleturn|p2a: Meowstic|Protect\n|move|p2b: Alakazam|Expanding Force|p1b: Garchomp\n|-damage|p1b: Garchomp|23/100\n|move|p1b: Garchomp|Earthquake|p2a: Meowstic|[spread] p2b\n|-activate|p2a: Meowstic|move: Protect\n|-damage|p2b: Alakazam|27/100\n|\n|-weather|Snowscape|[upkeep]\n|upkeep\n|turn|11\n|-message|goomygoner forfeited.\n|\n|win|DDubble\n|raw|goomygoner's rating: 1140 &rarr; <strong>1117</strong><br />(-23 for losing)\n|raw|DDubble's rating: 1171 &rarr; <strong>1194</strong><br />(+23 for winning)\n|l|\u2606goomygoner\n|player|p1|\n|c|\u2606DDubble|gg\n",
  "uploadtime": 1776054853,
  "views": 23,
  "formatid": "gen9championsvgc2026regma",
  "rating": 1117,
  "private": 0,
  "password": null
}