{
  "id": "gen9championsvgc2026regma-2582921467",
  "format": "[Gen 9 Champions] VGC 2026 Reg M-A",
  "players": [
    "Snarkyshane",
    "MakeItRain30%"
  ],
  "log": "|j|\u2606Snarkyshane\n|j|\u203dMakeItRain30%\n|t:|1776125179\n|gametype|doubles\n|player|p1|Snarkyshane|gambler|1203\n|player|p2|MakeItRain30%|lucas|1176\n|gen|9\n|tier|[Gen 9 Champions] VGC 2026 Reg M-A\n|rated|\n|rule|Species Clause: Limit one of each Pok\u00e9mon\n|rule|Item Clause: Limit 1 of each item\n|clearpoke\n|poke|p1|Kommo-o, L50, M|\n|poke|p1|Incineroar, L50, M|\n|poke|p1|Sneasler, L50, F|\n|poke|p1|Dragonite, L50, M|\n|poke|p1|Scizor, L50, M|\n|poke|p1|Maushold-Four, L50|\n|poke|p2|Froslass, L50, F|\n|poke|p2|Kingambit, L50, M|\n|poke|p2|Sneasler, L50, M|\n|poke|p2|Palafin, L50, M|\n|poke|p2|Sinistcha, L50|\n|poke|p2|Arcanine-Hisui, L50, M|\n|teampreview|4\n|inactive|Battle timer is ON: inactive players will automatically lose when time's up. (requested by MakeItRain30%)\n|inactive|Snarkyshane also wants the timer to be on.\n|inactive|Snarkyshane has 60 seconds left.\n|\n|t:|1776125234\n|teamsize|p1|4\n|teamsize|p2|4\n|start\n|switch|p1a: Scizor|Scizor, L50, M|100/100\n|switch|p1b: Maushold|Maushold-Four, L50|100/100\n|switch|p2a: Sneasler|Sneasler, L50, M|100/100\n|switch|p2b: Kingambit|Kingambit, L50, M, shiny|100/100\n|turn|1\n|\n|t:|1776125250\n|move|p1b: Maushold|Protect|p1b: Maushold\n|-singleturn|p1b: Maushold|Protect\n|move|p2a: Sneasler|Fake Out|p1a: Scizor\n|-resisted|p1a: Scizor|1\n|-damage|p1a: Scizor|95/100\n|cant|p1a: Scizor|flinch\n|move|p2b: Kingambit|Swords Dance|p2b: Kingambit\n|-boost|p2b: Kingambit|atk|2\n|\n|upkeep\n|turn|2\n|\n|t:|1776125270\n|switch|p1b: Dragonite|Dragonite, L50, M|100/100\n|move|p2a: Sneasler|Close Combat|p1b: Dragonite\n|-resisted|p1b: Dragonite|1\n|-damage|p1b: Dragonite|75/100\n|-unboost|p2a: Sneasler|def|1\n|-unboost|p2a: Sneasler|spd|1\n|-enditem|p2a: Sneasler|White Herb\n|-clearnegativeboost|p2a: Sneasler|[silent]\n|move|p1a: Scizor|Swords Dance|p1a: Scizor\n|-boost|p1a: Scizor|atk|2\n|move|p2b: Kingambit|Kowtow Cleave|p1a: Scizor\n|-damage|p1a: Scizor|0 fnt\n|faint|p1a: Scizor\n|\n|upkeep\n|\n|t:|1776125291\n|switch|p1a: Kommo-o|Kommo-o, L50, M|100/100\n|turn|3\n|\n|t:|1776125299\n|detailschange|p1b: Dragonite|Dragonite-Mega, L50, M\n|-mega|p1b: Dragonite|Dragonite|Dragoninite\n|move|p2b: Kingambit|Protect|p2b: Kingambit\n|-singleturn|p2b: Kingambit|Protect\n|move|p2a: Sneasler|Dire Claw|p1a: Kommo-o\n|-damage|p1a: Kommo-o|58/100\n|move|p1a: Kommo-o|Clangorous Soul|p1a: Kommo-o\n|-boost|p1a: Kommo-o|atk|1\n|-boost|p1a: Kommo-o|def|1\n|-boost|p1a: Kommo-o|spa|1\n|-boost|p1a: Kommo-o|spd|1\n|-boost|p1a: Kommo-o|spe|1\n|-damage|p1a: Kommo-o|25/100\n|move|p1b: Dragonite|Flamethrower|p2b: Kingambit\n|-activate|p2b: Kingambit|move: Protect\n|\n|upkeep\n|turn|4\n|\n|t:|1776125317\n|move|p1a: Kommo-o|Protect|p1a: Kommo-o\n|-singleturn|p1a: Kommo-o|Protect\n|move|p2b: Kingambit|Sucker Punch|p1b: Dragonite\n|-damage|p1b: Dragonite|3/100\n|move|p2a: Sneasler|Close Combat|p1a: Kommo-o\n|-activate|p1a: Kommo-o|move: Protect\n|move|p1b: Dragonite|Flamethrower|p2b: Kingambit\n|-supereffective|p2b: Kingambit|1\n|-damage|p2b: Kingambit|39/100\n|\n|upkeep\n|turn|5\n|\n|t:|1776125331\n|move|p1a: Kommo-o|Protect||[still]\n|-fail|p1a: Kommo-o\n|move|p2b: Kingambit|Sucker Punch|p1b: Dragonite\n|-crit|p1b: Dragonite\n|-damage|p1b: Dragonite|0 fnt\n|faint|p1b: Dragonite\n|move|p2a: Sneasler|Close Combat|p1a: Kommo-o\n|-damage|p1a: Kommo-o|0 fnt\n|-unboost|p2a: Sneasler|def|1\n|-unboost|p2a: Sneasler|spd|1\n|faint|p1a: Kommo-o\n|\n|upkeep\n|-message|Snarkyshane forfeited.\n|\n|win|MakeItRain30%\n|raw|Snarkyshane's rating: 1203 &rarr; <strong>1176</strong><br />(-27 for losing)\n|raw|MakeItRain30%'s rating: 1176 &rarr; <strong>1203</strong><br />(+27 for winning)\n|l|\u2606Snarkyshane\n|player|p1|\n",
  "uploadtime": 1776125337,
  "views": 14,
  "formatid": "gen9championsvgc2026regma",
  "rating": 1176,
  "private": 0,
  "password": null
}