{
  "id": "gen9championsvgc2026regma-2587646810",
  "format": "[Gen 9 Champions] VGC 2026 Reg M-A",
  "players": [
    "Evil Yarrack",
    "steve353"
  ],
  "log": "|j|\u2606Evil Yarrack\n|j|\u2606steve353\n|t:|1776550094\n|gametype|doubles\n|player|p1|Evil Yarrack|youngster-gen4dp|1418\n|player|p2|steve353|265|1497\n|gen|9\n|tier|[Gen 9 Champions] VGC 2026 Reg M-A\n|rated|\n|rule|Species Clause: Limit one of each Pok\u00e9mon\n|rule|Item Clause: Limit 1 of each item\n|clearpoke\n|poke|p1|Tyranitar, L50, M|\n|poke|p1|Lycanroc, L50, F|\n|poke|p1|Whimsicott, L50, M|\n|poke|p1|Sinistcha, L50|\n|poke|p1|Tinkaton, L50, F|\n|poke|p1|Kommo-o, L50, M|\n|poke|p2|Kangaskhan, L50, F|\n|poke|p2|Whimsicott, L50, F|\n|poke|p2|Milotic, L50, M|\n|poke|p2|Aegislash, L50, M|\n|poke|p2|Garchomp, L50, M|\n|poke|p2|Farigiraf, L50, F|\n|teampreview|4\n|inactive|Battle timer is ON: inactive players will automatically lose when time's up. (requested by Evil Yarrack)\n|inactive|Evil Yarrack has 60 seconds left.\n|inactive|steve353 has 60 seconds left.\n|\n|t:|1776550141\n|teamsize|p1|4\n|teamsize|p2|4\n|start\n|switch|p1a: Whimsicott|Whimsicott, L50, M|100/100\n|switch|p1b: Tyranitar|Tyranitar, L50, M|100/100\n|switch|p2a: Kangaskhan|Kangaskhan, L50, F|100/100\n|switch|p2b: Aegislash|Aegislash, L50, M|100/100\n|-weather|Sandstorm|[from] ability: Sand Stream|[of] p1b: Tyranitar\n|turn|1\n|inactive|Evil Yarrack has 30 seconds left.\n|inactive|Evil Yarrack has 20 seconds left.\n|inactive|Evil Yarrack has 15 seconds left.\n|\n|t:|1776550183\n|detailschange|p2a: Kangaskhan|Kangaskhan-Mega, L50, F\n|-mega|p2a: Kangaskhan|Kangaskhan|Kangaskhanite\n|move|p1a: Whimsicott|Protect|p1a: Whimsicott\n|-singleturn|p1a: Whimsicott|Protect\n|move|p1b: Tyranitar|Protect|p1b: Tyranitar\n|-singleturn|p1b: Tyranitar|Protect\n|move|p2a: Kangaskhan|Fake Out|p1b: Tyranitar\n|-activate|p1b: Tyranitar|move: Protect\n|-formechange|p2b: Aegislash|Aegislash-Blade|\n|move|p2b: Aegislash|Iron Head|p1a: Whimsicott\n|-activate|p1a: Whimsicott|move: Protect\n|\n|-weather|Sandstorm|[upkeep]\n|-damage|p1a: Whimsicott|95/100|[from] Sandstorm\n|-damage|p2a: Kangaskhan|95/100|[from] Sandstorm\n|upkeep\n|turn|2\n|\n|t:|1776550194\n|switch|p2b: Farigiraf|Farigiraf, L50, F|100/100\n|detailschange|p1b: Tyranitar|Tyranitar-Mega, L50, M\n|-mega|p1b: Tyranitar|Tyranitar|Tyranitarite\n|move|p1a: Whimsicott|Encore||[still]\n|cant|p2b: Farigiraf|ability: Armor Tail|Encore|[of] p1a: Whimsicott\n|move|p2a: Kangaskhan|Low Kick|p1b: Tyranitar\n|-supereffective|p1b: Tyranitar|2\n|-damage|p1b: Tyranitar|0 fnt\n|faint|p1b: Tyranitar\n|-hitcount|p1: Tyranitar|1\n|\n|-weather|Sandstorm|[upkeep]\n|-damage|p1a: Whimsicott|89/100|[from] Sandstorm\n|-damage|p2a: Kangaskhan|89/100|[from] Sandstorm\n|-damage|p2b: Farigiraf|95/100|[from] Sandstorm\n|upkeep\n|\n|t:|1776550202\n|switch|p1b: Kommo-o|Kommo-o, L50, M|100/100\n|turn|3\n|\n|t:|1776550222\n|switch|p2a: Whimsicott|Whimsicott, L50, F|100/100\n|move|p1a: Whimsicott|Energy Ball|p2a: Whimsicott\n|-resisted|p2a: Whimsicott|1\n|-damage|p2a: Whimsicott|78/100\n|move|p1b: Kommo-o|Aura Sphere|p2a: Whimsicott\n|-resisted|p2a: Whimsicott|1\n|-damage|p2a: Whimsicott|46/100\n|move|p2b: Farigiraf|Trick Room|p2b: Farigiraf\n|-fieldstart|move: Trick Room|[of] p2b: Farigiraf\n|\n|-weather|Sandstorm|[upkeep]\n|-damage|p2b: Farigiraf|89/100|[from] Sandstorm\n|-damage|p1b: Kommo-o|94/100|[from] Sandstorm\n|-damage|p1a: Whimsicott|83/100|[from] Sandstorm\n|-damage|p2a: Whimsicott|41/100|[from] Sandstorm\n|upkeep\n|turn|4\n|\n|t:|1776550238\n|switch|p1a: Tinkaton|Tinkaton, L50, F|100/100\n|move|p2a: Whimsicott|Encore|p1b: Kommo-o\n|-start|p1b: Kommo-o|Encore\n|move|p2b: Farigiraf|Psychic|p1b: Kommo-o\n|-supereffective|p1b: Kommo-o|1\n|-damage|p1b: Kommo-o|13/100\n|move|p1b: Kommo-o|Aura Sphere|p2a: Whimsicott\n|-resisted|p2a: Whimsicott|1\n|-damage|p2a: Whimsicott|9/100\n|\n|-weather|Sandstorm|[upkeep]\n|-damage|p2b: Farigiraf|83/100|[from] Sandstorm\n|-damage|p1b: Kommo-o|7/100|[from] Sandstorm\n|-damage|p2a: Whimsicott|3/100|[from] Sandstorm\n|upkeep\n|turn|5\n|\n|t:|1776550257\n|switch|p1b: Whimsicott|Whimsicott, L50, M|83/100\n|switch|p2a: Aegislash|Aegislash, L50, M|100/100\n|move|p2b: Farigiraf|Psychic|p1b: Whimsicott\n|-damage|p1b: Whimsicott|38/100\n|move|p1a: Tinkaton|Gigaton Hammer|p2b: Farigiraf\n|-damage|p2b: Farigiraf|34/100\n|\n|-weather|none\n|upkeep\n|turn|6\n|inactive|Evil Yarrack has 30 seconds left.\n|inactive|steve353 has 30 seconds left.\n|inactive|Evil Yarrack has 20 seconds left.\n|inactive|steve353 has 20 seconds left.\n|\n|t:|1776550301\n|switch|p2b: Kangaskhan|Kangaskhan-Mega, L50, F|89/100\n|move|p1b: Whimsicott|Protect|p1b: Whimsicott\n|-singleturn|p1b: Whimsicott|Protect\n|-formechange|p2a: Aegislash|Aegislash-Blade|\n|move|p2a: Aegislash|Iron Head|p1b: Whimsicott\n|-activate|p1b: Whimsicott|move: Protect\n|move|p1a: Tinkaton|Encore|p2a: Aegislash\n|-start|p2a: Aegislash|Encore\n|\n|upkeep\n|turn|7\n|inactive|Evil Yarrack has 30 seconds left.\n|inactive|steve353 has 30 seconds left.\n|inactive|Evil Yarrack has 20 seconds left.\n|\n|t:|1776550336\n|switch|p2b: Farigiraf|Farigiraf, L50, F|34/100\n|move|p2a: Aegislash|Iron Head|p1b: Whimsicott\n|-supereffective|p1b: Whimsicott|1\n|-damage|p1b: Whimsicott|0 fnt\n|faint|p1b: Whimsicott\n|move|p1a: Tinkaton|Gigaton Hammer|p2b: Farigiraf\n|-damage|p2b: Farigiraf|0 fnt\n|faint|p2b: Farigiraf\n|\n|-fieldend|move: Trick Room\n|upkeep\n|\n|t:|1776550346\n|switch|p1b: Kommo-o|Kommo-o, L50, M|7/100\n|switch|p2b: Whimsicott|Whimsicott, L50, F|3/100\n|turn|8\n|\n|t:|1776550355\n|switch|p2a: Kangaskhan|Kangaskhan-Mega, L50, F|89/100\n|move|p2b: Whimsicott|Protect|p2b: Whimsicott\n|-singleturn|p2b: Whimsicott|Protect\n|move|p1b: Kommo-o|Protect|p1b: Kommo-o\n|-singleturn|p1b: Kommo-o|Protect\n|move|p1a: Tinkaton|Brick Break|p2b: Whimsicott\n|-activate|p2b: Whimsicott|move: Protect\n|\n|upkeep\n|turn|9\n|\n|t:|1776550373\n|move|p2a: Kangaskhan|Fake Out|p1a: Tinkaton\n|-resisted|p1a: Tinkaton|1\n|-damage|p1a: Tinkaton|87/100\n|-resisted|p1a: Tinkaton|1\n|-damage|p1a: Tinkaton|84/100\n|-hitcount|p1a: Tinkaton|2\n|move|p2b: Whimsicott|Moonblast|p1b: Kommo-o\n|-supereffective|p1b: Kommo-o|2\n|-damage|p1b: Kommo-o|0 fnt\n|faint|p1b: Kommo-o\n|cant|p1a: Tinkaton|flinch\n|\n|upkeep\n|turn|10\n|\n|t:|1776550384\n|move|p2b: Whimsicott|Protect|p2b: Whimsicott\n|-singleturn|p2b: Whimsicott|Protect\n|move|p2a: Kangaskhan|Low Kick|p1a: Tinkaton\n|-damage|p1a: Tinkaton|36/100\n|-damage|p1a: Tinkaton|25/100\n|-hitcount|p1a: Tinkaton|2\n|move|p1a: Tinkaton|Brick Break|p2b: Whimsicott\n|-activate|p2b: Whimsicott|move: Protect\n|\n|upkeep\n|turn|11\n|-message|Evil Yarrack forfeited.\n|\n|win|steve353\n|raw|Evil Yarrack's rating: 1396 &rarr; <strong>1382</strong><br />(-14 for losing)\n|raw|steve353's rating: 1497 &rarr; <strong>1511</strong><br />(+14 for winning)\n|l|\u2606Evil Yarrack\n|player|p1|\n|j|\u2606Evil Yarrack\n|player|p1|Evil Yarrack|youngster-gen4dp|\n|l|\u2606Evil Yarrack\n|player|p1|\n",
  "uploadtime": 1776550447,
  "views": 22,
  "formatid": "gen9championsvgc2026regma",
  "rating": 1382,
  "private": 0,
  "password": null
}