{
  "id": "gen9championsvgc2026regma-2584823445",
  "format": "[Gen 9 Champions] VGC 2026 Reg M-A",
  "players": [
    "Nasihasi",
    "MrOktagon"
  ],
  "log": "|j|\u2606Nasihasi\n|j|\u2606MrOktagon\n|t:|1776286377\n|gametype|doubles\n|player|p1|Nasihasi|hiker-gen4|1367\n|player|p2|MrOktagon|265|1324\n|gen|9\n|tier|[Gen 9 Champions] VGC 2026 Reg M-A\n|rated|\n|rule|Species Clause: Limit one of each Pok\u00e9mon\n|rule|Item Clause: Limit 1 of each item\n|clearpoke\n|poke|p1|Floette-Eternal, L50, F|\n|poke|p1|Incineroar, L50, F|\n|poke|p1|Sinistcha, L50|\n|poke|p1|Basculegion, L50, M|\n|poke|p1|Sneasler, L50, F|\n|poke|p1|Kleavor, L50, M|\n|poke|p2|Gengar, L50, F|\n|poke|p2|Venusaur, L50, F|\n|poke|p2|Incineroar, L50, F|\n|poke|p2|Ninetales, L50, F|\n|poke|p2|Kingambit, L50, F|\n|poke|p2|Kommo-o, L50, F|\n|teampreview|4\n|\n|t:|1776286420\n|teamsize|p1|4\n|teamsize|p2|4\n|start\n|switch|p1a: Opa Tangens|Kleavor, L50, M|100/100\n|switch|p1b: Sneasler|Sneasler, L50, F|100/100\n|switch|p2a: Ninetales|Ninetales, L50, F|100/100\n|switch|p2b: Venusaur|Venusaur, L50, F|100/100\n|-weather|SunnyDay|[from] ability: Drought|[of] p2a: Ninetales\n|turn|1\n|\n|t:|1776286445\n|move|p2b: Venusaur|Protect|p2b: Venusaur\n|-singleturn|p2b: Venusaur|Protect\n|move|p2a: Ninetales|Protect|p2a: Ninetales\n|-singleturn|p2a: Ninetales|Protect\n|move|p1b: Sneasler|Fake Out|p2b: Venusaur\n|-activate|p2b: Venusaur|move: Protect\n|move|p1a: Opa Tangens|Tailwind|p1a: Opa Tangens\n|-sidestart|p1: Nasihasi|move: Tailwind\n|\n|-weather|SunnyDay|[upkeep]\n|upkeep\n|turn|2\n|\n|t:|1776286454\n|switch|p2a: Incineroar|Incineroar, L50, F|100/100\n|-ability|p2a: Incineroar|Intimidate|boost\n|-unboost|p1a: Opa Tangens|atk|1\n|-unboost|p1b: Sneasler|atk|1\n|-enditem|p1b: Sneasler|White Herb\n|-clearnegativeboost|p1b: Sneasler|[silent]\n|move|p1b: Sneasler|Dire Claw|p2b: Venusaur\n|-damage|p2b: Venusaur|63/100\n|move|p1a: Opa Tangens|Stone Axe|p2a: Incineroar\n|-supereffective|p2a: Incineroar|1\n|-crit|p2a: Incineroar\n|-damage|p2a: Incineroar|0 fnt\n|-sidestart|p2: MrOktagon|move: Stealth Rock\n|faint|p2a: Incineroar\n|move|p2b: Venusaur|Sleep Powder|p1a: Opa Tangens\n|-status|p1a: Opa Tangens|slp|[from] move: Sleep Powder\n|\n|-weather|SunnyDay|[upkeep]\n|upkeep\n|\n|t:|1776286474\n|switch|p2a: Ninetales|Ninetales, L50, F|100/100\n|-damage|p2a: Ninetales|76/100|[from] Stealth Rock\n|turn|3\n|\n|t:|1776286489\n|move|p1b: Sneasler|Close Combat|p2a: Ninetales\n|-damage|p2a: Ninetales|0 fnt\n|-unboost|p1b: Sneasler|def|1\n|-unboost|p1b: Sneasler|spd|1\n|faint|p2a: Ninetales\n|cant|p1a: Opa Tangens|slp\n|move|p2b: Venusaur|Sleep Powder|p1b: Sneasler\n|-status|p1b: Sneasler|slp|[from] move: Sleep Powder\n|\n|-weather|SunnyDay|[upkeep]\n|upkeep\n|\n|t:|1776286500\n|switch|p2a: Gengar|Gengar, L50, F|100/100\n|-damage|p2a: Gengar|89/100|[from] Stealth Rock\n|turn|4\n|\n|t:|1776286540\n|detailschange|p2a: Gengar|Gengar-Mega, L50, F\n|-mega|p2a: Gengar|Gengar|Gengarite\n|cant|p1a: Opa Tangens|slp\n|move|p2b: Venusaur|Protect|p2b: Venusaur\n|-singleturn|p2b: Venusaur|Protect\n|move|p2a: Gengar|Protect|p2a: Gengar\n|-singleturn|p2a: Gengar|Protect\n|cant|p1b: Sneasler|slp\n|\n|-weather|SunnyDay|[upkeep]\n|-sideend|p1: Nasihasi|move: Tailwind\n|upkeep\n|turn|5\n|\n|t:|1776286556\n|-curestatus|p1b: Sneasler|slp|[msg]\n|move|p1b: Sneasler|Dire Claw|p2b: Venusaur\n|-damage|p2b: Venusaur|26/100\n|-status|p2b: Venusaur|slp\n|cant|p2b: Venusaur|slp\n|move|p2a: Gengar|Shadow Ball|p1a: Opa Tangens\n|-damage|p1a: Opa Tangens|25/100 slp\n|-unboost|p1a: Opa Tangens|spd|1\n|-curestatus|p1a: Opa Tangens|slp|[msg]\n|move|p1a: Opa Tangens|Tailwind|p1a: Opa Tangens\n|-sidestart|p1: Nasihasi|move: Tailwind\n|\n|-weather|none\n|upkeep\n|turn|6\n|-message|MrOktagon forfeited.\n|\n|win|Nasihasi\n|raw|Nasihasi's rating: 1367 &rarr; <strong>1385</strong><br />(+18 for winning)\n|raw|MrOktagon's rating: 1324 &rarr; <strong>1306</strong><br />(-18 for losing)\n|l|\u2606MrOktagon\n|player|p2|\n",
  "uploadtime": 1776286573,
  "views": 65,
  "formatid": "gen9championsvgc2026regma",
  "rating": 1306,
  "private": 0,
  "password": null
}