{
  "id": "gen9championsvgc2026regma-2583530674",
  "format": "[Gen 9 Champions] VGC 2026 Reg M-A",
  "players": [
    "vicoccoss",
    "Torquar"
  ],
  "log": "|j|\u2606vicoccoss\n|j|\u2606Torquar\n|t:|1776181485\n|gametype|doubles\n|player|p1|vicoccoss|170|1083\n|player|p2|Torquar|veteran|1009\n|gen|9\n|tier|[Gen 9 Champions] VGC 2026 Reg M-A\n|rated|\n|rule|Species Clause: Limit one of each Pok\u00e9mon\n|rule|Item Clause: Limit 1 of each item\n|clearpoke\n|poke|p1|Delphox, L50, M|\n|poke|p1|Aerodactyl, L50, F|\n|poke|p1|Garchomp, L50, F|\n|poke|p1|Sneasler, L50, M|\n|poke|p1|Rotom-Wash, L50|\n|poke|p1|Tyranitar, L50, F|\n|poke|p2|Torterra, L50, F|\n|poke|p2|Sinistcha-Masterpiece, L50|\n|poke|p2|Talonflame, L50, M|\n|poke|p2|Zoroark-Hisui, L50, F|\n|poke|p2|Tyranitar, L50, M|\n|poke|p2|Garchomp, L50, M|\n|teampreview|4\n|inactive|Battle timer is ON: inactive players will automatically lose when time's up. (requested by Torquar)\n|\n|t:|1776181522\n|teamsize|p1|4\n|teamsize|p2|4\n|start\n|switch|p1a: Aerodactyl|Aerodactyl, L50, F|100/100\n|switch|p1b: Rotom|Rotom-Wash, L50|100/100\n|switch|p2a: Torterra|Torterra, L50, F|100/100\n|switch|p2b: Talonflame|Talonflame, L50, M|100/100\n|-ability|p1a: Aerodactyl|Unnerve\n|turn|1\n|\n|t:|1776181549\n|move|p2b: Talonflame|Tailwind|p2b: Talonflame\n|-sidestart|p2: Torquar|move: Tailwind\n|move|p1a: Aerodactyl|Tailwind|p1a: Aerodactyl\n|-sidestart|p1: vicoccoss|move: Tailwind\n|move|p1b: Rotom|Volt Switch|p2b: Talonflame\n|-supereffective|p2b: Talonflame|1\n|-damage|p2b: Talonflame|44/100\n|\n|t:|1776181563\n|switch|p1b: Sneasler|Sneasler, L50, M|100/100|[from] Volt Switch\n|move|p2a: Torterra|Heavy Slam|p1a: Aerodactyl\n|-supereffective|p1a: Aerodactyl|1\n|-enditem|p1a: Aerodactyl|Focus Sash\n|-damage|p1a: Aerodactyl|1/100\n|\n|upkeep\n|turn|2\n|inactive|Torquar has 30 seconds left.\n|\n|t:|1776181589\n|move|p1b: Sneasler|Fake Out|p2a: Torterra\n|-damage|p2a: Torterra|89/100\n|move|p2b: Talonflame|Upper Hand||[still]\n|-fail|p2b: Talonflame\n|move|p1a: Aerodactyl|Rock Slide|p2a: Torterra|[spread] p2a\n|-miss|p1a: Aerodactyl|p2b: Talonflame\n|-resisted|p2a: Torterra|1\n|-damage|p2a: Torterra|80/100\n|cant|p2a: Torterra|flinch\n|\n|upkeep\n|turn|3\n|c|\u2606Torquar|why upper hand is not working?\n|\n|t:|1776181615\n|move|p1a: Aerodactyl|Rock Slide|p2b: Talonflame|[spread] p2a,p2b\n|-resisted|p2a: Torterra|1\n|-supereffective|p2b: Talonflame|2\n|-damage|p2a: Torterra|72/100\n|-damage|p2b: Talonflame|0 fnt\n|faint|p2b: Talonflame\n|move|p1b: Sneasler|Close Combat|p2a: Torterra\n|-damage|p2a: Torterra|22/100\n|-unboost|p1b: Sneasler|def|1\n|-unboost|p1b: Sneasler|spd|1\n|-enditem|p1b: Sneasler|White Herb\n|-clearnegativeboost|p1b: Sneasler|[silent]\n|move|p2a: Torterra|Earthquake|p1b: Sneasler|[spread] p1b\n|-immune|p1a: Aerodactyl\n|-supereffective|p1b: Sneasler|1\n|-damage|p1b: Sneasler|0 fnt\n|faint|p1b: Sneasler\n|\n|upkeep\n|\n|t:|1776181630\n|switch|p1b: Delphox|Delphox, L50, M|100/100\n|switch|p2b: Sinistcha|Sinistcha-Masterpiece, L50|100/100\n|-heal|p2a: Torterra|47/100|[from] ability: Hospitality|[of] p2b: Sinistcha\n|turn|4\n|\n|t:|1776181646\n|switch|p2a: Tyranitar|Tyranitar, L50, M|100/100\n|-weather|Sandstorm|[from] ability: Sand Stream|[of] p2a: Tyranitar\n|detailschange|p1b: Delphox|Delphox-Mega, L50, M\n|-mega|p1b: Delphox|Delphox|Delphoxite\n|move|p1b: Delphox|Heat Wave|p2b: Sinistcha|[spread] p2a,p2b\n|-resisted|p2a: Tyranitar|1\n|-supereffective|p2b: Sinistcha|1\n|-damage|p2a: Tyranitar|88/100\n|-damage|p2b: Sinistcha|25/100\n|move|p1a: Aerodactyl|Dual Wingbeat|p2b: Sinistcha\n|-supereffective|p2b: Sinistcha|1\n|-damage|p2b: Sinistcha|0 fnt\n|faint|p2b: Sinistcha\n|-hitcount|p2: Sinistcha|1\n|\n|-weather|Sandstorm|[upkeep]\n|-damage|p1b: Delphox|95/100|[from] Sandstorm\n|-sideend|p1: vicoccoss|move: Tailwind\n|-sideend|p2: Torquar|move: Tailwind\n|upkeep\n|\n|t:|1776181655\n|switch|p2b: Torterra|Torterra, L50, F|47/100\n|turn|5\n|\n|t:|1776181677\n|detailschange|p2a: Tyranitar|Tyranitar-Mega, L50, M\n|-mega|p2a: Tyranitar|Tyranitar|Tyranitarite\n|move|p1a: Aerodactyl|Wide Guard|p1a: Aerodactyl\n|-singleturn|p1a: Aerodactyl|Wide Guard\n|move|p1b: Delphox|Heat Wave|p2b: Torterra|[spread] p2a,p2b\n|-resisted|p2a: Tyranitar|1\n|-supereffective|p2b: Torterra|1\n|-damage|p2a: Tyranitar|79/100\n|-damage|p2b: Torterra|0 fnt\n|faint|p2b: Torterra\n|move|p2a: Tyranitar|Crunch|p1b: Delphox\n|-supereffective|p1b: Delphox|1\n|-damage|p1b: Delphox|0 fnt\n|faint|p1b: Delphox\n|\n|-weather|Sandstorm|[upkeep]\n|upkeep\n|\n|t:|1776181690\n|switch|p1b: Rotom|Rotom-Wash, L50|100/100\n|turn|6\n|\n|t:|1776181697\n|move|p1a: Aerodactyl|Rock Slide|p2a: Tyranitar\n|-damage|p2a: Tyranitar|60/100\n|move|p1b: Rotom|Will-O-Wisp|p2a: Tyranitar\n|-status|p2a: Tyranitar|brn\n|move|p2a: Tyranitar|Breaking Swipe|p1b: Rotom|[spread] p1a,p1b\n|-damage|p1a: Aerodactyl|0 fnt\n|-damage|p1b: Rotom|92/100\n|-unboost|p1b: Rotom|atk|1\n|faint|p1a: Aerodactyl\n|\n|-weather|Sandstorm|[upkeep]\n|-damage|p1b: Rotom|86/100|[from] Sandstorm\n|-damage|p2a: Tyranitar|54/100 brn|[from] brn\n|upkeep\n|turn|7\n|\n|t:|1776181712\n|move|p1b: Rotom|Hydro Pump|p2a: Tyranitar\n|-supereffective|p2a: Tyranitar|1\n|-damage|p2a: Tyranitar|14/100 brn\n|move|p2a: Tyranitar|Crunch|p1b: Rotom\n|-damage|p1b: Rotom|60/100\n|\n|-weather|Sandstorm|[upkeep]\n|-damage|p1b: Rotom|55/100|[from] Sandstorm\n|-damage|p2a: Tyranitar|8/100 brn|[from] brn\n|upkeep\n|turn|8\n|-message|Torquar forfeited.\n|\n|win|vicoccoss\n|raw|vicoccoss's rating: 1083 &rarr; <strong>1105</strong><br />(+22 for winning)\n|raw|Torquar's rating: 1009 &rarr; <strong>1000</strong><br />(-9 for losing)\n|l|\u2606Torquar\n|player|p2|\n",
  "uploadtime": 1776181742,
  "views": 22,
  "formatid": "gen9championsvgc2026regma",
  "rating": 1000,
  "private": 0,
  "password": null
}