{
  "id": "gen9championsvgc2026regma-2585394298",
  "format": "[Gen 9 Champions] VGC 2026 Reg M-A",
  "players": [
    "Munchlaxxxed",
    "Mildly Displeased"
  ],
  "log": "|j|\u2606Munchlaxxxed\n|j|\u203dMildly Displeased\n|t:|1776344055\n|gametype|doubles\n|player|p1|Munchlaxxxed|265|1304\n|player|p2|Mildly Displeased|dawn|1373\n|gen|9\n|tier|[Gen 9 Champions] VGC 2026 Reg M-A\n|rated|\n|rule|Species Clause: Limit one of each Pok\u00e9mon\n|rule|Item Clause: Limit 1 of each item\n|clearpoke\n|poke|p1|Aerodactyl, L50, M|\n|poke|p1|Charizard, L50, F|\n|poke|p1|Venusaur, L50, M|\n|poke|p1|Aegislash, L50, M|\n|poke|p1|Sneasler, L50, M|\n|poke|p1|Milotic, L50, M|\n|poke|p2|Basculegion, L50, M|\n|poke|p2|Primarina, L50, F|\n|poke|p2|Archaludon, L50, F|\n|poke|p2|Pelipper, L50, F|\n|poke|p2|Sneasler, L50, F|\n|poke|p2|Scizor, L50, M|\n|teampreview|4\n|inactive|Battle timer is ON: inactive players will automatically lose when time's up. (requested by Mildly Displeased)\n|inactive|Munchlaxxxed has 60 seconds left.\n|inactive|Mildly Displeased has 60 seconds left.\n|\n|t:|1776344092\n|teamsize|p1|4\n|teamsize|p2|4\n|start\n|switch|p1a: Sneasler|Sneasler, L50, M|100/100\n|switch|p1b: Aerodactyl|Aerodactyl, L50, M|100/100\n|switch|p2a: Sneasler|Sneasler, L50, F|100/100\n|switch|p2b: Scizor|Scizor, L50, M|100/100\n|turn|1\n|\n|t:|1776344103\n|detailschange|p2b: Scizor|Scizor-Mega, L50, M\n|-mega|p2b: Scizor|Scizor|Scizorite\n|move|p2a: Sneasler|Fake Out|p1b: Aerodactyl\n|-resisted|p1b: Aerodactyl|1\n|-damage|p1b: Aerodactyl|90/100\n|-status|p1b: Aerodactyl|psn|[from] ability: Poison Touch|[of] p2a: Sneasler\n|move|p1a: Sneasler|Fake Out|p2b: Scizor\n|-resisted|p2b: Scizor|1\n|-damage|p2b: Scizor|95/100\n|cant|p1b: Aerodactyl|flinch\n|cant|p2b: Scizor|flinch\n|\n|-damage|p1b: Aerodactyl|78/100 psn|[from] psn\n|upkeep\n|turn|2\n|\n|t:|1776344116\n|move|p2b: Scizor|Bullet Punch|p1b: Aerodactyl\n|-supereffective|p1b: Aerodactyl|1\n|-damage|p1b: Aerodactyl|0 fnt\n|faint|p1b: Aerodactyl\n|move|p2a: Sneasler|U-turn|p1a: Sneasler\n|-resisted|p1a: Sneasler|2\n|-damage|p1a: Sneasler|89/100\n|-immune|p1a: Sneasler\n|\n|t:|1776344122\n|switch|p2a: Pelipper|Pelipper, L50, F|100/100|[from] U-turn\n|-weather|RainDance|[from] ability: Drizzle|[of] p2a: Pelipper\n|move|p1a: Sneasler|Close Combat|p2b: Scizor\n|-damage|p2b: Scizor|47/100\n|-unboost|p1a: Sneasler|def|1\n|-unboost|p1a: Sneasler|spd|1\n|-enditem|p1a: Sneasler|White Herb\n|-clearnegativeboost|p1a: Sneasler|[silent]\n|\n|-weather|RainDance|[upkeep]\n|upkeep\n|\n|t:|1776344130\n|switch|p1b: Charizard|Charizard, L50, F|100/100\n|turn|3\n|inactive|Mildly Displeased has 30 seconds left.\n|\n|t:|1776344168\n|detailschange|p1b: Charizard|Charizard-Mega-Y, L50, F\n|-mega|p1b: Charizard|Charizard|Charizardite Y\n|-weather|SunnyDay|[from] ability: Drought|[of] p1b: Charizard\n|move|p2a: Pelipper|Wide Guard|p2a: Pelipper\n|-singleturn|p2a: Pelipper|Wide Guard\n|move|p1a: Sneasler|Acid Spray|p2a: Pelipper\n|-damage|p2a: Pelipper|92/100\n|-unboost|p2a: Pelipper|spd|2\n|move|p1b: Charizard|Heat Wave|p2b: Scizor|[spread] \n|-activate|p2a: Pelipper|move: Wide Guard\n|-activate|p2b: Scizor|move: Wide Guard\n|move|p2b: Scizor|Dual Wingbeat|p1a: Sneasler\n|-supereffective|p1a: Sneasler|1\n|-damage|p1a: Sneasler|9/100\n|-supereffective|p1a: Sneasler|1\n|-damage|p1a: Sneasler|0 fnt\n|faint|p1a: Sneasler\n|-hitcount|p1: Sneasler|2\n|\n|-weather|SunnyDay|[upkeep]\n|upkeep\n|\n|t:|1776344177\n|switch|p1a: Aegislash|Aegislash, L50, M|100/100\n|turn|4\n|\n|t:|1776344199\n|move|p2b: Scizor|Bullet Punch|p1b: Charizard\n|-resisted|p1b: Charizard|1\n|-damage|p1b: Charizard|74/100\n|move|p1b: Charizard|Fire Blast|p2a: Pelipper\n|-resisted|p2a: Pelipper|1\n|-damage|p2a: Pelipper|0 fnt\n|faint|p2a: Pelipper\n|-formechange|p1a: Aegislash|Aegislash-Blade|\n|move|p1a: Aegislash|Poltergeist|p2b: Scizor\n|-activate|p2b: Scizor|move: Poltergeist|Scizorite\n|-damage|p2b: Scizor|2/100\n|\n|-weather|SunnyDay|[upkeep]\n|upkeep\n|\n|t:|1776344210\n|switch|p2a: Sneasler|Sneasler, L50, F|100/100\n|turn|5\n|\n|t:|1776344219\n|move|p1b: Charizard|Protect|p1b: Charizard\n|-singleturn|p1b: Charizard|Protect\n|move|p2a: Sneasler|Fake Out|p1b: Charizard\n|-activate|p1b: Charizard|move: Protect\n|move|p1a: Aegislash|Iron Head|p2b: Scizor\n|-resisted|p2b: Scizor|1\n|-damage|p2b: Scizor|0 fnt\n|faint|p2b: Scizor\n|\n|-weather|SunnyDay|[upkeep]\n|upkeep\n|\n|t:|1776344221\n|switch|p2b: Archaludon|Archaludon, L50, F|100/100\n|turn|6\n|\n|t:|1776344235\n|move|p2a: Sneasler|Dire Claw|p1b: Charizard\n|-damage|p1b: Charizard|14/100\n|-status|p1b: Charizard|psn|[from] ability: Poison Touch|[of] p2a: Sneasler\n|move|p1b: Charizard|Fire Blast|p2b: Archaludon\n|-damage|p2b: Archaludon|0 fnt\n|faint|p2b: Archaludon\n|move|p1a: Aegislash|Poltergeist|p2a: Sneasler\n|-activate|p2a: Sneasler|move: Poltergeist|Focus Sash\n|-enditem|p2a: Sneasler|Focus Sash\n|-damage|p2a: Sneasler|1/100\n|\n|-weather|SunnyDay|[upkeep]\n|-damage|p1b: Charizard|2/100 psn|[from] psn\n|upkeep\n|turn|7\n|\n|t:|1776344251\n|move|p1b: Charizard|Protect|p1b: Charizard\n|-singleturn|p1b: Charizard|Protect\n|move|p1a: Aegislash|Shadow Sneak|p2a: Sneasler\n|-damage|p2a: Sneasler|0 fnt\n|faint|p2a: Sneasler\n|\n|win|Munchlaxxxed\n|raw|Munchlaxxxed's rating: 1304 &rarr; <strong>1328</strong><br />(+24 for winning)\n|raw|Mildly Displeased's rating: 1373 &rarr; <strong>1349</strong><br />(-24 for losing)\n",
  "uploadtime": 1776344251,
  "views": 28,
  "formatid": "gen9championsvgc2026regma",
  "rating": 1328,
  "private": 0,
  "password": null
}