{
  "id": "gen9championsvgc2026regma-2584731431",
  "format": "[Gen 9 Champions] VGC 2026 Reg M-A",
  "players": [
    "5wamp",
    "InvincibleVGC"
  ],
  "log": "|j|\u26065wamp\n|j|\u2606InvincibleVGC\n|t:|1776279698\n|gametype|doubles\n|player|p1|5wamp|iono-masters|1206\n|player|p2|InvincibleVGC|265|1133\n|gen|9\n|tier|[Gen 9 Champions] VGC 2026 Reg M-A\n|rated|\n|rule|Species Clause: Limit one of each Pok\u00e9mon\n|rule|Item Clause: Limit 1 of each item\n|clearpoke\n|poke|p1|Floette-Eternal, L50, F|\n|poke|p1|Sneasler, L50, M|\n|poke|p1|Aerodactyl, L50, F|\n|poke|p1|Delphox, L50, F|\n|poke|p1|Garchomp, L50, F|\n|poke|p1|Kingambit, L50, F|\n|poke|p2|Venusaur, L50, M|\n|poke|p2|Arcanine, L50, F|\n|poke|p2|Rotom-Wash, L50|\n|poke|p2|Garchomp, L50, M|\n|poke|p2|Corviknight, L50, M|\n|poke|p2|Sneasler, L50, M|\n|teampreview|4\n|inactive|Battle timer is ON: inactive players will automatically lose when time's up. (requested by 5wamp)\n|inactive|5wamp has 60 seconds left.\n|\n|t:|1776279734\n|teamsize|p1|4\n|teamsize|p2|4\n|start\n|switch|p1a: Delphox|Delphox, L50, F|100/100\n|switch|p1b: Sneasler|Sneasler, L50, M|100/100\n|switch|p2a: Venusaur|Venusaur, L50, M|100/100\n|switch|p2b: Rotom|Rotom-Wash, L50|100/100\n|turn|1\n|\n|t:|1776279759\n|detailschange|p1a: Delphox|Delphox-Mega, L50, F\n|-mega|p1a: Delphox|Delphox|Delphoxite\n|detailschange|p2a: Venusaur|Venusaur-Mega, L50, M\n|-mega|p2a: Venusaur|Venusaur|Venusaurite\n|move|p1b: Sneasler|Fake Out|p2b: Rotom\n|-damage|p2b: Rotom|82/100\n|cant|p2b: Rotom|flinch\n|move|p1a: Delphox|Substitute|p1a: Delphox\n|-start|p1a: Delphox|Substitute\n|-damage|p1a: Delphox|76/100\n|move|p2a: Venusaur|Leech Seed|p1a: Delphox|[miss]\n|-miss|p2a: Venusaur|p1a: Delphox\n|\n|upkeep\n|turn|2\n|inactive|5wamp has 30 seconds left.\n|inactive|InvincibleVGC has 30 seconds left.\n|\n|t:|1776279788\n|move|p2b: Rotom|Volt Switch|p1a: Delphox\n|-end|p1a: Delphox|Substitute\n|\n|t:|1776279794\n|switch|p2b: Garchomp|Garchomp, L50, M|100/100|[from] Volt Switch\n|move|p1a: Delphox|Heat Wave|p2b: Garchomp|[spread] p2a,p2b\n|-supereffective|p2a: Venusaur|1\n|-resisted|p2b: Garchomp|1\n|-damage|p2a: Venusaur|68/100\n|-damage|p2b: Garchomp|79/100\n|-status|p2b: Garchomp|brn\n|move|p1b: Sneasler|Close Combat|p2b: Garchomp\n|-damage|p2b: Garchomp|16/100 brn\n|-unboost|p1b: Sneasler|def|1\n|-unboost|p1b: Sneasler|spd|1\n|-damage|p1b: Sneasler|88/100|[from] ability: Rough Skin|[of] p2b: Garchomp\n|-enditem|p1b: Sneasler|White Herb\n|-clearnegativeboost|p1b: Sneasler|[silent]\n|move|p2a: Venusaur|Sludge Bomb|p1a: Delphox\n|-damage|p1a: Delphox|35/100\n|\n|-damage|p2b: Garchomp|11/100 brn|[from] brn\n|upkeep\n|turn|3\n|inactive|InvincibleVGC has 30 seconds left.\n|\n|t:|1776279824\n|move|p2a: Venusaur|Protect|p2a: Venusaur\n|-singleturn|p2a: Venusaur|Protect\n|move|p1b: Sneasler|Dire Claw|p2b: Garchomp\n|-resisted|p2b: Garchomp|1\n|-crit|p2b: Garchomp\n|-damage|p2b: Garchomp|0 fnt\n|-damage|p1b: Sneasler|76/100|[from] ability: Rough Skin|[of] p2b: Garchomp\n|faint|p2b: Garchomp\n|move|p1a: Delphox|Substitute|p1a: Delphox\n|-start|p1a: Delphox|Substitute\n|-damage|p1a: Delphox|10/100\n|\n|upkeep\n|\n|t:|1776279840\n|switch|p2b: Rotom|Rotom-Wash, L50|82/100\n|turn|4\n|\n|t:|1776279848\n|move|p1b: Sneasler|Close Combat|p2b: Rotom\n|-damage|p2b: Rotom|3/100\n|-unboost|p1b: Sneasler|def|1\n|-unboost|p1b: Sneasler|spd|1\n|move|p2b: Rotom|Discharge|p1b: Sneasler|[spread] p2a,p1a,p1b\n|-crit|p1a: Delphox\n|-end|p1a: Delphox|Substitute\n|-resisted|p2a: Venusaur|1\n|-damage|p2a: Venusaur|59/100\n|-damage|p1b: Sneasler|19/100\n|-status|p1b: Sneasler|par\n|move|p1a: Delphox|Psychic|p2a: Venusaur\n|-supereffective|p2a: Venusaur|1\n|-damage|p2a: Venusaur|0 fnt\n|faint|p2a: Venusaur\n|\n|upkeep\n|\n|t:|1776279860\n|switch|p2a: Sneasler|Sneasler, L50, M|100/100\n|turn|5\n|\n|t:|1776279867\n|move|p1a: Delphox|Protect|p1a: Delphox\n|-singleturn|p1a: Delphox|Protect\n|move|p2a: Sneasler|Fake Out|p1b: Sneasler\n|-damage|p1b: Sneasler|0 fnt\n|faint|p1b: Sneasler\n|move|p2b: Rotom|Discharge|p1a: Delphox|[spread] p2a\n|-activate|p1a: Delphox|move: Protect\n|-damage|p2a: Sneasler|66/100\n|\n|upkeep\n|\n|t:|1776279872\n|switch|p1b: Garchomp|Garchomp, L50, F|100/100\n|turn|6\n|\n|t:|1776279878\n|move|p2b: Rotom|Discharge|p1a: Delphox|[spread] p2a,p1a\n|-immune|p1b: Garchomp\n|-damage|p2a: Sneasler|27/100\n|-damage|p1a: Delphox|0 fnt\n|faint|p1a: Delphox\n|move|p2a: Sneasler|Close Combat|p1b: Garchomp\n|-damage|p1b: Garchomp|42/100\n|-unboost|p2a: Sneasler|def|1\n|-unboost|p2a: Sneasler|spd|1\n|-damage|p2a: Sneasler|15/100|[from] ability: Rough Skin|[of] p1b: Garchomp\n|move|p1b: Garchomp|Stomping Tantrum|p2a: Sneasler\n|-supereffective|p2a: Sneasler|1\n|-damage|p2a: Sneasler|0 fnt\n|faint|p2a: Sneasler\n|\n|upkeep\n|\n|t:|1776279882\n|switch|p1a: Floette|Floette-Eternal, L50, F|100/100\n|turn|7\n|\n|t:|1776279888\n|move|p2b: Rotom|Discharge|p1b: Garchomp|[spread] p1a\n|-immune|p1b: Garchomp\n|-damage|p1a: Floette|74/100\n|move|p1a: Floette|Moonblast|p2b: Rotom\n|-damage|p2b: Rotom|0 fnt\n|faint|p2b: Rotom\n|\n|win|5wamp\n|raw|5wamp's rating: 1206 &rarr; <strong>1226</strong><br />(+20 for winning)\n|raw|InvincibleVGC's rating: 1133 &rarr; <strong>1113</strong><br />(-20 for losing)\n",
  "uploadtime": 1776279889,
  "views": 16,
  "formatid": "gen9championsvgc2026regma",
  "rating": 1113,
  "private": 0,
  "password": null
}