{
  "id": "gen9championsvgc2026regma-2582244288",
  "format": "[Gen 9 Champions] VGC 2026 Reg M-A",
  "players": [
    "houses3\u80e1\u841d\u535c\u4fa0",
    "albertito2005"
  ],
  "log": "|j|\u2606houses3\u80e1\u841d\u535c\u4fa0\n|j|\u2606albertito2005\n|t:|1776075484\n|gametype|doubles\n|player|p1|houses3\u80e1\u841d\u535c\u4fa0|169|1311\n|player|p2|albertito2005|veteran|1341\n|gen|9\n|tier|[Gen 9 Champions] VGC 2026 Reg M-A\n|rated|\n|rule|Species Clause: Limit one of each Pok\u00e9mon\n|rule|Item Clause: Limit 1 of each item\n|clearpoke\n|poke|p1|Charizard, L50, F|\n|poke|p1|Sneasler, L50, M|\n|poke|p1|Basculegion, L50, M|\n|poke|p1|Garchomp, L50, F|\n|poke|p1|Incineroar, L50, F|\n|poke|p1|Venusaur, L50, F|\n|poke|p2|Delphox, L50, M|\n|poke|p2|Gyarados, L50, M|\n|poke|p2|Sneasler, L50, F|\n|poke|p2|Excadrill, L50, F|\n|poke|p2|Sinistcha, L50|\n|poke|p2|Tyranitar, L50, M|\n|teampreview|4\n|inactive|Battle timer is ON: inactive players will automatically lose when time's up. (requested by albertito2005)\n|\n|t:|1776075517\n|teamsize|p1|4\n|teamsize|p2|4\n|start\n|switch|p1a: Sneasler|Sneasler, L50, M|100/100\n|switch|p1b: Basculegion|Basculegion, L50, M|100/100\n|switch|p2a: Sneasler|Sneasler, L50, F|100/100\n|switch|p2b: Delphox|Delphox, L50, M|100/100\n|turn|1\n|\n|t:|1776075535\n|detailschange|p2b: Delphox|Delphox-Mega, L50, M\n|-mega|p2b: Delphox|Delphox|Delphoxite\n|move|p2b: Delphox|Protect|p2b: Delphox\n|-singleturn|p2b: Delphox|Protect\n|move|p1b: Basculegion|Flip Turn|p2a: Sneasler\n|-damage|p2a: Sneasler|32/100\n|\n|t:|1776075543\n|switch|p1b: Incineroar|Incineroar, L50, F|100/100|[from] Flip Turn\n|-ability|p1b: Incineroar|Intimidate|boost\n|-unboost|p2a: Sneasler|atk|1\n|-unboost|p2b: Delphox|atk|1\n|-enditem|p2a: Sneasler|White Herb\n|-clearnegativeboost|p2a: Sneasler|[silent]\n|move|p2a: Sneasler|Close Combat|p1a: Sneasler\n|-resisted|p1a: Sneasler|1\n|-damage|p1a: Sneasler|49/100\n|-unboost|p2a: Sneasler|def|1\n|-unboost|p2a: Sneasler|spd|1\n|move|p1a: Sneasler|Rock Slide|p2a: Sneasler|[spread] \n|-activate|p2b: Delphox|move: Protect\n|-miss|p1a: Sneasler|p2a: Sneasler\n|\n|upkeep\n|turn|2\n|inactive|albertito2005 has 30 seconds left.\n|\n|t:|1776075573\n|switch|p1b: Basculegion|Basculegion, L50, M|100/100\n|move|p2a: Sneasler|Protect|p2a: Sneasler\n|-singleturn|p2a: Sneasler|Protect\n|move|p1a: Sneasler|Protect|p1a: Sneasler\n|-singleturn|p1a: Sneasler|Protect\n|move|p2b: Delphox|Substitute|p2b: Delphox\n|-start|p2b: Delphox|Substitute\n|-damage|p2b: Delphox|76/100\n|\n|upkeep\n|turn|3\n|inactive|albertito2005 has 30 seconds left.\n|\n|t:|1776075599\n|switch|p2a: Gyarados|Gyarados, L50, M|100/100\n|-ability|p2a: Gyarados|Intimidate|boost\n|-unboost|p1a: Sneasler|atk|1\n|-unboost|p1b: Basculegion|atk|1\n|-enditem|p1a: Sneasler|White Herb\n|-clearnegativeboost|p1a: Sneasler|[silent]\n|move|p1a: Sneasler|Close Combat|p2a: Gyarados\n|-resisted|p2a: Gyarados|1\n|-damage|p2a: Gyarados|60/100\n|-unboost|p1a: Sneasler|def|1\n|-unboost|p1a: Sneasler|spd|1\n|move|p1b: Basculegion|Flip Turn|p2b: Delphox\n|-supereffective|p2b: Delphox|1\n|-end|p2b: Delphox|Substitute\n|\n|t:|1776075603\n|switch|p1b: Incineroar|Incineroar, L50, F|100/100|[from] Flip Turn\n|-ability|p1b: Incineroar|Intimidate|boost\n|-unboost|p2a: Gyarados|atk|1\n|-unboost|p2b: Delphox|atk|1\n|move|p2b: Delphox|Heat Wave|p1b: Incineroar|[spread] p1a\n|-miss|p2b: Delphox|p1b: Incineroar\n|-damage|p1a: Sneasler|0 fnt\n|faint|p1a: Sneasler\n|\n|upkeep\n|\n|t:|1776075623\n|switch|p1a: Basculegion|Basculegion, L50, M|100/100\n|turn|4\n|\n|t:|1776075639\n|switch|p2a: Tyranitar|Tyranitar, L50, M|100/100\n|-weather|Sandstorm|[from] ability: Sand Stream|[of] p2a: Tyranitar\n|move|p2b: Delphox|Protect|p2b: Delphox\n|-singleturn|p2b: Delphox|Protect\n|move|p1a: Basculegion|Flip Turn|p2a: Tyranitar\n|-supereffective|p2a: Tyranitar|1\n|-damage|p2a: Tyranitar|39/100\n|\n|t:|1776075648\n|switch|p1a: Charizard|Charizard, L50, F|100/100|[from] Flip Turn\n|move|p1b: Incineroar|Throat Chop|p2b: Delphox\n|-activate|p2b: Delphox|move: Protect\n|\n|-weather|Sandstorm|[upkeep]\n|-damage|p2b: Delphox|70/100|[from] Sandstorm\n|-damage|p1a: Charizard|95/100|[from] Sandstorm\n|-damage|p1b: Incineroar|95/100|[from] Sandstorm\n|upkeep\n|turn|5\n|inactive|houses3\u80e1\u841d\u535c\u4fa0 has 30 seconds left.\n|\n|t:|1776075678\n|switch|p2a: Gyarados|Gyarados, L50, M|60/100\n|-ability|p2a: Gyarados|Intimidate|boost\n|-unboost|p1a: Charizard|atk|1\n|-unboost|p1b: Incineroar|atk|1\n|switch|p1b: Basculegion|Basculegion, L50, M|100/100\n|move|p1a: Charizard|Protect|p1a: Charizard\n|-singleturn|p1a: Charizard|Protect\n|move|p2b: Delphox|Psychic|p1a: Charizard\n|-activate|p1a: Charizard|move: Protect\n|\n|-weather|Sandstorm|[upkeep]\n|-damage|p1b: Basculegion|94/100|[from] Sandstorm\n|-damage|p2b: Delphox|64/100|[from] Sandstorm\n|-damage|p1a: Charizard|89/100|[from] Sandstorm\n|-damage|p2a: Gyarados|54/100|[from] Sandstorm\n|upkeep\n|turn|6\n|inactive|houses3\u80e1\u841d\u535c\u4fa0 has 30 seconds left.\n|\n|t:|1776075712\n|switch|p1a: Incineroar|Incineroar, L50, F|95/100\n|-ability|p1a: Incineroar|Intimidate|boost\n|-unboost|p2a: Gyarados|atk|1\n|-unboost|p2b: Delphox|atk|1\n|move|p2b: Delphox|Protect|p2b: Delphox\n|-singleturn|p2b: Delphox|Protect\n|move|p1b: Basculegion|Wave Crash|p2b: Delphox\n|-activate|p2b: Delphox|move: Protect\n|move|p2a: Gyarados|Crunch|p1b: Basculegion\n|-supereffective|p1b: Basculegion|1\n|-damage|p1b: Basculegion|51/100\n|\n|-weather|Sandstorm|[upkeep]\n|-damage|p1b: Basculegion|45/100|[from] Sandstorm\n|-damage|p2b: Delphox|58/100|[from] Sandstorm\n|-damage|p2a: Gyarados|48/100|[from] Sandstorm\n|-damage|p1a: Incineroar|89/100|[from] Sandstorm\n|upkeep\n|turn|7\n|inactive|albertito2005 has 30 seconds left.\n|inactive|albertito2005 has 20 seconds left.\n|\n|t:|1776075748\n|move|p2a: Gyarados|Protect|p2a: Gyarados\n|-singleturn|p2a: Gyarados|Protect\n|move|p1a: Incineroar|Fake Out|p2a: Gyarados\n|-activate|p2a: Gyarados|move: Protect\n|move|p1b: Basculegion|Wave Crash|p2b: Delphox\n|-supereffective|p2b: Delphox|1\n|-damage|p2b: Delphox|0 fnt\n|faint|p2b: Delphox\n|-damage|p1b: Basculegion|30/100|[from] Recoil\n|\n|-weather|Sandstorm|[upkeep]\n|-damage|p1b: Basculegion|24/100|[from] Sandstorm\n|-damage|p2a: Gyarados|42/100|[from] Sandstorm\n|-damage|p1a: Incineroar|83/100|[from] Sandstorm\n|upkeep\n|\n|t:|1776075760\n|switch|p2b: Sneasler|Sneasler, L50, F|32/100\n|turn|8\n|inactive|albertito2005 has 30 seconds left.\n|\n|t:|1776075787\n|switch|p1b: Charizard|Charizard, L50, F|89/100\n|move|p2b: Sneasler|Protect|p2b: Sneasler\n|-singleturn|p2b: Sneasler|Protect\n|move|p2a: Gyarados|Waterfall|p1b: Charizard\n|-supereffective|p1b: Charizard|1\n|-damage|p1b: Charizard|28/100\n|move|p1a: Incineroar|Parting Shot|p2b: Sneasler\n|-activate|p2b: Sneasler|move: Protect\n|\n|-weather|none\n|upkeep\n|turn|9\n|\n|t:|1776075810\n|detailschange|p1b: Charizard|Charizard-Mega-Y, L50, F\n|-mega|p1b: Charizard|Charizard|Charizardite Y\n|-weather|SunnyDay|[from] ability: Drought|[of] p1b: Charizard\n|move|p2b: Sneasler|Dire Claw|p1b: Charizard\n|-damage|p1b: Charizard|0 fnt\n|faint|p1b: Charizard\n|move|p2a: Gyarados|Crunch|p1a: Incineroar\n|-resisted|p1a: Incineroar|1\n|-damage|p1a: Incineroar|74/100\n|move|p1a: Incineroar|Parting Shot|p2b: Sneasler\n|-unboost|p2b: Sneasler|atk|1\n|-unboost|p2b: Sneasler|spa|1\n|\n|t:|1776075820\n|switch|p1a: Basculegion|Basculegion, L50, M|24/100|[from] Parting Shot\n|\n|-weather|SunnyDay|[upkeep]\n|upkeep\n|\n|t:|1776075822\n|switch|p1b: Incineroar|Incineroar, L50, F|74/100\n|-ability|p1b: Incineroar|Intimidate|boost\n|-unboost|p2a: Gyarados|atk|1\n|-unboost|p2b: Sneasler|atk|1\n|turn|10\n|\n|t:|1776075847\n|move|p2b: Sneasler|Protect|p2b: Sneasler\n|-singleturn|p2b: Sneasler|Protect\n|move|p2a: Gyarados|Protect|p2a: Gyarados\n|-singleturn|p2a: Gyarados|Protect\n|move|p1a: Basculegion|Last Respects|p2a: Gyarados\n|-activate|p2a: Gyarados|move: Protect\n|move|p1b: Incineroar|Flare Blitz|p2b: Sneasler\n|-activate|p2b: Sneasler|move: Protect\n|\n|-weather|SunnyDay|[upkeep]\n|upkeep\n|turn|11\n|inactive|albertito2005 has 30 seconds left.\n|inactive|albertito2005 has 20 seconds left.\n|\n|t:|1776075882\n|move|p1a: Basculegion|Last Respects|p2a: Gyarados\n|-damage|p2a: Gyarados|0 fnt\n|faint|p2a: Gyarados\n|move|p2b: Sneasler|Dire Claw|p1a: Basculegion\n|-resisted|p1a: Basculegion|1\n|-damage|p1a: Basculegion|12/100\n|move|p1b: Incineroar|Flare Blitz|p2b: Sneasler\n|-damage|p2b: Sneasler|0 fnt\n|faint|p2b: Sneasler\n|-damage|p1b: Incineroar|66/100|[from] Recoil\n|\n|-weather|SunnyDay|[upkeep]\n|upkeep\n|\n|t:|1776075894\n|switch|p2b: Tyranitar|Tyranitar, L50, M|39/100\n|-weather|Sandstorm|[from] ability: Sand Stream|[of] p2b: Tyranitar\n|turn|12\n|\n|t:|1776075899\n|move|p1a: Basculegion|Last Respects|p2b: Tyranitar\n|-resisted|p2b: Tyranitar|1\n|-damage|p2b: Tyranitar|1/100\n|move|p2b: Tyranitar|Rock Slide|p1b: Incineroar|[spread] p1a\n|-miss|p2b: Tyranitar|p1b: Incineroar\n|-damage|p1a: Basculegion|0 fnt\n|faint|p1a: Basculegion\n|move|p1b: Incineroar|Flare Blitz|p2b: Tyranitar\n|-resisted|p2b: Tyranitar|1\n|-damage|p2b: Tyranitar|0 fnt\n|faint|p2b: Tyranitar\n|-damage|p1b: Incineroar|66/100|[from] Recoil\n|\n|win|houses3\u80e1\u841d\u535c\u4fa0\n|raw|houses3\u80e1\u841d\u535c\u4fa0's rating: 1311 &rarr; <strong>1333</strong><br />(+22 for winning)\n|raw|albertito2005's rating: 1341 &rarr; <strong>1319</strong><br />(-22 for losing)\n",
  "uploadtime": 1776075906,
  "views": 25,
  "formatid": "gen9championsvgc2026regma",
  "rating": 1319,
  "private": 0,
  "password": null
}