{
  "id": "gen9championsvgc2026regma-2584795935",
  "format": "[Gen 9 Champions] VGC 2026 Reg M-A",
  "players": [
    "sirae",
    "Yin_LITE"
  ],
  "log": "|j|\u2606sirae\n|j|\u2606Yin_LITE\n|t:|1776284264\n|gametype|doubles\n|player|p1|sirae|caitlin|1357\n|player|p2|Yin_LITE|266|1260\n|gen|9\n|tier|[Gen 9 Champions] VGC 2026 Reg M-A\n|rated|\n|rule|Species Clause: Limit one of each Pok\u00e9mon\n|rule|Item Clause: Limit 1 of each item\n|clearpoke\n|poke|p1|Incineroar, L50, F|\n|poke|p1|Gengar, L50, F|\n|poke|p1|Archaludon, L50, F|\n|poke|p1|Farigiraf, L50, F|\n|poke|p1|Pelipper, L50, F|\n|poke|p1|Blastoise, L50, F|\n|poke|p2|Zoroark-Hisui, L50, M|\n|poke|p2|Incineroar, L50, M|\n|poke|p2|Froslass, L50, F|\n|poke|p2|Goodra-Hisui, L50, M|\n|poke|p2|Sneasler, L50, F|\n|poke|p2|Araquanid, L50, M|\n|teampreview|4\n|inactive|Battle timer is ON: inactive players will automatically lose when time's up. (requested by sirae)\n|inactive|sirae has 60 seconds left.\n|\n|t:|1776284304\n|teamsize|p1|4\n|teamsize|p2|4\n|start\n|switch|p1a: Archaludon|Archaludon, L50, F|100/100\n|switch|p1b: Pelipper|Pelipper, L50, F|100/100\n|switch|p2a: Froslass|Froslass, L50, F, shiny|100/100\n|switch|p2b: Goodra|Goodra-Hisui, L50, M, shiny|100/100\n|-weather|RainDance|[from] ability: Drizzle|[of] p1b: Pelipper\n|turn|1\n|\n|t:|1776284323\n|detailschange|p2a: Froslass|Froslass-Mega, L50, F, shiny\n|-mega|p2a: Froslass|Froslass|Froslassite\n|-weather|Snowscape|[from] ability: Snow Warning|[of] p2a: Froslass\n|move|p1b: Pelipper|Wide Guard|p1b: Pelipper\n|-singleturn|p1b: Pelipper|Wide Guard\n|move|p2b: Goodra|Snarl|p1a: Archaludon|[spread] \n|-activate|p1a: Archaludon|move: Wide Guard\n|-activate|p1b: Pelipper|move: Wide Guard\n|move|p2a: Froslass|Aurora Veil|p2a: Froslass\n|-sidestart|p2: Yin_LITE|move: Aurora Veil\n|move|p1a: Archaludon|Flash Cannon|p2a: Froslass\n|-supereffective|p2a: Froslass|1\n|-damage|p2a: Froslass|43/100\n|\n|-weather|Snowscape|[upkeep]\n|upkeep\n|turn|2\n|\n|t:|1776284346\n|switch|p2a: Goodra|Goodra-Hisui, L50, M, shiny|100/100\n|move|p1b: Pelipper|Wide Guard|p1b: Pelipper\n|-singleturn|p1b: Pelipper|Wide Guard\n|move|p2b: Goodra|Snarl|p1a: Archaludon|[spread] \n|-activate|p1a: Archaludon|move: Wide Guard\n|-activate|p1b: Pelipper|move: Wide Guard\n|move|p1a: Archaludon|Flash Cannon|p2a: Goodra\n|-resisted|p2a: Goodra|1\n|-damage|p2a: Goodra|92/100\n|\n|-weather|Snowscape|[upkeep]\n|-heal|p2a: Goodra|98/100|[from] item: Leftovers\n|upkeep\n|turn|3\n|\n|t:|1776284365\n|move|p1b: Pelipper|Wide Guard|p1b: Pelipper\n|-singleturn|p1b: Pelipper|Wide Guard\n|move|p2b: Goodra|Snarl|p1b: Pelipper|[spread] \n|-activate|p1a: Archaludon|move: Wide Guard\n|-activate|p1b: Pelipper|move: Wide Guard\n|move|p1a: Archaludon|Flash Cannon|p2b: Goodra\n|-damage|p2b: Goodra|53/100\n|replace|p2b: Zoroark|Zoroark-Hisui, L50, M\n|-end|p2b: Zoroark|Illusion\n|move|p2a: Goodra|Shelter|p2a: Goodra\n|-boost|p2a: Goodra|def|2\n|\n|-weather|Snowscape|[upkeep]\n|-heal|p2a: Goodra|100/100|[from] item: Leftovers\n|upkeep\n|turn|4\n|inactive|sirae has 30 seconds left.\n|\n|t:|1776284401\n|move|p2b: Zoroark|Protect|p2b: Zoroark\n|-singleturn|p2b: Zoroark|Protect\n|move|p1b: Pelipper|Wide Guard|p1b: Pelipper\n|-singleturn|p1b: Pelipper|Wide Guard\n|move|p1a: Archaludon|Dragon Pulse|p2b: Zoroark\n|-activate|p2b: Zoroark|move: Protect\n|move|p2a: Goodra|Shelter|p2a: Goodra\n|-boost|p2a: Goodra|def|2\n|\n|-weather|Snowscape|[upkeep]\n|upkeep\n|turn|5\n|\n|t:|1776284419\n|move|p1a: Archaludon|Protect|p1a: Archaludon\n|-singleturn|p1a: Archaludon|Protect\n|move|p2b: Zoroark|Will-O-Wisp|p1b: Pelipper\n|-status|p1b: Pelipper|brn\n|move|p1b: Pelipper|Muddy Water|p2b: Zoroark|[spread] p2a,p2b\n|-resisted|p2a: Goodra|1\n|-damage|p2a: Goodra|95/100\n|-damage|p2b: Zoroark|18/100\n|move|p2a: Goodra|Body Press|p1a: Archaludon\n|-activate|p1a: Archaludon|move: Protect\n|\n|-weather|none\n|-heal|p2a: Goodra|100/100|[from] item: Leftovers\n|-damage|p1b: Pelipper|94/100 brn|[from] brn\n|-sideend|p2: Yin_LITE|move: Aurora Veil\n|upkeep\n|turn|6\n|\n|t:|1776284439\n|switch|p1a: Farigiraf|Farigiraf, L50, F|100/100\n|move|p2b: Zoroark|Protect|p2b: Zoroark\n|-singleturn|p2b: Zoroark|Protect\n|move|p1b: Pelipper|Muddy Water|p2a: Goodra|[spread] p2a\n|-activate|p2b: Zoroark|move: Protect\n|-resisted|p2a: Goodra|1\n|-damage|p2a: Goodra|91/100\n|move|p2a: Goodra|Body Press|p1a: Farigiraf\n|-damage|p1a: Farigiraf|40/100\n|\n|-heal|p2a: Goodra|97/100|[from] item: Leftovers\n|-heal|p1a: Farigiraf|47/100|[from] item: Leftovers\n|-damage|p1b: Pelipper|88/100 brn|[from] brn\n|upkeep\n|turn|7\n|inactive|Yin_LITE has 30 seconds left.\n|\n|t:|1776284468\n|move|p1a: Farigiraf|Protect|p1a: Farigiraf\n|-singleturn|p1a: Farigiraf|Protect\n|move|p2b: Zoroark|Bitter Malice|p1a: Farigiraf\n|-activate|p1a: Farigiraf|move: Protect\n|move|p1b: Pelipper|Muddy Water|p2b: Zoroark|[spread] p2a,p2b\n|-resisted|p2a: Goodra|1\n|-damage|p2a: Goodra|89/100\n|-damage|p2b: Zoroark|0 fnt\n|faint|p2b: Zoroark\n|move|p2a: Goodra|Body Press|p1a: Farigiraf\n|-activate|p1a: Farigiraf|move: Protect\n|\n|-heal|p1a: Farigiraf|53/100|[from] item: Leftovers\n|-heal|p2a: Goodra|95/100|[from] item: Leftovers\n|-damage|p1b: Pelipper|82/100 brn|[from] brn\n|upkeep\n|\n|t:|1776284472\n|switch|p2b: Froslass|Froslass-Mega, L50, F, shiny|43/100\n|-weather|Snowscape|[from] ability: Snow Warning|[of] p2b: Froslass\n|turn|8\n|inactive|sirae has 30 seconds left.\n|inactive|sirae has 20 seconds left.\n|inactive|sirae has 15 seconds left.\n|inactive|sirae has 10 seconds left.\n|\n|t:|1776284519\n|move|p2b: Froslass|Hex|p1b: Pelipper\n|-damage|p1b: Pelipper|0 fnt\n|faint|p1b: Pelipper\n|move|p2a: Goodra|Body Press|p1a: Farigiraf\n|-damage|p1a: Farigiraf|0 fnt\n|faint|p1a: Farigiraf\n|\n|-weather|Snowscape|[upkeep]\n|-heal|p2a: Goodra|100/100|[from] item: Leftovers\n|upkeep\n|\n|t:|1776284523\n|switch|p1b: Blastoise|Blastoise, L50, F|100/100\n|switch|p1a: Archaludon|Archaludon, L50, F|100/100\n|turn|9\n|\n|t:|1776284535\n|move|p2b: Froslass|Protect|p2b: Froslass\n|-singleturn|p2b: Froslass|Protect\n|move|p1b: Blastoise|Protect|p1b: Blastoise\n|-singleturn|p1b: Blastoise|Protect\n|move|p1a: Archaludon|Flash Cannon|p2b: Froslass\n|-activate|p2b: Froslass|move: Protect\n|move|p2a: Goodra|Body Press|p1a: Archaludon\n|-supereffective|p1a: Archaludon|1\n|-damage|p1a: Archaludon|7/100\n|-ability|p1a: Archaludon|Stamina|boost\n|-boost|p1a: Archaludon|def|1\n|\n|-weather|Snowscape|[upkeep]\n|upkeep\n|turn|10\n|inactive|sirae has 30 seconds left.\n|\n|t:|1776284562\n|detailschange|p1b: Blastoise|Blastoise-Mega, L50, F\n|-mega|p1b: Blastoise|Blastoise|Blastoisinite\n|move|p2b: Froslass|Blizzard|p1a: Archaludon|[spread] p1a,p1b\n|-resisted|p1b: Blastoise|1\n|-damage|p1a: Archaludon|0 fnt\n|-damage|p1b: Blastoise|79/100\n|faint|p1a: Archaludon\n|move|p1b: Blastoise|Shell Smash|p1b: Blastoise\n|-unboost|p1b: Blastoise|def|1\n|-unboost|p1b: Blastoise|spd|1\n|-boost|p1b: Blastoise|atk|2\n|-boost|p1b: Blastoise|spa|2\n|-boost|p1b: Blastoise|spe|2\n|move|p2a: Goodra|Body Press|p1b: Blastoise\n|-damage|p1b: Blastoise|0 fnt\n|faint|p1b: Blastoise\n|\n|win|Yin_LITE\n|raw|sirae's rating: 1357 &rarr; <strong>1332</strong><br />(-25 for losing)\n|raw|Yin_LITE's rating: 1260 &rarr; <strong>1292</strong><br />(+32 for winning)\n|l|\u2606sirae\n|player|p1|\n",
  "uploadtime": 1776284576,
  "views": 35,
  "formatid": "gen9championsvgc2026regma",
  "rating": 1292,
  "private": 0,
  "password": null
}