{
  "id": "gen9championsvgc2026regma-2582369151",
  "format": "[Gen 9 Champions] VGC 2026 Reg M-A",
  "players": [
    "GenericEdgeLrd",
    "I Like Wafflz"
  ],
  "log": "|j|\u2606GenericEdgeLrd\n|j|\u2606I Like Wafflz\n|t:|1776086982\n|gametype|doubles\n|player|p1|GenericEdgeLrd|gentleman-gen4|1000\n|player|p2|I Like Wafflz|170|1000\n|gen|9\n|tier|[Gen 9 Champions] VGC 2026 Reg M-A\n|rated|\n|rule|Species Clause: Limit one of each Pok\u00e9mon\n|rule|Item Clause: Limit 1 of each item\n|clearpoke\n|poke|p1|Glimmora, L50, F|\n|poke|p1|Orthworm, L50, F|\n|poke|p1|Garchomp, L50, M|\n|poke|p1|Tyranitar, L50, F|\n|poke|p1|Sinistcha, L50|\n|poke|p1|Mamoswine, L50, M|\n|poke|p2|Meganium, L50, F|\n|poke|p2|Pelipper, L50, F|\n|poke|p2|Archaludon, L50, F|\n|poke|p2|Basculegion, L50, M|\n|poke|p2|Golurk, L50|\n|poke|p2|Sinistcha, L50|\n|teampreview|4\n|inactive|Battle timer is ON: inactive players will automatically lose when time's up. (requested by I Like Wafflz)\nI Like Wafflz has agreed to open team sheets.\n|\n|t:|1776087012\n|teamsize|p1|4\n|teamsize|p2|4\n|start\n|switch|p1a: Sinistcha|Sinistcha, L50|100/100\n|switch|p1b: Glimmora|Glimmora, L50, F, shiny|100/100\n|switch|p2a: Meganium|Meganium, L50, F|100/100\n|switch|p2b: Basculegion|Basculegion, L50, M|100/100\n|turn|1\n|inactive|I Like Wafflz has 30 seconds left.\n|inactive|GenericEdgeLrd has 30 seconds left.\n|\n|t:|1776087053\n|switch|p1a: Mamoswine|Mamoswine, L50, M|100/100\n|detailschange|p1b: Glimmora|Glimmora-Mega, L50, F, shiny\n|-mega|p1b: Glimmora|Glimmora|Glimmoranite\n|move|p2a: Meganium|Protect|p2a: Meganium\n|-singleturn|p2a: Meganium|Protect\n|move|p2b: Basculegion|Flip Turn|p1b: Glimmora\n|-supereffective|p1b: Glimmora|1\n|-damage|p1b: Glimmora|19/100\n|\n|t:|1776087064\n|switch|p2b: Pelipper|Pelipper, L50, F|100/100|[from] Flip Turn\n|-weather|RainDance|[from] ability: Drizzle|[of] p2b: Pelipper\n|move|p1b: Glimmora|Sludge Wave|p2a: Meganium|[spread] p1a,p2b\n|-activate|p2a: Meganium|move: Protect\n|-resisted|p1a: Mamoswine|1\n|-damage|p1a: Mamoswine|68/100\n|-damage|p2b: Pelipper|4/100\n|\n|-weather|RainDance|[upkeep]\n|upkeep\n|turn|2\n|inactive|I Like Wafflz has 30 seconds left.\n|inactive|I Like Wafflz has 20 seconds left.\n|inactive|I Like Wafflz has 15 seconds left.\n|\n|t:|1776087105\n|switch|p2a: Sinistcha|Sinistcha, L50|100/100\n|-heal|p2b: Pelipper|29/100|[from] ability: Hospitality|[of] p2a: Sinistcha\n|move|p1a: Mamoswine|Ice Shard|p2b: Pelipper\n|-damage|p2b: Pelipper|0 fnt\n|faint|p2b: Pelipper\n|move|p1b: Glimmora|Sludge Wave|p2a: Sinistcha|[spread] p1a,p2a\n|-resisted|p1a: Mamoswine|1\n|-damage|p1a: Mamoswine|36/100\n|-damage|p2a: Sinistcha|47/100\n|-enditem|p2a: Sinistcha|Sitrus Berry|[eat]\n|-heal|p2a: Sinistcha|71/100|[from] item: Sitrus Berry\n|\n|-weather|RainDance|[upkeep]\n|upkeep\n|\n|t:|1776087114\n|switch|p2b: Basculegion|Basculegion, L50, M|100/100\n|turn|3\n|\n|t:|1776087127\n|switch|p1a: Sinistcha|Sinistcha, L50|100/100\n|-heal|p1b: Glimmora|44/100|[from] ability: Hospitality|[of] p1a: Sinistcha\n|move|p1b: Glimmora|Protect|p1b: Glimmora\n|-singleturn|p1b: Glimmora|Protect\n|move|p2b: Basculegion|Flip Turn|p1b: Glimmora\n|-activate|p1b: Glimmora|move: Protect\n|move|p2a: Sinistcha|Matcha Gotcha|p1b: Glimmora|[spread] p1a\n|-activate|p1b: Glimmora|move: Protect\n|-resisted|p1a: Sinistcha|1\n|-damage|p1a: Sinistcha|86/100\n|-heal|p2a: Sinistcha|79/100|[from] drain|[of] p1a: Sinistcha\n|\n|-weather|RainDance|[upkeep]\n|upkeep\n|turn|4\n|\n|t:|1776087148\n|switch|p1a: Mamoswine|Mamoswine, L50, M|36/100\n|move|p2b: Basculegion|Flip Turn|p1b: Glimmora\n|-supereffective|p1b: Glimmora|1\n|-damage|p1b: Glimmora|0 fnt\n|faint|p1b: Glimmora\n|\n|t:|1776087153\n|switch|p2b: Meganium|Meganium, L50, F|100/100|[from] Flip Turn\n|move|p2a: Sinistcha|Matcha Gotcha|p1a: Mamoswine\n|-supereffective|p1a: Mamoswine|1\n|-damage|p1a: Mamoswine|0 fnt\n|-heal|p2a: Sinistcha|100/100|[from] drain|[of] p1a: Mamoswine\n|faint|p1a: Mamoswine\n|\n|-weather|RainDance|[upkeep]\n|upkeep\n|\n|t:|1776087157\n|switch|p1b: Sinistcha|Sinistcha, L50|86/100\n|switch|p1a: Garchomp|Garchomp, L50, M|100/100\n|turn|5\n|inactive|I Like Wafflz has 30 seconds left.\n|\n|t:|1776087184\n|detailschange|p2b: Meganium|Meganium-Mega, L50, F\n|-mega|p2b: Meganium|Meganium|Meganiumite\n|move|p1a: Garchomp|Poison Jab|p2b: Meganium\n|-supereffective|p2b: Meganium|2\n|-damage|p2b: Meganium|0 fnt\n|faint|p2b: Meganium\n|move|p1b: Sinistcha|Shadow Ball|p2a: Sinistcha\n|-supereffective|p2a: Sinistcha|1\n|-damage|p2a: Sinistcha|36/100\n|move|p2a: Sinistcha|Matcha Gotcha|p1a: Garchomp|[spread] p1b\n|-miss|p2a: Sinistcha|p1a: Garchomp\n|-resisted|p1b: Sinistcha|1\n|-damage|p1b: Sinistcha|71/100\n|-heal|p2a: Sinistcha|44/100|[from] drain|[of] p1b: Sinistcha\n|\n|-weather|none\n|upkeep\n|\n|t:|1776087192\n|switch|p2b: Basculegion|Basculegion, L50, M|100/100\n|turn|6\n|\n|t:|1776087213\n|move|p2a: Sinistcha|Rage Powder|p2a: Sinistcha\n|-singleturn|p2a: Sinistcha|move: Rage Powder\n|move|p2b: Basculegion|Last Respects|p1b: Sinistcha\n|-supereffective|p1b: Sinistcha|1\n|-damage|p1b: Sinistcha|0 fnt\n|faint|p1b: Sinistcha\n|move|p1a: Garchomp|Earthquake|p2a: Sinistcha|[spread] p2a,p2b\n|-resisted|p2a: Sinistcha|1\n|-damage|p2a: Sinistcha|27/100\n|-damage|p2b: Basculegion|48/100\n|\n|upkeep\n|turn|7\n|\n|t:|1776087228\n|move|p2b: Basculegion|Last Respects|p1a: Garchomp|[miss]\n|-miss|p2b: Basculegion|p1a: Garchomp\n|move|p1a: Garchomp|Earthquake|p2a: Sinistcha|[spread] p2a,p2b\n|-resisted|p2a: Sinistcha|1\n|-crit|p2a: Sinistcha\n|-damage|p2a: Sinistcha|5/100\n|-damage|p2b: Basculegion|0 fnt\n|faint|p2b: Basculegion\n|move|p2a: Sinistcha|Matcha Gotcha|p1a: Garchomp\n|-damage|p1a: Garchomp|64/100\n|-heal|p2a: Sinistcha|24/100|[from] drain|[of] p1a: Garchomp\n|-status|p1a: Garchomp|brn\n|\n|-damage|p1a: Garchomp|58/100 brn|[from] brn\n|upkeep\n|turn|8\n|-message|I Like Wafflz forfeited.\n|\n|win|GenericEdgeLrd\n|raw|GenericEdgeLrd's rating: 1000 &rarr; <strong>1040</strong><br />(+40 for winning)\n|raw|I Like Wafflz's rating: 1000 &rarr; <strong>1000</strong><br />(+0 for losing)\n|l|\u2606I Like Wafflz\n|player|p2|\n",
  "uploadtime": 1776087244,
  "views": 10,
  "formatid": "gen9championsvgc2026regma",
  "rating": 1000,
  "private": 0,
  "password": null
}