{
  "id": "gen9championsvgc2026regma-2582481878",
  "format": "[Gen 9 Champions] VGC 2026 Reg M-A",
  "players": [
    "heroplayer2026",
    "myluckisthatbad"
  ],
  "log": "|j|\u2606heroplayer2026\n|j|\u2606myluckisthatbad\n|t:|1776094503\n|gametype|doubles\n|player|p1|heroplayer2026|fisherman-gen4|1081\n|player|p2|myluckisthatbad|n|1111\n|gen|9\n|tier|[Gen 9 Champions] VGC 2026 Reg M-A\n|rated|\n|rule|Species Clause: Limit one of each Pok\u00e9mon\n|rule|Item Clause: Limit 1 of each item\n|clearpoke\n|poke|p1|Torkoal, L50, F|\n|poke|p1|Incineroar, L50, M|\n|poke|p1|Venusaur, L50, F|\n|poke|p1|Farigiraf, L50, F|\n|poke|p1|Golurk, L50|\n|poke|p1|Sneasler, L50, F|\n|poke|p2|Hawlucha, L50, F|\n|poke|p2|Snorlax, L50, M|\n|poke|p2|Meowstic, L50, M|\n|poke|p2|Garchomp, L50, M|\n|poke|p2|Gardevoir, L50, F|\n|poke|p2|Starmie, L50|\n|teampreview|4\n|inactive|Battle timer is ON: inactive players will automatically lose when time's up. (requested by myluckisthatbad)\n|inactive|heroplayer2026 has 60 seconds left.\n|\n|t:|1776094557\n|teamsize|p1|4\n|teamsize|p2|4\n|start\n|switch|p1a: Farigiraf|Farigiraf, L50, F|100/100\n|switch|p1b: Incineroar|Incineroar, L50, M|100/100\n|switch|p2a: Wrestler|Hawlucha, L50, F|100/100\n|switch|p2b: Doom|Snorlax, L50, M|100/100\n|-ability|p2a: Wrestler|Mold Breaker\n|-ability|p1b: Incineroar|Intimidate|boost\n|-unboost|p2a: Wrestler|atk|1\n|-unboost|p2b: Doom|atk|1\n|turn|1\n|\n|t:|1776094576\n|move|p2a: Wrestler|Protect|p2a: Wrestler\n|-singleturn|p2a: Wrestler|Protect\n|move|p1b: Incineroar|Will-O-Wisp|p2a: Wrestler\n|-activate|p2a: Wrestler|move: Protect\n|move|p2b: Doom|Body Slam|p1a: Farigiraf\n|-damage|p1a: Farigiraf|83/100\n|-status|p1a: Farigiraf|par\n|cant|p1a: Farigiraf|par\n|\n|upkeep\n|turn|2\n|inactive|heroplayer2026 has 30 seconds left.\n|\n|t:|1776094610\n|detailschange|p2a: Wrestler|Hawlucha-Mega, L50, F\n|-mega|p2a: Wrestler|Hawlucha|Hawluchanite\n|move|p2a: Wrestler|Entrainment|p2b: Doom\n|-ability|p2b: Doom|No Guard|Thick Fat|[from] move: Entrainment|[of] p2a: Wrestler\n|move|p1b: Incineroar|Will-O-Wisp|p2a: Wrestler\n|-status|p2a: Wrestler|brn\n|move|p2b: Doom|Fissure|p1b: Incineroar\n|-damage|p1b: Incineroar|0 fnt\n|faint|p1b: Incineroar\n|-ohko\n|cant|p1a: Farigiraf|par\n|\n|-damage|p2a: Wrestler|95/100 brn|[from] brn\n|upkeep\n|\n|t:|1776094630\n|switch|p1b: Golurk|Golurk, L50|100/100\n|turn|3\n|\n|t:|1776094646\n|detailschange|p1b: Golurk|Golurk-Mega, L50\n|-mega|p1b: Golurk|Golurk|Golurkite\n|move|p1a: Farigiraf|Helping Hand|p1b: Golurk\n|-singleturn|p1b: Golurk|Helping Hand|[of] p1a: Farigiraf\n|move|p2a: Wrestler|Taunt|p1a: Farigiraf\n|-start|p1a: Farigiraf|move: Taunt\n|-enditem|p1a: Farigiraf|Mental Herb\n|-end|p1a: Farigiraf|move: Taunt\n|move|p1b: Golurk|Close Combat|p2b: Doom\n|-supereffective|p2b: Doom|1\n|-damage|p2b: Doom|0 fnt\n|-unboost|p1b: Golurk|def|1\n|-unboost|p1b: Golurk|spd|1\n|faint|p2b: Doom\n|\n|-damage|p2a: Wrestler|89/100 brn|[from] brn\n|upkeep\n|\n|t:|1776094665\n|switch|p2b: Haha dragon immune|Gardevoir, L50, F|100/100\n|turn|4\n|inactive|myluckisthatbad has 30 seconds left.\n|\n|t:|1776094699\n|move|p2a: Wrestler|Taunt|p1a: Farigiraf\n|-start|p1a: Farigiraf|move: Taunt\n|move|p2b: Haha dragon immune|Moonblast|p1b: Golurk\n|-damage|p1b: Golurk|45/100\n|move|p1b: Golurk|Gyro Ball|p2b: Haha dragon immune\n|-supereffective|p2b: Haha dragon immune|1\n|-damage|p2b: Haha dragon immune|18/100\n|cant|p1a: Farigiraf|move: Taunt|Trick Room\n|\n|-damage|p2a: Wrestler|83/100 brn|[from] brn\n|upkeep\n|turn|5\n|inactive|heroplayer2026 has 30 seconds left.\n|\n|t:|1776094724\n|move|p1b: Golurk|Protect|p1b: Golurk\n|-singleturn|p1b: Golurk|Protect\n|move|p2a: Wrestler|Flying Press|p1b: Golurk\n|-activate|p1b: Golurk|move: Protect\n|move|p2b: Haha dragon immune|Moonblast|p1b: Golurk\n|-activate|p1b: Golurk|move: Protect\n|cant|p1a: Farigiraf|par\n|\n|-damage|p2a: Wrestler|77/100 brn|[from] brn\n|upkeep\n|turn|6\n|\n|t:|1776094744\n|move|p2a: Wrestler|Flying Press|p1b: Golurk\n|-immune|p1b: Golurk\n|move|p2b: Haha dragon immune|Moonblast|p1b: Golurk\n|-damage|p1b: Golurk|0 fnt\n|faint|p1b: Golurk\n|move|p1a: Farigiraf|Hyper Voice|p2b: Haha dragon immune|[spread] p2a,p2b\n|-damage|p2a: Wrestler|49/100 brn\n|-damage|p2b: Haha dragon immune|0 fnt\n|faint|p2b: Haha dragon immune\n|\n|-damage|p2a: Wrestler|43/100 brn|[from] brn\n|-end|p1a: Farigiraf|move: Taunt\n|upkeep\n|\n|t:|1776094750\n|switch|p2b: Deny|Meowstic, L50, M|100/100\n|switch|p1b: Torkoal|Torkoal, L50, F|100/100\n|-weather|SunnyDay|[from] ability: Drought|[of] p1b: Torkoal\n|turn|7\n|\n|t:|1776094759\n|move|p1a: Farigiraf|Helping Hand|p1b: Torkoal\n|-singleturn|p1b: Torkoal|Helping Hand|[of] p1a: Farigiraf\n|move|p2b: Deny|Fake Out|p1b: Torkoal\n|-damage|p1b: Torkoal|97/100\n|move|p2a: Wrestler|Flying Press|p1b: Torkoal\n|-damage|p1b: Torkoal|86/100\n|cant|p1b: Torkoal|flinch\n|\n|-weather|SunnyDay|[upkeep]\n|-damage|p2a: Wrestler|37/100 brn|[from] brn\n|upkeep\n|turn|8\n|\n|t:|1776094779\n|move|p2a: Wrestler|Flying Press|p1b: Torkoal\n|-damage|p1b: Torkoal|75/100\n|move|p2b: Deny|Expanding Force|p1b: Torkoal\n|-damage|p1b: Torkoal|38/100\n|move|p1a: Farigiraf|Hyper Voice|p2a: Wrestler|[spread] p2a,p2b\n|-damage|p2a: Wrestler|12/100 brn\n|-damage|p2b: Deny|74/100\n|move|p1b: Torkoal|Flamethrower|p2b: Deny\n|-damage|p2b: Deny|11/100\n|\n|-weather|SunnyDay|[upkeep]\n|-damage|p2a: Wrestler|6/100 brn|[from] brn\n|upkeep\n|turn|9\n|\n|t:|1776094791\n|move|p1b: Torkoal|Protect|p1b: Torkoal\n|-singleturn|p1b: Torkoal|Protect\n|move|p2a: Wrestler|Flying Press|p1b: Torkoal\n|-activate|p1b: Torkoal|move: Protect\n|move|p2b: Deny|Expanding Force|p1b: Torkoal\n|-activate|p1b: Torkoal|move: Protect\n|move|p1a: Farigiraf|Hyper Voice|p2a: Wrestler|[spread] p2a,p2b\n|-damage|p2a: Wrestler|0 fnt\n|-damage|p2b: Deny|0 fnt\n|faint|p2a: Wrestler\n|faint|p2b: Deny\n|\n|win|heroplayer2026\n|raw|heroplayer2026's rating: 1081 &rarr; <strong>1111</strong><br />(+30 for winning)\n|raw|myluckisthatbad's rating: 1111 &rarr; <strong>1084</strong><br />(-27 for losing)\n",
  "uploadtime": 1776094793,
  "views": 9,
  "formatid": "gen9championsvgc2026regma",
  "rating": 1084,
  "private": 0,
  "password": null
}