{
  "id": "gen9championsvgc2026regma-2582881694",
  "format": "[Gen 9 Champions] VGC 2026 Reg M-A",
  "players": [
    "Moonleaf",
    "gayblackmenkissing"
  ],
  "log": "|j|\u2606Moonleaf\n|j|\u2606gayblackmenkissing\n|t:|1776121680\n|gametype|doubles\n|player|p1|Moonleaf|101|1073\n|player|p2|gayblackmenkissing|266|1111\n|gen|9\n|tier|[Gen 9 Champions] VGC 2026 Reg M-A\n|rated|\n|rule|Species Clause: Limit one of each Pok\u00e9mon\n|rule|Item Clause: Limit 1 of each item\n|clearpoke\n|poke|p1|Drampa, L50, F|\n|poke|p1|Sinistcha-Masterpiece, L50|\n|poke|p1|Alakazam, L50, F|\n|poke|p1|Alcremie, L50, F|\n|poke|p1|Hatterene, L50, F|\n|poke|p1|Scizor, L50, F|\n|poke|p2|Farigiraf, L50, M|\n|poke|p2|Armarouge, L50, M|\n|poke|p2|Azumarill, L50, F|\n|poke|p2|Incineroar, L50, F|\n|poke|p2|Hatterene, L50, F|\n|poke|p2|Golurk, L50|\n|teampreview|4\n|\n|t:|1776121692\n|teamsize|p1|4\n|teamsize|p2|4\n|start\n|switch|p1a: \u8001\u592a\u592a|Drampa, L50, F|100/100\n|switch|p1b: Alcremie|Alcremie, L50, F|100/100\n|switch|p2a: Farigiraf|Farigiraf, L50, M|100/100\n|switch|p2b: Incineroar|Incineroar, L50, F|100/100\n|-ability|p2b: Incineroar|Intimidate|boost\n|-unboost|p1a: \u8001\u592a\u592a|atk|1\n|-unboost|p1b: Alcremie|atk|1\n|turn|1\n|\n|t:|1776121709\n|detailschange|p1a: \u8001\u592a\u592a|Drampa-Mega, L50, F\n|-mega|p1a: \u8001\u592a\u592a|Drampa|Drampanite\n|move|p2b: Incineroar|Fake Out|p1a: \u8001\u592a\u592a\n|-crit|p1a: \u8001\u592a\u592a\n|-damage|p1a: \u8001\u592a\u592a|86/100\n|move|p1b: Alcremie|Decorate|p1a: \u8001\u592a\u592a\n|-boost|p1a: \u8001\u592a\u592a|atk|2\n|-boost|p1a: \u8001\u592a\u592a|spa|2\n|cant|p1a: \u8001\u592a\u592a|flinch\n|move|p2a: Farigiraf|Trick Room|p2a: Farigiraf\n|-fieldstart|move: Trick Room|[of] p2a: Farigiraf\n|\n|upkeep\n|turn|2\n|\n|t:|1776121727\n|move|p1a: \u8001\u592a\u592a|Calm Mind|p1a: \u8001\u592a\u592a\n|-boost|p1a: \u8001\u592a\u592a|spa|1\n|-boost|p1a: \u8001\u592a\u592a|spd|1\n|move|p2a: Farigiraf|Hyper Voice|p1a: \u8001\u592a\u592a|[spread] p1a,p1b\n|-damage|p1a: \u8001\u592a\u592a|72/100\n|-damage|p1b: Alcremie|77/100\n|move|p2b: Incineroar|Parting Shot|p1a: \u8001\u592a\u592a\n|-unboost|p1a: \u8001\u592a\u592a|atk|1\n|-unboost|p1a: \u8001\u592a\u592a|spa|1\n|\n|t:|1776121743\n|switch|p2b: Golurk|Golurk, L50|100/100|[from] Parting Shot\n|move|p1b: Alcremie|Encore|p2a: Farigiraf\n|-start|p2a: Farigiraf|Encore\n|\n|upkeep\n|turn|3\n|\n|t:|1776121755\n|detailschange|p2b: Golurk|Golurk-Mega, L50\n|-mega|p2b: Golurk|Golurk|Golurkite\n|move|p1a: \u8001\u592a\u592a|Ice Beam|p2b: Golurk\n|-supereffective|p2b: Golurk|1\n|-damage|p2b: Golurk|0 fnt\n|faint|p2b: Golurk\n|move|p2a: Farigiraf|Hyper Voice|p1a: \u8001\u592a\u592a|[spread] p1a,p1b\n|-damage|p1a: \u8001\u592a\u592a|56/100\n|-damage|p1b: Alcremie|53/100\n|move|p1b: Alcremie|Decorate|p1a: \u8001\u592a\u592a\n|-boost|p1a: \u8001\u592a\u592a|atk|2\n|-boost|p1a: \u8001\u592a\u592a|spa|2\n|\n|upkeep\n|\n|t:|1776121767\n|switch|p2b: Incineroar|Incineroar, L50, F|100/100\n|-ability|p2b: Incineroar|Intimidate|boost\n|-unboost|p1a: \u8001\u592a\u592a|atk|1\n|-unboost|p1b: Alcremie|atk|1\n|turn|4\n|\n|t:|1776121777\n|move|p2b: Incineroar|Fake Out|p1a: \u8001\u592a\u592a\n|-damage|p1a: \u8001\u592a\u592a|47/100\n|-ability|p1a: \u8001\u592a\u592a|Berserk|boost\n|-boost|p1a: \u8001\u592a\u592a|spa|1\n|cant|p1a: \u8001\u592a\u592a|flinch\n|move|p2a: Farigiraf|Hyper Voice|p1b: Alcremie|[spread] p1a,p1b\n|-crit|p1a: \u8001\u592a\u592a\n|-damage|p1a: \u8001\u592a\u592a|11/100\n|-damage|p1b: Alcremie|30/100\n|move|p1b: Alcremie|Encore|p2b: Incineroar\n|-start|p2b: Incineroar|Encore\n|\n|upkeep\n|turn|5\n|\n|t:|1776121790\n|switch|p2b: Azumarill|Azumarill, L50, F|100/100\n|switch|p1b: Sinistcha|Sinistcha-Masterpiece, L50|100/100\n|-heal|p1a: \u8001\u592a\u592a|36/100|[from] ability: Hospitality|[of] p1b: Sinistcha\n|move|p1a: \u8001\u592a\u592a|Roost|p1a: \u8001\u592a\u592a\n|-heal|p1a: \u8001\u592a\u592a|86/100\n|-singleturn|p1a: \u8001\u592a\u592a|move: Roost\n|move|p2a: Farigiraf|Hyper Voice|p1a: \u8001\u592a\u592a|[spread] p1a\n|-immune|p1b: Sinistcha\n|-damage|p1a: \u8001\u592a\u592a|70/100\n|\n|-end|p2a: Farigiraf|Encore\n|-fieldend|move: Trick Room\n|upkeep\n|turn|6\n|\n|t:|1776121807\n|move|p2b: Azumarill|Protect|p2b: Azumarill\n|-singleturn|p2b: Azumarill|Protect\n|move|p1b: Sinistcha|Nasty Plot|p1b: Sinistcha\n|-boost|p1b: Sinistcha|spa|2\n|move|p1a: \u8001\u592a\u592a|Hyper Voice|p2b: Azumarill|[spread] p2a\n|-activate|p2b: Azumarill|move: Protect\n|-damage|p2a: Farigiraf|8/100\n|move|p2a: Farigiraf|Trick Room|p2a: Farigiraf\n|-fieldstart|move: Trick Room|[of] p2a: Farigiraf\n|\n|-heal|p2a: Farigiraf|14/100|[from] item: Leftovers\n|upkeep\n|turn|7\n|\n|t:|1776121830\n|move|p2b: Azumarill|Play Rough|p1a: \u8001\u592a\u592a\n|-supereffective|p1a: \u8001\u592a\u592a|1\n|-damage|p1a: \u8001\u592a\u592a|0 fnt\n|faint|p1a: \u8001\u592a\u592a\n|move|p2a: Farigiraf|Psychic|p1b: Sinistcha\n|-damage|p1b: Sinistcha|63/100\n|move|p1b: Sinistcha|Life Dew|p1b: Sinistcha\n|-heal|p1b: Sinistcha|88/100\n|\n|-heal|p2a: Farigiraf|20/100|[from] item: Leftovers\n|-heal|p1b: Sinistcha|94/100|[from] item: Leftovers\n|upkeep\n|\n|t:|1776121836\n|switch|p1a: Alcremie|Alcremie, L50, F|30/100\n|turn|8\n|\n|t:|1776121844\n|move|p2b: Azumarill|Belly Drum|p2b: Azumarill\n|-damage|p2b: Azumarill|51/100\n|-setboost|p2b: Azumarill|atk|6|[from] move: Belly Drum\n|move|p2a: Farigiraf|Psychic|p1a: Alcremie\n|-damage|p1a: Alcremie|2/100\n|move|p1a: Alcremie|Decorate|p1b: Sinistcha\n|-boost|p1b: Sinistcha|atk|2\n|-boost|p1b: Sinistcha|spa|2\n|move|p1b: Sinistcha|Matcha Gotcha|p2b: Azumarill|[spread] p2a,p2b\n|-supereffective|p2b: Azumarill|1\n|-damage|p2a: Farigiraf|0 fnt\n|-heal|p1b: Sinistcha|100/100|[from] drain|[of] p2a: Farigiraf\n|-damage|p2b: Azumarill|0 fnt\n|faint|p2a: Farigiraf\n|faint|p2b: Azumarill\n|\n|upkeep\n|\n|t:|1776121862\n|switch|p2b: Incineroar|Incineroar, L50, F|100/100\n|-ability|p2b: Incineroar|Intimidate|boost\n|-unboost|p1a: Alcremie|atk|1\n|-unboost|p1b: Sinistcha|atk|1\n|turn|9\n|\n|t:|1776121874\n|move|p2b: Incineroar|Fake Out|p1a: Alcremie\n|-damage|p1a: Alcremie|0 fnt\n|faint|p1a: Alcremie\n|move|p1b: Sinistcha|Life Dew||[still]\n|-fail|p1b: Sinistcha|heal\n|\n|upkeep\n|\n|t:|1776121876\n|switch|p1a: Alakazam|Alakazam, L50, F|100/100\n|turn|10\n|\n|t:|1776121885\n|move|p2b: Incineroar|Crunch|p1a: Alakazam\n|-supereffective|p1a: Alakazam|1\n|-damage|p1a: Alakazam|0 fnt\n|faint|p1a: Alakazam\n|move|p1b: Sinistcha|Matcha Gotcha|p2b: Incineroar|[miss]\n|-miss|p1b: Sinistcha|p2b: Incineroar\n|\n|-fieldend|move: Trick Room\n|upkeep\n|turn|11\n|\n|t:|1776121897\n|move|p1b: Sinistcha|Matcha Gotcha|p2b: Incineroar\n|-resisted|p2b: Incineroar|1\n|-damage|p2b: Incineroar|50/100\n|move|p2b: Incineroar|Crunch|p1b: Sinistcha\n|-supereffective|p1b: Sinistcha|1\n|-damage|p1b: Sinistcha|39/100\n|\n|-heal|p1b: Sinistcha|45/100|[from] item: Leftovers\n|upkeep\n|turn|12\n|\n|t:|1776121909\n|move|p1b: Sinistcha|Matcha Gotcha|p2b: Incineroar\n|-resisted|p2b: Incineroar|1\n|-damage|p2b: Incineroar|4/100\n|-heal|p1b: Sinistcha|71/100|[from] drain|[of] p2b: Incineroar\n|move|p2b: Incineroar|Crunch|p1b: Sinistcha\n|-supereffective|p1b: Sinistcha|1\n|-damage|p1b: Sinistcha|9/100\n|\n|-heal|p1b: Sinistcha|16/100|[from] item: Leftovers\n|upkeep\n|turn|13\n|\n|t:|1776121926\n|move|p1b: Sinistcha|Matcha Gotcha|p2b: Incineroar|[miss]\n|-miss|p1b: Sinistcha|p2b: Incineroar\n|move|p2b: Incineroar|Crunch|p1b: Sinistcha\n|-supereffective|p1b: Sinistcha|1\n|-damage|p1b: Sinistcha|0 fnt\n|faint|p1b: Sinistcha\n|\n|win|gayblackmenkissing\n|raw|Moonleaf's rating: 1073 &rarr; <strong>1054</strong><br />(-19 for losing)\n|raw|gayblackmenkissing's rating: 1111 &rarr; <strong>1133</strong><br />(+22 for winning)\n|l|\u2606Moonleaf\n|player|p1|\n",
  "uploadtime": 1776121941,
  "views": 13,
  "formatid": "gen9championsvgc2026regma",
  "rating": 1054,
  "private": 0,
  "password": null
}