{
  "id": "gen9championsvgc2026regma-2581427459",
  "format": "[Gen 9 Champions] VGC 2026 Reg M-A",
  "players": [
    "BigSteveVGC",
    "KBeeDS"
  ],
  "log": "|j|\u2606BigSteveVGC\n|j|\u2606KBeeDS\n|t:|1775999338\n|gametype|doubles\n|player|p1|BigSteveVGC|1|1085\n|player|p2|KBeeDS|palmer|1119\n|gen|9\n|tier|[Gen 9 Champions] VGC 2026 Reg M-A\n|rated|\n|rule|Species Clause: Limit one of each Pok\u00e9mon\n|rule|Item Clause: Limit 1 of each item\n|clearpoke\n|poke|p1|Floette-Eternal, L50, F|\n|poke|p1|Dragapult, L50, F|\n|poke|p1|Rotom-Wash, L50|\n|poke|p1|Arcanine-Hisui, L50, F|\n|poke|p1|Sneasler, L50, M|\n|poke|p1|Kingambit, L50, M|\n|poke|p2|Tyranitar, L50, M|\n|poke|p2|Excadrill, L50, M|\n|poke|p2|Gyarados, L50, F|\n|poke|p2|Sinistcha, L50|\n|poke|p2|Gardevoir, L50, M|\n|poke|p2|Rotom-Heat, L50|\n|teampreview|4\n|\n|t:|1775999391\n|teamsize|p1|4\n|teamsize|p2|4\n|start\n|switch|p1a: Dragapult|Dragapult, L50, F, shiny|100/100\n|switch|p1b: Sneasler|Sneasler, L50, M|100/100\n|switch|p2a: Gardevoir|Gardevoir, L50, M|100/100\n|switch|p2b: Gyarados|Gyarados, L50, F|100/100\n|-ability|p2b: Gyarados|Intimidate|boost\n|-unboost|p1a: Dragapult|atk|1\n|-unboost|p1b: Sneasler|atk|1\n|-enditem|p1b: Sneasler|White Herb\n|-clearnegativeboost|p1b: Sneasler|[silent]\n|turn|1\n|\n|t:|1775999414\n|switch|p2a: Sinistcha|Sinistcha, L50|100/100\n|move|p1b: Sneasler|Fake Out|p2a: Sinistcha\n|-immune|p2a: Sinistcha\n|move|p1a: Dragapult|Will-O-Wisp|p2b: Gyarados|[miss]\n|-miss|p1a: Dragapult|p2b: Gyarados\n|move|p2b: Gyarados|Thunder Wave|p1b: Sneasler\n|-status|p1b: Sneasler|par\n|\n|upkeep\n|turn|2\n|\n|t:|1775999436\n|move|p1a: Dragapult|Thunder Wave|p2a: Sinistcha|[miss]\n|-miss|p1a: Dragapult|p2a: Sinistcha\n|cant|p1b: Sneasler|par\n|move|p2b: Gyarados|Taunt|p1a: Dragapult\n|-start|p1a: Dragapult|move: Taunt\n|move|p2a: Sinistcha|Shadow Ball|p1a: Dragapult\n|-supereffective|p1a: Dragapult|1\n|-damage|p1a: Dragapult|10/100\n|\n|upkeep\n|turn|3\n|\n|t:|1775999461\n|move|p1a: Dragapult|Hex|p2a: Sinistcha\n|-supereffective|p2a: Sinistcha|1\n|-damage|p2a: Sinistcha|40/100\n|-enditem|p2a: Sinistcha|Sitrus Berry|[eat]\n|-heal|p2a: Sinistcha|65/100|[from] item: Sitrus Berry\n|move|p1b: Sneasler|Dire Claw|p2a: Sinistcha\n|-damage|p2a: Sinistcha|27/100\n|move|p2b: Gyarados|Waterfall|p1b: Sneasler\n|-damage|p1b: Sneasler|41/100 par\n|move|p2a: Sinistcha|Matcha Gotcha|p1a: Dragapult|[spread] p1a,p1b\n|-resisted|p1a: Dragapult|1\n|-resisted|p1b: Sneasler|1\n|-crit|p1b: Sneasler\n|-damage|p1a: Dragapult|0 fnt\n|-heal|p2a: Sinistcha|31/100|[from] drain|[of] p1a: Dragapult\n|-damage|p1b: Sneasler|12/100 par\n|-heal|p2a: Sinistcha|44/100|[from] drain|[of] p1b: Sneasler\n|faint|p1a: Dragapult\n|\n|upkeep\n|\n|t:|1775999486\n|switch|p1a: Floette|Floette-Eternal, L50, F|100/100\n|turn|4\n|\n|t:|1775999509\n|detailschange|p1a: Floette|Floette-Mega, L50, F\n|-mega|p1a: Floette|Floette|Floettite\n|-ability|p1a: Floette|Fairy Aura\n|move|p1b: Sneasler|Dire Claw|p2b: Gyarados\n|-damage|p2b: Gyarados|60/100\n|move|p1a: Floette|Dazzling Gleam|p2a: Sinistcha|[spread] p2a,p2b\n|-damage|p2a: Sinistcha|0 fnt\n|-damage|p2b: Gyarados|22/100\n|faint|p2a: Sinistcha\n|move|p2b: Gyarados|Thunder Wave|p1a: Floette\n|-status|p1a: Floette|par\n|\n|-heal|p2b: Gyarados|28/100|[from] item: Leftovers\n|upkeep\n|\n|t:|1775999522\n|switch|p2a: Gardevoir|Gardevoir, L50, M|100/100\n|turn|5\n|\n|t:|1775999546\n|detailschange|p2a: Gardevoir|Gardevoir-Mega, L50, M\n|-mega|p2a: Gardevoir|Gardevoir|Gardevoirite\n|move|p1b: Sneasler|Dire Claw|p2a: Gardevoir\n|-supereffective|p2a: Gardevoir|1\n|-damage|p2a: Gardevoir|3/100\n|move|p2a: Gardevoir|Hyper Voice|p1a: Floette|[spread] p1a,p1b\n|-damage|p1a: Floette|59/100 par\n|-damage|p1b: Sneasler|0 fnt\n|faint|p1b: Sneasler\n|move|p2b: Gyarados|Waterfall|p1a: Floette\n|-damage|p1a: Floette|25/100 par\n|cant|p1a: Floette|flinch\n|\n|-heal|p2b: Gyarados|34/100|[from] item: Leftovers\n|upkeep\n|\n|t:|1775999562\n|switch|p1b: Rotom|Rotom-Wash, L50|100/100\n|turn|6\n|\n|t:|1775999595\n|move|p1a: Floette|Protect|p1a: Floette\n|-singleturn|p1a: Floette|Protect\n|move|p2a: Gardevoir|Hyper Voice|p1a: Floette|[spread] p1b\n|-activate|p1a: Floette|move: Protect\n|-damage|p1b: Rotom|34/100\n|move|p1b: Rotom|Thunderbolt|p2a: Gardevoir\n|-damage|p2a: Gardevoir|0 fnt\n|faint|p2a: Gardevoir\n|move|p2b: Gyarados|Waterfall|p1b: Rotom\n|-resisted|p1b: Rotom|1\n|-damage|p1b: Rotom|15/100\n|\n|-heal|p1b: Rotom|21/100|[from] item: Leftovers\n|-heal|p2b: Gyarados|40/100|[from] item: Leftovers\n|upkeep\n|c|\u2606BigSteveVGC|The RNG gods hate me in this battle haha\n|\n|t:|1775999607\n|switch|p2a: Rotom|Rotom-Heat, L50|100/100\n|turn|7\n|\n|t:|1775999620\n|move|p2b: Gyarados|Protect|p2b: Gyarados\n|-singleturn|p2b: Gyarados|Protect\n|move|p2a: Rotom|Discharge|p1b: Rotom|[spread] p1a,p1b\n|-activate|p2b: Gyarados|move: Protect\n|-damage|p1a: Floette|5/100 par\n|-damage|p1b: Rotom|0 fnt\n|faint|p1b: Rotom\n|move|p1a: Floette|Dazzling Gleam|p2a: Rotom|[spread] p2a\n|-activate|p2b: Gyarados|move: Protect\n|-resisted|p2a: Rotom|1\n|-damage|p2a: Rotom|68/100\n|\n|-heal|p2b: Gyarados|46/100|[from] item: Leftovers\n|upkeep\n|turn|8\n|\n|t:|1775999637\n|move|p2a: Rotom|Discharge|p1a: Floette|[spread] p2b,p1a\n|-supereffective|p2b: Gyarados|2\n|-damage|p2b: Gyarados|0 fnt\n|-damage|p1a: Floette|0 fnt\n|faint|p2b: Gyarados\n|faint|p1a: Floette\n|\n|win|KBeeDS\n|raw|BigSteveVGC's rating: 1085 &rarr; <strong>1064</strong><br />(-21 for losing)\n|raw|KBeeDS's rating: 1119 &rarr; <strong>1142</strong><br />(+23 for winning)\n",
  "uploadtime": 1775999649,
  "views": 23,
  "formatid": "gen9championsvgc2026regma",
  "rating": 1064,
  "private": 0,
  "password": null
}