{
  "id": "gen9championsvgc2026regma-2589514990",
  "format": "[Gen 9 Champions] VGC 2026 Reg M-A",
  "players": [
    "Moxiemencefan21",
    "penledzuu"
  ],
  "log": "|j|\u2606Moxiemencefan21\n|j|\u2606penledzuu\n|t:|1776729963\n|gametype|doubles\n|player|p1|Moxiemencefan21|2|1286\n|player|p2|penledzuu|ninjaboy|1380\n|gen|9\n|tier|[Gen 9 Champions] VGC 2026 Reg M-A\n|rated|\n|rule|Species Clause: Limit one of each Pok\u00e9mon\n|rule|Item Clause: Limit 1 of each item\n|clearpoke\n|poke|p1|Charizard, L50, F|\n|poke|p1|Milotic, L50, M|\n|poke|p1|Sinistcha, L50|\n|poke|p1|Scizor, L50, F|\n|poke|p1|Ninetales-Alola, L50, M|\n|poke|p1|Tauros-Paldea-Aqua, L50, M|\n|poke|p2|Pinsir, L50, F, shiny|\n|poke|p2|Basculegion, L50, M|\n|poke|p2|Weavile, L50, F, shiny|\n|poke|p2|Archaludon, L50, M|\n|poke|p2|Pelipper, L50, M|\n|poke|p2|Gengar, L50, F|\n|teampreview|4\n|inactive|Battle timer is ON: inactive players will automatically lose when time's up. (requested by penledzuu)\n|inactive|Moxiemencefan21 has 60 seconds left.\n|\n|t:|1776730000\n|teamsize|p1|4\n|teamsize|p2|4\n|start\n|switch|p1a: Scizor|Scizor, L50, F|100/100\n|switch|p1b: Ninetales|Ninetales-Alola, L50, M|100/100\n|switch|p2a: Weavile|Weavile, L50, F, shiny|100/100\n|switch|p2b: Pinsir|Pinsir, L50, F, shiny|100/100\n|-weather|Snowscape|[from] ability: Snow Warning|[of] p1b: Ninetales\n|turn|1\n|inactive|Moxiemencefan21 has 30 seconds left.\n|inactive|Moxiemencefan21 has 20 seconds left.\n|inactive|Moxiemencefan21 has 15 seconds left.\n|\n|t:|1776730043\n|switch|p2b: Pelipper|Pelipper, L50, M|100/100\n|-weather|RainDance|[from] ability: Drizzle|[of] p2b: Pelipper\n|detailschange|p1a: Scizor|Scizor-Mega, L50, F\n|-mega|p1a: Scizor|Scizor|Scizorite\n|move|p1a: Scizor|Protect|p1a: Scizor\n|-singleturn|p1a: Scizor|Protect\n|move|p2a: Weavile|Fake Out|p1a: Scizor\n|-activate|p1a: Scizor|move: Protect\n|move|p1b: Ninetales|Blizzard|p2a: Weavile|[spread] p2a,p2b\n|-resisted|p2a: Weavile|1\n|-damage|p2a: Weavile|74/100\n|-damage|p2b: Pelipper|50/100\n|\n|-weather|RainDance|[upkeep]\n|-heal|p2b: Pelipper|56/100|[from] item: Leftovers\n|upkeep\n|turn|2\n|inactive|penledzuu has 30 seconds left.\n|\n|t:|1776730071\n|move|p1a: Scizor|Bullet Punch|p2a: Weavile\n|-supereffective|p2a: Weavile|1\n|-damage|p2a: Weavile|0 fnt\n|faint|p2a: Weavile\n|move|p1b: Ninetales|Freeze-Dry|p2b: Pelipper\n|-supereffective|p2b: Pelipper|2\n|-damage|p2b: Pelipper|0 fnt\n|faint|p2b: Pelipper\n|\n|-weather|RainDance|[upkeep]\n|upkeep\n|\n|t:|1776730077\n|switch|p2a: Basculegion|Basculegion, L50, M|100/100\n|switch|p2b: Pinsir|Pinsir, L50, F, shiny|100/100\n|turn|3\n|\n|t:|1776730099\n|switch|p1a: Tauros|Tauros-Paldea-Aqua, L50, M|100/100\n|-ability|p1a: Tauros|Intimidate|boost\n|-unboost|p2a: Basculegion|atk|1\n|-fail|p2b: Pinsir|unboost|Attack|[from] ability: Hyper Cutter|[of] p2b: Pinsir\n|detailschange|p2b: Pinsir|Pinsir-Mega, L50, F, shiny\n|-mega|p2b: Pinsir|Pinsir|Pinsirite\n|move|p1b: Ninetales|Freeze-Dry|p2a: Basculegion\n|-supereffective|p2a: Basculegion|1\n|-damage|p2a: Basculegion|37/100\n|move|p2b: Pinsir|Body Slam|p1a: Tauros\n|-supereffective|p1a: Tauros|1\n|-damage|p1a: Tauros|0 fnt\n|faint|p1a: Tauros\n|move|p2a: Basculegion|Last Respects|p1b: Ninetales\n|-enditem|p1b: Ninetales|Focus Sash\n|-damage|p1b: Ninetales|1/100\n|\n|-weather|RainDance|[upkeep]\n|upkeep\n|\n|t:|1776730121\n|switch|p1a: Scizor|Scizor-Mega, L50, F|100/100\n|turn|4\n|\n|t:|1776730128\n|move|p2b: Pinsir|Quick Attack|p1b: Ninetales\n|-damage|p1b: Ninetales|0 fnt\n|faint|p1b: Ninetales\n|move|p1a: Scizor|Bullet Punch|p2b: Pinsir\n|-damage|p2b: Pinsir|58/100\n|move|p2a: Basculegion|Last Respects|p1a: Scizor\n|-damage|p1a: Scizor|51/100\n|\n|-weather|RainDance|[upkeep]\n|upkeep\n|\n|t:|1776730139\n|switch|p1b: Sinistcha|Sinistcha, L50|100/100\n|-heal|p1a: Scizor|76/100|[from] ability: Hospitality|[of] p1b: Sinistcha\n|turn|5\n|inactive|Moxiemencefan21 has 30 seconds left.\n|\n|t:|1776730165\n|move|p1a: Scizor|Bullet Punch|p2a: Basculegion\n|-resisted|p2a: Basculegion|1\n|-damage|p2a: Basculegion|18/100\n|move|p2b: Pinsir|Body Slam|p1a: Scizor\n|-damage|p1a: Scizor|26/100\n|move|p2a: Basculegion|Last Respects|p1b: Sinistcha\n|-supereffective|p1b: Sinistcha|1\n|-damage|p1b: Sinistcha|0 fnt\n|faint|p1b: Sinistcha\n|\n|-weather|none\n|upkeep\n|turn|6\n|\n|t:|1776730178\n|move|p1a: Scizor|Bullet Punch|p2a: Basculegion\n|-resisted|p2a: Basculegion|1\n|-damage|p2a: Basculegion|0 fnt\n|faint|p2a: Basculegion\n|move|p2b: Pinsir|Body Slam|p1a: Scizor\n|-damage|p1a: Scizor|0 fnt\n|faint|p1a: Scizor\n|\n|win|penledzuu\n|raw|Moxiemencefan21's rating: 1286 &rarr; <strong>1268</strong><br />(-18 for losing)\n|raw|penledzuu's rating: 1380 &rarr; <strong>1395</strong><br />(+15 for winning)\n",
  "uploadtime": 1776730182,
  "views": 6,
  "formatid": "gen9championsvgc2026regma",
  "rating": 1268,
  "private": 0,
  "password": null
}