{
  "id": "gen9championsvgc2026regma-2584400009",
  "format": "[Gen 9 Champions] VGC 2026 Reg M-A",
  "players": [
    "jingming",
    "lets buy packs"
  ],
  "log": "|j|\u2606jingming\n|j|\u2606lets buy packs\n|t:|1776258096\n|gametype|doubles\n|player|p1|jingming|nate|1115\n|player|p2|lets buy packs|red-masters3|1117\n|gen|9\n|tier|[Gen 9 Champions] VGC 2026 Reg M-A\n|rated|\n|rule|Species Clause: Limit one of each Pok\u00e9mon\n|rule|Item Clause: Limit 1 of each item\n|clearpoke\n|poke|p1|Alakazam, L50, F|\n|poke|p1|Farigiraf, L50, F|\n|poke|p1|Sneasler, L50, M|\n|poke|p1|Torkoal, L50, M|\n|poke|p1|Alcremie, L50, F|\n|poke|p1|Gardevoir, L50, M|\n|poke|p2|Crabominable, L50, F|\n|poke|p2|Sinistcha, L50|\n|poke|p2|Oranguru, L50, M|\n|poke|p2|Incineroar, L50, F|\n|poke|p2|Gengar, L50, F|\n|poke|p2|Politoed, L50, F|\n|teampreview|4\n|inactive|Battle timer is ON: inactive players will automatically lose when time's up. (requested by lets buy packs)\n|inactive|jingming has 60 seconds left.\n|\n|t:|1776258128\n|teamsize|p1|4\n|teamsize|p2|4\n|start\n|switch|p1a: Farigiraf|Farigiraf, L50, F|100/100\n|switch|p1b: Sneasler|Sneasler, L50, M|100/100\n|switch|p2a: Gengar|Gengar, L50, F, shiny|100/100\n|switch|p2b: Incineroar|Incineroar, L50, F|100/100\n|-ability|p2b: Incineroar|Intimidate|boost\n|-unboost|p1a: Farigiraf|atk|1\n|-unboost|p1b: Sneasler|atk|1\n|turn|1\n|\n|t:|1776258143\n|detailschange|p2a: Gengar|Gengar-Mega, L50, F, shiny\n|-mega|p2a: Gengar|Gengar|Gengarite\n|move|p1a: Farigiraf|Helping Hand|p1b: Sneasler\n|-singleturn|p1b: Sneasler|Helping Hand|[of] p1a: Farigiraf\n|move|p2a: Gengar|Perish Song|p2a: Gengar\n|-start|p1a: Farigiraf|perish3|[silent]\n|-start|p1b: Sneasler|perish3|[silent]\n|-start|p2a: Gengar|perish3|[silent]\n|-start|p2b: Incineroar|perish3|[silent]\n|-fieldactivate|move: Perish Song\n|move|p1b: Sneasler|Close Combat|p2b: Incineroar\n|-supereffective|p2b: Incineroar|1\n|-enditem|p2b: Incineroar|Chople Berry|[eat]\n|-enditem|p2b: Incineroar|Chople Berry|[weaken]\n|-damage|p2b: Incineroar|49/100\n|-unboost|p1b: Sneasler|def|1\n|-unboost|p1b: Sneasler|spd|1\n|move|p2b: Incineroar|Parting Shot|p1a: Farigiraf\n|-unboost|p1a: Farigiraf|atk|1\n|-unboost|p1a: Farigiraf|spa|1\n|\n|t:|1776258157\n|switch|p2b: Politoed|Politoed, L50, F, shiny|100/100|[from] Parting Shot\n|-weather|RainDance|[from] ability: Drizzle|[of] p2b: Politoed\n|\n|-weather|RainDance|[upkeep]\n|-start|p2a: Gengar|perish3\n|-start|p1b: Sneasler|perish3\n|-start|p1a: Farigiraf|perish3\n|upkeep\n|turn|2\n|\n|t:|1776258179\n|move|p2a: Gengar|Protect|p2a: Gengar\n|-singleturn|p2a: Gengar|Protect\n|move|p2b: Politoed|Protect|p2b: Politoed\n|-singleturn|p2b: Politoed|Protect\n|move|p1b: Sneasler|Dire Claw|p2b: Politoed\n|-activate|p2b: Politoed|move: Protect\n|move|p1a: Farigiraf|Psychic Terrain|p1a: Farigiraf\n|-fieldstart|move: Psychic Terrain\n|\n|-weather|RainDance|[upkeep]\n|-start|p2a: Gengar|perish2\n|-start|p1b: Sneasler|perish2\n|-start|p1a: Farigiraf|perish2\n|upkeep\n|turn|3\n|inactive|lets buy packs has 30 seconds left.\n|\n|t:|1776258206\n|move|p1a: Farigiraf|Helping Hand|p1b: Sneasler\n|-singleturn|p1b: Sneasler|Helping Hand|[of] p1a: Farigiraf\n|move|p2a: Gengar|Disable|p1b: Sneasler\n|-start|p1b: Sneasler|Disable|Dire Claw\n|cant|p1b: Sneasler|Disable|Dire Claw\n|move|p2b: Politoed|Encore|p1a: Farigiraf\n|-start|p1a: Farigiraf|Encore\n|\n|-weather|RainDance|[upkeep]\n|-start|p2a: Gengar|perish1\n|-start|p1b: Sneasler|perish1\n|-start|p1a: Farigiraf|perish1\n|upkeep\n|turn|4\n|\n|t:|1776258219\n|switch|p2a: Incineroar|Incineroar, L50, F|49/100\n|-ability|p2a: Incineroar|Intimidate|boost\n|-unboost|p1a: Farigiraf|atk|1\n|-unboost|p1b: Sneasler|atk|1\n|move|p1a: Farigiraf|Helping Hand|p1b: Sneasler\n|-singleturn|p1b: Sneasler|Helping Hand|[of] p1a: Farigiraf\n|move|p2b: Politoed|Protect|p2b: Politoed\n|-singleturn|p2b: Politoed|Protect\n|move|p1b: Sneasler|Close Combat|p2b: Politoed\n|-activate|p2b: Politoed|move: Protect\n|\n|-weather|RainDance|[upkeep]\n|-start|p1b: Sneasler|perish0\n|-start|p1a: Farigiraf|perish0\n|faint|p1b: Sneasler\n|faint|p1a: Farigiraf\n|upkeep\n|\n|t:|1776258225\n|switch|p1b: Torkoal|Torkoal, L50, M|100/100\n|switch|p1a: Alakazam|Alakazam, L50, F|100/100\n|-weather|SunnyDay|[from] ability: Drought|[of] p1b: Torkoal\n|turn|5\n|\n|t:|1776258239\n|switch|p2b: Gengar|Gengar-Mega, L50, F, shiny|100/100\n|detailschange|p1a: Alakazam|Alakazam-Mega, L50, F\n|-mega|p1a: Alakazam|Alakazam|Alakazite\n|-ability|p1a: Alakazam|Intimidate|Trace|[from] ability: Trace|[of] p2a: Incineroar\n|-ability|p1a: Alakazam|Intimidate|boost\n|-unboost|p2a: Incineroar|atk|1\n|-unboost|p2b: Gengar|atk|1\n|move|p2a: Incineroar|Fake Out|p1a: Alakazam\n|-activate|p1a: Alakazam|move: Psychic Terrain\n|move|p1a: Alakazam|Focus Blast|p2a: Incineroar\n|-supereffective|p2a: Incineroar|1\n|-damage|p2a: Incineroar|0 fnt\n|faint|p2a: Incineroar\n|move|p1b: Torkoal|Solar Beam||[still]\n|-prepare|p1b: Torkoal|Solar Beam\n|-anim|p1b: Torkoal|Solar Beam|p2b: Gengar\n|-resisted|p2b: Gengar|1\n|-damage|p2b: Gengar|83/100\n|\n|-weather|SunnyDay|[upkeep]\n|upkeep\n|\n|t:|1776258246\n|switch|p2a: Politoed|Politoed, L50, F, shiny|100/100\n|-weather|RainDance|[from] ability: Drizzle|[of] p2a: Politoed\n|turn|6\n|\n|t:|1776258262\n|move|p2b: Gengar|Protect|p2b: Gengar\n|-singleturn|p2b: Gengar|Protect\n|move|p1a: Alakazam|Expanding Force|p2b: Gengar|[spread] p2a\n|-activate|p2b: Gengar|move: Protect\n|-damage|p2a: Politoed|28/100\n|move|p2a: Politoed|Muddy Water|p1a: Alakazam|[spread] p1a,p1b\n|-supereffective|p1b: Torkoal|1\n|-damage|p1a: Alakazam|60/100\n|-damage|p1b: Torkoal|9/100\n|-unboost|p1a: Alakazam|accuracy|1\n|-unboost|p1b: Torkoal|accuracy|1\n|move|p1b: Torkoal|Heat Wave|p2a: Politoed|[spread] p2a\n|-activate|p2b: Gengar|move: Protect\n|-resisted|p2a: Politoed|1\n|-damage|p2a: Politoed|20/100\n|\n|-weather|RainDance|[upkeep]\n|-heal|p2a: Politoed|26/100|[from] item: Leftovers\n|-fieldend|move: Psychic Terrain\n|upkeep\n|turn|7\n|\n|t:|1776258276\n|switch|p2b: Sinistcha|Sinistcha, L50|100/100\n|-heal|p2a: Politoed|51/100|[from] ability: Hospitality|[of] p2b: Sinistcha\n|move|p2a: Politoed|Protect|p2a: Politoed\n|-singleturn|p2a: Politoed|Protect\n|move|p1a: Alakazam|Expanding Force|p2b: Sinistcha\n|-damage|p2b: Sinistcha|39/100\n|-enditem|p2b: Sinistcha|Sitrus Berry|[eat]\n|-heal|p2b: Sinistcha|64/100|[from] item: Sitrus Berry\n|move|p1b: Torkoal|Heat Wave|p2b: Sinistcha|[spread] \n|-activate|p2a: Politoed|move: Protect\n|-miss|p1b: Torkoal|p2b: Sinistcha\n|\n|-weather|RainDance|[upkeep]\n|-heal|p2a: Politoed|57/100|[from] item: Leftovers\n|upkeep\n|turn|8\n|\n|t:|1776258298\n|move|p1a: Alakazam|Shadow Ball|p2b: Sinistcha|[miss]\n|-miss|p1a: Alakazam|p2b: Sinistcha\n|move|p2b: Sinistcha|Matcha Gotcha|p1a: Alakazam|[spread] p1a,p1b\n|-resisted|p1b: Torkoal|1\n|-damage|p1a: Alakazam|26/100\n|-heal|p2b: Sinistcha|77/100|[from] drain|[of] p1a: Alakazam\n|-damage|p1b: Torkoal|0 fnt\n|-heal|p2b: Sinistcha|81/100|[from] drain|[of] p1b: Torkoal\n|-status|p1a: Alakazam|brn\n|faint|p1b: Torkoal\n|move|p2a: Politoed|Muddy Water|p1a: Alakazam|[miss]\n|-miss|p2a: Politoed|p1a: Alakazam\n|\n|-weather|RainDance|[upkeep]\n|-heal|p2a: Politoed|63/100|[from] item: Leftovers\n|-damage|p1a: Alakazam|20/100 brn|[from] brn\n|upkeep\n|turn|9\n|-message|jingming forfeited.\n|\n|win|lets buy packs\n|raw|jingming's rating: 1115 &rarr; <strong>1090</strong><br />(-25 for losing)\n|raw|lets buy packs's rating: 1117 &rarr; <strong>1142</strong><br />(+25 for winning)\n",
  "uploadtime": 1776258303,
  "views": 18,
  "formatid": "gen9championsvgc2026regma",
  "rating": 1090,
  "private": 0,
  "password": null
}