{
  "id": "gen9championsvgc2026regma-2589379716",
  "format": "[Gen 9 Champions] VGC 2026 Reg M-A",
  "players": [
    "Parasect945",
    "drizzleswim"
  ],
  "log": "|j|\u2606Parasect945\n|j|\u2606drizzleswim\n|t:|1776718325\n|gametype|doubles\n|player|p1|Parasect945|1|1147\n|player|p2|drizzleswim|169|1205\n|gen|9\n|tier|[Gen 9 Champions] VGC 2026 Reg M-A\n|rated|\n|rule|Species Clause: Limit one of each Pok\u00e9mon\n|rule|Item Clause: Limit 1 of each item\n|clearpoke\n|poke|p1|Scizor, L50, M|\n|poke|p1|Orthworm, L50, M|\n|poke|p1|Lucario, L50, M|\n|poke|p1|Garchomp, L50, F|\n|poke|p1|Incineroar, L50, F|\n|poke|p1|Milotic, L50, F|\n|poke|p2|Beartic, L50, M|\n|poke|p2|Pelipper, L50, M|\n|poke|p2|Basculegion, L50, M|\n|poke|p2|Klefki, L50, F|\n|poke|p2|Sinistcha-Masterpiece, L50|\n|poke|p2|Dragonite, L50, M|\n|teampreview|4\n|inactive|Battle timer is ON: inactive players will automatically lose when time's up. (requested by drizzleswim)\n|inactive|Parasect945 has 60 seconds left.\n|\n|t:|1776718366\n|teamsize|p1|4\n|teamsize|p2|4\n|start\n|switch|p1a: Lucario|Lucario, L50, M|100/100\n|switch|p1b: Incineroar|Incineroar, L50, F|100/100\n|switch|p2a: Klefki|Klefki, L50, F|100/100\n|switch|p2b: Beartic|Beartic, L50, M|100/100\n|-ability|p1b: Incineroar|Intimidate|boost\n|-unboost|p2a: Klefki|atk|1\n|-unboost|p2b: Beartic|atk|1\n|-enditem|p2b: Beartic|White Herb\n|-clearnegativeboost|p2b: Beartic|[silent]\n|turn|1\n|inactive|Parasect945 has 30 seconds left.\n|inactive|drizzleswim has 30 seconds left.\n|\n|t:|1776718397\n|switch|p2b: Dragonite|Dragonite, L50, M|100/100\n|move|p1b: Incineroar|Fake Out|p2a: Klefki\n|-resisted|p2a: Klefki|1\n|-damage|p2a: Klefki|94/100\n|cant|p2a: Klefki|flinch\n|move|p1a: Lucario|Close Combat|p2b: Dragonite\n|-resisted|p2b: Dragonite|1\n|-damage|p2b: Dragonite|87/100\n|-unboost|p1a: Lucario|def|1\n|-unboost|p1a: Lucario|spd|1\n|-enditem|p1a: Lucario|White Herb\n|-clearnegativeboost|p1a: Lucario|[silent]\n|\n|-heal|p2a: Klefki|100/100|[from] item: Leftovers\n|upkeep\n|turn|2\n|inactive|Parasect945 has 30 seconds left.\n|inactive|drizzleswim has 30 seconds left.\n|inactive|drizzleswim has 20 seconds left.\n|\n|t:|1776718437\n|detailschange|p2b: Dragonite|Dragonite-Mega, L50, M\n|-mega|p2b: Dragonite|Dragonite|Dragoninite\n|move|p1a: Lucario|Protect|p1a: Lucario\n|-singleturn|p1a: Lucario|Protect\n|move|p2a: Klefki|Reflect|p2a: Klefki\n|-sidestart|p2: drizzleswim|Reflect\n|move|p2b: Dragonite|Hurricane|p1a: Lucario\n|-activate|p1a: Lucario|move: Protect\n|move|p1b: Incineroar|Parting Shot|p2b: Dragonite\n|-unboost|p2b: Dragonite|atk|1\n|-unboost|p2b: Dragonite|spa|1\n|\n|t:|1776718457\n|switch|p1b: Scizor|Scizor, L50, M|100/100|[from] Parting Shot\n|\n|upkeep\n|turn|3\n|inactive|Parasect945 has 30 seconds left.\n|inactive|drizzleswim has 30 seconds left.\n|inactive|Parasect945 has 20 seconds left.\n|inactive|drizzleswim has 20 seconds left.\n|inactive|Parasect945 has 15 seconds left.\n|inactive|drizzleswim has 15 seconds left.\n|inactive|Parasect945 has 10 seconds left.\n|inactive|drizzleswim has 10 seconds left.\n|\n|t:|1776718512\n|switch|p2b: Basculegion|Basculegion, L50, M|100/100\n|move|p1b: Scizor|Protect|p1b: Scizor\n|-singleturn|p1b: Scizor|Protect\n|move|p1a: Lucario|Thunder Punch|p2b: Basculegion\n|-supereffective|p2b: Basculegion|1\n|-damage|p2b: Basculegion|62/100\n|move|p2a: Klefki|Flash Cannon|p1a: Lucario\n|-resisted|p1a: Lucario|1\n|-damage|p1a: Lucario|80/100\n|\n|upkeep\n|turn|4\n|inactive|Parasect945 has 30 seconds left.\n|\n|t:|1776718541\n|detailschange|p1b: Scizor|Scizor-Mega, L50, M\n|-mega|p1b: Scizor|Scizor|Scizorite\n|move|p2a: Klefki|Rain Dance|p2a: Klefki\n|-weather|RainDance\n|move|p2b: Basculegion|Flip Turn|p1a: Lucario\n|-damage|p1a: Lucario|10/100\n|\n|t:|1776718547\n|switch|p2b: Dragonite|Dragonite-Mega, L50, M|87/100|[from] Flip Turn\n|move|p1a: Lucario|Thunder Punch|p2b: Dragonite\n|-damage|p2b: Dragonite|74/100\n|move|p1b: Scizor|Brutal Swing|p2b: Dragonite|[spread] p1a,p2a,p2b\n|-resisted|p1a: Lucario|1\n|-resisted|p2a: Klefki|1\n|-damage|p1a: Lucario|0 fnt\n|-damage|p2a: Klefki|93/100\n|-damage|p2b: Dragonite|59/100\n|faint|p1a: Lucario\n|\n|-weather|RainDance|[upkeep]\n|-heal|p2a: Klefki|99/100|[from] item: Leftovers\n|upkeep\n|\n|t:|1776718565\n|switch|p1a: Incineroar|Incineroar, L50, F|100/100\n|-ability|p1a: Incineroar|Intimidate|boost\n|-unboost|p2a: Klefki|atk|1\n|-unboost|p2b: Dragonite|atk|1\n|turn|5\n|\n|t:|1776718588\n|move|p2b: Dragonite|Protect|p2b: Dragonite\n|-singleturn|p2b: Dragonite|Protect\n|move|p1a: Incineroar|Fake Out|p2b: Dragonite\n|-activate|p2b: Dragonite|move: Protect\n|move|p2a: Klefki|Flash Cannon|p1b: Scizor\n|-resisted|p1b: Scizor|1\n|-damage|p1b: Scizor|89/100\n|move|p1b: Scizor|Dual Wingbeat|p2b: Dragonite\n|-activate|p2b: Dragonite|move: Protect\n|\n|-weather|RainDance|[upkeep]\n|-heal|p2a: Klefki|100/100|[from] item: Leftovers\n|upkeep\n|turn|6\n|\n|t:|1776718612\n|move|p1b: Scizor|Protect|p1b: Scizor\n|-singleturn|p1b: Scizor|Protect\n|move|p2b: Dragonite|Draco Meteor|p1a: Incineroar|[miss]\n|-miss|p2b: Dragonite|p1a: Incineroar\n|move|p2a: Klefki|Flash Cannon|p1b: Scizor\n|-activate|p1b: Scizor|move: Protect\n|move|p1a: Incineroar|Parting Shot|p2b: Dragonite\n|-unboost|p2b: Dragonite|atk|1\n|-unboost|p2b: Dragonite|spa|1\n|\n|t:|1776718624\n|switch|p1a: Milotic|Milotic, L50, F|100/100|[from] Parting Shot\n|\n|-weather|RainDance|[upkeep]\n|-sideend|p2: drizzleswim|Reflect\n|upkeep\n|turn|7\n|\n|t:|1776718642\n|move|p2a: Klefki|Reflect|p2a: Klefki\n|-sidestart|p2: drizzleswim|Reflect\n|move|p2b: Dragonite|Thunder|p1a: Milotic\n|-supereffective|p1a: Milotic|1\n|-damage|p1a: Milotic|51/100\n|move|p1a: Milotic|Light Screen|p1a: Milotic\n|-sidestart|p1: Parasect945|move: Light Screen\n|move|p1b: Scizor|Dual Wingbeat|p2b: Dragonite|[miss]\n|-miss|p1b: Scizor|p2b: Dragonite\n|\n|-weather|RainDance|[upkeep]\n|-heal|p1a: Milotic|57/100|[from] item: Leftovers\n|upkeep\n|turn|8\n|inactive|Parasect945 has 30 seconds left.\n|\n|t:|1776718673\n|move|p1b: Scizor|Protect|p1b: Scizor\n|-singleturn|p1b: Scizor|Protect\n|move|p2a: Klefki|Light Screen|p2a: Klefki\n|-sidestart|p2: drizzleswim|move: Light Screen\n|move|p2b: Dragonite|Thunder|p1a: Milotic\n|-supereffective|p1a: Milotic|1\n|-damage|p1a: Milotic|24/100\n|move|p1a: Milotic|Recover|p1a: Milotic\n|-heal|p1a: Milotic|74/100\n|\n|-weather|none\n|-heal|p1a: Milotic|80/100|[from] item: Leftovers\n|upkeep\n|turn|9\n|\n|t:|1776718697\n|move|p2a: Klefki|Rain Dance|p2a: Klefki\n|-weather|RainDance\n|move|p2b: Dragonite|Thunder|p1a: Milotic\n|-supereffective|p1a: Milotic|1\n|-crit|p1a: Milotic\n|-damage|p1a: Milotic|0 fnt\n|faint|p1a: Milotic\n|move|p1b: Scizor|Dual Wingbeat|p2b: Dragonite\n|-damage|p2b: Dragonite|45/100\n|-damage|p2b: Dragonite|32/100\n|-hitcount|p2b: Dragonite|2\n|\n|-weather|RainDance|[upkeep]\n|upkeep\n|\n|t:|1776718709\n|switch|p1a: Incineroar|Incineroar, L50, F|100/100\n|-ability|p1a: Incineroar|Intimidate|boost\n|-unboost|p2a: Klefki|atk|1\n|-unboost|p2b: Dragonite|atk|1\n|turn|10\n|\n|t:|1776718726\n|move|p2b: Dragonite|Protect|p2b: Dragonite\n|-singleturn|p2b: Dragonite|Protect\n|move|p1a: Incineroar|Fake Out|p2a: Klefki\n|-resisted|p2a: Klefki|1\n|-damage|p2a: Klefki|97/100\n|move|p1b: Scizor|Dual Wingbeat|p2a: Klefki\n|-resisted|p2a: Klefki|1\n|-crit|p2a: Klefki\n|-damage|p2a: Klefki|80/100\n|-resisted|p2a: Klefki|1\n|-crit|p2a: Klefki\n|-damage|p2a: Klefki|65/100\n|-hitcount|p2a: Klefki|2\n|cant|p2a: Klefki|flinch\n|\n|-weather|RainDance|[upkeep]\n|-heal|p2a: Klefki|71/100|[from] item: Leftovers\n|upkeep\n|turn|11\n|inactive|Parasect945 has 30 seconds left.\n|\n|t:|1776718760\n|move|p2b: Dragonite|Hurricane|p1b: Scizor\n|-damage|p1b: Scizor|60/100\n|move|p2a: Klefki|Flash Cannon|p1b: Scizor\n|-resisted|p1b: Scizor|1\n|-damage|p1b: Scizor|52/100\n|move|p1b: Scizor|Dual Wingbeat|p2b: Dragonite\n|-damage|p2b: Dragonite|18/100\n|-damage|p2b: Dragonite|5/100\n|-hitcount|p2b: Dragonite|2\n|move|p1a: Incineroar|Darkest Lariat|p2b: Dragonite\n|-crit|p2b: Dragonite\n|-damage|p2b: Dragonite|0 fnt\n|faint|p2b: Dragonite\n|\n|-weather|RainDance|[upkeep]\n|-heal|p2a: Klefki|77/100|[from] item: Leftovers\n|-sideend|p2: drizzleswim|Reflect\n|-sideend|p1: Parasect945|move: Light Screen\n|upkeep\n|\n|t:|1776718774\n|switch|p2b: Beartic|Beartic, L50, M|100/100\n|turn|12\n|\n|t:|1776718797\n|move|p1b: Scizor|Bullet Punch|p2b: Beartic\n|-supereffective|p2b: Beartic|1\n|-damage|p2b: Beartic|0 fnt\n|faint|p2b: Beartic\n|move|p2a: Klefki|Reflect|p2a: Klefki\n|-sidestart|p2: drizzleswim|Reflect\n|move|p1a: Incineroar|Darkest Lariat|p2a: Klefki\n|-resisted|p2a: Klefki|1\n|-damage|p2a: Klefki|64/100\n|\n|-weather|RainDance|[upkeep]\n|-heal|p2a: Klefki|70/100|[from] item: Leftovers\n|-sideend|p2: drizzleswim|move: Light Screen\n|upkeep\n|\n|t:|1776718803\n|switch|p2b: Basculegion|Basculegion, L50, M|62/100\n|turn|13\n|inactive|Parasect945 has 30 seconds left.\n|\n|t:|1776718830\n|move|p2b: Basculegion|Flip Turn|p1a: Incineroar\n|-supereffective|p1a: Incineroar|1\n|-damage|p1a: Incineroar|5/100\n|move|p2a: Klefki|Flash Cannon|p1b: Scizor\n|-resisted|p1b: Scizor|1\n|-damage|p1b: Scizor|41/100\n|-unboost|p1b: Scizor|spd|1\n|move|p1b: Scizor|Dual Wingbeat|p2b: Basculegion|[miss]\n|-miss|p1b: Scizor|p2b: Basculegion\n|move|p1a: Incineroar|Darkest Lariat|p2b: Basculegion\n|-supereffective|p2b: Basculegion|1\n|-damage|p2b: Basculegion|0 fnt\n|faint|p2b: Basculegion\n|\n|-weather|none\n|-heal|p2a: Klefki|76/100|[from] item: Leftovers\n|upkeep\n|turn|14\n|inactive|Parasect945 has 30 seconds left.\n|inactive|Parasect945 has 20 seconds left.\n|inactive|Parasect945 has 15 seconds left.\n|\n|t:|1776718862\n|move|p1b: Scizor|Bullet Punch|p2a: Klefki\n|-damage|p2a: Klefki|55/100\n|move|p2a: Klefki|Flash Cannon|p1a: Incineroar\n|-resisted|p1a: Incineroar|1\n|-damage|p1a: Incineroar|0 fnt\n|faint|p1a: Incineroar\n|\n|-heal|p2a: Klefki|61/100|[from] item: Leftovers\n|upkeep\n|turn|15\n|inactive|Parasect945 has 15 seconds left this turn.\n|inactive|Parasect945 has 10 seconds left.\n|inactive|Parasect945 has 5 seconds left.\n|\n|t:|1776718873\n|move|p1b: Scizor|Bullet Punch|p2a: Klefki\n|-damage|p2a: Klefki|40/100\n|move|p2a: Klefki|Flash Cannon|p1b: Scizor\n|-resisted|p1b: Scizor|1\n|-damage|p1b: Scizor|25/100\n|\n|-heal|p2a: Klefki|46/100|[from] item: Leftovers\n|upkeep\n|turn|16\n|inactive|Parasect945 has 5 seconds left this turn.\n|-message|Parasect945 lost due to inactivity.\n|\n|win|drizzleswim\n|raw|Parasect945's rating: 1147 &rarr; <strong>1126</strong><br />(-21 for losing)\n|raw|drizzleswim's rating: 1205 &rarr; <strong>1226</strong><br />(+21 for winning)\n",
  "uploadtime": 1776718880,
  "views": 5,
  "formatid": "gen9championsvgc2026regma",
  "rating": 1126,
  "private": 0,
  "password": null
}