{
  "id": "gen9championsvgc2026regma-2586793839",
  "format": "[Gen 9 Champions] VGC 2026 Reg M-A",
  "players": [
    "Chesz08",
    "fightingjsauho"
  ],
  "log": "|j|\u2606Chesz08\n|j|\u2606fightingjsauho\n|t:|1776460399\n|gametype|doubles\n|player|p1|Chesz08|hugh|1092\n|player|p2|fightingjsauho|170|1047\n|gen|9\n|tier|[Gen 9 Champions] VGC 2026 Reg M-A\n|rated|\n|rule|Species Clause: Limit one of each Pok\u00e9mon\n|rule|Item Clause: Limit 1 of each item\n|clearpoke\n|poke|p1|Charizard, L50, M|\n|poke|p1|Torkoal, L50, M|\n|poke|p1|Milotic, L50, F|\n|poke|p1|Whimsicott, L50, F|\n|poke|p1|Incineroar, L50, M|\n|poke|p1|Leafeon, L50, F|\n|poke|p2|Krookodile, L50, M|\n|poke|p2|Chimecho, L50, M|\n|poke|p2|Pelipper, L50, F|\n|poke|p2|Primarina, L50, F|\n|poke|p2|Starmie, L50|\n|poke|p2|Sinistcha, L50|\n|teampreview|4\n|inactive|Battle timer is ON: inactive players will automatically lose when time's up. (requested by Chesz08)\n|\n|t:|1776460456\n|teamsize|p1|4\n|teamsize|p2|4\n|start\n|switch|p1a: Sininho|Whimsicott, L50, F|100/100\n|switch|p1b: Igneel|Charizard, L50, M|100/100\n|switch|p2a: Pelipper|Pelipper, L50, F|100/100\n|switch|p2b: Starmie|Starmie, L50|100/100\n|-weather|RainDance|[from] ability: Drizzle|[of] p2a: Pelipper\n|turn|1\n|inactive|fightingjsauho has 30 seconds left.\n|\n|t:|1776460483\n|detailschange|p1b: Igneel|Charizard-Mega-Y, L50, M\n|-mega|p1b: Igneel|Charizard|Charizardite Y\n|-weather|SunnyDay|[from] ability: Drought|[of] p1b: Igneel\n|detailschange|p2b: Starmie|Starmie-Mega, L50\n|-mega|p2b: Starmie|Starmie|Starminite\n|move|p2a: Pelipper|Protect|p2a: Pelipper\n|-singleturn|p2a: Pelipper|Protect\n|move|p1a: Sininho|Tailwind|p1a: Sininho\n|-sidestart|p1: Chesz08|move: Tailwind\n|move|p1b: Igneel|Solar Beam||[still]\n|-prepare|p1b: Igneel|Solar Beam\n|-anim|p1b: Igneel|Solar Beam|p2b: Starmie\n|-supereffective|p2b: Starmie|1\n|-damage|p2b: Starmie|0 fnt\n|faint|p2b: Starmie\n|\n|-weather|SunnyDay|[upkeep]\n|upkeep\n|\n|t:|1776460499\n|switch|p2b: Krookodile|Krookodile, L50, M|100/100\n|turn|2\n|\n|t:|1776460513\n|move|p2b: Krookodile|Protect|p2b: Krookodile\n|-singleturn|p2b: Krookodile|Protect\n|move|p1a: Sininho|Encore|p2a: Pelipper\n|-start|p2a: Pelipper|Encore\n|move|p2a: Pelipper|Protect|p2a: Pelipper\n|-singleturn|p2a: Pelipper|Protect\n|move|p1b: Igneel|Solar Beam||[still]\n|-prepare|p1b: Igneel|Solar Beam\n|-anim|p1b: Igneel|Solar Beam|p2b: Krookodile\n|-activate|p2b: Krookodile|move: Protect\n|\n|-weather|SunnyDay|[upkeep]\n|upkeep\n|turn|3\n|\n|t:|1776460529\n|switch|p2a: Primarina|Primarina, L50, F, shiny|100/100\n|move|p1a: Sininho|Moonblast|p2b: Krookodile\n|-supereffective|p2b: Krookodile|1\n|-damage|p2b: Krookodile|9/100\n|move|p1b: Igneel|Solar Beam||[still]\n|-prepare|p1b: Igneel|Solar Beam\n|-anim|p1b: Igneel|Solar Beam|p2b: Krookodile\n|-supereffective|p2b: Krookodile|1\n|-damage|p2b: Krookodile|0 fnt\n|faint|p2b: Krookodile\n|\n|-weather|SunnyDay|[upkeep]\n|upkeep\n|\n|t:|1776460537\n|switch|p2b: Pelipper|Pelipper, L50, F|100/100\n|-weather|RainDance|[from] ability: Drizzle|[of] p2b: Pelipper\n|turn|4\n|\n|t:|1776460555\n|switch|p1b: Mable|Milotic, L50, F|100/100\n|move|p1a: Sininho|Taunt|p2b: Pelipper\n|-start|p2b: Pelipper|move: Taunt\n|cant|p2b: Pelipper|move: Taunt|Tailwind\n|move|p2a: Primarina|Hyper Voice|p1a: Sininho|[spread] p1a,p1b\n|-resisted|p1a: Sininho|1\n|-resisted|p1b: Mable|1\n|-damage|p1a: Sininho|51/100\n|-damage|p1b: Mable|80/100\n|\n|-weather|RainDance|[upkeep]\n|-sideend|p1: Chesz08|move: Tailwind\n|upkeep\n|turn|5\n|inactive|fightingjsauho has 30 seconds left.\n|\n|t:|1776460594\n|switch|p1a: Leaf|Leafeon, L50, F, shiny|100/100\n|move|p2b: Pelipper|Weather Ball|p1b: Mable\n|-resisted|p1b: Mable|1\n|-damage|p1b: Mable|55/100\n|move|p1b: Mable|Ice Beam|p2b: Pelipper\n|-damage|p2b: Pelipper|59/100\n|move|p2a: Primarina|Moonblast|p1b: Mable\n|-damage|p1b: Mable|22/100\n|-enditem|p1b: Mable|Sitrus Berry|[eat]\n|-heal|p1b: Mable|47/100|[from] item: Sitrus Berry\n|\n|-weather|RainDance|[upkeep]\n|upkeep\n|turn|6\n|inactive|fightingjsauho has 30 seconds left.\n|\n|t:|1776460621\n|switch|p1b: Igneel|Charizard-Mega-Y, L50, M|100/100\n|-weather|SunnyDay|[from] ability: Drought|[of] p1b: Igneel\n|move|p2a: Primarina|Protect|p2a: Primarina\n|-singleturn|p2a: Primarina|Protect\n|move|p1a: Leaf|Swords Dance|p1a: Leaf\n|-boost|p1a: Leaf|atk|2\n|move|p2b: Pelipper|Weather Ball|p1b: Igneel\n|-resisted|p1b: Igneel|1\n|-crit|p1b: Igneel\n|-damage|p1b: Igneel|67/100\n|\n|-weather|SunnyDay|[upkeep]\n|-end|p2b: Pelipper|move: Taunt\n|upkeep\n|turn|7\n|\n|t:|1776460642\n|move|p1a: Leaf|Leaf Blade|p2a: Primarina\n|-supereffective|p2a: Primarina|1\n|-damage|p2a: Primarina|0 fnt\n|faint|p2a: Primarina\n|move|p1b: Igneel|Heat Wave|p2b: Pelipper\n|-resisted|p2b: Pelipper|1\n|-damage|p2b: Pelipper|0 fnt\n|faint|p2b: Pelipper\n|\n|win|Chesz08\n|raw|Chesz08's rating: 1092 &rarr; <strong>1115</strong><br />(+23 for winning)\n|raw|fightingjsauho's rating: 1047 &rarr; <strong>1032</strong><br />(-15 for losing)\n|l|\u2606fightingjsauho\n|player|p2|\n",
  "uploadtime": 1776460658,
  "views": 23,
  "formatid": "gen9championsvgc2026regma",
  "rating": 1032,
  "private": 0,
  "password": null
}