{
  "id": "gen9championsvgc2026regma-2580447696",
  "format": "[Gen 9 Champions] VGC 2026 Reg M-A",
  "players": [
    "ItsZuno",
    "sixthsavior"
  ],
  "log": "|j|\u2606ItsZuno\n|j|\u2606sixthsavior\n|t:|1775898014\n|gametype|doubles\n|player|p1|ItsZuno|blue|1009\n|player|p2|sixthsavior|102|1070\n|gen|9\n|tier|[Gen 9 Champions] VGC 2026 Reg M-A\n|rated|\n|rule|Species Clause: Limit one of each Pok\u00e9mon\n|rule|Item Clause: Limit 1 of each item\n|clearpoke\n|poke|p1|Lucario, L50, M|\n|poke|p1|Pelipper, L50, F|\n|poke|p1|Maushold-Four, L50|\n|poke|p1|Rotom-Wash, L50|\n|poke|p1|Raichu, L50, M|\n|poke|p1|Sneasler, L50, M|\n|poke|p2|Audino, L50, M|\n|poke|p2|Goodra, L50, F|\n|poke|p2|Incineroar, L50, F|\n|poke|p2|Sinistcha-Masterpiece, L50|\n|poke|p2|Slowking-Galar, L50, M|\n|poke|p2|Chesnaught, L50, F|\n|teampreview|4\n|\n|t:|1775898061\n|teamsize|p1|4\n|teamsize|p2|4\n|start\n|switch|p1a: Pelipper|Pelipper, L50, F|100/100\n|switch|p1b: Lucario|Lucario, L50, M|100/100\n|switch|p2a: Audino|Audino, L50, M|100/100\n|switch|p2b: Incineroar|Incineroar, L50, F|100/100\n|-weather|RainDance|[from] ability: Drizzle|[of] p1a: Pelipper\n|-ability|p2b: Incineroar|Intimidate|boost\n|-unboost|p1a: Pelipper|atk|1\n|-fail|p1b: Lucario|unboost|Attack|[from] ability: Inner Focus|[of] p1b: Lucario\n|turn|1\n|\n|t:|1775898082\n|switch|p2b: Sinistcha|Sinistcha-Masterpiece, L50|100/100\n|detailschange|p1b: Lucario|Lucario-Mega, L50, M\n|-mega|p1b: Lucario|Lucario|Lucarionite\n|detailschange|p2a: Audino|Audino-Mega, L50, M\n|-mega|p2a: Audino|Audino|Audinite\n|move|p1a: Pelipper|Protect|p1a: Pelipper\n|-singleturn|p1a: Pelipper|Protect\n|move|p1b: Lucario|Drain Punch|p2b: Sinistcha\n|-immune|p2b: Sinistcha\n|move|p2a: Audino|Light Screen|p2a: Audino\n|-sidestart|p2: sixthsavior|move: Light Screen\n|\n|-weather|RainDance|[upkeep]\n|upkeep\n|turn|2\n|\n|t:|1775898106\n|switch|p2b: Slowking|Slowking-Galar, L50, M|100/100\n|move|p1b: Lucario|Meteor Mash|p2a: Audino\n|-supereffective|p2a: Audino|1\n|-damage|p2a: Audino|7/100\n|move|p1a: Pelipper|Tailwind|p1a: Pelipper\n|-sidestart|p1: ItsZuno|move: Tailwind\n|move|p2a: Audino|Chilling Water|p1b: Lucario\n|-damage|p1b: Lucario|78/100\n|-unboost|p1b: Lucario|atk|1\n|\n|-weather|RainDance|[upkeep]\n|upkeep\n|turn|3\n|\n|t:|1775898143\n|switch|p2a: Incineroar|Incineroar, L50, F|100/100\n|-ability|p2a: Incineroar|Intimidate|boost\n|-unboost|p1a: Pelipper|atk|1\n|-unboost|p1b: Lucario|atk|1\n|move|p1b: Lucario|Meteor Mash|p2b: Slowking\n|-damage|p2b: Slowking|65/100\n|move|p1a: Pelipper|Hurricane|p2b: Slowking\n|-damage|p2b: Slowking|48/100\n|move|p2b: Slowking|Toxic|p1a: Pelipper\n|-status|p1a: Pelipper|tox\n|\n|-weather|RainDance|[upkeep]\n|-damage|p1a: Pelipper|95/100 tox|[from] psn\n|upkeep\n|turn|4\n|\n|t:|1775898179\n|switch|p1b: Sneasler|Sneasler, L50, M|100/100\n|switch|p2a: Sinistcha|Sinistcha-Masterpiece, L50|100/100\n|-heal|p2b: Slowking|73/100|[from] ability: Hospitality|[of] p2a: Sinistcha\n|move|p1a: Pelipper|Hurricane|p2b: Slowking\n|-damage|p2b: Slowking|57/100\n|move|p2b: Slowking|Toxic Spikes|p1a: Pelipper\n|-sidestart|p1: ItsZuno|move: Toxic Spikes\n|\n|-weather|RainDance|[upkeep]\n|-damage|p1a: Pelipper|83/100 tox|[from] psn\n|upkeep\n|turn|5\n|\n|t:|1775898207\n|switch|p1a: Lucario|Lucario-Mega, L50, M|78/100\n|switch|p2b: Incineroar|Incineroar, L50, F|100/100\n|-ability|p2b: Incineroar|Intimidate|boost\n|-unboost|p1a: Lucario|atk|1\n|-unboost|p1b: Sneasler|atk|1\n|move|p1b: Sneasler|Gunk Shot|p2a: Sinistcha\n|-damage|p2a: Sinistcha|63/100\n|move|p2a: Sinistcha|Strength Sap|p1b: Sneasler\n|-unboost|p1b: Sneasler|atk|1\n|-heal|p2a: Sinistcha|100/100\n|\n|-weather|none\n|-sideend|p2: sixthsavior|move: Light Screen\n|-sideend|p1: ItsZuno|move: Tailwind\n|upkeep\n|turn|6\n|-message|ItsZuno forfeited.\n|\n|win|sixthsavior\n|raw|ItsZuno's rating: 1009 &rarr; <strong>1000</strong><br />(-9 for losing)\n|raw|sixthsavior's rating: 1070 &rarr; <strong>1094</strong><br />(+24 for winning)\n|l|\u2606ItsZuno\n|player|p1|\n",
  "uploadtime": 1775898226,
  "views": 17,
  "formatid": "gen9championsvgc2026regma",
  "rating": 1000,
  "private": 0,
  "password": null
}