{
  "id": "gen9championsvgc2026regma-2587830016",
  "format": "[Gen 9 Champions] VGC 2026 Reg M-A",
  "players": [
    "HeeHooNolyWoly",
    "Danievania"
  ],
  "log": "|j|\u2606HeeHooNolyWoly\n|j|\u2606Danievania\n|t:|1776568352\n|gametype|doubles\n|player|p1|HeeHooNolyWoly|102|1401\n|player|p2|Danievania|byron|1464\n|gen|9\n|tier|[Gen 9 Champions] VGC 2026 Reg M-A\n|rated|\n|rule|Species Clause: Limit one of each Pok\u00e9mon\n|rule|Item Clause: Limit 1 of each item\n|clearpoke\n|poke|p1|Starmie, L50|\n|poke|p1|Sneasler, L50, F|\n|poke|p1|Pelipper, L50, M|\n|poke|p1|Basculegion, L50, M|\n|poke|p1|Archaludon, L50, M|\n|poke|p1|Sinistcha, L50|\n|poke|p2|Delphox, L50, M, shiny|\n|poke|p2|Sneasler, L50, F, shiny|\n|poke|p2|Garchomp, L50, F, shiny|\n|poke|p2|Aerodactyl, L50, F|\n|poke|p2|Kingambit, L50, F|\n|poke|p2|Sinistcha, L50|\n|teampreview|4\n|\n|t:|1776568373\n|teamsize|p1|4\n|teamsize|p2|4\n|start\n|switch|p1a: Pelipper|Pelipper, L50, M|100/100\n|switch|p1b: Sneasler|Sneasler, L50, F|100/100\n|switch|p2a: Sneasler|Sneasler, L50, F, shiny|100/100\n|switch|p2b: Aerodactyl|Aerodactyl, L50, F|100/100\n|-weather|RainDance|[from] ability: Drizzle|[of] p1a: Pelipper\n|turn|1\n|\n|t:|1776568389\n|move|p2a: Sneasler|Fake Out|p1b: Sneasler\n|-damage|p1b: Sneasler|75/100\n|cant|p1b: Sneasler|flinch\n|move|p2b: Aerodactyl|Tailwind|p2b: Aerodactyl\n|-sidestart|p2: Danievania|move: Tailwind\n|move|p1a: Pelipper|Hurricane|p2a: Sneasler\n|-supereffective|p2a: Sneasler|1\n|-enditem|p2a: Sneasler|Focus Sash\n|-damage|p2a: Sneasler|1/100\n|-start|p2a: Sneasler|confusion\n|\n|-weather|RainDance|[upkeep]\n|upkeep\n|turn|2\n|inactive|Battle timer is ON: inactive players will automatically lose when time's up. (requested by HeeHooNolyWoly)\n|inactive|Danievania has 60 seconds left.\n|\n|t:|1776568428\n|detailschange|p2b: Aerodactyl|Aerodactyl-Mega, L50, F\n|-mega|p2b: Aerodactyl|Aerodactyl|Aerodactylite\n|move|p1a: Pelipper|Protect|p1a: Pelipper\n|-singleturn|p1a: Pelipper|Protect\n|-activate|p2a: Sneasler|confusion\n|move|p2a: Sneasler|Dire Claw|p1a: Pelipper\n|-activate|p1a: Pelipper|move: Protect\n|move|p2b: Aerodactyl|Rock Slide|p1a: Pelipper|[spread] p1b\n|-activate|p1a: Pelipper|move: Protect\n|-resisted|p1b: Sneasler|1\n|-damage|p1b: Sneasler|48/100\n|move|p1b: Sneasler|Close Combat|p2b: Aerodactyl\n|-damage|p2b: Aerodactyl|15/100\n|-unboost|p1b: Sneasler|def|1\n|-unboost|p1b: Sneasler|spd|1\n|-enditem|p1b: Sneasler|White Herb\n|-clearnegativeboost|p1b: Sneasler|[silent]\n|\n|-weather|RainDance|[upkeep]\n|upkeep\n|turn|3\n|inactive|HeeHooNolyWoly has 30 seconds left.\n|inactive|Danievania has 30 seconds left.\n|inactive|HeeHooNolyWoly has 20 seconds left.\n|inactive|Danievania has 20 seconds left.\n|inactive|Danievania has 15 seconds left.\n|inactive|Danievania has 10 seconds left.\n|inactive|HeeHooNolyWoly has 15 seconds left.\n|\n|t:|1776568481\n|switch|p1a: Basculegion|Basculegion, L50, M|100/100\n|-activate|p2a: Sneasler|confusion\n|move|p2a: Sneasler|Close Combat|p1b: Sneasler\n|-resisted|p1b: Sneasler|1\n|-damage|p1b: Sneasler|0 fnt\n|-unboost|p2a: Sneasler|def|1\n|-unboost|p2a: Sneasler|spd|1\n|faint|p1b: Sneasler\n|move|p2b: Aerodactyl|Rock Slide|p1a: Basculegion\n|-damage|p1a: Basculegion|47/100\n|\n|-weather|RainDance|[upkeep]\n|upkeep\n|\n|t:|1776568492\n|switch|p1b: Starmie|Starmie, L50|100/100\n|turn|4\n|\n|t:|1776568508\n|move|p2b: Aerodactyl|Protect|p2b: Aerodactyl\n|-singleturn|p2b: Aerodactyl|Protect\n|move|p1b: Starmie|Aqua Jet|p2a: Sneasler\n|-damage|p2a: Sneasler|0 fnt\n|faint|p2a: Sneasler\n|move|p1a: Basculegion|Aqua Jet|p2b: Aerodactyl\n|-activate|p2b: Aerodactyl|move: Protect\n|\n|-weather|RainDance|[upkeep]\n|-sideend|p2: Danievania|move: Tailwind\n|upkeep\n|\n|t:|1776568518\n|switch|p2a: Kingambit|Kingambit, L50, F|100/100\n|turn|5\n|inactive|HeeHooNolyWoly has 30 seconds left.\n|inactive|Danievania has 30 seconds left.\n|\n|t:|1776568547\n|detailschange|p1b: Starmie|Starmie-Mega, L50\n|-mega|p1b: Starmie|Starmie|Starminite\n|move|p2b: Aerodactyl|Protect|p2b: Aerodactyl\n|-singleturn|p2b: Aerodactyl|Protect\n|move|p1b: Starmie|Aqua Jet|p2b: Aerodactyl\n|-activate|p2b: Aerodactyl|move: Protect\n|move|p1a: Basculegion|Aqua Jet|p2b: Aerodactyl\n|-activate|p2b: Aerodactyl|move: Protect\n|move|p2a: Kingambit|Kowtow Cleave|p1b: Starmie\n|-supereffective|p1b: Starmie|1\n|-damage|p1b: Starmie|0 fnt\n|faint|p1b: Starmie\n|\n|-weather|none\n|upkeep\n|\n|t:|1776568551\n|switch|p1b: Pelipper|Pelipper, L50, M|100/100\n|-weather|RainDance|[from] ability: Drizzle|[of] p1b: Pelipper\n|turn|6\n|\n|t:|1776568574\n|move|p1a: Basculegion|Protect|p1a: Basculegion\n|-singleturn|p1a: Basculegion|Protect\n|move|p2b: Aerodactyl|Rock Slide|p1a: Basculegion|[spread] p1b\n|-activate|p1a: Basculegion|move: Protect\n|-supereffective|p1b: Pelipper|1\n|-damage|p1b: Pelipper|39/100\n|cant|p1b: Pelipper|flinch\n|move|p2a: Kingambit|Kowtow Cleave|p1a: Basculegion\n|-activate|p1a: Basculegion|move: Protect\n|\n|-weather|RainDance|[upkeep]\n|upkeep\n|turn|7\n|inactive|HeeHooNolyWoly has 30 seconds left.\n|\n|t:|1776568602\n|move|p2b: Aerodactyl|Tailwind|p2b: Aerodactyl\n|-sidestart|p2: Danievania|move: Tailwind\n|move|p2a: Kingambit|Kowtow Cleave|p1a: Basculegion\n|-supereffective|p1a: Basculegion|1\n|-damage|p1a: Basculegion|0 fnt\n|faint|p1a: Basculegion\n|move|p1b: Pelipper|Tailwind|p1b: Pelipper\n|-sidestart|p1: HeeHooNolyWoly|move: Tailwind\n|\n|-weather|RainDance|[upkeep]\n|upkeep\n|turn|8\n|-message|HeeHooNolyWoly forfeited.\n|\n|win|Danievania\n|raw|HeeHooNolyWoly's rating: 1401 &rarr; <strong>1385</strong><br />(-16 for losing)\n|raw|Danievania's rating: 1464 &rarr; <strong>1480</strong><br />(+16 for winning)\n|l|\u2606HeeHooNolyWoly\n|player|p1|\n|l|\u2606Danievania\n|player|p2|\n",
  "uploadtime": 1776568623,
  "views": 16,
  "formatid": "gen9championsvgc2026regma",
  "rating": 1385,
  "private": 0,
  "password": null
}