{
  "id": "gen9championsvgc2026regma-2586149542",
  "format": "[Gen 9 Champions] VGC 2026 Reg M-A",
  "players": [
    "eye-zitt",
    "alexesmo5"
  ],
  "log": "|j|\u2606eye-zitt\n|j|\u2606alexesmo5\n|t:|1776405259\n|gametype|doubles\n|player|p1|eye-zitt|hilbert|1303\n|player|p2|alexesmo5|169|1357\n|gen|9\n|tier|[Gen 9 Champions] VGC 2026 Reg M-A\n|rated|\n|rule|Species Clause: Limit one of each Pok\u00e9mon\n|rule|Item Clause: Limit 1 of each item\n|clearpoke\n|poke|p1|Clefable, L50, M|\n|poke|p1|Tyranitar, L50, M|\n|poke|p1|Excadrill, L50, F|\n|poke|p1|Garchomp, L50, F|\n|poke|p1|Basculegion, L50, M|\n|poke|p1|Arcanine-Hisui, L50, F|\n|poke|p2|Floette-Eternal, L50, F|\n|poke|p2|Aegislash, L50, F|\n|poke|p2|Talonflame, L50, M|\n|poke|p2|Incineroar, L50, F|\n|poke|p2|Garchomp, L50, M|\n|poke|p2|Rotom-Wash, L50|\n|teampreview|4\n|inactive|Battle timer is ON: inactive players will automatically lose when time's up. (requested by eye-zitt)\n|\n|t:|1776405280\n|teamsize|p1|4\n|teamsize|p2|4\n|start\n|switch|p1a: Clefable|Clefable, L50, M|100/100\n|switch|p1b: Tyranitar|Tyranitar, L50, M|100/100\n|switch|p2a: Floette|Floette-Eternal, L50, F|100/100\n|switch|p2b: Talonflame|Talonflame, L50, M|100/100\n|-weather|Sandstorm|[from] ability: Sand Stream|[of] p1b: Tyranitar\n|turn|1\n|\n|t:|1776405301\n|detailschange|p1b: Tyranitar|Tyranitar-Mega, L50, M\n|-mega|p1b: Tyranitar|Tyranitar|Tyranitarite\n|detailschange|p2a: Floette|Floette-Mega, L50, F\n|-mega|p2a: Floette|Floette|Floettite\n|-ability|p2a: Floette|Fairy Aura\n|move|p1a: Clefable|Follow Me|p1a: Clefable\n|-singleturn|p1a: Clefable|move: Follow Me\n|move|p2b: Talonflame|Tailwind|p2b: Talonflame\n|-sidestart|p2: alexesmo5|move: Tailwind\n|move|p2a: Floette|Calm Mind|p2a: Floette\n|-boost|p2a: Floette|spa|1\n|-boost|p2a: Floette|spd|1\n|move|p1b: Tyranitar|Dragon Dance|p1b: Tyranitar\n|-boost|p1b: Tyranitar|atk|1\n|-boost|p1b: Tyranitar|spe|1\n|\n|-weather|Sandstorm|[upkeep]\n|-damage|p2b: Talonflame|95/100|[from] Sandstorm\n|-damage|p2a: Floette|94/100|[from] Sandstorm\n|-damage|p1a: Clefable|95/100|[from] Sandstorm\n|upkeep\n|turn|2\n|inactive|eye-zitt has 30 seconds left.\n|\n|t:|1776405336\n|move|p1a: Clefable|Follow Me|p1a: Clefable\n|-singleturn|p1a: Clefable|move: Follow Me\n|move|p2b: Talonflame|Acrobatics|p1a: Clefable\n|-damage|p1a: Clefable|61/100\n|move|p2a: Floette|Dazzling Gleam|p1b: Tyranitar|[spread] p1a,p1b\n|-supereffective|p1b: Tyranitar|1\n|-damage|p1a: Clefable|0 fnt\n|-damage|p1b: Tyranitar|21/100\n|faint|p1a: Clefable\n|move|p1b: Tyranitar|Rock Slide|p2b: Talonflame|[spread] p2a,p2b\n|-supereffective|p2b: Talonflame|2\n|-damage|p2a: Floette|47/100\n|-damage|p2b: Talonflame|0 fnt\n|faint|p2b: Talonflame\n|\n|-weather|Sandstorm|[upkeep]\n|-damage|p2a: Floette|41/100|[from] Sandstorm\n|upkeep\n|\n|t:|1776405355\n|switch|p2b: Incineroar|Incineroar, L50, F|100/100\n|switch|p1a: Excadrill|Excadrill, L50, F|100/100\n|-ability|p2b: Incineroar|Intimidate|boost\n|-unboost|p1a: Excadrill|atk|1\n|-unboost|p1b: Tyranitar|atk|1\n|turn|3\n|\n|t:|1776405366\n|move|p1a: Excadrill|Protect|p1a: Excadrill\n|-singleturn|p1a: Excadrill|Protect\n|move|p1b: Tyranitar|Protect|p1b: Tyranitar\n|-singleturn|p1b: Tyranitar|Protect\n|move|p2b: Incineroar|Fake Out|p1a: Excadrill\n|-activate|p1a: Excadrill|move: Protect\n|move|p2a: Floette|Dazzling Gleam|p1a: Excadrill|[spread] \n|-activate|p1a: Excadrill|move: Protect\n|-activate|p1b: Tyranitar|move: Protect\n|\n|-weather|Sandstorm|[upkeep]\n|-damage|p2a: Floette|35/100|[from] Sandstorm\n|-damage|p2b: Incineroar|95/100|[from] Sandstorm\n|-heal|p2b: Incineroar|100/100|[from] item: Leftovers\n|upkeep\n|turn|4\n|inactive|eye-zitt has 30 seconds left.\n|\n|t:|1776405393\n|move|p1a: Excadrill|Rock Slide|p2b: Incineroar|[spread] p2a\n|-miss|p1a: Excadrill|p2b: Incineroar\n|-damage|p2a: Floette|23/100\n|cant|p2a: Floette|flinch\n|move|p1b: Tyranitar|Dragon Dance|p1b: Tyranitar\n|-boost|p1b: Tyranitar|atk|1\n|-boost|p1b: Tyranitar|spe|1\n|move|p2b: Incineroar|Parting Shot|p1a: Excadrill\n|-unboost|p1a: Excadrill|atk|1\n|-unboost|p1a: Excadrill|spa|1\n|\n|t:|1776405406\n|switch|p2b: Garchomp|Garchomp, L50, M|100/100|[from] Parting Shot\n|\n|-weather|Sandstorm|[upkeep]\n|-damage|p2a: Floette|17/100|[from] Sandstorm\n|-sideend|p2: alexesmo5|move: Tailwind\n|upkeep\n|turn|5\n|\n|t:|1776405416\n|move|p1a: Excadrill|Rock Slide|p2b: Garchomp|[spread] p2a,p2b\n|-resisted|p2b: Garchomp|1\n|-damage|p2a: Floette|8/100\n|-damage|p2b: Garchomp|96/100\n|move|p1b: Tyranitar|Crunch|p2b: Garchomp\n|-damage|p2b: Garchomp|35/100\n|-damage|p1b: Tyranitar|9/100|[from] ability: Rough Skin|[of] p2b: Garchomp\n|cant|p2b: Garchomp|flinch\n|cant|p2a: Floette|flinch\n|\n|-weather|none\n|upkeep\n|turn|6\n|\n|t:|1776405438\n|switch|p2b: Incineroar|Incineroar, L50, F|100/100\n|-ability|p2b: Incineroar|Intimidate|boost\n|-unboost|p1a: Excadrill|atk|1\n|-unboost|p1b: Tyranitar|atk|1\n|move|p1b: Tyranitar|Rock Slide|p2b: Incineroar|[spread] p2a,p2b\n|-supereffective|p2b: Incineroar|1\n|-damage|p2a: Floette|0 fnt\n|-damage|p2b: Incineroar|38/100\n|faint|p2a: Floette\n|move|p1a: Excadrill|Rock Slide|p2b: Incineroar\n|-supereffective|p2b: Incineroar|1\n|-crit|p2b: Incineroar\n|-damage|p2b: Incineroar|0 fnt\n|faint|p2b: Incineroar\n|\n|upkeep\n|\n|t:|1776405447\n|switch|p2b: Garchomp|Garchomp, L50, M|35/100\n|turn|7\n|\n|t:|1776405461\n|move|p1b: Tyranitar|Crunch|p2b: Garchomp\n|-damage|p2b: Garchomp|0 fnt\n|-damage|p1b: Tyranitar|0 fnt|[from] ability: Rough Skin|[of] p2b: Garchomp\n|faint|p2b: Garchomp\n|faint|p1b: Tyranitar\n|\n|win|eye-zitt\n|raw|eye-zitt's rating: 1303 &rarr; <strong>1326</strong><br />(+23 for winning)\n|raw|alexesmo5's rating: 1357 &rarr; <strong>1334</strong><br />(-23 for losing)\n",
  "uploadtime": 1776405464,
  "views": 53,
  "formatid": "gen9championsvgc2026regma",
  "rating": 1326,
  "private": 0,
  "password": null
}