{
  "id": "gen9championsvgc2026regma-2586589627",
  "format": "[Gen 9 Champions] VGC 2026 Reg M-A",
  "players": [
    "hinaaataa",
    "Bluersame"
  ],
  "log": "|j|\u2606hinaaataa\n|j|\u2606Bluersame\n|t:|1776445211\n|gametype|doubles\n|player|p1|hinaaataa|2|1389\n|player|p2|Bluersame|169|1436\n|gen|9\n|tier|[Gen 9 Champions] VGC 2026 Reg M-A\n|rated|\n|rule|Species Clause: Limit one of each Pok\u00e9mon\n|rule|Item Clause: Limit 1 of each item\n|clearpoke\n|poke|p1|Gardevoir, L50, M|\n|poke|p1|Maushold, L50|\n|poke|p1|Basculegion, L50, M|\n|poke|p1|Talonflame, L50, M|\n|poke|p1|Kingambit, L50, F|\n|poke|p1|Garchomp, L50, M|\n|poke|p2|Gardevoir, L50, F|\n|poke|p2|Kangaskhan, L50, F|\n|poke|p2|Camerupt, L50, M|\n|poke|p2|Conkeldurr, L50, F|\n|poke|p2|Tinkaton, L50, F|\n|poke|p2|Farigiraf, L50, F|\n|teampreview|4\n|inactive|Battle timer is ON: inactive players will automatically lose when time's up. (requested by Bluersame)\n|inactive|hinaaataa has 60 seconds left.\n|inactive|Bluersame has 60 seconds left.\n|\n|t:|1776445276\n|teamsize|p1|4\n|teamsize|p2|4\n|start\n|switch|p1a: Gardevoir|Gardevoir, L50, M|100/100\n|switch|p1b: Garchomp|Garchomp, L50, M|100/100\n|switch|p2a: Kangaskhan|Kangaskhan, L50, F|100/100\n|switch|p2b: Farigiraf|Farigiraf, L50, F|100/100\n|turn|1\n|\n|t:|1776445305\n|move|p1b: Garchomp|Protect|p1b: Garchomp\n|-singleturn|p1b: Garchomp|Protect\n|move|p2a: Kangaskhan|Fake Out|p1a: Gardevoir\n|-damage|p1a: Gardevoir|64/100\n|cant|p1a: Gardevoir|flinch\n|move|p2b: Farigiraf|Trick Room|p2b: Farigiraf\n|-fieldstart|move: Trick Room|[of] p2b: Farigiraf\n|\n|upkeep\n|turn|2\n|\n|t:|1776445327\n|move|p2b: Farigiraf|Helping Hand|p2a: Kangaskhan\n|-singleturn|p2a: Kangaskhan|Helping Hand|[of] p2b: Farigiraf\n|move|p2a: Kangaskhan|Last Resort|p1b: Garchomp\n|-damage|p1b: Garchomp|3/100\n|-damage|p2a: Kangaskhan|88/100|[from] ability: Rough Skin|[of] p1b: Garchomp\n|move|p1b: Garchomp|Earthquake|p2a: Kangaskhan|[spread] p2a,p2b\n|-activate|p1a: Gardevoir|ability: Telepathy\n|-damage|p2a: Kangaskhan|50/100\n|-damage|p2b: Farigiraf|62/100\n|move|p1a: Gardevoir|Trick Room|p1a: Gardevoir\n|-fieldend|move: Trick Room\n|\n|upkeep\n|turn|3\n|inactive|hinaaataa has 30 seconds left.\n|inactive|Bluersame has 30 seconds left.\n|inactive|hinaaataa has 20 seconds left.\n|inactive|hinaaataa has 15 seconds left.\n|\n|t:|1776445369\n|detailschange|p1a: Gardevoir|Gardevoir-Mega, L50, M\n|-mega|p1a: Gardevoir|Gardevoir|Gardevoirite\n|move|p2b: Farigiraf|Protect|p2b: Farigiraf\n|-singleturn|p2b: Farigiraf|Protect\n|move|p1b: Garchomp|Dragon Claw|p2a: Kangaskhan\n|-damage|p2a: Kangaskhan|8/100\n|move|p1a: Gardevoir|Hyper Voice|p2b: Farigiraf|[spread] p2a\n|-activate|p2b: Farigiraf|move: Protect\n|-damage|p2a: Kangaskhan|0 fnt\n|faint|p2a: Kangaskhan\n|\n|upkeep\n|\n|t:|1776445381\n|switch|p2a: Tinkaton|Tinkaton, L50, F|100/100\n|-ability|p2a: Tinkaton|Mold Breaker\n|turn|4\n|\n|t:|1776445392\n|move|p1a: Gardevoir|Protect|p1a: Gardevoir\n|-singleturn|p1a: Gardevoir|Protect\n|move|p2a: Tinkaton|Fake Out|p1a: Gardevoir\n|-activate|p1a: Gardevoir|move: Protect\n|move|p1b: Garchomp|Earthquake|p2b: Farigiraf|[spread] p2a,p2b\n|-activate|p1a: Gardevoir|move: Protect\n|-supereffective|p2a: Tinkaton|1\n|-enditem|p2a: Tinkaton|Focus Sash\n|-damage|p2a: Tinkaton|1/100\n|-damage|p2b: Farigiraf|23/100\n|move|p2b: Farigiraf|Trick Room|p2b: Farigiraf\n|-fieldstart|move: Trick Room|[of] p2b: Farigiraf\n|\n|upkeep\n|turn|5\n|\n|t:|1776445414\n|switch|p1a: Talonflame|Talonflame, L50, M|100/100\n|move|p2b: Farigiraf|Psychic|p1b: Garchomp\n|-damage|p1b: Garchomp|0 fnt\n|faint|p1b: Garchomp\n|move|p2a: Tinkaton|Gigaton Hammer|p1a: Talonflame\n|-resisted|p1a: Talonflame|1\n|-damage|p1a: Talonflame|50/100\n|\n|upkeep\n|\n|t:|1776445432\n|switch|p1b: Gardevoir|Gardevoir-Mega, L50, M|64/100\n|turn|6\n|\n|t:|1776445439\n|move|p2b: Farigiraf|Helping Hand|p2a: Tinkaton\n|-singleturn|p2a: Tinkaton|Helping Hand|[of] p2b: Farigiraf\n|move|p1b: Gardevoir|Protect|p1b: Gardevoir\n|-singleturn|p1b: Gardevoir|Protect\n|move|p1a: Talonflame|Protect|p1a: Talonflame\n|-singleturn|p1a: Talonflame|Protect\n|move|p2a: Tinkaton|Play Rough|p1b: Gardevoir\n|-activate|p1b: Gardevoir|move: Protect\n|\n|upkeep\n|turn|7\n|\n|t:|1776445458\n|switch|p2b: Camerupt|Camerupt, L50, M|100/100\n|switch|p1b: Maushold|Maushold, L50|100/100\n|move|p2a: Tinkaton|Gigaton Hammer|p1b: Maushold\n|-damage|p1b: Maushold|19/100\n|move|p1a: Talonflame|Acrobatics|p2a: Tinkaton\n|-resisted|p2a: Tinkaton|1\n|-damage|p2a: Tinkaton|0 fnt\n|faint|p2a: Tinkaton\n|\n|upkeep\n|\n|t:|1776445469\n|switch|p2a: Farigiraf|Farigiraf, L50, F|23/100\n|turn|8\n|\n|t:|1776445485\n|detailschange|p2b: Camerupt|Camerupt-Mega, L50, M\n|-mega|p2b: Camerupt|Camerupt|Cameruptite\n|move|p1b: Maushold|Protect|p1b: Maushold\n|-singleturn|p1b: Maushold|Protect\n|move|p1a: Talonflame|Protect|p1a: Talonflame\n|-singleturn|p1a: Talonflame|Protect\n|move|p2b: Camerupt|Eruption|p1b: Maushold|[spread] \n|-activate|p1a: Talonflame|move: Protect\n|-activate|p1b: Maushold|move: Protect\n|move|p2a: Farigiraf|Psychic|p1a: Talonflame\n|-activate|p1a: Talonflame|move: Protect\n|\n|-fieldend|move: Trick Room\n|upkeep\n|turn|9\n|inactive|hinaaataa has 30 seconds left.\n|inactive|Bluersame has 30 seconds left.\n|inactive|hinaaataa has 20 seconds left.\n|\n|t:|1776445522\n|move|p2a: Farigiraf|Helping Hand|p2b: Camerupt\n|-singleturn|p2b: Camerupt|Helping Hand|[of] p2a: Farigiraf\n|move|p1a: Talonflame|Acrobatics|p2a: Farigiraf\n|-damage|p2a: Farigiraf|0 fnt\n|faint|p2a: Farigiraf\n|move|p1b: Maushold|Encore|p2b: Camerupt\n|-start|p2b: Camerupt|Encore\n|move|p2b: Camerupt|Eruption|p1a: Talonflame|[spread] p1a,p1b\n|-resisted|p1a: Talonflame|1\n|-damage|p1a: Talonflame|0 fnt\n|-damage|p1b: Maushold|0 fnt\n|faint|p1a: Talonflame\n|faint|p1b: Maushold\n|\n|upkeep\n|\n|t:|1776445531\n|switch|p1b: Gardevoir|Gardevoir-Mega, L50, M|64/100\n|turn|10\n|inactive|hinaaataa has 30 seconds left.\n|\n|t:|1776445563\n|move|p1b: Gardevoir|Psyshock|p2b: Camerupt\n|-damage|p2b: Camerupt|52/100\n|move|p2b: Camerupt|Eruption|p1b: Gardevoir\n|-damage|p1b: Gardevoir|26/100\n|\n|upkeep\n|turn|11\n|-message|Bluersame forfeited.\n|\n|win|hinaaataa\n|raw|hinaaataa's rating: 1389 &rarr; <strong>1412</strong><br />(+23 for winning)\n|raw|Bluersame's rating: 1436 &rarr; <strong>1413</strong><br />(-23 for losing)\n|l|\u2606Bluersame\n|player|p2|\n",
  "uploadtime": 1776445582,
  "views": 40,
  "formatid": "gen9championsvgc2026regma",
  "rating": 1412,
  "private": 0,
  "password": null
}