{
  "id": "gen9championsvgc2026regma-2585203753",
  "format": "[Gen 9 Champions] VGC 2026 Reg M-A",
  "players": [
    "Hi jump kicker",
    "Alatzpivot"
  ],
  "log": "|j|\u2606Hi jump kicker\n|j|\u2606Alatzpivot\n|t:|1776324597\n|gametype|doubles\n|player|p1|Hi jump kicker|101|1250\n|player|p2|Alatzpivot|169|1163\n|gen|9\n|tier|[Gen 9 Champions] VGC 2026 Reg M-A\n|rated|\n|rule|Species Clause: Limit one of each Pok\u00e9mon\n|rule|Item Clause: Limit 1 of each item\n|clearpoke\n|poke|p1|Altaria, L50, M|\n|poke|p1|Arcanine, L50, F|\n|poke|p1|Basculegion-F, L50, F|\n|poke|p1|Meowscarada, L50, F|\n|poke|p1|Excadrill, L50, M|\n|poke|p1|Sylveon, L50, M|\n|poke|p2|Whimsicott, L50, M|\n|poke|p2|Starmie, L50|\n|poke|p2|Pelipper, L50, M|\n|poke|p2|Floette-Eternal, L50, F|\n|poke|p2|Archaludon, L50, M|\n|poke|p2|Sinistcha, L50|\n|teampreview|4\n|inactive|Battle timer is ON: inactive players will automatically lose when time's up. (requested by Alatzpivot)\n|\n|t:|1776324633\n|teamsize|p1|4\n|teamsize|p2|4\n|start\n|switch|p1a: Basculegion|Basculegion-F, L50, F|100/100\n|switch|p1b: Excadrill|Excadrill, L50, M|100/100\n|switch|p2a: Whimsicott|Whimsicott, L50, M|100/100\n|switch|p2b: Floette|Floette-Eternal, L50, F|100/100\n|-ability|p1b: Excadrill|Mold Breaker\n|turn|1\n|inactive|Hi jump kicker has 30 seconds left.\n|\n|t:|1776324659\n|detailschange|p1b: Excadrill|Excadrill-Mega, L50, M\n|-mega|p1b: Excadrill|Excadrill|Excadrite\n|move|p2b: Floette|Protect|p2b: Floette\n|-singleturn|p2b: Floette|Protect\n|move|p2a: Whimsicott|Tailwind|p2a: Whimsicott\n|-sidestart|p2: Alatzpivot|move: Tailwind\n|move|p1a: Basculegion|Muddy Water|p2b: Floette|[spread] \n|-activate|p2b: Floette|move: Protect\n|-miss|p1a: Basculegion|p2a: Whimsicott\n|move|p1b: Excadrill|Iron Head|p2b: Floette\n|-supereffective|p2b: Floette|1\n|-ability|p1b: Excadrill|Piercing Drill\n|-zbroken|p2b: Floette\n|-damage|p2b: Floette|54/100\n|\n|upkeep\n|turn|2\n|inactive|Hi jump kicker has 30 seconds left.\n|\n|t:|1776324688\n|detailschange|p2b: Floette|Floette-Mega, L50, F\n|-mega|p2b: Floette|Floette|Floettite\n|-ability|p2b: Floette|Fairy Aura\n|move|p2a: Whimsicott|Dazzling Gleam|p1a: Basculegion|[spread] p1a,p1b\n|-resisted|p1b: Excadrill|1\n|-damage|p1a: Basculegion|75/100\n|-damage|p1b: Excadrill|88/100\n|move|p2b: Floette|Dazzling Gleam|p1a: Basculegion|[spread] p1a,p1b\n|-resisted|p1b: Excadrill|1\n|-damage|p1a: Basculegion|20/100\n|-damage|p1b: Excadrill|62/100\n|move|p1a: Basculegion|Shadow Ball|p2b: Floette\n|-damage|p2b: Floette|12/100\n|move|p1b: Excadrill|Iron Head|p2b: Floette\n|-supereffective|p2b: Floette|1\n|-damage|p2b: Floette|0 fnt\n|faint|p2b: Floette\n|\n|upkeep\n|\n|t:|1776324705\n|switch|p2b: Pelipper|Pelipper, L50, M|100/100\n|-weather|RainDance|[from] ability: Drizzle|[of] p2b: Pelipper\n|turn|3\n|\n|t:|1776324719\n|switch|p1a: Altaria|Altaria, L50, M|100/100\n|-ability|p1a: Altaria|Cloud Nine\n|move|p2a: Whimsicott|Encore|p1b: Excadrill\n|-start|p1b: Excadrill|Encore\n|move|p2b: Pelipper|Weather Ball|p1b: Excadrill\n|-resisted|p1b: Excadrill|1\n|-damage|p1b: Excadrill|54/100\n|move|p1b: Excadrill|Iron Head|p2b: Pelipper\n|-resisted|p2b: Pelipper|1\n|-damage|p2b: Pelipper|74/100\n|\n|-weather|RainDance|[upkeep]\n|upkeep\n|turn|4\n|inactive|Alatzpivot has 30 seconds left.\n|\n|t:|1776324749\n|switch|p2b: Archaludon|Archaludon, L50, M|100/100\n|move|p2a: Whimsicott|Dazzling Gleam|p1b: Excadrill|[spread] p1a,p1b\n|-supereffective|p1a: Altaria|1\n|-resisted|p1b: Excadrill|1\n|-damage|p1a: Altaria|71/100\n|-damage|p1b: Excadrill|46/100\n|move|p1b: Excadrill|Iron Head|p2a: Whimsicott\n|-supereffective|p2a: Whimsicott|1\n|-damage|p2a: Whimsicott|0 fnt\n|faint|p2a: Whimsicott\n|move|p1a: Altaria|Hyper Voice|p2b: Archaludon\n|-resisted|p2b: Archaludon|1\n|-damage|p2b: Archaludon|91/100\n|-ability|p2b: Archaludon|Stamina|boost\n|-boost|p2b: Archaludon|def|1\n|\n|-weather|RainDance|[upkeep]\n|-sideend|p2: Alatzpivot|move: Tailwind\n|upkeep\n|\n|t:|1776324757\n|switch|p2a: Pelipper|Pelipper, L50, M|74/100\n|turn|5\n|\n|t:|1776324781\n|switch|p1b: Basculegion|Basculegion-F, L50, F|20/100\n|move|p1a: Altaria|Tailwind|p1a: Altaria\n|-sidestart|p1: Hi jump kicker|move: Tailwind\n|move|p2b: Archaludon|Electro Shot||[still]\n|-prepare|p2b: Archaludon|Electro Shot\n|-boost|p2b: Archaludon|spa|1\n|move|p2a: Pelipper|Hurricane|p1a: Altaria\n|-damage|p1a: Altaria|31/100\n|\n|-weather|RainDance|[upkeep]\n|upkeep\n|turn|6\n|inactive|Alatzpivot has 30 seconds left.\n|inactive|Alatzpivot has 20 seconds left.\n|inactive|Alatzpivot has 15 seconds left.\n|inactive|Alatzpivot has 10 seconds left.\n|\n|t:|1776324831\n|move|p1a: Altaria|Protect|p1a: Altaria\n|-singleturn|p1a: Altaria|Protect\n|move|p2a: Pelipper|Protect|p2a: Pelipper\n|-singleturn|p2a: Pelipper|Protect\n|move|p1b: Basculegion|Shadow Ball|p2b: Archaludon\n|-damage|p2b: Archaludon|34/100\n|-ability|p2b: Archaludon|Stamina|boost\n|-boost|p2b: Archaludon|def|1\n|move|p2b: Archaludon|Electro Shot|p1a: Altaria|[from] lockedmove\n|-activate|p1a: Altaria|move: Protect\n|\n|-weather|RainDance|[upkeep]\n|upkeep\n|turn|7\n|\n|t:|1776324852\n|move|p2b: Archaludon|Protect|p2b: Archaludon\n|-singleturn|p2b: Archaludon|Protect\n|move|p1b: Basculegion|Shadow Ball|p2b: Archaludon\n|-activate|p2b: Archaludon|move: Protect\n|move|p1a: Altaria|Dragon Pulse|p2a: Pelipper\n|-damage|p2a: Pelipper|34/100\n|move|p2a: Pelipper|Hurricane|p1b: Basculegion|[miss]\n|-miss|p2a: Pelipper|p1b: Basculegion\n|\n|-weather|none\n|upkeep\n|turn|8\n|l|\u2606Alatzpivot\n|inactive|Alatzpivot disconnected and has a minute to reconnect!\n|player|p2|\n|inactive|Alatzpivot has 30 seconds left.\n|j|\u2606Alatzpivot\n|inactive|Alatzpivot reconnected and has 30 seconds left.\n|player|p2|Alatzpivot|169|\n|l|\u2606Alatzpivot\n|inactive|Alatzpivot disconnected and has a minute to reconnect!\n|player|p2|\n|inactive|Alatzpivot has 20 seconds left.\n|j|\u2606Alatzpivot\n|inactive|Alatzpivot reconnected and has 20 seconds left.\n|player|p2|Alatzpivot|169|\n|inactive|Alatzpivot has 15 seconds left.\n|inactive|Alatzpivot has 10 seconds left.\n|inactive|Alatzpivot has 5 seconds left.\n|\n|t:|1776324907\n|move|p1b: Basculegion|Shadow Ball|p2b: Archaludon\n|-damage|p2b: Archaludon|0 fnt\n|faint|p2b: Archaludon\n|move|p1a: Altaria|Dragon Pulse|p2a: Pelipper\n|-damage|p2a: Pelipper|0 fnt\n|faint|p2a: Pelipper\n|\n|win|Hi jump kicker\n|raw|Hi jump kicker's rating: 1250 &rarr; <strong>1269</strong><br />(+19 for winning)\n|raw|Alatzpivot's rating: 1163 &rarr; <strong>1144</strong><br />(-19 for losing)\n",
  "uploadtime": 1776324915,
  "views": 22,
  "formatid": "gen9championsvgc2026regma",
  "rating": 1144,
  "private": 0,
  "password": null
}