{
  "id": "gen9championsvgc2026regma-2586593147",
  "format": "[Gen 9 Champions] VGC 2026 Reg M-A",
  "players": [
    "Sidbat",
    "soulo333"
  ],
  "log": "|j|\u2606Sidbat\n|j|\u2606soulo333\n|t:|1776445454\n|gametype|doubles\n|player|p1|Sidbat|101|1142\n|player|p2|soulo333|102|1190\n|gen|9\n|tier|[Gen 9 Champions] VGC 2026 Reg M-A\n|rated|\n|rule|Species Clause: Limit one of each Pok\u00e9mon\n|rule|Item Clause: Limit 1 of each item\n|clearpoke\n|poke|p1|Excadrill, L50, M|\n|poke|p1|Tyranitar, L50, F|\n|poke|p1|Incineroar, L50, M|\n|poke|p1|Sneasler, L50, M|\n|poke|p1|Primarina, L50, F|\n|poke|p1|Sinistcha, L50|\n|poke|p2|Charizard, L50, M|\n|poke|p2|Sneasler, L50, F|\n|poke|p2|Sinistcha, L50|\n|poke|p2|Incineroar, L50, M|\n|poke|p2|Milotic, L50, M|\n|poke|p2|Tyranitar, L50, F|\n|teampreview|4\n|\n|t:|1776445491\n|teamsize|p1|4\n|teamsize|p2|4\n|start\n|switch|p1a: Tyranitar|Tyranitar, L50, F|100/100\n|switch|p1b: Excadrill|Excadrill, L50, M|100/100\n|switch|p2a: Milotic|Milotic, L50, M|100/100\n|switch|p2b: Incineroar|Incineroar, L50, M|100/100\n|-weather|Sandstorm|[from] ability: Sand Stream|[of] p1a: Tyranitar\n|-ability|p2b: Incineroar|Intimidate|boost\n|-unboost|p1a: Tyranitar|atk|1\n|-unboost|p1b: Excadrill|atk|1\n|turn|1\n|\n|t:|1776445513\n|move|p1a: Tyranitar|Protect|p1a: Tyranitar\n|-singleturn|p1a: Tyranitar|Protect\n|move|p2b: Incineroar|Fake Out|p1b: Excadrill\n|-resisted|p1b: Excadrill|1\n|-crit|p1b: Excadrill\n|-damage|p1b: Excadrill|89/100\n|cant|p1b: Excadrill|flinch\n|move|p2a: Milotic|Scald|p1a: Tyranitar\n|-activate|p1a: Tyranitar|move: Protect\n|\n|-weather|Sandstorm|[upkeep]\n|-damage|p2a: Milotic|95/100|[from] Sandstorm\n|-damage|p2b: Incineroar|95/100|[from] Sandstorm\n|-heal|p2a: Milotic|100/100|[from] item: Leftovers\n|upkeep\n|turn|2\n|\n|t:|1776445530\n|switch|p2b: Sinistcha|Sinistcha, L50|100/100\n|move|p1b: Excadrill|High Horsepower|p2b: Sinistcha|[miss]\n|-miss|p1b: Excadrill|p2b: Sinistcha\n|move|p2a: Milotic|Scald|p1b: Excadrill\n|-supereffective|p1b: Excadrill|1\n|-damage|p1b: Excadrill|7/100\n|move|p1a: Tyranitar|Rock Slide|p2b: Sinistcha|[spread] p2a\n|-miss|p1a: Tyranitar|p2b: Sinistcha\n|-damage|p2a: Milotic|80/100\n|\n|-weather|Sandstorm|[upkeep]\n|-damage|p2a: Milotic|74/100|[from] Sandstorm\n|-damage|p2b: Sinistcha|94/100|[from] Sandstorm\n|-heal|p2a: Milotic|80/100|[from] item: Leftovers\n|upkeep\n|turn|3\n|\n|t:|1776445548\n|move|p1a: Tyranitar|Protect|p1a: Tyranitar\n|-singleturn|p1a: Tyranitar|Protect\n|move|p1b: Excadrill|Earthquake|p2b: Sinistcha|[spread] p2a,p2b\n|-activate|p1a: Tyranitar|move: Protect\n|-resisted|p2b: Sinistcha|1\n|-damage|p2a: Milotic|51/100\n|-damage|p2b: Sinistcha|81/100\n|move|p2a: Milotic|Scald|p1a: Tyranitar\n|-activate|p1a: Tyranitar|move: Protect\n|move|p2b: Sinistcha|Matcha Gotcha|p1b: Excadrill|[spread] \n|-activate|p1a: Tyranitar|move: Protect\n|-miss|p2b: Sinistcha|p1b: Excadrill\n|\n|-weather|Sandstorm|[upkeep]\n|-damage|p2a: Milotic|46/100|[from] Sandstorm\n|-damage|p2b: Sinistcha|75/100|[from] Sandstorm\n|-heal|p2a: Milotic|51/100|[from] item: Leftovers\n|upkeep\n|turn|4\n|\n|t:|1776445569\n|move|p1b: Excadrill|High Horsepower|p2a: Milotic\n|-damage|p2a: Milotic|13/100\n|move|p2a: Milotic|Scald|p1a: Tyranitar\n|-supereffective|p1a: Tyranitar|1\n|-damage|p1a: Tyranitar|68/100\n|move|p2b: Sinistcha|Matcha Gotcha|p1a: Tyranitar|[spread] p1a,p1b\n|-supereffective|p1a: Tyranitar|1\n|-damage|p1a: Tyranitar|30/100\n|-heal|p2b: Sinistcha|97/100|[from] drain|[of] p1a: Tyranitar\n|-damage|p1b: Excadrill|0 fnt\n|-heal|p2b: Sinistcha|100/100|[from] drain|[of] p1b: Excadrill\n|faint|p1b: Excadrill\n|move|p1a: Tyranitar|Knock Off|p2b: Sinistcha\n|-supereffective|p2b: Sinistcha|1\n|-enditem|p2b: Sinistcha|Colbur Berry|[eat]\n|-enditem|p2b: Sinistcha|Colbur Berry|[weaken]\n|-damage|p2b: Sinistcha|65/100\n|\n|-weather|Sandstorm|[upkeep]\n|-damage|p2a: Milotic|7/100|[from] Sandstorm\n|-damage|p2b: Sinistcha|59/100|[from] Sandstorm\n|-heal|p2a: Milotic|13/100|[from] item: Leftovers\n|upkeep\n|\n|t:|1776445588\n|switch|p1b: Sneasler|Sneasler, L50, M|100/100\n|turn|5\n|\n|t:|1776445596\n|switch|p2a: Incineroar|Incineroar, L50, M|95/100\n|-ability|p2a: Incineroar|Intimidate|boost\n|-unboost|p1a: Tyranitar|atk|1\n|-unboost|p1b: Sneasler|atk|1\n|-enditem|p1b: Sneasler|White Herb\n|-clearnegativeboost|p1b: Sneasler|[silent]\n|move|p1b: Sneasler|Fake Out|p2a: Incineroar\n|-damage|p2a: Incineroar|80/100\n|move|p2b: Sinistcha|Matcha Gotcha|p1b: Sneasler|[spread] p1a,p1b\n|-supereffective|p1a: Tyranitar|1\n|-resisted|p1b: Sneasler|1\n|-damage|p1a: Tyranitar|0 fnt\n|-heal|p2b: Sinistcha|76/100|[from] drain|[of] p1a: Tyranitar\n|-damage|p1b: Sneasler|78/100\n|-heal|p2b: Sinistcha|86/100|[from] drain|[of] p1b: Sneasler\n|faint|p1a: Tyranitar\n|\n|-weather|none\n|upkeep\n|\n|t:|1776445609\n|switch|p1a: Primarina|Primarina, L50, F|100/100\n|turn|6\n|\n|t:|1776445620\n|move|p2a: Incineroar|Fake Out|p1b: Sneasler\n|-damage|p1b: Sneasler|58/100\n|cant|p1b: Sneasler|flinch\n|move|p2b: Sinistcha|Matcha Gotcha|p1a: Primarina|[spread] p1a,p1b\n|-supereffective|p1a: Primarina|1\n|-resisted|p1b: Sneasler|1\n|-damage|p1a: Primarina|49/100\n|-heal|p2b: Sinistcha|100/100|[from] drain|[of] p1a: Primarina\n|-damage|p1b: Sneasler|36/100\n|-status|p1b: Sneasler|brn\n|move|p1a: Primarina|Hyper Voice|p2a: Incineroar|[spread] p2a,p2b\n|-supereffective|p2a: Incineroar|1\n|-resisted|p2b: Sinistcha|1\n|-damage|p2a: Incineroar|17/100\n|-damage|p2b: Sinistcha|72/100\n|-enditem|p2a: Incineroar|Sitrus Berry|[eat]\n|-heal|p2a: Incineroar|42/100|[from] item: Sitrus Berry\n|\n|-damage|p1b: Sneasler|30/100 brn|[from] brn\n|upkeep\n|turn|7\n|\n|t:|1776445636\n|move|p1b: Sneasler|Dire Claw|p2b: Sinistcha\n|-damage|p2b: Sinistcha|52/100\n|-status|p2b: Sinistcha|slp\n|cant|p2b: Sinistcha|slp\n|move|p1a: Primarina|Hyper Voice|p2a: Incineroar|[spread] p2a,p2b\n|-supereffective|p2a: Incineroar|1\n|-resisted|p2b: Sinistcha|1\n|-damage|p2a: Incineroar|0 fnt\n|-damage|p2b: Sinistcha|23/100 slp\n|faint|p2a: Incineroar\n|\n|-damage|p1b: Sneasler|25/100 brn|[from] brn\n|upkeep\n|\n|t:|1776445644\n|switch|p2a: Tyranitar|Tyranitar, L50, F|100/100\n|-weather|Sandstorm|[from] ability: Sand Stream|[of] p2a: Tyranitar\n|turn|8\n|\n|t:|1776445660\n|detailschange|p2a: Tyranitar|Tyranitar-Mega, L50, F\n|-mega|p2a: Tyranitar|Tyranitar|Tyranitarite\n|move|p1b: Sneasler|Close Combat|p2a: Tyranitar\n|-supereffective|p2a: Tyranitar|2\n|-damage|p2a: Tyranitar|16/100\n|-unboost|p1b: Sneasler|def|1\n|-unboost|p1b: Sneasler|spd|1\n|-curestatus|p2b: Sinistcha|slp|[msg]\n|move|p2b: Sinistcha|Matcha Gotcha|p1a: Primarina|[spread] p1a,p1b\n|-supereffective|p1a: Primarina|1\n|-resisted|p1b: Sneasler|1\n|-damage|p1a: Primarina|0 fnt\n|-heal|p2b: Sinistcha|49/100|[from] drain|[of] p1a: Primarina\n|-damage|p1b: Sneasler|0 fnt\n|-heal|p2b: Sinistcha|59/100|[from] drain|[of] p1b: Sneasler\n|faint|p1a: Primarina\n|faint|p1b: Sneasler\n|\n|win|soulo333\n|raw|Sidbat's rating: 1142 &rarr; <strong>1120</strong><br />(-22 for losing)\n|raw|soulo333's rating: 1190 &rarr; <strong>1212</strong><br />(+22 for winning)\n",
  "uploadtime": 1776445660,
  "views": 23,
  "formatid": "gen9championsvgc2026regma",
  "rating": 1120,
  "private": 0,
  "password": null
}