{
  "id": "gen9championsvgc2026regma-2587027744",
  "format": "[Gen 9 Champions] VGC 2026 Reg M-A",
  "players": [
    "sleepoligy",
    "BM_bryka"
  ],
  "log": "|j|\u2606sleepoligy\n|j|\u2606BM_bryka\n|t:|1776482772\n|gametype|doubles\n|player|p1|sleepoligy|cheryl|1154\n|player|p2|BM_bryka|ingo|1231\n|gen|9\n|tier|[Gen 9 Champions] VGC 2026 Reg M-A\n|rated|\n|rule|Species Clause: Limit one of each Pok\u00e9mon\n|rule|Item Clause: Limit 1 of each item\n|clearpoke\n|poke|p1|Basculegion, L50, M|\n|poke|p1|Meowscarada, L50, M|\n|poke|p1|Floette-Eternal, L50, F|\n|poke|p1|Sneasler, L50, F|\n|poke|p1|Sinistcha, L50|\n|poke|p1|Aggron, L50, M|\n|poke|p2|Aggron, L50, M|\n|poke|p2|Tyranitar, L50, M|\n|poke|p2|Garchomp, L50, M|\n|poke|p2|Incineroar, L50, M|\n|poke|p2|Primarina, L50, F|\n|poke|p2|Sinistcha-Masterpiece, L50|\n|teampreview|4\n|inactive|Battle timer is ON: inactive players will automatically lose when time's up. (requested by sleepoligy)\nBM_bryka rejected open team sheets.\n|inactive|sleepoligy has 60 seconds left.\n|inactive|BM_bryka has 60 seconds left.\n|\n|t:|1776482828\n|teamsize|p1|4\n|teamsize|p2|4\n|start\n|switch|p1a: Basculegion|Basculegion, L50, M|100/100\n|switch|p1b: Meowscarada|Meowscarada, L50, M|100/100\n|switch|p2a: Tyrano|Tyranitar, L50, M|100/100\n|switch|p2b: (tu)Bar\u00e3o|Garchomp, L50, M|100/100\n|-weather|Sandstorm|[from] ability: Sand Stream|[of] p2a: Tyrano\n|turn|1\n|inactive|sleepoligy has 30 seconds left.\n|\n|t:|1776482862\n|switch|p2a: Chimarr\u00e3o|Sinistcha-Masterpiece, L50|100/100\n|move|p1a: Basculegion|Soak|p2b: (tu)Bar\u00e3o\n|-start|p2b: (tu)Bar\u00e3o|typechange|Water\n|move|p1b: Meowscarada|Flower Trick|p2b: (tu)Bar\u00e3o\n|-start|p1b: Meowscarada|typechange|Grass|[from] ability: Protean\n|-supereffective|p2b: (tu)Bar\u00e3o|1\n|-crit|p2b: (tu)Bar\u00e3o\n|-damage|p2b: (tu)Bar\u00e3o|0 fnt\n|faint|p2b: (tu)Bar\u00e3o\n|\n|-weather|Sandstorm|[upkeep]\n|-damage|p1a: Basculegion|94/100|[from] Sandstorm\n|-damage|p1b: Meowscarada|95/100|[from] Sandstorm\n|-damage|p2a: Chimarr\u00e3o|94/100|[from] Sandstorm\n|upkeep\n|\n|t:|1776482882\n|switch|p2b: Tyrano|Tyranitar, L50, M|100/100\n|turn|2\n|\n|t:|1776482898\n|move|p1a: Basculegion|Soak|p2a: Chimarr\u00e3o\n|-start|p2a: Chimarr\u00e3o|typechange|Water\n|move|p1b: Meowscarada|Flower Trick|p2a: Chimarr\u00e3o\n|-supereffective|p2a: Chimarr\u00e3o|1\n|-crit|p2a: Chimarr\u00e3o\n|-damage|p2a: Chimarr\u00e3o|3/100\n|-enditem|p2a: Chimarr\u00e3o|Sitrus Berry|[eat]\n|-heal|p2a: Chimarr\u00e3o|28/100|[from] item: Sitrus Berry\n|move|p2b: Tyrano|Knock Off|p1a: Basculegion\n|-supereffective|p1a: Basculegion|1\n|-damage|p1a: Basculegion|0 fnt\n|-enditem|p1a: Basculegion|Choice Scarf|[from] move: Knock Off|[of] p2b: Tyrano\n|faint|p1a: Basculegion\n|move|p2a: Chimarr\u00e3o|Trick Room|p2a: Chimarr\u00e3o\n|-fieldstart|move: Trick Room|[of] p2a: Chimarr\u00e3o\n|\n|-weather|Sandstorm|[upkeep]\n|-damage|p2a: Chimarr\u00e3o|21/100|[from] Sandstorm\n|-damage|p1b: Meowscarada|89/100|[from] Sandstorm\n|upkeep\n|\n|t:|1776482909\n|switch|p1a: Sinistcha|Sinistcha, L50|100/100\n|-heal|p1b: Meowscarada|100/100|[from] ability: Hospitality|[of] p1a: Sinistcha\n|turn|3\n|\n|t:|1776482928\n|switch|p2a: Prima|Primarina, L50, F|100/100\n|move|p1a: Sinistcha|Protect|p1a: Sinistcha\n|-singleturn|p1a: Sinistcha|Protect\n|move|p2b: Tyrano|Knock Off|p1a: Sinistcha\n|-activate|p1a: Sinistcha|move: Protect\n|move|p1b: Meowscarada|Trick Room|p1b: Meowscarada\n|-fieldend|move: Trick Room\n|\n|-weather|Sandstorm|[upkeep]\n|-damage|p1b: Meowscarada|95/100|[from] Sandstorm\n|-damage|p2a: Prima|95/100|[from] Sandstorm\n|-damage|p1a: Sinistcha|94/100|[from] Sandstorm\n|-heal|p2a: Prima|100/100|[from] item: Leftovers\n|upkeep\n|turn|4\n|inactive|BM_bryka has 30 seconds left.\n|\n|t:|1776482958\n|move|p1b: Meowscarada|Flower Trick|p2b: Tyrano\n|-supereffective|p2b: Tyrano|1\n|-crit|p2b: Tyrano\n|-damage|p2b: Tyrano|13/100\n|move|p2b: Tyrano|Knock Off|p1a: Sinistcha\n|-supereffective|p1a: Sinistcha|1\n|-damage|p1a: Sinistcha|7/100\n|-enditem|p1a: Sinistcha|Sitrus Berry|[from] move: Knock Off|[of] p2b: Tyrano\n|move|p2a: Prima|Moonblast|p1b: Meowscarada\n|-damage|p1b: Meowscarada|23/100\n|move|p1a: Sinistcha|Matcha Gotcha|p2b: Tyrano|[spread] p2a,p2b\n|-supereffective|p2a: Prima|1\n|-supereffective|p2b: Tyrano|1\n|-damage|p2a: Prima|58/100\n|-heal|p1a: Sinistcha|29/100|[from] drain|[of] p2a: Prima\n|-damage|p2b: Tyrano|0 fnt\n|-heal|p1a: Sinistcha|36/100|[from] drain|[of] p2b: Tyrano\n|-status|p2a: Prima|brn\n|faint|p2b: Tyrano\n|\n|-weather|Sandstorm|[upkeep]\n|-damage|p1b: Meowscarada|17/100|[from] Sandstorm\n|-damage|p2a: Prima|52/100 brn|[from] Sandstorm\n|-damage|p1a: Sinistcha|30/100|[from] Sandstorm\n|-heal|p2a: Prima|58/100 brn|[from] item: Leftovers\n|-damage|p2a: Prima|52/100 brn|[from] brn\n|upkeep\n|\n|t:|1776482962\n|switch|p2b: Chimarr\u00e3o|Sinistcha-Masterpiece, L50|21/100\n|-heal|p2a: Prima|76/100 brn|[from] ability: Hospitality|[of] p2b: Chimarr\u00e3o\n|turn|5\n|\n|t:|1776482978\n|move|p1a: Sinistcha|Protect|p1a: Sinistcha\n|-singleturn|p1a: Sinistcha|Protect\n|move|p1b: Meowscarada|Flower Trick|p2a: Prima\n|-supereffective|p2a: Prima|1\n|-crit|p2a: Prima\n|-damage|p2a: Prima|0 fnt\n|faint|p2a: Prima\n|move|p2b: Chimarr\u00e3o|Life Dew|p2b: Chimarr\u00e3o\n|-heal|p2b: Chimarr\u00e3o|46/100\n|\n|-weather|none\n|upkeep\n|turn|6\n|\n|t:|1776482988\n|move|p1b: Meowscarada|Sucker Punch||[still]\n|-fail|p1b: Meowscarada\n|move|p1a: Sinistcha|Shadow Ball|p2b: Chimarr\u00e3o\n|-supereffective|p2b: Chimarr\u00e3o|1\n|-damage|p2b: Chimarr\u00e3o|0 fnt\n|faint|p2b: Chimarr\u00e3o\n|\n|win|sleepoligy\n|raw|sleepoligy's rating: 1154 &rarr; <strong>1184</strong><br />(+30 for winning)\n|raw|BM_bryka's rating: 1231 &rarr; <strong>1201</strong><br />(-30 for losing)\n|l|\u2606BM_bryka\n|player|p2|\n",
  "uploadtime": 1776482995,
  "views": 25,
  "formatid": "gen9championsvgc2026regma",
  "rating": 1184,
  "private": 0,
  "password": null
}