{
  "id": "gen9championsvgc2026regma-2588463735",
  "format": "[Gen 9 Champions] VGC 2026 Reg M-A",
  "players": [
    "Gobloney",
    "dr. chai"
  ],
  "log": "|j|\u2606Gobloney\n|j|\u2606dr. chai\n|t:|1776635784\n|gametype|doubles\n|player|p1|Gobloney|pokemaniac-gen3rs|1157\n|player|p2|dr. chai|dahlia|1093\n|gen|9\n|tier|[Gen 9 Champions] VGC 2026 Reg M-A\n|rated|\n|rule|Species Clause: Limit one of each Pok\u00e9mon\n|rule|Item Clause: Limit 1 of each item\n|clearpoke\n|poke|p1|Tyranitar, L50, F, shiny|\n|poke|p1|Garchomp, L50, F, shiny|\n|poke|p1|Starmie, L50, shiny|\n|poke|p1|Aegislash, L50, M, shiny|\n|poke|p1|Aerodactyl, L50, M, shiny|\n|poke|p1|Rotom-Heat, L50, shiny|\n|poke|p2|Torkoal, L50, M|\n|poke|p2|Venusaur, L50, F|\n|poke|p2|Farigiraf, L50, F|\n|poke|p2|Incineroar, L50, F|\n|poke|p2|Drampa, L50, M|\n|poke|p2|Camerupt, L50, F|\n|teampreview|4\n|inactive|Battle timer is ON: inactive players will automatically lose when time's up. (requested by dr. chai)\n|inactive|Gobloney has 60 seconds left.\n|inactive|dr. chai has 60 seconds left.\nGobloney rejected open team sheets.\n|inactive|dr. chai has 30 seconds left.\n|\n|t:|1776635849\n|teamsize|p1|4\n|teamsize|p2|4\n|start\n|switch|p1a: Conqueror Starro|Starmie, L50, shiny|100/100\n|switch|p1b: One-Armed Wolf|Aegislash, L50, M, shiny|100/100\n|switch|p2a: Farigiraf|Farigiraf, L50, F|100/100\n|switch|p2b: Incineroar|Incineroar, L50, F|100/100\n|-ability|p2b: Incineroar|Intimidate|boost\n|-unboost|p1a: Conqueror Starro|atk|1\n|-unboost|p1b: One-Armed Wolf|atk|1\n|turn|1\n|\n|t:|1776635868\n|move|p1a: Conqueror Starro|Protect|p1a: Conqueror Starro\n|-singleturn|p1a: Conqueror Starro|Protect\n|move|p2b: Incineroar|Flare Blitz|p1b: One-Armed Wolf\n|-supereffective|p1b: One-Armed Wolf|1\n|-damage|p1b: One-Armed Wolf|27/100\n|-damage|p2b: Incineroar|81/100|[from] Recoil\n|-formechange|p1b: One-Armed Wolf|Aegislash-Blade|\n|move|p1b: One-Armed Wolf|Flash Cannon|p2a: Farigiraf\n|-damage|p2a: Farigiraf|53/100\n|move|p2a: Farigiraf|Trick Room|p2a: Farigiraf\n|-fieldstart|move: Trick Room|[of] p2a: Farigiraf\n|\n|-heal|p1b: One-Armed Wolf|33/100|[from] item: Leftovers\n|-heal|p2a: Farigiraf|59/100|[from] item: Leftovers\n|upkeep\n|turn|2\n|inactive|Gobloney has 30 seconds left.\n|\n|t:|1776635900\n|switch|p1b: Shirahagi|Garchomp, L50, F, shiny|100/100\n|detailschange|p1a: Conqueror Starro|Starmie-Mega, L50, shiny\n|-mega|p1a: Conqueror Starro|Starmie|Starminite\n|move|p2a: Farigiraf|Nasty Plot|p2a: Farigiraf\n|-boost|p2a: Farigiraf|spa|2\n|move|p2b: Incineroar|Parting Shot|p1a: Conqueror Starro\n|-unboost|p1a: Conqueror Starro|atk|1\n|-unboost|p1a: Conqueror Starro|spa|1\n|\n|t:|1776635908\n|switch|p2b: Drampa|Drampa, L50, M|100/100|[from] Parting Shot\n|move|p1a: Conqueror Starro|Skill Swap|p1b: Shirahagi\n|-activate|p1a: Conqueror Starro|Skill Swap|||[of] p1b: Shirahagi\n|\n|-heal|p2a: Farigiraf|65/100|[from] item: Leftovers\n|upkeep\n|turn|3\n|\n|t:|1776635933\n|switch|p1a: One-Armed Wolf|Aegislash, L50, M, shiny|33/100\n|detailschange|p2b: Drampa|Drampa-Mega, L50, M\n|-mega|p2b: Drampa|Drampa|Drampanite\n|move|p1b: Shirahagi|Protect|p1b: Shirahagi\n|-singleturn|p1b: Shirahagi|Protect\n|move|p2b: Drampa|Draco Meteor|p1b: Shirahagi\n|-activate|p1b: Shirahagi|move: Protect\n|move|p2a: Farigiraf|Hyper Voice|p1b: Shirahagi|[spread] \n|-activate|p1b: Shirahagi|move: Protect\n|-immune|p1a: One-Armed Wolf\n|\n|-heal|p1a: One-Armed Wolf|39/100|[from] item: Leftovers\n|-heal|p2a: Farigiraf|71/100|[from] item: Leftovers\n|upkeep\n|turn|4\n|inactive|Gobloney has 30 seconds left.\n|inactive|dr. chai has 30 seconds left.\n|\n|t:|1776635967\n|switch|p1b: Shirafugi|Tyranitar, L50, F, shiny|100/100\n|-weather|Sandstorm|[from] ability: Sand Stream|[of] p1b: Shirafugi\n|move|p1a: One-Armed Wolf|Wide Guard|p1a: One-Armed Wolf\n|-singleturn|p1a: One-Armed Wolf|Wide Guard\n|move|p2b: Drampa|Hydro Pump|p1b: Shirafugi|[miss]\n|-miss|p2b: Drampa|p1b: Shirafugi\n|move|p2a: Farigiraf|Psychic|p1b: Shirafugi\n|-immune|p1b: Shirafugi\n|\n|-weather|Sandstorm|[upkeep]\n|-damage|p2b: Drampa|95/100|[from] Sandstorm\n|-damage|p2a: Farigiraf|65/100|[from] Sandstorm\n|-heal|p1a: One-Armed Wolf|45/100|[from] item: Leftovers\n|-heal|p2a: Farigiraf|71/100|[from] item: Leftovers\n|upkeep\n|turn|5\n|\n|t:|1776635986\n|switch|p2a: Incineroar|Incineroar, L50, F|81/100\n|-ability|p2a: Incineroar|Intimidate|boost\n|-unboost|p1a: One-Armed Wolf|atk|1\n|-unboost|p1b: Shirafugi|atk|1\n|move|p2b: Drampa|Focus Blast|p1b: Shirafugi\n|-supereffective|p1b: Shirafugi|2\n|-crit|p1b: Shirafugi\n|-damage|p1b: Shirafugi|0 fnt\n|faint|p1b: Shirafugi\n|-formechange|p1a: One-Armed Wolf|Aegislash-Blade|\n|move|p1a: One-Armed Wolf|Flash Cannon|p2a: Incineroar\n|-resisted|p2a: Incineroar|1\n|-damage|p2a: Incineroar|64/100\n|\n|-weather|Sandstorm|[upkeep]\n|-damage|p2b: Drampa|89/100|[from] Sandstorm\n|-damage|p2a: Incineroar|58/100|[from] Sandstorm\n|-heal|p1a: One-Armed Wolf|51/100|[from] item: Leftovers\n|-fieldend|move: Trick Room\n|upkeep\n|c|\u2606Gobloney|DAYUM\n|\n|t:|1776635999\n|switch|p1b: Conqueror Starro|Starmie-Mega, L50, shiny|100/100\n|turn|6\n|\n|t:|1776636016\n|switch|p1a: Shirahagi|Garchomp, L50, F, shiny|100/100\n|switch|p2b: Farigiraf|Farigiraf, L50, F|71/100\n|move|p2a: Incineroar|Fake Out|p1b: Conqueror Starro\n|-damage|p1b: Conqueror Starro|87/100\n|cant|p1b: Conqueror Starro|flinch\n|\n|-weather|Sandstorm|[upkeep]\n|-damage|p1b: Conqueror Starro|82/100|[from] Sandstorm\n|-damage|p2a: Incineroar|52/100|[from] Sandstorm\n|-damage|p2b: Farigiraf|65/100|[from] Sandstorm\n|-heal|p2b: Farigiraf|71/100|[from] item: Leftovers\n|upkeep\n|turn|7\n|\n|t:|1776636035\n|move|p1b: Conqueror Starro|Psycho Cut|p2b: Farigiraf\n|-resisted|p2b: Farigiraf|1\n|-damage|p2b: Farigiraf|39/100\n|move|p1a: Shirahagi|Dragon Claw|p2b: Farigiraf\n|-damage|p2b: Farigiraf|0 fnt\n|faint|p2b: Farigiraf\n|move|p2a: Incineroar|Parting Shot|p1a: Shirahagi\n|-unboost|p1a: Shirahagi|atk|1\n|-unboost|p1a: Shirahagi|spa|1\n|\n|t:|1776636038\n|switch|p2a: Drampa|Drampa-Mega, L50, M|89/100|[from] Parting Shot\n|-enditem|p1a: Shirahagi|White Herb\n|-clearnegativeboost|p1a: Shirahagi|[silent]\n|\n|-weather|Sandstorm|[upkeep]\n|-damage|p1b: Conqueror Starro|76/100|[from] Sandstorm\n|-damage|p2a: Drampa|83/100|[from] Sandstorm\n|upkeep\n|\n|t:|1776636047\n|switch|p2b: Incineroar|Incineroar, L50, F|52/100\n|-ability|p2b: Incineroar|Intimidate|boost\n|-unboost|p1a: Shirahagi|atk|1\n|-unboost|p1b: Conqueror Starro|atk|1\n|turn|8\n|\n|t:|1776636064\n|move|p1b: Conqueror Starro|Protect|p1b: Conqueror Starro\n|-singleturn|p1b: Conqueror Starro|Protect\n|move|p1a: Shirahagi|Protect|p1a: Shirahagi\n|-singleturn|p1a: Shirahagi|Protect\n|move|p2b: Incineroar|Fake Out|p1b: Conqueror Starro\n|-activate|p1b: Conqueror Starro|move: Protect\n|move|p2a: Drampa|Thunderbolt|p1b: Conqueror Starro\n|-activate|p1b: Conqueror Starro|move: Protect\n|\n|-weather|none\n|upkeep\n|turn|9\n|\n|t:|1776636075\n|move|p1b: Conqueror Starro|Skill Swap|p1a: Shirahagi\n|-activate|p1b: Conqueror Starro|Skill Swap|||[of] p1a: Shirahagi\n|move|p1a: Shirahagi|Dragon Claw|p2a: Drampa\n|-supereffective|p2a: Drampa|1\n|-damage|p2a: Drampa|0 fnt\n|faint|p2a: Drampa\n|move|p2b: Incineroar|Parting Shot|p1a: Shirahagi\n|-unboost|p1a: Shirahagi|atk|1\n|-unboost|p1a: Shirahagi|spa|1\n|\n|t:|1776636080\n|switch|p2b: Torkoal|Torkoal, L50, M|100/100|[from] Parting Shot\n|-weather|SunnyDay|[from] ability: Drought|[of] p2b: Torkoal\n|\n|-weather|SunnyDay|[upkeep]\n|upkeep\n|\n|t:|1776636082\n|switch|p2a: Incineroar|Incineroar, L50, F|52/100\n|-ability|p2a: Incineroar|Intimidate|boost\n|-unboost|p1a: Shirahagi|atk|1\n|-unboost|p1b: Conqueror Starro|atk|1\n|turn|10\n|inactive|Gobloney has 30 seconds left.\n|inactive|Gobloney has 20 seconds left.\n|inactive|Gobloney has 15 seconds left.\n|inactive|Gobloney has 10 seconds left.\n|\n|t:|1776636131\n|switch|p1a: One-Armed Wolf|Aegislash, L50, M, shiny|51/100\n|move|p1b: Conqueror Starro|Protect|p1b: Conqueror Starro\n|-singleturn|p1b: Conqueror Starro|Protect\n|move|p2a: Incineroar|Fake Out|p1b: Conqueror Starro\n|-activate|p1b: Conqueror Starro|move: Protect\n|move|p2b: Torkoal|Eruption|p1b: Conqueror Starro|[spread] p1a\n|-activate|p1b: Conqueror Starro|move: Protect\n|-supereffective|p1a: One-Armed Wolf|1\n|-damage|p1a: One-Armed Wolf|0 fnt\n|faint|p1a: One-Armed Wolf\n|\n|-weather|SunnyDay|[upkeep]\n|upkeep\n|\n|t:|1776636141\n|switch|p1a: Shirahagi|Garchomp, L50, F, shiny|100/100\n|turn|11\n|\n|t:|1776636157\n|move|p2b: Torkoal|Protect|p2b: Torkoal\n|-singleturn|p2b: Torkoal|Protect\n|move|p1b: Conqueror Starro|Liquidation|p2b: Torkoal\n|-activate|p2b: Torkoal|move: Protect\n|move|p1a: Shirahagi|Earthquake|p2b: Torkoal|[spread] p1b,p2a\n|-activate|p2b: Torkoal|move: Protect\n|-supereffective|p2a: Incineroar|1\n|-damage|p1b: Conqueror Starro|28/100\n|-damage|p2a: Incineroar|0 fnt\n|faint|p2a: Incineroar\n|\n|-weather|SunnyDay|[upkeep]\n|upkeep\n|turn|12\n|\n|t:|1776636163\n|move|p1b: Conqueror Starro|Liquidation|p2b: Torkoal\n|-supereffective|p2b: Torkoal|1\n|-damage|p2b: Torkoal|87/100\n|-unboost|p2b: Torkoal|def|1\n|move|p1a: Shirahagi|Earthquake|p2b: Torkoal|[spread] p1b,p2b\n|-supereffective|p2b: Torkoal|1\n|-damage|p1b: Conqueror Starro|0 fnt\n|-damage|p2b: Torkoal|1/100\n|faint|p1b: Conqueror Starro\n|move|p2b: Torkoal|Eruption|p1a: Shirahagi\n|-resisted|p1a: Shirahagi|1\n|-damage|p1a: Shirahagi|99/100\n|\n|-weather|SunnyDay|[upkeep]\n|upkeep\n|turn|13\n|\n|t:|1776636175\n|move|p1a: Shirahagi|Earthquake|p2b: Torkoal\n|-supereffective|p2b: Torkoal|1\n|-damage|p2b: Torkoal|0 fnt\n|faint|p2b: Torkoal\n|\n|win|Gobloney\n|raw|Gobloney's rating: 1157 &rarr; <strong>1177</strong><br />(+20 for winning)\n|raw|dr. chai's rating: 1093 &rarr; <strong>1073</strong><br />(-20 for losing)\n|c|\u2606Gobloney|GGs\n|l|\u2606dr. chai\n|player|p2|\n",
  "uploadtime": 1776636189,
  "views": 16,
  "formatid": "gen9championsvgc2026regma",
  "rating": 1073,
  "private": 0,
  "password": null
}