{
  "id": "gen9championsvgc2026regma-2587468084",
  "format": "[Gen 9 Champions] VGC 2026 Reg M-A",
  "players": [
    "Wack destroyer",
    "jk84210"
  ],
  "log": "|j|\u2606Wack destroyer\n|j|\u2606jk84210\n|t:|1776534343\n|gametype|doubles\n|player|p1|Wack destroyer|102|1069\n|player|p2|jk84210|volkner|1000\n|gen|9\n|tier|[Gen 9 Champions] VGC 2026 Reg M-A\n|rated|\n|rule|Species Clause: Limit one of each Pok\u00e9mon\n|rule|Item Clause: Limit 1 of each item\n|clearpoke\n|poke|p1|Aurorus, L50, M, shiny|\n|poke|p1|Scovillain, L50, F|\n|poke|p1|Florges, L50, F, shiny|\n|poke|p1|Empoleon, L50, F|\n|poke|p1|Spiritomb, L50, M, shiny|\n|poke|p1|Clefable, L50, F|\n|poke|p2|Venusaur, L50, F|\n|poke|p2|Charizard, L50, F|\n|poke|p2|Chandelure, L50, F|\n|poke|p2|Whimsicott, L50, M|\n|poke|p2|Milotic, L50, F|\n|poke|p2|Aerodactyl, L50, M|\n|teampreview|4\n|\n|t:|1776534392\n|teamsize|p1|4\n|teamsize|p2|4\n|start\n|switch|p1a: DER VOLKSGEIST|Spiritomb, L50, M, shiny|100/100\n|switch|p1b: MIRROR B.|Florges, L50, F, shiny|100/100\n|switch|p2a: Whimsicott|Whimsicott, L50, M|100/100\n|switch|p2b: Charizard|Charizard, L50, F|100/100\n|turn|1\n|\n|t:|1776534403\n|detailschange|p2b: Charizard|Charizard-Mega-Y, L50, F\n|-mega|p2b: Charizard|Charizard|Charizardite Y\n|-weather|SunnyDay|[from] ability: Drought|[of] p2b: Charizard\n|move|p2b: Charizard|Heat Wave|p1b: MIRROR B.|[spread] p1a\n|-miss|p2b: Charizard|p1b: MIRROR B.\n|-damage|p1a: DER VOLKSGEIST|37/100\n|move|p2a: Whimsicott|Moonblast|p1a: DER VOLKSGEIST\n|-supereffective|p1a: DER VOLKSGEIST|1\n|-damage|p1a: DER VOLKSGEIST|0 fnt\n|faint|p1a: DER VOLKSGEIST\n|move|p1b: MIRROR B.|Trick|p2a: Whimsicott\n|-activate|p1b: MIRROR B.|move: Trick|[of] p2a: Whimsicott\n|-item|p2a: Whimsicott|Choice Scarf|[from] move: Trick\n|-item|p1b: MIRROR B.|Fairy Feather|[from] move: Trick\n|\n|-weather|SunnyDay|[upkeep]\n|upkeep\n|\n|t:|1776534416\n|switch|p1a: DINO|Aurorus, L50, M, shiny|100/100\n|-weather|Snowscape|[from] ability: Snow Warning|[of] p1a: DINO\n|turn|2\n|\n|t:|1776534431\n|switch|p1b: SRIRACHOSAURUS|Scovillain, L50, F|100/100\n|move|p2b: Charizard|Protect|p2b: Charizard\n|-singleturn|p2b: Charizard|Protect\n|move|p2a: Whimsicott|Encore||[still]\n|-fail|p2a: Whimsicott\n|move|p1a: DINO|Aurora Veil|p1a: DINO\n|-sidestart|p1: Wack destroyer|move: Aurora Veil\n|\n|-weather|Snowscape|[upkeep]\n|-ability|p1b: SRIRACHOSAURUS|Moody|boost\n|-boost|p1b: SRIRACHOSAURUS|def|2\n|-unboost|p1b: SRIRACHOSAURUS|atk|1\n|upkeep\n|turn|3\n|\n|t:|1776534452\n|switch|p1a: MIRROR B.|Florges, L50, F, shiny|100/100\n|move|p2a: Whimsicott|Encore||[still]\n|-fail|p2a: Whimsicott\n|move|p2b: Charizard|Air Slash|p1b: SRIRACHOSAURUS\n|-supereffective|p1b: SRIRACHOSAURUS|1\n|-damage|p1b: SRIRACHOSAURUS|14/100\n|move|p1b: SRIRACHOSAURUS|Fire Blast|p2a: Whimsicott|[miss]\n|-miss|p1b: SRIRACHOSAURUS|p2a: Whimsicott\n|\n|-weather|Snowscape|[upkeep]\n|-ability|p1b: SRIRACHOSAURUS|Moody|boost\n|-boost|p1b: SRIRACHOSAURUS|spd|2\n|-unboost|p1b: SRIRACHOSAURUS|def|1\n|upkeep\n|turn|4\n|c|\u2606Wack destroyer|FUCKING SHIT DUDE\n|\n|t:|1776534480\n|switch|p2a: Chandelure|Chandelure, L50, F|100/100\n|move|p1b: SRIRACHOSAURUS|Protect|p1b: SRIRACHOSAURUS\n|-singleturn|p1b: SRIRACHOSAURUS|Protect\n|move|p2b: Charizard|Air Slash|p1b: SRIRACHOSAURUS\n|-activate|p1b: SRIRACHOSAURUS|move: Protect\n|move|p1a: MIRROR B.|Baton Pass|p1a: MIRROR B.\n|\n|t:|1776534489\n|switch|p1a: DINO|Aurorus, L50, M, shiny|100/100|[from] Baton Pass\n|\n|-weather|Snowscape|[upkeep]\n|-ability|p1b: SRIRACHOSAURUS|Moody|boost\n|-boost|p1b: SRIRACHOSAURUS|spa|2\n|-unboost|p1b: SRIRACHOSAURUS|spe|1\n|upkeep\n|turn|5\n|c|\u2606Wack destroyer|YOURE JUST LUCKY\n|\n|t:|1776534519\n|move|p1b: SRIRACHOSAURUS|Protect|p1b: SRIRACHOSAURUS\n|-singleturn|p1b: SRIRACHOSAURUS|Protect\n|move|p2a: Chandelure|Heat Wave|p1b: SRIRACHOSAURUS|[spread] p1a\n|-activate|p1b: SRIRACHOSAURUS|move: Protect\n|-damage|p1a: DINO|79/100\n|move|p2b: Charizard|Heat Wave|p1b: SRIRACHOSAURUS|[spread] p1a\n|-activate|p1b: SRIRACHOSAURUS|move: Protect\n|-damage|p1a: DINO|59/100\n|move|p1a: DINO|Mirror Coat|p2b: Charizard\n|-damage|p2b: Charizard|50/100\n|\n|-weather|Snowscape|[upkeep]\n|-ability|p1b: SRIRACHOSAURUS|Moody|boost\n|-boost|p1b: SRIRACHOSAURUS|def|2\n|-unboost|p1b: SRIRACHOSAURUS|spd|1\n|upkeep\n|turn|6\n|c|\u2606Wack destroyer|WHERE IS MY GOD DAMN SPEED BOOST\n|c|\u2606jk84210|why are you yelling lol\n|c|\u2606Wack destroyer|IM WRITING, NOT YELLING\n|\n|t:|1776534579\n|switch|p2b: Whimsicott|Whimsicott, L50, M|100/100\n|move|p1b: SRIRACHOSAURUS|Protect||[still]\n|-fail|p1b: SRIRACHOSAURUS\n|move|p2a: Chandelure|Heat Wave|p1b: SRIRACHOSAURUS|[spread] p1b\n|-miss|p2a: Chandelure|p1a: DINO\n|-crit|p1b: SRIRACHOSAURUS\n|-damage|p1b: SRIRACHOSAURUS|0 fnt\n|faint|p1b: SRIRACHOSAURUS\n|move|p1a: DINO|Blizzard|p2a: Chandelure|[spread] p2a,p2b\n|-resisted|p2a: Chandelure|1\n|-supereffective|p2b: Whimsicott|1\n|-crit|p2b: Whimsicott\n|-damage|p2a: Chandelure|75/100\n|-damage|p2b: Whimsicott|0 fnt\n|faint|p2b: Whimsicott\n|\n|-weather|none\n|-sideend|p1: Wack destroyer|move: Aurora Veil\n|upkeep\n|c|\u2606Wack destroyer|OH YEAH CRITICAL HIT\n|c|\u2606Wack destroyer|THAT IS PURE BULLSHIT\n|-message|Wack destroyer forfeited.\n|\n|win|jk84210\n",
  "uploadtime": 1776534469,
  "views": 9,
  "formatid": "gen9championsvgc2026regma",
  "rating": null,
  "private": 0,
  "password": null
}