{
  "id": "gen9championsvgc2026regma-2580289607",
  "format": "[Gen 9 Champions] VGC 2026 Reg M-A",
  "players": [
    "axiom88",
    "Pyip"
  ],
  "log": "|j|\u2606axiom88\n|j|\u2606Pyip\n|t:|1775876327\n|gametype|doubles\n|player|p1|axiom88|lucas|\n|player|p2|Pyip|pokekid|\n|gen|9\n|tier|[Gen 9 Champions] VGC 2026 Reg M-A\n|rated|Tournament battle\n|rule|Species Clause: Limit one of each Pok\u00e9mon\n|rule|Item Clause: Limit 1 of each item\n|clearpoke\n|poke|p1|Torkoal, L50, F|\n|poke|p1|Clefable, L50, M|\n|poke|p1|Hatterene, L50, F|\n|poke|p1|Sneasler, L50, M|\n|poke|p1|Starmie, L50|\n|poke|p1|Froslass, L50, F|\n|poke|p2|Froslass, L50, F|\n|poke|p2|Palafin, L50, M|\n|poke|p2|Sneasler, L50, M|\n|poke|p2|Arcanine-Hisui, L50, M|\n|poke|p2|Kingambit, L50, F|\n|poke|p2|Clefable, L50, M|\n|teampreview|4\nPyip rejected open team sheets.\n|inactive|Battle timer is ON: inactive players will automatically lose when time's up. (requested by Pyip)\n|inactive|Pyip has 60 seconds left.\n|inactive|Pyip has 30 seconds left.\n|j| hershynt\n|\n|t:|1775876407\n|teamsize|p1|4\n|teamsize|p2|4\n|start\n|switch|p1a: Clefable|Clefable, L50, M|100/100\n|switch|p1b: Hatterene|Hatterene, L50, F|100/100\n|switch|p2a: Froslass|Froslass, L50, F, shiny|100/100\n|switch|p2b: Palafin|Palafin, L50, M|100/100\n|turn|1\n|inactive|axiom88 has 30 seconds left.\n|inactive|Pyip has 30 seconds left.\n|\n|t:|1775876440\n|move|p1a: Clefable|Follow Me|p1a: Clefable\n|-singleturn|p1a: Clefable|move: Follow Me\n|move|p2a: Froslass|Shadow Ball|p1a: Clefable\n|-damage|p1a: Clefable|77/100\n|-unboost|p1a: Clefable|spd|1\n|move|p2b: Palafin|Flip Turn|p1a: Clefable\n|-damage|p1a: Clefable|49/100\n|\n|t:|1775876450\n|detailschange|p2b: Palafin|Palafin-Hero, L50, M\n|switch|p2b: Kingambit|Kingambit, L50, F, shiny|100/100|[from] Flip Turn\n|move|p1b: Hatterene|Dazzling Gleam|p2b: Kingambit|[spread] p2a,p2b\n|-damage|p2a: Froslass|46/100\n|-damage|p2b: Kingambit|63/100\n|\n|upkeep\n|turn|2\n|\n|t:|1775876474\n|detailschange|p2a: Froslass|Froslass-Mega, L50, F, shiny\n|-mega|p2a: Froslass|Froslass|Froslassite\n|-weather|Snowscape|[from] ability: Snow Warning|[of] p2a: Froslass\n|move|p1a: Clefable|Follow Me|p1a: Clefable\n|-singleturn|p1a: Clefable|move: Follow Me\n|move|p2a: Froslass|Blizzard|p1a: Clefable|[spread] p1a,p1b\n|-damage|p1a: Clefable|0 fnt\n|-damage|p1b: Hatterene|56/100\n|faint|p1a: Clefable\n|move|p2b: Kingambit|Kowtow Cleave|p1b: Hatterene\n|-damage|p1b: Hatterene|0 fnt\n|faint|p1b: Hatterene\n|\n|-weather|Snowscape|[upkeep]\n|upkeep\n|\n|t:|1775876485\n|switch|p1a: Torkoal|Torkoal, L50, F|100/100\n|switch|p1b: Starmie|Starmie, L50|100/100\n|-weather|SunnyDay|[from] ability: Drought|[of] p1a: Torkoal\n|turn|3\n|j| test for a tour v4\n|l| test for a tour v4\n|inactive|axiom88 has 30 seconds left.\n|inactive|axiom88 has 20 seconds left.\n|\n|t:|1775876523\n|switch|p2a: Arcanine|Arcanine-Hisui, L50, M|100/100\n|-ability|p2a: Arcanine|Intimidate|boost\n|-unboost|p1a: Torkoal|atk|1\n|-unboost|p1b: Starmie|atk|1\n|switch|p2b: Palafin|Palafin-Hero, L50, M|100/100\n|-activate|p2b: Palafin|ability: Zero to Hero\n|detailschange|p1b: Starmie|Starmie-Mega, L50\n|-mega|p1b: Starmie|Starmie|Starminite\n|move|p1b: Starmie|Psycho Cut|p2a: Arcanine\n|-damage|p2a: Arcanine|53/100\n|move|p1a: Torkoal|Earth Power|p2b: Palafin\n|-damage|p2b: Palafin|76/100\n|\n|-weather|SunnyDay|[upkeep]\n|upkeep\n|turn|4\n|inactive|Pyip has 30 seconds left.\n|\n|t:|1775876558\n|move|p2a: Arcanine|Protect|p2a: Arcanine\n|-singleturn|p2a: Arcanine|Protect\n|move|p1b: Starmie|Psycho Cut|p2b: Palafin\n|-damage|p2b: Palafin|38/100\n|move|p2b: Palafin|Flip Turn|p1a: Torkoal\n|-supereffective|p1a: Torkoal|1\n|-crit|p1a: Torkoal\n|-damage|p1a: Torkoal|46/100\n|\n|t:|1775876567\n|switch|p2b: Froslass|Froslass-Mega, L50, F, shiny|46/100|[from] Flip Turn\n|-weather|Snowscape|[from] ability: Snow Warning|[of] p2b: Froslass\n|move|p1a: Torkoal|Earth Power|p2a: Arcanine\n|-activate|p2a: Arcanine|move: Protect\n|\n|-weather|Snowscape|[upkeep]\n|upkeep\n|turn|5\n|j| DratiniKing10\n|inactive|axiom88 has 30 seconds left.\n|\n|t:|1775876595\n|move|p2b: Froslass|Shadow Ball|p1b: Starmie\n|-supereffective|p1b: Starmie|1\n|-damage|p1b: Starmie|4/100\n|move|p1b: Starmie|Waterfall|p2a: Arcanine\n|-supereffective|p2a: Arcanine|2\n|-damage|p2a: Arcanine|0 fnt\n|faint|p2a: Arcanine\n|move|p1a: Torkoal|Earth Power|p2b: Froslass\n|-damage|p2b: Froslass|20/100\n|\n|-weather|Snowscape|[upkeep]\n|upkeep\n|\n|t:|1775876606\n|switch|p2a: Palafin|Palafin-Hero, L50, M|38/100\n|turn|6\n|\n|t:|1775876624\n|move|p2a: Palafin|Jet Punch|p1a: Torkoal\n|-supereffective|p1a: Torkoal|1\n|-damage|p1a: Torkoal|0 fnt\n|faint|p1a: Torkoal\n|move|p1b: Starmie|Psycho Cut|p2a: Palafin\n|-damage|p2a: Palafin|3/100\n|move|p2b: Froslass|Shadow Ball|p1b: Starmie\n|-supereffective|p1b: Starmie|1\n|-damage|p1b: Starmie|0 fnt\n|faint|p1b: Starmie\n|\n|win|Pyip\n|n|\u2606axiom88|axiom88\n|n|\u2606Pyip|pyip\n|n| hershynt|hershynt\n|n| DratiniKing10|dratiniking10\n|l|\u2606axiom88\n|player|p1|\n|c|\u2606Pyip|gg\n",
  "uploadtime": 1775876636,
  "views": 21,
  "formatid": "gen9championsvgc2026regma",
  "rating": null,
  "private": 0,
  "password": null
}