{
  "id": "gen9championsvgc2026regma-2583893112",
  "format": "[Gen 9 Champions] VGC 2026 Reg M-A",
  "players": [
    "monocococo",
    "Viijohnny07"
  ],
  "log": "|j|\u2606monocococo\n|j|\u2606Viijohnny07\n|t:|1776206070\n|gametype|doubles\n|player|p1|monocococo|dragontamer|1133\n|player|p2|Viijohnny07|1|1160\n|gen|9\n|tier|[Gen 9 Champions] VGC 2026 Reg M-A\n|rated|\n|rule|Species Clause: Limit one of each Pok\u00e9mon\n|rule|Item Clause: Limit 1 of each item\n|clearpoke\n|poke|p1|Typhlosion, L50, F|\n|poke|p1|Whimsicott, L50, F|\n|poke|p1|Blastoise, L50, M|\n|poke|p1|Glimmora, L50, F|\n|poke|p1|Tsareena, L50, F|\n|poke|p1|Sinistcha-Masterpiece, L50|\n|poke|p2|Ampharos, L50, F|\n|poke|p2|Politoed, L50, M|\n|poke|p2|Tinkaton, L50, F|\n|poke|p2|Machamp, L50, M|\n|poke|p2|Incineroar, L50, F|\n|poke|p2|Farigiraf, L50, M|\n|teampreview|4\n|inactive|Battle timer is ON: inactive players will automatically lose when time's up. (requested by Viijohnny07)\n|inactive|monocococo has 60 seconds left.\n|\n|t:|1776206111\n|teamsize|p1|4\n|teamsize|p2|4\n|start\n|switch|p1a: Sinistcha|Sinistcha-Masterpiece, L50, shiny|100/100\n|switch|p1b: Glimmora|Glimmora, L50, F, shiny|100/100\n|switch|p2a: Farigiraf|Farigiraf, L50, M|100/100\n|switch|p2b: Incineroar|Incineroar, L50, F|100/100\n|-ability|p2b: Incineroar|Intimidate|boost\n|-unboost|p1a: Sinistcha|atk|1\n|-unboost|p1b: Glimmora|atk|1\n|turn|1\n|\n|t:|1776206126\n|detailschange|p1b: Glimmora|Glimmora-Mega, L50, F, shiny\n|-mega|p1b: Glimmora|Glimmora|Glimmoranite\n|move|p1b: Glimmora|Spiky Shield|p1b: Glimmora\n|-singleturn|p1b: Glimmora|move: Protect\n|move|p2b: Incineroar|Fake Out|p1b: Glimmora\n|-activate|p1b: Glimmora|move: Protect\n|-damage|p2b: Incineroar|88/100|[from] Spiky Shield|[of] p1b: Glimmora\n|move|p1a: Sinistcha|Trick Room|p1a: Sinistcha\n|-fieldstart|move: Trick Room|[of] p1a: Sinistcha\n|move|p2a: Farigiraf|Trick Room|p2a: Farigiraf\n|-fieldend|move: Trick Room\n|\n|upkeep\n|turn|2\n|\n|t:|1776206149\n|switch|p1a: Whimsicott|Whimsicott, L50, F, shiny|100/100\n|switch|p2b: Politoed|Politoed, L50, M|100/100\n|-weather|RainDance|[from] ability: Drizzle|[of] p2b: Politoed\n|move|p1b: Glimmora|Earth Power|p2b: Politoed\n|-damage|p2b: Politoed|69/100\n|move|p2a: Farigiraf|Trick Room|p2a: Farigiraf\n|-fieldstart|move: Trick Room|[of] p2a: Farigiraf\n|\n|-weather|RainDance|[upkeep]\n|-heal|p2b: Politoed|75/100|[from] item: Leftovers\n|upkeep\n|turn|3\n|\n|t:|1776206178\n|switch|p2b: Incineroar|Incineroar, L50, F|88/100\n|-ability|p2b: Incineroar|Intimidate|boost\n|-unboost|p1a: Whimsicott|atk|1\n|-unboost|p1b: Glimmora|atk|1\n|move|p1b: Glimmora|Spiky Shield|p1b: Glimmora\n|-singleturn|p1b: Glimmora|move: Protect\n|move|p1a: Whimsicott|Encore||[still]\n|cant|p2a: Farigiraf|ability: Armor Tail|Encore|[of] p1a: Whimsicott\n|move|p2a: Farigiraf|Imprison|p2a: Farigiraf\n|-start|p2a: Farigiraf|move: Imprison\n|\n|-weather|RainDance|[upkeep]\n|upkeep\n|turn|4\n|\n|t:|1776206198\n|switch|p1b: Sinistcha|Sinistcha-Masterpiece, L50, shiny|100/100\n|move|p2a: Farigiraf|Psychic|p1b: Sinistcha\n|-damage|p1b: Sinistcha|72/100\n|move|p2b: Incineroar|Darkest Lariat|p1b: Sinistcha\n|-supereffective|p1b: Sinistcha|1\n|-damage|p1b: Sinistcha|15/100\n|-enditem|p1b: Sinistcha|Sitrus Berry|[eat]\n|-heal|p1b: Sinistcha|39/100|[from] item: Sitrus Berry\n|move|p1a: Whimsicott|Moonblast|p2b: Incineroar\n|-damage|p2b: Incineroar|58/100\n|\n|-weather|RainDance|[upkeep]\n|upkeep\n|turn|5\n|inactive|monocococo has 30 seconds left.\n|\n|t:|1776206224\n|switch|p1a: Typhlosion|Typhlosion, L50, F, shiny|100/100\n|move|p2a: Farigiraf|Psychic|p1b: Sinistcha\n|-damage|p1b: Sinistcha|6/100\n|move|p2b: Incineroar|Darkest Lariat|p1b: Sinistcha\n|-supereffective|p1b: Sinistcha|1\n|-damage|p1b: Sinistcha|0 fnt\n|faint|p1b: Sinistcha\n|\n|-weather|RainDance|[upkeep]\n|upkeep\n|\n|t:|1776206238\n|switch|p1b: Glimmora|Glimmora-Mega, L50, F, shiny|100/100\n|turn|6\n|\n|t:|1776206252\n|switch|p1b: Whimsicott|Whimsicott, L50, F, shiny|100/100\n|move|p2a: Farigiraf|Psychic|p1b: Whimsicott\n|-damage|p1b: Whimsicott|57/100\n|move|p2b: Incineroar|Parting Shot|p1a: Typhlosion\n|-unboost|p1a: Typhlosion|atk|1\n|-unboost|p1a: Typhlosion|spa|1\n|\n|t:|1776206255\n|switch|p2b: Politoed|Politoed, L50, M|75/100|[from] Parting Shot\n|move|p1a: Typhlosion|Eruption|p2b: Politoed|[spread] p2a,p2b\n|-resisted|p2b: Politoed|1\n|-damage|p2a: Farigiraf|82/100\n|-damage|p2b: Politoed|66/100\n|\n|-weather|none\n|-heal|p2b: Politoed|72/100|[from] item: Leftovers\n|-fieldend|move: Trick Room\n|upkeep\n|turn|7\n|inactive|monocococo has 30 seconds left.\n|inactive|monocococo has 20 seconds left.\n|\n|t:|1776206294\n|switch|p2b: Incineroar|Incineroar, L50, F|58/100\n|-ability|p2b: Incineroar|Intimidate|boost\n|-unboost|p1a: Typhlosion|atk|1\n|-unboost|p1b: Whimsicott|atk|1\n|move|p2a: Farigiraf|Protect|p2a: Farigiraf\n|-singleturn|p2a: Farigiraf|Protect\n|move|p1a: Typhlosion|Flamethrower|p2a: Farigiraf\n|-activate|p2a: Farigiraf|move: Protect\n|move|p1b: Whimsicott|Moonblast|p2a: Farigiraf\n|-activate|p2a: Farigiraf|move: Protect\n|\n|upkeep\n|turn|8\n|\n|t:|1776206307\n|move|p2b: Incineroar|Fake Out|p1a: Typhlosion\n|-damage|p1a: Typhlosion|85/100\n|move|p1b: Whimsicott|Encore||[still]\n|cant|p2a: Farigiraf|ability: Armor Tail|Encore|[of] p1b: Whimsicott\n|cant|p1a: Typhlosion|flinch\n|move|p2a: Farigiraf|Trick Room|p2a: Farigiraf\n|-fieldstart|move: Trick Room|[of] p2a: Farigiraf\n|\n|upkeep\n|turn|9\n|\n|t:|1776206324\n|switch|p1b: Glimmora|Glimmora-Mega, L50, F, shiny|100/100\n|move|p2a: Farigiraf|Psychic|p1a: Typhlosion\n|-damage|p1a: Typhlosion|44/100\n|move|p2b: Incineroar|Darkest Lariat|p1a: Typhlosion\n|-damage|p1a: Typhlosion|0 fnt\n|faint|p1a: Typhlosion\n|\n|upkeep\n|c|\u2606Viijohnny07|Gg mate\n|\n|t:|1776206332\n|switch|p1a: Whimsicott|Whimsicott, L50, F, shiny|57/100\n|turn|10\n|\n|t:|1776206345\n|move|p1b: Glimmora|Spiky Shield|p1b: Glimmora\n|-singleturn|p1b: Glimmora|move: Protect\n|move|p2a: Farigiraf|Psychic|p1b: Glimmora\n|-activate|p1b: Glimmora|move: Protect\n|move|p2b: Incineroar|Flare Blitz|p1a: Whimsicott\n|-supereffective|p1a: Whimsicott|1\n|-damage|p1a: Whimsicott|0 fnt\n|faint|p1a: Whimsicott\n|-damage|p2b: Incineroar|43/100|[from] Recoil\n|-enditem|p2b: Incineroar|Sitrus Berry|[eat]\n|-heal|p2b: Incineroar|67/100|[from] item: Sitrus Berry\n|\n|upkeep\n|turn|11\n|\n|t:|1776206354\n|move|p2a: Farigiraf|Psychic|p1b: Glimmora\n|-supereffective|p1b: Glimmora|1\n|-damage|p1b: Glimmora|24/100\n|move|p2b: Incineroar|Parting Shot|p1b: Glimmora\n|-unboost|p1b: Glimmora|atk|1\n|-unboost|p1b: Glimmora|spa|1\n|\n|t:|1776206358\n|switch|p2b: Politoed|Politoed, L50, M|72/100|[from] Parting Shot\n|-weather|RainDance|[from] ability: Drizzle|[of] p2b: Politoed\n|move|p1b: Glimmora|Power Gem|p2b: Politoed\n|-damage|p2b: Politoed|33/100\n|\n|-weather|RainDance|[upkeep]\n|-heal|p2b: Politoed|40/100|[from] item: Leftovers\n|upkeep\n|turn|12\n|\n|t:|1776206363\n|move|p2a: Farigiraf|Psychic|p1b: Glimmora\n|-supereffective|p1b: Glimmora|1\n|-damage|p1b: Glimmora|0 fnt\n|faint|p1b: Glimmora\n|\n|win|Viijohnny07\n|raw|monocococo's rating: 1133 &rarr; <strong>1110</strong><br />(-23 for losing)\n|raw|Viijohnny07's rating: 1160 &rarr; <strong>1183</strong><br />(+23 for winning)\n|l|\u2606monocococo\n|player|p1|\n",
  "uploadtime": 1776206370,
  "views": 30,
  "formatid": "gen9championsvgc2026regma",
  "rating": 1110,
  "private": 0,
  "password": null
}