{
  "id": "gen9championsvgc2026regma-2582262912",
  "format": "[Gen 9 Champions] VGC 2026 Reg M-A",
  "players": [
    "Matt_Leshana",
    "adarefixwillfixit"
  ],
  "log": "|j|\u2606Matt_Leshana\n|j|\u2606adarefixwillfixit\n|t:|1776077492\n|gametype|doubles\n|player|p1|Matt_Leshana|169|1144\n|player|p2|adarefixwillfixit|102|1195\n|gen|9\n|tier|[Gen 9 Champions] VGC 2026 Reg M-A\n|rated|\n|rule|Species Clause: Limit one of each Pok\u00e9mon\n|rule|Item Clause: Limit 1 of each item\n|clearpoke\n|poke|p1|Dragonite, L50, F|\n|poke|p1|Politoed, L50, F|\n|poke|p1|Sneasler, L50, M|\n|poke|p1|Archaludon, L50, F|\n|poke|p1|Sinistcha, L50|\n|poke|p1|Incineroar, L50, F|\n|poke|p2|Floette-Eternal, L50, F|\n|poke|p2|Sinistcha, L50|\n|poke|p2|Kingambit, L50, M|\n|poke|p2|Milotic, L50, M|\n|poke|p2|Whimsicott, L50, M|\n|poke|p2|Delphox, L50, F|\n|teampreview|4\n|inactive|Battle timer is ON: inactive players will automatically lose when time's up. (requested by adarefixwillfixit)\nMatt_Leshana has agreed to open team sheets.\n|inactive|Matt_Leshana has 60 seconds left.\n|\n|t:|1776077531\n|teamsize|p1|4\n|teamsize|p2|4\n|start\n|switch|p1a: Politoed|Politoed, L50, F|100/100\n|switch|p1b: Dragonite|Dragonite, L50, F|100/100\n|switch|p2a: Floette|Floette-Eternal, L50, F|100/100\n|switch|p2b: Sinistcha|Sinistcha, L50|100/100\n|-weather|RainDance|[from] ability: Drizzle|[of] p1a: Politoed\n|turn|1\n|inactive|Matt_Leshana has 30 seconds left.\n|\n|t:|1776077564\n|detailschange|p2a: Floette|Floette-Mega, L50, F\n|-mega|p2a: Floette|Floette|Floettite\n|-ability|p2a: Floette|Fairy Aura\n|detailschange|p1b: Dragonite|Dragonite-Mega, L50, F\n|-mega|p1b: Dragonite|Dragonite|Dragoninite\n|move|p2a: Floette|Calm Mind|p2a: Floette\n|-boost|p2a: Floette|spa|1\n|-boost|p2a: Floette|spd|1\n|move|p1b: Dragonite|Hurricane|p2a: Floette\n|-damage|p2a: Floette|70/100\n|move|p2b: Sinistcha|Matcha Gotcha|p1a: Politoed|[spread] p1a,p1b\n|-supereffective|p1a: Politoed|1\n|-resisted|p1b: Dragonite|2\n|-damage|p1a: Politoed|52/100\n|-damage|p1b: Dragonite|98/100\n|move|p1a: Politoed|Weather Ball|p2a: Floette\n|-damage|p2a: Floette|30/100\n|\n|-weather|RainDance|[upkeep]\n|upkeep\n|turn|2\n|inactive|Matt_Leshana has 30 seconds left.\n|inactive|Matt_Leshana has 20 seconds left.\n|\n|t:|1776077601\n|switch|p1b: Incineroar|Incineroar, L50, F|100/100\n|-ability|p1b: Incineroar|Intimidate|boost\n|-unboost|p2a: Floette|atk|1\n|-unboost|p2b: Sinistcha|atk|1\n|move|p1a: Politoed|Protect|p1a: Politoed\n|-singleturn|p1a: Politoed|Protect\n|move|p2a: Floette|Dazzling Gleam|p1b: Incineroar|[spread] p1b\n|-activate|p1a: Politoed|move: Protect\n|-damage|p1b: Incineroar|51/100\n|move|p2b: Sinistcha|Life Dew||[still]|[spread] p2a,p2b\n|-heal|p2a: Floette|55/100\n|-fail|p2b: Sinistcha|heal\n|\n|-weather|RainDance|[upkeep]\n|upkeep\n|turn|3\n|inactive|Matt_Leshana has 30 seconds left.\n|\n|t:|1776077628\n|move|p2a: Floette|Protect|p2a: Floette\n|-singleturn|p2a: Floette|Protect\n|move|p2b: Sinistcha|Life Dew||[still]|[spread] p2a,p2b\n|-heal|p2a: Floette|80/100\n|-fail|p2b: Sinistcha|heal\n|move|p1a: Politoed|Weather Ball|p2a: Floette\n|-activate|p2a: Floette|move: Protect\n|move|p1b: Incineroar|Snarl|p2b: Sinistcha|[spread] p2b\n|-activate|p2a: Floette|move: Protect\n|-supereffective|p2b: Sinistcha|1\n|-damage|p2b: Sinistcha|79/100\n|-unboost|p2b: Sinistcha|spa|1\n|\n|-weather|RainDance|[upkeep]\n|upkeep\n|turn|4\n|\n|t:|1776077648\n|move|p1a: Politoed|Protect|p1a: Politoed\n|-singleturn|p1a: Politoed|Protect\n|move|p2a: Floette|Moonblast|p1b: Incineroar\n|-damage|p1b: Incineroar|0 fnt\n|faint|p1b: Incineroar\n|move|p2b: Sinistcha|Matcha Gotcha|p1a: Politoed\n|-activate|p1a: Politoed|move: Protect\n|\n|-weather|RainDance|[upkeep]\n|upkeep\n|\n|t:|1776077658\n|switch|p1b: Archaludon|Archaludon, L50, F|100/100\n|turn|5\n|\n|t:|1776077668\n|move|p2a: Floette|Moonblast|p1b: Archaludon\n|-damage|p1b: Archaludon|0 fnt\n|faint|p1b: Archaludon\n|move|p2b: Sinistcha|Matcha Gotcha|p1a: Politoed\n|-supereffective|p1a: Politoed|1\n|-damage|p1a: Politoed|14/100\n|-heal|p2b: Sinistcha|99/100|[from] drain|[of] p1a: Politoed\n|move|p1a: Politoed|Weather Ball|p2a: Floette\n|-damage|p2a: Floette|41/100\n|\n|-weather|none\n|upkeep\n|-message|Matt_Leshana forfeited.\n|\n|win|adarefixwillfixit\n|raw|Matt_Leshana's rating: 1144 &rarr; <strong>1123</strong><br />(-21 for losing)\n|raw|adarefixwillfixit's rating: 1195 &rarr; <strong>1216</strong><br />(+21 for winning)\n|l|\u2606Matt_Leshana\n|player|p1|\n",
  "uploadtime": 1776077679,
  "views": 12,
  "formatid": "gen9championsvgc2026regma",
  "rating": 1123,
  "private": 0,
  "password": null
}