{
  "id": "gen9championsvgc2026regma-2581065415",
  "format": "[Gen 9 Champions] VGC 2026 Reg M-A",
  "players": [
    "LozTakesABreak",
    "AlexxisIdk658"
  ],
  "log": "|j|\u2606LozTakesABreak\n|j|\u2606AlexxisIdk658\n|t:|1775956578\n|gametype|doubles\n|player|p1|LozTakesABreak|swimmerf|1049\n|player|p2|AlexxisIdk658|gambler|1033\n|gen|9\n|tier|[Gen 9 Champions] VGC 2026 Reg M-A\n|rated|\n|rule|Species Clause: Limit one of each Pok\u00e9mon\n|rule|Item Clause: Limit 1 of each item\n|clearpoke\n|poke|p1|Camerupt, L50, F|\n|poke|p1|Torkoal, L50, F|\n|poke|p1|Meowstic, L50, M|\n|poke|p1|Oranguru, L50, F|\n|poke|p1|Armarouge, L50, F|\n|poke|p1|Kingambit, L50, F|\n|poke|p2|Gengar, L50, F|\n|poke|p2|Whimsicott, L50, F|\n|poke|p2|Archaludon, L50, M|\n|poke|p2|Politoed, L50, F|\n|poke|p2|Incineroar, L50, M|\n|poke|p2|Dragonite, L50, F|\n|teampreview|4\n|\n|t:|1775956589\n|teamsize|p1|4\n|teamsize|p2|4\n|start\n|switch|p1a: Meowstic|Meowstic, L50, M|100/100\n|switch|p1b: Kingambit|Kingambit, L50, F|100/100\n|switch|p2a: Gengar|Gengar, L50, F|100/100\n|switch|p2b: Whimsicott|Whimsicott, L50, F|100/100\n|turn|1\n|\n|t:|1775956610\n|detailschange|p2a: Gengar|Gengar-Mega, L50, F\n|-mega|p2a: Gengar|Gengar|Gengarite\n|move|p2a: Gengar|Protect|p2a: Gengar\n|-singleturn|p2a: Gengar|Protect\n|move|p2b: Whimsicott|Tailwind|p2b: Whimsicott\n|-sidestart|p2: AlexxisIdk658|move: Tailwind\n|move|p1b: Kingambit|Kowtow Cleave|p2a: Gengar\n|-activate|p2a: Gengar|move: Protect\n|move|p1a: Meowstic|Trick Room|p1a: Meowstic\n|-fieldstart|move: Trick Room|[of] p1a: Meowstic\n|\n|upkeep\n|turn|2\n|\n|t:|1775956630\n|move|p1a: Meowstic|Psychic Terrain|p1a: Meowstic\n|-fieldstart|move: Psychic Terrain\n|move|p2b: Whimsicott|Encore|p1b: Kingambit\n|-activate|p1b: Kingambit|move: Psychic Terrain\n|move|p1b: Kingambit|Kowtow Cleave|p2a: Gengar\n|-supereffective|p2a: Gengar|1\n|-damage|p2a: Gengar|0 fnt\n|faint|p2a: Gengar\n|\n|upkeep\n|\n|t:|1775956641\n|switch|p2a: Archaludon|Archaludon, L50, M|100/100\n|turn|3\n|\n|t:|1775956658\n|switch|p2b: Politoed|Politoed, L50, F|100/100\n|-weather|RainDance|[from] ability: Drizzle|[of] p2b: Politoed\n|move|p1b: Kingambit|Kowtow Cleave|p2b: Politoed\n|-damage|p2b: Politoed|53/100\n|move|p1a: Meowstic|Expanding Force|p2b: Politoed|[spread] p2a,p2b\n|-resisted|p2a: Archaludon|1\n|-crit|p2a: Archaludon\n|-damage|p2a: Archaludon|63/100\n|-damage|p2b: Politoed|30/100\n|-ability|p2a: Archaludon|Stamina|boost\n|-boost|p2a: Archaludon|def|1\n|move|p2a: Archaludon|Electro Shot||[still]\n|-prepare|p2a: Archaludon|Electro Shot\n|-boost|p2a: Archaludon|spa|1\n|-anim|p2a: Archaludon|Electro Shot|p1b: Kingambit\n|-damage|p1b: Kingambit|50/100\n|\n|-weather|RainDance|[upkeep]\n|upkeep\n|turn|4\n|\n|t:|1775956683\n|move|p2b: Politoed|Protect|p2b: Politoed\n|-singleturn|p2b: Politoed|Protect\n|move|p1b: Kingambit|Kowtow Cleave|p2b: Politoed\n|-activate|p2b: Politoed|move: Protect\n|move|p1a: Meowstic|Expanding Force|p2a: Archaludon|[spread] p2a\n|-activate|p2b: Politoed|move: Protect\n|-resisted|p2a: Archaludon|1\n|-damage|p2a: Archaludon|38/100\n|-ability|p2a: Archaludon|Stamina|boost\n|-boost|p2a: Archaludon|def|1\n|move|p2a: Archaludon|Electro Shot||[still]\n|-prepare|p2a: Archaludon|Electro Shot\n|-boost|p2a: Archaludon|spa|1\n|-anim|p2a: Archaludon|Electro Shot|p1b: Kingambit\n|-damage|p1b: Kingambit|0 fnt\n|faint|p1b: Kingambit\n|\n|-weather|RainDance|[upkeep]\n|-sideend|p2: AlexxisIdk658|move: Tailwind\n|upkeep\n|\n|t:|1775956687\n|switch|p1b: Camerupt|Camerupt, L50, F, shiny|100/100\n|turn|5\n|\n|t:|1775956709\n|switch|p2b: Whimsicott|Whimsicott, L50, F|100/100\n|detailschange|p1b: Camerupt|Camerupt-Mega, L50, F, shiny\n|-mega|p1b: Camerupt|Camerupt|Cameruptite\n|move|p2a: Archaludon|Protect|p2a: Archaludon\n|-singleturn|p2a: Archaludon|Protect\n|move|p1b: Camerupt|Eruption|p2b: Whimsicott|[spread] p2b\n|-activate|p2a: Archaludon|move: Protect\n|-supereffective|p2b: Whimsicott|1\n|-damage|p2b: Whimsicott|3/100\n|move|p1a: Meowstic|Expanding Force|p2b: Whimsicott|[spread] p2b\n|-activate|p2a: Archaludon|move: Protect\n|-damage|p2b: Whimsicott|0 fnt\n|faint|p2b: Whimsicott\n|\n|-weather|RainDance|[upkeep]\n|-fieldend|move: Trick Room\n|upkeep\n|\n|t:|1775956727\n|switch|p2b: Politoed|Politoed, L50, F|30/100\n|turn|6\n|\n|t:|1775956740\n|switch|p1b: Torkoal|Torkoal, L50, F|100/100\n|-weather|SunnyDay|[from] ability: Drought|[of] p1b: Torkoal\n|move|p2a: Archaludon|Draco Meteor|p1b: Torkoal\n|-damage|p1b: Torkoal|0 fnt\n|-unboost|p2a: Archaludon|spa|2\n|faint|p1b: Torkoal\n|move|p2b: Politoed|Hydro Pump|p1a: Meowstic\n|-damage|p1a: Meowstic|77/100\n|move|p1a: Meowstic|Trick Room|p1a: Meowstic\n|-fieldstart|move: Trick Room|[of] p1a: Meowstic\n|\n|-weather|SunnyDay|[upkeep]\n|-fieldend|move: Psychic Terrain\n|upkeep\n|\n|t:|1775956751\n|switch|p1b: Camerupt|Camerupt-Mega, L50, F, shiny|100/100\n|turn|7\n|\n|t:|1775956761\n|move|p2b: Politoed|Protect|p2b: Politoed\n|-singleturn|p2b: Politoed|Protect\n|move|p2a: Archaludon|Protect|p2a: Archaludon\n|-singleturn|p2a: Archaludon|Protect\n|move|p1a: Meowstic|Psychic Terrain|p1a: Meowstic\n|-fieldstart|move: Psychic Terrain\n|move|p1b: Camerupt|Eruption|p2b: Politoed|[spread] \n|-activate|p2a: Archaludon|move: Protect\n|-activate|p2b: Politoed|move: Protect\n|\n|-weather|SunnyDay|[upkeep]\n|upkeep\n|turn|8\n|\n|t:|1775956777\n|move|p1b: Camerupt|Eruption|p2b: Politoed|[spread] p2a,p2b\n|-resisted|p2b: Politoed|1\n|-damage|p2a: Archaludon|0 fnt\n|-damage|p2b: Politoed|0 fnt\n|faint|p2a: Archaludon\n|faint|p2b: Politoed\n|\n|win|LozTakesABreak\n|raw|LozTakesABreak's rating: 1049 &rarr; <strong>1080</strong><br />(+31 for winning)\n|raw|AlexxisIdk658's rating: 1033 &rarr; <strong>1019</strong><br />(-14 for losing)\n|l|\u2606AlexxisIdk658\n|player|p2|\n",
  "uploadtime": 1775956786,
  "views": 14,
  "formatid": "gen9championsvgc2026regma",
  "rating": 1019,
  "private": 0,
  "password": null
}