{
  "id": "gen9championsvgc2026regma-2583993187",
  "format": "[Gen 9 Champions] VGC 2026 Reg M-A",
  "players": [
    "zukanthropic",
    "Penty"
  ],
  "log": "|j|\u2606zukanthropic\n|j|\u2606Penty\n|t:|1776214946\n|gametype|doubles\n|player|p1|zukanthropic|unknown|1086\n|player|p2|Penty|170|1000\n|gen|9\n|tier|[Gen 9 Champions] VGC 2026 Reg M-A\n|rated|\n|rule|Species Clause: Limit one of each Pok\u00e9mon\n|rule|Item Clause: Limit 1 of each item\n|clearpoke\n|poke|p1|Incineroar, L50, M|\n|poke|p1|Farigiraf, L50, F|\n|poke|p1|Golurk, L50|\n|poke|p1|Sneasler, L50, F|\n|poke|p1|Torkoal, L50, M|\n|poke|p1|Venusaur, L50, F|\n|poke|p2|Farigiraf, L50, M|\n|poke|p2|Steelix, L50, M|\n|poke|p2|Tyranitar, L50, M|\n|poke|p2|Sinistcha, L50|\n|poke|p2|Corviknight, L50, M|\n|poke|p2|Rotom-Wash, L50|\n|teampreview|4\n|inactive|Battle timer is ON: inactive players will automatically lose when time's up. (requested by zukanthropic)\n|inactive|Penty has 60 seconds left.\n|\n|t:|1776214984\n|teamsize|p1|4\n|teamsize|p2|4\n|start\n|switch|p1a: Farigiraf|Farigiraf, L50, F|100/100\n|switch|p1b: Incineroar|Incineroar, L50, M|100/100\n|switch|p2a: Steelix|Steelix, L50, M|100/100\n|switch|p2b: Farigiraf|Farigiraf, L50, M|100/100\n|-ability|p1b: Incineroar|Intimidate|boost\n|-unboost|p2a: Steelix|atk|1\n|-unboost|p2b: Farigiraf|atk|1\n|turn|1\n|inactive|zukanthropic has 30 seconds left.\n|inactive|zukanthropic has 20 seconds left.\n|\n|t:|1776215020\n|switch|p2a: Tyranitar|Tyranitar, L50, M|100/100\n|-weather|Sandstorm|[from] ability: Sand Stream|[of] p2a: Tyranitar\n|move|p1b: Incineroar|Throat Chop|p2b: Farigiraf\n|-supereffective|p2b: Farigiraf|1\n|-enditem|p2b: Farigiraf|Colbur Berry|[eat]\n|-enditem|p2b: Farigiraf|Colbur Berry|[weaken]\n|-damage|p2b: Farigiraf|68/100\n|-start|p2b: Farigiraf|Throat Chop|[silent]\n|move|p2b: Farigiraf|Trick Room|p2b: Farigiraf\n|-fieldstart|move: Trick Room|[of] p2b: Farigiraf\n|move|p1a: Farigiraf|Trick Room|p1a: Farigiraf\n|-fieldend|move: Trick Room\n|\n|-weather|Sandstorm|[upkeep]\n|-damage|p2b: Farigiraf|62/100|[from] Sandstorm\n|-damage|p1b: Incineroar|95/100|[from] Sandstorm\n|-damage|p1a: Farigiraf|94/100|[from] Sandstorm\n|upkeep\n|turn|2\n|\n|t:|1776215044\n|switch|p2b: Steelix|Steelix, L50, M|100/100\n|switch|p1a: Torkoal|Torkoal, L50, M|100/100\n|-weather|SunnyDay|[from] ability: Drought|[of] p1a: Torkoal\n|move|p2a: Tyranitar|Rock Slide|p1a: Torkoal|[spread] p1a,p1b\n|-supereffective|p1a: Torkoal|1\n|-supereffective|p1b: Incineroar|1\n|-damage|p1a: Torkoal|52/100\n|-damage|p1b: Incineroar|41/100\n|move|p1b: Incineroar|Throat Chop|p2b: Steelix\n|-damage|p2b: Steelix|84/100\n|-start|p2b: Steelix|Throat Chop|[silent]\n|\n|-weather|SunnyDay|[upkeep]\n|upkeep\n|turn|3\n|\n|t:|1776215067\n|move|p2b: Steelix|Protect|p2b: Steelix\n|-singleturn|p2b: Steelix|Protect\n|move|p1a: Torkoal|Protect|p1a: Torkoal\n|-singleturn|p1a: Torkoal|Protect\n|move|p2a: Tyranitar|Rock Slide|p1a: Torkoal|[spread] p1b\n|-activate|p1a: Torkoal|move: Protect\n|-supereffective|p1b: Incineroar|1\n|-damage|p1b: Incineroar|0 fnt\n|faint|p1b: Incineroar\n|\n|-weather|SunnyDay|[upkeep]\n|-end|p2b: Steelix|Throat Chop|[silent]\n|upkeep\n|\n|t:|1776215083\n|switch|p1b: Farigiraf|Farigiraf, L50, F|94/100\n|turn|4\n|\n|t:|1776215095\n|switch|p2a: Farigiraf|Farigiraf, L50, M|62/100\n|switch|p2b: Rotom|Rotom-Wash, L50|100/100\n|move|p1a: Torkoal|Heat Wave|p2b: Rotom|[spread] p2a,p2b\n|-resisted|p2b: Rotom|1\n|-damage|p2a: Farigiraf|4/100\n|-damage|p2b: Rotom|71/100\n|move|p1b: Farigiraf|Trick Room|p1b: Farigiraf\n|-fieldstart|move: Trick Room|[of] p1b: Farigiraf\n|\n|-weather|SunnyDay|[upkeep]\n|upkeep\n|turn|5\n|inactive|Penty has 30 seconds left.\n|\n|t:|1776215123\n|move|p1a: Torkoal|Heat Wave|p2a: Farigiraf|[spread] p2a,p2b\n|-resisted|p2b: Rotom|1\n|-crit|p2b: Rotom\n|-damage|p2a: Farigiraf|0 fnt\n|-damage|p2b: Rotom|25/100\n|faint|p2a: Farigiraf\n|move|p1b: Farigiraf|Psychic|p2b: Rotom\n|-damage|p2b: Rotom|0 fnt\n|faint|p2b: Rotom\n|\n|-weather|SunnyDay|[upkeep]\n|upkeep\n|\n|t:|1776215130\n|switch|p2a: Tyranitar|Tyranitar, L50, M|100/100\n|switch|p2b: Steelix|Steelix, L50, M|84/100\n|-weather|Sandstorm|[from] ability: Sand Stream|[of] p2a: Tyranitar\n|turn|6\n|\n|t:|1776215148\n|switch|p1b: Golurk|Golurk, L50|100/100\n|detailschange|p2b: Steelix|Steelix-Mega, L50, M\n|-mega|p2b: Steelix|Steelix|Steelixite\n|move|p2b: Steelix|Protect|p2b: Steelix\n|-singleturn|p2b: Steelix|Protect\n|move|p1a: Torkoal|Heat Wave|p2a: Tyranitar|[spread] p2a\n|-activate|p2b: Steelix|move: Protect\n|-resisted|p2a: Tyranitar|1\n|-damage|p2a: Tyranitar|89/100\n|move|p2a: Tyranitar|Rock Slide|p1b: Golurk|[spread] p1a,p1b\n|-supereffective|p1a: Torkoal|1\n|-resisted|p1b: Golurk|1\n|-damage|p1a: Torkoal|4/100\n|-damage|p1b: Golurk|82/100\n|\n|-weather|Sandstorm|[upkeep]\n|-damage|p1a: Torkoal|0 fnt|[from] Sandstorm\n|faint|p1a: Torkoal\n|upkeep\n|\n|t:|1776215153\n|switch|p1a: Farigiraf|Farigiraf, L50, F|94/100\n|turn|7\n|inactive|Penty has 30 seconds left.\n|inactive|Penty has 20 seconds left.\n|\n|t:|1776215189\n|detailschange|p1b: Golurk|Golurk-Mega, L50\n|-mega|p1b: Golurk|Golurk|Golurkite\n|move|p1a: Farigiraf|Helping Hand|p1b: Golurk\n|-singleturn|p1b: Golurk|Helping Hand|[of] p1a: Farigiraf\n|move|p2a: Tyranitar|Protect|p2a: Tyranitar\n|-singleturn|p2a: Tyranitar|Protect\n|move|p2b: Steelix|Earthquake|p1b: Golurk|[spread] p1a,p1b\n|-activate|p2a: Tyranitar|move: Protect\n|-crit|p1b: Golurk\n|-damage|p1a: Farigiraf|44/100\n|-damage|p1b: Golurk|8/100\n|-enditem|p1a: Farigiraf|Sitrus Berry|[eat]\n|-heal|p1a: Farigiraf|68/100|[from] item: Sitrus Berry\n|move|p1b: Golurk|Headlong Rush|p2a: Tyranitar\n|-supereffective|p2a: Tyranitar|1\n|-ability|p1b: Golurk|Unseen Fist\n|-zbroken|p2a: Tyranitar\n|-damage|p2a: Tyranitar|38/100\n|-unboost|p1b: Golurk|def|1\n|-unboost|p1b: Golurk|spd|1\n|\n|-weather|Sandstorm|[upkeep]\n|-damage|p1a: Farigiraf|62/100|[from] Sandstorm\n|upkeep\n|turn|8\n|-message|zukanthropic forfeited.\n|\n|win|Penty\n|raw|zukanthropic's rating: 1086 &rarr; <strong>1058</strong><br />(-28 for losing)\n|raw|Penty's rating: 1000 &rarr; <strong>1050</strong><br />(+50 for winning)\n|l|\u2606zukanthropic\n|player|p1|\n",
  "uploadtime": 1776215228,
  "views": 18,
  "formatid": "gen9championsvgc2026regma",
  "rating": 1050,
  "private": 0,
  "password": null
}