{
  "id": "gen9championsvgc2026regma-2587350851",
  "format": "[Gen 9 Champions] VGC 2026 Reg M-A",
  "players": [
    "dwsdws",
    "fizzy_froggy"
  ],
  "log": "|j|\u2606dwsdws\n|j|\u2606fizzy_froggy\n|t:|1776524430\n|gametype|doubles\n|player|p1|dwsdws|hilbert|1129\n|player|p2|fizzy_froggy|2|1063\n|gen|9\n|tier|[Gen 9 Champions] VGC 2026 Reg M-A\n|rated|\n|rule|Species Clause: Limit one of each Pok\u00e9mon\n|rule|Item Clause: Limit 1 of each item\n|clearpoke\n|poke|p1|Floette-Eternal, L50, F|\n|poke|p1|Aerodactyl, L50, F|\n|poke|p1|Maushold, L50|\n|poke|p1|Rotom-Wash, L50|\n|poke|p1|Sneasler, L50, M|\n|poke|p1|Incineroar, L50, F|\n|poke|p2|Meowscarada, L50, M|\n|poke|p2|Crabominable, L50, M|\n|poke|p2|Dragapult, L50, F|\n|poke|p2|Arcanine, L50, M|\n|poke|p2|Hatterene, L50, F|\n|poke|p2|Golurk, L50|\n|teampreview|4\n|\n|t:|1776524460\n|teamsize|p1|4\n|teamsize|p2|4\n|start\n|switch|p1a: Floette|Floette-Eternal, L50, F|100/100\n|switch|p1b: Sneasler|Sneasler, L50, M|100/100\n|switch|p2a: Dragapult|Dragapult, L50, F|100/100\n|switch|p2b: Arcanine|Arcanine, L50, M|100/100\n|turn|1\n|\n|t:|1776524489\n|switch|p1b: Incineroar|Incineroar, L50, F|100/100\n|-ability|p1b: Incineroar|Intimidate|boost\n|-unboost|p2a: Dragapult|atk|1\n|-unboost|p2b: Arcanine|atk|1\n|detailschange|p1a: Floette|Floette-Mega, L50, F\n|-mega|p1a: Floette|Floette|Floettite\n|-ability|p1a: Floette|Fairy Aura\n|move|p2b: Arcanine|Endure|p2b: Arcanine\n|-singleturn|p2b: Arcanine|move: Endure\n|move|p2a: Dragapult|Beat Up|p2b: Arcanine\n|-damage|p2b: Arcanine|96/100\n|-ability|p2b: Arcanine|Justified|boost\n|-boost|p2b: Arcanine|atk|1\n|-damage|p2b: Arcanine|92/100\n|-ability|p2b: Arcanine|Justified|boost\n|-boost|p2b: Arcanine|atk|1\n|-damage|p2b: Arcanine|89/100\n|-ability|p2b: Arcanine|Justified|boost\n|-boost|p2b: Arcanine|atk|1\n|-damage|p2b: Arcanine|84/100\n|-ability|p2b: Arcanine|Justified|boost\n|-boost|p2b: Arcanine|atk|1\n|-hitcount|p2b: Arcanine|4\n|move|p1a: Floette|Draining Kiss|p2a: Dragapult\n|-supereffective|p2a: Dragapult|1\n|-crit|p2a: Dragapult\n|-damage|p2a: Dragapult|0 fnt\n|faint|p2a: Dragapult\n|\n|upkeep\n|\n|t:|1776524516\n|switch|p2a: Meowscarada|Meowscarada, L50, M|100/100\n|turn|2\n|\n|t:|1776524536\n|move|p2a: Meowscarada|Protect|p2a: Meowscarada\n|-start|p2a: Meowscarada|typechange|Normal|[from] ability: Protean\n|-singleturn|p2a: Meowscarada|Protect\n|move|p2b: Arcanine|Protect|p2b: Arcanine\n|-singleturn|p2b: Arcanine|Protect\n|move|p1b: Incineroar|Fake Out|p2b: Arcanine\n|-activate|p2b: Arcanine|move: Protect\n|move|p1a: Floette|Calm Mind|p1a: Floette\n|-boost|p1a: Floette|spa|1\n|-boost|p1a: Floette|spd|1\n|\n|upkeep\n|turn|3\n|\n|t:|1776524557\n|move|p1a: Floette|Protect|p1a: Floette\n|-singleturn|p1a: Floette|Protect\n|move|p2a: Meowscarada|Psych Up|p2b: Arcanine\n|-copyboost|p2a: Meowscarada|p2b: Arcanine|[from] move: Psych Up\n|move|p2b: Arcanine|Flare Blitz|p1a: Floette\n|-activate|p1a: Floette|move: Protect\n|move|p1b: Incineroar|Will-O-Wisp|p2a: Meowscarada\n|-status|p2a: Meowscarada|brn\n|\n|-damage|p2a: Meowscarada|94/100 brn|[from] brn\n|upkeep\n|turn|4\n|\n|t:|1776524578\n|switch|p1a: Rotom|Rotom-Wash, L50|100/100\n|move|p2a: Meowscarada|Skill Swap|p2b: Arcanine\n|-activate|p2a: Meowscarada|Skill Swap|||[of] p2b: Arcanine\n|move|p2b: Arcanine|Flare Blitz|p1a: Rotom\n|-resisted|p1a: Rotom|1\n|-damage|p1a: Rotom|45/100\n|-damage|p2b: Arcanine|67/100|[from] Recoil\n|move|p1b: Incineroar|Parting Shot|p2b: Arcanine\n|-unboost|p2b: Arcanine|atk|1\n|-unboost|p2b: Arcanine|spa|1\n|\n|t:|1776524591\n|switch|p1b: Sneasler|Sneasler, L50, M|100/100|[from] Parting Shot\n|\n|-damage|p2a: Meowscarada|88/100 brn|[from] brn\n|upkeep\n|turn|5\n|\n|t:|1776524609\n|switch|p1a: Incineroar|Incineroar, L50, F|100/100\n|-ability|p1a: Incineroar|Intimidate|boost\n|-unboost|p2a: Meowscarada|atk|1\n|-unboost|p2b: Arcanine|atk|1\n|move|p2b: Arcanine|Protect|p2b: Arcanine\n|-start|p2b: Arcanine|typechange|Normal|[from] ability: Protean\n|-singleturn|p2b: Arcanine|Protect\n|move|p2a: Meowscarada|Flower Trick|p1a: Incineroar\n|-resisted|p1a: Incineroar|1\n|-crit|p1a: Incineroar\n|-damage|p1a: Incineroar|92/100\n|move|p1b: Sneasler|Close Combat|p2a: Meowscarada\n|-supereffective|p2a: Meowscarada|1\n|-damage|p2a: Meowscarada|0 fnt\n|-unboost|p1b: Sneasler|def|1\n|-unboost|p1b: Sneasler|spd|1\n|faint|p2a: Meowscarada\n|-enditem|p1b: Sneasler|White Herb\n|-clearnegativeboost|p1b: Sneasler|[silent]\n|\n|upkeep\n|\n|t:|1776524623\n|switch|p2a: Crabominable|Crabominable, L50, M|100/100\n|turn|6\n|\n|t:|1776524646\n|detailschange|p2a: Crabominable|Crabominable-Mega, L50, M\n|-mega|p2a: Crabominable|Crabominable|Crabominite\n|move|p1a: Incineroar|Fake Out|p2b: Arcanine\n|-damage|p2b: Arcanine|56/100\n|cant|p2b: Arcanine|flinch\n|move|p1b: Sneasler|Close Combat|p2b: Arcanine\n|-supereffective|p2b: Arcanine|1\n|-damage|p2b: Arcanine|0 fnt\n|-unboost|p1b: Sneasler|def|1\n|-unboost|p1b: Sneasler|spd|1\n|faint|p2b: Arcanine\n|move|p2a: Crabominable|Ice Spinner|p1b: Sneasler\n|-damage|p1b: Sneasler|0 fnt\n|faint|p1b: Sneasler\n|\n|upkeep\n|\n|t:|1776524655\n|switch|p1b: Floette|Floette-Mega, L50, F|100/100\n|-ability|p1b: Floette|Fairy Aura\n|turn|7\n|\n|t:|1776524663\n|move|p1b: Floette|Dazzling Gleam|p2a: Crabominable\n|-supereffective|p2a: Crabominable|1\n|-damage|p2a: Crabominable|0 fnt\n|faint|p2a: Crabominable\n|\n|win|dwsdws\n|raw|dwsdws's rating: 1129 &rarr; <strong>1149</strong><br />(+20 for winning)\n|raw|fizzy_froggy's rating: 1063 &rarr; <strong>1047</strong><br />(-16 for losing)\n|l|\u2606fizzy_froggy\n|player|p2|\n",
  "uploadtime": 1776524678,
  "views": 15,
  "formatid": "gen9championsvgc2026regma",
  "rating": 1047,
  "private": 0,
  "password": null
}