{
  "id": "gen9championsvgc2026regma-2589444655",
  "format": "[Gen 9 Champions] VGC 2026 Reg M-A",
  "players": [
    "zCamii",
    "00Coosm0"
  ],
  "log": "|j|\u2606zCamii\n|j|\u260600Coosm0\n|html|<table width=\"100%\"><tr><td align=\"left\">zCamii</td><td align=\"right\">00Coosm0</tr><tr><td align=\"left\"><i class=\"fa fa-circle\"></i> <i class=\"fa fa-circle-o\"></i> </td><td align=\"right\"><i class=\"fa fa-circle-o\"></i> <i class=\"fa fa-circle-o\"></i> </tr></table>\n|uhtml|bestof|<h2><strong>Game 2</strong> of <a href=\"/game-bestof3-gen9championsvgc2026regma-2589440872\">a best-of-3</a></h2>\n|t:|1776723517\n|gametype|doubles\n|player|p1|zCamii|iono-masters|\n|player|p2|00Coosm0|harlequin|\n|gen|9\n|tier|[Gen 9 Champions] VGC 2026 Reg M-A\n|rule|Species Clause: Limit one of each Pok\u00e9mon\n|rule|Item Clause: Limit 1 of each item\n|raw|<div class=\"infobox\"><details class=\"readmore\" open><summary><strong>1 custom rule:</strong></summary> Best of = 3</details></div>\n|clearpoke\n|poke|p1|Glimmora, L50, F|\n|poke|p1|Tyranitar, L50, F, shiny|\n|poke|p1|Milotic, L50, F, shiny|\n|poke|p1|Gliscor, L50, M|\n|poke|p1|Arcanine-Hisui, L50, F, shiny|\n|poke|p1|Simisage, L50, F, shiny|\n|poke|p2|Meganium, L50, M|\n|poke|p2|Corviknight, L50, F|\n|poke|p2|Politoed, L50, M|\n|poke|p2|Toxicroak, L50, M|\n|poke|p2|Sinistcha, L50|\n|poke|p2|Scizor, L50, M|\n|teampreview|4\n|inactive|Battle timer is ON: inactive players will automatically lose when time's up. (requested by zCamii)\n|inactiveoff|Battle timer is now OFF.\n|j| SakikoPlushie\n|j| 1heis\n|\n|t:|1776723548\n|teamsize|p1|4\n|teamsize|p2|4\n|start\n|switch|p1a: Gaga|Tyranitar, L50, F, shiny|100/100\n|switch|p1b: er hueso|Arcanine-Hisui, L50, F, shiny|100/100\n|switch|p2a: Politoed|Politoed, L50, M|100/100\n|switch|p2b: Meganium|Meganium, L50, M|100/100\n|-weather|RainDance|[from] ability: Drizzle|[of] p2a: Politoed\n|-weather|Sandstorm|[from] ability: Sand Stream|[of] p1a: Gaga\n|turn|1\n|j| notConnG\n|\n|t:|1776723579\n|switch|p2b: Sinistcha|Sinistcha, L50|100/100\n|move|p1b: er hueso|Flare Blitz|p2b: Sinistcha\n|-supereffective|p2b: Sinistcha|1\n|-damage|p2b: Sinistcha|0 fnt\n|faint|p2b: Sinistcha\n|move|p2a: Politoed|Hypnosis|p1b: er hueso|[miss]\n|-miss|p2a: Politoed|p1b: er hueso\n|move|p1a: Gaga|Knock Off|p2a: Politoed\n|-damage|p2a: Politoed|39/100\n|-enditem|p2a: Politoed|Sitrus Berry|[from] move: Knock Off|[of] p1a: Gaga\n|\n|-weather|Sandstorm|[upkeep]\n|-damage|p2a: Politoed|33/100|[from] Sandstorm\n|upkeep\n|\n|t:|1776723586\n|switch|p2b: Toxicroak|Toxicroak, L50, M|100/100\n|turn|2\n|\n|t:|1776723600\n|switch|p1b: Labubu|Gliscor, L50, M|100/100\n|move|p1a: Gaga|Protect|p1a: Gaga\n|-singleturn|p1a: Gaga|Protect\n|move|p2b: Toxicroak|Fake Out|p1a: Gaga\n|-activate|p1a: Gaga|move: Protect\n|move|p2a: Politoed|Hypnosis|p1b: Labubu|[miss]\n|-miss|p2a: Politoed|p1b: Labubu\n|\n|-weather|Sandstorm|[upkeep]\n|-damage|p2b: Toxicroak|95/100|[from] Sandstorm\n|-damage|p2a: Politoed|27/100|[from] Sandstorm\n|upkeep\n|turn|3\n|\n|t:|1776723621\n|switch|p1a: Delfin|Milotic, L50, F, shiny|100/100\n|move|p2b: Toxicroak|Close Combat|p1b: Labubu\n|-resisted|p1b: Labubu|1\n|-damage|p1b: Labubu|80/100\n|-unboost|p2b: Toxicroak|def|1\n|-unboost|p2b: Toxicroak|spd|1\n|move|p1b: Labubu|Earthquake|p2a: Politoed|[spread] p1a,p2a,p2b\n|-supereffective|p2b: Toxicroak|1\n|-damage|p1a: Delfin|72/100\n|-damage|p2a: Politoed|0 fnt\n|-damage|p2b: Toxicroak|0 fnt\n|faint|p2a: Politoed\n|faint|p2b: Toxicroak\n|\n|-weather|Sandstorm|[upkeep]\n|-damage|p1a: Delfin|66/100|[from] Sandstorm\n|-heal|p1a: Delfin|72/100|[from] item: Leftovers\n|upkeep\n|\n|t:|1776723639\n|switch|p2b: Meganium|Meganium, L50, M|100/100\n|turn|4\n|\n|t:|1776723646\n|detailschange|p2b: Meganium|Meganium-Mega, L50, M\n|-mega|p2b: Meganium|Meganium|Meganiumite\n|move|p1a: Delfin|Protect|p1a: Delfin\n|-singleturn|p1a: Delfin|Protect\n|move|p1b: Labubu|Tailwind|p1b: Labubu\n|-sidestart|p1: zCamii|move: Tailwind\n|move|p2b: Meganium|Solar Beam||[still]\n|-prepare|p2b: Meganium|Solar Beam\n|-activate|p2b: Meganium|ability: Mega Sol\n|-anim|p2b: Meganium|Solar Beam|p1a: Delfin\n|-activate|p1a: Delfin|move: Protect\n|\n|-weather|Sandstorm|[upkeep]\n|-damage|p1a: Delfin|66/100|[from] Sandstorm\n|-damage|p2b: Meganium|95/100|[from] Sandstorm\n|-heal|p1a: Delfin|72/100|[from] item: Leftovers\n|upkeep\n|turn|5\n|c|\u260600Coosm0|que pena\n|c|\u260600Coosm0|perdi\n|c|\u260600Coosm0|ggs\n|\n|t:|1776723658\n|move|p1b: Labubu|Knock Off|p2b: Meganium\n|-resisted|p2b: Meganium|1\n|-damage|p2b: Meganium|88/100\n|move|p1a: Delfin|Icy Wind|p2b: Meganium\n|-supereffective|p2b: Meganium|1\n|-damage|p2b: Meganium|66/100\n|-unboost|p2b: Meganium|spe|1\n|move|p2b: Meganium|Solar Beam||[still]\n|-prepare|p2b: Meganium|Solar Beam\n|-activate|p2b: Meganium|ability: Mega Sol\n|-anim|p2b: Meganium|Solar Beam|p1a: Delfin\n|-supereffective|p1a: Delfin|1\n|-crit|p1a: Delfin\n|-damage|p1a: Delfin|0 fnt\n|faint|p1a: Delfin\n|\n|-weather|none\n|upkeep\n|c| notConnG|ggs\n|\n|t:|1776723661\n|switch|p1a: er hueso|Arcanine-Hisui, L50, F, shiny|100/100\n|turn|6\n|\n|t:|1776723665\n|move|p1a: er hueso|Flare Blitz|p2b: Meganium\n|-supereffective|p2b: Meganium|1\n|-damage|p2b: Meganium|0 fnt\n|faint|p2b: Meganium\n|\n|win|zCamii\n|c|\u2606zCamii|gg\n|l|\u260600Coosm0\n|player|p2|\n|l| notConnG\n|l| 1heis\n",
  "uploadtime": 1776723695,
  "views": 5,
  "formatid": "gen9championsvgc2026regma",
  "rating": null,
  "private": 0,
  "password": null
}