{
  "id": "gen9championsvgc2026regma-2585302139",
  "format": "[Gen 9 Champions] VGC 2026 Reg M-A",
  "players": [
    "NathanaelW19",
    "96VAAN"
  ],
  "log": "|j|\u2606NathanaelW19\n|j|\u260696VAAN\n|t:|1776335595\n|gametype|doubles\n|player|p1|NathanaelW19|dragontamer|1188\n|player|p2|96VAAN|shadowtriad|1121\n|gen|9\n|tier|[Gen 9 Champions] VGC 2026 Reg M-A\n|rated|\n|rule|Species Clause: Limit one of each Pok\u00e9mon\n|rule|Item Clause: Limit 1 of each item\n|clearpoke\n|poke|p1|Hydreigon, L50, F|\n|poke|p1|Garchomp, L50, F|\n|poke|p1|Rotom-Heat, L50|\n|poke|p1|Aegislash, L50, M|\n|poke|p1|Aerodactyl, L50, M|\n|poke|p1|Charizard, L50, F|\n|poke|p2|Toxicroak, L50, M|\n|poke|p2|Rotom-Mow, L50|\n|poke|p2|Froslass, L50, F|\n|poke|p2|Talonflame, L50, M|\n|poke|p2|Kangaskhan, L50, F|\n|poke|p2|Milotic, L50, F|\n|teampreview|4\n|inactive|Battle timer is ON: inactive players will automatically lose when time's up. (requested by NathanaelW19)\n|inactive|NathanaelW19 has 60 seconds left.\n|inactive|96VAAN has 60 seconds left.\n|\n|t:|1776335646\n|teamsize|p1|4\n|teamsize|p2|4\n|start\n|switch|p1a: Aerodactyl|Aerodactyl, L50, M, shiny|100/100\n|switch|p1b: Charizard|Charizard, L50, F, shiny|100/100\n|switch|p2a: Toxicroak|Toxicroak, L50, M, shiny|100/100\n|switch|p2b: Froslass|Froslass, L50, F, shiny|100/100\n|-ability|p1a: Aerodactyl|Unnerve\n|turn|1\n|inactive|NathanaelW19 has 30 seconds left.\n|inactive|96VAAN has 30 seconds left.\n|inactive|NathanaelW19 has 20 seconds left.\n|\n|t:|1776335682\n|detailschange|p2b: Froslass|Froslass-Mega, L50, F, shiny\n|-mega|p2b: Froslass|Froslass|Froslassite\n|-weather|Snowscape|[from] ability: Snow Warning|[of] p2b: Froslass\n|move|p1a: Aerodactyl|Protect|p1a: Aerodactyl\n|-singleturn|p1a: Aerodactyl|Protect\n|move|p1b: Charizard|Protect|p1b: Charizard\n|-singleturn|p1b: Charizard|Protect\n|move|p2a: Toxicroak|Fake Out|p1b: Charizard\n|-activate|p1b: Charizard|move: Protect\n|move|p2b: Froslass|Blizzard|p1b: Charizard|[spread] \n|-activate|p1a: Aerodactyl|move: Protect\n|-activate|p1b: Charizard|move: Protect\n|\n|-weather|Snowscape|[upkeep]\n|upkeep\n|turn|2\n|inactive|96VAAN has 30 seconds left.\n|\n|t:|1776335714\n|switch|p2b: Talonflame|Talonflame, L50, M|100/100\n|switch|p2a: Milotic|Milotic, L50, F, shiny|100/100\n|detailschange|p1b: Charizard|Charizard-Mega-Y, L50, F, shiny\n|-mega|p1b: Charizard|Charizard|Charizardite Y\n|-weather|SunnyDay|[from] ability: Drought|[of] p1b: Charizard\n|move|p1a: Aerodactyl|Tailwind|p1a: Aerodactyl\n|-sidestart|p1: NathanaelW19|move: Tailwind\n|move|p1b: Charizard|Heat Wave|p2a: Milotic|[spread] p2a,p2b\n|-resisted|p2a: Milotic|1\n|-resisted|p2b: Talonflame|1\n|-damage|p2a: Milotic|76/100\n|-damage|p2b: Talonflame|44/100\n|\n|-weather|SunnyDay|[upkeep]\n|-heal|p2a: Milotic|82/100|[from] item: Leftovers\n|upkeep\n|turn|3\n|\n|t:|1776335737\n|switch|p1b: Garchomp|Garchomp, L50, F, shiny|100/100\n|switch|p2a: Froslass|Froslass-Mega, L50, F, shiny|100/100\n|-weather|Snowscape|[from] ability: Snow Warning|[of] p2a: Froslass\n|move|p1a: Aerodactyl|Rock Slide|p2b: Talonflame|[spread] p2a,p2b\n|-supereffective|p2a: Froslass|1\n|-supereffective|p2b: Talonflame|2\n|-damage|p2a: Froslass|39/100\n|-damage|p2b: Talonflame|0 fnt\n|faint|p2b: Talonflame\n|\n|-weather|Snowscape|[upkeep]\n|upkeep\n|\n|t:|1776335762\n|switch|p2b: Toxicroak|Toxicroak, L50, M, shiny|100/100\n|turn|4\n|\n|t:|1776335774\n|switch|p2a: Milotic|Milotic, L50, F, shiny|82/100\n|move|p1a: Aerodactyl|Protect|p1a: Aerodactyl\n|-singleturn|p1a: Aerodactyl|Protect\n|move|p1b: Garchomp|Protect|p1b: Garchomp\n|-singleturn|p1b: Garchomp|Protect\n|move|p2b: Toxicroak|Fake Out|p1b: Garchomp\n|-activate|p1b: Garchomp|move: Protect\n|\n|-weather|Snowscape|[upkeep]\n|-heal|p2a: Milotic|88/100|[from] item: Leftovers\n|upkeep\n|turn|5\n|\n|t:|1776335790\n|move|p1a: Aerodactyl|Dual Wingbeat|p2a: Milotic\n|-damage|p2a: Milotic|65/100\n|-damage|p2a: Milotic|43/100\n|-hitcount|p2a: Milotic|2\n|move|p1b: Garchomp|Earthquake|p2b: Toxicroak|[spread] p2a,p2b\n|-immune|p1a: Aerodactyl\n|-supereffective|p2b: Toxicroak|1\n|-damage|p2a: Milotic|0 fnt\n|-damage|p2b: Toxicroak|0 fnt\n|faint|p2a: Milotic\n|faint|p2b: Toxicroak\n|\n|-weather|Snowscape|[upkeep]\n|-sideend|p1: NathanaelW19|move: Tailwind\n|upkeep\n|-message|96VAAN forfeited.\n|\n|win|NathanaelW19\n|raw|NathanaelW19's rating: 1188 &rarr; <strong>1208</strong><br />(+20 for winning)\n|raw|96VAAN's rating: 1121 &rarr; <strong>1101</strong><br />(-20 for losing)\n|l|\u260696VAAN\n|player|p2|\n",
  "uploadtime": 1776335809,
  "views": 19,
  "formatid": "gen9championsvgc2026regma",
  "rating": 1101,
  "private": 0,
  "password": null
}