{
  "id": "gen9championsvgc2026regma-2585196555",
  "format": "[Gen 9 Champions] VGC 2026 Reg M-A",
  "players": [
    "Gulptubus",
    "thebaskets"
  ],
  "log": "|j|\u2606Gulptubus\n|j|\u2606thebaskets\n|t:|1776323742\n|gametype|doubles\n|player|p1|Gulptubus|pokemonranger-gen4|1045\n|player|p2|thebaskets|parasollady|1052\n|gen|9\n|tier|[Gen 9 Champions] VGC 2026 Reg M-A\n|rated|\n|rule|Species Clause: Limit one of each Pok\u00e9mon\n|rule|Item Clause: Limit 1 of each item\n|clearpoke\n|poke|p1|Tyranitar, L50, F|\n|poke|p1|Aerodactyl, L50, M|\n|poke|p1|Garchomp, L50, F|\n|poke|p1|Incineroar, L50, M|\n|poke|p1|Sinistcha, L50|\n|poke|p1|Chimecho, L50, M|\n|poke|p2|Sneasler, L50, F|\n|poke|p2|Blastoise, L50, F|\n|poke|p2|Sinistcha, L50|\n|poke|p2|Hydreigon, L50, M|\n|poke|p2|Clefable, L50, F|\n|poke|p2|Pelipper, L50, F|\n|teampreview|4\n|\n|t:|1776323797\n|teamsize|p1|4\n|teamsize|p2|4\n|start\n|switch|p1a: Incineroar|Incineroar, L50, M|100/100\n|switch|p1b: Aerodactyl|Aerodactyl, L50, M|100/100\n|switch|p2a: Blastoise|Blastoise, L50, F|100/100\n|switch|p2b: Clefable|Clefable, L50, F|100/100\n|-ability|p1b: Aerodactyl|Unnerve\n|-ability|p1a: Incineroar|Intimidate|boost\n|-unboost|p2a: Blastoise|atk|1\n|-unboost|p2b: Clefable|atk|1\n|turn|1\n|\n|t:|1776323820\n|detailschange|p2a: Blastoise|Blastoise-Mega, L50, F\n|-mega|p2a: Blastoise|Blastoise|Blastoisinite\n|move|p2b: Clefable|Follow Me|p2b: Clefable\n|-singleturn|p2b: Clefable|move: Follow Me\n|move|p1b: Aerodactyl|Tailwind|p1b: Aerodactyl\n|-sidestart|p1: Gulptubus|move: Tailwind\n|move|p1a: Incineroar|Taunt|p2b: Clefable\n|-start|p2b: Clefable|move: Taunt\n|move|p2a: Blastoise|Shell Smash|p2a: Blastoise\n|-unboost|p2a: Blastoise|def|1\n|-unboost|p2a: Blastoise|spd|1\n|-boost|p2a: Blastoise|atk|2\n|-boost|p2a: Blastoise|spa|2\n|-boost|p2a: Blastoise|spe|2\n|\n|upkeep\n|turn|2\n|\n|t:|1776323843\n|switch|p2b: Pelipper|Pelipper, L50, F|100/100\n|-weather|RainDance|[from] ability: Drizzle|[of] p2b: Pelipper\n|move|p1b: Aerodactyl|Rock Slide|p2a: Blastoise|[spread] p2a,p2b\n|-supereffective|p2b: Pelipper|1\n|-damage|p2a: Blastoise|61/100\n|-damage|p2b: Pelipper|47/100\n|move|p2a: Blastoise|Water Spout|p1b: Aerodactyl|[spread] p1a,p1b\n|-supereffective|p1a: Incineroar|1\n|-supereffective|p1b: Aerodactyl|1\n|-damage|p1a: Incineroar|0 fnt\n|-enditem|p1b: Aerodactyl|Focus Sash\n|-damage|p1b: Aerodactyl|1/100\n|faint|p1a: Incineroar\n|\n|-weather|RainDance|[upkeep]\n|upkeep\n|\n|t:|1776323854\n|switch|p1a: Tyranitar|Tyranitar, L50, F|100/100\n|-weather|Sandstorm|[from] ability: Sand Stream|[of] p1a: Tyranitar\n|turn|3\n|\n|t:|1776323874\n|move|p2a: Blastoise|Protect|p2a: Blastoise\n|-singleturn|p2a: Blastoise|Protect\n|move|p1b: Aerodactyl|Rock Slide|p2b: Pelipper|[spread] p2b\n|-activate|p2a: Blastoise|move: Protect\n|-supereffective|p2b: Pelipper|1\n|-damage|p2b: Pelipper|0 fnt\n|faint|p2b: Pelipper\n|move|p1a: Tyranitar|Rock Slide|p2a: Blastoise\n|-activate|p2a: Blastoise|move: Protect\n|\n|-weather|Sandstorm|[upkeep]\n|-damage|p2a: Blastoise|55/100|[from] Sandstorm\n|upkeep\n|\n|t:|1776323891\n|switch|p2b: Clefable|Clefable, L50, F|100/100\n|turn|4\n|\n|t:|1776323912\n|detailschange|p1a: Tyranitar|Tyranitar-Mega, L50, F\n|-mega|p1a: Tyranitar|Tyranitar|Tyranitarite\n|move|p1b: Aerodactyl|Rock Slide|p2a: Blastoise|[spread] p2a,p2b\n|-damage|p2a: Blastoise|15/100\n|-damage|p2b: Clefable|72/100\n|move|p2a: Blastoise|Water Spout|p1a: Tyranitar|[spread] p1a,p1b\n|-supereffective|p1a: Tyranitar|1\n|-supereffective|p1b: Aerodactyl|1\n|-damage|p1a: Tyranitar|82/100\n|-damage|p1b: Aerodactyl|0 fnt\n|faint|p1b: Aerodactyl\n|move|p1a: Tyranitar|Rock Slide|p2a: Blastoise|[spread] p2a,p2b\n|-damage|p2a: Blastoise|0 fnt\n|-damage|p2b: Clefable|28/100\n|faint|p2a: Blastoise\n|cant|p2b: Clefable|flinch\n|\n|-weather|Sandstorm|[upkeep]\n|-heal|p2b: Clefable|34/100|[from] item: Leftovers\n|-sideend|p1: Gulptubus|move: Tailwind\n|upkeep\n|\n|t:|1776323931\n|switch|p1b: Sinistcha|Sinistcha, L50|100/100\n|switch|p2a: Hydreigon|Hydreigon, L50, M|100/100\n|-heal|p1a: Tyranitar|100/100|[from] ability: Hospitality|[of] p1b: Sinistcha\n|turn|5\n|\n|t:|1776323966\n|move|p1b: Sinistcha|Rage Powder|p1b: Sinistcha\n|-singleturn|p1b: Sinistcha|move: Rage Powder\n|move|p2a: Hydreigon|Dark Pulse|p1b: Sinistcha\n|-supereffective|p1b: Sinistcha|1\n|-damage|p1b: Sinistcha|20/100\n|move|p1a: Tyranitar|Rock Slide|p2a: Hydreigon|[spread] p2a,p2b\n|-damage|p2a: Hydreigon|58/100\n|-damage|p2b: Clefable|0 fnt\n|faint|p2b: Clefable\n|\n|-weather|Sandstorm|[upkeep]\n|-damage|p2a: Hydreigon|52/100|[from] Sandstorm\n|-damage|p1b: Sinistcha|13/100|[from] Sandstorm\n|-heal|p1b: Sinistcha|20/100|[from] item: Leftovers\n|upkeep\n|turn|6\n|\n|t:|1776323983\n|move|p1b: Sinistcha|Protect|p1b: Sinistcha\n|-singleturn|p1b: Sinistcha|Protect\n|move|p2a: Hydreigon|Dark Pulse|p1b: Sinistcha\n|-activate|p1b: Sinistcha|move: Protect\n|move|p1a: Tyranitar|Knock Off|p2a: Hydreigon\n|-resisted|p2a: Hydreigon|1\n|-damage|p2a: Hydreigon|14/100\n|-enditem|p2a: Hydreigon|Choice Scarf|[from] move: Knock Off|[of] p1a: Tyranitar\n|\n|-weather|Sandstorm|[upkeep]\n|-damage|p2a: Hydreigon|8/100|[from] Sandstorm\n|-damage|p1b: Sinistcha|13/100|[from] Sandstorm\n|-heal|p1b: Sinistcha|20/100|[from] item: Leftovers\n|upkeep\n|turn|7\n|\n|t:|1776324000\n|move|p1b: Sinistcha|Rage Powder|p1b: Sinistcha\n|-singleturn|p1b: Sinistcha|move: Rage Powder\n|move|p2a: Hydreigon|Draco Meteor|p1b: Sinistcha\n|-damage|p1b: Sinistcha|0 fnt\n|-unboost|p2a: Hydreigon|spa|2\n|faint|p1b: Sinistcha\n|move|p1a: Tyranitar|Low Kick|p2a: Hydreigon\n|-supereffective|p2a: Hydreigon|1\n|-damage|p2a: Hydreigon|0 fnt\n|faint|p2a: Hydreigon\n|\n|win|Gulptubus\n|raw|Gulptubus's rating: 1045 &rarr; <strong>1079</strong><br />(+34 for winning)\n|raw|thebaskets's rating: 1052 &rarr; <strong>1034</strong><br />(-18 for losing)\n",
  "uploadtime": 1776324010,
  "views": 24,
  "formatid": "gen9championsvgc2026regma",
  "rating": 1034,
  "private": 0,
  "password": null
}